3956 6340
484 446 2615 456 mnu—1m.

1323 874 1550 962 ΤΟΥ
1611 873 2207 983 ΠΑΜΦΙΛΟΥ

214 1019 1435 1208 ’ΥΠΟΜΝΗΜΑΤΑ
1519 1072 1776 1200 ΕΙΣ

1756 1073 1780 1199 ἰ
1872 1068 2325 1204 ΤΟΥΣ
2397 1072 3318 1212 ΨΑΛΜΟΥΣ.¹

490 1507 1531 1834 EUSEBII
1719 1455 3030 1719 PAMPHILI

879 1851 1700 2024 COMENTARIA
1805 1865 1936 2020 ΙΝ
2047 1863 2614 2026 PSALMOS.

165 2137 252 2200 Ex
290 2154 436 2198 mss.
467 2137 788 2200 codicibus
835 2145 1035 2208 eruta,
1077 2135 1300 2197 Latine
1326 2152 1529 2216 versa,
1568 2152 1640 2196 ac
1666 2133 2226 2216 _ﬂ0ii8_illb_t.9lra{a,
2258 2134 2468 2198 studio
2507 2145 2564 2197 et
2595 2155 2785 2216 opera
2814 2139 2891 2198 Β.
2933 2139 3242 2203 Bernardi
3271 2144 3365 2204 Dn

263 2219 733 2292 Monnwcou,
765 2217 1118 2296 presbyteri
1155 2224 1213 2275 et
1241 2215 1538 2277 monachi.
1567 2213 1812 2276 ordinis
1845 2213 1910 2276 S.
1956 2213 2303 2290 Benedicti,
2335 2234 2364 2277 e
2395 2213 2870 2296 congregatione
2895 2219 2960 2280 S.
3001 2221 3240 2283 Mauri.

200 424 251 430 -4
284 419 357 427 ,.-
402 419 415 425 ο
486 418 639 427 __....-.
696 421 713 425 φ
858 420 921 426 Γ.
986 412 1080 425 <-
1112 420 1153 423 μΑ
1195 420 1211 424 κ
1276 421 1285 424 -
1330 419 1345 424 ν-
1518 414 1793 429 .ηκ-..--ιλ
1845 413 1949 426 -..
1979 422 2142 427 ...ν-κα
2212 422 2231 426 ν.
2310 422 2615 431 γᾼ-.--.λ.-η.
2651 418 2656 422 ι
2785 422 2875 431 --.κ
2924 424 3037 431 .---..,
3078 429 3107 433 -,
3180 429 3200 435 _.
3263 431 3271 435 ,

194 448 405 457 ,φώρ-..Α
426 446 657 454 .ή».....ν--
685 446 2064 456 ..ὡ-..γνήντνκ-..κ-ΨΉ--νψ
2092 448 2369 456 -κ-,σσ--σ
2395 449 2579 456 -,.-ημτ-.-
2606 449 2675 456 ην...
2716 447 2835 457 αν...
2894 452 2942 458 ...η
3120 452 3131 459 _
3317 455 3329 461 ι

687 2378 932 2445 (Cotlectio
951 2391 1072 2430 nova
1092 2380 1298 2430 Patrum
1327 2385 1372 2429 et
1391 2375 1680 2441 scriptorum
1701 2377 1994 2438 amcorum,
2021 2376 2239 2438 Parisiis,
2268 2377 2406 2440 1707,
2430 2377 2612 2440 in-fol.,
2638 2386 2753 2430 tom.
2789 2381 2852 2446 ι.)

1735 2578 1806 2592 ρ,

837 2660 1390 2725 CLEMENTI
1456 2663 1566 2723 XI
1613 2661 2174 2728 PONTIFICI
2226 2663 2658 2730 MAXIMO.

227 2787 371 2847 Cum
402 2801 527 2862 per
554 2783 892 2844 Romanum
921 2781 1114 2842 otium
1142 2779 1450 2858 colloquio
1481 2797 1608 2841 non
1633 2781 1818 2842 semel
1837 2778 2136 2860 dignatus
2160 2791 2292 2855 tuo,
2315 2783 2716 2846 Sanctissime
2745 2790 2970 2866 Pater,
3002 2758 3360 2866 Graecarum

159 2904 292 2966 quas
318 2880 604 2967 apprime
643 2883 850 2954 calles,
881 2880 1363 2960 disciplinarum
1383 2883 1718 2942 maximam
1745 2881 1813 2942 in
1842 2891 1898 2942 te
1929 2899 2144 2942 curam
2172 2883 2736 2960 animadverterim,
2756 2884 2759 2885 ⁷
2782 2910 2852 2952 ea
2883 2897 3035 2957 mihi
3077 2917 3214 2958 cum
3243 2861 3358 2960 s‘ti-

161 2988 338 3048 mulos
379 2985 650 3059 addidit,
681 2995 754 3047 ut
775 2989 912 3067 jam
951 2983 1164 3046 multis
1207 2985 1391 3045 annis
1439 2985 1669 3046 initum
1701 2983 2060 3046 Graecarum
2103 2986 2432 3048 Musarum
2473 2993 2861 3054 curriculum
2900 3014 3355 3078 prosequerer.-

165 3098 274 3149 tum
298 3092 539 3151 animos
571 3089 742 3169 fecit,
770 3093 839 3148 ut
865 3082 1544 3147 hasee'lucubrationes
1570 3101 1734 3143 meas
1753 3083 2102 3177 'Sanctitati
2142 3087 2287 3146 Tuae
2318 3105 2765 3168 nuncuparem.
2792 3093 2908 3154 Est
2937 3098 3165 3177 quippe
3196 3100 3358 3162 illud

163 3192 232 3252 iis
261 3193 362 3269 qui
404 3199 684 3252 veterum
710 3191 1119 3250 monumentis
1154 3184 1440 3265 emendis
1469 3197 1706 3248 aetatem
1736 3176 2091 3258 conterunt,
2124 3205 2234 3248 nec
2269 3187 2576 3250 modicum
2603 3184 2684 3252 ad
2726 3212 2976 3272 operam
3013 3176 3357 3262 navandum

163 3291 630 3364 incitamentum,
661 3309 799 3351 cum
829 3291 878 3351 ii
907 3291 1015 3368 qui
1044 3289 1351 3366 dignitate
1381 3296 1438 3348 et
1466 3286 1877 3368 amplitudine
1913 3288 2152 3369 caeteris
2172 3298 2503 3367 prastant,
2551 3310 2766 3370 parem
2817 3295 2884 3355 in
2927 3315 2995 3356 re
3041 3297 3354 3364 litteraria

162 3391 401 3470 gradum
443 3401 637 3470 gustu
667 3400 724 3451 et
746 3392 986 3468 peritia
1019 3408 1229 3449 rerum
1257 3390 1527 3450 assecuti
1567 3397 1736 3450 sunt.
1772 3387 1926 3451 Cum
1964 3399 2193 3462 autem,
2226 3390 2628 3454 Sanctissime
2657 3393 2886 3469 Pater,
2923 3399 3018 3458 rei
3067 3402 3353 3464 ecclesia-

162 3493 526 3571 sticajuxta
554 3509 625 3550 ac
655 3491 982 3551 litterariae
996 3487 1203 3569 judeo:
1230 3489 1583 3567 arbiterque
1629 3487 1864 3561 sedeas,
1897 3507 2161 3567 quorum
2200 3488 2377 3550 aliud
2407 3491 2525 3552 tibi
2571 3510 2808 3552 summa
2847 3497 3050 3556 virtus
3083 3503 3353 3562 omnium

163 3593 477 3672 conjuncta
504 3591 664 3650 votis
697 3588 942 3662 detulit,
969 3587 1146 3649 aliud
1185 3589 1416 3650 eximia
1442 3589 1926 3667 disciplinarum
1958 3589 2229 3649 omnium
2257 3589 2488 3650 notitia
2519 3609 2647 3650 una
2670 3593 3070 3663 conciliavit:
3100 3601 3203 3660 cui
3217 3619 3342 3679 po-

163 3695 271 3754 tius
299 3691 510 3753 labore
541 3700 598 3750 et
626 3687 851 3750 sudore
880 3696 1098 3788 nostqo
1123 3695 1316 3767 parta
1345 3687 1700 3760 offeramus,
1733 3704 1916 3762 quam
1949 3689 2004 3748 ei
2033 3689 2141 3766 qui
2161 3707 2288 3749 non
2315 3689 2666 3752 eruditione
2693 3693 2896 3755 minus
2928 3713 3108 3776 quam
3136 3698 3348 3780 digni-

164 3803 268 3853 tate
295 3792 536 3855 ceeteris
571 3790 951 3853 antecellat?

223 3894 478 3958 Eusebii
517 3895 721 3974 itaque
754 3894 959 3954 nostri
992 3891 1445 3956 Commentaria
1473 3895 1542 3954 in
1591 3893 1860 3972 psalmos
1893 3893 2233 3956 Sanctitati
2269 3897 2414 3957 Tua:
2443 3894 2747 3960 sistimus.
2782 3895 2952 3977 Opus
2995 3919 3140 3961 sane
3183 3921 3354 3982 egre-

159 3999 331 4076 gium,
379 3998 440 4056 si
478 3996 826 4074 Scriptura:
855 4012 1048 4056 sacra
1077 3995 1390 4066 notitiam,
1421 4003 1698 4054 veterum
1732 3994 2149 4074 interpretum
2176 3997 2492 4076 copiosam
2527 3998 2998 4076 supellectilem,
3036 4001 3246 4064 doctas
3276 4005 3352 4064 da

147 4097 441 4176 .cujusque
463 4097 697 4178 psalmi
726 4105 981 4156 auctore
1014 4105 1071 4155 et
1101 4105 1373 4175 tempore
1404 4095 1865 4160 observationes
1895 4099 2298 4176 spectaveris.
2333 4083 2474 4160 Huc
2498 4100 2801 4160 accedunt
2829 4102 3177 4182 frequentes
3206 4124 3352 4165 con-

163 4207 248 4257 tra
274 4200 484 4261 atheos
513 4217 584 4258 ac
613 4197 839 4274 impios
868 4198 1284 4264 velitationes,
1324 4216 1395 4258 ac
1445 4196 1517 4257 de
1561 4194 1956 4258 Psalmorum
2001 4200 2328 4272 sententia,
2365 4209 2494 4260 tum
2541 4197 2829 4270 litterali,
2884 4210 3012 4260 tum
3043 4212 3349 4280 mystago—

161 4299 281 4374 gica
306 4296 794 4359 accuratissima
825 4294 1277 4370 meditationes,
1307 4305 1364 4356 et
1398 4297 1529 4358 alia
1558 4295 1755 4356 multa
1800 4297 1974 4374 queis
2006 4292 2295 4358 rudiores
2326 4299 2516 4359 animi
2546 4296 2628 4357 ad
2662 4298 2957 4374 pietatem
2979 4343 2994 4370 ,
3025 4302 3352 4379 perfectio-

160 4415 245 4459 res
269 4410 492 4471 autem,
522 4396 602 4458 ad
633 4396 950 4458 sublimem
977 4396 1324 4474 Scriptura:
1353 4415 1545 4457 sacra:
1574 4399 1867 4458 notitiam
1894 4396 2230 4477 informari
2255 4398 2476 4464 solent.
2503 4397 2644 4456 Haec
2671 4413 2749 4454 ea:
2776 4394 3082 4457 diuturna
3117 4408 3344 4460 tracta-

162 4503 307 4562 tione
358 4499 724 4572 Eusebius,
771 4498 1087 4577 Pamphili
1129 4498 1428 4575 martyris
1475 4498 1954 4577 Scripturarum
2022 4497 2424 4558 scientissimi
2473 4496 2880 4558 contubernio
2933 4497 3339 4573 nobilitatus,

159 4601 424 4680 apprime
449 4598 686 4670 calluit,
720 4599 843 4660 haec
874 4599 1047 4655 docte
1077 4594 1376 4658 disseruit
1408 4604 1466 4656 et
1495 4599 1897 4676 explanavit;
1933 4595 2097 4654 unde
2125 4598 2343 4656 merito
2377 4613 2521 4655 sane
2549 4596 2969 4676 Hieronymus
2998 4597 3350 4660 eruditissi-

158 4721 270 4780 mos
314 4706 494 4767 hosce
536 4704 1018 4767 Commentarios
1069 4695 1195 4758 esse
1238 4702 1639 4776 pronuntiat.
1674 4699 1953 4774 Quorum
1988 4709 2160 4761 tanta
2203 4699 2329 4777 fuit
2355 4697 2526 4776 apud
2567 4708 2801 4760 veteres
2841 4703 3243 4773 existimatio,
3276 4713 3345 4763 ut

157 4803 559 4870 Occidentalis
610 4807 907 4869 Ecclesia:
950 4806 1155 4864 lumen
1199 4801 1361 4864 illud
1391 4803 1698 4864 Eusebius
1742 4804 2143 4865 Vercellensis
2188 4803 2255 4861 in
2285 4801 2656 4863 Latinorum
2698 4823 2876 4864 usum
2922 4813 3115 4864 totum
3164 4822 3342 4884 opus,

155 4903 438 4970 submotis
471 4917 672 4974 tamen
716 4910 797 4970 iis
828 4925 958 4986 qua;
996 4904 1419 4965 Ariunismum
1464 4904 1722 4976 olerent,
1773 4903 1991 4970 Latine
2025 4904 2266 4982 fecerit.
2320 4903 2522 4984 Hujus
2558 4921 2668 4964 nos
2731 4901 3114 4982 diligentiam
3165 4923 3342 4964 (enm-

159 5004 356 5082 lantes,
390 5027 490 5084 ne,
521 5007 772 5090 jamdiu
821 5010 981 5071 tanti
1011 5007 1136 5068 viri
1181 5007 1698 5083 interpretatione
1730 5007 1976 5068 amissa.
2010 5015 2230 5064 nostra
2261 5015 2406 5065 tetas
2435 5007 2548 5068 hoc
2592 5007 2827 5085 insigni
2871 5022 3052 5084 opere
3097 5005 3336 5077 orbata,

157 5109 422 5181 sagnitiei
448 5109 625 5170 nobis
656 5120 864 5171 notam
892 5111 1197 5178 inureret,
1239 5123 1316 5166 ea:
1345 5105 1736 5167 bibliothecis
1773 5116 2018 5165 erutum
2050 5113 2106 5164 et
2133 5104 2353 5166 Latine
2382 5111 2626 5167 versum
2661 5105 3074 5185 publicamus,
3107 5103 3339 5183 tibique

158 5204 481 5281 offerimus,
514 5221 586 5272 ut
616 5214 766 5284 tuis,
792 5211 1192 5273 Sanctissime
1221 5208 1437 5277 Pater,
1473 5208 1778 5285 auspiciis
1809 5206 2056 5284 felicius
2088 5207 2156 5266 in
2187 5207 2383 5266 lucem
2417 5205 2701 5286 prodeat,
2733 5214 2906 5283 teque
2945 5201 3094 5262 duce
3121 5203 3338 5281 faciles

157 5302 260 5364 sibi
285 5318 464 5384 paret
491 5309 571 5370 ad
599 5310 1042 5390 rempublicam
1072 5307 1443 5371 litterariam
1469 5305 1702 5368 aditus.
1856 5313 1863 5319 ’

226 5409 438 5470 Verum
481 5429 607 5470 non
653 5412 919 5492 perinde
952 5397 1300 5474 laudandus
1329 5411 1590 5473 Eusebii
1611 5420 1878 5496 conatus
1909 5413 2246 5471 Sanctitati
2286 5413 2427 5471 Tua:
2457 5410 2764 5483 videatur,
2797 5409 2853 5469 si
2879 5405 2959 5466 ad
2988 5404 3330 5468 doctrinair

155 5503 216 5566 (ἕο
245 5507 569 5584 Trinitate,
607 5513 663 5575 si
705 5513 786 5573 ad
828 5515 1110 5576 vitiatam
1153 5513 1225 5576 de
1289 5513 1472 5574 Verbo
1513 5515 1628 5575 Dei
1675 5513 2039 5573 sententiam
2074 5513 2734 5574 animum'attenderis.
2768 5512 2881 5571 Est
2913 5510 3074 5570 enim
3103 5527 3337 5581 eorum,

157 5607 455 5688 qui‘nimis
478 5617 724 5694 ingenio
756 5616 1174 5700 doctrinaque
1195 5638 1322 5680 sua:
1340 5616 1563 5698 ﬁdunt,
1587 5626 1933 5697 perpetuus
1963 5617 2070 5676 ille
2103 5615 2421 5696 scopulus,
2451 5625 2519 5675 ut
2547 5631 2684 5676 cum
2714 5632 2824 5673 suo
2853 5622 3047 5674 marte
3079 5613 3340 5691 religio-

157 5713 238 5778 nis
283 5717 488 5797 capita
533 5715 787 5796 deﬁnire
816 5717 1109 5787 audeant.
1163 5741 1202 5781 a
1250 5739 1408 5782 vera:
1459 5718 1605 5798 ﬁdei
1645 5719 1891 5780 tramite
1932 5719 2171 5796 passim
2204 5716 2513 5779 aberrent.
2562 5717 2808 5777 Possem
2853 5715 3330 5778 innumerabiles

451 5819 720 5879 Pmon.
754 5819 867 5879 (in.
926 5815 1162 5886 xxm.
2910 5819 2939 5879 1
