3956 6340
632 405 693 477 il
1292 425 1557 483 EUSEBll
1593 421 2069 482 CJLSARIENSIS
2106 421 2255 513 OPP.
2298 420 2477 477 PARS
2515 420 2603 477 ΙΙΙ.
2645 450 2719 464 -
2752 422 3157 482 EXEGETICA.
3768 424 3839 480 1?.

628 532 943 622 proferre,
983 548 1089 624 qui
1126 564 1283 606 nova
1313 556 1549 608 tentata
1578 549 1709 627 ejus
1743 542 2150 623 explananda
2177 542 2300 612 via,
2330 542 2732 620 naufragium
2758 542 3039 621 fecerunt
3057 564 3075 610 ;
3107 560 3319 603 verum
3344 560 3506 604 unus
3538 548 3664 601 esto
3693 541 3837 602 Eu-

627 647 836 708 sebius
866 649 1020 709 satis
1051 671 1070 709 :
1102 650 1156 710 is
1190 652 1258 712 in
1292 650 1637 729 exemplum
1685 649 1933 709 cunctis
1971 645 2295 725 offeratur.
2338 643 2494 706 Nam
2532 646 2589 705 si
2636 646 2737 705 vir
2768 642 2875 705 ille
2909 654 3142 717 tantus,
3186 654 3276 708 tot
3320 644 3676 726 disciplinis
3708 663 3830 707 eat-

626 748 858 819 cultus,
895 749 1004 811 ubi
1046 768 1175 810 sese
1221 751 1483 829 ﬁdenter
1521 767 1844 810 sacrorum
1874 748 2275 825 interpretem
2314 746 2641 823 prtestitit,
2682 752 2922 805 tantum
2952 764 2990 804 a
3034 763 3191 806 verae
3234 747 3495 824 pietatis
3525 748 3840 808 sententia

625 846 976 927 deﬂexerit,
1008 849 1157 929 quid
1182 852 1325 913 aliis
1349 847 1746 929 sperandum,
1776 850 1884 927 qui
1921 866 2048 908 non
2072 846 2339 926 paribus
2370 845 2607 922 ingenii
2637 845 3048 924 doctrinaque
3082 845 3329 908 dotibus
3357 849 3677 920 instructi,
3707 867 3837 927 pa-

626 966 755 1008 rem
782 961 979 1012 tamen
1007 953 1201 1013 aleam
1231 954 1441 1015 subire
1472 972 1599 1013 non
1618 960 1955 1012 vereantur
1979 951 2007 1009 ?
2038 950 2192 1021 Una,
2218 966 2345 1007 una
2376 956 2465 1006 est
2493 964 2648 1006 verte
2674 945 2820 1025 ﬁdei
2840 948 3135 1019 anchora,
3169 942 3406 1007 statuta
3430 948 3671 1009 scilicet
3702 947 3838 1007 Ec-

626 1049 825 1110 clesiae
856 1049 1091 1133 :‘hujus
1147 1061 1238 1125 tu,
1271 1054 1508 1113 Summe
1544 1051 1864 1130 Pontifex,
1898 1032 2108 1127 caput,
2132 1048 2518 1124 .antistesque
2568 1063 2912 1117 sacrorum,
2948 1046 3052 1106 cui
3082 1044 3415 1123 religionis
3431 1047 3595 1126 jura
3626 1043 3841 1105 dicere

623 1154 692 1211 in
721 1151 925 1229 officio
955 1162 1066 1215 est.
1102 1154 1189 1214 Ab
1219 1156 1329 1215 hac
1367 1172 1512 1213 vero
1557 1170 1775 1212 norma
1823 1151 2102 1229 quisquis
2132 1148 2540 1219 aberraverit,
2573 1148 2717 1208 huic
2760 1154 3039 1208 extrema
3074 1152 3131 1207 et
3167 1155 3337 1206 certa
3386 1147 3701 1225 pernicies
3744 1154 3841 1207 est

620 1251 1129 1329 pertimescenda.

697 1351 949 1412 Accedit
990 1353 1191 1430 igitur
1224 1351 1302 1412 ad
1328 1352 1512 1431 pedes
1539 1352 1904 1413 Sanctitatis
1940 1352 2088 1411 Tute
2127 1348 2437 1409 Eusebius
2468 1348 2572 1408 ille
2605 1347 2938 1426 Pamphili,
2972 1357 3041 1409 ut
3072 1348 3203 1428 ejus
3231 1353 3305 1415 de
3353 1350 3542 1411 Verbo
3572 1347 3686 1442 Dei
3718 1352 3834 1407 do-

618 1455 846 1525 ctrina,
885 1469 1064 1531 quam
1095 1472 1230 1521 cum
1268 1473 1347 1514 ea?
1382 1457 1828 1534 pestiferorum
1870 1454 2185 1516 hominum
2216 1450 2468 1528 afﬂatu,
2501 1459 2629 1507 tum
2667 1466 2744 1508 ea:
2792 1449 3032 1525 ingenii
3070 1450 3172 1512 sui
3218 1450 3484 1512 arbitrio
3526 1450 3830 1533 protulit,

610 1551 917 1631 judicium
958 1552 1175 1613 subeat
1230 1561 1421 1613 tuum.
1464 1555 1679 1613 lterum
1725 1551 1952 1613 talibus
1999 1556 2260 1610 onustus
2301 1547 2606 1609 mercibus
2636 1549 2748 1609 via:
2792 1555 3185 1628 conspectum
3226 1549 3405 1613 illum
3452 1552 3670 1629 ferret,
3703 1550 3827 1610 via:

618 1653 787 1713 illam
835 1653 1155 1715 oculorum
1203 1656 1448 1732 orisque
1497 1653 1861 1731 dignitatem
1903 1652 2290 1722 sustineret,
2350 1651 2477 1710 nisi
2516 1650 3045 1728 permistamalis
3088 1650 3247 1711 bona
3290 1652 3658 1722 innumera,
3692 1649 3831 1711 nisi

632 1751 809 1811 nulta
840 1752 1115 1832 offerret,
1148 1770 1279 1830 qua:
1296 1753 1533 1831 passim
1563 1754 1629 1812 in
1659 1769 1845 1830 opere
1874 1748 2125 1827 decerpi
2149 1750 2400 1826 possint
2432 1749 2877 1809 emolumenta:
2907 1758 2975 1809 ut
3006 1751 3117 1811 hac
3149 1751 3216 1811 in
3242 1768 3309 1809 re
3336 1748 3513 1810 nobis
3566 1748 3833 1810 Eusebii

620 1851 1002 1930 diligentiam
1046 1851 1309 1911 laudare
1346 1853 1547 1924 liceat,
1580 1852 1636 1910 si
1663 1853 1864 1911 minus
1901 1851 2088 1910 liceat
2128 1851 2193 1909 in
2225 1848 2368 1909 aliis
2399 1847 2699 1910 doctrinae
2731 1850 3169 1910 sinceritatem.
3201 1849 3329 1911 Nos
3366 1867 3530 1922 vero,
3559 1848 3671 1908 etsi
3696 1866 3827 1928 pro

614 1969 783 2011 more
813 1960 1030 2011 nostro
1059 1951 1181 2011 haec
1212 1948 1292 2025 ad
1323 1949 1602 2010 codicum
1630 1947 1829 2027 ﬁdem,
1856 1946 1958 2008 'uti
1991 1965 2052 2005 se
2095 1946 2345 2018 dabant,
2372 1933 2631 2024 publica
2658 1947 3008 2027 fecerimus,
3049 1948 3308 2008 Eusebii
3341 1955 3540 2005 tamen
3575 1947 3819 2008 Vercel-

615 2047 803 2109 lensis
835 2050 1180 2110 cautionem
1216 2048 1344 2108 alia
1384 2048 1668 2108 cautione
1704 2063 2036 2125 pensamus
2063 2065 2082 2103 :
2106 2047 2172 2106 in
2196 2045 2732 2123 prteliminaribus
2763 2048 3015 2126 quippe,
3056 2046 3315 2107 Eusebii
3349 2044 3420 2106 de
3464 2046 3653 2106 Verbo
3698 2046 3821 2106 Dei

613 2150 987 2228 opinionem,
1020 2167 1145 2209 non
1184 2167 1261 2209 ea:
1296 2149 1393 2211 his
1436 2146 1610 2207 modo
1659 2132 2169 2219 Commentariis,
2220 2148 2325 2207 sed
2357 2166 2437 2208 ea:
2480 2148 2625 2208 aliis
2670 2150 2815 2207 item
2857 2147 3114 2227 scriptis
3157 2143 3424 2227 ejusdem
3469 2148 3819 2223 aperimus,

612 2248 1006 2327 confutamus
1036 2268 1054 2307 :
1084 2265 1155 2307 ac
1184 2264 1260 2306 ne
1301 2246 1529 2306 malum
1563 2245 1824 2305 occultis
1856 2243 2116 2304 subinde
2147 2246 2353 2306 verbis
2393 2245 2749 2306 obvolutum
2780 2245 2968 2306 latius
3010 2254 3243 2324 serpat,
3276 2264 3314 2304 a
3341 2244 3562 2324 quibus
3598 2263 3828 2307 caven-

609 2348 754 2409 dum
777 2349 861 2409 sit
890 2347 1258 2419 indicamus,
1292 2357 1349 2408 et
1371 2355 1737 2425 argumenta
1766 2355 1986 2406 contra
2016 2332 2195 2423 ﬁdem
2226 2347 2431 2408 oblata
2462 2354 2584 2426 pro
2615 2348 2791 2408 virili
2823 2345 3216 2426 depellimus.

688 2453 854 2514 Huic
903 2461 1136 2512 nostris
1195 2468 1419 2529 operte,
1463 2450 1862 2510 Sanctissime
1892 2449 2103 2523 Pater,
2136 2451 2193 2510 si
2238 2449 2543 2510 calculum
2588 2449 2925 2524 addideris,
2967 2451 3024 2512 si
3065 2452 3188 2512 haec
3229 2449 3433 2512 studio
3459 2450 3822 2530 vigiliisque

608 2553 843 2632 nostris
874 2560 1067 2631 parta
1098 2551 1332 2612 lubenti
1360 2551 1565 2610 animo
1597 2551 1936 2628 acceperis,
1969 2570 2129 2611 unus
2154 2552 2333 2611 nobis
2364 2555 2571 2613 instar
2600 2554 2867 2614 omnium
2896 2564 3118 2613 auctor
3148 2555 3293 2626 eris,
3314 2564 3381 2614 ut
3416 2554 3652 2615 cateris
3681 2569 3823 2632 qua:

610 2669 725 2730 per
754 2653 948 2714 otium
974 2660 1309 2735 parantur,
1342 2652 1619 2713 alacrius
1665 2670 1911 2713 manum
1951 2652 2400 2713 admoveamus.
2441 2654 2523 2714 Te
2558 2655 2788 2733 quippe
2828 2655 2940 2716 hoc
2973 2656 3041 2715 in
3080 2657 3336 2719 honoris
3368 2658 3657 2727 culmine,
3699 2657 3821 2717 hac

610 2757 678 2817 in
723 2754 973 2834 specula
1008 2754 1274 2829 sedente,
1308 2754 1391 2841 ad
1414 2757 1672 2817 virtutis
1714 2755 2011 2829 studium,
2048 2766 2107 2817 et
2136 2755 2217 2817 ad
2253 2756 2611 2817 litterarum
2650 2759 2888 2819 cultum
2930 2771 3244 2821 acuuntur
3271 2762 3508 2828 animi;
3551 2768 3620 2821 ut
3673 2778 3823 2841 spes

605 2857 691 2918 sit
725 2856 1122 2937 afﬂictam-et
1147 2855 1451 2921 labantem
1475 2858 1542 2918 in
1564 2855 1694 2917 dies
1725 2875 1854 2917 rem
1883 2856 2261 2922 litterariam
2288 2877 2399 2937 ope
2430 2868 2489 2919 et
2516 2860 2873 2938 patrocinio
2900 2868 3003 2921 tuo
3035 2871 3456 2945 restauratum
3490 2862 3595 2923 iri.
3629 2862 3822 2937 Quod

606 2960 772 3020 omni
800 2957 1259 3037 exspectatione
1290 2958 1599 3017 maturius
1635 2956 1896 3029 accidet,
1919 2958 1975 3018 si
2003 2958 2180 3021 nobis
2209 2960 2419 3041 fausta
2464 2959 2866 3040 precantibus
2892 2963 3119 3043 faverit
3149 2964 3417 3023 omnium
3459 2961 3821 3025 moderator

606 3055 871 3135 slle,qui
896 3053 1079 3115 rebus
1099 3054 1412 3133 prospicit
1439 3054 1747 3139 humanis,
1778 3072 1888 3115 nec
1921 3063 1977 3114 te
2021 3054 2197 3139 modo
2231 3057 2601 3119 incolumem
2630 3058 2869 3121 diutius
2900 3063 3260 3135 servaverit,
3292 3060 3399 3120 sed
3428 3062 3607 3121 etiam
3640 3072 3820 3134 tran-

608 3152 804 3234 quilla
834 3162 1179 3231 pacataque
1216 3161 1493 3231 tempora
1525 3153 1694 3235 plebi
1721 3172 1849 3216 sure
1864 3155 2245 3233 providerit,
2280 3155 2445 3235 quod
2474 3176 2608 3218 cum
2630 3161 2860 3237 primis
2892 3162 3219 3240 efflagitat,

1897 3256 2112 3317 Sancti
2117 3258 2263 3319 tatis
2299 3260 2459 3318 Tute-

2684 3425 3325 3506 Obsequentissimus
3363 3435 3424 3491 et
3460 3429 3649 3492 addi-

2767 3506 3271 3569 ctissimusﬁlius
3308 3515 3367 3570 et
3398 3525 3648 3581 servus,

2683 3606 2751 3666 F.
2814 3606 2997 3667 Bern.
3032 3600 3139 3667 -Du
3181 3599 3636 3673 Morus-sucos.

2511 3768 2679 3795 __.—'"":_.
2768 3772 3757 3805 mz-w

1604 3940 2793 4072 PRfELIMINARIA
3030 4094 3034 4102 λ

969 4205 1093 4295 ΙΝ
1171 4201 1648 4295 EUSEBII
1722 4193 2593 4289 COMMENTARIA
2669 4195 2793 4284 IN
2873 4197 3431 4321 PSALMOS.

609 3766 2590 3800 mm

2768 3772 3637 3803 ww
3504 3791 3637 3803 ...__.t

1171 4512 1582 4572 ΡιὶοίΕΜΙυΜ.
2171 4527 2213 4577 Α
2244 4512 2423 4582 prodit
2449 4509 2712 4569 Eusebius

2244 4512 2423 4582 prodit
2449 4509 2712 4569 Eusebius
2745 4516 2875 4586 :qui
2908 4516 2953 4571 si
2996 4526 3252 4586 quantam
3303 4521 3643 4588 eruditionis,
3674 4532 3804 4577 tan-

662 4606 895 4661 Tantum
925 4605 1025 4662 sibi
1061 4620 1255 4660 nomen
1288 4607 1343 4661 in
1366 4623 1425 4661 re
1454 4608 1716 4662 litteraria
1739 4608 1945 4677 peperit
1974 4605 2144 4661 Euse-
2251 4614 2357 4657 tam
2388 4605 2613 4659 sincera:
2632 4605 2755 4660 ﬁdei
2781 4606 2993 4662 laudem
3019 4610 3250 4673 tulisset,
3274 4611 3360 4664 vix
3388 4627 3567 4681 parem
3591 4611 3801 4669 admit-

591 4698 715 4754 bius
738 4692 1111 4759 Cmarieusis,
1137 4704 1332 4750 utcum
1364 4699 1416 4751 in
1435 4701 1554 4769 ejus
1588 4700 1807 4770 scriptis
1835 4708 2146 4755 restauran-
2253 4704 2409 4751 teret.
2444 4695 2553 4752 Hos
2580 4698 2762 4768 itaque
2788 4703 3224 4767 commentarios,
3250 4702 3343 4757 diu
3387 4708 3675 4775 expetitos,
3710 4708 3813 4764 sed

590 4793 697 4854 dis,
730 4794 776 4847 si
816 4801 1088 4863 prostent,
1123 4791 1398 4852 eruendis.
1427 4794 1473 4846 si
1510 4795 1730 4858 lateant,
1762 4808 1929 4863 Opera
1982 4808 2146 4847 nava-
2249 4804 2525 4859 nunquam
2567 4796 2825 4858 tentatos,
2879 4794 2998 4857 tibi,
3035 4794 3204 4850 lector
3260 4797 3487 4863 erudite,
3546 4798 3814 4870 legendos

590 4892 700 4947 tur,
727 4883 780 4938 id
820 4886 873 4937 iu
910 4884 1181 4954 praecipua
1212 4883 1368 4937 cilicii
1402 4894 1553 4952 parte
1590 4895 1791 4953 ponant
1832 4886 2050 4941 eruditi.
2098 4885 2147 4940 Is
2241 4881 2513 4936 sistimus.
2543 4880 2857 4939 Versionem
2904 4901 3067 4955 porro
3098 4885 3343 4943 Latinam
3389 4905 3489 4960 pro
3523 4906 3675 4947 more
3704 4908 3810 4946 no-

590 4976 735 5028 enim
765 4982 845 5027 tot
877 4974 932 5028 in
959 4973 1202 5039 historia,
1235 4974 1682 5040 inchronologia,
1716 4976 1767 5029 in
1808 4976 2157 5047 antiquitatis
2247 4985 2361 5031 stro
2411 4976 2489 5031 ita
2534 4977 2948 5049 adornavimus,
2992 4989 3071 5046 ut,
3106 4984 3208 5037 etsi
3266 4986 3691 5055 compendiaria,
3741 4998 3809 5043 ut

594 5068 805 5132 notitia,
837 5068 1039 5137 ingenii
1082 5068 1164 5122 sui
1199 5066 1495 5137 specimina
1520 5067 1692 5131 dedit,
1729 5077 1784 5121 ut
1805 5084 1927 5123 cum
1958 5070 2146 5140 primis
2247 5067 2560 5136 plurimum,
2587 5071 2678 5124 -via
2711 5071 2856 5126 dicta
2882 5071 3098 5127 Eusebii
3150 5073 3583 5148 interpretemur,
3614 5074 3807 5133 Grzeca

592 5163 850 5218 Ecclesiae
883 5162 1242 5232 scriptoribus
1281 5164 1490 5217 censeri
1535 5170 1825 5219 mereatur.
1857 5162 2032 5219 Unum
2068 5182 2150 5219 re-
2246 5173 2423 5220 tamen
2450 5182 2556 5222 non
2582 5169 2796 5237 penitus
2824 5170 3388 5239 evestigiosectemur
3413 5191 3426 5228 :
3454 5189 3626 5244 neque
3651 5175 3803 5230 enim

593 5255 771 5309 stabat
792 5255 845 5307 in
865 5268 973 5323 quo
992 5254 1256 5308 nullidum
1278 5253 1491 5309 Eusebii
1510 5254 2144 5329 peritiaminternoscen-
2246 5260 2553 5331 importuno
2583 5266 2839 5335 scrupulo
2866 5266 2941 5320 ita
2962 5264 3151 5322 littere
3185 5266 3468 5333 haeremus,
3500 5277 3559 5323 ut
3578 5262 3804 5325 concin-

592 5345 647 5398 di
685 5352 922 5415 potestas
946 5344 1140 5407 fuerat,
1172 5346 1543 5415 interpretatio
1568 5346 1816 5401 videlicet
1845 5346 2147 5418 Scriptura—
2247 5366 2369 5405 nam
2422 5345 2703 5409 sententiae
2746 5358 3107 5423 exprimendae
3161 5359 3421 5414 rationem
3457 5360 3798 5424 deseramus,

593 5454 735 5492 rum.
768 5436 883 5503 Qua
914 5441 968 5492 in
1001 5454 1057 5493 re
1077 5452 1200 5491 cum
1232 5440 1339 5491 nim
1366 5438 1591 5492 minoris
1621 5438 1762 5507 apud
1785 5450 1991 5497 veteres
2020 5458 2145 5512 pre-
2243 5457 2354 5495 non
2385 5444 2578 5506 nescii,
2614 5444 2680 5498 iis
2710 5446 2803 5513 qui
2848 5445 3007 5500 talem
3038 5451 3278 5503 vertendi
3312 5450 3529 5504 modum
3556 5465 3798 5520 aggressa

593 5530 652 5582 tii
686 5528 869 5592 fuerit,
903 5536 1206 5600 temporum
1237 5538 1414 5584 tamen
1448 5530 1644 5600 injuria
1682 5532 1896 5600 ignotus
1917 5548 2052 5601 pene
2079 5535 2143 5588 ad
2247 5541 2395 5595 sunt,
2449 5551 2557 5589 non
2598 5535 2828 5591 feliciter
2856 5540 3091 5595 cessisse
3133 5553 3406 5596 conatum.
3449 5543 3619 5606 Quam
3670 5546 3801 5595 vero

593 5628 841 5676 nostrum
891 5639 1064 5675 aevum
1094 5622 1314 5678 mansit.
1355 5620 1473 5675 Jam
1524 5636 1651 5683 vero
1681 5622 1770 5678 ubi
1809 5624 2141 5677 celeberrimi
2246 5623 2453 5679 Latina:
2484 5626 2679 5696 lingua:
2720 5631 3155 5699 peregrinitatem
3211 5635 3510 5689 intulerunt
3543 5632 3789 5689 Ecclesia

588 5713 667 5765 illi
690 5713 743 5765 in
787 5710 1027 5768 Psalmos
1054 5712 1450 5772 commentarii,
1483 5712 1590 5765 situ
1631 5719 1686 5766 et
1712 5720 1975 5769 vetustate
2010 5730 2145 5784 pene
2237 5721 2447 5783 Patres,
2466 5735 2583 5774 eam
2612 5738 2716 5775 non
2745 5724 2967 5799 omnino
2990 5742 3189 5782 exuere
3216 5729 3421 5783 licitum
3458 5728 3592 5781 iuLt:
3623 5744 3797 5797 neque
3934 5736 3935 5795 ξ

588 5806 790 5871 obruti,
819 5805 872 5860 in
905 5806 1075 5861 lucem
1103 5805 1338 5872 veniunt,
1361 5806 1411 5858 in
1432 5804 1694 5861 omnibus
1718 5807 1799 5861 sui
1828 5822 1883 5862 se
1911 5807 2138 5863 similem
2245 5810 2387 5887 enim
2443 5814 2702 5893 abstineri
2754 5807 2931 5886 pot'cst
2964 5834 2991 5872 a
3029 5822 3249 5875 vocibus
3278 5821 3531 5876 diuturno
3562 5820 3794 5890 scripto-
