3928 6336
127 464 172 517 l3

806 451 1310 517 COMMENTARIA
1340 450 1414 509 ιιι
1455 446 1791 507 ΡεΑιιιοε.
1832 482 1899 492 -
1933 410 2479 511 ιιιιιειπιιιιΝΑιιιΑι

3188 457 3258 513 ﬂ

119 597 205 637 ινιιω
225 577 435 635 Ecclesia
471 591 568 632 usu
596 574 765 638 tritis,
791 585 849 630 ut
880 584 1030 644 sunt,
1069 577 1414 645 morti/icore,
1438 575 1604 644 oioifi-
1634 580 1675 636 Α
1708 559 1918 635 haberi,
1948 587 2012 627 ac
2033 572 2369 630 maturanda:
2397 567 2650 632 editionis
2684 584 2876 632 auctor
2904 573 3024 632 fuit.
3059 572 3261 631 Accer-

120 689 218 736 rm,
241 669 510 740 persecutio,
541 650 839 733 tribulatio,
856 679 908 724 et
930 656 1156 732 similes,
1182 684 1300 740 quae
1325 668 1584 738 quodam-

120 767 234 823 modo
255 771 572 828 consecratae,
610 773 666 818 et
694 765 749 817 in
798 765 953 819 libris
988 763 1255 834 frequenti
1296 763 1588 832 Scriptura:

120 859 288 912 lectione
321 855 624 913 intermistis
671 869 894 926 prorsus
947 852 1269 911 necessaria:
1304 865 1452 910 sunt.
1490 855 1589 909 Ubi

117 957 340 1005 occurrunt
375 947 664 1018 Scriptum
687 950 1051 1013 sacrm-dicm,
1083 949 1389 1020 Vulgatam.
1424 951 1468 1006 si
1503 968 1590 1005 res

118 1047 166 1097 ita
186 1043 308 1105 ferat,
338 1043 607 1111 sequimur
643 1061 656 1094 :
693 1041 788 1097 sed
832 1031 1055 1111 quando
1083 1057 1148 1104 ex
1191 1041 1372 1097 Veteri
1403 1042 1591 1103 Testa-

116 1143 246 1188 mento
265 1130 523 1188 sententia:
553 1123 875 1193 auferuntur,
899 1133 1026 1200 quia
1051 1130 1370 1202 plerumque
1393 1133 1590 1203 Vulga-

114 1233 173 1284 ta.
196 1240 244 1278 ex
280 1223 482 1279 Hebraeo
504 1238 790 1294 expressa,
827 1239 949 1277 cum
980 1221 1166 1279 Gra'ca
1206 1227 1454 1282 versione
1483 1242 1588 1280 non

115 1314 300 1383 quadrat,
328 1321 431 1368 tum
461 1330 688 1369 necesse
730 1328 956 1383 prorsus
985 1322 1069 1369 est
1125 1316 1316 1372 litteras
1343 1320 1589 1388 obsequi,

114 1405 315 1473 aliamque
350 1404 844 1473 interpretationem
874 1419 1114 1474 parare:
1157 1409 1300 1478 quod
1337 1409 1462 1464 item
1498 1426 1593 1465 ne-

113 1496 288 1552 cessario
313 1497 668 1566 praestandum
714 1496 890 1551 sicubi
923 1497 1003 1552 vel
1048 1498 1211 1554 lectio
1241 1500 1475 1565 diversa,
1509 1503 1593 1556 vel

116 1589 271 1644 Eusebii
294 1589 550 1643 sententia
591 1588 750 1641 aliam
785 1590 1092 1645 versionem
1116 1595 1372 1660 postulat.
1416 1593 1472 1648 ln
1499 1595 1590 1649 dc-

109 1695 224 1733 tursu
261 1689 419 1733 autem
458 1679 640 1746 operis
695 1680 885 1735 breves
941 1696 1218 1750 rarasque,
1237 1692 1396 1737 notas
1446 1685 1596 1740 dedi-

108 1770 359 1838 muszquia
411 1785 485 1824 ea:
533 1770 582 1824 si
644 1770 752 1825 huc
800 1773 934 1827 illuc
987 1773 1372 1842 conjiciantur,
1434 1778 1594 1845 vulgo

108 1868 272 1928 pereunt
303 1859 670 1924 inobservata,
712 1861 949 1917 intactae.
980 1862 1158 1929 Quare
1181 1863 1227 1918 si
1254 1865 1383 1934 quid
1425 1866 1477 1919 in
1509 1865 1594 1922 his

106 1953 432 2008 commentariis
463 1961 660 2008 notatu
689 1953 912 2024 dignum
948 1957 1209 2022 occurrit,
1238 1958 1292 2012 id
1327 1960 1382 2011 in
1415 1961 1591 2028 praeli-

105 2044 272 2097 minaria
296 2045 643 2111 contulimus,
682 2046 775 2101 ubi
800 2047 866 2102 de
896 2049 1057 2117 stylo,
1098 2048 1166 2103 de
1193 2064 1392 2119 genere
1420 2051 1590 2106 inter-

102 2135 306 2203 pritandi,
335 2136 397 2192 de
445 2138 718 2203 doctrina,
757 2139 823 2194 de
874 2139 1160 2209 disciplina
1220 2125 1394 2212 deque
1448 2144 1588 2207 aliis,

102 2243 184 2297 qua
204 2230 358 2281 omnia
383 2245 550 2284 unum
577 2231 680 2285 sub
700 2239 976 2300 aspectum
1011 2232 1283 2300 conjicere
1314 2250 1343 2288 e
1388 2250 1446 2290 re
1477 2235 1591 2290 fore

99 2319 223 2373 risum
248 2329 320 2375 est
352 2340 363 2374 :
397 2338 574 2391 neque
629 2319 881 2392 putamus
924 2322 1151 2377 eruditis
1206 2332 1259 2378 et
1307 2327 1589 2395 sagacibus

98 2411 319 2479 consilium
355 2412 780 2484 displiciturum.

532 2523 762 2579 CAPUT
794 2507 1086 2583 PRIMUM.

99 2650 386 2693 COIIENTABII
413 2654 622 2694 EUSEBII
656 2656 723 2695 EX
754 2635 942 2706 QUIBUS
969 2659 1245 2701 CODICIBUS
1277 2659 1580 2702 PBODEANT.

104 2729 202 2782 Ι.οε
223 2732 381 2784 codice
409 2732 729 2788 Taurinensi
761 2735 1052 2791 cardinalis
1093 2737 1354 2794 Perronii.
1391 2739 1475 2793 Il.
1513 2739 1588 2793 De

141 2798 274 2854 codice
299 2802 587 2855 cardinalis
637 2803 900 2861 Coislinii.
934 2806 1048 2860 III.
1088 2808 1164 2862 De
1183 2808 1491 2863 L‘olbertiuo
1538 2821 1587 2863 et

139 2874 295 2948 catenis
324 2871 570 2948 RegiisJ
585 2872 645 2926 V.
667 2874 836 2948 νέωσὶ
867 2876 1088 2948 Eusebio
1109 2880 1310 2932 et-aliis
1335 2889 1587 2948 suspectae

142 2939 232 3013 ﬁdei
275 2939 617 3010 scriptoribus
664 2947 876 3013 infensi.
920 2947 980 3000 V.
1013 2947 1227 3003 Catenis
1266 2939 1585 3004 commenta—

138 3012 233 3134 εἶθ.
263 3012 746 3081 pessumdederunt.
790 3015 885 3071 γι.
922 3016 996 3072 De
1039 3015 1440 3088 praefationibus
1473 3021 1584 3076 Etr-

201 3100 250 3134 ιι.

220 3195 252 3246 ι.
283 3197 355 3247 De
374 3199 546 3250 codice
570 3200 856 3252 Taurinensi
878 3202 1136 3254 cardinalis
1159 3204 1398 3255 Perrouu.

137 3299 530 3362 Commentarios
567 3306 785 3364 Eusebii
816 3310 870 3365 in
924 3311 1170 3367 Psalmos
1205 3313 1257 3366 in
1294 3313 1582 3368 bibliothe-

102 3387 143 3438 cis
161 3389 293 3447 latere
306 3397 602 3453 multorum
623 3412 841 3456 narratu
867 3403 978 3470 jam
1005 3404 1211 3472 pridem
1235 3420 1578 3474 acceperam:

99 3489 221 3533 rerum
247 3483 382 3539 haud
407 3490 583 3544 certis
611 3493 754 3546 notis
784 3493 1140 3563 iudiciisque;
1165 3496 1255 3550 alii
1279 3499 1422 3552 enim
1440 3494 1603 3566 quod

97 3579 246 3625 tumore
288 3577 502 3640 nuntio,
543 3581 930 3652 nonnullisque
980 3567 1339 3639 referentibus
1397 3587 1582 3641 audie-

98 3672 185 3726 rant,
212 3668 345 3721 nulla
375 3669 508 3724 data
539 3673 857 3740 experiundi
903 3674 1180 3738 facultate,
1222 3675 1579 3744 dictitabant;

99 3752 154 3805 alii
195 3757 444 3816 indicibus
479 3764 734 3819 codicum
790 3766 1020 3837 decepti,
1058 3769 1301 3837 quaedam
1335 3770 1389 3823 in
1431 3767 1581 3825 Psal-

89 3855 168 3899 mos
191 3849 622 3924 ἁποσπασμάτια,
653 3853 870 3911 Eusebii
920 3858 1140 3912 nomine
1171 3859 1451 3929 insignita,
1483 3877 1580 3931 pro

91 3937 186 3991 reris
210 3939 408 3998 Eusebii
443 3950 859 4003 commentariis
903 3950 1233 4011 habuerantt
1256 3952 1428 4028 Annis
1454 3968 1581 4008 vero

91 4027 131 4078 ab
149 4029 247 4086 hinc
269 4036 488 4093 circiter
520 4039 708 4094 decem
736 4044 1116 4097 renuntiarunt
1144 4043 1356 4101 sodales
1406 4049 1577 4099 nostri

93 4116 217 4174 Sancti
245 4122 461 4182 Taurini
501 4128 850 4187 Ebroicensis
874 4135 1146 4199 monachi,
1176 4144 1390 4190 exstare
1415 4136 1468 4190 in
1500 4137 1577 4191 bi-

90 4207 284 4269 iliotheca
311 4232 432 4283 sua,
470 4237 598 4291 qua:
626 4223 754 4277 olim
785 4226 1079 4281 cardinalis
1113 4227 1352 4284 Perronii
1382 4228 1576 4293 fuerat,

91 4307 455 4374 antiquissimum
491 4314 738 4370 codicem
790 4319 1324 4390 commentariorum,
1362 4322 1577 4379 Eusebii

95 4401 363 4458 iesuriensis
395 4405 451 4458 in
482 4407 800 4477 Evangelia,
825 4424 889 4464 ac
929 4414 1284 4469 recentiorem
1331 4416 1493 4470 alium
1525 4419 1576 4469 in

97 4505 152 4541 eo
171 4499 530 4554 commentarii
571 4499 811 4568 ejusdem
844 4501 898 4555 in
929 4502 1195 4562 Psalmos.
1229 4507 1367 4563 Tum
1397 4510 1578 4564 animo

94 4585 302 4656 mitisque
334 4591 522 4661 operis
553 4592 887 4660 publicandi,
918 4597 1105 4666 rogavi
1160 4609 1218 4653 ut
1266 4603 1395 4656 mihi
1433 4604 1575 4657 anti-

1627 1930 1665 1982 Β

1612 3267 1656 3324 C

1697 665 1865 718 situm
1898 665 2078 734 itaque
2129 667 2372 722 codicem
2421 658 2748 740 deprehendi
2776 658 3114 738 ipsissimum
3137 683 3262 723 esse

1688 755 2138 809 commentarium
2175 755 2418 820 Eusebii,
2447 773 2608 828 quem
2629 756 2924 812 cardinalis
2960 755 3266 813 Perronius

1689 848 1744 900 in
1771 845 1922 900 Italia
1951 847 2152 917 degens
2175 863 2241 901 ex
2277 849 2678 919 antiquioribus
2709 848 2991 904 codicibus
3021 846 3263 915 exscrihi

1689 947 1995 993 curaverat.
2022 939 2071 995 Is
2104 940 2207 995 etsi
2239 939 2306 1016 ad
2336 940 2690 994 centesimum
2714 935 2888 1010 iique
2910 937 2968 994 "et
2999 938 3229 994 duodecr
3250 968 3265 980 ς

1690 1043 1838 1082 mum
1871 1032 2140 1100 psalmum
2169 1031 2518 1101 pertingeret,
2553 1032 2607 1084 in
2634 1030 3161 1091 multis'deﬁciehat;
3184 1031 3263 1094 ita

1693 1127 1753 1173 ut
1785 1123 1950 1176 etiam
1984 1124 2179 1192 psalmi
2212 1139 2242 1177 a
2272 1123 2690 1193 quadragesimo
2712 1132 2905 1178 octavo
2941 1122 3008 1178 ad
3036 1132 3261 1197 octoge-

1693 1210 1890 1267 simum
1934 1215 2210 1280 abessent,
2237 1216 2291 1269 in
2332 1215 2648 1284 exterisque
2678 1229 2788 1270 non
2823 1225 2996 1286 pauco
3044 1216 3261 1272 desideo

1691 1313 1967 1361 rarentur.

2023 1419 2088 1469 ΙΙ.
2125 1422 2199 1470 De
2223 1421 2391 1471 codice
2413 1414 2670 1473 cardinalis
2690 1413 2930 1474 'Coislinii.

1761 1525 1918 1580 Tunc
1949 1526 2200 1580 iteranda
2229 1528 2360 1580 mihi
2391 1527 2666 1597 diligentia
2687 1527 2806 1592 fuit,
2832 1535 2889 1582 ut
2935 1529 2981 1583 si
3017 1525 3142 1597 quid
3199 1525 3256 1582 in

1696 1619 1787 1671 illo
1813 1617 2046 1681 deesset,
2068 1617 2296 1671 aliorum
2326 1617 2566 1671 subsidio
2591 1618 2796 1672 sarcire
2824 1633 3057 1688 possem.
3095 1616 3257 1672 Forte

1695 1695 1911 1763 fortuna
1958 1708 2157 1762 accidit
2197 1717 2254 1762 ut
2284 1709 2339 1761 in
2375 1708 2701 1762 bibliotheca
2750 1707 3078 1778 Segueriana
3120 1711 3257 1764 alter

1694 1801 1863 1856 codex
1890 1799 2192 1856 Eusebiiin
2223 1798 2467 1855 Psalmos
2483 1800 2712 1856 adesset.
2739 1800 2892 1856 Hunc
2911 1802 2978 1857 ab
3009 1802 3255 1857 eminen-

1695 1891 1908 1946 tissime
1937 1892 2201 1946 cardinali
2253 1891 2515 1947 Coislinio
2543 1893 2846 1962 impetravi,
2870 1895 2963 1963 qui
2996 1908 3104 1965 qua
3133 1886 3254 1964 pol-

1698 1984 1767 2037 let
1792 1971 2128 2039 humanitate
2161 1993 2214 2038 et
2248 1983 2618 2048 beneficentia,
2653 1984 2912 2040 suadente
2937 1999 2999 2038 ac
3031 1998 3257 2038 monen:

1693 2083 1749 2130 te
1789 2075 2008 2129 domino
2042 2075 2116 2130 de
2164 2076 2214 2128 la
2248 2073 2479 2144 Vergne,
2510 2076 2563 2129 in
2600 2076 2876 2153 publicum
2909 2091 3067 2130 usum
3101 2074 3237 2130 codi

1694 2182 1811 2220 cem
1861 2166 2175 2236 hujusmodi
2205 2167 2552 2221 commodare
2603 2169 2760 2222 nobis
2802 2167 3120 2238 dedignatus
3143 2183 3252 2224 non

1692 2266 1795 2310 est.
1833 2255 2004 2313 Habet
2033 2257 2080 2312 is
2102 2257 2350 2313 Psalmos
2381 2274 2504 2313 cum
2532 2261 2934 2315 commentariis
2975 2259 3144 2330 plenis
3168 2261 3254 2316 in-

1691 2349 2023 2417 tegrisque'a
2051 2348 2504 2419 quinquagesimo
2535 2350 2599 2404 ad
2636 2351 3049 2420 nonagesimum
3089 2352 3252 2423 quin-

1692 2434 1838 2507 tuin;
1871 2441 1944 2495 ita
1976 2449 2036 2494 ut
2061 2440 2224 2508 hujus
2246 2443 2577 2497 adminiculo
2609 2443 2859 2497 lacunam
2883 2442 3027 2498 illam
3062 2445 3254 2516 ingene

1692 2536 1799 2583 tem
1832 2530 2082 2600 explendi
2118 2529 2346 2587 facultas
2374 2540 2538 2588 esset.
2573 2531 2726 2596 Quod
2760 2547 2891 2587 sane
2920 2534 3051 2588 mihi
3073 2536 3251 2607 inopi-

1689 2628 1878 2675 natum
1907 2629 1959 2676 et
1990 2628 2201 2693 gratum
2232 2623 2430 2677 accidit
2451 2643 2464 2678 :
2489 2639 2612 2678 nam
2650 2623 2825 2678 solent
2850 2639 2972 2681 esse
3001 2642 3119 2697 qua:
3150 2628 3250 2680 mi-
3331 2657 3333 2659 ι

1690 2729 1793 2768 nus
1824 2722 2207 2782 exspectantur
2228 2714 2451 2770 laetiora.
2481 2715 2575 2770 Est
2604 2732 2764 2786 porro
2791 2717 2963 2772 codex
2992 2718 3081 2774 ille
3107 2718 3252 2775 deci-

1687 2808 1814 2860 cimi
1866 2805 2071 2866 saeculi,
2099 2790 2328 2876 egregiae
2358 2816 2520 2872 note,
2556 2797 2644 2862 cui
2700 2810 2892 2865 titulus
2935 2811 3250 2879 hujusmodi

1686 2898 1926 2952 secunda
1975 2911 2138 2951 manu
2187 2913 2281 2952 xm
2331 2899 2512 2953 saeculi
2554 2900 2808 2970 prtefixus
2834 2910 2956 2956 est:
2990 2893 3248 2956 Εὐσεὸιου

1684 2988 1778 3043 τοῦ
1813 2990 2093 3059 Παμφίλου
2145 2989 2418 3062 ’Ᾱρειανοῦ
2465 2990 2720 3065 ἐξήγησις
2764 2983 2843 3056 ei;
2887 2993 3011 3058 τοὺξ
3047 2987 3248 3063 νῖψαλ-

1684 3082 1819 3150 μοὺς
1849 3079 1940 3133 τ(ιῦ
1967 3078 2145 3143 Δαυῒδ,
2184 3081 2307 3144 τοὺς
2325 3081 2432 3134 ἀπὸ
2469 3088 2546 3135 ναν
2582 3082 2686 3146 ἓως
2718 3076 2782 3154 ῥ’,
2817 3074 2994 3148 idest,
3036 3081 3250 3140 Eusebii

1686 3172 1954 3242 Pamphili
1982 3154 2170 3226 Λιξαηὶ
2201 3176 2458 3243 expositio
2508 3173 2563 3228 in
2614 3177 2993 3247 quinquaginta
3019 3173 3251 3246 psalmos

1689 3262 1932 3328 Davidis,
1990 3281 2024 3316 α
2073 3265 2500 3335 quinquagesimo
2556 3267 2724 3335 primo
2765 3267 2833 3320 ad
2892 3269 3247 3325 centesimum.

1690 3355 1824 3411 Nam
1875 3357 2119 3426 plerique
2145 3372 2335 3413 omnes
2377 3355 2547 3412 Graeci
2590 3357 2904 3426 Eusebium,
2937 3377 3036 3417 nec
3063 3364 3251 3418 imme-

1689 3458 1922 3512 rentem,
1944 3464 2040 3517 pro
2060 3447 2263 3502 Ariano
2287 3451 2487 3518 passim
2513 3449 2838 3508 habuerunt.
2860 3451 3039 3509 Codex
3070 3459 3249 3509 autem

1688 3542 1778 3596 ille
1805 3549 2111 3610 temporum
2163 3540 2365 3610 injuria
2417 3543 2705 3611 postremis
2747 3541 2986 3612 quinque
3025 3545 3247 3612 psalmis

1687 3634 1948 3687 multatus
2006 3642 2122 3687 est.
2167 3648 2288 3687 nam
2331 3635 2384 3687 in
2429 3635 2838 3704 nonagesimum
2876 3636 3125 3705 quintum
3154 3636 3249 3690 de-

1687 3725 1838 3778 sinit.

1831 3859 1915 3908 Ill.
1955 3862 2026 3912 De
2053 3854 2220 3911 codice
2244 3847 2527 3912 Colbertiuo
2554 3867 2606 3911 et
2634 3863 2698 3911 de
2729 3866 2915 3913 catenis
2939 3868 3126 3929 Regiis.

1754 3964 1957 4021 Caetera
1982 3951 2100 4038 quae
2119 3968 2445 4025 deficiebant
2467 3971 2751 4027 cx’codice
2773 3971 3088 4027 Colbertino
3118 3968 3243 4039 646,

1686 4057 1974 4113 admodum
2004 4062 2207 4115 recenti
2229 4069 2282 4116 et
2303 4078 2366 4117 ex
2390 4065 2599 4118 catenis
2631 4062 2814 4135 Regiis
2847 4063 2984 4119 1807
3005 4071 3058 4119 et
3087 4060 3242 4131 1878,

1685 4151 1942 4204 nonnulla
1986 4151 2114 4207 item
2157 4167 2224 4205 ex
2253 4162 2444 4208 catena
2475 4151 2742 4217 Corderii,
2768 4154 2994 4208 mutuati
3022 4149 3244 4220 sumus;

1665 4229 1814 4296 sunt
1851 4248 2029 4295 autem
2063 4252 2267 4297 catena:
2294 4243 2397 4298 illa:
2426 4260 2556 4299 mss.
2586 4245 2799 4313 Optima:
2840 4251 2981 4297 nota:
3002 4252 3112 4318 et'x
3139 4259 3243 4298 sae-

1686 4333 1818 4389 culi.
1853 4331 2037 4403 Neque
2063 4342 2241 4389 tamen
2293 4335 2345 4389 id
2377 4335 2634 4404 consequi
2685 4334 2955 4404 potuimus
2979 4342 3037 4388 ut
3068 4341 3242 4388 totum

1656 4406 2134 4479 'commentarium
2167 4425 2234 4479 ad
2270 4413 2527 4488 ultimum
2569 4440 2741 4494 usque
2769 4426 3034 4493 psalmum
3070 4426 3244 4479 inlu-

1685 4501 1802 4570 dem
1833 4517 2075 4584 proferre
2105 4515 2332 4571 liceret:
2363 4517 2417 4571 in
2449 4517 2596 4569 nullo
2636 4516 2779 4571 enim
2831 4532 2895 4570 ex
2930 4520 3242 4572 memoratis

1687 4608 1971 4664 codicibus
2026 4609 2166 4661 ultra
2230 4610 2586 4662 centesimum
2654 4610 2922 4664 decimum
2992 4617 3241 4668 octavum

89 4677 413 4771 Taifii‘isiillius
460 4685 676 4753 copiam
716 4683 972 4740 facerent.
1009 4688 1259 4757 Mittitur,
1289 4696 1499 4759 evolvo,
1532 4706 1584 4751 et
1615 4699 1660 4755 D
1687 4698 1979 4768 psalmum,
2010 4697 2285 4767 quidpiam
2316 4697 2538 4754 offertur
2569 4699 2665 4770 (α).
2699 4699 2960 4771 Quodque
2989 4717 3085 4771 per
3110 4703 3241 4759 mihi

88 4769 207 4824 statim
235 4770 410 4829 fucum
429 4775 653 4830 olfacio.
683 4775 817 4843 Quia
848 4784 992 4835 enim
1027 4781 1111 4836 his
1145 4785 1577 4851 commentariis,

87 4860 380 4919 nmmum
417 4868 963 4938 interpretationibus
1005 4875 1421 4941 consarcinatis,
1461 4881 1578 4933 vul-

85 4951 146 5010 βιὶ
167 4954 227 5008 illi
252 4955 474 5016 Eusebii.
498 4974 740 5016 canones
762 4970 916 5017 erant
940 4966 1320 5033 prefixi,‘hinc
1343 4971 1576 5028 Eusebio

88 5049 192 5098 latum
236 5050 546 5121 ascriptum
599 5046 794 5110 fuerat.
847 5040 970 5110 Pari
1021 5055 1186 5127 igitur
1227 5075 1314 5114 me
1356 5064 1572 5118 fortuna

85 5139 237 5194 suarum
260 5142 309 5196 in
340 5143 551 5220 codice
580 5144 704 5208 alio,
739 5162 898 5217 quem
926 5151 1285 5206 recentiorem
1310 5155 1574 5222 praedica—

86 5233 176 5286 .ant,
199 5240 354 5298 ratus,
385 5234 690 5290 consilium
730 5239 996 5296 intermisi
1034 5258 1060 5296 ε,
1107 5255 1172 5296 ac
1205 5251 1264 5295 ut
1309 5246 1572 5315 principia

84 5324 153 5366 sese
173 5316 373 5388 dabant,
410 5330 484 5384 de
515 5329 870 5388 restituendis
902 5331 1116 5390 Eusebii
1161 5331 1573 5396 commentariis

84 5417 185 5475 Prope
207 5411 615 5486 dmpondebam
650 5423 906 5480 animum.
942 5423 1055 5481 Sub
1077 5425 1189 5480 haec
1219 5443 1344 5482 cum
1390 5431 1472 5483 vir
1503 5432 1568 5484 cf.

86 5488 302 5568 titinius,
324 5505 518 5566 Graece
574 5511 962 5583 peritissimus.
997 5518 1132 5573 istac
1167 5519 1388 5574 haberet
1448 5523 1572 5586 iter.

85 5597 345 5654 enuntiavit
365 5617 478 5658 non
531 5619 598 5659 ex
655 5607 822 5663 variis
867 5611 1247 5682 scriptoribus.
1296 5629 1472 5683 neque
1502 5630 1566 5671 ex

83 5688 220 5744 “cui:
242 5695 555 5752 collectum.
589 5698 680 5754 sed
708 5713 901 5753 verum
935 5706 1384 5761 commentarium
1410 5708 1572 5764 isthic

109 5855 173 5916 fit
210 5845 348 5907 Hanc
398 5844 660 5911 lacunam

90 5910 224 5974 “MS.
254 5919 400 5980 Eutr.
443 5910 619 5983 Parit.

1690 4790 1888 4844 mirum
1909 4788 2083 4844 visum
2111 4798 2212 4850 est.
2246 4799 2452 4847 catenae
2487 4792 2590 4847 illae
2614 4791 2791 4861 Regiae
2821 4810 2944 4864 quae.
2967 4811 3137 4868 usque
3176 4798 3242 4852 ad

1688 4881 2043 4935 centesimum
2074 4879 2343 4937 decimum
2379 4895 2628 4940 octavum
2667 4883 2931 4955 psalmum
2963 4887 3241 4959 interpre—

1692 4970 1992 5055 tationibus
2037 4969 2253 5029 Eusebii
2300 4984 2548 5041 utuntur,
2581 4979 2655 5028 ita
2699 4984 2757 5029 ut
2791 4976 2971 5032 nullus
3001 4986 3240 5036 veterum

1683 5070 2040 5139 interprettum
2063 5066 2199 5122 adeo
2229 5067 2600 5137 frequentatus
2627 5078 2900 5135 occurrat,
2931 5069 2985 5123 in
3009 5072 3244 5125 centesi-

1683 5175 1772 5215 mo
1802 5161 2012 5217 decimo
2043 5170 2239 5217 octavo
2270 5161 2477 5231 psalmo
2499 5161 2574 5215 ita
2617 5162 2778 5218 finem
2827 5162 3034 5219 faciunt
3066 5162 3238 5219 Euse-

1681 5251 1830 5306 bium
1883 5251 1938 5307 in
1971 5251 2207 5309 medium
2247 5251 2528 5326 afferendi,
2559 5260 2619 5308 ut
2648 5269 2716 5308 ne
2767 5255 2989 5310 verbum
3019 5253 3235 5321 quidem

1681 5343 1910 5399 ulterius
1945 5343 2166 5400 Eusebii
2210 5354 2536 5415 compareat;

1681 5455 1762 5505 iV.
1789 5457 1942 5523 Graeci
1970 5457 2184 5510 Eusebio
2207 5466 2259 5509 et
2281 5459 2654 5574 alllsrgggpecta
2675 5462 2788 5513 fidei
2815 5461 3138 5522 scriptoribus
3163 5465 3240 5515 lu-

1753 5620 1912 5679 Unde
1943 5626 2252 5695 conjectare
2281 5617 2420 5682 forte
2442 5628 2602 5683 liceat
2621 5643 2649 5689 a
2680 5627 2866 5685 multis
2884 5630 2996 5700 jam
3019 5632 3237 5687 seculis

1681 5713 1899 5772 Eusebii
1956 5720 2380 5773 commentarios
2437 5724 2537 5775 hac
2600 5721 2898 5790 posteriore
2947 5725 3030 5780 sui
3087 5735 3238 5794 parte

707 5856 1320 5933 suntlevit'cardiualis
1373 5865 1572 5937 Angclo
1614 5868 1735 5926 Mai.
1809 5871 1937 5942 Ejus
1979 5880 2348 5941 praelationem
2405 5877 2508 5938 his.
2542 5877 2999 5948 ,prmliminaribns
3037 5893 3209 5939 suone
