3928 6336
112 456 153 507 t7
782 437 1279 497 COMMENTARIA
1323 435 1386 489 ΙΝ
1429 435 1763 490 PSALMOS.
1807 467 1872 475 ——
1912 416 2446 488 Pti/ELIMINARIA.
3167 416 3227 468 i8

114 565 382 626 l'ereellmis,
405 564 488 633 qui
514 561 747 617 omnium
788 542 1131 613 Psalmorum
1164 557 1566 611 commentarios
1599 575 1641 628 Α
1672 557 1829 625 vulgo
1861 557 1912 608 in
1947 554 2258 608 recensione
2293 565 2453 619 opera
2486 562 2592 601 non
2645 557 2813 615 pauca
2844 541 2957 611 ipse
2988 536 3067 593 vel
3097 551 3229 589 cou-

104 658 265 712 haretici
293 656 492 709 hominis
537 656 690 708 vertit
736 652 1073 721 in.nostrum
1104 648 1399 719 eloquium;
1448 648 1567 701 licet

102 752 279 805 heretica
304 748 704 816 prater-mittens,
728 742 925 811 optima
951 757 1165 811 quisque
1208 740 1562 794 transtulerit.

104 843 185 896 Hec
216 855 350 910 porro
376 838 586 893 Eusebii
622 826 977 891 Verceilensis
1011 833 1383 901 interpretatio
1428 832 1567 900 jam-

102 934 160 987 diu
186 931 350 985 interiit
376 949 388 983 :
415 943 512 982 nec
542 926 763 982 memini
796 940 880 979 me
908 924 1120 993 uSpiam
1150 922 1270 989 ejus
1301 922 1384 974 vel
1417 920 1569 975 codi-

100 1041 174 1087 tes,
200 1024 264 1077 vel
288 1022 565 1092 fragmenta
597 1025 892 1074 memorata
918 1014 1355 1085 deprehendisse.

345 1132 421 1181 IV.
443 1131 786 1181 Theodoretus
807 1140 978 1178 eorum
1003 1122 1242 1173 meminit.

145 1240 471 1299 Theodoretus,
502 1252 612 1290 non
637 1234 853 1305 quidem
882 1242 939 1285 ut
960 1231 1119 1285 hodie
1140 1232 1193 1283 in
1236 1230 1568 1282 Psalmorum

100 1330 440 1400 Expzsitionibus
475 1330 693 1395 legitur,
728 1341 846 1396 quae
894 1322 1091 1393 passim
1135 1331 1394 1375 truncata:
1432 1329 1485 1373 et
1516 1322 1568 1375 in

98 1424 389 1491 coiiipeiidium
442 1422 675 1475 redactae
726 1424 883 1478 sunt,
925 1423 979 1470 et
1030 1414 1268 1484 quidem,
1302 1424 1358 1468 ut
1387 1415 1572 1481 conje-

100 1524 195 1569 ctare
221 1514 357 1575 licet,
402 1529 430 1566 a
463 1512 724 1568 Graeculis
753 1502 1064 1564 catenarum
1098 1507 1438 1569 auctoribus;
1477 1506 1571 1559 sed

104 1607 209 1659 ωδ
249 1604 432 1673 Agellio
484 1602 771 1664 laudatur,
825 1616 877 1668 p.
926 1598 1067 1660 486,-
1115 1601 1170 1651 in
1221 1593 1332 1651 haec
1381 1596 1571 1666 psalmi

100 1710 271 1751 nurui
299 1696 443 1749 verba
467 1713 479 1747 :
517 1694 595 1746 Tu
616 1709 729 1746 vero
758 1691 995 1758 repulisti
1013 1701 1059 1744 et
1073 1689 1372 1756 despexisti.
1400 1689 1572 1741 distu-

98 1788 167 1839 listi
188 1787 419 1842 Christum
448 1797 597 1839 tuum
622 1800 639 1838 :
666 1785 895 1839 evertisti
931 1791 1292 1838 testamentum
1319 1782 1448 1834 servi
1475 1781 1569 1843 tui,
1598 1820 1603 1826 .

1669 653 1811 703 sulto
1839 648 2034 713 mittit;
2072 656 2183 699 tum
2214 644 2337 714 quia
2366 684 2379 705 ,
2437 642 2513 694 uti
2546 653 2710 709 supra
2743 636 2947 689 dictum
2990 637 3074 684 est
3103 669 3118 691 ,
3159 642 3227 680 ex

1668 749 1981 796 catenarum
2013 754 2113 792 usu
2151 738 2286 791 bene
2317 736 2484 789 multa
2539 732 2592 785 in
2636 727 2973 796 Scripturam
3017 734 3229 777 sacram

1668 830 2057 887 commentaria
2088 844 2223 898 pene
2254 827 2647 882 obsoleverant.
2684 817 2921 887 Indeque
2941 813 3080 868 forte
3106 810 3231 864 fue-

1670 927 1739 979 rit
1768 922 1907 993 quod
1940 931 2047 974 tam
2093 920 2408 987 infrequens
2470 913 2610 986 apud
2667 910 2960 979 scriptores
3013 902 3232 957 Graecos

1672 1015 1864 1067 horum
1895 1010 2098 1066 mentio
2125 994 2394 1063 occurrat.
3114 992 3121 1000 ’

2266 1114 2493 1172 CAPUT
2550 1112 2636 1165 Ill.

1670 1232 1824 1270 κοτε
1863 1229 2139 1269 EUSEBIANI
2181 1226 2330 1266 STYLI
2371 1224 2437 1261 ΕΤ
2470 1222 2570 1259 (BV!
2604 1221 2653 1258 IN
2692 1218 2776 1257 ῐιιδ
2815 1190 3226 1255 COIIENTARIIS.

1675 1331 1723 1386 Ι.
1768 1330 1839 1384 1Ιὶ
1877 1328 2235 1384 commentarii
2276 1325 2448 1392 aperte
2499 1319 2712 1392 Eusebii
2761 1324 2901 1392 sunt.
2940 1312 3090 1392 II:-('
3130 1309 3231 1392 De-

1744 1380 2109 1454 monstratiuni
2149 1380 2512 1465 evangelicwa
2540 1389 2692 1465 istylo
2735 1385 2950 1465 similes.
2993 1380 3109 1437 ΙΙΙ.
3154 1381 3232 1434 De

1740 1472 1876 1540 stylo
1918 1469 2146 1523 Eusebii.
2180 1467 2205 1519 Ι
2225 1457 2302 1519 ll."
2328 1457 2996 1540 Maa'iminnicarni/ignem
3024 1462 3080 1505 ut
3106 1468 3233 1540 opu-

1742 1522 1879 1594 laius
1920 1522 2063 1593 testis
2101 1547 2351 1590 memorat
2404 1530 2673 1586 Eusebius.
2729 1522 2796 1582 νζ
2823 1524 3054 1594 Itemque
3096 1522 3231 1575 alio-

1743 1542 1879 1594 latus
1920 1543 2063 1593 testis
2101 1547 2351 1590 memorat
2404 1541 2673 1586 Eusebius.
2734 1541 2788 1582 V.
2823 1541 2953 1579 Hem
2990 1541 3054 1576 ue
3096 1541 3229 1575 aiw-

1743 1627 1858 1663 rum
1909 1608 2198 1662 Christiani
2248 1604 2474 1657 nominis
2524 1600 2773 1653 hostium.
2825 1541 3059 1658 VI.&uo
3102 1603 3229 1646 tem-

1742 1695 1863 1749 pore
1890 1680 1980 1731 hos
2008 1673 2407 1731 commentarios
2438 1670 2677 1723 ediderit.

1923 1788 1961 1837 ι.
1988 1788 2049 1837 Hi
2070 1781 2412 1838 Commentarii
2434 1786 2603 1843 aperte
2638 1774 2832 1825 Eusebii
2856 1780 2985 1823 sunt.

95 1879 318 1946 profanasti
360 1878 410 1931 in
453 1888 595 1931 terra
625 1877 984 1931 sanctuarium
1016 1875 1163 1943 ejus,
1207 1872 1319 1926 inec
1367 1871 1525 1925 habet
1555 1890 1568 1925 :
1604 1920 1644 1974 Β
1746 1895 1789 1947 Α
1820 1893 1930 1948 Deo
1954 1892 2239 1946 manifesta
2268 1895 2320 1942 ρι
2361 1900 2456 1955 ρει.
2488 1898 2545 1937 se
2576 1882 2721 1935 clara
2752 1894 2837 1933 res
2869 1884 2972 1937 est,
2997 1876 3096 1931 hos
3150 1874 3231 1942 ip-

94 1972 280 2034 Εὖσέΰιος
311 1971 360 2024 δὲ
393 1974 469 2035 εἰς
495 1972 559 2024 τὸ
597 1970 765 2033 πάθος
795 1970 886 2023 τοῦ
913 1966 1147 2039 Χριστοῦ
1181 1964 1349 2018 ταῦτα
1381 1980 1572 2033 πειρα-

94 2062 167 2126 6st,-
201 2062 377 2124 λαϐεῖν,
424 2062 548 2116 οὕτε
593 2062 847 2115 διασῶσαι
892 2060 981 2113 τὸν
1027 2058 1212 2129 εἱρμὸν
1257 2057 1357 2126 τῆς
1401 2058 1574 2127 ἑρμη-

90 2156 187 2216 νείας
209 2153 439 2224 ἠδυνήθη,
485 2152 611 2207 οὔτε
654 2152 959 2221 δυσφημίας
1006 2147 1277 2210 παντελῶς
1328 2147 1571 2199 ἀπαλλα-

92 2246 224 2313 γῆναι,
259 2247 423 2312 idest,
457 2246 716 2299 Eusebius
760 2254 971 2306 autem,
1029 2257 1145 2294 cum
1196 2239 1304 2292 lucc
1356 2240 1418 2290 de
1458 2254 1576 2307 pas-

89 2339 186 2390 sione
210 2335 385 2392 Christi
408 2337 674 2406 explicare
703 2335 974 2389 tentaverit
994 2373 1007 2395 ,
1040 2347 1198 2401 neque
1223 2330 1409 2383 seriem
1443 2348 1571 2383 nar-

90 2429 249 2482 rationis
280 2446 510 2494 servare,
573 2444 734 2498 neque
774 2423 1093 2492 blasphemia
1135 2423 1337 2490 penitus
1385 2437 1575 2475 uacuus

87 2535 160 2570 use
192 2521 358 2587 potuit.
405 2519 560 2573 lianc
599 2527 774 2571 autem
809 2515 1027 2570 Eusebii
1076 2513 1576 2583 interpretationem

89 2606 292 2666 hisissime
310 2620 613 2665 enarratam
644 2609 831 2673 habes,
869 2607 1005 2678 psal.
1038 2621 1299 2661 Lxxxvui.
1330 2605 1413 2659 An
1446 2620 1577 2659 vero

89 2694 361 2755 beAEusebio
399 2700 694 2769 impietatis
725 2708 852 2753 nota
896 2699 1020 2767 jure
1054 2698 1335 2761 inuratur,
1374 2712 1575 2761 necne,

90 2790 315 2856 expendere
353 2789 548 2845 inutile
578 2788 776 2856 fuerit;
814 2786 942 2844 cum
970 2792 1084 2859 ipse
1107 2796 1382 2845 temeratae
1410 2788 1578 2843 divini

93 2875 192 2933 Verbi
214 2881 462 2948 doctrinae
492 2889 677 2934 notam
714 2880 763 2933 in
820 2881 941 2936 aliis
984 2882 1153 2935 multo
1182 2880 1439 2949 liquidius
1496 2880 1579 2931 in-

91 2977 227 3034 currat,
259 2978 313 3021 ut
333 2984 432 3023 suo
452 2970 587 3022 loco
620 2970 1017 3038 comprobatur.

425 3079 485 3128 V’.
534 3080 757 3130 Gelasius
795 3092 883 3128 eos
905 3084 1157 3127 memorat.

130 3201 328 3259 Gelasius
353 3206 420 3260 de
449 3205 665 3260 duabus
689 3204 896 3259 naturis
942 3203 995 3257 in
1023 3203 1260 3265 Christo,
1291 3202 1433 3256 inter
1480 3198 1582 3254 Pa-

98 3304 175 3350 tntn
216 3300 565 3362 testimonia,
619 3297 837 3353 Eusebii
888 3297 1243 3352 Caesariensis
1292 3298 1470 3351 locum
1523 3294 1578 3347 in

93 3388 281 3451 psalmum
312 3391 589 3446 decimum
614 3392 902 3461 septimum
939 3390 1115 3454 aliert,
1151 3391 1243 3461 qui
1279 3391 1359 3445 sic
1387 3388 1574 3443 habet:

91 3475 727 3553 neuquiinclinauiteaelos
764 3492 814 3535 et
848 3483 1145 3546 descendit,
1195 3482 1477 3536 ascendens
1527 3484 1582 3533 in

90 3562 273 3621 hminem
290 3586 441 3637 quem
468 3573 774 3638 assumpsit,
796 3588 944 3639 quem
972 3588 1106 3624 nunc
1128 3570 1391 3625 cherubim
1412 3587 1580 3625 sermo

88 3658 269 3718 nauium,
288 3658 513 3710 evolavit
541 3673 660 3710 eum
700 3675 779 3723 eo,
803 3676 1077 3712 ascensum
1126 3660 1326 3727 faciens
1355 3676 1471 3713 cum
1500 3661 1583 3713 di-

58 3743 207 3808 ,titis,
246 3748 646 3814 spiritualibus,
698 3748 1092 3819 obsequentibus
1144 3749 1247 3803 sibi
1290 3766 1581 3818 pennarum

84 3840 210 3906 tentis,
232 3841 350 3909 ipsis
372 3842 541 3895 etiam
582 3841 878 3909 appellatis.
924 3840 1030 3896 Ubi
1081 3841 1427 3912 paucioribus
1458 3857 1583 3897 sen-

83 3926 244 3981 tentiam
286 3929 579 3998 exprimit,
630 3944 790 3999 quam
827 3930 1023 3983 ibidem
1059 3929 1128 3982 ab
1154 3927 1382 3982 Eusebio
1411 3943 1583 3982 enun-

58 4050 61 4053 -
83 4013 220 4083 κλωπ,
240 4021 335 4073 etsi
366 4021 560 4075 eadem
589 4035 812 4090 prorsus
828 4027 1004 4074 mente
1024 4028 1075 4073 et
1087 4018 1576 4087 interpretationeoz

84 4118 163 4158 mli
191 4106 449 4166 Eusebius
480 4111 679 4167 ibidem
723 4112 1077 4166 cherubinum
1109 4111 1258 4164 illum
1291 4111 1341 4164 in
1374 4111 1582 4180 psalmo

82 4208 413 4265 moratum,
480 4218 583 4273 pro
631 4203 968 4257 humanitate
1025 4201 1225 4257 Christi
1280 4194 1458 4257 habet.
1518 4201 1583 4254 Et

84 4288 188 4354 pulo
211 4298 326 4359 post
356 4290 505 4346 idem
534 4292 783 4348 Gelasius
837 4309 902 4349 ex
949 4293 1139 4347 eodem
1194 4290 1584 4347 commentario

58 4375 350 4457 'vhcall'ert:
383 4381 447 4437 Si
469 4400 589 4437 vero
620 4383 889 4452 jurantem
926 4402 1043 4439 eum
1072 4383 1301 4437 audieris
1336 4398 1425 4450 per
1461 4400 1583 4436 san-

90 4480 172 4525 na
192 4484 236 4527 et
258 4474 477 4529 Patrem
504 4492 676 4538 suum,
707 4476 838 4530 audi
852 4478 1121 4546 jurantem
1145 4492 1233 4545 per
1263 4475 1424 4528 Deum
1454 4475 1585 4528 Ver-

1673 1990 1917 2043 sissimos
1948 2001 2069 2041 esse
2098 1981 2311 2037 Eusebii
2329 1973 2675 2034 Ctesariensis
2698 1967 3131 2027 commentarios,
3172 1972 3231 2019 ut

1676 2096 1740 2133 ne
1778 2080 1858 2132 vel
1898 2077 2179 2129 minimum
2210 2071 2360 2126 dubii
2387 2067 2619 2123 eruditis
2638 2072 2692 2119 et
2723 2060 3007 2130 sagacibus
3041 2057 3230 2111 adver-

1675 2186 1794 2226 sum
1850 2167 2085 2224 suboriri
2140 2163 2329 2234 possit.
2396 2158 2596 2213 Verum
2646 2155 2772 2225 quia
2816 2152 2927 2207 hoc
2975 2163 3089 2204 aevo
3122 2162 3233 2202 non

1678 2264 1853 2337 pauci,
1886 2270 1945 2315 ut
1974 2258 2288 2313 criticorum
2339 2267 2533 2306 nomen
2581 2249 2682 2305 sibi
2715 2247 2951 2319 pariant,
2982 2243 3050 2299 de
3078 2241 3232 2296 libris

1676 2370 1812 2425 quos
1850 2369 1920 2407 ne
1966 2350 2047 2405 vel
2081 2343 2407 2417 primoribus
2428 2341 2653 2410 quidem
2684 2338 2852 2392 labris
2900 2337 3228 2404 attigerunt,

1678 2444 2000 2503 sententiam
2030 2440 2170 2495 ferre
2208 2434 2341 2507 nihil
2374 2439 2666 2487 verentur:
2709 2438 2761 2482 et
2790 2428 2965 2497 primo
3001 2431 3233 2495 Conspe-

1676 2546 1765 2591 ctu
1803 2537 1876 2589 ita
1911 2531 2258 2605 pronuntiant
2291 2544 2304 2578 :
2350 2525 2464 2580 Non
2494 2521 2633 2591 sapit
2683 2521 2881 2589 stylum
2913 2517 3229 2587 scriptoris,

1679 2628 1958 2697 indignum
1989 2630 2214 2678 auctore
2243 2626 2428 2684 tanto;
2475 2631 2539 2670 ac
2566 2617 2881 2685 plerumque
2920 2610 2975 2665 in
3024 2615 3230 2678 partem

1679 2718 1909 2789 negandi
1940 2715 2290 2788 procliviores
2332 2719 2477 2772 sunt,
2510 2710 2637 2762 hinc
2674 2706 2777 2763 sibi
2804 2712 3121 2759 nasutorum
3156 2699 3235 2753 la-

1679 2826 1819 2865 mam
1845 2808 2230 2863 conciliaturos
2252 2818 2376 2858 esse
2414 2800 2553 2864 rati,
2601 2800 2801 2869 quibus
2828 2810 2935 2850 non
2974 2794 3133 2849 facile
3164 2793 3235 2847 sit

1678 2901 1841 2955 verba
1880 2898 2044 2963 dare;
2075 2896 2196 2950 ideo
2227 2892 2385 2947 nobis
2412 2887 2615 2961 aliquid
2646 2889 2711 2942 de
2739 2885 3046 2940 Eusebiano
3097 2882 3235 2953 Stylo

1678 2993 1764 3045 his
1795 2993 1850 3045 in
1877 2986 2286 3044 commentariis
2328 2981 2643 3052 conspicuo,
2678 2979 2851 3047 deque
2903 2974 3235 3030 manifestiso

1679 3084 1834 3140 simis
1865 3082 2063 3136 ibidem
2097 3075 2385 3133 Eusebiaui
2417 3074 2514 3129 τενὶ
2562 3072 2736 3134 notis,
2768 3068 3067 3122 edisserere
3117 3064 3236 3119 ani-

1680 3190 1803 3230 inus
1831 3182 1931 3228 est.

1861 3266 1922 3315 ll.
1948 3263 2359 3316 Demonstrationi
2393 3256 2691 3320 evangelicae
2710 3256 2837 3315 stylo
2854 3253 3062 3301 similes.

1750 3373 1893 3428 Nulli
1923 3388 1989 3426 ex
2014 3369 2230 3425 Eusebii
2257 3366 2511 3437 operibus
2548 3363 2618 3417 ita
2649 3361 2827 3415 afﬁnis
2868 3360 3059 3437 horum
3089 3368 3239 3409 com-

1682 3464 2070 3520 mentariorum
2121 3461 2294 3531 stylus
2327 3464 2430 3519 est,
2462 3465 2521 3509 ut
2550 3454 2855 3523 evangelica:
2898 3449 3233 3503 Demonstra-

1684 3559 1811 3612 tioni
1840 3573 1858 3610 :
1902 3572 2011 3610 non
2047 3555 2206 3608 modo
2233 3553 2374 3607 enim
2404 3550 2667 3604 dictiones
2710 3554 2764 3600 et
2799 3540 3067 3597 tractandi
3102 3539 3238 3591 ratio

1682 3655 2014 3711 consonant,
2064 3645 2157 3699 sed
2194 3643 2352 3698 etiam
2386 3639 2785 3709 Scripturarum
2837 3629 3238 3699 interpretatio-

1683 3750 1801 3803 nes,
1828 3738 2091 3792 sententia
2142 3748 2373 3801 semper,
2398 3730 2572 3783 verbis
2601 3742 2708 3780 non
2742 3724 3113 3791 infrequenter
3164 3719 3239 3774 si—

1684 3831 1837 3883 miles
1894 3835 2039 3881 sunt.
2098 3827 2156 3879 In
2205 3821 2657 3877 Demonstratione
2714 3815 2842 3869 item
2892 3810 3187 3881 evangelica
3219 3847 3235 3871 ,

1676 3902 1906 3990 perinde
1933 3926 2096 3986 atque
2126 3917 2178 3967 in
2213 3914 2315 3967 hoc
2339 3906 2726 3965 commentario
2760 3898 2961 3969 passim
2996 3899 3239 3956 offendas

1683 4015 1737 4067 in
1792 4009 1946 4072 illud,
1978 4008 2189 4077 νοήσεις
2230 4002 2563 4071 ἐπιστήσας,
2610 3996 2860 4065 intelliges
2911 3995 2957 4048 si
3005 3992 3241 4046 animum

1683 4102 2019 4162 adhibueris,
2068 4097 2226 4168 inque
2277 4101 2557 4150 sexcentas
2603 4092 2736 4145 alias
2774 4086 2986 4143 dicendi
3035 4084 3241 4139 formu-

1684 4199 1801 4260 las,
1891 4194 2046 4264 queis
2106 4189 2373 4246 sermonis
2453 4186 2522 4240 ab
2580 4186 2686 4240 alio
2749 4182 2816 4236 ad
2867 4179 3012 4234 aliud
3069 4176 3240 4234 series

1683 4288 2049 4345 transfertur:
2096 4298 2256 4338 voces
2303 4279 2535 4334 Eusebio
2593 4277 2978 4345 frequentatas,
3013 4270 3242 4337 aliisque

1685 4377 2042 4449 scriptoribus
2068 4374 2249 4427 minus
2275 4372 2539 4431 usitatas,
2580 4368 2636 4421 in
2669 4374 2898 4433 utroque
2930 4374 3092 4430 opere
3132 4358 3244 4412 ritu

1685 4446 2098 4541 pari-adhibitas
2120 4462 2527 4534 deprehendas:
2557 4456 2945 4527 explicationes
2979 4450 3046 4504 de
3078 4446 3240 4504 Verbi

90 4560 319 4635 imm-od
342 4567 819 4623 omnibussazculis
850 4542 1165 4638 prwexsistit
1191 4607 1207 4632 ,
1251 4576 1489 4621 sanetum
1534 4576 1582 4621 et
1615 4582 1657 4635 ι)
1687 4559 1991 4617 substantia
2018 4565 2072 4613 et
2099 4556 2299 4616 deitate
2334 4553 2404 4605 ita
2449 4546 2780 4609 consimiles,
2817 4552 2876 4598 ut
2904 4542 3046 4595 illico
3079 4553 3239 4593 unam

88 4655 345 4724 lignatum
371 4655 756 4727 ejusFilium,
808 4675 956 4729 quem
1007 4659 1169 4713 Deum
1216 4659 1357 4712 varie
1398 4658 1583 4712 locuta:

90 4754 161 4797 ω
176 4747 362 4803 dudum
387 4768 419 4803 a
442 4749 593 4803 nobis
612 4749 892 4818 propositw
910 4764 1055 4803 voces
1080 4765 1095 4802 .'
1128 4765 1218 4818 per
1237 4764 1393 4819 quem
1428 4748 1584 4814 jurat

87 4830 173 4892 Dm
190 4850 233 4894 et
256 4841 416 4903 Pater
439 4841 553 4911 ejus
576 4850 823 4911 tanquam
843 4838 1253 4905 dilectum‘eum,
1288 4840 1379 4908 qui
1400 4853 1465 4892 ea:
1504 4854 1586 4892 se-

58 4934 63 4967 i
90 4926 175 4983 lie
195 4930 351 4986 David
374 4943 481 4996 est,
511 4934 565 4986 in
585 4933 851 5001 inﬁnitum
872 4931 1122 4985 saeculum
1151 4930 1545 5000 gloriﬁcaturus
1566 4969 1581 4992 ,

58 5034 59 5037 “
88 5018 336 5081 “etiam
374 5027 582 5093 factum
601 5031 701 5086 est,
725 5020 930 5093 quando
989 5012 1213 5075 Verbum
1250 5022 1585 5074 incarnatum

58 5106 61 5115 “
86 5112 253 5180 νειαῳὶ
272 5130 335 5167 ea:
363 5113 565 5167 semine
596 5111 762 5165 David
784 5120 863 5166 est
898 5110 1216 5176 assumpsit,
1262 5116 1413 5175 atque
1436 5109 1587 5176 deiﬁ-
1628 5129 1632 5132 ~

58 5250 67 5295 ὲ
176 5204 295 5256 unde
318 5213 369 5258 et
392 5202 596 5257 Filium
619 5218 736 5255 eum
760 5201 984 5271 appellat
1005 5198 1179 5251 dicens
1203 5214 1220 5251 :
1252 5216 1271 5249 ι
1301 5196 1411 5267 Ego
1433 5196 1521 5251 'ero
1541 5197 1589 5251 ei

58 5284 63 5361 ᾗ
92 5284 377 5355 tIPstrem,et
393 5293 619 5359 ipseerit
636 5291 762 5345 mihi
784 5292 836 5345 in
853 5287 1150 5358 Filium”!
1175 5285 1298 5356 Reg.
1324 5287 1537 5358 Vm”);
1563 5307 1582 5339 ³

58 5366 325 5455 Hilarum:
351 5405 370 5436 ι
409 5385 527 5455 Ego
566 5385 960 5452 primogenitum
984 5397 1175 5452 ponam
1220 5379 1372 5432 illum
1411 5378 1583 5449 (Psal.

76 5476 286 5537 tum",
318 5473 438 5540 28).
484 5494 503 5526 ι
558 5474 684 5530 meo
716 5476 841 5530 item
871 5469 1589 5547 compendio,exprimuntur

92 5558 575 5636 Oilerpretatione
602 5556 791 5634 psalmi
824 5581 1082 5628 LXXXVIII,
1126 5563 1465 5632 maximeque
1523 5578 1587 5617 ex

84 5658 189 5735 in.
209 5654 261 5718 ι.
281 5658 336 5721 5,
366 5656 464 5717 36,
498 5655 571 5708 37
598 5663 651 5708 et
680 5655 765 5710 '58.

134 5737 220 5800 Βιί
246 5762 371 5804 vero
400 5746 645 5802 Photius
675 5744 809 5825 inter
841 5746 1057 5803 Eusebii
1085 5762 1247 5816 opera
1293 5745 1394 5801 hos
1443 5760 1591 5800 com-

58 5838 63 5895 i
98 5838 319 5895 Harios
344 5854 463 5895 non
496 5844 809 5929 recenseat,
859 5839 989 5894 nihil
1036 5839 1264 5905 mirum;
1320 5845 1434 5893 tum
1461 5837 1590 5918 quia

1684 4651 1901 4711 Eusebii
1937 4656 2192 4710 mentem,
2216 4658 2377 4700 unam
2425 4640 2711 4710 utrobique
2745 4650 2961 4692 manum
2994 4633 3238 4689 olfacias.

1682 4744 1885 4802 Verum
1920 4743 2106 4798 isthazc
2133 4734 2517 4795 exercitatione
2540 4733 2712 4804 prius,
2737 4744 2899 4801 quam
2932 4723 3238 4783 ratiocinio,

1686 4837 1863 4907 quivis
1897 4829 2132 4902 experiri
2160 4828 2338 4882 valeat
2372 4845 2385 4881 :
2424 4840 2601 4895 neque
2641 4823 2727 4877 his
2759 4820 2963 4874 diutius
2994 4817 3243 4872 insistere

1687 4904 1835 4992 libet,
1860 4925 1927 4980 de
1953 4922 2147 4993 quibus
2176 4918 2380 4972 nullam
2433 4931 2592 4986 spero
2616 4954 2630 4978 ,
2665 4911 2805 4982 apud
2833 4909 3087 4963 cordatos
3137 4904 3242 4960 sal-

1687 5027 1816 5082 tem,
1848 5014 2273 5073 controversiam
2304 5010 2562 5064 futuram.

2116 5104 2119 5111 ’
2171 5102 2257 5152 Ill.
2291 5102 2366 5151 De
2384 5102 2513 5160 stylo
2535 5094 2754 5147 Eusebii.

1758 5210 1850 5265 Est
1882 5222 2045 5278 porro
2077 5206 2200 5275 styli
2235 5218 2405 5275 genus
2438 5199 2523 5253 hic
2555 5205 2613 5251 ut
2650 5196 2704 5250 in
2748 5193 2869 5247 aliis
2916 5190 3034 5261 ejus
3063 5187 3241 5255 operi-

1688 5304 1811 5365 bus,
1834 5300 1990 5369 quale
2013 5297 2271 5352 describit
2294 5293 2518 5346 Photius
2542 5290 2595 5342 in
2624 5286 3129 5342 Bibliotheca,num.
3158 5278 3236 5330 13:

1689 5396 1799 5467 Τὴν
1840 5368 1896 5446 δὲ
1930 5391 2127 5461 φράσιν
2167 5390 2264 5441 οὐκ
2294 5387 2439 5438 ἔστιν
2481 5380 2750 5449 οὐδαμοῦ,
2792 5372 3091 5441 οὖτενήδίδς,
3120 5368 3242 5420 οὔτε

1688 5459 2029 5554 λαξιπρότηλτι
2087 5478 2308 5549 χαίρων.
2368 5468 2687 5540 Πολυμαθὴς
2737 5466 2793 5519 δέ
2830 5466 2971 5515 ἐστιν
3007 5463 3034 5513 ὁ
3079 5459 3238 5527 ἀνήρ,

1689 5576 1792 5629 hoc
1820 5581 1905 5628 est
1930 5591 1941 5625 ε
1978 5570 2217 5623 Dictione
2247 5574 2417 5619 autem
2440 5578 2693 5630 nusquam
2711 5556 2897 5617 suavis
2922 5560 3033 5615 est,
3070 5552 3242 5616 neque

1689 5666 1946 5737 elegantia
1973 5672 2209 5717 ornatus.
2242 5656 2646 5711 Eruditissimus
2678 5660 2848 5703 tamen
2875 5645 2951 5698 vir
2979 5652 3075 5697 est.
3119 5639 3242 5709 Sty—

1691 5750 1776 5817 lus
1804 5762 1985 5830 itaque
2005 5758 2125 5828 ejus
2153 5752 2397 5812 nonnihil
2438 5749 2706 5819 strigosus
2733 5750 2786 5798 et
2818 5741 3104 5814 perplexas
3133 5743 3237 5798 est,

1691 5867 1799 5909 non
1820 5857 1947 5906 arte
1975 5850 2235 5905 limatus:
2267 5842 2437 5901 oratio
2485 5838 2684 5897 nedum
2730 5840 2983 5893 excurrat
3034 5831 3235 5891 libere,
