3956 6340
623 394 691 448 19
1307 390 1573 450 EUSEBH
1612 394 2086 457 CESABIENSIS
2123 394 2273 453 OPP.
2313 393 2492 458 PARS
2526 391 2614 447 ll}.
2659 422 2724 433 -—
2761 387 3169 444 EXEGETICA.
3786 386 3855 441 20
3954 431 3956 446 .

617 509 758 567 adeo
781 511 1028 568 iutricata
1053 483 1366 584 plerumque
1391 521 1507 582 est,
1538 521 1599 569 ut
1627 515 1912 586 scriptoris
1941 525 2180 583 mentem.
2203 523 2245 578 Α
2275 523 2427 578 sunt,
2464 514 2541 567 ita
2565 520 2623 566 ut
2663 509 2914 568 divinitus
2953 508 3246 569 immissum
3276 506 3376 561 sibi
3416 505 3686 577 ﬂagellum
3733 506 3854 556 ani-

616 603 706 658 vix
732 612 1048 673 assequare.
1077 601 1338 666 Periodos
1374 605 1450 666 ita
1494 607 1732 678 prolixas
1771 609 1956 672 ducit,
1991 614 2052 662 ut
2073 621 2172 661 ex-

616 699 844 749 tractam
874 695 1084 765 longius
1109 697 1327 760 seriem,
1356 697 1404 753 si
1432 697 1561 767 quid
1593 698 1718 761 novi
1757 699 1924 754 menti
1957 715 2178 756 succur-

616 785 784 852 rerit,
831 774 1059 848 subinde
1113 788 1439 858 intercipiat,
1474 790 1600 845 dum
1647 805 1955 860 suspensus
1992 793 2174 847 animo

615 876 803 942 lector,
836 891 936 932 nec
976 892 1084 948 quo
1116 876 1402 951 deducere.
1437 895 1536 935 nec
1587 881 1675 936 ubi
1709 871 1985 947 claudere.
2014 898 2178 959 argu:

613 976 857 1031 mentum
878 970 1026 1036 velit,
1049 970 1351 1041 intelligere
1377 973 1538 1028 valet.
1567 973 1722 1040 Quod
1749 975 1981 1031 maxime
2010 977 2094 1033 his
2116 979 2171 1031 in

613 1060 1019 1117 commentariis
1055 1063 1329 1127 observes,
1346 1062 1438 1118 ubi
1466 1073 1754 1140 perpetuus
1781 1076 2021 1123 veterum
2051 1083 2171 1124 ver-

613 1150 852 1217 sionum,
880 1165 1002 1222 quas
1026 1163 1082 1206 ut
1113 1154 1404 1224 plurimum
1459 1156 1810 1211 subbarbarte
1838 1167 1986 1222 sunt,
2010 1174 2166 1224 usus,

613 1234 1033 1316 aliquamstylo
1081 1247 1202 1315 ejus
1254 1249 1446 1321 intulit_
1481 1249 1938 1321 peregrinitatem.
1985 1249 2174 1321 Neque

611 1338 794 1388 tamen
821 1349 919 1406 par
940 1336 1137 1409 ubique
1164 1338 1289 1409 styli
1313 1337 1451 1403 ratio
1493 1346 1576 1392 est
1600 1357 1622 1404 ε,
1640 1346 1774 1392 nam
1818 1336 1918 1405 ubi
1964 1338 2031 1391 ad
2075 1338 2170 1394 de-

611 1426 936 1496 scriptiones
969 1429 1220 1495 vertitur,
1270 1429 1464 1500 seriem
1502 1438 1732 1484 exornat
1775 1430 1953 1486 verbis
2006 1445 2167 1501 quam

609 1526 790 1586 potest
815 1519 1124 1575 lectissimis
1150 1538 1173 1587 ;-
1200 1535 1307 1574 ηοη
1358 1530 1413 1573 ut
1453 1521 1657 1574 otiosos
1704 1521 1851 1576 inani
1896 1521 2167 1592 voluptate

610 1607 932 1671 demulceat,
961 1610 1052 1664 sed
1086 1619 1144 1664 ut
1172 1626 1235 1666 ex
1258 1627 1438 1666 rerum
1468 1627 1588 1681 qua:
1625 1613 1726 1669 sub
1766 1622 2040 1682 aspectum
2075 1627 2168 1665 ca—

611 1700 746 1754 dunt
778 1699 1179 1768 pulchritudine
1231 1710 1285 1757 et
1335 1698 1636 1767 conoentu,
1679 1701 1746 1755 ad
1791 1701 2001 1771 epilicis
2032 1717 2165 1756 con-

609 1791 1009 1860 templationem
1042 1793 1263 1847 alliciat.
1317 1791 1406 1846 Sic
1455 1791 1524 1845 ad
1570 1784 1838 1862 psalmum
1888 1808 2058 1855 xvm,
2099 1792 2166 1846 de

607 1897 774 1938 cursu
817 1865 948 1939 solis
978 1882 1250 1938 floridiore
1292 1885 1432 1954 stylo
1458 1883 1684 1939 mirilice
1721 1884 2006 1957 edisserit:
2030 1885 2164 1939 alias
2197 1865 2236 1920 Β

607 1974 860 2031 similiter
887 1974 955 2029 de
987 1991 1152 2029 verno
1195 1984 1456 2045 tempore,
1493 1977 1665 2046 deque
1693 1990 1956 2046 aquarum
1985 1976 2164 2032 divor-

607 2063 732 2135 tiis,
767 2079 887 2134 quae
933 2067 1319 2135 sapientissimi
1348 2067 1660 2123 Conditoris
1693 2077 1859 2122 nutus
1909 2068 1976 2122 ad
2008 2075 2165 2122 terrae

609 2155 821 2212 cultum
850 2167 903 2214 et
936 2156 1319 2214 fecunditatem
1370 2160 1702 2218 moderatur.
1752 2159 1938 2214 Divine
1987 2169 2165 2214 autem

605 2243 850 2316 loquitur
877 2249 1049 2304 sicubi
1077 2257 1266 2307 contra
1313 2265 1407 2308 eos
1457 2250 1761 2318 disceptat,
1818 2250 1908 2319 qui
1957 2256 2164 2320 tempe-

605 2349 761 2401 rante
793 2339 1010 2396 fortuna
1037 2357 1215 2396 verum
1251 2341 1608 2395 humanarum
1646 2341 1816 2395 aleam
1853 2340 2046 2396 cadere
2074 2355 2164 2396 ar-

606 2432 914 2498 bitrantur;
947 2433 1060 2488 sive
1093 2434 1254 2487 etiam
1278 2473 1292 2494 .
1340 2433 1434 2502 qui
1470 2447 1558 2486 res
1599 2447 1821 2494 omnes,
1877 2449 2000 2502 quae
2038 2440 2165 2488 sunt

606 2524 812 2581 homini
842 2524 1186 2592 expetendae,
1218 2525 1490 2592 voluptate
1536 2527 1834 2579 metiuntur
1861 2545 1871 2577 :
1907 2526 2161 2594 frequen-

608 2612 816 2666 tissime
857 2627 987 2666 vero
1014 2614 1138 2667 lilOS
1167 2613 1433 2682 exagitat,
1489 2614 1578 2681 qui
1639 2612 1894 2667 mundum
1944 2613 2163 2670 fortuito

606 2717 673 2757 ac
698 2718 765 2756 ex
799 2705 1086 2758 temerario
1116 2707 1343 2772 partium
1380 2719 1646 2758 concursu
1677 2713 1864 2771 sponte
1897 2707 2162 2760 coaluisse

607 2791 940 2860 pugnabant,
977 2795 1030 2846 in
1084 2793 1279 2864 bisque
1334 2809 1464 2850 sane
1521 2797 1828 2852 invenimus
1871 2795 2163 2863 Eusebium

607 2881 842 2937 Eusebio
876 2885 1280 2952 elegantiorem.

667 2998 746 3049 IV.
774 2991 1358 3108 Maximini'carniﬁctEam
1387 3005 1445 3109 git
1464 3003 1684 3052 oculatus
1711 3004 1851 3054 testis
1870 3008 2107 3054 memorat

1297 3075 1381 3109 use
1439 3076 1509 3109 us.

1297 3075 1509 3110 usemus.

679 3142 819 3198 Evo
869 3157 969 3200 suo
1028 3151 1364 3213 grassantem
1410 3144 1684 3198 Maximini
1721 3164 1776 3198 ιιι
1828 3149 2166 3199 ωιτιειὶοηοε

608 3232 978 3303 carnificinam
1008 3242 1066 3288 ut
1098 3235 1347 3298 oculatus
1396 3236 1554 3290 testis
1592 3243 1854 3290 memorat
1918 3235 1983 3289 ad
2025 3251 2118 3305 psa

608 3341 798 3396 axx“,
817 3326 908 3381 ubi
942 3320 1224 3400 postquam
1254 3329 1530 3399 gentilium
1555 3329 1942 3384 immanitatem
1977 3343 2163 3384 recen-

608 3417 739 3488 suit,
770 3418 885 3489 haec
918 3420 1137 3474 subdit:
1173 3421 1380 3492 Ὥσπερ
1419 3422 1475 3474 δὲ
1502 3421 1672 3475 ταῦτα
1719 3423 2125 3493 ἱστορησάμενοι
2146 3465 2160 3489 ,

605 3507 749 3577 οὖτῳ
774 3510 869 3564 καὶ
889 3509 984 3582 τὴν
1007 3510 1361 3586 μετελθοῦσαν
1405 3513 1599 3576 αὐτοὺς
1629 3513 1761 3566 Θεοῦ
1795 3515 1948 3584 δίκην
1980 3515 2164 3569 τεθεά-

610 3605 782 3676 μεθα,
834 3605 1084 3673 τοιαύτην
1144 3605 1471 3676 γενομένην,
1516 3605 1590 3668 ὡς
1648 3607 1720 3676 μὴ
1782 3601 2041 3679 ἁμαρτεῖν
2075 3611 2163 3661 τὸν
2255 3620 2261 3629 “

608 3697 852 3762 φήσαντα
883 3695 1112 3766 ἀληθῶς,
1142 3697 1239 3767 τὴν
1267 3696 1533 3767 ῥομφαίαν
1569 3697 1742 3749 αὐτῶν
1769 3699 2164 3769 εἰσεληλυθέναι

603 3788 688 3850 »οἷς
717 3788 816 3856 τὴν
857 3789 1077 3859 καρδίαν
1125 3789 1329 3853 αὐτῶν,
1375 3790 1467 3842 καὶ
1513 3788 1580 3842 τὰ
1648 3787 1775 3852 τόξα
1826 3789 2001 3843 αὐτῶν
2042 3808 2168 3845 συνν

605 3878 906 3949 τετρίφθαι,
936 3878 989 3931 id
1017 3888 1098 3933 est
1130 3899 1140 3931 :
1169 3878 1422 3933 Utautem
1443 3880 1549 3933 haec
1571 3879 1812 3943 vidimus,
1839 3883 1914 3933 ita
1936 3893 1984 3934 et
2013 3884 2167 3936 ultio-

604 3988 725 4038 nem.
745 3971 841 4035 Dei
866 3973 1004 4038 ipsos
1037 3971 1359 4025 invadentem
1381 3973 1728 4040 suspeximus,
1761 3988 1876 4041 qua:
1899 3974 2022 4026 talis
2055 3974 2133 4027 uti
2146 4003 2162 4014 -

605 4079 702 4141 qlue
748 4062 868 4141 fuit,
895 4071 955 4114 ut
992 4062 1121 4115 nihil
1150 4062 1467 4116 aberraverit
1521 4064 1564 4115 is
1608 4063 1699 4132 qui
1745 4061 1898 4129 dixit,
1929 4063 2163 4134 gladium

602 4139 786 4233 eorum
824 4154 1049 4222 inﬁmum
1076 4153 1129 4206 in
1163 4150 1322 4206 corda
1359 4155 1628 4222 ipsorum,
1686 4164 1735 4208 et
1781 4171 1934 4223 arcus
1986 4172 2163 4209 eorum

604 4247 899 4315 confractos
947 4261 1086 4300 esse.
1115 4245 1179 4309 Et
1208 4245 1333 4300 alibi
1365 4265 1377 4299 :
1413 4245 1541 4310 Quis
1598 4257 1769 4309 autem
1820 4247 1984 4317 oculis
2040 4266 2163 4304 con-

611 4339 892 4407 temptatus
937 4338 1145 4404 impios
1208 4337 1353 4408 (nam
1404 4336 1588 4394 Graeca
1641 4340 1948 4415 compendii
2000 4330 2162 4416 cauba

605 4427 893 4499 mittimus)
923 4428 1012 4496 qui
1067 4443 1174 4481 aevo
1217 4439 1395 4483 nostro
1426 4445 1490 4483 ex
1517 4430 1733 4497 divitiis,
1765 4432 1956 4502 gloria,
1985 4431 2163 4501 digni-

608 4515 803 4581 tatibus
835 4517 888 4568 in
926 4516 1275 4572 admiratione
1335 4520 1498 4588 fuere,
1529 4522 1584 4575 in
1646 4522 1939 4594 multasque
1993 4533 2164 4593 gentes

607 4605 879 4681 imperium
911 4603 1194 4670 obtinuere,
1229 4618 1429 4676 repente
1471 4609 1534 4661 ab
1577 4610 1673 4663 hac
1733 4610 2040 4665 celsitudine
2088 4613 2168 4665 la-

605 4709 746 4762 psos,
777 4712 878 4756 non
908 4695 1139 4765 fateatur
1185 4713 1359 4750 verum
1387 4715 1495 4752 esse
1525 4701 1796 4753 oraculum
1818 4700 2120 4770 hujusmodi
2143 4703 2170 4757 Ρ

726 4807 1031 4875 νκῐιεωςιιις
1059 4812 1266 4872 aliorum
1298 4810 2043 4882 Christiani,nominishostium.

677 4910 882 4969 Diserte
908 4930 1034 4971 vero
1088 4916 1155 4971 ad
1205 4919 1350 4987 psal.
1411 4930 1558 4971 nm
1606 4919 1827 4987 quinam
1889 4920 1969 4984 illi
2008 4921 2167 4976 Chri-

604 5003 906 5058 stianorum
961 5007 1242 5062 carnifices
1305 5010 1695 5086 imperatores,
1750 5019 1803 5065 et
1834 5027 1942 5080 quo
1975 5011 2166 5066 mortis

604 5112 800 5167 genere
832 5098 1031 5156 sublati
1064 5099 1173 5153 sint
1201 5111 1420 5167 enarrat
1463 5104 1546 5158 his
1577 5103 1755 5160 verbis
1788 5124 1801 5157 :
1842 5104 1974 5160 Ha'c
2010 5120 2165 5173 porro

606 5208 753 5262 opere
782 5194 1040 5262 completa
1085 5209 1178 5247 nos
1221 5195 1348 5262 ipsis
1381 5197 1545 5250 oculis
1575 5199 1893 5267 percepimus
1921 5215 1938 5252 :
1979 5197 2164 5269 quibus

613 5306 731 5348 sane
761 5290 1036 5343 verisimile
1065 5300 1140 5342 est
1169 5302 1399 5358 pasteros
1435 5302 1639 5345 nostros
1661 5292 1968 5360 incredulos
1991 5333 2003 5355 ,
2049 5307 2164 5344 cum

619 5383 718 5440 ’τωο
747 5381 979 5445 audient,
1010 5381 1165 5449 ﬁdem
1189 5399 1292 5436 non
1319 5383 1585 5446 habituros
1609 5402 1738 5440 esse.
1767 5385 2028 5454 Quotquot
2063 5389 2161 5455 igi-

612 5484 698 5524 tur
731 5490 836 5529 tero
872 5484 1048 5528 nostro
1079 5474 1220 5543 fuere
1253 5474 1500 5529 Ecclesia:
1531 5478 1622 5530 Dei
1661 5478 1879 5540 inimici,
1907 5479 2161 5545 principes

609 5566 765 5634 hujus
786 5567 965 5637 stclei
992 5577 1042 5622 et
1081 5570 1292 5639 tyranni
1317 5609 1331 5630 ,
1374 5569 1626 5627 divinitus
1655 5573 1907 5626 immissis
1937 5572 2163 5642 ﬂagellis

611 5655 833 5719 laniati;
863 5656 958 5711 alii
999 5659 1205 5729 quidem
1239 5662 1480 5727 corporis
1522 5660 1713 5713 cariem
1756 5663 1985 5728 perpessi
2015 5669 2160 5724 sunt,

611 5756 667 5811 ut
699 5749 857 5800 etiam
889 5749 964 5802 vel
997 5749 1164 5816 adhuc
1219 5751 1436 5815 viventes
1489 5767 1604 5816 cum
1632 5752 1952 5811 intolerabili
1999 5749 2162 5815 fetore

611 5840 864 5914 vermibus
894 5849 1196 5897 scaterent.‘
1244 5844 1336 5896 alii
1395 5845 1609 5898 virentes
1662 5845 1780 5898 item
1828 5844 1990 5900 oculis
2026 5845 2163 5912 capti

2279 606 2674 670 madverterent,
2720 601 3144 678 palinodiamque
3172 609 3449 662 canerent,
3499 615 3563 652 ac
3594 597 3855 653 Ecclesia

2278 700 2444 754 Deum
2474 714 2728 769 magnum
2779 702 3086 766 verumque,
3130 702 3180 750 et
3215 692 3387 756 solum
3420 707 3532 755 esse
3561 690 3853 745 Dominum

2276 793 2669 861 conﬁterentur,
2700 803 3005 858 summaque
3037 802 3167 839 cura
3195 785 3558 854 praeciperent,
3578 791 3635 836 ut
3659 783 3853 848 ciuitas

2273 883 2371 937 illa
2402 881 2526 951 Dei,
2549 881 2613 944 ab
2658 897 2712 935 se
2735 878 2862 933 olim
2917 879 3221 948 impugnata
3246 916 3262 939 .
3305 883 3697 932 restauraretur
3719 913 3736 937 ,
3790 889 3852 925 ac

2272 974 2872 1028 deuuoconstrueretur.
2897 969 3161 1024 Videlicet
3181 969 3429 1025 Galerius
3458 967 3847 1027 Maximianus,

2271 1065 2363 1134 qui
2409 1064 2674 1119 vermium
2744 1059 2913 1117 fetore
2973 1061 3339 1131 computruit,
3368 1068 3428 1114 ut
3473 1061 3632 1114 habet
3677 1058 3850 1111 Euse-

2270 1154 2392 1210 bius
2427 1152 2573 1208 Hist.
2624 1153 2750 1207 eecl.
2788 1153 2881 1208 lib.
2914 1167 3008 1206 vm
3040 1191 3055 1218 ,
3109 1165 3157 1205 c.
3193 1150 3289 1216 l6;
3337 1151 3476 1206 alius
3508 1151 3601 1221 qui
3647 1155 3855 1219 captus

2273 1245 2450 1300 oculis
2477 1243 2668 1309 fertur,
2693 1253 2777 1299 est
2807 1242 3134 1298 Maximinus
3161 1239 3398 1297 Orientis
3427 1242 3750 1305 imperator,
3787 1249 3850 1294 ut

2270 1336 2345 1390 ait
2376 1334 2667 1400 Eusebius,
2702 1336 2742 1388 l.
2777 1351 2853 1399 ix,
2881 1349 2934 1389 c.
2973 1333 3058 1388 10.
3117 1331 3415 1411 Utrumque
3444 1344 3570 1386 vero
3621 1333 3852 1402 palino-

2269 1426 2709 1489 diam‘cecinisse
2736 1440 2926 1480 narrat
2949 1424 3217 1480 Eusebius
3248 1423 3336 1477 hic
3383 1433 3437 1479 et
3493 1425 3543 1476 iu
3568 1422 3852 1488 Historia

2266 1518 2642 1575 ecclesiastica.
2709 1515 2969 1571 Similiter
3019 1514 3095 1569 ad
3135 1515 3399 1585 psalmum
3429 1528 3673 1578 Lxxvm,
3729 1514 3852 1569 hmo

2267 1611 2472 1665 habet:
2532 1606 2710 1678 Neque
2761 1608 2933 1662 solum
2986 1607 3054 1660 iis
3115 1608 3242 1676 (qui
3295 1616 3534 1675 tempore
3581 1605 3851 1681 Antiqcbi.

2267 1703 2418 1773 passi
2463 1702 2615 1780 sunt)
2649 1702 2758 1756 lucc
2790 1700 2989 1755 tradita
3017 1699 3198 1769 fuere;
3242 1699 3479 1754 omnibus
3520 1701 3710 1770 quippe
3755 1683 3848 1753 lsi—

2266 1794 2416 1848 milia
2437 1794 2754 1863 patientibus
2790 1800 3124 1860 competunt:
3153 1792 3275 1859 quia
3301 1791 3842 1859 inspersecutionibus,

2264 1902 2380 1956 qua:
2408 1894 2589 1938 nostra
2611 1893 2764 1960 tetate
2778 1885 3135 1953 contigerunt,
3153 1883 3376 1937 sexcenti
3391 1896 3548 1952 supra
3566 1874 3851 1937 recensitis

2264 1977 2462 2031 similia
2488 1983 2610 2030 sunt
2642 1976 2903 2049 perpessi.
2938 1975 3004 2027 Et
3038 1973 3104 2028 ad
3151 1965 3414 2043 psalmum
3462 1979 3550 2038 xc,
3584 1979 3736 2029 vers.
3780 1973 3840 2037 9,

2265 2084 2323 2122 se
2356 2084 2461 2122 non
2492 2069 2657 2122 unius
2688 2055 2918 2140 tantum
2951 2061 3044 2122 sed
3095 2067 3450 2136 plurimarum
3499 2066 3844 2136 persecutio-

2263 2175 2392 2213 num
2425 2167 2614 2213 testem
2644 2157 2815 2213 fuisse
2849 2165 3068 2221 narrat,
3099 2164 3467 2228 tyrannosque
3499 2172 3606 2234 non
3635 2158 3737 2212 diu
3771 2158 3848 2211 ab

2265 2252 2414 2304 illata
2445 2249 2771 2305 Christianis
2804 2247 2976 2311 clade,
3029 2234 3262 2304 interitu
3305 2249 3491 2318 plexos
3525 2249 3609 2305 his
3639 2250 3842 2306 testiﬁ-

2263 2352 2456 2399 catur:
2497 2342 2610 2399 Nos
2654 2353 2828 2397 autem
2864 2344 3133 2398 ueritatem
3177 2343 3309 2411 ipsa
3340 2343 3697 2411 exemplorum
3756 2345 3838 2396 in-

2265 2435 2631 2504 terpretatione
2660 2434 3000 2504 percepimus,
3026 2443 3294 2501 conspecto
3325 2435 3485 2487 uariis
3518 2433 3842 2502 temporibus

2266 2525 2555 2579 Ecclesium
2583 2523 2779 2578 Christi
2823 2525 3237 2592 impugnantium
3294 2522 3466 2586 exitu,
3510 2524 3600 2592 qui
3653 2523 3856 2591 conisa
3953 2523 3956 2592 i

2266 2619 2390 2670 stim
2411 2656 2426 2680 ,
2463 2633 2525 2670 ne
2555 2617 2804 2669 diuturno
2836 2623 2951 2683 post
2981 2626 3224 2683 tempore,
3255 2613 3497 2668 debellati
3526 2623 3670 2668 sunt.
3716 2612 3838 2682 Ipse

2264 2723 2497 2780 namque
2521 2708 2728 2762 viderat
2769 2706 3192 2768 Diocletianum,
3250 2704 3632 2759 Maximianum
3676 2703 3837 2759 Gale-

2264 2783 2425 2865 rium,
2452 2799 2799 2854 Maximinum
2824 2806 2876 2853 et
2904 2796 3169 2851 Licinium
3195 2837 3211 2859 ,
3252 2798 3349 2868 qui
3393 2797 3449 2852 in
3483 2797 3837 2852 Christianos

2263 2888 2632 2942 carniﬁcinam
2658 2895 3048 2950 exercuerant,
3107 2885 3346 2957 infausto
3389 2888 3580 2942 mortis
3633 2899 3842 2957 genere

2264 2980 2511 3049 periisse.

2433 3088 2510 3137 VI.
2539 3089 2644 3148 Quo
2668 3095 2889 3152 tempore
2909 3091 2999 3139 bus
3023 3090 3394 3139 commentarios
3414 3089 3643 3137 ediderit.

2122 3191 2165 3289 ἶ
2192 3208 2237 3270 c
2338 3191 2797 3249 Manifestissimis
2841 3195 3007 3264 igitur
3037 3195 3181 3249 uotis
3228 3193 3552 3263 iudiciisque
3587 3207 3710 3247 sese
3741 3192 3810 3245 bo

2270 3301 2388 3340 rum
2421 3287 3250 3348 commentariorumqauctorem
3296 3287 3474 3357 prodit
3524 3286 3790 3341 Eusebius
3821 3331 3826 3338 .

2266 3372 2376 3444 iam
2408 3389 2537 3428 vero
2572 3383 2740 3429 restat
2790 3383 2849 3427 ut
2901 3376 3242 3444 exploremus
3283 3391 3390 3445 quo
3445 3385 3692 3445 tempore
3731 3378 3818 3430 hct

2269 3479 2404 3534 opus
2437 3463 2688 3519 ediderit.
2725 3464 2839 3535 Qua
2871 3464 2938 3519 de
2972 3481 3030 3519 re
3069 3481 3132 3520 ex
3183 3481 3292 3520 uno
3331 3476 3539 3521 tantum
3593 3468 3714 3520 loco
3758 3468 3821 3520 lu~

2268 3568 2384 3609 cem
2415 3557 2650 3609 mutuari
2688 3556 2830 3610 licet.
2869 3555 2962 3611 Est
2996 3557 3043 3611 is
3098 3558 3151 3610 in
3211 3558 3420 3623 psalmo
3471 3573 3724 3618 Lxxxvn.
3763 3557 3827 3609 ad

2267 3646 2412 3700 hunc
2464 3662 2678 3702 versum
2715 3646 3004 3718 :Nunquid
3055 3650 3275 3709 mortuis
3322 3649 3484 3718 [acies
3522 3649 3831 3701 mirabilia?

2268 3739 2358 3794 ubi
2399 3739 2478 3795 sic
2526 3737 2685 3793 habet
2719 3757 2732 3791 :
2774 3740 2836 3791 Εἰ
2869 3739 2926 3792 δέ
2953 3757 3034 3804 τις
3069 3741 3189 3793 νοῦν
3232 3732 3542 3810 ἐπιστήσειε
3569 3744 3682 3803 τοῖς
3711 3739 3829 3791 καθ’

2266 3833 2412 3901 ἡμᾶς
2442 3832 2581 3901 ἀμφὶ
2607 3831 2666 3884 τὸ
2689 3831 2873 3900 μνῆμα
2891 3832 2981 3882 καὶ
3015 3831 3072 3882 τὸ
3107 3831 3401 3903 μαρτύριον
3433 3831 3527 3884 τοῦ
3577 3831 3829 3902 Σωτῆρος

2269 3919 2422 3990 ἡμῶν
2463 3919 2850 3973 ὲπιτελεσθείσι
2906 3919 3258 3990 θαυμασίοις,
3285 3920 3495 3990 ἀληθῶς
3537 3919 3741 3980 aluerat.
3775 3920 3832 3972 ὅσ

2269 4027 2388 4074 πως
2429 4012 2774 4082 πεπλήρωται
2803 4009 2983 4083 ἔργοις
3027 4012 3094 4064 τὰ
3131 4011 3559 4083 τεθεσπισμένα,
3616 4011 3667 4064 id
3713 4021 3825 4066 est:

2273 4093 2424 4169 Quod
2452 4105 2497 4157 si
2530 4104 2644 4173 quis
2684 4104 2915 4157 animum
2949 4104 3192 4158 adhibeat
3223 4107 3309 4171 iis,
3336 4121 3450 4175 qua:
3476 4114 3652 4160 nostra
3701 4115 3831 4160 ιοηι·⁴

2268 4210 2389 4263 pore
2419 4196 2492 4248 ad
2522 4197 2814 4264 sepulcrum
2863 4208 2910 4252 et
2963 4200 3279 4268 martyrium
3333 4197 3623 4251 Saluatoris
3657 4195 3827 4250 nostri

2268 4299 2482 4358 patrata
2516 4299 2658 4354 sunt,
2682 4290 3055 4365 mirabilibus,
3104 4292 3148 4344 is
3190 4306 3313 4344 sane
3343 4290 3678 4357 deprehendet
3729 4303 3828 4358 qua.

2267 4391 2420 4448 pacto
2449 4398 2511 4434 ea
2539 4398 2653 4452 qua:
2697 4383 3053 4449 praenuntiata
3085 4381 3331 4449 fuerant,
3381 4398 3527 4448 opere
3571 4381 3828 4448 completa

2270 4474 2394 4526 sint.
2424 4471 2500 4526 De
2531 4473 2811 4526 miraculis
2852 4473 2908 4525 in
2932 4473 3192 4542 sepulcro
3225 4480 3276 4527 et
3322 4474 3580 4544 martyrio
3623 4471 3826 4526 Clu-isti

2198 4565 2245 4624 D
2271 4562 2432 4617 editis
2454 4578 2522 4616 ne
2548 4563 2767 4616 verbum
2797 4562 3012 4632 quidem
3038 4562 3301 4634 Eusebius
3327 4566 3381 4618 in
3422 4564 3539 4616 Vita
3569 4561 3827 4626 Constan-

2274 4654 2409 4717 tini;
2437 4652 2542 4708 etsi
2562 4654 2854 4717 detectum,
2878 4664 3103 4709 curante
3129 4655 3328 4710 Helena
3349 4695 3363 4719 ,
3414 4655 3722 4725 sepulcrum
3773 4661 3824 4706 et

2271 4744 2590 4814 martyrium
2641 4753 2921 4810 memoret,
2954 4754 3285 4800 exstructam
3341 4743 3528 4799 eodem
3583 4743 3701 4797 loco
3731 4757 3824 4812 per

2267 4835 2683 4892 Constantinum
2714 4837 3302 4907 magnificentissimam
3347 4834 3631 4889 ecclesiam
3667 4850 3787 4889 enat
3817 4867 3824 4874 -

2268 4939 2346 4986 ret
2373 4970 2387 4994 ,
2421 4929 2683 5000 synodum
2708 4929 2766 4986 in
2787 4931 3033 5001 ejusdem
3055 4929 3299 4984 ecclesiae
3324 4927 3576 4982 encaeniis
3604 4943 3702 4982 seu
3731 4927 3821 4982 de-

2268 5021 2537 5078 dicatione
2598 5022 2924 5080 celebratam
2993 5035 3135 5076 anno
3191 5020 3334 5086 3'55,
3393 5021 3699 5074 minutatim
3770 5030 3822 5073 et

2268 5109 2500 5182 κομψῶς.
2518 5114 2808 5170 describat.
2832 5113 3033 5170 Yerum
3071 5112 3160 5166 hic
3195 5111 3262 5166 de
3291 5111 3568 5166 miraculis
3600 5113 3681 5180 agi
3706 5127 3820 5180 qua:

2270 5219 2297 5255 a
2351 5202 2564 5269 Rufino,
2600 5204 2835 5276 Sulpicio
2865 5203 3086 5268 Severo,
3115 5202 3368 5266 Socrate,
3423 5201 3724 5266 Sozomeuo
3770 5211 3817 5256 et

2269 5294 2606 5351 Theodoreto
2637 5303 3008 5357 recensentur,
3037 5309 3104 5349 ne
3138 5295 3396 5363 ambigas.
3428 5294 3594 5348 Aiunt
3624 5309 3818 5366 quippe

2270 5388 2366 5450 illi,
2403 5390 2615 5445 amante
2645 5389 2866 5443 numine
2926 5386 3102 5441 locum
3150 5387 3386 5456 sepulcri
3424 5385 3679 5442 Helenam
3726 5387 3815 5438 de-

2269 5481 2484 5543 texisse,
2518 5488 2630 5534 tres
2663 5480 2734 5532 ibi
2771 5491 2959 5538 cruces
2989 5483 3229 5546 repertas
3255 5493 3402 5532 esse:
3450 5477 3812 5543 haerentesque

2267 5587 2454 5627 omnes
2479 5586 2722 5641 quaenam
2756 5586 2821 5624 ex
2862 5570 3045 5625 tribus
3075 5569 3276 5627 Christi
3308 5569 3600 5641 suspendio
3624 5583 3812 5621 conse-

2266 5672 2416 5718 erata
2443 5664 2651 5726 fuisset,
2682 5661 2845 5717 dubio
2879 5646 3093 5718 tandem
3130 5663 3331 5718 levatos
3361 5662 3529 5717 fuisse
3549 5700 3564 5724 ,
3606 5675 3727 5714 cum
3759 5659 3807 5710 in

2266 5755 2519 5810 extremis
2549 5768 2713 5826 agens
2755 5752 2964 5817 mulier,
2997 5769 3062 5814 ex
3105 5752 3331 5806 aliarum
3397 5757 3649 5821 contactu
3682 5747 3811 5811 nihil

2270 5845 2486 5901 remedii
2533 5852 2856 5911 consecuta,
2912 5845 3122 5900 admota
3175 5845 3385 5914 demum
3436 5856 3559 5897 vera
3614 5840 3805 5896 Christi

3953 2537 3956 2622 φ

3954 3471 3956 3570 l
