3956 6340
169 449 218 502 9|

903 435 1403 495 COMMENTARIA
1443 436 1507 489 IN
1538 434 1874 491 PSALDNS.
1924 468 1984 478 —
2024 437 2558 497 PRAELIMINARIA.

3274 439 3345 504 εἰ

167 576 322 619 cruce.
355 559 533 612 statim
568 573 594 609 a
627 557 812 610 morbo
833 557 1045 626 penitus
1069 564 1332 618 recreata,
1355 565 1409 610 et
1446 557 1691 626 pristina:
1725 563 1764 617 Λ
1794 558 1982 611 tentim
2019 572 2148 612 vero
2185 559 2466 612 ratiocinia
2495 555 2721 627 profert,
2767 557 2922 621 nihil,
2955 555 3097 628 quod
3119 557 3194 624 ad
3228 570 3340 611 rem

166 650 422 706 valetudini
456 651 700 703 restituta
727 655 828 702 est.
851 645 986 702 Cutn
1019 655 1192 701 autem
1225 647 1337 701 haec
1381 662 1524 699 anno
1558 647 1681 710 327,

163 741 544 811 autinsequenti
587 749 734 809 gesta
778 740 918 801 sint,
974 738 1099 791 hinc
1133 740 1486 808 consequitur
1514 737 1686 794 Euse-

161 839 284 892 bium
311 851 402 889 sua
429 834 481 887 in
504 831 750 886 Psalmos
787 833 1175 886 commentaria
1222 831 1322 885 sub
1349 831 1462 884 haec
1488 830 1689 886 edidis-

157 941 222 981 se.
251 923 423 992 Neque
453 931 630 976 tamen
665 921 846 976 statim
899 929 1085 991 postea
1112 962 1129 984 ,
1182 921 1275 977 sed
1331 922 1516 977 multis
1559 922 1686 975 hinc

155 1015 328 1083 elapsis
357 1017 508 1067 annis
539 1013 649 1066 haec
678 1013 1028 1068 elucubrasse
1079 1011 1307 1066 suadere
1341 1012 1554 1067 videtur
1583 1029 1681 1068 vox

155 1107 256 1160 καθ’
285 1107 576 1175 ἡμᾶςάιυω
608 1115 787 1159 nostra
817 1115 970 1160 «etate
1000 1104 1263 1174 signiﬁcat
1284 1122 1304 1171 ;
1326 1120 1500 1175 neque
1536 1106 1682 1159 enim

153 1214 234 1268 pro
255 1199 599 1267 praesentibus
624 1211 715 1253 aut
740 1201 813 1253 ita
845 1201 1063 1269 nuperis
1103 1201 1267 1255 rebus
1309 1201 1423 1255 haec
1456 1202 1681 1271 loquen-

148 1292 193 1343 di
219 1290 344 1343 ratio
369 1303 461 1343 usu
487 1291 670 1343 venire
702 1291 856 1346 solet.
896 1289 986 1343 Sic
1036 1291 1125 1344 ille
1167 1305 1289 1344 cum
1321 1291 1385 1346 de
1438 1294 1691 1363 tyrannis.

149 1381 257 1452 agit,
289 1380 375 1450 qui
407 1380 517 1447 jam
547 1381 743 1437 multos
782 1389 907 1436 ante
943 1395 1119 1436 annos
1163 1381 1272 1437 l'ato
1302 1381 1468 1438 functi
1499 1394 1674 1451 erant,

148 1487 256 1526 voce
283 1470 396 1524 καθ’
432 1473 576 1542 ἡμᾶς
609 1474 794 1537 utitur,
823 1487 982 1542 quam
1005 1481 1182 1528 tamen
1212 1491 1478 1544 nusquam
1515 1493 1676 1530 usur-

146 1569 219 1631 pat
243 1575 359 1616 cum
392 1561 460 1617 de
488 1563 648 1617 rebus
669 1603 683 1623 ,
723 1576 844 1633 qua:
871 1563 950 1616 vel
996 1565 1087 1618 illo
1136 1565 1425 1628 scribente,
1459 1568 1541 1621 vel
1574 1583 1674 1620 nu-

145 1653 352 1721 perrime
380 1661 542 1723 gestae
568 1663 730 1717 sunt,
778 1656 974 1724 agitur.
1028 1653 1223 1708 Verum
1261 1664 1318 1708 ut
1353 1656 1465 1711 haec
1497 1655 1676 1728 conje-‘

142 1747 315 1800 ctando
355 1747 526 1801 solum
559 1746 825 1812 dicimus,
881 1750 956 1803 ita
1015 1758 1134 1818 post
1183 1763 1381 1804 armum
1413 1750 1514 1805 527
1542 1790 1556 1814 ,
1605 1733 1673 1806 ea.

141 1853 278 1906 quam
307 1828 469 1905 supra
497 1837 734 1893 diximus
781 1839 849 1895 de
872 1853 1041 1895 causa
1063 1879 1078 1903 ,
1121 1839 1294 1894 editos
1338 1850 1668 1896 commenta-

1797 648 2086 718 pertineat,
2113 650 2374 704 intactum
2409 648 2684 718 relinquit.
2721 647 2909 703 Parem
2941 648 3197 720 arguendi
3233 647 3339 702 vim

1791 748 1844 792 et
1871 739 2186 803 methodum
2206 740 2622 805 animadvertas,
2651 754 2772 793 cum
2794 753 2980 793 eorum
3009 740 3338 794 sententiam

1791 830 2033 899 depellit,
2070 832 2162 900 qui
2211 832 2420 886 numeri
2450 833 2713 884 rationem
2745 829 2811 882 ad
2843 829 3107 900 cujusque
3142 830 3336 900 psalmi

1791 917 2194 990 intelligentiam
2224 921 2468 993 conferre
2490 920 2798 990 pugnabant
2831 939 2842 974 :
2875 905 3032 990 quam
3059 920 3337 974 Philonia-

1786 1026 1910 1063 nam
1943 1012 2268 1082 explanandi
2303 1013 2630 1078 mcthodum,
2664 1019 2720 1065 ut
2752 1011 2955 1067 lutilem
2987 1020 3038 1067 et
3059 1011 3336 1065 ἀπροσδιό-

1784 1118 1959 1165 νυσον,
1997 1097 2540 1172 explodit'Eusebius.

2156 1211 2242 1262 Ill.
2271 1213 2344 1262 De
2367 1215 2568 1263 litterali
2588 1217 2947 1276 explanatione.

1849 1316 2158 1372 Litteralem
2184 1317 2523 1373 Psalmorum
2559 1330 2789 1375 mentem
2821 1321 2909 1374 ubi
2945 1321 3181 1390 explicat
3214 1319 3327 1373 Eu-

1778 1407 1982 1469 sebius,
2014 1410 2305 1478 genuinum
2329 1412 2487 1481 vulgo
2519 1427 2736 1466 sensum
2767 1413 3002 1482 attingit,
3037 1427 3210 1482 neque
3250 1413 3323 1466 ita

1778 1499 2086 1566 frequenter
2114 1499 2326 1553 aberrat
2378 1516 2407 1554 a
2457 1515 2624 1572 scopo
2653 1511 2705 1556 et
2743 1518 2771 1554 a
2817 1516 2941 1556 vera
2983 1501 3322 1555 Psalmorum

1777 1591 2060 1645 sententia.
2092 1588 2292 1644 Aderat
2345 1591 2544 1660 quippe
2590 1593 2768 1660 opima
2818 1592 2908 1644 illa
2961 1591 3321 1663 Hexaplorum

1773 1683 2036 1754 supellex,
2069 1683 2210 1738 unde
2231 1691 2285 1737 et
2313 1681 2635 1738 Hebraicam
2674 1685 2957 1739 lectionem
2991 1683 3044 1739 et
3078 1693 3319 1740 veterum

1771 1776 2118 1843 interpretum
2145 1773 2442 1829 versionem
2465 1774 2698 1828 mutuari
2711 1782 2921 1843 posset.
2943 1773 3126 1842 Neque
3148 1775 3316 1835 enim,

1769 1875 1827 1920 ut
1870 1881 1935 1920 ex
1982 1865 2065 1921 his
2104 1865 2510 1920 commentariis
2557 1864 2958 1934 deprehendere
3012 1865 3160 1924 licet,
3213 1863 3320 1918 He-

142 1931 232 2026 τξοξ
263 1927 508 2026 “minari
544 1944 702 2026 P055?
735 1940 1009 2026 “iam”?
1072 1931 1276 2026 υθξθοίί
1310 1933 1441 2026 imm
1482 1931 1665 1988 Dom“
1699 1962 1738 2016 Β
1765 1957 1944 2011 braice
1974 1957 2178 2026 peritus
2211 1956 2313 2010 fuit
2347 1927 2645 2011 Eusebius;
2673 1955 2938 2026 siquidem
2967 1956 3032 2010 de
3054 1948 3316 2010 Hebraica

141 2021 225 2072 sici
255 2013 483 2086 sepulcri
531 2021 776 2075 meminit
812 2018 1079 2078 Eusebius
1111 2023 1178 2076 ad
1210 2023 1475 2092 psalmum
1506 2038 1661 2086 cvm,

141 2110 203 2162 his
232 2111 438 2165 verbis:
478 2109 590 2165 Hoc
625 2119 796 2164 autem
822 2111 1061 2177 ediscas,
1108 2114 1156 2167 si
1211 2114 1503 2168 consideres
1563 2119 1666 2184 qua"

141 2209 278 2253 tmte
308 2203 410 2253 sint
431 2198 628 2263 Iudici,
654 2201 880 2256 videntes
908 2203 1110 2274 quidem
1137 2195 1428 2258 veneranda
1456 2215 1505 2259 et
1535 2221 1658 2259 san-

142 2299 201 2341 cta
228 2307 320 2343 sua
346 2292 578 2357 funditus
610 2290 815 2358 deleta;
842 2296 984 2349 illius
1014 2311 1130 2350 vero
1156 2297 1244 2368 qui
1275 2295 1338 2349 ab
1363 2297 1488 2364 ipsis
1517 2299 1662 2365 igno-

139 2383 272 2434 minia
301 2383 536 2450 affectus,
569 2401 628 2436 ac
658 2385 710 2438 in
745 2402 947 2440 crucem
977 2396 1025 2440 et
1055 2384 1272 2439 mortem
1303 2387 1527 2441 traditus
1559 2397 1656 2451 est,

135 2473 414 2538 sepulcrum,
445 2475 621 2530 studio
664 2484 713 2530 et
741 2477 1021 2530 honoribus
1060 2477 1342 2541 celebrari,
1396 2477 1657 2532 Ecclesias

135 2573 302 2625 autem,
335 2581 447 2632 qua
483 2567 595 2635 ejus
624 2570 810 2621 virtute
853 2582 944 2636 per
990 2577 1154 2623 totum
1204 2570 1374 2625 orbem
1425 2571 1660 2640 fundata

133 2665 249 2717 sunt,
280 2657 330 2708 in
354 2655 461 2710 dies
490 2673 798 2721 accrescere,
831 2667 956 2714 etc.‘

700 2768 926 2823 CAPUT
971 2769 1060 2824 IV.

130 2896 183 2934 DD
215 2896 407 2935 εικειιι
443 2897 863 2946 ΙΕΤΕΗΡΒΕΤΑΝΒΙ
905 2899 1110 2939 ευδεειιι
1133 2924 1146 2946 ,
1184 2898 1354 2946 DEQUE
1392 2901 1651 2950 ΑΝτιρωε

456 2967 799 3006 VEBSIONIBUS
837 2970 901 3006 ΑΒ
939 2970 1004 3007 EO
1043 2969 1283 3007 ΑιιΑτιε.

128 3039 166 3094 Ι.
194 3039 564 3109 Interpretandi
589 3059 744 3111 genus
780 3041 1059 3095 Eusebium
1090 3048 1445 3098 commentarii
1467 3056 1650 3102 aucto-

180 3126 281 3185 r_e_n_t
299 3113 486 3185 prodit,
508 3111 590 3165 ll.
630 3112 1022 3185 Obseruationes
1046 3116 1238 3185 criticis
1255 3117 1468 3185 egregia:
1491 3127 1646 3172 noue.

183 3178 295 3256 I_lI.
326 3181 398 3256 ge
441 3182 659 3256 iittcrali
703 3183 1083 3256 eafpianatione.
1118 3183 1220 3238 IV.
1270 3178 1647 3256 De'vmystago-

177 3251 303 3324 gica.
346 3250 695 3324 ιζε-Ειιεερἰδ
727 3253 996 3321 Οτὶῃεηεηι
1027 3256 1317 3324 sequitur,
1354 3250 1457 3308 alii
1479 3250 1644 3311 Euse-
1671 3303 1712 3324 Α

180 3316 326 3371 bium.
361 3318 451 3373 VI.
482 3323 720 3391 Antiquis
751 3316 1426 3394 interpretibusfrequenter
1450 3329 1633 3382 utitur.
1670 3316 1713 3361 υ

124 3433 151 3479 l.
171 3430 509 3492 interpretandi
558 3434 714 3497 genus
735 3436 996 3545 Eusegiiim
1029 3441 1359 3490 commentarii
1393 3450 1641 3493 auctorem

773 3510 859 3545 pro
896 3509 908 3544 ι
938 3534 949 3544 .

773 3509 949 3558 proan.

177 3602 334 3650 nosce
386 3598 800 3654 commentarios
874 3615 1184 3670 germanum
1248 3619 1367 3660 esse
1421 3606 1637 3664 Eusebii

120 3701 251 3755 Opus,
279 3699 379 3742 non
411 3704 476 3742 ex
508 3691 802 3757 praemissis
830 3693 1011 3756 modo,
1048 3695 1141 3750 sed
1175 3695 1334 3750 etiam
1371 3714 1435 3752 ex
1468 3699 1635 3756 inter-

122 3776 332 3843 pretandi
383 3794 596 3848 genere,
629 3796 692 3834 ex
742 3779 1018 3850 frequente
1053 3785 1144 3838 illo
1197 3793 1431 3839 veterum
1468 3788 1636 3844 inter-

120 3873 296 3931 pretum
327 3883 449 3932 usu,
496 3886 562 3925 ex
601 3869 892 3941 Scriptura:
942 3889 1110 3928 sacras
1164 3873 1352 3944 peritia
1387 3892 1634 3949 compro-

119 3956 264 4012 batur.
292 3957 383 4012 His
415 3974 474 4015 se
516 3963 736 4018 tesseris
765 3972 817 4017 et
860 3969 1192 4036 argumentis
1219 3969 1434 4024 exhibet
1464 3965 1634 4024 Euse-

118 4048 215 4104 hius
238 4052 317 4106 ille
347 4053 610 4124 Pamphili
661 4060 910 4128 martyris
962 4061 1162 4127 socius,
1198 4057 1446 4132 quicum,
1495 4072 1631 4120 teste

118 4136 436 4212 Hieronymo,
493 4143 736 4198 Divinam
788 4148 1163 4204 Bibliothecam
1226 4151 1627 4222 diligentissime

117 4233 487 4303 pervestigarat-.
551 4233 674 4288 Tria
733 4248 1090 4305 porrojcum'
1144 4242 1329 4310 primis
1387 4252 1630 4298 contem-

115 4322 274 4387 planda
307 4325 461 4379 nobis
492 4325 642 4380 offert
668 4329 1370 4401 celeberrimusinterpres:
1408 4314 1628 4390 criticis

115 4410 156 4462 in
177 4408 494 4467 Psalmorum
529 4415 774 4470 ordinem
810 4427 988 4483 notas,
1021 4422 1513 4489 interpretationem
1539 4423 1629 4478 lit-

113 4499 333 4564 teralem,
389 4512 442 4555 et
500 4507 914 4574 mystagogicam
971 4511 1287 4579 explanandi
1343 4511 1514 4566 viam.
1562 4513 1628 4567 de

117 4589 284 4654 quibus
312 4607 482 4660 pauca
509 4594 790 4664 praelibare
816 4612 845 4650 e
875 4613 932 4652 re
961 4597 1119 4654 fuerit

305 4699 366 4750 ll.
394 4701 772 4752 Observationes
793 4707 989 4765 criticaa,
1012 4710 1226 4769 egregiae
1247 4713 1392 4759 nota.

165 4792 564 4862 Observationes
628 4807 840 4862 Eusebii
896 4811 1136 4872 criticze,
1205 4814 1430 4883 egregia
1486 4822 1622 4868 notae

110 4901 212 4946 sunt
249 4911 410 4962 :nam
444 4907 636 4966 praeter
665 4916 726 4954 ea
751 4917 871 4970 quae
907 4901 958 4954 in
993 4904 1400 4970 przefationibus
1432 4905 1616 4959 ferun-

109 4988 193 5039 tur.
220 4998 318 5037 non
347 4989 650 5054 spernenda
685 5006 832 5054 sane,
867 4992 1031 5044 multa
1059 4995 1483 5061 expositionibus
1507 4998 1619 5052 suis

108 5067 159 5119 de
183 5069 357 5126 ordine
384 5083 439 5127 et
467 5077 532 5128 de
579 5085 800 5132 auctore
852 5080 1112 5149 cujusque
1161 5084 1348 5150 psalmi
1393 5085 1619 5140 subinde

109 5163 366 5226 prtmittit,
391 5182 512 5234 quae
533 5168 796 5234 judicium
831 5173 1181 5240 peritiamqne
1231 5177 1507 5243 scriptoris
1531 5193 1619 5230 ar-

109 5250 242 5330 guant
272 5264 284 5298 :
320 5263 424 5315 qua
457 5251 511 5304 in
560 5269 618 5307 re
648 5270 778 5310 sane
807 5259 892 5310 vix
922 5259 1227 5313 accuratius
1262 5265 1616 5330 sagaciusque

106 5326 331 5398 disputari
356 5351 516 5405 posse
539 5345 880 5400 aestimabunt
904 5351 1079 5416 periti.
1110 5348 1166 5403 In
1191 5351 1275 5405 his
1304 5326 1478 5406 autem
1509 5326 1616 5409 lliu-

107 5419 395 5494 tebins,qni
425 5443 703 5497 nunquam
739 5440 1055 5504 compendio
1089 5440 1313 5500 studuit,
1365 5443 1481 5499 sine
1516 5446 1614 5499 ali-

103 5519 190 5572 quo
216 5509 423 5565 lectoris
447 5515 608 5567 taedio
639 5518 920 5579 fastidiove
949 5528 1208 5594 prolixius
1243 5531 1370 5598 agit.
1411 5530 1470 5582 ld
1488 5548 1611 5586 vero

106 5601 365 5654 prasertim
405 5601 662 5658 observes
692 5607 746 5660 in
777 5611 894 5677 ejus
923 5613 988 5666 de
1019 5616 1362 5672 Abimelecho
1407 5620 1609 5674 disser-

105 5681 293 5780 tatione,
323 5691 377 5742 in
405 5695 888 5761 perquisitionibus
919 5701 986 5755 de
1013 5719 1137 5756 vera
1164 5705 1500 5763 Psalmorum
1525 5727 1604 5765 se-

106 5778 236 5869 "ffl
264 5778 325 5832 de
351 5797 609 5851 germano
634 5788 898 5860 cuiusque
945 5803 1164 5848 auctore
1203 5816 1216 5850 :
1272 5800 1609 5869 maximeque

107 5847 174 5914 1ιᾶ
199 5863 256 5921 τι.
278 5847 482 5936 psalmo
505 5876 558 5929 in
592 5847 845 5948 spelunca
871 5884 1091 5938 miriﬁce
1119 5847 1604 5947 edisseri—tilias;

1656 4641 1703 4694 D.

1767 2049 1856 2102 ille
1886 2048 2114 2102 lectione
2153 2048 2469 2117 plerumque
2494 2063 2601 2101 non
2633 2048 2706 2100 ita
2733 2047 2892 2102 docte
2917 2046 3195 2111 edisserit,
3228 2054 3317 2101 ut-

1764 2144 1888 2206 pote
1915 2136 2006 2205 qui
2053 2133 2314 2189 Hebraica
2369 2135 2569 2190 Graecis
2600 2135 2796 2190 litteris
2822 2151 3098 2205 expressa,
3132 2137 3313 2206 qualia

1764 2227 1818 2280 in
1846 2225 2098 2297 Hexaplis
2127 2236 2304 2289 erant,
2341 2236 2548 2281 tantum
2596 2229 2819 2298 legerit;
2854 2227 2948 2283 sed
2997 2230 3043 2284 si
3085 2228 3214 2299 quid
3246 2230 3314 2284 de

1761 2319 1982 2373 vocibus
2013 2326 2066 2372 ct
2100 2319 2292 2374 litteris
2317 2311 2596 2375 Hebraicis
2618 2319 2744 2374 hinc
2770 2320 2893 2374 inde
2927 2304 3126 2384 tradat,
3160 2319 3215 2375 id
3245 2337 3310 2375 ex

1761 2408 1998 2464 Hebraeis
2045 2417 2320 2464 mutuatus
2352 2417 2453 2488 est.
2504 2408 2568 2462 Et
2607 2409 2802 2462 mirum
2859 2421 2989 2463 sane
3033 2407 3306 2462 hominem

1757 2503 1846 2572 qui
1891 2502 1942 2556 in
1977 2501 2260 2556 Palaestina
2286 2509 2494 2557 aetatem
2523 2501 2648 2572 egit,
2676 2517 2797 2554 cum
2827 2499 3023 2554 Jttdreis
3051 2499 3305 2570 frequen-

1757 2602 1838 2647 ter
1867 2609 2167 2663 sermonem
2197 2594 2406 2656 habuit,
2446 2592 2697 2662 Hexaplis
2723 2602 2776 2645 et
2808 2591 3139 2645 Bibliotheca:
3179 2591 3308 2644 diui-

1755 2703 1834 2740 nte
1862 2700 1986 2739 cum
2035 2683 2316 2753 Pamphilo
2349 2691 2585 2752 martyre
2623 2683 2930 2752 digerendis
2963 2698 3178 2752 operam
3212 2683 3304 2737 de-

1753 2775 1851 2839 dit,
1886 2774 2143 2829 Hebraice
2172 2773 2498 2826 ineruditum
2527 2771 2730 2825 fuisse?
2768 2770 3300 2839 Doctoribusautem

1753 2868 1867 2922 suis
1917 2865 2078 2922 nimis
2109 2865 2385 2920 credulum
2422 2877 2660 2934 persaepe
2690 2862 3081 2930 deprehendas,
3115 2871 3301 2932 utpote

1749 2959 1840 3028 qui
1873 2959 2127 3012 nonnulla
2156 2957 2426 3012 interdum
2469 2955 2674 3017 alierat,
2711 2955 2797 3010 tibi
2828 2954 3130 3008 accuratior
3157 2955 3300 3007 noti-

1748 3050 1822 3104 tia
1867 3049 2233 3116 desideretur;
2280 3049 2510 3118 exempli
2564 3063 2729 3102 causa
2777 3047 2840 3101 ad
2892 3048 3034 3100 hunc
3079 3053 3296 3101 versum

1748 3141 1939 3209 psalmi
1973 3156 2082 3204 cxt,
2123 3139 2204 3192 Ea:
2232 3149 2379 3194 utero
2421 3149 2542 3192 ante
2583 3139 2858 3207 luciferum
2904 3139 3054 3208 genui
3101 3148 3167 3202 te,
3205 3139 3296 3192 ubi

1748 3231 2067 3287 Hebraicum
2102 3243 2313 3295 omn,
2349 3229 2608 3283 Mere/tem
2653 3229 2837 3294 habet,
2868 3237 2926 3281 ut
2959 3228 3294 3298 probabilem

1746 3325 2028 3393 cujusdam
2077 3325 2384 3393 opinionem
2420 3321 2596 3384 atlert,
2633 3322 2726 3390 qui
2765 3319 2989 3390 putabat
3034 3320 3122 3372 hic
3169 3319 3295 3373 bea-

1745 3425 1852 3469 tam
1883 3415 2101 3470 Mariam
2125 3414 2405 3482 Deiparam
2431 3413 2677 3482 indicari,
2703 3411 2845 3482 quod
2871 3426 2998 3466 sane
3014 3409 3297 3482 ἀπροσδιό-

1746 3524 1900 3559 νυσον
1929 3514 2013 3561 est
2045 3525 2057 3558 :
2087 3521 2209 3558 nam
2240 3502 2435 3566 Maria,
2475 3519 2667 3557 nomen
2710 3503 2849 3571 apud
2900 3501 3150 3558 Hebraeos
3183 3502 3292 3554 Ire-

1744 3599 2154 3670 quentissimum
2181 3605 2369 3661 tat-1D,
2397 3593 2446 3646 Μ
2458 3597 2610 3646 iriam
2636 3595 3006 3659 scribebatur;
3037 3600 3091 3647 et
3131 3589 3292 3648 Μεγα-

1742 3691 1855 3742 hem
1883 3686 2017 3741 nihil
2047 3686 2189 3740 aliud
2215 3700 2398 3755 quam,
2425 3700 2488 3737 ea:
2510 3694 2675 3744 utero,
2707 3682 2997 3751 signiﬁcat.

2235 3799 2314 3847 ιν.
2342 3796 2416 3846 De
2439 3797 2778 3858 mystagogica.

1811 3900 2223 3972 Mystagogicam
2255 3898 2577 3966 explanandi
2611 3899 2772 3962 viam,
2819 3915 2924 3968 qua
2971 3899 3036 3953 ad
3086 3899 3289 3956 Christi

1736 4004 2020 4061 personam
2068 3990 2152 4044 vel
2183 3988 2498 4050 Ecclesium,
2532 3991 2645 4044 sive
2687 3990 2751 4043 ad
2793 3990 2998 4045 fidelem
3027 3991 3284 4054 animam,

1736 4091 1828 4137 aut
1851 4082 2063 4136 demum
2094 4081 2158 4135 ad
2181 4081 2451 4136 cmlestem
2481 4081 2696 4136 Sionem
2722 4083 2898 4136 omnia
2931 4082 3281 4145 reducuntur,

1735 4173 2021 4228 admodum
2056 4171 2413 4242 frequentavit
2440 4173 2736 4228 Eusebius:
2765 4175 2888 4242 quia
2913 4174 3004 4227 illo
3024 4188 3135 4227 aevo
3157 4189 3278 4227 cum

1733 4264 1901 4320 Judaei
1956 4273 2214 4333 perpetuo
2241 4265 2568 4320 Christianis
2617 4265 2990 4334 obgannirent,
3026 4271 3187 4331 atque
3214 4279 3280 4316 ex

1732 4370 1893 4424 prave
1942 4357 2153 4410 detorta
2206 4351 2608 4425 Scriptur‘arurri
2643 4355 2930 4416 sententia,
2972 4355 3276 4408 Christiana

1729 4448 1794 4502 de
1826 4446 2111 4522 Servatore
2135 4449 2380 4519 dogmata
2411 4436 2749 4502 traduCerent
2777 4448 2830 4500 in
2861 4446 2975 4502 dies
2998 4491 3011 4514 ,
3056 4448 3277 4515 scripto-

1729 4551 1815 4590 res
1861 4534 2214 4592 ecclesiastici
2259 4530 2563 4597 contra,‘ut
2613 4537 2873 4606 petulanti
2926 4546 2979 4591 et
3028 4546 3278 4606 protervo

1730 4629 1912 4696 generi
1943 4635 2312 4694 occurrerent,
2340 4629 2516 4680 omnia
2552 4627 2617 4680 ad
2639 4627 2917 4682 Christum
2947 4637 3000 4683 et
3028 4629 3091 4680 ad
3121 4627 3278 4681 Chri-

1727 4715 1796 4768 sti
1824 4713 2120 4770 Ecclesiam
2154 4717 2457 4770 referebant
2505 4735 2518 4771 :
2575 4733 2671 4772 nec
2722 4717 2882 4771 modo
2926 4731 2988 4772 ea
3042 4732 3161 4785 quae
3209 4718 3278 4773 de

1724 4804 1940 4859 Christo
1967 4805 2034 4860 et‘
2057 4805 2122 4859 de
2151 4805 2353 4860 Christi
2387 4807 2638 4863 fidelibus
2668 4808 2866 4866 diserte
2896 4817 2949 4862 et
2992 4809 3274 4866 evidenter

1723 4896 1995 4949 enuntiata
2023 4893 2254 4956 fuerant,
2279 4895 2370 4949 sed
2402 4899 2562 4950 etiam
2594 4914 2731 4966 quae,
2765 4897 2907 4952 haud
2940 4901 3012 4952 ita
3040 4900 3273 4956 dilucide

1723 4994 1993 5047 enarrata,
2023 4996 2248 5052 possent
2277 4986 2329 5037 in
2357 4989 2619 5040 utramvis
2651 4997 2852 5056 partem
2885 4989 3136 5045 derivari.
3165 4991 3272 5045 Nec

1722 5084 1895 5128 tutum
1955 5083 2070 5127 erat
2124 5075 2230 5130 illis
2285 5077 2616 5145 temporibus
2664 5077 3050 5148 interpretandi
3107 5082 3265 5134 aliam

1719 5168 1855 5221 inire
1900 5166 2164 5220 rationem
2196 5183 2209 5220 :
2245 5176 2392 5222 certe
2439 5183 2548 5221 non
2581 5169 2798 5238 impune
2851 5172 2949 5224 fuit
2980 5170 3267 5225 Theodoro

1719 5256 2114 5325 Mopsuesteno,
2141 5256 2283 5326 quod
2311 5260 2553 5328 neglecta
2576 5265 2942 5332 mystagogica
2973 5265 3082 5324 illa,
3115 5265 3261 5320 litte-

1718 5350 1813 5402 rali
1850 5349 2020 5402 solum
2046 5351 2365 5405 attenderet.

1783 5439 2048 5520 Caeterum
2081 5441 2226 5495 hunc
2252 5443 2573 5511 explanandi
2619 5446 2803 5508 ritum,
2855 5450 3072 5497 auctore
3103 5442 3261 5503 Chri-

1717 5539 1817 5591 sto,
1853 5535 2403 5587 commonstrantibus
2431 5536 2712 5603 apostolis,
2744 5535 2933 5590 sectati
2966 5543 3092 5588 sunt
3153 5534 3261 5590 Ec-

1715 5621 1892 5673 etesia:
1941 5621 2259 5689 scriptores.
2296 5623 2422 5676 Non
2441 5625 2600 5679 modo
2629 5628 2770 5680 enim
2803 5627 2883 5678 lex
2921 5632 3075 5680 vetus
3126 5627 3256 5696 legis

1713 5724 1863 5762 novae
1891 5710 2060 5778 ﬁgura
2091 5714 2332 5779 exstitit;
2363 5715 2456 5769 sed
2493 5718 2652 5770 etiam
2679 5732 2766 5772 res
2799 5718 2852 5771 in
2881 5718 3046 5772 veteri
3074 5717 3256 5774 Eccle-

1712 5799 1789 5853 sia
1848 5809 2030 5870 gestae,
2091 5805 2388 5873 praesertim
2439 5806 2754 5871 nobiliores,
2785 5811 2996 5876 ,umhra
3052 5809 3249 5863 Christi

1711 5892 1930 5960 ejusque
1959 5892 2344 5963 discipulorum
2379 5904 2552 5957 erant.
2581 5897 2714 5954 Nam
2747 5901 2854 5953 hcc
2889 5899 3063 5954 omnis
3105 5899 3156 5953 in
3181 5898 3247 5972 ﬁ-
