3956 6340
533 466 603 518 :13
1164 458 1176 520 ξ
1198 456 1465 515 EUSEBH
1503 458 1978 517 CzESAliIENSlS
2012 458 2121 518 ΟΡ]

2224 450 2383 507 PARS
2420 449 2512 504 Ill.
2552 480 2622 489 —
2660 446 3070 505 EXEGETIGA.
3685 449 3764 499 24

537 580 682 651 gnris
713 580 1075 649 contingebant
1100 577 1207 632 il'lis
1237 594 1253 631 :
1298 580 1494 647 scripta
1521 588 1643 632 sunt
1676 589 1850 633 autem
1893 580 1960 633 ad
2005 597 2098 633 no-
2129 582 2173 638 Α
2202 580 2287 626 rat
2308 570 2587 625 Eusebius
2612 566 2677 621 ad
2708 566 2969 636 psalmum
3001 560 3569 618 cxvtu.Thcodoretus
3599 561 3764 624 item,

538 683 708 726 stram
738 670 1148 727 admonitionem
1175 670 1226 741 (1
1255 670 1380 726 Cor.
1417 687 1472 733 ι,
1502 672 1613 741 ll).
1640 670 1791 726 Unde
1821 670 2101 726 Tertullia-

542 779 648 817 nus
697 761 765 818 de
798 764 1218 819 resurrectione
1264 763 1467 825 carnis,
1521 763 1674 817 Talia
1719 764 1950 828 interim,
2003 765 2099 827 ait,

543 854 842 909 divinarum
871 856 1061 909 virium
1085 855 1422 917 lineamenta,
1473 872 1575 908 non
1618 857 1789 909 minus
1834 855 2102 928 parabolis

545 955 758 1013 operata
786 946 915 1008 Deo,
940 963 1097 1016 quam
1132 946 1324 999 locuto.
1357 944 1499 1000 Inter
1522 946 1811 1016 prophetas
1843 953 2021 1001 autem
2050 955 2105 1002 et

545 1047 870 1106 praestantes
901 1038 1069 1102 viros,
1116 1038 1208 1107 qui
1260 1038 1314 1091 in
1348 1033 1520 1092 veteri
1542 1038 1656 1106 lege
1688 1037 1892 1092 Christi
1921 1047 2103 1110 typum

549 1117 786 1197 gessere,
820 1142 979 1182 nemo
1007 1128 1229 1198 propius
1258 1142 1544 1197 personam
1567 1127 1685 1196 ejus
1713 1128 1919 1189 retulit,
1945 1140 2132 1197 quam'

552 1218 748 1280 David.
779 1235 972 1289 genere
1004 1221 1129 1274 item
1182 1220 1559 1290 propinquior.
1604 1220 1772 1287 Cujus
1814 1235 1922 1274 non
1947 1220 2107 1274 modo

552 1318 727 1381 gesta,
772 1311 865 1366 sed
913 1312 1079 1367 etiam
1123 1312 1269 1365 dicta
1324 1312 1378 1373 in
1428 1310 1659 1366 Psalmis
1690 1312 2011 1380 praesertim,
2040 1311 2109 1365 ad

552 1404 757 1460 Christi
788 1418 1074 1474 personam
1120 1402 1529 1471 Ecclesiamque
1580 1403 1875 1473 pertinere,
1926 1403 2109 1458 divino

553 1495 725 1564 ipsius
765 1494 967 1549 Christi
993 1510 1088 1555 ore
1110 1493 1419 1550 didicimus.
1447 1492 1539 1548 ille
1574 1508 1705 1547 vero
1733 1509 1927 1548 sensus
1947 1494 2110 1563 ἀλλη-

552 1586 901 1657 γορούμενος,
937 1585 1050 1640 sive
1082 1586 1478 1658 mystagogicus
1499 1624 1514 1639 .
1573 1601 1681 1640 non
1714 1601 1745 1638 a
1790 1574 2112 1640 Christianis

553 1678 741 1744 modo,
772 1677 866 1731 sed
894 1678 1058 1731 etiam
1094 1692 1124 1731 a
1157 1676 1357 1733 Judaeis
1379 1677 1652 1734 adhibitus
1692 1684 1775 1733 est
1822 1696 1834 1731 :
1876 1676 1978 1732 etsi
2011 1678 2110 1738 illi,

561 1776 622 1823 ut
678 1768 934 1823 obcaecati
969 1776 1131 1837 atque
1184 1770 1463 1824 sensilium
1517 1783 1696 1824 rerum
1740 1770 1879 1824 mole
1932 1770 2112 1822 obruti

555 1861 946 1930 erant,_omnia
982 1860 1046 1915 ad
1080 1876 1167 1915 res
1193 1861 1574 1930 temporarias,
1622 1860 1861 1923 divitias,
1910 1859 2111 1914 terreni

2202 666 2294 735 qui
2328 665 2648 734 plerumque
2677 660 2743 713 ab
2772 652 3072 712 Eusebiana
3100 656 3539 726 interpretatione
3587 652 3762 708 deﬂe-

2202 758 2322 820 ctit,
2359 770 2468 809 non
2498 768 2623 807 raro
2658 760 2837 805 tamen
2873 750 2963 803 illa
2993 765 3130 819 pene
3174 748 3241 803 ad
3285 747 3510 802 verbum
3557 747 3763 806 utitur.

2205 850 2312 905 etsi
2334 846 2581 901 breviore
2611 852 2670 898 ut
2697 841 2993 913 plurimum
3024 840 3203 910 style:
3240 854 3361 892 nam
3386 836 3673 898 Eusebius,
3704 844 3768 914 ut

2202 940 2313 1009 jam
2367 934 2627 1000 diximus,
2668 937 2740 988 ita
2776 933 3015 1005 prolian
3049 931 3274 986 subinde
3302 929 3550 999 periodos
3581 926 3765 990 ducit,

2207 1031 2298 1084 vix
2323 1037 2382 1083 ut
2411 1030 2605 1084 seriem
2634 1021 3031 1097 deprehendas,
3065 1032 3117 1078 et
3144 1024 3234 1077 ubi
3264 1020 3581 1076 sententiam
3607 1018 3771 1072 clau-

2164 1140 2172 1152 ·
2208 1122 2300 1177 dat
2332 1136 2442 1175 non
2475 1120 2551 1173 ita
2582 1118 2736 1173 facile
2760 1115 3080 1186 comperias.
3115 1113 3309 1167 Asterii
3339 1126 3467 1166 vero
3493 1110 3771 1177 interpre-

2208 1211 2343 1263 tatio
2390 1208 2585 1278 psalmi
2636 1222 2710 1270 Iv,
2770 1220 2933 1275 quam
2987 1201 3375 1259 commentario
3426 1198 3647 1256 Eusebii
3708 1197 3772 1251 in

2211 1301 2459 1355 eumdem
2494 1300 2760 1370 psalmum
2796 1296 3197 1365 subjunximus,
3245 1307 3286 1347 a.
3317 1292 3547 1362 quodam
3597 1288 3776 1345 scho-

2210 1393 2369 1448 liaste
2397 1394 2608 1446 invecta
2638 1396 2741 1453 est,
2786 1389 2877 1459 qui
2898 1371 3189 1442 Asterium
3238 1384 3494 1437 Arianum
3527 1397 3652 1437 esse
3682 1382 3775 1435 in-

2164 1473 2168 1478 ’
2211 1476 2379 1549 dicat,
2415 1485 2621 1539 scilicet
2655 1481 2951 1550 sophistam
2978 1479 3126 1552 illum
3156 1476 3553 1535 circulatorem.
3589 1476 3687 1544 qui
3714 1474 3774 1528 in

2213 1579 2351 1651 ipsis
2380 1574 2692 1630 Arianismi.
2713 1572 2954 1629 exordiis
2995 1579 3183 1649 contra
3216 1568 3511 1624 catholicos
3546 1565 3778 1621 antisti-

2211 1682 2296 1729 tes
2327 1672 2617 1727 classicum
2659 1667 2908 1729 canebat,
2958 1672 3013 1720 et
3060 1656 3359 1719 doctrinam
3405 1663 3471 1717 de
3503 1661 3639 1716 Filio
3675 1661 3777 1716 Dei

2216 1762 2525 1834 spargebat,
2579 1759 2661 1815 vel
2708 1759 2825 1828 ipsa
2858 1755 3109 1809 Ariauica
3144 1754 3482 1809 deteriorem.
3535 1749 3614 1804 Ex
3655 1757 3779 1808 hoc

2215 1862 2393 1910 autem
2418 1851 2713 1923 specimine
2735 1847 3128 1920 deprehendas,
3160 1846 3429 1900 Asterium
3460 1843 3659 1914 partim
3692 1842 3782 1896 lit-

557 1922 1112 2017 regnilatitudincm,
1142 1922 1354 2002 Messias
1398 1947 1482 2001 sui
1529 1922 1853 2017 imperium,
1888 1947 2113 2003 reduce-
2144 1922 2187 1977 Β
2216 1922 2464 2005 teralem,
2501 1942 2697 2014 partim
2733 1939 3158 2011 mystagogicum
3209 1935 3599 2005 interpretandi
3650 1949 3782 1989 mo-

556 2047 680 2093 rent
712 2056 731 2094 :
756 2054 863 2107 qua
895 2039 950 2093 in
996 2054 1056 2094 re
1099 2054 1127 2093 a
1153 2038 1303 2107 justa
1334 2040 1601 2111 allegoriae
1631 2042 1839 2095 ratione
1882 2040 2115 2095 immane

557 2137 823 2199 quantum
854 2131 1199 2186 aberrabant.
1238 2131 1510 2202 Allegoria
1542 2136 1761 2204 quippe,
1802 2131 1993 2202 ﬁgura,
2028 2140 2113 2201 ty-

561 2238 667 2292 pus
690 2229 746 2277 et
776 2224 986 2288 umbra,
1015 2224 1167 2294 signa
1196 2232 1322 2280 sunt
1345 2214 1523 2280 rerum
1556 2241 1666 2280 non
1687 2224 2000 2280 earumdem
2032 2232 2116 2277 at-

557 2331 664 2383 que
698 2315 801 2370 illa:
840 2331 959 2386 quas
1003 2317 1275 2386 allegoria:
1327 2327 1381 2372 et
1427 2317 1539 2388 typi
1571 2332 1769 2371 munus
1812 2324 2110 2386 pmstant:

561 2407 763 2461 etenim
815 2410 897 2463 vel
946 2408 1064 2478 ipsa
1113 2408 1382 2479 allegoria:
1425 2425 1549 2475 vox,
1582 2410 1733 2479 signa
1776 2408 2111 2478 hujusmodi,

559 2512 676 2551 rem
706 2497 866 2551 aliam
897 2498 1052 2567 longe
1080 2498 1371 2561 diversam,
1405 2499 1676 2569 disparem
1712 2506 1767 2554 et
1811 2498 2113 2569 digniorem

561 2589 875 2659 signiﬁcare
927 2591 1254 2646 subindicat.
1297 2591 1464 2646 Multo
1491 2592 1657 2662 igitur
1679 2576 2024 2664 praestantior
2060 2600 2115 2648 et

557 2680 740 2736 verior
781 2681 873 2735 illa
928 2682 1363 2738 Christianorum
1416 2684 1808 2754 interpretatio,
1867 2699 2113 2754 qua-res

555 2786 849 2843 eorporeas
897 2783 951 2829 et
981 2776 1290 2839 sensibiles,
1343 2776 1419 2831 ad
1446 2776 1809 2847 intelligibiles
1841 2790 1904 2830 ac
1950 2775 2115 2831 coele-

558 2872 690 2925 stes,
724 2866 983 2920 incolumi
1009 2876 1186 2923 tamen
1211 2868 1401 2923 litterae
1422 2883 1605 2930 sensu,
1636 2866 1899 2922 referunt.

630 2954 744 3012 Hoc
771 2973 900 3029 ergo
933 2975 1108 3029 genus
1140 2959 1535 3029 interpretandi
1566 2974 1774 3015 summe
1791 2968 1874 3014 est
1907 2960 1973 3014 ab
2002 2959 2112 3013 Eu-

557 3047 712 3102 sebio
737 3046 1157 3118 frequentatum.
1197 3047 1333 3102 Illud
1367 3057 1545 3103 autem
1576 3047 1885 3117 hujusmodi
1918 3055 2022 3111 est,
2054 3055 2115 3103 ut

558 3138 737 3193 sicubi
777 3139 986 3195 inimici
1026 3132 1372 3211 insurgentes
1400 3151 1453 3195 et
1499 3140 1893 3195 tumultuantes
1933 3139 2115 3209 expri-

564 3237 808 3294 mantur,
840 3231 982 3300 quod
1026 3232 1081 3286 in
1123 3231 1349 3301 psalmis
1382 3230 1822 3301 frequentissime
1850 3230 2112 3292 occurrit,

2214 2053 2328 2094 rem
2359 2041 2623 2093 sectatum
2660 2052 2672 2086 :
2707 2046 2809 2087 nec
2856 2032 2925 2085 iis
2976 2030 3173 2100 ingenii
3206 2027 3571 2097 doctrinaeque
3597 2027 3783 2097 parti-

2216 2125 2318 2180 bus
2353 2124 2701 2185 iustructum,
2733 2135 2854 2190 qua:
2884 2119 3115 2174 fuissent
3145 2117 3212 2171 ad
3244 2125 3451 2171 tantum
3481 2132 3618 2186 opus
3645 2132 3785 2187 per-

2217 2216 2504 2272 ﬁciendum
2536 2214 2693 2270 satis.
2748 2211 3078 2267 Scholiastes
3112 2225 3276 2280 porro
3320 2210 3410 2264 ille
3461 2223 3567 2263 non
3607 2208 3783 2264 Asta?

2213 2312 2353 2364 rium
2398 2306 2560 2362 modo
2608 2306 2859 2360 Arianica
2903 2304 3023 2358 labe
3068 2317 3347 2368 aspersum
3394 2300 3631 2359 indicat.
3677 2301 3784 2356 sed

2216 2402 2379 2457 etiam
2406 2398 2723 2460 Eusebium,
2768 2395 2942 2452 sicubi
2990 2394 3058 2449 ad
3110 2392 3475 2469 Arianismum
3506 2390 3779 2457 deflectit,

2218 2488 2277 2547 tit
2304 2492 2564 2544 Arianum
2594 2471 2849 2552 traducit,
2883 2495 2943 2541 ut
2975 2501 3073 2543 suo
3096 2486 3215 2540 loco
3238 2484 3439 2539 videas.

2213 2604 2295 2654 Vl.
2314 2600 2549 2663 .Antiquis
2586 2598 2939 2663 interpretibus
2952 2598 3249 2709 signent“
3280 2595 3449 2644 utitur.
3467 2593 3588 2643 LXX
3614 2592 3783 2642 Inter—

2895 2674 2950 2709 nr
3062 2696 3077 2709 .

2893 2674 3077 2723 pretes.

2284 2768 2429 2823 Nihil
2480 2778 2657 2824 autem
2712 2767 2800 2822 his
2843 2767 2901 2821 in
2950 2763 3354 2820 commentariis
3403 2762 3783 2832 praestantius,

2218 2862 2352 2918 nihil
2389 2860 2679 2932 pretiosius
2729 2857 3170 2929 frequentissimo
3204 2856 3297 2911 illo
3330 2861 3571 2910 veterum
3602 2854 3785 2907 inter-

2219 2962 2431 3026 pretum
2468 2969 2592 3011 usu.
2620 2953 2835 3008 Atenim
2868 2950 3041 3006 multo
3070 2949 3223 3018 plura
3251 2964 3318 3003 ex
3344 2947 3560 3016 Aquila,
3590 2942 3787 3001 Theo-

2218 3048 2438 3103 dotione
2492 3054 2545 3100 et
2588 3041 2914 3114 Symmacho
2964 3042 3118 3098 aﬁ‘ert
3168 3040 3457 3103 Eusebius,
3507 3053 3675 3106 quam
3728 3037 3788 3090 in

2222 3138 2405 3193 Drusii
2456 3137 2542 3191 vel
2584 3133 2784 3189 Nobilii
2834 3132 3245 3188 collectionibus
3287 3145 3512 3199 usquam
3555 3143 3788 3199 compa-

2223 3237 2399 3293 reant,
2431 3228 2505 3281 ita
2534 3233 2593 3280 ut
2627 3225 2747 3294 ejus
2774 3224 3102 3278 adminiculo
3131 3236 3237 3276 non
3277 3236 3401 3276 raro
3424 3221 3669 3292 psalmos
3704 3222 3791 3275 in—

558 3318 616 3373 id
644 3321 729 3375 vel
754 3319 819 3374 ad
841 3318 1057 3377 Iudaeos
1089 3330 1281 3376 contra
1310 3321 1587 3377 Christum
1622 3321 1912 3376 frementes
1936 3328 1989 3375 et
2007 3302 2122 3374 ma-
2146 3305 2193 3365 ο
2226 3309 2429 3391 tegros,
2460 3337 2527 3375 ex
2568 3318 2880 3392 Symmachi
2911 3317 3145 3372 maxime
3170 3316 3441 3378 versione,
3478 3322 3792 3369 restaurare

563 3409 852 3466 chinantes
871 3453 885 3475 ,
915 3413 999 3465 vel
1022 3411 1089 3465 ad
1111 3410 1409 3466 Ecclesiam
1440 3412 1508 3467 ab
1536 3406 1807 3476 hostibus,
1848 3411 2055 3466 scilicet
2089 3423 2119 3462 a

569 3500 912 3572 principibus
940 3501 1105 3570 hujus
1130 3502 1335 3565 saeculi,
1388 3510 1481 3555 aut
1519 3516 1549 3555 a
1580 3501 1917 3556 daemonibus
1950 3514 2123 3569 oppu-

569 3599 809 3661 gnatam,
840 3592 922 3645 vel
950 3592 1020 3646 ad
1063 3591 1272 3646 ﬁdelem
1320 3593 1553 3646 animam
1584 3600 1830 3647 vexatam
1864 3606 1893 3645 a
1924 3591 2124 3659 spiriti-

571 3682 663 3735 bus
688 3682 1002 3748 immundis,
1038 3684 1302 3738 referatur
1340 3703 1353 3738 :
1389 3684 1435 3738 si
1468 3684 1589 3738 laeta
1619 3690 1673 3739 et
1717 3682 1958 3752 jucunda
1996 3680 2125 3737 effe-

569 3781 781 3836 rantur,
831 3774 1039 3829 cmlesri
1082 3773 1467 3846 Jerosolymae,
1518 3775 1633 3830 sive
1683 3774 1976 3838 Ecclesiae,
2029 3788 2126 3829 seu

570 3864 869 3919 Christiani
895 3866 1184 3935 cujuslibet
1212 3868 1425 3934 animae,
1450 3873 1623 3921 totum
1654 3865 1995 3921 adscribatur
2026 3883 2039 3918 :
2080 3864 2126 3918 si

575 3953 798 4009 ﬁumina
845 3956 1164 4031 inundantia
1195 3964 1585 4020 memorentur,
1634 3956 1688 4009 id
1727 3955 1795 4011 de
1835 3954 2127 4009 conﬁuenti

570 4047 638 4099 ad
686 4044 886 4100 Christi
941 4046 1241 4100 doctrinam
1286 4046 1524 4117 gentium
1551 4044 1896 4101 multitudine
1928 4044 2128 4099 intelli—

573 4144 750 4209 gatu‘r.
782 4137 953 4203 Quam
981 4137 1303 4207 explanandi
1338 4137 1503 4201 viam,
1528 4151 1638 4191 non
1659 4134 1924 4205 Eusebius
1945 4136 2125 4198 modo.

555 4229 668 4284 «sed
711 4228 874 4284 etiam
909 4227 1230 4282 Theodorus
1278 4225 1643 4291 Heracleotes,
1683 4224 2153 4302 Cbrysostomus.

573 4320 951 4376 Theodoretus
996 4327 1050 4375 et
1097 4319 1190 4374 alii
1222 4317 1466 4389 plerique
1498 4316 1697 4391 sectati
1740 4322 1888 4380 sunt,
1935 4312 2042 4384 qna
2072 4314 2129 4368 in

574 4418 731 4481 parte
776 4410 824 4466 si
873 4425 1042 4467 unum
1091 4409 1267 4473 noris,
1312 4421 1502 4463 omnes
1532 4406 1701 4462 noris.
1730 4404 1918 4475 Neque
1950 4414 2130 4460 tamen

576 4502 730 4555 inter
788 4500 1186 4572 mystagogieas
1256 4497 1734 4568 interpretationes
1786 4496 2133 4565 accensendae

574 4590 705 4654 illae,
731 4605 853 4660 qua:
883 4590 1119 4644 litteram
1145 4590 1319 4661 ipsam
1340 4589 1405 4643 ad
1436 4603 1604 4651 unum
1630 4586 1905 4642 Christum
1938 4585 2130 4642 referri

2227 3413 2412 3467 liceat.
2461 3412 2587 3468 Illas
2635 3426 2799 3481 porro
2836 3408 3117 3464 versiones
3169 3404 3332 3460 modo
3361 3404 3427 3458 ad
3470 3404 3789 3469 litteralem,

2228 3504 2390 3559 modo
2441 3504 2506 3558 ad
2566 3503 2985 3575 mystagogicam
3051 3499 3399 3555 asserendam
3457 3498 3789 3553 sententiam

2230 3602 2457 3665 usurpat
2489 3615 2501 3650 :
2536 3598 2923 3665 nonnunquam
2953 3592 3019 3647 ad
3059 3591 3243 3646 decem
3274 3604 3465 3646 versus
3498 3602 3605 3644 una
3644 3590 3798 3645 serie

2228 3688 2383 3743 affert
2416 3708 2428 3741 :
2464 3687 2938 3758 expositionesque
2981 3698 3165 3759 eorum
3223 3679 3574 3751 Septuaginta
3614 3679 3795 3736 inter-

2230 3784 2440 3847 pretum
2473 3777 2714 3832 versioni
2769 3771 3175 3842 anteponendas
3229 3770 3424 3823 asserit
3447 3767 3588 3823 haud
3616 3768 3796 3824 infre-

2230 3874 2478 3938 quenter.
2507 3867 2756 3937 Aquilam
2786 3864 3068 3919 Hebraicae
3090 3863 3283 3917 litterae
3306 3860 3656 3924 servientem,
3674 3858 3798 3915 δου-

2231 3961 2451 4015 λεύοντα
2472 3961 2539 4030 τῇ
2584 3957 2844 4028 Ἐϐραῖχῇ
2873 3957 3038 4023 λέξει,
3070 3954 3157 4010 hic
3180 3963 3233 4010 et
3258 3955 3313 4009 in
3355 3951 3646 4022 evangelica
3687 3950 3796 4004 De-

2233 4051 2609 4107 monstratidne
2641 4051 2825 4105 multis
2854 4051 2908 4105 in
2939 4049 3075 4114 locis
3110 4053 3410 4117 nuncupat.
3446 4043 3496 4100 Is
3530 4044 3797 4099 nimirum

2234 4148 2310 4197 ita
2357 4143 2545 4198 litterae
2588 4142 2765 4206 haesit,
2800 4149 2859 4196 ut
2890 4141 3018 4196 dum
3060 4140 3225 4196 verba
3270 4138 3536 4203 redderet,
3570 4144 3794 4191 senten-

2236 4238 2369 4303 tiam
2402 4248 2510 4289 non
2542 4234 2615 4288 ita
2645 4233 2938 4287 curaverit.
2974 4229 3355 4302 Symmachum
3401 4243 3539 4298 saepe
3566 4225 3796 4279 mirabi-

2235 4324 2339 4378 lem
2355 4324 2486 4378 dicit
2515 4322 2885 4391 interpretem,
2906 4320 3133 4389 ejusque
3156 4318 3405 4391 versione
3426 4318 3596 4371 utitur
3620 4316 3801 4370 liben—

2235 4414 2365 4475 tius,
2396 4410 2733 4480 frequentius
2766 4416 2821 4463 et
2846 4409 3141 4477 copiosius.
3176 4406 3380 4463 Amhos
3408 4413 3588 4460 tamen
3624 4404 3707 4459 ait
3742 4404 3794 4457 in

2237 4505 2463 4574 gratiam
2492 4502 2805 4557 Judaeorum
2852 4496 3164 4573 prophetias
3184 4500 3251 4556 de
3279 4500 3497 4556 Christo
3535 4496 3699 4551 aliam
3742 4497 3797 4551 ia

2238 4595 2560 4650 sententiam
2616 4594 2893 4647 derivasse
2959 4611 2973 4645 :
3048 4590 3492 4662 Ἰουδαῖκώτερον,
3539 4588 3620 4644 sic
3679 4587 3799 4651 ille.

574 4693 680 4735 nec
730 4678 1119 4748 infrequenter‘
1146 4678 1535 4747 comprobant;
1575 4684 1636 4731 ut
1666 4676 1897 4746 exempli
1940 4691 2121 4740 causa,

2251 4684 2479 4749 Ἀκύλας
2511 4686 2606 4739 καὶ
2635 4684 2923 4756 Σύμμαχος
2952 4684 3048 4757 τὴν
3096 4683 3385 4757 ἑρμηνείαν
3434 4678 3797 4744 ἐκτεθεικασι,

576 4783 702 4824 cum
726 4765 991 4825 Eusebius
1030 4768 1298 4841 psalmum
1330 4784 1463 4832 xvu,
1494 4768 1657 4834 Deus,
1689 4766 1830 4822 Deus
1857 4783 2024 4831 meus,
2051 4783 2134 4820 re—

577 4860 719 4929 spice
744 4859 798 4912 in
830 4850 931 4923 me,
966 4859 1021 4913 in
1065 4872 1174 4913 uno
1205 4856 1731 4926 Christoimpletum
1761 4870 1882 4911 esse
1909 4868 2130 4909 asseve-

576 4957 665 5005 rat
696 4968 715 5007 ε,
744 4950 800 5004 in
831 4948 937 5003 hoc
962 4951 1108 5004 enim
1133 4956 1187 5004 et
1213 4949 1269 5003 in
1291 4946 1585 5013 similibus,
1634 4957 1693 5001 ut
1733 4961 1892 5002 nemo
1914 4959 2022 4999 non
2052 4944 2136 4997 fa-

577 5051 1007 5109 teatur,_sensus
1028 5042 1144 5110 ipse
1164 5039 1416 5095 litteralis
1441 5037 1722 5093 Christum
1743 5036 1983 5107 respicit.
2009 5033 2135 5090 llaec

578 5136 647 5191 de
678 5131 1070 5205 interpretandi
1100 5132 1209 5186 ritu
1232 5131 1378 5185 dicta
1407 5137 1591 5185 sunto.

705 5240 767 5292 γ.
795 5240 1038 5292 Eusebius
1057 5238 1324 5303 Origenem
1348 5240 1591 5302 sequitur,
1618 5236 1703 5288 alii
1733 5237 2013 5288 Eusebium.

651 5322 918 5377 Cmterum
969 5321 1239 5377 Eusebius
1289 5321 1535 5391 Origenis
1581 5320 1949 5390 expositiones
1995 5317 2139 5373 haud

587 5416 816 5471 obscure
868 5423 1131 5481 sectatur,
1167 5422 1279 5468 tam
1316 5414 1461 5483 quod
1509 5413 1577 5467 ad
1608 5413 1780 5482 ipsam
1812 5409 2137 5481 explanandi

585 5508 871 5572 rationem,
920 5523 1081 5579 quam
1128 5508 1275 5577 quod
1316 5506 1383 5561 ad
1410 5506 1695 5561 verborum
1730 5502 1964 5569 seriem;
1995 5511 2053 5556 ut
2084 5504 2140 5556 in

586 5599 973 5667 manuscriptis
1023 5606 1079 5654 et
1126 5597 1289 5654 editis
1339 5596 1547 5651 catenis
1600 5582 1782 5648 videre
1820 5599 1901 5646 est
1949 5610 1962 5645 :
2013 5606 2139 5645 nam

589 5690 1013 5745 commentarios
1045 5688 1299 5761 Origenis
1324 5689 1514 5759 plenos
1548 5668 1892 5756 integrosque
1930 5681 2139 5753 jamdiu

589 5779 870 5844 ιιιιιίεἱωυε
900 5799 915 5861 ξ
951 5781 1069 5850 ejus
1103 5796 1265 5852 porro
1289 5778 1706 5838 commentarios
1738 5774 1903 5832 semel
1940 5786 2141 5831 mento.

658 5897 732 5957 (α)
753 5879 881 5985 hau.
902 5892 1028 5951 διδ.

2240 4774 2293 4827 id
2317 4783 2418 4838 est,
2451 4772 2610 4827 Modo
2653 4774 2719 4826 ad
2760 4772 3044 4826 Iudaicam
3073 4772 3362 4825 doctrinam
3400 4767 3610 4837 propius
3642 4783 3799 4821 acce-

2239 4864 2409 4928 dente,
2443 4864 2635 4935 Aquila
2668 4874 2715 4918 et
2747 4862 3092 4933 Symmachus
3132 4858 3459 4926 interpretati
3484 4866 3626 4911 sunt.
3658 4854 3800 4910 Nam

2240 4954 2294 5008 in
2329 4954 2784 5010 Demonstratione
2827 4946 3123 5023 evangelica
3152 4949 3228 5019 (α)
3271 4948 3342 5003 ait
3375 4940 3663 5015 utrumque
3692 4944 3796 5003 Juv

2242 5047 2415 5102 datum
2450 5053 2544 5101 aut
2581 5044 2985 5101 semi-Judaeum
3008 5041 3195 5096 fuisse.
3215 5039 3634 5093 Theodotionem
3668 5053 3798 5093 cum

2243 5139 2404 5194 laude
2453 5146 2750 5202 memorat,
2808 5144 2861 5189 et
2918 5140 3231 5187 accuratum
3287 5132 3637 5200 interpretem
3695 5130 3796 5185 ait.

2245 5227 2443 5294 Quinta
2476 5227 2655 5280 minus
2681 5224 3010 5293 frequenter,
3043 5217 3203 5273 Sexta
3232 5232 3359 5273 vero
3399 5218 3677 5273 rarissime
3709 5218 3802 5273 in-

2244 5316 2721 5386 terpretationibus
2774 5313 2965 5368 utitur.
2999 5308 3168 5365 Notas
3210 5308 3266 5362 in
3312 5307 3625 5377 hujusmodi
3670 5323 3800 5361 ver-

2247 5411 2427 5463 siones
2458 5422 2608 5461 raras
2632 5414 2687 5461 et
2710 5403 3062 5459 brevissimas
3083 5401 3329 5459 dedimus
3356 5420 3367 5455 :
3399 5386 3525 5471 quia
3549 5414 3579 5452 a
3610 5398 3797 5484 multis
3847 5458 3850 5461 ,

2241 5501 2352 5570 jam
2401 5498 2560 5553 annis
2610 5496 2677 5549 ad
2722 5494 3082 5564 Hexaplorum
3138 5499 3387 5561 excerpta
3415 5506 3481 5546 ex
3510 5488 3798 5546 codicibus

2245 5606 2367 5645 cum
2423 5588 2582 5644 editis
2630 5594 2745 5641 tum
2800 5586 3187 5655 manuscriptis
3227 5579 3527 5649 colligenda
3553 5579 3793 5635 animum

2246 5679 2428 5750 appuli
2477 5698 2491 5733 :
2541 5677 2793 5749 quodque
2849 5676 3015 5732 habui
3076 5674 3284 5729 caeteris
3329 5686 3449 5741 quae
3492 5670 3788 5725 tractabam

2250 5772 2370 5837 otii,
2406 5772 2534 5827 huic
2568 5771 2859 5833 provinciae
2908 5767 3218 5826 consecravi
3256 5784 3269 5820 :
3305 5773 3353 5817 et
3385 5763 3491 5833 jam
3524 5771 3675 5819 tanta
3700 5776 3797 5821 eo-
