  <div class='ocr_page' id='page_1' title='image "/cluster/home/n/w/nwhite01/storage/ocr_20150623/23/pst.000005712076/020.png"; bbox 0 0 3928 6336; ppageno 0'>
   <div class='ocr_carea' id='block_1_1' title="bbox 147 420 1653 521">
    <p class='ocr_par' dir='ltr' id='par_1_1' title="bbox 147 420 1653 521">
     <span class='ocr_line' id='line_1_1' title="bbox 147 420 1653 521; baseline -0.016 0"><span class='ocrx_word' id='word_1_1' title='bbox 147 464 198 521; x_wconf 73' lang='lat' dir='ltr'><strong>is</strong></span> <span class='ocrx_word' id='word_1_2' title='bbox 855 420 1362 508; x_wconf 72' lang='lat' dir='ltr'><strong>COMMENTARIA</strong></span> <span class='ocrx_word' id='word_1_3' title='bbox 1401 446 1466 500; x_wconf 69' lang='lat' dir='ltr'><strong>1N</strong></span> <span class='ocrx_word' id='word_1_4' title='bbox 1502 440 1653 499; x_wconf 64' lang='lat' dir='ltr'><strong>esst</strong></span> 
     </span>
    </p>
   </div>
   <div class='ocr_carea' id='block_1_2' title="bbox 1752 420 2508 521">
    <p class='ocr_par' dir='ltr' id='par_1_2' title="bbox 1752 433 2508 512">
     <span class='ocr_line' id='line_1_2' title="bbox 1752 433 2508 512; baseline -0.012 -16"><span class='ocrx_word' id='word_1_5' title='bbox 1752 442 1835 496; x_wconf 74' lang='grc' dir='ltr'>ιδ.</span> <span class='ocrx_word' id='word_1_6' title='bbox 1858 472 1937 512; x_wconf 34' lang='grc'>,-</span> <span class='ocrx_word' id='word_1_7' title='bbox 1967 433 2508 493; x_wconf 72' lang='lat' dir='ltr'><strong>PRASLIMINARIA.</strong></span> 
     </span>
    </p>
   </div>
   <div class='ocr_carea' id='block_1_3' title="bbox 3234 426 3306 482">
    <p class='ocr_par' dir='ltr' id='par_1_3' title="bbox 3234 426 3306 482">
     <span class='ocr_line' id='line_1_3' title="bbox 3234 426 3306 482; baseline 0.014 -1"><span class='ocrx_word' id='word_1_8' title='bbox 3234 426 3306 482; x_wconf 72' lang='lat'><strong>26</strong></span> 
     </span>
    </p>
   </div>
   <div class='ocr_carea' id='block_1_4' title="bbox 146 542 1653 640">
    <p class='ocr_par' dir='ltr' id='par_1_4' title="bbox 146 564 1642 640">
     <span class='ocr_line' id='line_1_4' title="bbox 146 564 1642 640; baseline -0.017 -2"><span class='ocrx_word' id='word_1_9' title='bbox 146 598 231 639; x_wconf 74' lang='lat' dir='ltr'><strong>rum</strong></span> <span class='ocrx_word' id='word_1_10' title='bbox 255 588 467 633; x_wconf 78' lang='lat' dir='ltr'><strong>sccessro</strong></span> <span class='ocrx_word' id='word_1_11' title='bbox 495 567 643 628; x_wconf 73' lang='lat' dir='ltr'><strong>facta</strong></span> <span class='ocrx_word' id='word_1_12' title='bbox 673 578 779 635; x_wconf 91' lang='lat' dir='ltr'><strong>est,</strong></span> <span class='ocrx_word' id='word_1_13' title='bbox 806 577 865 624; x_wconf 90' lang='lat' dir='ltr'><strong>ut</strong></span> <span class='ocrx_word' id='word_1_14' title='bbox 889 567 1195 640; x_wconf 88' lang='lat' dir='ltr'><strong>quadruplo</strong></span> <span class='ocrx_word' id='word_1_15' title='bbox 1247 567 1436 621; x_wconf 78' lang='lat' dir='ltr'><strong>saltem</strong></span> <span class='ocrx_word' id='word_1_16' title='bbox 1486 564 1642 634; x_wconf 88' lang='lat' dir='ltr'><strong>plura</strong></span> 
     </span>
    </p>
   </div>
   <div class='ocr_carea' id='block_1_5' title="bbox 1752 542 3308 640">
    <p class='ocr_par' dir='ltr' id='par_1_5' title="bbox 1752 542 3308 629">
     <span class='ocr_line' id='line_1_5' title="bbox 1752 542 3308 629; baseline -0.009 -20"><span class='ocrx_word' id='word_1_17' title='bbox 1752 556 1915 629; x_wconf 71' lang='grc' dir='ltr'>θρασὺ</span> <span class='ocrx_word' id='word_1_18' title='bbox 1946 555 2039 609; x_wconf 79' lang='grc' dir='ltr'><strong>καὶ</strong></span> <span class='ocrx_word' id='word_1_19' title='bbox 2069 551 2355 625; x_wconf 80' lang='grc' dir='ltr'>προπετές,</span> <span class='ocrx_word' id='word_1_20' title='bbox 2381 547 2609 601; x_wconf 78' lang='lat' dir='ltr'><strong>arbitror</strong></span> <span class='ocrx_word' id='word_1_21' title='bbox 2642 543 2776 600; x_wconf 79' lang='lat' dir='ltr'><strong>illud</strong></span> <span class='ocrx_word' id='word_1_22' title='bbox 2807 560 2936 599; x_wconf 79' lang='lat' dir='ltr'><strong>esse.</strong></span> <span class='ocrx_word' id='word_1_23' title='bbox 2967 542 3308 611; x_wconf 79' lang='lat' dir='ltr'><strong>pronuntiare</strong></span> 
     </span>
    </p>
   </div>
   <div class='ocr_carea' id='block_1_6' title="bbox 146 653 1643 744">
    <p class='ocr_par' dir='ltr' id='par_1_6' title="bbox 146 653 1643 744">
     <span class='ocr_line' id='line_1_6' title="bbox 146 653 1643 744; baseline -0.013 -18"><span class='ocrx_word' id='word_1_24' title='bbox 146 685 268 744; x_wconf 86' lang='lat' dir='ltr'><strong>penes</strong></span> <span class='ocrx_word' id='word_1_25' title='bbox 285 682 370 724; x_wconf 86' lang='lat' dir='ltr'><strong>nos</strong></span> <span class='ocrx_word' id='word_1_26' title='bbox 394 664 716 724; x_wconf 75' lang='lat' dir='ltr'><strong>habeamus“,</strong></span> <span class='ocrx_word' id='word_1_27' title='bbox 742 655 905 733; x_wconf 86' lang='lat' dir='ltr'><strong>quam</strong></span> <span class='ocrx_word' id='word_1_28' title='bbox 928 660 1181 715; x_wconf 83' lang='lat' dir='ltr'><strong>Nobilius</strong></span> <span class='ocrx_word' id='word_1_29' title='bbox 1204 667 1258 711; x_wconf 85' lang='lat' dir='ltr'><strong>et</strong></span> <span class='ocrx_word' id='word_1_30' title='bbox 1284 653 1643 719; x_wconf 71' lang='lat' dir='ltr'><strong>Drusiusiedi-</strong></span> 
     </span>
    </p>
   </div>
   <div class='ocr_carea' id='block_1_7' title="bbox 145 749 1640 827">
    <p class='ocr_par' dir='ltr' id='par_1_7' title="bbox 145 749 1640 827">
     <span class='ocr_line' id='line_1_7' title="bbox 145 749 1640 827; baseline -0.013 -8"><span class='ocrx_word' id='word_1_31' title='bbox 145 763 293 819; x_wconf 85' lang='lat' dir='ltr'><strong>derint.</strong></span> <span class='ocrx_word' id='word_1_32' title='bbox 338 756 428 813; x_wconf 85' lang='lat' dir='ltr'><strong>His</strong></span> <span class='ocrx_word' id='word_1_33' title='bbox 473 756 787 827; x_wconf 84' lang='lat' dir='ltr'><strong>propediem</strong></span> <span class='ocrx_word' id='word_1_34' title='bbox 839 760 1165 824; x_wconf 76' lang='lat' dir='ltr'><strong>postremam</strong></span> <span class='ocrx_word' id='word_1_35' title='bbox 1203 749 1488 803; x_wconf 87' lang='lat' dir='ltr'><strong>admovere</strong></span> <span class='ocrx_word' id='word_1_36' title='bbox 1524 762 1640 800; x_wconf 87' lang='lat' dir='ltr'><strong>ma—</strong></span> 
     </span>
    </p>
   </div>
   <div class='ocr_carea' id='block_1_8' title="bbox 146 838 1643 919">
    <p class='ocr_par' dir='ltr' id='par_1_8' title="bbox 146 838 1643 919">
     <span class='ocr_line' id='line_1_8' title="bbox 146 838 1643 919; baseline -0.012 -12"><span class='ocrx_word' id='word_1_37' title='bbox 146 864 417 919; x_wconf 83' lang='lat' dir='ltr'><strong>num.eaque</strong></span> <span class='ocrx_word' id='word_1_38' title='bbox 438 847 718 916; x_wconf 81' lang='lat' dir='ltr'><strong>publicare</strong></span> <span class='ocrx_word' id='word_1_39' title='bbox 749 846 962 900; x_wconf 87' lang='lat' dir='ltr'><strong>animus</strong></span> <span class='ocrx_word' id='word_1_40' title='bbox 987 854 1093 899; x_wconf 77' lang='lat' dir='ltr'><strong>est.</strong></span> <span class='ocrx_word' id='word_1_41' title='bbox 1113 843 1292 909; x_wconf 85' lang='lat' dir='ltr'><strong>Quare</strong></span> <span class='ocrx_word' id='word_1_42' title='bbox 1322 854 1349 892; x_wconf 89' lang='lat' dir='ltr'><strong>a</strong></span> <span class='ocrx_word' id='word_1_43' title='bbox 1382 838 1643 906; x_wconf 71' lang='lat' dir='ltr'><strong>prolixio-</strong></span> 
     </span>
    </p>
   </div>
   <div class='ocr_carea' id='block_1_9' title="bbox 143 928 1644 1006">
    <p class='ocr_par' dir='ltr' id='par_1_9' title="bbox 143 928 1644 1006">
     <span class='ocr_line' id='line_1_9' title="bbox 143 928 1644 1006; baseline -0.01 -8"><span class='ocrx_word' id='word_1_44' title='bbox 143 944 255 998; x_wconf 83' lang='lat' dir='ltr'><strong>ribus</strong></span> <span class='ocrx_word' id='word_1_45' title='bbox 290 942 338 995; x_wconf 88' lang='lat' dir='ltr'><strong>in</strong></span> <span class='ocrx_word' id='word_1_46' title='bbox 380 946 593 994; x_wconf 88' lang='lat' dir='ltr'><strong>veteres</strong></span> <span class='ocrx_word' id='word_1_47' title='bbox 650 936 973 1006; x_wconf 77' lang='lat' dir='ltr'><strong>interpretes</strong></span> <span class='ocrx_word' id='word_1_48' title='bbox 1010 935 1156 989; x_wconf 89' lang='lat' dir='ltr'><strong>notis</strong></span> <span class='ocrx_word' id='word_1_49' title='bbox 1185 930 1437 987; x_wconf 88' lang='lat' dir='ltr'><strong>consulto</strong></span> <span class='ocrx_word' id='word_1_50' title='bbox 1474 928 1644 983; x_wconf 88' lang='lat' dir='ltr'><strong>absti-</strong></span> 
     </span>
    </p>
   </div>
   <div class='ocr_carea' id='block_1_10' title="bbox 144 1030 1464 1096">
    <p class='ocr_par' dir='ltr' id='par_1_10' title="bbox 144 1030 1464 1096">
     <span class='ocr_line' id='line_1_10' title="bbox 144 1030 1464 1096; baseline -0.011 -7"><span class='ocrx_word' id='word_1_51' title='bbox 144 1036 327 1093; x_wconf 86' lang='lat' dir='ltr'><strong>nuimus,</strong></span> <span class='ocrx_word' id='word_1_52' title='bbox 349 1047 411 1085; x_wconf 90' lang='lat' dir='ltr'><strong>ne</strong></span> <span class='ocrx_word' id='word_1_53' title='bbox 438 1031 543 1086; x_wconf 89' lang='lat' dir='ltr'><strong>sub</strong></span> <span class='ocrx_word' id='word_1_54' title='bbox 580 1030 695 1085; x_wconf 69' lang='lat' dir='ltr'><strong>haec</strong></span> <span class='ocrx_word' id='word_1_55' title='bbox 725 1039 903 1094; x_wconf 83' lang='lat' dir='ltr'><strong>actum</strong></span> <span class='ocrx_word' id='word_1_56' title='bbox 941 1040 1096 1096; x_wconf 80' lang='lat' dir='ltr'><strong>agere</strong></span> <span class='ocrx_word' id='word_1_57' title='bbox 1127 1036 1464 1093; x_wconf 81' lang='lat' dir='ltr'><strong>cogeremur.</strong></span> 
     </span>
    </p>
   </div>
   <div class='ocr_carea' id='block_1_11' title="bbox 190 1111 1641 1192">
    <p class='ocr_par' dir='ltr' id='par_1_11' title="bbox 190 1111 1641 1192">
     <span class='ocr_line' id='line_1_11' title="bbox 190 1111 1641 1192; baseline -0.009 -12"><span class='ocrx_word' id='word_1_58' title='bbox 190 1127 257 1180; x_wconf 83' lang='lat' dir='ltr'><strong>Ait</strong></span> <span class='ocrx_word' id='word_1_59' title='bbox 282 1122 532 1179; x_wconf 84' lang='lat' dir='ltr'><strong>Eusebius</strong></span> <span class='ocrx_word' id='word_1_60' title='bbox 564 1121 912 1192; x_wconf 76' lang='lat' dir='ltr'><strong>Septuaginta</strong></span> <span class='ocrx_word' id='word_1_61' title='bbox 953 1116 1280 1186; x_wconf 88' lang='lat' dir='ltr'><strong>lnterpretes</strong></span> <span class='ocrx_word' id='word_1_62' title='bbox 1315 1128 1439 1167; x_wconf 88' lang='lat' dir='ltr'><strong>eum</strong></span> <span class='ocrx_word' id='word_1_63' title='bbox 1461 1111 1641 1167; x_wconf 86' lang='lat' dir='ltr'><strong>Ptole-</strong></span> 
     </span>
    </p>
   </div>
   <div class='ocr_carea' id='block_1_12' title="bbox 142 1206 1643 1284">
    <p class='ocr_par' dir='ltr' id='par_1_12' title="bbox 142 1206 1643 1284">
     <span class='ocr_line' id='line_1_12' title="bbox 142 1206 1643 1284; baseline -0.011 -10"><span class='ocrx_word' id='word_1_64' title='bbox 142 1219 227 1274; x_wconf 63' lang='lat' dir='ltr'><strong>maei</strong></span> <span class='ocrx_word' id='word_1_65' title='bbox 240 1215 550 1284; x_wconf 83' lang='lat' dir='ltr'><strong>Philadelphi</strong></span> <span class='ocrx_word' id='word_1_66' title='bbox 578 1222 820 1284; x_wconf 87' lang='lat' dir='ltr'><strong>tempore</strong></span> <span class='ocrx_word' id='word_1_67' title='bbox 850 1208 1122 1266; x_wconf 80' lang='lat' dir='ltr'><strong>vertendis</strong></span> <span class='ocrx_word' id='word_1_68' title='bbox 1154 1206 1447 1275; x_wconf 85' lang='lat' dir='ltr'><strong>Seripturae</strong></span> <span class='ocrx_word' id='word_1_69' title='bbox 1476 1218 1643 1257; x_wconf 84' lang='lat' dir='ltr'><strong>sacrae</strong></span> 
     </span>
    </p>
   </div>
   <div class='ocr_carea' id='block_1_13' title="bbox 142 1294 1641 1377">
    <p class='ocr_par' dir='ltr' id='par_1_13' title="bbox 142 1294 1641 1377">
     <span class='ocr_line' id='line_1_13' title="bbox 142 1294 1641 1377; baseline -0.013 -12"><span class='ocrx_word' id='word_1_70' title='bbox 142 1310 253 1365; x_wconf 86' lang='lat' dir='ltr'><strong>libris</strong></span> <span class='ocrx_word' id='word_1_71' title='bbox 279 1322 487 1377; x_wconf 82' lang='lat' dir='ltr'><strong>operam</strong></span> <span class='ocrx_word' id='word_1_72' title='bbox 517 1306 732 1369; x_wconf 84' lang='lat' dir='ltr'><strong>darent,</strong></span> <span class='ocrx_word' id='word_1_73' title='bbox 758 1305 876 1359; x_wconf 89' lang='lat' dir='ltr'><strong>loca</strong></span> <span class='ocrx_word' id='word_1_74' title='bbox 925 1300 1194 1371; x_wconf 63' lang='lat' dir='ltr'><strong>quaedam,</strong></span> <span class='ocrx_word' id='word_1_75' title='bbox 1230 1301 1386 1368; x_wconf 81' lang='lat' dir='ltr'><strong>queis</strong></span> <span class='ocrx_word' id='word_1_76' title='bbox 1440 1294 1641 1349; x_wconf 87' lang='lat' dir='ltr'><strong>Christi</strong></span> 
     </span>
    </p>
   </div>
   <div class='ocr_carea' id='block_1_14' title="bbox 142 1385 1641 1469">
    <p class='ocr_par' dir='ltr' id='par_1_14' title="bbox 142 1385 1641 1469">
     <span class='ocr_line' id='line_1_14' title="bbox 142 1385 1641 1469; baseline -0.013 -13"><span class='ocrx_word' id='word_1_77' title='bbox 142 1410 253 1456; x_wconf 89' lang='lat' dir='ltr'><strong>ortus</strong></span> <span class='ocrx_word' id='word_1_78' title='bbox 295 1398 524 1469; x_wconf 81' lang='lat' dir='ltr'><strong>apertius</strong></span> <span class='ocrx_word' id='word_1_79' title='bbox 577 1394 1053 1468; x_wconf 85' lang='lat' dir='ltr'><strong>praenuntiaretur,</strong></span> <span class='ocrx_word' id='word_1_80' title='bbox 1101 1406 1168 1444; x_wconf 90' lang='lat' dir='ltr'><strong>ne</strong></span> <span class='ocrx_word' id='word_1_81' title='bbox 1210 1390 1263 1442; x_wconf 90' lang='lat' dir='ltr'><strong>in</strong></span> <span class='ocrx_word' id='word_1_82' title='bbox 1308 1385 1641 1447; x_wconf 66' lang='lat' dir='ltr'><strong>Griecorum,</strong></span> 
     </span>
    </p>
   </div>
   <div class='ocr_carea' id='block_1_15' title="bbox 139 1478 1643 1562">
    <p class='ocr_par' dir='ltr' id='par_1_15' title="bbox 139 1478 1643 1562">
     <span class='ocr_line' id='line_1_15' title="bbox 139 1478 1643 1562; baseline -0.013 -14"><span class='ocrx_word' id='word_1_83' title='bbox 139 1494 290 1562; x_wconf 84' lang='lat' dir='ltr'><strong>quibus</strong></span> <span class='ocrx_word' id='word_1_84' title='bbox 315 1490 491 1545; x_wconf 88' lang='lat' dir='ltr'><strong>versio</strong></span> <span class='ocrx_word' id='word_1_85' title='bbox 521 1489 833 1559; x_wconf 81' lang='lat' dir='ltr'><strong>parabatur,</strong></span> <span class='ocrx_word' id='word_1_86' title='bbox 866 1482 1115 1539; x_wconf 84' lang='lat' dir='ltr'><strong>notitiam</strong></span> <span class='ocrx_word' id='word_1_87' title='bbox 1141 1480 1410 1540; x_wconf 88' lang='lat' dir='ltr'><strong>venirent,</strong></span> <span class='ocrx_word' id='word_1_88' title='bbox 1446 1478 1643 1531; x_wconf 87' lang='lat' dir='ltr'><strong>obseu—</strong></span> 
     </span>
    </p>
   </div>
   <div class='ocr_carea' id='block_1_16' title="bbox 138 1564 1636 1653">
    <p class='ocr_par' dir='ltr' id='par_1_16' title="bbox 138 1564 1636 1653">
     <span class='ocr_line' id='line_1_16' title="bbox 138 1564 1636 1653; baseline -0.009 -16"><span class='ocrx_word' id='word_1_89' title='bbox 138 1599 222 1639; x_wconf 76' lang='lat' dir='ltr'><strong>rius</strong></span> <span class='ocrx_word' id='word_1_90' title='bbox 244 1564 609 1653; x_wconf 86' lang='lat' dir='ltr'><strong>interpretatos</strong></span> <span class='ocrx_word' id='word_1_91' title='bbox 663 1594 802 1634; x_wconf 86' lang='lat' dir='ltr'><strong>esse.</strong></span> <span class='ocrx_word' id='word_1_92' title='bbox 840 1576 958 1643; x_wconf 84' lang='lat' dir='ltr'><strong>Qua</strong></span> <span class='ocrx_word' id='word_1_93' title='bbox 998 1576 1065 1629; x_wconf 87' lang='lat' dir='ltr'><strong>de</strong></span> <span class='ocrx_word' id='word_1_94' title='bbox 1098 1590 1156 1628; x_wconf 88' lang='lat' dir='ltr'><strong>re</strong></span> <span class='ocrx_word' id='word_1_95' title='bbox 1193 1570 1471 1625; x_wconf 84' lang='lat' dir='ltr'><strong>adeundus</strong></span> <span class='ocrx_word' id='word_1_96' title='bbox 1505 1569 1636 1636; x_wconf 77' lang='lat' dir='ltr'><strong>ipse.</strong></span> 
     </span>
    </p>
   </div>
   <div class='ocr_carea' id='block_1_17' title="bbox 138 1656 1642 1746">
    <p class='ocr_par' dir='ltr' id='par_1_17' title="bbox 138 1656 1642 1746">
     <span class='ocr_line' id='line_1_17' title="bbox 138 1656 1642 1746; baseline -0.015 -15"><span class='ocrx_word' id='word_1_97' title='bbox 138 1692 227 1733; x_wconf 88' lang='lat' dir='ltr'><strong>cum</strong></span> <span class='ocrx_word' id='word_1_98' title='bbox 259 1675 433 1746; x_wconf 81' lang='lat' dir='ltr'><strong>psalmi</strong></span> <span class='ocrx_word' id='word_1_99' title='bbox 480 1685 701 1734; x_wconf 71' lang='lat' dir='ltr'><strong>Lnxvt,</strong></span> <span class='ocrx_word' id='word_1_100' title='bbox 741 1656 1110 1723; x_wconf 82' lang='lat' dir='ltr'><strong>Fundamenta</strong></span> <span class='ocrx_word' id='word_1_101' title='bbox 1155 1664 1267 1733; x_wconf 83' lang='lat' dir='ltr'><strong>ejus</strong></span> <span class='ocrx_word' id='word_1_102' title='bbox 1300 1663 1353 1715; x_wconf 91' lang='lat' dir='ltr'><strong>in</strong></span> <span class='ocrx_word' id='word_1_103' title='bbox 1381 1660 1642 1714; x_wconf 89' lang='lat' dir='ltr'><strong>montibus</strong></span> 
     </span>
    </p>
   </div>
   <div class='ocr_carea' id='block_1_18' title="bbox 135 1753 1641 1837">
    <p class='ocr_par' dir='ltr' id='par_1_18' title="bbox 135 1753 1641 1837">
     <span class='ocr_line' id='line_1_18' title="bbox 135 1753 1641 1837; baseline -0.012 -13"><span class='ocrx_word' id='word_1_104' title='bbox 135 1771 303 1833; x_wconf 77' lang='lat' dir='ltr'><strong>sanctis,</strong></span> <span class='ocrx_word' id='word_1_105' title='bbox 333 1766 724 1837; x_wconf 78' lang='lat' dir='ltr'><strong>expositionem</strong></span> <span class='ocrx_word' id='word_1_106' title='bbox 766 1764 897 1819; x_wconf 88' lang='lat' dir='ltr'><strong>edit.</strong></span> <span class='ocrx_word' id='word_1_107' title='bbox 930 1761 1038 1816; x_wconf 81' lang='lat' dir='ltr'><strong>Nec</strong></span> <span class='ocrx_word' id='word_1_108' title='bbox 1068 1759 1283 1815; x_wconf 87' lang='lat' dir='ltr'><strong>silentio</strong></span> <span class='ocrx_word' id='word_1_109' title='bbox 1313 1753 1641 1809; x_wconf 90' lang='lat' dir='ltr'><strong>mittendum</strong></span> 
     </span>
    </p>
   </div>
   <div class='ocr_carea' id='block_1_19' title="bbox 135 1847 1643 1929">
    <p class='ocr_par' dir='ltr' id='par_1_19' title="bbox 135 1847 1643 1929">
     <span class='ocr_line' id='line_1_19' title="bbox 135 1847 1643 1929; baseline -0.012 -11"><span class='ocrx_word' id='word_1_110' title='bbox 135 1870 211 1927; x_wconf 80' lang='lat' dir='ltr'><strong>est,</strong></span> <span class='ocrx_word' id='word_1_111' title='bbox 230 1860 502 1915; x_wconf 83' lang='lat' dir='ltr'><strong>Eusebium</strong></span> <span class='ocrx_word' id='word_1_112' title='bbox 529 1873 768 1929; x_wconf 73' lang='lat' dir='ltr'><strong>persaepe</strong></span> <span class='ocrx_word' id='word_1_113' title='bbox 793 1855 1089 1926; x_wconf 59' lang='lat' dir='ltr'><strong>Scriptura</strong></span> <span class='ocrx_word' id='word_1_114' title='bbox 1122 1866 1288 1908; x_wconf 75' lang='lat' dir='ltr'><strong>saera:</strong></span> <span class='ocrx_word' id='word_1_115' title='bbox 1312 1850 1429 1903; x_wconf 88' lang='lat' dir='ltr'><strong>loca</strong></span> <span class='ocrx_word' id='word_1_116' title='bbox 1456 1847 1643 1909; x_wconf 67' lang='lat' dir='ltr'><strong>secus,</strong></span> 
     </span>
    </p>
   </div>
   <div class='ocr_carea' id='block_1_20' title="bbox 133 1939 1640 2023">
    <p class='ocr_par' dir='ltr' id='par_1_20' title="bbox 133 1939 1640 2023">
     <span class='ocr_line' id='line_1_20' title="bbox 133 1939 1640 2023; baseline -0.008 -17"><span class='ocrx_word' id='word_1_117' title='bbox 133 1968 254 2023; x_wconf 79' lang='lat' dir='ltr'><strong>quam</strong></span> <span class='ocrx_word' id='word_1_118' title='bbox 281 1953 329 2006; x_wconf 91' lang='lat' dir='ltr'><strong>in</strong></span> <span class='ocrx_word' id='word_1_119' title='bbox 358 1949 757 2020; x_wconf 81' lang='lat' dir='ltr'><strong>exemplaribus</strong></span> <span class='ocrx_word' id='word_1_120' title='bbox 791 1946 1069 2012; x_wconf 81' lang='lat' dir='ltr'><strong>hodiernis</strong></span> <span class='ocrx_word' id='word_1_121' title='bbox 1129 1945 1399 2014; x_wconf 81' lang='lat' dir='ltr'><strong>leguntur,</strong></span> <span class='ocrx_word' id='word_1_122' title='bbox 1429 1939 1640 2003; x_wconf 71' lang='lat' dir='ltr'><strong>all‘erre,</strong></span> 
     </span>
    </p>
   </div>
   <div class='ocr_carea' id='block_1_21' title="bbox 133 2032 1633 2114">
    <p class='ocr_par' dir='ltr' id='par_1_21' title="bbox 133 2032 1633 2114">
     <span class='ocr_line' id='line_1_21' title="bbox 133 2032 1633 2114; baseline -0.009 -18"><span class='ocrx_word' id='word_1_123' title='bbox 133 2043 284 2114; x_wconf 75' lang='lat' dir='ltr'><strong>partim</strong></span> <span class='ocrx_word' id='word_1_124' title='bbox 339 2042 484 2113; x_wconf 86' lang='lat' dir='ltr'><strong>quod</strong></span> <span class='ocrx_word' id='word_1_125' title='bbox 542 2040 869 2112; x_wconf 74' lang='lat' dir='ltr'><strong>exemplaria</strong></span> <span class='ocrx_word' id='word_1_126' title='bbox 930 2052 1026 2093; x_wconf 89' lang='lat' dir='ltr'><strong>sua</strong></span> <span class='ocrx_word' id='word_1_127' title='bbox 1083 2038 1287 2090; x_wconf 90' lang='lat' dir='ltr'><strong>variam</strong></span> <span class='ocrx_word' id='word_1_128' title='bbox 1345 2032 1633 2086; x_wconf 78' lang='lat' dir='ltr'><strong>lectionem</strong></span> 
     </span>
    </p>
   </div>
   <div class='ocr_carea' id='block_1_22' title="bbox 133 2120 1635 2202">
    <p class='ocr_par' dir='ltr' id='par_1_22' title="bbox 133 2120 1635 2202">
     <span class='ocr_line' id='line_1_22' title="bbox 133 2120 1635 2202; baseline -0.007 -17"><span class='ocrx_word' id='word_1_129' title='bbox 133 2133 416 2201; x_wconf 69' lang='lat' dir='ltr'><strong>praeferrent,</strong></span> <span class='ocrx_word' id='word_1_130' title='bbox 461 2133 660 2202; x_wconf 88' lang='lat' dir='ltr'><strong>partim</strong></span> <span class='ocrx_word' id='word_1_131' title='bbox 725 2130 868 2201; x_wconf 90' lang='lat' dir='ltr'><strong>quod</strong></span> <span class='ocrx_word' id='word_1_132' title='bbox 925 2129 1016 2182; x_wconf 86' lang='lat' dir='ltr'><strong>ille</strong></span> <span class='ocrx_word' id='word_1_133' title='bbox 1076 2137 1463 2193; x_wconf 85' lang='lat' dir='ltr'><strong>nonnunquam</strong></span> <span class='ocrx_word' id='word_1_134' title='bbox 1517 2120 1635 2175; x_wconf 87' lang='lat' dir='ltr'><strong>sine</strong></span> 
     </span>
    </p>
   </div>
   <div class='ocr_carea' id='block_1_23' title="bbox 132 2214 1637 2292">
    <p class='ocr_par' dir='ltr' id='par_1_23' title="bbox 132 2214 1637 2292">
     <span class='ocr_line' id='line_1_23' title="bbox 132 2214 1637 2292; baseline -0.007 -15"><span class='ocrx_word' id='word_1_135' title='bbox 132 2223 287 2292; x_wconf 69' lang='lat' dir='ltr'><strong>pravi:</strong></span> <span class='ocrx_word' id='word_1_136' title='bbox 338 2222 639 2277; x_wconf 89' lang='lat' dir='ltr'><strong>monitione</strong></span> <span class='ocrx_word' id='word_1_137' title='bbox 688 2221 920 2275; x_wconf 88' lang='lat' dir='ltr'><strong>aliorum</strong></span> <span class='ocrx_word' id='word_1_138' title='bbox 976 2219 1324 2286; x_wconf 85' lang='lat' dir='ltr'><strong>interpretum</strong></span> <span class='ocrx_word' id='word_1_139' title='bbox 1377 2214 1637 2270; x_wconf 85' lang='lat' dir='ltr'><strong>lectiones</strong></span> 
     </span>
    </p>
   </div>
   <div class='ocr_carea' id='block_1_24' title="bbox 130 2308 1637 2383">
    <p class='ocr_par' dir='ltr' id='par_1_24' title="bbox 130 2308 1637 2383">
     <span class='ocr_line' id='line_1_24' title="bbox 130 2308 1637 2383; baseline -0.006 -18"><span class='ocrx_word' id='word_1_140' title='bbox 130 2312 376 2368; x_wconf 80' lang='lat' dir='ltr'><strong>admisceat</strong></span> <span class='ocrx_word' id='word_1_141' title='bbox 410 2332 427 2367; x_wconf 86' lang='lat'><strong>:</strong></span> <span class='ocrx_word' id='word_1_142' title='bbox 466 2312 663 2383; x_wconf 88' lang='lat' dir='ltr'><strong>partim</strong></span> <span class='ocrx_word' id='word_1_143' title='bbox 696 2311 855 2367; x_wconf 87' lang='lat' dir='ltr'><strong>etiam</strong></span> <span class='ocrx_word' id='word_1_144' title='bbox 890 2308 1032 2379; x_wconf 91' lang='lat' dir='ltr'><strong>quod</strong></span> <span class='ocrx_word' id='word_1_145' title='bbox 1076 2308 1392 2376; x_wconf 90' lang='lat' dir='ltr'><strong>plerumque</strong></span> <span class='ocrx_word' id='word_1_146' title='bbox 1434 2318 1637 2359; x_wconf 87' lang='lat' dir='ltr'><strong>memo-</strong></span> 
     </span>
    </p>
   </div>
   <div class='ocr_carea' id='block_1_25' title="bbox 132 2401 1637 2474">
    <p class='ocr_par' dir='ltr' id='par_1_25' title="bbox 132 2401 1637 2474">
     <span class='ocr_line' id='line_1_25' title="bbox 132 2401 1637 2474; baseline -0.005 -16"><span class='ocrx_word' id='word_1_147' title='bbox 132 2408 232 2460; x_wconf 83' lang='lat' dir='ltr'><strong>riter</strong></span> <span class='ocrx_word' id='word_1_148' title='bbox 258 2405 655 2474; x_wconf 87' lang='lat' dir='ltr'><strong>Scripturarum</strong></span> <span class='ocrx_word' id='word_1_149' title='bbox 687 2403 827 2458; x_wconf 88' lang='lat' dir='ltr'><strong>dicta</strong></span> <span class='ocrx_word' id='word_1_150' title='bbox 860 2401 1125 2465; x_wconf 88' lang='lat' dir='ltr'><strong>enuntiet,</strong></span> <span class='ocrx_word' id='word_1_151' title='bbox 1158 2414 1222 2455; x_wconf 89' lang='lat' dir='ltr'><strong>ac</strong></span> <span class='ocrx_word' id='word_1_152' title='bbox 1260 2413 1555 2471; x_wconf 83' lang='lat' dir='ltr'><strong>synonyma</strong></span> <span class='ocrx_word' id='word_1_153' title='bbox 1586 2405 1637 2452; x_wconf 84' lang='lat' dir='ltr'><strong>et</strong></span> 
     </span>
    </p>
   </div>
   <div class='ocr_carea' id='block_1_26' title="bbox 128 2496 877 2551">
    <p class='ocr_par' dir='ltr' id='par_1_26' title="bbox 128 2496 877 2551">
     <span class='ocr_line' id='line_1_26' title="bbox 128 2496 877 2551; baseline -0.005 0"><span class='ocrx_word' id='word_1_154' title='bbox 128 2503 337 2551; x_wconf 77' lang='lat' dir='ltr'><strong>tstmnea</strong></span> <span class='ocrx_word' id='word_1_155' title='bbox 369 2496 538 2551; x_wconf 85' lang='lat' dir='ltr'><strong>verba</strong></span> <span class='ocrx_word' id='word_1_156' title='bbox 571 2496 877 2550; x_wconf 89' lang='lat' dir='ltr'><strong>interserat.</strong></span> 
     </span>
    </p>
   </div>
   <div class='ocr_carea' id='block_1_27' title="bbox 699 2582 1033 2660">
    <p class='ocr_par' dir='ltr' id='par_1_27' title="bbox 699 2582 1033 2660">
     <span class='ocr_line' id='line_1_27' title="bbox 699 2582 1033 2660; baseline -0.003 0"><span class='ocrx_word' id='word_1_157' title='bbox 699 2602 924 2660; x_wconf 79' lang='lat' dir='ltr'><strong>CAPUT</strong></span> <span class='ocrx_word' id='word_1_158' title='bbox 966 2582 1033 2659; x_wconf 72' lang='lat' dir='ltr'><strong>v;</strong></span> 
     </span>
    </p>
   </div>
   <div class='ocr_carea' id='block_1_28' title="bbox 251 2710 1479 2757">
    <p class='ocr_par' dir='ltr' id='par_1_28' title="bbox 251 2710 1479 2757">
     <span class='ocr_line' id='line_1_28' title="bbox 251 2710 1479 2757; baseline -0.005 0"><span class='ocrx_word' id='word_1_159' title='bbox 251 2718 311 2757; x_wconf 71' lang='lat' dir='ltr'><strong>DE</strong></span> <span class='ocrx_word' id='word_1_160' title='bbox 336 2717 507 2757; x_wconf 68' lang='lat' dir='ltr'><strong>BEBUS</strong></span> <span class='ocrx_word' id='word_1_161' title='bbox 539 2712 842 2755; x_wconf 66' lang='lat' dir='ltr'><strong>DOCTRINAM</strong></span> <span class='ocrx_word' id='word_1_162' title='bbox 877 2711 1265 2753; x_wconf 72' lang='lat' dir='ltr'><strong>SPECTANTIBUS</strong></span> <span class='ocrx_word' id='word_1_163' title='bbox 1299 2710 1352 2749; x_wconf 71' lang='lat' dir='ltr'><strong>IN</strong></span> <span class='ocrx_word' id='word_1_164' title='bbox 1380 2710 1479 2751; x_wconf 67' lang='lat' dir='ltr'><strong>30C</strong></span> 
     </span>
    </p>
   </div>
   <div class='ocr_carea' id='block_1_29' title="bbox 670 2784 1066 2823">
    <p class='ocr_par' dir='ltr' id='par_1_29' title="bbox 670 2784 1066 2823">
     <span class='ocr_line' id='line_1_29' title="bbox 670 2784 1066 2823; baseline -0.003 -2"><span class='ocrx_word' id='word_1_165' title='bbox 670 2784 1066 2823; x_wconf 69' lang='lat' dir='ltr'><strong>COIMENTARIO.</strong></span> 
     </span>
    </p>
   </div>
   <div class='ocr_carea' id='block_1_30' title="bbox 133 2874 1644 2951">
    <p class='ocr_par' dir='ltr' id='par_1_30' title="bbox 133 2874 1644 2951">
     <span class='ocr_line' id='line_1_30' title="bbox 133 2874 1644 2951; baseline -0.009 -11"><span class='ocrx_word' id='word_1_166' title='bbox 133 2881 168 2941; x_wconf 85' lang='lat' dir='ltr'><strong>I.</strong></span> <span class='ocrx_word' id='word_1_167' title='bbox 188 2883 243 2938; x_wconf 84' lang='lat' dir='ltr'><strong>In</strong></span> <span class='ocrx_word' id='word_1_168' title='bbox 272 2882 620 2951; x_wconf 71' lang='lat' dir='ltr'><strong>scriptoribus</strong></span> <span class='ocrx_word' id='word_1_169' title='bbox 641 2884 807 2949; x_wconf 83' lang='lat' dir='ltr'><strong>sacris</strong></span> <span class='ocrx_word' id='word_1_170' title='bbox 839 2897 901 2935; x_wconf 90' lang='lat' dir='ltr'><strong>ne</strong></span> <span class='ocrx_word' id='word_1_171' title='bbox 936 2880 1205 2951; x_wconf 80' lang='lat' dir='ltr'><strong>minimum</strong></span> <span class='ocrx_word' id='word_1_172' title='bbox 1241 2877 1420 2951; x_wconf 76' lang='lat' dir='ltr'><strong>vitium</strong></span> <span class='ocrx_word' id='word_1_173' title='bbox 1452 2874 1644 2951; x_wconf 77' lang='lat' dir='ltr'><strong>admit-</strong></span> 
     </span>
    </p>
   </div>
   <div class='ocr_carea' id='block_1_31' title="bbox 182 2944 1644 3015">
    <p class='ocr_par' dir='ltr' id='par_1_31' title="bbox 182 2944 1644 3015">
     <span class='ocr_line' id='line_1_31' title="bbox 182 2944 1644 3015; baseline -0.006 -9"><span class='ocrx_word' id='word_1_174' title='bbox 182 2956 233 3005; x_wconf 84' lang='lat' dir='ltr'><strong>tit</strong></span> <span class='ocrx_word' id='word_1_175' title='bbox 255 2944 527 3006; x_wconf 76' lang='lat' dir='ltr'><strong>Eusebius.</strong></span> <span class='ocrx_word' id='word_1_176' title='bbox 554 2946 982 3009; x_wconf 44' lang='lat' dir='ltr'><strong>&quot;(Sanctorum</strong></span> <span class='ocrx_word' id='word_1_177' title='bbox 1008 2948 1193 3000; x_wconf 87' lang='lat' dir='ltr'><strong>merita</strong></span> <span class='ocrx_word' id='word_1_178' title='bbox 1226 2944 1372 3000; x_wconf 86' lang='lat' dir='ltr'><strong>nobis</strong></span> <span class='ocrx_word' id='word_1_179' title='bbox 1402 2944 1644 3015; x_wconf 76' lang='lat' dir='ltr'><strong>prodesse</strong></span> 
     </span>
    </p>
   </div>
   <div class='ocr_carea' id='block_1_32' title="bbox 179 3016 1645 3084">
    <p class='ocr_par' dir='ltr' id='par_1_32' title="bbox 179 3016 1645 3084">
     <span class='ocr_line' id='line_1_32' title="bbox 179 3016 1645 3084; baseline -0.005 -9"><span class='ocrx_word' id='word_1_180' title='bbox 179 3032 327 3081; x_wconf 70' lang='lat' dir='ltr'><strong>putat.</strong></span> <span class='ocrx_word' id='word_1_181' title='bbox 360 3020 481 3076; x_wconf 82' lang='grc' dir='ltr'><strong>ΙΙΙ.</strong></span> <span class='ocrx_word' id='word_1_182' title='bbox 525 3022 713 3075; x_wconf 78' lang='lat' dir='ltr'><strong>Veram</strong></span> <span class='ocrx_word' id='word_1_183' title='bbox 747 3019 946 3075; x_wconf 76' lang='lat' dir='ltr'><strong>Christi</strong></span> <span class='ocrx_word' id='word_1_184' title='bbox 971 3019 1023 3070; x_wconf 87' lang='lat' dir='ltr'><strong>in</strong></span> <span class='ocrx_word' id='word_1_185' title='bbox 1051 3016 1382 3070; x_wconf 83' lang='lat' dir='ltr'><strong>Eucharistia</strong></span> <span class='ocrx_word' id='word_1_186' title='bbox 1417 3030 1645 3084; x_wconf 66' lang='lat' dir='ltr'><strong>pr-atsen-</strong></span> 
     </span>
    </p>
   </div>
   <div class='ocr_carea' id='block_1_33' title="bbox 178 3085 1642 3155">
    <p class='ocr_par' dir='ltr' id='par_1_33' title="bbox 178 3085 1642 3155">
     <span class='ocr_line' id='line_1_33' title="bbox 178 3085 1642 3155; baseline -0.005 -10"><span class='ocrx_word' id='word_1_187' title='bbox 178 3095 288 3147; x_wconf 85' lang='lat' dir='ltr'><strong>tiam</strong></span> <span class='ocrx_word' id='word_1_188' title='bbox 309 3093 569 3147; x_wconf 80' lang='lat' dir='ltr'><strong>declarat.</strong></span> <span class='ocrx_word' id='word_1_189' title='bbox 602 3090 629 3148; x_wconf 82' lang='grc'><strong><em>1</em></strong></span> <span class='ocrx_word' id='word_1_190' title='bbox 642 3090 701 3144; x_wconf 66' lang='grc'><strong>1⁷,</strong></span> <span class='ocrx_word' id='word_1_191' title='bbox 729 3090 867 3155; x_wconf 84' lang='lat' dir='ltr'><strong>Quid</strong></span> <span class='ocrx_word' id='word_1_192' title='bbox 898 3090 961 3142; x_wconf 88' lang='lat' dir='ltr'><strong>de</strong></span> <span class='ocrx_word' id='word_1_193' title='bbox 993 3088 1152 3141; x_wconf 88' lang='lat' dir='ltr'><strong>libero</strong></span> <span class='ocrx_word' id='word_1_194' title='bbox 1184 3085 1403 3140; x_wconf 89' lang='lat' dir='ltr'><strong>arbitrio</strong></span> <span class='ocrx_word' id='word_1_195' title='bbox 1434 3086 1642 3139; x_wconf 82' lang='lat' dir='ltr'><strong>sentiat.</strong></span> 
     </span>
    </p>
   </div>
   <div class='ocr_carea' id='block_1_34' title="bbox 186 3155 1647 3230">
    <p class='ocr_par' dir='ltr' id='par_1_34' title="bbox 186 3155 1647 3230">
     <span class='ocr_line' id='line_1_34' title="bbox 186 3155 1647 3230; baseline -0.005 -15"><span class='ocrx_word' id='word_1_196' title='bbox 186 3160 239 3216; x_wconf 78' lang='grc' dir='ltr'><em>γ.</em></span> <span class='ocrx_word' id='word_1_197' title='bbox 270 3163 509 3217; x_wconf 81' lang='lat' dir='ltr'><strong>Gratiam</strong></span> <span class='ocrx_word' id='word_1_198' title='bbox 550 3160 916 3230; x_wconf 62' lang='lat' dir='ltr'><strong>indiﬂcrentia:</strong></span> <span class='ocrx_word' id='word_1_199' title='bbox 946 3158 1015 3230; x_wconf 84' lang='lat' dir='ltr'><strong>ad</strong></span> <span class='ocrx_word' id='word_1_200' title='bbox 1046 3155 1369 3230; x_wconf 85' lang='lat' dir='ltr'><strong>utrumlibet,</strong></span> <span class='ocrx_word' id='word_1_201' title='bbox 1404 3171 1492 3210; x_wconf 88' lang='lat' dir='ltr'><strong>seu</strong></span> <span class='ocrx_word' id='word_1_202' title='bbox 1534 3170 1647 3209; x_wconf 82' lang='lat' dir='ltr'><strong>ver-</strong></span> 
     </span>
    </p>
   </div>
   <div class='ocr_carea' id='block_1_35' title="bbox 177 3228 1647 3317">
    <p class='ocr_par' dir='ltr' id='par_1_35' title="bbox 177 3228 1647 3317">
     <span class='ocr_line' id='line_1_35' title="bbox 177 3228 1647 3317; baseline -0.006 -30"><span class='ocrx_word' id='word_1_203' title='bbox 177 3235 385 3317; x_wconf 75' lang='lat' dir='ltr'><strong>satitem,</strong></span> <span class='ocrx_word' id='word_1_204' title='bbox 408 3233 588 3317; x_wconf 68' lang='lat' dir='ltr'><strong>docet.</strong></span> <span class='ocrx_word' id='word_1_205' title='bbox 606 3228 699 3286; x_wconf 63' lang='lat' dir='ltr'><strong>Vl;</strong></span> <span class='ocrx_word' id='word_1_206' title='bbox 737 3230 805 3285; x_wconf 84' lang='lat' dir='ltr'><strong>Et</strong></span> <span class='ocrx_word' id='word_1_207' title='bbox 837 3228 1347 3299; x_wconf 74' lang='lat' dir='ltr'><strong>prwdestinationem</strong></span> <span class='ocrx_word' id='word_1_208' title='bbox 1372 3234 1485 3296; x_wconf 84' lang='lat' dir='ltr'><strong>post</strong></span> <span class='ocrx_word' id='word_1_209' title='bbox 1508 3239 1647 3295; x_wconf 77' lang='lat' dir='ltr'><strong>prte-</strong></span> 
     </span>
    </p>
   </div>
   <div class='ocr_carea' id='block_1_36' title="bbox 176 3314 500 3358">
    <p class='ocr_par' dir='ltr' id='par_1_36' title="bbox 176 3314 500 3358">
     <span class='ocr_line' id='line_1_36' title="bbox 176 3314 500 3358; baseline 0 0"><span class='ocrx_word' id='word_1_210' title='bbox 176 3314 271 3358; x_wconf 67' lang='lat' dir='ltr'><strong>uisa</strong></span> <span class='ocrx_word' id='word_1_211' title='bbox 290 3314 500 3358; x_wconf 81' lang='lat' dir='ltr'><strong>merita.</strong></span> 
     </span>
    </p>
   </div>
   <div class='ocr_carea' id='block_1_37' title="bbox 177 3409 1650 3487">
    <p class='ocr_par' dir='ltr' id='par_1_37' title="bbox 177 3409 1650 3487">
     <span class='ocr_line' id='line_1_37' title="bbox 177 3409 1650 3487; baseline -0.003 -19"><span class='ocrx_word' id='word_1_212' title='bbox 177 3410 311 3471; x_wconf 79' lang='lat' dir='ltr'><strong>Haud</strong></span> <span class='ocrx_word' id='word_1_213' title='bbox 368 3416 647 3485; x_wconf 80' lang='lat' dir='ltr'><strong>ingratum</strong></span> <span class='ocrx_word' id='word_1_214' title='bbox 694 3412 885 3468; x_wconf 82' lang='lat' dir='ltr'><strong>lectori</strong></span> <span class='ocrx_word' id='word_1_215' title='bbox 940 3411 1056 3467; x_wconf 84' lang='lat' dir='ltr'><strong>fore</strong></span> <span class='ocrx_word' id='word_1_216' title='bbox 1100 3424 1402 3481; x_wconf 86' lang='lat' dir='ltr'><strong>speramus,</strong></span> <span class='ocrx_word' id='word_1_217' title='bbox 1451 3409 1497 3465; x_wconf 88' lang='lat' dir='ltr'><strong>si</strong></span> <span class='ocrx_word' id='word_1_218' title='bbox 1530 3424 1650 3487; x_wconf 67' lang='lat' dir='ltr'><strong>qua:</strong></span> 
     </span>
    </p>
   </div>
   <div class='ocr_carea' id='block_1_38' title="bbox 131 3501 1651 3575">
    <p class='ocr_par' dir='ltr' id='par_1_38' title="bbox 131 3501 1651 3575">
     <span class='ocr_line' id='line_1_38' title="bbox 131 3501 1651 3575; baseline -0.004 -14"><span class='ocrx_word' id='word_1_219' title='bbox 131 3507 323 3573; x_wconf 70' lang='lat' dir='ltr'><strong>sparsim</strong></span> <span class='ocrx_word' id='word_1_220' title='bbox 351 3507 632 3575; x_wconf 87' lang='lat' dir='ltr'><strong>variisque</strong></span> <span class='ocrx_word' id='word_1_221' title='bbox 664 3505 718 3558; x_wconf 91' lang='lat' dir='ltr'><strong>iu</strong></span> <span class='ocrx_word' id='word_1_222' title='bbox 751 3503 910 3563; x_wconf 88' lang='lat' dir='ltr'><strong>locis,</strong></span> <span class='ocrx_word' id='word_1_223' title='bbox 938 3518 1048 3573; x_wconf 90' lang='lat' dir='ltr'><strong>quo</strong></span> <span class='ocrx_word' id='word_1_224' title='bbox 1100 3501 1211 3558; x_wconf 80' lang='lat' dir='ltr'><strong>fors</strong></span> <span class='ocrx_word' id='word_1_225' title='bbox 1255 3502 1399 3567; x_wconf 89' lang='lat' dir='ltr'><strong>tulit,</strong></span> <span class='ocrx_word' id='word_1_226' title='bbox 1431 3501 1651 3557; x_wconf 88' lang='lat' dir='ltr'><strong>inducta</strong></span> 
     </span>
    </p>
   </div>
   <div class='ocr_carea' id='block_1_39' title="bbox 130 3592 1651 3664">
    <p class='ocr_par' dir='ltr' id='par_1_39' title="bbox 130 3592 1651 3664">
     <span class='ocr_line' id='line_1_39' title="bbox 130 3592 1651 3664; baseline -0.002 -14"><span class='ocrx_word' id='word_1_227' title='bbox 130 3608 229 3650; x_wconf 80' lang='lat' dir='ltr'><strong>sunt</strong></span> <span class='ocrx_word' id='word_1_228' title='bbox 267 3596 533 3652; x_wconf 61' lang='lat' dir='ltr'><strong>doctrinae</strong></span> <span class='ocrx_word' id='word_1_229' title='bbox 579 3595 777 3664; x_wconf 83' lang='lat' dir='ltr'><strong>capita,</strong></span> <span class='ocrx_word' id='word_1_230' title='bbox 824 3592 913 3647; x_wconf 88' lang='lat' dir='ltr'><strong>hic</strong></span> <span class='ocrx_word' id='word_1_231' title='bbox 965 3593 1021 3646; x_wconf 91' lang='lat' dir='ltr'><strong>in</strong></span> <span class='ocrx_word' id='word_1_232' title='bbox 1070 3608 1238 3646; x_wconf 89' lang='lat' dir='ltr'><strong>unum</strong></span> <span class='ocrx_word' id='word_1_233' title='bbox 1285 3593 1512 3648; x_wconf 89' lang='lat' dir='ltr'><strong>collecta</strong></span> <span class='ocrx_word' id='word_1_234' title='bbox 1550 3593 1651 3662; x_wconf 89' lang='lat' dir='ltr'><strong>ipsi</strong></span> 
     </span>
    </p>
   </div>
   <div class='ocr_carea' id='block_1_40' title="bbox 131 3682 1654 3754">
    <p class='ocr_par' dir='ltr' id='par_1_40' title="bbox 131 3682 1654 3754">
     <span class='ocr_line' id='line_1_40' title="bbox 131 3682 1654 3754; baseline -0.002 -15"><span class='ocrx_word' id='word_1_235' title='bbox 131 3685 405 3749; x_wconf 65' lang='lat' dir='ltr'><strong>eieramus,</strong></span> <span class='ocrx_word' id='word_1_236' title='bbox 436 3701 564 3740; x_wconf 90' lang='lat' dir='ltr'><strong>cum</strong></span> <span class='ocrx_word' id='word_1_237' title='bbox 604 3684 670 3739; x_wconf 87' lang='lat' dir='ltr'><strong>ad</strong></span> <span class='ocrx_word' id='word_1_238' title='bbox 704 3698 921 3738; x_wconf 91' lang='lat' dir='ltr'><strong>manum</strong></span> <span class='ocrx_word' id='word_1_239' title='bbox 949 3682 1108 3738; x_wconf 87' lang='lat' dir='ltr'><strong>nobis</strong></span> <span class='ocrx_word' id='word_1_240' title='bbox 1138 3682 1210 3738; x_wconf 91' lang='lat' dir='ltr'><strong>sit</strong></span> <span class='ocrx_word' id='word_1_241' title='bbox 1241 3698 1326 3747; x_wconf 91' lang='lat' dir='ltr'><strong>ea,</strong></span> <span class='ocrx_word' id='word_1_242' title='bbox 1359 3699 1480 3754; x_wconf 68' lang='lat' dir='ltr'><strong>quae</strong></span> <span class='ocrx_word' id='word_1_243' title='bbox 1515 3684 1654 3739; x_wconf 88' lang='lat' dir='ltr'><strong>assi-</strong></span> 
     </span>
    </p>
   </div>
   <div class='ocr_carea' id='block_1_41' title="bbox 131 3770 1655 3842">
    <p class='ocr_par' dir='ltr' id='par_1_41' title="bbox 131 3770 1655 3842">
     <span class='ocr_line' id='line_1_41' title="bbox 131 3770 1655 3842; baseline 0.001 -19"><span class='ocrx_word' id='word_1_244' title='bbox 131 3771 212 3825; x_wconf 81' lang='lat' dir='ltr'><strong>dua</strong></span> <span class='ocrx_word' id='word_1_245' title='bbox 251 3774 573 3832; x_wconf 80' lang='lat' dir='ltr'><strong>tractatione</strong></span> <span class='ocrx_word' id='word_1_246' title='bbox 617 3772 743 3828; x_wconf 89' lang='lat' dir='ltr'><strong>hinc</strong></span> <span class='ocrx_word' id='word_1_247' title='bbox 777 3770 905 3827; x_wconf 85' lang='lat' dir='ltr'><strong>inde</strong></span> <span class='ocrx_word' id='word_1_248' title='bbox 929 3770 1321 3842; x_wconf 87' lang='lat' dir='ltr'><strong>decerpsimus,</strong></span> <span class='ocrx_word' id='word_1_249' title='bbox 1351 3787 1459 3826; x_wconf 87' lang='lat' dir='ltr'><strong>una</strong></span> <span class='ocrx_word' id='word_1_250' title='bbox 1504 3786 1655 3825; x_wconf 79' lang='lat' dir='ltr'><strong>com-</strong></span> 
     </span>
    </p>
   </div>
   <div class='ocr_carea' id='block_1_42' title="bbox 130 3862 1652 3933">
    <p class='ocr_par' dir='ltr' id='par_1_42' title="bbox 130 3862 1652 3933">
     <span class='ocr_line' id='line_1_42' title="bbox 130 3862 1652 3933; baseline -0.003 -15"><span class='ocrx_word' id='word_1_251' title='bbox 130 3864 286 3929; x_wconf 82' lang='lat' dir='ltr'><strong>plecti;</strong></span> <span class='ocrx_word' id='word_1_252' title='bbox 326 3873 389 3919; x_wconf 90' lang='lat' dir='ltr'><strong>ut</strong></span> <span class='ocrx_word' id='word_1_253' title='bbox 434 3864 627 3921; x_wconf 88' lang='lat' dir='ltr'><strong>labore</strong></span> <span class='ocrx_word' id='word_1_254' title='bbox 674 3864 930 3919; x_wconf 92' lang='lat' dir='ltr'><strong>diuturno</strong></span> <span class='ocrx_word' id='word_1_255' title='bbox 968 3870 1120 3933; x_wconf 89' lang='lat' dir='ltr'><strong>parta</strong></span> <span class='ocrx_word' id='word_1_256' title='bbox 1168 3862 1423 3917; x_wconf 88' lang='lat' dir='ltr'><strong>harumce</strong></span> <span class='ocrx_word' id='word_1_257' title='bbox 1471 3876 1652 3915; x_wconf 85' lang='lat' dir='ltr'><strong>rerum</strong></span> 
     </span>
    </p>
   </div>
   <div class='ocr_carea' id='block_1_43' title="bbox 132 3950 1653 4025">
    <p class='ocr_par' dir='ltr' id='par_1_43' title="bbox 132 3950 1653 4025">
     <span class='ocr_line' id='line_1_43' title="bbox 132 3950 1653 4025; baseline -0.003 -17"><span class='ocrx_word' id='word_1_258' title='bbox 132 3954 305 4019; x_wconf 77' lang='lat' dir='ltr'><strong>notitia,</strong></span> <span class='ocrx_word' id='word_1_259' title='bbox 371 3954 609 4011; x_wconf 88' lang='lat' dir='ltr'><strong>eruditis</strong></span> <span class='ocrx_word' id='word_1_260' title='bbox 676 3956 901 4025; x_wconf 71' lang='lat' dir='ltr'><strong>ingratas</strong></span> <span class='ocrx_word' id='word_1_261' title='bbox 962 3951 1372 4024; x_wconf 85' lang='lat' dir='ltr'><strong>perquisitionis</strong></span> <span class='ocrx_word' id='word_1_262' title='bbox 1434 3950 1653 4006; x_wconf 83' lang='lat' dir='ltr'><strong>taedium</strong></span> 
     </span>
    </p>
   </div>
   <div class='ocr_carea' id='block_1_44' title="bbox 130 4082 255 4100">
    <p class='ocr_par' dir='ltr' id='par_1_44' title="bbox 130 4082 255 4100">
     <span class='ocr_line' id='line_1_44' title="bbox 130 4082 255 4100; baseline -0.016 0"><span class='ocrx_word' id='word_1_263' title='bbox 130 4082 255 4100; x_wconf 60' lang='grc' dir='ltr'><strong>λ-Ινθο</strong></span> 
     </span>
    </p>
   </div>
   <div class='ocr_carea' id='block_1_45' title="bbox 168 4150 1598 4266">
    <p class='ocr_par' dir='ltr' id='par_1_45' title="bbox 168 4150 1598 4266">
     <span class='ocr_line' id='line_1_45' title="bbox 168 4150 1598 4266; baseline 0 -64"><span class='ocrx_word' id='word_1_264' title='bbox 168 4150 202 4203; x_wconf 87' lang='lat' dir='ltr'><strong>l.</strong></span> <span class='ocrx_word' id='word_1_265' title='bbox 222 4152 272 4203; x_wconf 81' lang='lat' dir='ltr'><strong>in</strong></span> <span class='ocrx_word' id='word_1_266' title='bbox 292 4155 621 4225; x_wconf 79' lang='lat' dir='ltr'><strong>scriptoribus</strong></span> <span class='ocrx_word' id='word_1_267' title='bbox 645 4153 1159 4266; x_wconf 42' lang='lat' dir='ltr'><strong>sacrilsmrgzbminimum</strong></span> <span class='ocrx_word' id='word_1_268' title='bbox 1188 4153 1355 4206; x_wconf 80' lang='lat' dir='ltr'><strong>vitium</strong></span> <span class='ocrx_word' id='word_1_269' title='bbox 1386 4154 1598 4203; x_wconf 80' lang='lat' dir='ltr'><strong>admittit</strong></span> 
     </span>
     <span class='ocr_line' id='line_1_46' title="bbox 833 4232 1013 4266; baseline 0.011 -2"><span class='ocrx_word' id='word_1_270' title='bbox 833 4256 841 4264; x_wconf 81' lang='lat'><strong>.</strong></span> <span class='ocrx_word' id='word_1_271' title='bbox 941 4232 1013 4266; x_wconf 76' lang='lat' dir='ltr'><strong>US.</strong></span> 
     </span>
    </p>
   </div>
   <div class='ocr_carea' id='block_1_46' title="bbox 833 4232 1013 4266">
    <p class='ocr_par' dir='ltr' id='par_1_46' title="bbox 833 4232 1013 4266">
     <span class='ocr_line' id='line_1_47' title="bbox 833 4232 1013 4266; baseline 0.011 -2"><span class='ocrx_word' id='word_1_272' title='bbox 833 4232 1013 4266; x_wconf 66' lang='lat' dir='ltr'><strong>SGDIDS.</strong></span> 
     </span>
    </p>
   </div>
   <div class='ocr_carea' id='block_1_47' title="bbox 182 4318 1657 4379">
    <p class='ocr_par' dir='ltr' id='par_1_47' title="bbox 182 4318 1657 4379">
     <span class='ocr_line' id='line_1_48' title="bbox 182 4318 1657 4379; baseline -0.003 -2"><span class='ocrx_word' id='word_1_273' title='bbox 182 4320 430 4377; x_wconf 68' lang='lat' dir='ltr'><strong>Estimat</strong></span> <span class='ocrx_word' id='word_1_274' title='bbox 462 4320 731 4377; x_wconf 82' lang='lat' dir='ltr'><strong>Eusebius</strong></span> <span class='ocrx_word' id='word_1_275' title='bbox 777 4337 887 4378; x_wconf 88' lang='lat' dir='ltr'><strong>non</strong></span> <span class='ocrx_word' id='word_1_276' title='bbox 937 4323 1055 4379; x_wconf 83' lang='lat' dir='ltr'><strong>sine</strong></span> <span class='ocrx_word' id='word_1_277' title='bbox 1105 4320 1331 4376; x_wconf 86' lang='lat' dir='ltr'><strong>audacia</strong></span> <span class='ocrx_word' id='word_1_278' title='bbox 1362 4320 1416 4374; x_wconf 88' lang='lat' dir='ltr'><strong>et</strong></span> <span class='ocrx_word' id='word_1_279' title='bbox 1441 4318 1657 4375; x_wconf 88' lang='lat' dir='ltr'><strong>temeri-</strong></span> 
     </span>
    </p>
   </div>
   <div class='ocr_carea' id='block_1_48' title="bbox 130 4408 1659 4483">
    <p class='ocr_par' dir='ltr' id='par_1_48' title="bbox 130 4408 1659 4483">
     <span class='ocr_line' id='line_1_49' title="bbox 130 4408 1659 4483; baseline -0.001 -19"><span class='ocrx_word' id='word_1_280' title='bbox 130 4420 217 4467; x_wconf 75' lang='lat' dir='ltr'><strong>tate</strong></span> <span class='ocrx_word' id='word_1_281' title='bbox 242 4412 389 4467; x_wconf 83' lang='lat' dir='ltr'><strong>credi</strong></span> <span class='ocrx_word' id='word_1_282' title='bbox 422 4426 609 4482; x_wconf 85' lang='lat' dir='ltr'><strong>posse,</strong></span> <span class='ocrx_word' id='word_1_283' title='bbox 653 4412 945 4482; x_wconf 90' lang='lat' dir='ltr'><strong>scriptores</strong></span> <span class='ocrx_word' id='word_1_284' title='bbox 986 4413 1129 4479; x_wconf 90' lang='lat' dir='ltr'><strong>illos,</strong></span> <span class='ocrx_word' id='word_1_285' title='bbox 1162 4411 1255 4483; x_wconf 91' lang='lat' dir='ltr'><strong>qui</strong></span> <span class='ocrx_word' id='word_1_286' title='bbox 1286 4410 1502 4465; x_wconf 87' lang='lat' dir='ltr'><strong>atllante</strong></span> <span class='ocrx_word' id='word_1_287' title='bbox 1546 4408 1659 4463; x_wconf 85' lang='lat' dir='ltr'><strong>Nu-</strong></span> 
     </span>
    </p>
   </div>
   <div class='ocr_carea' id='block_1_49' title="bbox 130 4500 1659 4564">
    <p class='ocr_par' dir='ltr' id='par_1_49' title="bbox 130 4500 1659 4564">
     <span class='ocr_line' id='line_1_50' title="bbox 130 4500 1659 4564; baseline -0.001 -9"><span class='ocrx_word' id='word_1_288' title='bbox 130 4504 244 4559; x_wconf 80' lang='lat' dir='ltr'><strong>mine</strong></span> <span class='ocrx_word' id='word_1_289' title='bbox 289 4504 514 4559; x_wconf 87' lang='lat' dir='ltr'><strong>divinas</strong></span> <span class='ocrx_word' id='word_1_290' title='bbox 562 4504 720 4559; x_wconf 90' lang='lat' dir='ltr'><strong>nobis</strong></span> <span class='ocrx_word' id='word_1_291' title='bbox 772 4504 982 4561; x_wconf 90' lang='lat' dir='ltr'><strong>litteras</strong></span> <span class='ocrx_word' id='word_1_292' title='bbox 1006 4504 1453 4564; x_wconf 86' lang='lat' dir='ltr'><strong>transmiserunt,</strong></span> <span class='ocrx_word' id='word_1_293' title='bbox 1486 4501 1568 4556; x_wconf 85' lang='lat' dir='ltr'><strong>vel</strong></span> <span class='ocrx_word' id='word_1_294' title='bbox 1602 4500 1659 4554; x_wconf 90' lang='lat' dir='ltr'><strong>in</strong></span> 
     </span>
    </p>
   </div>
   <div class='ocr_carea' id='block_1_50' title="bbox 132 4590 1729 4677">
    <p class='ocr_par' dir='ltr' id='par_1_50' title="bbox 132 4590 1729 4677">
     <span class='ocr_line' id='line_1_51' title="bbox 132 4590 1729 4677; baseline -0.001 -32"><span class='ocrx_word' id='word_1_295' title='bbox 132 4594 334 4649; x_wconf 81' lang='lat' dir='ltr'><strong>minimis</strong></span> <span class='ocrx_word' id='word_1_296' title='bbox 372 4608 628 4659; x_wconf 88' lang='lat' dir='ltr'><strong>errasse;</strong></span> <span class='ocrx_word' id='word_1_297' title='bbox 665 4595 738 4647; x_wconf 89' lang='lat' dir='ltr'><strong>ita</strong></span> <span class='ocrx_word' id='word_1_298' title='bbox 773 4602 834 4647; x_wconf 89' lang='lat' dir='ltr'><strong>ut</strong></span> <span class='ocrx_word' id='word_1_299' title='bbox 860 4594 1023 4649; x_wconf 87' lang='lat' dir='ltr'><strong>etiam</strong></span> <span class='ocrx_word' id='word_1_300' title='bbox 1056 4608 1253 4659; x_wconf 79' lang='lat' dir='ltr'><strong>nomen</strong></span> <span class='ocrx_word' id='word_1_301' title='bbox 1287 4607 1389 4662; x_wconf 90' lang='lat' dir='ltr'><strong>pro</strong></span> <span class='ocrx_word' id='word_1_302' title='bbox 1430 4591 1535 4646; x_wconf 86' lang='lat' dir='ltr'><strong>alio</strong></span> <span class='ocrx_word' id='word_1_303' title='bbox 1571 4590 1655 4645; x_wconf 88' lang='lat' dir='ltr'><strong>vel</strong></span> <span class='ocrx_word' id='word_1_304' title='bbox 1689 4623 1729 4677; x_wconf 69' lang='grc' dir='ltr'>ο</span> 
     </span>
    </p>
   </div>
   <div class='ocr_carea' id='block_1_51' title="bbox 132 4681 1656 4756">
    <p class='ocr_par' dir='ltr' id='par_1_51' title="bbox 132 4681 1656 4756">
     <span class='ocr_line' id='line_1_52' title="bbox 132 4681 1656 4756; baseline 0 -21"><span class='ocrx_word' id='word_1_305' title='bbox 132 4698 177 4735; x_wconf 76' lang='lat' dir='ltr'><strong>es</strong></span> <span class='ocrx_word' id='word_1_306' title='bbox 200 4684 560 4753; x_wconf 86' lang='lat' dir='ltr'><strong>imprudentia</strong></span> <span class='ocrx_word' id='word_1_307' title='bbox 593 4684 675 4739; x_wconf 87' lang='lat' dir='ltr'><strong>vel</strong></span> <span class='ocrx_word' id='word_1_308' title='bbox 704 4700 766 4740; x_wconf 81' lang='lat' dir='ltr'><strong>ex</strong></span> <span class='ocrx_word' id='word_1_309' title='bbox 797 4684 1146 4756; x_wconf 84' lang='lat' dir='ltr'><strong>incogitantia</strong></span> <span class='ocrx_word' id='word_1_310' title='bbox 1172 4684 1570 4740; x_wconf 90' lang='lat' dir='ltr'><strong>substituerint.</strong></span> <span class='ocrx_word' id='word_1_311' title='bbox 1598 4681 1656 4735; x_wconf 88' lang='lat' dir='ltr'><strong>ld</strong></span> 
     </span>
    </p>
   </div>
   <div class='ocr_carea' id='block_1_52' title="bbox 133 4774 1658 4848">
    <p class='ocr_par' dir='ltr' id='par_1_52' title="bbox 133 4774 1658 4848">
     <span class='ocr_line' id='line_1_53' title="bbox 133 4774 1658 4848; baseline -0.002 -17"><span class='ocrx_word' id='word_1_312' title='bbox 133 4774 294 4831; x_wconf 59' lang='lat' dir='ltr'><strong>diem:</strong></span> <span class='ocrx_word' id='word_1_313' title='bbox 340 4776 443 4839; x_wconf 85' lang='lat' dir='ltr'><strong>ait,</strong></span> <span class='ocrx_word' id='word_1_314' title='bbox 496 4776 836 4848; x_wconf 76' lang='lat' dir='ltr'><strong>explanando</strong></span> <span class='ocrx_word' id='word_1_315' title='bbox 863 4778 1099 4832; x_wconf 79' lang='lat' dir='ltr'><strong>‘titulum</strong></span> <span class='ocrx_word' id='word_1_316' title='bbox 1142 4776 1336 4848; x_wconf 89' lang='lat' dir='ltr'><strong>psalmi</strong></span> <span class='ocrx_word' id='word_1_317' title='bbox 1375 4790 1571 4843; x_wconf 86' lang='grc' dir='ltr'>χχχιιι,</span> <span class='ocrx_word' id='word_1_318' title='bbox 1603 4774 1658 4828; x_wconf 90' lang='lat' dir='ltr'><strong>in</strong></span> 
     </span>
    </p>
   </div>
   <div class='ocr_carea' id='block_1_53' title="bbox 133 4866 1658 4934">
    <p class='ocr_par' dir='ltr' id='par_1_53' title="bbox 133 4866 1658 4934">
     <span class='ocr_line' id='line_1_54' title="bbox 133 4866 1658 4934; baseline 0 -15"><span class='ocrx_word' id='word_1_319' title='bbox 133 4880 213 4934; x_wconf 74' lang='lat' dir='ltr'><strong>quo</strong></span> <span class='ocrx_word' id='word_1_320' title='bbox 246 4866 448 4930; x_wconf 77' lang='lat' dir='ltr'><strong>dicitur</strong></span> <span class='ocrx_word' id='word_1_321' title='bbox 476 4868 795 4923; x_wconf 87' lang='lat' dir='ltr'><strong>immutasse</strong></span> <span class='ocrx_word' id='word_1_322' title='bbox 837 4866 1008 4923; x_wconf 86' lang='lat' dir='ltr'><strong>David</strong></span> <span class='ocrx_word' id='word_1_323' title='bbox 1052 4869 1259 4923; x_wconf 86' lang='lat' dir='ltr'><strong>vultum</strong></span> <span class='ocrx_word' id='word_1_324' title='bbox 1288 4881 1445 4922; x_wconf 92' lang='lat' dir='ltr'><strong>suum</strong></span> <span class='ocrx_word' id='word_1_325' title='bbox 1475 4880 1658 4920; x_wconf 77' lang='lat' dir='ltr'><strong>eorum</strong></span> 
     </span>
    </p>
   </div>
   <div class='ocr_carea' id='block_1_54' title="bbox 134 4955 1658 5029">
    <p class='ocr_par' dir='ltr' id='par_1_54' title="bbox 134 4955 1658 5029">
     <span class='ocr_line' id='line_1_55' title="bbox 134 4955 1658 5029; baseline -0.002 -16"><span class='ocrx_word' id='word_1_326' title='bbox 134 4955 406 5014; x_wconf 74' lang='lat' dir='ltr'><strong>Abitnelecb</strong></span> <span class='ocrx_word' id='word_1_327' title='bbox 468 4978 484 5013; x_wconf 93' lang='lat'>:</span> <span class='ocrx_word' id='word_1_328' title='bbox 544 4958 634 5012; x_wconf 91' lang='lat' dir='ltr'><strong>ubi</strong></span> <span class='ocrx_word' id='word_1_329' title='bbox 651 4959 990 5015; x_wconf 71' lang='lat' dir='ltr'><strong>Acbimelech</strong></span> <span class='ocrx_word' id='word_1_330' title='bbox 1040 4959 1349 5029; x_wconf 79' lang='lat' dir='ltr'><strong>legendum,</strong></span> <span class='ocrx_word' id='word_1_331' title='bbox 1397 4965 1560 5027; x_wconf 88' lang='lat' dir='ltr'><strong>atque</strong></span> <span class='ocrx_word' id='word_1_332' title='bbox 1602 4958 1658 5011; x_wconf 91' lang='lat' dir='ltr'><strong>in</strong></span> 
     </span>
    </p>
   </div>
   <div class='ocr_carea' id='block_1_55' title="bbox 132 5045 1661 5119">
    <p class='ocr_par' dir='ltr' id='par_1_55' title="bbox 132 5045 1661 5119">
     <span class='ocr_line' id='line_1_56' title="bbox 132 5045 1661 5119; baseline -0.001 -18"><span class='ocrx_word' id='word_1_333' title='bbox 132 5048 529 5119; x_wconf 76' lang='lat' dir='ltr'><strong>exemplaribus.</strong></span> <span class='ocrx_word' id='word_1_334' title='bbox 558 5050 670 5101; x_wconf 75' lang='lat' dir='ltr'><strong>belli</strong></span> <span class='ocrx_word' id='word_1_335' title='bbox 730 5064 785 5104; x_wconf 89' lang='grc' dir='ltr'><strong>ιιι</strong></span> <span class='ocrx_word' id='word_1_336' title='bbox 840 5045 967 5113; x_wconf 81' lang='lat' dir='ltr'><strong>ca‘ph</strong></span> <span class='ocrx_word' id='word_1_337' title='bbox 1015 5056 1279 5103; x_wconf 87' lang='lat' dir='ltr'><strong>mutatum</strong></span> <span class='ocrx_word' id='word_1_338' title='bbox 1314 5046 1482 5103; x_wconf 76' lang='lat' dir='ltr'><strong>fuisse</strong></span> <span class='ocrx_word' id='word_1_339' title='bbox 1507 5052 1661 5116; x_wconf 87' lang='lat' dir='ltr'><strong>putat</strong></span> 
     </span>
    </p>
   </div>
   <div class='ocr_carea' id='block_1_56' title="bbox 135 5129 1650 5211">
    <p class='ocr_par' dir='ltr' id='par_1_56' title="bbox 135 5129 1650 5211">
     <span class='ocr_line' id='line_1_57' title="bbox 135 5129 1650 5211; baseline -0.003 -15"><span class='ocrx_word' id='word_1_340' title='bbox 135 5129 363 5197; x_wconf 68' lang='lat' dir='ltr'><strong>Eusebius</strong></span> <span class='ocrx_word' id='word_1_341' title='bbox 395 5159 409 5195; x_wconf 93' lang='lat'>:</span> <span class='ocrx_word' id='word_1_342' title='bbox 443 5138 596 5211; x_wconf 83' lang='lat' dir='ltr'><strong>quod</strong></span> <span class='ocrx_word' id='word_1_343' title='bbox 645 5154 775 5195; x_wconf 87' lang='lat' dir='ltr'><strong>sane</strong></span> <span class='ocrx_word' id='word_1_344' title='bbox 822 5140 894 5193; x_wconf 85' lang='lat' dir='ltr'><strong>ob</strong></span> <span class='ocrx_word' id='word_1_345' title='bbox 941 5138 1239 5193; x_wconf 89' lang='lat' dir='ltr'><strong>litterarum</strong></span> <span class='ocrx_word' id='word_1_346' title='bbox 1274 5134 1389 5194; x_wconf 74' lang='lat' dir='ltr'><strong>[wh</strong></span> <span class='ocrx_word' id='word_1_347' title='bbox 1437 5145 1491 5192; x_wconf 87' lang='lat' dir='ltr'><strong>et</strong></span> <span class='ocrx_word' id='word_1_348' title='bbox 1519 5139 1650 5209; x_wconf 71' lang='lat' dir='ltr'><strong>cap&#39;t</strong></span> 
     </span>
    </p>
   </div>
   <div class='ocr_carea' id='block_1_57' title="bbox 136 5225 1659 5298">
    <p class='ocr_par' dir='ltr' id='par_1_57' title="bbox 136 5225 1659 5298">
     <span class='ocr_line' id='line_1_58' title="bbox 136 5225 1659 5298; baseline -0.002 -14"><span class='ocrx_word' id='word_1_349' title='bbox 136 5225 245 5284; x_wconf 79' lang='lat' dir='ltr'><strong>inter</strong></span> <span class='ocrx_word' id='word_1_350' title='bbox 263 5247 320 5287; x_wconf 87' lang='lat' dir='ltr'><strong>se</strong></span> <span class='ocrx_word' id='word_1_351' title='bbox 350 5230 671 5292; x_wconf 77' lang='lat' dir='ltr'><strong>aﬂinitatem</strong></span> <span class='ocrx_word' id='word_1_352' title='bbox 693 5229 946 5298; x_wconf 82' lang='lat' dir='ltr'><strong>perfacile</strong></span> <span class='ocrx_word' id='word_1_353' title='bbox 971 5228 1089 5284; x_wconf 83' lang='lat' dir='ltr'><strong>fuit.</strong></span> <span class='ocrx_word' id='word_1_354' title='bbox 1116 5228 1252 5283; x_wconf 91' lang='lat' dir='ltr'><strong>Tum</strong></span> <span class='ocrx_word' id='word_1_355' title='bbox 1282 5228 1442 5281; x_wconf 86' lang='lat' dir='ltr'><strong>allata</strong></span> <span class='ocrx_word' id='word_1_356' title='bbox 1470 5242 1659 5283; x_wconf 90' lang='lat' dir='ltr'><strong>eorum</strong></span> 
     </span>
    </p>
   </div>
   <div class='ocr_carea' id='block_1_58' title="bbox 138 5317 1760 5394">
    <p class='ocr_par' dir='ltr' id='par_1_58' title="bbox 138 5317 1760 5394">
     <span class='ocr_line' id='line_1_59' title="bbox 138 5317 1760 5394; baseline -0.004 -16"><span class='ocrx_word' id='word_1_357' title='bbox 138 5323 368 5377; x_wconf 51' lang='lat' dir='ltr'><strong>abutentis</strong></span> <span class='ocrx_word' id='word_1_358' title='bbox 392 5323 493 5394; x_wconf 85' lang='lat' dir='ltr'><strong>qui</strong></span> <span class='ocrx_word' id='word_1_359' title='bbox 523 5321 787 5385; x_wconf 86' lang='lat' dir='ltr'><strong>dicerent,</strong></span> <span class='ocrx_word' id='word_1_360' title='bbox 820 5317 1159 5376; x_wconf 81' lang='lat' dir='ltr'><strong>Acbimeleeb</strong></span> <span class='ocrx_word' id='word_1_361' title='bbox 1187 5336 1285 5389; x_wconf 91' lang='lat' dir='ltr'><strong>pro</strong></span> <span class='ocrx_word' id='word_1_362' title='bbox 1319 5319 1485 5376; x_wconf 80' lang='lat' dir='ltr'><strong>Aehis</strong></span> <span class='ocrx_word' id='word_1_363' title='bbox 1516 5320 1663 5392; x_wconf 88' lang='lat' dir='ltr'><strong>posi-</strong></span> <span class='ocrx_word' id='word_1_364' title='bbox 1754 5385 1760 5391; x_wconf 28' lang='lat'><strong>.</strong></span> 
     </span>
    </p>
   </div>
   <div class='ocr_carea' id='block_1_59' title="bbox 139 5409 1663 5481">
    <p class='ocr_par' dir='ltr' id='par_1_59' title="bbox 139 5409 1663 5481">
     <span class='ocr_line' id='line_1_60' title="bbox 139 5409 1663 5481; baseline 0.002 -19"><span class='ocrx_word' id='word_1_365' title='bbox 139 5419 222 5464; x_wconf 78' lang='lat' dir='ltr'><strong>tum</strong></span> <span class='ocrx_word' id='word_1_366' title='bbox 259 5411 450 5478; x_wconf 79' lang='lat' dir='ltr'><strong>fuisse,</strong></span> <span class='ocrx_word' id='word_1_367' title='bbox 485 5413 674 5481; x_wconf 86' lang='lat' dir='ltr'><strong>ibique</strong></span> <span class='ocrx_word' id='word_1_368' title='bbox 698 5413 783 5481; x_wconf 76' lang='lat' dir='ltr'><strong>agi</strong></span> <span class='ocrx_word' id='word_1_369' title='bbox 810 5410 877 5468; x_wconf 90' lang='lat' dir='ltr'><strong>de</strong></span> <span class='ocrx_word' id='word_1_370' title='bbox 903 5411 1143 5466; x_wconf 51' lang='lat' dir='ltr'><strong>Davidis‘</strong></span> <span class='ocrx_word' id='word_1_371' title='bbox 1165 5411 1217 5465; x_wconf 92' lang='lat' dir='ltr'><strong>in</strong></span> <span class='ocrx_word' id='word_1_372' title='bbox 1261 5409 1395 5466; x_wconf 89' lang='lat' dir='ltr'><strong>Geth</strong></span> <span class='ocrx_word' id='word_1_373' title='bbox 1425 5411 1663 5481; x_wconf 75' lang='lat' dir='ltr'><strong>peregri-</strong></span> 
     </span>
    </p>
   </div>
   <div class='ocr_carea' id='block_1_60' title="bbox 139 5498 1662 5585">
    <p class='ocr_par' dir='ltr' id='par_1_60' title="bbox 139 5498 1662 5585">
     <span class='ocr_line' id='line_1_61' title="bbox 139 5498 1662 5585; baseline -0.001 -32"><span class='ocrx_word' id='word_1_374' title='bbox 139 5502 339 5569; x_wconf 78' lang='lat' dir='ltr'><strong>natione,</strong></span> <span class='ocrx_word' id='word_1_375' title='bbox 369 5503 468 5556; x_wconf 87' lang='lat' dir='ltr'><strong>ubi</strong></span> <span class='ocrx_word' id='word_1_376' title='bbox 499 5515 628 5585; x_wconf 75' lang='lat' dir='ltr'><strong>cum</strong></span> <span class='ocrx_word' id='word_1_377' title='bbox 655 5501 950 5569; x_wconf 85' lang='lat' dir='ltr'><strong>periculum</strong></span> <span class='ocrx_word' id='word_1_378' title='bbox 998 5500 1190 5570; x_wconf 85' lang='lat' dir='ltr'><strong>capitis</strong></span> <span class='ocrx_word' id='word_1_379' title='bbox 1225 5499 1548 5561; x_wconf 86' lang='lat' dir='ltr'><strong>immineret,</strong></span> <span class='ocrx_word' id='word_1_380' title='bbox 1578 5498 1662 5552; x_wconf 72' lang='lat' dir='ltr'><strong>in—</strong></span> 
     </span>
    </p>
   </div>
   <div class='ocr_carea' id='block_1_61' title="bbox 139 5576 1661 5673">
    <p class='ocr_par' dir='ltr' id='par_1_61' title="bbox 139 5576 1661 5673">
     <span class='ocr_line' id='line_1_62' title="bbox 139 5576 1661 5673; baseline -0.004 -25"><span class='ocrx_word' id='word_1_381' title='bbox 139 5595 307 5673; x_wconf 76' lang='lat' dir='ltr'><strong>saniam</strong></span> <span class='ocrx_word' id='word_1_382' title='bbox 354 5595 449 5650; x_wconf 88' lang='lat' dir='ltr'><strong>ille</strong></span> <span class='ocrx_word' id='word_1_383' title='bbox 515 5576 811 5654; x_wconf 74' lang='lat' dir='ltr'><strong>simulavit,</strong></span> <span class='ocrx_word' id='word_1_384' title='bbox 841 5602 895 5647; x_wconf 89' lang='lat' dir='ltr'><strong>et</strong></span> <span class='ocrx_word' id='word_1_385' title='bbox 939 5576 1242 5646; x_wconf 84' lang='lat' dir='ltr'><strong>immutavit</strong></span> <span class='ocrx_word' id='word_1_386' title='bbox 1263 5589 1470 5645; x_wconf 87' lang='lat' dir='ltr'><strong>vultum</strong></span> <span class='ocrx_word' id='word_1_387' title='bbox 1503 5604 1661 5644; x_wconf 90' lang='lat' dir='ltr'><strong>suum</strong></span> 
     </span>
    </p>
   </div>
   <div class='ocr_carea' id='block_1_62' title="bbox 140 5680 1663 5752">
    <p class='ocr_par' dir='ltr' id='par_1_62' title="bbox 140 5680 1663 5752">
     <span class='ocr_line' id='line_1_63' title="bbox 140 5680 1663 5752; baseline -0.003 -15"><span class='ocrx_word' id='word_1_388' title='bbox 140 5696 284 5741; x_wconf 70' lang='lat' dir='ltr'><strong>coram</strong></span> <span class='ocrx_word' id='word_1_389' title='bbox 308 5684 479 5740; x_wconf 80' lang='lat' dir='ltr'><strong>Acbis</strong></span> <span class='ocrx_word' id='word_1_390' title='bbox 520 5696 651 5751; x_wconf 77' lang='lat' dir='ltr'><strong>rego</strong></span> <span class='ocrx_word' id='word_1_391' title='bbox 696 5681 864 5752; x_wconf 77' lang='lat' dir='ltr'><strong>Geth;</strong></span> <span class='ocrx_word' id='word_1_392' title='bbox 896 5682 1008 5737; x_wconf 69' lang='lat' dir='ltr'><strong>haec</strong></span> <span class='ocrx_word' id='word_1_393' title='bbox 1051 5683 1105 5737; x_wconf 91' lang='lat' dir='ltr'><strong>in</strong></span> <span class='ocrx_word' id='word_1_394' title='bbox 1137 5682 1421 5738; x_wconf 89' lang='lat' dir='ltr'><strong>adversum</strong></span> <span class='ocrx_word' id='word_1_395' title='bbox 1452 5680 1663 5751; x_wconf 85' lang='lat' dir='ltr'><strong>reponit</strong></span> 
     </span>
    </p>
   </div>
   <div class='ocr_carea' id='block_1_63' title="bbox 142 5760 1663 5845">
    <p class='ocr_par' dir='ltr' id='par_1_63' title="bbox 142 5760 1663 5845">
     <span class='ocr_line' id='line_1_64' title="bbox 142 5760 1663 5845; baseline -0.004 -16"><span class='ocrx_word' id='word_1_396' title='bbox 142 5769 209 5829; x_wconf 71' lang='lat' dir='ltr'><strong>ille</strong></span> <span class='ocrx_word' id='word_1_397' title='bbox 240 5794 253 5828; x_wconf 76' lang='grc' dir='ltr'>τ</span> <span class='ocrx_word' id='word_1_398' title='bbox 288 5760 351 5829; x_wconf 60' lang='lat' dir='ltr'><strong>dt</strong></span> <span class='ocrx_word' id='word_1_399' title='bbox 374 5792 473 5845; x_wconf 77' lang='lat' dir='ltr'><strong>ego</strong></span> <span class='ocrx_word' id='word_1_400' title='bbox 506 5773 689 5826; x_wconf 67' lang='lat' dir='ltr'><strong>audax</strong></span> <span class='ocrx_word' id='word_1_401' title='bbox 716 5773 1142 5841; x_wconf 73' lang='lat' dir='ltr'><strong>temerariumque</strong></span> <span class='ocrx_word' id='word_1_402' title='bbox 1173 5772 1398 5841; x_wconf 81' lang='lat' dir='ltr'><strong>facinus,</strong></span> <span class='ocrx_word' id='word_1_403' title='bbox 1427 5770 1582 5841; x_wconf 73' lang='grc' dir='ltr'>ἔργον</span> <span class='ocrx_word' id='word_1_404' title='bbox 1606 5768 1663 5823; x_wconf 71' lang='grc' dir='ltr'>δι</span> 
     </span>
    </p>
   </div>
   <div class='ocr_carea' id='block_1_64' title="bbox 192 5880 1328 5957">
    <p class='ocr_par' dir='ltr' id='par_1_64' title="bbox 192 5880 1328 5957">
     <span class='ocr_line' id='line_1_65' title="bbox 192 5880 1328 5957; baseline -0.002 -19"><span class='ocrx_word' id='word_1_405' title='bbox 192 5880 351 5952; x_wconf 65' lang='lat' dir='ltr'><strong>(clm.</strong></span> <span class='ocrx_word' id='word_1_406' title='bbox 382 5884 462 5939; x_wconf 85' lang='lat' dir='ltr'><strong>De</strong></span> <span class='ocrx_word' id='word_1_407' title='bbox 492 5885 879 5954; x_wconf 70' lang='lat' dir='ltr'><strong>praparatione</strong></span> <span class='ocrx_word' id='word_1_408' title='bbox 895 5899 1099 5957; x_wconf 49' lang='lat' dir='ltr'><strong>euang,</strong></span> <span class='ocrx_word' id='word_1_409' title='bbox 1130 5901 1181 5954; x_wconf 90' lang='lat' dir='ltr'><strong>p.</strong></span> <span class='ocrx_word' id='word_1_410' title='bbox 1209 5882 1328 5937; x_wconf 74' lang='lat'><strong>575.</strong></span> 
     </span>
    </p>
   </div>
   <div class='ocr_carea' id='block_1_65' title="bbox 1745 633 3308 717">
    <p class='ocr_par' dir='ltr' id='par_1_65' title="bbox 1745 633 3308 717">
     <span class='ocr_line' id='line_1_66' title="bbox 1745 633 3308 717; baseline -0.012 -14"><span class='ocrx_word' id='word_1_411' title='bbox 1745 647 2065 717; x_wconf 78' lang='lat' dir='ltr'><strong>confidenter</strong></span> <span class='ocrx_word' id='word_1_412' title='bbox 2092 645 2322 699; x_wconf 85' lang='lat' dir='ltr'><strong>divinam</strong></span> <span class='ocrx_word' id='word_1_413' title='bbox 2367 639 2697 707; x_wconf 80' lang='lat' dir='ltr'><strong>Scripturam</strong></span> <span class='ocrx_word' id='word_1_414' title='bbox 2729 633 2934 706; x_wconf 80' lang='lat' dir='ltr'><strong>lapsam</strong></span> <span class='ocrx_word' id='word_1_415' title='bbox 2966 652 3098 698; x_wconf 68' lang='lat' dir='ltr'><strong>esse,</strong></span> <span class='ocrx_word' id='word_1_416' title='bbox 3129 644 3177 688; x_wconf 91' lang='lat' dir='ltr'><strong>et</strong></span> <span class='ocrx_word' id='word_1_417' title='bbox 3203 634 3308 686; x_wconf 78' lang='lat' dir='ltr'><strong>tale</strong></span> 
     </span>
    </p>
   </div>
   <div class='ocr_carea' id='block_1_66' title="bbox 1744 723 3308 806">
    <p class='ocr_par' dir='ltr' id='par_1_66' title="bbox 1744 723 3308 806">
     <span class='ocr_line' id='line_1_67' title="bbox 1744 723 3308 806; baseline -0.011 -12"><span class='ocrx_word' id='word_1_418' title='bbox 1744 740 1925 794; x_wconf 75' lang='lat' dir='ltr'><strong>uitium</strong></span> <span class='ocrx_word' id='word_1_419' title='bbox 1967 736 2234 806; x_wconf 66' lang='lat' dir='ltr'><strong>praeferre,</strong></span> <span class='ocrx_word' id='word_1_420' title='bbox 2259 743 2315 787; x_wconf 88' lang='lat' dir='ltr'><strong>ut</strong></span> <span class='ocrx_word' id='word_1_421' title='bbox 2340 748 2436 801; x_wconf 86' lang='lat' dir='ltr'><strong>pro</strong></span> <span class='ocrx_word' id='word_1_422' title='bbox 2457 732 2568 785; x_wconf 74' lang='lat' dir='ltr'><strong>uiro</strong></span> <span class='ocrx_word' id='word_1_423' title='bbox 2592 730 2884 799; x_wconf 83' lang='lat' dir='ltr'><strong>alienigena</strong></span> <span class='ocrx_word' id='word_1_424' title='bbox 2921 725 3166 781; x_wconf 84' lang='lat' dir='ltr'><strong>sacerdos</strong></span> <span class='ocrx_word' id='word_1_425' title='bbox 3198 723 3308 777; x_wconf 49' lang='lat' dir='ltr'><strong>Do‘</strong></span> 
     </span>
    </p>
   </div>
   <div class='ocr_carea' id='block_1_67' title="bbox 1743 814 3307 896">
    <p class='ocr_par' dir='ltr' id='par_1_67' title="bbox 1743 814 3307 896">
     <span class='ocr_line' id='line_1_68' title="bbox 1743 814 3307 896; baseline -0.012 -12"><span class='ocrx_word' id='word_1_426' title='bbox 1743 830 1870 884; x_wconf 89' lang='lat' dir='ltr'><strong>mini</strong></span> <span class='ocrx_word' id='word_1_427' title='bbox 1890 837 2142 896; x_wconf 82' lang='lat' dir='ltr'><strong>ponatur,</strong></span> <span class='ocrx_word' id='word_1_428' title='bbox 2174 841 2291 878; x_wconf 87' lang='lat' dir='ltr'><strong>cum</strong></span> <span class='ocrx_word' id='word_1_429' title='bbox 2337 824 2568 876; x_wconf 71' lang='lat' dir='ltr'><strong>maxime</strong></span> <span class='ocrx_word' id='word_1_430' title='bbox 2600 819 2861 874; x_wconf 85' lang='lat' dir='ltr'><strong>Hebraica</strong></span> <span class='ocrx_word' id='word_1_431' title='bbox 2906 816 3058 871; x_wconf 85' lang='lat' dir='ltr'><strong>lectio</strong></span> <span class='ocrx_word' id='word_1_432' title='bbox 3102 823 3151 870; x_wconf 86' lang='lat' dir='ltr'><strong>et</strong></span> <span class='ocrx_word' id='word_1_433' title='bbox 3182 814 3307 868; x_wconf 84' lang='lat' dir='ltr'><strong>reli-</strong></span> 
     </span>
    </p>
   </div>
   <div class='ocr_carea' id='block_1_68' title="bbox 1742 901 3307 989">
    <p class='ocr_par' dir='ltr' id='par_1_68' title="bbox 1742 901 3307 989">
     <span class='ocr_line' id='line_1_69' title="bbox 1742 901 3307 989; baseline -0.01 -16"><span class='ocrx_word' id='word_1_434' title='bbox 1742 921 1831 989; x_wconf 85' lang='lat' dir='ltr'><strong>qui</strong></span> <span class='ocrx_word' id='word_1_435' title='bbox 1861 906 2158 985; x_wconf 83' lang='lat' dir='ltr'><strong>interpretes</strong></span> <span class='ocrx_word' id='word_1_436' title='bbox 2200 929 2375 967; x_wconf 89' lang='lat' dir='ltr'><strong>omnes</strong></span> <span class='ocrx_word' id='word_1_437' title='bbox 2418 908 2744 964; x_wconf 78' lang='lat' dir='ltr'><strong>Aclrimelech</strong></span> <span class='ocrx_word' id='word_1_438' title='bbox 2776 906 3172 989; x_wconf 63' lang='lat' dir='ltr'><strong>circumferant.</strong></span> <span class='ocrx_word' id='word_1_439' title='bbox 3202 901 3307 958; x_wconf 85' lang='lat' dir='ltr'><strong>Ubi</strong></span> 
     </span>
    </p>
   </div>
   <div class='ocr_carea' id='block_1_69' title="bbox 1742 980 3308 1078">
    <p class='ocr_par' dir='ltr' id='par_1_69' title="bbox 1742 980 3308 1078">
     <span class='ocr_line' id='line_1_70' title="bbox 1742 980 3308 1078; baseline -0.018 -12"><span class='ocrx_word' id='word_1_440' title='bbox 1742 980 1899 1066; x_wconf 81' lang='lat' dir='ltr'><strong>notes</strong></span> <span class='ocrx_word' id='word_1_441' title='bbox 1960 980 2118 1064; x_wconf 83' lang='lat' dir='ltr'><strong>velim</strong></span> <span class='ocrx_word' id='word_1_442' title='bbox 2170 1003 2511 1059; x_wconf 59' lang='lat' dir='ltr'><strong>Hebraicam,</strong></span> <span class='ocrx_word' id='word_1_443' title='bbox 2542 1000 2829 1054; x_wconf 87' lang='lat' dir='ltr'><strong>lectionem</strong></span> <span class='ocrx_word' id='word_1_444' title='bbox 2885 998 3046 1051; x_wconf 84' lang='lat' dir='ltr'><strong>hodie</strong></span> <span class='ocrx_word' id='word_1_445' title='bbox 3083 980 3308 1078; x_wconf 60' lang='grc' dir='ltr'><strong>-ᾑῃιικ</strong></span> 
     </span>
    </p>
   </div>
   <div class='ocr_carea' id='block_1_70' title="bbox 1742 1085 3309 1160">
    <p class='ocr_par' dir='ltr' id='par_1_70' title="bbox 1742 1085 3309 1160">
     <span class='ocr_line' id='line_1_71' title="bbox 1742 1085 3309 1160; baseline -0.011 -6"><span class='ocrx_word' id='word_1_446' title='bbox 1742 1096 2111 1160; x_wconf 77' lang='lat' dir='ltr'><strong>circumferre,</strong></span> <span class='ocrx_word' id='word_1_447' title='bbox 2139 1105 2191 1150; x_wconf 90' lang='lat' dir='ltr'><strong>et</strong></span> <span class='ocrx_word' id='word_1_448' title='bbox 2218 1094 2274 1148; x_wconf 89' lang='lat' dir='ltr'><strong>in</strong></span> <span class='ocrx_word' id='word_1_449' title='bbox 2314 1091 2518 1147; x_wconf 62' lang='lat' dir='ltr'><strong>Grascis</strong></span> <span class='ocrx_word' id='word_1_450' title='bbox 2554 1089 2746 1144; x_wconf 89' lang='lat' dir='ltr'><strong>Bibliis</strong></span> <span class='ocrx_word' id='word_1_451' title='bbox 2783 1086 3070 1159; x_wconf 72' lang='grc' dir='ltr'><strong>Ἀϐιμέλεχ</strong></span> <span class='ocrx_word' id='word_1_452' title='bbox 3109 1104 3123 1117; x_wconf 77' lang='grc' dir='ltr'><strong>ο</strong></span> <span class='ocrx_word' id='word_1_453' title='bbox 3162 1085 3309 1139; x_wconf 83' lang='lat' dir='ltr'><strong>unde</strong></span> 
     </span>
    </p>
   </div>
   <div class='ocr_carea' id='block_1_71' title="bbox 1744 1168 3308 1262">
    <p class='ocr_par' dir='ltr' id='par_1_71' title="bbox 1744 1168 3308 1262">
     <span class='ocr_line' id='line_1_72' title="bbox 1744 1168 3308 1262; baseline -0.01 -18"><span class='ocrx_word' id='word_1_454' title='bbox 1744 1188 1888 1262; x_wconf 87' lang='lat' dir='ltr'><strong>patet</strong></span> <span class='ocrx_word' id='word_1_455' title='bbox 1915 1188 2129 1245; x_wconf 87' lang='lat' dir='ltr'><strong>Eusebii</strong></span> <span class='ocrx_word' id='word_1_456' title='bbox 2154 1184 2482 1255; x_wconf 78' lang='lat' dir='ltr'><strong>exemplaria</strong></span> <span class='ocrx_word' id='word_1_457' title='bbox 2512 1182 2780 1236; x_wconf 87' lang='lat' dir='ltr'><strong>diversam</strong></span> <span class='ocrx_word' id='word_1_458' title='bbox 2818 1181 2885 1233; x_wconf 91' lang='lat' dir='ltr'><strong>ab</strong></span> <span class='ocrx_word' id='word_1_459' title='bbox 2906 1194 2990 1241; x_wconf 85' lang='lat' dir='ltr'><strong>ea,</strong></span> <span class='ocrx_word' id='word_1_460' title='bbox 3019 1168 3138 1247; x_wconf 74' lang='lat' dir='ltr'><strong>quae</strong></span> <span class='ocrx_word' id='word_1_461' title='bbox 3161 1191 3308 1230; x_wconf 87' lang='lat' dir='ltr'><strong>nunc</strong></span> 
     </span>
    </p>
   </div>
   <div class='ocr_carea' id='block_1_72' title="bbox 1743 1264 3307 1344">
    <p class='ocr_par' dir='ltr' id='par_1_72' title="bbox 1743 1264 3307 1344">
     <span class='ocr_line' id='line_1_73' title="bbox 1743 1264 3307 1344; baseline -0.008 -10"><span class='ocrx_word' id='word_1_462' title='bbox 1743 1276 2313 1343; x_wconf 79' lang='lat' dir='ltr'><strong>habetur,‘lectionem</strong></span> <span class='ocrx_word' id='word_1_463' title='bbox 2368 1273 2692 1344; x_wconf 65' lang='lat' dir='ltr'><strong>praetulisse.</strong></span> <span class='ocrx_word' id='word_1_464' title='bbox 2768 1264 2895 1321; x_wconf 73' lang='lat' dir='ltr'><strong>Utul</strong></span> <span class='ocrx_word' id='word_1_465' title='bbox 2959 1283 3089 1323; x_wconf 78' lang='lat' dir='ltr'><strong>vero</strong></span> <span class='ocrx_word' id='word_1_466' title='bbox 3139 1268 3208 1323; x_wconf 92' lang='lat' dir='ltr'><strong>sit</strong></span> <span class='ocrx_word' id='word_1_467' title='bbox 3240 1267 3307 1320; x_wconf 88' lang='lat' dir='ltr'><strong>de</strong></span> 
     </span>
    </p>
   </div>
   <div class='ocr_carea' id='block_1_73' title="bbox 1743 1358 3302 1432">
    <p class='ocr_par' dir='ltr' id='par_1_73' title="bbox 1743 1358 3302 1432">
     <span class='ocr_line' id='line_1_74' title="bbox 1743 1358 3302 1432; baseline -0.01 -7"><span class='ocrx_word' id='word_1_468' title='bbox 1743 1370 1961 1425; x_wconf 88' lang='lat' dir='ltr'><strong>Eusebii</strong></span> <span class='ocrx_word' id='word_1_469' title='bbox 1997 1370 2051 1423; x_wconf 92' lang='lat' dir='ltr'><strong>in</strong></span> <span class='ocrx_word' id='word_1_470' title='bbox 2084 1374 2437 1423; x_wconf 87' lang='lat' dir='ltr'><strong>memoratum</strong></span> <span class='ocrx_word' id='word_1_471' title='bbox 2469 1363 2691 1418; x_wconf 89' lang='lat' dir='ltr'><strong>titulum</strong></span> <span class='ocrx_word' id='word_1_472' title='bbox 2724 1362 3003 1432; x_wconf 83' lang='lat' dir='ltr'><strong>Opinione,</strong></span> <span class='ocrx_word' id='word_1_473' title='bbox 3037 1374 3157 1429; x_wconf 64' lang='lat' dir='ltr'><strong>qum</strong></span> <span class='ocrx_word' id='word_1_474' title='bbox 3188 1358 3302 1411; x_wconf 80' lang='lat' dir='ltr'><strong>for-</strong></span> 
     </span>
    </p>
   </div>
   <div class='ocr_carea' id='block_1_74' title="bbox 1742 1450 3307 1529">
    <p class='ocr_par' dir='ltr' id='par_1_74' title="bbox 1742 1450 3307 1529">
     <span class='ocr_line' id='line_1_75' title="bbox 1742 1450 3307 1529; baseline -0.008 -14"><span class='ocrx_word' id='word_1_475' title='bbox 1742 1464 1906 1518; x_wconf 87' lang='lat' dir='ltr'><strong>tassis</strong></span> <span class='ocrx_word' id='word_1_476' title='bbox 1938 1477 2046 1515; x_wconf 89' lang='lat' dir='ltr'><strong>non</strong></span> <span class='ocrx_word' id='word_1_477' title='bbox 2093 1452 2344 1514; x_wconf 82' lang='lat' dir='ltr'><strong>omnibus</strong></span> <span class='ocrx_word' id='word_1_478' title='bbox 2375 1458 2639 1529; x_wconf 86' lang='lat' dir='ltr'><strong>placitura</strong></span> <span class='ocrx_word' id='word_1_479' title='bbox 2690 1464 2793 1517; x_wconf 88' lang='lat' dir='ltr'><strong>est,</strong></span> <span class='ocrx_word' id='word_1_480' title='bbox 2846 1462 2997 1525; x_wconf 85' lang='lat' dir='ltr'><strong>putat</strong></span> <span class='ocrx_word' id='word_1_481' title='bbox 3027 1468 3159 1508; x_wconf 88' lang='lat' dir='ltr'><strong>sane</strong></span> <span class='ocrx_word' id='word_1_482' title='bbox 3216 1450 3307 1505; x_wconf 90' lang='lat' dir='ltr'><strong>ille</strong></span> 
     </span>
    </p>
   </div>
   <div class='ocr_carea' id='block_1_75' title="bbox 1742 1533 3306 1617">
    <p class='ocr_par' dir='ltr' id='par_1_75' title="bbox 1742 1533 3306 1617">
     <span class='ocr_line' id='line_1_76' title="bbox 1742 1533 3306 1617; baseline -0.006 -10"><span class='ocrx_word' id='word_1_483' title='bbox 1742 1551 1913 1607; x_wconf 65' lang='lat' dir='ltr'><strong>nefas&#39;</strong></span> <span class='ocrx_word' id='word_1_484' title='bbox 1936 1565 2061 1615; x_wconf 89' lang='lat' dir='ltr'><strong>esse</strong></span> <span class='ocrx_word' id='word_1_485' title='bbox 2089 1533 2302 1612; x_wconf 81' lang='lat' dir='ltr'><strong>vitium,</strong></span> <span class='ocrx_word' id='word_1_486' title='bbox 2337 1549 2379 1602; x_wconf 76' lang='lat' dir='ltr'><strong>si</strong></span> <span class='ocrx_word' id='word_1_487' title='bbox 2414 1547 2558 1617; x_wconf 78' lang='lat' dir='ltr'><strong>quod</strong></span> <span class='ocrx_word' id='word_1_488' title='bbox 2589 1547 2673 1600; x_wconf 72' lang='lat' dir='ltr'><strong>rel</strong></span> <span class='ocrx_word' id='word_1_489' title='bbox 2707 1546 2989 1600; x_wconf 87' lang='lat' dir='ltr'><strong>minimum</strong></span> <span class='ocrx_word' id='word_1_490' title='bbox 3022 1544 3218 1608; x_wconf 90' lang='lat' dir='ltr'><strong>subsit,</strong></span> <span class='ocrx_word' id='word_1_491' title='bbox 3252 1543 3306 1598; x_wconf 75' lang='lat' dir='ltr'><strong>in</strong></span> 
     </span>
    </p>
   </div>
   <div class='ocr_carea' id='block_1_76' title="bbox 1745 1630 3101 1712">
    <p class='ocr_par' dir='ltr' id='par_1_76' title="bbox 1745 1630 3101 1712">
     <span class='ocr_line' id='line_1_77' title="bbox 1745 1630 3101 1712; baseline -0.012 -13"><span class='ocrx_word' id='word_1_492' title='bbox 1745 1642 2060 1712; x_wconf 87' lang='lat' dir='ltr'><strong>scriptorem</strong></span> <span class='ocrx_word' id='word_1_493' title='bbox 2090 1654 2306 1694; x_wconf 87' lang='lat' dir='ltr'><strong>sacrum</strong></span> <span class='ocrx_word' id='word_1_494' title='bbox 2339 1635 2647 1692; x_wconf 78' lang='lat' dir='ltr'><strong>retundere.</strong></span> <span class='ocrx_word' id='word_1_495' title='bbox 3098 1630 3101 1631; x_wconf 63' lang='grc'><strong><em>⁷</em></strong></span> 
     </span>
    </p>
   </div>
   <div class='ocr_carea' id='block_1_77' title="bbox 1922 1746 3101 1811">
    <p class='ocr_par' dir='ltr' id='par_1_77' title="bbox 1922 1746 3101 1811">
     <span class='ocr_line' id='line_1_78' title="bbox 1922 1746 3101 1811; baseline -0.008 -10"><span class='ocrx_word' id='word_1_496' title='bbox 1922 1749 1985 1811; x_wconf 76' lang='grc' dir='ltr'><strong>Η.</strong></span> <span class='ocrx_word' id='word_1_497' title='bbox 2010 1750 2295 1800; x_wconf 84' lang='lat' dir='ltr'><strong>Sanctorum</strong></span> <span class='ocrx_word' id='word_1_498' title='bbox 2317 1748 2491 1795; x_wconf 85' lang='lat' dir='ltr'><strong>merita</strong></span> <span class='ocrx_word' id='word_1_499' title='bbox 2517 1747 2656 1796; x_wconf 87' lang='lat' dir='ltr'><strong>nobis</strong></span> <span class='ocrx_word' id='word_1_500' title='bbox 2680 1746 2918 1808; x_wconf 89' lang='lat' dir='ltr'><strong>prodesse</strong></span> <span class='ocrx_word' id='word_1_501' title='bbox 2945 1748 3101 1807; x_wconf 86' lang='lat' dir='ltr'><strong>putat.</strong></span> 
     </span>
    </p>
   </div>
   <div class='ocr_carea' id='block_1_78' title="bbox 1674 1854 3306 1970">
    <p class='ocr_par' dir='ltr' id='par_1_78' title="bbox 1674 1854 3306 1970">
     <span class='ocr_line' id='line_1_79' title="bbox 1674 1854 3306 1970; baseline -0.008 -35"><span class='ocrx_word' id='word_1_502' title='bbox 1674 1912 1716 1970; x_wconf 73' lang='grc' dir='ltr'>Β</span> <span class='ocrx_word' id='word_1_503' title='bbox 1812 1880 1903 1934; x_wconf 80' lang='lat' dir='ltr'><strong>Ait</strong></span> <span class='ocrx_word' id='word_1_504' title='bbox 1942 1894 2051 1933; x_wconf 91' lang='lat' dir='ltr'><strong>non</strong></span> <span class='ocrx_word' id='word_1_505' title='bbox 2096 1877 2262 1931; x_wconf 90' lang='lat' dir='ltr'><strong>semel</strong></span> <span class='ocrx_word' id='word_1_506' title='bbox 2291 1854 2556 1931; x_wconf 84' lang='lat' dir='ltr'><strong>Eusebius</strong></span> <span class='ocrx_word' id='word_1_507' title='bbox 2586 1881 2923 1936; x_wconf 89' lang='lat' dir='ltr'><strong>sanctorum,</strong></span> <span class='ocrx_word' id='word_1_508' title='bbox 2954 1871 3068 1927; x_wconf 90' lang='lat' dir='ltr'><strong>sive</strong></span> <span class='ocrx_word' id='word_1_509' title='bbox 3100 1880 3306 1941; x_wconf 84' lang='lat' dir='ltr'><strong>marty-</strong></span> 
     </span>
    </p>
   </div>
   <div class='ocr_carea' id='block_1_79' title="bbox 1749 1963 3303 2039">
    <p class='ocr_par' dir='ltr' id='par_1_79' title="bbox 1749 1963 3303 2039">
     <span class='ocr_line' id='line_1_80' title="bbox 1749 1963 3303 2039; baseline -0.009 -12"><span class='ocrx_word' id='word_1_510' title='bbox 1749 1986 1889 2039; x_wconf 85' lang='lat' dir='ltr'><strong>rum,</strong></span> <span class='ocrx_word' id='word_1_511' title='bbox 1912 1972 2025 2026; x_wconf 81' lang='lat' dir='ltr'><strong>sive</strong></span> <span class='ocrx_word' id='word_1_512' title='bbox 2046 1966 2404 2023; x_wconf 82' lang='lat' dir='ltr'><strong>aliorumDeo</strong></span> <span class='ocrx_word' id='word_1_513' title='bbox 2417 1976 2756 2036; x_wconf 88' lang='lat' dir='ltr'><strong>acceptorum</strong></span> <span class='ocrx_word' id='word_1_514' title='bbox 2790 1965 3067 2018; x_wconf 88' lang='lat' dir='ltr'><strong>hominum</strong></span> <span class='ocrx_word' id='word_1_515' title='bbox 3088 1963 3303 2022; x_wconf 88' lang='lat' dir='ltr'><strong>merita.</strong></span> 
     </span>
    </p>
   </div>
   <div class='ocr_carea' id='block_1_80' title="bbox 1737 2054 3305 2130">
    <p class='ocr_par' dir='ltr' id='par_1_80' title="bbox 1737 2054 3305 2130">
     <span class='ocr_line' id='line_1_81' title="bbox 1737 2054 3305 2130; baseline -0.007 -13"><span class='ocrx_word' id='word_1_516' title='bbox 1737 2062 1979 2118; x_wconf 86' lang='lat' dir='ltr'><strong>subsidio</strong></span> <span class='ocrx_word' id='word_1_517' title='bbox 2017 2076 2140 2130; x_wconf 57' lang='lat' dir='ltr'><strong>aput</strong></span> <span class='ocrx_word' id='word_1_518' title='bbox 2204 2058 2369 2113; x_wconf 74' lang='lat' dir='ltr'><strong>“eum</strong></span> <span class='ocrx_word' id='word_1_519' title='bbox 2401 2058 2559 2113; x_wconf 89' lang='lat' dir='ltr'><strong>nobis</strong></span> <span class='ocrx_word' id='word_1_520' title='bbox 2580 2073 2721 2112; x_wconf 80' lang='lat' dir='ltr'><strong>esse.</strong></span> <span class='ocrx_word' id='word_1_521' title='bbox 2776 2055 2866 2111; x_wconf 89' lang='lat' dir='ltr'><strong>Sic</strong></span> <span class='ocrx_word' id='word_1_522' title='bbox 2895 2054 3034 2127; x_wconf 88' lang='lat' dir='ltr'><strong>psal.</strong></span> <span class='ocrx_word' id='word_1_523' title='bbox 3075 2068 3305 2117; x_wconf 79' lang='lat' dir='ltr'><strong>Lxxviu,</strong></span> 
     </span>
    </p>
   </div>
   <div class='ocr_carea' id='block_1_81' title="bbox 1734 2143 3309 2221">
    <p class='ocr_par' dir='ltr' id='par_1_81' title="bbox 1734 2143 3309 2221">
     <span class='ocr_line' id='line_1_82' title="bbox 1734 2143 3309 2221; baseline -0.007 -14"><span class='ocrx_word' id='word_1_524' title='bbox 1734 2166 1872 2207; x_wconf 86' lang='lat' dir='ltr'><strong>vers.</strong></span> <span class='ocrx_word' id='word_1_525' title='bbox 1899 2153 1996 2208; x_wconf 47' lang='lat' dir='ltr'><strong>itl:</strong></span> <span class='ocrx_word' id='word_1_526' title='bbox 2029 2152 2110 2205; x_wconf 75' lang='lat' dir='ltr'><strong>Ad</strong></span> <span class='ocrx_word' id='word_1_527' title='bbox 2138 2151 2243 2205; x_wconf 70' lang='lat' dir='ltr'><strong>lucc</strong></span> <span class='ocrx_word' id='word_1_528' title='bbox 2264 2152 2315 2204; x_wconf 87' lang='lat' dir='ltr'><strong>in</strong></span> <span class='ocrx_word' id='word_1_529' title='bbox 2335 2152 2569 2221; x_wconf 63' lang='lat' dir='ltr'><strong>precibus</strong></span> <span class='ocrx_word' id='word_1_530' title='bbox 2594 2160 2816 2217; x_wconf 88' lang='lat' dir='ltr'><strong>tempore</strong></span> <span class='ocrx_word' id='word_1_531' title='bbox 2838 2147 3207 2215; x_wconf 84' lang='lat' dir='ltr'><strong>persecutionis</strong></span> <span class='ocrx_word' id='word_1_532' title='bbox 3226 2143 3309 2197; x_wconf 88' lang='lat' dir='ltr'><strong>di-</strong></span> 
     </span>
    </p>
   </div>
   <div class='ocr_carea' id='block_1_82' title="bbox 1728 2237 3309 2325">
    <p class='ocr_par' dir='ltr' id='par_1_82' title="bbox 1728 2237 3309 2325">
     <span class='ocr_line' id='line_1_83' title="bbox 1728 2237 3309 2325; baseline -0.006 -26"><span class='ocrx_word' id='word_1_533' title='bbox 1728 2245 1898 2325; x_wconf 52' lang='lat' dir='ltr'><strong>cenda</strong></span> <span class='ocrx_word' id='word_1_534' title='bbox 1943 2243 2292 2308; x_wconf 86' lang='lat' dir='ltr'><strong>instituimur,</strong></span> <span class='ocrx_word' id='word_1_535' title='bbox 2331 2241 2624 2296; x_wconf 81' lang='lat' dir='ltr'><strong>hostiarum</strong></span> <span class='ocrx_word' id='word_1_536' title='bbox 2675 2251 2723 2295; x_wconf 88' lang='lat' dir='ltr'><strong>et</strong></span> <span class='ocrx_word' id='word_1_537' title='bbox 2746 2240 3167 2294; x_wconf 86' lang='lat' dir='ltr'><strong>holocaustorum</strong></span> <span class='ocrx_word' id='word_1_538' title='bbox 3197 2237 3309 2290; x_wconf 85' lang='lat' dir='ltr'><strong>loco</strong></span> 
     </span>
    </p>
   </div>
   <div class='ocr_carea' id='block_1_83' title="bbox 1736 2326 3308 2403">
    <p class='ocr_par' dir='ltr' id='par_1_83' title="bbox 1736 2326 3308 2403">
     <span class='ocr_line' id='line_1_84' title="bbox 1736 2326 3308 2403; baseline -0.005 -16"><span class='ocrx_word' id='word_1_539' title='bbox 1736 2336 2037 2403; x_wconf 72' lang='lat' dir='ltr'><strong>sanguinem</strong></span> <span class='ocrx_word' id='word_1_540' title='bbox 2056 2342 2355 2387; x_wconf 87' lang='lat' dir='ltr'><strong>sanctorum</strong></span> <span class='ocrx_word' id='word_1_541' title='bbox 2380 2340 2669 2401; x_wconf 84' lang='lat' dir='ltr'><strong>martyrum</strong></span> <span class='ocrx_word' id='word_1_542' title='bbox 2685 2346 2807 2399; x_wconf 62' lang='lat' dir='ltr'><strong>pro].</strong></span> <span class='ocrx_word' id='word_1_543' title='bbox 2827 2326 3308 2395; x_wconf 64' lang='lat' dir='ltr'><strong>,neutes,aclmjus-</strong></span> 
     </span>
    </p>
   </div>
   <div class='ocr_carea' id='block_1_84' title="bbox 1737 2415 3311 2496">
    <p class='ocr_par' dir='ltr' id='par_1_84' title="bbox 1737 2415 3311 2496">
     <span class='ocr_line' id='line_1_85' title="bbox 1737 2415 3311 2496; baseline -0.005 -17"><span class='ocrx_word' id='word_1_544' title='bbox 1737 2426 1877 2481; x_wconf 85' lang='lat' dir='ltr'><strong>modi</strong></span> <span class='ocrx_word' id='word_1_545' title='bbox 1896 2425 2296 2496; x_wconf 79' lang='lat' dir='ltr'><strong>supplicationes</strong></span> <span class='ocrx_word' id='word_1_546' title='bbox 2312 2415 2595 2478; x_wconf 76' lang='lat' dir='ltr'><strong>amittentes</strong></span> <span class='ocrx_word' id='word_1_547' title='bbox 2614 2426 2705 2485; x_wconf 71' lang='lat' dir='ltr'><strong>;Tet</strong></span> <span class='ocrx_word' id='word_1_548' title='bbox 2722 2438 2862 2476; x_wconf 87' lang='lat' dir='ltr'><strong>vers.</strong></span> <span class='ocrx_word' id='word_1_549' title='bbox 2890 2422 2944 2474; x_wconf 78' lang='lat' dir='ltr'><strong>il</strong></span> <span class='ocrx_word' id='word_1_550' title='bbox 2969 2440 2995 2481; x_wconf 57' lang='lat'><strong>:,</strong></span> <span class='ocrx_word' id='word_1_551' title='bbox 3012 2418 3122 2472; x_wconf 80' lang='lat' dir='ltr'><strong>Nos</strong></span> <span class='ocrx_word' id='word_1_552' title='bbox 3146 2419 3311 2489; x_wconf 89' lang='lat' dir='ltr'><strong>siqui-</strong></span> 
     </span>
    </p>
   </div>
   <div class='ocr_carea' id='block_1_85' title="bbox 1737 2515 3330 2589">
    <p class='ocr_par' dir='ltr' id='par_1_85' title="bbox 1737 2515 3330 2589">
     <span class='ocr_line' id='line_1_86' title="bbox 1737 2515 3330 2589; baseline -0.005 -18"><span class='ocrx_word' id='word_1_553' title='bbox 1737 2518 1852 2571; x_wconf 88' lang='lat' dir='ltr'><strong>dem</strong></span> <span class='ocrx_word' id='word_1_554' title='bbox 1875 2535 1975 2572; x_wconf 90' lang='lat' dir='ltr'><strong>non</strong></span> <span class='ocrx_word' id='word_1_555' title='bbox 1991 2517 2134 2588; x_wconf 85' lang='lat' dir='ltr'><strong>digni</strong></span> <span class='ocrx_word' id='word_1_556' title='bbox 2161 2517 2325 2571; x_wconf 80' lang='lat' dir='ltr'><strong>habiti</strong></span> <span class='ocrx_word' id='word_1_557' title='bbox 2353 2534 2532 2589; x_wconf 83' lang='lat' dir='ltr'><strong>sumus</strong></span> <span class='ocrx_word' id='word_1_558' title='bbox 2552 2518 2639 2585; x_wconf 86' lang='lat' dir='ltr'><strong>qui</strong></span> <span class='ocrx_word' id='word_1_559' title='bbox 2658 2515 2725 2568; x_wconf 90' lang='lat' dir='ltr'><strong>ad</strong></span> <span class='ocrx_word' id='word_1_560' title='bbox 2758 2516 2915 2582; x_wconf 80' lang='lat' dir='ltr'><strong>ﬁnem</strong></span> <span class='ocrx_word' id='word_1_561' title='bbox 2938 2528 3093 2582; x_wconf 87' lang='lat' dir='ltr'><strong>usque</strong></span> <span class='ocrx_word' id='word_1_562' title='bbox 3109 2521 3330 2565; x_wconf 61' lang='lat' dir='ltr'><strong>certus.</strong></span> 
     </span>
    </p>
   </div>
   <div class='ocr_carea' id='block_1_86' title="bbox 1739 2603 3310 2679">
    <p class='ocr_par' dir='ltr' id='par_1_86' title="bbox 1739 2603 3310 2679">
     <span class='ocr_line' id='line_1_87' title="bbox 1739 2603 3310 2679; baseline -0.006 -17"><span class='ocrx_word' id='word_1_563' title='bbox 1739 2626 1877 2673; x_wconf 86' lang='lat' dir='ltr'><strong>mus,</strong></span> <span class='ocrx_word' id='word_1_564' title='bbox 1902 2625 1963 2663; x_wconf 78' lang='lat' dir='ltr'><strong>ac</strong></span> <span class='ocrx_word' id='word_1_565' title='bbox 1980 2624 2072 2677; x_wconf 86' lang='lat' dir='ltr'><strong>pro</strong></span> <span class='ocrx_word' id='word_1_566' title='bbox 2098 2608 2204 2662; x_wconf 84' lang='lat' dir='ltr'><strong>Deo</strong></span> <span class='ocrx_word' id='word_1_567' title='bbox 2234 2610 2533 2679; x_wconf 86' lang='lat' dir='ltr'><strong>sanguinem</strong></span> <span class='ocrx_word' id='word_1_568' title='bbox 2554 2606 2920 2675; x_wconf 67' lang='lat' dir='ltr'><strong>(auderemus;</strong></span> <span class='ocrx_word' id='word_1_569' title='bbox 2950 2605 3037 2659; x_wconf 87' lang='lat' dir='ltr'><strong>sed</strong></span> <span class='ocrx_word' id='word_1_570' title='bbox 3062 2604 3181 2675; x_wconf 83' lang='lat' dir='ltr'><strong>quia</strong></span> <span class='ocrx_word' id='word_1_571' title='bbox 3208 2603 3310 2671; x_wconf 71' lang='lat' dir='ltr'><strong>filii</strong></span> 
     </span>
    </p>
   </div>
   <div class='ocr_carea' id='block_1_87' title="bbox 1739 2696 3308 2769">
    <p class='ocr_par' dir='ltr' id='par_1_87' title="bbox 1739 2696 3308 2769">
     <span class='ocr_line' id='line_1_88' title="bbox 1739 2696 3308 2769; baseline -0.006 -15"><span class='ocrx_word' id='word_1_572' title='bbox 1739 2715 1921 2754; x_wconf 87' lang='lat' dir='ltr'><strong>sumus</strong></span> <span class='ocrx_word' id='word_1_573' title='bbox 1952 2716 2130 2754; x_wconf 85' lang='lat' dir='ltr'><strong>eorum</strong></span> <span class='ocrx_word' id='word_1_574' title='bbox 2166 2701 2253 2769; x_wconf 85' lang='lat' dir='ltr'><strong>qui</strong></span> <span class='ocrx_word' id='word_1_575' title='bbox 2281 2700 2389 2752; x_wconf 74' lang='lat' dir='ltr'><strong>lucc</strong></span> <span class='ocrx_word' id='word_1_576' title='bbox 2426 2698 2547 2752; x_wconf 79' lang='lat' dir='ltr'><strong>sunt</strong></span> <span class='ocrx_word' id='word_1_577' title='bbox 2582 2696 2837 2766; x_wconf 84' lang='lat' dir='ltr'><strong>perpessi,</strong></span> <span class='ocrx_word' id='word_1_578' title='bbox 2868 2696 3059 2749; x_wconf 79' lang='lat' dir='ltr'><strong>uirtute</strong></span> <span class='ocrx_word' id='word_1_579' title='bbox 3098 2704 3308 2763; x_wconf 83' lang='lat' dir='ltr'><strong>patrum</strong></span> 
     </span>
    </p>
   </div>
   <div class='ocr_carea' id='block_1_88' title="bbox 1744 2786 3308 2859">
    <p class='ocr_par' dir='ltr' id='par_1_88' title="bbox 1744 2786 3308 2859">
     <span class='ocr_line' id='line_1_89' title="bbox 1744 2786 3308 2859; baseline -0.004 -16"><span class='ocrx_word' id='word_1_580' title='bbox 1744 2799 2044 2845; x_wconf 82' lang='lat' dir='ltr'><strong>nostrorum</strong></span> <span class='ocrx_word' id='word_1_581' title='bbox 2074 2792 2270 2854; x_wconf 87' lang='lat' dir='ltr'><strong>ornati,</strong></span> <span class='ocrx_word' id='word_1_582' title='bbox 2308 2798 2584 2858; x_wconf 85' lang='lat' dir='ltr'><strong>precamur</strong></span> <span class='ocrx_word' id='word_1_583' title='bbox 2611 2798 2667 2842; x_wconf 89' lang='lat' dir='ltr'><strong>ut</strong></span> <span class='ocrx_word' id='word_1_584' title='bbox 2699 2789 2912 2844; x_wconf 86' lang='lat' dir='ltr'><strong>illorum</strong></span> <span class='ocrx_word' id='word_1_585' title='bbox 2951 2788 3123 2859; x_wconf 88' lang='lat' dir='ltr'><strong>gratia</strong></span> <span class='ocrx_word' id='word_1_586' title='bbox 3152 2786 3308 2839; x_wconf 55' lang='lat' dir='ltr'><strong>mica-</strong></span> 
     </span>
    </p>
   </div>
   <div class='ocr_carea' id='block_1_89' title="bbox 1745 2879 2464 2949">
    <p class='ocr_par' dir='ltr' id='par_1_89' title="bbox 1745 2879 2464 2949">
     <span class='ocr_line' id='line_1_90' title="bbox 1745 2879 2464 2949; baseline 0.003 -17"><span class='ocrx_word' id='word_1_587' title='bbox 1745 2879 2032 2934; x_wconf 74' lang='lat' dir='ltr'><strong>ricordiaru</strong></span> <span class='ocrx_word' id='word_1_588' title='bbox 2066 2896 2464 2949; x_wconf 88' lang='lat' dir='ltr'><strong>consequamur.</strong></span> 
     </span>
    </p>
   </div>
   <div class='ocr_carea' id='block_1_90' title="bbox 1806 2988 3244 3055">
    <p class='ocr_par' dir='ltr' id='par_1_90' title="bbox 1806 2988 3244 3055">
     <span class='ocr_line' id='line_1_91' title="bbox 1806 2988 3244 3055; baseline -0.006 -12"><span class='ocrx_word' id='word_1_589' title='bbox 1806 2990 1892 3043; x_wconf 88' lang='lat' dir='ltr'><strong>lIl.</strong></span> <span class='ocrx_word' id='word_1_590' title='bbox 1912 2992 2089 3043; x_wconf 79' lang='lat' dir='ltr'><strong>Veram</strong></span> <span class='ocrx_word' id='word_1_591' title='bbox 2108 2992 2281 3044; x_wconf 87' lang='lat' dir='ltr'><strong>Christi</strong></span> <span class='ocrx_word' id='word_1_592' title='bbox 2301 2994 2351 3042; x_wconf 92' lang='lat' dir='ltr'><strong>in</strong></span> <span class='ocrx_word' id='word_1_593' title='bbox 2372 2990 2668 3042; x_wconf 84' lang='lat' dir='ltr'><strong>Eueharistia</strong></span> <span class='ocrx_word' id='word_1_594' title='bbox 2689 2988 2999 3055; x_wconf 70' lang='lat' dir='ltr'><strong>praesentiam</strong></span> <span class='ocrx_word' id='word_1_595' title='bbox 3012 2990 3244 3038; x_wconf 83' lang='lat' dir='ltr'><strong>declarat.</strong></span> 
     </span>
    </p>
   </div>
   <div class='ocr_carea' id='block_1_91' title="bbox 1820 3091 3310 3164">
    <p class='ocr_par' dir='ltr' id='par_1_91' title="bbox 1820 3091 3310 3164">
     <span class='ocr_line' id='line_1_92' title="bbox 1820 3091 3310 3164; baseline -0.006 -12"><span class='ocrx_word' id='word_1_596' title='bbox 1820 3095 2017 3153; x_wconf 75' lang='lat' dir='ltr'><strong>Veram</strong></span> <span class='ocrx_word' id='word_1_597' title='bbox 2064 3096 2268 3152; x_wconf 90' lang='lat' dir='ltr'><strong>Christi</strong></span> <span class='ocrx_word' id='word_1_598' title='bbox 2330 3095 2384 3150; x_wconf 90' lang='lat' dir='ltr'><strong>in</strong></span> <span class='ocrx_word' id='word_1_599' title='bbox 2436 3095 2776 3150; x_wconf 83' lang='lat' dir='ltr'><strong>Eucharistia</strong></span> <span class='ocrx_word' id='word_1_600' title='bbox 2835 3094 3173 3164; x_wconf 69' lang='lat' dir='ltr'><strong>praesentiam</strong></span> <span class='ocrx_word' id='word_1_601' title='bbox 3233 3091 3310 3162; x_wconf 83' lang='grc' dir='ltr'>(ο)</span> 
     </span>
    </p>
   </div>
   <div class='ocr_carea' id='block_1_92' title="bbox 1716 3183 3369 3266">
    <p class='ocr_par' dir='ltr' id='par_1_92' title="bbox 1716 3183 3369 3266">
     <span class='ocr_line' id='line_1_93' title="bbox 1716 3183 3369 3266; baseline -0.007 -20"><span class='ocrx_word' id='word_1_602' title='bbox 1716 3190 2035 3266; x_wconf 41' lang='grc' dir='ltr'>,ιιι-οίίῑθιιιιυ</span> <span class='ocrx_word' id='word_1_603' title='bbox 2079 3204 2212 3243; x_wconf 89' lang='lat' dir='ltr'><strong>eum-</strong></span> <span class='ocrx_word' id='word_1_604' title='bbox 2251 3189 2394 3242; x_wconf 88' lang='lat' dir='ltr'><strong>bunc</strong></span> <span class='ocrx_word' id='word_1_605' title='bbox 2465 3203 2679 3243; x_wconf 85' lang='lat' dir='ltr'><strong>versum</strong></span> <span class='ocrx_word' id='word_1_606' title='bbox 2742 3187 3053 3254; x_wconf 81' lang='lat' dir='ltr'><strong>explicans.</strong></span> <span class='ocrx_word' id='word_1_607' title='bbox 3107 3183 3313 3239; x_wconf 72' lang='lat' dir='ltr'><strong>Cibaris</strong></span> <span class='ocrx_word' id='word_1_608' title='bbox 3363 3214 3369 3219; x_wconf 60' lang='grc' dir='ltr'><em>η</em></span> 
     </span>
    </p>
   </div>
   <div class='ocr_carea' id='block_1_93' title="bbox 1674 3276 3341 3357">
    <p class='ocr_par' dir='ltr' id='par_1_93' title="bbox 1674 3276 3341 3357">
     <span class='ocr_line' id='line_1_94' title="bbox 1674 3276 3341 3357; baseline -0.004 -23"><span class='ocrx_word' id='word_1_609' title='bbox 1674 3277 1834 3342; x_wconf 82' lang='lat' dir='ltr'><strong>Ceos</strong></span> <span class='ocrx_word' id='word_1_610' title='bbox 1915 3296 1981 3335; x_wconf 70' lang='lat' dir='ltr'><strong>ea:</strong></span> <span class='ocrx_word' id='word_1_611' title='bbox 2043 3282 2196 3349; x_wconf 87' lang='lat' dir='ltr'><strong>adipe</strong></span> <span class='ocrx_word' id='word_1_612' title='bbox 2232 3279 2503 3346; x_wconf 76' lang='lat' dir='ltr'><strong>frumenti,</strong></span> <span class='ocrx_word' id='word_1_613' title='bbox 2536 3288 2589 3332; x_wconf 89' lang='lat' dir='ltr'><strong>et</strong></span> <span class='ocrx_word' id='word_1_614' title='bbox 2635 3277 2700 3332; x_wconf 88' lang='lat' dir='ltr'><strong>de</strong></span> <span class='ocrx_word' id='word_1_615' title='bbox 2746 3288 2893 3345; x_wconf 83' lang='lat' dir='ltr'><strong>petra</strong></span> <span class='ocrx_word' id='word_1_616' title='bbox 2945 3276 3341 3357; x_wconf 8' lang='lat' dir='ltr'><strong>melleisatu-«I</strong></span> 
     </span>
    </p>
   </div>
   <div class='ocr_carea' id='block_1_94' title="bbox 1749 3365 3313 3441">
    <p class='ocr_par' dir='ltr' id='par_1_94' title="bbox 1749 3365 3313 3441">
     <span class='ocr_line' id='line_1_95' title="bbox 1749 3365 3313 3441; baseline -0.008 -12"><span class='ocrx_word' id='word_1_617' title='bbox 1749 3376 1885 3429; x_wconf 72' lang='lat' dir='ltr'><strong>rapit</strong></span> <span class='ocrx_word' id='word_1_618' title='bbox 1941 3389 2029 3426; x_wconf 88' lang='lat' dir='ltr'><strong>eos</strong></span> <span class='ocrx_word' id='word_1_619' title='bbox 2076 3370 2251 3441; x_wconf 83' lang='lat' dir='ltr'><strong>(Psal.</strong></span> <span class='ocrx_word' id='word_1_620' title='bbox 2303 3383 2468 3432; x_wconf 73' lang='grc' dir='ltr'>ωιχχ,</span> <span class='ocrx_word' id='word_1_621' title='bbox 2523 3368 2633 3439; x_wconf 78' lang='grc' dir='ltr'><strong>Π),</strong></span> <span class='ocrx_word' id='word_1_622' title='bbox 2685 3369 2812 3421; x_wconf 88' lang='lat' dir='ltr'><strong>ait:</strong></span> <span class='ocrx_word' id='word_1_623' title='bbox 2851 3366 3007 3419; x_wconf 80' lang='grc' dir='ltr'><strong>Κατὰ</strong></span> <span class='ocrx_word' id='word_1_624' title='bbox 3069 3365 3313 3419; x_wconf 73' lang='grc' dir='ltr'><strong>τοῦτοδὲ</strong></span> 
     </span>
    </p>
   </div>
   <div class='ocr_carea' id='block_1_95' title="bbox 1751 3456 3313 3537">
    <p class='ocr_par' dir='ltr' id='par_1_95' title="bbox 1751 3456 3313 3537">
     <span class='ocr_line' id='line_1_96' title="bbox 1751 3456 3313 3537; baseline -0.006 -19"><span class='ocrx_word' id='word_1_625' title='bbox 1751 3465 1985 3537; x_wconf 72' lang='grc' dir='ltr'>ἐπλήρου</span> <span class='ocrx_word' id='word_1_626' title='bbox 2037 3459 2375 3526; x_wconf 81' lang='grc' dir='ltr'><strong>καταξιώσας</strong></span> <span class='ocrx_word' id='word_1_627' title='bbox 2405 3461 2600 3523; x_wconf 76' lang='grc' dir='ltr'><strong>αὐτοὺς</strong></span> <span class='ocrx_word' id='word_1_628' title='bbox 2629 3460 2728 3530; x_wconf 78' lang='grc' dir='ltr'><strong>τῆς</strong></span> <span class='ocrx_word' id='word_1_629' title='bbox 2763 3457 2967 3522; x_wconf 73' lang='grc' dir='ltr'><strong>οἰκείας</strong></span> <span class='ocrx_word' id='word_1_630' title='bbox 2993 3456 3217 3529; x_wconf 74' lang='grc' dir='ltr'>τροφῆς,</span> <span class='ocrx_word' id='word_1_631' title='bbox 3247 3458 3313 3510; x_wconf 76' lang='grc' dir='ltr'>οὐ</span> 
     </span>
    </p>
   </div>
   <div class='ocr_carea' id='block_1_96' title="bbox 1753 3548 3314 3629">
    <p class='ocr_par' dir='ltr' id='par_1_96' title="bbox 1753 3548 3314 3629">
     <span class='ocr_line' id='line_1_97' title="bbox 1753 3548 3314 3629; baseline -0.008 -18"><span class='ocrx_word' id='word_1_632' title='bbox 1753 3558 1911 3629; x_wconf 77' lang='grc' dir='ltr'>μόνον</span> <span class='ocrx_word' id='word_1_633' title='bbox 1936 3553 2269 3629; x_wconf 69' lang='grc' dir='ltr'><strong>σῳματικῆς,</strong></span> <span class='ocrx_word' id='word_1_634' title='bbox 2292 3551 2426 3604; x_wconf 81' lang='grc' dir='ltr'><strong>ἀλλὰ</strong></span> <span class='ocrx_word' id='word_1_635' title='bbox 2446 3552 2538 3604; x_wconf 69' lang='grc' dir='ltr'><strong>καὶ</strong></span> <span class='ocrx_word' id='word_1_636' title='bbox 2560 3551 2658 3621; x_wconf 80' lang='grc' dir='ltr'><strong>τῆς</strong></span> <span class='ocrx_word' id='word_1_637' title='bbox 2688 3549 3001 3620; x_wconf 77' lang='grc' dir='ltr'>ἐπουρανίου</span> <span class='ocrx_word' id='word_1_638' title='bbox 3034 3548 3125 3600; x_wconf 76' lang='grc' dir='ltr'><strong>καὶ</strong></span> <span class='ocrx_word' id='word_1_639' title='bbox 3153 3564 3314 3599; x_wconf 82' lang='grc' dir='ltr'>πνευ-</span> 
     </span>
    </p>
   </div>
   <div class='ocr_carea' id='block_1_97' title="bbox 1755 3624 3377 3720">
    <p class='ocr_par' dir='ltr' id='par_1_97' title="bbox 1755 3624 3377 3720">
     <span class='ocr_line' id='line_1_98' title="bbox 1755 3624 3377 3720; baseline -0.009 -19"><span class='ocrx_word' id='word_1_640' title='bbox 1755 3624 2258 3720; x_wconf 14' lang='grc' dir='ltr'><strong>ματικῆξ,ήὸπηνίκα</strong></span> <span class='ocrx_word' id='word_1_641' title='bbox 2284 3642 2516 3713; x_wconf 78' lang='grc' dir='ltr'>πρώτοις</span> <span class='ocrx_word' id='word_1_642' title='bbox 2537 3641 2720 3703; x_wconf 78' lang='grc' dir='ltr'><strong>αὐτοῖς</strong></span> <span class='ocrx_word' id='word_1_643' title='bbox 2741 3638 2997 3708; x_wconf 78' lang='grc' dir='ltr'><strong>ἐπεδήμει</strong></span> <span class='ocrx_word' id='word_1_644' title='bbox 3023 3640 3051 3690; x_wconf 83' lang='grc' dir='ltr'>ὁ</span> <span class='ocrx_word' id='word_1_645' title='bbox 3083 3637 3314 3707; x_wconf 76' lang='grc' dir='ltr'><strong>Χριστὸς</strong></span> <span class='ocrx_word' id='word_1_646' title='bbox 3374 3632 3377 3633; x_wconf 50' lang='grc'><strong><em>⁷</em></strong></span> 
     </span>
    </p>
   </div>
   <div class='ocr_carea' id='block_1_98' title="bbox 1749 3726 3312 3806">
    <p class='ocr_par' dir='ltr' id='par_1_98' title="bbox 1749 3726 3312 3806">
     <span class='ocr_line' id='line_1_99' title="bbox 1749 3726 3312 3806; baseline -0.008 -17"><span class='ocrx_word' id='word_1_647' title='bbox 1749 3735 1841 3789; x_wconf 80' lang='grc' dir='ltr'>τοῦ</span> <span class='ocrx_word' id='word_1_648' title='bbox 1879 3733 2035 3796; x_wconf 84' lang='grc' dir='ltr'><strong>Θεοῦ,</strong></span> <span class='ocrx_word' id='word_1_649' title='bbox 2065 3731 2266 3806; x_wconf 74' lang='grc' dir='ltr'>τροφὴν</span> <span class='ocrx_word' id='word_1_650' title='bbox 2310 3730 2489 3790; x_wconf 72' lang='grc' dir='ltr'><strong>αὐτοῖς</strong></span> <span class='ocrx_word' id='word_1_651' title='bbox 2530 3730 2790 3799; x_wconf 81' lang='grc' dir='ltr'><strong>παρεῖχεν</strong></span> <span class='ocrx_word' id='word_1_652' title='bbox 2842 3726 2931 3780; x_wconf 77' lang='grc' dir='ltr'><strong>τὸν</strong></span> <span class='ocrx_word' id='word_1_653' title='bbox 2995 3726 3312 3794; x_wconf 58' lang='grc' dir='ltr'>ἐπουράνιον</span> 
     </span>
    </p>
   </div>
   <div class='ocr_carea' id='block_1_99' title="bbox 1752 3804 3316 3897">
    <p class='ocr_par' dir='ltr' id='par_1_99' title="bbox 1752 3804 3316 3897">
     <span class='ocr_line' id='line_1_100' title="bbox 1752 3804 3316 3897; baseline -0.006 -17"><span class='ocrx_word' id='word_1_654' title='bbox 1752 3827 1931 3897; x_wconf 75' lang='grc' dir='ltr'>ἄρτον,</span> <span class='ocrx_word' id='word_1_655' title='bbox 1961 3804 2183 3877; x_wconf 75' lang='grc' dir='ltr'>ΑΥΤόΣ</span> <span class='ocrx_word' id='word_1_656' title='bbox 2213 3820 2507 3881; x_wconf 79' lang='grc' dir='ltr'>ΕΑΥΤΟΝ,</span> <span class='ocrx_word' id='word_1_657' title='bbox 2538 3819 2591 3873; x_wconf 88' lang='lat' dir='ltr'><strong>id</strong></span> <span class='ocrx_word' id='word_1_658' title='bbox 2610 3828 2727 3874; x_wconf 90' lang='lat' dir='ltr'><strong>est:</strong></span> <span class='ocrx_word' id='word_1_659' title='bbox 2756 3818 2900 3871; x_wconf 86' lang='lat' dir='ltr'><strong>Tunc</strong></span> <span class='ocrx_word' id='word_1_660' title='bbox 2922 3834 3076 3887; x_wconf 88' lang='lat' dir='ltr'><strong>porro</strong></span> <span class='ocrx_word' id='word_1_661' title='bbox 3101 3819 3316 3886; x_wconf 63' lang='lat' dir='ltr'><strong>propri-.9</strong></span> 
     </span>
    </p>
   </div>
   <div class='ocr_carea' id='block_1_100' title="bbox 1754 3908 3312 3982">
    <p class='ocr_par' dir='ltr' id='par_1_100' title="bbox 1754 3908 3312 3982">
     <span class='ocr_line' id='line_1_101' title="bbox 1754 3908 3312 3982; baseline -0.006 -13"><span class='ocrx_word' id='word_1_662' title='bbox 1754 3916 1873 3970; x_wconf 81' lang='lat' dir='ltr'><strong>illos</strong></span> <span class='ocrx_word' id='word_1_663' title='bbox 1917 3914 2030 3969; x_wconf 85' lang='lat' dir='ltr'><strong>cibo</strong></span> <span class='ocrx_word' id='word_1_664' title='bbox 2064 3914 2256 3981; x_wconf 84' lang='lat' dir='ltr'><strong>replere</strong></span> <span class='ocrx_word' id='word_1_665' title='bbox 2288 3913 2528 3982; x_wconf 86' lang='lat' dir='ltr'><strong>dignatus</strong></span> <span class='ocrx_word' id='word_1_666' title='bbox 2562 3920 2661 3973; x_wconf 88' lang='lat' dir='ltr'><strong>est,</strong></span> <span class='ocrx_word' id='word_1_667' title='bbox 2696 3925 2797 3962; x_wconf 88' lang='lat' dir='ltr'><strong>non</strong></span> <span class='ocrx_word' id='word_1_668' title='bbox 2832 3923 3079 3976; x_wconf 65' lang='lat' dir='ltr'><strong>corporeo</strong></span> <span class='ocrx_word' id='word_1_669' title='bbox 3118 3908 3312 3969; x_wconf 73' lang='lat' dir='ltr'><strong>solu.::,</strong></span> 
     </span>
    </p>
   </div>
   <div class='ocr_carea' id='block_1_101' title="bbox 1755 4000 3319 4073">
    <p class='ocr_par' dir='ltr' id='par_1_101' title="bbox 1755 4000 3319 4073">
     <span class='ocr_line' id='line_1_102' title="bbox 1755 4000 3319 4073; baseline -0.005 -13"><span class='ocrx_word' id='word_1_670' title='bbox 1755 4007 1844 4061; x_wconf 91' lang='lat' dir='ltr'><strong>sed</strong></span> <span class='ocrx_word' id='word_1_671' title='bbox 1872 4007 2032 4060; x_wconf 88' lang='lat' dir='ltr'><strong>etiam</strong></span> <span class='ocrx_word' id='word_1_672' title='bbox 2071 4006 2264 4058; x_wconf 77' lang='lat' dir='ltr'><strong>cwlesti</strong></span> <span class='ocrx_word' id='word_1_673' title='bbox 2298 4016 2344 4057; x_wconf 87' lang='lat' dir='ltr'><strong>et</strong></span> <span class='ocrx_word' id='word_1_674' title='bbox 2373 4003 2661 4073; x_wconf 85' lang='lat' dir='ltr'><strong>spirituali,</strong></span> <span class='ocrx_word' id='word_1_675' title='bbox 2693 4018 2813 4054; x_wconf 89' lang='lat' dir='ltr'><strong>cum</strong></span> <span class='ocrx_word' id='word_1_676' title='bbox 2842 4000 2910 4053; x_wconf 88' lang='lat' dir='ltr'><strong>ad</strong></span> <span class='ocrx_word' id='word_1_677' title='bbox 2950 4002 3086 4069; x_wconf 73' lang='lat' dir='ltr'><strong>ipsos</strong></span> <span class='ocrx_word' id='word_1_678' title='bbox 3120 4001 3319 4068; x_wconf 69' lang='lat' dir='ltr'><strong>pr‘mos</strong></span> 
     </span>
    </p>
   </div>
   <div class='ocr_carea' id='block_1_102' title="bbox 1755 4092 3319 4167">
    <p class='ocr_par' dir='ltr' id='par_1_102' title="bbox 1755 4092 3319 4167">
     <span class='ocr_line' id='line_1_103' title="bbox 1755 4092 3319 4167; baseline -0.005 -14"><span class='ocrx_word' id='word_1_679' title='bbox 1755 4097 1995 4153; x_wconf 86' lang='lat' dir='ltr'><strong>Christus</strong></span> <span class='ocrx_word' id='word_1_680' title='bbox 2032 4097 2121 4152; x_wconf 88' lang='lat' dir='ltr'><strong>Dei</strong></span> <span class='ocrx_word' id='word_1_681' title='bbox 2145 4099 2503 4167; x_wconf 79' lang='lat' dir='ltr'><strong>peregrinatus</strong></span> <span class='ocrx_word' id='word_1_682' title='bbox 2536 4104 2633 4157; x_wconf 88' lang='lat' dir='ltr'><strong>est,</strong></span> <span class='ocrx_word' id='word_1_683' title='bbox 2672 4105 2824 4163; x_wconf 87' lang='lat' dir='ltr'><strong>atque</strong></span> <span class='ocrx_word' id='word_1_684' title='bbox 2870 4094 2922 4146; x_wconf 90' lang='lat' dir='ltr'><strong>in</strong></span> <span class='ocrx_word' id='word_1_685' title='bbox 2970 4092 3142 4145; x_wconf 84' lang='lat' dir='ltr'><strong>cibum</strong></span> <span class='ocrx_word' id='word_1_686' title='bbox 3185 4093 3319 4157; x_wconf 82' lang='lat' dir='ltr'><strong>ipsis</strong></span> 
     </span>
    </p>
   </div>
   <div class='ocr_carea' id='block_1_103' title="bbox 1756 4182 3316 4260">
    <p class='ocr_par' dir='ltr' id='par_1_103' title="bbox 1756 4182 3316 4260">
     <span class='ocr_line' id='line_1_104' title="bbox 1756 4182 3316 4260; baseline -0.007 -15"><span class='ocrx_word' id='word_1_687' title='bbox 1756 4191 2007 4247; x_wconf 64' lang='lat' dir='ltr'><strong>celestem</strong></span> <span class='ocrx_word' id='word_1_688' title='bbox 2052 4206 2258 4260; x_wconf 87' lang='lat' dir='ltr'><strong>panem,</strong></span> <span class='ocrx_word' id='word_1_689' title='bbox 2286 4191 2395 4254; x_wconf 84' lang='lat' dir='ltr'><strong>ipse</strong></span> <span class='ocrx_word' id='word_1_690' title='bbox 2444 4183 3001 4253; x_wconf 18' lang='lat' dir='ltr'><strong>semetipsum,idedit.</strong></span> <span class='ocrx_word' id='word_1_691' title='bbox 3052 4184 3131 4237; x_wconf 86' lang='lat' dir='ltr'><strong>Ad</strong></span> <span class='ocrx_word' id='word_1_692' title='bbox 3172 4182 3316 4252; x_wconf 87' lang='lat' dir='ltr'><strong>psal-</strong></span> 
     </span>
    </p>
   </div>
   <div class='ocr_carea' id='block_1_104' title="bbox 1756 4272 3317 4345">
    <p class='ocr_par' dir='ltr' id='par_1_104' title="bbox 1756 4272 3317 4345">
     <span class='ocr_line' id='line_1_105' title="bbox 1756 4272 3317 4345; baseline -0.007 -8"><span class='ocrx_word' id='word_1_693' title='bbox 1756 4297 1905 4337; x_wconf 89' lang='lat' dir='ltr'><strong>mum</strong></span> <span class='ocrx_word' id='word_1_694' title='bbox 1940 4297 2068 4337; x_wconf 87' lang='lat' dir='ltr'><strong>vero</strong></span> <span class='ocrx_word' id='word_1_695' title='bbox 2110 4296 2293 4343; x_wconf 77' lang='lat' dir='ltr'><strong>xxxvi,</strong></span> <span class='ocrx_word' id='word_1_696' title='bbox 2321 4280 2431 4334; x_wconf 67' lang='lat' dir='ltr'><strong>lucc</strong></span> <span class='ocrx_word' id='word_1_697' title='bbox 2476 4278 2638 4331; x_wconf 88' lang='lat' dir='ltr'><strong>habet</strong></span> <span class='ocrx_word' id='word_1_698' title='bbox 2674 4294 2687 4330; x_wconf 92' lang='lat'>:</span> <span class='ocrx_word' id='word_1_699' title='bbox 2726 4276 3087 4345; x_wconf 76' lang='grc' dir='ltr'>Κατατρυφᾷν</span> <span class='ocrx_word' id='word_1_700' title='bbox 3124 4273 3181 4325; x_wconf 70' lang='grc' dir='ltr'><strong>δὲ</strong></span> <span class='ocrx_word' id='word_1_701' title='bbox 3221 4272 3317 4327; x_wconf 67' lang='grc' dir='ltr'><strong>τοῦ</strong></span> 
     </span>
    </p>
   </div>
   <div class='ocr_carea' id='block_1_105' title="bbox 1742 4360 3318 4440">
    <p class='ocr_par' dir='ltr' id='par_1_105' title="bbox 1742 4360 3318 4440">
     <span class='ocr_line' id='line_1_106' title="bbox 1742 4360 3318 4440; baseline -0.006 -17"><span class='ocrx_word' id='word_1_702' title='bbox 1742 4369 1958 4440; x_wconf 83' lang='grc' dir='ltr'>Κυρίου</span> <span class='ocrx_word' id='word_1_703' title='bbox 1971 4370 2251 4440; x_wconf 82' lang='grc' dir='ltr'><strong>δυνήσεται</strong></span> <span class='ocrx_word' id='word_1_704' title='bbox 2269 4366 2299 4416; x_wconf 85' lang='grc' dir='ltr'>ὁ</span> <span class='ocrx_word' id='word_1_705' title='bbox 2315 4366 2414 4436; x_wconf 79' lang='grc' dir='ltr'><strong>τῆς</strong></span> <span class='ocrx_word' id='word_1_706' title='bbox 2432 4364 2607 4433; x_wconf 71' lang='grc' dir='ltr'>ψυχῆς</span> <span class='ocrx_word' id='word_1_707' title='bbox 2636 4362 2706 4414; x_wconf 80' lang='grc' dir='ltr'><strong>τὰ</strong></span> <span class='ocrx_word' id='word_1_708' title='bbox 2736 4362 3058 4432; x_wconf 78' lang='grc' dir='ltr'><strong>αἰσθητήρια</strong></span> <span class='ocrx_word' id='word_1_709' title='bbox 3084 4360 3318 4415; x_wconf 79' lang='grc' dir='ltr'><strong>κεκαθα-</strong></span> 
     </span>
    </p>
   </div>
   <div class='ocr_carea' id='block_1_106' title="bbox 1763 4449 3319 4530">
    <p class='ocr_par' dir='ltr' id='par_1_106' title="bbox 1763 4449 3319 4530">
     <span class='ocr_line' id='line_1_107' title="bbox 1763 4449 3319 4530; baseline -0.004 -18"><span class='ocrx_word' id='word_1_710' title='bbox 1763 4459 2039 4530; x_wconf 78' lang='grc' dir='ltr'>ρισμένος,</span> <span class='ocrx_word' id='word_1_711' title='bbox 2073 4459 2148 4521; x_wconf 81' lang='grc' dir='ltr'><strong>ὡς</strong></span> <span class='ocrx_word' id='word_1_712' title='bbox 2179 4456 2432 4511; x_wconf 78' lang='grc' dir='ltr'>δύνασθαι</span> <span class='ocrx_word' id='word_1_713' title='bbox 2480 4453 2679 4505; x_wconf 76' lang='grc' dir='ltr'><strong>ἐσθίειν</strong></span> <span class='ocrx_word' id='word_1_714' title='bbox 2706 4452 2795 4503; x_wconf 81' lang='grc' dir='ltr'><strong>τὸν</strong></span> <span class='ocrx_word' id='word_1_715' title='bbox 2820 4449 2995 4515; x_wconf 83' lang='grc' dir='ltr'><strong>ζῶντα</strong></span> <span class='ocrx_word' id='word_1_716' title='bbox 3030 4452 3191 4524; x_wconf 76' lang='grc' dir='ltr'>ἄρτον</span> <span class='ocrx_word' id='word_1_717' title='bbox 3222 4454 3319 4506; x_wconf 73' lang='grc' dir='ltr'><strong>καὶ</strong></span> 
     </span>
    </p>
   </div>
   <div class='ocr_carea' id='block_1_107' title="bbox 1760 4543 3319 4616">
    <p class='ocr_par' dir='ltr' id='par_1_107' title="bbox 1760 4543 3319 4616">
     <span class='ocr_line' id='line_1_108' title="bbox 1760 4543 3319 4616; baseline -0.001 -16"><span class='ocrx_word' id='word_1_718' title='bbox 1760 4551 1855 4613; x_wconf 77' lang='grc' dir='ltr'><strong>τὰς</strong></span> <span class='ocrx_word' id='word_1_719' title='bbox 1887 4549 2177 4613; x_wconf 79' lang='grc' dir='ltr'><strong>ζωοποιοὺς</strong></span> <span class='ocrx_word' id='word_1_720' title='bbox 2208 4546 2369 4600; x_wconf 74' lang='grc' dir='ltr'><strong>αὑτοῦ</strong></span> <span class='ocrx_word' id='word_1_721' title='bbox 2402 4544 2631 4613; x_wconf 55' lang='lat' dir='ltr'><strong>adfixa”</strong></span> <span class='ocrx_word' id='word_1_722' title='bbox 2666 4545 2837 4597; x_wconf 67' lang='grc' dir='ltr'>π’νειν</span> <span class='ocrx_word' id='word_1_723' title='bbox 2867 4560 2934 4596; x_wconf 70' lang='lat'><strong>4:3</strong></span> <span class='ocrx_word' id='word_1_724' title='bbox 2976 4543 3025 4596; x_wconf 58' lang='grc' dir='ltr'><strong>πὸ</strong></span> <span class='ocrx_word' id='word_1_725' title='bbox 3052 4546 3319 4616; x_wconf 71' lang='grc' dir='ltr'><strong>σωτήριον</strong></span> 
     </span>
    </p>
   </div>
   <div class='ocr_carea' id='block_1_108' title="bbox 1759 4634 3311 4711">
    <p class='ocr_par' dir='ltr' id='par_1_108' title="bbox 1759 4634 3311 4711">
     <span class='ocr_line' id='line_1_109' title="bbox 1759 4634 3311 4711; baseline -0.005 -17"><span class='ocrx_word' id='word_1_726' title='bbox 1759 4641 1921 4694; x_wconf 84' lang='grc' dir='ltr'>αὐτοῦ</span> <span class='ocrx_word' id='word_1_727' title='bbox 1970 4635 2124 4711; x_wconf 75' lang='grc' dir='ltr'>αἷμα.</span> <span class='ocrx_word' id='word_1_728' title='bbox 2177 4638 2398 4698; x_wconf 74' lang='grc' dir='ltr'><strong>Τούτοις</strong></span> <span class='ocrx_word' id='word_1_729' title='bbox 2436 4635 2770 4706; x_wconf 75' lang='grc' dir='ltr'><strong>τρεφόμενος</strong></span> <span class='ocrx_word' id='word_1_730' title='bbox 2815 4634 2908 4688; x_wconf 76' lang='grc' dir='ltr'><strong>καὶ</strong></span> <span class='ocrx_word' id='word_1_731' title='bbox 2950 4653 2969 4683; x_wconf 69' lang='grc' dir='ltr'><strong>ιι</strong></span> <span class='ocrx_word' id='word_1_732' title='bbox 2998 4635 3311 4705; x_wconf 50' lang='grc' dir='ltr'><strong>ξαινόμενος.</strong></span> 
     </span>
    </p>
   </div>
   <div class='ocr_carea' id='block_1_109' title="bbox 1756 4721 3322 4803">
    <p class='ocr_par' dir='ltr' id='par_1_109' title="bbox 1756 4721 3322 4803">
     <span class='ocr_line' id='line_1_110' title="bbox 1756 4721 3322 4803; baseline -0.007 -18"><span class='ocrx_word' id='word_1_733' title='bbox 1756 4735 1855 4803; x_wconf 76' lang='grc' dir='ltr'><strong>τῆς</strong></span> <span class='ocrx_word' id='word_1_734' title='bbox 1906 4731 2086 4785; x_wconf 76' lang='grc' dir='ltr'>ἐνθέου</span> <span class='ocrx_word' id='word_1_735' title='bbox 2142 4727 2309 4799; x_wconf 82' lang='grc' dir='ltr'>μέθης</span> <span class='ocrx_word' id='word_1_736' title='bbox 2356 4723 2661 4797; x_wconf 63' lang='grc' dir='ltr'>ἀπολαύων,</span> <span class='ocrx_word' id='word_1_737' title='bbox 2701 4724 3163 4791; x_wconf 50' lang='grc' dir='ltr'><strong>κατατρύγιει-ον</strong></span> <span class='ocrx_word' id='word_1_738' title='bbox 3211 4721 3322 4775; x_wconf 78' lang='grc' dir='ltr'><strong>τοῦ</strong></span> 
     </span>
    </p>
   </div>
   <div class='ocr_carea' id='block_1_110' title="bbox 1758 4808 3306 4891">
    <p class='ocr_par' dir='ltr' id='par_1_110' title="bbox 1758 4808 3306 4891">
     <span class='ocr_line' id='line_1_111' title="bbox 1758 4808 3306 4891; baseline -0.011 -13"><span class='ocrx_word' id='word_1_739' title='bbox 1758 4824 1994 4891; x_wconf 53' lang='grc' dir='ltr'>Κνιιοίου,</span> <span class='ocrx_word' id='word_1_740' title='bbox 2027 4820 2079 4874; x_wconf 91' lang='lat' dir='ltr'><strong>id</strong></span> <span class='ocrx_word' id='word_1_741' title='bbox 2126 4826 2211 4873; x_wconf 92' lang='lat' dir='ltr'><strong>est</strong></span> <span class='ocrx_word' id='word_1_742' title='bbox 2238 4838 2251 4872; x_wconf 88' lang='lat'><strong>:</strong></span> <span class='ocrx_word' id='word_1_743' title='bbox 2282 4808 2542 4870; x_wconf 84' lang='lat' dir='ltr'><strong>Delectari</strong></span> <span class='ocrx_word' id='word_1_744' title='bbox 2576 4825 2748 4870; x_wconf 87' lang='lat' dir='ltr'><strong>autem</strong></span> <span class='ocrx_word' id='word_1_745' title='bbox 2776 4815 2830 4867; x_wconf 88' lang='lat' dir='ltr'><strong>in</strong></span> <span class='ocrx_word' id='word_1_746' title='bbox 2861 4813 3081 4867; x_wconf 85' lang='lat' dir='ltr'><strong>Domino</strong></span> <span class='ocrx_word' id='word_1_747' title='bbox 3105 4813 3306 4866; x_wconf 77' lang='lat' dir='ltr'><strong>ualebit.</strong></span> 
     </span>
    </p>
   </div>
   <div class='ocr_carea' id='block_1_111' title="bbox 1757 4904 3311 4986">
    <p class='ocr_par' dir='ltr' id='par_1_111' title="bbox 1757 4904 3311 4986">
     <span class='ocr_line' id='line_1_112' title="bbox 1757 4904 3311 4986; baseline -0.009 -17"><span class='ocrx_word' id='word_1_748' title='bbox 1757 4918 1990 4986; x_wconf 84' lang='lat' dir='ltr'><strong>quisquis</strong></span> <span class='ocrx_word' id='word_1_749' title='bbox 2022 4912 2213 4966; x_wconf 77' lang='lat' dir='ltr'><strong>anima:</strong></span> <span class='ocrx_word' id='word_1_750' title='bbox 2237 4908 2471 4966; x_wconf 86' lang='lat' dir='ltr'><strong>sensibus</strong></span> <span class='ocrx_word' id='word_1_751' title='bbox 2498 4909 2643 4976; x_wconf 81' lang='lat' dir='ltr'><strong>puris</strong></span> <span class='ocrx_word' id='word_1_752' title='bbox 2672 4905 3007 4975; x_wconf 84' lang='lat' dir='ltr'><strong>purgatisque</strong></span> <span class='ocrx_word' id='word_1_753' title='bbox 3031 4905 3207 4972; x_wconf 60' lang='lat' dir='ltr'><strong>fuerit,</strong></span> <span class='ocrx_word' id='word_1_754' title='bbox 3235 4904 3311 4955; x_wconf 85' lang='lat' dir='ltr'><strong>ita</strong></span> 
     </span>
    </p>
   </div>
   <div class='ocr_carea' id='block_1_112' title="bbox 1759 4988 3311 5075">
    <p class='ocr_par' dir='ltr' id='par_1_112' title="bbox 1759 4988 3311 5075">
     <span class='ocr_line' id='line_1_113' title="bbox 1759 4988 3311 5075; baseline -0.011 -14"><span class='ocrx_word' id='word_1_755' title='bbox 1759 5018 1815 5061; x_wconf 89' lang='lat' dir='ltr'><strong>ut</strong></span> <span class='ocrx_word' id='word_1_756' title='bbox 1838 5022 2021 5075; x_wconf 88' lang='lat' dir='ltr'><strong>panem</strong></span> <span class='ocrx_word' id='word_1_757' title='bbox 2053 5006 2219 5059; x_wconf 80' lang='lat' dir='ltr'><strong>vivum</strong></span> <span class='ocrx_word' id='word_1_758' title='bbox 2246 5013 2293 5057; x_wconf 87' lang='lat' dir='ltr'><strong>et</strong></span> <span class='ocrx_word' id='word_1_759' title='bbox 2332 4999 2765 5070; x_wconf 60' lang='lat' dir='ltr'><strong>uiui/icas&#39;carues</strong></span> <span class='ocrx_word' id='word_1_760' title='bbox 2796 4988 2911 5065; x_wconf 87' lang='lat' dir='ltr'><strong>ejus</strong></span> <span class='ocrx_word' id='word_1_761' title='bbox 2942 4997 3088 5050; x_wconf 85' lang='lat' dir='ltr'><strong>edere</strong></span> <span class='ocrx_word' id='word_1_762' title='bbox 3126 5014 3175 5064; x_wconf 60' lang='grc' dir='ltr'><strong>ττι</strong></span> <span class='ocrx_word' id='word_1_763' title='bbox 3196 5013 3277 5046; x_wconf 56' lang='grc' dir='ltr'>δηιι</span> <span class='ocrx_word' id='word_1_764' title='bbox 3297 5038 3311 5055; x_wconf 86' lang='grc'><strong>,</strong></span> 
     </span>
    </p>
   </div>
   <div class='ocr_carea' id='block_1_113' title="bbox 1759 5088 3315 5162">
    <p class='ocr_par' dir='ltr' id='par_1_113' title="bbox 1759 5088 3315 5162">
     <span class='ocr_line' id='line_1_114' title="bbox 1759 5088 3315 5162; baseline -0.008 -9"><span class='ocrx_word' id='word_1_765' title='bbox 1759 5116 1822 5153; x_wconf 88' lang='lat' dir='ltr'><strong>ac</strong></span> <span class='ocrx_word' id='word_1_766' title='bbox 1864 5096 2149 5151; x_wconf 88' lang='lat' dir='ltr'><strong>salutarem</strong></span> <span class='ocrx_word' id='word_1_767' title='bbox 2182 5100 2296 5162; x_wconf 82' lang='lat' dir='ltr'><strong>eius</strong></span> <span class='ocrx_word' id='word_1_768' title='bbox 2335 5092 2503 5146; x_wconf 89' lang='lat' dir='ltr'><strong>bibere</strong></span> <span class='ocrx_word' id='word_1_769' title='bbox 2547 5089 2869 5157; x_wconf 85' lang='lat' dir='ltr'><strong>sanguinem.</strong></span> <span class='ocrx_word' id='word_1_770' title='bbox 2924 5088 3022 5141; x_wconf 81' lang='lat' dir='ltr'><strong>llis</strong></span> <span class='ocrx_word' id='word_1_771' title='bbox 3054 5104 3131 5139; x_wconf 60' lang='lat' dir='ltr'><strong>en‘</strong></span> <span class='ocrx_word' id='word_1_772' title='bbox 3164 5090 3315 5141; x_wconf 72' lang='lat' dir='ltr'><strong>&#39;ritns</strong></span> 
     </span>
    </p>
   </div>
   <div class='ocr_carea' id='block_1_114' title="bbox 1758 5179 3317 5259">
    <p class='ocr_par' dir='ltr' id='par_1_114' title="bbox 1758 5179 3317 5259">
     <span class='ocr_line' id='line_1_115' title="bbox 1758 5179 3317 5259; baseline -0.008 -12"><span class='ocrx_word' id='word_1_773' title='bbox 1758 5203 1806 5247; x_wconf 90' lang='lat' dir='ltr'><strong>et</strong></span> <span class='ocrx_word' id='word_1_774' title='bbox 1835 5191 2207 5258; x_wconf 76' lang='lat' dir='ltr'><strong>impinguatus,</strong></span> <span class='ocrx_word' id='word_1_775' title='bbox 2234 5190 2408 5244; x_wconf 84' lang='lat' dir='ltr'><strong>divina</strong></span> <span class='ocrx_word' id='word_1_776' title='bbox 2441 5190 2618 5259; x_wconf 75' lang='lat' dir='ltr'><strong>fruens</strong></span> <span class='ocrx_word' id='word_1_777' title='bbox 2634 5187 2899 5247; x_wconf 83' lang='lat' dir='ltr'><strong>ebrietate,</strong></span> <span class='ocrx_word' id='word_1_778' title='bbox 2932 5202 2950 5234; x_wconf 70' lang='grc' dir='ltr'><strong>ι</strong></span> <span class='ocrx_word' id='word_1_779' title='bbox 2978 5181 3232 5235; x_wconf 81' lang='lat' dir='ltr'><strong>delectare</strong></span> <span class='ocrx_word' id='word_1_780' title='bbox 3256 5179 3317 5245; x_wconf 55' lang='lat' dir='ltr'><strong>in</strong></span> 
     </span>
    </p>
   </div>
   <div class='ocr_carea' id='block_1_115' title="bbox 1760 5282 2941 5337">
    <p class='ocr_par' dir='ltr' id='par_1_115' title="bbox 1760 5282 2941 5337">
     <span class='ocr_line' id='line_1_116' title="bbox 1760 5282 2941 5337; baseline -0.007 0"><span class='ocrx_word' id='word_1_781' title='bbox 1760 5282 2001 5337; x_wconf 87' lang='lat' dir='ltr'><strong>Domino.</strong></span> <span class='ocrx_word' id='word_1_782' title='bbox 2042 5302 2060 5335; x_wconf 75' lang='grc' dir='ltr'><strong>ι</strong></span> <span class='ocrx_word' id='word_1_783' title='bbox 2936 5292 2941 5297; x_wconf 75' lang='grc'><strong>’</strong></span> 
     </span>
    </p>
   </div>
   <div class='ocr_carea' id='block_1_116' title="bbox 2061 5383 3007 5454">
    <p class='ocr_par' dir='ltr' id='par_1_116' title="bbox 2061 5383 3007 5454">
     <span class='ocr_line' id='line_1_117' title="bbox 2061 5383 3007 5454; baseline -0.014 -9"><span class='ocrx_word' id='word_1_784' title='bbox 2061 5392 2144 5443; x_wconf 76' lang='grc' dir='ltr'><strong>Ν.</strong></span> <span class='ocrx_word' id='word_1_785' title='bbox 2171 5394 2298 5454; x_wconf 85' lang='lat' dir='ltr'><strong>Quid</strong></span> <span class='ocrx_word' id='word_1_786' title='bbox 2320 5394 2383 5447; x_wconf 86' lang='lat' dir='ltr'><strong>de</strong></span> <span class='ocrx_word' id='word_1_787' title='bbox 2406 5392 2564 5442; x_wconf 84' lang='lat' dir='ltr'><strong>libero</strong></span> <span class='ocrx_word' id='word_1_788' title='bbox 2588 5390 2789 5441; x_wconf 82' lang='lat' dir='ltr'><strong>arbitrio</strong></span> <span class='ocrx_word' id='word_1_789' title='bbox 2809 5383 3007 5437; x_wconf 85' lang='lat' dir='ltr'><strong>sentiat.</strong></span> 
     </span>
    </p>
   </div>
   <div class='ocr_carea' id='block_1_117' title="bbox 1830 5482 3315 5558">
    <p class='ocr_par' dir='ltr' id='par_1_117' title="bbox 1830 5482 3315 5558">
     <span class='ocr_line' id='line_1_118' title="bbox 1830 5482 3315 5558; baseline -0.008 -9"><span class='ocrx_word' id='word_1_790' title='bbox 1830 5483 2083 5550; x_wconf 83' lang='lat' dir='ltr'><strong>Liberum</strong></span> <span class='ocrx_word' id='word_1_791' title='bbox 2103 5497 2387 5558; x_wconf 86' lang='lat' dir='ltr'><strong>arbitrium</strong></span> <span class='ocrx_word' id='word_1_792' title='bbox 2414 5495 2467 5549; x_wconf 92' lang='lat' dir='ltr'><strong>in</strong></span> <span class='ocrx_word' id='word_1_793' title='bbox 2490 5491 2709 5547; x_wconf 86' lang='lat' dir='ltr'><strong>homine</strong></span> <span class='ocrx_word' id='word_1_794' title='bbox 2728 5488 2795 5545; x_wconf 85' lang='lat' dir='ltr'><strong>ad</strong></span> <span class='ocrx_word' id='word_1_795' title='bbox 2820 5487 3021 5543; x_wconf 89' lang='lat' dir='ltr'><strong>bonum</strong></span> <span class='ocrx_word' id='word_1_796' title='bbox 3045 5482 3315 5537; x_wconf 71' lang='lat' dir='ltr'><strong>malumvo</strong></span> 
     </span>
    </p>
   </div>
   <div class='ocr_carea' id='block_1_118' title="bbox 1761 5578 3308 5659">
    <p class='ocr_par' dir='ltr' id='par_1_118' title="bbox 1761 5578 3308 5659">
     <span class='ocr_line' id='line_1_119' title="bbox 1761 5578 3308 5659; baseline -0.012 -15"><span class='ocrx_word' id='word_1_797' title='bbox 1761 5588 2101 5659; x_wconf 79' lang='lat' dir='ltr'><strong>deligendum</strong></span> <span class='ocrx_word' id='word_1_798' title='bbox 2151 5590 2231 5645; x_wconf 90' lang='lat' dir='ltr'><strong>sic</strong></span> <span class='ocrx_word' id='word_1_799' title='bbox 2279 5586 2513 5658; x_wconf 79' lang='lat' dir='ltr'><strong>explicat</strong></span> <span class='ocrx_word' id='word_1_800' title='bbox 2551 5585 2662 5649; x_wconf 88' lang='lat' dir='ltr'><strong>ille,</strong></span> <span class='ocrx_word' id='word_1_801' title='bbox 2698 5581 2762 5637; x_wconf 87' lang='lat' dir='ltr'><strong>ad</strong></span> <span class='ocrx_word' id='word_1_802' title='bbox 2815 5578 3261 5651; x_wconf 67' lang='lat' dir='ltr'><strong>psalmumnsv</strong></span> <span class='ocrx_word' id='word_1_803' title='bbox 3295 5592 3308 5625; x_wconf 85' lang='lat'><strong>:</strong></span> 
     </span>
    </p>
   </div>
   <div class='ocr_carea' id='block_1_119' title="bbox 1774 5666 3306 5745">
    <p class='ocr_par' dir='ltr' id='par_1_119' title="bbox 1774 5666 3306 5745">
     <span class='ocr_line' id='line_1_120' title="bbox 1774 5666 3306 5745; baseline -0.013 -9"><span class='ocrx_word' id='word_1_804' title='bbox 1774 5680 2125 5745; x_wconf 57' lang='lat' dir='ltr'><strong>’Axaltimwg</strong></span> <span class='ocrx_word' id='word_1_805' title='bbox 2149 5678 2204 5733; x_wconf 83' lang='grc' dir='ltr'>δὲ</span> <span class='ocrx_word' id='word_1_806' title='bbox 2227 5680 2256 5731; x_wconf 81' lang='grc' dir='ltr'>ὁ</span> <span class='ocrx_word' id='word_1_807' title='bbox 2282 5675 2514 5740; x_wconf 74' lang='grc' dir='ltr'><strong>τοιοῦτος</strong></span> <span class='ocrx_word' id='word_1_808' title='bbox 2545 5667 2798 5740; x_wconf 74' lang='grc' dir='ltr'><strong>ἐξέδωκεν</strong></span> <span class='ocrx_word' id='word_1_809' title='bbox 2828 5667 3017 5723; x_wconf 75' lang='grc' dir='ltr'>ἑαυτὸν</span> <span class='ocrx_word' id='word_1_810' title='bbox 3041 5666 3108 5738; x_wconf 77' lang='grc' dir='ltr'>τῇ</span> <span class='ocrx_word' id='word_1_811' title='bbox 3135 5666 3306 5745; x_wconf 68' lang='grc' dir='ltr'><strong>ἁμαρ-</strong></span> 
     </span>
    </p>
   </div>
   <div class='ocr_carea' id='block_1_120' title="bbox 1773 5744 3314 5843">
    <p class='ocr_par' dir='ltr' id='par_1_120' title="bbox 1773 5744 3314 5843">
     <span class='ocr_line' id='line_1_121' title="bbox 1773 5744 3314 5843; baseline -0.023 -4"><span class='ocrx_word' id='word_1_812' title='bbox 1773 5771 1868 5843; x_wconf 68' lang='grc' dir='ltr'><strong>τίᾳ»</strong></span> <span class='ocrx_word' id='word_1_813' title='bbox 1890 5770 1963 5834; x_wconf 81' lang='grc' dir='ltr'><strong>ὡς</strong></span> <span class='ocrx_word' id='word_1_814' title='bbox 1994 5769 2089 5823; x_wconf 68' lang='grc' dir='ltr'><strong>καὶ</strong></span> <span class='ocrx_word' id='word_1_815' title='bbox 2124 5767 2192 5823; x_wconf 82' lang='grc' dir='ltr'><strong>τὰ</strong></span> <span class='ocrx_word' id='word_1_816' title='bbox 2226 5768 2441 5839; x_wconf 76' lang='grc' dir='ltr'>ῥήματα</span> <span class='ocrx_word' id='word_1_817' title='bbox 2480 5764 2572 5819; x_wconf 76' lang='grc' dir='ltr'>τοῦ</span> <span class='ocrx_word' id='word_1_818' title='bbox 2606 5761 2863 5831; x_wconf 83' lang='grc' dir='ltr'><strong>στόματος</strong></span> <span class='ocrx_word' id='word_1_819' title='bbox 2889 5752 3051 5812; x_wconf 75' lang='grc' dir='ltr'><strong>αὐτοῦ</strong></span> <span class='ocrx_word' id='word_1_820' title='bbox 3082 5744 3314 5824; x_wconf 61' lang='grc' dir='ltr'>ἀνομίαν</span> 
     </span>
    </p>
   </div>
  </div>
