3956 6340
572 402 643 459 νδ
1236 397 1504 457 EUSEBII
1541 399 2016 477 CASSARIENSIS
2052 400 2204 473 ore,
2243 401 2424 459 mas
2449 403 2537 462 ιιι.
2575 430 2645 447 --
2681 404 3087 465 exeamus.
3726 384 3799 471 as

570 513 711 575 slva:
733 520 826 573 καὶ
851 517 1020 574 δόλον.
1056 518 1200 573 Πάνυ
1230 519 1292 578 δέ
1313 518 1483 574 ταῦτα
1515 519 1656 574 ἑκὼν
1701 519 1901 575 εἴλετο²
1934 521 2031 577 ατε
2070 520 2121 576 6i

2234 519 2358 574 dum
2379 521 2647 591 Aquilam,
2683 542 2702 574 ι
2738 524 2967 594 confisus
2991 539 3139 589 sum;
3174 543 3191 577 ι
3222 534 3314 579 aut
3340 534 3399 579 ut
3427 524 3801 599 Symmachus.

571 610 915 676 αὑτεξούσιος
932 608 1027 675 ὢν,
1052 613 1145 666 καὶ
1165 611 1460 683 δυνάμενος
1482 614 1580 685 μὲν
1599 614 1699 685 τὴν
1719 613 1928 691 ἀγαθὴν
1948 614 2137 686 μετελ-

572 704 684 756 θεῖν
712 700 851 766 ὀδδν,
994 702 1271 776 βουληθεὶς
1306 704 1381 777 ᾷὲ.
1414 704 1525 760 lloc
1560 716 1645 761 est
1675 705 1903 761 :Palam
1961 716 2135 761 autem

571 793 666 849 ille
693 811 746 849 se
772 805 983 864 peccato
1024 795 1245 862 dedidit,
1281 799 1359 851 ita
1392 808 1451 852 ut
1478 799 1633 854 verba
1661 800 1768 853 oris
1796 800 1909 868 ejus
1939 800 2135 869 iniqui-

574 896 657 965 tas
689 895 739 941 et
765 886 918 953 dolus
944 897 1136 943 essent.
1172 887 1298 943 licet:
1317 880 1491 944 autem
1522 891 1629 959 ipse
1661 884 1946 944 admodum
1979 890 2134 946 libere

569 964 744 1047 elegit,
776 988 957 1055 utpote.
988 964 1138 1034 liberi
1175 980 1404 1047 arbitrii,
1447 997 1601 1050 penes
1636 997 1788 1051 quem
1837 991 1950 1037 erat
1996 986 2132 1037 viam

572 1070 733 1125 αάίνιι
751 1069 939 1126 bonam
972 1088 995 1128 :
1024 1072 1161 1141 quod
1192 1073 1283 1128 ille
1325 1074 1518 1129 noluit.
1556 1075 1903 1141 Quamobrem
1935 1079 2131 1131 dictum

569 1169 671 1223 est,
713 1179 732 1212 ι
772 1159 963 1216 Noluit
1000 1163 1292 1233 intelligere
1322 1173 1379 1216 ut
1413 1163 1538 1219 bene
1570 1175 1741 1236 ageret
1775 1184 1793 1220 :
1824 1166 1912 1221 sed
1951 1169 2135 1239 iniqui-

576 1265 736 1309 tatem
779 1253 1064 1319 meditatus
1092 1265 1170 1309 est
1200 1256 1254 1309 in
1285 1256 1445 1310 cubili
1475 1273 1588 1312 suo.
1616 1248 1646 1309 is
1678 1257 1742 1314 Et
1770 1258 1835 1312 ad
1868 1257 2130 1330 psalmum

569 1361 682 1403 ινιι
711 1345 958 1416 εῗΕπειδὴ
983 1346 1092 1417 γὰρ
1121 1346 1333 1419 φύσεως
1355 1347 1643 1421 ἐλευθέρας
1677 1352 1769 1405 καὶ
1789 1351 2130 1416 αὐτεξουσὶου

570 1437 873 1508 γενόμενοι,
899 1436 1221 1510 διακριτικοί
1243 1454 1302 1491 τε
1321 1439 1413 1492 τοῦ
1441 1439 1606 1493 καλοῦ
1637 1432 1841 1496 καὶτοῦ
1868 1442 2127 1509 ἐναντίου,

570 1529 671 1601 τήν
700 1544 760 1582 τε
784 1529 863 1592 είς
883 1528 1117 1596 ἑκάτερα
1144 1529 1312 1601 ῥοπὴν
1345 1531 1442 1602 τὴν
1471 1532 1528 1584 ἐν
1558 1533 1766 1595 ἑαυτοῖς
1786 1534 2128 1609 κεκτημένοι,

571 1621 672 1675 οὐκ
701 1618 876 1691 ὀρθῶς
909 1622 1203 1693 ἐχρήσαντο
1230 1621 1309 1698 τῷ
1339 1624 1625 1697 κριτηρίῳ,
1674 1624 1792 1679 οὐδὲ
1838 1625 2130 1698 ἠγάπησαν

573 1712 671 1782 τὴν
693 1710 920 1776 εὐθεῖαν,
944 1711 1141 1783 καίπερ
1166 1696 1363 1776 εἰδότες
1390 1714 1578 1785 αὐτὴν,
1594 1714 1713 1767 οὐδ’
1731 1696 1908 1787 ἔργοις
1939 1716 2132 1789 μετῆλ-

531 1844 543 1859 ,
576 1796 667 1852 θον
702 1800 799 1870 τὴν
852 1799 1216 1871 δικαιοσύνην,
1270 1803 1337 1871 ἣν
1389 1802 1533 1870 λόγῳ
1556 1791 1701 1874 μόνιρ
1749 1805 1842 1858 καὶ
1898 1805 2131 1877 χείλεσιν

574 1888 981 1961 ἐπηγγέλλοντο,
997 1889 1077 1968 τῷ
1107 1888 1319 1961 παλαιῷ
1348 1890 1405 1945 δὲ
1426 1892 1546 1960 ὄφει
1573 1894 1946 1963 ὁμοιωθέντες,
1967 1899 2126 1954 ἀσπί-
2157 1880 2199 1935 Β

568 1979 657 2045 bo;
688 1981 877 2051 κωφῆς
908 1980 1121 2051 χείρους
1155 1982 1427 2050 ἐγένοντοο
1461 1983 1648 2039 τούτου
1689 1986 1845 2058 χάριν
1891 1990 2125 2043 ἐπακού-

571 2086 697 2127 cars
736 2071 857 2125 τίνα
900 2072 993 2125 καὶ
1038 2073 1234 2136 αὖτοὺς
1266 2076 1563 2145 περιμένει,
1615 2076 1666 2130 id
1711 2086 1794 2131 est
1824 2097 1840 2145 ε,
1864 2078 2124 2143 Quoniam

567 2161 707 2215 enim
748 2160 913 2214 libera
940 2170 991 2215 et
1022 2156 1107 2217 sui
1135 2164 1345 2218 arbitrii
1371 2174 1563 2219 natura
1612 2168 1842 2235 praediti,
1874 2172 1921 2222 vi
1963 2170 2125 2224 inter-

568 2254 812 2308 noscendi
861 2252 979 2308 boni
1025 2266 1075 2309 et
1108 2257 1358 2310 contrarii
1398 2258 1661 2321 instructi,
1697 2270 1850 2329 atque
1906 2260 2122 2316 liberam

568 2345 637 2399 ad
665 2346 964 2400 utrumlibet
990 2347 1382 2401 inclinationem
1408 2350 1570 2410 nacti,
1603 2364 1705 2403 non
1764 2358 1899 2405 recte
1915 2354 2121 2421 judicio

567 2451 663 2489 suo
713 2445 837 2490 sunt
886 2437 990 2497 usi,
1027 2450 1186 2502 neque
1228 2447 1423 2489 rectam
1468 2438 1626 2502 viam,
1661 2440 1762 2493 etsi
1790 2452 1966 2495 notam
1996 2445 2117 2509 sibi,

564 2525 879 2589 dilexerunt.
910 2543 1071 2598 neque
1103 2526 1342 2595 operibus
1368 2526 1638 2596 justitiam
1672 2529 1934 2596 adierunt,
1964 2551 2120 2604 quam

564 2616 733 2669 verbis
784 2613 1043 2669 duntaxat
1098 2626 1147 2669 et
1199 2615 1352 2670 labiis
1392 2627 1525 2671 sunt
1572 2620 1814 2687 professi,
1868 2626 2120 2694 veterique

521 2743 524 2746 .
565 2706 791 2773 serpenti
832 2706 1051 2770 similes,
1101 2708 1278 2770 aspide
1327 2708 1490 2764 surda
1540 2710 1821 2769 deteriores
1876 2732 2116 2782 evasere;

565 2796 682 2850 ideo
735 2812 870 2866 qua,
904 2798 1029 2867 ipsis
1072 2810 1315 2854 eventura
1357 2812 1479 2856 sunt
1524 2803 1720 2858 audite.
1754 2802 2014 2863 Similiter
2052 2809 2119 2864 de

566 2885 805 2943 Hebraeis
834 2904 1021 2958 agens,
1055 2891 1247 2958 psalmi
1282 2907 1464 2947 Lxxvn
1495 2895 1561 2948 ad
1593 2896 1738 2952 hunc
1779 2914 2016 2964 versum,
2048 2900 2116 2955 Et

562 2978 712 3033 obliti
742 2987 863 3033 sunt
890 2979 1276 3048 benefactorum
1303 2983 1434 3052 ejus,
1471 2985 1551 3037 ita
1576 2985 1815 3057 loquitur
1848 3008 1860 3043 :
1893 2988 2118 3047 Πάντων

563 3070 673 3142 γὰρ
701 3070 902 3126 τούτων
929 3069 1095 3142 λήθην
1121 3074 1491 3144 πεποιημένοι,
1513 3078 1620 3131 τῶν
1651 3080 1785 3153 πρὸς
1806 3083 1928 3144 τοὺς
1956 3082 2118 3136 πατέ-

568 3176 669 3232 ρας
710 3159 887 3214 αὐτῶν
942 3161 1403 3233 ἐπιδεδειγμὲνων,
1450 3166 1585 3220 ὅπλα
1631 3170 1827 3239 ἤραντο
1855 3172 1994 3225 κατὰ
2020 3172 2113 3227 τοῦ

562 3248 718 3315 Θεοῦ,
767 3250 826 3302 οὐ
853 3249 1215 3323 ’βουληθέντες
1260 3252 1336 3322 τῷ
1380 3254 1525 3326 νόμῳ
1555 3257 1716 3310 αὐτοῦ
1757 3260 2110 3332 πορεύεσθαι·

566 3339 743 3397 καίτοι
798 3341 882 3394 ἐπ’
917 3343 1110 3405 αὐτοὺς
1162 3344 1409 3413 κειμένου
1455 3346 1545 3400 τοῦ
1590 3347 1865 3414 δύνασθαι,
1900 3354 2116 3409 καὶτοῦ

568 3430 872 3501 βούλεσθαι,
904 3431 955 3487 id
976 3441 1058 3488 est
1096 3453 1109 3488 :
1142 3432 1281 3489 Nam
1312 3439 1540 3491 omnium
1570 3454 1747 3494 eorum
1792 3443 1961 3506 obliti,
2004 3461 2118 3515 qua:

562 3521 804 3593 patribus
855 3525 964 3578 suis
1015 3532 1219 3578 ostensa
1274 3535 1416 3590 sunt,
1450 3544 1600 3582 arma
1649 3531 1886 3585 tulerunt
1936 3540 2118 3591 contra

566 3612 756 3679 Deum,
798 3629 914 3668 cum
958 3613 1156 3669 nollent
1204 3617 1257 3670 in
1290 3618 1399 3685 lege
1433 3618 1546 3685 ejus
1596 3620 1886 3700 ambulare.
1910 3626 2117 3680 etiamsi

477 3710 499 3737 θ
563 3704 715 3772 penes
746 3703 886 3772 ipsos
915 3713 1046 3759 esset
1072 3714 1129 3757 ut
1153 3716 1359 3773 possent
1384 3715 1433 3760 et
1466 3708 1669 3763 vellent.

566 3792 623 3864 ν’.
648 3796 860 3865 Gratiam
882 3816 1225 3866 indidi-rentia
1257 3820 1646 3929 agcgtrumlibet,
1687 3812 1777 3872 seu
1816 3826 2113 3888 versatilem,

622 3976 714 4035 Ne
735 3978 869 4048 quis
899 3991 1025 4032 vero
1053 3980 1317 4056 Opinetur,
1340 3992 1529 4051 putare
1562 3983 1871 4051 Eusebium,
1903 4003 1968 4042 ex
1999 3990 2115 4044 solo

565 4069 719 4126 liberi
765 4069 997 4147 arbitrii
1031 4078 1179 4156 motu
1229 4073 1519 4138 hominem,
1557 4092 1655 4132 nec
1684 4078 1855 4147 gratia
1895 4080 2110 4146 fultum,

562 4163 763 4236 bonum
796 4162 1041 4234 perinde
1090 4172 1254 4234 atque
1285 4167 1480 4220 malum
1527 4169 1677 4245 adire
1740 4184 1929 4238 posse;
1989 4173 2113 4227 huic

564 4256 861 4333 suspicioni
893 4255 1134 4326 occurrit
1164 4257 1256 4312 ille
1298 4255 1385 4311 bis
1415 4252 1635 4313 verbis:
1663 4260 1802 4325 Quos
1831 4264 2113 4331 praseien-

562 4348 639 4402 tia
672 4364 771 4403 sua
801 4359 1109 4416 pravertens
1156 4346 1316 4411 Deus.
1343 4356 1615 4416 antequam
1679 4374 1704 4402 .ι
1745 4353 1907 4417 luerim
1934 4355 2122 4422 prodi-_

562 4448 696 4501 rent,
727 4440 855 4495 tales
888 4440 1096 4510 futuros
1134 4446 1249 4495 esse
1280 4451 1519 4505 noverat;
1557 4442 1646 4495 sed
1676 4452 1847 4496 tamen
1876 4447 2111 4512 permisit

563 4538 623 4581 ut
652 4539 1005 4593 nascerentur,
1034 4528 1207 4598 gratia
1232 4544 1330 4581 sua
1371 4531 1493 4597 ipsis
1523 4547 1720 4599 quoque
1766 4547 2025 4594 concessa,
2054 4542 2111 4587 ut
2140 4544 2186 4600 ι)

560 4619 741 4690 palam
763 4635 940 4673 eorum
968 4623 1287 4689 propositum
1313 4623 1474 4689 ﬁeret,
1489 4623 1584 4694 τὴν
1618 4625 1747 4695 παρ’
1767 4625 1928 4678 αὐτοῦ
1954 4628 2111 4697 χάριν

564 4711 657 4764 καὶ
711 4708 892 4772 αὐτοῖς
930 4708 1330 4782 δωρησάμενος,
1356 4714 1435 4775 εἰς
1466 4714 1525 4765 τὸ
1558 4718 1819 4786 φανεροὺς
1866 4717 2112 4785 γενέσθαι

562 4800 661 4871 τὴν
690 4799 1020 4872 προαίρεσιν.
1058 4802 1321 4871 Siquidem
1374 4812 1422 4857 et
1465 4804 1695 4858 ordinem
1720 4808 1983 4876 justorum
2030 4827 2115 4865 re-

562 4908 703 4947 ctam
753 4908 817 4946 ac
879 4893 1092 4946 minime
1113 4893 1368 4961 deﬂexam
1422 4894 1559 4947 viam
1609 4905 1789 4963 suapte
1829 4899 2091 4953 voluntate

513 5046 517 5055 Α
563 4987 817 5040 initurum
861 4994 1167 5053 pra-vertens
1209 4983 1346 5039 Deus
1398 4994 1631 5043 noverat.
1664 4985 1863 5043 Deinde
1907 4993 2113 5062 utrique

562 5074 735 5147 ordini
770 5074 991 5128 liberum
1041 5073 1247 5127 arbitrii
1298 5082 1492 5127 motum
1552 5074 1775 5140 dimisit,
1824 5082 2103 5136 concedens

560 5166 721 5219 utin
752 5165 922 5219 stadio
970 5180 1181 5219 cursum
1237 5168 1568 5235 conficerent.
1623 5167 1700 5221 Ac
1750 5184 1866 5222 cum
1901 5174 2113 5227 univer-

520 5272 648 5310 .sos
720 5255 1165 5310 naturasimiles
1244 5259 1616 5321 constituisset,
1700 5257 1960 5316 voluntate
2015 5277 2113 5315 sua

562 5366 808 5419 quemque
866 5349 1084 5403 meliora
1146 5346 1367 5417 deligere
1432 5351 1629 5417 pariter
1689 5353 1948 5419 permisit.
2010 5354 2105 5407 ltli

566 5456 704 5500 vero,
754 5446 932 5507 utpote
1103 5439 1187 5492 sui
1230 5438 1463 5508 ipsorum
1496 5440 1715 5504 domini,
1748 5444 1831 5495 sui
1855 5444 2016 5510 juris,
2051 5461 2112 5498 ac

568 5534 715 5585 liberi
750 5526 957 5602 quoad
1026 5540 1223 5585 motum
1283 5540 1486 5595 essent,
1544 5524 1803 5587 arbitratu
1850 5548 1961 5599 suo,
1997 5533 2109 5588 dis-

558 5622 728 5690 juncti
785 5629 927 5683 sunt,
963 5620 1084 5676 aliis
1115 5632 1329 5688 rectam,
1371 5623 1634 5695 obliquam
1663 5626 1784 5682 aliis
1834 5628 1971 5681 viam
2024 5644 2111 5680 co-

565 5712 881 5779 optantibus.
904 5712 1027 5769 Pari
1047 5717 1310 5772 sententia
1330 5715 1397 5771 de
1416 5713 1553 5770 Iuda
1569 5716 1795 5788 loquens
1815 5718 1928 5773 huic
1952 5718 2109 5772 habet

561 5807 628 5861 ad
653 5808 843 5877 psalm.
874 5822 941 5863 xx.
968 5804 1210 5862 :Sed.cin
1240 5822 1341 5863 auo
1362 5810 1623 5878 speravi,»
1673 5809 1781 5872 ait;
1814 5810 1887 5865 vel
1927 5827 2104 5865 secun-

2239 630 2258 663 ι
2306 613 2535 683 conﬁsus
2590 630 2736 684 eram
2779 631 2798 668 :
2851 634 2869 666 ι
2905 615 3324 686 quandoquidem
3375 617 3543 686 ipsum
3579 618 3811 687 paribus

2234 712 2387 772 atque
2409 713 2622 757 cateros
2655 702 2920 771 apostolos
2960 703 3113 760 donis
3167 705 3434 772 ao'ecerat.
3474 703 3825 777 ‘Conﬁdebatl

2233 803 2405 847 autem
2434 795 2481 847 ei
2512 793 2777 859 Salvator,
2806 802 2857 848 et
2902 793 3091 850 bonam
3128 795 3192 850 de
3232 798 3344 867 ipso
3374 812 3516 866 spem
3547 796 3827 864 habebat,'

2231 886 2354 955 quia
2374 886 2429 938 in
2452 902 2510 939 eo
2535 885 2759 940 liberum
2784 886 3063 940 arbitrium
3080 895 3233 942 esset.
3262 885 3439 957 Neque
3467 888 3601 941 enim
3619 884 3653 939 ,Ι
3659 885 3799 939 udas

2230 992 2295 1031 ex
2323 976 2626 1046 hujusmodi
2662 988 2857 1033 natura
2889 988 3026 1043 erat,
3058 994 3173 1048 qua:
3206 995 3309 1033 non
3352 988 3525 1049 posset
3565 978 3798 1033 salutem

2232 1070 2511 1139 consequi;
2542 1069 2630 1124 sed
2671 1078 2898 1138 poterat,
2932 1071 2980 1124 si
3003 1069 3215 1147 quidem
3241 1069 3504 1135 voluisset,
3530 1080 3587 1123 ut
3615 1078 3666 1124 et
3691 1084 3799 1121 cte-

2233 1159 2329 1212 teri
2354 1158 2598 1224 apostoli,
2628 1174 2658 1210 a
2677 1158 2819 1212 Filio
2853 1157 2950 1213 Dei
2981 1158 3199 1221 erudiri,
3224 1174 3285 1211 ac
3312 1157 3471 1213 bonus
3501 1158 3799 1228 probusque

2230 1249 2517 1318 discipulus
2549 1251 2694 1321 eﬂici.
2740 1249 2894 1306 Unde
2933 1250 3109 1321 palam
3138 1256 3221 1305 est
3246 1265 3369 1305 eum
3403 1251 3627 1320 gratiam
3666 1266 3799 1305 ver-

2231 1341 2464 1406 satilem,
2495 1343 2561 1396 ad
2596 1342 2933 1406 utrumlibet,
2968 1343 3083 1397 sive
3108 1342 3305 1396 bonum
3343 1342 3453 1397 sive
3481 1343 3679 1397 malum
3702 1342 3797 1397 in-

2229 1431 2584 1497 diﬂerentem,
2616 1433 2670 1486 in
2712 1433 2964 1487 omnibus
3003 1447 3231 1503 prorsus
3260 1431 3588 1497 hominibus,
3618 1430 3793 1489 etiam

2230 1524 2411 1595 impiis
2443 1532 2497 1579 et
2531 1526 2928 1596 peccatoribus,
2953 1525 3299 1581 constituisse

2366 1630 2451 1683 VI.
2495 1631 2559 1682 Et
2576 1630 3053 1695 pmdestlnationem
3074 1639 3183 1695 post
3204 1631 3406 1695 praevisa
3436 1633 3628 1682 merita.

2295 1732 2405 1790 Nec
2436 1734 2617 1790 minus
2639 1744 2824 1806 aperte
2858 1735 3536 1808 pnedestinationempost
3555 1736 3790 1807 praevisa

2228 1826 2421 1880 merita
2450 1825 2607 1881 docet
2641 1825 2706 1879 ad
2734 1828 2927 1896 psalm.
2961 1842 3070 1892 LVI,
3104 1827 3195 1882 ubi
3222 1827 3363 1881 hanc
3382 1816 3534 1881 Pauli
3562 1834 3791 1884 senten-

2240 1911 2367 1966 tiam
2387 1912 2679 1981 explicans,
2709 1912 2848 1967 Nam
2868 1933 2995 1985 quos
3016 1920 3296 1987 prascivit,
3321 1929 3370 1972 et
3390 1921 3787 1988 pradestinavit

2237 2000 2393 2073 (Rom
2403 2045 2416 2057 .
2435 2020 2525 2058 vm
2535 2045 2548 2069 ,
2562 2006 2674 2077 29),
2687 1991 2790 2061 etc.
2802 2046 2815 2069 ,
2832 2005 2907 2062 ait
2925 2025 2937 2059 :
2957 2000 3269 2083 Ὠσπερόὖν
3282 2011 3499 2077 τούτους
3510 2015 3785 2084 προγνοὺς

2236 2094 2523 2166 μέλλοντας
2551 2099 2773 2173 ἀγαπᾷν
2798 2099 2956 2152 αὐτὸν
2990 2100 3306 2173 ςπροώρισεν·
3325 2102 3496 2166 οὕτως
3527 2106 3621 2157 καὶ
3651 2106 3794 2171 τοὺς

2231 2186 2461 2249 ἀσεϐεῖς,
2485 2187 2666 2257 ἐπειδὴ
2682 2190 2925 2259 προέγνω
2943 2190 3229 2259 μέλλοντας
3244 2190 3415 2243 λαλεῖν
3437 2191 3793 2263 δικαιοσύνην

2219 2277 2305 2332 διὰ
2324 2278 2384 2360 τὸ
2405 2278 2687 2347 γινώσκειν
2707 2278 2891 2350 αὐτὴν,
2920 2280 2978 2333 οὐ
3012 2280 3115 2351 μὴν
3150 2281 3241 2333 καὶ
3270 2282 3381 2340 τοῖς
3409 2278 3587 2349 ἔργοις
3614 2276 3789 2349 αὐτὴν

2223 2370 2725 2444 μετελευσομένους,
2746 2371 2832 2423 διὰ
2860 2370 2921 2423 τὺ
2947 2373 3067 2435 ταῖς
3102 2372 3286 2443 χερσὶν
3314 2370 3520 2425 ἀδικίαν
3544 2385 3605 2421 συ
3615 2368 3789 2439 μπλέ-

2220 2476 2354 2523 κειν,
2388 2458 2577 2512 τούτου
2601 2460 2756 2530 χάριν
2798 2460 3230 2532 ἀπηλλοτρίωσεν
3272 2460 3380 2514 ἀπὸ
3421 2462 3651 2532 μήτρας,
3688 2461 3787 2514 καὶ

2220 2549 2275 2599 ἐν
2304 2546 2671 2618 πλανωμένοις
2689 2547 2781 2600 καὶ
2804 2546 3017 2601 λαλοῦσι
3055 2550 3219 2621 ψευδῆ
3256 2550 3384 2620 παρ’
3424 2549 3597 2620 ἐαυτῷ
3649 2565 3789 2602 κατ-

2216 2636 2486 2707 ηρίθμησε
2513 2638 2638 2709 πρὶν
2658 2638 2922 2707 γενέσθαι,
2952 2638 3290 2711 συνεχώρησέ
3320 2656 3403 2703 τε,
3420 2638 3571 2702 είδὼς
3586 2641 3786 2711 absab;

2216 2723 2481 2789 τοιούτους
2499 2726 2801 2797 ἐσομένους,
2831 2728 2910 2805 είς
2932 2729 3163 2799 φανερὸν
3179 2730 3369 2790 ἐλθεῖν,
3392 2730 3466 2794 ὡς
3495 2729 3559 2782 ἂν
3582 2730 3644 2782 τὸ
3668 2729 3786 2784 διὰ·

2217 2834 2381 2888 φορον
2405 2817 2513 2871 τῶν
2538 2817 2758 2873 δικαίων
2792 2821 2883 2873 καὶ
2913 2819 3174 2873 θεοσεϐῶν
3203 2820 3409 2892 ἀνδρῶν
3450 2822 3515 2874 ἐκ
3541 2821 3642 2893 τῆς
3666 2812 3781 2875 τῶν

2215 2908 2466 2979 χειρόνων
2505 2908 2853 2979 παραθέσεως
2884 2902 3270 2983 νδιαλάμψειεν.
3301 2912 3445 2975 Μιᾶς
3487 2913 3591 2983 γὰρ
3623 2912 3782 2976 ὅντες

2216 2998 2426 3067 φύσεως
2455 3002 2503 3052 oi
2537 3000 2753 3063 πάντες,
2787 3001 2837 3052 οί
2872 3001 2971 3070 μὲν
2999 3000 3214 3065 ἑκόντες
3245 3001 3457 3064 εἵλαντο
3488 3001 3558 3054 τὰ
3589 3001 3783 3074 κρείτ-

2212 3104 2309 3153 τω,
2328 3089 2378 3144 ol
2396 3089 2451 3143 δὲ
2466 3088 2562 3162 τὴν
2582 3090 2820 3143 ἐναντίαν
2847 3089 3101 3156 ὥδευσαν,
3119 3089 3441 3162 αὐτεξουσίῳ
3462 3092 3781 3163 προαιρέσει

2139 3220 2183 3280 c
2214 3182 2562 3252 χρησάμενοι.
2618 3180 2675 3235 ld
2704 3190 2784 3237 est
2813 3198 2827 3233 :
2864 3182 3311 3248 Quemadmodum
3345 3184 3504 3252 igitur
3535 3199 3653 3273 cum
3686 3200 3777 3240 eos

2218 3273 2580 3341 prazscivisset,
2604 3273 2691 3343 qui
2724 3275 2961 3351 amaturi
3002 3274 3171 3343 ipsum
3227 3284 3397 3339 erant,
3427 3278 3584 3330 etiam
3638 3269 3779 3344 prte-

2218 3362 2498 3417 destinavit
2545 3379 2664 3428 eos;
2709 3367 2784 3418 sic
2828 3374 2877 3418 et
2915 3366 3099 3433 impios
3131 3382 3247 3419 cum
3271 3367 3591 3436 pra'vidisset
3608 3360 3779 3439 justi-

2220 3455 2348 3508 tiam
2371 3453 2573 3526 quidem
2601 3455 2885 3520 locuturos,
2920 3466 3093 3524 utpote
3122 3458 3211 3525 qui
3238 3467 3443 3512 nossent
3466 3458 3616 3513 illam
3634 3501 3649 3525 ,
3684 3459 3778 3515 sed

2217 3545 2385 3614 ipsam
2414 3554 2583 3600 tamen
2624 3562 2725 3601 non
2758 3547 2997 3616 operibus
3037 3545 3274 3602 adituros
3309 3565 3439 3609 esse,
3481 3552 3601 3619 quia
3632 3550 3778 3619 inju-

2216 3638 2417 3691 stitiam
2464 3637 2705 3693 manibus
2745 3639 3111 3707 complicaturi
3153 3648 3332 3705 erant;
3376 3640 3488 3694 ideo
3524 3642 3775 3694 alienavit

2215 3743 2301 3782 eos
2336 3744 2368 3781 a
2395 3728 2565 3792 vulva,
2598 3737 2666 3792 et,
2694 3728 2771 3782 vel
2805 3740 3080 3798 antequam
3107 3728 3307 3797 ﬁerent,
3335 3730 3390 3781 in
3415 3732 3704 3784 errantium
3724 3742 3772 3785 et

2216 3817 2489 3872 mendacia
2535 3819 2853 3889 loquentium
2891 3835 3102 3872 numero
3147 3820 3283 3887 apud
3313 3836 3366 3873 se
3405 3824 3771 3888 computavit:

2215 3907 2544 3980 permisitq'ue
2575 3920 2765 3972 tamen,
2784 3912 2896 3969 .etsi
2955 3912 3082 3965 tales
3109 3912 3313 3980 futuros
3343 3929 3451 3966 esse
3484 3923 3679 3977 nosset,
3712 3922 3769 3968 ut

2214 4004 2390 4072 palam
2418 4004 2703 4072 prodirent,
2738 4021 2837 4074 quo
2869 4007 3178 4073 praestantia
3192 4006 3459 4073 justorum
3481 4014 3528 4061 et
3552 4007 3767 4077 religio-

2218 4112 2394 4149 sorum
2435 4096 2701 4151 hominum
2730 4114 2792 4152 ea:
2832 4100 3066 4167 pejorum
3109 4101 3494 4165 comparatione
3523 4098 3766 4155 eluceret.

2220 4185 2365 4241 Nam'
2400 4202 2515 4242 cum
2560 4204 2624 4242 ex
2657 4205 2761 4242 una
2796 4206 2969 4244 omnes
3020 4199 3212 4243 natura
3253 4182 3567 4253 constarent,
3608 4191 3769 4261 libero

2212 4281 2296 4333 usi
2344 4280 2582 4346 arbitrio,
2620 4281 2715 4334 alii
2772 4281 2978 4351 quidem
3029 4290 3207 4350 sponte
3258 4280 3443 4334 bonum
3483 4283 3766 4352 elegerunt,

2214 4370 2308 4422 alii
2332 4372 2653 4424 contrariam
2683 4371 2840 4424 iniere
2867 4372 3023 4425 viam.
3051 4370 3179 4435 Quae
3209 4372 3389 4425 omnia
3437 4373 3510 4426 ita
3551 4374 3768 4443 perspi-

2214 4474 2313 4515 cue
2340 4461 2712 4525 enuntiantur,
2740 4469 2797 4514 ut
2816 4459 3021 4530 mdipo
3054 4476 3161 4515 non
3188 4473 3396 4533 egeant.

2770 4646 2775 4653 ,
2815 4589 3041 4647 CAPUT
3083 4593 3168 4649 Vl.

2316 4718 2520 4758 EUSBBII
2576 4719 2641 4759 DE
2679 4718 2849 4758 VERBO
2886 4720 2952 4759 ET
2991 4720 3137 4759 FlLlO
3184 4718 3271 4758 DE!
3311 4719 3606 4760 εειιτιικτιι.

2214 4834 2264 4890 I.
2306 4834 2479 4891 Varii:
2512 4838 2651 4890 circa
2685 4835 2901 4891 Eusebii
2936 4836 2999 4890 de
3032 4835 3171 4889 Filio
3201 4835 3297 4890 Dei
3321 4834 3614 4905 doctrinam
3643 4840 3759 4905 opi-

2279 4907 2480 4961 niones.
2531 4904 2613 4961 II.
2659 4904 2912 4961 Eusebius
2957 4907 3105 4958 docet
3153 4908 3405 4957 raritatem
3455 4904 3761 4960 deitatis'in

2279 4992 2381 5029 uno
2427 4975 2585 5031 Patre
2630 4978 2849 5030 servari.
2896 4974 3012 5030 III.
3061 4973 3458 5043 Filiumrilonge
3506 4976 3760 5029 minorem

2281 5044 2459 5098 Patre.
2496 5044 2599 5098 IV.
2630 5045 2862 5099 Diversa:
2892 5045 3220 5099 substantiae.
3264 5042 3326 5096 V.
3361 5042 3626 5111 Interpres
3650 5044 3756 5098 La-

2282 5115 2419 5182 tinus
2457 5133 2474 5163 ι
2507 5114 2975 5169 Demonstrationis
3003 5112 3306 5182 evangelica:
3343 5131 3359 5162 ι
3390 5112 3451 5166 de
3491 5113 3756 5169 industria

2281 5180 2561 5237 Eusebium
2590 5184 2657 5236 ad
2696 5183 3004 5238 catholicam
3030 5180 3333 5235 sententiam
3365 5182 3599 5237 detorsit.
3657 5182 3751 5241 VI.

2279 5252 2533 5308 Eusebius
2568 5251 2699 5307 Filii
2727 5252 2971 5306 deitatem
3012 5253 3172 5305 aliam
3210 5253 3396 5311 statuit
3436 5270 3467 5305 a
3509 5264 3750 5317 paterna.

2288 5322 2417 5378 VII.
2470 5318 2697 5377 Grandis
2731 5322 3113 5390 paralogismus
3152 5321 3377 5375 Eusebii.
3424 5322 3585 5377 VIII.
3633 5322 3753 5376 Non

2277 5394 2509 5464 obscure_
2512 5393 2659 5464 docet
2691 5390 2886 5464 Eilium
2907 5408 3008 5443 non
3028 5408 3136 5464 esse
3160 5408 3277 5464 vere
3294 5390 3478 5464 Deum.
3510 5391 3612 5464 IX.
3639 5391 3753 5464 Quo

2279 5478 2430 5517 sensu
2462 5460 2662 5515 Filium
2704 5458 2864 5513 Deum
2893 5477 3003 5514 esse
3033 5458 3191 5514 dicat.
3228 5460 3297 5516 Χ.
3335 5461 3502 5526 Quam
3532 5458 3751 5515 adversa

2281 5533 2473 5585 rationi
2521 5539 2571 5585 et
2618 5531 2906 5591 priscorum
2966 5531 3188 5584 Patrum
3238 5533 3501 5585 sententiae
3551 5536 3747 5585 tradat.

2279 5600 2327 5654 Χ
2334 5601 2379 5655 1.
2410 5601 2540 5655 Cum
2573 5600 2782 5654 Arionis
2814 5600 2965 5668 plane
3004 5601 3274 5656 consentit.
3305 5597 3438 5653 XII.
3478 5599 3596 5664 Qua
3635 5616 3751 5653 sen-

2278 5670 2804 5741 tentiajqrbpouaizp,
2829 5672 2932 5725 sive
2955 5669 3406 5741 consubstantiali,
3429 5668 3749 5736 subscripse-

2276 5743 2362 5794 rit.
2406 5739 2723 5807 XIILQuo
2758 5739 2914 5794 sensu
2952 5741 3010 5807 ἐξ
3035 5742 3132 5793 οὐκ
3157 5740 3321 5791 ὄντων
3348 5747 3508 5807 neget,
3532 5748 3581 5790 et
3606 5743 3747 5805 geni.

2277 5822 2381 5864 tum
2428 5809 2621 5863 Filium
2651 5812 2816 5867 dicat.
2871 5808 2952 5864 XI
2969 5807 3025 5864 ν.
3057 5807 3253 5862 Filium
3288 5816 3440 5879 negat
3479 5819 3745 5863 veternum.
