3956 6340
179 421 242 482 29
929 419 1429 478 COMMENTARIA
1467 420 1531 475 IN
1574 419 1914 477 PSALMOS.
1956 449 2025 463 -—
2062 418 2582 477 PRELIMINARL-t
3309 416 3380 473 50

229 536 273 592 Χ
287 535 579 610 [jungam
594 537 849 610 doctrinm
867 535 1099 610 Eusebii.
1130 536 1180 592 Χ
1194 505 1460 610 νιᾱέςη
1487 532 1722 608 defendi!-
1751 501 2047 608 Aoccupat
2095 536 2383 604 Eusebius,
2431 538 2560 594 dum
2615 537 2714 591 ait.
2747 534 2823 589 ad
2863 535 3128 602 psalmum
3176 535 3381 606 Asaphi

212 605 368 662 lanx
379 606 778 665 Vll.Arianum
804 603 1024 678 probant
1039 619 1147 691 tam
1170 619 1315 681 gesta
1337 603 1494 680 quam
1506 603 1718 677 scripta.

179 717 195 769 l
235 719 379 771 Varla
395 719 525 769 circa
548 717 755 769 Eusebii
779 719 841 769 de
866 717 993 769 Filio
1016 719 1110 770 Dei
1143 717 1412 768 doctrinam
1445 720 1718 782 opiniones.

237 802 440 859 Iamdiu
471 804 617 858 inter
661 803 853 859 doctos
895 803 1253 873 disceptatum
1298 812 1402 868 est,
1429 821 1551 877 quae
1594 818 1722 860 vera

180 896 326 958 fuerit
346 895 563 952 Eusebii
599 896 954 955 Caesariensis
977 899 1045 953 de
1087 897 1225 954 Filio
1256 898 1350 954 Dei
1380 900 1596 970 opinio;
1631 901 1719 954 alii

174 991 308 1046 enim
344 989 614 1046 catholice
658 991 902 1046 sensisse
952 989 1271 1055 defendunt,
1300 1008 1401 1047 nec
1446 992 1721 1063 quidpiam

180 1081 373 1134 Arianae
401 1081 540 1136 labis
565 1082 623 1136 in
652 1083 875 1154 scriptis
917 1082 1038 1152 ejus
1072 1081 1402 1153 deprehendi
1448 1092 1717 1155 pugnant;

177 1172 252 1228 rel
277 1173 320 1227 si
355 1174 485 1244 quid
519 1174 979 1245 deprehendatur,
1006 1175 1061 1228 in
1093 1174 1161 1230 iis
1197 1185 1345 1232 certe
1373 1178 1593 1247 scriptis
1623 1177 1722 1232 ob-

176 1265 384 1329 servari,
409 1282 534 1337 qua
558 1277 685 1324 ante
707 1266 978 1324 Nicetium
1007 1267 1275 1338 synodum
1304 1269 1503 1337 edidit;
1538 1269 1592 1324 in
1625 1285 1721 1339 po-

176 1355 482 1414 sterioribus
529 1374 640 1415 non
685 1359 816 1414 item
855 1377 871 1413 :-
928 1359 1021 1412 alii
1066 1368 1260 1415 contra
1311 1361 1382 1416 ab
1426 1361 1719 1416 Arianismi

175 1454 370 1511 exortu,
404 1449 473 1504 ad
508 1449 716 1505 obitum
749 1464 931 1514 suum,
964 1450 1100 1507 adeo
1133 1452 1449 1510 manifestas
1479 1467 1600 1507 cum
1628 1467 1722 1522 ge-

177 1539 266 1594 stis
289 1547 398 1594 tum
424 1541 648 1610 scriptis
676 1541 791 1597 suis
816 1541 1035 1599 dedisse
1059 1542 1718 1599 contendunt'Arianismi

175 1642 336 1697 notas,
388 1633 870 1700 ut,incunctanter
912 1636 1054 1690 inter
1095 1634 1424 1690 Arianorum
1472 1635 1718 1706 primipi-

175 1723 303 1780 lares
315 1724 819 1780 connumerandum
846 1734 1122 1782 censeant.
1142 1725 1415 1794 Talemne,
1443 1725 1715 1796 inquiunt,

175 1815 452 1879 hominem,
487 1817 582 1886 qui
629 1833 843 1888 semper
886 1817 1144 1888 augendae
1177 1811 1446 1874 Arianicae
1484 1819 1565 1873 rei
1607 1825 1716 1873 tam

1821 631 2090 687 decimum
2121 647 2136 684 :
2171 631 2285 684 Ἰνα
2321 632 2520 702 μή-τις
2536 629 2696 685 αὑτὸν
2732 627 2884 698 ψιλὸν
2917 626 3172 682 ὑπολάϐοι
3214 627 3383 698 ἄνδρα

1823 724 1912 776 καὶ
1939 726 2050 788 τοῖς
2079 723 2290 786 πολλοῖς
2320 697 2521 792 dudm),
2551 697 2789 789 θεολογεῖ
2811 720 2973 773 αὐτὸν
3008 721 3065 772 ὲν
3104 721 3214 783 τοῖς
3245 697 3385 789 μετὰ

1820 820 2022 886 χεῖρας,
2051 815 2228 886 φήσας
2248 831 2261 845 ·
2304 815 2357 866 Ὁ
2393 813 2536 878 Θεὸς
2575 813 2723 879 ἔστη
2751 811 2819 863 ἐν
2863 808 3182 880 συναγωγῇ
3211 807 3383 863 θεῶν.

1821 906 1930 959 Καὶ
1964 905 2106 966 ὅπως
2142 903 2215 974 μὴ
2245 901 2539 974 ταραχθείη
2569 918 2655 964 τις
2693 901 2770 964 εις
2807 898 2899 954 τὸν
2929 899 3057 971 περὶ
3087 898 3386 971 μοναρχίας

1821 980 1998 1068 λόγον,
2023 997 2150 1068 Saos
2195 997 2404 1050 ἀκούων
2434 995 2523 1048 τὸν
2564 989 2797 1064 Χριὰτδν
2834 991 2928 1046 τοῦ
2959 990 3115 1055 Θεοῦ,
3159 992 3385 1055 εἰκότως

1821 1091 1913 1143 καὶ
1943 1083 2192 1152 πλείονας
2215 1089 2368 1151 θεοὺς
2395 1086 2644 1156 ὀνομάζει
2669 1087 2793 1148 τοὺς
2811 1085 2907 1138 ιδιά
2932 1081 3044 1138 τῶν
3070 1084 3197 1155 ἐεῆς
3251 1099 3384 1138 κατ-

1820 1182 2240 1253 ηγορουμένους,
2297 1180 2571 1250 μονονουχὶ
2605 1177 3106 1248 παρακελευόμενος
3157 1175 3231 1247 μὴ
3274 1176 3385 1228 ἀπ-

1818 1278 1997 1330 οκνεῖν
2022 1262 2225 1328 καὶτὸν
2259 1275 2387 1326 Υῑὸν
2415 1273 2507 1326 τοῦ
2533 1272 2666 1326 Θεοῦ
2690 1270 2822 1324 Θεὸν
2845 1268 3159 1324 ἀποκαλεῖν.
3188 1269 3252 1321 Εἰ
3273 1266 3383 1339 γὰρ

1817 1369 1867 1420 ot
1897 1365 2298 1438 διαϐαλλόμενοι
2340 1365 2434 1419 τοῦ
2481 1364 2666 1440 ἔθνους
2697 1364 2954 1435 ἄρχοντες
2996 1359 3109 1414 Osci
3150 1357 3382 1430 ἠξιώθη-

1819 1475 1916 1511 σαν
1948 1457 2332 1528 ὀνομασθῆναι,
2365 1461 2514 1521 ποῖος
2543 1456 2608 1509 ἂν
2648 1455 2857 1525 γένοιτο
2889 1453 3127 1517 κίνδυνος
3171 1452 3261 1505 τὸν
3293 1451 3382 1506 dv—

1777 1603 1784 1608 .
1816 1550 1914 1621 δρα
1948 1549 2047 1618 τῆς
2070 1548 2249 1614 δεξιᾶς
2274 1548 2367 1600 τοῦ
2406 1546 2542 1601 Θεοῦ
2571 1548 2666 1601 καὶ
2696 1545 2788 1598 τὸν
2817 1545 2944 1598 Υἰὺν
2974 1545 3068 1599 τοῦ
3097 1543 3380 1615 ἀνθρώπου

1816 1640 1904 1692 τὸν
1949 1636 2419 1708 κεκραταιωμένον
2460 1635 2591 1690 Θεὸν
2622 1635 2967 1708 -ὁμολογᾶνς
3026 1637 3082 1691 id
3127 1643 3212 1691 est
3236 1641 3258 1690 ἐ
3299 1633 3380 1690 Ne

1816 1733 1930 1802 quis
1963 1733 2133 1800 ipsum
2165 1747 2365 1785 merum
2395 1729 2673 1794 hominem,
2695 1737 2744 1782 et
2776 1727 2957 1782 multis
2983 1727 3106 1781 aliis
3134 1728 3378 1789 similem,

1818 1826 2186 1889 arbitraretur,
2227 1825 2398 1892 ipsum
2430 1821 2513 1875 hic
2555 1821 2725 1875 Deum
2767 1822 3025 1890 pradicat
3066 1819 3148 1872 his
3177 1817 3376 1873 verbis.

172 1908 354 1962 acriter
377 1908 738 1973 adlaboravit,
785 1910 877 1979 qui
920 1909 1210 1965 diuturnas
1246 1923 1370 1966 cum
1405 1910 1622 1966 Arianis
1651 1910 1716 1964 ad
1748 1902 1789 1957 Β
1825 1939 1842 1970 σ
1895 1919 2034 1973 Deus
2081 1919 2221 1972 stetit
2254 1919 2307 1970 in
2334 1931 2600 1986 synagoga
2641 1915 2877 1968 deorum.
2907 1932 2930 1966 ι
2978 1912 3054 1966 Ac
3085 1929 3147 1966 ne
3173 1913 3289 1981 quis
3318 1912 3376 1965 οι

174 1999 550 2055 restituendum
582 2002 773 2056 Arium
817 2003 1076 2060 excubias
1103 2005 1237 2074 egit,
1270 2005 1362 2075 qui
1390 2005 1718 2076 capitalibus

174 2091 298 2146 odiis
327 2093 610 2150 catholica
652 2085 730 2149 iei
758 2110 1010 2164 proceres
1037 2097 1257 2152 assidue
1289 2099 1597 2169 exagitavit,
1626 2116 1718 2155 ca-

173 2185 412 2240 tholicum
444 2189 814 2244 censeamus?
844 2186 983 2244 Hinc
1025 2190 1071 2245 si
1118 2190 1336 2259 scriptis
1380 2191 1497 2261 ejus
1544 2201 1719 2248 atten-

171 2277 480 2344 das,'aiunt,
515 2279 682 2347 probe
713 2293 835 2333 cum
865 2279 1032 2349 gestis
1060 2293 1384 2355 consonare
1417 2280 1718 2350 deprehen-

174 2369 290 2423 des:
327 2383 456 2422 nam
481 2370 573 2440 qui
607 2368 802 2424 Filium
833 2370 1035 2440 passim
1055 2361 1332 2427 lminorem
1354 2370 1543 2436 Patre,
1582 2374 1716 2428 alte-

171 2474 277 2540 rum
304 2438 830 2527 Deuminferiorem,
857 2478 922 2518 ac
949 2463 1258 2520 ministrum
1290 2480 1482 2534 purum
1509 2465 1603 2529 ait,
1624 2466 1713 2537 qui

174 2552 461 2610 catholicus
493 2552 792 2609 habeatur?
821 2554 932 2626 Ego
962 2571 1093 2612 vero
1127 2557 1196 2613 iis
1224 2558 1315 2629 qui
1355 2558 1712 2613 orthodoxum

175 2640 447 2697 Eusebium
485 2652 714 2702 censent
761 2645 828 2701 ad
877 2647 1011 2703 tanti
1039 2649 1140 2703 viri
1178 2651 1551 2720 purgationem
1587 2651 1712 2705 asti-

172 2736 324 2806 pulari
373 2743 738 2807 peroptarem,
770 2738 818 2793 si
865 2753 962 2808 per
992 2738 1113 2808 ejus
1165 2741 1369 2810 scripta
1413 2743 1631 2806 liceret;
1660 2750 1709 2795 at

174 2844 314 2884 secus
341 2830 573 2884 suadent
599 2844 724 2884 cum
760 2839 955 2885 cmtera
983 2831 1101 2899 ejus
1124 2846 1308 2901 opera,
1340 2841 1452 2886 tum
1482 2832 1708 2888 maxime

175 2920 218 2974 hi
252 2916 644 2981 commentarii,
676 2920 769 2974 ubi
794 2920 1164 2976 Arianismum
1191 2931 1377 2993 aperte
1408 2923 1712 2992 proﬁtetur.

175 3010 274 3063 Non
301 3027 362 3066 ex
407 3012 588 3082 aliqua
627 3011 792 3080 igitur
825 3014 1175 3084 praejudicata
1206 3014 1462 3084 opinione
1498 3015 1564 3068 ad
1594 3029 1713 3068 eam

175 3105 476 3160 sententiam
519 3105 864 3160 accedimus:
913 3105 1113 3161 nedum
1160 3107 1304 3162 enim
1349 3123 1490 3177 aegre
1521 3108 1710 3171 feram,

176 3213 496 3267 summopere
528 3198 796 3269 gaudebo,
829 3199 874 3253 si
906 3199 1031 3270 quis
1066 3200 1131 3253 ab
1161 3215 1227 3255 eo
1252 3185 1376 3253 'non
1410 3200 1570 3254 modo
1599 3201 1712 3254 cul—

176 3305 302 3358 pam,
337 3291 427 3344 sed
460 3291 624 3345 etiam
659 3291 1048 3360 suspicionem.
1080 3291 1354 3348 dimovere
1386 3295 1590 3363 possit:
1627 3294 1712 3347 id-

175 3395 264 3448 que
289 3381 412 3435 mihi
441 3396 546 3435 non
579 3382 849 3436 minus'ex
873 3383 1172 3446 voluntate,
1195 3399 1356 3453 quam
1381 3397 1574 3453 praeter
1596 3387 1713 3454 opi-

176 3471 368 3526 nionem
393 3473 568 3528 cadet.
610 3471 817 3527 Vereor
846 3476 988 3528 enim
1032 3483 1088 3527 ut
1122 3477 1212 3544 qui
1246 3477 1571 3530 catholicum
1605 3476 1710 3530 Eu-

175 3563 364 3617 sebium
407 3562 696 3628 aﬂirmant,
731 3573 937 3620 tantam
971 3568 1026 3619 in
1057 3565 1346 3622 adversum
1375 3583 1499 3621 mox
1533 3568 1711 3637 prole-

177 3656 377 3717 rendam
419 3657 660 3711 locorum
694 3660 884 3712 silvam
932 3648 1290 3729 concoquere,
1322 3667 1374 3713 et
1405 3660 1472 3712 ad
1501 3660 1711 3714 sincera

175 3746 403 3816 dogmata
465 3749 792 3820 detorquere
854 3752 1084 3807 valeant.
1141 3750 1357 3805 Eusebii
1418 3752 1598 3821 itaque
1646 3753 1712 3808 de

175 3837 332 3897 Verbo
367 3851 415 3897 et
451 3840 586 3898 Filio
614 3843 707 3898 Dei
738 3845 1059 3899 sententiam
1107 3846 1162 3898 in
1210 3855 1354 3898 certa
1379 3846 1550 3914 capita
1601 3846 1709 3900 dis-

174 3931 400 3993 tinctam,
460 3943 568 3987 tam
614 3950 680 3988 ex
711 3935 795 3990 his
828 3936 1259 4000 commentariis,
1294 3951 1457 4006 quam
1492 3952 1557 3990 ex
1591 3937 1712 3993 aliis

173 4019 277 4087 ejus
300 4023 532 4089 scriptis,
564 4023 907 4092 maximeque
953 4040 1020 4078 ex
1044 4027 1338 4096 evangelica
1371 4027 1697 4082 Demonstra-

176 4110 313 4172 tione,
337 4117 390 4163 et
409 4126 472 4164 ex
503 4111 659 4168 libris
689 4110 889 4167 Contra
917 4111 1227 4167 Marcellum
1249 4117 1305 4168 in
1336 4116 1566 4171 medium
1593 4117 1684 4170 aﬂ‘c

176 4216 369 4257 remus:
403 4217 630 4274 eamque
674 4205 999 4262 sententiam
1033 4207 1442 4278 amplectamur,
1484 4225 1604 4279 quae
1646 4225 1670 4252 ο

178 4295 275 4364 ipsa
299 4297 370 4349 rei
395 4301 621 4354 veritate
641 4307 693 4355 et
725 4301 1108 4370 perspicuitate
1129 4300 1464 4354 suadebitur.

178 4402 228 4453 ll.
248 4405 476 4457 Eusebius
494 4409 643 4459 docet
663 4415 901 4462 unitatem
925 4414 1015 4463 Dei
1054 4416 1103 4462 in
1129 4426 1227 4463 uno
1253 4413 1398 4463 Patre
1428 4418 1624 4465 servari.

424 4488 505 4540 Ill.
543 4491 722 4542 Filium
745 4496 891 4558 longe
915 4497 1167 4546 minorem
1187 4498 1340 4546 Patri.

1820 2008 2158 2075 monarchiaz,
2193 2009 2298 2062 sive
2341 2008 2496 2060 unius
2541 2007 2805 2076 principii,
2839 2005 3094 2059 rationem
3144 2000 3374 2056 turbare-

1818 2108 1923 2165 tur,
1955 2095 2228 2153 Christum
2269 2096 2367 2149 Dei
2404 2095 2571 2149 Deum
2602 2113 2715 2151 esse
2756 2097 3016 2175 audiens;
3046 2103 3378 2166 congruenter

1815 2187 1898 2241 hic
1926 2188 2118 2241 multos
2157 2187 2279 2241 deos
2314 2188 2551 2241 nominat
2585 2202 2698 2251 eos,
2728 2190 2818 2258 qui
2857 2188 2953 2243 sub
2995 2188 3106 2246 hwc
3145 2189 3380 2241 incusan-

1815 2290 1902 2332 tur
1925 2296 1944 2334 .'
1975 2289 2181 2334 tantum
2209 2297 2310 2334 non
2337 2281 2644 2349 pracipiens
2672 2290 2730 2332 ut
2764 2297 2826 2334 ne
2853 2288 3155 2334 cunctemur
3180 2277 3380 2345 Filium
3469 2320 3476 2327 ..

1814 2389 2013 2442 quoque
2045 2372 2142 2426 Dei
2182 2371 2346 2426 Deum
2390 2388 2593 2427 uocare.
2634 2369 2694 2425 Si
2725 2372 2861 2424 enim
2901 2372 3066 2441 gentis
3097 2371 3380 2437 principes,

1813 2467 1901 2527 qui
1936 2464 2073 2518 male
2110 2450 2410 2527 audiebant,
2444 2464 2541 2520 Dei
2569 2465 2777 2519 nomine
2809 2462 3012 2532 dignati
3046 2469 3186 2526 sunt,
3215 2461 3378 2530 quod,

1812 2573 2008 2626 quwso,
2042 2557 2327 2624 periculum
2356 2558 2534 2627 fuerit,
2566 2558 2614 2611 si
2644 2556 2814 2612 virum
2847 2554 3072 2608 dextera:
3091 2552 3184 2606 Dei
3207 2561 3256 2605 et
3286 2549 3381 2604 Fi-

1816 2650 1943 2702 lium
1972 2649 2196 2704 hominis
2221 2651 2612 2719 conﬁrmatum,
2649 2650 2816 2705 Deum
2840 2648 3142 2719 fateamur?
3167 2644 3381 2700 Clarius

1814 2748 1990 2794 autem
2005 2743 2058 2795 in
2076 2741 2416 2810 expositione
2428 2742 2619 2811 psalmi
2645 2738 3122 2804 Lxxxvm,vers.7,
3144 2738 3378 2809 idipsum

1812 2831 2064 2900 exprimit
2116 2831 2201 2886 his
2252 2833 2467 2888 verbis:
2499 2835 2657 2885 Δοκεῖ
2702 2831 2759 2884 δέ
2813 2849 2900 2902 μοι
2932 2833 2961 2883 ὁ
2995 2830 3376 2902 Προφήτης....

1812 2920 2346 2990 ὑπερεκπλήττεσθαι
2379 2924 2470 2976 τὸν
2520 2923 2774 2976 ἐπέκεινα
2826 2923 3058 2982 πάντων,
3098 2921 3191 2974 καὶ
3242 2920 3381 2994 ὑπὲρ

1813 3012 2021 3076 πάντας
2057 3013 2148 3068 τὸν
2191 3016 2472 3086 Μονογενῆ
2503 3015 2602 3084 τοῦ
2629 3015 2764 3069 Θεοῦ
2785 3033 2796 3046 ’
2831 3011 2926 3068 εἴτ’
2956 3016 3019 3066 ὲκ
3041 3012 3134 3066 τοῦ
3167 3011 3380 3082 Θαύμα-

1811 3124 1900 3169 m;
1935 3108 2418 3180 ἀναπεφωνηκέναι
2447 3109 2526 3174 τὸ,
2566 3112 2693 3164 Ὀτι
2716 3111 2806 3174 τίς
2833 3109 2902 3161 ἐν
2931 3105 3215 3178 νεφέλαις
3243 3108 3374 3158 ltro)-

1814 3200 2056 3265 ϋήσεται
2107 3199 2186 3264 τῷ
2228 3203 2421 3269 Κυρίῳ
2437 3201 2522 3271 ;ἣ
2571 3201 2712 3254 κατὰ
2767 3201 2856 3252 τὸν
2904 3197 3229 3270 Σύμμαχον
3287 3198 3379 3263 Τίς

1816 3293 1923 3361 γὰρ
1955 3292 2023 3344 ἐν
2070 3290 2255 3357 αἰθέρι
2287 3290 2743 3357 ἀντιπαραθέσει
2787 3290 2866 3354 τῷ
2897 3291 3089 3358 Κυρίῳ
3133 3295 3201 3342 ἐν
3233 3288 3379 3352 υἱοῖς

1820 3383 1995 3445 Θεοῦ;
2022 3381 2202 3434 Ταῦτα
2245 3381 2301 3433 δὲ
2331 3383 2454 3452 περί
2490 3382 2585 3450 μὲν
2624 3381 2717 3434 τοῦ
2754 3367 3088 3448 Μονογενοῦς
3125 3379 3218 3433 τοῦ
3245 3378 3379 3433 Θεοῦ

1817 3474 2074 3542 Λεγόμενα
2108 3470 2266 3536 σώζοι
2301 3471 2365 3524 ἂν
2391 3463 2586 3543 εὐσεϐῆ
2618 3473 2715 3543 τὴν
2748 3472 3000 3535 διάνοιαν,
3034 3473 3094 3525 οὐ
3124 3471 3221 3541 μὲν
3251 3470 3379 3542 περὶ

1816 3564 1903 3618 τοῦ
1935 3565 2146 3635 Πατρὸς
2189 3565 2281 3617 καὶ
2310 3565 2445 3618 Θεοῦ
2475 3565 2581 3617 τῶν
2621 3555 2788 3618 ὃλωνί
2824 3567 3087 3626 ἀνοίκειος
3134 3563 3242 3632 γὰρ
3282 3562 3379 3616 καὶ

1813 3658 2014 3728 ἀσεϐὴς
2049 3661 2081 3729 ἡ
2127 3658 2442 3730 παράθεσις.
2480 3659 2551 3709 Τὸ
2597 3657 2704 3726 γὰρ
2746 3644 2881 3719 υἱοῖς
2921 3654 3055 3708 Θεοῦ
3100 3654 3378 3724 παραῦἀλ-

1813 3750 1922 3802 λειν
1963 3751 2024 3802 τὸ
2077 3751 2290 3803 πάντων
2335 3750 2527 3813 αἴτιον,
2578 3749 2669 3800 καὶ
2715 3748 2775 3799 τὸ
2824 3747 3128 3818 συγκρίνειν
3174 3747 3379 3819 ἑτέροις

1812 3842 2012 3912 τολμᾷν
2042 3842 2132 3893 τὸν
2164 3841 2416 3894 ἐπέκεινα
2462 3839 2568 3892 τῶν
2597 3838 2730 3891 ὅλων
2769 3837 2918 3901 Θεὸν,
2951 3837 3164 3890 πάντων
3188 3835 3253 3888 ἂν
3281 3836 3378 3904 γέ·-

1814 3951 1953 3986 νοιτο
1979 3933 2350 3986 ἀνοσιώτατον.
2392 3929 2691 3992 Ἀκίνδυνος
2715 3930 2757 3982 δ’
2793 3929 2857 3982 ἂν
2888 3929 2972 3999 εἴη
3004 3931 3031 3981 ὁ
3063 3929 3214 3995 λόγος
3247 3929 3378 3990 υἱοῖς

1813 4021 1950 4075 Θεοῦ
1995 4023 2301 4092 συγκρίνειν
2342 4021 2467 4074 Υἱὸν
2496 4019 2630 4073 Θεοῦ
2681 4020 3099 4091 μονογενῆ,·-κα“ι
3139 4020 3195 4071 τὸ
3242 4020 3377 4090 πρὸς

1814 4115 2017 4176 πάντας
2078 4114 2405 4184 ἀσύγκριτον
2460 4112 2622 4166 αὐτοῦ
2680 4114 2772 4166 καὶ
2828 4110 3194 4182 ἀπαράθετον,
3257 4110 3376 4164 καθ’

1814 4203 2115 4274 ὑπερὸολήν
2141 4219 2200 4254 τε
2229 4203 2491 4273 ὑπερέχον
2529 4202 2835 4272 σημαίνειν.
2889 4201 2944 4255 ld
2983 4209 3066 4256 est
3104 4200 3376 4255 :Videlur-

1812 4312 1907 4367 que
1931 4295 2056 4348 mihi
2079 4291 2454 4364 Propheta.....
2488 4312 2605 4348 eum
2634 4296 2723 4364 qui
2751 4311 2926 4347 omnes
2956 4294 3173 4355 excedit,
3201 4309 3375 4359 omnes

1813 4395 2044 4452 superat,
2077 4383 2409 4455 Unigenitum
2452 4383 2550 4436 Dei
2596 4399 2713 4435 cum
2757 4392 2965 4450 stupore
3006 4381 3374 4436 considerare:

1813 4476 1993 4529 deinde
2027 4491 2089 4528 ea:
2113 4477 2460 4530 admiratione
2495 4475 2604 4528 hwc
2657 4473 2813 4543 effari
2842 4490 2861 4526 :
2899 4492 2916 4523 ι
2959 4473 3222 4538 Quoniam
3258 4476 3370 4543 quia

238 4570 310 4624 Ab
337 4573 536 4628 unitate
579 4573 672 4629 Dei
707 4578 875 4631 ordiri
908 4595 1082 4648 opera;
1124 4580 1357 4648 pretium
1391 4582 1513 4643 erit,
1547 4598 1687 4651 quan
1744 4585 1783 4638 ο
1813 4570 1866 4622 in
1913 4568 2134 4623 nubibus
2193 4567 2487 4638 wquabitur
2543 4566 2814 4622 Domino?
2868 4583 2884 4617 ι
2937 4566 3040 4620 sive
3089 4565 3374 4619 secundum

181 4655 421 4717 Eusebius
443 4663 496 4718 in
529 4680 638 4718 uno
668 4664 826 4721 Patre
861 4672 1089 4735 servari,
1121 4685 1295 4741 neque
1321 4669 1539 4736 Filium,
1567 4674 1708 4726 mul-

180 4757 323 4821 toque
353 4757 529 4815 minus
563 4757 822 4828 Spiritum
851 4770 1122 4827 sanctum,
1148 4764 1201 4816 in
1244 4763 1486 4832 ejusdem
1527 4765 1708 4818 unita-

181 4843 239 4897 tis
265 4850 591 4902 consortium
624 4850 810 4904 venire
835 4851 982 4906 'clare
1010 4861 1064 4907 et
1100 4855 1286 4909 multis
1318 4855 1372 4907 in
1406 4855 1539 4909 locis
1568 4856 1711 4909 διητ-

180 4943 295 4990 mat.
335 4937 541 4995 Patrem
583 4944 729 4997 enim
764 4944 818 4996 in
849 4959 909 4998 se
955 4951 1123 4999 totam
1169 4945 1386 5001 dcitatis
1415 4946 1710 5016 plenitudi-

181 5038 304 5088 nem,
334 5033 549 5087 excluso
587 5033 745 5098 Filio,
777 5036 1059 5105 complecti
1099 5037 1323 5101 indicat,
1359 5037 1486 5092 dum
1531 5038 1708 5108 ipsum

183 5115 331 5171 solum
364 5125 559 5190 passim
611 5133 790 5192 vocat,
837 5128 925 5180 τὸν
971 5126 1078 5179 τῶν
1124 5127 1259 5180 ὅλων
1290 5128 1441 5192 Θεὸν,
1482 5129 1572 5181 τὸν
1618 5132 1709 5184 ἐπὶ

183 5207 368 5265 πάντων
413 5216 561 5279 Θεὸν,
614 5219 706 5271 τὸν
739 5221 992 5285 ἐπέκεινα
1033 5219 1244 5272 πάντων
1297 5219 1450 5281 Θεόν,
1501 5221 1554 5275 id
1603 5233 1706 5286 est,

184 5296 324 5354 Deum
349 5307 722 5374 universorum,
755 5311 918 5365 Deum
947 5328 1108 5380 supra
1135 5314 1334 5373 omnia.
1363 5313 1527 5366 Deum
1565 5315 1709 5367 ultra

185 5390 359 5454 omnia;
387 5392 687 5468 Filiumque
721 5411 910 5456 contra
947 5410 1243 5472 nuncupat,
1271 5402 1522 5473 δεύτερον
1553 5404 1705 5467 Θεὸν,

183 5476 396 5553 δεύτερον
427 5487 646 5559 Κύριον,
676 5493 959 5547 secundum
988 5494 1176 5558 Deum,
1214 5494 1493 5547 secundum
1528 5494 1703 5547 Domi-

189 5587 307 5629 num.
353 5577 424 5634 Ne
468 5582 591 5651 quis
631 5597 760 5638 vero
804 5597 1046 5653 reponat,
1093 5586 1307 5641 Patrem
1358 5587 1503 5645 ideo.
1536 5587 1692 5641 Deuu'

189 5669 526 5729 universorum
558 5675 626 5731 ab
667 5673 900 5732 Eusebio
934 5679 1144 5746 vocari,
1179 5678 1323 5748 quod
1362 5680 1431 5733 sit
1464 5681 1614 5750 origo
1653 5694 1694 5734 el

193 5751 291 5812 has
317 5759 601 5830 Trinitatis,
634 5768 762 5823 etin
797 5770 1004 5824 ratione
1041 5773 1291 5842 principii
1326 5772 1534 5841 primus
1559 5774 1704 5826 exsi~

193 5852 302 5910 stat;
348 5851 440 5908 huc
467 5856 785 5916 catholicum
818 5859 1207 5932 interpretandi
1248 5876 1417 5933 88005
1451 5876 1704 5937 τθδρυθτο

1817 4659 2207 4729 Symmachum,
2243 4675 2261 4707 ι
2298 4658 2428 4723 Quis
2454 4658 2591 4710 enim
2625 4659 2680 4710 in
2707 4657 2893 4710 (ethera
2922 4655 3152 4724 conferet
3182 4671 3234 4709 se
3265 4652 3375 4708 Do-

1815 4759 1953 4807 mino
1981 4755 2040 4807 in
2084 4754 2210 4820 ﬁliis
2243 4750 2381 4806 Dei?
2422 4769 2440 4801 ι
2488 4750 2615 4806 Hazc
2650 4751 2712 4803 de
2749 4747 3024 4819 Unigenito
3069 4748 3166 4802 Dei
3206 4748 3371 4814 dicta,

1811 4848 1954 4913 piam
1986 4851 2192 4896 servant
2217 4843 2563 4905 sententiam;
2595 4842 2657 4895 de
2687 4839 2851 4894 Patre
2883 4857 2999 4896 vero
3038 4857 3098 4891 ac
3131 4838 3237 4891 Deo
3264 4838 3375 4889 uni-

1813 4950 2073 4989 uersorum
2105 4949 2286 4986 secus:
2319 4934 2602 5003 impropria
2624 4933 2760 4986 enim
2779 4944 2828 4986 et
2856 4933 3020 5004 impia
3050 4933 3372 4997 comparatio

1810 5038 1961 5082 esset.
2008 5025 2152 5080 Nam
2191 5029 2317 5098 ﬁliis
2351 5026 2448 5081 Dei
2497 5026 2730 5080 omnium
2779 5041 2998 5078 causam
3039 5023 3292 5091 conferre,
3324 5034 3372 5078 et

1810 5136 1924 5174 eum
1992 5120 2078 5188 qui
2125 5135 2285 5188 supra
2351 5119 2528 5173 omnia
2577 5126 2655 5172 est
2684 5115 2822 5173 Deus
2882 5116 3001 5169 aliis
3046 5131 3370 5194 comparare,

1810 5211 2226 5279 improbissimus
2259 5213 2492 5266 omnium
2518 5226 2678 5264 ausus
2709 5217 2863 5264 esset.
2897 5210 2964 5262 At
3000 5208 3110 5261 sine
3141 5211 3371 5276 periculo

1813 5305 1984 5358 Filius
2018 5305 2114 5359 Dei
2145 5307 2466 5376 unigenitus,
2498 5305 2627 5373 ﬁliis
2677 5303 2768 5357 Dei
2801 5313 3162 5369 comparatur,
3201 5319 3262 5355 ac
3296 5303 3372 5354 di-

1811 5401 1947 5453 citur
1970 5416 2086 5454 eum
2119 5398 2582 5469 incomparabilem
2615 5415 2747 5460 esse,
2782 5414 2898 5452 cum
2923 5394 3067 5450 nullo
3097 5396 3363 5465 conferen-

1809 5491 1952 5556 dum,
1987 5500 2139 5561 atque
2172 5490 2456 5544 admodum
2481 5491 2787 5559 antecellere
2816 5489 3111 5544 asseritur?
3135 5487 3232 5541 Hic
3258 5504 3371 5540 ma-

1812 5583 2004 5638 nifeste
2036 5584 2190 5640 vides
2235 5582 2430 5638 Filium
2478 5585 2635 5655 longe
2674 5583 2928 5637 inferiore
2958 5597 3119 5650 quam
3157 5580 3367 5634 Patrem

1809 5677 1978 5743 gradu
2024 5679 2091 5732 ab
2121 5676 2356 5732 Eusebio
2403 5679 2623 5747 reponi;
2665 5679 2736 5729 ita
2767 5685 2826 5728 ut
2859 5690 2960 5729 nec
3006 5673 3073 5729 ad
3102 5675 3365 5730 unitatem

1811 5770 1923 5833 Dei,
1955 5785 2056 5826 nec
2085 5770 2149 5825 ad
2177 5771 2439 5824 unitatem
2477 5768 2724 5838 principii
2776 5768 3154 5823 universorum
3186 5766 3366 5834 perti-

1810 5870 1953 5930 neat,
1987 5879 2160 5936 neque
2192 5863 2391 5921 deitate
2421 5877 2541 5916 cum
2577 5860 2668 5915 illo
2692 5859 2866 5929 primo
2901 5858 3166 5931 principio
3196 5870 3362 5911 unum
