3956 6340
529 412 595 471 Μ
1193 410 1461 468 EUSEBll
1491 408 1963 469 CESARIENSIS
2000 414 2149 501 QPP.
2182 414 2360 469 PARS
2398 414 2485 469 Ill.
2525 447 2595 455 —
2631 411 3037 468 EXEGETICA.

3661 416 3731 473 3?.

534 534 625 588 sit.
674 531 802 586 Nam
848 531 937 585 ubi
969 530 1169 586 dictum
1213 534 1366 597 illud,
1399 533 1533 588 Deus
1568 538 1709 589 stetit
1742 538 1793 588 in
1821 552 2083 606 synagoga

2183 537 2302 589 ἐπεὶ
2344 537 2437 589 καὶ
2482 538 2639 599 αὐτὸς
2679 540 2707 589 ὁ
2738 536 2863 599 Υἱὸς
2899 537 3071 608 ἀρχὴν
3106 537 3462 609 ἐπιγράφεται
3504 538 3593 593 τὸν
3631 542 3754 605 aii-1

506 622 769 687 deorum,
801 623 867 676 de
897 620 1033 676 Filio
1062 621 1156 678 Dei
1184 625 1435 694 explicat,
1477 640 1540 680 ac
1573 627 1705 680 nihil
1737 628 2079 681 metuendum

536 713 633 776 ait,
660 698 960 775 etsirFillus
992 714 1132 769 Deus
1160 725 1403 782 vocetur,
1432 731 1500 770 ne
1532 718 1709 771 unitas
1753 719 2000 788 principii
2030 730 2083 775 et

535 805 751 860 deitatis
785 807 1033 873 tollatur;
1064 822 1171 861 non
1205 824 1382 862 veram
1418 810 1507 863 ille
1533 825 1752 866 causam
1785 811 1956 877 aﬂ‘ert,
1984 828 2083 866 cur

536 896 663 951 hinc
686 896 831 951 nulla
862 900 1233 969 multiplicitas
1271 901 1494 955 deorum
1527 904 1813 957 metuenda
1842 905 1931 970 sit,
1957 906 2082 974 quia

536 986 742 1043 scilicet
771 987 929 1043 Pater
966 996 1018 1043 et
1062 988 1250 1055 Filius,
1295 1007 1435 1048 unus
1462 992 1621 1056 Deus,
1670 1010 1834 1058 unum
1880 997 2082 1065 princi-

535 1075 680 1144 pium
727 1092 907 1131 rerum
936 1087 1096 1143 sunt;
1140 1081 1255 1145 sed,
1288 1084 1382 1146 ait,
1414 1085 1671 1153 quoniam
1704 1072 1807 1155 ipsi
1841 1087 2083 1145 homines

534 1164 609 1217 dii
653 1174 936 1231 vocantur,
972 1170 1109 1239 quin
1152 1173 1258 1226 ulla
1294 1172 1423 1226 hinc
1454 1173 1678 1228 deorum
1715 1176 2084 1245 multiplicitas

532 1253 719 1310 inferri
767 1260 961 1327 possit,
1010 1277 1168 1331 posse
1212 1264 1414 1331 pariter
1465 1263 1658 1320 Filium
1714 1266 1876 1321 Deum
1922 1268 2029 1324 dici
2065 1310 2079 1331 ,

534 1349 667 1417 quin
697 1351 898 1408 multos
942 1367 1063 1407 esse
1096 1354 1228 1417 deos
1273 1357 1633 1425 suspicemur.
1682 1358 1892 1414 Etenim
1928 1369 1985 1415 ut
2029 1364 2085 1417 in

532 1437 655 1492 loco
702 1440 803 1493 sub
853 1441 968 1511 liiec
1008 1444 1170 1499 allato
1215 1446 1570 1516 significatur,
1615 1449 1771 1520 longe
1812 1451 2086 1509 inferioris

535 1538 734 1599 gradus
770 1538 873 1594 est,
923 1548 1083 1601 quam
1121 1542 1177 1588 ut
1218 1537 1388 1606 possit
1430 1537 1493 1591 ad
1539 1541 1764 1608 primam
1816 1541 1960 1594 illam
1993 1541 2087 1597 Dei

536 1622 799 1699 unitatem
830 1615 1123 1700 pertinere,
1154 1608 1335 1695 utpote
1366 1642 1523 1695 quem
1567 1631 1833 1685 creaturis
1876 1646 2089 1701 compa-

532 1725 656 1766 rare
682 1712 862 1790 liceat;
891 1716 993 1770 etsi
1032 1717 1204 1770 multo
1235 1718 1582 1773 excellentior
1606 1720 1674 1773 iis
1712 1720 1821 1773 sit:
1849 1721 1994 1791 quod
2020 1722 2089 1777 de

535 1787 691 1879 Patre
724 1804 964 1862 asserere
995 1806 1373 1877 impiissimum
1400 1818 1453 1863 et.
1483 1810 1938 1879 improbissimum
1968 1828 2087 1868 esse

2184 626 2276 678 τοῦ
2305 626 2538 697 Πατέρα.
2575 627 2797 697 Κεφαλὴ
2838 629 2945 699 γὰρ
2982 627 3214 699 Χριστοῦ
3244 630 3271 680 ὁ
3298 629 3444 690 Θεὸς,
3474 633 3610 684 κατὰ
3641 632 3757 695 τοις

2194 718 2524 781 Ἀπόστολον,
2556 720 2657 772 hoc
2681 728 2761 773 cst
2785 739 2796 771 :
2824 720 2889 771 At
2908 722 3115 784 vereris,
3143 721 3213 773 mi
3234 721 3502 785 homo,ne,
3532 723 3577 775 si
3596 724 3732 775 duas
3771 750 3774 755 ~

2181 809 2381 877 fateare
2406 810 2749 872 substantias,
2780 810 2881 863 duo
2908 812 3029 864 item
3057 812 3311 879 prinripia
3346 810 3584 871 inducas,
3619 822 3666 862 et
3690 818 3733 864 'a

2180 899 2515 953 monarchica
2539 899 2730 952 deitate
2758 900 2988 955 excidas.
3022 902 3209 957 Discas
3240 904 3417 972 igitur,
3455 903 3590 973 quod
3614 920 3733 956 cum

2182 1007 2314 1043 unus
2349 991 2415 1043 sit
2440 992 2549 1043 sine
2572 991 2825 1058 principio
2850 1000 2897 1044 et
2942 992 3199 1061 ingenitus
3240 992 3401 1056 Deus,
3438 992 3608 1045 Filius
3637 1009 3735 1045 auo

2185 1092 2285 1135 tem
2329 1097 2393 1135 ex
2436 1081 2527 1135 illo
2570 1084 2834 1152 gignatur,
2883 1098 3043 1135 unum
3093 1087 3383 1137 necessario
3420 1085 3735 1154 principium

2184 1174 2363 1240 fuerit,
2398 1176 2699 1226 monarcliia
2731 1183 2779 1227 et
2809 1190 3019 1243 regnum
3048 1191 3243 1236 unum;
3270 1178 3395 1245 quia
3422 1178 3529 1245 ipse
3559 1174 3606 1228 F
3611 1177 3736 1231 ilius

2186 1265 2398 1319 Patrem
2425 1282 2575 1319 suum
2604 1268 2919 1336 principium
2954 1268 3207 1321 ascribit:
3240 1271 3556 1337 saput,enim
3587 1268 3740 1325 Chri-

2182 1357 2252 1410 sti
2284 1355 2423 1410 Deus
2458 1365 2556 1419 est,
2587 1358 2867 1411 secundum
2912 1359 3221 1428 Apostolum
3267 1359 3318 1430 (Ι
3352 1353 3475 1415 Cor.
3518 1377 3595 1427 ιι,
3654 1362 3734 1431 5).

2186 1445 2287 1501 Ubi
2317 1447 2500 1502 videas
2523 1448 2923 1502 mouarchicam
2951 1451 3066 1505 sive
3092 1464 3253 1504 unam
3284 1451 3428 1504 illam
3461 1460 3512 1505 et
3544 1453 3741 1522 prima-

2184 1536 2323 1589 riam
2358 1536 2630 1603 deitatem,
2679 1553 2746 1591 ex
2794 1536 3025 1594 Eusebio
3072 1541 3127 1595 in
3158 1540 3316 1595 Patre
3359 1541 3474 1595 solo
3504 1544 3736 1596 servari.

2188 1625 2325 1691 Quia
2380 1642 2507 1682 vero
2554 1628 2789 1697 aliquam
2837 1626 3014 1684 Patris
3045 1641 3098 1685 et
3143 1630 3265 1685 Filii
3316 1633 3573 1686 unitatem
3615 1620 3749 1689 esse

2185 1718 2483 1773 concedere
2512 1734 2734 1775 necesse
2768 1720 2869 1775 fuit
2894 1723 3198 1777 secundum
3218 1724 3348 1779 illud
3373 1744 3385 1779 :
3421 1725 3533 1796 Ego
3557 1735 3606 1779 et
3635 1723 3743 1779 Pa-
3818 1768 3821 1769 ν

2188 1819 2263 1863 ter
2289 1826 2448 1863 unum
2482 1826 2661 1865 sumus
2690 1810 2873 1882 (Joan.
2901 1829 2954 1878 ι,
2979 1811 3090 1882 50),
3131 1814 3491 1871 animadverte
3516 1816 3587 1869 'in
3628 1832 3751 1891 quo,

534 1893 610 1945 ait
631 1877 910 1950 Eusebius.
938 1894 1142 1947 Similia
1166 1897 1330 1951 habet
1352 1898 1407 1950 in
1440 1877 1888 1964 Dcnionstratione
1932 1919 2084 1956 evan-
2115 1881 2158 1938 Β
2184 1899 2345 1953 talem
2389 1877 2995 1957 constituat-unitatem
3040 1902 3324 1970 Eusebius,
3351 1905 3386 1960 I.
3439 1921 3498 1960 ιιι
3538 1905 3743 1962 Contra

532 1982 718 2051 gelica,
750 1984 785 2037 l.
818 2000 892 2047 v1,
929 1999 979 2052 p.
1013 1984 1137 2046 257,
1166 1985 1260 2039 ubi
1292 1986 1359 2040 de
1396 1985 1556 2041 Patre
1592 1996 1645 2043 et
1676 1988 1811 2044 Filio
1849 1992 1973 2045 talia
2006 1990 2087 2045 fal-

535 2079 624 2126 tur
651 2089 662 2123 ε
693 2073 884 2143 Σαφῶς
916 2076 971 2127 ὲν
1002 2075 1079 2145 τῷ
1102 2076 1331 2147 πέμπτῳ
1362 2079 1748 2149 συγγράμματι
1775 2082 1869 2149 τῆς
1896 2086 2087 2152 Εὐαγ-

539 2160 782 2231 γελικῆς
828 2163 1194 2231 Ἀποδείξεως
1244 2164 1549 2237 ὡρισμένου
1580 2170 1669 2222 τοῦ
1716 2173 1841 2243 περὶ
1878 2174 2087 2243 Πατρὸς

434 2294 439 2301 .
534 2251 629 2305 κα)¹
664 2252 795 2305 Υίοῦ
823 2253 998 2322 λόγου,
1042 2255 1135 2309 καὶ
1166 2257 1297 2310 Θεοῦ
1331 2260 1424 2329 μὲν
1470 2261 1585 2324 ἑνὸς
1616 2263 1707 2315 τοῦ
1745 2266 1836 2318 ἐπὶ
1872 2266 2086 2319 πάντων

532 2339 964 2413 ὡμολογημένου,
992 2345 1243 2417 δευτέρας
1270 2349 1326 2402 δὲ
1358 2351 1470 2420 μετ’
1504 2352 1661 2405 αὑτὸν
1687 2355 2087 2428 ἀποδειχθείσης

531 2432 719 2496 οὐσίας
751 2435 1053 2506 ἡγουμένης
1084 2439 1189 2491 τῶν
1222 2440 1461 2508 γενητῶν
1495 2442 1772 2509 ἁπάντων,
1803 2446 1869 2517 ἢν
1897 2448 2086 2516 σοφίαν

533 2522 690 2587 Θεοῦ,
717 2542 770 2579 κ.
806 2543 856 2578 τ.
880 2525 930 2582 λ.
965 2525 1078 2582 Hoc
1097 2539 1180 2582 est
1201 2547 1215 2584 :
1240 2530 1437 2599 Cumlin
1454 2533 1631 2600 quinto
1660 2533 1981 2604 Evangetica:
1998 2538 2090 2591 de-

533 2614 930 2667 monstrationis
974 2615 1126 2681 libro,
1162 2618 1301 2672 clare
1325 2618 1387 2673 de
1403 2619 1562 2674 Patre
1584 2632 1631 2676 et
1658 2622 1795 2677 Filio
1817 2624 2086 2694 deﬁnitum

533 2708 892 2772 statutumque
924 2704 1106 2773 fuerit,
1156 2723 1216 2761 ac
1262 2696 1429 2764 Deum
1466 2712 1671 2781 quidem
1718 2729 1879 2768 unum
1925 2734 2088 2786 supra

534 2791 710 2844 omnia
751 2809 861 2848 esse
893 2796 1240 2864 declaratum,
1289 2802 1569 2857 secundam
1611 2821 1730 2859 vero
1772 2817 1887 2876 post
1916 2808 2087 2878 ipsum

534 2882 883 2941 substantiam
904 2906 1035 2957 esse,
1065 2909 1179 2962 qua:
1204 2894 1442 2949 omnibus
1466 2898 1685 2966 opiﬁciis
1713 2902 1912 2968 praesit,
1943 2920 2085 2957 com-

533 2986 878 3033 monstratum
905 2982 995 3044 sit,
1018 2999 1174 3052 quam
1202 2986 1518 3054 sapientiam
1547 2988 1677 3053 Dei,
1702 2997 1831 3056 etc.,
1867 2994 1959 3048 ubi
2001 2994 2086 3048 in-

533 3075 743 3136 terpres
772 3071 864 3138 qui
897 3072 1032 3126 solet
1058 3072 1274 3139 Eusebii
1295 3076 1439 3130 dicta
1495 3078 1560 3132 ad
1592 3079 1733 3148 piam
1765 3086 2086 3141 sententiam

534 3154 590 3208 in
624 3156 881 3213 versione
905 3174 1002 3213 sua
1033 3161 1375 3232 detorquere,
1405 3174 1678 3235 postrema
1716 3171 1795 3225 sic
1823 3172 2087 3245 interpre-

532 3253 713 3299 tatur:
750 3246 817 3300 Et
860 3248 1073 3305 Patrem
1101 3255 1306 3323 quidem
1340 3257 1503 3313 Deum
1540 3278 1718 3326 unum
1743 3278 1854 3317 esse
1900 3269 2089 3320 consti-

537 3336 634 3399 tit;
666 3335 891 3391 alteram
935 3350 1107 3395 autem
1141 3354 1329 3411 prwter
1356 3347 1509 3402 illum
1546 3362 1595 3403 et
1641 3367 1757 3404 cum
1792 3352 1887 3406 illo
1912 3369 2088 3422 perso-

534 3444 657 3479 nam
699 3444 829 3492 esse,
856 3446 970 3499 qua:
995 3434 1183 3486 omnia
1212 3452 1327 3504 qua:
1357 3436 1499 3506 facta
1528 3450 1649 3494 sunt
1678 3442 1971 3506 antecedat,
2007 3444 2088 3499 de-

535 3528 883 3574 monstratum
918 3531 1013 3577 est.
1047 3522 1164 3588 Quo
1193 3524 1248 3579 in
1296 3527 1416 3583 loco
1444 3530 1629 3584 οὐσίαν
1670 3532 1759 3586 ille
1786 3549 2082 3601 personam,

531 3612 714 3677 vertit,
763 3614 865 3669 etsi
915 3615 1276 3672 substantiam
1320 3622 1582 3692 signiﬁcet
1621 3625 1709 3680 hic
1755 3635 1810 3681 et
1860 3626 1914 3680 in
1965 3628 2085 3683 aliis

459 3761 463 3763 _
532 3697 750 3755 Eusebii
796 3702 949 3768 locis,
998 3712 1059 3757 ut
1102 3722 1168 3760 ex
1222 3712 1463 3779 repetitis
1499 3714 1771 3787 sub’haec
1824 3717 2084 3786 exemplis

528 3789 809 3857 ’propalam
850 3793 952 3846 erit
986 3812 999 3847 ε
1033 3795 1165 3850 illud
1205 3806 1383 3854 autem
1431 3805 1545 3870 μετ’
1580 3804 1763 3870 αὐτόν,
1802 3822 2087 3877 perperam

531 3879 693 3931 vertit
736 3879 845 3943 ille,
878 3894 1065 3949 prazter
1092 3886 1242 3939 illum
1270 3897 1319 3939 et
1352 3906 1469 3943 cum
1495 3893 1607 3958 illo,
1640 3911 1763 3950 cum
1790 3906 1971 3967 aperte
2009 3898 2085 3954 si—

532 3964 768 4033 gniﬁcet,
794 3979 909 4036 post
942 3972 1112 4039 illum,
1147 3991 1247 4030 nec
1282 3993 1504 4059 numero
1530 3990 1760 4052 tantum,
1786 3964 1879 4042 sed
1908 3989 2085 4059 digni-

532 4065 644 4112 tate
687 4067 741 4113 et
788 4066 1129 4130 praestantia;
1169 4076 1226 4121 ut
1266 4054 1339 4125 ex.
1366 4072 1479 4141 jam
1523 4075 1685 4132 dictis
1736 4054 2082 4135 manifestum

530 4158 634 4212 est,
683 4158 737 4204 et
776 4168 841 4206 ex
868 4150 1025 4207 infra
1074 4152 1317 4216 dicendis
1357 4163 1617 4234 liquidius
1661 4171 1954 4226 constabit.
1995 4172 2084 4227 Ait

531 4242 795 4311 siquidem
814 4245 905 4299 lib.
944 4261 980 4301 ιι
1014 4246 1211 4303 Contra
1233 4251 1560 4323 Marcellum,
1585 4274 1637 4327 p.
1664 4260 1764 4315 109
1790 4279 1804 4316 :
1831 4262 1965 4315 Οὐδὲ
1991 4263 2083 4317 δύο

530 4333 683 4398 θεοὺς
702 4338 909 4408 ἀνάγκη
938 4335 1117 4393 δοῦναι
1142 4341 1233 4394 τὸν
1257 4342 1352 4407 τὰς
1374 4345 1464 4398 δύο
1493 4348 1811 4418 ὑποστάσεις
1832 4354 2077 4413 τιθένταὲ

528 4427 649 4480 οὐδὲ
683 4428 789 4499 γὰρ
828 4431 1096 4502 ἰσοτίμους
1128 4435 1296 4499 αὐτὰς
1326 4437 1635 4509 ὁριζόμεθα,
1668 4443 1721 4497 id
1748 4455 1832 4500 est
1862 4466 1879 4500 ιη
1903 4447 2081 4518 Neque

2183 1987 2515 2057 Marcellum;
2546 2006 2594 2045 c.
2629 1992 2713 2055 i9,
2753 2009 2805 2062 p.
2846 1993 2976 2048 192:
3012 1995 3119 2047 Kal.
3155 1995 3217 2066 δὴ
3246 1996 3383 2049 κατὰ
3429 1998 3613 2052 τοῦτον
3646 1999 3749 2053 τὸν.

2181 2081 2380 2150 τρόπον
2410 2082 2466 2135 ἓν
2496 2083 2631 2153 πρὸς
2663 2083 2753 2137 τὸν
2780 2085 2995 2156 Πατέρα
3028 2087 3120 2137 καὶ
3164 2072 3255 2139 τὸν
3286 2087 3411 2140 Υίὸν
3444 2091 3491 2142 oi
3538 2090 3742 2154 πάντες

2181 2173 2538 2244 γενησόμεθα.
2576 2176 2781 2246 ’Ὠσπερ
2824 2174 2931 2247 γὰρ
2981 2177 3139 2241 αὐτὸς
3187 2179 3477 2241 ἑαυτόντε
3523 2182 3752 2235 καὶτὸν.

2182 2265 2400 2336 Πατέρα
2422 2264 2481 2319 ἓν
2504 2261 2640 2319 εἶναι
2674 2266 2846 2333 ἔλεγε,
2878 2268 3133 2336 φάσκων⁸
3181 2271 3320 2341 Ἐγὼ
3345 2273 3439 2326 καὶ
3474 2278 3507 2327 ό
3538 2274 3759 2353 Datim.

2180 2359 2250 2413 ἓν
2278 2360 2495 2429 ἐσμεν*
2528 2359 2670 2413 οὕτω
2702 2365 2793 2421 καὶ
2837 2361 3039 2425 πάντας
3068 2363 3231 2432 ἡμᾶς,
3264 2364 3404 2417 κατὰ
3429 2365 3541 2436 ⁸τὴν
3572 2365 3752 2419 αὑτοῦ.

2186 2452 2432 2523 μίμησιν,
2474 2452 2573 2522 τῆς
2614 2447 2865 2527 ἑνότητος
2902 2454 2999 2525 τῆς
3043 2454 3203 2508 αὑτοῦ
3256 2458 3543 2526 μετασχεῖν
3585 2456 3744 2527 εὔχε-

2180 2558 2299 2593 ται’
2344 2541 2402 2593 οὐ
2454 2539 2594 2594 κατὰ
2639 2542 2955 2611 Μάρκελλον
3007 2543 3099 2597 τοῦ
3143 2545 3313 2613 Λόγου
3344 2546 3609 2616 ἑνωμένου
3663 2539 3744 2617 τῷ

2182 2630 2317 2701 Θεῷ,
2346 2630 2440 2683 καὶ
2466 2632 2529 2701 τῇ
2559 2630 2716 2702 οὐσίᾳ
2746 2632 3213 2703 συναφθησομένου
3235 2650 3249 2665 ο
3273 2634 3451 2696 καθὼς
3477 2635 3532 2686 δὲ
3562 2636 3742 2707 ἐμαρ-

2182 2721 2412 2793 τύρησεν
2444 2723 2476 2792 ἡ
2511 2722 2757 2792 ἀλήθεια,
2791 2722 2819 2775 ὁ
2846 2723 3031 2794 Σωτὴρ
3064 2724 3226 2787 αὐτὸς
3261 2723 3425 2777 είπὼν
3446 2742 3459 2755 ·
3497 2723 3615 2794 Τὴν
3643 2726 3745 2780 δό-

2184 2814 2298 2879 ξαν
2324 2814 2403 2883 ἢν
2427 2815 2650 2882 ἔδωκάς
2670 2833 2792 2885 μοι,
2820 2814 3043 2869 δέδωκα
3082 2816 3283 2882 αὐτοῖς
3301 2858 3315 2883 ,
3346 2818 3444 2871 ἵνα
3468 2814 3618 2873 ὦσιν
3650 2817 3741 2887 ἐν,

2182 2906 2374 2974 καθὼς
2396 2908 2492 2960 καὶ
2510 2907 2763 2976 ήμεῖςέν
2788 2908 2992 2977 ἐσμεν.
3027 2906 3137 2962 [loc
3166 2919 3249 2964 est
3276 2928 3289 2963 :
3318 2902 3483 2979 Atque
3500 2910 3567 2963 ad
3601 2912 3744 2965 hunc

2182 2999 2391 3052 modum
2423 3015 2514 3052 nos
2557 3014 2729 3053 omnes
2759 3015 2875 3053 cum
2898 2998 3059 3054 Patre
3084 3008 3132 3053 et
3161 2999 3301 3054 Filio
3328 3017 3489 3055 unum
3515 3003 3738 3058 erimus.

2187 3087 2640 3159 Quemadmodum
2680 3090 2816 3142 enim
2840 3091 2949 3159 ipse
2980 3107 3033 3145 se
3076 3099 3126 3144 et
3172 3089 3385 3145 Patrem
3433 3108 3595 3147 unum
3629 3112 3745 3150 esse

2113 3214 2155 3275 C
2191 3179 2347 3238 dixit.
2383 3197 2401 3229 ι
2436 3178 2562 3249 Ego,
2586 3182 2842 3249 inquiens,
2880 3192 2929 3235 et
2963 3184 3122 3237 Pater
3153 3198 3314 3236 unum
3346 3199 3561 3248 sumus;
3594 3203 3613 3236 ι
3664 3187 3744 3245 ita

2187 3278 2486 3339 quoque,ut
2542 3269 2608 3322 ad
2658 3271 2820 3339 ipsius
2884 3272 3229 3327 imitationem
3274 3290 3574 3329 nosomnes
3599 3277 3744 3347 ejus-

2188 3357 2303 3412 dem
2330 3360 2537 3413 unionis
2557 3362 2835 3429 participes
2857 3363 3039 3429 simus,
3068 3371 3305 3432 precatus
3332 3373 3426 3418 est.
3454 3363 3577 3420 Non
3603 3368 3744 3437 quod

2200 3447 2443 3513 Verbum,
2471 3459 2529 3503 ut
2562 3449 2846 3507 Marcellus
2876 3452 3002 3520 vult,
3036 3455 3249 3509 uniatur
3273 3453 3401 3522 Deo,
3425 3467 3472 3511 et
3493 3459 3745 3512 substan-

2191 3540 2387 3593 tiatiter
2420 3542 2518 3609 ipsi
2547 3541 2894 3614 conjungatur
2915 3561 2934 3599 :
2964 3546 3053 3601 sed
3092 3555 3150 3600 ut
3180 3546 3390 3611 veritas,
3426 3549 3530 3616 ipse
3558 3547 3746 3604 Serva.

2192 3638 2273 3682 tor
2307 3632 2525 3696 scilicet;
2564 3634 2878 3703 testiﬁcatur
2908 3636 3117 3693 dicens:
3152 3656 3170 3688 ι
3208 3637 3440 3693 Gloriam
3467 3656 3626 3710 quam
3658 3640 3744 3695 dc-

2188 3719 2317 3773 disti
2344 3723 2470 3775 milii
2494 3723 2617 3778 dedi
2650 3726 2746 3792 eis,
2779 3738 2835 3777 ut
2866 3727 2970 3781 sint
2999 3743 3161 3780 unum
3195 3731 3330 3781 sicut
3361 3741 3408 3782 et
3445 3722 3537 3783 nos
3576 3736 3742 3784 unum

2187 3807 2366 3867 sumtis
2398 3814 2577 3882 (Joan.
2619 3831 2754 3879 xvu,
2796 3815 2941 3884 22).»
2979 3814 3078 3871 Ubi
3106 3819 3361 3874 unitatem
3401 3820 3544 3873 illam
3576 3825 3744 3880 subs-

2188 3904 2463 3959 tantialem
2530 3903 2706 3960 Patris
2768 3922 2889 3981 cum
2950 3906 3101 3962 .Filio
3180 3908 3415 3965 dilucide
3499 3899 3743 3983 esplodit

2188 3992 2486 4063 Eusebius;
2519 3995 2749 4074 vultque
2788 4004 2997 4069 tantum
3044 3998 3189 4052 illam
3236 3999 3496 4054 unitatem
3543 4017 3742 4060 conce-

2188 4083 2335 4148 dere,
2368 4099 2474 4154 qua
2505 4102 2573 4153 ex
2602 4086 2909 4159 dignatione
2936 4091 3165 4160 quadam
3202 4090 3375 4149 Pater.
3392 4091 3586 4173 Filium
3625 4097 3743 4166 glo-

2187 4175 2281 4229 riae
2308 4190 2417 4231 sua:
2447 4179 2763 4249 participem
2797 4181 2978 4244 ellicit,
3005 4189 3066 4237 ut
3092 4190 3145 4238 et
3170 4181 3338 4238 Filius
3366 4200 3467 4241 nos
3493 4188 3741 4255 ejusdem

2185 4266 2369 4337 gloriae
2411 4278 2692 4328 consortes
2729 4272 2983 4328 reddidit.
3021 4273 3135 4327 Sub
3181 4274 3294 4347 inec
3340 4283 3520 4331 autem
3562 4279 3741 4333 eidem

2186 4361 2598 4431 comprobanda
2626 4366 2905 4420 sententiae
2933 4372 3079 4420 totus
3106 4353 3330 4433 inSistit,
3354 4378 3515 4439 atque
3548 4371 3624 4425 ita
3653 4370 3742 4426 de-

2184 4466 2332 4505 mum
2360 4454 2668 4509 concludit:
2711 4454 2897 4517 Οὕτως
2924 4451 3017 4508 οὖν
3046 4456 3103 4509 ἓν
3130 4459 3272 4511 εἰσιν
3302 4460 3331 4512 ὁ
3361 4459 3548 4530 Πατὴρ
3580 4461 3678 4512 καὶ
3708 4462 3737 4513 ὁ

529 4532 732 4571 necesse
761 4529 839 4572 est
866 4537 985 4573 eum
1024 4523 1153 4576 duos
1185 4525 1307 4580 deos
1336 4528 1514 4596 fateri,
1539 4532 1627 4599 qui
1651 4531 1784 4587 duas
1809 4536 2080 4591 admiserit

2186 4542 2311 4605 Υἱὸς
2347 4545 2485 4598 κατὰ
2522 4546 2621 4617 τὴν
2666 4546 2944 4599 κοινωνίαν
2985 4548 3084 4617 τῆς
3122 4549 3296 4621 δόξης,
3332 4547 3399 4622 ἧς
3428 4555 3538 4614 τοῖς
3571 4553 3738 4607 αὐτοῦ

529 4606 853 4663 substantias
876 4626 894 4663 :
935 4628 1035 4665 non
1071 4615 1207 4666 enim
1236 4616 1359 4671 illas
1398 4619 1592 4675 honore
1627 4637 1777 4690 pares
1813 4640 1922 4677 esse
1962 4627 2083 4696 deﬁ-

530 4699 735 4765 nimus;
764 4701 838 4754 ita
871 4710 930 4756 ut
977 4712 1199 4762 eatenus
1243 4710 1501 4765 unitatem
1540 4714 1756 4770 deitatis
1799 4718 1961 4770 statui
1993 4735 2083 4773 ve—

528 4788 610 4855 lit,
645 4801 913 4860 quatenus
941 4796 1031 4848 illa
1069 4798 1245 4867 prima
1282 4800 1473 4863 deitas,
1506 4805 1847 4877 primumque
1882 4808 2085 4877 princi-

527 4882 675 4951 pium
726 4883 782 4937 in
832 4902 941 4941 uno
988 4888 1151 4945 Patre
1201 4902 1467 4957 servatur,
1514 4896 1600 4950 cui
1655 4898 1814 4969 longe
1864 4898 2084 4955 inferior

528 4973 670 5031 Deus
711 4975 899 5042 Filius,
944 4982 997 5034 in
1049 4987 1254 5039 unitate
1297 4985 1388 5039 illa
1429 5001 1538 5040 non
1573 4991 2079 5059 comprehendatur.

528 5063 680 5154 Quod
719 5067 806 5121 ille
840 5069 1036 5124 ibidem
1076 5074 1303 5129 allirinat
1344 5076 1429 5130 his
1468 5079 1684 5134 verbis:
1735 5082 1889 5136 Ἀλλὰ
1922 5084 2080 5154 φοϐῇ,

524 5148 570 5206 ὧ
599 5157 866 5227 ἄνθρωπε,
903 5162 976 5231 μὴ
1013 5164 1104 5215 δύο
1136 5167 1455 5231 ὑποστάσεις
1482 5170 1837 5241 ὁμολογήσας,
1870 5175 1961 5227 δύο
1988 5177 2083 5246 ἀρ-

526 5245 625 5312 χὰς
651 5251 980 5319 εἰσαγάγοις,
1015 5256 1106 5307 καὶ
1138 5259 1233 5327 τῆς
1264 5263 1595 5331 μοναρχικῆς
1629 5261 1873 5332 θεότητος
1918 5266 2079 5319 ἐκπέ-

532 5352 662 5399 σοις.
698 5341 945 5395 Μάνθανε
991 5345 1187 5411 τοίνυν,
1236 5349 1328 5414 ὡς,
1365 5351 1480 5414 ἐνὸς
1521 5352 1670 5415 ὄντος
1715 5355 1948 5426 ἀνάρχου
1992 5358 2083 5409 καὶ

529 5428 818 5499 ἀγεννὴτου
859 5434 1013 5499 Θεοῦ,
1063 5437 1152 5489 τοῦ
1196 5439 1250 5491 δὲ
1283 5441 1411 5494 Υἱοῦ
1446 5442 1505 5506 ἐξ
1543 5444 1706 5497 αὑτοῦ
1754 5449 2081 5518 γεγεννημέο

527 5536 639 5584 νου,
674 5521 768 5590 μία
804 5524 950 5579 ἔσται
981 5529 1142 5599 ἁρχὴ,
1174 5534 1436 5603 μοναρχία
1464 5551 1523 5586 τε
1550 5536 1642 5588 καὶ
1672 5536 1912 5604 βασιλεία
1948 5542 2043 5610 μία
2070 5561 2077 5571 -τ

599 5652 1254 5736 (t‘a)_ggmmcitt._in_Psal.
1280 5680 1332 5733 p.
1375 5665 1461 5729 86,
1499 5668 1621 5728 ΞΜ,
1652 5669 1775 5731 557,
1803 5671 1924 5736 358,
1955 5673 2077 5733 379..

527 5720 652 5803 sit}.
683 5723 810 5803 σῃ,
846 5728 969 5787 MU,
998 5731 1121 5795 isti,
1155 5720 1924 5803 iii,':ss,':;5i,'532;'sit:
1952 5720 2075 5802 ἑοῖ

531 5791 662 5857 ε;98;
712 5790 1007 5852 υσηιοηειικ
1048 5790 1226 5873 evang.
1267 5790 1390 5870 in,
1427 5790 2076 5881 'tts,i'i}tb','e't's,'2‘:§s;

2186 4635 2447 4705 μαθηταῖς
2482 4637 2742 4708 μεταδιδοῖ
2764 4662 2808 4695 ς..
2832 4639 2929 4708 τῆς
2952 4639 3117 4709 αὐτῆς
3145 4640 3385 4703 ὲνὼσεως
3418 4643 3509 4695 καὶ
3541 4645 3740 4708 αὐτοὺς

2181 4726 2353 4795 ἠξίου,
2379 4728 2480 4782 hoc
2501 4734 2584 4782 est
2619 4746 2632 4780 :
2669 4728 2759 4781 Ita
2785 4727 2947 4784 Pater
2978 4741 3024 4784 et
3052 4729 3227 4785 Filius
3253 4748 3415 4785 unum
3446 4745 3568 4787 sunt
3602 4752 3739 4789 com-

2182 4819 2421 4872 munione
2462 4820 2675 4889 gloriae:
2719 4836 2875 4888 quam
2920 4811 3037 4874 cum
3081 4822 3349 4889 discipulis
3393 4824 3503 4877 suis
3542 4826 3738 4894 impera

2184 4906 2300 4969 tiat,
2326 4909 2555 4975 ejusdem
2587 4925 2672 4962 eos
2703 4912 2912 4965 unionis
2944 4913 3220 4979 participes
3253 4914 3421 4982 eﬂicit.
3452 4913 3567 4981 Qua
3595 4917 3650 4970 in
3680 4932 3739 4972 re

2183 5000 2371 5067 grandi
2411 5002 2771 5070 paralogismo
2815 5004 2985 5056 utitur
3013 5002 3299 5070 Eusebius,
3330 5012 3388 5059 ut
3417 5005 3557 5061 infra
3591 5008 3736 5062 vide-

2181 5088 2346 5155 bitur,
2376 5089 2503 5145 dum
2552 5092 2810 5147 unitatem
2844 5095 2987 5147 illam
3016 5093 3217 5161 gloriae,
3256 5096 3309 5149 in
3350 5110 3510 5164 quam
3554 5112 3623 5151 ex
3655 5098 3728 5152 di-

2183 5181 2436 5246 gnatione
2488 5189 2696 5235 tantum
2742 5182 2993 5250 discipuli
3041 5183 3242 5239 Christi
3289 5195 3574 5251 vocantur,
3618 5188 3734 5256 pari

2182 5271 2341 5327 modo
2378 5287 2409 5325 a
2455 5272 2613 5335 Patre
2654 5274 3041 5329 communicari
3082 5273 3215 5330 Filio
3254 5290 3372 5343 suo,
3403 5284 3565 5347 atque
3610 5280 3735 5333 hinc

2184 5364 2594 5421 substantialem
2643 5368 2901 5422 unitatem
2952 5368 3185 5433 excludi,
3232 5371 3527 5426 contendit.
3585 5371 3734 5425 lianc

2182 5471 2345 5526 porro
2372 5457 2589 5514 deitatis
2614 5460 2875 5513 unitatem
2901 5468 2954 5513 et
2982 5461 3345 5515 monarchiam
3377 5464 3648 5518 sexcentis
3677 5463 3731 5517 in

2184 5548 2317 5603 locis
2347 5548 2423 5620 (a)
2450 5549 2607 5607 docet
2634 5550 2742 5616 ille,
2778 5566 2897 5620 qua:
2925 5567 2993 5606 ne
3038 5552 3246 5624 longius
3282 5553 3613 5610 abducamur
3644 5556 3729 5610 iii-

2178 5680 2580 5808 fgptria‘rarc.
2603 5684 2690 5752 65,
2722 5684 2808 5753 66,
2840 5685 2927 5753 69,
2957 5686 3044 5756 70,
3068 5688 3156 5756 90,
3188 5688 3274 5753 οδ,
3311 5687 3575 5751 106,107.
3608 5689 3728 5757 uo,

2291 5793 2304 5820 ,
2343 5793 2458 5808 ν...
