3956 6340
224 403 295 461 35
337 457 340 459 .
995 402 1488 460 COMMENTARIA
1528 402 1593 456 IN
1633 399 1962 456 PSALMOS.
2003 431 2072 444 ——
2111 392 2644 459 PRELIMINARIA.
3354 407 3424 460 δι

225 524 416 580 dicare
447 525 622 580 solum
650 524 896 581 suilli-ist.
940 524 1206 580 Caeterum
1244 525 1333 578 ubi
1360 540 1461 579 vox
1489 525 1779 587 ὑπόστασις
1807 543 1850 593 Α
1878 531 2011 575 erat.
2055 519 2122 580 Et
2158 521 2247 575 ille
2288 520 2491 590 quidem
2527 536 2617 588 per
2660 521 2884 590 seipsum
2917 522 3176 592 perfectus
3217 533 3266 578 et
3312 527 3424 593 pri-

226 617 492 683 occurrit,
525 631 626 673 nos
658 617 1005 671 substantiam
1056 619 1346 683 vertimus;
1379 624 1491 669 tum
1539 617 1664 685 quia
1699 614 1779 669 sic

227 706 452 763 Eusebii
480 724 593 763 aevo
621 724 684 763 ex
728 716 947 779 recepto
989 724 1140 764 more
1170 709 1552 779 accipiebatur,
1583 715 1641 761 ut.
1677 706 1778 762 ba-

227 799 322 854 bet
370 799 734 867 Athanasius;
778 811 892 857 tum
933 803 1245 878 quia,tcum
1289 799 1558 858 Eusebius
1599 798 1780 852 diver-

229 905 349 945 sam
385 891 442 945 in
476 890 636 948 Patre
673 903 728 949 et
755 893 893 948 Filio
933 893 1289 950 substantiam
1321 891 1570 947 admittat
1599 896 1653 944 et
1679 889 1772 943 do-

227 987 373 1045 ceat,
417 982 624 1037 inutilis
668 999 798 1040 sane
839 983 995 1040 fuerit
1039 997 1390 1055 personarum
1427 991 1482 1038 et
1525 981 1781 1054 byposta-

228 1073 373 1126 sium
399 1075 613 1145 vulgata
639 1077 940 1132 distinctio.

228 1228 309 1277 IV.
333 1231 554 1300 Diversa.-
573 1230 1268 1300 substantia.—-_‘v'._ln_terpres
1284 1232 1497 1300 Latinus
1509 1234 1773 1300 Demonstr.

281 1293 874 1405 ῗὲίὲἰξεέιὶεῗειὲξῗῗὺωω
911 1295 974 1369 de
999 1293 1232 1351 industria
1262 1295 1324 1345 ad
1346 1297 1627 1347 catholicam
1663 1310 1778 1346 seu-

404 1372 415 1402 l
730 1394 741 1403 .

297 1502 456 1560 Licet
493 1512 671 1559 autem
718 1520 784 1559 ex
829 1503 1124 1574 praemissis
1165 1505 1443 1575 propalam
1493 1506 1564 1562 sit
1607 1505 1777 1561 Ense-

225 1595 375 1651 bium
407 1596 673 1652 diversam
719 1609 750 1650 a
780 1603 1002 1667 paterna
1039 1596 1396 1652 substantiam
1434 1604 1489 1651 et
1524 1597 1778 1653 deitatem

226 1686 282 1740 in
312 1685 450 1742 Filio
473 1687 802 1744 constituere
827 1705 840 1743 :
873 1703 999 1742 nam
1021 1688 1159 1743 duas
1189 1688 1244 1752 in
1265 1687 1604 1743 allatitlocis
1647 1689 1779 1744 sub—

226 1774 462 1828 stantias
505 1782 688 1844 aperte
745 1775 1066 1845 proﬁtetur:
1109 1781 1164 1830 et
1205 1791 1336 1832 sane
1382 1778 1474 1848 qui
1515 1779 1777 1834 unitatem

1879 630 2028 677 mus,
2085 622 2258 682 utpote
2304 613 2495 677 Pater,
2532 624 2581 667 et
2628 615 3010 666 constitutionis
3051 612 3184 668 Filii
3235 631 3421 676 causa,

1877 706 2010 759 nihil
2052 705 2121 758 ad
2169 705 2381 759 deitatis
2414 720 2522 759 sua:
2565 703 2989 772 complementum
3026 723 3058 758 a
3092 704 3235 760 Filio
3278 709 3422 760 acci-

1877 799 2052 866 piens;
2081 798 2164 851 hic
2197 806 2370 850 autem
2397 804 2645 866 tanquam
2668 811 2732 849 ea:
2760 813 2919 851 causa
2943 797 3112 866 factus
3144 798 3312 867 ﬁlius,
3341 816 3424 853 se-

1876 887 2074 942 cundus
2100 897 2176 948 est
2209 887 2272 940 ab
2298 905 2357 941 eo
2387 887 2534 955 cujus
2569 897 2645 941 est
2682 888 2847 957 ﬁlius,
2875 885 3056 958 quippe
3080 891 3169 959 qui
3198 907 3231 943 a
3260 889 3424 943 Patre

1875 987 1925 1032 et
1953 987 2009 1030 ut
2037 978 2128 1044 sit,
2154 986 2203 1031 et
2229 988 2285 1031 ut
2317 977 2441 1031 talis
2471 978 2560 1039 sit,
2597 979 2863 1046 acceperit.
2894 978 2970 1031 Ac
2996 995 3225 1043 rursum,
3250 981 3424 1051 splen-

1876 1067 1975 1122 dor
2021 1067 2225 1139 quidem
2272 1083 2374 1122 non
2419 1083 2484 1122 ex
2509 1068 2787 1136 proposito
2823 1077 2870 1120 et
2905 1069 3167 1122 voluntate
3210 1069 3424 1127 luminis

1875 1159 2131 1228 splendet,
2155 1157 2244 1212 sed
2273 1158 2550 1212 secundum
2576 1158 2812 1212 accidens
2840 1159 3103 1229 quidpiam
3124 1176 3157 1212 a
3178 1159 3425 1215 substan-

1879 1252 1953 1305 tia
1979 1251 2355 1325 inseparabile;
2386 1249 2556 1304 Filius
2587 1268 2702 1305 vero
2722 1267 2785 1304 ea:
2811 1253 3066 1306 sententia
3093 1262 3140 1306 et
3161 1255 3423 1322 proposito

1875 1342 2179 1405 uoluntatis,
2209 1343 2382 1411 imago
2417 1341 2595 1397 Patris
2625 1341 2875 1396 substitit.
2909 1341 3094 1398 Valens
3129 1345 3264 1398 enim
3286 1344 3424 1399 Deus

1876 1431 2009 1486 Filii
2041 1433 2200 1485 Pater
2225 1433 2448 1495 exstitit,
2482 1449 2544 1486 ac
2580 1433 2863 1487 secundum
2903 1433 3076 1488 lumen
3123 1451 3228 1504 per,
3250 1435 3426 1488 omnia

1875 1524 2044 1577 simile
2071 1524 2172 1576 sibi
2201 1522 2482 1576 subsistere
2509 1523 2586 1595 (a)
2616 1524 2756 1591 fecit.
2790 1523 2893 1580 Ubi
2927 1527 3192 1595 interpres
3220 1526 3333 1581 sive
3359 1541 3426 1580 ex

1787 1665 1797 1673 .
1877 1616 2041 1670 insito
2083 1629 2210 1684 erga
2257 1613 2547 1668 Eusebium
2599 1613 2826 1681 aﬂ‘ectu;
2868 1615 2982 1671 sive
3015 1617 3119 1670 alia
3148 1618 3325 1686 ignota
3358 1617 3428 1673 de

1877 1719 2062 1767 causa,
2093 1705 2260 1758 multa
2279 1718 2438 1758 secus
2465 1702 2638 1774 posita
2663 1703 2729 1758 ad
2760 1705 3080 1760 catholicam
3101 1705 3426 1763 sententiam

1877 1811 1974 1866 pro
2007 1809 2157 1850 more
2191 1809 2289 1850 suo
2325 1793 2540 1849 deﬂexit
2579 1813 2592 1848 :
2622 1809 2745 1848 nam
2774 1794 2920 1859 illud,
2954 1793 3072 1848 καθ’
3101 1795 3291 1849 ἑαυτὸν
3334 1798 3428 1851 οὐ-

226 1866 480 1937 principii
516 1874 572 1921 et
607 1866 824 1924 deitatis
866 1868 920 1922 in
961 1884 1070 1924 uno
1118 1868 1298 1934 Patre,
1349 1871 1570 1927 excluso
1618 1868 1774 1936 Filio,

1883 1888 2156 1958 σιωμένος,
2184 1886 2264 1942 sic
2299 1886 2578 1941 transtulit
2604 1905 2618 1940 :
2655 1883 2775 1940 Non
2802 1901 2891 1954 per
2924 1889 3146 1956 seipsum
3178 1887 3426 1943 substan—

225 1967 427 2022 servat,
475 1967 867 2029 consequenter
919 1960 1080 2014 aliam
1125 1962 1180 2015 in
1227 1959 1363 2016 Filio
1411 1969 1466 2016 et
1503 1961 1772 2017 diversam

191 2049 584 2125 .substantiam
612 2057 664 2105 et
695 2051 968 2115 deitatem,
1009 2053 1054 2107 si
1091 2043 1310 2122 quidem
1349 2051 1490 2109 Deus
1532 2053 1622 2116 sit,
1666 2062 1776 2108 sta-

226 2144 344 2193 tuat
373 2153 596 2195 necesse
623 2147 746 2208 est;
772 2157 800 2196 e
821 2157 880 2197 re
908 2152 1087 2198 tamen
1119 2143 1374 2199 fuerit'ex
1396 2145 1581 2201 multis
1604 2160 1777 2215 pauca

226 2227 446 2286 Eusebii
477 2231 596 2287 loca
637 2231 694 2288 in
734 2232 971 2288 medium
1015 2233 1226 2301 alTerre,
1268 2235 1358 2290 ubi
1409 2236 1498 2290 ille
1527 2237 1779 2291 substan-

227 2323 356 2378 tiam
392 2331 448 2379 et
465 2325 716 2380 deitatem
747 2325 889 2392 Filii,
923 2341 953 2381 a
981 2335 1202 2398 paterna
1226 2329 1385 2384 aliam
1408 2339 1461 2384 et
1486 2329 1775 2393 diversam,

229 2422 550 2496 separatam,
577 2419 785 2490 ipsique
811 2421 982 2506 multo
1005 2420 1312 2478 inferiorem
1349 2431 1779 2480 commonstrare

229 2511 446 2564 nititur:
483 2509 624 2566 unde
654 2513 818 2566 etiam
860 2513 1075 2582 planius
1118 2515 1310 2570 evadat
1339 2517 1481 2585 quod
1529 2519 1780 2589 superius

232 2603 512 2670 probatum
543 2611 648 2667 est,
695 2602 986 2659 Eusebium
1030 2606 1281 2662 videlicet
1325 2609 1586 2666 unitatem
1628 2610 1780 2680 prin-

231 2690 357 2759 cipii
388 2703 441 2746 et
488 2692 704 2748 deitatis
733 2693 786 2747 in
827 2710 933 2750 uno
980 2693 1160 2763 Patre,
1197 2699 1421 2754 exeluso
1462 2697 1640 2761 Filio.-
1669 2708 1782 2754 sta-

231 2791 404 2836 tuere.
442 2783 530 2836 Ait
572 2783 735 2852 igitur
811 2784 865 2838 in
943 2784 1396 2840 Demonstratione
1465 2789 1777 2859 euangelica,

235 2872 272 2927 Ι.
303 2888 377 2937 tv,
411 2889 459 2928 c.
500 2876 554 2957 ᾇ,
586 2891 636 2945 p.
666 2875 764 2928 147
797 2895 810 2930 :
853 2876 1009 2942 Ἀλλὰ
1050 2877 1143 2930 τοῦ
1180 2873 1276 2947 μὲν
1326 2878 1576 2949 αἰσθητοῦ
1609 2880 1782 2950 φωτὸς

217 2965 523 3039 νὰχὼριστος
552 2971 584 3040 ἡ
618 2971 792 3042 αὐτη,
811 2973 839 3024 6
863 2972 918 3024 δὲ
951 2972 1075 3036 Υἱὸς
1087 2975 1426 3046 ἐδίωςπαρὰ
1452 2976 1540 3028 τὸν
1564 2976 1782 3050 Πατέρα

234 3056 358 3113 υκθ⁹
383 3058 569 3112 ἑαυτὸν
602 3061 893 3132 ὑφέστηκε.
940 3063 1046 3116 Καὶ
1081 3060 1254 3132 φωτὸς
1297 3066 1395 3136 μὲν
1425 3068 1457 3137 ἡ
1502 3067 1640 3138 αὐγὴ
1673 3066 1784 3138 χώ-

241 3167 339 3220 ραν
378 3150 651 3223 ἐνεργείας
694 3153 898 3224 ἐπέχει,
937 3155 966 3206 6
997 3155 1055 3209 δὲ
1087 3157 1214 3221 Υἱὸς
1259 3158 1442 3230 ’έτερόν
1489 3178 1540 3216 τι
1581 3160 1784 3233 ἧκα-,τὰ

1876 1980 2003 2032 tiam
2034 1989 2238 2042 nactus,
2270 1977 2358 2032 sed
2385 1995 2415 2032 a
2450 1977 2646 2040 Patre;
2675 1993 2796 2032 cum
2837 1977 3164 2048 disparatam
3206 1979 3426 2033 omnino

1875 2067 2210 2126 sententiam
2228 2069 2413 2124 efferat
2443 2067 2730 2133 Eusebius,
2761 2069 2988 2130 scilicet,
3010 2084 3100 2136 per
3127 2085 3180 2123 se
3199 2078 3250 2122 et
3282 2085 3426 2124 seor-

1875 2164 1972 2216 sim
1995 2161 2357 2234 substantiam.
2375 2159 2589 2216 habens.
2620 2159 2746 2214 Pari
2773 2160 2931 2215 modo
2966 2161 3096 2215 illud
3124 2161 3214 2214 :'O
3243 2161 3428 2215 δὲΠαο

1874 2254 1974 2326 τὴρ
2025 2254 2364 2326 προϋπάρχει
2415 2252 2509 2306 τοῦ
2553 2251 2704 2314 Υἱοῦ,
2736 2253 2826 2305 καὶ
2857 2252 2956 2321 τῆς
2979 2253 3238 2320 γενέσεως
3265 2251 3428 2306 αὑτοῦ

1875 2346 2303 2417 προῦφέστηκεν,
2335 2339 2369 2419 ᾗ
2403 2345 2557 2417 μόνος
2580 2344 2868 2414 ἀγέννητὸς
2890 2338 2976 2414 ἦν’
3026 2344 3103 2399 sic
3125 2344 3210 2398 ille
3236 2345 3424 2398 vertit:

1877 2438 1943 2489 At
1972 2453 2004 2489 a
2030 2436 2190 2492 Patre
2218 2436 2392 2492 Filius
2432 2437 2684 2506 procedit,
2713 2445 2761 2489 et
2790 2434 2941 2489 illum
2976 2447 3208 2504 generat,
3239 2445 3292 2488 at
3321 2436 3432 2503 ipse

1877 2546 1977 2584 non
2010 2531 2212 2600 genitus
2258 2541 2355 2585 est.
2403 2531 2472 2585 At
2504 2544 2629 2585 vera
2663 2529 2929 2584 sententia
2958 2511 3072 2582 haec
3115 2535 3200 2584 est
3231 2546 3244 2581 :
3271 2526 3434 2583 Pater
3505 2599 3508 2602 η

1878 2629 2052 2674 autem
2085 2619 2226 2674 Filio
2254 2618 2671 2688 prmersistebat,
2698 2626 2748 2670 et
2787 2626 2904 2672 ante
2947 2628 3118 2672 ortum
3149 2617 3260 2686 ejus
3290 2617 3432 2686 επεὶ-τ

1876 2711 2064 2775 stebat,
2085 2721 2336 2781 quatenus
2359 2709 2502 2763 solus
2530 2725 2632 2763 non
2652 2709 2853 2778 genitus
2881 2719 3014 2764 erat.
3041 2708 3132 2763 Sic
3155 2710 3317 2766 etiam
3342 2710 3433 2763 ille

1879 2802 1991 2857 fere
2035 2802 2234 2871 ubique
2281 2799 2498 2856 Eusebii
2541 2799 2684 2854 dicta
2715 2799 2767 2852 in
2796 2798 2957 2852 aliam
2985 2801 3303 2854 sententiam
3337 2799 3432 2852 de-

1879 2891 2060 2953 torsit,
2093 2896 2152 2943 ut
2177 2888 2499 2944 catholicum
2529 2889 2776 2943 redderet
2810 2905 2822 2940 :
2859 2903 2983 2942 nam
3015 2887 3108 2942 lib.
3134 2903 3209 2950 IV,
3255 2903 3304 2940 c.
3339 2887 3429 2953 l5,

1881 3000 1933 3054 p.
1968 2983 2088 3048 173,
2119 2984 2231 3038 haec
2260 2982 2476 3038 Eusebii
2499 2983 2682 3050 verba,
2710 2984 2818 3036 Kal.
2847 2983 3002 3054 μόνον
3032 2981 3091 3046 ἐξ
3121 2980 3282 3036 αὑτοῦ
3309 2998 3434 3050 γενο-

1881 3076 2107 3147 νηοέντα
2159 3075 2290 3129 Θεὸν
2335 3075 2526 3144 Λόγον,
2563 3077 2758 3147 μετοχῇ
2805 3091 2864 3128 τε
2917 3073 3010 3127 cra}
3060 3077 3431 3144 γεννήσαντος,

1883 3169 2173 3243 ὰγεοννήτου
2221 3167 2314 3220 καὶ
2346 3165 2557 3238 πρώτου
2590 3167 2682 3219 καὶ
2714 3166 2974 3237 μείζονος,
3009 3165 3141 3218 Θεὸν
3190 3167 3255 3218 ὲκ
3300 3165 3434 3220 Θεοῦ

238 3241 506 3331 ένέργειαν
530 3245 800 3313 τυγχάνει,
828 3245 947 3298 καθ’
973 3248 1159 3302 ἑαυτὸν
1179 3249 1524 3331 οὐσιωμένος.
1545 3252 1665 3306 Καὶ
1687 3253 1785 3308 πά-
1809 3235 1854 3297 C
1884 3235 2277 3329 ἀιτόφανθέντα,
2303 3235 2530 3331 Χριστὸν
2550 3261 2643 3314 καὶ
2669 3235 2989 3330 ὴλειμμένον
3013 3257 3334 3322 ἀπεκάλεσε,
3357 3259 3437 3312 sic

239 3330 338 3398 λιν,
371 3335 403 3403 ἡ
455 3334 552 3404 μὲν
585 3336 724 3406 αὐγὴ
763 3337 1095 3408 σννυπάρχει
1132 3328 1208 3411 τῷ
1249 3343 1406 3410 φωτὶ,
1453 3345 1783 3417 συμπληρω-

239 3427 360 3498 τική
392 3445 472 3509 τις
502 3425 633 3481 οὖσα
672 3429 864 3482 αὑτοῦ·
911 3433 1037 3485 ἄνευ
1071 3432 1178 3504 γὰρ
1211 3436 1384 3505 αὐγῆς
1417 3437 1516 3490 οὐκ
1545 3437 1610 3491 ἂν
1657 3439 1786 3490 ὑποο

244 3522 395 3590 σταίη
441 3520 575 3589 φῶς,
607 3521 739 3590 ὁμοῦ
765 3537 824 3574 τε
857 3522 951 3574 καὶ
981 3525 1101 3574 κατ’
1127 3525 1259 3578 αὐτὸ
1292 3527 1690 3598 συνυφέστηκεν
1713 3546 1725 3558 ·
1757 3531 1785 3581 6

242 3609 299 3665 δὲ
328 3610 504 3682 Πατὴρ
544 3611 882 3684 προῦπάρχει
925 3613 1016 3665 τοῦ
1056 3613 1206 3677 Υἱοῦ,
1242 3616 1336 3667 καὶ¹
1377 3616 1476 3686 τῆς
1520 3619 1786 3686 γενέσεως

245 3704 401 3760 αὑτοῦ
431 3704 854 3775 προῦερὲστηκεν,
966 3706 1124 3776 μόνος
1165 3707 1453 3776 ἀγέννητὸς
1497 3705 1582 3780 ἦν.
1618 3711 1726 3764 Καὶ
1759 3715 1785 3765 ὁ

250 3798 346 3869 μὲν
381 3798 494 3852 καθ’
528 3798 713 3852 ἑαυτὸν
746 3797 943 3863 τέλειος
971 3800 1062 3852 καὶ
1094 3799 1324 3871 πρῶτος,
1349 3802 1421 3864 ὡς
1452 3802 1655 3872 Πατὴρ,
1692 3803 1786 3856 καὶ

247 3889 341 3962 τῆς
378 3889 468 3944 τοῦ
506 3890 635 3944 Υἱοῦ
681 3890 985 3954 συστάσεως
1017 3886 1204 3956 αἴτιος,
1243 3892 1391 3945 οὐδὲν
1439 3893 1517 3957 εἰς
1552 3894 1788 3965 συμπλή-

254 3996 407 4049 ρωσιν
442 3980 537 4049 τῆς
579 3978 768 4033 ἑαυτοῦ
806 3978 1051 4048 θεότητος
1092 3978 1240 4051 παρὰ
1282 3979 1375 4032 τοῦ
1416 3979 1544 4032 Υἱοῦ
1583 3979 1790 4048 λαμϐά-

252 4085 385 4122 νων*
412 4074 439 4124 6
476 4071 530 4123 δὲ
559 4071 632 4134 ib;
678 4073 736 4136 ἐξ
781 4074 951 4127 αἰτίου
999 4071 1234 4140 γεγονὼς
1277 4071 1410 4134 υἱὸς,
1451 4070 1697 4140 δεύτερος
1727 4063 1787 4122 οὗ

254 4161 389 4216 ἐστιν
413 4165 864 4235 υίὸςικαοέστηκε,
898 4165 1046 4237 παρὰ
1071 4165 1164 4218 τοῦ
1193 4164 1400 4236 Πατρὸς
1421 4164 1513 4218 καὶ
1542 4164 1602 4216 τὸ
1631 4161 1804 4228 εἶναι,

256 4254 562 4322 καὶτοιόσδε
608 4253 744 4309 εἶναι
790 4257 1042 4328 εἰληφώς.
1087 4259 1194 4310 Καὶ
1231 4258 1467 4328 1:51}.th}
1519 4257 1614 4327 μὲν
1652 4257 1790 4326 αὑτὴ

258 4346 314 4396 εὖ
345 4347 474 4399 κατὰ
505 4349 816 4418 προαίρεσιν
851 4349 941 4401 τοῦ
977 4349 1149 4417 φωτὸς
1172 4348 1459 4417 ἐκλάμπει,
1493 4348 1630 4400 κατά
1655 4365 1706 4398 τι
1736 4347 1792 4399 δὲ

260 4436 362 4504 τῆς·
384 4436 561 4500 οὐσίας
589 4437 928 4509 συμϐεϐηκὸς
959 4438 1286 4510 ἀχώριστον·
1331 4441 1358 4492 ὁ
1396 4439 1453 4491 δὲ
1496 4439 1620 4500 Υἱὸς
1652 4439 1794 4491 κατὰ

262 4526 466 4598 γνώμην
508 4528 599 4581 καὶ
644 4529 955 4600 προαίρεσιν
1000 4528 1160 4583 εἰκὼν
1192 4531 1392 4600 ὑπέστη
1437 4530 1528 4582 τοῦ
1563 4530 1790 4600 Πατρός.

263 4620 531 4693 Βουληοεὶς
555 4621 661 4693 γὰρ
688 4624 717 4675 6
746 4621 876 4686 Θεὸς
903 4621 1122 4688 γέγονεν
1155 4621 1280 4674 Υἱοῦ
1311 4621 1518 4691 Πατὴρ,
1559 4620 1652 4673 καὶ
1679 4621 1792 4689 φῶς

264 4712 491 4785 δεύτερον
530 4714 668 4769 κατὰ
695 4715 866 4769 πάντα
901 4713 1075 4783 ἐαυτῷ
1102 4714 1524 4784 ἀφωμοιωμένον
1560 4715 1794 4782 ὑπεστή-

269 4822 400 4862 σατο.
427 4809 552 4876 Qua:
580 4811 659 4864 sic
699 4825 798 4879 ego
829 4808 1182 4876 interpretor:
1219 4805 1320 4858 Sed
1350 4823 1381 4858 a
1411 4806 1644 4859 sensibili
1679 4808 1795 4875 qui-

266 4897 369 4952 dem
393 4900 579 4956 lumine
600 4901 843 4970 splendor
869 4898 1106 4970 separari
1130 4915 1230 4951 non
1251 4905 1437 4966 potest,
1473 4897 1644 4952 Filius
1678 4916 1794 4952 vero

268 5005 482 5046 seorsum
521 5012 552 5049 α
587 4993 749 5049 Patre
777 5010 867 5064 per
907 4995 1130 5062 seipsum
1165 4990 1420 5045 subsistit.
1465 4991 1536 5042 Ac
1587 4991 1795 5044 luminis

241 5083 453 5150 quidem
477 5087 721 5156 splendor
743 5087 912 5140 locum
942 5085 1223 5157 eﬁicientia:
1253 5082 1468 5144 obtinet,
1505 5080 1677 5135 Filius
1703 5100 1791 5136 au-

268 5178 358 5224 tem
396 5176 537 5230 aliud
562 5179 830 5249 quidpiam
859 5195 1015 5248 quam
1042 5175 1320 5232 secundum
1350 5175 1673 5242 e/ﬁcientiam
1699 5190 1789 5228 est.

267 5275 351 5319 Μ’
376 5267 593 5338 seipsum
621 5269 921 5325 substantia
961 5269 1234 5341 prtcditus.
1275 5267 1522 5331 Rursum,
1555 5267 1799 5336 splentlw

197 5357 204 5364 ’
266 5362 412 5414 simul
449 5364 651 5416 exsistit
704 5379 821 5417 cum
874 5363 1087 5428 lumine,
1139 5361 1370 5432 illudque
1418 5359 1799 5429 quodammodo

275 5454 502 5522 complet:
544 5473 665 5508 nam
695 5456 805 5508 sine
833 5455 1107 5524 splendore
1139 5457 1311 5509 lumm
1335 5454 1659 5523 nequaquam
1686 5451 1799 5504 sub-

279 5546 429 5607 sistat,
457 5548 710 5617 simulque
750 5562 864 5600 cum
906 5547 1000 5599 illo
1037 5563 1098 5600 ac
1139 5546 1421 5602 secundum
1465 5543 1595 5597 illud
1625 5542 1792 5596 subsi-

281 5637 385 5701 stit;
425 5639 576 5695 Pater
626 5649 800 5693 autem
843 5638 984 5692 Filio
1025 5642 1435 5705 prwexsistebat,
1475 5646 1523 5690 et
1561 5645 1679 5689 ante
1711 5651 1796 5688 or-

285 5737 372 5781 tum
420 5733 523 5801 ejus
573 5733 876 5798 exsistebat,
931 5742 1184 5801 quatenus
1235 5732 1375 5783 solus
1435 5728 1792 5798 non-genitus

1883 3352 2159 3406 transtulit
2183 3352 2270 3405 ille
2296 3370 2308 3404 :
2338 3350 2405 3404 Et
2429 3352 2518 3422 qui
2545 3351 2687 3406 solus
2708 3366 2772 3405 ea:
2795 3351 2886 3404 illo
2913 3351 3116 3420 genitus
3140 3348 3278 3402 Deus
3311 3347 3438 3403 Ver-

1883 3447 2022 3508 bum,
2048 3445 2512 3499 communicatione
2527 3445 2784 3516 gignentis
2811 3444 3046 3514 ingeniti,
3070 3441 3210 3496 Deus
3237 3441 3302 3497 de
3325 3441 3436 3496 Deo

1881 3547 1958 3591 est
1989 3535 2309 3598 declaratus,
2341 3535 2608 3590 Christum
2651 3544 2804 3604 atque
2843 3522 3054 3588 unctum
3079 3533 3310 3593 vaeavit;
3341 3533 3436 3588 ubi

1882 3643 2042 3683 voces
2087 3628 2207 3681 illas
2249 3625 2463 3696 πρώτου
2508 3626 2602 3679 καὶ
2640 3624 2898 3697 μείζονος,
2931 3625 3087 3692 primi
3118 3632 3166 3678 ct
3194 3624 3434 3692 majoris,

1883 3717 2223 3788 praetermisit
2252 3718 2360 3783 ille,
2395 3718 2475 3773 sic
2514 3725 2691 3772 autem
2723 3716 3040 3771 vertendum
3076 3714 3175 3770 fuit
3205 3734 3218 3769 :
3254 3713 3321 3767 Et
3350 3731 3437 3768 so-

1881 3810 1990 3863 lum
2035 3825 2100 3863 ea:
2138 3811 2250 3878 ipso
2281 3810 2512 3879 genitum
2549 3807 2715 3862 Deum
2762 3807 3002 3873 Verbum,
3037 3806 3442 3876 participatione

1882 3901 2135 3972 genitoris
2173 3901 2483 3971 non-geniti,
2509 3901 2664 3969 primi
2691 3908 2740 3954 et
2763 3899 3006 3969 majoris,
3035 3897 3198 3952 Deum
3233 3897 3294 3950 de
3328 3894 3437 3950 Deo

1883 3994 2230 4058 declaratum,
2267 3993 2534 4058 Christum
2577 4002 2625 4047 et
2676 4003 2888 4046 unctum
2918 3992 3136 4045 vocavit.
3167 3989 3230 4042 Et
3257 4004 3307 4057 p.
3337 3988 3433 4044 181

1884 4087 1927 4141 Β
1958 4107 1970 4141 ;
2007 4087 2202 4157 Διόπερ
2233 4086 2322 4139 ἐπὶ
2352 4085 2524 4156 τούτῳ
2552 4084 2732 4157 ἔχρισε
2777 4101 2857 4148 σε,
2891 4077 2935 4136 ὦ
2964 4083 3082 4144 Θεὲ,
3114 4083 3141 4134 6
3183 4081 3440 4134 ἀνωτάτω

1889 4182 1979 4236 καὶ
2029 4179 2224 4252 μείζων
2272 4177 2454 4242 αὐτὸς,
2487 4180 2514 4231 ὁ
2543 4177 2634 4230 καί
2665 4193 2754 4228 σου
2785 4175 2935 4237 Θεὸς,
2966 4174 3038 4236 ὡς
3067 4168 3202 4225 εἶναι
3232 4172 3320 4223 καὶ
3349 4171 3440 4223 τὸν

1889 4272 2166 4345 χριόμενον
2211 4270 2305 4323 καὶ
2345 4269 2435 4321 τὸν
2477 4267 2695 4340 χρίοντα
2740 4265 2870 4316 πολὺ
2919 4263 3195 4333 πρότερον,
3225 4261 3440 4314 πάντων

1894 4365 1992 4436 μὲν
2019 4363 2144 4417 ὄντα
2173 4362 2323 4425 Θεὸν,
2357 4360 2448 4413 καὶ
2489 4356 2647 4411 αὑτοῦ
2689 4355 3043 4426 διαφερόντως
3082 4352 3174 4406 τοῦ
3222 4350 3439 4427 χριομέ-

1891 4472 2002 4517 νου,
2030 4456 2120 4509 ubi
2148 4455 2202 4507 in
2226 4453 2428 4507 Graecis
2453 4448 2759 4504 necessario
2789 4447 2956 4516 legas,
2977 4445 3050 4509 ὡς
3074 4440 3207 4498 εἷναι
3231 4445 3320 4497 καὶ
3345 4442 3440 4496 τοῦ

1895 4543 2176 4616 χριομένον
2207 4543 2294 4595 τὸν
2327 4540 2544 4612 χρίοντα
2577 4537 2708 4601 πολὺ
2743 4535 3024 4606 πρότερον,
3059 4535 3192 4590 alias
3225 4543 3443 4588 semen-

1894 4639 1967 4690 tia
1997 4651 2102 4690 non
2131 4634 2414 4689 constabit.
2440 4629 2641 4684 Locum
2676 4630 2748 4682 ita
2780 4629 2956 4692 vertit,
2990 4627 3101 4682 sive
3123 4627 3302 4696 potius
3323 4642 3445 4695 per-

1879 4729 2059 4780 ‘vcrtit
2093 4726 2360 4794 interpres
2387 4721 2704 4790 '.Propterea
2735 4719 2795 4774 ob
2834 4709 2966 4772 hanc
2999 4721 3163 4787 ipsam
3207 4734 3442 4778 causam,

1896 4816 2043 4869 unxit
2078 4825 2144 4877 te,
2173 4830 2202 4868 ο
2229 4811 2388 4876 Deus,
2419 4812 2527 4868 ille.
2561 4812 2650 4880 qui
2694 4822 2811 4862 tuus
2855 4822 3049 4876 quoque
3075 4815 3148 4857 est
3179 4803 3350 4865 Deus;
3387 4812 3444 4854 ut

1897 4908 1965 4962 sit
2005 4913 2053 4959 et
2097 4905 2185 4974 qui
2214 4903 2447 4972 ungitur,
2484 4900 2646 4965 Deus,
2675 4909 2724 4953 et
2767 4899 2854 4969 qui
2896 4897 3040 4965 ungit
3072 4909 3090 4946 :
3122 4893 3210 4961 qui
3241 4891 3445 4962 quidem

1899 5001 1967 5051 sit
1997 4997 2225 5049 omnium
2256 4994 2418 5048 Deus.
2450 4992 2522 5046 Ea
2550 5006 2712 5062 porro
2732 5001 2814 5044 est
2836 5003 2958 5043 vera
2984 4985 3110 5040 diei!
3143 4983 3445 5036 sententia:

1906 5085 2026 5140 Ideo
2056 5085 2206 5137 unxit
2237 5094 2303 5148 te,
2339 5100 2367 5136 ο
2394 5083 2552 5147 Deus,
2584 5081 2968 5151 qui'suprenzus
2997 5085 3043 5129 ct
3072 5076 3258 5154 major,
3286 5089 3345 5125 ac
3374 5073 3448 5124 tui

1902 5191 2096 5244 quoque
2129 5173 2269 5229 Deus
2296 5184 2406 5228 est:
2431 5174 2505 5226 ita
2531 5183 2586 5224 ut
2616 5157 2804 5241 ungens
2828 5180 2980 5223 uncto
3005 5167 3166 5221 multo
3191 5166 3337 5234 prior
3358 5165 3447 5227 sit,

1903 5285 2018 5321 cum
2071 5267 2299 5320 omnium
2344 5266 2548 5336 quidem
2593 5266 2662 5318 sit
2691 5260 3159 5332 Deus,.p‘rwscrtint
3191 5275 3306 5310 nuo
3336 5259 3450 5327 ejus
3492 5324 3495 5328 _

1905 5361 1992 5429 qui
2019 5359 2246 5428 ungitur.
2279 5355 2342 5410 Et
2373 5373 2422 5427 p.
2455 5356 2560 5410 256
2590 5355 2669 5408 A:
2707 5355 2815 5407 Καὶ
2847 5356 2875 5405 6
2904 5351 3032 5413 Θεὸς
3073 5350 3275 5412 Ἰσαὰκ,
3299 5343 3341 5414 ᾧ
3361 5348 3452 5399 καὶ

1907 5449 2104 5519 στήλην
2135 5449 2425 5519 ἀνέστησεν
2457 5451 2485 5500 6
2513 5445 2781 5516 θεοφιλὴς,
2816 5442 2943 5504 Θεὸς
2978 5441 3072 5508 μὲν
3111 5433 3178 5510 ἦν
3217 5441 3312 5503 καὶ
3346 5437 3455 5490 Κύ-

1910 5559 2017 5614 ριος
2066 5540 2254 5611 (αὐτῷ
2283 5541 2391 5612 γὰρ
2415 5540 2622 5608 λέγοντι
2656 5534 3020 5605 πιστευτέον),
3052 5533 3109 5585 οὐ
3144 5533 3248 5601 μὴν
3291 5531 3320 5582 6
3363 5528 3455 5582 ἐπὶ

1905 5634 2135 5697 τιὰ-πων,
2169 5633 2279 5685 ἀλλ’
2311 5635 2338 5685 6
2371 5632 2575 5684 ἐκείνου
2603 5630 2869 5700 δεύτερος,
2902 5627 2968 5678 τὰ
2996 5624 3092 5677 τοῦ
3125 5621 3334 5692 [ἰατρὸς
3376 5621 3456 5682 εἰς

1902 5729 1923 5768 ί
1955 5727 2214 5796 ιορωπους
2245 5725 2648 5804 διακονούμενος
2679 5721 2768 5774 καὶ
2797 5716 3142 5792 διαγγέλλων,
3173 5715 3260 5772 ubi
3289 5717 3459 5769 inter-

343 5864 405 5931 (α)
439 5867 551 5936 Quo
580 5885 743 5926 smsu
779 5883 873 5940 per
902 5869 1081 5925 omnia
1112 5869 1342 5925 similem
1396 5867 1589 5930 Filium
1638 5865 1802 5929 dicat,
1844 5864 1960 5918 vide
1993 5864 2154 5918 intra.
