3928 6336
581 368 665 432 53,
1270 362 1538 421 EUSEBII
1573 360 2047 419 CIESAIUENSIS
2087 358 2236 415 “PP.
2279 354 2460 418 PARS
2502 360 2590 418 Ill.
2632 393 2702 404 --
2737 354 3143 424 EXEGETICA.
3765 359 3841 429 56

579 499 705 554 pres
739 484 906 539 more
960 483 1119 538 solito
1151 501 1164 536 :
1206 480 1271 536 Et
1315 482 1454 538 Deus
1503 481 1684 546 Isaac,
1719 484 1803 536 cui
1835 493 1884 537 et
1929 482 2141 536 titulum
2171 494 2217 549 Α
2245 493 2356 535 rem
2388 479 2634 536 Graecum
2661 482 2890 550 vitiavit,
2922 491 2977 539 et
3004 485 3266 542 catholice
3337 487 3483 560 loqui
3530 492 3840 562 compulit.

575 577 742 632 erexit
767 575 864 631 Dei
890 569 1112 637 amicus,
1134 575 1275 631 Deus
1297 577 1513 647 quidem
1535 586 1650 630 erat
1675 586 1724 632 et
1749 575 2006 631 Dominus
2028 578 2151 648 (ipsi

574 669 713 741 enim
737 668 931 723 dicenti
965 667 1277 723 credendum
1301 678 1377 723 est
1401 670 1442 740 ),
1465 686 1568 724 non
1595 678 1767 723 tamen
1800 670 1845 723 is
1878 671 1967 740 qui
1993 667 2153 723 Pater

573 767 652 811 est
681 767 730 813 et
759 776 791 812 a
831 758 975 812 nullo
1005 768 1119 821 est;
1167 760 1256 812 sed
1282 761 1372 830 qui
1399 776 1482 826 ea,
1508 776 1624 830 quae
1650 759 1718 812 ad
1750 758 1966 814 Patrem
1991 763 2152 829 perti-

575 861 716 913 nent,
741 849 1038 904 hominibus
1069 849 1436 904 subministrat
1455 861 1506 905 et
1526 853 1760 906 nuntiat.
1803 850 1904 916 Ubi
1936 860 2153 906 verten-

576 942 703 998 dum
731 952 848 998 erat
878 963 892 998 :
919 942 986 997 Et
1021 943 1162 999 Deus
1194 942 1372 1010 Isaac,
1401 946 1489 998 cui
1531 933 1580 999 et
1628 945 1837 998 titulum
1872 945 2033 1000 erexit
2074 947 2153 998 uir

559 1036 666 1105 ille
691 1035 989 1106 religiosus,
1023 1035 1163 1089 Deus
1197 1034 1404 1106 quidem
1456 1044 1572 1090 erat
1619 1044 1667 1088 ct
1716 1034 2008 1100 Dominus;
2049 1035 2152 1101 ipsi

573 1130 711 1182 enim
741 1129 936 1182 dicenti
965 1127 1282 1182 credendum
1317 1137 1431 1191 est;
1460 1145 1552 1182 nec
1585 1138 1757 1182 tamen
1791 1140 1904 1184 erat
1944 1130 2032 1185 ille
2061 1148 2149 1185 su-

572 1236 670 1288 pra
702 1218 1121 1293 omnia.[Deus],
1156 1221 1247 1274 sed
1281 1221 1363 1274 illi
1392 1220 1670 1296 secundus,
1707 1223 1797 1292 qui
1845 1239 1923 1277 res
1971 1222 2149 1278 Patris

571 1317 627 1369 in
653 1315 952 1370 hominibus
981 1317 1251 1370 ministrat
1299 1326 1348 1370 et
1399 1319 1630 1372 nuntiat.
1658 1317 1789 1384 Qum
1820 1320 2063 1374 recidunt
2095 1320 2148 1374 in

486 1447 488 1450 μ
572 1409 721 1462 illam
757 1407 1009 1478 superius
1041 1417 1523 1462 commonstrat-am
1553 1409 1773 1465 Eusebii
1801 1412 2145 1479 sententiam,

571 1502 839 1555 unitatem
872 1500 1081 1555 scilicet
1105 1499 1198 1555 Dei
1229 1501 1612 1572 universorum
1642 1503 1694 1557 in
1721 1519 1827 1558 uno
1848 1501 2010 1559 Patre
2033 1515 2148 1560 ser-

571 1593 710 1655 vari,
736 1591 876 1647 Filio
909 1593 1219 1658 excluso,et
1246 1592 1302 1647 in
1335 1594 1634 1648 secundum
1667 1595 1845 1651 locum
1877 1597 2144 1666 ablegato.

574 1681 836 1738 Similiter
858 1684 1055 1754 p.158,
1085 1685 1148 1748 C,
1188 1684 1303 1739 haec
1331 1683 1548 1741 Eusebii
1576 1687 1739 1742 verba
1775 1689 1925 1742 ε”Οτε
1951 1688 2008 1741 δὲ
2037 1689 2148 1742 Κύ-

574 1793 686 1847 ριον
718 1777 811 1830 καὶ
842 1775 974 1830 Θεὸν
997 1771 1104 1829 οἶδε
1137 1766 1697 1848 τὸν”ὲπιφαινόμενον,
1715 1779 1936 1842 ταύταις
1959 1782 2147 1846 αὐταῖς

2328 574 2448 633 Jam
2492 591 2612 647 quo.
2653 576 3046 635 destinavimus
3076 595 3415 651 pergamus:
3451 583 3841 640 substantiam

2248 684 2378 741 ergo
2423 669 2543 725 Filii
2576 668 2868 734 Eusebius,
2897 671 3058 725 aliam
3083 679 3139 727 et
3162 673 3431 729 diversam
3465 676 3626 732 docet
3661 692 3694 732 a
3726 675 3843 731 Pa-

2249 765 2352 819 tris
2384 761 2713 824 substantia,
2748 760 2911 831 idque
2937 762 3122 815 nonin
3151 765 3450 833 praemissis
3470 766 3635 820 modo
3663 767 3842 830 locis,

2249 854 2346 909 sed
2384 855 2546 908 etiam
2597 853 2726 906 alibi
2758 853 3112 923 plerumque;
3157 855 3236 909 sic
3269 856 3326 912 in
3355 856 3843 912 Demonstratione

2247 945 2564 1015 evangelica,
2582 944 2677 1000 lib.
2708 960 2762 1008 v,
2794 958 2912 1012 cap.
2939 944 2992 1008 l,
3017 958 3137 1014 pag.
3164 945 3289 1011 215,
3318 956 3606 1020 postquam
3631 949 3689 1002 in
3715 963 3843 1020 quo

2248 1037 2478 1107 quadret
2497 1035 2828 1106 comparatio
2850 1034 3026 1091 Patris
3046 1043 3099 1090 et
3118 1035 3242 1092 Filii
3271 1053 3393 1115 cum
3417 1041 3537 1097 luce
3557 1050 3612 1098 et
3637 1044 3844 1112 splen-

2248 1131 2400 1194 dore,
2436 1130 2827 1199 explicavcrat;
2863 1130 2918 1185 in
2951 1148 3059 1202 quo
3083 1132 3334 1187 diﬂ'erant
3365 1131 3525 1190 Pater
3563 1145 3617 1189 et
3647 1134 3842 1189 Filius

2248 1237 2276 1275 a
2307 1218 2595 1292 splendore
2623 1223 2676 1276 et
2707 1222 2828 1277 luce
2878 1223 2958 1278 sic
3003 1232 3222 1279 enarrat
3251 1219 3422 1279 :‘AXX‘
3444 1227 3506 1282 οὐ
3538 1231 3652 1291 τοῖς
3687 1228 3839 1282 ὑπο-

2246 1313 2499 1382 δείγμασι
2539 1312 2680 1365 κατὰ
2720 1312 2894 1366 πάντα
2925 1316 3122 1386 τρόπον
3150 1315 3367 1386 ὁμοίως,
3399 1316 3688 1388 ὡσπροῦν
3722 1318 3838 1388 ἤδη

2249 1406 2513 1477 πρότερον
2540 1407 2774 1484 εἴρηται.
2791 1405 2871 1458 Τὰ
2895 1408 2990 1476 μὲν
3021 1407 3132 1479 γὰρ
3153 1408 3333 1480 ἄψυχα
3360 1409 3585 1481 σώματα
3609 1410 3673 1464 τὸ
3694 1428 3762 1463 συ
3773 1428 3840 1480 μ-

2248 1495 2479 1568 ϐεὸηκὸς
2511 1498 2568 1549 ὲν
2608 1492 2854 1567 ποιότησι
2885 1497 3203 1569 κέκτηνται·
3229 1501 3263 1571 ἦ
3285 1518 3344 1553 τε
3372 1500 3480 1573 γὰρ
3502 1501 3671 1572 αὐγὴ,
3693 1501 3840 1571 σύμ⁹

2248 1593 2410 1655 φυτος
2440 1584 2573 1640 οὖσα
2604 1591 2670 1659 τῇ
2705 1588 2797 1641 τοῦ
2831 1583 3005 1657 φωτὸς
3045 1589 3223 1659 φύσει,
3255 1594 3349 1647 καὶ
3385 1593 3659 1658 ούσιιώὦς
3694 1609 3799 1646 συν

2247 1678 2564 1752 υπάρχουσα
2591 1681 2668 1751 τῷ
2695 1680 2853 1748 φωτὶ,
2881 1668 2982 1734 οὐκ
3009 1677 3073 1734 ἂν
3099 1682 3310 1736 δύναιτο
3337 1685 3492 1748 ἐκτὸς
3520 1685 3838 1755 ὑφεστάναι

2247 1773 2340 1826 τοῦ
2376 1762 2433 1825 ἐν
2469 1762 2514 1840 ᾧ
2548 1776 2692 1826 ἐστιν
2717 1789 2729 1801 ο
2768 1774 2795 1825 ὁ
2826 1772 2881 1825 δέ
2905 1790 2968 1840 γε
2991 1771 3085 1825 τοῦ
3111 1771 3245 1826 Θεοῦ
3272 1776 3442 1844 Λόγος
3473 1777 3592 1830 καθ’
3627 1766 3834 1831 ἑαυτὸν

571 1866 757 1937 σαφῶς
779 1857 1044 1936 κέχρηται
1067 1866 1184 1927 ταῖς
1207 1860 1562 1936 προσρήσεσι.
1595 1864 1798 1935 Κύριον
1823 1866 1877 1918 δὲ
1900 1867 1992 1919 καὶ
2015 1867 2143 1920 Θεὸν
2178 1862 2218 1921 Β
2244 1864 2498 1918 οὺσίωταί
2537 1881 2598 1916 τε
2631 1864 2724 1918 καὶ
2758 1858 3051 1936 ὑφέστηκε,
3082 1865 3176 1918 καὶ
3208 1866 3306 1919 οὐκ
3343 1869 3649 1941 ἀγεννήτως
3693 1887 3831 1924 owe

569 1959 653 2012 δτι
680 1957 753 2029 μὴ
779 1957 869 2011 τὸν
888 1957 1059 2010 αἴτιον
1081 1956 1250 2026 λέγοι,
1273 1955 1562 2028 προφανῶς
1584 1955 1861 2021 ἐπέδειξαν
1883 1958 1979 2029 τῆς
2002 1959 2148 2024 θείας

569 2046 812 2120 Γραφῆς
846 2047 900 2101 αἱ
945 2045 1138 2111 λέξεις,
1171 2045 1397 2114 ἄγγελον
1453 2045 1586 2098 Θεοῦ
1640 2034 2028 2115 προσειποῦσαι
2058 2047 2147 2099 τὸν

571 2141 667 2194 ἐπὶ
689 2139 782 2194 τοῦ
800 2137 991 2194 Ἰακὼϐ
1009 2139 1212 2209 Κύριον
1229 2139 1323 2192 xui.
1349 2137 1478 2191 Θεὸν
1496 2138 2002 2209 προωνομασμένον.
2027 2138 2148 2191 Λεί-

571 2235 734 2291 πεταε
767 2252 850 2299 τις
871 2235 989 2307 ’ἄρα
1013 2234 1088 2288 ὢν
1110 2236 1167 2287 ὲν
1196 2237 1308 2298 τοῖς
1335 2229 1451 2288 οὖσι
1488 2234 1618 2299 Θεὸς
1647 2234 1741 2286 καὶ
1777 2233 1978 2304 Κύριος
2011 2231 2145 2303 μετὰ

568 2323 663 2378 τὸν
695 2323 1040 2395 παμϐασιλέα
1078 2324 1172 2377 καὶ
1201 2323 1332 2377 Θεὸν
1369 2324 1476 2377 τῶν
1507 2323 1642 2378 ὅλων
1661 2342 1673 2354 ·
1705 2324 1791 2394 εἴη
1823 2325 1866 2378 δ’
1899 2325 1965 2377 ἂν
1994 2316 2146 2386 οὗτος

570 2417 600 2469 ὸ
632 2417 740 2488 πρὸ
769 2417 981 2470 αἰώνων
1013 2415 1107 2470 τοῦ
1139 2414 1274 2468 Θεοῦ
1301 2416 1488 2484 Λόγος,
1510 2418 1537 2469 ὁ
1564 2417 1820 2485 κρείττων
1849 2416 1948 2487 μὲν
1980 2415 2010 2485 ἢ
2045 2418 2147 2469 πᾶ-

574 2515 640 2561 σα
677 2507 942 2577 ἀγγελικὴ
976 2506 1156 2578 φύσις,
1193 2507 1358 2578 μείων
1386 2507 1445 2560 δὲ
1477 2509 1508 2578 ἦ
1551 2509 1690 2562 κατὰ
1728 2507 1787 2561 τὸ
1821 2507 2033 2580 πρῶτον
2061 2505 2144 2560 ατ-

573 2615 703 2664 τιον,
736 2601 809 2652 ita
843 2599 1035 2654 Latine
1066 2599 1195 2654 fecit
1222 2599 1312 2653 ille
1347 2618 1358 2653 :
1393 2599 1607 2664 Quoties
1631 2617 1746 2654 vero
1775 2599 2060 2654 Dsminum
2095 2609 2143 2653 et

570 2690 761 2756 Deum,
812 2709 928 2747 eum
978 2693 1069 2758 qui
1109 2699 1328 2764 apparet
1375 2693 1644 2763 intelligit,
1681 2694 1760 2747 his
1800 2695 1926 2763 ipsis
1965 2695 2144 2762 palam

569 2785 745 2838 utitur
792 2783 1145 2840 locationibus
1178 2802 1196 2840 :
1224 2785 1365 2856 quod
1411 2803 1528 2842 vero
1563 2786 1839 2840 Dominum
1879 2787 2145 2858 Deumque

568 2892 674 2931 non
705 2893 820 2930 eum
849 2878 1116 2948 signiﬁcet-
1139 2878 1228 2948 qui
1261 2877 1429 2931 Pater
1458 2887 1556 2942 est,
1592 2879 1720 2948 ipste
1751 2877 2038 2949 Scriptura:
2059 2880 2144 2934 di-

571 2972 704 3024 uinte
751 2969 1041 3024 locutiones
1081 2971 1137 3022 in
1171 2970 1526 3036 superioribus
1561 2964 1943 3026 euidentissime
1973 2981 2146 3026 osten-

559 3064 726 3130 ‘dunt,
755 3064 844 3117 ubi
872 3063 1115 3134 angelum
1149 3063 1247 3118 Dei
1274 3063 1540 3134 appellant
1574 3081 1691 3117 eum
1720 3066 1929 3133 quicum
1956 3065 2018 3118 de
2047 3063 2146 3118 Ja-

571 3159 668 3213 cob
696 3175 866 3214 sermo
894 3170 1061 3221 esset;
1092 3166 1323 3229 superest
1360 3159 1522 3228 igitur
1554 3168 1612 3211 ut
1645 3171 1960 3228 qnteramus,
1997 3159 2142 3227 quis-

2249 1957 2478 2028 υπὰρχει
2530 1954 2607 2027 τῷ
2655 1957 2850 2028 Πατρὶ,
2881 1955 2993 2009 ἀλλ’
3023 1947 3097 2020 ὡς
3151 1959 3440 2031 μονογενὴς
3481 1961 3609 2026 Υἱὸς
3659 1961 3834 2033 μόνος

2248 2049 2352 2121 πρὸ
2385 2050 2598 2104 πάντων
2629 2050 2737 2103 τῶν
2775 2049 2984 2104 αἰώνων
3016 2051 3078 2102 ὲκ
3119 2048 3213 2102 τοῦ
3244 2037 3456 2123 Πατρὸς
3481 2057 3832 2126 γεγεννημέ-

2247 2160 2352 2206 νος,
2381 2142 2484 2195 hoc
2514 2149 2596 2196 est
2623 2161 2634 2196 :
2667 2139 2766 2196 Sed
2793 2159 2894 2196 non
2927 2142 3222 2197 omnimode
3247 2147 3600 2210 exemplorum
3630 2147 3834 2201 simili-

2248 2235 2372 2287 tudo
2397 2234 2655 2307 convenit,
2685 2236 2876 2305 utjam
2907 2235 3106 2289 dictum
3130 2235 3230 2305 fuit
3257 2251 3275 2289 :
3304 2251 3427 2288 nam
3468 2250 3692 2305 corpora
3733 2237 3830 2289 in-

2247 2327 2487 2379 animata
2546 2323 2787 2381 accidens
2814 2323 2868 2380 in
2897 2320 3242 2399 qualitatibus
3274 2326 3506 2381 obtinent
3530 2343 3547 2380 :
3571 2327 3834 2397 splendor

2244 2421 2382 2473 enim
2410 2435 2526 2472 cum
2555 2410 2759 2474 natura
2788 2416 2917 2474 lucis
2945 2429 3207 2473 connatns.
3236 2419 3327 2482 sit,
3359 2428 3408 2472 et
3447 2417 3830 2494 substantiali-

2247 2519 2325 2563 ter
2349 2527 2468 2564 cum
2497 2510 2612 2562 luce
2645 2507 2951 2573 coexsistat,
2982 2519 3132 2563 extra
3163 2508 3389 2579 idipsum
3414 2510 3467 2562 in
3492 2526 3591 2580 quo
3619 2520 3696 2565 est
3726 2528 3824 2565 nec

2244 2617 2509 2672 quaquam
2551 2601 2835 2655 subsistere
2863 2604 3064 2671 possit;
3094 2611 3148 2655 at
3177 2599 3275 2654 Dei
3318 2597 3540 2655 Verbum
3560 2617 3658 2671 per
3689 2618 3746 2656 se
3770 2612 3825 2656 ει

2245 2695 2464 2747 seorsim
2499 2693 2852 2748 substantiam
2875 2690 3067 2747 obtinet
3095 2702 3144 2748 et
3172 2691 3408 2748 subsistit
3431 2711 3450 2759 ;
3487 2710 3648 2765 neque
3667 2695 3823 2766 inge-

2245 2785 2351 2839 nite
2381 2783 2438 2855 (i.
2465 2800 2514 2839 e.
2538 2793 2596 2862 ut
2619 2783 3130 2855 non-genitus)Patri
3154 2786 3420 2839 coexsistit
3443 2800 3462 2850 δ
3493 2785 3582 2840 sed
3608 2795 3663 2839 ut
3694 2786 3824 2840 uni-

2242 2877 2446 2949 genitus
2482 2874 2678 2940 Filius,
2711 2876 2856 2930 solus
2893 2885 3014 2930 ante
3041 2876 3218 2929 omnia
3237 2877 3432 2931 sa'cula'
3457 2892 3523 2930 ea:
3548 2870 3712 2930 Patre
3729 2893 3827 2944 go-

2245 2971 2407 3024 nitus.
2440 2966 2760 3038 Pariterque
2788 2969 2882 3022 lib.
2916 2983 2967 3023 v1
3000 2967 3153 3022 initio
3181 2967 3451 3038 prommii,
3486 2968 3627 3022 ineo
3651 2978 3823 3039 quem

2245 3076 2411 3132 supra
2462 3060 2752 3133 retulimus
2805 3061 2946 3123 loco,
2977 3060 3054 3114 ait
3105 3055 3302 3113 Filium
3351 3073 3474 3114 esse
3522 3061 3824 3115 secundam

2245 3135 2368 3222 post
2413 3150 2628 3206 Patrem
2677 3150 3060 3215 substantiam,
3100 3137 3220 3221 qua:
3251 3149 3414 3204 rebus
3444 3149 3604 3204 factis
3636 3152 3824 3205 omnia

571 3268 698 3305 nam
728 3253 819 3313 sit,
852 3253 906 3305 in
939 3251 1003 3304 iis
1035 3267 1151 3322 qua:
1180 3259 1324 3317 sunt,
1362 3249 1500 3304 Deus
1549 3259 1598 3304 et
1653 3249 1924 3315 Dominus,
1951 3259 2140 3320 prazter
2167 3233 2208 3290 (ἶ
2244 3247 2345 3301 bus
2380 3246 2583 3318 praesit.
2623 3242 2688 3297 Et
2724 3243 2818 3302 lib.
2849 3257 2865 3295 ι
2929 3242 3128 3298 Contra
3173 3242 3504 3310 Marcellum,
3543 3258 3597 3312 p.
3629 3242 3681 3306 5,
3717 3244 3820 3308 ait,

571 3342 790 3398 Patrem
841 3344 1095 3407 omnium,
1151 3350 1200 3395 et
1233 3359 1404 3413 regem
1429 3342 1694 3413 Deumque
1742 3344 1969 3397 universi
1998 3360 2015 3397 :
2044 3343 2144 3397 erit

572 3449 749 3491 autem
776 3437 860 3490 hic
901 3435 1124 3492 Verbum
1163 3437 1278 3502 Dei,
1321 3437 1458 3509 quod
1488 3445 1562 3491 est
1590 3447 1711 3492 ante
1745 3439 1962 3501 stecula,
1993 3453 2145 3507 supe-

563 3518 929 3598 rior'quidem
958 3529 1100 3582 omni
1143 3529 1381 3600 angelica
1427 3540 1638 3596 natura,
1670 3530 1936 3597 profectus
1973 3537 2144 3582 autem

571 3619 638 3672 ab
687 3635 767 3676 eo.
797 3621 887 3688 qui
922 3618 1085 3674 Pater
1109 3629 1231 3675 est.
1266 3618 1373 3676 Sed
1413 3620 1568 3691 longe
1601 3622 1704 3675 alia
1739 3619 1944 3690 profert
1974 3619 2144 3674 Euse-

573 3711 720 3775 bius,
749 3713 960 3766 scilicet
987 3730 1000 3767 :
1028 3711 1159 3779 Cum
1187 3730 1304 3767 vero
1339 3713 1621 3768 Dominum
1650 3725 1699 3768 et
1727 3714 1915 3778 Deum,
1937 3715 2027 3784 qui
2053 3730 2146 3783 ap—

570 3814 742 3870 paret,
767 3822 878 3858 esse
907 3807 1164 3875 agnoscit,
1198 3807 1384 3860 iisdem
1440 3790 1576 3876 ipsis
1614 3805 1755 3860 clare
1789 3807 1956 3860 utitur
1980 3806 2148 3875 appel-

574 3898 862 3950 lationibus
885 3913 902 3950 :
926 3899 1063 3967 quod
1096 3911 1212 3951 vero
1239 3897 1525 3958 Daminum
1558 3909 1606 3952 et
1631 3898 1798 3952 Deum
1827 3901 2026 3965 dicens,
2045 3915 2146 3952 non

571 4005 711 4054 enm,
736 3991 826 4060 qui
856 3988 1032 4045 Causa
1059 4000 1157 4054 est,
1183 3970 1459 4061 iigniﬁcet,
1483 3991 1746 4044 evidenter
1768 3991 2042 4045 ostendunt
2061 3990 2146 4042 di-

574 4085 707 4138 uinas
740 4083 1030 4154 Scriptura:
1061 4096 1225 4147 voces,
1260 4100 1375 4154 qua:
1406 4084 1646 4154 angelum
1685 4083 1783 4136 Dei
1813 4085 1982 4152 ipsum
2014 4099 2148 4136 nun-

573 4191 791 4247 cupant,
823 4179 914 4248 qui
957 4166 1395 4250 Jacobolvt'sus]
1448 4177 1700 4232 Dominus
1746 4186 1795 4230 et
1826 4175 1964 4230 Deus
1994 4186 2148 4229 antea

575 4271 870 4341 appellatus
899 4279 994 4325 est.
1023 4269 1206 4324 Restat
1237 4285 1357 4340 ergo
1384 4270 1644 4339 quispiam
1663 4268 1797 4320 inter
1825 4283 1888 4320 ea
1916 4282 2031 4336 qua:
2052 4280 2147 4318 ex»

573 4369 768 4419 sistunt
819 4364 959 4418 Deus
1005 4373 1053 4419 et
1107 4363 1389 4428 Dominus,
1440 4372 1556 4429 post
1598 4361 1831 4416 omnium
1881 4377 2047 4431 regem
2100 4371 2150 4413 et

576 4450 742 4506 Deum
773 4454 1132 4506 un'versorum
1162 4468 1180 4505 :
1211 4455 1253 4506 is
1280 4462 1455 4506 autem
1481 4450 1663 4521 fuerit,
1694 4453 1782 4521 qui
1806 4463 1927 4504 ante
1955 4450 2150 4504 saecula

575 4555 676 4609 est,
712 4544 812 4599 Dei
847 4545 1092 4607 Verbum,
1123 4549 1296 4614 major
1319 4545 1524 4615 quidem
1558 4545 1700 4600 omni
1735 4543 1969 4612 angelica
1997 4551 2151 4596 natu-

576 4655 672 4704 ra,
705 4637 879 4690 minor
909 4653 1026 4692 vero
1051 4636 1153 4690 illa
1196 4638 1369 4705 prima
1410 4654 1589 4691 causa.
1630 4635 1732 4693 Ubi
1765 4637 1830 4692 de
1862 4650 2011 4690 more
2042 4627 2149 4688 Eu-

576 4731 762 4789 sebius
787 4729 986 4785 Filium
1010 4729 1126 4793 Dei,
1153 4744 1182 4783 a
1205 4731 1465 4800 primaria
1493 4732 1580 4784 illa
1600 4731 1797 4788 deitate
1823 4739 1874 4784 et
1902 4728 2146 4783 omnium

475 4861 479 4867 -
576 4839 744 4880 causa
774 4823 1070 4886 seclusum,
1098 4822 1362 4892 dignitate
1389 4834 1439 4877 et
1461 4824 1651 4879 ordine
1678 4839 1776 4878 ceu
1809 4820 2047 4876 medium
2073 4821 2151 4875 in-

577 4925 662 4970 ter
710 4914 878 4970 Deum
920 4925 974 4968 et
1017 4915 1241 4980 angelos
1289 4914 1589 4970 constituit.
1626 4912 1892 4967 Sexcenta
1927 4912 2031 4966 alia
2080 4927 2147 4968 ex

574 5007 872 5078 euangelica
914 5006 1373 5061 Demonstratione
1429 5005 1546 5059 loca
1594 5003 1784 5065 aﬂ‘erre
1814 5006 1866 5058 in
1896 5010 2149 5074 promptu

575 5107 744 5164 esset,
764 5100 854 5153 ubi
879 5100 1149 5169 interpres
1177 5097 1469 5154 Eusebium
1503 5096 1568 5151 ad
1595 5097 1914 5152 catholicam
1944 5095 2151 5151 doctri-

579 5207 707 5248 nam
735 5193 820 5248 vel
856 5191 1083 5246 invitum
1115 5191 1336 5245 deduxit
1367 5209 1380 5244 :
1408 5191 1498 5245 sed
1535 5189 1649 5244 hinc
1681 5190 1866 5244 lectori
1901 5195 2059 5244 erunt
2084 5185 2151 5241 ad

578 5283 852 5356 cautelam
884 5280 1042 5343 satis,
1076 5295 1145 5334 ne
1192 5280 1244 5333 in
1290 5278 1482 5332 Latina
1531 5277 1784 5333 versione
1826 5285 1889 5331 se
1933 5273 2151 5330 Eusebii

2244 3352 2367 3393 eum
2392 3337 2482 3407 qui
2515 3336 2713 3390 dixerit
2742 3332 2957 3389 Patrem
2982 3343 3036 3389 et
3067 3333 3260 3390 Filium
3293 3334 3596 3389 substantia
3620 3343 3817 3396 tinum.

2245 3436 2428 3501 aperte
2463 3425 2830 3481 Sabelliauum
2858 3441 3013 3491 esse;
3037 3433 3091 3481 et
3119 3441 3170 3498 p.
3197 3426 3267 3492 25
3295 3437 3582 3481 accusatus
3607 3441 3634 3479 a
3671 3419 3820 3480 Mar-

2245 3523 2381 3577 cello
2429 3519 2733 3584 Eusebius,
2771 3519 2912 3588 quod
2963 3527 3099 3576 teste
3152 3519 3411 3576 Narcisso
3469 3518 3818 3582 NerOniadis.

2245 3614 2380 3668 duas
2433 3628 2552 3669 esse
2597 3611 2778 3668 Patris
2819 3619 2872 3667 et
2923 3611 3048 3666 Filii
3080 3612 3413 3669 substantias
3447 3611 3669 3675 diceret,
3699 3627 3816 3666 rem

2247 3705 2337 3761 ille
2371 3703 2478 3760 non
2508 3714 2689 3775 negat,
2725 3703 2819 3759 sed
2850 3704 2955 3758 alio
2983 3719 3095 3758 rem
3142 3711 3196 3758 et
3244 3718 3548 3768 sermonem
3573 3703 3817 3758 divertit.

2244 3801 2485 3872 Tempus
2512 3816 2597 3855 me
2626 3798 2900 3864 deﬁceret,
2931 3800 2976 3855 si
3000 3798 3199 3854 similia
3229 3796 3446 3852 Eusebii
3474 3798 3589 3852 loca
3619 3809 3821 3866 conge—

2249 3911 2370 3950 rere
2401 3894 2592 3949 vellem
2625 3912 2636 3946 :
2670 3892 2737 3946 de
2757 3891 3026 3948 industria
3053 3891 3198 3946 enim
3224 3891 3313 3945 ille
3335 3891 3539 3960 passim
3571 3905 3684 3944 rem
3707 3891 3822 3960 agi.

2247 3998 2329 4043 tat
2360 3996 2414 4043 et
2449 3987 2809 4057 comprobare
2837 3986 3031 4040 nititur
3065 3985 3168 4057 (a).

2261 4119 2268 4125 ’
2317 4122 2399 4172 Vl.
2427 4121 2671 4172 Eusebius
2696 4121 2808 4172 Filii
2833 4123 3070 4172 deitatem
3094 4123 3237 4172 aliam
3263 4123 3437 4170 statuit
3467 4134 3492 4169 a
3521 4127 3735 4183 paterna.

2319 4249 2455 4304 Cum
2486 4265 2616 4320 ergo
2660 4249 2856 4305 Filium
2891 4249 3118 4304 diverste
3153 4263 3182 4302 a
3220 4259 3448 4319 paterna
3503 4247 3819 4303 substantia:

2249 4344 2416 4405 dicat,
2449 4342 2576 4396 hinc
2607 4343 2958 4412 consequitur
2987 4347 3044 4395 ut
3069 4339 3323 4402 deitatem
3346 4341 3505 4394 aliam
3535 4353 3564 4392 a
3596 4347 3818 4409 paterna

2250 4437 2306 4489 in
2343 4434 2480 4490 Filio
2520 4452 2643 4491 esse
2671 4435 2900 4490 doceat:
2932 4432 3074 4504 quod
3111 4432 3236 4487 licet
3263 4432 3454 4486 eodem
3501 4430 3721 4492 recidat,
3749 4447 3815 4485 ex

2253 4520 2386 4600 ipsis
2425 4529 2642 4584 Eusebii
2685 4528 2846 4583 dictis
2869 4526 3084 4598 planius
3114 4525 3300 4578 evadet
3331 4521 3516 4577 :unde
3548 4522 3705 4575 etiam
3730 4535 3820 4575 as.

2253 4633 2469 4679 seratur
2501 4623 2646 4695 quod
2694 4623 2849 4676 initio
2877 4619 3382 4691 comprobavimus,
3418 4617 3625 4672 scilicet
3651 4613 3818 4670 Euse-

2258 4719 2402 4772 bium
2457 4719 2720 4778 unitatem
2771 4715 2991 4771 deitatis
3034 4716 3090 4769 in
3127 4727 3235 4766 uno
3269 4708 3425 4763 Patre
3469 4709 3816 4763 constitui-re.

2255 4811 2344 4865 Ait
2375 4812 2537 4882 igitur
2573 4811 2665 4864 lib.
2695 4827 2725 4860 ν
2769 4809 2919 4862 Dem.
2953 4823 3162 4877 evang.,
3194 4823 3242 4857 c.
3278 4805 3367 4866 30,
3414 4818 3468 4872 p.
3501 4801 3605 4857 355
3634 4799 3821 4856 ςἈλλὰ

2253 4905 2362 4978 γὰρ
2406 4900 2470 4957 δι’
2501 4902 2636 4957 ὅλων
2669 4902 2962 4972 τριάκοντα
2992 4895 3341 4969 προφητικῶν
3372 4893 3675 4963 κεφαλαίων
3700 4892 3819 4946 δεύ-

2255 5014 2410 5068 τερον
2434 4992 2564 5049 Θεὸν
2602 4995 2739 5064 μετὰ
2770 4992 2860 5047 τὸν
2891 4991 3148 5046 ἀνωτάτω
3176 4988 3268 5042 καὶ
3290 4989 3381 5042 ἐπὶ
3407 4988 3561 5050 πᾶσι,
3595 4984 3679 5038 τὸν
3709 4985 3821 5037 Σω-

2255 5085 2399 5162 τῆρα
2442 5089 2535 5142 καὶ
2577 5087 2780 5158 Κύριον
2807 5090 2839 5156 ὴ
2851 5083 2986 5157 μῶν,
3017 5084 3107 5137 τὸν
3154 5080 3247 5152 Ιιοῦ
3296 5077 3429 5134 Θεοῦ
3474 5076 3660 5146 Λόγον,
3685 5069 3819 5133 εἴκω

2261 5181 2656 5254 μεμαθηκότες,
2685 5181 2768 5248 ἐφ’
2795 5178 2982 5249 ἑτέραν
3027 5175 3127 5245 τῆς
3167 5173 3284 5227 κατ’
3316 5170 3476 5225 αὐτὸν
3519 5167 3825 5259 οἰκονομίας

2259 5270 2513 5328 ὖπόθεσιν
2540 5268 2975 5344 μεταϐησόμεθα.
2997 5265 3099 5322 Ubi
3125 5267 3397 5336 interpres
3418 5277 3518 5334 pro
3543 5276 3685 5344 more
3704 5258 3816 5314 haec

560 5354 906 5430 sententiam
949 5371 1220 5442 expiscari
1267 5383 1427 5440 posse
1462 5368 1715 5424 conﬁdat.
1749 5366 1984 5424 Estimo
2023 5379 2154 5420 sane
2258 5366 2423 5436 impia
2445 5343 2591 5419 dicta
2627 5363 2692 5417 ad
2721 5361 3044 5416 catholicam
3069 5356 3392 5415 sententiam
3425 5343 3813 5409 detorsitmam

580 5466 785 5522 multos
818 5464 1131 5535 interpretis
1164 5463 1393 5516 artiﬁcio
1415 5462 1481 5516 ad
1505 5461 1721 5517 Eusebii
1748 5459 2005 5515 tutandas
2031 5473 2155 5529 par-

581 5568 664 5614 tes
685 5558 986 5613 accessisse
1018 5575 1032 5612 :
1066 5569 1192 5611 nam
1244 5554 1291 5610 is
1339 5554 1521 5607 sciens
1551 5560 1604 5607 et
1631 5553 1868 5622 prudens
1917 5551 2152 5621 scripto-

2261 5458 2343 5513 sic
2382 5455 2706 5512 transtulit:
2741 5453 2950 5507 Atenim
2997 5460 3270 5522 postquam
3317 5448 3565 5502 hactenus
3594 5458 3654 5499 ea:
3696 5443 3813 5496 totis

2263 5548 2481 5620 triginta
2521 5544 2832 5617 propheticis
2876 5543 3156 5615 capitibus,
3189 5541 3375 5606 Deum,
3405 5537 3720 5595 Salutarem
3753 5547 3815 5587 ac

665 5776 740 5834 ta)
795 5763 922 5816 Vide
948 5772 1218 5816 comment.
1248 5765 1298 5815 in
1320 5761 1469 5834 ipsnl.
1517 5776 1634 5829 pag.
1679 5759 1803 5815 229.
1844 5759 1979 5815 53$:
2037 5755 2330 5811 Dctnonstr.
2372 5771 2580 5824 eratsq,
2653 5750 2771 5814 HS,
2826 5744 2967 5812 i55,‘
2995 5742 3122 5812 ἰοὶ,
3176 5743 3304 5807 230,
3348 5735 3474 5808 233,
3511 5732 3652 5801 εδδ,
3680 5729 3811 5804 ἳόὄς

584 5847 770 5891 contra
816 5836 1152 5900 Marcellum,
1192 5836 1243 5898 4,
1271 5833 1357 5901 09,
1395 5835 1478 5900 79,
1526 5833 1641 5886 illi.
