3956 6340
170 419 232 473 31

914 413 1418 471 COMMENTABIA
1458 423 1521 467 1N
1564 414 1902 469 venustus.
1945 442 2014 454 --
2051 410 2599 481 ΡΒΛΕΕΙΜΙΝΑΒΙᾹ.

3300 418 3368 472 58

170 534 428 589 Dominum
466 537 726 598 nostrum,
760 529 857 585 Dei
899 529 1121 585 Verbum
1158 546 1272 584 esse
1298 527 1600 593 didicimus,
1629 528 1697 582 ad
1727 537 1769 591 Α
1801 538 1858 582 ιιι
1911 527 2071 585 habet
2121 526 2415 598 Gregorius
2469 527 2881 585 Nazianzenus:
2917 529 2998 587 sic
3043 530 3074 595 ό
3122 527 3369 599 θεολόγος

168 622 373 675 alterum
392 620 510 691 ejus
539 637 655 691 qut:
689 618 756 672 ad
787 619 1023 673 eumdem
1046 620 1262 688 pertinet
1300 618 1700 687 dispensationis

167 722 503 783 argumentum
540 722 891 767 transeamus.
926 712 1031 767 Ubi
1061 710 1378 767 vertendum
1425 710 1527 765 fuit
1563 728 1575 764 :
1604 711 1702 764 At-

164 807 290 859 euim
322 815 588 875 postquam
613 819 677 859 ea:
702 806 828 858 totis
849 803 1065 874 triginta
1087 804 1395 873 propheticis
1418 802 1697 870 capitibus,

163 898 426 952 secundum
455 896 639 959 Deum,
690 904 806 965 post
846 896 997 949 illum
1028 912 1324 966 supremum
1352 903 1399 949 et
1424 896 1513 966 qui
1540 912 1700 964 supra

166 992 330 1045 omnia
368 1001 460 1056 est,
490 988 821 1045 Salaatarem
870 990 1069 1044 scilicet
1114 988 1396 1042 Dominum
1442 998 1697 1052 nostrum,

165 1083 254 1139 Dei
290 1081 521 1143 Verbum,
553 1097 665 1135 esse
693 1081 1010 1145 didicimus;
1038 1081 1152 1151 jam
1178 1080 1247 1133 ad
1265 1080 1412 1134 aliud
1435 1080 1547 1149 ejus
1568 1072 1701 1134 teco-

163 1174 341 1229 nemite
382 1180 742 1244 argumentum
791 1184 1138 1227 transeamus.
1173 1159 1273 1226 Hic
1306 1170 1458 1228 vides
1503 1187 1699 1229 secun-

164 1264 303 1327 dum,
332 1264 441 1319 sive
469 1264 702 1319 alterum
737 1262 926 1325 Deum,
951 1279 980 1317 a
1009 1279 1260 1334 supremo
1285 1264 1378 1319 illo
1403 1272 1455 1318 et
1486 1264 1578 1335 qui
1612 1280 1702 1318 su-

164 1372 251 1429 pra
274 1359 445 1413 omnia
472 1364 576 1421 est,
600 1355 940 1420 distinctum,
967 1355 1250 1425 prmdicari
1282 1374 1297 1411 :
1330 1370 1454 1410 nam
1486 1356 1702 1426 utrique

165 1463 307 1502 suam
337 1447 580 1501 deitatem
628 1444 871 1509 ascribit,
909 1445 1131 1501 alteram
1158 1459 1466 1516 supremam
1495 1453 1548 1501 et
1587 1461 1702 1499 ma-

159 1540 342 1609 jurem,
372 1554 495 1609 qum,
512 1539 578 1593 ad
596 1537 811 1593 Patrem
835 1578 849 1602 ,
873 1537 1097 1594 alteram
1128 1553 1258 1593 vero
1278 1539 1560 1601 minorem,
1583 1552 1703 1608 qua:

162 1632 223 1686 ad
247 1632 450 1692 Filium,
466 1631 753 1700 pertineat.
789 1631 853 1684 Et
877 1645 1004 1685 vero
1036 1630 1090 1684 in
1121 1630 1259 1684 libro
1292 1630 1465 1700 primo
1499 1628 1698 1683 Contra

166 1724 471 1788 Marcellum,
504 1722 708 1777 diserte
756 1729 809 1777 et
839 1722 955 1777 sine
985 1722 1209 1793 ambage
1234 1720 1301 1776 de
1329 1720 1487 1775 Patre
1507 1721 1581 1773 ait
1609 1721 1698 1775 :'O

161 1816 252 1885 τὴν
294 1815 486 1868 οὶκειαν
526 1813 752 1883 θεότητσ.
781 1813 1130 1884 κεκτημένος,
1160 1813 1247 1883 qui
1288 1812 1553 1882 propriam
1598 1809 1700 1865 sibi

164 1909 396 1963 deitatem
428 1907 640 1962 obtinet.
666 1904 851 1976 Neque
881 1907 1048 1968 enim,
1082 1914 1140 1959 ut
1170 1906 1260 1960 ille
1299 1907 1498 1976 passim
1527 1905 1701 1975 loqui-

165 2012 264 2063 tur,
295 1998 482 2053 Filium
512 1998 577 2053 ad
612 1998 759 2051 illam
796 1996 1106 2067 primariam
1136 1997 1404 2067 pertinere
1444 1996 1700 2051 deitatem

165 2100 333 2163 putat;
354 2092 442 2148 sed
474 2092 699 2147 seorsim
729 2106 758 2144 a
781 2088 940 2144 Patre
964 2090 1227 2144 minorem
1250 2104 1371 2143 esse
1391 2086 1555 2143 Deum
1578 2103 1704 2158 pro.

164 2188 400 2240 nuntiat:
428 2199 550 2238 nam
584 2185 639 2238 in
682 2184 921 2238 secundo
957 2180 1154 2237 Contra
1176 2178 1490 2235 Marcellum
1541 2181 1700 2246 libro,

164 2297 274 2354 cap.
296 2282 359 2335 16
385 2291 436 2336 et
466 2281 559 2357 17,.
575 2296 696 2350 pag.
720 2278 820 2333 l26
842 2288 895 2333 et
918 2277 1039 2343 127,
1070 2291 1167 2347 pro
1199 2276 1407 2331 viribus
1432 2275 1704 2348 depugnat

163 2373 246 2429 ille
272 2373 472 2428 Patrem
513 2380 567 2427 et
598 2370 795 2431 Filium
823 2385 931 2425 non
957 2368 1205 2425 eumdem
1238 2384 1358 2424 esse
1385 2367 1585 2435 Deum;
1608 2368 1702 2423 sed

165 2481 227 2521 ex
253 2467 393 2521 inani
416 2467 504 2520 illa
547 2466 917 2527 distinctione,
946 2478 1109 2535 quam
1142 2463 1195 2517 in
1227 2462 1400 2539 primo
1428 2460 1702 2530 Evangelii

162 2555 375 2614 Joannis
401 2558 670 2615 versiculo
689 2557 1143 2623 comminiscitur,
1169 2555 1335 2610 alium
1381 2568 1501 2610 esse
1536 2552 1702 2605 Deum

1732 1883 1772 1939 B

158 2651 253 2717 qui
299 2665 457 2722 supra
505 2651 687 2706 omnia
718 2657 833 2716 est,
869 2648 1035 2703 alium
1070 2661 1200 2703 vero
1229 2645 1417 2707 Deum,
1452 2643 1544 2713 qui
1571 2640 1706 2696 Ver-
1750 2676 1757 2679 -

170 2741 283 2796 bum
329 2742 543 2797 dicitur.
579 2740 881 2813 Siquidem,
917 2740 994 2795 ait
1035 2738 1154 2801 ille,
1202 2736 1317 2791 haec
1363 2732 1705 2802 evangelista!

170 2833 313 2887 verba
344 2834 459 2889 :‘Ev
492 2827 737 2903 ἀρχῇ·’ἦν
783 2833 812 2883 ό
852 2830 1045 2898 Λόγος·
1075 2828 1168 2881 καὶ
1197 2828 1226 2878 ό
1255 2824 1423 2892 Λόγος
1464 2816 1531 2891 ἦν
1569 2818 1702 2895 πρὸς

170 2921 248 2975 τὸν
274 2920 426 2975 Θεόνο
479 2920 579 2974 καὶ
606 2919 737 2982 Θεὸς
766 2915 833 2989 ἦν
861 2922 889 2972 ό
917 2918 1106 2987 Λόγος,
1138 2907 1305 2969 Deum
1336 2912 1548 2966 Patrem
1578 2924 1700 2963 cum

168 3010 379 3064 articulo
416 3010 747 3080 exprimunt,
781 3008 914 3079 πρὸς
952 3006 1043 3059 τὸν
1076 3004 1227 3066 Θεόν,
1258 3001 1425 3057 Deum
1459 3014 1587 3055 vero
1612 2996 1707 3052 Fi—

172 3103 286 3156 lium
320 3102 434 3157 sine
456 3100 705 3162 articulo,
737 3101 830 3155 xui
861 3100 989 3164 Θεὸς
1012 3093 1079 3170 ἦν
1101 3100 1129 3151 ὁ
1153 3096 1324 3165 Λόγος
1353 3115 1367 3149 :
1394 3108 1460 3150 ex
1483 3107 1590 3165 quo
1615 3107 1704 3146 ar-

172 3195 272 3265 guit
315 3196 419 3259 ille,
467 3193 635 3251 Deum
667 3192 900 3263 Verbum
950 3192 1068 3248 sine
1101 3190 1328 3245 articulo
1359 3200 1697 3259 expressum,

172 3286 318 3339 alium
344 3302 462 3341 esse
497 3285 666 3343 Deum
696 3283 765 3339 ab
790 3298 855 3339 eo
885 3282 978 3353 qui
1026 3296 1148 3337 cum
1200 3278 1428 3334 articulo
1452 3273 1702 3346 exprimi-

168 3386 252 3431 tur
268 3396 280 3443 ;
296 3387 446 3449 atque
472 3378 542 3432 ita
577 3376 797 3434 Sabellii
825 3376 996 3430 errori
1020 3389 1079 3429 se
1100 3385 1386 3429 occurrere
1409 3376 1580 3439 putat,
1604 3366 1700 3438 qui

171 3469 413 3534 crederet,
455 3468 671 3527 Patrem
730 3475 784 3521 et
844 3464 1038 3519 Filium
1083 3479 1191 3518 non
1240 3460 1485 3517 eumdem
1541 3459 1701 3513 modo

172 3557 351 3621 Deum,
380 3559 472 3614 sed
500 3556 743 3613 eamdem
767 3571 890 3611 esse
922 3569 1229 3625 personam,
1258 3567 1377 3622 quae
1402 3551 1697 3607 secundum

173 3654 333 3707 varias
362 3649 689 3721 intelligendi
713 3650 951 3705 rationes
977 3646 1422 3717 distingueretur,
1449 3658 1512 3698 ac
1538 3644 1700 3699 modo

169 3741 330 3807 Pater,
365 3742 522 3798 modo
553 3741 722 3798 Filius
746 3749 798 3797 et
830 3740 1065 3797 Verbum
1094 3740 1452 3812 appellaretur

446 3873 553 3924 VII.
579 3874 782 3926 Grandis
804 3874 1157 3937 paralogismus
1177 3870 1396 3922 Eusebii.

234 3977 298 4031 At
322 3994 424 4033 non
454 3979 601 4033 videt
628 3976 894 4034 Eusebius
923 3994 983 4033 se
1012 3979 1066 4032 in
1090 3978 1413 4049 impietatem
1446 3972 1702 4029 Sabellia-

171 4086 233 4127 ua
271 4071 400 4128 forte
428 4072 753 4127 deteriorem
788 4071 1050 4135 incidere,
1086 4086 1149 4125 ae
1178 4084 1333 4126 sacro
1361 4068 1702 4138 evangelista

168 4164 401 4233 grandem
436 4165 854 4233 paralogismum
888 4162 1157 4235 attingere.
1190 4162 1323 4217 Nam
1365 4162 1431 4229 si,
1460 4172 1517 4216 ut
1550 4169 1701 4232 putat

176 4254 432 4321 Eusebius,
462 4256 793 4325 evangelista
825 4254 990 4310 Deum
1026 4256 1190 4309 alium
1240 4256 1495 4325 majorem
1528 4263 1581 4309 et
1608 4270 1702 4309 su-

174 4363 391 4417 premum
429 4350 517 4404 hic
563 4348 784 4410 indicet,
814 4348 977 4400 alium
1011 4362 1137 4401 vero
1165 4348 1425 4401 minorem
1461 4354 1513 4400 et
1548 4346 1702 4416 longe

174 4442 494 4514 inatqualem;
529 4442 886 4511 incogitanter
916 4438 1204 4495 admodum
1248 4438 1507 4501 Joannes,
1539 4449 1597 4493 ut
1625 4438 1701 4491 ait

176 4537 466 4607 plerumque
497 4534 866 4599 Athanasius,
917 4548 1005 4587 res
1048 4534 1181 4587 adeo
1231 4533 1531 4603 disparatas
1584 4532 1701 4586 sine

181 4629 271 4681 ulla
290 4628 649 4692 distinctione,
677 4642 782 4680 uno
803 4625 1098 4695 eademque
1127 4626 1390 4679 vocabulo
1419 4632 1700 4693 utramque

175 4721 430 4789 capulans,
459 4719 823 4790 signiﬁcavit:
861 4716 928 4770 Et
962 4715 1204 4783 Verbum,
1255 4719 1347 4777 ait,
1395 4726 1507 4770 erat
1564 4716 1702 4785 apud

178 4811 339 4877 Deum,
367 4826 414 4869 et
444 4814 584 4869 Deus
621 4816 733 4868 ertit
767 4811 983 4866 Verbum
1015 4807 1195 4881 (Joau.
1232 4826 1268 4873 ι,
1301 4810 1374 4879 1).
1407 4808 1536 4868 Nam
1580 4809 1697 4879 qui°

179 4918 270 4960 non
300 4907 433 4971 voci,
460 4906 623 4969 Deus,
649 4890 979 4975 conjunctim
1005 4902 1265 4972 repetitae,
1290 4903 1533 4956 eamdem
1555 4911 1701 4956 utro-

179 4998 317 5067 blque
345 5000 804 5071 signiﬁcationem.
837 4996 1019 5051 statim
1062 4994 1367 5064 aptaverit?
1397 4994 1529 5060 Quis
1558 5008 1698 5047 eam-

178 5085 281 5140 dem
303 5105 501 5151 vocem.
537 5088 621 5143 bis
649 5080 836 5143 eodem
867 5088 985 5141 loco
1004 5085 1362 5149 enuntiatum,
1390 5093 1497 5137 tam
1522 5084 1695 5153 dispa-

180 5181 278 5227 rata
308 5176 606 5244 signiﬁcare
636 5175 933 5246 putaverit?
959 5174 1096 5229 Hinc
1129 5175 1253 5228 item
1292 5174 1447 5244 longe
1472 5174 1699 5228 deterri-

182 5278 255 5317 ma
278 5265 514 5336 impietas
542 5269 911 5338 consequitur,
943 5284 971 5322 a
1010 5283 1117 5337 qua
1159 5282 1370 5335 semper
1408 5276 1515 5319 tam
1547 5276 1695 5321 vetus

184 5370 319 5422 quam
380 5374 507 5411 nova
567 5357 806 5412 Ecclesia
864 5373 1075 5414 summe
1128 5357 1607 5412 abborruit:nam
1655 5358 1700 5413 si

185 5443 350 5502 Filium
418 5450 580 5502 alium
630 5463 661 5503 a
711 5448 870 5503 Patre
918 5448 1085 5504 Deum
1146 5464 1267 5504 esse
1320 5447 1697 5513 ailmittamus,

189 5538 303 5595 duos
324 5555 436 5595 esse
488 5540 619 5596 deos
673 5539 938 5595 fateamur
974 5557 1196 5597 necesse
1243 5548 1349 5605 est,
1378 5541 1541 5595 alium
1587 5555 1701 5594 ma-

190 5629 330 5697 jorem
372 5634 634 5706 aliumque
678 5634 941 5688 minorem
976 5652 987 5687 :
1025 5645 1185 5704 atque
1227 5634 1305 5689 sic
1338 5635 1390 5688 in
1422 5633 1703 5704 pluralita-

197 5727 280 5774 tcm
316 5723 524 5781 deorum
570 5727 893 5793 incidamus,
945 5734 998 5782 et
1056 5728 1109 5782 in
1170 5726 1425 5782 πολύθεον
1480 5727 1697 5793 ἁθεῖαν,

257 5864 315 5923 (ni
350 5860 401 5913 l‘.
433 5862 545 5919 Ml.

1796 618 2030 677 Joannes
2062 620 2216 676 initio
2271 620 2546 693 Evangelii
2601 622 2688 677 sui
2736 623 2961 679 deorum
2992 622 3371 692 multiplicita-

1796 720 1904 768 tem
1941 713 2230 769 induxerit.
2263 713 2361 768 Hic
2410 728 2471 770 se
2519 714 2655 770 mire
2705 721 3028 785 contorquet
3077 712 3368 777 Eusebius,

1796 814 1852 861 et
1890 822 1958 861 ne
1988 804 2127 861 duos
2157 815 2384 877 cogatur
2414 807 2702 864 admittere
2731 808 2863 864 deos
2904 814 2983 862 tot
3021 807 3370 862 circuitioni-

1796 900 1901 955 bus
1940 905 1995 955 et
2040 900 2361 970 ambagibus
2410 900 2599 965 utitur,
2639 906 2699 954 ut
2748 901 3067 971 perplexam
3101 900 3365 971 arguendi

1799 990 2110 1047 methodum
2135 992 2323 1044 mirari
2355 988 2569 1048 subeat.
2600 991 2691 1046 Ait
2726 992 2890 1063 igitur
2911 989 3178 1047 Eusebius
3205 993 3300 1047 lib.
3327 1007 3366 1046 tt

1799 1080 1996 1137 Contra
2022 1080 2331 1137 Marcellum
2356 1082 2433 1153 (a)
2460 1102 2473 1138 :
2499 1083 2625 1138 Δέον
2656 1083 2899 1138 ἐντεῦθεν
2925 1086 3180 1148 συνεῖναι,
3202 1084 3277 1151 ὡς
3304 1087 3364 1141 οὐ

1795 1171 1888 1226 δύο
1914 1174 2118 1244 θεοὺςή
2145 1173 2437 1246 Ἐκκλησία
2457 1173 2551 1228 τοῦ
2580 1173 2714 1228 Θεοῦ
2737 1175 2996 1247 κηρύττει
3014 1194 3033 1211 τ’
3060 1177 3121 1232 οὐ
3142 1176 3250 1250 γὰρ
3273 1176 3368 1231 δύο

1796 1250 2081 1336 ἀγέννητα,
2112 1263 2230 1317 οὐδὲ
2255 1264 2347 1317 δύο
2376 1262 2603 1338 ἄναρχα,
2635 1265 2710 1331 ὡς
2749 1265 3005 1331 πολλάκις
3038 1268 3169 1352 ημῖν
3213 1268 3366 1343 εἴρη-

1796 1371 1903 1419 ται,
1930 1355 2051 1409 οὐδὲ
2073 1355 2166 1409 δύο
2194 1352 2379 1419 οὖσίας
2400 1356 2468 1423 ’ἐξ
2503 1357 2770 1427 ἰσοτιμίας
2796 1357 3369 1430 ἀντιπαρεξαγομένας

1797 1446 2043 1518 ἀλλήλοις
2077 1447 2317 1515 εἰσάγει·
2347 1447 2425 1500 διὸ
2455 1447 2574 1502 οὐδὲ
2606 1447 2699 1501 δύο
2728 1443 2887 1514 θεούς
2906 1467 2919 1480 ’
2943 1450 3080 1503 ἀλλὰ
3113 1450 3241 1521 μίαν
3269 1452 3369 1525 ἀρ-

1795 1536 1897 1609 χὴν
1926 1539 2018 1591 καὶ
2040 1537 2171 1592 Θεὸν
2207 1536 2365 1604 εἶναι,
2402 1540 2491 1593 τὸν
2520 1540 2682 1593 αὐτὸν
2707 1542 2925 1613 Πατέρα
2953 1542 3275 1599 διδάσκουσα
3296 1538 3369 1597 εἷ-

1784 1646 1887 1707 ναι
1928 1628 2022 1682 τοῦ
2073 1627 2388 1699 μονογενοῦς
2438 1628 2531 1682 καὶ
2578 1630 2859 1701 ἀγαπητοῦ
2902 1631 3052 1697 Υἱοῦ,
3094 1632 3198 1689 hoc
3228 1640 3311 1689 est
3346 1650 3362 1688 :

1805 1720 1942 1774 Hinc
1974 1720 2365 1791 intelligendum
2390 1731 2466 1775 est
2498 1720 2791 1776 Ecclesium
2821 1721 2924 1777 Dei
2952 1741 3054 1778 non
3078 1724 3210 1779 duos
3234 1724 3361 1780 deos

1802 1812 2090 1881 pradicare
2120 1829 2142 1866 :
2173 1830 2273 1867 non
2298 1815 2435 1867 enim
2464 1813 2569 1868 duo
2599 1831 2701 1869 non
2730 1816 2926 1885 genita,
2954 1833 3044 1871 nec
3072 1817 3176 1873 duo
3214 1820 3366 1889 prin-

1801 1906 1934 1970 cipio
1966 1907 2219 1968 carentia,
2264 1916 2324 1958 ut
2375 1922 2510 1975 swpe
2554 1906 2753 1960 dictum
2799 1925 2831 1961 a
2864 1889 3021 1963 nobis
3067 1918 3165 1974 est,
3206 1925 3367 1981 neque

1801 1996 1935 2052 duas
1958 1997 2304 2064 substantias,
2334 1997 2527 2051 honore
2556 1999 2674 2068 pari
2692 2014 2756 2053 ea:
2781 1997 2995 2054 adverso
3034 2010 3214 2054 mutuo
3252 2001 3364 2055 col-

1801 2087 1962 2153 latas,
2009 2088 2241 2153 inducit,
2288 2087 2501 2159 ideoque
2544 2105 2634 2143 nec
2678 2088 2808 2143 duos
2853 2089 2974 2144 deos
3013 2089 3159 2143 :sed
3205 2106 3366 2144 unum

1800 2181 2110 2251 principium
2143 2191 2193 2236 et
2225 2181 2411 2246 Deum,
2448 2183 2618 2251 ipsum
2655 2181 2870 2236 Patrem
2902 2184 3157 2253 unigeniti
3194 2192 3243 2237 et
3279 2182 3367 2260 dig

1805 2275 1923 2331 lecti
1960 2274 2090 2330 Filii
2119 2292 2229 2331 esse
2251 2274 2417 2331 docet.
2449 2277 2636 2347 Itaque
2668 2283 2896 2331 eatenus
2920 2291 3027 2330 non
3068 2277 3206 2333 duos
3234 2276 3367 2334 deos

1803 2385 1922 2425 esse
1947 2362 2097 2434 dicit,
2120 2380 2386 2441 quatenus
2410 2370 2560 2426 solus
2586 2368 2746 2425 Pater
2772 2385 2881 2424 non
2914 2371 3131 2441 genitus
3160 2379 3215 2426 et
3244 2372 3367 2426 sine

1803 2460 2091 2531 principio,
2124 2470 2267 2517 unus
2298 2460 2440 2517 Deus
2471 2468 2526 2516 et
2567 2477 2735 2516 unum
2778 2462 3106 2533 principium
3140 2472 3245 2527 est,
3276 2462 3367 2519 Fi-

1804 2553 1909 2608 lius
1934 2567 2085 2615 vero,
2114 2561 2298 2623 utpote
2331 2554 2433 2623 ipsi
2463 2554 2767 2625 inmqualis,
2802 2570 2910 2609 non
2945 2556 2999 2609 in
3030 2556 3289 2626 primaria
3312 2564 3366 2612 et

1804 2658 1910 2696 una
1954 2642 2043 2695 illa
2090 2642 2286 2697 deitate
2332 2652 2582 2698 censetur
2624 2658 2783 2699 esse:
2818 2647 2967 2714 atqui
3010 2645 3139 2700 hinc
3186 2646 3364 2702 solum

1802 2732 2053 2788 concludi
2092 2742 2288 2803 potest,
2320 2749 2429 2788 non
2475 2749 2597 2790 esse
2639 2735 2776 2790 duos
2813 2738 3049 2806 aequales
3078 2736 3229 2804 deos,
3266 2738 3362 2794 sed

1802 2840 1969 2879 unum
1995 2822 2207 2879 Patrem
2250 2840 2563 2895 supremum
2606 2841 2729 2882 esse
2773 2825 2946 2903 Deum
2982 2846 2994 2882 :
3023 2844 3145 2883 cum
3179 2840 3359 2885 autem

1762 2928 1767 2932 ‘
1801 2913 1993 2977 Filius,
2027 2913 2153 2969 licet
2180 2915 2353 2986 impar
2382 2922 2436 2971 et
2464 2915 2661 2983 minor,
2681 2916 2825 2972 Deus
2853 2925 3035 2974 tamen
3068 2934 3188 2975 esse
3209 2920 3365 2975 diea-

1732 4596 1777 4655 ι)

1803 3017 1891 3060 tur
1909 3045 1925 3070 ,
1952 3006 2079 3061 hinc
2107 3022 2237 3062 sane
2262 3015 2629 3079 consequetur
2659 3009 2796 3065 duos
2822 3025 2959 3066 .esse
2990 3009 3157 3080 deos;
3192 3012 3364 3077 majo~

1802 3114 1916 3155 rem
1952 3100 2139 3163 alium,
2172 3100 2397 3157 alterum
2428 3117 2558 3158 vero
2588 3102 2875 3158 minorem.

1802 3190 1931 3245 Vlll‘.
1951 3193 2057 3244 Non
2094 3192 2299 3243 obscure
2321 3195 2465 3245 docet
2498 3194 2675 3245 Filium
2713 3208 2807 3244 non
2832 3208 2942 3245 esse
2964 3209 3083 3245 vere
3105 3197 3278 3248 Deum.
3305 3224 3366 3235 —-

2046 3256 2125 3307 IX.
2151 3256 2256 3316 Quo
2277 3269 2423 3306 sensu
2450 3255 2628 3309 Filium
2650 3269 2761 3306 esse
2790 3260 2948 3308 Deum
2976 3259 3114 3308 dicit.

1873 3339 2045 3395 Probe
2071 3339 2452 3395 animadvertit
2494 3338 2763 3398 Eusebius
2793 3357 2903 3398 non
2938 3359 3099 3413 posse
3146 3346 3364 3400 ratioci-

1804 3429 1895 3485 nia
1925 3444 2022 3485 sua
2066 3428 2369 3485 consistere
2400 3448 2413 3483 :
2442 3430 2823 3499 quamobrem,
2854 3445 2973 3499 quae
3000 3430 3103 3499 ipsi
3136 3446 3239 3483 una
3270 3446 3362 3485 su-

1803 3530 2016 3588 pererat
2046 3518 2293 3574 elabendi
2318 3519 2480 3584 ratio,
2511 3534 2578 3573 ne
2606 3517 2743 3573 duos
2770 3512 3056 3574 admittere
3102 3518 3235 3577 deos
3266 3534 3362 3573 co-

1803 3620 1979 3681 gatur,
2015 3610 2175 3665 modo
2203 3617 2386 3681 aperte
2411 3609 2586 3673 docet,
2622 3624 2748 3663 mox
2791 3624 2891 3665 nec
2940 3609 3174 3664 obscure
3221 3610 3358 3664 insi-

1803 3711 1934 3758 nuat
1956 3701 2151 3757 Filium
2176 3717 2284 3757 non
2316 3717 2438 3758 esse
2458 3704 2580 3765 vere
2603 3699 2792 3757 Deum.
2822 3699 2879 3755 ln
2902 3702 3129 3772 epistola
3158 3705 3360 3774 quippe

1803 3811 1900 3851 sua
1951 3796 2019 3850 ad
2070 3794 2514 3865 Euphrationem,
2552 3794 2619 3849 ab
2651 3794 2950 3850 Athanasio
2991 3801 3047 3849 et
3089 3811 3119 3849 a
3145 3793 3359 3851 Niczena

1803 3889 2040 3943 secunda
2063 3887 2271 3959 synodo
2301 3886 2517 3941 laudata
2536 3885 2714 3958 (b),de
2741 3884 2879 3940 Filio
2903 3887 3029 3941 talia
3059 3885 3202 3941 fatur
3224 3906 3238 3941 :
3257 3886 3361 3940 Τὸν

1803 3983 1963 4037 αὐτὸν
1986 3982 2042 4037 δὲ
2073 3981 2165 4035 καὶ
2194 3981 2349 4053 μόνον
2377 3980 2624 4051 ἀληθινὸν
2648 3973 2785 4033 εἶναι
2817 3976 3052 4037 διδάσκει
3078 3979 3141 4033 δι’
3160 3974 3233 4034 ὧν
3258 3996 3361 4049 φη-

1806 4094 1888 4131 σιν
1904 4094 1917 4107 ’
1951 4078 2075 4132 Ἵνα
2096 4075 2430 4146 γινώσκωσί
2450 4090 2522 4130 σε
2536 4075 2642 4129 τὸν
2658 4076 2851 4145 μόνον
2868 4072 3153 4141 ἀληθινὸν
3178 4073 3323 4139 Θεόν
3338 4089 3353 4102 ο

1794 4170 1921 4242 οὐχὶ
1951 4170 2025 4235 ὡς
2054 4171 2170 4233 ἐνὸς
2200 4168 2349 4232 ὄντος
2377 4169 2534 4240 μόνου
2567 4166 2659 4221 τοῦ
2704 4164 2857 4230 Θεοῦ,
2889 4164 3000 4217 ἀλλ’
3024 4164 3099 4227 ὡς
3128 4164 3244 4227 ἐνὸς
3273 4163 3358 4216 όν·-

1802 4279 1891 4325 τος
1918 4261 2075 4333 μόνον
2107 4259 2355 4332 ἀληθινοῦ
2389 4258 2545 4322 Θεοῦ,
2576 4255 2711 4328 μετὰ
2743 4254 3054 4327 προσθήκης
3073 4253 3357 4320 ἀναγκαιο-

1802 4354 1967 4423 τάτης
2009 4351 2123 4415 τοῦ,
2154 4351 2463 4421 ἀληθινοῦ.
2483 4350 2632 4403 Ἐπεὶ
2681 4348 2773 4401 καὶ
2819 4346 2977 4406 αὐτὸς
3026 4343 3156 4404 Θεὸς
3209 4343 3357 4412 μὲνό

1812 4448 1957 4511 Υἱὸς.
1988 4438 2215 4501 ἀλλὀὐκ
2244 4425 2490 4514 ἀληθινὸς
2518 4433 2763 4504 Θεόςοεῖς
2795 4438 2901 4509 γάρ
2934 4437 3050 4491 ἐστι
3082 4435 3174 4489 καὶ
3200 4434 3356 4506 μόνος

1796 4534 2057 4610 ’ἀληθινὸς
2076 4538 2225 4600 Θεὸς,
2258 4536 2342 4589 διὰ
2374 4535 2433 4586 τὸ
2466 4532 2538 4603 μὴ
2560 4532 2702 4601 ἔχειν
2735 4530 2840 4602 πρὸ
2862 4529 3023 4583 αὐτοῦ
3051 4546 3190 4590 τινα.
3217 4529 3278 4581 Εἰ
3299 4528 3355 4581 δὲ

1810 4634 1902 4687 καὶ
1925 4632 2083 4693 αὐτὸς
2103 4634 2131 4683 ό
2162 4630 2287 4691 Υἱὸς
2311 4625 2575 4698 ἀληθινὸς,
2607 4623 2722 4677 ἀλλ’
2749 4623 2823 4686 ὼς
2851 4620 3011 4675 εἰκὼν
3045 4620 3137 4674 τοῦ
3169 4619 3355 4692 ἀληθι-

1811 4725 1921 4782 νοῦ.
1948 4728 2027 4795 εῖη
2056 4724 2118 4777 ἂν
2141 4722 2233 4775 καὶ
2252 4720 2399 4783 Θεός·
2424 4718 2543 4770 ἐπεὶ
2564 4719 2657 4771 καὶ
2677 4715 2807 4780 Θεὸς
2827 4712 2893 4786 ἦν
2908 4718 2934 4769 ό
2954 4714 3140 4782 Λόγος,
3163 4715 3222 4767 οὐ
3250 4714 3354 4783 μὴν

1809 4819 1881 4882 ὠς
1906 4820 1933 4871 ὁ
1964 4816 2120 4886 μόνος
2146 4810 2391 4883 ἀληθινὸς
2418 4809 2548 4874 Θεός
2568 4850 2582 4873 ,
2613 4810 2717 4863 hoc
2744 4817 2826 4861 est
2857 4827 2870 4861 :
2906 4805 3158 4858 Eumdem
3182 4815 3353 4857 autem

1809 4923 1856 4966 et
1892 4909 2056 4965 solum
2085 4922 2261 4959 verum
2297 4920 2407 4959 esse
2435 4904 2582 4956 docet
2623 4903 2702 4955 his
2734 4900 2896 4955 verbis
2928 4914 2945 4951 :
2978 4917 2995 4949 ι
3041 4895 3105 4951 Ut
3139 4892 3377 4965 coquos?

1810 5014 1930 5058 cant
1971 5012 2017 5055 te
2058 4999 2225 5053 solum
2269 5013 2444 5052 verum
2480 4995 2643 5049 Deum
2676 4992 2857 5065 (Joan.
2901 5006 3041 5047 xvu.
3086 4987 3161 5053 5),
3197 5007 3217 5039 ι
3251 5004 3353 5040 non

1801 5091 1952 5162 quasi
1988 5104 2122 5141 unus
2150 5087 2293 5141 solus
2328 5087 2399 5140 sit
2442 5083 2602 5147 Deus,
2636 5080 2723 5136 sed
2760 5079 2913 5150 quasi
2955 5092 3089 5131 unus
3114 5074 3257 5129 solus
3285 5076 3355 5127 sit

1803 5198 1949 5237 verus
1973 5180 2132 5242 Deus,
2150 5196 2264 5233 cum
2298 5180 2392 5233 Itoc
2415 5177 2799 5246 pernecessario
2830 5171 3208 5232 additamenta,
3233 5186 3250 5217 ι
3272 5182 3353 5221 ve-

1803 5291 1912 5329 rus.
1942 5292 1961 5325 i
1995 5270 2137 5326 Nam
2164 5281 2212 5326 et
2241 5273 2349 5341 ipse
2378 5269 2583 5340 quidem
2616 5265 2805 5327 Filius,
2838 5263 2996 5325 Deus,
3025 5260 3112 5317 sed
3148 5276 3245 5312 non
3269 5274 3353 5314 nec

1802 5380 1892 5417 rus
1919 5362 2052 5416 Deus
2079 5377 2095 5414 :
2122 5377 2255 5415 unus
2285 5369 2360 5414 est
2386 5359 2522 5412 enim
2564 5355 2705 5409 solus
2749 5368 2899 5407 verus
2933 5348 3092 5408 Deus,
3124 5362 3183 5399 eo
3216 5344 3353 5415 quod

1786 5473 1905 5512 'non
1932 5454 2117 5507 habeat
2142 5454 2366 5524 aliquem
2397 5460 2515 5504 ante
2539 5466 2611 5502 se.
2644 5445 2793 5513 Quod
2824 5445 2869 5497 si
2908 5443 3016 5510 ipse
3035 5453 3236 5509 quoque
3263 5435 3344 5490 Fi-

1800 5549 1905 5603 lius
1939 5563 2089 5602 uerus
2127 5542 2226 5610 est,
2259 5544 2348 5598 sed
2387 5544 2520 5597 sicut
2550 5543 2723 5610 imago
2763 5537 2865 5592 aeri
2912 5533 3028 5593 Dei,
3060 5529 3200 5586 Deus
3242 5530 3351 5599 [ue-

1802 5632 1871 5709 git
1902 5653 1920 5691 :
1949 5635 2198 5706 siquidem
2219 5643 2268 5689 et
2296 5633 2434 5688 Deus
2465 5641 2578 5687 erat
2616 5628 2858 5689 Verbum,
2892 5640 2994 5701 non
3018 5631 3189 5677 tamen
3220 5628 3354 5675 sicut

1803 5731 1891 5786 ille
1934 5730 2075 5784 solus
2115 5744 2260 5783 verus
2312 5725 2468 5780 Deus.
2505 5723 2740 5792 ldipsuni
2769 5718 2970 5775 diserte
3020 5715 3254 5772 declarat
3301 5714 3353 5769 iu

1875 5865 1946 5935 (b)
1992 5865 2185 5920 Athan.
2220 5871 2257 5916 t.
2293 5860 2332 5931 l;
2363 5877 2402 5915 ιι
2441 5858 2584 5923 Nic.,
2618 5864 2722 5913 act.
2754 5873 2805 5921 v,
2839 5870 2889 5925 p.
2919 5852 3041 5910 566.
