3928 6336
668 370 740 427 39
1340 368 1605 424 EUSEBII
1642 365 2116 426 CAESARlENSlS
2153 365 2206 419 Ol

2339 362 2523 420 PARS
2556 364 2643 421 111.
2674 399 2742 408 -
2769 366 3182 425 EXEGETICA.
3837 381 3856 431 ἐ

671 493 967 548 Demonstr.
995 512 1197 566 θοίνης.⁷
1227 511 1348 567 cap.
1367 498 1421 562 ι.
1449 497 1713 568 pag.226,
1733 498 1817 553 his
1840 497 2018 552 verbis
2045 515 2059 551 :
2086 497 2206 549 05x-

2326 494 2423 547 οὒκ
2452 493 2742 563 ἰδιόκτητον
2783 491 2951 562 αὐτὴν
2976 492 3263 563 ἐσχηκότα.
3313 492 3370 545 ’0
3398 494 3494 563 μὲν
3527 494 3632 566 γὰρ
3661 494 3848 549 δίδωσι

669 582 878 653 causa
905 585 1105 639 τούτων
1149 590 1176 640 ό
1222 588 1320 658 μὲν
1350 588 1552 660 ἀληθὴς
1576 591 1670 641 καὶ
1708 590 1865 660 μόνος
1900 587 2031 651 Θεὸς
2059 582 2138 651 εἷς
2166 590 2232 641 ἂν

665 669 777 747 εἴη,
808 676 966 746 μόνος
1013 679 1212 751 κυρίως
1250 682 1531 752 τυγχάνων
1563 681 1663 751 τῆς
1696 680 2061 753 προσηγορίας
2082 699 2094 709 ·
2126 681 2154 733 ό
2176 680 2232 733 δὲ

667 764 913 839 δεύτερος
944 772 1199 843 μετουσίᾳ
1240 771 1332 825 τοῦ
1379 773 1609 845 ἀληθοῦς
1636 775 1736 846 τῆς
1760 775 2041 836 κοινωνίας
2072 774 2229 842 ἠξίωρ

664 876 775 924 ται,
802 860 924 915 οὔτε
944 862 1033 917 Δι’ῖιιν
1061 864 1183 919 καθ’
1207 866 1417 930 ἑαυτὸν,
1442 866 1564 920 οὔτε
1592 867 1835 937 ὑφεστὼς
1858 868 1980 938 δίχα
2005 866 2099 920 τοῦ
2124 867 2233 920 θεο-

596 966 597 969 ‘
665 952 942 1019 ποιοῦντος
985 957 1145 1010 αὑτὸν
1178 959 1409 1031 [ἰατρὸς.
1444 959 1553 1012 οὔτ’
1580 961 1706 1015 ἄνευ
1736 962 1830 1014 τοῦ
1867 962 2075 1031 Πατρὸς
2116 960 2231 1014 οεο-

664 1040 987 1117 λογούμενος
1020 1068 1032 1103 :
1070 1050 1236 1105 missa
1270 1066 1398 1105 vero
1420 1052 1732 1122 interpretis
1766 1054 2035 1116 versione,
2065 1068 2228 1123 quam

663 1132 754 1189 ille
780 1149 881 1207 pro
908 1150 1059 1192 more
1091 1154 1195 1193 suo
1221 1139 1290 1194 ad
1315 1142 1640 1195 catholicam
1672 1142 1828 1197 [idem
1860 1144 2227 1209 concinnavit,

664 1223 747 1279 sic
774 1242 875 1281 nos
891 1227 1166 1285 reddimus
1191 1249 1204 1285 :
1228 1229 1411 1301 Itaque
1434 1247 1499 1286 ea:
1539 1232 1619 1285 his
1649 1249 1796 1288 verus
1819 1243 1868 1287 et
1902 1235 2046 1288 solus
2088 1234 2227 1288 Deus

663 1317 763 1389 (a),
794 1335 929 1375 unus
963 1322 1146 1390 fuerit,
1169 1325 1259 1393 qui
1278 1325 1419 1379 solus
1450 1324 1583 1378 lianc
1598 1326 1995 1396 appellationem
2024 1329 2229 1398 proprie

662 1410 853 1464 obtinet
883 1428 887 1432 λ
916 1415 1171 1469 secundus
1188 1424 1360 1470 autem
1382 1418 1777 1486 participatione
1790 1420 1914 1485 veri,
1934 1423 2225 1476 communi-

659 1502 865 1557 catione
888 1503 980 1557 Illa
1008 1506 1255 1575 dignatus
1282 1517 1380 1572 est,
1397 1510 1598 1579 quinon
1616 1511 1726 1564 sine
1750 1510 1911 1566 Patre
1944 1514 2032 1583 Qui
2055 1514 2226 1582 ipsum

658 1593 827 1650 Deum
867 1598 1050 1667 εῆῑσίιμ
1070 1615 1160 1667 per
1201 1617 1255 1655 se
1281 1603 1485 1656 exsistit
1524 1614 1573 1657 et
1612 1604 1884 1667 subsistit;
1911 1620 2070 1677 neque
2113 1608 2225 1661 sine

658 1686 823 1743 Patre
864 1688 1005 1745 Deus
1058 1705 1295 1748 vocatur.
1346 1692 1447 1750 Ubi
1479 1695 1624 1751 clare
1667 1697 1798 1751 dicit
1851 1698 2024 1753 solum
2054 1714 2223 1754 unum

659 1780 827 1836 Deum
861 1780 1076 1838 Patrem
1106 1800 1252 1848 esse,
1286 1786 1373 1839 cui
1400 1784 1491 1840 Dei
1520 1802 1716 1841 nomen
1744 1789 1963 1858 proprie
2005 1786 2223 1860 compe—

2332 589 2361 639 ό
2405 586 2461 639 δὲ
2497 583 2781 656 λαμϐάνει.
2819 585 2977 637 Ὥστε
3009 585 3211 655 κυρίως
3256 586 3349 638 καὶ
3383 587 3477 639 ἕνα
3520 590 3723 641 ἐκεῖνον
3760 584 3855 641 ιῖν‹

2331 678 2485 742 Θεὸν,
2535 676 2626 730 καὶ
2676 676 2834 747 μόνον
2863 677 2972 747 γὰρ
3027 676 3121 730 καὶ
3150 676 3307 745 φύσει
3350 678 3498 741 ὄντα,
3536 680 3629 731 καὶ
3663 680 3737 752 μὴ
3766 696 3851 733 πα

2332 771 2517 841 ἐτέρου
2536 769 2768 824 λαϐόντα
2785 786 2796 799 ·
2824 769 2914 822 τὸν
2939 770 2995 823 δὲ
3019 769 3127 823 τῶν
3144 769 3457 842 δευτερείων
3480 771 3767 841 ἠξιῶσθαι,
3807 792 3856 827 χι

2276 870 2283 878 ’
2329 862 2390 915 τὸ
2419 861 2549 915 Θεὸν
2577 858 2713 915 εἶναι
2740 860 2969 916 λαϐόντα
2998 862 3148 933 παρὰ
3178 862 3268 915 τοῦ
3294 864 3503 936 Πατρὸς
3534 864 3695 935 ἔχειν,
3723 865 3807 929 ὡς
3835 866 3856 918 ὂ

2330 956 2511 1010 εἰκόνα
2553 958 2644 1010 τοῦ
2685 955 2841 1020 Θεοῦ,
2889 957 3017 1027 μιᾶς
3060 956 3147 1009 ἐπ’
3187 956 3386 1026 ἀμφοῖν
3434 958 3573 1011 κατά
3610 958 3672 1012 τὸ
3713 970 3856 1030 παρέ

2327 1047 2523 1119 δειγμα
2541 1048 2639 1118 τῆς
2655 1047 2906 1117 θεότητος
2929 1049 3141 1100 ἐπινοου
3150 1046 3334 1117 μένης,
3356 1047 3471 1112 ἑνός
3496 1066 3551 1101 τε
3584 1048 3736 1112 ὄντος
3755 1050 3856 1102 Θετ

2326 1139 2421 1192 τοῦ
2465 1140 2588 1193 καθ’
2636 1140 2822 1193 ἑαυτὸν
2851 1132 3220 1211 ἀνάρχωςκαὶ
3257 1140 3562 1211 ἀγεννήτως
3596 1141 3769 1204 ὄντος,
3807 1141 3856 1195 δι

2326 1230 2383 1283 δὲ
2408 1230 2502 1284 τοῦ
2554 1230 2683 1283 Υἰοῦ
2711 1230 2785 1293 ὼς
2830 1231 2896 1283 ἂν
2918 1229 2984 1283 δι’
3011 1230 3275 1301 ἐσόπτρου
3301 1232 3394 1284 καὶ
3424 1232 3627 1295 εἰκόνος
3658 1232 3855 1286 ἐπιθειι

2331 1323 2609 1393 ρουμένου.
2637 1320 2799 1376 Missa
2828 1319 3004 1375 Latini
3034 1320 3343 1391 interpretis
3373 1322 3643 1389 versione,
3672 1323 3769 1393 qui
3795 1339 3855 1394 pr

2328 1431 2476 1469 more
2499 1428 2600 1468 suo
2630 1412 2743 1467 haec
2784 1411 2853 1466 ad
2886 1411 3209 1466 catholicam
3261 1412 3589 1468 sententiam
3622 1411 3856 1468 detorsit

2326 1510 2406 1563 sic
2437 1522 2538 1563 nos
2564 1505 2630 1559 ad
2657 1506 2877 1561 verbum
2906 1503 3324 1574 interpretamur
3352 1502 3643 1557 :therum
3675 1504 3856 1558 etiann

2323 1610 2519 1655 natura
2559 1599 2853 1671 unigenitus
2883 1594 3057 1649 Filius
3090 1606 3137 1650 et
3186 1596 3322 1651 Deus
3351 1606 3526 1651 noster
3560 1595 3855 1651 celebretur

2325 1706 2380 1748 at
2412 1712 2516 1747 non
2546 1702 2621 1747 est
2648 1694 2853 1762 primus
2888 1689 3064 1753 Deus;
3094 1689 3184 1743 sed
3206 1691 3408 1758 primus
3456 1688 3551 1743 Dei
3582 1691 3856 1760 unigenitn

2326 1786 2521 1848 Filius,
2568 1796 2617 1841 et
2663 1785 2777 1839 ideo
2828 1783 2991 1841 Deus.
3052 1781 3117 1835 In
3154 1799 3361 1835 summa
3388 1783 3494 1836 tam
3523 1798 3685 1836 causa
3721 1781 3856 1851 [ueri

658 1872 746 1937 tit,
777 1874 1075 1928 secundum
1100 1884 1279 1931 autem
1319 1874 1484 1931 Deum
1521 1854 1931 1949 participatione
1954 1854 2159 1935 tantum
2191 1896 2221 1935 a
2253 1854 2296 1909 Β
2322 1880 2460 1951 quod
2495 1881 2584 1935 ille
2611 1879 2753 1933 Deus
2782 1879 2873 1943 sit,
2907 1875 3033 1945 quia
3061 1874 3205 1929 solus
3238 1882 3431 1927 natura
3457 1873 3503 1926 F
3506 1876 3631 1928 ilius
3658 1873 3760 1928 Dei
3783 1885 3856 1928 est

656 1960 767 2017 Deo
797 1961 955 2019 Patre
986 1963 1154 2020 Deum
1185 1966 1385 2021 factum
1418 1966 1603 2023 fuisse.
1644 1968 1779 2024 Cum
1810 1979 1988 2028 autem
2018 1973 2095 2026 ait
2137 1988 2223 2029 se.
2322 1991 2383 2026 ac
2420 1972 2726 2044 Unigenitus
2762 1979 2993 2032 vocatur,
3024 1977 3074 2021 et
3092 1968 3217 2038 quia
3247 1968 3410 2021 solius
3442 1966 3541 2021 Dei
3562 1968 3856 2021 animatum

655 2054 895 2109 cundum
932 2056 1080 2111 illuin
1115 2056 1305 2123 Deum,
1335 2060 1422 2113 cui
1475 2062 1684 2116 Scilicet
1714 2076 1822 2116 non
1855 2079 1980 2118 vere
2010 2073 2063 2117 et
2096 2079 2221 2135 pro—
2322 2068 2568 2121 viventem
2594 2078 2641 2122 et
2665 2068 3036 2138 intelligenlem
3060 2065 3337 2136 imaginem
3366 2072 3557 2126 servat,
3593 2062 3856 2117 secundum

628 2144 774 2224 .prie
805 2148 1062 2217 competit
1110 2149 1254 2218 quod
1289 2148 1431 2205 Deus
1460 2152 1551 2215 sit,
1588 2168 1695 2207 non
1741 2155 1859 2210 sine
1894 2153 2056 2209 Patre
2077 2156 2222 2211 exsi-
2320 2161 2502 2213 omnia
2532 2158 2686 2214 Patri
2717 2160 2965 2225 similem,
2991 2175 3053 2214 ac
3076 2160 3236 2213 etiam
3270 2158 3437 2227 ipsius
3476 2153 3689 2208 deitatis
3744 2156 3855 2207 ima

655 2238 901 2305 stere,ad
934 2241 1063 2295 illud
1089 2240 1875 2315 Evangeli’iJoannisrespicit:
1902 2245 1969 2300 Et
1996 2247 2218 2301 Verbum
2317 2254 2489 2323 ginem
2536 2251 2799 2321 ferentem.
2837 2251 2956 2306 Hac
2990 2267 3109 2321 ergo
3156 2249 3219 2303 de
3267 2265 3431 2303 causa
3474 2250 3648 2317 ipsum
3695 2275 3702 2299 ς
3730 2251 3855 2302 ’iam

645 2342 766 2385 erat
787 2332 924 2401 apud
949 2332 1279 2390 Deum.ldeo
1305 2346 1481 2392 autem
1503 2335 1697 2391 Filium
1715 2338 1881 2394 Deum
1906 2340 2219 2411 dignatione
2318 2354 2491 2410 utpote
2519 2347 2691 2398 solum
2744 2342 2968 2408 Filium,
3003 2344 3094 2415 qui
3137 2342 3281 2397 solus
3316 2340 3413 2395 Dei
3465 2342 3638 2410 imago
3686 2343 3783 2397 si’.
3817 2358 3855 2394 at

652 2422 831 2481 Patris
864 2442 986 2482 esse
1004 2427 1108 2497 (vel
1140 2429 1325 2497 potius
1344 2446 1407 2484 ex
1442 2432 1508 2485 iis
1533 2446 1653 2501 qua:
1670 2447 1832 2502 supra
1862 2434 2101 2491 diximus
2121 2452 2218 2491 νο·
2317 2436 2633 2506 non-genita:
2667 2445 2716 2488 et
2746 2437 3004 2504 principio
3049 2434 3273 2488 carentis
3326 2431 3633 2486 substantite
3678 2430 3855 2484 Patri

650 2518 809 2587 cari),
829 2519 1069 2591 ait,quia
1099 2528 1184 2575 est
1212 2522 1389 2592 imago
1421 2509 1635 2580 Patris:
1661 2540 1768 2579 non
1796 2528 2012 2597 quidem
2040 2530 2217 2603 imago
2316 2527 2594 2581 virtutibus
2629 2526 2910 2580 secundum
2942 2523 3233 2594 exemplum
3269 2520 3629 2577 similitudinis
3658 2520 3848 2573 indutu

646 2625 774 2680 quae
790 2613 1034 2666 eamdem
1058 2629 1219 2683 quam
1236 2609 1396 2668 Pater
1411 2617 2045 2686 substantiamobtineat,
2064 2637 2211 2685 nam,
2314 2619 2406 2682 sit,
2443 2617 2681 2695 atqueab
2716 2619 2948 2671 omnium
2979 2617 3295 2687 peritissimo
3327 2630 3388 2667 ac
3420 2612 3771 2668 scientissime
3790 2612 3855 2680 pi!

652 2709 713 2757 ut
762 2717 927 2773 supra
980 2707 1387 2775 comprobatum
1448 2718 1553 2772 est,
1585 2709 1855 2766 diversam
1910 2728 1940 2766 a
1991 2724 2214 2782 paterna
2312 2721 2453 2766 ctare
2484 2728 2547 2766 ac
2576 2693 2693 2767 vitae
2725 2720 2937 2765 auctore
2968 2709 3149 2770 Patre.
3196 2708 3265 2763 ad
3299 2708 3764 2762 accuratissimam
3799 2706 3856 2761 si.

650 2794 1011 2849 substantiam
1040 2795 1159 2850 Filii
1187 2792 1501 2865 constituit;
1530 2801 1625 2857 sed
1666 2802 1842 2872 imago
1879 2805 2213 2875 perfectissi-

650 2901 762 2953 ma,
797 2897 1060 2956 quantum
1092 2902 1155 2944 ea
1192 2896 1371 2958 potest
1408 2906 1532 2945 esse
1581 2908 1700 2961 qua:
1744 2896 1849 2949 alia
1891 2911 1921 2951 a
1957 2913 2211 2967 supremo

650 2974 760 3033 Deo
785 2977 969 3034 fuerit.
1004 2978 1349 3050 ldipsumque
1389 2982 1576 3038 multis
1610 2985 1663 3038 in
1700 2985 1835 3040 locis
1866 2996 1975 3042 tam
2006 2991 2061 3043 in
2106 2991 2211 3045 De-

650 3070 1025 3123 monstratione
1072 3071 1408 3140 evangelica,
1468 3088 1631 3142 quam
1684 3074 1741 3128 in
1805 3076 1960 3133 libris
2010 3078 2209 3135 Contra

2312 2802 2663 2857 militudtnem
2689 2803 2903 2873 eﬁ'eclus
2932 2802 3021 2863 sit,
3050 2799 3218 2855 Deum
3256 2799 3443 2853 merito
3472 2797 3637 2852 divini
3670 2812 3856 2863 sermo

2311 2913 2399 2951 nes
2426 2897 2724 2967 appellant;
2757 2908 2930 2966 utpote
2958 2898 3049 2966 qui
3082 2914 3200 2950 cum
3241 2896 3362 2951 aliis
3391 2913 3423 2949 a
3453 2896 3615 2950 Patre
3640 2893 3744 2947 hac
3776 2906 3854 2959 ap-

2307 2991 2588 3058 pellatione
2616 2990 2861 3061 dignatus
2885 2992 2975 3053 sit,
3000 3005 3215 3060 eamque
3244 2990 3520 3056 acceperit,
3556 3004 3661 3042 non
3693 2997 3855 3041 auten

2308 3092 2365 3136 ut
2392 3084 2657 3152 propriam
2687 3082 2788 3135 sibi
2820 3082 3081 3135 habuerit.
3119 3080 3260 3133 Nam
3286 3080 3377 3133 ille
3409 3078 3618 3149 quidem
3639 3077 3758 3140 dat,
3790 3076 3856 3128 hic

649 3157 962 3214 Marcellum
990 3160 1251 3245 declarat.
1305 3161 1437 3217 Nam
1471 3163 1566 3219 lib.
1615 3180 1631 3219 ι
1663 3164 1863 3221 Contra
1899 3168 2205 3225 Marcellum
2232 3190 2277 3248 ρ
2310 3190 2426 3228 vero
2456 3172 2666 3240 accipit.
2701 3170 2789 3225 Ita
2820 3185 2876 3224 ut
2900 3173 3105 3241 proprie
3126 3172 3216 3225 ille
3248 3186 3383 3224 unus
3417 3170 3483 3223 sit
3518 3168 3683 3233 Deus,
3712 3176 3764 3222 et
3784 3184 3854 3221 so-

646 3254 835 3325 p.70,
890 3254 956 3310 de
1012 3254 1171 3310 Patre
1204 3256 1350 3313 clare
1381 3264 1433 3312 et
1476 3260 1595 3314 sine
1640 3261 1865 3331 ambage
1899 3264 1993 3331 ait,
2025 3265 2205 3330 Μόνος

644 3345 898 3419 ἀληθινὸς
925 3348 1056 3414 Θεός
1089 3364 1101 3377 ·
1135 3347 1290 3404 Solus
1316 3366 1462 3405 verus
1498 3350 1657 3407 Deus.
1692 3354 1749 3408 In
1780 3354 2203 3411 Demonstratio-

644 3456 718 3507 ne.
747 3450 925 3496 autem
960 3442 1279 3514 evangelica,
1324 3444 1362 3497 l.
1392 3438 1447 3508 v',
1487 3460 1536 3500 c.
1574 3446 1629 3509 4,
1688 3462 1809 3518 pag.
1867 3449 1992 3517 2‘27,
2047 3466 2201 3507 suam

644 3534 881 3592 dilucide
911 3536 980 3591 de
1008 3535 1165 3592 Patre
1200 3548 1251 3593 et
1281 3536 1419 3594 Filio
1448 3541 1773 3595 sententiam
1801 3544 2055 3612 explicat,
2100 3545 2204 3599 ait-

642 3644 749 3699 que
774 3627 965 3684 Filium
998 3632 1067 3686 ob
1091 3646 1243 3685 suam
1268 3647 1390 3686 cum
1418 3631 1575 3689 Patre
1601 3634 2008 3690 similitudinem
2032 3634 2225 3705 Deum,

645 3723 847 3785 vocari,
896 3723 1022 3777 licet
1076 3739 1182 3778 non
1218 3724 1435 3795 preprie
1477 3734 1531 3780 et
1573 3741 1669 3797 per
1699 3744 1756 3783 se
1787 3729 1947 3782 talem
1985 3743 2201 3783 nuncu-

644 3813 911 3882 pationem
941 3813 1183 3869 obtineat
1229 3834 1241 3869 :
1281 3830 1405 3870 nam
1448 3829 1733 3887 postquam
1762 3818 1973 3873 dixerat
2003 3818 2198 3874 Filium

642 3912 836 3958 natura
901 3905 1065 3959 Deum
1119 3920 1240 3961 esse
1273 3947 1290 3972 ,
1353 3917 1585 3963 mentem
1646 3924 1799 3965 suam
1860 3911 1939 3965 sic
1973 3912 2195 3980 aperit:

642 3998 787 4069 Πλὴν
844 4001 893 4051 εἰ
930 3998 1022 4052 καί⁵
1067 3997 1225 4067 φύσει
1269 4001 1559 4071 μονογενὴς
1601 4000 1727 4067 Υἱὸς
1754 4004 1846 4056 καὶ
1890 4005 2019 4069 Θεὸς
2044 4004 2200 4077 ἡμῶν

641 4094 1053 4163 ἀνευφημεῖ-ξω,
1088 4090 1199 4143 ἀλλ’
1243 4091 1341 4161 οὐχ
1383 4092 1412 4144 ὁ
1454 4093 1664 4163 πρῶτος
1694 4095 1845 4161 Θεὸς,
1898 4099 2111 4169 πρῶτος
2141 4098 2199 4152 δὲ

639 4184 733 4240 τοῦ
773 4183 905 4238 Θεοῦ
944 4184 1237 4255 μονογενὴς
1278 4183 1425 4247 Υἱὸς,
1456 4186 1548 4237 καὶ
1594 4185 1679 4239 διὰ
1706 4188 1860 4241 τοῦτο
1902 4190 2053 4255 Θεός.
2088 4192 2199 4244 Καὶ

638 4278 758 4329 ὅλον
807 4294 870 4346 γε
926 4277 1085 4329 τοῦτο
1138 4275 1308 4329 αἴτιον
1363 4274 1429 4328 ἂν
1480 4277 1575 4355 εἴη’
1612 4276 1701 4330 τοῦ
1749 4279 2029 4355 καὶ-αὐτὸν
2061 4277 2197 4334 εἶναι

638 4372 791 4435 Θεὸν,
818 4370 877 4424 τὸ
914 4371 1069 4441 μόνον
1102 4366 1242 4426 εἶναι
1271 4370 1429 4440 φύσει
1466 4370 1559 4423 τοῦ
1580 4370 1714 4424 Θεοῦ
1749 4371 1894 4435 Υἰὸν,
1926 4376 2017 4427 καὶ
2046 4392 2197 4445 μονο-

637 4466 771 4537 γενῆ
794 4465 1170 4536 χρηματίζειν,
1200 4466 1290 4517 καὶ
1318 4464 1379 4518 τὸ
1427 4464 1492 4518 δι’
1526 4465 1647 4518 ὅλου
1690 4463 1880 4528 σώζειν
1908 4466 2001 4519 τοῦ
2033 4468 2191 4538 μόνου

2312 3265 2394 3318 lns
2445 3263 2653 3334 quidem
2695 3273 2891 3317 natura
2919 3264 3198 3327 exsistens,
3251 3275 3412 3330 neque
3460 3258 3525 3312 ab
3566 3258 3674 3311 alio
3725 3256 3854 3311 acci-

2304 3358 2483 3428 piens;
2519 3356 2601 3410 Itic
2631 3372 2748 3410 vero
2798 3355 3024 3410 secundo
3059 3355 3172 3408 loco
3208 3352 3460 3421 dignatus
3501 3351 3594 3412 sit,
3649 3361 3807 3419 atque
3836 3364 3854 3399 tl

2306 3449 2467 3505 Patre
2492 3451 2743 3519 acceperit
2773 3459 2829 3503 ut
2868 3446 3008 3503 Deus
3045 3464 3158 3502 esse
3199 3446 3448 3508 obtineat,
3485 3452 3665 3513 utpote
3696 3444 3854 3509 imagc

2304 3544 2422 3608 Dei,
2452 3562 2569 3599 cum
2610 3562 2718 3599 una
2746 3544 2801 3597 in
2828 3541 3080 3597 ambobus
3124 3539 3409 3595 secundum
3436 3536 3732 3604 exemplum
3760 3533 3854 3585 dei:

2303 3649 2385 3694 tas
2405 3640 2747 3710 intelligatur,
2775 3654 2876 3691 uno
2906 3635 3015 3692 Deo
3058 3640 3341 3690 secundum
3375 3649 3430 3687 se
3459 3632 3570 3685 sine
3596 3626 3852 3699 principic

2300 3743 2351 3788 et
2376 3734 2708 3802 generatione
2749 3730 3047 3790 resistam,
3092 3728 3180 3796 qui
3226 3742 3317 3793 per
3357 3722 3561 3775 Filium
3590 3720 3750 3790 quasi
3777 3732 3852 3785 pet

2301 3825 2567 3893 speculum
2608 3830 2658 3877 et
2701 3821 2977 3891 imaginem
3026 3804 3411 3871 consideratur.
3467 3812 3717 3878 Quorum
3750 3809 3852 3861 btet

2301 3932 2513 3972 summa
2569 3914 2751 3977 fuerit,
2808 3923 3031 3967 eatenus
3102 3908 3270 3963 Filius
3329 3914 3523 3959 natura
3571 3903 3721 3957 Deus
3756 3909 3852 3959 est,

2300 4016 2570 4077 quatenus
2592 4011 2787 4057 natura
2813 4016 2910 4056 sua
2948 3999 3014 4052 ad
3045 3996 3454 4054 similitudinem
3487 3994 3579 4047 Dei
3612 4008 3713 4063 per
3740 4005 3850 4045 om-

2300 4099 2388 4153 nia
2413 4096 2636 4151 effectus
2680 4104 2784 4158 est,
2818 4102 2980 4163 atque
3019 4091 3139 4146 ideo
3166 4088 3387 4147 deitatis
3415 4086 3634 4141 nomine
3668 4084 3850 4152 digna-

2298 4198 2389 4245 tus
2422 4197 2525 4251 est.
2556 4204 2676 4259 qua:
2706 4197 2885 4242 tamen
2929 4201 3038 4241 non
3095 4184 3198 4255 ipsi
3230 4183 3447 4254 proprie
3480 4175 3850 4247 competebat;

2300 4283 2393 4339 sed
2423 4287 2643 4351 propter
2663 4275 3074 4333 similitudinem
3106 4274 3322 4329 deitatis
3355 4284 3518 4341 quam
3554 4274 3850 4337 repraesen-

2299 4375 2467 4436 tabat,
2500 4372 2643 4427 Deus
2666 4377 2928 4425 vocatur:
2959 4384 3059 4424 nec
3080 4368 3290 4438 primus
3337 4363 3478 4419 Deus
3499 4372 3603 4425 est,
3643 4360 3737 4413 sed
3771 4370 3850 4409 se-

2298 4467 2505 4522 cundas
2532 4467 2585 4519 in
2614 4465 2813 4519 deitate
2855 4479 2922 4519 ex
2967 4460 3279 4532 dignatione
3323 4462 3575 4526 occupat,
3630 4468 3742 4506 non
3788 4462 3847 4500 ex

636 4558 771 4611 θεοῦ
795 4558 893 4628 τὴν
938 4555 1174 4626 ἔμψυχον
1200 4557 1293 4609 καὶ
1332 4555 1509 4620 ζῶσαν
1562 4556 1751 4627 νοεράν
1810 4558 2009 4622 εἰκόνα,
2056 4562 2195 4613 κατὰ

2307 4563 2415 4629 iure
2449 4572 2503 4615 et
2530 4561 2859 4630 pr0prietate
2896 4577 2907 4611 :
2944 4572 3069 4610 nam
3104 4554 3247 4609 Deus
3282 4553 3352 4607 ob
3380 4545 3847 4604 accuratissimam

638 4654 816 4707 πάντα
851 4649 1125 4719 τῴΠατρὶ
1170 4650 1655 4723 παρωμοιωμένην,
1701 4650 1908 4721 καὶτῆς
1941 4652 2191 4725 Θεότητός

634 4760 697 4803 τε
735 4746 905 4817 αὐτῆς
956 4745 1052 4814 τὴν
1092 4743 1347 4813 όμοίωσιν
1389 4744 1804 4815 ἐπιφερομένην.
1856 4744 2036 4815 Ταύτῃ
2083 4764 2192 4799 τοι·

635 4840 837 4912 γαροῦν
871 4839 963 4893 καὶ
988 4837 1147 4910 αὐτὸν
1175 4836 1249 4899 ὡς
1282 4835 1345 4889 ἂν
1374 4837 1533 4907 μόνον
1564 4838 1689 4891 Υἱὸν
1711 4840 1803 4892 καὶ
1826 4839 1983 4909 μόνον
2012 4840 2193 4893 εἰκόνα

633 4936 760 4990 ὄντα
801 4932 893 4985 τοῦ
932 4931 1087 4997 Θεοῦ,
1123 4931 1212 4983 καὶ
1254 4928 1353 4998 τῆς
1382 4930 1668 4997 ἁγεννήτου
1696 4932 1788 4984 καί
1812 4933 2063 5003 ἀνάρχου
2097 4932 2187 4985 τοῦ

634 5026 845 5097 Πατρὸς
878 5024 1065 5087 οὑσίας
1084 5023 1183 5087 τὰς
1203 5022 1457 5092 δυνάμεις
1478 5022 1617 5074 κατά
1641 5023 1701 5075 τὸ
1726 5024 2069 5097 παράδειγμα
2091 5026 2188 5095 τῆς

632 5117 939 5190 ὁμοιώσεως
999 5116 1487 5187 περιϐεϐλημένον,
1544 5116 1646 5169 ὑπό
1702 5133 1762 5169 τε
1825 5118 1917 5171 τοῦ
1975 5119 2186 5173 πάντων

632 5207 1023 5281 τεχνικωτάτου
1055 5209 1147 5262 καὶ
1197 5209 1660 5278 πανετιιστήμονος
1697 5206 1983 5280 ζωγρῖέςοου
2015 5226 2071 5263 τε
2092 5212 2186 5263 καὶ

634 5301 895 5366 ζωοποιοῦ
937 5301 1142 5372 Πατρὸς
1175 5302 1253 5363 εἰς
1281 5300 1342 5354 τὸ
1368 5301 1446 5354 ἔτι
1484 5300 1706 5371 ἀκριϐὲς
1750 5302 1846 5371 τῆς
1878 5302 2184 5373 ὁμοιώσεως

633 5394 1085 5465 ἀπειργασμένον,
1125 5392 1255 5445 Θεὸν
1301 5393 1521 5457 εἰκότως
1542 5395 1591 5446 οἱ
1625 5392 1754 5447 θεῖοι
1799 5396 2183 5467 ἀναγορεύουσι

633 5485 812 5552 λόγον
846 5485 919 5550 ὡς
975 5486 1067 5539 καὶ
1117 5483 1318 5555 ταύτης
1362 5485 1501 5555 μετά
1539 5486 1647 5539 τῶν
1688 5487 1859 5541 ἄλλων
1896 5489 2043 5559 παρὰ
2089 5489 2180 5541 τοῦ

633 5577 840 5649 Πατρὸς
896 5578 1191 5649 ἠξιωμένον
1247 5578 1631 5649 προσηγορίας,
1663 5582 1711 5633 εἰ
1748 5580 1922 5653 ηφότα
1952 5598 2029 5644 τε,
2069 5581 2180 5634 ἀλλ’

701 5760 776 5831 (a)
818 5760 934 5813 Lib.
970 5778 983 5813 ι
1015 5760 1209 5815 Contra
1246 5758 1569 5825 Marcellum

631 5842 681 5884 ρι
719 5849 769 5902 p.
810 5832 895 5899 δἹ,
933 5833 1018 5887 96.

2297 4655 2699 4710 similitudinem
2723 4652 2823 4705 hac
2850 4651 2999 4704 illum
3029 4646 3386 4718 appellatione
3414 4638 3667 4693 donavit-
3685 4633 3847 4729 Euse-

2292 4736 2462 4803 biana:
2488 4748 2552 4801 de
2575 4744 2694 4799 Filii
2725 4745 2925 4799 deitate
2953 4741 3211 4796 doctrina:
3241 4735 3509 4789 luculenta
3540 4730 3669 4783 item
3696 4732 3847 4778 testi-

2293 4843 2471 4893 monia
2494 4838 2648 4893 aﬂ‘ert
2674 4838 3011 4908 Nicephorus
3041 4830 3345 4903 patriarcha
3379 4820 3433 4880 in
3456 4814 3841 4916 Antirrlteticif.

2289 4933 2447 5001 cujus
2470 4931 2653 5001 Operis
2681 4945 2787 4984 non
2826 4929 3090 4983 hactenus
3120 4920 3249 4977 editi
3278 4934 3342 4972 ac
3372 4918 3492 4970 luce
3518 4909 3839 5001 dignissimi.

2294 5000 2583 5080 editionem
2619 5029 2775 5093 parat
2802 5017 3202 5075 eruditissimus
3225 5011 3512 5065 Anselmus
3543 5000 3840 5093 Bandurius

2295 5130 2495 5173 noster.
2550 5090 2672 5174 Hinc
2714 5116 2877 5185 igitur
2908 5116 3159 5177 excerpta
3202 5104 3354 5157 alTert
3392 5101 3482 5154 ille
3512 5113 3580 5152 cx
3619 5090 3839 5199 epistola

2293 5210 2507 5265 Eusebii
2541 5208 2607 5262 ad
2637 5204 3009 5262 Constantiam
3039 5201 3331 5270 Augustam
3358 5213 3371 5249 :
3398 5193 3571 5255 Μόνος
3599 5189 3728 5258 γοῦν
3755 5189 3837 5234 οὺ·

2289 5321 2377 5366 τος
2414 5301 2550 5371 μετά
2576 5300 2663 5353 τὸν
2695 5296 2952 5350 ἀνωτάτω
2978 5292 3108 5347 Θεὸν
3140 5292 3233 5345 καὶ
3258 5285 3472 5357 Πατέρα
3497 5283 3699 5344 δίκαιός
3730 5280 3836 5327 Eat:

2291 5396 2489 5468 Κύριος
2522 5394 2613 5447 καὶ
2643 5388 2982 5451 δικαιοσύνας
3010 5387 3282 5457 ἠγάπησε,
3320 5381 3371 5436 id
3398 5388 3514 5435 est:
3548 5375 3650 5430 Hic
3676 5375 3840 5468 itaque

2289 5462 2431 5544 solus
2479 5496 2593 5557 post
2626 5475 2921 5552 supremum
2975 5480 3140 5533 Deum
3171 5486 3221 5533 et
3273 5474 3508 5534 Patrem,
3549 5470 3727 5536 justus
3768 5462 3834 5505 (δε

2292 5584 2564 5645 Dominus,
2596 5591 2645 5635 et
2671 5577 2917 5649 justitias
2943 5575 3158 5635 dilexit;
3189 5581 3243 5627 et
3280 5566 3469 5639 paucis
3505 5560 3831 5628 interjettis:

1611 5778 1713 5835 pag
1781 5765 1851 5833 ιο,
1886 5764 2041 5837 μόνος
2076 5767 2206 5839 ἀληϐ

2307 5768 2514 5833 ςΘεός’
2566 5775 2617 5823 et
2660 5765 2753 5820 lib.
2824 5778 2859 5817 ιι
2901 5760 3096 5815 Cuttra
3132 5751 3463 5813 Marcellum,
3530 5760 3649 5818 pag,
3712 5733 3827 5795 {09:
