3956 6340
114 449 166 504 Η
882 445 1371 505 ΟΟΜΜΕΝΤᾹΒΙΑ
1408 447 1473 503 IN
1500 448 1624 504 PSA

1730 447 1835 503 OS.
1877 480 1944 488 —
1983 445 2509 501 PR/ELIMINARIA.
3208 447 3278 499 42

116 570 218 621 Ὀτι
257 567 436 638 ἔχομεν
478 566 573 619 καὶ
607 567 766 637 ἡμεῖς
804 568 1059 639 ἀρχιερέα
1091 568 1259 638 μέγαν
1284 567 1631 638 διεληλυθότα

1735 564 1863 620 illud
1892 566 2160 631 αὐτόθεος,
2208 566 2315 635 ipse
2351 566 2485 619 Deus
2511 563 2620 635 (b);
2651 563 2762 618 sive
2787 562 2928 632 quad
2967 560 3095 617 alibi
3124 562 3276 625 dicit,

112 661 216 723 τοὺς
241 659 507 730 οὐρανοὺς,
550 659 756 730 Ἰησοῦν
784 660 873 713 τὸν
900 659 1025 712 Υἱὸν
1057 658 1147 711 τοῦ
1177 659 1329 712 Θεοῦ⁹
1359 654 1420 714 οὗ
1444 660 1509 713 τὰ
1537 661 1633 730 μὲν

111 751 338 806 ἀνωτάτω
358 752 450 805 καὶ
481 754 748 822 κορυφαῖα
777 752 873 821 τῆς
902 750 1150 822 θεότητος
1179 751 1430 806 ἐπέκεινα
1456 753 1633 824 πάσης

111 844 309 906 κτὶσεως
352 843 623 913 διήκοντα,
669 842 983 913 καλύμματι
1032 842 1276 914 πατρικῷ
1321 844 1419 914 τῆς
1455 842 1633 897 ὲνθέου

109 934 373 1005 ἁῖδιὰτητος
414 934 507 988 καὶ
552 935 874 1006 ἀγεννησίας
927 934 1370 1000 ἐπικαλύπτεται,
1402 938 1453 993 id
1502 947 1629 994 est:

110 1027 232 1094 Quia
262 1026 503 1080 habemus
531 1037 580 1081 et
614 1045 706 1082 nos
735 1028 1043 1096 Pontiﬁcem
1075 1045 1338 1097 magnum.
1368 1032 1457 1100 qui
1482 1032 1633 1086 caelos

110 1118 381 1185 prteterivit,
405 1116 587 1172 Iesum
608 1118 808 1174 Filium
832 1121 947 1184 Dei,
970 1122 1117 1192 cujus
1150 1121 1371 1177 Deitatis
1392 1140 1637 1191 suprema

109 1220 150 1263 et
177 1226 387 1273 summa,
415 1227 579 1280 supra
607 1229 805 1266 omnem
836 1223 1131 1267 creaturam
1164 1214 1519 1283 pervadentia,
1539 1232 1635 1284 pa-

112 1313 235 1357 terno
264 1302 445 1358 diuina:
466 1306 777 1360 (sternitatis
799 1314 845 1360 et
869 1305 1294 1362 innascibilitatis
1321 1311 1634 1376 operimento

110 1402 439 1464 conteguntur.
472 1395 583 1450 Sub
616 1399 725 1451 haec
750 1405 927 1452 autem
958 1399 1157 1455 clarius
1194 1419 1205 1453 :
1254 1401 1310 1453 Ὀ
1341 1401 1397 1454 δὲ
1424 1403 1514 1454 ἐπὶ
1542 1402 1633 1455 τοῦ

112 1485 332 1554 μετώπου
376 1486 633 1555 στέφανος
664 1488 762 1556 τῆς
802 1485 980 1539 ἐνθέου
1013 1489 1123 1539 καὶ.
1144 1491 1635 1561 παντοκρατορικῆς

110 1576 351 1645 βασιλείας
381 1594 439 1629 τε
476 1578 567 1630 καὶ
603 1576 913 1640 δεσποτείας
941 1577 1126 1648 ἐδήλου
1159 1580 1545 1649 προσηγορίαν,
1568 1579 1635 1651 ἢν

110 1667 233 1738 μόνῳ
262 1667 338 1738 τῷ
368 1669 657 1736 Μονογενεῖ
677 1668 705 1719 ὁ
731 1668 987 1722 ἀνωτάτω
1023 1668 1113 1722 καὶ
1150 1668 1305 1739 μόνος
1338 1669 1499 1722 αὐτοῦ
1527 1671 1637 1723 Πα-

108 1761 192 1831 τὴρ
220 1760 540 1831 ἐδωρήσατο,
575 1758 705 1812 Θεὸν
753 1761 846 1813 καὶ
891 1761 1093 1832 Κύριον
1135 1762 1229 1815 καὶ
1263 1761 1485 1831 βασιλέα
1526 1762 1635 1816 τῶν

109 1854 221 1905 ὅλων
241 1853 391 1923 μόνον
418 1853 578 1907 αὑτὸν
610 1853 749 1922 μετά
779 1870 842 1922 γε
872 1855 1060 1908 ἑαυτὸν
1092 1855 1390 1921 ἀναδείξας.
1424 1856 1473 1909 id
1507 1865 1591 1911 est
1616 1875 1628 1912 :

108 1941 289 1997 Coma
318 1952 484 1997 autem
509 1945 563 1996 in
592 1945 764 2013 fronte
791 1946 983 2013 posita,
1007 1945 1169 1999 divini
1196 1955 1244 2000 et
1268 1948 1631 2010 omnipotentis

110 2037 227 2105 regni
262 2054 324 2088 ac
359 2035 576 2090 dominii
616 2038 1011 2106 appellationem
1043 2038 1494 2109 declarat:quam
1533 2041 1633 2095 soli

112 2124 359 2196 Uuigenito
378 2144 647 2197 supremus
664 2137 714 2183 et
734 2129 875 2184 solus
891 2130 1004 2198 ejus
1024 2130 1181 2185 Pater
1199 2132 1429 2193 donavit,
1445 2132 1630 2197 Deum,

109 2219 362 2271 Dominum
390 2228 438 2271 et
464 2217 646 2289 Regem
676 2220 1033 2274 universorum
1056 2222 1224 2275 solum
1248 2224 1417 2291 ipsum
1438 2234 1553 2292 post
1580 2244 1633 2281 se

109 2307 377 2362 declarans.
410 2306 511 2363 Ubi
541 2308 692 2365 vides
718 2324 783 2363 ex
805 2309 1055 2373 Eusebio,
1081 2310 1298 2374 Filium,
1327 2313 1419 2369 Dei
1447 2324 1499 2371 et
1523 2316 1631 2371 Do-

110 2399 216 2453 mini
233 2400 635 2471 appellationem
655 2417 719 2456 ex
737 2403 849 2457 sola
867 2403 1173 2474 dignatione
1184 2404 1355 2463 Patris
1367 2408 1629 2476 obtinere,

112 2504 161 2542 ac
184 2489 463 2543 secundum
488 2506 517 2543 a
545 2489 703 2545 Patre
733 2490 896 2546 Deum
919 2508 1059 2557 esse,
1090 2508 1198 2562 quo
1230 2498 1449 2565 respicit
1470 2498 1631 2552 etiam

112 2577 703 2635 illeCommentariorum
723 2583 953 2645 locus,in
970 2598 1177 2655 argum.
1196 2587 1329 2656 psal.
1349 2603 1490 2641 Lxxu
1508 2588 1635 2643 Asa-

112 2667 206 2736 phi,
222 2679 272 2725 et
284 2671 348 2723 ad
370 2672 505 2740 pSal.
528 2687 561 2727 ι
582 2672 678 2724 :Ac
697 2688 758 2726 ne
784 2674 897 2741 quis
926 2674 992 2728 ob
1010 2677 1343 2741 monarchite,
1358 2680 1462 2731 sive
1478 2680 1631 2733 unius

112 2760 344 2830 principii,
361 2762 613 2817 rationem
631 2763 946 2828 turbaretur,
966 2765 1232 2821 Christum
1245 2767 1337 2822 Dei
1352 2769 1513 2823 Deum
1525 2788 1633 2825 esse

112 2850 336 2915 audiens;
358 2864 698 2923 congruenter
713 2857 793 2909 hic
814 2858 1002 2912 multos
1020 2860 1140 2913 deos
1159 2861 1388 2914 nominat
1406 2878 1512 2925 eos,
1544 2864 1633 2931 qui

112 2943 188 2995 sub
205 2942 304 2997 hare
324 2945 631 3000 incusantur
649 2963 666 2999 :
685 2957 885 3001 tantum
917 2967 1015 3003 non
1033 2950 1336 3018 prazcipiens
1358 2961 1412 3004 ut
1430 2969 1490 3009 ne
1504 2969 1633 3007 cun-

112 3045 283 3113 ctemur
296 3033 493 3089 Filium
511 3055 707 3109 quoque
730 3039 821 3111 Dei
840 3041 1003 3094 Deum
1027 3058 1226 3095 vocare.
1246 3040 1303 3096 Si
1322 3043 1457 3096 enim
1470 3045 1633 3114 gentis

111 3128 354 3197 principes,
366 3132 452 3200 qui
465 3131 601 3184 male
615 3131 914 3194 audiebant,
946 3132 1034 3187 Dei
1054 3135 1256 3188 nomine
1269 3135 1472 3205 dignati
1491 3146 1631 3203 sunt,

114 3219 244 3289 quod,
270 3238 459 3290 quaeso,
490 3224 777 3292 periculum
803 3226 982 3293 luerit,
1006 3227 1052 3279 si
1080 3225 1245 3280 virum
1270 3227 1495 3283 dexterae
1514 3228 1628 3296 Dei,
1656 3263 1699 3320 ε

111 3318 151 3361 et
177 3312 332 3378 ﬁlium
360 3312 586 3368 hominis
628 3317 1019 3385 conﬁrmatum,
1054 3317 1218 3372 Deum
1260 3319 1545 3389 fateamur,
1572 3322 1632 3376 id

113 3409 196 3462 est,
224 3416 339 3455 cum
373 3402 620 3459 homines
648 3406 809 3459 etiam
844 3408 917 3461 dii
949 3418 1224 3470 vocentur.
1260 3412 1427 3481 multo
1461 3415 1632 3484 magis

114 3506 370 3559 possumus
402 3496 678 3551 Christum
704 3500 973 3568 appellare
1005 3500 1191 3565 Deum,
1221 3505 1349 3574 quin
1380 3502 1505 3561 hinc
1528 3523 1635 3563 me-

115 3591 182 3635 tus
212 3584 277 3637 sit
302 3600 366 3640 ne
393 3585 762 3654 pluralitatem
796 3588 1019 3649 deorum
1048 3600 1100 3647 et
1125 3595 1513 3665 principiorum
1548 3599 1632 3651 in-

113 3672 364 3740 ducamus,
395 3677 523 3747 quia
554 3679 765 3734 scilicet
808 3679 977 3737 Filius
1023 3699 1129 3737 non
1162 3689 1375 3755 praprie
1422 3696 1474 3742 et
1509 3706 1631 3745 vere

114 3765 234 3822 Deus
260 3782 356 3835 est,
383 3769 527 3840 quod
549 3770 640 3832 hic
660 3772 748 3827 ille
772 3773 1030 3839 insinuat,
1054 3784 1105 3831 et
1130 3778 1255 3833 alibi
1277 3779 1419 3834 clare
1441 3788 1493 3834 et
1514 3782 1631 3837 sine

112 3861 307 3931 ambage
332 3861 485 3919 dixit.
514 3863 642 3919 Ideo
658 3873 856 3933 autem,
877 3877 934 3920 ut
952 3868 1063 3938 ipse
1081 3870 1131 3923 in
1151 3870 1311 3924 allato
1333 3871 1470 3935 loco,
1498 3873 1550 3926 in
1568 3874 1631 3926 li-

114 3950 208 4007 bris
223 3952 404 4008 Contra
421 3954 811 4017 Marcellumet
826 3959 877 4013 in
894 3959 1191 4015 Comment.
1208 3963 1261 4016 in
1284 3963 1415 4033 psal.
1434 3979 1627 4030 Lxxxv,

116 4039 424 4112 10,explicat,
445 4044 587 4101 Deus
603 4047 691 4103 ille
713 4064 820 4118 prae
831 4051 1079 4105 omnibus
1098 4051 1183 4117 iis,
1197 4054 1286 4120 qui
1303 4051 1394 4106 Dei
1414 4054 1633 4111 nomine

114 4131 291 4203 dignati
323 4144 466 4201 sunt,
508 4140 829 4207 appellatur,
878 4143 1003 4211 quia
1037 4144 1091 4197 iu
1136 4144 1254 4214 ipso
1297 4146 1413 4200 solo
1454 4144 1631 4201 Patris

115 4223 378 4280 similitudo
422 4216 791 4297 servaturjet
822 4231 876 4286 in
917 4244 1038 4287 ortu
1080 4249 1180 4288 suo
1222 4250 1249 4288 a
1287 4234 1447 4291 Patre
1490 4236 1631 4294 Deus

116 4315 262 4373 lactus
287 4328 337 4374 et
362 4320 654 4390 deputatus
677 4330 780 4389 est,
818 4322 1149 4396 θεοποιηθείς
1178 4336 1235 4381 ut
1268 4343 1452 4398 supra,
1490 4330 1632 4385 unde

114 4410 247 4463 etiam
266 4420 344 4466 est
368 4412 511 4482 quod
535 4412 785 4479 αὐτόθεος
807 4426 1029 4473 vocetur
1061 4418 1115 4473 in
1156 4419 1300 4474 Hist.
1352 4420 1476 4474 eccl.
1505 4421 1541 4474 I.
1573 4437 1629 4482 x,

120 4516 161 4567 p.
190 4502 279 4557 375
309 4504 406 4575 (a),
438 4508 846 4581 comparatione
874 4509 1077 4565 scilicet
1100 4510 1398 4578 heminum,
1432 4511 1524 4582 qui
1553 4510 1628 4565 dii

1731 657 1975 729 ἀληθινὸς
1995 652 2143 721 θεός,
2171 674 2318 711 verus
2345 656 2519 718 Deus;
2546 655 2753 711 scilicet
2768 662 3077 721 comparate
3102 654 3167 707 ad
3184 652 3283 706 bo-

1732 748 1926 807 mines.
1956 748 2047 815 qui
2072 748 2363 817 aliquando
2394 747 2466 800 dii
2500 745 2871 815 appellantur:
2908 754 3032 797 nam
3058 757 3283 811 compa-

1733 846 1849 893 rate
1882 838 1947 892 ad
1974 837 2209 902 Patrem,
2243 838 2356 893 sive
2387 837 2552 892 Deum
2584 836 2984 900 universorum,
3019 849 3127 889 non
3156 849 3281 889 vere

1733 936 1783 984 et
1812 930 2024 999 proprie
2054 930 2192 986 Deus
2221 930 2440 993 dicitur,
2478 928 2776 984 secundum
2816 927 3028 982 Eusebii
3060 935 3282 982 senten-

1735 1033 1882 1075 nam.

1734 1134 1791 1184 Χ.
1815 1135 1967 1195 Quam
1988 1136 2189 1185 adversa
2212 1137 2387 1185 rationi
2419 1142 2470 1246 ft
2491 1136 2759 1247 gritscorum
2794 1136 2995 1186 Patrum
3018 1133 3280 1185 sententias

1792 1240 1793 1243 η
2442 1212 2490 1247 ra
2527 1212 2553 1245 a
2583 1234 2593 1245 .
3110 1244 3113 1247 .

2442 1212 2593 1247 radat.

1806 1278 1896 1335 Sic
1925 1281 2013 1336 ille
2039 1297 2108 1336 ne
2127 1280 2263 1336 duos
2292 1282 2424 1338 deos
2452 1283 2632 1338 dicere
2655 1290 2899 1352 cogatur,
2928 1279 3120 1335 Filium
3155 1294 3281 1337 vere

1734 1370 1899 1426 Deum
1931 1388 2053 1427 esse
2077 1381 2253 1444 negat,
2290 1373 2698 1444 Evangeliorum
2729 1374 2873 1427 dicta
2906 1372 3227 1442 distorquet,
3251 1387 3281 1425 a

1734 1464 2032 1531 priscorum
2049 1462 2267 1518 Patrum
2286 1464 2529 1520 doctrina
2547 1464 2793 1529 discedit,
2811 1471 2864 1520 et
2877 1463 2943 1518 ad
2959 1464 3283 1518 Arianorum

1733 1560 1912 1617 partes
1927 1551 2152 1606 accedit.
2167 1550 2299 1605 Nam
2321 1562 2378 1607 ut
2396 1554 2685 1623 Evangelia
2703 1560 2813 1608 tres
2834 1569 2954 1610 esse
2974 1555 3028 1608 in
3049 1568 3157 1608 uno
3173 1554 3282 1608 Deo

1732 1656 1993 1710 personas
2015 1642 2157 1696 clare
2190 1642 2457 1709 indicant;
2492 1644 2567 1696 ita
2602 1644 2865 1698 rationem
2895 1644 2988 1700 Dei
3021 1644 3075 1699 in
3108 1645 3280 1700 tribus

1734 1749 1894 1787 unam
1915 1741 1967 1789 et
1988 1733 2227 1789 eamdem
2251 1749 2376 1789 esse
2404 1733 2629 1788 docent:
2652 1736 2873 1788 stultum
2894 1737 3091 1805 quippe
3114 1744 3198 1791 est
3224 1738 3280 1791 in

1735 1818 1835 1872 hoc
1863 1818 2084 1875 Joannis
2101 1820 2263 1883 dicto,
2294 1838 2332 1885 I,
2361 1822 2382 1874 i
2413 1840 2425 1875 :
2456 1820 2516 1875 In
2537 1823 2787 1890 principio
2812 1836 2925 1877 erat
2966 1822 3207 1889 Verbum,
3231 1833 3282 1881 et

1663 1922 1703 1976 Β
1742 1906 1959 1961 Verbum
1982 1918 2095 1962 erat
2115 1908 2251 1977 apud
2268 1908 2513 1974 Deum,et
2530 1910 2665 1965 Deus
2680 1922 2792 1965 erat
2818 1912 3054 1979 Verbum,
3072 1914 3207 1969 duas
3225 1922 3279 1969 et

1734 1998 2037 2069 diSparatas
2070 1998 2161 2055 Dei
2195 2000 2429 2055 rationes
2468 2002 2756 2064 somniare,
2791 2011 2845 2056 et
2886 2002 3277 2073 ineptissimam

1734 2091 2181 2162 amphibologiam
2204 2091 2453 2162 scriptori
2478 2107 2634 2148 sacro
2661 2092 2928 2164 aliingere,
2953 2096 3095 2150 unde
3113 2096 3277 2165 prisci

1732 2180 1985 2238 Ecclesiae
1996 2182 2199 2248 Patres,
2212 2192 2319 2236 tam
2339 2184 2373 2237 ii
2390 2184 2480 2254 qui
2497 2185 2563 2239 ad
2577 2200 2746 2255 usque
2759 2194 3007 2255 quartum
3023 2188 3278 2243 saeculum

1732 2274 1981 2338 ﬂoruere,
2018 2290 2176 2345 quam
2206 2276 2243 2330 ii
2270 2276 2361 2346 qui
2390 2292 2456 2332 ex
2485 2283 2599 2331 toto
2629 2278 2759 2333 orbe
2796 2281 2969 2335 coacti
3007 2277 3276 2335 Nicaeuam

1733 2367 1996 2437 synodum
2017 2366 2377 2434 celebrarunt,
2397 2369 2498 2423 etsi
2549 2369 2916 2439 hypostasium
2942 2378 2995 2425 et
3022 2386 3280 2440 persona-

1732 2471 1851 2509 rum
1884 2456 2108 2513 vocibus
2146 2472 2253 2512 non
2286 2465 2585 2525 uterentur,
2627 2457 2815 2514 eadem
2863 2461 3125 2515 sententia
3166 2470 3277 2517 tres

1733 2561 1898 2599 unum
1927 2549 2260 2604 constituere
2295 2548 2485 2616 Deum,
2518 2557 2831 2606 constanter
2861 2550 3143 2607 docebant.
3177 2552 3277 2609 Hic

1636 2662 1639 2665 ·
1732 2642 1975 2708 apposite
2011 2653 2174 2695 aurea
2208 2641 2299 2695 illa
2324 2640 2567 2712 Dionysii
2600 2641 2972 2709 Alexandrini,
2994 2660 3151 2715 quem
3183 2661 3280 2716 pas
3346 2628 3349 2633 ’
3438 2624 3441 2625 ⁷

1731 2731 1987 2785 trocinari
2040 2732 2145 2787 sibi
2193 2732 2331 2788 falso
2371 2733 2692 2803 jactitabant
2744 2734 2951 2802 Ariani,
3009 2739 3277 2793 sententia

1732 2822 1906 2876 locum
1950 2822 2146 2878 habeat
2178 2842 2189 2877 :
2225 2822 2383 2878 Οὕτω
2428 2824 2525 2895 μὲν
2557 2827 2715 2895 ἡμεῖς
2751 2828 2829 2889 εἵς
2861 2845 2919 2879 τε
2946 2828 3045 2899 τὴν
3077 2829 3279 2900 Τριάδα

1731 2913 1827 2984 τὴν
1856 2913 2055 2982 μονάδα
2096 2913 2429 2985 πλατύνομεν
2471 2915 2791 2985 ἀδιαίρετον,
2823 2916 2917 2969 καὶ
2952 2917 3046 2988 τὴν
3080 2919 3279 2990 Τριάδα

1733 3005 1892 3059 πάλιν
1935 3005 2197 3076 ἀμείωτον
2242 3008 2318 3070 εἰς
2357 3007 2454 3076 τὴν
2491 3006 2687 3077 μονάδα
2716 3008 3274 3079 συγκεφαλαιούμεθα,

1736 3100 1838 3153 hoc
1863 3105 1985 3153 est:
2020 3097 2107 3152 Sic
2138 3096 2341 3169 quidem
2374 3114 2467 3151 nos
2520 3098 2886 3152 indivisibilcm
2930 3100 3181 3152 unitatem
3220 3102 3277 3152 in

1738 3191 2052 3246 Trinitatem
2092 3191 2403 3256 dilatamus,
2449 3199 2499 3244 et
2551 3190 2860 3245 Trinitatem
2907 3192 3115 3254 iterum,
3163 3206 3279 3263 qua!

1732 3286 1973 3355 imminui
2006 3285 2199 3355 nequit,
2241 3285 2292 3336 in
2321 3283 2573 3337 unitatem
2603 3282 2972 3337 contrahimus.
2999 3281 3100 3339 Ubi
3126 3284 3278 3339 vides

1734 3353 1993 3433 unitatem
2028 3353 2142 3441 Dei,
2176 3384 2364 3431 contra
2389 3390 2547 3446 quam
2580 3374 2845 3432 Eusebius
2882 3379 3063 3441 sentit,
3095 3378 3150 3432 in
3179 3379 3280 3433 tri-

1732 3472 1834 3526 bus
1864 3472 2110 3540 personis
2140 3469 2419 3524 constitui.
2451 3466 2730 3537 Siquidem
2756 3469 2995 3527 Trinitas
3032 3473 3119 3525 illa
3144 3473 3278 3528 nihil

1731 3563 1923 3617 unitati
1948 3562 2127 3624 olIicit,
2157 3562 2283 3630 quia
2314 3561 2367 3614 in
2397 3561 2573 3615 tribus
2596 3576 2701 3614 una
2726 3572 2938 3619 natura.
2975 3564 3277 3619 substantia

1730 3660 1781 3707 et
1816 3652 1991 3706 deitas
2033 3650 2268 3706 exsistit.
2315 3649 2388 3703 De
2419 3636 2686 3703 sententia
2726 3666 2852 3704 vero
2880 3650 3097 3707 Eusebii
3131 3653 3277 3708 circa

1732 3743 1990 3812 Spiritum
2020 3753 2282 3805 sanctum,
2310 3757 2417 3795 non
2446 3750 2527 3795 est
2547 3739 2687 3810 quod
2716 3740 3015 3797 disseratur
3043 3745 3278 3800 :eteuim

1728 3836 1810 3889 vel
1842 3836 1875 3889 ii
1907 3835 1994 3904 qui
2040 3835 2156 3903 ejus
2201 3833 2267 3887 de
2310 3832 2446 3887 Filio
2487 3833 2788 3913 docti-iniam
2822 3836 2956 3889 tueri
2989 3847 3277 3903 conantur,

1731 3942 1837 3981 non
1864 3927 2073 3980 inﬁcias
2096 3934 2225 3980 eunt
2253 3927 2429 3995 ipsum
2461 3926 2527 3981 de
2550 3924 2750 3995 Spiritu
2785 3935 2973 3980 sancto
3000 3943 3105 3981 non
3136 3937 3281 3983 recte

1731 4022 1990 4075 locutum.
2020 4018 2152 4072 Nam
2184 4019 2324 4073 libro
2358 4029 2538 4071 contra
2578 4016 2983 4091 Marcellumlc)
3028 4020 3119 4084 ait,
3157 4020 3280 4091 Spi-

1730 4116 1893 4169 ritum
1924 4122 2167 4170 sauctum
2200 4128 2373 4181 neque
2398 4113 2560 4167 Deum
2592 4128 2766 4182 neque
2801 4111 2993 4166 Filium
3023 4129 3173 4178 esse;
3206 4115 3279 4167 ita

1733 4216 1789 4260 ut
1819 4206 1967 4258 illum
1995 4205 2250 4259 decernat
2274 4202 2411 4258 Filio
2443 4203 2772 4266 inferiorem,
2797 4203 2992 4272 quippe
3020 4218 3179 4272 quem
3210 4217 3281 4257 ne

1732 4316 1794 4356 ex
1830 4292 2138 4369 dignatione
2184 4297 2399 4367 quidem
2439 4296 2606 4351 Deum
2647 4296 2947 4364 nuncupari
2988 4295 3115 4348 velit
3143 4313 3155 4347 :
3182 4295 3277 4349 sed

1732 4401 1853 4462 post
1887 4389 2078 4443 Filium
2124 4404 2239 4455 non
2266 4403 2491 4442 numero
2529 4393 2757 4449 tantum,
2793 4384 2884 4439 sed
2918 4384 3075 4437 etiam
3108 4383 3279 4452 gradu

1733 4490 1786 4538 et
1818 4483 2076 4551 dignitate
2114 4479 2430 4533 constituat.
2474 4475 2531 4529 In
2572 4475 2656 4528 bis
2702 4490 2829 4529 vero
2873 4475 3278 4529 commentariis

117 4563 523 4663 ὲοεειιιιυὲξηεε
559 4563 741 4654 {amen
791 4577 866 4654 an
888 4563 1339 4672 ιιεοίροεειιηιξὲέ
1366 4563 1489 4660 Quid
1511 4563 1626 4660 ut;
1660 4612 1704 4667 ι)
1734 4584 1955 4672 βεττθίζο
1984 4569 2051 4623 de
2084 4568 2284 4672 SP‘E‘"?
2310 4573 2495 4669 ῗθνθίο
2522 4564 2685 4672 vim“
2708 4563 2854 4672 “cf?
2889 4564 3014 4672 “Si”
3038 4564 3276 4672 "09‘3""?

118 4684 451 4754 conferantur,
475 4697 535 4746 ut
561 4690 722 4749 habet
749 4691 806 4746 in
832 4691 916 4769 bis
952 4696 1373 4751 commentariis.
1405 4699 1554 4764 Quod
1580 4700 1626 4753 si

118 4775 224 4831 illud
248 4781 524 4850 adjiciatur
552 4784 651 4854 (sic
692 4784 821 4853 ille),
859 4802 877 4833 ι
917 4783 993 4837 Tu
1020 4801 1073 4838 es
1104 4785 1243 4851 Deus
1266 4789 1410 4843 solus
1452 4790 1625 4860 (Psal.

119 4876 378 4948 Lxu’v,10)
395 4895 442 4942 ς»
459 4877 513 4931 id
528 4878 754 4948 applices
780 4877 1065 4942 Saluatori,
1088 4877 1182 4932 hoc
1202 4879 1323 4932 item
1344 4897 1625 4950 apponens.

124 4977 140 5008 ι
162 4959 261 5018 Non
285 4978 358 5021 est
382 4968 571 5023 similis
596 4970 671 5023 tui
697 4970 749 5023 in
771 4968 897 5031 diis,
926 4968 1141 5022 Domine
1161 4967 1324 5036 (Ibid.
1344 4969 1421 5039 8):
1448 4989 1466 5020 ι
1494 4972 1628 5025 sicut

120 5054 228 5107 enim
250 5058 291 5111 si
314 5074 358 5113 te
376 5077 493 5115 cum
520 5062 819 5116 memoratis
841 5062 942 5116 diis
969 5076 1340 5132 comparemus,
1376 5077 1395 5111 ι
1432 5079 1533 5116 non
1553 5052 1631 5117 est

122 5142 273 5203 similis
301 5152 394 5216 tui,
421 5171 443 5206 ι
476 5154 553 5207 sic
583 5154 629 5207 si
652 5164 699 5207 te
724 5156 1051 5225 conferamus
1075 5170 1190 5207 cum
1220 5153 1423 5218 iisdem,
1461 5165 1546 5207 «tu
1574 5174 1628 5211 es

125 5232 234 5291 Dm
266 5244 419 5299 solus.
453 5265 471 5299 ι
523 5246 790 5317 Siquidem
831 5248 973 5305 solus
1008 5247 1250 5302 Salvator
1282 5257 1331 5301 et
1375 5246 1628 5303 Dominus

126 5338 312 5395 noster}
345 5334 397 5387 in
434 5338 688 5406 principio
731 5350 872 5403 erat,
915 5339 1010 5394 Dei
1063 5338 1279 5393 Verbum
1309 5347 1444 5401 erat,
1490 5340 1629 5409 apud

128 5417 257 5474 Deum
273 5436 397 5490 erat,
410 5436 458 5481 et
480 5428 621 5484 Deus
637 5439 750 5484 erat
773 5429 953 5501 (Joan.
972 5447 1008 5494 I,
1032 5432 1079 5501 I)
1103 5448 1115 5480 ι
1135 5449 1151 5481 ι
1173 5429 1503 5499 quamobrem
1526 5447 1628 5483 non

128 5520 185 5561 est
201 5512 365 5568 similis
384 5516 481 5582 ipsi
502 5517 557 5570 in
584 5517 709 5582 diis,
734 5536 796 5573 ac
824 5520 969 5574 solus
990 5522 1095 5588 ipse
1122 5519 1272 5589 quasi
1293 5520 1348 5573 in
1363 5520 1465 5572 diis
1488 5519 1627 5574 Deus

130 5599 281 5669 [πενίη
314 5623 423 5661 cum
452 5606 627 5662 nullus
654 5625 718 5663 ea:
741 5612 921 5663 multis
968 5612 1097 5674 illis,
1131 5614 1216 5682 qui
1248 5610 1323 5663 dii
1358 5621 1625 5678 vocantur,

131 5698 463 5764 comparatione
486 5701 632 5756 illius
668 5700 801 5755 Deus
827 5703 932 5755 dici
960 5705 1144 5765 possit.
1187 5701 1321 5756 Ilinc
1362 5703 1627 5773 intelligas

182 5810 241 5885 (τι)
260 5811 475 5885 Hujusce
501 5816 823 5885 Patrologiw
842 5824 1043 5871 nostra:
1076 5820 1203 5872 tam.
1257 5814 1374 5871 ΧΧ.

181 5880 239 5949 (ὃ)
273 5880 406 5939 Dem.
437 5905 512 5942 ev.
547 5904 599 5958 p.
636 5880 754 5943 156.

355 5984 621 6048 Ριτειοιι
656 5987 773 6050 Gn.
804 5985 1040 6046 XXIII.

256 6158 275 6187 ἱ

1730 4674 1875 4719 mota
1905 4663 2076 4716 luerat
2099 4661 2164 4714 de
2196 4658 2392 4727 Spiritu
2425 4658 2887 4727 sanctoqurestio.
2913 4656 3048 4712 Nam
3077 4659 3177 4714 etsi
3209 4659 3277 4713 ab

1728 4766 1915 4811 exortu
1954 4750 2262 4815 Arianismi,
2296 4763 2554 4818 sequaces
2595 4748 2706 4803 Arii
2739 4750 2805 4804 de
2840 4748 3044 4819 Spiritu
3086 4758 3276 4803 sancto

1729 4850 1891 4919 impie
1922 4845 2205 4906 sentirent,
2252 4841 2490 4895 nondum
2533 4841 2806 4912 quidpiam
2837 4842 3121 4897 adversum
3153 4855 3279 4911 pro-

1729 4945 1981 4999 tulerant.
2012 4937 2115 4992 Sed
2142 4942 2263 5005 post
2284 4941 2511 4988 mortem
2534 4935 2647 4988 Arii
2668 4943 2721 4989 et
2744 4933 2989 4999 Eusebii,
3008 4934 3096 4987 ubi
3116 4932 3277 4986 Aria-

1730 5049 1921 5091 norum
1956 5036 2080 5087 sunt
2108 5030 2247 5083 facta
2275 5030 2524 5094 divortia,
2551 5025 2917 5081 Macedoniaui
2940 5032 2993 5079 et
3010 5026 3271 5080 Pneuma-

1732 5125 1963 5184 tomachi
1994 5123 2259 5193 Spiritum
2306 5131 2576 5188 sanctum,
2615 5120 2839 5191 perinde
2873 5130 3030 5187 atque
3056 5115 3272 5182 Filium,

1733 5224 1870 5276 inter
1902 5218 2115 5290 epilicia
2145 5224 2198 5273 et
2236 5234 2323 5273 res
2359 5225 2568 5272 creatas
2612 5217 2788 5286 palam
2832 5219 3141 5281 computare
3167 5223 3281 5263 cm-

1734 5323 1943 5384 perunt.

2064 5424 2145 5475 XI.
2172 5424 2290 5476 Cum
2308 5421 2497 5473 Arionis
2520 5422 2665 5484 plane
2686 5420 2945 5470 consentit.

1802 5511 1863 5565 In
1896 5510 1962 5565 iis
1988 5523 2151 5579 porro
2194 5522 2314 5577 quae
2347 5521 2511 5575 supra
2553 5500 2851 5564 attulimus,
2897 5514 3020 5553 cum
3063 5497 3191 5552 Ario
3228 5506 3281 5551 et

1730 5603 1943 5657 Arianis
1976 5598 2429 5671 plaue'consentit
2474 5596 2736 5652 Eusebius
2786 5593 2861 5663 (ά)
2896 5611 2909 5646 :
2937 5607 3059 5646 nam
3092 5600 3145 5647 et
3179 5590 3281 5658 ipsi

1731 5696 1955 5766 perinde
1976 5700 2134 5762 atque
2162 5690 2513 5746 Caesariensis
2538 5689 2626 5742 ille
2654 5686 2867 5758 pmsul,
2898 5700 3065 5739 unum
3106 5692 3159 5738 et
3190 5698 3279 5736 so-

1804 5811 1869 5875 (:)
1911 5808 1971 5861 P.
2008 5808 2107 5860 tu
2134 5815 2186 5858 et
2214 5806 2333 5875 17-5.

1800 5872 1874 5950 (Δ)
1908 5879 2105 5933 Athan.
2141 5894 2190 5946 p.
2223 5874 2343 5937 7‘28,
2374 5872 2495 5928 ΗΞ).
