3956 6340
596 470 666 525 ιδ

1266 457 1532 515 EUSEBII
1564 444 2046 513 CESARIENSIS
2082 450 2232 506 OPP.
2271 445 2451 502 PARS
2490 443 2575 499 Ill.
2616 472 2685 485 —
2722 437 3127 498 EXEGETICA.

3736 431 3807 484 M-

597 588 710 642 lum
745 600 825 640 ve.
848 599 869 643 3
896 582 1090 646 Deum,
1126 558 1603 641 Patrem'scilicet,
1636 573 2027 639 admittebant;
2057 568 2151 623 Fi-
2182 572 2227 642 A“
2253 567 2380 618 XIII.
2425 566 2541 626 Quo.
2572 562 2743 614 sensu'
2766 573 2802 617 ιε
2824 560 3212 646 castmneget,
3251 560 3303 606 et
3357 556 3577 619 genitum
3622 545 3807 601 Filium

598 679 732 734 lium
753 690 879 732 vero
913 675 1050 729 alius
1082 689 1109 727 a
1146 679 1370 744 paterna
1397 666 1733 743 substantia,
1768 667 2155 734 neque'verum

599 785 721 825 esse
751 768 915 822 Deum
953 740 1354 834 praedicabant:
1388 760 1513 825 etsi,
1549 740 1772 829 perinde
1805 750 2157 825 atqueEuse-

502 850 524 875 ⁵⁵
602 860 748 922 bius,
798 859 864 912 de
908 855 1045 910 Filio
1092 856 1373 924 loquentes
1421 866 1450 905 a
1498 847 1608 921 Dei;
1646 845 2002 918 appellatione
2050 858 2157 897 non

606 950 989 1013 abhorrerent;
1024 945 1219 1000 Filium
1254 945 1411 1013 longe
1442 936 1704 1012 imparem
1733 945 1788 993 et
1839 936 2158 1005 inaequalem

600 1040 768 1106 Patri,
792 1040 1017 1110 ipsoque
1043 1038 1305 1091 minorem
1326 1032 1665 1109 atfirmabant
1687 1049 1701 1085 :
1727 1029 1873 1100 quod
1895 1026 2160 1082 Eusebius

603 1134 659 1189 in
691 1133 841 1189 hisce
890 1126 1317 1193 commentariis,
1373 1125 1428 1179 in
1471 1122 1786 1193 Evangelica
1824 1119 2163 1174 Demonstra-

606 1230 742 1282 tione
772 1232 827 1282 et
871 1227 926 1279 in
959 1224 1115 1279 libris
1160 1221 1356 1276 Contra
1389 1216 1701 1272 Marcellum
1733 1210 2164 1284 frequentissime

608 1320 739 1375 dicit
788 1335 851 1374 ac
908 1316 1127 1387 repetit,
1164 1330 1263 1369 nec
1300 1328 1362 1379 ea
1394 1313 1449 1367 in
1484 1325 1540 1365 re
1571 1323 1810 1379 unquam
1839 1303 2162 1363 circuitione

607 1414 693 1468 vel
724 1411 949 1479 ambage
976 1410 1161 1463 utitur.

611 1545 713 1597 XII.
761 1547 865 1604 Qua
905 1542 1154 1592 sententia
1190 1537 1591 1661 legrifive
1632 1528 2035 1584 consubstantiali
2051 1529 2168 1580 sub-

663 1735 930 1805 ‘Objicere
952 1732 1126 1789 solent
1160 1731 1253 1801 qui
1288 1727 1504 1784 Eusebii
1557 1732 1740 1797 partes
1790 1719 2169 1788 tutantur,ip«

617 1843 733 1885 sum
770 1828 823 1881 in
851 1826 1057 1897 synodo
1090 1823 1329 1886 Nicaeua,
1359 1820 1437 1893 τῷ
1465 1817 1753 1891 ὀμοσυσὶῳ,
1800 1812 2173 1869 sive-consub-
2220 1808 2221 1811 “

606 1921 858 1978 stantiali
885 1917 1298 1986 subscripsisse.
1329 1902 1394 1967 Et
1417 1912 1470 1968 id
1493 1925 1625 1965 sane
1654 1906 1979 1963 testificatur
2007 1902 2173 1956 Euse-

617 2015 740 2070 bius
777 2015 835 2068 in,
869 2010 1245 2081 epistola'sua
1282 1995 1370 2059 ad
1423 2002 1817 2064 Caesarienses;
1868 2001 1994 2051 nam
2023 1985 2200 2056 cum,‘

617 2077 949 2178 imperatore
988 2107 1275 2173 prazsente,
1306 2099 1533 2153 instaret
1570 2092 1747 2150 exsilii
1777 2097 1974 2154 metus,
2006 2077 2190 2143 Ense?

620 2201 767 2263 bius,
789 2196 884 2266 qui
911 2208 1020 2248 non
1042 2208 1107 2249 ex
1126 2204 1313 2247 eorum
1339 2200 1566 2242 numero
1596 2185 1717 2249 fuit,
1748 2183 1840 2252 qui
1865 2180 1931 2236 de
1962 2179 2177 2234 civitate

622 2289 932 2345 maiuerunt
970 2298 1131 2355 quam
1164 2282 1230 2337 de
1262 2277 1531 2337 sententia
1560 2273 1846 2339 dimoveri,
1883 2285 2023 2342 aegre
2050 2276 2176 2323 tan-

624 2384 745 2439 dem
785 2377 985 2451 synodi
1017 2372 1234 2447 placitis
1264 2384 1523 2427 assensus
1563 2373 1677 2432 est;
1710 2372 1769 2419 ut
1807 2364 1923 2435 ipse
1955 2376 2056 2418 nec
2084 2360 2180 2415 ob-

625 2488 786 2531 scure
814 2470 990 2527 innuit
1018 2468 1074 2523 in
1103 2466 1291 2523 eadem
1323 2462 1569 2533 epistola,
1596 2459 1693 2513 κὲιὶ
1732 2457 1919 2529 μέχρις
1948 2454 2182 2525 ἐσχάτης

570 2622 575 2625 ι
625 2567 774 2641 ὥρας
806 2558 1157 2633 ὲνιστάμεθα,·
1186 2571 1351 2627 usque
1380 2550 1447 2609 ad
1485 2547 1771 2615 extremam
1808 2549 1992 2603 horam
2018 2547 2181 2602 obsti-

630 2639 807 2712 timus.
840 2654 1019 2722 Quare
1052 2652 1105 2706 id
1136 2664 1245 2705 non
1280 2655 1413 2719 puto
1437 2661 1559 2702 esse
1586 2644 1725 2699 tanti
1759 2642 1825 2696 ad
1854 2642 1973 2711 ejus
1998 2639 2184 2705 defene

2954 624 3098 683 dicat.
3508 668 3517 684 ⁸

2324 728 2461 796 Quia
2490 726 2619 783 ver'o
2659 712 2723 779 in.
2756 722 2972 778 Nicasn'a
3010 722 3132 786 fide,
3167 720 3253 775 cui
3292 715 3613 786 subscripsit
3638 711 3810 767 Ense-

2254 826 2401 887 bius,
2433 823 2721 878 damnatur
2747 819 2876 873 item
2905 817 3226 885 Arianicum,
3241 813 3393 877 illud,
3416 811 3473 877 ὲξ
3495 810 3593 863 οὐκ
3621 808 3809 869 ὄντων,

2257 931 2321 973 ea:
2348 932 2451 970 non
2482 911 2875 985 easistentibus,
2916 906 3195 966 et‘Filium
3234 906 3471 977 genitum
3512 912 3564 957 et
3592 916 3702 955 non
3733 897 3815 951 fa-

2256 1015 2404 1063 ctum
2433 1021 2554 1062 esse
2581 1004 2912 1068 declaratur;
2967 1001 3125 1055 hanc
3148 995 3342 1068 synodi
3383 994 3686 1049 doctrinam
3718 1002 3816 1042 ore

2258 1106 2418 1152 tenus
2467 1093 2709 1150 defendit
2749 1090 3154 1153 Eusebius.‘ne
3200 1082 3542 1142 Cdnstantini
3583 1078 3817 1133 Nicaeus:

2258 1184 2879 1257 doctrinaetenacissimi
2907 1179 3329 1251 indignationem
3355 1176 3693 1235 incurreret;
3725 1184 3819 1222 ore

2260 1291 2420 1337 tenus
2442 1278 2579 1339 dixi,
2630 1292 2736 1332 non
2767 1291 2835 1331 ex
2860 1274 3171 1343 conjectura
3199 1277 3252 1324 et
3278 1268 3531 1340 Opinione
3553 1261 3819 1334 quadam;

2263 1373 2452 1430 sed-ex
2480 1368 2616 1439 ipsis
2648 1365 2865 1421 Eusebii
2911 1363 3097 1427 dictis,
3147 1361 3241 1432 qui
3273 1375 3336 1416 ea
3374 1359 3429 1412 in
3465 1371 3523 1411 re
3561 1368 3707 1408 unus
3737 1349 3821 1404 sui

2265 1464 2437 1535 ipsius
2469 1460 2738 1528 interpres
2767 1471 2891 1511 esse
2918 1452 3281 1510 valeat.'Nam
3304 1448 3471 1509 illud,
3512 1442 3572 1510 ἐξ
3598 1444 3698 1496 οὐκ
3737 1440 3851 1501 δεμ,

2264 1571 2391 1619 των,
2420 1551 2632 1608 duobus
2674 1555 2853 1620 potest
2884 1545 3057 1601 modis
3106 1541 3370 1613 intelligi;
3405 1539 3597 1610 primo,
3649 1535 3726 1588 ita
3768 1540 3826 1585 ut

2268 1645 2361 1717 qui
2385 1658 2493 1699 non
2516 1649 2673 1696 antea
2696 1637 2987 1700 exstiterit,
3011 1636 3224 1689 initium
3248 1627 3545 1688 exsistendi
3570 1623 3824 1695 accipiat,

2268 1744 2322 1792 et
2354 1728 2651 1790 cum’nihil
2694 1736 2854 1784 antea
2900 1726 3131 1789 fuisset,
3156 1725 3213 1779 in
3258 1737 3438 1779 rerum
3474 1728 3667 1775 natura
3702 1730 3827 1786 pro-

2271 1828 2395 1884 deat
2422 1845 2437 1882 :
2461 1840 2624 1897 quam
2650 1836 2833 1879 veram
2858 1818 3027 1875 fuisse
3056 1822 3187 1888 puto
3208 1814 3526 1870 Arianorum
3554 1820 3826 1867 mentem:

2204 1928 2326 2009 Bret
2354 1918 2481 1974 huic
2518 1913 2801 1973 sententia:
2830 1906 3093 1966 Eusebius
3124 1920 3337 1977 semper
3366 1906 3581 1970 institit,
3610 1904 3705 1974 qui
3740 1900 3832 1953 Fi-

2276 2013 2407 2067 lium
2432 2010 2567 2066 ante.
2585 2008 2917 2063 creationem
2945 2017 3053 2057 non
3080 2000 3466 2070 sempiternum
3492 2012 3617 2053 esse
3646 1992 3832 2050 defen-

2280 2102 2361 2157 dit
2387 2101 2495 2173 (a);
2538 2098 2801 2159 secundo,
2845 2111 2914 2150 ex
2951 2108 3059 2148 non
3093 2090 3432 2173 exstantibus
3473 2087 3679 2159 aliquid
3716 2084 3833 2139 ﬁeri

2278 2166 2511 2259 dicatur,
2533 2206 2656 2246 cum
2681 2206 2747 2246 ex
2772 2187 2921 2243 nullo
2944 2166 3350 2259 praeexsiste’nte
3370 2181 3628 2251 originem
3645 2178 3831 2233 ducit:

2280 2300 2388 2357 quo
2423 2299 2589 2339 sensu
2636 2281 2903 2345 Eusebius
2936 2256 3133 2334 Filium
3172 2292 3239 2353 ex
3286 2290 3397 2329 non
3446 2256 3857 2353 exsistentibus'

2279 2346 2551 2445 prodiisse
2578 2379 2756 2442 negat,
2785 2366 2916 2423 nam'
2939 2369 3140 2439 passim
3169 2352 3300 2420 dicit
3330 2371 3383 2419 et
3416 2370 3615 2434 pugnat
3642 2346 3835 2416 Filium

2274 2482 2347 2522 ex
2376 2465 2536 2519 Patre
2563 2463 2803 2534 genitum
2832 2444 2986 2527 esse:
3004 2460 3128 2517 licet
3154 2472 3264 2513 non
3288 2471 3387 2513 sua
3418 2455 3527 2511 sibi
3551 2454 3837 2508 ratiocinia

2283 2564 2561 2615 constent:
2597 2555 2859 2626 siquidem
2892 2554 2946 2608 in
2984 2553 3086 2608 hoc
3116 2548 3502 2605 commentario
3534 2546 3630 2610 ait,
3680 2544 3837 2599 Psa‘t.

2286 2667 2427 2716 xuv,
2460 2650 2518 2715 2,
2534 2648 2728 2703 Filium
2750 2661 2777 2699 a
2792 2645 2951 2700 Patre
2971 2661 3035 2700 ex
3063 2641 3226 2698 corde
3241 2649 3293 2696 et
3308 2658 3373 2696 ex
3392 2638 3693 2695 visceribus
3714 2651 3840 2708 pro-

631 2751 837 2807 sionem
871 2766 883 2801 :
913 2746 1043 2817 quid
1064 2744 1207 2799 enim
1230 2745 1557 2797 exoneratus
1584 2744 1728 2792 metu
1758 2734 1997 2797 fecisset,
2028 2746 2188 2802 expe-

2290 2744 2430 2797 duci.
2462 2740 2529 2794 Et
2593 2741 2648 2794 in
2680 2737 3137 2792 Demonstratione
3174 2732 3485 2802 evangelica,
3527 2731 3563 2785 l.
3600 2744 3677 2793 Iv,
3712 2743 3761 2782 c.
3784 2725 3838 2788 2,

630 2841 810 2898 riundi
840 2845 1080 2911 potestas
1110 2851 1218 2891 non
1249 2833 1372 2888 fuit.
1407 2830 1511 2886 Sed
1541 2839 1721 2885 tamen
1760 2824 2068 2881 ita‘ibidem
2091 2823 2186 2910 too
2214 2881 2239 2911 Ι.
2289 2850 2340 2903 ρ,
2402 2830 2537 2894 uo,
2593 2828 2790 2883 Filium
2839 2827 3082 2899 εεηίιυηι
3147 2823 3420 2887 declarat,
3485 2821 3845 2888 είωίιίιετφιε

631 2934 910 3007 ᾧμοουσίου
939 2929 1299 3003 signiﬁcatum
1330 2924 1541 2990 extulit,
1566 2930 1627 2978 ut
1647 2922 1750 3006 sibi
1779 2918 2008 2991 pristina
2029 2931 2188 2989 repe-
2290 2943 2343 2997 ρ,
2384 2925 2508 2996 με,
2544 2930 2603 2979 ει
2635 2923 2833 2993 passim
2875 2919 3077 2989 ubique
3114 2932 3239 2989 cum
3280 2917 3335 2971 in
3368 2916 3470 2969 hoc
3502 2914 3628 2984 ipso
3657 2926 3839 2982 θρα-ο,

632 3025 979 3087 tere-liceret,
1003 3019 1178 3077 sicubi
1222 3016 1453 3071 facultas
1497 3004 1912 3101 adesset..Nam
1950 3009 2063 3101 haec
2094 3022 2189 3063 ea-
2288 3029 2403 3075 ωηι
2445 3018 2500 3071 in
2553 3016 2707 3071 libris
2755 3014 2954 3068 Contra
2995 3011 3325 3085 Marcetlum,
3367 3008 3603 3079 genitum
3652 3004 3842 3058 Filium

633 3120 753 3176 dem
782 3118 837 3172 in
866 3115 1094 3185 epistola
1123 3108 1330 3183 profert
1364 3129 1377 3163 :
1409 3094 1825 3178 Παραπατωὶδν
1857 3103 1914 3157 δὲ
1955 3099 2091 3156 εἶναι
2132 3099 2192 3154 τὸ

2292 3107 2609 3185 contendit:
2638 3114 2691 3160 et
2719 3114 2897 3171 tamen
2923 3105 3080 3157 aliam
3106 3118 3136 3156 a
3160 3090 3319 3156 Patre
3342 3098 3698 3154 subSIantiam
3727 3094 3843 3148 Fiiii

638 3210 956 3281 δμοούσιον
974 3206 1053 3272 τῷ
1068 3202 1252 3273 Πατρζ
1268 3202 1327 3255 τὸ
1358 3199 1622 3272 μηδεμίαν
1652 3198 1943 3269 ἐμφέρειαν
1970 3195 2105 3265 πρὸς
2128 3188 2192 3245 τὰ

2293 3217 2433 3264 esse,
2475 3184 2584 3254 non
2615 3212 2843 3251 numero
2902 3204 3133 3257 tantum,
3167 3193 3259 3247 sed
3290 3184 3546 3261 dignitate
3563 3196 3616 3242 et
3639 3186 3845 3257 magni.

641 3278 836 3370 venri
867 3297 1135 3367 κτίσματα
1160 3295 1249 3347 τὸν
1278 3291 1400 3344 Υἱὸν
1427 3287 1521 3342 τοῦ
1555 3285 1686 3340 Θεοῦ
1722 3286 1925 3357 φέρειν,
1970 3283 2112 3355 μόνῳ
2138 3280 2192 3334 δὲ

2298 3294 2482 3348 tudine
2519 3289 2863 3361 pronuntiat;
2892 3285 2974 3340 ita
3004 3292 3061 3339 ut
3089 3300 3189 3340 nec
3217 3298 3341 3337 vere
3370 3292 3424 3337 et
3459 3281 3675 3352 proprie
3709 3278 3843 3333 Deus

736 3368 911 3463 Πατρὶ
936 3387 1012 3459 τῷ
1028 3383 1375 3457 γεγεννηκότι
1402 3377 1810 3451 ἀφωμοιῶσθαι,
1840 3376 1931 3430 καὶ
1958 3374 2031 3445 μὴ
2059 3368 2192 3425 εἶναι

2297 3385 2403 3440 dici
2436 3382 2642 3455 possit;
2673 3380 2768 3437 sed
2797 3378 2873 3432 ait
2901 3378 3054 3431 illum
3082 3374 3373 3445 imaginem
3403 3387 3510 3426 non
3541 3371 3705 3424 modo
3731 3368 3844 3423 Dei-

639 3486 699 3551 ἐξ
737 3484 925 3555 ἐτέρας
949 3480 1091 3543 τινὸς
1137 3473 1481 3537 ὑποστάσεώς
1509 3489 1565 3525 τε
1601 3472 1694 3524 καὶ
1730 3469 1934 3531 οὐσίας,
1979 3465 2090 3519 ἀλλ’
2135 3465 2197 3516 ὲκ

638 3573 732 3633 τοῦ
766 3575 997 3648 Πατρός,
1028 3573 1132 3627 hoc
1165 3576 1293 3626 est:
1331 3567 1519 3621 Verum
1557 3565 1697 3618 hisce
1746 3559 1937 3623 verbis,
1969 3571 2199 3611 consun-

641 3686 977 3729 s'uuruuzu
1020 3669 1213 3731 PATRI,
1246 3664 1471 3719 indicari
1520 3660 1723 3715 nullam
1752 3656 1894 3711 Filio
1939 3652 2037 3707 Bei
2083 3667 2200 3705 cum

640 3764 798 3835 {actis
832 3771 881 3817 et
913 3762 1104 3815 creatis
1148 3758 1299 3812 rebus
1345 3773 1455 3811 esse
1505 3751 1944 3811 similitudinem;
1980 3744 2067 3801 sed
2099 3743 2202 3799 soli

644 3858 822 3921 Patri,
853 3856 941 3926 qui
984 3856 1155 3923 ipsum
1202 3851 1398 3922 genuit,
1442 3849 1584 3903 omni
1617 3844 1770 3901 modo
1812 3842 2200 3903 similemesse,

644 3966 802 4018 neque
944 3946 1053 3999 alia
1103 3961 1257 4014 quam
1318 3947 1381 3997 ex
1414 3941 1604 3995 'Patris
1678 3924 2041 4010 hypostasi'et
2086 3934 2205 3993 sub-

644 4040 844 4095 stantia
894 4053 1024 4091 esse.
1075 4036 1178 4091 Ubi
1222 4036 1381 4120 vides
1430 4042 1653 4090 eatenus
1676 4030 1868 4086 Filium
1890 4030 2035 4085 Patri
2070 4043 2202 4083 con-

640 4131 1058 4189 substantialem
1081 4118 1505 4198 dici,‘quatenus
1532 4142 1640 4180 non
1676 4124 1877 4180 creatis
1905 4122 2086 4185 rebus,
2111 4118 2205 4174 sed

644 4226 794 4280 Patri
837 4220 986 4281 omni
1037 4223 1197 4277 modo
1246 4221 1441 4275 similis
1492 4227 1609 4291 «εει.⁹
1640 4217 1948 4288 Ὀμοούσιος
1981 4214 2203 4285 quippe,

645 4323 761 4374 sive
804 4314 1310 4380 consubstantialis,
1353 4311 1509 4366 Patri
1559 4308 1728 4364 Filius
1775 4316 1859 4363 est
1910 4308 2206 4363 secundum

647 4396 961 4470 Eusebium,
992 4406 1119 4476 quia
1141 4403 1261 4474 ejus
1286 4401 1615 4465 substantia,
1636 4398 1826 4453 Patris
1848 4397 2207 4453 substantiam

649 4502 851 4566 refert;
888 4501 959 4554 ita
990 4508 1051 4553 ut
1078 4502 1289 4553 ratione
1317 4494 1697 4552 similitudinis
1728 4506 1832 4546 una
1866 4492 1937 4545 sit
1971 4491 2023 4544 in
2058 4497 2208 4542 utra-

648 4608 755 4663 que
798 4594 1102 4648 substantia
1143 4589 1572 4659 repraesentatio.
1615 4584 1773 4653 Quod
1827 4584 1953 4637 alibi
2004 4582 2207 4652 passim

648 4686 915 4747 enuntiat,
951 4683 1292 4751 maximeque
1330 4682 1383 4734 in
1427 4681 1578 4734 libris
1610 4676 1808 4733 Contra
1842 4674 2151 4729 Marcellum
2186 4690 2203 4727 :

652 4778 709 4831 in
749 4790 859 4845 quo
892 4782 1071 4829 autem
1101 4788 1222 4827 eam
1271 4760 1679 4826 similitudinem
1721 4768 2036 4831 constituat,
2082 4779 2207 4820 mox

650 4868 898 4941 pluribus
928 4866 1315 4937 expendemus.
1354 4861 1509 4929 Quod
1534 4861 1718 4931 adjicit
1749 4861 1838 4915 iile
1868 4857 2061 4922 Filium
2098 4870 2206 4909 non

651 4981 713 5019 ex
751 4961 878 5026 alia,
919 4967 1080 5032 quam
1131 4975 1197 5014 ex
1247 4955 1427 5011 Patris
1474 4954 1751 5025 hypostasi
1798 4958 1851 5008 et
1903 4949 2207 5006 substfuttia

650 5071 793 5119 esse,
829 5070 939 5109 non
965 5054 1039 5107 ita
1072 5050 1323 5121 intelligit
1352 5046 1641 5110 Eusebius,
1682 5044 1825 5114 quod
1846 5042 1955 5112 jam
1978 5039 2210 5107 conspi-

652 5165 755 5204 cue
785 5147 1068 5219 probatum
1099 5152 1204 5207 est,
1248 5149 1308 5197 ut
1349 5140 1594 5196 eamdem
1626 5143 1776 5208 putet
1801 5150 1921 5192 esse
1950 5131 2128 5186 Patris
2157 5138 2211 5185 et

640 5240 775 5307 Filii
804 5235 1161 5295 substantiam
1200 5256 1212 5291 :
1247 5236 1299 5289 id
1332 5236 1475 5289 enim
1514 5230 1786 5287 sexcentis
1824 5228 1879 5281 in
1928 5226 2064 5280 locis
2113 5238 2208 5277 ex-

654 5334 823 5405 plodit
856 5331 964 5397 ille,
999 5337 1053 5383 et
1091 5337 1151 5383 ut
1194 5325 1756 5383 Sabellii'doctri-nam
1801 5320 2068 5384 traducit;
2117 5316 2209 5370 sed

655 5428 799 5498 quod
846 5422 1205 5480 substantiam
1246 5437 1277 5474 a
1322 5419 1567 5491 paterna,
1610 5412 1790 5486 quoad
1832 5411 2119 5481 imaginem
2159 5414 2213 5462 ct

659 5512 1090 5574 similitudinem,
1115 5516 1429 5580 expressam
1462 5504 1752 5575 acceperit,
1782 5501 1907 5555 licet
1948 5500 2211 5554 minorem

659 5617 712 5661 et
754 5607 908 5676 longe
953 5604 1219 5672 imparem,
1262 5620 1275 5654 :
1321 5600 1451 5654 illud
1495 5613 1659 5667 porro
1702 5594 1926 5667 perinde
1965 5602 2126 5663 atque
2156 5592 2215 5645 τὸ

658 5698 959 5768 ὁμοούσιον,
985 5698 1110 5767 quia
1138 5697 1191 5748 in
1224 5692 1437 5748 Nicatna
1469 5690 1572 5746 lide
1602 5690 1994 5754 contineretur,
2022 5686 2212 5742 admit-

662 5803 774 5875 tere
804 5799 1027 5845 coactus
1060 5801 1160 5845 est.
1244 5788 1245 5791 “
1594 5831 1604 5838 .
1714 5795 1716 5797 ’
1812 5772 1818 5777 ’

736 5953 810 6020 (ιη
851 5948 1035 6023 Contr.
1069 5924 1304 6003 Marcell.
1335 5946 1429 6002 lib.
1463 5961 1502 6013 ι,
1540 5959 1592 6018 p.
1621 5943 1711 6010 67,
1742 5940 1831 5999 69.

2300 3477 2448 3542 tatis,
2500 3474 2596 3531 sed
2642 3474 2805 3528 etiam
2854 3469 3357 3538 unitatis‘patern'c
3398 3461 3843 3534 perfectissimam

2300 3585 2453 3634 esse,
2490 3576 2655 3637 atque
2684 3566 2804 3620 ideo
2832 3579 2899 3618 ex
2925 3561 3083 3617 Patre
3101 3558 3475 3630 prodeuntem,
3510 3557 3633 3629 quia
3665 3554 3733 3609 ad
3748 3552 3848 3607 Pa-

2298 3665 2399 3719 tris
2431 3652 2848 3717 ”éimilitudinem
2894 3656 2965 3713 sit
3001 3657 3278 3725 expresSa,
3323 3649 3461 3704 κατὰ
3497 3647 3723 3718 γνώμην
3762 3646 3847 3699 καὶ

2303 3755 2638 3831 προᾳιρεσιν,
2667 3752 2719 3807 id
2744 3761 2847 3814 est,
2875 3764 2941 3802 ex
2962 3747 3246 3800 voluntate
3274 3750 3326 3797 et
3344 3740 3630 3811 proposito
3650 3737 3843 3796 Patris,

2303 3828 2423 3905 non
2444 3866 2511 3905 ex
2538 3854 2746 3903 naturae
2772 3841 3129 3904 necessitate;
3158 3850 3278 3906 qua:
3313 3844 3490 3888 tamen
3520 3833 3722 3901 imago,
3746 3828 3847 3883 alia

2305 3944 2427 3997 sita
2452 3950 2673 4011 paterna
2703 3937 2930 3999 Deitate,
2966 3932 3163 3999 minor,
3187 3930 3379 3998 impar,
3406 3938 3525 3997 qua
3548 3922 3850 3995 dignatione

2304 4030 2521 4102 quidem
2544 4026 2724 4082 Patris
2745 4025 2801 4080 in
2829 4031 2953 4078 artu
2978 4037 3077 4076 suo
3100 4020 3191 4076 Dei
3215 4033 3411 4074 nomen
3435 4016 3738 4086 acceperit,
3764 4013 3848 4070 sed

2305 4136 2415 4176 non
2444 4133 2571 4175 vere
2600 4126 2653 4173 ct
2682 4116 2900 4186 proprie
2921 4113 3073 4168 Deus
3103 4113 3191 4166 sit.

2286 4242 2297 4248 -
2376 4211 2455 4267 Ex
2497 4210 2607 4266 Deo
2636 4217 2814 4264 autem
2848 4216 2902 4261 et
2937 4221 3001 4261 ex
3039 4202 3343 4259 substantia
3385 4200 3479 4257 Dei
3513 4215 3633 4256 esse
3660 4196 3845 4251 Filium

2308 4305 2437 4361 dicit
2469 4305 2680 4359 ratione
2728 4298 3129 4363 similitudinis;
3186 4293 3641 4367 quemadmodum
3686 4293 3839 4360 imagt

2309 4397 2611 4469 cujuspiam
2644 4412 2673 4450 a
2701 4392 3035 4466 peritissimo
3068 4390 3274 4461 pictore
3302 4388 3653 4448 concinnata,
3707 4399 3771 4439 ex
3794 4396 3843 4435 et

2308 4498 2363 4546 et
2388 4505 2457 4545 ex
2485 4504 2717 4558 persona
2749 4489 2868 4555 ejus
2899 4498 3156 4554 expressa
3186 4497 3420 4552 eumque
3448 4480 3687 4551 perfecte
3709 4475 3849 4532 exhi-

2311 4587 2439 4641 bere
2458 4584 2659 4639 dicitur
2683 4602 2695 4637 :
2723 4582 2824 4637 etsi
2852 4579 3072 4634 alterius
3094 4588 3147 4633 et
3167 4578 3393 4633 diversae
3414 4574 3735 4632 substantia
3759 4570 3849 4633 sit;

2313 4678 2388 4733 ita
2424 4675 2613 4741 Filius,
2653 4673 2951 4731 secundum
2985 4670 3298 4735 Eusebium,
3338 4683 3405 4723 ex
3435 4665 3738 4722 substantia
3766 4660 3849 4715 Dei

2311 4777 2363 4826 et
2395 4784 2459 4821 ex
2488 4767 2598 4823 Deo
2628 4782 2749 4822 esse
2788 4763 3007 4828 dicitur,
3052 4764 3143 4832 qui
3194 4772 3277 4818 est
3321 4761 3497 4830 imago
3522 4774 3586 4814 ex
3625 4755 3735 4811 Deo
3768 4768 3850 4808 ex-

2313 4873 2520 4931 pressa,
2556 4857 2730 4912 Deum
2763 4853 3001 4924 perfecte
3036 4856 3452 4923 reprazsentans,
3497 4846 3602 4902 etsi
3639 4842 3850 4898 alterius

2312 4959 2365 5005 et
2393 4951 2619 5006 diversa:
2654 4946 2971 5002 substantiae
3012 4946 3100 5000 sit.
3142 4944 3199 4997 In
3233 4957 3340 5012 quo
3378 4955 3510 4997 sane
3540 4937 3799 4993 Eusebius
3826 4947 3851 4985 a

2314 5051 2463 5097 recto
2501 5038 2858 5096 ratiocinandi
2900 5052 3097 5113 genere
3142 5037 3379 5090 immane
3420 5040 3682 5103 quantum
3711 5028 3851 5082 aber—

2316 5143 2444 5191 rat:
2480 5149 2605 5188 nam
2650 5148 2717 5188 ex
2761 5130 3035 5186 communi
3076 5136 3131 5185 et
3176 5124 3394 5197 recepto
3426 5108 3703 5180 hominum
3738 5134 3847 5181 usu,

2316 5232 2408 5299 qui
2453 5243 2578 5283 vere
2623 5225 2879 5295 gignitur,
2926 5216 3610 5295 gignentisvs‘ubstantiam
3654 5213 3848 5283 plenam

2318 5323 2690 5392 integramque
2742 5319 2961 5389 accipit,
3019 5324 3079 5371 ut
3123 5315 3267 5370 filius
3312 5311 3495 5367 vocari
3549 5304 3847 5387 possit.Ea

2317 5386 2515 5485 quippe
2569 5386 2652 5467 est
2704 5410 2797 5464 ﬁlii
2847 5386 3067 5482 proprie
3116 5408 3248 5461 dicti
3301 5405 3462 5470 ratio,
3518 5411 3576 5458 ut
3626 5386 3851 5458 eamdem

2316 5519 2543 5575 prorsus
2580 5517 2740 5575 quam
2771 5510 2925 5572 pater
2958 5511 3205 5556 naturam
3247 5494 3515 5555 obtineat:
3558 5495 3710 5554 alias.
3756 5503 3850 5543 non

2321 5597 2483 5659 filius,
2518 5596 2611 5652 sed
2644 5594 2919 5666 opificium
2951 5593 3085 5653 erit;
3125 5590 3396 5655 eamdem,
3423 5590 3666 5663 inquam,
3690 5578 3849 5652 specie

2321 5698 2572 5744 naturam
2617 5688 2671 5742 in
2726 5688 2889 5742 rebus
2940 5684 3159 5747 creatis,
3208 5698 3329 5754 quae
3372 5660 3713 5747 multiplicari
3744 5658 3889 5742 pos-5

2322 5789 2479 5845 sunt;
2518 5780 2760 5837 eamdem
2792 5792 2919 5835 vero
2950 5776 3235 5859 numerice
3280 5776 3334 5830 in
3376 5772 3593 5839 divinis,
3627 5768 3746 5839 quia
3771 5778 3851 5819 na-
