3956 6340
101 435 152 489 i5
823 426 1316 485 COMMENTARlA
1352 426 1418 482 IN
1458 424 1584 482 PSA

1679 426 1792 483 COS.
1835 458 1901 468 --
1940 427 2480 486 PRELIMINABIA.
3180 437 3246 489 ιο

97 565 194 605 tura
220 547 304 604 Dei
335 558 452 601 cum
481 546 825 616 multiplicari
860 556 1109 617 nequeat,
1146 555 1332 617 utpote
1363 546 1600 623 inﬁnita;
1630 551 1675 604 A
1703 560 1825 598 men
1850 546 1939 600 ille
1970 547 2166 617 ubique
2189 549 2323 603 alia‘s
2349 564 2470 603 cum
2503 549 2570 604 de
2598 549 2733 603 Filio
2755 550 2992 621 loquitur
3021 555 3240 622 respuit,

95 657 182 696 non
203 647 366 711 potest
389 639 490 694 nisi
520 654 624 718 una
653 648 706 694 et
731 640 845 709 ipsa
867 640 1164 709 eademque
1191 642 1603 698 communicari.
1705 645 1759 689 et
1784 636 1884 691 soli
1917 635 2058 690 Patri
2093 646 2396 707 competere
2409 639 2551 700 ‘dicit
2587 659 2598 693 :
2638 640 2860 709 parique
2898 641 3058 696 modo
3086 648 3253 696 tetra-

95 732 261 786 Verum
293 730 399 786 haec
432 729 652 785 minime
683 731 949 801 quadrare
987 748 1093 786 non
1125 733 1400 788 nesciebat
1437 731 1606 788 Euse-
1704 743 1980 796 grammon
2008 738 2146 795 nw,
2173 731 2316 799 quod
2361 732 2559 798 passim
2595 734 2669 786 ait
2700 733 2755 786 in
2795 732 2879 787 bis
2905 732 3281 810 Comment».

93 825 211 886 hius,
245 829 295 876 et
327 823 450 892 quia
487 823 715 876 arduum
745 831 827 878 est
862 833 1049 878 contra
1084 824 1248 877 animi
1280 824 1600 880 sententiam
1704 819 1802 875 riis
1837 821 1923 874 uni
1954 818 2097 875 Patri
2129 831 2434 892 competere
2476 840 2662 894 posse;
2700 825 2863 879 semel
2887 824 2938 877 in
2970 838 3251 879 common-

90 917 163 969 diu
205 901 528 982 multumque
573 914 827 978 scribere,
878 915 1006 984 quin
1045 914 1290 968 nonnihil
1320 930 1387 970 ex
1424 923 1603 970 mente
1703 911 1843 964 tario
1870 912 2105 981 itemque
2134 915 2298 968 semel
2343 914 2395 967 in
2451 915 2902 969 Demonstratione
2930 914 3246 985 evangelica,

90 1007 337 1076 scriptoris
363 1006 447 1059 vel
480 1006 844 1075 imprudenter
867 1006 1079 1072 eﬂluat,
1105 1021 1213 1060 non
1243 1008 1357 1076 pari
1388 1022 1602 1076 semper
1701 1004 1778 1057 ait
1801 1002 1940 1057 Filio
1969 1020 2353 1073 nonnunquam
2385 1009 2678 1076 ascriptum
2717 1007 2906 1070 fuisse,
2943 1021 3252 1062 accommo-

89 1100 223 1165 modo
248 1098 509 1153 Eusebius
548 1097 822 1168 loquitur:
851 1113 973 1152 nam
1004 1100 1058 1152 in
1091 1097 1388 1152 Demonstr.
1443 1115 1597 1152 evan-

87 1194 223 1262 gelica
253 1188 440 1244 Filium
462 1190 541 1244 sic
567 1197 859 1260 nuncupat.
894 1188 968 1242 Τὸ
998 1188 1222 1243 τέλειον
1243 1189 1346 1242 τοῦ
1371 1190 1596 1243 τελείου

86 1284 474 1351 δημιούργημα,
511 1281 608 1342 καὶ
651 1280 839 1349 σοφοῦ
883 1270 1073 1348 σοφὸιλ
1110 1281 1593 1349 ἀρχιτεκτόνημα,

87 1374 348 1443 Perfectum
377 1374 594 1441 perfecti
623 1371 903 1440 opiﬁcium,
930 1382 978 1424 et
1000 1372 1250 1440 sapientis
1272 1363 1594 1440 sapiens-ar-

87 1467 296 1532 tcfactum
327 1479 345 1517 :
371 1473 426 1520 et
454 1465 508 1517 in
537 1463 760 1531 epistola
797 1463 862 1516 ad
895 1463 1252 1517 Alexandrum
1276 1462 1374 1535 (a),
1399 1463 1594 1517 Filium

85 1572 174 1611 rem
198 1556 384 1610 factam
407 1571 528 1610 esse
551 1555 679 1608 dicit
707 1574 719 1608 :
742 1561 794 1608 et
823 1555 1143 1608 Arianorum
1169 1569 1390 1609 causam
1411 1565 1594 1625 aperte

85 1653 363 1718 propugnat,
406 1647 498 1715 qui
531 1646 779 1717 dicebant
812 1645 1006 1699 Filium
1044 1645 1252 1719 factum.
1281 1645 1467 1714 fuisse,
1498 1648 1593 1703 sed

81 1756 165 1792 non
191 1749 242 1792 ut
271 1739 502 1807 aliquam
533 1739 792 1794 ex.rebus
840 1737 1029 1802 factis;
1079 1745 1132 1792 et
1179 1745 1419 1792 creatum
1463 1738 1592 1793 item

82 1834 234 1896 fuisse,
266 1832 356 1886 sed
391 1847 500 1884 non
532 1839 589 1884 ut
617 1833 850 1900 aliquam
881 1846 946 1886 ex
977 1832 1140 1886 rebus
1171 1832 1385 1887 creatis.
1419 1830 1592 1886 Caete-

80 1937 173 1974 rum
199 1921 401 1976 etiamsi
443 1937 509 1976 ex
548 1923 713 1976 animi
752 1923 1013 1979 sententia
1060 1922 1324 1978 Eusebius
1354 1920 1586 1982 Verbum

79 2030 176 2080 vere
204 2015 432 2084 genitum
463 2025 516 2068 et
543 2008 737 2068 Filium
764 2014 978 2080 dixerit,
1014 2015 1177 2071 verbo
1198 2023 1404 2070 tantum
1430 2022 1586 2072 tenus

79 2109 128 2163 ab
152 2107 352 2163 Arianis
383 2106 714 2178 discrepabit
740 2129 753 2164 :
780 2125 903 2163 nam
936 2109 1011 2162 illi
1045 2108 1265 2178 perinde
1295 2117 1454 2178 atque
1478 2109 1588 2166 Eua

79 2201 224 2254 sebius
255 2199 485 2255 Verbum
518 2216 546 2253 a
580 2199 736 2256 Patre
765 2201 1104 2270 productum,
1149 2199 1454 2254 substantia
1501 2199 1585 2253 di-

76 2307 251 2345 versum
283 2307 344 2346 ac
377 2294 559 2349 minus
589 2309 710 2348 esse
751 2292 910 2348 Patre
939 2291 1229 2362 putabant;
1269 2305 1336 2344 an
1371 2306 1500 2347 vero
1530 2291 1583 2346 id

78 2383 156 2437 dici
181 2384 338 2452 possit
367 2386 608 2455 genitum
648 2400 786 2449 esse,
822 2384 889 2439 de
926 2385 1142 2441 nomine
1186 2370 1392 2439 tantum
1439 2399 1586 2454 qua-

79 2477 156 2530 stio
179 2485 273 2532 est.

417 2591 537 2641 XIV.
564 2590 740 2640 Filium
764 2597 912 2653 negat
943 2596 1195 2640 atomum.

127 2671 257 2737 Quod
278 2673 341 2726 ad
377 2674 729 2728 aeternitatem
767 2688 895 2728 vero
926 2672 1046 2727 Filii
1079 2664 1203 2727 ante
1232 2672 1580 2734 creationem,

77 2779 126 2818 ne
138 2765 285 2819 latum
312 2781 547 2835 unguem
579 2762 645 2820 ab
667 2766 987 2820 Arianorum
1012 2766 1277 2820 sententia
1299 2765 1582 2820 deﬂectere

76 2854 265 2917 videtur,
296 2857 391 2924 qui
423 2855 675 2910 dicebant
714 2854 909 2910 Filium
942 2868 1048 2910 non
1083 2842 1247 2909 dimov
1287 2856 1400 2909 sive
1439 2870 1581 2910 sem-

75 2949 295 3011 piternum
330 2961 454 3000 esse
485 2965 498 2998 :
542 2945 637 3000 sed
671 2956 794 3001 ante
822 2947 1001 3001 omnia
1034 2946 1250 3001 factum.
1291 2944 1382 2999 Sic
1409 2953 1462 2999 et
1491 2944 1581 2999 ille

76 3031 228 3087 Filium
269 3035 490 3104 quidem
541 3037 748 3107 πρῶτον
795 3036 900 3090 τῶν
942 3037 1110 3090 ὄντων
1155 3036 1405 3089 ἁπάντων
1450 3033 1580 3090 dicit

76 3127 323 3182 Demonstt.
361 3145 546 3199 evang.
590 3146 644 3199 p.
687 3130 806 3194 146,
838 3129 890 3182 id
924 3137 1026 3195 est,
1059 3129 1295 3184 Primum
1351 3129 1579 3182 omnium

1701 1096 1823 1150 date
1848 1093 2074 1160 scilicet,
2111 1113 2283 1167 neque
2309 1099 2544 1168 proprie,
2572 1110 2627 1152 ut
2647 1099 2772 1153 alibi
2800 1099 2865 1154 de
2897 1099 2989 1153 Dei
3011 1099 3248 1168 appella-

1698 1188 1844 1240 tione
1875 1187 2079 1241 dictum
2124 1196 2225 1243 est.
2274 1189 2392 1244 Non
2439 1191 2818 1259 sempiternum
2859 1198 3039 1243 autem
3078 1188 3246 1243 fuisse

1697 1277 1932 1341 Verbum
1965 1291 2090 1338 ante
2122 1285 2446 1338 creationem
2471 1285 2659 1352 probat
2682 1284 3108 1338 hoc'dilemmate
3136 1282 3245 1336 Eu-

1698 1372 1900 1436 sebius,
1945 1376 1999 1428 in
2030 1376 2147 1429 loco
2177 1375 2373 1429 Contra
2411 1374 2718 1428 Marcellum
2748 1375 3000 1446 superius
3041 1391 3246 1431 memo-

1698 1472 1814 1516 rato
1840 1464 1929 1518 :Si
1971 1465 2138 1522 Filius
2162 1468 2230 1521 sit
2254 1469 2421 1530 ὀίίδιος
2451 1470 2563 1522 sive
2591 1465 2974 1538 sempiternus,
3021 1468 3104 1524 vel
3135 1469 3244 1522 duo

1695 1568 1853 1611 erunt
1891 1560 2240 1629 sempiterna,
2269 1576 2463 1630 nempe
2493 1560 2650 1615 Pater
2685 1569 2738 1615 et
2768 1560 2958 1625 Filius,
2988 1562 3131 1631 quod
3158 1571 3245 1616 est

1697 1666 1725 1703 a
1752 1633 1865 1705 ‘lide
1895 1651 2188 1716 absonum;
2239 1653 2323 1705 vel
2363 1650 2523 1706 Pater
2560 1662 2614 1705 et
2657 1650 2828 1725 Filius
2876 1668 3040 1706 unum
3085 1641 3244 1711 erunt

1695 1743 2104 1811 sempiternum,
2139 1742 2281 1812 quod
2319 1748 2403 1797 est
2435 1739 2819 1796 Sabellianum.
2851 1742 3241 1805 Ansecreatio-

1693 1847 1813 1888 nem
1852 1833 2014 1903 igitur
2047 1832 2280 1888 Verbum
2326 1848 2435 1888 non
2483 1833 2866 1903 sempiternum
2901 1848 3020 1888 esse
3053 1833 3240 1888 docuit

1624 1889 1663 1942 Β
1694 1889 1990 1989 Eusebius;
2039 1941 2214 1994 neque
2261 1933 2440 1979 tamen
2493 1889 2838 1980 res.creatas
2889 1925 3069 1978 statim
3116 1932 3241 1993 post

1693 2015 1854 2070 Verbi
1899 2027 2078 2073 ortum
2125 2018 2298 2072 editas
2342 2032 2462 2073 esse
2502 2025 2680 2088 putat;
2736 2017 2831 2073 sed
2865 2016 3240 2086 interpositum

1693 2106 1924 2174 spatium
1975 2107 2114 2160 inter
2159 2104 2322 2161 Verbi
2365 2115 2418 2160 et
2460 2107 2793 2176 opiﬁciorum
2827 2105 3236 2175 productionem

1691 2197 1973 2250 constituit
2000 2197 2089 2251 ille
2119 2215 2131 2250 :
2163 2212 2270 2267 qua
2301 2198 2355 2251 in
2382 2211 2441 2252 re
2466 2197 2679 2266 paulum
2712 2196 2993 2252 deﬂectere
3023 2197 3239 2254 videtur

1690 2290 1757 2343 ab
1778 2290 1989 2345 Arianae
2017 2298 2175 2347 sectae
2197 2291 2549 2361 principibus,
2571 2291 2662 2361 qui
2690 2290 2923 2345 Verbum
2955 2291 3021 2344 ad
3050 2305 3230 2346 rerum

1688 2375 1928 2436 omniiJm
1983 2384 2309 2438 creationem
2360 2383 2682 2452 productum
2735 2384 2851 2436 sine
2891 2379 3235 2437 'intermedio

1685 2473 1862 2541 spatio
1886 2473 2309 2540 arbitrabantur,
2336 2483 2395 2528 ut
2422 2476 2515 2530 illo
2539 2475 2680 2532 Deus
2702 2475 2768 2530 ad
2793 2475 3003 2547 opiﬁcia
3027 2475 3236 2532 edenda

1690 2581 1787 2620 ceu
1813 2566 2174 2622 instrumento
2207 2576 2465 2623 uteretur.

2045 2700 2156 2751 Π.
2183 2701 2376 2753 Summa
2394 2704 2627 2753 doctrinae
2645 2703 2861 2754 Eusebii.

1759 2823 1840 2880 En
1872 2842 2001 2897 ergo
2047 2834 2216 2881 totam
2271 2827 2584 2883 Eusebiana:
2624 2829 2907 2899 theologia:
2943 2845 3230 2885 summam.

1688 2916 1839 2974 Unus
1867 2935 2026 2975 verus
2053 2920 2121 2974 ab
2141 2927 2342 2975 πίει-ιιο
2366 2919 2505 2976 Deus
2530 2919 2686 2975 Pater
2714 2919 2834 2986 fuit,
2863 2920 2954 2990 qui
2980 2921 3233 2976 omnibus

1687 3019 1848 3082 atque
1880 3012 2042 3069 etiam
2080 3011 2217 3068 Filio
2250 3028 2349 3070 suo
2390 3014 2712 3083 pmexsistit
2746 3033 2758 3068 :
2795 3011 3094 3085 Filiumque
3127 3013 3233 3068 sibi

1686 3114 1873 3177 postea
1918 3104 2028 3161 non
2059 3121 2126 3161 ex
2169 3107 2494 3162 necessitate
2535 3115 2759 3170 naturae,
2804 3105 2900 3162 sed
2947 3121 3011 3161 ex
3063 3105 3232 3161 libero

73 3235 340 3290 quam,“
363 3197 524 3286 ,ηιξ
565 3197 726 3292 idque
753 3223 955 3292 passim
995 3222 1188 3292 repel“
1230 3222 1285 3276 in
1310 3221 1396 3277 his
1428 3235 1578 3274 com-
1609 3240 1650 3299 ο
1687 3200 1984 3299 voluntatis
2019 3199 2245 3254 arbitrio
2268 3214 2344 3299 ‘ac
2395 3201 2692 3299 proposito,
2730 3198 2982 3299 produxit
3010 3212 3075 3253 ex
3106 3197 3226 3299 sub-

73 3314 331 3377 mentariis,
371 3314 536 3384 inque
571 3314 722 3370 libris
754 3323 936 3367 contra
971 3311 1319 3367 Marcellum:
1346 3313 1582 3381 itemque

73 3403 127 3453 ait
148 3401 322 3459 Filium
355 3407 464 3476 πρὸ
489 3406 691 3477 χρόνων
723 3405 970 3468 αἰωνίων,
1002 3413 1056 3460 et
1081 3405 1184 3477 πρὸ
1214 3405 1427 3460 πάντων
1455 3403 1574 3457 alib-

71 3511 163 3557 νων,
196 3496 244 3549 id
271 3507 375 3561 est,
410 3502 528 3551 ante
565 3497 778 3560 secula,
833 3497 1150 3566 productum
1184 3515 1196 3549 :
1230 3510 1354 3550 nam
1384 3498 1579 3551 sacula

72 3590 107 3630 et
131 3592 318 3653 tempus
348 3599 510 3639 omne
553 3600 677 3639 cum
721 3585 920 3640 mundo
963 3586 1194 3655 coepisse
1240 3600 1363 3640 cum
1396 3586 1581 3642 multis

71 3675 160 3729 aliis
197 3677 465 3732 veteribus
513 3679 826 3739 arbitratur,
883 3694 982 3734 nec
1030 3694 1131 3733 vox
1180 3677 1394 3742 αἰώνιος
1437 3681 1579 3750 apud

71 3765 338 3834 Eusebium,
378 3787 480 3842 pro
511 3773 808 3827 aeternitate
835 3782 960 3826 ante
987 3771 1314 3827 creationem
1347 3774 1597 3843 usquam'

71 3863 298 3924 sumitur:
326 3881 453 3919 nam
488 3864 792 3934 hujusmodi
826 3866 1180 3921 aeternitatem
1213 3866 1266 3920 in
1298 3863 1435 3919 Filio
1465 3865 1580 3918 evi-

69 3952 216 4006 denter
237 3965 395 4025 negat
414 3965 467 4010 et
489 3969 670 4010 contra
701 3955 1012 4010 Marcellum
1044 3972 1210 4027 agens
1243 3957 1470 4010 aﬂirmat
1496 3954 1581 4010 Fi~

67 4046 165 4097 lium
210 4063 310 4102 non
361 4065 523 4119 posse
555 4051 662 4105 dici
713 4051 878 4106 ἀΐδιον
922 4051 1035 4107 sive
1077 4052 1486 4120 sempiternum,
1522 4059 1579 4104 ut

66 4136 211 4191 videre
235 4147 336 4201 est,
371 4142 407 4194 l.
440 4157 503 4203 ιι,
532 4157 582 4196 c.
614 4141 698 4206 12,
729 4151 782 4195 et
813 4143 958 4198 alibi.
991 4142 1101 4198 Nec
1135 4143 1368 4199 diﬂiteor
1396 4152 1576 4198 tamen

68 4226 104 4276 in
125 4229 521 4287 Commentariis
559 4233 613 4286 in
657 4233 900 4290 Psalmos
943 4220 1183 4289 adhunc
1212 4236 1350 4305 psal.
1384 4250 1423 4288 ιι
1453 4251 1576 4289 ver-

66 4311 176 4380 sum,
203 4317 307 4388 Ego
337 4321 489 4377 hodie
509 4325 660 4396 genui
675 4334 741 4388 te,
773 4325 887 4380 haec
911 4326 1095 4380 haberi
1121 4327 1292 4394 εἘτὼ
1316 4325 1577 4396 σήμερον

65 4409 352 4480 Τεῖίέννηκά.
377 4429 469 4479 σε,
493 4417 728 4488 δηλονότι
761 4421 886 4494 περὶ
915 4420 1012 4490 τῆς
1042 4418 1294 4491 χρονικῆς
1323 4417 1423 4488 ἔφη
1453 4435 1576 4486 γεν-

65 4507 248 4569 νήσεως·
271 4507 397 4577 περὶ
433 4509 540 4580 γὰρ
571 4510 668 4581 τῆς
699 4511 930 4583 ἀνάρχρυ
960 4513 1124 4581 φησὶν
1147 4509 1306 4572 αὐτὸς
1339 4505 1369 4561 6
1391 4510 1570 4563 Δαυῖδ·

1682 3293 1881 3349 stantia
1905 3307 2002 3349 sua
2028 3312 2040 3347 :
2067 3308 2175 3348 non
2195 3293 2559 3348 substantiam
2584 3307 2735 3348 suam
2758 3293 2871 3347 sive
2897 3300 3090 3358 totam,
3120 3291 3233 3350 sive

1680 3387 1940 3451 decisam,
1966 3385 2106 3448 Filio
2127 3385 2554 3451 communicans;
2578 3385 2672 3440 sed
2698 3384 3053 3441 substantiam
3071 3388 3234 3457 aliam

1663 3478 1748 3533 ad
1785 3479 1871 3535 sui
1913 3494 2021 3549 per.
2048 3477 2227 3532 omnia
2257 3472 2668 3532 similitudinem
2708 3482 2763 3531 et
2795 3477 3235 3548 imaginempro—

1681 3571 1916 3634 ducens;
1961 3580 2222 3640 quantum
2256 3569 2464 3624 scilicet
2501 3575 2677 3638 potest
2716 3570 3021 3648 substantia
3055 3584 3087 3624 a
3120 3569 3232 3626 Deo

1680 3664 1892 3718 diversa
1941 3661 2035 3717 Dei
2083 3661 2585 3738 imaginemterre:
2621 3676 2744 3715 nam
2767 3645 2934 3733 "longe
2967 3664 3142 3732 impar
3174 3673 3233 3719 et

1680 3755 1856 3808 minor
1892 3753 2050 3809 Patre
2095 3741 2268 3810 Filius
2291 3754 2393 3808 est.
2425 3751 2560 3806 Cum
2588 3761 2766 3808 autem
2799 3753 2973 3824 imago
3005 3754 3093 3808 illa
3123 3770 3233 3810 una

1679 3844 1846 3900 Deum
1880 3844 2289 3916 perfectissime,
2328 3851 2588 3914 quantum
2636 3844 2751 3899 ﬁeri
2798 3853 2990 3915 potest,
3032 3861 3233 3917 repra-

1680 3948 1874 4002 sentet,
1900 3955 2007 3994 non
2039 3939 2359 3995 substantiae
2393 3937 2551 3991 modo
2578 3936 2695 4002 Dei,
2741 3939 2836 3994 sed
2860 3935 3234 3995 etiam-unita-

1679 4035 1749 4088 tis
1773 4034 1891 4102 ejus
1923 4034 2098 4103 imago
2124 4040 2223 4088 est.
2263 4031 2418 4086 Unde
2439 4028 2510 4085 ob
2541 4031 2687 4086 illam
2716 4034 2932 4088 unicam
2955 4041 3007 4088 et
3037 4033 3229 4104 singu-

1679 4128 1841 4182 larem
1864 4127 2290 4191 similitudinem,
2318 4125 2487 4182 Filius
2510 4127 2579 4182 ab
2617 4127 2824 4197 origine
2842 4125 2984 4181 Deus
3006 4134 3232 4182 vocatus

1677 4229 1730 4276 et
1757 4221 1931 4275 factus
1968 4227 2072 4284 est,
2104 4220 2483 4292 θεοποιηθείςε
2516 4222 2608 4291 qui
2643 4222 2745 4276 etsi
2780 4237 2904 4276 vere
2938 4219 3080 4276 Deus
3118 4221 3227 4276 dici

1677 4328 1782 4367 non
1812 4315 2002 4383 possit,
2051 4315 2096 4367 si
2134 4326 2258 4368 cum
2305 4311 2467 4368 Patre
2508 4320 2875 4383 comparetur,
2916 4317 3229 4380 comparate

1678 4416 1852 4462 tamen
1885 4405 1950 4460 ad
1985 4415 2262 4461 creaturas
2297 4421 2417 4461 vere
2462 4403 2605 4458 Deus
2651 4404 2856 4465 dicitur
2893 4421 2906 4458 :
2941 4403 3067 4473 quia
3098 4402 3228 4474 ipsa:

1677 4479 1938 4571 imagines
1971 4499 2066 4556 Dei
2098 4500 2253 4569 longe
2283 4495 2710 4568 imperfectiores
2739 4503 2884 4550 sunt.
2915 4495 3096 4561 Quare
3125 4496 3227 4551 αὺ-

76 4592 143 4647 Ἐκ
186 4598 433 4666 γαστρὸς
476 4600 587 4667 πρὸ
627 4602 934 4678 envyde
966 4599 1292 4672 γεγέννηκά
1335 4618 1428 4667 σε,
1471 4601 1572 4656 hoc

1679 4593 1857 4657 τόθεος
1890 4593 2110 4655 dicitur,
2148 4591 2281 4653 sive,
2330 4589 2436 4657 ipse
2470 4586 2634 4652 Deus,
2665 4589 2791 4659 quia
2826 4605 2895 4644 ex.
2921 4589 3230 4653 omnitboda
3260 4654 3272 4659 ,η

64 4695 158 4739 est:
190 4707 205 4736 ι
233 4687 339 4757 Ego
356 4688 508 4748 hodie
523 4680 675 4760 genui
711 4703 778 4758 te,
818 4713 836 4745 ι
867 4694 918 4749 id
948 4695 1180 4748 videlicet
1205 4693 1266 4748 de
1301 4695 1574 4763 temporali

67 4792 346 4841 generatione
383 4783 601 4847 dictum,
628 4802 742 4856 quia
775 4802 865 4855 per
902 4789 1242 4844 oeconomiam
1277 4787 1424 4857 facta
1451 4798 1570 4851 est;

69 4867 111 4920 de
132 4872 212 4926 illa
236 4891 451 4946 namque
473 4892 587 4945 qua:
606 4879 715 4931 sine
740 4881 994 4950 principio
1015 4889 1111 4946 est,
1132 4883 1207 4936 ait
1233 4883 1339 4951 ipse
1361 4880 1532 4936 Dauid
1554 4899 1572 4935 .-

74 4973 86 5002 ί
119 4958 348 5019 Exutero
374 4978 494 5020 ante
521 4966 803 5038 luciferum
829 4973 982 5041 genui
1020 4982 1065 5026 te
1096 4971 1394 5042 (‘Psat.CIx,
1417 4973 1507 5042 5).
1549 4992 1566 5023 ι

71 5045 226 5110 Verum
249 5059 300 5113 id
328 5060 460 5114 nihil
482 5074 621 5119 verae
641 5061 857 5116 Eusebii
879 5064 1158 5120 sententia:
1180 5063 1395 5127 officiat,
1423 5080 1571 5128 nam,
1613 5127 1621 5135 ,

73 5148 112 5192 ut
133 5145 282 5213 vides,
314 5149 544 5229 ἄναρχον
572 5160 725 5206 vocat
765 5151 926 5208 Verbi
977 5157 1402 5226 generationem,
1445 5159 1572 5227 quia

71 5244 166 5288 ante
206 5239 504 5311 luciferum,
555 5244 608 5300 id
640 5252 743 5308 est,
786 5251 909 5299 ante
941 5247 1266 5318 principium
1312 5249 1570 5320 temporis
1621 5318 1626 5322 l

74 5323 147 5378 iuit
172 5347 182 5381 :
212 5333 467 5401 siquidem
505 5336 759 5402 Verbum,
793 5344 851 5390 ut
882 5337 955 5390 ait
981 5335 1238 5407 Joannes,
1281 5341 1332 5396 in
1364 5341 1569 5410 princio
1609 5377 1612 5380 -

77 5417 138 5477 pio
169 5429 284 5484 erat,
316 5425 457 5492 quod
487 5425 673 5510 illede
720 5425 984 5498 principio
1015 5432 1272 5499 temporis
1302 5430 1567 5500 explicat,

78 5511 198 5575 “qua
241 5511 354 5568 ideo
403 5514 488 5569 hic
522 5516 752 5588 ᾶναρχοξ
795 5519 954 5576 Verbi
997 5526 1149 5572 ortus
1188 5519 1407 5586 dicitur,
1439 5522 1566 5595 quia

78 5609 168 5652 cum
191 5615 301 5660 ante
328 5621 484 5663 omne
511 5594 722 5679 tempus
759 5621 813 5666 et
840 5622 963 5667 ante
1004 5611 1184 5666 omnia
1221 5615 1419 5670 saecula
1448 5594 1568 5669 fue-
1613 5662 1627 5680 .

79 5682 146 5746 τείν
175 5706 268 5749 lion
306 5696 475 5770 habet.
497 5698 1143 5769 principium'gtemporis.‘
1179 5700 1444 5771 'Avapxov
1485 5710 1567 5754 ta-

131 5864 189 5932 (α)
218 5869 358 5932 Cone.
395 5874 604 5954 Nie._'u,
629 5885 734 5932 act.
765 5882 821 5940 6,
849 5892 900 5944 p.
930 5879 1050 5934 498.

1678 4686 1766 4739 illa
1798 4684 2152 4742 similitudine
2187 4680 2324 4736 Deus
2356 4680 2423 4734 ab
2463 4688 2587 4735 ortu
2626 4682 2928 4750 appellatus
2959 4675 3229 4759 calicum-

1623 4770 1630 4776 ’
1676 4788 1866 4832 contra
1889 4776 2061 4846 angeli
2092 4782 2145 4830 et
2169 4774 2417 4831 homines
2444 4774 2744 4831 secundum
2769 4767 3003 4843 aliquam
3036 4772 3230 4828 similia-

1676 4869 1880 4924 tudinis
1925 4869 2188 4923 rationem
2233 4868 2306 4922 dii
2355 4873 2765 4938 nuncupentur-
2805 4862 3032 4919 Genitos
3062 4863 3269 4920 etiam.

1675 4960 1780 5015 dici
1827 4949 2000 5031 potest
2043 4968 2096 5014 et
2141 4960 2297 5015 debet
2342 4958 2536 5020 Filius,
2572 4959 2698 5028 quia
2742 4957 2846 5012 etsi
2889 4971 2996 5011 non
3037 4953 3226 5009 eadem

1623 5051 1626 5053 Α
1675 5071 1834 5126 quam
1866 5053 2023 5110 Pater
2055 5053 2412 5109 substantiam
2441 5053 2656 5112 habeat,
2689 5066 2751 5104 ex
2788 5048 3092 5105 substantia
3126 5046 3228 5100 Pa-

1674 5147 1774 5201 tris
1819 5160 1882 5201 eo
1926 5161 2032 5214 quo
2077 5160 2242 5215 supra
2291 5143 2523 5198 diximus
2571 5139 2731 5195 modo
2777 5139 3071 5210 productus
3119 5147 3221 5192 est.

1677 5238 1933 5294 Eternus
1972 5247 2146 5293 autem
2190 5253 2298 5292 non
2342 5243 2423 5292 est
2473 5233 2678 5297 Filius,
2725 5233 2819 5288 sed
2869 5243 2989 5292 ante
3035 5244 3225 5284 omnes

1675 5339 1951 5387 creaturas
1999 5333 2232 5401 genitus.
2283 5328 2434 5384 Hanc
2485 5327 2814 5398 ipsissimam
2849 5337 2968 5380 esse
3002 5321 3225 5377 Eusebii

1674 5425 1741 5480 de
1765 5423 1942 5480 Verbo
1971 5422 2271 5498 doctrinam
2301 5421 2504 5493 liquido
2533 5419 2939 5491 comprobatum
2971 5416 3224 5486 superius

1673 5525 1774 5573 est.
1808 5514 1959 5583 Quod
1986 5517 2032 5570 si
2061 5518 2115 5571 in
2142 5516 2230 5572 his
2259 5513 2527 5570 Eusebius
2554 5527 2736 5568 secum
2761 5522 3003 5581 pugnare
3029 5507 3227 5578 depre-

1673 5609 1936 5664 hendatur
1956 5649 1970 5672 ,
2014 5608 2067 5662 id
2097 5623 2226 5662 sane
2254 5606 2530 5678 proprium
2573 5601 2776 5674 erroris
2816 5608 2916 5664 est,
2948 5607 3007 5653 ut
3039 5598 3223 5656 comi-
3245 5623 3267 5689 ι.
3352 5669 3361 5680 ο

1673 5709 1815 5754 stere
1840 5714 1945 5754 non
1975 5698 2170 5763 valeat,
2201 5698 2415 5770 sibique
2442 5695 2543 5768 ipsi
2577 5692 2906 5749 adversetur.
