3928 6336
692 473 761 527 ιτ
1056 420 1059 427 ’
1396 459 1661 523 FUSEBII
1696 451 2166 515 cmsamunsxs
2200 449 2352 509 ore.
2393 450 2571 506 rans
2606 442 2694 508 tu.
2726 480 2797 492 -
2829 446 3231 507 exeamus.
3780 452 3864 511 “ta

692 607 815 661 XVI.
838 606 984 671 Egre
1018 600 1313 666 defenditur.
1351 590 1409 640 4-—
1431 600 1591 671 XVIl._
1634 595 1866 671 _Arianum
1908 593 2116 658 probant
2146 594 2245 640 tam
2274 593 2319 650 Α
2348 590 2503 645 libuit
2530 566 2813 645 desistere.
2845 587 2962 654 Qua
2994 588 3047 642 in
3081 603 3140 643 re
3169 588 3299 659 quid
3339 590 3541 646 certius
3579 574 3865 661 evangelica

1163 671 1321 729 gesta,
1338 677 1482 727 quam
1500 662 1696 722 scripta.

661 834 664 837 _
765 775 829 829 At
860 773 951 845 qui
983 776 1267 843 purgatum
1300 765 1589 822 Eusebium
1624 763 1830 826 volunt,
1856 776 1978 816 cum
2007 767 2239 821 veteres,

694 876 809 925 tum
836 865 1187 925 recentiores,
1218 861 1274 915 in
1294 858 1527 914 medium
1551 856 1669 926 ejus
1688 852 1830 911 dicta
1850 852 2099 915 aﬂ‘erunt,
2124 865 2243 920 quae

694 957 1019 1013 catholicum
1048 951 1321 1009 hominem
1353 948 1577 1020 arguere
1613 952 1887 1017 pugnant;
1931 940 2241 1012 hujusmo‘di

696 1058 845 1117 sunt,
873 1048 1018 1120 quod
1047 1046 1245 1102 dixerit
1264 1043 1356 1099 ille
1378 1058 1445 1121 ex
1480 1042 1608 1105 Deo,
1642 1051 1697 1097 et
1725 1055 1791 1095 ex
1820 1036 2122 1094 substantia
2148 1035 2241 1089 Dei

695 1140 1060 1205 esseFilium,
1086 1136 1231 1209 quod
1260 1151 1385 1192 vere
1408 1135 1575 1190 Deum
1608 1142 1661 1188 et
1702 1130 1950 1185 αὑτόοεον
1977 1128 2243 1201 praedica-

696 1235 855 1301 verit,
892 1216 1038 1303 quo!
1079 1236 1361 1288 aeternum.
1393 1226 1535 1297 quod
1564 1223 1864 1295 ὁμοούσιον,
1901 1221 2100 1292 quibus
2143 1233 2242 1273 nos

696 1324 971 1387 omnibus,
994 1323 1114 1392 ipso
1141 1318 1376 1376 Eusebio
1416 1318 1495 1372 usi
1526 1316 1840 1386 interprete,
1864 1309 2242 1383 jam'occurri-

696 1432 835 1473 mus.
861 1414 1057 1469 Verum
1080 1413 1194 1468 haec
1223 1410 1298 1464 illi
1327 1425 1393 1465 ex
1419 1408 1627 1463 arbitrii
1650 1406 1731 1462 sui
1763 1402 2049 1467 sententia,
2070 1416 2245 1471 neque

696 1525 763 1566 ex
791 1510 908 1579 ipsa
936 1505 1153 1561 Eusebii
1182 1510 1380 1567 mente,
1421 1500 1665 1572 pluribus
1697 1498 1752 1552 in
1790 1497 1925 1551 locis
1964 1508 2241 1565 expressa,

697 1597 1049 1669 comprobare
1080 1594 1184 1650 nisi
1214 1598 1343 1647 sunt
1376 1610 1389 1646 :
1422 1590 1511 1644 alii
1547 1602 1759 1660 quoque
1788 1586 2097 1656 interpretis
2124 1599 2245 1639 ver—

699 1690 851 1746 sione
883 1685 1109 1757 decepti,
1142 1699 1206 1740 e!
1233 1683 1386 1737 libris
1408 1679 1471 1735 de
1501 1676 1953 1734 Demonstratianc
1984 1681 2039 1730 et
2062 1682 2245 1726 contra

698 1779 1027 1843 Marcellum,
1055 1776 1243 1831 Latine
1273 1782 1480 1828 tantum
1504 1770 1678 1833 lectis,
1702 1768 1769 1823 ad
1793 1780 1909 1845 eam
1938 1765 2248 1849 opinionem

699 1876 1067 1932 accesserunt,
1089 1882 1216 1938 pars
1239 1864 1475 1919 Marcelli
1500 1861 1645 1915 dicta
1669 1873 1768 1929 pro
1787 1854 2107 1912 Eusebianis
2126 1853 2249 1908 sub—

2346 682 2613 749 cautione,
2635 679 2720 733 Ea:
2728 680 2982 749 fructibus
3004 697 3180 734 eorum
3201 683 3514 753 cognoscetis
3527 685 3648 739 eos!
3666 682 3863 754 (Matth.

2346 787 2441 835 vn,
2475 771 2585 843 16.)
2613 771 2772 828 Certe
2798 773 3095 827 secundum
3120 772 3388 828 Nicaenam
3412 774 3671 845 synodum
3700 773 3870 830 foven-

2345 862 2427 917 dae
2450 861 2714 932 Arianicae
2735 863 2812 918 rei
2840 862 2914 916 ita
2937 869 3084 917 totus
3110 863 3355 917 incubuit
3378 864 3487 927 ille,
3511 871 3570 918 ut
3593 863 3722 918 nihil
3747 881 3869 935 prie-

2345 956 2638 1012 termisisse
2669 956 2917 1011 videatur
2945 971 3054 1026 quo
3086 971 3144 1011 se
3171 956 3426 1010 Arianum
3460 956 3725 1027 proderet.

2932 1071 3156 1127 CAPUT
3195 1070 3306 1126 VII.

2346 1196 2411 1235 DE
2452 1195 2699 1244 EELIQUIS
2737 1197 2788 1236 IN
2825 1198 3012 1245 QUIBUS
3051 1199 3149 1237 νει.
3201 1200 3231 1237 Α
3271 1199 3388 1238 FIDE
3431 1196 3700 1237 ABERRARE
3736 1178 3870 1236 ViDE-

2416 1266 2521 1306 TUR
2557 1266 2808 1307 EUSEBIUS
2848 1270 2898 1307 IN
2936 1270 3021 1309 HIS
3057 1269 3469 1318 εοκιιιτυτλίιιιε,
3510 1268 3608 1307 νει.
3646 1268 3870 1307 ΕΣΡΙᾸΕΔ-

2418 1337 2576 1377 ΤΙΟΝΕ
2614 1338 2744 1385 OPUS
2781 1338 2972 1378 ΠΑΒΕΤ.
3426 1348 3437 1361 ⁹

2347 1430 2398 1486 Ι.
2440 1429 2708 1503 Eusebius
2737 1432 3035 1503 plerumque
3076 1451 3207 1498 sua,
3271 1450 3372 1489 non
3411 1432 3686 1496 Ecclesiae,
3737 1451 3870 1489 sensa

2416 1501 2599 1573 tradit.
2638 1500 2728 1573 Π.
2762 1504 2844 1557 Αη
2870 1500 3013 1572 neget
3044 1514 3312 1573 peccatum
3348 1505 3621 1573 originale,
3658 1513 3719 1559 et.
3737 1521 3799 1557 an
3828 1508 3870 1560 ia

2410 1571 2675 1644 dogmatis
2715 1571 3322 1644 exVOrig’ene'hauserit.
3382 1571 3499 1628 ΙΙΙ.
3529 1574 3611 1629 An
3655 1584 3794 1642 putet
3818 1574 3870 1628 B.

2428 1641 2691 1712 Virginem
2741 1643 2875 1697 alios
2911 1641 3069 1712 quam
3098 1643 3364 1699 Christum
3406 1644 3544 1712 ﬁlios
3589 1641 3870 1710 suscepisse.

2418 1711 2521 1766 IV.
2554 1711 2684 1765 Eam
2744 1730 2847 1766 non
2888 1711 3041 1783 quasi
3095 1729 3277 1783 suam,
3336 1711 3423 1767 sed
3475 1715 3626 1783 quasi
3670 1715 3869 1767 alienam

2333 1829 2336 1832 .
2416 1783 2721 1836 sententiam
2772 1782 2971 1835 attulit.
3030 1783 3091 1836 V.
3128 1782 3248 1836 Non
3275 1784 3459 1837 statuit
3488 1782 3621 1837 duas
3654 1785 3708 1837 in
3734 1784 3870 1839 Chri-

2418 1861 2497 1904 sto
2523 1867 2792 1924 personas.
2838 1850 2931 1906 VI.
2962 1851 3099 1919 Quid
3129 1852 3193 1906 de
3222 1853 3540 1921 confessione
3566 1865 3870 1924 peccatorum

699 1968 1007 2029 stitucntes,
1043 1923 1302 2016 ticiernum
1348 1958 1415 2011 ab
1457 1954 1686 2009 Eusebio
1723 1950 1917 2006 Filium
1965 1948 2247 2022 praedicari
2278 1945 2319 2000 Β
2419 1923 2656 1977 “"397"-

700 2055 945 2115 arbitrati
977 2060 1102 2110 sunt
1130 2070 1143 2105 :
1174 2050 1308 2106 nulli
1354 2048 1518 2103 hosce
1548 2043 1763 2099 Eusebii
1811 2040 2244 2098 Commentarios

696 2149 1077 2217 inspexerunt,
1100 2141 1190 2196 ubi
1211 2139 1383 2210 palam
1410 2138 1498 2192 ille
1519 2142 1750 2191 mentem
1776 2147 1927 2189 suam
1960 2131 2155 2202 aperit,
2190 2138 2245 2185 et

698 2237 918 2297 nonnisi
940 2239 1247 2303 comparate
1281 2228 1347 2283 ad
1374 2225 1620 2283 homines
1644 2222 1838 2278 Filium
1866 2222 2048 2275 vocari
2077 2220 2242 2274 Deum

699 2329 955 2386 insinuat.
996 2323 1108 2395 Ego
1136 2334 1265 2376 vero
1310 2333 1395 2374 me
1441 2314 1697 2387 proﬁteor
1728 2313 1832 2366 hac
1869 2311 1924 2365 in
1948 2309 2247 2380 quaestione

696 2421 831 2477 nihil
861 2396 1198 2490 pratjudicati
1232 2410 1497 2472 attulisse,
1538 2406 1633 2461 sed
1666 2417 1895 2476 pronum
1929 2416 2141 2472 semper
2177 2399 2245 2455 ad

697 2512 965 2567 mitiorem
996 2506 1272 2562 ferendam
1315 2500 1655 2560 sententiam,
1685 2494 1903 2551 Eusebii
1932 2495 2135 2565 scripta
2158 2508 2244 2550 as-

696 2602 850 2659 sidue
880 2598 1176 2660 lectitasse,
1206 2593 1536 2666 ponderasse
1566 2589 1711 2643 dicta
1743 2595 1798 2643 et
1831 2588 2147 2653 sententias,
2183 2602 2246 2640 ac

698 2694 912 2748 demum
951 2691 1029 2745 rei
1063 2687 1446 2758 perspicuitate
1473 2686 1695 2747 victum,
1732 2687 1923 2737 contra
1956 2677 2245 2736 Eusebium

697 2784 963 2840 calculum
1008 2782 1276 2853 posuisse.
1321 2778 1498 2841 Certe,
1545 2783 1603 2832 ut
1650 2775 1805 2831 initio
1853 2773 1987 2841 dixi,
2030 2771 2245 2828 Eusebii

697 2882 848 2946 gesta
897 2854 1020 2928 cum
1056 2865 1290 2941 'scriptis
1323 2869 1397 2923 ita
1428 2872 1764 2932 consonant;
1807 2870 1865 2918 ut
1912 2862 2041 2919 hinc
2083 2862 2246 2919 etiam

699 2964 945 3023 testatior
989 2964 1203 3033 animus
1240 2960 1614 3029 sententiaque
1660 2958 1807 3015 illius
1830 2957 2081 3011 omnibus
2126 2970 2247 3011 esse

697 3060 890 3116 valeat.
917 3057 999 3113 Ab
1023 3054 1248 3113 exordio
1270 3053 1413 3110 enim
1435 3051 1727 3106 Arianism‘i
1751 3050 1816 3105 ad
1846 3049 2051 3114 obitum
2075 3060 2247 3118 usque

696 3169 821 3210 cum
863 3149 1081 3207 Arianis
1118 3145 1545 3203 concordissime
1576 3143 1729 3209 vixit,
1777 3140 2023 3197 nascenti
2054 3138 2247 3195 haeresi

701 3260 895 3301 nomen
936 3244 1112 3309 dedit;
1161 3244 1216 3297 in
1247 3240 1460 3297 Nicaena
1509 3236 1736 3309 synodo,
1780 3242 2041 3307 quantum
2074 3232 2245 3296 licuit,

698 3333 994 3393 Catholicis
1021 3333 1264 3403 obstitit;
1307 3330 1403 3385 sed
1450 3328 1541 3398 qui
1580 3326 1821 3397 apprime
1848 3325 2070 3380 calleret
2118 3336 2251 3377 con-

699 3427 891 3485 cedere
936 3425 1185 3495 tempori,
1216 3423 1432 3479 demum
1465 3417 1632 3475 cessit
1668 3426 1725 3474 et
1766 3416 2091 3488 subscripsit
2124 3434 2137 3471 :
2171 3415 2252 3471 sic

697 3520 842 3577 enim
870 3517 1132 3573 suadebat
1156 3515 1335 3579 timor,
1366 3528 1474 3568 non
1496 3510 1738 3567 diuturni
1767 3510 2025 3580 magister
2049 3506 2208 3563 ollicii
2235 3528 2246 3562 :

703 3625 812 3683 qua
844 3609 989 3666 enim
1031 3613 1212 3663 mente
1237 3594 1291 3661 id
1323 3604 1513 3676 egerit,
1546 3603 1648 3660 sibi
1677 3600 1911 3657 subditis
1935 3599 2148 3673 populis
2170 3598 2252 3655 sic

696 3700 989 3766 enarravit,
1019 3706 1079 3753 ut
1108 3697 1209 3753 sibi
1251 3695 1480 3767 pristina
1509 3693 1806 3765 repetendi,
1837 3693 2013 3749 sicubi
2044 3692 2248 3755 liceret,

699 3791 905 3847 aditum
934 3786 1232 3859 reliquerit.
1268 3783 1388 3839 Non
1416 3784 1509 3839 diu
1540 3799 1668 3840 vero
1696 3792 1883 3855 postea
1921 3782 2041 3837 ﬁcte
2070 3796 2252 3837 recon-

701 3882 936 3937 ciliatam
970 3888 1117 3935 ‘cum
1170 3878 1466 3935 Catholicis
1509 3878 1741 3950 gratiam
1794 3875 2148 3943 disturbavit;
2193 3881 2253 3929 ut

704 3972 917 4031 nescias
941 3973 1134 4044 plusne
1167 3986 1344 4043 opera:
1375 3972 1431 4026 in
1458 3962 1706 4050 pellendo
1734 3969 2035 4025 Athanasio
2056 3982 2251 4038 posue-

698 4069 791 4135 rit,
837 4081 999 4139 quam
1036 4066 1091 4120 in
1132 4064 1465 4141 restituendo
1512 4064 1662 4119 Ario.
1704 4063 1903 4117 Contra
1942 4060 2251 4114 Marcellum

699 4160 1147 4231 intemperantior
1192 4157 1425 4213 fortasse
1470 4171 1634 4226 quam
1677 4156 1960 4221 debuerat,
1994 4169 2099 4208 non
2131 4152 2252 4222 plus

700 4253 769 4309 ad
800 4251 1223 4326 propulsandum
1255 4250 1425 4317 illum,
1466 4265 1628 4320 quam
1662 4248 1731 4321 ad
1762 4247 2073 4319 purgandos
2095 4246 2252 4300 Aria-

676 4359 893 4415 norum
924 4342 1287 4413 primipilares
1314 4341 1556 4412 scripsit.
1584 4338 1877 4395 Historiam
1910 4336 2137 4395 Nicamae
2163 4351 2252 4409 sy-

698 4438 825 4493 nodi
858 4436 978 4493 fuse
1015 4437 1276 4501 narravit,
1318 4443 1371 4491 et
1421 4434 1577 4506 quasi
1624 4448 1720 4503 per
1762 4431 2250 4486 dissimulationem

700 4526 1003 4598 ignorandi,
1034 4526 1163 4597 quia
1208 4536 1481 4597 gestorum
1513 4522 1688 4596 pudor
1718 4522 1994 4584 silentium
2021 4524 2252 4593 impera-

2344 2033 2380 2083 l.
2411 2032 2653 2084 Eusebius
2669 2034 2961 2096 plerumque
2984 2047 3087 2091 sua,
3129 2047 3228 2083 non
3274 2032 3525 2093 Ecclesia),
3562 2046 3706 2084 sensa
3731 2032 3870 2083 tradit

2411 2136 2547 2192 Cum
2582 2136 2715 2206 quis‘
2741 2152 2807 2193 eo
2842 2136 3056 2192 devenit
3091 2146 3149 2191 ut
3181 2135 3303 2193 ﬁdei
3330 2137 3578 2207 dogmata
3613 2152 3676 2193 ex
3704 2137 3869 2207 judici

2340 2227 2425 2281 sui
2490 2228 2715 2282 arbitrio
2753 2226 3016 2293 deﬁniat,
3056 2243 3119 2282 ac
3154 2230 3267 2284 sive
3298 2244 3365 2285 ex
3398 2228 3743 2298 praejudicata
3782 2232 3865 2300 opi

2343 2319 2521 2383 nione,
2551 2321 2663 2375 sive
2689 2336 2755 2376 ex
2782 2320 2971 2376 alfectu
3003 2323 3343 2393 partiumque
3374 2322 3572 2390 studio,
3595 2320 3870 2376 divinarum

2343 2425 2523 2465 rerum
2560 2413 2971 2482 explicationem
3017 2413 3392 2485 aggrediatur,
3434 2414 3570 2469 nihil
3607 2415 3803 2467 mirum
3850 2430 3870 2468 s

2344 2502 2654 2573 frequenter
2701 2505 2913 2560 aberret
2955 2525 2967 2559 :
3007 2506 3184 2560 omnia
3239 2509 3435 2577 quippe
3489 2513 3614 2562 sunt
3670 2506 3870 2561 incerta

2342 2611 2466 2650 cum
2523 2596 2686 2651 semel
2757 2597 2825 2652 ab
2878 2596 3129 2653 Ecclesiae
3188 2599 3404 2653 statutis
3445 2598 3747 2653 discessum
3795 2608 3870 2652 est

2342 2685 2476 2744 Nam
2512 2687 2634 2743 cum
2668 2701 2866 2743 arcana
2897 2688 3121 2746 Deitatis
3154 2698 3207 2747 et
3243 2690 3540 2762 religionis,
3571 2691 3637 2746 ab
3663 2690 3870 2746 humani

2345 2797 2508 2836 sensu
2554 2782 2939 2844 remotissima,
2977 2782 3184 2838 Numen
3222 2784 3397 2854 ipsum
3442 2783 3744 2849 tradiderit,
3775 2797 3870 2837 non

2351 2874 2457 2928 nisi
2512 2873 2753 2943 ejusdem
2813 2872 3061 2930 Numinis
3096 2890 3197 2945 ope
3246 2881 3300 2929 et
3335 2874 3517 2931 aﬂlatu
3568 2889 3631 2930 ea
3674 2889 3870 2946 possun

2344 2964 2603 3034 explicari
2646 2979 2711 3020 ac
2748 2974 2894 3020 recte
2933 2966 3135 3036 percipi
3174 2982 3187 3017 :
3224 2980 3289 3020 ac
3342 2981 3467 3020 cum
3524 2965 3619 3020 uni
3645 2965 3870 3020 Ecclesia

2344 3056 2655 3110 earumdem
2701 3072 2885 3111 rerum
2928 3045 3216 3113 arbitrium
3247 3056 3390 3117 Deus
3424 3058 3767 3127 permiserit,
3801 3058 3870 3126 ips

2346 3146 2446 3202 soli
2486 3146 2673 3201 eadem
2700 3148 3011 3216 explananti
3044 3163 3103 3203 se
3144 3147 3456 3203 adfuturum
3497 3148 3777 3217 pollicitus
3801 3156 3870 3202 est

2350 3234 2493 3290 Nihil
2535 3237 2717 3306 itaque
2758 3237 3000 3294 insolens
3024 3246 3128 3302 est,
3157 3240 3205 3295 si
3235 3238 3641 3309 Eusebius,.;qui
3669 3241 3870 3311 plerum

2352 3343 2456 3399 que
2484 3327 2885 3397 Scripturarum
2920 3339 2974 3385 et
3005 3328 3260 3386 Ecclesia:
3285 3330 3536 3401 dogmata
3561 3348 3625 3387 ex
3661 3345 3870 3388 sensut

2352 3422 2606 3492 opinione
2637 3437 2735 3486 sua
2775 3422 3045 3478 :estimare
3078 3437 3244 3479 ausus
3275 3430 3377 3490 est,
3409 3424 3463 3478 in
3498 3423 3686 3479 multis
3722 3425 3870 3494 lapsu

2352 3516 2440 3570 sit.
2484 3514 2549 3571 Et
2591 3514 2699 3583 jam
2734 3516 2950 3586 quidem
2988 3516 3106 3587 ejus
3130 3515 3388 3573 deVerbo
3413 3515 3511 3573 Dei
3550 3526 3815 3581 mentem,
3844 3532 3870 3570 e

2351 3607 2593 3677 ejusdem
2641 3607 2862 3663 Eusebii
2912 3608 3163 3679 scriptis,
3224 3609 3423 3665 Ariana
3483 3609 3603 3665 labe
3659 3610 3870 3664 vitiata)

2352 3702 2933 3767 commonstravimus;
2971 3709 3217 3772 superest
3249 3710 3308 3756 ut
3337 3712 3532 3758 caetera
3560 3701 3870 3757 Comment:

2350 3796 2555 3851 riorum
2590 3797 2727 3860 loca,
2763 3795 2853 3849 ubi
2884 3794 2966 3848 vel
2995 3794 3323 3861 heterodoxa
3353 3794 3437 3848 vel
3459 3800 3717 3863 suspecta
3745 3792 3869 3848 trad

2351 3888 2498 3945 disse
2527 3888 2759 3953 videtur,
2788 3885 3026 3940 breviter
3063 3883 3450 3955 expendamus.

2354 3996 2412 4047 ll.
2457 3996 2534 4045 An
2559 3999 2714 4057 neget
2751 3978 3003 4060 peccatum
3035 3992 3417 4060 originale._An
3459 3993 3509 4042 id
3551 3993 3804 4057 dogmatis
3851 4005 3870 4042 ε

2882 4053 3099 4116 Origene
3120 4055 3365 4107 hauserit.

2420 4159 2706 4216 Peccatum
2750 4161 3034 4231 originale,
3062 4160 3176 4216 sive
3196 4161 3409 4230 culpam
3447 4161 3517 4215 ab
3538 4160 3791 4218 humano
3827 4176 3870 4227 gi

2352 4267 2481 4307 nere
2521 4268 2586 4308 ex
2617 4250 2807 4307 Adami
2845 4253 2997 4324 lapsu
3039 4258 3394 4317 contractam”,
3442 4268 3642 4325 negare
3678 4268 3869 4324 prorSi

2351 4338 2564 4399 videtur
2612 4342 2880 4400 Eusebius
2946 4346 3013 4400 ad
3074 4345 3268 4416 psalm.
3314 4361 3505 4409 xnvm,
3566 4343 3599 4398 6
3634 4344 3807 4399 :‘Cur
3848 4354 3869 4395 t:

2352 4422 2497 4487 mebo
2529 4433 2583 4487 in
2605 4432 2688 4488 die
2715 4434 2895 4491 mala?
2930 4433 3190 4505 Iniquilas
3222 4434 3455 4489 calcanei
3483 4435 3581 4489 mei
3606 4432 3870 4488 circumdt

2351 4525 2426 4579 bit
2469 4541 2549 4580 me
2584 4544 2603 4582 :
2648 4526 2737 4582 ubi
2784 4527 2864 4583 sic
2896 4527 3057 4582 habet
3087 4544 3099 4581 :
3124 4527 3187 4580 Et
3213 4525 3268 4580 δὲ
3298 4526 3582 4597 πρόσωπον
3612 4528 3828 4597 Κυρίου
3860 4543 3870 4557 η

698 4618 813 4681 bat,
845 4632 915 4672 ne
942 4618 1164 4673 verbum
1194 4618 1411 4686 quidem
1452 4614 1579 4672 fecit
1611 4614 1679 4670 de
1708 4614 1839 4669 Ario
1873 4622 1927 4670 et
1956 4615 2024 4669 de
2048 4613 2248 4667 Ariana

2352 4616 2527 4687 λέγον,
2561 4618 2795 4691 πτέρναν
2827 4618 2990 4673 αὐτοῦ
3024 4618 3189 4691 εὕρῃς
3213 4619 3304 4672 τὸν
3335 4619 3556 4688 ἔσχατον
3583 4617 3680 4671 τοῦ
3721 4617 3870 4687 σῶμα

701 4710 893 4765 haeresi
926 4707 1109 4779 :quod
1140 4707 1365 4777 perinde
1388 4716 1472 4763 est
1500 4721 1563 4762 ac
1594 4706 1640 4762 si
1663 4706 1787 4777 quis
1805 4703 2133 4760 Tridentinis
2164 4719 2255 4775 sy-

700 4800 830 4857 nodi
865 4799 1148 4855 historiam
1190 4806 1399 4861 texens,
1432 4797 1499 4854 de
1526 4797 1849 4869 quibusdam
1881 4800 1944 4851 ὲκ
1976 4798 2252 4869 παρέργου

698 4893 865 4966 gestis
892 4898 1092 4961 ageret,
1124 4890 1191 4946 de
1221 4889 1458 4944 Luthero
1487 4889 1641 4945 nihil.
1689 4888 1745 4945 Si
1787 4905 1909 4945 cum
1943 4890 2140 4945 talibus
2162 4904 2257 4960 ge-

703 4984 956 5041 stis'talia
984 4983 1317 5054 scriptanon
1345 4981 1529 5037 obsint
1560 4981 1849 5051 quominus
1873 4981 2139 5037 Eusebius
2164 4995 2256 5034 ca-

702 5078 938 5133 tholicus
978 5066 1192 5132 dicatur
1228 5090 1349 5131 meo
1394 5073 1655 5147 periculo,
1697 5089 1857 5128 nemo
1889 5090 2125 5145 unquam
2156 5072 2256 5127 fuit

702 5176 795 5222 aut
827 5166 1043 5221 futurus
1079 5176 1181 5231 est,
1226 5167 1355 5237 quin
1387 5164 1707 5221 Eusebianis
1736 5163 2136 5221 conditionibus
2166 5178 2256 5215 or—

700 5258 975 5315 thodoxus
1005 5256 1112 5311 dici
1137 5258 1332 5317 valeat.
1362 5255 1505 5312 Nihil
1527 5271 1707 5312 moror
1727 5272 1821 5313 eos
1847 5258 1939 5327 qui
1962 5255 2255 5311 Eusebium

702 5359 827 5407 ante
854 5350 1127 5409 Nicienam
1164 5349 1381 5417 quidem
1413 5350 1677 5421 synodum
1718 5348 1971 5404 Arianice
2017 5347 2257 5422 sensisse

702 5457 767 5497 ac
793 5442 1082 5512 scripsisse
1116 5439 1372 5519 fatentur,
1396 5452 1584 5511 postea
1605 5456 1732 5498 vero
1752 5456 1955 5497 secus:
1986 5456 2109 5496 nam
2130 5454 2255 5494 cum

704 5535 823 5590 sine
849 5534 1223 5590 controversia
1252 5534 1351 5589 hos
1383 5532 1815 5590 Commentarios
1847 5542 1901 5590 et
1929 5534 2098 5590 libros
2118 5532 2258 5588 Con-

705 5636 791 5681 tra
821 5623 1150 5692 Marcellum,
1177 5626 1321 5681 unde
1343 5627 1658 5697 perspicuas
1687 5636 1740 5684 et
1764 5626 2074 5697 frequentes
2102 5626 2257 5679 Aria-

702 5720 867 5774 nismi
919 5726 1077 5774 notas
1128 5718 1391 5784 eruimus,
1440 5719 1597 5789 longe
1639 5728 1763 5791 post
1800 5720 1944 5774 illam
1988 5718 2254 5791 synodum

702 5808 954 5873 ediderit,
1005 5809 1214 5865 inutilis
1264 5825 1489 5878 prorsus
1526 5811 1616 5865 illa
1663 5810 1940 5869 distinctio
1987 5830 2001 5866 :
2038 5826 2162 5864 nam
2197 5820 2257 5865 ut

703 5912 830 5953 vere
856 5897 923 5953 de
944 5895 1175 5957 Eusebio
1197 5898 1426 5965 dicatur,
1461 5915 1559 5956 nec
1589 5902 1841 5971 paenituit
1873 5902 2128 5973 coepisse,
2154 5916 2255 5958 nec

2354 4728 2443 4774 τος
2502 4712 2595 4765 καῖ⁵
2639 4715 2705 4783 τῇ
2746 4714 2817 4782 γῇ
2849 4710 3228 4781 πλησιάζοντα
3293 4708 3486 4765 Ἰούδαν
3510 4726 3523 4738 ·
3590 4708 3755 4780 σῶμα
3811 4709 3870 4776 γᾶ

2354 4803 2558 4873 Kuplou
2600 4804 2649 4856 οἱ
2688 4802 2993 4856 ἀπόστολοι.
3040 4803 3114 4856 Οὐ
3158 4800 3426 4871 φοϐοῦμαι
3476 4792 3568 4851 οὖν
3602 4797 3702 4869 τὴν
3747 4793 3870 4850 Ἰούὶ

2356 4893 2639 4963 προδοσίαν
2687 4894 2743 4946 ὲν
2794 4890 2871 4961 τῷ
2925 4891 3095 4964 καιρῷ
3150 4887 3241 4944 τοῦ
3295 4884 3561 4957 σταυροῦ·
3598 4885 3725 4938 ἐπεὶ
3783 4888 3870 4955 μηδ

2355 4980 2579 5045 ἕκαστος
2608 4981 2706 5051 τὴν
2732 4978 2823 5032 τοῦ
2856 4979 3022 5051 Ἀδὰμ
3046 4977 3349 5049 παρακοήνο
3384 4974 3587 5044 ταύτην
3635 4973 3751 5044 γὰρ
3815 4974 3870 5024 ὑπ

2355 5071 2649 5145 ῃνιξὰμεοα
2678 5070 2906 5141 πτέρναν
2923 5052 3159 5139 ⁵ἀνομίας
3192 5061 3354 5119 εἶναιε
3381 5063 3565 5128 Οὐδεὶς
3590 5065 3700 5133 γὰρ
3729 5065 3802 5118 δι’
3830 5066 3869 5118 ἄ]

2356 5165 2445 5219 λου
2477 5165 2671 5219 κακίαν
2702 5164 3135 5226 καταδικάζεται,
3155 5159 3207 5213 id
3234 5166 3316 5213 est
3336 5175 3349 5210 :
3370 5157 3428 5213 Si
3453 5174 3674 5227 persona
3696 5157 3870 5215 Domi.

2355 5268 2432 5312 est
2462 5274 2577 5330 qum
2619 5257 2865 5327 loquitur,
2925 5255 3230 5309 calcaneum
3260 5239 3371 5321 ejus
3403 5250 3765 5321 deprehendas
3809 5269 3863 5307 es

2354 5351 2572 5414 Judam,
2604 5350 2693 5420 qui
2721 5350 2936 5404 ultimus
2966 5347 3020 5399 in
3052 5361 3284 5415 corpore,
3312 5355 3361 5399 et
3395 5353 3546 5398 terra:
3572 5345 3870 5413 propinqui.

2354 5453 2489 5500 erat.
2509 5441 2651 5496 Nam
2682 5457 2865 5511 corpus
2885 5437 3097 5493 Domini
3142 5446 3263 5492 sunt
3294 5436 3534 5506 apostoli.
3599 5433 3728 5489 Non
3765 5437 3870 5507 tim

2356 5539 2530 5608 itaque
2546 5523 2714 5590 ludat
2733 5532 3074 5605 proditionem
3108 5532 3165 5587 in
3196 5543 3427 5600 tempore,
3440 5527 3609 5583 crucis
3634 5544 3653 5581 :
3673 5526 3870 5597 quando

2354 5627 2559 5698 quidem
2586 5643 2745 5697 neque
2775 5623 2969 5694 singuli
2990 5623 3219 5678 homines
3244 5621 3436 5678 Adami
3468 5616 3870 5686 inobsequentia

2356 5722 2536 5774 timere
2580 5718 2765 5773 debent
2802 5736 2818 5775 :
2851 5716 2987 5770 hanc
3030 5718 3216 5787 quippe
3268 5713 3572 5767 calcaneum
3614 5709 3870 5781 iniquitat

2355 5828 2465 5867 esse
2505 5809 2973 5865 subindicauimus.
3043 5807 3208 5863 Nemo
3257 5807 3395 5859 enim
3435 5816 3644 5873 propter
3695 5804 3870 5857 alteri

2357 5904 2640 5976 nequitiam
2682 5901 3075 5958 condemnatur.
3113 5899 3216 5957 Ubi
3249 5897 3422 5953 innuit
3454 5895 3567 5961 ille,
3600 5908 3712 5950 non
3745 5909 3870 5966 mag
