3956 6340
163 368 219 421 5.1

162 475 384 531 Ecclesia
409 478 769 544 consuetudo,
798 479 930 535 ritus
956 497 1094 535 unus
1117 482 1296 544 fuerit,
1327 483 1380 534 in
1420 481 1484 534 iis
1506 489 1680 534 tamen
1719 493 1751 542 λ

161 585 260 640 qua
279 572 338 625 ad
368 582 649 626 externum
699 563 902 629 morem
960 576 1304 644 minoresque
1342 574 1694 627 caeremonias

162 664 419 732 pertinent,
468 671 523 718 et
551 673 853 734 temporum
894 675 946 719 et
993 666 1231 720 locorum
1271 665 1692 718 consuetudines

161 754 300 808 varia
342 753 721 819 observantur,
761 771 880 825 quae
932 757 1138 811 scilicet
1188 763 1439 826 possunt,
1488 756 1690 808 illibata

159 848 450 904 Christiana
467 849 754 920 religione,
778 851 992 904 mutari.

309 961 461 1011 ll;‘De
487 963 811 1017 conventibus
839 965 1222 1015 Christianorum
1246 967 1512 1014 matutinis.

218 1063 356 1132 Quod
408 1067 650 1138 plerique
690 1069 991 1138 priscorum
1059 1069 1311 1124 Ecclesiae
1361 1069 1686 1138 scriptorum

157 1157 358 1211 tradunt
381 1157 449 1213 de
479 1162 838 1216 conventibus
881 1160 1314 1214 Christianorum
1351 1162 1406 1214 in
1431 1161 1684 1224 ecclesia,

156 1249 407 1304 Dominica
436 1251 524 1305 die
543 1253 804 1324 celebrari
836 1251 1031 1312 solitis,
1064 1252 1237 1318 deque
1272 1254 1412 1308 sacri
1442 1253 1686 1322 corporis

155 1343 335 1424 Christi
356 1344 552 1399 ibidem
578 1345 776 1399 usitata
825 1347 1194 1412 comestione;
1253 1346 1306 1400 id
1339 1346 1601 1402 Eusebius
1633 1348 1683 1401 in

155 1434 302 1488 variis
330 1433 515 1489 horum
548 1436 1062 1491 commentariorum
1090 1437 1226 1493 locis
1258 1454 1357 1492 nec
1391 1440 1567 1494 obiter
1592 1454 1686 1494 ex-

154 1525 318 1594 plicat.
352 1524 409 1581 In
433 1542 584 1580 more
634 1526 832 1597 quippe
865 1537 995 1582 tunc
1029 1537 1165 1593 erat,
1199 1540 1257 1585 ut
1295 1529 1576 1586 Dominica
1597 1532 1684 1588 die

152 1617 425 1673 Christiani
450 1632 639 1674 omnes
669 1627 918 1675 exortum
947 1621 1078 1677 solis
1096 1629 1496 1677 antevet'terent
1521 1631 1574 1677 et
1617 1625 1681 1679 ad

157 1708 419 1763 ecclesiam
475 1712 999 1778 properarentnubi
1055 1713 1348 1767 matutinos
1386 1701 1683 1768 conventus

151 1801 404 1856 exoriente
431 1800 550 1854 luce
606 1817 713 1855 una
769 1804 942 1857 coacti
1004 1803 1488 1869 celebrabant;ut,
1515 1804 1568 1856 in
1597 1803 1683 1860 die

152 1893 510 1948 resurrectiOni
565 1893 778 1950 Domini
813 1902 1154 1958 consecrata.
1201 1911 1359 1951 sacro
1417 1895 1680 1951 Domi'nici

149 1987 372 2056 corporis
397 1987 519 2040 cibo
551 1987 740 2041 refecti
766 2029 778 2051 ,
826 1989 1017 2058 pignus
1052 1987 1244 2042 futura:
1261 1997 1313 2042 et
1351 1988 1598 2058 gloriosae
1627 1989 1681 2042 in

149 2093 295 2131 carne
317 2077 732 2133 resurrectionis
779 2081 1124 2148 acciperent:
1173 2093 1386 2148 unoque
1416 2088 1682 2134 concentu

151 2170 298 2223 Deum
328 2177 378 2225 et
404 2170 680 2225 Christum
731 2173 1087 2233 celebrarent,
1116 2187 1212 2241 pro
1247 2173 1404 2227 bouis
1446 2175 1683 2244 acceptis

152 2255 334 2328 gratias
389 2267 630 2328 agerent,
683 2275 780 2330 pro
827 2263 1152 2320 necessariis
1181 2272 1292 2315 tum
1338 2263 1532 2319 animae
1567 2273 1680 2319 tum

148 2351 359 2409 corpori.
400 2349 568 2405 Deum
627 2346 824 2406 obnixe
873 2362 1246 2422 precarentur.
1281 2355 1353 2408 De
1387 2355 1471 2410 his
1501 2356 1682 2426 itaque

146 2443 481 2497 conventibus
538 2443 650 2494 haec
702 2441 862 2495 habet
908 2438 1172 2494 Eusebius
1239 2440 1291 2492 in
1355 2443 1487 2507 psal.
1546 2454 1674 2500 ιιι.

143 2550 264 2589 vers.
304 2535 371 2589 50
415 2553 427 2586 :
462 2551 480 2583 ι
529 2531 977 2586 Manducaverunt
1017 2541 1066 2584 et
1106 2533 1454 2585 adoraverunt
1502 2547 1675 2587 omnes

141 2624 332 2693 pingues
360 2634 530 2686 terra,
559 2632 606 2675 et
633 2625 688 2677 in
715 2634 985 2693 conspectu
1011 2622 1124 2691 ejus
1144 2621 1348 2687 cadent,
1370 2630 1474 2677 etc.
1506 2641 1524 2673 ι
1553 2620 1677 2676 δὲηα-

145 2708 264 2776 guiis
302 2709 700 2764 resurrectionis
749 2709 1043 2764 Saluatoris
1091 2713 1258 2765 nostri
1305 2703 1522 2778 diebus,
1564 2731 1682 2784 qua:

145 2788 407 2853 Dominicis
427 2810 701 2862 vocantur,
747 2801 876 2867 ipsis
910 2800 1076 2855 oculis
1117 2817 1325 2855 cernere
1362 2813 1449 2855 est-
1482 2817 1568 2856 eos
1592 2804 1680 2872 qui

144 2905 328 2942 sacrum
349 2889 516 2943 cibum
545 2899 594 2943 et
617 2888 885 2952 Salutare,
930 2889 985 2943 id
1027 2899 1105 2942 est
1148 2889 1442 2945 Saluatoris
1493 2907 1679 2958 corpus

143 2980 402 3048 accipiunt,
425 2989 541 3048 post
560 2982 730 3048 ipsum
749 2997 894 3059 esum
914 2981 1103 3050 viviﬁci
1123 2981 1357 3035 alimenti
1380 2983 1700 3059 largitorem

140 3082 183 3124 et
200 3086 421 3139 promum
440 3071 684 3137 adorare,
708 3055 1063 3144 atquimirari
1083 3074 1351 3128 verborum
1370 3055 1677 3144 huiusmodi

140 3171 460 3229 mtum,-ac
484 3179 539 3217 re
563 3175 727 3234 gesta,
771 3164 942 3233 quoad
985 3153 1288 3234 planiorem.
1325 3165 1452 3220 dicti
1473 3176 1678 3222 senten-
1705 3195 1744 3249 ε

143 3255 553 3323 τίωνέηψιειωη
594 3256 918 3310 vaticinium.
947 3255 1078 3322 Quae
1109 3268 1288 3313 autem
1315 3259 1459 3326 quod
1498 3259 1563 3314 ad
1605 3261 1678 3313 ri-
1709 3299 1716 3303 -

140 3352 240 3398 tum
263 3349 577 3400 exteriorem
617 3346 706 3398 illa
747 3346 992 3401 adoratio
1043 3357 1208 3412 esset,
1245 3349 1346 3416 sic,
1376 3353 1564 3419 paucis
1593 3351 1678 3404 in-

139 3435 410 3504 terpositis,
437 3437 675 3504 explicat
703 3453 716 3486 :
747 3455 764 3486 ι
815 3435 879 3488 1η
903 3448 1178 3505 conspectu
1201 3440 1313 3506 ejus
1333 3440 1521 3494 cadent
1565 3459 1678 3495 om-

138 3542 215 3582 nes
236 3526 318 3595 qui
337 3525 649 3579 descendunt
681 3525 734 3577 in
765 3535 957 3579 terram
982 3546 997 3581 :
1031 3547 1048 3574 ι
1073 3544 1167 3595 pro
1195 3546 1295 3598 quo
1314 3530 1529 3600 Aquila,
1559 3552 1575 3583 ‹
1613 3532 1677 3585 In

138 3618 318 3672 cultum
338 3618 451 3687 ejus
486 3618 692 3687 ﬂectant
719 3636 772 3672 se
797 3637 973 3673 omnes
1002 3623 1090 3689 qui
1131 3621 1445 3675 descendunt
1489 3625 1542 3677 in
1568 3627 1678 3691 pul-

137 3726 302 3765 verem.
334 3730 350 3762 ι
378 3709 537 3776 Queis
564 3712 839 3780 manifeste
870 3728 1070 3780 eorum,
1121 3715 1210 3782 qui
1236 3715 1286 3766 in
1331 3714 1549 3767 ecclesia
1583 3715 1678 3770 Dei

134 3819 282 3871 genua
302 3803 535 3872 ﬂectunt,
559 3820 753 3857 morem
776 3805 1052 3858 declarat:
1101 3805 1172 3858 ibi
1201 3807 1340 3859 enim
1383 3823 1549 3877 genua
1581 3808 1677 3877 ﬂe-

134 3905 330 3960 ctentes,
358 3907 513 3966 atque
539 3897 799 3965 frontibus
825 3900 933 3951 suis
964 3907 1116 3953 terra:
1140 3899 1513 3965 incumbentes,
1541 3901 1678 3954 hunc

132 3985 368 4042 adorandi
401 3989 561 4040 ritum
583 3997 809 4042 servant.
852 3988 940 4039 Ἐν
1035 3990 1231 4056 γόνατα
1257 3991 1551 4055 κλίναντες,
1583 3993 1676 4045 καὶ

130 4073 189 4126 τὰ
209 4074 420 4144 μέτωπα.
449 4077 528 4138 εις
548 4076 650 4146 γῆν
667 4075 989 4147 ἐρείσαντες,
1007 4077 1192 4130 τοῦτον
1214 4085 1532 4152 προσκυνεῖν
1561 4081 1677 4134 Sid)-

131 4165 240 4218 θσσι
269 4164 355 4217 τὸν
377 4165 592 4235 τρόπον.
621 4163 696 4218 De
722 4166 1002 4220 matutinis
1027 4167 1154 4221 item
1176 4173 1528 4228 conventibus
1544 4175 1671 4244 agit,

129 4257 251 4325 psal.
270 4271 536 4320 va,vers.
561 4253 676 4320 6,et
702 4271 852 4318 Lvut,
879 4258 969 4311 ubi
998 4274 1170 4327 genua
1195 4260 1444 4319 ﬂectendi
1472 4281 1672 4320 morem

132 4348 554 4418 antiquissimum
614 4347 852 4402 declarat
884 4365 895 4400 :
924 4351 1315 4418 procumheudi
1363 4357 1498 4411 item
1540 4374 1671 4412 con-

133 4439 476 4505 suetudinem,
500 4439 584 4494 vel
612 4439 802 4510 primis
831 4440 1089 4498 Ecclesiae
1129 4446 1345 4499 saeculis
1389 4456 1668 4512 statutam,

899 363 1397 419 COMMENTARIA
1442 363 1507 418 ΙΝ
1545 363 1964 418 PSALMOS.-——
2006 364 2539 419 PR.-ELI.\HNARIA.

3282 366 3348 415 54

1786 483 2184 553 κεχῳρημένωςι
2207 482 2495 545 ἰδιάζοντας
2522 483 2855 551 προσκυνεῖν,
2871 480 2980 532 ἀλλ’
3002 480 3348 542 ἀπαντῶντας

1796 577 1874 636 εἰς
1895 576 1990 644 τὴν
2009 574 2298 644 ἐκκλησίαν
2325 575 2508 638 αὐτοῦ,
2543 575 2591 628 id
2613 582 2695 628 est
2719 593 2729 626 :
2761 571 2876 626 Non
2903 573 3008 625 vult
3045 574 3180 626 enim
3202 583 3352 626 extra

1793 666 2265 735 ecclesiam,neque
2289 668 2342 720 in
2384 683 2586 721 secessu
2629 674 2850 720 semotas
2897 665 3122 718 adorare
3146 667 3348 734 ipsum;

1793 757 1882 809 sed
1904 755 2143 810 accedere
2156 757 2303 825 jubet
2356 756 2424 809 ad
2467 759 2739 812 ecclesiam
2789 775 2963 810 suam.
3003 754 3351 824 ldipsumque

1791 847 2034 908 Basilius
2075 850 2234 902 habet
2287 849 2340 901 iu
2407 849 2652 903 eumdem
2721 849 3008 917 psalmum,
3063 846 3208 899 hom.
3258 845 3347 904 28,

1790 956 1842 1008 p.
1868 941 1958 994 18l
1997 962 2017 1002 ε,
2047 939 2186 1004 Ἐξω
2207 939 2480 1006 τῆςὰγίας
2511 939 2676 1006 αὐλῆς
2713 940 2770 989 οὐ
2799 938 2902 1009 χρὴ
2937 939 3252 1007 προσκυνεῖν
3276 936 3352 1004 τῷ

1790 1032 1993 1101 Κυρίῳ,
2038 1030 2148 1083 ἀλλ’
2176 1029 2321 1101 ξνδον
2367 1028 2651 1099 γενόμενον
2678 1045 2688 1078 :
2718 1028 2771 1082 id
2810 1036 2892 1082 est
2938 1047 2949 1080 :
2986 1026 3106 1079 Non
3153 1034 3350 1092 oportet

1787 1122 2078 1189 quempiam
2105 1129 2257 1172 extra
2305 1120 2512 1172 sacram
2555 1117 2732 1170 aulam
2780 1115 3002 1169 adorare
3044 1115 3342 1178 Dominum,

1787 1213 1876 1268 sed
1906 1214 2045 1266 intus
2069 1213 2314 1281 positum.
2341 1209 2407 1263 At
2439 1227 2597 1266 nemo
2611 1227 2790 1265 rerum
2816 1226 3095 1265 sacrarum
3123 1210 3205 1264 vel
3237 1225 3352 1263 me-

1786 1306 2043 1362 diocriter
2072 1305 2276 1374 peritus
2308 1305 2541 1374 ignorat,
2568 1304 2706 1358 hanc
2730 1303 2996 1373 praecipito
3042 1318 3194 1356 novre
3215 1301 3349 1370 legis

1785 1405 2068 1460 tesseram,
2118 1397 2222 1450 hoc
2276 1395 2605 1459 institutum,
2641 1393 2785 1447 hanc
2823 1395 3117 1447 solemnem
3145 1391 3343 1446 Christi

1785 1490 2084 1545 doctrinam
2130 1504 2272 1552 esse,
2315 1487 2458 1557 quod
2501 1486 2642 1542 Deus
2691 1487 2888 1556 ubique
2928 1484 3236 1539 adorandus
3279 1484 3351 1538 sit

1785 1579 1836 1632 in
1859 1580 2046 1649 spiritu
2068 1589 2114 1633 et
2139 1579 2354 1633 veritate
2382 1593 2398 1631 :
2429 1592 2604 1648 neque
2639 1577 2704 1631 ad
2733 1593 2850 1632 eam
2878 1592 2991 1633 rem
3024 1590 3248 1632 necesse
3278 1575 3350 1631 sit

1785 1672 2118 1741 assignatum
2169 1671 2477 1741 quempiam
2509 1670 2659 1724 adire
2701 1670 2916 1736 locum;
2971 1671 3348 1738 sed'quisque

1786 1766 2035 1834 privatim
2059 1766 2203 1819 hunc
2227 1765 2430 1819 cultum
2477 1765 2782 1834 persolvere
2811 1764 2983 1834 possit
3033 1778 3094 1815 ac
3133 1763 3344 1816 debeat.

1714 1843 1754 1897 Β
1782 1856 1894 1911 Cur
1908 1872 2037 1928 ergo
2060 1857 2160 1911 viri
2187 1856 2433 1910 doctrina
2466 1857 2727 1926 insignes,
2766 1855 2995 1910 Basilius
3036 1851 3263 1922 Magnus
3293 1859 3349 1906 et

1785 1946 2075 2011 Eusebius,
2105 1947 2180 2002 ah
2201 1947 2508 2017 huiusmodi
2539 1949 2708 2008 cultu,
2755 1947 2849 2014 qui
2881 1946 2948 2000 ab
2981 1947 3099 2016 ipso
3127 1943 3345 1998 Christo

1783 2038 2019 2094 traditus
2050 2045 2102 2094 et
2132 2039 2375 2092 sancitus
2427 2046 2529 2100 est,
2583 2037 2830 2092 homines
2879 2035 3252 2091 absterreant?
3278 2033 3348 2086 At

1735 2168 1747 2178 ο
1783 2133 1926 2190 enim
1957 2146 2057 2187 nec
2078 2131 2131 2185 in
2177 2129 2360 2186 Veteri
2406 2129 2622 2200 quidem
2655 2129 3024 2194 Testamento,
3055 2143 3177 2182 cum
3223 2137 3346 2197 post

1782 2224 1966 2294 templi
1991 2223 2289 2287 conditum,
2315 2230 2422 2276 no‘n
2470 2221 2737 2287 sacriﬁcia
2759 2264 2772 2287 ,
2802 2238 2909 2278 non
2930 2229 3107 2276 certas
3145 2230 3346 2275 statas—

1783 2330 1887 2385 que
1915 2315 2267 2370 caeremonias
2315 2314 2443 2369 alibi
2472 2314 2781 2384 persolvere
2811 2313 3015 2367 licitum
3049 2319 3216 2375 esset,
3251 2327 3344 2366 ve-

1782 2409 1941 2461 titum
1967 2423 2201 2477 usquam
2246 2407 2475 2481 legimus
2512 2421 2780 2478 quemque
2829 2420 2996 2475 penes
3026 2420 3085 2460 se
3110 2419 3267 2460 orare
3289 2414 3364 2461 et

1783 2498 2013 2554 adorare
2044 2498 2233 2563 Deum,
2283 2499 2329 2554 si
2353 2499 2560 2555 liberet.
2610 2497 2724 2553 lmo
2771 2513 2901 2554 vero
2931 2497 3138 2560 Daniel,
3166 2497 3219 2550 in
3241 2495 3342 2550 Ba»

1781 2590 1978 2662 bylone
2001 2606 2247 2656 versans,
2277 2590 2584 2663 frequenter
2610 2591 2776 2647 Deum
2809 2591 3067 2647 adorabat
3097 2609 3110 2645 :
3145 2591 3344 2660 aliique

1782 2686 1920 2738 bene
1948 2684 2101 2738 multi
2130 2684 2309 2739 sancti
2359 2685 2460 2738 viri
2497 2683 2664 2738 Deum
2715 2693 2865 2738 extra
2907 2684 3162 2754 templum
3212 2683 3341 2737 ado-

1781 2789 1936 2829 rasse
1963 2774 2460 2845 deprehenduntur.
2493 2773 2622 2829 Haec
2650 2775 2834 2844 itaque
2871 2773 3056 2829 Basilii
3074 2782 3147 2829 -et
3165 2773 3338 2828 Euse-

1782 2866 1856 2922 bii
1882 2868 2000 2922 loca
2028 2883 2094 2922 ex
2131 2867 2381 2937 superius
2428 2867 2591 2922 allato
2624 2865 2843 2922 Eusebii
2875 2867 2995 2922 loco
3022 2873 3148 2921 sunt
3165 2866 3343 2935 'eXpli-

1781 2956 1974 3023 cauda,
2002 2958 2092 3012 ubi
2127 2959 2352 3012 recitata
2391 2956 2598 3028 Aquila:
2627 2945 2875 3012 versione
2907 2959 2983 3010 sic
3015 2956 3174 3009 habet
3204 2955 3293 3009 ille
3323 2971 3336 3006 :

1781 3046 1940 3116 Queis
1991 3050 2265 3118 manifeste
2303 3066 2502 3114 eorum,
2533 3050 2618 3120 qui
2666 3051 2718 3102 in
2774 3046 2989 3102 ecclesia
3033 3043 3129 3100 Dei
3175 3063 3341 3118 genua

1780 3140 2014 3208 ﬂectunt,
2045 3157 2240 3195 morem
2272 3140 2510 3194 declarat
2538 3158 2554 3193 :
2576 3142 2650 3193 ibi
2674 3141 2810 3194 enini
2847 3127 3029 3210 genua,
3057 3140 3336 3210 ﬂectentes,

1780 3246 1934 3305 atque
1947 3235 2208 3300 frontibus
2230 3237 2338 3287 suis
2363 3241 2514 3287 terra:
2535 3233 2914 3296 incumbentes,
2932 3233 3069 3284 hunc
3083 3231 3341 3306 adorandi

1778 3327 1938 3379 ritum
1971 3335 2196 3381 servant.
2233 3325 2436 3396 Opinor
2468 3324 2630 3394 igitur
2651 3318 2794 3378 hunc
2821 3323 3079 3378 adorandi
3112 3337 3335 3384 morem,

1777 3428 1970 3489 utpote
1989 3419 2387 3499 quodammodo
2436 3426 2841 3486 consecratum,
2873 3427 3022 3472 extra
3051 3414 3338 3471 ecclesiam

1776 3513 2000 3565 vetitum
2026 3509 2194 3566 fuisse
2229 3526 2327 3566 :ea
2371 3527 2624 3582 prorsus.
2642 3511 2850 3566 ratione
2871 3525 2975 3579 qua
3027 3507 3186 3561 hodie
3228 3522 3337 3561 non

1778 3604 1900 3656 licet
1921 3601 2116 3671 cuique
2143 3601 2370 3658 arbitrio
2426 3618 2544 3663 suo,
2596 3599 2827 3669 exempli
2859 3614 3022 3653 causa
3054 3598 3334 3652 incensum

1778 3703 1829 3749 et
1862 3693 2213 3764 thymiamata
2243 3697 2297 3748 in
2331 3695 2464 3750 vicis
2492 3705 2543 3750 et
2569 3693 2757 3764 plateis
2785 3691 3089 3763 promiscue
3120 3690 3331 3753 oﬂ‘erre,

1778 3785 1901 3854 quia
1937 3784 2052 3838 haec
2081 3786 2304 3856 speciali
2350 3786 2454 3842 ritu
2485 3791 2802 3842 consecrata
2849 3790 2902 3839 et
2943 3789 3143 3838 statuta
3173 3791 3333 3842 sunt;

1779 3877 1849 3930 ita
1874 3877 1980 3931 illis
2007 3878 2365 3947 temporibus,
2388 3879 2490 3931 etsi
2521 3877 2726 3932 licitum
2747 3877 2944 3946 cuique
2987 3883 3132 3931 esset
3165 3873 3333 3929 Deum

1777 3983 1941 4036 penes
1970 3968 2253 4037 seprecari
2281 3977 2335 4022 et
2355 3967 2619 4030 adorare,
2657 3967 2748 4021 illo
2773 3975 2952 4022 tamen
2996 3966 3157 4020 modo
3194 3980 3335 4036 genu

1777 4060 2024 4116 ﬂectendi
2053 4074 2117 4114 ac
2162 4061 2216 4114 in
2249 4059 2480 4116 frontem
2523 4059 2916 4130 procumbeudi
2957 4067 3106 4112 extra
3161 4057 3336 4113 eccle-

1720 4179 1728 4188 -
1776 4153 1912 4206 siam
1961 4149 2188 4206 adorare
2208 4151 2432 4206 vetitum
2466 4159 2618 4206 erat:
2656 4158 2878 4220 eratque
2928 4148 3054 4202 huic
3087 4149 3160 4203 rei
3182 4144 3340 4202 locus

1775 4248 1936 4310 atque
1967 4246 2180 4310 tempus
2201 4241 2574 4296 ecclesiastico
2606 4255 2813 4294 canone
2851 4241 3205 4293 constitutum
3230 4253 3243 4288 :
3265 4253 3334 4291 ne

1775 4330 2027 4385 fortassis
2053 4331 2178 4385 hinc
2200 4331 2345 4386 risus
2371 4338 2424 4385 et
2451 4329 2840 4385 cachinnorum
2883 4327 3106 4382 materia
3130 4325 3331 4382 Μᾶτεῑς

1774 4429 1827 4474 et
1875 4421 2128 4488 ethnicis,
2161 4438 2392 4493 quorum
2439 4429 2552 4475 tum
2608 4414 2797 4490 ingens
2844 4428 2958 4474 erat
3017 4418 3328 4480 multitudo,

129 4530 311 4586 disci-ge
333 4531 584 4602 οιριίεεη,
611 4507 690 4583 λά
717 4531 980 4600 psalmum
1003 4548 1133 4588 vero
1184 4549 1292 4598 xm,
1319 4535 1492 4592 fusius
1512 4507 1668 4594 em“;
1700 4536 1742 4591 ι)
1775 4507 2314 4580 subministraretur;
2368 4527 2502 4568 neve
2556 4513 2682 4567 hinc
2707 4513 2925 4583 quidam
2976 4511 3332 4581 exirequen-

131 4632 204 4677 rat
223 4640 314 4684 cur
338 4624 635 4681 Christiani
659 4623 1394 4679 SabbatumiuDominicam
1430 4637 1666 4684 transtu-

130 4715 274 4770 lerint
297 4734 308 4768 :
338 4731 444 4788 qua
469 4723 680 4770 ratione
701 4715 874 4786 primo
897 4713 1136 4769 diluculo
1163 4725 1462 4772 conventus
1487 4729 1664 4789 agant,

131 4820 280 4875 panes
307 4807 688 4878 propositionis
709 4804 1037 4867 oderant,ad
1066 4805 1340 4863 Orientem
1364 4809 1503 4863 versi
1546 4826 1669 4878 pre-

135 4905 324 4963 centur,
350 4900 591 4971 psalmos
622 4913 728 4952 una
782 4894 1145 4951 multitudinis
1176 4912 1307 4951 voce
1342 4898 1656 4964 concinam,

135 4994 188 5041 et.
233 4997 434 5054 caetera,
484 5005 605 5060 quae
636 4987 1075 5060 ,μυστιωτέρως
1148 4988 1239 5043 ille
1300 4990 1662 5058 prosequitur.

135 5069 444 5133 Bsalmorum
479 5087 658 5130 autem
692 5087 910 5130 cantum
960 5077 1014 5130 in
1043 5077 1296 5132 omnibus
1314 5079 1549 5134 universi
1579 5097 1665 5136 or-

134 5161 204 5218 bis
227 5172 328 5221 tam
370 5165 872 5237 Grecorumquam
902 5155 1253 5221 barbarorum
1310 5170 1554 5224 ecclesiis
1575 5176 1666 5227 oh—

138 5241 318 5311 servari
345 5256 672 5310 testiﬁcatur
706 5256 816 5320 ille,
848 5257 982 5326 psal.
1015 5272 1136 5310 va.
1576 5281 1581 5285 ·

188 5367 723 5432 "1.1)eadorandiritu
744 5371 793 5420 in
818 5373 1024 5420 ecclesia
1047 5371 1306 5432 singularis
1328 5371 1523 5421 Eusebii
1550 5381 1602 5425 et

350 5425 356 5440 '
493 5425 660 5484 Basilii
691 5435 938 5482 sententia
966 5425 1270 5494 explanatur.

203 5509 465 5582 Singulare
487 5527 710 5584 prorsus
746 5529 808 5577 ac
831 5515 1236 5581 ponderandum
1269 5499 1350 5570 est
1395 5520 1536 5586 quod
1587 5519 1661 5572 ait

153 5596 400 5669 Eusebius,
449 5621 552 5660 non
585 5605 748 5660 licere
787 5613 938 5659 extra
983 5610 1272 5681 ecclesiam
1317 5609 1482 5664 Deum
1530 5611 1659 5665 ado-

163 5697 502 5767 rarezutripse
520 5697 584 5750 ad
610 5696 872 5767 psalmum
921 5714 1108 5755 xxvut.
1143 5701 1223 5754 itif
1267 5703 1443 5755 verbis
1485 5719 1659 5758 enun-

173 5778 246 5832 tiat
270 5804 277 5836 :
307 5785 370 5837 Οὐ
396 5787 493 5860 {ap
517 5789 619 5856 ἔξω
643 5789 738 5860 τῆς
764 5787 1054 5859 ἐκκλησίας
1087 5792 1349 5861 βου,.-ταε,
1383 5795 1502 5847 οὐδὲ
1531 5796 1658 5850 ἁνα-

1769 4609 2250 4668 tioriadorationis
2283 4622 2383 4661 usu
2437 4603 2734 4660 infidelium
2787 4607 2997 4659 animos
3044 4618 3330 4673 exaspera-

1769 4705 1887 4752 rent
1913 4698 1967 4751 in
1997 4696 2377 4759 Christianos;
2415 4710 2519 4748 neu
2570 4696 2787 4750 demum
2819 4694 3076 4753 ementita
3113 4692 3327 4762 pietatis

1768 4789 1946 4856 specie
1980 4779 2202 4856 gloriam
2228 4794 2280 4838 et
2303 4785 2515 4840 laudem
2564 4785 2855 4843 humanam
2903 4789 3323 4852 aucuparentur,

1767 4890 1861 4932 aut
1890 4879 1992 4931 alia
2041 4876 2198 4931 nobis
2227 4877 2406 4947 ignota
2446 4878 2513 4933 de
2555 4894 2739 4934 causa.
2785 4877 2939 4931 Hunc
2985 4877 3166 4942 itaque
3195 4872 3327 4926 ado-

1767 4970 1922 5024 randi
1971 4983 2175 5022 morem
2232 4977 2415 5025 vetant
2476 4968 2708 5026 Basilius
2748 4976 2802 5023 et
2851 4966 3116 5020 Eusebius
3170 4973 3323 5018 extra

1765 5061 2051 5117 ecclesiam
2084 5075 2384 5131 peregere:
2427 5077 2601 5131 neque
2644 5062 2830 5115 volunt
2859 5060 2978 5114 ideo
3011 5058 3324 5112 adoratione

1765 5153 1853 5205 illa
1879 5151 2108 5213 interna,
2160 5152 2361 5221 ubique
2403 5150 2618 5204 Numini
2665 5152 2992 5222 praestanda,
3022 5151 3120 5220 piis
3149 5149 3325 5205 homi-

1764 5243 1950 5295 nibus-
1977 5241 2225 5296 interdici
2253 5261 2265 5294 :
2296 5239 2440 5311 quod
2475 5242 2741 5295 neminem
2798 5251 2927 5313 puto
2973 5240 3180 5295 inﬁcias
3218 5242 3324 5294 itu-

1763 5348 1903 5387 rum.
1940 5331 2088 5385 Alias
2121 5334 2263 5386 enim
2289 5331 2450 5385 iidem
2472 5331 2704 5388 Basilius
2746 5342 2799 5389 et
2837 5333 3121 5398 Eusebius,
3150 5331 3320 5387 Deum

1763 5442 1860 5495 pro
1883 5424 2051 5478 lubito
2078 5427 2342 5495 cujusque
2386 5425 2716 5480 adorandum
2761 5433 3048 5482 statuunt:
3081 5426 3223 5496 quod
3267 5428 3321 5480 in

1764 5516 1982 5584 scriptis
2014 5516 2196 5572 Basilii
2231 5516 2540 5586 frequenter
2559 5517 2880 5586 compertius,
2914 5530 2976 5570 ac
3004 5518 3056 5570 in
3081 5509 3177 5573 'his
3195 5519 3318 5590 item

1763 5613 2167 5665 cortimentariis
2201 5609 2464 5665 Eusebius
2513 5623 2613 5684 nec
2650 5608 2813 5662 semel
2842 5605 3172 5662 adorandum
3204 5610 3322 5661 ubi-

1761 5719 1865 5773 que
1894 5703 2058 5758 Deum
2088 5719 2209 5758 esse
2229 5703 2409 5758 docet.
2449 5703 2506 5754 ln
2556 5707 2917 5771 promptuque
2961 5711 3125 5769 esset,
3153 5705 3318 5756 multa

1762 5795 1827 5852 ad
1853 5796 1916 5850 'id
1955 5794 2415 5866 comprobandum
2465 5796 2583 5852 loca
2625 5812 2913 5867 congerere
2941 5814 2951 5848 2
2980 5813 3164 5852 verum
3197 5813 3322 5852 cum
