3956 6340
644 443 714 497 55
1292 430 1557 489 EUSEBll
1594 390 2061 485 CESARIENSIS
2099 426 2246 484 ΟΡΡ.
2280 423 2452 480 PARS
2490 423 2577 479 lll.
2613 453 2681 463 —-
2720 421 3124 479 EXEGETICA.
3773 422 3837 477 56

644 566 827 621 nullus
858 565 956 617 hac
994 560 1059 615 de
1089 575 1145 613 re
1186 555 1569 613 controversias
1596 556 1747 611 locus
1770 570 1890 610 esse
1914 534 2109 617 valeat,
2134 553 2199 608 iis
2228 556 2272 611 Α
2300 549 2649 614 servabatur;
2683 546 2967 602 Matthzeus
2994 560 3123 600 sane
3157 543 3368 614 propria
3395 541 3840 612 interpretatione

645 655 928 722 afferendis
957 653 1392 724 supersedemus.

704 788 786 839 IV.
813 787 1003 837 Infinita
1040 788 1165 835 dona
1192 787 1416 835 ecclesiis
1446 784 1649 834 Eusebii
1695 790 1914 847 tempore
1939 784 2129 834 collata.

714 911 769 966 in
800 913 1061 982 psalmum
1089 928 1236 977 Lxxt,
1266 912 1402 967 Deus
1420 912 1680 982 judicium
1708 920 1851 964 tuum
1882 911 1988 981 regi
2016 910 2108 974 da,
2128 908 2193 963 ad

646 1004 791 1059 hunc
815 998 1052 1067 versum,
1078 1002 1145 1056 Et
1174 1005 1299 1058 vivet
1330 1014 1377 1057 et
1400 1003 1614 1057 dabitur
1644 1005 1690 1057 ei
1709 1002 1771 1055 de
1801 1019 1938 1060 auro
1960 1001 2189 1064 Arabia,

645 1095 722 1147 ait
744 1091 1009 1148 Eusebius
1038 1112 1050 1147 :
1080 1092 1149 1145 Et
1171 1093 1306 1147 alias
1359 1108 1559 1164 quoque
1609 1094 1664 1147 in
1701 1074 1929 1146 ecclesiis
1974 1091 2190 1154 Christi,

644 1186 773 1253 ipsis
796 1185 959 1239 oculis
990 1184 1219 1239 videmus
1252 1184 1465 1253 inﬁnita
1519 1200 1582 1237 ea:
1642 1202 1772 1238 auro
1806 1199 1936 1253 puro
1965 1182 2190 1246 cimelia,

646 1280 702 1331 in
733 1279 843 1348 ejus
865 1279 1111 1332 honorem
1133 1286 1455 1331 consecrata.
1478 1275 1595 1341 Quo
1623 1276 1807 1331 videas
1834 1291 1942 1330 non
1973 1290 2191 1339 novum,

647 1384 819 1439 neque
843 1384 1032 1425 recens
1060 1369 1336 1423 inductum
1359 1382 1563 1421 morem
1596 1382 1736 1430 esse,
1771 1358 1913 1421 dona
1935 1375 1989 1420 et
2032 1366 2195 1421 cime-

608 1492 613 1497 ο
647 1463 717 1516 lia
750 1463 805 1515 in
860 1460 1107 1516 ecclesiis
1147 1458 1351 1514 Christi
1413 1457 1765 1513 consecrandi
1800 1443 1976 1526 {quin
2014 1457 2195 1527 potius

645 1554 789 1623 quod
813 1550 1075 1606 Eusebius
1107 1550 1596 1618 frequentissimum
1620 1547 1842 1612 indicat,
1862 1548 1971 1618 jam
2006 1563 2195 1618 perra-

647 1661 769 1699 rum
812 1660 933 1699 csse
974 1643 1587 1714 comprobaturzneque
1638 1641 1779 1696 enim
1816 1642 1887 1694 ita
1938 1641 2101 1693 multa
2130 1655 2195 1694 ex

650 1752 781 1792 auro
822 1752 957 1807 puro
999 1736 1211 1790 cimelia
1249 1720 1552 1801 intemplis
1592 1732 1751 1786 hodie
1802 1729 2191 1801 deprehendas.

648 1826 840 1881 Narrat
883 1842 1011 1882 vero
1060 1826 1199 1881 idem
1252 1824 1515 1879 Eusebius
1548 1823 1985 1885 Constantinum,
2023 1822 2195 1877 eccle-

651 1921 787 1975 siam
819 1920 932 1975 sive
954 1919 1270 1987 martyrium
1296 1915 1592 1969 Salvatoris
1616 1954 1628 1977 ,
1654 1912 1795 1982 quod
1831 1913 1944 1982 ipse
1986 1912 2194 1983 magni-
2225 1919 2266 1973 Β

649 2008 1057 2065 ﬁcentissimum
1089 2014 1447 2066 exstruxerat,
1507 2005 1727 2059 infinitis
1774 2005 2013 2059 donariis
2047 2005 2195 2058 locu-

648 2101 904 2171 pletasse,
947 2097 1140 2167 partim
1168 2112 1231 2150 ex
1292 2111 1423 2149 auro
1482 2104 1535 2148 et
1586 2102 1828 2163 argento,
1880 2094 2071 2162 partim
2131 2108 2193 2146 ex

651 2190 876 2261 gemmis
910 2198 962 2244 et
994 2190 1115 2242 aliis
1162 2187 1413 2256 pretiosis
1468 2186 1717 2240 cimeliis.
1773 2186 1875 2250 Qui
1908 2172 2213 2253 impcrator‘

651 2282 774 2337 aliis
802 2280 1033 2335 fortasse
1061 2280 1307 2349 exemplo
1348 2292 1412 2332 ac
1448 2276 1666 2332 stimulo
1701 2274 1881 2336 fuerit,
1920 2284 1975 2326 ut
2003 2273 2197 2327 similia

650 2373 791 2426 dona
836 2371 1081 2425 certatim
1129 2370 1183 2423 in
1242 2367 1485 2423 ecclesiis
1526 2371 1927 2420 consecrarent.
1962 2362 2196 2431 ldipsum

648 2463 839 2533 paucis
868 2461 1061 2530 repetit
1092 2461 1155 2511 ad
1194 2460 1458 2527 psalmum
1496 2472 1661 2529 cxvu,
1706 2454 1959 2524 additque
2007 2453 2197 2509 diebus

649 2553 948 2624 praesertim
980 2549 1379 2605 solemnitatum
1424 2548 1709 2603 ecclesiam
1753 2545 1909 2600 donis
1931 2560 2199 2599 exornan-

651 2648 775 2700 dam
796 2660 935 2699 esse.
971 2642 1073 2697 Ubi
1100 2642 1165 2696 ad
1196 2642 1307 2696 haec
1330 2640 1637 2712 Symmachi
1667 2639 1860 2702 verba,
1901 2636 2199 2706 Συνδήσατε

651 2741 711 2790 ἐν
760 2735 1058 2805 πανηγύρει
1114 2733 1459 2803 πδκᾶισματα,
1509 2730 1615 2792 ἕως
1659 2728 1768 2782 τῶν
1812 2729 2053 2795 κεράτων
2106 2726 2198 2778 τοῦ

576 2816 582 2820 ’
652 2827 1051 2900 θυσιαστηρίου,
1078 2825 1129 2879 id
1157 2835 1258 2889 est,
1294 2824 1553 2894 Colligate
1574 2826 1626 2875 in
1657 2820 1952 2875 celebritate
1978 2818 2203 2873 densita-

655 2934 725 2976 tes
756 2936 913 2990 usque
939 2919 1006 2972 ad
1032 2934 1227 2971 cornua
1257 2918 1487 2977 altaris;
1535 2916 1647 2967 haec
1673 2913 1832 2967 habet
1861 2933 1872 2965 :
1904 2910 2000 2963 llis
2029 2919 2202 2963 autem

653 3012 909 3080 garmcipit,
940 3009 1118 3063 multis
1147 3006 1365 3061 cimeliis
1417 3006 1630 3058 domum
1680 3003 1776 3056 Dei
1804 3001 2019 3072 replere,
2054 3010 2203 3070 atque

654 3104 888 3158 donariis
920 3099 1268 3171 frequentibus
1299 3099 1463 3167 Igsam
1483 3096 1791 3171 temporibus
1816 3093 2204 3147 solemnitatum

678 3214 679 3217 “
747 3207 925 3246 οηαητ.
1760 3162 1801 3201 \

694 3452 699 3459 .
784 3474 1156 3519 ,IISCELLANEA
1206 3473 1432 3519 QUASDAM
1486 3453 1821 3510 οΒδειινΔΝόΑ
1877 3470 1927 3507 IN
1979 3470 2065 3507 IIIS

1222 3541 1636 3581 COMMENTARIIS.

664 3677 715 3734 1.
751 3676 960 3731 Eusebii
992 3676 1053 3729 de
1080 3676 1317 3731 Mattha’i
1342 3676 1618 3746 Evangelia
1642 3673 2023 3746 sententias”.
2041 3673 2207 3728 Joan-

731 3765 817 3801 nes
857 3746 1113 3799 Ilebraicu
1154 3747 1439 3815 exemplari
1472 3741 1603 3815 usus
1626 3757 1740 3815 est,
1796 3741 1997 3815 Paulus
2037 3753 2206 3796 autem

736 3817 914 3871 Gra'co
966 3816 1117 3869 LXX
1149 3813 1514 3884 Interpretum‘.
1578 3813 1695 3868 III.
1747 3813 1984 3884 Apostoli
2033 3829 2206 3884 omnes

731 3888 985 3955 martyrio
1021 3890 1275 3951 coronati,
1296 3883 1366 3939 ea:
1400 3903 1502 3955 qua
1537 3886 1671 3937 tribu
1698 3883 1888 3953 singuli
1912 3883 2208 3955 fuerintde-

733 3952 979 4025 prehendi
1008 3969 1198 4023 potest.
1249 3957 1351 4010 ιν.
1399 3952 1482 4009 An
1529 3952 1899 4025 prophetarum
1951 3952 2207 4025 s_uccc_ssio

736 4022 804 4078 ad
850 4022 1105 4079 Joannem
1147 4026 1444 4093 Baptistam
1485 4022 1789 4092 pervenerit.
1838 4023 1898 4074 γ.
1955 4022 2207 4074 Eusebius

736 4096 932 4147 labitur
955 4093 1079 4147 dum
1109 4095 1383 4147 monachos
1415 4112 1447 4147 a
1478 4094 1786 4163 Symmacho
1813 4094 2209 4163 memoraripu-

737 4174 835 4220 tut.
882 4164 977 4217 VI.
1012 4163 1254 4217 Monachi
1300 4160 2030 4233 perrari'temporeEusebii.

736 4234 1034 4305 Martyrum
1065 4237 1329 4305 cruciatus
1369 4230 1683 4305 singulares,
1732 4230 2210 4305 l'lll._._l_ud_tcil_e-

734 4300 1114 4375 rosolymorum
1146 4304 1291 4375 aditu
1323 4300 1612 4375 interclusi.
1650 4303 1850 4375 Quare.
1883 4300 1986 4354 IX.
2015 4301 2206 4375 Tradi-

739 4371 899 4428 tiones
930 4375 1171 4437 qutt'dam
1198 4373 1525 4427 Judtcarum.
1555 4371 1623 4426 Χ.
1656 4372 2076 4425 Christianorum
2114 4373 2211 4437 fre-

739 4448 949 4509 quentia
991 4446 1047 4495 in
1107 4443 1417 4509 Moabitide,
1468 4441 1818 4495 Antmonitide
1852 4450 1897 4492 et
1947 4440 2204 4495 Idumam.

742 4495 846 4567 XI.
880 4513 1134 4565 Eusebius
1169 4516 1241 4564 ait
1284 4495 1529 4565 mundum
1563 4510 1819 4577 sphwrica
1854 4511 2025 4574 [arma
2071 4526 2207 4568 esse;

739 4592 937 4637 montes
960 4591 1007 4634 et
1031 4593 1204 4650 petras
1237 4584 1423 4634 sensim
1453 4598 1697 4635 crescere.

867 4715 905 4763 Ι.
932 4714 1122 4764 Eusebii
1144 4716 1205 4762 de
1231 4714 1439 4763 Mattbazi
1466 4716 1731 4777 Evangelia
1753 4715 2018 4763 sententia.

737 4865 823 4919 Ait
844 4861 1109 4917 Eusebius
1135 4862 1463 4925 Mattlizeum,
1500 4861 1753 4917 llebrasus
1778 4877 1900 4916 cum
1929 4869 2092 4927 esset,
2127 4860 2217 4913 tibi

671 4954 880 5008 Veteris
904 4952 1232 5008 Testamenti
1255 4955 1433 5008 locum
1458 4954 1652 5015 attulit,
1681 4954 1893 5020 pr0pria
1916 4968 2070 5006 usum
2099 4966 2221 5005 esse

673 5045 1157 5115 interpretatione:
1205 5061 1329 5099 nam
1365 5044 1517 5111 illud,
1559 5052 1810 5128 D‘IP‘UD
1848 5051 2010 5104 nrtm
2047 5051 2221 5122 mittis

672 5137 817 5203 quod
838 5138 909 5190 ita
932 5153 962 5188 a
992 5135 1338 5204 Septuaginta
1360 5136 1747 5205 interpretibus
1768 5135 2030 5197 redditur,
2054 5132 2222 5199 Φοέγ-

676 5224 835 5294 ξομαι
875 5225 1146 5296 ..ρυόλήμσ
1172 5247 1218 5277 .e
1247 5228 1409 5295 ..π’ἀι.
1441 5226 1535 5295 ἧς,
1553 5224 1758 5293 Loquar
1801 5225 2121 5292 problemata
2156 5222 2218 5273 ab

676 5316 826 5367 initio
848 5315 1023 5384 (Psal.
1059 5332 1257 5378 Lxxtn,
1289 5317 1367 5382 9.),
1404 5319 1455 5371 in
1479 5316 1665 5371 Grzcco
1691 5315 1922 5369 Matthaei
1966 5322 2111 5368 textu
2140 5314 2221 5366 his

676 5407 857 5461 verbis
870 5410 1115 5472 vertitur,
1134 5408 1443 5478 Ἐρεύξομαι
1458 5405 1806 5477 κεκρυμμένα
1818 5403 2223 5471 ἁπὸκαταϐολῆς

678 5499 903 5568 κόσμου,
942 5498 1203 5554 Eructabo
1231 5500 1537 5553 absctndita
1575 5517 1605 5552 a
1637 5498 2007 5552 constitutione
2024 5494 2224 5547 mundi.

680 5592 748 5643 At
777 5606 899 5644 eum
941 5590 1242 5657 Mattbtnus,
1275 5592 1494 5655 Irenaeo,
1538 5592 1799 5661 Origene,
1833 5588 2064 5643 Eusebio
2109 5587 2225 5655 ipso

654 5691 732 5760 __et
780 5681 1105 5754 Hieronymo
1133 5688 1383 5748 testibus,
1419 5684 1769 5753 Evangelium
1801 5680 2061 5735 liebraice
2091 5679 2223 5734 scri-

682 5778 871 5843 pserit,
934 5778 1090 5845 cujus
1140 5779 1412 5847 exemplar
1442 5792 1555 5832 aevo
1589 5772 1897 5843 Hieronymi
1947 5773 1999 5825 in
2031 5772 2227 5827 biblio-

683 5867 833 5923 theca
877 5868 1232 5935 Caisariensi,
1284 5887 1309 5920 ει
1370 5867 1647 5931 Pamphilo
1693 5864 1925 5935 Martyrc
1976 5862 2222 5928 collecta,

2294 640 2477 696 Graeca
2502 656 2634 696 usus
2668 654 2778 693 non
2804 645 2907 702 est,
2955 637 3049 691 sed
3080 636 3197 706 ipsa
3238 634 3504 690 llebraica
3541 632 3705 687 verba
3736 630 3838 703 Sy-

2291 731 2673 787 ro-Chaldaico
2720 744 2990 795 sermone,
3033 729 3210 798 qualis
3255 735 3385 783 tunc
3433 726 3574 797 apud
3622 717 3847 781 Judteos'

2295 840 2394 879 usu
2428 822 2697 887 veniebat,
2728 820 3013 891 expressit,
3047 826 3105 872 ut
3152 819 3207 872 in
3250 834 3386 874 voce
3418 817 3640 872 Lamma
3669 803 3841 873 Saba-

2293 913 2468 967 cthani
2501 911 2894 982 deprehendas,
2931 911 2987 963 in
3038 910 3265 979 aliisque
3308 925 3415 964 non
3446 910 3654 980 paucis,
3682 908 3839 978 queis

2292 1004 2467 1073 palam
2517 1010 2600 1057 est
2647 1000 2951 1055 Mattbmum
3003 1000 3059 1053 in
3112 999 3399 1071 Evangelio
3445 1017 3545 1056 suo
3579 998 3840 1055 Hebraice

2293 1092 2623 1163 conscripto,
2658 1092 2833 1147 sicubi
2864 1092 2980 1145 loca
3023 1105 3087 1145 ex
3141 1089 3339 1145 Veteri
3369 1090 3716 1147 Testamento
3749 1106 3840 1147 oc-

2292 1185 2604 1249 currebant,
2635 1200 2695 1239 ea
2727 1181 3171 1254 Syroﬂhaldaico
3193 1198 3439 1237 sermone
3466 1185 3837 1254 expressisse:

2294 1292 2363 1330 an
2391 1290 2521 1332 vero
2554 1276 2765 1345 propria
2799 1275 2887 1331 ille
2909 1275 3346 1344 interpretatione
3380 1274 3451 1329 sit
3487 1282 3639 1342 usus,
3673 1282 3745 1328 an
3776 1291 3839 1331 ex

2296 1369 2400 1421 alia
2428 1360 2593 1437 'prius
2650 1367 2911 1423 adornata
2960 1369 3206 1424 versione
3254 1367 3372 1421 loca
3419 1367 3490 1422 sit
3539 1377 3838 1431 mutuatus,

2296 1460 2437 1514 haud
2490 1460 2622 1514 levis
2670 1459 2895 1529 quaestio
2943 1469 3049 1515 est.
3098 1458 3292 1514 Postea
3340 1466 3517 1511 autem
3574 1457 3840 1528 interpres

2295 1550 2533 1615 Griecus,
2556 1552 2679 1622 quis
2704 1552 2792 1607 ille
2821 1550 2983 1606 fuerit
3015 1552 3278 1606 incertum
3297 1565 3421 1607 esse
3453 1556 3634 1603 narrat
3661 1548 3843 1606 Hiero-

2297 1658 2508 1714 nymus,
2566 1644 2705 1698 baze‘
2735 1642 2954 1714 pr0pria
3002 1642 3442 1713 interpretatione
3475 1640 3716 1707 donavit,
3747 1656 3842 1697 nec

2295 1732 2431 1788 LXX
2464 1734 2905 1803 interpretatione
2926 1742 3008 1789 est
3035 1749 3189 1789 usus.

2297 1885 2358 1936 ll.
2389 1887 2601 1935 Joannes
2638 1885 2875 1935 Hebraico
2897 1887 3165 1948 exemplari
3205 1900 3321 1935 usus
3342 1892 3435 1945 est,
3463 1887 3643 1938 Paulus
3678 1891 3842 1937 autem

2736 1948 2900 1997 Graeco
2922 1947 3405 2011 LXX’Interpretum.

2362 2068 2621 2125 Joannem
2650 2070 2916 2138 similiter,
2955 2079 3138 2153 utpote
3189 2070 3469 2127 Hebraeum
3524 2080 3578 2128 et
3622 2087 3687 2128 ex
3742 2069 3845 2124 IIe-

2293 2161 2452 2215 braais
2477 2170 2675 2226 ortum,
2722 2165 2796 2216 ait
2821 2163 3084 2218 Eusebius
3114 2164 3179 2217 ad
3210 2166 3477 2234 psalmum
3511 2179 3601 2230 XL,
3628 2163 3845 2233 propria

2296 2252 2737 2322 interpretatione
2768 2270 2926 2319 usum
2956 2269 3079 2309 esse
3099 2255 3189 2309 ubi
3222 2256 3479 2327 πτέρναν,
3512 2256 3648 2320 sive,
3678 2255 3848 2311 calceo

2296 2360 2445 2397 neum
2468 2345 2651 2407 vertit,
2686 2359 2795 2414 quo
2826 2346 2944 2400 luco
2968 2344 3106 2398 LXX
3137 2346 3484 2418 πτερνισμόν,
3515 2346 3570 2399 id
3595 2353 3703 2407 est,
3727 2359 3848 2411 sup-

2293 2434 2705 2502 plantationem,
2762 2444 3072 2506 posuerant.
3125 2435 3327 2491 Contra
3387 2450 3516 2490 vero
3568 2437 3845 2505 apostolus

2296 2524 2519 2589 Paulus,
2542 2526 2622 2580 sic
2649 2525 2930 2593 Eusebius,
2952 2543 3035 2596 ps.
3055 2529 3197 2593 ut,7,
3220 2528 3539 2597 legisperitus
3557 2542 3677 2581 cum
3695 2536 3842 2591 esset,

2297 2616 2354 2670 in
2384 2614 2625 2685 Epistula
2670 2617 2736 2670 ad
2781 2615 3033 2673 Hebraeos
3082 2616 3431 2689 Septuaginta
3491 2614 3841 2685 interpretum

2298 2705 2545 2759 versione
2564 2710 2644 2759 est
2676 2720 2827 2760 usus.
2864 2704 2987 2761 llaec
3015 2722 3142 2761 vero
3173 2708 3417 2777 pluribus
3447 2707 3500 2760 in
3529 2706 3846 2761 collectione

2301 2793 2689 2864 liexaplurum,
2728 2809 2758 2849 a
2782 2796 2939 2852 nobis
2966 2798 3277 2868 propediem
3301 2797 3638 2865 adornanda,
3665 2798 3844 2868 explo-

2300 2885 2467 2940 randa
2490 2887 2722 2942 venient.

2374 3010 2463 3061 Ill.
2483 3012 2708 3074 Apostoli
2726 3026 2898 3063 omnes
2919 3016 3150 3073 martyrio
3169 3017 3400 3063 coronati.
3430 3014 3501 3065 Ex
3521 3027 3619 3075 qua
3636 3012 3772 3062 tribu

2619 3076 2798 3137 singuli
2819 3076 3003 3125 fuerint
3023 3076 3327 3138 deprehendi
3348 3082 3523 3138 potest.

2377 3224 2433 3278 in
2464 3223 2611 3277 illum
2634 3224 2822 3293 psalmi
2846 3239 2969 3278 uxr
2993 3239 3230 3288 versum,
3252 3223 3320 3277 Et
3347 3224 3650 3278 honorabile
3670 3242 3846 3280 nomen

2305 3331 2484 3370 eorum
2512 3332 2694 3371 coram
2725 3314 2817 3368 illo
2839 3332 2857 3379 ;
2892 3316 3006 3369 sive
3028 3314 3322 3369 secundum
3347 3314 3747 3386 Symmachum,
3786 3314 3845 3368 Et

2303 3408 2567 3474 pretiosus
2590 3408 2687 3461 erit
2725 3407 2942 3477 sanguis
2982 3422 3161 3460 eorum
3193 3422 3371 3459 coram
3404 3407 3665 3472 “10,-th
3698 3408 3847 3461 habet

2304 3497 2568 3553 Eusebius
2626 3514 2639 3551 :
2698 3498 2855 3569 Quet‘s
2922 3508 3092 3565 aperte
3145 3514 3315 3552 necem
3368 3499 3581 3553 illorum
3619 3502 3843 3569 (aposto-

2307 3589 2500 3659 lorum)
2561 3578 2926 3651 subindicavit,
2993 3606 3095 3657 qua
3164 3590 3358 3659 singuli
3420 3592 3562 3645 vario
3611 3591 3846 3659 martyrii

2304 3696 2486 3747 genere
2521 3680 2696 3749 a/fecti
2733 3691 2876 3744 sunt,
2919 3694 2980 3730 ac
3023 3677 3159 3729 alius
3188 3680 3292 3732 alio
3318 3679 3491 3742 modo,
3522 3679 3584 3732 ob
3621 3681 3845 3733 testimo—

2307 3772 2453 3824 nium
2482 3770 2545 3824 de
2576 3771 2670 3823 illo
2711 3772 2916 3834 datum,
2963 3765 3234 3837 sanguinis
3279 3784 3493 3836 agonem
3540 3769 3721 3822 subiit.
3776 3768 3844 3821 Ex

2307 3861 2668 3914 monumentis
2697 3870 2872 3913 autem
2890 3858 3073 3922 certis,
3094 3873 3211 3925 quae
3235 3857 3346 3925 jam
3375 3870 3688 3928 supersunt,
3715 3860 3843 3914 haud

2311 3948 2462 4003 facile
2490 3958 2571 4003 est
2609 3949 2945 4019 singulorum
2970 3947 3337 4016 apostolorum
3366 3950 3686 4018 martyrium
3711 3964 3845 4003 com—

2310 4041 2555 4108 probare.
2594 4039 2789 4093 Verum
2839 4039 3126 4099 Eusebius,
3161 4047 3219 4090 ut
3259 4043 3570 4107 apostolicis
3603 4041 3846 4111 tempori-

2311 4134 2412 4188 bus
2446 4134 2691 4197 vicinior,
2735 4132 2911 4204 potuit
2943 4130 3171 4184 forsitan
3201 4129 3267 4185 de
3314 4134 3579 4205 cujusque
3629 4132 3845 4206 apostoli

2308 4224 2566 4295 martyrio
2594 4225 2853 4278 certiores
2889 4207 3043 4275 notas
3073 4222 3332 4278 invenire.
3367 4224 3463 4281 Est
3484 4242 3609 4281 vero
3641 4225 3844 4294 illajam

2309 4331 2408 4369 usu
2442 4331 2574 4384 pene
2605 4325 2815 4385 recepta
2839 4313 3021 4380 Opinio
3048 4315 3320 4381 apostolos
3349 4330 3535 4372 omnes
3569 4333 3667 4387 pro
3700 4316 3845 4372 Chri-

2311 4414 2396 4459 sto
2423 4419 2613 4473 psssos
2639 4420 2779 4467 esse,
2813 4404 2913 4457 etsi
2941 4419 3049 4456 non
3081 4404 3260 4459 desint
3287 4406 3377 4473 qui
3408 4422 3566 4462 secus
3590 4408 3845 4463 arbitren-

2310 4506 2419 4551 tur.
2447 4495 2645 4550 Verum
2675 4510 2737 4550 ea
2776 4496 2829 4547 in
2861 4510 2916 4547 re
2962 4510 3218 4566 perquam
3248 4496 3460 4551 difﬁcile
3488 4506 3570 4552 est
3595 4497 3844 4569 explorati

2248 4606 2290 4659 ι)
2315 4587 2586 4658 quidpiam
2612 4587 2801 4640 afferre
2836 4604 2848 4639 :
2885 4602 3002 4639 nam
3034 4588 3335 4657 apostolica
3356 4597 3594 4659 tempora
3630 4600 3681 4644 et
3711 4597 3844 4662 gesta

2323 4684 2489 4738 tantis
2517 4689 2642 4737 sunt
2673 4679 2914 4735 tenebris
2936 4680 3128 4744 offusa,
3162 4689 3220 4735 ut
3245 4696 3343 4734 nec
3367 4680 3455 4734 ubi
3476 4689 3698 4737 mortem
3721 4679 3848 4735 obie-

2321 4781 2427 4829 rint
2456 4773 2707 4845 apostoli,
2759 4773 2946 4843 paucis
2994 4773 3255 4844 exceptis,
3291 4788 3389 4828 nec
3436 4788 3571 4842 quas
3597 4772 3742 4828 orbis
3772 4785 3845 4824 re-

2319 4866 2502 4935 giones
2524 4865 2877 4935 peragrarint,
2902 4866 2977 4920 ita
2994 4864 3279 4936 perspicue
3302 4866 3507 4919 narrari
3532 4866 3719 4935 possit.
3749 4861 3845 4917 Nec

2319 4958 2477 5011 modo
2509 4972 2627 5025 quae
2646 4956 2757 5025 jam
2784 4958 3071 5012 traduntur
3091 4957 3292 5011 incerta
3321 4966 3479 5024 sunt;
3505 4957 3599 5011 sed
3628 4956 3779 5009 etiam
3806 4953 3845 5007 si

2318 5065 2421 5117 qua
2434 5049 2500 5102 ab
2510 5048 2760 5111 Eusebio,
2776 5057 2830 5103 et
2849 5064 2879 5102 a
2905 5049 3098 5103 coaevis
3119 5055 3211 5101 aut
3233 5048 3555 5119 supparibus
3586 5046 3845 5116 scriptori-

2322 5136 2421 5191 bus
2444 5138 2669 5207 carptim
2684 5137 2749 5192 de
2766 5137 2871 5191 illis
2889 5135 3255 5206 proferantur,
3274 5153 3379 5191 non
3404 5138 3478 5189 ita
3509 5138 3654 5192 clare
3676 5151 3845 5192 recens

2322 5236 2524 5281 seritur.
2553 5226 2704 5291 Quod
2735 5234 2911 5279 autem
2942 5226 3016 5277 ait
3045 5222 3330 5287 Eusebius,
3355 5225 3408 5278 in
3427 5225 3564 5294 psal.
3589 5241 3750 5286 vau,
3778 5221 3839 5275 23

2322 5319 2387 5373 ad
2420 5319 2574 5371 linem
2598 5337 2609 5371 :
2634 5316 2692 5371 Si
2705 5318 2819 5385 quis
2832 5331 2946 5369 vero
2967 5330 3055 5382 per
3077 5315 3237 5368 otium
3256 5324 3497 5369 accurate
3517 5311 3839 5386 perquisierit.

2323 5412 2569 5479 cujusque
2592 5406 2815 5475 apostoli
2866 5405 3054 5457 tribum
3090 5405 3303 5473 reperiet
3340 5420 3357 5457 :
3398 5422 3518 5459 nam
3546 5407 3844 5470 cuiviqu

2324 5500 2455 5551 renti
2479 5498 2639 5550 datur
2668 5514 2687 5548 ξ
2726 5495 2997 5557 Scrutare
3026 5496 3315 5550 inveniendi
3350 5496 3660 5565 promissio;
3690 5492 3842 5553 id,in-

2326 5604 2509 5659 quam,
2539 5579 2755 5647 Eusebii
2778 5598 2898 5645 ἃγο
2933 5586 3161 5642 fortasse
3198 5595 3409 5657 poterat
3441 5602 3508 5641 ex
3550 5597 3841 5639 monumen-

2326 5680 2395 5734 tis
2423 5686 2665 5733 veterum
2710 5678 2997 5748 explorari.
3045 5676 3161 5731 Jam
3206 5686 3333 5732 vero
3363 5674 3482 5732 cum
3516 5691 3699 5730 eorum
3727 5675 3842 5731 bene

2327 5769 2503 5846 multa~
2525 5768 2723 5823 fuerint
2750 5774 3015 5823 vetustate
3038 5767 3324 5821 obliterata
3350 5772 3404 5821 et
3427 5765 3714 5833 exstincta;
3747 5761 3840 5817 fru-

2330 5870 2462 5929 stra,
2512 5872 2568 5919 ut
2614 5864 2867 5927 arbitror,
2903 5868 3173 5931 qumratur
3225 5874 3289 5916 cx
3342 5874 3446 5927 qua
3500 5861 3641 5917 tribu
3671 5850 3844 5928 singuli
