3928 6336
104 434 149 487 57
818 448 821 453 '
850 432 1345 491 COMMENTARIA
1381 433 1448 488 IN
1479 433 1626 490 PSAI

1728 435 1810 492 )S.
1850 467 1917 476 —
1941 428 2485 491 PRJELIMINARIA.
3204 436 3274 495 58

107 551 295 619 apostoli
323 549 631 619 prodierint
668 572 679 605 :
713 553 857 622 quod
879 554 1042 606 etiam
1077 554 1124 615 si
1156 551 1484 623 deprehendi
1508 569 1629 623 pos-
1653 560 1697 614 Α
1730 544 1933 617 sebiiis,
1967 553 2181 609 Hilario
2213 564 2266 610 et
2297 554 2531 609 fortasse
2577 553 2666 607 alii
2702 551 2907 623 perrari
2959 556 3011 609 in
3043 554 3273 610 desertis

107 652 185 705 set,
213 658 310 697 non
332 658 526 713 magno
559 660 739 713 opera:
760 644 929 713 pretio
964 644 1135 700 ﬁeret.

110 736 254 785 ltitia
291 736 645 798 prophetarum
694 737 1039 845 successionad
1078 737 1317 785 Joannem
1359 737 1622 799 Baptistam

705 810 946 845 nerveuer
990 834 1001 845 .

705 810 1001 858 pervenerit.

163 868 321 948 Neque
355 880 480 934 item
505 880 735 949 probatu
764 879 921 935 facile
939 890 1023 935 est
1048 880 1194 949 quod
1226 880 1302 934 ait
1331 879 1619 943 Eusebius,

110 970 221 1038 psal.
248 985 429 1032 uxnt,
463 962 517 1035 8,
544 969 702 1033 9,10,
722 971 1099 1040 pmphetarum
1117 969 1512 1025 successionem
1533 985 1624 1023 us-

106 1061 271 1127 quead
299 1058 557 1115 Joannem
584 1060 876 1133 Baptistam
899 1062 1180 1118 devenisse
1209 1081 1223 1116 :
1249 1076 1372 1115 nam
1403 1077 1469 1116 ex
1501 1061 1623 1115 libri

108 1148 502 1208 Machabaeorum
565 1160 620 1207 et
681 1150 848 1206 Flavii
869 1150 1086 1220 Josephi
1118 1150 1449 1215 testimonio,
1495 1148 1622 1204 Per-

105 1254 265 1293 sarum
294 1249 531 1311 tempore
546 1242 705 1296 desiit
734 1243 824 1295 illa
854 1242 1231 1311 prophetarum
1256 1243 1453 1308 series;
1479 1248 1535 1295 ut
1558 1256 1624 1297 ne

104 1332 175 1384 vel
188 1347 343 1385 unum
359 1348 388 1385 a
401 1331 669 1389 Nehemia:
679 1332 1007 1402 temporibus
1019 1332 1330 1402 prophetam
1348 1334 1625 1402 assignare

103 1423 285 1477 valeas.
302 1422 474 1488 Quare
486 1423 702 1479 aestimo
718 1421 937 1479 Eusebii
955 1423 1157 1477 dictum
1174 1438 1281 1477 non
1298 1424 1364 1478 ad
1390 1425 1622 1479 litteram

104 1513 454 1582 accipiendum
474 1529 627 1579 esse;
655 1514 748 1568 sed
774 1514 1013 1568 indicare
1039 1514 1213 1569 solum
1235 1514 1404 1584 legem
1426 1525 1476 1569 et
1497 1530 1623 1584 pro-

104 1604 276 1671 phetas
307 1603 361 1656 in
391 1601 651 1657 Joannem
678 1602 974 1673 Baptistam
998 1604 1266 1665 desinere,
1295 1605 1427 1672 quin
1464 1613 1621 1676 neget

104 1694 442 1749 intermissam
470 1695 762 1764 aliquando
787 1694 953 1751 fuisse
984 1695 1363 1766 prephetarum
1404 1700 1625 1752 succes-

104 1786 312 1839 sionem.

105 1873 132 1921 Υ
172 1874 407 1938 Eusebius
426 1874 609 1924 labitur
628 1878 741 1925 dum
773 1877 1031 1925 monachos
1052 1892 1077 1926 a
1103 1877 1388 1938 Symmacho
1438 1889 1623 1924 memo-

149 1937 243 1982 rari
277 1942 427 1996 putat.
454 1964 513 1973 —
539 1938 622 1986 Vl.
646 1938 863 1987 Monachi
889 1941 1075 1999 perrari
1102 1946 1322 2000 tempore
1347 1938 1563 1988 Eusebii.

154 2016 237 2070 Ad
261 2018 402 2073 hunc
426 2036 645 2079 versum
673 2021 865 2092 psalmi
898 2036 1065 2086 vart,
1092 2022 1195 2088 Qui
1225 2021 1519 2074 inhabitare
1541 2020 1623 2089 fa-

101 2107 154 2159 cit
198 2110 358 2186 unius
411 2111 573 2165 moris
639 2112 693 2164 in
744 2111 920 2174 domo,
977 2119 1217 2165 veterum
1271 2109 1623 2178 interpretum

101 2200 364 2255 lectionem
426 2201 580 2256 aﬂ'ert
627 2200 911 2267 Eusebius,
991 2200 1082 2255 ubi
1142 2198 1449 2269 Symmachi
1506 2215 1626 2254 ver-

103 2290 166 2343 sio
218 2290 298 2344 sic
350 2291 548 2346 habet:
580 2292 801 2345 Δίδωσιν
849 2294 1022 2359 οἰκεῖν
1045 2291 1293 2360 μοναχοίς
1318 2289 1491 2342 οἰκίαν
1521 2307 1533 2318 ·
1572 2290 1624 2343 id

102 2389 203 2435 est:
234 2380 333 2432 Dat
375 2380 769 2433 inhabitandam
804 2380 1071 2434 monachis
1100 2378 1310 2432 domum
1338 2393 1359 2442 ;
1393 2392 1517 2430 nam
1552 2378 1625 2430 ita

104 2486 182 2525 eos
214 2472 471 2525 vertimus
504 2473 631 2541 quia
680 2471 944 2527 Eusebius
990 2471 1058 2526 de
1110 2468 1390 2527 monachis
1446 2470 1623 2523 locum

102 2560 312 2628 explicat
347 2578 362 2613 :
411 2562 534 2623 etsi,
566 2575 683 2615 mea
719 2561 935 2631 quidem
980 2561 1267 2625 sententia,
1296 2575 1403 2615 non
1435 2573 1624 2612 mona-

102 2652 300 2703 cbomm
334 2651 645 2705 institutum
678 2651 765 2704 hic
796 2650 1149 2723 Symmachus
1188 2649 1477 2719 respiciat,
1530 2648 1625 2702 sed

102 2741 354 2795 solitarios
382 2742 678 2811 generatim
705 2742 993 2811 quoslibet.
1018 2741 1231 2795 Atenim
1254 2756 1362 2809 quo
1383 2732 1621 2807 tempore

104 2830 440 2901 Symmachus
469 2833 771 2886 versionem
801 2848 953 2887 suam
1013 2832 1375 2894 concinnavit,
1418 2831 1624 2886 scilicet

103 2920 340 2991 Septimio
360 2922 646 2985 Severo,nt
661 2924 835 2977 verior
851 2921 953 2977 fert
966 2921 1168 2991 Opinio,
1189 2921 1502 2990 imperante,
1520 2935 1629 2973 ino-

103 3015 376 3071 naehorum
402 3031 470 3070 ne
487 3030 683 3070 nomen
701 3015 915 3085 quidem
934 3021 1117 3068 notum
1139 3022 1274 3078 erat,
1293 3028 1467 3082 neque
1486 3012 1627 3068 ullus

103 3107 277 3160 tuncin
303 3108 437 3162 orbe
468 3106 788 3167 monachus,
812 3106 913 3161 nisi
936 3107 1165 3161 fortasse
1189 3107 1242 3159 in
1275 3103 1627 3175 penitioribus

105 3194 295 3268 .£gypti
329 3198 660 3260 recessibus,
692 3195 859 3253 fuisse
902 3204 1139 3268 putatur.
1194 3198 1372 3263 Quare
1407 3196 1493 3249 hic
1526 3209 1627 3249 vox

102 3286 307 3356 μσιαχός
341 3302 441 3358 pro
475 3288 719 3342 solitario
770 3288 1006 3357 quolibet
1047 3288 1102 3343 in
1150 3302 1370 3343 secessu
1412 3285 1627 3355 degenti

99 3378 432 3446 arripienda;
472 3392 580 3431 non
614 3392 713 3447 pro
747 3379 1044 3443 monachis,
1097 3394 1325 3449 quorum
1374 3393 1403 3431 a
1433 3385 1629 3450 quarto

99 3471 301 3523 seculo.
332 3469 642 3521 institutum
682 3456 882 3522 ﬂoruit.
932 3467 1065 3521 Nam
1116 3470 1243 3538 quia
1291 3470 1440 3525 solus
1486 3470 1629 3523 vivat

98 3561 409 3627 oportet_qui
439 3559 569 3613 velit
595 3558 785 3612 abesse
804 3572 836 3610 a
864 3559 1126 3611 malorum
1150 3558 1447 3620 consortio,
1478 3564 1631 3626 quot-

98 3656 210 3715 quot
238 3648 580 3703 declinanda:
614 3646 927 3716 frequentiae
980 3660 1146 3701 causa
1196 3644 1249 3697 in
1283 3660 1504 3699 secessu
1534 3645 1629 3700 de-

98 3740 294 3805 gebant,
332 3738 553 3810 μοναχοί
584 3736 769 3794 Graece
794 3738 1190 3795 vocitabantur.
1226 3735 1472 3789 Attamen
1510 3750 1630 3805 quae

96 3830 150 3884 de
175 3830 465 3885 monachis
493 3832 582 3885 hic
630 3831 795 3886 habet
846 3830 1111 3903 Eusebius
1163 3843 1270 3882 non
1313 3828 1631 3896 praetermit-

96 3922 235 3973 tenda
270 3940 285 3974 :
321 3920 540 3974 Primus
572 3922 763 3989 itaque,
797 3920 892 3985 ait,
926 3919 1053 3974 ordo
1080 3934 1259 3973 eorum
1286 3918 1373 3987 qui
1404 3918 1455 3968 in
1476 3914 1630 3970 Chri-

96 4024 160 4062 sto
190 4013 500 4081 proﬁciunt,
543 4022 619 4066 est
654 4012 1043 4065 monachorum.
1082 4008 1183 4064 Sed
1218 4008 1329 4060 rari
1375 4017 1494 4059 sunt
1524 4007 1627 4071 illi,

93 4120 235 4171 quare
261 4102 555 4155 secundum
585 4103 853 4172 Aquilam,
885 4099 1143 4171 Unigeuiti
1178 4098 1275 4152 Dei
1299 4097 1465 4151 vocati
1487 4106 1627 4160 sunt,

94 4196 268 4249 steriles
304 4194 440 4261 {acti
472 4196 735 4265 unigenito
771 4194 913 4247 Filio
943 4193 1041 4249 Dei
1066 4209 1083 4245 :
1106 4192 1387 4245 secundum
1412 4190 1629 4260 Septua-

92 4290 217 4355 ginta
248 4284 575 4353 Interpretes
610 4296 803 4348 autem,
838 4285 1015 4347 unius,
1072 4298 1174 4335 non
1229 4282 1417 4335 diversi
1471 4282 1631 4334 moris

94 4388 214 4438 sunt,
251 4380 421 4444 n‘eque
450 4376 671 4428 subinde
700 4390 891 4427 morem
944 4374 1186 4434 variant;
1215 4373 1303 4425 sed
1351 4386 1510 4425 unum
1540 4388 1630 4424 co-

93 4472 204 4532 lant,
235 4469 331 4537 qui
361 4467 433 4521 ad
458 4467 669 4520 uirtutis
700 4484 945 4521 cacumen
997 4465 1222 4542 advenit.
1263 4462 1413 4532 Ipsos
1455 4476 1629 4517 autent

94 4564 229 4615 auius
259 4578 433 4627 sonte,
456 4558 827 4626 Quintaeditio
857 4559 1075 4621 vocavit,
1096 4568 1148 4609 ut
1186 4565 1301 4625 pote
1324 4558 1411 4625 qui
1445 4557 1630 4611 solita-

94 4653 144 4702 rii
162 4663 205 4706 et
224 4652 645 4723 prwciitctisint.
662 4649 727 4702 Et
744 4650 797 4703 in
816 4651 949 4718 psal.
968 4664 1193 4711 Lxxxnt,
1216 4649 1249 4700 4
1284 4667 1296 4702 :
1322 4646 1365 4699 E
1382 4664 1435 4701 re
1458 4660 1630 4703 autem

92 4742 288 4809 dixeris,
323 4744 595 4811 expeditos
628 4740 747 4794 illos
766 4740 977 4805 milites,
1004 4744 1090 4810 qui
1112 4740 1449 4794 monasticam
1473 4742 1630 4795 vitam

96 4843 299 4909 amplexi
322 4848 477 4903 sunt,
510 4855 605 4909 pro
624 4835 921 4904 passeribus
950 4835 1215 4891 habendos
1250 4851 1391 4899 esse;
1431 4852 1517 4889 eos
1543 4854 1631 4891 au-

97 4938 173 4981 tem
200 4932 289 5000 qui
319 4932 504 4984 liberis
528 4928 658 4981 dant
690 4940 921 4994 operam,
946 4942 1007 4981 ac
1022 4927 1234 4998 reliquis
1267 4928 1385 4981 vitae
1411 4928 1629 4996 negotiis

94 5028 129 5069 tt
153 5022 287 5077 curis
336 5038 398 5076 se
442 5019 660 5081 dedunt,
691 5018 911 5071 turturis
953 5018 1111 5073 vicem
1141 5035 1311 5089 agere.
1350 5018 1469 5082 Quo
1494 5025 1631 5073 tem-

96 5124 201 5176 pore
246 5114 423 5183 igitur
467 5110 759 5165 Eusebius,
788 5110 902 5164 haec
947 5110 1211 5165 scriberet
1266 5109 1518 5179 perpauci
1574 5109 1629 5162 in

96 5202 197 5258 tabe
222 5200 490 5260 monachi
517 5210 696 5266 erant,
725 5215 788 5256 ac
817 5199 1035 5254 nonnisi
1072 5199 1122 5253 in
1167 5200 1401 5270 Angpto
1440 5213 1628 5251 mona-

98 5292 261 5347 sticam
294 5307 480 5363 genus
517 5291 982 5360 frequentabatur,
1013 5293 1328 5346 auctoribus
1367 5288 1623 5351 Antonio,

98 5385 186 5452 sui,
215 5399 364 5440 anno
400 5384 532 5448 271,
578 5382 834 5446 monachi
876 5390 1078 5436 statum
1134 5383 1433 5451 amplexus,
1473 5381 1629 5433 innu-

99 5489 247 5531 mos
273 5475 535 5543 exemplo
574 5486 676 5527 suo
726 5473 940 5539 pellexit
979 5473 1044 5526 ad
1077 5488 1259 5543 parem
1286 5476 1409 5526 vitae
1439 5471 1629 5527 condi-

102 5570 266 5625 litlem
294 5563 773 5639 amplectendam;
808 5563 1119 5630 Pachomio,
1144 5565 1237 5635 qui
1278 5567 1330 5618 in
1356 5565 1630 5621 Thebaide

104 5662 436 5715 Rusticum
473 5669 651 5726 genus
695 5654 888 5709 mirum
933 5656 988 5709 in
1037 5656 1253 5710 modum
1305 5654 1631 5717 adauxit,'et

106 5743 272 5805 hunc
302 5747 601 5810 Nitrieusi,
630 5744 983 5812 complurium
1016 5744 1470 5806 monasteriorum
1507 5743 1629 5797 fun-

108 5834 274 5897 ditore.
311 5840 374 5895 In
410 5837 711 5893 Pal-.estina
752 5851 894 5899 vero,
948 5835 1035 5890 ubi
1068 5835 1225 5895 sedes
1260 5835 1490 5891 habebat
1520 5833 1627 5890 Eu-

1727 651 1781 697 et
1812 645 2049 699 latibulis
2082 646 2331 713 agebant.
2364 644 2476 698 Sub
2509 645 2622 698 huic
2646 651 2823 698 autem
2856 644 3060 701 Hilario
3088 646 3143 700 in
3176 647 3276 699 Pa-

1729 735 1937 789 laestina
1970 744 2021 790 et
2060 736 2213 807 Syria
2257 724 2449 791 mirum
2502 737 2557 791 in
2613 735 2829 790 modum
2885 738 3274 793 monachorum

1729 827 2033 882 institutum
2066 829 2238 893 auxit,
2293 837 2347 883 et
2394 837 2525 883 tunc
2570 830 2901 885 monasteria
2943 829 3082 884 bene
3110 833 3274 885 multa

1727 918 1941 974 condita
1973 926 2119 973 sunt.

1999 1033 2103 1083 VII.
2131 1034 2397 1096 Martyrum
2434 1030 2677 1084 cruciatus
2710 1034 3003 1101 singulares.

1797 1136 2089 1207 Martyrum
2103 1138 2184 1192 sui
2198 1136 2454 1207 temporis
2469 1138 2823 1202 cruciatus,in
2837 1137 2949 1193 htec
2960 1137 3118 1208 verba
3134 1138 3278 1206 psal-

1727 1226 1800 1281 mi
1821 1226 1992 1295 (Psal.
2007 1242 2128 1291 va,
2145 1226 2519 1295 iO):Quoniam
2534 1224 3173 1295 probastinos,Deus,igne
3184 1243 3273 1279 nos

1726 1320 2041 1373 examinasti
2087 1320 2221 1372 sicut
2268 1320 2599 1372 examinatur
2643 1327 2930 1388 argentum,
2964 1332 3069 1371 non
3101 1317 3274 1373 obiter

1727 1409 1983 1465 describit
2002 1408 2286 1465 Eusebius.
2305 1410 2381 1464 Ac
2408 1410 2532 1465 licet
2552 1410 2607 1464 in
2622 1408 2863 1463 Historia
2905 1408 3273 1471 ecclesiastica,

1726 1498 1792 1553 de
1816 1497 2087 1551 Maximini
2119 1482 2430 1554 carniﬁcina
2457 1515 2643 1569 agens,
2672 1501 2960 1569 multorum
2984 1505 3274 1569 martyrum

1726 1603 1924 1658 agones
1957 1589 2318 1657 descripserit,
2359 1590 2445 1643 hic
2477 1597 2656 1643 tamen
2687 1574 2943 1643 nonnulla
2974 1588 3135 1659 tangit
3165 1590 3268 1644 sin-

1727 1681 1951 1751 gularia,
1984 1674 2084 1736 nec
2116 1680 2253 1736 forte
2309 1680 2437 1735 alibi
2487 1680 2788 1741 enuntiata,
2846 1696 2900 1734 v.
2937 1679 3114 1749 g.:Et
3159 1696 3280 1735 vero

1725 1771 2026 1839 plerumque
2055 1770 2131 1823 vel
2174 1770 2404 1838 pupillas
2456 1768 2723 1823 oculorum
2771 1768 3128 1833 verberabant,
3151 1769 3277 1823 dum

1727 1860 1899 1927 capita
1925 1858 2239 1911 athletarum
2275 1857 2374 1911 Dei
2422 1859 2589 1927 plagis
2625 1857 2897 1912 crederent.
2927 1858 3277 1912 Atrocitatem

1724 1964 1853 2004 vero
1904 1948 2285 2018 suppliciorum
2344 1949 2566 2017 subjicit
2624 1949 2709 2003 his
2764 1950 2994 2003 verbis:
3050 1947 3277 2002 Ferrum

1724 2042 1928 2111 quippe,
1956 2050 2002 2092 et
2037 2039 2176 2107 [erro
2221 2039 2375 2091 illata
2398 2040 2655 2109 supplicia
2675 2080 2691 2105 ,
2737 2041 2944 2111 aliaque
2970 2040 3153 2095 mortis
3191 2056 3277 2111 ge-

1724 2149 1997 2202 nera,qua:
2026 2132 2255 2185 maxima
2281 2146 2404 2199 pars
2438 2142 2673 2186 nostrum
2695 2135 2963 2197 sustinuit,
2996 2149 3087 2202 pro
3114 2134 3278 2190 nihilo

1724 2230 2092 2293 computantur
2126 2236 2189 2276 ex
2226 2220 2540 2275 deteriorum
2580 2206 2990 2291 comparatione;
3046 2224 3279 2293 Quamo-

1726 2313 1865 2368 brem
1895 2315 2003 2367 ἠως
2027 2314 2231 2384 quidem
2274 2321 2523 2368 tacemus.
2572 2313 2711 2379 Quia
2738 2330 2854 2367 vero
2883 2315 3017 2368 inter
3048 2316 3273 2381 atrocia,

1725 2390 1860 2458 nihil
1922 2406 2186 2461 crudelius
2248 2424 2365 2461 nece
2416 2422 2505 2475 per
2550 2407 2719 2476 ignem
2774 2415 2823 2459 et
2878 2422 3069 2475 aquam
3122 2407 3275 2461 illata

1722 2497 2076 2563 existimatur,
2114 2498 2221 2552 ha'c
2278 2515 2370 2553 nos
2417 2513 2683 2567 perpessos
2728 2497 2972 2552 dicimus.
2998 2496 3139 2551 Nam
3178 2498 3273 2552 alii

1726 2595 1961 2639 nostrum
1992 2590 2045 2642 in
2078 2591 2214 2643 mari
2242 2599 2291 2643 et
2320 2590 2372 2643 in
2399 2589 2704 2658 ﬂuminibus
2739 2588 2959 2643 demersi
3005 2599 3145 2653 sunt,
3181 2591 3274 2643 alii

1723 2674 1855 2744 ignis
1881 2679 2188 2746 supplicium
2208 2680 2435 2733 luerunt.
2456 2679 2520 2732 Et
2535 2693 2726 2735 etetet‘a
2746 2698 2865 2752 qua:
2892 2683 3065 2739 fusius
3092 2676 3167 2738 ibi
3189 2683 3278 2737 ille

1724 2766 2088 2833 prosequitur.

1804 2873 1931 2925 Vill.
1954 2874 2111 2926 Judaei
2129 2876 2542 2938 Jerosolymorum
2565 2877 2697 2927 aditu
2719 2876 2991 2939 interclusi,
3009 2890 3181 2939 quare.

1794 3004 1945 3060 Trita
1967 3022 2056 3062 res
2087 3014 2140 3061 et
2159 3007 2291 3061 nulli
2325 3021 2433 3061 non
2466 3014 2590 3061 nota
2617 3014 2721 3069 est,
2751 3003 2953 3060 Iudaeis
2982 3015 3275 3076 postquam

1726 3097 2103 3154 Barchocheha
2151 3101 2286 3154 duce
2313 3138 2328 3162 ,
2370 3097 2634 3153 seditione
2672 3098 2847 3162 facta,
2901 3097 3004 3152 sub
3040 3097 3279 3155 Adriano

1727 3192 1967 3261 principe
2014 3194 2178 3246 armis
2210 3192 2420 3247 subacti
2452 3206 2514 3245 ac
2545 3206 2679 3260 pene
2707 3191 3076 3247 internecione
3119 3192 3278 3249 deleti

1728 3289 1874 3347 sunt,
1904 3281 2358 3352 Jerosolymorum
2408 3282 2611 3336 aditum
2671 3280 3020 3343 interclusum
3070 3283 3276 3350 fuisse;

1726 3388 2043 3428 concessum
2095 3380 2273 3427 tamen
2328 3378 2387 3426 ut
2428 3372 2723 3440 quotannis
2758 3373 2824 3428 ad
2860 3381 3039 3430 certos
3078 3375 3275 3431 limites

1726 3464 1942 3535 lugendi
2005 3479 2169 3519 causa
2222 3464 2467 3532 proxime
2527 3465 2716 3519 urbem
2779 3465 3120 3521 accederent.
3173 3464 3269 3521 Ve-

1727 3571 1848 3609 rum
1909 3555 2172 3611 Eusebius
2232 3556 2307 3621 ad
2372 3551 2530 3611 suum
2599 3569 2770 3622 usque
2845 3564 3054 3624 tempus
3130 3555 3274 3611 hunc

1727 3662 1932 3701 morem
1992 3647 2171 3715 vigere
2227 3647 2479 3715 graphice
2534 3653 2721 3700 narrat
2774 3644 2885 3700 his‘
2916 3646 3093 3700 verbis
3133 3664 3146 3700 :
3189 3645 3276 3698 Ir-

1728 3745 1931 3813 ruentes
1959 3735 2200 3799 Romani,
2246 3736 2398 3789 dictis
2442 3735 2747 3803 propheticis
2780 3735 2933 3805 ﬁnem
2954 3736 3273 3790 intulerunt:

1728 3821 1979 3890 siquidem
2019 3821 2268 3873 victorum
2332 3822 2457 3892 lege,
2522 3823 2774 3877 universa:
2828 3821 3071 3878 Iudaica:
3135 3824 3275 3893 genti

1728 3910 1877 3962 aditu
1926 3909 2155 3985 locorum
2200 3910 2531 3963 interdictum
2564 3920 2640 3964 est
2674 3925 2692 3963 :
2732 3910 3043 3965 inevitabilis
3094 3911 3278 3979 quippe

1731 4002 1853 4071 leqis
1881 4001 2350 4069 transgressoribus
2379 4002 2631 4068 impendet
2664 4001 2813 4054 ultio.
2839 3999 3186 4067 Quamobrem
3208 4000 3274 4052 ad

1729 4094 1863 4146 hanc
1889 4108 2043 4163 usque
2072 4091 2227 4155 diem,
2252 4091 2319 4145 ad
2349 4103 2513 4146 certos
2544 4094 2787 4146 terminos
2825 4093 2878 4144 in
2928 4091 3151 4143 circuitu
3188 4106 3278 4144 ac-

1730 4182 1982 4246 cedentes,
2007 4182 2188 4249 procul
2209 4184 2498 4236 consistunt
2524 4196 2542 4234 :
2572 4194 2731 4251 neque
2764 4181 2932 4234 solum
2958 4179 3111 4242 illud,
3140 4179 3275 4248 quod

1731 4291 1938 4330 sacrum
1981 4274 2105 4327 olim
2131 4253 2493 4343 repu'tabatur,
2515 4275 2592 4332 uel
2620 4272 2803 4340 procul
2833 4273 3122 4337 conspicere
3148 4271 3275 4338 ipsis

1731 4365 2055 4427 conceditur;
2082 4365 2175 4424 sed
2196 4366 2339 4433 foras
2356 4365 2746 4428 circumeuntes,
2772 4359 3078 4429 Scriptura,
3095 4360 3157 4415 de
3172 4378 3276 4431 qua

1723 4455 1839 4523 jam
1872 4455 2064 4524 agitur,
2096 4450 2247 4523 ﬁdem
2280 4452 2575 4514 conciliant,
2607 4450 2837 4503 dicenti:
2865 4468 2882 4501 ι
2908 4447 3281 4506 Convertentur

1665 4560 1705 4613 ι)
1731 4544 1797 4598 ad
1823 4538 2101 4611 vesperam,
2125 4552 2173 4595 et
2204 4542 2393 4608 {amem
2422 4539 2686 4607 patientur
2722 4548 2778 4591 ut
2810 4554 2983 4603 canes,
3006 4548 3055 4591 et
3096 4538 3280 4590 circui-

1732 4635 1856 4687 bunt
1886 4636 2160 4686 ciuitatem.
2201 4651 2218 4681 ι
2253 4629 2423 4701 (Psal.
2454 4643 2606 4692 Lvm,
2683 4629 2771 4699 7.)
2809 4627 3045 4697 ldipsum
3083 4628 3279 4696 repetit

1729 4723 1783 4777 in
1801 4724 1933 4792 psal.
1954 4738 2095 4781 ωίιχ.
2130 4719 2219 4782 9.6,
2248 4719 2544 4789 adjicitque
2586 4718 2791 4772 nullum
2821 4715 3167 4787 Jerosolymis
3181 4716 3277 4771 Ju-

1728 4818 1963 4870 dinorum
1981 4813 2306 4869 domicilium
2326 4826 2624 4881 superesse,
2644 4812 2697 4863 in
2715 4825 2819 4879 quo
2844 4808 3013 4861 (ἕτωεὶ
3043 4808 3281 4863 habitare

1729 4901 1955 4971 possint,
1986 4913 2168 4953 verum
2193 4898 2373 4952 excisa
2398 4898 2576 4952 omnia
2600 4912 2661 4951 ac
2696 4894 2935 4949 funditus
2953 4896 3125 4951 deleta
3158 4896 3279 4949 uni-

1731 5004 1989 5061 versaque
2016 5004 2238 5059 prorsus
2267 4990 2399 5059 ipsis
2422 4989 2631 5043 sublata
2674 4986 2842 5042 fuisse
2867 5005 2881 5055 ;
2907 4987 2980 5041 ita
3007 4994 3065 5039 ut
3099 5001 3280 5041 sacer-

1729 5083 1935 5146 dotum,
1966 5080 2382 5137 Sadduczeorum
2428 5088 2480 5134 et
2534 5077 2931 5134 Pharisaeorum
2975 5093 3043 5132 ne
3085 5092 3282 5133 nomen

1728 5175 1942 5243 quidem
1967 5180 2293 5256 superesset.

2001 5263 2080 5313 IX.
2102 5263 2408 5314 Traditiones
2445 5262 2665 5324 quaedam
2700 5260 2996 5312 Judmmm.

1798 5368 2143 5423 iiebraaorum
2187 5365 2526 5423 traditionem
2559 5365 2634 5418 ait
2660 5378 2813 5429 esse,
2857 5375 3003 5414 mare
3037 5358 3278 5413 Rubrum

1729 5465 1784 5517 in
1810 5461 2083 5516 duodecim
2125 5461 2376 5515 sectiones
2407 5459 2631 5511 divisum
2674 5456 2837 5525 fuisse
2870 5448 3149 5507 secundum
3181 5469 3281 5506 nu-

1676 5565 1681 5569 ⁴
1732 5575 1928 5613 merum
1951 5556 2220 5611 duodecim
2249 5552 2509 5616 tribuum,
2544 5551 2616 5604 ita
2649 5558 2707 5611 ut
2742 5546 2967 5615 singulae
3022 5545 3196 5599 tribus
3224 5545 3278 5597 in

1704 5638 2005 5715 assignato
2045 5643 2147 5698 sibi
2193 5646 2371 5695 meatu
2418 5636 2838 5708 pertransirent;
2887 5649 3005 5704 quin
3041 5634 3283 5687 narratio

1731 5754 1837 5792 non
1861 5738 2071 5791 Vldt'ltll‘
2100 5748 2224 5787 cum
2253 5731 2434 5785 divina
2459 5730 2739 5797 Scriptura
2760 5740 3080 5798 consonare,
3118 5734 3281 5795 atque

1734 5832 1853 5890 ideo
1894 5833 2033 5887 inter
2068 5826 2391 5884 Rabbinicas
2447 5824 2653 5879 fabulas
2700 5822 2844 5878 forte
2900 5821 3277 5891 computanda.
