3956 6340
639 378 708 433 59
1311 367 1578 422 EUSEBll
1619 361 2092 420 (ΣΑΞΞᾹῘΠΕΝΞΙΒ
2128 360 2213 416 ΟΡ

2318 355 2495 412 PARS
2527 353 2613 409 Ill.
2654 384 2723 396 --
2753 349 3162 405 EXEGETICA.
3790 343 3851 397 60

643 493 786 547 Inter
811 488 1154 544 Hebraeorum
1203 485 1521 540 traditiones
1557 484 1759 554 pariter
1807 479 2194 536 recensendum
2225 481 2268 536 Α
2297 451 2444 537 runt,
2490 476 2720 541 quorum
2759 467 2840 527 vis
2871 475 2924 520 et
2973 464 3239 519 sententia
3279 461 3515 515 nondum
3550 461 3851 554 (ἔρεθε-νοω,

642 591 725 639 est
752 582 891 652 quod
922 581 1080 634 habet
1104 578 1391 640 Eusebius,
1417 575 1638 630 Azotios
1659 573 1781 628 ideo
1807 573 1860 625 in
1881 569 2201 641 posteriori-

643 673 746 730 bus
775 681 825 728 et
876 670 1159 745 podicihus
1189 682 1481 742 percussos
1510 681 1654 728 esse,
1686 662 1832 734 quod
1883 662 1950 716 iis
1982 661 2036 714 in
2079 673 2203 728 par-

2303 517 2444 537 .....-,
2493 517 2720 541 ,νη---
2772 517 2837 527 .-γ
2876 517 2921 520 _-
3106 517 3117 518 ,
3839 517 3847 522 ν

2303 562 2687 632 interpretibus
2719 557 2937 616 errandi
2969 556 3187 612 occasio
3226 569 3348 610 esse
3375 517 3608 620 possinf.
3651 548 3851 617 Hujus-

2302 657 2444 713 modi
2470 663 2646 709 autem
2668 666 2838 723 pauca
2860 651 2942 704 his
2960 651 3014 702 in
3037 644 3442 702 commentariis
3465 649 3702 704 exstant,
3723 655 3854 710 quo-

643 767 785 821 tihus
815 744 1152 837 peccassent,
1190 769 1242 817 et
1274 761 1651 834 appsvoxoisat
1697 762 1902 817 essent,
1933 752 2038 808 nisi
2095 751 2204 805 ἴοι·-
2295 765 2420 822 [um
2453 745 2721 818 praecipua
2752 743 2841 797 hic
2884 739 3206 809 consignare
3241 742 3294 792 et
3323 734 3610 804 explanare
3643 731 3852 786 visura:

643 868 787 914 tasse
815 875 879 915 ea
911 855 1129 912 Eusebii
1157 854 1474 924 ipsius,.nec
1523 851 1591 905 ab
1644 849 1764 903 aliis
1795 856 2012 915 accepta
2042 842 2204 897 fuerit

642 968 845 1021 opimo.

643 1065 701 1116 Χ.
726 1064 1103 1115 Christianorum
1129 1060 1402 1169 frequerltéia
1426 1054 1779 1166 igMOabitide,
1805 1050 2129 1101 Ammonitide
2153 1053 2206 1097 et

879 1149 903 1169 ι
1367 1133 1443 1167 um
1491 1133 1536 1167 a.

879 1149 903 1179 δ
1311 1133 1536 1169 taumea.

716 1230 771 1284 In
810 1230 922 1284 haec
969 1228 1130 1282 verba
1195 1226 1331 1295 psal.
1383 1237 1515 1287 cvu,
1568 1219 1655 1278 10,
1706 1217 1737 1270 ι
1771 1215 1862 1269 .Jab
1917 1212 2048 1268 labes
2097 1214 2206 1282 spei

647 1340 792 1387 metu,
825 1325 875 1377 in
914 1321 1202 1375 Idumwam
1253 1314 1532 1371 extendam
1583 1310 1986 1364 calceamentum
2014 1321 2203 1370 meum,

647 1417 755 1470 duo
800 1415 956 1468 nobis
986 1410 1156 1481 aperit
1186 1389 1474 1467 Eusebius,
1509 1402 1760 1456 nimirum
1787 1398 2126 1452 Ammonitas
2152 1405 2207 1452 et

649 1506 913 1561 Moabitas
967 1504 1112 1557 inter
1167 1498 1372 1552 Arabas
1423 1510 1538 1550 aevo
1567 1509 1665 1550 suo
1699 1492 1855 1547 sedes
1911 1488 2202 1555 habuisse;

648 1603 883 1669 itemque
932 1611 1096 1668 penes
1145 1593 1500 1658 Ammonitas,
1551 1589 1812 1644 Moabitas
1843 1595 1896 1642 et
1945 1582 2207 1669 ld'umasos

651 1693 910 1747 infinitam
933 1661 948 1668 ’
975 1704 1095 1745 esse
1145 1687 1577 1741 Christianorum
1635 1661 2208 1740 multitudin‘em,‘hatc

649 1787 765 1854 ejus
806 1785 967 1838 verba
997 1788 1125 1836 sunt
1159 1799 1172 1834 :
1206 1777 1272 1831 Et
1305 1778 1413 1830 huic
1446 1790 1594 1843 opere
1628 1771 1887 1838 completa
1927 1767 2045 1821 licet
2083 1767 2207 1834 ipsis

650 1877 810 1929 oculis
844 1873 1100 1942 percipere
1126 1871 1213 1932 iis,
1270 1868 1358 1937 qui
1392 1867 1446 1918 in
1477 1864 1711 1917 Arabum
1753 1863 1956 1931 regione
1985 1857 2210 1928 peregri-

649 1974 863 2024 nantur,
923 1977 1037 2014 cum
1078 1957 1279 2011 videant
1339 1953 1605 2008 Moabitas
1636 1961 1683 2005 et
1727 1949 2078 2008 Ammonitas,
2127 1946 2213 2015 qui

650 2069 800 2123 penes
831 2052 950 2104 illos
984 2066 1170 2119 magno
1207 2062 1418 2100 numero
1472 2055 1615 2105 sunt,
1672 2042 1935 2096 Ecclesias
1990 2037 2086 2091 Dei
2121 2038 2216 2088 im»

650 2148 807 2213 plere.
845 2143 1214 2210 Similiterque,
1252 2159 1269 2189 ‹
1309 2139 1363 2191 in
1399 2136 1714 2195 Idumwam,
1749 2132 1944 2202 inquit,
1978 2143 2215 2183 consccn-

654 2239 776 2290 dum
825 2236 1168 2290 calceamento
1226 2247 1369 2291 meo,
1434 2249 1453 2281 ι
1493 2226 1778 2281 secundum
1818 2219 2210 2294 Symmachum.

657 2333 823 2397 Quam
869 2330 990 2382 item
1027 2323 1412 2402 praedictionem
1432 2321 1484 2372 in
1506 2326 1747 2387 promptu
1780 2324 1854 2368 est
1903 2312 2213 2381 completam

654 2421 821 2476 uidere
871 2420 935 2472 iis
962 2400 1047 2485 qui
1083 2420 1132 2468 in
1158 2414 1448 2468 Idumazam
1499 2408 1801 2471 concedunt,
1839 2414 1888 2459 et
1913 2400 2216 2457 multitudi-

656 2529 768 2566 nem
806 2507 1161 2562 Ecclesiarum
1200 2503 1296 2556 Dei
1335 2501 1407 2556 ibi
1445 2499 1806 2568 conspiciunt.
1838 2505 1896 2547 ut
1950 2501 2216 2547 cunctetur

655 2615 803 2653 nemo
827 2594 1082 2658 confiteri,
1117 2608 1226 2646 vere
1261 2592 1314 2645 in
1365 2593 1479 2642 loca
1502 2587 1600 2641 ilia
1654 2599 1988 2640 conscensum
2017 2581 2216 2651 factum

653 2707 783 2746 esse.
1676 2711 1716 2764 δ

660 2800 722 2850 XI
766 2797 1007 2848 Eusebius
1027 2797 1096 2846 ait
1117 2794 1348 2843 mundum
1371 2791 1603 2853 sphmrica
1625 2788 1772 2838 forma
1797 2799 1926 2838 esse.
1954 2786 2144 2836 Montes
2164 2789 2218 2833 et

1118 2863 1282 2918 petras
1304 2856 1486 2903 sensim
1512 2863 1762 2901 crescere.

727 2963 990 3017 Eusebius
1040 2958 1265 3029 qui,'uti
1298 2948 1570 3022 diximus,
1615 2937 2070 3024 descriptionibus
2104 2950 2216 3020 ple-

659 3069 884 3124 rumque
915 3051 1128 3124 gaudet,
1149 3050 1214 3103 ad
1239 3049 1511 3120 physicam
1543 3043 1768 3100 subinde
1798 3041 2217 3112 speculationem

2303 854 2426 898 nam
2450 838 2740 895 minutiora
2769 834 2836 890 ad
2858 833 3091 887 indicem
3122 843 3304 885 rerum
3335 826 3670 894 allegamus-

2422 933 2424 935 ί
2694 947 2732 998 ί.
2756 947 2902 999 Vocis
2936 959 3015 1014 βιρς
3040 955 3158 991 usus
3181 937 3472 1000 singularis.-

2376 1054 2678 1125 Singularis
2698 1061 2782 1108 est
2805 1047 2947 1118 apud
2972 1044 3262 1099 Eusebium
3286 1040 3432 1096 vocis
3458 1039 3568 1110 βίος
3587 1036 3857 1107 signiﬁca-

2304 1148 2378 1201 tio
2405 1163 2417 1198 :
2453 1143 2654 1214 passim
2681 1142 2878 1211 quippe
2897 1151 2995 1208 pro
3020 1149 3215 1206 genere
3250 1132 3526 1185 hominum
3553 1129 3817 1197 accipitur
3843 1146 3852 1179 :

2307 1239 2385 1292 sic
2407 1236 2544 1305 psal.
2567 1250 2620 1297 ν,
2640 1233 2676 1286 2
2696 1251 2708 1285 :
2731 1230 2977 1293 Τοιοῦτος
3011 1227 3107 1298 μὲν
3128 1219 3218 1278 οὖν
3239 1222 3527 1292 ἐτύγχανεν
3551 1221 3660 1281 πᾶς
3692 1219 3720 1269 ὁ
3761 1218 3857 1288 πρὸ

2305 1329 2400 1398 τῆς
2425 1325 2517 1380 τοῦ
2538 1325 2781 1402 Σωτῆρος
2805 1321 2956 1394 ἡμῶν
2976 1316 3272 1391 παρουσίας
3295 1313 3423 1384 βίος,
3452 1312 3506 1366 id
3535 1321 3642 1377 est,
3673 1309 3861 1377 Hujus-

2306 1393 2448 1474 τηοάὶ
2461 1393 2701 1488 profecto
2721 1393 2966 1472 eratante
2986 1411 3278 1468 Saluatoris
3304 1407 3577 1461 adventum
3595 1411 3759 1457 totum
3782 1401 3859 1451 ho-
3938 1393 3939 1396 “

2306 1513 2504 1566 minum
2532 1525 2689 1581 genus
2716 1525 2733 1563 :
2761 1515 2815 1563 et
2830 1505 2965 1578 psal.
2987 1520 3152 1571 van,
3175 1518 3315 1561 vers.
3338 1501 3371 1557 5
3397 1500 3543 1553 :"Iva
3572 1495 3682 1567 γὰρ
3701 1492 3856 1561 ἐπιϐῇ
3938 1563 3939 1566 η

2310 1612 2338 1662 ὁ
2359 1607 2488 1670 Θεὸς
2512 1605 2588 1675 τῷ
2614 1606 2722 1658 τῶν
2745 1600 3040 1674 ἀνθρώπων
3070 1598 3187 1668 βίῳ,
3216 1600 3316 1651 hoc
3341 1605 3442 1662 est,
3475 1593 3610 1646 Nam
3644 1604 3699 1644 ut
3728 1592 3859 1644 Deus

2314 1701 2382 1752 ad
2413 1699 2680 1750 hominum
2708 1709 2866 1763 genus
2899 1690 3177 1755 accederet,
3210 1699 3260 1740 et
3287 1687 3483 1756 passim
3512 1686 3646 1739 alios
3677 1701 3689 1734 :
3718 1684 3860 1737 item-

2313 1803 2419 1858 que
2452 1788 2503 1839 in
2531 1785 2637 1839 ﬁne
2663 1799 2716 1836 vt
2749 1782 2868 1835 libri
2899 1778 3304 1846 Prwparationis
3331 1777 3656 1847 evangelicae,
3679 1777 3709 1828 ὁ
3732 1775 3863 1844 σύμ-
3938 1775 3939 1782 ‘

2315 1895 2425 1940 πας
2457 1875 2561 1928 τῶν
2592 1874 2887 1945 ἀνθρώπων
2921 1872 3050 1942 βίος,
3075 1871 3367 1924 uniuersum
3395 1858 3659 1923 hominum
3686 1884 3856 1937 genus.
3938 1883 3939 1886 η

2319 1969 2577 2023 Similiter
2628 1967 2988 2030 Athanasius,
3035 1959 3076 2018 t.
3109 1963 3160 2029 Ι,
3215 1978 3338 2033 pag.
3377 1961 3532 2024 1255,
3567 1959 3859 2023 καταλαζο-

2319 2060 2592 2130 νευόμενοι
2630 2059 2723 2112 τοῦ
2767 2058 2871 2111 τῶν
2916 2055 3210 2126 ἀνθρώπων
3241 2053 3375 2131 βίου’,
3417 2050 3628 2120 superbe
3659 2063 3860 2121 agentes

2319 2152 2592 2204 adversum
2611 2165 2780 2219 genus
2823 2149 3128 2201 humanum.
3168 2146 3286 2212 Quo
3322 2145 3481 2199 etiam
3525 2156 3626 2196 usu
3666 2145 3717 2194 in
3753 2141 3862 2193 aliis

2315 2243 2442 2297 item
2477 2241 2834 2310 scriptoribus
2871 2240 3125 2304 occurrit,
3171 2249 3221 2292 et
3252 2238 3316 2290 in
3358 2234 3626 2290 Heliodori
3655 2231 3866 2286 Ethio-

2320 2337 2457 2406 picis
2481 2351 2586 2390 nou
2618 2334 2784 2389 semel
2812 2333 3148 2388 observatur.
3175 2337 3185 2357 τ

2797 2436 2873 2485 IL-
2890 2435 3113 2495 Itemque
3138 2447 3202 2482 τοῦ
3226 2438 3344 2480 δοιιῑν

2382 2519 2632 2572 ᾹΙὶενινος
2653 2523 2756 2580 θεὶς
2776 2516 2830 2569 in
2850 2530 2955 2584 qua
2985 2515 3109 2567 item
3141 2511 3331 2566 Latine
3358 2504 3733 2562 transferenda
3762 2517 3858 2555 non

2313 2610 2471 2679 pauci
2502 2610 2822 2679 interpretes
2870 2606 3145 2666 labuntur,
3191 2599 3627 2659 scilicet-60mm,
3670 2595 3862 2653 uideri,
3938 2639 3939 2644 η

2313 2699 2488 2762 δοκεῖ,
2543 2700 2786 2756 videtur:
2833 2694 2976 2764 quod
3021 2693 3242 2746 verbum
3280 2690 3439 2759 vulgo
3472 2694 3767 2755 usurpatur
3805 2682 3861 2732 ad

2314 2788 2660 2844 minuendam
2677 2786 3083 2840 aﬂirmationem
3105 2801 3118 2849 ;
3138 2783 3211 2836 ita
3240 2787 3299 2834 ut
3325 2781 3394 2844 si,
3424 2776 3571 2832 verbi
3595 2786 3783 2832 causa,
3807 2770 3866 2823 de

2316 2881 2567 2950 quopiam
2587 2878 2819 2940 dicatur,
2842 2877 2987 2930 δοκεῖ
3018 2871 3152 2927 εἶναι
3175 2869 3367 2940 ⁸σοφός,
3408 2869 3617 2923 videtur;
3648 2879 3760 2917 esse
3783 2878 3864 2915 sa-

2315 2975 2484 3050 piens,
2514 2972 2568 3025 id
2592 2978 2650 3024 ut
2685 2973 3057 3025 ssseveranter
3073 2965 3289 3020 dictum
3323 2960 3753 3033 nonhabeatur,
3777 2954 3864 3010 sed

2317 3064 2709 3119 dubitationem
2751 3059 3038 3132 quamdam
3077 3057 3345 3129 praeferat.
3387 3053 3586 3108 Verum
3624 3051 3865 3120 frequen-

661 3146 906 3199 νθτίίίυτ·
943 3143 1030 3195 Au
1055 3157 1181 3197 vero
1212 3157 1319 3196 "0“
1364 3153 1472 3193 “"0
1502 3138 1620 3192 loco
1667 3135 1928 3191 mundum
1954 3131 2218 3204 spha’rica
2245 3160 2286 3218 C
2320 3156 2528 3211 tissime
2560 3153 2699 3224 apud
2729 3131 3022 3220 seriptores
3050 3147 3419 3203 benemultos
3447 3143 3593 3196 δοκεῖ
3616 3142 3753 3195 nihil
3777 3140 3867 3193 mi-

631 3236 834 3313 ‘forma
888 3251 1008 3290 esse
1066 3254 1078 3288 :
1145 3249 1264 3304 quae
1313 3233 1496 3302 opinio
1541 3231 1668 3286 olim
1714 3228 2019 3300 agitabatur
2074 3227 2219 3281 inter

664 3330 994 3398 scriptores;
1041 3327 1162 3381 aliis
1208 3326 1444 3394 planam,
1478 3322 1752 3376 montibus
1795 3330 1973 3374 tamen
2022 3318 2219 3384 distin-

663 3433 826 3482 ctam,
852 3426 1008 3471 terra:
1036 3414 1370 3485 superﬁciem
1424 3398 1866 3483 praedicantibus,
1910 3425 1940 3465 e
1991 3424 2220 3479 quorum

666 3524 892 3564 numero
934 3508 1267 3581 Augustinus
1318 3513 1370 3560 et
1417 3503 1644 3559 Cosmas
1692 3501 1978 3571 £gyptiu_s
2033 3515 2222 3555 mona-

667 3601 822 3663 chus,
877 3601 968 3669 qui
1016 3599 1211 3667 librum
1266 3613 1326 3650 ea
1384 3595 1450 3649 de
1499 3610 1558 3647 re
1609 3589 1774 3647 edidit
1810 3590 2268 3660 Topographiam”

665 3689 1029 3746 Christianam
1060 3688 1410 3756 inscriptum,
1449 3684 1542 3737 ubi
1587 3682 1850 3751 sphaeram
1910 3681 2080 3736 sacris
2114 3679 2225 3732 Lit-

667 3781 800 3834 teris
849 3787 1030 3847 aperte
1058 3793 1358 3849 repugnare
1383 3773 1660 3830 contendit
1695 3774 1783 3828 ille
1803 3766 1825 3840 ς’
1847 3773 1968 3826 aliis
2016 3786 2220 3835 veram,

671 3879 723 3925 et
748 3871 1111 3940 experimento
1153 3872 1367 3925 domum
1398 3877 1660 3924 assertam
1690 3905 1705 3930 ,
1736 3866 2040 3935 opinionem
2071 3851 2225 3919 tuen-

671 3964 837 4032 tibus,
894 3962 1069 4031 qualis
1115 3961 1397 4024 Eusebius,
1449 3959 1540 4032 qui
1590 3959 1848 4012 mundum
1903 3957 2223 4026 sphaericum

671 4069 792 4109 esse
845 4068 951 4107 non
1005 4052 1168 4106 semel
1195 4051 1472 4116 indicavit.
1507 4049 1635 4104 Eam
1668 4058 1847 4105 tamen
1879 4048 2221 4109 sententiam,

673 4162 778 4200 non
809 4151 866 4198 ut
887 4159 1049 4197 suam
1081 4143 1190 4207 ille,
1222 4141 1317 4197 sed
1347 4148 1406 4195 ut
1436 4140 1665 4194 aiienam
1700 4140 1871 4195 aﬁ‘ert.
1918 4138 2224 4194 Verisimile

675 4236 810 4291 item
832 4235 1125 4290 arbitratur
1153 4241 1362 4287 montes
1421 4239 1474 4288 et
1504 4239 1682 4302 petras
1716 4231 1916 4287 sensim
1958 4244 2225 4290 crescere,

671 4336 836 4397 atque
866 4327 1092 4384 occultis
1121 4327 1436 4396 intimisque
1469 4323 1814 4378 incrementis
1843 4324 2073 4390 majores
2103 4337 2227 4375 eva-

669 4421 801 4474 dere
821 4435 979 4489 ;.quat
1006 4418 1384 4492 quorumdam,
1411 4416 1584 4487 inquit
1607 4415 1716 4476 ille,
1733 4414 1817 4469 sui
1839 4411 1934 4466 aevi
1962 4414 2227 4500 physiolo-

674 4525 863 4583 gorum
890 4520 1004 4570 erat
1025 4511 1206 4579 Opinio
1223 4528 1236 4576 ;
1253 4519 1312 4563 ut
1334 4510 1492 4578 jame
1513 4506 1714 4562 nostris
1732 4505 1967 4584 suntqui
1995 4493 2224 4575 idipsum
2258 4493 2301 4549 ι)

676 4607 1033 4672 propugnent,
1061 4600 1549 4670 esperimentisque
1577 4596 1881 4652 manifestis
1924 4609 2033 4651 rem
2080 4612 2224 4651 coui-

679 4692 893 4764 probari
918 4690 1202 4746 aﬂirment.

1289 4798 1514 4857 CAPUT
1554 4799 1622 4855 Χ.

680 4931 745 4970 DI
797 4930 1084 4971 [DIO'I'ISIIS
1130 4931 1333 4971 EUSEBII
1374 4929 1426 4967 IN
1459 4929 1543 4968 HIS
1579 4929 2009 4976 COIIENTARHS,
2062 4929 2128 4966 ΕΤ
2165 4929 2227 4966 DE

848 5001 1118 5041 SINGULABI
1149 5000 1470 5048 οωιιυκωιι
1506 4998 1681 5043 ῗοῦῠκ
1712 4999 2060 5039 ειακιγιωτυ.

682 5091 725 5152 Ι.
767 5096 917 5180 vocis
938 5094 1226 5180 ,IB'lpcltsus
1267 5098 1567 5180 singularis.
1609 5094 1961 5180 ‘1‘]..Itemque
1998 5093 2102 5180 τοῖξ
2137 5093 2231 5180 ξο-

932 5162 1502 5248 ΗζζιἙ-ψγχᾶνειν
1531 5166 1653 5236 quid
1671 5162 2234 5248 signiﬁc'at'gputinu-

755 5236 969 5289 sebium.
998 5233 1026 5287 1
1041 5233 1099 5286 γ.
1122 5233 1475 5302 Hegio—rami;
1492 5233 1584 5304 pro
1600 5233 1920 5290 calamitate.
1958 5236 2015 5289 V.
2067 5237 2211 5286 ’Υπα

756 5307 955 5358 norisne
981 5304 1302 5374 respondere.
1348 5304 1442 5361 VI.
1479 5307 1771 5375 Σωτήρως
1791 5307 1934 5376 quid,
1960 5317 2057 5360 etc.

757 5414 872 5471 Etsi
900 5433 928 5471 a
952 5418 1134 5473 multis
1170 5418 1458 5490 Graeceque
1487 5420 1829 5489 peritissimis
1852 5419 2003 5481 viris,
2043 5421 2096 5474 in
2123 5418 2234 5472 col-

687 5505 1246 5576 ligendatimcarum
1301 5511 1539 5566 omnium
1602 5526 1796 5567 vocum
1851 5511 2235 5581 signiﬁcatione

688 5605 837 5650 tanta
866 5604 937 5651 stt
970 5598 1234 5654 industria
1264 5595 1607 5665 desudatum,
1637 5611 1693 5657 ut
1725 5615 1990 5672 perpauca
2029 5604 2138 5671 jam
2169 5602 2235 5655 ad

690 5689 979 5768 perfectam
1014 5687 1316 5745 Graecorum
1355 5680 1679 5759 scriptorum
1709 5690 2112 5759 intelligentiam
2143 5687 2236 5743 de-

691 5777 1026 5858 ..idereuturg
1061 5781 1288 5838 subinde
1310 5790 1488 5838 tamen
1518 5782 1738 5852 nomina
1757 5781 2024 5852 verbaque
2045 5796 2234 5837 occurv

2322 3250 2439 3303 nuit
2472 3245 2902 3308 amrmationem,
2943 3247 3001 3295 ut
3042 3239 3272 3308 exempli
3308 3239 3480 3308 gratia
3521 3237 3573 3290 in
3611 3235 3698 3288 his
3732 3248 3868 3286 com-

2296 3338 2600 3401 ‘mentariis
2636 3336 2701 3390 ad
2722 3336 2984 3405 psalmum
3010 3345 3198 3394 cxvut,
3229 3328 3526 3393 vers.~156,
3557 3327 3623 3382 de
3659 3325 3767 3379 Deo
3791 3323 3866 3377 di-

2323 3438 2463 3490 citur
2499 3431 2831 3492 δικαιότατος
2865 3424 3000 3481 εἶναι
3040 3425 3327 3488 δοκεῇὐϋὶ
3387 3421 3704 3479 vertendum
3764 3421 3870 3473 sine

2323 3529 2506 3592 dubio,
2544 3525 2869 3594 justissimus
2913 3533 3008 3575 est.
3047 3517 3610 3587 innumeraproferri
3661 3519 3870 3584 possent

2323 3634 2444 3672 cum
2471 3633 2536 3671 ex
2562 3615 2814 3676 Eusebio,
2854 3621 2965 3665 tum
2991 3625 3055 3664 ex
3083 3610 3203 3664 aliis
3231 3607 3589 3676 scriptoribus
3614 3602 3865 3670 exempla.

2325 3707 2414 3763 Sic
2443 3709 2580 3778 apud
2612 3705 2988 3764 Athanasium,
3052 3701 3137 3753 ἵνα
3173 3699 3345 3753 τοίνυν
3372 3699 3463 3751 καὶ
3490 3690 3563 3750 ὧν
3600 3694 3869 3762 ἐπιθυμεῖς

2323 3800 2672 3870 τετυχηκέναι
2711 3795 2942 3864 δοκοίης,
2988 3802 3044 3844 ut
3087 3792 3245 3859 igitur
3288 3798 3482 3859 optatas
3524 3784 3865 3841 consenuerit.

2327 3890 2432 3946 Sed
2455 3893 2564 3955 jam
2601 3890 2703 3943 hac
2730 3888 2797 3942 de
2828 3903 2887 3941 re
2917 3893 3203 3939 tractatum
3228 3899 3257 3938 a
3281 3883 3438 3937 nobis
3475 3888 3577 3936 est.

2508 4001 2588 4049 lll.
2612 4004 2845 4063 ἐντυηάνιιν
2861 3999 2976 4060 quid
2994 3997 3240 4060 significa
3259 3996 3387 4058 apud
3411 3993 3693 4044 Eusebium.

2395 4107 2452 4161 ln
2478 4105 2826 4160 Onomastico
2855 4104 2919 4158 ad
2943 4102 3222 4157 Athanasii
3248 4101 3422 4171 Opera
3455 4101 3760 4155 monuimus
3783 4112 3870 4148 vo-

2325 4193 2439 4256 cem
2471 4187 2810 4269 ἐντυγχάνειν
2843 4197 3159 4267 plerumque
3190 4190 3515 4264 signiﬁcare,
3549 4190 3786 4260 conqueri
3816 4186 3871 4238 de

2327 4292 2536 4362 aliqua,
2585 4305 2862 4350 accusare,
2917 4287 3215 4355 petitionem
3283 4283 3529 4337 adversus
3587 4279 3868 4351 quempiam

2325 4382 2545 4451 principi
2591 4381 2666 4435 uel
2705 4376 3042 4447 magistratui
3078 4375 3262 4442 o/Ierre
3285 4391 3302 4426 :
3343 4382 3397 4428 et
3430 4388 3614 4428 vocem
3642 4369 3887 4437 ὲντυχίά,,

2325 4475 2621 4544 petitionem
2651 4471 2914 4525 adversus
2938 4467 3196 4536 aliquem,
3225 4465 3337 4521 sive
3369 4464 3749 4518 accusationem
3778 4474 3867 4513 ex-

2323 4566 2573 4636 primere.
2634 4562 2836 4616 Eodem
2870 4574 2973 4613 usu
3023 4557 3469 4627 κατεντυγχάνειν
3507 4554 3562 4608 in
3605 4553 3689 4606 his
3734 4567 3869 4604 com-

2322 4657 2602 4712 mentariis
2621 4652 2879 4713 occurrit,
2903 4665 2984 4721 ps.
3011 4651 3222 4715 “11,2:
3245 4645 3489 4720 Ἥρμοζε
3507 4644 3563 4696 δὲ
3585 4642 3652 4697 τὰ
3669 4642 3868 4714 προκεί-

2328 4761 2459 4814 μενα
2484 4744 2575 4798 καὶ
2619 4741 2694 4810 τῷ
2733 4741 2982 4813 προφήτῃ
3025 4739 3199 4809 Ἠλίᾳ,
3234 4738 3292 4799 ὃς
3336 4735 3488 4802 ἔλεγε
3527 4734 3866 4802 γατεντυγχά-

2325 4851 2428 4888 νων
2480 4833 2569 4886 τοῦ
2611 4831 2773 4884 λαοῦ·
2823 4831 3030 4898 Κύριε,
3081 4829 3222 4896 τοὺς
3263 4823 3571 4894 προφήτας
3617 4840 3728 4877 σου
3772 4825 3866 4875 ἀπ-

2325 4927 2611 4986 έκτειναν,
2655 4922 2751 4976 καὶ
2784 4921 2854 4975 τὰ
2885 4916 3276 4985 θυσιαστήριά
3319 4931 3432 4970 σου
3479 4913 3863 4983 κατέσκαψαν.

2327 5017 2379 5071 id
2414 5026 2495 5071 est
2536 5033 2548 5066 :
2593 5014 2716 5067 Haec
2737 5029 2891 5079 porro
2928 5012 3093 5067 Helia:
3121 5008 3381 5076 prophetia
3395 5007 3761 5082 congruebant,
3788 5009 3866 5074 qui

2331 5107 2549 5160 Domino
2593 5114 2773 5158 contra
2812 5088 3059 5174 populum
3099 5097 3401 5167 supplicans
3439 5099 3514 5150 ita
3559 5097 3862 5167 loquebatur,

2337 5216 2353 5248 ι
2395 5197 2632 5259 Domine,
2682 5196 2959 5266 prophetas
2998 5201 3111 5245 tuos
3142 5188 3458 5254 occiderunt,
3485 5200 3532 5243 et
3559 5189 3872 5246 alt’aria.,tsa

2346 5294 2725 5353 subrerterunt,
2751 5296 2859 5344 etc.

2716 5384 2718 5386 ⁷
2749 5397 2829 5449 IV.
2863 5412 3080 5460 αιρισησις
3108 5408 3195 5458 pro
3218 5397 3511 5448 calamitate.

2402 5506 2723 5576 Περίπασις
2799 5504 2940 5559 idem
2988 5503 3091 5558 sibi
3128 5503 3241 5556 vult
3283 5502 3426 5574 quod
3469 5496 3862 5554 circumstantia,

2335 5597 2472 5666 apud
2499 5597 2915 5662 Quintilianum,
2952 5593 3210 5650 Senecam
3250 5604 3302 5650 et
3329 5593 3393 5647 Δ.
3412 5583 3662 5650 Gellium.
3690 5587 3859 5644 Verum

2335 5690 2622 5758 aliquando
2664 5687 2929 5756 signiﬁcat
2973 5701 3291 5750 aerumnam,
3336 5682 3629 5738 infaustum
3677 5695 3858 5735 casum.

2335 5780 2714 5836 calamitatem.
2743 5776 2861 5846 Quo
2888 5793 3049 5833 sensu
3076 5790 3287 5833 semper
3306 5774 3359 5827 in
3384 5773 3467 5827 his
3487 5769 3866 5830 commentariis
