3956 6340
2872 257 2888 290 ο

654 371 729 453 63
1343 392 1609 449 EUSEBII
1647 367 2122 448 CJESARIENSIS
2160 387 2308 442 OPP.
2342 385 2538 440 PARS.
2583 384 2670 441 Ill.
2711 418 2779 425 —
2819 383 3220 440 EXEGETICA.
3771 383 3829 437 (ii

1862 709 1967 768 DE
2011 705 2658 768 CONTINUATIONE

968 885 2111 1014 COMMENTARIOVRUM
2189 882 2660 972 EUSEBII
2751 812 3538 972 C/ESARiENSIS

1284 1083 1337 1143 Α
1392 1077 1719 1143 PSALMO
1752 1077 1948 1140 CXIX
1997 1075 2252 1150 USQUE
2307 1074 2420 1135 AD
2468 1071 2846 1135 PSALTER.

1682 1077 1719 1139 9
1752 1077 1948 1140 CXIX
1997 1075 2252 1150 USQUE
2307 1074 2420 1135 AD
2468 1071 2916 1135 PSALTERII
2964 1071 3244 1136 FINEM

1722 1203 2202 1331 Romanis
2280 1250 2796 1328 MONITUM.

1141 1435 1363 1508 (Angelo
1396 1432 1520 1499 ΜΑι,
1559 1431 1883 1486 Bibliotheca
1912 1448 2043 1485 nova
2075 1429 2318 1493 Patrum,
2351 1434 2392 1482 ι.
2428 1426 2517 1490 1V,
2564 1444 2616 1498 p.
2672 1427 2703 1481 6

1786 1448 1883 1485 eca
1912 1448 2043 1485 nova
2075 1429 2318 1493 Patrum,
2351 1434 2392 1482 t.
2428 1426 2517 1490 1V,
2564 1444 2616 1498 p.
2672 1427 2758 1481 65.
2795 1428 2974 1481 Romae
3005 1426 3158 1491 1847,
3197 1426 3348 1500 ἱιι-ι.)

679 1729 681 1732 .
733 1680 825 1733 Vir
858 1680 1206 1746 doctissimus,
1239 1691 1286 1735 et
1319 1682 1382 1735 de
1427 1680 1592 1735 sacris
1624 1680 1838 1734 Litteris
1869 1682 2234 1737 immortaliter
2276 1683 2509 1744 meritus,
2554 1698 2614 1734 ac
2651 1680 2915 1734 Haurince
2957 1681 3175 1750 familia:
3223 1698 3477 1735 summum
3517 1682 3693 1745 decus,
3728 1681 3841 1736 Ber-

657 1775 852 1827 nardus
897 1775 1321 1844 Montfauconius
1354 1778 1405 1828 in
1446 1776 1752 1843 prttfatione
1786 1774 1852 1826 ad
1897 1775 2104 1829 Eusebii
2133 1777 2470 1830 Caesariensis
2498 1791 2626 1843 quos
2668 1773 2827 1826 edidit
2864 1773 3276 1828 Commentarios
3313 1775 3379 1827 ad
3405 1772 3744 1837 Psalterium,
3777 1777 3840 1826 ait

656 1883 707 1935 p.
739 1881 797 1919 ιιι
835 1885 847 1919 :
887 1884 904 1915 ι
948 1864 1125 1934 Neque
1167 1873 1338 1916 tamen
1369 1863 1420 1916 id
1452 1864 1690 1932 consequi
1720 1866 2002 1931 potuimus,
2038 1877 2092 1917 ut
2127 1876 2287 1919 totum
2317 1864 2740 1918 commentarium
2770 1863 2837 1916 ad
2859 1864 3097 1917 ultimum
3129 1881 3287 1933 usque
3322 1866 3580 1933 psalmum
3603 1882 3667 1921 ει.
3693 1868 3744 1919 iu
3770 1867 3840 1917 lu-

657 1975 763 2010 cem
789 1957 1019 2026 proferre
1045 1956 1220 2008 liceret
1247 1972 1264 2008 :
1296 1957 1347 2007 in
1394 1956 1536 2007 nullo
1567 1957 1703 2009 enim
1738 1972 1800 2009 ex
1839 1959 2135 2009 memoratis
2165 1957 2425 2010 codicibus
2455 1955 2593 2007 ultra
2620 1970 2780 2008 cxvm
2831 1958 3089 2024 psalmum
3117 1955 3380 2025 quidpiam
3412 1957 3646 2024 offertur.
3679 1956 3841 2023 Quod-

657 2067 752 2120 que
780 2067 870 2118 per
901 2049 1026 2101 mihi
1054 2050 1242 2101 mirum
1282 2049 1447 2101 visum
1465 2057 1562 2112 est,
1599 2047 1805 2102 Catena:
1833 2048 1944 2102 illa:
1968 2047 2136 2117 Regia:
2165 2045 2497 2118 (Parisiacte)
2526 2063 2639 2116 qua:
2670 2063 2828 2116 usque
2856 2047 2924 2100 ad
2945 2061 3107 2100 cxvut
3136 2046 3393 2114 psalmum
3421 2050 3841 2118 interpretationi-

661 2145 753 2199 bus
798 2143 1002 2197 Eusebii
1025 2152 1262 2203 utuntur,
1300 2143 1373 2194 ita
1403 2151 1457 2194 ut
1481 2142 1654 2194 nullus
1680 2152 1900 2196 veterum
1931 2143 2261 2207 interpretum
2293 2140 2421 2192 adeo
2449 2139 2796 2208 frequentatus
2836 2150 3095 2212 occurrat,
3125 2141 3174 2192 in
3200 2155 3361 2195 cxvm
3388 2141 3590 2208 psalmo
3612 2143 3685 2195 ita
3705 2144 3842 2211 finem

659 2240 858 2307 [aciuut
890 2238 1165 2292 Eusebium
1190 2240 1241 2290 in
1275 2237 1497 2290 medium
1527 2237 1798 2305 afferendi,
1827 2247 1882 2290 ut
1913 2253 1973 2289 ne
1994 2238 2198 2289 verbum
2215 2235 2416 2304 quidem
2452 2234 2667 2288 ulterius
2692 2234 2900 2309 Eusebii
2921 2245 3234 2302 compareat.
3261 2233 3402 2288 Unde
3418 2237 3704 2304 conjectare
3727 2238 3843 2306 forte

661 2335 831 2395 liceat,
859 2352 888 2387 a
909 2334 1085 2387 multis
1095 2336 1208 2402 jam
1235 2333 1440 2386 stecut‘is
1465 2330 2102 2386 EusebiiCommentarios
2119 2330 2213 2382 hac
2229 2331 2509 2398 posteriore
2534 2331 2615 2392 sui
2627 2339 2772 2396 parte
2793 2328 3056 2385 truncatas
3075 2328 3405 2382 librariorum
3427 2330 3628 2383 incuria
3644 2331 3838 2399 fuisse.»

661 2425 728 2479 Et
756 2427 960 2498 quidem
1000 2425 1424 2494 Montfauconius
1478 2434 1610 2477 recte
1649 2440 1741 2476 nos
1789 2437 1978 2488 monet,
2012 2422 2292 2475 Eusebium
2331 2422 2385 2473 in
2421 2431 2582 2473 totum
2618 2436 2793 2486 reapse
2839 2420 3155 2474 Psalterium
3188 2422 3474 2490 scripsisse,
3511 2431 3633 2475 teste
3675 2421 3844 2475 Hiero-

659 2535 813 2588 nymo
849 2518 922 2572 De
956 2520 1140 2586 script.
1166 2519 1325 2577 eccl.,
1360 2531 1473 2582 cap.
1505 2516 1562 2568 81
1593 2533 1605 2568 :
1637 2533 1654 2565 ι
1699 2513 1950 2567 Eusebius
1986 2515 2038 2566 in
2065 2529 2126 2566 CL
2152 2512 2378 2578 psalmos
2420 2510 2802 2564 eruditissimos
2835 2510 3244 2566 Commentarios
3280 2513 3458 2566 edidit.
3499 2533 3517 2564 ι
3556 2512 3622 2564 Et
3655 2514 3705 2565 in
3751 2513 3844 2578 epi-

659 2611 798 2665 stola
843 2611 928 2674 75,
960 2610 1025 2663 ad
1067 2611 1458 2680 Augustinum:
1500 2626 1517 2663 ι
1557 2606 1794 2660 Psalmos
1841 2606 2163 2674 interpretati
2199 2616 2316 2657 sunt
2365 2603 2502 2667 apud
2546 2601 2751 2657 θνητος
2794 2605 2993 2664 primus
3026 2605 3290 2686 Origenes.
3326 2605 3577 2663 secundus
3611 2604 3842 2665 Eusebius

571 2721 580 2730 ·
662 2702 1022 2770 Casariensis,
1067 2743 1078 2756 .
1124 2745 1135 2758 .
1182 2743 1196 2757 .
1235 2702 1298 2758 de
1320 2705 1516 2776 integro
1546 2700 1880 2758 Psalmorum
1919 2721 2130 2773 corpore
2151 2698 2388 2760 dicimus.
2430 2725 2448 2757 ›
3469 2739 3473 2743 -
3801 2699 3804 2702 ’

735 2818 831 2873 His
858 2838 949 2890 ego
990 2820 1128 2890 apud
1162 2820 1614 2893 Montfauconium
1663 2821 1828 2882 lectis,
1859 2830 1907 2874 et
1934 2839 2046 2874 cum
2091 2839 2152 2876 ne
2185 2823 2321 2889 apud
2376 2822 2613 2878 Corderii
2643 2823 2845 2893 quidem
2893 2823 3141 2879 Catenam
3190 2823 3467 2878 Eusebium
3521 2824 3722 2892 uspiam
3746 2836 3844 2893 post

661 2912 856 2966 dictum
907 2915 1181 2967 terminum
1233 2891 1440 2965 laudari
1470 2913 1712 2975 viderem,
1745 2915 1957 2981 quwsivi
1985 2914 2161 2967 sedulo
2196 2917 2246 2966 in
2288 2915 2553 2970 Vaticanis
2593 2891 2856 2970 codicibus
2888 2919 3118 2988 nunquid
3147 2918 3280 2987 forte
3319 2918 3524 2979 lateret,
3560 2891 3694 2985 quod
3721 2891 3845 2967 ultra

664 2992 967 3074 pra’dictam
993 3007 1104 3074 ejus
1131 3005 1405 3059 editionem
1441 3015 1753 3058 excurreret.
1799 3004 1866 3058 Et
1895 3007 2123 3059 continui
2155 3009 2358 3075 quidem
2390 3010 2767 3071 commentarii,
2795 3010 2965 3078 qualis
3003 3009 3138 3079 apud
3166 3008 3614 3077 Montfauconium
3642 3016 3736 3068 est,
3758 3015 3844 3059 tres

665 3099 770 3152 vidi
797 3098 992 3152 codices
1031 3097 1326 3160 Vaticanos,
1365 3115 1584 3168 quorum
1615 3108 1786 3151 tamen
1834 3097 2008 3152 nullus
2042 3099 2180 3153 ultra
2217 3102 2475 3169 psalmum
2514 3117 2643 3164 cxn,
2686 3114 2874 3170 praeter
2914 3104 3208 3172 interjectas
3249 3103 3483 3163 lacunas,
3535 3099 3840 3168 procedebat.
3926 3103 3927 3114 ‘

669 3193 807 3262 Ergo
837 3194 904 3247 ad
933 3193 1158 3247 Catenas
1203 3193 1484 3247 Vaticanus
1526 3210 1825 3256 conversus,
1859 3193 1912 3245 in
1939 3193 2122 3261 quibus
2155 3193 2362 3248 Eusebii
2393 3193 2659 3248 abundant
2687 3205 2949 3263 excerpta,
2982 3196 3033 3247 in
3074 3195 3326 3264 plerisque
3355 3193 3526 3262 utique
3566 3192 3744 3261 agnovi
3770 3191 3848 3243 de-

667 3291 819 3358 ficere
856 3290 1062 3342 omnino
1103 3287 1379 3341 Eusebium
1418 3298 1531 3356 post
1567 3288 1824 3356 psalmum
1855 3301 2040 3346 cxvm,
2074 3303 2186 3356 quae
2217 3303 2294 3340 res
2336 3303 2451 3339 cum
2486 3285 2866 3355 Montfauconii
2904 3285 2966 3339 de
3012 3286 3297 3340 Parisiacis
3329 3284 3536 3339 Catenis
3564 3283 3842 3335 narratione

668 3380 923 3449 congruit.
960 3379 1060 3432 Sed
1109 3388 1280 3432 tamen
1318 3378 1452 3448 quod
1481 3379 1598 3432 huic
1640 3377 1791 3431 docto
1835 3377 2020 3430 editori
2051 3394 2150 3430 non
2184 3377 2384 3447 obtigit,
2417 3388 2472 3428 ut
2518 3378 2659 3430 ultra
2696 3395 2812 3431 eum
2863 3380 3136 3432 terminum
3171 3375 3468 3447 pra'tervehi
3513 3384 3705 3444 posset,
3735 3373 3842 3425 mihi

669 3471 932 3527 commode
961 3489 1021 3526 ac
1066 3473 1284 3541 feliciter
1327 3471 1524 3524 obvenit
1554 3488 1570 3524 :
1600 3471 1784 3523 etenim
1815 3470 1948 3522 inter
1996 3480 2066 3521 tot
2112 3469 2413 3532 Vaticanas,
2453 3478 2553 3523 tres
2586 3471 2753 3523 inveni
2785 3470 3033 3535 Catenas,
3056 3472 3124 3523 'in
3160 3469 3344 3540 quibus
3382 3466 3591 3520 Eusebii
3624 3473 3848 3532 excerpta

671 3581 770 3618 non
795 3562 1163 3617 contemnenda
1199 3580 1356 3632 usque
1401 3564 1467 3615 ad
1498 3560 1748 3615 Psalterii
1780 3561 1930 3629 ﬁnem
1960 3559 2213 3629 leguntur.
2264 3559 2446 3614 Prima
2475 3571 2551 3616 est
2592 3573 2772 3616 catena
2801 3564 3076 3631 pervetusti
3114 3560 3426 3615 membranei
3449 3558 3662 3622 codicis,
3687 3555 3843 3611 steculi

574 3720 580 3724 ε
672 3656 830 3731 ferme
853 3671 904 3708 ιι
929 3672 1076 3724 quem
1106 3656 1159 3708 in
1183 3655 1366 3724 Cyrilli
1390 3654 1612 3708 editione
1636 3653 1708 3724 (in
1733 3670 1833 3721 qua
1869 3652 2152 3705 Vaticanus
2176 3653 2241 3703 ad
2275 3653 2588 3723 Psalterium
2620 3653 2843 3709 Catenas
2876 3653 3146 3721 descripsi)
3178 3651 3440 3720 designavi
3464 3651 3640 3702 littera
3669 3647 3732 3701 ι).
3765 3648 3842 3700 Se-

673 3751 842 3801 cunda
869 3758 943 3800 est
977 3747 1167 3801 codicis
1202 3752 1322 3801 item
1352 3749 1558 3817 egregii,
1591 3747 1898 3816 bombycini,
1924 3746 2102 3798 steculi
2121 3747 2327 3798 circiter
2355 3761 2476 3810 xm,
2500 3764 2649 3816 quem
2679 3746 2932 3800 denotavi-
2957 3745 3130 3797 littera
3168 3743 3229 3798 C.
3270 3741 3447 3816 Tertia
3479 3739 3555 3794 est
3579 3738 3764 3793 codicis
3789 3736 3840 3800 G,

674 3839 952 3892 chartaeei.
988 3839 1214 3908 Denique
1250 3841 1405 3892 etiam
1440 3841 1494 3891 in
1526 3837 1786 3891 codicibus
1816 3837 1863 3890 E
1882 3847 1930 3890 et
1962 3837 2025 3901 L,
2058 3837 2309 3890 nonnulla
2339 3836 2546 3892 Eusebii
2570 3847 2684 3906 post
2723 3851 2887 3890 cxvm
2916 3835 3172 3904 psalmum
3201 3834 3396 3888 scholia
3415 3843 3704 3902 supersunt.
3731 3830 3842 3895 Qua

675 3945 790 3981 cum
821 3932 896 3982 ita
926 3946 979 3983 se
1005 3929 1266 3992 haberent,
1307 3930 1450 3984 nolui
1482 3930 1715 4000 equidem
1755 3929 1985 3983 oblatam
2027 3929 2326 3997 facultatem
2371 3930 2605 3982 omittere
2643 3929 2911 3997 supplendi
2940 3931 3211 3999 egregiam,
3240 3937 3490 3997 quantum
3535 3925 3660 3978 mihi
3688 3925 3836 3984 licuit,

676 4018 1062 4087 Montfauconii
1110 4021 1414 4086 editionem,
1446 4029 1494 4073 et
1530 4021 1574 4073 si
1603 4037 1704 4073 non
1727 4022 1983 4090 integrum
2024 4020 2229 4073 Eusebii
2253 4019 2715 4088 Commentarium,
2748 4022 2929 4075 saltem
2972 4022 3083 4091 ejus
3118 4031 3356 4088 excerpta
3393 4030 3442 4075 et
3472 4019 3716 4085 reliquias
3744 4024 3839 4070 stu-
3922 4043 3923 4047 π

674 4115 816 4167 diose
845 4131 869 4168 e
901 4112 1161 4168 codicibus
1184 4117 1438 4182 sumptas,
1470 4111 1752 4168 Latinitate
1783 4116 1961 4177 etiam,
1995 4115 2287 4166 imminente
2315 4115 2479 4181 prelo,
2516 4131 2547 4166 a
2581 4131 2657 4167 me
2686 4114 2929 4174 donatas,
2965 4113 3030 4166 ad
3055 4112 3298 4166 Ecclesia:
3329 4127 3482 4165 usum
3500 4108 3782 4179 perducere.

745 4227 908 4281 Porro
941 4227 1079 4280 haud
1117 4228 1415 4286 continuum
1443 4227 1575 4280 hunc
1596 4243 1704 4282 esse
1733 4217 2193 4290 Commentarium,
2219 4228 2333 4296 jam
2362 4228 2495 4292 dixi,
2532 4231 2653 4299 quia
2694 4229 2899 4282 nonnisi
2934 4246 2960 4282 e
2987 4228 3181 4281 catonis
3212 4236 3477 4296 exc/erptus
3498 4241 3530 4278 a
3560 4223 3703 4278 nobis
3737 4219 3838 4288 fuit.

675 4318 813 4382 Quid
838 4322 991 4374 vero?
1024 4317 1209 4371 Nonne
1230 4327 1277 4372 et
1307 4318 1583 4371 Athanasii
1611 4319 1664 4370 in
1694 4317 1958 4382 Psalmos,
1994 4335 2162 4372 nonne
2184 4320 2350 4372 etiam.
2373 4299 2676 4373 Theodoreti
2710 4323 2760 4372 in
2807 4319 3005 4374 Isaiam
3029 4318 3305 4386 deperdita:
3329 4318 3691 4387 expositiones.
3721 4311 3840 4378 prio-

674 4410 749 4461 ris
774 4409 976 4477 quidem
1003 4426 1033 4462 a
1076 4408 1130 4463 Μ
1138 4409 1494 4478 ontfauconio,
1535 4411 1836 4478 posterioris
1872 4427 1902 4462 a
1931 4410 2208 4465 Sirmondo
2231 4429 2255 4465 e
2284 4410 2494 4467 Catenis
2525 4414 2880 4468 tantummodo
2913 4411 3154 4466 delibata:
3180 4412 3428 4481 fuerunt?
3458 4410 3524 4464 Et
3554 4404 3838 4480 quidemfa-

672 4499 848 4552 dicare
874 4517 928 4553 se
947 4501 1087 4553 dicit
1117 4499 1449 4575 Sirmondus,
1485 4501 1766 4556 medullam
1792 4502 1932 4556 haud
1969 4503 2120 4557 dubie
2149 4521 2454 4573 succumque
2484 4493 2728 4574 cujusque
2745 4505 2921 4572 scripti
2943 4505 3190 4558 contineri
3221 4505 3272 4558 in
3301 4503 3511 4559 Catenis
3535 4500 3715 4555 solere.
3744 4494 3840 4548 Etsi

614 4609 619 4614 δ
675 4601 846 4645 autem
877 4593 984 4646 ha'c
1017 4592 1224 4647 Eusebii
1253 4593 1454 4647 scholia
1485 4596 1535 4647 in
1557 4595 1813 4665 plerisque
1848 4596 2064 4663 psalmis
2097 4597 2331 4650 tenuiora
2370 4605 2510 4659 sunt,
2543 4600 2773 4650 attamen
2805 4598 2854 4648 in
2892 4596 3086 4664 aliquot
3111 4597 3184 4648 ita
3221 4592 3508 4656 abundant,
3549 4600 3604 4643 ut
3628 4603 3770 4658 prope
3788 4602 3839 4639 es

678 4689 874 4751 intequ
914 4672 1060 4751 opere
1108 4701 1371 4753 superesse
1397 4685 1686 4748 videantur,
1728 4690 1772 4741 si
1794 4696 1928 4740 certe
1956 4689 2148 4755 partim
2193 4688 2514 4754 psalmorum
2561 4687 2904 4758 quorumdam
2954 4688 3269 4750 brevitatem,
3308 4686 3500 4754 partim
3549 4683 3840 4737 scholiorum

675 4777 878 4842 capiam
898 4784 1203 4843 spectemus,
1227 4776 1381 4828 veluti
1411 4776 1477 4827 ad
1516 4776 1741 4844 psalmos
1762 4794 1919 4840 cxxv,
1945 4792 2146 4841 cum,
2175 4793 2377 4842 cxxxu,
2408 4795 2621 4843 cxxxw,
2640 4796 2724 4843 CL,
2761 4788 2808 4832 et
2838 4778 2905 4830 ad
2931 4794 3084 4846 chv,
3116 4795 3261 4842 cux,
3293 4793 3414 4832 cu.
3443 4775 3686 4830 Jamvero
3722 4772 3838 4825 theo-

678 4868 870 4936 logicus
894 4869 947 4920 in
973 4867 1072 4921 hac
1100 4884 1231 4920 nova
1253 4865 1462 4919 Eusebii
1486 4877 1635 4935 parte
1673 4872 1734 4921 de
1770 4868 1966 4923 Christi
1988 4869 2256 4922 divinitate
2287 4886 2464 4923 sensus
2495 4888 2654 4925 sanus
2688 4869 3100 4941 orthodoxusque
3132 4873 3315 4939 ubique
3334 4877 3431 4932 est,
3456 4866 3670 4920 moralis
3693 4873 3837 4918 autem

674 4969 721 5012 et
756 4959 1061 5014 doctrinalis
1102 4961 1250 5014 valde
1273 4963 1387 5030 pius
1424 4970 1472 5014 et
1501 4960 1668 5026 utilis,
1690 4961 1752 5014 de
1781 4973 1913 5016 recte
1947 4962 2142 5032 agenda
2177 4963 2299 5024 vita,
2335 4963 2398 5014 de
2430 4963 2616 5016 orandi
2653 4979 2770 5025 usu,
2813 4963 2874 5016 de
2915 4966 3104 5017 animte
3142 4962 3556 5024 immortalitate,
3597 4956 3836 5025 defutura

676 5051 802 5114 vita,
835 5052 896 5104 de
923 5051 1280 5105 haereticorum
1327 5049 1735 5122 reprehensione,
1769 5062 1871 5108 etc.
1907 5054 1986 5107 Ad
2015 5070 2220 5106 sacram
2253 5054 2480 5106 criticem
2507 5064 2554 5106 et
2601 5053 2936 5122 philologiam
2966 5053 3101 5123 quod
3151 5053 3354 5116 attinet,
3390 5049 3572 5105 laudat
3611 5045 3850 5101 Eusebius.

678 5157 780 5192 non
816 5142 970 5196 semel
999 5143 1260 5211 Aquilam,
1291 5146 1480 5212 stepius
1519 5143 1906 5214 Symmachum,
1937 5144 2238 5212 quandoque
2271 5146 2427 5196 etiam
2455 5143 2871 5208 Theodotionem,
2906 5144 3245 5213 Septuaginta
3277 5142 3604 5209 Interpretes,
3631 5139 3835 5208 quintam

678 5233 971 5298 editionem,
997 5243 1045 5288 et
1083 5237 1252 5288 varios
1280 5237 1536 5290 interdum
1561 5237 1779 5298 codices,
1804 5237 2016 5307 denique
2050 5235 2382 5288 liebrwarum
2406 5245 2601 5289 textum
2644 5243 2794 5303 atque
2822 5237 3134 5289 idiotismos.
3167 5234 3342 5300 Quare
3368 5242 3416 5286 et
3447 5247 3577 5286 nova
3600 5226 3834 5294 hexapla-

680 5324 822 5379 ribus
851 5325 1183 5381 varietatibus
1215 5331 1438 5382 accessio
1468 5331 1585 5382 hinc
1610 5329 1725 5397 ﬁeri
1748 5327 2017 5382 videbitur.
2051 5327 2130 5380 Ad
2153 5327 2411 5394 psalmum
2440 5340 2655 5389 cxxxlv,
2690 5328 2917 5395 loquitur
2960 5327 3147 5379 diserte
3180 5323 3430 5378 Eusebius
3461 5321 3524 5377 de
3545 5320 3832 5375 ethnicorum

680 5433 776 5468 sua
813 5428 965 5472 aetate
1013 5419 1359 5484 conversione,
1391 5438 1518 5490 quos
1563 5437 1762 5489 reapse,
1797 5422 2059 5487 regnantis
2093 5419 2417 5488 potissimum
2447 5418 2678 5485 exemplo
2717 5417 3068 5483 Constantini,
3110 5417 3361 5484 plurimos
3411 5414 3478 5467 ad
3512 5409 3832 5468 Christianam
3905 5400 3917 5490 I‘

627 5571 632 5575 ι
683 5511 835 5580 ﬁdem
858 5514 1132 5568 accessisse
1152 5514 1360 5566 scimus.
1390 5512 1773 5583 Qualiscunque
1811 5512 2013 5566 demum
2043 5515 2109 5567 sit
2145 5512 2327 5566 horum
2357 5510 2670 5565 scholiorum
2702 5527 2845 5575 usus,
2890 5523 3024 5565 certe
3061 5521 3165 5565 tam
3201 5511 3357 5580 prisci
3386 5499 3614 5574 clarique
3639 5495 3834 5554 hominis

682 5604 838 5657 nulla
871 5621 901 5657 a
935 5619 1013 5657 me
1037 5603 1490 5673 prcetermittendw
1520 5605 1750 5674 reliquiw
1788 5614 1956 5658 erant.
