3956 6340
112 470 165 523 πε
1160 450 1654 515 ροιιιιεΝτΑιιιΑ
1689 455 1753 509 IN
1793 454 2124 511 PSALMUS.
3204 447 3270 506 74

109 582 279 650 στήσας
303 578 465 649 αὐτὴν
488 579 566 641 είς
593 574 958 647 Ἰερουσαλὴμ,
990 576 1293 646 ὲπιλέγεται
1314 575 1377 630 ἐκ
1401 577 1497 648 τῆς
1529 594 1619 646 φυ-

1728 572 2062 645 reposuisset
2082 572 2250 637 illam,
2280 588 2343 628 ex
2375 571 2519 626 tribu
2552 568 2679 625 Levi
2724 569 3050 640 psalmorum
3089 579 3275 625 canto~

104 671 183 741 λῆς
204 666 322 723 Λευῒ
341 668 522 739 κλήρῳ
545 666 850 737 ψαλτῳδοὺς
872 666 1133 738 ἄρχοντας
1153 665 1305 737 ᾠδῶν
1336 667 1621 739 τέσσαρας,

101 760 177 815 τοῦ
203 758 407 829 ψάλλειν
439 758 534 812 καὶ
575 758 718 830 ᾄδειν
745 756 971 810 ἐνώπιον
1013 758 1108 827 τῆς
1148 756 1375 812 κιϐωτοῦ
1401 757 1477 828 τῷ
1516 760 1625 811 Κυ-

105 854 203 925 ρίῳ,
248 851 335 905 καὶ
364 850 654 923 ἀναφέρειν
686 849 865 921 φωνὴν
896 850 1227 922 εὐφροσύνης
1259 852 1337 914 είς
1380 849 1626 921 ἐξομολό-

100 960 233 1013 γησιν
254 942 341 996 καὶ¹
362 941 562 997 αίνεσιν
583 945 640 996 ὲν
660 942 905 1014 ὀργάνοις
922 945 954 1011 ή
962 960 991 1012 ρ
998 942 1301 1012 μοσμένοις,
1326 943 1418 997 καὶ
1440 943 1621 1014 ᾠδαῖς,

100 1036 175 1089 καὶ
199 1033 450 1106 κινύραις,
478 1036 571 1089 καὶ
606 1036 848 1100 νάϐλαις,
882 1039 972 1090 καὶ
1012 1036 1329 1105 τυμπάνοις,
1366 1035 1454 1089 καὶ
1488 1051 1624 1107 κυμ-

100 1127 273 1189 ϐάλοις,
317 1127 407 1180 καὶ
456 1127 755 1200 ψαλτηρίῳ,
807 1130 900 1182 καὶ
959 1128 1234 1201 κερατίνη,
1286 1127 1620 1201 τὺνηἋσάφ,

97 1218 266 1287 Αίμάν,
311 1217 495 1282 Αίθάν,
552 1218 815 1291 ’1διθούμ’
847 1215 1193 1289 οἶςνάριθμὸς
1234 1216 1387 1288 ᾠδῶν
1439 1220 1623 1273 ἐπετέ-

98 1325 255 1369 τακτο,
282 1308 509 1379 ᾀδόντων
546 1310 830 1364 διακοσίων
869 1310 1191 1382 ὀγδοήκοντα
1216 1310 1379 1375 ὀκτὼ,
1414 1311 1624 1380 ἑκάστῳ

98 1397 435 1470 ἐϐδομήκοντα
480 1400 592 1468 δύο,
617 1404 680 1455 ὲκ
711 1401 804 1455 τοῦ
840 1400 969 1471 Χάμ
998 1400 1096 1465 λ6’,
1130 1400 1222 1455 τοῦ
1262 1402 1380 1474 Σὴμ
1407 1401 1504 1465 κε’,
1529 1401 1623 1456 τοῦ

108 1490 259 1559 Ἰάφεο
296 1498 371 1543 ιε’.
403 1493 629 1557 Οῖτινες,
666 1483 1227 1565 ἑστῶτεςηεμπροσθεν
1262 1493 1364 1562 τῆς
1395 1492 1624 1547 κιϐωτοῦ

95 1581 337 1654 Διαθήκης
386 1582 611 1656 Κυρίου.
661 1585 882 1655 ἔψαλλον
925 1585 1016 1639 καὶ
1046 1582 1172 1658 ᾖδον
1210 1585 1287 1657 τῷ
1320 1585 1531 1657 Κυρίῳ·
1567 1585 1625 1651 δς

99 1674 178 1743 μὲν
205 1676 258 1727 ὲν
284 1675 494 1746 κινύρᾳ,
518 1677 575 1741 ὃς
616 1676 672 1730 δὲ
702 1680 758 1730 ὲν
785 1677 1099 1748 κυμϐάλοις,
1139 1678 1196 1743 ὃς
1228 1675 1284 1731 δὲ
1316 1680 1372 1731 ὲν
1403 1677 1622 1751 κιθάρᾳ..

92 1766 140 1827 ὅς
177 1765 226 1818 δὲ
264 1767 320 1819 ὲν
365 1765 680 1839 ψαλτηρίῳθ
716 1761 790 1822 ὧν
843 1768 1001 1840 μέσος
1041 1769 1223 1821 ἵστατο
1272 1769 1300 1820 ὁ
1361 1768 1626 1839 μακάριος

92 1855 244 1919 Amata,
265 1857 421 1922 αὐτὸς
447 1859 627 1930 ἄρχων
652 1858 928 1933 ἀρχόντων
966 1858 1135 1932 ᾠδῶν,
1166 1860 1380 1932 κρατῶν
1404 1860 1496 1913 ἐπὶ
1516 1862 1626 1931 χεῖ-

1724 682 1814 722 res
1836 675 2095 737 quatuor,
2134 664 2470 719 canticorum
2501 662 2793 732 principes,
2825 660 2927 716 sibi
2959 669 3105 718 sorte
3131 660 3275 715 delc-

1725 758 1838 829 git;
1881 764 1939 811 ut
1973 757 2028 811 in
2075 762 2367 825 conspectu
2424 768 2563 809 arca!
2618 752 2845 807 Domino
2901 752 3191 822 psallerent
3224 760 3277 808 et

1726 844 2030 925 cantarent,
2073 862 2368 916 vocemque
2416 844 2634 909 laetitiae,
2693 845 2748 899 in
2797 844 3191 900 confessionem
3222 851 3276 899 et

1726 940 1940 994 laudem
1973 940 2349 994 instrumentis
2389 938 2678 993 concinnis
2733 936 3055 1008 proferrent,
3100 936 3278 990 canti-

1725 1032 1828 1096 cis,
1865 1031 2087 1102 cyniris,
2133 1031 2328 1094 nablis,
2361 1032 2652 1102 tympanis.
2681 1029 2962 1101 cymbalis,
2996 1027 3273 1099 psalterio,

1722 1129 1780 1177 et
1814 1122 1942 1177 tuba
1989 1138 2220 1189 cornea;
2252 1123 2500 1179 videlicet
2549 1121 2749 1191 Asaph,
2792 1120 3008 1184 Aﬂman,
3048 1118 3276 1183 Ethan,

1725 1214 1981 1277 ldithum,
2014 1215 2171 1285 queis
2204 1221 2390 1269 certus
2420 1215 2757 1268 canticorum
2785 1227 3041 1268 numerus
3073 1212 3277 1266 consti-

1726 1318 1877 1366 tutus
1912 1321 2028 1365 erat
2050 1328 2073 1383 ;_
2098 1310 2370 1380 deputatis
2393 1307 2708 1363 cantoribus
2732 1306 2977 1361 ducentis
3001 1304 3273 1375 octoginta

1725 1412 1898 1467 octo;
1973 1402 2203 1471 singulis
2272 1400 2528 1455 nimirum
2589 1397 2925 1468 septuaginta
2995 1397 3121 1451 duo.
3197 1394 3274 1449 Ex

1722 1491 1930 1547 Chamo
1998 1494 2110 1547 sive
2171 1491 2358 1546 Chami
2420 1491 2675 1563 progenie
2733 1489 2953 1561 triginta
3012 1489 3154 1557 duo;
3211 1504 3275 1542 ex

1728 1584 1890 1640 Semo
1920 1586 2110 1655 viginti
2144 1586 2419 1656 quinque;
2452 1600 2515 1639 ex
2552 1583 2778 1654 Japheto
2810 1582 3139 1653 quindecim.
3173 1580 3276 1649 Qui

1725 1686 1930 1734 stantes
1961 1692 2142 1731 coram
2185 1691 2310 1730 arca
2342 1676 2653 1730 testamenti
2682 1674 2919 1740 Domini,
2957 1674 3276 1744 psallebant,

1723 1771 2096 1839 canebantque
2143 1767 2399 1833 Domino;
2451 1767 2541 1820 alii
2594 1767 2801 1837 cinyra,
2850 1765 2943 1819 alii
2991 1765 3274 1836 cymbalis,

1726 1861 1948 1933 quidam
1980 1860 2213 1920 cithara,
2238 1856 2403 1927 aliqui
2428 1855 2684 1927 psalterio
2716 1873 2727 1909 :
2764 1855 2817 1909 in
2837 1867 3067 1923 quorum
3100 1853 3278 1907 medio

95 1966 175 2019 ρας
200 1950 273 2039 τὸ
300 1951 632 2039 Ῠψαλτήριον.
665 1954 931 2018 Ἕκαστος
1084 1951 1209 2028 ᾖδεν
1261 1954 1353 2008 καὶ
1401 1954 1619 2023 ἔψαλλεν

1728 1950 2280 2013 οοηείειεὺοιηῡανὶά,
2317 1949 2431 2018 ipse
2460 1948 2711 2018 princeps
2760 1945 3061 2016 principum
3105 1943 3280 1998 cauti-

92 2038 246 2107 ὑμνῶν
266 2038 353 2093 τὸν
384 2040 516 2094 Θεὸν
542 2042 679 2114 ἁγίῳ
709 2044 980 2115 Πνεύματι
1018 2038 1379 2115 τεταγμένως.
1435 2043 1621 2098 Ἡνίκα

90 2130 241 2183 τοίνυν
258 2132 479 2204 ἐσκίρτα
505 2133 564 2188 τὸ
585 2134 806 2207 Πνεῦμα
825 2136 917 2190 ὲπί
936 2144 1056 2191 τινα
1080 2136 1197 2189 τῶν
1215 2137 1486 2207 ἀρχόντων
1512 2137 1620 2190 τῶν

89 2223 369 2296 ψαλτῳδῶν,
392 2230 440 2281 οἱ
465 2230 640 2283 λοιποὶ
687 2231 915 2302 ἡσυχίαν
954 2225 1086 2301 ἦγον
1143 2230 1486 2300 παρεστῶτες
1528 2230 1623 2284 καὶ

91 2314 420 2381 ὑπακούοντες
438 2319 513 2389 (1)
532 2323 833 2390 συμφώνως
846 2319 924 2391 τῷ
942 2320 1214 2389 ψάλλοντι,
1245 2317 1621 2389 Ἀλληλούϊα.

1727 2060 1940 2109 corum,
1974 2060 2137 2098 manu
2170 2052 2411 2097 tractans
2431 2038 2767 2112 psalterium.
2801 2036 3010 2108 Singuli
3038 2051 3169 2091 vero
3186 2050 3279 2089 ca.

1728 2137 1927 2192 nebant
1958 2142 2012 2192 et
2045 2134 2367 2205 psallebant,
2408 2132 2622 2204 hymnis
2659 2130 2823 2186 Deum
2846 2130 3112 2194 concinne
3156 2125 3279 2196 Spi-

1728 2231 1834 2283 ritu
1871 2237 2057 2283 sancto
2081 2228 2234 2291 moti,
2277 2226 2630 2282 celebrantes.
2656 2224 2791 2280 Cum
2831 2224 3011 2293 itaque
3044 2218 3277 2291 Spiritus

1734 2322 1788 2375 in
1818 2320 2125 2392 quempiam
2151 2319 2453 2390 principum
2486 2325 2769 2371 cantorum
2818 2314 3067 2377 insiliret,
3099 2312 3278 2367 cmtcrl

90 2415 240 2479 quiete
279 2417 507 2485 agebant
544 2424 785 2472 astantes
830 2432 893 2470 ac
924 2433 1056 2472 voce
1086 2432 1327 2471 consona
1362 2417 1613 2486 psallenti
1649 2414 2071 2489 respondentes,
2103 2415 2355 2469 Alleluia.

154 2505 231 2556 ‘Ev
269 2509 331 2576 τῇ
374 2504 634 2578 Ἐϐραῖκῇ
666 2507 831 2579 βίϐλῳ
864 2508 971 2561 τῶν
996 2508 1222 2580 ψαλμῶν
1256 2510 1382 2564 ἄνευ
1406 2509 1502 2580 τῆς
1532 2508 1625 2562 τοῦ

90 2595 290 2667 ἀριθμοῦ
320 2600 1043 2672 προσθήκηςάνεγράφησαν
1073 2604 1120 2654 oi.
1154 2603 1351 2667 πάντες
1388 2600 1479 2656 καὶ
1507 2600 1623 2655 δια-

92 2686 255 2757 φόρως.
307 2691 367 2740 Οἱ
409 2688 510 2759 μέν
544 2694 647 2742 εἰσι
698 2691 1050 2761 συνημμένοι,
1094 2694 1144 2757 κοί
1186 2693 1242 2747 δὲ
1285 2692 1618 2765 διῃρημένοι.

100 2774 281 2844 Ἀμέλει
312 2780 339 2829 ό
368 2779 467 2847 μὲν
501 2779 713 2850 πρῶτος
742 2780 835 2833 καὶ
861 2780 1106 2851 δεύτερος
1152 2782 1483 2852 συνημμένοι
1515 2781 1621 2833 εἰσὶ

92 2866 203 2918 κατὰ
230 2868 284 2919 τὸ
328 2858 640 2938 Ἐϐραῖκὸνο
679 2870 771 2924 καὶ.
802 2871 960 2925 πάλιν
984 2873 1012 2923 ὁ
1044 2871 1248 2936 ἔνατος,
1281 2870 1617 2941 συνημμένος
1654 2896 1660 2901 ι

92 2959 192 3027 παρ’
218 2957 360 3027 ἡμῖν,
408 2959 465 3011 ὲν
489 2959 564 3030 τῷ
604 2959 875 3031 Ἐϐραῖκῷ
904 2961 1149 3031 διῄρηται
1182 2963 1261 3024 είς
1303 2960 1411 3015 δύο.
1446 2963 1619 3032 Παρα-

89 3050 314 3119 τηρητέον
344 3051 424 3116 δὲ,
466 3052 547 3105 ὅτι
585 3053 657 3123 μὴ
691 3052 832 3107 κατά
860 3052 1174 3107 ἀκολουθίαν
1214 3054 1322 3106 τῶν
1345 3052 1442 3123 τῆς
1479 3054 1617 3106 ἱστα-

94 3142 419 3217 βίαςχρονων
450 3148 483 3218 ή
518 3145 623 3200 τῶν
654 3144 881 3217 ψαλμῶν
925 3144 1200 3213 σύγκειται
1244 3146 1425 3210 τάξις·
1461 3146 1615 3217 ὲνήλ-

90 3238 247 3293 iurat
267 3241 321 3293 δὲ
344 3241 677 3311 παράηπολὺ,
711 3237 891 3303 καθὼς
919 3241 952 3311 ή
977 3239 1155 3309 βίϐλος
1176 3239 1282 3292 τῶν
1304 3240 1614 3304 Βασιλειῶν,

91 3330 162 3381 καὶ
188 3330 316 3401 αὕτη
342 3334 376 3401 ή
426 3331 575 3397 τάξις
604 3332 768 3402 δηλοῖ.
804 3331 1011 3400 Πολλῆς
1058 3330 1233 3383 τοίνυν
1282 3348 1620 3403 κατακρατή-

93 3420 231 3490 ςάσης
277 3421 714 3491 είδωλολατρείας
759 3419 853 3475 τοῦ
896 3421 1158 3474 Ἰουδαίων
1211 3421 1412 3485 ἔθνους,
1455 3421 1620 3493 λήθην

94 3513 251 3578 αὐτούς
298 3532 430 3582 φασι
481 3513 805 3583 πεποιῆσθαι
834 3514 941 3565 τῶν
980 3514 1225 3585 πατρίων
1271 3514 1515 3587 γραφῶν,
1546 3516 1620 3580 ὡς

94 3604 199 3673 μηδὲ
242 3606 331 3658 τοῦ
365 3605 641 3687 Μωῡσέως
672 3603 833 3674 νόμου
863 3602 1040 3672 βίϐλον
1080 3605 1452 3675 ἐπιφέρεσθαι,
1488 3606 1617 3675 μηδὲ

94 3696 279 3766 μνήμην
296 3696 393 3765 τῆς
419 3694 525 3747 τῶν
548 3696 793 3763 πατέρων
818 3692 1093 3756 εὐσεϐείας
1120 3693 1439 3758 ἀποσώζειν.
1465 3693 1619 3747 Οὕτω

91 3786 193 3851 γοῦν
215 3789 332 3850 τοὺς
367 3780 647 3859 προφήτας
671 3784 897 3857 ἀνῄρουν
934 3784 1298 3856 διελέγχοντας
1322 3784 1498 3838 αὐτῶν
1521 3784 1618 3847 τὰς

89 3878 389 3944 δυσσεϐείας.
439 3880 571 3933 Οὐδὲ
603 3878 697 3932 νῦν
738 3877 1044 3948 θαυμαστὸν
1088 3879 1142 3929 ἐν
1189 3875 1408 3948 τοιαύτῃ
1449 3893 1617 3939 κατα-

93 3973 245 4023 στάσει
278 3970 483 4042 καιρῶν
514 3969 609 4025 καὶ
634 3970 742 4023 τῶν
774 3968 1153 4041 ἐμφερομένων
1180 3967 1328 4030 τινὰς
1359 3970 1420 4037 τῇ
1455 3966 1618 4037 βίϐλῳ

90 4063 174 4119 τῶν
194 4064 416 4135 ψαλμῶν
442 4062 895 4128 διαπεπτωκέναι,
930 4063 1068 4135 λήθῃ
1100 4079 1156 4115 τε
1185 4064 1409 4133 μακροῖς
1441 4077 1616 4135 παρα-

90 4153 296 4209 δεδόσθαι
316 4156 713 4227 χρόνοις.⁴’Υστε
722 4174 809 4227 ρον
824 4156 879 4209 δὲ
895 4155 1030 4226 μετά
1042 4154 1231 4219 ταῦτα,
1250 4154 1615 4226 εἴτεἜσδραν,

90 4245 176 4299 εἴτε
218 4248 360 4311 τινάς
393 4248 609 4318 ἑτέρους
640 4249 944 4320 προφήτας,
996 4250 1122 4321 περὶ
1161 4249 1258 4320 τὴν
1305 4248 1619 4319 συναγωγὴν

92 4332 237 4389 αὐτῶν
261 4338 666 4402 ἐσπουδακέναι,
692 4338 811 4408 μεθ’
838 4331 911 4391 ὧν
934 4340 1026 4392 καὶ
1040 4341 1136 4411 τὴν
1158 4340 1334 4410 βίϐλον
1356 4341 1461 4393 τῶν
1485 4339 1620 4409 ψαλ-

93 4426 185 4493 μῶν
206 4427 476 4498 ήγιοχέναι
524 4428 667 4498 (sic),
698 4428 797 4481 οὐκ
843 4428 1053 4500 ἀθρόως
1082 4430 1307 4501 εὑρόντα
1334 4432 1460 4494 τοὺς
1487 4430 1619 4483 πάν-

93 4531 184 4583 τις,
214 4522 339 4575 ἀλλά
362 4520 498 4576 κατά
523 4520 804 4593 διαφόρους
835 4521 1075 4591 χρόνους.
1107 4523 1214 4575 Καὶ
1246 4523 1454 4576 τάττειν
1478 4520 1535 4576 δὲ
1561 4524 1620 4574 ὲν

1800 2510 1858 2563 1η
1897 2507 2163 2564 Hebraico
2192 2506 2529 2562 Psalmorum
2555 2504 2712 2567 libro,
2742 2502 2931 2574 psalmi
2945 2515 3133 2557 omnes
3160 2500 3280 2555 sine

1710 2599 1939 2669 .numeri
1968 2598 2242 2653 additione
2273 2597 2422 2652 varie
2452 2595 2698 2665 inscripti
2734 2604 2880 2649 sunt.
2913 2593 2978 2647 Et
3000 2600 3129 2649 sunt
3158 2592 3279 2661 qni-

1726 2694 1846 2749 dem
1878 2694 1965 2748 alii
1999 2693 2297 2763 conjuncti,
2324 2692 2413 2746 alii
2445 2707 2572 2746 vero
2599 2690 2779 2746 divisi.
2815 2689 2957 2744 Sane
2987 2688 3196 2760 primus
3224 2695 3279 2741 et

1725 2787 1995 2842 secundus
2023 2786 2176 2854 juxta
2203 2782 2526 2838 Hebraicum
2558 2784 2883 2851 copulantur
2907 2801 2920 2836 :
2948 2796 3124 2837 nonus
3145 2795 3279 2835 con-

1724 2887 1807 2932 tra
1831 2878 1921 2947 qui
1957 2877 2096 2946 apud
2129 2892 2228 2931 nos
2258 2873 2587 2942 coniunctus
2620 2880 2722 2935 est,
2755 2872 2808 2925 in
2833 2871 2972 2927 duos
2992 2871 3133 2941 apud
3162 2870 3274 2925 He-

1723 2970 1963 3025 braicum
1998 2976 2205 3023 textum
2245 2967 2608 3022 distribuitur.
2650 2962 3059 3019 Observandum
3093 2970 3271 3015 autem

1721 3067 1828 3125 est,
1863 3075 1974 3114 non
2006 3057 2072 3112 ad
2102 3056 2296 3112 seriem
2321 3056 2563 3112 historiae
2594 3064 2921 3123 temporum,
2940 3053 3273 3122 psalmorum

1722 3153 1971 3207 ordinem
1990 3151 2345 3204 constitutum
2378 3163 2535 3203 esse:
2575 3146 2839 3215 siquidem
2878 3144 3105 3199 multum
3126 3157 3276 3196 com-

1723 3251 1980 3304 mutatur,
2007 3242 2084 3296 uti
2108 3240 2417 3311 Regnorum
2442 3239 2577 3293 liber
2609 3253 2671 3292 ac
2700 3237 2779 3292 vel
2801 3238 2916 3307 ipse
2943 3236 3076 3291 ordo
3103 3234 3277 3290 decla-

1723 3341 1825 3388 rat.
1853 3332 1990 3387 Cum
2021 3332 2205 3399 itaque
2231 3328 2400 3382 multo
2430 3327 2751 3382 idololatriae
2800 3340 2995 3395 genere
3015 3322 3275 3379 Iudaicus

1722 3425 1955 3495 populus
1986 3423 2337 3486 detineretur,
2372 3400 2561 3475 dicuni
2594 3434 2657 3473 eo
2684 3433 2856 3488 usque
2878 3417 3181 3480 devenisse,
3214 3422 3277 3469 ut

1722 3518 1926 3588 patrias
1956 3517 2254 3587 scripturas
2304 3531 2334 3569 e
2382 3512 2641 3569 memoria
2680 3510 3079 3572 oblitterarent,
3116 3510 3191 3563 ita
3216 3515 3274 3562 ut

1720 3624 1894 3678 neque
1919 3607 2166 3662 Mosaicae
2198 3605 2331 3675 legis
2358 3604 2493 3657 liber
2543 3602 2684 3654 ultra
2714 3592 3067 3668 reperiretur,
3095 3612 3271 3666 neque

1722 3704 1955 3767 paternae
1981 3695 2194 3763 pietatis
2221 3692 2536 3746 memoriam
2557 3694 2962 3743 conscrvarent.
2985 3684 3272 3740 Enimvero

1721 3788 2011 3857 prophetas
2063 3784 2402 3853 impietatem
2455 3795 2611 3837 suam
2650 3784 3012 3850 coarguentes
3064 3776 3271 3830 interli-

1719 3877 1951 3931 ciebant.
1984 3873 2126 3928 Nihil
2177 3874 2356 3943 itaque
2396 3872 2595 3926 mirum
2628 3878 2713 3926 est
2739 3869 2793 3923 in
2835 3869 2927 3921 tali
2966 3880 3270 3938 temporum

1718 3968 2047 4032 conditione,
2067 3966 2305 4035 psalmos
2322 3965 2528 4033 aliquot
2552 3962 2681 4017 olim
2696 3959 3117 4015 -in.Psalmorum
3135 3959 3272 4015 libro

1718 4066 2089 4123 occurrentes,
2125 4058 2284 4133 longo
2318 4069 2588 4111 annorum
2629 4053 2904 4108 curriculo
2934 4051 3143 4106 incuria
3174 4051 3272 4105 ob-

1721 4152 1991 4207 litteratos
2018 4149 2309 4210 excidisse.
2348 4147 2461 4203 Sub
2484 4148 2598 4201 haec
2631 4133 2811 4201 autem
2844 4145 2997 4198 aiunt
3027 4143 3141 4198 sive
3174 4144 3272 4196 Es-

1690 4311 1693 4313 _
1719 4245 1895 4309 dram,
1915 4244 2028 4301 sive
2051 4244 2187 4299 alios
2209 4234 2471 4313 quosdam
2491 4244 2801 4311 prophetas,
2821 4238 2966 4307 ipsos
2986 4232 3270 4303 colligendi

1718 4352 1906 4391 curam
1942 4336 2249 4407 suscepisse
2275 4374 2290 4399 ,
2332 4342 2623 4404 posteaque
2678 4329 3015 4383 Psalmorum
3072 4326 3267 4378 librum

1718 4442 2091 4493 consecrasse,
2126 4442 2227 4481 nec
2250 4424 2545 4481 confertim
2567 4426 2811 4489 repertos
2854 4430 3043 4471 omnes
3076 4414 3267 4477 fuisse,

1720 4520 1814 4576 sed
1843 4519 2075 4582 diversis
2104 4518 2459 4587 temporibus.
2503 4512 2715 4567 Primos
2759 4498 2938 4564 autem
2970 4508 3270 4563 collocasse

94 4611 295 4682 πρώτοις
315 4614 438 4677 τοὺς
458 4609 704 4684 πρώτους
735 4611 1178 4683 εὑρισκομένους·
1214 4610 1347 4683 μηδὲ
1375 4614 1498 4677 τοὺς
1522 4613 1615 4667 τοῦ

1721 4628 1814 4668 eos
1840 4612 1928 4682 qui
1960 4611 2123 4680 primi
2154 4611 2356 4663 inventi
2394 4606 2606 4660 fuerant
2645 4621 2658 4667 ;
2714 4602 2951 4673 hincque
2980 4600 3179 4656 factum
3210 4608 3270 4654 ut

94 4702 223 4757 Λαυῒδ
252 4704 442 4775 ἑφεξῆς
473 4702 681 4757 κεῖσθαι
714 4704 928 4767 πάντας
947 4721 961 4734 ·
991 4703 1048 4757 ἐν
1085 4722 1145 4757 τε
1176 4704 1254 4776 τῷ
1286 4703 1485 4775 μεταξὺ
1523 4706 1616 4759 καὶ

92 4792 177 4847 τῶν
200 4796 323 4850 υἱῶν
346 4796 510 4868 Κορὲ,
546 4795 640 4849 καὶ
666 4793 760 4849 τοῦ
796 4795 985 4863 Ἀσάφ,
1015 4796 1107 4848 καὶ
1127 4794 1482 4866 Σολομῶντος,
1525 4798 1618 4853 καὶ

94 4882 349 4953 Μωῦσέως,
366 4887 542 4958 Αίμάν
567 4905 647 4952 τε,
676 4886 769 4949 καὶ
795 4884 979 4951 Αίθάν,
1002 4886 1096 4939 καὶ
1130 4886 1377 4959 Ἰδιθοὺμ,
1404 4889 1497 4943 καὶ
1516 4891 1617 4945 πά⁶

94 4973 157 5028 λιν
185 4980 268 5034 τοῦ
294 4981 454 5037 Δαυτδ
477 4980 818 5053 εὑρίσκεσθαι
847 4979 1044 5051 ἀναμὶξ
1067 4981 1123 5033 ὲν
1150 4980 1214 5052 τῇ
1255 4980 1420 5053 βίϐλῳ
1450 5001 1604 5038 κατα-

96 5075 437 5143 ῖετατμένους,
489 5075 550 5127 οὐ
572 5072 689 5127 γαθ’
721 5072 813 5135 οὓς
862 5070 1154 5142 ἐλέχθησαν
1198 5071 1438 5143 χρόνους,
1482 5075 1616 5129 ἀλλά

98 5162 189 5213 καθ’
210 5165 294 5229 οὖς
315 5166 586 5241 εὕρηνται.
615 5166 803 5219 Ἔνθεν
822 5183 878 5219 τε
912 5163 1177 5235 συμϐῆναι
1210 5165 1331 5227 τοὺς
1353 5169 1471 5230 τοῖς
1492 5169 1612 5239 χρό-

96 5268 179 5316 νινε
196 5255 436 5329 ὑστέρους
460 5259 706 5329 πρώτους
731 5256 1066 5328 εὑρεθέντας,
1093 5254 1461 5325 ἀναληφθῆναι
1486 5277 1611 5329 προ-

97 5338 273 5414 τέρους·
306 5352 423 5413 τοὺς
453 5350 509 5402 δὲ
539 5350 830 5421 προτέρους
863 5350 999 5419 μετὰ
1026 5346 1194 5401 ταῦτα
1217 5347 1533 5418 εὑρεθέντας
1553 5354 1610 5406 ὲν

98 5432 283 5509 δευτέρᾳ
300 5440 526 5508 ταγῆναι
553 5439 704 5512 χώρα
722 5458 735 5472 υ
763 5442 823 5495 τὸ
841 5441 884 5494 δ’
913 5440 1042 5494 αὐτὸ
1057 5439 1231 5512 εὕροις
1254 5443 1610 5513 γεγενημένον

100 5520 143 5574 ἐν
161 5529 253 5589 τοῖς
275 5529 588 5598 προφήταις.
1419 5528 1422 5532 ’

154 5615 310 5671 Πάντα
330 5619 511 5689 ὥσπερ
545 5620 615 5670 ὲν
633 5618 849 5687 μεγάλῳ
882 5622 987 5674 τινὶ
1013 5620 1106 5674 καὶ
1128 5618 1288 5687 κοινῷ
1307 5620 1514 5691 ταμείῳ
1539 5624 1605 5693 τῇ

103 5700 236 5778 βίϐλῳ
258 5711 355 5763 τῶν
377 5708 606 5781 ψαλμῶν
634 5698 1067 5781 τεθησαύρισται.
1098 5710 1330 5762 Κάκεῖνο
1357 5708 1412 5761 δὲ
1448 5711 1613 5781 τηρή-

1719 4705 1754 4759 ii
1786 4706 1936 4775 quia
1968 4701 2168 4754 Davide
2217 4697 2509 4765 conscripti
2550 4701 2677 4752 sunt
2722 4709 2830 4748 non
2876 4696 3272 4762 consequenter

1712 4799 1948 4869 jaceant,
2006 4793 2100 4849 sed
2135 4790 2403 4845 commisti
2434 4803 2557 4843 cum
2602 4788 2671 4844 iis
2714 4785 2808 4856 qui
2846 4784 3076 4839 filiorum
3107 4781 3267 4845 Core,

1714 4890 1939 4960 Asapbi,
1960 4884 2285 4951 Salomonis,
2305 4882 2524 4954 Moysis,
2545 4880 2763 4944 Eman,
2783 4872 3267 4942 Aithanithtim,

1717 4994 2043 5050 rursumque
2069 4976 2289 5031 Davidis
2326 4975 2721 5035 inscribuntur,
2760 4986 2868 5029 non
2899 4968 3107 5023 ratione
3130 4972 3269 5019 tem-

1716 5076 1865 5147 poris
1891 5086 1998 5141 quo
2030 5068 2267 5139 primum
2295 5066 2424 5121 editi
2446 5074 2501 5121 et
2529 5063 2885 5135 pronuntiati,
2916 5059 3012 5116 sed
3040 5071 3147 5127 quo
3173 5055 3268 5111 de-

1722 5160 1971 5234 prehensi
1993 5165 2139 5215 sunt.
2170 5157 2416 5226 Hacque
2442 5156 2759 5224 contigisse,
2810 5161 2865 5206 ut
2905 5150 2996 5221 qui
3025 5155 3269 5217 tempore

1720 5252 2047 5326 posteriores
2071 5257 2247 5323 erant,
2282 5264 2404 5303 cum
2434 5247 2594 5315 primi
2616 5246 2813 5317 reperti
2846 5244 3065 5304 fuerint,
3106 5239 3265 5310 primi
3296 5312 3299 5315 _

1716 5342 1935 5415 repositi
1970 5342 2120 5407 sint;
2152 5355 2216 5393 ac
2241 5336 2358 5394 vice
2396 5352 2551 5394 versa
2568 5326 2663 5407 qui
2685 5338 2843 5407 primi
2875 5335 3108 5396 fuerant,
3139 5331 3267 5403 quia

1715 5442 1835 5506 post
1859 5432 1995 5485 alios
2023 5431 2162 5484 eruti
2182 5436 2328 5494 sunt,
2363 5428 2719 5498 posteriorem
2755 5426 3001 5479 inlocum
3016 5422 3268 5477 sintcon—

1713 5523 1883 5582 stituti
1904 5543 1915 5577 :
1934 5524 2077 5592 quod
2101 5522 2276 5591 ipsum
2301 5521 2355 5574 in
2372 5520 2645 5591 prophetis
2661 5518 2859 5574 factum
2875 5514 3264 5584 deprehendas.

1785 5618 1843 5671 in
1878 5615 2018 5668 libro
2045 5610 2383 5668 Psalmomm
2437 5613 2619 5665 omnia
2656 5624 2752 5663 ceu
2770 5609 2822 5660 in
2852 5620 3045 5676 magno
3071 5620 3136 5659 ac
3166 5620 3267 5675 pu—

1722 5712 1865 5767 blico
1895 5706 2155 5778 penuario
2176 5703 2451 5760 recondita
2479 5711 2622 5758 sunt.
2648 5698 3054 5755 Observandum
3086 5704 3267 5751 autem

157 5817 217 5899 ﬂ)
248 5821 608 5899 ίζεξακξούςιν,
646 5821 699 5877 id
739 5831 823 5899 est
862 5821 1164 5899 respondere
1213 5822 1423 5878 :multa
1456 5822 1619 5891 hujus
1658 5824 2062 5899 significationis
2114 5821 2355 5893 exempla
2397 5819 2673 5874 attulimus
2726 5816 2784 5872 in
2814 5816 3048 5873 editione
3099 5815 3265 5870 Atha-

104 5890 232 5952 nasii.
251 5889 370 5947 Vide
413 5894 465 5947 in
496 5893 846 5961 Onomastico
877 5893 1093 5949 ibidem.

297 5988 561 6049 ιἈτιιοι..
594 5989 709 6051 Gn.
760 5988 994 6055 XXIII.

3021 5973 3058 6033 3
