3928 6336
691 434 760 489 75

687 560 773 607 est
804 551 998 606 librum
1047 552 1379 620 psalmorum
1411 563 1536 623 post
1566 552 1766 624 Moysis
1818 552 2010 622 legem,
2050 566 2251 605 novam

689 644 981 714 complecti
1034 644 1338 711 doctrinam
1365 685 1379 710 ,
1422 644 1712 714 ipsumque
1745 650 1868 714 post
1899 651 2253 697 memoratam

691 735 892 807 Mnysis
949 737 1297 807 scripturam,
1333 735 1632 793 secundum
1653 777 1668 802 ,
1701 735 1767 790 ad
1797 734 2098 790 doctrinam
2131 749 2255 803 spe-

688 836 945 894 ctantem,
964 844 1085 885 esse
1110 829 1327 885 librum.
1342 828 1478 884 Cum
1503 829 1685 899 itaque
1710 837 1832 898 post
1856 835 2087 882 mortem
2104 826 2253 897 Moy-

690 921 767 975 sis
792 928 846 976 et
890 918 1040 985 Jesu,
1066 930 1121 975 et
1154 928 1279 990 post
1302 920 1553 990 judicum
1576 929 1813 991 tempus,
1846 919 2015 975 David
2033 910 2251 976 aatatem

689 1012 941 1080 duxerit;
997 1019 1190 1082 utpote
1240 1012 1335 1083 qui
1384 1012 1683 1068 Salvatoris
1737 1022 1892 1084 pater
1944 1011 2253 1082 nuncupari

687 1106 969 1171 meruerit,
1002 1120 1209 1162 novum
1251 1105 1367 1176 ipse
1393 1106 1638 1171 modum,
1671 1103 1989 1175 psalmodia:
2022 1104 2249 1168 scilicet,

632 1244 638 1252 .
685 1198 895 1268 primus
919 1196 1160 1253 Hebraeis
1192 1197 1449 1265 tradidit;
1477 1214 1585 1269 quo
1608 1198 1702 1252 illa
1734 1212 1856 1267 quae
1878 1196 1945 1252 de
1966 1195 2252 1252 sacriﬁciis

687 1304 717 1343 a
748 1287 928 1360 Moyse
966 1289 1175 1345 sancita
1205 1289 1420 1345 fuerant
1452 1291 1519 1346 de
1541 1290 1723 1345 medio
1759 1291 1920 1355 tollit,
1940 1303 2252 1357 novumque

686 1377 855 1432 divini
912 1378 1096 1434 cultus
1157 1393 1365 1434 morem
1398 1394 1495 1451 per
1524 1379 1759 1450 hymnos
1788 1394 1851 1434 ac
1896 1379 2251 1451 jubilationes

686 1470 891 1525 invehit
924 1489 937 1527 :
973 1472 1188 1543 aliaque
1242 1473 1379 1528 bene
1431 1472 1600 1526 multa
1636 1472 1839 1544 Moysis
1892 1473 2065 1545 legem
2094 1473 2253 1544 longe

684 1564 999 1633 superantia
1027 1580 1124 1635 per
1153 1571 1327 1619 totum
1357 1579 1493 1626 opus
1518 1564 1729 1619 edocet.

927 1742 1148 1800 Eusebii
1165 1741 1513 1801 Cwsariensis
1538 1742 1602 1798 de
1624 1743 2002 1821 diapsalmate.

756 1835 1063 1907 Diapsalma
1105 1835 1452 1906 scripserunt
1500 1835 1829 1905 interpretes
1884 1832 1962 1886 illi
2006 1830 2248 1903 quinque

1418 421 1683 479 l-IUSEBII
1721 420 2197 479 CAESARIENSIS
2225 421 2374 478 OPP.
2406 419 2586 476 PARS
2622 420 2711 477 lll.
2740 450 2812 463 --
2847 419 3257 477 EXEGETICA.

2281 559 2323 613 Α
2354 570 2486 617 σεις,
2521 554 2595 617 ὡς
2642 556 2675 625 ἡ
2722 553 2901 624 βίϐλος
2935 553 3041 606 τῶν
3073 551 3300 623 ψαλμῶν
3347 549 3534 620 καινὴν
3566 528 3862 602 ’διδασκαλία

2354 642 2597 712 περιέχει
2624 642 2761 714 μετά
2778 644 2877 714 τὴν
2907 643 3179 705 Μωῦσέως
3212 640 3548 710 νομοθεσίαν,
3573 640 3667 695 καὶ
3693 641 3771 693 ὅτι
3792 640 3862 692 bet

2353 733 2483 803 τέρα
2514 735 2649 805 μετὰ
2675 736 2773 807 τὴν
2801 734 3068 811 Μωῦσέως
3093 734 3405 805 νομοθεσίαν
3429 733 3644 805 γραφὴν
3662 730 3862 785 διδασκσ

2352 825 2475 896 λικὴ
2506 825 2684 896 βίϐλος
2712 825 2848 897 αῦτη
2875 827 3151 898 τυγχάνεὶ.
3176 826 3329 881 Μετὰ
3356 824 3486 895 γοῦν
3518 824 3615 897 τὴν
3641 824 3862 877 Μωῠσέω

2352 919 2445 971 καὶ
2478 918 2650 989 Ἰησοῦ
2682 918 2935 991 τελευτὴν
2965 921 3058 974 καὶ
3097 918 3233 990 μετά
3258 919 3382 982 τοὺς
3410 916 3599 989 κριτὰς
3638 913 3791 969 Δαυῒδ
3818 932 3862 983 γε

2352 1010 2591 1081 νόμενος,
2629 1010 2826 1065 ὡσανεὶ
2858 1009 2950 1065 τοῦ
2974 1012 3226 1082 Σωτῆρος
3252 996 3421 1075 ἀὐτὸς
3453 1007 3781 1080 χρηματίσαι
3810 1025 3862 1059 πε

2352 1105 2457 1176 τὴρ
2488 1104 2863 1170 καταξιωθεὶς,
2899 1105 3083 1162 καινὸν
3113 1105 3313 1175 τρόπον
3346 1102 3438 1156 τὸν
3478 1104 3574 1174 τῆς
3603 1101 3862 1172 ψαλμῳδία

2353 1196 2565 1269 πρῶτος
2600 1195 2866 1267 Ἑϐραίοις
2882 1197 3162 1269 παρέδωκε
3178 1213 3192 1227 ’
3217 1191 3363 1267 δι’ἦς
3378 1195 3588 1266 ἀναιρεῖ
3614 1192 3689 1265 (1)
3731 1193 3821 1264 μὲν
3841 1210 3862 1245 τ

2352 1288 2503 1359 παρά
2528 1290 2734 1360 Μωῦσῇ
2769 1289 2894 1361 περὶ
2919 1288 3116 1343 θυσιῶν
3143 1281 3620 1359 νενομοθετημένα,
3650 1286 3827 1338 καινὸν
3853 1284 3862 1335 δ

2350 1379 2441 1433 τὸν
2456 1380 2520 1432 δι’
2544 1379 2725 1450 ὕμνων
2744 1380 2853 1434 ρκαὶ
2864 1379 3193 1450 ἀλαλαγμῶν
3212 1380 3410 1450 τρόπον
3422 1378 3522 1450 τῆς
3546 1377 3638 1431 τοῦ
3665 1376 3796 1431 Θεοῦ
3823 1376 3862 1429 λι

2348 1473 2533 1544 τρείας
2580 1472 2826 1541 εἰσάγει·
2858 1472 2952 1525 καὶ
2994 1472 3127 1526 ἀλλα
3157 1471 3214 1526 δὲ
3240 1470 3464 1524 πλεῖστα
3508 1467 3599 1523 τὸν
3645 1468 3862 1523 Μωῦσέυ

2350 1568 2509 1636 νόμον
2561 1564 3001 1639 ἐπαναϐεϐηκότα
3044 1563 3108 1617 δι’
3139 1556 3266 1636 ὅλης
3310 1564 3473 1618 αὐτοῦ
3520 1563 3618 1635 τῆς
3663 1577 3862 1632 πραγμς

2356 1659 2502 1722 τείας
2533 1658 2792 1711 διδάσκει.
2990 1666 2993 1669 ’

2418 1752 2710 1805 Ερῖνσεϐίου
2738 1749 3091 1818 Καισαρείας
3116 1746 3248 1817 περὶ
3272 1745 3377 1802 τοῦ
3412 1745 3836 1816 διαψάλματος.

2421 1843 2706 1914 Ἔγραψαν
2752 1842 2814 1894 τὸ
2865 1839 3142 1910 διάψαλμα
3187 1840 3235 1892 οἱ
3286 1837 3718 1909 ὲρμηνεύσαντες
3762 1836 3862 1888 πέν

681 1928 979 2001 principes,
1029 1928 1179 2000 quia
1208 1927 1414 1982 Davide
1462 1942 1591 1998 rege
1622 1942 1689 1982 ex
1720 1924 1868 1979 tribu
1913 1922 2044 1980 Levi
2069 1922 2247 1977 allecti

2354 1935 2624 2007 ἄρχοντες,
2670 1934 2717 1986 οἳ
2750 1932 3055 2002 ἐξελέγοντο
3086 1930 3192 1984 ὑπὸ
3223 1929 3382 1984 Δαυῖδ
3426 1929 3518 1983 τοῦ
3563 1929 3821 2000 βασιλέως
3856 1929 3862 1980 i

682 2030 810 2078 sunt
846 2041 860 2089 ;
895 2038 1150 2092 ‘qnorum
1180 2021 1299 2076 haec
1330 2020 1553 2074 nomina
1584 2035 1597 2070 :
1652 2018 1871 2087 Asaph,
1929 2016 2025 2084 lilii
2084 2016 2245 2081 Core,

681 2113 1166 2180 Emamﬁitbam,
1197 2113 1433 2167 lditlium
1463 2134 1475 2168 :
1508 2112 1674 2169 bosce
1696 2120 1880 2168 certns
1909 2112 2248 2168 canticorum

684 2221 946 2261 numerus
975 2205 1433 2275 consequebatur,
1486 2205 1695 2260 scilicet
1724 2203 1973 2274 singulos
2031 2210 2250 2272 septua-

682 2298 835 2369 ginta
863 2295 994 2351 duo.
1025 2294 1092 2349 lli
1119 2294 1341 2350 stabant
1366 2294 1418 2349 in
1448 2302 1747 2364 conspectu
1791 2292 2092 2349 sanctuarii
2136 2291 2249 2345 Do~

678 2391 837 2454 mini,
895 2388 1179 2444 laudantes
1214 2388 1460 2442 omnium
1490 2382 1781 2441 Dominum
1817 2401 1830 2450 ;
1859 2383 2000 2438 alius
2030 2382 2251 2454 cymba-

678 2482 752 2543 la,
788 2480 931 2536 alius
982 2479 1328 2550 psalterium,
1366 2478 1509 2532 alius
1560 2476 1805 2548 cinyram
1837 2514 1852 2539 ,
1886 2474 2026 2528 alius
2063 2472 2251 2526 tubam

678 2587 957 2633 corneam,
992 2571 1134 2626 alius
1163 2569 1432 2623 citharam
1455 2568 1694 2623 tenebat.
1719 2565 1963 2631 Quorum
1989 2564 2045 2619 in
2074 2562 2252 2617 medio

678 2666 861 2721 stabat
893 2662 1083 2719 David.
1116 2661 1339 2732 Hocque
1367 2668 1529 2731 pacto
1555 2650 1771 2715 cantica
1802 2657 2251 2729 auspicabantur,

677 2758 997 2829 ltujusmodi
1037 2757 1401 2833 instrumenta
1449 2754 1707 2810 manibus
1749 2760 2024 2809 tenentes.
2075 2751 2254 2822 Atque

679 2852 904 2923 singuli,
937 2849 1144 2921 Spiritu
1172 2855 1363 2904 sancto
1392 2853 1666 2910 movente,
1696 2843 1869 2901 Deum
1914 2844 2134 2912 hymnis
2162 2858 2254 2899 ce-

676 2943 1002 3006 lebrabant,
1040 2955 1341 3011 omnesque
1392 2943 1502 2994 una
1553 2938 1810 3009 psallenti
1866 2928 2273 3000 succinebant,

680 3034 931 3089 Alleluia.
956 3033 1271 3088 Absistente
1305 3036 1486 3085 autem
1515 3029 1583 3083 ad
1633 3029 1799 3084 breve
1830 3034 2046 3103 tempus
2078 3023 2255 3095 Spiri-

676 3137 767 3183 tus
784 3125 960 3183 sancti
977 3120 1175 3195 grati‘a,
1192 3120 1417 3191 organis
1434 3120 1695 3190 deinceps
1714 3119 2083 3192 cessantibus,
2099 3126 2252 3185 tunc,

680 3225 762 3279 uti
796 3237 893 3293 par
910 3226 1053 3285 erat,
1088 3215 1395 3286 diapsalma
1424 3212 1760 3269 scribebant.

1262 3301 1585 3360 PSALMUS
1624 3301 1664 3358 Ι.

747 3405 915 3460 Vens.
944 3404 996 3458 1.
1031 3401 1227 3457 Beatus
1254 3401 1330 3454 vir
1347 3399 1436 3469 qui
1462 3413 1563 3451 non
1588 3396 1719 3451 abiit
1746 3396 1802 3450 in
1836 3398 2261 3465 constttoimpia-

683 3515 823 3553 rum.
884 3492 1339 3564 Quandoquidem
1399 3491 1485 3547 vel
1544 3491 1663 3561 ipso
1720 3496 1932 3545 naturae
1996 3488 2261 3545 instinctu

677 3606 869 3649 omnes
902 3587 1295 3644 beatitudinem
1327 3586 1665 3657 appetimus,
1724 3585 1855 3639 boni
1915 3582 2074 3637 ﬁnem
2136 3590 2250 3637 sta—

679 3692 892 3741 tuentes
927 3682 1273 3747 felicitatem;
1327 3694 1626 3750 errareque
1671 3678 1871 3734 mentis
1915 3675 2066 3730 ducti
2110 3690 2262 3729 com-

677 3781 881 3854 plures,
918 3775 1063 3833 illam
1096 3773 1152 3830 in
1196 3772 1571 3843 Voluptatibus
1603 3770 1882 3840 corporeis
1913 3766 2260 3838 quaerendam

679 3880 909 3947 putant,
951 3869 1191 3933 divitias,
1220 3866 1516 3936 dignitates
1538 3904 1554 3930 ,
1587 3862 1986 3934 praesentisque
2014 3859 2140 3914 vita:
2168 3875 2263 3914 vo-

681 3970 920 4038 luptates
962 3965 1016 4019 in
1070 3961 1243 4032 pretio
1278 3960 1572 4025 habentes;
1621 3956 1750 4010 hinc
1778 3955 1901 4025 jure
1933 3953 2261 4024 hymnorum

683 4059 750 4114 ad
781 4058 952 4113 Deum
984 4053 1311 4109 laudandum
1341 4050 1629 4107 exordium
1655 4048 1878 4129 ductum
1910 4053 2014 4111 est,
2044 4043 2265 4100 descri—

680 4150 945 4206 biturnrte
978 4145 1234 4217 quisnam
1277 4158 1423 4217 vere
1456 4142 1651 4196 beatus
1699 4140 1771 4194 sit
1794 4178 1809 4202 ,
1859 4137 2263 4208 atque-bonum

682 4244 842 4298 ﬁnem
876 4257 905 4294 a
944 4230 1049 4293 Deo
1083 4213 1474 4305 consequatur.
1524 4232 1590 4285 Et
1623 4246 1755 4287 sane
1797 4230 1917 4295 hic,
1964 4228 2095 4300 quia
2139 4242 2265 4298 per—

681 4352 846 4409 quam
891 4334 1001 4388 rari
1046 4332 1263 4387 fuerant
1288 4329 1323 4382 ii
1356 4326 1449 4397 qui
1473 4326 1600 4380 olim
1621 4324 1799 4393 probe
1828 4323 1996 4377 vitam
2017 4328 2262 4391 egerant,

683 4443 857 4485 unum
910 4426 1218 4495 quempiam
1275 4420 1492 4475 beatum
1546 4415 1805 4487 praidicat
1850 4412 2159 4469 Psalmista.
2196 4411 2267 4464 At

685 4523 943 4579 Servator
972 4525 1158 4572 noster
1188 4516 1281 4584 qui
1333 4511 1644 4580 complures
1693 4509 1880 4563 beatos
1914 4504 2122 4569 eﬂ‘ecit,
2150 4505 2268 4575 plu-

683 4616 873 4671 raliter
928 4608 1295 4667 beatitttdines
1344 4606 1567 4677 profert.
1636 4601 1855 4657 Primus
1912 4607 2091 4652 autem
2149 4599 2269 4667 ipse

682 4710 807 4779 jure
845 4706 1061 4761 dicatur
1100 4716 1288 4756 eorum
1321 4700 1410 4769 qui
1437 4698 1578 4754 beati
1631 4696 2016 4767 praedicantur.
2063 4690 2267 4757 Quam-

684 4801 875 4856 obrem
932 4797 991 4850 in
1039 4794 1190 4848 illum
1243 4789 1561 4845 referendus
1614 4788 1822 4857 primus
1865 4784 2109 4855 psalmus
2159 4787 2263 4846 est,

686 4874 875 4965 utpote
897 4890 989 4962 qui
1017 4888 1098 4942 vir
1132 4885 1298 4942 fuerit
1328 4864 1587 4937 Ecclesiae
1642 4894 1857 4949 sponsae
1914 4891 2045 4931 suae.
2109 4870 2265 4938 Quod

685 4989 899 5045 videtur
954 4981 1223 5039 Hebraica
1274 4992 1408 5033 voce
1461 4970 1798 5044 signiﬁcari,
1845 4970 2000 5040 juxta
2067 4980 2267 5037 quam,

687 5081 886 5136 Beatus
917 5079 1017 5139 vir,
1048 5090 1173 5129 cum
1212 5068 1426 5126 articuli
1461 5066 1645 5121 addito
1678 5064 1884 5118 dictum
1915 5068 2020 5118 est.

763 5171 833 5226 Et
853 5174 907 5225 in
938 5171 1023 5224 via
1060 5173 1392 5238 peccatorum
1436 5178 1538 5215 non
1568 5159 1753 5224 stetit,
1812 5165 1863 5210 et
1910 5156 1966 5209 in
2022 5154 2275 5207 cathedra

684 5265 1056 5336 pestiferorum
1113 5276 1216 5314 non
1253 5257 1410 5313 sedit.
1451 5255 1621 5310 Primi
1676 5260 1804 5307 sunt
1858 5250 1951 5319 qui
2006 5247 2145 5302 falso
2177 5260 2274 5298 no-

694 5335 897 5413 minata
926 5354 1237 5426 cognitione
1269 5349 1457 5405 imbuti
1494 5335 1621 5405 sunt
1649 5345 1726 5417 [id
1758 5352 1843 5400 est
1869 5339 2148 5415 gnostici],
2177 5336 2269 5408 qui

694 5450 829 5505 nihil
853 5447 1068 5502 ﬁrmum
1102 5444 1401 5512 stabilcque
1424 5441 1652 5507 habent;
1693 5438 1786 5493 sed
1817 5450 1917 5506 pro
1946 5434 2118 5489 lubito
2146 5445 2268 5493 suo,

694 5544 845 5599 nullo
865 5543 1115 5597 examine
1138 5536 1454 5607 ponderatis
1490 5530 1916 5604 cogitationibus
1943 5533 2232 5582 moventur
2250 5562 2267 5589 ,

695 5635 849 5706 impii
883 5633 1150 5688 homines.
1203 5627 1437 5684 Secundi
1473 5633 1600 5683 sunt
1643 5629 1913 5695 quotquot
1944 5627 2068 5691 post
2092 5616 2275 5687 cogni-

694 5733 897 5783 tionem
922 5724 1167 5780 veritatis
1197 5723 1251 5777 in
1282 5727 1502 5792 peccata
1553 5718 1821 5774 incidunt.
1876 5712 2046 5769 Tertii
2101 5709 2273 5782 pesti-

762 5825 842 5894 ,(li
884 5820 939 5875 Id
968 5829 1073 5894 est,
1092 5820 1159 5894 de
1181 5819 1359 5894 medio
1381 5817 1520 5872 tollit
1546 5815 1940 5894 sacriﬁciorum
1976 5812 2143 5894 leges,
2170 5822 2277 5861 non

697 5883 872 5953 rei‘osa
897 5892 1182 5957 abolendo,
1214 5891 1307 5947 sed
1339 5886 1752 5955 praenuntiantia
1770 5883 2113 5952 abrogandas
2131 5896 2275 5938 esse.

2180 3221 2183 3223 ’
2282 3277 2327 3327 ὗ
2356 3217 2613 3289 ἔγραφον.

2348 2027 2449 2096 τῆς
2476 2024 2650 2095 φυλῆς
2675 2026 2823 2079 Λευῖ·
2854 2018 2927 2077 ὧν
2947 2024 3015 2077 τά
3044 2021 3283 2092 ὀνόματά
3302 2022 3407 2074 εἰσι
3436 2020 3627 2085 ταῦτα,
3664 2020 3849 2088 Ἀσάφ,

2349 2118 2455 2171 υἱοὶ
2484 2118 2649 2190 Κορὲ,
2678 2117 2877 2189 Αίμὰν,
2907 2115 3108 2186 Αίθὰμ,
3156 2110 3413 2187 ἰδιθούμ·
3444 2112 3651 2176 τούτοις
3694 2112 3861 2185 ἀριθμ

2349 2211 2501 2283 ᾠδῶν
2531 2209 2950 2283 παρηκολούθει,
2979 2208 3193 2279 ἑκάστῳ
3230 2206 3595 2279 ἑϐδομήκοντα
3618 2204 3733 2261 δύο.
3770 2199 3862 2259 (ibi

2351 2305 2566 2357 ἵσταντο
2605 2301 2834 2356 ὲνώπιον
2875 2301 2969 2355 τοῦ
3005 2298 3344 2371 ἀγιάσματος
3387 2297 3612 2369 Κυρίου,
3653 2295 3861 2350 αἱνοῦντ

2350 2382 2440 2450 τόν
2473 2396 2688 2449 πάντων
2708 2394 2973 2466 δεσπότην
2991 2435 3008 2459 ,
3036 2393 3095 2457 ὃς
3125 2392 3223 2464 μὲν
3253 2390 3528 2462 κύμϐαλα,
3567 2389 3625 2452 ὃς
3652 2388 3711 2441 δὲ
3735 2387 3862 2457 ψαλτ

2355 2507 2486 2562 ριον,
2528 2490 2586 2553 ὃς
2619 2488 2675 2541 δὲ
2709 2485 2965 2559 κινύραν,
3005 2485 3063 2550 ὃς
3087 2485 3143 2540 δὲ
3184 2484 3497 2555 κερατίνην,
3529 2482 3587 2546 ὃς
3619 2481 3677 2535 δὲ
3701 2478 3861 2549 κιθὰρη

2352 2580 2510 2651 ἔχων,
2546 2574 2620 2632 ὧν
2657 2578 2817 2650 μέσος
2859 2578 3042 2631 ἵστατο
3073 2578 3102 2628 ό
3136 2575 3316 2629 Δαυῖδ.
3341 2574 3449 2628 Καὶ
3484 2572 3654 2635 οὕτως
3704 2573 3862 2643 ἦρχον

2351 2671 2461 2723 τῶν
2484 2669 2634 2739 ᾠδῶν
2677 2668 3002 2741 κρατοῦντες
3023 2660 3115 2720 ἐπὶ
3149 2670 3304 2737 χεῖρα
3330 2666 3398 2720 τὰ
3442 2663 3665 2720 τοιαῦτα
3694 2663 3861 2732 δργανπ

2354 2761 2449 2814 καὶ
2498 2760 2726 2823 ἕκαστος
2771 2758 3049 2830 Πνεύματι
3103 2759 3242 2829 ἁγίῳ
3282 2757 3595 2830 κινούμενος
3637 2754 3797 2828 ὕμνει
3841 2771 3862 2807 τ

2353 2851 2504 2917 Θεὸν,
2535 2853 2630 2906 καὶ
2657 2852 2856 2914 πάντες
2891 2850 3203 2922 ἐπεφώνουν
3230 2851 3308 2922 τῷ
3344 2850 3597 2922 ψάλλοντι
3624 2850 3689 2904 τὸ
3732 2851 3861 2904 Ἀλλ

2352 2946 2549 3017 latim.
2618 2942 2884 3015 Ὀπηνίκα
2934 2943 2989 2996 δὲ
3044 2944 3077 3013 ἡ
3130 2940 3223 3003 τοῦ
3270 2942 3583 3013 Πνεύματος
3629 2940 3723 2995 τοῦ
3779 2940 3862 3009 ἀγί

2354 3035 2570 3106 ἀπέστη
2610 3035 2771 3107 χάρις
2804 3021 2940 3105 πρὸς
2974 3034 3169 3106 βραχὺ,
3200 3032 3305 3086 τῶν
3346 3032 3590 3103 ὁργάνων
3630 3031 3815 3084 λοιπὸν
3857 3048 3862 3100 ι

2355 3126 2710 3197 κινουμένων,
2763 3126 2826 3180 τὸ
2880 3124 3180 3197 τηνικαῦτα
3232 3124 3377 3187 εἰκὸς
3418 3124 3513 3176 καὶ
3553 3124 3613 3178 τὸ
3653 3123 3862 3194 διάψαλί

2949 3309 3241 3363 ΨΔΛΜΟΣ
3269 3312 3347 3364 A’.
3836 3361 3838 3363 .

2429 3400 2729 3471 Μακάριος
2765 3403 2799 3455 ὁ
2828 3385 2983 3468 ἀνὴρ
3035 3399 3102 3465 ὃς
3145 3401 3256 3453 οὐκ
3296 3398 3586 3473 ἐπορεύθη
3629 3395 3704 3451 ἐν
3734 3396 3862 3460 βου.

2360 3494 2613 3568 ἀσεϐῶν.
2657 3496 2819 3549 ἘπεὶΔ
2841 3493 3085 3564 φυσικῶς
3123 3491 3428 3566 ὀρεγόμεθα
3461 3492 3662 3554 πάντες
3694 3488 3788 3543 τοῦ
3835 3505 3862 3558 μ

2361 3592 2542 3664 κάριοι
2572 3586 2730 3655 εἶναι,
2764 3589 2918 3652 τέλος
2948 3587 3154 3656 ἀγαθοῦ
3197 3588 3258 3640 τὸ
3305 3586 3570 3658 μακάριον
3608 3582 3861 3654 ὁριζόμεν

2362 3681 2796 3753 πεπλανημένως
2825 3698 2888 3750 γε
2930 3681 3034 3752 μὴν
3073 3677 3256 3732 πολλοὶ
3298 3676 3455 3730 τοῦτο
3483 3674 3839 3746 μεταδιώκειν

2365 3777 2632 3844 σωμάτων
2676 3771 2889 3843 ἡδοναῖς
2944 3769 3223 3841 ἡγοῦνται,
3256 3766 3517 3830 πλούτους
3570 3764 3862 3836 θαυμάζον

2319 3929 2329 3941 ε
2364 3866 2456 3919 καὶ
2493 3864 2796 3935 ἀξιώματα,
2830 3863 2922 3916 καὶ
2951 3862 3050 3924 τὰς
3080 3861 3138 3914 ἐν
3180 3858 3257 3929 τῷ
3291 3858 3518 3929 παρόντι
3549 3856 3649 3927 βίῳ
3694 3854 3862 3927 τρυφό

2364 3958 2588 4021 εἰκότως
2618 3958 2648 4009 ὁ
2685 3956 2840 4024 λόγος
2866 3956 2924 4008 ὲν
2953 3950 3161 4015 τούτοις
3184 3950 3307 4005 ὅθεν
3339 3950 3505 4022 ἐχρῆν
3530 3948 3628 4021 τὴν
3661 3966 3862 4019 καταρ),

2364 4054 2657 4123 ἐποιήσατο
2684 4043 2781 4121 τῆς
2812 4036 2952 4103 κατά
2982 4046 3114 4100 Θεὸν
3142 4044 3434 4117 ὑμνῳδίας,
3467 4042 3557 4127 τὸν
3592 4041 3811 4112 ἀληθῶς
3844 4060 3862 4110 ι.

2364 4145 2554 4215 κάριον
2586 4144 2681 4197 καὶ
2713 4141 2898 4204 τέλους
2926 4137 3130 4208 ἀγαθοῦ
3172 4135 3265 4191 τοῦ
3308 4134 3458 4207 παρά
3496 4133 3613 4205 Θεῷ
3639 4132 3862 4203 ἠξιωμέ

2362 4235 2721 4307 ὑπογράφων.
2758 4234 2867 4287 Καὶ
2902 4231 3089 4287 ἐνθάδε
3123 4232 3219 4302 μὲν
3255 4230 3343 4283 διὰ
3368 4228 3428 4282 τὸ
3463 4227 3692 4282 σπάνιον
3714 4227 3823 4279 τῶν
3851 4242 3862 4277 1

2367 4332 2455 4385 λαι
2485 4330 2748 4403 πρότερον
2806 4326 3213 4399 κατορθούντων
3258 4326 3357 4378 ἕνα
3398 4321 3520 4378 τινὰ
3553 4319 3847 4393 μακαρίζει

2367 4425 2425 4478 δὲ
2451 4423 2640 4495 Σωτὴρ
2670 4426 2702 4494 ἡ
2712 4423 2828 4494 μῶν
2858 4410 3109 4483 πλείονας
3140 4417 3308 4473 ποιῶν
3355 4416 3680 4487 μακαρίους,
3709 4412 3862 4482 πληθι

2364 4518 2531 4583 τικῶς
2571 4520 2696 4582 τοὺς
2750 4515 3129 4588 μακαρισμοὺς
3171 4509 3559 4582 προσφέρεται.
3616 4507 3861 4562 Πάντων,

2298 4640 2343 4693 ι)
2369 4614 2584 4686 πρῶτος
2615 4612 2773 4674 αὐτὸς
2815 4611 2882 4665 ἂν
2922 4608 3007 4678 εἴη
3037 4608 3065 4660 ὁ
3114 4602 3576 4676 μακαριζόμενος·
3616 4601 3699 4653 διὸ
3729 4600 3821 4653 καὶ
3860 4636 3861 4641 η

2372 4706 2533 4761 αὐτὸν
2577 4705 2778 4759 ἀνοίσει
2813 4718 2895 4764 τις
2924 4700 3014 4753 τὸν
3045 4698 3286 4770 παρόντα
3311 4694 3543 4765 ψαλμὸν,
3588 4692 3687 4745 ἆτε
3722 4690 3862 4761 γενόι

2372 4816 2461 4851 νον
2489 4797 2657 4868 ἄνδρα
2689 4796 2787 4866 τῆς
2830 4792 3045 4863 νύμφης
3084 4788 3247 4844 αὑτοῦ
3294 4786 3617 4855 Ἑκκλησίας
3641 4802 3655 4814 ·
3705 4784 3862 4837 τοῦτο

2372 4891 2546 4943 ἔοικεν
2579 4892 2631 4961 ἡ·
2658 4884 2916 4959 Ἐϐραῖκὴ
2944 4885 3093 4954 φωνὴ
3116 4883 3403 4954 παριστᾷν,
3426 4877 3546 4933 καθ’
3569 4877 3634 4949 ἣν
3664 4876 3743 4948 (2)
3763 4892 3862 4945 pa:

2352 5002 2494 5053 ιριος
2522 4987 2553 5037 ό
2578 4980 2733 5050 ἀνὴρ
2764 4980 2900 5050 μετά
2914 4978 3013 5049 τῆς
3034 4977 3124 5030 τοῦ
3148 4976 3347 5047 ἄρθρου
3372 4971 3689 5044 προσθήκης
3715 4970 3862 5041 εἴρητ

2441 5142 2549 5196 Καὶ
2584 5141 2653 5194 ἐν
2677 5136 2794 5203 ὀδῷ
2828 5134 3188 5207 ἁμαρτωλῶν
3206 5134 3318 5187 οὐκ
3345 5131 3514 5199 ἔστη,
3551 5131 3648 5183 καὶ
3685 5128 3783 5181 ἐπὶ
3817 5146 3862 5183 χι

2375 5234 2557 5304 ἐδραν
2605 5230 2829 5302 ,λοιμῶν
2866 5233 2977 5284 οὐκ
3019 5227 3318 5281 ἐκάθισεν.
3366 5222 3580 5296 Πρῶτοί
3613 5223 3751 5274 εἰσιν
3779 5222 3826 5272 οἱ
3856 5237 3862 5249 λ

2374 5325 2719 5396 ψευδώνυμον
2758 5322 2969 5393 ἔχοντες
2995 5318 3215 5389 γνῶσιν.
3256 5317 3422 5389 μηδὲν
3463 5314 3675 5386 ἔχοντες
3705 5315 3862 5381 eam

2376 5420 2489 5474 ἁλλ’
2541 5416 2916 5483 ἀνεξετάστως
2963 5414 3267 5485 κινούμενοι
3319 5410 3599 5479 λογισμοῖς
3653 5411 3711 5460 ὲν
3768 5401 3846 5469 οἷς

2380 5513 2731 5586 βουληθῶσιν,
2783 5513 2831 5564 οἱ
2882 5510 3116 5572 ἀσεϐεῖς.
3172 5506 3424 5577 Δεύτεροι
3468 5502 3671 5564 πάντες
3717 5502 3767 5553 οἱ
3820 5517 3861 5567 μ

2379 5609 2577 5680 γνῶσιν
2610 5606 2864 5676 ἀληθείας
2898 5600 3381 5672 ἐξαμαρτάνοντες.
3409 5597 3483 5677 ‘Oi
3520 5594 3576 5647 δὲ
3619 5592 3801 5661 λοιμοὶ
3844 5606 3862 5641 1

2376 5721 2482 5767 τοι,
2527 5701 2601 5773 μὴ
2651 5699 2810 5771 μόνον
2851 5694 3154 5758 νοσοῦντες,
3201 5690 3336 5746 ἀλλὰ
3379 5690 3474 5742 καὶ
3514 5682 3837 5757 φθοροποιοῦ

2424 5800 2535 5887 ,(2)
2574 5797 2633 5854 1n
2669 5796 2937 5855 Hebraico
2994 5792 3191 5864 legitur
3234 5798 3391 5850 rvina
3435 5784 3593 5858 quasi
3639 5782 3813 5847 dicas,

2386 5892 2483 5930 νιν.
