3956 6340
100 406 152 456 ’Π
1210 401 1707 461 (ἿΟΜΜΕΝΙἊΒΙΑ
1753 401 1818 450 ΙΝ
1858 400 2192 452 ιδςΑιΜιις.
3200 398 3266 455 78

97 515 355 579 δισχιλίας
385 515 753 585 μεταδιδόντες
772 518 882 580 τοῖς
919 517 1117 581 ἀλλοις,
1146 518 1180 587 ἢ
1219 519 1365 572 κατά
1408 520 1604 582 γνῶσιν

1713 523 1806 569 teri
1838 518 2106 579 nomines,
2146 528 2240 584 qui
2289 527 2395 567 non
2428 525 2591 568 moao
2626 508 2944 582 aegritudine
2981 508 3263 573 laborant;

97 606 262 679 ἧκατά
300 606 514 677 πρᾶξιν,
544 608 576 677 ἢ
608 608 722 660 κατ’
761 606 1041 678 ἀμφότερα
1067 622 1078 633 ·
1116 606 1165 659 οἳ
1197 606 1289 659 καὶ
1316 604 1610 676 ὲνίδρυνται

69 698 155 769 ετῴ
198 696 359 767 κακῷ,
402 696 511 750 τῶν
549 696 811 768 δευτέρων
847 697 1149 769 ἑστηκότων
1193 697 1249 749 ὲν
1298 694 1610 767 ἁμαρτίαις,

94 788 179 841 τῶν
211 787 263 841 δὲ
292 786 518 858 πρώτων
556 787 845 841 ὁδευόντων
878 790 935 841 ὲν
968 788 1162 863 πλάνῃ.
1211 790 1267 842 '0
1298 788 1355 844 δὲ
1398 789 1613 843 πάντων

92 878 262 933 τούτων
283 877 691 951 ἀπηλλαγμένος
716 879 1000 949 μακάριος.

1717 605 1812 661 sed
1847 612 2101 675 corrupta
2133 604 2379 659 doctrina
2423 604 2559 660 alios
2608 603 2885 669 imbuant;
2917 602 3031 657 sive
3075 617 3271 658 secun-

1716 694 1846 749 dum
1871 695 2257 765 cognitionem.
2292 694 2405 750 sive
2434 693 2730 749 secundum
2749 692 3139 763 operationem,
3156 693 3270 748 sive

1698 785 2015 841 secundum
2053 792 2339 853 utramque
2375 803 2389 838 :
2430 783 2524 853 qui
2555 782 2761 838 scilicet
2793 784 2849 835 in
2877 781 3017 835 malo
3048 780 3271 834 ﬁrman-

1714 883 1828 937 tur,
1864 873 1995 927 dum
2019 872 2244 928 secundi
2281 871 2336 926 in
2359 871 2597 942 peccatis
2627 877 2994 942 perseverant,
3027 877 3081 926 et
3108 870 3270 940 primi

94 977 138 1028 in
167 972 355 1027 erroris
383 971 465 1024 via
510 970 851 1040 gradiuntur.
894 970 996 1038 Qui
1028 978 1206 1026 autem
1249 971 1500 1027 omnibus
1539 969 1608 1025 iis
1639 968 1904 1023 liberatus
1947 971 2002 1021 et
2029 978 2235 1020 vacuus
2278 971 2363 1019 est
2396 964 2591 1019 beatus
2628 963 2845 1019 dicitur.

160 1063 303 1120 Ἀλλ’
330 1064 365 1131 ἢ
398 1063 468 1116 ἐν
495 1062 576 1128 τῷ
606 1064 765 1133 νόμῳ
792 1064 1012 1132 Κυρίου
1050 1065 1116 1119 τὸ
1149 1065 1375 1135 θέλημα
1403 1064 1610 1131 αὐτοῦ,

88 1155 169 1210 καί
188 1155 250 1207 ἐν
272 1151 348 1217 τῷ
372 1152 532 1221 νόμῳ
560 1152 745 1206 αὐτοῦ
776 1144 1095 1223 μελετήσει
1127 1153 1349 1224 ἡμέρας
1376 1155 1472 1208 καί
1503 1150 1610 1209 arv-

88 1248 220 1313 κτὸς.
265 1235 480 1310 Ἐπειδή
511 1242 678 1314 πολλή
709 1243 792 1308 τίς
826 1246 938 1299 ἐστι
963 1246 1193 1317 διαφορά
1217 1245 1326 1300 τῶν
1362 1246 1509 1318 φόϐῳ
1532 1264 1612 1300 τι-

89 1335 278 1408 μωριῶν
304 1330 362 1389 εὖ
389 1334 643 1405 πράττειν
670 1336 1199 1407 κατηναγκασμένων
1227 1336 1319 1390 καὶ
1343 1336 1450 1390 τῶν
1476 1352 1610 1408 προ-

85 1429 260 1499 αιρέσει
297 1426 426 1480 αὐτὸ
456 1425 518 1479 τὸ
545 1425 706 1479 καλὸν
738 1426 1095 1497 αἱρουμένων,
1135 1413 1223 1481 διά
1253 1426 1407 1480 τοῦτό
1444 1443 1606 1499 φησι·

96 1514 173 1565 Ἐν
193 1511 266 1579 τῷ
294 1513 455 1581 νόμῳ
483 1512 703 1581 Κυρίου
728 1513 957 1583 θέλημα
994 1516 1200 1569 αὐτοῦ.
1226 1516 1407 1587 Νόμον
1429 1516 1485 1569 δέ
1518 1532 1613 1587 φη-

87 1620 155 1655 σιν
193 1602 248 1655 οὐ
279 1603 493 1666 πάντως
522 1602 613 1656 τὸν
651 1602 848 1675 σκιώδη
882 1604 974 1663 καὶ
1001 1604 1224 1658 τυπικὸν
1260 1605 1440 1675 νόμον,
1477 1605 1611 1659 πολὺ

84 1693 129 1744 δὲ
149 1693 389 1763 πρότερον
410 1692 501 1746 τὸν
520 1694 579 1747 ὲν
604 1693 751 1765 αὐτῷ
774 1694 1033 1766 λεληθότα
1055 1696 1417 1767 πνευματικὸν
1435 1696 1608 1765 λόγον.

84 1783 166 1853 Εἷη
187 1783 226 1835 δ’
256 1782 318 1837 ἂν
347 1783 511 1855 νόμος
542 1785 743 1857 Κυρίου
786 1786 880 1840 καὶ
916 1788 943 1839 ό
976 1786 1114 1840 κατά
1144 1788 1302 1856 φύσιν
1332 1789 1495 1842 πᾶσιν
1521 1788 1614 1841 ἀν-

84 1875 287 1947 θρώποις
318 1876 737 1948 ὲνεσπαρμένος,
780 1877 846 1931 δι’
876 1871 937 1931 οὗ
990 1878 1328 1951 κατορθῶσαι
1371 1878 1611 1948 λέγονται

80 1969 119 2021 oi
152 1968 247 2038 πρὸ
269 1966 362 2020 τοῦ
392 1967 479 2022 διά
524 1967 792 2035 Μωῦσέως
832 1968 994 2042 νόμου
1040 1970 1215 2040 ἅγιον
1252 1972 1379 2043 περὶ
1404 1965 1478 2025 ὧν
1510 1990 1612 2044 φη·-

1785 1058 1953 1113 Vslts.
1982 1058 2036 1114 2.
2078 1057 2180 1113 Sed
2235 1058 2289 1111 in
2339 1057 2443 1128 lege
2466 1055 2683 1111 Domini
2707 1057 2946 1110 voluntas
2973 1054 3106 1124 ejus,
3138 1064 3187 1109 et
3215 1055 3270 1107 in

1716 1149 1823 1220 lege
1855 1137 2357 1212 eiut'meditabitur
2404 1148 2488 1202 die
2538 1165 2601 1202 ac
2648 1157 2813 1202 nocte.
2864 1145 3003 1214 Quia
3037 1147 3269 1201 multum

1714 1239 2050 1296 discriminis
2077 1249 2162 1296 est
2195 1240 2336 1316 inter
2363 1254 2458 1295 eos
2486 1239 2580 1310 qui
2610 1246 2754 1294 metu
2787 1237 3037 1309 supplicii
3078 1252 3270 1293 neces-

1714 1333 1982 1401 sitateque
2012 1332 2188 1387 coacti
2234 1332 2372 1387 bene
2413 1342 2617 1401 agunt,
2660 1345 2713 1386 et
2756 1346 2853 1386 eos
2896 1331 2988 1401 qui
3038 1330 3271 1400 propria?

1714 1425 2008 1480 voluntatis
2069 1425 2277 1481 delectu
2328 1422 2394 1478 ad
2431 1423 2632 1478 bonum
2680 1436 2739 1478 se
2782 1419 3104 1486 conferunt,
3150 1419 3271 1475 ideo

1715 1518 1828 1574 ait:
1868 1516 1933 1572 In
1981 1518 2086 1589 lege
2134 1515 2348 1571 Domini
2392 1513 2632 1569 voluntas
2672 1513 2807 1582 ejus.
2862 1510 3059 1583 Legem
3091 1518 3271 1565 autem

1716 1609 1868 1673 dicit,
1895 1623 2005 1663 non
2034 1608 2377 1664 umbratilem
2404 1606 2552 1660 illam
2593 1610 2647 1658 et
2688 1603 2971 1673 ﬁguratam
2992 1643 3007 1667 ,
3038 1602 3135 1659 sed
3177 1618 3270 1673 po-

1714 1703 1825 1761 tius
1858 1701 2135 1773 spirituale
2160 1699 2385 1755 verbum
2426 1698 2483 1752 in
2519 1711 2585 1751 ea
2618 1698 2793 1750 latens
2832 1704 2885 1749 et
2932 1695 3269 1750 obvolutum.

1716 1792 1903 1849 Fuerit
1930 1794 2092 1848 etiam
2136 1790 2368 1846 fortasse
2413 1789 2497 1843 lex
2532 1787 2743 1842 Domini
2778 1800 2842 1842 ea
2874 1802 2994 1857 quae
3018 1787 3271 1841 omnibus

1715 1884 2028 1942 hominibus
2050 1883 2118 1939 ab
2145 1882 2262 1954 ipsa
2289 1892 2497 1936 natura
2522 1878 2687 1934 insita
2727 1886 2842 1944 est;
2877 1892 2985 1948 qua
3021 1878 3158 1933 duce
3187 1877 3271 1931 ali-

1714 1984 1916 2030 cuntur
1943 1974 2112 2047 probe
2143 1974 2343 2030 vixisse
2383 1972 2555 2028 sancti
2583 1970 2676 2041 qui
2710 1979 2834 2025 ante
2862 1968 3060 2041 Moysis
3099 1968 3268 2036 legem

80 2070 150 2112 σιν
172 2058 591 2125 ό.Ἀτοόστολος⁶
644 2061 818 2115 Ὅταν
861 2064 973 2132 τὰρ
1017 2065 1159 2132 ἔθνη
1178 2065 1276 2123 ,τὰ
1307 2042 1393 2134 μὴ
1425 2042 1613 2137 νόμώ

1713 2042 1968 2127 fuerunt;
1997 2069 2065 2124 de
2086 2055 2283 2139 quibus
2308 2068 2382 2121 ait
2405 2066 2697 2136 Apostolus
2718 2083 2731 2117 :
2751 2062 2884 2119 Cum
2908 2064 3044 2117 enim
3072 2070 3289 2139 gentes,

78 2151 287 2219 ἔχοντα,
330 2152 421 2204 τὸν
465 2153 707 2223 γραπτὸν
750 2153 1010 2224 δηλονότι,
1051 2156 1231 2225 φύσει
1262 2155 1333 2211 τὰ
1372 2155 1479 2210 τοῦ
1508 2159 1608 2212 νόε-

74 2261 172 2310 μου
209 2241 365 2310 ποιῇ,
396 2239 581 2309 οὗτοι,
614 2245 801 2314 νόμον
816 2244 903 2315 μὴ
928 2243 1189 2315 ἔχοντες,
1224 2245 1455 2313 ἑαυτοῖς
1492 2249 1611 2301 alat
1658 2318 1661 2319 ν

75 2336 251 2411 νόμος.
286 2337 355 2389 Ἦ
399 2336 562 2408 νόμος
605 2336 808 2409 Κυρίου
848 2338 933 2408 εἴη
978 2338 1044 2391 ἂν
1084 2340 1113 2391 ὁ
1145 2336 1280 2409 πρὸς
1319 2338 1481 2393 αὑτοῦ
1514 2337 1609 2392 τοῦ

76 2424 255 2494 Κυρίου
284 2428 375 2481 καὶ
411 2426 662 2498 Σωτῆρος
701 2426 855 2498 ήμῶν
895 2430 1027 2482 πᾶσι
1062 2431 1173 2493 τοῖς
1200 2428 1374 2483 ἔθνεσι
1407 2414 1612 2501 κατηγ-

77 2515 307 2586 γελμένος
326 2518 674 2587 εὐαγγελικὸς
700 2518 877 2589 λόγος.

134 2608 229 2661 Kal
257 2608 425 2663 ἔσται
448 2611 529 2675 ὡς
556 2610 622 2662 τὸ
661 2610 853 2675 ξύλον
887 2610 954 2665 τό
982 2596 1428 2683 πεφυτευμένον
1454 2614 1613 2682 παρὰ

77 2699 165 2764 τὰς
191 2697 493 2767 διεξόδους
518 2699 638 2755 τῶν
667 2700 920 2769 ὑδάτων,
955 2703 986 2756 ὃ
1017 2705 1125 2758 τὸν
1163 2705 1397 2773 καρπὸν
1425 2705 1610 2759 αὐτοῦ

79 2791 227 2846 δώσει
257 2793 326 2845 ἐν
363 2792 546 2861 καιρῷ
579 2786 785 2847 αὐτοῦ.
832 2796 889 2848 '0
934 2796 1023 2849 διὰ
1069 2796 1249 2867 πάσης
1285 2796 1384 2867 τῆς
1418 2797 1609 2850 ἑαυτοῦ

79 2884 198 2953 ζωῆς
234 2885 325 2938 καὶ
367 2885 424 2937 ὲν
462 2886 625 2939 παντὶ
651 2887 830 2958 καιρῷ
845 2876 1051 2951 ἷιυκτός
1087 2904 1146 2939 τε
1179 2888 1273 2941 καὶ
1299 2887 1508 2959 ἡμέρας
1531 2887 1611 2955 τῷ

77 2975 184 3047 θείῳ
208 2977 475 3048 σχολάζων
505 2979 672 3049 νόμῳ,
708 2980 936 3042 καὶτοῖς
962 2978 1022 3044 ἐξ
1042 2978 1206 3034 αὑτοῦ
1226 2979 1475 3050 λογικοῖς
1516 2981 1611 3036 νά-

82 3086 219 3138 μασιν
245 3070 557 3143 ἀρδόμενος,
588 3072 794 3143 σφόδρα
829 3072 1041 3136 οίκείως
1072 3071 1224 3144 φυτῷ
1254 3075 1385 3146 παρ’
1426 3072 1612 3128 ὕδασιν
1652 3092 1667 3094 '

78 3161 399 3233 ίρριζωμένῳ
445 3162 892 3235 παραϐέϐληται·
943 3162 1023 3217 διὸ
1076 3165 1172 3219 καὶ
1224 3164 1489 3236 μακάριος
1536 3165 1613 3229 ὠς

76 3252 263 3323 ἀληθῶς
304 3250 479 3321 οὗτος,
513 3255 607 3309 ἅτε
651 3256 883 3327 μάλιστα
915 3256 1261 3329 ποτιζόμενος
1298 3260 1411 3321 τοῖς
1451 3257 1613 3322 θείοις

1710 2177 1827 2234 qui:
1852 2159 2019 2230 legem
2069 2174 2170 2212 non
2203 2156 2429 2224 habent,
2458 2156 2727 2225 scriptam
2752 2152 3023 2227 videlicet,
3052 2160 3270 2213 natura-

1713 2254 1833 2309 liter
1858 2270 1921 2307 ea
1940 2265 2058 2323 qua:
2086 2251 2212 2321 legit
2245 2257 2369 2305 sunt
2401 2248 2612 2319 faciunt
2634 2287 2651 2314 ,
2696 2243 2957 2314 ejusmodi
2983 2244 3140 2314 legem
3169 2260 3272 2296 non

1675 2328 1681 2333 ’
1709 2342 1971 2406 habentes,
2005 2335 2241 2407 ipsi'sibi
2272 2345 2393 2391 sunt
2434 2338 2516 2390 lea:
2551 2336 2613 2387 ⁸⁸.
2655 2333 2762 2387 Aut
2802 2334 2891 2388 lex
2921 2331 3135 2395 Domini
3164 2330 3272 2385 fuc-

1709 2436 1781 2491 rit
1804 2426 2453 2505 evangelicum‘verbum,
2477 2427 2545 2481 ab
2578 2426 2696 2497 ipso
2728 2422 2961 2478 Domino
2996 2429 3051 2478 et
3090 2419 3250 2477 Salva

1710 2539 1827 2586 tore
1852 2538 2037 2584 nostro
2065 2526 2317 2582 omnibus
2344 2521 2592 2597 gentibus
2626 2512 3042 2595 annuntiatum.

1778 2620 1946 2677 Vsus.
2000 2619 2055 2674 5.
2101 2616 2168 2673 Et
2216 2618 2315 2673 erit
2354 2618 2604 2686 tanquam
2645 2614 2844 2684 lignum
2887 2609 3025 2683 quod
3071 2609 3254 2680 planta

1712 2722 1820 2767 tum
1840 2721 1916 2766 est
1938 2727 2086 2767 secus
2115 2710 2363 2763 decursus
2389 2721 2668 2770 aquarum,
2694 2703 2833 2775 quod
2863 2703 3094 2772 fractum
3122 2718 3273 2756 suum

1711 2801 1861 2857 dabit
1910 2804 1965 2857 in
1998 2810 2223 2867 tempore
2249 2813 2365 2853 suo.
2397 2790 2506 2863 Qui
2556 2808 2653 2865 per
2694 2801 2865 2847 totam
2910 2792 3078 2847 vitam
3118 2807 3272 2847 suam

1711 2895 1966 2963 omnique
1997 2899 2241 2960 tempore
2283 2894 2443 2942 nocte
2487 2899 2551 2940 ac
2584 2881 2674 2939 die
2719 2882 2918 2938 divinae
2945 2881 3050 2953 legi
3077 2890 3271 2944 vacat,

1711 2994 1765 3042 et
1792 2986 1940 3041 rivis.
1978 2997 2044 3039 ex
2081 2995 2145 3036 eo
2179 2978 2506 3043 ﬂuentibus,
2560 2975 2932 3047 spiritualibus
2978 2973 3267 3045 irrigatur.

1713 3075 2001 3131 admodum
2036 3072 2283 3146 apposite
2326 3071 2512 3142 ligno,
2558 3069 2718 3137 cujus
2766 3067 2978 3122 radices
3029 3065 3274 3146 proxime

1668 3190 1671 3191 ν
1714 3182 1883 3239 aquas
1916 3166 2104 3236 posita:
2137 3171 2284 3232 sunt,
2316 3170 2680 3233 comparatur.
2714 3158 3052 3231 Quapropter
3084 3173 3270 3214 revera

1715 3260 1903 3316 beatus
1930 3258 2020 3312 ille
2048 3299 2062 3325 ,
2093 3262 2279 3326 utpote
2319 3254 2415 3326 qui
2460 3253 2660 3309 divinis
2703 3259 2865 3323 potus
2908 3251 3275 3321 irrigatusqne

80 3344 386 3416 μαθήμασιν,
423 3346 630 3419 ῶριμον
667 3349 859 3403 ἑαυτοῦ
895 3348 985 3404 τὸν
1023 3350 1233 3421 καρπὸν
1273 3349 1608 3403 ἀποδίδωσιν.

1714 3349 2035 3421 disciplinis,
2061 3352 2220 3405 suum
2251 3354 2556 3431 opportuno
2594 3350 2836 3415 tempore
2869 3343 3107 3399 fructum
3136 3357 3274 3413 pra:-

77 3433 167 3490 Elc’
196 3439 378 3496 émtd‘h
421 3439 585 3506 ξύλον
606 3440 724 3493 ἐστὶ
763 3439 907 3511 ζωῆς
940 3442 971 3493 ό
1012 3440 1108 3494 τοῦ
1152 3440 1287 3495 Θεοῦ
1332 3442 1459 3506 Υἱὸς
1475 3442 1614 3496 κατά

1713 3442 1858 3499 beat.
1912 3441 2177 3511 Deinceps
2231 3428 2373 3511 quia
2414 3436 2509 3492 Dei
2559 3433 2730 3490 Filius
2765 3432 2968 3507 lignum
3020 3433 3146 3489 vitae
3191 3431 3277 3487 est

77 3528 147 3581 τδν
187 3530 501 3603 Σολομῶν-τα
550 3534 794 3603 φήσαντα
843 3533 970 3603 περὶ
1000 3532 1101 3603 τῆς
1145 3534 1373 3602 Σοφίας·
1414 3534 1614 3589 Ξύλον

76 3621 185 3674 ἐστί
223 3621 371 3691 ζωῆς
407 3621 557 3678 πᾶσι
580 3622 705 3689 τοῖς
729 3622 1143 3693 ἀντεχομένοις
1166 3624 1355 3692 αὐτῆς
1377 3624 1470 3679 καὶ
1500 3627 1613 3688 τοῖς

75 3713 482 3786 ὲπερειδομένοις
501 3716 586 3769 ἐπ’
610 3716 777 3788 αὐτὴν
797 3715 871 3780 ὡς
891 3716 982 3769 ἐπὶ
994 3714 1191 3788 Κύριον
1215 3715 1424 3788 ἀσφαλῆ
1449 3716 1572 3786 (sic)
1592 3734 1606 3748 '

75 3807 271 3871 εξκότως
300 3810 329 3861 ὁ
360 3808 792 3882 μακαριζόμενος
819 3808 895 3880 τῷ
919 3806 1012 3861 τοῦ
1039 3807 1171 3861 Θεοῦ
1198 3790 1313 3879 Υἱῷ
1333 3808 1613 3879 ἀφωμοιω-

74 3914 146 3951 ται
179 3898 253 3970 τῷ
283 3899 433 3971 παρά
465 3899 564 3965 τάς
593 3899 854 3966 διεξόδους
888 3900 1000 3954 ὄντι
1045 3900 1150 3959 τῶν
1178 3901 1380 3955 ὑδάτων
1407 3916 1612 3974 μαρτυ-

78 3990 311 4060 ρούμενος
342 3992 854 4064 καὶκηρυττόμενος
888 3990 992 4046 ὑπὸ
1017 3992 1126 4046 τῶν
1151 3992 1249 4064 τῆς
1289 3992 1436 4057 θείας
1475 3991 1612 4064 Γρα-

74 4082 163 4150 φῆς
183 4081 513 4136 διδασκάλων
542 4084 637 4136 καὶ
666 4084 984 4155 προφητῶν·
1021 4083 1215 4148 οἵτινες
1257 4084 1351 4138 καὶ
1391 4082 1619 4156 ἀφέσεις

77 4168 258 4255 ὑδάτων
280 4171 429 4241 παρὰ
447 4172 521 4255 ’τῇ
551 4169 1161 4255 θεοπνεύστῳ-λέγονται
1186 4174 1403 4245 Γραφῇ.
1427 4172 1613 4247 Τούτῳ

74 4254 151 4313 οὖν
181 4252 529 4332 ἀφωμοίωται
573 4263 602 4314 ό
642 4252 1092 4334 μακαριζόμενος,
1124 4266 1415 4338 ἀρδόμενος
1447 4264 1614 4331 διεξό-

76 4349 167 4414 δοις
189 4352 296 4407 τῶν
326 4352 438 4406 ἀπὸ
465 4351 563 4422 τῆς
592 4350 740 4416 θείας
768 4353 989 4425 Γραφῆς
1032 4356 1410 4427 πνευματικῶν
1436 4355 1612 4432 ναμάο

78 4457 183 4506 των,
209 4442 417 4515 καρπόν
442 4458 504 4496 τε
528 4441 731 4511 ἀγαθὸν
755 4442 1061 4526 προφέρων.

134 4617 230 4672 Kal
276 4604 341 4672 td
371 4618 611 4688 φύλλον
642 4616 828 4671 αὑτοῦ
852 4618 964 4671 οὐκ
1009 4618 1470 4686 ἀποῤῥυήσεται,
1512 4604 1613 4679 καί

1707 3535 1860 3605 juxta
1910 3532 2257 3589 Salomonem
2308 3529 2403 3601 qui
2458 3529 2527 3584 de
2577 3526 2853 3597 Sapientia
2908 3525 3039 3580 talia
3084 3523 3269 3577 fatur:
3372 3602 3377 3607 ἠ

1710 3625 1933 3696 Lignum
1972 3625 2090 3680 vita
2120 3630 2198 3678 est
2248 3622 2329 3676 his
2374 3620 2469 3689 qui
2513 3616 2940 3688 apprehenderint
2970 3630 3086 3670 eam
3111 3615 3167 3677 ',
3215 3621 3273 3667 ct

1709 3713 1804 3784 qui
1845 3727 1945 3777 ea,
2014 3710 2129 3766 sive
2176 3710 2297 3780 ipso
2338 3706 2586 3775 Domino,
2644 3704 2767 3765 nixi
2807 3704 3039 3769 fuerint,
3079 3716 3272 3758 secure

1710 3801 1944 3873 degunt;
1997 3799 2123 3870 jure
2186 3812 2253 3853 ac
2308 3798 2503 3853 merito
2547 3795 2643 3866 qui
2684 3795 2876 3851 beatus
2915 3793 3269 3864 praedicatur,

1708 3892 1847 3948 Filio
1867 3891 1962 3948 Dei
1998 3890 2201 3947 similis
2225 3889 2458 3955 dicitur,
2494 3886 2587 3958 qui
2621 3889 2792 3942 secus‘
2813 3886 3077 3942 decursus
3106 3899 3273 3953 aqua-

1709 4001 1831 4041 rum
1863 3986 2001 4042 situs
2040 3990 2160 4049 est,
2209 3983 2411 4053 quique
2443 3977 2757 4035 testimonio
2787 3992 2851 4032 ac
2895 3976 3274 4047 praedicatione

1710 4078 1988 4135 doctorum
2027 4074 2227 4132 divinae
2266 4071 2589 4144 Scriptura,
2643 4084 2707 4125 ac
2761 4070 3141 4141 prophetarum
3174 4054 3275 4120 an-

1711 4171 2031 4245 nuntiatur:
2064 4182 2190 4223 nam
2246 4166 2284 4220 ii
2333 4161 2655 4220 emissiones
2716 4176 2978 4232 aquarum
3020 4160 3083 4214 in
3126 4157 3274 4212 Scri-

1711 4270 1871 4335 ptura
1904 4258 2086 4314 divina
2124 4256 2477 4334 appellantur.
2518 4252 2656 4307 Huic
2701 4252 2884 4320 itaque
2922 4255 3271 4318 comparatur

1710 4356 1804 4429 qui
1850 4352 2039 4409 beatus
2076 4351 2272 4406 dicitur
2294 4390 2309 4415 ,
2342 4335 2597 4418 irrigatus
2630 4343 2848 4397 ﬂuentis
2883 4339 3121 4394 τίνοι-ωτι
3158 4339 3271 4407 spi-

1710 4424 1986 4513 ritualium
2041 4458 2074 4497 a
2122 4438 2403 4511 Scriptura
2437 4448 2591 4492 sacra
2641 4430 3012 4491 manantium,
3060 4432 3115 4482 et
3158 4424 3270 4479 fru-

1710 4540 1855 4591 ctum
1891 4530 2172 4602 proferens
2200 4530 2419 4583 bonum.
2576 4528 2579 4529 ⁷

1784 4622 1854 4682 Et
1882 4624 2067 4692 folium
2096 4622 2209 4684 eius
2255 4635 2359 4673 non
2399 4616 2626 4686 deﬂua,
2677 4624 2727 4668 et
2757 4611 2932 4667 omnia
2960 4625 3272 4680 quacunque

80 4706 247 4763 πάντα
293 4708 413 4762 ὅσα
462 4706 541 4762 ἂν
587 4706 729 4776 ποιῇ
776 4706 1339 4772 κατευοδωθήσεται.
1391 4711 1501 4767 Καὶ
1552 4710 1611 4772 ιὰ

1715 4715 1873 4788 faciet
1893 4710 2356 4782 pmsperabuntur.
2386 4705 2453 4760 Et
2480 4704 2609 4761 folia
2636 4703 2777 4773 ejus,
2808 4709 2870 4756 ut
2903 4700 3042 4754 alius
3070 4699 3267 4767 inquit,

81 4796 226 4863 ςύλλα
253 4800 313 4852 δὲ
357 4798 546 4864 αὐτοῦ,
579 4800 654 4864 ὡς
686 4798 842 4863 ἄλλος
874 4797 1058 4869 φησὶν,
1093 4797 1256 4869 ἔτερα
1296 4799 1424 4856 ὄντα
1461 4802 1613 4883 παρά

80 4886 155 4939 τὸν
180 4889 378 4944 τέλειον
399 4889 631 4969 καρπὸν,
665 4889 734 4944 τὰ
760 4888 899 4943 κατά
941 4888 1031 4943 τδν
1060 4889 1249 4959 θνητὸν
1280 4889 1475 4965 δηλαδὴ
1501 4893 1613 4965 βίον

80 4979 369 5051 πράγματα,
399 4981 467 5035 τά
510 4997 570 5034 τε
601 4978 743 5035 κατὰ
767 4979 865 5052 τὴν
898 4970 1241 5051 ἀνθρωπίνην
1290 4980 1452 5053 ζωὴν,
1491 4984 1612 5041 καθ’

81 5064 131 5135 ἦν
153 5072 237 5123 καὶ
262 5072 291 5124 ὁ
312 5070 517 5133 τέλειος
534 5071 742 5143 καρπὸς
768 5064 1054 5125 σκέπτεταί
1085 5087 1144 5123 τε
1170 5071 1263 5125 καὶ
1289 5072 1612 5142 φυλάττεται

81 5158 153 5209 καὶ
177 5161 270 5214 οὐκ
312 5163 761 5235 ἀπορρεῖ,’μέχρι
805 5163 903 5218 καὶ.¹
938 5158 1139 5217 τούτων
1177 5162 1419 5234 ἀκριϐῶς
1459 5165 1610 5235 βιοῦν

82 5254 602 5327 παραφυλαττομένου
623 5274 638 5287 ·
665 5257 746 5310 διδ
768 5258 861 5310 καὶ
883 5256 941 5313 ὲν
969 5258 1131 5312 πᾶσιν
1158 5251 1238 5321 οἷς
1265 5257 1331 5312 ἀν
1354 5263 1476 5331 ποιῇ
1504 5262 1608 5316 ὑπὸ

79 5341 152 5394 τοῦ
183 5343 311 5399 Θεοῦ
354 5348 872 5419 κατευοδωθήσεται.
916 5350 1026 5403 Καὶ
1069 5349 1238 5412 ἄλλως
1280 5350 1310 5402 ὁ
1342 5352 1609 5423 μακάριος

77 5435 143 5490 διὰ
174 5437 363 5502 παντὸς
404 5438 698 5510 ἀρδόμενος
737 5439 891 5495 ὕδασι
919 5440 1153 5510 λογικοῖς
1180 5442 1279 5513 τῆς
1310 5441 1491 5496 ἐνθέου
1526 5444 1608 5496 δι-

77 5528 357 5594 δισκαλίας,
386 5531 492 5584 καὶΔ
524 5530 623 5601 τῆς
652 5531 1032 5603 προσηκούσης
1061 5533 1330 5605 γεωργίας
1356 5535 1493 5588 κατά
1516 5536 1608 5611 τὸν
1648 5521 1654 5529 ’

80 5624 290 5691 παρόντα
324 5622 445 5681 Βίον
489 5622 783 5692 τυγχάνων
810 5624 868 5676 ὲν
894 5624 1069 5695 καιρῷ
1108 5625 1193 5697 τῷ
1222 5627 1411 5681 ἑαυτοῦ
1451 5627 1608 5682 δώσει
1636 5626 1639 5629 ’

79 5711 147 5763 τίν
174 5715 355 5769 ἑαυτοῦ
384 5714 615 5786 καρπόν.
647 5714 848 5779 Καιρδς
883 5715 939 5768 δὲ
969 5716 1135 5769 αὐτοῦ
1165 5718 1199 5770 ὁ
1226 5719 1429 5790 μέλλων
1464 5721 1611 5777 ἐστὶν

140 5828 171 5857 ε³
208 5829 357 5887 Rom.
388 5846 465 5895 ιι.
504 5831 589 5904 hi.
664 5832 683 5862 ²
720 5829 878 5887 Prov.
918 5846 1013 5901 nt,
1050 5832 1134 5888 l8.

1710 4822 1832 4887 quae
1868 4806 2079 4863 diversa
2108 4809 2234 4858 sunt
2270 4815 2301 4854 a
2326 4798 2566 4870 perfecto
2592 4795 2802 4859 fructu,
2837 4792 3085 4865 videlicet
3106 4805 3273 4858 opera.

1712 4884 1959 4962 mortalis
1980 4897 2205 4967 hujusce
2223 4892 2365 4956 vitae,
2388 4891 2719 4960 humanique
2742 4886 2955 4942 vivendi
2983 4884 3266 4943 curriculi,

1711 4994 1769 5055 in
1798 5007 1905 5064 quo
1946 4988 2155 5044 fructus
2202 4985 2295 5042 ille
2321 4984 2592 5057 perfectus
2617 4986 2905 5051 spectatur.
2925 4984 2979 5031 et
3008 4976 3268 5029 observa-

1712 5092 1822 5149 tur,
1853 5097 1961 5137 non
2000 5078 2257 5145 dellu'ent,
2284 5077 2412 5132 dum
2465 5076 2580 5145 ipse
2629 5070 2796 5142 probe
2830 5065 3043 5122 vivendi
3081 5078 3268 5119 curam

1715 5176 1962 5243 habebit;
1998 5172 2348 5244 quamobrem
2397 5169 2451 5222 in
2502 5165 2713 5221 cunctis
2768 5160 3024 5232 operibus
3070 5158 3185 5211 suis
3237 5171 3268 5207 τι

1713 5269 1823 5326 Deo
1850 5240 1994 5323 recte
2020 5240 2383 5336 prospereque
2424 5259 2705 5329 dirigetur.
2760 5253 2878 5309 Alia
2900 5264 3028 5305 vero
3058 5248 3271 5301 ratione

1715 5365 1794 5419 sic
1820 5358 2158 5432 explicatur:
2190 5355 2385 5411 Beatus
2419 5353 2509 5406 ille
2555 5349 2648 5421 qui
2677 5360 2889 5416 semper
2917 5339 3267 5432 intelligibili-

1712 5454 1815 5509 bus
1849 5430 2045 5506 divina
2097 5448 2356 5503 doctrina:
2401 5442 2558 5515 aquis
2583 5440 2901 5509 ’irrigatur,
2933 5439 2987 5487 et
3038 5430 3093 5485 in
3135 5446 3269 5500 prae.

1713 5542 1850 5602 senti
1882 5525 1992 5599 vita
2016 5554 2114 5595 ceu
2144 5554 2272 5610 ager
2303 5541 2661 5608 congruenter
2686 5529 2915 5593 colitur;
2950 5520 3102 5577 dabit
3158 5520 3267 5575 frtr-

1714 5644 1862 5691 ctum
1903 5648 2059 5689 suum
2092 5632 2147 5686 in
2176 5640 2415 5701 tempore
2457 5644 2576 5685 suo.
2635 5622 2871 5689 Tempus
2910 5630 3085 5693 porro
3114 5615 3267 5685 ejus,

1717 5726 1957 5783 futurum
1980 5722 2249 5779 saeculum
2280 5727 2364 5779 est
2382 5741 2401 5780 _:
2435 5710 2943 5791 praesentis'quippe
2976 5708 3101 5762 vitae
3136 5716 3271 5762 tem-
3332 5714 3333 5717 ‘
