3928 6336
714 432 785 489 79
1335 410 1599 468 EUSEBII
1637 417 2112 476 CESARIENSIS
2148 421 2297 478 OPP.
2339 423 2519 480 PARS
2559 424 2645 483 111.
2676 459 2744 501 έ
2784 430 3186 487 ΕΧΕϐΕΤΙΟΑ.
3473 445 3479 451 '
3842 436 3852 487 i

716 561 815 616 pus
861 532 971 600 non
1014 546 1115 617 ipsi
1150 548 1463 616 proprium,
1501 551 1593 605 sed
1643 552 1876 607 alienum
1912 561 2021 615 est;
2077 569 2270 624 quam-

2376 570 2509 607 αιων
2530 568 2544 582 δ
2592 553 2778 622 encth
2822 569 2927 626 του,
2953 566 3214 621 παρόντος
3243 550 3342 603 οὐκ
3381 547 3526 602 ἔστιν
3566 550 3771 611 οἰκεῖος,
3802 547 3852 599 ἀλ

714 636 898 691 obrem
927 635 982 690 in
1010 643 1251 706 tempore
1270 652 1369 693 suo
1395 642 1677 709 presentis
1699 644 2039 711 agriculturae
2062 644 2272 701 fructus

719 725 827 781 ι)ρο
850 726 1106 798 proferet.
1134 730 1255 785 Alio
1287 716 1501 803 quoque
1528 732 1686 787 modo
1717 734 2068 806 intelligitur;
2110 737 2273 792 nimi-

702 833 857 882 rum,
889 819 978 874 ille
1014 820 1104 890 qui
1130 820 1323 877 beatus
1360 823 1718 893 praedicatur,
1772 842 1836 881 ex
1895 828 2110 882 mortali
2162 828 2271 882 vita

714 909 1039 973 translatus,
1104 911 1516 979 promissionem
1568 914 1786 969 habebit
1830 930 1888 971 se
1922 915 2165 972 futurum
2216 920 2272 973 in

712 1000 964 1068 paradiso
994 1000 1084 1056 Dei
1115 1004 1270 1072 quasi
1309 1002 1512 1074 lignum
1542 1008 1685 1075 quod
1733 1007 2032 1078 plantatum
2075 1017 2160 1065 est
2188 1026 2273 1066 se-

709 1106 807 1147 cus
831 1092 1092 1149 decursus
1115 1110 1397 1164 aquarum.
2181 1107 2184 1111 ’

781 1182 947 1241 Vens.
979 1187 1034 1243 4.
1074 1185 1195 1242 Non
1230 1191 1305 1243 sic
1347 1190 1534 1258 impii,
1580 1207 1681 1245 non
1718 1193 1828 1254 sic,
1883 1192 1974 1248 sed
2020 1203 2270 1263 tanquam

705 1279 874 1345 pulvis
906 1293 1064 1348 quem
1109 1281 1323 1350 proiicit
1361 1294 1537 1337 ventus
1593 1301 1625 1337 a
1672 1285 1807 1353 [acie
1853 1295 2026 1341 term.
2073 1286 2269 1342 Beatus

710 1367 800 1423 ille
828 1370 1007 1439 qualis
1040 1370 1130 1425 hic
1180 1370 1508 1428 describitur
1535 1391 1550 1427 :
1574 1382 1623 1429 et
1654 1390 1786 1430 sane
1819 1375 2128 1445 hujusmodi
2173 1378 2270 1431 ho-

709 1460 883 1515 mines
912 1460 1200 1517 admodum
1228 1461 1338 1516 rari
1382 1463 1648 1531 paucique
1676 1473 1822 1520 sunt.
1872 1464 1941 1521 At
1968 1466 2116 1537 impii
2149 1484 2268 1521 ma-

707 1564 813 1619 gno
842 1563 1102 1616 numero;
1151 1550 1243 1619 qui
1274 1556 1333 1604 ut
1380 1551 1514 1604 nihil
1545 1551 1805 1607 habentes
1851 1552 1990 1622 apud
2050 1554 2266 1608 beatum

711 1643 858 1697 illum
890 1644 1029 1697 male
1054 1643 1313 1707 audiunt;
1349 1643 1582 1697 fructum
1612 1645 1809 1715 quippe
1836 1630 2265 1716 temporaneum,

708 1738 1019 1793 mutabilem
1068 1752 1131 1793 ac
1180 1739 1479 1807 periturum
1532 1738 1902 1807 possidentes,
1960 1739 2090 1794 facti
2142 1746 2269 1796 sunt

704 1828 863 1899 quasi
889 1829 1056 1897 pulvis
1080 1846 1228 1899 quem
1253 1829 1463 1899 projicit
1492 1822 1667 1883 ventus
1696 1847 1727 1883 a
1753 1830 1888 1899 facie
1915 1840 2089 1885 terret.

2375 645 2678 715 ἀλλότριος·
2726 643 2805 695 διὸ
2850 644 2907 696 ὲν
2949 642 3137 712 ἐκείνῳ
3174 641 3250 713 τῷ
3280 639 3469 695 ἑαυτοῦ
3511 639 3681 711 καιρῷ
3706 639 3795 709 τῆς
3826 640 3847 691 ὲ

2370 734 2545 788 ταῦθα
2595 733 2863 805 γεωργίας
2908 732 3173 787 ἀποδώσει
3219 731 3296 802 τῷ
3336 730 3453 802 Θεῷ
3493 733 3616 794 τοὺς
3663 730 3852 802 καρττού

2374 826 2482 879 Καὶ
2534 824 2651 878 καθ’
2696 825 2881 895 ἕτερον
2912 824 2967 876 δὲ
3010 824 3228 895 τρόπον,
3270 825 3298 877 6
3338 820 3782 893 μακαριζόμενος,
3825 840 3852 892 μ

2371 914 2726 985 ταφυτευθεὶς
2776 916 2838 967 ἐκ
2879 913 2973 966 τοῦ
3022 911 3215 984 θνητοῦ
3264 912 3398 983 βίου,
3452 909 3766 980 ἐπαγγελίαν
3809 909 3852 975 ἒξ

2372 1011 2427 1062 ἐν
2454 1008 2535 1079 τῷ
2579 1005 2887 1078 παραδείσῳ
2914 1003 3013 1058 τοῦ.
3050 1004 3183 1059 Θεοῦ
3228 1004 3460 1068 ἔσεσθαι,
3493 1005 3568 1069 ὼς
3594 1003 3654 1058 τὸ
3682 1002 3823 1068 ξύλον

2375 1094 2777 1171 πεφυτευμένον
2803 1097 2953 1169 παρᾶ
2974 1096 3071 1160 τὰς
3094 1096 3353 1162 διεξόδους
3381 1096 3487 1149 τῶν
3513 1096 3734 1149 ὑδάτων.

2450 1193 2572 1259 Οὐχ
2603 1191 2788 1255 οὕτως
2817 1192 2871 1243 οἱ
2896 1188 3149 1254 ἀσεϐεῖς,
3182 1190 3292 1258 οὐχ
3321 1188 3524 1255 οὕτως,
3552 1188 3686 1243 ἀλλ’
3714 1187 3752 1256 ἢ
3786 1187 3852 1242 ὡο

2332 1327 2335 1329 ι
2369 1283 2535 1352 χοῦς,
2578 1282 2650 1336 ὃν
2687 1282 2941 1351 ἐκρίπτει
2976 1283 3008 1335 ὀ
3052 1281 3268 1349 ἄνεμος
3318 1280 3437 1335 ἀπὸ
3477 1280 3793 1350 προσώπου
3819 1296 3851 1332 τ

2369 1374 2500 1445 τῆς.
2546 1374 2603 1428 'O
2636 1374 2732 1443 μὲν
2766 1373 3030 1445 μακάριος
3071 1371 3308 1435 τοιοῦτος
3333 1367 3443 1425 οἷον
3482 1373 3509 1425 6
3539 1372 3693 1441 λόγος
3722 1372 3852 1443 διέγι

2367 1466 2497 1537 ιῖαεν⁸
2534 1466 2755 1528 σπάνιος
2791 1465 2847 1518 δὲ
2880 1461 3034 1528 οὗτος
3069 1465 3163 1517 καὶ
3198 1465 3254 1516 ἐν
3293 1464 3492 1532 ὀλίγοις
3532 1464 3852 1535 εὐρισκὸμενι

2370 1554 2557 1607 Πολλοὶ
2598 1554 2654 1608 δὲ
2691 1555 2739 1607 οἱ
2772 1554 3006 1617 ἀσεϐεῖς,
3047 1553 3242 1616 οἵτινες
3286 1554 3360 1617 ὼς
3406 1554 3570 1625 μηδὲν
3611 1553 3816 1625 ἔχοντες

2373 1647 2623 1719 μακαρίῳ
2648 1645 3045 1719 διαϐέϐληνται.
3084 1647 3310 1718 Καρπὺν
3340 1646 3449 1718 γὰρ
3478 1646 3801 1718 πρόσκαιρον
3837 1664 3852 1695 π

2371 1738 2677 1801 σκεδαστὸν,
2694 1740 2786 1791 καὶ
2806 1738 3170 1809 ἀπολλύμενον
3193 1740 3539 1810 κτησάμενοι,
3564 1739 3837 1807 γεγόνασιν

2369 1832 2402 1883 ό
2416 1827 2563 1899 χοῦς
2582 1829 2653 1882 ὃν
2666 1830 2835 1896 ἑκρίπ
2843 1846 2925 1882 τει
2939 1832 2970 1882 ό
2987 1830 3203 1898 ἄνεμος
3220 1830 3337 1884 ἀπὸ
3356 1828 3676 1898 προσώπου
3690 1828 3794 1897 τῆς
3806 1829 3852 1899 γι

772 1921 937 1977 Vens.
982 1922 1033 1977 5.
1078 1921 1207 1976 Ideo
1258 1940 1362 1977 non
1412 1932 1680 1993 resurgent
1729 1924 1878 1991 impii
1928 1923 1983 1976 in
2026 1921 2265 1991 judicio,

2439 1922 2539 1976 Διὰ
2566 1921 2741 1975 τοῦτο
2772 1924 2883 1974 οὐκ
2905 1922 3350 1987 ἀναστήσονται
3376 1923 3612 1989 ἀσεϐεῖς
3632 1924 3701 1975 ἐν
3725 1924 3852 1991 sepia

704 2031 864 2085 neque
888 2024 1184 2083 peccatores
1210 2016 1266 2067 in
1293 2016 1518 2069 concilio
1544 2015 1837 2085 ⁸ᾔιιδιονιιιη.
1864 2012 1923 2067 In
1956 2015 2264 2078 communi,

705 2104 877 2169 illud,
924 2104 977 2156 in
1028 2104 1252 2158 concilio
1302 2103 1564 2175 iustorum
1609 2104 1879 2174 accipias,
1925 2103 1999 2156 ita
2047 2111 2106 2157 ut
2156 2104 2268 2157 haec

704 2196 977 2251 sententia
1007 2194 1168 2251 fuerit
1193 2215 1205 2251 :
1241 2195 1689 2266 Quandoquidem
1715 2195 1851 2250 nihil
1881 2194 2077 2258 fertile,
2104 2195 2268 2251 vitale

703 2289 873 2354 nihil,
905 2303 1080 2358 neque
1105 2289 1338 2344 fructum
1365 2288 1468 2345 Deo
1490 2288 1744 2359 dignum,
1770 2289 1984 2358 qualem
2004 2272 2270 2343 dederunt

699 2382 865 2452 justi,
899 2382 1050 2454 impii
1077 2384 1389 2457 protulere;
1418 2383 1538 2448 ideo
1568 2382 1620 2437 in
1650 2381 1842 2452 judicii
1872 2389 2113 2450 tempore
2132 2421 2146 2445 ,
2178 2394 2267 2433 ne-

701 2491 797 2547 que
825 2482 1123 2544 peccatores
1158 2476 1212 2529 in
1245 2474 1471 2530 concilio
1497 2476 1767 2543 justorum
1804 2479 2113 2543 resurgent.
2159 2470 2267 2524 Pro

700 2567 938 2621 concilio
967 2575 1145 2623 autem
1178 2567 1371 2637 Aquila
1405 2575 1459 2622 et
1490 2550 1791 2620 Theodotio
1825 2580 2151 2634 synagogam
2184 2563 2266 2617 in-

699 2659 980 2727 terpretati
1008 2666 1172 2725 sunt;
1207 2657 1566 2729 Symmachus
1590 2671 1740 2719 vero,
1769 2663 2096 2710 conventum.
2122 2654 2268 2709 Con-

660 2734 663 2737 ‘
701 2752 888 2805 cilium
926 2750 1088 2820 igitur
1123 2748 1217 2802 hic-
1247 2750 1517 2821 intelligas
1551 2753 1881 2803 conventum
1913 2754 2227 2802 sanctorum
2248 2784 2263 2811 ,

681 2832 763 2895 ut
801 2841 858 2895 in
892 2840 1162 2911 principio
1197 2840 1401 2895 dictum
1442 2849 1545 2896 est.
1585 2839 1960 2911 Oppositoque
1994 2854 2161 2894 sensu
2200 2839 2268 2892 il-

703 2933 793 2988 Iud
814 2976 828 3000 ,
863 2934 919 2988 in
948 2935 1169 2989 concilio
1200 2935 1479 3004 impiorum
1500 2975 1515 2999 ,
1545 2949 1643 3004 pro
1672 2942 1942 2988 conventu
1974 2925 2266 3003 impiorum

702 3025 963 3095 accipias.
998 3024 1263 3081 Caeterum
1300 3032 1586 3095 resurgent
1624 3025 1724 3094 ipsi
1763 3040 1978 3095 quoque.
2002 3065 2016 3089 ,
2056 3024 2150 3079 sed
2198 3024 2264 3079 ad

704 3133 917 3189 poenam
946 3126 1107 3187 atque
1138 3118 1500 3188 supplicium:
1539 3116 1680 3170 Nam
1718 3108 1907 3170 cuncta
1940 3132 2057 3188 qum
2089 3118 2223 3185 ﬁunt
2247 3153 2283 3181 ,α

703 3209 925 3263 adducet
962 3207 1104 3262 Deus
1155 3209 1211 3261 in
1248 3208 1515 3278 judicium
1565 3224 1659 3277 pro
1711 3224 1852 3261 omni
1900 3216 2112 3271 errato,
2162 3208 2267 3261 sive

704 3302 895 3355 bonum
933 3302 1040 3355 sive
1068 3301 1269 3354 malum
1298 3300 1430 3354 illud
1460 3301 1623 3370 fuerit
1656 3302 1695 3354 ³.
1737 3299 2047 3355 Notandum
2087 3306 2268 3353 autem

703 3402 813 3456 est,
850 3394 1095 3469 primum
1137 3392 1390 3449 Davidem
1441 3394 1899 3448 resurrectionem
1940 3400 1994 3448 et
2027 3391 2269 3445 futurum

701 3478 821 3552 post
859 3483 1321 3538 resurrectionem
1356 3482 1644 3552 judicium,
1676 3498 1888 3539 necnon
1919 3481 2115 3536 futurae
2148 3482 2271 3535 vitae

702 3575 1154 3646 promissionem,
1215 3584 1397 3647 aperte
1442 3576 1746 3632 docuisse:
1804 3574 2016 3646 Moyses
2071 3573 2271 3644 quippe

702 3669 834 3721 nihil
868 3666 1175 3736 huiusmodi
1210 3669 1418 3738 uspiam
1451 3667 1692 3721 tradidit.

778 3759 941 3818 Vens.
981 3761 1032 3816 6.
1076 3762 1341 3825 Quoniam
1397 3761 1537 3815 novit
1588 3761 1850 3814 Dominus
1900 3767 2038 3813 riam
2088 3758 2268 3829 justo-

702 3869 858 3917 rum,
931 3863 978 3907 et
1035 3854 1132 3908 iter
1189 3855 1468 3924 impiorum
1524 3852 1733 3923 peribit.
1791 3851 1889 3906 Hic
1963 3849 2265 3921 generatim

702 3954 858 4000 notes
912 3945 1106 4009 velim,
1175 3945 1373 4000 bonum
1426 3944 1644 4016 quidem
1699 3943 1927 3998 Domino
1984 3941 2262 4013 cognitum

701 4054 856 4101 esse,
894 4037 989 4105 sed
1021 4036 1223 4091 malum
1262 4032 1601 4108 neutiquam.
1638 4035 1785 4090 Bona
1822 4036 2019 4105 quippe
2052 4040 2137 4088 est
2170 4033 2264 4102 ju-

703 4140 912 4186 storum
949 4128 1065 4195 via,
1099 4116 1273 4197 neque
1320 4129 1561 4187 dicitur:
1605 4126 1765 4181 Novit
1811 4125 2073 4180 Dominus
2127 4124 2267 4176 viam

704 4224 993 4295 impiarum
1020 4262 1033 4284 ,
1064 4221 1314 4275 videlicet
1341 4235 1529 4275 eorum
1564 4220 1655 4289 qui
1687 4220 1741 4272 in
1773 4217 2067 4289 perniciem
2099 4223 2266 4281 eunt;

704 4317 799 4372 sed
829 4335 841 4371 :
876 4314 1039 4370 Novit
1072 4312 1332 4368 Dominus
1363 4314 1450 4383 qui
1482 4322 1601 4365 sunt
1632 4300 1755 4379 ejus
1783 4309 1823 4364 ⁸.
1857 4308 2139 4363 Justorum
2174 4322 2270 4361 au-

703 4423 806 4465 tem
843 4410 929 4465 via
961 4417 1045 4466 est
1080 4411 1125 4465 is
1158 4408 1251 4478 qui
1283 4408 1420 4463 dixit
1452 4426 1463 4461 :
1505 4405 1616 4477 Ego
1647 4421 1763 4459 sum
1796 4404 1879 4459 via
1909 4405 1930 4435 ⁵
1961 4420 1977 4468 ;
2007 4411 2060 4457 et
2090 4401 2222 4457 illud
2254 4421 2264 4456 :

711 4502 889 4558 Videte
916 4484 1033 4571 qua:
1064 4504 1133 4557 sit
1168 4504 1251 4557 via
1283 4501 1419 4555 bona
1441 4502 1480 4554 ⁵.
1513 4499 1641 4555 llzee
1674 4498 1897 4569 respicit
1932 4499 2197 4569 psalmus.

1122 4614 1445 4670 PSALMUS
1512 4611 1720 4668 DAVID
1779 4612 1844 4666 ll.

1158 4725 1479 4796 Explanatio
1512 4728 1706 4798 psalmi
1748 4743 1809 4783 ll.

772 4844 939 4900 Vens.
971 4848 1019 4898 1.
1053 4844 1230 4910 Quare
1263 4843 1585 4911 fremuerunt
1615 4853 1790 4915 gentes
1811 4885 1824 4909 ,
1864 4853 1914 4897 et
1954 4839 2135 4910 populi
2166 4854 2273 4891 me-

701 4939 861 4994 ditati
893 4948 1012 4993 sunt
1046 4938 1278 4991 inania?
1310 4934 1656 5005 Prophetiam
1694 4936 1878 4997 aﬂcrt,
1913 4949 2019 5005 qua
2066 4928 2271 4986 Christi

2368 2010 2510 2067 οὐδὲ
2538 2010 2866 2080 ἁμαρτωλοὶ
2896 2011 2965 2062 ἐν
3006 2008 3211 2076 ,ϐουλῇ
3254 2009 3513 2063 δικαίων.
3558 2013 3713 2065 Κατὰ
3762 2029 3852 2064 κου

2368 2102 2446 2167 τὸ,
2478 2103 2546 2156 ἐν
2578 2099 2782 2169 ,ϐουλῇ
2803 2100 3063 2176 δικαίων,
3092 2098 3374 2162 ἀκούσας’
3409 2101 3484 2164 ὡς
3515 2096 3653 2156 εἶναι
3692 2102 3788 2174 τὴν
3818 2104 3852 2155 δι

2368 2210 2514 2247 νοιαν
2541 2190 2791 2263 τοιαύτην
2814 2207 2827 2220 ·
2858 2191 3007 2243 Ἐπεὶ
3042 2189 3205 2261 μηδὲν
3259 2192 3476 2262 γόνιμον
3521 2192 3657 2262 μηδὲ
3692 2192 3852 2256 ζωτικ

2368 2286 2481 2339 ἀλλ’
2513 2285 2633 2338 οὐδὲ
2672 2284 2880 2354 καρπὸν
2912 2282 3047 2337 Θεοῦ
3079 2283 3223 2350 ἄξιον
3260 2287 3373 2347 τοῖς
3405 2284 3631 2352 δικαίοις
3664 2302 3851 2355 παραπ

2370 2379 2499 2442 σίως
2527 2380 2575 2433 οἱ
2614 2378 2831 2442 ἀσεὸεῖς
2882 2378 3313 2450 προηνέγκαντο,
3341 2375 3429 2430 διὰ
3462 2376 3621 2429 τοῦτο
3660 2379 3718 2429 ὲν
3746 2378 3819 2447 τῷ
3845 2395 3852 2409 η

2368 2470 2599 2541 κρίσεως
2645 2469 2841 2542 καιρῷ,
2882 2471 3019 2523 οὔτε
3060 2473 3115 2523 οἱ
3161 2467 3491 2538 ἁμαρτωλοὶ
3522 2467 3591 2520 ἐν
3621 2466 3824 2534 ,βουλῇ

2367 2564 2553 2616 καίων
2584 2555 3015 2633 ἀναστήσονται.⁴
3046 2561 3191 2615 Ἀντὶ
3222 2561 3277 2616 δὲ
3306 2559 3498 2631 βουλῆς
3519 2561 3547 2613 6
3580 2560 3680 2630 μὲν
3721 2558 3852 2612 Ἀκύῖ

2370 2655 2463 2708 καὶ
2492 2656 2519 2707 ὁ
2544 2654 2834 2708 Θεοδοτίων
2859 2653 3217 2723 συναγωγὴν
3240 2650 3634 2723 ἡρμηνεύκασι,
3663 2651 3851 2705 avrai

2367 2764 2470 2800 σιν
2499 2746 2555 2799 δὲ
2593 2749 2622 2801 6
2652 2747 2965 2818 Σύμμαχος.
2999 2745 3201 2816 Βουλὴν
3230 2745 3407 2799 τοίνυν
3453 2747 3684 2816 ἡγητέον
3718 2744 3852 2797 ὲνταὶ

2368 2840 2616 2914 εἰρῆσθαι
2656 2841 2752 2912 τὴν
2786 2840 3001 2894 σύνοδον
3025 2838 3130 2892 τῶν
3160 2838 3349 2906 ἁγίων,
3377 2838 3452 2901 ὼς
3492 2837 3584 2890 καὶ
3612 2838 3671 2890 ὲν
3704 2837 3841 2907 ἀρχῇ

2373 2954 2551 3010 ρηται.
2587 2936 2743 2990 Κατά
2775 2934 3031 3006 δευτέραν
3053 2934 3286 2988 διάνοιαν
3315 2931 3411 3002 τὴν
3443 2929 3660 2984 σύνοδον
3688 2930 3797 2983 τῶν
3825 2930 3852 2982 ἀ

2368 3030 2479 3083 δῶν
2510 3029 2798 3101 δηλοῦσθαι
2823 3030 2897 3093 Δὲκ
2926 3027 3019 3081 τοῦ
3048 3028 3117 3081 ἐν
3138 3024 3341 3093 ,ϐουλῇ
3370 3022 3623 3079 ἀσεϐῶν.
3650 3024 3797 3095 Πλὴν
3827 3023 3852 3075 ἀ

2371 3126 2657 3194 στήσονται
2704 3123 2794 3176 ἐπὶ
2840 3121 3057 3175 κολάσει
3106 3103 3209 3174 και
3250 3117 3511 3189 τιμωρίᾳθ
3554 3115 3689 3170 Πᾶν
3730 3118 3837 3185 γὰρ

2370 3216 2594 3284 ποίημα
2614 3213 2742 3278 ἄξει
2767 3217 2798 3269 ό
2831 3212 2974 3278 Θεὸς
2999 3214 3084 3277 εὶς
3113 3211 3317 3279 κρίσιν
3340 3208 3400 3260 ἐν
3442 3206 3620 3259 παντὶ
3650 3221 3852 3272 παρεωλ

2366 3308 2545 3379 μένῳ,
2576 3307 2683 3360 ἐάν
2706 3323 2767 3360 τε
2809 3299 3031 3375 ἀγαθὸν
3058 3299 3117 3375 ᾖ,
3155 3304 3264 3358 ἐάν
3292 3320 3352 3356 τε
3394 3301 3681 3369 πονηρόν.
3715 3301 3852 3370 Σημε

2374 3422 2461 3458 σαι
2497 3404 2574 3466 δὲ,
2616 3404 2696 3455 ὅτι
2746 3400 2958 3473 πρῶτος
2992 3398 3151 3453 Δαυῒδ
3189 3399 3283 3452 καὶ
3310 3396 3602 3465 ἀνάστασιν
3649 3393 3744 3447 καὶ
3774 3392 3852 3457 κρὲ

2376 3493 2512 3565 μετὰ
2537 3495 2634 3564 τὴν
2668 3493 2961 3547 ἀνάστασιν
2992 3489 3280 3560 ἐσομένην,
3313 3487 3405 3541 καὶ
3437 3485 3772 3555 ἐπαγγελίαν
3806 3484 3852 3547 ζι

2362 3584 2670 3659 ’μελλούσης
2702 3586 2886 3655 σαφῶς
2926 3583 3149 3650 ἐδίδαξε,
3192 3580 3466 3644 Μωῦσέως
3502 3578 3670 3651 μηδὲν
3717 3574 3852 3631 τοιοῦ

2372 3699 2446 3735 πα
2456 3680 2832 3743 οαδεδωκότος.
3662 3730 3666 3735 .

2444 3776 2563 3825 Ὅτι
2614 3772 2889 3841 γινώσκει
2934 3772 3146 3838 Κύριος
3179 3768 3322 3823 ὁδὸν
3362 3766 3627 3831 δικαίων,
3673 3766 3773 3819 καὶ
3812 3766 3852 3816 ά

2371 3866 2604 3920 ἀσεϐῶν
2637 3863 2964 3919 ἀπολεῖται.
3011 3856 3686 3931 Σημείωσαικαθολικῶς,
3739 3858 3852 3910 ὅτις

2370 3958 2459 4013 λὸν
2512 3960 2607 4030 μὲν
2655 3955 2980 4026 γινώσκεται
3034 3952 3138 4005 ὑπὸ
3180 3951 3405 4023 Κυρίου,
3456 3947 3661 4017 φαῦλον
3706 3948 3764 4000 δὲ
3802 3946 3852 3999 οὐ

2370 4051 2643 4104 οὐδέποτε.
2704 4047 2880 4101 Καλὸν
2919 4046 3027 4116 γὰρ
3076 4044 3190 4107 ὁδὸς
3238 4041 3476 4103 δικαίων,
3509 4041 3603 4093 καὶ
3647 4040 3749 4093 ούκ
3790 4035 3852 4092 εῖτ

2371 4142 2630 4195 Γινώσκει
2672 4138 2877 4209 Κύριος
2904 4136 3021 4189 ὁδὸν
3066 4132 3295 4197 ἀσεϐῶν,
3338 4134 3451 4205 ἦτοι
3492 4129 3602 4184 τῶν
3645 4130 3852 4185 ἀπολλυ

2372 4253 2505 4289 νων·
2539 4232 2702 4285 etta-
2736 4234 2842 4286 Καὶ
2885 4230 3035 4299 ἔγνω
3082 4230 3294 4295 Κύριος
3334 4225 3477 4292 τοὺς
3519 4224 3703 4292 ὄντας
3746 4228 3852 4278 αὐτ

2380 4327 2529 4393 ⁸Ὁδὸς
2572 4327 2627 4380 δὲ
2669 4325 2911 4386 δικαίων,
2946 4325 2973 4376 6
3002 4321 3199 4376 εἰπών’
3242 4318 3380 4389 Ἐγώ
3416 4323 3528 4389 είμι
3565 4321 3605 4386 ἢ
3651 4319 3793 4383 ὁδός
3816 4336 3830 4349 ν

2371 4421 2433 4473 τό
2452 4438 2465 4449 ·
2497 4418 2677 4472 Ἴδετε
2700 4417 2839 4471 ποία
2868 4416 3039 4469 ἐστίν
3061 4416 3099 4481 ἡ
3124 4412 3262 4480 ὁδὸς
3286 4415 3322 4480 ἠ
3348 4410 3561 4482 ἀγαθή.
3593 4412 3721 4465 Ἐπὶ
3750 4412 3852 4464 τούο

2381 4512 2729 4581 ἀναφέρεται.

2801 4623 3092 4676 manu:
3118 4621 3203 4691 Tn
3229 4608 3425 4687 ΔΑΥΪΑ
3458 4616 3529 4668 B'.

2812 4713 3132 4783 Ἐξήινησις
3172 4706 3414 4780 ψαλμοῦ
3439 4708 3519 4772 β.

2451 4835 2574 4887 Ἵνα
2617 4834 2672 4886 τί
2717 4830 3023 4901 ἐφρύαξαν
3059 4828 3223 4893 ἔθνη,
3272 4824 3370 4877 καί
3402 4821 3538 4876 λαοί
3575 4820 3852 4891 ἐμελέτηι

2397 4918 2570 4989 certi;
2634 4923 2976 4998 Προφητείαν
3044 4919 3280 4990 ἐντίθησι
3343 4914 3577 4988 Χριστοῦ
3648 4931 3852 4987 παρουι

704 5032 967 5086 adventus
998 5030 1311 5085 enuntiatur
1337 5047 1351 5097 ;
1380 5044 1489 5100 quo
1512 5034 1668 5097 pacto
1696 5028 1904 5090 scilicet
1936 5027 2175 5080 futurum
2205 5022 2277 5076 sit

2376 5018 2877 5090 προσαγορευτικήν
2899 5033 2911 5045 ·
2947 5015 3041 5069 καὶ
3069 5013 3143 5076 ὡς
3174 5010 3278 5072 ὑπὸ
3308 5008 3571 5062 Ἰουδαίων
3606 5008 3710 5078 μὲν
3740 5008 3852 5063 erat

692 5128 766 5177 'ut
812 5120 1121 5176 Judaaorum
1170 5120 1383 5177 insidiis
1432 5126 1737 5189 appetatur,
1779 5118 2127 5187 gentiumque
2158 5127 2275 5165 om-

711 5215 858 5267 nium
891 5212 1221 5277 dominetur,
1254 5221 1307 5267 et
1337 5188 1605 5281 quotquot
1639 5209 1693 5261 in
1726 5218 1849 5260 eum
1887 5188 2137 5259 ﬁduciam
2173 5202 2272 5255 ha-

705 5307 943 5367 bebunt,
977 5304 1096 5373 ejus
1130 5321 1294 5375 opera
1331 5304 1515 5359 felices
1546 5297 1803 5356 evadant.
1840 5296 2057 5353 Primus
2090 5298 2273 5365 itaque

703 5400 950 5472 psalmus
987 5413 1147 5468 parce
1180 5398 1409 5467 loquens
1460 5412 1629 5450 unum
1670 5395 1935 5449 duntaxat
1983 5393 2075 5462 qui
2122 5390 2270 5444 salu-

702 5506 809 5549 tem
867 5499 1199 5548 consecutus
1245 5498 1327 5544 est
1377 5490 1594 5562 beatum
1652 5486 1946 5556 praedicat;
2003 5486 2089 5538 hic
2140 5496 2271 5535 vero

703 5587 950 5656 psalmus
986 5585 1052 5639 ad
1090 5583 1401 5639 felicitatem
1436 5580 1839 5633 multitudinem
1876 5588 2050 5631 voeat.
2090 5574 2271 5645 Siqui-

698 5678 821 5733 dem
858 5679 1101 5732 omnium
1134 5691 1242 5731 una
1290 5673 1532 5745 gentium
1576 5673 1916 5727 vocationem
1958 5668 2274 5740 complecti-

700 5784 811 5835 tur,
852 5786 1129 5841 regnaque
1154 5780 1316 5825 terrae
1344 5766 1534 5821 invitat
1566 5766 1632 5819 ad
1661 5764 1909 5819 salutem.
1949 5762 2073 5817 Haec
2104 5774 2269 5829 porro

702 5870 840 5919 bona
892 5868 990 5932 per
1036 5861 1316 5916 Christum
1362 5856 1672 5911 hominibus
1722 5855 2025 5909 obventura
2072 5866 2267 5906 conse-

773 5980 793 6010 ³
835 5979 1015 6035 Eccle.
1050 5994 1143 6036 ιιι,
1172 5979 1254 6033 li.

2374 5110 2715 5182 λευθήσεται,
2765 5109 3029 5179 κρατήσει
3074 5103 3128 5155 δὲ
3177 5100 3283 5154 τῶν
3323 5100 3490 5173 ἐθνῶν
3535 5101 3819 5163 ἁπάντων,

2373 5205 2447 5267 ὡς
2472 5205 2537 5258 δι’
2579 5201 2745 5257 αὑτοῦ
2777 5202 2974 5263 πάντες
3026 5197 3281 5269 μακάριοι
3313 5196 3522 5248 ἔσονται
3552 5196 3600 5246 oi
3632 5195 3852 5259 πεποιθι

2489 5297 2653 5368 αὐτῷ.
2699 5298 2757 5348 Ὀ
2790 5294 2887 5366 μὲν
2913 5288 3005 5345 οὖν
3032 5276 3244 5360 πρῶτος
3271 5286 3484 5359 eam;
3529 5286 3628 5339 ἕνα
3669 5287 3797 5339 τινὰ
3830 5305 3851 5338 c

2381 5390 2505 5451 νίως
2537 5389 2836 5460 σωζόμενον
2868 5383 3196 5456 ἐμακάριζεν
3215 5400 3227 5412 '
3251 5383 3278 5434 6
3306 5382 3361 5435 δὲ
3391 5378 3581 5453 παρὼν
3605 5380 3747 5451 ὁμοῦ
3780 5381 3845 5434 τιλ

2382 5481 2534 5533 καλεί
2574 5481 2665 5533 ἐπὶ
2710 5479 2801 5533 τὸν
2854 5475 3197 5547 μακαρισμὸν
3224 5489 3235 5501 ·
3286 5470 3406 5523 ἐπεὶ
3455 5469 3547 5523 καὶ
3605 5468 3805 5538 κλῆσιν
3850 5504 3851 5508 η

2381 5571 2548 5625 ἐθνῶν
2579 5573 2827 5626 ἁπάντων
2866 5568 3128 5639 περιέχει,
3160 5564 3254 5618 καὶ
3282 5562 3378 5625 τὰς
3411 5561 3697 5632 βασιλείας
3726 5559 3825 5633 τῆς

2341 5651 2473 5715 ’ἐπὶ
2515 5663 2613 5734 τὴν
2659 5662 2928 5732 σωτηρίαν
2977 5658 3148 5713 καλεῖ.
3195 5654 3378 5708 Ταῦτα
3416 5654 3471 5706 δὲ
3519 5651 3703 5703 πάντα
3746 5650 3851 5701 διὰ

2381 5756 2613 5829 Χριστοῦ
2636 5742 3126 5828 προξενηθήσεσθαι
3152 5748 3456 5820 ἀνθρώποις
3477 5742 3728 5807 θεσπίζει
3753 5759 3836 5811 σφι

2377 5849 2699 5911 ἀκολούθως.
2750 5844 2895 5899 Ἔδει
2940 5844 3048 5917 γὰρ
3092 5844 3233 5914 ἡμᾶς
3280 5834 3785 5913 προμεμαθηκίνῖας
3850 5922 3851 5929 γ

1332 5982 1351 6006 ⁸
1389 5974 1431 6028 ll
1466 5974 1603 6031 Tim.
1642 5990 1710 6038 ιι,
1751 5973 1832 6028 i9.
1914 5974 1933 6005 ⁵
1971 5970 2126 6025 Joan.
2160 5984 2278 6032 xxv,
2319 5965 2372 6021 6.
2452 5968 2471 5998 ‘
2508 5965 2702 6022 Jerem.
2747 5981 2817 6029 vr,
2861 5964 2954 6018 16.
