3956 6340
91 411 141 464 Si
1172 415 1664 475 COMMENTARIA
1707 420 1771 476 ΙΝ
1813 420 1932 475 PSA
1942 419 2143 476 LMOS.
3200 428 3266 481 8?.

92 527 175 580 τῶν
209 527 293 581 δύο
320 528 469 595 ὁδῶν,
502 532 628 602 ἑξῆς
670 534 761 587 καὶ
800 528 867 587 τὰ
907 533 1033 606 περὶ
1062 536 1155 590 τοῦ
1198 538 1443 607 Σωτῆρος
1490 556 1608 593 παι-

1718 553 1946 610 quenter
1984 542 2270 598 admodum
2312 541 2661 595 vaticinatur.
2703 539 2807 595 Par
2839 544 2982 598 enim
3018 552 3133 600 erat
3167 562 3267 602 nos

93 617 303 687 Esuﬁﬁvnt
323 636 336 649 '
367 620 432 673 δι’
458 615 520 674 οὗ
549 624 749 687 πάντες
777 624 1048 696 ἄνθρωποι
1092 628 1185 698 τὴν
1214 630 1310 698 μὲν
1338 628 1444 682 τῶν
1487 631 1611 683 ἀσε-

92 708 182 763 ϐῶν
206 711 312 764 ὁδὸν
337 712 615 783 ἐξέφυγον,
642 716 826 786 ἔτυχον
852 716 907 770 δὲ
938 720 1040 789 τῆς
1072 720 1191 773 ὀδοῦ
1222 719 1322 789 τῆς
1344 721 1609 792 σωτηρίου

89 802 161 854 διὰ
183 804 269 873 τῆς
296 805 370 866 είς
400 805 561 859 αὐτὸν
596 807 851 872 πίστεως·
886 809 915 862 ὃ
945 809 1008 881 δὴ
1038 811 1359 882 παρίστησιν
1389 812 1611 881 φάσκων

96 922 114 943 δ
137 893 286 961 λόγος·
305 894 587 963 Μακάριοι
602 896 822 965 πάντες
836 902 891 954 οἱ
910 903 1254 967 πεποιθότες
1287 905 1373 968 εἰς
1405 905 1606 958 αὐτόν.

1717 633 1785 688 de
1838 633 2053 689 duabus
2111 634 2216 689 viis
2267 634 2418 704 prius
2472 633 2805 698 instructos,
2863 649 2925 689 ea
2982 634 3269 710 quaa.OSal-

1715 733 1958 781 vatorem
2019 730 2269 796 spectant
2324 724 2577 793 deinceps
2628 723 2909 791 ediscere;
2963 740 3058 795 per
3107 741 3267 798 quem

1720 831 1910 872 omnes
1959 816 2204 873 homines
2251 832 2375 871 eum
2421 818 2710 886 impiorum
2754 818 2892 872 viam
2936 817 3265 889 eﬂ’ugerunt.

1716 914 1830 961 tum
1871 908 2012 963 viam
2056 909 2345 963 salutarem
2374 922 2471 978 per
2510 908 2668 963 [idem
2716 908 2772 962 in
2815 910 2990 980 ipsum
3037 909 3266 980 ingressi

95 994 231 1049 sunt;
274 984 407 1054 quod
451 986 597 1041 hisce
639 990 816 1044 verbis
861 990 1205 1047 declaratur:
1240 992 1388 1047 Beati
1420 1012 1596 1050 omnes
1630 1000 1720 1066 qui
1733 984 1737 987 λ
1760 999 2033 1069 conﬁdunt
2072 1001 2125 1054 in
2163 1017 2242 1054 eo.

149 1101 519 1167 Παρέστησαν
558 1106 612 1155 οι
647 1105 927 1178 ,βασιλεῖς
959 1105 1066 1174 τῆς
1107 1106 1236 1176 τῆς,
1279 1111 1373 1163 καὶ
1427 1115 1483 1165 ol
1511 1111 1613 1181 ἀρ-
1692 1162 1697 1167 .

96 1207 271 1260 χογτες
296 1190 690 1261 συνήχθησαν
734 1196 831 1249 ἐπὶ
876 1197 941 1249 τὸ
971 1200 1115 1251 αὐτὸ
1158 1200 1305 1255 κατὰ
1350 1203 1455 1257 τοῦ
1496 1206 1612 1257 Κυ-

80 1287 201 1348 ρίου
237 1282 326 1335 καὶ
355 1284 504 1338 κατὰ
535 1278 638 1339 τοῦ
664 1288 918 1354 Χριστοῦ
950 1289 1152 1343 αὑτοῦ.
1188 1293 1373 1363 Σωτὴρ
1408 1294 1613 1366 ἀνθρώ-

92 1392 193 1439 ποις
218 1375 591 1446 ὲπιδεδήμηκεν
623 1380 651 1431 ὁ
691 1378 921 1448 Χριστὸς
962 1380 1054 1433 τοῦ
1080 1381 1246 1435 Θεοῦ-
1286 1385 1474 1456 Σωτὴρ
1515 1389 1608 1441 καλ⁹

88 1468 282 1537 φωστὴρ
310 1467 411 1519 τῶν
439 1467 606 1521 ἐθνῶν
634 1469 907 1533 ἁπάντων,
952 1472 1265 1539 διδάσκαλος
1312 1477 1610 1543 εὐσεϐείας,

86 1556 402 1627 σωφροσύνης
419 1557 765 1628 καθηγεμὼν,
788 1560 1127 1635 δικαιοσύνης
1141 1566 1397 1637 ἀρχηγὸς,
1415 1569 1611 1640 ἀρετῆς

82 1645 273 1714 ἁπάσης
299 1648 387 1699 καὶ
432 1646 758 1713 θεογνωσίας
793 1651 1023 1723 ἀληθοῦς
1063 1653 1252 1718 αἴτιος.
1304 1657 1367 1708 Τί
1398 1658 1454 1710 δὲ
1490 1655 1605 1723 οὖν,

84 1736 215 1803 φησι,
246 1736 559 1807 ταράττεται
583 1738 648 1790 τὰ
677 1739 803 1811 ἔθνη
834 1743 925 1797 ἐπὶ
955 1744 1021 1814 τῇ
1046 1743 1150 1797 τῶν
1170 1746 1434 1799 τοσούτων
1470 1750 1606 1815 ἀγα-

84 1826 174 1878 θῶν
224 1827 513 1899 παρουσία;
561 1830 621 1883 Εἰ
666 1830 722 1884 δὲ
771 1833 862 1885 καὶ
908 1834 1194 1907 πληρωτὴς
1247 1838 1469 1907 ἐλήλυθε
1517 1842 1608 1895 τοῦ

84 1916 317 1980 Μωῦσὲως
347 1914 534 1989 νόμου,
573 1921 759 1993 ὥσπερ
797 1918 889 1977 οὖν
935 1924 1094 1990 αὐτὸς
1136 1926 1372 1981 διδάσκει
1405 1929 1604 1999 λέγων·

85 2010 186 2061 οὐκ
214 2003 394 2077 ἦλθον
434 2011 767 2066 καταλῦσαι
798 2014 902 2068 τὸν
938 2016 1142 2085 νόμον,
1180 2017 1338 2072 ἀλλὰ
1375 2022 1608 2088 πληρῶ-

80 2116 182 2161 σαι,
225 2102 311 2153 καὶ
350 2102 418 2156 τὰ
450 2103 557 2155 τῶν
589 2105 876 2176 προφητῶν
919 2107 1071 2175 λόγια
1106 2109 1171 2162 δι’
1216 2112 1381 2165 αὐτοῦ
1426 2113 1609 2176 τέλους

81 2190 337 2261 ἑτύγχανετ
372 2192 423 2243 τί
462 2193 518 2245 δὲ
550 2197 598 2247 oi
635 2196 805 2249 ταῦτα
845 2198 1190 2267 μελετῶντες.
1228 2205 1317 2257 καὶ
1362 2206 1449 2260 διὰ
1500 2209 1609 2261 στό-

82 2299 223 2348 ματος
259 2284 392 2337 αὐτὰ
442 2285 631 2355 φέρειν
676 2288 1163 2359 σπουδάζοντες,γοὶ
1211 2295 1303 2349 τοῦ
1343 2298 1607 2353 Ἰουδαίων

77 2372 234 2433 ἔθνους
260 2374 373 2437 λαοὶ
396 2376 630 2444 ματαίαν
653 2377 969 2449 ἐποιήσαντο
1000 2383 1127 2453 περὶ
1150 2385 1313 2438 αὐτοῦ
1341 2388 1600 2459 μελέτην;

88 2464 225 2515 Ἀλλὰ
260 2465 423 2517 καὶοὶ
465 2466 585 2519 καθ’
622 2466 749 2535 ὅλης
784 2469 885 2537 τῆς
926 2472 1247 2545 οἰκουμένης
1289 2478 1396 2531 τῶν
1437 2479 1604 2534 ἐθνῶν

78 2554 316 2623 αρχοντες,
345 2557 398 2608 οἶ
420 2574 479 2609 τε
506 2558 645 2611 κατὰ
674 2562 896 2629 χρόνους
923 2564 1159 2633 βασιλεῖς
1188 2568 1288 2638 τῆς
1316 2570 1436 2639 γῆς,
1463 2572 1513 2623 τί
1538 2572 1602 2644 δὴ

79 2643 303 2707 παθόντες
323 2645 511 2713 δεινὸν,
544 2648 576 2718 ἢ
614 2651 666 2703 τί
707 2650 880 2721 λέγειν
914 2655 1125 2726 ἔχοντες
1155 2658 1401 2729 διαϐολῆς
1434 2643 1599 2728 ἄξιον,

78 2734 186 2802 ἐμοῦ
222 2738 307 2787 καὶ
351 2738 493 2791 κατὰ
536 2740 596 2791 τὸ
632 2742 760 2795 αὐτὸ
792 2738 963 2816 κακὴν
1002 2748 1201 2817 ταύτην
1252 2750 1601 2815 συνετάξαντο

82 2826 381 2894 συμφωνίαν,
415 2827 492 2890 ὡς
540 2832 668 2900 μίαν
718 2835 1003 2906 ἐπιϐουλὴν
1048 2839 1277 2907 ἀρτῦσαι
1330 2843 1422 2894 καὶ
1472 2844 1600 2913 μίαν

78 2917 215 2986 ἀσεϐῆ
246 2918 465 2989 γνώμην
507 2921 890 2991 βουλεύσασθαι
921 2928 1062 2980 κατὰ
1093 2927 1186 2981 τοῦ
1215 2929 1321 2982 τῶν
1349 2931 1483 2985 ὅλων
1513 2934 1599 2985 δε-

1790 1114 1950 1173 Vens.
1990 1118 2041 1172 ‘2.
2082 1119 2368 1172 Astiterunt
2393 1135 2530 1189 reges
2562 1128 2747 1181 terraz,
2778 1130 2826 1174 et
2858 1120 3119 1190 principes
3145 1136 3269 1175 con-

1716 1220 1963 1263 venerunt
1999 1211 2057 1264 in
2097 1228 2256 1265 unum
2281 1251 2295 1274 ,
2333 1210 2588 1266 adversus
2624 1210 2902 1265 Dominum
2933 1221 2982 1266 et
3019 1213 3266 1267 adversus

1714 1298 1980 1352 Christum
2002 1300 2134 1369 ejus.
2164 1300 2410 1355 Salvator
2447 1301 2757 1356 hominibus
2785 1301 2998 1357 advenit
3019 1302 3267 1359 Christus

1714 1387 1847 1455 Dei;
1884 1388 2149 1455 Salvator,
2183 1392 2422 1461 inquam,
2447 1401 2500 1445 et
2547 1392 2814 1446 luminare
2859 1393 3107 1463 gentibus
3145 1396 3268 1450 uni-

1713 1479 1882 1534 versis
1903 1519 1916 1544 ,
1949 1480 2139 1535 doctor
2163 1482 2377 1551 pietatis
2398 1525 2410 1547 ,
2446 1488 2634 1537 auetoi‘
2669 1485 3066 1552 temperantiae,
3100 1484 3265 1553 justi-

1695 1563 1800 1625 ‘tim
1835 1571 2064 1627 antistes
2086 1611 2100 1634 ,
2130 1573 2372 1625 omnium
2404 1572 2666 1627 virtutum
2703 1589 2765 1627 ac
2798 1573 2995 1630 divinae
3024 1591 3266 1644 veraeque

1674 1714 1679 1719 _
1712 1660 2038 1729 cognitionis
2068 1675 2253 1715 causa.
2296 1661 2406 1715 Cur
2434 1677 2599 1734 ergo,
2643 1663 2851 1734 inquit,
2894 1681 2993 1733 pro
3033 1675 3109 1720 tot
3149 1676 3265 1720 tan-

1714 1760 1999 1822 torumque
2031 1752 2299 1807 bonorum
2331 1753 2566 1808 adventu
2602 1762 2790 1825 gentes
2825 1757 3267 1813 tumultuantur?

1714 1840 1769 1894 Si
1804 1841 1849 1895 is
1884 1841 2105 1897 advenit
2139 1843 2233 1913 qui
2269 1841 2470 1913 Moysis
2502 1844 2671 1914 legem
2707 1846 2892 1916 implet
2924 1862 2987 1900 ac
3020 1849 3227 1916 perﬁcit
3248 1890 3262 1910 ,

1711 1940 1770 1987 ut
1810 1934 1924 2002 ipse
1960 1934 2198 1989 declarat
2242 1935 2326 1990 his
2368 1937 2547 1992 verbis
2584 1954 2597 1991 :
2632 1936 2753 1991 Νοη
2795 1939 2908 1993 veni
2952 1939 3146 1993 soluere
3178 1941 3258 1993 le-

1709 2039 1856 2093 gem,
1892 2022 1980 2077 sed
2013 2022 2295 2092 adimplere
2327 2028 2370 2091 7-,
2415 2028 2460 2082 si
2510 2043 2602 2096 per
2650 2028 2826 2098 ipsum
2867 2029 3087 2083 oracula
3138 2045 3263 2100 pru-

1712 2115 1994 2184 phetarum
2031 2115 2187 2171 tinem
2222 2126 2378 2170 nacta
2413 2127 2542 2172 sunt
2572 2138 2585 2179 :
2618 2119 2746 2189 quid
2780 2135 2960 2176 causae
2986 2130 3070 2175 est
3099 2135 3198 2177 cur
3225 2122 3262 2176 ii

1709 2207 1802 2275 qui
1837 2208 1950 2263 haec
1982 2207 2338 2271 meditantur,
2371 2209 2484 2264 haec
2519 2210 2575 2265 in
2617 2226 2710 2266 ore
2757 2212 2899 2268 ferre
2928 2221 3262 2284 procurant,

1708 2297 1921 2354 Judaici
1950 2300 2203 2355 videlicet
2233 2301 2415 2371 populi
2439 2340 2455 2367 ,
2480 2294 2673 2356 vanam
2707 2303 2971 2361 adversus
2998 2322 3122 2362 eum
3153 2323 3265 2363 me-

1640 2355 1686 2432 Β-
1710 2389 2024 2447 ditationem
2055 2401 2109 2448 et
2135 2408 2319 2448 curam
2350 2396 2737 2465 susceperint?
2766 2395 2879 2451 lmo
2910 2412 3036 2453 vero
3067 2399 3265 2469 princi-
3367 2441 3371 2445 -

1711 2497 1804 2551 pes
1833 2482 2070 2552 gentium
2103 2499 2199 2554 per
2231 2487 2549 2541 universum
2583 2487 2768 2543 orbem
2792 2529 2808 2552 ,
2836 2497 2891 2544 et
2921 2504 3075 2559 reges
3105 2498 3262 2545 terra:

1710 2573 1801 2641 qui
1836 2573 2001 2627 variis
2028 2576 2369 2645 temporibus
2399 2576 2735 2634 dominatum
2775 2580 3060 2636 obtinuere
3080 2622 3095 2644 ,
3129 2583 3257 2653 quid

1709 2679 1870 2734 grave
1911 2666 2186 2735 perpessi,
2227 2683 2457 2736 quamve
2498 2672 2866 2726 calumniandi
2908 2681 2962 2728 et
3002 2674 3259 2743 querendi

1706 2768 1925 2809 causam
1970 2755 2268 2822 habentes,
2314 2772 2421 2811 una
2468 2773 2658 2816 omnes
2699 2762 2755 2815 in
2789 2762 2930 2817 hanc
2961 2764 3261 2834 improbam

1706 2847 2052 2902 concordiam
2087 2848 2303 2904 adducti
2334 2858 2481 2915 sunt,
2513 2860 2569 2907 ut
2617 2851 2844 2908 insidias
2880 2854 3041 2909 simul
3083 2851 3262 2912 strue-

1706 2944 1857 3001 rent,
1892 2936 2230 3010 impiumque
2260 2940 2553 2996 consilium
2601 2941 2799 2996 inirent
2840 2941 3098 3000 adversus
3137 2943 3260 2998 uni—

80 3007 237 3059 πάτου
269 3025 327 3061 τε
353 3011 443 3062 καὶ
476 3010 734 3080 βασιλέως
768 3014 921 3088 Θεοῦ,
948 3019 1038 3071 καὶ
1071 3018 1212 3072 κατὰ
1244 3019 1335 3073 τοῦ
1367 3020 1598 3092 Χριστοῦ

78 3097 237 3163 αὐτοῦς
268 3102 329 3153 Oi
362 3101 493 3169 γοῦν
533 3104 623 3156 τὸν
650 3105 754 3157 ὑπὸ
785 3107 878 3160 τοῦ
916 3109 1131 3163 πάντων
1162 3112 1361 3182 Κυρῗου
1408 3130 1465 3165 τε
1508 3116 1599 3167 καὶ

76 3189 181 3243 Θεοῦ
207 3193 604 3263 ἀπεσταλμένον
632 3197 934 3269 ἀνθρώποις
962 3203 1185 3273 Σωτῆρα
1221 3204 1596 3275 πολεμοῦντες,

78 3280 346 3346 ιλαύνοντές
370 3302 428 3337 τε
455 3286 615 3338 αὐτοῦ
638 3289 735 3358 τὴν
760 3289 1104 3347 διδασκαλίαν
1126 3294 1218 3347 καὶ
1245 3294 1341 3364 τὴν
1377 3296 1600 3368 Ἐκκληο

79 3378 169 3425 τίαν
205 3374 361 3426 αὐτοῦ
387 3378 525 3428 κατὰ
556 3377 777 3446 χρόνους
806 3378 1088 3459 διῴκοντες
1116 3382 1353 3451 βασιλεῖς
1384 3389 1475 3440 καὶ
1504 3390 1599 3460 ἄρ-

79 3479 225 3529 χοντες
247 3464 340 3534 τῆς
377 3467 479 3535 γῆς
518 3466 799 3537 λελήθασιν
830 3471 891 3523 οὺ
929 3472 1085 3541 μόνον
1115 3477 1194 3538 εἰς
1224 3476 1315 3528 τὸν
1343 3477 1595 3549 Χριστὸν,

1708 3477 1959 3537 nimirum
2001 3495 2064 3535 ac
2104 3482 2375 3552 principes
2416 3491 2603 3548 terrae,
2638 3485 3023 3554 ignoraverunt
3054 3498 3111 3540 se
3144 3501 3251 3541 non

82 3554 185 3608 me
208 3558 295 3609 καὶ
340 3560 420 3622 εἰς
462 3559 552 3612 τὸν
580 3561 953 3617 ἀπεσταλκότα
978 3565 1138 3619 αὑτὸν
1171 3567 1494 3634 ἐκτείνοντες
1530 3571 1597 3626 τὰ

1708 3572 1861 3627 modo
1891 3579 2080 3627 contra
2109 3572 2417 3637 Christum,
2456 3574 2551 3628 sed
2579 3573 2742 3628 etiam
2770 3573 3033 3630 adversus
3062 3589 3189 3630 eum
3225 3590 3255 3629 a

80 3646 145 3715 τῆς
168 3647 425 3711 ἀσεϐείας.
454 3651 684 3721 Χριστὸν
722 3652 818 3722 μὲν
845 3650 937 3708 οὖν
964 3655 1217 3727 ὀνομαστὶ
1249 3659 1354 3711 ὑπὸ
1387 3660 1594 3731 ἀνθρώ-

1708 3678 1809 3733 quo
1852 3663 2057 3739 missus
2084 3654 2335 3720 Christus
2385 3673 2505 3724 est,
2564 3664 2892 3734 impietatem
2916 3665 3253 3721 ‘extendisse

77 3752 165 3789 πων
195 3715 660 3814 ἐπιϐουλευόμενον
701 3715 886 3815 σαφῶς
918 3749 973 3800 ὲν
1015 3715 1220 3812 τούτοις
1247 3752 1273 3802 ὁ
1310 3751 1463 3818 λόγος
1488 3715 1593 3805 ,θε-

1708 3768 1870 3809 suam.
1897 3732 2170 3810 Christum
2200 3755 2363 3826 igitur
2389 3755 2703 3810 nominatim
2731 3756 2940 3811 insidiis
2973 3757 3253 3813 hominum

78 3828 238 3892 σιτίζει.
273 3833 482 3902 Προϊὼν
510 3834 566 3888 δὲ
592 3836 687 3889 καὶ
722 3826 845 3891 Υἱὸν
869 3838 961 3892 τοῦ
989 3840 1123 3895 Θεοῦ
1147 3842 1427 3911 ὀνομάζει·
1461 3843 1594 3896 ἀλλὰ

1708 3845 2030 3914 appetitum,
2067 3853 2250 3914 aperte
2285 3846 2388 3900 hoc
2421 3846 2766 3925 in'vatieinio
2806 3860 3121 3914 expressum
3160 3846 3254 3900 ha-

76 3921 145 3969 καὶ
171 3921 354 3991 κλῆρον
378 3924 524 3995 αὐτῷ
548 3926 693 3996 παρὰ
724 3928 815 3981 τοῦ
847 3930 1054 4000 Πατρὸς
1079 3930 1392 4001 δοθήσεσθαι
1426 3937 1596 3988 πάντα

1708 3940 1887 3990 bemus
1910 3954 1923 4001 ;
1948 3937 2000 3990 in
2027 3937 2375 4006 sequentibus
2400 3921 2577 3993 autem
2596 3935 2765 3992 Filius
2781 3936 2873 3993 Dei
2904 3936 3213 3993 nominatur
3236 3958 3249 4004 ;

74 4010 124 4061 τὰ
156 4009 266 4081 ἔθνη
299 4013 392 4065 καὶ
431 4015 499 4069 τὰ
532 4017 741 4087 πέρατα
767 4019 867 4087 τῆς
901 4020 1004 4088 γῆς
1044 4019 1317 4076 διδάσκει·
1351 4024 1385 4078 ἂ
1412 4025 1473 4094 δὴ
1503 4026 1596 4078 ἐπὶ

1708 4026 1790 4080 sed
1836 4027 1996 4080 etiam
2035 4028 2293 4082 docemur
2337 4035 2525 4098 gentes
2566 4042 2757 4083 omnes
2803 4028 3045 4100 ﬁnesque
3090 4038 3250 4085 terra:

78 4100 192 4190 μένῳ
228 4102 300 4172 τῷ
328 4098 581 4176 ἡμετέρῳ
614 4108 822 4180 Σωτῆρι
861 4111 1261 4183 πεπληρωμένα
1305 4115 1591 4169 δείκνυται.

1708 4119 1750 4169 in
1785 4118 2148 4173 haereditatem
2184 4119 2285 4188 ipsi
2316 4134 2347 4171 a
2373 4117 2536 4174 Patre
2558 4119 2843 4175 donandos
2871 4139 2883 4175 :
2915 4136 3037 4190 quae
3067 4124 3249 4177 omnia

85 4186 203 4242 Ἐπεὶ
241 4192 293 4244 δὲ
322 4195 577 4261 γεγόνασι
625 4199 773 4269 παρὰ
813 4190 1079 4265 Ἰουδαίοις
1120 4204 1211 4256 καὶ
1243 4204 1415 4276 ἕτεροι
1458 4208 1592 4277 Χρι-

1708 4222 1751 4258 ιη
1789 4220 1907 4259 uno
1932 4186 2221 4275 Salvatore
2241 4198 2429 4262 nostro
2460 4209 2724 4277 completa
2756 4223 2879 4263 esse
2908 4186 3249 4266 demonStra-

79 4280 182 4338 ποι,
211 4282 363 4351 ἱερεῖς
389 4283 585 4355 δηλαδὴ
614 4290 706 4341 καὶ
736 4290 975 4357 βασιλεῖς
1012 4290 1106 4346 τοῦ
1136 4292 1343 4356 ἔθνους.
1390 4296 1594 4365 σκοπή-

1708 4312 1804 4370 ιυιῄ.
1860 4295 1997 4362 Quia
2041 4314 2170 4353 vero
2216 4298 2359 4370 apud
2400 4297 2616 4355 Judms
2660 4298 2750 4351 alii
2799 4297 3003 4353 Christi
3060 4299 3242 4364 fuere,

78 4383 161 4431 τεις
194 4372 276 4424 ἐπὶ
310 4374 457 4437 τινος
480 4376 696 4431 τούτων
730 4382 797 4432 τὰ
827 4383 1187 4453 θεσπιζόμενα
1216 4383 1587 4455 συμϐέϐηκεν·

1708 4366 2009 4441 sacerdotes
2034 4366 2283 4447 videlicet
2306 4395 2360 4442 et
2386 4402 2540 4457 reges
2565 4388 2746 4458 gentis
2773 4388 2952 4456 illius;
2978 4392 3247 4460 perpende

77 4457 196 4522 ιίτις
232 4464 319 4515 καὶ
341 4462 499 4526 ἄλλος
539 4466 961 4533 ἐπιϐουλεύεται,
997 4475 1153 4536 εἴτις
1183 4473 1307 4536 Υίὸς
1337 4473 1471 4527 θεοῦ
1499 4476 1591 4528 κέ-

1708 4478 1859 4541 mihi,"
1886 4492 2089 4547 quaeso,
2112 4479 2201 4533 cui
2229 4493 2439 4541 eorum,
2471 4479 2668 4549 quain
2696 4479 2954 4535 vaticinio
2977 4480 3243 4548 feruntur,

79 4548 247 4618 κληται,
276 4556 325 4607 εί
365 4572 451 4618 τις
498 4556 603 4609 τῶν
636 4557 801 4611 ἐθνῶν
842 4563 1092 4617 ἁπάντων
1131 4565 1468 4635 κεκράτηκεν
1494 4584 1507 4597 ·
1544 4568 1597 4620 εί

1708 4568 2005 4637 :ontigere:
2042 4583 2171 4622 num
2203 4568 2326 4641 quis
2369 4548 2507 4623 alius
2558 4568 2775 4627 insidiis
2820 4571 3091 4642 appetitus
3133 4574 3241 4637 sit;

80 4643 287 4734 tte-‘an
340 4645 473 4717 ὅλης
522 4649 751 4719 Χριστος
804 4652 1047 4724 ἐγνώσθη
1097 4656 1197 4725 τῆς
1249 4658 1587 4729 οἰκουμένης.

1708 4674 1821 4711 sum
1858 4659 1980 4729 quis
2010 4658 2178 4721 Filius
2211 4656 2315 4713 Dei
2334 4659 2616 4729 audierit;
2664 4677 2795 4716 num
2835 4665 2959 4733 quis
2994 4665 3242 4734 gentibus

88 4728 190 4783 Ἀλλ’
226 4735 319 4787 οὐκ
368 4735 439 4790 ἂν
479 4737 589 4807 ἔχοι
625 4757 707 4803 τις
743 4744 912 4795 εἰπεῖν
938 4760 951 4775 ’
1005 4746 1159 4813 μόνος
1194 4748 1301 4818 γὰρ
1334 4750 1362 4800 ὁ
1402 4728 1590 4820 Σωτὴρ

1708 4728 1962 4803 iniversis
1993 4747 2312 4815 imperarit;
2349 4751 2762 4820 numquis'per
2805 4752 3115 4808 universum
3152 4769 3244 4807 or-

80 4820 199 4910 ἡμῶν
239 4827 434 4897 Ἰησοῦς
468 4831 700 4900 Χριστὸς
730 4832 825 4902 τῆς
865 4835 1066 4900 οἰκείας
1095 4840 1461 4910 προσηγορίας
1499 4841 1590 4893 τὸν

1708 4854 1809 4893 )em
1842 4846 1899 4891 ut
1929 4837 2179 4891 Christus
2211 4838 2431 4894 habitus
2464 4838 2645 4895 fuerit.
2695 4838 2800 4902 Sed
2839 4843 3105 4897 neminem
3137 4843 3242 4896 bu-

80 4909 319 5003 ξύμπαντα
361 4920 667 4993 κατέπλησε
712 4925 927 4995 κόσμον,
967 4927 1300 4997 Χριστιανῶν
1332 4930 1391 4996 ἐξ
1425 4928 1587 4984 αὑτοῦ

1708 4927 1929 4986 Ξιιςιιιιοιίί
1972 4929 2243 4998 quispiam
2298 4929 2540 5001 proferre
2576 4930 2797 5009 valeat;
2831 4932 2981 4987 solus
3008 4946 3241 5001 namque

82 4994 217 5093 πῷτέιν
259 5010 354 5081 τὴν
398 5014 719 5085 οἰκουμένην
772 4994 1079 5088 πληρώσας,
1144 5023 1238 5077 καὶ
1294 4994 1385 5076 sui
1438 5023 1585 5093 μόνῳ

1708 5020 1935 5075 Salvator
1953 5026 2135 5071 noster
2148 5008 2308 5075 Jesus
2323 5006 2608 5082 Christus,
2640 5020 2742 5074 hoc
2784 5036 2883 5077 suo
2913 5020 3128 5075 nomine
3157 5032 3237 5074 to-

81 5090 191 5184 ᾲὺτῷ
210 5097 423 5165 ’ἕκαστος
447 5102 563 5156 τῶν-
580 5106 880 5175 εἰρημένων
910 5109 1093 5172 τέλους
1124 5112 1328 5184 ἔτυχεν.
1440 5090 1450 5093 -
1558 5090 1567 5093 ν

1708 5126 1805 5167 .um
1837 5107 2148 5178 adimplevit
2182 5110 2387 5175 orbem,
2419 5108 2546 5163 dum
2561 5110 2886 5166 Christianis
2903 5123 3004 5165 suo
3020 5112 3233 5165 nomine

82 5183 325 5246 sementis
339 5195 645 5271 universam
676 5207 873 5255 terrain
899 5206 1131 5272 replevit
1159 5223 1174 5259 :
1198 5183 1358 5275 atque
1386 5207 1442 5262 in
1471 5208 1573 5263 hoc
1602 5210 1718 5264 solo
1746 5217 1866 5276 quae
1889 5201 2032 5257 dicta
2055 5208 2184 5260 sunt
2198 5201 2377 5257 omnia
2404 5200 2472 5255 ad
2498 5203 2796 5257 terminum
2824 5200 3052 5258 deducta
3086 5215 3229 5258 sunt.

635 5314 965 5383 Διάψαλμα.
1062 5312 1065 5318 “
2291 5309 2623 5379 Diapsatma.

131 5410 187 5464 Τὸ
206 5414 462 5488 “Halyn
479 5419 630 5490 παρὰ
654 5425 763 5486 τοῖς
791 5425 1184 5500 Ἐϐδομὴκοντα
1226 5436 1423 5496 κεῖται,
1452 5439 1578 5490 οὐκ·

1704 3045 1921 3084 versum
1972 3028 2254 3085 dominum
2303 3046 2365 3086 ac
2411 3046 2590 3103 regem
2642 3031 2845 3099 Deum,
2897 3042 2951 3088 et
3000 3032 3261 3090 adversus

1704 3119 1980 3175 Christum
2009 3121 2129 3190 ejus
2152 3119 2226 3177 ξ’Ιὶ
2257 3136 2385 3193 ergo
2414 3124 2507 3193 qui
2540 3123 2799 3180 adversus
2817 3122 3171 3205 Salv‘atorem,
3194 3128 3261 3181 ab

1704 3213 1945 3267 omnium
1979 3210 2309 3267 DominO'ac
2348 3211 2457 3269 Deo
2487 3214 2797 3271 hominibus
2826 3217 3050 3273 missum
3072 3258 3087 3281 ,
3121 3218 3259 3273 bella

1704 3311 2021 3373 gesserunt,
2070 3301 2271 3372 quique
2315 3303 2617 3358 doctrinam
2664 3306 2785 3374 eius
2818 3306 3063 3363 insectati
3094 3314 3257 3366 sunt.

1750 5423 1810 5478 in
1862 5421 2213 5495 Septuaginta
2259 5420 2651 5494 lnterpretibus
2696 5426 2867 5480 adest'
2896 5424 3226 5499 diapsalma,

81 5496 207 5596 ἐξ
254 5508 393 5580 παρὰ
452 5509 760 5576 Θεοδοτίωνι
803 5517 896 5568 καὶ
942 5496 1236 5593 Συμμάχῳ.
1284 5525 1472 5580 Καίτοι
1514 5545 1577 5596 γε

1708 5515 1775 5571 ed
1794 5515 2065 5585 non’apud
2086 5514 2507 5570 Theodotionem
2524 5525 2577 5572 et
2596 5496 3001 5587 Symmachum,
3015 5496 3226 5589 etiamsi

83 5584 548 5685 ,κπῦλλάκις
588 5599 819 5671 χρῆσθαι
860 5607 925 5674 τῇ
972 5584 1112 5673 λέξέι
1141 5584 1330 5685 ,ταύτῃ
1374 5584 1576 5682 ὁμοίως

1708 5608 1783 5678 psi
1816 5584 2133 5678 plerumque
2163 5605 2266 5660 hac
2298 5622 2431 5663 voce
2469 5584 2789 5665 uti.soleant
2817 5601 3038 5677 perinde
3065 5584 3224 5677 atque

81 5675 160 5735 ηῖς
191 5679 583 5757 Ἐϐδομήκοντα.
619 5691 708 5744 Διὸ
756 5693 919 5759 εἰκὸς,
946 5700 992 5751 εί
1038 5701 1131 5754 καὶ
1177 5701 1236 5755 τὸ
1288 5675 1575 5775 ἆρόὰωποίᾷ

1708 5675 2409 5774 ieptuaginta—lnterpretes.
2441 5675 2937 5770 Quapropter,.—etsi
2981 5702 3067 5757 hic
3103 5675 3222 5772 per-

136 5830 148 5859 '
183 5832 341 5893 Matth.
375 5858 420 5908 ν,
464 5844 547 5899 17.

1707 3393 2111 3462 Ecclesiamque
2142 3391 2376 3448 diversis
2416 3395 2752 3463 temporibus
2776 3409 3072 3467 vexarunt,
3104 3412 3260 3468 reges
3346 3400 3349 3403 λ
