3956 6340
690 452 758 497 κδ

1391 433 1653 493 EUSEBII
1682 435 2154 497 CALSAIUENSIS
2188 442 2335 495 Ol’l’.
2372 439 2550 495 PARS
2588 444 2673 496 Ill.
2712 472 2780 485 -
2816 442 3224 498 EXEGETICA.

3812 446 3867 494 8|

689 553 877 591 sonam
901 534 1205 597 mutaverit,
1232 549 1329 603 par
1354 536 1451 587 luit
1476 535 1723 588 eumdem
1752 534 1985 589 musices
2014 535 2227 588 modmu

2354 536 2725 605 ιεταὸἑὸληκε,
2742 536 2831 589 τὸν
2850 549 3101 606 μουσικον
3119 537 3321 605 ρυθμον
3339 510 3677 603 τετηρεῖσθαι
3692 532 3871 613 (1),καὶ

688 627 915 687 servari,
961 633 1121 695 atque
1148 623 1294 685 (ideo
1336 640 1367 677 a
1410 624 1777 679 Theodmione
1815 634 1883 679 et'
1916 623 2238 695 Symmacho

2354 626 2425 679 ita
2449 625 2602 678 τοῦτο
2637 629 2711 697 μὴ
2740 625 3175 696 προστεθεικέναι
3202 623 3262 676 τὸ
3293 622 3565 692 δίάψαλμα
3588 622 3676 675 τὸν
3704 621 3873 677 Θεοδο-

688 735 797 773 non
826 718 1057 787 positum
1088 716 1257 771 fuisse
1276 715 1573 785 diapsalma
1606 714 1834 771 videtur.
1864 713 2237 784 Dirumpamus

2354 718 2503 771 :iwva
2544 716 2638 772 καὶ
2686 717 2777 769 τὸν
2825 717 3138 787 Σύμμαχον.
3183 715 3591 783 Διαρῤήξωμεν
3620 713 3755 779 τοὺς
3788 714 3873 766 δε-

688 811 892 864 vincula
931 824 1131 871 eorum,
1178 815 1228 861 et
1256 805 1592 874 projiciamus
1629 822 1661 857 a
1701 806 1847 859 nobis
1877 806 2067 876 jugum
2100 809 2239 875 ipso-

687 918 822 955 rum.
875 900 979 966 Qui
1025 898 1231 951 habitat
1275 898 1330 951 in
1376 896 1517 966 cretis
1576 895 1815 950 irridebit
1860 913 1985 960 eos,
2042 908 2092 951 et
2132 897 2240 950 Do-

610 1042 611 1045 η
686 996 860 1047 minus
917 986 1409 1045 subsannabit'eos.
1458 988 1657 1044 Primis
1691 989 1941 1045 versibus
1984 989 2078 1059 qui
2119 998 2243 1046 ante

684 1081 984 1151 diapsalma
1016 1079 1108 1134 siti
1134 1087 1311 1144 erant,
1342 1088 1594 1151 putamus
1639 1079 1805 1135 hosce
1843 1094 2061 1149 quoque
2092 1064 2240 1150 adje-

687 1178 804 1224 ctos
838 1168 1029 1224 fuisse.
1330 1226 1335 1230 ,
1551 1196 1557 1203 -
1648 1171 1656 1177 ’

760 1259 924 1315 Vens.
956 1260 1010 1315 5.
1052 1259 1435 1327 Dirumpamus
1467 1258 1672 1312 vincula
1698 1274 1904 1324 eorum,
1928 1269 1976 1312 et
1994 1258 2244 1327 projicia-

688 1368 805 1405 mus
834 1368 867 1404 a
894 1351 1040 1406 nobis
1059 1352 1250 1421 jugum
1277 1352 1529 1419 ipsorum.
1561 1348 1763 1405 Gentes
1783 1351 2018 1405 vinculis
2048 1364 2243 1419 pecca-

690 1424 866 1495 torum
904 1455 1129 1495 suorum
1156 1441 1488 1500 eoustricue,
1531 1453 1706 1508 neque
1737 1438 1938 1502 liberae,
1973 1440 2088 1494 suis
2116 1440 2245 1509 ipsa:

689 1531 849 1585 malis
877 1530 1223 1600 colligantur.
1244 1531 1442 1600 Aitque
1466 1530 1740 1604 Christus,
1770 1530 1884 1585 sive
1907 1533 2111 1602 angelis
2141 1531 2244 1586 sibi

690 1623 1148 1686 ministrantibus,
1186 1621 1301 1677 sive
1345 1621 1492 1675 Patri
1519 1629 1573 1677 et
1602 1620 1822 1691 Spiritui
1878 1633 2088 1683 sancto.
2130 1623 2244 1678 sive

692 1714 854 1768 tertio
883 1714 1146 1784 apostolis
1192 1718 1309 1769 suis
1343 1721 1398 1769 et
1435 1712 1710 1782 Evangelii
1746 1713 2105 1782 praeconibus,
2152 1728 2246 1778 co-

694 1804 917 1861 hortaus
943 1820 1038 1861 eos
1066 1806 1133 1861 ad
1156 1805 1412 1861 solvenda
1435 1804 1903 1873 dirumpendaque
1930 1803 2243 1872 bujusmodi

697 1894 949 1949 vincula:
978 1894 1360 1963 Dirumpamus
1411 1891 1619 1947 vincula
1670 1908 1871 1946 eorum.
1909 1892 2100 1961 Populi
2149 1908 2247 1947 au-
2275 1879 2319 1934 Β

695 1993 800 2039 tem
854 1983 948 2054 qui
996 1984 1099 2039 sub
1142 1984 1273 2053 jugo
1322 1984 1457 2055 legis
1502 1987 1856 2057 corporaliter
1894 1982 2242 2049 detinentur;

693 2074 854 2143 cujus
880 2066 1243 2143 despiciendze
1273 2086 1464 2131 auctor
1494 2078 1609 2148 ipse
1636 2086 1743 2140 est,
1783 2084 1969 2147 utpote
2001 2088 2119 2145 quae
2149 2075 2247 2128 in-

695 2167 886 2219 stituta
939 2180 1003 2220 ac
1040 2175 1310 2235 przecepta
1348 2184 1458 2223 non
1512 2169 1656 2223 bona
1700 2169 2112 2239 complectatur,
2150 2180 2247 2236 per

694 2257 969 2311 Lhristum
994 2257 1213 2312 adducti
1228 2257 1296 2311 ad
1320 2258 1488 2329 legem
1508 2259 1869 2329 spiritualem.
1897 2257 2159 2312 institutis
2181 2271 2247 2311 ac

696 2348 976 2417 praeceptis
1023 2348 1183 2403 bonis
1216 2349 1558 2417 instructam,
1610 2366 1775 2422 grave
1821 2351 2123 2406 occidentis
2157 2351 2249 2404 lit-

696 2451 823 2493 terae
847 2439 1037 2509 jugum
1070 2438 1370 2509 deponunt,
1399 2439 1679 2497 Salvatore
1710 2442 1994 2512 praedictos
2023 2442 2245 2497 commi-

696 2530 900 2582 nistros
937 2543 1067 2584 suos
1095 2530 1175 2583 sic
1215 2530 1574 2600 compellante
1600 2550 1614 2585 :
1640 2531 1995 2601 Projiciamus
2036 2550 2069 2585 α
2100 2532 2246 2585 nobis

692 2620 879 2687 iugum
918 2620 1170 2687 ipsorum.
1201 2618 1334 2674 Illud
1368 2630 1569 2685 autem,
1600 2638 1632 2674 a
1673 2622 1840 2683 nobis,
1871 2623 1950 2676 sic
1991 2622 2248 2691 explicari

701 2716 897 2778 potest.
958 2709 1139 2780 Ipsum
1186 2712 1377 2782 procul
1425 2728 1455 2766 a
1501 2713 1657 2767 nobis
1704 2713 2052 2781 abjiciamus,
2114 2713 2248 2766 nihil

699 2810 1021 2873 cunctantes
1049 2818 1225 2872 neque
1246 2804 1379 2858 moti
1407 2804 1795 2875 supplicatione
1821 2819 2008 2859 eorum
2032 2804 2125 2873 qui
2158 2805 2250 2858 illo

702 2892 873 2966 [jugo]
908 2903 1223 2950 onerantur.
1258 2896 1371 2961 Hac
1411 2912 1626 2967 quoque
1656 2897 1867 2952 ratione
1899 2897 2052 2962 illud,
2084 2913 2117 2949 a
2158 2912 2251 2948 no-

703 2986 802 3051 bis,
851 2986 1150 3056 intelligere
1202 2987 1350 3043 licet.
1406 2986 1516 3057 Ego
1551 2988 1665 3057 ipse
1717 2988 1811 3057 qui
1861 3002 1982 3041 cum
2039 2987 2250 3056 pepulis

702 3090 840 3128 vana
882 3073 1269 3130 meditantibus
1300 3091 1487 3132 versor
1531 3092 1595 3131 ac
1630 3079 1792 3130 vitam
1831 3091 1954 3146 ago,-
1996 3077 2098 3131 sub
2120 3076 2251 3146 jugo

703 3180 891 3219 uorum
935 3179 1076 3233 sum,
1122 3175 1309 3239 utpote
1356 3169 1734 3223 circumcisus.
1798 3167 1869 3221 Et
1911 3167 2252 3235 proficiamus

690 3268 883 3332 jttgum
907 3264 1157 3331 ipsorum,
1197 3260 1250 3314 id
1280 3268 1365 3315 est
1410 3276 1441 3315 a
1478 3274 1565 3315 me
1613 3268 1667 3315 et
1710 3260 1779 3314 ab
1818 3259 1886 3314 iis
1915 3260 2008 3340 qui
2043 3272 2276 3314 mecum'

707 3359 1081 3421 consentiunt,
1115 3366 1173 3413 et
1201 3359 1394 3428 legem,
1434 3374 1554 3429 quae
1600 3359 1828 3414 salutem
1866 3359 2086 3414 minime
2128 3374 2258 3413 con—

709 3448 837 3514 fert,
870 3450 1028 3520 quasi
1058 3448 1425 3505 conferentem
1448 3450 1758 3505 observant.
1795 3449 1917 3505 Sive
1940 3450 2043 3505 hoc
2064 3450 2253 3507 modo:

710 3542 837 3610 quia
860 3542 1190 3595 arbitramur
1218 3542 1535 3613 impositum
1580 3542 1739 3597 nobis
1788 3556 1927 3597 onus
1954 3542 2086 3597 illud
2115 3556 2257 3607 esse,

705 3634 895 3699 jugum
918 3631 1159 3700 ipsorum
1190 3631 1561 3701 projiciamus.
1586 3631 1741 3686 Hunc
1762 3633 1905 3687 enim
1927 3631 2177 3687 affectum
2204 3632 2259 3685 in

708 3720 929 3774 Christo
957 3735 1078 3774 esse
1114 3718 1380 3775 aﬂirmare
1404 3721 1688 3785 audemus,
1718 3721 1790 3776 ob
1818 3722 1990 3791 ipsius
2010 3736 2138 3792 erga
2166 3736 2261 3776 eos

710 3812 803 3881 qui
831 3813 962 3883 jugo
984 3812 1367 3881 opprimuntur
1390 3812 1708 3867 charitatem
1732 3830 1748 3879 ;
1775 3814 1951 3882 qualis
1973 3814 2135 3868 etiam
2166 3813 2264 3867 ha-

717 3906 877 3958 betur
933 3904 989 3958 in
1039 3904 1293 3960 omnibus
1347 3904 1717 3959 misericordia
1752 3906 1901 3972 uiris,
1948 3906 2041 3976 qui
2088 3906 2262 3971 aliena

715 4003 934 4065 peccata
966 4004 1025 4049 ut
1052 4012 1149 4050 sua
1181 4003 1456 4065 reputant.

788 4081 955 4139 Vsus.
993 4083 1047 4137 4.
1089 4082 1214 4137 Haec
1243 4083 1310 4138 de
1340 4083 1650 4138 hominibus
1682 4085 1795 4140 sive
1816 4085 2127 4154 gentilibus,
2152 4086 2265 4139 sive
2342 4138 2351 4149 ,

712 4174 914 4230 iudicis
952 4175 1095 4229 dicta
1138 4174 1268 4228 sint.
1314 4171 1431 4228 Jam
1473 4189 1600 4229 vero
1646 4174 1813 4238 illud,
1841 4175 1931 4244 qui
1971 4174 2169 4229 habitat
2211 4176 2267 4230 in

714 4267 856 4321 cwlis
903 4264 1160 4332 irridebit,
1205 4280 1328 4319 cum
1393 4264 1497 4319 hoc
1546 4266 1955 4336 cepulandum,‘
1990 4268 2266 4321 astiterunt

716 4378 855 4430 reges
886 4370 1059 4424 terra,
1080 4352 1227 4428 quos
1262 4355 1508 4411 irridebit
1529 4356 1671 4412 Deus
1700 4358 1794 4427 qui
1830 4358 2035 4411 habitat
2066 4359 2119 4412 in
2150 4374 2266 4414 cm-

716 4452 805 4514 lis,
854 4451 1039 4520 utpote
1085 4457 1300 4503 terrena
1349 4454 1530 4502 mente
1580 4447 1854 4516 praeditos.
1901 4448 2082 4516 Neque
2122 4450 2266 4503 enim

2282 3228 2324 3283 C

2338 809 2531 877 σμοὺς
2570 805 2785 872 αὐτῶν,
2827 808 2926 860 καὶ
2966 807 3382 875 ἀπορῤίψωμεν
3425 805 3523 874 ἀφ’
3569 804 3733 874 ἡμῶν
3780 804 3876 858 τὸν

2341 898 2517 969 ζυγὸν
2546 897 2759 953 αὐτῶν.
2811 899 2873 952 '0
2900 896 3189 953 κατοικῶν
3242 898 3310 950 ἐν
3344 895 3615 965 οὐρανοῖς
3648 896 3875 965 ἐκγελά-

2342 1004 2511 1044 σεται
2548 989 2788 1055 αὐτοὺς,
2823 989 2921 1042 καὶ
2947 992 2980 1043 d
3008 990 3217 1056 Κύριος
3242 987 3621 1057 ἐκμυκτηριεῖ
3652 988 3874 1052 αὐτούς.

2342 1082 2485 1151 Πρὸς
2510 1082 2635 1144 τοὺς
2667 1080 2913 1152 πρώτους
2943 1080 3153 1150 στίχους
3182 1079 3306 1142 τοὺς
3338 1080 3443 1150 πρὸ
3468 1079 3559 1133 τοῦ
3586 1078 3873 1149 διαψάλμα-

2342 1188 2432 1234 τος
2461 1171 2735 1242 ἡγούμεθα
2767 1172 2986 1234 τούτους
3013 1170 3370 1225 ἀποδίδοσθαι.

2413 1261 2821 1330 Διαῤῥήξωμεν
2867 1262 3008 1328 τοὺς
3043 1260 3301 1331 δεσμοὺς
3336 1260 3551 1323 αὐτῶν,
3581 1260 3677 1314 καὶ
3710 1260 3881 1329 ἀποῤ-

2336 1356 2608 1424 ῥίψωμεν
2628 1354 2727 1422 ἀφ’
2748 1352 2913 1423 ἡμῶν
2938 1354 3045 1407 τὸν
3074 1350 3253 1420 ζυγὸν
3280 1349 3490 1404 αὐτῶν.
3514 1350 3594 1403 Τά
3614 1349 3760 1420 ἔθνη,
3786 1366 3883 1402 σει-

2346 1448 2466 1518 ραῖς
2509 1446 2615 1499 τῶν
2652 1445 2804 1497 ἰδίων
2846 1443 3125 1519 ἁμαρτιῶν
3159 1442 3494 1512 σφιγγόμενα
3522 1440 3616 1494 καὶ
3640 1441 3738 1493 οὐκ
3768 1440 3883 1493 ὄντα

2345 1537 2624 1609 ἐλεύθερα,
2676 1537 2882 1591 δέδεται
2928 1539 3039 1600 τοῖς
3085 1535 3231 1597 ἰδίοις
3271 1533 3448 1587 αὐτῶν
3495 1534 3714 1594 κακοῖς·
3744 1532 3884 1584 καὶὸ

2344 1626 2572 1696 Χριστός
2616 1640 2798 1695 φησιν,
2848 1625 2968 1695 ἦτοι
3017 1627 3150 1693 προς
3179 1622 3299 1687 τοῦς
3348 1621 3723 1682 διακονοῦντας
3750 1619 3883 1688 αὑτῷ

2345 1716 2623 1785 ἀγγέλους,
2645 1715 2678 1785 ἦ
2702 1715 2836 1784 πρὸς
2857 1714 2945 1767 τὸν
2972 1714 3188 1784 Πατέρα
3208 1714 3301 1767 καὶ
3320 1714 3381 1766 τὸ
3405 1711 3627 1783 Πνεῦμα
3640 1711 3703 1764 τὸ
3724 1711 3883 1777 ἅγιον,

2345 1807 2379 1879 ἢ
2415 1808 2595 1879 τρίτον
2620 1807 2743 1870 τοὺς
2790 1805 3113 1870 ἀποστόλους
3156 1807 3250 1859 καὶ
3282 1805 3557 1875 ὑπηρέτας
3599 1803 3691 1857 τοῦ
3724 1803 3883 1869 Εὐαγ-

2348 1898 2547 1969 γελίου,
2581 1896 2908 1968 παρακαλῶν
2950 1897 3147 1960 αὐτοὺς
3188 1897 3282 1949 ἐπὶ
3323 1896 3413 1949 τὸν
3439 1895 3778 1965 διασπασμὸν
3806 1894 3885 1946 καὶ

2349 1988 2444 2058 τὴν
2465 1985 2740 2057 διάρρηξιν
2763 1986 2957 2051 αὐτῶν,
2974 1986 3051 2039 τό’
3066 1983 3473 2054 Διαρῤήεωμεν
3490 1984 3628 2050 τοὺς
3642 1982 3887 2052 δεσμοὺς

2349 2076 2564 2132 αὐτῶν.
2600 2080 2662 2132 Oi
2702 2077 2759 2131 δὲ
2804 2077 2941 2142 λαοὶ,
2988 2076 3092 2130 ὑπὸ
3132 2077 3223 2131 τὸν
3268 2074 3427 2144 ζυγὸν
3458 2074 3780 2145 σωματικῶς
3806 2072 3887 2126 τοῦ

2350 2171 2514 2240 νόμου
2566 2170 2942 2239 τυγχάνοντες,
2996 2164 3057 2222 οὗ
3109 2168 3347 2223 διδάσκει
3401 2169 3776 2246 καταφρονεῖν,
3824 2165 3889 2227 ὡς

2352 2261 2693 2332 περιέχοντος
2722 2258 3061 2330 δικαιώματα
3103 2259 3164 2312 οὐ
3190 2258 3350 2323 καλὰ,
3378 2258 3471 2311 καὶ
3509 2256 3887 2329 προστάγματα

2350 2354 2409 2408 οὐ
2440 2352 2598 2419 καλὰ,
2632 2354 3026 2425 προσαγόμενοι
3049 2353 3137 2405 διὰ
3159 2350 3252 2404 τοῦ
3284 2348 3517 2421 Χριστοῦ
3548 2348 3626 2420 τῷ
3663 2365 3888 2419 πνευμα-
3952 2400 3953 2411 η

2351 2447 2487 2517 τικῷ
2516 2446 2663 2517 νόμῳ
2701 2446 2875 2516 ἔχοντι
2914 2444 2983 2498 τὰ
3011 2442 3149 2498 καλά
3176 2440 3512 2511 δικαιώματα
3550 2439 3643 2493 καὶ
3671 2438 3889 2510 προσιτά·
3952 2448 3953 2517 ί

2353 2554 2535 2609 γματα
2561 2537 2719 2599 καλὰ,
2749 2536 3087 2590 ἀποτίθενται
3118 2534 3208 2588 τὸν
3242 2532 3409 2604 βαρὺν
3439 2531 3533 2585 τοῦ
3564 2530 3888 2584 ἀποκτείνον-

2352 2646 2442 2694 τος
2470 2630 2789 2701 γράμματος
2815 2628 2994 2697 ζυγὸν,
3026 2626 3117 2680 τοῦ
3160 2625 3409 2697 Σωτῆρος
3440 2624 3737 2695 φάσκοντος
3773 2621 3889 2691 πρὸς
3952 2621 3953 2693 1

2352 2722 2477 2784 τοὺς
2532 2720 2959 2791 προειρημένους
3004 2717 3295 2787 συνεργοὺς
3334 2714 3415 2777 τὸ,
3473 2712 3890 2786 Ἆπρρῤιψωμεν

2353 2814 2452 2881 ἀφ’
2497 2811 2665 2882 ἡμῶν
2709 2810 2815 2863 τὸν
2859 2808 3033 2879 (vbe
3076 2805 3293 2863 αὐτῶν.
3342 2805 3416 2859 Τὸ
3462 2805 3537 2869 δὲ,
3566 2804 3666 2872 ἀφ’
3715 2800 3887 2871 ἡμῶν,

2332 2904 2570 2971 ,δύναται
2600 2902 2837 2956 τοιοῦτον
2868 2898 3026 2954 εἶναι·
3081 2899 3195 2968 ’Acp’
3235 2897 3439 2952 ἑαυτῶν
3470 2895 3785 2966 ποιήσωμεν
3830 2893 3889 2961 μὴ

2357 2994 2764 3064 περιμείναντες
2806 2992 2903 3062 τὴν
2932 2991 3111 3061 δέησιν
3132 2989 3240 3041 τῶν
3280 2986 3645 3057 βαρουμένων.
3676 2983 3889 3039 Δύυαττιι

2356 3085 2411 3138 δὲ
2440 3084 2521 3146 τὸ,
2552 3085 2651 3151 ἀφ’
2681 3080 3016 3152 ,ἠμῶνᾙκαὶ
3053 3078 3193 3132 οῦτω
3241 3076 3510 3130 νοεῖσθαι·
3544 3076 3712 3146 Κάγὼ
3762 3075 3890 3145 παρὰ

2358 3178 2466 3237 τοῖς
2509 3174 2653 3236 λαοῖς
2693 3174 2805 3236 τοῖς
2850 3168 3108 3243 μελετῶσι
3134 3170 3210 3224 τὰ
3257 3165 3387 3223 κενὰ
3431 3161 3791 3238 γεγενημένος
3814 3165 3891 3215 καὶ

2357 3267 2788 3338 ἀνατρεφόμενος
2811 3263 2918 3316 ὑπὸ
2945 3261 3035 3314 τὸν
3079 3260 3239 3329 ζυγόν
3271 3262 3384 3331 εἰμι
3414 3258 3593 3312 αὐτῶν
3636 3272 3889 3327 περιτμη-

2356 3357 2489 3421 θεὶς,
2524 3356 2631 3410 Καὶ
2673 3354 3091 3423 ἀπορῤίψωμεν
3133 3349 3328 3405 αὐτῶν
3361 3349 3466 3403 τὸν
3506 3346 3698 3415 ζυγὸν,
3754 3360 3893 3397 τουτ-

2356 3450 2500 3501 έστιν
2525 3449 2621 3500 ἀπ’
2657 3446 2789 3516 ἐμοῦ
2822 3434 2915 3498 καὶ
2962 3441 3069 3501 ἀπὸ
3106 3441 3213 3495 τῶν
3259 3436 3796 3508 συγκατατιθεμένων
3821 3450 3894 3503 μοι

2356 3540 2446 3593 τὸν
2477 3538 2549 3610 μὴ
2580 3535 2817 3600 σώζοντα
2848 3536 3017 3605 νόμον
3046 3534 3121 3596 ὼς
3165 3531 3400 3595 σώζοντα
3440 3529 3770 3583 ἀσκούντων.
3803 3526 3888 3577 'll'

2358 3630 2682 3701 Νομίζοντες
2699 3624 3014 3696 εἶναιβάρος
3042 3625 3384 3694 ἐπικείμενον
3406 3621 3500 3675 καὶ
3515 3622 3664 3690 ἡμῖν,
3694 3618 3785 3671 τδν
3812 3618 3893 3679 ζυ-

2359 3721 2454 3789 γὸν
2483 3721 2661 3774 αὐτῶν
2680 3717 3085 3789 ἀπορρίψωμεν.
3102 3712 3404 3784 Τολμητέον
3422 3711 3530 3781 γὰρ
3548 3710 3725 3777 λέγειν
3742 3706 3893 3759 ταῦτα
3950 3758 3951 3779 ξ

2360 3810 2496 3870 εἶναι
2526 3818 2583 3868 ὲν
2609 3813 2685 3883 τῷ
2696 3810 2913 3882 Χριστῷ
2927 3810 3013 3863 διὰ
3030 3809 3123 3880 τὴν
3139 3807 3273 3877 πρὸς
3294 3806 3416 3867 τοὺς
3432 3804 3597 3874 βαρου
3605 3803 3793 3873 μένους
3807 3800 3894 3853 ὑπὸ

2359 3904 2452 3957 τοῦ
2479 3901 2643 3971 ζυγοῦ
2670 3901 2908 3969 ἀγάπην,
2944 3898 3084 3967 άπερ
3108 3896 3223 3949 ἐστὶ
3254 3894 3346 3947 καὶ
3384 3893 3441 3944 ὲν
3465 3893 3599 3944 πᾶσι
3627 3892 3751 3960 τοῖς
3776 3894 3895 3945 εὐσ-

2364 3994 2711 4063 πλάτχνοις,
2723 3990 2790 4044 τὰ
2810 3989 2916 4043 τῶν
2931 3988 3102 4042 ἄλλων
3116 3986 3485 4057 ἁμαρτήματα
3502 3982 3607 4036 ἴδια
3622 3982 3893 4053 κρίνουσιν.

2433 4084 2612 4138 Ταῦτα
2660 4084 2756 4154 μὲν
2800 4076 2891 4135 οὖν
2921 4079 3048 4151 περὶ
3080 4075 3377 4146 ἀνθρώπων
3422 4071 3527 4126 τῶν
3567 4090 3629 4126 τε
3673 4072 3779 4125 ἀπὸ
3804 4069 3896 4123 τῶν

2365 4178 2529 4230 ἐθνῶν
2555 4176 2649 4230 καὶ
2661 4174 2767 4229 ἀπὸ
2784 4173 2874 4227 τοῦ
2896 4169 3048 4224 λαοῦ.
3076 4168 3150 4221 Τὸ
3173 4165 3247 4230 δὲ,
3265 4165 3325 4217 '0
3352 4162 3638 4218 κατοικῶν
3655 4162 3725 4215 ἐν
3748 4162 3898 4227 οὐρα-

2364 4268 2490 4335 νοῖς
2523 4263 2929 4337 ἐκτελάσεται,
2982 4255 3419 4329 προσαρμοστέον
3469 4252 3604 4324 πρὸς
3639 4253 3720 4313 τὸ.
3766 4253 3897 4316 [Iap-

2367 4362 2633 4421 ἐστησαν
2678 4358 2729 4408 οἱ
2749 4348 3025 4417 ,βασιλεῖς
3056 4345 3166 4415 τῆς
3192 4343 3319 4417 τῆς,
3357 4343 3451 4408 οὓς
3501 4342 3843 4411 ἕκγελάσεται
3876 4340 3897 4390 ὁ

2368 4452 2497 4511 Θεὸς
2526 4448 2584 4501 ὲν
2610 4446 2853 4517 οὐρανοῖς
2892 4439 3158 4494 κατοικῶν
3190 4439 3439 4510 φρόνημα
3466 4436 3685 4507 ἔχοντας
3714 4434 3893 4503 γήϊνον.

716 4542 955 4596 divinam
980 4542 1126 4593 circa
1155 4539 1582 4601 incarnationem
1605 4537 1809 4593 Christi
1834 4539 2191 4593 oeconomiam
2212 4551 2258 4595 et

2370 4541 2443 4593 Οὐ
2472 4536 2579 4609 γάρ
2610 4536 2891 4604 νενοήκασι
2912 4531 3012 4602 τὴν
3037 4527 3338 4599 οἰκονομίαν
3366 4527 3457 4580 καὶ
3484 4525 3578 4595 τὴν
3608 4525 3797 4591 σοφίαν
3821 4520 3896 4573 τοῦ

718 4633 1037 4701 sapientiam
1073 4631 1499 4685 intellexerunt:
1529 4629 1661 4685 illud
1699 4638 1899 4695 autem,
1936 4640 1986 4682 et
2015 4629 2258 4684 Dominus

2374 4628 2507 4682 Θεοῦ
2539 4627 2635 4697 τὴν
2661 4624 2787 4696 περὶ
2811 4622 2906 4694 τὴν
2926 4619 3328 4692 ὲνανθρώπησιν
3351 4616 3444 4670 τοῦ
3469 4613 3726 4685 Χριστοῦ.
3749 4612 3816 4665 Τὸ
3832 4611 3894 4701 δὲ,

717 4721 1064 4803 subsannabit
1103 4737 1210 4787 eos,
1244 4720 1585 4776 referendum
1618 4723 1686 4775 ad
1726 4721 1828 4775 hoc
1862 4721 2091 4783 dictum,
2119 4721 2258 4788 prin-

2374 4718 2479 4773 Kal
2503 4721 2535 4772 ό
2554 4706 3161 4799 Κύριος-’ἐκμυκτηριεῒ
3194 4704 3599 4803 αὐτοὺς-,πρὸς
3623 4704 3705 4767 τὸ,
3737 4700 3898 4803 Oihdp-

720 4816 856 4884 cipe:
880 4790 1224 4881 conﬁrmarunt
1241 4813 1294 4865 in
1320 4827 1503 4875 unum,
1532 4820 1591 4865 ut
1614 4812 1821 4867 scilicet
1847 4829 1877 4867 a
1902 4813 2120 4867 Christo
2144 4813 2258 4865 sub-

2371 4826 2579 4880 χοντες
2608 4806 3007 4875 συνήχθησαν
3026 4796 3123 4855 ἐπὶ
3150 4800 3218 4854 τὸ
3242 4798 3415 4852 αὐτό·
3439 4796 3526 4849 ἵνα
3556 4790 3898 4865 μυκτηρίζωνε

721 4912 1083 4960 sannarentur
1111 4903 1406 4974 principes,
1437 4903 1532 4973 qui
1570 4906 1880 4975 cougregati
1913 4916 2043 4959 sunt
2080 4903 2270 4957 adver-

720 5013 818 5052 sus
835 4996 1115 5051 Dominum
1145 5005 1199 5051 et
1226 4996 1487 5051 adversus
1506 4995 1779 5052 Christum
1796 4986 1940 5065 ejus.
1960 4997 2273 5067 Congruen-

721 5100 806 5144 tes
851 5098 1028 5144 autem
1077 5090 1203 5145 boni
1248 5090 1342 5145 Dei
1383 5089 1521 5143 Filio
1552 5095 1680 5145 sunt
1722 5089 1837 5142 ista:
1882 5104 2076 5153 voces;
2118 5088 2266 5157 quia,

721 5183 936 5239 etiamsi
965 5181 1284 5238 fremucrint
1320 5193 1527 5252 gentes,
1577 5190 1631 5239 et
1672 5182 1853 5253 p0puli
1884 5182 2121 5238 meditati
2164 5182 2276 5236 sint

724 5276 926 5339 inania,
961 5282 1025 5327 at
1041 5290 1141 5329 nos
1175 5274 1515 5353 frementium
1554 5276 1892 5355 ethnicorum
1932 5275 2147 5329 vincula
2189 5271 2274 5325 di-

725 5382 1064 5435 rumpamus,
1104 5374 1157 5420 et
1193 5350 1381 5435 jugum
1423 5350 1743 5437 populorum
1779 5365 1959 5419 inania
2013 5364 2277 5419 meditan-

729 5460 861 5511 tium
897 5458 1266 5526 projiciamus.

799 5550 867 5602 At
910 5552 1037 5618 quia
1081 5565 1187 5604 non
1232 5550 1341 5619 jam
1376 5552 1450 5605 ita
1488 5549 1645 5605 facile
1677 5548 1937 5604 medelam
1985 5545 2275 5600 admittunt

2371 4920 2459 4955 ται
2504 4904 2553 4954 oi
2599 4899 2852 4971 ἄρχοντες
2884 4896 2987 4948 ὑπὸ
3030 4893 3125 4947 τοῦ
3174 4886 3431 4961 Χριστοῦ,
3476 4889 3524 4940 oi
3572 4883 3897 4971 συναχθέντες

2375 4992 2514 5045 κατὰ
2543 4990 2637 5043 τοῦ
2670 4987 2872 5059 Κυρίου
2902 4987 2993 5039 καὶ
3021 4982 3160 5038 κατὰ
3187 4977 3280 5033 τοῦ
3303 4976 3537 5050 Χριστοῦ
3566 4974 3750 5029 αὐτοῦ.
3774 4968 3895 5043 Πρέ-

2375 5099 2569 5135 πουσαι
2613 5080 2669 5133 δὲ
2706 5077 2905 5149 ἀγαθοῦ
2944 5074 3077 5130 Θεοῦ
3122 5071 3237 5142 Υίῷ
3283 5068 3488 5141 φωναί·
3519 5070 3623 5131 ὅτι,
3656 5068 3705 5120 εί
3734 5066 3819 5120 καὶ
3844 5064 3897 5114 τὰ

2340 5208 2348 5219 κ
2374 5172 2497 5243 ἔθνη
2544 5162 2836 5243 ἐφρύαξαν,
2867 5170 2959 5222 καὶ
2995 5167 3043 5218 οἱ
3084 5164 3202 5217 λαοί¹
3226 5161 3555 5232 ἐμελέτησαν
3583 5159 3735 5221 κενά,
3764 5156 3897 5227 ἡμεῖς

2375 5281 2437 5332 γε
2465 5265 2588 5326 τοὺς
2612 5262 2840 5333 δεσμοὺς
2868 5257 3043 5311 αὐτῶν
3077 5254 3183 5307 τῶν
3209 5251 3556 5325 φρυαξάντων
3598 5250 3765 5304 ἐθνῶν
3803 5248 3895 5299 δια-

2379 5355 2689 5425 σπάσωμεν,
2734 5353 2826 5406 καὶ
2870 5350 2959 5401 τὸν
3011 5346 3167 5414 ζυγὸν
3211 5343 3315 5398 τῶν
3362 5343 3764 5415 μελετησάντων
3789 5333 3898 5391 κενὰ

2377 5447 2516 5500 λαῶν
2547 5442 2951 5517 ἀπορρίψωμεν.

2458 5539 2609 5591 Ἐπεὶ
2634 5514 2904 5589 δεοὺκέτι
2944 5530 3181 5602 εὐχερῶς
3226 5529 3463 5600 δέχονται
3507 5526 3604 5596 τὴν
3633 5514 3895 5593 θεραπείαν

731 5603 967 5707 ιη’κάἱῶ
1016 5656 1170 5709 rcges
1216 5603 1389 5695 terrae:
1418 5650 1474 5696 et
1518 5603 1996 5711 principesﬂubet
2043 5633 2258 5703 Spiritu:

2382 5630 2432 5681 οἴ
2469 5647 2529 5680 τε
2558 5625 2858 5697 τηλικοῦτοι
2889 5621 3265 5693 προειρημένοι
3287 5620 3386 5687 τῆς
3415 5618 3517 5687 γῆς
3562 5612 3787 5711 βασιλεῖς
3821 5603 3894 5701 καὶ

734 5741 975 5792 sanrlus,
1009 5734 1246 5801 gentium
1286 5742 1341 5787 et
1380 5734 1721 5804 populorum.
1768 5742 1952 5798 regum
1981 5734 2035 5780 et
2076 5724 2274 5795 princi-

802 5846 878 5915 (Ι)
928 5846 1313 5913 Τετηρεῖσθαι.
1348 5846 1483 5914 chc
1508 5844 1850 5915 τ;τηρῆσθαι.
1882 5839 2037 5893 Ευιτ.

2383 5723 2427 5773 οἱ
2468 5721 2738 5791 ἄρχοντες,
2768 5715 2873 5769 τῶν
2915 5711 3050 5767 κατὰ
3091 5709 3182 5762 τοῦ
3217 5707 3418 5781 Κυρίου
3446 5705 3537 5756 καὶ
3567 5702 3661 5757 τοῦ
3691 5698 3893 5773 Χριστοί.
