3956 6340
144 388 216 445 85

1260 378 1758 437 COMMENTARIA
1800 379 1863 434 IN
1897 378 2229 436 PSALMOS.

3268 362 3360 445 Ian

144 502 297 559 αὑτοῦ
339 503 707 575 συναχθέντων
738 503 909 558 ἐθνῶν
936 520 997 558 τε
1024 506 1118 560 καὶ
1148 506 1312 572 λαῶν,
1344 508 1608 579 βασιλέων
1637 526 1668 561 τ

1804 524 1951 579 pum,
1989 506 2285 563 visibilium
2325 513 2377 562 et
2418 505 2796 573 invtstmuum,
2828 523 2919 580 qm
2960 521 3223 563 adversus
3256 506 3365 561 Du-o

144 595 231 648 καὶ
256 595 538 666 ἀρχόντων,
572 596 863 667 ὁρωμένων
891 613 949 649 τε
977 598 1070 686 καὶ
1104 598 1348 666 ἀφανῶν,
1374 601 1695 672 προστάττει

139 684 203 738 τὸ
222 685 430 757 Πνεῦμα
453 685 515 738 τὸ
538 685 691 754 ἆγιον
718 687 845 749 τοὺς
867 686 967 756 τῆς
996 684 1441 761 εἰδωλολατρείας
1464 689 1695 761 δεσμοὺς

139 774 527 848 διαρῥηγνύναι,
580 777 675 830 καὶ
720 775 811 831 τὸν
866 774 1036 848 βαρὺν
1079 779 1177 851 τῆς
1219 779 1491 851 ἁμαρτίας
1532 781 1693 850 ζυγὸν

140 868 474 939 ἀπορρίπτειν
504 861 607 936 τῆς
635 867 844 923 ἑαυτῶν
872 867 1081 940 ψυχῆς·
1112 864 1193 933 οἷς
1222 869 1694 941 καταδεδουλωμέ-

139 977 217 1013 νοι
238 959 479 1031 πρότερον
505 959 713 1032 ἑτέροις
750 960 1013 1032 ἄρχουσιν
1044 961 1413 1032 ὑπεκείμεθα’
1445 962 1530 1015 ἵνα
1554 963 1694 1015 ὲκεί-

140 1068 239 1105 νων
271 1048 710 1121 ἐλευθερωθέντες
734 1050 825 1104 τὸν
851 1048 1086 1121 ἐλαφρὸν
1110 1050 1202 1105 τοῦ
1237 1052 1489 1129 Σωτῆρος
1529 1051 1691 1122 ζυγὸν

138 1141 519 1213 ἀναδεξώμεθα,
544 1142 630 1210 ἐφ’
656 1143 715 1196 ὃν
737 1141 1091 1214 προκαλεῖται
1113 1141 1286 1211 λέγων
1306 1159 1319 1173 ’
1342 1143 1517 1198 Δεῦτε
1542 1151 1691 1214 πρὸς

132 1242 212 1305 μέ
233 1234 440 1302 πάντες
466 1238 523 1289 οί
557 1234 885 1300 κοπιῶντες
906 1233 1005 1287 καὶ
1031 1236 1506 1306 πεφορτισμένοι,
1532 1236 1691 1307 κάγὼ

136 1327 442 1382 ἀναπαύσω
462 1325 637 1396 ὑμᾶς.
669 1328 871 1395 Ἄρατε
899 1325 1006 1380 τὸν
1030 1324 1206 1395 ζυγόν
1226 1345 1368 1396 μου,
1391 1328 1489 1382 καὶ
1514 1328 1721 1399 ιδετδκ

142 1420 224 1474 ὅτι
244 1422 499 1490 χρηστός
556 1420 710 1475 ἐστι.
738 1419 1002 1473 Λέλεκται
1028 1419 1083 1472 δὲ
1108 1418 1280 1472 ταῦτα
1303 1422 1437 1491 πρὸς
1464 1422 1531 1475 τὰ
1562 1421 1685 1493 ἔθνη

137 1510 202 1563 τά
227 1510 298 1581 τῷ
323 1509 535 1582 Χριστῷ
560 1510 666 1563 ὑπὸ
688 1508 780 1563 τοῦ
798 1509 1023 1581 Πατρδς
1053 1509 1331 1582 δεδομένα,
1369 1512 1688 1583 προλαμϐά-

138 1619 300 1666 νοντος
326 1602 412 1655 τοῦ
442 1601 601 1669 λόγου
633 1602 759 1666 τοὺς
794 1602 1087 1673 μέλλοντας
1133 1603 1415 1676 προσιέναι
1444 1607 1511 1675 τῇ
1552 1605 1687 1678 Χρι-

138 1695 251 1749 στοῦ
276 1693 600 1766 διδασκαλίᾳ,
633 1694 725 1748 καὶ
768 1694 1159 1765 παραινοῦντος
1211 1696 1405 1766 μηκέτι
1451 1695 1540 1748 τὸν
1574 1712 1683 1751 πα-

132 1788 268 1845 λαιὸν
288 1786 440 1855 ζυγὸν
467 1788 559 1839 ἐπὶ
592 1786 700 1840 τῶν
724 1786 890 1859 ὤμων
918 1788 1124 1860 φέρειν,
1161 1788 1294 1859 μηδὲ
1323 1791 1445 1851 ταῖς
1473 1790 1681 1859 σειραῖς

1798 601 2003 654 minum
2056 607 2109 654 ct
2151 600 2413 655 adversus
2466 600 2744 656 Christum
2802 599 2921 669 ejus
2967 606 3359 665 convenerant,

1796 689 2117 748 idololatriae
2156 692 2372 747 vincula
2418 691 2748 761 dirumpere,
2801 701 2856 744 et
2900 705 3148 762 quosque
3194 707 3362 764 grave

1795 785 2002 855 peccati
2023 786 2215 857 jugum
2241 786 2310 840 ab
2338 785 2517 839 anima
2541 800 2639 841 sua
2674 786 2941 856 projicere
2966 802 2979 850 ;
3012 785 3213 855 quibus
3236 784 3361 841 sub-

1788 876 1966 949 jugati
1995 877 2148 947 prius
2176 876 2298 933 aliis
2338 872 2685 948 principibus,
2707 878 3030 933 subcramus
3059 894 3071 931 :
3105 883 3165 932 ut
3195 876 3263 933 iis
3294 876 3359 931 li-

1792 964 1963 1020 berati
2002 954 2123 1022 leve'
2165 965 2461 1023 Salvatoris
2490 967 2680 1038 jugum
2730 968 3085 1039 accipiamus,
3119 982 3227 1039 quo
3254 982 3356 1022 nos

1792 1066 2051 1126 provocat
2074 1058 2160 1114 his
2182 1058 2362 1115 verbis
2394 1077 2406 1113 :
2450 1058 2627 1114 Venite
2656 1062 2727 1114 ad
2755 1077 2854 1125 me,
2886 1076 3061 1116 omnes
3094 1046 3183 1131 qui
3216 1061 3356 1115 labo-

1792 1149 1923 1202 ratis
1945 1159 1995 1202 et
2027 1150 2231 1203 onerati
2258 1150 2408 1215 estis,
2440 1159 2490 1204 et
2522 1167 2613 1221 ego
2644 1152 2880 1221 reﬁciant
2913 1168 3001 1206 vos
3028 1169 3045 1206 :
3072 1152 3240 1206 tollite
3261 1152 3355 1221 ju-

1788 1255 1911 1309 gum
1939 1257 2111 1295 meum
2132 1256 2287 1310 super
2318 1258 2426 1304 vos,
2452 1252 2501 1297 et
2530 1242 2695 1297 videte
2715 1244 2840 1311 quia
2870 1252 3199 1297 mansuetum
3220 1243 3351 1297 est“.

1789 1329 1913 1385 Haec
1950 1346 2115 1400 porro
2146 1332 2291 1386 dicta
2324 1339 2453 1387 sunt
2476 1334 2728 1404 gentibus
2753 1333 2974 1389 Christo
3003 1348 3033 1387 a
3059 1332 3218 1388 Patre
3243 1342 3354 1387 tra-

1788 1422 1937 1486 ditis,
1980 1424 2265 1492 praemissa
2305 1424 2513 1480 scilicet
2565 1441 2756 1480 eorum
2786 1427 2879 1496 qui
2908 1424 2975 1479 ad
3012 1424 3215 1482 Christi
3254 1427 3354 1481 do-

1788 1514 2021 1569 ctrinam
2047 1515 2325 1569 acccssuri
2359 1524 2490 1570 sunt
2528 1517 2863 1581 narratione,
2899 1519 3134 1589 dataque
3163 1518 3353 1573 admo-

1785 1604 2011 1669 nitione,
2063 1611 2123 1658 ut
2168 1620 2233 1659 ne
2278 1604 2421 1659 ultra
2469 1614 2623 1660 vetus
2646 1606 2836 1675 jugum
2876 1606 3119 1663 humeris
3150 1606 3347 1673 ferant,

1786 1711 1962 1767 neque
2006 1697 2213 1752 catenis
2240 1697 2503 1767 "priorum
2551 1696 2872 1751 delictorum
2915 1699 3196 1754 constricti
3238 1716 3350 1754 ma-

1786 1797 1970 1845 neant.
2003 1787 2110 1844 Sed
2149 1789 2360 1844 etiamsi
2412 1789 2632 1859 quidam
2670 1789 2799 1858 ipsis
2839 1799 2965 1845 ante
3009 1788 3225 1845 fuerant
3259 1794 3348 1846 do.

136 1879 233 1934 τῶν
278 1880 548 1951 προτέρων
593 1880 1007 1951 ἁμαρτημάτων
1048 1881 1256 1935 ἑαυτῶν
1305 1882 1671 1954 παραμένειν·

1784 1877 1936 1941 mini,
1974 1879 2249 1949 principes
2285 1879 2493 1947 acerbi,
2520 1878 2774 1935 videlicet
2795 1880 3016 1951 maligni
3047 1882 3342 1947 dmmoncs,

136 1971 239 2025 ἀλλ’
267 1972 310 2023 εἰ
330 1971 419 2024 καί
447 1988 591 2035 τινες
612 1967 754 2043 ἦσαν
787 1971 966 2026 αὐτῶν
994 1973 1258 2045 πρότερον
1290 1973 1467 2045 κύριοι
1496 1974 1680 2045 ἄρχον-

132 2064 217 2127 τές
238 2080 293 2116 τε
318 2064 519 2135 πικροὶ,
544 2065 593 2116 οἱ
620 2062 784 2118 πάλαι
812 2063 921 2117 τῶν
950 2062 1118 2117 ἐθνῶν
1151 2064 1679 2136 κατατυραννοῦντες

130 2154 359 2223 δαίμονες
387 2154 630 2225 πονηροὶ,
659 2151 752 2217 οὓς
781 2152 845 2224 δὴ
865 2152 1021 2217 θεοὺς
1047 2152 1347 2224 ὠνόμαζον,
1389 2155 1550 2224 ζυγὸν
1583 2157 1680 2211 αὐ-

129 2249 234 2310 τοῖς
256 2245 648 2316 ὲπαιωροῦντες
681 2244 850 2317 βαρὺν
878 2244 972 2298 καὶ
1021 2245 1353 2315 συγκόπτειν
1375 2247 1473 2319 τὴν
1500 2248 1676 2320 ψυχὴν

131 2338 213 2389 ἐπὶ
238 2337 292 2390 τὺ
320 2338 464 2391 κάτω
497 2336 795 2400 ποιοῦντες,
833 2322 1065 2406 δεσμοῖς
1082 2353 1142 2390 τε
1188 2338 1385 2401 αὐτοὺς
1419 2337 1672 2403 ἀσεϐείας

132 2429 601 2501 καταδεσμοῦντεςο
654 2428 858 2483 τούτων
911 2428 1166 2482 ἁπάντων
1212 2429 1310 2501 τὴν
1361 2429 1675 2485 δυναστείαν

130 2522 327 2591 φεύγειν
359 2521 806 2595 παρακελεύεται·
835 2521 1195 2592 προσφεύγειν
1220 2521 1278 2575 δὲ
1310 2521 1388 2592 τῷ
1414 2523 1671 2595 Λυτρωτῇ

130 2614 211 2665 καὶ
245 2614 467 2685 Σωτῆρι,
508 2613 602 2666 καὶ
632 2613 699 2684 δὴ
728 2613 926 2683 κλῆρον
961 2614 1159 2674 αὐτοὺς
1206 2612 1359 2684 παρὰ
1403 2612 1497 2666 τοῦ
1544 2612 1673 2666 ίδίου

129 2705 313 2775 Πατρδς
326 2705 583 2777 εἰληφότι.
598 2704 781 2759 Ταῦτα
798 2706 876 2770 δὲ,
894 2708 1045 2776 φησὶ,
1061 2703 1352 2777 πράξωμεν
1377 2706 1426 2758 oi
1456 2706 1553 2775 τῆς
1578 2705 1672 2758 τοῦ

127 2795 337 2871 Χριστοῦ
367 2798 731 2871 κληρονομίας
761 2798 898 2865 ἄξιοι
934 2798 1236 2869 γενόμενοι,
1262 2797 1579 2863 είδότες,ὄτι
1610 2798 1671 2851 '0

127 2890 397 2945 κατοικῶν
454 2892 525 2944 ἐν
567 2890 843 2959 οὐρανοῖς
886 2890 1273 2958 ἐκγελάσεται
1317 2889 1560 2955 αὐτοὺς,
1602 2890 1671 2943 τὰ

126 2984 236 3056 ἔθνη
271 2982 464 3055 δηλαδὴ
494 2984 588 3037 καὶ
616 2985 745 3046 τοὺς
774 2983 937 3045 λαοὺς
973 2983 1099 3046 τοὺς
1145 2981 1553 3045 ὲπαναστάντας
1594 2980 1671 3052 τῷ

126 3074 319 3147 Χριστῷ
345 3074 530 3141 αὐτοῦ,
559 3076 655 3129 καὶ
697 3077 730 3128 ό
760 3076 974 3142 Κύριος
1020 3072 1402 3142 ἐκμυκτηριεῖ
1422 3074 1663 3139 αὐτούς.

126 3166 287 3220 Ταῦτα
321 3168 485 3223 πάλαι
528 3167 630 3237 μὲν
671 3166 1018 3238 προφητικῶς
1040 3166 1369 3235 ἀνεφωνεῖτο
1390 3181 1404 3194 ·
1436 3164 1669 3217 πέπονθε

1779 1968 1908 2021 olim
1943 1984 2042 2038 pro
2068 1969 2175 2024 diis
2198 1970 2391 2032 habiti,
2414 1988 2506 2041 qu.
2534 1972 2870 2042 tyrannidem
2902 1974 2955 2026 in
2984 1983 3169 2041 gentes
3190 1990 3342 2027 excr-

1780 2060 1997 2124 cebant,
2032 2071 2085 2116 et
2112 2061 2302 2131 jugum
2336 2062 2469 2131 ipsis
2516 2078 2680 2133 grave
2722 2079 3125 2135 onerosumque
3169 2065 3343 2136 impo-

1777 2153 1999 2217 nehant,
2038 2159 2097 2205 ut
2126 2151 2362 2205 animam
2412 2165 2601 2207 eorum
2644 2153 2710 2207 ad
2752 2154 2937 2209 infima
2969 2156 3340 2221 incurvarcnt,

1778 2242 2213 2311 colligabantque
2262 2242 2412 2311 ipsos
2461 2242 2753 2312 impietatis
2821 2244 3086 2310 vinculis;
3142 2246 3339 2301 horum

1776 2334 2018 2390 omnium
2066 2334 2353 2405 imperium
2406 2332 2661 2404 effugere,
2704 2340 2765 2390 et
2822 2335 2888 2389 ad
2923 2334 3337 2407 Redemptorem

1778 2426 2224 2499 Salvatoremque
2285 2428 2581 2499 confugere
2630 2422 2928 2498 jubentur,
2972 2440 3185 2505 futpote
3243 2434 3336 2503 qui

1776 2520 1925 2590 ipsos
1958 2535 1987 2574 a
2018 2520 2181 2576 Patre
2213 2536 2314 2577 suo
2353 2524 2407 2575 in
2458 2523 2825 2579 hzereditatem
2862 2527 3152 2595 acceperit.
3187 2525 3333 2586 Haec.

1775 2612 1971 2682 inquit,
2005 2628 2229 2682 agamus
2266 2615 2356 2684 qui
2389 2613 2593 2669 Christi
2629 2616 2943 2671 haereditate
2980 2618 3126 2688 digni
3159 2620 3337 2673 elicuit

1772 2719 1986 2768 sumus,
2031 2705 2185 2774 gnari
2224 2706 2476 2761 videlicet
2519 2707 2827 2773 illiuszQui
2859 2708 3063 2762 habitat
3108 2710 3161 2762 in
3195 2712 3335 2765 cwlis

1770 2792 2007 2847 irridebit
2032 2810 2140 2858 eos,
2173 2796 2429 2849 nimirum
2468 2797 2696 2866 populos
2723 2797 2814 2867 qui
2849 2799 3113 2853 adversus
3149 2798 3335 2854 Domi-

1772 2884 1979 2937 minum
2032 2892 2084 2938 ct
2127 2886 2389 2941 adversus
2428 2887 2705 2943 Christum
2746 2889 2864 2956 ejus
2896 2889 3333 2953 insurrexerunt.

1768 2984 1821 3029 ιι
1852 2974 2107 3032 Dominus
2131 2976 2476 3033 subsannabit
2512 2996 2619 3034 eos.
2656 2978 2778 3035 ":BC
2804 2980 2931 3034 olim
2953 2981 3170 3053 quidem
3207 2999 3336 3053 pm-

1770 3068 1984 3139 phetice
2032 3072 2569 3140 przenuntiabantur;
2626 3079 2681 3126 at
2720 3081 2905 3141 postea
2938 3072 3195 3129 Iudaicus
3238 3092 3335 3145 po-

1772 3162 1933 3232 pulus
1959 3176 2021 3216 ea
2059 3163 2174 3232 ipsa
2215 3178 2509 3232 perpessus
2548 3172 2651 3228 est,
2685 3165 2943 3221 obsessus
2969 3174 3022 3220 et
3060 3181 3335 3237 expugna-

126 3257 173 3309 δὲ
206 3259 334 3311 αὑτά
360 3259 419 3311 τὸ
464 3258 732 3313 Ἰουδαίων
760 3258 911 3320 ἔθνος
939 3255 1290 3326 πολιορκηθὲν
1334 3256 1671 3327 παραχρῆμα

1775 3262 1859 3308 tus
1880 3269 1988 3308 non
2019 3254 2192 3307 multo
2221 3260 2511 3322 postquam
2549 3254 2778 3310 insidias
2818 3257 3113 3312 struxisset
3140 3267 3331 3312 contra

130 3348 247 3416 μετά
275 3349 368 3420 τὴν
411 3350 554 3402 κατά
595 3348 689 3403 τοῦ
730 3348 981 3419 Σωτῆρος
1017 3339 1340 3418 ἐπιϐουλήν·
1388 3348 1482 3400 καὶ
1526 3347 1666 3401 κατὰ

126 3440 323 3510 χρόνους
345 3440 399 3493 δὲ
432 3442 480 3493 οἱ
512 3440 612 3508 τῆς
658 3438 980 3508 Ἐκκλησίας
1005 3436 1098 3490 τοῦ
1130 3436 1366 3507 Χριστοῦ
1398 3438 1664 3510 πολέμιοι,

126 3532 341 3603 κρυφαία
366 3534 450 3586 ἀεὶ
482 3532 625 3607 χειρὶ
654 3530 1070 3602 πολεμούμενοι,
1100 3529 1206 3583 ὑπὸ
1235 3531 1328 3583 τοῦ
1356 3532 1667 3585 κατοικοῦν-

124 3641 199 3688 τος
230 3627 285 3679 ὲν
308 3626 567 3698 ὀὐρανοῖς
600 3624 827 3697 Κυρίου,
859 3622 951 3679 τοῦ
998 3624 1136 3694 πρὸς
1182 3621 1359 3677 αὐτῶν
1399 3622 1663 3693 πολεμου-

127 3717 289 3786 μένου.

186 3811 309 3864 Τότε
344 3809 602 3877 λαλήσει
641 3809 788 3896 πρὸς
811 3807 1033 3874 αὐτοὺς
1056 3808 1126 3861 ἐν
1151 3805 1297 3876 ὀργῇ
1325 3804 1530 3865 αὐτοῦ.
1563 3806 1660 3859 καὶ

123 3901 181 3954 ἐν
204 3899 277 3967 τῷ
306 3900 469 3970 θυμῷ
499 3901 687 3957 αὐτοῦ
720 3899 958 3969 ταράξει
985 3899 1225 3965 αὐτούς.
1272 3896 1431 3953 Ἀλλά
1465 3896 1561 3950 καί
1606 3896 1661 3947 ὲν

124 3990 189 4061 τῷ
214 3991 302 4061 τῆς
333 3978 567 4062 κρίσεωξ
600 3991 779 4063 καιρῷ
819 3990 993 4061 ὀργῆς
1035 3987 1171 4041 Θεοῦ
1224 3985 1660 4057 πειραθήσονται,

124 4083 200 4135 καὶ
236 4081 309 4153 τῷ
350 4080 508 4152 θυμῷ
544 4081 707 4135 αὐτοῦ
755 4081 1187 4153 ταραχθήσονται
1232 4079 1431 4143 πάντες
1476 4079 1524 4131 ot
1568 4078 1661 4145 τοῦ

126 4174 362 4246 σωτηρίου
383 4173 542 4243 λόγου
569 4162 834 4245 πολέμιοι.
864 4172 1125 4249 Ἐπείπερ
1146 4172 1303 4235 αὐτὸς
1322 4173 1350 4224 6
1375 4171 1464 4224 ὑπ’
1482 4170 1661 4224 αὐτῶν

126 4262 459 4335 προσηλωθεὶς
504 4265 601 4317 καὶ
655 4262 872 4333 θανάτῳ
905 4263 1228 4335 παραδοθεὶς
1246 4302 1261 4328 ,
1296 4262 1562 4320 κατοικῶν
1605 4263 1661 4315 ὲν

123 4354 339 4425 οὐρανοῖς
370 4352 566 4408 καὶντά
610 4354 788 4409 πάντα
829 4354 1120 4426 περιέχων,
1166 4354 1517 4423 ὲκγελάσεται
1561 4354 1661 4406 αὐ-

122 4447 243 4511 τοὺς,
274 4447 364 4500 καὶ
388 4448 418 4499 6
439 4445 630 4500 τούτου
658 4446 715 4499 δὲ
744 4446 933 4518 Πατὴρ
958 4449 987 4500 6
1018 4447 1115 4500 σὺν
1138 4446 1217 4516 τῷ
1251 4445 1473 4518 Χριστῷ
1496 4446 1659 4500 πολε-

1770 3343 2143 3409 Salvatorem;
2179 3344 2455 3414 variisque
2488 3346 2740 3401 similiter
2771 3348 3107 3418 temporibus
3141 3350 3330 3403 eadem

1766 3435 1975 3506 experti
2003 3442 2131 3490 sunt
2154 3426 2361 3488 inimici
2389 3420 2646 3491 Ecclesia:
2674 3435 2899 3502 Christi,
2938 3440 3150 3493 occulta
3186 3456 3333 3495 sem-

1767 3542 1862 3597 per
1890 3542 2053 3580 manu
2074 3527 2375 3598 impugnati
2407 3543 2436 3582 a
2467 3528 2696 3584 Domino
2725 3530 2815 3601 qui
2841 3528 3050 3583 habitat
3078 3530 3132 3584 in
3152 3518 3326 3595 cml’is,

1764 3632 1924 3687 quem
1960 3618 2062 3686 ipsi
2093 3616 2241 3672 bello
2270 3618 2629 3690 impetebaut.

1835 3793 2001 3851 Vens.
2039 3794 2090 3850 5.
2133 3793 2278 3849 Tunc
2310 3795 2548 3865 loquetur
2592 3793 2660 3849 ad
2690 3810 2778 3849 eos
2824 3796 2876 3848 in
2912 3797 2992 3849 ira
3025 3812 3145 3860 sua,
3179 3805 3227 3849 et
3273 3797 3328 3850 in

1760 3887 1942 3955 furore
1970 3902 2066 3941 suo
2095 3884 2430 3940 conturbabit
2449 3902 2557 3940 eos.
2597 3882 2741 3940 Sane
2765 3885 2821 3939 in
2848 3892 3090 3956 tempore
3109 3886 3325 3955 jmlicii,
3432 3944 3437 3949 ,

1762 3978 1857 4033 ira:
1883 3978 2079 4033 divinae
2109 3976 2410 4048 periculum
2452 3976 2673 4042 facient,
2705 3992 2769 4032 ac
2791 3978 2963 4048 ipsius
2996 3978 3178 4033 furore
3211 3986 3328 4031 tur-

1762 4070 2040 4128 babuntur
2072 4084 2263 4127 omnes
2300 4069 2451 4125 verbi
2491 4070 2750 4125 salutaris
2782 4069 3010 4124 inimici.
3047 4068 3324 4138 Siquidem

1763 4163 1810 4217 is
1843 4162 1960 4233 ipse
2004 4161 2098 4231 qui
2137 4159 2326 4216 aﬂixus
2376 4161 2445 4215 ab
2476 4159 2584 4214 illis
2618 4167 2722 4224 est,
2765 4175 2829 4213 ac
2874 4161 3031 4214 morti
3073 4160 3322 4220 traditus,

1761 4256 1855 4327 qui
1886 4251 2093 4308 habitat
2119 4252 2179 4306 in
2202 4251 2357 4307 caelis
2385 4259 2441 4307 et
2484 4250 2666 4306 omnia
2699 4250 3098 4319 complectitur,
3134 4250 3329 4305 irride-

1760 4345 1839 4401 bit
1864 4359 1980 4408 eos,
2015 4343 2245 4413 ejusque
2278 4341 2435 4397 Pater
2460 4342 2551 4411 qui
2600 4355 2724 4395 cum
2753 4339 2872 4409 ipso
2899 4339 3121 4395 Christo
3151 4357 3327 4411 oppu~

1760 4448 1958 4509 gnatur
1997 4438 2359 4494 subsannabit
2405 4450 2519 4500 eos,
2564 4435 2864 4505 dignasque
2903 4435 2970 4489 ab
3010 4436 3091 4490 eis
3135 4450 3325 4507 pmnas

122 4535 357 4605 μούμενος
411 4529 772 4607 ἐκμυκτηριεί
792 4536 1010 4599 αὐτοὺς,
1037 4536 1130 4589 καὶ
1150 4535 1248 4605 τὴν
1273 4535 1430 4599 ἀξίαν
1464 4537 1660 4600 αὐτοὺς

1775 4538 1999 4601 expetet,
2038 4528 2307 4600 siquidem
2332 4528 2498 4583 verba
2528 4527 2763 4581 minacia
2806 4528 2901 4582 irae
2930 4536 3171 4599 tempore
3196 4544 3325 4598 pro-

120 4597 444 4697 εἰσπράξεται
483 4597 683 4700 δίκην-ί
727 4628 776 4679 εί
808 4628 858 4679 oi
890 4597 1037 4695 λόγοι
1084 4597 1472 4680 τῶν-ἀπειλῶν
1508 4597 1654 4697 λόγοι

1775 4597 1871 4679 lata
1898 4630 2046 4677 sunt.

120 4718 233 4769 εἰσὶν
264 4720 319 4773 ὲν
346 4721 485 4791 ὀργῇ
513 4718 995 4789 ἀπαγγελλόμενα.

185 4810 317 4880 Ἐγὼ
368 4810 437 4865 δὲ
468 4810 840 4879 κατεστάθην
866 4811 1166 4878 ,βασιλεὺς
1197 4811 1297 4865 ὑπ’
1334 4812 1520 4865 αὐτοῦ
1553 4813 1655 4865 ἐπὶ

119 4899 246 4953 Σιὼν⁵
273 4903 404 4971 ὄρος
435 4903 503 4957 τὸ
539 4903 711 4973 ἅγιον
741 4901 948 4965 αὐτοῦ,
988 4900 1356 4971 διαγγέλλων
1376 4900 1442 4954 τὸ
1471 4904 1654 4970 πρόσ-

122 5001 278 5056 ταγμα
312 4992 552 5059 Κυρίου.
628 4991 750 5044 Οἵδε
792 4991 889 5061 μὲν
914 5030 929 5053 ,
970 4990 1102 5059 φησὶ
1129 5029 1144 5051 ,
1210 4990 1337 5043 τάδε
1375 4986 1676 5045 πείσονται

122 5077 159 5127 οξ
198 5083 325 5133 κατά
371 5082 467 5134 τοῦ
522 5082 730 5154 Κυρίου
775 5084 869 5136 καὶ
908 5080 1048 5135 κατὰ
1083 5081 1176 5134 τοῦ
1214 5080 1448 5153 Χριστοῦ
1487 5081 1653 5135 αὐτοῦ

125 5170 427 5235 συνελθόντες
445 5212 460 5235 ,
483 5174 577 5245 καὶ
601 5174 838 5227 τοιοῦτον
879 5174 979 5244 μὲν
1004 5166 1225 5226 ἐκείνων
1253 5171 1315 5224 τὸ
1341 5171 1493 5236 τέλος
1512 5190 1525 5202 ·
1553 5173 1654 5244 ἐμὲ

124 5259 166 5313 δὲ
205 5263 311 5315 τότε
362 5264 499 5332 μετὰ
547 5265 647 5334 τὴν
674 5265 940 5336 τοσαύτην
973 5264 1262 5334 ἐπιϐουλὴν
1294 5264 1387 5317 καὶ
1416 5264 1651 5318 τοσαῦτα

128 5352 243 5423 πάθη
288 5355 502 5427 βασιλέα
532 5356 669 5426 πρὸς
698 5356 861 5409 αὐτοῦ
896 5356 989 5409 τοῦ
1025 5355 1238 5426 [ἰατρὸς
1265 5355 1649 5421 καθεστάσθαι,

134 5447 203 5499 καὶ
222 5447 275 5501 τδ
303 5449 557 5522 πατρικὸν
589 5450 717 5519 ὑμῖν
748 5450 1075 5520 πρόσταγμα
1098 5447 1426 5517 διαγγέλλειν
1449 5465 1461 5477 ·
1491 5447 1649 5501 τοῦτο

134 5534 165 5586 δ’
185 5539 237 5590 ἀν
262 5541 337 5613 εἴη
366 5542 425 5597 τὸ
455 5540 802 5610 εὐαγγελικὸν
832 5542 1110 5615 κήρυγμα.
1183 5543 1245 5595 Εἰ
1270 5540 1325 5594 δέ
1353 5542 1501 5595 ἐστιν
1522 5540 1646 5611 ὅρος

142 5630 254 5694 Ξᾶγιον
278 5636 400 5689 Θεοῦ
435 5637 496 5690 τὸ
528 5635 847 5707 ἐπουράνιον
874 5635 1001 5705 περὶ
1029 5631 1089 5690 οὗ
1116 5638 1302 5705 ’φησιν
1330 5637 1359 5688 6
1390 5634 1597 5698 Παῦλος
1627 5652 1639 5665 ·

148 5722 580 5794 Πριτεληλύθατε
608 5727 759 5782 Σιὼν
792 5727 910 5796 ὄρει
930 5744 942 5757 ·
982 5728 1074 5781 καὶ
1108 5727 1269 5781 πάλιν
1288 5745 1299 5756 ·
1345 5727 1413 5781 Ἠ
1438 5725 1504 5779 δὲ
1524 5725 1644 5778 ἄνω

197 5836 212 5862 ⁵
242 5834 399 5891 Matth,
438 5857 507 5905 χι,
540 5843 725 5898 28-50.
803 5844 823 5873 τ’
863 5841 1025 5900 llcbr.
1064 5860 1157 5910 xu,
1191 5844 1279 5897 '22.

1830 4800 1993 4854 Vens.
2015 4797 2069 4852 6.
2092 4796 2200 4869 Ego
2230 4811 2401 4853 autem
2431 4799 2745 4854 constitutus
2766 4816 2880 4853 sum
2897 4814 2987 4857 rex
3000 4799 3063 4865 ab
3088 4816 3148 4852 eo
3171 4814 3325 4866 super

1761 4894 1888 4950 Sion
1908 4879 2135 4948 montem
2158 4906 2400 4949 sanctum
2418 4897 2553 4965 ejus,
2576 4895 2869 4963 prtedicans
2883 4902 3195 4960 praeceptum
3220 4894 3325 4948 Uo-

1761 4988 1913 5040 mini.
1952 4984 2077 5040 Haec
2116 4996 2169 5041 et
2197 4989 2421 5052 similia,
2459 4988 2656 5057 inquit,
2686 4986 2959 5054 patientur
2990 4985 3083 5055 qui
3119 5001 3316 5042 conve-

1758 5087 1957 5134 nerunt
1996 5078 2262 5135 adversus
2310 5078 2597 5139 Dominum
2632 5084 2686 5130 et
2736 5076 2999 5133 adversus
3042 5078 3323 5133 Christum

1753 5172 1896 5240 ejus.
1928 5180 1981 5224 et
2011 5170 2462 5240 hujusmodi‘erit
2489 5169 2714 5223 illorum
2746 5168 2891 5226 ﬁnis.
2941 5168 3096 5240 Quod
3138 5181 3320 5224 autem

1756 5282 1857 5337 ego
1908 5274 2030 5336 post
2074 5276 2252 5327 tantas
2294 5266 2522 5321 insidias
2561 5273 2615 5321 et
2650 5276 2759 5320 tam
2809 5265 3009 5320 multos
3039 5264 3319 5316 cruciatus

1750 5375 1846 5415 rex
1893 5358 1962 5412 ab
2014 5360 2132 5430 ipso
2177 5359 2335 5414 Patre
2382 5358 2799 5415 constituendus
2861 5355 2986 5418 sim,
3030 5361 3318 5423 paternum

1752 5449 1906 5504 vobis
1943 5458 2268 5518 pneceptum
2302 5448 2673 5511 nuntiaturus,
2712 5463 2775 5502 ea
2807 5453 2953 5501 certe
2997 5444 3314 5512 evangelica

1758 5539 2072 5610 praedicatio
2105 5540 2287 5595 fuerit.
2338 5539 2492 5605 Quod
2533 5541 2579 5596 si
2614 5555 2768 5593 mons
2801 5544 3025 5591 sanctus
3051 5533 3167 5595 Dei,
3199 5548 3314 5587 cu:-

1754 5631 1908 5687 lestis
1939 5632 2029 5685 ille
2061 5631 2225 5685 fuerit
2255 5633 2322 5687 de
2362 5648 2472 5701 quo
2504 5632 2578 5685 ait
2630 5627 2865 5683 Paulus:
2907 5626 3215 5681 Aeaea-sistis
3242 5623 3310 5675 ad

1756 5722 1885 5780 Sion
1910 5726 2197 5789 montem";
2229 5739 2292 5779 ac
2317 5739 2538 5779 rursus:
2587 5721 2696 5777 Illa
2733 5731 2906 5775 autem
2961 5737 3077 5793 qua'
3100 5732 3307 5773 sursum
