3928 6336
612 357 690 414 ετ
864 330 868 334 ’
1313 318 1576 431 nam.
1616 340 2090 410 cassantENSIs
2117 348 2266 405 ore.
2303 345 2483 401 rans
2514 345 2598 400 ιη.
2632 375 2701 386 -
2728 345 3131 399 ursos-rica.
3773 341 3840 389 es

602 476 702 529 ω
728 472 1042 541 Jerusalem,
1070 476 1233 531 libera
1262 486 1337 530 est
1355 452 1419 539 ",
1450 448 1924 545 atquediictamen
1956 483 2178 540 regnum

2306 455 2687 533 Ῑερουσαλὴμ
2734 465 3014 531 ἐλευθέρα
3061 459 3232 513 ἐστὶν
3256 501 3272 527 ,
3333 457 3561 513 ἐνταῦθά
3607 474 3744 526 φησι
3779 456 3844 508 τὰ

628 563 734 617 sibi
760 565 1113 619 constitutum
1153 565 1259 632 ait;
1294 579 1421 634 pars
1472 580 1605 634 ergo
1649 577 1897 631 superna:
1925 559 2179 615 Ecclesia:

2306 556 2531 613 ιασίλεια
2583 553 2731 624 αὐτῷ
2792 553 3135 605 συνεστάναι·
3204 550 3367 621 μέρος
3414 549 3457 602 δ’
3491 548 3555 602 ἂν
3595 548 3695 617 τῆς
3734 548 3845 601 ἄνω

633 654 796 709 fuerit
824 656 985 710 etiam
1031 671 1095 711 ea
1127 671 1247 726 quae
1275 654 1332 710 in
1382 663 1528 731 terra
1564 663 1830 716 versatur,
1852 643 1998 705 'cum
2028 666 2181 727 eum-

632 745 751 821 dem
798 746 865 801 ad
900 746 1060 803 ﬁnem
1093 748 1209 818 ipsa
1260 746 1571 803 contendat.
1626 744 1909 812 Quomodo
1941 749 2120 797 autem
2150 755 2181 795 a

630 836 789 895 Patre
820 839 873 893 in
921 837 1049 892 Sion
1086 840 1666 897 cmlesti'constitutus
1706 837 1867 901 fuerit
1895 850 1989 890 rex
2029 831 2183 887 Chri-

632 940 769 990 stus,
798 930 1095 1001 intelligere
1127 932 1271 995 licet,
1303 931 1446 1002 quod
1475 932 1681 986 dictum
1718 930 1810 997 illi;
1840 928 1948 983 sit:
1987 924 2119 979 Sede
2149 941 2182 978 a

630 1023 831 1101 dextris
864 1023 1017 1091 meis,
1051 1022 1212 1078 donec
1243 1040 1432 1093 ponam
1468 1025 1708 1077 inimicos
1747 1038 1864 1075 tuos
1899 1018 2182 1075 scabellum

629 1115 819 1183 pedum
853 1114 1138 1168 tuorum“.
1186 1114 1335 1181 Quos
1366 1130 1558 1184 nempe
1588 1115 1858 1176 inimicos,
1883 1112 1987 1165 nisi
2022 1125 2184 1181 supra

608 1204 985 1273 'memoratos,
1014 1209 1106 1278 qui
1138 1207 1451 1278 congregati
1493 1214 1621 1262 sunt
1650 1206 1913 1262 adversus
1942 1192 2086 1267 eum,
2132 1210 2186 1259 et

631 1298 919 1351 astiterunt
954 1297 1248 1366 principes,
1294 1310 1467 1366 reges,
1511 1304 1698 1367 gentes
1754 1305 1915 1365 atque
1964 1292 2187 1364 populi?

633 1390 796 1447 hosce
824 1390 970 1444 enim
999 1389 1099 1444 sub
1137 1389 1366 1458 pedibus
1390 1389 1512 1459 ejus
1535 1390 1950 1445 substraturum
1978 1402 2036 1442 se
2058 1399 2185 1456 pro-

634 1483 784 1542 misit
826 1482 1003 1535 Pater.

708 1573 871 1628 Vens.
904 1575 954 1628 7.
993 1573 1246 1628 Dominus
1290 1573 1425 1626 dixit
1467 1571 1535 1624 ad
1582 1587 1695 1625 me:
1738 1568 1914 1623 Filius
1950 1582 2185 1635 menses

636 1674 713 1727 tu,
758 1681 850 1734 ego
882 1664 1033 1720 hodie
1083 1666 1238 1736 genui
1268 1672 1335 1721 te.
1382 1662 1540 1725 illud,
1582 1647 1764 1725 .hodie,
1810 1675 2007 1714 nomen
2049 1666 2188 1714 tem-

638 1758 782 1828 poris
826 1770 928 1822 est,
968 1760 1217 1828 idemque
1260 1756 1525 1827 signiﬁcat
1567 1762 1728 1823 atque
1784 1752 2034 1822 praesenti
2073 1750 2182 1805 die.

637 1848 759 1907 Dies
819 1859 998 1905 autem
1048 1858 1134 1905 est
1172 1849 1526 1903 interstitium
1589 1842 1862 1918 quoddam
1906 1845 2185 1915 temporis.

2306 1850 2345 1902 Ξὲ
2393 1845 2666 1916 διάστημά
2709 1862 2762 1898 τι
2817 1841 3063 1912 κρονικόν
3098 1840 3233 1891 ἐστι.

635 1939 745 1994 Cur
770 1939 933 2011 igitur
956 1940 1031 1993 ait
1057 1940 1132 1993 illi
1165 1938 1457 2020 Dominus:
1502 1936 1613 2009 Ego
1643 1936 1796 1992 hodie
1820 1936 1975 2007 genui
2017 1932 2102 1989 te?
2136 1934 2189 1988 id

633 2031 888 2086 videlicet
920 2030 988 2085 de
1019 2030 1299 2102 temporali
1324 2031 1669 2101 generatione
1696 2030 1927 2089 dictum,
1953 2042 2072 2096 quae
2097 2042 2192 2095 per

636 2123 992 2177 mconomiam
1019 2120 1180 2178 facta.
1235 2120 1309 2176 De
1344 2123 1431 2177 illa
1462 2136 1697 2192 namque
1732 2137 1853 2190 quae
1891 2119 2009 2173 sine
2036 2117 2184 2187 prin-

636 2212 782 2284 cipio
814 2220 919 2274 est,
948 2214 1022 2269 ait
1057 2218 1172 2285 ipse
1206 2213 1408 2268 David:
1463 2213 1546 2267 Ea:
1572 2223 1718 2267 utero
1766 2220 1886 2265 ante
1917 2210 2192 2280 luciferum

636 2306 790 2374 genui
820 2307 950 2360 te".
1000 2304 1253 2378 Gignitur
1284 2314 1464 2359 autem
1510 2306 1690 2369 hodie,
1722 2320 1827 2358 non
1860 2304 2187 2374 principium

636 2397 1021 2453 exsistendi‘in
1047 2406 1171 2451 ortu
1202 2398 1497 2466 accipiens,
1528 2384 1623 2451 sed
1654 2388 1954 2452 secundum
1994 2410 2193 2450 carna-

640 2491 745 2543 lem
787 2488 1147 2543 aaconomiam
1188 2486 1243 2540 in
1274 2485 1618 2557 adoptionem
1641 2488 1883 2543 veniens.
1938 2487 2005 2539 Et
2038 2487 2193 2557 quis-

642 2580 768 2650 quis
817 2578 886 2633 ab
927 2593 992 2631 eo
1042 2577 1238 2647 accipit
1289 2583 1610 2646 potestatem
1659 2584 1719 2631 ut
1764 2576 1905 2633 (ilius
1943 2577 2032 2631 Dei
2081 2577 2191 2642 ﬁat,

640 2669 855 2741 quando
883 2668 1043 2729 ﬁlius.
1068 2685 1163 2740 per
1181 2669 1505 2741 baptismum
1536 2676 1900 2739 regeneratus,
1933 2667 2193 2733 eﬁicitur;

642 2761 734 2831 qui
791 2770 969 2815 tamen
1011 2758 1218 2829 aliquid
1265 2758 1443 2813 fuerat
1483 2766 1772 2828 antequam
1832 2758 1974 2812 illius
2025 2766 2192 2821 esset,

641 2865 771 2908 tunc
827 2853 943 2923 ipse
999 2851 1337 2906 nobilitatnr.
1386 2849 1595 2903 Dicitur
1642 2849 1913 2917 propriam
1944 2847 2196 2903 Hebraici

644 2952 825 3000 textus
856 2941 1307 3016 signiﬁcationem
1337 2956 1457 2995 esse
1482 2941 1675 3008 peperi,
1703 2954 1807 3009 qua
1837 2940 2032 3009 Aquila
2064 2953 2197 2994 usus

643 3046 745 3092 est.
799 3034 1094 3105 Apostolus
1130 3039 1308 3086 autem
1360 3018 1704 3102 legisperitus
1750 3046 1874 3086 cum
1928 3038 2094 3095 esset,
2142 3033 2196 3085 in

643 3126 884 3197 Epistola
914 3123 987 3179 ad
1008 3122 1262 3181 Hebraeos
1296 3123 1645 3195 Septuaginta
1668 3122 2031 3194 lnterpretuln
2074 3139 2195 3178 ver-

646 3222 799 3274 sione
831 3232 964 3273 usus
997 3224 1100 3273 est.
1808 3280 1829 3289 _
2184 3258 2187 3261 .

713 3308 867 3377 Quod
902 3316 1080 3365 autem
1108 3308 1221 3363 haec
1261 3310 1314 3364 in
1345 3306 1627 3373 Salvatore
1654 3315 1842 3364 nostro
1872 3305 2005 3362 Jesn
2036 3305 2197 3361 Chri.

650 3411 755 3466 sto,
790 3410 844 3459 et
869 3416 981 3457 non
1006 3401 1060 3455 in
1090 3400 1219 3468 alio,
1243 3402 1510 3471 completa
1541 3402 1671 3467 sint,
1702 3400 2041 3467 declaratur;
2068 3401 2199 3455 illud

649 3497 792 3551 enim
815 3514 830 3552 :

654 3632 659 3637 .
718 3583 957 3641 V£n3.8.
993 3582 1214 3638 Postulo
1236 3598 1269 3635 α
1289 3598 1388 3644 me,
1428 3590 1476 3634 et
1514 3581 1649 3635 dabo
1676 3581 1768 3634 tibi
1790 3594 1964 3651 gentes
1986 3580 2211 3638 haeredi-

2297 650 2621 720 Ἑκκλησίας
2656 647 2748 702 καὶ
2787 649 2820 719 ή
2849 648 2940 699 ἐπὶ
2960 647 3066 717 γῆς
3098 648 3177 709 είς
3208 645 3381 698 έκεῖνο
3405 643 3589 705 τέλους
3631 642 3726 694 καλ⁵
3754 642 3848 694 αύ-

2287 747 2355 815 τῇ
2389 744 2687 797 σπεύδουσα
2720 742 2819 813 (1).
2851 742 3038 801 Ὅπως
3081 738 3135 790 δὲ
3161 738 3264 792 ὑπὸ
3310 736 3403 790 τοῦ
3432 734 3641 807 Πατρὸς
3667 737 3728 787 ἐν
3782 738 3847 803 τῇ

2283 833 2589 905 ἐπουρανίῳ
2603 833 2739 886 Σιὼν
2764 828 3068 898 κατεστάθη
3089 827 3337 898 βασιλεὺς
3357 830 3385 880 6
3403 826 3629 898 Χριστὸς
3652 824 3847 886 αὐτοῦ,

2286 926 2517 996 πάρεστι
2542 925 2737 995 γνῶναι
2770 924 2862 993 καὶ
2886 921 2993 975 ἀπὸ
3024 918 3117 973 τοῦ
3146 918 3393 987 λέγεσθαι
3422 919 3568 989 αὺτῴ
3586 935 3599 948 ·
3646 918 3848 972 Κάθου

2282 1022 2349 1075 ἐκ
2377 1016 2587 1083 δεξιῶν
2611 1036 2727 1087 μου
2748 1057 2762 1080 ,
2787 1016 2889 1081 ἕως
2924 1013 3001 1067 ἂν
3027 1010 3107 1065 θῶ
3134 1010 3271 1076 τοὺς
3296 1011 3542 1079 ἐχθρούς
3566 1026 3683 1064 σου
3710 1011 3851 1061 into-

2287 1111 2497 1165 πόδιον
2526 1109 2643 1164 τῶν
2676 1108 2872 1164 ποδῶν
2902 1120 3037 1160 σου.
3096 1103 3284 1166 Ποίους
3312 1102 3367 1154 δὲ
3399 1102 3621 1173 ἐχθροὺς
3653 1101 3687 1172 ἦ
3720 1102 3848 1164 τοὺς

2287 1201 2715 1277 προλεχθέντας,
2752 1201 2875 1275 τοὺς
2902 1198 2965 1269 δὴ
3005 1192 3361 1264 συναχθέντας
3410 1193 3528 1245 κατ’
3553 1190 3719 1245 αὐτοῦ
3756 1191 3850 1244 καὶ⁵

2286 1294 2664 1367 παραστάντας
2698 1292 2957 1363 ἄρχοντας
2985 1289 3077 1343 καὶ
3103 1286 3355 1357 βασιλεῖς,
3384 1285 3478 1338 καὶ
3526 1283 3712 1347 λαοὺς,
3759 1283 3852 1334 καὶ

2287 1380 2453 1458 ἔθνη;
2505 1384 2725 1444 τούτους
2773 1382 2881 1453 γὰρ
2929 1380 3214 1447 ύποτάξειν
3264 1380 3377 1442 τοῖς
3424 1375 3585 1430 αὐτοῦ
3632 1375 3793 1428 ποσὶν
3824 1376 3853 1426 6

2288 1479 2474 1550 Πατὴρ
2506 1475 2884 1549 ἐπηγγείλατο.
2970 1536 2975 1540 ὁ

2355 1572 2568 1640 Κύριος
2614 1567 2744 1624 εἶπε
2794 1569 2941 1635 πρὸς
2972 1569 3053 1635 μέ
3080 1584 3091 1593 ·
3147 1565 3271 1629 Υἱός
3305 1580 3422 1633 μου
3460 1558 3518 1615 εἴ
3565 1559 3647 1612 σὺ
3674 1600 3688 1622 ,
3740 1555 3855 1625 ἐγὼ

2288 1663 2549 1734 σήμερον
2576 1655 2902 1733 γεγέννηκά
2927 1671 3017 1709 σε.
3068 1653 3141 1707 Τὸ
3170 1651 3433 1734 σξήμερον
3458 1649 3854 1721 ὄνομαιχρόνου

2290 1732 2436 1809 ἐστίν
2459 1772 2472 1786 ’
2534 1732 2840 1821 ἰσοδυναμεῖ
2869 1749 2923 1803 δὲ
2972 1750 3035 1820 τῇ
3086 1732 3360 1818 ἐνεστὼσῃ
3387 1744 3604 1815 ἡμέρᾳ·
3664 1741 3855 1813 ἡμέρα

3318 1836 3383 1889 Τί
3413 1830 3505 1888 οῦν
3543 1850 3679 1904 φησι
3720 1830 3856 1903 πρὸς

2290 1940 2450 1994 αὑτὸν
2469 1942 2498 1993 ὁ
2526 1938 2726 2010 Κύριος
2746 1955 2760 1966 ο
2808 1932 2947 2004 Ἐγὼ
2977 1932 3240 2001 σήμερον
3272 1924 3596 1999 γεγέννηκὰ
3623 1940 3732 1986 σε;
3765 1924 3857 1992 δη-

2289 2032 2462 2085 λονότι
2516 2030 2643 2101 περὶ
2700 2029 2797 2099 τῆς
2857 2026 3110 2100 χρονικῆς
3162 2023 3260 2094 ἔφη
3303 2021 3573 2091 γενήσεως
3602 2017 3701 2087 τῆς
3737 2015 3857 2068 κατ’

2289 2119 2596 2191 οἰκονομίαν
2613 2137 2631 2165 ’ν
2689 2117 2815 2190 περὶ
2870 2116 2978 2186 γὰρ
3029 2114 3126 2184 τῆς
3156 2113 3387 2182 ἀνάρχου
3422 2107 3583 2179 φησὶν
3636 2106 3802 2169 αὐτὸς
3831 2106 3859 2157 6

2291 2212 2449 2265 Δαυῖδ
2468 2229 2479 2241 ·
2542 2214 2634 2265 Ἐκ
2669 2207 2923 2280 ταᾳτρρς
2953 2204 3064 2273 πρὸ
3094 2203 3400 2270 ἑωσφόρου
3431 2196 3732 2268 ἐγέννησά
3764 2213 3855 2249 σε.

2292 2305 2546 2356 Γεννᾶται
2576 2303 2632 2356 δὲ
2664 2304 2898 2371 σήμερον
2937 2297 3057 2368 οὐχὶ
3112 2294 3283 2367 ἀρχὴν
3319 2292 3625 2353 συστάσεως
3679 2291 3739 2342 ἐν
3784 2289 3858 2360 τῷ

2294 2393 2581 2462 γεννᾶσθαι
2631 2389 2917 2461 λαμϐάνων
2936 2428 2950 2452 ,
2988 2384 3125 2441 κατὰ
3160 2384 3217 2437 δὲ
3241 2383 3338 2454 τὴν
3362 2380 3625 2452 σαρκικὴν
3655 2380 3860 2432 οἰκονο-

2296 2485 2423 2554 μίαν
2454 2484 2532 2545 εἰς
2555 2480 2822 2535 υἱοθεσίαν
2851 2476 3037 2531 ἐλθών.
3072 2474 3182 2529 Καὶ
3200 2477 3230 2528 ὁ
3252 2474 3378 2544 παρ’
3405 2471 3565 2524 αὐτοῦ
3591 2469 3648 2522 δὲ
3679 2467 3859 2521 λαϐὼν

2293 2576 2535 2644 ἐξουσίαν
2560 2573 2745 2626 τέκνον
2771 2570 2904 2625 Θεοῦ
2924 2568 3199 2638 γενέσθαι,
3225 2568 3311 2628 ὅτε
3334 2564 3539 2635 γίνεται
3559 2562 3751 2616 τέγνον
3774 2560 3860 2614 διὰ

2293 2665 2385 2733 τοῦ
2422 2664 2788 2736 βαπτίσματος
2818 2656 3255 2727 ἀναγεννὼμενος
3284 2696 3299 2721 ,
3331 2653 3514 2725 ἕτερόν
3542 2669 3594 2705 τι
3626 2651 3735 2720 πρὸ
3767 2649 3859 2703 τοῦ

2294 2751 2430 2809 εἶναι
2462 2754 2649 2808 τέκνον
2682 2741 2938 2822 ύπάρίων
2965 2789 2979 2811 ,
3020 2744 3427 2815 ἐξευγενίζεται.
3472 2740 3526 2797 Ὀ
3568 2744 3759 2814 μέντοι
3798 2758 3859 2809 γε

2306 2846 2553 2917 Ἐϐραῖος
2587 2844 2799 2912 ἐλέγετο
2832 2841 3018 2912 κύριον
3052 2835 3188 2893 εἶναι
3225 2838 3321 2907 τῆς
3350 2836 3547 2901 λέξεως
3575 2877 3589 2900 ,
3627 2833 3858 2894 ἔτεκον,

2295 2939 2429 3008 ὅπερ
2449 2937 2541 2990 καὶ
2574 2934 2805 2997 Ἀκύλας
2827 2930 3136 3002 πεποίηκεν.
3179 2926 3236 2980 Ὀ
3259 2927 3316 2979 δὲ
3348 2926 3687 2989 Ἀπὸστολος,
3714 2940 3864 2991 νομο-

2300 3028 2475 3100 μαθὴς
2504 3027 2762 3098 ὑπάρχων
2782 3065 2796 3088 ,
2822 3024 2878 3077 ὲν
2901 3026 2967 3093 τῇ
2990 3022 3123 3094 πρὸς
3158 3018 3436 3090 Ἐϐραίους
3456 3020 3521 3089 τῇ
3543 3019 3649 3071 τῶν
3685 3012 3861 3071 Ἑϐδο-

2303 3120 2540 3191 μὴκοντα
2570 3116 2853 3186 ἐχρήσατο.
3552 3104 3555 3107 ’

2367 3298 2475 3351 Καὶ
2507 3297 2588 3349 ὅτι
2620 3300 2680 3362 γε
2729 3295 2807 3356 εἰς
2838 3291 2929 3344 τὸν
2963 3288 3225 3361 ἡμέτερον
3258 3280 3493 3355 Σωτῆρα
3522 3281 3733 3354 Ἰησοῦν
3779 3279 3864 3333 τὸν

2300 3389 2565 3461 Χριστὸν,
2616 3387 2711 3441 καὶ
2762 3383 2862 3437 οὐκ
2890 3384 2969 3445 εἰς
3029 3380 3221 3444 ἄλλον,
3278 3376 3629 3448 πεπλήρωται
3672 3372 3863 3435 ταῦτα,

2302 3479 2624 3552 παρίστησν
2657 3475 2716 3529 τὸ
2748 3473 2856 3544 γάρ
2876 3488 2890 3501 ⁸

2369 3573 2616 3639 Αἵτησαι
2637 3567 2767 3637 παρ’
2789 3561 2953 3633 ἐμοῦ,
2976 3560 3074 3617 καὶ
3092 3558 3261 3615 δώσω
3290 3574 3386 3612 σοι
3411 3557 3553 3625 ἔθνη
3584 3554 3703 3621 τὴν
3734 3556 3867 3616 κλη-

646 3684 812 3730 tatem
851 3684 1018 3739 tuam,
1043 3683 1094 3728 et
1134 3674 1513 3744 possessionem
1553 3682 1697 3725 tuam
1744 3675 1989 3728 terminos
2031 3684 2198 3741 terra',

2306 3666 2581 3734 ρονομίαν
2600 3676 2734 3725 σου,
2759 3659 2853 3712 καὶ
2880 3655 2991 3723 τὴν
3009 3648 3380 3718 κατάσχεσίν
3405 3663 3519 3700 σου
3548 3644 3621 3697 τὰ
3648 3643 3867 3711 πέρατα

652 3782 814 3823 nemo
834 3767 1033 3822 dixerit
1062 3766 1118 3820 in
1147 3766 1255 3821 alio
1284 3764 1538 3837 quopiam
1585 3773 1830 3818 veterum
1851 3762 1944 3818 Dei
1973 3765 2206 3835 prophe-

596 3878 598 3882 λ
652 3869 831 3914 tarum
856 3859 1031 3913 visum
1054 3872 1117 3911 ac
1131 3858 1454 3930 completum
1474 3871 1615 3912 esse.
1646 3853 1779 3909 Nam
1802 3870 1972 3924 neque
1993 3855 2203 3927 Moyses

654 3948 908 4005 omnibus
945 3947 1195 4017 gentibus
1224 3950 1526 4018 imperavit,
1572 3962 1749 4018 neque
1799 3945 1987 4009 David,
2034 3962 2209 4015 neque

658 4038 937 4102 Salomon,
970 4053 1143 4107 neque
1170 4039 1309 4093 alius
1330 4039 1597 4107 quispiam
1624 4054 1813 4093 eorum
1836 4037 1929 4108 qui
1958 4051 1989 4090 a
2011 4038 2209 4091 smeulo

657 4128 809 4185 fuere
833 4130 1217 4201 prepbetarum
1251 4136 1345 4182 aut
1377 4144 1602 4198 regum:
1648 4130 1750 4185 soli
1796 4136 1979 4199 autem
2026 4127 2210 4183 Salva—

657 4220 762 4274 tori
801 4227 990 4275 nostro
1037 4220 1150 4273 haec
1179 4222 1485 4288 competere
1521 4218 1606 4272 vel
1633 4219 1748 4286 ipsa
1777 4234 1960 4273 rerum
1993 4218 2204 4289 perspi-

655 4309 828 4365 cuitas
848 4308 1198 4363 testiﬁcatur:
1226 4306 1663 4378 quandoquidem
1686 4307 1741 4361 in
1772 4322 1985 4363 onmem
2012 4320 2211 4365 terram

658 4400 822 4457 exivit
842 4408 1011 4455 sonus
1032 4388 1411 4469 apostolorum
1435 4400 1576 4468 ejus,
1603 4405 1657 4453 et
1690 4399 1744 4451 in
1776 4397 1912 4455 ﬁnes
1936 4401 2084 4454 orbis
2114 4408 2213 4456 ter-

665 4505 733 4544 rae
768 4489 931 4545 verba
959 4504 1144 4544 eorum
1176 4491 1543 4565 pervasere”.
1768 4490 1769 4493 “
1939 4558 1947 4567 κ

728 4581 894 4637 Vens.
933 4581 987 4636 9.
1020 4581 1213 4637 Pasces
1240 4599 1324 4635 eos
1352 4583 1406 4635 in
1427 4584 1570 4652 virga
1593 4583 1786 4652 ferrea,
1814 4594 2061 4654 tanquam
2083 4601 2211 4638 vasa

660 4672 811 4744 ﬁguli
860 4666 1153 4743 confringe:
1195 4691 1302 4728 eos.
1333 4672 1563 4743 Accepta
1609 4676 1661 4729 in
1702 4692 1892 4737 omnes
1925 4684 2211 4747 potestate,

661 4765 872 4838 priores
898 4764 1021 4818 illos
1046 4765 1138 4834 qui
1169 4766 1454 4821 adversum
1506 4773 1559 4819 te
1594 4765 1942 4823 fremuerunt
1984 4776 2038 4822 et
2078 4783 2213 4821 vana

662 4854 904 4910 meditati
930 4863 1077 4918 sunt,
1110 4856 1203 4910 sed
1240 4857 1404 4911 etiam
1434 4855 1525 4925 qui
1568 4857 1877 4923 astiterunt,
1905 4870 1959 4913 et
2010 4854 2210 4913 Conve-

666 4953 862 5002 nerunt
880 4946 1168 5009 adversum
1191 4955 1243 5003 te
1261 4962 1416 5019 reges
1438 4956 1595 5003 terra:
1615 4955 1667 5001 et
1684 4948 1973 5019 principes,
1997 4966 2212 5020 pasces,

668 5049 773 5091 non
799 5038 1057 5106 pastorali
1098 5046 1503 5097 mansuetarum
1548 5039 1729 5095 ovium
1758 5041 1927 5111 virga,
1956 5059 2075 5114 quae
2104 5058 2217 5098 ser-

692 5129 921 5184 nonibus
953 5130 1393 5199 salutaribusque
1429 5132 1732 5205 disciplinis
1758 5143 1971 5189 constat
1998 5153 2011 5202 ;
2038 5137 2219 5203 hujus—

668 5220 813 5273 modi
842 5236 1077 5292 namque
1107 5220 1256 5292 virga
1287 5218 1597 5281 rationabili
1628 5226 1835 5281 Christi
1864 5241 1991 5283 oves
2019 5230 2073 5281 in
2096 5229 2217 5297 ejus

670 5316 923 5379 ovilibus,
954 5317 1070 5373 sive
1096 5316 1149 5369 in
1172 5314 1432 5372 Ecclesiis
1460 5327 1513 5374 et
1533 5319 1911 5392 Spiritualibus
1940 5335 2220 5375 sacrarum

674 5403 1077 5475 Scripturarum
1101 5406 1344 5476 pascuis,
1388 5422 1680 5480 reguntur;
1722 5410 1896 5479 sed'in
1918 5411 2068 5482 virga
2110 5410 2221 5464 l‘er-

672 5513 797 5565 rea;
830 5513 935 5568 qua
958 5505 1012 5553 et
1040 5499 1159 5555 illos
1187 5508 1239 5554 et
1259 5499 1612 5579 cogitationes
1639 5502 1828 5558 eorum
1853 5502 2217 5574 confringere,

746 5627 1001 5685 ".Galat.
1035 5644 1119 5698 tv,
1149 5629 1239 5685 26.
1316 5633 1357 5663 ⁸⁸
1399 5631 1683 5696 Psal.crx,
1723 5634 1770 5699 I,
1809 5632 1863 5687 ‘2.
1941 5634 1983 5666 ¹⁹

2080 5636 2207 5692 ibid.
2238 5656 2241 5659 '
2274 5639 2327 5695 4.

2303 3756 2409 3824 τῆς
2438 3733 2588 3827 γῆς,
2640 3752 2813 3813 οὐδεὶς
2866 3749 2930 3801 ἂν
2977 3746 3086 3815 ἔχοι
3129 3742 3292 3813 φάναι
3363 3737 3445 3805 ἐφ’
3506 3736 3695 3809 ἑτέρου
3765 3733 3868 3786 τῶν

2306 3850 2473 3905 πάλαι
2497 3846 2591 3900 τοῦ
2619 3842 2752 3897 Θεοῦ
2783 3837 3070 3912 προφητῶν
3106 3828 3520 3903 πεφανερῶσθαι
3545 3828 3640 3881 καὶ
3667 3827 3868 3895 πεπλη-

2308 3938 2529 4012 ρῶσθαι.
2562 3920 2699 3989 Ούτε
2726 3933 2832 4003 γάρ
2852 3930 3091 3999 Μωῦσῆς
3115 3925 3221 3979 τῶν
3238 3921 3413 3976 ἐθνῶν·
3431 3922 3683 3974 ἁπάντων
3706 3918 3867 3987 ἐκρά-

2306 4010 2468 4102 τησεν
2488 4068 2504 4091 ,
2547 4026 2669 4081 οὔτε
2719 4023 2877 4079 Δαυῖδ
2901 4063 2915 4085 ,
2957 4020 3080 4073 οὔτε
3107 4012 3354 4084 Σολομὼν
3374 4054 3387 4075 ,
3418 4011 3539 4065 οὔτε
3569 4027 3656 4073 τις
3689 4010 3873 4077 ἕτερος

2309 4118 2598 4193 προφητῶν
2642 4117 2674 4189 ἢ
2722 4114 2979 4186 βασιλέων
3022 4109 3127 4163 τῶν
3188 4105 3265 4169 ἐξ,
3295 4104 3485 4167 αἰῶνος
3528 4100 3865 4171 γενομένων·

2314 4213 2457 4286 μόνῳ
2475 4212 2531 4265 δὲ
2552 4210 2628 4281 τῷ
2655 4207 2903 4281 ἡμετέρῳ
2931 4201 3193 4272 Σωτῆριή
3220 4199 3325 4253 τῶν
3354 4194 3691 4268 πραγμάτων
3721 4185 3870 4259 ἐνάρ-

2310 4321 2432 4375 γεια
2480 4303 2769 4374 μαρτυρεῖ·
2803 4295 3093 4365 ἐπειδήπερ
3143 4294 3221 4355 είς
3255 4291 3433 4357 πᾶσαν
3464 4289 3560 4358 τὴν
3590 4286 3700 4355 γῆν
3727 4280 3871 4349 ἐξῆλ-

2314 4397 2403 4451 θεν
2454 4398 2482 4449 6
2532 4372 2762 4463 φθόγγος
2803 4387 2907 4441 τῶν
2955 4385 3261 4438 ἀποστόλων
3311 4380 3509 4441 αὑτοῦ,
3554 4378 3652 4431 καὶ
3702 4378 3780 4438 εἰς
3810 4372 3871 4425 τὰ

2246 4515 2289 4568 D
2320 4489 2526 4557 πέρατα
2553 4486 2649 4556 τῆς
2671 4478 2989 4550 οἰκουμένης
3017 4477 3085 4530 τά
3119 4478 3332 4548 ῥήματα
3364 4470 3541 4539 αὐτῶν
3574 4466 3803 4538 διῆλθεν.

2389 4577 2697 4649 Ποιμα-νεῖς
2725 4571 2943 4636 αὐτοὺς
2973 4570 3041 4622 ἐν
3061 4563 3257 4630 ῥάϐδῳ
3288 4560 3502 4630 σιδηρᾷ
3528 4602 3542 4624 ,
3578 4562 3662 4624 ὠς
3688 4557 3868 4649 σκεύη

2323 4647 2611 4741 κεραμέως
2664 4664 3013 4731 συντρίψειε-
3061 4659 3299 4723 αὺτούς.
3375 4652 3566 4707 Λαϐὼν
3604 4652 3702 4722 τὴν
3739 4647 3872 4703 κατὰ

2323 4765 2535 4817 πάντων
2587 4756 2868 4825 ἐξουσίαν,
2927 4754 3051 4815 τοὺς
3099 4747 3391 4821 προτέρους
3452 4743 3693 4806 ἐκείνους
3758 4740 3873 4800 τοὺς

2322 4858 2461 4911 κατὰ
2502 4853 2594 4907 σοῦ
2628 4847 2966 4919 φρυάξαντας
2997 4843 3089 4897 καὶ
3121 4838 3251 4893 κενὰ
3285 4838 3683 4908 μελετήσαντας
3703 4875 3717 4899 ,
3749 4833 3872 4887 ἀλλὰ

2322 4951 2415 5004 καὶ
2444 4950 2586 5009 ,τοὺς
2617 4943 2993 5012 παραστάντας
3038 4933 3133 4987 κού⁴
3187 4929 3542 4999 συναχθέντας
3594 4926 3736 4979 κατὰ
3786 4924 3872 4976 σού

2324 5043 2560 5112 βασιλεῖς
2584 5055 2647 5091 τε
2679 5038 2781 5105 γῆς
2821 5036 2913 5088 καὶ
2953 5033 3214 5101 ἄρχοντας
3243 5023 3545 5092 ποιμανεῖς.
3596 5019 3655 5072 οὐ
3684 5022 3745 5088 τῇ
3773 5016 3872 5069 τῶν

2324 5109 2542 5205 ἧμέρων
2570 5129 2853 5200 προϐάτων
2881 5119 3207 5192 ποιμαντικῇ
3244 5113 3419 5185 ῥάϐδῳ
3438 5152 3452 5173 ,
3496 5113 3561 5182 τῇ
3596 5110 3684 5163 διὰ
3714 5109 3872 5205 λόγων

2324 5198 2416 5277 δίαὶ
2436 5198 2715 5289 σωτηρίων
2746 5213 3077 5287 μαθημάτων
3095 5227 3109 5241 ·
3131 5205 3348 5276 τοιαύτῃ
3370 5204 3474 5274 γὰρ
3496 5203 3688 5273 λογικῇ
3710 5198 3875 5289 ῥάϐδῳ

2326 5315 2393 5366 τὰ
2428 5311 2662 5383 Χριστοῦ
2720 5296 2963 5377 πρόϐατα
3000 5304 3056 5355 ὲν
3092 5303 3211 5363 ταῖς
3254 5297 3511 5368 μάνδραις
3548 5290 3713 5346 αὑτοῦ
3742 5331 3756 5353 ,
3823 5287 3873 5337 ὲν

2324 5407 2444 5466 ταῖς
2485 5398 2824 5470 Ἐκκλησὶαις
2856 5394 2947 5451 καὶ
2988 5394 3102 5455 ταῖς
3132 5390 3238 5443 τῶν
3274 5386 3429 5457 ἱερῶν
3454 5380 3683 5453 Γραφῶν
3729 5394 3873 5429 πνευ-

2330 5495 2584 5565 ματικαῖς
2612 5468 2801 5559 νομαῖς
2826 5485 3165 5556 ποιμαίνεται
3189 5500 3200 5511 ·
3238 5479 3349 5535 ἀλλ’
3381 5480 3438 5530 ὲν
3467 5472 3645 5545 ῥάϐδῳ
3672 5468 3871 5540 σιδηρᾷ,

2466 5628 2508 5660 ³³
2547 5624 2691 5682 Psal.
2724 5637 2854 5676 xvm
2877 5661 2890 5685 ,
2927 5620 2977 5675 5.

744 5783 822 5857 (l)
848 5780 1033 5854 Λύτῇ.
1080 5798 1186 5841 an.
1219 5785 1523 5859 Legendum
1550 5790 1706 5861 αὐτή,
1736 5802 1927 5858 nempe
1954 5788 1985 5859 ὴ
2013 5787 2101 5841 ἐπὶ
2129 5787 2198 5856 γῆ

2306 5781 2590 5854 Εκκλησία.
2626 5779 2780 5837 Eon.
