3956 6340
89 381 141 435 ss
903 442 906 450 ε
1120 384 1621 462 counenrinu
1662 385 1726 441 IN
1763 386 2104 450 PSALMOS.
3053 464 3061 476 ,
3175 408 3248 463 90

89 497 142 548 δι’
163 492 220 567 ἧς
245 495 539 566 συντρίψειν
571 499 782 564 αὐτοὺς,
816 501 908 556 καὶ
933 503 994 556 τὸ
1015 505 1182 576 οἴημα
1205 508 1383 562 αὐτῶν
1412 510 1602 563 κατεά-

1710 521 1762 566 et
1795 521 2052 585 tan‘quam
2111 531 2207 572 vas
2237 516 2384 589 figuli
2409 527 2690 576 conterere
2727 520 2842 589 ipse
2882 521 3100 578 dicitur.
3143 521 3265 576 Vir-

90 591 179 654 ξειν
194 588 344 660 δίκην
386 591 605 658 ἀγγείου
651 592 968 664 ὀστρακίνου
1000 597 1231 665 λέγεται.
1305 599 1523 654 Ῥάϐδον
1551 600 1607 654 δὲ

92 679 279 748 σιδηρᾶν
312 679 408 752 τὴν
452 681 736 753 Ῥωμαίων
764 686 935 757 ἀρχὴν
961 684 1098 742 εἶναί
1135 705 1296 761 φησιν
1319 732 1332 754 ,
1380 692 1606 762 ἐπικρα-

89 768 309 838 τεστέραν
328 773 619 844 γενομένην
657 776 790 844 μετά
810 777 908 846 τὴν
932 777 1022 829 τοῦ
1046 778 1291 850 Σωτῆρος
1315 781 1467 852 ἡμῶν
1492 783 1608 836 ἐπι-

91 862 295 926 φάνειαν.
359 861 442 927 Ἐξ
466 864 674 917 ἐκείνου
705 867 817 934 γὰρ
845 867 952 920 τῶν
977 870 1094 921 κατ’
1118 868 1241 941 ἔθνη
1268 871 1608 943 πλυαρχιῶν

89 951 164 1003 καὶ
207 950 304 1004 τῶν
350 953 488 1006 κατά
525 953 707 1027 χώρας
744 957 1040 1028 ὲθναρχιῶν
1079 960 1479 1016 καταλυθεισῶν
1503 1004 1518 1028 ,

96 1041 342 1111 Ῥωμαίων
367 1045 701 1118 ὲμονάρχησε
734 1046 996 1116 βασιλεία,
1025 1050 1088 1119 ἢν
1128 1052 1220 1104 καὶ
1243 1053 1274 1123 ἡ
1296 1053 1385 1106 τοῦ
1412 1055 1626 1126 Δανιὴλῖ

86 1134 348 1206 προφητεία
384 1135 608 1208 σιδηρᾶν
641 1140 934 1210 προσεῖπεν
965 1180 980 1205 ,
1014 1142 1106 1193 ἐπὶ
1147 1142 1244 1211 μὲν
1274 1143 1371 1213 τῆς
1404 1145 1609 1208 εἰκόνος

87 1228 296 1297 φήσασαο
317 1227 372 1279 αί
403 1227 616 1298 κνῆμαι
638 1230 728 1282 καὶ
754 1231 800 1282 οἱ
833 1231 988 1295 πόδες
1017 1233 1256 1304 σιδηροῖ,
1289 1237 1380 1288 καὶ
1408 1238 1506 1307 τὴν
1526 1239 1609 1309 ὲρ-

86 1319 273 1388 μηνείαν
311 1320 573 1391 ἐπιθεμένη
598 1321 685 1373 διὰ
709 1321 801 1373 τοῦ
826 1324 988 1388 φάναι
1011 1341 1022 1353 ·
1049 1327 1333 1380 Βασιλεία
1358 1327 1604 1396 τετάρτη

83 1414 218 1466 ἔσται
231 1413 439 1481 ισχυρὰ
450 1414 530 1478 ὡς
542 1417 573 1466 ό
582 1412 842 1481 σίδηρος·
863 1415 932 1466 ὃν
945 1419 1162 1483 τρόπον
1177 1418 1281 1485 γὰρ
1295 1421 1327 1471 ό
1342 1417 1604 1486 σίδηρος,

79 1505 320 1560 ,ιεπτυνεῖ
337 1505 432 1558 καί
457 1503 736 1574 ὃαμάσει·
773 1507 864 1569 ἐπὶ
883 1505 940 1559 δὲ
964 1505 1063 1575 τῆς
1085 1506 1323 1576 ὁράσεως
1356 1507 1446 1560 τοῦ
1475 1525 1607 1578 προ-

79 1599 246 1666 φήτου’
277 1595 383 1650 Καὶ
415 1593 546 1648 ιδοὺ
565 1635 578 1657 .
615 1595 809 1665 φησὶν,
858 1595 999 1657 ζῶον
1028 1596 1307 1665 τέταρτον
1333 1599 1602 1666 φοϐερὸν,

79 1686 155 1739 καὶ
183 1688 228 1739 al
255 1683 496 1751 ὀδόντες
519 1685 702 1740 αὐτοῦ
729 1686 987 1755 σιδηροῖ,
1021 1689 1227 1742 ἐσθίον
1257 1691 1354 1744 καὶ
1391 1693 1607 1746 λεπτύ-

79 1795 190 1841 rer,
207 1777 298 1829 καὶ
312 1777 383 1830 τὰ
403 1778 687 1832 ἐπίλοιπα
709 1779 831 1845 τοῖς
852 1780 1034 1833 ποσὶν
1053 1782 1237 1836 αὐτοῦ
1258 1766 1600 1838 amr-excitet.

1709 617 1832 670 gain
1879 615 2060 660 autem
2110 604 2340 662 ferream
2383 605 2689 663 Romanum
2747 608 3030 679 imperiunm
3085 620 3260 674 vocat,

1707 695 1852 762 quod
1874 697 2175 751 secundum
2205 696 2510 754 Salvatoris
2538 701 2711 756 nostri
2742 699 3036 754 adventum
3068 711 3262 771 poten-

1709 787 1816 841 tius
1845 789 2036 843 evasit.
2084 787 2218 844 Nam
2266 808 2387 847 cum
2418 793 2611 862 exinde
2654 792 2810 847 multi
2847 793 3090 864 variique
3134 811 3263 862 gen-

1708 877 1844 932 tium
1873 880 2232 950 principatus,
2255 892 2307 938 et
2329 893 2425 954 per
2453 885 2697 940 diversas
2726 884 2971 954 regiones
3012 885 3259 940 domina-

1707 975 1794 1023 tus
1821 969 2112 1024 multorum
2144 971 2385 1042 abrogati
2420 974 2549 1036 sint,
2569 971 3124 1028 unum'Romanorum
3158 975 3260 1027 iiii-

1709 1060 1913 1129 perium
1945 1061 2198 1123 obtinuit,
2221 1063 2362 1133 quod
2387 1065 2438 1118 in
2460 1064 2693 1120 Danielis
2720 1066 2999 1135 prophetia
3027 1065 3254 1120 ferreum

1706 1161 1960 1208 vocatur:
1988 1168 2113 1208 nam
2163 1155 2234 1209 ibi
2272 1156 2338 1209 de
2369 1163 2546 1210 statua
2579 1157 2798 1219 dicitur,
2831 1157 2976 1211 tibia:
3003 1167 3055 1210 et
3095 1157 3256 1227 pedes

1706 1244 1823 1313 ejus
1857 1244 2047 1301 ferrei:
2079 1245 2304 1316 ejusque
2338 1247 2414 1302 rei
2451 1247 2944 1316 interpretationem
2988 1248 3142 1302 affert
3173 1249 3256 1304 bis

1706 1336 1918 1392 verbis:
1967 1329 2208 1406 Regnum.
2234 1349 2479 1408 quartum
2510 1341 2780 1394 robustum
2839 1341 2935 1394 erit
2961 1341 3095 1394 sicut
3144 1341 3252 1408 {er-

1706 1443 1855 1482 rum:
1889 1429 2321 1497 quemadmodum
2341 1434 2479 1484 enim
2505 1432 2721 1500 ferrum,
2750 1433 3063 1485 comminuet
3089 1440 3137 1485 et
3161 1431 3257 1485 do-

1705 1516 1931 1570 mabit“
1973 1515 2251 1588 Perpende
2279 1520 2428 1582 mihi,
2446 1536 2647 1588 quaeso.
2667 1520 2940 1590 propheta:
2956 1521 3212 1574 visionem
3237 1539 3250 1575 :

1681 1603 1774 1683 _Et
1802 1621 1935 1668 ecce,
1971 1607 2162 1675 inquit,
2190 1607 2354 1661 bestia
2376 1619 2565 1678 quarta
2601 1609 2873 1674 terribilis,
2899 1611 3049 1679 cujus
3078 1603 3252 1664 dentes

1704 1698 1882 1767 ferrei,
1907 1699 2176 1753 comedens
2219 1710 2372 1770 atque
2397 1703 2774 1766 comminuens,
2799 1711 2848 1756 et
2876 1704 3077 1772 reliqua
3108 1701 3253 1770 pedi-

1667 1833 1671 1838 .
1707 1787 1799 1842 bus
1841 1791 1950 1844 suis
1999 1790 2423 1846 conculcabat“.
2475 1791 2586 1846 lloc
2620 1791 2802 1862 itaque
2834 1808 3057 1862 regnum
3104 1794 3254 1848 hisce

79 1868 258 1936 ταύτην
288 1869 462 1922 τοίνυν
493 1871 586 1922 καὶ⁸
605 1869 706 1923 ἐπὶ
731 1869 824 1922 τοῦ
865 1860 1126 1944 παρόντος
1176 1873 1463 1943 δηλοῦσθαι
1490 1876 1592 1943 φά-

1702 1881 1880 1936 verbis
1902 1880 2191 1953 significari
2234 1883 2504 1939 creditur:
2536 1883 2730 1939 Pasces
2757 1901 2843 1939 eos
2873 1886 2926 1939 in
2956 1886 3100 1955 virga
3141 1885 3250 1955 fer-

79 1976 262 2023 σκοντος
279 1958 433 2029 λόγου
453 1978 467 1992 ·
486 1961 794 2030 Ποίων-εἴς
810 1961 1026 2028 αὐτοὺς
1055 1963 1122 2016 ἐν
1136 1963 1333 2032 ῥάϐδῳ
1364 1963 1598 2034 σιδηρᾷ.

77 2053 141 2117 ὡς
159 2053 330 2121 σκεύη
357 2053 655 2122 κεραμέως
691 2055 1040 2122 συντρίψας
1071 2056 1308 2122 αὐτούς.
1366 2057 1602 2129 Δυνάμει

78 2143 164 2211 γὰρ
191 2144 374 2212 ἀφανεῖ
399 2147 495 2198 καὶ
519 2144 734 2215 ἀοράτῳ
760 2129 908 2216 παρά
932 2143 1022 2198 τοῦ
1045 2145 1253 2218 Πατρδς
1276 2147 1474 2218 κλῆρον
1497 2136 1602 2203 πα-

79 2234 292 2305 ριιλαδὼν
349 2235 417 2289 τά
448 2235 570 2290 καθ’
605 2237 730 2305 ὅλης
778 2236 874 2307 τῆς
909 2237 1226 2312 οἰκουμένης
1257 2238 1381 2310 ἔθνη
1414 2243 1441 2293 ὁ
1471 2242 1603 2312 Χρι-

79 2330 213 2392 στὸς,
275 2329 398 2392 τοὺς
435 2329 532 2400 μὲν
571 2327 944 2396 ἀπεγνωκότας
984 2309 1144 2383 aera;
1170 2369 1185 2393 ,
1241 2333 1334 2385 καὶ
1367 2309 1470 2384 ὕπὸ
1503 2309 1600 2404 τὴν

76 2418 211 2472 εὐτοῦ
237 2419 469 2492 μάνδραν
510 2419 832 2490 γενομένους
859 2423 1108 2490 ποιμανεῖ
1146 2423 1377 2490 εἰσάγων
1407 2425 1498 2477 καὶ
1518 2424 1602 2491 ἐξ·

77 2512 194 2577 ἀγων
208 2514 279 2574 είς
291 2501 497 2578 ἀγαθὰς
510 2510 696 2582 νομὰς,
713 2511 852 2564 ὥστε
881 2511 1054 2580 λέγειν
1074 2513 1169 2584 τὴν
1184 2514 1344 2568 αὑτοῦ
1373 2516 1602 2586 ποίμνην

77 2603 252 2673 (λογικὴ
279 2606 384 2675 γὰρ
407 2601 518 2676 ἧν)’
546 2608 1058 2680 Κύριοςποιμαίνει
1082 2630 1178 2680 με,
1205 2613 1304 2666 καί
1328 2614 1504 2668 οὐδέν
1525 2631 1602 2683 με

75 2696 377 2763 ὑπερήσει.
439 2701 540 2763 Εἰς
573 2700 755 2752 τόπον
774 2702 961 2768 χλόης
985 2702 1108 2757 ἐκεῖ
1124 2720 1200 2770 με
1229 2704 1601 2770 κατεσκήνω-

77 2803 194 2839 σεν·
232 2787 326 2841 ἐπὶ
356 2788 571 2854 ὓδατος
601 2791 992 2852 ἀναπαύσεως
1018 2793 1300 2862 ἐξέθρεψέ
1347 2811 1454 2865 με,
1488 2795 1600 2864 τὴν

79 2880 256 2948 ψυχήν
301 2898 419 2949 μου
467 2881 829 2952 ἐπέστρεψε·
866 2886 990 2949 τοὺς
1021 2885 1078 2936 δὲ
1107 2886 1443 2955 ἀφηνιῶντας
1494 2887 1601 2940 τῶν

76 2972 216 3024 ἐθνῶν
245 2973 334 3026 καὶ
363 2975 855 3047 κατεπαιρομένους
885 2975 990 3030 τῶν
1022 2976 1183 3030 αὑτοῦ
1217 2978 1498 3049 προϐάτων
1531 2981 1597 3049 τῇ

80 3060 227 3135 ῥάϐδῳ
259 3069 322 3136 τῇ
375 3067 566 3140 σιδηρᾷ
613 3068 1005 3124 καθυποτάττει
1048 3069 1298 3139 δαμάζων
1348 3070 1439 3124 καὶ
1478 3088 1600 3124 συν-

78 3157 244 3224 τρίϐων
270 3158 356 3212 διὰ
404 3161 502 3230 τῆς
542 3162 850 3232 Ῥωμαῖκῆς
877 3161 1208 3224 δυναστείας.
1291 3161 1444 3216 Οὕτω
1472 3163 1600 3232 γοῦν

79 3249 326 3316 ιδυμεαίνει
349 3252 456 3305 τῶν
489 3253 774 3324 ἀπλήστων
803 3253 967 3305 ἐθνῶν
993 3254 1118 3317 τοὺς
1145 3253 1347 3325 θυμοὺς
1375 3255 1466 3309 καὶ
1503 3256 1600 3320 τὰς

79 3337 220 3406 ὁρμὰς
268 3341 364 3405 τὰς
401 3343 551 3403 ¹κατά
603 3343 701 3413 τῆς
744 3342 1065 3411 Ἐκκλησίας
1113 3345 1204 3397 τοῦ
1232 3345 1366 3398 Θεοῦ
1389 3345 1474 3398 διὰ
1499 3349 1595 3418 τῆς

88 3428 364 3498 Ῥωμαῖκῆς
394 3432 620 3501 ἀπειλῆς
669 3430 1096 3501 ἀνακρούεσθαι,
1154 3435 1250 3487 οὐκ
1284 3435 1349 3488 ἂν
1379 3438 1594 3507 ἐπιτρε-

82 3517 258 3584 ᾢάντων
290 3521 394 3573 τῶν
427 3523 567 3575 κατά
596 3522 776 3585 πόλεις
799 3523 1073 3594 ἀρχόντων
1094 3540 1151 3576 τε
1183 3525 1274 3577 καὶ
1305 3525 1508 3596 δήμων,
1539 3529 1597 3580 ὲν

85 3610 234 3678 μέσοις
274 3613 448 3667 αὐτῶν
497 3615 753 3684 συστῆναι
794 3614 888 3668 τοῦ
941 3615 1176 3686 Χριστοῦ
1231 3615 1594 3678 διδασκαλίαν,

82 3702 439 3778 ἀνατρεπτικὴν
457 3707 566 3778 ’τῆς
591 3707 845 3760 πολυθέου
879 3708 1085 3779 πλάνης
1107 3707 1282 3761 αὐτῶν
1306 3707 1596 3777 τυγχάνου-

85 3809 176 3857 σαν,
201 3798 245 3849 εί
273 3803 343 3869 μὴ
381 3801 405 3851 δ
449 3796 753 3869 Ῥωμαϊκὸς
777 3800 954 3862 αὐτοῖς
986 3794 1052 3868 ἦν
1097 3797 1466 3868 ἐπηρτημένος
1508 3797 1600 3864 φό-

87 3887 172 3949 δος,
193 3889 279 3940 καὶ
302 3891 366 3941 τὰ
397 3890 744 3960 συντρίϐοντα
772 3892 967 3953 αὐτοὺς
994 3889 1084 3943 καὶ
1117 3891 1190 3962 μὴ
1225 3890 1396 3943 ἐῶντα
1431 3905 1599 3956 κεφα-

86 3976 160 4045 λὴν
183 3978 372 4048 ἐπᾶραι
399 3979 746 4049 διατάγματα
766 3983 890 4044 τοὺς
922 3981 1121 4050 θυμοὺς
1152 3979 1326 4034 αὐτῶν
1352 3980 1596 4050 ἐχαλίνου

87 4068 157 4118 καὶ
178 4051 462 4139 συνέτριϐέ.
491 4071 598 4122 Καὶ
619 4065 760 4141 ἀλλῇ
783 4071 839 4123 δὲ
865 4070 1015 4141 θεῖκῇ
1053 4072 1146 4123 καὶ
1187 4071 1478 4143 ἀπορρήτῳ
1508 4071 1598 4123 δυ-

87 4157 210 4226 νάμει
239 4160 266 4210 ὁ
288 4159 516 4229 Χριστὸς
548 4158 614 4212 τὰ
639 4160 736 4229 μὲν
769 4160 931 4213 αὑτοῢ
960 4159 1202 4228 πρόϐατα
1233 4161 1448 4231 ἡμέρως
1483 4179 1599 4214 ποι-

88 4247 252 4315 μαίνει,
287 4249 547 4320 μηδέποτε
580 4251 872 4322 ἀναχωρῶν
905 4252 996 4304 ἀπ’
1029 4251 1224 4312 αὐτῶν,
1260 4251 1377 4304 καθ’
1405 4254 1470 4323 ἣν
1500 4271 1600 4306 πε-
1634 4281 1640 4287 ·

92 4339 268 4409 ποξηται
304 4340 629 4409 ἐπαγγελίαν
680 4345 884 4412 φήσαςο
929 4345 1110 4396 Ὅπου
1163 4341 1238 4394 ἂν
1276 4339 1397 4396 εἷεν
1421 4343 1528 4397 δύο
1559 4344 1597 4412 ἣ

93 4428 211 4495 τρεῖς
232 4430 585 4500 curm-pavo:
609 4431 678 4483 ἐν
701 4432 782 4496 τῷ
807 4433 1048 4502 ὀνόματί
1072 4450 1211 4500 μου,
1249 4432 1376 4485 ἐκεῖ
1392 4436 1504 4502 ειμι
1531 4435 1601 4488 ἐν

94 4519 217 4588 μέσῳ
241 4522 430 4577 αὐτῶν
449 4539 464 4553 ο
489 4521 584 4577 καὶ
612 4523 769 4575 πάλιν
791 4540 802 4550 ·
843 4523 984 4576 Ἰδοὺ
1014 4523 1126 4593 ἐγὼ
1141 4526 1267 4592 μεθ’
1297 4522 1460 4591 ὑμῶν
1484 4527 1600 4594 εἰμι

1709 1988 1816 2037 rea,
1845 1983 2090 2043 tanquam
2130 1991 2251 2027 vasa
2282 1977 2430 2044 ﬁguli
2471 1977 2763 2048 confringe:
2791 1994 2901 2032 eos.
2940 1977 3073 2032 Cum
3106 1979 3250 2032 enim

1702 2064 1902 2119 latente
1951 2072 2112 2134 atque
2155 2067 2410 2120 invisibili
2438 2077 2703 2137 potestate
2731 2068 2982 2125 Christus
3015 2085 3045 2122 a
3094 2067 3254 2125 Patre

1700 2153 1964 2210 universa:
1985 2162 2140 2210 terrae
2172 2155 2396 2225 populos
2419 2157 2481 2209 in
2511 2158 2876 2214 haereditatem
2914 2159 3250 2229 accepisset;

1702 2242 1824 2297 illos
1853 2244 2072 2313 quidem
2120 2243 2210 2314 qui
2253 2261 2310 2299 se
2346 2245 2630 2311 noverunt,
2663 2255 2715 2301 et
2751 2241 2958 2302 inbviii
2991 2265 3089 2303 suo
3117 2266 3249 2304 con-

1703 2333 1920 2399 sistunt,
1969 2336 2163 2402 pascit,
2215 2334 2268 2388 in
2301 2350 2504 2404 pascua
2532 2337 2673 2390 bona
2717 2338 2955 2393 educcns
2991 2353 3054 2392 ac
3089 2340 3252 2394 redu-
3324 2407 3332 2414 η

1701 2440 1867 2491 cens;
1907 2427 1977 2479 ita
2006 2437 2063 2481 ut
2090 2428 2207 2496 ejus
2237 2428 2397 2493 ovile,
2434 2437 2617 2497 utpote
2644 2430 2983 2491 rationabile,
3022 2431 3132 2484 haec
3164 2433 3246 2484 lo-

1702 2525 1934 2586 quatur:
1967 2517 2225 2572 Dominus
2252 2523 2420 2587 pascit
2468 2537 2566 2584 me,
2593 2531 2642 2575 et
2679 2521 2809 2575 nihil
2833 2522 2959 2575 milii
2988 2521 3169 2582 deerit,
3197 2524 3251 2577 iu

1703 2609 1812 2661 loco
1833 2624 2042 2676 pascua:
2066 2607 2137 2660 ibi
2168 2625 2248 2662 me
2286 2610 2579 2664 collocavit.
2627 2611 2794 2680 Super
2833 2630 3023 2684 aquam
3061 2616 3248 2685 quietis

1700 2699 1936 2752 educavit
1965 2715 2063 2760 me,
2109 2699 2339 2751 animam
2379 2717 2544 2754 meam
2575 2705 2911 2758 convertit“.
2966 2705 3040 2760 Ex
3075 2711 3252 2777 genti-

1701 2789 1802 2844 bus
1851 2805 2016 2860 porro
2045 2807 2138 2846 eos
2166 2795 2254 2863 qui
2285 2809 2408 2846 cum
2446 2796 2646 2864 impetu
2682 2793 2951 2860 feruntur,
2978 2803 3032 2851 et
3056 2798 3250 2853 adven

1701 2896 1819 2935 sum
1881 2881 2002 2949 ejus
2038 2897 2167 2938 oves
2201 2884 2510 2953 insurgunt,
2552 2884 2716 2953 virga:
2763 2884 2954 2939 ferreae
2987 2879 3250 2955 .subjiclt,

1701 2987 1795 3043 per
1810 2971 2108 3028 Romanam
2129 2983 2446 3044 potestatem
2464 2975 2691 3031 domans
2703 2983 2864 3046 atque
2882 2984 3142 3033 atterens.
3164 2977 3240 3032 Ita

1700 3065 1905 3120 scilicet
1925 3066 2188 3136 contingit
2215 3069 2544 3127 insatiabiles
2570 3069 2806 3138 gentium
2851 3069 3063 3124 animos
3089 3077 3252 3139 atque

1701 3147 1935 3228 impetus
1958 3159 2215 3212 adversus
2234 3159 2530 3215 Ecclesiam
2553 3158 2667 3222 Dei,
2690 3174 2786 3228 per
2810 3161 2955 3216 solas
2973 3159 3248 3215 Romano-

1703 3263 1823 3301 rum
1857 3250 2033 3304 minas
2069 3250 2390 3318 propulsari.
2429 3249 2614 3318 Neque
2641 3252 2784 3305 enim
2817 3252 3089 3321 principes
3119 3254 3253 3306 civi-

1707 3346 1881 3392 tatum
1943 3355 2006 3393 ac
2057 3343 2423 3409 pepulorum,
2478 3339 2680 3395 Christi
2736 3340 3038 3395 doctrinam
3071 3383 3085 3407 ,
3141 3357 3248 3411 qua

1698 3444 1886 3484 eorum
1910 3433 1912 3436 ’
1933 3429 2000 3482 de
2047 3432 2204 3482 turba
2236 3433 2518 3484 numinum
2548 3447 2702 3486 error
2731 3437 3010 3498 evertitur,
3042 3435 3096 3487 in
3131 3450 3246 3488 nie-

1697 3517 1789 3570 dio
1823 3517 1908 3572 sui
1953 3520 2252 3572 consistere
2285 3519 2566 3582 sinerent,
2615 3519 2720 3572 nisi
2765 3520 3080 3573 imminente
3113 3521 3249 3590 ipsis

1700 3604 2064 3661 Romanorum
2113 3617 2294 3673 metu,
2343 3623 2406 3663 ac
2454 3608 2557 3663 nisi
2593 3609 2778 3676 jussu,
2821 3611 3024 3678 quibbs
3054 3618 3244 3665 conte-

1698 3707 1912 3760 runtur,
1960 3707 2019 3752 ut
2064 3715 2240 3769 neque
2284 3701 2584 3754 concedant
2633 3699 2770 3769 ipsis
2811 3701 2893 3755 vel
2937 3713 3099 3771 caput
3139 3702 3246 3756 eri--

1697 3804 1858 3858 gere,
1899 3789 2108 3845 animos
2138 3806 2326 3845 eorum
2360 3789 2596 3846 frenaret
2643 3801 2802 3862 atque
2848 3794 3247 3863 comprimeret.

1699 3881 1814 3933 Alia
1869 3897 2084 3951 quoque
2133 3883 2317 3936 divina
2380 3896 2443 3936 ac
2490 3892 2698 3938 secreta
2747 3885 2948 3939 virtute
2999 3884 3248 3938 Christus

1700 3987 1827 4026 oves
1868 3988 1996 4028 suas
2031 3973 2224 4028 leniter
2265 3975 2472 4045 pascit,
2522 3991 2799 4045 nunquam
2841 3976 2907 4029 ab
2936 3975 3077 4044 ipsis
3098 3990 3249 4028 rei-e-

1699 4067 1832 4124 dens
1862 4067 2161 4123 secundum
2198 4068 2615 4138 promissionem
2645 4084 2750 4139 qua
2782 4084 2840 4124 se
2871 4069 3128 4138 obligavit
3161 4069 3247 4120 liis

1701 4159 1879 4214 verbis
1911 4178 1924 4213 :
1974 4158 2072 4212 Ubi
2109 4160 2211 4213 duo
2244 4159 2322 4214 vel
2360 4170 2460 4214 tres
2497 4160 2796 4229 congregati
2828 4159 3030 4226 fuerint
3063 4159 3113 4210 in
3154 4175 3247 4211 no-

1698 4249 1835 4300 mine
1859 4264 2000 4311 meo,
2035 4246 2143 4300 illic
2169 4264 2284 4300 sum
2310 4248 2364 4302 in
2388 4247 2556 4302 medio
2584 4262 2760 4300 eorum
2792 4247 2834 4276 ⁸⁷
2859 4261 2874 4308 ;
2906 4253 2959 4298 et
2986 4248 3199 4297 rursum
3230 4263 3242 4298 :

1700 4337 1834 4392 Ecce
1873 4355 1964 4406 ego
2011 4337 2266 4393 vobiscum
2310 4355 2424 4393 sum
2467 4335 2704 4390 omnibus
2751 4334 2932 4389 diebus
2974 4351 3134 4404 usque
3175 4334 3245 4385 ad

1701 4428 2425 4484 consummationem-seculi
2460 4427 2524 4481 '°.
2556 4425 2664 4483 Eos
2702 4433 2878 4480 autem
2923 4427 3016 4500 qui
3059 4435 3246 4478 contra

1703 4519 1844 4573 ovile
1876 4533 2034 4572 suum
2066 4517 2232 4572 variis
2259 4514 2594 4585 temporibus
2625 4515 2940 4586 insurgunt,
2979 4514 3093 4583 ipse
3124 4529 3248 4566 rur--

95 4608 252 4676 πάσας
269 4613 368 4678 τὰς
383 4612 603 4682 ἡμέρας
623 4612 732 4677 ἕως
753 4611 862 4679 τῆς
881 4589 1228 4677 συντελείας
1244 4589 1348 4664 τοῧ
1366 4589 1594 4679 αἰῶνος·

1705 4626 1824 4665 sum
1854 4611 2058 4665 latente
2086 4616 2247 4678 atque
2276 4608 2532 4663 invisibili
2559 4605 3058 4678 potestateinvadit
3085 4589 3248 4674 atque

94 4703 187 4767 τοὺς
205 4706 243 4757 δ’
269 4704 720 4777 ἐπανισταμένους
748 4704 910 4757 αὐτοῦ
937 4709 1001 4777 τῇ
1024 4705 1223 4777 ποίμνῃ
1251 4705 1307 4755 ὲν
1328 4706 1438 4766 τοῖς
1461 4705 1600 4756 κατά

99 4797 271 4865 χρόνους
295 4799 550 4870 διωγμοῖς
575 4796 732 4852 πάλιν
761 4798 925 4861 αὐτὸς
955 4799 1269 4868 μετέρχεται
1292 4798 1484 4862 ἀφανεῖ
1505 4797 1598 4849 καὶ

100 4884 266 4959 inpiiqu
283 4888 503 4959 δυνάμει
533 4887 772 4950 κολάζων
800 4887 856 4939 ἐν
887 4887 1066 4958 ρἀδῳ
1098 4887 1306 4958 σιδηρᾷ,
1343 4885 1475 4938 ἀλλά
1506 4886 1601 4938 καὶ

99 4977 172 5046 τὴν
191 4981 542 5053 ὑπερηφανίαν
569 4979 743 5036 αὐτῶν
781 4980 874 5034 καὶ
904 4980 964 5032 τὸ
1006 4979 1226 5049 ἔπαρμα
1269 4978 1364 5046 τῆς
1403 4973 1598 5040 ἀλαζο-

103 5071 213 5132 νείας
238 5074 304 5136 ὡς
328 5075 490 5146 σκεύη
519 5075 757 5146 κεράμια
792 5071 1060 5143 συντρίϐει
1083 5090 1094 5099 ·
1126 5073 1199 5133 ὡς
1238 5071 1333 5141 ἤδη
1374 5070 1596 5140 μυρίους

106 5159 241 5212 πΰτῶν
266 5165 362 5216 ὑπὸ
387 5164 493 5217 τῶν
516 5164 785 5234 θεηλάτων
813 5162 970 5215 αὑτοῦ
1000 5161 1273 5231 μαστίγων
1312 5160 1598 5230 ἐλαυνομέ-

107 5269 197 5315 vso;
213 5253 371 5308 δοῦναι
397 5255 552 5320 δόξαν
575 5254 650 5324 τῷ
670 5254 786 5323 Θεῴ
808 5295 823 5318 ,
853 5254 947 5307 καὶ
989 5249 1478 5321 ἐξομολογήσασθαι
1503 5250 1600 5314 τὰς

107 5342 363 5408 δυσσεϐείας
401 5345 594 5397 αὐτῶν.
643 5345 734 5411 Ὡς
782 5345 969 5410 σκεύη
1015 5342 1305 5410 κεραμέως
1363 5341 1602 5408 συντρί-

108 5434 212 5496 έηείς
231 5435 425 5498 αὐτούς
443 5451 456 5465 ·
491 5435 590 5504 οὐχ
619 5433 758 5486 ὥστε
785 5431 1041 5484 ἀπολέσαι
1064 5430 1154 5484 καὶ
1183 5427 1449 5482 ἀναλῶσαι
1479 5445 1602 5482 συν-

111 5523 260 5589 τρίϐει,
291 5526 391 5580 ἀλλ’
419 5526 554 5579 ὥστε
587 5523 918 5578 ἀναπλάσαι·
969 5522 1101 5591 πρὸς
1140 5522 1296 5574 τοῦτο
1342 5521 1447 5591 γὰρ
1478 5538 1602 5573 σκο-

113 5614 187 5677 πδὲ
203 5619 266 5688 τῷ
289 5622 507 5692 κεραμεῖ
528 5615 825 5687 συντρίϐειν
851 5614 917 5678 τᾲ
960 5616 1129 5666 οἰκεῖα
1154 5613 1315 5682 σκεύη
1335 5653 1348 5675 ,
1372 5613 1496 5665 ὅταν
1527 5611 1602 5663 ἔτι

165 5747 202 5822 ἱ*
233 5793 348 5851 Dan.
417 5807 489 5864 ti,
530 5800 614 5860 40.

1705 4703 1938 4771 castigat
1983 4700 2038 4753 in
2065 4700 2238 4768 .virga
2287 4697 2495 4765 ferrea,
2553 4700 2666 4753 imo
2715 4698 2876 4754 etiam
2933 4696 3243 4767 superbiam

1706 4805 1894 4846 eorum
1940 4788 2336 4860 elationemque
2390 4790 2740 4860 arrogantiae,
2804 4796 3060 4856 tanquam
3120 4801 3246 4838 vasa

1703 4888 1939 4935 testacea
1970 4878 2297 4950 confringit;
2341 4881 2414 4936 ita
2447 4888 2506 4934 ut
2537 4880 2650 4957 jam
2692 4877 2890 4932 infiniti
2937 4891 3125 4932 eorum
3174 4877 3250 4932 ob

1704 4971 1971 5027 divinitus
2027 4972 2271 5029 immissa
2309 4973 2387 5046 ab
2437 4973 2557 5042 ipso
2606 4968 2814 5040 ﬂagella
2868 4967 3124 5024 commoti
3183 4982 3249 5023 ac

1701 5064 1975 5135 perculsi,
2027 5065 2252 5134 gloriam
2303 5061 2413 5118 Deo
2460 5061 2736 5130 referant,
2786 5070 2840 5118 et
2886 5060 3248 5115 conﬁteantur

1701 5157 2002 5228 impietates
2051 5173 2198 5213 suas.
2253 5156 2525 5225 Tanquam
2572 5172 2703 5212 uasa
2751 5155 2896 5226 ﬁguli
2950 5153 3246 5224 confringe:

1704 5266 1793 5303 eos
1823 5264 1840 5302 :
1873 5249 1963 5317 qui
1999 5265 2105 5303 non
2139 5245 2396 5319 perdendi
2436 5260 2500 5300 ac
2527 5244 2876 5302 consumendi
2919 5257 3086 5298 causa
3114 5258 3247 5297 con-

1701 5341 1864 5404 terit,
1895 5339 1990 5394 scd
2019 5336 2373 5394 reformandi.
2407 5336 2508 5393 Hic
2535 5347 2618 5393 est
2645 5340 2787 5393 enim
2821 5335 2968 5404 figuli
3003 5348 3205 5402 scapus
3228 5376 3241 5382 -

1702 5446 1824 5485 cum
1868 5446 1998 5484 vasa
2044 5431 2258 5501 propria
2300 5427 2828 5500 conterit,.quando
2856 5426 3067 5481 scilicet
3105 5425 3245 5479 int-eo

1700 5537 1848 5591 gram
1891 5522 2071 5576 adhuc
2112 5531 2166 5577 et
2215 5535 2398 5577 sanam
2444 5521 2724 5576 materiam
2767 5533 2921 5574 suam
2970 5533 3077 5573 non
3119 5523 3245 5570 ante

1699 5604 1809 5682 igni
1851 5612 2104 5668 traditam
2143 5621 2447 5669 conservat.
2484 5610 2614 5667 Haec
2636 5607 2955 5665 testiﬁcatur
2980 5607 3244 5663 Jeremias

711 5796 752 5826 ¹⁵
795 5793 924 5848 Dan.
956 5806 1065 5858 vi],
1101 5791 1152 5846 7.
1231 5794 1270 5867 ξε
1312 5788 1456 5846 Psal.
1493 5802 1602 5844 ut!

1701 5790 1791 5844 .-5.
1874 5789 1913 5864 ‘7
1955 5788 2140 5844 Matth.
2177 5799 2340 5855 xviii,
2375 5787 2463 5843 το.
2543 5787 2583 5818 ⁸³
2623 5783 2811 5842 Matth.
2847 5765 3050 5849 inut,
3078 5779 3170 5836 20.
