3956 6340
107 452 159 510 93
1208 431 1703 490 COMMENTARM
1746 435 1812 491 IN
1848 433 2183 491 PSALMOS.
3238 432 3310 490 96

108 586 249 662 ψυχῇ
282 603 419 658 μου
471 586 593 639 Οὐκ
630 583 757 638 ἐστι
798 580 1059 649 σωτηρία
1094 575 1254 643 αὐτῷ
1293 578 1364 631 ἐν
1394 576 1471 642 τῷ
1509 573 1631 657 Θεῷ

1737 574 1913 627 diem.
1944 585 2135 624 anime:
2163 582 2290 621 mete
2324 580 2342 619 :
2378 566 2499 620 Non
2536 572 2612 620 est
2635 564 2781 637 salus
2815 565 2917 634 ipsi
2950 565 3004 619 in
3024 564 3134 621 Deo
3169 567 3308 637 ejus.

108 647 391 740 abigi-2i)
429 676 520 740 δὲ,
554 677 746 744 Κύριε,
771 647 1150 741 cirrata—jacio!)
1188 687 1307 739 μου
1354 664 1443 733 εἴ,
1488 647 1634 731 δόξιι

105 791 217 845 μου,
250 768 340 823 καὶ
373 765 550 837 ὑψῶν
582 758 1008 831 τὴνακεφαλήν
1049 777 1188 829 μου.
1237 759 1449 820 Πάντας
1506 759 1633 809 διωο

107 868 249 938 γμοὺς
272 862 375 935 χρὴ
396 859 705 932 προσδοκᾷν
727 857 853 921 τοὺς
879 852 1175 908 κατὰΘεὸν
1196 852 1295 924 ζῇν
1316 866 1527 925 προῃρη
1537 856 1634 921 μέν

107 978 225 1024 νους.
260 954 407 1010 Ἐπεὶ
437 950 579 1006 κατὰ
603 950 694 1003 τὸν
722 944 1038 1001 Ἀπόστολον
1059 962 1072 975 ⁵
1101 943 1331 1010 Πάντες
1358 946 1412 997 oi
1440 942 1638 998 θέλον-

108 1070 185 1119 τες
339 1042 603 1109 εὐσεϐῶς
641 1041 712 1094 ἐν
752 1036 982 1108 Χριστῷ
1034 1035 1226 1105 Ἰησοῦ
1262 1034 1627 1105 διωχθήσυν-

108 1161 198 1198 ται.
232 1139 361 1193 Ἀλλ’
391 1139 448 1190 ἐν
478 1136 612 1190 πᾶσι
647 1132 911 1205 προσήκει
936 1129 1005 1182 τὰ
1036 1128 1183 1182 δεινὰ
1209 1127 1491 1199 καρτερῶς
1513 1128 1643 1180 ὑπο-

109 1238 259 1310 μένειν
279 1250 292 1263 ·
346 1232 470 1285 ἐπεὶ
512 1227 648 1301 μηδέ
692 1226 827 1296 πρὸς
870 1225 1051 1293 ὀλίγον
1074 1222 1222 1276 ἐστὶν
1246 1222 1375 1292 ἡμῖν
1404 1222 1433 1273 ὁ
1464 1217 1632 1310 ἀγὼν,

110 1309 217 1401 μηδὲ
246 1324 373 1397 πρὸς
403 1322 659 1394 μικροὺς,
705 1317 840 1373 ἀλλὰ
883 1315 1021 1388 πρὸς
1060 1314 1310 1376 πλείονας
1334 1312 1429 1365 καὶ
1465 1309 1636 1380 μεγά-

107 1422 226 1484 λους,
276 1416 333 1470 οὐ
370 1415 526 1486 μόνον
556 1413 681 1474 τοὺς
709 1411 766 1463 ἐν
809 1406 1149 1479 ἀνθρώποις,
1199 1402 1336 1459 ἀλλὰ
1374 1403 1467 1456 καὶ
1511 1401 1637 1464 τοὺς

106 1508 339 1585 ἀοράτους
358 1503 604 1576 ἐχθρούς.
630 1500 740 1554 Καὶ
766 1500 907 1553 κατά
937 1497 998 1551 τὺ
1028 1498 1188 1567 ῥητὸν
1218 1494 1306 1559 δέ,
1341 1492 1501 1547 Δαυῖδ
1521 1532 1536 1557 ,
1571 1494 1636 1545 ἐκ

106 1605 206 1665 νέας
231 1601 437 1673 ἡλικίας
465 1596 570 1649 ὑπὸ
605 1592 699 1647 τοῦ
743 1592 915 1646 Σαοὺλ
956 1586 1313 1659 πολεμηθεὶς,
1366 1586 1460 1639 καὶ
1501 1585 1637 1656 μετὰ

104 1691 251 1747 ταῦτα
270 1688 368 1743 ὑπὸ
398 1684 602 1757 μυρίων
628 1682 822 1746 ἄλλων,
854 1681 947 1734 καὶ
967 1679 1117 1743 τέλος
1138 1677 1241 1731 ὑπὸ
1266 1674 1357 1729 τοῦ
1390 1674 1507 1728 υἱοῦ
1542 1675 1639 1744 τῆς

108 1781 348 1854 βασιλείας
381 1776 731 1856 ἐλαυνόμενος
767 1772 860 1827 καὶ
906 1767 1341 1840 φεύγωνκταῦτα
1384 1766 1525 1820 κατὰ
1548 1766 1639 1820 τὸν

108 1876 265 1947 καιρὸν
288 1871 384 1942 τῆς
417 1870 595 1941 φυγῆς
615 1868 816 1936 ἔλεγεν.
857 1866 1096 1937 Ἐχθρῶν
1124 1864 1183 1920 δέ
1212 1866 1327 1917 ἐστι
1370 1862 1433 1915 τὸ
1468 1861 1642 1932 ἐπεμ-

1741 664 1821 718 Tr
1862 674 2054 730 παίωνι,
2088 662 2328 724 Domine,
2370 669 2637 728 susceptor
2671 675 2813 713 meus
2842 676 2895 713 es
2928 676 2945 713 :
2978 662 3151 729 gloria
3197 678 3312 715 utea

1739 771 1781 805 ες
1824 790 1833 803 η-
1862 757 2060 809 ⁸κιιιαηε
2100 765 2260 822 caput
2302 770 2493 808 meum.
2534 751 2949 807 Persecutiones
2991 761 3311 821 exspectare

1744 876 1747 881 ›
1784 857 1958 917 imi-tet
1991 862 2183 903 omnes
2218 847 2313 916 qui
2351 844 2649 901 secundum
2682 842 2849 897 Deum
2891 844 3073 898 vivere
3102 846 3310 898 consti-

1737 944 1963 995 tuerint.
2002 939 2282 1009 Siquidem
2318 946 2378 991 ut
2406 936 2804 1006 aitiAposlolus
2834 953 2847 989 :
2878 934 3077 989 Omnes
3107 935 3195 1004 qui
3228 937 3311 1003 pie

1736 1034 1916 1103 volunt
1957 1033 2120 1087 vivere
2161 1032 2215 1083 in
2256 1028 2466 1083 Christo
2500 1030 2629 1081 Jesu
2660 1027 3070 1095 persecutionem
3107 1026 3311 1092 patieu-
3424 1071 3430 1077 .

1738 1130 1827 1175 tur
1843 1124 1909 1177 ’³.
1941 1119 2010 1175 A't
2040 1121 2094 1175 in
2128 1121 2385 1174 omnibus
2415 1134 2513 1189 par
2541 1128 2625 1173 est
2653 1118 2839 1187 gravia
2875 1116 3092 1171 fortiter
3124 1116 3265 1171 ferre
3291 1134 3303 1169 :

1737 1212 2177 1284 quandoquidem
2220 1214 2396 1281 neque
2432 1210 2500 1264 ad
2536 1210 2699 1265 breve
2730 1216 2969 1278 tempus,
3005 1224 3181 1278 neque
3214 1206 3309 1261 ad-

1738 1317 1931 1360 versus
1955 1316 2161 1373 paucos
2190 1308 2462 1355 certamen
2496 1299 2653 1353 nobis
2678 1308 2795 1363 est;
2825 1297 2920 1352 sed
2952 1306 3143 1352 contra
3172 1300 3311 1351 mul—

1737 1401 1826 1451 tos
1853 1411 1916 1449 ac
1946 1394 2137 1454 fortes,
2173 1410 2281 1447 non
2325 1393 2501 1450 solum
2542 1393 2812 1456 homines,
2850 1390 2944 1447 sed
2973 1392 3136 1446 etiam
3173 1392 3311 1445 invi-

1738 1485 1926 1540 sibiles
1954 1484 2227 1538 inimicos.
2260 1482 2326 1535 Et
2358 1492 2415 1535 ut
2442 1482 2505 1536 ad
2531 1496 2644 1535 rem
2671 1476 3002 1551 propositam
3034 1479 3307 1541 veniatur,

1738 1576 1906 1633 David
1943 1594 1974 1632 a
2003 1578 2289 1647 juventute
2324 1591 2421 1629 sua
2455 1591 2551 1645 per
2585 1573 2801 1629 Saulem
2834 1575 2976 1630 bello
3005 1576 3308 1645 impetitus,

1740 1686 1803 1725 ac
1846 1670 2103 1739 deinceps
2150 1683 2179 1721 a
2227 1666 2500 1722 sexcentis
2550 1666 2694 1728 aliis,
2736 1665 3065 1735 demumque
3115 1682 3145 1719 a
3201 1664 3311 1719 tilio

1739 1761 1931 1833 pulsrs
1976 1776 2179 1831 regno,
2221 1770 2384 1827 atque
2426 1758 2674 1828 fugatus,
2720 1756 2835 1810 haec
2879 1764 3123 1826 tempore
3171 1756 3310 1827 fuga:

1710 1840 1973 1909 dicebat.
2017 1851 2367 1906 lnimicorum
2417 1858 2595 1904 autem
2641 1848 2919 1919 prOprium
2962 1856 3067 1911 ost,
3099 1848 3309 1903 irruere

105 1942 278 2016 ϐαίνειν
297 1962 388 2016 καὶ
402 1958 789 2015 ἐπανίστασθαι
809 1960 922 2021 τοῖς
947 1960 1133 2020 κακοῖς
1157 1954 1264 2009 τῶν
1283 1954 1349 2007 δι’
1370 1952 1636 2017 ἐναντίας·

1740 1954 1904 2017 atque
1936 1947 2220 2015 insurgere
2254 1944 2309 1999 in
2337 1944 2543 2006 hostes,
2566 1942 2693 2019 dum
2730 1942 2785 1995 in
2810 1942 2950 1996 mala
2976 1942 3305 1997 inciderunt.

103 2053 261 2123 διόπερ
288 2052 376 2104 καὶ
396 2049 473 2120 τῷ
498 2047 659 2102 Δαυῖδ
690 2047 1027 2117 ἡμαρτηκότι
1064 2045 1156 2098 ἐπὶ
1185 2044 1282 2114 τῆς
1315 2043 1411 2097 τοῦ
1442 2042 1639 2113 Οὐρίου

105 2144 258 2196 πολλοὶ
275 2143 628 2197 ἐπανίσταντο
651 2139 1117 2210 ἐπιχαιρεσίκακοι
1140 2135 1322 2208 ἐχθροί
1344 2153 1506 2200 τινες.
1528 2135 1639 2189 Πά-

104 2234 175 2288 λαι
194 2235 282 2288 καὶ
300 2236 362 2288 ἐκ
388 2233 597 2305 μακροῦ
622 2234 711 2287 διὰ
731 2232 924 2302 φθόνου
953 2227 1178 2297 ὑψοῦται
1204 2226 1413 2297 κεφαλὴ
1427 2225 1519 2279 τοῦ
1548 2243 1640 2279 κα-

104 2326 159 2377 τὰ
178 2324 325 2396 σῶμα
354 2324 766 2396 μεγεθισμένου,
794 2320 947 2393 παρὰ
972 2320 1072 2382 τὰς
1099 2318 1207 2373 τῶν
1238 2317 1637 2388 ὑποδεεστέρων

104 2415 313 2483 κεφαλάς
339 2416 489 2469 κάτω
518 2414 791 2484 κειμένας.
821 2410 977 2467 Obvia
1016 2410 1374 2480 διαναστάσης
1407 2410 1504 2480 τῆς
1544 2408 1636 2461 τοῦ

108 2506 344 2576 μακαρίου
384 2505 562 2575 ψυχῆς
596 2505 689 2557 καὶ
724 2505 803 2567 είς
835 2502 1071 2556 ἐπίδοσιν
1106 2500 1502 2570 ἀναϐεϐηκυίας
1537 2497 1635 2553 τοῦ

102 2597 162 2659 ὡς
201 2600 252 2650 ἐν
298 2596 494 2666 ψυχαῖς
542 2595 837 2666 μεγέθους,
887 2597 922 2666 ἡ
971 2593 1179 2665 κε’ξαλὴ
1228 2592 1454 2662 ὑψοῦται
1501 2589 1635 2644 Θεοῦ

106 2686 455 2759 συνεργοῦντος
483 2688 623 2757 αὐτῇ
651 2687 743 2740 καὶ
774 2687 908 2759 πρὸς
928 2680 1121 2740 ἐαυτὸν
1145 2686 1223 2750 εἰς
1255 2685 1479 2753 οὐρανὸν
1508 2684 1638 2739 ἀνά-

105 2796 278 2846 γοντος,
306 2780 396 2832 τὸν
425 2778 802 2850 ἐμπαρέχοντα
830 2779 990 2832 αὑτὸν
1021 2780 1088 2848 τῇ
1124 2777 1258 2847 πρὸς
1285 2775 1345 2828 τὺ
1379 2775 1637 2828 ἀνωτάτω

104 2868 377 2939 ἀκολουθίᾳ.
419 2868 574 2921 Ἐπεὶ
625 2867 682 2920 δὲ
716 2867 893 2937 πολλῷ
935 2867 1093 2920 πλέον
1126 2866 1224 2935 τῆς
1272 2864 1637 2935 προαιρέσεως

104 2962 185 3030 τῆς
208 2958 520 3031 τάνθρώπου
554 2958 851 3028 χαρίζεται,
884 2956 1046 3023 νικῶν
1082 2958 1139 3010 ἐν
1174 2955 1254 3026 τῷ
1291 2954 1575 3026 δωρεῖσθαι
1606 2957 1636 3009 ὁ

106 3048 362 3119 εὖεργέτης
386 3048 477 3101 τὸν
505 3046 643 3101 κατὰ
666 3048 889 3118 δύναμιν
920 3046 1172 3100 ποιοῦντα
1217 3046 1278 3100 τὸ
1319 3044 1497 3099 καλόν·
1543 3045 1636 3099 καὶ

106 3139 176 3193 διὰ
201 3139 349 3193 τοῦτο
379 3138 578 3202 παντὸς
606 3136 771 3192 καλοῦ
807 3136 904 3209 τὴν
936 3137 1176 3198 αἰτίανὸ
1212 3135 1419 3199 Παῦλος
1449 3137 1633 3190 ἀνατι-

106 3227 198 3291 θεὶς
234 3227 307 3299 τῷ
347 3227 465 3298 Θεῷ
504 3243 686 3298 φησιν·
734 3228 816 3279 Οὐ
854 3225 959 3279 τοῦ
1006 3225 1306 3292 θέλοντος,
1349 3225 1489 3280 οὐδὲ
1528 3225 1633 3279 τοῦ

106 3298 405 3388 τρέχωέτος,
430 3318 589 3373 ἀλλὰ
620 3313 725 3373 τοῦ
742 3317 1057 3381 ἐλεοῦντος
1087 3316 1255 3372 Θεοῦ.
1294 3320 1351 3369 ὐ
1377 3317 1505 3373 Θεὸς
1540 3316 1636 3386 μὲν
1664 3298 1705 3354 C

105 3404 179 3461 οὖν
205 3409 291 3460 καὶ
324 3410 357 3475 ἡ
385 3406 553 3478 ἀρετὴ
589 3405 890 3476 μεγεθύνει,
926 3405 1018 3459 καὶ
1053 3406 1120 3457 δι’
1156 3406 1289 3458 ἔλων
1318 3411 1526 3459 ἐπαινεί
1558 3408 1632 3479 (1)

106 3500 185 3570 τὴν
208 3498 293 3551 τοῦ
318 3498 469 3567 ἁγίου
493 3498 687 3569 ψυχήν·
724 3497 887 3551 κακία
915 3496 970 3548 δὲ
1001 3496 1092 3549 καὶ
1117 3498 1151 3566 ὴ
1192 3498 1445 3567 συνεργὸς
1466 3498 1633 3569 ταύτῃ

106 3589 246 3660 ἐχθρά
282 3592 389 3652 τοῖς
439 3588 743 3659 ἀνθρώποις
777 3588 1031 3667 δύναμις,
1092 3588 1365 3640 συστέλλει
1416 3590 1509 3643 καὶ
1557 3593 1637 3654 είς

109 3681 261 3733 ετενὺν
313 3680 526 3749 συνάγει
572 3680 671 3752 τὴν
731 3679 804 3751 μὴ
849 3678 1115 3749 ἑπομένην
1173 3678 1309 3748 Θεῷ,
1360 3681 1452 3732 καὶ
1497 3680 1636 3736 οῦτω

108 3760 306 3840 βραχεῖα
339 3771 540 3839 γίνεται
587 3772 683 3825 καὶ
725 3770 937 3841 κολοϐὴ,
985 3771 1123 3824 ὥστε
1157 3771 1253 3841 τῆς
1292 3770 1499 3840 χύσεως
1537 3773 1637 3844 τῆς

108 3864 274 3925 κακίας
294 3863 665 3934 ἐπιγινομένης
682 3865 761 3926 εἰς
780 3864 839 3916 τὸ
869 3863 1053 3935 μηδὲν,
1072 3864 1169 3935 τὴν
1189 3862 1442 3934 τοιαύτην
1461 3864 1637 3936 ψυχὴν

107 3954 379 4023 λογισθῆναι
407 3956 548 4009 κατὰ
585 3956 675 4009 τὸν
713 3954 957 4009 Ἠσαῖαν-
998 3958 1046 4008 οἱ
1093 3954 1197 4025 γὰρ
1237 3956 1638 4027 ἁμαρτάνοντες

107 4047 168 4105 εἰς
195 4045 335 4097 οὐδὲν
367 4045 739 4115 ἐλογίσθησαν.
773 4044 882 4097 Καὶ
921 4044 1105 4115 ὥσπερ
1150 4047 1415 4115 σωμάτων
1460 4044 1637 4115 ἐλάχι-

111 4136 209 4187 στὸν
234 4138 369 4188 ἐστιν
391 4137 421 4188 ὁ
448 4135 596 4205 χοῦς,
613 4129 783 4199 οὕτως
814 4138 871 4188 αἱ
927 4124 1100 4205 πάντη
1133 4138 1400 4209 μοχθηραὶ
1428 4136 1633 4207 ψυχαὶ,

110 4230 180 4280 ἐπὶ
201 4229 325 4282 πολὺ
346 4228 932 4299 σμικρυνθεῐσαι,δείσὶν
946 4229 1026 4295 ὡς
1040 4231 1074 4281 ό
1121 4227 1269 4297 χοῦς
1291 4228 1363 4282 ὃν
1375 4229 1637 4298 expiaret

110 4323 135 4371 ὁ
157 4318 371 4389 ἄνεμος.
396 4317 649 4388 Κεφαλὴν
685 4319 741 4371 δὲ
779 4320 876 4391 τῆς
911 4319 1088 4391 ψυχῆς
1124 4319 1340 4390 νοητέον
1376 4321 1473 4391 τὴν
1521 4321 1637 4373 δια-

111 4413 330 4484 νοητικὴν
394 4413 639 4482 δύναμιν·
687 4411 889 4482 ταύτης
939 4413 1045 4484 γὰρ
1101 4412 1455 4483 διαφέρουσαν
1516 4412 1635 4465 οὐδὲ

114 4505 247 4575 μέχρι
274 4503 365 4558 τοῦ
390 4505 663 4578 ἐπινοῆσαι
694 4503 931 4558 δυνατόν·
964 4505 1015 4557 εἴ
1042 4522 1105 4575 γε
1137 4504 1231 4558 καὶ
1262 4504 1355 4557 τοῦ
1388 4505 1635 4576 σώματος

111 4596 137 4664 ἡ
162 4595 351 4667 κεφαλὴ
378 4595 689 4667 τιμιωτέρα.
715 4593 861 4665 Αὕτη
885 4595 1061 4649 τοίνυν
1081 4598 1113 4667 ἡ
1135 4595 1355 4667 νοητικὴ
1386 4596 1632 4667 δύναμις,

1739 2036 2103 2104 Quamobrem
2128 2045 2248 2105 post
2272 2046 2550 2107 peccatum
2571 2026 2791 2089 Davidis
2811 2050 2934 2089 cum
2957 2050 3123 2089 uxore
3144 2032 3305 2096 Urize,

1738 2131 1893 2184 multi
1925 2130 1979 2183 iu
2009 2144 2155 2193 eum,
2184 2144 2251 2183 ex
2296 2129 2364 2183 iis
2406 2130 2617 2183 scilicet
2654 2129 2748 2197 qui
2780 2128 2971 2183 alienis
3001 2126 3309 2198 gaudebant

1737 2220 1917 2282 malis,
1946 2218 2379 2273 insurrexerunt.
2410 2215 2627 2271 Jamdiu
2652 2219 2797 2271 enim
2821 2225 2875 2273 et
2906 2233 2935 2270 a
2964 2218 3139 2287 longis
3164 2225 3310 2273 retro

1738 2296 2074 2379 temporibus
2107 2325 2203 2380 per
2245 2308 2501 2367 invidiam
2533 2308 2803 2363 exaltalur
2841 2319 3004 2378 caput
3035 2310 3177 2378 ejus,
3213 2311 3307 2379 qui

1738 2401 2034 2455 secundum
2080 2416 2277 2470 corpus
2310 2400 2375 2454 ad
2407 2400 2612 2469 majora
2650 2399 2919 2463 evehitur,
2962 2406 3017 2453 et
3062 2400 3310 2455 imminet

1736 2490 2007 2560 capitibus
2058 2490 2401 2555 inﬁmorum,
2459 2506 2580 2561 qua:
2630 2489 2884 2545 deorsum
2942 2488 3305 2547 inclinantur.

1737 2580 1937 2636 Eodem
1974 2581 2136 2635 modo
2160 2581 2287 2635 dum
2320 2581 2465 2635 beati
2516 2581 2617 2634 viri
2666 2581 2847 2635 anima
2903 2583 3123 2647 crescit,
3154 2591 3208 2637 et
3240 2584 3305 2637 all

1738 2673 2006 2735 altiorem,
2048 2673 2226 2741 qualis
2258 2673 2543 2728 animabus
2583 2674 2865 2742 competit,
2916 2674 3307 2744 magnitudinis

1736 2765 1962 2835 gradum
1993 2764 2261 2830 evehitur,
2296 2763 2404 2820 Deo
2433 2765 2685 2820 videlicet
2731 2767 2959 2835 juvante
2984 2776 3039 2821 et
3068 2767 3133 2821 ad
3159 2784 3219 2823 se
3252 2770 3305 2823 in

1737 2856 1932 2910 caelum
1974 2854 2235 2909 evehente
2267 2870 2389 2909 eum
2440 2856 2531 2925 qui
2563 2870 2686 2910 sese
2719 2854 2925 2924 prabet
2970 2856 3036 2909 ad
3070 2872 3306 2927 superna

1736 2945 2061 2999 ducendum.
2121 2944 2387 3012 Quoniam
2460 2961 2607 3011 vero,
2662 2946 2951 3000 munilicus
2991 2962 3151 3008 .cum
3210 2950 3304 3011 sit,

1736 3050 1787 3089 tr
1838 3040 1907 3090 to
1930 3037 2086 3106 plura
2122 3037 2329 3092 homini
2370 3038 2575 3108 praebet
2606 3052 2769 3107 quam
2800 3040 2917 3109 ipse
2946 3028 3029 3094 vel
3062 3048 3186 3093 voto
3216 3055 3307 3094 as-

1735 3152 1789 3181 δι,
1816 3136 2011 3196 μίξεων,
2034 3137 2361 3199 superatque
2393 3130 2551 3184 donis
2580 3130 2695 3184 suis
2723 3146 2845 3185 eum
2868 3173 2883 3198 ,
2921 3133 3014 3203 qui
3048 3148 3146 3202 pro
3170 3134 3305 3186 viri-

1737 3220 2069 3277 bus'bonum
2090 3228 2381 3289 operatur;
2414 3222 2533 3277 ideo
2569 3222 2750 3278 omnis
2783 3224 2910 3277 boni
2943 3239 3166 3280 causam
3196 3224 3306 3281 Deo

1782 3316 1804 3353 ι’
1878 3315 2057 3369 ,ἒᾷρεῐις
2079 3313 2281 3368 Paulus
2319 3313 2395 3366 ait
2427 3331 2440 3367 :
2477 3312 2599 3367 Non
2621 3316 2871 3379 volentis,
2905 3333 3065 3385 neque
3091 3332 3309 3371 curren-

1812 3449 1823 3469 ,
1851 3405 1940 3459 sed
1977 3406 2270 3459 miserentis
2300 3414 2376 3457 est
2404 3404 2499 3458 Dei
2523 3404 2589 3459 “.
2624 3404 2767 3459 Deus
2816 3406 2982 3475 igitur
3013 3418 3173 3477 atque
3194 3410 3305 3462 vir-

1738 3507 1825 3552 tus
1857 3496 2031 3551 sancti
2075 3497 2178 3551 viri
2204 3497 2440 3551 animam
2472 3497 2809 3551 incremento
2840 3497 3067 3562 donant,
3100 3506 3154 3553 et
3186 3514 3309 3553 om-

1735 3591 1867 3644 nino
1892 3588 1959 3643 ad
1992 3590 2186 3642 altiora
2218 3589 2453 3644 evehunt
2482 3606 2496 3642 :
2530 3589 2840 3660 malignitas
2875 3599 3052 3646 autem
3075 3592 3305 3663 ejusque

1736 3682 1973 3749 adjutrix
2007 3682 2227 3736 inimica
2258 3683 2570 3738 hominibus
2621 3693 2863 3754 potestas
2907 3686 3201 3747 contrahit,
3246 3688 3302 3740 in

1735 3780 2129 3841 angustumque
2178 3775 2375 3843 redigit
2402 3775 2639 3829 animam
2686 3775 2796 3830 Deo
2848 3792 2952 3829 nou
2997 3777 3304 3845 obsequen-

1737 3871 1871 3941 tem;
1906 3871 2069 3933 atque
2094 3864 2166 3917 ita
2197 3866 2478 3928 minuitur,
2509 3875 2583 3929 et,
2611 3872 2674 3932 _ut
2715 3866 2787 3919 ita
2814 3864 3011 3929 dicam,
3048 3867 3302 3921 decurta—

1736 3952 1852 4020 tur;
1884 3961 1942 4007 ut
1973 3953 2271 4009 inundante
2307 3955 2534 4018 malitia,
2588 3954 2900 4024 hujusmodi
2942 3957 3160 4021 anima,
3216 3973 3303 4012 se-

1736 4046 1971 4099 cundum
2020 4046 2238 4107 Isaiam,
2277 4062 2373 4117 pro
2404 4047 2574 4102 nihilo
2623 4056 2904 4117 reputetur
2934 4066 2949 4102 :
2982 4060 3302 4119 peccatores

1738 4155 1972 4209 namque
2018 4155 2117 4208 pro
2165 4140 2335 4196 nihilo
2388 4139 2675 4195 habentur.
2715 4142 2795 4196 Ac
2843 4143 3301 4212 quemadmodum

1737 4232 1975 4285 omnium
2004 4245 2293 4300 corporum
2324 4232 2607 4286 minimum
2642 4234 2962 4303 pulvis'est;
3004 4234 3078 4287 ita
3107 4236 3303 4289 anima:

1738 4324 1996 4393 improba:
2029 4323 2257 4376 multum
2311 4324 2630 4388 imminutae,
2671 4334 2797 4378 sunt
2848 4334 3101 4393 tanquam
3130 4326 3299 4393 pulvis

1735 4430 1882 4485 quem
1907 4415 2118 4482 proiicit
2136 4423 2333 4468 ventus.
2358 4413 2533 4483 Caput
2554 4422 2729 4467 autem
2754 4414 2949 4468 anima:
2980 4414 3300 4469 :estimanda

1735 4512 1818 4560 est
1852 4505 2183 4575 intelligendi
2214 4506 2315 4582 _vis
2349 4524 2363 4559 :
2396 4488 2702 4559 nihil‘enim
2730 4518 2794 4559 ea
2828 4506 3181 4573 praestantius
3214 4505 3301 4560 vel

1738 4587 2156 4665 cogitare'licet;
2188 4594 2451 4663 siquidem
2481 4602 2533 4647 et
2571 4602 2734 4665 caput
2756 4595 2972 4665 corpori
3004 4594 3297 4650 antecellit.

502 4662 706 4758 κεφαλὴ
752 4662 1000 4758 λεχθεῖσα
1040 4662 1139 4759 τῆς
1177 4662 1372 4758 ψυχῆς,
1407 4682 1488 4751 οἶς
1522 4662 1631 4759 -μέν

1740 4662 1862 4742 Haec
1913 4688 2076 4754 igitur
2126 4685 2457 4761 intelligendi
2498 4686 2611 4751 vis,
2640 4662 2796 4755 vquae
2848 4662 3005 4755 tropo
3065 4686 3297 4755 quodam

115 4771 288 4842 ὒψωται
317 4778 426 4831 ἄνω
459 4776 747 4847 βλέπουσα,
780 4776 841 4827 οὐ
886 4775 1041 4846 μόνον
1072 4778 1169 4848 τὴν
1208 4776 1332 4846 γῆν,
1372 4776 1505 4829 ἀλλὰ
1546 4776 1640 4831 καὶ

116 4857 260 4920 πάντα
294 4868 360 4921 τά
401 4868 624 4940 σώματα
668 4866 1045 4938 ὑπερκύψασα,
1096 4869 1173 4932 ὡς
1201 4868 1419 4937 φθάνειν
1461 4871 1636 4942 μέχρι

116 4959 239 5013 θεοῦ.
261 4962 667 5034 Παρατηρητέον
689 4960 746 5013 δέ
772 4961 971 5033 τριχῶς
999 4961 1099 5031 τῆς
1132 4962 1361 5033 σχέσεως
1389 4958 1481 5012 τοῦ
1502 4962 1636 5016 Θεοῦ

118 5046 418 5120 ὑμνουμένης
441 5052 545 5103 ὑπὸ
565 5050 659 5105 τοῦ
690 5050 936 5118 λέγοντος
964 5050 1062 5121 τὴν
1095 5051 1246 5116 τάξιν
1281 5050 1376 5104 τοῦ
1418 5052 1634 5123 πρώτου

119 5133 378 5204 λεχθέντος,
424 5141 514 5221 καὶ
563 5139 655 5194 τοῦ
702 5140 827 5210 ἐξῆς
876 5142 970 5194 καὶ
1020 5141 1112 5195 τοῦ
1156 5141 1359 5194 λοιποῦ.
1414 5141 1635 5212 Πρῶτον

120 5228 204 5296 γάρ
230 5246 382 5297 φησιν
406 5227 538 5285 εἶναι
568 5233 658 5286 τὸν
681 5233 811 5287 Θεὸν
836 5234 1198 5306 άντιλήπτορα
1222 5234 1386 5289 αὑτοῦ
1406 5274 1421 5299 ,
1447 5235 1636 5291 ἔπειτα

120 5318 263 5383 δόξαν,
294 5320 475 5375 επειτα
511 5310 745 5393 agnam
776 5325 873 5397 τὴν
902 5326 1157 5395 κεφαλήν.
1184 5328 1293 5381 Καὶ
1325 5330 1457 5397 ἡμῖν
1486 5331 1636 5383 ἀντι-

123 5402 327 5476 λήπτωρ,
366 5408 453 5459 καὶ
484 5408 545 5461 τὺ
582 5408 751 5481 ὄνομα
785 5411 936 5481 δηλοῖ
968 5414 1513 5486 ἀντιλαμϐανόμενον,
1554 5419 1639 5472 ἵνα

124 5489 235 5563 ῥύσῃ
272 5509 326 5546 τε
361 5496 465 5548 ἀπὺ
509 5496 714 5549 πολλῶν
755 5495 1040 5556 θλιϐόντων
1074 5505 1166 5574 καὶ
1199 5505 1639 5577 ἐπανισταμένων

125 5584 198 5635 καὶ
210 5585 666 5655 ἀτωγινωωιόντων
678 5588 777 5659 τὴν
792 5591 885 5645 τοῦ
906 5593 1152 5663 λέγοντος
1162 5596 1330 5652 ταῦτα
1351 5602 1638 5671 σωτηρίαν.

181 5737 219 5767 ⁸³
252 5736 289 5791 ll
322 5740 457 5800 Tim.
495 5760 581 5809 ιιι,
620 5747 702 5802 12.
780 5749 825 5783 ⁸⁵
866 5747 1019 5804 Rom.
1058 5766 1146 5816 Is,
1184 5752 1266 5806 16.

1710 4772 1711 4775 “
1740 4788 1901 4849 caput
1922 4778 2115 4832 anima:
2140 4777 2357 4841 dicitur,
2380 4776 2432 4831 in
2460 4777 2783 4847 quibusdam
2807 4792 3023 4832 sursum
3047 4776 3293 4845 erigitur.

1739 4859 1865 4925 dum
1901 4882 2136 4938 superne
2167 4868 2407 4938 respicit,
2439 4876 2601 4939 atque
2623 4884 2728 4921 non
2759 4868 2918 4921 modo
2946 4874 3169 4931 terram,
3203 4867 3297 4922 sed

1738 4960 1914 5015 omnia
1950 4959 2114 5013 etiam
2150 4974 2378 5030 corpora
2416 4958 2784 5023 transcendit,
2817 4958 2890 5012 ita
2928 4966 2986 5013 ut
3032 4972 3203 5028 usque
3230 4958 3297 5012 ad

1740 5052 1903 5108 Deum
1938 5053 2234 5121 perveniat.
2290 5051 2695 5107 Observandum
2745 5058 2925 5105 autem
2977 5058 3097 5114 est,
3130 5048 3297 5104 Deum

1740 5145 1827 5199 hic
1872 5143 2071 5213 triplici
2107 5145 2268 5200 modo
2312 5145 2595 5207 celebrari,
2638 5158 2701 5196 ac
2733 5142 2930 5213 primo,
2969 5139 3164 5195 dehinc
3210 5156 3300 5198 se-

1738 5235 1935 5298 cundo,
1989 5234 2207 5291 demum
2259 5235 2419 5290 tertio
2464 5234 2657 5290 ordine
2709 5232 2958 5303 exprimi.
3003 5231 3093 5285 Ait
3151 5234 3297 5287 enim

1739 5328 1913 5399 primo
1945 5326 2111 5382 Deum
2142 5343 2268 5384 esse
2299 5324 2669 5396 susceptorem
2718 5340 2895 5384 suum,
2949 5322 3159 5379 deinde
3180 5326 3297 5396 glo-

1739 5418 1895 5480 riam,
1921 5415 2157 5489 denique
2194 5420 2519 5487 exaltantem
2551 5426 2730 5488 caput.
2760 5416 2871 5471 Cur
2897 5424 3076 5471 autem
3108 5432 3298 5471 susce-

1741 5520 1864 5583 ptor
1896 5511 2012 5566 sive
2042 5517 2304 5580 patronus
2343 5510 2437 5573 sit,
2470 5510 2553 5565 vel
2603 5508 2723 5579 ipso
2747 5506 2964 5565 nomine
2994 5507 3297 5580 deprehen-

1744 5601 1929 5657 ditur:
1960 5601 2085 5672 quia
2120 5599 2509 5672 patrocinatur,
2550 5607 2607 5653 ut
2648 5598 2835 5651 liberet
2863 5610 2893 5650 a
2932 5598 3116 5652 multis
3159 5602 3295 5652 mula
