3928 6336
694 424 763 478 95
1325 424 1585 482 eusssu
1623 418 2097 479 cassamsnsrs
2123 413 2247 471 ore

2346 412 2514 470 ’ARS.
2556 412 2644 467 lll.
2684 437 2755 450 ο·-
2786 404 3193 463 ΕΧΕΟΕΤΙΟᾹ.
3677 488 3680 490 γ
3811 407 3869 459 96

695 534 1082 598 inferentibus,
1137 513 1547 603 insurgentibus
1597 539 1652 586 et
1697 528 1764 584 ad
1806 529 2231 598 desperationem

2347 528 2499 599 Ἑξῆς
2547 527 2603 580 δὲ
2641 543 2718 595 τῳ
2798 526 3145 594 ἁντιλήπτορι
3188 525 3221 594 ἠ
3261 521 3408 586 δόξα
3453 520 3583 574 ἐστί’
3633 518 3869 589 πρότερον

695 625 889 681 salutis
918 624 1297 680 inducentibus
1328 638 1450 677 eum
1485 621 1575 690 qui
1606 622 1730 673 talia
1758 618 1918 675 fatur.
1950 617 2238 687 Postquam

590 720 594 724 ’
695 725 1063 787 susceptorem
1094 714 1252 777 dixit,
1284 713 1552 783 sequitur,
1594 712 1763 782 gloria
1797 726 1814 763 :
1844 712 1995 780 prius
2018 711 2243 780 suscipit

695 805 869 867 Deus.
906 807 1098 863 deinde
1149 806 1317 881 gloria
1362 804 1549 867 allicit,
1591 804 1805 858 demum
1856 804 2025 874 gloria
2069 802 2241 857 aﬂ‘ecti

696 914 855 970 caput
882 901 1102 955 exaltat.
1147 897 1279 951 Nam
1308 898 1355 952 si
1389 896 1728 951 consurrexit
1780 895 2163 959 cumChristo,
2191 902 2243 949 et

695 1008 813 1060 qua:
863 1006 1078 1046 sursum
1127 998 1253 1045 sunt
1302 989 1462 1059 sapit,
1511 1004 1618 1042 non
1670 1003 1789 1057 qua:
1837 997 1999 1054 snper
2021 995 2241 1051 terram,

694 1082 1018 1137 exaltabitur
1043 1089 1203 1154 caput
1224 1080 1343 1151 ejus
1366 1095 1395 1134 a
1422 1080 1669 1141 Domino.
1695 1081 1784 1148 qui
1806 1087 1889 1133 est
1916 1077 2169 1141 Verbum,
2192 1086 2243 1131 et

692 1174 863 1245 gloria
900 1174 1016 1243 ejus
1064 1174 1153 1244 qui
1202 1190 1260 1229 se
1307 1176 1517 1243 recipit.
1569 1187 1728 1241 quam
1759 1186 1787 1223 a
1823 1171 1937 1226 solo
1982 1166 2241 1242 [Christo]

694 1267 914 1335 expetit,
945 1266 1191 1336 quisquis
1229 1266 1456 1336 gloriam
1505 1278 1612 1317 non
1672 1263 1866 1329 accipit
1911 1261 1979 1314 ab
2007 1261 2239 1315 homine.

695 1355 973 1419 Quomodo
996 1365 1174 1410 autem
1209 1354 1500 1419 exaltatum
1542 1355 1611 1407 sit
1640 1352 1857 1407 Davidis
1895 1360 2053 1421 caput
2082 1350 2244 1420 probe

696 1449 982 1516 intelliges,
1006 1448 1050 1501 si
1082 1448 1496 1509 animadvertas,
1518 1445 1734 1500 Davidis
1765 1460 1957 1498 nomen
2001 1460 2093 1513 per
2126 1442 2245 1494 uni-

657 1524 909 1591 Ivcrsum
953 1537 1134 1591 orbem
1185 1547 1238 1592 et
1292 1538 1348 1591 in
1411 1537 1665 1592 omnibus
1717 1536 1966 1607 gentibus
2032 1540 2246 1603 propter

693 1629 966 1683 Christum
994 1628 1083 1683 Dei
1111 1627 1406 1692 Filium,ex
1433 1630 1637 1683 semine
1667 1629 1784 1697 ejus
1814 1626 2109 1681 secundum
2134 1641 2247 1677 car-

694 1736 816 1774 nem
869 1728 1081 1785 orlum,
1140 1720 1422 1775 celebrari.
1477 1718 1596 1772 Non
1668 1726 1817 1771 tanta
1876 1717 2018 1770 enim
2077 1715 2245 1783 gloria

2341 619 2448 691 γὰρ
2494 617 2942 689 ἀντιλαμϐάνεται
2984 619 3013 670 6
3053 604 3200 679 Θεὸς,
3240 611 3356 667 εἷτα
3399 610 3605 676 δοξάζει
3644 611 3734 663 καὶ
3764 609 3872 678 ἑξῆς

2341 712 2463 781 ὑψοῖ
2480 710 2570 765 τοῦ
2590 708 2967 780 δεδοξασμένου
2983 709 3080 780 τὴν
3096 706 3352 776 κεφαλήν.
3376 704 3438 757 El
3460 704 3565 773 γὰρ
3588 700 3872 771 συνηγέρθη

2340 800 2575 875 Χριστῷ,
2615 801 2707 853 καὶ
2743 798 2810 852 τὰ
2852 799 2963 854 ἄνω
3014 799 3214 869 φρονεῖ,
3267 796 3325 849 οὐ
3375 795 3443 848 τὰ
3491 796 3582 847 ἐπὶ
3624 793 3720 863 τῆς
3768 793 3872 861 γῆς,

2343 894 2677 965 ὑψωθήσεται
2704 892 2862 945 αὑτοῦ
2888 893 2920 963 ἠ
2956 889 3160 961 κεφαλὴ
3187 888 3291 943 ἀπὸ
3309 887 3399 941 τοῦ
3421 886 3644 958 Κυρίου,
3664 885 3722 948 ὃς
3749 886 3875 938 ἐστιν

2342 987 2368 1038 6
2402 985 2589 1051 Λόγος,
2624 982 2748 1047 ὃαξα
2769 982 2843 1035 ὢν
2871 980 2963 1034 τοῦ
3001 982 3338 1051 χωρήσαντος
3363 977 3540 1041 αὑτὸν,
3577 972 3643 1046 ἢν
3669 978 3774 1030 ἀπὸ
3798 978 3876 1029 τοῦ

2347 1075 2506 1143 μόνου
2541 1070 2793 1142 ἐξῄτησεν
2839 1075 2866 1126 ὀ
2900 1071 2974 1144 μὴ
3010 1070 3296 1141 λαμϐάνων
3330 1068 3482 1132 δόξαν
3509 1067 3655 1139 παρὰ
3688 1066 3876 1136 ἀνθρώε

2345 1182 2464 1216 που.
2498 1164 2682 1226 Ὅπως
2712 1163 2767 1216 δὲ
2801 1162 2985 1232 ὑψώθη
3017 1162 3109 1216 τοῦ
3148 1161 3307 1215 Δαυῖδ
3335 1164 3367 1231 ἡ
3404 1160 3642 1231 κεφαλὴ,
3686 1161 3876 1228 νοήσεις

2345 1258 2659 1324 ἐπιστήσας,
2685 1254 2758 1317 ὡς
2777 1254 2891 1306 καθ’
2907 1255 3032 1325 ὅλης
3059 1255 3156 1323 τῆς
3180 1253 3286 1307 τῶν
3319 1251 3613 1323 ἀνθρώπων
3642 1251 3876 1321 οἰκουμέ-

2344 1366 2439 1418 νης
2479 1348 2571 1400 καί
2608 1349 2664 1397 ἐν
2699 1347 2829 1398 πᾶσι
2862 1349 2971 1409 τοῖς
3004 1345 3178 1399 ἔθνεσι
3216 1345 3275 1398 τὸ
3319 1343 3411 1397 τοῦ
3450 1342 3607 1396 Δαυῒδ
3644 1342 3876 1412 βεΰόηται

2343 1440 2528 1508 ὄνομα,
2553 1438 2636 1492 διὰ
2660 1438 2749 1489 τὸν
2776 1438 2839 1490 ἐκ
2868 1436 3171 1507 σπέρματος
3195 1435 3357 1490 αὑτοῦ
3384 1434 3522 1489 κατὰ
3546 1434 3725 1503 σάρκα
3750 1435 3876 1500 γενό-

2349 1549 2504 1604 μενον
2534 1531 2761 1601 Χριστὸν
2798 1531 2888 1582 τὸν
2920 1528 3021 1582 τοῦ
3042 1528 3173 1581 Θεοῦ
3207 1529 3350 1580 Υἰόν·
3385 1529 3480 1597 οὑχ
3509 1527 3678 1589 οὑτως
3707 1526 3808 1595 γὰρ
3836 1528 3876 1581 ἐκ

2346 1621 2646 1693 ἀνθρώποις
2698 1621 2791 1684 ὢν,
2840 1622 2932 1674 καὶ
2985 1621 3144 1691 μόνου
3188 1618 3280 1671 τοῦ
3318 1618 3527 1690 Ἰσραὴλ
3582 1616 3876 1687 βασιλεύων,

2344 1714 2617 1778 δεδόξασται)
2640 1714 2732 1765 καὶ
2767 1711 2963 1781 ὖψωτο,
2994 1712 3085 1764 καὶ
3118 1710 3361 1781 μάλιστα
3381 1709 3514 1780 μετὰ
3556 1708 3653 1779 τὴν
3700 1708 3876 1761 ἐπανά-

695 1808 946 1874 alTectus,
992 1823 1166 1879 neque
1197 1811 1269 1863 ita
1299 1810 1568 1863 exaltatus
1622 1818 1724 1868 est,
1755 1823 1876 1862 cum
1902 1808 2042 1859 inter
2076 1804 2247 1857 homi-

2348 1824 2529 1860 στασιν
2564 1805 2653 1858 τοῦ
2707 1801 3053 1873 Ἀϐεσσαλὼμ
3079 1801 3179 1873 τὴν
3219 1802 3335 1855 κατ’
3381 1800 3541 1854 αὑτοῦ
3570 1800 3876 1869 γενομένην,

695 1917 792 1956 nes
840 1908 1171 1963 versaretur,
1226 1906 1280 1969 et
1330 1901 1508 1955 solum
1566 1900 1779 1955 ISraelis
1836 1912 2059 1967 regnum
2104 1896 2242 1951 obli-

2346 1899 2418 1961 ὡς
2440 1897 2527 1950 διὰ
2557 1898 2652 1966 τῆς
2678 1894 2942 1965 σωτηρίου
2964 1893 3278 1963 θεοφανείας
3306 1896 3370 1945 ὲκ
3396 1892 3702 1962 σπέρματος
3736 1888 3876 1943 αὑτοῦ

693 2001 867 2054 neret,
894 1992 1233 2060 maximeque
1267 1999 1391 2061 post
1436 1991 1722 2077 Absalonis
1773 1990 2142 2054 rebellionem,
2182 1988 2245 2040 il—

2344 1986 2706 2059 προελθούσης
2730 1984 2870 2038 κατὰ
2900 1984 3094 2055 σάρκα.

694 2081 969 2148 latumque
996 2079 1219 2143 bellum,
1250 2087 1451 2149 quanta
1472 2072 1784 2134 exornatus
1832 2085 1917 2134 est
1951 2077 2123 2148 gloria
2162 2090 2255 2145 per
2291 2076 2578 2131 salutarem
2605 2075 2695 2129 Dei
2734 2091 2797 2129 ex
2827 2074 3032 2131 semine
3060 2074 3176 2143 ejus
3201 2073 3496 2129 secundum
3554 2087 3772 2127 carnem
3802 2072 3876 2124 ad-

692 2180 930 2227 ventum.

763 2314 924 2370 Vsus.
965 2316 1018 2371 5.
1077 2313 1208 2369 Voce
1266 2331 1381 2368 mea
1437 2314 1504 2367 ad
1551 2313 1833 2367 Dominum
1893 2310 2147 2374 clamavi,
2199 2319 2247 2362 et

689 2408 953 2462 exaudivit
987 2424 1065 2461 me
1114 2412 1176 2461 de
1227 2417 1396 2459 monte
1451 2415 1630 2459 sancto
1670 2404 1804 2472 ejus.
1834 2402 1988 2456 Hunc
2014 2410 2247 2457 montem

691 2505 955 2553 memorat
997 2496 1307 2567 prmcedens
1332 2498 1569 2565 psalmus
1615 2511 1737 2551 cum
1771 2496 1845 2549 ait
1876 2516 1887 2550 :
1925 2494 2060 2568 Ego,
2077 2505 2247 2549 autem

692 2586 1002 2639 constitutus
1030 2601 1144 2638 sum
1172 2600 1263 2638 rea:
1301 2585 1363 2636 ab
1413 2601 1471 2637 eo
1509 2601 1663 2652 super
1693 2584 1823 2639 Sion
1853 2595 2075 2642 montem
2123 2602 2243 2639 san-

691 2685 833 2727 ctum
858 2675 990 2743 ejus.
1023 2674 1269 2729 Christus
1296 2682 1474 2728 autem
1505 2683 1621 2728 erat
1673 2676 1764 2744 qui
1787 2676 1865 2730 sic
1899 2677 2245 2745 loquebatur;

694 2772 748 2819 at
778 2782 922 2819 nunc
947 2765 1131 2829 David,
1183 2782 1240 2820 se
1274 2781 1303 2819 a
1345 2767 1560 2821 Christo
1591 2767 1657 2821 de
1706 2774 1887 2820 monte
1915 2774 2101 2820 sancto
2129 2767 2246 2834 ejus

691 2854 1085 2910 exaudiendum
1119 2854 1463 2910 testiﬁcatur.
1495 2854 1661 2919 Quem
1688 2870 1849 2922 porro
1868 2856 2244 2909 exauditurum

696 2959 755 2998 se
806 2944 958 3009 dicit,
1014 2944 1121 2999 nisi
1168 2944 1454 2998 Dominum
1504 2943 1595 3013 qui
1636 2942 1965 2997 constitutus
2013 2952 2095 2997 est
2153 2960 2243 2998 rex

693 3048 843 3101 super
887 3031 1014 3086 Sion
1053 3042 1275 3085 montem
1324 3040 1559 3085 sanctum
1594 3030 1752 3099 ejus?
1799 3030 1899 3085 Per
1932 3031 2073 3085 hunc
2103 3032 2245 3085 enim

694 3125 869 3178 solum
935 3123 1189 3179 credebat
1250 3139 1307 3178 se
1370 3125 1739 3178 remissionem
1801 3131 2247 3190 consecuturum;

2418 2297 2587 2366 Φωνῇ
2604 2316 2721 2367 μου
2736 2298 2885 2365 πρὸς
2906 2289 3121 2367 Κύριον
3143 2297 3455 2366 ἐκέκραξα,
3478 2299 3572 2352 καὶ
3596 2298 3876 2363 ἐπήκουσε

2343 2410 2460 2460 μου
2484 2392 2551 2455 ἐξ
2582 2392 2753 2463 ὅρους
2771 2391 2940 2458 ἁγίου
2966 2390 3169 2445 αὐτοῦ.
3194 2390 3297 2443 Τοῦ
3338 2390 3492 2461 ὅρους
3536 2392 3876 2463 ἐμνημόνευσε

2347 2482 2537 2534 τούτου
2570 2481 2662 2533 καὶ
2691 2483 2718 2533 6
2747 2480 2852 2549 πρὸ
2875 2480 3061 2533 τούτου
3079 2480 3309 2552 ψαλμὸς,
3332 2484 3388 2535 ὲν
3416 2476 3495 2545 οἷς
3522 2482 3725 2551 ἔλεγεν·
3761 2485 3876 2552 Ἔγῤ

2348 2574 2415 2628 δὲ
2438 2572 2808 2646 κατεστάθην
2827 2574 3125 2640 ,ϐασιλεὺς
3152 2577 3252 2628 ὑπ’
3272 2578 3453 2630 αὐτοῦ
3477 2575 3568 2629 ἐπὶ
3598 2576 3752 2631 Σιὼν
3772 2578 3876 2645 ὅροι

2352 2667 2415 2719 τὸ
2454 2666 2620 2733 ἅγιον
2667 2666 2871 2719 αὐτοῦ.
2912 2662 3020 2718 Ἦν
3067 2666 3123 2719 δὲ
3174 2668 3263 2719 καὶ
3304 2670 3331 2720 6
3368 2667 3537 2736 λέγων
3582 2671 3639 2720 ἐν
3681 2671 3876 2721 ἐκείνου

2351 2758 2519 2810 ταῦτα
2558 2762 2585 2812 ὁ
2632 2760 2881 2830 Χριστός·
2928 2760 3020 2812 καὶ
3056 2758 3147 2810 νῦν
3185 2760 3466 2831 τοιγαροῦν
3511 2763 3875 2815 ὲπακοὺσεσθα

2354 2847 2517 2900 αὑτοῦ
2548 2864 2706 2917 φησιν
2740 2850 2767 2901 6
2805 2847 2964 2900 Δαυῒδ
2995 2846 3052 2912 ἐξ
3082 2847 3237 2918 ὅρους
3269 2849 3421 2917 ἁγίου
3460 2850 3643 2906 αὑτοῦ.
3682 2852 3813 2903 Τίνα
3846 2850 3875 2901 δὲ

2352 2938 2746 2990 ὲπακούσεσθαι
2796 2937 2981 3000 αὑτοῦ,
3026 2938 3136 2992 ἀλλ’
3179 2940 3213 3010 ἢ
3256 2940 3346 2993 τὸν
3368 2941 3567 3011 Κύριον
3611 2942 3704 2993 τὸν
3747 2957 3875 2993 κατα

2347 3030 2544 3082 στάντα
2575 3028 2789 3097 βασιλέα
2821 3031 2917 3083 ἐπὶ
2946 3030 3097 3083 Σιὼν
3121 3031 3256 3098 ὅρος
3281 3031 3347 3084 τὸ
3378 3031 3547 3101 ἅγιον
3564 3032 3789 3097 αὺτοῦ,·
3810 3032 3876 3084 Διά

2348 3120 2536 3173 τούτου
2569 3120 2677 3190 γὰρ
2714 3106 2869 3190 μόνου
2911 3121 3156 3190 ἀφέσεως
3192 3104 3470 3195 τεύξεσθαι
3516 3122 3869 3176 πεπίστευκεν

695 3216 1048 3284 eumdemque
1075 3229 1193 3269 esse
1225 3214 1446 3284 gloriam
1470 3230 1641 3278 suam,
1666 3223 1719 3268 et
1745 3214 2064 3269 exaltantem
2087 3220 2247 3283 caput

2350 3214 2507 3266 αὑτὸν
2537 3214 2592 3265 δὲ
2625 3208 2759 3265 εἶναι
2787 3212 2939 3277 δόξαν
2966 3214 3150 3277 αὑτοῦ,
3191 3216 3283 3268 καὶ
3310 3215 3399 3269 τὸν
3421 3215 3654 3285 ὑψοῦντα
3682 3218 3781 3287 τὴν
3814 3234 3876 3267 κει

699 3322 879 3360 suum.
910 3304 1042 3359 Cum
1092 3306 1253 3376 igitur
1304 3306 1505 3361 diserte
1552 3308 2053 3376 praenuntiassetée
2079 3306 2246 3374 gloria

698 3396 1031 3452 aﬂiciendu‘m
1052 3440 1065 3462 ,
1094 3406 1148 3453 et
1171 3409 1503 3467 caputsuum
1528 3398 1867 3454 exaltandum
1896 3414 2047 3466 esse;
2077 3413 2249 3468 quan-

606 3568 609 3569 ,
697 3490 890 3544 donaui
941 3490 993 3543 id
1040 3491 1142 3544 sibi
1178 3492 1460 3560 contigerit
1492 3491 1600 3559 jam
1647 3492 1885 3545 declarat
1919 3491 2000 3545 bis
2029 3491 2243 3547 verbis:

710 3580 839 3634 Voce
872 3596 985 3633 mea
1014 3580 1080 3632 ad
1113 3579 1392 3632 Dominum
1436 3580 1679 3646 clamavi,
1705 3590 1753 3634 et
1782 3580 2045 3634 exaudivit
2082 3597 2160 3634 me
2186 3579 2249 3633 de

670 3696 673 3701 -
700 3679 868 3723 monte
893 3678 1071 3723 sancto
1104 3686 1219 3723 suo.

768 3778 932 3833 Vens.
965 3780 1018 3834 6.
1049 3779 1158 3850 Ego
1197 3779 1415 3835 dormivi
1440 3789 1487 3834 et
1518 3789 1791 3850 separatus
1820 3797 1954 3845 sum,
1980 3782 2247 3836 exsurrexi

700 3871 827 3938 quia
851 3869 1102 3923 Dominus
1152 3872 1391 3939 suscipiet
1437 3888 1535 3925 me.
1596 3870 1796 3926 Futura
1830 3872 1935 3935 hic,
1990 3855 2246 3942 tanquam

703 3962 968 4028 praeterita
1001 3962 1341 4026 vaticinatur;
1371 3965 1511 4018 sicut
1531 3965 1673 4018 enim
1702 3965 1756 4018 in
1788 3964 2026 4018 secundo
2045 3965 2249 4033 psalmo

700 4053 902 4106 dictum
926 4060 1009 4106 est
1036 4070 1048 4106 :
1082 4051 1257 4117 Quare
1287 4053 1605 4120 fremuerunt
1633 4064 1834 4125 gentes,
1877 4064 1925 4108 et
1953 4056 2129 4123 populi
2153 4071 2252 4108 me-

701 4143 857 4197 ditati
912 4152 1031 4195 sunt
1090 4144 1308 4201 inania?
1339 4144 1624 4197 Astiterunt
1675 4156 1723 4197 et
1770 4155 2111 4199 conuenerunt
2154 4146 2250 4198 ad-

703 4248 873 4286 versus
910 4231 1186 4287 Dominum
1206 4241 1255 4285 et
1288 4226 1533 4285 adversus
1567 4230 1831 4286 Christum
1867 4233 1977 4301 ejus
2006 4249 2023 4286 :
2057 4239 2110 4287 et
2138 4233 2249 4287 haec

663 4333 882 4378 .tamen
936 4322 1003 4378 de
1046 4323 1226 4377 futuro
1276 4323 1750 4392 intelligebantur;
1802 4324 1987 4378 eadem
2042 4324 2251 4378 ratione

2350 3307 2521 3376 φαλὴν
2538 3306 2719 3359 αὑτοῦ.
2752 3307 2963 3377 Σφόδρα
2989 3306 3165 3362 τοίνυν
3196 3307 3467 3380 προειπὼν
3486 3307 3876 3381 ὼξασθήσεσθα

2349 3398 2441 3450 καὶ
2470 3394 2841 3469 ὑψωθήσεσθαι
2873 3398 2969 3470 τὴν
3001 3399 3189 3453 ἑαυτοῦ
3218 3401 3474 3471 κεφαλὴν,
3508 3400 3704 3454 ὁπόθεν
3737 3402 3876 3471 ὑπῆρ

2352 3486 2437 3551 ξεν
2480 3486 2626 3557 αὑτῷ
2666 3487 2822 3541 τοῦτο
2861 3489 3104 3543 διδάσκει·
3140 3491 3331 3559 λέγων⁹
3374 3491 3544 3560 Φωνῇ
3592 3509 3713 3560 μου
3763 3493 3876 3559 apd:

2348 3579 2563 3645 Κύριον
2609 3578 2917 3648 ἐκέκραξα,
2966 3581 3063 3634 καὶ
3112 3581 3413 3647 ἐπήκουσὲ
3449 3599 3565 3652 μου
3602 3584 3674 3647 ἐξ
3730 3584 3876 3650 ὅρου.

2349 3670 2517 3737 ἁγίου
2549 3671 2752 3725 αὐτοῦ.
2938 3658 2941 3661 ’

2430 3781 2575 3852 Ἐγὼ
2620 3781 2941 3853 ἑκοιμήθην
2982 3784 3077 3835 καὶ
3128 3773 3406 3847 ὕπνωσα,
3448 3783 3778 3853 ἐξηγέρθην
3818 3786 3876 3838 ὅτ

2350 3873 2557 3938 Κύριος
2595 3869 2987 3938 ἀντιλήψεται
3022 3888 3159 3939 μου,
3192 3870 3270 3925 Τὰ
3312 3871 3564 3941 μέλλοντα
3607 3875 3665 3926 ὲν
3701 3874 3875 3926 τούτου

2348 3961 2422 4024 ὡς
2452 3963 2809 4032 παρῳχηκότα
2837 3961 3096 4025 θεσπίζει-
3124 3962 3201 4025 ὡς
3221 3962 3327 4033 γὰρ
3356 3964 3413 4015 ὲν
3439 3962 3514 4031 τῷ
3537 3963 3772 4035 δευτέρῳ
3795 3964 3875 4016 ὲλέ

2348 4068 2498 4119 γετο’
2522 4052 2644 4105 Ἵνα
2660 4054 2715 4104 τί
2737 4053 3037 4121 ἐφρύαξαν
3062 4053 3224 4119 ἔθνη,
3253 4054 3351 4106 καὶ
3378 4056 3512 4107 λαοὶ
3536 4055 3876 4123 ἐμελέτησαν

2350 4143 2525 4206 uersi;
2562 4143 2957 4212 Παρέστησαν
3008 4146 3103 4197 καὶ
3154 4143 3544 4214 συνέστησαν
3599 4148 3750 4199 κατὰ
3804 4147 3876 4197 rei

2349 4237 2566 4305 Κυρίου
2598 4237 2695 4289 καὶ
2738 4238 2883 4297 κατὰ
2936 4236 3041 4289 τοῦ
3088 4237 3340 4303 Χριστοῦ
3381 4238 3595 4301 αὑτοῦ,
3629 4238 3804 4291 ταῦτά
3846 4255 3875 4288 τ

2349 4328 2546 4379 ἐνοεῖτο
2580 4324 2946 4396 ’μελλητικῶς’
2976 4324 3117 4377 οὑτω
3162 4327 3255 4379 καὶ
3286 4326 3378 4381 νῦν
3421 4328 3515 4389 τὸ,
3562 4327 3711 4394 Ἐγὼ
3748 4328 3875 4378 sm

701 4415 809 4482 jam
847 4414 978 4467 illud
1007 4432 1018 4466 :
1046 4412 1154 4482 Ego
1191 4412 1409 4467 dormivi
1436 4409 1484 4467 e't
1533 4422 1807 4480 separatus
1836 4430 1973 4477 sum,
2020 4416 2247 4484 prophe-

2346 4414 2543 4484 μήθην
2567 4416 2662 4468 καὶ
2692 4416 2959 4477 ὕπνωσα,
2994 4416 3339 4485 προφητικῶς
3369 4419 3603 4488 εἴρηται,
3644 4417 3766 4469 ἀντὶ
3792 4412 3876 4467 τοῦ

704 4506 809 4559 tice
850 4505 1050 4557 dictum
1081 4512 1184 4566 est,
1234 4505 1496 4569 videlicet,
1527 4505 1812 4566 dormiam,
1840 4527 1843 4529 ν
1869 4507 2165 4573 soporabor
2197 4515 2247 4562 et

2350 4506 2789 4575 Κοιμηθήσομαι
2829 4505 2927 4559 καὶ
2968 4504 3253 4571 ὺπνὼσω,
3306 4508 3398 4561 καὶ
3442 4506 3865 4577 ὲξεγερθήσομαι

705 4611 1011 4666 exsurgam,
1049 4595 1301 4665 quoniam
1350 4602 1430 4657 tu,
1476 4596 1718 4659 Domine,
1766 4602 2049 4665 susceptor
2100 4612 2251 4652 meus

705 4701 785 4749 es,
826 4687 991 4756 gloria
1036 4702 1172 4749 mea,
1207 4694 1262 4740 et
1283 4686 1525 4740 exaltans
1548 4696 1710 4755 caput
1739 4701 1936 4742 meum.
1988 4686 2085 4741 ilic
2111 4688 2253 4742 enim

709 4787 917 4846 tempus
956 4776 1245 4845 signiﬁcat,
1279 4790 1384 4844 quo
1433 4774 1536 4829 sibi
1594 4776 1705 4829 haec
1736 4776 2030 4833 obventura
2083 4787 2251 4831 sunt:

709 4878 993 4940 postquam
1030 4868 1330 4932 dormierit,
1363 4869 1559 4937 inquit,
1588 4864 2123 4937 exsurget,quoniam
2146 4868 2253 4924 Do-

710 4957 886 5011 minus
910 4956 1166 5023 suscipiet
1188 4954 1452 5009 eum.‘Per
1479 4954 1840 5008 dormitionem
1869 4956 2009 5010 enim
2028 4965 2254 5011 mortem

711 5044 999 5110 signiﬁcat,
1035 5042 1329 5097 secundum
1357 5059 1519 5113 quam
1548 5044 1663 5097 haec
1703 5043 1803 5098 sibi
1834 5043 2014 5099 futura
2058 5046 2253 5099 vatici-

709 5135 1102 5204 naturzidque
1141 5134 1307 5188 refert
1357 5134 1423 5188 ad
1484 5141 1697 5203 tempus
1744 5133 1866 5188 vita:
1925 5120 2251 5201 Salvatoris,

711 5243 816 5300 qua
860 5238 1070 5297 peracta
1120 5225 1407 5279 terminum
1462 5221 1741 5295 prophetia
1786 5238 2079 5281 consecuta
2131 5236 2252 5293 est;

711 5315 927 5389 quando
957 5316 1163 5369 scilicet
1204 5312 1374 5369 Filius
1412 5314 1643 5370 hominis
1680 5314 1933 5371 Christus
1979 5318 2045 5372 ad
2089 5316 2256 5372 infer-

711 5422 838 5462 num
888 5419 1079 5473 usque
1104 5404 1402 5469 descendit,
1430 5411 1483 5456 et
1536 5405 1888 5474 captivorum,
1921 5410 2011 5475 qui
2051 5407 2254 5461 exitum

711 5497 1118 5568 exspectabant,
1156 5495 1405 5551 Salvator
1433 5504 1885 5553 commonstratus
1915 5507 2033 5564 est;
2068 5499 2141 5552 ita
2195 5505 2255 5552 ut

714 5587 1124 5645 resurrectionis
1183 5588 1302 5657 ejus
1364 5603 1442 5641 ex
1491 5589 1716 5643 mortuis
1779 5597 2018 5660 tempore
2085 5591 2254 5645 multa

675 5707 679 5712 ι
712 5680 938 5749 corpora
994 5686 1302 5734 sanctorum
1346 5680 1438 5748 qui
1480 5679 1810 5735 dormierant
1840 5696 1946 5734 una
1976 5696 2097 5735 eum
2136 5665 2253 5753 ipso

716 5770 1029 5836 revixerint,
1064 5770 1116 5825 in
1168 5771 1329 5839 queis
1359 5769 1647 5827 verisimile
1694 5780 1776 5828 est
1824 5771 1992 5829 fuisse
2022 5773 2251 5830 animam

2350 4597 2432 4649 ὅτι
2476 4598 2540 4649 σὺ
2574 4596 2775 4667 Κύριος
2824 4595 3161 4667 ἀντιλήπτωρ
3216 4616 3317 4664 μου
3364 4594 3433 4661 εἴ,
3484 4597 3608 4660 δόξα
3666 4615 3767 4666 μου
3815 4614 3876 4649 κα

2330 4686 2502 4764 ⁵ὑιίιῶν
2532 4687 2629 4758 τὴν
2660 4686 2899 4757 κεφαλήν
2944 4706 3063 4758 μου.
3100 4690 3186 4743 Ἐν
3230 4691 3402 4756 τούτῳ
3445 4689 3556 4761 γὰρ
3582 4689 3672 4741 τὸν
3719 4688 3875 4759 καιρὸι

2352 4777 2768 4848 ἐπισημαίνεται
2803 4776 2920 4829 καθ’
2964 4778 3023 4830 ὃν
3049 4778 3277 4851 ὑπάρξει
3322 4778 3467 4849 αὑτῷ
3515 4777 3702 4832 ταῦτα.
3752 4780 3876 4831 Mer:

2353 4866 2460 4937 γὰρ
2487 4868 2546 4921 τὸ
2574 4866 2895 4938 κοιμηθῆναι
2922 4870 3083 4923 αὑτὸν
3134 4870 3566 4943 ἐξεγερθήσεται,
3604 4869 3787 4941 φησὶν,
3824 4871 3876 4921 ὅτ

2351 4953 2913 5029 Κύριοςὰντιλήψεται
2938 4962 3118 5029 αὑτοῦ.
3142 4963 3431 5031 Κοίμησιν
3453 4961 3509 5014 δὲ
3534 4961 3785 5031 σημαίνει
3813 4962 3876 5011 τί)⁴

2356 5048 2599 5115 θάνατον,
2631 5034 2750 5121 μεθ’
2781 5050 2839 5103 ὃν
2867 5051 3035 5105 ταῦτα
3067 5052 3282 5105 ἔσεσθαι
3314 5052 3438 5122 περὶ
3480 5050 3645 5105 αὑτοῦ
3688 5068 3875 5121 προφηι

2352 5138 2516 5203 τεύει,
2545 5138 2877 5209 ἀναπέμπων
2912 5141 3002 5193 ἐπὶ
3040 5140 3128 5192 τὸν
3156 5142 3342 5212 χρόνον
3380 5140 3477 5210 τῆς
3518 5140 3612 5192 τοῦ
3655 5140 3876 5208 Σωτῆροι

2356 5230 2674 5299 παρουσίας,
2709 5230 2827 5301 μεθ’
2857 5231 2916 5283 ὃν
2944 5230 3128 5289 τέλους
3156 5230 3340 5299 ἔτυχεν
3374 5231 3406 5301 ή
3439 5230 3767 5303 προφητεία·
3816 5230 3876 5279 ὅτι

2353 5320 2445 5373 καὶ
2492 5310 2679 5392 μέχρις
2723 5322 2848 5393 ᾅδου
2896 5321 3135 5385 καταϐὰς
3179 5308 3377 5388 ὀῆΥίδς
3422 5323 3515 5376 τοῦ
3546 5322 3827 5391 ἀνθρώπου
3870 5335 3876 5366 t

2351 5413 2603 5484 Χριστὸς,
2641 5415 2731 5468 καὶ
2764 5414 2869 5467 τῶν
2903 5416 3018 5475 ἐκεῖ
3057 5413 3475 5486 προσδοκώντων
3505 5413 3681 5483 ἄφιξιν
3712 5409 3876 5479 Σωτῄ

2353 5504 2651 5582 ἐπεδείχθη,
2682 5506 2756 5568 ὼς
2790 5504 2903 5575 ἅμα
2935 5507 3000 5575 τῇ
3042 5505 3205 5559 αὑτοῦ
3257 5509 3320 5559 ὲκ
3362 5506 3570 5577 νεκρῶν
3612 5500 3875 5556 ἀναστὰσε

2353 5594 2518 5648 πολλὰ
2549 5595 2772 5671 σώματα
2808 5596 2913 5649 τῶν
2968 5595 3135 5663 ἁγίων
3184 5596 3291 5650 τῶν
3323 5595 3727 5665 κεκοιμημένων
3776 5608 3876 5643 συνη

2353 5686 2642 5756 αναστῆναι
2673 5684 2838 5756 αὑτῷ,
2856 5688 2912 5741 ὲν
2940 5683 3022 5750 οἷς
3049 5687 3195 5754 εἰκὸς
3221 5685 3356 5740 εἶναι
3375 5687 3472 5742 καὶ
3501 5685 3599 5755 τὴν
3631 5681 3876 5763 τοῦλΔαυῒὶ

2292 5858 2295 5859 ν
2351 5778 2545 5849 ψυχήν.
2574 5776 2798 5848 Θαρσῶν
2833 5778 2889 5831 δὲ
2918 5782 2982 5849 τῇ
3016 5779 3239 5848 δυνάμει
3280 5778 3377 5846 τῆς
3425 5777 3759 5837 ἀναστάσεως
3806 5770 3876 5827 τοί
