3956 6340
114 434 167 491 91
858 420 861 421 ⁷
1190 431 1615 489 οοΜιιεΝτΑη

1730 434 1795 490 IN
1835 431 2167 491 PSALMUS.
3170 403 3180 417 °
3218 444 3287 498 93

114 558 339 627 Σωτῆρος,
374 556 438 609 δι’
486 552 553 629 ἧς
584 556 780 628 ἤμελλε
827 555 920 611 καὶ
967 555 1126 619 αὐτὸς
1178 556 1462 628 κοιμηθεὶς
1513 558 1618 626 ἐξε-

1727 557 1963 614 Davidis.
2003 557 2201 613 Fidens
2235 566 2413 612 autem
2440 556 2625 612 virtuti
2656 558 3071 617 resurrectionis
3104 557 3287 615 Salva-

114 646 451 719 γερθήσεσθαι,
479 650 646 720 φησιν
667 665 680 679 ⁸
768 652 801 657 ’⁷

166 830 234 881 οὐ
259 827 785 898 φοϐηθήσομαιὼτὸ
810 826 1109 897 μυριάδων
1130 827 1279 882 ,ιαοῦ
1302 825 1415 881 τῶν
1430 829 1630 896 κύκλῳ

113 919 606 988 συνεπιτιθεμένων
628 937 749 989 μοι.
798 919 1058 993 Προεοῖῳα
1100 923 1207 994 γάρ
1250 922 1333 974 ὅτι
1375 922 1629 995 μυριάδες

114 1010 455 1079 ἀντικειμένων
504 1009 786 1081 δυνάμεων
846 1011 1191 1083 βουλήσονται
1244 1013 1485 1082 ἐπισχεῖν
1532 1012 1626 1082 τὴν

113 1101 198 1155 τῶν
238 1103 394 1168 ἁγίων
453 1102 744 1163 ἀναϐίωσιν
770 1145 785 1169 ,
840 1103 1288 1175 διαφθονούμεναι
1335 1108 1400 1177 τῇ
1450 1106 1626 1159 αὐτῶν

112 1192 346 1265 σωτηρίᾳ·
380 1186 453 1247 ὧν
494 1193 627 1262 ἐγὼ,
658 1190 844 1266 φησιν,
880 1196 1030 1263 λόγον
1082 1196 1271 1249 οὐδένα
1312 1198 1622 1267 ποιήσομαι,

110 1285 289 1357 θαρρῶν
311 1284 386 1355 τῷ
414 1286 789 1359 ὑπερασπιατῇ
821 1304 943 1357 μου,
970 1285 1047 1358 τῷ
1082 1286 1177 1341 τοῦ
1215 1287 1441 1341 θανάτου
1472 1306 1625 1359 νικη-

107 1382 158 1449 vi;
176 1397 187 1409 ·
213 1379 265 1441 ὃς
290 1379 350 1449 δὴ
381 1378 550 1450 θύρας
578 1370 1095 1450 χώκάςίσυπρίψας
1122 1381 1212 1434 καὶ
1229 1381 1466 1451 ,μοχλοὺς
1483 1381 1627 1452 σιδη-

108 1469 209 1539 ροῦς
233 1469 537 1534 συνθλάσας,
560 1470 655 1533 τάς
680 1469 738 1535 ἐξ
761 1468 971 1535 αἰῶνος.
988 1471 1486 1543 ἀποκεκλεισμένας
1532 1472 1623 1526 τοῦ

105 1563 295 1616 θανάτου
316 1563 484 1625 πύλας
516 1562 770 1632 ἀνέῳξεν·
800 1563 915 1616 ὁδόν
938 1581 995 1617 τε
1019 1565 1363 1628 ἀναστάσεως
1385 1564 1624 1636 παρέσχε

104 1660 191 1719 τοῖς
206 1656 375 1708 αὐτόοι
400 1654 694 1726 γνωρίμοις
725 1655 907 1718 αὐτοῦ,
937 1649 1010 1708 ὧν
1032 1651 1110 1719 εἷς
1140 1656 1316 1709 αὐτῶν
1356 1652 1423 1728 ἦν
1464 1659 1493 1709 δ
1522 1660 1624 1711 Δα-

104 1749 183 1800 υἲδ.
227 1750 308 1802 Διὸ
336 1752 392 1801 ἐν
433 1748 605 1819 ἑτέρῳ
631 1745 829 1818 ψαλμῷ
859 1747 1072 1817 ἔλεγεν·
1129 1749 1484 1819 Ἐγνώρισάς
1523 1750 1623 1819 μὸι

101 1841 245 1907 ὀδοὺς
277 1839 437 1908 ζωῆς·
473 1840 807 1909 πληρώσεις
821 1859 897 1910 με
914 1843 1291 1911 εὐφροσύνης
1326 1843 1473 1912 μετὰ
1520 1841 1622 1895 τοῦ
1660 1891 1667 1899 ,

100 1933 386 1999 προσώπου
420 1951 550 1987 σου.

168 2024 426 2089 Ἀνάστα,
456 2028 653 2094 Κύριε,
686 2026 892 2081 σῶσόν
910 2045 1021 2097 με,
1065 2030 1098 2082 ό
1137 2027 1279 2092 Θεός
1316 2045 1453 2097 μου.
1498 2028 1623 2081 Ὅτι

102 2118 167 2172 σὺ
192 2119 481 2187 ἐπάταξας
501 2121 729 2189 πάντας
756 2122 896 2189 τοὺς
925 2120 1349 2191 ἐχθραίνοντὰς
1384 2139 1485 2190 μοι
1509 2140 1621 2191 μα-

100 2211 263 2276 ταίως·
286 2208 547 2279 ὀδόντας
572 2213 932 2283 ἁμαρτωλῶν
958 2213 1343 2283 συνέτριψας.
1386 2214 1494 2267 Τοῦ
1519 2219 1627 2268 Κυ-

92 2305 258 2370 piem)
290 2307 570 2375 σωτηρία,
588 2308 685 2361 καὶ
705 2308 801 2361 ἐπὶ
835 2306 939 2360 τὸν
979 2307 1131 2361 λαόν
1169 2322 1283 2361 σου
1316 2308 1354 2375 ἡ
1380 2309 1626 2376 εὐλογία

96 2414 206 2451 σου,
230 2398 525 2463 Πιστεύσας
554 2403 619 2471 τῇ
646 2399 949 2472 προγνώσει
972 2400 1068 2471 τῆς
1090 2400 1455 2471 γενησομένης
1478 2400 1625 2471 αὐτῷ

101 2491 210 2558 μετά
246 2491 353 2559 τὴν
384 2493 667 2562 κοίμησιν
700 2492 943 2546 τουτέστι
994 2491 1087 2545 τοῦ
1138 2491 1366 2546 θανάτου
1405 2493 1492 2546 διὰ
1526 2492 1625 2562 τῆς

99 2585 327 2655 σωτηρίου
360 2585 578 2655 χάριτος
605 2586 696 2638 καὶ
728 2584 1073 2655 εὐεργεσίαςσ
1114 2585 1194 2637 ὅτι
1232 2602 1290 2637 τε
1320 2583 1418 2636 οὐκ
1450 2583 1623 2647 ἄλλως

97 2676 219 2728 ἔσται
251 2676 281 2746 ἢ
329 2678 425 2730 σὺν
454 2679 520 2747 τῇ
550 2676 710 2729 αὐτοῦ
732 2676 825 2731 τοῦ
853 2678 1100 2748 Σωτῆρος
1140 2675 1453 2738 ἀναστάσει,
1497 2676 1624 2728 ἀκο-

97 2767 267 2832 λούθως
292 2769 504 2838 εὔχεται
533 2767 850 2839 ἐπιταχῦναι
889 2768 984 2822 τοῦ
1016 2768 1220 2839 Κυρίου
1249 2766 1348 2837 τὴν
1390 2766 1593 2820 ἀνάστα

100 2876 180 2919 σιν,
207 2859 339 2923 ὅπως
378 2860 455 2912 δι’·
480 2859 646 2929 αὐτῆς
679 2858 816 2932 τύχῃ
855 2860 947 2941 καὶ
1002 2858 1163 2921 αὐτὸς
1190 2859 1287 2930 τῆς
1314 2858 1581 2928 σωτηρίας
1603 2875 1615 2887 ⁸

98 2950 160 3002 διό
192 2966 360 3019 φησιν·
406 2948 675 3013 Ἀνάστα,
705 2950 897 3017 Κύριε,
919 2946 1126 3002 σῶσόν
1139 2964 1235 3017 με,
1266 2950 1298 3000 ό
1326 2947 1467 3011 Θεός
1478 2964 1616 3015 μου.

99 3041 301 3111 Νικητὴν
326 3040 380 3092 δὲ
410 3040 498 3092 τὸν
522 3040 749 3111 Σωτῆρα
766 3037 919 3111 εἰδὼς
953 3038 1166 3091 πάντων
1190 3036 1297 3088 τῶν
1328 3034 1622 3090 ἐπιϐουλῶν

98 3132 168 3183 τοῦ
200 3132 297 3184 τῶν
324 3131 625 3211 ¹ἀνθρώπων
663 3131 884 3198 γένους,
926 3129 1194 3200 δαιμόνων
1239 3126 1486 3199 πονηρῶν
1529 3126 1623 3180 καὶ

96 3224 335 3294 δυνάμεων
375 3222 761 3294 ἀντικειμένων
782 3221 986 3293 ,φησίν
1005 3239 1017 3252 ·
1067 3222 1183 3275 Ὅτι
1212 3219 1293 3274 σὺ
1322 3218 1622 3286 ἐπάταξας

96 3317 288 3383 πάντας
313 3317 455 3383 τοὺς
479 3313 901 3385 ἐχθραίνοντάς
925 3331 1026 3383 μοι
1047 3312 1332 3387 ματαίως,⁶
1364 3309 1546 3373 Οὕτως
1560 3309 1618 3362 τὸ

104 3407 351 3487 Ἑϐραῐκὸν
402 3410 478 3479 (ι)
521 3409 621 3462 οὐκ
649 3407 758 3477 ἔχει
783 3446 797 3469 ,
824 3406 1107 3475 ματαίως,
1142 3403 1297 3470 ἀλλά,
1334 3403 1615 3472 σιαγόνα·

96 3500 132 3549 οἱ
156 3501 203 3552 δὲ
239 3499 650 3570 Ἐὸδομήκοντα,
676 3498 957 3567 ματαίως,
988 3495 1252 3560 ἐξέδωκαν
1273 3534 1287 3558 ,
1328 3494 1361 3564 ἢ
1387 3494 1525 3551 κατά
1554 3495 1619 3547 τά

97 3591 260 3661 ἀρχαῖα
290 3584 591 3662 ἀντίγραφα
623 3588 821 3661 ἑτέρως
844 3588 1129 3657 ἐσχηκότα,
1155 3586 1297 3640 καθά
1324 3587 1453 3654 φασί
1480 3603 1620 3650 τινες

98 3684 179 3737 τῶν
211 3683 495 3755 Ἐϐραίων,
522 3682 554 3751 ἢ
590 3680 689 3751 τῆς
714 3679 909 3743 λέξεως
940 3678 1001 3731 τὺ
1038 3676 1248 3738 εὐτελὲς
1278 3675 1616 3744 ἀποφεύγον-

97 3793 182 3838 τες.
210 3776 371 3829 Οίονεὶ
402 3774 460 3827 δὲ
494 3771 832 3844 κοιμώμενον
850 3770 1061 3831 δεικνὺς
1087 3766 1175 3820 τὸν
1202 3767 1353 3828 Θεὸν,
1385 3767 1473 3819 ὅτε
1502 3766 1618 3818 πεί-

99 3885 175 3938 ρας
202 3868 348 3921 ἕνεκα
376 3866 691 3939 παρέδωκεν
721 3865 867 3936 ἡμᾶς
891 3865 1010 3924 ταῖς
1028 3857 1423 3929 ἀντικειμέναις
1458 3856 1616 3909 δυνά-

100 3978 230 4029 μεσι,
256 3962 580 4031 διανίστησιν
623 3958 800 4012 αὐτόν.
850 3957 1002 4025 Τάχα
1028 3954 1083 4006 δὲ
1127 3952 1218 4005 καὶ
1254 3952 1342 4003 ὅτε
1376 3950 1465 4002 τὸν
1506 3950 1616 3999 Σω-

97 4055 209 4125 τῆρα
226 4057 356 4126 ὑπὲρ
377 4054 534 4126 ὴμῶν
558 4054 772 4108 πάντων
802 4051 1135 4123 παρέδωκεν,
1159 4042 1442 4099 ἐκάθευδεν
1470 4038 1615 4110 αὐτῷ

98 4146 115 4193 ὁ
140 4146 299 4217 Πατήρ
317 4163 331 4175 ·
384 4145 687 4197 Ἀνίσταται
719 4141 778 4195 δὲ
807 4140 993 4204 σώζων
1020 4137 1178 4191 αὑτὸν
1207 4134 1493 4188 πατάσσων
1519 4131 1614 4183 αὐ-

98 4238 167 4290 τοῦ
195 4240 305 4302 τοὺς
333 4238 579 4309 ἐχθροὺς,
611 4238 642 4308 ἢ
673 4238 799 4297 τοὺς
842 4233 1149 4294 Ἰουδαίους,
1181 4230 1213 4301 ἦ
1248 4230 1371 4291 τοὺς
1397 4226 1615 4297 νοητοὺς

100 4330 267 4398 ἀλόγως
310 4331 703 4402 ὲχθραίνοντας.
766 4325 919 4379 Μετά
955 4324 1063 4395 γάρ
1109 4321 1217 4375 τῶν
1266 4319 1558 4391 μισούντων
1587 4318 1615 4368 ὁ

100 4426 219 4491 ᾰγιὸς
244 4427 380 4476 ἐστιν
418 4420 707 4492 εἰρηνικὸς,
740 4416 965 4485 ἀγαπῶν
995 4418 1119 4479 τοὺς
1139 4413 1379 4485 ἐχθρούς
1408 4408 1615 4480 ,ἀνθρω-

101 4517 328 4588 κενότερον
357 4518 384 4568 ὁ
418 4513 491 4583 μὴ
525 4510 764 4582 ματαίως
796 4506 1090 4578 ὲχΟραίνων
1126 4503 1427 4575 ἀμύνεσθαι
1452 4500 1608 4553 θέλει·

100 4605 457 4675 ϋεοσεϐέστερον
479 4603 535 4655 δὲ
565 4600 652 4654 διὰ
678 4599 739 4651 τὸ
759 4595 1043 4667 ἀληθεύειν
1095 4597 1236 4664 Ἔφη
1267 4593 1374 4663 γὰρ
1404 4592 1432 4643 ὁ
1465 4589 1611 4643 Παῦ-

98 4697 187 4760 λος·
224 4700 448 4768 Ἐχθρὸς
466 4694 606 4764 ὑμῖν
634 4690 846 4760 γέγονα
881 4688 1194 4756 ἀληθεύειν
1216 4688 1288 4756 (2)
1324 4684 1497 4753 ὑμῖνυ
1533 4683 1615 4735 '0-

102 4792 314 4845 τῖοξονκαὶ
343 4794 400 4844 ὲν
430 4788 675 4860 Ψαλμοῖς
698 4785 782 4849 τὸ,
822 4781 965 4850 Οὐχὶ
996 4779 1135 4845 τοὺς
1161 4778 1488 4847 μισοῦντάς
1516 4766 1610 4839 σε,

100 4883 252 4948 Κύριε,
305 4884 603 4952 ἐμίσησα;
665 4873 919 4930 Ἀλλόὑκ
946 4869 1385 4937 ὲπιϐουλευτικὴν
1418 4866 1612 4936 ἔχθραν

98 4975 291 5041 νοητῶν,
324 4973 457 5026 ἀ)λά
482 4970 785 5038 κωλυτικὴν
806 5006 818 5028 ,
847 4963 1102 5036 χεομὲνης
1145 4960 1339 5020 κακίας
1371 4958 1448 5019 εἰς
1484 4956 1613 5008 πολ-

100 5059 209 5127 λούς.
235 5067 303 5119 Δι’
324 5064 512 5119 ἑαυτοῦ
540 5062 650 5135 γὰρ
674 5062 707 5133 ἢ
729 5059 823 5114 καὶ
851 5059 912 5110 δι’
938 5055 1093 5109 ἄλλου
1127 5052 1232 5123 χρὴ
1262 5050 1355 5120 τὴν
1386 5048 1614 5117 δυνατὴν

102 5160 392 5225 προσάγοντα
451 5156 695 5229 βοήθειαν
748 5148 1096 5224 Θεραπεύειν·
1142 5145 1265 5216 me
1310 5144 1612 5195 τελευταῖον

100 5248 302 5317 εὔχεσθαι
340 5253 467 5324 περὶ
511 5249 605 5303 τοῦ
654 5244 982 5313 κολασθῆναι
1009 5240 1105 5310 τὴν
1156 5235 1433 5308 μοχθηρὰν
1472 5233 1605 5299 ἕξιν.

100 5340 596 5414 ἣγωνὲκριζωϐἦναι
638 5341 745 5394 ἀπὸ
782 5338 873 5392 τοῦ
924 5336 1161 5407 ἔχοντος·
1206 5323 1266 5383 οὗ
1307 5329 1607 5382 διδακτικὸν

102 5433 170 5483 7.1".
194 5432 264 5495 τό,
306 5436 717 5503 Προσεύχεσθε
761 5429 911 5497 ὑπὲρ
964 5426 1079 5480 τῶν
1128 5420 1572 5490 ἐπηρεαζόντων
1591 5459 1605 5483 ,

106 5525 274 5587 καὶτὸ,
314 5524 599 5593 Ἀταπᾶτε
635 5521 777 5587 τοὺς
818 5518 1070 5587 ἐχθροὺς
1114 5511 1297 5583 ὑμῶν.
1355 5513 1410 5564 Ὀ
1443 5510 1497 5563 δὲ
1532 5509 1608 5580 μὴ

106 5614 235 5683 ἦιλῶς
257 5602 509 5687 ἀγαπῶν,
538 5617 633 5671 καὶ
683 5614 809 5685 περὶ
847 5612 905 5665 τὸ
944 5611 1121 5673 καλῶς
1162 5605 1424 5676 γενέσθαι
1462 5604 1608 5674 αὑτῷ

1688 682 1697 691 -
1731 650 1885 719 toris,
1919 666 2013 721 per
2039 664 2203 720 quam
2241 656 2295 705 et
2325 648 2439 719 ipse
2464 648 2740 705 dormiens
2768 650 3118 708 suscitandus
3150 662 3287 719 erat,

1729 743 1807 797 ait
1839 763 1849 795 :

1728 870 1736 877 κ
1798 833 1963 891 Vens.
1995 836 2048 889 7.
2082 831 2205 887 Non
2237 831 2422 887 timebo
2464 832 2634 886 millia
2686 832 2865 901 populi
2910 834 3287 890 circumdantis

1727 939 1827 978 me.
1856 921 2187 977 Praevidebat
2208 921 2353 975 enim
2384 921 2549 973 multa
2583 918 2694 974 fore
2728 920 3158 976 adversariarum
3189 936 3287 991 po.

1726 1022 1985 1071 testatum
2017 1014 2206 1077 millia,
2258 1026 2377 1082 qua:
2424 1019 2735 1067 sanctorum
2793 1013 3282 1075 resurrectionem.

1725 1125 1913 1164 eorum
1946 1108 2107 1164 saluti
2138 1105 2458 1169 invidentes,
2495 1094 2836 1174 interpellare
2868 1105 3103 1159 vellent:
3147 1121 3285 1175 quos

1724 1218 1845 1272 ego,
1900 1200 2097 1270 inquit,
2146 1198 2302 1253 nihili
2358 1196 2576 1260 faciam,
2612 1196 2848 1251 conlisus
2898 1198 3283 1266 propugnatori

1724 1308 1866 1356 meo,
1896 1292 2088 1358 mortis
2112 1289 2342 1355 victori;
2366 1289 2455 1358 qui
2487 1288 2738 1343 contritis
2767 1288 2921 1341 aereis
2952 1286 3158 1342 foribus
3192 1303 3285 1342 ve-

1731 1381 2271 1451 ctibusque-ferreis
2332 1380 2648 1438 contractis.
2700 1377 2947 1433 occlusae
2994 1394 3024 1434 a
3085 1379 3284 1433 sacculo

1720 1481 1907 1542 portas
1931 1472 2120 1526 mortis
2140 1470 2369 1542 aperuit,
2405 1471 2653 1539 notisque
2682 1470 2797 1524 suis
2832 1468 2907 1523 ibi
2940 1468 3281 1539 degentibus,
3330 1452 3335 1458 ’

1721 1579 1752 1617 e
1779 1577 2008 1633 quorum
2044 1576 2270 1615 numero
2311 1560 2477 1613 David
2524 1572 2673 1624 erat,
2725 1561 2793 1615 ad
2828 1541 3281 1617 resurrectionem

1722 1658 1864 1710 viam
1916 1656 2145 1732 paravit.
2207 1653 2567 1720 Quamobrem
2622 1654 2674 1706 in
2708 1646 2814 1705 alio
2859 1653 3068 1722 psalmo
3098 1653 3280 1710 dixit:

1726 1747 1895 1804 Notas
1925 1749 2053 1803 mihi
2076 1749 2245 1817 fecisti
2301 1748 2411 1802 uias
2448 1746 2565 1800 vita:
2596 1762 2613 1798 :
2642 1743 2951 1813 adimplebis
2985 1762 3065 1798 me
3095 1744 3283 1800 latitia

1724 1859 1840 1897 cum
1872 1844 2015 1897 vultu
2046 1852 2135 1896 tuo
2160 1842 2247 1895 ιδ’.

1803 2022 1963 2079 Vens.
1998 2023 2051 2077 8.
2083 2019 2339 2091 Exsurge,
2368 2019 2608 2083 Domine,
2650 2018 2855 2072 salvum
2898 2033 2977 2071 me
3005 2017 3111 2086 fac,
3138 2015 3279 2072 Deus

1729 2133 1894 2171 meus.
1964 2115 2225 2181 Quoniam
2272 2125 2327 2167 tu
2378 2111 2680 2181 percussisti
2725 2126 2900 2164 omnes
2948 2106 3277 2163 adversantes

1730 2207 1857 2261 mihi
1888 2206 2000 2259 sine
2032 2220 2216 2266 causa,
2250 2202 2429 2256 dentes
2459 2209 2787 2270 peccatorum
2816 2199 3129 2253 contrivisti.
3171 2199 3280 2251 Do-

1729 2298 1857 2352 mini
1905 2305 1981 2350 est
2018 2294 2185 2361 salus,
2238 2302 2287 2347 et
2316 2308 2470 2360 super
2506 2291 2754 2361 populum
2798 2302 2945 2345 tuum
2998 2289 3280 2343 benedictio

1730 2399 1842 2444 tua.
1881 2388 2020 2443 Cum
2054 2386 2389 2459 prospiceret
2423 2386 2654 2439 salutem
2688 2383 2813 2445 sibi,
2848 2389 2971 2453 post
2999 2382 3280 2436 dormitio-

1729 2501 1844 2540 nem
1890 2484 2005 2538 sive
2050 2471 2281 2540 obitum,
2316 2478 2545 2535 salutari
2586 2476 2757 2547 gratia
2803 2484 2966 2545 atque
3014 2474 3282 2530 beneﬁcio

1728 2573 2136 2638 conferendam,
2173 2571 2382 2642 ipsique
2421 2568 2577 2622 ﬁdem
2625 2567 2881 2633 haberet;
2916 2575 3098 2621 certus
3136 2566 3280 2620 hanc

1729 2665 1942 2721 nonnisi
1978 2663 2034 2717 in
2078 2661 2475 2717 resurrectione
2530 2658 2829 2714 Salvatoris
2856 2674 3017 2729 posse
3050 2659 3153 2713 sibi
3193 2659 3285 2712 ob-

1727 2759 1929 2821 venire,
1970 2760 2371 2821 consequenter
2415 2752 2685 2821 precatur
2726 2750 3041 2825 accelerari.
3067 2748 3280 2804 Domini

1726 2846 2202 2921 resurrectionem.
2233 2850 2293 2896 ut
2320 2855 2415 2910 per
2442 2855 2560 2894 eam
2596 2847 2650 2894 et
2677 2840 2793 2908 ipse
2825 2841 3054 2894 salutem
3090 2854 3283 2894 conse-

1725 2948 1942 3012 quatur.
1978 2934 2339 3004 Quamobrem
2369 2933 2478 2987 ait:
2527 2930 2781 3001 Exsurge,
2806 2930 3045 2992 Domine,
3074 2932 3278 2985 saluum

1725 3049 1807 3087 me
1828 3031 1936 3099 fac,
1960 3029 2101 3095 Deus
2126 3041 2304 3081 meus:
2342 3036 2651 3096 gnarusquc
2683 3021 2921 3075 futurum
2942 3019 3276 3077 Salvatorem

1727 3126 1969 3181 omnium
2023 3121 2237 3194 generis
2289 3119 2512 3174 humani
2567 3116 2910 3179 insidiarum,
2974 3116 3275 3177 dtemonum

1727 3219 1853 3274 item
1904 3226 1956 3273 et
1994 3212 2427 3269 adversariarum
2487 3217 2815 3280 potestatum
2847 3209 3131 3272 victorem,
3163 3208 3272 3261 ait:

1731 3306 1994 3376 Quoniam
2021 3313 2075 3356 tu
2102 3300 2405 3371 percussisti
2437 3314 2612 3353 omnes
2653 3296 2981 3351 adversantes
3012 3295 3138 3349 milli
3170 3294 3279 3348 sirc

1730 3416 1911 3455 causa.
1943 3395 2267 3450 Hellraicum
2314 3391 2589 3459 exemplar
2640 3394 2747 3443 non
2796 3389 2877 3442 sic
2930 3387 3112 3450 habet,
3167 3387 3280 3441 sine

1723 3508 1908 3554 causa,
1941 3489 2059 3551 sed,
2091 3488 2145 3540 iu
2191 3482 2511 3545 maxillam;
2546 3480 2895 3550 Septuaginta
2940 3495 3071 3533 vero
3102 3477 3277 3534 Inter-

1723 3590 1921 3653 prctes,
1962 3581 2071 3633 sine
2098 3592 2280 3637 causa,
2312 3572 2620 3634 ediderunt,
2655 3571 2767 3625 sive
2807 3570 2934 3639 quia
2979 3570 3275 3629 vetustiora

1722 3670 2048 3741 exemplaria
2084 3668 2382 3729 variabant,
2411 3672 2469 3717 ut
2490 3664 2708 3733 quidam
2738 3660 3086 3715 Hebraeorum
3120 3664 3278 3715 testi-

1722 3762 1985 3823 ﬁcantur;
2048 3759 2161 3812 sive
2218 3764 2270 3809 ut
2332 3770 2361 3807 a
2428 3753 2579 3808 vocis
2653 3752 2858 3805 vilitate
2913 3750 3269 3805 declinarent.

1720 3851 1887 3907 Deum
1920 3864 2048 3904 vero
2083 3848 2237 3918 quasi
2271 3854 2383 3899 tum
2416 3844 2774 3900 dormientem
2798 3842 3271 3903 adumbrans,cuin

1720 3944 1961 4000 tentandi
2000 3954 2167 3996 causa
2197 3939 2526 3994 adversariis
2556 3951 2656 3991 nos
2699 3934 3060 4004 potestatibus
3104 3934 3273 3987 tradi-

1720 4035 1819 4098 dit,
1878 4034 2055 4102 ipsum
2103 4040 2132 4083 a
2167 4042 2361 4084 somno
2418 4026 2661 4080 excitat.‘
2694 4021 2760 4075 Et
2811 4021 3063 4077 fortassis
3110 4020 3270 4074 etiam

1719 4134 1851 4180 tunc
1909 4115 2067 4177 Pater
2110 4119 2411 4181 dormierit,
2460 4131 2585 4171 cum
2642 4114 2977 4169 Salvatorem
3025 4116 3272 4166 nostrum

1721 4232 1820 4289 pro
1864 4215 2021 4269 nobis
2064 4210 2320 4267 omnibus
2360 4208 2613 4264 tradidit:
2660 4206 2928 4261 excitatur
2985 4208 3163 4256 autem
3214 4208 3273 4254 ut

1721 4311 1949 4364 salutem
1981 4308 2083 4378 ipsi
2115 4304 2383 4366 conferat,
2435 4300 2811 4372 percutiatque
2847 4296 3101 4349 inimicos
3127 4292 3270 4360 ejus,

1723 4420 1843 4457 cum
1876 4396 2111 4474 Judmos,
2169 4407 2279 4455 tum
2341 4393 2706 4463 intelligihilcs
2754 4390 2959 4453 hostes,
3018 4386 3111 4456 qui
3152 4386 3269 4439 sine

1722 4513 1885 4554 causa
1915 4498 2091 4566 ipsum
2123 4490 2371 4548 ederunt.
2407 4486 2539 4540 Nam
2566 4484 2648 4538 vel
2680 4498 2802 4537 cum
2830 4481 2906 4545 iis
2936 4480 3029 4548 qui
3064 4494 3123 4533 se
3144 4477 3271 4531 odio

1690 4610 1691 4615 η
1722 4592 1919 4645 habent
1949 4590 2032 4641 vir
2064 4593 2285 4641 sanctus
2317 4580 2577 4651 paciﬁcus
2632 4582 2738 4637 est,
2791 4572 3150 4641 inimicosque
3183 4570 3269 4624 di-

1721 4686 1867 4755 ligit:
1904 4680 2199 4735 humanius;
2250 4686 2427 4729 autem
2458 4671 2631 4726 sentit
2685 4667 2779 4739 qui
2829 4680 2953 4719 cum
3003 4680 3111 4718 non
3148 4662 3271 4717 sine

1719 4791 1883 4831 causa
1933 4773 2094 4826 alicui
2126 4770 2379 4824 inimicus
2410 4768 2500 4833 sit,
2548 4766 2808 4819 ultionem
2863 4760 3103 4831 expetit.:
3147 4760 3271 4812 reli-

1719 4868 1923 4939 giosius
1963 4877 2126 4933 porro
2155 4861 2266 4915 veri
2310 4857 2523 4913 dicendi
2560 4869 2725 4910 causa
2777 4852 2936 4925 [tales
2975 4849 3270 4903 inimicitia:

1718 4952 2139 5029 suscipiuntur.]
2203 4953 2292 5006 Ait
2342 4953 2485 5007 enim
2536 4948 2774 5002 Paulus:
2830 4943 3081 4997 Inimicus
3130 4939 3266 4993 vobis

1715 5028 1885 5123 factus
1914 5064 2029 5101 sum
2054 5061 2228 5099 verum
2252 5044 2427 5097 dicens
2445 5042 2513 5095 ’δε
2546 5040 2705 5112 quale
2731 5037 2892 5091 etiam
2944 5033 2999 5117 in
3036 5028 3268 5083 Psalmis

1714 5118 1843 5196 illud
1871 5148 1986 5191 est:
2022 5135 2208 5188 Nonne
2236 5134 2325 5203 qui
2354 5130 2572 5185 oderunt
2595 5137 2663 5192 te,
2693 5126 2931 5187 Domine,
2961 5119 3172 5174 oderam
3188 5118 3269 5170 ὀἳ

1714 5231 1782 5285 At
1815 5244 1923 5283 non
1958 5225 2306 5282 insidiantem
2343 5219 2683 5277 inimicitiam
2735 5216 2821 5269 hic
2864 5212 3131 5279 intelligas
3173 5224 3266 5262 ve~

1715 5322 1827 5380 lim,
1860 5316 1955 5372 sed
2005 5314 2429 5385 impedientem;
2480 5306 2685 5362 malitia
2730 5303 2937 5358 scilicet
2976 5298 3031 5350 in
3065 5294 3265 5348 multos

1711 5404 1925 5468 diﬂhsa.
1979 5410 2075 5463 Sui
2110 5421 2346 5477 namque
2379 5404 2463 5459 vel
2511 5402 2673 5456 etiam
2709 5394 2932 5450 alterius
2978 5402 3145 5443 causa
3174 5402 3267 5441 eo.

1712 5503 1901 5561 lendus
1934 5501 2415 5569 ohservandusque
2444 5505 2532 5552 est
2583 5492 2673 5563 qui
2702 5486 2959 5543 auxilium
3008 5488 3263 5552 praastat;

1713 5600 1826 5656 sive
1862 5597 2078 5651 demum
2110 5592 2444 5666 precandum
2472 5598 2577 5652 est,
2606 5594 2663 5639 ut
2692 5582 2757 5637 de
2792 5576 3039 5650 improbo
3070 5573 3266 5629 aﬂectu

159 5772 209 5801 ⁸³·
244 5771 370 5829 Psal.
398 5789 489 5838 xv,
520 5772 606 5827 ιο.
683 5768 729 5800 ⁸⁸
766 5765 942 5822 Galat.
980 5780 1063 5825 tv,
1102 5763 1185 5819 16.
1262 5761 1305 5792 "
1339 5758 1483 5815 Psal.
1520 5768 1791 5821 cxxxvm,
1831 5751 1911 5808 2t.

158 5927 215 5994 (li
249 5931 297 5987 in
327 5934 583 5993 llcbraico
618 5920 831 6001 legitur,
872 5909 965 5991 ’ΠΒ
990 5926 1133 5988 quod
1154 5927 1236 5981 est
1264 5918 1503 5974 maxilla.

1761 5908 1846 5981 (2)
1883 5904 2044 5962 Forte
2073 5884 2358 5975 legendum
2399 5878 2695 5969 ἀληθευων.
2733 5891 2890 5947 Eutr.
