3956 6340
632 362 734 444 οε)

1342 380 1608 437 EUSEBII
1646 380 2123 448 CIESARIENSlb‘
2161 383 2308 437 ()PP.
2352 380 2552 439 PARS.
2594 378 2679 436 111.
2712 383 3193 443 —EXEGETICA.

3790 392 3874 446 100

663 503 799 557 ultio
829 510 1114 565 sumatur;
1145 500 1226 554 vel
1264 506 1323 551 ut
1372 499 1639 555 nadicitus
1670 501 1896 554 tollatur
1924 501 2002 554 ab
2032 516 2095 554 eo
2135 504 2221 570 qui

2338 502 2601 569 συνεργεῖ,
2638 500 2731 554 καὶ
2763 499 2823 552 τὸ
2850 502 2906 553 ἐν
2929 503 3139 573 ἑϐδόμῳ
3164 502 3220 556 δὲ
3235 501 3435 575 ψαλμῷ
3459 502 3743 575 λεγόμενον
3762 523 3777 536 ο
3821 509 3875 559 ει

661 595 745 648 sic
762 593 984 648 alTectus
1006 601 1105 647 cst.
1133 590 1305 658 Quam
1322 606 1433 646 rem
1452 592 1609 645 docet
1625 591 1756 645 illud
1776 610 1789 645 :
1810 590 2109 644 Precamini
2129 607 2223 658 pro

572 743 576 747 ,
659 687 725 739 iis
762 687 849 756 qui
896 702 982 738 vos
1030 685 1270 738 molestia
1317 684 1649 752 alliciunt";
1709 690 1760 739 et
1806 684 1975 738 illud:
2014 683 2224 754 Diligite

663 777 909 830 inimicos
945 787 1142 830 vestros
1174 778 1245 830 ’⁸.
1300 775 1403 841 Qui
1451 788 1618 846 porro
1664 789 1775 830 non
1822 775 2013 837 leviter
2056 786 2222 839 amat,

663 878 919 937 procurat
959 870 1124 924 etiam
1160 878 1219 924 ut
1274 869 1512 926 inimicis
1558 870 1697 925 bene
1736 871 2035 941 conlingat.
2068 868 2226 925 lusu-

666 970 868 1023 perque
906 959 1032 1012 illud
1075 973 1127 1012 tn
1155 960 1383 1028 septimo
1408 962 1617 1029 psalmo
1644 963 1847 1018 dictum
1878 983 1890 1018 :
1921 962 1980 1018 Si
2006 966 2214 1026 reddidi

667 1046 1066 1100 retribuentibus
1086 1049 1213 1101 mihi
1236 1051 1395 1116 mala,
1421 1052 1655 1106 decidam
1679 1056 1865 1107 merito
1890 1055 1953 1109 ab
1980 1057 2231 1109 inimicis‘

660 1134 787 1186 meis
807 1134 979 1188 inanis
1005 1138 1071 1201 ",
1092 1138 1369 1207 perspicue
1390 1140 1549 1197 docet
1569 1145 1836 1199 neminem
1859 1145 1983 1201 odio
2007 1146 2209 1205 haben-

668 1231 798 1285 dum
821 1246 961 1286 esse.
999 1230 1111 1285 Cur
1136 1233 1317 1302 itaque
1339 1234 1547 1288 dictum
1565 1242 1649 1290 est
1668 1251 1682 1288 :
1699 1232 1885 1288 Nonne
1896 1235 1985 1304 qui
2003 1234 2223 1289 oderunt

666 1332 736 1384 te,
790 1322 1027 1387 Domine,
1072 1323 1388 1378 oderant“?
1420 1323 1531 1385 lino
1562 1325 1745 1394 potius
1778 1326 1902 1395 quis
1938 1316 2074 1381 adeo
2119 1327 2221 1381 im-

666 1413 810 1481 pius,
850 1422 907 1466 ut
943 1430 1067 1467 cum
1094 1413 1220 1467 odio
1250 1412 1465 1477 habeat,
1510 1428 1669 1482 quem
1696 1412 1861 1468 Deum
1896 1413 2225 1471 arbitratur?

664 1504 767 1571 Qui
802 1506 968 1574 igitur
997 1505 1277 1561 Christum
1322 1505 1448 1560 odio
1500 1505 1701 1559 habent
1751 1519 1813 1559 ac
1863 1506 2219 1576 detestantur,

665 1595 836 1653 Deum
859 1597 1095 1653 oderunt
1123 1617 1134 1652 :
1170 1613 1318 1661 nam,
1360 1598 1451 1665 qui
1476 1614 1556 1650 me
1578 1598 1781 1664 recipit,
1813 1597 2010 1668 inquit,
2041 1598 2221 1667 recipit

662 1705 781 1742 eum
817 1690 904 1759 qui
950 1706 1031 1742 me
1088 1690 1228 1743 misit
1254 1689 1322 1755 ⁸¹;
1370 1698 1443 1752 et,
1493 1688 1883 1759 quiconﬁtetur
1910 1685 2131 1749 Filium,
2173 1695 2224 1741 et

663 1781 883 1834 Patrem
925 1781 1079 1835 habet
1115 1781 1181 1849 ³⁸,
1216 1795 1280 1836 ac
1322 1782 1443 1835 vice
1489 1795 1667 1843 versa,
1716 1780 1806 1850 qui
1849 1777 2049 1833 Filium
2088 1778 2217 1844 odit,

2328 590 2719 647 ἀνταπέδωκα
2754 586 2877 657 τοῖς
2905 594 3372 650 ἀνταποδιδοῦσί
3398 614 3500 665 μοι
3525 597 3686 650 κακὰ
3704 638 3721 663 ,
3750 597 3877 651 ἁπο-

2329 684 2567 754 πέσοιμι
2602 683 2715 753 ἄρα
2754 685 2870 738 ἀπὸ
2899 683 3017 737 τῶν
3044 686 3270 755 ἐχθρῶν
3303 705 3423 761 μου
3464 689 3676 756 κενὸς,
3712 689 3877 758 σαφῶς

2328 768 2566 827 διδάσκει
2591 773 2794 846 μηδένα
2816 778 3013 845 μισεῖν.
3042 776 3165 840 Πῶς
3188 774 3278 832 οὖν
3307 782 3519 852 εῐρηται
3539 797 3552 811 ·
3582 780 3730 850 Οὐχὶ
3758 781 3878 847 τοὺς

2324 864 2654 931 μισοῦντας
2677 881 2770 929 σε,
2794 866 2989 935 Κύριε.
3014 866 3278 935 ἐμίσησα
3287 885 3305 932 ;
3323 858 3541 926 Μᾶλλον
3565 871 3621 925 δὲ
3649 872 3731 935 τίς
3752 872 3878 925 ἐστιν

2328 953 2499 1018 οὕτως
2527 955 2702 1019 ἄθεος,
2733 955 2810 1020 ὼς
2845 959 3020 1029 μισεῖν
3048 957 3107 1012 ὃν
3139 959 3351 1030 ἡγεῖται
3384 961 3549 1028 Θεόν;
3592 962 3759 1033 Δῆλον
3780 958 3875 1026 οῦν,

2328 1046 2413 1111 ὡς,
2444 1050 2494 1101 οί
2528 1048 2811 1118 μισοῦντες
2852 1051 2944 1104 καὶ
2993 1050 3511 1123 καταθεματίζοντες
3562 1055 3766 1127 Ἰησοῦν
3807 1076 3879 1128 μι-

2332 1138 2485 1223 σοῦσι
2516 1142 2615 1195 τὸν
2635 1141 2767 1197 Θεόν
2786 1160 2799 1174 ·
2843 1142 2906 1198 '0
2937 1142 3043 1216 γὰρ
3064 1144 3187 1215 ἐμὲ,
3235 1145 3368 1217 φησὶ
3391 1152 3415 1210 ,’
3444 1146 3765 1219 δεχόμενος
3800 1152 3878 1206 δέ·

2330 1250 2496 1306 χεται
2525 1232 2641 1287 ’τὸν
2688 1234 3136 1291 ἀποστείλαηά
3159 1254 3262 1308 με’
3316 1238 3442 1303 καὶ,
3488 1240 3541 1313 Ὀ
3588 1241 3880 1313 ὁμολογῶν

2346 1328 2454 1380 τὸν
2489 1325 2647 1391 Υἱὸν,
2676 1325 2775 1379 καί
2809 1326 2914 1381 τόν
2943 1328 3173 1398 Πατέρα
3213 1330 3367 1398 ἔχει’
3405 1330 3596 1387 οὐκοῦν
3616 1335 3710 1386 καὶ
3740 1338 3773 1388 ὀ
3808 1354 3881 1404 μι-

2328 1420 2456 1475 σῶν
2471 1416 2575 1472 τὸν
2585 1416 2840 1481 Υιύν,καί
2859 1417 2966 1471 τὸν
2977 1422 3206 1489 Πατέρα
3213 1419 3508 1489 μισεῖιίαὶ
3522 1424 3628 1486 πᾶς
3640 1422 3701 1476 δὲ
3722 1424 3879 1496 ἁμαρ-

2325 1511 2499 1564 τάνων
2530 1512 2677 1579 μισεῖ
2697 1509 2787 1562 τὸν
2812 1509 2943 1562 Θεόν
2962 1504 2994 1539 ·’
3017 1512 3163 1581 μισεῖ
3197 1511 3306 1584 γὰρ
3347 1513 3538 1582 σοφίαν
3570 1514 3665 1567 καὶ⁸
3692 1514 3879 1569 δικαιο-

2330 1598 2517 1670 σύνην,
2550 1600 2690 1671 ἆπερ
2714 1599 2830 1651 ἐστὶ
2858 1597 3111 1668 Χριστός.
3143 1600 3254 1653 Καὶ
3280 1599 3332 1653 τί
3378 1599 3691 1670 θαυμαστὸν
3712 1641 3728 1666 ,
3762 1600 3877 1653 ὅπου

2328 1689 2522 1754 ἑαυτὸν,
2550 1691 2578 1742 ὁ
2607 1687 2930 1761 ἁμαρτάνων
2956 1691 3102 1758 μισεί
3125 1704 3139 1753 ;
3161 1689 3316 1743 Κατὰ
3337 1689 3445 1761 γὰρ
3468 1687 3806 1760 Σολομῶντα·
3838 1691 3879 1740 '0

2325 1765 2743 1850 ἀπωθούμενος
2794 1776 3070 1832 παιδείαν
3109 1778 3280 1847 μισεῖ
3336 1780 3572 1834 ἑαυτόν.
3618 1776 3880 1831 Οὐκοῦνό

665 1870 778 1925 odit
802 1881 847 1925 et
864 1860 1096 1926 Patrem
1120 1871 1185 1925 ³⁸.
1211 1870 1469 1940 Quisquis
1496 1885 1622 1926 vero
1645 1877 1852 1942 peccat,
1878 1870 1991 1925 odit
2018 1870 2183 1925 Deum
2210 1889 2221 1927 :

2332 1871 2503 1943 μισῶν
2529 1873 2655 1935 τοὺς
2683 1870 2972 1942 μισοῦντας
2998 1869 3088 1923 τὸν
3115 1870 3247 1922 Θεὸν
3280 1869 3419 1942 πλὴν
3444 1872 3637 1941 λογίων
3668 1868 3779 1923 τῶν
3809 1870 3881 1922 εὐ-

661 1964 775 2018 odit
803 1965 1003 2033 quippe
1035 1963 1359 2033 sapientiam
1390 1961 1788 2033 iustitiamque,
1817 1962 2029 2017 scilicet
2061 1960 2222 2014 Chri-

664 2073 830 2116 smm.
909 2057 1118 2130 Ecquid
1173 2059 1424 2113 mirum?
1466 2060 1686 2129 quando
1734 2074 1792 2115 se
1820 2059 1939 2128 ipse
1970 2066 2223 2129 peccator

667 2152 809 2207 odit.
861 2151 1022 2216 Nam,
1058 2167 1125 2206 ex
1175 2149 1483 2216 Salomone,
1517 2152 1607 2222 qui
1633 2151 1827 2205 deserit
1868 2135 2222 2219 disciplinam,

663 2241 775 2294 odit
810 2241 1128 2310 seipsum”.
1176 2238 1360 2312 Itaque
1388 2240 1482 2312 qui
1515 2239 1631 2295 odit
1657 2255 1754 2296 eos
1770 2239 1864 2310 qui
1893 2238 2064 2293 Deum
2096 2239 2245 2295 ode-.

668 2337 821 2396 runt,
854 2348 1063 2398 omnes,
1098 2333 1340 2403 exceptis
1389 2347 1521 2387 sane
1569 2332 1702 2386 viris
1750 2329 2112 2402 prudentibus
2141 2337 2225 2383 'ac

664 2422 961 2492 religiosis,
1012 2423 1137 2477 odio
1176 2423 1429 2488 habebit;
1466 2424 1574 2477 imo
1610 2422 1850 2492 seipsum
1883 2428 2219 2491 peccantem.
2265 2457 2269 2462 ι

664 2513 849 2583 Neque
887 2530 1018 2569 sane
1066 2514 1675 2584 putandum,animalia
1723 2528 1847 2568 esse
1896 2528 2017 2582 quae
2050 2510 2216 2565 Deum

664 2605 928 2660 oderunt:
989 2606 1083 2661 sed
1140 2608 1279 2660 mala
1330 2607 1448 2675 ipsa
1489 2605 1803 2660 hominibus
1849 2601 2215 2665 obvenientia,

663 2697 844 2767 qualis
886 2708 969 2753 est
1009 2697 1236 2762 malitia,
1276 2696 1395 2769 [Dei
1440 2698 1623 2753 odium
1665 2694 1937 2768 pariunt.]
1990 2696 2217 2770 Ipseque

664 2787 922 2857 iniustus,
959 2796 1227 2859 quatenus
1295 2788 1531 2858 iniustus
1588 2798 1690 2850 est,
1748 2786 1914 2847 Deum
1967 2785 2117 2851 odit;
2165 2784 2218 2838 id

2328 1962 2677 2017 σεδεστιίιτωνΔ
2693 1962 2895 2026 πάντας
2917 1962 3140 2033 μισήσει
3167 1962 3259 2015 καὶ
3280 1962 3466 2017 ἑαυτὸν
3493 1963 3877 2035 ἁμαρτάνοντα.

2329 2053 2489 2106 ’Ὥστε
2517 2054 2577 2106 οὐ
2615 2052 2731 2118 ζῶα
2762 2052 3043 2123 νομιστέον
3070 2050 3137 2105 τὰ
3164 2051 3424 2122 μισοῦντα
3450 2054 3541 2107 τὸν
3568 2053 3705 2109 Θεὸν
3724 2095 3740 2119 ,
3765 2053 3881 2108 ἀλλὰ

2319 2148 2431 2208 τοῖς
2461 2144 2697 2214 λογικοῖς
2725 2144 2869 2199 κακὰ
2911 2142 3316 2216 ωμὸεϐηκότα,
3340 2138 3461 2204 οἷον,
3486 2146 3520 2216 ἡ
3553 2147 3738 2201 ἀδικία
3756 2164 3771 2177 ⁸
3800 2148 3879 2199 καὶ

2319 2238 2348 2288 ὁ
2383 2235 2569 2300 ἄδικος
2608 2236 2743 2290 καθὸ
2787 2236 2971 2301 ἄδικος
3026 2238 3175 2309 μισεῖ
3201 2235 3291 2289 τὸν
3320 2234 3487 2302 Θεὸν,
3516 2237 3614 2307 τῆς
3659 2240 3721 2292 ἐν
3747 2238 3880 2308 αὐτῷ

2320 2314 2532 2390 ἀδικίας
2554 2328 2712 2382 τοῦτο
2744 2327 3020 2399 ποιούσης.
3066 2326 3176 2381 Καὶ
3204 2326 3285 2379 δεῖ
3303 2324 3485 2379 ταῦτα·
3500 2330 3680 2397 μισεῖν
3705 2328 3880 2400 ,ἐχθρὰ

2320 2414 2652 2491 τυγχάνοντα
2700 2420 3123 2491 προηγουμένως
3156 2418 3353 2491 ημῶν.
3405 2418 3514 2472 Καὶ
3560 2418 3754 2491 ὥσπερ
3785 2422 3878 2473 ἀπὸ

2319 2488 2663 2582 «animai;
2680 2488 2895 2581 ἔρχεται
2917 2488 3229 2583 δικαιοσύνη
3261 2509 3356 2567 καὶ
3389 2488 3735 2580 σωφροσύνη,
3758 2510 3879 2564 οὕτω

2320 2604 2415 2657 καὶ
2447 2602 2506 2655 τὸ
2533 2601 2731 2654 τοιόνδε
2760 2604 2932 2672 μῖσος.
2962 2602 3168 2656 Οὐκοῦν
3192 2602 3301 2665 πᾶς
3324 2600 3620 2673 ὲχθραίνων
3653 2602 3768 2653 τινὶ
3794 2619 3880 2671 μα-

2321 2694 2487 2757 ταίως
2535 2692 2839 2765 ἐχθραίνει·
2877 2694 2905 2747 δ
2940 2694 3003 2765 δὴ
3053 2690 3345 2767 προῦκειτο
3386 2693 3575 2761 δεῖξαι.
3635 2685 3879 2747 Τοιοῦτόν

2325 2786 2438 2837 ἐστι
2473 2784 2567 2838 καὶ
2592 2785 2671 2849 τὸ,
2714 2782 3046 2853 Ἐμίσησάν
3071 2802 3148 2854 με
3174 2784 3416 2853 δωρεάν.

665 2890 857 2952 agente
889 2879 1094 2937 malitia
1132 2896 1252 2952 quae
1284 2882 1426 2936 inest
1472 2880 1691 2935 eidem:
1727 2878 1889 2950 atque
1953 2878 2067 2932 haec
2096 2876 2245 2940 vitia,
2290 2883 2477 2946 utpote
2516 2870 2782 2947 inimica,
2821 2886 3290 2948 perosaoportet
3334 2894 3455 2936 esse
3498 2879 3684 2950 potius
3733 2890 3877 2947 quam

665 2987 766 3027 nos
798 2973 962 3043 ipsos.
1015 2973 1156 3030 Sane
1190 2983 1308 3029 uta
1351 2970 1681 3044 perfectione
1745 2972 2015 3035 prodeunt
2070 2970 2282 3040 iustitia
2320 2979 2375 3023 et
2405 2972 2797 3040 temperantia,
2834 2972 2910 3026 ita
2961 2973 3147 3048 odium
3199 2974 3515 3044 huiusmodi
3568 2975 3766 3030 eodem
3818 2987 3874 3026 ex

665 3068 815 3123 fonte
860 3068 1126 3136 procedit.
1171 3066 1429 3138 Quisquis
1470 3083 1599 3139 ergo
1627 3061 2231 3135 odioaliquem'habet,
2273 3070 2476 3116 temere
2538 3076 2603 3115 ac
2632 3078 2769 3119 vane
2806 3063 2956 3120 odit:
3003 3065 3149 3135 quod
3199 3066 3748 3137 nobisprobandum
3808 3066 3880 3120 in-

663 3154 902 3219 cumbit;
942 3153 1253 3222 huiusmodi
1281 3158 1407 3212 item
1441 3157 1573 3211 illud
1616 3164 1720 3219 est,
1755 3153 1875 3209 odio
1900 3146 2206 3209 habuerunt
2236 3170 2317 3207 me
2333 3153 2498 3223 gratis
2520 3151 2585 3206 ³⁸.

731 3245 1094 3300 Eorumvero
1127 3258 1291 3299 causa
1323 3248 1415 3315 qui
1447 3246 1698 3316 superius
1739 3244 1991 3319 dixerant
2024 3247 2219 3334 anima:
2247 3262 2289 3317 ο

663 3341 802 3409 eius,
835 3353 938 3390 non
970 3344 1047 3389 est
1079 3334 1226 3388 salus
1250 3336 1347 3404 ipsi
1374 3337 1426 3389 in
1458 3334 1562 3392 Deo
1587 3338 1725 3407 ejus,
1760 3352 1907 3392 nunc
1931 3338 2024 3400 ait,
2077 3336 2218 3390 Den-

665 3439 742 3487 tes
796 3417 1134 3497 peccatorum
1193 3428 1507 3489 contrivisti,
1557 3429 1657 3482 hoc
1695 3436 1799 3492 est,
1850 3443 2129 3483 sermones
2166 3435 2218 3482 et

664 3521 978 3590 blasphema
1018 3518 1161 3572 dicta
1190 3504 1478 3573 adversum
1530 3533 1614 3572 me
1654 3521 1865 3587 prolata
1912 3516 2217 3584 abstulisti;

666 3612 776 3664 imo
800 3625 952 3675 vero,
991 3624 1085 3663 eos
1124 3610 1215 3679 qui
1261 3609 1389 3662 talia
1418 3608 1703 3662 adversum
1736 3624 1823 3664 me
1869 3611 2215 3681 spargebant,

663 3700 859 3770 impios
894 3701 1143 3756 homines
1170 3701 1361 3756 alienis
1399 3700 1559 3756 malis
1591 3701 1913 3771 gaudentes,
1954 3702 2220 3755 contrivi-

669 3792 762 3855 sti,
820 3807 1090 3861 vocesque
1130 3806 1319 3845 eorum
1379 3782 1696 3846 confudisti.
1746 3791 1931 3862 Neque
1964 3793 2096 3847 mihi
2128 3794 2218 3848 uni

666 3891 791 3954 post
820 3884 1027 3936 obitum
1057 3924 1071 3949 ,
1105 3884 1198 3939 sed
1226 3886 1386 3938 etiam
1418 3885 1691 3948 universo,
1723 3886 1819 3955 qui
1848 3894 1975 3941 tuus
2004 3885 2218 3941 iuturus

664 3982 803 4036 erat,
835 3974 1030 4042 popqu
1055 3978 1507 4029 resurrectionem
1545 3976 1766 4045 parasti.
1805 3973 2216 4031 Observandum

664 4071 857 4123 autem
878 4071 983 4125 est,
1003 4063 1122 4115 loco
1153 4064 1295 4118 illius
1321 4065 1489 4130 vocis,
1517 4063 1684 4125 salus,
1715 4061 2033 4121 Hebraicam
2057 4081 2220 4121 usur-

664 4164 851 4226 patam
909 4169 1033 4210 esse
1082 4168 1289 4217 vocem,
1345 4170 1463 4224 (ποτε
1501 4170 1699 4209 nomen
1738 4154 1868 4211 Iesu
1920 4158 2213 4229 exprimit:

664 4256 827 4317 atque
854 4248 1023 4302 totius
1058 4246 1251 4316 psalmi
1278 4250 1582 4311 terminum,
1616 4247 1725 4301 duo
1751 4249 1926 4317 capita
1960 4250 2220 4303 doctrinae

664 4339 985 4408 complecti;
1040 4338 1296 4391 nimirum
1346 4338 1595 4393 virtutem
1658 4336 1871 4403 Domini
1923 4341 2215 4407 salutarem

663 4442 820 4494 esse;
854 4430 1136 4498 ipsumque
1164 4429 1361 4500 populo
1395 4444 1515 4493 suo,
1542 4432 1633 4500 qui
1658 4446 1752 4501 per
1779 4431 1953 4499 ipsum
1989 4432 2216 4485 salutem

644 4526 995 4581 consecutus
1041 4529 1144 4582 est,
1187 4519 1612 4575 benedictionem
1640 4520 2067 4591 impertiturum.
2095 4520 2216 4576 'Be-

2403 3202 2677 3295 idin—xw.
2704 3240 2790 3295 διὰ
2828 3243 2951 3306 τοὺς
2991 3240 3249 3321 ἁνφτέρω
3296 3242 3589 3314 εἰρηκότας
3634 3248 3701 3318 τῇ
3746 3249 3877 3321 ψυχῇ

2292 3352 2293 3355 ‘
2319 3334 2507 3399 αὐτοῦ,
2548 3336 2668 3397 οὐκ
2700 3333 2831 3387 ἐστι
2860 3319 3123 3402 σωτηρίᾶ
3147 3332 3307 3399 αὐτῷ
3330 3335 3399 3387 ἐν
3418 3332 3497 3399 τῷ
3526 3334 3649 3401 Θεῷ
3681 3319 3877 3406 αὑτοῦ,

2318 3426 2411 3497 νῦν
2440 3442 2604 3495 φησιν
2624 3410 2651 3455 ἶ
2687 3422 2955 3490 Ὀδόντας
2974 3419 3333 3497 ἁμαρτωλῶν
3357 3424 3747 3495 συνέτριψας,
3776 3434 3880 3483 του.

2317 3515 2811 3583 τέστιτοὺςλὸγους
2833 3515 2925 3573 καὶ
2952 3515 3049 3579 τὰς
3070 3516 3191 3570 κατ’
3207 3514 3340 3586 ἐμοῦ
3363 3516 3715 3590 βλασφημίας
3744 3537 3880 3591 περι.

2317 3610 2486 3673 εἴλας·
2525 3608 2662 3664 ἀλλὰ
2702 3608 2796 3662 καὶ
2829 3600 3025 3671 αὐτοὺς
3063 3609 3190 3672 τοὺς
3230 3611 3350 3663 κατ’
3385 3609 3518 3680 ἐμοῦ
3557 3612 3627 3665 τὰ
3669 3612 3877 3666 τοιαῦτα

2320 3699 2743 3770 φθεγξαμένους,
2770 3697 2985 3762 ἀσεϐεῖς
3013 3699 3177 3762 ὄντας
3213 3700 3307 3753 καὶ
3354 3702 3875 3773 ἐπιχαιρεσικάκους,

2321 3792 2666 3863 συνέτριψας,
2706 3792 2801 3845 καὶ
2827 3790 2927 3855 τὰς
2950 3788 3132 3860 φωνὰς
3164 3791 3339 3845 αὐτῶν
3364 3791 3733 3865 κατῄσχυνας.
3778 3795 3876 3847 Καὶ

2317 3878 2379 3936 οὐ
2411 3883 2568 3953 μόνον
2598 3883 2660 3950 γε
2690 3881 2811 3952 ἐμοὶ
2840 3880 2977 3952 μετὰ
3008 3880 3070 3934 τὸ
3094 3880 3424 3952 κοιμηθῆναι
3456 3885 3549 3936 καὶ
3586 3886 3875 3957 ἀναστῆναι

2318 3974 2612 4046 παρέσχου,
2638 3972 2771 4027 ἀλλὰ
2804 3974 2897 4026 καὶ
2927 3973 3090 4027 παντὶ
3110 3972 3186 4045 τῷ
3232 3973 3477 4044 μέλλοντι
3525 3958 3876 4046 χρηματίζειν

2321 4082 2413 4118 σου
2446 4065 2576 4136 λαῷ.
2627 4065 2904 4136 Τηρητέον
2945 4064 3001 4119 δὲ
3026 4104 3041 4129 ,
3076 4062 3186 4130 ὡς,
3222 4065 3343 4119 ἀντὶ
3373 4057 3468 4118 τοῦ
3500 4069 3796 4135 Σωτηρία,
3844 4068 3874 4137 ἡ

2329 4157 2588 4229 Ἐϐραῖκὴ
2620 4158 2769 4229 φωνὴ
2798 4156 2873 4229 (1)
2899 4157 2961 4209 τὸ
3007 4156 3113 4212 τοῦ
3165 4155 3359 4225 Ἰησοῦ
3403 4156 3591 4229 ὄνομα¹
3621 4156 3876 4230 παρείληά-

2318 4264 2479 4301 πται·
2513 4250 2607 4303 καὶ
2639 4248 2703 4320 δὴ
2731 4249 2792 4301 τὸ
2820 4238 3195 4321 συμπέρασμα
3217 4248 3310 4304 τοῦ
3334 4230 3533 4313 παντὸς
3566 4249 3662 4303 δύο
3703 4247 3873 4318 περιέ-

2319 4357 2401 4417 χει
2430 4340 2801 4405 διδασκαλίας-
2839 4342 2920 4409 ὅτι
2952 4358 3009 4394 τε
3039 4344 3072 4411 ἡ
3104 4341 3199 4395 τοῦ
3231 4342 3434 4412 Κυρίου
3455 4341 3685 4417 δύναμις
3710 4341 3875 4407 σωτή-

2322 4412 2432 4501 ριός
2458 4432 2594 4493 ἐστι,
2626 4432 2719 4483 καὶ
2739 4431 2823 4483 ὅτι
2852 4431 3014 4495 αὐτὸς
3038 4431 3117 4502 τῷ
3145 4431 3307 4485 αὑτοῦ
3339 4430 3470 4501 λαῷ,
3507 4412 3587 4501 τῷ
3616 4430 3871 4485 δι’ναὺτοῦ

2322 4517 2663 4591 σεσωσμένῳ,
2695 4522 2794 4592 τὴν
2818 4521 3063 4589 εὐλογίαν
3093 4522 3338 4592 παρέξει.
3388 4522 3623 4589 Εὑλογία
3667 4519 3725 4572 δὲ
3752 4521 3874 4573 πάν-

666 4608 904 4665 nedictio
976 4617 1152 4663 autem
1200 4612 1498 4680 spiritualis
1554 4627 1778 4683 prorsus
1826 4617 1937 4671 est,
1992 4624 2069 4663 ex
2112 4612 2213 4665 hoc

2322 4629 2424 4674 τως
2467 4610 2809 4680 πνευματικὴ
2846 4610 2987 4664 κατὰ
3018 4610 3106 4664 τὸν
3148 4612 3462 4665 Ἀπόστολον
3489 4612 3711 4663 εἰπόντα
3732 4628 3744 4641 ’
3771 4613 3873 4663 Ξὺν

668 4702 911 4774 Apostoli
948 4701 1092 4754 dicto
1116 4701 1497 4767 :,Benedictus,
1523 4702 1662 4755 Deus
1686 4712 1743 4757 et
1793 4701 1956 4755 Pater
2007 4700 2217 4754 Domini

666 4798 836 4851 nostri
861 4796 991 4849 Jesu
1024 4792 1245 4858 Christi,
1266 4796 1354 4862 qui
1380 4795 1642 4849 benedixit
1672 4812 1768 4849 nos
1797 4797 1854 4848 in
1886 4794 2030 4849 omni
2063 4795 2214 4847 bene-

665 4888 889 4940 dictione
914 4883 1179 4955 spirituali
1206 4885 1259 4935 in
1292 4882 1579 4936 cwlestibus
1608 4885 1662 4937 in
1689 4884 1901 4936 Christo
1919 4881 1984 4934 ³⁸.
2016 4878 2181 4932 Proin
2203 4908 2215 4918 -

667 4978 842 5048 deque
868 4978 922 5031 in
954 4976 1156 5032 Christi
1188 4983 1311 5030 ortu
1353 4972 1589 5043 Josepho
1620 4976 1823 5041 dictum
1871 4960 1971 5028 fuit
2015 4974 2083 5026 ab
2122 4986 2216 5023 an-

670 5070 818 5137 gelo:
857 5067 927 5120 Et
959 5068 1168 5121 vocabis
1199 5081 1385 5120 nomen
1417 5064 1529 5132 ejus
1562 5062 1764 5129 Iesum,
1797 5066 1907 5135 ipse
1938 5065 2078 5118 enim
2106 5061 2219 5114 sal-

2320 4701 2573 4770 λοτητός
2605 4704 2637 4754 ό
2667 4700 2810 4766 Θεὸς
2841 4701 2940 4753 καὶ
2969 4701 3172 4769 Πατὴρ
3195 4702 3301 4756 τοῦ
3323 4702 3545 4769 Κυρίου
3572 4694 3739 4768 ἡμῶν
3782 4701 3872 4768 Ἰη-

2322 4790 2437 4845 σοῦ
2463 4792 2720 4861 Χριστοῦ
2740 4810 2752 4823 ·
2779 4795 2812 4846 ό
2835 4791 3175 4862 εὐλογήσας
3209 4792 3366 4863 ἡμᾶς
3398 4793 3473 4844 ἐν
3509 4790 3675 4859 πάσῃ
3707 4795 3869 4847 εὐλο-

2321 4884 2417 4951 γίᾳ
2450 4885 2825 4963 πνευματιαῇ
2860 4887 2931 4940 ἐν
2971 4888 3096 4953 τοῖς
3132 4883 3507 4952 ἐπουρανίοις
3537 4884 3607 4936 ἐν
3630 4885 3867 4959 Χριστῷ.

2326 4970 2513 5026 Ἔνθεν
2542 4976 2633 5026 ἐπὶ
2662 4974 2763 5045 τῆς
2806 4975 2899 5029 τοῦ
2928 4977 3179 5047 Σωτῆρος
3221 4975 3485 5042 γενέσεως
3520 4973 3766 5030 λέλεκται
3801 4976 3870 5045 τῷ

2334 5063 2528 5135 Ἰωσὴφ
2561 5065 2665 5118 ὑπὸ
2684 5064 2777 5117 τοῦ
2812 5067 3042 5135 ἀγγέλου
3064 5083 3079 5097 °
3126 5064 3239 5118 Καὶ
3270 5064 3551 5130 καλέσεις
3593 5063 3655 5120 ἑὸ
3697 5068 3869 5137 ὄνομα

668 5175 786 5212 cum
814 5160 972 5226 [aciet
990 5159 1236 5227 populum
1264 5157 1501 5219 suum",
1534 5156 1807 5225 quietiam
1831 5157 2036 5226 populi,
2070 5152 2210 5207 beati

2322 5152 2501 5206 αὑτοῦ
2564 5154 2795 5222 Ἰησοῦν
2815 5172 2830 5185 ·
2874 5155 3057 5221 αὐτὸς
3082 5156 3191 5223 γὰρ
3233 5153 3416 5208 σώσει
3444 5155 3553 5209 τὸν
3579 5156 3734 5211 λαὸν
3777 5162 3867 5212 αὐ-

668 5245 949 5304 vocantur.
986 5249 1110 5303 Haec
1154 5249 1537 5317 speculationis
1570 5262 1716 5301 more
1743 5241 1887 5315 dicta
1925 5255 2073 5302 sunt.
2104 5243 2211 5298 Po-

671 5348 775 5392 test
807 5342 967 5394 etiam
1003 5340 1109 5393 dici
1160 5330 1367 5413 isth'aec,
1428 5358 1547 5412 quae
1590 5347 1769 5392 tamen
1820 5338 2153 5408 prophetice'
2184 5352 2213 5389 a

673 5428 870 5483 Davide
902 5430 1253 5499 praenuntiata
1302 5431 1535 5496 fuerant,
1583 5429 1649 5483 ad
1708 5428 1940 5481 litteram
1991 5427 2210 5495 impleta

673 5506 835 5588 fuisse
875 5520 963 5573 illo
990 5531 1229 5589 tempore
1258 5536 1321 5575 ac
1353 5538 1533 5577 rerum
1563 5509 1895 5582 conditione,
1915 5534 2039 5573 cum
2069 5517 2210 5571 ﬁlius

738 5630 780 5657 ’⁷
824 5628 952 5683 Luc.
984 5647 1037 5683 vt
1060 5672 1072 5691 ,
1104 5631 1193 5686 28.
1268 5633 1321 5681 ’⁸η
1354 5632 1539 5687 Matth.
1576 5651 1606 5685 ν
1630 5674 1644 5694 ,
1677 5634 1765 5685 44.

2274 5278 2282 5286 -
2319 5243 2443 5307 τοῦ,
2474 5242 2565 5308 οὒς
2594 5247 2687 5298 καὶ
2721 5246 3022 5317 μακαρίους
3050 5248 3078 5297 ὁ
3106 5246 3262 5315 λόγος
3306 5244 3527 5315 ἔφασκε.
3566 5248 3754 5304 Ταῦτα
3782 5250 3866 5319 μὲν

2318 5330 2409 5386 οὖν
2438 5352 2520 5398 τις
2539 5335 2679 5389 κατά
2701 5336 2931 5406 θεωρίαν
2958 5335 3064 5388 τῶν
3102 5336 3491 5407 προκειμένων.
3545 5340 3705 5393 Εἴποι
3731 5339 3774 5391 δ’
3812 5337 3866 5388 ἄν

2318 5441 2401 5489 τις
2424 5427 2515 5479 καὶ
2546 5426 2680 5497 πρὸς
2696 5426 2840 5491 λέξιν
2875 5425 3257 5498 πεπληρῶσθαι
3301 5431 3470 5484 αὐτά·
3514 5428 3865 5501 προλεχθέντα

2324 5516 2420 5585 μὲν
2447 5517 2549 5573 ὑπὸ
2579 5516 2675 5570 τοῦ
2691 5516 2851 5605 Δαυῖδ
2881 5520 3226 5590 προφητικῶς
3258 5523 3315 5576 ὲν
3359 5521 3535 5594 καιρῷ
3575 5520 3675 5591 τῆς
3727 5531 3863 5586 περι-

1844 5634 1887 5663 ²⁹
1924 5630 2067 5687 Psal.
2099 5628 2294 5703 “1,78.
2343 5628 2595 5703 Af'pPsal.
2632 5645 2912 5693 cxxxvm,
2938 5632 3025 5686 2|.
3106 5634 3149 5667 “
3184 5634 3371 5692 Matth.
3412 5636 3577 5703 x,40.
3654 5634 3703 5667 ³³
3741 5632 3857 5689 ibid.

679 5698 892 5751 “John.
922 5717 1007 5759 xv,
1039 5702 1125 5755 225.
1204 5703 1246 5734 ³⁵
1267 5701 1423 5761 Prov.
1447 5720 1532 5765 xv,
1556 5704 1641 5757 52.
1720 5704 1763 5735 ³⁵
1796 5702 1936 5759 Psal.
1977 5718 2158 5767 ιιιιν,
2189 5701 2211 5753 1

2340 5695 2399 5731 38"
2419 5701 2613 5770 Epltcs.
2643 5718 2679 5768 t,
2707 5709 2757 5761 7).
2823 5710 2865 5741 ³⁷
2902 5709 3084 5766 .‘Jatth.
3112 5730 3146 5777 Ι,
3179 5714 3266 5778 ἓί.

734 5790 811 5847 (il
836 5791 1095 5846 ilcbraita
1134 5810 1233 5848 vox
1261 5806 1344 5851 est
1377 5814 1387 5848 :
1423 5803 1615 5859 nam.
