3956 6340
62 410 137 461 illi
988 458 991 463 ,
1150 401 1654 460 COMMENTANA
1694 403 1758 457 IN
1798 401 2136 458 PSALMOS.
3166 406 3271 461 102

60 528 287 588 στάσεως,
316 524 556 595 ὁπηνίκα
581 518 610 571 6
635 522 749 586 υἱὸς
771 521 992 605 ἐδίωκεν
1020 523 1202 588 αὑτὸν,
1226 526 1318 578 ἐπὶ
1349 526 1520 597 πέρας
1544 525 1589 579 δὲ

1710 530 2125 594 persequeretur
2148 536 2311 587 eum;
2344 520 2437 576 sed
2466 519 2533 574 ad
2567 519 2859 575 terminum
2895 535 3004 574 non
3034 520 3263 574 multum

54 616 239 691 ὴγμένα
280 614 395 685 μετέ
440 614 502 667 οὺ
554 613 687 667 πολὺ
712 654 726 679 ,
762 614 851 667 ὅτε
886 615 945 666 ἐν
971 616 1037 686 τῇ
1060 613 1155 667 τοῦ
1198 616 1434 687 πολέμου
1462 633 1589 687 συμ-

1701 628 1889 688 postea
1935 617 2189 681 deducta,
2234 630 2358 670 cum
2401 615 2457 669 in
2503 629 2802 685 congressu
2851 612 3022 684 praelii
3068 613 3268 669 cecidit

55 710 160 778 6ολῇ
188 706 367 760 πίπτει
404 707 503 778 μὲν
530 708 560 758 6
600 704 973 776 ’Δόεσσαλὼμ,
1013 705 1269 760 πίπτουσι
1315 706 1373 759 δὲ
1405 708 1499 761 κα)⁸
1550 710 1598 761 οἱ

54 802 107 851 τὰ
145 798 265 867 φίλα
311 796 458 867 αὐτῷ
486 795 807 866 φρονοῦντες
828 813 841 827 ’
892 799 1085 867 κρατεῖ
1120 796 1179 850 δὲ
1214 798 1257 868 ἰἡ
1290 795 1384 850 τοῦ
1434 791 1597 850 Δαυτό

57 892 327 963 πρόρρησις
357 891 391 961 ἡ
426 890 679 960 φήσασαο
741 888 862 941 Ὅτι
897 887 979 943 σὺ
1023 887 1324 955 ἐπάταξας
1370 887 1599 956 πάντας

55 984 171 1049 τοὺς
192 978 610 1051 ἐχθραίνοντάς
626 998 729 1050 μοι
743 980 1006 1050 ματαίως
1026 996 1040 1011 ο
1066 979 1315 1047 ὀδόντας
1339 982 1600 1051 ἀμαρτω-

52 1077 157 1131 libr
177 1073 558 1145 συνέτριψας.
586 1073 698 1129 Τοῦ
729 1075 950 1143 Κυρίου
978 1074 1017 1144 ἠ
1046 1075 1329 1143 σωτηρία.
1364 1075 1462 1128 καὶ
1497 1074 1598 1128 ἐπὶ

52 1171 141 1221 τὸν
158 1169 302 1223 λαόν
327 1183 446 1221 σου
479 1169 518 1236 ἡ
555 1167 801 1237 εὐλογία
830 1180 965 1220 σου.
1006 1166 1252 1235 Ἐλέγετο
1272 1165 1402 1236 γοῦν
1427 1166 1598 1220 ταῦτα

59 1260 392 1332 προφητικῶς,
408 1259 486 1324 ὡς
505 1259 571 1314 ἂν
600 1260 701 1332 ἤδη
730 1258 823 1311 τοῦ
849 1257 979 1313 λαοῦ
1002 1259 1364 1331 σεσωσμένον,
1383 1260 1475 1315 καὶ
1495 1259 1598 1313 ὑπὸ

51 1354 127 1406 τοῦ
150 1352 302 1407 Δαυῖδ
335 1352 664 1424 γενημένου.

426 1466 758 1520 ΕΞΗΙἮΣΙΣ
796 1459 1096 1519 ΨΑΛΜΟΥ
1138 1467 1209 1520 Δ’.

136 1575 204 1644 (1)
232 1577 332 1641 Εἰς
352 1574 422 1629 τὸ
452 1575 628 1641 τέλος
658 1575 728 1629 ἐν
747 1575 1014 1664 ψαλμοῖς
1035 1574 1158 1644 ᾠδὴ
1184 1574 1263 1642 τῷ
1286 1576 1487 1631 Δαυτδ.

133 1692 229 1757 Elg-
251 1690 316 1744 τὸ
338 1689 519 1757 τέλος
558 1689 628 1743 ἐν
652 1688 865 1759 ὕμνοις
891 1688 1135 1759 ψαλμὸς
1168 1688 1248 1757 τῷ
1288 1691 1484 1744 Δαυτδ.

108 1783 298 1855 Ὥσπερ
331 1783 513 1853 πάσης
560 1783 755 1853 τέχνης
787 1783 879 1837 καὶ
918 1784 1225 1854 ἐπιστήμης
1266 1782 1416 1847 τέλος
1451 1784 1596 1838 ἐστὶν

50 1877 129 1943 (Ξ).
156 1916 167 1929 .
189 1917 202 1929 .
222 1914 237 1928 .
264 1916 278 1929 .
311 1916 326 1929 .
357 1916 375 1933 .
406 1916 418 1929 .
449 1919 462 1930 .
500 1876 831 1948 καταντῆσαι
862 1875 953 1929 τὸν
992 1876 1383 1948 μετερχόμενον
1402 1894 1414 1907 ·
1454 1876 1598 1931 οὕτω

48 1972 199 2039 πάσης
232 1968 458 2039 λογικῆς
488 1968 722 2039 φύσεως,
760 1968 821 2022 τὸ
851 1970 909 2021 ὲν
941 1968 1162 2039 Χριστῷ
1200 1968 1594 2041 ζωοποιηθῆναι

46 2050 175 2127 τέλος
195 2064 359 2125 ἐστὶν,
385 2062 461 2128 ὡς
482 2063 540 2117 ὲν
572 2044 638 2134 τῇ
672 2062 863 2135 πρώτῃ
895 2060 1033 2135 πρὸς
1064 2061 1378 2134 Κορινθίους
1404 2064 1432 2115 6
1450 2061 1598 2115 Παῦ-

46 2150 118 2217 λῦς
138 2171 259 2226 φησι
285 2154 463 2222 λέγων
484 2153 562 2225 τῷ
587 2154 702 2225 ἰδίῳ
734 2152 1005 2224 τάγματι·
1031 2154 1188 2207 Δοκεῖ
1215 2169 1401 2223 μη.....
1538 2165 1597 2207 εν

46 2247 349 2319 ὑπογράφειν
386 2247 663 2311 ἁπάντων,
688 2246 763 2309 ὡς
791 2248 846 2299 αἱ
871 2246 1117 2313 έκάστοψ
1132 2243 1595 2316 ζωοποιουμένου

46 2338 157 2407 πρὸς
180 2338 272 2411 τὴν
303 2336 467 2413 ἀξίαν
497 2323 633 2409 μετᾶ
657 2336 937 2408 βασάνους.
968 2337 1162 2391 Ἦδκαὶ
1195 2337 1397 2391 τούτων
1429 2338 1595 2409 χωρὶς

46 2430 382 2497 ᾇοοποιήσιις
412 2431 471 2484 δὲ
516 2430 722 2493 πάντας
766 2430 999 2502 Χριστὸς
1043 2432 1102 2484 ὲν
1138 2429 1315 2501 ἐαυτῷ
1344 2431 1470 2494 τοὺς
1516 2429 1596 2501 τῷ

55 2522 196 2593 Ἀδὰμ
213 2522 652 2595 ἀποθνήσκοντας
678 2520 946 2592 βασιλεύει
963 2522 1081 2576 τῶν
1104 2516 1591 2592 ζωοποιηθέντωνσ

46 2619 113 2685 ἐφ’
132 2618 158 2670 ὃ
176 2617 477 2689 παρεκάλει
487 2617 611 2681 τοὶς
637 2616 912 2680 συνιέντας
929 2617 1063 2687 ήεὶς
1088 2614 1154 2668 τὸ
1178 2615 1351 2682 τέλος
1370 2618 1595 2688 ἐπιγρα-

47 2710 121 2780 φή.
138 2709 295 2762 Παντὶ
308 2709 366 2762 δὲ
383 2707 771 2779 ἀγωνιζομένῳ
795 2706 945 2772 τέλος
965 2709 1000 2779 ἡ
1023 2707 1166 2778 νίκη.
1185 2708 1485 2780 Πολλαὶμὲν
1501 2703 1594 2762 οὖν

48 2800 235 2853 οἱκατὰ
269 2801 436 2871 μέρος
456 2800 624 2864 νίκαι,
659 2800 751 2853 καὶ
778 2798 929 2863 τέλος
959 2799 992 2871 ἢ
1041 2798 1171 2851 ποτὲ
1219 2798 1316 2870 μὲν
1348 2798 1594 2867 λέγοντος

47 2890 250 2944 Παύλου·
299 2892 405 2945 Ἐν
447 2892 679 2957 τούτοις
707 2888 896 2945 πᾶσιν
926 2887 1333 2959 ὑπερνικῶμεν
1361 2889 1458 2944 διὰ
1486 2889 1590 2943 τοῦ

46 2981 438 3050 ἀγαπήσαντος
460 2980 652 3051 ἡμᾶς·
684 2980 814 3034 ποτὲ
845 2975 901 3034 δέ
924 2997 937 3011 ·
970 2980 1081 3035 Τὸν
1108 2978 1310 3052 ἀγῶνα
1340 2981 1449 3035 τὸν
1483 2996 1611 3042 κατ

46 3074 137 3126 ,ἰὸν
158 3074 505 3145 τΜη-ισμαι,
531 3074 641 3128 τὸν
670 3073 891 3144 δρόμον
916 3073 1216 3137 τετέλεκα,
1247 3072 1361 3142 τὴν
1385 3077 1592 3129 πίστιν

47 3166 332 3237 τετήρηκα·
367 3162 588 3223 λοιπὸν
621 3164 929 3222 ἀπόκειται
962 3183 1065 3238 μοι
1091 3168 1124 3221 ὁ
1155 3164 1262 3235 τῆς
1285 3165 1591 3221 δικαιοσύ-

1700 711 1954 766 Ahsalom
1987 750 2001 774 ,
2053 709 2369 765 ceciderunt
2440 708 2645 778 pariter
2695 706 2787 777 qui
2839 706 2958 776 ejus
3019 707 3266 776 partibus

1699 802 2004 859 haerebant:
2051 802 2395 872 obtinuitque
2422 799 2700 872 praedictio
2728 801 2816 855 illa
2841 798 3059 855 Davidis
3088 792 3267 861 τρεισ-

1699 897 1845 949 niam
1894 903 1949 947 tu
1993 895 2304 963 percussisti
2352 908 2528 947 omnes
2584 891 2917 946 adversantes
2970 890 3096 944 mihi
3150 892 3265 945 sine

1700 1005 1907 1043 causa:
1952 987 2131 1041 dentes
2184 997 2520 1055 peccatorum
2569 985 2883 1039 contrivisti.
2937 983 3148 1038 Domini
3185 994 3265 1037 est

1696 1082 1864 1145 salus,
1922 1090 1981 1135 et
2045 1096 2202 1147 super
2250 1080 2501 1149 populum
2565 1088 2715 1132 tuum
2783 1076 3071 1133 benedictio
3136 1086 3260 1151 tua.

1702 1172 1827 1228 Haec
1857 1174 2042 1244 itaque
2091 1172 2407 1244 prephetice
2461 1170 2608 1225 dicta
2659 1179 2808 1236 sunt,
2861 1153 2936 1225 ach
2957 1170 3000 1227 si
3032 1169 3264 1241 pepulus

1694 1264 1806 1335 jam
1840 1265 2024 1320 salvus
2056 1271 2224 1328 esset.
2257 1271 2311 1318 et
2354 1264 2422 1319 ad
2476 1262 2697 1318 Davidis
2755 1260 3043 1331 imperium
3093 1259 3262 1315 redu-

1697 1364 1841 1413 ctus.

2064 1466 2465 1523 ENARRATIO
2506 1466 2759 1522 PSALMI
2792 1464 2881 1522 IV.

1874 1584 1925 1638 Ι.
1954 1580 2020 1637 In
2052 1584 2208 1652 ﬁnem
2236 1583 2294 1636 in
2320 1582 2543 1651 psalmis
2582 1583 2849 1635 canticum
2888 1579 3080 1634 Davta.

1944 1692 2012 1747 In
2039 1694 2195 1763 ﬁnem
2227 1692 2516 1763 in-hymnis
2550 1691 2784 1761 psalmus
2806 1689 2999 1745 David.

1770 1787 1923 1842 Sicut
1953 1786 2198 1857 cujusvis
2227 1787 2362 1841 artis
2393 1800 2457 1840 ac
2487 1785 2726 1840 scientiae
2754 1782 2877 1838 linis
2898 1790 3004 1851 est,
3029 1792 3088 1837 ut
3110 1782 3262 1855 quis-

1698 1878 1823 1949 quis
1848 1877 2020 1948 ipsam
2052 1876 2164 1931 adit
2193 1877 2257 1930 ad
2298 1874 2681 1946 perfectionem
2709 1874 2958 1929 deveniat
2988 1890 3001 1934 ;
3033 1874 3107 1928 ita
3137 1888 3258 1928 om-

1699 1974 1786 2027 nis
1814 1970 2101 2026 rationalis
2129 1978 2339 2023 naturae
2370 1969 2492 2024 ﬁnis
2521 1977 2603 2023 est
2654 1976 2715 2021 ut
2762 1967 2814 2019 in
2845 1964 3064 2021 Christo
3092 1966 3258 2019 vitam

1699 2063 1969 2144 accipiat,
2008 2062 2469 2134 quemadmodum
2525 2060 2581 2115 in
2616 2061 2790 2137 prima
2836 2060 2903 2114 ad
2944 2058 3260 2114 Corinthios

1700 2155 1939 2226 Epistola
1959 2158 2034 2209 ait
2061 2153 2263 2209 Paulus
2295 2154 2361 2209 ³⁸.
2406 2192 2421 2207 .
2463 2192 2477 2207 .
2524 2194 2539 2208 .
2582 2196 2597 2209 .
2643 2193 2658 2209 .
2702 2196 2715 2207 .
2757 2192 2772 2205 .
2814 2191 2830 2207 .
2872 2150 3111 2223 Singulis
3140 2160 3262 2223 post

1698 2251 1974 2313 cruciatus
2003 2261 2101 2318 pro
2133 2227 2327 2303 merito
2362 2261 2464 2301 suo
2507 2246 2805 2315 viviﬁcatis.
2841 2243 3135 2315 Postquam
3163 2260 3263 2298 au-

1699 2349 1804 2393 tem
1830 2339 2080 2406 Christus
2108 2350 2298 2393 omnes
2326 2337 2418 2409 qui
2451 2337 2506 2392 in
2535 2338 2744 2404 Adamn
2775 2335 2975 2389 mortui
3012 2341 3187 2399 erant,
3207 2334 3262 2387 in

1697 2433 1877 2501 seipso
1928 2430 2229 2499 viviﬁcavit,
2290 2442 2482 2500 regnat
2513 2428 2577 2482 in‘
2598 2428 2934 2497 viviﬁcatos:
2984 2426 3050 2479 ad
3097 2440 3259 2496 quam

1696 2540 1810 2579 rem
1836 2525 2082 2579 homines
2099 2523 2453 2593 intelligentia
2474 2522 2728 2592 praeditos
2748 2528 2937 2575 evocat
2952 2518 3257 2589 inscriptio,

1696 2619 1752 2672 in
1776 2617 1952 2687 ﬁnem.
1982 2616 2143 2672 Omni
2194 2623 2377 2671 autem
2424 2614 2690 2685 prgelianti
2728 2603 2850 2667 linis
2882 2612 3109 2665 victoria
3153 2620 3256 2666 est.

1708 2710 1886 2764 Multae
1905 2724 2072 2780 porro
2096 2714 2224 2762 sunt
2244 2706 2555 2778 singulatim
2585 2714 2820 2776 accepta:
2846 2706 3085 2763 victoria:
3103 2726 3116 2771 ;
3132 2721 3262 2777 qua-

1694 2818 1813 2855 rum
1830 2801 1987 2855 linem
2010 2797 2273 2853 describit
2285 2796 2508 2859 Paulus,
2529 2795 2691 2851 modo
2714 2796 2934 2852 dicens:
2969 2794 3035 2849 In
3052 2796 3134 2849 his
3150 2812 3263 2850 om-

1693 2893 1847 2948 nibus
1877 2906 2194 2958 superamus
2215 2899 2431 2959 propter
2450 2904 2564 2943 eum
2586 2890 2673 2959 qui
2694 2886 2879 2941 dilexit
2895 2904 2988 2941 nos
3010 2887 3077 2952 ⁸⁹;
3098 2886 3262 2942 modo

1692 2994 1904 3041 autem:
1926 2985 2130 3039 Bonum
2154 2992 2419 3038 certamen
2436 2980 2649 3043 certavi,
2672 2995 2886 3033 cursum
2901 2978 3281 3055 consummavi,

1692 3082 1849 3151 ﬁdem
1877 3080 2127 3135 servavi:
2166 3080 2219 3131 in
2271 3077 2470 3147 reliquo
2510 3075 2735 3144 reposita
2787 3082 2864 3128 est
2906 3073 3033 3127 mihi
3059 3078 3260 3127 ’corona

1682 3172 1937 3243 justitiw,
1950 3187 2109 3243 quam
2126 3170 2308 3224 reddet
2325 3168 2453 3222 mihi
2472 3166 2726 3221 Dominus
2744 3165 2810 3219 ⁸⁸.
2830 3163 3031 3220 Psalmi
3049 3163 3254 3235 itaque,

47 3259 464 3330 νηςστέφανος,
495 3259 567 3314 ὃν
600 3259 900 3315 ἀποδώσει
932 3277 1034 3329 μοι
1067 3262 1102 3313 ὁ
1141 3260 1377 3327 Κύριος.
1411 3260 1472 3313 Οἱ
1500 3255 1589 3314 οὖν

1697 3268 1752 3319 in
1784 3266 1942 3336 ﬁnem
1998 3265 2101 3334 ipsi
2133 3262 2309 3317 David
2360 3262 2634 3331 inscripti,
2668 3261 2827 3314 tinent
2865 3256 3164 3329 praedicant
3197 3271 3261 3311 ac

47 3353 479 3427 ἐπιγεγραμμένοι
505 3356 593 3421 εὶς
626 3354 696 3407 τὸ
733 3353 908 3420 τέλος
936 3351 1017 3419 τῷ
1053 3351 1255 3417 Δαυτδ,
1309 3352 1461 3417 τέλος
1500 3355 1593 3408 καὶ

47 3445 168 3515 νίκην
187 3446 589 3516 ἀπαγγέλλουσι
615 3446 709 3501 τοῦ
726 3445 961 3517 Χριστοῦ
987 3445 1278 3518 λεγομένου
1294 3447 1471 3500 Δαυῖδ·
1500 3449 1594 3501 καὶ

47 3540 140 3591 ἀντὶ
163 3539 272 3604 τοῦ,
306 3542 397 3607 εὶς
429 3539 627 3606 τέλος,
664 3534 804 3593 κατά
838 3540 929 3592 τὸν
972 3538 1224 3603 Ἀκύλαν,
1256 3540 1590 3594 νικοποιοῦ.

52 3626 181 3680 Παντὶ
220 3629 327 3701 γὰρ
375 3628 715 3701 νενικημένῳ
761 3629 1171 3700 περιποιήσεται
1222 3629 1399 3701 νίκην.
1458 3630 1591 3683 Ὑπὸ

48 3716 241 3789 Χριστοῦ
271 3723 382 3795 γάρ
426 3740 512 3786 τις
554 3720 885 3794 νικώμενος,
928 3720 1026 3793 τὴν
1070 3720 1587 3792 κακίαννενίκηκε,

48 3815 211 3886 ταύτην
250 3814 595 3885 ἐξαφανίζων
629 3814 706 3888 τῷ
760 3815 1123 3886 ὑποτετάχθαι
1159 3816 1399 3889 Χριστῷ.
1444 3816 1591 3888 Νικᾷ

50 3908 127 3979 χὶιρ
154 3910 245 3963 οὐκ
270 3911 533 3976 ἄκοντας,
563 3908 698 3963 ἀλλὰ
732 3909 935 3964 πείθων
964 3908 1040 3972 ὡς
1066 3908 1223 3978 λόγος
1258 3908 1411 3963 Θεοῦ.
1450 3909 1589 3973 Τοὺς

50 3997 87 4049 ﬁ:
110 4000 361 4065 τοιούτους
400 4001 605 4072 ὕμνους
634 4001 667 4073 ἢ
697 4001 965 4074 ψαλμοὺς,
999 4004 1087 4068 εὶς
1131 4000 1197 4054 τὸ
1229 4001 1418 4067 νῖκος,
1457 4000 1589 4054 Θεο-

45 4090 193 4144 «Iovium
230 4094 545 4165 ἐπέγραψε·
597 4095 891 4167 Σύμμαχος
920 4078 999 4162 δὲ,
1040 4094 1388 4161 ἐπινικίους.
1433 4094 1590 4149 Οὕτω

47 4184 89 4240 δὲ
116 4190 236 4244 νοεῖν
276 4187 522 4257 εὔλογον,
550 4188 655 4242 κᾶν
680 4189 755 4260 μὴ
780 4187 858 4260 τῷ
886 4188 1050 4242 Δαυῒδ
1078 4182 1210 4242 ὦσιν
1243 4189 1587 4260 ἐπιγεγραμ-

52 4284 184 4351 μένοι,
209 4284 318 4338 ἀλλ’
343 4287 436 4350 εὶς
478 4281 547 4337 τὸ
585 4280 759 4349 τέλος
803 4283 965 4353 τυχὸν
1012 4281 1093 4348 τῷ
1135 4281 1336 4351 Ἀσὰερ,
1384 4282 1419 4353 ἢ
1465 4282 1589 4348 τοῖς

50 4377 164 4443 υἱεῖς
184 4376 350 4447 Κορὲ,
383 4375 464 4447 τῷ
492 4375 617 4439 τοὺς
648 4376 839 4443 ἁγίους
871 4374 1217 4447 ἀναδεδέχθαι
1257 4376 1463 4439 πάντας
1490 4375 1588 4446 τὴν

51 4470 193 4523 εἰκόνα
217 4468 479 4543 Χριστοῦ.
505 4468 580 4521 Τὸ
609 4466 666 4521 δὲ
690 4467 762 4521 ἐν
791 4468 1058 4538 ψαλμοῖς
1093 4468 1242 4540 παρὰ
1266 4470 1379 4531 τοῖς
1406 4466 1587 4521 Ἑϐδο-

56 4569 250 4634 μήκοντα
280 4565 378 4620 καὶ
420 4563 671 4629 Ἀκύλας,
707 4563 824 4633 (sic)
860 4563 1190 4635 σαφέστερον
1217 4566 1246 4618 6
1272 4563 1582 4634 Σύμμαχος,

1695 3359 1978 3414 victoriam
2028 3356 2275 3421 Christi,
2319 3354 2414 3425 qui
2448 3352 2617 3407 David
2644 3359 2886 3406 vocatur.
2930 3349 3061 3405 Vice
3081 3358 3261 3404 autem

1694 3452 1861 3515 illius,
1890 3452 1945 3504 in
1969 3447 2455 3520 ﬁnem,seeundum
2483 3445 2756 3516 Aquilam,
2785 3441 3256 3521 vict0ris,dicitur.
3368 3435 3378 3442 ’

1691 3542 1741 3599 Is
1793 3544 1935 3597 enim
1985 3540 2208 3595 cuilibet
2235 3537 2674 3592 victovictoriam
2706 3522 2926 3589 tribuet.
2946 3531 3079 3585 Nam
3104 3530 3259 3601 quis-

1690 3640 1813 3705 quis
1838 3651 1866 3689 a
1897 3632 2405 3694 Christo'viucitur,
2454 3628 2717 3683 malitiam
2747 3624 2937 3688 vincit,
2976 3626 3258 3696 ipsamque

1690 3730 1756 3783 de
1784 3729 1961 3781 medio
1987 3726 2147 3791 tollit,
2179 3726 2305 3795 quia
2335 3721 2624 3791 subjicitur
2644 3718 2883 3774 Christo.
2910 3716 3097 3787 Neque
3110 3718 3259 3771 enim

1691 3818 1892 3873 invitos
1924 3817 2092 3871 vincit
2121 3817 2232 3879 ille,
2260 3813 2357 3869 sed
2378 3812 2657 3874 suasione,
2693 3818 2882 3881 utpote
2898 3809 3123 3864 verbum
3141 3806 3255 3870 Dei.

1690 3911 2015 3983 llujusmodi
2049 3924 2213 3981 porro
2258 3906 2613 3980 hymnosvel
2659 3905 2901 3983 psalmos
2934 3902 3281 3967 Theodotio,‘

1688 4008 1743 4061 in
1766 4004 2064 4068 victoriam,
2092 3998 2372 4071 inscripsit
2402 4018 2414 4065 ;
2454 3984 2838 4070 Symmachus,
2892 3992 3256 4063 triumphales.

1689 4098 2003 4169 Eademque
2064 4097 2276 4151 ratione
2335 4080 2746 4163 intelligendum
2793 4098 2878 4146 est
2909 4088 3257 4144 etiamsinon

1691 4188 1883 4243 Davidi
1910 4186 2163 4257 inscripti
2192 4185 2325 4251 sint,
2363 4183 2457 4240 sed
2488 4182 2626 4236 forte
2646 4183 2703 4235 in
2737 4181 2893 4251 ﬁnem
2928 4170 3126 4247 Asaph,
3160 4186 3255 4230 aut

1660 4300 1663 4301 '
1688 4283 1818 4353 ﬁliis
1846 4282 1997 4349 Core,
2028 4283 2157 4351 quia
2205 4279 2377 4335 sancti
2403 4292 2593 4333 omnes
2631 4290 2729 4346 pro
2762 4274 2995 4343 imagine
3050 4270 3253 4325 Christi

1689 4376 1979 4430 habentur.
2037 4371 2174 4426 Illud
2232 4380 2407 4439 autem
2473 4368 2526 4421 in
2554 4367 2774 4433 psalmis
2822 4363 2966 4433 quod
3020 4363 3073 4414 in
3113 4359 3255 4415 LXX

1687 4478 1742 4525 et
1767 4469 1820 4523 in
1844 4467 2037 4538 Aquila
2052 4466 2280 4537 legitur,
2312 4461 2555 4533 apertius
2580 4456 2940 4529 Symmachus
2969 4440 3255 4523 cum'psal-

1690 4560 1853 4613 teriis°
1883 4557 2102 4622 edidit;
2150 4556 2414 4622 docetque
2467 4565 2593 4604 cum
2641 4546 2920 4619 psalteriis
2975 4547 3253 4600 canticum

151 4658 490 4729 ψαλτηρίων
511 4627 741 4721 ἐξέδωκε
771 4627 1009 4709 διδασκο.
1030 4696 1075 4710 ..
1161 4694 1175 4707 .
1193 4694 1238 4708 ..
1256 4694 1272 4710 .
1437 4627 1579 4727 ᾦθὴν

1693 4651 2023 4724 persolutum
2074 4648 2260 4702 fuisse.
2328 4642 2591 4700 Psalteria
2647 4627 2848 4713 quippe
2892 4642 3252 4695 instrumenta

54 4749 615 4819 εἰρῆσθαι.........
658 4744 1028 4815 τὰψαλτὴρια
1066 4742 1577 4800 πλείω.........

54 4839 214 4909 δργανα
234 4844 297 4897 δι’
331 4837 409 4898 ὧν
438 4842 622 4915 ᾅδεται
647 4840 706 4894 τὸ
738 4840 824 4905 εἰς
847 4837 911 4891 τὸ
938 4836 1134 4901 τέλος,
1159 4835 1192 4907 ἢ
1217 4837 1250 4889 ό
1269 4835 1578 4901 ἐπινίκιος,

55 4930 162 4999 ἦτῷ
185 4934 481 5002 νικοποιῷ,
509 4934 537 4988 ὃ
569 4932 761 5006 δηλοῦν
786 4931 928 4985 ἔοικε
960 4931 1053 4983 καὶ
1090 4930 1150 4983 τὸ
1180 4932 1265 4995 εὶς
1310 4928 1479 4995 νῖκος
1512 4931 1582 4983 ἐν

56 5027 218 5096 ὕμνοις
240 5029 391 5103 παρὰ
417 5020 496 5100 τῷ
527 5010 859 5082 Θεοδοτίωνι.
900 5023 1048 5093 Αῦτη
1080 5023 1261 5075 τοίνυν
1306 5024 1338 5093 ή
1381 5021 1513 5093 ᾠδὴ,
1545 5022 1577 5092 ἢ

56 5118 99 5169 τὸ
122 5121 408 5194 μελῲδημα,
432 5121 466 5193 ἦ
494 5120 706 5191 ψαλμὸς
726 5120 823 5191 τὴν
846 5104 1139 5191 εἰρημένην
1167 5114 1303 5186 ἔχων
1326 5114 1579 5167 ὑπόθεσιν

59 5210 395 5279 ἰκατ-μελλέτω
428 5212 631 5284 ταύτην
658 5212 976 5285 κοινώτερον
1009 5211 1105 5281 μὲν
1138 5211 1194 5261 ὲν
1220 5206 1297 5279 τῷ
1323 5208 1579 5279 προφήτῄ

60 5304 196 5371 Aenii,
224 5306 623 5378 μυστικώτερον
654 5305 717 5383 δὲ
749 5304 828 5378 τῷ
868 5303 1118 5378 Χριστῷ,
1170 5302 1230 5355 τὸ
1281 5301 1578 5373 πρόσωπον

1690 4755 1836 4809 sunt,
1876 4742 2077 4813 quibus
2104 4736 2235 4792 illud
2274 4737 2327 4789 in
2351 4735 2509 4805 ﬁnem
2541 4734 2781 4797 canitur,
2812 4734 2928 4788 sive
2954 4748 3049 4793 pro
3096 4742 3252 4801 parta

1686 4837 1924 4897 victoria,
1954 4834 2071 4889 sive
2108 4830 2329 4885 victori:
2361 4828 2508 4900 quod
2540 4828 2719 4899 ipsum
2758 4826 3070 4898 signiﬁcare
3095 4824 3254 4878 vide—

1689 4938 1779 4985 tur
1819 4926 1948 4982 illud
1973 4926 2031 4978 in
2074 4922 2351 4978 victoriam
2381 4922 2436 4975 in
2480 4919 2686 4991 hymnis
2736 4917 2881 4987 apud
2913 4914 3247 4969 Theodotio-

1688 5037 1833 5078 nem.
1864 5018 1979 5072 Hoc
2006 5016 2174 5087 igitur
2204 5016 2505 5079 canticum,
2538 5013 2621 5067 vel
2654 5009 2911 5073 melodia,
2940 5008 3055 5063 sive
3094 5006 3251 5078 psal-

1686 5127 1831 5175 mus,
1877 5115 2236 5163 memoratum
2291 5106 2499 5161 habens
2527 5109 2932 5174 argumentum,
2967 5098 3250 5153 victoriam

1686 5204 1991 5276 pollicetur,
2017 5216 2081 5254 ex
2099 5198 2401 5270 vulgatiore
2424 5195 2693 5253 sententia
2717 5192 2927 5255 Davidi,
2948 5188 3250 5245 secundum

1688 5308 1942 5352 arcanam
1974 5308 2104 5348 vero
2139 5290 2623 5364 signiﬁcationem,
2666 5285 2888 5343 Christo
2934 5295 3251 5339 sanetorum

112 5432 148 5497 δ
178 5463 340 5522 lCor.
375 5481 481 5530 xv,
510 5463 603 5519 22.
679 5463 724 5495 "
762 5461 923 5518 Rom.
956 5478 1086 5527 vin,
1118 5452 1207 5516 37.
1282 5458 1327 5490 ἰθ
1364 5456 1407 5512 ll
1438 5455 1579 5511 Tim.
1616 5470 1703 5520 tv,
1736 5454 1792 5512 7,
1825 5446 1877 5503 8.

113 5624 174 5695 (ί)
204 5626 462 5683 Hebraica
505 5620 669 5678 lectio
713 5630 833 5687 est;
860 5630 1051 5680 Ἴης)τὲ
1084 5626 1292 5681 num:
1322 5597 1512 5677 1133735
1556 5633 1569 5667 ;

178 5735 284 5789 qua:
319 5719 401 5775 sic
439 5717 511 5789 ab
531 5714 725 5789 Aquila
755 5713 1163 5789 exprimuntur,
1196 5710 1273 5781 τῷ
1316 5706 1579 5789 νικοποιῷ

68 5780 317 5861 ἐνωμτιῖς
383 5780 681 5861 palmae.
859 5783 1102 5861 Απυτᾷῥ
1132 5780 1456 5861 διεπιηειο¹ὲρ
1486 5792 1577 5861 a‘1:

654 5849 970 5927 ψάλέηρίων
999 5854 1111 5926 ᾠδὴ
1148 5849 1253 5927 se
1292 5849 1468 5927 me
1532 5850 1572 5927 ιδ

68 5921 397 5998 Theodotioue,
434 5921 537 5996 ἐἰς
583 5931 645 5985 τὸ
672 5921 847 5992 ⁷νῖκοξ
903 5931 959 5982 ὲν
1000 5921 1188 5997 ῦμνοίς
1220 5921 1436 5995 dahae;
1500 5921 1575 5985 τῷ

1680 5628 1862 5684 Δαυῖδ.
1895 5626 2289 5683 Theodotionis
2328 5626 2597 5680 diversam
2646 5619 2803 5675 aﬂert
2864 5615 3245 5673 Theodoretus

1682 5702 1986 5762 lectionem,
2012 5700 2289 5763 nimirum,
2308 5696 2385 5768 τῷ
2402 5692 2659 5764 νικοποιῷ
2676 5694 2731 5745 ὲν
2762 5690 2978 5764 ὕμνοις,
2994 5696 3125 5755 ete.,
3150 5687 3245 5745 sed

1694 5774 1829 5826 ‘tl‘iOl‘
1848 5785 2124 5841 germana.

1754 5843 1825 5914 ('2)
1856 5838 1958 5896 Sic
1987 5841 2165 5897 lacera
2205 5848 2331 5897 sunt
2366 5839 2481 5895 hsce
2521 5838 2575 5893 in
2613 5851 2749 5892 mss.
