3956 6340
656 406 754 467 105

1361 398 1627 455 EUSEBll
1664 393 2135 472 CJESADIENSIS
2155 391 2303 448 OPP.
2340 389 2517 445 PARS
2549 387 2642 445 .lll.
2679 419 2750 431 —
2785 386 3193 445 EXEGETICA‘.

3765 386 3858 442 lOs

674 533 938 579 tersonam
988 521 1309 585 assumenti,
1342 521 1693 591 ipsorumque
1744 532 2015 574 aerumnas
2045 517 2203 587 quasi

2319 511 2407 564 ιῶν
2442 512 2608 580 ἁγίων
2661 508 3128 580 ἀναλαμϐάνοντι,
3169 507 3267 571 τὰς
3314 507 3372 561 δὲ
3438 505 3646 575 θλίψεις
3694 505 3856 559 αὐτῶν

656 618 927 687 proprias,
951 631 1160 669 necnon
1185 620 1499 669 sanctorum
1530 612 1879 667 dilatationes
1900 611 2001 665 sibi
2035 610 2205 664 ascri-

652 708 798 762 benti
821 726 836 775 ;
859 717 1169 761 sanctorum
1193 706 1393 776 quippe
1422 718 1525 758 vox
1545 704 1635 758 illa
1676 711 1781 769 est,
1818 694 2203 756 tribulationem

638 800 925 871 patientes,
952 798 1042 854 sed
1074 816 1176 853 non
1201 799 1494 869 angustiati
1523 797 1565 829 “
1592 815 1609 864 ;
1643 794 1981 851 converteuti
2027 799 2206 847 autem

615 890 618 892 ⁷
653 907 747 946 eos
777 891 870 961 qui
901 891 1050 961 gravi
1102 890 1266 944 corde
1296 898 1445 953 sunt,
1484 895 1787 959 quaerentes
1818 886 2113 945 vanitatem
2156 874 2208 938 et

655 968 933 1052 loquentes
958 982 1319 1037 mendacium.
1352 980 1581 1037 Melodia
1614 995 1779 1051 porro
1809 987 2003 1049 praeter
2034 977 2209 1032 canti-

654 1092 777 1131 cum
807 1076 1018 1130 videtur‘
1062 1074 1287 1129 innuero
1340 1074 1584 1144 mysticae
1620 1055 2009 1127 modulationis
2040 1070 2211 1124 artifi—

654 1169 796 1223 cium
831 1187 844 1222 :
877 1177 986 1222 tum
1014 1167 1059 1221 si
1085 1168 1151 1222 ad
1182 1175 1384 1221 rectam
1406 1164 1739 1235 intelligendi
1762 1178 2007 1219 normam
2040 1163 2209 1220 dedu-z

634 1260 831 1325 ‘catur,
861 1267 941 1312 est
967 1257 1090 1311 vita:
1117 1257 1426 1309 institutum
1454 1253 1520 1307 ad
1552 1253 1645 1307 Dei
1674 1252 1929 1324 gloriam,
1952 1267 2075 1305 cum
2113 1251 2212 1325 do-

657 1352 833 1405 ctrina
861 1365 992 1405 sana
1027 1349 1314 1417 verbisque
1367 1346 1433 1400 ad
1477 1346 1707 1400 aliorum
1752 1345 2044 1399 utilitatum
2064 1336 2209 1397 ’con-

657 1441 913 1495 cinnatis.
1347 1492 1349 1495 ,
2048 1423 2058 1432 ’

727 1531 887 1586 Vsus.
903 1528 956 1584 2.
976 1527 1106 1585 Cum
1119 1530 1429 1589 invocarem,
1447 1527 1709 1582 exaudiuit
1734 1543 1813 1581 me
1830 1525 1965 1581 Deus
1984 1525 2213 1594 justitiw

654 1639 803 1686 mea,
822 1623 877 1676 in
903 1616 1237 1675 tribulatione
1252 1620 1602 1673 dilatastime.
1632 1616 1947 1673 Praecedens
1973 1618 2212 1686 psalmus

659 1719 839 1773 dictus
877 1723 961 1771 est
989 1731 1110 1771 cum
1135 1715 1341 1787 fugeret
1372 1713 1539 1767 David
1568 1728 1597 1767 a
1633 1712 1771 1766 facie
1793 1710 2087 1765 Absalonis
2120 1709 2212 1762 lilii

654 1810 738 1863 sui
771 1825 785 1875 ;
838 1822 1076 1878 praesens
1116 1820 1247 1862 vero
1279 1803 1495 1858 videtur
1542 1809 1665 1872 post
1691 1802 1841 1854 illum
1873 1801 2211 1863 enuntiatus,

2309 600 2694 673 ίδιοποιημένῳ
2747 601 2840 655 καὶ
2892 602 3017 663 τοὺς
3063 599 3407 668 πλατυσμοὺς
3454 596 3653 666 ἁγίων·
3702 596 3858 664 ἁγίων

2306 696 2433 766 γὰρ,
2465 694 2617 764 φωνὴ
2648 693 2730 757 τὸ,
2765 692 2867 746 Ἑν
2894 690 3073 743 παντὶ
3100 690 3453 758 θλιϐόμενοι,
3484 687 3623 742 ἀλλ’
3646 686 3714 740 οὐ
3745 699 3859 738 σιε-

2304 791 2752 859 νοχωρούμενοι·
2778 785 3152 856 ἐπιστρέφοντι
3183 785 3239 837 δὲ
3270 782 3509 845 καὶτοὺς
3538 781 3653 832 ὅσοι
3669 778 3858 848 τυγχα-

2307 897 2455 934 νουσι
2479 877 2846 950 βαρυκάρδιοι,
2868 876 2993 940 τούς
3023 893 3080 929 τε
3103 866 3432 945 ἀγαπῶντας
3454 871 3524 925 τὰ
3554 871 3749 943 μάταια
3773 870 3859 921 καὶ

2307 971 2599 1044 ζητοῦντας
2622 969 2682 1023 τὸ
2710 966 2929 1037 ψεῦδος.
2949 966 3022 1019 Τὸ
3039 966 3097 1020 δὲ
3121 964 3411 1038 μελῲδημα
3440 963 3591 1034 παρὰ
3608 962 3704 1031 τὴν
3731 959 3857 1031 ᾠδὴν

2309 1064 2447 1118 ἔοικε
2477 1060 2668 1134 δηλοῦν
2698 1061 2791 1115 καὶ
2826 1059 2885 1113 τὸ
2924 1058 3017 1111 τοῦ
3055 1056 3316 1130 μυστικοῦ
3361 1054 3568 1127 ῥυθμοῦ
3601 1049 3855 1123 τεχνικόν

2310 1155 2451 1209 κατὰ
2478 1155 2535 1208 δὲ
2557 1152 2845 1223 ἀναγωγὴν
2890 1148 3073 1222 ὀρθὴν,
3110 1148 3361 1202 πολιτεία
3384 1147 3519 1219 πρὸς
3554 1143 3708 1209 δόξαν
3736 1142 3860 1199 Θεοῦ

2267 1263 2270 1265 ‘
2314 1247 2450 1318 μετὰ
2480 1245 2761 1316 δογμάτων
2796 1241 2963 1311 ὑγιῶν
2998 1241 3093 1296 καὶ
3119 1240 3291 1309 λόγων
3319 1237 3413 1292 καὶ
3441 1236 3649 1308 ἑτέροις
3674 1231 3860 1304 ὠφελί-

2325 1358 2439 1412 μων
2447 1379 2460 1394 .

2395 1514 2497 1566 Ἐν
2522 1510 2603 1577 τῷ
2637 1510 3045 1566 ἐπικαλεῖσθαί
3065 1525 3161 1580 με,
3190 1504 3513 1576 εἰσήκουσέ
3533 1521 3653 1575 μου
3684 1505 3715 1557 ό
3734 1503 3865 1571 Θεὸς

2314 1603 2422 1671 τῆς
2459 1598 2849 1669 δικαιοσύνης
2880 1620 3014 1673 μου,
3047 1603 3117 1656 ἐν
3152 1602 3352 1669 θλίψει
3384 1595 3742 1661 ’ἐπλάτυνιὶς
3772 1596 3862 1664 με.

2326 1689 2383 1743 '0
2410 1690 2506 1761 μὲν
2535 1691 2642 1761 πρὸ
2666 1689 2853 1744 τούτου
2886 1690 3097 1761 ψαλμὸς
3127 1690 3341 1758 ἐλέγετο
3385 1691 3442 1742 ὲν
3480 1686 3555 1757 τῷ
3587 1685 3865 1758 ἀποδιδρά-

2316 1788 2466 1835 σκειν
2489 1781 2651 1836 ama
2700 1781 2808 1835 ἀπὸ
2858 1780 3146 1853 προσώπου
3205 1778 3555 1851 Ἀϐεσσαλὼμ
3613 1778 3705 1832 τοῦ
3758 1776 3863 1831 υἱοῦ

655 1870 783 1969 post
806 1870 1015 1969 partam
1077 1897 1286 1952 scilicet
1332 1896 1398 1950 de
1430 1870 1702 1949 Absalone
1730 1893 2065 1950 victoriam:
2100 1907 2209 1961 quo

2319 1875 2471 1928 αὐτοῦ
2496 1895 2509 1906 ·
2540 1877 2568 1927 ὁ
2595 1874 2649 1927 δὲ
2677 1874 2864 1946 παρὼν
2892 1874 3062 1927 ἔοικεν
3097 1874 3219 1943 ἑξῆς
3250 1874 3442 1944 ἐκείνῳ
3468 1871 3720 1945 εἰρῆσθαι
3745 1870 3867 1942 μετά

653 1962 824 2059 gesto,
883 1988 1264 2058 triumphalem
1303 1985 1561 2059 hymnum
1615 1985 1897 2040 victoriam
1953 1984 2213 2056 praebenti

2319 1967 2411 2037 τὴν
2441 1965 2580 2019 κατὰ
2605 1964 2697 2018 τοῦ
2724 1963 3073 2033 Ἀϐεσσαλὼμ
3093 1964 3277 2034 νίκην·
3318 1964 3436 2035 μεθ’
3465 1964 3523 2017 ὃν
3564 1962 3731 2032 ὕμνον
3759 1964 3867 2015 ἐπι-

654 2081 763 2135 Dco
792 2090 1096 2143 consecrat,
1125 2054 1443 2147 prmsentetn
1481 2073 1728 2128 videlicet
1758 2053 2029 2144 psalmum
2062 2092 2077 2141 ;
2104 2091 2214 2146 quo

2319 2060 2481 2115 νίκιον
2509 2058 2586 2128 τῷ
2617 2055 2873 2128 νικοποιῷ
2902 2055 3020 2127 Θεῷ
3048 2054 3328 2125 ἀνατίθησι
3361 2054 3450 2108 τὸν
3484 2055 3727 2126 παρόντα
3745 2053 3867 2123 ψαλ-

656 2172 915 2228 suadetur
946 2170 1103 2224 nobis
1142 2181 1198 2223 ut
1231 2182 1298 2222 ne
1327 2166 1498 2241 simus
1526 2167 1617 2223 Dei
1635 2182 1763 2237 erga
1796 2183 1896 2222 nos
1921 2166 2211 2222 beneﬁcio-

2319 2142 2437 2220 μὸν,
2461 2148 2527 2201 δι’
2554 2142 2613 2201 οῦ
2643 2149 2736 2202 καὶ
2756 2150 2915 2235 ἡμεῖς
2942 2145 3299 2217 παιδευόμεθα
3323 2146 3396 2217 μὴ
3421 2148 3748 2217 ἀμνημονεῖν
3771 2146 3865 2198 τῶν

656 2280 773 2319 rum
832 2242 1199 2318 immemores.
1219 2238 1423 2317 .Metito
1475 2238 1639 2332 igitur
1664 2263 1718 2315 i‘u
1747 2260 1918 2329 priori
1951 2258 2165 2314 dicebat
2197 2276 2210 2311 :

2319 2238 2407 2291 τοῦ
2440 2237 2573 2291 Θεοῦ
2606 2241 2681 2301 εἰς
2724 2232 2871 2309 ἡμᾶς
2902 2235 3247 2309 εὐεργεσιῶν.
3286 2237 3520 2300 Εἰκότως
3557 2232 3650 2290 οὖν
3690 2238 3746 2289 ἐν
3780 2235 3866 2306 μὲν

654 2356 898 2419 Domine,
930 2355 1055 2427 quid
1083 2354 1421 2423 multiplicati
1455 2327 1577 2408 sunt
1606 2357 1695 2424 qui
1727 2327 1987 2407 tribulant
2016 2369 2096 2406 me
2125 2351 2171 2383 δ’
2196 2368 2211 2419 ;

2319 2331 2393 2402 τῷ
2421 2331 2527 2402 πρὸ
2554 2330 2741 2383 τούτου
2770 2330 2954 2398 ἔλεγεν
2973 2346 2985 2360 '
3019 2330 3214 2397 Κύριε,
3240 2329 3297 2382 τί
3323 2327 3790 2397 ἐπληθύνθησαν
3822 2330 3866 2381 ol

657 2451 711 2502 in
736 2450 839 2504 hoc
860 2460 1059 2512 autem,
1088 2449 1140 2500 in
1171 2447 1512 2501 tribulatione
1545 2446 1788 2499 dilatasti
1820 2462 1917 2499 me.
1938 2445 2061 2500 Haec
2084 2460 2217 2500 sane

2319 2418 2620 2485 θλίϐοντές
2643 2435 2718 2488 με
2738 2434 2756 2482 ;
2779 2421 2834 2472 ὲν
2857 2419 2912 2472 δὲ
2933 2421 3134 2489 τούτῳ·
3174 2420 3275 2472 Ἐν
3306 2419 3507 2487 θλίψει
3541 2414 3861 2482 ealder

657 2539 895 2609 loquitur
925 2539 991 2592 de
1015 2509 1322 2625 cqlamitate
1354 2554 1449 2607 per
1469 2538 1795 2610 Absalonem
1827 2537 2138 2608 importata,
2159 2537 2212 2591 in

2319 2529 2405 2581 με.
2437 2510 2596 2580 Λέγει
2626 2511 2684 2565 δὲ
2720 2511 2891 2565 ταῦτα
2923 2512 3048 2583 περὶ
3094 2511 3189 2582 τῆς
3226 2510 3363 2563 κατὰ
3394 2510 3484 2563 τὸν
3534 2509 3869 2579 Ἀϐεσσαλὼμ

656 2645 789 2701 qua,
814 2645 936 2684 cum
962 2630 1129 2684 Deum
1155 2632 1483 2698 invocasset,
1513 2632 1807 2702 propitium
1824 2640 2084 2701 expertus
2108 2639 2211 2695 est,

656 2732 731 2789 et,
766 2740 887 2778 cum
914 2732 1132 2795 propter
1164 2727 1419 2796 populum
1443 2733 1496 2781 et
1529 2733 1751 2796 propter
1786 2740 1970 2783 arcam
2002 2724 2214 2781 Domini

658 2819 713 2873 in
741 2820 999 2875 aerumnis
1029 2818 1245 2889 degeret
1270 2859 1285 2884 ,
1318 2814 1553 2889 quietem
1584 2835 1647 2897 ac
1673 2818 2065 2887 dilatationem,
2096 2835 2216 2875 ces-

661 2919 816 2967 sante
851 2912 1012 2975 bello,
1045 2927 1108 2967 ac
1133 2910 1565 2983 profundissima
1596 2926 1731 2982 pace
1758 2928 1817 2968 se
1850 2924 2012 2982 atque
2041 2927 2215 2983 popu-

627 3006 770 3059 rlum
811 3021 1028 3060 omnem
1055 3007 1391 3075 excipiente,
1443 3016 1638 3060 nactus
1684 3014 1787 3059 est.
1822 3003 1917 3057 Vel
1967 3004 2218 3059 fortassis

661 3089 775 3153 haec
803 3098 936 3152 dicit
964 3081 1255 3153 occasione
1283 3098 1470 3168 lapsus
1502 3113 1625 3152 cum
1659 3081 1826 3153 uxore
1850 3095 2013 3160 Uriae,
2044 3096 2219 3151 rebel-

660 3190 821 3243 tionis
856 3189 970 3253 lilii,
993 3198 1045 3245 et
1075 3189 1668 3260 reliquarumromnium
1697 3188 2069 3242 calamitatum
2098 3201 2217 3257 quae

660 3283 837 3352 ipsum
870 3282 1015 3336 domi
1045 3295 1329 3352 excepere.
1354 3280 1490 3335 Cum
1514 3281 1658 3336 enim
1706 3289 1926 3353 propter
1950 3281 2063 3336 haec
2096 3296 2215 3334 om-
2242 3306 2285 3361 ο

660 3377 900 3439 niasese
954 3374 1229 3449 alllictioni
1280 3366 1578 3430 dedidisset
1611 3414 1627 3438 ,
1659 3375 1724 3429 ad
1756 3374 2130 3445 pmoitentiam
2162 3380 2217 3429 et

661 3468 1059 3523 confessionem
1091 3484 1211 3523 sese
1242 3469 1514 3531 vertisset,
1544 3477 1597 3524 et
1617 3468 1777 3539 quasi
1810 3468 2055 3525 certatim
2089 3483 2219 3537 sup-

662 3562 883 3631 plicium
936 3562 989 3615 in
1025 3577 1082 3615 se
1111 3562 1178 3616 de
1205 3569 1427 3631 peccato
1453 3562 1799 3631 sumpsisset.
1826 3561 2056 3632 iustitia:
2086 3577 2218 3631 ope-

660 3656 811 3709 ribus
854 3654 1229 3726 fructibusque
1280 3665 1425 3709 rectc
1472 3654 1735 3709 factorum
1787 3655 2009 3724 Optimis
2051 3653 2219 3707 Deum

660 3748 1004 3818 propitiatus,
1042 3748 1240 3803 bonam
1304 3756 1591 3803 assecutus
1641 3748 2081 3823 promissionem,
2114 3759 2217 3816 qua

662 3849 939 3909 permotus
970 3845 1022 3893 in
1056 3840 1378 3910 praecedenti
1417 3842 1624 3911 psalmo
1686 3840 2001 3911 prophetice
2038 3840 2176 3909 dixit
2204 3857 2217 3894 :

666 3932 743 3987 Tu
771 3945 965 4000 autem,
1006 3934 1239 3999 Domine,
1271 3948 1537 4005 susceptor
1574 3952 1718 3989 meus
1756 3952 1832 3999 es,
1884 3936 2057 4005 gloria
2106 3950 2221 3988 mea

661 4036 711 4080 et
739 4030 980 4081 exultans
1029 4039 1182 4096 caput
1223 4045 1391 4082 meum
1419 4030 1485 4097 ⁸³,
1519 4044 1582 4083 ac
1611 4038 1806 4083 caetera
1830 4069 1847 4093 ,
1882 4044 2002 4098 qua:
2053 4028 2220 4098 priori

664 4135 913 4184 sermone
950 4121 1110 4174 allata
1142 4128 1268 4175 sunt
1302 4140 1316 4187 ;
1356 4128 1753 4191 consequenter
1787 4121 1838 4173 in
1873 4116 2021 4175 hisce
2044 4120 2223 4174 decla-

664 4221 748 4266 rat
782 4232 794 4268 :
833 4212 966 4267 Cum
1020 4208 1345 4278 invocarem,
1401 4215 1668 4268 exaudivit
1702 4230 1780 4266 me
1812 4212 1951 4266 Deus
1993 4212 2225 4280 justitiaz

663 4321 809 4369 metu,
843 4307 896 4360 in
948 4306 1286 4362 tribulatione
1309 4306 1550 4361 dilatasti
1584 4324 1684 4361 me.
1719 4305 1972 4361 Miserere
2020 4308 2147 4369 mei,
2176 4314 2225 4359 et

656 4395 851 4451 exaudi
880 4400 1168 4452 orationem
1199 4416 1386 4455 meam.
1410 4399 1475 4453 Et
1507 4400 1763 4469 primum,
1796 4400 2083 4455 exauditus
2101 4415 2225 4453 cum

668 4501 937 4542 invocaret
956 4489 1259 4556 Dominum,
1280 4508 1386 4546 non
1403 4494 1626 4564 erigitur
1643 4493 1775 4563 (25),
1796 4508 1968 4564 neque
1984 4494 2037 4547 in
2056 4495 2228 4564 segni-

687 4581 789 4634 icm
813 4583 957 4635 cadit
991 4601 1004 4637 :
1038 4584 1130 4637 sed
1155 4587 1361 4663 statim,
1387 4588 1454 4642 de
1486 4589 1670 4642 futuro
1692 4588 1983 4651 sollicitus.
2028 4604 2224 4661 preca-

688 4687 754 4723 ur
787 4673 1005 4735 iterum,
1046 4690 1242 4743 rogans
1289 4676 1455 4731 Deum
1508 4689 1767 4749 perpetuo
1797 4683 1901 4737 sibi
1945 4684 2059 4737 fore
2092 4672 2221 4753 'pro-
2253 4668 2300 4726 Π

665 4764 877 4835 ριιίιωι.
902 4763 1180 4834 Supplicat
1197 4774 1371 4820 autem
1395 4770 1639 4823 exaudiri
1659 4788 1716 4826 se
1737 4787 1799 4826 ex
1822 4772 2220 4835 misericordia,

666 4870 773 4909 non
807 4871 871 4909 ex
920 4856 1120 4911 debito.
1175 4853 1401 4911 Etiamsi
1451 4862 1594 4915 enim
1649 4863 1752 4932 ipsi
1788 4865 1977 4918 aderat
2027 4865 2226 4933 aliquis

663 4950 889 5020 justitire
918 4948 1128 5004 fructus
1162 4969 1176 5019 ;
1208 4961 1267 5029 at
1308 4952 1409 5022 ipsi
1459 4969 1567 5008 non
1601 4957 1875 5014 conlidere
1902 4974 1960 5015 se
1987 4959 2222 5022 dicebat,

668 5042 761 5095 sed
791 5040 882 5094 Dei
918 5042 1305 5100 misericordiae
1326 5053 1379 5100 et
1415 5046 1874 5106 miserationibus.
2096 5058 2099 5061 “

739 5132 901 5189 Vens.
938 5135 989 5190 5.
1022 5135 1153 5190 Filii
1183 5138 1470 5205 hominum,
1499 5156 1757 5213 usquequo
1779 5148 1930 5214 gravi
1955 5146 2132 5209 corde.
2169 5156 2227 5201 ut

667 5227 790 5296 quid
810 5228 1030 5299 diligitis
1060 5232 1342 5286 vanitatem
1376 5244 1425 5288 et
1459 5237 1696 5306 quwritis
1725 5239 2051 5299 mendacium
2072 5245 2098 5298 ?
2120 5242 2227 5298 Eos

670 5324 760 5390 qui
801 5336 1089 5395 aggravata
1123 5336 1303 5382 mente
1332 5340 1481 5397 sunt,
1522 5333 1771 5404 tardique
1802 5335 1868 5389 ad
1897 5339 2117 5393 verbum
2146 5340 2229 5394 di-

669 5417 853 5470 vinum
889 5418 1236 5484 audiendum,
1280 5437 1472 5492 graves
1505 5425 1669 5481 corde
1700 5429 1939 5496 vocavit,
1974 5432 2089 5487 sive
2131 5447 2227 5487 eos

669 5510 759 5578 qui
790 5514 1124 5567 conscientia
1166 5514 1425 5583 improbis
1454 5520 1872 5590 cogitationibus
1901 5533 2097 5580 onusta
2141 5540 2230 5580 es-

669 5611 811 5656 sent.
848 5602 996 5669 Quos
1028 5607 1196 5662 verbo
1232 5608 1513 5665 incessens
1542 5613 1655 5666 ait:
1683 5612 1974 5685 Usquequo
2007 5618 2060 5672 in
2102 5632 2229 5687 pec-

668 5699 807 5752 catis
856 5704 1050 5757 vestris
1098 5706 1533 5776 perscverabitis,
1577 5722 1700 5763 cum
1748 5710 2114 5769 festinandum
2160 5712 2227 5769 ad

744 5858 787 5890 δι
832 5856 873 5912 11
906 5858 1029 5913 Cor.
1066 5877 1144 5927 ιν,
1184 5862 1235 5917 8.
1313 5864 1355 5896 δ’
1396 5863 1537 5921 Psal.
1578 5883 1669 5935 ιιι,
1708 5869 1762 5925 2.
1835 5870 1879 5903 ⁴³
1921 5871 2050 5926 ibid.
2089 5873 2143 5937 4.

2318 2605 2629 2680 συμφορᾶς·
2660 2603 2781 2656 καθ’
2815 2603 2880 2675 ἢν
2909 2604 2998 2657 τὸν
3030 2603 3161 2658 Θεὸν
3183 2602 3670 2674 ἐπικαλεσάμενος,
3698 2601 3868 2672 ἔτυχεν

2317 2696 2478 2751 αὑτοῦ
2504 2697 2737 2768 ἐπηκόου
2758 2714 2772 2729 ·
2805 2713 2899 2777 και
2929 2695 3216 2766 γενόμενος
3242 2697 3297 2749 ἐν
3325 2694 3500 2765 θλίψει
3518 2694 3603 2748 διὰ
3627 2693 3718 2748 τὸν
3736 2694 3866 2755 λαὸν,

2317 2786 2413 2839 καὶ⁹
2440 2785 2536 2857 τὴν
2572 2784 2800 2844 κιϐωτὸν
2828 2784 2923 2839 τοῦ
2950 2784 3106 2850 Θεοῦ,
3141 2787 3373 2850 ἀνέσεως
3406 2785 3497 2839 καὶ
3526 2784 3867 2853 πλατυσμοὶι

2317 2877 2556 2950 ἠξιώθη,
2594 2878 2944 2949 παυσαμένου
2989 2878 3085 2948 μὲν
3118 2877 3207 2932 τοῦ
3264 2879 3532 2950 πολέμου,
3574 2879 3793 2950 εἰρήνης
3824 2878 3869 2929 δὲ

2321 2972 2625 3045 βαθυτάτης
2676 2975 3035 3045 διαλαὸούσης
3081 2977 3240 3030 αὐτόν
3291 2993 3350 3028 τε
3429 2978 3521 3029 καὶ
3569 2979 3743 3030 πάντα
3792 2973 3868 3025 τὸν

2318 3064 2464 3118 λαόν.
2496 3068 2565 3118 Ἢ
2596 3066 2767 3131 ἄλλως
2797 3068 2944 3136 λέγει
2968 3068 3141 3122 ταῦτα
3175 3068 3266 3121 ἐπὶ
3298 3067 3393 3120 τοῦ
3423 3064 3759 3136 πταίσματος
3783 3064 3868 3134 τῆς

2319 3158 2413 3210 τοῦ
2444 3158 2661 3228 Οὐρίου,
2690 3160 2784 3212 καὶ
2813 3162 2845 3230 ὴ
2873 3159 2967 3212 τοῦ
2991 3160 3106 3213 υἱοῦ
3139 3160 3519 3222 ἐπανάστασις,
3556 3160 3649 3212 καὶ
3683 3157 3750 3210 τὰ
3778 3158 3869 3209 λοι-

2317 3247 2393 3300 πὰ
2419 3248 2595 3302 πάντα
2618 3249 2685 3303 τὰ
2706 3250 2845 3304 κατὰ
2866 3250 2956 3303 τὸν
2975 3248 3117 3305 οἷκον
3136 3250 3280 3304 κακὰ
3303 3249 3337 3304 ἂ.
3359 3265 3420 3303 συ
3429 3248 3696 3321 μὸέϐηκεν
3718 3248 3867 3319 αὐτῷ.

2331 3340 2453 3393 Ἐπὶ
2475 3340 2682 3404 τούτοις
2721 3342 2830 3413 γὰρ
2864 3344 3053 3397 ἐαυτὸν
3090 3342 3366 3406 κακώσας,
3399 3342 3654 3414 μετανοίᾳ
3695 3360 3754 3395 τε
3794 3343 3871 3395 καὶ

2318 3431 2696 3504 ἐξομολογήσει
2733 3436 2921 3489 ἐαυτὸν
2970 3437 3278 3511 παραδοὺς,
3336 3437 3431 3491 καὶ
3479 3435 3559 3507 τῷ
3590 3435 3871 3505 πταίσματι

2317 3518 2623 3593 ἐφαμίλλως
2653 3525 2840 3581 ἑαυτὸν
2878 3529 3352 3601 τιμωρησάμενος,
3389 3528 3572 3599 ἔργοις
3601 3545 3659 3581 τε
3690 3528 3873 3582 δικαιο-

2324 3615 2486 3687 σύνης
2524 3619 2617 3671 καὶ
2648 3621 3122 3691 καρποῖςὰγαθοῖς
3152 3622 3331 3691 πάσης
3361 3621 3607 3683 εὐποιίας
3636 3618 3871 3693 soul-155v

2323 3709 2659 3780 ἱλασάμενος,
2689 3712 2781 3764 καὶ
2810 3711 2986 3783 τυχὼν
3017 3712 3347 3780 ἐπαγγελίας
3370 3711 3600 3781 ἀγαθῆς,
3628 3710 3784 3779 δι’λὴν
3808 3706 3871 3775 τῷ

2322 3801 2426 3872 πρὸ
2454 3802 2643 3855 τούτου
2676 3803 2873 3873 ψαλμῷ
2904 3802 3252 3874 προφητικῶς
3265 3802 3447 3870 ἔλεγε·
3475 3802 3559 3856 Σὺ
3583 3800 3669 3865 δὲ,
3694 3802 3868 3867 Κύριε,

2320 3893 2697 3968 ἀντιλήπτωρ
2741 3912 2854 3963 μου
2881 3894 2952 3961 εἶ,
2986 3893 3135 3957 δόξα
3159 3905 3278 3963 μου
3307 3894 3403 3948 καί
3443 3892 3617 3963 ὑψῶν
3640 3892 3752 3960 τὴν
3791 3908 3870 3944 κε-

2322 3984 2526 4055 φαλήν
2549 4004 2688 4055 μου,
2711 3986 2804 4038 καὶ
2833 3985 2903 4039 τὰ
2933 3985 3092 4039 λοιπὰ
3123 3986 3225 4040 ὅσα
3247 3988 3483 4059 παρίστη
3516 3987 3543 4043 ὁ
3579 3985 3680 4059 πρὸ
3700 3984 3869 4039 τούτου

2322 4074 2496 4144 λόγος,
2531 4074 2836 4141 ἀκολούθως
2865 4076 2951 4130 διὰ
2993 4076 3099 4131 τῶν
3135 4078 3509 4149 προκειμένων
3545 4078 3739 4148 φησίν”
3786 4078 3871 4131 Ἐν

2322 4165 2402 4231 τῷ
2437 4167 2846 4240 ἐπικαλεῖσθαί
2877 4185 2951 4237 με
2993 4168 3318 4235 εἰσήκουσέ
3365 4187 3482 4239 μου
3525 4173 3557 4224 ό
3596 4169 3739 4236 Θεὸς
3777 4166 3871 4231 τῆς

2322 4256 2711 4337 δικαιοσύνης
2752 4275 2901 4327 μου,
2944 4260 3015 4313 ἐν
3053 4262 3251 4328 θλίψει
3293 4259 3631 4327 ἐπλάτυνάς
3661 4278 3755 4331 με.
3796 4261 3863 4312 Ul-

2323 4347 2642 4415 κτείρησόν
2694 4365 2769 4415 με
2822 4350 2920 4403 καὶ
2966 4350 3330 4405 εἰσάκουσον
3384 4350 3495 4419 τῆς
3543 4347 3871 4420 προσευχῆς

2317 4457 2455 4508 μου.
2495 4440 2568 4492 Τὸ
2591 4440 2803 4512 πρῶτον
2830 4442 3184 4508 ἐπακουσθεὶς
3214 4444 3271 4497 ἐν
3298 4444 3376 4515 τῷ
3401 4442 3770 4497 ἐπικαλεῖσθαι
3796 4441 3871 4493 τὸν

2324 4530 2547 4602 Κύριον,
2570 4533 2669 4585 οὐκ
2702 4533 2981 4606 ἐπαίρεται
3010 4534 3128 4587 οὐδέ
3153 4536 3560 4609 ἀπορραθυμεῖ·
3593 4534 3706 4589 ἀλλ’
3730 4531 3870 4593 εὐθὺς

2314 4616 2455 4693 ’περὶ
2475 4622 2568 4675 τοῦ
2600 4624 2878 4694 μέλλοντος
2909 4629 3096 4699 χρόνου
3128 4628 3289 4681 πάλιν
3317 4628 3511 4691 δέεται,
3545 4627 3769 4680 πάντοτε
3795 4624 3870 4677 τὸν

2326 4713 2457 4766 Θεὸν
2506 4716 2739 4785 ἐπήκοον
2791 4716 2933 4788 ἔχειν
2978 4718 3339 4791 παρακαλῶνο
3378 4718 3608 4771 ίκετεύει
3653 4734 3710 4770 τε
3766 4716 3867 4770 κατ’

2324 4801 2501 4859 οἶκτον
2544 4808 2961 4881 ἐπακουσθῆναι,
2993 4811 3053 4863 οὐ
3106 4810 3225 4864 κατ’
3269 4808 3505 4880 ὀφειλὴν.
3551 4810 3613 4861 Εί
3661 4807 3763 4880 γὰρ
3792 4807 3869 4859 καὶ

2324 4897 2507 4969 παρῆν
2539 4916 2621 4962 τις
2652 4900 2800 4970 αὐτῷ
2846 4898 3055 4973 καρπὸς
3087 4902 3459 4971 δικαιοσύνης,
3496 4900 3609 4954 ἀλλ’
3656 4901 3752 4953 οὐκ
3793 4900 3868 4952 ἐπὶ

2324 4986 2496 5058 τούτῳ
2537 4987 2754 5060 θαρσεῖν
2797 4989 3013 5058 ἔλεγεν·
3060 4989 3172 5042 ἀλλ’
3222 4989 3313 5041 ἐπὶ
3342 4987 3417 5059 τῷ
3466 4987 3602 5059 ἐλέῳ
3655 4988 3869 5047 καὶτοῖς

2330 5078 2631 5148 οἱκτιρμοῖς
2662 5078 2758 5131 τοῦ
2794 5079 2948 5133 Θεοῦ.

2400 5170 2516 5222 Υἱοὶ
2553 5168 2893 5237 ἀνθρώπων,
2927 5169 3037 5235 ἕως
3075 5169 3218 5222 πότε
3253 5167 3641 5237 βαρυκάρδιοι
3665 5184 3681 5232 ;
3702 5168 3794 5222 ἵνα
3827 5163 3870 5217 τί

2332 5259 2593 5327 ἀγαπᾶτε
2630 5263 3021 5330 ματαιότητα,
3063 5261 3160 5314 καὶ
3215 5259 3431 5329 ζητεῖτε
3463 5260 3722 5328 uaccae,-
3753 5258 3869 5317 Τοὺς

2332 5347 2428 5418 τὴν
2464 5351 2699 5406 διάνοιαν
2732 5340 3207 5424 πεπαχυμμένους,
3241 5354 3332 5407 καὶ
3365 5354 3492 5427 περὶ
3514 5354 3612 5427 τὴν
3652 5352 3869 5419 ὑπακοὴν

2333 5440 2425 5494 τοῦ
2453 5442 2595 5496 θείου
2641 5444 2796 5513 λόγου
2842 5443 3073 5515 βραδεῖς,
3106 5444 3499 5519 βαρυκαρδίους
3525 5447 3815 5518 ὠνόμασεν,
3842 5440 3866 5508 ἦ

2333 5534 2458 5597 τοὺς
2492 5534 2893 5607 βεϐαρημένους
2921 5537 2980 5589 τὸ
3021 5539 3255 5603 συνειδὸς
3285 5540 3389 5594 ὑπὸ
3422 5539 3710 5613 μοχθηρῶν
3747 5537 3867 5603 λοῒΨ

2337 5625 2518 5696 σμῶψ
2564 5627 2811 5696 πλήττων
2858 5627 2914 5681 δέ
2953 5629 3174 5695 τούτους
3212 5630 3289 5702 τῷ
3326 5632 3467 5703 λόγῳ
3510 5630 3701 5702 φησίνο
3752 5627 3868 5685 Ἕως

2336 5734 2465 5772 ποτε
2509 5723 2628 5785 ταῖς
2670 5720 2872 5775 ἑαυτῶν
2910 5723 3203 5797 ἁμαρτίαις
3242 5725 3618 5809 παραμένετε,
3653 5720 3869 5778 σπεύδειν
