3956 6340
82 470 161 526 {05
1150 471 1526 526 COMMENTA
1536 473 1649 528 RIA
1687 475 1756 527 IN
1785 476 2114 530 PSALMOS.

3119 488 3220 542 106

76 585 166 636 δέον
193 581 279 636 ἐπὶ
307 580 589 649 μετάνοιαν
621 581 714 634 καὶ
757 581 853 652 τὴν
889 582 1059 653 φίλην·
1078 585 1154 655 τῷ
1187 586 1305 657 Θεῷ
1345 587 1572 658 ἐξομολό-

1691 591 2062 659 paanitentiam
2093 600 2146 646 et
2185 592 2250 645 ad
2293 591 2540 645 dilectam
2573 589 2682 644 Deo
2721 588 3112 646 confessionem
3148 606 3207 643 es

76 689 229 742 γησινς
256 667 390 724 κατὰ
436 671 492 724 δὲ
544 671 640 742 τὴν
691 673 947 742 ἱστορίαν,
988 673 1157 727 ἔοικεν
1188 678 1217 728 ό
1245 677 1424 730 Δαυτδ-
1458 677 1590 748 πρὸς

73 767 170 829 τοὺς
208 764 292 815 ἐπὶ
335 765 446 824 τοῖς
486 764 808 832 πειρασμοῖς
841 765 942 816 καὶ
973 768 1087 828 ταῖς
1113 770 1458 836 περιστάσεσι
1494 787 1590 823 τα-

77 853 410 923 ραττομένους,
447 855 537 905 καὶ
567 853 1010 925 θορυϐουμένους,
1045 859 1135 909 καὶ
1176 859 1352 913 πάντα
1394 860 1590 931 μᾶλλον

73 956 362 1012 πραττοντας
396 945 428 1014 ἢ
468 946 561 996 ἐπὶ
607 946 696 998 τὸν
735 946 865 998 Θεὸν
916 948 1383 1017 καταφεύγοντας,
1418 954 1588 1008 ταῦτα

70 1040 230 1106 λέχειν.
263 1038 324 1090 Ti
352 1038 457 1108 γὰρ
499 1040 603 1110 χρὴ
636 1042 914 1110 ταράττειν
949 1042 1039 1094 καὶ
1069 1043 1442 1112 ταράττεσθαι,
1487 1065 1588 1119 φη-

70 1131 148 1191 σιν,
180 1131 230 1182 ὲν
273 1131 382 1191 τοῖς
423 1134 826 1200 περιστατικοῖς
869 1134 1112 1202 καιροῖς,;
1141 1134 1203 1185 Τί
1235 1133 1298 1186 ’δὲ
1342 1135 1446 1207 χρὴ
1482 1155 1585 1208 μα-

68 1218 266 1288 ταιότητι
310 1220 535 1283 ἑαυτοὺς
585 1216 871 1284 ἐκδιδόναι,
906 1214 949 1272 ὦ
983 1221 1330 1294 βαρυκάρδιοι
1361 1225 1580 1295 ἄνδρες;

66 1308 114 1358 Τί
141 1307 185 1358 δὲ
223 1308 276 1360 τὸ
300 1307 491 1376 ψεῦδος
533 1311 791 1378 μετιέναι,
826 1311 885 1362 τὸ
932 1311 1127 1382 ἀληθὲς
1160 1295 1579 1383 καταλιπόν’τας;

75 1398 201 1449 Ἀλλὰ
231 1400 332 1469 γὰρ
366 1399 613 1452 ἐντεῦθεν
657 1400 933 1470 μαθόντες,
969 1403 1048 1455 ὃτι
1090 1403 1220 1467 Θεὸς
1259 1406 1353 1458 καλ⁴
1382 1405 1582 1476 Κύριός

65 1493 177 1540 ἐστιν
207 1492 231 1542 ό
261 1490 362 1542 τῶν
393 1489 526 1543 ὅλων
552 1490 740 1561 ἔφορος
777 1492 870 1544 καὶ
906 1499 1225 1570 προνοητὴς,
1257 1499 1284 1550 ό
1317 1497 1580 1568 μηδέποτε

65 1580 359 1633 καταλείπων
395 1593 570 1634 παντα
609 1583 752 1633 ὅσιον
787 1581 982 1646 αὐτοῦ,
1019 1583 1133 1636 ἀλλ’
1163 1585 1249 1636 ἀεὶ
1297 1584 1579 1655 θαυμαστὰ

65 1675 129 1724 ἐπ’
152 1672 280 1742 αὐτῷ
307 1673 537 1733 δεικνὺς,
583 1672 907 1735 σπουδάζετε
940 1675 1031 1725 και
1068 1673 1220 1726 αὐτοὶ
1257 1675 1390 1744 ὅσιοι
1428 1675 1580 1743 γενέ-

66 1765 178 1824 σθαι,
210 1759 262 1815 εὖ
309 1763 399 1814 καὶ
444 1763 683 1833 ἀκριϐῶς
727 1763 943 1826 εἰδότες,
970 1764 1050 1816 ὅτι
1079 1765 1170 1818 καὶ
1209 1764 1359 1835 ὑμῶν
1391 1765 1578 1837 ὥσπερ
1619 1795 1622 1798 -

62 1853 132 1908 οὖν
157 1856 239 1908 καὶ
285 1855 416 1925 ἐμοῦ
460 1853 624 1908 αὑτοῦ
679 1854 882 1926 Κύριος
939 1857 1349 1919 εἰσακούσεται,
1402 1859 1457 1910 ὲν
1499 1859 1577 1927 τῷ

1693 682 1812 736 set?
1839 683 1993 746 Quod
2028 683 2072 738 si
2106 683 2332 738 historia
2359 690 2649 752 spectetur.
2686 680 2900 736 videtur
2928 679 3095 734 David
3134 695 3226 734 eos

1690 772 1908 840 alloqui,
1945 773 2039 843 qui
2080 772 2134 827 in
2167 773 2554 827 tentationibus
2578 780 2631 825 et
2665 771 2719 824 in
2749 771 3024 826 eventibus
3061 771 3224 826 variis

1688 862 1993 925 turbantur,
2039 863 2325 932 omniaque
2347 861 2522 931 potius
2553 867 2735 930 agunt,
2775 875 2934 928 quam
2967 860 3030 913 ad
3058 858 3223 913 Deum

1687 951 2022 1022 confugiant.
2066 952 2204 1018 Quid
2255 969 2413 1023 opus,
2449 952 2640 1021 inquit,
2679 950 2882 1004 turbari
2929 964 2991 1002 ac
3020 951 3222 1003 tumul-

1685 1044 1826 1096 tuari
1864 1057 1960 1112 pro
1989 1042 2299 1097 conditione
2327 1041 2666 1112 temporum?
2699 1039 2837 1105 Quid
2865 1038 3014 1108 juvat
3045 1053 3102 1092 se
3137 1053 3224 1090 va-

1685 1134 1841 1188 nitati
1867 1134 2100 1200 tradere,
2131 1150 2163 1189 o
2195 1135 2342 1203 gravi
2389 1135 2552 1190 corde
2587 1134 2864 1186 homines?
2892 1131 3028 1196 Quid
3073 1147 3222 1184 men-

1682 1221 1899 1275 dacium
1941 1238 2204 1292 quaerere,
2236 1223 2425 1277 relicta
2475 1220 2732 1275 veritate?
2759 1219 2898 1284 Quin
2937 1218 3115 1288 potius
3153 1232 3218 1271 ex

1680 1311 1831 1368 hisce
1856 1311 2054 1376 edocti,
2089 1312 2255 1366 Deum
2300 1327 2361 1364 ac
2391 1311 2674 1364 Dominum
2714 1325 2834 1364 esse
2869 1310 3105 1363 omnium
3139 1308 3220 1361 in-

1681 1413 1982 1474 spectorem
2033 1421 2096 1458 ac
2145 1405 2557 1466 moderatorem,
2596 1403 2684 1472 qui
2730 1403 2934 1454 nullum
2984 1416 3218 1469 unquam

1679 1500 1992 1548 sanctorum
2033 1509 2253 1547 suorum
2299 1494 2521 1558 deserit,
2572 1492 2663 1546 sed
2711 1491 2974 1545 mirabilia
3009 1505 3222 1560 semper

1675 1582 1886 1636 illorum
1919 1598 2083 1638 causa
2112 1583 2285 1647 edicit,
2315 1593 2500 1637 curate
2537 1599 2633 1638 vos
2656 1584 2757 1652 ipsi
2787 1591 2844 1636 ut
2872 1585 3042 1637 sancti
3077 1583 3217 1645 sitis,

1678 1672 1914 1740 apprime
1935 1673 2108 1742 gnari,
2142 1671 2425 1725 Dominum
2456 1671 2630 1735 vobis,
2661 1672 2880 1739 perinde
2905 1679 3066 1740 atque
3087 1672 3217 1724 mihi

1677 1763 1964 1832 propitium
1997 1761 2130 1826 fore,
2167 1763 2212 1817 si
2238 1750 2453 1831 quando
2485 1761 2548 1814 ad
2594 1761 2767 1830 ipsum
2803 1761 3126 1816 clamabitis.
3158 1760 3216 1816 Si
3250 1752 3252 1754 ’

1679 1860 1856 1906 autem
1889 1868 1985 1906 vos
2017 1851 2274 1906 Dominus
2320 1851 2640 1912 exaudierit,
2675 1850 2822 1903 nulla
2864 1851 3093 1904 ulterius
3121 1865 3216 1905 vo-

64 1945 344 2014 κεκραγέναι
382 1947 513 2015 πρὸς
541 1945 718 1997 αὐτόν.
755 1945 1181 2011 Ἐπακούσαντος
1213 1947 1268 2000 δὲ
1302 1948 1452 2018 ὑμῶν
1481 1948 1572 2001 τοῦ

1673 1942 1758 1996 bis
1786 1941 2091 1996 sollicitudo
2119 1942 2300 2008 fuerit,
2327 1957 2450 1996 cum
2478 1943 2595 2011 ejus
2621 1943 2878 1995 auxilium
2901 1943 3050 1996 vobis
3076 1943 3217 1997 scia-

61 2037 228 2106 Κυρίου
256 2077 268 2094 ,
328 2035 481 2089 οὐδὲν
517 2038 596 2088 δεῖ
647 2036 827 2089 λοιπὸν
891 2040 1190 2110 μεριμνᾷν,
1253 2038 1468 2107 ἔχοντας
1515 2040 1575 2093 τὸ

60 2128 255 2194 ἀσφαλὲς
283 2128 388 2180 ἀπὸ
425 2128 522 2190 τῆς
559 2129 684 2199 παρ’
721 2129 883 2181 αὑτοῦ
928 2123 1191 2200 βοηθείας.
1226 2130 1360 2197 Δόξα
1394 2149 1451 2184 τε
1480 2132 1573 2185 τοῦ

53 2217 173 2269 θείου
199 2217 350 2283 λόγου
400 2212 509 2269 εῐεν
537 2217 599 2270 ἂν
632 2219 680 2270 ol
711 2220 814 2271 υἱοὶ
841 2219 948 2271 τῶν
980 2218 1276 2291 ἀνθρώπων
1307 2221 1444 2274 κατὰ
1485 2221 1574 2274 τὸν

69 2306 259 2358 Ἀκύλαν
289 2307 381 2358 καὶ
401 2310 689 2376 Σύμμαχον
718 2309 813 2378 (ιγ
839 2311 868 2360 ὁ
901 2309 997 2378 μὲν
1018 2311 1122 2380 γὰρ
1158 2310 1398 2373 Ἀκύλας·
1425 2312 1572 2379 Ἕως

60 2399 188 2460 πότε,
213 2403 261 2453 οὶ
287 2398 523 2462 ἔνδοξοί
541 2416 693 2467 pou,“
722 2400 749 2451 ὁ
770 2399 822 2453 δὲ
849 2387 1156 2471 Σύμμαχος·
1185 2401 1332 2466 ’Ἑως
1356 2405 1516 2464 πότε,
1533 2404 1571 2470 ἡ

59 2487 176 2550 δόξα
193 2505 338 2556 μσυ;
371 2488 456 2541 οιὰ
488 2487 585 2558 τὴν
620 2491 676 2539 ὲν
710 2489 891 2553 αὐτοῖς
924 2491 1114 2561 νοερὰν
1142 2489 1317 2562 ψυχὴν
1362 2492 1452 2544 καὶ
1486 2490 1570 2544 λο-

59 2579 186 2648 γικὴν
218 2579 310 2649 τὴν
355 2582 474 2632 κατ’
506 2581 684 2633 εἰκόνα
727 2581 818 2633 τοῦ
851 2579 986 2634 ’Θεοῦ
1031 2583 1415 2654 πεποιημένην.
1465 2582 1570 2647 Οὓς

61 2670 130 2717 ἐπὶ
155 2667 206 2720 τὺ
231 2673 404 2740 χεῖρον
433 2672 656 2734 ἑαυτοὺς
679 2673 1093 2742 διαστρέφοντας
1119 2677 1148 2726 ό
1188 2673 1341 2743 λόγος
1365 2677 1571 2728 ἐπονει-

59 2758 617 2828 ἅζει,,βαρυκαρδίους
638 2761 834 2822 καλῶν,
853 2763 945 2816 καὶ
961 2763 1255 2834 ἀνθρώπων
1273 2763 1437 2827 υἱούς·
1455 2763 1570 2817 δέον

61 2846 166 2902 εἶναι
187 2851 325 2914 υῑους
355 2850 511 2917 Θεοῦ,
547 2851 687 2904 κατὰ
708 2853 766 2904 τό
786 2869 797 2882 ·
836 2853 982 2923 Ἐγὼ
1008 2851 1211 2908 εἷπον·
1248 2855 1378 2908 Θεοί
1405 2854 1564 2918 ἐστε,

60 2938 132 2989 ml
162 2940 266 2991 υἱοὶ
305 2940 582 3007 Ὑψίστου
611 2941 849 3007 πάντες.
1084 2994 1087 2997 .

110 3029 200 3078 Kat
226 3027 422 3097 γνῶτε,
454 3029 541 3082 ὅτι
579 3030 998 3099 ἐθαυμὰστωσε
1016 3031 1229 3099 Κύριος
1259 3031 1365 3086 τὸν
1398 3032 1567 3087 ὅσιον

58 3117 222 3170 αὐτοῦ.
256 3118 311 3171 '0
340 3121 622 3192 προφήτης
652 3123 775 3192 περὶ
805 3120 1037 3194 Χριστοῦ
1065 3121 1298 3176 διδάσκει
1324 3123 1489 3194 ἡμᾶς,
1511 3124 1568 3187 ὃς

56 3207 169 3258 ἐςτιν
216 3207 413 3280 ἀληθὴς
454 3209 627 3273 ὅσιος,
670 3211 810 3264 κατὰ
862 3212 922 3264 τὸ
977 3212 1262 3284 εἰρημένον
1309 3214 1366 3267 ὲν
1399 3213 1476 3286 τῷ
1510 3221 1567 3267 ιε’

275 3302 366 3353 καὶ
405 3294 464 3352 οἵ
495 3301 777 3374 ἀπόστολοι
811 3303 865 3357 δὲ
892 3305 1308 3377 ἐμαρτύρησαν,
1341 3305 1415 3369 ὡς
1446 3306 1570 3377 περὶ

57 3391 246 3461 Χριστοῦ
277 3396 748 3466 προφητευομὲνου
774 3397 1018 3466 λέγοντες
1055 3398 1303 3471 εἰρῆσθαι
1327 3399 1418 3462 τὸ,
1450 3402 1570 3453 Οὐκ

55 3485 458 3553 ἐγκαταλείψεις
501 3485 612 3553 τὴν
658 3487 870 3554 ψυχήν
909 3505 1027 3555 μου
1062 3492 1148 3553 εἰς
1200 3489 1388 3557 ᾅδην,
1431 3489 1570 3544 οὐδὲ

55 3573 222 3640 δώσεις
245 3576 347 3628 τὸν
368 3575 540 3629 ὅσιόν
572 3592 686 3629 σου
715 3576 862 3629 ἰδεῖν
881 3577 1221 3647 διαφθοράν.
1256 3583 1483 3636 Δυνατδν
1514 3583 1569 3635 δὲ

57 3667 123 3715 καὶ
152 3668 262 3738 περὶ
291 3666 486 3730 παντὸς
517 3667 662 3720 όσὶου
692 3668 1036 3721 διδάσκεσθαι
1073 3672 1104 3740 ἡ
1115 3671 1237 3739 μᾶς.
1274 3673 1348 3725 Ού
1374 3673 1567 3725 ταυτὸν

53 3755 211 3808 ἐστι
249 3756 566 3820 πιστεῦσαι,
613 3757 699 3811 ὅτι
744 3758 1164 3828 ἐθαυμάστωσε
1216 3763 1423 3829 Κύριος
1461 3762 1568 3815 τὸν

55 3847 189 3899 ἐσιω-
215 3849 414 3914 αὑτοῦ,
458 3851 551 3904 καὶ
582 3850 799 3919 γνῶναι,
835 3851 912 3915 ὡς
944 3852 1063 3905 οὐδὲ
1107 3853 1301 3906 ταυτόν
1353 3857 1466 3906 ἐστι
1498 3858 1563 3925 τῇ

54 3936 234 4008 ἀληθείᾳ
267 3939 585 4005 πιστεῦσαι,
635 3942 726 3994 καὶ
771 3940 971 4009 γνῶναι
1004 3943 1100 4013 τὴν
1133 3943 1384 4014 ἀλήθειαν
1405 3984 1420 4008 ,
1475 3945 1566 3996 καὶ

56 4026 293 4080 πιστεῦσαι
324 4027 402 4097 τῷ
421 4026 538 4097 Θεῴ
567 4028 659 4082 καὶ
680 4029 878 4096 γνῶναι
905 4031 995 4083 τὸν
1014 4031 1162 4084 Θεόν.
1192 4033 1255 4083 οι
1285 4031 1565 4084 ἀπόστολοι

56 4109 123 4166 οὖν
147 4119 203 4186 τῇ
231 4117 451 4189 ἀληθείᾳ
481 4119 760 4172 ἐπίστευον
780 4137 791 4148 ·
830 4121 940 4173 ἀλλ’
973 4122 1032 4174 ού
1086 4137 1298 4186 παντως
1326 4136 1415 4176 οτε
1448 4123 1565 4176 επί-

58 4222 203 4259 πευον
226 4207 564 4275 ἐγνώκεισαν
596 4211 783 4281 αὑτήν.
840 4211 1132 4278 Ἀπόδειξις
1178 4214 1234 4267 δὲ
1277 4214 1381 4267 τῶν
1417 4195 1564 4286 εῖρη-

61 4298 196 4361 μένων
238 4299 294 4350 τὸ
325 4299 671 4367 Εύαγγέλιον,
713 4301 838 4354 ἔνθα
864 4301 1106 4374 εἴρηται·
1153 4305 1292 4358 Ἐὰν
1327 4308 1567 4376 μείνητε

58 4383 105 4432 ἐν
127 4384 190 4449 τῷ
221 4385 334 4456 ἐμῷ
364 4389 540 4456 λόγῳ,
581 4388 815 4457 ἀληθῶς
846 4393 1103 4460 μαθηται
1122 4396 1239 4462 μού
1266 4396 1435 4459 ἐστε,
1470 4397 1566 4451 καὶ

58 4478 310 4542 γνώσεσθε
337 4480 452 4549 τὴν
477 4481 780 4546 ἀλήθειαν,
819 4482 916 4535 καὶ
960 4485 998 4552 ὴ
1036 4485 1282 4553 ἀλήθεια
1333 4487 1561 4541 ἐλευθε-

1675 2035 1744 2089 tis
1789 2035 2120 2090 adfuturum.
2167 2034 2348 2089 Gloria
2400 2045 2576 2090 autem
2627 2035 2792 2089 divini
2842 2037 2988 2090 verbi
3016 2036 3216 2092 fuerint

1675 2123 1769 2178 lilii
1801 2125 2100 2188 hominum,
2131 2125 2284 2194 juxta
2306 2125 2549 2196 Aquilam
2575 2133 2631 2180 et
2657 2123 3069 2196 Symmachum;
3092 2141 3215 2179 nam

1673 2213 1865 2283 Aquila
1893 2216 1971 2269 sic
2005 2215 2200 2269 habet:
2231 2213 2521 2284 Usquequa,
2550 2215 2766 2285 gloriosi
2799 2216 2941 2292 mei?
2972 2213 3219 2286 Symma-

1672 2304 1809 2358 chus
1841 2320 2006 2360 vero:
2038 2303 2327 2375 Usquequo,
2349 2304 2520 2374 gloria
2552 2306 2709 2359 mea?
2736 2303 2982 2360 videlicet
3005 2313 3218 2374 propter

1672 2392 1906 2446 animam
1950 2393 2282 2463 intelligendi
2315 2393 2364 2447 vi
2399 2391 2676 2462 pmditam
2724 2402 2777 2449 et
2822 2395 3215 2456 rationabilem,

1671 2483 1738 2537 ad
1785 2484 2076 2554 imaginem
2097 2484 2223 2540 ~Dei
2270 2483 2486 2540 factam.
2535 2485 2744 2550 Quibus
2791 2485 2879 2539 hic
2931 2487 3219 2555 exprobrat

1668 2569 1971 2634 Psalmista,
2005 2588 2226 2643 eosque,
2277 2581 2461 2643 utpote
2493 2575 2559 2628 ad
2615 2575 2796 2644 pejora
2829 2590 3037 2640 versos,
3069 2575 3217 2644 gravi

1669 2663 1822 2717 corde
1859 2663 2122 2726 homines,
2166 2679 2228 2718 ac
2273 2665 2409 2720 ﬁlios
2443 2666 2724 2720 hominum
2757 2677 2946 2732 vocat;
2987 2683 3123 2735 quos
3155 2667 3211 2722 ῆ-

1667 2753 1768 2808 lios
1814 2767 1934 2807 esse
1977 2752 2068 2808 Dei
2109 2747 2454 2822 Oportuisset,
2494 2757 2648 2824 juxta
2694 2757 2825 2811 illud
2859 2776 2871 2810 :
2902 2756 3013 2827 Ego
3054 2756 3167 2810 dixi
3194 2772 3213 2810 :

1666 2844 1757 2898 Dii
1775 2847 1918 2911 estis,
1940 2855 1988 2899 et
2010 2846 2109 2914 ﬁlii
2129 2844 2337 2900 Excelsi
2368 2865 2540 2901 omnes
2562 2847 2626 2901 “.

1738 3021 1901 3078 Vens.
1933 3021 1987 3076 4.
2031 3021 2097 3075 Et
2140 3023 2323 3076 scitote
2363 3023 2608 3091 quoniam
2637 3020 3212 3090 miriﬁcavitBominus

1669 3123 1910 3169 sanctum
1929 3130 2103 3170 suum.
2146 3118 2220 3168 De
2245 3112 2462 3169 Christo
2506 3128 2606 3168 nos
2635 3110 2898 3182 PrOpheta
2941 3112 3212 3173 admonet,

1670 3203 1762 3273 qui
1809 3217 1968 3257 verus
2004 3211 2224 3257 sanctus
2269 3209 2376 3264 est,
2425 3209 2485 3254 ut
2523 3202 2576 3255 in
2616 3202 2822 3270 psalmo
2857 3218 2920 3254 xv
2964 3202 3213 3266 habetur,

1597 3272 1829 3369 Canem
1863 3295 2038 3349 locum
2086 3293 2445 3348 testiﬁcantur
2493 3293 2720 3364 apostoli
2752 3291 2817 3347 de
2839 3294 3058 3349 Christo
3091 3310 3218 3364 pro-

1670 3389 1881 3461 phetice
1929 3386 2358 3455 intelligendum,
2399 3387 2649 3442 videlicet
2679 3405 2694 3444 :
2728 3387 2849 3442 Non
2891 3388 3212 3460 derelinques

1672 3482 1900 3534 animam
1936 3495 2102 3531 meam
2132 3480 2184 3530 in
2234 3479 2460 3544 inferno,
2505 3495 2594 3531 nec
2624 3478 2772 3532 dabis
2804 3489 3039 3532 sanctum
3066 3489 3213 3532 tuum

1669 3572 1837 3626 videre
1863 3571 2236 3637 corruptionem
2255 3571 2320 3623 ⁸⁸.
2347 3569 2486 3624 Fieri
2515 3579 2694 3624 tamen
2716 3578 2891 3639 potest
2911 3580 2967 3624 ut
2995 3569 3060 3624 de
3089 3587 3213 3625 san-

1667 3673 1754 3716 cto
1781 3662 2020 3731 quolibet
2055 3661 2145 3713 hic
2187 3660 2496 3715 doceamur.
2540 3661 2723 3730 Neque
2766 3670 2944 3716 tamen
2976 3663 3210 3731 idipsum

1665 3762 1749 3808 est
1790 3741 2030 3818 credere,
2060 3754 2305 3822 quoniam
2345 3754 2642 3822 miriﬁcavit
2674 3753 2930 3809 Dominus
2971 3767 3210 3809 sanctum

1667 3861 1840 3907 suum,
1890 3860 1954 3898 ac
1985 3860 2307 3914 cognoscere
2363 3861 2468 3899 non
2498 3846 2635 3900 idem
2686 3862 2806 3902 esse
2853 3848 3072 3902 credere
3123 3865 3213 3902 ve-

1665 3937 1830 4003 ritati,
1861 3945 1914 3992 et
1941 3951 2102 3993 nosse
2123 3939 2436 4006 veritatem;
2465 3946 2518 3994 et
2551 3939 2769 3996 credere
2798 3939 2928 4009 Deo,
2962 3957 3025 3996 ac
3053 3957 3214 3997 nosse

1665 4029 1852 4085 Deum.
1883 4031 2123 4100 ApOstoli
2158 4040 2308 4086 certe
2347 4032 2560 4087 veritati
2603 4033 2925 4100 credebant;
2958 4034 3051 4090 sed
3080 4035 3210 4089 dum

1666 4125 1967 4188 crederent,
1994 4138 2101 4178 non
2134 4139 2357 4194 prorsus
2386 4125 2683 4180 noscebant
2710 4126 2878 4179 illam.
2909 4125 3038 4192 Quae
3072 4126 3209 4179 dici-

1666 4231 1786 4271 mus
1815 4215 1982 4285 probe
2001 4224 2493 4270 commonstrantur
2524 4231 2590 4271 ex
2620 4217 2722 4270 hoc
2745 4215 3019 4285 Evangelii
3041 4217 3169 4268 loco
3195 4235 3207 4268 :

1667 4306 1726 4361 Si
1755 4308 2052 4361 manseritis
2079 4309 2131 4360 in
2155 4325 2385 4362 sermone
2409 4325 2538 4370 meo,
2577 4324 2685 4362 vere
2705 4306 2949 4372 discipuli
2980 4306 3078 4358 mei
3105 4307 3211 4357 eri-

1668 4400 1755 4463 tis,
1775 4409 1824 4452 et
1846 4400 2158 4472 cognoscetis
2184 4401 2470 4457 veritatem.
2499 4407 2547 4451 et
2572 4398 2760 4449 veritas
2783 4395 3022 4448 liberabit
3041 4411 3127 4448 vos
3140 4395 3206 4449 “.

1665 4491 1902 4547 Credunt
1929 4493 2094 4557 enim,
2122 4492 2316 4563 inquit,
2353 4489 2585 4551 veritati,
2622 4498 2679 4541 ut
2705 4498 3037 4558 cognoscant
3069 4488 3212 4542 veri-

57 4570 188 4632 ρώσει
219 4573 389 4642 ὑμᾶς.
436 4575 752 4627 Πιστεύουσι
777 4575 883 4646 γὰρ
917 4579 983 4647 τῇ
1020 4578 1264 4650 ἀληθείᾳ,
1306 4581 1457 4651 φησι,
1502 4581 1561 4633 τὸ

1669 4589 1828 4636 tatem
1872 4597 2067 4645 :nam,
2138 4581 2430 4636 secundum
2505 4579 2830 4648 pr0phetas,
2867 4577 3210 4633 credendum

59 4664 308 4726 τρώσεσθαι
359 4668 458 4741 τὴν
485 4669 764 4739 ἀλήθειαν·
802 4671 940 4722 κατὰ
981 4671 1088 4741 γὰρ
1136 4673 1256 4734 τοὺς
1285 4674 1563 4744 προφήτας

61 4756 295 4811 πιστεῦσαι
329 4760 409 4812 δεῖ
449 4762 577 4832 πρὶν
621 4760 852 4813 συνιέναι
896 4761 988 4813 καὶ
1039 4761 1291 4832 λαλῆσαι·
1331 4765 1424 4816 τοῦ
1466 4765 1564 4835 μὲν

70 4843 238 4901 Ἡσαΐου
273 4852 545 4921 λέγοντος·
600 4854 738 4907 Ἐὰν
774 4852 857 4922 μὴ
903 4845 1292 4921 πιστεύσητε,
1337 4856 1459 4909 οὐδ’
1492 4860 1562 4912 οὐ

58 4932 117 4996 μὴ
150 4940 384 5007 συνῆτε·
433 4943 526 4994 τοῦ
567 4942 622 4995 δὲ
659 4943 846 4995 Δαυὶδ·
898 4944 1276 5008 Ἐπίστευσα,
1303 4943 1392 4996 διὸ
1424 4947 1562 4999 ἐλά·

61 5025 199 5088 intra.
225 5032 336 5084 Ὀτι
367 5033 423 5085 δὲ
451 5034 512 5085 τὸ
554 5033 836 5101 γινώσκειν
867 5034 956 5086 τὸν
1000 5033 1129 5086 Θεὸν
1160 5032 1252 5085 τοῦ
1295 5036 1562 5088 πιστεύειν

63 5114 172 5185 αὺτῷ
196 5120 451 5194 διαφέρει,
500 5125 558 5176 ὲν
601 5128 712 5188 τοῖς
762 5125 816 5182 Ψ
844 5124 1004 5187 ,λαοῖς
1037 5123 1443 5193 ἀναγέγραπται
1475 5126 1561 5180 διὰ

60 5202 147 5264 νοῦ.
186 5212 522 5278 Σχολὰσατε
551 5217 645 5268 καὶ
681 5213 883 5284 γνῶτε,
911 5216 998 5269 ὅτι
1038 5216 1149 5285 ἐγώ
1179 5217 1292 5284 ειμι
1323 5221 1359 5270 ό
1390 5219 1560 5285 Θεός·

64 5295 104 5343 03
125 5300 209 5366 γὰρ
231 5307 334 5365 τοῖς
364 5307 650 5359 ἀπιστοῦσι
676 5325 804 5377 φησι
825 5325 837 5338 ⁸
868 5307 1206 5368 Σχ)λὰσατε
1234 5309 1330 5360 καὶ
1360 5309 1560 5375 γνῶτε,

65 5385 124 5438 ὅτι
147 5390 241 5458 ἐγώ
271 5397 382 5463 ειμι
421 5400 453 5448 ὀ
482 5399 645 5462 Θεός.
685 5400 804 5450 Ἐπὶ
834 5401 1029 5467 γνῶσιν
1058 5396 1148 5453 οὖν
1176 5401 1321 5471 ἡμᾶς
1349 5402 1377 5453 ὁ
1408 5401 1563 5470 λόγος

67 5482 443 5555 προκαλούμενος
477 5488 637 5540 ὐποδι-
687 5507 762 5541 εει
801 5493 894 5544 καὶ
917 5492 1014 5564 τὴν
1040 5493 1181 5556 τίνος
1207 5491 1404 5560 γνῶσιν
1435 5495 1563 5548 ἀνα⁹

1667 4673 1942 4759 ρι’ἰυεεει
1975 4687 2134 4742 quam
2166 4671 2528 4739 intelligamus
2569 4678 2622 4726 et
2645 4671 2953 4741 loquamur,
2999 4671 3236 4726 dicente.

1667 4764 1800 4819 Isaia
1831 4784 1844 4818 :
1901 4764 1963 4819 Si
2005 4780 2106 4816 non
2153 4761 2498 4824 credideritis,
2533 4779 2690 4832 neque
2725 4763 3022 4833 intelligetis
3043 4763 3087 4794 ⁸⁷
3111 4781 3137 4828 ;-
3158 4771 3214 4818 et

1666 4851 1866 4908 Davide
1895 4873 1907 4907 :
1941 4845 2174 4918 Credidi,
2205 4861 2411 4920 propter
2452 4852 2588 4922 quod
2625 4853 2825 4906 locutus
2843 4866 2959 4906 sum
2974 4851 3038 4907 ⁸⁸.
3056 4851 3210 4916 Quod

1667 4953 1843 5000 autem
1875 4942 2164 4997 discrimen
2195 4942 2266 4998 sit
2299 4943 2438 5000 inter
2465 4941 2632 4998 Deum
2674 4957 2835 4999 nosse
2863 4951 2917 4996 et
2954 4941 3209 4996 Deo.cre—
3294 4958 3302 4965 ·

1667 5036 1812 5097 dere,
1856 5036 1909 5086 in
1941 5033 2161 5103 psalmis
2199 5033 2526 5090 describitur
2567 5035 2652 5095 his
2684 5034 2901 5089 verbis:
2944 5032 3134 5086 Vacate
3158 5042 3208 5085 et

1665 5127 1830 5179 videte
1856 5124 2098 5194 quoniam
2131 5141 2220 5195 ego
2249 5142 2362 5179 sum
2392 5123 2528 5177 Deus
2554 5119 2598 5151 δ’
2628 5145 2642 5178 ;
2675 5140 2782 5179 non
2816 5124 2957 5177 enim
2991 5124 3101 5177 haec
3126 5124 3216 5177 lo-'

1666 5219 1847 5288 quitur
1877 5231 1984 5271 non
2016 5217 2363 5274 credentibus
2392 5236 2407 5272 ι
2445 5217 2636 5271 Vacatc
2674 5230 2724 5272 et
2770 5218 2930 5272 videte
2960 5218 3207 5282 quoniam

1662 5326 1752 5380 ego
1780 5324 1893 5363 sum
1938 5305 2099 5363 Deus.
2159 5312 2295 5368 Cum
2348 5312 2529 5380 itaque
2575 5306 2673 5366 nos
2710 5324 2886 5364 sermo
2915 5308 2980 5362 ad
3019 5309 3207 5377 cogni-

1663 5403 1864 5457 tionem
1892 5409 2100 5469 evocat,
2121 5401 2325 5456 indicat
2355 5405 2512 5458 simul
2546 5405 2703 5473 cujus
2738 5402 2812 5456 rei
2838 5401 3079 5454 notitiam
3108 5415 3208 5455 nos

1624 5571 1629 5577 ἡ
1665 5483 1877 5565 assequi
1905 5502 2145 5566 Oporteat
2167 5513 2181 5562 ;
2207 5494 2456 5550 videlicet
2498 5493 2772 5548 mirabiles
2801 5489 2934 5545 edici
2965 5497 3204 5566 sanctos,

117 5637 288 5695 “Psal.
320 5640 568 5705 uxxt,6.
647 5640 846 5696 l"Psal.
880 5660 945 5698 xv
967 5685 980 5708 ,
1015 5649 1097 5702 lO.
1143 5649 1185 5679 “
1209 5646 1500 5713 Joan.vm,
1531 5649 1711 5715 5l,52.
1753 5653 1794 5682 ⁸⁷
1835 5650 1934 5704 lsa.
1966 5631 2065 5715 νιι,
2100 5651 2153 5706 9.
2185 5651 2230 5683 ⁸⁸
2260 5649 2403 5704 Psal.
2434 5665 2557 5712 cxv,
2586 5650 2670 5703 10.
2733 5648 2776 5681 ⁸³
2804 5646 3076 5712 Ρείιὶ.ιιιι’.
3119 5648 3205 5702 “-

857 5771 886 5801 κ

116 5841 173 5904 (ί)
204 5841 252 5896 In
291 5845 546 5901 llebraico
574 5849 765 5918 legitur
787 5855 956 5916 πω,
996 5853 1046 5907 id
1079 5859 1179 5918 est,
1215 5851 1382 5922 gloria
1414 5868 1548 5918 mea,
1578 5861 1636 5908 ut
1665 5854 1830 5924 probe
1855 5855 2210 5926 Symmachus
2235 5857 2636 5924 interpretatur.

220 5945 474 6005 ΡΑτιιηι..
507 5945 618 6005 Gn.
658 5942 708 6002 Χ
723 5941 882 6006 Xlll.
