3928 6336
713 383 818 438 107

712 502 845 558 d‘um
878 516 1200 558 arcanorum
1241 502 1629 573 mysteriorum
1663 519 2053 576 sacrarumque
2083 521 2282 577 specu-

634 614 635 619 π
712 593 977 649 lationum
1025 592 1373 649 mirabilibus
1414 592 2001 666 admoventur:atque
2050 596 2154 665 ipsi
2186 610 2281 665 per

711 685 808 741 Dei
863 687 1089 756 gratiam
1149 686 1500 758 divinamque
1552 687 1953 758 inspectionem‘
2003 688 2282 743 mirabiles

711 779 964 837 evadunt.

788 960 957 1018 Vens.
992 962 1045 1017 5.
1090 958 1467 1016 Irasciminiet
1491 960 1650 1016 nolite
1675 976 1887 1030 peccare
1912 976 1931 1013 :
1961 976 2078 1032 quia
2104 959 2280 1017 dicitis

705 1056 769 1111 in
813 1052 1060 1109 cordibus
1100 1055 1304 1121 vestris,
1344 1056 1399 1108 in
1441 1052 1698 1108 cubilibus
1750 1056 1933 1107 vestris
1978 1055 2281 1123 compungi-

622 1142 629 1149 ’
707 1146 861 1201 mini.
894 1143 1096 1199 Suadet
1133 1144 1227 1199 irae
1259 1144 1518 1217 impetum
1555 1144 1830 1209 cohibere,
1859 1145 1904 1199 si
1945 1143 2164 1215 quando
2195 1162 2281 1199 ve-

706 1237 946 1293 hementi
998 1237 1363 1293 commotione
1412 1236 1655 1302 feratur,
1706 1247 1997 1307 monetque
2046 1253 2114 1292 ne
2149 1236 2277 1307 quid

706 1330 788 1384 ira
820 1330 1131 1400 impellente
1148 1338 1342 1401 agatur
1372 1348 1385 1383 :
1417 1346 1593 1400 neque
1622 1331 1933 1401 importune
1959 1331 2087 1385 talia
2114 1330 2272 1384 fatur.

705 1421 842 1477 Nam
883 1422 1012 1493 quia
1051 1422 1089 1477 ii
1122 1423 1217 1494 qui
1248 1438 1279 1476 a
1311 1420 1513 1477 Davide
1538 1423 1778 1489 stabant,
1810 1422 2159 1478 rebellionem
2185 1423 2279 1476 lilii

706 1516 761 1571 in
788 1526 1019 1583 patrem,
1042 1516 1129 1570 uti
1158 1530 1256 1586 par
1284 1522 1421 1583 erat,
1450 1515 1671 1587 indigne
1699 1514 1955 1579 ferentes,
1991 1516 2047 1568 in
2078 1514 2277 1570 bellum

706 1608 1277 1666 contra'Absalonem
1339 1609 1419 1663 ira
1466 1608 1703 1680 correpti
1751 1607 2277 1678 proﬁciscebantur;

704 1702 830 1759 ideo
874 1702 954 1758 sic
995 1717 1092 1759 eos
1136 1702 1465 1773 compellare
1510 1700 1722 1756 videtur
1750 1718 1763 1754 :
1791 1699 1902 1755 Vos
1948 1698 2188 1768 quidem,
2246 1712 2280 1752 o

701 1800 807 1855 viri
866 1798 1308 1860 commilitones,
1360 1794 1453 1865 qui
1508 1808 1635 1848 vere
1687 1791 1907 1863 gloriosi
1951 1791 2057 1846 mei
2108 1790 2277 1853 estis,

703 1899 891 1963 utpote
922 1892 1024 1961 ﬁlii
1052 1889 1345 1951 hominum,
1391 1886 1541 1957 gravi
1576 1889 1733 1938 corde
1765 1883 2001 1956 praediti,
2035 1890 2087 1938 et
2128 1898 2278 1936 mor-

700 1986 829 2040 talis
869 1984 1037 2053 hujus
1079 1982 1203 2036 vitae
1254 1979 1483 2035 vanitati
1527 1980 1820 2045 haerentes,
1856 1966 2280 2049 ignorantesque

696 2076 907 2151 justum
936 2076 1032 2132 Dei
1062 2083 1253 2131 contra
1286 2073 1484 2144 impios
1509 2072 1800 2143 judicium,
1845 2070 2147 2127 irascimini
2183 2069 2282 2124 ad-

699 2188 895 2229 versus
940 2168 1167 2239 impium
1224 2166 1441 2222 ﬁlium:
1478 2179 1542 2220 ac
1586 2165 1711 2235 jure
1736 2163 1955 2234 quidem
1996 2160 2274 2224 commoti,

700 2262 1035 2333 indigneque
1069 2275 1182 2314 rem
1215 2257 1476 2323 ferentes,
1510 2258 1565 2311 in
1594 2256 1794 2312 bellum
1840 2252 2272 2324 proﬁciscimiui.

699 2357 814 2426 Ego
844 2370 973 2410 vero
1003 2369 1099 2409 vos
1137 2368 1329 2409 omnes
1366 2364 1588 2413 moneo,
1621 2348 1727 2403 etsi
1758 2348 1951 2401 merito
2001 2348 2079 2400 ira
2110 2347 2277 2415 perci-

697 2460 808 2513 tos.
850 2464 922 2504 ne
967 2448 1089 2503 sitis
1129 2443 1431 2502 clementiae
1462 2442 1849 2513 patientiaeque
1898 2441 2271 2508 immemores,

699 2554 805 2599 neu
863 2541 937 2595 ita
992 2536 1385 2603 succenseatis,
1438 2544 1499 2590 ut
1554 2536 1610 2590 in
1662 2542 1947 2606 peccatum
1992 2534 2271 2590 labamini.

698 2634 1065 2702 Quamobrem
1110 2631 1233 2686 dico
1275 2649 1288 2685 :
1330 2629 1668 2696 Irascimini,
1709 2629 1799 2684 sed
1844 2629 2001 2684 nolite
2038 2645 2270 2698 peccare.

696 2725 926 2782 Etiamsi
962 2734 1128 2796 porro
1180 2731 1403 2794 propter
1448 2722 1726 2793 improbos
1770 2721 2062 2777 Absalonis
2105 2735 2272 2777 ausus

699 2820 905 2883 animo,
941 2819 1097 2888 juxta
1144 2816 1419 2887 Aquilam,
1475 2814 1915 2879 commovemini,
1963 2821 2151 2870 cavete
2188 2822 2272 2867 ta-

698 2931 846 2979 men,
879 2930 945 2970 ne
975 2912 1251 2985 prioribus
1282 2909 1521 2981 peccatis
1570 2923 1771 2963 novum
1804 2907 2094 2977 adjiciatis,
2138 2891 2186 2961 Si
2214 2907 2269 2959 in

658 3042 661 3043 ν
694 3006 982 3064 iracundia
1022 3002 1409 3075 perseveretis.
1445 2998 1831 3069 Deprehendes
1875 3004 2056 3051 autem
2101 2997 2155 3050 in
2185 2995 2271 3049 bi-

697 3102 868 3159 storia
923 3101 1105 3171 ipsum
1153 3094 1448 3151 admodum
1503 3090 1829 3163 praecepisse
1879 3097 1937 3144 ut
1992 3089 2103 3145 ﬁlio
2147 3104 2272 3161 par-

696 3203 902 3250 εοῐεῐιι.

768 3374 934 3430 Vens.
955 3372 1062 3429 6.7.
1077 3370 1386 3440 sacriﬁcate
1416 3367 1741 3438 sacriﬁcium
1759 3364 2021 3435 justitite,
2054 3366 2120 3418 “et
2158 3381 2273 3433 sre-

696 3480 810 3522 ναῖε
856 3468 910 3521 in
966 3465 1212 3521 Domino.
1250 3462 1475 3517 Etiamsi
1516 3469 1575 3515 ut
1623 3460 1871 3515 homines
1917 3457 2175 3513 mortales
2217 3458 2272 3511 in

695 3562 883 3617 multis
963 3558 1424 3632 cogitationibus,
1494 3555 1576 3609 ira
1637 3553 1905 3625 permoti,
1981 3568 2077 3624 per
2129 3553 2271 3609 diem

694 3655 1027 3724 versamini;
1082 3660 1137 3707 at
1187 3652 1242 3706 in
1299 3649 1572 3705 cubilibus
1623 3648 1807 3717 quiete
1854 3647 1996 3717 apud
2040 3662 2139 3702 vos
2187 3648 2271 3717 ip-

696 3765 788 3805 sos
838 3755 1097 3820 agentes,
1152 3752 1315 3815 atque
1371 3743 1461 3797 illa
1513 3755 1633 3813 qua:
1686 3740 1742 3795 in
1802 3738 1889 3794 die
1918 3740 2271 3811 perpetrastis

694 3841 974 3895 vobiscum
1061 3844 1411 3909 reputantes,
1509 3831 1955 3904 compungimini.
2032 3829 2111 3887 Ne
2177 3830 2273 3903 igi-

696 3939 784 3984 tur
823 3930 1083 3988 adversus
1128 3943 1224 3983 eos
1276 3927 1370 3998 qui
1417 3940 1516 3981 vos
1563 3924 1901 3980 facinoribus
1947 3922 2272 3995 aggrediun-

693 4032 802 4086 tur,
859 4035 1037 4091 neque
1098 4013 1360 4075 adversus
1430 4018 1599 4073 ﬁlium
1667 4020 1808 4088 patri
1860 4018 2116 4074 rebellem
2188 4016 2270 4070 ira

692 4112 1045 4169 concitemini
1082 4131 1094 4165 :
1131 4126 1236 4166 neu
1282 4125 1400 4175 vos,
1445 4109 1840 4165 lacessentibus
1887 4110 2013 4165 licet
2066 4109 2266 4179 impiis,

693 4214 857 4278 atque
906 4205 973 4260 ad
1028 4202 1367 4259 iracundiam
1424 4202 1885 4280 provocantibus,
1937 4204 1992 4256 in
2046 4212 2270 4273 peccata

692 4298 985 4363 labamini;
1027 4298 1137 4351 imo
1187 4298 1393 4369 potius,
1442 4296 1487 4353 si
1533 4295 1751 4366 quidem
1803 4295 1858 4349 in
1908 4301 2025 4349 tuto
2073 4296 2271 4365 degere

692 4392 949 4464 cupiatis,
985 4392 1283 4462 sacriﬁcate
1305 4391 1630 4461 sacriﬁcium
1668 4389 1922 4460 justitiw,
1965 4399 2014 4444 et
2062 4398 2271 4458 sperate

692 4488 747 4542 in
792 4480 1057 4552 Domino;
1102 4502 1280 4559 neque
1334 4486 1761 4551 conturbemini,
1799 4493 1986 4555 utpote
2028 4484 2123 4553 qui
2173 4500 2269 4554 per

690 4583 959 4653 justitiam
1012 4582 1064 4637 in
1097 4579 1191 4637 Dei
1243 4582 1503 4637 familiam
1549 4581 1775 4655 ascripti
1819 4580 1973 4635 estis.
2008 4578 2267 4645 Quando-

694 4680 914 4753 quidem
944 4682 1034 4738 ille
1063 4696 1173 4753 prae
1203 4681 1457 4737 omnibus
1494 4681 1804 4743 sacriﬁciis,
1834 4679 2269 4750 justitizeoperi-

693 4777 798 4832 bus
824 4785 878 4829 et
908 4782 1057 4830 recte
1092 4771 1254 4828 factis
1287 4772 1621 4839 delectatur;
1661 4772 1835 4826 multo
1866 4772 2010 4827 enim
2044 4780 2268 4841 praesta-

692 4872 861 4926 bilius
905 4878 989 4925 est
1031 4869 1107 4923 ita
1145 4883 1327 4941 agere,
1360 4882 1525 4938 quam
1558 4869 1721 4924 irasci
1761 4879 1813 4925 et
1858 4870 2121 4924 ultionem
2156 4884 2269 4924 me-

692 4963 889 5029 ditari;
919 4977 1038 5017 eam
1080 4961 1153 5017 ob
1174 4976 1322 5027 _rem,
1369 4960 1672 5015 rebellante
1698 4960 1829 5029 ﬁlio,
1862 4978 1923 5017 ea
1978 4962 2110 5017 mihi
2162 4978 2267 5016 una

695 5072 827 5111 cura
860 5055 982 5122 luit,
1008 5064 1068 5110 ut
1096 5071 1192 5126 per
1214 5055 1485 5126 justitiam
1527 5053 1695 5110 Deum
1725 5056 1994 5124 placarem
2029 5077 2041 5111 :
2073 5070 2264 5127 quare,

695 5166 813 5202 cum
845 5149 1137 5202 invocarem
1179 5150 1447 5204 exaudivit
1479 5167 1560 5204 me
1589 5150 1729 5204 Deus
1751 5150 1978 5220 justitia:
2008 5166 2157 5214 mete,
2190 5157 2265 5213 et,

693 5242 747 5293 in
782 5239 1122 5293 tribulatione
1148 5242 1407 5295 dilatasti
1451 5241 1602 5306 mihi,
1637 5239 1764 5312 quia
1798 5256 1920 5295 cum
1961 5242 2268 5297 sacriﬁcas-

694 5350 809 5389 sem
842 5334 1173 5389 sacriﬁcium
1197 5334 1443 5405 justitize,
1480 5336 1534 5390 in
1566 5337 1684 5407 ipso
1718 5338 1953 5408 speravi.

765 5425 925 5481 Multi
954 5427 1136 5481 dicunt
1168 5444 1185 5480 :
1214 5430 1328 5497 quis
1356 5428 1594 5483 ostende!
1624 5430 1771 5484 nobis
1805 5429 1981 5486 bona?
2015 5429 2122 5483 Alii
2148 5445 2269 5499 qui-

692 5520 816 5575 dem
868 5522 971 5575 alia
1018 5504 1346 5591 cogitantes,
1381 5523 1725 5595 maximeque
1768 5523 1858 5593 qui
1906 5524 2057 5593 gravi
2101 5521 2267 5577 corde

692 5619 823 5669 sunt
858 5610 954 5667 ﬁlii
981 5613 1285 5677 hominum,
1311 5614 1404 5684 qui
1445 5614 1737 5669 vanitatem
1768 5614 1889 5669 vitae
1920 5614 2172 5684 diligunt,
2205 5628 2268 5667 ac

607 5692 619 5704 '
692 5706 947 5775 ignorant
975 5723 1095 5777 quae
1122 5723 1248 5763 vere
1278 5708 1418 5763 bona
1450 5708 1579 5773 sint,
1603 5715 1658 5762 et
1694 5722 1813 5762 cum
1846 5723 2022 5778 neque
2048 5715 2268 5777 sperent

693 5815 871 5869 neque
906 5802 1130 5856 credant
1156 5819 1219 5857 ea
1259 5818 1317 5858 sc
1356 5803 1573 5858 visuros
1607 5816 1869 5871 unquam,
1903 5801 2055 5854 aiunt
2090 5819 2101 5854 :
2134 5798 2265 5877 Quis

691 5893 926 5949 ostendet
976 5896 1123 5952 nobis
1171 5896 1341 5951 bona?
1388 5894 1574 5960 Neque
1617 5896 1760 5953 enim
1802 5911 1867 5953 ea
1902 5895 2105 5956 vident,
2136 5893 2263 5951 auia

1378 380 1645 442 EIISEBII
1677 381 2153 441 CAESABIENSIS
2184 384 2335 445 OPP.
2368 384 2546 441 PARS
2601 384 2689 442 Ill.
2730 407 2800 425 -
2840 384 3248 443 EXEGETICA.

3841 392 3890 444 1(

2312 515 2356 571 Α
2385 506 2570 559 λαϐεῖν
2593 508 2742 578 ἡμᾶς
2767 506 2892 579 χρὴ,
2920 492 2995 571 ὣς
3011 508 3146 560 εἰσιν
3166 506 3270 561 ὑπὸ
3286 507 3420 561 Θεοῦ
3448 508 3890 580 τεθαυμαστωμέν

2383 601 2431 652 οἱ
2464 600 2621 663 ὅσιοι,
2651 599 2894 677 ⁸θαύμασι
2926 600 3323 671 προσαχθέντες
3349 602 3461 655 τῶν
3495 603 3809 675 ἀπορρήτων
3852 622 3889 673 μη

2384 692 2619 763 στηρίων
2647 686 2886 746 καὶ’τῶν
2935 678 3103 761 ἁγίων
3146 692 3537 766 θεωρημάτων,
3565 696 3661 748 καὶ
3690 696 3837 748 αὑτοί
3881 697 3890 748 t‘

2381 785 2548 857 αὐτὴν
2568 783 2661 840 τοῦ
2687 783 2821 838 Θεοῦ
2856 784 3016 858 χάριν
3049 785 3142 838 καὶ
3164 783 3312 839 θείαν
3336 786 3635 857 ἐπισκοπὴν
3654 785 3890 857 θαύμασι

2382 876 2681 948 γενόμενοι.

2465 967 2784 1040 Ὀργίζεσθε
2839 967 2936 1022 καὶ
2975 965 3062 1037 μὴ
3108 968 3505 1039 ἁμαρτάνετε²
3546 969 3584 1023 ἅ
3633 970 3836 1039 λέγετε
3880 988 3890 1024 ι

2380 1060 2509 1128 ταῖς
2540 1060 2809 1130 καρδίαις
2826 1058 3013 1130 ὑμῶν,
3036 1059 3133 1113 ἐπὶ
3167 1060 3295 1128 ταῖς
3325 1061 3550 1127 κοίταις
3591 1062 3750 1131 ὑμῶν
3766 1078 3890 1113 κατι

2379 1157 2618 1227 νύγητε.
2648 1153 3010 1225 Συμϐουλεύει
3045 1154 3271 1209 κωλύειν
3311 1154 3373 1208 τὸ
3415 1145 3516 1225 τῆς
3556 1156 3722 1227 ὀργης
3759 1154 3890 1208 πάθη

2380 1248 2434 1302 εἴ
2460 1264 2589 1301 ποτε
2619 1245 3000 1315 ἀγαναηικῶς
3032 1246 3385 1311 ἀνακινεῖται,
3417 1246 3548 1317 μηδέ
3583 1263 3662 1309 εις
3684 1246 3845 1317 ἔργον
3867 1263 3890 1299 τ

2381 1340 2549 1412 θυμὸν
2583 1338 2849 1392 κινεῖσθαι
2899 1338 3195 1410 παραινῶν.
3244 1340 3355 1392 Ούκ
3404 1338 3643 1410 ἀκαίρως
3674 1338 3738 1391 ’δὲ
3786 1338 3889 1392 ταῦ

2381 1449 2543 1504 φησιν
2563 1447 2577 1460 ·
2621 1430 2734 1484 ἀλλ’
2768 1429 2955 1502 ἐπειδὴ
2994 1430 3136 1485 κατὰ
3165 1431 3257 1501 τοῦ
3295 1431 3645 1502 Ἀϐεσσαλωμ
3679 1431 3890 1503 ὁρμῶνπ

2380 1528 2459 1590 είς
2487 1526 2741 1596 πόλεμον,
2772 1524 2887 1594 μετ’
2911 1522 3085 1595 ὀργῆς
3116 1523 3376 1595 ἐξῄεσαν,
3412 1525 3486 1588 ὠς
3518 1525 3692 1589 εἰκὸς,
3732 1525 3784 1576 οἱ
3826 1541 3890 1592 με

2380 1618 2472 1674 τοῦ
2504 1617 2683 1679 Δαυῖδ,
2724 1615 3158 1684 ἀγανακτοῦντες
3188 1614 3280 1667 ἐπὶ
3324 1617 3388 1687 τῇ
3424 1620 3517 1668 τοι)
3546 1606 3843 1668 υίοῦκατά
3869 1630 3890 1666 τ

2381 1710 2585 1785 πατρὸς
2643 1707 3036 1760 ἐπαναστάσει·
3084 1707 3276 1761 τούτου
3330 1707 3487 1781 χάριν
3530 1706 3673 1761 ἔοικε
3729 1706 3890 1760 τοιαῦ

2379 1820 2498 1857 τινα
2527 1800 2662 1873 πρὸς
2693 1798 2889 1863 αὐτοὺς
2919 1797 3124 1866 λέγειν’
3173 1798 3360 1869 Ὑμεῖς
3391 1800 3509 1870 μὲν,
3533 1793 3577 1854 ὧ
3600 1798 3799 1871 ἄνδρες
3828 1800 3890 1852 σύ

2312 1874 2354 1929 Β
2383 1913 2566 1965 μαχοι,
2602 1896 2649 1949 οἳ
2681 1895 2744 1967 δὴ
2785 1893 2877 1948 καὶ
2908 1890 3145 1956 ἔνδοξοί
3201 1907 3301 1961 μου
3321 1933 3334 1959 ,
3363 1891 3437 1955 ὡς
3474 1893 3591 1946 υἱοὶ
3632 1890 3889 1960 ἀνθρὼπτ

2374 1984 2769 2055 ,βαρυκάρδιοί
2819 2000 2961 2047 τινες
2994 1981 3175 2047 ὄντες,
3209 1982 3301 2035 καὶ
3352 1984 3418 2055 τῇ
3454 1983 3547 2036 τοῦ
3596 1984 3801 2055 θνητοῦ
3854 1985 3885 2055 β

2385 2081 2701 2150 ματαιότητι
2755 2076 3140 2148 προσέχοντες,
3167 2075 3269 2129 οὐκ
3298 2074 3498 2139 εἰδότες
3544 2076 3642 2147 τὴν
3680 2076 3781 2130 τοῦ
3833 2078 3890 2130 Θε

2379 2170 2520 2225 κατά
2551 2169 2669 2223 τῶν
2693 2168 2906 2224 ἀσεϐῶν
2937 2165 3349 2238 δικαιοκρισίαν,
3384 2165 3654 2234 θυμουσθε
3688 2168 3845 2220 κατά
3880 2184 3890 2201 α

2378 2262 2609 2326 ἀσεϐοῦς
2650 2260 2765 2314 υἱοῦ
2787 2277 2798 2290 '
2834 2259 2929 2313 καὶ
2978 2257 3200 2321 δικαίως
3234 2256 3573 2327 κινούμενοι,
3624 2258 3720 2311 καὶ
3756 2259 3890 2327 ἄγευ

2378 2356 2580 2420 κτικῶς
2608 2352 2968 2426 ὀργιζόμενοι,
3007 2351 3099 2404 ἐπὶ
3149 2350 3240 2404 τὸν
3290 2349 3521 2421 πόλεμον
3567 2349 3788 2421 ὁρμᾶτε
3812 2368 3827 2379 ·
3866 2353 3890 2402 ὲ

2376 2449 2433 2503 δὲ
2482 2451 2592 2513 τοῖς
2628 2449 2758 2502 πᾶσι
2796 2447 3087 2519 παραινῶ,
3126 2445 3173 2498 εἰ
3214 2446 3308 2498 καὶ
3336 2443 3553 2512 εὔλογος
3580 2444 3614 2513 ἡ
3647 2442 3820 2515 ὀργὴ,
3862 2446 3890 2497 ἁ

2378 2543 2522 2614 ὑμᾶς
2554 2542 2614 2595 ού
2657 2541 2765 2614 χρὴ
2811 2541 2908 2613 τῆς
2952 2538 3156 2605 οἰκείας
3198 2535 3650 2591 ἐπιλανθάνεσθαι
3703 2534 3890 2602 ἀνεξιι

2374 2635 2518 2699 κίας,
2544 2635 2649 2688 οὐδ’
2672 2634 2765 2688 ἐπὶ
2792 2632 2950 2687 πλέον
2981 2630 3328 2697 ἐξάπτεσθαι,
3354 2630 3428 2693 ὡς
3448 2632 3540 2683 καὶ
3563 2631 3659 2683 ἐπι
3680 2630 3889 2701 ἀμαρτ

2374 2727 2682 2782 ἐκπίπτειν.
2712 2726 2803 2780 Διό
2837 2742 3011 2796 φημι·
3063 2722 3404 2795 Ὀργίζεσθε,
3443 2722 3603 2777 ἀλλὰ
3647 2721 3740 2791 μὴ
3780 2723 3890 2793 ἀμι

2372 2815 2599 2870 τάνετε.
2628 2817 2692 2870 El
2716 2815 2773 2869 δὲ
2807 2816 2903 2869 καὶ
2930 2814 3225 2879 κλονεῖσθε,
3260 2813 3401 2867 κατά
3429 2814 3520 2866 τὸν
3569 2812 3842 2877 Ἀκύλαν,
3884 2831 3890 2848 α

2371 2908 2547 2981 ψυχὰς
2574 2908 2663 2963 διὰ
2698 2908 2764 2963 τά
2793 2909 2871 2981 τῷ
2907 2904 3261 2977 Ἀϐεσσαλὼμ
3286 2904 3783 2977 προτετολμημένα
3815 2947 3831 2955 -
3864 2908 3890 2960 ὁ

2371 3000 2534 3071 ὁρᾶτε
2582 3000 2657 3074 μὴ
2685 3002 2779 3055 καὶ
2805 3001 2995 3073 ἑτέραν
3025 2998 3116 3052 ἐπὶ
3146 3000 3266 3061 ταῖς
3299 2997 3594 3068 προτέραις
3628 2999 3889 3069 προσθείη

2373 3094 2682 3165 ἁμαρτίαν,
2728 3097 2794 3165 τῇ
2839 3096 2974 3166 ὀργῇ
3019 3094 3389 3163 ἐπιμένοντες.
3431 3092 3629 3164 Εὓροις
3670 3093 3717 3146 δ’
3764 3094 3842 3147 ἂν

2299 3227 2341 3282 C
2376 3190 2517 3244 κατά
2552 3189 2650 3262 τὴν
2674 3190 2913 3261 ἱστορίαν
2942 3186 3112 3242 πολλά
3153 3184 3518 3259 παραινοῦντα
3563 3186 3735 3240 αὐτὸν
3786 3206 3890 3258 (ρει

2378 3283 2499 3338 σθαι
2531 3282 2625 3337 τοῦ
2651 3283 2859 3346 παιδός.

2449 3376 2682 3431 Θύσατε
2707 3376 2927 3429 θυσίαν
2944 3374 3359 3442 δικαιοσύνης,
3394 3371 3493 3426 καί
3526 3370 3847 3429 ἐλπίσατε

2374 3468 2613 3537 Κύριον.
2631 3470 2694 3522 El
2718 3452 2812 3522 καὶ
2838 3468 2913 3532 ὡς
2940 3467 3215 3538 ἄνθρωποι
3251 3466 3436 3538 θνητοὶ
3464 3465 3633 3518 πολλὰ
3661 3466 3890 3525 διανοεῖ

2375 3545 2492 3635 μεθ’
2525 3563 2739 3635 ⁴ἡμέραν
2765 3562 3123 3635 ὀργιζόμενοι’
3153 3560 3266 3616 ἀλλ’
3292 3560 3383 3614 ἐπὶ
3413 3564 3533 3625 ταῖς
3562 3561 3791 3625 κοίταις
3828 3564 3890 3635 ὑλ

2372 3656 2457 3725 ἐφ’
2486 3654 2736 3727 ἡσυχίας,
2769 3658 2896 3726 παρ’
2929 3657 3141 3718 ἑαυτοῖς
3163 3654 3466 3725 γενόμενοι,
3495 3654 3889 3727 κατανύγητεχ

2370 3749 2437 3803 δι’
2476 3749 2691 3820 ἡμέρας
2753 3750 2882 3820 ὑμῖν
2941 3746 3305 3819 πεπραγμένα
3355 3744 3835 3817 διαλογιζόμενοι.

2371 3840 2522 3912 γοῦν,
2547 3843 2731 3913 φησιν,
2760 3838 3045 3913 ὀργίζεσθε
3078 3838 3220 3893 κατά
3262 3838 3370 3893 τῶν
3402 3834 3483 3903 εἰς
3518 3839 3671 3909 ’ὑμᾶς
3706 3838 3890 3912 πλημ

2371 3935 2639 4000 λούντων,
2676 3933 2811 4006 μηδὲ
2849 3933 2989 3987 κατά
3037 3932 3131 3986 τοῦ
3184 3932 3589 3996 ἐπαναστάντος
3634 3930 3721 4003 τῷ
3768 3951 3890 3988 παι

2376 4028 2513 4099 μήτε
2567 4026 2722 4095 αὐτοὶ
2772 4024 3218 4097 ἁμαρτάνοντες,
3253 4023 3356 4078 κᾶν
3408 4023 3584 4096 ἕτεροι
3630 4023 3890 4079 ἀσεϐοῦς

2306 4178 2314 4185 ι
2373 4117 2773 4191 προκαλοῦνται
2805 4117 2948 4190 ὑμᾶς
3002 4120 3083 4182 είς
3130 4117 3299 4190 ὀργῆς
3350 4115 3484 4189 ἔργα
3516 4115 3612 4170 καὶ
3647 4118 3737 4181 είς
3796 4121 3890 4191 ἀμ

2371 4210 2510 4275 τίας,
2543 4210 2655 4264 ἀλλ’
2714 4210 2836 4264 ἀντὶ
2868 4209 3073 4263 τούτων
3119 4208 3350 4282 μᾶλλον,
3401 4206 3559 4279 εἴπερ
3595 4200 3890 4277 βούλεσθε

2371 4303 2610 4375 ἀσφαλὲς
2642 4303 2805 4375 ἔχειν,
2856 4305 3078 4359 θύσατε
3110 4302 3331 4358 θυσίαν
3374 4300 3789 4369 δικαιοσύνης
3821 4346 3843 4367 ,

2370 4397 2663 4452 ἐλπίσατε
2701 4397 2800 4451 ἐπὶ
2848 4398 3103 4466 Κύριον,
3166 4396 3262 4450 καὶ
3333 4393 3531 4467 μηκέτι
3582 4394 3890 4465 ταράττει

2370 4491 2739 4556 οἰκειωθέντες
2771 4491 2849 4563 τῷ
2877 4492 3065 4562 Κυρίῳ
3100 4488 3188 4543 διὰ
3225 4487 3327 4558 τῆς
3359 4485 3739 4557 δικαιοσύνης.
3804 4489 3884 4543 Ἐ

2300 4588 2343 4644 D
2374 4600 2478 4654 περ
2515 4585 2636 4637 ἀντὶ
2692 4582 2873 4654 πάσης
2908 4580 3101 4643 θυσίας
3145 4578 3327 4650 χαίρει
3376 4574 3863 4646 δικαιοπραγίαις

2370 4680 2491 4742 ταῖς
2533 4681 2651 4733 κατ’
2691 4677 2891 4749 ἀρετὴν
2928 4674 3181 4746 πράξεσι.
3225 4670 3335 4723 Καὶ
3375 4668 3532 4722 τοῦτο
3580 4668 3723 4722 πολὺ
3765 4669 3890 4739 βὲλ

2371 4773 2626 4845 πράττειν
2668 4773 2701 4845 ἦ
2740 4770 3050 4844 ὀργίζεσθαι
3086 4768 3179 4823 καὶ
3232 4765 3459 4827 ἑαυτοὺς
3504 4761 3757 4815 ἐκδικεῖν
3816 4783 3890 4819 cn

2369 4868 2566 4933 δάζειν.
2620 4866 2709 4921 Διὸ
2756 4867 2819 4939 δὴ
2848 4866 2941 4919 καὶ
2987 4862 3167 4926 αὐτὸς,
3218 4857 3625 4919 ἐπαναστάντος
3657 4857 3769 4910 τοῦ
3854 4880 3890 4916 υ

2371 4961 2499 5033 περὶ
2552 4963 2711 5015 τοῦτο
2759 4959 2917 5031 μόνον
2972 4954 3280 5010 ἐσπούδασα
3330 4952 3421 5008 διὰ
3467 4950 3871 5027 δικαιοσύνης

2369 5055 2499 5109 Θεὸν
2543 5054 2917 5123 ἱλασκόμενος-
2970 5050 3112 5115 ὅθεν,
3153 5048 3256 5104 Ἐν
3294 5044 3373 5112 τῷ
3412 5045 3890 5107 ἐπικαλεῖσθαί

2368 5146 2697 5215 εἰσήκουσέ
2724 5164 2842 5217 μου
2866 5148 2898 5199 ὀ
2930 5141 3071 5209 Θεὸς
3114 5138 3220 5209 τῆς
3265 5139 3657 5208 δικαιοσύνης
3677 5159 3872 5209 μου,

2369 5242 2437 5294 ἐν
2472 5242 2675 5310 θλίψει
2712 5233 3057 5301 ἐπλάτυνάς
3096 5250 3229 5304 μοι’
3281 5232 3508 5304 ἐπειδὴ,
3541 5230 3718 5296 θύσας
3786 5237 3884 5292 Ou

2370 5333 2735 5404 δικαιοσύνης,
2765 5333 2851 5384 ἐπ’
2888 5327 3048 5383 αὐτὸν
3080 5328 3306 5401 ἤλπισα.

2437 5425 2979 5493 Πολλοὶλέγουσιν·
3019 5423 3114 5489 Τίς
3145 5422 3324 5487 δείξει
3346 5419 3490 5491 ἡμῖν
3513 5417 3715 5489 ἀγαθά
3733 5437 3762 5485 ;
3796 5425 3890 5480 Ἀ

2374 5518 2671 5590 μὲν,φησ“ιν
2692 5559 2705 5581 ,
2734 5516 2908 5579 ἄλλως
2928 5514 3331 5587 διανοούμενοι,
3368 5513 3458 5568 καὶ
3496 5510 3745 5583 μάλιστα
3793 5520 3868 5569 οξ

2374 5612 2648 5684 ρυκάρδιοι
2680 5612 2786 5663 υἱοὶ
2810 5609 2917 5661 τῶν
2960 5607 3261 5682 ἀνθρώπων
3285 5649 3299 5670 ,
3331 5608 3381 5661 οἱ
3422 5606 3521 5675 τὴν
3555 5600 3650 5655 τοῦ
3701 5601 3871 5673 βίου

2368 5706 2628 5774 ταιότητα
2665 5702 3005 5772 ἀγαπῶντες.
3041 5703 3139 5756 ούκ
3184 5700 3384 5762 εἰδότες
3411 5699 3462 5749 τ’
3491 5692 3715 5765 ἀληθῶς
3767 5700 3890 5769 dm

2368 5797 2486 5850 οὐδὲ
2522 5795 2862 5861 ἐλπίζοντες,
2912 5794 3031 5846 οὐδὲ
3086 5792 3430 5851 πιστεύοντες
3464 5784 3637 5838 ταῦτα
3680 5785 3890 5857 {ape-31

2372 5891 2530 5945 «σιτί’
2569 5892 2662 5955 Τίς
2689 5888 2869 5954 δείξει
2897 5887 3038 5955 ἡμῖν
3068 5887 3141 5942 τὰ
3167 5879 3395 5953 draod;
3419 5879 3492 5932 υύ
3516 5877 3625 5946 γὰρ
3648 5893 3890 5945 συνοοι
