3956 6340
85 417 167 468 ίθυ

1158 412 1662 466 LOMMENTAHIA
1699 411 1761 464 ΙΝ
1804 409 2162 485 ΡδΑιΜοδ..

3152 417 3252 468 HO

78 525 209 587 αὑτά,
228 522 300 592 τῷ
333 523 404 594 μὴ
438 523 871 591 κπαυγάξεσθαι
903 523 1151 595 τῷςφωτὶ
1189 526 1279 579 τοῦ
1316 524 1589 597 προσώπω

1706 524 1889 579 vultus
1909 524 1987 578 tui
2012 524 2215 579 lumine
2239 540 2348 587 non
2378 526 2719 581 illustrantur
2747 546 2759 581 :
2784 527 3130 597 quamobrem
3150 528 3255 585 rati

80 632 185 670 amr
219 614 293 669 διὸ
319 614 379 689 Ei]
413 615 553 684 μόνα
582 616 648 668 τά
691 613 865 684 γεώδη
900 614 996 669 καὶ
1037 615 1249 689 φθαρτά
1292 616 1640 702 ὑπολαμᾱὶε.

78 723 229 768 νοντες
251 701 381 758 εἶναι
403 705 606 773 ἀγαθὰ,
633 705 761 776 περὶ
784 704 956 759 ταῦτα
991 706 1342 776 ἀσχολοῦνται
1363 706 1454 759 καὶ
1480 706 1611 762 ταῦ-

75 814 131 850 τα
154 795 574 863 μεταδιώκουσιν.
608 795 669 849 Et
701 796 756 850 δέ
792 814 875 859 τις
902 796 1081 860 αὐτοῖς
1109 797 1235 869 περὶ
1272 798 1378 851 τῶν
1404 796 1610 853 θειοτέ-

79 907 166 960 ρων
187 888 272 940 καὶ
294 887 630 957 ἐπουρανίων
661 887 827 962 λέγοι,
851 889 1059 960 ἐρωτᾷν
1084 889 1334 943 εἰώθασιν
1354 907 1365 919 ·
1398 892 1503 944 Καὶ
1523 890 1610 952 τίς

76 977 165 1048 ἆρά
193 982 329 1032 ἐστιν
376 982 406 1032 ὁ
452 979 641 1045 δείξων
687 981 818 1051 ἡμῖν
858 981 1059 1047 ταῦτα;
1103 983 1241 1035 Ἀλλ’
1272 985 1465 1036 ὲκεῖνοι
1508 981 1608 1053 μὲν

75 1071 267 1124 τοιοῦτοί
293 1088 453 1134 τινες.
485 1072 674 1144 Ἡμεῖς
694 1072 751 1125 δὲ
774 1073 900 1144 παρ’
922 1066 1001 1136 οἷς
1032 1073 1355 1142 ἐσημειὼοη
1387 1072 1451 1125 τό
1482 1072 1609 1142 φῶς

73 1160 159 1213 τοῦ
182 1158 493 1227 προσώπου
521 1174 663 1224 σου,
684 1155 732 1215 ὦ
757 1161 952 1229 Κύριε,
986 1161 1076 1215 καὶ
1096 1161 1197 1213 τὸν
1242 1159 1478 1225 δείξοντα
1510 1150 1607 1215 καὶ

72 1253 148 1303 τὸν
192 1251 424 1307 δώσοντα
471 1254 603 1324 ἡμῖν
648 1253 784 1307 αύτά
832 1253 1171 1324 ἐπιστάμεθα
1217 1252 1320 1306 ὑπὸ
1372 1252 1463 1307 τοῦ
1510 1270 1604 1307 σου

73 1344 221 1410 φωτὸς
260 1345 336 1407 είς
371 1344 473 1415 τὴν
504 1345 701 1413 γνῶσιν
734 1345 911 1398 αὐτῶν
948 1346 1263 1415 ἐληλυθότες
1283 1364 1295 1377 ·
1341 1346 1605 1413 Ἐὄωκας

73 1437 426 1504 εὐφροσύνην
456 1439 544 1503 είς
575 1438 687 1505 τὴν
711 1437 960 1505 καρδίαν
981 1455 1117 1506 μου.

135 1526 254 1581 Ἀπὸ
296 1529 529 1595 καρποῦ
563 1529 671 1583 τοῦ
710 1530 883 1581 σίτου
920 1528 1018 1582 καί
1056 1512 1223 1584 οῖνου
1260 1532 1355 1585 καί
1396 1532 1604 1587 ἐλαίου

68 1616 236 1670 αὐτῶν
260 1618 747 1687 ἐπληθύνθησαν.
782 1619 1011 1683 Ἐπεζδὲ
1044 1619 1308 1692 πολλαχοῦ
1335 1621 1441 1676 τῶν
1465 1624 1605 1693 Γρα-

71 1707 165 1774 φῶν
192 1710 243 1759 ὲν
270 1706 543 1775 εὐλογίαις
577 1712 718 1772 σῖτος
748 1710 840 1763 καὶ
871 1704 1008 1772 οἶνος
1033 1712 1147 1772 τοῖς
1192 1711 1364 1779 ἁγίοις
1394 1714 1601 1767 κεῖνται

67 1800 113 1851 ὲν
132 1797 434 1869 ἐπαγγελίᾳ,
465 1798 542 1863 ὡς
569 1798 680 1871 ⁸τοῦ
724 1787 963 1855 ὲνᾶντίου
1026 1804 1137 1866 τοῖς
1190 1802 1529 1873 ἁμαρτωλοῖς
1564 1806 1598 1875 ἡ

1712 616 1827 670 sola
1854 624 2069 672 terrena
2098 628 2152 672 et
2180 618 2553 697 corruptibilis
2584 619 2724 674 bona
2751 634 2889 681 esse,
2920 620 2987 674 iis
3016 619 3252 685 student,

1709 723 1771 763 ea
1816 719 2234 779 persequuntur.
2270 710 2426 778 Quod
2470 712 2518 767 si
2558 712 2681 781 quis
2716 727 2809 767 eos
2848 712 2916 767 de
2956 713 3153 768 divinis
3191 728 3255 768 ac

1710 800 2024 856 coelestibus
2076 802 2401 871 alloquatur,
2451 818 2642 873 rogare
2693 803 2911 860 solent:
2947 804 3079 869 Quis
3126 820 3255 875 ergo

1707 892 1910 960 estqui
1956 893 2069 947 haec
2109 894 2357 949 ostendet
2408 894 2601 949 nobis?
2631 894 2705 949 Eo
2758 895 2834 947 illi
2880 897 3037 950 modo
3080 895 3252 951 allecti

1708 991 1853 1038 sunt.
1889 982 2000 1041 Nos
2037 1001 2165 1040 vero
2196 985 2341 1057 apud
2369 1002 2506 1057 quos
2536 988 2798 1057 signatum
2826 995 2901 1041 est
2932 988 3100 1041 lumen
3140 989 3253 1043 vul-

1708 1082 1791 1127 tus
1818 1076 1916 1140 tui,
1947 1074 2186 1140 Domine,
2222 1078 2312 1147 qui
2340 1079 2542 1133 lumine
2575 1085 2669 1131 tuo
2700 1078 2952 1132 illustrati
2987 1080 3039 1131 in
3064 1094 3249 1162 eorum

1704 1167 2065 1236 cognitionem
2100 1169 2363 1233 venimus,
2394 1162 2562 1241 probe
2593 1170 2797 1225 scimus
2826 1178 2878 1222 et
2913 1170 3034 1239 quis
3068 1178 3249 1227 osten-
3312 1240 3315 1241 ν

1704 1253 1798 1309 dat
1824 1264 1878 1309 et
1909 1258 2034 1328 quis
2067 1256 2308 1313 conferat
2336 1259 2427 1313 illa
2461 1278 2475 1313 :
2511 1256 2713 1312 Dedisti
2751 1257 2987 1313 lwtitiam
3017 1258 3071 1312 in
3099 1258 3252 1314 corde

1703 1363 1833 1400 meo.
1865 1359 1875 1368 ”

1772 1520 1937 1579 Vens.
1966 1523 2018 1579 8.
2054 1524 2099 1577 Α
2126 1525 2301 1594 fructu
2339 1525 2609 1595 frumenti,
2650 1529 2755 1582 vini
2781 1540 2829 1582 et
2859 1528 2961 1583 olei
2997 1528 3081 1583 sui
3113 1528 3251 1582 mul-

1704 1613 1924 1681 tiplicati
1968 1625 2110 1669 sunt.
2158 1616 2295 1680 Quia
2338 1616 2392 1671 in
2438 1618 2622 1672 multis
2664 1616 3067 1687 Scripturarum
3116 1619 3252 1675 locis

1700 1702 2030 1771 frumentum
2070 1712 2123 1759 et
2159 1706 2345 1760 vinum
2390 1706 2531 1761 inter
2570 1708 2958 1777 promissiones
2992 1723 3057 1761 ac
3088 1708 3253 1763 bene-

1700 1794 1965 1850 dictiones
2010 1803 2302 1865 ponuntur,
2331 1804 2496 1865 atque
2521 1812 2587 1851 ex
2620 1797 2845 1852 adverso
2874 1799 3250 1866 peccatoribus

68 1888 237 1941 τούτων
260 1888 544 1958 στέρησιςο
572 1889 719 1956 ἀξιον
747 1892 1049 1962 ἀποστῆσαι
1074 1892 1171 1963 τῆς
1197 1892 1337 1947 κατά
1361 1893 1421 1946 τὸ
1441 1894 1589 1965 ρητὸι

1701 1886 2015 1941 earumdem
2044 1886 2276 1956 privatio
2298 1887 2667 1953 denuntiatur;
2685 1888 2795 1957 jam
2817 1903 2991 1959 Opera:
3017 1890 3248 1959 pretium

66 1977 190 2046 ψιλὸν
223 1979 567 2049 ὑπολήψεως,
602 1980 728 2045 τούς
753 1999 810 2035 τε
849 1983 1259 2055 ἀκεραιοτέρους
1293 1983 1399 2037 τῶν
1440 2001 1598 2038 πεπι-

68 2070 353 2133 στενκότων,
385 2071 487 2124 καϊ
506 2073 639 2135 τοὺς
678 2058 763 2129 διά
807 2074 905 2143 τὴν
959 2074 1253 2147 μικρότητα
1281 2075 1380 2145 τῆς
1430 2076 1601 2145 ἐπαγ-

64 2161 218 2229 γελίας
242 2161 412 2232 ἑτέρῳ
438 2162 560 2233 Θεῷ
590 2162 1045 2235 ἀναπλαττομένῳ
1080 2164 1170 2218 ὑπ’
1199 2166 1376 2219 αὐτῶν
1413 2166 1597 2236 βουλο-

65 2253 231 2321 μένους
265 2257 624 2324 προσκυνεῖνο
679 2256 773 2309 καὶ
822 2255 1195 2326 φιλοτιμητέον
1242 2258 1303 2311 τὸ
1358 2259 1598 2314 ποικίλον

62 2344 147 2395 τῶν
178 2346 501 2415 σωματικῶν
533 2346 833 2419 βρωμάτων
871 2348 1163 2417 ἀναγαγεῖν
1190 2350 1281 2403 ἐπὶ
1304 2352 1493 2416 ταῦτα,
1522 2346 1598 2407 ὧν

62 2436 520 2506 μεταλαμϐάνουσα
552 2440 670 2493 κατ’
715 2439 870 2503 ἀξίαν
901 2440 1102 2513 ἑκάστη
1141 2440 1284 2514 ψυχὴ
1317 2444 1597 2512 ἀγιάζεταί

63 2542 107 2577 τε
134 2529 217 2580 καὶ
238 2529 453 2583 εὐεκτεῖ
483 2532 580 2583 καὶ
609 2532 1020 2601 ίσχυροποιεϊται
1060 2534 1195 2606 πρὸς
1226 2534 1287 2589 τὸ
1339 2536 1595 2593 δύνασθαι

62 2612 113 2663 τὰ
145 2614 491 2671 ἐπιϐάλλοντα
523 2619 659 2689 αὐτῇ
708 2618 842 2691 ἔργα
890 2623 1172 2678 ἐπιτελεῖν·
1198 2625 1337 2694 Ἐγὼ
1370 2627 1425 2681 δὲ
1444 2624 1596 2698 οἶμαι

64 2704 175 2757 αὐτὰ
195 2708 283 2758 καὶ
315 2709 396 2771 είς
419 2709 512 2761 τὸν
548 2709 806 2780 μέλλοντα
840 2713 1011 2767 αἰῶνα
1036 2715 1346 2783 ἀνάγεσθαι.
1376 2719 1483 2772 Καί¹
1510 2720 1595 2773 ἵνα

65 2798 123 2862 μὴ
148 2797 260 2866 περὶ
305 2798 415 2851 τῶν
460 2799 789 2871 τηλικούτων
830 2804 1159 2875 ἀμαρτύρως
1189 2806 1424 2877 δόξωμεν
1461 2809 1595 2861 ἀπο-

64 2885 329 2954 φαίνεσθαι,
367 2889 595 2962 ἀρκέσει
646 2894 773 2962 ἡμῖν
828 2892 1035 2957 Παῦλος
1086 2894 1393 2966 σαφέστατα
1438 2897 1593 2950 τοῦτο

60 2976 285 3032 διδάσκων
330 2981 391 3036 ἐν
410 2985 480 3052 τῇ
516 2982 652 3053 πρὸς
676 2982 1063 3054 Φιλιππησίους
1086 2984 1366 3053 Ἐπιστολῇ
1387 2985 1555 3052 οὕτως
1572 3003 1587 3020 ο

60 3068 140 3134 Μὴ
160 3066 263 3125 οὖν
288 3089 378 3139 τις
408 3072 569 3143 ὑμᾶς
591 3074 833 3143 κρινέτω
868 3074 940 3129 ἐν
963 3076 1188 3145 ,ϐρώσει
1218 3077 1257 3146 ἢ
1294 3078 1365 3132 ἐν
1395 3080 1587 3145 πόσει,

61 3160 167 3225 ἧὲν
181 3163 337 3231 μέρει
370 3164 642 3235 ἐορτῆςῆ
669 3168 995 3238 νουμηνίας
1020 3168 1356 3249 σαϐϐάτων·
1385 3170 1425 3227 ἅ
1460 3172 1591 3228 ἐστι

61 3254 174 3308 σκιὰ
190 3255 301 3309 τῶν
316 3259 697 3327 μελλόντων.

122 3435 202 3487 Ἑν
245 3436 455 3507 εἰρήνῃ
506 3438 605 3492 ἐπὶ
663 3438 731 3493 τὸ
789 3439 934 3492 αὐτύ
995 3442 1425 3511 κοιμηθήσομαι
1488 3445 1586 3499 καί

59 3525 306 3588 ὐπνώσω,
346 3528 439 3581 ὅτι
472 3527 576 3593 σὺ,
614 3529 809 3597 Κύριε,
852 3528 1001 3583 κατὰ
1034 3532 1224 3599 μόνας
1260 3532 1352 3585 ἐπ’
1389 3534 1590 3588 ἐλπίδι

63 3616 357 3684 κατῴκισάς
507 3620 690 3673 Ἐοικε
716 3619 902 3690 δηλοῦν
929 3620 1028 3690 τὴν
1054 3621 1261 3692 ἀϐλαϐῆ
1283 3622 1462 3677 ἄνεσιν
1494 3626 1585 3677 καὶ

60 3706 327 3760 ἀνάπαυσιν
354 3706 460 3778 τῆς
489 3707 687 3779 ψυχῆς,
719 3707 1020 3780 συμᾳώνως
1047 3710 1123 3781 τῷ
1141 3709 1265 3781 θείῳ
1297 3711 1439 3783 λόγῳ
1465 3716 1585 3768 soo-

62 3795 195 3866 μένην
237 3798 372 3869 μετά
413 3798 517 3862 τὰς
559 3798 694 3870 πρὸς
738 3799 807 3853 τά
849 3799 1105 3853 κάλλιστα
1151 3801 1396 3873 θεωρίας.
1434 3803 1583 3873 Τάχα

60 3888 141 3959 γὰρ
167 3890 218 3944 ὃν
242 3892 444 3963 τρόπον
488 3891 629 3945 κατά
664 3893 723 3946 τὸ
767 3893 925 3964 σῶμα
956 3895 1215 3964 φαγόντες
1254 3896 1346 3948 καὶ
1374 3895 1583 3958 πιόντες

60 3980 257 4042 ἀνέσεως
272 3982 507 4054 δεόμεθα
531 3984 631 4054 τῆς
652 3984 791 4039 κατά
822 3987 910 4040 τὸν
934 3987 1124 4041 ὕπνον·
1154 3986 1325 4052 οὕτως
1356 3988 1416 4040 οὐ
1451 3986 1584 4041 πάν-

58 4086 157 4122 τοτε
185 4071 451 4144 δυναμένη
476 4073 719 4145 διαρκεῖν
748 4072 781 4147 ἦ
813 4076 957 4149 ψυχὴ
994 4079 1128 4149 πρὸς
1155 4078 1216 4131 τὸ
1253 4077 1494 4149 θεωρεῖῆ
1525 4080 1583 4131 ἐν

61 4163 201 4233 καιρῷ
224 4163 521 4229 ἑνατενίεει
548 4168 659 4229 τοῖς
701 4167 840 4220 κατά
882 4169 979 4239 τὴν
1012 4169 1210 4241 ἑαυτῆς
1249 4170 1472 4240 δύναμιν
1504 4169 1581 4240 τῷ

60 4255 301 4326 αὒτάρκει·
328 4253 452 4310 εἶτα
490 4256 841 4311 διανάπαυσιν
874 4260 1151 4333 ἡγούμεθα
1184 4261 1468 4331 δηλοῦσθαι
1494 4263 1579 4316 διὰ

61 4344 161 4395 :05-
200 4344 297 4399 Ἔν
339 4344 553 4415 εἰρήνῃ
588 4346 684 4399 ἐπὶ
724 4346 791 4400 τὸ
828 4350 971 4403 αὐτὸ
1010 4352 1439 4423 κοιμηθήσομαι
1480 4354 1577 4407 καί

64 4435 291 4491 ὐκνώσω.

121 4610 321 4668 Ἐκεῖνοι
366 4615 489 4687 μὲν,
522 4616 704 4687 φησὶν,
737 4616 786 4668 οί
838 4616 1024 4670 πολλοὶ
1079 4619 1171 4672 ἀτε
1219 4620 1282 4691 δὴ
1321 4623 1574 4677 πλατεῖαν

66 4700 133 4750 καὶ
157 4690 455 4776 εὑρύίωρον
489 4704 778 4769 ὁδεύοντες,
811 4705 877 4758 δι’
901 4701 971 4777 ἦς
996 4709 1043 4760 οἱ
1074 4708 1255 4762 πολλοὶ
1272 4690 1573 4782 βαδίζουσι,

64 4787 349 4859 οὺκὲλπίζον
364 4797 469 4862 τες,
508 4798 592 4861 τίς
621 4796 779 4861 δείξει
810 4797 991 4861 αὐτοῖς
1025 4798 1091 4852 τά
1131 4800 1269 4854 κατά
1322 4802 1575 4874 ἀλήθειαν

64 4877 217 4965 ᾂγαθά,
245 4888 300 4940 ὲν
326 4887 459 4959 οἴνῳ
486 4891 579 4943 καὶ
610 4889 773 4961 ἐλαίῳ
812 4890 905 4943 καὶ
935 4890 1066 4961 σίτῳ
1098 4892 1473 4964 πληθύνοντες,
1498 4898 1575 4961 ὡς

65 4966 238 5035 ἀγαθῶν
264 4978 471 5034 τούτων
502 4982 790 5037 ἀπολαύειν
813 4982 1100 5053 ἡγοῦνται·
1130 4984 1251 5053 ἐμοὶ
1290 4984 1347 5038 δὲ
1366 4986 1570 5056 τῷνκα-

65 5060 333 5148 ῖξξιωμένῳ
372 5071 472 5125 τοῦ
514 5073 697 5143 φωτὸς
732 5074 823 5129 τοῦ
867 5072 1151 5146 προσώπου
1194 5092 1316 5140 σου,
1363 5077 1566 5148 Κύριε,

68 5145 224 5218 ἔδωκας
255 5159 589 5233 εὐφροσύνην
618 5162 871 5235 καρδίας*
899 5145 1011 5217 ἀλλ’
1043 5162 1161 5217 οὐδὲ
1194 5163 1409 5235 σαρκῶν
1449 5145 1569 5219 οὐδὲ

69 5244 300 5313 σωμάτων,
330 5252 429 5305 καὶ
462 5254 523 5307 οὐ
549 5254 647 5325 τὴν
686 5255 747 5320 ἐξ
780 5256 921 5310 οῐνου
943 5255 1039 5311 καὶ
1072 5254 1214 5309 σίτου
1257 5257 1349 5310 καὶ
1390 5256 1566 5312 ελαίου

70 5333 233 5403 σώμασι
283 5346 729 5421 χορηγουμένην,
772 5348 885 5402 ἀλλ’
917 5349 1246 5421 εὐφροσύνην
1289 5348 1387 5420 τὴν
1430 5350 1570 5405 κατὰ

68 5420 273 5485 διάνοιαν.
309 5432 517 5487 Μαθὼν
562 5420 670 5506 γὰρ
702 5439 848 5511 παρά
890 5440 985 5494 τοῦ
1026 5420 1275 5510 Σωτῆρος
1312 5439 1406 5493 καὶ
1458 5441 1567 5495 τῶν

72 5514 151 5602 fit?»
180 5520 523 5593 ἐπαγγελιῶν,
550 5525 653 5591 ὅτι,
692 5530 741 5580 ει
772 5530 865 5583 καὶ
895 5531 964 5583 τά
1010 5532 1240 5602 μάλιστα
1295 5531 1435 5586 κατά
1477 5534 1566 5588 τὸν

68 5598 283 5694 “fr-tina
316 5610 428 5680 βίον
466 5610 632 5665 λύπαι
666 5630 751 5683 μοι
789 5617 879 5669 καὶ
921 5598 1125 5689 θλίῷεις
1157 5620 1249 5675 καὶ
1277 5624 1566 5694 πειρασμοὶ

68 5690 137 5741 καὶ
160 5702 483 5777 περιστάσεις
508 5703 571 5756 οὐ
597 5702 969 5775 διαλείπουσιν,
1002 5710 1114 5765 ἀλλ’
1144 5712 1291 5766 ἔσται
1326 5690 1414 5784 μοι
1444 5690 1561 5770 και-

120 5802 157 5833 ⁸⁸
185 5807 376 5872 (class.
410 5828 485 5878 ιι.
521 5816 620 5882 16,
654 5817 738 5877 17.

1698 1981 1801 2036 est,
1830 1982 1890 2029 ut
1918 1978 2252 2031 credentium
2282 1978 2661 2048 simpliciores,
2689 1994 2900 2034 necnon
2925 1995 3019 2035 eos
3049 1982 3140 2051 qui
3178 1982 3251 2036 ob

1698 2064 2076 2133 promissionis
2126 2069 2443 2123 tenuitatem
2489 2070 2649 2123 deum
2696 2070 2893 2137 alium,
2941 2085 3099 2140 quem
3146 2072 3251 2141 ipsi

1698 2155 1799 2211 sibi
1840 2156 2350 2223 comminiscuntur,
2382 2159 2611 2214 adorare
2640 2160 2850 2225 volunt,
2884 2162 2951 2216 ab
2997 2162 3253 2231 opinione

1697 2256 1859 2318 atque
1891 2248 2163 2304 sententia
2191 2248 2525 2317 bujusmodi,
2560 2265 2624 2305 ex
2658 2251 2849 2306 litterae
2878 2253 3086 2307 vilitate
3117 2269 3251 2309 con-

1696 2348 1871 2410 cepta,
1897 2340 2258 2408 retrahamus.
2292 2339 2357 2394 Et
2385 2355 2595 2396 summo
2620 2340 2835 2411 quidem
2861 2358 3022 2413 opere
3052 2359 3250 2398 curan-

1697 2430 1847 2498 dum,
1878 2428 1944 2485 ut'
1966 2432 2147 2487 varios
2176 2433 2298 2487 illos
2328 2434 2637 2502 corporales
2666 2434 2817 2489 cibos
2842 2434 2908 2489 ad
2943 2435 3078 2490 alios
3104 2434 3248 2490 refe-

1696 2538 1902 2587 ramus,
1937 2524 2091 2593 queis
2139 2540 2237 2594 pro
2286 2522 2728 2601 merito‘refecta
2776 2526 2957 2586 anima
3001 2543 3246 2597 quaeque,

1694 2622 1880 2668 sancta
1912 2614 2163 2679 elIicitur,
2197 2616 2333 2670 bene
2377 2616 2536 2680 valet,
2569 2617 2817 2687 viresque
2859 2619 3055 2688 accipit
3089 2618 3154 2672 ad
3184 2634 3249 2673 ea

1694 2718 1877 2772 opera,
1909 2721 2029 2773 qua:
2074 2706 2158 2759 sui
2209 2706 2369 2761 nﬂicii
2398 2715 2541 2773 _sunt
2585 2709 2948 2777 exsequenda.
2978 2704 3088 2780 Ego
3120 2725 3250 2765 vero

1692 2794 1901 2848 ωειίωο
1931 2795 2047 2863 ipsa
2077 2796 2235 2849 etiam
2268 2796 2332 2848 ad
2360 2795 2602 2850 futurum
2637 2799 2891 2851 saeculum
2918 2799 3245 2854 reducenda.

1690 2884 1768 2937 Ac
1811 2900 1881 2937 ne
1922 2885 1990 2939 de
2034 2886 2199 2942 tantis
2241 2888 2403 2942 rebus
2442 2888 2721 2943 videamur
2764 2890 2881 2944 sine
2930 2891 3245 2945 testimonio

1690 2975 2011 3029 sententiam
2048 2976 2209 3040 ferre,
2250 2977 2477 3033 sniliciat
2518 2979 2675 3034 nobis
2712 2978 2939 3034 Paulum
2968 2980 3159 3035 aﬂerre
3186 2982 3243 3036 in

1691 3062 1932 3135 Epistola
1985 3067 2050 3122 ad
2102 3067 2479 3140 Pbilippenses
2530 3071 2763 3142 idipsnm
2816 3072 3097 3126 docentem
3156 3071 3244 3127 his
3293 3058 3296 3062 Δ

1689 3158 1869 3214 verbis
1895 3180 1905 3213 :
1938 3159 1988 3212 Ν
1994 3178 2107 3216 emo
2132 3180 2217 3216 vos
2238 3162 2440 3231 judicet
2464 3164 2517 3216 in
2542 3162 2676 3228 cibo,
2702 3173 2790 3216 aut
2819 3164 2872 3217 in
2898 3172 3043 3232 potu,
3068 3172 3158 3217 aut
3189 3166 3244 3216 in

1470 3222 1658 3282 iuva
1689 3256 1838 3316 parte
1892 3247 1996 3302 diei
2045 3250 2165 3318 [esti
2232 3222 2320 3304 aut
2367 3254 2641 3307 neomenia!
2704 3222 3072 3319 sabbatorum,
3124 3270 3241 3324 qua

1690 3349 1810 3393 sunt
1839 3341 2026 3394 umbra
2052 3342 2349 3410 fututorum
2373 3344 2440 3395 ⁸ο.

1758 3430 1923 3488 Vens.
1955 3432 2009 3498 9,
2036 3434 2122 3488 10.
2166 3433 2230 3487 In
2257 3450 2384 3504 pace
2422 3436 2479 3488 in
2512 3434 2742 3504 idipsum
2786 3435 3049 3489 dormiam
3078 3444 3127 3488 et
3155 3452 3242 3489 re-

1686 3524 1985 3593 quiescam;
2024 3527 2271 3595 quoniam
2318 3536 2395 3593 tu,
2425 3526 2666 3593 Domine,
2694 3524 3031 3596 singulariter
3065 3527 3119 3579 in
3150 3543 3238 3595 spe

1685 3616 2004 3669 constituisti
2048 3633 2145 3671 me.
2188 3616 2431 3671 lndicare
2461 3617 2675 3673 videtur
2700 3603 2971 3671 innoxiam
3001 3616 3236 3685 quietem

1684 3708 1955 3777 animique
2000 3709 2396 3774 remissionem,
2432 3726 2552 3780 qua:
2594 3719 2716 3781 post
2760 3696 3237 3780 prmStantissima-

1682 3814 1801 3853 rum
1830 3810 2008 3855 rerum
2037 3801 2569 3870 contemplationem,
2600 3810 2657 3856 ut
2693 3801 2877 3855 divino
2907 3802 3070 3856 verbo
3098 3817 3233 3858 con-

1681 3894 1847 3959 venit,
1880 3894 2143 3950 sumenda
2164 3903 2268 3950 est.
2296 3894 2549 3951 Fortasse
2576 3882 2718 3950 enim
2744 3895 2884 3950 sicut
2904 3905 3025 3964 post
3052 3893 3234 3950 cibum

1680 3991 1971 4056 potumque
2013 3988 2578 4063 corporalem,quiete
2615 3986 2707 4041 illa
2748 4004 2968 4062 egemus
2994 4003 3113 4058 qum
3139 4003 3234 4057 per

1681 4090 1929 4131 somnum
1960 4078 2211 4143 sumitur,
2246 4078 2319 4132 ita
2348 4094 2470 4133 cum
2502 4093 2610 4133 non
2648 4079 2826 4135 valeat
2866 4081 3045 4134 anima
3093 4096 3235 4135 sem-

1680 4184 1775 4238 per
1817 4184 1880 4223 ac
1922 4170 2041 4224 sine
2090 4171 2491 4226 intermissione
2538 4171 2980 4242 contemplationi
3017 4185 3231 4233 vacare,
3314 4190 3317 4193 ·

1665 4258 1829 4313 "certo
1872 4261 2089 4329 quidem
2134 4268 2376 4331 tempore
2429 4260 2733 4330 spiritualia
2779 4259 3001 4333 respicit
3040 4273 3101 4311 ac
3132 4272 3231 4327 pro

1675 4351 1884 4407 viribus
1932 4351 2279 4422 speculatur;
2315 4351 2507 4407 deinde
2546 4364 2675 4405 vero
2702 4350 2989 4418 requiescit
3019 4366 3033 4403 :
3064 4364 3228 4417 quam

1673 4450 1927 4511 putamus
1954 4444 2194 4514 requiem
2226 4444 2311 4499 bis
2340 4441 2632 4513 Signiﬁcari
2656 4459 2669 4494 :
2691 4438 2755 4494 In
2776 4455 2900 4509 pace
2924 4441 2980 4494 in
3002 4440 3228 4509 idipsum

1604 4566 1648 4621 Β
1674 4531 1935 4601 dormiam
1962 4545 2011 4588 et
2041 4536 2377 4604 requiescam.

1744 4625 1824 4680 Illi
1854 4634 2021 4691 certe,
2044 4628 2137 4691 ait,
2166 4626 2258 4695 qui
2290 4623 2444 4678 multi
2472 4638 2697 4679 numero
2724 4630 2872 4689 sunt,
2890 4625 3044 4679 multi
3076 4636 3243 4679 nama'

1675 4734 1782 4789 que
1826 4720 1883 4773 in
1924 4720 2032 4773 lata
2069 4720 2416 4788 spatiosaque
2445 4718 2530 4773 via
2560 4719 2913 4789 gradiuntur;
2961 4734 3071 4774 non
3102 4732 3224 4787 spe-

1674 4819 1858 4866 rantes
1888 4810 2077 4865 adesse
2101 4809 2430 4878 quempiam,
2460 4812 2552 4881 qui
2567 4812 2825 4866 ostendat
2850 4812 2983 4882 ipsis
3012 4826 3074 4865 ea
3102 4824 3221 4879 quae

1672 4902 1968 4957 secundum
1997 4899 2075 4955 rei
2098 4900 2385 4955 veritatem
2423 4901 2562 4956 bona
2606 4912 2759 4971 sunt;
2791 4903 2935 4967 vino,
2966 4902 3086 4957 oleo
3134 4907 3220 4954 at-

1670 5008 1776 5062 que
1811 4992 2081 5045 frumento
2107 4990 2387 5048 aﬂluentes
2406 5031 2423 5057 ,
2450 4993 2518 5047 iis
2544 5008 2602 5048 se
2626 5003 2881 5063 tanquam
2910 5007 3033 5047 vere
3060 4992 3220 5046 bonis

1669 5083 1777 5138 frui
1819 5082 2175 5140 arbitrantur.
2230 5084 2359 5141 Mihi
2393 5101 2554 5149 vero,
2588 5100 2749 5155 quem
2793 5085 2996 5141 lumine
3036 5086 3219 5140 vultus

1670 5176 1746 5229 tui
1776 5175 2029 5245 dignatus
2059 5190 2153 5241 es,
2189 5175 2449 5241 Domine,
2488 5177 2672 5231 cordis
2706 5176 2945 5231 lmtitiam
2976 5176 3172 5232 dedisti
3199 5194 3215 5242 ;

1668 5283 1777 5323 non
1825 5267 1972 5321 illam
2023 5282 2155 5323 sane
2196 5283 2316 5337 qua:
2352 5268 2506 5322 carni
2553 5268 2878 5339 corporique
2928 5268 3213 5336 competit,

1669 5374 1843 5431 neque
1876 5358 2022 5412 illam
2056 5376 2176 5431 quae
2205 5359 2513 5425 frumento,
2542 5360 2670 5414 vino
2736 5368 2789 5415 et
2820 5360 2939 5415 oleo
2966 5358 3211 5424 aﬂ‘ertur,

1667 5451 1761 5508 sed
1812 5449 2051 5505 lmtitiam
2098 5466 2218 5522 quae
2259 5460 2439 5507 mente
2481 5451 2796 5522 percipitur.
2841 5451 2972 5505 Cum
3002 5452 3144 5505 enim
3180 5466 3211 5504 a

1668 5543 1948 5599 Salvatore
1971 5559 2149 5615 exque
2176 5544 2461 5614 promissis
2486 5541 2598 5597 tuis
2623 5541 2967 5604 edidicerim,
2998 5543 3211 5597 etiamsi

1664 5637 1796 5691 mihi
1849 5637 2095 5704 dolores,
2145 5651 2432 5705 attumne,
2472 5637 2825 5699 tentationes,
2876 5634 3211 5689 calamitates

1665 5728 1721 5783 in
1782 5731 2032 5799 praasenti
2080 5730 2188 5786 vita
2236 5744 2347 5786 non
2396 5727 2685 5793 deﬁciant,
2735 5724 2979 5781 futurum
3030 5736 3209 5780 tamen
