3956 6340
716 436 816 491 Hi

1398 425 1661 494 EUSEBII
1698 437 2166 494 CESARIENSIS
2202 437 2350 494 OPP.
2391 414 2567 492 PARS
2603 435 2687 490 Ill.
2726 464 2788 475 —-
2826 436 3223 493 EXEGETICA.
3759 439 3833 492 ili

711 559 841 613 mihi
873 550 1080 629 tempus
1111 574 1219 628 quo
1250 573 1280 612 a
1310 573 1534 628 corpore
1581 558 1833 614 decedam
1854 601 1867 624 ,
1914 576 1975 615 ac
2018 562 2072 614 in
2109 574 2239 632 pace

2346 558 2435 635 ρος
2466 558 2495 609 6
2513 556 2612 627 τῆς
2634 554 2947 625 ἀπαλλαγῆς
2970 548 3063 607 τοῦ
3087 552 3346 621 σώματος,
3371 551 3492 606 καθ’
3512 552 3570 605 ὃν
3604 554 3658 603 ἐν
3686 553 3835 625 εἰρήνη

642 666 645 669 ·
710 649 969 704 dormiam
990 688 1007 713 ,
1038 658 1091 704 et
1122 665 1157 723 a'
1179 665 1403 719 corpore
1430 650 1734 715 liberabor;
1767 667 2054 722 persuasus
2084 655 2242 723 plane

711 753 847 802 sum,
867 746 1016 792 tunc.
1037 738 1169 793 mihi
1208 738 1393 794 adfore
1413 739 1607 795 laetitiae
1636 740 1791 794 linem
1810 728 1882 795 ac
1908 756 2243 798 consumma—

710 829 908 883 tionem
935 846 948 895 ;
982 842 1104 882 cum
1133 829 1340 884 scilicet
1367 845 1450 886 me
1474 844 1637 900 sopor
1664 830 1751 885 ille
1776 832 2071 902 mortisque
2098 849 2243 889 som-

711 905 815 973 nus
844 919 1327 988 comprehenderit.
1361 920 1511 973 Tunc
1538 921 1679 975 enim
1709 928 1768 975 tu
1802 923 1948 992 ipse,
1987 921 2237 985 Domine,

710 1024 798 1063 me
827 1009 922 1062 tali
952 1024 1044 1079 spe
1087 1008 1224 1064 bona
1264 1011 1581 1087 instructum
1624 1013 1864 1082 excipies
1905 1021 1957 1066 et
1994 1013 2048 1066 in
2077 1014 2241 1067 acele-

712 1099 887 1171 stibus
910 1100 1278 1156 mansionibus
1306 1103 1615 1159 collocabis.
1640 1101 1874 1158 Observa
1897 1118 2057 1173 porro
2082 1103 2240 1161 etiam

622 1214 625 1219 -
712 1184 816 1239 hoc
846 1186 963 1240 loco
984 1178 1836 1256 diapsalmatumdistinctiones,
1865 1206 1983 1260 quae
2009 1189 2092 1244 vel
2122 1206 2243 1244 sen-

712 1274 896 1329 tentia:
921 1277 1271 1331 mutationem
1297 1278 1536 1333 indicant
1554 1318 1568 1342 ,
1596 1281 1678 1334 vel
1704 1279 1934 1336 fortasse
1960 1280 2239 1335 melodiam

2348 650 2636 719 ποιήσομαι
2665 646 2763 717 τὴν
2788 647 3036 716 κοίμησιν
3071 646 3163 699 καὶ
3190 646 3285 715 τὴν
3316 643 3623 711 ἀπαλλαγὴν
3652 643 3838 713 τοῦσώ-

2347 756 2512 809 ματος
2530 755 2545 769 ·
2593 732 2650 791 εὖ
2687 736 2742 789 δὲ
2778 735 3013 807 ἀκριϐῶς
3039 737 3361 805 πέπεισμαι,
3389 735 3467 787 ὅτι
3500 734 3616 786 τότε
3646 750 3726 803 μοι
3756 754 3837 788 πα-

2348 829 2531 901 ρέσται
2558 828 2627 882 τὰ
2661 828 2784 898 τέλη
2810 827 2907 897 τῆς
2945 825 3291 898 εὐφροσύνης,
3326 823 3537 879 ἐπειδὰν
3569 826 3600 893 ἡ
3629 824 3837 895 κοίμησίς

2348 937 2413 991 με
2446 918 2721 991 καταλάῦῃ
2751 918 2843 970 xa‘t
2889 919 2918 970 6
2964 917 3102 971 κατὰ
3139 916 3228 971 τὸν
3268 916 3488 969 θάνατον
3530 914 3703 977 ὕπνος.
3732 916 3837 969 πότι

2343 1012 2451 1081 γὰρ
2482 1010 2543 1062 σὺ
2591 1009 2747 1071 αὐτὸς
2784 1010 2833 1072 6,
2865 1008 3073 1078 'dete,
3105 1006 3239 1077 μετὰ
3286 1006 3381 1077 τῆς
3422 994 3629 1074 ἀγαθῆς
3675 1005 3839 1077 ταύτης

2344 1099 2552 1163 ἐλπίδος
2580 1096 2856 1152 ἀναλαόών
2889 1115 2953 1167 με
2983 1098 3268 1158 κατοικιεῖς
3301 1098 3357 1148 ἐν
3399 1098 3513 1157 ταῖς
3546 1096 3840 1164 ἐπουρανίοις

2347 1192 2549 1261 μοναῖς.
2580 1188 2886 1259 Σημείωσαι
2907 1188 2962 1239 δέ
2989 1186 3256 1240 κάνταῦθα
3286 1186 3381 1248 τὰς
3408 1186 3497 1238 ἐπὶ
3527 1189 3633 1248 τοῖς
3661 1186 3843 1254 διαψάλ-

2347 1297 2473 1349 μασι
2511 1278 2806 1341 διαστολὰς,
2839 1280 2952 1348 ἦτοι
2991 1278 3085 1347 τῆς
3125 1277 3353 1339 διανοίας
3396 1277 3539 1329 ἐναλ)
3557 1278 3683 1347 εγὴν
3716 1294 3844 1345 παρι-

713 1376 1060 1430 conversam,
1093 1364 1206 1419 sive
1236 1366 1466 1436 denique
1496 1368 1827 1438 rhythmum.

2346 1370 2571 1433 στώσας,
2594 1371 2626 1440 ἢ
2649 1370 2787 1439 τάχα
2808 1369 3101 1440 μεταϐολὴν
3120 1367 3211 1420 τοῦ
3243 1367 3427 1438 μέλους
3458 1364 3843 1431 ἐναλλάττοντος,

783 1534 1029 1599 Asterius
1057 1542 1234 1590 autem
1260 1537 1478 1590 arianus
1504 1536 1646 1590 hunc
1672 1536 1935 1605 psalmum
1967 1537 2046 1591 sic
2076 1552 2242 1605 expo-

2346 1458 2377 1528 ἤ
2410 1459 2497 1511 τὸν
2534 1458 2753 1529 ῥυθμόν.
3056 1518 3057 1521 η

2414 1549 2487 1619 (1)
2543 1550 2811 1619 Ἀστέριος
2855 1549 2912 1602 δέ
2963 1550 2993 1602 6
3036 1549 3280 1619 ἀρειανὺς
3322 1548 3489 1602 οὕτως
3548 1549 3634 1600 τὸν
3670 1548 3844 1617 ψαλμὸν

715 1624 861 1679 suit:
914 1622 1122 1689 Quare,
1168 1625 1222 1678 in
1262 1624 1413 1692 ﬁnem
1457 1627 1510 1679 in
1547 1625 1778 1695 hymnis,
1825 1625 2115 1695 inscriptus
2157 1627 2244 1680 hic

2346 1632 2663 1711 ἐξηγήσατοέ
2692 1638 2787 1692 Διὰ
2814 1638 2886 1702 τί,
2924 1642 3011 1704 εὶς
3042 1640 3103 1692 τὸ
3138 1640 3307 1705 τέλος
3342 1640 3410 1692 ἐν
3441 1640 3664 1703 ὕπνοις,
3692 1640 3845 1704 ἐπιγέ-

712 1713 951 1783 psalmus
998 1716 1122 1771 est?
1160 1716 1295 1780 Quia
1336 1716 1504 1786 probe
1544 1717 1739 1801 cmpit,
1774 1730 1837 1769 ac
1870 1716 2036 1785 probe
2080 1716 2242 1769 vitam

2346 1748 2582 1801 γραπται
2608 1732 2636 1783 6
2664 1728 2903 1798 ψαλμόςς
2950 1728 3157 1798 Ἐπειδὴ
3192 1728 3368 1792 καλῶς
3397 1731 3493 1798 μὲν
3530 1728 3737 1799 ἤρξατο,
3772 1746 3847 1780 κα-

711 1806 844 1860 obiit
871 1823 884 1860 :
916 1806 996 1860 vel
1015 1847 1030 1871 ,
1055 1806 1182 1876 quia
1208 1806 1347 1861 male
1372 1805 1680 1875 inceperat,
1711 1798 1833 1858 cum
1863 1803 2003 1858 Uria:
2026 1820 2242 1858 uxorem

2346 1798 2451 1882 λίὺς
2468 1820 2523 1872 δὲ
2546 1818 2636 1871 τὸν
2667 1818 2776 1887 βίον
2803 1817 3010 1869 ἐτέλεσε
3028 1833 3040 1847 ’
3065 1817 3097 1887 ἢ
3127 1818 3306 1887 ἐπειδὴ
3331 1819 3508 1881 κακῶς
3538 1819 3632 1889 μὲν
3660 1818 3845 1887 ἡρξατο,

712 1897 1016 1951 abluentem
1057 1912 1116 1952 se
1156 1897 1530 1965 conspicatus,
1582 1895 1685 1963 ipsi
1732 1904 1976 1963 stuprum
2028 1895 2244 1961 intulit;

2348 1910 2623 1979 θεωρήσας
2655 1907 2751 1976 τὴν
2793 1905 2884 1958 τοῦ
2932 1905 3125 1976 Οὐρίου
3176 1910 3421 1974 γυναῖκαν
3444 1907 3726 1977 λουομένην
3775 1904 3847 1957 καὶ

711 1987 847 2043 bene
876 1996 1053 2042 autem
1085 2002 1143 2041 se
1174 1987 1339 2057 gessit
1366 1986 1507 2056 quod
1540 1995 1755 2055 peracta
1793 1986 2105 2056 pmnitenlia
2137 1988 2241 2040 vita

711 2076 929 2131 functus
960 2077 1048 2131 sit.
1083 2075 1342 2145 Ideoque,
1376 2077 1429 2129 in
1457 2076 1766 2146 principium
1800 2077 1853 2129 in
1875 2077 2169 2144 uituperiis,
2192 2079 2245 2129 in

714 2168 869 2236 ﬁnem
905 2168 958 2219 in
995 2168 1194 2237 hymnis
1234 2168 1462 2221 dicatur.
1497 2166 1749 2221 Psalmus
1777 2166 1963 2225 Davidi
1992 2206 2008 2229 ,
2044 2167 2096 2219 id
2127 2176 2244 2229 est,

712 2260 1037 2329 poenitentiae
1089 2274 1285 2329 opera,
1331 2260 1454 2328 quia
1505 2258 1592 2313 ubi
1638 2258 1919 2312 abundauit
1965 2258 2243 2321 delictum,

713 2349 1159 2417 superabundavit
1194 2350 1407 2417 justitia
1452 2351 1520 2406 ⁸¹.
1567 2348 1921 2415 Quamobrem
1968 2350 2082 2403 ait:
2115 2349 2243 2422 Cum

711 2436 1000 2491 invocarem
1024 2439 1285 2492 exaudivit
1312 2455 1389 2492 me
1413 2437 1549 2493 Deus
1563 2439 1788 2507 justitite
1810 2455 1955 2501 mete,
1979 2438 2243 2507 justitiam

712 2542 868 2581 suam
896 2527 1063 2582 David
1095 2529 1459 2597 paenitentiam
1498 2538 1673 2583 vocat.
1708 2527 1853 2582 Vidit
1888 2527 2027 2584 Deus
2057 2544 2245 2584 emun-
2274 2558 2277 2559 ν

713 2614 892 2669 datam
939 2617 1206 2679 animam,
1248 2618 1571 2687 admisitque
1606 2619 1921 2673 orationem.
1965 2618 2089 2674 Sive
2136 2618 2243 2673 for-

712 2712 858 2759 tasse
886 2706 1011 2774 quia
1040 2706 1095 2759 in
1136 2706 1446 2776 praecedenti
1496 2708 1720 2777 psalmo,
1773 2724 1894 2762 cum
1951 2708 2019 2764 ab
2070 2710 2243 2763 Absa~

714 2796 838 2852 Ione
884 2798 1023 2852 bello
1073 2797 1347 2869 impetitus
1397 2798 1639 2870 lugeret,
1672 2796 2030 2856 interveniens
2076 2802 2245 2855 oratio

714 2892 1001 2957 tyrannum
1031 2887 1098 2943 de
1123 2889 1301 2943 medio
1332 2889 1552 2945 sustulit
1578 2907 1592 2955 ;
1626 2904 1722 2943 ceu
1748 2889 2108 2960 interrogatus
2138 2903 2243 2957 qua

712 2978 920 3033 ratione
980 2979 1302 3033 Absalonem
1366 2978 1695 3041 debellarct,
1756 2978 2044 3048 respondet
2093 2979 2245 3032 initia

712 3068 926 3138 psalmi.
961 3068 1113 3122 Sicut
1146 3069 1289 3122 enim
1313 3107 1328 3133 ,
1365 3068 1572 3137 inquit,
1608 3074 1729 3138 post
1760 3073 2037 3139 peccatum
2069 3084 2243 3123 meum

713 3158 856 3213 Deus
886 3159 1033 3212 illum
1066 3157 1349 3213 adversum
1381 3172 1464 3214 me
1504 3158 1811 3222 suscitavit,
1853 3159 1932 3213 sic
1965 3149 2275 3228 poenitenti'

2344 1997 2623 2066 ἐμοίχευσε
2642 2011 2654 2025 ’
2686 1992 2864 2057 καλῶς
2898 1992 2972 2057 δὲ,
3009 1993 3356 2063 μετανοήσας,
3381 1993 3469 2044 τὸν
3500 1992 3609 2060 βίον
3632 1992 3843 2043 ἐτέλεσε·

2343 2087 2428 2140 διὰ
2458 2084 2612 2137 τοῦτο
2635 2068 2720 2149 είς
2746 2082 2860 2150 τὴν
2888 2080 3081 2150 ἀρχὴν
3113 2081 3181 2134 ἐν
3211 2084 3449 2150 ψόγοις,
3489 2083 3575 2146 είς
3602 2082 3666 2133 τὸ
3708 2080 3849 2145 τέλος

2344 2176 2412 2229 ὲν
2437 2166 2661 2244 ὕμνοις.
2690 2172 2932 2242 Ψαλμὸς
2957 2169 3035 2236 τῷ
3078 2169 3253 2224 Δαυῒὸ
3282 2172 3314 2240 ἡ
3344 2169 3536 2240 πρᾶξις
3577 2169 3673 2237 τῆς
3715 2184 3850 2238 μετα-

2344 2267 2487 2329 νοίας
2505 2282 2518 2295 ’
2558 2266 2652 2319 καὶ
2695 2264 2879 2335 ἐπειδὴ
2925 2264 3074 2338 ὅπου
3115 2258 3481 2315 ἐπλεόνασεν
3512 2262 3550 2329 ἠ
3595 2260 3848 2329 ἁμαρτία,

2343 2356 2922 2424 ὑπερεπερίσσευσεν
2966 2356 3005 2422 ή
3041 2354 3406 2418 δικαιοσύνη,
3444 2349 3529 2403 διὰ
3583 2350 3726 2402 τοῦτο
3764 2351 3851 2401 ἐλε-

2343 2465 2461 2518 γεν·
2482 2446 2666 2514 Ἑντῷ
2685 2446 3090 2522 ἐπικαλεῖσθαί
3102 2461 3177 2513 με
3220 2442 3531 2524 εἰσήκουσέ
3559 2460 3667 2495 ιιου
3691 2444 3720 2494 ὀ
3737 2440 3849 2503 Θεὸς

2342 2539 2451 2608 τῆς
2473 2539 2855 2605 δικαιοσύνης
2888 2554 3024 2606 μου.
3072 2534 3417 2604 Δικαιοσύνην
3453 2533 3557 2603 γὰρ
3600 2530 3753 2584 αὑτοῦ
3778 2530 3851 2583 νῦν

2342 2625 2486 2693 λέγει
2524 2628 2551 2679 6
2594 2625 2751 2678 Δαυῒδ
2787 2626 2882 2695 τὴν
2918 2626 3215 2695 μετάνοιαν.
3252 2618 3400 2676 Εἷδεν
3427 2624 3455 2675 6
3504 2620 3632 2684 Θεὸς
3677 2618 3853 2688 καθαρ-

2344 2716 2524 2770 θεῖσαν
2566 2716 2665 2787 τὴν
2703 2715 2873 2785 ψυχὴν
2896 2754 2910 2778 ,
2944 2716 3035 2767 καὶ
3074 2715 3285 2778 ἐδέξατο
3317 2713 3411 2784 τὴν
3463 2712 3772 2783 προσευχήν.
3799 2708 3852 2759 Ἦ

2345 2807 2529 2877 ἐπειδὴ
2561 2810 2619 2860 ἐν
2662 2806 2739 2877 τῷ
2773 2805 2875 2876 πρὸ
2917 2804 3103 2858 τούτου
3133 2803 3328 2874 ᾠαλμῷ
3378 2803 3467 2858 τὸν
3515 2801 3741 2869 διωγμὸν
3784 2798 3855 2851 τὺν

2345 2900 2446 2953 ὑπὸ
2471 2899 2563 2953 τοῦ
2613 2898 2944 2951 Ἀὁεσσαλὼν
2992 2896 3252 2968 ὠδύρετο·
3303 2892 3572 2968 προσευχὴ
3627 2892 3682 2945 δὲ
3730 2906 3856 2963 μεσι-

2345 2990 2580 3044 τεύσασα
2608 2989 2697 3042 τὸν
2743 2989 2997 3059 τύραννον
3025 2987 3261 3040 ἀνεῖλεν·
3293 2986 3366 3047 ὠς
3385 3023 3399 3047 ,
3450 2974 3737 3054 ἐρωτηθεὶς
3760 2980 3855 3040 πῶς

2344 3081 2437 3134 τοῦ
2494 3080 2838 3149 ’Δσεσσαλὼμ
2877 3079 3154 3148 ἐνίκησεν,
3208 3076 3533 3145 ἀπεκρίνατο
3577 3073 3672 3141 τὴν
3709 3070 3853 3141 ἀρχὴν

2345 3171 2435 3225 τοῦ
2466 3171 2696 3242 ψαλμοῦ.
2728 3172 2932 3240 ’ῼσπερ
2962 3167 3088 3238 γὰρ,
3122 3166 3307 3237 φησιν.
3340 3162 3707 3235 ἁμαρτήσαντί
3733 3178 3809 3231 μοι
3833 3162 3857 3211 6

713 3250 995 3303 victoriam
1044 3250 1275 3331 paravit.
1323 3248 1436 3305 Cur
1474 3257 1651 3305 autem
1690 3250 1773 3305 vel
1810 3248 1929 3320 ipso
1960 3240 2242 3304 invocandi

2346 3235 2657 3325 Θεὸς-αὐτὸν
2682 3260 2800 3313 κατ’
2838 3235 3236 3329 ἐμοῦίήλγειρεν,
3278 3253 3449 3318 οὓτως
3502 3252 3856 3322 μετανοήσαντι

715 3345 953 3407 tempore
981 3339 1262 3393 exauditus
1308 3347 1391 3393 est
1440 3337 1649 3395 David?
1692 3337 1830 3405 Quia
1878 3338 2183 3408 increpatus
2210 3351 2245 3391 ο

714 3429 921 3483 Nathan
944 3431 1190 3499 protinus
1220 3429 1287 3484 ad
1321 3430 1689 3499 paenitentiam
1729 3442 1918 3485 versus
1959 3436 2042 3485 est
2069 3448 2080 3483 :
2113 3444 2245 3498 qua-

714 3529 932 3588 propter
958 3534 1080 3573 cum
1109 3528 1439 3589 precaretur,
1468 3519 1644 3575 subito
1670 3520 1954 3574 exauditus
1983 3527 2082 3576 est.
2111 3517 2243 3574 Nam

715 3609 890 3674 Deus,
944 3611 1037 3681 qui
1092 3613 1270 3665 omnia
1306 3627 1622 3689 quacunque
1664 3609 1770 3667 uult
1810 3611 1937 3679 facit
1966 3612 2034 3676 ι’,
2062 3610 2245 3666 statim

713 3701 972 3768 exaudit;
1019 3710 1073 3758 et
1120 3702 1297 3758 adhuc
1346 3703 1601 3773 loquente
1645 3701 1866 3757 homine
1912 3700 2081 3756 dicit:
2113 3700 2246 3755 Ecce

716 3792 901 3845 adsum
932 3793 998 3843 ³³.

782 3963 982 4020 Deinde
1010 3981 1136 4022 vero
1167 3974 1448 4045 postquam
1476 3969 1831 4049 familiaribus
1861 3969 2091 4024 dixisset
2136 3984 2243 4038 quo

718 4064 874 4125 pacto
905 4057 1086 4111 statim
1115 4058 1398 4115 exauditus
1438 4068 1601 4125 esset,
1658 4073 1964 4115 sermonem
1988 4060 2148 4114 vertit
2176 4059 2243 4112 ad

715 4145 901 4211 Deum,
940 4148 1380 4221 .propitiantique
1408 4150 1509 4206 sibi
1540 4150 1740 4220 gratias
1770 4148 1912 4219 agit,
1943 4141 1996 4204 in
2026 4149 2247 4204 tribula-

715 4240 855 4317 tione
908 4238 1151 4294 dilatasti
1191 4241 1338 4293 mihi.
1372 4239 1758 4295 Erumnarum
1802 4239 2020 4306 ﬂuctus,
2049 4240 2243 4311 inquit,
2288 4276 2290 4279 ι

714 4332 993 4400 repentina
1024 4332 1388 4402 tranquillitas
1432 4330 1765 4401 compescuit
1798 4348 1811 4383 :
1844 4331 2089 4401 fameque
2115 4346 2246 4386 con-

716 4412 911 4474 fectum
940 4437 1024 4476 me
1054 4422 1234 4476 fructu
1253 4421 1528 4484 frumenti,
1552 4421 1663 4475 vini
1691 4430 1745 4475 et
1774 4408 1874 4477 olei
1895 4422 2131 4480 dilatasti
2151 4442 2166 4491 ;
2188 4431 2248 4486 ut

717 4529 825 4568 non
880 4514 1027 4568 solus
1063 4529 1197 4584 ego,
1258 4514 1349 4569 sed
1381 4529 1568 4570 omnes
1619 4514 1819 4571 subditi
1874 4516 1977 4570 mei
2005 4531 2065 4571 ea
2092 4517 2247 4588 copia

717 4605 1044 4661 fruerentur.
1073 4598 1427 4671 Quamobrem
1467 4606 1581 4661 haec
1620 4605 1847 4661 inferius
1889 4598 2182 4679 subiungit,
2214 4623 2246 4659 a

717 4696 893 4765 fructu
943 4694 1207 4762 frumenti,
1235 4696 1342 4748 vini
1380 4704 1429 4749 et
1471 4697 1570 4751 olei
1599 4700 1682 4753 sui
1724 4698 2058 4768 multiplicati
2105 4707 2252 4753 sunt:

719 4789 954 4851 illorum,
982 4787 1179 4856 inquit,
1209 4786 1531 4853 abundantia
1560 4790 1740 4845 cordis
1768 4792 1897 4844 mihi
1920 4789 2103 4843 laetitia
2126 4788 2245 4843 fuit.

709 4879 853 4936 lllud
883 4887 1058 4934 autem
1091 4880 1160 4934 ab
1190 4880 1305 4949 ipsa
1334 4880 1559 4936 historia
1591 4882 1902 4939 ediscimus.
1943 4882 2075 4937 Nam
2126 4895 2249 4935 cum

718 4967 859 5021 bello
886 4968 1159 5037 impetitus
1185 4970 1252 5024 ab
1276 4970 1544 5026 Absalone
1575 4970 1782 5042 fugeret
1809 4973 1865 5026 in
1899 4972 2113 5026 deserta
2172 4978 2252 5023 at-

718 5073 824 5127 que
873 5067 1103 5123 montes,
1138 5058 1277 5115 fame
1310 5076 1373 5116 ac
1412 5076 1589 5118 rerum
1626 5063 1867 5131 penuria,
1908 5077 1973 5117 eo
2013 5070 2253 5129 tempore

720 5144 1058 5211 calamitatis.
1095 5150 1379 5208 aiIlictatus
1405 5193 1419 5216 ,
1468 5153 1587 5223 ejus
1633 5154 1911 5223 angustias
1944 5152 2089 5207 Deus
2122 5166 2250 5206 con-

662 5256 665 5257 '
721 5238 945 5295 solatur.
981 5239 1191 5297 Primus
1222 5244 1362 5297 enim
1395 5242 1648 5310 Siha,.ex
1679 5244 1839 5298 domo
1872 5227 2049 5298 Saulis
2074 5242 2249 5295 famu-

721 5330 827 5392 lus,
857 5330 1032 5384 attulit
1061 5330 1159 5401 ipsi
1183 5347 1349 5402 panes
1377 5334 1657 5398 ducentos,
1684 5318 1890 5397 vinum,
1923 5332 2167 5403 palatbas
2197 5341 2243 5386 et

711 5413 854 5472 'uvas
877 5434 1067 5489 passas
1100 5439 1114 5474 :
1184 5428 1365 5491 postea
1395 5437 1522 5477 vero
1567 5420 1789 5477 Berzelli
1822 5419 2128 5476 Galaadites
2156 5420 2250 5475 oh-

2343 3352 2438 3424 τὴν
2472 3353 2587 3406 κατ’
2625 3349 2785 3404 αὐτοῦ
2818 3349 3119 3420 ἐδωρήσατο
3150 3346 3322 3416 νίκην.
3368 3342 3463 3396 Διὰ
3493 3342 3545 3394 τί
3566 3341 3610 3395 δ’
3648 3342 3705 3393 ἐν
3733 3336 3857 3406 αὐτῷ

2342 3441 2419 3511 τῷ
2443 3438 2806 3493 ἐπικαλεῖσθαι
2829 3435 3149 3507 εἰσηκούσθη
3178 3436 3205 3489 6
3234 3433 3423 3498 Δαυτδς
3469 3429 3699 3501 Ἐπειδὴ,
3730 3428 3858 3493 ἐλεγ-

2344 3531 2562 3602 χόμενος
2596 3530 2698 3583 ὑπὸ
2724 3529 2816 3581 τοῦ
2861 3527 3063 3592 Νάθαν,
3086 3524 3244 3588 εὐθὺς
3274 3526 3351 3586 είς
3397 3522 3676 3602 μετάνοιαν
3715 3518 3859 3586 ἐκάμ-

2344 3598 2471 3691 ᾧθή,
2501 3619 2589 3673 διὰ
2615 3616 2769 3672 τοῦτο
2806 3617 2960 3678 εὐθὺς
3004 3614 3426 3686 προσευχόμενος
3451 3598 3782 3681 εἰσηκούσθη.
3813 3606 3859 3657 Ὁ

2334 3712 2450 3782 ’γὰρ
2468 3709 2659 3763 πάντα
2679 3707 2863 3762 ποιῶν
2885 3707 2998 3760 ὅσα
3019 3705 3320 3767 βούλεται,
3344 3702 3373 3752 6
3388 3701 3538 3764 Θεὸς,
3555 3699 3858 3751 {indicauerat

2343 3800 2677 3872 παραχρῆμα
2699 3838 2712 3862 ,
2743 3793 2849 3849 καῖ
2868 3796 2946 3847 ἐτι
2979 3791 3256 3854 λαλοῦντος
3298 3792 3413 3861 ἐρεῖ
3451 3792 3481 3842 6
3522 3788 3654 3851 Θεός
3674 3804 3689 3818 ·
3734 3784 3858 3840 Ἰδοὺ

2348 3884 2596 3953 πάρειμι.

2412 3970 2544 4026 Εἶτα
2570 3971 2798 4044 εἰρηκὼς
2835 3973 2946 4034 τοῖς
2986 3969 3209 4041 πλησίον
3248 3968 3395 4029 ὅπως
3424 3966 3609 4035 τάχιον
3636 3959 3862 4033 εἰσηκού-

2347 4063 2467 4134 σθη,
2498 4062 2686 4135 τρέπει
2728 4062 2817 4114 τὸν
2858 4061 3010 4129 λόγον
3060 4045 3193 4130 πρὸς
3220 4058 3317 4111 τὸν
3333 4055 3481 4121 Θεὸν,
3516 4055 3610 4107 καὶ
3635 4054 3713 4124 τῷ
3738 4053 3863 4105 εἰσα-

2345 4142 2597 4208 κούσαντι
2648 4153 2979 4223 εὐχαριστεῖ⁶
3039 4152 3134 4204 Ἐν
3174 4136 3372 4218 θλίψει
3405 4146 3741 4209 ἐπλάτυνὰς
3755 4159 3859 4211 μοι.

2345 4245 2425 4297 Τὰ
2444 4244 2657 4314 κύματα
2678 4242 2783 4296 τῶν
2794 4242 3042 4312 θλίψεων,
3067 4241 3245 4310 φησιν,
3275 4241 3308 4309 ή
3338 4241 3522 4309 ταχεῖα
3550 4237 3752 4305 γαλήνη
3772 4231 3861 4285 διὲο

2344 4335 2489 4397 λυσε,
2510 4334 2600 4387 καί
2621 4332 2759 4404 λιμῷ
2791 4351 2856 4404 με
2906 4332 3200 4402 τηκόμενον
3238 4328 3344 4383 ἀπὸ
3375 4325 3583 4397 καρποῦ
3618 4324 3760 4377 σίτου
3790 4320 3863 4373 καὶ

2344 4425 2481 4478 οίνου
2506 4423 2597 4475 καὶ
2624 4424 2798 4476 ἐλαίου
2827 4422 3158 4483 ἐπλούτισας,
3188 4420 3261 4481 ὼς
3301 4417 3372 4488 μὴ
3408 4416 3561 4485 μόνον
3603 4416 3721 4484 ἐμὲ,
3752 4409 3864 4463 ἀλλὰ

2346 4514 2437 4568 καὶ
2461 4514 2664 4576 πάντας
2693 4512 2814 4574 τοὺς
2840 4512 2931 4563 ὑπ’
2954 4510 3051 4581 ἐμὲ
3072 4506 3385 4563 ἀπολαῦσαι.
3412 4504 3500 4555 Διὸ
3528 4498 3861 4557 ὑπωκαταὸὰς

2279 4571 2323 4627 D
2350 4603 2547 4670 ἔλεγεν·
2587 4571 2727 4657 Ἀπὸ
2778 4571 3002 4670 iamet}
3039 4600 3208 4655 σίτου
3237 4596 3332 4649 καὶ
3364 4595 3530 4648 οινου
3558 4594 3653 4645 καὶ
3683 4592 3862 4644 ἐλαίου

2351 4694 2542 4749 αὐτῶν
2567 4693 3041 4761 ἐπληθύνθησαν.
3078 4690 3142 4742 Ἦ
3172 4688 3389 4743 ἐκείνων
3417 4685 3663 4755 συνουσία
3693 4684 3859 4750 εὐφροη
3922 4694 3923 4761 ἐ

2356 4786 2485 4857 σύνη
2512 4786 2730 4856 καρδίας
2765 4801 2853 4854 μοι
2875 4777 3308 4851 γέγονενητοῦτο
3348 4776 3402 4829 δὲ
3434 4774 3765 4846 μανθάνομεν
3788 4769 3863 4821 ἀπ’
3922 4768 3923 4781 ‘

2350 4877 2517 4946 αὐτῆς
2546 4876 2641 4946 τῆς
2676 4874 2929 4946 ἱστορίας.
2952 4874 3077 4929 Ὀτε
3093 4870 3197 4941 γὰρ
3231 4867 3627 4937 πολεμούμενος
3654 4866 3752 4917 ὑπὸ
3788 4860 3863 4913 τοῦ
3922 4864 3923 4917 Ι

2363 4959 2706 5036 Ἀὅεσσαλὼμ
2728 4966 2919 5034 ἔφυγεν
2944 4966 3000 5016 ἐν
3035 4964 3151 5023 ταῖς
3174 4960 3395 5029 ἐρήμοις
3422 4956 3513 5010 καὶ
3538 4959 3595 5008 ἐν
3626 4958 3733 5017 τοῖς
3764 4956 3863 5021 δρία

2355 5077 2457 5122 σιν,
2485 5057 2624 5128 λιμῷ
2647 5059 2738 5110 καὶ
2758 5057 2970 5127 ἀνάγκῃ
3001 5052 3075 5115 ὡς
3106 5052 3163 5104 ὲν
3190 5047 3406 5119 διωγμῷ
3433 5046 3739 5118 ἐκρατήθη·
3922 5062 3923 5119 ί

2355 5151 2381 5201 ὁ
2403 5149 2533 5212 Θεὸς
2573 5147 2735 5202 αὑτοῦ
2776 5148 2872 5218 τὴν
2910 5143 3145 5211 ἀνάγκην
3185 5138 3622 5209 παρεμυθήσατο.
3674 5136 3864 5206 Πρῶτος

2344 5238 2459 5308 ,γὰρ
2484 5239 2512 5290 6
2535 5237 2663 5291 Σίϐα
2691 5240 2719 5291 6
2748 5238 2811 5290 ἐκ
2855 5234 2947 5287 τοῦ
2989 5232 3134 5285 οῐκου
3164 5230 3256 5283 τοῦ
3282 5227 3449 5281 Σαοὺλ
3490 5230 3718 5297 ἧνεγκεν
3744 5221 3864 5287 αὐτῷ
3922 5230 3923 5235 ‘

2357 5329 2543 5397 ἄρτους
2562 5327 2878 5390 διακοσίους,
2915 5323 3007 5377 καὶ⁵
3040 5318 3174 5375 οἶνον
3203 5323 3292 5373 καὶ
3317 5318 3559 5382 παλάθας
3592 5320 3687 5372 καὶ
3707 5310 3866 5379 σταφί-

2353 5421 2448 5484 δας
2471 5438 2482 5450 ·
2534 5416 2648 5474 εἶτα
2686 5417 2820 5489 μετὰ
2869 5414 3053 5468 τοῦτον
3088 5413 3333 5484 Βερζελλὶ
3359 5416 3387 5466 ὁ
3416 5410 3762 5479 Γαλααδίτης,
3792 5402 3865 5457 καὶ

791 5597 832 5628 ⁸¹
876 5596 1028 5655 Rom.
1065 5618 1129 5668 ν,
1165 5602 1251 5657 20.
1328 5604 1372 5635 "
1412 5602 1553 5661 Psal.
1580 5565 1750 5665 chm,
1784 5600 1836 5655 3.
1911 5600 1957 5631 ⁸⁸
1993 5598 2095 5655 lsa.
2132 5615 2287 5663 Lvm,
2322 5598 2374 5653 9.

785 5772 874 5845 (4)
909 5756 1028 5832 Ηώς
1070 5775 1119 5830 in
1143 5777 1327 5833 codice
1360 5775 1677 5834 Taurincnsi
1709 5776 1775 5832 ab
1812 5791 2137 5833 amanuense
2158 5777 2411 5842 adjuncta
2451 5780 2598 5838 sunt,
2633 5788 2731 5829 nec
2754 5770 3014 5826 habentur
3045 5766 3097 5821 in
3122 5765 3241 5820 aliis
3273 5777 3401 5819 mss.
3433 5794 3446 5814 .
