3956 6340
106 414 190 467 us
1170 408 1663 487 COMMENTARlA
1700 408 1765 462 11v
1802 408 2135 465 PSALMOS.

3138 404 3237 461 ιιι

102 521 238 585 αὐτὸς
255 520 390 592 αὐτῷ
413 524 744 593 προσήνεγκε
771 494 899 576 δέκα
920 522 1118 584 κοίτας,
1141 522 1226 575 ἵνα
1247 522 1318 592 μὴ
1344 524 1602 592 χαμευνῇ,

1712 523 1833 575 ιιιίίι
1862 524 1961 593 ipsi
1990 522 2172 578 decem
2198 522 2366 578 lectos
2400 537 2465 577 ne
2491 521 2635 577 humi
2668 521 2920 587 cubaret,
2947 533 3000 577 et
3032 520 3238 592 amphi-

105 615 183 667 atal
205 614 591 683 άμφιτάπητας,
626 614 748 675 τοὺς
793 612 1151 681 καλουμένους
1186 611 1279 665 νῦν
1304 612 1604 682 τυλοτάπη-

106 722 202 758 τας.
227 705 309 757 καὶ
332 702 467 756 οἴνου
501 703 737 775 κεράμια
787 704 879 755 καὶ
918 704 1120 773 πυροὺς
1156 705 1246 757 καὶ
1284 703 1475 775 κριθάς
1513 704 1605 758 καὶ

107 808 298 851 αλευρον
323 795 409 846 καὶ
430 792 635 863 κύαμον
650 794 742 845 καὶ
769 793 952 861 φακὸν,
970 794 1063 845 καὶ
1086 793 1202 864 μέλι
1226 795 1317 847 καὶ
1335 793 1603 865 βούτυρον,

108 884 446 947 καὶποόὸατα,
503 884 595 937 καὶ
632 882 905 953 γαλαθηνὰ
948 884 1229 953 μοσχάριαο
1266 883 1607 953 Εὐχάριστῶν

106 972 180 1029 οὖν
202 977 280 1026 ὲπί
299 972 495 1036 τούτοις
521 973 679 1044 φησίν
696 991 709 1004 ’
757 974 856 1028 Ἐν
894 974 1088 1041 θλίψει
1116 973 1454 1039 emititur-dc
1486 991 1603 1042 μοι.

164 1063 218 1114 Τί
246 1064 313 1125 δὲ,
360 1061 527 1128 λέγων
570 1062 939 1132 εἰσηκούσθην,
972 1062 1044 1131 μὴ
1092 1061 1294 1131 μακρὸν
1325 1062 1607 1127 κατέτονας

106 1153 266 1219 λόγον;
292 1152 377 1221 Μὴ
405 1151 608 1205 πλατὺν
636 1150 905 1221 ὀνομάτων
934 1149 1026 1203 καὶ
1060 1148 1314 1220 ῥημάτων
1343 1149 1606 1221 κατέγρα-

105 1245 191 1313 ψας
208 1242 418 1299 πίνακας
443 1242 723 1312 υύδαμῶς,
755 1241 914 1311 φησὶν
939 1243 967 1294 ὀ
992 1242 1146 1294 Δαυῖδ
1165 1259 1177 1273 ·
1211 1243 1269 1295 ού
1298 1242 1404 1313 γάρ
1422 1242 1609 1314 χρῄζει

109 1335 383 1397 πολυλογίας
412 1340 440 1383 ο
469 1334 618 1398 Θεὸς,
660 1333 689 1383 ὁ
724 1332 813 1385 καὶ
844 1332 985 1403 μόνῳ
1020 1332 1300 1405 στεναγμῷ
1340 1334 1607 1405 ἀρκούμεο

109 1445 194 1489 νος.
221 1425 372 1479 Τοῦτο
398 1427 553 1487 μόνον
584 1424 764 1491 ἔλεγον
800 1426 1227 1495 προσευχόμενος
1248 1443 1261 1455 ·
1320 1427 1608 1494 οἰκτείρη-

107 1534 216 1579 σον,
247 1517 335 1569 καὶ
372 1518 733 1569 εἰσάκουσον
768 1515 877 1583 τῆς
907 1514 1245 1583 προσευχῆς
1281 1533 1417 1585 μου.
1456 1516 1610 1569 Εἴποι

106 1606 320 1659 δὲταῦτα
350 1622 438 1657 και
469 1624 496 1656 o
528 1604 723 1674 λῃστὴς
765 1606 822 1657 έν
855 1588 941 1674 τῷ
974 1603 1183 1676 σταυρῷ
1214 1604 1347 1673 πρὸς
1373 1604 1462 1657 τὸν
1498 1605 1609 1657 Κύ-

110 1715 223 1767 ριοϊ
249 1696 403 1749 εἰπὼν
448 1697 555 1762 γάρ
603 1697 695 1749 καὶ
746 1696 1197 1767 ἐπικαλεσάμενος
1241 1697 1298 1748 ὲν
1344 1699 1406 1766 τῇ
1450 1696 1610 1754 αὐτοῦ

108 1786 278 1854 θλίψει·
334 1785 645 1853 Μνήσθητί
668 1804 807 1855 μου,
849 1789 1037 1854 Κύριε,
1073 1787 1216 1842 ὅταν
1244 1788 1423 1854 ἔλθῃς
1443 1787 1513 1841 ἐν
1539 1786 1611 1854 τῇ

1706 613 1904 680 tapetia
1936 627 2058 685 quae
2085 612 2195 681 jam
2246 613 2559 683 tylotapetia
2610 619 2870 666 vocantur
2901 650 2915 674 ,
2950 611 3060 664 vini
3113 623 3239 663 vasa

1710 704 1910 775 ﬁglina,
1946 703 2293 767 frumentum,
2342 703 2639 767 hordeum,
2688 702 2936 767 farinam,
2984 699 3135 756 fabas
3188 706 3242 754 et

1707 797 1901 859 lentes,
1934 797 2038 850 mel
2058 804 2111 849 et
2140 796 2412 866 butyrum,
2473 811 2599 850 oves
2620 803 2672 849 et
2696 796 2896 849 lacteos
2916 791 3132 846 vitulos.
3168 792 3240 847 De

1706 888 1791 943 his
1826 890 2004 958 itaque
2025 887 2223 957 gratias
2249 902 2411 958 agens
2430 887 2525 952 ait,
2552 888 2605 939 in
2622 884 2949 939 tribulatione
3003 883 3242 937 dilatasti

1709 977 1855 1031 mihi.

1776 1069 1888 1124 Cur
1916 1061 2094 1123 autem
2122 1083 2244 1122 cum
2270 1075 2321 1120 te
2348 1066 2657 1120 exauditum
2689 1066 2790 1129 ais,
2820 1079 2925 1118 non
2973 1062 3239 1133 prolixum

1708 1171 2016 1212 sermonem
2072 1153 2442 1210 contexuisti?
2487 1154 2662 1219 Quare
2690 1168 2796 1207 non
2834 1154 3043 1222 longam
3071 1151 3240 1204 nomi-

1708 1261 1835 1299 num
1866 1247 2259 1316 verborumque
2290 1246 2535 1315 paginam
2579 1244 2854 1299 exarasti?
2905 1242 3239 1305 Nullatenus,

1712 1337 1885 1407 inquit
1921 1328 2085 1393 David
2119 1382 2133 1405 ,
2158 1353 2332 1407 neque
2356 1339 2525 1392 multo
2552 1351 2797 1393 sermone
2836 1351 2971 1406 opus
3003 1334 3110 1389 Deo
3139 1340 3241 1398 est,

1708 1430 1797 1481 cui
1846 1429 1929 1483 vel
1974 1430 2124 1484 solus
2154 1432 2381 1494 gemitus
2428 1430 2498 1483 sit
2527 1429 2680 1494 .salis
2718 1446 2729 1481 :
2776 1427 2907 1481 illud
2955 1434 3157 1480 tantum
3191 1429 3243 1479 in

1712 1518 1957 1573 oratione
1970 1517 2101 1581 dixi,
2123 1514 2363 1572 Miserere
2397 1520 2515 1582 mei,
2545 1528 2591 1570 et
2617 1517 2809 1570 exaudi
2836 1517 3117 1570 orationem
3135 1532 3241 1569 me-

1710 1626 1817 1663 am.
1860 1608 1994 1663 lllud
2028 1611 2188 1663 etiam
2216 1609 2440 1663 Domino
2485 1609 2683 1663 dixerit
2712 1608 2767 1661 in
2800 1624 2961 1662 cruce
3007 1608 3245 1676 pendens

1715 1704 1874 1768 latro,
1908 1703 2001 1772 qui
2029 1703 2081 1756 in
2115 1702 2357 1755 cruciatu
2388 1702 2561 1771 ipsum
2601 1699 2865 1754 invocavit
2907 1700 2992 1754 bis
3018 1700 3196 1753 verbis
3229 1715 3241 1749 :

1715 1794 1973 1849 Memento
1988 1794 2106 1857 mei,
2127 1793 2361 1857 Domine,
2379 1810 2493 1846 cum
2509 1794 2701 1846 veneris
2717 1794 2769 1846 in
2792 1808 2995 1862 regnum
3020 1799 3161 1845 tuum
3179 1793 3244 1847 “.

108 1874 349 1940 ϐασιλείᾳ
394 1890 527 1927 σου.
584 1874 924 1945 εἰσηκούσθη,
968 1877 1061 1928 καὶ
1110 1875 1227 1929 ἀντὶ
1258 1874 1484 1945 σταυροῦ
1523 1874 1612 1927 τὸν

1712 1883 1761 1939 Is
1794 1885 1920 1939 item
1980 1885 2263 1939 exauditus
2291 1892 2409 1947 est,
2442 1898 2503 1937 ac
2535 1884 2711 1939 crucis
2760 1883 2879 1938 loco
2938 1883 3244 1952 paradisum

110 1964 393 2035 παράδεισον
422 1962 623 2029 ὢκησε,
654 1966 745 2018 καὶ
776 1964 992 2033 πολίτης
1020 1965 1207 2033 γέγονε
1242 1964 1334 2018 τοῦ
1363 1964 1607 2036 ούρανοῦ.

108 2057 247 2118 Αὐτὸς
272 2056 360 2108 καὶ
391 2055 525 2122 πρὸς
568 2056 691 2117 τοὺς
742 2055 1017 2117 Ἰουδαίους
1042 2054 1288 2124 βοήσεται
1308 2072 1320 2085 ο
1368 2056 1482 2108 Υἱοὶ
1508 2057 1611 2110 ἀν·
1646 2056 1654 2065 ’

110 2146 333 2211 θρώπων,
351 2145 457 2210 ἕως
472 2146 615 2198 πότε
622 2143 1001 2213 βαρυκάρδιοι
1018 2160 1035 2207 ;
1061 2142 1319 2197 θεάσασθε
1332 2144 1427 2213 τὴν
1441 2145 1611 2196 κτίσιν

107 2238 168 2307 τῷ
183 2239 353 2309 κτίστῃ
381 2256 444 2291 συ
453 2238 818 2309 μπάσχουσαν.
838 2237 921 2298 Εἰ,
943 2236 1032 2287 τὸν
1049 2234 1293 2306 Λάζαρον
1320 2240 1513 2307 τετραή
1522 2253 1615 2306 με-

112 2349 181 2398 ρον
198 2330 290 2383 άπὺ
305 2330 393 2381 τοῦ
412 2330 581 2396 τάφου
603 2327 857 2397 τρέχοντα
880 2322 1089 2391 ἰδόντες,
1120 2327 1219 2379 οὐκ
1245 2328 1611 2391 ἐπιστεύσατε,

108 2418 183 2469 νῦν
210 2416 325 2484 γοῦν
354 2416 760 2487 προσκυνήσατε
791 2414 882 2467 τοῦ
914 2415 1316 2485 Σταυρωθέντος
1338 2416 1432 2486 τὴν
1456 2416 1612 2469 δύνα-

112 2524 217 2576 μιν·
246 2508 458 2573 νεκροὺς
506 2506 537 2557 ὁ
588 2506 803 2575 σεισμὸς
854 2504 1161 2574 ἀνέστησεν,
1206 2505 1300 2559 καὶ
1345 2507 1500 2576 ὑμεῖς
1548 2509 1612 2577 τῇ

108 2598 299 2659 ἀπιστία
324 2596 628 2651 καθεύδετε.
686 2596 784 2649 Διὰ
822 2598 873 2649 τί
911 2597 1283 2669 βαρυκάρδιοι;
1318 2598 1484 2651 Τοῦτο
1518 2599 1615 2668 μὲν

108 2689 177 2740 διὰ
195 2689 245 2741 τι
265 2687 332 2759 μὴ
356 2689 714 2758 κατανυγῆναι
738 2690 848 2752 τοῖς
873 2686 1157 2757 θαύμασιν,
1194 2669 1423 2741 τοῦτοδὲ
1439 2689 1525 2742 διὰ
1554 2690 1615 2743 τὸ

110 2777 157 2841 ἐξ
182 2778 466 2847 ἀφροσύνης
508 2778 712 2848 βαρέως
762 2780 899 2833 κατὰ
924 2780 1016 2832 τοῦ
1048 2779 1278 2852 Χριστοῦ
1316 2780 1611 2851 ὀργίζεσθε.

111 2872 297 2939 Μάρτυς
326 2874 357 2941 ἡ
382 2871 568 2942 Γραφὴ
588 2871 811 2925 εἰποῦσα
830 2888 844 2902 ”
880 2870 1036 2939 Rapit
1067 2872 1233 2937 λίθος
1261 2870 1358 2924 καί
1395 2870 1616 2925 δυσϐά-

112 2977 331 3026 στακτος
373 2960 585 3030 ἄμμος·
622 2960 763 3030 ὀργὴ
790 2960 855 3014 δὲ
889 2962 1143 3031 ἄφρονος
1177 2961 1502 3031 ,βαρυτέρα-
1536 2962 1615 3014 ὅτι

111 3055 209 3102 οὒτε
250 3051 488 3123 νουθεσίᾳ
541 3052 805 3117 θέλγεται,
834 3054 923 3105 καὶ
965 3051 1211 3123 θαύματα
1234 3052 1443 3121 βλέπων
1469 3048 1616 3121 ὀργί-

110 3139 251 3199 ζεται.

1713 1974 1921 2038 incolit,
1954 1980 2113 2043 atque
2146 1975 2288 2027 inter
2317 1976 2460 2029 cives
2488 1976 2611 2028 caeli
2652 1974 2939 2043 ascriptus,
2974 1974 3052 2029 sic
3072 1971 3246 2026 Judte-

1713 2079 1775 2117 os
1806 2062 2048 2116 clamans
2096 2062 2435 2129 compellabit
2465 2080 2476 2114 :
2519 2059 2649 2113 Filii
2676 2060 2960 2126 hominum,
2988 2074 3245 2128 usquequo

1714 2153 1859 2224 gravi
1885 2151 2058 2216 corde,
2084 2166 2171 2206 res
2196 2158 2407 2206 creatas
2433 2150 2744 2220 conspicitis
2774 2150 3018 2205 Creatori
3047 2150 3246 2204 condo-

1714 2242 1921 2298 lentcs?
1950 2242 2006 2296 Si
2035 2242 2451 2312 quatriduanum
2488 2239 2747 2293 Lazarum
2780 2253 2811 2294 e
2851 2239 3097 2308 sepulcro
3122 2254 3247 2293 cur-

1711 2341 1914 2384 rentem
1939 2346 2059 2384 cum
2081 2330 2352 2394 videretis,
2379 2317 2490 2385 non
2517 2328 2839 2392 credidistis,
2877 2338 2930 2381 at
2968 2342 3109 2382 nunc
3138 2330 3245 2381 sal-

1712 2427 1819 2474 tem
1854 2420 2107 2475 Crucilixi
2142 2427 2455 2491 potestatem
2510 2419 2728 2474 adoiate
2756 2438 2769 2474 :
2796 2426 3036 2474 mortuos
3088 2426 3245 2472 terra:

1712 2515 1891 2563 motus
1925 2508 2197 2573 excitavit,
2234 2517 2284 2563 et
2308 2524 2403 2563 vos
2432 2509 2484 2561 in
2518 2509 2827 2563 inlidelitate
2852 2516 3029 2562 vestra
3044 2506 3245 2560 dormi-

1716 2601 1805 2652 tis.
1832 2598 2007 2665 Quare
2025 2599 2172 2668 gravi
2200 2599 2361 2652 corde
2383 2600 2590 2668 praediti
2619 2600 2642 2652 ?
2672 2600 2891 2654 Scilicet
2913 2600 3036 2668 quia
3064 2600 3243 2654 obmi-

1712 2690 1905 2744 rabilia
1948 2699 2096 2759 gesta
2124 2704 2232 2742 non
2266 2690 2685 2758 compungimini
2724 2707 2738 2755 ;
2785 2689 2895 2743 sive
2921 2704 2984 2743 ex
3018 2680 3245 2744 stultitia

1710 2779 1943 2849 graviter
1958 2758 2181 2834 Christo
2201 2758 2553 2834 succensetis.
2579 2776 2814 2848 Hujusce
2861 2778 2937 2831 rei
2978 2778 3131 2831 testis
3161 2785 3246 2833 est

1715 2869 1993 2941 Scriptura
2026 2886 2145 2940 qua:
2176 2872 2254 2927 sic
2286 2870 2443 2925 habet
2472 2889 2484 2924 :
2519 2868 2683 2924 Grave
2712 2879 2789 2923 est
2817 2884 3021 2935 saxum,
3048 2878 3094 2922 et
3123 2886 3244 2923 one-

1713 2979 1836 3017 rosa
1880 2980 2041 3017 arena
2071 2981 2088 3017 :
2114 2962 2201 3018 sed
2238 2964 2321 3016 ira
2348 2962 2495 3017 stulti
2524 2963 2733 3027 grauior
2775 2962 2864 3026 ⁵⁵;
2902 2960 3027 3030 quia
3072 2954 3244 3031 neque

1716 3055 1935 3109 monitis
1963 3055 2215 3119 allicitur,
2242 3062 2295 3109 et
2324 3055 2587 3108 miracula
2611 3068 2732 3107 cum
2756 3052 2917 3114 videt,
2951 3052 3082 3105 iram
3113 3042 3242 3107 c6..-

1715 3141 1865 3213 cipit.

170 3257 272 3309 "Ira
301 3257 355 3308 τί
396 3253 657 3324 ἀγαπᾶτε
681 3256 1053 3324 ματαιότητα,
1087 3254 1177 3308 τὸν
1202 3252 1487 3325 Βαραδδάν
1519 3252 1611 3307 τοῦ

1787 3252 1854 3308 Ut
1870 3255 1991 3325 quid
2010 3253 2227 3323 diligitis
2259 3254 2537 3307 vanitatem
2562 3256 2686 3322 ;qui
2718 3255 3008 3310 Barabbam
3028 3255 3241 3310 Christo

112 3346 309 3414 Χριστοῦ
353 3348 800 3416 προτιμήσαντες,
846 3346 935 3398 τὸν
979 3346 1141 3413 φονέα
1191 3345 1329 3416 ὑπὲρ
1367 3345 1456 3399 τὸν
1483 3343 1613 3408 ζωο-

1712 3345 2039 3414 praatulistis,
2057 3343 2377 3398 homicidam
2394 3347 2515 3398 vitae
2530 3346 2754 3407 auctori,
2778 3360 2998 3414 regnum
3019 3344 3244 3399 Caesaris

111 3436 234 3487 ποιὸν
258 3474 275 3496 ,
294 3435 385 3505 τὴν
414 3436 684 3505 βασιλείαν
734 3434 825 3488 τοῦ
865 3436 1136 3505 Καίσαρος
1176 3434 1440 3505 ὑπὲρίτὴν
1463 3434 1613 3504 βασιο

113 3526 234 3577 λείαν
260 3526 356 3577 τῶν
385 3527 644 3596 οὐρανῶν,
676 3528 773 3597 τὴν
814 3526 1080 3596 ἁμαρτίαν
1108 3525 1207 3597 τὴν
1235 3524 1415 3595 άμμου
1444 3543 1615 3595 παρα-

114 3612 209 3675 λίας
234 3613 521 3686 βαρυτέραν
552 3616 688 3686 ὑπὲρ
706 3616 801 3686 τὴν
833 3615 1190 3685 δικαιοσύνην,
1226 3616 1292 3667 τὰ
1313 3616 1617 3685 πρόσκαιρα

116 3705 228 3775 ὑπὲρ
251 3706 314 3758 τά
358 3704 567 3768 αἰώνια,
613 3706 717 3778 τὴν
744 3706 945 3776 φθοράν
988 3706 1127 3777 ὑπὲρ
1156 3706 1253 3775 τὴν
1285 3702 1613 3773 άφθαρσίαν;

123 3796 254 3849 Ἀλλά
274 3798 400 3868 πρδς
411 3798 617 3860 τούτοις
639 3799 731 3852 καὶ
762 3784 1014 3867 ζήτεῖσθδ
1036 3796 1278 3866 ψεῦδος,
1316 3794 1617 3866 ψευδομάρ-

115 3904 251 3957 τυρας
299 3888 641 3957 ἐξωνούμενοι
694 3888 833 3943 κατὰ
900 3889 998 3957 τῆς
1043 3887 1285 3958 ἱληθείας
1335 3884 1612 3952 λέγοντας·

121 3978 303 4029 Τοῦτον
324 3977 569 4043 εὕρομεν
611 3976 1035 4046 διαστρέφοντα
1074 3976 1139 4030 τὸ
1170 3976 1360 4041 ἔθνος,
1391 3974 1616 4030 καίκω-

115 4068 303 4118 λύοντα
324 4065 399 4130 τῷ
422 4067 670 4132 Καίσαρι
698 4068 881 4134 φόρον
916 4066 1157 4121 διδόναι.
1205 4065 1484 4119 Ἀνασείει
1515 4064 1620 4117 τὸν

116 4155 239 4206 λαὸν
267 4152 576 4207 διδάσκων.
605 4156 673 4207 Εἰ
696 4155 781 4222 μὴ
818 4151 895 4223 ἦν
925 4151 1098 4221 οὗτος
1138 4152 1470 4218 κακοποιὸς,
1510 4156 1619 4206 οὐκ

118 4244 178 4293 ἄν
202 4259 288 4296 σοι
312 4242 722 4312 παρεδώκαμεν
751 4246 949 4310 αὐτόν.
974 4246 1083 4297 Καὶ
1118 4244 1170 4297 τί
1201 4242 1617 4313 ὲκακοποίησεν;

120 4334 182 4385 ὅτι
200 4332 464 4396 νοσοῦντας
508 4328 711 4398 ἰάσατο,
741 4335 820 4387 ὅτι
862 4336 1116 4406 δαίμονας
1141 4334 1516 4403 ἐφυγάδευσεν,
1541 4336 1621 4388 ὅτι

122 4424 309 4494 νεκροὺς
361 4424 615 4493 ἡγειρεν,
656 4424 735 4477 ὅτι
775 4425 838 4479 ὲκ
893 4426 1050 4479 πέντε
1092 4424 1268 4495 ἄρτων
1312 4423 1622 4495 ἰσαρίθμους

1714 3450 1875 3504 regno
1888 3434 2168 3497 cmlorum,
2189 3443 2463 3503 peccatum
2482 3449 2641 3489 arena
2657 3436 2822 3489 maris
2849 3434 3065 3504 gravius
3093 3434 3248 3503 justi-

1713 3524 1819 3586 tiae,
1869 3528 2211 3589 temporanea
2256 3521 2491 3582 azternis,
2525 3521 2921 3588 corruptionem
2970 3520 3248 3587 incorrup«

1712 3610 1871 3681 ιίοιιίἳ⁴
1880 3607 1985 3665 Sed
1996 3618 2048 3664 et
2060 3610 2274 3681 insuper
2286 3611 2515 3681 quaeritis
2532 3609 2873 3670 mendacium,
2889 3608 3155 3678 falsosque
3169 3613 3248 3661 te-

1713 3709 1822 3755 stes
1842 3708 2029 3754 contra
2046 3702 2323 3755 veritatem
2358 3700 2656 3755 conducitis
2674 3699 2784 3752 haec
2798 3693 3036 3751 dicentes
3061 3717 3072 3749 :
3095 3696 3247 3750 Hunc

1713 3788 1996 3842 invenimus
2057 3787 2425 3842 subvertentem
2480 3784 2746 3854 populum,
2802 3789 2851 3835 et
2900 3780 3247 3850 prohibentem

1716 3878 1911 3931 tributa
1931 3877 2059 3931 dare
2087 3875 2309 3932 Ccsari.
2364 3873 2658 3929 Commovet
2696 3871 2940 3943 populum
2967 3870 3151 3925 docens
3178 3872 3244 3924 ".

1716 3968 1838 4023 Nisi
1872 3977 2003 4023 esset
2030 3968 2110 4020 hic
2133 3965 2296 4034 malef
2296 3974 2461 4028 actor,
2486 3980 2588 4017 non
2606 3962 2697 4017 tibi
2720 3962 3116 4017 tradidissemus
3132 3975 3248 4013 eum

1715 4062 1782 4115 ⁸⁷.
1810 4060 1950 4130 Quid
1978 4068 2157 4113 autem
2195 4057 2331 4111 mali
2361 4055 2485 4111 fecit
2511 4056 2534 4109 ?
2562 4070 2629 4108 an
2668 4055 2794 4124 quia
2821 4068 2994 4122 aegros
3016 4051 3245 4112 curavit,

1716 4150 1991 4204 daemones
2019 4145 2238 4214 fugavit,
2282 4154 2525 4199 mortuos
2561 4142 2843 4197 suscitavit
2874 4140 2896 4192 2
2925 4156 2991 4191 an
3024 4140 3147 4207 quia
3181 4153 3249 4190 ex

1721 4240 1960 4309 quinque
1986 4235 2215 4304 panibus
2241 4234 2464 4289 totidem
2498 4233 2663 4285 millia
2683 4230 2957 4284 hominum
2990 4230 3042 4281 in
3070 4244 3247 4281 eremo

1720 4328 1935 4385 satiavit
1961 4327 2199 4396 exceptis
2218 4325 2531 4379 mulieribus
2550 4330 2603 4377 et
2625 4320 2901 4391 parvulis?
2918 4319 3105 4373 Adhuc
3123 4334 3249 4375 esca

1720 4422 1773 4473 in
1808 4426 2022 4489 gutture
2067 4418 2305 4487 ipsorum
2335 4422 2469 4477 erat,
2507 4408 3011 4466 dum'mendacium
3047 4410 3100 4466 in
3134 4424 3244 4463 ore.

125 4514 325 4581 χιλιάδας
357 4515 413 4566 ὲν
435 4514 624 4584 ἐρήμῳ
646 4513 887 4584 διέθρεψε
920 4514 1085 4585 χωρὶς
1103 4513 1370 4582 γυναικῶν
1390 4515 1480 4565 καὶ
1500 4514 1613 4566 παί-

1721 4512 1896 4579 Atque
1924 4508 1989 4564 iis
2015 4510 2105 4579 qui
2134 4508 2200 4560 ad
2231 4506 2553 4559 Absalonem
2577 4502 2913 4559 desciverant
2946 4500 3120 4554 aiebat
3148 4498 3248 4550 Da-

124 4603 413 4676 δωνλἜτιή
436 4604 609 4676 τροφὴ
650 4605 707 4657 έν
754 4604 832 4675 τῷ
873 4604 1101 4675 λάρυγγι
1145 4604 1237 4658 καὶ
1262 4603 1323 4655 τὸ
1346 4601 1538 4670 ψεῦδος
1564 4605 1613 4657 ὲν

1722 4600 1811 4654 vid
1843 4620 1855 4655 :
1882 4599 1992 4654 Cur
2020 4614 2140 4655 cum
2164 4596 2407 4666 improbo
2450 4594 2558 4647 lilio
2589 4590 2909 4647 defecistis?
2937 4590 3047 4645 Cur
3080 4588 3249 4641 tilium

126 4693 183 4761 τῷ
198 4696 421 4765 στόματι.
462 4697 571 4749 Καὶ
610 4697 721 4759 τοῖς
759 4694 836 4764 τῷ
875 4695 1219 4766 Ἀϐεσσαλὼμ
1259 4692 1613 4757 συναποξενω-

1722 4692 1979 4746 adversus
2008 4697 2219 4759 patrem
2244 4683 2573 4739 concitatis?
2626 4682 2806 4748 Quare
2850 4681 3002 4734 vanis
3028 4678 3249 4733 Achito-

127 4784 262 4841 Θείσιν
286 4788 462 4855 ἔλεγεν
495 4789 525 4840 ὁ
553 4788 739 4840 Δαυῖδ·
774 4786 841 4839 Τί
866 4784 942 4855 τῷ
964 4785 1178 4856 ἀτάκτῳ
1216 4784 1361 4838 παιδὶ
1388 4784 1613 4853 συναπή-

1725 4781 1895 4852 phelis
1925 4778 2166 4834 consiliis
2222 4791 2422 4831 morem
2455 4776 2692 4846 geritis?
2720 4773 2777 4826 Si
2813 4773 2860 4826 is
2901 4772 2992 4841 qui
3029 4771 3229 4825 maledi-

127 4875 289 4947 χθητες
330 4878 395 4930 Τί
433 4878 524 4931 τὸν
568 4878 692 4933 Υἰὺν
724 4878 865 4932 κατά
895 4874 1095 4946 πατρὸς
1131 4876 1407 4944 disiecta;
1443 4872 1507 4924 Τί
1551 4876 1613 4945 τῇ

1727 4870 1861 4925 xerit
1883 4869 2020 4938 patri
2049 4867 2130 4921 vel
2160 4867 2317 4920 matri
2365 4864 2535 4919 morte
2555 4863 2749 4933 dignus
2776 4872 2858 4917 est
2890 4900 2905 4927 ,
2941 4862 3031 4931 qui
3061 4869 3247 4915 contra

132 4969 295 5037 ματαίᾳ
328 4969 482 5039 βουλῇ
516 4968 610 5022 τοῦ
674 4968 945 5040 ’Δχιτόφελ
987 4966 1407 5037 ὴκολουθήσατες
1470 4963 1533 5015 Εἰ
1589 4966 1613 5016 ὁ

1724 4972 1925 5033 patrem
1958 4960 2188 5030 gladium
2229 4958 2372 5011 acuit
2427 4962 2558 5023 quot
2586 4953 2850 5009 mortibus
2883 4968 2946 5007 ac
2974 4952 3247 5021 suppliciis

134 5056 398 5124 κακολογῶν
429 5059 638 5130 πατέρα
662 5059 696 5130 ἢ
725 5059 935 5131 μητέρα
980 5056 1202 5111 θανάτου
1231 5054 1395 5119 ἄξιος,
1423 5055 1451 5105 ὀ
1477 5053 1613 5121 κατά

1721 5053 1967 5125 dignus?
2016 5050 2082 5105 Ut
2106 5051 2228 5121 quid
2268 5048 2428 5119 igitur
2456 5044 2978 5114 diligitisvanitatem
3021 5051 3073 5096 et
3108 5058 3254 5111 quae-

134 5145 294 5215 πατρὸς
318 5148 519 5202 ἀκονῶν
558 5148 705 5218 ξίφος
735 5149 847 5214 υἱὸς
887 5147 1111 5209 ποσάκις
1142 5145 1288 5197 ἐστὶν
1311 5141 1456 5206 ἄξιος
1487 5142 1613 5194 ἁπο-

1723 5143 1839 5196 rs'tis
1892 5139 2215 5195 mendacium
2244 5139 2271 5192 7
2328 5136 2662 5190 Mendacium
2689 5142 2845 5189 vocat
2891 5132 3247 5203 quodcunque

133 5234 306 5300 θανεῖνς
354 5238 476 5291 ἰνα
513 5239 571 5292 τι
614 5234 707 5294 ὤν
738 5237 1000 5309 ἀγαπᾶτε
1020 5236 1373 5308 ματαιότητα
1398 5232 1493 5285 καὶ
1533 5231 1613 5300 ζη-

1724 5245 1919 5283 vanum
1940 5245 2095 5299 Opus,
2114 5229 2269 5297 cujus
2292 5232 2534 5295 prompta
2564 5224 2741 5285 ruina,
2774 5222 3049 5292 repentina
3071 5222 3247 5273 muta-

135 5324 248 5379 τεῖτε
298 5324 550 5402 ψεῦδοςς
604 5327 809 5391 Ψεῦδος
862 5329 1008 5397 λέγει
1081 5326 1173 5381 νῦν
1230 5325 1335 5377 πᾶν
1392 5325 1613 5393 πρᾶγμα

1723 5322 1817 5375 tio.
1863 5320 2219 5374 Verumtamen
2246 5318 2364 5372 vani
2394 5317 2494 5387 ﬁlii
2525 5316 2809 5384 hominum,
2838 5311 3105 5379 mendaces
3146 5310 3245 5379 ﬁlii

140 5412 343 5482 μάταιον,
384 5416 602 5492 ταχεῖαν
650 5416 748 5486 τὴν
789 5416 991 5469 πτῶσιν
1031 5418 1123 5470 καὶ
1157 5412 1448 5487 μεταϐολὴν
1479 5411 1613 5481 ἔχον.

1721 5413 1984 5466 hominum
2018 5415 2070 5466 in
2092 5412 2321 5476 statert's,
2356 5419 2412 5463 ut
2434 5409 2623 5478 injuste
2649 5417 2805 5477 agant
2834 5405 2895 5460 ⁸⁸.

138 5503 274 5569 Πλὴν
287 5506 507 5572 μάταιοι
536 5508 590 5559 οἰ
618 5506 734 5560 υἱοί
768 5505 883 5559 τῶν
912 5507 1246 5573 ἀνθρώπιον,
1288 5502 1529 5573 ψευδεῖς
1565 5505 1620 5555 οἰ

139 5592 225 5644 υίοί
246 5593 356 5646 τῶν
388 5594 709 5664 ἀνθρώπων
728 5597 796 5651 ἐν
814 5595 1024 5666 ξυνοῖς,
1051 5596 1156 5649 τοῦ
1203 5594 1497 5663 ἀδικῆσαι.

196 5767 233 5801 ⁵⁸
265 5766 385 5824 an.
415 5787 587 5836 nm,
622 5775 715 5828 4‘2-
777 5778 818 5807 "
856 5774 1012 5829 Prov.
1047 5789 1222 5839 xsvu,
1252 5774 1304 5829 3.
1378 5774 1422 5807 "
1464 5772 1589 5827 Luc.

1715 5784 1789 5834 tl,
1819 5769 1874 5823 9;
1952 5770 1994 5802 "
2036 5736 2188 5824 Joan.
2226 5780 2335 5821 xvu
2359 5803 2373 5829 ,
2402 5765 2487 5821 50.
2560 5762 2605 5794 ⁵⁸
2643 5759 2785 5845 Paul.
2815 5773 2903 5813 ut
2926 5797 2941 5823 ,
2974 5730 3069 5821 '10,,
3098 5781 3101 5784 ⁴
