3956 6340
658 388 764 446 “5

966 502 1517 563 INTERPRETATIO
1554 506 1803 564 PSALMI
1839 508 1903 563 ν.

656 629 710 686 ἱ.
726 629 793 687 In
820 632 975 702 ﬁnem
1002 649 1097 702 pro
1118 650 1181 689 ea
1208 651 1323 704 qua:
1339 634 1699 709 hereditatem
1719 639 2054 709 consequitur
2073 639 2209 708 psal-

1264 722 1380 759 mus
1408 706 1600 764 David.

721 812 778 870 in
803 816 962 872 linem
990 817 1225 889 hymnus
1252 816 1551 888 gratiarum
1591 820 1823 875 actionis
1852 821 2070 875 canitur
2107 836 2208 892 pro

653 908 831 962 anima
858 909 985 984 sive,
1002 925 1102 980 pro
1123 909 1387 975 Ecclesia,
1414 927 1534 981 quae
1566 911 1622 966 in
1642 912 1882 967 divinam
1922 912 2208 981 haeredita-

651 1009 758 1053 tem
795 997 888 1053 Dei
921 997 1139 1056 famulis
1189 1011 1549 1071 prmparatam
1606 1001 1848 1057 ducitur.
1879 998 1977 1056 Est
2005 1003 2206 1072 quippe

650 1091 941 1147 itaet-editas
962 1090 1133 1150 Deum
1152 1093 1479 1148 -colentibus
1511 1102 1730 1162 parata,
1762 1102 1818 1149 et
1845 1094 1960 1149 haec
1990 1093 2205 1163 quidem

628 1198 759 1239 .non
784 1184 1181 1254 corruptibilis,
1211 1200 1389 1255 neque
1416 1184 1471 1237 in
1502 1184 1714 1242 divitiis
1746 1200 1965 1241 sensum
1994 1200 2208 1240 moven-

646 1274 797 1328 tibus
826 1275 1098 1329 consistit.
1130 1273 1343 1351 Dicitur
1375 1275 1521 1330 enim
1572 1274 1923 1332 inducendos
1962 1275 2215 1332 haeredes'

595 1368 605 1386 '
624 1384 630 1389 ·
648 1364 823 1433 ipsius
840 1378 983 1430 esse,
1012 1366 1069 1418 in
1081 1364 1441 1420 hereditatem
1465 1367 1938 1436 incorruptibilem,
1962 1369 2206 1423 inconta-

649 1458 931 1521 ntinatam,
950 1457 1464 1523 immarcescibitem,
1501 1469 1864 1515 conservatam
1892 1460 1946 1514 in
1973 1458 2115 1514 caelis
2130 1461 2201 1513 η.

648 1545 707 1600 in
739 1547 890 1602 illam
920 1562 1017 1604 eos
1055 1548 1149 1619 qui
1181 1548 1333 1620 digni
1385 1558 1512 1605 sunt
1553 1565 1789 1606 evocans
1819 1548 2067 1604 Salvator
2088 1549 2199 1604 ait:

656 1638 835 1695 Venite
865 1642 955 1712 qui
985 1658 1018 1695 a
1041 1641 1241 1698 dextris
1270 1643 1397 1697 meis
1420 1643 1574 1707 estis,
1605 1642 1857 1698 benedicti
1888 1642 2067 1696 Patris
2079 1644 2200 1706 mei,

644 1732 902 1802 possidete
919 1741 1167 1803 paratum
1194 1732 1338 1786 vobis
1372 1748 1591 1803 regnum
1614 1733 1682 1790 ⁸⁸.
1714 1730 1891 1801 Hujus
1909 1728 2093 1787 amore
2111 1747 2203 1787 ca-

644 1832 772 1894 ptus
829 1824 921 1893 qui
986 1831 1306 1898 praesentem
1361 1823 1628 1894 psalmum
1693 1825 1904 1899 recitat,
1952 1824 2062 1879 Deo
2107 1823 2200 1894 qui

645 1917 823 1988 ipsam
846 1916 1164 1986 praeparavit
1189 1914 1489 1971 orationem
1505 1915 1721 1980 emittit,
1739 1924 1798 1972 ut
1814 1917 2008 1988 dignus
2036 1917 2202 1973 habe-

645 2018 767 2063 atur
792 2006 885 2077 qui
912 2016 1033 2071 eam
1061 2006 1358 2063 secundum
1406 2016 1791 2065 testamentum
1824 2024 2026 2063 novum
2066 2024 2199 2064 con-

645 2106 926 2169 sequatur,
956 2098 1031 2153 ita
1057 2106 1117 2153 ut
1140 2098 1496 2169 inscriptione
1515 2086 1640 2165 illa,
1670 2115 1767 2169 pro
1803 2115 1865 2152 ea
1893 2115 2010 2169 qua:
2033 2098 2199 2153 luere-

644 2189 864 2243 ditatem
910 2190 1263 2261 consequitur,
1293 2203 1449 2244 suam
1502 2189 1677 2260 ipsam
1726 2190 1964 2243 animam
1990 2206 1996 2210 ‘
2022 2190 2196 2260 signi-

643 2279 791 2335 licet.

711 2372 879 2430 Vsus.
901 2374 960 2430 2.
996 2372 1166 2428 Verba
1191 2371 1551 2427 mea‘auribus
1589 2374 1809 2442 percipe,
1841 2371 2077 2441 Domine,
2098 2376 2196 2430 in-

643 2468 816 2538 tetiige
845 2467 1124 2521 clamorem
1158 2482 1346 2520 meum.
1381 2464 1523 2521 Sane
1546 2466 1711 2521 verba
1739 2481 1833 2520 ore
1863 2467 2074 2536 prolata
2100 2482 2197 2525 au~.

640 2554 797 2608 ribus
844 2554 1219 2624 percipiuntur
1246 2562 1301 2610 et
1330 2553 1626 2629 audiuntur
1677 2574 1691 2609 :
1746 2556 1952 2612 clamor
1994 2564 2194 2621 autem,

641 2659 751 2700 non
783 2644 1001 2714 quidem
1029 2644 1231 2709 verbis,
1283 2643 1495 2721 etiamsi
1528 2645 1634 2715 ipsi
1665 2645 2047 2701 dican'tDeum
2078 2647 2199 2701 uni-

641 2751 919 2793 versorum
952 2753 1013 2793 se
1040 2752 1392 2809 cognoscere,
1413 2752 1475 2791 ac
1503 2738 1661 2792 labiis
1676 2734 1974 2803 conﬁteri;
2011 2738 2109 2793 sed
2141 2738 2198 2792 in

640 2810 826 2892 corde,
873 2826 988 2882 sive
1032 2827 1088 2881 in
1114 2832 1294 2882 mente
1338 2841 1524 2882 eorum
1556 2826 1771 2882 exsistit
1810 2845 1825 2883 :
1877 2842 1940 2882 ac
1975 2843 2046 2882 ne
2090 2844 2197 2883 una

639 2918 857 2989 quidem
884 2932 1013 2972 vera
1044 2917 1112 2972 de
1133 2915 1241 2972 Deo
1272 2917 1530 2986 cogitatio
1553 2923 1688 2971 erat.
1719 2915 2040 2987 Huiusmodi
2071 2933 2197 2988 pro-

639 3008 782 3065 fecto
802 3017 919 3063 erat
950 3015 1075 3063 ante
1091 3006 1385 3063 Salvatoris
1399 3008 1688 3081 adventum
1714 3015 1886 3063 totum
1918 3008 2195 3064 hominum

640 3114 830 3169 genus.
857 3097 1122 3170 [nsipiens
1161 3108 1341 3154 autem
1381 3098 1668 3153 admodum
1693 3114 1821 3153 vere
1850 3114 1913 3153 ac
1940 3094 2195 3169 germane

1314 389 1579 447 susse"
1619 390 2095 450 CESARIENSIS
2131 392 2281 450 opp.
2304 391 2501 457 PARS
2538 390 2623 469 ut.
2657 421 2731 435 -
2764 388 3170 446 meamea.
3252 368 3253 371 ‘
3748 392 3829 446 ne

2233 513 2280 570 A

2689 499 3049 565 ΕΡΜΗΝΕῘΑ
3068 506 3367 562 ἾἏΔΜΟΥ
3395 502 3472 562 E’.

2308 641 2412 709 Εις
2444 644 2508 698 τὸ
2540 642 2718 711 τέλος
2756 639 2908 712 ὑπὲρ
2920 639 3586 764 τὲἦὲἔέττὲρονομούσης
3624 640 3831 709 tta-luis-

2920 727 3000 776 τῳ
3043 727 3238 764 Δαυιο.

2374 824 2470 889 Eb;
2501 824 2566 878 τὸ
2612 822 2762 887 τέλος
2813 823 3163 895 χαριστήριος
3189 822 3353 894 ὕμνος
3381 822 3566 893 ᾄδεται
3605 821 3735 892 ὑπὲρ
3749 821 3830 893 τῆς

2304 915 2576 986 ἀγομένης
2602 915 2800 987 ψυχῆς,
2832 916 2951 986 ἦτοι
2999 914 3339 985 Ἐκκλησίας,
3370 919 3449 978 εἰς
3483 912 3632 967 θείαν
3662 912 3829 985 κληρο-

2302 1008 2490 1079 νομίαν
2507 1008 2914 1080 ἡτοιμασμένην
2933 1009 3045 1072 τοῖς
3057 1006 3150 1061 τοῦ
3162 1006 3300 1060 Θεοῦ
3312 1006 3685 1078 θεραπευταῖς.
3709 1008 3830 1061 Ἔστι

2303 1099 2410 1172 γὰρ
2441 1099 2769 1172 κληρονομία
2821 1103 2931 1163 τοῖς
2981 1098 3337 1171 θεραπεύουσι
3361 1098 3592 1171 Κύριον·
3625 1100 3829 1152 Ἔστιδὲ

2304 1190 2438 1262 αὕτη
2461 1191 2521 1245 οὐ
2554 1191 2763 1263 φθαρτὴ
2782 1192 2874 1244 καὶ
2899 1193 2956 1245 ὲν
2980 1189 3220 1262 αἰσθητῷ
3236 1189 3449 1261 πλούτῳ
3476 1188 3671 1261 ἔχουσα
3696 1186 3829 1244 εἶναι.

2302 1283 2529 1355 Εἴρηται
2564 1284 2670 1354 γάρ
2721 1282 3030 1352 εἰσάγεσθαι
3076 1284 3205 1347 τοὺς
3240 1281 3440 1352 ταύτης
3496 1281 3832 1352 κληρονόμους

2300 1376 2388 1439 εὶς
2408 1374 2805 1442 κληρονομίαν
2831 1374 3131 1443 ἄφθαρτον
3156 1373 3254 1427 καὶ
3272 1374 3560 1442 ἀμίαντον
3589 1371 3685 1424 καὶ
3712 1371 3833 1440 ἁμά-

2294 1483 2537 1534 ραντον,
2559 1466 2959 1536 τετηρημένην
2970 1466 3047 1536 ,ἐν
3061 1466 3356 1535 οὐρανοῖς.
3386 1465 3479 1530 Εἰς
3508 1464 3709 1535 ταύτην
3730 1465 3833 1528 τοὺς

2301 1544 2483 1623 ἀξίους
2505 1558 2683 1612 καλῶν
2713 1560 2743 1611 ό
2764 1558 2951 1627 Σωτήρ
2968 1573 2982 1586 ·
3010 1554 3186 1610 Δεῦτε
3212 1555 3280 1608 ὲκ
3301 1551 3522 1619 δεξιῶν.
3527 1570 3667 1622 μου,
3697 1548 3835 1620 εἴπερ

2301 1651 2418 1721 (sic)
2456 1654 2510 1705 οἱ
2554 1649 2945 1718 εὐλογημένοι
2986 1645 3091 1701 τοῦ
3141 1648 3369 1715 Πατρός
3402 1663 3541 1716 μου,
3578 1647 3835 1721 κληρονο-

2293 1742 2527 1812 μήσατε
2546 1740 2662 1808 τὴν
2675 1738 3118 1809 ἡτοιμασμένην
3132 1738 3275 1806 ὑμῖν
3288 1738 3632 1802 βασιλείαν.
3646 1735 3834 1806 Ταύτης

2229 1867 2273 1923 Β
2299 1833 2476 1903 ἔρωτα
2507 1829 2686 1883 λαϐὼν
2703 1831 2731 1883 ὁ
2756 1830 2847 1882 τὸν
2872 1829 3184 1899 ἐγκείμενον
3221 1827 3433 1898 ψαλμὸν
3468 1827 3665 1897 λέγων,
3697 1828 3834 1897 εὐχὴν

2300 1924 2610 1995 ἀναπέμπει
2650 1922 2727 1995 τῷ
2771 1922 3145 1993 εὐτρεπίσαντι
3171 1922 3340 1995 αὐτὴν
3373 1920 3513 1991 Θεῷ,
3542 1923 3631 1975 ῑνα
3656 1920 3833 1991 ἀξιωθῇ

2299 2012 2631 2085 κληρονόμος
2691 2014 2859 2084 αὐτῆς
2914 2010 3176 2083 κατάτὴν
3209 2011 3397 2082 καινὴν
3435 2010 3696 2082 διαθήκην
3723 2010 3834 2062 ἀνα-

2296 2104 2607 2176 δειχθῆναι·
2636 2106 2712 2170 ὡς
2749 2105 2843 2159 καὶ
2908 2106 3038 2177 περ)⁵
3083 2104 3181 2173 τῆς
3206 2102 3369 2157 αὑτοῦ
3405 2100 3834 2173 ψυχῆςῆσημαίνει

2296 2196 2393 2269 τὴν
2425 2197 2731 2269 ἐπιγραφὴν
2760 2196 2859 2269 τὴν
2883 2194 3035 2265 ὑπὲρ
3063 2192 3173 2263 τῆς
3208 2194 3735 2264 κληρονομούσης.’

2368 2374 2448 2429 Τὰ
2490 2372 2729 2443 ⁴ῥήματά
2776 2390 2894 2441 μου
2951 2372 3248 2435 ἐνωτίσαι,
3294 2371 3502 2440 Κύριε,
3546 2371 3727 2435 σύνες
3771 2367 3833 2435 τῇ

2294 2462 2525 2534 κραυγῇ
2572 2480 2711 2533 μου.
2757 2464 2838 2518 Τά
2892 2462 2990 2534 μὲν
3040 2458 3132 2517 οὖν
3189 2464 3404 2533 ῥήματα
3453 2460 3544 2515 διὰ
3591 2461 3834 2529 στόματος

2252 2595 2259 2602 .
2295 2553 2733 2624 ἐπαγγελλόμενα
2767 2538 2899 2604 ὠσὶν
2944 2550 3193 2604 ἀκούεται
3239 2552 3329 2605 καὶ
3355 2549 3663 2613 ὲνωτίζεται
3683 2567 3697 2581 ⁸
3726 2552 3756 2617 ἡ
3786 2546 3835 2602 δὲ

2295 2642 2506 2713 κραυγὴ
2553 2643 2615 2697 ού
2666 2641 2752 2696 διὰ
2781 2641 2889 2695 τῶν
2939 2640 3129 2710 λόγων,
3173 2639 3274 2695 κᾶν
3318 2640 3473 2694 αὐτοὶ
3517 2632 3833 2694 είδέναιέκαὶ

2293 2736 2569 2806 ὁμολογεῖν
2594 2734 2684 2788 τὸν
2705 2734 2798 2788 ἐπὶ
2828 2734 3042 2789 πάντων
3059 2735 3191 2788 Θεὸν
3210 2735 3320 2814 τοῖς
3336 2732 3534 2803 χείλεσι
3560 2732 3828 2801 φάσκοιεν·

2294 2828 2406 2882 ἀλλ’
2429 2829 2484 2881 ὲν
2512 2830 2578 2899 τῇ
2611 2827 2818 2899 καρδίᾳ·
2862 2825 3089 2889 ἑαυτῶν,
3125 2824 3399 2879 τουτέστιν
3432 2825 3489 2877 ὲν
3517 2824 3581 2893 τῇ
3606 2817 3831 2892 διανοίᾳ·

2292 2918 2413 2973 οὐδὲ
2468 2917 2565 2989 μία
2614 2934 2696 2982 τις
2747 2917 2954 2988 ἀληθὴς
3008 2916 3137 2989 περὶ
3185 2915 3320 2970 Θεοῦ
3366 2915 3608 2985 ὑπῆρχεν
3652 2912 3829 2965 ἔννοια.

2293 3010 2541 3074 Τοιοῦτος
2574 3010 2670 3080 μὲν
2708 3004 2800 3063 οὖν
2853 3009 3272 3080 ὲτύγχανενπᾶς
3304 3006 3333 3057 ὀ
3354 3006 3459 3076 πρὸ
3487 3005 3586 3074 τῆς
3612 3003 3707 3057 τοῦ
3740 3003 3835 3055 Σω-

2291 3099 2453 3172 τῆρος
2476 3097 2629 3169 ήμῶν
2650 3098 2945 3170 παρουσίας
2968 3097 3097 3166 βίος.
3118 3097 3192 3166 (ί)
3212 3093 3494 3166 Ἀφρωνδὲ
3517 3090 3833 3171 ἀληθέστατα

562 3208 568 3212 ·
640 3192 839 3248 dicitur
866 3194 960 3262 qui
986 3192 1163 3263 negat'
1190 3191 1379 3247 Deum.
1403 3190 1542 3245 Nam
1594 3191 1641 3245 si
1678 3190 1889 3244 initium
1928 3190 2197 3258 sapientia:

2296 3190 2389 3243 καὶ
2442 3187 2789 3258 φυσικώτατα
2828 3190 2858 3242 ό
2901 3187 3217 3260 ἀρνησίθεος
3263 3185 3592 3257 ὠνόμασται.
3640 3184 3704 3236 El
3740 3182 3833 3251 γὰρ

643 3285 1031 3340 ιίηιοτυοιηὶηἰ
1050 3286 1119 3348 σι,
1151 3283 1430 3353 despectio
1460 3299 1525 3351 ac
1569 3290 1912 3355 contemptus
1940 3282 2054 3349 Dei,
2099 3298 2197 3355 op-

638 3362 850 3448 positus
881 3376 1157 3448 sapientiae
1180 3373 1361 3430 fuerit.

711 3465 874 3522 Vsus.
903 3468 958 3522 4.
994 3465 1258 3533 Quoniam
1288 3463 1357 3518 ad
1412 3471 1460 3518 te
1506 3461 1689 3529 orabo,
1732 3463 1988 3537 Domine,
2046 3479 2199 3519 mane

640 3558 885 3614 exaudies
910 3574 1082 3617 vocem
1114 3573 1282 3610 meam
1306 3573 1325 3610 :
1354 3574 1504 3612 mane
1536 3557 1754 3613 adstabo
1782 3556 1876 3611 tibi
1907 3566 1956 3612 et
2002 3556 2195 3610 uidebis

578 3720 581 3721 ν
639 3665 741 3702 me.
768 3647 864 3702 llis
917 3647 1143 3702 docetur
1173 3647 1353 3699 anima
1384 3661 1505 3715 quae
1557 3646 1928 3702 haereditatem
1976 3648 2195 3718 accipit,

642 3739 962 3794 diurnorum
1015 3753 1240 3808 operum
1291 3737 1561 3807 primitias
1608 3738 1792 3796 divino
1850 3756 1973 3817 esse
2019 3743 2190 3796 cultui

642 3827 1043 3885 consecrandos
1075 3848 1089 3882 :
1122 3827 1263 3898 quod
1298 3826 1483 3897 utique
1527 3842 1637 3881 non
1667 3827 1889 3895 iaceret,
1924 3830 1971 3885 si
1998 3830 2055 3884 in
2079 3828 2196 3900 ipso

642 3919 809 3975 cubili
847 3919 903 3973 in
933 3918 1051 3987 ejus
1083 3919 1405 3974 oblivionem
1438 3920 1661 3974 veniret.

712 4008 879 4064 Vnus.
910 4008 962 4074 5,
991 4008 1045 4063 6.
1074 4010 1332 4074 Quoniam
1363 4026 1464 4063 non
1488 4009 1630 4064 Deus
1657 4006 1829 4063 volens
1860 4009 2197 4079 iniquitatem

642 4111 699 4155 tu
726 4117 779 4156 es
808 4116 829 4155 :
858 4098 1298 4170 nequehabitabit
1314 4100 1474 4167 juxta
1512 4108 1560 4154 te
1584 4102 1868 4170 malignus,
1898 4116 2057 4171 neque
2082 4117 2200 4170 per-

638 4193 919 4247 manebunt
932 4192 1122 4261 injusti
1148 4200 1266 4246 ante
1293 4190 1467 4245 oculos
1500 4186 1653 4247 tuos.'
1673 4190 1866 4261 Utpote
1893 4173 2199 4263 quaedigna

640 4282 824 4337 habita
875 4283 946 4339 sit
978 4296 1097 4352 qua:
1128 4282 1516 4351 promissorum
1544 4280 1808 4335 bonorum
1832 4281 2197 4337 baereditatem

642 4372 931 4443 acciperet,
962 4373 1179 4443 iniquos
1215 4373 1317 4427 sibi
1371 4372 1543 4426 oculis
1582 4371 1817 4439 subjicit.
1851 4372 2024 4443 iniqui
2053 4368 2197 4429 enim

640 4464 855 4519 etiamsi
879 4470 1165 4547 antequam
1214 4458 1698 4536 praevaricaren‘tur
1724 4463 1881 4531 juxta
1907 4471 1959 4519 te
1988 4464 2200 4520 habita-

2294 3282 2511 3352 σοφίας
2540 3280 2696 3351 ἀρχὴ
2715 3281 2895 3351 φόϐος
2918 3279 3085 3345 Θεοῦ,
3111 3277 3308 3349 ἀφοὸία
3333 3275 3424 3331 καὶ
3454 3275 3706 3346 ἀθέτησις
3730 3274 3833 3327 τού-

2295 3372 2500 3427 ναντίον
2522 3372 2587 3427 ἂν
2623 3372 2827 3442 γένοιτο
2855 3372 2953 3442 τῆς
2982 3371 3190 3440 σοφίας.

2368 3465 2485 3518 Ὅτι
2509 3463 2656 3535 πρὸς
2681 3464 2770 3518 σὲ
2791 3462 3209 3533 προσεύξομαι,
3228 3462 3422 3531 Κύριε,
3463 3459 3526 3514 τό
3551 3458 3703 3529 πρωῒ
3728 3456 3836 3511 εισ-

2295 3558 2525 3627 ακούσῃ
2588 3556 2699 3626 τῆς
2744 3555 2945 3625 φωνῆς
2958 3571 3104 3624 μου·
3124 3553 3197 3629 τὸ
3223 3555 3371 3623 πρωΐ
3396 3545 3837 3622 παραστήσομαι

2295 3666 2393 3704 σοι
2419 3647 2516 3705 καὶ
2544 3648 2743 3718 ἐπόψῃ
2764 3665 2859 3717 με.
2893 3647 3213 3702 Παιδεύεται
3248 3646 3337 3700 διά
3362 3645 3563 3699 τούτων
3596 3646 3630 3715 ἠ
3660 3644 3836 3714 κληρο-

2295 3738 2530 3809 νομοῦσα
2572 3738 2670 3807 τὴν
2710 3735 2972 3806 ἀπαρχὴν,
3009 3733 3115 3788 τῶν
3170 3731 3443 3806 ἡμερινῶν
3484 3728 3738 3804 πράξεων
3787 3728 3834 3794 τῇ

2297 3830 2429 3901 πρὸς
2453 3813 2583 3882 Θεὸν
2610 3827 2911 3881 ἀνατιθέναι
2931 3824 3183 3897 λατρείᾳ-·
3204 3825 3339 3895 ὅπερ
3360 3820 3542 3875 οὑκ-ἃν
3574 3820 3745 3873 ἐποίει
3773 3815 3834 3887 μὴ

2274 3910 2389 3972 ’καὶ
2419 3918 2526 3971 ἀπὸ
2555 3911 2966 3988 κοίτηςξχουσα
2994 3913 3090 3985 τὴν
3120 3912 3409 3981 ἀγνωσίαν.

2369 4011 2495 4064 Ὀτι
2525 4010 2657 4078 οὐχὶ
2683 4008 2822 4076 Θεὸς
2857 4007 3045 4063 θέλων
3061 4004 3313 4075 ἀνομίαν
3330 4003 3412 4059 σὺ
3441 3999 3513 4057 εἴ·
3553 4003 3626 4057 οὐ
3660 4016 3837 4069 sapae

2297 4101 2471 4168 κήσει
2488 4117 2589 4171 ,σοι
2615 4103 3107 4171 πονηρευόμενος,
3142 4097 3283 4153 οὐδὲ
3299 4094 3647 4165 διαμενοῦσι
3668 4089 3837 4160 παράν-

2296 4210 2463 4262 νομοι
2485 4193 2796 4247 κατέναντι
2816 4191 2932 4245 τῶν
2959 4189 3285 4259 ὀφθαλμῶν.
3305 4203 3438 4241 σου.
3492 4187 3580 4249 Ὠς
3600 4185 3678 4240 ἀν
3700 4180 3835 4253 ἠξιω-

2301 4283 2434 4354 μὲνη
2469 4283 2574 4337 τῶν
2626 4282 3043 4354 ἐπηγγελμένων
3084 4278 3298 4347 ἀγαθῶν
3342 4280 3376 4347 ἡ
3420 4273 3832 4350 κληρονομοῦσα,

2296 4377 2421 4439 τοὺς
2449 4375 2679 4446 ἀνόμους
2708 4372 3065 4427 ἐπιδείκνυσιν
3095 4372 3279 4442 ἑαυτῇ.
3302 4370 3364 4423 Οί
3384 4370 3492 4441 γάρ
3526 4368 3833 4439 παράνομοι,

2298 4468 2347 4520 εί
2375 4468 2469 4520 καὶ⁹
2492 4467 2597 4539 πρὸ
2641 4465 2747 4518 τοῦ
2785 4463 3161 4535 παρανομῆσαι
3202 4460 3534 4535 παρῴκησαν
3577 4458 3675 4510 σοί
3699 4470 3832 4512 ποτε.

642 4557 837 4623 verint,
883 4538 1333 4626 quemadmodum
1387 4554 1425 4609 ii
1470 4554 1564 4624 qui
1594 4552 1794 4625 Moysis
1828 4553 1999 4623 legem
2039 4570 2193 4611 acce-

2296 4538 2545 4629 καθάπερ
2594 4558 2643 4610 οἰ
2675 4555 2764 4608 τὸν
2812 4542 3085 4617 Mosam;
3138 4553 3413 4624 δεξάμενοι
3463 4538 3675 4618 νόμον,
3715 4544 3833 4610 ἀλλὰ

589 4638 595 4644 ’
641 4665 798 4722 pere;
829 4654 883 4702 at
909 4655 1191 4718 postquam
1242 4648 1575 4717 praevaricati
1604 4654 1752 4712 sunt,
1793 4647 2103 4709 nullatenus
2128 4638 2188 4703 in

641 4741 874 4812 pristino
892 4740 1012 4794 loco
1033 4745 1254 4792 manent
1291 4755 1305 4790 ε
1338 4743 1393 4789 tu
1432 4754 1559 4793 vero
1581 4739 1761 4795 oderis
1784 4755 1878 4794 eos
1904 4738 1999 4809 qui
2029 4753 2061 4792 a
2096 4736 2193 4794 Dei

644 4829 791 4883 cultu
819 4842 1091 4885 recessere
1110 4867 1127 4892 ,
1156 4834 1362 4897 quanto
1390 4836 1627 4897 tempore
1657 4830 1693 4883 ii
1721 4828 1845 4886 odio
1878 4831 2039 4899 digna
2065 4822 2190 4899 per-

643 4928 873 4991 petram.

716 5008 880 5065 Vens.
914 5011 964 5074 7,
999 5011 1063 5065 8.-
1083 5009 1278 5075 Odisti,
1319 5008 1557 5075 Domine,
1594 5025 1767 5064 omnes
1800 5011 1890 5079 qui
1916 5019 2195 5080 operantur

637 5104 989 5173 iniquitatem,
1015 5102 1191 5170 perdes
1215 5118 1386 5166 omnes
1422 5103 1512 5172 qui
1541 5101 1818 5172 loquuntur
1845 5102 2192 5173 mendacium.

653 5195 835 5248 Virum
860 5194 1170 5262 sanguinum
1197 5205 1248 5247 et
1283 5194 1522 5248 dolosum
1559 5193 1890 5248 abominetur
1917 5194 2193 5248 Dominus.

647 5283 761 5339 Non
794 5285 968 5340 solum
1023 5298 1117 5339 eos
1170 5283 1260 5352 qui
1299 5285 1449 5347 olim,
1486 5284 1580 5341 sed
1613 5284 1774 5340 etiam
1818 5300 1911 5339 eos
1945 5284 2037 5355 qui
2082 5282 2195 5350 jam

648 5383 938 5442 operantur
962 5374 1318 5444 iniquitatem,
1364 5375 1409 5430 si
1440 5377 1652 5445 quidem
1684 5375 1737 5428 in
1770 5377 1975 5430 malitia
2009 5390 2188 5445 perse-

647 5473 854 5528 verent,
890 5466 1001 5521 odit
1034 5466 1173 5522 Deus
1202 5485 1215 5522 :
1253 5482 1315 5521 ae
1336 5483 1445 5537 pm
1464 5468 1718 5523 omnibus
1750 5467 2005 5536 perniciei
2032 5465 2194 5521 tradit

718 5618 766 5650 δ’
804 5617 825 5672 ι
852 5617 995 5673 Petr.
1029 5637 1082 5684 ι,
1112 5623 1164 5675 4.

722 5802 793 5873 (ι)
834 5801 965 5886 Vide
992 5815 1174 5860 notam
1206 5806 1257 5861 in
1287 5804 1419 5876 psal.
1452 5819 1579 5859 xvn.

1242 5624 1286 5653 ⁵⁸
1330 5622 1515 5678 Matth.
1544 5640 1687 5690 xxv,
1719 5623 1807 5680 δέ.
1886 5621 1927 5651 δ’
1967 5619 2112 5677 P581.
2146 5634 2212 5673 CX
2235 5660 2250 5685 ν

2295 4646 2605 4719 παραϐάται
2628 4643 2905 4713 γεγονότες
2924 4645 2986 4697 ού
3015 4643 3279 4715 μένουσιν.
3302 4642 3492 4701 Μισεῖς
3529 4637 3584 4690 δὲ
3610 4635 3833 4697 καὶτοὺς

2296 4738 2401 4804 ἔξω
2423 4738 2523 4809 τῆς
2552 4736 2856 4799 θεοσεϐείας
2894 4737 2952 4790 ὲν
2979 4737 3086 4805 ὅσῳ
3130 4734 3321 4805 μίσους
3348 4732 3472 4811 ἀξια
3498 4732 3828 4802 πράττουσιν.

2375 5012 2720 5081 Ἐμίσησας,
2764 5014 2959 5079 Κύριε,
2991 4996 3217 5073 πάντας
3247 5006 3387 5072 τοὺς
3423 5004 3830 5075 ἐργαζομένους

2293 5105 2407 5173 τὴν
2431 5105 2701 5175 ἀνομίαν,
2732 5092 2973 5167 ἀπολεῖς
2993 5100 3217 5165 πάντας
3246 5099 3385 5165 τοὺς
3412 5100 3745 5163 λαλοῦντας
3778 5097 3829 5148 τὸ

2293 5196 2535 5266 ψεῦδος.
2573 5198 2785 5266 Ἄνδρα
2811 5194 3070 5263 αἱμάτων
3094 5192 3190 5259 καὶ
3217 5190 3418 5245 δόλιον
3438 5192 3831 5256 ,βδελύσσεται
3914 5190 3915 5257 l

2294 5288 2523 5356 Κύριος.
2551 5290 2625 5343 Οὐ
2647 5288 2771 5350 τούς
2812 5302 2963 5357 ποτε,
2987 5281 3404 5355 ἐργασαμένους,
3428 5283 3564 5336 ἀλλὰ
3599 5282 3693 5335 καὶ
3722 5277 3831 5336 τοὺς

2296 5374 2375 5428 ἔτι
2430 5379 2525 5430 καὶ
2569 5377 2665 5431 νῦν
2704 5368 3111 5446 ἐργαζομένους,
3155 5372 3229 5435 ὡς
3270 5372 3335 5425 ἂν
3380 5372 3731 5442 smul-Jovem;
3769 5365 3825 5432 τῇ

2299 5466 2485 5538 κακίᾳ,
2527 5469 2673 5538 μισεῖ
2695 5466 2723 5517 ὁ
2754 5465 2906 5529 θεός.
2960 5463 3117 5535 Παρὰ
3143 5464 3346 5528 πάντας
3368 5462 3425 5516 δὲ
3456 5460 3675 5522 τούτους
3696 5457 3828 5510 ἀλκυ-
3914 5472 3915 5523 ξ

2292 5621 2376 5677 10.
