3956 6340
90 426 167 486 il'l
1175 422 1672 482 COMMENTARIA
1704 420 1774 476 IN
1812 419 2146 476 PSALMOS.

3176 414 3277 469 “8

81 548 175 619 λείᾳ
226 548 549 619 παραδίδωσι
583 550 704 611 τοὺς
752 547 825 621 μὴ
857 541 1014 618 μόνον
1056 548 1194 602 κατὰ
1227 548 1440 617 ἀπάτην
1462 546 1600 615 λογι-

1712 559 1828 607 eos,
1860 543 1952 612 qui
1999 556 2109 596 non
2162 538 2323 595 modo
2349 552 2448 608 per
2501 535 2767 591 fallaciam
2814 536 3094 592 mendacia
3127 536 3281 606 cogi-

80 641 298 713 ξομένους
338 641 406 694 τὰ
426 636 622 711 ψευδῆ,
649 638 783 693 ἀλλὰ
823 640 918 694 καὶ
956 638 1246 704 λαλοῦντας
1306 638 1465 703 αὐτὰ,
1517 642 1610 693 καὶ

81 734 249 805 ἑτέροις
272 732 734 801 διακονουμένους,
761 732 939 786 ὁποῖοι
984 733 1347 803 τυγχάνουσιν,
1364 732 1412 784 οἱ
1441 730 1607 794 ἄθεοι,

79 824 371 897 αἰρεσιιῖπαι.
402 826 512 878 Καὶ
538 826 632 877 ἐπὶ
652 825 783 878 πᾶσι
801 825 1009 890 τούτοις
1028 825 1133 879 τὸν
1152 824 1339 893 ἄνδρα
1352 823 1609 893 αΙμάτων

81 909 686 981 βδελύσσεταιΚὺριος.
712 913 807 969 καὶ
835 915 891 969 ἐν
921 919 987 988 τῇ
1020 913 1111 987 ἴσῃ
1150 914 1323 987 τούτῳ
1370 913 1609 985 τιμωρία

81 1006 152 1057 καὶ
190 1008 276 1057 τὸν
318 1004 490 1058 δόλιον
538 1004 768 1077 τίθησιν.
816 1007 875 1061 ὐ
919 1008 975 1062 δὲ
1015 1008 1307 1078 βδελυγμὸς
1341 1006 1609 1080 ὑπερϐάλ-

79 1095 240 1147 λουσαν
288 1094 655 1168 ἀποστροφὴν,
703 1097 780 1161 ὼς
823 1098 917 1151 ἐπὶ⁵
955 1098 1174 1170 μεγάλῳ
1214 1098 1494 1171 βιάσματι,
1512 1097 1607 1151 τοῦ

80 1185 459 1257 βδελυσσομὲνου
494 1188 628 1261 πρὸς
644 1190 733 1242 τὸν
769 1189 1053 1260 βδελυκτδν
1086 1190 1403 1263 παρίστησι.

130 1280 306 1348 Κύριε,
324 1279 711 1350 οόήτησόνμε
726 1279 878 1349 ὲντῇ
897 1279 1250 1351 δικαιοσύνῃ
1270 1297 1385 1337 σου
1398 1300 1412 1313 ο
1432 1281 1609 1337 ἕνεκα

78 1370 172 1425 τῶν
215 1372 434 1439 ἐχθρῶν
471 1390 592 1441 μου
645 1371 1011 1425 κατεύθυνον
1050 1373 1307 1429 ἐνώπιόν
1348 1390 1463 1429 σου
1496 1373 1610 1445 τὴν

77 1462 194 1515 ὀδόν
212 1480 347 1531 μου.
377 1462 613 1532 Χριστὸς
630 1462 686 1514 δὲ
713 1464 745 1532 ἡ
778 1450 1092 1534 δικαιοσύνη
1112 1480 1125 1493 ο
1165 1464 1328 1528 αὐτὸς
1356 1464 1463 1536 γάρ
1491 1466 1610 1533 ἐγε-

78 1556 185 1627 νήθη
213 1555 367 1625 σοφία
396 1557 527 1609 ἢαῖν
578 1555 686 1609 ἀπὺ
725 1554 881 1622 Θεοῦ,
910 1554 1222 1629 δικαιοσύνη
1247 1573 1306 1609 τε
1331 1559 1427 1611 καὶ
1450 1559 1607 1627 ἁγια-

80 1647 185 1718 σμὸς
204 1649 293 1702 καὶ
314 1649 708 1720 ἀπολυτρωσις.

136 1742 242 1793 Ὁτι
272 1741 379 1795 οὐκ
422 1748 593 1795 ἐστιν
627 1741 697 1795 ἐν
734 1740 815 1806 τῷ
843 1742 1092 1812 στόματι
1118 1740 1315 1797 αὐτῶν
1336 1741 1603 1809 ἀλήθεια,

1710 642 1859 699 tant;
1884 633 1978 689 sed
2001 632 2162 687 etiam
2193 631 2283 685 illa
2312 628 2615 700 proferunt,
2651 626 2877 696 aliisque
2904 644 2966 682 ea
3004 630 3055 681 in
3088 644 3147 683 re
3177 628 3279 681 ad-

1710 728 1947 783 ministri
1999 733 2170 782 sunt:
2206 722 2515 791 cuiusmodi
2565 728 2693 775 sunt
2738 722 2880 775 athei
2922 731 2975 775 et
3014 721 3274 775 haeretici.

1712 819 1816 874 Sed
1852 820 1972 892 plus
1998 833 2157 889 quam
2206 832 2301 872 eos
2329 829 2539 877 omnes,
2588 814 2755 867 virum
2801 812 3113 883 sanguinum
3146 814 3277 866 abo-

1709 913 1945 966 minatur
1976 909 2247 973 Dominus,
2314 921 2376 961 ac
2403 906 2519 960 viro
2558 906 2684 961 item
2710 904 2898 960 doloso
2937 920 3032 974 par
3071 904 3280 974 suppli‘

1708 1006 1851 1061 rium
1880 1003 2137 1060 destinat.
2157 1000 2499 1056 Abominatio
2531 1006 2711 1053 autem
2746 1007 3039 1054 extremam
3073 998 3276 1052 abrupi-

1708 1098 1885 1153 nantis
1924 1097 1979 1151 in
2007 1095 2375 1151 abominatum
2404 1092 2761 1159 aversionem,
2792 1100 2975 1163 utpote
3001 1092 3055 1147 in
3089 1091 3278 1148 {mdis-

1708 1186 1847 1242 simo
1878 1186 2103 1249 scelere,
2119 1168 2123 1177 ’
2138 1182 2425 1256 signiﬁcat.

1779 1277 1947 1334 Vsus.
2020 1278 2077 1333 9.
2116 1277 2377 1342 Domine,
2429 1275 2595 1331 deduc
2625 1294 2703 1331 me
2756 1276 2811 1330 in
2866 1275 3071 1341 iustitia
3128 1284 3219 1330 tua
3255 1290 3275 1329 :

1704 1380 1913 1439 propter
1949 1372 2192 1425 inimicos
2222 1387 2360 1425 meos
2390 1369 2557 1440 dirige
2591 1370 2646 1423 in
2689 1377 2963 1439 conspectu
3009 1378 3097 1422 tuo
3138 1370 3275 1423 viam

1706 1480 1894 1518 meam.
1930 1462 2185 1519 Christus
2216 1477 2348 1517 sane
2371 1462 2584 1532 iustitia
2610 1471 2726 1527 est;
2770 1462 2885 1533 ipse
2913 1476 3147 1532 namque
3178 1477 3278 1515 no-

1707 1556 1791 1612 bis
1817 1571 1847 1609 a
1867 1554 1976 1611 Deo
2006 1554 2183 1611 factus
2210 1563 2296 1611 est
2325 1553 2617 1626 sapientia,
2640 1554 2853 1623 iustitia
2887 1555 3037 1621 item,
3070 1557 3276 1611 sancti-

1708 1646 1887 1702 ﬁcatio
1918 1656 1971 1702 et
2002 1646 2319 1716 redemptio.

1774 1738 1939 1795 Vsus.
2002 1739 2091 1803 10,
2148 1739 2234 1811 ii.
2299 1737 2559 1804 Quoniam
2622 1753 2724 1793 non
2780 1738 2938 1792 estin
2971 1755 3058 1795 ore
3093 1756 3276 1793 eorum

76 1830 321 1899 ήκαρδία
374 1831 575 1890 αὐτῶν
610 1837 850 1905 ματαία.
883 1835 1099 1889 Ματαία
1136 1835 1193 1889 δὲ
1234 1835 1327 1890 καὶ
1365 1834 1472 1889 τῶν
1499 1834 1600 1901 ἔξω

1707 1830 1916 1893 veritas,
1934 1844 2025 1883 cor
2053 1844 2235 1883 eorum
2268 1843 2455 1881 vanum
2476 1838 2574 1884 est.
2593 1824 2805 1880 Vanum
2835 1840 3050 1895 quoque
3077 1831 3163 1880 est
3183 1840 3277 1879 cor

76 1923 272 1995 ωυῶνή
306 1925 501 1983 καρδία
531 1902 659 1999 περὶ
706 1920 783 1981 ὧν
817 1926 1028 1999 εἴρηται
1050 1946 1063 1958 ·
1089 1929 1302 1996 Κύριος
1332 1926 1600 1998 γινώσκει

1707 1920 2038 1974 exoticorum
2068 1920 2537 1990 philosophorum,
2564 1918 2848 1990 dequibus
2880 1918 3078 1974 dicitur
3113 1935 3127 1972 :
3167 1917 3277 1971 Do-

74 2014 184 2079 τοὺς
218 2013 642 2086 διαλογισμοὺς
676 2017 796 2072 τῶν
833 2016 1059 2087 σοφῶν,
1084 2018 1172 2071 ὅτι
1194 2019 1313 2073 εισι
1330 2019 1565 2089 μάταιοι
1588 2037 1602 2049 ·

72 2102 128 2160 ὧν
154 2106 175 2161 ὁ
203 2107 401 2179 λάρυγξ
441 2109 672 2162 ἀπέπνει
716 2109 886 2180 νεκρὰ
922 2108 1187 2178 δόγματα,
1219 2106 1310 2161 τὸν
1346 2108 1606 2172 ζωοποιδν

72 2200 143 2251 τοῦ
163 2200 284 2253 Θεοῦ
310 2199 467 2268 λόγον
493 2200 567 2271 μὴ
592 2200 966 2263 διδασκόντων,
1000 2199 1091 2252 τὸν
1122 2198 1179 2251 δὲ
1209 2198 1374 2270 ψευδῆ
1399 2200 1499 2256 καὶ
1516 2218 1606 2253 νε.-

73 2292 174 2361 κρόν
191 2305 202 2318 ⁸
229 2288 442 2358 Κρῖνσν
491 2290 733 2356 αὐτοὺς.
761 2292 795 2343 ὁ
821 2290 986 2354 Θεὸς,
1014 2287 1141 2351 τοὺς
1163 2286 1606 2353 ἐπιϐουλεύοντάς

75 2384 275 2452 μους-αῖς
304 2382 429 2453 περὶ
460 2383 558 2453 τῆς
579 2380 938 2453 κληρονομίας
966 2379 1175 2455 ἐλπίσιν
1194 2372 1388 2461 ’.οὗτοι
1415 2379 1521 2453 γάρ
1546 2397 1605 2433 σε

74 2473 552 2543 παραπικραινοῦσι.
581 2472 799 2539 Κρῖνον
818 2490 830 2502 ·
882 2471 982 2526 ’σοῦ
1005 2472 1113 2541 γάρ
1144 2470 1335 2537 σώζειν
1386 2472 1607 2527 σπουδά-

74 2565 239 2630 ζοντος.
266 2565 591 2636 πολεμοῦσιν
632 2565 1090 2630 ἐπιϐουλεύοντες.
1137 2564 1393 2619 Βούλεται
1425 2565 1482 2620 δέ
1511 2565 1605 2619 καὶ

74 2660 231 2722 αὖτοὺς
279 2658 526 2712 ἐντεῦθεν
585 2658 687 2731 ῆδη
745 2660 1053 2729 κριθέντας
1103 2659 1467 2732 ὠφεληθῆναι,
1508 2658 1603 2715 τοῦ

74 2749 268 2816 πλήθους
286 2748 394 2803 τῶν
427 2749 599 2822 άσεϐη
608 2750 790 2821 μάτων
815 2750 919 2817 ἔξω
946 2752 1360 2823 γεγενημένους.

126 2926 219 2980 Kal
238 2926 743 2996 εὐφρανθήτωσαν
771 2926 993 2995 πάντες
1043 2929 1097 2993 ol
1129 2924 1470 2994 ἐλπίζοντες
1503 2927 1602 2982 ἐπὶ

73 3014 145 3079 σὲ,
173 3019 250 3084 εις
285 3016 470 3072 αὶῶνα
499 3016 971 3087 ἁγαλλιάσονται
994 3017 1094 3072 καὶ
1118 3015 1605 3084 κατασκηνώσεις

73 3107 126 3159 ἐν
147 3106 348 3174 αὐτοῖς.
382 3106 541 3161 Ἀλλά
564 3109 659 3161 καὶ
685 3106 777 3160 ἐπὶ
796 3107 893 3180 τῆς
920 3105 1016 3161 τοῦ
1035 3106 1287 3178 Σωτῆρος
1314 3104 1601 3175 ἐπιδημίας

74 3197 420 3271 ηὐφράνθησαν
451 3200 499 3253 οἱ
524 3198 625 3270 τὴν
646 3199 811 3253 αὐτοῦ
838 3200 1312 3272 καραδοκήσαντες
1333 3199 1604 3272 ἐνανθρώ-

76 3308 234 3362 πησιν·
256 3293 373 3362 ἥτις
418 3294 535 3356 τοῖς
580 3295 885 3366 προφήταις
917 3295 1013 3349 καὶ
1042 3299 1153 3359 τοῖς
1176 3294 1355 3351 νοοῦσι
1378 3297 1447 3352 τά
1478 3295 1602 3349 τού-

76 3399 154 3434 των
176 3382 441 3451 ἠλπίζετο.
498 3384 841 3455 Ἐπεδήμησε
868 3384 985 3458 γὰρ
1008 3389 1037 3440 ό
1072 3386 1203 3452 Θεὸς
1255 3388 1425 3457 Λόγος
1467 3387 1603 3460 σὰρξ

76 3473 288 3541 γεγονὼς,
313 3475 612 3546 προσλήψει
654 3475 874 3546 σαρκὸς,
894 3476 981 3529 ἵνα
1016 3476 1267 3549 σκηνώσῃ
1297 3481 1356 3532 ἐν
1378 3482 1489 3544 τοῖς
1514 3495 1605 3532 πε-

76 3566 377 3619 πιστευκόσιν
402 3564 571 3636 αὐτῷ,
594 3564 743 3628 ,κατὰ
763 3565 842 3630 τὸ,
881 3567 936 3619 Ὁ
970 3569 1161 3638 Λόγος
1185 3568 1340 3637 σὰρξ
1366 3570 1602 3639 ἐγένετο

74 3656 149 3709 καὶ
183 3656 524 3724 ἐσκήνωσεν
550 3659 621 3711 ὲν
639 3658 784 3737 ἡμῖν
812 3676 826 3689 ο
860 3660 909 3713 οἶ
933 3660 1027 3714 καὶ
1050 3661 1131 3723 είς
1154 3649 1326 3714 αίιῖῖνα
1345 3662 1603 3729 ἀγαλλιά-

75 3741 242 3817 mat,
272 3751 502 3822 ὁρῶντες
528 3744 623 3806 τοῦ
652 3752 1022 3825 σαρκωθέντος
1045 3751 1215 3820 Λόγου
1255 3751 1366 3820 τὴν
1390 3752 1597 3819 δόξαν,

72 3839 134 3903 ὡς
169 3843 537 3911 Μονοτενοῦς
592 3844 754 3911 παρὰ
807 3844 1057 3911 Πατρός,
1098 3846 1332 3917 πλήρης
1363 3843 1601 3915 χάριτος

72 3934 147 3984 καὶ
162 3933 431 4001 ἀληθείας
481 3932 534 3987 οἴ
560 3935 655 3987 καί
674 3950 836 4004 φασιν
860 3953 872 3966 ·
893 3937 962 3989 Et
982 3935 1080 3990 καὶ
1097 3936 1437 4006 ἐγνώκαμεν
1449 3936 1599 3991 κατὰ

73 4020 240 4090 σάρκα
279 4025 556 4093 Χριστὸν,
613 4026 773 4080 ἀλλὰ
813 4026 931 4081 νῦν
960 4028 1158 4082 οὐκέτι
1206 4028 1597 4099 γινώσκομεν,

74 4114 250 4182 ἔχοντες
273 4115 509 4186 θεωρίαν
532 4117 630 4188 τῆς
656 4115 813 4188 δόξης
826 4118 1013 4183 αὐτοῦ,
1045 4118 1165 4173 καθ’
1201 4120 1267 4192 ἢν
1291 4118 1601 4194 Μονογενὴς

74 4203 194 4273 παρὰ
222 4206 428 4277 Πατρός
454 4208 625 4261 ἐστιν.
789 4216 792 4225 ’

126 4294 217 4347 Kal
244 4296 649 4364 καυχήσονται
670 4298 741 4351 ἐν
763 4299 860 4353 σοι
878 4303 933 4355 ol
953 4299 1299 4370 ἀγαπῶντες
1322 4302 1386 4355 τὸ
1414 4302 1599 4373 ὄνομα

74 4398 181 4445 σου,
199 4384 370 4439 ὅτισὺ
391 4387 746 4455 εὐλογήσας
771 4390 1002 4447 δίκαιον
1022 4432 1035 4445 .
1069 4392 1249 4465 Οὔσης
1276 4393 1433 4462 λόγου
1454 4410 1592 4448 καυ-

69 4474 409 4565 ζήσοωςφερὶ
430 4470 497 4548 ἦς
520 4477 550 4529 6
572 4475 781 4541 Παῦλος
806 4496 970 4551 φησιν
992 4496 1006 4511 ο
1037 4481 1255 4565 Μηδεὶς
1276 4480 1595 4549 καυχάσθω

1706 2011 1876 2064 minus
1927 2010 2070 2065 novit
2118 2011 2461 2080 cogitationes
2492 2012 2810 2080 sapientum,
2857 2012 3103 2082 quoniam
3130 2026 3276 2064 vente

1707 2111 1827 2158 sunt
1854 2102 1901 2135 ⁶¹
1926 2120 1940 2156 :
1982 2116 2213 2172 quorum
2243 2110 2429 2173 guttur
2457 2102 2736 2157 mortifera
2756 2103 2974 2159 exhalat
3000 2102 3273 2173 dogmata,

1706 2207 1831 2248 cum
1877 2206 1986 2247 non
2025 2192 2295 2247 viviﬁcum
2328 2190 2424 2247 Dei
2472 2192 2697 2247 verbum
2728 2192 2957 2255 doceat,
2990 2194 3082 2250 sed
3123 2210 3276 2249 meno

1706 2286 1862 2341 dacia
1888 2292 1941 2341 et
1973 2292 2187 2341 mortua
2214 2283 2455 2357 proferat
2483 2284 2669 2340 verba.
2707 2283 2903 2339 Judica
2936 2285 3081 2347 illos,
3111 2284 3270 2349 Deus,

1704 2378 1798 2448 qui
1851 2394 1984 2434 mea:
2010 2379 2079 2434 de
2117 2376 2311 2433 futura
2355 2378 2669 2435 haareditate
2731 2376 2844 2449 spei
2893 2377 3273 2433 insidiantur:

1705 2484 1832 2523 nam
1865 2470 1902 2524 ii
1932 2477 1985 2527 te
2009 2487 2220 2528 summe
2245 2470 2481 2526 irritant.
2509 2469 2732 2536 Judica,
2773 2478 2826 2526 te
2862 2485 3097 2541 namque
3128 2472 3276 2526 salu-

1705 2569 1813 2618 tem
1842 2571 2085 2619 nostram
2115 2574 2463 2636 procurante,
2491 2566 2814 2623 insidiosum
2834 2567 2908 2621 illi
2942 2566 3139 2621 bellum
3176 2583 3272 2635 ρος

1705 2665 1846 2710 rant.
1870 2654 2125 2725 Peroptat
2158 2656 2325 2710 etiam
2358 2655 2622 2713 Dominus
2659 2657 2806 2727 ipsos
2831 2657 2915 2713 vel
2934 2656 3045 2721 jam
3063 2656 3275 2725 judica-

1707 2757 1787 2803 tos
1817 2746 1942 2803 inde
1965 2747 2165 2817 iuvari,
2186 2748 2233 2802 si
2258 2746 2474 2817 quidem
2506 2762 2534 2800 a
2561 2747 2907 2805 multitudine
2938 2750 3275 2819 impietatum

1706 2836 2021 2895 abscedant.

1776 2927 1941 2985 Vens.
1978 2930 2074 2985 12.
2102 2928 2169 2984 Et
2195 2929 2436 2985 lwtentur
2469 2946 2645 2984 omnes
2676 2930 2765 3001 qui
2798 2938 3009 2999 sperant
3031 2927 3093 3003 in.
3120 2941 3187 2991 te,
3219 2931 3274 2985 in

1704 3030 1955 3076 aeternum
1975 3021 2313 3077 exsultabant
2341 3030 2392 3076 et
2425 3020 2691 3076 habitabis
2724 3023 2780 3075 in
2801 3021 2897 3077 eis.
2923 3021 2982 3075 ln
3004 3020 3123 3092 ipso
3149 3020 3271 3074 Sal-

1703 3111 1906 3165 vatoris
1933 3100 2165 3165 adventu
2197 3112 2363 3166 lmtati
2394 3119 2522 3166 sunt
2552 3111 2590 3165 ii
2640 3111 2733 3181 qui
2772 3112 2905 3181 eius
2942 3112 3281 3167 incarnatioé

1704 3214 1825 3253 nem
1858 3201 2245 3268 exspectabant
2279 3219 2292 3253 :
2321 3214 2443 3269 quae
2471 3201 2691 3270 quidem
2744 3217 2871 3270 spes
2915 3201 3194 3271 prophetis
3219 3210 3275 3257 et

1708 3290 1777 3349 iis
1806 3290 1896 3360 qui
1928 3290 2079 3359 paria
2138 3290 2443 3347 sentiebant
2502 3292 2698 3346 inerat.
2748 3290 2985 3346 Advenit
3038 3308 3274 3362 namque

1705 3379 1848 3436 Deus
1876 3378 2113 3435 Verbum
2134 3395 2263 3437 cum
2284 3396 2414 3437 caro
2443 3381 2643 3436 factum
2670 3390 2774 3450 est,
2796 3390 3073 3455 assumpta
3107 3400 3273 3441 carne

1704 3479 1762 3528 ut
1781 3486 1905 3527 cum
1934 3471 2182 3529 ﬁdelibus
2205 3474 2320 3528 suis
2344 3473 2635 3540 habitaret,
2649 3473 2804 3544 iuxta
2838 3474 2969 3530 illud
2995 3495 3007 3531 :
3048 3475 3273 3532 Verbum

1702 3582 1830 3623 caro.
1850 3564 2157 3636 {cenauerit
2187 3575 2237 3619 et
2265 3565 2519 3621 habitavit
2566 3567 2620 3619 in
2650 3565 2797 3620 nobis
2832 3566 2898 3621 ⁸⁸.
2927 3567 2969 3621 li
3002 3575 3179 3621 autem
3217 3568 3271 3620 in

1701 3665 1962 3712 aeternum
2015 3657 2406 3722 exsultabunt,
2460 3656 2706 3712 videntes
2770 3656 3036 3710 incarnati
3106 3655 3273 3713 Verbi

1700 3748 1925 3819 gloriam
1964 3750 2119 3819 quasi
2157 3747 2421 3819 Unigeniti
2452 3765 2485 3801 a
2518 3746 2701 3811 Patre,
2756 3736 2965 3815 plenum
3006 3750 3194 3818 gratia:
3221 3758 3271 3802 et

1700 3841 1933 3895 veritatis
1964 3841 2029 3895 “.
2070 3840 2174 3907 Qui
2226 3839 2413 3894 dicunt
2458 3840 2668 3895 etiam:
2715 3838 2834 3893 Etsi
2883 3842 3270 3911 cognoverimus

1701 3927 1967 3984 Christum
1990 3927 2273 3982 secundum
2300 3944 2536 3991 carnem,
2571 3944 2687 3997 iam
2716 3944 2819 3981 non
2850 3927 2995 3980 ultra
3035 3928 3273 3981 novimus

1698 4038 1817 4077 eum
1845 4019 1915 4087 “,
1947 4021 2211 4075 habentes
2238 4021 2747 4091 contemplationem
2780 4020 2964 4091 gloriae
3001 4020 3141 4090 ejus.
3182 4035 3268 4073 se,

1699 4108 1936 4169 cundum
1961 4127 2123 4183 quam
2155 4121 2241 4167 est
2266 4110 2590 4184 Unigenitus
2611 4129 2641 4167 a
2669 4110 2848 4168 Patre.

1716 4252 1719 4259 ι
1769 4284 1933 4346 Vens.
1975 4287 2060 4342 i5.
2094 4286 2163 4342 Et
2209 4286 2578 4360 gloriabuntur
2620 4290 2675 4342 in
2714 4296 2761 4341 te
2791 4288 2881 4358 qui
2916 4287 3141 4359 diligunt
3173 4305 3261 4343 no-

1700 4395 1813 4432 men
1866 4388 2035 4440 tnum,
2065 4382 2312 4451 quoniam
2365 4388 2419 4433 tu
2461 4377 2724 4433 benedices
2755 4378 2925 4447 justo.
2955 4377 3091 4459 Cum
3152 4379 3255 4449 glo-

1698 4469 1941 4524 riationis
1970 4470 2196 4525 verbum
2231 4471 2339 4537 sit,
2384 4469 2453 4524 de
2492 4484 2601 4538 quo
2626 4469 2846 4523 ‘Paulus
2881 4469 2955 4525 ait
2996 4489 3009 4524 :
3068 4468 3263 4525 Nullus

76 4558 127 4609 ἐν
153 4562 481 4653 ἀνθρώποις,
523 4568 617 4620 καὶ
658 4568 696 4620 6
719 4572 1001 4643 προφήτης
1021 4558 1055 4602 ·’
1082 4572 1177 4639 Μὴ
1206 4572 1534 4641 καυχάσθω
1559 4574 1591 4625 ὁ

1707 4558 1947 4628 glorietur
1976 4561 2029 4614 in
2050 4560 2345 4615 hominibus
2383 4560 2456 4626 “;
2486 4568 2540 4614 et
2566 4561 2827 4631 propheta
2852 4580 2865 4615 :
2908 4560 2989 4615 Ne
3010 4562 3259 4633 glorietur

78 4649 229 4717 σοφός
253 4638 423 4721 ἐν’τῇ
443 4654 629 4722 σοφίᾳ
654 4654 858 4719 αὑτοῦ,
888 4638 985 4709 ita).
1006 4656 1075 4711 τά
1099 4638 1224 4729 ἑξῆς
1243 4677 1257 4690 ·
1281 4638 1589 4731 ούτοιαύτη

76 4742 288 4810 τυγχάνει
313 4745 347 4814 ἡ
372 4744 463 4798 τοῦ
489 4746 738 4815 λέ-γοντος
756 4763 769 4775 ·
809 4747 970 4815 Ἐμοὶ
987 4748 1055 4802 δὲ
1079 4752 1158 4819 μὴ
1190 4751 1421 4821 γένοιτο
1452 4769 1594 4807 καυ-

79 4829 257 4897 κάσθαι
293 4837 344 4889 ἐι
388 4836 471 4905 μὴ
516 4838 586 4892 ἐν
618 4836 697 4904 τῷ
736 4838 976 4907 σταυρῷ
1018 4842 1125 4896 τοῦ
1166 4844 1384 4911 Kvplov
1426 4841 1595 4911 ἡμῶν

89 4920 253 4986 Ἰησοῦ
273 4926 558 4995 Χριστοῦ·
605 4931 736 4993 ’καὶ,
776 4930 830 4982 '0
869 4930 1270 5000 καυχώμενος,
1299 4933 1369 4985 ἑν
1396 4933 1595 5002 Κυρίῳ

82 5015 374 5082 καυχάσθω.
408 5019 643 5074 Τοιοῦτοι
694 5022 822 5091 περὶ
870 5014 944 5075 ὧν
970 5022 999 5073 6
1028 5010 1205 5089 λόγος,
1231 5023 1593 5095 ὴγαπηκότων

81 5102 205 5159 αὑτοῦ
242 5109 300 5161 τὸ
349 5110 536 5180 ὄνομα.
585 5112 903 5184 Προαιρέσει
942 5112 1069 5181 γάρ,
1094 5113 1154 5165 ού
1178 5115 1345 5185 φόϐῳ,
1367 5132 1592 5186 τετιμη-

83 5193 201 5257 κότες
250 5200 569 5271 ἐπαυχῶ-πο.
600 5202 779 5262 Δῑτιον
800 5203 856 5257 δὲ
888 5202 995 5273 τῆς
1020 5202 1371 5272 καυχήσεως
1396 5206 1455 5260 τὸ
1480 5206 1591 5259 τῶν

85 5284 364 5354 ἐπουρανίων
388 5295 693 5365 ,τυγχάνειν
740 5294 995 5364 εύλογιῶν
1020 5312 1032 5325 ·
1077 5295 1205 5366 περ)¹
1250 5290 1324 5349 ὧν
1366 5315 1526 5369 φησιν
1563 5301 1591 5351 ὁ

95 5378 362 5444 Atos-.010;
379 5399 393 5411 -
412 5386 749 5457 Εὐλογητὸς
780 5390 812 5440 δ
839 5386 983 5451 Θεὸς
1011 5390 1044 5440 δ
1073 5384 1412 5454 εὐλογήσας
1436 5387 1591 5457 ἡμᾶς

85 5465 134 5517 ἐγ
152 5469 293 5538 πάσῃ
312 5475 549 5543 εὐλογίᾳ
574 5477 940 5546 πνευματικῇ
959 5479 1027 5531 ὲν
1052 5478 1173 5543 τοῖς
1192 5478 1585 5546 ἐπουρανίοις.

88 5556 169 5611 Καὶ
194 5562 327 5617 τέλος
366 5563 423 5617 δὲ
465 5565 676 5632 ἀγαθῶν
714 5568 813 5637 τῆς
847 5567 1203 5641 ἐλπιζομένης
1228 5568 1588 5643 κληρονομίας

141 5735 336 5815 f'J‘sal.
374 5758 535 5807 sunt,
572 5745 654 5799 Η.
730 5745 774 5777 ⁸³
806 5743 961 5802 Joan.
1000 5763 1050 5810 l,
1086 5747 1172 5803 Η.
1251 5747 1296 5781 ⁸⁵
1335 5748 1463 5807 ibid.
1543 5749 1586 5783 "

1707 5749 1823 5806 Cor.
1864 5766 1893 5804 x
1921 5788 1936 5815 ,
1975 5751 2058 5806 16.
2138 5751 2240 5814 "_l
2274 5753 2398 5807 Cor.
2436 5766 2526 5811 ιιι.
2561 5749 2652 5805 ει.

96 5800 145 5831 υ·
175 5805 326 5867 Galat.
360 5830 449 5879 τι,
492 5800 571 5870 1t.
645 5816 688 5848 σε
730 5817 747 5871 l
782 5800 1000 5883 Coiﬁ,
1035 5800 1123 5873 317.

1698 4652 1904 4719 sapiens
1939 4653 1993 4705 in
2044 4652 2304 4719 sapientia
2335 4668 2433 4704 sua
2464 4651 2543 4717 ⁸⁷,
2577 4663 2630 4708 et
2665 4653 2902 4731 reliqua;
2927 4669 3035 4713 non
3071 4654 3257 4723 hujus:

1697 4743 1843 4798 modi
1869 4758 2001 4798 sane
2020 4742 2193 4813 gloria
2228 4742 2358 4812 eius
2403 4751 2510 4810 est,
2531 4744 2623 4816 qui
2662 4746 2741 4801 sic
2772 4746 2896 4803 ait:
2922 4745 3056 4798 Mihi
3088 4756 3259 4800 autem

1696 4834 1834 4887 absit
1881 4833 2134 4903 gloriari,
2176 4834 2280 4887 nisi
2321 4835 2375 4887 in
2410 4850 2583 4889 'cruce
2636 4835 2847 4889 Domini
2902 4835 3069 4889 nostri
3131 4833 3258 4889 Jesu

1697 4923 1894 4979 Christi
1924 4925 2013 4991 ‘7';
2036 4932 2089 4977 et
2119 4944 2132 4979 :
2161 4924 2266 4991 Qui
2299 4928 2559 4998 gloriatur
2578 4928 2632 4980 in
2664 4926 2888 4980 Domino
2924 4926 3175 4998 glorietur
3193 4929 3256 4981 ⁸⁸.

1696 5018 1856 5074 Tales
1883 5018 1919 5072 ii
1952 5027 2077 5074 sunt
2116 5019 2183 5075 de
2209 5020 2408 5090 quibus
2423 5020 2533 5088 iam
2571 5035 2750 5075 sermo
2784 5029 2886 5084 est,
2914 5021 3007 5091 qui
3052 5023 3257 5077 scilicet

1696 5112 2003 5167 dilexerunt
2038 5110 2426 5179 nomenejus.
2485 5108 2713 5181 Proprio
2766 5114 2909 5189 enim
2963 5112 3256 5169 voluntatis

1693 5205 1926 5268 delectu,
1962 5220 2072 5260 non
2098 5213 2277 5271 autem
2311 5202 2525 5270 timore,
2563 5202 2729 5258 Deum
2782 5205 3022 5259 colentes
3057 5205 3253 5274 gloria-

1693 5296 1909 5350 bantur.
1945 5294 2115 5351 Porro
2142 5294 2471 5365 gloriationis
2494 5295 2809 5365 huiusmodi
2842 5310 3005 5349 causa
3032 5310 3062 5348 a
3088 5297 3247 5351 cmle-

1692 5389 1864 5445 stibus
1902 5388 2371 5445 benedictionibus
2404 5404 2551 5459 quas.
2573 5390 2918 5449 consecuturi
2961 5397 3089 5442 sunt
3119 5390 3247 5460 peti.

1689 5489 1811 5546 tur;
1844 5480 1911 5535 de
1938 5481 2239 5551 quibusait
2265 5480 2557 5551 Apostolus
2589 5502 2603 5535 ι
2638 5478 2948 5536 Benedictus
2977 5480 3251 5541 Dominus,

1689 5573 1775 5643 qui
1800 5570 2061 5632 benedixit
2093 5594 2185 5631 nos
2225 5577 2280 5631 in
2326 5577 2469 5629 omni
2518 5574 2867 5630 benedictione
2891 5574 3159 5639 spirituali
3200 5577 3249 5627 in

2750 5750 2793 5781 ⁶⁷
2818 5747 3015 5806 Jerem.
3050 5766 3124 5810 rx,
3158 5748 3227 5779 ⁰⁷
