3928 6336
699 363 803 429 ιω

1380 360 1648 417 EUSEBII
1674 356 2159 417 CJESARIENSIS
2196 354 2346 413 OPP.
2365 354 2544 411 PARS
2581 354 2670 411 ΙΠ.
2706 384 2779 397 --
2812 348 3214 409 EXEGETICA.

3801 351 3901 407 £20

699 473 985 529 caelestibus
1016 474 1077 527 ⁶⁹.
1135 472 1284 528 Finis
1345 484 1522 528 autem
1568 475 1831 529 bonorum
1883 472 1937 526 in
1992 485 2057 525 ea
2092 485 2246 540 quam

2356 470 2385 521 δ
2412 469 2511 539 τῆς
2557 466 2898 537 δικαιοσύνης
2942 467 3221 535 στέφανος,
3259 460 3320 522 οῦ
3365 467 3641 533 τεύξονται
3683 470 3730 523 οἱ
3770 470 3901 523 κατὰ

696 579 977 634 speramus
1027 564 1369 631 haereditate,
1407 572 1492 620 est
1534 579 1738 620 corona
1794 563 2043 632 iustitiae,
2089 577 2247 631 quam

698 646 1197 711 consecuturus'est
1229 655 1478 726 quisquis
1506 671 1627 711 cum
1654 656 1823 711 Paulo
1845 656 2026 711 dicere
2055 656 2200 710 valet
2235 673 2249 711 :

698 743 767 798 In
794 746 989 817 reliquo
1020 746 1250 815 reposita
1280 756 1357 800 est
1388 748 1517 800 mihi
1545 763 1737 806 corona
1758 746 1984 816 justitiw
2009 746 2055 777 '°
2095 762 2111 799 :
2146 759 2254 814 quo

696 851 890 905 genere
922 851 1197 892 armorum
1218 838 1296 891 uti
1319 835 1466 893 Deus
1492 838 1683 904 voluit,
1717 848 1775 893 ut
1812 854 1941 909 suos
1959 851 1990 892 a
2015 836 2255 911 quolibet

694 925 878 993 hostili
915 927 1257 982 inimicorum
1285 928 1506 984 incursu
1534 928 1864 987 defenderet.
1950 946 1951 949 ‘

1172 1035 1497 1101 PSALMUS
1528 1039 1737 1094 οΑγιι)
1767 1040 1852 1095 Vl.

980 1148 1032 1202 1.
1062 1146 1133 1206 In
1155 1149 1312 1218 ﬁnem
1341 1150 1398 1217 in
1429 1150 1655 1221 hymnis,
1685 1167 1779 1221 pro
1806 1164 2009 1209 octava.

763 1283 965 1339 Octava
996 1293 1080 1340 est
1108 1286 1361 1360 salutaris
1386 1290 1803 1347 resurrectionis
1832 1290 2037 1348 Christi
2068 1291 2256 1349 Domi-

694 1375 816 1429 nica
843 1376 981 1442 dies,
1015 1378 1072 1431 in
1100 1392 1206 1449 qua
1236 1387 1582 1449 peccatorum
1614 1384 1852 1438 omnium
1883 1385 2252 1456 purgationem

693 1481 815 1522 esse
846 1467 1149 1538 credimus;
1176 1471 1232 1525 in
1261 1487 1368 1543 qua
1390 1474 1686 1546 symbolice
1715 1476 1933 1547 quidem
1967 1479 2253 1534 circumci-

695 1554 959 1612 debautur
976 1573 1162 1615 omnes
1192 1558 1449 1627 infantes,
1483 1561 1583 1617 sed
1611 1578 1798 1626 revera
1830 1579 1926 1633 per
1962 1579 2251 1634 regenera-

692 1647 893 1705 tionem
944 1657 1209 1721 purgatur
1262 1652 1443 1706 anima
1498 1654 1753 1723 quaelibet
1806 1654 1862 1707 in
1907 1653 2015 1709 Deo
2050 1656 2249 1725 genita.

691 1740 877 1812 Usque
900 1742 1032 1798 adeo
1075 1749 1256 1797 autem
1300 1744 1652 1811 praestantior
1684 1752 1768 1800 est
1795 1745 1881 1800 die
1913 1746 2158 1815 septima,
2192 1752 2252 1800 ut

691 1832 747 1886 in
791 1849 855 1889 ca
901 1836 1146 1890 solvatur
1171 1834 1253 1907 lex
1292 1833 1537 1900 Sabbati,
1573 1835 1621 1890 si
1648 1850 1771 1890 cum
1811 1844 2001 1891 octava
2025 1835 2250 1891 infantis

690 1924 779 1982 die
803 1924 1008 1981 incidat
1036 1925 1259 1981 Sabbati
1290 1925 1408 1982 dies
1440 1944 1452 1981 :
1490 1927 1651 1983 homo
1679 1926 1876 1997 quippe
1909 1929 1994 1983 vel
2025 1932 2078 1983 ln
2113 1926 2251 1982 Sab-

690 2017 817 2074 bato
853 2018 1277 2073 circumciditur.

764 2103 927 2161 Vens.
993 2106 1111 2162 24.
1171 2105 1407 2171 Domine,
1482 2122 1544 2161 ne
1598 2107 1656 2159 in
1689 2106 1866 2176 furore
1918 2115 2007 2161 tuo
2057 2122 2250 2177 arguas

690 2209 969 2269 atqueque
990 2196 1043 2250 in
1071 2198 1156 2250 ira
1186 2204 1275 2249 tua
1295 2194 1550 2266 corripias
1580 2212 1683 2250 me.
1715 2195 1965 2250 Miserere
1988 2198 2108 2263 mei,
2138 2197 2249 2252 Do-

690 2289 845 2354 mine,
902 2292 1149 2359 quoniam
1186 2291 1424 2359 inﬁrmus
1482 2306 1600 2343 sum
1615 2306 1641 2363 ,ζ
1695 2306 1827 2343 sana
1881 2305 1981 2355 me,
2008 2288 2246 2359 Domine,

688 2382 933 2452 qnaniam
962 2381 1277 2435 conturbata
1309 2386 1430 2434 sunt
1464 2396 1584 2433 ossa
1628 2395 1765 2433 mea.
1794 2378 1928 2434 Nam
1969 2395 2129 2437 omne
2154 2382 2249 2442 de-

688 2474 876 2529 lictum
904 2490 970 2529 ex
1003 2474 1317 2528 inﬁmitate
1346 2472 1540 2537 oritur,
1577 2472 1703 2543 quia
1727 2474 1908 2528 anima
1949 2473 2016 2527 ad
2050 2490 2247 2546 pravos

692 2579 903 2633 semper
923 2563 1146 2620 allectus
1166 2564 1459 2619 inclinatur
1488 2581 1502 2617 :
1534 2573 1864 2637 quapropter
1899 2563 1965 2618 ad
1998 2564 2250 2620 Servato-

689 2668 802 2705 rem
826 2660 877 2707 et
899 2654 1185 2722 medicum,
1220 2653 1314 2710 Dei
1344 2655 1549 2711 scilicet
1582 2652 1800 2721 Filium,
1831 2654 2091 2725 confugit.
2114 2655 2247 2711 Nam

689 2757 812 2797 cum
855 2745 908 2798 in
943 2745 1178 2801 animam
1225 2746 1599 2801 rationabilem
1648 2747 1882 2811 advenit,
1913 2754 2096 2816 utpote
2128 2763 2244 2802 ver-

686 2833 813 2889 bum
864 2843 918 2889 et
947 2836 1087 2891 ratio
1115 2835 1232 2900 Dei,
1279 2837 1398 2905 ejus
1428 2837 1827 2892 irrationabiles
1856 2846 2039 2893 motus
2074 2840 2249 2892 elimi-

686 2932 820 2992 nat;
854 2934 911 2979 ut
940 2926 1225 2995 sapientia,
1260 2925 1327 2980 ab
1358 2927 1673 2996 insipientia
1707 2928 1877 2998 ipsam
1923 2927 2133 2991 liberat,
2191 2937 2248 2983 ut

634 3068 639 3073 .
686 3016 895 3085 iustitia
924 3016 992 3068 ab
1024 3015 1315 3085 injustitia,
1366 3023 1426 3069 ut
1465 3018 1664 3071 veritas
1705 3032 1732 3070 a
1779 3017 2089 3072 mendacio.
2140 3017 2248 3072 Ro-

686 3111 874 3165 bustas
920 3123 1084 3179 porro
1111 3108 1276 3164 animi
1324 3109 1467 3165 vires
1496 3109 1824 3173 subindicat,
1870 3124 1992 3162 cum
2018 3110 2093 3162 ait
2116 3124 2249 3165 con-

2356 561 2565 616 Παῦλον
2597 560 2773 629 λέγειν
2807 560 3118 630 δυνάμενοι·
3154 559 3376 615 Λοιπὸν
3403 560 3709 615 ἀπόκειταί
3736 578 3831 631 μοι
3871 564 3902 617 ό

2353 651 2461 720 τῆς
2480 653 2864 720 δικαιοσύνης
2883 650 3176 721 στέφανος
3194 669 3207 683 ·
3238 645 3388 724 ᾧπερ
3411 653 3704 725 ηὐδόκησεν
3732 655 3758 705 ὁ
3778 655 3902 719 Θεὸς

2353 742 2505 810 ὅπλῳ
2532 741 2835 813 χρήσασθαι
2869 741 3177 812 φυλακτικῷ
3205 740 3383 812 πάσης
3426 742 3613 811 ἐφόδου
3643 742 3901 814 πολεμίοιν

2362 829 2623 901 ἐπιούσης
2647 830 2789 884 κατὰ
2810 830 2919 885 τῶν
2940 831 3152 884 οἰκείων
3178 829 3363 884 αὐτοῦ.

2735 1032 3028 1086 “mox
3071 1032 3158 1084 το
3204 1030 3399 1085 tum
3434 1032 3525 1099 (τι.

2459 1146 2564 1210 Εἰς
2598 1143 2665 1198 τὸ
2697 1142 2870 1210 τέλος
2896 1144 2965 1197 ἐν
3007 1144 3218 1213 ὕμνοις
3246 1142 3396 1212 ὑπὲρ
3419 1142 3532 1212 τῆς
3569 1144 3801 1212 ὀγδόης.

2436 1276 2622 1346 Ὀγδόη
2644 1275 3054 1347 ήάναστάσιμος
3068 1276 3161 1329 τοῦ
3188 1276 3436 1348 Σωτῆρος
3460 1277 3641 1349 ἡμέρα
3676 1280 3902 1348 κυριακὴ

2357 1369 2649 1440 σωτήριος,
2670 1371 2730 1427 ἐν
2754 1364 2786 1444 ᾖ
2809 1369 3022 1423 πάντων
3045 1373 3450 1444 ἁμαρτημάτων
3466 1370 3756 1442 καθάρσιον
3777 1368 3904 1423 εἷναι

2352 1462 2678 1533 πιστεύομεν
2697 1481 2709 1492 ·
2738 1466 2794 1516 ὲν
2822 1457 3215 1539 ᾖσυμϐολικῶς
3243 1466 3339 1536 μὲν
3360 1466 3502 1518 ἅπαν
3532 1465 3903 1535 neptem-iuvato

2354 1553 2572 1626 βρέφος,
2606 1554 2747 1608 κατά
2774 1554 2830 1607 δὲ
2855 1555 2916 1607 τὸ
2938 1555 3135 1627 ἀληθὲς
3177 1556 3493 1627 καθαίρεται
3523 1555 3590 1609 δι’
3625 1556 3903 1625 ἀναγεννή-

2353 1663 2489 1710 σεως
2520 1649 2669 1701 πᾶσα
2719 1648 2778 1701 ὲν
2831 1645 2949 1715 Θεῷ
2983 1647 3128 1718 ψυχὴ
3180 1647 3509 1716 γεννωμένη.
3554 1645 3815 1698 Τοσοῦτον
3857 1646 3905 1698 δὲ

2352 1740 2599 1806 κρεῖττον
2652 1736 2790 1807 αὑτὴ
2822 1736 2920 1805 τῆς
2943 1736 3193 1806 ἑϐδόμης,
3215 1736 3290 1798 ὼς
3310 1737 3369 1788 ὲν
3393 1737 3527 1807 αὐτῇ
3576 1733 3794 1788 λύεσθαι
3815 1734 3906 1805 τὴν

2351 1827 2479 1898 περὶ
2528 1825 2620 1881 τοῦ
2684 1825 2949 1881 σαϐϐάτου
3002 1824 3337 1895 νομοθεσίαν,
3384 1826 3431 1877 εί
3468 1824 3759 1877 καταλάϐοι
3793 1825 3905 1876 κατ’

2278 1890 2322 1947 Β
2351 1890 2516 1989 αὐτὴν
2543 1918 2684 1990 ἡτοῦ
2710 1916 2938 1989 βρέφους
2960 1890 3119 1987 ὀγδάη
3135 1933 3148 1947 °
3179 1916 3557 1985 περιτέμνεται
3578 1915 3684 1986 γὰρ
3706 1913 3905 1986 ἄνθρω-

2350 2026 2449 2070 πος
2472 2011 2530 2063 ὲν
2560 2008 2828 2081 σαϐϐάτῳ.

2421 2102 2616 2171 Κύριε,
2653 2102 2738 2169 μὴ
2788 2100 2869 2166 τῷ
2897 2099 3061 2169 θυμῷ
3105 2114 3219 2155 σου
3242 2099 3494 2169 ἐλέγξῃς
3529 2115 3624 2167 με,
3649 2095 3805 2165 μηδὲ
3836 2092 3905 2163 tri

2348 2191 2496 2263 ὀργῇ
2525 2208 2642 2246 σου
2662 2193 2991 2261 παιδεύσῃς(
3005 2208 3101 2261 με.
3154 2191 3443 2258 Ἐλέησόν
3466 2206 3562 2257 με,
3596 2189 3791 2255 Κύριε,
3823 2184 3905 2239 ὅτι

2348 2283 2614 2351 ἀσθενής
2658 2286 2805 2354 ειμι-
2841 2271 3008 2339 Iaca?
3044 2301 3140 2354 με,
3167 2284 3362 2350 Κύριε,
3399 2280 3485 2332 ὅτι
3512 2278 3809 2357 ἐταράχθη
3838 2278 3905 2331 τὰ

2350 2373 2499 2431 όστᾶ
2696 2373 2784 2439 Ἐξ
2816 2373 3093 2438 ἀσθενείας
3127 2371 3235 2443 γάρ
3263 2370 3406 2425 ἅπαν
3433 2372 3735 2441 ἁμάρτημα
3762 2369 3903 2437 γίνε-

2346 2484 2458 2531 ται,
2499 2466 2636 2538 πρὸς
2678 2466 2739 2519 τὺ
2768 2466 2936 2530 πάθος
2964 2466 3053 2519 ἀεὶ
3101 2465 3199 2535 τῆς
3230 2464 3404 2534 ψυχῆς
3448 2460 3787 2532 ἐνδιδούσης*
3832 2459 3905 2512 διὸ

2346 2557 2680 2628 καταφεύγει
2704 2559 2839 2628 πρὸς
2882 2558 2972 2611 τὸν
3005 2556 3232 2627 Σωτῆρα
3286 2556 3377 2609 καὶ
3404 2554 3605 2625 ἰατρὸν,
3646 2552 3740 2606 τὸν
3786 2552 3905 2604 Υἱὸν

2346 2652 2439 2706 τοῦ
2469 2651 2624 2705 Θεοῦ.
2666 2650 3049 2721 Ἐγγενὸμενος
3069 2648 3179 2721 γὰρ
3201 2648 3345 2721 ψυχῇ
3380 2651 3445 2719 τῇ
3469 2647 3679 2716 λογικῇ,
3706 2644 3787 2708 ὡς
3813 2644 3903 2714 μὲν

2345 2744 2497 2813 λόγος
2522 2743 2656 2797 Θεοῦ
2689 2742 2786 2815 τὴν
2814 2742 3036 2811 ἀλογίαν
3062 2741 3228 2813 αὐτῆς
3247 2742 3589 2812 ἀφαιρεῖταιο
3625 2737 3699 2799 ὡς
3733 2736 3792 2788 δὲ
3824 2752 3903 2787 σου

2347 2838 2444 2907 φία
2468 2838 2569 2907 τῆς
2595 2834 2899 2907 ἀφροσύνης
2921 2835 3089 2905 αὐτὴν
3117 2832 3461 2895 ἀπαλλάττει,
3489 2830 3583 2884 καὶ
3610 2830 3685 2893 ὡς
3710 2828 3903 2881 δικαιορ

2349 2927 2480 2997 σύνη
2511 2926 2607 2995 τῆς
2634 2925 2864 2991 ἀδικίας,
2887 2926 2980 2978 καὶ
3020 2924 3095 2988 ὡς
3136 2923 3359 2994 ἀλήθεια
3384 2921 3476 2975 τοῦ
3507 2921 3736 2989 ψεύδους
3765 2923 3902 2974 ἐλευ-

2347 3021 2513 3094 θεροῖ.
2543 3022 2653 3085 Τάς
2686 3020 2937 3085 νεανικὰς
2971 3021 3027 3073 δὲ
3069 3022 3168 3089 τῆς
3204 3020 3379 3090 ψυχῆς
3426 3019 3709 3087 ὑποφαίνει
3756 3019 3902 3072 δυνάι-

2351 3130 2491 3184 μεις,
2511 3112 2838 3183 τεταράχθαι
2861 3112 3037 3181 φήσας
3068 3110 3229 3162 αὑτοῦ
3255 3109 3325 3163 τὰ
3346 3110 3499 3175 ὀστᾶ,
3528 3110 3594 3161 δι’
3617 3102 3691 3163 ὧν
3718 3110 3901 3163 εἴωθεν

686 3201 901 3255 turbata
940 3215 1062 3256 esse
1112 3213 1237 3255 ossa
1289 3215 1423 3263 sua,
1472 3200 1671 3269 quibus
1714 3200 1942 3255 viriliter
1996 3198 2246 3254 violentis

2350 3201 2672 3275 ἀντιϐαίνειν
2700 3204 2811 3264 τοῖς
2839 3200 3066 3254 πάθεσιν
3109 3199 3374 3271 ἀνδρικῶς
3399 3217 3414 3230 ·
3448 3200 3477 3253 ὃ
3507 3198 3571 3269 δὴ
3597 3199 3901 3275 σαφηγίςων

687 3293 849 3359 animi
872 3292 1111 3371 motibus
1136 3291 1402 3347 obsistere
1446 3290 1690 3359 solebat;
1719 3291 1864 3361 quod
1914 3291 1967 3345 in
2019 3305 2251 3361 sequen-

686 3384 829 3439 tibus
858 3374 1099 3437 declarat
1151 3384 1237 3438 his
1263 3383 1439 3438 verbis
1475 3402 1488 3438 :
1540 3381 1610 3436 Et
1649 3386 1826 3441 anima
1884 3400 1997 3437 mea
2041 3382 2251 3436 turbata

685 3490 760 3532 est
790 3476 958 3531 valde.
997 3476 1200 3532 Medela
1234 3484 1414 3531 autem
1452 3493 1551 3548 pro
1576 3478 1890 3535 infirmitate
1921 3480 2135 3545 animae,
2170 3493 2250 3535 εει

672 3573 716 3619 'a
745 3567 857 3643 Deo
887 3568 1083 3622 collata
1126 3569 1332 3633 virtus,
1363 3584 1526 3638 quam
1578 3571 1831 3640 quisquis
1879 3570 2087 3626 obtinet
2115 3571 2189 3625 ait
2231 3590 2245 3626 :

688 3658 891 3726 Omnia;
911 3674 1121 3726 possum
1157 3662 1213 3714 in
1242 3659 1450 3717 Christo
1479 3664 1566 3732 qui
1604 3678 1683 3715 me
1713 3662 1975 3731 confortat
1997 3664 2063 3716 τί.
2093 3662 2247 3730 Quod

687 3742 995 3802 autemnon
1021 3750 1087 3804 de
1114 3752 1462 3808 sensibilibus
1509 3753 1729 3807 ossibus
1769 3752 2039 3823 loquatur,
2070 3754 2247 3824 palam

664 3837 815 3902 lfacit
841 3838 969 3893 illud
1000 3857 1013 3893 :
1045 3839 1235 3894 Omnia
1282 3859 1404 3895 ossa
1454 3860 1569 3896 mea
1608 3842 1780 3895 dicent
1810 3859 1828 3896 :
1860 3843 2098 3910 Domine,
2131 3846 2246 3915 quis

684 3927 875 3981 similis
903 3928 998 3981 tibi
1026 3928 1111 3981 "‘1
1138 3936 1190 3983 et
1218 3929 1350 3984 illud
1392 3946 1608 4001 quoque
1631 3950 1645 3984 :
1670 3929 1942 3999 Dissipata
1973 3942 2094 3986 sunt
2126 3950 2248 3986 ossa

684 4028 867 4071 nostra
903 4016 1048 4073 secus
1079 4019 1341 4090 infernum
1362 4022 1428 4072 ⁷⁸.
1974 4004 1976 4007 ’

757 4108 822 4162 Ει
862 4120 939 4174 ιιι,
1004 4093 1250 4178 Domine,
1281 4114 1584 4181 usquequo?
1616 4111 1935 4167 Diuturnum
1982 4113 2248 4183 pteniten-

684 4201 771 4253 tiae
812 4216 923 4254 suae
958 4208 1171 4271 tempus
1196 4202 1471 4257 enuntiat.
1515 4200 1725 4255 Etenim
1765 4185 1976 4271 sapiens
1999 4187 2101 4256 ille
2129 4203 2247 4257 ani-

683 4304 893 4343 marum
935 4291 1199 4355 medicus,
1254 4308 1363 4346 non
1414 4293 1617 4353 statim,
1668 4307 1841 4361 neque
1899 4292 1967 4347 ad
2013 4294 2244 4365 primam

684 4380 1116 4453 etllagitationem
1148 4384 1540 4452 supplicantem
1568 4384 1803 4448 exaudit,
1826 4392 1885 4437 ut
1912 4386 1965 4438 in
1988 4386 2080 4440 i-llo
2106 4386 2244 4456 aequi

684 4470 920 4540 bonique
963 4470 1156 4527 aﬂ'ectu
1200 4472 1406 4528 diutius
1436 4468 1771 4544 permaneat,
1801 4489 1864 4528 ac
1891 4475 2100 4530 ﬁrmam
2131 4490 2243 4532 Sla-

2352 3295 2593 3365 ὲπήγαγε
2614 3310 2626 3323 ·
2660 3293 2769 3347 Καὶ
2793 3293 2832 3361 ἠ
2868 3292 3035 3362 ψυχή
3067 3310 3185 3361 μου
3206 3290 3496 3360 ἐταράχθη
3514 3291 3769 3361 σφόδρα.
3800 3293 3901 3344 "la-

2353 3405 2435 3449 σις
2466 3388 2521 3440 δὲ
2547 3386 2825 3448 ἀσθενείας
2849 3386 3077 3457 ψυχῆςή
3110 3388 3175 3440 ὲκ
3208 3385 3343 3440 Θεοῦ
3377 3385 3632 3457 δύναμις’
3664 3381 3734 3459 ἧς
3766 3389 3794 3439 ὸ
3816 3402 3900 3438 τυ-

2351 3477 2457 3547 χών
2482 3494 2642 3550 φησι·
2679 3478 2879 3532 Πάντα
2922 3479 3110 3547 ἰσχύω
3139 3478 3209 3531 ἐν
3234 3473 3313 3543 τῷ
3346 3476 3785 3546 ἐνδυναμοῦντί
3832 3490 3901 3544 με

2348 3570 2592 3640 Χριστῷ.
2629 3570 2746 3623 Ὀτι
2781 3569 2838 3622 δὲ
2866 3570 2938 3641 μὴ
2975 3570 3191 3631 πάντως
3213 3566 3445 3639 αἰσθητά
3479 3567 3548 3621 τά
3580 3569 3737 3630 ὀστᾶ,
3763 3567 3901 3637 δηλοί

2347 3663 2430 3728 τὸ,
2456 3662 2659 3716 Πάντα
2672 3661 2743 3715 τὰ
2758 3659 2908 3715 ὀστᾶ
2926 3676 3044 3728 μου
3073 3658 3343 3727 ἐροῦσινν
3362 3659 3572 3727 -Κύριε,
3597 3660 3688 3723 τίς
3706 3657 3901 3727 ὅμοιός

2345 3770 2443 3808 σοι
2461 3772 2481 3818 ;
2539 3754 2648 3806 Καὶ
2680 3753 2761 3816 τὸ,
2791 3751 3221 3821 Διεσκορπισθη
3244 3749 3317 3805 τὰ
3340 3748 3491 3805 ὀστᾶ
3528 3750 3700 3820 ἡμῶν
3751 3747 3901 3818 παρὰ

2346 3846 2451 3899 τὸν
2478 3844 2649 3912 ᾅδην.

2416 4110 2524 4165 Καὶ
2576 4108 2679 4173 σὺ,
2724 4112 2940 4178 Κύριε,
3001 4108 3111 4173 ἕως
3176 4106 3351 4171 adeo;
3410 4107 3520 4176 Τὴν
3569 4105 3660 4159 ἐπὶ
3707 4101 3899 4175 μακρῴ

2344 4201 2519 4273 χρόνῳ
2557 4202 2858 4274 παράτασιν
2909 4200 3008 4271 τῆς
3054 4199 3246 4253 ἑαυτοῦ
3304 4198 3590 4268 μετανοίας
3626 4195 3896 4267 ἐμφαίνει.

2356 4295 2413 4347 '0
2440 4294 2545 4363 γάρ
2569 4309 2651 4345 τοι
2694 4294 2855 4363 σοφὸς
2885 4291 2994 4346 τῶν
3036 4290 3220 4361 ψυχῶν
3262 4291 3441 4361 ἰατρὸς
3472 4291 3532 4343 οὺ
3567 4288 3898 4359 παραχρῆμα

2342 4384 2484 4439 κατὰ
2506 4384 2602 4456 τὴν
2631 4384 2851 4456 πρώτην
2874 4382 3203 4453 ἐπιστροφὴν
3230 4381 3485 4435 ἐπακούει
3504 4382 3598 4434 τοῦ
3626 4380 3892 4449 δεομένου,

2343 4476 2418 4540 ὡς
2439 4477 2495 4529 ἐν
2525 4475 2639 4541 ἕξει
2666 4476 2966 4547 παραμόνῳ
3011 4475 3233 4545 γένηται
3261 4472 3518 4542 τάγαθοῦ,
3548 4472 3770 4541 βεϐαίαν
3794 4471 3895 4524 δεί-

685 4559 955 4629 bilemque
970 4562 1219 4616 exhibeat
1247 4562 1647 4633 paenitentiam;
1678 4568 1771 4621 sed
1790 4577 1911 4637 post
1937 4581 2241 4636 congruen—

2350 4568 2437 4635 ξας
2465 4571 2748 4638 μετάνοιαν
2771 4583 2785 4598 ·
2844 4568 2937 4619 καὶ
2968 4567 3103 4637 μετὰ
3140 4566 3236 4635 τὴν
3279 4566 3465 4634 ἱκανὴν
3490 4563 3786 4634 καρτερίαν
3806 4562 3896 4633 τὴν

678 4661 791 4709 .tem
843 4653 896 4707 in
944 4652 1247 4711 conﬁtendo
1296 4662 1749 4726 perseverantiam
1803 4681 1815 4715 :

686 4743 942 4807 exorasti,
967 4750 1191 4810 tempore
1215 4756 1421 4817 accepto
1446 4747 1689 4801 exaudiui
1718 4759 1765 4826 te
1785 4750 1853 4806 ".
1883 4750 2019 4811 Nam
2046 4753 2113 4807 iis
2142 4752 2239 4821 qui

684 4838 791 4885 non
819 4832 871 4885 in
895 4839 1117 4902 peccato
1147 4834 1322 4909 ipsum
1355 4837 1611 4907 invocant
1638 4838 1783 4897 dicet
1813 4858 1826 4893 :
1866 4841 2057 4896 Adhuc
2083 4850 2137 4895 te
2165 4841 2241 4894 lo-

685 4929 902 4986 quente,
934 4921 1067 4977 Ecce
1095 4923 1279 4978 adsum
1300 4926 1367 4980 ⁷⁵.

755 5010 921 5068 Vsus.
968 5016 1083 5071 5-9.
1125 5017 1385 5082 Quoniam
1434 5037 1536 5075 non
1598 5028 1676 5076 est
1716 5022 1774 5075 in
1811 5033 1976 5077 morte
2007 5024 2098 5093 qui
2131 5039 2239 5077 me-

687 5110 801 5156 mor
826 5098 893 5158 sit
932 5109 1044 5171 tui;
1073 5109 1126 5161 in
1149 5108 1353 5177 inferno
1392 5122 1563 5168 autem
1596 5116 1714 5183 quis
1744 5116 2075 5181 conﬁtebitur
2104 5115 2237 5170 tibi?

687 5193 941 5252 Laboravi
980 5200 1032 5253 in
1064 5203 1258 5271 gemitu
1291 5219 1424 5267 meo,
1461 5205 1643 5259 lavabo
1674 5222 1764 5276 per
1797 5206 2032 5274 singulas
2061 5215 2237 5259 noctes

1886 4661 1988 4725 Me,
2044 4663 2236 4733 inquit,

596 5346 604 5355 ‘
685 5287 867 5341 lectum
913 5307 1081 5344 meum
1100 5332 1114 5357 ,
1157 5293 1403 5362 tacrymis
1430 5297 1554 5349 meis
1578 5307 1804 5350 stratum
1840 5311 2009 5349 meum
2034 5296 2235 5366 rigabo.

684 5375 909 5447 Sapiens
937 5396 1059 5457 cum
1089 5392 1232 5439 esset
1261 5380 1447 5449 David,
1500 5402 1609 5439 non
1640 5386 1926 5458 ignorabat
1955 5387 2237 5456 praesentis

688 5472 803 5524 vitae
830 5478 1059 5543 tempus,
1094 5475 1310 5531 medela!
1333 5488 1455 5531 esse
1474 5486 1875 5546 Opportunum;
1907 5494 2015 5547 quo
2052 5478 2237 5545 elapso

681 5574 838 5620 nemo
901 5574 1045 5618 recte
1073 5579 1230 5634 agere
1282 5560 1465 5621 valet-
1503 5566 1755 5639 Nihilque
1804 5583 1913 5623 non
1933 5570 2040 5635 agit
2061 5574 2120 5621 ut
2143 5582 2226 5622 sa-

754 5671 799 5705 "
835 5671 1201 5749 Ephes.rl_,_5_.
1276 5676 1323 5708 "°
1360 5676 1403 5729 ll
1436 5676 1575 5749 Tim.
1611 5695 1683 5746 ιν,
1718 5678 1769 5736 8.
1849 5680 1893 5712 '“
1930 5666 2165 5749 Philipp.
2199 5692 2285 5744 Iv,
2322 5675 2410 5732 i3.
2507 5678 2552 5711 "
2589 5678 2735 5734 Psal.
2776 5692 2975 5742 xxxnv,
3012 5676 3097 5731 10.
3175 5674 3221 5707 ⁷³
3259 5673 3401 5730 Psal.
3434 5688 3572 5742 CXL,
3610 5675 3660 5732 7.

683 5740 809 5795 Cor.
842 5740 895 5795 vi
915 5783 929 5807 ,
957 5741 1013 5798 2.
1050 5743 1052 5746 ’
1088 5745 1133 5777 ⁷⁸
1174 5743 1276 5802 lsa.
1307 5761 1471 5810 LVIII,
1502 5747 1555 5802 9.

2343 4661 2400 4711 ἐν
2444 4658 2854 4729 ἐξομολογήσει·
2904 4658 3069 4728 φησὶν
3124 4658 3438 4718 ὲνέπεισας’
3485 4652 3666 4721 καιρῷ
3716 4653 3895 4718 δεκτῷ

2342 4747 2652 4814 ἐπήκουσά
2698 4761 2834 4802 σου.
2894 4748 3017 4811 Τοῖς
3061 4747 3169 4818 γὰρ
3221 4746 3297 4817 μὴ
3328 4742 3388 4807 ἐξ
3428 4743 3713 4814 ἁμαρτίας
3740 4746 3894 4798 αὑτὸν

2343 4836 2786 4907 ἐπικαλουμένοις
2855 4837 2997 4909 ἐρεῖ·
3065 4839 3186 4890 Ἔτι
3247 4833 3529 4896 λαλοῦντός
3582 4852 3709 4899 σου,
3754 4830 3891 4889 Ἰδοὺ

2340 4926 2596 4996 πάρειμι.
2611 4963 2625 4972 -
3496 5001 3503 5005 η

2415 5020 2536 5071 Ὅτι
2571 5018 2682 5072 οὐκ
2731 5016 2899 5072 ἐστιν
2952 5020 3022 5071 ἐν
3057 5015 3139 5081 τῷ
3168 5015 3400 5082 θανάτῳ
3443 5018 3476 5069 ὁ
3511 5019 3892 5086 μνημονεύων

2341 5123 2478 5172 σου,
2501 5110 2571 5163 ἐν
2594 5108 2663 5162 δὲ
2687 5111 2766 5176 τῷ
2788 5110 2901 5179 ᾅδῃ
2934 5111 3027 5175 τις
3047 5108 3550 5177 ἐξομολογήσεται
3582 5126 3677 5163 σοι
3690 5127 3708 5173 ;
3742 5112 3889 5163 Ἑκο-

2342 5202 2533 5255 πίασα
2582 5201 2651 5253 ἐν
2696 5201 3006 5273 στεναγμῷ
3057 5218 3196 5270 μου,
3226 5200 3429 5254 λούσω
3466 5201 3597 5256 καθ’
3635 5202 3891 5267 ἑκάστην

2342 5291 2529 5343 νύκτα
2553 5291 2666 5358 τὴν
2692 5295 2909 5360 κλίνην
2931 5308 3073 5360 μου,
3102 5289 3435 5360 ἐνδάκρυσι
3448 5308 3568 5360 μου
3588 5290 3700 5359 τὴν
3715 5307 3889 5359 στρω-

2334 5381 2497 5450 μνήν
2522 5400 2639 5451 μου
2664 5386 2879 5453 βρέξω.
2916 5383 3084 5452 Σοφὸς
3113 5382 3187 5436 ὣν
3210 5382 3238 5435 ὁ
3265 5381 3424 5436 Δαυῗδ
3461 5383 3562 5435 οὐκ
3588 5370 3768 5452 ἠγνόει
3798 5380 3885 5449 τὴν

2341 5471 2617 5541 παροῦσαν
2645 5474 2789 5545 ζωὴν
2829 5474 3120 5545 θεραπείας
3156 5469 3292 5525 εἶναι
3327 5473 3539 5543 καιρδν,
3572 5471 3687 5543 μεθ’
3719 5472 3777 5524 ὃν
3804 5472 3861 5524 ού

2328 5564 2438 5625 δεὶς
2468 5565 2748 5636 κατορθοῖ·
2780 5566 2872 5617 καὶ
2895 5566 3072 5617 πάντα
3098 5563 3324 5630 πράττει
3346 5563 3740 5634 θεραπευθῆναι
3772 5564 3878 5632 βουδ

3732 5677 3809 5707 ηΊδ
