3928 6336
631 426 736 481 125

1267 417 1540 477 EUSEBII
1572 415 2048 474 (ῖλΕδΑιιιΕΝδιδ
2085 414 2234 470 ΟΡΡ.
2273 412 2455 469 PARS
2491 410 2576 465 Ill.
2616 436 2686 449 --
2716 405 3121 464 EXEGETICA.

3757 395 3862 451 .24

633 547 755 615 ejus
787 544 959 601 virtus
982 551 1095 609 est,
1124 548 1186 598 ut
1232 539 1435 612 Moysis
1475 537 1865 594 mansuetudo:
1896 535 2028 589 Erat
2052 536 2194 589 enim

2321 532 2483 585 ιαυῖδ’
2525 533 2600 595 ὡς
2625 529 2718 583 τοῦ
2751 530 2847 600 μὲν
2873 527 3146 590 Μωῦσέως
3185 524 3246 578 τὸ
3288 524 3484 596 πρᾶον·
3516 521 3713 591 Πρᾶος
3744 520 3862 590 γὰρ

635 636 938 690 mitissimus
972 651 1124 705 super
1157 650 1332 689 omnes
1381 630 1613 685 homines
1650 631 1739 699 qui
1768 627 2112 684 morabantur
2136 628 2190 681 in

660 740 799 784 terra
816 728 889 793 7°;
916 727 1208 783 Abrahami
1242 724 1375 779 ﬁdes
1395 722 1674 778 :Credidit
1700 722 1845 777 enim
1880 719 2010 784 Deo,
2040 728 2090 773 et
2108 736 2191 773 re-

636 831 876 894 putatum
908 830 985 876 est
1015 822 1063 874 ei
1086 810 1139 873 in
1158 816 1524 888 justitiam";
1554 814 1675 870 Jobi
1708 813 1988 885 patientia.
2036 809 2192 867 lose-

638 914 731 985 phi
775 911 1130 974 continentia,
1178 908 1484 985 Salomonis
1526 907 1821 978 sapientia,
1855 904 2017 959 Certe
2064 919 2193 959 san-

638 1012 849 1058 ctorum
882 1003 1097 1073 egregia
1142 1001 1344 1065 virtus,
1388 1015 1499 1055 non
1530 1000 1588 1053 in
1614 998 1779 1053 rebus
1817 996 2008 1051 iisdem
2037 996 2194 1050 testi-

639 1095 880 1169 monium
930 1094 1178 1165 accepit;
1229 1092 1321 1149 sed
1373 1091 1430 1146 in
1479 1105 1586 1160 quo
1637 1087 1951 1168 certaminis
2001 1100 2197 1157 genere

633 1174 799 1258 praect
815 1186 998 1241 ‘lebat.
1035 1183 1204 1239 David
1246 1184 1429 1254 igitur
1456 1180 1548 1252 qui
1592 1194 1808 1251 semper
1852 1179 2196 1236 tolerantiam

639 1278 1074 1346 oblivionemque
1117 1274 1444 1344 iniuriarum
1475 1272 1732 1341 expetiit,
1764 1269 1814 1325 id
1846 1268 1988 1339 apud
2028 1267 2195 1323 Deum

641 1368 922 1423 contendit
950 1376 1008 1421 ut
1032 1366 1187 1443 paria
1206 1371 1593 1435 consequatur.
1636 1356 1769 1417 Nam
1806 1377 1837 1416 a
1878 1361 2080 1439 Spiritu
2113 1361 2197 1415 di-

643 1462 771 1514 vino
806 1459 1102 1514 edidice.at
1126 1457 1361 1512 futuram
1386 1457 1533 1511 illam
1563 1454 1859 1509 Salvatoris
1885 1453 2201 1525 promissio-

648 1567 811 1607 nem:
861 1551 920 1606 Si
952 1551 1261 1605 dimiseritis
1292 1547 1588 1602 hominibus
1634 1555 1848 1616 peccata
1879 1563 2079 1609 eorum,
2112 1545 2198 1598 di-

648 1647 815 1698 mittet
841 1655 887 1699 et
919 1642 1056 1699 vobis
1086 1642 1252 1697 Pater
1276 1649 1440 1696 vester
1469 1641 1693 1695 cmlestis
1716 1639 1907 1694 delicta
1935 1647 2107 1692 vestra
2127 1637 2195 1690 ⁸⁰.

648 1732 827 1797 Quare
872 1748 994 1786 cum
1055 1738 1444 1802 congruentem
1493 1729 1755 1784 edidisset
1803 1726 2225 1798 paenitentiam,-

646 1825 857 1881 veniam
883 1830 1213 1878 consecutus
1242 1830 1349 1877 est.

2293 619 2373 693 ἦν
2398 622 2555 691 παρὰ
2581 622 2807 687 πάντας
2829 619 2970 686 τοὺς
2997 616 3344 686 ἀνθρώπους
3367 615 3506 681 τοὺς
3537 614 3714 677 ὄντας
3755 610 3863 663 ἐπὶ

2295 715 2403 786 τῆς
2438 713 2578 785 γῆς·
2627 711 2721 765 τοῦ
2766 709 3016 784 Ἀϐραὰμ
3060 709 3116 762 δὲ
3158 710 3191 780 ἡ
3240 707 3450 771 πίστις·
3497 704 3867 759 Ἐπίστευσα

2270 820 2271 823 ‘
2295 808 2401 879 γὰρ
2439 805 2518 873 τῷ
2549 802 2688 869 Θεῷ,
2716 802 2811 857 καί
2833 802 3123 871 ἐλογίσθη
3139 798 3297 865 αὐτῷ
3316 800 3402 864 εις
3428 794 3825 853 δικαιοσύνην
3845 806 3863 821 '

2297 899 2392 953 καὶ
2431 896 2523 951 τοῦ
2564 894 2682 950 Ἰὼϐ
2716 897 2747 967 ἡ
2781 892 3062 965 καρτερία,
3091 892 3184 945 καὶ
3222 891 3417 961 Ἰωσὴφ
3446 892 3478 960 ἡ
3512 885 3865 959 σωφροσύνη,

2298 989 2392 1044 καὶ
2426 992 2460 1061 ἡ
2512 989 2670 1057 σοφία
2716 985 2811 1039 τοῦ
2862 982 3233 1053 Σαλομῶντος.
3264 982 3374 1035 Καὶ
3400 980 3460 1035 τδ
3496 977 3719 1050 στερὣ
3754 975 3869 1061 τών

2301 1059 2468 1150 ἁγίων
2495 1081 2593 1133 οὐκ
2625 1078 2718 1132 ἐπὶ
2743 1079 2856 1139 τοῖς
2887 1076 3068 1138 αὐτοῖς
3100 1072 3539 1144 μεμαρτύρηται·
3579 1068 3694 1123 ἀλλ’
3724 1068 3787 1119 ὲν
3820 1059 3872 1133 ᾧ

2302 1176 2491 1245 κρατεῖ
2512 1170 2793 1241 παραδόξῳ
2813 1168 3168 1245 παλαίσματι,
3191 1164 3351 1219 Δαυῒδ
3370 1163 3546 1217 τοίνυν
3566 1164 3595 1207 δ
3614 1161 3704 1214 δια
3728 1175 3873 1211 παν·-

2301 1242 2397 1330 τδς
2419 1262 2789 1335 ἀμνησίκακον
2822 1260 3007 1332 ᾔτησε,
3042 1242 3309 1330 προτείνει
3337 1248 3463 1319 Θεῷ
3507 1259 3613 1305 τῶν
3640 1252 3774 1304 ’ἰσων
3808 1246 3877 1310 ἐξ

2303 1357 2466 1413 αὑτοῦ
2510 1358 2689 1427 τυχεῖν
2735 1349 3294 1423 ὲξαιτούμενος.”ῌδει
3321 1346 3427 1417 γὰρ
3471 1347 3533 1397 ὲκ
3578 1341 3674 1394 τοῦ
3719 1340 3874 1393 θείου

2303 1449 2613 1519 Πνεύματος
2653 1447 2749 1518 τὴν
2796 1443 3088 1515 μέλλουσαν
3128 1440 3222 1494 τοῦ
3259 1438 3510 1509 Σωτῆρος
3535 1432 3876 1505 επαγγελίαν

2303 1545 2421 1616 τὴν,
2439 1542 2578 1597 Ἐὰν
2602 1538 2790 1610 ἀφῆτε
2822 1537 2945 1603 τοῖς
2974 1532 3299 1603 ἀνθρώποις
3331 1528 3403 1583 τὰ
3429 1523 3879 1616 παραπτώματα

2292 1613 2518 1702 nimim,
2543 1633 2763 1703 ἀφήσει
2788 1626 2888 1684 καὶ
2910 1626 3050 1697 ὑμῖν
3075 1626 3107 1677 ὀ
3132 1621 3334 1689 Πατὴρ
3357 1619 3566 1689 ὑμῶνό
3590 1613 3879 1703 οὐράνιος

2304 1727 2377 1782 τὰ
2406 1700 2843 1793 παραπτώματα
2874 1715 3058 1785 ὑμῶν.
3081 1710 3171 1765 Διὸ
3199 1708 3337 1781 μετά
3357 1707 3453 1778 τὴν
3482 1705 3669 1776 ἱκανὴν
3699 1700 3877 1773 μετὰ..

2307 1832 2456 1870 νοιαν
2490 1815 2646 1884 ἔτυχε
2680 1811 2779 1882 τῆς
2817 1809 3083 1878 ἀφέσεως.

720 1914 888 1969 Vens.
918 1916 973 1968 θ.
1014 1913 1370 1983 Persequatur
1407 1904 1650 1965 inimicus
1681 1912 1916 1965 animam
1943 1927 2131 1971 meam,
2154 1920 2203 1962 et

2372 1904 2733 1969 Καταδιώξαι
2771 1902 2882 1971 ἄρα
2906 1903 2938 1955 ὁ
2964 1897 3175 1969 ἐχθρὸς
3209 1893 3322 1962 τὴν
3353 1893 3561 1983 ψυχήν
3579 1885 3881 1983 ,μαψ-’καί

648 2004 1071 2074 comprehendat,
1102 2012 1151 2057 et
1181 2003 1450 2058 conculcet
1483 2006 1535 2057 in
1569 2012 1714 2056 terra
1742 2005 1904 2058 vitam
1928 2018 2121 2067 meam,
2153 2011 2203 2054 et

2304 1995 2621 2052 καταλάϐοι
2665 1994 2764 2047 καί
2815 1986 3228 2055 καταπατῆσαι
3270 1985 3355 2048 εἰς
3390 1980 3506 2050 γῆν
3549 1978 3662 2046 τὴν
3718 1976 3883 2043 ζωήν

649 2071 876 2170 gloriam
930 2113 1098 2151 meam
1141 2098 1195 2149 in
1224 2096 1483 2164 pulverem
1530 2095 1775 2149 deducat.
1829 2095 2087 2149 Pluribus
2131 2094 2206 2146 ita

2321 2106 2438 2153 λου,
2472 2087 2567 2141 καὶ
2606 2085 2718 2155 τὴν
2745 2083 2930 2148 δόξαν
2953 2099 3070 2151 μου
3098 2080 3184 2143 είς
3211 2074 3360 2145 χοῦν
3386 2067 3879 2170 κριτασκηῖὠσαι.

651 2189 834 2244 verbis
862 2188 1122 2248 insistens
1151 2187 1259 2241 ait:
1298 2185 1355 2241 Si
1379 2203 1498 2243 eam
1524 2202 1638 2240 rem
1674 2202 1784 2241 non
1811 2186 1981 2255 probe
2001 2186 2204 2255 egerim

653 2296 721 2335 ne
750 2297 777 2333 a
809 2288 1029 2350 peccato
1079 2286 1205 2334 ante
1251 2266 1460 2333 obitum
1509 2278 1726 2346 eripiar,
1774 2291 1951 2347 neque
1981 2276 2206 2347 gloriam

654 2387 825 2427 meam
866 2370 1155 2441 recipiam;
1187 2369 1282 2425 sed
1313 2370 1366 2423 in
1400 2369 1535 2439 ipsis
1551 2368 1760 2422 delictis
1776 2368 2218 2440 comprehendar,

653 2473 714 2517 ut
745 2462 1000 2517 inimicus
1035 2476 1210 2523 meus,
1258 2461 1483 2529 perinde
1527 2470 1689 2528 atque
1721 2458 1774 2512 in
1802 2463 1922 2528 ipso
1949 2459 2206 2529 peccandi

652 2565 917 2622 tempore,
947 2552 1183 2604 animam
1232 2565 1405 2604 meam
1445 2564 1658 2619 semper
1690 2549 1991 2616 conculcet,
2037 2550 2210 2603 donec

655 2658 720 2697 ea
753 2643 807 2695 in
839 2641 1112 2712 pulverem
1139 2628 1331 2695 mortis
1365 2649 1687 2695 revertatur.
1716 2639 1813 2694 Sin
1841 2650 2030 2695 contra
2048 2641 2212 2710 probe

657 2747 744 2787 mc
768 2731 1048 2801 gesserim,
1082 2731 1392 2801 redemptus
1416 2720 1479 2785 ea
1508 2745 1628 2799 qua:
1645 2745 1740 2800 par
1767 2737 1852 2785 est
1881 2744 2210 2798 consequar,

658 2839 833 2902 neque
864 2824 919 2877 in
950 2823 1223 2893 pulverem
1265 2824 1474 2892 peccati
1506 2822 1764 2884 carnalis,
1793 2823 1847 2874 in
1878 2836 2036 2890 quem
2068 2820 2215 2874 dela-

660 2929 792 2988 psus
818 2933 960 2979 sum,
991 2927 1355 2984 permaneam.
1394 2910 1515 2965 Vita
1540 2911 1659 2979 ejus
1685 2912 1779 2980 qui
1807 2910 2009 2964 terreni
2043 2909 2216 2962 homi—

663 3010 751 3063 nis
782 3007 1067 3076 imaginem
1099 3005 1254 3075 gerit,
1286 3002 1354 3056 ab
1388 3002 1609 3056 inimico
1644 3002 1700 3055 in
1729 3010 1874 3055 terra
1900 3002 2216 3076 conculcata

664 3107 765 3152 est.
833 3095 1191 3161 Quamobrem
1239 3092 1348 3157 ille,
1381 3091 1593 3147 etiamsi
1638 3082 1883 3146 videatur
1930 3091 2218 3161 aliquando

666 3190 836 3258 gloria
864 3186 1021 3249 allici,
1067 3194 1302 3239 attamen
1343 3184 1514 3253 gloria
1533 3184 1652 3252 ejus
1682 3184 1738 3237 in
1783 3184 2002 3253 pulvere
2034 3181 2214 3250 jacet;

666 3279 855 3347 quales
888 3287 1015 3331 sunt
1061 3277 1152 3347 qui
1195 3276 1376 3347 gloria}
1411 3290 1577 3329 causa
1619 3282 1807 3345 agunt,
1840 3272 2028 3328 laudes
2057 3288 2218 3341 expe-

666 3375 809 3429 tunt,
856 3367 935 3420 vel
969 3352 1269 3421 mercedem
1302 3366 1369 3419 ab
1397 3352 1710 3419 hominibus
1752 3371 2112 3433 aucupantur.

742 3457 904 3512 Vens.
926 3458 977 3521 7,
1006 3456 1056 3529 8.
1089 3454 1346 3526 Exsurge,
1373 3456 1680 3520 Domine,in
1698 3456 1779 3507 ira
1794 3454 1886 3508 tua
1914 3463 1963 3508 et
1992 3455 2225 3508 exaltare

666 3548 724 3602 in
766 3550 957 3616 ﬁnibus
1012 3548 1343 3600 inimicorum
1415 3558 1641 3600 tuorum.
1703 3546 1958 3618 Exsurge,
2008 3545 2227 3599 Domine

675 3641 809 3693 Deus
844 3654 1008 3701 meus,
1039 3638 1090 3689 in
1122 3646 1377 3704 prwrcpto
1409 3638 1543 3706 quod
1571 3637 1858 3700 mandasti,
1890 3649 1938 3690 et
1962 3621 2229 3707 synagoga

675 3728 1008 3802 populorum.
1035 3725 1377 3780 circumdabit
1432 3736 1498 3779 te.
1541 3725 1826 3780 Dominum
1857 3726 2126 3789 hortatur,
2169 3734 2227 3780 ut

664 3820 842 3890 veluti
873 3820 981 3873 dux
1025 3818 1298 3873 exercitus
1341 3833 1463 3871 cum
1524 3816 1894 3887 indignatione
1932 3824 2228 3887 consurgat

675 3912 938 3966 adversus
962 3909 1258 3979 principem
1288 3908 1558 3962 exercitus
1592 3907 1943 3963 invisibilium
1982 3908 2227 3962 inimico-

677 4015 821 4070 rum,
848 4000 928 4051 sic
966 4011 1088 4050 eum
1122 3996 1489 4063 compellans:
1535 3994 1615 4048 Tu
1652 3996 1788 4064 ipse,
1815 3996 1906 4064 qui
1943 3996 2102 4049 nobis
2132 3995 2230 4048 ho-

678 4089 916 4145 minibus
962 4084 1266 4156 praecepisti
1320 4092 1379 4139 ut
1416 4092 1816 4148 concertemus,
1863 4084 2101 4154 idipsum
2148 4083 2230 4138 fa-

679 4183 806 4237 cito.
862 4179 932 4234 lis
961 4178 1102 4237 enim
1136 4176 1233 4230 abs
1262 4184 1312 4229 te
1342 4174 1542 4244 fugatis
1567 4190 1629 4228 ac
1663 4175 1877 4241 deletis,
1910 4190 2010 4245 ego
2047 4176 2229 4230 salvus

679 4289 773 4329 ero
799 4245 1020 4340 ;.neqne
1049 4270 1221 4330 solus,
1268 4268 1359 4323 sed
1395 4268 1554 4341 etiam
1594 4266 1835 4332 Ecclesia
1873 4284 1939 4323 ex
1978 4269 2229 4339 gentibus

679 4360 1043 4418 circumdabit,
1072 4365 1147 4421 te,
1189 4357 1465 4411 eliminato
1494 4356 1701 4411 scilicet
1727 4359 1874 4411 omni
1920 4358 2228 4413 dazmonum

682 4466 885 4506 errore.
941 4448 998 4501 In
1038 4449 1128 4500 illa
1157 4462 1287 4501 sane
1313 4449 1461 4502 velut
1506 4445 1561 4499 in
1590 4445 1761 4499 choro
1802 4446 2012 4503 medius
2030 4442 2227 4504 'consi-

2304 2157 2704 2247 Διατεινόμενος
2729 2176 2784 2228 δέ
2812 2188 2974 2243 φησιν
2994 2188 3007 2201 ·
3035 2170 3097 2223 Εἰ
3128 2168 3200 2239 μὴ
3234 2160 3567 2235 κατώρθωσα
3594 2158 3773 2223 τοῦτο,
3803 2157 3883 2226 μὴ

2307 2266 2722 2338 ὲλευθερωθείην
2752 2263 2859 2335 πρὸ
2878 2261 2972 2316 τοῦ
3002 2259 3232 2313 θανάτου
3264 2254 3364 2325 τῆς
3400 2249 3695 2323 ἁμαρτίας,
3733 2247 3883 2318 μηδὲ

2304 2359 2401 2430 τὴν
2434 2360 2570 2430 ἐμὴν
2591 2356 2911 2426 ἀπολάϐοιμι
2927 2352 3100 2419 δόξαν,
3126 2352 3185 2404 ὲν
3212 2348 3399 2409 αὐταῖς
3428 2343 3484 2397 δέ
3515 2359 3612 2413 μου
3637 2340 3887 2410 καταλη-

2309 2452 2498 2521 φθείην
2523 2453 2643 2512 ταῖς
2673 2447 2984 2518 ἁμαρτίαις,
3021 2444 3101 2499 iv"
3124 2443 3199 2507 ὡς
3230 2443 3321 2495 ὅτε
3343 2440 3582 2510 ἥμαρτον
3607 2432 3755 2486 οὕτω
3787 2434 3889 2503 μέ-

2309 2561 2398 2616 χρι
2431 2540 2624 2603 παντὸς
2652 2539 2749 2609 τὴν
2783 2537 2919 2609 ἐμὴν
2945 2539 2973 2589 ὁ
3002 2532 3266 2614 δυσμενὴς
3296 2528 3652 2598 καταπατήσῃ
3673 2524 3884 2616 ψυχὴν,

2315 2634 2473 2704 μέχρι
2524 2629 2618 2682 τοῦ
2665 2631 2742 2693 είς
2790 2627 2916 2699 χοῦν
2943 2622 3278 2696 ὑποστρέψαι
3312 2621 3559 2676 Θανάτου.
3593 2617 3656 2669 Εἰ
3688 2615 3748 2667 δὲ
3781 2631 3889 2667 κα-
3916 2654 3917 2657 η

2312 2724 2592 2795 τώρθωσα,
2620 2722 2834 2791 τύχοιμι
2876 2718 2984 2770 τῶν
3014 2717 3141 2770 ῐσων
3167 2713 3540 2785 λυτρούμενος,
3573 2720 3672 2764 και·
3699 2706 3781 2776 μὴ
3808 2706 3889 2768 εἰς
3915 2727 3917 2737 ι

2313 2814 2372 2867 ὃν
2406 2814 2463 2880 ἐξ
2503 2813 2773 2884 ἁμαρτίας
2799 2810 3076 2863 κατέπεσα
3109 2806 3235 2885 χοῦν
3265 2803 3533 2874 ἐπιμένων
3560 2800 3661 2870 τῆς
3695 2813 3894 2868 σαρκι-

2316 2907 2416 2976 κῆς
2461 2907 2751 2976 ἁμαρτίας.
2770 2905 2831 2957 Ἠ
2860 2900 3092 2976 ζωὴέτοῦ
3119 2899 3196 2952 ἐτι
3225 2899 3322 2967 τὴν
3362 2895 3541 2949 εἰκόνα
3571 2890 3663 2944 τοῦ
3693 2887 3890 2960 χοϊκοῦ

2317 2974 2604 3065 φοροῦντος
2656 2974 3106 3061 καταπεπάτήται
3151 2987 3255 3040 ὑπὸ
3283 2985 3376 3038 τοῦ
3411 2982 3602 3054 ἐχθροῦ
3629 2984 3708 3043 είς
3739 2984 3853 3049 γῆν
3873 2994 3887 3007 ’

2317 3082 2465 3148 οὗτος
2490 3085 2566 3149 δὲ,
2596 3083 2698 3137 κᾶν
2742 3080 3055 3149 δοξάζεσθαι
3106 3078 3236 3132 ποτὲ
3285 3077 3434 3145 δοκῇ,
3471 3072 3893 3141 κατεσκήνωσεν

2321 3178 2483 3232 αὑτοῦ
2515 3180 2548 3248 ἡ
2575 3176 2701 3243 δόξα
2734 3178 2813 3239 εἰς
2841 3174 2988 3245 χοῦν,
3016 3172 3091 3236 ὡς
3117 3169 3233 3231 τῶν
3252 3166 3541 3221 ποιούντων
3578 3163 3667 3218 διὰ
3701 3152 3890 3233 δόξαν,

2324 3275 2416 3327 καὶ
2444 3273 2533 3325 τὸν
2563 3268 2689 3341 παρ’
2720 3267 2896 3321 αὐτῶν
2926 3265 3163 3328 ἔπαινον,
3197 3261 3231 3333 ἢ
3260 3261 3356 3331 τὴν
3382 3259 3508 3333 παρ’
3539 3256 3717 3317 αὐτοῖς
3746 3257 3891 3308 ἀπο-

2322 3358 2500 3435 δοχήν.
2714 3398 2717 3401 η

2408 3457 2731 3522 Ἀνάστηθι,
2765 3454 2958 3521 Κύριε,
2985 3451 3053 3506 ἐν
3084 3448 3159 3518 τῇ
3192 3446 3336 3517 ὀργῇ
3363 3460 3498 3507 σου,
3523 3440 3795 3512 ὺψώθητι
3823 3438 3895 3491 ὲν

2325 3547 2446 3613 τοῖς
2473 3545 2684 3615 πέρασι
2702 3543 2821 3598 τῶν
2847 3541 3073 3613 ἐχθρῶν
3096 3557 3230 3596 σου.
3249 3536 3632 3606 Ἐξεγέρθητι,
3654 3532 3837 3599 Κύριε
3862 3532 3896 3581 ὀ

2330 3639 2471 3703 Θεὸς
2495 3654 2634 3707 μου,
2671 3636 2741 3688 ὲν
2774 3631 3175 3702 προστάγματι
3198 3622 3246 3695 ᾧ
3280 3627 3572 3686 ἐνετείλω,
3604 3624 3698 3677 καὶ
3741 3637 3897 3675 συνο

2327 3730 2523 3801 αγωγὴ
2556 3726 2719 3783 λαῶν
2746 3722 3045 3778 κυκλώσει
3070 3736 3163 3776 σε.
3194 3715 3295 3772 Οἷα
3335 3718 3399 3789 δὴ
3418 3714 3419 3717 “
3440 3715 3739 3789 στρατηγὸν
3772 3714 3894 3767 δια-

2328 3824 2586 3893 ναστῆναι
2637 3820 2731 3871 σὺν
2783 3813 3147 3883 ἀγανακτήσει
3177 3809 3318 3863 κατά
3351 3808 3441 3861 τοῦ
3485 3806 3599 3865 τῶν
3641 3805 3895 3874 ἀοράτων

2330 3913 2598 3984 πολεμίων
2625 3910 2878 3979 ἄρχοντος
2914 3902 3293 3973 στρατοπέδου,
3328 3900 3500 3968 λέγων
3522 3915 3537 3928 ο
3572 3898 3636 3949 Ὃ
3658 3897 3776 3957 τοῖς
3803 3896 3897 3946 ἀν-

2330 4006 2566 4080 θρώποις
2621 4003 2749 4073 ⁴ἡμῖν
2800 3995 3136 4069 προσέταξας
3183 3990 3539 4061 ἀγωνίζεσθαι
3586 3987 3727 4062 κατὰ.
3753 3995 3756 3998 ’
3787 3986 3896 4040 τῶν

2330 4078 2571 4171 ἀοράτων
2595 4091 2893 4160 δυνάμεων,
2921 4087 3076 4141 τοῦτο
3107 4086 3300 4158 δράσον
3332 4082 3510 4144 αὐτὸς.
3538 4078 3758 4131 Τούτων
3787 4078 3895 4147 γὰρ

2331 4170 2435 4246 ὑπδ
2474 4186 2566 4241 σοῦ
2600 4181 3011 4255 καθῃρημένων,
3045 4177 3197 4246 κάγὼ
3243 4175 3574 4243 σωθήσομαι,
3602 4170 3663 4233 ού
3704 4171 3895 4239 μόνος,

2332 4281 2467 4339 ἀλλὰ
2488 4279 2598 4332 ικαὶ
2643 4278 2678 4346 ὴ
2705 4273 2811 4327 τῶν
2845 4270 3011 4324 ἐθνῶν
3048 4268 3339 4336 Ἐκκλησία
3373 4261 3639 4317 κυκλώσει
3671 4278 3756 4327 σε,
3792 4262 3897 4313 πά-

2334 4391 2432 4444 σης
2455 4369 2718 4440 δαιμόνων
2744 4365 2947 4435 πλάνης
2973 4358 3384 4426 ἀπελασθείσης.
3413 4354 3627 4426 Ταύτης
3648 4354 3702 4407 δὲ
3727 4352 3898 4406 καθά-

2335 4482 2439 4536 περ
2462 4460 2621 4533 χοροῦ
2657 4459 2816 4530 μέσος
2842 4457 3127 4524 γενόμενος
3155 4450 3318 4518 ὕμνον
3365 4448 3702 4517 ἀναπέμψεις
3759 4445 3891 4514 πρέ-

686 4555 836 4599 Stens
874 4541 1131 4611 hymnum
1182 4541 1394 4594 emittes
1423 4539 1568 4593 Patri
1620 4546 1736 4602 tuo,
1768 4541 2217 4608 quemadmodum

2330 4573 2496 4610 ποντα
2525 4553 2600 4623 τῷ
2630 4551 2799 4621 Πατρὶ
2828 4548 3073 4615 καθάπερ
3105 4542 3238 4610 ἔφης
3258 4557 3272 4570 ·
3320 4538 3647 4611 Ἀπαγγελῶ
3668 4536 3734 4589 τὸ
3764 4537 3893 4590 ὀνο-

685 4634 905 4691 dixisti:
956 4632 1202 4685 Narrabo
1261 4646 1447 4684 nomen
1494 4640 1639 4683 tuum
1688 4630 1944 4699 fratribus
1992 4634 2141 4698 meis,
2177 4636 2233 4687 in

689 4726 857 4783 medio
886 4724 1133 4777 Ecclesia:
1164 4721 1397 4775 laudabo
1429 4721 1557 4773 te“.

760 4836 926 4890 Vens.
951 4834 1004 4886 9.
1040 4833 1103 4885 Et
1127 4841 1335 4902 propter
1367 4830 1498 4882 hanc
1528 4830 1581 4881 in
1613 4828 1774 4900 altum
1798 4831 2081 4899 regredere,
2127 4833 2236 4887 Do-

691 4934 865 4987 minus
904 4927 1164 4996 judicabit
1202 4924 1437 4993 populos.
1479 4921 1675 4974 Iudico
1724 4940 1822 4985 me,
1864 4924 2105 4987 Domine,
2154 4942 2235 4979 se-

696 5022 921 5077 cundum
956 5018 1221 5087 justitiam
1268 5027 1433 5079 tuam,
1466 5024 1513 5068 et
1552 5013 1833 5068 secundum
1881 5017 2236 5070 innocentiam

696 5125 863 5165 meam
887 5101 1039 5177 super
1072 5121 1170 5158 me.
1206 5105 1468 5169 Quoniam
1514 5119 1701 5158 omnes
1747 5114 2026 5161 creaturas
2069 5108 2238 5160 addu—

699 5208 785 5256 cet
822 5200 963 5254 Deus
1006 5200 1058 5252 in
1090 5196 1371 5266 judicium,
1419 5207 1740 5267 oportetque
1786 5196 2068 5253 universos
2114 5207 2240 5251 ante

702 5289 898 5343 Christi
928 5287 1163 5341 tribunal
1199 5286 1344 5346 sisti,
1394 5302 1515 5341 cum
1559 5284 1839 5341 didicisset
1871 5284 2038 5339 David
2091 5287 2236 5340 futu-

704 5395 819 5432 rum
853 5393 970 5431 csse
1005 5386 1061 5429 nt
1100 5369 1368 5429 mundum.
1391 5378 1595 5445 judicet
1626 5380 1687 5449 in
1716 5378 1947 5447 justitia,
1980 5386 2032 5430 et
2068 5394 2241 5447 popu-

706 5468 785 5521 los
816 5466 869 5517 in
907 5469 1174 5533 azquitate,
1207 5465 1326 5532 jure
1365 5466 1475 5518 ait:
1518 5464 1619 5518 Mei
1657 5479 1870 5534 quoque
1898 5462 2236 5529 judexesto,

707 5558 952 5616 Domine,
988 5572 1092 5609 non
1122 5556 1414 5609 secundum
1451 5557 1684 5625 reliquas
1708 5556 2048 5625 Operationes
2072 5566 2238 5614 meas,

709 5648 803 5705 sed
833 5648 1124 5702 secundum
1149 5647 1548 5717 simplicitatem
1573 5656 1627 5701 et
1661 5644 1927 5714 justitiam
1955 5654 2169 5705 meam;

2329 4646 2563 4716 μάσου
2605 4642 2726 4707 τοῖς
2763 4637 3045 4707 ἀδελφοῖς
3068 4651 3209 4701 μου,
3238 4632 3306 4685 ἐν
3330 4630 3496 4700 μέσῳ
3536 4629 3893 4695 Ἑκκλησίας

2335 4737 2582 4806 ὑμνήσω
2612 4751 2703 4790 σε.

2405 4826 2513 4879 Καὶ
2534 4825 2682 4891 ὑπὲρ
2710 4824 2927 4888 ταύτης
2955 4821 3040 4883 είς
3064 4817 3219 4885 ὕψος
3260 4818 3639 4883 ἐπίστρεφον,
3675 4812 3891 4879 Κύριος

2338 4916 2525 4983 κρινεῖ
2542 4916 2745 4979 λαούς.
2774 4910 2988 4979 Κρῖνόν
3015 4926 3111 4977 με,
3132 4911 3326 4977 Κύριε,
3361 4904 3507 4959 κατὰ
3538 4903 3651 4970 τὴν
3674 4901 3893 4955 δικαιο-

2338 5008 2533 5073 σύνην
2571 5021 2705 5065 σου,
2727 5002 2827 5055 καὶ
2866 4999 3011 5052 κατὰ
3050 4998 3164 5069 τὴν
3204 4998 3457 5053 ἀκακίαν
3495 5010 3612 5062 μου
3652 4992 3744 5045 ἐπ’
3766 4993 3887 5061 ἐμέ.

2347 5096 2557 5166 Ἐπειδὴ
2605 5096 2710 5147 πᾶν
2756 5094 2815 5145 τὸ
2858 5090 3062 5159 ποίημα
3095 5090 3209 5155 ἄξει
3242 5092 3269 5141 ὁ
3297 5087 3424 5147 Θεὸς
3456 5086 3534 5147 εἰς
3560 5085 3762 5153 κρίσιν,
3798 5086 3889 5138 καὶ

2335 5188 2457 5248 ’.οὺς
2487 5186 2687 5247 πάντας
2710 5184 2787 5234 δεῖ
2812 5183 3149 5251 παραστῆναι
3179 5179 3257 5247 τῷ
3287 5177 3486 5247 ματι
3512 5175 3604 5229 τοῦ
3632 5176 3885 5251 Χριστοῦ,

2338 5278 2555 5337 εἰκότως
2578 5273 2762 5345 μαθὼν
2788 5275 2815 5324 ό
2847 5271 3025 5341 sane,
3056 5274 3134 5324 ὅτι
3163 5270 3340 5339 μέλλει
3363 5269 3565 5338 κρίνειν
3594 5269 3691 5339 τὴν
3716 5271 3889 5320 οἰκου-

2343 5368 2503 5436 μένην
2536 5369 2591 5417 ὲν
2624 5361 2931 5434 δικαιοσύνῃ
2979 5363 3070 5415 καὶ
3117 5360 3276 5421 λαοὺς
3306 5360 3361 5411 ὲν
3387 5357 3635 5428 εύθύτητι
3655 5375 3668 5387 ⁸
3706 5354 3884 5413 Γενοῦ,

2344 5457 2491 5527 φησι,
2527 5454 2702 5523 κάμοῦ
2732 5452 2940 5523 κριτὴς,
2969 5447 3012 5504 ὦ
3056 5449 3245 5519 Κύριε,
3281 5448 3353 5519 μὴ
3402 5449 3541 5502 κατά
3574 5448 3669 5508 τὰς
3701 5444 3887 5504 λοιπάς

2345 5564 2441 5616 μου
2467 5545 2710 5616 πράξεις,
2728 5543 2860 5597 ἀλλά
2881 5528 3023 5598 κατά
3042 5542 3137 5612 τὴν
3158 5539 3434 5611 ἁπλότητά
3460 5556 3561 5609 μου
3582 5538 3674 5591 καὶ
3699 5536 3893 5589 δικαιο-

2343 5655 2521 5695 συνην.

808 5853 853 5880 το
892 5854 1050 5903 Num.
1086 5860 1197 5911 xu,
1232 5844 1281 5899 5.
1354 5844 1397 5877 7°
1435 5840 1565 5898 Gen.
1602 5857 1703 5908 xv,
1740 5840 1791 5896 6.
1869 5839 1913 5869 ⁸ο
1955 5828 2143 5891 Matth:
2174 5852 2223 5889 vi
2248 5876 2261 5901 ,
2296 5836 2380 5891 ll.
2459 5835 2502 5868 ”
2544 5808 2684 5892 Psal.
2719 5830 2839 5896 xii,
2874 5830 2962 5888 25.
