3956 6340
79 434 159 494 125

1138 421 1644 483 εοδιωςΝτΑιιιΑ
1675 419 1750 476 1N
1783 420 2124 478 PSALHOS.

3144 425 3247 481 126

131 541 560 611 tumultuarii/ai
584 542 661 612 δὴ
687 541 942 611 πονηρία
972 538 1326 611 ἁμαρτωλῶν
1362 539 1459 594 καὶ
1497 551 1601 593 κα-

1776 535 1940 594 Vns.
1977 537 2068 603 i0,
2105 536 2194 593 Η.
2221 534 2575 592 Consumatur
2596 536 2825 605 nequitia
2847 544 3174 591 necatorum
3198 545 3253 590 at

78 636 329 703 τευθυνεῒς
365 635 621 699 δίκαιον,
642 633 858 694 ἐτάζων
879 631 1123 701 καρδίας
1150 632 1248 686 καὶ
1275 631 1533 702 νεφροὺς
1562 634 1596 685 ὁ

79 725 659 796 ϐοός-,Ἐπιστημονικὺν
700 723 794 778 καὶ⁵
839 724 978 793 μέγα
1013 722 1073 775 τὸ
1114 722 1287 794 πέρας
1329 722 1596 777 αἰτεῖσθαι

77 819 281 891 γενέσθαι
314 818 534 879 κακίας,
572 814 897 887 κυϐέρνησιν
940 814 996 869 δὲ
1036 813 1114 884 τῷ
1144 813 1336 884 δικαίῳ
1367 814 1501 885 πρὸς
1536 814 1597 867 τὸ

79 913 238 985 μηκέτι
283 907 658 980 χειμάζεσθαι.
685 907 818 978 Περὶ
867 907 1259 978 δικαιοκρισίας
1304 904 1473 960 εἰπὼν
1500 904 1596 958 τοῦ

77 1000 201 1061 Θεοῦ,
224 999 373 1071 μόνον
410 998 619 1051 δίκαιον
650 994 936 1065 ἀποφαίνει
978 996 1188 1066 κριτὴν,
1210 994 1284 1059 ὡς
1313 993 1597 1065 καὶομόνον

75 1094 253 1166 optima
264 1090 488 1163 καρδίας
506 1107 520 1121 ⁸
550 1090 713 1153 αὐτὸς
740 1087 850 1160 γὰρ
880 1087 1198 1142 ἀποδίδωσιν
1222 1086 1435 1157 ἑκάστῳ
1456 1084 1597 1138 κατὰ

77 1189 128 1241 τὰ
156 1186 274 1256 ἔργα
299 1182 836 1251 αύτοῦ.”Δνθρωπος
872 1178 972 1249 μὲν
1003 1178 1111 1249 γὰρ
1134 1180 1241 1244 ἐις
1287 1177 1431 1247 ὄψιν
1451 1174 1593 1246 ὁρᾷς

75 1278 205 1340 αὐτὸς
224 1276 274 1330 δὲ
298 1272 546 1347 κριτικός
569 1274 714 1325 ὲστιν
741 1266 1088 1341 ἐνθυμήσεων
1110 1268 1204 1323 καὶ
1222 1268 1438 1322 ἐννοιῶν
1463 1286 1599 1340 καρ-

75 1368 194 1431 δίας·
223 1368 313 1420 ούκ
342 1366 460 1420 ἐστι
491 1364 670 1435 κρίσις
699 1359 909 1430 ἀφανὴς
934 1359 1162 1414 ἐνώπιον
1193 1358 1379 1414 αὑτοῦ.
1408 1358 1597 1413 Τοιοῦ-

73 1477 144 1512 τον
162 1457 318 1523 δείξας
344 1456 439 1509 τὸν
465 1455 617 1518 Θεὸν,
644 1450 1181 1528 πεπαρῤησιασμένῳ
1210 1452 1466 1505 συνειδότι
1494 1467 1596 1521 φη-

77 1551 165 1603 σίν·
201 1549 255 1604 Ἠ
272 1545 524 1613 ,ϐοήθειὰ
548 1562 665 1615 μου
696 1542 853 1611 παρὰ
880 1540 988 1597 τοῦ
1017 1540 1164 1595 Θεοῦ
1188 1542 1292 1595 τοῦ
1312 1541 1601 1609 σώζοντος

73 1642 187 1707 τοὺς
217 1638 405 1704 εὐθεῖς
428 1638 502 1706 τῇ
527 1636 753 1706 καρδίᾳ.
779 1635 1003 1708 Χρηστὰ
1032 1634 1139 1705 γὰρ
1168 1630 1373 1697 ἐλπίζει
1398 1634 1483 1688 διὰ
1509 1636 1599 1689 τὸν

76 1726 290 1793 ἐτάξαντο.
318 1726 550 1796 καρδίας
587 1727 681 1779 καὶ
713 1726 963 1797 νεφροὺς,
1009 1723 1084 1789 ὼς
1119 1722 1182 1795 δὴ
1223 1723 1431 1777 σκολιὸν
1462 1724 1600 1794 ἔχων

73 1819 193 1871 οὐδὲν
216 1820 267 1871 ἐν
295 1816 509 1889 καρδίᾳ.

1694 627 1885 698 diriges
1897 627 2127 697 justum,
2151 637 2392 683 scrutaris
2419 626 2579 681 corda
2595 637 2823 692 etrenes,
2848 626 3005 682 Deus.
3041 626 3251 682 Scitum

1695 737 2065 794 magnumque
2090 728 2175 775 est
2211 721 2491 791 postulare
2524 727 2583 774 ut
2612 719 2735 775 linis
2770 720 2839 775 sit
2876 720 3128 786 malitiae;
3166 728 3261 774 ut-

1697 830 1799 885 que
1817 815 2001 885 justus
2028 814 2102 867 ita
2130 812 2419 881 dirigatur,
2453 819 2514 866 ut
2540 826 2815 881 nunquam
2840 811 2983 865 ultro
3005 810 3249 865 ﬂuctuet.

1696 905 1832 962 Cum
1866 902 2044 961 autem
2068 904 2136 961 de
2178 905 2439 960 tribunali
2472 889 2869 975 Dei'loquitur,
2916 903 3088 958 solum
3125 917 3250 957 eum

1695 1013 1818 1054 esse
1850 996 2344 1071 justumjudicem
2373 997 2712 1067 pronuntiat,
2742 1003 2929 1061 utpote
2977 995 3068 1065 qui
3102 994 3251 1049 solus

1696 1094 1863 1150 corda
1889 1093 2090 1149 videat.
2139 1091 2261 1162 Ipse
2287 1107 2520 1163 namque
2558 1092 2739 1147 reddit
2768 1093 3064 1161 unicuique
3096 1090 3254 1160 juxta

1696 1176 1861 1256 opera
1887 1200 2007 1241 sua.
2052 1184 2225 1240 Homo
2247 1185 2448 1256 quippe
2476 1184 2614 1238 videt
2639 1185 2691 1237 in
2715 1184 2851 1253 [acie
2871 1184 2915 1214 ⁸³
2944 1201 2958 1249 ;
2992 1183 3110 1254 ipse
3125 1196 3253 1236 vero

1692 1277 1860 1347 judex
1891 1277 2287 1349 cogitationum
2314 1287 2398 1333 est
2424 1284 2479 1333 et
2507 1277 2674 1331 animi
2705 1278 3001 1344 sensuumj:
3045 1274 3252 1329 nullum

1692 1368 1959 1439 judicium
1990 1368 2263 1422 occultum
2300 1366 2402 1436 ipsi
2435 1376 2537 1423 est.
2578 1366 2712 1421 Cum
2743 1367 2904 1421 talem
2941 1379 3063 1420 esse
3087 1362 3254 1418 Deum

1697 1458 2050 1522 declarasset,
2093 1458 2373 1513 conﬁdens
2406 1474 2470 1513 ac
2505 1452 2845 1514 conscientia
2877 1473 2975 1512 sua
3025 1471 3253 1511 securus

1698 1551 1861 1607 dicit:
1896 1550 2232 1619 Adjutorium
2260 1564 2429 1601 meum
2456 1565 2489 1602 a
2525 1547 2656 1613 Deo,
2689 1551 2783 1619 qui
2810 1549 2982 1603 salvos
3011 1548 3140 1617 facit
3173 1564 3255 1601 re-

1698 1651 1806 1697 ctos
1838 1643 2011 1697 corde.
2054 1640 2198 1715 Bona
2236 1640 2434 1695 etenim
2467 1646 2649 1708 sperat
2686 1638 2754 1692 ab
2773 1652 2839 1692 eo
2862 1638 2952 1707 qui
2978 1644 3257 1693 scrutatur

1697 1734 1861 1789 corda
1883 1742 1937 1790 et
1962 1748 2141 1798 renes,
2184 1731 2330 1803 quod
2364 1731 2501 1786 nihil
2530 1738 2837 1786 tortuosum
2877 1729 2933 1782 in
2959 1729 3128 1783 corde‘
3156 1729 3256 1783 lia-

1699 1825 1844 1881 beat.

138 1910 259 1965 Ἐὰν
298 1878 387 1979 μή
432 1878 857 1980 ἑαωτραφῆτε,
907 1912 1022 1980 τὴν
1061 1910 1365 1980 ῥομφαίαν
1411 1905 1598 1961 αὐτοῦ

1707 1878 1728 1881 Ἴ
1766 1878 1935 1970 Vens.
1979 1915 2066 1968 15.
2111 1912 2237 1968 Nisi
2290 1914 2521 1968 conversi
2565 1912 2791 1982 fueritis,
2822 1911 3057 1982 gladium
3101 1926 3255 1963 suum

73 2000 353 2056 στιλϐώσει
376 2019 390 2032 ’
442 2002 509 2055 τὸ
551 2002 729 2068 τόξον
750 2004 935 2057 αὑτοῦ
957 2002 1213 2055 ἐνέτεινε
1237 2000 1333 2053 καὶ
1358 1999 1599 2068 ἡτοίμα-

73 2109 161 2145 σεν
194 2095 352 2147 αὑτό.
388 2095 613 2165 Μήποτε
659 2093 1236 2166 παρασεσιωπημένως
1274 2090 1444 2146 ταῦτα
1474 2090 1600 2162 περὶ

70 2186 143 2238 τοῦ
184 2186 423 2240 διαϐόλου
466 2187 713 2255 λέγεται’
744 2180 897 2249 οὗτος
938 2184 1043 2256 γὰρ
1088 2183 1226 2255 πρὸς
1263 2183 1483 2246 τούτους
1512 2183 1602 2236 καὶ

71 2278 294 2349 ὼδίνησεν
321 2279 559 2343 ἀδικίαν,
595 2278 779 2332 καὶτὰ
812 2277 956 2347 ἑξῆς.
1018 2286 1025 2345 f'

136 2370 263 2424 Ἰδοὺ
295 2370 595 2437 ὠδίνησεν
632 2369 886 2435 ἀδικίαν,
930 2368 1227 2424 συνέλαϐε
1262 2370 1471 2432 πόνον,
1505 2368 1599 2421 καὶ

72 2462 241 2513 ἔτεκεν
282 2460 560 2528 ἀνομίαν.
591 2457 828 2511 Λάκκον
879 2458 1069 2526 ὤρυξε
1117 2458 1214 2513 καὶ
1256 2457 1603 2526 ἀνέσκαψεν

72 2551 241 2615 αὐτὸν,
275 2548 741 2618 καὶρμπεσεῖται
776 2553 862 2616 εἰς
887 2551 1114 2619 βόθρον
1157 2549 1230 2604 ὃν
1268 2548 1598 2619 εἰργάσατο.

82 2642 418 2711 Ἑκιστρέψει
452 2644 486 2694 ὁ
514 2642 699 2707 πόνος
728 2642 913 2696 αὑτοῦ
956 2646 1041 2709 είς
1082 2641 1355 2711 κεφαλὴν
1397 2640 1599 2705 αὐτοῦ,

71 2735 147 2785 καὶ
175 2734 265 2786 ἐπὶ
303 2732 580 2801 κορυφὴν
605 2734 789 2788 αὑτοῦ
825 2735 863 2802 ή
892 2734 1093 2789 ἀδικία
1121 2734 1307 2788 αὑτοῦ
1349 2731 1603 2798 καταϐή-

72 2841 230 2878 σεται.
266 2824 450 2877 Ταῦτα
522 2824 697 2896 ῥητῶς
757 2824 844 2877 ἐπ’
889 2819 1167 2896 ’Δχίτόφελ
1232 2825 1601 2895 πεπλήρωται.

73 2916 537 2988 Παρευδοκιμηθεὶς
578 2917 831 2988 γὰρῄὺπὸ
875 2917 968 2971 τοῦ
999 2917 1190 2979 Χουσὶ,
1221 2918 1313 2970 καὶ
1350 2915 1421 2968 τὰ
1462 2915 1604 2985 πρά-

73 3027 226 3079 γματα
252 3010 345 3064 τοῦ
385 3009 755 3081 ’Δϐεσσαλὼμ,
786 3010 860 3073 ὡς
889 3011 952 3083 δὴ
986 3010 1165 3079 σοφὸς,
1201 3008 1487 3077 ἀπογνοὺς,
1511 3006 1606 3060 καὶ

76 3101 149 3171 τὴν
194 3102 486 3172 μέλλουσαν
534 3103 598 3155 ὲκ
643 3099 735 3154 τοῦ
769 3099 928 3154 Δαυῒδ
958 3099 1289 3171 φοϐούμενος
1324 3097 1499 3167 δίκην,
1526 3094 1606 3149 ol-

1699 2006 1957 2062 vibrabit:
2008 2021 2192 2058 arcum
2258 2021 2409 2057 suum
2464 2003 2683 2059 tetendit
2726 2012 2775 2056 et
2823 2004 3027 2071 pararit
3077 2003 3252 2056 illum.

1699 2096 1837 2153 Num
1868 2098 1983 2153 haec
2024 2097 2187 2151 tacite
2240 2104 2297 2150 et
2329 2095 2563 2150 obscure
2596 2094 2663 2149 de
2706 2093 2921 2148 diabolo
2964 2095 3252 2165 dicuntur;

1700 2206 1826 2246 nam
1892 2191 1940 2245 i's
2003 2190 2264 2244 adversus
2314 2186 2862 2261 bominestparturiit
2908 2187 3254 2256 injustitiam,

1700 2292 1755 2338 et
1774 2293 1991 2339 caetera.
2582 2344 2583 2347 η

1770 2374 1937 2431 Vens.
1972 2375 2040 2430 15
2066 2406 2092 2416 -
2119 2374 2207 2431 l7.
2266 2371 2394 2427 Ecce
2432 2371 2683 2440 parturiit
2734 2370 3071 2439 injustitiam,
3126 2388 3257 2425 con-

1701 2467 1833 2533 cepit
1860 2464 2094 2519 dolorem
2120 2475 2170 2519 et
2193 2466 2387 2535 peperit
2427 2462 2774 2533 iniquitatem.
2825 2460 3020 2515 Lacum
3052 2464 3255 2543 aperuit

1701 2567 1751 2619 et
1770 2556 1950 2627 effodit
1969 2573 2109 2627 eum,
2136 2566 2185 2610 et
2206 2556 2401 2609 incidet
2426 2557 2482 2609 in
2516 2555 2717 2624 foveam
2745 2570 2901 2624 quam
2929 2555 3073 2623 fecit.
3113 2552 3255 2609 Con-

1704 2658 1928 2705 vertetur
1972 2650 2125 2701 dolor
2170 2646 2283 2715 ejus
2330 2648 2385 2700 in
2426 2657 2581 2712 caput
2631 2647 2767 2715 ejus,
2811 2657 2859 2700 ct
2911 2648 2965 2700 in
3017 2647 3257 2701 verticem

1704 2743 1867 2809 ipsius
1903 2743 2151 2812 iniquitas
2194 2741 2305 2810 ejus
2354 2739 2643 2793 descendet.
2692 2739 2815 2793 Hec
2846 2740 2912 2792 ad
2944 2741 3169 2793 verbum
3200 2740 3258 2795 in

1704 2834 2055 2904 Acbitopbele
2097 2833 2366 2903 completa
2427 2841 2576 2886 sunt.
2643 2828 2779 2887 Nam
2812 2847 2841 2885 a
2880 2830 3049 2907 Chusi
3094 2848 3259 2902 supe-

1709 2932 1885 2990 ratus,
1912 2940 2036 2981 cum
2070 2925 2137 2983 de
2161 2925 2329 2980 rebus
2351 2922 2659 2986 Absalonis,
2684 2929 2870 2993 utpote
2893 2922 2974 2976 vir
2994 2921 3253 2999 prudens,

1706 3000 2040 3088 desperaret,
2097 3016 2447 3086 futuramque
2494 3014 2712 3069 Davidis
2747 3013 3042 3069 vindictam
3088 3014 3258 3082 perti-

1707 3116 1989 3172 mesceret,
2021 3108 2076 3164 in
2105 3110 2322 3163 domum
2366 3107 2627 3163 secedens
2656 3122 2776 3163 sese
2806 3107 2999 3176 laqueo
3026 3122 3258 3177 suspen-

75 3195 179 3247 καδε
222 3186 582 3267 ἀναχωρήσας
622 3192 924 3267 ἀπήγξατο,
968 3192 1155 3247 παθὼν
1199 3191 1342 3262 ἅπερ
1380 3188 1606 3242 ἐπεϐού-

1710 3198 1811 3262 dit,
1840 3212 1902 3252 ea
1931 3211 2245 3267 perpessus.
2271 3213 2393 3266 quae
2430 3196 2887 3251 machinamentis
2923 3196 3037 3250 suis
3068 3194 3258 3250 Davidi

76 3285 171 3339 λεδε
213 3287 402 3342 παθεῖν
440 3289 531 3341 τὸν
567 3288 748 3351 Δαυῒδ,
777 3287 871 3340 καὶ
914 3286 1012 3356 silv
1056 3284 1176 3338 κατ’
1208 3280 1371 3337 αὐτοῦ
1414 3282 1609 3335 κακίαν

74 3380 147 3430 ἐπὶ
176 3378 267 3449 τὴν
299 3379 468 3433 αὐτοῦ
498 3379 740 3449 κεφαλὴν
773 3376 1110 3447 ἀπεμάξατο.
1159 3374 1270 3428 Καὶ
1298 3374 1523 3428 καθόλου
1554 3373 1611 3426 δὲ

78 3469 162 3531 ui;
188 3468 249 3520 δι’
275 3462 351 3521 ῶν
375 3468 664 3541 εἰργάσατο
694 3467 878 3522 κακῶν
914 3467 1031 3521 καθ’
1060 3464 1250 3519 ἑαυτοῦ
1291 3466 1389 3537 τὴν
1428 3465 1610 3538 ψῆφον

76 3559 120 3609 ὲν
144 3559 312 3630 ἡμέρᾳ
344 3559 580 3628 κρίσεως
608 3559 780 3630 φέρει.

142 3636 672 3717 Ἐξομολοτήσομαι
703 3646 783 3713 τῷ
822 3647 1016 3716 Κυρίῳ
1046 3644 1196 3701 κατὰ
1236 3642 1351 3711 τὴν
1393 3642 1612 3698 δικαιο-

77 3740 245 3805 σύνην
268 3739 479 3803 αὑτοῦ,
513 3738 689 3808 ψαλῶ
715 3739 794 3806 τῷ
823 3740 1062 3808 ὀνόματι
1088 3736 1308 3805 Κυρίου
1334 3735 1437 3789 τοῦ
1459 3735 1612 3803 Ὑψι-

79 3845 220 3884 στου.
236 3829 320 3892 Ὠς
344 3829 405 3882 δὲ
438 3830 623 3901 μηδενὶ
646 3832 806 3895 αὐτὸς
831 3828 1234 3893 ἐπιϐουλεύσας,
1262 3826 1393 3899 μηδὲ
1414 3826 1613 3880 λάκκον

78 3922 265 3991 ὀρύξας,
305 3921 561 3993 παρορῶν
607 3923 666 3975 δὲ
708 3924 835 3987 τοὺς
880 3920 1198 3985 ἀδικοῦντας
1246 3918 1352 3973 τῶν
1404 3918 1611 3973 ἀσεϐῶν

80 4014 432 4085 ἀπολλυμένων
480 4014 539 4065 ὲν
590 4013 806 4084 κρίσει,
839 4011 1413 4081 Ἐξομολοτηῇσομαι,
1458 4011 1610 4081 φησὶ,

79 4105 143 4170 τῷ
159 4094 343 4175 Κυρίὶρ
363 4106 514 4161 κατὰ
540 4105 652 4173 τὴν
669 4104 1061 4173 δικαιοσύνην
1081 4104 1268 4163 αὐτοῦ
1293 4121 1306 4135 ·
1334 4104 1415 4157 Τὰ
1442 4104 1612 4175 ἐμαυ-

80 4193 153 4245 τοῦ
178 4195 352 4250 δίκαια
391 4195 637 4267 καθάπερ
666 4196 724 4250 ὲν
745 4196 1076 4268 δικαστηρίῳ
1104 4194 1325 4270 προθείς
1343 4212 1356 4224 ’
1389 4192 1487 4249 καὶ
1507 4196 1613 4259 1M-

81 4281 149 4337 .ιῶ
186 4285 249 4338 δὲ
283 4286 365 4352 τῷ
391 4288 630 4358 ὀνόματι
656 4287 872 4356 Κυρίου
894 4286 999 4341 τοῦ
1022 4289 1317 4357 ὑψίστουο
1348 4281 1613 4339 πιστεύων

84 4375 553 4451 καταξιωθήσεσθαι
577 4379 669 4433 τοῦ
696 4376 853 4451 χοροῦ
880 4376 986 4443 τῶν
1017 4372 1145 4449 παρ’
1177 4374 1341 4434 αὐτοῦ
1373 4372 1612 4444 σωζομέ-

84 4484 185 4520 νων.

450 4582 741 4637 ΨΑΔΜΟΣ
776 4582 871 4637 T0
899 4579 1093 4636 ΔΑΥῙΔ
1130 4582 1212 4638 Η’.

338 4695 445 4759 Εις
478 4696 546 4748 τὸ
575 4696 747 4764 τέλος
783 4697 935 4766 ὑπὲρ
967 4695 1084 4750 τῶν
1111 4695 1335 4767 ληνῶν.

141 4809 210 4862 τὰ
235 4810 326 4864 ἐπὶ
364 4813 433 4881 τῇ
465 4810 740 4882 συντελείᾳ
770 4813 864 4867 νῦν
900 4814 1005 4865 τῶν
1035 4809 1243 4865 αἰώνων
1288 4815 1618 4883 προφητευό-

94 4916 199 4966 μεκι
226 4903 320 4975 τὴν
345 4903 673 4973 ἐπιγραφὴν,
705 4906 792 4970 εις
831 4904 897 4959 τὸ
938 4906 1126 4969 τέλος,
1158 4902 1616 4976 ὲποίησεν.Ὑπὲρ

91 4988 136 5043 δὲ
154 4992 257 5046 τῶν
280 4994 483 5064 ληνῶν
507 4994 594 5048 διὰ
623 4994 721 5058 τὰς
752 4997 810 5061 ὲν
841 4996 986 5067 πάσῃ
1006 4998 1070 5066 τῇ
1095 4997 1163 5065 γῇ
1192 4996 1458 5062 συστάσας
1498 4999 1619 5053 Ἐκο

95 5080 308 5152 πλησίας,
354 5084 679 5159 ἀλληγορίας
730 5086 877 5155 νόμῳ
923 5086 1215 5157 λεγομένας
1270 5086 1617 5157 ληνούς.”οτε

100 5168 270 5238 ubisi;
297 5172 366 5246 ἦν
396 5178 518 5241 λαός
537 5195 551 5207 ·
584 5174 652 5249 ἦν
675 5177 733 5230 δὲ
759 5170 911 5240 οὗτος
952 5178 1187 5249 Ἰσραὴλ.
1218 5170 1263 5245 ᾧ
1288 5179 1617 5251 ἐχρημάτιζε

98 5262 169 5312 καί
192 5261 389 5333 πύργος
419 5267 447 5319 ὁ
482 5268 631 5339 παρὰ
654 5267 861 5329 τούτοις
900 5267 1053 5333 νεὼς,
1081 5269 1171 5322 καὶ
1206 5270 1534 5335 προλήνιον
1558 5271 1619 5324 τὸ

102 5350 184 5420 πρὸ
204 5353 290 5405 τοῦ
320 5354 851 5431 ναοῦθυσιαστὴριον
879 5359 1019 5412 κατὰ
1043 5361 1145 5433 τὴν
1171 5360 1389 5413 Ἡσαΐου
1416 5365 1615 5433 φωνήν.

99 5437 223 5492 THE
254 5441 453 5512 πλῆθος
490 5448 607 5499 νυνὶ
652 5448 761 5518 τῶν
800 5447 975 5517 ληνῶν
1011 5449 1080 5503 τὰ
1114 5448 1281 5503 πολλὰ
1316 5450 1504 5519 μηνύει
1535 5451 1621 5504 θυ-

104 5533 378 5603 summa,
405 5536 521 5598 ταῖς
563 5537 706 5592 κατὰ
748 5540 909 5611 μέρος
951 5540 1263 5613 ἐκκλησίαις
1291 5539 1621 5619 συνδιαφοιξ·

106 5636 233 5687 laeva.
259 5626 345 5679 Διὸ
391 5627 484 5681 καὶ
522 5630 579 5681 ὲν
618 5637 706 5699 πγ¹
733 5632 928 5703 ψαλμῷ
967 5633 1057 5687 τὸν
1084 5634 1245 5687 αὐτὸν
1270 5630 1623 5702 ἐπιγραφέντι

160 5800 199 5831 ¹’
233 5784 409 5875 Πιεε.
450 5822 567 5874 xu,
599 5808 653 5864 'l.

1639 4556 1687 4610 D

1712 3292 2017 3360 paraverat,
2061 3301 2326 3355 suamque
2382 3286 2644 3340 adversus
2682 3300 2806 3339 eum
2853 3284 3150 3353 nequitiam
3200 3284 3258 3338 in

1711 3388 1866 3449 caput
1902 3378 2018 3447 ipse
2051 3393 2210 3433 suum
2242 3376 2529 3447 expressit.
2571 3374 2635 3429 Et
2665 3391 2795 3429 vero
2822 3390 3015 3453 omnes
3033 3389 3260 3444 prorsus

1712 3469 1981 3532 homines,
2021 3484 2087 3522 ex
2123 3467 2285 3523 editis
2327 3466 2603 3537 operibus,
2636 3478 2787 3519 suam
2838 3464 2893 3517 in
2934 3463 3023 3519 die
3066 3462 3259 3534 judicii

1713 3560 1899 3616 ferunt
1932 3559 2281 3615 sententiam.
2970 3608 2974 3611 _

1748 3648 1946 3704 ’Vsns.
1972 3649 2059 3704 18.
2093 3646 2392 3718 Conﬁtebor
2418 3647 2643 3701 Domino
2681 3640 2963 3726 secundum
2992 3646 3261 3714 justitiam

1674 3732 1845 3813 ‘ejus,
1872 3740 2104 3808 psallam
2138 3740 2337 3794 nomini
2372 3739 2653 3813 Altissimi.
2700 3737 2896 3806 Utpote
2932 3738 3024 3805 qui
3058 3736 3257 3790 nemini

1712 3825 1940 3886 insidias
1964 3831 2245 3894 struxerit,
2279 3832 2479 3886 nemini
2516 3830 2692 3884 lacum
2732 3828 3009 3907 eﬂ‘oderit;
3043 3828 3260 3897 iniquos

1713 3939 1836 3979 cum
1866 3922 2193 3992 despiceret,
2227 3936 2430 3993 gnarus
2459 3920 2625 3975 futuri
2656 3921 2713 3976 in
2738 3921 2943 3991 judicio
2971 3920 3260 3990 impiorum

1712 4010 1901 4074 exitii:
1928 4013 2227 4084 Conﬁtebor
2247 4053 2262 4079 ,
2299 4013 2499 4083 inquit,
2523 4012 2748 4067 Domino
2780 4010 3062 4067 secundum
3096 4009 3262 4079 justi-

1716 4110 1843 4162 tiam
1866 4107 2016 4177 ejus;
2058 4107 2223 4176 justis
2265 4107 2402 4161 meis
2451 4106 2709 4175 operibus
2736 4104 2880 4158 velut
2912 4103 2964 4155 in
3002 4100 3262 4154 tribunali

1712 4200 2023 4271 productis;
2054 4208 2102 4253 et
2124 4198 2352 4268 psallam
2381 4198 2577 4251 nomini
2596 4196 2809 4249 Domini
2857 4182 3133 4255 altissimi,
3160 4192 3262 4246 fre-

1716 4304 1803 4351 tus
1830 4310 1927 4366 spe
1952 4310 2038 4349 me
2061 4296 2116 4348 in
2153 4293 2322 4347 choro
2351 4306 2536 4348 eorum
2567 4289 2658 4358 qui
2686 4303 2783 4358 per
2814 4288 2989 4356 ipsum
3031 4286 3260 4340 salutem

1715 4382 2140 4456 consequentur,
2184 4384 2304 4453 ejus
2336 4380 2648 4452 dignatio‘ne
2691 4377 3069 4448 recipiendum
3112 4392 3254 4432 esse.

2096 4580 2426 4653 ‘PSALMUS
2467 4578 2671 4633 cum
2722 4577 2850 4633 Vlll.

2057 4700 2109 4752 1.
2151 4695 2217 4785 Iit
2248 4696 2403 4767 ﬁnem
2425 4711 2520 4765 pro
2550 4690 2914 4748 torcularibus.

1782 4811 1912 4879 Quae
1950 4809 2040 4863 hic
2073 4808 2142 4863 de
2182 4800 2651 4864 consummatione
2682 4803 3001 4860 saeculorum
3030 4800 3264 4871 prophe-

1712 4898 2226 4969 ticeuenuntiantur,
2276 4900 2332 4951 in
2378 4912 2541 4952 causa
2584 4894 2732 4948 luere
2784 4893 2925 4963 quod
2958 4890 3262 4959 inscriptio,

1710 4993 1769 5044 in
1793 4991 1969 5059 ﬁnem,
2005 4996 2388 5058 apponeretur.
2434 4986 2541 5039 Pro
2574 4984 2923 5037 torcularibus
2960 4990 3139 5035 autem
3180 4981 3264 5036 di-

1714 5082 1857 5136 citur
1908 5078 2273 5135 Ecclesiarum
2320 5078 2515 5148 gratia,
2555 5092 2676 5146 quae
2705 5092 2802 5145 per
2831 5074 3136 5127 universam
3162 5082 3265 5127 ter-

1716 5186 1831 5224 ram
1872 5169 2164 5233 exsistunt,
2191 5173 2245 5224 et
2288 5168 2574 5237 allegorice
2633 5164 2926 5221 toreularia
2973 5171 3259 5235 vocantur.

1718 5262 1947 5327 Quando
1977 5263 2121 5316 enim
2174 5275 2316 5314 unus
2344 5266 2459 5313 erat
2490 5260 2746 5329 populus,
2787 5256 2994 5310 scilicet
3023 5256 3260 5320 lsraelis,

1719 5355 1843 5408 huic
1883 5361 2001 5409 erat
2034 5352 2512 5421 turris,templum
2556 5350 2696 5420 apud
2734 5350 2883 5418 ipsos
2923 5355 3261 5417 nuncupata:

1718 5451 1772 5497 et
1812 5430 2164 5508 ρτοιονειιιᾶτ,
2218 5442 2426 5496 scilicet
2472 5441 2642 5495 altare
2696 5452 2793 5508 pro
2840 5439 3024 5507 templi
3078 5438 3264 5492 limine

1716 5534 1870 5603 juxta
1916 5531 2067 5588 Isaias
2091 5540 2297 5589 vocem.
2332 5530 2448 5587 Jam
2494 5546 2623 5585 vero
2652 5528 3046 5583 multitudinem
3077 5536 3261 5581 torcu—

1724 5623 1917 5680 larium
1946 5625 2115 5681 multa
2138 5624 2418 5682 declarant
2450 5622 2642 5677 altaria
2700 5621 2757 5675 in
2786 5620 3017 5677 diversis
3044 5636 3140 5692 per
3175 5633 3267 5675 art
