  <div class='ocr_page' id='page_1' title='image "/cluster/home/n/w/nwhite01/storage/ocr_20150623/23/pst.000005712076/071.png"; bbox 0 0 3956 6340; ppageno 0'>
   <div class='ocr_carea' id='block_1_1' title="bbox 697 401 799 457">
    <p class='ocr_par' dir='ltr' id='par_1_1' title="bbox 697 401 799 457">
     <span class='ocr_line' id='line_1_1' title="bbox 697 401 799 457; baseline 0 0"><span class='ocrx_word' id='word_1_1' title='bbox 697 401 799 457; x_wconf 67' lang='grc'><strong>127</strong></span> 
     </span>
    </p>
   </div>
   <div class='ocr_carea' id='block_1_2' title="bbox 1369 393 3815 455">
    <p class='ocr_par' dir='ltr' id='par_1_2' title="bbox 1369 393 3815 455">
     <span class='ocr_line' id='line_1_2' title="bbox 1369 393 3815 455; baseline 0 -3"><span class='ocrx_word' id='word_1_2' title='bbox 1369 397 1633 454; x_wconf 85' lang='lat' dir='ltr'><strong>EUSEBII</strong></span> <span class='ocrx_word' id='word_1_3' title='bbox 1668 399 2133 455; x_wconf 71' lang='lat' dir='ltr'><strong>CASSARIENSIS</strong></span> <span class='ocrx_word' id='word_1_4' title='bbox 2166 399 2311 455; x_wconf 78' lang='lat' dir='ltr'><strong>OPP.</strong></span> <span class='ocrx_word' id='word_1_5' title='bbox 2350 398 2525 453; x_wconf 81' lang='lat' dir='ltr'><strong>PARS</strong></span> <span class='ocrx_word' id='word_1_6' title='bbox 2563 398 2647 452; x_wconf 90' lang='lat' dir='ltr'><strong>Ill.</strong></span> <span class='ocrx_word' id='word_1_7' title='bbox 2687 428 2753 437; x_wconf 91' lang='lat'><strong>—-</strong></span> <span class='ocrx_word' id='word_1_8' title='bbox 2790 393 3187 452; x_wconf 81' lang='lat' dir='ltr'><strong>EXEGETICA.</strong></span> <span class='ocrx_word' id='word_1_9' title='bbox 3740 398 3815 454; x_wconf 71' lang='grc'><strong>123</strong></span> 
     </span>
    </p>
   </div>
   <div class='ocr_carea' id='block_1_3' title="bbox 664 488 2217 590">
    <p class='ocr_par' dir='ltr' id='par_1_3' title="bbox 664 500 2217 589">
     <span class='ocr_line' id='line_1_3' title="bbox 664 500 2217 589; baseline -0.001 -16"><span class='ocrx_word' id='word_1_10' title='bbox 664 500 816 573; x_wconf 56' lang='grc' dir='ltr'>Ἱκειυ</span> <span class='ocrx_word' id='word_1_11' title='bbox 849 516 1091 572; x_wconf 88' lang='lat' dir='ltr'><strong>ecclesiis</strong></span> <span class='ocrx_word' id='word_1_12' title='bbox 1114 516 1325 572; x_wconf 84' lang='lat' dir='ltr'><strong>dissita.</strong></span> <span class='ocrx_word' id='word_1_13' title='bbox 1366 516 1542 582; x_wconf 85' lang='lat' dir='ltr'><strong>Quare</strong></span> <span class='ocrx_word' id='word_1_14' title='bbox 1568 519 1623 570; x_wconf 91' lang='lat' dir='ltr'><strong>in</strong></span> <span class='ocrx_word' id='word_1_15' title='bbox 1656 518 1862 587; x_wconf 83' lang='lat' dir='ltr'><strong>psalmo</strong></span> <span class='ocrx_word' id='word_1_16' title='bbox 1892 535 2095 573; x_wconf 80' lang='lat' dir='ltr'><strong>Lxxxm</strong></span> <span class='ocrx_word' id='word_1_17' title='bbox 2134 520 2217 589; x_wconf 86' lang='lat' dir='ltr'><strong>qui</strong></span> 
     </span>
    </p>
   </div>
   <div class='ocr_carea' id='block_1_4' title="bbox 2317 488 3816 590">
    <p class='ocr_par' dir='ltr' id='par_1_4' title="bbox 2320 513 3816 590">
     <span class='ocr_line' id='line_1_4' title="bbox 2320 513 3816 590; baseline -0.001 -19"><span class='ocrx_word' id='word_1_18' title='bbox 2320 528 2514 590; x_wconf 82' lang='grc' dir='ltr'><strong>τρόπον</strong></span> <span class='ocrx_word' id='word_1_19' title='bbox 2544 517 2708 570; x_wconf 81' lang='grc' dir='ltr'>πολλὰ</span> <span class='ocrx_word' id='word_1_20' title='bbox 2737 518 3084 588; x_wconf 78' lang='grc' dir='ltr'>θυσιαστήρια</span> <span class='ocrx_word' id='word_1_21' title='bbox 3114 516 3206 568; x_wconf 80' lang='grc' dir='ltr'>καὶ</span> <span class='ocrx_word' id='word_1_22' title='bbox 3229 513 3553 586; x_wconf 75' lang='grc' dir='ltr'><strong>σκηνώματα</strong></span> <span class='ocrx_word' id='word_1_23' title='bbox 3576 515 3816 581; x_wconf 79' lang='grc' dir='ltr'>θεσπίζον-</span> 
     </span>
    </p>
   </div>
   <div class='ocr_carea' id='block_1_5' title="bbox 693 608 2212 682">
    <p class='ocr_par' dir='ltr' id='par_1_5' title="bbox 693 608 2212 682">
     <span class='ocr_line' id='line_1_5' title="bbox 693 608 2212 682; baseline -0.002 -14"><span class='ocrx_word' id='word_1_24' title='bbox 693 626 876 682; x_wconf 88' lang='lat' dir='ltr'><strong>parem</strong></span> <span class='ocrx_word' id='word_1_25' title='bbox 908 624 1027 664; x_wconf 92' lang='lat' dir='ltr'><strong>cum</strong></span> <span class='ocrx_word' id='word_1_26' title='bbox 1055 610 1301 678; x_wconf 63' lang='lat' dir='ltr'><strong>praesenti</strong></span> <span class='ocrx_word' id='word_1_27' title='bbox 1331 608 1432 663; x_wconf 77' lang='lat' dir='ltr'><strong>fert</strong></span> <span class='ocrx_word' id='word_1_28' title='bbox 1460 611 1885 680; x_wconf 76' lang='lat' dir='ltr'><strong>inscriptionem,</strong></span> <span class='ocrx_word' id='word_1_29' title='bbox 1920 612 2085 666; x_wconf 90' lang='lat' dir='ltr'><strong>multa</strong></span> <span class='ocrx_word' id='word_1_30' title='bbox 2134 613 2212 665; x_wconf 90' lang='lat' dir='ltr'><strong>al-</strong></span> 
     </span>
    </p>
   </div>
   <div class='ocr_carea' id='block_1_6' title="bbox 697 698 2213 770">
    <p class='ocr_par' dir='ltr' id='par_1_6' title="bbox 697 698 2213 770">
     <span class='ocr_line' id='line_1_6' title="bbox 697 698 2213 770; baseline -0.001 -15"><span class='ocrx_word' id='word_1_31' title='bbox 697 701 849 765; x_wconf 86' lang='lat' dir='ltr'><strong>taria,</strong></span> <span class='ocrx_word' id='word_1_32' title='bbox 876 699 1236 761; x_wconf 86' lang='lat' dir='ltr'><strong>tabernacula,</strong></span> <span class='ocrx_word' id='word_1_33' title='bbox 1261 698 1395 751; x_wconf 90' lang='lat' dir='ltr'><strong>atria</strong></span> <span class='ocrx_word' id='word_1_34' title='bbox 1419 698 1473 752; x_wconf 91' lang='lat' dir='ltr'><strong>in</strong></span> <span class='ocrx_word' id='word_1_35' title='bbox 1502 701 1754 754; x_wconf 83' lang='lat' dir='ltr'><strong>vaticinio</strong></span> <span class='ocrx_word' id='word_1_36' title='bbox 1772 700 2038 765; x_wconf 79' lang='lat' dir='ltr'><strong>feruntur,</strong></span> <span class='ocrx_word' id='word_1_37' title='bbox 2061 704 2213 770; x_wconf 75' lang='lat' dir='ltr'><strong>juxta</strong></span> 
     </span>
    </p>
   </div>
   <div class='ocr_carea' id='block_1_7' title="bbox 694 789 2217 857">
    <p class='ocr_par' dir='ltr' id='par_1_7' title="bbox 694 789 2217 857">
     <span class='ocr_line' id='line_1_7' title="bbox 694 789 2217 857; baseline -0.001 -11"><span class='ocrx_word' id='word_1_38' title='bbox 694 791 852 847; x_wconf 89' lang='lat' dir='ltr'><strong>illud:</strong></span> <span class='ocrx_word' id='word_1_39' title='bbox 890 792 1058 857; x_wconf 75' lang='lat' dir='ltr'><strong>Quam</strong></span> <span class='ocrx_word' id='word_1_40' title='bbox 1080 789 1268 843; x_wconf 75' lang='lat' dir='ltr'><strong>dilecta</strong></span> <span class='ocrx_word' id='word_1_41' title='bbox 1290 789 1619 843; x_wconf 81' lang='lat' dir='ltr'><strong>tabernacula</strong></span> <span class='ocrx_word' id='word_1_42' title='bbox 1650 800 1757 857; x_wconf 87' lang='lat' dir='ltr'><strong>tua,</strong></span> <span class='ocrx_word' id='word_1_43' title='bbox 1789 791 2011 846; x_wconf 83' lang='lat' dir='ltr'><strong>Domine</strong></span> <span class='ocrx_word' id='word_1_44' title='bbox 2052 794 2217 846; x_wconf 83' lang='lat' dir='ltr'><strong>virtu-</strong></span> 
     </span>
    </p>
   </div>
   <div class='ocr_carea' id='block_1_8' title="bbox 696 866 2220 947">
    <p class='ocr_par' dir='ltr' id='par_1_8' title="bbox 696 866 2220 947">
     <span class='ocr_line' id='line_1_8' title="bbox 696 866 2220 947; baseline -0.001 -13"><span class='ocrx_word' id='word_1_45' title='bbox 696 881 843 935; x_wconf 85' lang='lat' dir='ltr'><strong>tum!</strong></span> <span class='ocrx_word' id='word_1_46' title='bbox 873 879 1186 947; x_wconf 73' lang='lat' dir='ltr'><strong>concupiscit</strong></span> <span class='ocrx_word' id='word_1_47' title='bbox 1227 888 1276 931; x_wconf 86' lang='lat' dir='ltr'><strong>et</strong></span> <span class='ocrx_word' id='word_1_48' title='bbox 1319 877 1492 947; x_wconf 89' lang='lat' dir='ltr'><strong>deﬁcit</strong></span> <span class='ocrx_word' id='word_1_49' title='bbox 1522 881 1698 934; x_wconf 80' lang='lat' dir='ltr'><strong>animo</strong></span> <span class='ocrx_word' id='word_1_50' title='bbox 1726 898 1837 934; x_wconf 88' lang='lat' dir='ltr'><strong>mea</strong></span> <span class='ocrx_word' id='word_1_51' title='bbox 1866 882 1919 934; x_wconf 87' lang='lat' dir='ltr'><strong>in</strong></span> <span class='ocrx_word' id='word_1_52' title='bbox 1949 882 2087 933; x_wconf 87' lang='lat' dir='ltr'><strong>atria</strong></span> <span class='ocrx_word' id='word_1_53' title='bbox 2113 866 2220 933; x_wconf 46' lang='lat' dir='ltr'><strong>Do?</strong></span> 
     </span>
    </p>
   </div>
   <div class='ocr_carea' id='block_1_9' title="bbox 670 952 2219 1040">
    <p class='ocr_par' dir='ltr' id='par_1_9' title="bbox 670 952 2219 1040">
     <span class='ocr_line' id='line_1_9' title="bbox 670 952 2219 1040; baseline -0.001 -15"><span class='ocrx_word' id='word_1_54' title='bbox 670 952 820 1025; x_wconf 19' lang='lat' dir='ltr'><strong>‘mini</strong></span> <span class='ocrx_word' id='word_1_55' title='bbox 839 972 919 1036; x_wconf 63' lang='lat'><strong>3‘;</strong></span> <span class='ocrx_word' id='word_1_56' title='bbox 948 970 1140 1026; x_wconf 85' lang='lat' dir='ltr'><strong>deinde</strong></span> <span class='ocrx_word' id='word_1_57' title='bbox 1169 985 1291 1024; x_wconf 85' lang='lat' dir='ltr'><strong>vero</strong></span> <span class='ocrx_word' id='word_1_58' title='bbox 1322 970 1597 1040; x_wconf 72' lang='lat' dir='ltr'><strong>subjungit</strong></span> <span class='ocrx_word' id='word_1_59' title='bbox 1617 1009 1633 1034; x_wconf 90' lang='lat'><strong>,</strong></span> <span class='ocrx_word' id='word_1_60' title='bbox 1662 971 1871 1025; x_wconf 80' lang='lat' dir='ltr'><strong>Attaria</strong></span> <span class='ocrx_word' id='word_1_61' title='bbox 1900 980 2010 1035; x_wconf 84' lang='lat' dir='ltr'><strong>tua,</strong></span> <span class='ocrx_word' id='word_1_62' title='bbox 2040 971 2219 1023; x_wconf 84' lang='lat' dir='ltr'><strong>Domi-</strong></span> 
     </span>
    </p>
   </div>
   <div class='ocr_carea' id='block_1_10' title="bbox 695 1061 1601 1131">
    <p class='ocr_par' dir='ltr' id='par_1_10' title="bbox 695 1061 1601 1131">
     <span class='ocr_line' id='line_1_10' title="bbox 695 1061 1601 1131; baseline -0.001 -15"><span class='ocrx_word' id='word_1_63' title='bbox 695 1080 755 1116; x_wconf 96' lang='lat' dir='ltr'><strong>ne</strong></span> <span class='ocrx_word' id='word_1_64' title='bbox 777 1063 1024 1115; x_wconf 86' lang='lat' dir='ltr'><strong>virtutum</strong></span> <span class='ocrx_word' id='word_1_65' title='bbox 1041 1061 1105 1115; x_wconf 72' lang='lat'><strong>&quot;.</strong></span> <span class='ocrx_word' id='word_1_66' title='bbox 1594 1125 1601 1131; x_wconf 26' lang='grc' dir='ltr'><strong><em>ι</em></strong></span> 
     </span>
    </p>
   </div>
   <div class='ocr_carea' id='block_1_11' title="bbox 762 1150 2221 1218">
    <p class='ocr_par' dir='ltr' id='par_1_11' title="bbox 762 1150 2221 1218">
     <span class='ocr_line' id='line_1_11' title="bbox 762 1150 2221 1218; baseline -0.003 -13"><span class='ocrx_word' id='word_1_67' title='bbox 762 1152 920 1208; x_wconf 74' lang='lat' dir='ltr'><strong>Vens.</strong></span> <span class='ocrx_word' id='word_1_68' title='bbox 955 1153 1009 1214; x_wconf 78' lang='grc'>2,</span> <span class='ocrx_word' id='word_1_69' title='bbox 1038 1153 1090 1207; x_wconf 80' lang='lat'><strong>&#39;5.</strong></span> <span class='ocrx_word' id='word_1_70' title='bbox 1120 1150 1338 1206; x_wconf 84' lang='lat' dir='ltr'><strong>Domine</strong></span> <span class='ocrx_word' id='word_1_71' title='bbox 1364 1150 1615 1205; x_wconf 75' lang='lat' dir='ltr'><strong>Dominus</strong></span> <span class='ocrx_word' id='word_1_72' title='bbox 1646 1160 1837 1213; x_wconf 87' lang='lat' dir='ltr'><strong>noster,</strong></span> <span class='ocrx_word' id='word_1_73' title='bbox 1867 1167 2021 1218; x_wconf 89' lang='lat' dir='ltr'><strong>quam</strong></span> <span class='ocrx_word' id='word_1_74' title='bbox 2051 1150 2221 1202; x_wconf 85' lang='lat' dir='ltr'><strong>admi-</strong></span> 
     </span>
    </p>
   </div>
   <div class='ocr_carea' id='block_1_12' title="bbox 690 1242 2218 1308">
    <p class='ocr_par' dir='ltr' id='par_1_12' title="bbox 690 1242 2218 1308">
     <span class='ocr_line' id='line_1_12' title="bbox 690 1242 2218 1308; baseline 0 -11"><span class='ocrx_word' id='word_1_75' title='bbox 690 1244 852 1297; x_wconf 81' lang='lat' dir='ltr'><strong>rabile</strong></span> <span class='ocrx_word' id='word_1_76' title='bbox 884 1254 959 1298; x_wconf 89' lang='lat' dir='ltr'><strong>est</strong></span> <span class='ocrx_word' id='word_1_77' title='bbox 989 1260 1172 1299; x_wconf 87' lang='lat' dir='ltr'><strong>nomen</strong></span> <span class='ocrx_word' id='word_1_78' title='bbox 1203 1252 1348 1299; x_wconf 83' lang='lat' dir='ltr'><strong>tuum</strong></span> <span class='ocrx_word' id='word_1_79' title='bbox 1380 1244 1434 1297; x_wconf 87' lang='lat' dir='ltr'><strong>in</strong></span> <span class='ocrx_word' id='word_1_80' title='bbox 1460 1244 1699 1297; x_wconf 82' lang='lat' dir='ltr'><strong>universa</strong></span> <span class='ocrx_word' id='word_1_81' title='bbox 1741 1244 1920 1296; x_wconf 84' lang='lat' dir='ltr'><strong>terra!</strong></span> <span class='ocrx_word' id='word_1_82' title='bbox 1961 1242 2218 1308; x_wconf 82' lang='lat' dir='ltr'><strong>Quoniam</strong></span> 
     </span>
    </p>
   </div>
   <div class='ocr_carea' id='block_1_13' title="bbox 690 1331 2220 1404">
    <p class='ocr_par' dir='ltr' id='par_1_13' title="bbox 690 1331 2220 1404">
     <span class='ocr_line' id='line_1_13' title="bbox 690 1331 2220 1404; baseline -0.001 -16"><span class='ocrx_word' id='word_1_83' title='bbox 690 1337 887 1397; x_wconf 82' lang='lat' dir='ltr'><strong>elevata</strong></span> <span class='ocrx_word' id='word_1_84' title='bbox 923 1344 1001 1389; x_wconf 81' lang='lat' dir='ltr'><strong>est</strong></span> <span class='ocrx_word' id='word_1_85' title='bbox 1044 1334 1427 1404; x_wconf 86' lang='lat' dir='ltr'><strong>magniﬁcentia</strong></span> <span class='ocrx_word' id='word_1_86' title='bbox 1469 1343 1559 1386; x_wconf 88' lang='lat' dir='ltr'><strong>tua</strong></span> <span class='ocrx_word' id='word_1_87' title='bbox 1598 1350 1754 1401; x_wconf 81' lang='lat' dir='ltr'><strong><em>super</em></strong></span> <span class='ocrx_word' id='word_1_88' title='bbox 1791 1334 1961 1386; x_wconf 69' lang='lat' dir='ltr'><strong>caelos.</strong></span> <span class='ocrx_word' id='word_1_89' title='bbox 2016 1331 2094 1384; x_wconf 76' lang='lat' dir='ltr'><strong>Ea:</strong></span> <span class='ocrx_word' id='word_1_90' title='bbox 2134 1350 2220 1386; x_wconf 88' lang='lat' dir='ltr'><strong>ore</strong></span> 
     </span>
    </p>
   </div>
   <div class='ocr_carea' id='block_1_14' title="bbox 691 1421 2219 1492">
    <p class='ocr_par' dir='ltr' id='par_1_14' title="bbox 691 1421 2219 1492">
     <span class='ocr_line' id='line_1_14' title="bbox 691 1421 2219 1492; baseline -0.001 -17"><span class='ocrx_word' id='word_1_91' title='bbox 691 1424 974 1492; x_wconf 78' lang='lat' dir='ltr'><strong>infantium</strong></span> <span class='ocrx_word' id='word_1_92' title='bbox 1020 1432 1064 1477; x_wconf 86' lang='lat' dir='ltr'><strong>et</strong></span> <span class='ocrx_word' id='word_1_93' title='bbox 1114 1423 1413 1477; x_wconf 78' lang='lat' dir='ltr'><strong>lactentium</strong></span> <span class='ocrx_word' id='word_1_94' title='bbox 1453 1422 1712 1489; x_wconf 77' lang='lat' dir='ltr'><strong>perfecisti</strong></span> <span class='ocrx_word' id='word_1_95' title='bbox 1762 1421 1965 1473; x_wconf 74' lang='lat' dir='ltr'><strong>tandem</strong></span> <span class='ocrx_word' id='word_1_96' title='bbox 2015 1430 2219 1488; x_wconf 81' lang='lat' dir='ltr'><strong>propter</strong></span> 
     </span>
    </p>
   </div>
   <div class='ocr_carea' id='block_1_15' title="bbox 694 1509 2220 1575">
    <p class='ocr_par' dir='ltr' id='par_1_15' title="bbox 694 1509 2220 1575">
     <span class='ocr_line' id='line_1_15' title="bbox 694 1509 2220 1575; baseline -0.003 -10"><span class='ocrx_word' id='word_1_97' title='bbox 694 1513 925 1565; x_wconf 86' lang='lat' dir='ltr'><strong>inimicos</strong></span> <span class='ocrx_word' id='word_1_98' title='bbox 969 1522 1103 1575; x_wconf 88' lang='lat' dir='ltr'><strong>tuos,</strong></span> <span class='ocrx_word' id='word_1_99' title='bbox 1150 1522 1206 1564; x_wconf 90' lang='lat' dir='ltr'><strong>ut</strong></span> <span class='ocrx_word' id='word_1_100' title='bbox 1244 1511 1480 1565; x_wconf 82' lang='lat' dir='ltr'><strong>destruas</strong></span> <span class='ocrx_word' id='word_1_101' title='bbox 1526 1512 1795 1563; x_wconf 86' lang='lat' dir='ltr'><strong>inimicum</strong></span> <span class='ocrx_word' id='word_1_102' title='bbox 1825 1520 1875 1563; x_wconf 90' lang='lat' dir='ltr'><strong>et</strong></span> <span class='ocrx_word' id='word_1_103' title='bbox 1910 1509 2145 1562; x_wconf 85' lang='lat' dir='ltr'><strong>ultorem.</strong></span> <span class='ocrx_word' id='word_1_104' title='bbox 2174 1509 2220 1540; x_wconf 82' lang='grc'><strong>⁸³</strong></span> 
     </span>
    </p>
   </div>
   <div class='ocr_carea' id='block_1_16' title="bbox 694 1596 2220 1661">
    <p class='ocr_par' dir='ltr' id='par_1_16' title="bbox 694 1596 2220 1661">
     <span class='ocr_line' id='line_1_16' title="bbox 694 1596 2220 1661; baseline 0 -10"><span class='ocrx_word' id='word_1_105' title='bbox 694 1598 810 1651; x_wconf 84' lang='lat' dir='ltr'><strong>Non</strong></span> <span class='ocrx_word' id='word_1_106' title='bbox 841 1599 966 1652; x_wconf 90' lang='lat' dir='ltr'><strong>olim</strong></span> <span class='ocrx_word' id='word_1_107' title='bbox 1004 1598 1317 1653; x_wconf 80' lang='lat' dir='ltr'><strong>admirabile</strong></span> <span class='ocrx_word' id='word_1_108' title='bbox 1362 1597 1459 1653; x_wconf 79' lang='lat' dir='ltr'><strong>fuit</strong></span> <span class='ocrx_word' id='word_1_109' title='bbox 1501 1599 1556 1653; x_wconf 89' lang='lat' dir='ltr'><strong>in</strong></span> <span class='ocrx_word' id='word_1_110' title='bbox 1604 1600 1854 1653; x_wconf 86' lang='lat' dir='ltr'><strong>universa</strong></span> <span class='ocrx_word' id='word_1_111' title='bbox 1905 1607 2083 1661; x_wconf 86' lang='lat' dir='ltr'><strong>terra;</strong></span> <span class='ocrx_word' id='word_1_112' title='bbox 2126 1596 2220 1651; x_wconf 85' lang='lat' dir='ltr'><strong>sed</strong></span> 
     </span>
    </p>
   </div>
   <div class='ocr_carea' id='block_1_17' title="bbox 694 1684 2216 1756">
    <p class='ocr_par' dir='ltr' id='par_1_17' title="bbox 694 1684 2216 1756">
     <span class='ocr_line' id='line_1_17' title="bbox 694 1684 2216 1756; baseline -0.002 -16"><span class='ocrx_word' id='word_1_113' title='bbox 694 1695 811 1756; x_wconf 82' lang='lat' dir='ltr'><strong>post</strong></span> <span class='ocrx_word' id='word_1_114' title='bbox 865 1686 1157 1743; x_wconf 84' lang='lat' dir='ltr'><strong>Salvatoris</strong></span> <span class='ocrx_word' id='word_1_115' title='bbox 1213 1687 1503 1741; x_wconf 84' lang='lat' dir='ltr'><strong>adventum</strong></span> <span class='ocrx_word' id='word_1_116' title='bbox 1564 1686 1809 1740; x_wconf 74' lang='lat' dir='ltr'><strong>mirabile</strong></span> <span class='ocrx_word' id='word_1_117' title='bbox 1864 1684 2059 1745; x_wconf 78' lang='lat' dir='ltr'><strong>factum</strong></span> <span class='ocrx_word' id='word_1_118' title='bbox 2115 1691 2216 1749; x_wconf 82' lang='lat' dir='ltr'><strong>est,</strong></span> 
     </span>
    </p>
   </div>
   <div class='ocr_carea' id='block_1_18' title="bbox 692 1778 2213 1850">
    <p class='ocr_par' dir='ltr' id='par_1_18' title="bbox 692 1778 2213 1850">
     <span class='ocr_line' id='line_1_18' title="bbox 692 1778 2213 1850; baseline -0.001 -18"><span class='ocrx_word' id='word_1_119' title='bbox 692 1782 903 1850; x_wconf 82' lang='lat' dir='ltr'><strong>quando</strong></span> <span class='ocrx_word' id='word_1_120' title='bbox 965 1779 1242 1850; x_wconf 80' lang='lat' dir='ltr'><strong>Synagoga</strong></span> <span class='ocrx_word' id='word_1_121' title='bbox 1296 1780 1613 1848; x_wconf 90' lang='lat' dir='ltr'><strong>populorum</strong></span> <span class='ocrx_word' id='word_1_122' title='bbox 1670 1778 2018 1832; x_wconf 85' lang='lat' dir='ltr'><strong>circumdedit</strong></span> <span class='ocrx_word' id='word_1_123' title='bbox 2064 1794 2213 1847; x_wconf 88' lang='lat' dir='ltr'><strong>eum;</strong></span> 
     </span>
    </p>
   </div>
   <div class='ocr_carea' id='block_1_19' title="bbox 2320 604 3817 675">
    <p class='ocr_par' dir='ltr' id='par_1_19' title="bbox 2320 604 3817 675">
     <span class='ocr_line' id='line_1_19' title="bbox 2320 604 3817 675; baseline -0.001 -12"><span class='ocrx_word' id='word_1_124' title='bbox 2320 628 2405 663; x_wconf 89' lang='grc' dir='ltr'><strong>ται</strong></span> <span class='ocrx_word' id='word_1_125' title='bbox 2432 612 2518 664; x_wconf 81' lang='grc' dir='ltr'>καὶ</span> <span class='ocrx_word' id='word_1_126' title='bbox 2546 610 2722 672; x_wconf 71' lang='grc' dir='ltr'>αὐλαὶ,</span> <span class='ocrx_word' id='word_1_127' title='bbox 2750 610 2888 661; x_wconf 85' lang='grc' dir='ltr'>κατὰ</span> <span class='ocrx_word' id='word_1_128' title='bbox 2909 608 3093 672; x_wconf 55' lang='grc' dir='ltr'>τὸκος</span> <span class='ocrx_word' id='word_1_129' title='bbox 3112 606 3380 675; x_wconf 70' lang='grc' dir='ltr'>ἀγαπητὰ</span> <span class='ocrx_word' id='word_1_130' title='bbox 3406 604 3476 660; x_wconf 86' lang='grc' dir='ltr'>τὰ</span> <span class='ocrx_word' id='word_1_131' title='bbox 3498 605 3817 675; x_wconf 75' lang='grc' dir='ltr'>σκηνώματά</span> 
     </span>
    </p>
   </div>
   <div class='ocr_carea' id='block_1_20' title="bbox 2317 696 3816 769">
    <p class='ocr_par' dir='ltr' id='par_1_20' title="bbox 2317 696 3816 769">
     <span class='ocr_line' id='line_1_20' title="bbox 2317 696 3816 769; baseline -0.004 -12"><span class='ocrx_word' id='word_1_132' title='bbox 2317 718 2452 766; x_wconf 82' lang='grc' dir='ltr'>σου,</span> <span class='ocrx_word' id='word_1_133' title='bbox 2481 704 2655 769; x_wconf 80' lang='grc' dir='ltr'>Κύριε</span> <span class='ocrx_word' id='word_1_134' title='bbox 2686 700 2800 754; x_wconf 85' lang='grc' dir='ltr'>τῶν</span> <span class='ocrx_word' id='word_1_135' title='bbox 2838 697 3174 768; x_wconf 80' lang='grc' dir='ltr'>δυνάμεωνί</span> <span class='ocrx_word' id='word_1_136' title='bbox 3199 696 3461 751; x_wconf 82' lang='grc' dir='ltr'>ἐπιποθεῖ</span> <span class='ocrx_word' id='word_1_137' title='bbox 3508 698 3605 750; x_wconf 77' lang='grc' dir='ltr'>καὶ</span> <span class='ocrx_word' id='word_1_138' title='bbox 3655 697 3816 757; x_wconf 74' lang='grc' dir='ltr'>ἐκλεί-</span> 
     </span>
    </p>
   </div>
   <div class='ocr_carea' id='block_1_21' title="bbox 2317 786 3818 860">
    <p class='ocr_par' dir='ltr' id='par_1_21' title="bbox 2317 786 3818 860">
     <span class='ocr_line' id='line_1_21' title="bbox 2317 786 3818 860; baseline -0.003 -14"><span class='ocrx_word' id='word_1_139' title='bbox 2317 808 2411 847; x_wconf 82' lang='grc' dir='ltr'><strong>πει</strong></span> <span class='ocrx_word' id='word_1_140' title='bbox 2451 794 2488 860; x_wconf 77' lang='grc' dir='ltr'>ἡ</span> <span class='ocrx_word' id='word_1_141' title='bbox 2526 791 2690 860; x_wconf 74' lang='grc' dir='ltr'>ψυχή</span> <span class='ocrx_word' id='word_1_142' title='bbox 2716 808 2832 860; x_wconf 82' lang='grc' dir='ltr'><strong>μου</strong></span> <span class='ocrx_word' id='word_1_143' title='bbox 2858 792 2945 855; x_wconf 82' lang='grc' dir='ltr'><strong>είς</strong></span> <span class='ocrx_word' id='word_1_144' title='bbox 2967 790 3071 854; x_wconf 72' lang='grc' dir='ltr'>τὰς</span> <span class='ocrx_word' id='word_1_145' title='bbox 3097 789 3283 854; x_wconf 78' lang='grc' dir='ltr'>αὐλὰς</span> <span class='ocrx_word' id='word_1_146' title='bbox 3317 786 3422 841; x_wconf 86' lang='grc' dir='ltr'>τοῦ</span> <span class='ocrx_word' id='word_1_147' title='bbox 3450 789 3691 856; x_wconf 82' lang='grc' dir='ltr'><strong>Κυρίου·</strong></span> <span class='ocrx_word' id='word_1_148' title='bbox 3727 788 3818 858; x_wconf 79' lang='grc' dir='ltr'>μεθ’</span> 
     </span>
    </p>
   </div>
   <div class='ocr_carea' id='block_1_22' title="bbox 2317 878 3816 949">
    <p class='ocr_par' dir='ltr' id='par_1_22' title="bbox 2317 878 3816 949">
     <span class='ocr_line' id='line_1_22' title="bbox 2317 878 3816 949; baseline -0.003 -11"><span class='ocrx_word' id='word_1_149' title='bbox 2317 884 2352 938; x_wconf 76' lang='grc' dir='ltr'>ἃ</span> <span class='ocrx_word' id='word_1_150' title='bbox 2381 883 2595 949; x_wconf 76' lang='grc' dir='ltr'><strong>ἐπάγει·</strong></span> <span class='ocrx_word' id='word_1_151' title='bbox 2630 882 2703 936; x_wconf 86' lang='grc' dir='ltr'><strong>Τὰ</strong></span> <span class='ocrx_word' id='word_1_152' title='bbox 2730 878 3117 946; x_wconf 78' lang='grc' dir='ltr'>θυσιαστήριά</span> <span class='ocrx_word' id='word_1_153' title='bbox 3139 893 3273 945; x_wconf 87' lang='grc' dir='ltr'>σου,</span> <span class='ocrx_word' id='word_1_154' title='bbox 3302 881 3477 948; x_wconf 83' lang='grc' dir='ltr'>Κύριε</span> <span class='ocrx_word' id='word_1_155' title='bbox 3516 878 3632 934; x_wconf 82' lang='grc' dir='ltr'>τῶν</span> <span class='ocrx_word' id='word_1_156' title='bbox 3665 881 3816 935; x_wconf 78' lang='grc' dir='ltr'>δυνά-</span> 
     </span>
    </p>
   </div>
   <div class='ocr_carea' id='block_1_23' title="bbox 2322 990 2489 1026">
    <p class='ocr_par' dir='ltr' id='par_1_23' title="bbox 2322 990 2489 1026">
     <span class='ocr_line' id='line_1_23' title="bbox 2322 990 2489 1026; baseline 0 0"><span class='ocrx_word' id='word_1_157' title='bbox 2322 991 2354 1026; x_wconf 77' lang='grc' dir='ltr'><strong><em>ιί</em></strong></span> <span class='ocrx_word' id='word_1_158' title='bbox 2363 990 2489 1026; x_wconf 77' lang='grc' dir='ltr'>εων.</span> 
     </span>
    </p>
   </div>
   <div class='ocr_carea' id='block_1_24' title="bbox 2384 1141 3821 1216">
    <p class='ocr_par' dir='ltr' id='par_1_24' title="bbox 2384 1141 3821 1216">
     <span class='ocr_line' id='line_1_24' title="bbox 2384 1141 3821 1216; baseline 0.001 -18"><span class='ocrx_word' id='word_1_159' title='bbox 2384 1146 2556 1212; x_wconf 83' lang='grc' dir='ltr'>Κύριε</span> <span class='ocrx_word' id='word_1_160' title='bbox 2588 1148 2621 1198; x_wconf 84' lang='grc' dir='ltr'><strong><em>ό</em></strong></span> <span class='ocrx_word' id='word_1_161' title='bbox 2642 1146 2851 1213; x_wconf 82' lang='grc' dir='ltr'>Κύριος</span> <span class='ocrx_word' id='word_1_162' title='bbox 2884 1141 3068 1211; x_wconf 76' lang='grc' dir='ltr'>ἡμῶν,</span> <span class='ocrx_word' id='word_1_163' title='bbox 3094 1144 3172 1209; x_wconf 86' lang='grc' dir='ltr'>ὡς</span> <span class='ocrx_word' id='word_1_164' title='bbox 3206 1144 3542 1212; x_wconf 83' lang='grc' dir='ltr'>θαυμαστὸν</span> <span class='ocrx_word' id='word_1_165' title='bbox 3567 1145 3633 1199; x_wconf 81' lang='grc' dir='ltr'>τὸ</span> <span class='ocrx_word' id='word_1_166' title='bbox 3664 1146 3821 1216; x_wconf 72' lang='grc' dir='ltr'>ὄνομά</span> 
     </span>
    </p>
   </div>
   <div class='ocr_carea' id='block_1_25' title="bbox 2316 1232 3819 1306">
    <p class='ocr_par' dir='ltr' id='par_1_25' title="bbox 2316 1232 3819 1306">
     <span class='ocr_line' id='line_1_25' title="bbox 2316 1232 3819 1306; baseline -0.001 -16"><span class='ocrx_word' id='word_1_167' title='bbox 2316 1251 2430 1290; x_wconf 88' lang='grc' dir='ltr'><strong>σου</strong></span> <span class='ocrx_word' id='word_1_168' title='bbox 2458 1237 2526 1289; x_wconf 81' lang='grc' dir='ltr'>ὲν</span> <span class='ocrx_word' id='word_1_169' title='bbox 2559 1234 2723 1304; x_wconf 77' lang='grc' dir='ltr'>πάσῃ</span> <span class='ocrx_word' id='word_1_170' title='bbox 2752 1234 2823 1302; x_wconf 76' lang='grc' dir='ltr'>τῇ</span> <span class='ocrx_word' id='word_1_171' title='bbox 2855 1232 2966 1303; x_wconf 68' lang='grc' dir='ltr'><strong>τῇ]</strong></span> <span class='ocrx_word' id='word_1_172' title='bbox 2999 1236 3113 1288; x_wconf 80' lang='grc' dir='ltr'>’θτι</span> <span class='ocrx_word' id='word_1_173' title='bbox 3154 1232 3376 1302; x_wconf 78' lang='grc' dir='ltr'><strong>ἐπήρθη</strong></span> <span class='ocrx_word' id='word_1_174' title='bbox 3418 1237 3456 1304; x_wconf 78' lang='grc' dir='ltr'><strong><em>ἠ</em></strong></span> <span class='ocrx_word' id='word_1_175' title='bbox 3489 1240 3819 1306; x_wconf 75' lang='grc' dir='ltr'>μεγαλοπρέ-</span> 
     </span>
    </p>
   </div>
   <div class='ocr_carea' id='block_1_26' title="bbox 2318 1323 3821 1393">
    <p class='ocr_par' dir='ltr' id='par_1_26' title="bbox 2318 1323 3821 1393">
     <span class='ocr_line' id='line_1_26' title="bbox 2318 1323 3821 1393; baseline -0.001 -14"><span class='ocrx_word' id='word_1_176' title='bbox 2318 1326 2450 1379; x_wconf 84' lang='grc' dir='ltr'>πειά</span> <span class='ocrx_word' id='word_1_177' title='bbox 2470 1338 2582 1378; x_wconf 85' lang='grc' dir='ltr'><strong>σου</strong></span> <span class='ocrx_word' id='word_1_178' title='bbox 2602 1324 2868 1393; x_wconf 77' lang='grc' dir='ltr'><strong>ὑπεράνω</strong></span> <span class='ocrx_word' id='word_1_179' title='bbox 2891 1325 3005 1377; x_wconf 80' lang='grc' dir='ltr'>τῶν</span> <span class='ocrx_word' id='word_1_180' title='bbox 3024 1323 3307 1393; x_wconf 79' lang='grc' dir='ltr'><strong>οὐρανῶν.</strong></span> <span class='ocrx_word' id='word_1_181' title='bbox 3327 1326 3425 1378; x_wconf 79' lang='grc' dir='ltr'>Ἐκ</span> <span class='ocrx_word' id='word_1_182' title='bbox 3445 1325 3731 1393; x_wconf 82' lang='grc' dir='ltr'>στόματος</span> <span class='ocrx_word' id='word_1_183' title='bbox 3748 1343 3821 1392; x_wconf 74' lang='grc' dir='ltr'>νη-</span> 
     </span>
    </p>
   </div>
   <div class='ocr_carea' id='block_1_27' title="bbox 2318 1411 3820 1493">
    <p class='ocr_par' dir='ltr' id='par_1_27' title="bbox 2318 1411 3820 1493">
     <span class='ocr_line' id='line_1_27' title="bbox 2318 1411 3820 1493; baseline -0.001 -25"><span class='ocrx_word' id='word_1_184' title='bbox 2318 1417 2466 1469; x_wconf 86' lang='grc' dir='ltr'>πίων</span> <span class='ocrx_word' id='word_1_185' title='bbox 2490 1416 2582 1468; x_wconf 77' lang='grc' dir='ltr'>καὶ</span> <span class='ocrx_word' id='word_1_186' title='bbox 2616 1414 2979 1493; x_wconf 69' lang='grc' dir='ltr'>θηλαζόντων</span> <span class='ocrx_word' id='word_1_187' title='bbox 3000 1416 3327 1493; x_wconf 57' lang='grc' dir='ltr'>κατηρτίοτω</span> <span class='ocrx_word' id='word_1_188' title='bbox 3353 1411 3523 1468; x_wconf 75' lang='grc' dir='ltr'>αἶνον</span> <span class='ocrx_word' id='word_1_189' title='bbox 3541 1413 3711 1467; x_wconf 75' lang='grc' dir='ltr'>ἕνεκα</span> <span class='ocrx_word' id='word_1_190' title='bbox 3729 1414 3820 1467; x_wconf 81' lang='grc' dir='ltr'>τῶν</span> 
     </span>
    </p>
   </div>
   <div class='ocr_carea' id='block_1_28' title="bbox 2317 1500 3818 1573">
    <p class='ocr_par' dir='ltr' id='par_1_28' title="bbox 2317 1500 3818 1573">
     <span class='ocr_line' id='line_1_28' title="bbox 2317 1500 3818 1573; baseline -0.001 -16"><span class='ocrx_word' id='word_1_191' title='bbox 2317 1502 2537 1573; x_wconf 79' lang='grc' dir='ltr'>ἐχθρῶν</span> <span class='ocrx_word' id='word_1_192' title='bbox 2554 1520 2685 1568; x_wconf 86' lang='grc' dir='ltr'>σου,</span> <span class='ocrx_word' id='word_1_193' title='bbox 2698 1500 2801 1559; x_wconf 75' lang='grc' dir='ltr'>τοῦ</span> <span class='ocrx_word' id='word_1_194' title='bbox 2814 1505 3141 1559; x_wconf 73' lang='grc' dir='ltr'>καταλῦσαι</span> <span class='ocrx_word' id='word_1_195' title='bbox 3152 1500 3363 1573; x_wconf 69' lang='grc' dir='ltr'>ἐχθρὸν</span> <span class='ocrx_word' id='word_1_196' title='bbox 3386 1504 3479 1557; x_wconf 78' lang='grc' dir='ltr'>καὶ</span> <span class='ocrx_word' id='word_1_197' title='bbox 3501 1502 3818 1569; x_wconf 68' lang='grc' dir='ltr'>ἐκδικητὴν.</span> 
     </span>
    </p>
   </div>
   <div class='ocr_carea' id='block_1_29' title="bbox 2319 1593 3820 1667">
    <p class='ocr_par' dir='ltr' id='par_1_29' title="bbox 2319 1593 3820 1667">
     <span class='ocr_line' id='line_1_29' title="bbox 2319 1593 3820 1667; baseline 0.001 -22"><span class='ocrx_word' id='word_1_198' title='bbox 2319 1594 2390 1646; x_wconf 82' lang='grc' dir='ltr'>Οὐ</span> <span class='ocrx_word' id='word_1_199' title='bbox 2420 1593 2580 1646; x_wconf 81' lang='grc' dir='ltr'>πάλαι</span> <span class='ocrx_word' id='word_1_200' title='bbox 2604 1594 2904 1664; x_wconf 80' lang='grc' dir='ltr'>θαυμαστὸν</span> <span class='ocrx_word' id='word_1_201' title='bbox 2929 1596 2983 1647; x_wconf 82' lang='grc' dir='ltr'>ὲν</span> <span class='ocrx_word' id='word_1_202' title='bbox 3008 1595 3152 1666; x_wconf 81' lang='grc' dir='ltr'>πάσῃ</span> <span class='ocrx_word' id='word_1_203' title='bbox 3176 1599 3239 1666; x_wconf 81' lang='grc' dir='ltr'>τῇ</span> <span class='ocrx_word' id='word_1_204' title='bbox 3262 1598 3328 1666; x_wconf 79' lang='grc' dir='ltr'><strong>γῇ</strong></span> <span class='ocrx_word' id='word_1_205' title='bbox 3348 1613 3360 1625; x_wconf 91' lang='grc'><strong>·</strong></span> <span class='ocrx_word' id='word_1_206' title='bbox 3398 1594 3534 1667; x_wconf 84' lang='grc' dir='ltr'><strong>μετά</strong></span> <span class='ocrx_word' id='word_1_207' title='bbox 3561 1594 3617 1647; x_wconf 80' lang='grc' dir='ltr'>δὲ</span> <span class='ocrx_word' id='word_1_208' title='bbox 3638 1594 3731 1665; x_wconf 78' lang='grc' dir='ltr'>τὴν</span> <span class='ocrx_word' id='word_1_209' title='bbox 3748 1594 3820 1646; x_wconf 80' lang='grc' dir='ltr'><strong>τοῦ</strong></span> 
     </span>
    </p>
   </div>
   <div class='ocr_carea' id='block_1_30' title="bbox 2319 1684 3821 1755">
    <p class='ocr_par' dir='ltr' id='par_1_30' title="bbox 2319 1684 3821 1755">
     <span class='ocr_line' id='line_1_30' title="bbox 2319 1684 3821 1755; baseline 0.001 -20"><span class='ocrx_word' id='word_1_210' title='bbox 2319 1685 2561 1754; x_wconf 83' lang='grc' dir='ltr'><strong>Σωτῆρος</strong></span> <span class='ocrx_word' id='word_1_211' title='bbox 2593 1684 2888 1755; x_wconf 82' lang='grc' dir='ltr'>παρουσίαν</span> <span class='ocrx_word' id='word_1_212' title='bbox 2916 1686 3143 1751; x_wconf 77' lang='grc' dir='ltr'>ἐγένετο,</span> <span class='ocrx_word' id='word_1_213' title='bbox 3169 1686 3254 1737; x_wconf 82' lang='grc' dir='ltr'>ὅτε</span> <span class='ocrx_word' id='word_1_214' title='bbox 3287 1686 3376 1737; x_wconf 74' lang='grc' dir='ltr'>καὶ</span> <span class='ocrx_word' id='word_1_215' title='bbox 3400 1685 3679 1755; x_wconf 79' lang='grc' dir='ltr'>συναγωγὴ</span> <span class='ocrx_word' id='word_1_216' title='bbox 3704 1684 3821 1737; x_wconf 84' lang='grc' dir='ltr'>λαῶν</span> 
     </span>
    </p>
   </div>
   <div class='ocr_carea' id='block_1_31' title="bbox 2319 1771 3820 1844">
    <p class='ocr_par' dir='ltr' id='par_1_31' title="bbox 2319 1771 3820 1844">
     <span class='ocr_line' id='line_1_31' title="bbox 2319 1771 3820 1844; baseline 0.001 -21"><span class='ocrx_word' id='word_1_217' title='bbox 2319 1772 2617 1825; x_wconf 80' lang='grc' dir='ltr'>ὲκύκλωσεν</span> <span class='ocrx_word' id='word_1_218' title='bbox 2651 1772 2839 1824; x_wconf 80' lang='grc' dir='ltr'>αὐτόν·</span> <span class='ocrx_word' id='word_1_219' title='bbox 2874 1771 3167 1841; x_wconf 78' lang='grc' dir='ltr'><strong>συμφώνως</strong></span> <span class='ocrx_word' id='word_1_220' title='bbox 3210 1772 3287 1841; x_wconf 85' lang='grc' dir='ltr'>τῷ</span> <span class='ocrx_word' id='word_1_221' title='bbox 3326 1773 3417 1825; x_wconf 81' lang='grc' dir='ltr'>νῦν</span> <span class='ocrx_word' id='word_1_222' title='bbox 3455 1773 3698 1844; x_wconf 82' lang='grc' dir='ltr'>ῥηθέντι·</span> <span class='ocrx_word' id='word_1_223' title='bbox 3742 1773 3820 1827; x_wconf 77' lang='grc' dir='ltr'><strong><em>Ἐκ</em></strong></span> 
     </span>
    </p>
   </div>
   <div class='ocr_carea' id='block_1_32' title="bbox 690 1861 2217 1940">
    <p class='ocr_par' dir='ltr' id='par_1_32' title="bbox 690 1869 2215 1940">
     <span class='ocr_line' id='line_1_32' title="bbox 690 1869 2215 1940; baseline -0.001 -15"><span class='ocrx_word' id='word_1_224' title='bbox 690 1872 830 1940; x_wconf 91' lang='lat' dir='ltr'><strong>quod</strong></span> <span class='ocrx_word' id='word_1_225' title='bbox 858 1887 986 1925; x_wconf 86' lang='lat' dir='ltr'><strong>sane</strong></span> <span class='ocrx_word' id='word_1_226' title='bbox 1020 1885 1314 1924; x_wconf 87' lang='lat' dir='ltr'><strong>consonum</strong></span> <span class='ocrx_word' id='word_1_227' title='bbox 1349 1870 1471 1923; x_wconf 84' lang='lat' dir='ltr'><strong>huic</strong></span> <span class='ocrx_word' id='word_1_228' title='bbox 1520 1869 1712 1939; x_wconf 80' lang='lat' dir='ltr'><strong>psalmi</strong></span> <span class='ocrx_word' id='word_1_229' title='bbox 1756 1871 2033 1938; x_wconf 59' lang='lat' dir='ltr'><strong>praesentis</strong></span> <span class='ocrx_word' id='word_1_230' title='bbox 2075 1870 2215 1924; x_wconf 92' lang='lat' dir='ltr'><strong>dicto</strong></span> 
     </span>
    </p>
   </div>
   <div class='ocr_carea' id='block_1_33' title="bbox 2317 1861 3821 1940">
    <p class='ocr_par' dir='ltr' id='par_1_33' title="bbox 2317 1861 3821 1933">
     <span class='ocr_line' id='line_1_33' title="bbox 2317 1861 3821 1933; baseline -0.002 -16"><span class='ocrx_word' id='word_1_231' title='bbox 2317 1864 2599 1932; x_wconf 85' lang='grc' dir='ltr'>στόματος</span> <span class='ocrx_word' id='word_1_232' title='bbox 2647 1863 2891 1930; x_wconf 83' lang='grc' dir='ltr'>νηπίων.</span> <span class='ocrx_word' id='word_1_233' title='bbox 2917 1863 3008 1914; x_wconf 74' lang='grc' dir='ltr'>καὶ</span> <span class='ocrx_word' id='word_1_234' title='bbox 3040 1862 3105 1915; x_wconf 80' lang='grc' dir='ltr'>τὰ</span> <span class='ocrx_word' id='word_1_235' title='bbox 3139 1861 3278 1932; x_wconf 79' lang='grc' dir='ltr'>ἑξῆς.</span> <span class='ocrx_word' id='word_1_236' title='bbox 3312 1862 3419 1932; x_wconf 79' lang='grc' dir='ltr'><strong>Τὴν</strong></span> <span class='ocrx_word' id='word_1_237' title='bbox 3459 1862 3567 1933; x_wconf 83' lang='grc' dir='ltr'><strong>γὰρ</strong></span> <span class='ocrx_word' id='word_1_238' title='bbox 3593 1863 3714 1915; x_wconf 80' lang='grc' dir='ltr'>νέαν</span> <span class='ocrx_word' id='word_1_239' title='bbox 3748 1864 3821 1916; x_wconf 77' lang='grc' dir='ltr'>καὶ</span> 
     </span>
    </p>
   </div>
   <div class='ocr_carea' id='block_1_34' title="bbox 686 1957 2212 2026">
    <p class='ocr_par' dir='ltr' id='par_1_34' title="bbox 686 1957 2212 2026">
     <span class='ocr_line' id='line_1_34' title="bbox 686 1957 2212 2026; baseline -0.003 -13"><span class='ocrx_word' id='word_1_240' title='bbox 686 1976 752 2025; x_wconf 66' lang='lat' dir='ltr'><strong>ex</strong></span> <span class='ocrx_word' id='word_1_241' title='bbox 799 1975 884 2011; x_wconf 91' lang='lat' dir='ltr'><strong>ore</strong></span> <span class='ocrx_word' id='word_1_242' title='bbox 932 1958 1207 2024; x_wconf 78' lang='lat' dir='ltr'><strong>infantium</strong></span> <span class='ocrx_word' id='word_1_243' title='bbox 1238 1965 1301 2017; x_wconf 60' lang='lat' dir='ltr'><strong>,et</strong></span> <span class='ocrx_word' id='word_1_244' title='bbox 1335 1957 1632 2011; x_wconf 73' lang='lat' dir='ltr'><strong>iacientium</strong></span> <span class='ocrx_word' id='word_1_245' title='bbox 1682 1957 1942 2026; x_wconf 78' lang='lat' dir='ltr'><strong>perfeciin</strong></span> <span class='ocrx_word' id='word_1_246' title='bbox 1988 1958 2212 2023; x_wconf 82' lang='lat' dir='ltr'><strong>laudem,</strong></span> 
     </span>
    </p>
   </div>
   <div class='ocr_carea' id='block_1_35' title="bbox 688 2046 2218 2118">
    <p class='ocr_par' dir='ltr' id='par_1_35' title="bbox 688 2046 2218 2118">
     <span class='ocr_line' id='line_1_35' title="bbox 688 2046 2218 2118; baseline -0.003 -15"><span class='ocrx_word' id='word_1_247' title='bbox 688 2058 741 2103; x_wconf 88' lang='lat' dir='ltr'><strong>et</strong></span> <span class='ocrx_word' id='word_1_248' title='bbox 767 2056 975 2102; x_wconf 76' lang='lat' dir='ltr'><strong>czetera.</strong></span> <span class='ocrx_word' id='word_1_249' title='bbox 1000 2046 1200 2099; x_wconf 79' lang='lat' dir='ltr'><strong>Novam</strong></span> <span class='ocrx_word' id='word_1_250' title='bbox 1228 2048 1368 2101; x_wconf 90' lang='lat' dir='ltr'><strong>enim</strong></span> <span class='ocrx_word' id='word_1_251' title='bbox 1392 2063 1716 2118; x_wconf 78' lang='lat' dir='ltr'><strong>synagogam</strong></span> <span class='ocrx_word' id='word_1_252' title='bbox 1746 2060 1867 2116; x_wconf 89' lang='lat' dir='ltr'><strong>post</strong></span> <span class='ocrx_word' id='word_1_253' title='bbox 1894 2048 2218 2116; x_wconf 81' lang='lat' dir='ltr'><strong>assumptio-</strong></span> 
     </span>
    </p>
   </div>
   <div class='ocr_carea' id='block_1_36' title="bbox 690 2128 2217 2205">
    <p class='ocr_par' dir='ltr' id='par_1_36' title="bbox 690 2128 2217 2205">
     <span class='ocr_line' id='line_1_36' title="bbox 690 2128 2217 2205; baseline -0.001 -15"><span class='ocrx_word' id='word_1_254' title='bbox 690 2150 809 2190; x_wconf 90' lang='lat' dir='ltr'><strong>nem</strong></span> <span class='ocrx_word' id='word_1_255' title='bbox 842 2135 956 2204; x_wconf 84' lang='lat' dir='ltr'><strong>ejus</strong></span> <span class='ocrx_word' id='word_1_256' title='bbox 990 2136 1043 2188; x_wconf 91' lang='lat' dir='ltr'><strong>in</strong></span> <span class='ocrx_word' id='word_1_257' title='bbox 1073 2138 1237 2189; x_wconf 91' lang='lat' dir='ltr'><strong>altum</strong></span> <span class='ocrx_word' id='word_1_258' title='bbox 1270 2151 1334 2189; x_wconf 75' lang='lat' dir='ltr'><strong>ex</strong></span> <span class='ocrx_word' id='word_1_259' title='bbox 1360 2136 1644 2189; x_wconf 83' lang='lat' dir='ltr'><strong>animabus</strong></span> <span class='ocrx_word' id='word_1_260' title='bbox 1680 2128 1734 2187; x_wconf 76' lang='lat' dir='ltr'><strong>in</strong></span> <span class='ocrx_word' id='word_1_261' title='bbox 1765 2133 1991 2188; x_wconf 78' lang='lat' dir='ltr'><strong>infantia</strong></span> <span class='ocrx_word' id='word_1_262' title='bbox 2023 2134 2217 2205; x_wconf 63' lang='lat' dir='ltr'><strong>degen«</strong></span> 
     </span>
    </p>
   </div>
   <div class='ocr_carea' id='block_1_37' title="bbox 691 2225 2215 2301">
    <p class='ocr_par' dir='ltr' id='par_1_37' title="bbox 691 2225 2215 2301">
     <span class='ocr_line' id='line_1_37' title="bbox 691 2225 2215 2301; baseline 0.001 -23"><span class='ocrx_word' id='word_1_263' title='bbox 691 2225 836 2279; x_wconf 86' lang='lat' dir='ltr'><strong>tibus</strong></span> <span class='ocrx_word' id='word_1_264' title='bbox 863 2227 1171 2301; x_wconf 80' lang='lat' dir='ltr'><strong>constitisse</strong></span> <span class='ocrx_word' id='word_1_265' title='bbox 1200 2225 1374 2290; x_wconf 87' lang='lat' dir='ltr'><strong>docet,</strong></span> <span class='ocrx_word' id='word_1_266' title='bbox 1403 2236 1618 2295; x_wconf 79' lang='lat' dir='ltr'><strong>propter</strong></span> <span class='ocrx_word' id='word_1_267' title='bbox 1650 2226 2112 2294; x_wconf 81' lang='lat' dir='ltr'><strong>regenerationem</strong></span> <span class='ocrx_word' id='word_1_268' title='bbox 2163 2226 2215 2280; x_wconf 91' lang='lat' dir='ltr'><strong>in</strong></span> 
     </span>
    </p>
   </div>
   <div class='ocr_carea' id='block_1_38' title="bbox 691 2316 2212 2387">
    <p class='ocr_par' dir='ltr' id='par_1_38' title="bbox 691 2316 2212 2387">
     <span class='ocr_line' id='line_1_38' title="bbox 691 2316 2212 2387; baseline -0.001 -16"><span class='ocrx_word' id='word_1_269' title='bbox 691 2316 905 2372; x_wconf 85' lang='lat' dir='ltr'><strong>Christo</strong></span> <span class='ocrx_word' id='word_1_270' title='bbox 934 2327 1045 2371; x_wconf 88' lang='lat' dir='ltr'><strong>tum</strong></span> <span class='ocrx_word' id='word_1_271' title='bbox 1077 2318 1292 2387; x_wconf 89' lang='lat' dir='ltr'><strong>ubique,</strong></span> <span class='ocrx_word' id='word_1_272' title='bbox 1326 2326 1445 2385; x_wconf 89' lang='lat' dir='ltr'><strong>post</strong></span> <span class='ocrx_word' id='word_1_273' title='bbox 1486 2318 1604 2384; x_wconf 91' lang='lat' dir='ltr'><strong>ejus</strong></span> <span class='ocrx_word' id='word_1_274' title='bbox 1651 2318 1856 2370; x_wconf 88' lang='lat' dir='ltr'><strong>scilicet</strong></span> <span class='ocrx_word' id='word_1_275' title='bbox 1890 2318 2212 2387; x_wconf 88' lang='lat' dir='ltr'><strong>assumptio-</strong></span> 
     </span>
    </p>
   </div>
   <div class='ocr_carea' id='block_1_39' title="bbox 693 2406 2215 2476">
    <p class='ocr_par' dir='ltr' id='par_1_39' title="bbox 693 2406 2215 2476">
     <span class='ocr_line' id='line_1_39' title="bbox 693 2406 2215 2476; baseline 0 -16"><span class='ocrx_word' id='word_1_276' title='bbox 693 2423 834 2471; x_wconf 87' lang='lat' dir='ltr'><strong>nem,</strong></span> <span class='ocrx_word' id='word_1_277' title='bbox 879 2425 972 2476; x_wconf 88' lang='lat' dir='ltr'><strong>per</strong></span> <span class='ocrx_word' id='word_1_278' title='bbox 1021 2409 1205 2462; x_wconf 90' lang='lat' dir='ltr'><strong>orbem</strong></span> <span class='ocrx_word' id='word_1_279' title='bbox 1252 2415 1585 2475; x_wconf 87' lang='lat' dir='ltr'><strong>usurpatam.</strong></span> <span class='ocrx_word' id='word_1_280' title='bbox 1631 2406 1987 2472; x_wconf 87' lang='lat' dir='ltr'><strong>Quamobrem</strong></span> <span class='ocrx_word' id='word_1_281' title='bbox 2040 2410 2215 2462; x_wconf 88' lang='lat' dir='ltr'><strong>accla-</strong></span> 
     </span>
    </p>
   </div>
   <div class='ocr_carea' id='block_1_40' title="bbox 691 2496 2217 2566">
    <p class='ocr_par' dir='ltr' id='par_1_40' title="bbox 691 2496 2217 2566">
     <span class='ocr_line' id='line_1_40' title="bbox 691 2496 2217 2566; baseline 0.001 -17"><span class='ocrx_word' id='word_1_282' title='bbox 691 2498 960 2551; x_wconf 89' lang='lat' dir='ltr'><strong>mantibus</strong></span> <span class='ocrx_word' id='word_1_283' title='bbox 990 2497 1089 2566; x_wconf 89' lang='lat' dir='ltr'><strong>ipsi</strong></span> <span class='ocrx_word' id='word_1_284' title='bbox 1129 2497 1329 2565; x_wconf 75' lang='lat' dir='ltr'><strong>pueris,</strong></span> <span class='ocrx_word' id='word_1_285' title='bbox 1364 2496 1613 2550; x_wconf 81' lang='lat' dir='ltr'><strong>&quot;osanna</strong></span> <span class='ocrx_word' id='word_1_286' title='bbox 1646 2499 1698 2549; x_wconf 87' lang='lat' dir='ltr'><strong>in</strong></span> <span class='ocrx_word' id='word_1_287' title='bbox 1742 2498 1977 2563; x_wconf 76' lang='lat' dir='ltr'><strong>excelsis,</strong></span> <span class='ocrx_word' id='word_1_288' title='bbox 2012 2499 2217 2552; x_wconf 72' lang='lat' dir='ltr'><strong>benedi-</strong></span> 
     </span>
    </p>
   </div>
   <div class='ocr_carea' id='block_1_41' title="bbox 688 2582 2214 2654">
    <p class='ocr_par' dir='ltr' id='par_1_41' title="bbox 688 2582 2214 2654">
     <span class='ocr_line' id='line_1_41' title="bbox 688 2582 2214 2654; baseline 0.006 -21"><span class='ocrx_word' id='word_1_289' title='bbox 688 2590 801 2634; x_wconf 85' lang='lat' dir='ltr'><strong>ctus</strong></span> <span class='ocrx_word' id='word_1_290' title='bbox 835 2584 920 2650; x_wconf 85' lang='lat' dir='ltr'><strong>qui</strong></span> <span class='ocrx_word' id='word_1_291' title='bbox 953 2584 1083 2635; x_wconf 85' lang='lat' dir='ltr'><strong>venit</strong></span> <span class='ocrx_word' id='word_1_292' title='bbox 1144 2584 1196 2635; x_wconf 84' lang='lat' dir='ltr'><strong>in</strong></span> <span class='ocrx_word' id='word_1_293' title='bbox 1230 2584 1432 2635; x_wconf 82' lang='lat' dir='ltr'><strong>nomine</strong></span> <span class='ocrx_word' id='word_1_294' title='bbox 1465 2582 1693 2646; x_wconf 84' lang='lat' dir='ltr'><strong>Domini,</strong></span> <span class='ocrx_word' id='word_1_295' title='bbox 1731 2584 1944 2654; x_wconf 82' lang='lat' dir='ltr'><strong>indigne</strong></span> <span class='ocrx_word' id='word_1_296' title='bbox 1989 2586 2214 2642; x_wconf 79' lang='lat' dir='ltr'><strong>ferentes</strong></span> 
     </span>
    </p>
   </div>
   <div class='ocr_carea' id='block_1_42' title="bbox 690 2669 2214 2743">
    <p class='ocr_par' dir='ltr' id='par_1_42' title="bbox 690 2669 2214 2743">
     <span class='ocr_line' id='line_1_42' title="bbox 690 2669 2214 2743; baseline 0.003 -20"><span class='ocrx_word' id='word_1_297' title='bbox 690 2672 895 2739; x_wconf 86' lang='lat' dir='ltr'><strong>aliquos</strong></span> <span class='ocrx_word' id='word_1_298' title='bbox 932 2674 1009 2726; x_wconf 89' lang='lat' dir='ltr'><strong>sic</strong></span> <span class='ocrx_word' id='word_1_299' title='bbox 1046 2673 1370 2743; x_wconf 86' lang='lat' dir='ltr'><strong>alloquitur:</strong></span> <span class='ocrx_word' id='word_1_300' title='bbox 1414 2669 1697 2741; x_wconf 85' lang='lat' dir='ltr'><strong>Nunquam</strong></span> <span class='ocrx_word' id='word_1_301' title='bbox 1745 2673 1959 2742; x_wconf 81' lang='lat' dir='ltr'><strong>legistis,</strong></span> <span class='ocrx_word' id='word_1_302' title='bbox 1991 2676 2112 2743; x_wconf 88' lang='lat' dir='ltr'><strong>quia</strong></span> <span class='ocrx_word' id='word_1_303' title='bbox 2136 2674 2214 2727; x_wconf 71' lang='lat' dir='ltr'><strong>Ex</strong></span> 
     </span>
    </p>
   </div>
   <div class='ocr_carea' id='block_1_43' title="bbox 689 2760 2216 2830">
    <p class='ocr_par' dir='ltr' id='par_1_43' title="bbox 689 2760 2216 2830">
     <span class='ocr_line' id='line_1_43' title="bbox 689 2760 2216 2830; baseline 0 -15"><span class='ocrx_word' id='word_1_304' title='bbox 689 2776 777 2815; x_wconf 89' lang='lat' dir='ltr'><strong>ore</strong></span> <span class='ocrx_word' id='word_1_305' title='bbox 830 2764 1113 2830; x_wconf 74' lang='lat' dir='ltr'><strong>infantium</strong></span> <span class='ocrx_word' id='word_1_306' title='bbox 1160 2770 1208 2813; x_wconf 91' lang='lat' dir='ltr'><strong>et</strong></span> <span class='ocrx_word' id='word_1_307' title='bbox 1257 2760 1556 2813; x_wconf 85' lang='lat' dir='ltr'><strong>lactentium</strong></span> <span class='ocrx_word' id='word_1_308' title='bbox 1601 2761 1860 2829; x_wconf 77' lang='lat' dir='ltr'><strong>perfecisti</strong></span> <span class='ocrx_word' id='word_1_309' title='bbox 1911 2762 2115 2815; x_wconf 84' lang='lat' dir='ltr'><strong>laudem</strong></span> <span class='ocrx_word' id='word_1_310' title='bbox 2137 2764 2216 2815; x_wconf 72' lang='lat' dir='ltr'><strong>“i</strong></span> 
     </span>
    </p>
   </div>
   <div class='ocr_carea' id='block_1_44' title="bbox 688 2852 2215 2921">
    <p class='ocr_par' dir='ltr' id='par_1_44' title="bbox 688 2852 2215 2921">
     <span class='ocr_line' id='line_1_44' title="bbox 688 2852 2215 2921; baseline 0.001 -15"><span class='ocrx_word' id='word_1_311' title='bbox 688 2868 1030 2921; x_wconf 74' lang='lat' dir='ltr'><strong>umquamne</strong></span> <span class='ocrx_word' id='word_1_312' title='bbox 1084 2852 1254 2905; x_wconf 88' lang='lat' dir='ltr'><strong>illud:</strong></span> <span class='ocrx_word' id='word_1_313' title='bbox 1330 2852 1550 2919; x_wconf 76' lang='lat' dir='ltr'><strong>Propter</strong></span> <span class='ocrx_word' id='word_1_314' title='bbox 1619 2853 1853 2905; x_wconf 85' lang='lat' dir='ltr'><strong>inimicos</strong></span> <span class='ocrx_word' id='word_1_315' title='bbox 1909 2853 2215 2908; x_wconf 71' lang='lat' dir='ltr'><strong>tuosPHzec</strong></span> 
     </span>
    </p>
   </div>
   <div class='ocr_carea' id='block_1_45' title="bbox 689 2935 2218 3015">
    <p class='ocr_par' dir='ltr' id='par_1_45' title="bbox 689 2935 2218 3015">
     <span class='ocr_line' id='line_1_45' title="bbox 689 2935 2218 3015; baseline 0.001 -17"><span class='ocrx_word' id='word_1_316' title='bbox 689 2959 816 2998; x_wconf 81' lang='lat' dir='ltr'><strong>vero</strong></span> <span class='ocrx_word' id='word_1_317' title='bbox 863 2951 1079 3012; x_wconf 89' lang='lat' dir='ltr'><strong>propter</strong></span> <span class='ocrx_word' id='word_1_318' title='bbox 1137 2941 1474 2997; x_wconf 87' lang='lat' dir='ltr'><strong>sacerdotum</strong></span> <span class='ocrx_word' id='word_1_319' title='bbox 1544 2935 1837 3011; x_wconf 85' lang='lat' dir='ltr'><strong>principes,</strong></span> <span class='ocrx_word' id='word_1_320' title='bbox 1893 2951 1945 2998; x_wconf 88' lang='lat' dir='ltr'><strong>et</strong></span> <span class='ocrx_word' id='word_1_321' title='bbox 2004 2952 2218 3015; x_wconf 86' lang='lat' dir='ltr'><strong>propter</strong></span> 
     </span>
    </p>
   </div>
   <div class='ocr_carea' id='block_1_46' title="bbox 688 3031 2211 3104">
    <p class='ocr_par' dir='ltr' id='par_1_46' title="bbox 688 3031 2211 3104">
     <span class='ocr_line' id='line_1_46' title="bbox 688 3031 2211 3104; baseline 0.001 -19"><span class='ocrx_word' id='word_1_322' title='bbox 688 3032 985 3086; x_wconf 61' lang='lat' dir='ltr'><strong>Pharisazos</strong></span> <span class='ocrx_word' id='word_1_323' title='bbox 1037 3032 1235 3101; x_wconf 84' lang='lat' dir='ltr'><strong>scripta</strong></span> <span class='ocrx_word' id='word_1_324' title='bbox 1271 3040 1435 3093; x_wconf 83' lang='lat' dir='ltr'><strong>sunt:</strong></span> <span class='ocrx_word' id='word_1_325' title='bbox 1490 3031 1557 3087; x_wconf 90' lang='lat' dir='ltr'><strong>de</strong></span> <span class='ocrx_word' id='word_1_326' title='bbox 1603 3034 1669 3087; x_wconf 90' lang='lat' dir='ltr'><strong>iis</strong></span> <span class='ocrx_word' id='word_1_327' title='bbox 1716 3049 1944 3104; x_wconf 88' lang='lat' dir='ltr'><strong>namque</strong></span> <span class='ocrx_word' id='word_1_328' title='bbox 1996 3035 2211 3096; x_wconf 79' lang='lat' dir='ltr'><strong>dicitur,</strong></span> 
     </span>
    </p>
   </div>
   <div class='ocr_carea' id='block_1_47' title="bbox 690 3121 2214 3191">
    <p class='ocr_par' dir='ltr' id='par_1_47' title="bbox 690 3121 2214 3191">
     <span class='ocr_line' id='line_1_47' title="bbox 690 3121 2214 3191; baseline 0.002 -18"><span class='ocrx_word' id='word_1_329' title='bbox 690 3121 945 3185; x_wconf 81' lang='lat' dir='ltr'><strong>inimicus,</strong></span> <span class='ocrx_word' id='word_1_330' title='bbox 974 3122 1131 3185; x_wconf 84' lang='lat' dir='ltr'><strong>ultor,</strong></span> <span class='ocrx_word' id='word_1_331' title='bbox 1166 3130 1219 3175; x_wconf 93' lang='lat' dir='ltr'><strong>et</strong></span> <span class='ocrx_word' id='word_1_332' title='bbox 1247 3121 1299 3174; x_wconf 90' lang='lat' dir='ltr'><strong>in</strong></span> <span class='ocrx_word' id='word_1_333' title='bbox 1321 3122 1639 3190; x_wconf 68' lang='lat' dir='ltr'><strong>praecedenti</strong></span> <span class='ocrx_word' id='word_1_334' title='bbox 1675 3126 1899 3191; x_wconf 89' lang='lat' dir='ltr'><strong>psalmo,</strong></span> <span class='ocrx_word' id='word_1_335' title='bbox 1937 3125 2032 3177; x_wconf 82' lang='lat' dir='ltr'><strong>leo.</strong></span> <span class='ocrx_word' id='word_1_336' title='bbox 2064 3124 2214 3188; x_wconf 79' lang='lat' dir='ltr'><strong>Quod</strong></span> 
     </span>
    </p>
   </div>
   <div class='ocr_carea' id='block_1_48' title="bbox 2315 1950 3817 2023">
    <p class='ocr_par' dir='ltr' id='par_1_48' title="bbox 2315 1950 3817 2023">
     <span class='ocr_line' id='line_1_48' title="bbox 2315 1950 3817 2023; baseline -0.001 -17"><span class='ocrx_word' id='word_1_337' title='bbox 2315 1954 2498 2023; x_wconf 81' lang='grc' dir='ltr'>καινὴν</span> <span class='ocrx_word' id='word_1_338' title='bbox 2528 1954 2836 2022; x_wconf 69' lang='grc' dir='ltr'>συναγωγὴν</span> <span class='ocrx_word' id='word_1_339' title='bbox 2862 1950 2996 2022; x_wconf 84' lang='grc' dir='ltr'><strong>μετά</strong></span> <span class='ocrx_word' id='word_1_340' title='bbox 3028 1951 3121 2022; x_wconf 78' lang='grc' dir='ltr'><strong>τὴν</strong></span> <span class='ocrx_word' id='word_1_341' title='bbox 3146 1954 3222 2013; x_wconf 82' lang='grc' dir='ltr'><strong>είς</strong></span> <span class='ocrx_word' id='word_1_342' title='bbox 3248 1950 3373 2020; x_wconf 70' lang='grc' dir='ltr'>ὕψος</span> <span class='ocrx_word' id='word_1_343' title='bbox 3397 1951 3654 2021; x_wconf 77' lang='grc' dir='ltr'><strong>ἀνάληψιν</strong></span> <span class='ocrx_word' id='word_1_344' title='bbox 3682 1952 3817 2006; x_wconf 80' lang='grc' dir='ltr'>αὑτοῦ</span> 
     </span>
    </p>
   </div>
   <div class='ocr_carea' id='block_1_49' title="bbox 2314 2040 3819 2113">
    <p class='ocr_par' dir='ltr' id='par_1_49' title="bbox 2314 2040 3819 2113">
     <span class='ocr_line' id='line_1_49' title="bbox 2314 2040 3819 2113; baseline -0.001 -19"><span class='ocrx_word' id='word_1_345' title='bbox 2314 2044 2377 2095; x_wconf 83' lang='grc' dir='ltr'>ὲκ</span> <span class='ocrx_word' id='word_1_346' title='bbox 2420 2042 2619 2111; x_wconf 78' lang='grc' dir='ltr'>νηπίων</span> <span class='ocrx_word' id='word_1_347' title='bbox 2660 2043 2893 2096; x_wconf 79' lang='grc' dir='ltr'><strong>διδάσκει</strong></span> <span class='ocrx_word' id='word_1_348' title='bbox 2932 2043 3242 2095; x_wconf 82' lang='grc' dir='ltr'><strong>συνεστάναι</strong></span> <span class='ocrx_word' id='word_1_349' title='bbox 3269 2042 3449 2111; x_wconf 81' lang='grc' dir='ltr'>ψυχῶν</span> <span class='ocrx_word' id='word_1_350' title='bbox 3479 2040 3566 2093; x_wconf 84' lang='grc' dir='ltr'><strong>διὰ</strong></span> <span class='ocrx_word' id='word_1_351' title='bbox 3596 2042 3690 2113; x_wconf 82' lang='grc' dir='ltr'>τὴν</span> <span class='ocrx_word' id='word_1_352' title='bbox 3715 2043 3819 2094; x_wconf 83' lang='grc' dir='ltr'>ἀνα-</span> 
     </span>
    </p>
   </div>
   <div class='ocr_carea' id='block_1_50' title="bbox 2314 2130 3818 2204">
    <p class='ocr_par' dir='ltr' id='par_1_50' title="bbox 2314 2130 3818 2204">
     <span class='ocr_line' id='line_1_50' title="bbox 2314 2130 3818 2204; baseline -0.002 -19"><span class='ocrx_word' id='word_1_353' title='bbox 2314 2133 2555 2203; x_wconf 75' lang='grc' dir='ltr'>γέννησιν</span> <span class='ocrx_word' id='word_1_354' title='bbox 2585 2135 2680 2204; x_wconf 83' lang='grc' dir='ltr'>τὴν</span> <span class='ocrx_word' id='word_1_355' title='bbox 2710 2136 2765 2186; x_wconf 81' lang='grc' dir='ltr'>ὲν</span> <span class='ocrx_word' id='word_1_356' title='bbox 2806 2133 2881 2203; x_wconf 81' lang='grc' dir='ltr'>τῷ</span> <span class='ocrx_word' id='word_1_357' title='bbox 2913 2131 3124 2204; x_wconf 81' lang='grc' dir='ltr'>Χριστῷ</span> <span class='ocrx_word' id='word_1_358' title='bbox 3156 2130 3422 2201; x_wconf 80' lang='grc' dir='ltr'>πανταχοῦ</span> <span class='ocrx_word' id='word_1_359' title='bbox 3449 2133 3711 2184; x_wconf 77' lang='grc' dir='ltr'>συστᾶσαν</span> <span class='ocrx_word' id='word_1_360' title='bbox 3744 2132 3818 2201; x_wconf 79' lang='grc' dir='ltr'>τῆς</span> 
     </span>
    </p>
   </div>
   <div class='ocr_carea' id='block_1_51' title="bbox 2314 2221 3821 2294">
    <p class='ocr_par' dir='ltr' id='par_1_51' title="bbox 2314 2221 3821 2294">
     <span class='ocr_line' id='line_1_51' title="bbox 2314 2221 3821 2294; baseline -0.002 -20"><span class='ocrx_word' id='word_1_361' title='bbox 2314 2225 2627 2294; x_wconf 81' lang='grc' dir='ltr'><strong>οἰκουμένης</strong></span> <span class='ocrx_word' id='word_1_362' title='bbox 2681 2223 2815 2293; x_wconf 82' lang='grc' dir='ltr'><strong>μετά</strong></span> <span class='ocrx_word' id='word_1_363' title='bbox 2858 2224 2953 2294; x_wconf 79' lang='grc' dir='ltr'>τὴν</span> <span class='ocrx_word' id='word_1_364' title='bbox 2998 2222 3256 2293; x_wconf 78' lang='grc' dir='ltr'>ἀνάληψιν</span> <span class='ocrx_word' id='word_1_365' title='bbox 3305 2221 3400 2292; x_wconf 77' lang='grc' dir='ltr'>τὴν</span> <span class='ocrx_word' id='word_1_366' title='bbox 3429 2221 3609 2275; x_wconf 74' lang='grc' dir='ltr'>αὐτοῦ.</span> <span class='ocrx_word' id='word_1_367' title='bbox 3641 2222 3726 2273; x_wconf 80' lang='grc' dir='ltr'><strong>Διὸ</strong></span> <span class='ocrx_word' id='word_1_368' title='bbox 3747 2221 3821 2273; x_wconf 77' lang='grc' dir='ltr'><strong>καὶ</strong></span> 
     </span>
    </p>
   </div>
   <div class='ocr_carea' id='block_1_52' title="bbox 2316 2311 3821 2385">
    <p class='ocr_par' dir='ltr' id='par_1_52' title="bbox 2316 2311 3821 2385">
     <span class='ocr_line' id='line_1_52' title="bbox 2316 2311 3821 2385; baseline -0.002 -16"><span class='ocrx_word' id='word_1_369' title='bbox 2316 2314 2554 2385; x_wconf 72' lang='grc' dir='ltr'>βοώντων</span> <span class='ocrx_word' id='word_1_370' title='bbox 2602 2314 2747 2384; x_wconf 79' lang='grc' dir='ltr'>αὐτῷ</span> <span class='ocrx_word' id='word_1_371' title='bbox 2791 2314 2896 2367; x_wconf 84' lang='grc' dir='ltr'><strong>τῶν</strong></span> <span class='ocrx_word' id='word_1_372' title='bbox 2937 2311 3423 2378; x_wconf 82' lang='grc' dir='ltr'>παίδων,Ὠσαννὰ</span> <span class='ocrx_word' id='word_1_373' title='bbox 3449 2313 3518 2365; x_wconf 81' lang='grc' dir='ltr'>ἐν</span> <span class='ocrx_word' id='word_1_374' title='bbox 3550 2311 3667 2375; x_wconf 84' lang='grc' dir='ltr'>τοῖς</span> <span class='ocrx_word' id='word_1_375' title='bbox 3703 2311 3821 2376; x_wconf 60' lang='lat' dir='ltr'><strong>frgi-1:</strong></span> 
     </span>
    </p>
   </div>
   <div class='ocr_carea' id='block_1_53' title="bbox 2313 2403 3821 2473">
    <p class='ocr_par' dir='ltr' id='par_1_53' title="bbox 2313 2403 3821 2473">
     <span class='ocr_line' id='line_1_53' title="bbox 2313 2403 3821 2473; baseline -0.004 -15"><span class='ocrx_word' id='word_1_376' title='bbox 2313 2421 2497 2469; x_wconf 82' lang='grc' dir='ltr'>στοις,</span> <span class='ocrx_word' id='word_1_377' title='bbox 2536 2404 2933 2473; x_wconf 73' lang='grc' dir='ltr'><strong>εὐλογημένος</strong></span> <span class='ocrx_word' id='word_1_378' title='bbox 2964 2407 2995 2456; x_wconf 88' lang='grc' dir='ltr'>ό</span> <span class='ocrx_word' id='word_1_379' title='bbox 3021 2405 3330 2471; x_wconf 82' lang='grc' dir='ltr'><strong>ἐρχόμενος</strong></span> <span class='ocrx_word' id='word_1_380' title='bbox 3361 2403 3429 2455; x_wconf 85' lang='grc' dir='ltr'>ἐν</span> <span class='ocrx_word' id='word_1_381' title='bbox 3460 2403 3695 2470; x_wconf 81' lang='grc' dir='ltr'>ὀνόματι</span> <span class='ocrx_word' id='word_1_382' title='bbox 3724 2403 3821 2452; x_wconf 79' lang='grc' dir='ltr'><strong>Κυ-</strong></span> 
     </span>
    </p>
   </div>
   <div class='ocr_carea' id='block_1_54' title="bbox 2304 2488 3822 2562">
    <p class='ocr_par' dir='ltr' id='par_1_54' title="bbox 2304 2488 3822 2562">
     <span class='ocr_line' id='line_1_54' title="bbox 2304 2488 3822 2562; baseline -0.005 -16"><span class='ocrx_word' id='word_1_383' title='bbox 2304 2496 2459 2562; x_wconf 90' lang='grc' dir='ltr'>ρίου,</span> <span class='ocrx_word' id='word_1_384' title='bbox 2490 2492 2845 2560; x_wconf 79' lang='grc' dir='ltr'>ἀγανακτοῦσι</span> <span class='ocrx_word' id='word_1_385' title='bbox 2888 2507 3068 2561; x_wconf 80' lang='grc' dir='ltr'>φησιν’</span> <span class='ocrx_word' id='word_1_386' title='bbox 3104 2492 3392 2545; x_wconf 82' lang='grc' dir='ltr'><strong>Οὐδέποτε</strong></span> <span class='ocrx_word' id='word_1_387' title='bbox 3423 2490 3728 2559; x_wconf 77' lang='grc' dir='ltr'>ἀνέγνωτε,</span> <span class='ocrx_word' id='word_1_388' title='bbox 3752 2488 3822 2540; x_wconf 81' lang='grc' dir='ltr'>ὅτι</span> 
     </span>
    </p>
   </div>
   <div class='ocr_carea' id='block_1_55' title="bbox 2325 2576 3823 2651">
    <p class='ocr_par' dir='ltr' id='par_1_55' title="bbox 2325 2576 3823 2651">
     <span class='ocr_line' id='line_1_55' title="bbox 2325 2576 3823 2651; baseline -0.002 -18"><span class='ocrx_word' id='word_1_389' title='bbox 2325 2584 2417 2635; x_wconf 77' lang='grc' dir='ltr'>Ἐκ</span> <span class='ocrx_word' id='word_1_390' title='bbox 2445 2583 2735 2651; x_wconf 84' lang='grc' dir='ltr'>στόματος</span> <span class='ocrx_word' id='word_1_391' title='bbox 2750 2582 2976 2648; x_wconf 83' lang='grc' dir='ltr'>νηπίων</span> <span class='ocrx_word' id='word_1_392' title='bbox 3013 2582 3106 2633; x_wconf 81' lang='grc' dir='ltr'>καὶ</span> <span class='ocrx_word' id='word_1_393' title='bbox 3124 2576 3490 2648; x_wconf 74' lang='grc' dir='ltr'>θηλαζόντων</span> <span class='ocrx_word' id='word_1_394' title='bbox 3520 2580 3823 2647; x_wconf 79' lang='grc' dir='ltr'>κατηρτίσω</span> 
     </span>
    </p>
   </div>
   <div class='ocr_carea' id='block_1_56' title="bbox 2313 2669 3823 2741">
    <p class='ocr_par' dir='ltr' id='par_1_56' title="bbox 2313 2669 3823 2741">
     <span class='ocr_line' id='line_1_56' title="bbox 2313 2669 3823 2741; baseline -0.003 -15"><span class='ocrx_word' id='word_1_395' title='bbox 2313 2670 2512 2735; x_wconf 69' lang='lat' dir='ltr'><strong>uiror;</strong></span> <span class='ocrx_word' id='word_1_396' title='bbox 2544 2673 2634 2725; x_wconf 76' lang='grc' dir='ltr'><strong>καὶ</strong></span> <span class='ocrx_word' id='word_1_397' title='bbox 2681 2673 2885 2741; x_wconf 87' lang='grc' dir='ltr'>μήποτε</span> <span class='ocrx_word' id='word_1_398' title='bbox 2933 2671 2991 2723; x_wconf 88' lang='grc' dir='ltr'>τό</span> <span class='ocrx_word' id='word_1_399' title='bbox 3010 2688 3022 2700; x_wconf 88' lang='grc'><strong>·</strong></span> <span class='ocrx_word' id='word_1_400' title='bbox 3055 2670 3261 2722; x_wconf 81' lang='grc' dir='ltr'>Ἕνεκα</span> <span class='ocrx_word' id='word_1_401' title='bbox 3296 2670 3412 2722; x_wconf 82' lang='grc' dir='ltr'>τῶν</span> <span class='ocrx_word' id='word_1_402' title='bbox 3444 2669 3666 2739; x_wconf 81' lang='grc' dir='ltr'><strong>ἐχθρῶν</strong></span> <span class='ocrx_word' id='word_1_403' title='bbox 3706 2683 3823 2722; x_wconf 70' lang='grc' dir='ltr'>σου.</span> 
     </span>
    </p>
   </div>
   <div class='ocr_carea' id='block_1_57' title="bbox 2302 2760 3819 2834">
    <p class='ocr_par' dir='ltr' id='par_1_57' title="bbox 2302 2760 3819 2834">
     <span class='ocr_line' id='line_1_57' title="bbox 2302 2760 3819 2834; baseline -0.003 -17"><span class='ocrx_word' id='word_1_404' title='bbox 2302 2766 2421 2834; x_wconf 49' lang='grc' dir='ltr'>,Καὶ</span> <span class='ocrx_word' id='word_1_405' title='bbox 2470 2763 2556 2816; x_wconf 77' lang='grc' dir='ltr'><strong>διὰ</strong></span> <span class='ocrx_word' id='word_1_406' title='bbox 2609 2764 2730 2826; x_wconf 80' lang='grc' dir='ltr'>τοὺς</span> <span class='ocrx_word' id='word_1_407' title='bbox 2778 2764 3046 2832; x_wconf 80' lang='grc' dir='ltr'><strong>ἀρχιερεῖς</strong></span> <span class='ocrx_word' id='word_1_408' title='bbox 3094 2760 3304 2828; x_wconf 82' lang='grc' dir='ltr'>λέγεται</span> <span class='ocrx_word' id='word_1_409' title='bbox 3352 2762 3444 2814; x_wconf 77' lang='grc' dir='ltr'>καὶ</span> <span class='ocrx_word' id='word_1_410' title='bbox 3490 2760 3819 2832; x_wconf 69' lang='grc' dir='ltr'>Φαρισαίους*</span> 
     </span>
    </p>
   </div>
   <div class='ocr_carea' id='block_1_58' title="bbox 2313 2848 3823 2922">
    <p class='ocr_par' dir='ltr' id='par_1_58' title="bbox 2313 2848 3823 2922">
     <span class='ocr_line' id='line_1_58' title="bbox 2313 2848 3823 2922; baseline -0.003 -17"><span class='ocrx_word' id='word_1_411' title='bbox 2313 2853 2519 2920; x_wconf 70' lang='grc' dir='ltr'>ἐχθρὸς</span> <span class='ocrx_word' id='word_1_412' title='bbox 2547 2855 2636 2905; x_wconf 71' lang='grc' dir='ltr'><strong>καὶ</strong></span> <span class='ocrx_word' id='word_1_413' title='bbox 2666 2850 2981 2919; x_wconf 81' lang='grc' dir='ltr'>ἐκδικητὴς</span> <span class='ocrx_word' id='word_1_414' title='bbox 3013 2852 3040 2903; x_wconf 82' lang='grc' dir='ltr'><strong>ὁ</strong></span> <span class='ocrx_word' id='word_1_415' title='bbox 3074 2849 3206 2904; x_wconf 77' lang='grc' dir='ltr'>λέων</span> <span class='ocrx_word' id='word_1_416' title='bbox 3235 2851 3517 2922; x_wconf 72' lang='grc' dir='ltr'>εἰρημένος</span> <span class='ocrx_word' id='word_1_417' title='bbox 3549 2854 3605 2904; x_wconf 83' lang='grc' dir='ltr'>ὲν</span> <span class='ocrx_word' id='word_1_418' title='bbox 3635 2851 3709 2919; x_wconf 85' lang='grc' dir='ltr'><strong>τῷ</strong></span> <span class='ocrx_word' id='word_1_419' title='bbox 3735 2848 3823 2918; x_wconf 78' lang='grc' dir='ltr'>πρὸ</span> 
     </span>
    </p>
   </div>
   <div class='ocr_carea' id='block_1_59' title="bbox 2313 2936 3826 3010">
    <p class='ocr_par' dir='ltr' id='par_1_59' title="bbox 2313 2936 3826 3010">
     <span class='ocr_line' id='line_1_59' title="bbox 2313 2936 3826 3010; baseline -0.002 -17"><span class='ocrx_word' id='word_1_420' title='bbox 2313 2941 2495 2995; x_wconf 82' lang='grc' dir='ltr'>τούτου</span> <span class='ocrx_word' id='word_1_421' title='bbox 2534 2940 2746 3010; x_wconf 86' lang='grc' dir='ltr'>ψαλμῷ.</span> <span class='ocrx_word' id='word_1_422' title='bbox 2780 2941 2851 2992; x_wconf 84' lang='grc' dir='ltr'><strong>Τὸ</strong></span> <span class='ocrx_word' id='word_1_423' title='bbox 2876 2936 2967 2992; x_wconf 79' lang='grc' dir='ltr'><strong>οὖν</strong></span> <span class='ocrx_word' id='word_1_424' title='bbox 3003 2939 3250 3009; x_wconf 80' lang='grc' dir='ltr'>μέγιστον</span> <span class='ocrx_word' id='word_1_425' title='bbox 3280 2939 3476 3009; x_wconf 79' lang='grc' dir='ltr'>θαῦμα,</span> <span class='ocrx_word' id='word_1_426' title='bbox 3505 2942 3584 2992; x_wconf 79' lang='grc' dir='ltr'>ὅτι</span> <span class='ocrx_word' id='word_1_427' title='bbox 3612 2943 3638 2993; x_wconf 87' lang='grc' dir='ltr'>ὁ</span> <span class='ocrx_word' id='word_1_428' title='bbox 3663 2938 3826 2991; x_wconf 73' lang='grc' dir='ltr'><strong>τοσοῦ⁴</strong></span> 
     </span>
    </p>
   </div>
   <div class='ocr_carea' id='block_1_60' title="bbox 2313 3029 3823 3102">
    <p class='ocr_par' dir='ltr' id='par_1_60' title="bbox 2313 3029 3823 3102">
     <span class='ocr_line' id='line_1_60' title="bbox 2313 3029 3823 3102; baseline -0.003 -18"><span class='ocrx_word' id='word_1_429' title='bbox 2313 3050 2421 3097; x_wconf 88' lang='grc' dir='ltr'>τος,</span> <span class='ocrx_word' id='word_1_430' title='bbox 2455 3031 2639 3102; x_wconf 79' lang='grc' dir='ltr'>ἐχθρός</span> <span class='ocrx_word' id='word_1_431' title='bbox 2666 3047 2723 3084; x_wconf 86' lang='grc' dir='ltr'><strong>τε</strong></span> <span class='ocrx_word' id='word_1_432' title='bbox 2753 3030 2846 3082; x_wconf 76' lang='grc' dir='ltr'>καὶ</span> <span class='ocrx_word' id='word_1_433' title='bbox 2879 3030 3034 3091; x_wconf 85' lang='grc' dir='ltr'>λέων,</span> <span class='ocrx_word' id='word_1_434' title='bbox 3060 3031 3087 3080; x_wconf 84' lang='grc' dir='ltr'>ὁ</span> <span class='ocrx_word' id='word_1_435' title='bbox 3117 3030 3294 3099; x_wconf 77' lang='grc' dir='ltr'>ἄρχων</span> <span class='ocrx_word' id='word_1_436' title='bbox 3316 3029 3406 3082; x_wconf 81' lang='grc' dir='ltr'>τοῦ</span> <span class='ocrx_word' id='word_1_437' title='bbox 3436 3031 3624 3092; x_wconf 72' lang='grc' dir='ltr'>αἰῶνος</span> <span class='ocrx_word' id='word_1_438' title='bbox 3636 3029 3823 3089; x_wconf 79' lang='grc' dir='ltr'>τούτου,</span> 
     </span>
    </p>
   </div>
   <div class='ocr_carea' id='block_1_61' title="bbox 2313 3116 3826 3189">
    <p class='ocr_par' dir='ltr' id='par_1_61' title="bbox 2313 3116 3826 3189">
     <span class='ocr_line' id='line_1_61' title="bbox 2313 3116 3826 3189; baseline -0.003 -16"><span class='ocrx_word' id='word_1_439' title='bbox 2313 3120 2400 3173; x_wconf 83' lang='grc' dir='ltr'><strong>διὰ</strong></span> <span class='ocrx_word' id='word_1_440' title='bbox 2426 3121 2629 3189; x_wconf 83' lang='grc' dir='ltr'>νηπίων</span> <span class='ocrx_word' id='word_1_441' title='bbox 2661 3119 2751 3171; x_wconf 78' lang='grc' dir='ltr'>καὶ</span> <span class='ocrx_word' id='word_1_442' title='bbox 2788 3116 3116 3188; x_wconf 78' lang='grc' dir='ltr'>θηλαζόντων</span> <span class='ocrx_word' id='word_1_443' title='bbox 3144 3117 3443 3189; x_wconf 79' lang='grc' dir='ltr'>καθῄρηται</span> <span class='ocrx_word' id='word_1_444' title='bbox 3466 3136 3479 3148; x_wconf 65' lang='grc' dir='ltr'><strong>θ</strong></span> <span class='ocrx_word' id='word_1_445' title='bbox 3513 3118 3627 3187; x_wconf 80' lang='grc' dir='ltr'>μεθ’</span> <span class='ocrx_word' id='word_1_446' title='bbox 3658 3119 3685 3170; x_wconf 81' lang='grc' dir='ltr'><strong>ὃ</strong></span> <span class='ocrx_word' id='word_1_447' title='bbox 3712 3135 3826 3170; x_wconf 83' lang='grc' dir='ltr'>παν-</span> 
     </span>
    </p>
   </div>
   <div class='ocr_carea' id='block_1_62' title="bbox 691 3182 2217 3281">
    <p class='ocr_par' dir='ltr' id='par_1_62' title="bbox 691 3210 2205 3281">
     <span class='ocr_line' id='line_1_62' title="bbox 691 3210 2205 3281; baseline 0.003 -21"><span class='ocrx_word' id='word_1_448' title='bbox 691 3218 868 3261; x_wconf 87' lang='lat' dir='ltr'><strong>autem</strong></span> <span class='ocrx_word' id='word_1_449' title='bbox 908 3210 1135 3281; x_wconf 76' lang='lat' dir='ltr'><strong>maxime</strong></span> <span class='ocrx_word' id='word_1_450' title='bbox 1168 3210 1467 3263; x_wconf 82' lang='lat' dir='ltr'><strong>mirandum</strong></span> <span class='ocrx_word' id='word_1_451' title='bbox 1495 3222 1577 3266; x_wconf 89' lang='lat' dir='ltr'><strong>est</strong></span> <span class='ocrx_word' id='word_1_452' title='bbox 1621 3213 1779 3265; x_wconf 89' lang='lat' dir='ltr'><strong>talem</strong></span> <span class='ocrx_word' id='word_1_453' title='bbox 1830 3213 2103 3265; x_wconf 88' lang='lat' dir='ltr'><strong>inimicum</strong></span> <span class='ocrx_word' id='word_1_454' title='bbox 2151 3220 2205 3266; x_wconf 90' lang='lat' dir='ltr'><strong>et</strong></span> 
     </span>
    </p>
   </div>
   <div class='ocr_carea' id='block_1_63' title="bbox 2317 3182 3827 3281">
    <p class='ocr_par' dir='ltr' id='par_1_63' title="bbox 2317 3182 3827 3281">
     <span class='ocr_line' id='line_1_63' title="bbox 2317 3182 3827 3281; baseline -0.001 -19"><span class='ocrx_word' id='word_1_455' title='bbox 2317 3182 2488 3279; x_wconf 44' lang='grc' dir='ltr'>ταχοῦ·</span> <span class='ocrx_word' id='word_1_456' title='bbox 2515 3210 2642 3270; x_wconf 82' lang='grc' dir='ltr'>Θεὸς</span> <span class='ocrx_word' id='word_1_457' title='bbox 2674 3210 2730 3260; x_wconf 81' lang='grc' dir='ltr'>ὲν</span> <span class='ocrx_word' id='word_1_458' title='bbox 2759 3182 2886 3263; x_wconf 76' lang='grc' dir='ltr'>πᾶσι</span> <span class='ocrx_word' id='word_1_459' title='bbox 2916 3182 3495 3281; x_wconf 36' lang='grc' dir='ltr'>Θαυμάζεταιί-’.Εξθρὸς</span> <span class='ocrx_word' id='word_1_460' title='bbox 3514 3182 3584 3263; x_wconf 39' lang='grc' dir='ltr'><strong>-δὲ</strong></span> <span class='ocrx_word' id='word_1_461' title='bbox 3621 3210 3690 3264; x_wconf 82' lang='grc' dir='ltr'>ὢν</span> <span class='ocrx_word' id='word_1_462' title='bbox 3731 3213 3827 3262; x_wconf 82' lang='grc' dir='ltr'>ὲνε-</span> 
     </span>
    </p>
   </div>
   <div class='ocr_carea' id='block_1_64' title="bbox 692 3296 2210 3379">
    <p class='ocr_par' dir='ltr' id='par_1_64' title="bbox 692 3296 2210 3379">
     <span class='ocr_line' id='line_1_64' title="bbox 692 3296 2210 3379; baseline 0.002 -31"><span class='ocrx_word' id='word_1_463' title='bbox 692 3296 913 3362; x_wconf 88' lang='lat' dir='ltr'><strong>leonem,</strong></span> <span class='ocrx_word' id='word_1_464' title='bbox 948 3298 1238 3366; x_wconf 84' lang='lat' dir='ltr'><strong>principem</strong></span> <span class='ocrx_word' id='word_1_465' title='bbox 1273 3299 1432 3367; x_wconf 88' lang='lat' dir='ltr'><strong>hujus</strong></span> <span class='ocrx_word' id='word_1_466' title='bbox 1477 3300 1680 3379; x_wconf 63' lang='lat' dir='ltr'><strong>surculi,</strong></span> <span class='ocrx_word' id='word_1_467' title='bbox 1740 3309 1834 3368; x_wconf 83' lang='lat' dir='ltr'><strong>per</strong></span> <span class='ocrx_word' id='word_1_468' title='bbox 1866 3300 2098 3354; x_wconf 80' lang='lat' dir='ltr'><strong>infantes</strong></span> <span class='ocrx_word' id='word_1_469' title='bbox 2131 3307 2210 3351; x_wconf 89' lang='lat' dir='ltr'><strong>at-</strong></span> 
     </span>
    </p>
   </div>
   <div class='ocr_carea' id='block_1_65' title="bbox 690 3389 2211 3460">
    <p class='ocr_par' dir='ltr' id='par_1_65' title="bbox 690 3389 2211 3460">
     <span class='ocr_line' id='line_1_65' title="bbox 690 3389 2211 3460; baseline 0.001 -17"><span class='ocrx_word' id='word_1_470' title='bbox 690 3405 794 3458; x_wconf 90' lang='lat' dir='ltr'><strong>que</strong></span> <span class='ocrx_word' id='word_1_471' title='bbox 833 3391 1088 3456; x_wconf 76' lang='lat' dir='ltr'><strong>lactentes</strong></span> <span class='ocrx_word' id='word_1_472' title='bbox 1119 3389 1185 3444; x_wconf 89' lang='lat' dir='ltr'><strong>de</strong></span> <span class='ocrx_word' id='word_1_473' title='bbox 1222 3390 1402 3444; x_wconf 87' lang='lat' dir='ltr'><strong>medio</strong></span> <span class='ocrx_word' id='word_1_474' title='bbox 1427 3391 1692 3453; x_wconf 82' lang='lat' dir='ltr'><strong>sublatum</strong></span> <span class='ocrx_word' id='word_1_475' title='bbox 1723 3406 1881 3446; x_wconf 85' lang='lat' dir='ltr'><strong>esse:</strong></span> <span class='ocrx_word' id='word_1_476' title='bbox 1914 3407 2018 3459; x_wconf 87' lang='lat' dir='ltr'><strong>quo</strong></span> <span class='ocrx_word' id='word_1_477' title='bbox 2054 3404 2211 3460; x_wconf 80' lang='lat' dir='ltr'><strong>pera-</strong></span> 
     </span>
    </p>
   </div>
   <div class='ocr_carea' id='block_1_66' title="bbox 2311 3299 3826 3373">
    <p class='ocr_par' dir='ltr' id='par_1_66' title="bbox 2311 3299 3826 3373">
     <span class='ocr_line' id='line_1_66' title="bbox 2311 3299 3826 3373; baseline 0 -21"><span class='ocrx_word' id='word_1_478' title='bbox 2311 3299 2488 3373; x_wconf 78' lang='grc' dir='ltr'>δρεύει</span> <span class='ocrx_word' id='word_1_479' title='bbox 2530 3300 2661 3369; x_wconf 87' lang='grc' dir='ltr'>πρὸς</span> <span class='ocrx_word' id='word_1_480' title='bbox 2692 3301 2957 3370; x_wconf 77' lang='grc' dir='ltr'>ἁμαρτίαν</span> <span class='ocrx_word' id='word_1_481' title='bbox 2988 3301 3366 3366; x_wconf 78' lang='grc' dir='ltr'>ὑποσκελίζων,</span> <span class='ocrx_word' id='word_1_482' title='bbox 3395 3301 3487 3354; x_wconf 79' lang='grc' dir='ltr'>καὶ</span> <span class='ocrx_word' id='word_1_483' title='bbox 3518 3303 3640 3364; x_wconf 73' lang='grc' dir='ltr'>τοὺς</span> <span class='ocrx_word' id='word_1_484' title='bbox 3665 3304 3826 3371; x_wconf 79' lang='grc' dir='ltr'>ἡμαρ-</span> 
     </span>
    </p>
   </div>
   <div class='ocr_carea' id='block_1_67' title="bbox 2314 3389 3165 3461">
    <p class='ocr_par' dir='ltr' id='par_1_67' title="bbox 2314 3389 3165 3461">
     <span class='ocr_line' id='line_1_67' title="bbox 2314 3389 3165 3461; baseline 0.006 -21"><span class='ocrx_word' id='word_1_485' title='bbox 2314 3389 2542 3460; x_wconf 86' lang='grc' dir='ltr'>τηκότας</span> <span class='ocrx_word' id='word_1_486' title='bbox 2574 3391 2706 3461; x_wconf 88' lang='grc' dir='ltr'><strong>μετά</strong></span> <span class='ocrx_word' id='word_1_487' title='bbox 2736 3392 2903 3444; x_wconf 78' lang='grc' dir='ltr'>ταῦτα</span> <span class='ocrx_word' id='word_1_488' title='bbox 2936 3392 3165 3456; x_wconf 80' lang='grc' dir='ltr'>κολάζει.</span> 
     </span>
    </p>
   </div>
   <div class='ocr_carea' id='block_1_68' title="bbox 691 3478 3827 3552">
    <p class='ocr_par' dir='ltr' id='par_1_68' title="bbox 691 3478 3827 3552">
     <span class='ocr_line' id='line_1_68' title="bbox 691 3478 3827 3552; baseline 0 -19"><span class='ocrx_word' id='word_1_489' title='bbox 691 3489 777 3533; x_wconf 90' lang='lat' dir='ltr'><strong>cto</strong></span> <span class='ocrx_word' id='word_1_490' title='bbox 836 3478 976 3535; x_wconf 77' lang='lat' dir='ltr'><strong>Deus</strong></span> <span class='ocrx_word' id='word_1_491' title='bbox 1020 3480 1216 3547; x_wconf 62' lang='lat' dir='ltr'><strong>diique</strong></span> <span class='ocrx_word' id='word_1_492' title='bbox 1261 3488 1522 3534; x_wconf 89' lang='lat' dir='ltr'><strong>terrarum</strong></span> <span class='ocrx_word' id='word_1_493' title='bbox 1570 3482 1707 3548; x_wconf 87' lang='lat' dir='ltr'><strong>apud</strong></span> <span class='ocrx_word' id='word_1_494' title='bbox 1755 3496 1941 3535; x_wconf 91' lang='lat' dir='ltr'><strong>omnes</strong></span> <span class='ocrx_word' id='word_1_495' title='bbox 1996 3480 2255 3535; x_wconf 89' lang='lat' dir='ltr'><strong>mirabilis</strong></span> <span class='ocrx_word' id='word_1_496' title='bbox 2293 3480 2634 3549; x_wconf 67' lang='lat' dir='ltr'><strong>prmdicatur,</strong></span> <span class='ocrx_word' id='word_1_497' title='bbox 2699 3484 2789 3550; x_wconf 88' lang='lat' dir='ltr'><strong>qui</strong></span> <span class='ocrx_word' id='word_1_498' title='bbox 2834 3484 3083 3551; x_wconf 85' lang='lat' dir='ltr'><strong>princeps</strong></span> <span class='ocrx_word' id='word_1_499' title='bbox 3123 3484 3285 3552; x_wconf 88' lang='lat' dir='ltr'><strong>hujus</strong></span> <span class='ocrx_word' id='word_1_500' title='bbox 3343 3484 3550 3544; x_wconf 64' lang='lat' dir='ltr'><strong>saeculi,</strong></span> <span class='ocrx_word' id='word_1_501' title='bbox 3598 3483 3827 3537; x_wconf 85' lang='lat' dir='ltr'><strong>inimicus</strong></span> 
     </span>
    </p>
   </div>
   <div class='ocr_carea' id='block_1_69' title="bbox 690 3566 3484 3642">
    <p class='ocr_par' dir='ltr' id='par_1_69' title="bbox 690 3566 3484 3642">
     <span class='ocr_line' id='line_1_69' title="bbox 690 3566 3484 3642; baseline 0 -17"><span class='ocrx_word' id='word_1_502' title='bbox 690 3584 813 3625; x_wconf 86' lang='lat' dir='ltr'><strong>cum</strong></span> <span class='ocrx_word' id='word_1_503' title='bbox 836 3570 925 3631; x_wconf 83' lang='lat' dir='ltr'><strong>sit,</strong></span> <span class='ocrx_word' id='word_1_504' title='bbox 942 3568 1164 3622; x_wconf 82' lang='lat' dir='ltr'><strong>insidias</strong></span> <span class='ocrx_word' id='word_1_505' title='bbox 1190 3576 1339 3636; x_wconf 86' lang='lat' dir='ltr'><strong>parat</strong></span> <span class='ocrx_word' id='word_1_506' title='bbox 1370 3576 1429 3621; x_wconf 92' lang='lat' dir='ltr'><strong>ut</strong></span> <span class='ocrx_word' id='word_1_507' title='bbox 1452 3571 1757 3639; x_wconf 89' lang='lat' dir='ltr'><strong>supplantet</strong></span> <span class='ocrx_word' id='word_1_508' title='bbox 1780 3579 1832 3639; x_wconf 82' lang='lat' dir='ltr'><strong>et</strong></span> <span class='ocrx_word' id='word_1_509' title='bbox 1860 3570 1912 3621; x_wconf 88' lang='lat' dir='ltr'><strong>in</strong></span> <span class='ocrx_word' id='word_1_510' title='bbox 1938 3566 2208 3637; x_wconf 73' lang='lat' dir='ltr'><strong>peCcatum</strong></span> <span class='ocrx_word' id='word_1_511' title='bbox 2248 3569 2498 3639; x_wconf 64' lang='lat' dir='ltr'><strong>dejiciat&#39;;</strong></span> <span class='ocrx_word' id='word_1_512' title='bbox 2535 3579 2645 3624; x_wconf 92' lang='lat' dir='ltr'><strong>tum</strong></span> <span class='ocrx_word' id='word_1_513' title='bbox 2679 3582 2985 3639; x_wconf 86' lang='lat' dir='ltr'><strong>peccatores</strong></span> <span class='ocrx_word' id='word_1_514' title='bbox 3014 3575 3275 3642; x_wconf 89' lang='lat' dir='ltr'><strong>supplicio</strong></span> <span class='ocrx_word' id='word_1_515' title='bbox 3309 3573 3484 3626; x_wconf 44' lang='lat' dir='ltr'><strong>allicit.</strong></span> 
     </span>
    </p>
   </div>
   <div class='ocr_carea' id='block_1_70' title="bbox 760 3657 2217 3724">
    <p class='ocr_par' dir='ltr' id='par_1_70' title="bbox 760 3657 2217 3724">
     <span class='ocr_line' id='line_1_70' title="bbox 760 3657 2217 3724; baseline 0.002 -13"><span class='ocrx_word' id='word_1_516' title='bbox 760 3657 876 3724; x_wconf 81' lang='lat' dir='ltr'><strong>Qua</strong></span> <span class='ocrx_word' id='word_1_517' title='bbox 903 3660 1109 3713; x_wconf 88' lang='lat' dir='ltr'><strong>ratione</strong></span> <span class='ocrx_word' id='word_1_518' title='bbox 1150 3668 1326 3712; x_wconf 84' lang='lat' dir='ltr'><strong>autem</strong></span> <span class='ocrx_word' id='word_1_519' title='bbox 1353 3675 1544 3714; x_wconf 85' lang='lat' dir='ltr'><strong>nomen</strong></span> <span class='ocrx_word' id='word_1_520' title='bbox 1580 3661 1809 3724; x_wconf 88' lang='lat' dir='ltr'><strong>Domini,</strong></span> <span class='ocrx_word' id='word_1_521' title='bbox 1847 3661 1975 3713; x_wconf 91' lang='lat' dir='ltr'><strong>olim</strong></span> <span class='ocrx_word' id='word_1_522' title='bbox 2019 3662 2217 3715; x_wconf 87' lang='lat' dir='ltr'><strong>nemini</strong></span> 
     </span>
    </p>
   </div>
   <div class='ocr_carea' id='block_1_71' title="bbox 600 3747 2211 3823">
    <p class='ocr_par' dir='ltr' id='par_1_71' title="bbox 600 3747 2211 3823">
     <span class='ocr_line' id='line_1_71' title="bbox 600 3747 2211 3823; baseline 0.002 -20"><span class='ocrx_word' id='word_1_523' title='bbox 600 3747 605 3752; x_wconf 84' lang='grc'><em>’</em></span> <span class='ocrx_word' id='word_1_524' title='bbox 695 3761 899 3813; x_wconf 88' lang='lat' dir='ltr'><strong>notum,</strong></span> <span class='ocrx_word' id='word_1_525' title='bbox 949 3750 1257 3808; x_wconf 87' lang='lat' dir='ltr'><strong>admirabile</strong></span> <span class='ocrx_word' id='word_1_526' title='bbox 1293 3753 1547 3815; x_wconf 87' lang='lat' dir='ltr'><strong>evaserit,</strong></span> <span class='ocrx_word' id='word_1_527' title='bbox 1576 3753 1810 3807; x_wconf 87' lang='lat' dir='ltr'><strong>declarat</strong></span> <span class='ocrx_word' id='word_1_528' title='bbox 1853 3754 1907 3807; x_wconf 93' lang='lat' dir='ltr'><strong>in</strong></span> <span class='ocrx_word' id='word_1_529' title='bbox 1939 3753 2211 3823; x_wconf 84' lang='lat' dir='ltr'><strong>sequenti-</strong></span> 
     </span>
    </p>
   </div>
   <div class='ocr_carea' id='block_1_72' title="bbox 697 3839 2218 3912">
    <p class='ocr_par' dir='ltr' id='par_1_72' title="bbox 697 3839 2218 3912">
     <span class='ocr_line' id='line_1_72' title="bbox 697 3839 2218 3912; baseline 0.002 -20"><span class='ocrx_word' id='word_1_530' title='bbox 697 3839 796 3893; x_wconf 81' lang='lat' dir='ltr'><strong>bus</strong></span> <span class='ocrx_word' id='word_1_531' title='bbox 840 3840 924 3893; x_wconf 80' lang='lat' dir='ltr'><strong>his</strong></span> <span class='ocrx_word' id='word_1_532' title='bbox 966 3841 1163 3905; x_wconf 79' lang='lat' dir='ltr'><strong>verbis,</strong></span> <span class='ocrx_word' id='word_1_533' title='bbox 1212 3842 1456 3910; x_wconf 87' lang='lat' dir='ltr'><strong>quoniam</strong></span> <span class='ocrx_word' id='word_1_534' title='bbox 1490 3842 1687 3896; x_wconf 86' lang='lat' dir='ltr'><strong>elevata</strong></span> <span class='ocrx_word' id='word_1_535' title='bbox 1731 3851 1807 3897; x_wconf 88' lang='lat' dir='ltr'><strong>est</strong></span> <span class='ocrx_word' id='word_1_536' title='bbox 1838 3844 2218 3912; x_wconf 87' lang='lat' dir='ltr'><strong>magniﬁcentia</strong></span> 
     </span>
    </p>
   </div>
   <div class='ocr_carea' id='block_1_73' title="bbox 698 3930 2212 4002">
    <p class='ocr_par' dir='ltr' id='par_1_73' title="bbox 698 3930 2212 4002">
     <span class='ocr_line' id='line_1_73' title="bbox 698 3930 2212 4002; baseline 0.004 -22"><span class='ocrx_word' id='word_1_537' title='bbox 698 3940 790 3981; x_wconf 80' lang='lat' dir='ltr'><strong>tua</strong></span> <span class='ocrx_word' id='word_1_538' title='bbox 819 3943 966 3996; x_wconf 84' lang='lat' dir='ltr'><strong>super</strong></span> <span class='ocrx_word' id='word_1_539' title='bbox 995 3930 1176 3984; x_wconf 73' lang='lat' dir='ltr'><strong>caios:</strong></span> <span class='ocrx_word' id='word_1_540' title='bbox 1196 3938 1353 4000; x_wconf 84' lang='lat' dir='ltr'><strong>atque</strong></span> <span class='ocrx_word' id='word_1_541' title='bbox 1379 3933 1595 3987; x_wconf 89' lang='lat' dir='ltr'><strong>tertium</strong></span> <span class='ocrx_word' id='word_1_542' title='bbox 1630 3934 1762 3987; x_wconf 87' lang='lat' dir='ltr'><strong>illud</strong></span> <span class='ocrx_word' id='word_1_543' title='bbox 1787 3933 2212 4002; x_wconf 87' lang='lat' dir='ltr'><strong>superadditum,</strong></span> 
     </span>
    </p>
   </div>
   <div class='ocr_carea' id='block_1_74' title="bbox 694 4019 2216 4093">
    <p class='ocr_par' dir='ltr' id='par_1_74' title="bbox 694 4019 2216 4093">
     <span class='ocr_line' id='line_1_74' title="bbox 694 4019 2216 4093; baseline 0.001 -21"><span class='ocrx_word' id='word_1_544' title='bbox 694 4034 757 4072; x_wconf 78' lang='lat' dir='ltr'><strong>es:</strong></span> <span class='ocrx_word' id='word_1_545' title='bbox 786 4034 872 4073; x_wconf 81' lang='lat' dir='ltr'><strong>ore</strong></span> <span class='ocrx_word' id='word_1_546' title='bbox 912 4019 1189 4087; x_wconf 83' lang='lat' dir='ltr'><strong>infantium</strong></span> <span class='ocrx_word' id='word_1_547' title='bbox 1234 4029 1282 4073; x_wconf 91' lang='lat' dir='ltr'><strong>et</strong></span> <span class='ocrx_word' id='word_1_548' title='bbox 1329 4021 1628 4093; x_wconf 80' lang='lat' dir='ltr'><strong>lactentium</strong></span> <span class='ocrx_word' id='word_1_549' title='bbox 1670 4022 1931 4090; x_wconf 80' lang='lat' dir='ltr'><strong>perfecisti</strong></span> <span class='ocrx_word' id='word_1_550' title='bbox 1977 4022 2216 4087; x_wconf 82' lang='lat' dir='ltr'><strong>laudem,</strong></span> 
     </span>
    </p>
   </div>
   <div class='ocr_carea' id='block_1_75' title="bbox 696 4108 2218 4181">
    <p class='ocr_par' dir='ltr' id='par_1_75' title="bbox 696 4108 2218 4181">
     <span class='ocr_line' id='line_1_75' title="bbox 696 4108 2218 4181; baseline 0.002 -19"><span class='ocrx_word' id='word_1_551' title='bbox 696 4111 931 4179; x_wconf 84' lang='lat' dir='ltr'><strong>aliquam</strong></span> <span class='ocrx_word' id='word_1_552' title='bbox 962 4125 1090 4165; x_wconf 90' lang='lat' dir='ltr'><strong>sane</strong></span> <span class='ocrx_word' id='word_1_553' title='bbox 1119 4110 1279 4164; x_wconf 82' lang='lat' dir='ltr'><strong>habet</strong></span> <span class='ocrx_word' id='word_1_554' title='bbox 1306 4110 1615 4164; x_wconf 79' lang='lat' dir='ltr'><strong>aﬂinitatem</strong></span> <span class='ocrx_word' id='word_1_555' title='bbox 1645 4126 1765 4166; x_wconf 92' lang='lat' dir='ltr'><strong>cum</strong></span> <span class='ocrx_word' id='word_1_556' title='bbox 1815 4108 1928 4173; x_wconf 87' lang='lat' dir='ltr'><strong>illo,</strong></span> <span class='ocrx_word' id='word_1_557' title='bbox 1960 4128 2218 4181; x_wconf 71' lang='lat' dir='ltr'><strong>synagoga</strong></span> 
     </span>
    </p>
   </div>
   <div class='ocr_carea' id='block_1_76' title="bbox 694 4190 2218 4277">
    <p class='ocr_par' dir='ltr' id='par_1_76' title="bbox 694 4190 2218 4277">
     <span class='ocr_line' id='line_1_76' title="bbox 694 4190 2218 4277; baseline 0.002 -24"><span class='ocrx_word' id='word_1_558' title='bbox 694 4190 995 4272; x_wconf 60' lang='lat' dir='ltr'><strong>populoium</strong></span> <span class='ocrx_word' id='word_1_559' title='bbox 1024 4201 1362 4277; x_wconf 75' lang='lat' dir='ltr'><strong>circumdabit</strong></span> <span class='ocrx_word' id='word_1_560' title='bbox 1394 4212 1459 4256; x_wconf 87' lang='lat' dir='ltr'><strong>te.</strong></span> <span class='ocrx_word' id='word_1_561' title='bbox 1504 4201 1665 4255; x_wconf 86' lang='lat' dir='ltr'><strong>Docet</strong></span> <span class='ocrx_word' id='word_1_562' title='bbox 1717 4202 1857 4255; x_wconf 83' lang='lat' dir='ltr'><strong>enim</strong></span> <span class='ocrx_word' id='word_1_563' title='bbox 1903 4216 2092 4256; x_wconf 83' lang='lat' dir='ltr'><strong>novam</strong></span> <span class='ocrx_word' id='word_1_564' title='bbox 2131 4217 2218 4273; x_wconf 84' lang='lat' dir='ltr'><strong>sy-</strong></span> 
     </span>
    </p>
   </div>
   <div class='ocr_carea' id='block_1_77' title="bbox 698 4291 2216 4361">
    <p class='ocr_par' dir='ltr' id='par_1_77' title="bbox 698 4291 2216 4361">
     <span class='ocr_line' id='line_1_77' title="bbox 698 4291 2216 4361; baseline -0.001 -14"><span class='ocrx_word' id='word_1_565' title='bbox 698 4308 976 4361; x_wconf 71' lang='lat' dir='ltr'><strong>nagogam,</strong></span> <span class='ocrx_word' id='word_1_566' title='bbox 1016 4307 1132 4360; x_wconf 69' lang='lat' dir='ltr'><strong>quae</strong></span> <span class='ocrx_word' id='word_1_567' title='bbox 1187 4291 1349 4345; x_wconf 89' lang='lat' dir='ltr'><strong>Deum</strong></span> <span class='ocrx_word' id='word_1_568' title='bbox 1399 4291 1766 4345; x_wconf 84' lang='lat' dir='ltr'><strong>circumdabat</strong></span> <span class='ocrx_word' id='word_1_569' title='bbox 1836 4299 1956 4359; x_wconf 91' lang='lat' dir='ltr'><strong>post</strong></span> <span class='ocrx_word' id='word_1_570' title='bbox 2005 4292 2121 4361; x_wconf 89' lang='lat' dir='ltr'><strong>ejus</strong></span> <span class='ocrx_word' id='word_1_571' title='bbox 2162 4294 2216 4346; x_wconf 91' lang='lat' dir='ltr'><strong>in</strong></span> 
     </span>
    </p>
   </div>
   <div class='ocr_carea' id='block_1_78' title="bbox 699 4378 2216 4448">
    <p class='ocr_par' dir='ltr' id='par_1_78' title="bbox 699 4378 2216 4448">
     <span class='ocr_line' id='line_1_78' title="bbox 699 4378 2216 4448; baseline 0.001 -13"><span class='ocrx_word' id='word_1_572' title='bbox 699 4383 863 4435; x_wconf 88' lang='lat' dir='ltr'><strong>altum</strong></span> <span class='ocrx_word' id='word_1_573' title='bbox 890 4382 1324 4448; x_wconf 84' lang='lat' dir='ltr'><strong>assumptionem,</strong></span> <span class='ocrx_word' id='word_1_574' title='bbox 1359 4395 1423 4434; x_wconf 84' lang='lat' dir='ltr'><strong>ex</strong></span> <span class='ocrx_word' id='word_1_575' title='bbox 1453 4378 1770 4441; x_wconf 78' lang='lat' dir='ltr'><strong>infantibus,</strong></span> <span class='ocrx_word' id='word_1_576' title='bbox 1810 4380 1986 4434; x_wconf 90' lang='lat' dir='ltr'><strong>animo</strong></span> <span class='ocrx_word' id='word_1_577' title='bbox 2014 4383 2216 4436; x_wconf 76' lang='lat' dir='ltr'><strong>scilicet</strong></span> 
     </span>
    </p>
   </div>
   <div class='ocr_carea' id='block_1_79' title="bbox 2387 3663 3820 3736">
    <p class='ocr_par' dir='ltr' id='par_1_79' title="bbox 2387 3663 3820 3736">
     <span class='ocr_line' id='line_1_79' title="bbox 2387 3663 3820 3736; baseline 0 -22"><span class='ocrx_word' id='word_1_578' title='bbox 2387 3663 2493 3715; x_wconf 73' lang='grc' dir='ltr'><strong>Καὶ</strong></span> <span class='ocrx_word' id='word_1_579' title='bbox 2522 3663 2634 3725; x_wconf 84' lang='grc' dir='ltr'><strong>πῶς</strong></span> <span class='ocrx_word' id='word_1_580' title='bbox 2660 3665 2716 3715; x_wconf 80' lang='grc' dir='ltr'>ὲν</span> <span class='ocrx_word' id='word_1_581' title='bbox 2754 3664 2895 3733; x_wconf 82' lang='grc' dir='ltr'>πάσῃ</span> <span class='ocrx_word' id='word_1_582' title='bbox 2925 3667 2989 3735; x_wconf 81' lang='grc' dir='ltr'><strong>τῇ</strong></span> <span class='ocrx_word' id='word_1_583' title='bbox 3016 3668 3083 3733; x_wconf 85' lang='grc' dir='ltr'>γῇ</span> <span class='ocrx_word' id='word_1_584' title='bbox 3116 3665 3175 3715; x_wconf 79' lang='grc' dir='ltr'>τὸ</span> <span class='ocrx_word' id='word_1_585' title='bbox 3205 3666 3365 3717; x_wconf 82' lang='grc' dir='ltr'>πάλαι</span> <span class='ocrx_word' id='word_1_586' title='bbox 3389 3665 3570 3736; x_wconf 77' lang='grc' dir='ltr'>μηδενὶ</span> <span class='ocrx_word' id='word_1_587' title='bbox 3596 3664 3820 3731; x_wconf 75' lang='grc' dir='ltr'>γινωσκό-</span> 
     </span>
    </p>
   </div>
   <div class='ocr_carea' id='block_1_80' title="bbox 2322 3753 3805 3825">
    <p class='ocr_par' dir='ltr' id='par_1_80' title="bbox 2322 3753 3805 3825">
     <span class='ocr_line' id='line_1_80' title="bbox 2322 3753 3805 3825; baseline -0.001 -19"><span class='ocrx_word' id='word_1_588' title='bbox 2322 3770 2473 3822; x_wconf 85' lang='grc' dir='ltr'>μενον</span> <span class='ocrx_word' id='word_1_589' title='bbox 2498 3754 2662 3822; x_wconf 81' lang='grc' dir='ltr'>δνομα</span> <span class='ocrx_word' id='word_1_590' title='bbox 2684 3753 2775 3806; x_wconf 83' lang='grc' dir='ltr'>τοῦ</span> <span class='ocrx_word' id='word_1_591' title='bbox 2798 3755 2996 3824; x_wconf 86' lang='grc' dir='ltr'>Κυρίου</span> <span class='ocrx_word' id='word_1_592' title='bbox 3028 3756 3118 3807; x_wconf 73' lang='grc' dir='ltr'>καὶ</span> <span class='ocrx_word' id='word_1_593' title='bbox 3144 3755 3442 3825; x_wconf 84' lang='grc' dir='ltr'>θαυμαστὸν</span> <span class='ocrx_word' id='word_1_594' title='bbox 3464 3756 3709 3825; x_wconf 81' lang='grc' dir='ltr'>κατέστη,</span> <span class='ocrx_word' id='word_1_595' title='bbox 3730 3756 3805 3806; x_wconf 87' lang='grc' dir='ltr'><strong>δια</strong></span> 
     </span>
    </p>
   </div>
   <div class='ocr_carea' id='block_1_81' title="bbox 2316 3834 3829 3916">
    <p class='ocr_par' dir='ltr' id='par_1_81' title="bbox 2316 3834 3829 3916">
     <span class='ocr_line' id='line_1_81' title="bbox 2316 3834 3829 3916; baseline 0.001 -22"><span class='ocrx_word' id='word_1_596' title='bbox 2316 3846 2474 3916; x_wconf 75' lang='grc' dir='ltr'>σαφεῖ</span> <span class='ocrx_word' id='word_1_597' title='bbox 2505 3843 2671 3911; x_wconf 79' lang='grc' dir='ltr'>λέγων</span> <span class='ocrx_word' id='word_1_598' title='bbox 2712 3844 2865 3913; x_wconf 75' lang='grc' dir='ltr'><strong>ἑξῆς·</strong></span> <span class='ocrx_word' id='word_1_599' title='bbox 2901 3845 3017 3896; x_wconf 87' lang='grc' dir='ltr'>’Ὁτι</span> <span class='ocrx_word' id='word_1_600' title='bbox 3047 3845 3265 3912; x_wconf 76' lang='grc' dir='ltr'>ἐπήρθη</span> <span class='ocrx_word' id='word_1_601' title='bbox 3307 3847 3342 3913; x_wconf 82' lang='grc' dir='ltr'><em>ἠ</em></span> <span class='ocrx_word' id='word_1_602' title='bbox 3379 3834 3829 3916; x_wconf 74' lang='grc' dir='ltr'>μεγαλοπρέπειά</span> 
     </span>
    </p>
   </div>
   <div class='ocr_carea' id='block_1_82' title="bbox 2315 3934 3827 4004">
    <p class='ocr_par' dir='ltr' id='par_1_82' title="bbox 2315 3934 3827 4004">
     <span class='ocr_line' id='line_1_82' title="bbox 2315 3934 3827 4004; baseline 0 -20"><span class='ocrx_word' id='word_1_603' title='bbox 2315 3948 2429 3986; x_wconf 90' lang='grc' dir='ltr'><strong>σου</strong></span> <span class='ocrx_word' id='word_1_604' title='bbox 2459 3934 2725 4002; x_wconf 80' lang='grc' dir='ltr'>ὑπεράνω</span> <span class='ocrx_word' id='word_1_605' title='bbox 2754 3934 2868 3987; x_wconf 82' lang='grc' dir='ltr'>τῶν</span> <span class='ocrx_word' id='word_1_606' title='bbox 2894 3935 3189 4003; x_wconf 70' lang='grc' dir='ltr'>οὺρανῶνσ</span> <span class='ocrx_word' id='word_1_607' title='bbox 3229 3936 3318 3989; x_wconf 61' lang='grc' dir='ltr'><strong>καὶ¹</strong></span> <span class='ocrx_word' id='word_1_608' title='bbox 3366 3936 3426 3989; x_wconf 82' lang='grc' dir='ltr'>τὸ</span> <span class='ocrx_word' id='word_1_609' title='bbox 3474 3936 3827 4004; x_wconf 68' lang='grc' dir='ltr'>ἐπιλεγόμενοι</span> 
     </span>
    </p>
   </div>
   <div class='ocr_carea' id='block_1_83' title="bbox 2316 4021 3825 4093">
    <p class='ocr_par' dir='ltr' id='par_1_83' title="bbox 2316 4021 3825 4093">
     <span class='ocr_line' id='line_1_83' title="bbox 2316 4021 3825 4093; baseline 0.001 -20"><span class='ocrx_word' id='word_1_610' title='bbox 2316 4021 2370 4073; x_wconf 81' lang='grc' dir='ltr'>δὲ</span> <span class='ocrx_word' id='word_1_611' title='bbox 2398 4023 2572 4093; x_wconf 89' lang='grc' dir='ltr'>τρίτον</span> <span class='ocrx_word' id='word_1_612' title='bbox 2602 4025 2658 4075; x_wconf 86' lang='grc' dir='ltr'>ὲν</span> <span class='ocrx_word' id='word_1_613' title='bbox 2692 4022 2789 4093; x_wconf 82' lang='grc' dir='ltr'>τῷ,</span> <span class='ocrx_word' id='word_1_614' title='bbox 2811 4024 2905 4076; x_wconf 84' lang='grc' dir='ltr'>Ἐκ</span> <span class='ocrx_word' id='word_1_615' title='bbox 2933 4026 3220 4091; x_wconf 84' lang='grc' dir='ltr'>στόματος</span> <span class='ocrx_word' id='word_1_616' title='bbox 3247 4026 3477 4091; x_wconf 84' lang='grc' dir='ltr'>νηπίων</span> <span class='ocrx_word' id='word_1_617' title='bbox 3519 4025 3613 4077; x_wconf 72' lang='grc' dir='ltr'>καὶ</span> <span class='ocrx_word' id='word_1_618' title='bbox 3662 4026 3825 4088; x_wconf 75' lang='grc' dir='ltr'>θηλα-</span> 
     </span>
    </p>
   </div>
   <div class='ocr_carea' id='block_1_84' title="bbox 2317 4111 3856 4187">
    <p class='ocr_par' dir='ltr' id='par_1_84' title="bbox 2317 4111 3856 4187">
     <span class='ocr_line' id='line_1_84' title="bbox 2317 4111 3856 4187; baseline -0.001 -22"><span class='ocrx_word' id='word_1_619' title='bbox 2317 4111 2528 4172; x_wconf 77' lang='grc' dir='ltr'>ζόντων</span> <span class='ocrx_word' id='word_1_620' title='bbox 2562 4116 2891 4181; x_wconf 82' lang='grc' dir='ltr'>κατηρτίσω</span> <span class='ocrx_word' id='word_1_621' title='bbox 2916 4111 3102 4178; x_wconf 77' lang='grc' dir='ltr'>αἶνον,</span> <span class='ocrx_word' id='word_1_622' title='bbox 3135 4115 3243 4186; x_wconf 78' lang='grc' dir='ltr'><strong>ἔχοι</strong></span> <span class='ocrx_word' id='word_1_623' title='bbox 3278 4116 3341 4169; x_wconf 81' lang='grc' dir='ltr'>ἂν</span> <span class='ocrx_word' id='word_1_624' title='bbox 3374 4117 3679 4185; x_wconf 82' lang='grc' dir='ltr'>συμφωνίαν</span> <span class='ocrx_word' id='word_1_625' title='bbox 3708 4112 3825 4183; x_wconf 64' lang='grc' dir='ltr'>πρὸς</span> <span class='ocrx_word' id='word_1_626' title='bbox 3845 4165 3856 4187; x_wconf 44' lang='grc' dir='ltr'><strong>ε</strong></span> 
     </span>
    </p>
   </div>
   <div class='ocr_carea' id='block_1_85' title="bbox 2314 4200 3826 4273">
    <p class='ocr_par' dir='ltr' id='par_1_85' title="bbox 2314 4200 3826 4273">
     <span class='ocr_line' id='line_1_85' title="bbox 2314 4200 3826 4273; baseline -0.001 -17"><span class='ocrx_word' id='word_1_627' title='bbox 2314 4204 2403 4255; x_wconf 77' lang='grc' dir='ltr'><strong>τό“</strong></span> <span class='ocrx_word' id='word_1_628' title='bbox 2434 4205 2750 4273; x_wconf 72' lang='grc' dir='ltr'>Συναγωγὴ</span> <span class='ocrx_word' id='word_1_629' title='bbox 2808 4200 2955 4263; x_wconf 72' lang='grc' dir='ltr'><strong>κοῶν</strong></span> <span class='ocrx_word' id='word_1_630' title='bbox 2998 4206 3287 4261; x_wconf 71' lang='grc' dir='ltr'>κυκλώσει</span> <span class='ocrx_word' id='word_1_631' title='bbox 3323 4223 3413 4264; x_wconf 81' lang='grc' dir='ltr'><strong>σε.</strong></span> <span class='ocrx_word' id='word_1_632' title='bbox 3452 4207 3524 4259; x_wconf 83' lang='grc' dir='ltr'><strong>Τὸ</strong></span> <span class='ocrx_word' id='word_1_633' title='bbox 3563 4206 3666 4273; x_wconf 81' lang='grc' dir='ltr'><strong>γὰρ</strong></span> <span class='ocrx_word' id='word_1_634' title='bbox 3717 4203 3826 4256; x_wconf 83' lang='grc' dir='ltr'>νέαν</span> 
     </span>
    </p>
   </div>
   <div class='ocr_carea' id='block_1_86' title="bbox 2314 4292 3826 4364">
    <p class='ocr_par' dir='ltr' id='par_1_86' title="bbox 2314 4292 3826 4364">
     <span class='ocr_line' id='line_1_86' title="bbox 2314 4292 3826 4364; baseline -0.001 -19"><span class='ocrx_word' id='word_1_635' title='bbox 2314 4293 2405 4345; x_wconf 78' lang='grc' dir='ltr'>καὶ</span> <span class='ocrx_word' id='word_1_636' title='bbox 2429 4293 2615 4364; x_wconf 84' lang='grc' dir='ltr'>καινὴν</span> <span class='ocrx_word' id='word_1_637' title='bbox 2648 4293 2956 4361; x_wconf 86' lang='grc' dir='ltr'>συναγωγὴν</span> <span class='ocrx_word' id='word_1_638' title='bbox 2985 4294 3087 4346; x_wconf 82' lang='grc' dir='ltr'>τῶν</span> <span class='ocrx_word' id='word_1_639' title='bbox 3124 4295 3455 4348; x_wconf 80' lang='grc' dir='ltr'>κυκλούντων</span> <span class='ocrx_word' id='word_1_640' title='bbox 3477 4293 3570 4344; x_wconf 87' lang='grc' dir='ltr'>τὸν</span> <span class='ocrx_word' id='word_1_641' title='bbox 3597 4292 3717 4344; x_wconf 87' lang='grc' dir='ltr'>Θεὸν</span> <span class='ocrx_word' id='word_1_642' title='bbox 3743 4308 3826 4361; x_wconf 81' lang='grc' dir='ltr'>με·</span> 
     </span>
    </p>
   </div>
   <div class='ocr_carea' id='block_1_87' title="bbox 2313 4381 3825 4452">
    <p class='ocr_par' dir='ltr' id='par_1_87' title="bbox 2313 4381 3825 4452">
     <span class='ocr_line' id='line_1_87' title="bbox 2313 4381 3825 4452; baseline -0.001 -19"><span class='ocrx_word' id='word_1_643' title='bbox 2313 4381 2379 4433; x_wconf 86' lang='grc' dir='ltr'><strong>τά</strong></span> <span class='ocrx_word' id='word_1_644' title='bbox 2408 4381 2501 4451; x_wconf 85' lang='grc' dir='ltr'>τὴν</span> <span class='ocrx_word' id='word_1_645' title='bbox 2527 4384 2604 4443; x_wconf 81' lang='grc' dir='ltr'>εἰς</span> <span class='ocrx_word' id='word_1_646' title='bbox 2631 4381 2759 4450; x_wconf 76' lang='grc' dir='ltr'>ὕψος</span> <span class='ocrx_word' id='word_1_647' title='bbox 2779 4382 3036 4451; x_wconf 82' lang='grc' dir='ltr'>ἀνάληψιν</span> <span class='ocrx_word' id='word_1_648' title='bbox 3058 4383 3218 4437; x_wconf 80' lang='grc' dir='ltr'>αὐτοῦ</span> <span class='ocrx_word' id='word_1_649' title='bbox 3246 4388 3308 4437; x_wconf 87' lang='grc' dir='ltr'>ὲκ</span> <span class='ocrx_word' id='word_1_650' title='bbox 3336 4382 3539 4452; x_wconf 86' lang='grc' dir='ltr'>νηπίων</span> <span class='ocrx_word' id='word_1_651' title='bbox 3558 4381 3721 4452; x_wconf 82' lang='grc' dir='ltr'>ψυχῆς</span> <span class='ocrx_word' id='word_1_652' title='bbox 3744 4382 3825 4433; x_wconf 83' lang='grc' dir='ltr'>καὶ</span> 
     </span>
    </p>
   </div>
   <div class='ocr_carea' id='block_1_88' title="bbox 698 4466 2217 4541">
    <p class='ocr_par' dir='ltr' id='par_1_88' title="bbox 698 4466 2215 4539">
     <span class='ocr_line' id='line_1_88' title="bbox 698 4466 2215 4539; baseline 0 -14"><span class='ocrx_word' id='word_1_653' title='bbox 698 4479 752 4525; x_wconf 84' lang='lat' dir='ltr'><strong>et</strong></span> <span class='ocrx_word' id='word_1_654' title='bbox 784 4468 1121 4530; x_wconf 86' lang='lat' dir='ltr'><strong>lactentibus,</strong></span> <span class='ocrx_word' id='word_1_655' title='bbox 1151 4468 1459 4521; x_wconf 87' lang='lat' dir='ltr'><strong>collectam:</strong></span> <span class='ocrx_word' id='word_1_656' title='bbox 1496 4476 1652 4537; x_wconf 89' lang='lat' dir='ltr'><strong>atque</strong></span> <span class='ocrx_word' id='word_1_657' title='bbox 1682 4469 1751 4520; x_wconf 90' lang='lat' dir='ltr'><strong>ita</strong></span> <span class='ocrx_word' id='word_1_658' title='bbox 1797 4476 1950 4521; x_wconf 83' lang='lat' dir='ltr'><strong>vocat</strong></span> <span class='ocrx_word' id='word_1_659' title='bbox 1990 4466 2215 4539; x_wconf 80' lang='lat' dir='ltr'><strong>pepulos</strong></span> 
     </span>
    </p>
   </div>
   <div class='ocr_carea' id='block_1_89' title="bbox 2317 4466 3825 4541">
    <p class='ocr_par' dir='ltr' id='par_1_89' title="bbox 2317 4471 3825 4541">
     <span class='ocr_line' id='line_1_89' title="bbox 2317 4471 3825 4541; baseline 0.001 -18"><span class='ocrx_word' id='word_1_660' title='bbox 2317 4471 2645 4541; x_wconf 79' lang='grc' dir='ltr'>Θηλαζόντων</span> <span class='ocrx_word' id='word_1_661' title='bbox 2694 4475 3000 4527; x_wconf 87' lang='grc' dir='ltr'>συνεστάναι</span> <span class='ocrx_word' id='word_1_662' title='bbox 3041 4476 3297 4530; x_wconf 68' lang='grc' dir='ltr'>διδάσκει·</span> <span class='ocrx_word' id='word_1_663' title='bbox 3328 4474 3467 4527; x_wconf 74' lang='grc' dir='ltr'>οὕτω</span> <span class='ocrx_word' id='word_1_664' title='bbox 3508 4473 3679 4527; x_wconf 82' lang='grc' dir='ltr'>καλῶν</span> <span class='ocrx_word' id='word_1_665' title='bbox 3713 4471 3825 4534; x_wconf 64' lang='grc' dir='ltr'>τοὺς</span> 
     </span>
    </p>
   </div>
   <div class='ocr_carea' id='block_1_90' title="bbox 699 4555 2211 4627">
    <p class='ocr_par' dir='ltr' id='par_1_90' title="bbox 699 4555 2211 4627">
     <span class='ocr_line' id='line_1_90' title="bbox 699 4555 2211 4627; baseline -0.001 -14"><span class='ocrx_word' id='word_1_666' title='bbox 699 4559 753 4613; x_wconf 90' lang='lat' dir='ltr'><strong>in</strong></span> <span class='ocrx_word' id='word_1_667' title='bbox 807 4557 1019 4614; x_wconf 79' lang='lat' dir='ltr'><strong>Christo</strong></span> <span class='ocrx_word' id='word_1_668' title='bbox 1062 4562 1426 4627; x_wconf 80' lang='lat' dir='ltr'><strong>regeneratos.</strong></span> <span class='ocrx_word' id='word_1_669' title='bbox 1463 4555 1593 4608; x_wconf 82' lang='lat' dir='ltr'><strong>Nam</strong></span> <span class='ocrx_word' id='word_1_670' title='bbox 1634 4564 1914 4624; x_wconf 79' lang='lat' dir='ltr'><strong>postquam</strong></span> <span class='ocrx_word' id='word_1_671' title='bbox 1967 4558 2018 4609; x_wconf 90' lang='lat' dir='ltr'><strong>in</strong></span> <span class='ocrx_word' id='word_1_672' title='bbox 2048 4560 2211 4611; x_wconf 86' lang='lat' dir='ltr'><strong>altum</strong></span> 
     </span>
    </p>
   </div>
   <div class='ocr_carea' id='block_1_91' title="bbox 700 4646 2211 4717">
    <p class='ocr_par' dir='ltr' id='par_1_91' title="bbox 700 4646 2211 4717">
     <span class='ocr_line' id='line_1_91' title="bbox 700 4646 2211 4717; baseline 0.001 -15"><span class='ocrx_word' id='word_1_673' title='bbox 700 4649 956 4711; x_wconf 86' lang='lat' dir='ltr'><strong>ascendit,</strong></span> <span class='ocrx_word' id='word_1_674' title='bbox 980 4658 1100 4717; x_wconf 87' lang='lat' dir='ltr'><strong>post</strong></span> <span class='ocrx_word' id='word_1_675' title='bbox 1119 4647 1419 4716; x_wconf 80' lang='lat' dir='ltr'><strong>ingressum</strong></span> <span class='ocrx_word' id='word_1_676' title='bbox 1441 4659 1593 4697; x_wconf 90' lang='lat' dir='ltr'><strong>suum</strong></span> <span class='ocrx_word' id='word_1_677' title='bbox 1622 4646 1673 4697; x_wconf 92' lang='lat' dir='ltr'><strong>in</strong></span> <span class='ocrx_word' id='word_1_678' title='bbox 1693 4647 1907 4712; x_wconf 69' lang='lat' dir='ltr'><strong>caelum,</strong></span> <span class='ocrx_word' id='word_1_679' title='bbox 1934 4646 2211 4713; x_wconf 89' lang='lat' dir='ltr'><strong>Dominus,</strong></span> 
     </span>
    </p>
   </div>
   <div class='ocr_carea' id='block_1_92' title="bbox 700 4734 2213 4808">
    <p class='ocr_par' dir='ltr' id='par_1_92' title="bbox 700 4734 2213 4808">
     <span class='ocr_line' id='line_1_92' title="bbox 700 4734 2213 4808; baseline -0.01 -16"><span class='ocrx_word' id='word_1_680' title='bbox 700 4739 791 4806; x_wconf 87' lang='lat' dir='ltr'><strong>qui</strong></span> <span class='ocrx_word' id='word_1_681' title='bbox 822 4753 913 4807; x_wconf 90' lang='lat' dir='ltr'><strong>per</strong></span> <span class='ocrx_word' id='word_1_682' title='bbox 936 4737 1260 4806; x_wconf 89' lang='lat' dir='ltr'><strong>prophetiam</strong></span> <span class='ocrx_word' id='word_1_683' title='bbox 1290 4734 1621 4796; x_wconf 84' lang='lat' dir='ltr'><strong>enuntiatur,</strong></span> <span class='ocrx_word' id='word_1_684' title='bbox 1651 4735 1876 4790; x_wconf 78' lang='lat' dir='ltr'><strong>adscivit</strong></span> <span class='ocrx_word' id='word_1_685' title='bbox 1913 4738 2012 4791; x_wconf 86' lang='lat' dir='ltr'><strong>sibi</strong></span> <span class='ocrx_word' id='word_1_686' title='bbox 2046 4752 2213 4808; x_wconf 70' lang='lat' dir='ltr'><strong>pop“-</strong></span> 
     </span>
    </p>
   </div>
   <div class='ocr_carea' id='block_1_93' title="bbox 702 4823 2217 4896">
    <p class='ocr_par' dir='ltr' id='par_1_93' title="bbox 702 4823 2217 4896">
     <span class='ocr_line' id='line_1_93' title="bbox 702 4823 2217 4896; baseline -0.003 -14"><span class='ocrx_word' id='word_1_687' title='bbox 702 4827 870 4882; x_wconf 88' lang='lat' dir='ltr'><strong>lorum</strong></span> <span class='ocrx_word' id='word_1_688' title='bbox 898 4840 1238 4896; x_wconf 74' lang='lat' dir='ltr'><strong>synagogam,</strong></span> <span class='ocrx_word' id='word_1_689' title='bbox 1266 4827 1322 4878; x_wconf 89' lang='lat' dir='ltr'><strong>in</strong></span> <span class='ocrx_word' id='word_1_690' title='bbox 1351 4831 1492 4879; x_wconf 89' lang='lat' dir='ltr'><strong>terra</strong></span> <span class='ocrx_word' id='word_1_691' title='bbox 1525 4838 1589 4877; x_wconf 81' lang='lat' dir='ltr'><strong>ex</strong></span> <span class='ocrx_word' id='word_1_692' title='bbox 1618 4823 1915 4882; x_wconf 77' lang='lat' dir='ltr'><strong>infantibus</strong></span> <span class='ocrx_word' id='word_1_693' title='bbox 1933 4836 1987 4883; x_wconf 89' lang='lat' dir='ltr'><strong>et</strong></span> <span class='ocrx_word' id='word_1_694' title='bbox 2011 4831 2217 4883; x_wconf 81' lang='lat' dir='ltr'><strong>lacten-</strong></span> 
     </span>
    </p>
   </div>
   <div class='ocr_carea' id='block_1_94' title="bbox 699 4918 1137 4988">
    <p class='ocr_par' dir='ltr' id='par_1_94' title="bbox 699 4918 1137 4988">
     <span class='ocr_line' id='line_1_94' title="bbox 699 4918 1137 4988; baseline -0.007 -18"><span class='ocrx_word' id='word_1_695' title='bbox 699 4918 844 4973; x_wconf 79' lang='lat' dir='ltr'><strong>tibus</strong></span> <span class='ocrx_word' id='word_1_696' title='bbox 872 4924 1109 4988; x_wconf 85' lang='lat' dir='ltr'><strong>paratam</strong></span> <span class='ocrx_word' id='word_1_697' title='bbox 1124 4962 1137 4975; x_wconf 84' lang='grc'><strong>,</strong></span> 
     </span>
    </p>
   </div>
   <div class='ocr_carea' id='block_1_95' title="bbox 768 4992 2285 5078">
    <p class='ocr_par' dir='ltr' id='par_1_95' title="bbox 768 4992 2285 5078">
     <span class='ocr_line' id='line_1_95' title="bbox 768 4992 2285 5078; baseline 0.001 -19"><span class='ocrx_word' id='word_1_698' title='bbox 768 4998 928 5061; x_wconf 67' lang='lat' dir='ltr'><strong>Vens.</strong></span> <span class='ocrx_word' id='word_1_699' title='bbox 963 5008 1017 5070; x_wconf 71' lang='grc'>4,</span> <span class='ocrx_word' id='word_1_700' title='bbox 1051 5006 1104 5060; x_wconf 84' lang='grc'>5.</span> <span class='ocrx_word' id='word_1_701' title='bbox 1135 5005 1391 5070; x_wconf 77' lang='lat' dir='ltr'><strong>Quoniam</strong></span> <span class='ocrx_word' id='word_1_702' title='bbox 1415 5006 1591 5071; x_wconf 73' lang='lat' dir='ltr'><strong>ridebo</strong></span> <span class='ocrx_word' id='word_1_703' title='bbox 1619 4992 1793 5070; x_wconf 66' lang='lat' dir='ltr'><strong>casias,</strong></span> <span class='ocrx_word' id='word_1_704' title='bbox 1822 5023 1974 5075; x_wconf 85' lang='lat' dir='ltr'><strong>opera</strong></span> <span class='ocrx_word' id='word_1_705' title='bbox 2022 5009 2212 5078; x_wconf 82' lang='lat' dir='ltr'><strong>digito-</strong></span> <span class='ocrx_word' id='word_1_706' title='bbox 2284 5052 2285 5055; x_wconf 53' lang='grc' dir='ltr'><strong>η</strong></span> 
     </span>
    </p>
   </div>
   <div class='ocr_carea' id='block_1_96' title="bbox 2313 4561 3821 4635">
    <p class='ocr_par' dir='ltr' id='par_1_96' title="bbox 2313 4561 3821 4635">
     <span class='ocr_line' id='line_1_96' title="bbox 2313 4561 3821 4635; baseline 0.002 -23"><span class='ocrx_word' id='word_1_707' title='bbox 2313 4561 2773 4630; x_wconf 83' lang='grc' dir='ltr'>ἀναγεννωμένους</span> <span class='ocrx_word' id='word_1_708' title='bbox 2796 4564 2851 4612; x_wconf 79' lang='grc' dir='ltr'>ἐν</span> <span class='ocrx_word' id='word_1_709' title='bbox 2871 4563 3085 4635; x_wconf 84' lang='grc' dir='ltr'>Χριστῷ</span> <span class='ocrx_word' id='word_1_710' title='bbox 3111 4563 3286 4626; x_wconf 83' lang='grc' dir='ltr'>λαούς.</span> <span class='ocrx_word' id='word_1_711' title='bbox 3304 4564 3396 4626; x_wconf 75' lang='grc' dir='ltr'><strong>Εἰς</strong></span> <span class='ocrx_word' id='word_1_712' title='bbox 3424 4563 3555 4632; x_wconf 74' lang='grc' dir='ltr'>ὕψος</span> <span class='ocrx_word' id='word_1_713' title='bbox 3578 4563 3681 4633; x_wconf 75' lang='grc' dir='ltr'><strong>γὰρ</strong></span> <span class='ocrx_word' id='word_1_714' title='bbox 3706 4563 3821 4615; x_wconf 83' lang='grc' dir='ltr'>ἀνα-</span> 
     </span>
    </p>
   </div>
   <div class='ocr_carea' id='block_1_97' title="bbox 2314 4648 3824 4725">
    <p class='ocr_par' dir='ltr' id='par_1_97' title="bbox 2314 4648 3824 4725">
     <span class='ocr_line' id='line_1_97' title="bbox 2314 4648 3824 4725; baseline 0.002 -25"><span class='ocrx_word' id='word_1_715' title='bbox 2314 4648 2411 4712; x_wconf 77' lang='grc' dir='ltr'>ϐὰς</span> <span class='ocrx_word' id='word_1_716' title='bbox 2446 4651 2577 4719; x_wconf 84' lang='grc' dir='ltr'>μετὰ</span> <span class='ocrx_word' id='word_1_717' title='bbox 2605 4649 2701 4720; x_wconf 77' lang='grc' dir='ltr'>τὴν</span> <span class='ocrx_word' id='word_1_718' title='bbox 2732 4653 2810 4714; x_wconf 76' lang='grc' dir='ltr'>εἰς</span> <span class='ocrx_word' id='word_1_719' title='bbox 2838 4655 3053 4725; x_wconf 81' lang='grc' dir='ltr'>οὐρανὸν</span> <span class='ocrx_word' id='word_1_720' title='bbox 3077 4656 3150 4725; x_wconf 79' lang='grc'><strong>(1)</strong></span> <span class='ocrx_word' id='word_1_721' title='bbox 3178 4653 3417 4716; x_wconf 85' lang='grc' dir='ltr'>κάθοδον,</span> <span class='ocrx_word' id='word_1_722' title='bbox 3451 4656 3480 4706; x_wconf 86' lang='grc' dir='ltr'><strong><em>ὁ</em></strong></span> <span class='ocrx_word' id='word_1_723' title='bbox 3502 4652 3589 4706; x_wconf 83' lang='grc' dir='ltr'>διὰ</span> <span class='ocrx_word' id='word_1_724' title='bbox 3610 4653 3824 4722; x_wconf 80' lang='grc' dir='ltr'>τῆςπρο-</span> 
     </span>
    </p>
   </div>
   <div class='ocr_carea' id='block_1_98' title="bbox 2315 4740 3913 4815">
    <p class='ocr_par' dir='ltr' id='par_1_98' title="bbox 2315 4740 3913 4815">
     <span class='ocr_line' id='line_1_98' title="bbox 2315 4740 3913 4815; baseline 0.003 -24"><span class='ocrx_word' id='word_1_725' title='bbox 2315 4741 2532 4809; x_wconf 80' lang='grc' dir='ltr'>φητείας</span> <span class='ocrx_word' id='word_1_726' title='bbox 2546 4740 2946 4811; x_wconf 65' lang='grc' dir='ltr'>ωριστὼμενος</span> <span class='ocrx_word' id='word_1_727' title='bbox 2972 4744 3168 4815; x_wconf 82' lang='grc' dir='ltr'>Κύριος</span> <span class='ocrx_word' id='word_1_728' title='bbox 3185 4744 3539 4814; x_wconf 83' lang='grc' dir='ltr'>κατηρτίσατο</span> <span class='ocrx_word' id='word_1_729' title='bbox 3568 4740 3728 4810; x_wconf 75' lang='grc' dir='ltr'>ἑαυτῷ</span> <span class='ocrx_word' id='word_1_730' title='bbox 3744 4743 3823 4795; x_wconf 70' lang='grc' dir='ltr'><strong>ἐπὶ</strong></span> <span class='ocrx_word' id='word_1_731' title='bbox 3912 4762 3913 4815; x_wconf 49' lang='lat' dir='ltr'><strong>l</strong></span> 
     </span>
    </p>
   </div>
   <div class='ocr_carea' id='block_1_99' title="bbox 2322 4824 3824 4903">
    <p class='ocr_par' dir='ltr' id='par_1_99' title="bbox 2322 4824 3824 4903">
     <span class='ocr_line' id='line_1_99' title="bbox 2322 4824 3824 4903; baseline -0.005 -12"><span class='ocrx_word' id='word_1_732' title='bbox 2322 4828 2416 4896; x_wconf 81' lang='grc' dir='ltr'>τῆς</span> <span class='ocrx_word' id='word_1_733' title='bbox 2433 4830 2532 4898; x_wconf 84' lang='grc' dir='ltr'><strong>γῆς</strong></span> <span class='ocrx_word' id='word_1_734' title='bbox 2550 4829 2644 4899; x_wconf 82' lang='grc' dir='ltr'>τὴν</span> <span class='ocrx_word' id='word_1_735' title='bbox 2669 4829 2772 4883; x_wconf 84' lang='grc' dir='ltr'>τῶν</span> <span class='ocrx_word' id='word_1_736' title='bbox 2799 4830 2941 4886; x_wconf 86' lang='grc' dir='ltr'>λαῶν</span> <span class='ocrx_word' id='word_1_737' title='bbox 2964 4833 3292 4903; x_wconf 82' lang='grc' dir='ltr'>συναγωγὴν,</span> <span class='ocrx_word' id='word_1_738' title='bbox 3313 4835 3378 4886; x_wconf 82' lang='grc' dir='ltr'>ὲκ</span> <span class='ocrx_word' id='word_1_739' title='bbox 3406 4831 3610 4903; x_wconf 83' lang='grc' dir='ltr'>νηπίων</span> <span class='ocrx_word' id='word_1_740' title='bbox 3628 4824 3721 4885; x_wconf 71' lang='grc' dir='ltr'><strong>καὶ</strong></span> <span class='ocrx_word' id='word_1_741' title='bbox 3746 4831 3824 4903; x_wconf 66' lang='lat'><strong>01;-</strong></span> 
     </span>
    </p>
   </div>
   <div class='ocr_carea' id='block_1_100' title="bbox 2322 4916 3913 4993">
    <p class='ocr_par' dir='ltr' id='par_1_100' title="bbox 2322 4916 3913 4993">
     <span class='ocr_line' id='line_1_100' title="bbox 2322 4916 3913 4993; baseline 0.007 -23"><span class='ocrx_word' id='word_1_742' title='bbox 2322 4916 2580 4980; x_wconf 80' lang='grc' dir='ltr'>λαζόντων</span> <span class='ocrx_word' id='word_1_743' title='bbox 2606 4919 2770 4992; x_wconf 81' lang='grc' dir='ltr'>αὐτὴν</span> <span class='ocrx_word' id='word_1_744' title='bbox 2803 4923 3214 4993; x_wconf 80' lang='grc' dir='ltr'>συστησάμενος.</span> <span class='ocrx_word' id='word_1_745' title='bbox 3912 4916 3913 4973; x_wconf 69' lang='lat' dir='ltr'><strong>l</strong></span> 
     </span>
    </p>
   </div>
   <div class='ocr_carea' id='block_1_101' title="bbox 2390 5008 3913 5083">
    <p class='ocr_par' dir='ltr' id='par_1_101' title="bbox 2390 5008 3913 5083">
     <span class='ocr_line' id='line_1_101' title="bbox 2390 5008 3913 5083; baseline 0.001 -18"><span class='ocrx_word' id='word_1_746' title='bbox 2390 5008 2507 5065; x_wconf 83' lang='grc' dir='ltr'><strong>’Ὁτι</strong></span> <span class='ocrx_word' id='word_1_747' title='bbox 2535 5008 2747 5083; x_wconf 72' lang='grc' dir='ltr'>ὄψομαι</span> <span class='ocrx_word' id='word_1_748' title='bbox 2779 5013 2917 5078; x_wconf 82' lang='grc' dir='ltr'>τοὺς</span> <span class='ocrx_word' id='word_1_749' title='bbox 2935 5013 3220 5080; x_wconf 84' lang='grc' dir='ltr'>οὐρανοὺς</span> <span class='ocrx_word' id='word_1_750' title='bbox 3244 5012 3385 5081; x_wconf 70' lang='grc' dir='ltr'>ἔργα</span> <span class='ocrx_word' id='word_1_751' title='bbox 3400 5011 3520 5066; x_wconf 83' lang='grc' dir='ltr'>τῶν</span> <span class='ocrx_word' id='word_1_752' title='bbox 3538 5012 3823 5066; x_wconf 68' lang='grc' dir='ltr'>δακτύλων</span> <span class='ocrx_word' id='word_1_753' title='bbox 3912 5030 3913 5037; x_wconf 68' lang='lat'>‘</span> 
     </span>
    </p>
   </div>
   <div class='ocr_carea' id='block_1_102' title="bbox 664 5097 2217 5171">
    <p class='ocr_par' dir='ltr' id='par_1_102' title="bbox 664 5097 2212 5169">
     <span class='ocr_line' id='line_1_102' title="bbox 664 5097 2212 5169; baseline 0.003 -24"><span class='ocrx_word' id='word_1_754' title='bbox 664 5106 667 5109; x_wconf 86' lang='lat'>&#39;</span> <span class='ocrx_word' id='word_1_755' title='bbox 695 5113 817 5149; x_wconf 85' lang='lat' dir='ltr'><strong>.rum</strong></span> <span class='ocrx_word' id='word_1_756' title='bbox 850 5106 1069 5159; x_wconf 85' lang='lat' dir='ltr'><strong>tuorum,</strong></span> <span class='ocrx_word' id='word_1_757' title='bbox 1091 5097 1265 5149; x_wconf 77' lang='lat' dir='ltr'><strong>lunam</strong></span> <span class='ocrx_word' id='word_1_758' title='bbox 1293 5107 1341 5149; x_wconf 91' lang='lat' dir='ltr'><strong>et</strong></span> <span class='ocrx_word' id='word_1_759' title='bbox 1369 5097 1547 5151; x_wconf 81' lang='lat' dir='ltr'><strong>stellas</strong></span> <span class='ocrx_word' id='word_1_760' title='bbox 1568 5114 1685 5169; x_wconf 65' lang='lat' dir='ltr'><strong>qua</strong></span> <span class='ocrx_word' id='word_1_761' title='bbox 1716 5107 1771 5151; x_wconf 84' lang='lat' dir='ltr'><strong>tu</strong></span> <span class='ocrx_word' id='word_1_762' title='bbox 1793 5099 2047 5167; x_wconf 78' lang='lat' dir='ltr'><strong>fundasti.</strong></span> <span class='ocrx_word' id='word_1_763' title='bbox 2076 5098 2212 5163; x_wconf 84' lang='lat' dir='ltr'><strong>Quid</strong></span> 
     </span>
    </p>
   </div>
   <div class='ocr_carea' id='block_1_103' title="bbox 2317 5097 3913 5171">
    <p class='ocr_par' dir='ltr' id='par_1_103' title="bbox 2318 5098 3913 5171">
     <span class='ocr_line' id='line_1_103' title="bbox 2318 5098 3913 5171; baseline 0.004 -22"><span class='ocrx_word' id='word_1_764' title='bbox 2318 5110 2451 5160; x_wconf 89' lang='grc' dir='ltr'>σου,</span> <span class='ocrx_word' id='word_1_765' title='bbox 2480 5098 2744 5168; x_wconf 77' lang='grc' dir='ltr'>σελήνην</span> <span class='ocrx_word' id='word_1_766' title='bbox 2778 5103 2873 5156; x_wconf 79' lang='grc' dir='ltr'>καὶ</span> <span class='ocrx_word' id='word_1_767' title='bbox 2904 5101 3155 5171; x_wconf 81' lang='grc' dir='ltr'>ἀστέρας</span> <span class='ocrx_word' id='word_1_768' title='bbox 3183 5102 3221 5154; x_wconf 87' lang='lat' dir='ltr'><strong>d</strong></span> <span class='ocrx_word' id='word_1_769' title='bbox 3243 5102 3324 5155; x_wconf 84' lang='grc' dir='ltr'>σὺ</span> <span class='ocrx_word' id='word_1_770' title='bbox 3348 5101 3741 5170; x_wconf 77' lang='grc' dir='ltr'>ἐθεμελίωσας.</span> <span class='ocrx_word' id='word_1_771' title='bbox 3770 5102 3824 5153; x_wconf 82' lang='grc' dir='ltr'>Τί</span> <span class='ocrx_word' id='word_1_772' title='bbox 3912 5108 3913 5169; x_wconf 60' lang='lat' dir='ltr'><strong>l</strong></span> 
     </span>
    </p>
   </div>
   <div class='ocr_carea' id='block_1_104' title="bbox 637 5184 2217 5261">
    <p class='ocr_par' dir='ltr' id='par_1_104' title="bbox 637 5189 2216 5260">
     <span class='ocr_line' id='line_1_104' title="bbox 637 5189 2216 5260; baseline 0.001 -17"><span class='ocrx_word' id='word_1_773' title='bbox 637 5224 640 5227; x_wconf 62' lang='grc' dir='ltr'><strong>τ</strong></span> <span class='ocrx_word' id='word_1_774' title='bbox 702 5199 776 5243; x_wconf 82' lang='lat' dir='ltr'><strong>est</strong></span> <span class='ocrx_word' id='word_1_775' title='bbox 796 5189 943 5243; x_wconf 82' lang='lat' dir='ltr'><strong>homo</strong></span> <span class='ocrx_word' id='word_1_776' title='bbox 974 5190 1107 5259; x_wconf 87' lang='lat' dir='ltr'><strong>quod</strong></span> <span class='ocrx_word' id='word_1_777' title='bbox 1157 5205 1350 5243; x_wconf 85' lang='lat' dir='ltr'><strong>memor</strong></span> <span class='ocrx_word' id='word_1_778' title='bbox 1397 5206 1450 5243; x_wconf 92' lang='lat' dir='ltr'><strong>es</strong></span> <span class='ocrx_word' id='word_1_779' title='bbox 1491 5192 1621 5260; x_wconf 86' lang='lat' dir='ltr'><strong>ejus,</strong></span> <span class='ocrx_word' id='word_1_780' title='bbox 1666 5200 1759 5245; x_wconf 84' lang='lat' dir='ltr'><strong>aut</strong></span> <span class='ocrx_word' id='word_1_781' title='bbox 1806 5193 1947 5260; x_wconf 82' lang='lat' dir='ltr'><strong>ﬁlius</strong></span> <span class='ocrx_word' id='word_1_782' title='bbox 1996 5192 2216 5248; x_wconf 80' lang='lat' dir='ltr'><strong>hominis</strong></span> 
     </span>
    </p>
   </div>
   <div class='ocr_carea' id='block_1_105' title="bbox 2317 5184 3913 5261">
    <p class='ocr_par' dir='ltr' id='par_1_105' title="bbox 2317 5184 3913 5261">
     <span class='ocr_line' id='line_1_105' title="bbox 2317 5184 3913 5261; baseline 0.013 -21"><span class='ocrx_word' id='word_1_783' title='bbox 2317 5188 2480 5241; x_wconf 82' lang='grc' dir='ltr'>ἐστιν</span> <span class='ocrx_word' id='word_1_784' title='bbox 2514 5189 2832 5258; x_wconf 77' lang='grc' dir='ltr'>ἄνθρωπος,</span> <span class='ocrx_word' id='word_1_785' title='bbox 2855 5191 2943 5245; x_wconf 83' lang='grc' dir='ltr'><strong>ὅτι</strong></span> <span class='ocrx_word' id='word_1_786' title='bbox 2960 5193 3264 5261; x_wconf 73' lang='grc' dir='ltr'>μιμνήσκῃ</span> <span class='ocrx_word' id='word_1_787' title='bbox 3284 5192 3500 5257; x_wconf 81' lang='grc' dir='ltr'><strong>αὐτοῦ;</strong></span> <span class='ocrx_word' id='word_1_788' title='bbox 3530 5193 3568 5261; x_wconf 78' lang='grc' dir='ltr'><strong>ἢ</strong></span> <span class='ocrx_word' id='word_1_789' title='bbox 3591 5193 3708 5259; x_wconf 71' lang='grc' dir='ltr'><strong>υἱὸς</strong></span> <span class='ocrx_word' id='word_1_790' title='bbox 3729 5192 3822 5245; x_wconf 69' lang='grc' dir='ltr'><strong>ἀν·</strong></span> 
     </span>
    </p>
   </div>
   <div class='ocr_carea' id='block_1_106' title="bbox 701 5268 2217 5353">
    <p class='ocr_par' dir='ltr' id='par_1_106' title="bbox 701 5270 2213 5353">
     <span class='ocr_line' id='line_1_106' title="bbox 701 5270 2213 5353; baseline 0.002 -23"><span class='ocrx_word' id='word_1_791' title='bbox 701 5280 943 5350; x_wconf 83' lang='lat' dir='ltr'><strong>quoniam</strong></span> <span class='ocrx_word' id='word_1_792' title='bbox 982 5281 1163 5333; x_wconf 65' lang='lat' dir='ltr'><strong>vis’itas</strong></span> <span class='ocrx_word' id='word_1_793' title='bbox 1203 5270 1356 5335; x_wconf 26' lang='lat' dir='ltr'><strong>eum“?</strong></span> <span class='ocrx_word' id='word_1_794' title='bbox 1414 5279 1652 5346; x_wconf 83' lang='lat' dir='ltr'><strong>Etiamsi,</strong></span> <span class='ocrx_word' id='word_1_795' title='bbox 1701 5283 1897 5353; x_wconf 86' lang='lat' dir='ltr'><strong>inquit,</strong></span> <span class='ocrx_word' id='word_1_796' title='bbox 1945 5283 2213 5337; x_wconf 89' lang='lat' dir='ltr'><strong>mirabilia</strong></span> 
     </span>
    </p>
   </div>
   <div class='ocr_carea' id='block_1_107' title="bbox 2317 5268 3913 5353">
    <p class='ocr_par' dir='ltr' id='par_1_107' title="bbox 2317 5268 3913 5353">
     <span class='ocr_line' id='line_1_107' title="bbox 2317 5268 3913 5353; baseline 0.006 -24"><span class='ocrx_word' id='word_1_797' title='bbox 2317 5276 2561 5343; x_wconf 83' lang='grc' dir='ltr'>θρώπου,</span> <span class='ocrx_word' id='word_1_798' title='bbox 2585 5280 2673 5333; x_wconf 82' lang='grc' dir='ltr'><strong>ὅτι</strong></span> <span class='ocrx_word' id='word_1_799' title='bbox 2709 5281 3032 5353; x_wconf 77' lang='grc' dir='ltr'>ἐπισκέπτῃ</span> <span class='ocrx_word' id='word_1_800' title='bbox 3070 5268 3285 5345; x_wconf 57' lang='lat' dir='ltr'><strong>miror;</strong></span> <span class='ocrx_word' id='word_1_801' title='bbox 3326 5281 3389 5335; x_wconf 80' lang='grc' dir='ltr'><strong>Εἰ</strong></span> <span class='ocrx_word' id='word_1_802' title='bbox 3430 5284 3522 5336; x_wconf 78' lang='grc' dir='ltr'>καὶ</span> <span class='ocrx_word' id='word_1_803' title='bbox 3565 5278 3823 5351; x_wconf 66' lang='grc' dir='ltr'>θαυμαστά</span> 
     </span>
    </p>
   </div>
   <div class='ocr_carea' id='block_1_108' title="bbox 704 5356 2217 5445">
    <p class='ocr_par' dir='ltr' id='par_1_108' title="bbox 704 5368 2211 5445">
     <span class='ocr_line' id='line_1_108' title="bbox 704 5368 2211 5445; baseline -0.001 -23"><span class='ocrx_word' id='word_1_804' title='bbox 704 5374 829 5422; x_wconf 77' lang='lat' dir='ltr'><strong>sunt</strong></span> <span class='ocrx_word' id='word_1_805' title='bbox 847 5368 1051 5436; x_wconf 84' lang='lat' dir='ltr'><strong>opitlcia</strong></span> <span class='ocrx_word' id='word_1_806' title='bbox 1077 5379 1191 5433; x_wconf 88' lang='lat' dir='ltr'><strong>tua,</strong></span> <span class='ocrx_word' id='word_1_807' title='bbox 1219 5368 1412 5423; x_wconf 72' lang='lat' dir='ltr'><strong>ccelum</strong></span> <span class='ocrx_word' id='word_1_808' title='bbox 1438 5375 1492 5422; x_wconf 90' lang='lat' dir='ltr'><strong>et</strong></span> <span class='ocrx_word' id='word_1_809' title='bbox 1514 5385 1633 5445; x_wconf 64' lang='lat' dir='ltr'><strong>qua</strong></span> <span class='ocrx_word' id='word_1_810' title='bbox 1654 5371 1707 5424; x_wconf 92' lang='lat' dir='ltr'><strong>in</strong></span> <span class='ocrx_word' id='word_1_811' title='bbox 1731 5386 1796 5425; x_wconf 87' lang='lat' dir='ltr'><strong>eo</strong></span> <span class='ocrx_word' id='word_1_812' title='bbox 1833 5381 1979 5437; x_wconf 86' lang='lat' dir='ltr'><strong>sunt,</strong></span> <span class='ocrx_word' id='word_1_813' title='bbox 2008 5384 2125 5439; x_wconf 69' lang='lat' dir='ltr'><strong>quae</strong></span> <span class='ocrx_word' id='word_1_814' title='bbox 2151 5376 2211 5421; x_wconf 87' lang='lat' dir='ltr'><strong>tu</strong></span> 
     </span>
    </p>
   </div>
   <div class='ocr_carea' id='block_1_109' title="bbox 2317 5356 3913 5445">
    <p class='ocr_par' dir='ltr' id='par_1_109' title="bbox 2317 5356 3913 5445">
     <span class='ocr_line' id='line_1_109' title="bbox 2317 5356 3913 5445; baseline 0 -22"><span class='ocrx_word' id='word_1_815' title='bbox 2317 5383 2426 5430; x_wconf 83' lang='grc' dir='ltr'>σου,</span> <span class='ocrx_word' id='word_1_816' title='bbox 2461 5369 2623 5439; x_wconf 64' lang='grc' dir='ltr'>φησι,</span> <span class='ocrx_word' id='word_1_817' title='bbox 2649 5372 3090 5444; x_wconf 81' lang='grc' dir='ltr'>δημιουργήματα</span> <span class='ocrx_word' id='word_1_818' title='bbox 3125 5372 3342 5445; x_wconf 72' lang='grc' dir='ltr'>οὐρανὸς</span> <span class='ocrx_word' id='word_1_819' title='bbox 3375 5374 3466 5427; x_wconf 72' lang='grc' dir='ltr'>καὶ</span> <span class='ocrx_word' id='word_1_820' title='bbox 3493 5375 3563 5427; x_wconf 73' lang='grc' dir='ltr'>τὰ</span> <span class='ocrx_word' id='word_1_821' title='bbox 3605 5375 3655 5425; x_wconf 76' lang='grc' dir='ltr'>ἐν</span> <span class='ocrx_word' id='word_1_822' title='bbox 3686 5366 3821 5438; x_wconf 72' lang='grc' dir='ltr'>αὐτῷ</span> 
     </span>
    </p>
   </div>
   <div class='ocr_carea' id='block_1_110' title="bbox 702 5456 2217 5541">
    <p class='ocr_par' dir='ltr' id='par_1_110' title="bbox 702 5457 2208 5541">
     <span class='ocr_line' id='line_1_110' title="bbox 702 5457 2208 5541; baseline -0.002 -29"><span class='ocrx_word' id='word_1_823' title='bbox 702 5457 935 5513; x_wconf 74' lang='lat' dir='ltr'><strong>fundasti</strong></span> <span class='ocrx_word' id='word_1_824' title='bbox 958 5465 1016 5511; x_wconf 89' lang='lat' dir='ltr'><strong>ut</strong></span> <span class='ocrx_word' id='word_1_825' title='bbox 1041 5474 1135 5527; x_wconf 87' lang='lat' dir='ltr'><strong>per</strong></span> <span class='ocrx_word' id='word_1_826' title='bbox 1166 5474 1324 5514; x_wconf 87' lang='lat' dir='ltr'><strong>omne</strong></span> <span class='ocrx_word' id='word_1_827' title='bbox 1366 5460 1619 5541; x_wconf 72' lang='lat' dir='ltr'><strong>saeculum</strong></span> <span class='ocrx_word' id='word_1_828' title='bbox 1657 5463 2055 5523; x_wconf 86' lang='lat' dir='ltr'><strong>consisterent;</strong></span> <span class='ocrx_word' id='word_1_829' title='bbox 2086 5471 2208 5511; x_wconf 87' lang='lat' dir='ltr'><strong>nam</strong></span> 
     </span>
    </p>
   </div>
   <div class='ocr_carea' id='block_1_111' title="bbox 2317 5456 3913 5541">
    <p class='ocr_par' dir='ltr' id='par_1_111' title="bbox 2317 5457 3913 5541">
     <span class='ocr_line' id='line_1_111' title="bbox 2317 5457 3913 5541; baseline 0.007 -33"><span class='ocrx_word' id='word_1_830' title='bbox 2317 5457 2450 5529; x_wconf 75' lang='grc' dir='ltr'>Ξπερ</span> <span class='ocrx_word' id='word_1_831' title='bbox 2476 5459 2713 5530; x_wconf 74' lang='grc' dir='ltr'>ἦδρασας</span> <span class='ocrx_word' id='word_1_832' title='bbox 2748 5463 2812 5515; x_wconf 90' lang='grc' dir='ltr'>δι’</span> <span class='ocrx_word' id='word_1_833' title='bbox 2840 5464 2960 5517; x_wconf 84' lang='grc' dir='ltr'>ὅλου</span> <span class='ocrx_word' id='word_1_834' title='bbox 2986 5464 3086 5518; x_wconf 78' lang='grc' dir='ltr'><strong>τοῦ</strong></span> <span class='ocrx_word' id='word_1_835' title='bbox 3108 5462 3300 5527; x_wconf 74' lang='grc' dir='ltr'>αἰῶνος</span> <span class='ocrx_word' id='word_1_836' title='bbox 3329 5463 3551 5520; x_wconf 73' lang='grc' dir='ltr'>ἑστάναι</span> <span class='ocrx_word' id='word_1_837' title='bbox 3570 5479 3584 5493; x_wconf 74' lang='grc' dir='ltr'><strong>ο</strong></span> <span class='ocrx_word' id='word_1_838' title='bbox 3609 5460 3815 5527; x_wconf 71' lang='grc' dir='ltr'>ἔστησε</span> <span class='ocrx_word' id='word_1_839' title='bbox 3912 5514 3913 5541; x_wconf 20' lang='lat'>1</span> 
     </span>
    </p>
   </div>
   <div class='ocr_carea' id='block_1_112' title="bbox 767 5558 2725 5662">
    <p class='ocr_par' dir='ltr' id='par_1_112' title="bbox 767 5558 2725 5662">
     <span class='ocr_line' id='line_1_112' title="bbox 767 5558 2725 5662; baseline 0.014 -34"><span class='ocrx_word' id='word_1_840' title='bbox 767 5596 811 5628; x_wconf 75' lang='grc' dir='ltr'>ο.</span> <span class='ocrx_word' id='word_1_841' title='bbox 846 5593 983 5649; x_wconf 57' lang='grc' dir='ltr'>νεαι,</span> <span class='ocrx_word' id='word_1_842' title='bbox 1019 5596 1248 5657; x_wconf 65' lang='grc' dir='ltr'>ιιιιιιι,</span> <span class='ocrx_word' id='word_1_843' title='bbox 1271 5590 1398 5662; x_wconf 73' lang='lat'><strong>2,5,</strong></span> <span class='ocrx_word' id='word_1_844' title='bbox 1433 5593 1479 5627; x_wconf 76' lang='grc' dir='ltr'>ιι</span> <span class='ocrx_word' id='word_1_845' title='bbox 1516 5593 1644 5650; x_wconf 88' lang='lat' dir='ltr'><strong>ibid.</strong></span> <span class='ocrx_word' id='word_1_846' title='bbox 1676 5595 1736 5655; x_wconf 79' lang='grc' dir='ltr'><strong>ι,</strong></span> <span class='ocrx_word' id='word_1_847' title='bbox 1805 5596 1851 5627; x_wconf 73' lang='grc' dir='ltr'><strong>ι·</strong></span> <span class='ocrx_word' id='word_1_848' title='bbox 1888 5592 2072 5648; x_wconf 73' lang='lat' dir='ltr'><strong>Matth.</strong></span> <span class='ocrx_word' id='word_1_849' title='bbox 2104 5606 2229 5658; x_wconf 71' lang='grc' dir='ltr'>ιιι,</span> <span class='ocrx_word' id='word_1_850' title='bbox 2265 5590 2317 5646; x_wconf 88' lang='lat'><strong>9.</strong></span> <span class='ocrx_word' id='word_1_851' title='bbox 2392 5558 2604 5653; x_wconf 42' lang='lat' dir='ltr'><strong>&quot;.ibid.</strong></span> <span class='ocrx_word' id='word_1_852' title='bbox 2645 5599 2725 5655; x_wconf 88' lang='lat' dir='ltr'><strong>l6.</strong></span> 
     </span>
    </p>
   </div>
   <div class='ocr_carea' id='block_1_113' title="bbox 736 5686 1199 5783">
    <p class='ocr_par' dir='ltr' id='par_1_113' title="bbox 736 5686 1199 5783">
     <span class='ocr_line' id='line_1_113' title="bbox 736 5686 1199 5783; baseline 0.009 -20"><span class='ocrx_word' id='word_1_853' title='bbox 736 5773 744 5779; x_wconf 34' lang='grc' dir='ltr'><strong>η</strong></span> <span class='ocrx_word' id='word_1_854' title='bbox 769 5710 843 5783; x_wconf 75' lang='grc'><strong>(1)</strong></span> <span class='ocrx_word' id='word_1_855' title='bbox 870 5708 1028 5765; x_wconf 82' lang='lat' dir='ltr'><strong>Forte</strong></span> <span class='ocrx_word' id='word_1_856' title='bbox 1052 5686 1199 5775; x_wconf 65' lang='grc' dir='ltr'>ᾅδηνξ</span> 
     </span>
    </p>
   </div>
  </div>
