3928 6336
687 418 779 471 151

1374 413 1636 469 EUSEBII
1675 414 2147 471 CESARIENSIS
2177 415 2326 473 OPP.
2366 414 2544 470 PARS
2579 413 2669 470 Ill.
2698 446 2766 457 —-
2788 412 3191 471 EXEGETICA.

3776 415 3864 468 132

683 533 755 587 lic
782 533 1109 589 constitutus
1140 531 1303 586 fuerit
1346 548 1511 603 super
1558 548 1723 603 opera
1778 550 2037 590 manuum
2089 535 2229 604 ejus,

2342 534 2613 603 ἱσάγγελος
2645 533 2931 587 ἀπόκειται
2963 537 3075 596 τοῖς
3106 530 3411 603 ἀνθρώποις
3434 508 3493 585 ἐν
3516 530 3745 603 οὐρανῷ,
3766 517 3867 584 ἐκεῖ

682 623 850 679 oculos
879 630 933 677 et
980 624 1162 675 omnia
1194 623 1400 691 quaein
1446 623 1528 677 eis
1572 630 1701 679 sunt
1758 624 2229 695 contemplabitur.

685 714 880 768 Beatus
907 722 1085 772 autem
1115 712 1316 768 Paulus
1348 714 1451 767 hoc
1478 714 1546 768 de
1582 712 1863 770 Salvatore
1896 718 2123 785 accepit,
2156 725 2237 769 ut-

608 818 619 823 "
684 811 808 872 pote
848 802 992 873 quod
1046 801 1148 870 ipsi
1196 801 1253 854 in
1301 800 1484 855 futuro
1525 803 1724 858 saeculo
1753 802 2111 858 obventurum
2143 803 2234 861 sit.

679 894 1020 965 Quapropter
1050 894 1125 946 ait
1156 893 1233 946 illi
1260 891 1421 946 Pater
1447 910 1461 946 :
1495 890 1630 948 Sede
1656 910 1690 946 a
1735 892 1936 948 dextris
1973 895 2122 958 meis,
2149 894 2241 948 do.

683 999 771 1035 nec
797 996 987 1049 ponam
1010 982 1246 1043 inimicos
1267 992 1382 1035 tuos
1410 980 1694 1036 scabellurn
1717 982 1905 1051 pedum
1934 992 2139 1038 tuorum
2168 985 2234 1041 “.

1108 1172 1426 1229 PSALMUS
1462 1170 1669 1226 osvm
1704 1172 1798 1228 IX.
1855 1159 1864 1169 ‘

994 1268 1039 1319 Ι.
1070 1267 1136 1320 In
1162 1268 1316 1336 ﬁnem
1354 1283 1447 1336 pro
1480 1265 1695 1319 occultis
1722 1264 1874 1320 Filii.

753 1357 919 1412 Multa
952 1370 1107 1415 erant
1134 1374 1255 1429 quae
1286 1360 1402 1429 ipse
1428 1357 1643 1413 occulte
1682 1364 1985 1428 peregerat,
2016 1372 2240 1426 genera-

682 1453 758 1506 tio
793 1452 1000 1507 scilicet
1026 1446 1098 1506 ex
1131 1450 1351 1520 Virgine
1382 1450 1680 1506 secundum
1712 1463 1932 1503 carnem
1980 1464 2075 1519 per
2116 1447 2242 1521 Spi-

683 1544 845 1595 ritum
875 1530 1143 1605 sanctuni,
1168 1541 1445 1611 stupendae
1476 1540 1577 1593 illae
1603 1540 1828 1595 virtutes
1856 1539 2053 1609 quibus
2076 1539 2243 1594 mira~

682 1632 810 1687 bilia
841 1633 1052 1699 edebat,
1082 1650 1230 1689 mors
1273 1633 1391 1703 ejus
1421 1642 1475 1687 et
1522 1631 1820 1687 descensus
1849 1633 1904 1687 in
1948 1631 2238 1696 infernum,

681 1740 744 1777 ac
775 1725 1104 1779 resurrectio
1131 1740 1195 1779 cx
1229 1725 1475 1780 mortuis.
1508 1724 1653 1789 Haec,
1686 1716 2141 1794 inquam,'omnia
2164 1724 2244 1778 la-

681 1824 856 1872 tenter
897 1818 965 1872 ab
1012 1819 1130 1887 ipso
1178 1826 1506 1888 perpetrata.
1552 1817 1686 1872 Nam
1737 1816 1853 1871 haec
1906 1816 2242 1886 principibus

2336 625 2607 688 καταστὰς
2638 626 2729 678 ἐπὶ
2770 625 2839 679 τὰ
2886 625 3022 696 ἔργα
3060 624 3167 678 τῶν
3211 624 3406 695 χειρῶν
3456 621 3640 687 αὐτοῦ,
3689 621 3868 693 θεωρὸς

2334 716 2574 789 οὐρανῶν
2605 718 2754 772 ἔσται
2790 719 2884 772 καὶ
2930 717 3037 775 τῶν
3078 719 3136 770 ὲν
3182 717 3381 780 αὐτοῖς.
3430 716 3486 770 '0
3523 714 3581 778 δὲ
3625 714 3867 786 μακάριος

2336 810 2544 873 Παῦλος
2587 811 2678 864 καὶ
2724 810 2881 865 τοῦτο
2928 810 3053 881 περὶ
3097 809 3189 862 τοῦ
3230 809 3479 880 Σωτῆρος
3517 806 3777 875 ἐξέλαϐεν,
3820 809 3870 860 ἐν

2302 922 2307 926 ί
2336 900 2489 954 αίῶνι
2518 899 2595 970 τῷ
2628 901 2871 971 μέλλοντι
2902 900 3281 972 γενησόμενον.
3322 899 3413 953 Διό
3453 916 3584 970 φησι
3624 898 3753 971 πρὸς
3783 900 3869 952 αὑ-

2337 992 2427 1046 τὸν
2459 995 2487 1047 ὁ
2530 993 2749 1065 Πατῖιρο
2785 992 2981 1049 Κάθου
3021 994 3107 1046 ἐκ
3133 990 3345 1057 δεξιῶν
3367 1010 3507 1062 μου,
3549 991 3657 1057 ἓως
3695 989 3767 1045 ἂν
3804 989 3872 1044 θῶ

2336 1084 2477 1152 τοὺς
2507 1085 2754 1154 ἐχθρούς
2785 1102 2898 1141 σου
2926 1084 3257 1141 ὑποπόδιον
3281 1080 3400 1137 τῶν
3426 1082 3626 1138 ποδῶν
3649 1098 3777 1143 σου.

2745 1178 3035 1232 ΨΑΔΜΟΣ
3063 1177 3150 1229 ΤΩ
3180 1175 3374 1229 ΔΔΥΙΔ
3401 1176 3479 1231 Θ’.
3514 1192 3515 1195 ‘
3756 1180 3760 1184 ‘

2442 1274 2548 1336 Εὶς
2580 1267 2647 1323 τὸ
2678 1269 2852 1335 τέλος
2880 1268 3031 1336 ὑπὲρ
3056 1264 3174 1320 τῶν
3198 1267 3463 1335 κρυφίων
3488 1266 3597 1320 τοῦ
3632 1266 3781 1322 Υιοῦ.

2409 1362 2586 1416 Πολλὰ
2627 1361 2683 1414 δὲ
2718 1357 2787 1432 ἦν
2817 1359 2965 1430 αὐτῷ
2996 1360 3063 1414 τὰ
3097 1359 3339 1431 κρυφίως
3372 1358 3732 1430 πεπραγμένα
3764 1358 3796 1429 ἦ
3828 1375 3878 1412 τε

2340 1457 2406 1508 ὲκ
2437 1454 2713 1527 Παρθένου
2754 1452 2840 1505 διὰ
2872 1451 3182 1523 Πνεύματος
3213 1449 3366 1520 ἁγίου
3389 1450 3529 1504 κατὰ
3552 1442 3735 1522 kapite
3771 1451 3879 1517 γέν-

2340 1562 2512 1617 νησις,
2544 1543 2598 1597 αἳ
2634 1560 2693 1596 τε
2737 1541 3023 1612 παράδοξοι
3055 1542 3146 1595 καὶ
3183 1540 3581 1611 Θαυματουργοὶ
3620 1539 3879 1611 δυνάμεις,

2340 1635 2368 1688 ὅ
2396 1652 2454 1688 τε
2482 1634 2705 1696 θάνατος
2741 1632 2902 1696 αὐτὸς
2932 1633 3024 1684 καὶ
3052 1634 3083 1701 ἡ
3119 1633 3199 1693 είς
3230 1630 3361 1702 ᾅδου
3395 1628 3616 1691 κάθοδος
3648 1629 3740 1682 καὶ
3768 1630 3797 1697 ἡ
3828 1630 3882 1680 ὲκ

2341 1726 2545 1799 νεκρῶν
2578 1725 2889 1788 ἀναϐίωσις.
2920 1722 3103 1777 Ταῦτα
3132 1723 3239 1794 γὰρ
3271 1720 3418 1793 αὐτῷ
3451 1720 3628 1775 πάντα
3658 1719 3885 1791 κρυφίως

2342 1821 2673 1892 πέπρακται.
2718 1815 3027 1887 Ἀπέκρυψε
3061 1814 3169 1887 γὰρ
3194 1806 3337 1867 ἀὐτὰ
3368 1815 3460 1868 καὶ
3489 1814 3612 1876 τοὺς
3642 1814 3885 1883 ἄρχοντας

680 1911 841 1980 hujus
892 1912 1079 1965 mundi
1114 1910 1433 1966 abscondita
1476 1910 1666 1964 voluit.
1724 1907 1800 1964 De
1831 1908 1917 1965 his
1954 1923 2117 1978 porro
2148 1922 2239 1964 oc-

2342 1912 2432 1965 τοῦ
2475 1910 2677 1980 κόσμου
2708 1907 2913 1962 τούτου.
2952 1907 3121 1977 ’Υπὲρ
3148 1906 3211 1978 δὴ
3244 1905 3446 1960 τούτων
3471 1904 3579 1959 τῶν
3607 1904 3840 1976 κρυφίων
3862 1903 3887 1955 ὁ

679 2004 842 2058 cultis
876 2004 951 2056 ait
979 2002 1249 2071 PrOpbeta
1279 2020 1292 2056 :

754 2094 919 2149 Vens.
949 2093 1003 2147 2.
1049 2093 1351 2164 Conﬁtebor
1391 2093 1508 2158 tibi,
1565 2092 1809 2155 Domine,
1854 2093 1910 2147 in
1941 2101 2051 2147 toto
2085 2090 2237 2145 corde

682 2202 814 2249 meo,
848 2185 1076 2240 narrabo
1104 2187 1279 2239 omnia
1312 2185 1579 2239 mirabilia
1611 2194 1723 2241 tua.
1769 2183 1979 2239 Similia
2010 2183 2126 2253 ipse
2162 2184 2238 2236 ait

680 2279 735 2331 in
768 2277 1077 2348 Evangeliis
1107 2279 1187 2333 "z
1215 2277 1515 2347 Conﬁtebor
1537 2277 1653 2343 tibi,
1675 2276 1857 2341 Pater,
1878 2275 2098 2329 Domine
2124 2274 2237 2329 cali

676 2381 727 2425 et
758 2379 928 2433 teme,
958 2371 1081 2440 quia
1129 2370 1451 2425 abscondisti
1478 2370 1588 2425 Iure
1625 2388 1657 2425 a
1688 2369 2008 2439 sapientibus
2036 2377 2086 2423 et
2111 2384 2237 2438 pru-

676 2460 939 2525 dentibus,
971 2471 1019 2515 et
1048 2464 1290 2516 recelasti
1323 2479 1386 2515 ea
1406 2462 1660 2532 parvulis.
1692 2460 1751 2515 ln
1783 2461 1994 2531 psalmo
2023 2464 2237 2530 quoquc

676 2555 744 2609 de
770 2555 1000 2610 occultis
1026 2556 1228 2625 gratias
1259 2555 1390 2624 agit,
1446 2566 1499 2611 et
1545 2561 1669 2625 post
1717 2553 2012 2625 gratiarum
2061 2556 2233 2609 actio-

676 2660 825 2708 nem,
854 2661 1015 2715 quam
1048 2661 1146 2715 pro
1174 2646 1348 2700 salute
1385 2653 1575 2701 nostra
1603 2646 1795 2712 edidit,
1826 2660 1929 2700 nos
1959 2644 2027 2701 de
2070 2646 2236 2699 mira-

678 2737 878 2791 bilibus
908 2735 1087 2792 Patris
1116 2738 1198 2793 sui
1226 2736 1546 2793 edocturum
1576 2752 1655 2802 se,
1681 2737 1748 2793 de
1767 2738 1882 2807 ipsa
1906 2735 2085 2792 Patris
2114 2753 2237 2793 con-

677 2830 1027 2899 templatione
1056 2827 1358 2894 exsultans,
1406 2832 1713 2901 pollicetur.
1750 2829 1893 2886 Sane
1933 2839 2119 2901 utpote
2148 2829 2237 2887 Fi-

677 2921 751 2976 lio
782 2922 958 2976 inerat
988 2922 1088 2991 ipsi
1110 2923 1353 2994 cognitio
1381 2922 1619 2979 nominis
1651 2922 1797 2993 quod
1836 2923 2026 2978 deitati
2056 2921 2237 2979 Patris

676 3015 784 3080 sui,
816 3011 969 3068 nulla
990 3030 1122 3070 voce
1156 3015 1411 3084 nulloque
1450 3014 1672 3069 nomine
1709 3013 2059 3083 explicandas,
2090 3028 2238 3073 com-

676 3106 916 3177 petebat.
966 3102 1091 3158 Haec
1155 3104 1410 3167 maxime,
1463 3102 1661 3170 inquit,
1714 3090 1912 3156 faciam
1947 3109 2237 3172 postquam

672 3197 952 3255 inimicam
1005 3196 1129 3251 vitae
1180 3203 1406 3250 mortem
1444 3196 1648 3258 vicero,
1695 3193 1762 3248 de
1808 3208 1915 3263 qua
1956 3192 2169 3269 dicitur
2219 3210 2235 3249 :

2342 2005 2629 2076 Προφήτης
2652 2001 2798 2070 λέγει
2817 2016 2830 2030 ⁸

2424 2089 2970 2163 Ἔξομολογήσομαί
3017 2102 3137 2153 σοι,
3185 2086 3490 2156 Κύριενὲν
3529 2084 3642 2156 ὅλῃ
3692 2082 3888 2154 καρδίᾳ

2336 2200 2478 2253 μου,
2508 2181 2865 2253 διηγήσομαι
2912 2179 3109 2235 πάντα
3144 2180 3217 2235 τὰ
3257 2175 3556 2248 θαυμάσια
3601 2192 3734 2231 σου.
3778 2178 3889 2229 Τοι-

2342 2273 2479 2327 αῦτα
2507 2272 2597 2326 καὶ
2624 2272 2784 2343 αὐτὸς
2807 2272 2864 2324 ὲν
2881 2268 3228 2339 Εὐαγγελίοις
3252 2268 3414 2341 φησίν
3430 2284 3444 2297 ο
3482 2265 3889 2337 Ἐξομολογοῦ-

2336 2363 2447 2433 μαί
2472 2377 2591 2426 σοι,
2630 2359 2841 2429 Πάτερ,
2872 2361 3050 2428 Κύριε
3081 2358 3187 2413 τοῦ
3210 2356 3468 2427 οὐρανοῦ
3506 2355 3607 2409 καὶ
3633 2354 3743 2425 τῆς
3770 2354 3889 2424 γῆς,

2341 2456 2431 2510 ὅτι
2477 2433 2831 2523 ἀπέκρυψας
2868 2453 3052 2509 ταῦτα
3086 2451 3205 2507 ἀπὸ
3235 2450 3441 2520 σοφῶν
3486 2451 3582 2504 καὶ
3614 2448 3892 2511 συνετῶν,

2339 2548 2441 2603 καὶ
2462 2545 2861 2615 ἀπεκάλυψας
2884 2542 3083 2600 ταῦτα
3099 2545 3354 2613 νηπίοις.
3380 2544 3489 2599 Καὶ
3516 2546 3575 2597 ὲν
3604 2542 3682 2614 τῷ
3708 2542 3895 2612 ψαλμῴ

2340 2642 2449 2715 γὰρ
2482 2641 2609 2714 περὶ
2644 2639 2751 2696 τῶν
2787 2639 3031 2711 κρυφίων
3062 2639 3383 2711 εὐχαριστεῖ.
3419 2638 3573 2692 Μετὰ
3602 2637 3657 2690 δὲ
3699 2639 3793 2707 τὴν
3824 2637 3895 2687 ευρ

2340 2732 2644 2806 Χαριπίανν
2679 2731 2739 2805 ἦν
2771 2732 2909 2803 ὑπὲρ
2946 2731 3043 2802 τῆς
3083 2730 3356 2803 ἡμετέρας
3399 2730 3693 2801 ἐποιήσατο
3736 2745 3895 2797 σωκ-ης

2343 2828 2482 2901 ρίας,
2514 2826 2640 2899 περ)⁸
2663 2823 2770 2877 τῶν
2803 2822 3119 2899 Θαυμασίων
3146 2822 3239 2877 τοῦ
3263 2823 3475 2895 Πατρὸς
3498 2822 3734 2888 διδάξειν
3762 2824 3895 2893 ἡμᾶς

2341 2919 2732 2989 ἐπαγγέλλεται
2756 2920 2821 2990 τῇ
2860 2916 2953 2970 τοῦ
2983 2917 3195 2989 Πατρὸς
3219 2916 3644 2987 ὲναγαλλόμενος
3669 2915 3786 2987 (it-Ea.
3820 2914 3896 2975 Ὠς

2339 3011 2395 3066 δὲ
2427 3012 2543 3082 Υίῷ
2571 2994 2663 3065 καὶ
2690 3013 2723 3082 ἡ
2753 3009 2949 3079 γνῶσις
2981 3009 3160 3082 παρῆν
3176 3008 3283 3063 ’τοῦ
3316 3008 3581 3079 ὀνόματος
3601 3008 3699 3079 τῆς
3724 3007 3896 3074 Geom-

2342 3122 2432 3169 τος
2458 3104 2549 3158 τοῦ
2583 3104 2819 3176 ἀρρήτου
2852 3104 2944 3157 καὶ
2975 3102 3413 3173 ἀκατονομάστου
3445 3101 3676 3171 Πατρός.
3724 3099 3896 3153 Ταῦτα

2342 3196 2399 3251 δὲ
2451 3196 2701 3266 μάλιστα,
2744 3195 2896 3265 φησὶ,
2949 3195 3155 3266 ποιήσω
3183 3192 3295 3259 ,τὸν
3344 3193 3440 3263 τῆς
3494 3190 3641 3262 ζωῆς
3682 3192 3896 3259 νικήσας

676 3291 982 3359 Novissima
1014 3290 1230 3343 inimica
1269 3287 1567 3342 destruetur
1596 3304 1735 3342 mors
1760 3287 1829 3339 ".
1864 3285 1999 3341 Nam
2030 3296 2238 3342 retror-

2342 3289 2529 3362 ἐχθρὸν
2557 3289 2802 3355 θάνατον,
2835 3289 2962 3361 περὶ
2992 3282 3052 3342 οὗ
3074 3286 3349 3341 λέλεκται·
3383 3288 3674 3357 Ἕσχατος
3699 3284 3896 3352 ἐχθρὸς

678 3400 799 3439 sum
829 3387 1198 3445 convertetur,
1230 3380 1281 3435 id
1313 3388 1419 3445 est,
1453 3380 1505 3434 in
1540 3380 1826 3451 pristinam
1862 3395 2019 3435 suam
2050 3378 2239 3435 condi-

678 3476 900 3539 tionem,
932 3490 1039 3545 qua
1081 3489 1191 3529 non
1219 3472 1517 3529 exsistebat
1560 3493 1574 3528 :
1629 3471 1771 3527 Deus
1819 3474 1964 3529 enim
2019 3484 2239 3530 mortem

677 3586 780 3623 non
814 3568 935 3637 fecit
980 3564 1048 3634 9‘,
1095 3566 1189 3622 sed
1239 3563 1439 3620 invidia
1490 3565 1693 3620 diaboli
1738 3582 1881 3619 mors
1931 3567 2152 3621 intravit
2183 3568 2239 3621 in

679 3661 931 3715 mundum
952 3661 1020 3713 ”.
1052 3658 1181 3727 Quae
1211 3675 1333 3714 cum
1362 3658 1663 3723 evenerint,
1698 3659 1890 3728 reliqui
1933 3660 2095 3713 etiam
2124 3650 2239 3714 em-

678 3768 775 3809 nes
807 3752 1065 3823 verbitui
1105 3752 1333 3821 inimici,
1363 3750 1560 3806 inﬁrmi
1609 3750 1839 3807 evadent
1869 3766 1934 3806 ac
1972 3750 2027 3806 in
2056 3751 2239 3822 perni-

679 3846 816 3902 ciem
850 3846 1025 3901 ibunt.

753 4020 917 4075 Vens.
949 4020 1001 4075 9.
1050 4018 1116 4072 Et
1154 4019 1262 4107 ipse
1295 4018 1560 4088 judicabit
1598 4018 1775 4074 orbem
1802 4026 1957 4073 terra:
1988 4018 2043 4072 in
2073 4023 2240 4095 justi-

686 4116 784 4184 tia,
821 4112 1085 4184 judicabit
1106 4111 1322 4181 populos
1345 4112 1400 4165 in
1422 4110 1755 4185 wquitate.Si
1778 4112 1816 4167 ii
1843 4113 1937 4182 qui
1958 4112 2012 4167 in
2040 4111 2241 4167 mundo

678 4210 987 4265 versantur.
1022 4219 1129 4258 non
1161 4203 1361 4259 similia
1405 4218 1570 4273 opera
1626 4204 2241 4275 edidissent,vjudicium

681 4296 775 4353 Dei
809 4297 1019 4367 justum
1049 4312 1157 4351 non
1192 4302 1375 4363 esset;
1410 4296 1502 4365 qui
1534 4296 1652 4365 pari
1679 4296 1894 4351 ratione
1928 4305 2241 4365 peccatores
2279 4297 2281 4299 ’

680 4391 970 4461 supplicio,
998 4389 1175 4457 justos
1209 4389 1379 4459 gloria
1402 4386 1582 4443 allicit.
1616 4386 1892 4441 Judicabit
1932 4389 2152 4458 populos
2185 4390 2241 4442 in

681 4486 945 4555 a’quitate.
974 4482 1171 4538 Orbem
1197 4490 1357 4538 terra!
1388 4491 1545 4537 vocat
1576 4480 1894 4547 Ecclesiam,
1936 4497 2057 4551 qua:
2086 4483 2242 4536 inha-

680 4578 886 4632 bitatur
914 4592 944 4630 a
972 4575 1153 4642 Patre,
1212 4573 1351 4631 Filio
1393 4584 1445 4631 et
1488 4573 1695 4645 Spiritu
1730 4581 1942 4635 sancto,
1989 4573 2143 4642 juxta
2177 4574 2242 4628 il-

2340 3382 2770 3453 καταργήσεται
2796 3384 2827 3436 ὁ
2853 3380 3127 3449 θάνατος.
3165 3381 3665 3453 Ἀποστραφήσεται
3691 3377 3799 3449 γὰρ
3831 3378 3896 3438 εἰς

2337 3474 2406 3528 τὰ
2446 3475 2640 3541 ὀπίσω,
2672 3474 2918 3528 τουτέστι
2948 3473 3045 3546 τὴν
3089 3472 3311 3545 πρώτην
3360 3472 3523 3526 αὑτοῦ
3558 3471 3896 3532 κατάστασιν,

2338 3568 2528 3640 ὅτε’,μὴ
2551 3570 2863 3641 ὑφεστήκει.
2902 3569 2963 3623 '0
2988 3568 3095 3641 γὰρ
3133 3568 3276 3634 Θεὸς
3306 3566 3565 3623 θάνατον
3587 3568 3696 3621 οὐκ
3718 3566 3896 3629 ἑποίηι

2338 3678 2475 3717 σεν-
2521 3666 2719 3733 φθόνῳ
2769 3664 2826 3717 δὲ
2872 3663 3151 3719 διαϐόλου
3196 3664 3448 3729 θάνατος
3498 3660 3785 3731 εἰσῆλθεν
3824 3663 3896 3725 εἰς

2338 3754 2445 3809 τὸν
2474 3756 2704 3825 κόσμον
2725 3773 2739 3786 ·
2771 3748 2832 3809 οὗ
2873 3755 2936 3828 δὴ
2966 3755 3244 3824 γεγονότος
3284 3756 3379 3808 καὶ
3407 3758 3463 3815 ot
3491 3755 3670 3808 λοιποὶ
3711 3754 3896 3815 πάντες

2339 3838 2523 3916 ἐχθροὶ
2569 3844 2662 3898 τοῦ
2715 3845 2872 3913 λόγου
2927 3860 3020 3896 σου
3070 3843 3164 3897 καὶ
3216 3841 3463 3912 πολέμιοι
3513 3840 3896 3912 ἀσθενήσαντες

2340 3934 2681 3990 ἀπολοῦνται.
2975 3975 2983 3981 .
3353 3971 3356 3975 .

2408 4028 2519 4083 Kal
2574 4027 2756 4095 αὐτὸς
2800 4027 2989 4097 κρινεῖ
3024 4017 3143 4095 ’τὴν
3189 4026 3543 4096 οἰκουμένην
3578 4026 3648 4080 ἐν
3690 4024 3896 4080 δικαιο-

2341 4120 2519 4187 σύνῃ,
2550 4118 2739 4188 κρινεῖ
2780 4119 2968 4186 λαοὺς
3002 4120 3071 4173 ἐν
3100 4118 3392 4187 εὐθύτητι.
3442 4117 3505 4171 Et
3548 4120 3597 4172 οἱ
3630 4119 3689 4171 ἐν
3731 4120 3799 4188 τῇ
3832 4118 3896 4171 οι-

2341 4211 2576 4283 κουμένῃ
2609 4212 2708 4265 οὐκ
2731 4214 2787 4266 ὲν
2808 4213 3011 4283 ὁμοίοις
3026 4213 3162 4265 εἰσὶν
3187 4210 3388 4282 ἔργοις,
3408 4212 3508 4265 οὐκ
3526 4210 3591 4264 ἂν
3606 4205 3718 4265 εἶεν
3736 4211 3813 4280 (1)
3836 4208 3896 4263 δι‹

2342 4303 2596 4377 καιοσύνη
2639 4306 2672 4376 ή
2710 4306 2888 4378 κρίσις
2919 4306 3014 4359 τοῦ
3060 4303 3227 4358 Θεοῦο
3264 4303 3463 4375 ὁμοίως
3495 4305 3622 4367 τοὺς
3662 4301 3896 4375 ἁμαρτὰ-

2341 4413 2526 4459 νοντας
2575 4395 2812 4461 κολάζει,
2862 4394 2894 4468 ἢ
2944 4397 3069 4460 τοὺς
3122 4396 3362 4460 δικαίους
3416 4395 3646 4461 δοξάζει.
3710 4390 3896 4464 Κρινεί

2341 4489 2528 4555 λαοὺς
2550 4490 2620 4543 ἐν
2638 4491 2929 4559 εὐθύτητι.
2959 4492 3119 4543 Οίκου
3128 4490 3293 4562 μένην
3320 4492 3416 4563 μὲν
3437 4491 3537 4561 τὴν
3562 4489 3896 4558 Ἐκκλησίαν,

2342 4581 2463 4651 ἥτις
2491 4583 2715 4634 οἰκεῖται
2743 4582 2846 4635 ὑπὸ
2880 4580 2972 4635 τοῦ
2999 4583 3209 4655 Πατρὸς
3241 4583 3334 4636 καὶ
3383 4580 3477 4634 τοῦ
3508 4577 3661 4644 Υίοῦ,
3693 4580 3790 4632 καὶ
3816 4577 3896 4631 τοῦ

681 4668 773 4723 lud
802 4688 815 4722 :
852 4667 965 4737 Ego
987 4675 1041 4721 et
1066 4666 1227 4721 Pater
1258 4666 1326 4719 ad
1356 4683 1475 4721 eum
1516 4668 1801 4731 veniemus,
1839 4674 1887 4719 et
1917 4666 2239 4721 mansionem

2348 4650 2500 4741 ἀγίου
2534 4674 2863 4745 Πνεύματος,
2896 4674 3035 4730 κατὰ
3064 4650 3157 4729 τά·
3194 4674 3334 4743 Ἐγὼ
3358 4674 3453 4727 καὶ
3482 4673 3511 4725 δ
3536 4672 3729 4744 Πατὴρ
3753 4673 3896 4726 ἐλευε

510 4810 517 4817 .
588 4774 621 4785 ““
682 4761 821 4831 apud
839 4777 957 4816 eum
987 4761 1239 4830 faciemus
1263 4759 1329 4813 ".
1353 4748 1588 4830 Populos
1610 4768 1789 4815 autem
1816 4759 2052 4830 appellat
2081 4768 2243 4819 caete-

681 4872 774 4911 ros
804 4870 995 4911 omnes
1027 4856 1119 4925 qui
1165 4858 1318 4908 extra
1348 4850 1646 4908 Ecclesiam
1679 4860 1991 4917 versantur,
2028 4858 2123 4905 aut
2147 4854 2240 4923 qui

681 4964 749 5003 ex
783 4945 1203 5002 circumcisione
1232 4950 1382 4999 sunt.
1419 4942 1684 5012 Quotquot
1713 4944 1851 4997 enim
1882 4944 1940 4997 in
1977 4943 2086 5015 lege
2121 4958 2240 5013 pee-

682 5050 950 5105 carerunt,
976 5055 1066 5108 per
1098 5040 1256 5110 legem
1278 5035 1699 5110 judicabunlur;
1728 5039 1817 5107 qui
1848 5054 1966 5093 vero
1995 5039 2107 5094 sine
2133 5037 2239 5110 lege

656 5134 998 5204 ‘transgressi
1021 5141 1164 5196 sunt,
1193 5133 1308 5185 sine
1343 5131 1451 5200 lege
1479 5130 1719 5199 peribunt
1755 5129 1826 5189 ’7.

756 5226 920 5282 Vens.
966 5225 1055 5289 10,
1087 5225 1174 5279 il.
1218 5222 1288 5276 Et
1337 5224 1511 5293 factus
1549 5233 1627 5279 est
1674 5222 1932 5278 Dominus
1980 5224 2241 5295 refugium

683 5320 918 5387 pauperi,
950 5318 1164 5386 adjutor
1186 5317 1243 5369 in
1272 5317 1773 5386 opportunitatibus,
1798 5317 1854 5371 in
1880 5316 2239 5381 tribulatione.

686 5413 755 5466 Et
784 5422 986 5481 sperent
1015 5414 1067 5466 in
1105 5423 1152 5465 te
1182 5413 1271 5482 qui
1300 5420 1549 5464 noverunt
1578 5427 1763 5465 nomen
1796 5404 1965 5474 tuum,
1991 5410 2238 5481 quoniam

688 5522 789 5558 non
827 5504 1149 5574 derc;iquisti
1176 5512 1462 5573 querentes
1513 5501 1853 5567 te,'Domine.
1885 5500 1985 5557 Cui
2017 5501 2240 5573 pauperi

680 5596 848 5668 judex
880 5596 1143 5666 refugium
1170 5596 1343 5650 factus
1365 5603 1471 5654 est.
1498 5596 1605 5650 nisi
1629 5596 1684 5650 in
1712 5595 1888 5667 primo
1916 5596 2040 5651 vita
2060 5594 2237 5651 curri-

2345 4766 2568 4835 σόμεθα
2594 4768 2742 4837 πρὸς
2785 4768 2987 4834 αὑτὸν,
3032 4767 3131 4821 καὶ
3158 4765 3357 4836 μονὴν
3402 4767 3536 4832 παρ’
3560 4763 3725 4831 αὐτῷ
3753 4782 3896 4832 ποίη

2345 4860 2568 4927 σόμεθα
2590 4877 2603 4889 ·
2644 4860 2805 4924 λαοὺς
2840 4859 2896 4913 δὲ
2933 4860 3057 4923 τοὺς
3087 4859 3303 4921 λοιποὺς
3346 4856 3496 4928 παρὰ
3536 4855 3634 4928 τὴν
3678 4855 3896 4927 Ἐκκλη‹

2360 4942 2511 5009 dav,
2559 4944 2591 5013 ἢ
2638 4945 2762 5007 τοὺς
2805 4944 2870 4996 ὲκ
2913 4944 3225 5015 περιτομῆς.
3275 4942 3439 4995 Ὅσοι
3482 4942 3591 5011 γὰρ
3637 4940 3710 4995 ἐν
3756 4942 3896 5009 νόμιι

2306 5036 2309 5037 ⁷
2359 5032 2654 5104 ἥμαρτον,
2693 5035 2790 5089 διὰ
2824 5037 3011 5105 νόμου
3059 5032 3470 5101 κριθήσονται,
3517 5030 3635 5086 τῶν
3682 5030 3896 5104 ἀνόμως

2358 5126 2813 5196 ἁμαρτανόντων
2836 5129 3066 5196 ἀνόμως
3096 5126 3547 5196 ἀπολλυμένων.
3587 5129 3593 5137 ’

2409 5226 2519 5281 Καὶ
2540 5223 2773 5296 ἐγένετο
2797 5226 3009 5294 Κύριος
3037 5225 3348 5296 καταφυγὴ
3391 5222 3471 5291 τῷ
3501 5222 3733 5292 πένητι,
3757 5224 3896 5289 ,βοη‹

2343 5318 2444 5385 θὸς
2482 5319 2552 5373 ἐν
2595 5320 2940 5389 εὐκαιρίαις,
2970 5319 3041 5372 ἐν
3084 5320 3304 5388 θλίψει.
3352 5318 3462 5372 Καὶ
3506 5316 3896 5379 ὲλπιζέτωοναν

2342 5410 2440 5464 ἐπὶ
2477 5410 2551 5464 σὲ
2597 5414 2653 5466 οἱ
2696 5410 3087 5483 γινώσκοντες
3130 5410 3197 5464 τὸ
3251 5408 3437 5480 ὄνομά
3479 5426 3615 5473 σου,
3662 5408 3760 5463 ὅτι
3796 5410 3896 5463 οὐκ

2342 5500 2723 5571 ἐγκατέλιπες
2753 5501 2895 5567 τοὺς
2936 5498 3330 5571 ἐκζητοῦντάς
3364 5516 3458 5567 σε,
3510 5498 3711 5566 Κύριε.
3762 5495 3896 5564 Ποίῳ

2341 5594 2398 5648 δὲ
2447 5596 2637 5667 πένητι
2684 5594 2970 5667 καταφυγὴ
3013 5595 3231 5675 γέγονεν
3267 5596 3307 5647 ὁ.
3339 5592 3551 5664 κριτὴς,
3590 5588 3709 5644 ἀλλ’
3742 5588 3777 5660 ἢ
3829 5584 3896 5656 τῷ

755 5716 796 5747 ’⁸
838 5713 979 5789 Psa_l_.
1013 5730 1099 5769 cur
1123 5755 1138 5772 .
1170 5715 1343 5789 l.__"
1383 5713 1568 5769 Matth.
1607 5731 1682 5771 ιι.
1712 5714 1803 5770 25.
1880 5713 1926 5745 ⁸³
1964 5712 1984 5768 l
2014 5713 2141 5771 Cor.
2174 5731 2239 5770 xv

2342 5714 2393 5772 6.
2468 5716 2515 5750 ”
2553 5716 2681 5789 Sap.
2715 5732 2755 5783 ι,
2793 5715 2878 5770 l3.
2953 5714 3000 5747 "
3073 5723 3201 5784 δερ.
3237 5727 3310 5779 ιι,
3343 5709 3434 5766 24.
3507 5708 3555 5741 ⁸⁸
3590 5705 3755 5762 Joan.
3795 5720 3896 5770 xxv,

649 5835 653 5838 .
685 5788 773 5843 25.
849 5788 901 5863 ’ζ
932 5784 1087 5841 Rom.
1123 5802 1195 5851 ιι,
1232 5784 1316 5839 12.

761 5876 1001 5949 (Ι)Εἶεν.
1029 5877 1189 5937 Forte
1213 5879 1324 5935 εῖν.
1352 5879 1509 5937 Enn.
