3956 6340
666 412 765 466 I35

1364 413 1631 470 EUSEBII
1670 412 2143 469 CJESARIENSIS
2179 410 2328 469 OPP.
2370 411 2548 468 PARS
2585 412 2672 469 lll.
2710 446 2777 455 —
2827 412 3236 473 EXEGETICA.

3759 427 3847 482 136

1606 508 1942 566 PSALMUS
1981 509 2033 564 Χ
2090 507 2496 565 SECUNDUM
2538 508 2920 565 HEBREOS.

734 598 898 656 Vens.
946 600 997 667 1,
1044 602 1098 656 2.
1142 600 1211 656 Ut
1259 603 1405 675 quid,
1458 602 1699 669 Domine,
1743 603 2004 659 recessisti
2045 604 2210 673 longe,

2395 602 2586 667 Ἰνατί,
2614 603 2807 670 Κύριε,
2844 602 3191 673 ἀφέστηκας
3220 603 3540 677 μακρόθεν,
3571 605 3851 675 ὑπερορᾷς

660 695 884 749 desvicis
923 695 978 748 in
1014 696 1512 762 opportunitatibus,
1557 697 1614 750 in
1657 696 2035 753 tribulatione?
2071 695 2211 750 Dum

666 788 896 865 superbit
924 791 1136 851 impius,
1174 788 1469 843 incenditur
1508 804 1743 857 pauper:
1770 789 2213 860 comprehendun-

567 940 575 949 ι
664 886 746 932 tur
775 884 829 933 ir.
856 882 1089 934 consiliis
1121 878 1305 951 quibus
1340 882 1589 950 cogitant.
1633 884 1716 936 An
1757 882 1886 951 quia
1936 880 2080 936 Deus
2108 890 2209 948 est,

662 971 959 1025 secundum
988 971 1331 1040 Apostolum,
1363 975 1456 1041 qui
1496 971 1909 1041 comprehendit
1937 972 2209 1040 sapientes

662 1063 713 1115 in
764 1062 965 1117 astutia
1000 1077 1120 1125 sua,
1169 1060 1402 1132 idipsum
1434 1062 1545 1131 jam
1588 1060 1703 1115 ﬁeri
1754 1060 2031 1131 postulat?
2060 1059 2211 1115 Multi

660 1160 802 1210 enim
834 1170 958 1209 cum
994 1155 1211 1209 videant
1231 1171 1310 1219 se,
1340 1155 1443 1209 etsi
1474 1154 1527 1208 in
1553 1154 1923 1222 impietatibus
1962 1154 2211 1223 plurimis

660 1256 963 1313 versantes,
1000 1263 1260 1320 prospere
1313 1262 1491 1319 agere,
1523 1262 1587 1302 ac
1620 1248 1673 1302 in
1703 1248 2040 1303 calamitates
2075 1248 2214 1303 inci-

664 1340 791 1391 dere
821 1340 1023 1402 nullas,
1055 1354 1175 1395 sese
1214 1340 1404 1396 beatos
1445 1349 1499 1396 et
1528 1341 1685 1395 laude
1715 1342 1909 1412 dignos
1939 1342 2211 1395 arbitran-

662 1441 773 1484 ιιι..
800 1434 866 1484 At
903 1440 1017 1486 tum
1063 1432 1187 1503 ipsi,
1233 1442 1345 1487 tum
1389 1433 1752 1503 improbitatis
1780 1434 1979 1510 aemuli,
2006 1436 2210 1507 ingenti

662 1524 970 1579 afﬁciuntur
998 1523 1343 1579 detrimento.
1778 1572 1781 1575 .

729 1614 891 1670 Vsus.
946 1614 1062 1669 5-5.
1105 1614 1367 1681 Quoniam
1424 1616 1677 1670 laudatur
1728 1626 1967 1684 peccator
2000 1618 2063 1671 in
2126 1617 2212 1673 de-

656 1705 869 1759 sideriis
910 1707 1100 1761 anima
1130 1722 1268 1770 sum,
1297 1714 1347 1761 et
1370 1706 1578 1777 iniquus
1609 1707 1947 1763 benedicitur.
1980 1707 2211 1763 Επαιν-

659 1796 792 1851 bavit
837 1796 1115 1852 Dominum
1157 1808 1400 1867 peccator
1444 1814 1464 1852 :
1511 1800 1795 1853 secundum
1825 1800 2212 1856 multitudinem

656 1889 755 1943 im?
789 1906 895 1944 suis
920 1906 1022 1944 non
1044 1897 1261 1959 quteret.
1286 1887 1413 1943 Non
1441 1897 1519 1944 est
1540 1888 1680 1945 Deus
1700 1891 1754 1944 in
1780 1901 2053 1961 conspectu
2074 1885 2210 1962 ejus,

2308 692 2378 748 έν
2396 694 2814 769 comedam,”
2834 696 3072 764 0.11mi;
3104 697 3199 750 ‘Er
3216 696 3296 761 τῷ
3318 697 3853 766 ὑπερηφανεύεσθαι

2307 784 2415 839 τὸν
2439 778 2629 853 ἀσεϐῆ
2661 785 3027 854 ἐμπυρίζεται
3063 790 3096 841 ὀ
3119 786 3351 857 πτωχός
3374 802 3388 818 ο
3419 787 3853 857 συλλαμϐάνον-

2305 895 2407 936 ται
2440 878 2510 932 ἐν
2533 876 2893 944 διαϐουλιοις
2918 873 3008 944 οἷς
3048 876 3490 949 διαλογίζονται.
3518 874 3597 933 Ἦ
3626 881 3852 953 ἐπειδὴό

2308 970 2441 1037 Θεὸς
2471 972 2499 1023 ὁ
2529 971 2891 1043 δρασσόμενός
2920 972 3034 1025 ἐστι
3063 972 3187 1035 τοὺς
3230 972 3424 1041 σοφοὺς
3452 973 3511 1026 ὲν
3546 975 3612 1043 τῇ
3636 990 3853 1044 πανουρ-

2309 1061 2404 1133 γίᾳ
2428 1062 2627 1127 αὐτῶν,
2653 1063 2791 1116 κατά
2811 1063 2899 1115 τὸν
2924 1061 3257 1127 Ἀπόστολον,
3282 1062 3438 1118 τοῦτο
3454 1064 3587 1117 αὐτὸ
3604 1065 3704 1137 ήδη
3726 1066 3854 1134 γενέ·

2312 1148 2435 1203 σθαι
2465 1150 2801 1221 παρακαλεῖ;
2847 1151 2969 1204 Ἐπὶ
3000 1150 3219 1215 πολλαῖς
3248 1152 3358 1225 γὰρ
3396 1152 3674 1217 ἀσεὸείαις
3701 1156 3854 1225 ὁρῶν-

2307 1258 2400 1306 τες
2433 1243 2629 1307 αὐτοὺς
2665 1245 2715 1297 oi
2760 1243 2945 1297 πολλοὶ
2981 1244 3403 1316 εὐθυνουμένους
3446 1264 3506 1300 τε
3547 1248 3640 1301 καὶ
3680 1249 3856 1320 μηδενὶ

2309 1334 2535 1407 λυπηρῷ
2590 1336 3030 1407 περιπίπτοντας,
3088 1338 3384 1408 μακαρίους
3434 1340 3630 1402 αὐτοὺς
3678 1338 3857 1410 ἡγοῦν-

2308 1444 2398 1481 ται
2422 1427 2515 1480 καί
2543 1427 2774 1481 ἐπαίνων
2797 1426 2996 1493 ἀξίους.
3020 1430 3274 1484 Κάκεῖνοί
3294 1448 3353 1483 τε
3386 1431 3594 1501 μεγάλα
3617 1430 3857 1501 βλάπτον-

2307 1535 2397 1573 ται
2423 1519 2516 1573 καὶ
2536 1520 2585 1572 ot
2614 1518 2849 1591 ζηλωταὶ
2876 1520 2976 1592 τῆς
2999 1521 3193 1586 κακίας
3220 1523 3516 1594 γενόμενοι.

2384 1611 2506 1665 Ὅτι
2552 1611 2877 1667 ἐπαινεῖται
2919 1616 2952 1667 ό
2999 1614 3343 1682 ἁμαρτωλός
3387 1614 3456 1667 ἐν
3498 1614 3627 1679 ταῖς
3671 1614 3858 1670 ἐπιθυ-

2303 1703 2469 1771 μίαις
2504 1702 2615 1773 τῆς
2640 1704 2849 1773 ψυχῆς
2878 1706 3083 1768 αὑτοῦ,
3116 1706 3212 1759 καὶ
3234 1709 3266 1759 ὀ
3290 1706 3510 1761 ἀδικῶν
3544 1708 3861 1778 ἐνευλοτεῖ-

2308 1811 2423 1854 ται.
2465 1794 2784 1864 Παρώξυνεν
2828 1797 2935 1850 τὸν
2975 1798 3192 1866 Κύριον
3229 1801 3263 1852 d
3306 1798 3687 1867 ἁμαρτωλός·
3725 1802 3859 1856 κατὰ

2309 1887 2377 1941 τὸ
2408 1886 2643 1956 πλῆθος
2670 1886 2781 1955 τῆς
2820 1887 3002 1957 ὁρτῆς
3027 1890 3210 1945 αὐτοῦ
3243 1895 3352 1946 οὐκ
3378 1892 3711 1962 ἐκζητήσει.
3750 1896 3855 1947 Οὐκ

654 1981 943 2049 inquinata
986 1988 1107 2035 sunt
1143 1982 1237 2035 vite
1286 1980 1434 2035 illius
1481 1981 1537 2035 in
1571 1984 1714 2037 omni
1772 1995 2017 2053 tempore.
2050 1984 2211 2053 Aule-

2313 1975 2481 2031 ἔστιν
2520 1979 2560 2030 rd
2613 1976 2756 2042 Θεὸς
2806 1974 3060 2031 ἐνώπιον
3104 1979 3308 2045 αὐτοῦ,
3354 1982 3757 2051 βεϐηλοῦνται
3808 1988 3858 2037 al

657 2084 846 2120 runtur
869 2069 1078 2137 judicia
1110 2079 1202 2122 tua
1233 2071 1271 2123 α’
1288 2069 1425 2139 [acie
1443 2070 1578 2141 ejus,
1606 2074 1839 2127 omnium
1874 2074 2209 2130 inimicorum

657 2176 871 2215 suorum
908 2160 1286 2218 dominabitur.
1318 2161 1645 2220 Praesentem
1690 2166 1977 2238 impiorum
2020 2169 2211 2224 condi-

657 2254 859 2306 tionem
894 2253 1214 2321 insectatur,
1259 2262 1317 2309 ut
1373 2254 1539 2311 futuri
1586 2257 1780 2328 judicii
1827 2261 2211 2318 necessitatem

654 2348 985 2415 comprobet.
1044 2348 1181 2403 Illud
1230 2364 1416 2420 porro,
1464 2351 1815 2417 exacerbavit,
1846 2355 2211 2426 Aquila,vtra-

652 2439 822 2502 duxit,
854 2441 1241 2511 interpretatus
1270 2450 1373 2497 est.
1401 2440 1692 2498 Sermones
1711 2442 1911 2515 quippe
1935 2446 2003 2502 de
2024 2444 2211 2501 futuro

656 2532 746 2586 uel
774 2532 983 2601 judicio
1031 2532 1135 2600 ipsi
1186 2546 1374 2586 revera
1405 2532 1719 2589 traducunt.
1754 2533 1891 2589 Dum
1926 2551 2058 2592 vero
2085 2538 2211 2608 quis

540 2660 545 2665 γ
654 2620 707 2672 in
737 2624 977 2689 peccatis
999 2629 1327 2692 perseverat,
1351 2623 1399 2678 is
1433 2622 1727 2693 impeditur
1756 2626 2050 2697 quominus
2070 2644 2212 2699 quas-

654 2720 738 2763 rat
756 2710 943 2775 Deum,
965 2728 1027 2765 ac
1048 2713 1153 2767 vim
1182 2716 1277 2768 irae
1302 2728 1550 2786 magnam
1572 2716 1675 2771 sibi
1692 2726 1988 2789 comparat.
2008 2718 2211 2787 Quam-

652 2802 840 2858 obrem
891 2819 961 2859 ne
1003 2804 1174 2860 nimio
1228 2806 1415 2863 labore
1462 2814 1517 2863 et
1545 2808 1818 2867 anxietate
1848 2812 2074 2869 notitias
2110 2814 2207 2870 Dei

654 2895 933 2952 naturales
960 2898 1271 2968 expetieris,
1322 2898 1453 2954 dum
1490 2894 1615 2956 vitae
1654 2908 1762 2956 tua;
1787 2904 1888 2958 vias
1915 2904 2210 2975 inquinata:

652 2996 781 3043 sunt
814 3007 826 3043 :
859 2988 1023 3060 idque
1054 3005 1114 3044 ea
1144 2992 1378 3045 maxime
1401 2991 1469 3045 de
1498 3007 1686 3057 causa,
1709 2992 1855 3064 quod
1882 2995 2084 3067 judicia
2112 2996 2209 3054 Dei

652 3097 762 3137 non
792 3138 795 3143 ι
822 3082 1004 3137 animo
1054 3092 1296 3151 reputes.
1345 3097 1470 3137 cum
1518 3071 1751 3141 maxime
1787 3099 2085 3144 concessus
2108 3089 2209 3145 tibi

652 3173 966 3229 dominatus
997 3174 1160 3229 luerit
1182 3175 1238 3229 in
1257 3188 1448 3230 omnes
1466 3173 1717 3233 inimicos
1738 3183 1888 3233 tuos.

2316 2065 2442 2120 ὁδοὶ
2486 2065 2672 2121 αὐτοῦ
2717 2067 2808 2121 ἐν·
2836 2068 3016 2121 παντὶ
3065 2070 3262 2138 καιρῷ.
3316 2071 3760 2143 Ἁνταναιρεῒται
3798 2076 3859 2127 τὰ

2314 2158 2567 2229 κρίματά
2599 2174 2715 2213 σου
2754 2158 2873 2214 ἀπὸ
2911 2160 3231 2229 προσώπου
3256 2164 3460 2230 αὐτοῦ,
3481 2166 3723 2220 πάντων
3755 2166 3859 2221 τῶν

2314 2253 2539 2324 ἐχθρῶν
2589 2254 2772 2311 αὐτοῦ
2817 2254 3285 2323 κατακυριεύσει.
3334 2256 3412 2328 Τῇ
3466 2258 3714 2329 παρούσῃ
3764 2258 3859 2310 τῶν

2314 2345 2525 2401 ἀσεϐῶν
2550 2346 2899 2419 ἐπεξέρχεται
2929 2334 3278 2411 καταστάσει,
3302 2346 3398 2419 τὴν
3434 2348 3729 2419 μέλλουσαν
3757 2350 3860 2420 κρί-

2316 2455 2399 2492 σιν
2427 2438 2726 2507 ἀναγκαίαν
2749 2429 2916 2505 δείξαι
2951 2439 3287 2511 βουλόμενος.
3341 2439 3414 2517 ὸ
3439 2439 3497 2493 δὲ
3537 2438 3856 2507 παρώξυνε,

2313 2528 2588 2599 διέσυρεν
2635 2529 3223 2601 ⁹Ακύλας’ἡρμήνευσε.
3254 2528 3389 2592 Τοὺς
3438 2529 3565 2599 περὶ
3598 2526 3735 2580 Θεοῦ
3766 2528 3858 2597 γὰρ

2315 2622 2546 2694 κρίσεως
2589 2620 2779 2690 λόγους
2816 2622 3029 2695 άληθῶς
3066 2622 3429 2696 διασύρουσιν.
3466 2621 3770 2692 Ἐπιμένων
3811 2619 3859 2672 δέ

2312 2734 2397 2780 τις
2449 2716 2762 2788 ἁμαρτίαις,
2797 2715 2934 2788 πρὸς
2979 2714 3041 2768 τὸ
3090 2714 3224 2769 Θεὸν
3273 2715 3452 2785 ζητεῖν
3499 2712 3856 2785 ὲμτιοδίζεται,

2314 2808 2559 2878 συνάγων
2584 2807 2765 2880 ἑαυτῷ
2795 2806 2997 2879 πλῆθος
3015 2804 3202 2879 ὀργῆς.
3237 2805 3327 2860 Διὸ
3359 2807 3433 2878 μὴ
3471 2804 3621 2878 ζήτει
3650 2806 3745 2859 καὶ
3774 2802 3859 2867 τὰς

2312 2902 2440 2974 περὶ
2471 2900 2605 2955 Θεοῦ
2645 2899 2876 2971 φυσικὰς
2906 2896 3110 2962 ἑννοίας
3145 2898 3624 2969 περικοπτόμενος,
3660 2895 3753 2950 ual
3778 2894 3858 2949 τοῦ

2312 2990 2429 3064 βίου
2470 2992 2569 3057 τὰς
2600 2992 2754 3056 ὁδοὺς
2798 2990 3138 3060 ἀκαθάρτους
3176 2990 3343 3061 ἔχων·
3386 2989 3575 3044 τούτου
3609 3007 3675 3057 γε
3704 2988 3858 3059 ’χάριν

2312 3084 2399 3140 διὰ
2428 3085 2627 3149 παντὸς
2657 3084 2751 3138 καὶ
2780 3082 2872 3137 τοῦ
2908 3082 3043 3137 Θεοῦ
3085 3083 3156 3137 τὰ
3198 3085 3438 3157 κρίματα
3471 3082 3546 3155 μὴ
3584 3082 3858 3154 λαμϐάνων

2312 3179 2392 3244 είς
2418 3174 2562 3245 νοῦν,
2599 3178 2657 3231 ὲν
2686 3177 2765 3249 τῷ
2806 3178 3198 3249 συγχωρεῖσθαι
3244 3178 3472 3251 μάλιστα
3515 3175 3859 3249 κατακυρκῦ-

2315 3283 2403 3319 σαι
2430 3266 2535 3320 τῶν
2564 3266 2792 3339 ἐχθρῶν.

725 3349 888 3408 Vens.
925 3351 974 3405 7.
1000 3348 1164 3420 Cujus
1188 3353 1550 3409 maledictione
1575 3370 1632 3409 os
1659 3355 1868 3425 plenum
1891 3365 1971 3412 est
1989 3366 2040 3413 et
2059 3374 2211 3413 ama-

2384 3355 2466 3417 οὗ
2663 3326 2733 3415 τό
2761 3361 2954 3433 στόμα
2977 3361 3165 3419 αὐτοῦ
3197 3359 3356 3434 τέμει
3381 3362 3482 3417 καὶ
3513 3360 3754 3429 πικρίας
3771 3359 3856 3412 uel
3932 3326 3933 3389 ί

648 3445 881 3501 ritudine
910 3454 960 3498 et
988 3444 1146 3508 dolo;
1170 3446 1267 3500 sub
1300 3446 1481 3518 lingua
1509 3446 1625 3517 ejus
1652 3447 1805 3504 labor
1830 3458 1880 3504 et
1916 3450 2090 3505 dolor.
2125 3450 2212 3506 Si-

651 3537 869 3607 quidem
912 3538 1368 3592 lieterodoxorum
1417 3555 1480 3595 os
1529 3539 1914 3599 maledictione
1944 3544 2209 3615 repletur,

654 3635 839 3697 utpote
862 3629 955 3697 qui
986 3628 1297 3684 Creatorem
1330 3630 1595 3685 conviciis
1624 3630 1920 3699 incessunt,
1956 3635 2101 3705 quod
2124 3636 2215 3690 iti-

655 3722 775 3776 dem
810 3721 1059 3777 maledici
1090 3720 1297 3776 faciunt
1331 3742 1343 3776 :
1378 3737 1442 3777 os
1476 3722 1605 3779 item
1647 3724 2037 3782 irac’undorum
2064 3742 2214 3783 ama.

656 3813 916 3877 ritudine,
940 3813 1253 3869 dolosorum
1277 3813 1425 3883 dolo,
1454 3816 1673 3887 plenum
1699 3826 1805 3873 est.

728 3901 891 3959 Vsus.
923 3902 977 3960 8.
1022 3903 1179 3959 Sedet
1209 3907 1265 3960 in
1301 3906 1509 3961 insidiis
1539 3924 1656 3962 cum
1684 3908 1933 3965 divitibus
1959 3912 2015 3965 in
2035 3909 2213 3966 occulo

657 3995 746 4059 tis,
780 4004 837 4047 ut
872 3995 1157 4071 interﬁciat
1197 3998 1542 4053 innocentem.
1591 3999 1729 4055 Dum
1758 4009 1941 4058 autem
1984 4004 2040 4059 id
2075 4004 2209 4076 agit,

654 4090 894 4161 seipsum
918 4090 1139 4163 decipit,
1171 4092 1331 4161 quasi
1353 4092 1561 4146 scilicet
1583 4093 1718 4148 nihil
1742 4095 1920 4151 videat
1940 4094 2107 4151 Deus.

727 4181 893 4239 Vens.
929 4183 1018 4238 11.
1060 4183 1211 4237 Dixit
1254 4184 1391 4237 enim
1433 4184 1489 4237 in
1527 4184 1681 4238 corde
1721 4202 1816 4239 suo
1846 4203 1864 4241 :
1899 4186 2107 4243 Oblitus
2133 4196 2213 4243 est

653 4276 815 4342 Deus,
844 4275 1029 4331 avertit
1056 4274 1246 4345 faciem
1278 4291 1430 4328 suam
1461 4291 1524 4329 ne
1562 4274 1732 4330 videat
1778 4298 1832 4332 .u
1875 4281 2053 4349 finem.
2086 4278 2214 4335 Hac

654 4371 838 4422 omnia
873 4369 983 4441 agit
1014 4370 1214 4440 impius
1243 4369 1509 4425 adversus
1538 4368 1633 4426 Dei
1666 4385 1951 4442 pauperes,
2000 4374 2214 4445 sibique

657 4464 774 4529 ipse
815 4459 1144 4524 ludiﬁcatur,
1172 4461 1302 4517 dum
1335 4463 1451 4517 suis
1498 4461 1602 4517 sibi
1633 4464 2053 4534 cogitationibus
2081 4481 2215 4521 con-

662 4552 816 4622 lingit
852 4566 962 4606 non
989 4568 1113 4608 esse
1138 4552 1308 4609 Deum
1341 4556 1724 4627 inspectorem.

2310 3452 2514 3518 δόλου,
2540 3453 2659 3509 ὑπὸ
2680 3452 2797 3524 τὴν
2820 3453 3087 3526 γλῶτταν
3110 3457 3296 3512 αὐτοῦ
3321 3458 3505 3522 κόπος
3532 3454 3634 3509 καί
3665 3455 3771 3507 πό,
3781 3470 3855 3517 ος.

2311 3544 2432 3599 Τῶν
2457 3545 2567 3617 γὰρ
2612 3547 2930 3621 ἑτεροδόξων
2957 3548 3019 3603 τὸ
3048 3550 3222 3621 στόμα
3256 3551 3394 3628 ἀρᾶς
3443 3549 3619 3621 γέμει,
3652 3545 3858 3602 κακολο-

2310 3637 2548 3708 γούντων
2575 3639 2665 3694 τὸν
2693 3642 3050 3714 Δημιουργὸν,
3081 3644 3174 3696 καὶ
3194 3641 3302 3696 τῶν
3318 3626 3580 3714 λοιδόρων
3598 3660 3613 3673 ·
3652 3642 3856 3714 πικρίας
3930 3626 3931 3633 χ

2308 3728 2365 3784 δὲ
2385 3731 2492 3787 τῶν
2513 3731 2785 3805 θυμικῶν,
2810 3732 2962 3786 δόλου
2991 3733 3099 3787 τῶν
3121 3734 3326 3788 δολίων.

2392 3906 2733 3978 Ἐ’γκιίθηται
2769 3908 2980 3977 ἐνέδρᾳ
3004 3909 3156 3979 μετὰ
3178 3910 3489 3965 πλουσίων
3510 3910 3580 3963 ἐν
3608 3910 3856 3978 ἀποκρύ-

2309 4018 2465 4070 φοις,
2511 4001 2618 4057 τοῦ
2656 4001 3001 4062 ἀποκτεῖναι
3035 4002 3250 4059 ἀθῶον.
3289 4002 3399 4055 Καὶ
3431 4002 3601 4058 ταῦτα
3645 4005 3855 4073 πράττει

2310 4094 2804 4167 παραλογιζόμενος
2832 4096 3041 4161 ἑαυτὸν,
3074 4095 3148 4160 ὡς
3172 4096 3270 4167 οὐχ
3294 4095 3523 4166 ὁρῶντος
3555 4096 3711 4150 Θεοῦ.

2380 4180 2530 4237 Eleae
2576 4188 2688 4255 γὰρ
2731 4186 2801 4239 ἐν
2850 4184 3061 4254 καρδίᾳ
3112 4184 3323 4239 αὐτοῦ’
3377 4184 3787 4251 Ἐπιλέλησται
3827 4185 3855 4235 ό

2315 4274 2477 4342 Θεὸς,
2518 4276 2857 4346 ἀπέστρεψε
2880 4278 2946 4330 τὸ
2981 4279 3302 4346 πρόσωπον
3328 4276 3517 4331 αὑτοῦ
3550 4278 3657 4330 τοῦ
3691 4276 3774 4346 μὴ
3791 4276 3851 4328 ειν

2312 4364 2439 4419 δεῖν
2460 4368 2544 4432 εις
2568 4366 2758 4433 τέλος.
2796 4367 2977 4421 Ταῦτα
3009 4370 3065 4421 δὲ
3099 4371 3270 4423 πάντα
3298 4370 3327 4423 ὁ
3357 4368 3560 4439 ἀσεϐὴς
3588 4368 3729 4421 κατά
3763 4364 3854 4419 τῶν

2314 4460 2557 4527 πενήτων
2580 4456 2671 4512 τοῦ
2702 4457 2836 4512 Θεοῦ
2865 4460 3270 4534 διαπράττεται,
3303 4461 3493 4515 ἑαυτὸν
3524 4460 3747 4515 ἀπατῶν
3777 4460 3851 4510 καὶ

2314 4554 2423 4613 τοῖς
2459 4550 2651 4604 ἑαυτοῦ
2682 4551 2960 4622 λογισμοῖς
2995 4553 3069 4626 μὴ
3102 4551 3239 4606 εῖναι
3270 4553 3401 4607 Θεὸν
3424 4554 3617 4625 ἔφορον
3640 4550 3833 4605 διανοού

2319 4659 2493 4713 μενος.

726 4734 891 4790 Vsus.
928 4734 1113 4790 12-15.
1154 4729 1411 4805 Exsurge,
1449 4735 1668 4792 Domine
1706 4736 1844 4791 Deus
1876 4754 2039 4803 meus,
2064 4739 2211 4794 exal-

2397 4733 2721 4801 Ἀνάστηθι,
2756 4736 2928 4803 Κύριε
2955 4737 2987 4787 ό
3020 4734 3161 4801 Θεός
3186 4752 3325 4803 μου,
3358 4735 3650 4815 causam
3678 4736 3716 4800 ἠ
3745 4730 3851 4799 χείρ

659 4839 794 4883 tetur
849 4844 1037 4882 manus
1105 4837 1217 4892 tua,
1266 4843 1330 4882 ne
1373 4827 1698 4884 obliviscaris
1756 4846 2041 4900 pauperum
2093 4839 2198 4885 tuo-

658 4939 774 4976 rum
812 4924 865 4977 in
913 4922 1087 4992 ﬁnem.
1138 4921 1291 4977 Vides
1320 4913 1565 4993 quoniam
1623 4933 1677 4977 tu
1713 4924 1943 4979 laborem
1971 4931 2021 4977 et
2062 4922 2211 4977 dolo-

659 5030 766 5069 rem
805 5012 1131 5077 consideras,
1166 5023 1239 5083 ut,
1268 5015 1452 5069 tradas
1482 5030 1569 5069 eos
1608 5015 1662 5068 in
1690 5033 1877 5069 manus
1916 5024 2056 5069 tuas.
2095 5013 2213 5068 Tibi

660 5106 937 5160 derelictus
966 5114 1042 5160 est
1065 5120 1276 5173 pauper,
1309 5106 1541 5176 orphano
1578 5115 1635 5159 tu
1664 5123 1779 5161 eras
1810 5108 2043 5175 adjutor.
2075 5102 2215 5160 Con-

663 5210 767 5252 tere
796 5200 1063 5253 brachium
1093 5201 1376 5267 peccatoris
1397 5207 1449 5256 et
1470 5200 1689 5271 maligni
1710 5215 1728 5253 :
1750 5213 2014 5270 quaeretur
2029 5214 2215 5268 pecca-

661 5299 773 5362 tum
801 5292 934 5359 ejus,
972 5300 1021 5345 et
1043 5307 1146 5344 non
1174 5292 1479 5347 invenietur.
1513 5289 1608 5347 Dei
1637 5292 1980 5345 tolerantiam
2013 5290 2214 5343 excitat

666 5382 731 5435 ad
764 5384 1027 5452 judicium
1053 5384 1121 5439 de
1153 5383 1333 5453 impiis
1362 5383 1665 5441 ferendum.
1713 5381 1816 5438 Per
1846 5397 2065 5437 manum
2118 5397 2215 5435 au-

665 5480 772 5526 tem
797 5478 1107 5541 exaltatam,
1128 5475 1235 5529 vim
1261 5475 1575 5544 iudicialem
1598 5475 1889 5546 signiﬁcat.
1908 5475 2043 5529 Dum
2066 5474 2211 5530 enim

668 5567 781 5633 ipsa
815 5568 1007 5637 impios
1037 5583 1146 5622 non
1175 5567 1478 5632 ulciscitur,
1512 5582 1612 5623 ceu
1632 5566 1775 5620 victa
1810 5565 1979 5621 videri
2008 5572 2210 5636 potest.

666 5658 893 5724 Quando
932 5674 1057 5714 vero
1104 5660 1396 5728 unicuique
1442 5660 1619 5715 reddit
1667 5658 1813 5728 quod
1855 5672 2069 5727 aequum
2102 5666 2211 5719 est,

664 5754 890 5810 exaltari
936 5752 1155 5819 dicitur,
1208 5766 1473 5822 nemoque
1522 5753 1697 5823 ipsam
1758 5748 1995 5820 effugere
2044 5750 2212 5805 valet.

2315 4843 2449 4891 σου,
2496 4827 2581 4897 μὴ
2620 4828 2872 4899 ἐπιλάϐῃ
2918 4827 3035 4882 τῶν
3074 4828 3343 4897 πενήτων
3383 4844 3497 4883 σου
3542 4830 3627 4892 εἰς
3677 4825 3849 4889 τέλος.

2316 4918 2588 4985 Βλέπεις,
2619 4920 2705 4974 ὅτι
2736 4920 2817 4974 σὺ
2843 4923 3033 4975 πόνον
3069 4920 3165 4973 καὶ
3199 4920 3387 4990 θυμὸν
3413 4917 3736 4983 κατανοεῖς,
3765 4912 3850 4968 τοῦ

2320 5012 2681 5079 παραδοῦναι
2718 5013 2937 5079 αὐτοὺς
2973 5014 3058 5079 εις
3094 5012 3294 5081 χεζοάς
3326 5028 3462 5067 σου.
3494 5011 3596 5066 Σοὶ
3628 5012 3847 5085 ἐγκατο-

2318 5103 2619 5157 λέλειπται
2650 5107 2681 5158 ό
2725 5105 2981 5173 πτωχὸς,
3032 5103 3267 5171 ὀρφανῷ
3304 5105 3384 5158 σὺ
3428 5099 3586 5172 ἦσθα
3625 5101 3847 5167 βοηθός.

2320 5197 2653 5265 Σύντριψον
2684 5196 2791 5250 τὸν
2823 5198 3119 5266 ,ϐραχίονα
3147 5195 3250 5249 τοῦ
3278 5194 3621 5265 άμαρτωλοῦ
3651 5196 3741 5247 καὶ
3765 5208 3835 5243 -κε

2319 5290 2532 5356 κηροῦ·
2589 5290 2973 5357 ζητηθήσεται
3020 5292 3057 5358 ἡ
3103 5290 3355 5358 ἁμαρτία
3402 5288 3600 5353 αὐτοῦ,
3652 5288 3743 5341 καὶ
3793 5285 3848 5335 οὐ

2315 5379 2402 5449 μὴ
2426 5382 2657 5450 εὑρεθῇ.
2712 5382 2895 5445 Οὕτως
2924 5382 3016 5435 ἐπὶ
3052 5381 3151 5453 τὴν
3183 5380 3532 5435 τῶνὰσεόῶν
3572 5384 3746 5452 κρίσιν
3790 5376 3846 5427 δι-

2319 5474 2520 5545 εγείρει
2544 5475 2727 5527 λοιπὸν
2746 5473 2843 5544 τὴν
2868 5475 3064 5546 ἀνοχὴν
3095 5474 3186 5528 τοῦ
3216 5474 3371 5530 Θεοῦ.
3408 5476 3469 5529 Ἡ
3489 5476 3547 5529 δὲ
3571 5469 3850 5545 χεὶρὺᾦον·

2326 5570 2457 5641 μένη
2494 5570 2718 5641 δύναμιν
2762 5570 2992 5640 ἐδήλωσε
3027 5574 3293 5644 κριτικήν.
3338 5572 3422 5623 Ἐν
3454 5574 3561 5640 ὅσῳ
3601 5568 3706 5638 γάρ
3734 5562 3849 5631 αὑτὴ

2325 5660 2397 5730 μὴ
2424 5654 2877 5730 τιμωρεῖταιτοὺς
2903 5662 3135 5727 ἀσεϐεῖς,
3164 5661 3578 5732 τετιμωρείσθαι
3598 5659 3673 5725 (ι)
3695 5653 3847 5707 δοκεῖ·

2320 5749 2638 5806 ἀποδιδοῦσα
2662 5751 2717 5806 δὲ
2742 5749 2954 5821 ἑκάστῳ
2994 5752 3131 5807 κατά
3164 5752 3225 5806 τὸ
3250 5750 3471 5812 δίκαιον,
3501 5746 3753 5818 ὑψοῦσθαι
3780 5741 3849 5794 λέν

735 5872 810 5945 (1)
846 5871 1306 5943 Τετιμιῳεῒσθαι.
1335 5868 1441 5927 Pro
1462 5868 1886 5941 τετιμωρῆσθαι,
1912 5880 2037 5928 utet
2063 5870 2209 5927 alibi.
2242 5863 2397 5923 Eutr-
