3928 6336
637 434 730 492 151

1297 432 1568 491 EUSEBII
1594 431 2071 491 CIESARIENSIS
2105 427 2258 491 OPP.
2298 429 2479 487 PARS
2513 428 2603 487 Ill.
2636 460 2706 470 —
2743 426 3155 495 EXEGETICA.
3190 382 3197 387 .

3761 422 3853 478 152

632 550 869 617 coelum,
908 557 1071 622 atque
1114 547 1250 605 illud
1301 565 1333 604 a
1364 548 1647 606 Salvatore
1680 551 2056 605 annuntiatum
2114 566 2206 606 re-

2319 548 2400 603 τὴν
2455 547 2596 619 ἱερὸν
2634 546 2972 619 ’Δπόστολονη
3023 546 3083 609 ὅς
3142 560 3273 616 φησι
3305 561 3321 594 -.
3376 540 3855 610 Προσεληλύθατε

630 657 798 715 gnum
828 642 1106 699 caelorum.
1129 640 1256 700 Haec
1281 649 1367 698 est
1422 640 1725 699 Jerusalem
1768 643 2049 700 cmlestis:
2090 642 2206 699 haec

630 730 747 802 ipsa
775 740 860 789 est
893 748 1050 790 mons
1079 734 1210 789 Sion
1277 740 1331 787 et
1376 730 1570 788 civitas
1626 732 1721 789 Dei
1766 733 2022 797 viventis,
2050 733 2206 803 juxta

627 837 847 882 sacrum
898 825 1223 897 Apostolum
1276 826 1371 895 qui
1430 825 1549 880 ait:
1597 812 1916 881 Acce‘ssistis
1962 824 2030 878 ad
2077 823 2207 879 Sion

630 927 895 987 montem,
941 928 992 984 et
1048 919 1311 973 civitatem
1360 916 1460 972 Dei
1492 918 1706 973 viventis
1765 916 2067 997 Jerusalem
2105 933 2208 972 cce-

630 1008 808 1064 lestem
838 1012 905 1066 ²².
934 1008 1039 1065 Per
1063 1009 1476 1065 tabernaculum
1512 1018 1694 1065 autem
1736 1008 1974 1078 idipsum
2001 1007 2206 1064 intelli-

628 1101 795 1170 gitur,
828 1101 972 1172 quod
1010 1117 1227 1157 sursum
1259 1102 1316 1157 in
1350 1101 1924 1159 moulerconstitutum
1955 1111 2069 1171 est,
2124 1103 2207 1161 uti

628 1194 827 1249 dicitur
857 1213 870 1248 :
904 1194 1145 1250 Christus
1175 1205 1351 1250 autem
1403 1197 1657 1265 assistens
1708 1196 1949 1266 pontifex
2001 1197 2208 1266 futuro-

627 1305 748 1342 rum
776 1288 1033 1342 bonorum
1053 1327 1067 1351 ,
1116 1303 1209 1356 per
1245 1286 1473 1355 amplius
1506 1295 1556 1341 et
1584 1287 1865 1357 perfectius
1895 1291 2207 1361 tabernacu-

629 1383 740 1435 lum
769 1397 870 1433 non
896 1380 1280 1459 manufactum,
1312 1378 1367 1449 id
1400 1388 1500 1447 est,
1524 1397 1629 1434 non
1655 1380 1811 1451 hujus
1835 1384 2114 1457 creationis
2136 1383 2203 1441 ³⁸.

698 1470 823 1528 Haec
846 1487 971 1527 cum
1004 1472 1189 1527 Davidi
1224 1472 1280 1526 in
1310 1482 1545 1528 mentem
1580 1474 1851 1542 venirent,
1891 1475 1970 1531 sic
1998 1476 2205 1532 vocife-

610 1558 779 1619 ratus
838 1572 961 1620 est:
1000 1563 1237 1632 Domine,
1270 1567 1385 1636 quis
1443 1562 1703 1621 habitabit
1758 1568 1813 1622 in
1866 1569 2205 1635 tabernaculo

628 1658 762 1711 tuo?
792 1654 942 1709 Talis
962 1655 1103 1709 enim
1140 1672 1325 1714 revera
1357 1658 1541 1726 homo,
1572 1659 1665 1730 qui
1712 1660 1925 1723 scilicet
1969 1676 2206 1717 ascensu

626 1744 943 1828 huiusmodi
970 1756 1021 1801 et
1055 1746 1394 1807 habitatione
1416 1750 1630 1811 cmleSti
1656 1750 1857 1821 dignus
1897 1740 1997 1819 sit,
2045 1768 2205 1810 rarus

627 1838 941 1904 admodum,
977 1849 1031 1896 et
1066 1857 1170 1896 non
1203 1842 1427 1910 obvius,
1466 1850 1528 1897 ut
1566 1844 1653 1898 vix
1683 1858 1826 1899 unus
1870 1843 1924 1898 in
1965 1844 2204 1902 millibus

626 1938 898 1989 occurrat.
962 1930 1398 1997 Tabernaculum
1446 1932 1629 2003 itaque
1663 1932 1794 1988 illud
1827 1935 2047 1991 caeleste
2091 1936 2204 2005 jam

624 2029 1011 2097 memoratum,
1042 2022 1381 2077 domicilium
1436 2022 1609 2093 ipsius
1668 2023 1761 2094 Dei
1810 2024 2011 2082 fuerit:
2042 2026 2206 2094 homo

625 2129 758 2169 vero
784 2114 879 2185 qui
921 2130 950 2168 a
979 2122 1195 2169 terrena
1224 2117 1313 2183 illa
1339 2118 1789 2184 commoratione,
1823 2135 1920 2175 ceu
1962 2136 1992 2175 a
2026 2121 2203 2190 capti-

625 2205 815 2273 vitate,
848 2204 903 2259 iu
935 2206 1158 2262 caeleste
1181 2206 1309 2261 illud
1343 2208 1755 2265 tabernaculum
1788 2210 2205 2286 transferendus

626 2304 746 2359 est,
790 2300 945 2369 quasi
989 2299 1307 2370 peregrinus
1348 2307 1403 2355 et
1441 2302 1647 2357 advena
1696 2303 1812 2357 illic
1843 2304 1983 2367 erit,
2018 2313 2207 2376 utpOte

627 2386 721 2456 qui
748 2387 967 2442 aliunde
996 2397 1050 2441 et
1074 2404 1140 2443 ex
1172 2389 1347 2443 aliena
1375 2392 1597 2460 regione
1623 2391 1815 2446 eodem
1846 2396 2205 2464 transmigra-

626 2477 810 2543 verit;
848 2487 1182 2548 quapropter
1232 2479 1438 2533 dictum
1492 2480 1633 2545 fuit,
1682 2481 1810 2547 Quis
1845 2483 2101 2537 habitabit
2150 2486 2205 2541 in

632 2568 972 2625 tabernaculo
1006 2571 1129 2624 tuo?
1162 2568 1359 2625 Beatus
1412 2579 1591 2625 autem
1638 2574 1729 2642 qui
1766 2575 1820 2629 in
1870 2576 1986 2647 ipso
2021 2586 2206 2634 monte

630 2660 962 2716 constitutus
1010 2678 1073 2717 ac
1106 2663 1462 2726 conﬁrmatus
1505 2667 1697 2735 fuerit;
1742 2684 1867 2723 cum
1911 2670 2206 2725 doceamur

630 2752 970 2808 natisiouem
1003 2754 1183 2823 istam,
1207 2757 1385 2827 dignis
1417 2759 1731 2816 hominibus
1760 2769 2004 2832 paratam
2026 2801 2041 2823 .
2094 2770 2204 2817 sta-

630 2843 794 2903 bilem
826 2855 1253 2918 perpetuamque
1278 2848 1412 2908 fore.

704 2936 871 2993 Vnus.
912 2938 966 2992 2.
1016 2939 1121 3005 Qui
1167 2941 1358 3013 incedit
1407 2942 1523 2995 sine.
1573 2944 1810 3007 macula,
1864 2953 1913 2997 et
1956 2951 2205 3013 operatur

628 3028 917 3105 iustitiam.
974 3029 1095 3085 Non
1151 3033 1297 3086 enim
1358 3036 1517 3087 unica
1580 3049 1668 3089 res
1711 3044 1861 3105 gesta
1922 3044 2204 3092 strenuum

633 3122 906 3178 hominem
943 3124 1011 3199 ad
1073 3123 1465 3194 perfectionem
1519 3125 1703 3195 ducit;
1756 3129 1849 3183 sed
1894 3146 1991 3200 per
2033 3137 2201 3187 totam

2305 640 2461 695 Σιὼν
2482 639 2602 707 ὄρει
2622 678 2649 709 ,,
2672 638 2772 692 καί
2799 638 2970 691 πόλει
3017 635 3165 691 Θεοῦ
3207 633 3438 701 ζῶντος,
3489 633 3857 703 Ἰερουσαλὴμ

2303 733 2656 803 ἐπουρανίῳ.
2712 730 2825 801 Τὴν
2868 729 2926 783 δὲ
2972 727 3174 799 σκηνὴν
3221 728 3434 799 νοήσεις
3482 727 3581 796 τὴν
3630 724 3739 778 ἄνω
3776 725 3857 776 ἐπὶ

2304 826 2400 881 τοῦ
2464 826 2621 896 ὅρους
2675 812 2968 896 ἱδρυμένην
3029 819 3284 875 ἀπὸτοῦ
3339 819 3637 888 φάσκοντος
3689 815 3854 884 λόγου·

2303 919 2557 990 Χριστὸς
2598 918 2667 973 δὲ
2711 914 3195 985 παραγενόμενος
3238 911 3546 982 ἀρχιερεὺς
3576 908 3695 964 τῶν
3723 912 3857 979 μελ-

2304 1012 2537 1066 λόντων
2566 1007 2816 1080 ἀγαθῶν
2850 1006 2950 1061 διὰ
2991 1004 3103 1073 τῆς
3146 1001 3414 1075 μείζονος
3457 1002 3555 1056 καί
3594 1000 3860 1056 τελειοτὲ-

2297 1119 2414 1172 ρας
2462 1100 2733 1170 σκηνῆς,
2786 1101 2859 1154 οὐ
2911 1094 3359 1168 χειροποιήτου,
3412 1094 3743 1156 τουτέστιν.
3796 1095 3859 1147 οὐ

2304 1198 2527 1267 ταύτης
2547 1194 2659 1263 τῆς
2685 1194 2954 1260 κτίσεως.

2377 1467 2595 1521 Τούτων
2639 1466 2929 1539 τοιγαροῦν
2960 1468 3055 1521 καὶ
3098 1471 3128 1521 ὁ
3154 1465 3315 1520 Δαυῒδ
3341 1467 3421 1529 εἰς
3452 1464 3660 1518 ἔννοιαν
3688 1462 3861 1528 ἐλθὼν,

2305 1559 2578 1629 ἀναφωνεῖ
2626 1560 2835 1629 λέγων’
2890 1560 3067 1627 Κύριε
3092 1599 3107 1623 ,
3154 1560 3246 1625 τίς
3287 1556 3641 1627 παροικήσει
3689 1555 3757 1610 ἐν
3796 1554 3867 1619 τῷ

2305 1650 2647 1723 σκηνώματι
2696 1669 2843 1715 σου;
2875 1650 3118 1721 Ἀληθῶς
3166 1650 3276 1722 γὰρ
3328 1650 3549 1712 σπάνιος
3596 1648 3697 1701 καὶ
3744 1646 3857 1700 δνσο

2304 1745 2546 1819 εύρετος,
2584 1747 2678 1801 καὶ
2710 1742 2791 1809 εἷς
2823 1763 2925 1799 που
2966 1744 3074 1798 ἀπὸ
3110 1742 3337 1815 μυρίων,
3367 1744 3396 1795 ὁ
3423 1742 3525 1814 τῆς
3563 1739 3868 1800 ἀναϐάσεως

2308 1840 2521 1910 ἐκείνης
2566 1840 2661 1893 καὶ
2704 1840 2815 1909 τῆς
2862 1839 2922 1891 ἐν
2980 1835 3230 1907 οὐρανοῖς
3289 1838 3669 1904 παροικήσεως
3713 1828 3867 1895 ἄξιος.

2307 1934 2381 1988 Τὸ
2417 1934 2514 2005 μὲν
2548 1927 2641 1986 οὖν
2671 1928 2908 2001 δηλωθὲν
2940 1929 3223 1998 σκήνωμα,
3259 1924 3318 1978 τὸ
3352 1926 3409 1978 ὲν
3433 1924 3705 1995 οὐρανοῖς,
3729 1922 3871 1989 οίκη-

2306 2028 2493 2099 τήριον
2553 2022 2719 2079 αὐτοῦ
2763 2021 2958 2092 γένοιτ’
2990 2018 3057 2073 ἂν
3098 2016 3192 2072 τοῦ
3239 2016 3374 2093 Θεοῦ
3398 2033 3410 2045 ’
3461 2014 3750 2086 ἄνθρωπος
3792 2012 3868 2075 δὲ,

2308 2121 2495 2192 ὥσπερ
2537 2120 2645 2174 ἀπὸ
2695 2116 3070 2189 αἰχμαλωσίας
3116 2115 3213 2185 τῆς
3262 2112 3402 2169 κατὰ
3445 2111 3555 2181 γῆν
3602 2109 3872 2187 διατριϐῆς

2310 2212 2520 2285 μέλλων
2549 2209 3021 2294 μεθίπασθαιιέπὶ
3047 2207 3146 2278 τὴν
3171 2204 3419 2277 οὐράνιον
3448 2203 3871 2274 κατασκήνωσιν,

2307 2306 2493 2377 ὥσπερ
2540 2322 2622 2368 τις
2668 2304 2813 2372 ξένος
2857 2305 2948 2365 καὶ
2987 2301 3248 2373 πάροικος
3293 2299 3443 2353 ἔσται
3493 2298 3641 2369 ἐκεῖ,
3684 2296 3777 2350 an

2307 2395 2569 2469 ἑτέρωθεν
2598 2395 2933 2465 μετανάστης
2963 2391 3233 2463 γεγονὼς,
3263 2391 3357 2444 καὶ
3382 2386 3441 2455 ἐξ
3470 2388 3666 2460 ἐτέρας
3694 2388 3873 2457 ὡρμη-

2310 2489 2467 2560 μένος
2527 2484 2706 2557 χώρας
2726 2502 2739 2515 ο
2772 2486 2851 2538 διὸ
2877 2484 3157 2539 λέλεκται·
3198 2484 3290 2549 Τίς
3320 2481 3676 2550 παροικήσει
3707 2478 3775 2532 ἐν
3805 2474 3875 2541 τῷ

2306 2577 2648 2649 σκηνώματι
2686 2593 2836 2642 σου;
2867 2579 3151 2649 Μακάριος
3195 2576 3251 2629 δὲ
3284 2578 3312 2629 ὁ
3337 2577 3394 2629 ὲν
3408 2573 3556 2643 αὑτῷ
3594 2572 3879 2641 γενόμενος

2304 2671 2383 2742 τῷ
2410 2671 2555 2742 ὄρει,
2587 2670 2681 2724 καὶ
2726 2668 2957 2740 ἱδρυθεὶς
2996 2670 3054 2721 ὲν
3085 2668 3252 2737 αὐτῷ,
3287 2664 3381 2719 τοῦ
3408 2664 3570 2733 λόγου
3607 2661 3874 2715 διδάσκον-

2304 2781 2395 2827 τος
2429 2764 2740 2834 παράμονον
2768 2760 2985 2814 ἔσεσθαι
3011 2759 3104 2814 καὶ
3136 2757 3544 2823 διαιωνίζουσαν
3575 2759 3692 2819 τοῖς
3720 2752 3877 2818 ἀξίοις

2303 2857 2403 2928 τὴν
2428 2856 2595 2928 αὐτὴν
2629 2854 2817 2926 μονήν.

2374 2947 2778 3015 Πορευόμενος
2793 2943 3047 3014 ἄμωμος,
3073 2942 3168 2997 καὶ
3186 2939 3573 3011 ἐργαζόμενος
3592 2935 3878 2993 δικαιοσύ-

2304 3056 2442 3108 νην.
2479 3038 2553 3092 Οὐ
2587 3039 2695 3108 γὰρ
2715 3036 2820 3107 μία
2845 3034 3041 3106 πρᾶξις
3068 3033 3262 3086 τελειοῖ
3293 3032 3383 3084 τὸν
3419 3029 3728 3091 σπουδαῖον,
3756 3024 3877 3079 ἀλλά

2305 3130 2467 3183 παντὶ
2505 3128 2749 3200 προσῆκε
2791 3126 2869 3196 τῷ
2911 3125 3009 3196 βίῳ
3039 3128 3159 3187 ταῖς
3198 3124 3317 3176 κατ’
3345 3121 3553 3191 ’ἀρετὴν
3586 3118 3878 3188 ἐνεργείαις

632 3215 799 3285 νίιειη
828 3215 1043 3281 virtutis
1075 3217 1335 3286 operibus
1371 3218 1770 3288 insistendum;
1806 3229 1869 3274 .ut
1906 3222 1961 3275 in
1993 3222 2096 3278 hac
2119 3223 2205 3276 via

2319 3218 2868 3293 τνμπαρατείνεσθαι,
2908 3219 2993 3271 ἵνα
3025 3216 3243 3287 ἄμωμοι
3274 3214 3368 3267 xui.
3402 3211 3729 3281 ἀνέγκλητοι
3769 3208 3893 3267 κατ’,

634 3307 898 3377 inculpati
935 3322 1007 3361 εον
1028 3309 1257 3364 crimine
1293 3312 1451 3365 vacui
1488 3326 1833 3368 censeantur.
1863 3312 1929 3366 Et
1968 3313 2082 3367 hzec
2118 3314 2209 3368 illa

637 3394 895 3449 salutaris
952 3397 1189 3466 cognitio
1260 3397 1459 3462 fuerit,
1514 3410 1677 3469 quam
1741 3398 1856 3470 ipse
1914 3397 2068 3453 affert
2125 3399 2211 3456 his

636 3484 821 3554 verbis
847 3504 859 3540 :
895 3484 1006 3561 Ego
1040 3503 1156 3540 sum
1188 3490 1271 3541 via
1300 3490 1365 3541 “.
1393 3488 1618 3559 Oportet
1651 3491 1797 3544 enim
1828 3498 1949 3561 post
1975 3491 2214 3561 primum

638 3578 850 3634 editum
890 3595 1029 3649 opus
1069 3579 1304 3645 bonum,
1360 3582 1696 3651 singulorum
1759 3580 2210 3654 subsequentium

631 3678 958 3747 gestorum,
1016 3680 1077 3724 ut
1134 3671 1341 3726 scilicet
1378 3688 1501 3727 cum
1547 3674 1760 3743 justitia
1829 3677 2209 3743 admittantur,

639 3775 827 3817 curam
866 3767 919 3832 et
958 3762 1378 3817 sollicitudinem
1406 3778 1614 3834 gerere.

711 3851 877 3919 Vens.
922 3854 975 3907 5.
1024 3854 1128 3920 Qui
1174 3854 1404 3925 loquitur
1449 3857 1722 3910 veritatem
1775 3858 1830 3910 in
1884 3859 2045 3913 corde
2091 3876 2209 3924 suo,

639 3944 729 4014 qui
769 3961 872 3998 non
915 3945 1018 4013 egit
1060 3944 1241 3997 dolum
1295 3947 1347 3998 in
1386 3947 1565 4016 lingua
1606 3963 1727 4001 sua.
1777 3945 1893 4000 Non
1926 3958 2009 4003 est
2048 3950 2213 4019 igitur

640 4035 790 4105 quod
819 4037 943 4106 quis
976 4052 1044 4091 ex
1088 4037 1425 4101 rudioribus,
1461 4040 1544 4093 his
1585 4039 1772 4108 probis
1815 4039 1976 4096 editis
2006 4040 2215 4099 facino—

640 4126 818 4189 ribus,
848 4142 969 4182 sese
993 4125 1209 4199 efferat;
1243 4142 1310 4182 ne
1340 4127 1748 4201 ceu‘naufragio
1772 4127 1916 4185 facto
1946 4131 2213 4186 bonorum

636 4217 908 4289 jacturam
945 4218 1129 4286 iaciat.

714 4309 880 4367 Vens.
912 4312 965 4367 4.
1029 4312 1113 4366 Ad
1137 4363 1141 4366 .
1170 4312 1393 4367 nihilum
1438 4310 1690 4384 deductus
1731 4324 1808 4369 est
1853 4316 1910 4370 in
1937 4325 2213 4385 conspectu

641 4401 754 4466 eius
801 4388 1085 4475 malignus,
1134 4401 1371 4472 timentes
1407 4412 1583 4457 autem
1608 4402 1887 4458 Dominum
1926 4405 2211 4477 gloriﬁcat.

644 4493 751 4559 Qui
786 4496 937 4561 jurat
979 4496 1218 4562 proximo
1259 4511 1374 4559 suo,
1419 4503 1469 4550 et
1507 4511 1611 4567 non
1653 4494 1863 4565 decipit.
1901 4496 1999 4550 Hic
2026 4514 2123 4568 pro
2157 4514 2214 4554 re

2314 3313 2483 3384 αὐτὴν
2512 3298 2799 3381 γενώμεθα
2825 3309 2921 3380 τὴν
2948 3308 3083 3363 ὁδόν.
3115 3306 3216 3378 Εἴη
3249 3306 3294 3359 δ’
3315 3306 3383 3359 ἂν
3407 3304 3544 3375 αὕτη
3568 3306 3601 3375 ἠ
3625 3305 3877 3375 σωτήριος

2312 3404 2532 3475 γνῶσις,
2558 3404 2623 3475 ἦν
2646 3403 2803 3465 αὐτὸς
2828 3400 3095 3472 παριστὰς
3117 3398 3320 3467 ἔλεγεψ
3357 3395 3495 3466 Ἐγώ
3524 3398 3642 3465 ειμι
3666 3397 3704 3462 ἠ
3728 3393 3874 3457 ὁδός.

2314 3497 2404 3549 Δεῖ
2452 3494 2562 3566 γὰρ
2604 3493 2739 3565 πρὸς
2772 3493 2850 3564 τῷ
2883 3491 3082 3563 πρώτῳ
3122 3488 3523 3561 κατορθώματι,
3563 3490 3660 3541 καὶ⁸
3695 3487 3795 3557 τῆς
3820 3484 3878 3537 δι’

2314 3588 2490 3658 ἔργων
2546 3588 2640 3642 καὶ
2693 3585 2941 3658 πράξεων
2994 3584 3101 3637 τῶν
3155 3587 3212 3637 ἐν
3259 3580 3569 3652 δικαιοσύνῃ
3634 3581 3884 3652 πρόνοιαν,

2315 3679 2600 3734 ποιεῖσθαι.
3527 3678 3532 3683 ’

2384 3860 2598 3916 Λαλῶν
2623 3858 2909 3924 ἀλήθειαν
2939 3856 3009 3909 ἐν
3035 3853 3245 3923 καρδίᾳ
3279 3852 3481 3907 αὑτοῦ·
3524 3852 3593 3916 ὃς
3625 3852 3739 3904 οὐκ
3763 3848 3881 3901 ἐδό-

2313 3955 2514 4007 λωσεν
2542 3950 2610 4004 ἐν
2638 3947 2889 4019 γλώσσῃ
2926 3944 3132 3998 αὐτοῦ.
3176 3944 3249 3995 Οὐ
3283 3942 3362 3995 δεῖ
3389 3941 3570 4017 τοίνυν
3628 3938 3882 3994 κατεπαίη

2318 4042 2506 4114 ρεσθαί
2525 4059 2645 4095 τινα
2672 4038 2780 4093 τῶν
2810 4035 3173 4109 ἀτελεστέρων
3202 4033 3338 4106 μετὰ
3364 4033 3423 4088 τὸ
3450 4032 3797 4104 κατορθῶσαι
3822 4027 3883 4081 τὰ

2316 4131 2598 4203 εἰρημένα*
2631 4131 2717 4182 ἵνα
2754 4128 2849 4200 μὴ,
2881 4121 2990 4182 οἷόν
3022 4144 3075 4180 τι
3115 4126 3371 4194 ναυάγιον
3410 4123 3620 4190 παθὼν,
3651 4123 3882 4193 ἀπολέσῃ
3910 4122 3911 4127 “

2313 4224 2382 4278 τὰ
2411 4222 2603 4296 ἑαυτοῦ
2634 4223 2791 4275 καλά.

2399 4313 2814 4380 Ἐξουδένωται
2856 4310 3109 4364 ἐνώπιον
3152 4309 3338 4365 αὐτοῦ
3383 4310 3880 4379 πονηρευόμενος,

2314 4407 2456 4473 τοὺς
2498 4405 2565 4458 δὲ
2622 4402 3027 4473 φοϐουμένους
3076 4403 3183 4456 τὸν
3227 4402 3445 4468 Κύριοκ·
3507 4400 3759 4466 δοξάζει.
3836 4400 3911 4451 Ὁη

2318 4494 2555 4569 ὀμνύων
2603 4496 2683 4563 τῷ
2748 4497 3013 4563 πλησίον
3075 4494 3267 4563 αὐτοῦ
3318 4491 3416 4546 καί
3467 4496 3579 4547 οὐκ
3645 4491 3911 4550 ἁθετῶνι

642 4595 753 4638 una
810 4592 1022 4637 tantum
1071 4580 1439 4655 congruenter
1492 4587 1669 4657 jurari
1726 4604 1887 4658 posse
1943 4589 2208 4655 decernit,

2332 4567 2595 4644 Ἐνταῦθα
2636 4589 2727 4641 ἐπὶ
2786 4590 2864 4641 ἐνί
2913 4585 3190 4661 πράγματί
3244 4599 3404 4653 φησιν
3458 4583 3704 4653 ἐὐλόγως
3764 4578 3911 4633 mss?

644 4675 773 4728 dum
805 4675 852 4728 is
881 4676 971 4744 qui
997 4675 1147 4744 jurat
1170 4676 1558 4746 jusjurandum
1594 4695 1663 4734 ne
1687 4680 1871 4735 violet.
1907 4679 2090 4750 Ecqua
2122 4682 2212 4736 illa

642 4781 735 4821 res
767 4774 883 4833 est,
926 4767 1031 4823 nisi
1072 4769 1307 4823 amicitia
1348 4778 1401 4825 et
1446 4772 1793 4843 necessitudo
1837 4789 1961 4827 cum
2007 4774 2210 4843 aliquo,

645 4871 803 4929 pacto
833 4860 1054 4923 findere,
1086 4850 1311 4928 juncta?
1348 4862 1444 4918 Est
1473 4871 1651 4917 autem
1680 4866 2049 4933 juramentum
2087 4867 2215 4935 talis,

646 4950 749 5003 viri
781 4953 1118 5022 inculpatum
1160 4958 1214 5025 et
1258 4954 1561 5022 innoxium,
1594 4970 1702 5027 quo
1734 4958 1984 5013 ﬁrmatur
2036 4960 2210 5033 illud:~

645 5038 735 5100 Ita
764 5044 861 5104 ita,
892 5050 965 5105 et,
996 5042 1118 5098 Non
1149 5062 1251 5100 non
1273 5046 1338 5102 ³’.

717 5130 885 5187 Vens.
914 5132 965 5186 5.
1012 5133 1115 5199 Qui
1143 5140 1413 5206 pecuniam
1456 5157 1609 5195 suam
1649 5156 1754 5213 non
1801 5140 1942 5209 dedit
1984 5138 2053 5196 ad
2084 5158 2214 5201 usu-

647 5237 785 5286 ram,
812 5232 861 5276 et
890 5240 1106 5280 munera
1129 5245 1283 5296 super
1322 5232 1614 5288 innocentes
1697 5248 1801 5305 non
1831 5233 2047 5301 accepit.
2074 5232 2214 5299 Quia

649 5314 921 5371 interdum
954 5322 1219 5392 contingit
1260 5340 1381 5379 eum
1411 5325 1505 5396 qui
1554 5326 1666 5395 jam
1717 5335 2014 5380 memorata
2061 5332 2213 5395 gesta

648 5415 939 5465 exsecutus
962 5419 1086 5479 'est,
1129 5415 1273 5469 circa
1304 5431 1587 5471 munerum
1610 5416 1971 5486 captationem
2001 5427 2053 5472 et
2081 5432 2215 5472 usu-

650 5511 766 5551 ram
804 5500 1109 5560 claudicare
1144 5522 1207 5560 ac
1237 5507 1555 5577 aegritudine
1588 5509 1870 5574 laborare;
1919 5507 2045 5562 huic
2077 5523 2216 5577 quo-

648 5605 757 5661 que
815 5596 1002 5651 morbo
1054 5598 1352 5654 remedium
1405 5592 1850 5670 applicat.'Nam
1913 5598 2006 5670 qui
2060 5598 2214 5668 regni

651 5685 909 5737 caelorum
958 5703 1142 5757 causa,
1184 5697 1238 5748 et
1274 5707 1341 5749 ex
1387 5692 1505 5764 ipsa
1545 5708 1673 5763 erga
1710 5692 2015 5763 proximum
2050 5707 2210 5767 suum

724 5863 766 5895 ”
807 5860 966 5920 llebr.
1001 5850 1115 5933 sn,
1149 5866 1236 5921 2‘3.
1313 5869 1355 5902 ³⁰
1396 5867 1651 5945 llcbiux,
1693 5868 1777 5945 il,
1854 5869 1895 5902 ³¹
1936 5862 2091 5924 Joan.
2126 5883 2208 5927 xu

2325 5904 2338 5918 .
2416 5862 2459 5894 ³³
2499 5859 2617 5917 Jac.
2655 5879 2716 5930 γ,
2756 5863 2841 5918 l2.

2318 4685 2426 4738 δεῖν
2477 4682 2721 4754 ὀμνύναι,
2773 4680 2865 4733 καὶ
2916 4679 3182 4750 ὀμνύοντα
3235 4676 3308 4747 μὴ
3361 4676 3720 4746 παραϐαίνειν
3768 4673 3883 4732 τοὺς

2316 4778 2530 4849 ὅρκους.
2574 4775 2694 4828 Ἐπὶ
2725 4773 2859 4842 ποίῳ
2885 4772 2941 4825 δὲ
2971 4771 3163 4840 τούτῳ,
3189 4769 3222 4839 ἢ
3254 4767 3345 4821 ἐπὶ
3376 4766 3453 4838 τῷ
3478 4767 3726 4838 ἑταιρίαν
3760 4781 3881 4832 γνη-
3909 4776 3911 4783 ‘

2320 4872 2440 4934 σίαν
2469 4870 2563 4923 καὶ
2595 4867 2775 4937 φιλίαν
2810 4863 3159 4926 σπένδεσθαις
3200 4861 3356 4914 Ἔστι
3395 4860 3453 4913 δὲ
3483 4861 3648 4931 ὅρκος
3670 4857 3765 4910 τοῦ
3794 4873 3880 4925 τη·
3910 4876 3911 4901 :

2318 4959 2560 5032 λικούτου
2592 4957 2780 5029 ἀνδρὸς
2816 4955 3230 5027 ἀκατάγνωστος
3252 4952 3428 5021 λόγος,
3461 4952 3547 5019 ἐφ’
3575 4941 3620 5016 ᾧ
3648 4943 3881 5018 βεδαιοῦ-
3900 4954 3911 4998 .3

2318 5069 2407 5107 ται
2446 5052 2527 5114 τὸ,
2561 5048 2672 5103 Ναί
2700 5041 2822 5109 ὶιαὶ,
2848 5048 2941 5101 καὶ
2968 5043 3048 5111 τὸ,
3073 5042 3156 5096 ῡῦ
3184 5044 3275 5098 οῦ.
3904 5060 3912 5091 τ

2395 5142 2465 5197 Τὸ
2498 5144 2778 5211 ἀργύριον
2817 5137 3003 5209 αὑτοῦ
3036 5138 3146 5191 οὐκ
3189 5136 3409 5191 ἔδωκεν
3443 5132 3542 5185 ἐπὶ
3580 5133 3758 5199 τόκῳ,
3792 5127 3907 5183 καί.

2321 5235 2477 5304 δῶρα
2518 5234 2609 5287 ἐπ’
2652 5232 2863 5297 ἀθώοις
2894 5231 3004 5284 οὐκ
3052 5228 3286 5288 ἔλαϐεν.
3336 5223 3552 5293 Ἐπειδὴ
3605 5222 3877 5294 συμϐαίνει
3909 5252 3911 5281 λ

2322 5326 2452 5379 ποτὲ
2498 5325 2633 5393 μετὰ
2676 5324 2853 5377 πάντα
2892 5320 2961 5374 τὰ
3005 5314 3458 5392 κατηριθμημένα
3490 5313 3911 5384 κατορθώματανγ

2322 5414 2543 5479 σκάςειν
2570 5413 2690 5467 τινὰ
2716 5406 3015 5468 καὶ”νοσεῖν
3049 5413 3177 5484 περὶ
3206 5405 3529 5478 δωροδοκίας
3557 5404 3651 5457 καὶ
3673 5402 3873 5461 τόκους.

2322 5506 2415 5561 καὶ
2444 5502 2646 5574 ταύτην
2680 5502 3115 5574 προσθεραπεύει
3167 5499 3265 5569 τὴν
3304 5496 3503 5549 νόσον..
3536 5495 3594 5548 '0
3638 5492 3748 5562 γὰρ
3784 5488 3870 5557 τῆς

2322 5590 2593 5667 βασιλείας
2625 5595 2733 5648 τῶν
2770 5593 3013 5666 οὐρανῶν
3052 5592 3259 5651 ἕνεκεν,
3298 5588 3391 5657 καὶ
3426 5584 3593 5653 αὐτῆς
3620 5583 3721 5652 τῆς
3752 5578 3911 5657 crpuit;

2319 5686 2408 5738 τὸν
2444 5683 2668 5755 πλησίον
2698 5685 2917 5756 ἀγάπης
2954 5684 3046 5737 καί
3075 5676 3480 5749 φιλανθρωπίας
3521 5673 3676 5727 τοῦτο
3712 5670 3911 5742 πράτιδ.

3875 5944 3911 5997 λῗ
