3928 6336
647 451 757 510 155

1304 441 1570 528 euseen
1605 434 2084 497 cmssnmusns
2120 432 2271 489 ore.
2310 429 2487 486 mes
2524 428 2611 486 Ill.
2652 459 2720 470 -
2756 400 3165 484 exsomnes.

3754 422 3856 479 156

647 580 780 623 sona
807 560 1208 633 pronuntiatum
1237 558 1502 628 psalmum
1527 596 1541 619 ,
1574 554 1738 624 idque
1774 549 2070 606 secundum
2095 548 2196 601 hu-

2332 544 2510 615 ῐρηται
2544 545 2572 596 ὁ
2601 540 2812 612 ψαλμός
2833 558 2846 571 ·
2892 539 3101 611 εἴρηται
3132 539 3188 591 δὲ
3236 537 3375 593 κατά
3410 537 3470 592 τὸ
3498 538 3856 610 ἀνθρώπειον,

648 669 862 710 Inanam
902 660 1184 713 naturam,
1218 645 1525 717 cujusmodi
1559 644 1699 698 bene
1736 642 1907 695 multa
1942 641 1997 694 in
2030 638 2198 692 sacris

647 745 954 816 Erangeliis
981 740 1468 819 deprehendimus;
1516 736 1676 806 quale
1702 741 1787 789 est
1811 732 1943 817 illud
1970 749 1985 785 :
2012 730 2196 794 Pater,

645 840 694 892 si
720 838 833 907 ﬁeri
856 837 1042 905 possit,
1070 840 1302 886 transeat
1332 847 1365 883 a
1396 847 1472 883 me
1505 829 1647 881 calix
1675 828 1791 883 iste.
1835 824 2199 878 Verumtamen

646 947 749 983 non
788 927 926 999 quod
970 942 1060 996 ego
1092 923 1233 999 uolo,
1285 922 1374 979 sed
1424 921 1560 991 quod
1612 932 1668 972 tu
1695 919 1770 985 ³⁵;
1821 914 1917 972 et:
1953 914 2097 969 Vada
2132 914 2199 967 ad

647 1021 861 1075 Patrem
905 1033 1075 1071 meum
1119 1026 1166 1069 et
1191 1015 1407 1069 Patrem
1447 1021 1693 1067 vestrum.
1739 1008 1901 1061 Deum
1943 1023 2114 1060 meum
2153 1014 2199 1059 et

646 1110 814 1165 Deum
843 1118 1066 1163 vestrum
1094 1106 1155 1160 ³⁸.
1180 1107 1269 1161 Sic
1286 1105 1596 1177 frequenter
1634 1108 1901 1163 orantem,
1936 1113 1998 1149 ac
2028 1111 2200 1165 genua

647 1202 952 1256 ﬂectentem
1002 1197 1329 1253 invenimus.
1388 1194 1588 1247 Eadem
1640 1206 1865 1261 prorsus
1905 1188 2115 1241 ratione
2148 1187 2201 1239 in

647 1291 754 1345 hoc
789 1303 1003 1359 quoque
1040 1288 1252 1357 psalmo
1304 1281 1624 1339 conservari
1668 1296 1726 1334 se
1767 1287 2035 1349 precatur,
2070 1278 2202 1331 dum

647 1371 827 1433 tamen
884 1394 913 1431 a
946 1394 1006 1433 se
1048 1379 1168 1447 ipso
1214 1382 1586 1430 conservatur.
1635 1372 1703 1426 At
1751 1373 1894 1427 enim
1948 1380 2005 1424 ut
2043 1370 2202 1426 homo

648 1479 825 1541 rogat,
868 1486 931 1524 ac
972 1477 1157 1539 utpote
1186 1466 1326 1521 Deus
1366 1466 1637 1537 postulata
1682 1465 1959 1530 concedit;
2016 1479 2205 1519 assen-

649 1563 816 1616 tiente
861 1562 1070 1616 scilicet
1116 1566 1170 1614 et
1208 1567 1534 1627 cooperante
1571 1557 1751 1612 Patre.
1810 1556 2073 1623 Quoniam
2114 1556 2205 1610 bo-

648 1669 833 1707 norum
864 1669 1095 1715 meorum
1128 1669 1228 1706 non
1258 1668 1395 1721 eges.
1440 1649 1565 1703 Hmc
1591 1648 1947 1721 Symmachus
1979 1652 2082 1704 alia
2117 1664 2206 1702 ra-

650 1745 795 1798 tione
834 1744 1221 1814 interpretatus
1262 1750 1347 1797 est
1376 1758 1389 1793 :
1425 1739 1548 1794 Non
1578 1751 1655 1794 est
1691 1740 1819 1793 mihi
1862 1739 2054 1817 bonum
2082 1740 2207 1808 fsine

651 1843 716 1889 te.
760 1833 947 1890 Omnis
988 1835 1143 1905 copia
1188 1834 1479 1894 bonorum,
1527 1830 1726 1899 inquit,
1759 1846 1853 1899 per
1885 1837 2034 1883 tuam
2072 1830 2205 1884 mihi

650 1929 876 1998 gratiam
916 1890 1217 1982 confertur.
1262 1922 1504 1993 Utraque
1542 1937 1707 1991 porro
1756 1922 1914 1976 lectio
1950 1936 2100 1991 aeque
2141 1923 2208 1978 ad
2238 1890 2279 1944 Β

650 2022 899 2089 pietatem
932 2023 1254 2087 opportuna.
1286 2013 1495 2068 Etenim
1549 2028 1579 2066 a
1609 2012 1718 2068 Deo
1745 2016 2024 2075 concessis
2051 2015 2208 2070 bonis

650 2125 751 2164 nos
780 2107 1130 2179 perfruimur,
1168 2121 1343 2176 neque
1384 2106 1430 2160 is
1474 2111 1622 2159 recte
1668 2103 1829 2174 factis
1868 2105 2073 2176 indiget
2111 2121 2211 2160 no-

649 2200 784 2253 stris
833 2212 1053 2253 :verum
1108 2196 1178 2253 ad
1222 2197 1514 2251 utilitatem
1568 2195 1684 2266 ipse
1724 2205 1971 2257 nostram
1998 2196 2112 2260 haec
2152 2196 2212 2250 ut

653 2304 878 2359 agamus
914 2289 1031 2359 lege
1068 2288 1265 2343 sancit.

728 2377 888 2435 Vens.
916 2381 975 2439 ’5,
999 2380 1050 2434 4.
1101 2378 1313 2435 Sanctis
1347 2382 1436 2451 qui
1475 2389 1596 2445 sunt
1632 2380 1689 2445 in
1743 2387 1885 2441 terra
1918 2376 2030 2445 ejus
2064 2376 2213 2429 miri-

651 2473 827 2542 ]icavit
871 2488 1046 2526 omnes
1081 2472 1372 2526 voluntates
1422 2489 1547 2525 suas
1586 2472 1641 2523 in
1672 2470 1767 2525 eis.
1800 2500 1869 2510 —
1902 2468 2002 2524 Vos
2039 2479 2214 2523 autem

649 2566 776 2619 estis
805 2579 989 2630 corpus
1012 2562 1230 2637 Christi,
1254 2572 1302 2616 et
1335 2562 1563 2617 ntembia
1590 2563 1655 2619 de
1684 2563 1913 2627 membro
1936 2563 2000 2616 ”.
2027 2562 2210 2618 Eccleo

654 2660 750 2710 sia:
793 2669 904 2709 suae
944 2670 1234 2719 aerumnas,
1285 2655 1389 2710 sibi
1428 2656 1585 2725 quasi
1626 2655 1875 2725 proprias
1913 2654 2213 2718 ascribens,

653 2763 720 2801 ex
750 2762 979 2816 persona
1013 2747 1131 2817 ejus
1161 2748 1272 2801 haec
1303 2750 1475 2817 potuit
1505 2747 1657 2802 ell'ari
1685 2764 1697 2799 :
1732 2746 1943 2814 Sanctis
1975 2745 2062 2815 qui
2091 2756 2213 2801 sunt

653 2839 708 2891 in
739 2848 876 2891 terra
896 2839 1008 2907 ejus
1040 2840 1337 2909 miriﬁcavit
1361 2857 1535 2893 omnes
1566 2840 1854 2905 voluntates
1888 2854 2012 2892 suas
2041 2838 2094 2889 in
2122 2838 2215 2890 eis.

656 2928 1025 2997 Muttiplicatce
1041 2939 1161 2983 sunt
1180 2931 1516 3000 inﬁrmitates
1533 2930 1843 2984 eorum.Alii
1865 2937 2063 2983 terram
2080 2927 2217 2996 ejus,

658 3017 955 3074 Ecclesiam
1012 3021 1483 3090 interpretantur;
1534 3029 1864 3094 quapmpter
1892 3020 1989 3089 Dei
2028 3020 2222 3073 volun-

656 3117 796 3164 tates
825 3110 1104 3165 mirabiles
1125 3111 1383 3165 evadunt.
1411 3110 1731 3167 Voluntates
1758 3127 1921 3182 porro
1950 3110 2064 3177 Dei,
2095 3118 2222 3166 sunt

2300 639 2483 707 ὥσπερ
2513 636 2664 691 αὐτοὶ
2691 634 2826 688 αὐτά
2852 631 3018 686 πολλά
3052 632 3145 685 καὶ
3180 633 3237 685 ὲν
3277 634 3385 691 τοῖς
3414 631 3574 702 ίεροῖς
3610 632 3860 698 Εὐαγγε-

2298 729 2432 792 λίοις
2470 728 2808 799 εὑρίσκομεντ
2842 723 3075 779 τοιοῦτόν
3126 726 3239 777 ἐστι
3288 722 3376 775 τό·
3430 720 3640 789 Πάτερ,
3672 725 3727 775 ει
3760 721 3864 775 δυ-

2299 820 2502 885 νατὸν,
2544 817 2876 887 παρελθέτω
2922 817 2987 870 τὸ
3023 815 3304 883 ποτήριον
3346 812 3519 868 τοῦτο
3550 814 3653 868 ἀπ’
3690 814 3860 883 ἐμοῦ.

2301 914 2473 980 Πλὴν
2500 916 2608 980 οὐχ
2634 913 2711 977 ὡς
2737 909 2850 980 ἐγὼ
2882 907 3051 971 θέλω,
3081 908 3214 962 ἀλλ’
3238 908 3431 973 dicm}-
3467 906 3579 969 καὶ,
3604 908 3861 973 Πορεύο-
3898 926 3915 949 ι

2295 1020 2401 1071 μαι
2444 1002 2589 1071 πρὸς
2623 1001 2729 1054 τὸν
2752 998 2981 1067 Πατέρα
3004 1016 3121 1067 μου
3166 998 3263 1051 καὶ
3290 997 3518 1066 Πατέρα
3545 997 3737 1065 ὑμῶν,
3766 998 3864 1049 καὶ

2305 1096 2452 1147 Θεόν
2471 1111 2585 1162 μου
2614 1093 2711 1146 καὶ
2744 1090 2891 1145 Θεὸν
2916 1076 3101 1159 ὑμῶνξ
3140 1089 3321 1153 Οῦτως
3348 1090 3674 1162 εὑρίσκομεν
3698 1089 3865 1143 αὐτὸν

2303 1188 2588 1257 εὐχόμενον
2619 1184 2873 1255 συνεχῶς,
2902 1184 2996 1236 καὶ
3029 1183 3093 1236 τὰ
3121 1182 3319 1251 γόνατα
3339 1184 3677 1254 κάμπτοντα.
3709 1183 3866 1236 Οῦτω

2303 1282 2479 1334 τοίνυν
2512 1280 2602 1331 καὶ
2632 1281 2687 1331 ἐν
2713 1278 2881 1347 τούτῳ
2902 1275 2980 1343 τῷ
3000 1273 3197 1344 ψαλμῷ
3223 1276 3361 1327 αἰτεί
3387 1274 3748 1353 φυλαχθῆναι,
3773 1276 3866 1328 καὶ

2306 1373 2394 1440 ὑφ’
2423 1368 2611 1423 ἑαυτοῦ
2646 1366 2991 1437 φυλάττεται.
3025 1366 3173 1415 Alte!
3210 1364 3306 1433 μὲν
3333 1363 3438 1433 γὰρ
3463 1364 3534 1427 ὡς
3558 1363 3865 1435 ἄνθρωπος,

2305 1463 2483 1516 δίδωσι
2516 1460 2572 1513 δὲ
2606 1458 2701 1529 τὴν
2735 1458 2945 1528 αἴτησιν
2975 1456 3048 1518 ὡς
3074 1455 3223 1518 Θεός’
3260 1454 3600 1518 εὐδοκοῦντος
3626 1455 3869 1525 δηλονότι

2306 1556 2399 1610 καί
2424 1551 2804 1623 συνεργοῦντος
2835 1548 2925 1601 τοῦ
2952 1548 3147 1599 οἰκείου
3176 1546 3405 1617 Πατρός.
3438 1548 3555 1598 ’Ότι
3579 1545 3700 1602 τῶν
3727 1548 3873 1615 ἀγα-

2306 1645 2425 1699 θῶν
2444 1662 2559 1714 μου
2582 1645 2652 1696 οὺ
2678 1643 2885 1711 χρείαν
2911 1642 3084 1711 ἔχεις.
3104 1642 3269 1696 Τοῦτο
3296 1646 3324 1696 ὁ
3354 1642 3643 1713 Σύμμαχος
3665 1644 3871 1714 ἑτέρως

2306 1736 2664 1807 ἡρμήνευσεν·
2693 1734 2928 1801 Ἀγαθόν
2942 1748 3039 1800 μοι
3062 1733 3169 1785 οὐκ
3192 1732 3359 1785 ἔστιν
3378 1731 3521 1785 ἄνευ
3536 1732 3670 1786 σοῦ.
3690 1732 3869 1795 Πᾶσα,

2308 1831 2460 1900 φησι,
2488 1828 2593 1880 τῶν
2621 1824 2833 1894 ἀγαθῶν
2862 1827 2895 1895 ἡ
2938 1824 3077 1895 φορά
3115 1823 3202 1876 διὰ
3244 1825 3341 1894 τῆς
3381 1825 3477 1896 σῆς
3510 1824 3750 1894 ὑπάρχει
3786 1842 3873 1894 μοι

2308 1924 2543 1998 χάριτος.
2593 1921 2900 1995 Ἀμφότερα
2945 1919 3001 1972 δὲ
3043 1918 3142 1988 τῆς
3186 1918 3463 1983 εὐσεϐείας
3512 1919 3716 1989 ἔχεται.
3766 1920 3875 1972 Καὶ

2283 2022 2467 2090 ,ἡμεῖς
2497 2016 2604 2087 γὰρ
2644 2013 2793 2085 παρά
2820 2013 2913 2066 τοῦ
2950 2011 3082 2065 Θεοῦ
3118 2011 3224 2064 τῶν
3258 2010 3475 2079 ἀγαθῶν
3508 2012 3874 2081 ἀπολαύομεν,

2310 2110 2404 2163 καὶ
2442 2107 2602 2169 αὐτὸς
2644 2106 2743 2175 τῆς
2782 2103 3054 2175 ἡμετέρας
3099 2102 3518 2173 δικαιοπραγίας
3555 2104 3614 2155 οὐ
3655 2101 3873 2180 χρῄζει·

2310 2199 2468 2270 χάριν
2506 2198 2685 2267 μέντοι
2730 2194 2828 2264 τῆς
2872 2193 3146 2265 ἡμετέρας
3178 2184 3442 2270 ὠφελείας
3476 2192 3672 2264 ταύτην
3717 2209 3880 2264 νομο-

2312 2290 2401 2343 θετ
2409 2288 2474 2342 εἴ.

2389 2380 2517 2446 Τοῖς
2554 2380 2741 2450 ἁγίοις
2781 2380 2904 2446 τοῖς
2934 2379 3003 2431 ἐν
3032 2376 3106 2446 τῇ
3130 2375 3207 2447 τῇ
3242 2376 3424 2431 αὑτοῦ
3449 2375 3880 2445 έθαυμὰστωσε

2312 2471 2506 2525 πάντα
2535 2470 2608 2525 τὰ
2643 2471 2940 2539 θελήματα
2960 2470 3142 2525 αὐτοῦ
3166 2470 3234 2522 ἐν
3260 2468 3480 2533 αὐτοῖς.
3506 2498 3576 2509 -
3603 2468 3793 2538 Ὑμεῖς
3816 2467 3882 2522 δέ

2312 2566 2451 2619 ἐστε
2479 2560 2647 2633 σῶμα
2667 2564 2940 2631 Χριστοῦ,
2966 2563 3061 2616 καὶ
3080 2561 3234 2630 μέλη
3262 2560 3327 2613 ὲκ
3343 2561 3586 2630 μέλους.
3618 2561 3879 2623 Δύναται,

2318 2656 2731 2725 ίδιοποιούμενος
2784 2656 2855 2709 τὰ
2900 2653 3045 2722 πάθη
3094 2653 3191 2722 τῆς
3231 2652 3551 2723 Ἑκκλησίας
3582 2653 3777 2717 αὐτοῦ,
3814 2654 3883 2706 τά

2315 2748 2649 2820 προκείμενα
2681 2747 2738 2810 ἐξ
2770 2746 2935 2815 αὐτῆς
2967 2744 3162 2812 λέγειν·
3194 2744 3321 2810 Τοῖς
3345 2745 3535 2813 ἁγίοις
3564 2745 3685 2811 τοῖς
3711 2747 3786 2799 ὲν
3812 2747 3881 2816 τῇ

2316 2840 2393 2910 τῇ
2432 2840 2615 2894 αὑτοῦ
2651 2837 3076 2907 ἐθαυμάστωσε
3109 2835 3304 2892 πάντα
3333 2837 3405 2890 τὰ
3438 2836 3745 2907 θελήματα
3782 2839 3886 2893 αὐ-

2318 2934 2422 2987 τοῦ
2458 2934 2528 2987 ἐν
2568 2932 2783 2998 αὐτοῖς.
2841 2931 3336 2998 Ἐπληθύνθησαν
3353 2933 3412 2984 αι
3437 2930 3742 2984 ἀσθένειαι
3782 2936 3887 2983 af,»

2320 3022 2458 3076 τῶν.
2497 3024 2708 3093 ’Ἐτεροι
2753 3021 2809 3074 δὲ
2853 3020 2957 3089 γῆν
2998 3018 3160 3074 αὑτοῦ
3200 3020 3298 3090 τὴν
3346 3020 3666 3091 Ἐκκλησίαν
3697 3019 3882 3089 φασίνσ

2322 3116 2441 3171 ὅθεν
2482 3116 2573 3169 καὶ
2611 3113 2886 3183 θαυμάσια
2916 3111 3152 3181 γίνονται
3188 3110 3256 3165 τὰ
3290 3111 3382 3164 τοῦ
3413 3111 3547 3164 Θεοῦ
3579 3111 3883 3182 θελήματα,

658 3199 888 3253 virtutes
936 3199 1162 3269 singula:
1212 3216 1333 3270 quze
1381 3201 1500 3269 ipso
1542 3208 1754 3255 astante
1810 3200 2219 3269 opitulanteque

2323 3208 2609 3279 Θελήματα
2660 3206 2716 3258 δὲ
2760 3202 2894 3257 Θεοῦ
2940 3205 2995 3256 αί
3049 3204 3166 3256 κατ’
3210 3200 3345 3266 εἶδος
3389 3203 3579 3273 ἀρεταὶ
3608 3219 3890 3277 amputa,-

658 3290 935 3355 coluntur,
977 3290 1132 3359 juxta
1172 3291 1303 3345 illud
1340 3311 1352 3345 :
1386 3290 1565 3346 Inveni
1612 3291 1781 3345 Dauid
1838 3292 2008 3361 ﬁlium
2048 3289 2216 3355 Iesse,

659 3384 831 3436 virum
873 3383 1153 3437 secundum
1191 3401 1280 3438 cor
1315 3402 1507 3450 meum,
1536 3388 1624 3455 qui
1652 3385 1810 3454 faciet
1836 3400 2010 3441 omnes
2040 3384 2222 3437 volun-

662 3484 798 3530 tates
828 3491 971 3531 meas
996 3475 1060 3540 ³⁷,
1101 3477 1310 3532 scilicet
1339 3470 1646 3533 vOIuntates
1695 3476 1836 3545 ejus,
1873 3491 1979 3545 qua
2011 3474 2223 3529 ratione

663 3568 915 3637 superius
962 3569 1244 3638 explicatae
1294 3578 1461 3631 sunt.‘
1496 3568 1561 3623 Et
1609 3584 1740 3623 sane
1769 3568 1912 3643 Deus
1955 3566 2227 3629 mirabilia

664 3658 795 3720 facit
824 3660 877 3713 in
909 3659 1115 3713 sanctis
1150 3660 1286 3725 suis,
1312 3660 1437 3728 quia
1471 3660 1524 3712 in
1555 3661 1672 3727 ipso
1695 3660 1914 3713 virtutis
1943 3658 2223 3720 exercitio,

665 3754 758 3821 qui
786 3750 1088 3814 secundum
1120 3750 1285 3805 Deum
1328 3750 1602 3820 sapientes
1632 3759 1780 3813 sunt,
1812 3750 1935 3803 aliis
1970 3755 2229 3819 praestant

666 3840 1000 3903 hominibus.
1027 3837 1145 3893 Non
1181 3840 1369 3895 eadem
1400 3840 1597 3910 quippe
1644 3839 1699 3892 in
1733 3838 2230 3909 martyribusveri-

667 3933 819 3996 tatis,
850 3933 909 3986 in
941 3932 1200 4001 apostolis
1232 3943 1285 3987 et
1310 3932 1588 4002 prophetis
1634 3930 1897 3986 fortitudo
1920 3939 2023 3994 est,
2065 3938 2231 4000 atque

672 4023 724 4077 in
756 4024 1089 4091 caeteris-qui
1115 4038 1240 4079 sese
1283 4031 1506 4077 strenue
1543 4032 1828 4093 gesserunt
1856 4041 1869 4077 :
1893 4038 2067 4092 neque
2100 4037 2229 4077 vero

668 4111 892 4183 Iosephi
940 4127 1005 4167 ac
1049 4111 1313 4174 Susanna:
1367 4116 1724 4183 temperantia
1788 4115 2233 4182 continentiaque

673 4207 900 4261 aliorum
946 4205 1292 4259 continentiae
1342 4205 1535 4259 similis
1580 4214 1681 4260 est.
1744 4206 1940 4261 Eadem
2006 4222 2232 4276 prorsus

673 4296 886 4350 ratione
919 4296 1157 4364 reliquas
1187 4303 1501 4349 sanctorum
1530 4297 1753 4353 virtutes
1785 4296 1926 4351 Deus
1956 4278 2232 4351 mirabiles

675 4389 856 4452 efﬁcit,
888 4390 963 4442 ita
993 4396 1052 4441 ut
1085 4388 1492 4458 incomparabili
1538 4390 1900 4457 prmcellc..tia
1934 4389 1989 4442 in
2018 4405 2234 4459 quaque

676 4496 736 4535 re
776 4480 915 4537 inter
953 4488 1180 4534 caeteros
1223 4480 1439 4533 virtutis
1488 4479 1761 4539 studiosos
1801 4482 2051 4535 homines
2097 4481 2234 4535 emi-

2326 3298 2485 3370 μένου
2510 3294 2723 3348 τούτου·
2777 3296 2839 3347 ὲκ
2881 3293 2993 3345 τοῦ·
3036 3288 3233 3360 Εὗρον
3264 3292 3443 3345 Δαυῒδ
3458 3290 3566 3345 τὸν
3591 3292 3699 3345 τοῦ
3753 3294 3888 3345 Ἰεσ-

2322 3389 2446 3452 σαὶ,
2493 3386 2678 3454 ἄνδρα
2722 3384 2871 3439 κατὰ
2918 3385 3031 3452 τὴν
3076 3382 3327 3452 καρδίαν
3364 3401 3500 3452 μου,
3544 3382 3612 3448 ὃς
3644 3384 3890 3450 ποιήσει

2324 3478 2514 3533 πάντα
2554 3479 2627 3533 τὰ
2667 3476 2965 3546 θελήματά
2992 3493 3129 3545 μου,
3184 3476 3251 3529 τὰ
3297 3475 3465 3537 οὕτως
3495 3476 3887 3547 ἡρμηνευμένα

2327 3572 2603 3642 θελήματα
2646 3570 2798 3625 Θεοῦ.
2849 3571 3158 3640 Θαυμαστοί
3200 3569 3256 3622 δὲ
3302 3569 3430 3632 Θεὸς
3463 3571 3519 3621 ὲν
3556 3573 3664 3632 τοῖς
3711 3571 3889 3638 ἁγίοις

2327 3663 2511 3729 αὐτοῦ,
2552 3662 2710 3715 πλέον
2758 3680 2811 3715 τι
2846 3663 3072 3732 ἐχόντων
3103 3662 3211 3714 τῶν
3249 3662 3385 3715 κατὰ
3410 3664 3539 3715 Θεὸν
3575 3664 3757 3731 σοφῶν
3785 3665 3893 3715 τῶν

2328 3752 2498 3822 ᾇλλων
2548 3750 2844 3823 ἀνθρώπων
2884 3755 2940 3804 ἐν
2971 3751 3046 3821 τῷ
3097 3752 3236 3805 κατά
3282 3753 3477 3823 ἀρετὴν
3514 3756 3782 3822 ἐνεργεῖν.
3822 3755 3891 3805 Οὐ

2328 3842 2437 3914 γὰρ
2486 3843 2703 3913 ἀνδρεία
2752 3844 2785 3913 ἠ
2825 3842 2960 3912 αὐτὴ
2992 3842 3099 3893 τῶν
3135 3842 3423 3913 μαρτύρων
3474 3843 3571 3912 τῆς
3613 3843 3891 3914 ἀληθείας,

2332 3934 2623 4005 προφητῶν
2654 3951 2712 3999 τε
2744 3935 2834 3987 καὶ
2863 3934 3190 3996 ἀποστόλων,
3222 3938 3285 4005 τῇ
3317 3935 3421 3988 τῶν
3446 3934 3618 3998 ἄλλως
3644 3936 3892 4007 ἀνδριζοο

2335 4028 2508 4098 μένων
2532 4027 2689 4093 ;ηὰλλ’
2723 4026 2865 4093 οὐδὲ,
2910 4029 2942 4098 ἡ
2988 4025 3304 4099 σωφροσύνη
3342 4026 3447 4079 τῶν
3479 4026 3791 4098 τηρούντων
3834 4030 3895 4095 ἦν

2331 4120 2486 4190 ἔσχεν
2536 4120 2729 4190 Ἰωσὴφ
2776 4119 2870 4172 καὶ
2913 4119 3204 4183 Σουσάννα,
3246 4122 3309 4189 τῇ
3342 4118 3445 4171 τῶν
3480 4120 3651 4173 ἄλλων
3683 4135 3895 4188 σωφρο-

2336 4209 2487 4280 σύνῃ.
2518 4208 2672 4262 Οῦτω
2699 4209 2754 4261 δὲ
2784 4209 2876 4261 καὶ
2908 4209 2998 4260 ἐπὶ
3030 4207 3135 4260 τῶν
3174 4207 3371 4261 λοιπῶν
3414 4209 3642 4279 ἀρετῶν,
3680 4208 3895 4276 θαυμα-

2336 4298 2582 4368 στοῦντος
2608 4299 2740 4352 Θεοῦ
2768 4300 2862 4363 τὰς
2896 4299 3002 4351 τῶν
3030 4300 3198 4366 ἁγίων
3230 4297 3424 4369 ἀρετὰς
3450 4300 3524 4361 ὡς
3553 4298 3896 4369 ἀσυγκρίτως

2336 4376 2619 4460 ὑπερέχεὶν
2659 4391 2851 4453 αὐτοὺς
2895 4391 3001 4442 τῶν
3047 4390 3185 4442 κατά
3231 4389 3547 4461 ἀνθρώπους
3592 4390 3896 4460 γενομένων

2338 4481 2659 4535 σπουδαίων.
2718 4481 2872 4535 Οῦτω
2924 4482 3239 4555 θαυμασίων
3283 4481 3389 4535 τῶν
3439 4482 3759 4553 θελημάτων
3806 4481 3893 4533 τοῦ

678 4578 861 4627 neant.
890 4571 1028 4624 Cum
1062 4570 1226 4641 igitur
1258 4569 1399 4634 adeo
1424 4571 1699 4625 mirabiles
1743 4572 1852 4627 sint
1884 4571 1979 4628 Dei
2024 4574 2079 4627 in
2109 4590 2220 4629 san-

2335 4572 2468 4630 Θεοῦ
2500 4574 2556 4625 ὲν
2587 4575 2697 4635 τοῖς
2729 4574 2902 4640 ἁγίοις
2940 4573 3127 4637 ὄντων,
3167 4573 3523 4643 πληθύνονται
3559 4575 3759 4633 αὐτῶν,
3794 4575 3896 4625 τῶν

680 4662 784 4715 etis
810 4660 926 4717 suis
950 4660 1277 4723 voluntates,
1322 4662 1747 4733 multiplicantur
1791 4671 2102 4719 sanctorum
2143 4668 2229 4721 ine

680 4750 992 4813 ﬁrmitates,
1021 4762 1143 4804 cum
1191 4750 1408 4808 videant
1452 4768 1510 4807 se
1536 4753 1730 4818 divinae
1766 4755 1955 4811 virtuti
2002 4770 2065 4809 ac
2113 4772 2231 4814 ma-

679 4840 953 4917 gnitudini
992 4842 1221 4895 multum
1265 4842 1504 4911 impares
1550 4858 1689 4898 esse.
1738 4846 1990 4899 Attamen
2019 4845 2233 4909 etiamsi

681 4947 994 4994 memoratae
1020 4950 1206 4991 eorum
1248 4933 1595 4995 inﬁrmitates
1635 4936 2082 5007 multiplicemur,
2124 4952 2235 5002 non

686 5028 891 5082 haerent
934 5026 1055 5090 diu,
1085 5044 1260 5098 neque
1292 5035 1513 5083 manent
1547 5029 1601 5082 in
1624 5014 1917 5098 ipsis,'sed
1952 5029 2239 5085 confestim

689 5117 1004 5173 abscedunt.
1067 5115 1200 5170 Nam
1259 5118 1473 5172 vixdum
1533 5133 1629 5178 eas
1695 5117 2056 5181 adverterint,
2114 5132 2238 5179 cum

691 5208 949 5261 continuo
1003 5216 1329 5261 evanescant
1372 5224 1384 5258 :
1429 5209 1557 5277 quia
1615 5207 1842 5260 multum
1902 5207 1981 5260 illi
2034 5208 2237 5272 valent,

692 5293 910 5348 Christo
938 5295 1069 5364 ipsis
1102 5295 1243 5349 vires
1276 5304 1589 5364 prcstante,
1626 5294 2090 5363 secundum-illud
2124 5316 2136 5349 :
2174 5296 2240 5363 In

697 5385 802 5439 Deo
834 5386 1082 5452 faciemus
1109 5387 1346 5440 virtutem
1371 5389 1437 5439 ⁸⁸.

765 5476 1013 5532 Arbitror
1047 5480 1176 5534 item
1210 5479 1295 5533 his
1325 5477 1613 5549 significari
1641 5479 1879 5549 priorem
1914 5479 2061 5533 illam
2095 5486 2240 5545 vete-

695 5582 811 5626 rem
868 5570 1268 5642 idololatrarum
1324 5571 1710 5649 conditionem,
1771 5585 1878 5640 qua
1928 5585 2050 5625 cum
2094 5569 2237 5623 athei

2335 4663 2503 4732 ᾁγίῳγ
2526 4662 2687 4731 λέγω,
2721 4664 2775 4715 αἱ
2805 4661 3097 4733 ἀσθένειαι,
3119 4662 3365 4733 ὁρώντων
3406 4665 3481 4727 ὡς
3530 4665 3659 4718 πολὺ
3683 4665 3898 4717 ἀπολεί-

2339 4771 2529 4808 πονται
2572 4754 2670 4823 τῆς
2711 4753 2844 4806 Θεοῦ
2882 4754 3062 4824 ίσχύος
3113 4757 3207 4808 καὶ
3251 4756 3345 4808 τοῦ
3400 4757 3661 4827 μεγέθους
3712 4757 3892 4811 αὑτοῦ.

2341 4847 2553 4920 Ὅμως,
2596 4851 2643 4901 εἰ
2682 4848 2774 4901 καὶ
2820 4848 3174 4917 πληθύνονται
3219 4849 3275 4901 αἱ
3308 4838 3682 4918 προλεχθεῖσαι
3722 4847 3897 4903 αὐτῶν

2341 4941 2631 5010 ἀσθένειαι,
2661 4942 2759 4994 οὐκ
2792 4941 3233 5013 ὲμὸραδύνουσιν,
3276 4941 3333 4992 οὐ
3364 4941 3771 5012 παραμένουσιν
3805 4940 3898 4992 αὺ-

2341 5034 2471 5095 τοῖς,
2500 5033 2837 5103 παραχρῆμα
2856 5031 3241 5104 ἀπερχάμεναι.
3273 5030 3449 5101 Μέχρι
3475 5030 3582 5102 γὰρ
3608 5030 3698 5082 τοῦ
3726 5030 3899 5102 ἐννοῆ-

2346 5140 2433 5175 σαι
2462 5123 2647 5194 αύτάς,
2675 5125 2828 5194 ἔσχον
2860 5125 3025 5185 αὑτὰς
3054 5122 3381 5192 ταχυνούσας
3412 5125 3468 5181 ὲν
3500 5122 3578 5184 τῷ
3609 5120 3795 5192 μηκέτ’
3822 5117 3895 5172 εἷ·-

2344 5236 2448 5285 ναι’
2477 5218 2563 5270 διὰ
2592 5215 2651 5269 τὸ
2688 5218 2887 5287 ἰσχύειν
2921 5217 2981 5277 ὲνΔ
3006 5214 3084 5284 τῷ
3115 5213 3536 5283 ἐνδυναμοῦσθαι
3564 5214 3898 5285 αὑτοὺςιῶπὺ

2345 5308 2577 5379 Χριστοῦ
2596 5308 2670 5379 (1)
2690 5306 2939 5379 πρώτων,
2961 5304 3028 5357 ἐν
3042 5302 3118 5368 τῷ
3139 5302 3259 5367 Θεῷ
3283 5304 3893 5373 ποιήσομενδύναμιν.

2415 5476 2577 5549 Οἶμαι
2611 5481 2667 5533 δὲ
2698 5479 2783 5533 διὰ
2812 5477 3012 5537 τούτων
3050 5480 3333 5548 δηλοῦσθαι
3375 5480 3482 5533 τῶν
3512 5480 3762 5535 ἁπάντων
3794 5476 3902 5531 τῶν

2344 5571 2509 5624 πάλαι
2535 5569 2928 5640 εἰδωλολατρῶν
2958 5570 3054 5641 τὴν
3084 5570 3350 5643 προτέραν
3373 5572 3721 5624 κατάστασιν
3756 5568 3812 5619 ἐν

766 5678 812 5718 εδ
849 5676 1321 5754 ξιειιιι.ςινι,η59.
1396 5680 1441 5711 ³⁵
1479 5678 1634 5736 Joan.
1667 5696 1771 5746 xx,
1812 5680 1896 5741 Π.
1975 5680 2020 5712 ³⁸
2058 5679 2077 5733 Ι
2114 5678 2220 5737 Cor

2323 5698 2382 5751 ιι,
2416 5682 2503 5750 27.
2582 5680 2823 5754 "lReg.
2861 5697 2980 5749 xm,
3018 5684 3127 5752 ﬂ;
3166 5683 3287 5738 Act.
3352 5698 3472 5745 sin,
3502 5681 3592 5748 22.
3669 5680 3713 5713 "‘
3753 5678 3895 5748 Psal.

698 5763 819 5809 ιιι.
859 5750 940 5801 14.

774 5819 845 5892 (ι),
884 5817 1063 5873 Lectio
1090 5818 1298 5875 vitiata.
