3928 6336
644 453 757 510 159‘
1332 449 1598 507 EUSEBII
1633 448 2105 505 CAL'SARIENSIS
2126 448 2273 505 OPP.
2316 446 2492 513 PARS
2522 448 2607 504 ιιι.
2644 478 2716 488 -
2753 446 3160 503 EXEGETICA.
3366 460 3382 480 ι
3412 483 3415 485 ι
3758 440 3847 500 160

644 585 840 643 passus
871 579 954 625 est
982 578 1229 625 mortem.
1266 569 1354 625 Sic
1394 572 1541 625 enim
1594 572 1648 625 in
1694 571 1868 625 sacris
1893 569 2195 641 Evangeliis

2325 570 2515 641 ραλμῷ.
2547 568 2898 640 ἀνθρωπίνως
2928 567 3093 635 λέγει⁸
3135 566 3348 634 Κύριος
3377 565 3545 635 μερὶς
3576 562 3687 633 τῆς
3716 566 3851 633 κλη-

646 661 878 717 eﬂ'atur:
918 660 1101 725 Pater,
1133 663 1178 715 si
1206 662 1451 731 possibile
1477 670 1576 725 est,
1607 672 1841 716 transeat
1870 681 1901 716 a
1939 680 2018 716 me
2058 666 2197 718 cali:

2325 664 2581 731 >ονομιας
2606 678 2723 731 μου
2742 662 2837 715 καὶ
2860 660 2965 713 τοῦ
2982 661 3285 727 ποτηρίονο
3310 659 3672 729 κληρονομίαν
3688 656 3852 710 καλῶν

645 751 843 807 iste“:
875 766 939 806 ac
961 754 1005 807 si
1042 754 1285 823 apertius
1322 754 1524 808 diceret
1551 771 1565 805 :i
1596 753 1849 809 Ecclesiae
1892 773 2047 820 metu,
2080 772 2199 825 (μελε

2325 756 2401 825 τὴν
2427 754 2535 806 τῶν
2567 753 2733 805 ὲθνῶν
2763 752 3036 823 βασιλείαν
3054 770 3067 782 ο
3097 753 3351 823 ποτήριον
3377 750 3433 804 δὲ
3460 750 3519 804 ὃν
3547 749 3687 819 ὑπὲρ
3718 748 3853 820 ἡμῶν

647 854 767 897 mea
811 839 1115 906 haereditas,
1184 858 1309 913 pars
1366 842 1623 899 Dominus
1686 853 1792 911 est;
1866 854 2024 916 atque
2086 847 2202 917 ipse

2325 849 2561 916 ὀπέμεινε
2596 845 2839 900 θάνατον.
2873 846 3027 899 Οὕτω
3063 843 3169 917 γὰρ
3214 847 3305 899 καὶ
3342 847 3529 908 ἐντοῖς
3561 844 3725 913 ἱεροῖς
3754 842 3857 896 ἕλευ

646 932 834 988 calicis
869 934 994 996 mei,
1024 932 1077 986 id
1100 940 1183 985 est
1214 934 1423 993 inertis,
1460 950 1583 1003 pars
1610 934 1831 991 effectus
1852 945 1956 990 est.

2325 956 2405 1008 (εν
2433 939 2791 1007 Ιίὐαγγελίοις·
2826 938 3037 1007 Πάτερ,
3059 941 3111 992 εὶ
3131 938 3407 1001 δυνατήν,
3437 935 3773 1006 παρελθέτω
3794 934 3855 987 τὸ

646 1023 925 1091 ποτήριον
962 1024 1136 1077 τοῦτο
1171 1026 1272 1080 ἀπ’
1334 1026 1497 1094 ἐμοῦ·
1534 1027 1665 1080 ὡσεὶ
1698 1028 2022 1099 σαφέστερον
2061 1029 2230 1098 ἔλεγε·
2270 1030 2377 1084 Καὶ
2409 1035 2507 1103 τῆς
2544 1035 2681 1103 ἐμῆς
2726 1032 3069 1102 Ἑκκλησίας,
3100 1032 3218 1104 ἥτις
3252 1032 3397 1085 ἐστὶν
3438 1034 3471 1103 ἡ
3538 1030 3857 1101 κληρονομία

650 1136 771 1191 μου,
808 1118 964 1191 μερίς
990 1121 1135 1172 ἐστιν
1163 1122 1191 1172 6
1224 1120 1443 1191 Κύριος⁸
1475 1123 1503 1175 ὁ
1525 1114 1709 1185 ἀὐτὸς
1736 1123 1792 1177 δὲ
1820 1124 1913 1192 κα).
1943 1122 2035 1176 τοῦ
2087 1125 2344 1197 ποτηρίου
2377 1143 2500 1197 μου,
2549 1126 2799 1181 τουτέστι
2833 1124 2927 1177 τοῦ
2958 1125 3209 1189 θανάτου,
3240 1126 3394 1197 μερὶς
3447 1122 3806 1195 γεγενημένος
3833 1124 3858 1175 6

646 1212 829 1277 αὐτός.
1057 1269 1061 1273 ,

721 1303 801 1359 Τιι
832 1321 885 1358 es
914 1307 1001 1374 qui
1030 1305 1263 1359 restituis
1290 1304 1647 1359 hazreditatem
1675 1321 1841 1358 meam
1870 1304 2014 1359 mihi.
2047 1306 2164 1361 Alia
2183 1346 2199 1371 ,

648 1396 868 1465 inquit,
912 1396 1042 1450 mihi
1092 1397 1222 1451 olim
1268 1395 1367 1449 fuit
1404 1395 1729 1459 hmreditas,
1786 1396 1988 1478 aliique
2025 1394 2219 1476 fuucsn

556 1568 559 1573 ἱ
651 1484 783 1539 Nam
813 1486 1019 1556 quando
1049 1484 1313 1540 dividebat
1343 1485 1649 1539 Altissimus
1679 1497 1884 1557 gentes,-
1925 1503 2048 1554 pars
2098 1486 2227 1540 Πολ

652 1581 783 1633 mini
812 1579 952 1633 fazta
977 1588 1059 1633 est
1084 1579 1307 1646 populus
1346 1578 1460 1647 ejus
1500 1578 1663 1632 Iacob
1684 1619 1698 1639 .
1742 1580 2007 1647 funiculus
2042 1580 2206 1635 hazre-

598 1684 603 1692 '
651 1672 838 1727 ditatis
867 1671 979 1743 ejus
1009 1670 1054 1701 “
1100 1670 1288 1725 Israel.
1332 1669 1400 1722 At
1441 1678 1571 1724 tunc
1613 1685 1776 1740 pars.
1825 1668 2116 1731 haereditas
2155 1676 2209 1723 et

656 1764 934 1841 funiculus
955 1804 968 1826 ,
997 1770 1112 1817 erat
1155 1764 1299 1833 prior
1327 1763 1415 1816 ille
1442 1763 1692 1832 populus.
1730 1761 1850 1841 Quo
1882 1761 2081 1830 pepulo
2108 1760 2209 1814 im-

655 1840 872 1925 pietatis
901 1870 1064 1909 causa
1094 1853 1302 1924 dejecto
1329 1869 1392 1906 ac
1421 1853 1667 1921 depulso,
1698 1840 1801 1905 alia
1819 1852 1952 1906 mihi
1981 1851 2209 1905 haeredi-

657 1952 776 2007 tas,
821 1946 911 1998 alii
955 1944 1113 1999 funes
1138 1984 1151 2007 ,
1200 1945 1319 1997 alia
1360 1951 1537 1997 sortes
1570 1945 1813 2011 priorum
1853 1942 1973 1995 loco
2002 1940 2211 1995 traditae

658 2044 787 2092 sunt
824 2037 879 2090 in
906 2034 1200 2104 prwclaris.
1242 2032 1454 2107 Etenim
1485 2033 1597 2087 haec
1630 2034 1868 2105 secunda
1901 2032 2211 2098 haereditas,

656 2128 867 2198 inquit,
897 2126 1150 2196 praeclara
1182 2125 1510 2194 probataque
1536 2124 1664 2178 mihi
1692 2132 1793 2179 est.

602 2208 605 2211 ’
731 2216 898 2273 Vsus.
931 2218 984 2271 8.
1032 2216 1375 2272 Proridebam
1407 2217 1686 2271 Dominum
1716 2217 1770 2271 in
1801 2224 2075 2284 conspectu
2105 2232 2214 2268 meo

658 2326 880 2379 semper,
909 2310 1154 2377 quoniam
1185 2326 1218 2362 a
1246 2308 1444 2363 dextris
1477 2318 1553 2365 est
1583 2308 1741 2371 mihi,
1777 2324 1840 2361 ne
1868 2321 2213 2360 commoveor.

664 2399 760 2453 Vir
797 2411 1017 2455 sanctus
1062 2417 1183 2455 cum
1227 2399 1513 2454 Dominum
1556 2401 1609 2454 in
1652 2401 1826 2454 oculis
1861 2400 1975 2452 suis
2005 2413 2218 2467 semper

662 2506 783 2546 esse
805 2507 988 2546 secum
1020 2497 1261 2560 reputet,
1292 2504 1635 2558 nequaquam
1660 2490 1881 2541 ﬂuctuat
1907 2506 1920 2552 ;
1954 2487 2058 2540 imo
2090 2501 2215 2539 vero

662 2583 923 2638 Dominus
968 2599 998 2637 a
1043 2583 1250 2638 dextris
1291 2582 1425 2651 justi
1472 2581 1573 2634 viri
1626 2582 1811 2634 iirmus
1854 2580 2126 2635 consistit.
2175 2578 2215 2631 E

661 2690 929 2730 converso
960 2684 1139 2728 autem
1167 2675 1234 2729 de
1260 2673 1398 2729 Juda
1442 2675 1678 2730 dicitur:
1728 2672 1793 2726 Et
1836 2672 2077 2727 diabolus
2118 2681 2216 2726 stet

662 2786 697 2823 α
723 2768 922 2822 dextris
953 2769 1065 2837 ejus
1096 2769 1162 2823 "5.

1102 2879 1357 2937 ORATIO
1391 2879 1599 2934 DAVlD
1635 2878 1778 2934 XVI.

734 3013 906 3074 Visus.
948 3019 998 3071 l.
1045 3016 1290 3079 Exaudi,
1326 3014 1577 3072 Domine.
1602 3015 1875 3083 justitiam
1902 3029 2100 3074 meam,
2136 3014 2220 3067 in-

664 3110 812 3189 tende
842 3110 1259 3178 deprecationem
1290 3124 1482 3162 meam.
1519 3105 1752 3159 Auribus
1784 3106 1987 3174 percipe
2018 3105 2218 3161 oratio-

666 3186 781 3257 nem
808 3218 978 3256 meam
998 3243 1012 3265 ,
1040 3217 1141 3254 non
1167 3200 1221 3253 in
1253 3199 1406 3252 labiis
1433 3186 1651 3253 dolosis.
1683 3196 1937 3253 Oratione
1964 3212 2061 3252 sua
2088 3214 2217 3268 sup-

666 3294 863 3363 plicat,
894 3303 951 3346 ut
978 3291 1117 3346 Deus
1144 3290 1431 3353 exaudiat,
1461 3305 1570 3345 non
1600 3290 1811 3360 quidem
1855 3304 2073 3353 vocem,
2103 3300 2215 3344 non

2380 1306 2463 1360 Σὺ
2505 1302 2565 1358 εἶ
2602 1308 2634 1358 ὁ
2680 1301 3097 1358 ἀποκαθιστῶν
3142 1303 3256 1370 τὴν
3305 1304 3713 1370 κληρονομίαν
3752 1320 3860 1372 μου

2309 1399 2465 1467 ὲμοίι
2488 1397 2662 1450 Πάλαι
2696 1397 2793 1466 μὲν
2826 1395 2953 1466 γὰρ,
2986 1396 3166 1467 φησὶν,
3197 1394 3329 1463 ἄλλη
3351 1410 3434 1456 τις
3450 1389 3516 1465 ἦν
3540 1394 3862 1465 κληρονομία

2318 1509 2438 1562 μου,
2470 1491 2562 1543 καὶ
2585 1489 2716 1543 ἄλλα
2742 1487 3093 1559 σχοινίσματά
3117 1505 3236 1558 μου.
3267 1488 3397 1539 Ὅτε
3421 1485 3530 1557 γὰρ
3556 1485 3863 1555 διεμέριζεν

2313 1588 2346 1638 ο
2366 1584 2655 1651 ’Υψιστος
2672 1582 2838 1649 ἔθνη,
2857 1571 3084 1651 ἐγενήθη
3103 1580 3272 1650 μερὶς
3286 1580 3504 1646 Κυρίου
3521 1578 3667 1644 λαός
3689 1578 3863 1633 αὐτοῦ

2324 1671 2547 1733 Ἰακὼϐ,
2580 1671 2908 1739 σχοίνισμα
2948 1670 3349 1745 κληρονομίας
3390 1669 3577 1724 αὐτοῦ
3636 1668 3862 1741 Ἰσραήλ.

2326 1765 2481 1818 Ἀλλά
2505 1764 2625 1816 τότε
2654 1763 2750 1833 μὲν
2780 1763 2935 1832 μερὶς
2955 1756 3047 1813 iul
3070 1758 3420 1832 κληρονομία,
3438 1760 3531 1813 καὶ
3550 1759 3867 1831 σχοίνισμαό

2312 1854 2569 1925 πρότερος
2592 1848 2659 1922 ἦν
2685 1850 2831 1912 λαός·
2858 1844 2917 1903 οὗ
2938 1848 3281 1910 διαπεσόντος
3296 1848 3389 1899 καὶ
3409 1846 3713 1919 ἀποδλήτου
3729 1864 3863 1915 γενο-

2315 1950 2474 2021 μένου
2498 1947 2585 2001 διὰ
2609 1944 2708 2009 τὰς
2734 1942 2982 2005 ἀσεϐείας
3004 1940 3202 2005 αὐτῶν,
3233 1940 3396 2011 ἑτέρα
3430 1941 3587 2011 μερὶς
3620 1941 3716 1994 καὶ
3748 1939 3870 1994 ἄλλα

2317 2039 2542 2110 σχοινία,
2560 2038 2653 2092 καὶ
2671 2038 2847 2109 ἕτεροι
2872 2035 3060 2106 κλῆροι
3083 2034 3202 2087 ἀντὶ
3222 2032 3327 2086 τῶν
3353 2033 3645 2103 προτέρων
3660 2034 3870 2088 ἐκείνων

2316 2131 2573 2200 ἐδόθησαν
2607 2146 2695 2200 μοι
2717 2130 2785 2182 ἐν
2807 2127 2928 2194 τοῖς
2953 2128 3307 2195 κρατίστοις.
3346 2126 3493 2197 Αὕτη
3528 2128 3661 2197 γὰρ,
3696 2128 3869 2199 φησιν,

2316 2225 2349 2293 ἡ
2375 2222 2597 2292 δευτέρα
2625 2222 2886 2293 κρατίστη
2918 2222 3011 2275 καὶ
3037 2220 3345 2290 ἀρέσκουσά
3378 2219 3466 2289 μοί
3495 2218 3664 2272 ἐστιν.

2384 2314 2747 2383 Προωρώμην
2778 2315 2886 2367 τὸν
2911 2315 3134 2382 Κύριον
3162 2310 3414 2365 ἐνώπιόν
3436 2328 3556 2381 μου
3594 2309 3696 2363 διὰ
3730 2324 3872 2363 παν-

2315 2410 2435 2470 τός’
2476 2406 2565 2459 ὅτι
2598 2407 2665 2459 ἐκ
2702 2405 2913 2470 δεξιῶν
2940 2415 3055 2473 μου
3089 2407 3279 2470 ἐστὶν,
3320 2406 3419 2459 ἵνα
3448 2403 3534 2473 μὴ
3581 2403 3871 2458 σαλευθῶ.

2326 2499 2385 2552 '0
2424 2498 2596 2565 ἅγιος,
2637 2497 2721 2550 ἀεὶ
2763 2496 3102 2567 λογιζόμενος
3134 2498 3191 2549 ὲν
3217 2496 3511 2566 ὀφθαλμοῖς
3533 2495 3704 2548 αὐτοῦ
3747 2491 3874 2547 εἶναι

2313 2590 2405 2643 τὸν
2449 2588 2670 2661 Κύριον,
2715 2590 2775 2642 οὐ
2828 2590 3126 2643 σαλεύεται·
3174 2588 3306 2643 ἀλλὰ
3344 2588 3555 2659 βέϐαιος
3587 2587 3817 2657 ἕστηκεν
3850 2585 3876 2636 6

2314 2683 2519 2753 Κύριος
2550 2684 2613 2734 ὲκ
2632 2681 2818 2747 δεξιῶν
2844 2681 2938 2735 τοῦ
2974 2682 3360 2753 δικαίου.’Περὶ
3386 2681 3442 2734 δὲ
3472 2681 3564 2734 τοῦ
3603 2678 3795 2743 Ἰούδα,
3828 2677 3875 2728 '0

2314 2774 2591 2841 διάϐολος
2618 2774 2836 2840 στήτω,
2864 2774 3049 2845 φησιν,
3073 2774 3140 2828 ἐκ
3165 2773 3376 2838 δεξιῶν
3399 2773 3607 2828 αὑτοῦ.

2656 2866 3027 2940 ΠΡΟΣΕΥΧΗ
3064 2885 3151 2937 Ta
3188 2884 3385 2937 ΑΑΥΙΔ
3421 2885 3538 2952 ις’.

2380 3001 2782 3065 Εὶσὰκουσον,
2810 3003 3003 3070 Κύριε,
3035 3000 3422 3067 δικαιοσύνης
3444 3018 3582 3068 μου,
3619 2999 3876 3069 πρόσχες

2316 3091 2392 3161 τῇ
2431 3091 2636 3158 δεήσει
2671 3108 2808 3160 μου.
2870 3090 3170 3145 Ἐ’νώτισαι
3215 3090 3329 3158 τὴν
3372 3092 3727 3160 προσευχήν
3768 3109 3877 3161 μου

2318 3184 2428 3235 οὐκ
2460 3181 2530 3233 ἐν
2560 3181 2790 3255 χείλεσι
2832 3178 3075 3246 δολίοις.
3129 3164 3381 3233 Ίιιετεύει
3408 3180 3494 3232 διὰ
3524 3184 3625 3250 τῆς
3657 3198 3880 3251 προσευ-

2318 3276 2417 3345 χῆς
2450 3270 2549 3325 τὸν
2571 3271 2703 3323 Θεὸν
2729 3269 2999 3341 ἀκροατὴν
3022 3271 3288 3338 γενέσθαι,
3321 3256 3379 3323 οὐ
3404 3275 3501 3342 τῆς
3529 3276 3738 3343 φωνῆς,
3769 3272 3879 3326 οὐδὲ

667 3384 831 3439 verba
853 3399 952 3439 sua
979 3423 991 3443 .
1020 3382 1114 3438 sed
1144 3384 1395 3438 virtutem
1422 3401 1434 3437 :
1462 3398 1526 3437 ac
1553 3384 1598 3437 si
1621 3382 1869 3437 videlicet
1883 3381 2092 3452 justitia
2117 3396 2217 3436 sua

2325 3362 2426 3417 τῶν
2460 3362 2717 3434 ῥημάτων
2742 3360 2926 3451 ριὺτοῢ,
2953 3361 3063 3414 ἀλλ’
3095 3362 3261 3432 αὐτῆς
3286 3367 3383 3433 τῆς
3407 3366 3463 3415 ὲν
3487 3363 3637 3434 αὐτῷ
3662 3367 3877 3435 ἀρετῆς,

666 3492 735 3531 ex
782 3474 949 3545 gestis
992 3474 1251 3543 Operibus
1290 3472 1562 3537 clamitet,
1590 3473 1910 3542 divinasque
1937 3487 2097 3528 aures
2125 3472 2219 3527 de-

670 3568 924 3623 mulceat.
970 3563 1156 3634 Neque
1198 3566 1343 3619 enim
1386 3564 1689 3635 quispiam,
1720 3564 2090 3633 improborum
2117 3562 2221 3617 sibi

665 3645 919 3715 conscius
971 3654 1271 3711 facinorum
1294 3694 1308 3718 ,
1337 3655 1512 3708 ‘talem
1529 3655 1697 3710 “facile
1721 3653 1985 3725 proferret
2010 3668 2217 3713 vocem.

668 3737 804 3826 Illud
852 3766 1013 3821 porro
1039 3768 1051 3803 :
1091 3745 1307 3801 Intende
1327 3744 1734 3814 deprecationem
1764 3761 1930 3798 meam
1949 3785 1964 3807 ,
1990 3744 2112 3814 jure
2137 3742 2223 3798 di-

623 3868 630 3875 -
668 3830 809 3897 ierit
834 3843 917 3896 vir
943 3842 1030 3895 ille
1057 3839 1315 3914 probatus
1343 3851 1404 3889 ac
1433 3836 1789 3899 exercitatus,
1814 3836 1905 3903 qui
1932 3834 1988 3888 in
2013 3832 2219 3888 orando

670 3934 863 4002 dignas
890 3931 1000 3986 Deo
1028 3930 1225 3985 emittit
1254 3927 1679 3999 supplicationes
1699 3964 1714 3987 .
1756 3931 1848 3997 qui
1896 3941 2004 3981 non
2054 3940 2221 3997 parva

670 4022 914 4094 quaedam
955 4022 1189 4090 viliaque
1230 4020 1501 4090 postulat,
1543 4034 1718 4089 neque
1760 4017 2219 4088 promortalibus

672 4113 1034 4181 humanisque
1069 4113 1230 4167 rebus
1262 4109 1428 4166 Deum
1456 4118 1729 4180 precatur.
1766 4094 1998 4179 ldipsum
2035 4107 2223 4163 Salva-

671 4212 758 4257 tor
784 4201 969 4256 docuit
994 4200 1122 4253 talia
1149 4200 1289 4254 latus
1318 4219 1331 4254 :
1377 4194 1569 4264 Magna
1590 4197 1767 4262 petite,
1800 4205 1847 4247 et
1874 4212 2040 4264 parva
2078 4194 2222 4264 adji-

670 4295 873 4347 cientur
895 4288 1034 4345 vobis
1058 4290 1123 4346 ⁸⁸.
1150 4288 1334 4343 Tertio
1361 4296 1541 4341 autem
1570 4296 1841 4356 precatur,
1866 4293 1927 4338 ut
1954 4285 2067 4354 ipsa
2095 4299 2222 4337 ora-

670 4387 837 4441 tionis
880 4384 1045 4438 verba
1092 4382 1317 4436 auribus
1358 4380 1656 4450 percipiat,
1689 4388 1742 4433 et
1762 4419 1777 4442 ,
1809 4386 1869 4433 ut
1898 4378 1971 4429 ita
2002 4377 2179 4431 dicam
2203 4415 2219 4440 ,

672 4476 741 4531 de
782 4479 902 4548 ipsa
942 4492 1078 4531 voce
1116 4474 1361 4544 iudicet,
1403 4471 1547 4543 quod
1592 4471 1786 4524 nonin
1819 4470 1975 4523 labiis
2016 4468 2223 4524 dolosis

672 4568 883 4638 prolata
912 4567 1004 4619 sit.
1032 4564 1357 4634 Plerumque
1381 4564 1529 4618 enim
1557 4561 1813 4631 praeclara
1840 4560 2135 4627 loquimur,
2162 4574 2225 4613 ac

674 4655 856 4710 verbis
891 4655 1090 4710 utimur
1118 4669 1179 4707 ex
1214 4652 1494 4721 scriptura
1520 4650 1703 4705 divina
1730 4648 2099 4717 depromptis;
2129 4646 2223 4701 sed

674 4762 783 4801 non
816 4746 1059 4817 purgatis
1086 4744 1269 4805 labiis.
1302 4742 1366 4795 Et
1393 4758 1522 4796 vero
1550 4746 1848 4813 occurrunt
1877 4753 2019 4807 szepe
2048 4737 2225 4790 homi—
2250 4717 2299 4775 D

676 4851 814 4899 nes,
863 4834 957 4905 qui
1006 4830 1486 4895 indiscri’minatim
1533 4829 1835 4891 conviciis,
1890 4825 2219 4887 calumniis,

676 4926 976 4982 mendaciis
994 4962 1014 4989 ι
1043 4921 1403 4977 lraudulentis
1431 4918 1610 4977 verbis
1632 4957 1648 4982 ,
1680 4919 1939 4989 periuriis
1966 4959 1982 4985 ,
2009 4917 2225 4973 obscoe-

677 5018 764 5072 nis
803 5017 962 5072 dictis
985 5057 1001 5080 ,
1042 5014 1272 5083 aliisque
1312 5012 1563 5067 absurdis
1602 5011 1831 5065 vocibus
1875 5012 1961 5064 usi
1982 5035 2001 5071 ,ε
2038 5006 2224 5063 conie—

680 5108 805 5163 stim
832 5113 1042 5160 mutato
1067 5120 1314 5160 sermone
1333 5144 1347 5166 ,
1391 5102 1642 5183 precibus
1687 5098 1851 5155 Deum
1880 5100 2223 5169 compellant.

682 5198 753 5251 At
793 5198 944 5252 solus
985 5196 1069 5248 vir
1107 5203 1363 5260 sanctus,
1390 5206 1444 5249 et
1480 5196 1718 5263 linguam
1758 5199 1813 5246 et
1852 5192 1993 5245 labia
2023 5203 2229 5247 vocem-

682 5303 789 5358 que
814 5289 987 5363 ipsam
1017 5301 1080 5339 ac
1104 5287 1268 5340 verba
1295 5287 1381 5342 vel
1412 5303 1510 5342 usu
1538 5286 1752 5341 tritiora
1779 5291 2037 5352 expurgat
2062 5300 2081 5353 ;⁵
2105 5294 2229 5350 gna-

684 5398 780 5438 rus
811 5383 957 5437 illius
982 5382 1111 5439 dicti
1142 5400 1152 5434 :
1190 5381 1263 5435 De
1292 5384 1431 5434 omni
1456 5382 1607 5435 verba
1634 5381 1801 5434 otioso
1832 5378 2085 5433 rationem
2116 5373 2229 5435 red—

683 5475 817 5531 detis
854 5474 911 5526 in
948 5474 1047 5545 die
1058 5473 1250 5542 judicii
1286 5466 1355 5504 "-
1401 5472 1541 5543 Deus
1585 5472 1854 5543 siquidem
1894 5468 2224 5527 orationem,

690 5580 799 5620 non
825 5563 984 5618 labiis
1008 5563 1211 5641 dolosis
1232 5604 1246 5627 ,
1280 5563 1376 5618 sed
1408 5570 1635 5633 purgata
1666 5564 1847 5632 lingua
1873 5600 1886 5623 ,
1920 5559 2228 5626 divinisque

664 5648 1045 5710 sermonibus~
1072 5654 1393 5710 meditandis
1434 5662 1649 5708 assueta
1680 5653 1944 5723 prolatam
1964 5690 1980 5715 ,
2009 5651 2228 5705 auribus

694 5745 941 5816 percipit.
993 5744 1353 5810 Quamobrem
1408 5760 1530 5805 cum
1578 5745 1644 5801 de
1695 5743 1906 5812 justitia
1963 5742 2224 5812 loquitur,

2319 3426 2747 3537 ὥσπέρβοὼσης
2771 3452 2857 3506 διὰ
2886 3452 2993 3507 τῶν
3032 3426 3278 3525 πράξεων
3299 3426 3396 3527 της
3423 3426 3772 3529 δικαιοσύνης
3797 3426 3882 3511 uel.

2318 3546 2669 3617 δυσωπούσης
2700 3546 2797 3617 τὴν
2830 3544 2978 3599 θείαν
3008 3547 3197 3619 ἀκοήν.
3223 3548 3334 3600 Οὐκ
3356 3547 3420 3600 ἂν
3444 3547 3548 3620 γάρ
3570 3567 3683 3615 τις,
3713 3550 3883 3619 ἑαυτῷ

2320 3636 2499 3705 φαῦλα
2540 3634 2809 3701 συνειδὼς,
2844 3637 3039 3708 ῥᾳδίως
3070 3638 3135 3692 ἂν
3164 3637 3418 3709 τοιαύτην
3448 3642 3645 3709 -ἁφῆκε
3683 3642 3879 3711 φωνήν.

2320 3730 2393 3782 Τὸ
2419 3729 2497 3793 δὲ,
2542 3732 2813 3797 Πρόσχες
2850 3728 2924 3797 τῇ
2964 3729 3167 3795 δεήσει
3190 3748 3327 3800 μου,
3363 3732 3502 3785 εἴποι
3533 3733 3599 3784 ἂν
3630 3735 3836 3795 ἐκεῖνος
3858 3734 3884 3784 6

2322 3820 2773 3892 βεϐασανισμένος
2811 3820 2904 3872 καὶ¹
2933 3820 3241 3892 πρεπούσας
3275 3821 3391 3891 Θεῷ
3424 3825 3479 3873 ἐν
3512 3807 3575 3891 τῇ
3612 3824 3884 3894 προσευχῇ

2320 3914 2654 3982 ἀναπέμπων
2693 3913 2922 3981 δεήσεις,
2965 3916 2992 3964 6
3039 3914 3113 3983 μὴ
3150 3912 3242 3965 ἐπὶ
3279 3916 3495 3983 μικροῖς
3527 3914 3624 3965 καὶ
3652 3917 3768 3977 τοῖς
3797 3930 3883 3967 τυ-

2320 4004 2503 4074 χοῦσιν
2547 4005 2828 4075 αἰτήμασι,
2877 4004 2995 4075 μηδ’
3035 4007 3127 4059 ἐπὶ
3158 4004 3368 4075 θνητοῖς
3402 4006 3493 4058 καὶ
3526 4005 3883 4078 ἀνθρωπίνοις

2323 4095 2651 4165 παρακαλῶν
2676 4095 2767 4148 τὺν
2794 4096 2942 4150 Θεόν.
2972 4095 3141 4150 Τοῦτο
3167 4097 3294 4165 γοῦν
3318 4098 3410 4150 καὶ
3433 4101 3461 4150 δ
3493 4098 3689 4168 Σωτὴρ
3720 4099 3884 4150 ὲδίδαυ

2325 4205 2420 4240 σκε
2444 4185 2634 4253 λέγων’
2668 4185 2886 4238 Αἰτεῖτε
2910 4184 2982 4238 τὰ
3007 4184 3259 4255 μεγάλα,
3280 4184 3377 4237 καὶ
3404 4183 3475 4236 τὰ
3498 4186 3685 4253 μικρὰ
3707 4199 3881 4253 προσ-

2322 4276 2630 4343 τεθήσεται
2655 4264 2812 4345 ὖμῖν.
2838 4276 2946 4329 Καὶ
2970 4278 3149 4346 τρίτον
3170 4275 3226 4328 δὲ
3253 4276 3501 4337 ἱκετεύει,
3527 4278 3625 4330 καὶ
3651 4276 3793 4331 αὐτὰ
3821 4276 3883 4329 τὰ

2323 4371 2541 4440 ῥήματα
2579 4371 2687 4437 τῆς
2713 4370 3016 4439 προσευχῆς
3063 4365 3436 4425 ὲνωτίσασθαι,
3475 4363 3661 4433 κρῖναί
3703 4379 3783 4425 τε,
3812 4360 3882 4424 ,ὡς

2321 4461 2513 4522 εἰπεῖν,
2547 4461 2638 4511 καὶ
2672 4459 2837 4528 αὐτὴν
2864 4458 2961 4528 τὴν
2992 4455 3213 4526 φωνὴν,
3239 4454 3321 4507 ὃτι
3354 4453 3427 4523 μὴ
3468 4454 3525 4503 ἐν
3562 4451 3771 4522 χείλεσι
3806 4449 3885 4502 δο-

2321 4551 2453 4613 λίοις
2492 4550 2840 4621 προφέρεται.
2879 4545 3143 4607 Πολλάκις
3172 4544 3279 4616 γὰρ
3310 4544 3481 4613 σεμνὰ
3515 4538 3882 4613 φθεγγόμεθα,

2323 4641 2417 4693 καὶ
2443 4640 2619 4708 λόγοις
2648 4637 2906 4711 χρώμεθα
2937 4639 3044 4697 τοῖς
3074 4634 3180 4687 ἀπὸ
3207 4634 3314 4687 τῶν
3348 4633 3504 4685 θείων
3533 4631 3793 4703 Γραφῶν,
3829 4632 3893 4697 οὐ,

2324 4732 2748 4803 κεκαθαρμένοις
2762 4732 2872 4791 τοῖς
2887 4727 3133 4798 χείλεσιν.
3162 4724 3297 4795 Ἤδη
3319 4725 3375 4777 δέ
3394 4725 3555 4787 τινες,
3578 4724 3886 4793 ἀδιαφόρως
3921 4748 3923 4753 ⁴

2324 4823 2607 4895 λοιδορίαις
2650 4821 2792 4879 κατά
2828 4836 2987 4872 τινων
3037 4818 3390 4890 χρησάμενοι,
3438 4814 3469 4883 ἢ
3516 4814 3813 4878 διαϐολαῖς,
3852 4813 3884 4884 ἢ

2325 4911 2712 4981 ψευδολογίαις,
2746 4908 2778 4977 ἢ
2818 4908 3072 4969 ἀπάταις,
3113 4908 3145 4977 ἢ
3178 4903 3503 4973 ὲπιορκίαις,
3548 4901 3581 4972 ἢ
3626 4905 3885 4975 αἰσχρορ-

2328 5002 2674 5075 ρημοσύναις,
2709 5000 2743 5070 ἢ
2775 4998 2952 5062 ἄλλοις
2977 5000 3116 5051 τισὶν
3148 4995 3365 5055 ἀτόποις
3406 4994 3635 5061 φωναῖς,
3684 4993 3887 5065 ἀθρόως
3922 5052 3923 5061 γ

2333 5093 2749 5163 μεταϐάλλοντες
2788 5091 2845 5142 ὲν
2875 5094 2942 5161 τῇ
2985 5088 3258 5160 προσευχῇ
3287 5084 3379 5136 τὸν
3406 5083 3544 5136 Θεὸν
3569 5084 3889 5138 ἐπικαλοῦν-

2331 5202 2439 5238 ται.
2475 5184 2645 5246 Μόνος
2672 5183 2730 5235 δὲ
2757 5183 2784 5234 6
2814 5180 2965 5249 ἅγιος
2997 5180 3089 5248 καὶ
3120 5176 3217 5245 τὴν
3238 5174 3480 5243 γλῶτταν
3504 5174 3677 5228 αὑτοῦ
3704 5176 3799 5229 καὶ
3825 5172 3887 5225 τὰ
3922 5244 3923 5249 η

2332 5276 2503 5345 χείλη,
2523 5277 2616 5329 καὶ
2636 5273 2731 5343 τὴν
2751 5273 2930 5342 φωνὴν
2954 5268 3141 5338 αὐτὴν,
3170 5268 3264 5320 καὶ
3284 5266 3351 5319 τὰ
3372 5262 3525 5318 κοινὰ
3548 5267 3775 5337 ῥήματα
3797 5284 3887 5319 καί

2331 5368 2537 5439 θαίρει·.
2572 5365 2723 5429 εἰδὼς
2746 5362 3052 5436 εἰρημένον
3070 5358 3207 5427 Περὶ
3240 5356 3461 5429 παντὸς
3490 5357 3682 5426 ἀργοῦ
3709 5356 3889 5426 ῥήμα-

2330 5476 2431 5525 τος
2467 5457 2683 5512 δώσετε
2724 5456 2909 5525 λόγον
2937 5452 3006 5505 ἐν
3041 5450 3229 5520 ἡμέρᾳ
3266 5449 3533 5517 κρίσεως.
3568 5447 3887 5521 Προσευχῑκ

2331 5542 2537 5621 γὰρού
2579 5550 2664 5602 διὰ
2702 5544 2923 5619 χειλέων
2966 5544 3150 5598 δολίων
3196 5540 3666 5614 προσφερομένης,
3711 5538 3801 5593 διὰ
3833 5534 3886 5589 δὲ

2333 5644 2572 5713 γλώττης
2615 5637 3045 5710 κεκαθαρμένης,
3087 5635 3181 5699 καὶ
3214 5634 3283 5687 τὰ
3323 5634 3442 5687 θεῖα
3471 5632 3629 5699 λόγια
3663 5629 3885 5700 μελετᾷν

2332 5735 2657 5805 είθισμένης,
2706 5722 3011 5793 ὲνωτίζεται
3054 5730 3081 5782 6
3110 5726 3261 5789 Θεός.
3307 5724 3397 5777 Διὸ
3425 5723 3519 5775 ἐπὶ
3554 5722 3655 5792 μὲν
3694 5720 3789 5791 τῆς
3816 5719 3885 5772 δι·
3922 5798 3923 5803 η

764 5862 1018 5958 λ’,Μειῑιίπ
1064 5914 1209 5963 sxw,
1254 5897 1340 5954 59.
1417 5901 1456 5931 “
1486 5898 1855 5969 Deut.xxxn,
1899 5897 1952 5964 8,
2005 5898 2055 5951 9.
2132 5896 2175 5927 "
2206 5894 2347 5952 Psal.
2393 5908 2508 5958 cui,
2560 5890 2611 5945 6.
2689 5884 3028 5949 “blattam,
3057 5882 3145 5943 '53.
3220 5875 3473 5933 "Matth.
3522 5891 3620 5942 xu,
3656 5874 3749 5930 56.
