3956 6340
124 375 211 433 ιει

1219 362 1716 429 (ΞΟΜΜΕΝΤΛΒῙΔ
1751 341 1821 451 ir;
1857 348 2196 423 essurus.

3205 373 3312 432 MS

122 489 418 559 καιοσύνης,
441 486 820 550 εἰσάκουσον,
847 485 1079 555 ἐλέγετο,
1105 487 1194 539 ἐπὶ
1211 486 1264 540 δὲ
1280 489 1387 558 τῆς,
1400 486 1650 558 δεήσεως,

1757 480 1972 545 exaudi,
1997 480 2194 549 inquit;
2221 493 2346 532 cum
2374 475 2441 532 de
2466 475 2878 546 deprecatidne,
2907 467 3153 548 intentio;
3187 498 3315 542 cum

118 583 387 652 πρόσχες·
417 581 511 633 ἐπὶ
539 579 596 633 δὲ
622 581 718 650 τῆς
742 577 828 632 διὰ
855 567 1075 649 χειλέων
1115 577 1524 651 προφερομένης
1555 596 1664 648 φω-

118 676 224 744 νῆς,
260 669 552 726 ένώτισαι.
591 669 725 742 Τρία
755 668 883 738 γοῦν
914 670 1148 741 ᾐτήσατο
1177 669 1263 722 διὰ
1292 670 1401 724 τῶν
1439 687 1661 743 προκει-

118 763 305 834 μένων,
333 761 602 835 προτάξας
627 760 732 815 τῶν
763 759 856 814 δύο
880 747 1230 833 τὸλκρείττον.

191 854 573 923 Ἐδοκίμασας
608 853 721 923 τὴν
763 853 1013 923 καρδίαν
1039 871 1178 924 μου,
1215 852 1532 924 ἐπεσκέψω
1558 871 1662 908 νυ-

113 947 265 1013 κτός·
292 947 602 1015 ἐπύρωσᾶς
631 964 747 1015 με,·
773 947 867 999 καὶ
906 947 1016 1012 οὐχ
1044 945 1253 1013 εὑρέθη
1275 945 1355 998 -ἐν
1381 945 1508 1014 ἐμοὶ
1537 945 1662 1000 ἀδι-

114 1039 225 1092 κία.
258 1039 344 1102 Ὠς
375 1039 469 1110 τὴν
493 1039 834 1111 ἀνθρωπίνην
856 1036 1136 1090 ἀσθένειαν
1161 1036 1472 1108 ὑπερϐαίνει
1499 1040 1531 1110 ἡ
1553 1038 1660 1092 τῶν

115 1130 470 1201 προκειμένων
493 1131 696 1184 διάνοια
720 1132 732 1184 !
757 1130 797 1182 Τ
801 1111 849 1192 ig
862 1128 969 1200 γὰρ
983 1124 1313 1203 καυχήσεται
1335 1131 1504 1203 ἁγνὴν
1519 1130 1660 1201 ἔχειν

112 1220 354 1292 καρδίαν;
382 1223 474 1277 καὶ
503 1223 584 1286 τίς
613 1221 1043 1296 παρρησιάζεται
1064 1222 1238 1292 λέγων
1266 1223 1503 1294 καθαρὸς
1523 1220 1658 1276 εἶναι

111 1310 211 1364 ἀπὸ
222 1312 495 1383 ἁμαρτιῶν
515 1330 528 1380 ;
549 1313 708 1384 Μόνῳ
720 1313 1004 1386 τοιγαροῦν
1022 1301 1246 1386 ἁρμόζοι
1273 1314 1420 1385 αὑτῴ
1443 1315 1484 1367 Χ
1495 1314 1659 1386 ριστῷ

111 1399 280 1470 λέγειν
313 1404 377 1457 τὰ
421 1404 770 1475 προκείμενα.
807 1407 1111 1477 ntemnas
1143 1408 1240 1478 τὴν
1291 1409 1369 1470 εἰς
1413 1407 1503 1460 τὸν
1527 1407 1658 1478 ᾅδην

110 1493 336 1558 κάθοδον,
360 1497 451 1550 καὶ
474 1498 563 1548 τὸν
582 1498 640 1549 ὲν
668 1497 744 1567 τῷ
762 1496 972 1569 Θανάτῳ
995 1499 1188 1571 χῶρον,
1209 1498 1378 1553 νύκτα
1394 1499 1670 1570 κέκληκεν,

110 1586 194 1637 ἐπὶ
220 1587 312 1640 τοῦ
342 1589 635 1659 πάροντοςς
669 1589 730 1642 Εἰ
763 1589 870 1661 γὰρ
895 1591 988 1664 καὶ
1010 1593 1067 1644 ἐν
1089 1590 1241 1644 νυκτὶ
1262 1591 1482 1659 γέγονεν
1503 1591 1559 1643 ἐν
1582 1588 1658 1659 τῷ

108 1675 272 1748 καιρῷ
284 1678 384 1730 τῶν
400 1682 768 1752 πειρατηρίων
780 1683 870 1736 καὶ
884 1683 938 1735 ἐν
954 1681 1031 1753 τῷ
1048 1682 1305 1754 σκοτεινῷ
1321 1682 1411 1736 καὶ
1428 1684 1658 1752 ἀφεγγεί

107 1766 247 1837 τόπῳ
271 1768 358 1821 τοῦ
385 1769 634 1824 Θανάτου·
666 1771 800 1825 ἀλλά
827 1772 1196 1844 δοκιμασθεὶς,
1229 1774 1538 1847 ἐπισκοπῆς.
1559 1776 1655 1844 τῆς

1763 573 1830 629 de
1857 587 1990 628 voce
2019 571 2177 626 labiis
2204 573 2446 642 prolata,
2481 572 2700 626 auribus
2723 572 2944 640 percipe.
2975 572 3104 629 Tria
3133 575 3315 648 itaque
3349 641 3352 646 _

1762 664 1924 720 dictis
1950 664 2262 734 hujusmodi
2295 665 2555 734 postulat,
2579 671 2633 720 et
2660 663 2805 734 quod
2830 669 3176 735 praestantius
3201 680 3320 726 erat

1763 757 1977 811 duobus
2006 756 2126 810 aliis
2158 755 2440 825 praemisit.

1834 845 1998 904 Vens.
2036 847 2089 902 5.
2131 845 2382 902 l’robasti
2419 863 2509 900 cor
2549 863 2718 901 meum
2758 855 2806 902 et
2852 848 3084 903 visitasti
3125 859 3275 904 nocte
3301 890 3318 917 ,

1761 943 1878 1013 igne
1918 959 1998 996 me
2043 943 2396 1009 examinasti,
2438 953 2486 997 et
2529 958 2632 996 non
2670 951 2748 996 est
2788 943 2994 1017 iuuenta
3021 944 3076 1012 in
3103 959 3184 999 me
3211 928 3318 999 iui-

1759 1037 1954 1104 quitas.
1992 1035 2266 1102 Quantum
2307 1035 2595 1089 humanam
2623 1034 2986 1088 infirmitatem
3027 1023 3318 1109 exsuperat

1761 1127 2072 1197 huiusmodi
2118 1128 2408 1183 verborum
2437 1126 2708 1181 sententia
2735 1127 2748 1180 !
2783 1124 2915 1192 Quis
2943 1126 3090 1181 enim
3117 1126 3186 1182 de
3224 1142 3320 1184 ca-

1760 1222 1944 1277 stitate
1984 1205 2168 1278 cordis
2201 1221 2570 1292 gloriabitur?
2598 1219 2734 1287 Quis
2761 1219 3098 1275 conﬁdenter
3126 1219 3274 1274 dicat
3299 1238 3315 1274 :

1757 1311 1936 1367 Purus
1978 1327 2099 1367 sum
2143 1328 2171 1365 a
2223 1312 2503 1382 peccatis?
2547 1311 2671 1366 "me
2713 1327 2844 1368 sane
2885 1327 3026 1375 unus
3069 1310 3320 1366 Christus

1756 1419 1883 1459 Vere
1913 1419 1976 1458 ac
2007 1413 2372 1474 congruenter
2399 1405 2579 1460 dicere
2605 1408 2800 1460 vaieat.
2829 1408 3023 1458 Annon
3054 1419 3215 1458 suum
3245 1401 3316 1458 ad

1757 1497 1961 1552 inferos
1988 1496 2347 1560 descensum,
2378 1505 2541 1568 atque
2587 1499 2765 1551 locum
2810 1498 2962 1551 illum
3004 1497 3056 1550 in
3098 1497 3318 1568 regione

1757 1581 1968 1655 mortis,
1996 1583 2211 1643 noctem
2245 1590 2300 1663 in
2327 1591 2578 1659 praesenti
2609 1590 2820 1645 vocavit
2843 1590 2866 1642 ?
2887 1588 3145 1654 Quamvis
3171 1590 3318 1644 enim

1759 1683 1813 1736 in
1845 1691 2005 1738 nocte
2034 1683 2198 1737 fuerit
2229 1697 2291 1736 ac
2332 1681 2386 1736 in
2430 1691 2672 1752 tempore
2716 1684 3073 1738 tentation‘um
3096 1721 3110 1745 ,
3153 1681 3319 1751 inque

1759 1774 2066 1831 tenebrosis
2126 1774 2548 1845 ealigiuosisqhe
2598 1774 2791 1831 mortis
2833 1773 3185 1844 regionibus,
3236 1782 3319 1826 at-

109 1860 247 1931 παρὰ
270 1860 359 1915 τοῦ
388 1863 603 1936 [lat-pb;
645 1863 870 1934 ἠξίωται
909 1865 998 1920 διὰ
1032 1870 1132 1938 τῆς
1165 1867 1528 1930 ἀναστάσεως,
1565 1868 1650 1919 καὶ

1761 1876 1938 1922 tamen
1972 1866 2262 1936 probatus,
2295 1874 2518 1937 paterna
2550 1866 2862 1923 visitatione
2886 1867 3080 1937 dignus
3101 1865 3318 1921 habitus

108 1952 292 2026 ταύτης
330 1955 644 2028 τετύχηκεν.
702 1959 1043 2033 Ἐπειδήπερ,
1085 1955 1173 2013 οἷα
1204 1961 1402 2032 χρυσὸς
1440 1962 1496 2014 ὲν
1523 1965 1653 2035 πυρὶ

107 2047 326 2118 βληθεὶς,
353 2047 602 2122 λαμπρὸς
630 2051 721 2104 καὶ
750 2050 988 2124 καθαρὸς
1008 2051 1427 2124 διαμεμένηκεν.
1479 2053 1655 2107 Ἐπει-

103 2140 162 2211 δὴ
191 2141 341 2212 μόνος
379 2142 489 2196 τῶν
523 2143 582 2210 ἐξ
612 2133 808 2208 αίῶνος
854 2145 1148 2214 ἁμαρτίαν
1191 2148 1300 2199 οὐκ
1343 2145 1651 2214 ἐποίησεν,

104 2231 238 2288 οᾰδὲ
254 2238 457 2305 eri-M01}
489 2236 691 2303 δόλος,
729 2237 868 2291 κατά
895 2238 986 2291 τὸν
1032 2240 1278 2303 Ἡσαΐαν,
1312 2241 1380 2294 ἐν
1407 2240 1486 2307 τῷ
1518 2243 1664 2297 στό-’

103 2342 235 2393 [tan
258 2329 457 2382 αὑτοῦ.
887 2347 889 2350 ‘

171 2419 350 2487 Ὅπως
380 2421 456 2475 ἂν
491 2422 578 2491 μὴ
626 2422 874 2492 λαλήσῃ
919 2424 984 2478 τὸ
1017 2425 1210 2494 στόμα
1250 2443 1370 2495 μου
1413 2427 1486 2480 τὰ
1512 2426 1654 2497 ἔργα

110 2507 212 2563 τῶν
239 2513 570 2580 ἀνθρώπων,
597 2513 698 2568 διὰ
718 2515 860 2582 τοὺς
885 2518 1106 2587 λόγους
1131 2516 1248 2571 τῶν
1271 2518 1520 2587 χειλέων
1537 2537 1652 2573 σου

108 2602 208 2671 ἐγὼ
237 2603 715 2681 ἐφύλαξαόὸοὺς
746 2608 1041 2676 σκληράς.
1085 2610 1141 2662 Ὀ
1168 2610 1224 2662 δὲ
1252 2611 1542 2682 Σύμμαχος
1571 2613 1648 2664 εξ-

110 2695 231 2751 πώνο
276 2697 408 2767 Ἐγὼ
434 2697 831 2769 ἐφυλαξάμην
855 2701 1033 2767 ὀδοὺς
1060 2701 1423 2770 παραϐἁτου,
1459 2703 1651 2775 ἑτέραν

110 2789 389 2861 παρέστησε
417 2789 672 2845 διάνοιαν·
700 2792 776 2857 ὡς
802 2791 895 2846 τοῦ
931 2793 1026 2866 τὴν
1055 2793 1218 2866 εὐχὴν
1254 2795 1650 2868 διαπέμποντος

111 2883 269 2937 πάντα
295 2883 573 2955 ἄνθρωπον
619 2886 940 2958 παραϐάτην
987 2888 1298 2958 φεύγοντος,
1339 2891 1432 2944 καὶ
1472 2893 1652 2956 πάσας

113 2973 192 3038 τὰς
226 2976 327 3030 τῶν
356 2976 611 3032 τοιούτων
655 2979 824 3044 ὁδοὺς,
871 2979 959 3034 διὰ
999 2981 1061 3036 τὸ
1106 2981 1344 3052 χαλεπὰς
1385 2978 1522 3037 εἶναι
1559 2982 1651 3037 καὶ

110 3068 457 3143 ἁποσκλήρους
488 3072 664 3136 πάσας
691 3071 789 3140 τὰς
821 3073 960 3128 κατά
994 3075 1190 3129 κακίαν
1213 3075 1455 3148 πράξεις.

165 3164 508 3234 Κατάρτισαι
559 3166 631 3220 τὰ
682 3167 1011 3240 ὃιαϐιξμτιτό
1033 3186 1153 3238 μου
1176 3170 1245 3222 ἑν
1270 3170 1399 3236 ταῖς
1435 3171 1650 3239 τρίϐοιε-

110 3270 230 3322 σου,
254 3257 347 3310 ἵνα
363 3258 448 3327 μὴ
485 3258 826 3314 σαλευθῶσι
859 3261 928 3314 τὰ
952 3261 1283 3331 διίιϐιὲμιιτιὶ
1306 3281 1446 3332 μου.
1489 3264 1650 3316 Ὑπο-

117 3346 338 3415 τραμμὺν
375 3349 504 3418 ἡμῖν
534 3349 624 3401 καὶ
669 3350 756 3402 διέι
796 3349 998 3406 τούτων
1060 3353 1330 3424 παρέσχεν
1379 3357 1406 3408 ὁ
1437 3355 1646 3427 Σωτὴρ,

111 3437 351 3508 παιδεύων
411 3440 618 3516 μήποτε
657 3441 1052 3513 ὲπιτρίόεσθαι,
1083 3445 1216 3514 μηδὲ
1250 3445 1390 3515 μέγα
1419 3449 1502 3517 ἐφ’
1526 3449 1651 3501 ἑαυ-

110 3529 206 3590 τοῖς
229 3532 451 3601 φρονεῖν.
492 3526 566 3585 Εὖ
596 3531 651 3584 δὲ
691 3533 785 3587 καί
816 3533 1057 3606 ἀκριϐῶς
1083 3536 1390 3602 πεπεῖσθαι,
1428 3539 1503 3602 ὡς
1523 3540 1651 3592 πάν-

110 3634 214 3673 τοτε
233 3625 322 3694 τῆς
348 3623 498 3696 παρά
522 3623 612 3678 τοῦ
635 3624 769 3679 Θεοῦ
799 3625 1024 3698 δεόμεθα
1052 3627 1318 3698 βοηθείας,
1337 3629 1423 3683 ἶνα
1449 3629 1524 3702 μὴ
1556 3649 1649 3684 σα-

111 3711 248 3786 λευοῇ
299 3717 446 3788 ἡμῶν
491 3717 562 3772 τὰ
597 3719 925 3791 διαδήματα,
957 3719 1050 3772 καὶ
1113 3722 1192 3784 εἰς
1247 3720 1307 3772 τὸ
1340 3721 1646 3793 ἐφαρμόσαι

111 3809 209 3870 ταῖς
233 3809 412 3864 ἑαυτοῦ
439 3811 642 3882 τρίϐοις
673 3813 799 3876 τοὺς
820 3811 1116 3883 ἡμετέρους
1145 3813 1330 3876 πόδας.

171 3901 595 3972 Θαυμὰστωσον
622 3903 696 3960 τὰ
725 3905 865 3975 ἐλέη
895 3922 1010 3960 σου
1045 3908 1076 3959 ό
1097 3905 1294 3966 σώζων
1314 3906 1454 3972 τοὺς
1475 3906 1645 3961 ἐλπι-

93 3991 288 4062 “ζοντας
331 3997 425 4050 ἐπὶ
461 3991 556 4048 σέ.
582 3997 775 4062 Σὼζων
803 3999 859 4053 δὲ
893 3999 1105 4072 εἴρηται
1149 4000 1275 4065 τοὺς
1334 3999 1647 4066 ἐλπίζοντας

97 4086 177 4150 εἰς
204 4087 367 4154 αὑτὸν,
393 4088 453 4142 οὐ
494 4089 618 4153 τοὺς
663 4091 728 4144 ὲκ
757 4090 1068 4162 σπέρματος
1114 4091 1346 4164 Ἰσραὴλ,
1376 4092 1496 4146 οὐδὲ
1523 4095 1676 4169 τοὺς·

112 4181 228 4234 κατά
255 4180 336 4234 τὸν
362 4180 524 4251 νόμον
554 4181 828 4247 Μωῦσέως
882 4182 1148 4254 βιοῦνταςέ
1181 4185 1292 4239 ἀλλ’
1315 4183 1500 4256 ὥσπερ
1522 4203 1647 4241 και-

112 4270 189 4341 νὴν
212 4272 318 4326 ὁδὸν
343 4275 667 4346 εὑράμενος,
699 4273 887 4339 σώζων
913 4277 1153 4347 ἀνεφάνη
1200 4279 1325 4342 τοὺς
1357 4281 1438 4343 εἰς
1485 4279 1645 4333 αὑτὸν

111 4363 392 4431 ὴλπτκότας.
415 4367 593 4422 Μένει
622 4367 751 4439 γὰρ,
783 4370 944 4441 φησὶν
981 4369 1009 4420 ὁ
1047 4370 1382 4436 ’Λπόστολος,
1419 4377 1640 4438 πίστις,

111 4455 273 4527 ἐλπὶς,
303 4460 518 4532 ἀτάπτγ
554 4461 624 4516 τὰ
658 4464 781 4536 τρία
814 4464 982 4518 ταῦτα
1008 4469 1438 4538 συμπέπλεκται,
1458 4467 1644 4538 ὥσπερ

1756 1968 1838 2015 est
1882 1976 1980 2031 per
2022 1961 2480 2017 resurrectionem
2528 1975 2693 2030 quam
2738 1959 2996 2015 obtinuit.
3048 1957 3316 2026 Quoniam

1756 2067 1854 2107 ceu
1880 2067 2072 2107 aurum
2100 2053 2208 2124 igni
2233 2053 2490 2108 traditum
2513 2097 2528 2120 ,
2557 2047 2874 2124 Splendidus
2896 2067 3172 2124 purusque
3196 2069 3317 2123 per-

1754 2146 1975 2200 mansit.
2005 2145 2166 2202 Solus
2192 2149 2334 2214 enim
2365 2163 2429 2202 ex
2459 2148 2526 2203 iis
2553 2151 2644 2217 qui
2673 2162 2701 2201 a
2726 2147 2924 2202 saeculo
2951 2145 3166 2202 fuerunt
3198 2163 3318 2217 pec-

1753 2249 1929 2292 catum
1963 2257 2066 2294 non
2115 2240 2274 2310 fecit,
2325 2257 2519 2311 neque,
2552 2241 2848 2297 secundum
2879 2241 3106 2306 Isaiam,
3140 2241 3318 2296 inven-

1711 2351 1715 2354 λ
1755 2340 1837 2385 tus
1861 2340 1941 2385 est
1962 2331 2115 2387 dolus
2147 2334 2200 2386 in
2235 2349 2321 2387 ore
2351 2334 2464 2404 ejus
2481 2333 2546 2388 ⁸⁸.

1823 2421 1989 2478 Vsus.
2029 2425 2082 2479 4.
2131 2425 2200 2480 Ut
2233 2443 2335 2481 non
2376 2426 2623 2497 loquatur
2657 2444 2714 2482 os
2746 2443 2916 2481 meum
2952 2444 3108 2497 opera
3143 2426 3314 2484 homi-

1754 2530 1912 2578 num,
1946 2525 2160 2583 propter
2193 2515 2348 2569 verba
2379 2515 2646 2568 lubiorum
2680 2527 2888 2570 tuorum
2926 2533 3018 2588 ego
3059 2510 3316 2574 Eustodiri

1751 2609 1863 2662 uias
1914 2608 2099 2662 duras.
2155 2606 2515 2680 Symmachus
2560 2624 2685 2663 cum
2735 2611 2846 2665 ait:
2894 2609 3007 2682 Ego
3049 2611 3316 2668 observavi

1752 2703 1864 2756 rius
1921 2702 2392 2769 prwvaricatoris,
2458 2700 2619 2754 aliam
2677 2701 2894 2771 prml‘ert
2953 2707 3313 2769 sententiam,

1751 2796 1908 2865 quasi
1945 2795 2154 2851 scilicet
2191 2797 2236 2850 is
2270 2795 2363 2866 qui
2411 2795 2713 2850 orationem
2760 2795 2992 2860 emittit,
3045 2797 3113 2850 ab
3163 2799 3313 2852 omni

1751 2885 1972 2942 liomin‘e
2005 2888 2425 2957 pravaricatore
2462 2884 2739 2951 declinet;
2774 2893 2936 2957 atque
2985 2900 3175 2946 omnes
3229 2896 3312 2941 ta-

1754 2977 1886 3032 lium
1937 2980 2181 3033 virorum
2233 2977 2491 3041 semitas,
2546 2992 2820 3049 pravaque
2871 2993 3068 3049 opera,
3122 2986 3312 3049 utpote

1753 3073 1890 3144 (lupa
1928 3082 1981 3127 et
2021 3089 2212 3144 aspera
2254 3082 2574 3140 aversetur._

1824 3165 1987 3220 \"Ens.
2021 3166 2074 3220 5.
2117 3164 2319 3235 Perﬁce
2356 3177 2563 3234 gressus
2595 3180 2734 3218 meos
2764 3165 2816 3218 in
2856 3166 3056 3220 semitis
3100 3166 3223 3229 tuis,
3250 3176 3308 3220 ut

1753 3276 1852 3314 non
1885 3273 2191 3313 moveantur
2224 3259 2441 3328 vestigia
2475 3277 2606 3314 mea.
2644 3259 2930 3330 Exemplar
2960 3264 3117 3319 nobis
3161 3263 3312 3322 hisco

1752 3351 1932 3407 verbis
1976 3344 2225 3414 admovet
2261 3348 2510 3405 Salvator
2532 3350 2968 3421 ;'admouetque,
2998 3368 3120 3418 cum
3155 3363 3212 3409 ut
3243 3370 3314 3412 ne

1751 3449 1932 3502 animo
1967 3446 2299 3518 frangamur,
2344 3455 2458 3501 tum
2504 3433 2572 3501 ne
2600 3461 2853 3517 magnum
2885 3447 2952 3501 de
2981 3441 3138 3503 nobis
3173 3449 3308 3518 ipsis

1690 3608 1692 3611 ι
1751 3539 2053 3609 sapiamus,
2082 3538 2352 3608 planeque
2392 3547 2727 3609 compertum
2761 3553 2826 3594 ac
2851 3554 3174 3610 persuasum
3209 3541 3314 3596 ba-

1750 3630 1994 3695 heamus,
2042 3646 2146 3686 nos
2174 3630 2384 3686 divino
2407 3645 2621 3702 semper
2650 3645 2809 3702 egere
2840 3633 3064 3698 auxilio,
3106 3641 3166 3687 ut
3197 3648 3308 3690 non

1747 3731 2070 3778 moveantur
2102 3724 2330 3795 vestigia
2359 3731 2571 3786 nostra,
2609 3731 2780 3794 utque
2810 3725 2974 3796 pedes
3004 3733 3223 3782 nostros
3250 3728 3308 3782 in

1747 3814 1954 3870 semitis
1986 3813 2105 3884 ejus
2137 3824 2285 3870 recte
2312 3829 2733 3885 componamus.
2799 3862 2806 3867 .
3265 3871 3272 3876 ,
3330 3824 3331 3827 ‘

1816 3906 1980 3964 Vsus.
2015 3909 2066 3963 7.
2108 3906 2344 3978 Miriﬁca
2389 3909 2777 3964 misericordias
2825 3919 2964 3976 tuas,
3009 3912 3098 3984 qui
3135 3913 3307 3968 salvos

1748 3998 1881 4070 facis
1925 4008 2190 4069 sperantes
2228 4000 2282 4053 in
2312 4008 2380 4054 te.
2411 3997 2513 4066 Qui
2547 3999 2726 4054 salvos
2753 3997 2904 4064 facit,
2944 4000 3138 4070 inquit,
3183 4017 3308 4072 spe-

1711 4160 1717 4164 ,
1747 4099 1932 4148 rantes
1960 4092 2014 4146 in
2058 4107 2138 4156 se,
2170 4107 2281 4147 non
2310 4107 2405 4148 eos
2434 4092 2528 4164 qui
2557 4107 2621 4146 ex
2661 4092 2868 4147 semine
2899 4090 3112 4147 lsraclis
3153 4103 3303 4158 sunt,

1746 4182 1924 4259 neque
1953 4202 2048 4243 eos
2073 4187 2164 4258 qui
2189 4185 2486 4242 secundum
2513 4185 2711 4256 Moysis
2737 4184 2905 4253 legem
2928 4184 3089 4240 vitam
3115 4194 3305 4255 agunt,

1747 4281 1862 4343 sed,
1901 4274 2056 4351 quasi
2099 4295 2239 4335 nova
2283 4286 2493 4349 reperta
2539 4277 2646 4341 via,
2699 4277 2925 4330 salutem
2959 4268 3307 4345 sperantibus

1747 4375 1801 4428 in
1827 4389 1886 4428 se
1915 4373 2165 4428 conferre
2189 4377 2496 4440 compertus
2535 4375 2636 4422 est.
2679 4364 2900 4421 Manent
2932 4368 3099 4434 enim,
3131 4368 3311 4438 inquit

1745 4467 2055 4538 Apostolus,
2081 4465 2231 4535 ﬁdes,
2266 4480 2401 4532 spes,
2434 4462 2665 4516 Charitas
2698 4460 2740 4494 δ’
2774 4480 2785 4516 :
2812 4462 2914 4516 tria
2939 4461 3051 4517 iure
3065 4477 3164 4518 cru
3189 4466 3311 4520 viu-

114 4547 184 4617 ὑφ’
217 4551 288 4606 ἑνὶ
305 4553 483 4626 δεσμῷ
514 4555 934 4626 κατεσφιγμένα.
967 4557 1057 4608 Διὸ
1093 4558 1190 4628 τὴν
1223 4558 1401 4611 πίστιν
1455 4561 1519 4629 τῇ
1554 4559 1641 4611 ιλ-

1756 4561 1868 4616 culo
1906 4561 2094 4614 eodem
2133 4557 2356 4612 astricta
2399 4562 2818 4616 connectuntur.
2862 4555 3205 4627 Quapropter
3247 4561 3308 4613 li-

114 4642 205 4697 πίδι
226 4646 474 4701 συνάπτει
495 4646 685 4717 λέγων’
723 4648 893 4701 ’Ἐστι
923 4645 991 4699 δὲ
1016 4647 1217 4714 πίστις
1249 4646 1642 4717 ἐλπιζομένων

113 4734 409 4806 ὑπόστασις
434 4738 804 4810 πραγμάτων,
844 4738 1089 4808 ἔλεγχος
1138 4741 1209 4792 οὐ
1229 4735 1636 4808 βλεπομένων·

109 4827 252 4884 ταῦτα
281 4832 322 4886 δ’
353 4834 415 4901 ἐξ.
433 4833 655 4905 ἀγάπης
681 4834 780 4905 τῆς
813 4832 947 4904 πρὸς
999 4834 1088 4885 τὸν
1125 4831 1254 4884 Θεὸν
1299 4833 1508 4900 φύεται*
1546 4835 1641 4887 καὶ

108 4915 336 4976 διἀὺτῶν
365 4923 530 4978 πάλιν
557 4926 590 4995 ἡ
617 4927 694 4989 εἰς
725 4923 854 4978 Θεὸν
884 4923 1071 4992 ἀγάπη
1118 4938 1459 4989 κρατύνεται.

174 5096 262 5154 Ἐκ
287 5087 401 5157 τῶν
435 5105 889 5173 ἀνθεστηκότων
912 5103 988 5173 τῇ
1009 5101 1175 5169 δεξιᾷ
1208 5117 1322 5155 σου
1359 5104 1623 5172 φύλαξί»

110 5207 183 5258 με,
209 5195 388 5262 Κύριε,
418 5197 498 5262 ὠς
520 5199 708 5266 κόρην
749 5195 1074 5267 ὀφθαλμοῦ.
1119 5197 1219 5248 Ἐν
1273 5192 1468 5264 σκέπῃ
1520 5197 1634 5250 των

117 5287 378 5356 ετερὺτων
430 5307 548 5344 σου
621 5290 950 5358 σκεπάσεις
1003 5308 1078 5362 με
1137 5287 1254 5343 ἀπὸ
1313 5289 1633 5356 προσώπου

117 5378 308 5434 ἀσεϐῶν
337 5381 455 5436 τῶν
496 5383 1077 5452 ταΜιπωρησὰντων
1102 5400 1196 5453 με.
1259 5381 1368 5434 Καὶ
1397 5385 1503 5447 πᾶς
1542 5384 1637 5454 μὲν

120 5469 734 5548 δίκαιος-προσευχόμενος
787 5476 980 5529 δείσθω
1030 5476 1121 5530 τοῦ
1181 5473 1336 5537 Θεοῦ,
1377 5477 1474 5548 τῆς
1511 5470 1635 5548 παρ’

121 5564 248 5618 αὑτοῦ
267 5567 643 5637 καταξιῶσθαι
693 5569 957 5641 φυλακῆς·
995 5569 1270 5641 ὁμολογῶν
1327 5569 1400 5640 μὴ
1457 5570 1638 5634 ἱκανὸς

126 5650 228 5710 tim
253 5661 411 5730 φύλαξ
437 5662 596 5726 αὐτὸς
619 5646 808 5716 ἑαυτοῦ
831 5662 1073 5730 γίνεσθαι
1093 5663 1181 5716 διὰ
1209 5662 1269 5715 τὸ
1303 5660 1501 5733 πλῆθος
1531 5662 1637 5715 τῶν

1745 4651 1864 4706 dem
1885 4650 1997 4720 spei
2028 4649 2275 4718 copulat,
2305 4647 2431 4702 dum
2461 4648 2535 4701 ait
2566 4664 2580 4702 :
2607 4645 2700 4701 Est
2731 4659 2905 4702 autem
2932 4650 3060 4717 ﬁdes
3090 4669 3310 4720 sperau-

1746 4745 1936 4797 darum
1969 4740 2261 4796 substantia
2287 4758 2480 4806 rerum,
2515 4754 2875 4814 argumentum
2904 4760 3005 4796 uou
3044 4759 3306 4812 apparen-

1747 4837 1874 4889 timu
1909 4835 1975 4887 ³ο.
2009 4831 2133 4887 llaec
2173 4848 2337 4903 porro
2377 4849 2444 4888 ex
2491 4849 2599 4888 una
2646 4849 2772 4904 erga
2818 4832 2984 4888 Deum
3038 4834 3305 4891 cbaritate

1747 4921 2032 5005 oriuntur;
2073 4926 2248 4996 iisque
2279 4926 2520 4982 vicissim
2556 4927 2796 4981 Charitas
2835 4939 2963 4994 erga
2997 4923 3165 4979 Deum
3213 4942 3305 4980 ro-

1745 5021 1986 5076 boratur.

1815 5109 1978 5166 Vsus.
2019 5111 2072 5175 8,
2110 5111 2163 5168 9.
2204 5113 2244 5167 Α
2281 5112 2638 5167 resistentibus
2685 5111 2908 5164 dexterae
2947 5118 3050 5162 tute
3095 5112 3300 5166 custodi

1742 5219 1842 5264 me,
1869 5201 2109 5266 Domine,
2147 5212 2204 5256 ut
2240 5187 2495 5272 pupillam
2527 5203 2684 5256 oculi.
2721 5198 2825 5254 Sub
2861 5198 3045 5252 umbra
3091 5199 3302 5254 alarum

1740 5303 1946 5346 tuarum
1990 5302 2224 5364 protegas
2273 5309 2372 5356 me,
2418 5310 2450 5346 a
2487 5293 2622 5372 facie
2659 5292 2934 5361 impiorum
2971 5289 3059 5360 qui
3094 5306 3172 5344 me
3217 5291 3303 5359 af-

1738 5383 2228 5455 ﬂixerunt...lustus
2260 5384 2510 5454 quilibet,
2547 5400 2668 5437 eum
2705 5386 2973 5452 precatur,
3006 5393 3035 5432 a
3066 5377 3176 5435 Deo
3204 5384 3300 5437 ob-

1740 5479 1865 5533 nixe
1896 5479 2134 5553 postulet
2169 5478 2246 5534 uti
2277 5494 2336 5533 se
2381 5477 2629 5533 custodia
2668 5491 2765 5529 sua
2798 5473 3090 5542 dignetur;
3124 5473 3298 5530 fatea-

1740 5583 1936 5642 turque
1969 5587 2048 5634 se,
2082 5588 2192 5643 prae
2221 5571 2659 5628 adversariorum
2687 5565 3055 5631 multitudine,
3094 5565 3159 5621 ad
3197 5584 3294 5621 cu-

1740 5661 1971 5715 stodiam
2023 5660 2108 5714 sui
2143 5660 2362 5717 minime
2395 5657 2646 5714 idoneum
2674 5670 2836 5712 esse:
2874 5663 3026 5727 roget
3059 5657 3187 5713 item
3223 5654 3294 5710 uti

153 5835 212 5870 -κ
239 5835 466 5914 Itan",
494 5843 595 5915 49;
639 5842 831 5901 1pm.
873 5802 1046 5912 ω.
1120 5846 1166 5895 ιι
1199 5843 1220 5899 ι
1251 5844 1376 5901 Cor.
1398 5849 1518 5910 xm,
1555 5845 1636 5900 ιε.

1790 5840 1953 5896 Hebr.
1984 5857 2059 5909 τι,
2101 5830 2166 5898 ι.
