3956 6340
684 333 795 393 Ιϐἶ
872 356 879 361 ·

1386 321 1655 393 essent:
1689 310 2222 390 CESARIENSlSt

2328 332 2557 391 amns
2587 331 2676 392 ιιι.
2700 366 2769 377 -
2797 316 3206 424 EXEGETICA.
3370 291 3382 300 ’
3788 337 3859 397 ιιι

671 468 789 508 eum
809 450 1063 505 Dominus
1083 448 1147 503 de
1162 464 1320 503 manu
1340 454 1572 505 omnium
1591 453 1924 505 inimicorum
1946 449 2083 517 ejus,
2100 459 2152 504 et
2176 447 2222 501 d4

2338 447 2622 517 ἐντἰμέρᾳ
2675 442 2716 520 ἦ
2766 420 3060 518 ἐρῤύσατο
3106 448 3294 503 αὐτὸν
3338 450 3553 517 Κύριος
3615 449 3682 503 ἐκ
3718 456 3861 520 χειρός

673 561 835 600 manu
862 542 1013 605 δοκι.
1055 553 1104 598 et
1142 542 1304 599 dixit.
1335 543 1700 616 Symmachus
1730 542 2049 611 :Canttcum
2076 546 2241 595 uicto-

672 637 767 692 ria:
791 637 926 691 serui
965 634 1180 689 Domini
1202 633 1397 689 David.

738 806 848 867 Par
874 810 1019 865 enim
1056 808 1160 864 fuit
1190 800 1293 866 n‘os
1332 826 1400 866 ex
1438 810 1557 882 ipso
1598 810 1809 880 psalmo
1839 807 2105 873 ediscere,
2136 807 2242 876 Da-

666 900 868 965 videm,
912 901 1486 956 occasione-victoria:
1527 902 1595 956 de
1624 899 1865 956 inimicis
1908 909 1964 953 et
1989 900 2239 957 hostibus

665 1002 853 1062 partae,
899 993 1080 1048 omnis
1109 992 1349 1047 victoriae
1382 994 1615 1058 auctori,
1656 994 1751 1063 qui
1787 993 1911 1047 ideo
1942 993 2237 1057 νικοποιός,

665 1082 720 1138 id
752 1091 838 1138 est
871 1079 1105 1134 uictoria'
1127 1080 1363 1149 effector,
1390 1083 1615 1150 dicitur,
1662 1084 1810 1156 quod
1851 1085 2087 1140 victores
2127 1084 2239 1159 elli-

665 1174 798 1240 eiat,
825 1175 1211 1245 triumphalem
1240 1176 1387 1231 hunc
1413 1175 1673 1248 hymnum
1697 1192 2073 1233 consecrasse.
2095 1177 2237 1244 Quia

665 1265 915 1321 item‘bic
944 1268 1178 1338 hymnus
1212 1268 1326 1322 sive
1367 1269 1640 1338 canticum
1682 1269 2028 1339 triumphale,
2074 1267 2238 1323 Davi-

662 1358 752 1415 dis
774 1358 979 1414 dicitur
1010 1374 1155 1414 esse.
1205 1360 1384 1431 Atque
1424 1361 1479 1413 in
1512 1362 1669 1430 ﬁnem
1703 1361 2023 1416 inscribitur
2051 1379 2065 1415 :
2098 1377 2238 1430 quo-

664 1452 810 1507 niam
852 1453 1057 1507 scilicet
1091 1453 1382 1521 postremis
1452 1453 1571 1507 vita:
1610 1453 1731 1522 ejus
1772 1454 1952 1518 annis,
1999 1467 2089 1507 ac.
2112 1460 2235 1524 post

642 1530 845 1600 omnia
869 1560 989 1615 qua:
1015 1544 1072 1599 in
1095 1544 1321 1599 historia
1355 1544 1606 1600 teruntur
1628 1546 1750 1614 ejus
1778 1561 2235 1615 opera,.pronun-

662 1639 833 1692 tiatus
862 1644 980 1704 est;
1016 1646 1110 1693 aut
1142 1640 1271 1708 quia
1302 1638 1643 1707 prophetiam
1672 1654 1861 1692 eorum
1896 1654 2018 1708 qua:
2042 1639 2097 1691 in
2130 1638 2236 1693 [ine

660 1731 845 1786 saeculi
875 1731 1176 1798 obventura
1201 1738 1329 1785 sunt
1357 1732 1643 1797 enuntiat;
1676 1731 1790 1785 sive
1819 1732 1980 1796 tertio
2008 1732 2134 1802 quia
2165 1732 2233 1787 ad

2344 539 2583 594 πάντων
2605 537 2724 619 τῶν
2750 539 2980 609 ἐχθρῶν
3001 539 3208 604 αὑτοῦ,
3242 539 3342 594 καὶ
3375 538 3443 593 ἐκ
3467 539 3665 609 χειρὸς
3690 541 3860 607 Σαοὺλ,

2342 630 2441 683 καὶ
2467 629 2617 684 εἷπε.
2668 627 2981 701 Σύμμαχος·
3024 627 3343 683 Ἐπινίκιον
3386 629 3493 684 τοῦ
3542 627 3760 683 δούλου
3781 633 3864 685 Κυ-

2316 768 2319 773 .
2334 723 2472 792 ρίου
2503 722 2611 777 τοῦ
2642 721 2841 777 Δαυτδ.

2406 811 2549 865 Ἔδει
2571 811 2680 883 γὰρ
2704 812 2851 883 ἡμᾶς
2908 811 3221 881 ἀναγκαίως
3248 798 3357 866 ἀπὸ
3395 809 3491 865 τοῦ
3516 810 3730 883 ψαλμοῦ
3763 813 3866 881 γνῶ-

2340 920 2448 967 ναι,
2490 903 2573 957 ὅτι
2627 902 2721 956 ἐπὶ
2761 905 2882 967 ταῖς
2938 903 3112 968 νίκαις
3173 905 3291 967 ταῖς
3334 903 3477 958 κατὰ
3526 902 3635 956 τῶν
3701 901 3867 975 ἐχθρῶν
3922 901 3923 989 1

2340 996 2433 1047 καὶ
2472 993 2744 1065 πολεμίων
2782 995 2875 1048 τὸν
2927 994 3283 1066 προκείμενον
3331 994 3497 1066 ὖμνον
3538 994 3791 1050 ἐπινίκιον
3814 997 3869 1068 τῷ
3922 992 3923 1037 Ὗ

2340 1090 2520 1161 πάσης
2582 1088 2739 1159 νίκης
2801 1088 2957 1158 αίτίῳ
2986 1126 3002 1153 ,
3052 1087 3157 1158 τῷ.
3189 1089 3282 1141 καὶ
3319 1088 3545 1159 νικητὰς
3598 1088 3870 1160 ἀπεργαζο-

2341 1180 2506 1251 μένῳ,
2540 1182 2634 1235 καὶ
2673 1172 2762 1235 διὰ
2782 1179 2941 1234 τοῦτο
2961 1178 3218 1250 νικοποιῷ
3251 1179 3590 1253 κεκλημένῳ,
3646 1181 3870 1253 ἀνέθηκεν

2336 1274 2365 1325 6
2393 1272 2574 1325 Δαυῖδο
2610 1274 2702 1326 καὶ
2742 1273 2824 1326 ὅτι
2867 1264 3311 1337 ὲπινίκιοςοοῦτος
3355 1273 3383 1325 6
3431 1272 3599 1344 ὓμνος
3632 1273 3667 1345 ἢ
3720 1274 3751 1345 ἡ
3792 1274 3871 1345 ᾠδὴ

2336 1366 2549 1436 εἴρηται
2580 1324 2675 1419 es
2692 1324 2885 1418 ma;
2904 1324 3309 1430 Eurotae,"
3326 1364 3402 1429 δὲ,
3429 1324 3667 1435 emta:
3692 1324 3874 1436 τέάξιέέέ

2335 1459 2458 1520 τοὺς
2497 1457 2838 1520 τελευταίους
2860 1458 2961 1529 τῆς
2989 1458 3133 1529 ζωῆς
3166 1455 3332 1511 αὑτοῦ
3370 1458 3615 1529 χρόνους,
3648 1459 3743 1512 καὶ
3770 1458 3874 1528 μετᾶ
3924 1442 3925 1497 ἶ

2336 1550 2515 1625 πάσας
2542 1549 2706 1603 αὑτοῦ
2735 1549 2831 1613 τὰς
2858 1550 3081 1622 πράξεις
3112 1548 3209 1613 τὰς
3264 1550 3569 1621 φερομένας
3589 1551 3648 1603 ἑν
3669 1554 3738 1623 τῇ
3762 1532 3874 1603 ἱστο-

2336 1644 2430 1715 ρίᾳ
2478 1642 2743 1713 λελέχθαι·
2788 1642 2822 1713 ἢ
2876 1642 2965 1696 διὰ
3007 1642 3068 1696 τὸ
3118 1644 3453 1716 προφητείας
3497 1644 3772 1715 περιέχειν
3796 1643 3875 1694 τῶν

2338 1734 2636 1806 μελλόντων
2695 1733 2913 1787 ἔσεσθαι
2959 1736 3051 1788 ἐπὶ
3117 1735 3396 1807 συντελείᾳ
3458 1735 3553 1789 τοῦ
3608 1734 3876 1803 αἰῶνοςοῆ

657 1836 724 1878 ea
757 1837 878 1891 quae
920 1823 974 1875 in
1026 1821 1301 1891 postrema
1341 1820 1509 1889 hujus
1541 1822 1727 1892 hymni
1774 1815 1930 1893 parte
1961 1822 2222 1897 feruntur1

2335 1827 2536 1898 τρίτον,
2559 1825 2647 1879 διὰ
2682 1824 2743 1878 τὸ
2779 1826 2871 1878 ἐπὶ
2906 1824 2977 1878 τὰ
3000 1826 3127 1897 τέλη
3179 1827 3287 1880 τῶν
3317 1827 3711 1900 ἐμφερομένων
3738 1826 3877 1895 λόγων

658 1913 832 1970 lector
858 1904 1175 1969 remittitur.
1201 1912 1260 1967 ln
1278 1929 1389 1984 quo
1413 1912 1659 1986 [triplici]
1693 1916 1819 1977 tlne,
1852 1916 2067 1970 vocatio
2097 1931 2229 1986 gen-

657 2006 794 2062 tium
825 2015 878 2062 et
901 2005 1184 2077 pr0pbetia
1213 2006 1280 2061 de
1308 2005 1554 2060 Christo.
1584 2005 1699 2060 Hoc
1730 2014 1912 2061 autem
1949 2006 2109 2061 modo
2140 2021 2231 2059 va-

655 2098 941 2165 ticinatur,
966 2108 1025 2153 ut
1064 2096 1285 2154 Saulem
1321 2115 1445 2156 cum
1482 2098 1608 2153 aliis
1650 2099 1906 2153 omnibus
1946 2113 2051 2152 una
2081 2114 2231 2153 com—

655 2189 943 2259 plectatur.
1004 2189 1125 2244 Alia
1189 2204 1409 2261 quoque
1455 2191 1888 2267 rationeipsum
1946 2189 2014 2244 de
2062 2206 2226 2244 manu

657 2280 789 2335 Saul
822 2281 1072 2335 liberavit
1100 2299 1113 2336 :
1149 2280 1463 2352 frequenter
1492 2282 1636 2336 enim
1659 2295 1755 2350 per
1774 2297 1997 2333 manum
2034 2280 2229 2335 intelli«

654 2374 815 2444 gitur
837 2388 998 2443 opus.
1027 2372 1197 2443 Igitur
1230 2373 1324 2443 qui
1366 2373 1619 2429 liberavit
1648 2371 1901 2427 Davidem
1934 2387 2000 2428 ex
2048 2366 2251 2427 omni?

654 2465 759 2520 bus
791 2464 1028 2518 inimicis
1057 2464 1194 2531 suis,
1222 2466 1347 2534 jure
1370 2479 1434 2519 ac
1460 2474 1861 2533 consequenter
1890 2463 2069 2533 ipsum
2109 2478 2227 2517 ma—

649 2557 865 2630 joribus
909 2556 1186 2613 beneﬁciis
1214 2557 1552 2621 devinciens,
1585 2567 1654 2613 ex
1687 2557 1789 2611 hac
1823 2554 2004 2612 Saulis
2037 2572 2222 2621 manu,

654 2651 770 2708 sive
794 2667 978 2723 opere,
1025 2652 1230 2723 pariter
1262 2652 1463 2723 eripuit
1487 2692 1502 2714 ,
1547 2658 1607 2706 ut
1643 2658 1749 2706 nOn
1785 2652 1937 2706 naria
1972 2667 2096 2706 cum
2131 2651 2225 2706 illo

652 2728 954 2814 pateretur.
1926 2806 1927 2809 η

724 2836 889 2895 Vens.
924 2837 981 2903 2,
1016 2839 1050 2892 3
1112 2836 1345 2906 Diligam
1385 2845 1452 2897 te,
1494 2835 1736 2901 Domine,
1768 2835 2027 2904 fortitudo
2066 2854 2222 2892 mea:

652 2925 910 2986 Dominus
940 2934 1333 3001 ﬁrmamentum
1372 2938 1541 2982 nteum
1572 2927 1619 2981 et
1645 2929 1909 2998 refugium
1947 2945 2143 2994 meum,
2170 2941 2221 2983 et

655 3026 906 3080 liberator
935 3032 1097 3077 meus.
1132 3021 1274 3076 Deus
1313 3037 1458 3075 meus
1488 3020 1703 3089 adjutor
1730 3037 1896 3087 meus,
1916 3029 1973 3073 et
1994 3020 2221 3087 sperabo
2252 3092 2257 3098 Δ

2334 1918 2428 1968 τοῦ
2452 1915 2809 1987 προκειμένου
2863 1913 3034 1985 ὖμνου
3057 1915 3148 1969 τὸν
3187 1916 3585 1985 ἐντυγχάνοντα
3617 1915 3878 1987 παραπέμ-

2294 2054 2297 2055 ,
2336 2018 2474 2060 πεινο
2512 2009 2569 2060 ὲν
2595 2002 2678 2070 οἷς
2728 2007 2989 2077 τέλεσινὴ
3018 2005 3211 2076 κλῆσις
3250 2005 3357 2060 τῶν
3401 2005 3569 2059 έονῶν
3592 2008 3688 2061 καὶ
3720 2009 3753 2076 ἡ
3784 2005 3878 2075 περὶ
3926 2000 3927 2005 “

2332 2098 2427 2151 τοῦ
2462 2098 2696 2169 Χριστοῦ
2734 2099 3060 2171 προφητεία.
3126 2097 3328 2152 Τοῦτον
3371 2097 3617 2163 Θεσπίζει
3659 2097 3752 2150 τὸν
3785 2097 3872 2165 τρό-

2334 2207 2453 2254 πον,
2485 2189 3153 2262 συμπαραλαμϐανομένου
3182 2194 3296 2253 τοῖς
3323 2190 3458 2242 πᾶσι
3486 2189 3578 2243 καὶ
3606 2188 3701 2241 τοῦ
3719 2186 3879 2241 Σαούλ.

2339 2240 2453 2338 καί
2472 2240 3454 2351 ειὲὶᾷξὲέέιὲδᾷἐἶ’άέζριξὲαόδι
3486 2240 3775 2351 mam...
3803 2282 3879 2352 τῆς

2338 2372 2519 2445 χειρὸς
2560 2370 2818 2434 πολλάκις
2868 2371 2986 2424 ἀντὶ
3021 2371 3271 2440 πράξεως
3316 2370 3875 2445 παραλαμϐανομένης.

2337 2465 2574 2526 Εἰκότως
2623 2458 2716 2514 οὖν
2763 2463 2791 2513 6
2835 2461 3134 2533 ῥυσάμενος
3184 2459 3345 2515 Δαυῖδ
3404 2463 3467 2514 ὲκ
3529 2462 3749 2517 πάντων
3793 2464 3877 2515 τῶν

2338 2555 2545 2627 ἐχθρῶν
2572 2553 2758 2615 αὐτοῦ,
2796 2553 3053 2625 μειζόνως
3085 2553 3245 2607 αὐτὸν
3286 2552 3621 2624 εὐεργετῶν,
3658 2554 3751 2608 καὶ
3774 2554 3871 2609 ταύ-

2336 2666 2435 2719 της
2483 2648 2583 2717 τῆς
2618 2644 2796 2717 χειρὸς
2836 2644 2929 2700 τοῦ
2978 2644 3167 2710 Σαοὺλ,
3218 2646 3461 2699 τουτέστι
3506 2646 3607 2717 τῆς
3654 2647 3879 2719 πράξεως

2336 2739 2524 2803 αὑτοῦ,
2560 2727 2847 2811 ἐρρύσατο,
2873 2738 2948 2801 ὡς
2986 2737 3062 2811 μὴ
3091 2739 3157 2792 τὰ
3181 2740 3341 2817 ὅμοια
3368 2739 3559 2793 παθεῖν
3588 2740 3802 2809 ἐκείνῳ.

2409 2828 2728 2899 Ἀγαπήσω
2755 2845 2848 2891 σε,
2897 2828 3094 2896 Κύριε,
3129 2826 3308 2896 ἰσχύς
3341 2841 3478 2894 μου·
3514 2824 3735 2891 Κύριος
3770 2836 3881 2875 στεο
3930 2822 3931 2893 Ῐ

2319 2918 2522 2988 ρέωμά
2541 2936 2660 2989 μου
2686 2919 2785 2972 καὶ
2812 2917 3124 2988 καταφυγή
3163 2934 3305 2986 μου,
3351 2915 3452 2968 καὶ
3477 2916 3718 2983 ρὐτης
3764 2932 3882 2983 μου.

2341 3011 2403 3063 '0
2438 3011 2581 3076 Θεός
2606 3027 2745 3079 μου,
2770 3011 2996 3077 βοηθός
3020 3026 3163 3077 μου,
3188 3007 3287 3061 καὶ
3327 3005 3513 3061 ἐλπιῶ
3555 3006 3651 3059 ἐπ’
3701 3005 3883 3059 αὐτόν’

653 3118 855 3185 ineunt
881 3129 899 3168 :
921 3122 1183 3185 protector
1206 3126 1349 3168 meus
1379 3121 1428 3166 et
1464 3126 1627 3166 cornu
1659 3111 1851 3165 salutis
1871 3127 1996 3165 mew
2023 3121 2070 3165 et
2098 3129 2221 3165 sus-

2328 3101 2781 3170 ὐπερασπιστής
2846 3118 2985 3170 μου,
3053 3101 3151 3154 καὶ
3197 3098 3373 3167 κέρας
3419 3096 3529 3165 τῆς
3606 3097 3885 3164 σωτηρίας

649 3217 827 3278 ceptor
874 3222 1017 3279 meus
1060 3246 1075 3261 .
1118 3245 1133 3259 .
1179 3245 1194 3262 .
1240 3245 1254 3260 .
1300 3244 1316 3259 .
1375 3246 1388 3259 .
1434 3241 1449 3258 .
1522 3203 1641 3256 Alia
1688 3217 1905 3273 quoque
1955 3204 2222 3257 sententia

2328 3214 2478 3265 μου,
2533 3194 2631 3249 καὶ
2689 3195 3066 3262 ἀντιλήπτωρ
3119 3210 3237 3263 μου
3279 3231 3293 3247 .
3340 3232 3354 3246 .
3398 3230 3414 3246 .
3457 3231 3474 3246 .
3520 3229 3534 3243 .
3576 3190 3691 3243 Καὶ
3734 3190 3887 3251 ἄλλως

635 3284 819 3355 ~Deum
850 3305 1010 3353 vocat
1036 3295 1433 3360 fortitudinem,
1463 3296 1754 3349 humanam
1779 3293 2047 3349 confitens
2074 3294 2227 3348 intir-

648 3391 920 3454 mitatem,
968 3403 1091 3460 quae
1133 3388 1252 3444 sine
1286 3386 1397 3443 Deo
1426 3387 1563 3442 nihil
1612 3400 1775 3457 agere
1811 3386 2018 3454 valeat;
2054 3402 2226 3456 quare

604 3530 611 3541 .
649 3482 733 3539 sic
779 3483 855 3536 ait
893 3482 1093 3537 Paulus
1120 3499 1133 3535 :
1164 3478 1359 3535 Omnia
1397 3494 1610 3547 possum
1660 3478 1713 3531 in
1752 3475 1963 3533 Christo
2013 3478 2103 3549 qui
2144 3492 2223 3530 me

648 3573 1004 3647 confortat".
1042 3573 1240 3644 Aquila
1273 3587 1438 3642 porro
1482 3582 1536 3626 et
1578 3569 1959 3642 Symmachus,
2006 3572 2124 3625 vice
2155 3570 2221 3624 il-

649 3668 779 3730 lius,
842 3666 1131 3737 fortitudo,
1178 3676 1384 3737 petram
1436 3663 1774 3734 interpretati
1833 3672 2003 3718 sunt:
2038 3664 2220 3733 aitque

648 3776 881 3830 magnus
928 3758 1223 3830 Apostolus
1253 3776 1266 3812 :
1297 3755 1460 3811 Petra
1500 3766 1676 3809 autem
1722 3767 1838 3809 erat
1881 3753 2122 3810 Christus
2147 3754 2215 3808 ".

648 3849 784 3904 Cum
817 3862 981 3919 supra
1022 3856 1230 3918 petram
1264 3847 1427 3909 hanc,
1458 3846 1677 3900 domum
1710 3861 1862 3900 suam
1902 3846 2067 3899 David
2095 3845 2217 3899 fun-

646 3939 855 4008 dasset,
882 3940 1080 3997 similis
1118 3948 1234 3994 erat
1272 3940 1382 3993 viro
1403 3939 1646 4007 sapienti,
1678 3939 1768 4005 qui
1795 3937 2076 4006 a'diﬁcavit
2116 3936 2215 3989 do-

647 4050 792 4089 mum
831 4048 984 4088 suam
1026 4046 1186 4103 supra
1230 4039 1433 4100 petram
1453 4029 1520 4083 ³⁸.
1572 4028 1915 4097 Quapropter
1960 4025 2214 4079 omnibus

644 4127 884 4183 inimicis
922 4126 1062 4189 suis,
1118 4124 1211 4194 qui
1248 4122 1463 4193 pluviae,
1505 4127 1790 4179 ventorum
1844 4125 1898 4171 et
1927 4115 2211 4169 ﬂttininum

618 4220 817 4276 instar
849 4217 1243 4290 impingebant,
1299 4212 1551 4283 superior
1599 4211 1825 4265 etl'ectus
1865 4216 1970 4263 est.
2007 4204 2209 4260 Verum

641 4326 818 4382 neque
858 4310 1185 4366 satellitibus
1237 4322 1301 4361 ac
1350 4301 1614 4360 exercitui
1670 4299 1915 4354 conlisus
1965 4304 2069 4361 est,
2114 4296 2209 4352 sed

641 4405 752 4461 Deo
774 4420 933 4473 quem
966 4404 1155 4457 habuit
1182 4399 1587 4470 Opitulatorem,
1615 4394 1762 4449 omni
1794 4407 1991 4465 genere
2026 4406 2207 4445 armo-

640 4511 761 4551 rum
810 4496 1137 4549 instructum
1180 4504 1234 4547 et
1279 4507 1449 4546 cornu
1499 4491 1715 4553 salutis,
1754 4488 1825 4541 ita
1870 4493 1929 4539 ut
1956 4484 2203 4539 diceret:

642 4586 710 4645 In
740 4597 786 4641 te
809 4588 1045 4640 inimicos
1082 4595 1287 4640 nostros
1317 4584 1683 4639 cdntilabimus
1706 4600 1868 4637 cornu
1888 4582 1954 4635 δ’.

710 4679 878 4736 Vens.
943 4680 1062 4735 5-7.
1109 4677 1574 4734 Circumdederunt
1654 4693 1735 4731 me
1796 4675 2003 4729 datores
2065 4682 2225 4725 ἠοῖ-⁷

640 4777 729 4840 tis,
754 4784 803 4831 et
835 4782 1086 4829 torrentes
1114 4773 1411 4844 iniquitatis
1440 4769 1879 4825 conturbauerunt
1904 4784 2004 4821 me.
2044 4763 2208 4818 Dolo-

639 4887 722 4925 res
752 4869 945 4939 inferni
981 4866 1442 4921 circumdederunt
1473 4879 1573 4925 me,
1606 4864 2096 4930 praeoccupaverunt
2128 4871 2208 4908 me

639 4960 813 5031 laquei
846 4960 1050 5012 mortis.
1088 4955 1152 5011 In
1202 4954 1543 5011 tribulatione
1576 4949 1690 5007 mea
1742 4952 1974 5006 invocavi
2030 4945 2208 4999 Domi-

637 5065 785 5116 num,
819 5061 873 5105 et
917 5050 984 5103 ad
1023 5048 1191 5102 Deum
1248 5064 1418 5103 meum
1452 5045 1697 5100 clamavi.
1732 5044 1799 5097 Et
1836 5039 2101 5098 exaudivit
2146 5036 2209 5091 de

640 5142 827 5209 templo
866 5152 1047 5197 sancto
1084 5157 1177 5195 sua
1210 5157 1383 5195 uocent
1428 5157 1620 5206 nteant,
1652 5147 1701 5192 et
1741 5137 1941 5190 clamor
1974 5147 2119 5187 meus
2152 5129 2207 5182 in

639 5244 911 5302 conspectu
930 5234 1045 5303 ejus
1078 5233 1313 5286 introibit
1338 5236 1390 5286 in
1420 5249 1574 5287 aures
1602 5230 1735 5299 ejus.
1771 5226 1868 5283 His
1900 5226 2060 5281 docet
2097 5234 2205 5291 quo

639 5334 799 5395 pacto
832 5340 863 5379 a
883 5325 1224 5381 torrentibus
1264 5325 1574 5394 iniquitatis
1598 5322 1871 5383 turbatus,
1895 5327 1948 5375 et
1979 5314 2205 5385 reliquis

639 5434 760 5489 quae
788 5435 950 5489 supra
999 5405 1373 5473 memorantur
1413 5418 1571 5472 matis
1614 5414 2043 5476 circumventus,
2079 5424 2203 5464 cum

640 5527 700 5566 se
730 5512 783 5567 in
816 5514 1057 5583 periculo
1086 5512 1442 5567 constitutum
1477 5528 1597 5568 esse
1627 5509 1871 5570 sentiret,
1905 5505 1972 5560 ad
2005 5502 2202 5589 salutis

638 5619 752 5664 sua:
784 5614 996 5674 portum
1039 5604 1303 5675 confugit.
1342 5602 1707 5671 Quamobrem
1745 5601 1856 5656 ait:
1891 5597 1958 5653 In
1980 5593 2203 5651 tribula-

2327 3287 2382 3340 δὲ
2412 3289 2564 3357 ἰσχὺν
2594 3286 2748 3340 καλεῖ
2771 3286 2860 3339 τὸν
2887 3284 3040 3350 Θεὸν,
3089 3282 3364 3355 ὁμολογῶν
3406 3283 3503 3353 τὴν
3558 3281 3886 3353 ἀνθρωπίνην

2326 3380 2629 3444 ἀσθένειαν,
2663 3380 2754 3434 καὶ
2777 3379 2852 3444 ὼς
2884 3378 3036 3432 οὐδὲν
3086 3375 3151 3430 ἂν
3186 3375 3408 3447 ἴσχυσεν
3444 3375 3573 3430 ἄνευ
3620 3373 3781 3427 Θεοῦ·
3806 3374 3886 3425 καὶ

2325 3472 2537 3537 Παῦλος
2588 3472 2699 3544 γὰρ
2733 3471 2856 3543 ἔφη·
2894 3470 3095 3525 Πάντα
3163 3473 3352 3540 ισχύω
3398 3469 3469 3529 ἐν
3520 3466 3602 3533 τῷ
3646 3465 3886 3520 ἐνδύντι·

2318 3566 2534 3637 μοῦντί
2556 3583 2630 3635 με
2656 3564 2906 3634 Χριστῷ.
2947 3563 3177 3627 Ἀκύλας
3227 3563 3283 3617 δὲ
3318 3563 3412 3616 καὶ
3455 3559 3754 3631 Σύμμαχος
3785 3557 3889 3611 ἀντὶ

2321 3659 2436 3725 τοῦ,
2468 3658 2790 3727 στερέωμα,
2827 3656 3030 3723 πέτραν
3060 3656 3429 3726 ήρμήνευσαν·
3456 3652 3560 3722 ἔφη
3611 3652 3673 3704 δὲ
3729 3654 3821 3705 καί
3867 3652 3889 3703 ὁ

2323 3754 2498 3825 μέγας
2515 3750 2849 3813 Ἀπόστολος·
2868 3748 2929 3801 Ἠ
2941 3747 3124 3815 πέτρα
3139 3745 3205 3799 δὲ
3219 3742 3296 3814 ἦν
3310 3744 3622 3813 όΧριστός.
3642 3744 3768 3797 Ἐπὶ
3782 3744 3889 3797 ταύ-

2318 3864 2417 3918 την
2445 3846 2541 3918 τὴν
2573 3844 2777 3914 πέτραν
2795 3842 2894 3913 τὴν
2917 3841 3108 3895 ἑαυτοῦ
3137 3838 3312 3891 οἰκίαν
3346 3836 3643 3907 οἰκοδομῶν
3669 3837 3698 3889 6
3716 3834 3886 3895 Δαυῖδ,

2319 3937 2642 4009 ἀφωμοίωτο
2681 3932 2761 4000 τῷ
2810 3931 3072 4002 φρονίμῳ
3122 3931 3202 3997 τῷ
3274 3927 3737 3997 οἰκοδομήσαντι
3787 3928 3889 3991 τὴν

2316 4028 2532 4083 ἑαυτοῦ
2579 4029 2776 4081 οὶκίαν
2824 4026 2919 4078 ἐπὶ
2954 4024 3069 4093 τὴν
3122 4025 3364 4093 πέτραν.
3415 4023 3507 4077 Διὸ
3557 4018 3651 4076 καὶ
3681 4022 3887 4076 πάντων

2316 4123 2575 4191 κρείττων
2598 4120 2834 4187 ἐγένετο,
2879 4117 2987 4171 τῶν
3025 4116 3181 4171 ὑετοῦ
3240 4116 3418 4187 δίκην,
3467 4115 3796 4186 πνευμάτων
3836 4129 3885 4166 τε

2315 4214 2413 4268 καὶ
2438 4210 2694 4282 ποταμῶν
2734 4210 3176 4282 προσϐαλλόντων
3224 4208 3371 4280 αὐτῷ
3418 4206 3718 4278 πολεμίων.
3755 4204 3884 4259 Ἀλλ’

2312 4306 2431 4359 οὐδὲ
2459 4305 2551 4357 ἐπὶ
2580 4302 2913 4374 δορυφόρους
2967 4302 3190 4373 ἤλπιζεν
3238 4302 3271 4371 ἥ
3332 4300 3579 4373 στρατὸν,
3641 4298 3762 4354 ἀλλ’
3803 4299 3883 4350 ἐπὶ

2311 4395 2459 4459 Θεὸν,
2508 4393 2696 4465 βοηθὸν
2730 4394 2889 4446 αὑτὸν
2916 4392 3076 4463 ἔχων,
3104 4392 3401 4445 πανοπλίαν
3427 4392 3520 4446 καὶ
3549 4391 3741 4461 κέρας·
3764 4390 3882 4443 ὥστ’

2312 4485 2378 4540 ἂν
2407 4487 2578 4538 εἰπεῖν
2610 4485 2703 4538 καὶ
2730 4484 2910 4537 αὐτόν·
2956 4485 3053 4537 Ἐν
3087 4483 3185 4537 σοὶ
3234 4484 3385 4551 ,τοὺς
3426 4482 3680 4550 ἐχθροὺς
3724 4478 3884 4545 ἡμῶν

2311 4576 2712 4645 κερατιοῦμεν.

2380 4668 2709 4737 Περιέσχον
2756 4685 2834 4737 με
2882 4665 3088 4733 ὠδῖνες
3126 4664 3384 4720 θανάτου
3435 4664 3533 4718 καί
3583 4663 3881 4733 χείμαρῤοι

2310 4752 2557 4831 ἀνομίας
2579 4758 2945 4828 ἐξετάραξάν
2959 4776 3055 4827 με.
3088 4757 3307 4821 Ὠδῖνες
3330 4755 3474 4823 ᾅδου
3498 4756 3884 4822 περιεκύκλω-

2312 4852 2431 4907 σάν
2453 4870 2548 4923 με,
2593 4850 2981 4920 προέφθασάν
3004 4849 3349 4919 μελπαγιίδες
3380 4845 3656 4901 θανάτου.
3688 4847 3800 4899 Καὶ
3822 4846 3885 4899 ἐν

2314 4945 2393 5012 τῷ
2421 4947 2729 5001 θλίϐεσθαί
2748 4962 2823 5015 με
2846 4940 3310 5019 ἐπεκαλεσάμην
3340 4939 3447 4993 τόν
3496 4939 3741 5007 Κύριον,
3795 4937 3885 4994 καί

2314 5040 2461 5108 πρὸς
2488 5039 2593 5093 τόν
2640 5039 2786 5092 Θεόν
2827 5054 2947 5107 μου
2973 5032 3283 5101 ἐκέκραξα.
3323 5034 3625 5087 Ἤκουσεν
3641 5033 3713 5086 ἐκ
3742 5031 3883 5086 ω

2312 5133 2483 5203 ἁγίου
2516 5133 2701 5187 αὑτοῦ
2731 5131 2845 5199 τὴν
2882 5126 3089 5198 φωνήν
3110 5144 3250 5196 μου,
3289 5125 3385 5179 καὶ
3426 5127 3464 5193 ἡ
3492 5124 3726 5194 κραυγή
3772 5139 3884 5194 μου

2312 5225 2568 5278 ἐνώπιον
2595 5221 2781 5277 αὑτοῦ
2814 5220 3223 5274 εἰσελεύσεται
3272 5220 3362 5285 εὶς
3390 5218 3463 5272 τὰ
3508 5212 3627 5272 ὦτα
3671 5213 3878 5270 αὐτοῦ.

2310 5318 2556 5372 Διδάσκει
2582 5316 2669 5369 διὰ
2700 5313 2902 5367 τούτων
2927 5311 3045 5366 τίνα
3078 5312 3295 5383 τρόπον,
3345 5311 3436 5364 καὶ
3467 5310 3573 5363 ὑπὸ
3612 5308 3725 5361 τῶν
3748 5292 3757 5301 δ
3780 5323 3884 5379 χει·

2313 5412 2536 5482 parum
2568 5410 2665 5477 τῆς
2688 5406 2916 5476 ἀνομίας
2936 5405 3357 5477 ταρασσόμενος,
3389 5404 3483 5455 καὶ
3529 5399 3600 5483 τα
3622 5399 3790 5452 λοιπὰ
3822 5400 3881 5450 τὲ

2308 5500 2676 5574 προειρημένα
2722 5497 2972 5567 πάσχων,
3002 5498 3195 5569 ᾔσθετο
3241 5494 3405 5551 αὑτοῦ
3459 5490 3877 5550 κινδυνεύοντος.

2307 5595 2398 5647 ἐπὶ
2418 5595 2509 5647 τὸν
2535 5592 2731 5660 λιμένα
2758 5590 2858 5662 τῆς
2878 5592 3069 5647 ἑαυτοῦ
3114 5590 3384 5662 σωτηρίας
3415 5584 3742 5657 κατέφευγε.
3791 5582 3881 5638 Διό

709 5787 754 5821 ⁸⁵
790 5784 1021 5859 Philipp.
1078 5804 1147 5852 IV,
1191 5787 1271 5843 l3.
1349 5787 1436 5843 ⁸⁸1
1471 5786 1595 5844 Cor.
1644 5802 1696 5848 ι.
1738 5783 1786 5838 l.
1867 5746 2126 5834 “'Mattb.
2154 5782 2261 5845 1m,
2290 5769 2379 5827 ει.
2459 5771 2667 5829 57Psal.
2704 5784 2861 5837 thu,
2898 5770 2950 5824 ϐο
