3956 6340
708 435 806 494 ΠΙ

1398 435 1666 494 EUSEBII
1703 433 2176 512 CESARIENSIS
2213 433 2364 488 OPP.
2405 429 2586 488 PARS
2616 429 2702 486 Ill.
2734 459 2791 472 -
2844 427 3250 484 EXEGETICA.
3588 505 3589 512 γ
3797 429 3878 485 ιτς

703 553 907 608 mittere
931 553 984 608 in
1003 562 1213 618 terram,
1240 563 1288 607 et
1317 553 1440 624 quid
1470 555 1584 610 uolo
1615 554 1661 607 si
1670 554 1787 624 jam
1805 570 2050 609 accensus
2073 553 2143 607 sit
2167 552 2247 607 “2’

2354 548 2737 615 καυθήσεται,
2765 544 2865 598 καί
2913 544 3117 610 κύκλῳ
3145 541 3329 596 αὐτοῦ
3373 541 3638 611 καταιγὶς
3663 539 3881 608 σφόδρα.

703 639 830 698 Hac
858 657 1020 715 porro
1067 645 1248 704 omnia
1301 643 1443 699 facta
1501 653 1649 709 sunt,
1690 643 1944 714 quoniam
1986 642 2255 696 inclinavit

702 731 858 786 caelos
888 740 937 787 et
969 731 1249 787 descendit.
1283 732 1466 803 Neque
1489 748 1657 786 unum
1691 730 2036 788 solummodo
2057 731 2256 786 caelum

705 823 1025 891 inclinavit;
1058 825 1152 881 sed
1182 840 1372 880 omnes
1419 833 1685 895 quotquot
1736 833 1865 880 sunt
1907 824 2096 880 caelos.
2120 821 2254 888 Nam

701 915 1004 973 humiliatio
1029 917 1373 974 celsitudinis
1404 919 1522 988 ejus
1549 926 1603 972 et
1623 917 1922 973 exinanitio
1952 915 2254 971 divinitatis

699 1003 838 1076 ejus,
876 1008 1205 1077 supradictis
1251 1009 1432 1064 verbis
1469 1009 1798 1065 indicantur.
1850 1007 1987 1063 Cum
2020 1007 2254 1078 maxima

699 1094 844 1151 enim
860 1097 1108 1166 emphasi
1133 1097 1455 1152 descensum
1481 1099 1602 1168 ejus
1623 1080 1893 1168 signiﬁcat
1915 1097 2000 1152 his
2026 1097 2206 1153 verbis
2237 1113 2250 1148 :

695 1185 984 1244 ‘lnclinavit
1019 1189 1210 1254 caelos;
1243 1189 1602 1272 eumdemque
1626 1190 1949 1246 descensum
1993 1204 2254 1260 corporeo

697 1289 924 1350 prorsus
955 1295 1104 1336 more
1132 1281 1403 1352 exprimit.

763 1453 928 1511 Vens.
987 1446 1168 1547 ll-iS.
1241 1455 1310 1510 Et
1345 1458 1514 1529 caligo
1583 1459 1677 1512 sub
1733 1457 1948 1529 pedibus
1993 1459 2141 1527 ejus.
2185 1455 2255 1509 Et

696 1548 929 1614 ascendit
951 1564 1106 1618 super
1127 1549 1390 1604 cherubim
1411 1560 1461 1604 et
1483 1549 1695 1616 volavit,
1721 1551 1914 1606 volavit
1929 1546 2096 1620 super
2122 1565 2253 1620 pen-

2355 640 2523 694 Τοῦτο
2545 632 2548 635 ’
2570 639 2626 692 δὲ
2652 638 2746 692 καὶ
2785 637 2947 700 αὐτὸς
2977 639 3005 690 ὁ
3035 634 3222 706 Σωτὴρ
3265 632 3516 704 ἐδηλοῦτο
3543 631 3672 704 πῦρ,
3704 631 3880 700 λέγων·

2353 735 2479 802 Πῦρ
2523 732 2712 801 ἦλθον
2736 730 2956 796 βαλεῖν
2993 730 3090 791 ἐπὶ
3125 729 3238 795 τὴν
3254 728 3389 798 γῆν,
3429 725 3528 780 καὶ
3557 727 3613 778 τι
3651 727 3812 790 θέλω,
3846 731 3886 781 ει

2355 826 2471 896 ἤδη
2530 823 2802 893 ἀνήφθη;
2855 821 3039 876 Ταῦτα
3101 825 3276 876 πάντα
3338 819 3564 889 ἐγίνετο,
3622 817 3885 890 ἐπειδήπερ

2352 917 2592 972 ἔκλινεν
2627 915 2918 984 οὐρανοὺς
2955 914 3055 967 καὶ
3098 913 3329 980 κατέϐη.
3358 913 3467 982 Οὐχ
3493 911 3588 964 ἕνα
3615 909 3672 963 δὲ
3693 908 3887 980 οὐρανὸν

2354 1007 2578 1074 ἔκλινεν,
2607 1005 2740 1060 ἀλλὰ
2771 1005 2897 1069 τοὺς
2939 1005 3146 1066 πάντας
3190 1004 3303 1056 ὅσοι
3333 1001 3477 1056 ποτέ
3514 1002 3669 1054 εἰσιν.
3709 999 3769 1052 Ἠ
3803 999 3886 1070 γὰρ

2354 1098 2676 1162 ταπείνωσις
2709 1095 2803 1150 τοῦ
2837 1096 3006 1166 ὕψους
3035 1094 3198 1149 αὐτοῦ
3225 1096 3320 1148 xui
3352 1097 3386 1165 ἠ
3419 1094 3651 1157 κένωσις
3676 1092 3772 1163 τῆς
3794 1090 3887 1144 θεό-

2351 1207 2511 1260 τητος
2547 1187 2798 1261 ἐδηλοῦτο
2833 1186 2922 1240 διὰ
2961 1186 3068 1240 τῶν
3097 1186 3420 1258 εἰρημένων.
3465 1181 3891 1255 Ἐμφατικώτατα

2353 1281 2460 1357 γὰρ
2493 1281 2609 1353 «τὴν
2657 1280 2954 1334 κατάϐασιν
3008 1277 3202 1342 αὐτοῦ,
3264 1267 3540 1330 Ἔκλινεν
3594 1277 3888 1342 οὐραγούςο

2355 1370 2810 1444 σωματικώτερον
2843 1372 2942 1440 τὴν
2973 1368 3198 1424 κάθοδον
3227 1366 3390 1421 αὐτοῦ
3422 1367 3722 1437 σημαίνων.

2391 1462 2393 1464 ’
2421 1465 2536 1520 Καὶ
2577 1465 2801 1536 γνόφος
2844 1463 2963 1518 ὑπὸ
2988 1461 3131 1528 τοὺς
3167 1459 3356 1526 πόδας
3384 1459 3569 1514 αὐτοῦ
3601 1458 3704 1512 καὶ
3742 1457 3892 1526 ἐπέϐη

2352 1559 2450 1613 ἐπὶ
2478 1558 2702 1629 χεροὺϐ
2721 1556 2819 1626 (1),
2845 1555 2940 1609 καὶ
2972 1551 3296 1619 ἐπετάσθη,
3326 1551 3626 1618 ἐπετάσθη
3652 1549 3752 1603 ἐπὶ
3782 1565 3891 1602 πτε-

697 1641 794 1695 nas
815 1649 1103 1696 ventorum.
1128 1639 1231 1697 Per
1270 1635 1554 1714 caliginem
1584 1651 1639 1700 et
1670 1643 1922 1699 tenebras
1945 1643 2086 1724 illas,
2114 1643 2247 1697 clam

2352 1653 2547 1721 ρύτων
2581 1648 2833 1719 ἀνέμων.
2869 1648 2947 1718 Τῇ
2997 1646 3096 1718 μὲν
3142 1641 3234 1699 οὖν
3277 1643 3472 1715 ὁμίχλῃ
3505 1643 3600 1696 καὶ
3629 1640 3708 1712 τῷ
3743 1642 3894 1711 γνόφῳ

692 1740 749 1787 et
770 1747 967 1788 arcana
989 1734 1199 1790 ratione
1221 1750 1376 1791 suam
1401 1735 1701 1791 secundum
1721 1734 1998 1790 hominem
2035 1749 2258 1789 oecono-

691 1823 856 1878 miam
882 1825 1189 1882 adumbrat.
1210 1829 1542 1897 Demumque
1585 1827 1776 1882 eodem
1802 1826 2091 1882 revertitur
2114 1825 2256 1882 unde

2353 1745 2416 1799 τδ
2441 1743 2662 1814 λεληθὸς
2693 1742 2787 1796 καὶ
2816 1741 3131 1812 ἀπόκρυφον
3175 1735 3472 1808 παρίστησι
3509 1735 3609 1806 τῆς
3648 1733 3787 1787 κατὰ
3823 1734 3892 1786 dv-

2355 1837 2572 1908 θρωπον
2607 1833 2772 1889 αὐτοῦ
2812 1832 3150 1902 οἰκονομίας·
3201 1829 3447 1883 ἐπάνεισι
3476 1828 3533 1882 δὲ
3577 1827 3765 1880 λοιπὸν
3799 1826 3895 1879 ὅθεν

689 1915 969 1986 profectus
1011 1925 1130 1973 erat
1167 1938 1180 1973 :
1212 1934 1278 1973 ac
1332 1918 1388 1972 in
1435 1919 1608 1974 caelos
1638 1917 1888 1973 ascendit
1915 1931 2040 1971 cum
2062 1917 2247 1971 cheru-

2358 1930 2454 1983 καὶ
2483 1926 2665 1998 παρῆν
2690 1942 2703 1956 ·
2733 1927 2814 1989 εἰς
2846 1921 3108 1996 οὐρανούς
3135 1938 3196 1974 τε
3229 1920 3381 1991 ἀνῄει
3411 1923 3504 1974 καὶ
3545 1920 3686 1991 μετὰ
3711 1919 3802 1972 τοῦ
3832 1936 3896 1988 χε-

690 2007 822 2063 bino
864 2015 921 2064 et
945 2008 1180 2075 volavit;
1230 2007 1448 2062 tametsi
1504 2022 1612 2062 non
1645 2021 1769 2061 cum
1802 2007 1922 2076 ipso
1956 2005 2255 2061 cherubino

689 2096 1041 2152 descenderat
1073 2117 1086 2153 :
1118 2096 1237 2154 sine
1287 2095 1590 2152 cherubino
1607 2095 1806 2165 quippe
1837 2081 2118 2149 inclinavit
2131 2094 2252 2163 ipse

688 2189 858 2245 colos
911 2196 964 2244 et
1007 2188 1304 2244 descendit.
1359 2187 1417 2242 In
1463 2189 1638 2244 reditu
1691 2195 1869 2242 autem
1921 2184 2253 2242 diciturzEt

638 2275 640 2278 ’
688 2283 924 2348 ascendit
973 2297 1130 2352 super
1166 2281 1433 2336 cherubim
1487 2290 1537 2336 et
1593 2282 1806 2345 volavit,
1859 2295 1984 2354 cum
2025 2294 2255 2350 corpore

689 2375 896 2431 scilicet
921 2375 1064 2446 quod
1087 2382 1476 2446 assumpserat.
1515 2369 1623 2430 Illae
1647 2389 1811 2445 porro
1856 2374 2050 2431 divinae
2077 2373 2250 2427 virtu—

687 2476 774 2523 tes
799 2468 976 2539 ipsum
1015 2468 1096 2523 sic
1155 2467 1540 2530 ascendentem
1593 2466 1950 2537 conspicatae,
2014 2464 2251 2521 circum-

689 2566 932 2615 astantes
960 2559 1252 2615 satellitum
1278 2574 1451 2625 more,
1487 2559 1773 2614 Dominum
1808 2557 2103 2629 stipabant,
2131 2555 2249 2627 ejus

689 2665 977 2718 ascensum
1023 2653 1360 2729 celebrantes
1407 2652 1595 2723 sicque
1628 2651 2034 2707 vociferantes:
2077 2649 2249 2704 Attol-

689 2742 1002 2813 Iiteportas,
1031 2745 1311 2814 principes,
1375 2754 1594 2810 vestras,
1645 2754 1696 2799 et
1745 2744 2041 2808 elevamini,
2084 2754 2249 2812 portte

689 2831 979 2896 cternales,
1010 2843 1060 2886 et
1087 2833 1322 2889 introibit
1350 2833 1458 2889 Rex
1504 2835 1685 2906 gloria:
1714 2834 1777 2888 ⁸³.
1821 2835 2038 2906 lmpleta
2067 2837 2247 2889 autem

687 2925 874 2998 isthalc
902 2933 1028 2981 sunt
1056 2942 1122 2981 eo
1149 2933 1411 2996 tempore,
1450 2943 1559 2998 quo
1615 2929 1670 2982 in
1702 2929 2070 2998 apostolorum
2099 2928 2248 2982 Acti-

687 3019 791 3076 bus
816 2987 1110 3074 narratur:
1145 3018 1211 3072 Et
1235 2987 1352 3073 cum
1382 2987 1490 3073 μὲωὲ
1518 2987 1758 3081 dixisset,
1808 3018 2096 3099 videntibus
2139 3018 2246 3072 illis

685 3109 912 3179 elevatus
963 3121 1062 3176 est,
1097 3121 1146 3166 et
1182 3111 1340 3166 nubes
1362 3113 1585 3180 suscepit
1617 3128 1734 3166 eum
1766 3128 1831 3165 ea:
1861 3111 2023 3166 oculis
2044 3127 2243 3166 eorum.

689 3199 918 3272 Cumque
944 3203 1268 3257 intuerentur
1288 3219 1404 3257 eum
1432 3214 1632 3258 euntem
1656 3204 1709 3257 in
1734 3203 1918 3256 ccelum
1943 3202 2009 3256 “.

757 3374 1038 3432 Latentem
1071 3378 1216 3432 illam
1270 3387 1324 3434 et
1351 3379 1619 3434 occultam
1655 3379 1954 3435 Salvatoris
1986 3394 2109 3433 cum
2145 3378 2246 3432 ho-

689 3468 947 3534 minibus,
978 3471 1046 3526 ab
1091 3484 1322 3527 ascensu
1381 3487 1482 3528 suo
1527 3473 1594 3528 ad
1646 3459 1750 3530 hoc
1801 3478 1974 3544 usque
2011 3480 2244 3542 tempus,

689 3563 1153 3616 conversationem
1183 3562 1268 3618 his
1299 3563 1480 3620 verbis
1519 3563 1722 3619 indicat
1755 3584 1766 3618 :
1804 3563 1872 3617 Et
1911 3565 2084 3633 posuit
2117 3572 2247 3617 tene-

683 3649 812 3706 bras
833 3648 1124 3706 ‘latibulum
1149 3669 1323 3718 suum,
1350 3655 1403 3708 in
1429 3657 1653 3709 circuitu
1694 3656 1807 3726 ejus
1847 3655 2246 3709 tabernaculum

681 3742 817 3813 ejus,
845 3744 1110 3800 tenebrosa
1132 3763 1269 3816 aqua
1285 3748 1338 3801 in
1362 3747 1582 3804 nubibus
1610 3749 1768 3803 aeris.
1806 3747 2018 3804 Nemini
2049 3748 2248 3819 quippe

686 3833 818 3890 latet
842 3849 949 3904 quo
978 3843 1135 3904 pacto
1157 3837 1439 3894 nobiscum
1468 3847 1714 3895 versetur
1733 3879 1748 3905 ,
1782 3838 2082 3894 secundum
2112 3838 2244 3892 illud

686 3926 757 3981 ab
815 3941 882 3981 eo
929 3926 1129 3982 dictum
1165 3949 1177 3983 :
1211 3929 1344 3986 Ecce
1391 3948 1482 4002 ego
1538 3933 1800 3988 vobiscum
1825 3948 1941 3986 sum
2003 3929 2244 3986 omnibus

683 4019 865 4074 diebus
892 4036 1052 4090 usque
1083 4019 1150 4073 ad
1181 4019 1674 4079 consummationem
1726 4025 1909 4082 saeculi
1943 4026 2009 4081 ⁸⁸.
2041 4023 2245 4079 Taber-

686 4111 940 4167 nadulum
975 4127 1140 4182 porro
1171 4100 1345 4183 ipsius
1400 4130 1510 4170 non
1543 4115 1689 4170 aliud
1735 4115 2025 4186 signiﬁcat.
2077 4130 2242 4186 quam

683 4210 928 4259 sanctam
951 4201 1250 4260 EcCIesiam
1293 4205 1432 4276 ejus,
1489 4206 1546 4262 in
1585 4222 1693 4278 qua
1724 4223 1784 4263 se
1834 4208 2241 4266 tabernaculum

683 4296 987 4365 positurum
1026 4297 1298 4366 pollici-tus
1326 4308 1410 4353 est
1432 4314 1554 4354 cum
1582 4299 1719 4354 dixit
1752 4315 1764 4350 :
1791 4299 1890 4354 Ubi
1910 4298 2013 4354 duo
2042 4300 2119 4355 vel
2138 4309 2242 4354 tres

681 4390 981 4460 congregati
1002 4389 1196 4465 fuerint
1223 4391 1282 4444 in
1311 4392 1518 4446 nomine
1559 4407 1689 4456 meo,
1728 4393 1840 4445 illic
1862 4408 1977 4446 sum
1999 4392 2053 4445 in
2074 4389 2242 4446 medio

680 4495 860 4535 eorum
913 4481 978 4536 “.
1022 4479 1471 4551 Quandoquidem
1523 4497 1652 4537 vero
1711 4482 2008 4553 prophetiae
2065 4483 2240 4552 ipsum

684 4578 993 4641 spectantes
1019 4572 1317 4646 caliginoso
1333 4579 1386 4627 et
1400 4573 1636 4637 obscuro
1662 4588 1814 4628 more
1843 4573 2065 4642 prolatae
2087 4578 2237 4639 sunt,

675 4663 1149 4733 jure‘adjicitur:
1190 4661 1483 4720 Tenebrosa
1533 4682 1671 4736 aqua
1719 4667 1771 4718 in
1817 4664 2039 4720 nubibus
2083 4666 2240 4718 aeris.

680 4754 806 4809 Prw
830 4755 1035 4826 fulgore
1078 4757 1132 4809 in
1182 4746 1456 4826 conspectu
1505 4758 1617 4826 ejus
1684 4758 1840 4813 nubes
1897 4757 2240 4821 transierunt,

677 4847 883 4917 grando
915 4858 963 4903 et
993 4847 1246 4902 carbones
1275 4849 1430 4919 ignis.
1482 4847 1637 4915 Quod
1674 4858 1854 4906 autem
1893 4851 2089 4913 nubes,
2117 4864 2244 4918 pro-

680 4942 895 5011 phetas,
923 4956 985 4996 ac
1004 4941 1248 5012 pluviam
1281 4957 1347 4998 ex
1386 4940 1624 4996 nubibus
1681 4940 1976 5012 delapsam,
2009 4941 2242 5014 prophe-

675 5035 818 5090 ticos
877 5028 1156 5091 sermones
1216 5034 1451 5107 Spiritus
1481 5043 1702 5091 sanctus
1745 5037 1916 5091 soleat
1968 5035 2243 5105 appellare

676 5125 893 5181 docebit
912 5125 1086 5184 isaias
1116 5130 1232 5200 qui,
1267 5123 1726 5201 quemadmodum
1757 5128 1958 5183 dictum
1989 5136 2095 5194 est,
2144 5142 2241 5198 po-

677 5223 865 5294 pulum
922 5223 1135 5278 vineam
1187 5227 1496 5297 compellat,
1532 5229 1716 5298 aitque
1755 5228 1928 5283 nubes
1958 5243 2064 5283 non
2101 5225 2242 5279 ultra

677 5317 912 5387 pluviam
943 5317 1044 5388 ipsi
1072 5317 1486 5376 subministrare
1509 5321 1575 5375 ⁸⁷.

745 5408 911 5466 Vens.
937 5411 1023 5466 M.
1061 5409 1129 5464 Et
1156 5413 1383 5466 intonuit
1409 5413 1472 5467 de
1493 5415 1620 5469 caelo
1641 5413 1918 5481 Dominus,
1953 5421 2005 5468 et
2026 5412 2239 5466 Altissi-

675 5521 791 5558 mus
806 5501 948 5558 dedit
970 5521 1142 5560 vocem
1159 5521 1331 5559 suam.
1380 5506 1436 5559 In
1455 5506 1724 5576 praesenti
1752 5506 2012 5561 docemur
2037 5519 2099 5557 ea
2115 5517 2235 5572 quae

2363 2018 2579 2092 ρουόὶμ,
2605 2018 2700 2071 καὶ
2722 2014 3024 2086 ὲπετάσθη·
3051 2014 3225 2067 καίτοι
3252 2012 3325 2083 μὴ
3357 2013 3452 2066 σὺν
3476 2011 3624 2082 αὐτῷ
3653 2011 3894 2073 καταεάς.

2358 2112 2480 2183 δίχα
2519 2111 2628 2182 γὰρ
2675 2109 2769 2164 τοῦ
2811 2107 3077 2180 χερουὸὶμ
3119 2104 3324 2158 ἔκλινεν
3353 2105 3616 2175 οὐρανοὺς
3641 2104 3802 2167 αὐτὸς
3829 2103 3898 2155 καὶ

2360 2201 2585 2272 κατέϐη.
2633 2202 2720 2255 Ἐν
2771 2198 2828 2252 δὲ
2873 2201 2935 2269 τῇ
2981 2196 3222 2267 ἐπανόδῳ
3270 2195 3546 2248 λέλεκται·
3593 2196 3705 2250 Καὶ
3747 2193 3899 2262 έπέση

2357 2292 2457 2347 ἐπὶ
2492 2293 2769 2362 χερουϐίμ
2798 2290 2895 2345 καὶ
2923 2289 3243 2357 έπετάσθη,
3278 2287 3394 2359 μεθ’
3424 2282 3484 2342 οὗ
3512 2287 3797 2360 ἀνείληφεν
3821 2285 3900 2340 σώ-

2362 2376 2548 2458 ματος.
2569 2387 2678 2440 Καὶ
2702 2385 2888 2456 ἐπειδὴ
2911 2382 3271 2438 ἀναϐαίνοντα
3293 2379 3466 2444 οὕτως
3485 2378 3752 2451 ἐθεώρουν
3768 2379 3900 2434 αὑτὸν

2357 2479 2414 2530 αἱ
2447 2477 2702 2548 δυνάμεις
2731 2476 2784 2528 αἱ
2821 2474 2980 2534 θεῖαι.
3009 2473 3140 2543 περὶ
3165 2471 3325 2548 αὐτὸν
3360 2467 3646 2539 γενόμεναι
3673 2467 3900 2539 ἐδορυφό-

2360 2587 2484 2643 ρουν
2535 2568 2696 2622 αὐτοῦ
2753 2567 2851 2638 τὴν
2907 2566 3089 2622 ἄνοδον
3139 2563 3433 2618 ἐπιϐοῶσαι
3495 2563 3588 2615 καὶ
3618 2560 3898 2629 ’λέγουσαν

2359 2661 2562 2728 Ἄρατε
2605 2658 2712 2724 τὰς
2741 2654 3369 2724 πύλας,οι,ἄρχοντες,
3407 2650 3592 2721 ὑμῶν,
3622 2650 3727 2704 καὶ
3750 2648 3902 2716 ead;-

2355 2733 2515 2821 θητε,
2542 2751 2726 2805 πύλαι
2751 2748 2988 2813 αιώνιοι,
3017 2747 3113 2801 καὶ
3139 2746 3546 2801 εἰσελεύσεται
3575 2747 3606 2797 ό
3625 2742 3902 2808 ,ϐασιλεὺς

2355 2839 2462 2908 τῆς
2491 2840 2707 2906 δόξης.’
2746 2835 3075 2909 Ἐπληροῦτο
3100 2835 3157 2889 δὲ
3183 2831 3356 2888 ταῦτα
3399 2831 3542 2886 κατὰ
3585 2831 3680 2885 τὸν
3719 2829 3901 2900 καιρὸν,

2354 2932 2474 2986 καθ’
2517 2933 2571 2987 ὃν
2620 2949 2783 3006 φησιν
2827 2933 2862 3002 ἡ
2896 2923 3090 3002 Γραφὴ
3119 2927 3227 2981 τῶν
3268 2926 3525 2998 Πράξεων
3551 2923 3661 2976 τῶν
3696 2920 3901 2975 ἀποστόο

2352 3020 2460 3076 λων
2479 3040 2492 3053 ·
2512 3024 2618 3077 Kal
2647 3023 2833 3076 ταῦτα
2854 3021 3055 3085 εἰπὼν,
3079 3020 3434 3084 ,βλεπόντων
3453 3013 3653 3070 αὐτῶν
3674 3011 3900 3081 ἐπήρθης

2354 3116 2451 3169 καὶ
2484 3113 2709 3182 νεφέλη
2743 3113 3036 3166 ἀνέλαϐεν
3069 3110 3257 3164 αὐτὸν
3284 3108 3404 3162 ἀπὸ
3442 3106 3559 3160 τῶν
3601 3102 3900 3175 ὀφθαλμῶν

2352 3205 2570 3262 αὐτῶν.
2595 3205 2703 3260 Καὶ
2728 3205 2809 3270 ὠς
2841 3203 3205 3267 ἀτενίζοντες
3231 3196 3390 3270 ἦσαν
3417 3201 3502 3262 εὶς
3529 3198 3637 3251 τὸν
3667 3195 3902 3264 οίιρανίπν

2278 3275 2320 3332 C
2355 3296 2756 3366 πορευομένου
2783 3294 2987 3350 αὑτοῦ.

2425 3390 2533 3462 Τὴν
2565 3389 2744 3460 ἀφανῆ
2783 3389 2875 3442 καὶ
2917 3387 3284 3443 λανθάνουσαν
3316 3381 3408 3436 τοῦ
3439 3381 3696 3452 Σωτῆρος
3723 3380 3903 3450 διατρι-

2355 3482 2474 3555 ϐὴν,
2501 3483 2567 3553 ἢν
2601 3482 2697 3536 σὺν
2723 3479 3028 3552 ἀνθρώποις
3083 3476 3249 3530 εἰσέτι
3280 3473 3372 3559 καὶ
3403 3471 3498 3545 νῦν
3529 3474 3764 3525 ποιεῖται
3792 3467 3904 3540 μετὰ

2353 3573 2448 3646 τὴν
2472 3573 2756 3645 ἀνάληψιν,
2809 3572 3047 3626 διδάσκει
3079 3569 3278 3638 λέγων’
3335 3564 3445 3620 Καὶ
3489 3564 3655 3618 ἔθετο
3709 3562 3903 3622 σκότος

2351 3666 2712 3736 ἀποκρυφὴν
2730 3667 2936 3727 αὐτοῦ,
2971 3664 3178 3728 κύκλῳ
3203 3657 3391 3714 αὐτοῦ
3430 3659 3467 3727 ἡ
3492 3654 3696 3722 σκηνὴ
3719 3649 3901 3710 αὐτοῦ,

2353 3759 2667 3813 σκοτεινὸν
2696 3756 2849 3824 ὕδωρ
2875 3757 2944 3808 ἐν
2976 3753 3257 3822 νεφέλαις
3312 3748 3518 3816 ἀέρων.
3570 3746 3646 3799 Οὐ
3677 3743 3902 3798 λανθάνει

2353 3850 2460 3921 γὰρ
2489 3851 2612 3912 τοὺς
2643 3847 2848 3908 πάντας
2879 3846 3025 3907 ὅπως
3063 3841 3306 3894 σύνεστιν
3347 3840 3477 3908 ἡμῖν
3501 3833 3652 3907 κατὰ
3689 3834 3751 3886 τὸ
3774 3836 3901 3902 εἰρη-

2357 3940 2512 4012 μένον
2542 3938 2630 3990 ὐπ⁹
2661 3934 2842 3988 αὐτοῦ’
2887 3931 3051 3986 Ἰδοὺ.
3086 3929 3199 3998 ἐγὼ
3218 3928 3344 3998 μεθ’
3372 3924 3538 3996 ὑμῶν
3580 3928 3701 3993 εἰμι
3725 3922 3902 3986 πάσας

2355 4033 2460 4098 τὰς
2484 4029 2708 4100 ἡμέρας
2726 4027 2837 4092 ἕως
2860 4023 2972 4093 τῆς
2991 4018 3345 4086 συντελείας
3368 4020 3472 4073 τοῦ
3497 4017 3732 4083 αἰῶνος.
3785 4015 3903 4084 Σκη-

2355 4125 2450 4195 νὴν
2478 4123 2533 4176 δὲ
2552 4118 2714 4176 αὐτοῦ
2759 4117 3011 4188 σημαίνει
3045 4117 3142 4187 οὐχ
3189 4111 3435 4185 ἑτέρανῆ
3470 4111 3567 4181 τὴν
3592 4109 3759 4178 ἁγίαν
3801 4106 3901 4159 Ἐκ-

2353 4216 2577 4287 κλησίαν
2599 4212 2780 4266 αὐτοῦ·
2813 4213 2868 4264 ἐν
2981 4207 3399 4278 κατασκηνῶσαι
3420 4202 3805 4277 ἐπηγγείλατο,
3835 4198 3898 4252 ει-

2353 4306 2487 4361 πῶν⁸
2521 4307 2702 4359 Ὅπου
2724 4302 2831 4358 δύο
2857 4301 2895 4370 ἢ
2918 4303 3071 4371 τρεῖς
3107 4298 3470 4371 συνηγμένοι
3501 4297 3663 4351 εἰσὶν
3715 4297 3800 4358 εις
3847 4288 3899 4342 τὸ

2350 4399 2496 4469 ἐμὸν
2529 4397 2741 4467 ὄνομα,
2769 4397 2894 4450 ἐκεῖ
2915 4397 3031 4464 εἰμι
3068 4394 3137 4448 έν
3157 4393 3325 4464 μέσῳ
3352 4390 3567 4447 αὐτῶν.
3619 4385 3833 4454 Ἐπειδὴ
3856 4381 3900 4435 δὲ

2353 4493 2448 4546 καὶ
2473 4493 2528 4543 αἱ
2558 4489 2684 4560 περὶ
2715 4488 2876 4542 αὐτοῦ
2906 4490 3227 4560 προφητεῖαι
3259 4483 3542 4546 σκοτεινῶς
3567 4474 3900 4552 εἴρηνταικαὶ

2279 4625 2320 4679 ῐ)
2353 4580 2860 4653 ὲπικεκρυξ’·ί-ιένωςν
2895 4580 3117 4642 εἰκότως
3145 4577 3270 4648 ἑξῆς
3320 4575 3555 4675 λέγεται·
3602 4565 3899 4679 Σκοῖεινὸν

2350 4675 2506 4744 ὕδωρ
2545 4669 2616 4728 ἐν
2640 4672 2920 4742 νεφέλαις
2944 4670 3152 4738 ἀέρων.
3195 4667 3335 4722 Ἀπὸ
3355 4665 3466 4733 τῆς
3493 4658 3898 4729 τηλαυτ-ήσεως

2350 4765 2602 4819 ἐνώπιον
2633 4761 2816 4818 αὐτοῦ
2843 4765 2902 4816 αἱ
2930 4761 3174 4830 νεφέλαι
3225 4757 3492 4826 διῆλθον,
3521 4751 3769 4823 ’χάλαζα
3817 4748 3894 4802 κα)

2350 4860 2638 4928 ἄνθρακες
2655 4860 2870 4927 πυρός.
2905 4858 3026 4910 Ὅτι
3052 4854 3160 4926 γὰρ
3191 4852 3418 4921 νεφέλας
3457 4849 3582 4910 τοὺς
3611 4847 3895 4918 προφήτας.

2350 4952 2442 5005 καὶ
2470 4952 2561 5006 τὸν
2581 4952 2639 5018 ἐξ
2663 4951 2840 5005 αὐτῶν
2874 4950 3165 5022 φερόμενον
3201 4943 3370 5005 ὑετὸν,
3402 4939 3600 5012 δηλαδὴ
3635 4938 3762 5002 τοὺς
3784 4952 3890 5007 προ-

2348 5043 2604 5112 φητικοὺς
2623 5041 2832 5110 λόγους,
2866 5039 2928 5092 τὸ
2974 5036 3198 5105 Πνεῦμα
3227 5033 3288 5085 τὸ
3331 5031 3471 5084 θεῖον
3503 5027 3693 5082 εἴωθεν
3724 5024 3898 5096 ονομα.

2348 5132 2478 5196 ζειν,
2513 5132 2710 5199 διδάξει
2746 5132 2988 5192 Ἡσαΐας,
3049 5122 3418 5196 ἀλληγορικῶς
3461 5120 3552 5174 τὸν
3580 5119 3709 5173 λαὸν
3740 5119 3896 5189 ἀμπε-

2346 5225 2486 5279 λῶνα
2507 5223 2839 5297 προσειπὼν,
2870 5219 3015 5275 καθὰ
3066 5218 3298 5290 εἴρηται,
3333 5213 3425 5267 καὶ
3455 5211 3682 5282 νεφέλας
3719 5208 3893 5282 μηκέτι

2346 5319 2424 5379 εἰς
2449 5317 2611 5370 αὑτὸν
2638 5314 2789 5368 ὑετὸν
2823 5309 3107 5382 φερούσαςο

2415 5409 2522 5463 Καὶ
2573 5409 2935 5477 ἐϐρόντησεν
2990 5403 3059 5468 ἐξ
3126 5400 3380 5470 οὐρανοῦ
3425 5401 3669 5468 Κύριος,
3721 5394 3813 5450 καί
3864 5391 3892 5445 ὁ

2343 5502 2638 5571 "Tib-totae
2664 5498 2848 5554 ἔδωκε
2865 5495 3074 5567 φωνὴν
3103 5494 3304 5561 αὑτοῦ.
3342 5493 3588 5548 Διδάσκει
3619 5493 3675 5545 ἐν
3701 5488 3778 5558 τῷ
3805 5499 3892 5538 πα·

747 5660 790 5738 f'
811 5658 940 5714 Luc.
984 5677 1104 5738 δυ’,
1159 5662 1246 5716 49.
1325 5662 1370 5694 ⁸³
1397 5659 1540 5718 Psal.
1567 5679 1725 5732 χχιιι,
1749 5659 1874 5730 7,.9.
1955 5663 1998 5695 ⁸⁸
2017 5663 2138 5719 Act.
2176 5675 2217 5728 Ιθ

2399 5659 2484 5716 l0.
2561 5657 2604 5692 °"
2633 5650 2837 5738 Matth.
2871 5661 3065 5720 xxviii,
3106 5651 3194 5708 20.
3272 5650 3317 5684 ⁸⁸
3365 5639 3555 5705 Matth.
3604 5637 3898 5716 vuum};

673 5730 713 5761 ⁸⁷
747 5728 824 5782 Isa
896 5748 941 5794 ιε,
981 5732 1027 5792 ι,
1058 5731 1107 5782 ϐ.

740 5890 816 5957 Η)
859 5888 985 5946 Μσηδ.
1010 5889 1076 5944 ad
1104 5902 1276 5957 marg.
1317 5885 1599 5958 γερουδίμ.
