3960 6342
674 442 675 445 “
746 437 856 497 175
1432 435 1699 495 EUSEBII
1731 435 2211 495 CESARIENSIS
2235 434 2388 497 OPP.
2429 435 2607 493 PARS
2645 434 2734 494 HI.
2771 469 2841 481 -—
2873 432 3283 496 EXECETICAI
3857 442 3928 503 170

744 556 1102 627 apostolorum
1120 566 1171 613 et
1197 558 1568 630 prophetarum
1584 559 1699 629 ipso
1728 574 1933 613 summa
1963 558 2287 629 singularita-

2403 558 2481 625 τῷ
2508 560 2758 629 θεμελίῳ
2784 558 2902 614 τῶν
2928 562 3286 616 ἀποστόλων
3313 559 3411 615 καὶ
3445 559 3781 630 προφητῶν,
3798 562 3928 634 ὄντος

740 651 861 723 pide
889 649 1099 707 Christo
1126 650 1255 706 Iesu
1289 654 1367 719 7';
1427 667 1773 723 nequaquam
1806 666 1839 707 a
1871 652 2117 708 veritatis
2140 665 2287 723 ερον(

2406 650 2832 721 ἀκρογωνιαίου
2893 652 3078 706 αὑτοῦ
3136 650 3340 718 Ἰησοῦ
3400 652 3690 719 Χριστοῦ·
3759 653 3846 708 οὐκ
3885 656 3928 710 ἂι

727 725 1097 801 ἀὺεινιιανει-ῑε.
1126 741 1253 799 Haec
1285 743 1449 816 igitur
1488 745 1639 800 orbis
1683 743 2035 800 fundamenta
2070 743 2287 800 revelat:

2408 742 2561 807 ἐκτὸς
2591 740 2772 813 βάλοις
2799 742 2898 814 τῆς
2929 742 3203 815 ἀληθείας.
3224 742 3387 799 Ταῦτ’
3419 738 3512 799 οὖν
3534 744 3603 799 τὰ
3627 744 3837 817 θεμέλια
3862 749 3928 819 τῆς

739 849 867 895 sunt
894 856 906 891 :
938 838 1177 894 inimicis
1212 838 1326 903 Dei,
1354 838 1589 909 quiolim
1641 839 1842 895 mentis
1885 847 2087 895 nostrae
2117 838 2287 893 oculos

2403 835 2727 908 οἰκουμένης
2780 834 3248 906 ἀνεκαλύφθησαν·
3299 836 3406 889 τῶν
3453 836 3662 910 ἐχθρῶν
3715 836 3805 890 τοῦ
3832 838 3928 893 ΘεοΞ

722 930 1191 1009 ,οδιειιοιιι-αῢαηῑ,
1215 940 1274 986 ut
1315 947 1383 987 ne
1406 932 1591 987 divina
1621 931 1819 986 intueri
1844 940 2089 1004 possent,
2122 930 2287 987 elimi-

2402 930 2510 983 τῶν
2552 928 2717 983 πάλαι
2761 928 3184 983 ὲπισκοτούντων
3240 928 3307 983 τὰ
3364 929 3671 1001 τῆςαψυχῆς
3693 929 3838 1000 ἡμῶν
3860 929 3928 1000 6p.-

735 1024 882 1079 natis
905 1035 957 1080 et
985 1024 1204 1096 fugatis,
1242 1041 1304 1080 ac
1328 1040 1423 1096 per
1449 1024 1683 1081 emissas
1709 1022 1863 1080 aDeo
1892 1023 2120 1096 sagittas
2141 1021 2287 1079 dissi-

2407 1040 2551 1095 ματα
2572 1022 2710 1095 πρὸς
2754 1022 2814 1077 τὸ
2861 1021 2938 1093 μὴ
2981 1022 3049 1076 τὰ
3076 1022 3195 1077 θεῖα
3242 1022 3458 1095 βλέπειν
3506 1026 3571 1077 ὲκ
3599 1022 3773 1077 ποδῶν
3810 1041 3928 1095 μεται

711 1117 899 1187 .patis,
932 1116 1244 1188 fugatisque
1271 1120 1339 1175 ab
1365 1118 1740 1189 increpatione
1770 1116 1985 1173 Domini
2028 1126 2082 1173 ct
2114 1117 2181 1174 ab
2215 1117 2287 1171 in-

2405 1114 2663 1178 στάντων,
2718 1114 2811 1168 καὶ
2870 1117 2984 1178 τοῖς
3029 1115 3335 1170 ἀποδοθεῖσι
3387 1114 3481 1169 τοῦ
3536 1116 3742 1188 Κυρίου
3798 1115 3927 1186 βέλεσι

739 1210 1038 1279 spiratione
1065 1212 1399 1282 spiritusirte
1423 1212 1562 1283 ejus.
1598 1212 1788 1268 Merito
1832 1210 1998 1282 igitur
2019 1225 2083 1266 ac
2110 1224 2287 1266 conse«

2401 1206 2943 1280 διασκορπισθέντων,
2981 1208 3323 1279 πεφευγότων
3369 1227 3430 1263 τε
3474 1209 3581 1263 ἀπὸ
3610 1212 3928 1280 ἐπιτιμήσεως

736 1313 985 1377 quenter,
1008 1305 1076 1360 ab
1096 1306 1164 1362 iis
1191 1305 1361 1376 erepti
1392 1320 1454 1360 ac
1483 1313 1699 1375 recepto
1724 1304 2009 1361 oculorum
2029 1320 2150 1372 usu,
2182 1302 2287 1359 fons

2403 1301 2628 1376 Κυρίου,
2664 1302 2757 1355 καὶ
2801 1301 2909 1355 ἀπὸ
2962 1301 3313 1372 ὲμπνεύσεως
3342 1303 3653 1374 πνεύματος
3679 1302 3841 1374 ὀργῆς
3867 1302 3919 1353 αὑ

735 1402 820 1451 tes
853 1410 1120 1466 aquarum
1162 1396 1417 1459 vidimus.
1476 1395 1828 1452 fundamenta
1852 1395 2000 1452 orbis
2030 1403 2287 1453 terrarum

2403 1392 2518 1447 τοῦ.
2544 1393 2783 1459 Εἰκότως
2827 1387 2918 1448 οὖν
2948 1394 3400 1467 ἐλευθερωθέντες
3441 1393 3647 1449 τούτων
3678 1396 3832 1465 ἡμεῖς
3874 1394 3928 1447 κα

731 1489 1104 1560 suspeximus.
1140 1487 1293 1555 Quod
1338 1496 1497 1545 actate
1542 1496 1729 1543 nostra
1769 1489 1823 1543 in
1864 1489 2113 1560 plurimis
2146 1498 2287 1555 terra

2402 1487 2823 1558 ἀναϐλέψαντες,
2857 1487 2957 1552 τὰς
2984 1487 3165 1559 πηγὰς
3190 1488 3298 1543 τῶν
3357 1488 3561 1542 ὑδάτων
3613 1486 3928 1558 ἐθεασάμεθα

732 1580 980 1651 partibus
1003 1583 1202 1638 evenit.

2402 1580 2496 1633 καὶ
2526 1578 2594 1633 τὰ
2614 1580 2835 1652 θεμέλια
2866 1581 2965 1652 τῆς
2996 1580 3316 1652 οἰκουμένης
3360 1582 3810 1652 ὲπωπτεύσαμεν.
3860 1581 3928 1633 Kc

2401 1671 2558 1727 τοῦτο
2586 1676 2670 1742 ἐφ’
2704 1673 2859 1746 ἡμῶν
2890 1674 2946 1726 ὲν
2973 1671 3184 1738 πολλοῖς
3216 1674 3501 1747 γεγένηται
3533 1674 3811 1747 κλίμασιν.

800 1761 967 1822 Vens.
1006 1764 1198 1821 {7-19.
1246 1763 1396 1819 Misit
1444 1763 1510 1820 de
1550 1763 1757 1819 summo
1821 1770 1874 1818 et
1935 1761 2135 1832 accepit
2184 1778 2287 1844 me,

2484 1765 2944 1830 Ἐξαπέστειλεν
2973 1767 3042 1833 ἐξ
3066 1768 3286 1837 ὕψους,
3318 1768 3410 1823 καὶ
3432 1788 3437 1791 η
3464 1767 3642 1823 ἔλαϐέ
3669 1784 3769 1836 με,
3795 1778 3928 1835 προσ

729 1857 1018 1928 assumpsit
1039 1873 1120 1911 me
1144 1856 1207 1910 de
1256 1858 1407 1927 aquis
1437 1856 1640 1910 multis.
1699 1854 2015 1910 Demersum
2068 1869 2287 1925 namque

2400 1858 2647 1915 ελάϐετό
2669 1876 2746 1931 με
2764 1859 2833 1925 ἐξ
2874 1859 3109 1916 ὑδάτων
3159 1860 3418 1915 πολλῶν.
3454 1859 3840 1915 Καταποθέντα
3863 1856 3927 1928 τὰ,

729 1950 932 2019 ipsum,
956 1955 1010 2002 et
1042 1948 1199 2018 quasi
1238 1946 1526 2018 captivum
1569 1946 1886 2008 abductum.
1921 1946 2287 2002 universorum

2400 1949 2562 2003 αὑτὸν
2593 1929 2687 2004 καῖ
2731 1950 3003 2023 ληφθέντα
3035 1949 3225 2022 ῶσπερ
3252 1950 3594 2021 αἰχμάλωτον
3618 1953 3648 2004 6
3675 1950 3787 2003 τῶν
3840 1948 3928 2002 ὂλω

730 2040 874 2097 Deus
898 2047 952 2096 et
990 2039 1171 2107 Pater,
1229 2055 1327 2111 per
1382 2038 1578 2095 Filium
1637 2055 1797 2095 suum
1830 2039 1928 2096 abs
1972 2055 2031 2095 se
2072 2039 2287 2095 missum

2401 2041 2533 2106 Θεὸς
2564 2043 2658 2096 καὶ
2673 2040 2880 2114 Πατὴρ,
2896 2041 3279 2108 ἐξαποστείλας
3305 2039 3394 2094 τδν
3411 2041 3601 2095 ἑαυτοῦ
3620 2041 3771 2106 Υἱὸν,
3799 2037 3928 2093 ἔλαϐε

728 2135 965 2205 excepit.
990 2134 1145 2190 Unde
1186 2144 1368 2190 autem
1418 2136 1713 2206 exceperit,
1756 2135 1986 2192 subinde
2026 2135 2287 2207 signiﬁcat

2402 2133 2570 2187 Πόθεν
2600 2133 2656 2187 δὲ
2708 2133 2871 2188 αὑτὸν
2924 2134 3132 2199 ἐλαϐεν,
3182 2133 3311 2203 ἑξῆς
3371 2132 3611 2186 διδάσκει
3660 2133 3854 2201 λέγων,
3900 2131 3927 2185 ἐκ

729 2226 816 2284 bis
832 2227 1034 2294 verbis,
1070 2232 1133 2283 de
1149 2229 1298 2298 aquis
1313 2228 1514 2284 multis.
1540 2228 1631 2282 Ait
1659 2214 1824 2298 igitur
1858 2228 2024 2283 etiam
2058 2230 2112 2283 iu
2139 2242 2287 2285 sexa-

2401 2224 2635 2280 ὑδάτων
2663 2226 2929 2282 πολλῶν.
2960 2227 3097 2298 Φησὶ
3123 2225 3253 2295 γοῦν
3283 2225 3378 2279 καὶ
3412 2226 3469 2279 ὲν
3504 2224 3785 2297 ἑξηκοστῷ
3810 2224 3928 2294 ὀγδόι

724 2322 933 2393 gesimo
964 2328 1158 2377 octavo
1188 2321 1433 2392 psalmo:
1468 2319 1687 2378 Salvum
1728 2336 1808 2375 me
1838 2320 1945 2391 fac,
1986 2321 2152 2387 Deus,
2179 2337 2287 2393 quo

2399 2319 2616 2393 ψαλμῷ·
2646 2320 2846 2375 Σῶσόγ
2871 2336 2967 2391 με,
3007 2322 3041 2374 ὁ
3068 2318 3229 2386 Θεὸς,
3266 2317 3354 2372 ὅτι
3381 2316 3760 2386 εὶσήλθοσαν
3794 2318 3927 2372 {idat

726 2414 871 2468 uiam
894 2412 1229 2467 intraverunt
1259 2428 1410 2483 aqua:
1434 2412 1680 2484 usquead
1711 2414 1947 2467 animant
1989 2429 2157 2469 meam
2183 2400 2287 2471 :Iin'

2399 2413 2509 2480 ἕως
2529 2412 2732 2486 ¹ψυχῆς
2761 2430 2898 2483 μου·
2940 2411 3240 2483 ἐνεπάγην
3275 2413 3363 2478 εὶς
3408 2411 3569 2479 ὕλην
3610 2411 3831 2476 βυθοῦ,
3876 2426 3928 2465 κο

724 2502 866 2571 ﬁxus
893 2525 1010 2562 sum
1040 2509 1095 2561 in
1130 2508 1255 2562 limo
1296 2507 1564 2577 profundi,
1598 2519 1647 2564 et
1672 2525 1772 2564 non
1789 2518 1868 2565 est
1895 2510 2195 2568 substantia
2228 2512 2287 2572 ⁷⁸.

2398 2509 2509 2562 οὐκ
2530 2508 2703 2562 ἔστιν
2730 2507 3081 2573 ὑπόστασις.
3133 2504 3354 2568 Τούτοις
3404 2501 3694 2576 τοιγαροῦν
3756 2500 3928 2557 duom

723 2598 807 2651 Ad
826 2599 940 2653 haec
960 2607 1357 2669 consequenter
1388 2614 1520 2655 sane
1540 2601 1595 2655 in
1627 2602 1879 2670 praesenti
1907 2604 2111 2673 gratias
2132 2619 2287 2674 agens

2400 2598 2509 2673 θως
2540 2599 2635 2654 καὶ⁵
2685 2601 2744 2655 ὲν
2800 2603 2912 2665 τοῖς
2961 2598 3338 2670 προκειμένοις
3390 2596 3728 2669 εὐχαριστῶν
3755 2636 3769 2660 ,
3826 2613 3927 2667 φησι

724 2678 812 2745 εἰτ’
832 2691 908 2745 ait
934 2709 947 2745 :
976 2692 1275 2761 Assumpsit
1306 2709 1386 2747 me
1410 2692 1473 2748 de
1492 2694 1641 2765 aquis
1666 2693 1867 2748 multis.
1911 2693 2169 2763 Quaenam
2199 2711 2287 2751 au-

2398 2692 2809 2761 Προσελάϐετό
2840 2711 2917 2764 με
2940 2692 3009 2757 ἐξ
3035 2691 3269 2748 ὑδάτων
3313 2690 3584 2746 πολλῶν.
3618 2690 3758 2744 Τίνα
3802 2689 3857 2743 δὲ
3904 2705 3928 2742 τ

722 2791 832 2837 tem
858 2783 967 2838 sint
995 2799 1148 2855 aqua;
1186 2784 1311 2851 illae,
1366 2801 1491 2840 mox
1542 2788 1783 2857 apertius
1842 2786 2049 2843 indicat
2080 2788 2162 2845 sic
2216 2788 2287 2845 lo-

2399 2780 2584 2849 ὕδατα,
2608 2764 2857 2856 ἐπιφέρει
2883 2784 3210 2854 σαφέστερον
3234 2780 3427 2836 εἰπών’
3472 2780 3568 2846 Ἐξ
3599 2780 3834 2852 ἐχθρῶν
3858 2796 3928 2849 μο

721 2890 896 2945 quens
921 2893 935 2929 :
962 2876 1039 2933 De
1094 2879 1323 2934 inimicis
1371 2881 1500 2933 meis
1544 2881 1876 2950 fortissimis,
1910 2893 1960 2939 et
1995 2866 2069 2937 ab.
2099 2884 2167 2939 iis
2207 2886 2287 2954 qui

2395 2874 2669 2931 δυνατῶν
2716 2874 2815 2929 καὶ
2837 2875 2907 2928 ἐκ
2951 2872 3071 2927 τῶν
3087 2874 3428 2943 μισούντων
3443 2888 3540 2941 με,
3567 2870 3657 2924 ὅτι
3700 2866 3928 2939 ἐστερεά

720 2968 940 3026 oderunt
966 2989 1061 3032 me.
1087 2973 1335 3042 quoniam
1360 2973 1675 3041 conformati
1690 2985 1810 3028 sunt
1835 2992 1987 3045 super
2015 2994 2113 3031 me.
2144 2977 2287 3033 Prm-

2397 2970 2593 3036 θησαν
2627 2966 2781 3035 ὑπὲρ
2807 2965 2930 3035 ἐμέ.
2956 2963 3349 3035 Προέςοθασάν
3370 2981 3447 3034 με
3476 2963 3546 3017 ἐν
3578 2963 3773 3034 ἡμέρᾳ
3794 2958 3928 3016 κακά

721 3074 968 3120 venerunt
990 3081 1069 3118 me
1098 3062 1555 3135 indieaffiictionis
1587 3081 1733 3119 mete.
1766 3064 1889 3121 Haec
1919 3067 2034 3138 ipsa
2056 3066 2287 3138 Spiritus

2394 3060 2550 3127 σεώς
2581 3078 2719 3131 μου.
2756 3059 2868 3113 Καὶ
2892 3058 3065 3113 ταῦτα
3095 3058 3151 3111 δὲ
3186 3058 3247 3111 τὸ
3279 3055 3500 3126 Πνεῦμα
3531 3056 3592 3109 τὸ
3632 3056 3789 3127 ἅγιον
3817 3054 3928 3125 εὺαγ

720 3164 946 3215 sanctus
973 3157 1280 3220 annuntiat,
1305 3156 1431 3212 dum
1457 3157 1674 3212 aiteum
1705 3167 2047 3230 assumptum
2078 3177 2201 3217 esse
2225 3162 2287 3216 de

2396 3152 2665 3222 γελίζεται
2692 3152 2853 3206 αὑτὸν
2886 3150 3174 3204 ἀναλαϐεῖν
3231 3150 3295 3202 ἐκ
3322 3146 3431 3202 τῶν
3484 3147 3695 3201 πολλῶν
3746 3148 3928 3201 ὑδάτωι

721 3248 879 3319 aquis
905 3247 1107 3311 multis,
1135 3245 1551 3318 libertatemque
1579 3255 1799 3326 nactum
1835 3262 1899 3304 ex
1928 3250 2167 3307 inimicis
2196 3254 2287 3325 qui

2399 3246 2706 3318 ἐλευθερίαν
2733 3245 2790 3298 δὲ
2827 3244 2927 3316 τὴν
2951 3242 3058 3297 ἀπὸ
3095 3241 3202 3296 τῶν
3239 3240 3447 3313 ἐχθρῶν
3472 3240 3581 3293 τῶν
3611 3240 3781 3295 πάλαι
3805 3254 3928 3293 κατα

720 3343 897 3414 ipsum
932 3340 1059 3397 olim
1081 3342 1308 3411 imperio
1330 3340 1615 3397 subactum
1642 3357 1743 3397 suo
1780 3342 2145 3401 delinuerant.

786 3431 954 3491 Vens.
1002 3432 1093 3493 2i),
1126 3433 1217 3489 21.
1266 3430 1335 3487 Et
1392 3432 1564 3503 factus
1588 3442 1665 3489 est
1717 3432 1972 3490 Dominus
2028 3447 2291 3507 protector
2340 3478 2341 3481 η

716 3544 882 3582 meus.
909 3526 978 3581 Et
1002 3527 1183 3582 eduxit
1218 3544 1299 3582 me
1323 3528 1376 3580 in
1401 3527 1761 3595 latitudinem,
1787 3530 1993 3584 saluum
2027 3549 2108 3586 me
2131 3533 2290 3601 faciet

715 3620 965 3690 quoniam
994 3620 1153 3673 voluit
1180 3636 1279 3673 me.
1312 3617 1379 3672 Et
1398 3619 1649 3674 retribuet
1670 3619 1797 3675 mihi
1820 3618 2080 3677 Dominus
2106 3639 2289 3678 secun-

718 3714 844 3767 dum
856 3712 1130 3795 justitiam
1176 3729 1367 3769 meam.
1419 3712 1555 3769 Cum
1611 3713 2037 3784 confessionem,
2086 3716 2285 3788 inquit,

720 3822 910 3877 preces
938 3814 992 3861 et
1017 3808 1445 3878 supplicationes
1474 3814 1625 3865 meas
1644 3808 1755 3879 jam
1777 3810 2093 3867 exaudisset
2119 3810 2285 3878 Deus,

718 3896 898 3953 factus
923 3907 1007 3952 est
1031 3904 1308 3967 protector
1358 3914 1533 3953 meus.
1574 3897 1658 3954 Mc
1702 3900 1903 3972 quippe
1943 3902 2286 3959 subversioui

691 3980 773 4050 iet
798 3993 970 4049 ruinae
994 3992 1197 4062 ingenti
1226 3993 1556 4062 proximum,
1580 3994 1627 4048 si
1648 3996 1869 4065 quidem
1910 4004 2037 4067 post
2087 4013 2285 4069 pecca-

716 4094 833 4142 tum
891 4086 945 4140 in
1004 4083 1363 4140 defectionem
1447 4086 1662 4155 penitus
1712 4087 2000 4157 prolapsus
2050 4104 2228 4144 essem
2263 4130 2283 4156 ,

714 4184 902 4234 astans
928 4176 1063 4247 ipse,
1102 4189 1200 4229 ceu
1243 4172 1475 4228 fulcrum
1501 4182 1555 4229 et
1579 4174 1991 4240 adminiculum,
2038 4178 2283 4246 retinuit,

712 4271 932 4343 quando
955 4273 1125 4326 misso
1148 4269 1215 4323 ad
1234 4283 1319 4324 me
1345 4266 1561 4322 Natban
1611 4268 1900 4339 propheta,
1948 4270 2016 4326 de
2044 4272 2285 4329 admisso

713 4373 939 4439 peccato
957 4380 1045 4420 me
1071 4365 1340 4437 coarguit,
1375 4369 1427 4419 et
1459 4362 1652 4417 erexit.
1706 4360 1819 4417 lmo
1848 4364 2009 4418 etiam
2064 4363 2285 4420 deduxit

711 4476 794 4514 me
824 4458 1257 4523 inlatitudinem;
1289 4459 1422 4520 sive,
1447 4460 1606 4528 juxta
1668 4441 2160 4533 Symmachi-1min
2199 4460 2281 4514 la«

713 4551 1088 4618 tumspatium.
1120 4549 1201 4605 Ad
1247 4548 1529 4621 angustias
1584 4547 1785 4620 quippe
1843 4548 2121 4606 redactum
2173 4568 2280 4618 me,

2393 3340 2810 3412 κεκρατηκότων
2837 3336 3001 3393 αὐτοῦ
3031 3334 3304 3406 γενέσθαι.
3682 3397 3689 3407 ,

2465 3434 2571 3489 Καὶ
2620 3433 2854 3505 ἐγένετο
2898 3433 3114 3501 Κύριος
3168 3428 3598 3500 ἀντιστήριγμά
3666 3447 3812 3499 μου.
3864 3428 3928 3481 Kt

2390 3526 2643 3599 ἐξήγαγέ
2662 3544 2738 3598 με
2792 3529 2878 3595 είς
2908 3524 3287 3596 πλατυσμὸν,
3307 3521 3565 3602 ῥύσεταί
3582 3538 3684 3592 με,
3748 3518 3928 3585 ὅτιὴθι

2390 3624 2543 3693 λησέ
2559 3640 2654 3693 με.
2700 3621 2811 3676 Καὶ
2862 3617 3274 3675 ἀνταποδώσει
3299 3635 3402 3688 μοι
3433 3617 3648 3685 Κύριος
3679 3614 3837 3669 κατὰ
3865 3611 3928 3685 τὴ

2388 3715 2782 3780 δικαιοσύνην
2793 3728 2933 3782 μου.
2977 3709 3113 3781 Ἤδη
3142 3708 3262 3780 μὲν,
3317 3707 3472 3779 φησὶ,
3517 3707 3617 3777 τῆς
3640 3700 3928 3776 ἐξομολογῆ

2391 3807 2526 3872 σεώς
2551 3825 2649 3881 μου
2677 3807 2769 3859 καὶ
2787 3804 2893 3857 τῶν
2923 3799 3236 3871 προσευχῶν
3262 3799 3357 3853 καὶ
3396 3800 3505 3850 τῶν
3549 3796 3847 3867 ἱκετηριῶν
3880 3798 3928 3851 et

2370 3902 2631 3964 ακούσας
2663 3900 2691 3951 6
2729 3897 2951 3969 Κύριος,
2988 3892 3178 3963 γέγονέ
3213 3900 3305 3963 μοι
3359 3890 3789 3960 ἀντιστήριγμα.
3827 3887 3928 3942 Μέ]

2387 3996 2544 4049 λοντα
2571 3993 2679 4066 γάρ
2711 4008 2775 4064 με
2808 3988 3250 4063 περιτρέπεσθαι,
3280 3985 3375 4040 καὶ
3403 3985 3544 4056 μέγα
3592 3982 3803 4054 πτῶμα
3854 3981 3928 4041 ὑπι

2390 4090 2593 4161 μένειν,
2621 4090 2668 4140 εἰ
2704 4085 2840 4157 μετὰ
2868 4082 2963 4154 τὴν
2992 4082 3264 4155 ἁμαρτίαν
3305 4082 3384 4143 εἰς
3412 4076 3649 4149 παντελῆ
3676 4075 3928 4145 ἐξέπιπτι

2386 4180 2740 4243 ἀποστασίαν,
2783 4178 2941 4242 αὐτὸς
2974 4166 3257 4250 παραστὰς
3278 4172 3508 4246 ἔρεισμα
3554 4187 3645 4242 μοι
3697 4170 3798 4223 καὶ
3826 4169 3928 4223 ἀντι

2387 4275 2665 4345 στήριγμα
2702 4271 2940 4340 γέγονεν,
2996 4268 3253 4341 ὁπηνίκα,
3306 4267 3397 4320 τὸν
3455 4262 3618 4319 αὑτοῦ
3677 4262 3928 4333 «possim

2384 4366 2571 4420 Ναθὰν
2600 4364 2839 4437 πέμψας,
2872 4363 3095 4434 ἐλεγχόν
3121 4380 3210 4434 μοι
3254 4362 3501 4432 ἐπήγαγε
3530 4358 3631 4428 τῆς
3660 4354 3928 4427 ἁμαρτίαι

2384 4459 2480 4514 καὶ
2518 4457 2860 4530 ἀνώρθωσεν.
2905 4455 3062 4509 Ἀλλὰ
3120 4455 3214 4509 καὶ
3245 4450 3541 4522 ἐξήγατέν
3576 4465 3653 4519 με
3694 4450 3795 4531 ,εις
3828 4448 3928 4500 seu

2384 4551 2636 4622 τυσμὸν,
2662 4551 2755 4605 καὶ
2783 4552 2869 4617 εὶς
2898 4549 3284 4619 εὐρυχωρίαν,
3320 4543 3461 4619 κατὰ
3504 4542 3598 4596 τὸν
3640 4541 3928 4612 Σύμμαχα

712 4659 777 4698 ac
798 4658 968 4713 prope
997 4640 1065 4697 de
1090 4643 1265 4697 salute
1290 4658 1408 4698 mea
1429 4642 1837 4715 desperantem,
1889 4645 2090 4717 eripuit
2129 4661 2192 4701 ac
2222 4646 2277 4701 in

2385 4642 2859 4716 Στενοχωρηθέντα
2885 4642 2993 4714 γάρ
3028 4658 3117 4713 με,
3147 4640 3240 4693 καὶ
3276 4626 3472 4710 μικροῖὄ
3504 4635 3616 4690 δεῖν
3652 4632 3928 4701 ἀπογνδντ

709 4732 1050 4791 latitudinem
1073 4730 1280 4799 eduxit,
1341 4741 1401 4788 ut
1448 4734 1504 4788 in
1552 4735 1719 4793 latius
1751 4739 1990 4808 spatium
2018 4738 2275 4802 deducto,

706 4825 1007 4896 recipiendi
1045 4825 1152 4880 mei
1196 4840 1260 4879 ac
1308 4827 1534 4882 vulnera
1584 4830 1817 4887 sollicite
1864 4832 2091 4887 curandi
2120 4832 2275 4903 copia

2386 4733 2576 4790 ἑαυτοῦ
2607 4733 2704 4807 τὴν
2768 4732 3058 4806 σωτηρίαν,
3119 4729 3387 4809 ἐρρύσατο
3410 4727 3503 4781 καὶ
3529 4728 3608 4791 εἰς
3642 4720 3928 4806 πλατυσμί

2385 4826 2669 4901 ἐξήγαγεν,
2703 4828 2779 4893 ὼς
2827 4826 2967 4882 κατὰ
2996 4825 3195 4888 πλάτος
3227 4821 3510 4892 δυνηθῆναι
3564 4817 3811 4890 ἐμαυτὸν
3841 4819 3928 4877 ἀνι

706 4917 892 4974 fuerit.
920 4916 1190 4995 Caeterum
1215 4916 1259 4970 is
1284 4932 1368 4971 me
1416 4933 1644 4983 prorsus
1680 4922 1954 4987 liberabit,
2006 4938 2071 4980 ac
2093 4924 2277 4980 delicti

2385 4921 2584 4987 λαϐεῖν,
2610 4923 2703 4976 καὶ
2728 4922 2825 4992 τῆς
2855 4918 3089 4993 ἐμαυτοῦ
3123 4914 3419 4995 θεραπείας
3458 4910 3784 4983 ἐπιμέλειαν
3812 4908 3928 4967 stati

704 5013 915 5068 veniam
931 5012 1212 5079 concedet,
1236 5020 1476 5083 tempore
1507 5014 1773 5072 adventus
1799 5018 1906 5082 sui,
1941 5018 2033 5090 qui
2071 5018 2123 5072 in
2141 5020 2278 5074 vati-

2385 5016 2594 5070 σασθαι.
2629 5015 2775 5087 Πλὴν
2799 5014 2933 5070 ἀλλὰ
2956 5013 3049 5067 καὶ
3069 5008 3344 5071 παντελῶς
3389 5005 3611 5079 ῥύσεταί
3640 5023 3733 5077 με,
3774 5006 3928 5080 φησὶι

703 5102 850 5156 cinio
869 5102 1059 5157 fertur.
1084 5105 1264 5175 lisque
1285 5122 1370 5161 me
1404 5105 1684 5162 beneficiis
1707 5096 1976 5166 devinciet
1989 5110 2274 5179 Dominus,

2385 5110 2547 5176 διδοὺς
2573 5110 2766 5180 ἄφεσιν
2789 5108 2890 5179 τῆς
2918 5104 3190 5177 ἁμαρτίας
3212 5103 3355 5157 κατὰ
3392 5097 3497 5155 ’τὸν
3539 5103 3928 5175 πρυφητευόμε

702 5195 951 5263 quoniam
1004 5196 1165 5251 voluit
1191 5216 1308 5255 me:
1342 5208 1436 5256 aut
1486 5201 1790 5257 secundum
1821 5203 2097 5275 Aquilam,
2152 5222 2278 5277 quo-

2385 5223 2466 5260 νον
2499 5205 2689 5278 καιρὸν
2714 5204 2813 5275 τῆς
2846 5198 3009 5255 αὑτοῦ
3045 5196 3363 5269 παρουσίας.
3393 5195 3503 5249 Καὶ
3533 5194 3694 5250 τοῦτο
3739 5198 3927 5266 ποιήσῖ

701 5288 847 5342 niam
899 5289 1060 5343 voluit
1086 5291 1270 5359 inme;
1299 5311 1479 5365 neque
1506 5295 1653 5351 enim
1676 5300 2079 5357 convertendus
2096 5314 2271 5365 eram,

2385 5298 2680 5373 εὐεργετῶν
2710 5314 2777 5369 με
2825 5296 2854 5347 6
2907 5291 3130 5364 Κύριος,
3186 5290 3275 5345 ὅτι
3326 5286 3711 5359 ἠθέλησέμε·
3750 5290 3788 5362 ἣ
3826 5307 3924 5342 κατ

701 5398 881 5453 neque
916 5385 1296 5455 coarguendus
1345 5388 1413 5443 de
1456 5396 1705 5459 peccato,
1761 5405 1939 5461 neque
1971 5391 2270 5447 mittendus

2385 5392 2469 5446 τὸν
2510 5391 2760 5454 Ἀκύλαν,
2812 5387 2900 5441 ὅτι
2945 5384 3242 5454 ἐϐουλήθη
3293 5384 3366 5439 ἐν
3415 5383 3579 5453 ἐμοί’
3624 5383 3687 5437 οὺ
3719 5382 3841 5457 γ-ᾂρ
3904 5382 3923 5433 ἐ

699 5476 768 5531 ad
799 5494 883 5534 me
904 5479 1186 5551 propheta,
1216 5480 1320 5536 nisi
1368 5494 1455 5537 me
1492 5483 1701 5538 salvum
1770 5482 1948 5542 facere
1983 5487 2266 5543 voluisset.

2385 5486 2755 5558 ἐπεστράφην,
2804 5481 2911 5536 οὔδ’
2974 5480 3041 5534 ἂν
3100 5479 3189 5533 τὸν
3247 5476 3466 5548 ἐλεγχόν
3517 5494 3607 5547 μοι
3663 5477 3922 5546 προσ-ἦγε

699 5566 769 5619 At
794 5569 937 5642 enim
990 5570 1139 5635 novi,
1174 5585 1238 5625 ac
1284 5586 1607 5640 persuasum
1649 5574 1808 5644 plane
1858 5575 2053 5641 babeo,
2088 5578 2268 5649 ipsum

2385 5595 2500 5648 γεν,
2562 5577 2757 5632 οὐδ’ἂν
2794 5575 2886 5629 τὸν
2930 5573 3214 5645 προφήτην
3265 5567 3457 5624 ἑαυτοῦ
3515 5566 3654 5638 πρὸς
3709 5564 3821 5634 ἐμὲ
3859 5566 3919 5618 ἁτ

699 5666 943 5731 tempore
964 5663 1099 5733 justi
1128 5665 1324 5735 judicii
1350 5664 1459 5726 sui,
1487 5667 1691 5735 peccati
1713 5667 1816 5723 mei
1845 5676 1901 5723 et
1933 5670 2263 5735 facinorum,

2385 5670 2644 5734 εστὰλκει,
2678 5669 2724 5722 εἰ
2759 5666 3035 5739 μὴησῶσαί
3096 5683 3162 5738 με
3209 5662 3416 5735 ἢθελεν.
3461 5654 3535 5712 Εὖ
3577 5656 3636 5710 δὲ
3687 5651 3816 5710 οἶδα
3875 5674 3920 5710 κε

698 5768 819 5822 qua:
857 5754 909 5808 in
955 5757 1041 5812 die
1095 5758 1325 5813 miserius
1370 5773 1502 5813 mete
1557 5765 1885 5831 perpetravi,
1938 5764 2285 5835 mentionem

2385 5763 2618 5835 ἀκριϐῶς
2665 5761 2988 5833 πέπεισμαι,
3028 5760 3107 5815 ὅτι
3164 5757 3305 5816 κατὰ
3342 5754 3431 5810 τὸν
3490 5748 3681 5824 καιρὸν
3718 5750 3831 5825 τῆς
3884 5749 3917 5808 δ

766 5936 811 5967 ⁷³
838 5934 1033 6003 prcs.
1063 5956 1125 6005 ιι,
1162 5940 1250 5997 20.
1326 5942 1371 5975 ⁷³
1403 5939 1548 5999 Psal.
1591 5958 1777 6013 mm,
1808 5943 1865 6013 2,
1902 5944 1960 6004 5.
