3966 6344
50 435 127 494 177
1110 422 1620 482 COMMENTARIA
1660 421 1727 478 IN
1764 420 2104 480 PSALMOS.

3123 425 3227 482 178

50 548 327 620 κατοκρισίας
356 544 539 609 αὺτοῦ,
596 545 659 598 οὐ
710 540 1079 615 μνημονεύσας
1114 558 1214 612 μου
1252 540 1349 611 τῆς
1380 532 1559 610 ἀμαρ-

1666 536 1870 590 nullam
1931 534 2204 591 facturum
2258 551 2413 601 esse;
2472 533 2567 591 sed
2628 534 2911 591 secundum
2963 534 3228 605 iustitiam

48 642 136 701 τῐας
157 636 234 690 καὶ
261 633 360 688 τῶν
379 633 758 705 τολμηθέντων
784 625 955 703 pot-sv
984 631 1162 703 ἡμέρᾳ
1188 628 1561 701 ταλαιπωρίας

52 750 141 801 μου,
171 728 301 782 κατὰ
336 726 447 794 τὴν
479 724 877 791 δικαιοσύνην
925 741 1044 793 μου
1097 720 1393 778 ἀποδώσει
1437 737 1559 790 μοι.

48 823 130 885 Τὰς
144 821 233 892 γὰρ
256 819 410 882 ἀλλας
445 834 546 889 μου
576 816 803 888 πράξεις
832 815 932 879 τὰς
960 815 1017 868 ὲν
1042 814 1209 884 ἀρετῇ
1238 814 1332 866 καὶ
1356 812 1559 865 δικαιο-

51 914 166 985 civi}.
197 910 367 979 ὥσπερ
402 910 459 959 ὲν
502 908 747 981 τρυτάνῃ
780 907 873 959 καὶ
905 903 1051 974 ζυγῷ
1089 901 1558 973 ἀντιπαραλαϐὼν,

49 1008 114 1059 καὶ
135 1001 424 1071 ἀπιστήσας
447 998 527 1068 τῷ
562 1000 777 1071 ἁμαρτῆ
787 996 913 1069 ματί
948 993 1226 1065 μου,κατά
1251 994 1385 1047 πολὺ
1413 993 1564 1048 πλεο-

52 1094 256 1159 ναζούσας
291 1084 504 1163 εὑρήσει
549 1090 645 1144 τοῦ
690 1086 980 1158 γενομένου
1028 1086 1440 1157 ἁμαρτήματος.
1471 1084 1562 1137 Διὸ

49 1183 351 1241 ἁνταποδὼσει
388 1199 476 1253 μοι
511 1182 570 1236 0'3
602 1180 720 1235 καθ’
747 1180 775 1233 ὃ
801 1179 1044 1250 ἥμαρτον
1079 1177 1198 1248 (ήδη
1262 1176 1370 1247 γὰρ
1401 1177 1562 1229 ἀνταε-

48 1278 227 1335 τὲὀωκε,
273 1271 535 1344 μετελθὼν
591 1288 658 1341 με
697 1268 837 1322 κατὰ
875 1268 967 1321 τὸν
1024 1266 1269 1339 παρόντα
1315 1266 1426 1338 βίον
1474 1265 1561 1319 διὰ

47 1367 125 1418 τῶν
148 1362 536 1417 καταλαϐουσῶν
574 1378 640 1431 με
674 1358 1011 1431 συμφορῶν),
1054 1358 1195 1413 κατά
1225 1357 1282 1411 δὲ
1314 1356 1414 1421 τὰς
1448 1358 1559 1410 λοι-

49 1460 126 1521 τὰς
148 1457 365 1529 πράξεις,
402 1455 499 1516 τὰς
526 1455 583 1505 ὲν
609 1450 940 1525 δικαιοσύνῃ,
971 1450 1236 1505 ἀποδώσει
1276 1468 1365 1522 μοι
1406 1450 1464 1502 ἐν
1494 1452 1559 1520 τῇ

49 1549 185 1618 ἡμέρα
214 1548 303 1617 τῆς
332 1544 491 1598 αὐτοῦ
519 1542 935 1614 δικαιοκρισίας,
976 1543 1067 1596 καὶ
1092 1540 1200 1593 τῶν
1233 1539 1429 1612 χειρῶν
1461 1558 1561 1610 μου

48 1642 152 1693 κατὰ
173 1638 257 1709 τὴν
284 1637 647 1706 καθαριότητα
686 1635 780 1707 τὴν
815 1634 1047 1706 ἀμοιϐὴν
1081 1626 1361 1705 ποιήσεται
1381 1650 1393 1662 ·
1426 1632 1562 1686 ἀπέ-

50 1734 179 1783 ritum
206 1731 301 1801 γὰρ
338 1730 428 1781 τὸν
451 1728 716 1801 πρότερον
756 1730 941 1792 αὐταῖς
973 1726 1325 1796 ἐγγενόμενον
1358 1727 1525 1795 ῥύπον
1545 1741 1558 1755 ·

46 1826 123 1879 Kal
141 1826 323 1892 ἔσομαι
337 1823 574 1893 ἄμωμος
588 1823 716 1893 μετ’
737 1821 944 1883 αὑτοῦ,
968 1821 1066 1874 καί
1086 1818 1425 1889 φυλάξομαι
1444 1816 1585 1871 dmi

1663 644 1833 683 meam
1862 628 2113 683 retribuet
2147 627 2294 682 mihi.
2326 626 2461 683 Nam
2491 627 2538 684 si
2571 626 2677 682 alia
2714 640 3010 691 mea,‘cum
3029 628 3230 688 virtute

1661 737 1725 777 ac
1751 720 1965 792 justitia
1994 722 2319 793 designata,
2356 737 2521 793 opera
2570 722 2728 792 quasi
2774 720 2841 776 ad
2874 722 3136 783 trutinam
3176 731 3232 780 et

1662 812 1929 869 bilaneem
1981 828 2087 869 una
2129 829 2254 870 cum
2311 822 2541 885 peccato
2600 829 2723 869 meo
2780 814 3120 885 appenderit,
3166 830 3231 870 ea

1662 906 1835 961 multo
1884 906 2143 961 delictum
2198 906 2465 962 excedere
2520 907 2837 979 comperiet.
2893 906 3233 979 Quapropter

1664 1016 1771 1055 non
1826 1000 2126 1055 secundum
2184 1007 2467 1071 peccatum
2500 1015 2696 1057 meum
2744 1000 3037 1057 retribuet
3066 1002 3230 1067 mihi;

1658 1090 1770 1160 jam
1818 1090 2018 1160 quippe
2060 1088 2485 1152 retribuit,cum
2536 1105 2623 1146 me
2663 1090 2854 1146 multis
2895 1091 2948 1145 in
2982 1090 3234 1162 pmsemi

1662 1179 1773 1235 vita
1822 1180 2229 1237 calamitatibus
2282 1179 2498 1246 alTecit;
2529 1178 2624 1234 sed
2673 1180 2973 1236 secundum
3025 1180 3235 1250 reliqua

1663 1258 1841 1341 probe
1862 1287 1925 1326 ac
1968 1270 2119 1341 iuste
2141 1279 2453 1343 perpetrata
2482 1285 2648 1343 opera
2681 1272 2735 1327 in
2762 1271 2850 1327 die
2879 1262 3015 1341 jusli
3040 1270 3235 1343 judicii

1662 1362 1746 1416 sui
1787 1347 2063 1420 retribuel
2106 1363 2260 1429 mihi,
2290 1370 2343 1427 et
2405 1379 2601 1419 manus
2632 1378 2781 1420 meas
2825 1365 2895 1418 ob
2943 1364 3237 1434 puritatem

1662 1455 1886 1524 praemio
1914 1456 2141 1511 donabit
2176 1475 2189 1511 :
2225 1457 2373 1527 ipsas
2410 1456 2610 1527 quippe
2639 1470 2667 1510 a
2701 1455 2947 1526 pristinis
2980 1456 3236 1512 sordibus

1662 1544 1807 1600 ablui
1843 1562 1855 1597 :
1890 1544 1957 1598 Et
1978 1563 2066 1600 ero
2100 1547 2471 1601 immaculatus
2494 1563 2611 1600 cum
2656 1563 2737 1611 eo,
2769 1555 2818 1600 et
2848 1544 3127 1601 observabo
3156 1562 3237 1600 me

1663 1634 1728 1689 ab
1752 1636 2029 1707 iniquitate
2050 1653 2185 1693 mea.
2214 1635 2287 1691 Et
2330 1636 2582 1691 retribuet
2611 1636 2738 1691 mihi
2761 1636 3020 1692 Dominus
3055 1652 3238 1691 secun-

1662 1724 1788 1778 dum
1798 1726 2070 1796 justitiam
2106 1743 2273 1781 meam
2300 1735 2348 1780 et
2377 1725 2661 1781 secundum
2681 1726 2966 1795 puritatem
2987 1741 3238 1781 manuum

1665 1835 1901 1873 mearum
1938 1820 2185 1875 retribuet
2216 1820 2362 1876 milii.
2383 1834 2387 1837 ‘
2896 1812 2899 1813 ν

47 1920 125 1985 τῆς
148 1918 371 1987 ἀνομίας
432 1936 578 1985 μου.
628 1918 735 1972 Καὶ
783 1915 1191 1971 ἀνταποδώσει
1224 1930 1324 1984 μοι
1379 1912 1592 1979 Κύριος
1630 1914 1780 1967 κατὰ
1816 1914 1933 1983 τὴν
1972 1914 2371 1983 δικαιοσύνην
2402 1932 2543 1982 μου,
2584 1913 2682 1969 καί
2732 1912 2882 1967 κατὰ
2911 1912 3026 1982 τὴν
3058 1912 3240 1967 καθα-

44 2012 235 2078 ριότητα
261 2008 371 2062 τῶν
396 2008 615 2079 χειρῶν
648 2028 759 2079 μου
789 2007 1201 2064 ἀνταποδώσει
1228 2023 1351 2076 μοι.

94 2104 393 2177 Διεξέρχεται
447 2105 578 2175 ἑξῆς
633 2105 944 2174 καταλέγων
977 2104 1061 2168 τίς
1090 2100 1158 2175 ἦν
1190 2106 1223 2175 ή
1252 2101 1561 2173 δικαιοσύνη

1743 2098 1988 2155 Subinde
2035 2113 2162 2153 vero
2202 2107 2392 2154 narrat
2426 2114 2548 2171 qua:
2575 2098 2736 2154 fuerit
2760 2097 2974 2170 justitia
3002 2098 3144 2170 ejus,
3182 2108 3238 2155 et
3279 2092 3283 2096 ’

50 2197 190 2260 αὐτοῦ,
235 2199 319 2251 καὶ
366 2198 514 2260 ὅπως
570 2194 917 2267 ἀπεκάθηρεν
972 2194 1166 2251 ἑαυτοῦ
1205 2195 1303 2259 τὰς
1344 2198 1551 2269 χεῖρας.

102 2294 197 2343 Ὀτι
215 2290 475 2359 ἐφύλαξα
486 2291 595 2356 τὰς
608 2289 784 2355 ὁδοὺς
795 2289 1035 2357 Κυρίου,
1048 2290 1143 2355 καὶ
1159 2291 1268 2343 οὐκ
1282 2288 1556 2359 ἠσέϐησα

48 2379 132 2434 ἀπὸ
152 2380 239 2433 τοῦ
275 2379 417 2433 Θεοῦ
438 2398 584 2448 μου.
607 2380 725 2432 Ὅτι
762 2377 958 2432 πάντα
989 2379 1062 2433 τὰ
1090 2381 1343 2449 κρίματα
1370 2380 1556 2435 αὐτοῦ

48 2471 248 2525 ἐτώπιόν
270 2490 403 2541 μου,
432 2472 532 2525 καί
569 2473 640 2524 τὰ
663 2468 1020 2539 δικαιώματα
1060 2471 1245 2526 αὑτοῦ
1276 2475 1387 2527 οὐκ
1440 2473 1556 2527 ἀπ-

46 2562 255 2631 έστησεν
276 2565 373 2618 ἀπ’
392 2563 561 2633 ἐμοῦ.
588 2561 696 2616 Καὶ
720 2561 925 2630 ἔσομαι
946 2562 1180 2633 ἄμωμος
1200 2565 1327 2633 μετ’
1351 2563 1557 2628 αὑτοῦ,

48 2653 118 2704 καὶ
142 2651 451 2720 φυλάξομαι
478 2652 601 2705 ἀπὸ
625 2650 732 2719 τῆς
768 2640 1016 2720 ἀνομίας
1034 2671 1171 2722 μου.
1205 2654 1356 2706 Ἐπεὶ
1382 2652 1560 2706 τοίνυν

47 2742 175 2794 ταῦτα
196 2743 519 2813 ἐπορισάμην
545 2743 782 2815 ἐμαυτῷ,
810 2745 961 2819 φησι,
987 2744 1124 2814 μετά
1152 2744 1248 2816 τὴν
1268 2743 1556 2815 ἁμαρτίαν,

51 2834 116 2884 καὶ
136 2834 371 2897 τοσαύτας
402 2839 708 2905 συνήγαγον
738 2837 957 2907 ἐμαυτῷ
986 2835 1301 2905 θεραπείας,
1338 2835 1560 2899 εἰκότως

1656 2205 1763 2261 quo
1789 2198 1947 2260 pacto
1975 2203 2168 2244 manus
2192 2189 2306 2258 ipse
2355 2203 2485 2244 suas
2515 2189 2766 2244 abluerit.

1725 2280 1891 2338 Vens.
1924 2280 2112 2336 22-25.
2143 2280 2281 2347 Quia
2311 2279 2565 2335 custodioi
2597 2282 2707 2335 vias
2734 2280 2962 2348 Domini,
2990 2300 3084 2339 nec
3130 2282 3233 2337 im-

1655 2376 1737 2445 pie
1750 2375 1887 2446 gessi
1907 2392 1937 2428 a
1969 2372 2075 2427 Deo
2104 2390 2237 2429 meo.
2271 2372 2534 2440 Quoniam
2566 2374 2743 2428 omnia
2770 2373 2978 2444 judicia
3034 2375 3151 2445 ejus
3181 2377 3237 2430 in

1657 2475 1932 2539 conspectu
1951 2485 2083 2537 meo,
2101 2479 2150 2525 et
2173 2468 2409 2531 iustitias
2436 2467 2547 2537 ejus
2566 2484 2667 2521 non
2686 2469 2871 2537 repulit
2891 2486 2923 2523 a
2942 2486 3042 2525 me.
3058 2467 3126 2523 Et
3148 2486 3240 2524 ero

1656 2558 2032 2615 immaculata:
2065 2574 2182 2613 cum
2215 2576 2295 2623 eo,
2323 2567 2372 2613 et
2403 2557 2680 2615 observabo
2723 2576 2804 2614 me
2845 2560 2909 2614 ab
2966 2561 3241 2633 iniquitate

1660 2664 1795 2703 mea.
1811 2646 1947 2715 Quia
1963 2664 2091 2720 ergo
2113 2659 2234 2720 post
2268 2650 2567 2705 admissum
2597 2651 2777 2707 scelus
2805 2652 2870 2707 iis
2890 2666 2975 2707 me
2997 2652 3241 2708 moribus

1662 2739 1969 2810 composui,
1987 2748 2040 2794 et
2062 2747 2267 2794 tantam
2292 2741 2426 2796 mihi
2452 2743 2675 2797 adhibui
2703 2744 2966 2800 medelam
2993 2764 3007 2810 ;
3030 2760 3240 2801 resum-

1664 2843 1754 2905 pta
1788 2831 1958 2903 priori
1986 2831 2282 2895 sententia,
2311 2832 2547 2901 idipsum
2576 2836 2821 2889 secundo
2853 2843 3119 2905 repetam,
3152 2835 3240 2890 di-

54 2923 169 2977 πάλιν
196 2924 533 2978 ἐπαναλαϐὼν
552 2926 641 2978 τὸν
675 2927 832 2980 αὐτὸν
867 2929 924 2979 ἐν
946 2925 1179 2997 δευτέρῳ
1199 2924 1354 2994 λόγον
1379 2926 1519 2997 φημί
1543 2943 1556 2956 ·

1666 2939 1894 2997 eamque
1945 2923 2141 2979 iterum
2178 2940 2193 2976 :
2237 2920 2305 2976 Et
2336 2922 2584 2978 retribuet
2610 2926 2739 2979 milii
2765 2925 3024 2981 Dominus
3058 2943 3243 2980 secun-

52 3017 132 3079 ὅτι,
160 3017 234 3071 διὰ
281 3018 344 3070 τὰ
396 3017 791 3089 προλεχθέντα,
847 3019 956 3074 Καί
1002 3018 1410 3075 ἀνταποδώσει
1460 3035 1561 3089 μοι

1666 3017 1790 3073 dum
1814 3018 2089 3089 justitiam
2132 3034 2323 3082 meam,
2357 3026 2408 3073 et
2440 3017 2726 3073 secundum
2786 3023 3074 3089 puritatem
3105 3037 3243 3073 -mn-

52 3109 213 3174 Κύριος
241 3110 381 3162 κατὰ
405 3109 523 3177 τὴν
549 3108 942 3179 δικαιοσύνην
976 3129 1116 3182 μου,
1143 3112 1240 3165 καὶ
1272 3111 1424 3165 κατὰ
1451 3110 1561 3179 τὴν

1666 3128 1827 3165 nuum
1880 3127 2118 3167 mearum
2147 3112 2203 3165 in
2248 3120 2525 3179 conspectu
2558 3112 2830 3167 oculorum
2877 3113 2989 3183 ejus
3018 3128 3036 3165 :
3081 3112 3241 3183 cujus

53 3202 386 3269 καθαριότητα
414 3202 535 3255 τῶν
567 3202 777 3271 χειρῶν
795 3221 907 3273 μου
929 3204 1181 3259 ἐνώπιον
1205 3204 1324 3259 τῶν
1352 3207 1561 3274 ὀφθαλ-

1669 3203 1805 3259 dicti
1839 3205 1961 3261 loco
1989 3248 2005 3271 ,
2054 3206 2108 3261 in
2155 3214 2434 3272 conspectu
2481 3208 2753 3261 oculorum
2783 3207 2896 3277 ejus
2943 3206 3025 3263 sic
3078 3205 3241 3262 habet

48 3291 143 3358 μῶν
183 3295 376 3349 αὐτοῦ·
423 3295 545 3348 ἀντὶ
582 3295 637 3347 δὲ
672 3294 784 3357 τοῦ,
814 3295 1067 3350 ἐνώπιον
1094 3296 1211 3352 τῶν
1245 3294 1561 3366 ὀφθαλμῶν

1666 3293 2053 3367 Symmachus,
2092 3314 2157 3353 ea:
2205 3307 2441 3370 opposito
2467 3300 2740 3356 oculorum
2780 3300 2916 3370 ejus.
2941 3297 3059 3354 Non
3092 3300 3238 3355 enim

51 3387 206 3449 αὑτοῦ,
240 3390 265 3440 ὸ
308 3388 617 3458 Σύμμαχος,
647 3387 760 3449 τὴν
787 3390 1035 3457 ἀντικρὺ
1089 3388 1208 3443 τῶν
1248 3391 1561 3460 ὀφθαλμῶν

1668 3384 1951 3441 hominum
1985 3388 2159 3443 oculis
2198 3388 2490 3459 puritatem
2530 3390 2799 3445 ostentavi
2832 3404 3029 3454 meam,
3066 3402 3240 3459 neque

51 3476 207 3542 αὐτοῦ,
221 3450 490 3542 ἐξέδωκεν.
606 3450 715 3550 γὰρ
736 3450 1035 3550 ἀνθρώπων
1050 3450 1343 3553 ὀφθαλμοῖς
1362 3450 1561 3537 ἐσπού-

1668 3486 1728 3533 ut
1754 3477 1940 3533 multis
1976 3450 2251 3550 placerem
2285 3479 2339 3535 id
2366 3481 2449 3552 egi
2476 3499 2491 3547 ;
2516 3480 2609 3536 sed
2639 3482 2692 3533 in
2716 3450 3026 3550 conspectu
3044 3450 3239 3535 oculo-

52 3564 169 3627 διζον
216 3569 303 3635 τὴν
358 3567 599 3638 ἐμαυτοῦ
661 3567 1025 3640 καθαριότητα
1081 3569 1379 3635 δεικνύναι,
1439 3573 1559 3627 οὐδὲ

56 3654 155 3710 ὥστε
195 3659 429 3729 ἀρέσκειν
462 3663 577 3725 τοῖς
609 3660 838 3724 πολλοῖς,
866 3660 979 3715 ἀλλ’
1007 3662 1228 3733 ἀντικρὺ
1260 3662 1368 3716 τῶν
1396 3665 1559 3719 αὐτοῦ

55 3748 121 3800 τνίό
147 3751 306 3821 κριτοῦ
347 3751 639 3824 όςθαλμῶν
673 3754 848 3806 πᾶσαν
881 3753 1174 3824 ἐποιούμην
1206 3754 1439 3825 σπουδὴν
1460 3755 1561 3825 τῆς

56 3838 237 3910 ἐμαυτοῦ
270 3844 650 3917 καθαρότητος.

106 3936 229 3989 Μετὰ
259 3940 425 3992 ὁσίου
456 3940 626 4005 ὅσιος
654 3939 793 4008 ἔσῃ.
819 3938 916 3993 καὶ
942 3938 1091 4008 μετὰ
1125 3938 1342 4011 ἀνδρρς
1368 3936 1559 3995 ἀθώου

56 4023 195 4092 άθῶος
216 4030 318 4097 ἔσῃ
338 4048 350 4061 ·
382 4033 480 4084 καὶ
502 4034 651 4100 μετὰ
674 4032 960 4087 ἐκλεκτοῦ
991 4031 1273 4098 ἐκλεκτὸς
1300 4032 1434 4099 ἔσῃ,
1460 4033 1557 4088 καί

53 4118 157 4178 μετὰ
181 4122 455 4187 armatae)
484 4122 885 4192 διαστρέψεις.
914 4128 1043 4178 "Oct
1071 4124 1152 4178 σὺ
1181 4122 1334 4178 λαὸν
1360 4138 1558 4180 ταπει-

56 4206 133 4259 rirr
154 4209 363 4277 σώσεις,
406 4214 504 4266 καί
552 4216 895 4285 ὀρθαῖμοὺς
933 4215 1329 4285 ὑπερηφάνων
1358 4232 1558 4273 ταπει-

59 4298 228 4365 νώσεις.
246 4303 457 4371 Μήποτε
483 4306 833 4374 προφητικῶς
852 4308 979 4361 λαὸν
992 4308 1103 4381 μὲν
1119 4306 1365 4360 ταπεινὸν
1388 4306 1487 4378 (1),
1502 4309 1555 4380 ἢ,

57 4388 157 4441 κατὰ
193 4391 271 4444 τὸν
309 4393 554 4459 Ἀκύλαν,
590 4397 836 4465 πένητα,
866 4400 921 4469 ἢ,
957 4399 1098 4454 κατά
1122 4399 1212 4452 τὸν
1246 4397 1556 4470 Σύμμαχον,

57 4479 197 4545 πρᾶον
234 4485 314 4538 τὸν
338 4487 493 4558 χορὸν
542 4487 832 4543 αἰνίττεται
870 4492 960 4545 τὸν
1002 4491 1353 4547 ἀποστολικόν
1375 4510 1387 4522 ο
1426 4494 1556 4546 ὑπε-

60 4573 267 4642 ρηφάνους
297 4576 349 4629 δὲ
376 4579 503 4640 τοὺς
535 4578 700 4632 πάλαι
734 4580 1092 4652 ἐπηρμένους,
1117 4584 1242 4647 τοὺς
1271 4584 1558 4655 ἀρχιερέας

59 4668 123 4717 καὶ
135 4667 444 4734 διδασκάλους
462 4672 558 4724 καὶ
581 4672 842 4743 ἄρχοντας
860 4674 951 4727 τοῦ
988 4678 1051 4730 ἐκ
1077 4675 1374 4749 περιτομῆς
1391 4675 1520 4730 λαοῦ
1539 4694 1554 4743 ;

1665 3584 1783 3623 rum
1819 3570 1992 3641 ipsius
2009 3569 2239 3640 iudicis,
2274 3572 2383 3628 mei
2423 3574 2691 3646 purgandi
2723 3586 2912 3628 curam
2946 3581 3001 3629 et
3032 3572 3237 3630 sollici-

1662 3660 1905 3716 tudinem
1926 3660 2113 3717 habui.
3026 3684 3033 3687 λ

1730 3921 1893 3993 Vens,
1966 3922 2170 3981 26-28.
2251 3923 2383 3981 Cum
2450 3936 2630 3981 sancto
2681 3938 2896 3983 sanctus
2959 3928 3106 3993 eris,
3185 3940 3234 3981 et

1660 4032 1778 4070 cum
1812 4006 1923 4070 viro
1970 4017 2239 4072 innocente
2277 4018 2522 4073 innocens
2552 4021 2655 4074 eris
2683 4038 2700 4077 :
2725 4030 2774 4075 et
2803 4038 2920 4075 cum
2945 4021 3105 4076 electo
3129 4022 3233 4075 ele—

1661 4117 1774 4164 ctus
1820 4125 1947 4179 eris,
1979 4119 2029 4164 et
2070 4127 2189 4165 cum
2230 4128 2467 4182 perverso
2503 4118 2828 4183 perverteris.
2864 4115 3127 4182 Quoniam
3176 4125 3233 4167 tu

1658 4199 1907 4270 populum
1932 4202 2182 4257 humilem
2222 4204 2424 4258 salvum
2453 4205 2615 4275 facies
2640 4245 2654 4269 ,
2685 4216 2734 4260 et
2769 4205 2946 4262 oculos
2984 4206 3233 4274 superbo-

1663 4308 1780 4345 rum
1801 4291 2130 4349 humiliabis.
2171 4295 2367 4350 Annon
2397 4298 2718 4367 prophetico
2754 4311 2903 4353 more
2934 4311 3029 4367 per
3055 4310 3230 4366 popu-

1662 4385 1773 4438 lum
1828 4384 2110 4453 bumilem,
2139 4397 2233 4443 aut
2281 4389 2580 4447 secundum
2633 4388 2904 4460 Aquilam,
2933 4404 3228 4458 pauperem,

1660 4482 1777 4542 aut,
1810 4487 1868 4532 ut
1895 4475 2284 4550 Symmachus,
2317 4490 2669 4545 mansuetum,
2703 4480 2930 4535 chorum
2965 4480 3229 4552 apostoli-

1659 4588 1784 4628 cum
1842 4574 2150 4653 adumbrat,
2198 4576 2468 4647 superbos
2526 4583 2705 4631 autem
2755 4583 2913 4633 vocat
2963 4570 3094 4644 eos,
3135 4580 3227 4650 qui

1659 4665 1787 4720 olim
1821 4666 1961 4723 altos
1990 4667 2214 4737 spiritus
2255 4667 2629 4735 assumebant,
2661 4668 2938 4740 principes
2961 4670 3228 4749 sacerdo-

61 4753 122 4818 ὠς
142 4760 278 4814 πάλαι
302 4763 592 4834 ὀφθαλμοῖς
620 4764 986 4835 ὑπερηφάνοις
1018 4768 1157 4821 κατά
1187 4766 1278 4819 τοῦ
1310 4766 1556 4838 Σωτῆρος

1666 4762 1795 4823 tum,
1827 4756 2081 4814 doctores
2113 4773 2174 4813 ac
2212 4758 2559 4830 magistratus
2604 4762 2787 4832 populi
2840 4777 2906 4818 ex
2938 4761 3228 4817 circumci-

62 4846 172 4913 ἡμῶν
185 4856 531 4924 κεχρημένους
559 4855 918 4909 ἐταπείνωσεν
937 4859 964 4910 ό
982 4858 1130 4924 Θεὸς,
1147 4861 1203 4911 ὲν
1227 4858 1357 4911 πᾶσι
1380 4857 1558 4923 σώσας

64 4934 123 4988 τὶν
162 4943 295 4997 αύτοῦ
340 4947 588 4999 ταπεινὸν
622 4948 713 5001 καὶ
764 4946 968 5016 πένητα
999 4952 1090 5003 καὶ
1120 4953 1308 5022 πρᾶον,
1341 4951 1431 5004 τὸν
1462 4951 1554 5005 τοῦ

66 5025 253 5101 Σωτῆρος
272 5036 418 5106 ἡμῶν
446 5039 757 5092 ἀποστόλων
787 5056 845 5092 τε
874 5040 968 5093 καὶ
996 5043 1249 5114 μαθητῶν
1283 5042 1428 5096 λαόν.

122 5283 221 5379 ’ρτι
268 5293 341 5345 σὺ
391 5298 624 5365 φωτιεῖς
678 5298 783 5351 τὸν
834 5303 1064 5379 λύχνον
1094 5322 1233 5371 μου,
1281 5308 1470 5374 Κύριε,
1523 5311 1557 5362 ό

1664 4846 1857 4903 sione?
1900 4847 2049 4930 Quos
2090 4849 2217 4904 olim
2258 4851 2510 4929 superbis
2560 4853 2734 4908 oculis
2779 4854 2836 4909 iu
2893 4850 3225 4913 Salvatorem

1662 4946 1911 4994 nostrum
1936 4926 2300 5012 insurgentes
2340 4926 2647 4999 humiliavit
2692 4943 2855 5009 Deus,
2878 4958 2942 4998 ac
2968 4943 3229 4999 humilem
3300 5008 3303 5013 η

1661 5028 1835 5093 illum,
1868 5044 2178 5101 pauperem
2200 5042 2255 5090 et
2284 5042 2628 5090 mansuetum
2664 5034 2873 5089 salvum
2895 5032 3043 5100 fecit,
3078 5035 3228 5090 vidc-

1658 5119 1785 5175 licet
1817 5120 1972 5192 illum
2006 5122 2304 5182 Salvatoris
2338 5126 2528 5189 nostri,
2562 5124 2933 5195 apostolorum
2964 5141 3029 5183 ac
3061 5127 3225 5183 disci-

1656 5212 1907 5282 pulorum
1934 5216 2212 5285 p0pulum.

1729 5300 1887 5356 Vens.
1924 5303 2015 5367 29,
2059 5305 2145 5361 50.
2186 5304 2447 5372 Quoniam
2501 5317 2558 5362 tu
2599 5306 2926 5363 illuminabis
2956 5304 3224 5361 lucernam

73 5372 173 5468 θεός
188 5396 304 5445 μου,
322 5388 549 5455 gemeret“;
579 5389 643 5442 τὸ
678 5393 895 5459 σκότος
916 5373 1053 5462 μου.
1082 5396 1204 5448 Ὀτι
1231 5400 1299 5451 ἐν
1326 5372 1423 5451 σοὶ
1446 5372 1556 5467 ῥυ·-

1666 5411 1844 5459 meam,
1906 5392 2128 5452 Domine
2175 5397 2312 5452 Deus
2363 5387 2540 5468 meus,
2604 5396 2930 5455 illuminabis
2986 5398 3225 5453 tenebras

74 5463 302 5564 “abacum
348 5475 462 5528 ἀπὸ
512 5478 617 5532 τοῦ
662 5486 1055 5551 πειρατηρίου,
1091 5487 1184 5539 καὶ
1216 5488 1285 5539 ἐν
1326 5488 1404 5554 τῷ
1434 5463 1556 5556 Deci}

1666 5504 1816 5541 meas.
1862 5486 2126 5553 Quoniam
2163 5492 2216 5545 in
2250 5500 2296 5546 te
2322 5494 2521 5564 eripior
2544 5510 2575 5547 a
2607 5492 2912 5555 tentatione,
2939 5499 2989 5546 et
3017 5491 3073 5544 in
3107 5488 3219 5545 Deo

76 5562 539 5649 twubxepb’zjo'oua’t
567 5569 780 5637 τεῖχος.
821 5574 1003 5643 Ζητῶν
1038 5576 1212 5633 δὲτὸν
1239 5579 1426 5649 λύχνον
1458 5581 1549 5634 τοῦ

77 5645 191 5702 mu
213 5646 346 5725 εὖρον
374 5658 429 5709 ὲν
465 5656 587 5729 ρλα¹
614 5657 810 5729 ψαλμῷ
836 5664 1126 5748 φερόμενον
1166 5667 1245 5729 τὸ,
1273 5645 1427 5721 ’ἐκεῖ
1465 5669 1553 5735 ἐε-

1658 5598 1767 5635 meo
1790 5582 2149 5654 transgredior
2177 5600 2403 5639 murum.
2437 5584 2573 5641 Cum
2606 5592 2786 5640 autem
2827 5584 2971 5639 illam
2993 5579 3222 5637 Davidis

1658 5673 1931 5727 lucernam
1975 5674 2363 5745 perquirerem,
2396 5676 2450 5732 in
2485 5692 2651 5732 cxxxi
2677 5678 2887 5749 psalmo
2910 5672 3215 5743 deprehen-

78 5744 272 5796 ανατελῶ
294 5748 454 5816 κέρας
498 5747 579 5815 τῷ
605 5750 815 5803 Δαυτό’
855 5744 1151 5825 ἦτοίμασα
1196 5760 1428 5829 λύχνον
1474 5762 1552 5829 τῷ

1666 5764 1746 5819 di:
1781 5761 1902 5818 Illic
1950 5744 2233 5833 producam
2276 5783 2443 5823 cornu
2470 5765 2640 5823 David
2677 5744 2908 5838 ,paraoi
2947 5766 3210 5821 lucernam

125 5850 177 5919 ll)
208 5854 251 5911 In
274 5857 520 5919 Hebraico
559 5863 877 5936 legituruv,
921 5872 972 5928 id
1007 5882 1088 5931 est
1133 5888 1344 5942 pauper,
1406 5876 1653 5939 abiectus.
