3966 6344
99 400 174 458 ιιι
1171 393 1666 452 COMMENTARIA
1706 393 1773 450 IN
1813 377 2148 451 PSALuos.

3150 391 3252 448 18⁸2

95 517 204 590 πρὸς
239 503 462 580 τούτοις,
506 514 604 569 καὶ
652 513 790 580 τοὺς
827 511 1012 579 πόδας
1038 529 1154 582 μου
1186 511 1334 565 ιὼσεὶ
1373 511 1610 580 ἐλάφων

1723 512 1885 568 cervis
1915 513 2082 566 multa
2128 512 2181 566 in
2224 509 2422 566 divinis
2463 510 2836 564 instrumentis
2893 509 3157 566 feruntur.
3199 507 3254 566 SI

95 609 482 677 κατηρτίσατο·
527 607 652 675 περὶ
681 599 753 660 ὧν
797 605 1006 674 ἐλάφων
1032 603 1192 667 πολὺς
1220 606 1277 656 ὲν
1303 604 1413 665 τοῖς
1444 603 1607 674 ἱεροῖς

95 701 342 770 πράγμασι
389 696 723 770 [γράμμασι]
775 697 993 768 φέρεται
1028 694 1197 762 λόγος.
1253 691 1374 746 Ἐπὶ
1417 692 1610 762 σχολῆς

93 795 129 848 δ’
152 796 206 848 ἄν
220 810 295 855 τις
309 791 417 844 τῶν
447 791 805 861 προτεθέντων
838 789 1110 854 ἐξετάσας,
1155 785 1300 857 εὖροι
1332 785 1396 839 ἂν
1433 785 1611 840 αὐτῶν

97 883 166 938 τὺν
201 882 314 936 νοῦν
353 882 751 952 ἀναφερόμενον
795 881 884 933 ἐπὶ
937 879 1057 941 τοὺς
1108 876 1292 945 ἁγίους
1337 876 1429 930 τοῦ
1478 876 1610 929 Θεοῦ

95 975 278 1045 ἄνδρας,
310 975 436 1036 τοὺς
484 973 852 1044 ἀναιρετικοὺς
895 969 1088 1032 παντὸς
1139 967 1468 1039 ὲρπυστικοῦ
1521 970 1612 1022 καὶ

97 1066 268 1120 ἱοόόλου
286 1065 444 1130 ζώου.
481 1067 632 1118 Ἐπεὶ
659 1065 751 1119 καὶ
776 1065 872 1133 τῆς
893 1062 1087 1130 ἐλάφου
1126 1061 1341 1132 τοιαύτη
1374 1061 1612 1132 πέφυκεν

94 1156 311 1227 ἡφύσις,
371 1155 674 1223 ὀφιοκτόνος
716 1150 845 1207 οὖσα
896 1151 988 1204 καὶ
1041 1149 1357 1220 ἀναιρετικὴ
1416 1149 1614 1213 παντὸς

93 1249 308 1318 ἑρπετοῦ.
350 1247 709 1320 Ὀρεινοὸατὲς
743 1245 799 1298 δὲ
844 1244 903 1296 τὸ
942 1241 1077 1306 ζῶον
1108 1243 1200 1295 καὶ
1231 1241 1505 1313 δρομικὸν,
1539 1241 1612 1305 ὼς

93 1338 167 1389 καὶ
191 1339 233 1388 oi
265 1336 405 1405 ἆγιοι
432 1335 522 1387 τοῦ
554 1333 685 1386 Θεοῦ
718 1331 782 1384 τὰ
812 1328 922 1384 ἄνω
952 1329 1292 1394 σκοποῦντες,
1327 1332 1418 1384 καὶ
1445 1329 1518 1400 μὴ
1547 1329 1614 1382 τὰ

92 1430 166 1480 ἐπὶ
191 1429 278 1496 τῆς
301 1428 420 1497 γῆς,
454 1428 545 1479 καὶ
570 1423 636 1477 τὰ
661 1422 835 1494 ὑψηλὰ
862 1421 1142 1486 διώκοντες
1158 1461 1173 1486 ,
1208 1421 1356 1492 πόθῳ
1379 1421 1480 1490 τῆς
1509 1420 1614 1472 τῶν

91 1517 294 1586 οὐρανῶν
351 1514 639 1585 βασιλείας.
687 1513 796 1583 Τὴν
831 1512 963 1583 πρὸς
1022 1513 1146 1576 τοὺς
1196 1511 1382 1579 ἁγίους
1441 1511 1616 1563 τοίνυν

89 1609 346 1678 ὁμοιότητα
396 1605 584 1658 ἑαυτοῦ
638 1606 730 1658 κα)⁸
760 1607 788 1656 ὀ
827 1604 986 1657 Δαυῒδ
1022 1606 1088 1674 τῇ
1123 1602 1214 1656 τοῦ
1258 1601 1387 1656 Θεοῦ
1439 1604 1617 1674 χάριτι

92 1699 369 1767 ἀνατίθησι,
405 1697 578 1765 λέγων
608 1696 750 1766 ἑξῆς
783 1696 890 1750 Kal
913 1696 1009 1748 ἐπὶ
1045 1697 1115 1749 τὰ
1144 1696 1270 1764 ὕψη
1289 1713 1406 1763 μου
1435 1687 1618 1749 imar-

85 1809 160 1858 με.
194 1792 248 1843 ΕΞ
277 1790 383 1858 γὰρ
429 1789 520 1842 καὶ
567 1788 638 1840 τὰ
688 1788 915 1858 μάλιστα
942 1787 1117 1858 ἕτεροι
1149 1786 1428 1840 καθέλκειν
1470 1787 1617 1857 ἡμᾶς

89 1853 163 1933 καὶ
196 1853 567 1944 καταϐιϐάζειν
594 1853 700 1933 ἐπὶ.⁷
719 1879 786 1932 τὰ
818 1879 951 1950 βάθη
980 1853 1072 1932 καὶ
1104 1879 1201 1942 τὰς
1231 1853 1617 1947 κοιλάδαςττῆς
1649 1853 1690 1912 Β

89 1973 250 2046 κακίας
276 1971 566 2040 πειρῶνται
589 1989 602 2002 ο
631 1970 742 2024 ἀλλ’
763 1972 792 2024 ὁ
819 1972 946 2034 Θεὸς
981 1972 1157 2041 ἡμῶν,
1187 1967 1273 2025 οἷά
1299 1987 1381 2033 τις
1416 1971 1618 2038 ἀγωνο-

88 2065 220 2132 [θέτης
247 2063 508 2116 διδάσκων
535 2064 677 2133 ἡμᾶς
707 2061 942 2132 ἀγαθοὺς
970 2059 1107 2116 εἶναι
1151 2063 1390 2134 δρομεῖς,
1422 2063 1513 2116 ἐπὶ
1553 2060 1623 2117 τὰ

87 2157 363 2226 κατάλληλα
403 2159 532 2228 ἡμῖν
561 2156 670 2228 ’ύψη
696 2158 970 2228 παρορμᾷ·
999 2156 1160 2209 αὐτοῦ
1188 2174 1246 2209 τε
1276 2159 1309 2226 ἡ
1335 2156 1514 2228 χάρις.
1543 2156 1618 2208 Uti

86 2249 174 2317 γὰρ
202 2248 434 2318 ἡμετέρα
461 2247 688 2318 δύναμις
716 2249 926 2318 ἵστησιν
959 2248 1016 2300 ἐν
1041 2249 1151 2311 τοῖς
1173 2247 1459 2318 ἡμετέροις
1489 2246 1618 2315 iit}:-

89 2355 155 2390 σι·
211 2338 362 2407 φύσει
409 2339 518 2409 γὰρ
573 2339 857 2409 ἀνθρώπου
892 2339 1033 2410 ψυχῇ
1075 2339 1135 2391 τὸ
1179 2339 1425 2411 οὐράνιόν
1473 2340 1619 2392 ἐστιν

85 2431 368 2500 οἰκητήριον
388 2448 400 2459 ·
436 2431 529 2482 καὶ
556 2429 624 2482 τὰ
652 2431 765 2482 ἐκεῖ
791 2428 896 2500 ὕψη
935 2430 1035 2481 οὐκ
1080 2429 1353 2500 ἀλλότρια,
1384 2427 1499 2482 ἀλλ’
1539 2428 1617 2480 οι-

87 2524 214 2574 κεῖα·
246 2522 342 2585 διὸ,
385 2521 509 2573 Ἐπὶ
538 2507 768 2588 τὰὟᾶψη
795 2537 933 2588 μου,
969 2521 1149 2592 φησιν,
1171 2519 1353 2573 ἱστῶν
1379 2537 1474 2588 με.

143 2611 432 2668 Διδάσκων
479 2609 678 2677 χεῖράς
723 2628 843 2678 μου
888 2613 974 2675 εὶς
1018 2613 1299 2679 πόλεμον,
1342 2609 1439 2661 καὶ
1478 2609 1617 2661 ἔθου

88 2705 239 2767 τόξον
261 2702 527 2770 χαλκοῦν
550 2700 691 2764 τοὺς
711 2702 1043 2770 ,βραχίονας⁸
1067 2717 1185 2770 μου
1206 2739 1232 2771 ._
1251 2699 1358 2754 Kal
1392 2697 1618 2762 ἔδωκάς

84 2814 162 2864 μοι
179 2791 630 2862 ὑπερασπισμὸν
646 2793 956 2859 σωτηρίας,
982 2791 1077 2845 καὶ
1099 2792 1136 2858 ἡ
1166 2789 1332 2854 δεξιά
1350 2804 1465 2843 σου
1483 2788 1548 2842 ἀι
1561 2807 1620 2842 τ-

87 2888 298 2940 elacata
339 2904 474 2956 μου.
534 2884 675 2955 Πρὸς
726 2882 930 2945 τούτοις
975 2883 1174 2936 ἅπασιν
1211 2883 1618 2955 ὑπερασπισμδν

91 2980 331 3053 σωτηρίας
367 2997 453 3051 μοι
486 2979 738 3041 δέδωκας,
766 2976 854 3028 τὸν
883 2974 973 3030 σὺν
1013 2975 1138 3028 Υἱὺν
1166 2974 1526 3045 καταπέμψας
1553 2977 1617 3046 τῇ

93 3073 180 3143 ἰδίᾳ
213 3071 390 3125 ἀσπίδι
442 3069 581 3140 ὑπὲρ
619 3066 749 3137 ἐμοῦ
783 3066 1176 3137 μαχησόμενον.
1223 3065 1486 3136 Ἀκριδῶς
1513 3063 1619 3136 γὰρ

1710 606 1835 678 quis
1865 622 1994 663 vero
2025 621 2121 677 per
2143 607 2313 661 otium
2340 608 2672 677 propositum
2702 616 3074 676 argumentum
3095 623 3255 663 excu-

1710 699 1827 760 tiat.
1850 699 1915 754 ad
1938 707 2155 757 sanctos
2184 699 2276 755 Dei
2306 700 2451 754 viros
2490 714 2789 754 sermonem
2835 707 3078 769 spectare
3105 715 3256 756 com-

1711 791 1902 860 periet,
1935 793 2028 862 qui
2060 801 2340 863 serpentes
2371 808 2559 848 omnes
2596 800 2959 862 venenataque
3007 792 3259 846 animalia

1711 882 1778 937 d'e
1808 882 1986 952 medio
2015 885 2231 938 tollunt.
2254 883 2386 938 Nam
2437 884 2563 938 talis
2604 892 2688 939 est
2722 898 3003 938 cervorum
3043 888 3260 946 natura,

1713 985 1772 1030 ut
1801 985 2082 1047 serpentes
2124 969 2390 1047 omneque
2428 984 2813 1032 venenatorum
2852 988 3020 1045 genus
3055 975 3260 1030 interii-

1711 1071 1878 1125 ciant.
1921 1071 2235 1126 Montanum
2268 1070 2395 1125 item
2439 1068 2638 1122 animal
2670 1076 2753 1122 est
2778 1083 2841 1121 ac
2870 1083 3034 1122 cursu
3062 1068 3213 1122 velox
3242 1083 3258 1119 :

1710 1163 1898 1233 quales
1927 1171 2055 1218 sunt
2087 1177 2302 1232 quoque
2347 1161 2518 1217 sancti
2561 1159 2678 1228 Dei,
2704 1159 2794 1230 qui
2834 1171 3066 1227 superna
3140 1175 3272 1232 spe—1

1717 1267 2013 1322 ctant,non
2043 1262 2278 1319 terrena,
2309 1254 2560 1310 sublimia
2584 1269 2711 1308 vero
2755 1253 3074 1322 qua'ritant;
3105 1251 3266 1320 idque

1712 1363 1776 1401 ex
1810 1362 1919 1400 uno
1951 1347 2104 1416 regni
2137 1346 2379 1401 caelestis
2409 1359 2614 1400 amore.
2647 1343 2775 1396 Eam
2825 1342 2908 1398 sui
2942 1343 3112 1411 ipsius
3141 1357 3266 1397 cum

1713 1437 1917 1492 sanctis
1953 1435 2364 1490 similitudinem
2389 1433 2494 1487 sibi
2528 1430 2718 1494 David,
2742 1431 2914 1500 gratia
2951 1429 3044 1482 Dei
3072 1429 3267 1493 fultus,

1713 1525 1958 1589 ascribit,
1994 1525 2124 1580 dum
2147 1523 2260 1578 haec
2286 1520 2584 1590 subjungit,
2613 1527 2664 1572 et
2707 1533 2863 1586 super
2900 1517 3106 1572 excelsa
3153 1533 3269 1572 mea

1715 1627 1947 1672 statuens
1981 1632 2080 1669 me.
2108 1613 2224 1670 Etsi
2267 1627 2502 1681 namque
2534 1608 2626 1664 alii
2657 1609 2788 1672 sint,
2838 1608 2931 1676 qui
2961 1623 3059 1663 nos
3091 1607 3144 1660 in
3174 1623 3270 1660 ne—

1715 1709 1900 1781 quitiae
1942 1707 2111 1762 valles
2144 1703 2430 1759 detrahere
2478 1717 2542 1757 ac
2581 1700 2849 1754 abducere
2893 1704 3173 1766 satagant;
3214 1703 3270 1750 at

1719 1800 1862 1856 Deus
1901 1803 2107 1860 noster,
2143 1812 2241 1850 ceu
2279 1793 2499 1864 quidam
2556 1791 2913 1845 certaminum
2960 1787 3267 1857 prmia-ctus,

1718 1907 1841 1946 cum
1869 1905 1970 1945 nos
2009 1887 2247 1943 instituit
2281 1892 2341 1938 ut
2368 1883 2497 1938 boni
2527 1895 2782 1936 cursores
2823 1880 3014 1942 simus,
3038 1878 3102 1932 ad
3134 1892 3269 1931 con-

1717 1979 1964 2052 gruentia
2008 1976 2168 2032 nobis
2210 1975 2421 2028 excelsa
2466 1971 2703 2027 concitat
2735 1990 2746 2024 :
2780 1969 3011 2038 idipsum
3050 1973 3273 2038 prastat

1717 2073 1839 2144 ejus
1865 2071 2062 2142 gratia.
2094 2070 2279 2138 Neque
2307 2067 2453 2121 enim
2500 2064 2698 2119 virtute
2737 2069 2923 2117 nostra
2958 2061 3015 2115 in
3041 2061 3274 2116 excelsis

1718 2165 1924 2223 nostris
1975 2160 2362 2218 constituimur
2393 2177 2407 2213 :
2439 2157 2674 2213 hominis
2739 2155 2935 2225 quippe
2979 2153 3169 2207 anima:
3206 2167 3273 2206 ex

1720 2264 1914 2312 natura
1944 2269 2042 2310 sua
2076 2253 2299 2308 emlcste
2330 2251 2667 2305 domicilium
2701 2255 2784 2303 est
2819 2267 2830 2300 :
2862 2254 3022 2315 atque
3058 2243 3290 2300 excelsa‘

1721 2351 1834 2414 illa,
1863 2363 1973 2402 non
1997 2345 2194 2410 aliena,
2220 2343 2314 2399 sed
2346 2343 2562 2413 propria
2596 2341 2699 2410 ipsi
2741 2347 2894 2406 sunt;
2925 2337 3272 2409 quamobrem

1718 2441 1794 2494 ait
1828 2458 1840 2492 :
1885 2437 2053 2505 Super
2081 2435 2289 2490 excelsa
2315 2450 2428 2487 mea
2459 2441 2694 2487 statuens
2729 2448 2829 2484 me.

1763 2609 1955 2671 Vens.
1980 2615 2070 2677 '55,
2101 2611 2188 2666 '56.
2210 2610 2314 2678 Qui
2339 2608 2484 2662 docet
2521 2621 2709 2676 atauus
2738 2621 2880 2657 meas
2910 2602 2978 2656 ad
3006 2602 3269 2671 prwlium,

1719 2719 1768 2764 et
1790 2706 2014 2778 posuisti
2042 2712 2099 2757 ut
2123 2717 2304 2756 arcum
2329 2715 2520 2754 azreum
2564 2695 2778 2749 brachia
2812 2711 2947 2749 mea.
2980 2693 3049 2747 Et
3077 2692 3269 2747 dedisti

1720 2802 1847 2856 mihi
1872 2798 2236 2870 protectionem
2267 2791 2478 2854 salutis,
2499 2798 2548 2842 et
2571 2786 2785 2841 dextera
2808 2797 2897 2838 tua
2920 2785 3144 2853 suscepit
3168 2800 3269 2838 me.

1720 2893 1800 2948 Ad
1823 2891 1938 2946 haec
1985 2895 2133 2944 certe
2179 2883 2358 2938 omnia
2396 2880 2787 2952 protectionem
2821 2875 3014 2932 salutis
3045 2875 3273 2945 largitus

1721 2985 1852 3042 mihi
1882 2999 1963 3047 es,
1985 2996 2108 3037 cum
2125 2976 2318 3032 Filium
2344 2983 2495 3026 tuum
2529 2969 2720 3026 misisti
2755 2967 2975 3038 proprio
3001 2981 3125 3020 cum
3147 2980 3274 3020 scu-

1723 3087 1780 3134 to
1803 3093 1901 3148 pro
1931 3075 2103 3130 salute
2143 3085 2262 3126 mea
2311 3074 2695 3139 pugnaturum.
2754 3062 3020 3118 Accurate
3072 3058 3267 3114 etenim

91 3167 369 3235 ἐπιστήσεις
393 3163 445 3214 τί
475 3161 602 3214 ποτέ
619 3162 731 3239 ἐστι
751 3160 810 3211 τὸ
835 3158 920 3211 διὰ
949 3159 1128 3228 πάσης
1157 3158 1377 3229 Γραφῆς
1410 3175 1618 3227 προφη-

1725 3173 1908 3226 animo
1966 3163 2268 3238 perpendes
2302 3160 2482 3223 velim,
2532 3155 2798 3228 quodnam
2854 3153 2985 3207 illud
3042 3149 3279 3208 salutare

91 3256 343 3325 ﬁerinam
375 3254 636 3322 σωτήριον
657 3249 749 3302 τοῦ
777 3248 909 3301 Θεοῦ
942 3248 1070 3319 περι⁷
1097 3243 1158 3302 οὗ
1189 3249 1282 3301 καὶ
1315 3247 1534 3318 Συμεὼν
1561 3250 1617 3302 ἐν

90 3349 152 3417 τῷ
182 3345 483 3415 Εὑαγγελιῳ
521 3343 728 3410 ἔλεγενο
777 3341 898 3394 Νῦν
944 3341 1226 3405 ἀπολύεις
1255 3341 1359 3393 τὸν
1400 3340 1620 3394 δοῦλόν

95 3455 207 3500 σου,
237 3438 522 3499 Δέσποτα,
555 3432 702 3486 κατὰ
737 3431 801 3485 τὸ
824 3429 987 3500 ῥῆμά
1019 3449 1132 3486 σου
1164 3431 1233 3484 ἐν
1259 3430 1497 3499 εἰρήνῃ·
1531 3430 1619 3484 ὅτι

91 3523 229 3577 εἶδεν
250 3528 300 3577 ol
322 3522 612 3593 ὀφθαλμοί
635 3539 752 3589 μου
784 3519 846 3572 τὸ
877 3518 1170 3586 σωτήριόν
1200 3534 1421 3572 σου.-
1440 3518 1547 3572 Καὶ
1587 3519 1618 3584 ἡ

91 3615 232 3679 δεξιά
274 3630 385 3669 σου
431 3611 784 3678 ἀντελάϐετό
816 3628 963 3680 μου.·
998 3611 1149 3680 Τάχα
1189 3609 1336 3674 δεξιὰ
1360 3608 1453 3661 τοῦ
1487 3608 1619 3661 Θεοῦ

92 3699 207 3755 εἶναι
252 3703 463 3757 δύναται
493 3704 551 3754 ἐν
678 3701 971 3772 ὲστερέωσε
1005 3700 1093 3752 τὸν
1121 3699 1364 3770 οὐρανὸν,
1405 3715 1621 3769 μονογε-

91 3798 170 3866 νὴς
196 3797 373 3865 Λόγος.

148 3891 246 3943 Kal
262 3893 296 3959 ἡ
316 3889 548 3943 παιδεία
565 3901 681 3942 σου
709 3883 1022 3954 ἀνώρθωσέ
1043 3901 1117 3954 με
1137 3887 1220 3951 εὶς
1249 3884 1441 3949 τέλος,
1467 3886 1561 3938 καὶ
1584 3888 1622 3954 ἡ

93 3981 299 4035 παιδεία
375 3997 492 4036 σου
564 3979 714 4046 αὐτή
777 3995 852 4048 με
909 3977 1152 4042 διδάξει.
1225 3977 1514 4048 Σύμμαχος
1567 3979 1622 4031 δὲ

94 4072 320 4136 ἐξέδωκε·
357 4073 464 4127 Καὶ
508 4070 575 4126 τὸ
610 4071 931 4126 ὑπακούειν
962 4087 1040 4138 με
1070 4067 1321 4134 αὐξήσει
1347 4087 1441 4138 με.
1481 4071 1537 4122 ὐ
1568 4071 1623 4123 δὲ

104 4167 324 4231 Ἀκύλας·
373 4167 481 4222 Kal
533 4164 862 4234 πραότητός
893 4178 1027 4217 ’σου
1082 4161 1388 4232 ἐπλήθυνέ
1418 4180 1493 4232 με
1526 4162 1621 4231 (Ι).

104 4248 447 4325 Ἐεέλὰτυνας
494 4260 565 4313 τὰ
616 4255 942 4325 διαϐήματιὶ
998 4274 1117 4326 μου
1170 4255 1446 4310 ὑποκάτω
1484 4273 1621 4324 μου.

94 4351 160 4403 Τὰ
176 4352 490 4423 διαϐήματα,
524 4351 644 4406 καθ’
677 4351 713 4405 ἃ
744 4352 806 4403 ἑκ
833 4349 1028 4411 κακίας
1062 4350 1141 4410 εἰς
1185 4348 1402 4420 ἀρετὴν,
1442 4350 1534 4400 καὶ
1567 4347 1626 4410 ἐξ

95 4445 335 4517 αἰσθητῶν
379 4448 470 4500 ἐπὶ
517 4445 700 4516 νοητὰ,
733 4445 826 4498 καὶ
871 4444 978 4497 ἀπὸ
1005 4442 1096 4496 τοῦ
1129 4444 1392 4515 παρόντος
1429 4447 1507 4506 εἰς
1535 4443 1624 4496 τὸν

1719 3261 1814 3317 Dei
1851 3259 1942 3321 sit,
1968 3258 2023 3310 in
2053 3254 2220 3309 totius
2261 3249 2554 3319 Seripturaa
2592 3243 2860 3300 vaticiniis
2908 3239 3275 3311 praedicatum.

1719 3535 1841 3604 quia
1866 3530 2099 3586 viderunt
2125 3525 2263 3580 oculi
2298 3523 2398 3576 mei
2427 3520 2660 3575 salutare
2684 3525 2828 3567 tuum
2853 3513 2926 3564 ⁷⁸.
2950 3541 3018 3551 -
3048 3509 3116 3563 Et
3151 3508 3278 3562 dea:-

1721 3601 1831 3680 tera
1855 3634 1947 3678 tua
1978 3619 2202 3689 suscepit
2234 3632 2333 3670 me.
2367 3613 2595 3669 Dextera
2634 3605 2727 3660 Dei
2747 3622 2809 3660 ea
2837 3603 3070 3658 fortasse
3094 3601 3277 3666 fuerit,

1719 3733 1828 3789 qua
1878 3713 2109 3770 ﬁrmavit
2138 3710 2361 3771 caelum,
2387 3704 2594 3760 scilicet
2644 3698 2983 3769 unigenitum
3013 3693 3274 3750 Verbum.

1791 3887 1956 3942 Vens.
1989 3885 2078 3938 37.
2122 3881 2188 3936 Et
2217 3879 2495 3949 disciplina
2538 3885 2627 3928 tua
2652 3874 2878 3927 correxit
2904 3889 2984 3926 me
3014 3871 3070 3924 in
3104 3871 3282 3940 ﬁnem,

1722 3989 1768 4034 et
1795 3977 2078 4046 disciplina
2112 3985 2204 4026 tua
2230 3973 2342 4038 ipsa
2367 3984 2446 4022 me
2469 3963 2687 4019 docebit.
2712 3959 3071 4032 Symmachus
3092 3957 3282 4022 edidit,

1723 4084 1768 4127 et
1800 4071 1934 4140 quod
1980 4065 2228 4124 exaudiat
2272 4080 2352 4118 me
2385 4051 2677 4115 accrescere
2730 4072 2809 4108 me
2865 4052 3060 4123 faciet;
3091 4051 3282 4118 Aquila

1724 4180 1874 4228 vero,
1906 4170 1953 4217 et
1993 4155 2391 4215 mansuetudine
2418 4164 2508 4207 tua
2542 4148 2754 4219 replevit
2797 4163 2896 4198 me.
2930 4173 2997 4183 —
3029 4141 3284 4195 Dilatasti

1724 4272 1931 4328 gressus
1978 4270 2117 4306 meos
2148 4249 2329 4304 subtus
2357 4261 2455 4298 me.
2499 4241 2730 4296 Gressus
2759 4237 2987 4298 scilicet,
3029 4233 3184 4303 queis
3213 4246 3284 4286 ex

1726 4324 1965 4416 nequitia
1990 4344 2054 4398 ad
2086 4343 2362 4400 virtutem,
2400 4351 2467 4390 ex
2497 4329 2850 4388 sensibilibus
2878 4327 2944 4382 ad
2969 4324 3285 4395 intelligibi-

1727 4413 1828 4500 lia,
1843 4451 1872 4489 a
1897 4432 2149 4506 praesenti
2179 4429 2244 4483 ad
2275 4427 2514 4497 futurum
2546 4419 2804 4475 saeculum
2834 4416 3184 4486 transmigro,
3209 4413 3288 4469 di-

99 4537 330 4605 μέλλοντα
353 4540 520 4592 αἰῶνα
552 4537 830 4599 διαϐαίνω,
869 4535 1166 4598 ὲπλάτυνας
1213 4536 1467 4588 ὑποκάτω
1498 4552 1620 4604 μουε

1733 4528 1914 4582 latasti
1945 4526 2135 4580 subtus
2165 4535 2251 4574 me
2281 4536 2296 4571 :
2325 4515 2416 4586 qui
2439 4513 2570 4567 mihi
2609 4511 2676 4566 ab
2697 4509 2854 4566 initio
2886 4507 3104 4580 angusti
3130 4515 3185 4562 et
3206 4521 3289 4561 ar-

96 4631 194 4682 κατ’
238 4631 402 4702 ἀρχὰς
452 4632 562 4702 γὰρ
607 4629 766 4683 στενὰ
802 4629 895 4683 καὶ
945 4629 1174 4682 ἐπίπονα
1222 4627 1516 4696 φαινόμενα
1548 4623 1624 4694 τῷ

95 4724 176 4792 τὴν
229 4725 581 4795 τεθλιμμένην
627 4723 829 4776 ὁδεύειν
858 4720 1004 4776 ὁδόν·
1045 4719 1298 4790 ὑπεράνω
1339 4717 1518 4771 αὐτῶν
1558 4722 1621 4789 τῇ

97 4819 318 4888 προκοπῇ
359 4815 737 4887 γεγενημένος,
791 4812 1152 4867 πλατυνοέντα
1202 4809 1340 4863 αὐτὰ
1396 4809 1622 4864 ἐθεασά-

101 4924 208 4976 μην.
249 4911 306 4962 '0
331 4911 433 4981 γὰρ
474 4909 733 4979 ἀνωτέρω
762 4907 868 4960 τῶν
920 4902 1206 4976 προκοπῶν
1245 4903 1622 4973 γεγενημένος,

99 4996 162 5065 τῷ
185 4999 269 5051 ἐπὶ
297 5002 439 5065 τέλος
463 5001 775 5070 ἐφθακέναι,
809 5000 990 5053 οὐκέτι
1037 4995 1280 5051 αἴσοεται
1317 4995 1414 5065 τῆς
1450 4995 1625 5048 στενό-

99 5104 252 5155 τητος.
295 5092 394 5144 τῶν
430 5093 605 5146 πόνων
639 5095 731 5146 καὶ
759 5093 992 5164 ἱδρώτων
1029 5089 1136 5143 τῶν
1167 5088 1259 5141 ἐπὶ
1287 5090 1402 5150 ταῖς
1429 5105 1626 5158 προκο-

103 5180 225 5242 παῖςν
242 5180 296 5232 ἐν
321 5180 621 5253 εὐρυχωρίᾳ
646 5183 1027 5253 γεγενημένος.
1055 5179 1162 5233 Kal
1191 5179 1299 5231 οὐκ
1326 5176 1626 5244 ἠσθένησε

103 5270 161 5323 τὰ
186 5270 314 5350 fxim
361 5290 492 5340 μου.
555 5273 618 5324 Εἰ
665 5273 924 5344 διηνεκῶς
972 5276 1029 5327 ὲν
1060 5272 1138 5342 τῷ
1171 5272 1348 5324 πονεῖν
1392 5271 1622 5334 ἐτέλουν,

106 5361 191 5416 κᾶν
210 5362 455 5434 ήσῡένησε
480 5363 550 5416 τὰ
582 5364 856 5434 ἴχνη.μου,
891 5365 1134 5418 τουτέστι
1165 5361 1258 5417 τοῦ
1283 5362 1388 5414 ἔσω
1416 5363 1625 5434 ἀνθρω-

107 5470 191 5507 acu
235 5455 300 5508 τὰ
342 5455 529 5526 σκέληο
569 5454 756 5525 ἐπειδὴ
807 5456 944 5526 μετὰ
964 5457 1088 5518 τοὺς
1120 5456 1257 5524 ὑπὲρ
1294 5454 1493 5524 ἀρετῆς
1528 5471 1625 5507 κα-

165 5611 206 5643 ⁷⁵
227 5610 347 5665 Luc.
375 5629 432 5679 li,
461 5611 551 5674 29,
582 5611 673 5666 50.

1729 4620 1822 4673 dui
1853 4617 1953 4672 visi
1985 4620 2130 4676 sunt,
2153 4609 2294 4680 quod
2323 4609 2375 4661 in
2418 4615 2566 4660 arcta
2612 4603 2922 4660 incederem
2946 4603 3066 4669 via;
3103 4598 3195 4654 sed
3233 4599 3286 4652 in

1730 4723 2018 4782 progressu
2047 4702 2294 4773 superior
2332 4700 2440 4754 illis
2477 4697 2726 4762 eﬂ‘ectus,
2752 4697 3008 4752 dilatatos
3041 4693 3288 4747 animad-

1730 4801 1888 4857 verti.
1926 4796 2057 4851 Nam
2081 4794 2171 4863 qui
2196 4792 2344 4846 omni
2383 4791 2627 4862 profectu
2663 4790 2913 4862 superior
2935 4787 3127 4850 evasit,
3151 4793 3205 4838 et
3235 4783 3287 4836 η-

1733 4909 1856 4950 nem
1885 4887 2081 4959 attigit,
2112 4887 2166 4940 in
2203 4886 2315 4939 lato
2343 4886 2521 4956 spatio
2549 4883 2837 4948 deductus,
2871 4877 3173 4950 angustiam
3217 4876 3284 4928 il-

1733 4987 1862 5050 lam,
1899 4982 2132 5041 labores,
2165 4976 2416 5038 sudores,
2456 4993 2593 5047 quos
2625 4977 2680 5030 in
2733 4973 2977 5046 profectu
3032 4974 3286 5038 expertus

1733 5085 1868 5140 erat,
1905 5090 2011 5130 non
2041 5072 2180 5125 ultra
2208 5070 2394 5126 sentit.
2428 5069 2498 5123 Et
2525 5087 2628 5124 non
2675 5079 2796 5124 sunt
2836 5066 3102 5134 inﬁrmata
3131 5063 3286 5116 vesti,

1733 5172 1820 5242 gia
1849 5183 1980 5223 mea.
2007 5164 2120 5220 Etsi
2155 5165 2209 5218 in
2241 5165 2500 5218 diuturno
2538 5162 2721 5216 labore
2765 5163 3030 5216 versatus,
3059 5153 3288 5223 vestigia

1735 5279 1874 5324 mea,
1898 5261 1950 5315 id
1971 5267 2072 5327 est,
2118 5274 2278 5314 crura
2315 5257 2591 5312 interioris
2621 5251 2873 5312 hominis,
2903 5247 3170 5300 inﬁrmata
3199 5260 3288 5301 es-

1735 5367 1886 5424 sent;
1913 5357 2042 5428 quia
2077 5361 2259 5409 tame’n
2307 5353 2521 5407 labores
2547 5348 2760 5404 virtutis
2787 5357 2949 5406 causa
2998 5350 3288 5412 susceptos

1732 5452 1887 5523 quies
1905 5448 2126 5518 excipit,
2174 5462 2283 5502 non
2337 5444 2702 5504 iniirmantur,
2753 5435 2846 5492 sed
2895 5431 3288 5489 conﬁrmantur

170 5770 239 5842 (ll
270 5768 325 5821 In
353 5769 610 5825 Hebraico
653 5767 941 5839 cxcinplari
988 5765 1189 5839 legitur
1263 5773 1378 5824 ."il'l
1419 5769 1627 5842 ητπυνπ,
1659 5761 1801 5832 quod
1830 5768 1911 5817 est
1957 5766 2013 5814 ut
2056 5757 2219 5829 probe
2275 5753 2652 5823 Hieronymus,
2682 5746 2749 5802 Et
2795 5745 3134 5802 mansuetudo
3195 5756 3286 5801 tua

115 5840 436 5897 multiplicauit
469 5857 567 5893 me.
