3966 6344
680 391 786 454 183

1319 393 1589 453 EUSEBH
1627 396 2104 456 CESARIENSIS
2140 398 2289 457 OPP.
2335 399 2512 458 PARS
2577 401 2660 458 Ill.
2692 434 2757 445 -
2802 399 3207 460 EXEGETICA.
3806 399 3884 456 186

678 507 906 579 vestigia
941 522 1082 574 mea,
1114 509 1187 565 ita
1238 516 1299 565 ut
1332 511 1516 568 dicere
1563 514 1729 570 liceat
1763 534 1778 570 :
1816 513 1884 569 Et
1918 516 2156 570 statuisti
2186 518 2240 570 in

2344 519 2545 590 μάτους
2583 520 2870 576 ἀνάπαυλα
2887 521 3207 593 διαδέχεται,
3234 519 3333 574 οὔκ
3358 519 3595 585 ἀσθενεῖ,
3617 519 3745 574 ἀλλ”
3763 522 3887 591 ισχυ-

677 599 792 653 loco
838 601 1063 667 spatioso
1101 600 1254 669 pedes
1301 603 1526 657 meas".
1563 601 1677 660 lmo
1732 620 1861 661 vero
1908 607 2004 677 qui
2054 603 2239 662 Jesum

677 691 944 762 sequitur,
979 693 1223 763 vestigiis
1255 694 1376 764 ejus
1415 693 1621 751 insistit
1653 715 1665 751 :
1695 697 1954 768 quoniam
2012 699 2068 753 in
2099 699 2184 753 via
2209 713 2238 753 a

660 779 800 838 .Jesu
820 783 1038 840 Christo
1060 786 1188 838 tri-ta
1222 791 1278 841 et
1307 786 1646 857 frequentata
1681 791 2046 862 progreditur,
2085 791 2238 847 ﬁrma

673 875 937 946 imprimit
975 876 1222 948 vestigia,
1257 877 1332 931 ita
1365 885 1423 933 ut
1443 881 1523 936 vel
1561 881 1677 954 ipso
1693 897 1856 953 opere
1879 883 1994 937 hate
2028 879 2237 937 vocife-

673 975 822 1023 retur
853 987 868 1023 :
900 967 959 1023 In
991 972 1238 1042 angustia
1261 987 1628 1030 aerumnarum
1679 993 1780 1032 non
1811 962 1934 1031 sunt
1956 976 2238 1046 ‘inﬁrmata

671 1061 886 1130 vestigia
917 1077 1051 1115 utea.

742 1152 906 1209 Vens.
937 1154 1022 1210 58.
1056 1154 1360 1232 Persequar,
1382 1162 1621 1216 inimicos
1651 1178 1792 1216 meos
1818 1170 1868 1216 et
1901 1166 2236 1234 comprehen-

671 1245 794 1300 dam
833 1248 974 1313 illos,
994 1260 1170 1307 etnon
1201 1264 1473 1336 convertar
1491 1253 1651 1307 donec
1688 1251 1956 1323 deﬁciant.
1988 1255 2236 1329 Confrin-

669 1354 789 1408 gam
825 1338 965 1402 illos,
999 1357 1090 1396 nec
1137 1351 1378 1404 poterunt
1425 1353 1589 1409 stare,
1633 1345 1818 1399 cadent
1871 1346 2048 1402 subtus
2081 1350 2235 1419 pedes

671 1445 830 1484 meos.
870 1429 1015 1498 Quot
1056 1442 1399 1506 quantosque
1451 1436 1726 1503 inimicos,
1759 1438 2064 1509 opitulante
2100 1440 2235 1507 Deo,

669 1524 977 1603 superavit!
1013 1521 1078 1576 Et
1109 1523 1211 1580 hoc
1243 1525 1405 1593 mihi,
1451 1527 1653 1608 inquit,
1693 1529 1818 1584 boni
1875 1545 1970 1600 per
2003 1531 2234 1602 gratiam

667 1629 819 1668 tuam
851 1629 1170 1672 concessum
1197 1626 1303 1684 est,
1336 1628 1394 1673 ut
1424 1618 1588 1690 pedes
1615 1621 1719 1676 mei
1756 1636 1867 1676 non
1890 1630 2237 1677 coarctaren-

668 1715 780 1769 tur,
810 1721 983 1777 neque
1011 1709 1220 1765 retibus
1250 1709 1720 1776 inimicorum,vel
1753 1711 2094 1768 oﬂ'endieulis
2117 1729 2237 1783 qure

669 1799 980 1867 objecerant
1008 1802 1382 1873 interciperer.
1410 1803 1508 1859 His
1528 1804 1726 1880 quippe
1755 1805 2009 1861 omnibus
2038 1821 2133 1876 per
2161 1814 2234 1873 te,

2346 615 2640 682 ροποιεῖται
2667 614 2734 668 τὰ
2767 613 2886 686 ἴχνη
2922 629 3046 684 μου,
3071 612 3200 696 ὥστ’
3235 611 3301 667 ἂν
3333 613 3537 664 εἰπεῖν’
3584 612 3697 666 Καὶ
3737 611 3886 679 ἐστη-

2341 717 2459 770 σας
2499 704 2568 757 ἐν
2612 703 2926 775 εὐρυχώρῳ
2983 705 3124 772 τοὺς
3163 703 3351 771 πόδας
3380 721 3518 774 μου.
3565 703 3729 756 Ἀλλὰ
3757 704 3886 758 καὶό

2354 791 2525 864 Ἰησοῦ
2559 794 2817 865 ἑπόμενος
2842 791 3212 848 ,ἐπακολουθεῖ
3240 793 3352 854 τοῖς
3389 790 3589 861 ἴχνεσιν
3622 786 3814 842 αὑτοῦ·
3841 789 3886 853 ἐξ

2341 884 2504 939 αὑτοῦ
2548 883 2641 937 τοῦ
2691 888 2880 939 πατεῖν
2911 887 3008 956 τὴν
3039 882 3400 958 τετριμμένην
3441 879 3545 934 ὑπὸ
3583 875 3761 950 Ἰησοῦ
3793 876 3887 930 ὁδὸν

2342 970 2537 1050 ισχυρὰ
2555 980 2746 1032 κτᾶται
2765 979 2832 1033 τὰ
2854 979 2960 1033 ἴδια
2983 979 3122 1050 ἴχνη,
3138 976 3214 1040 ὡς
3237 975 3384 1048 ἔργῳ
3403 973 3591 1044 φάναι·
3607 974 3733 1028 Οὐκ
3742 971 3891 1040 ἠσθέ-

2338 1083 2492 1137 νησε
2506 1067 2578 1122 τὰ
2594 1067 2733 1140 ἴχνη
2749 1087 2864 1144 μου
2895 1073 2954 1126 ὲν
2981 1073 3046 1142 τῇ
3084 1067 3411 1142 στενοχωρίᾳ
3439 1067 3539 1139 τῆς
3584 1064 3831 1136 θλίψεως.

2408 1161 2758 1227 Καταδιώξω
2800 1163 2941 1231 τοὺς
2987 1162 3240 1235 ἐχθρούς
3265 1178 3384 1232 μου
3415 1159 3513 1214 καὶ
3559 1157 3886 1226 mariue

2333 1270 2441 1324 μαι
2497 1255 2739 1323 αὐτοὺς,
2768 1255 2864 1309 καὶ
2932 1255 3041 1310 οὐκ
3088 1249 3630 1322 ἀποστραφήσομαι
3676 1250 3790 1317 ἓως
3828 1249 3890 1303 ἂν

2335 1347 2716 1402 ἐκλείπωσιν.
2762 1347 3063 1416 Ἐκθλίψω
3097 1346 3320 1413 αὐτοὺς
3357 1344 3458 1400 καὶ
3485 1345 3556 1398 οὐ
3575 1343 3661 1414 μὴ
3691 1342 3890 1397 δύνων-

2337 1456 2428 1493 ται
2453 1434 2688 1508 στῆναι,
2709 1438 3040 1494 πεσοῦνται
3078 1437 3195 1492 ὑπὸ
3228 1437 3369 1504 τοὺς
3398 1435 3588 1504 πόδας
3624 1453 3766 1506 μου.
3799 1435 3889 1489 Καὶ

2336 1529 2476 1582 ὅσων
2514 1528 2723 1600 ἐχθρῶν
2769 1530 2863 1583 καὶ
2913 1528 3185 1600 πολεμίων
3219 1529 3537 1600 περιγέγονε
3575 1527 3666 1582 διὰ
3689 1528 3790 1599 τῆς
3809 1526 3887 1580 τοῦ

2337 1619 2471 1675 Θεοῦ
2505 1619 2790 1693 βοηθείαςί
2818 1621 2929 1675 Καὶ
2960 1618 3120 1672 τοῦτο
3162 1617 3218 1672 δέ
3250 1638 3359 1690 μοι,
3391 1621 3573 1691 φησὶν,
3609 1618 3762 1693 παρὰ
3808 1617 3889 1688 τῆς

2338 1714 2435 1785 σῆς
2471 1712 2695 1785 χάριτος·
2711 1713 2940 1782 ὑπῆρξε,
2968 1712 3028 1766 τὸ
3058 1711 3132 1784 μὴ
3155 1711 3620 1784 στενοχωρηθῆναί
3650 1730 3753 1784 μου
3783 1713 3889 1774 τοὺς

2337 1807 2522 1871 πόδας,
2551 1805 2646 1859 καὶ
2693 1804 2755 1858 τὸ
2808 1805 2880 1875 μὴ
2931 1803 3166 1867 δικτύοις
3215 1805 3321 1858 τῶν
3369 1804 3596 1877 ἐχθρῶν,
3657 1807 3751 1859 καὶ
3797 1807 3892 1866 τοῖς

669 1885 810 1944 Deus
848 1905 1024 1955 meus,
1061 1891 1279 1956 amotis,
1320 1890 1547 1945 liberam
1592 1873 1916 1965 planumque
1947 1895 2079 1949 milii
2109 1911 2233 1950 mu-

2342 1899 2653 1962 σκανδάλοις
2679 1900 2790 1961 τοῖς
2822 1897 2913 1950 ὑπ’
2943 1896 3118 1950 αὐτῶν
3156 1896 3428 1970 προϐεϐλη
3439 1899 3621 1968 μένοις
3676 1915 3890 1968 περιπα-

669 1979 818 2034 niisti
852 1981 1015 2035 viam.
1039 1979 1174 2035 illud
1195 1989 1398 2046 autem,
1428 1978 1629 2038 Cadent
1658 1983 1841 2041 subtus
1877 1985 2028 2056 pedes
2069 2003 2229 2054 meos,

669 2086 910 2129 consona
939 2072 1258 2145 prophetico
1297 2076 1512 2145 spiritui
1566 2077 2014 2148 interpretatione
2058 2079 2234 2134 dona-

671 2165 779 2229 bis,
815 2164 860 2220 si
889 2167 1202 2223 memineris
1227 2168 1372 2224 illam
1407 2169 1707 2227 Salvatoris
1742 2172 1808 2227 ad
1840 2173 2118 2246 apostolos
2153 2172 2236 2226 fa-

673 2264 816 2310 ctam
857 2258 1294 2327 promissionem,
1327 2276 1434 2332 qua
1478 2262 1613 2316 dicit
1644 2262 1754 2317 illis
1787 2279 1800 2315 :
1840 2261 1972 2316 Ecce
1996 2262 2064 2317 do
2093 2261 2237 2318 vobis

667 2355 979 2417 potestatem
1014 2349 1257 2404 calcandi
1282 2367 1444 2421 supra
1479 2366 1737 2422 serpentes
1766 2361 1816 2407 et
1841 2344 2162 2423 scorpiones,
2187 2361 2234 2408 et

669 2459 823 2510 super
847 2460 1048 2499 omnem
1077 2448 1318 2498 virtutem
1342 2445 1542 2498 inimici
1574 2445 1646 2500 ⁷⁷.

2339 1984 2514 2057 ρῆναι.
2551 1983 2734 2039 Ταῦτα
2765 1983 2871 2056 γὰρ
2905 1983 3081 2037 πάντα
3120 1977 3384 2056 περιελὼν
3435 1988 3498 2040 σὺ
3527 1987 3689 2050 αὐτὸς
3719 1989 3748 2040 ὁ
3777 1987 3889 2049 Θεός

2338 2094 2458 2148 μου,
2492 2076 2700 2150 ὁμαλὴν
2749 2078 3061 2150 κατηρτίσω
3113 2095 3212 2150 μου
3275 2080 3376 2150 τὴν
3420 2078 3673 2149 πορείαν.
3711 2079 3783 2133 Τὸ
3824 2079 3888 2140 δὲ,

2335 2168 2822 2223 Πεσοῦνταινύπύ
2853 2168 2992 2235 τοὺς
3023 2170 3213 2236 πόδας
3243 2187 3383 2240 μου,
3421 2171 3634 2240 νοήσεις
3677 2169 3894 2238 ἐπαξίως

2337 2259 2429 2313 τοῦ
2482 2260 2816 2331 προφητικοῦ
2865 2248 3194 2332 πνεύματος,
3223 2260 3322 2332 τῆς
3353 2259 3446 2314 τοῦ
3476 2261 3726 2333 Σωτῆρος
3775 2261 3892 2332 πρὸς

2339 2351 2463 2416 τοὺς
2511 2351 2842 2416 ἀποστόλους,-
2887 2351 3216 2422 ὲπαγγε).ίας
3279 2349 3538 2425 μνησθεὶς
3569 2354 3637 2406 δι’
3673 2350 3737 2426 ἦς
3774 2351 3891 2424 πρὸς

2341 2443 2536 2507 αὐτοὺς
2567 2442 2750 2511 ἔλεγεν
2766 2458 2781 2472 ·
2817 2441 2968 2497 Ἰδοὺ
2991 2442 3197 2514 δίδωμι
3221 2443 3363 2514 ὑμῖν
3385 2443 3678 2509 ἐξουσίαν
3705 2442 3892 2498 πατεῖν

667 2533 866 2589 ἐπάνω
910 2535 1101 2604 ὄφεων
1140 2536 1236 2591 καὶ
1281 2538 1604 2606 σκειοπίων,
1636 2539 1732 2593 καὶ
1763 2539 1862 2591 ἐπὶ
1894 2538 2100 2594 πᾶσαν
2130 2537 2388 2606 δύναμιν
2421 2534 2528 2590 τοῦ
2559 2536 2798 2606 ἐχθροῦ.

739 2627 905 2685 Vsns.
931 2630 1020 2685 40.
1043 2629 1112 2684 Et
1132 2632 1460 2700 prazcinaisti
1483 2649 1562 2688 me
1592 2634 1782 2688 virtute
1802 2634 1870 2688 ad
1893 2633 2106 2699 bellum,
2138 2635 2239 2688 im-

670 2721 909 2790 pedivisti
942 2740 1116 2778 omnes
1150 2727 1477 2797 insurgentes
1524 2728 1579 2781 in
1626 2743 1728 2790 me,
1784 2725 1965 2781 subtus
2023 2742 2122 2778 me.
2153 2724 2237 2780 Me

671 2815 914 2884 quidem,
966 2817 1063 2880 ait,
1096 2816 1299 2872 virtute
1339 2831 1403 2871 ac
1444 2816 1763 2873 fortitudine
1803 2817 2096 2872 roborasti.
2134 2815 2238 2882 Qui

674 2907 926 2978 superius
950 2907 1184 2971 dixerat,
1220 2906 1361 2963 Deus
1394 2912 1484 2964 aui
1507 2909 1775 2977 prrecingit
1812 2923 1890 2960 me
1919 2907 2126 2966 virtute,
2152 2907 2240 2961 hic

677 3000 986 3054 absolutum
1019 3013 1156 3069 opus
1198 3013 1321 3054 esse
1357 2998 1564 3052 indicat
1595 2998 1679 3053 his
1708 2997 1909 3062 verbis,
1932 3005 1981 3050 et
2026 2997 2243 3066 ρναιεὶη-

675 3091 807 3145 tristi
840 3105 923 3158 me
948 3090 1138 3143 uirtute
1166 3089 1234 3143 ad
1279 3089 1493 3162 bellum,
1525 3097 1572 3144 et
1614 3088 1856 3142 inimicos
1886 3105 2024 3143 meos
2050 3088 2242 3144 dedisti
2267 3114 2309 3172 ο

676 3184 804 3240 mihi
833 3182 1119 3248 dorsum,ii
1145 3184 1349 3239 scilicet
1374 3184 1689 3255 poenitentia
1721 3183 1869 3238 ducti
1899 3182 2240 3238 inimicitiam

676 3277 1094 3347 deposuerunt;
1121 3272 1214 3345 qui
1240 3289 1362 3328 eum
1399 3275 1514 3336 illa,
1547 3289 1669 3345 qua:
1705 3289 1769 3329 ex
1800 3273 2003 3330 virtute
2040 3274 2237 3338 oritur,

680 3369 875 3425 ﬁducia
900 3378 1150 3440 expertes
1173 3380 1376 3433 essent,
1403 3385 1432 3422 a
1465 3367 1626 3422 Patre
1654 3368 1709 3422 in
1744 3368 1967 3424 dorsum
1989 3366 2119 3423 Jesu
2143 3383 2242 3438 po-

678 3461 770 3516 siti
820 3471 980 3526 sunt;
1009 3463 1089 3517 sic
1147 3463 1292 3517 enim
1323 3470 1471 3515 retro
1520 3461 1825 3524 constituti,
1853 3461 2031 3530 ipsum
2085 3457 2240 3529 sequi

675 3555 956 3609 valebunt.
1009 3553 1284 3610 Fortassis
1339 3563 1522 3607 autem
1577 3555 1690 3606 inec
1737 3553 1867 3606 dicti
1925 3539 2241 3624 huiusmodi

677 3645 946 3713 sententia
1001 3644 1161 3698 fuerit
1188 3663 1200 3698 :
1231 3643 1328 3698 Vir
1354 3651 1612 3703 strenuus
1633 3652 1686 3700 et
1721 3647 1942 3716 probus,
1973 3648 2066 3717 qui
2099 3645 2238 3701 (id-

677 3736 762 3790 cia
793 3752 920 3806 erga
960 3735 1127 3791 Deum
1154 3738 1452 3792 instructus
1475 3747 1576 3802 est,
1613 3737 1668 3792 in
1697 3749 1989 3808 conspectu
2026 3739 2239 3794 Domini

681 3827 930 3883 consistit
961 3847 973 3882 :
1011 3834 1064 3881 at
1087 3828 1368 3899 improbus
1404 3836 1708 3884 retrorsum
1735 3831 1953 3884 malitize
1979 3846 2088 3885 suae
2109 3845 2241 3884 cau-

683 3936 742 3975 sa
770 3920 996 3989 ejectus,
1025 3935 1165 3990 pone
1210 3919 1494 3976 Dominum
1525 3937 1554 3975 a
1587 3923 1750 3977 dorso
1781 3931 2030 3992 ponetur.
2058 3922 2241 3988 Quan-

684 4011 972 4080 doquie‘em
998 4011 1140 4064 enim
1165 4011 1269 4068 insi
1298 4014 1551 4084 improbi,
1583 4016 1790 4084 priores
1824 4013 1901 4068 illi
1936 4021 2088 4091 terga
2118 4029 2256 4067 vera

686 4105 820 4163 tere,
873 4114 982 4153 non
1031 4100 1240 4154 vultum
1289 4116 1479 4170 suum;
1550 4103 1665 4173 ipse
1717 4119 1934 4175 quoque
1993 4101 2241 4157 homines

687 4199 990 4253 aversatus,
1017 4205 1048 4244 a
1076 4191 1488 4262 tergohabebit.
1517 4193 1668 4259 Quod
1702 4195 1750 4248 si
1786 4194 1972 4265 justus
2013 4193 2241 4263 quilibet

687 4282 801 4338 haec
820 4283 1082 4354 proferat,
1126 4283 1250 4354 ju-re
1298 4282 1470 4349 dicas,
1521 4284 1795 4354 improbas
1842 4292 2160 4356 potestates,
2195 4282 2242 4336 si

686 4373 899 4443 quidem
926 4374 976 4427 in
1010 4383 1360 4444 conspectum
1393 4373 1634 4439 veniant,
1663 4375 1936 4427 intuentes
1967 4389 2025 4428 se
2049 4373 2119 4426 ob
2143 4371 2238 4426 de-

2415 2631 2526 2686 Kal
2554 2628 2908 2700 περιέζωσάς
2932 2646 3009 2699 με
3037 2629 3293 2702 δύναμιν
3317 2634 3406 2700 εἷς
3433 2634 3720 2703 πόλεμον,
3769 2648 3894 2686 συν-

2340 2723 2625 2790 επόδισας
2675 2722 2905 2788 πάντας
2953 2724 3085 2792 τοὺς
3131 2724 3642 2794 ἐπανισταμένους
3677 2724 3766 2779 ἐπ’
3804 2721 3894 2794 ἐμὲ

2341 2814 2614 2870 ὑποκάτω
2641 2835 2774 2886 μου.
2831 2817 2982 2888 Ἐμοὶ
3017 2817 3134 2889 μὲν,
3169 2819 3352 2888 φησιν,
3383 2817 3632 2890 ἀνδρείαν
3659 2817 3894 2889 ἐδωρήσω

2342 2906 2437 2962 καὶ
2488 2905 2694 2980 ῥώμην.
2735 2908 2914 2964 Εἰπὼν
2948 2911 3233 2982 ἀνωτέρω·
3271 2909 3516 2977 Ὀ’Θεὸς
3558 2912 3591 2963 ό
3651 2906 3893 2978 περιζων-

2343 3000 2503 3054 νύων
2525 3017 2603 3070 με
2629 3000 2904 3070 δύναμιν,
2938 3001 3168 3055 ἐνταῦθα
3196 3001 3290 3055 καὶ
3322 3001 3411 3054 τοῦ
3440 3001 3600 3071 ἔργον
3629 3001 3690 3054 τὸ
3717 2998 3895 3053 ἀποτέ-

2343 3088 2516 3160 λεσμα
2543 3086 2781 3142 διδάσκει
2808 3089 2979 3158 λέγων
2998 3106 3010 3118 ⁶
3040 3093 3149 3145 Καὶ
3183 3086 3532 3159 περιέζωσάς
3556 3105 3633 3157 με
3663 3088 3894 3152 δύναμιν

2339 3184 2426 3246 εὶς
2453 3180 2744 3248 πόλεμον·
2793 3180 2890 3233 καί
2934 3181 3074 3246 τοὺς
3099 3182 3348 3250 ἐχθρούς
3387 3199 3505 3249 μου
3542 3179 3766 3246 ἔδωκάς
3804 3196 3892 3250 μοι

2339 3268 2557 3323 νῶτον·
2583 3269 2638 3321 οἱ
2667 3270 2731 3323 ἐκ
2763 3272 3051 3342 μετανοίας
3072 3271 3195 3344 ἄρτι
3230 3271 3328 3342 τῆς
3362 3271 3557 3344 ἔχθρας
3581 3272 3892 3327 ἀπαλλαττόο

2345 3378 2514 3431 μενοι,
2541 3360 2628 3414 διὰ
2660 3360 2718 3414 τὸ
2753 3362 2977 3434 μηδέπω
2995 3364 3094 3435 τὴν
3113 3364 3200 3417 ἐπ’
3219 3365 3386 3436 ἀρετῇ
3413 3365 3725 3437 παρρησίαν
3743 3365 3890 3436 ἔχειν,

2340 3449 2547 3502 τεθεῖεν
2582 3449 2674 3504 τοῦ
2712 3451 2885 3523 Ἰησοῦ
2912 3450 3079 3514 νῶτος
3107 3452 3210 3506 ὑπὸ
3231 3453 3324 3506 τοῦ
3353 3454 3597 3524 Πατρός·
3633 3454 3769 3508 οὕτω
3799 3455 3892 3524 γὰρ

2342 3543 2434 3596 καὶ
2476 3542 2834 3614 ἀκολουθῆσαι
2866 3543 3013 3614 αὑτῷ
3056 3543 3230 3598 ὀπίσω
3265 3545 3542 3617 γενόμενοι
3576 3545 3888 3617 δυνήσονται.

2342 3634 2492 3704 Τάχα
2521 3635 2578 3690 δὲ
2612 3636 2705 3688 καὶ
2732 3636 2889 3688 τοῦτο
2921 3635 3108 3708 ῥηθείη
3130 3653 3142 3666 ’
3190 3637 3248 3690 '0
3276 3637 3580 3702 σπουδαῖος,
3601 3639 3891 3711 παρρησίαν

2341 3727 2473 3798 πρὸς
2500 3727 2588 3781 τὸν
2616 3727 2754 3780 Θεὸν
2788 3726 3138 3797 κεκτημένος,
3167 3725 3393 3780 ἐνώπιον
3419 3729 3624 3800 Κυρίου
3654 3730 3893 3801 παρίστα-

2339 3834 2458 3870 ται·
2487 3821 2515 3871 ὁ
2555 3818 2611 3871 δὲ
2658 3818 2879 3885 φαῦλος,
2907 3817 3080 3870 ὀπίσω
3109 3817 3500 3888 ἐκϐαλλόμενος
3543 3816 3635 3872 διὰ
3657 3818 3752 3891 τὴν
3775 3819 3891 3872 ἰδίαν

2341 3912 2560 3974 κακίαν,
2587 3909 2755 3973 νῶτος
2782 3909 3069 3980 τεθήσεται
3094 3909 3188 3962 τοῦ
3210 3910 3434 3982 Κυρίου.
3472 3912 3624 3967 Ἐπεὶ
3655 3915 3759 3986 γὰρ
3777 3911 3891 3986 πρό-

2341 4016 2486 4070 τεροι
2517 4000 2668 4057 αὐτοὶ
2688 4001 2736 4052 οἱ
2764 3999 2954 4070 φαῦλοι
2982 3999 3246 4072 ἔστρεψαν
3278 4002 3412 4072 πρὸς
3445 4004 3607 4059 αὑτὸν
3629 4006 3787 4069 νῶτα,
3812 4007 3890 4060 καὶ

2342 4077 2754 4161 οὐχὶπρόσωπα
2778 4091 2977 4154 αὐτῶν,
3000 4094 3092 4145 καὶ
3109 4092 3289 4159 αὐτὸς,
3308 4095 3678 4169 ἀποστραφεὶς
3696 4098 3888 4160 αὐτοὺς,

2342 4182 2508 4246 νῶτος
2542 4183 2738 4246 αὐτοὺς
2785 4183 2870 4255 (1)
2923 4182 3052 4249 ἕξει.
3095 4183 3158 4237 El
3185 4183 3240 4236 δὲ
3270 4185 3362 4240 καὶ
3385 4190 3489 4251 πᾶς
3509 4188 3715 4253 δίκαιος
3740 4188 3889 4242 ταῦτα

2343 4273 2512 4342 λέγοι,
2551 4277 2712 4347 ἐρεῖς,
2750 4277 2833 4330 ὅτι·
2875 4277 2930 4329 αἱ
2991 4274 3261 4348 μοχθηραὶ
3302 4279 3582 4351 δυνάμεις,
3632 4284 3712 4346 είς
3740 4281 3886 4352 πρόσ-

2343 4366 2815 4437 ωπονὲρχόμεναι,
2853 4366 3141 4436 βλάπτουσι
3173 4371 3297 4434 τοὺς
3327 4371 3678 4443 ὁρῶνταςδιὰ
3716 4371 3888 4432 παντὸς

687 4465 1014 4519 formitatem
1045 4462 1257 4522 laedere,
1289 4466 1373 4518 sin
1422 4479 1450 4517 a
1479 4472 1631 4534 tergo
1682 4464 2068 4536 proiiciantur,
2102 4462 2235 4516 nihil

2342 4456 2489 4521 ὄντες
2531 4458 2786 4529 εἰδεχθεῖς
2807 4475 2819 4488 °
2851 4461 2930 4522 εἰς
2961 4458 3128 4514 νῶτον
3175 4461 3232 4515 δὲ
3279 4463 3543 4533 ῥιφέντες,
3575 4466 3723 4519 οὐδὲν
3753 4464 3887 4532 δυνή-

690 4560 917 4623 possunt
940 4552 1068 4604 mali
1100 4551 1362 4608 adversus
1411 4555 1533 4607 illos
1581 4553 1904 4615 machinari,
1947 4552 2241 4607 secundum

2348 4567 2527 4603 σονται
2558 4552 2650 4603 ἐπὶ
2691 4550 2878 4604 τούτου
2912 4554 3304 4618 τεκταίνεσθαι,
3343 4554 3483 4607 κατὰ
3513 4557 3601 4608 τό·
3645 4557 3764 4609 Ἐπί
3796 4552 3886 4607 τοῦ

689 4644 820 4698 Illud
865 4661 878 4698 :
926 4641 1099 4712 Supra
1155 4643 1371 4698 dorsum
1421 4661 1588 4697 meum
1645 4645 2033 4712 fabricaverunt
2067 4659 2249 4713 pecca—

690 4747 823 4791 tores
853 4739 918 4788 ⁷⁸.

757 4826 927 4884 Vens.
986 4808 1184 4884 47449.
1252 4829 1385 4883 Vivit
1479 4828 1756 4887 Dominus.
1831 4837 1880 4882 et
1955 4825 2256 4889 benedictus

697 4918 832 4973 Deus
863 4935 1025 4984 meus,
1077 4932 1125 4974 et
1173 4921 1436 4974 cxalletur
1487 4918 1624 4971 Deus
1677 4917 1862 4970 salutis
1909 4933 2055 4970 meat.
2101 4913 2242 4969 Deus

694 5010 780 5079 qui
822 5008 919 5063 das
954 5012 1211 5066 rindictas
1253 5012 1405 5074 mihi,
1437 5021 1486 5066 et
1526 5008 1705 5064 subdis
1751 5020 1968 5077 populos
2001 5007 2106 5062 sub
2138 5022 2240 5068 me,

695 5101 947 5154 liberator
979 5117 1120 5154 mens
1156 5104 1218 5155 de
1248 5103 1470 5156 inimicis
1502 5102 1627 5155 meis
1660 5100 1948 5152 iracundis.
1983 5098 2245 5165 Quamvis

697 5191 842 5244 enim
903 5206 1022 5246 sese
1065 5192 1431 5247 humiliaverit
1467 5208 1603 5248 cum
1654 5191 1932 5245 inclinavit
1984 5191 2154 5245 oculos
2191 5197 2245 5241 et

698 5285 1005 5353 descendit;
1040 5296 1094 5341 at
1131 5287 1377 5342 excelsus
1407 5295 1586 5340 tamen
1618 5295 1698 5340 est
1733 5275 2028 5338 secundum
2075 5283 2243 5336 illud:

701 5375 841 5432 Deus
885 5379 1136 5433 exultavit
1185 5380 1356 5442 illum,
1387 5387 1435 5431 et
1477 5378 1616 5430 dedit
1658 5377 1740 5429 illi
1782 5391 1965 5428 nomen
1992 5373 2128 5445 quod
2171 5382 2250 5427 est

702 5483 853 5538 super
890 5486 1037 5524 omne
1073 5472 1337 5526 nomen".
1399 5468 1538 5523 Deus
1570 5470 1657 5539 qui
1692 5459 1788 5521 das
1833 5465 2089 5520 vindictas
2122 5465 2248 5519 mihi

701 5568 750 5615 et
790 5561 972 5617 subdis
1000 5564 1217 5633 populos
1257 5565 1350 5619 sub
1392 5579 1494 5627 me,
1533 5560 1783 5615 liberator
1812 5576 1954 5614 meus
1983 5559 2044 5613 de
2076 5558 2254 5612 inimi-

2347 4639 2534 4693 νώτου
2554 4657 2669 4709 μου
2703 4637 3044 4694 ἐτέλιταινον
3070 4643 3124 4695 οἱ
3163 4642 3517 4711 ἁμαρτωλοί.

2420 4824 2504 4893 Ζῇ
2562 4824 2792 4891 Κύριος,
2845 4824 2941 4876 καὶ
2991 4819 3316 4897 εὐλογητὸς
3367 4824 3398 4874 ό
3446 4823 3590 4886 Θεός
3627 4837 3759 4890 μου,
3804 4818 3882 4871 καί

2351 4914 2639 4982 fry-(omitto
2675 4914 2707 4966 ό
2753 4913 2909 4979 Θεὸς,
2943 4913 3053 4981 τῆς
3103 4911 3398 4978 σωτηρίας
3430 4928 3570 4981 μου.
3618 4911 3678 4964 '0
3711 4908 3834 4972 Θεὸς
3859 4913 3884 4960 d

2350 5007 2551 5072 διδοὺς
2575 5005 2912 5072 ἐκδικήσεις
2953 5005 3103 5074 ἐμοὶ,
3145 5002 3244 5056 καὶ
3269 5004 3574 5069 ὑποτάξας
3603 5002 3781 5068 λαοὺς
3801 5000 3883 5055 ὑπ’

2349 5099 2473 5168 ἐμὲ,
2511 5102 2543 5153 ό
2566 5098 2796 5165 ρὐτης
2836 5116 2954 5167 μου
3002 5095 3070 5160 ἐξ
3118 5094 3344 5164 ἐχθρῶν
3394 5096 3665 5163 ὀργίλων.
3697 5095 3752 5147 ΕΞ
3794 5091 3885 5166 γὰρ

2348 5193 2440 5245 καὶ
2486 5189 2844 5244 ἐταπείνωσεν
2879 5189 3088 5250 ἑαυτὸν,
3131 5188 3313 5251 κλίνας
3351 5185 3611 5257 οὐρανοὺς
3639 5186 3724 5238 καὶ
3742 5200 3881 5237 uasa-

2347 5283 2464 5344 ϐὰς,
2501 5280 2610 5333 ἀλλ’
2639 5281 2838 5350 ὑψηλός
2859 5283 2993 5340 ἐστι,
3020 5280 3160 5333 κατὰ
3186 5280 3265 5331 ’δύ’
3285 5281 3336 5332 '0
3363 5279 3503 5346 Θεὸς
3520 5278 3717 5332 »αὐτὸν
3736 5280 3882 5340 ὑπερ-

2358 5376 2603 5442 ύψωσεν
2653 5374 2747 5426 καὶ
2773 5372 3096 5441 ’ἐχαρίσατο
3128 5371 3284 5437 αὐτῷ
3317 5373 3498 5440 ὄνομα
3529 5371 3594 5424 τὸ
3624 5368 3763 5436 ὐπέῬ
3781 5362 3884 5418 πᾶν

2354 5465 2558 5534 ὄνομα.
2597 5465 2656 5517 '0
2713 5465 2861 5528 Θεὸς·
2908 5465 2940 5516 ὁ
2993 5463 3192 5530 διδοὺς
3231 5463 3570 5534 ἐκδικήσεις
3617 5462 3757 5534 ἐμοὶ,
3799 5454 3879 5508 πίει

2356 5555 2715 5610 ὑποτάσσων
2744 5555 2931 5622 λαοὺς
2961 5555 3061 5611 ὑπ’
3087 5555 3208 5627 ἐμὲ,
3257 5560 3289 5610 ό
3314 5558 3545 5625 ρύστης
3582 5571 3698 5626 μου
3719 5547 3780 5617 ἐξ
3800 5546 3880 5619 ἐκ*

705 5700 780 5748 .·¹⁶
815 5701 958 5758 Psal.
990 5720 1118 5768 xxx,
1187 5703 1239 5760 9.
1314 5705 1358 5735 ⁷⁷
1381 5703 1514 5760 Luc.
1559 5719 1611 5769 χ,
1647 5703 1728 5757 i9.
1808 5702 1850 5732 ⁷⁸
1874 5699 2014 5754 Psal.
2055 5714 2234 5755 cxxvu

2342 5737 2358 5756 .
2435 5695 2731 5768 “Philipp.
2781 5711 2843 5760 ιι,
2875 5695 2928 5748 9.

703 5832 707 5836 ·
772 5819 850 5892 (ι)
873 5823 1134 5888 Νῶτος...
1156 5818 1294 5883 ἕξει.
1318 5820 1476 5877 Forte
1501 5818 1786 5891 legendum
1811 5816 1974 5874 νῶτον
2009 5834 2103 5888 pro
2135 5816 2241 5870 νῶτ

2366 5813 2520 5878 Enn.
