  <div class='ocr_page' id='page_1' title='image "/cluster/home/n/w/nwhite01/storage/ocr_20150623/23/pst.000005712076/100.png"; bbox 0 0 3966 6344; ppageno 0'>
   <div class='ocr_carea' id='block_1_1' title="bbox 75 416 3289 493">
    <p class='ocr_par' dir='ltr' id='par_1_1' title="bbox 75 416 3289 493">
     <span class='ocr_line' id='line_1_1' title="bbox 75 416 3289 493; baseline -0.005 -2"><span class='ocrx_word' id='word_1_1' title='bbox 75 436 164 493; x_wconf 79' lang='lat' dir='ltr'><strong>I85</strong></span> <span class='ocrx_word' id='word_1_2' title='bbox 1185 420 1685 483; x_wconf 73' lang='lat' dir='ltr'><strong>COMMENTARIA</strong></span> <span class='ocrx_word' id='word_1_3' title='bbox 1715 420 1785 479; x_wconf 80' lang='lat' dir='ltr'><strong>IN</strong></span> <span class='ocrx_word' id='word_1_4' title='bbox 1822 418 2163 479; x_wconf 68' lang='grc' dir='ltr'>Ρεειιιοε.</span> <span class='ocrx_word' id='word_1_5' title='bbox 3189 416 3289 476; x_wconf 70' lang='grc'><strong>186</strong></span> 
     </span>
    </p>
   </div>
   <div class='ocr_carea' id='block_1_2' title="bbox 69 534 1607 622">
    <p class='ocr_par' dir='ltr' id='par_1_2' title="bbox 69 546 1607 622">
     <span class='ocr_line' id='line_1_2' title="bbox 69 546 1607 622; baseline -0.003 -18"><span class='ocrx_word' id='word_1_6' title='bbox 69 546 210 622; x_wconf 81' lang='grc' dir='ltr'><strong>θρῶν</strong></span> <span class='ocrx_word' id='word_1_7' title='bbox 228 569 343 621; x_wconf 79' lang='grc' dir='ltr'>μου</span> <span class='ocrx_word' id='word_1_8' title='bbox 388 551 661 621; x_wconf 74' lang='grc' dir='ltr'>ὀργίλων,</span> <span class='ocrx_word' id='word_1_9' title='bbox 705 550 823 605; x_wconf 78' lang='grc' dir='ltr'><strong>ἀπὸ</strong></span> <span class='ocrx_word' id='word_1_10' title='bbox 856 550 971 604; x_wconf 88' lang='grc' dir='ltr'>τῶν</span> <span class='ocrx_word' id='word_1_11' title='bbox 1002 546 1491 619; x_wconf 72' lang='grc' dir='ltr'><strong>ἐπανισταμένων</strong></span> <span class='ocrx_word' id='word_1_12' title='bbox 1532 547 1607 601; x_wconf 78' lang='grc' dir='ltr'>ἐπ</span> 
     </span>
    </p>
   </div>
   <div class='ocr_carea' id='block_1_3' title="bbox 1704 534 3349 622">
    <p class='ocr_par' dir='ltr' id='par_1_3' title="bbox 1725 534 3349 609">
     <span class='ocr_line' id='line_1_3' title="bbox 1725 534 3349 609; baseline 0.003 -18"><span class='ocrx_word' id='word_1_13' title='bbox 1725 542 1801 597; x_wconf 82' lang='lat' dir='ltr'><strong><em>eis</em></strong></span> <span class='ocrx_word' id='word_1_14' title='bbox 1829 540 1957 596; x_wconf 85' lang='lat' dir='ltr'><strong>meis</strong></span> <span class='ocrx_word' id='word_1_15' title='bbox 1987 537 2279 594; x_wconf 72' lang='lat' dir='ltr'><strong>iracundis.</strong></span> <span class='ocrx_word' id='word_1_16' title='bbox 2313 536 2390 591; x_wconf 77' lang='lat' dir='ltr'><strong>Ab</strong></span> <span class='ocrx_word' id='word_1_17' title='bbox 2418 534 2805 609; x_wconf 72' lang='lat' dir='ltr'><strong>insurgentibus</strong></span> <span class='ocrx_word' id='word_1_18' title='bbox 2841 537 2895 591; x_wconf 89' lang='lat' dir='ltr'><strong><em>in</em></strong></span> <span class='ocrx_word' id='word_1_19' title='bbox 2919 552 2999 591; x_wconf 88' lang='lat' dir='ltr'><strong>me</strong></span> <span class='ocrx_word' id='word_1_20' title='bbox 3025 536 3291 595; x_wconf 73' lang='lat' dir='ltr'><strong>exaltabis</strong></span> <span class='ocrx_word' id='word_1_21' title='bbox 3346 544 3349 547; x_wconf 85' lang='grc'><em>’</em></span> 
     </span>
    </p>
   </div>
   <div class='ocr_carea' id='block_1_4' title="bbox 68 628 1607 711">
    <p class='ocr_par' dir='ltr' id='par_1_4' title="bbox 68 637 1605 711">
     <span class='ocr_line' id='line_1_4' title="bbox 68 637 1605 711; baseline -0.003 -17"><span class='ocrx_word' id='word_1_22' title='bbox 68 640 161 710; x_wconf 76' lang='grc' dir='ltr'><strong>ἐμὲ</strong></span> <span class='ocrx_word' id='word_1_23' title='bbox 185 639 445 710; x_wconf 70' lang='grc' dir='ltr'>ὑψώσεις</span> <span class='ocrx_word' id='word_1_24' title='bbox 463 659 561 711; x_wconf 85' lang='grc' dir='ltr'><strong>με,</strong></span> <span class='ocrx_word' id='word_1_25' title='bbox 588 641 685 695; x_wconf 76' lang='grc' dir='ltr'><strong>καί</strong></span> <span class='ocrx_word' id='word_1_26' title='bbox 711 641 828 696; x_wconf 80' lang='grc' dir='ltr'><strong>ἀπὸ</strong></span> <span class='ocrx_word' id='word_1_27' title='bbox 853 639 1071 709; x_wconf 79' lang='grc' dir='ltr'><strong>ἀνδρὸς</strong></span> <span class='ocrx_word' id='word_1_28' title='bbox 1090 637 1299 694; x_wconf 77' lang='grc' dir='ltr'>ἀδίκου</span> <span class='ocrx_word' id='word_1_29' title='bbox 1316 637 1505 706; x_wconf 77' lang='grc' dir='ltr'>ῥῦσαί</span> <span class='ocrx_word' id='word_1_30' title='bbox 1528 654 1605 706; x_wconf 79' lang='grc' dir='ltr'><strong>με</strong></span> 
     </span>
    </p>
   </div>
   <div class='ocr_carea' id='block_1_5' title="bbox 1704 628 3290 711">
    <p class='ocr_par' dir='ltr' id='par_1_5' title="bbox 1730 628 3290 703">
     <span class='ocr_line' id='line_1_5' title="bbox 1730 628 3290 703; baseline -0.003 -14"><span class='ocrx_word' id='word_1_31' title='bbox 1730 648 1845 689; x_wconf 86' lang='lat' dir='ltr'><strong>me:</strong></span> <span class='ocrx_word' id='word_1_32' title='bbox 1873 650 1907 686; x_wconf 89' lang='lat' dir='ltr'><strong>a</strong></span> <span class='ocrx_word' id='word_1_33' title='bbox 1932 633 2044 687; x_wconf 78' lang='lat' dir='ltr'><strong>viro</strong></span> <span class='ocrx_word' id='word_1_34' title='bbox 2078 632 2258 703; x_wconf 85' lang='lat' dir='ltr'><strong>iniquo</strong></span> <span class='ocrx_word' id='word_1_35' title='bbox 2286 630 2427 699; x_wconf 80' lang='lat' dir='ltr'><strong><em>eripe</em></strong></span> <span class='ocrx_word' id='word_1_36' title='bbox 2454 644 2553 685; x_wconf 87' lang='lat' dir='ltr'><strong>me.</strong></span> <span class='ocrx_word' id='word_1_37' title='bbox 2604 628 2992 699; x_wconf 87' lang='lat' dir='ltr'><strong>Inobsequenti</strong></span> <span class='ocrx_word' id='word_1_38' title='bbox 3021 643 3087 685; x_wconf 85' lang='lat' dir='ltr'><strong>ac</strong></span> <span class='ocrx_word' id='word_1_39' title='bbox 3121 645 3290 701; x_wconf 83' lang='lat' dir='ltr'><strong>repu-</strong></span> 
     </span>
    </p>
   </div>
   <div class='ocr_carea' id='block_1_6' title="bbox 71 720 1607 805">
    <p class='ocr_par' dir='ltr' id='par_1_6' title="bbox 71 730 1607 805">
     <span class='ocr_line' id='line_1_6' title="bbox 71 730 1607 805; baseline -0.001 -20"><span class='ocrx_word' id='word_1_40' title='bbox 71 734 149 802; x_wconf 81' lang='grc' dir='ltr'>Τῴ</span> <span class='ocrx_word' id='word_1_41' title='bbox 177 734 270 803; x_wconf 76' lang='grc' dir='ltr'>μὲν</span> <span class='ocrx_word' id='word_1_42' title='bbox 295 733 403 805; x_wconf 75' lang='grc' dir='ltr'><strong>γὰρ</strong></span> <span class='ocrx_word' id='word_1_43' title='bbox 436 733 745 787; x_wconf 74' lang='grc' dir='ltr'><strong>ἀπειθοῦντι</strong></span> <span class='ocrx_word' id='word_1_44' title='bbox 783 733 896 803; x_wconf 86' lang='grc' dir='ltr'>λαῷ</span> <span class='ocrx_word' id='word_1_45' title='bbox 926 732 1018 785; x_wconf 69' lang='grc' dir='ltr'><strong>καὶ</strong></span> <span class='ocrx_word' id='word_1_46' title='bbox 1051 730 1378 799; x_wconf 80' lang='grc' dir='ltr'>ἁντιλέγοντι</span> <span class='ocrx_word' id='word_1_47' title='bbox 1412 730 1607 797; x_wconf 69' lang='grc' dir='ltr'>ἑπάξειε</span> 
     </span>
    </p>
   </div>
   <div class='ocr_carea' id='block_1_7' title="bbox 1704 720 3289 805">
    <p class='ocr_par' dir='ltr' id='par_1_7' title="bbox 1730 720 3289 797">
     <span class='ocr_line' id='line_1_7' title="bbox 1730 720 3289 797; baseline -0.001 -18"><span class='ocrx_word' id='word_1_48' title='bbox 1730 724 1918 797; x_wconf 85' lang='lat' dir='ltr'><strong>gnanti</strong></span> <span class='ocrx_word' id='word_1_49' title='bbox 1953 723 2176 795; x_wconf 89' lang='lat' dir='ltr'><strong>populo,</strong></span> <span class='ocrx_word' id='word_1_50' title='bbox 2204 721 2498 777; x_wconf 77' lang='lat' dir='ltr'><strong>vindictam</strong></span> <span class='ocrx_word' id='word_1_51' title='bbox 2532 720 2865 777; x_wconf 82' lang='lat' dir='ltr'><strong>inferendam</strong></span> <span class='ocrx_word' id='word_1_52' title='bbox 2898 735 3021 775; x_wconf 84' lang='lat' dir='ltr'><strong>esse</strong></span> <span class='ocrx_word' id='word_1_53' title='bbox 3044 721 3289 778; x_wconf 89' lang='lat' dir='ltr'><strong>dicitur:</strong></span> 
     </span>
    </p>
   </div>
   <div class='ocr_carea' id='block_1_8' title="bbox 70 810 1607 901">
    <p class='ocr_par' dir='ltr' id='par_1_8' title="bbox 70 826 1607 901">
     <span class='ocr_line' id='line_1_8' title="bbox 70 826 1607 901; baseline 0 -23"><span class='ocrx_word' id='word_1_54' title='bbox 70 828 155 890; x_wconf 63' lang='grc' dir='ltr'>τὰς</span> <span class='ocrx_word' id='word_1_55' title='bbox 174 827 471 900; x_wconf 77' lang='grc' dir='ltr'>ἑκδικήσεις</span> <span class='ocrx_word' id='word_1_56' title='bbox 502 830 594 882; x_wconf 77' lang='grc' dir='ltr'>καὶ</span> <span class='ocrx_word' id='word_1_57' title='bbox 620 828 717 893; x_wconf 78' lang='grc' dir='ltr'>τὰς</span> <span class='ocrx_word' id='word_1_58' title='bbox 747 830 1014 901; x_wconf 77' lang='grc' dir='ltr'><strong>τιμωρίας</strong></span> <span class='ocrx_word' id='word_1_59' title='bbox 1042 826 1271 897; x_wconf 73' lang='grc' dir='ltr'>εἴρηται·</span> <span class='ocrx_word' id='word_1_60' title='bbox 1299 826 1331 896; x_wconf 84' lang='grc' dir='ltr'>ἢ</span> <span class='ocrx_word' id='word_1_61' title='bbox 1362 826 1502 879; x_wconf 82' lang='grc' dir='ltr'>κατὰ</span> <span class='ocrx_word' id='word_1_62' title='bbox 1537 827 1607 879; x_wconf 56' lang='grc' dir='ltr'><strong>τὸ1</strong></span> 
     </span>
    </p>
   </div>
   <div class='ocr_carea' id='block_1_9' title="bbox 1704 810 3295 901">
    <p class='ocr_par' dir='ltr' id='par_1_9' title="bbox 1729 810 3295 885">
     <span class='ocr_line' id='line_1_9' title="bbox 1729 810 3295 885; baseline -0.004 -14"><span class='ocrx_word' id='word_1_63' title='bbox 1729 824 1843 880; x_wconf 91' lang='lat' dir='ltr'><strong>aut,</strong></span> <span class='ocrx_word' id='word_1_64' title='bbox 1877 812 2177 872; x_wconf 86' lang='lat' dir='ltr'><strong>secundum</strong></span> <span class='ocrx_word' id='word_1_65' title='bbox 2212 810 2623 885; x_wconf 78' lang='lat' dir='ltr'><strong>Symmachum,</strong></span> <span class='ocrx_word' id='word_1_66' title='bbox 2658 810 2821 875; x_wconf 89' lang='lat' dir='ltr'><strong>Deus,</strong></span> <span class='ocrx_word' id='word_1_67' title='bbox 2851 812 2940 882; x_wconf 81' lang='lat' dir='ltr'><strong>qui</strong></span> <span class='ocrx_word' id='word_1_68' title='bbox 2978 812 3177 881; x_wconf 80' lang='lat' dir='ltr'><strong>prwbes</strong></span> <span class='ocrx_word' id='word_1_69' title='bbox 3209 814 3295 865; x_wconf 88' lang='lat' dir='ltr'><strong>ul-</strong></span> 
     </span>
    </p>
   </div>
   <div class='ocr_carea' id='block_1_10' title="bbox 73 917 1622 989">
    <p class='ocr_par' dir='ltr' id='par_1_10' title="bbox 73 917 1622 989">
     <span class='ocr_line' id='line_1_10' title="bbox 73 917 1622 989; baseline 0.001 -20"><span class='ocrx_word' id='word_1_70' title='bbox 73 918 365 989; x_wconf 70' lang='grc' dir='ltr'>Σύμμαχον,</span> <span class='ocrx_word' id='word_1_71' title='bbox 407 921 460 972; x_wconf 87' lang='grc' dir='ltr'><em>Ὀ</em></span> <span class='ocrx_word' id='word_1_72' title='bbox 507 919 651 987; x_wconf 74' lang='grc' dir='ltr'><strong>Θεὸς</strong></span> <span class='ocrx_word' id='word_1_73' title='bbox 685 924 717 974; x_wconf 84' lang='grc' dir='ltr'>ό</span> <span class='ocrx_word' id='word_1_74' title='bbox 764 917 1092 989; x_wconf 80' lang='grc' dir='ltr'>,παρασχὼν</span> <span class='ocrx_word' id='word_1_75' title='bbox 1140 918 1414 987; x_wconf 82' lang='grc' dir='ltr'><strong>τιμωρίας</strong></span> <span class='ocrx_word' id='word_1_76' title='bbox 1460 918 1622 987; x_wconf 84' lang='grc' dir='ltr'>ἐμοι·</span> 
     </span>
    </p>
   </div>
   <div class='ocr_carea' id='block_1_11' title="bbox 70 1005 1625 1084">
    <p class='ocr_par' dir='ltr' id='par_1_11' title="bbox 70 1005 1625 1084">
     <span class='ocr_line' id='line_1_11' title="bbox 70 1005 1625 1084; baseline 0.001 -23"><span class='ocrx_word' id='word_1_77' title='bbox 70 1013 137 1081; x_wconf 82' lang='grc' dir='ltr'>τῷ</span> <span class='ocrx_word' id='word_1_78' title='bbox 162 1011 205 1064; x_wconf 84' lang='grc' dir='ltr'><strong>δ’</strong></span> <span class='ocrx_word' id='word_1_79' title='bbox 239 1012 404 1083; x_wconf 80' lang='grc' dir='ltr'>ἑτέρῳ</span> <span class='ocrx_word' id='word_1_80' title='bbox 422 1012 659 1083; x_wconf 79' lang='grc' dir='ltr'><strong>τάγματι</strong></span> <span class='ocrx_word' id='word_1_81' title='bbox 687 1015 814 1084; x_wconf 76' lang='grc' dir='ltr'>περὶ</span> <span class='ocrx_word' id='word_1_82' title='bbox 841 1005 901 1066; x_wconf 77' lang='grc' dir='ltr'>οὗ</span> <span class='ocrx_word' id='word_1_83' title='bbox 942 1010 1196 1078; x_wconf 80' lang='grc' dir='ltr'><strong>ἀνωτέρω</strong></span> <span class='ocrx_word' id='word_1_84' title='bbox 1228 1010 1473 1082; x_wconf 73' lang='grc' dir='ltr'>εἴρηταιο</span> <span class='ocrx_word' id='word_1_85' title='bbox 1508 1013 1625 1063; x_wconf 81' lang='grc' dir='ltr'><strong>Κα-</strong></span> 
     </span>
    </p>
   </div>
   <div class='ocr_carea' id='block_1_12' title="bbox 71 1102 1624 1175">
    <p class='ocr_par' dir='ltr' id='par_1_12' title="bbox 71 1102 1624 1175">
     <span class='ocr_line' id='line_1_12' title="bbox 71 1102 1624 1175; baseline 0 -20"><span class='ocrx_word' id='word_1_86' title='bbox 71 1103 374 1171; x_wconf 75' lang='grc' dir='ltr'>ταστήσεις</span> <span class='ocrx_word' id='word_1_87' title='bbox 418 1122 495 1174; x_wconf 83' lang='grc' dir='ltr'><strong>με</strong></span> <span class='ocrx_word' id='word_1_88' title='bbox 525 1108 611 1172; x_wconf 73' lang='grc' dir='ltr'><strong>εἰς</strong></span> <span class='ocrx_word' id='word_1_89' title='bbox 652 1104 923 1175; x_wconf 62' lang='grc' dir='ltr'>κεφαλὴν</span> <span class='ocrx_word' id='word_1_90' title='bbox 959 1102 1167 1157; x_wconf 82' lang='grc' dir='ltr'>ἐθνῶν.</span> <span class='ocrx_word' id='word_1_91' title='bbox 1217 1102 1371 1169; x_wconf 80' lang='grc' dir='ltr'><strong>Λαὸς</strong></span> <span class='ocrx_word' id='word_1_92' title='bbox 1397 1102 1469 1156; x_wconf 82' lang='grc' dir='ltr'><strong>ὃν</strong></span> <span class='ocrx_word' id='word_1_93' title='bbox 1514 1103 1624 1156; x_wconf 81' lang='grc' dir='ltr'>οὐκ</span> 
     </span>
    </p>
   </div>
   <div class='ocr_carea' id='block_1_13' title="bbox 70 1183 1622 1268">
    <p class='ocr_par' dir='ltr' id='par_1_13' title="bbox 70 1183 1622 1268">
     <span class='ocr_line' id='line_1_13' title="bbox 70 1183 1622 1268; baseline -0.001 -19"><span class='ocrx_word' id='word_1_94' title='bbox 70 1197 249 1266; x_wconf 75' lang='grc' dir='ltr'>ἔγνων</span> <span class='ocrx_word' id='word_1_95' title='bbox 271 1183 595 1252; x_wconf 70' lang='grc' dir='ltr'>ἐδούλευσέ</span> <span class='ocrx_word' id='word_1_96' title='bbox 614 1215 713 1268; x_wconf 83' lang='grc' dir='ltr'><strong>μοι</strong></span> <span class='ocrx_word' id='word_1_97' title='bbox 731 1215 744 1227; x_wconf 87' lang='grc'>·</span> <span class='ocrx_word' id='word_1_98' title='bbox 776 1197 952 1266; x_wconf 84' lang='grc' dir='ltr'>τούτῳ</span> <span class='ocrx_word' id='word_1_99' title='bbox 983 1196 1080 1266; x_wconf 83' lang='grc' dir='ltr'><strong>τὴν</strong></span> <span class='ocrx_word' id='word_1_100' title='bbox 1113 1196 1387 1265; x_wconf 76' lang='grc' dir='ltr'>ὑποταγὴν</span> <span class='ocrx_word' id='word_1_101' title='bbox 1415 1193 1511 1266; x_wconf 81' lang='grc' dir='ltr'><strong>τὴν</strong></span> <span class='ocrx_word' id='word_1_102' title='bbox 1532 1194 1622 1247; x_wconf 83' lang='grc' dir='ltr'><strong>ὑπ’</strong></span> 
     </span>
    </p>
   </div>
   <div class='ocr_carea' id='block_1_14' title="bbox 71 1285 1619 1361">
    <p class='ocr_par' dir='ltr' id='par_1_14' title="bbox 71 1285 1619 1361">
     <span class='ocr_line' id='line_1_14' title="bbox 71 1285 1619 1361; baseline -0.003 -18"><span class='ocrx_word' id='word_1_103' title='bbox 71 1288 217 1343; x_wconf 72' lang='grc' dir='ltr'>αὐτὸν</span> <span class='ocrx_word' id='word_1_104' title='bbox 249 1288 545 1361; x_wconf 78' lang='grc' dir='ltr'>χαρίζεται.</span> <span class='ocrx_word' id='word_1_105' title='bbox 581 1290 670 1342; x_wconf 76' lang='grc' dir='ltr'>Διὸ</span> <span class='ocrx_word' id='word_1_106' title='bbox 711 1287 949 1354; x_wconf 74' lang='grc' dir='ltr'><strong>ἐπιλέγει</strong></span> <span class='ocrx_word' id='word_1_107' title='bbox 983 1285 1120 1340; x_wconf 75' lang='grc' dir='ltr'>κατὰ</span> <span class='ocrx_word' id='word_1_108' title='bbox 1160 1285 1250 1339; x_wconf 83' lang='grc' dir='ltr'><strong>τὸν</strong></span> <span class='ocrx_word' id='word_1_109' title='bbox 1296 1286 1619 1357; x_wconf 73' lang='grc' dir='ltr'>Σύμμαχονο</span> 
     </span>
    </p>
   </div>
   <div class='ocr_carea' id='block_1_15' title="bbox 70 1374 1623 1449">
    <p class='ocr_par' dir='ltr' id='par_1_15' title="bbox 70 1374 1623 1449">
     <span class='ocr_line' id='line_1_15' title="bbox 70 1374 1623 1449; baseline 0 -16"><span class='ocrx_word' id='word_1_110' title='bbox 70 1380 170 1433; x_wconf 79' lang='lat' dir='ltr'><strong>Kal</strong></span> <span class='ocrx_word' id='word_1_111' title='bbox 196 1381 557 1435; x_wconf 77' lang='grc' dir='ltr'>ὐποτάσσων</span> <span class='ocrx_word' id='word_1_112' title='bbox 584 1381 773 1446; x_wconf 87' lang='grc' dir='ltr'>λαοὺς</span> <span class='ocrx_word' id='word_1_113' title='bbox 793 1379 885 1433; x_wconf 77' lang='grc' dir='ltr'><strong>ἐπ’</strong></span> <span class='ocrx_word' id='word_1_114' title='bbox 911 1380 1035 1449; x_wconf 83' lang='grc' dir='ltr'>ἐμέ.</span> <span class='ocrx_word' id='word_1_115' title='bbox 1067 1374 1231 1443; x_wconf 76' lang='grc' dir='ltr'>Οὗτος</span> <span class='ocrx_word' id='word_1_116' title='bbox 1271 1381 1369 1433; x_wconf 78' lang='grc' dir='ltr'>καὶ</span> <span class='ocrx_word' id='word_1_117' title='bbox 1390 1382 1623 1449; x_wconf 77' lang='grc' dir='ltr'>ρύστης</span> 
     </span>
    </p>
   </div>
   <div class='ocr_carea' id='block_1_16' title="bbox 67 1470 1621 1544">
    <p class='ocr_par' dir='ltr' id='par_1_16' title="bbox 67 1470 1621 1544">
     <span class='ocr_line' id='line_1_16' title="bbox 67 1470 1621 1544; baseline 0.001 -19"><span class='ocrx_word' id='word_1_118' title='bbox 67 1489 190 1543; x_wconf 77' lang='grc' dir='ltr'>μου,</span> <span class='ocrx_word' id='word_1_119' title='bbox 218 1475 365 1544; x_wconf 70' lang='grc' dir='ltr'>φησὶ,</span> <span class='ocrx_word' id='word_1_120' title='bbox 398 1475 620 1542; x_wconf 79' lang='grc' dir='ltr'>γέγονεν</span> <span class='ocrx_word' id='word_1_121' title='bbox 638 1472 709 1536; x_wconf 77' lang='grc' dir='ltr'><strong>ἐξ</strong></span> <span class='ocrx_word' id='word_1_122' title='bbox 734 1470 961 1540; x_wconf 75' lang='grc' dir='ltr'>ἐχθρῶν</span> <span class='ocrx_word' id='word_1_123' title='bbox 978 1489 1096 1541; x_wconf 83' lang='grc' dir='ltr'>μου</span> <span class='ocrx_word' id='word_1_124' title='bbox 1127 1473 1397 1542; x_wconf 73' lang='grc' dir='ltr'>ὀργίλων,</span> <span class='ocrx_word' id='word_1_125' title='bbox 1422 1473 1517 1526; x_wconf 76' lang='grc' dir='ltr'><strong>καὶ</strong></span> <span class='ocrx_word' id='word_1_126' title='bbox 1552 1472 1621 1526; x_wconf 80' lang='grc' dir='ltr'>ἐκ</span> 
     </span>
    </p>
   </div>
   <div class='ocr_carea' id='block_1_17' title="bbox 72 1559 1624 1631">
    <p class='ocr_par' dir='ltr' id='par_1_17' title="bbox 72 1559 1624 1631">
     <span class='ocr_line' id='line_1_17' title="bbox 72 1559 1624 1631; baseline 0.001 -18"><span class='ocrx_word' id='word_1_127' title='bbox 72 1560 177 1614; x_wconf 78' lang='grc' dir='ltr'><strong>τῶν</strong></span> <span class='ocrx_word' id='word_1_128' title='bbox 201 1560 681 1631; x_wconf 77' lang='grc' dir='ltr'>ἐπανισταμένων</span> <span class='ocrx_word' id='word_1_129' title='bbox 701 1561 792 1614; x_wconf 79' lang='grc' dir='ltr'><strong>ἐπ’</strong></span> <span class='ocrx_word' id='word_1_130' title='bbox 818 1561 922 1631; x_wconf 82' lang='grc' dir='ltr'><strong>ἐμὲ</strong></span> <span class='ocrx_word' id='word_1_131' title='bbox 942 1559 1164 1630; x_wconf 68' lang='grc' dir='ltr'><strong>ὕψωσέ-</strong></span> <span class='ocrx_word' id='word_1_132' title='bbox 1168 1579 1264 1630; x_wconf 84' lang='grc' dir='ltr'><strong>με,</strong></span> <span class='ocrx_word' id='word_1_133' title='bbox 1299 1564 1331 1616; x_wconf 85' lang='lat' dir='ltr'><strong>d</strong></span> <span class='ocrx_word' id='word_1_134' title='bbox 1360 1560 1412 1615; x_wconf 81' lang='grc' dir='ltr'><strong>δ’</strong></span> <span class='ocrx_word' id='word_1_135' title='bbox 1441 1561 1624 1629; x_wconf 78' lang='grc' dir='ltr'>αὐτὸς</span> 
     </span>
    </p>
   </div>
   <div class='ocr_carea' id='block_1_18' title="bbox 70 1645 1622 1734">
    <p class='ocr_par' dir='ltr' id='par_1_18' title="bbox 70 1645 1622 1734">
     <span class='ocr_line' id='line_1_18' title="bbox 70 1645 1622 1734; baseline -0.001 -27"><span class='ocrx_word' id='word_1_136' title='bbox 70 1655 154 1707; x_wconf 77' lang='grc' dir='ltr'>καὶ</span> <span class='ocrx_word' id='word_1_137' title='bbox 177 1656 289 1709; x_wconf 65' lang='grc' dir='ltr'><strong>ἀπὸ</strong></span> <span class='ocrx_word' id='word_1_138' title='bbox 315 1654 528 1722; x_wconf 67' lang='grc' dir='ltr'><strong>ἁνδρὲς</strong></span> <span class='ocrx_word' id='word_1_139' title='bbox 555 1652 764 1707; x_wconf 65' lang='grc' dir='ltr'>ἀδίκου</span> <span class='ocrx_word' id='word_1_140' title='bbox 791 1652 1086 1721; x_wconf 75' lang='grc' dir='ltr'>ἐρῤύσατό</span> <span class='ocrx_word' id='word_1_141' title='bbox 1108 1669 1205 1721; x_wconf 86' lang='grc' dir='ltr'><strong>με.</strong></span> <span class='ocrx_word' id='word_1_142' title='bbox 1234 1654 1307 1734; x_wconf 58' lang='lat' dir='ltr'><strong>At‘</strong></span> <span class='ocrx_word' id='word_1_143' title='bbox 1333 1645 1406 1705; x_wconf 82' lang='grc' dir='ltr'>ὧν</span> <span class='ocrx_word' id='word_1_144' title='bbox 1437 1645 1622 1722; x_wconf 74' lang='grc' dir='ltr'>σαφῶς</span> 
     </span>
    </p>
   </div>
   <div class='ocr_carea' id='block_1_19' title="bbox 72 1744 1617 1817">
    <p class='ocr_par' dir='ltr' id='par_1_19' title="bbox 72 1744 1617 1817">
     <span class='ocr_line' id='line_1_19' title="bbox 72 1744 1617 1817; baseline 0 -18"><span class='ocrx_word' id='word_1_145' title='bbox 72 1748 376 1817; x_wconf 75' lang='grc' dir='ltr'>παρίστηςιν</span> <span class='ocrx_word' id='word_1_146' title='bbox 416 1744 643 1817; x_wconf 78' lang='grc' dir='ltr'>ἐχθρούς</span> <span class='ocrx_word' id='word_1_147' title='bbox 672 1763 823 1809; x_wconf 90' lang='grc' dir='ltr'>τινας</span> <span class='ocrx_word' id='word_1_148' title='bbox 853 1745 1016 1801; x_wconf 78' lang='grc' dir='ltr'>αὐτοῦ</span> <span class='ocrx_word' id='word_1_149' title='bbox 1066 1748 1158 1801; x_wconf 75' lang='grc' dir='ltr'><strong>καὶ</strong></span> <span class='ocrx_word' id='word_1_150' title='bbox 1189 1745 1581 1816; x_wconf 77' lang='grc' dir='ltr'><strong>ἀνθεστηκότας</strong></span> <span class='ocrx_word' id='word_1_151' title='bbox 1603 1762 1617 1777; x_wconf 74' lang='grc'><strong><em>⁸</em></strong></span> 
     </span>
    </p>
   </div>
   <div class='ocr_carea' id='block_1_20' title="bbox 72 1828 1621 1909">
    <p class='ocr_par' dir='ltr' id='par_1_20' title="bbox 72 1828 1621 1909">
     <span class='ocr_line' id='line_1_20' title="bbox 72 1828 1621 1909; baseline -0.001 -18"><span class='ocrx_word' id='word_1_152' title='bbox 72 1839 150 1891; x_wconf 80' lang='grc' dir='ltr'><strong>καὶ</strong></span> <span class='ocrx_word' id='word_1_153' title='bbox 181 1836 325 1908; x_wconf 72' lang='grc' dir='ltr'>παρὰ</span> <span class='ocrx_word' id='word_1_154' title='bbox 345 1828 562 1901; x_wconf 76' lang='grc' dir='ltr'>τούτους</span> <span class='ocrx_word' id='word_1_155' title='bbox 592 1836 776 1909; x_wconf 77' lang='grc' dir='ltr'>ἕτερόν</span> <span class='ocrx_word' id='word_1_156' title='bbox 796 1855 916 1893; x_wconf 90' lang='grc' dir='ltr'>τινα</span> <span class='ocrx_word' id='word_1_157' title='bbox 948 1837 1134 1909; x_wconf 83' lang='grc' dir='ltr'>ἄνδρα,</span> <span class='ocrx_word' id='word_1_158' title='bbox 1174 1836 1368 1908; x_wconf 85' lang='grc' dir='ltr'>μεστὸν</span> <span class='ocrx_word' id='word_1_159' title='bbox 1395 1836 1470 1900; x_wconf 81' lang='grc' dir='ltr'>ὡς</span> <span class='ocrx_word' id='word_1_160' title='bbox 1493 1836 1621 1909; x_wconf 85' lang='grc' dir='ltr'><strong>ἀλη-</strong></span> 
     </span>
    </p>
   </div>
   <div class='ocr_carea' id='block_1_21' title="bbox 1729 901 3289 973">
    <p class='ocr_par' dir='ltr' id='par_1_21' title="bbox 1729 901 3289 973">
     <span class='ocr_line' id='line_1_21' title="bbox 1729 901 3289 973; baseline -0.003 -12"><span class='ocrx_word' id='word_1_161' title='bbox 1729 909 1895 963; x_wconf 88' lang='lat' dir='ltr'><strong>tiones</strong></span> <span class='ocrx_word' id='word_1_162' title='bbox 1931 905 2094 969; x_wconf 81' lang='lat' dir='ltr'><strong><em>mihi;</em></strong></span> <span class='ocrx_word' id='word_1_163' title='bbox 2133 904 2276 959; x_wconf 84' lang='lat' dir='ltr'><strong>alius</strong></span> <span class='ocrx_word' id='word_1_164' title='bbox 2305 918 2434 958; x_wconf 76' lang='lat' dir='ltr'><strong>vero</strong></span> <span class='ocrx_word' id='word_1_165' title='bbox 2480 913 2566 958; x_wconf 92' lang='lat' dir='ltr'><strong>est</strong></span> <span class='ocrx_word' id='word_1_166' title='bbox 2614 901 2750 958; x_wconf 86' lang='lat' dir='ltr'><strong>ordo</strong></span> <span class='ocrx_word' id='word_1_167' title='bbox 2782 918 3059 973; x_wconf 82' lang='lat' dir='ltr'><strong>genusque</strong></span> <span class='ocrx_word' id='word_1_168' title='bbox 3109 903 3289 957; x_wconf 86' lang='lat' dir='ltr'><strong>homi-</strong></span> 
     </span>
    </p>
   </div>
   <div class='ocr_carea' id='block_1_22' title="bbox 1726 994 3289 1067">
    <p class='ocr_par' dir='ltr' id='par_1_22' title="bbox 1726 994 3289 1067">
     <span class='ocr_line' id='line_1_22' title="bbox 1726 994 3289 1067; baseline -0.003 -14"><span class='ocrx_word' id='word_1_169' title='bbox 1726 1014 1879 1062; x_wconf 87' lang='lat' dir='ltr'><strong>num,</strong></span> <span class='ocrx_word' id='word_1_170' title='bbox 1915 998 1983 1052; x_wconf 88' lang='lat' dir='ltr'><strong>de</strong></span> <span class='ocrx_word' id='word_1_171' title='bbox 2015 1012 2123 1067; x_wconf 91' lang='lat' dir='ltr'><strong>quo</strong></span> <span class='ocrx_word' id='word_1_172' title='bbox 2152 995 2403 1066; x_wconf 82' lang='lat' dir='ltr'><strong>superius</strong></span> <span class='ocrx_word' id='word_1_173' title='bbox 2436 994 2603 1057; x_wconf 82' lang='lat' dir='ltr'><strong>(vers.</strong></span> <span class='ocrx_word' id='word_1_174' title='bbox 2638 994 2729 1058; x_wconf 75' lang='grc' dir='ltr'>Η,</span> <span class='ocrx_word' id='word_1_175' title='bbox 2764 994 2856 1065; x_wconf 73' lang='grc'><strong>45)</strong></span> <span class='ocrx_word' id='word_1_176' title='bbox 2889 995 3120 1059; x_wconf 88' lang='lat' dir='ltr'><strong>dictum,</strong></span> <span class='ocrx_word' id='word_1_177' title='bbox 3160 1011 3289 1049; x_wconf 89' lang='lat' dir='ltr'><strong>con-</strong></span> 
     </span>
    </p>
   </div>
   <div class='ocr_carea' id='block_1_23' title="bbox 1725 1084 3288 1157">
    <p class='ocr_par' dir='ltr' id='par_1_23' title="bbox 1725 1084 3288 1157">
     <span class='ocr_line' id='line_1_23' title="bbox 1725 1084 3288 1157; baseline -0.003 -13"><span class='ocrx_word' id='word_1_178' title='bbox 1725 1091 1912 1144; x_wconf 78' lang='lat' dir='ltr'><strong>stitues</strong></span> <span class='ocrx_word' id='word_1_179' title='bbox 1965 1104 2046 1142; x_wconf 87' lang='lat' dir='ltr'><strong>me</strong></span> <span class='ocrx_word' id='word_1_180' title='bbox 2104 1087 2160 1141; x_wconf 88' lang='lat' dir='ltr'><strong><em>in</em></strong></span> <span class='ocrx_word' id='word_1_181' title='bbox 2209 1095 2363 1154; x_wconf 84' lang='lat' dir='ltr'><strong>caput</strong></span> <span class='ocrx_word' id='word_1_182' title='bbox 2404 1086 2655 1156; x_wconf 85' lang='lat' dir='ltr'><strong>gentium.</strong></span> <span class='ocrx_word' id='word_1_183' title='bbox 2712 1084 2950 1154; x_wconf 88' lang='lat' dir='ltr'><strong>Populus</strong></span> <span class='ocrx_word' id='word_1_184' title='bbox 2988 1101 3139 1157; x_wconf 87' lang='lat' dir='ltr'><strong>quem</strong></span> <span class='ocrx_word' id='word_1_185' title='bbox 3183 1102 3288 1141; x_wconf 88' lang='lat' dir='ltr'><strong>non</strong></span> 
     </span>
    </p>
   </div>
   <div class='ocr_carea' id='block_1_24' title="bbox 1722 1170 3287 1245">
    <p class='ocr_par' dir='ltr' id='par_1_24' title="bbox 1722 1170 3287 1245">
     <span class='ocr_line' id='line_1_24' title="bbox 1722 1170 3287 1245; baseline -0.002 -17"><span class='ocrx_word' id='word_1_186' title='bbox 1722 1175 1939 1245; x_wconf 78' lang='lat' dir='ltr'><strong>cognovi</strong></span> <span class='ocrx_word' id='word_1_187' title='bbox 1971 1174 2179 1229; x_wconf 84' lang='lat' dir='ltr'><strong>servivit</strong></span> <span class='ocrx_word' id='word_1_188' title='bbox 2204 1172 2368 1236; x_wconf 82' lang='lat' dir='ltr'><strong>mihi;</strong></span> <span class='ocrx_word' id='word_1_189' title='bbox 2401 1170 2567 1236; x_wconf 85' lang='lat' dir='ltr'><strong>hunc,</strong></span> <span class='ocrx_word' id='word_1_190' title='bbox 2616 1171 2861 1241; x_wconf 89' lang='lat' dir='ltr'><strong>inquam,</strong></span> <span class='ocrx_word' id='word_1_191' title='bbox 2898 1172 3287 1243; x_wconf 75' lang='lat' dir='ltr'><strong>obsequentem</strong></span> 
     </span>
    </p>
   </div>
   <div class='ocr_carea' id='block_1_25' title="bbox 1723 1259 3287 1343">
    <p class='ocr_par' dir='ltr' id='par_1_25' title="bbox 1723 1259 3287 1343">
     <span class='ocr_line' id='line_1_25' title="bbox 1723 1259 3287 1343; baseline -0.001 -22"><span class='ocrx_word' id='word_1_192' title='bbox 1723 1266 1773 1321; x_wconf 89' lang='lat' dir='ltr'><strong>ei</strong></span> <span class='ocrx_word' id='word_1_193' title='bbox 1816 1266 2125 1322; x_wconf 73' lang='lat' dir='ltr'><strong>constituit.</strong></span> <span class='ocrx_word' id='word_1_194' title='bbox 2160 1264 2343 1331; x_wconf 81' lang='lat' dir='ltr'><strong>Quare</strong></span> <span class='ocrx_word' id='word_1_195' title='bbox 2386 1262 2690 1319; x_wconf 87' lang='lat' dir='ltr'><strong>secundum</strong></span> <span class='ocrx_word' id='word_1_196' title='bbox 2741 1259 3128 1335; x_wconf 81' lang='lat' dir='ltr'><strong>Symmachum</strong></span> <span class='ocrx_word' id='word_1_197' title='bbox 3160 1264 3287 1343; x_wconf 81' lang='lat' dir='ltr'><strong>sub-</strong></span> 
     </span>
    </p>
   </div>
   <div class='ocr_carea' id='block_1_26' title="bbox 1722 1342 3285 1425">
    <p class='ocr_par' dir='ltr' id='par_1_26' title="bbox 1722 1342 3285 1425">
     <span class='ocr_line' id='line_1_26' title="bbox 1722 1342 3285 1425; baseline -0.001 -14"><span class='ocrx_word' id='word_1_198' title='bbox 1722 1355 1824 1421; x_wconf 86' lang='lat' dir='ltr'><strong>dit,</strong></span> <span class='ocrx_word' id='word_1_199' title='bbox 1868 1366 1918 1411; x_wconf 91' lang='lat' dir='ltr'><strong>et</strong></span> <span class='ocrx_word' id='word_1_200' title='bbox 1960 1356 2245 1425; x_wconf 86' lang='lat' dir='ltr'><strong>subjiciens</strong></span> <span class='ocrx_word' id='word_1_201' title='bbox 2289 1354 2509 1424; x_wconf 87' lang='lat' dir='ltr'><strong>populos</strong></span> <span class='ocrx_word' id='word_1_202' title='bbox 2541 1369 2695 1422; x_wconf 82' lang='lat' dir='ltr'><strong>super</strong></span> <span class='ocrx_word' id='word_1_203' title='bbox 2724 1370 2822 1410; x_wconf 89' lang='lat' dir='ltr'><strong>me.</strong></span> <span class='ocrx_word' id='word_1_204' title='bbox 2856 1353 2953 1409; x_wconf 89' lang='lat' dir='ltr'><strong>llic</strong></span> <span class='ocrx_word' id='word_1_205' title='bbox 2986 1357 3114 1411; x_wconf 85' lang='lat' dir='ltr'><strong>item</strong></span> <span class='ocrx_word' id='word_1_206' title='bbox 3160 1342 3285 1420; x_wconf 76' lang='lat' dir='ltr'><strong>fuit,</strong></span> 
     </span>
    </p>
   </div>
   <div class='ocr_carea' id='block_1_27' title="bbox 1723 1447 3287 1509">
    <p class='ocr_par' dir='ltr' id='par_1_27' title="bbox 1723 1447 3287 1509">
     <span class='ocr_line' id='line_1_27' title="bbox 1723 1447 3287 1509; baseline 0.001 -8"><span class='ocrx_word' id='word_1_207' title='bbox 1723 1448 1982 1503; x_wconf 80' lang='lat' dir='ltr'><strong>liberator</strong></span> <span class='ocrx_word' id='word_1_208' title='bbox 2005 1464 2149 1502; x_wconf 88' lang='lat' dir='ltr'><strong>meus</strong></span> <span class='ocrx_word' id='word_1_209' title='bbox 2174 1462 2239 1501; x_wconf 77' lang='lat' dir='ltr'><strong>ea:</strong></span> <span class='ocrx_word' id='word_1_210' title='bbox 2277 1447 2505 1501; x_wconf 88' lang='lat' dir='ltr'><strong>inimicis</strong></span> <span class='ocrx_word' id='word_1_211' title='bbox 2549 1447 2677 1500; x_wconf 86' lang='lat' dir='ltr'><strong><em>meis</em></strong></span> <span class='ocrx_word' id='word_1_212' title='bbox 2706 1447 2997 1509; x_wconf 76' lang='lat' dir='ltr'><strong>iracundis,</strong></span> <span class='ocrx_word' id='word_1_213' title='bbox 3024 1457 3075 1502; x_wconf 90' lang='lat' dir='ltr'><strong>et</strong></span> <span class='ocrx_word' id='word_1_214' title='bbox 3107 1448 3171 1500; x_wconf 88' lang='lat' dir='ltr'><strong>ab</strong></span> <span class='ocrx_word' id='word_1_215' title='bbox 3201 1448 3287 1503; x_wconf 88' lang='lat' dir='ltr'><strong>in-</strong></span> 
     </span>
    </p>
   </div>
   <div class='ocr_carea' id='block_1_28' title="bbox 1723 1536 3287 1608">
    <p class='ocr_par' dir='ltr' id='par_1_28' title="bbox 1723 1536 3287 1608">
     <span class='ocr_line' id='line_1_28' title="bbox 1723 1536 3287 1608; baseline 0.001 -16"><span class='ocrx_word' id='word_1_216' title='bbox 1723 1536 2057 1608; x_wconf 82' lang='lat' dir='ltr'><strong>surgentibus</strong></span> <span class='ocrx_word' id='word_1_217' title='bbox 2100 1539 2155 1590; x_wconf 86' lang='lat' dir='ltr'><strong>in</strong></span> <span class='ocrx_word' id='word_1_218' title='bbox 2199 1552 2280 1590; x_wconf 88' lang='lat' dir='ltr'><strong>me</strong></span> <span class='ocrx_word' id='word_1_219' title='bbox 2326 1536 2583 1590; x_wconf 75' lang='lat' dir='ltr'><strong>exaltavit</strong></span> <span class='ocrx_word' id='word_1_220' title='bbox 2612 1552 2713 1599; x_wconf 89' lang='lat' dir='ltr'><strong>me,</strong></span> <span class='ocrx_word' id='word_1_221' title='bbox 2754 1553 2785 1589; x_wconf 88' lang='lat' dir='ltr'><strong>a</strong></span> <span class='ocrx_word' id='word_1_222' title='bbox 2821 1538 2932 1591; x_wconf 68' lang='lat' dir='ltr'><strong>t&#39;iro</strong></span> <span class='ocrx_word' id='word_1_223' title='bbox 2970 1538 3149 1608; x_wconf 84' lang='lat' dir='ltr'><strong>iniquo</strong></span> <span class='ocrx_word' id='word_1_224' title='bbox 3178 1539 3287 1593; x_wconf 85' lang='lat' dir='ltr'><strong>eri-</strong></span> 
     </span>
    </p>
   </div>
   <div class='ocr_carea' id='block_1_29' title="bbox 1720 1618 3286 1699">
    <p class='ocr_par' dir='ltr' id='par_1_29' title="bbox 1720 1618 3286 1699">
     <span class='ocr_line' id='line_1_29' title="bbox 1720 1618 3286 1699; baseline 0.003 -18"><span class='ocrx_word' id='word_1_225' title='bbox 1720 1630 1832 1699; x_wconf 85' lang='lat' dir='ltr'><strong>puit</strong></span> <span class='ocrx_word' id='word_1_226' title='bbox 1881 1618 1983 1684; x_wconf 84' lang='lat' dir='ltr'><strong>me.</strong></span> <span class='ocrx_word' id='word_1_227' title='bbox 2041 1626 2251 1695; x_wconf 90' lang='lat' dir='ltr'><strong>Quibus</strong></span> <span class='ocrx_word' id='word_1_228' title='bbox 2301 1626 2478 1697; x_wconf 81' lang='lat' dir='ltr'><strong>palam</strong></span> <span class='ocrx_word' id='word_1_229' title='bbox 2534 1626 2759 1691; x_wconf 81' lang='lat' dir='ltr'><strong>indicat,</strong></span> <span class='ocrx_word' id='word_1_230' title='bbox 2794 1626 3046 1683; x_wconf 87' lang='lat' dir='ltr'><strong>inimicos</strong></span> <span class='ocrx_word' id='word_1_231' title='bbox 3091 1630 3192 1684; x_wconf 84' lang='lat' dir='ltr'><strong>sibi</strong></span> <span class='ocrx_word' id='word_1_232' title='bbox 3231 1638 3286 1687; x_wconf 83' lang='lat' dir='ltr'><strong>et</strong></span> 
     </span>
    </p>
   </div>
   <div class='ocr_carea' id='block_1_30' title="bbox 1721 1721 3282 1791">
    <p class='ocr_par' dir='ltr' id='par_1_30' title="bbox 1721 1721 3282 1791">
     <span class='ocr_line' id='line_1_30' title="bbox 1721 1721 3282 1791; baseline 0.001 -14"><span class='ocrx_word' id='word_1_233' title='bbox 1721 1722 2065 1778; x_wconf 73' lang='lat' dir='ltr'><strong>adversarios</strong></span> <span class='ocrx_word' id='word_1_234' title='bbox 2092 1736 2252 1777; x_wconf 88' lang='lat' dir='ltr'><strong>esse:</strong></span> <span class='ocrx_word' id='word_1_235' title='bbox 2305 1736 2369 1775; x_wconf 88' lang='lat' dir='ltr'><strong>ac</strong></span> <span class='ocrx_word' id='word_1_236' title='bbox 2419 1727 2615 1791; x_wconf 81' lang='lat' dir='ltr'><strong>praeter</strong></span> <span class='ocrx_word' id='word_1_237' title='bbox 2647 1735 2741 1775; x_wconf 92' lang='lat' dir='ltr'><strong>eos</strong></span> <span class='ocrx_word' id='word_1_238' title='bbox 2784 1721 2948 1777; x_wconf 88' lang='lat' dir='ltr'><strong>alium</strong></span> <span class='ocrx_word' id='word_1_239' title='bbox 2987 1722 3282 1791; x_wconf 83' lang='lat' dir='ltr'><strong>quemdam</strong></span> 
     </span>
    </p>
   </div>
   <div class='ocr_carea' id='block_1_31' title="bbox 1720 1812 3282 1887">
    <p class='ocr_par' dir='ltr' id='par_1_31' title="bbox 1720 1812 3282 1887">
     <span class='ocr_line' id='line_1_31' title="bbox 1720 1812 3282 1887; baseline -0.001 -16"><span class='ocrx_word' id='word_1_240' title='bbox 1720 1816 1898 1871; x_wconf 89' lang='lat' dir='ltr'><strong>virum</strong></span> <span class='ocrx_word' id='word_1_241' title='bbox 1932 1817 2080 1870; x_wconf 90' lang='lat' dir='ltr'><strong>omni</strong></span> <span class='ocrx_word' id='word_1_242' title='bbox 2122 1831 2349 1887; x_wconf 84' lang='lat' dir='ltr'><strong>prorsus</strong></span> <span class='ocrx_word' id='word_1_243' title='bbox 2392 1816 2678 1885; x_wconf 82' lang='lat' dir='ltr'><strong>iniquitate</strong></span> <span class='ocrx_word' id='word_1_244' title='bbox 2708 1814 2948 1885; x_wconf 87' lang='lat' dir='ltr'><strong>plenum.</strong></span> <span class='ocrx_word' id='word_1_245' title='bbox 2988 1812 3085 1881; x_wconf 87' lang='lat' dir='ltr'><strong>His</strong></span> <span class='ocrx_word' id='word_1_246' title='bbox 3117 1830 3282 1886; x_wconf 90' lang='lat' dir='ltr'><strong>porro</strong></span> 
     </span>
    </p>
   </div>
   <div class='ocr_carea' id='block_1_32' title="bbox 74 1890 1607 2004">
    <p class='ocr_par' dir='ltr' id='par_1_32' title="bbox 74 1890 1607 2004">
     <span class='ocr_line' id='line_1_32' title="bbox 74 1890 1607 2004; baseline 0.001 -23"><span class='ocrx_word' id='word_1_247' title='bbox 74 1929 169 1990; x_wconf 78' lang='grc' dir='ltr'><strong>θῶς</strong></span> <span class='ocrx_word' id='word_1_248' title='bbox 214 1890 389 2000; x_wconf 55' lang='lat' dir='ltr'><strong>ctam};</strong></span> <span class='ocrx_word' id='word_1_249' title='bbox 421 1890 654 1996; x_wconf 71' lang='grc' dir='ltr'>ἀδικίας.</span> <span class='ocrx_word' id='word_1_250' title='bbox 685 1890 1097 2004; x_wconf 19' lang='grc' dir='ltr'><strong>⁸Σημιιιίνειήδὲ..ὁ</strong></span> <span class='ocrx_word' id='word_1_251' title='bbox 1122 1890 1390 1999; x_wconf 61' lang='grc' dir='ltr'>λέγοςδιὰ</span> <span class='ocrx_word' id='word_1_252' title='bbox 1420 1890 1607 1983; x_wconf 59' lang='grc' dir='ltr'>τούτωι</span> 
     </span>
    </p>
   </div>
   <div class='ocr_carea' id='block_1_33' title="bbox 1704 1890 3300 2004">
    <p class='ocr_par' dir='ltr' id='par_1_33' title="bbox 1724 1890 3300 1976">
     <span class='ocr_line' id='line_1_33' title="bbox 1724 1890 3300 1976; baseline 0.001 -17"><span class='ocrx_word' id='word_1_253' title='bbox 1724 1899 2044 1976; x_wconf 84' lang='lat' dir='ltr'><strong>prophetico</strong></span> <span class='ocrx_word' id='word_1_254' title='bbox 2069 1921 2220 1961; x_wconf 85' lang='lat' dir='ltr'><strong>more</strong></span> <span class='ocrx_word' id='word_1_255' title='bbox 2264 1905 2576 1960; x_wconf 83' lang='lat' dir='ltr'><strong>indicantur</strong></span> <span class='ocrx_word' id='word_1_256' title='bbox 2607 1905 2881 1975; x_wconf 89' lang='lat' dir='ltr'><strong>principes</strong></span> <span class='ocrx_word' id='word_1_257' title='bbox 2922 1890 3139 1959; x_wconf 27' lang='lat' dir='ltr'><strong>‘Judaiei</strong></span> <span class='ocrx_word' id='word_1_258' title='bbox 3186 1918 3300 1975; x_wconf 69' lang='lat' dir='ltr'><strong>p0&quot;</strong></span> 
     </span>
    </p>
   </div>
   <div class='ocr_carea' id='block_1_34' title="bbox 69 1995 1607 2094">
    <p class='ocr_par' dir='ltr' id='par_1_34' title="bbox 69 1995 1607 2094">
     <span class='ocr_line' id='line_1_34' title="bbox 69 1995 1607 2094; baseline -0.001 -22"><span class='ocrx_word' id='word_1_259' title='bbox 69 1995 398 2091; x_wconf 57' lang='grc' dir='ltr'>πρῳητικῶς</span> <span class='ocrx_word' id='word_1_260' title='bbox 423 2024 549 2086; x_wconf 77' lang='grc' dir='ltr'>τοὺς</span> <span class='ocrx_word' id='word_1_261' title='bbox 575 1995 838 2094; x_wconf 77' lang='grc' dir='ltr'>ἄρχοντας</span> <span class='ocrx_word' id='word_1_262' title='bbox 872 2023 966 2077; x_wconf 76' lang='grc' dir='ltr'>τοῦ</span> <span class='ocrx_word' id='word_1_263' title='bbox 1013 1995 1277 2076; x_wconf 77' lang='grc' dir='ltr'>Ἰουδαίων</span> <span class='ocrx_word' id='word_1_264' title='bbox 1316 2022 1498 2086; x_wconf 73' lang='grc' dir='ltr'>ἔθνους</span> <span class='ocrx_word' id='word_1_265' title='bbox 1525 2021 1607 2076; x_wconf 54' lang='grc' dir='ltr'><strong>καλ</strong></span> 
     </span>
    </p>
   </div>
   <div class='ocr_carea' id='block_1_35' title="bbox 1704 1995 3285 2094">
    <p class='ocr_par' dir='ltr' id='par_1_35' title="bbox 1720 1995 3285 2067">
     <span class='ocr_line' id='line_1_35' title="bbox 1720 1995 3285 2067; baseline 0.003 -18"><span class='ocrx_word' id='word_1_266' title='bbox 1720 1997 1857 2067; x_wconf 90' lang='lat' dir='ltr'><strong>puli,</strong></span> <span class='ocrx_word' id='word_1_267' title='bbox 1889 2012 1954 2050; x_wconf 89' lang='lat' dir='ltr'><strong>ac</strong></span> <span class='ocrx_word' id='word_1_268' title='bbox 1984 1995 2155 2051; x_wconf 82' lang='lat' dir='ltr'><strong>Judas</strong></span> <span class='ocrx_word' id='word_1_269' title='bbox 2197 1996 2463 2067; x_wconf 85' lang='lat' dir='ltr'><strong>proditor,</strong></span> <span class='ocrx_word' id='word_1_270' title='bbox 2501 1998 2695 2067; x_wconf 75' lang='lat' dir='ltr'><strong>quovis</strong></span> <span class='ocrx_word' id='word_1_271' title='bbox 2721 1998 2908 2067; x_wconf 83' lang='lat' dir='ltr'><strong>iniquo</strong></span> <span class='ocrx_word' id='word_1_272' title='bbox 2943 1997 3161 2053; x_wconf 87' lang='lat' dir='ltr'><strong>homine</strong></span> <span class='ocrx_word' id='word_1_273' title='bbox 3195 1996 3285 2053; x_wconf 86' lang='lat' dir='ltr'><strong>de-</strong></span> 
     </span>
    </p>
   </div>
   <div class='ocr_carea' id='block_1_36' title="bbox 68 2087 1607 2188">
    <p class='ocr_par' dir='ltr' id='par_1_36' title="bbox 68 2087 1607 2188">
     <span class='ocr_line' id='line_1_36' title="bbox 68 2087 1607 2188; baseline 0.003 -24"><span class='ocrx_word' id='word_1_274' title='bbox 68 2087 143 2165; x_wconf 62' lang='grc' dir='ltr'><strong>τον</strong></span> <span class='ocrx_word' id='word_1_275' title='bbox 177 2087 442 2188; x_wconf 68' lang='grc' dir='ltr'>προδότην</span> <span class='ocrx_word' id='word_1_276' title='bbox 490 2087 707 2181; x_wconf 66' lang='grc' dir='ltr'>Ἰούδαν,</span> <span class='ocrx_word' id='word_1_277' title='bbox 755 2087 953 2179; x_wconf 80' lang='grc' dir='ltr'>παντὸς</span> <span class='ocrx_word' id='word_1_278' title='bbox 997 2115 1181 2169; x_wconf 84' lang='grc' dir='ltr'><strong>ἀδίκου</strong></span> <span class='ocrx_word' id='word_1_279' title='bbox 1215 2115 1431 2186; x_wconf 86' lang='grc' dir='ltr'>χείρονα</span> <span class='ocrx_word' id='word_1_280' title='bbox 1470 2115 1607 2184; x_wconf 84' lang='grc' dir='ltr'>γενό-</span> 
     </span>
    </p>
   </div>
   <div class='ocr_carea' id='block_1_37' title="bbox 1704 2087 3283 2188">
    <p class='ocr_par' dir='ltr' id='par_1_37' title="bbox 1719 2087 3283 2159">
     <span class='ocr_line' id='line_1_37' title="bbox 1719 2087 3283 2159; baseline 0.002 -16"><span class='ocrx_word' id='word_1_281' title='bbox 1719 2088 1905 2151; x_wconf 88' lang='lat' dir='ltr'><strong>terior,</strong></span> <span class='ocrx_word' id='word_1_282' title='bbox 1937 2087 2030 2159; x_wconf 87' lang='lat' dir='ltr'><strong>qui</strong></span> <span class='ocrx_word' id='word_1_283' title='bbox 2057 2096 2135 2142; x_wconf 92' lang='lat' dir='ltr'><strong>tot</strong></span> <span class='ocrx_word' id='word_1_284' title='bbox 2167 2089 2443 2143; x_wconf 77' lang='lat' dir='ltr'><strong>beneﬁciis</strong></span> <span class='ocrx_word' id='word_1_285' title='bbox 2476 2103 2505 2142; x_wconf 92' lang='lat' dir='ltr'><strong>a</strong></span> <span class='ocrx_word' id='word_1_286' title='bbox 2552 2088 2837 2144; x_wconf 88' lang='lat' dir='ltr'><strong>Salvatore</strong></span> <span class='ocrx_word' id='word_1_287' title='bbox 2866 2099 3115 2157; x_wconf 86' lang='lat' dir='ltr'><strong>ornatus,</strong></span> <span class='ocrx_word' id='word_1_288' title='bbox 3148 2104 3283 2146; x_wconf 85' lang='lat' dir='ltr'><strong>con-</strong></span> 
     </span>
    </p>
   </div>
   <div class='ocr_carea' id='block_1_38' title="bbox 70 2179 1607 2281">
    <p class='ocr_par' dir='ltr' id='par_1_38' title="bbox 70 2206 1607 2281">
     <span class='ocr_line' id='line_1_38' title="bbox 70 2206 1607 2281; baseline 0.001 -21"><span class='ocrx_word' id='word_1_289' title='bbox 70 2224 230 2276; x_wconf 77' lang='grc' dir='ltr'>μενον,</span> <span class='ocrx_word' id='word_1_290' title='bbox 259 2210 338 2261; x_wconf 83' lang='grc' dir='ltr'><strong>ὃτι</strong></span> <span class='ocrx_word' id='word_1_291' title='bbox 369 2209 453 2281; x_wconf 77' lang='grc' dir='ltr'><strong>δὴ,</strong></span> <span class='ocrx_word' id='word_1_292' title='bbox 481 2210 731 2263; x_wconf 76' lang='grc' dir='ltr'><strong>τοιούτων</strong></span> <span class='ocrx_word' id='word_1_293' title='bbox 764 2208 1012 2276; x_wconf 78' lang='grc' dir='ltr'>ἀξιωθεὶς</span> <span class='ocrx_word' id='word_1_294' title='bbox 1044 2206 1195 2279; x_wconf 80' lang='grc' dir='ltr'>παρὰ</span> <span class='ocrx_word' id='word_1_295' title='bbox 1221 2207 1310 2260; x_wconf 76' lang='grc' dir='ltr'>τοῦ</span> <span class='ocrx_word' id='word_1_296' title='bbox 1344 2208 1607 2281; x_wconf 74' lang='grc' dir='ltr'><strong>Σωτῆρος1</strong></span> 
     </span>
    </p>
   </div>
   <div class='ocr_carea' id='block_1_39' title="bbox 1704 2179 2836 2281">
    <p class='ocr_par' dir='ltr' id='par_1_39' title="bbox 1719 2179 2836 2249">
     <span class='ocr_line' id='line_1_39' title="bbox 1719 2179 2836 2249; baseline 0.001 -17"><span class='ocrx_word' id='word_1_297' title='bbox 1719 2179 1945 2234; x_wconf 81' lang='lat' dir='ltr'><strong>trariam</strong></span> <span class='ocrx_word' id='word_1_298' title='bbox 1979 2179 2610 2249; x_wconf 77' lang='lat' dir='ltr'><strong>sceleratamquevicem</strong></span> <span class='ocrx_word' id='word_1_299' title='bbox 2634 2180 2836 2238; x_wconf 88' lang='lat' dir='ltr'><strong>retulit.</strong></span> 
     </span>
    </p>
   </div>
   <div class='ocr_carea' id='block_1_40' title="bbox 67 2301 949 2371">
    <p class='ocr_par' dir='ltr' id='par_1_40' title="bbox 67 2301 949 2371">
     <span class='ocr_line' id='line_1_40' title="bbox 67 2301 949 2371; baseline 0.002 -21"><span class='ocrx_word' id='word_1_300' title='bbox 67 2302 159 2363; x_wconf 69' lang='grc' dir='ltr'>τοῖς</span> <span class='ocrx_word' id='word_1_301' title='bbox 191 2301 443 2363; x_wconf 69' lang='grc' dir='ltr'>ἐναντίοις</span> <span class='ocrx_word' id='word_1_302' title='bbox 476 2301 636 2354; x_wconf 76' lang='grc' dir='ltr'>αὑτὸν</span> <span class='ocrx_word' id='word_1_303' title='bbox 667 2301 949 2371; x_wconf 74' lang='grc' dir='ltr'>ἠμείψατο.</span> 
     </span>
    </p>
   </div>
   <div class='ocr_carea' id='block_1_41' title="bbox 125 2389 1617 2462">
    <p class='ocr_par' dir='ltr' id='par_1_41' title="bbox 125 2389 1617 2462">
     <span class='ocr_line' id='line_1_41' title="bbox 125 2389 1617 2462; baseline 0.001 -16"><span class='ocrx_word' id='word_1_304' title='bbox 125 2392 221 2446; x_wconf 79' lang='grc' dir='ltr'><strong>Διὰ</strong></span> <span class='ocrx_word' id='word_1_305' title='bbox 245 2392 413 2448; x_wconf 87' lang='grc' dir='ltr'>τοῦτο</span> <span class='ocrx_word' id='word_1_306' title='bbox 455 2389 975 2462; x_wconf 72' lang='grc' dir='ltr'>ὲξομολογήσομαί</span> <span class='ocrx_word' id='word_1_307' title='bbox 1003 2407 1101 2445; x_wconf 88' lang='grc' dir='ltr'><strong>σοι</strong></span> <span class='ocrx_word' id='word_1_308' title='bbox 1132 2392 1201 2445; x_wconf 84' lang='grc' dir='ltr'><strong>ἐν</strong></span> <span class='ocrx_word' id='word_1_309' title='bbox 1224 2391 1426 2446; x_wconf 80' lang='grc' dir='ltr'>ἔθνεσι</span> <span class='ocrx_word' id='word_1_310' title='bbox 1452 2394 1475 2457; x_wconf 60' lang='grc'>“,</span> <span class='ocrx_word' id='word_1_311' title='bbox 1504 2392 1617 2447; x_wconf 84' lang='grc' dir='ltr'><strong>Κύ-</strong></span> 
     </span>
    </p>
   </div>
   <div class='ocr_carea' id='block_1_42' title="bbox 60 2482 1617 2554">
    <p class='ocr_par' dir='ltr' id='par_1_42' title="bbox 60 2482 1617 2554">
     <span class='ocr_line' id='line_1_42' title="bbox 60 2482 1617 2554; baseline 0.001 -17"><span class='ocrx_word' id='word_1_312' title='bbox 60 2501 159 2549; x_wconf 72' lang='grc' dir='ltr'>ριε,</span> <span class='ocrx_word' id='word_1_313' title='bbox 193 2485 285 2538; x_wconf 73' lang='grc' dir='ltr'><strong>καί</strong></span> <span class='ocrx_word' id='word_1_314' title='bbox 330 2484 410 2549; x_wconf 84' lang='grc' dir='ltr'>τῷ</span> <span class='ocrx_word' id='word_1_315' title='bbox 440 2484 685 2553; x_wconf 76' lang='grc' dir='ltr'>ὀνόματί</span> <span class='ocrx_word' id='word_1_316' title='bbox 727 2499 845 2537; x_wconf 90' lang='grc' dir='ltr'>σου</span> <span class='ocrx_word' id='word_1_317' title='bbox 888 2482 1080 2551; x_wconf 70' lang='grc' dir='ltr'>ψαλῶ.</span> <span class='ocrx_word' id='word_1_318' title='bbox 1126 2482 1490 2554; x_wconf 73' lang='grc' dir='ltr'>Μεγαλὺνιιῖν</span> <span class='ocrx_word' id='word_1_319' title='bbox 1510 2486 1617 2551; x_wconf 84' lang='grc' dir='ltr'><strong>τὰς</strong></span> 
     </span>
    </p>
   </div>
   <div class='ocr_carea' id='block_1_43' title="bbox 67 2572 1617 2656">
    <p class='ocr_par' dir='ltr' id='par_1_43' title="bbox 67 2572 1617 2656">
     <span class='ocr_line' id='line_1_43' title="bbox 67 2572 1617 2656; baseline -0.001 -29"><span class='ocrx_word' id='word_1_320' title='bbox 67 2575 339 2656; x_wconf 57' lang='grc' dir='ltr'>σωτηρίας</span> <span class='ocrx_word' id='word_1_321' title='bbox 384 2572 493 2627; x_wconf 89' lang='grc' dir='ltr'>τοῦ</span> <span class='ocrx_word' id='word_1_322' title='bbox 522 2572 827 2639; x_wconf 78' lang='grc' dir='ltr'>,βασιλέως</span> <span class='ocrx_word' id='word_1_323' title='bbox 855 2573 1060 2635; x_wconf 85' lang='grc' dir='ltr'>αὑτοῦ,</span> <span class='ocrx_word' id='word_1_324' title='bbox 1096 2574 1193 2627; x_wconf 75' lang='grc' dir='ltr'>καὶ</span> <span class='ocrx_word' id='word_1_325' title='bbox 1228 2572 1412 2626; x_wconf 80' lang='grc' dir='ltr'>ποιῶν</span> <span class='ocrx_word' id='word_1_326' title='bbox 1446 2573 1617 2637; x_wconf 77' lang='grc' dir='ltr'>ἕλεος</span> 
     </span>
    </p>
   </div>
   <div class='ocr_carea' id='block_1_44' title="bbox 68 2661 1610 2741">
    <p class='ocr_par' dir='ltr' id='par_1_44' title="bbox 68 2661 1610 2741">
     <span class='ocr_line' id='line_1_44' title="bbox 68 2661 1610 2741; baseline -0.003 -22"><span class='ocrx_word' id='word_1_327' title='bbox 68 2667 133 2730; x_wconf 80' lang='grc' dir='ltr'>τῷ</span> <span class='ocrx_word' id='word_1_328' title='bbox 158 2666 371 2735; x_wconf 81' lang='grc' dir='ltr'>χριστῷ</span> <span class='ocrx_word' id='word_1_329' title='bbox 407 2665 593 2720; x_wconf 84' lang='grc' dir='ltr'>αὐτοῦ</span> <span class='ocrx_word' id='word_1_330' title='bbox 614 2664 812 2741; x_wconf 69' lang='grc' dir='ltr'>Δαιιῒδ.</span> <span class='ocrx_word' id='word_1_331' title='bbox 850 2666 949 2719; x_wconf 83' lang='grc' dir='ltr'>καὶ</span> <span class='ocrx_word' id='word_1_332' title='bbox 975 2664 1053 2727; x_wconf 83' lang='grc' dir='ltr'>τῷ</span> <span class='ocrx_word' id='word_1_333' title='bbox 1081 2661 1370 2733; x_wconf 76' lang='grc' dir='ltr'>σπέρματι</span> <span class='ocrx_word' id='word_1_334' title='bbox 1405 2663 1610 2727; x_wconf 84' lang='grc' dir='ltr'>αὐτοῦ,</span> 
     </span>
    </p>
   </div>
   <div class='ocr_carea' id='block_1_45' title="bbox 67 2754 1611 2830">
    <p class='ocr_par' dir='ltr' id='par_1_45' title="bbox 67 2754 1611 2830">
     <span class='ocr_line' id='line_1_45' title="bbox 67 2754 1611 2830; baseline -0.003 -18"><span class='ocrx_word' id='word_1_335' title='bbox 67 2759 159 2823; x_wconf 63' lang='grc' dir='ltr'>ἕως</span> <span class='ocrx_word' id='word_1_336' title='bbox 180 2759 403 2827; x_wconf 76' lang='grc' dir='ltr'>αὶῶνος.</span> <span class='ocrx_word' id='word_1_337' title='bbox 446 2759 570 2811; x_wconf 78' lang='grc' dir='ltr'>Ἐπὶ</span> <span class='ocrx_word' id='word_1_338' title='bbox 601 2757 660 2811; x_wconf 84' lang='grc' dir='ltr'><strong>τὸ</strong></span> <span class='ocrx_word' id='word_1_339' title='bbox 682 2759 868 2830; x_wconf 70' lang='grc' dir='ltr'>ἕτερον</span> <span class='ocrx_word' id='word_1_340' title='bbox 905 2757 1236 2829; x_wconf 86' lang='grc' dir='ltr'>μεταϐαίνει,</span> <span class='ocrx_word' id='word_1_341' title='bbox 1270 2755 1344 2817; x_wconf 84' lang='grc' dir='ltr'>ὡς</span> <span class='ocrx_word' id='word_1_342' title='bbox 1379 2754 1443 2808; x_wconf 82' lang='grc' dir='ltr'><strong>ἂν</strong></span> <span class='ocrx_word' id='word_1_343' title='bbox 1470 2754 1611 2808; x_wconf 81' lang='grc' dir='ltr'>εἴποι</span> 
     </span>
    </p>
   </div>
   <div class='ocr_carea' id='block_1_46' title="bbox 68 2848 1611 2923">
    <p class='ocr_par' dir='ltr' id='par_1_46' title="bbox 68 2848 1611 2923">
     <span class='ocr_line' id='line_1_46' title="bbox 68 2848 1611 2923; baseline -0.001 -22"><span class='ocrx_word' id='word_1_344' title='bbox 68 2868 136 2913; x_wconf 82' lang='grc' dir='ltr'><strong>τις</strong></span> <span class='ocrx_word' id='word_1_345' title='bbox 158 2851 213 2903; x_wconf 85' lang='grc' dir='ltr'><strong>τὸ</strong></span> <span class='ocrx_word' id='word_1_346' title='bbox 236 2851 402 2917; x_wconf 80' lang='grc' dir='ltr'>δεξιὸν</span> <span class='ocrx_word' id='word_1_347' title='bbox 428 2852 635 2919; x_wconf 80' lang='grc' dir='ltr'>τάγμα,</span> <span class='ocrx_word' id='word_1_348' title='bbox 676 2853 768 2904; x_wconf 68' lang='grc' dir='ltr'>καὶ</span> <span class='ocrx_word' id='word_1_349' title='bbox 798 2852 941 2904; x_wconf 79' lang='grc' dir='ltr'>ἔστιν</span> <span class='ocrx_word' id='word_1_350' title='bbox 964 2850 1156 2923; x_wconf 70' lang='grc' dir='ltr'>ἔργοις</span> <span class='ocrx_word' id='word_1_351' title='bbox 1192 2849 1371 2911; x_wconf 85' lang='grc' dir='ltr'>αὐτοῖς</span> <span class='ocrx_word' id='word_1_352' title='bbox 1404 2848 1496 2900; x_wconf 76' lang='grc' dir='ltr'>καὶ</span> <span class='ocrx_word' id='word_1_353' title='bbox 1517 2848 1611 2916; x_wconf 82' lang='grc' dir='ltr'><strong>ὀφ-</strong></span> 
     </span>
    </p>
   </div>
   <div class='ocr_carea' id='block_1_47' title="bbox 71 2938 1610 3015">
    <p class='ocr_par' dir='ltr' id='par_1_47' title="bbox 71 2938 1610 3015">
     <span class='ocr_line' id='line_1_47' title="bbox 71 2938 1610 3015; baseline -0.001 -21"><span class='ocrx_word' id='word_1_354' title='bbox 71 2941 265 3014; x_wconf 74' lang='grc' dir='ltr'>θαλμοῖς</span> <span class='ocrx_word' id='word_1_355' title='bbox 315 2943 682 3013; x_wconf 75' lang='grc' dir='ltr'>παραλαϐεῖνο</span> <span class='ocrx_word' id='word_1_356' title='bbox 716 2942 905 3015; x_wconf 75' lang='grc' dir='ltr'>ὥσπερ</span> <span class='ocrx_word' id='word_1_357' title='bbox 945 2944 974 2996; x_wconf 99' lang='lat'><strong>6</strong></span> <span class='ocrx_word' id='word_1_358' title='bbox 1017 2940 1178 2994; x_wconf 74' lang='grc' dir='ltr'>Δαυῒδ</span> <span class='ocrx_word' id='word_1_359' title='bbox 1213 2940 1348 3012; x_wconf 83' lang='grc' dir='ltr'>μετὰ</span> <span class='ocrx_word' id='word_1_360' title='bbox 1372 2940 1469 3011; x_wconf 82' lang='grc' dir='ltr'>τὴν</span> <span class='ocrx_word' id='word_1_361' title='bbox 1516 2938 1610 2993; x_wconf 79' lang='grc' dir='ltr'>τοῦ</span> 
     </span>
    </p>
   </div>
   <div class='ocr_carea' id='block_1_48' title="bbox 68 3031 1610 3109">
    <p class='ocr_par' dir='ltr' id='par_1_48' title="bbox 68 3031 1610 3109">
     <span class='ocr_line' id='line_1_48' title="bbox 68 3031 1610 3109; baseline 0 -22"><span class='ocrx_word' id='word_1_362' title='bbox 68 3035 461 3108; x_wconf 61' lang='grc' dir='ltr'>Σιηῆροςήμῶν</span> <span class='ocrx_word' id='word_1_363' title='bbox 496 3036 814 3109; x_wconf 75' lang='grc' dir='ltr'>παρουσίαν,</span> <span class='ocrx_word' id='word_1_364' title='bbox 850 3035 1039 3107; x_wconf 80' lang='grc' dir='ltr'>ὥσπερ</span> <span class='ocrx_word' id='word_1_365' title='bbox 1071 3035 1237 3088; x_wconf 83' lang='grc' dir='ltr'>είσὲτι</span> <span class='ocrx_word' id='word_1_366' title='bbox 1266 3034 1359 3087; x_wconf 76' lang='grc' dir='ltr'>καὶ</span> <span class='ocrx_word' id='word_1_367' title='bbox 1388 3033 1483 3087; x_wconf 83' lang='grc' dir='ltr'>νῦν</span> <span class='ocrx_word' id='word_1_368' title='bbox 1504 3031 1610 3098; x_wconf 77' lang='grc' dir='ltr'><strong>ζῶν</strong></span> 
     </span>
    </p>
   </div>
   <div class='ocr_carea' id='block_1_49' title="bbox 68 3127 1608 3202">
    <p class='ocr_par' dir='ltr' id='par_1_49' title="bbox 68 3127 1608 3202">
     <span class='ocr_line' id='line_1_49' title="bbox 68 3127 1608 3202; baseline 0.001 -22"><span class='ocrx_word' id='word_1_369' title='bbox 68 3129 146 3180; x_wconf 74' lang='grc' dir='ltr'><strong>καὶ</strong></span> <span class='ocrx_word' id='word_1_370' title='bbox 173 3131 262 3181; x_wconf 65' lang='grc' dir='ltr'><strong>σὺν</strong></span> <span class='ocrx_word' id='word_1_371' title='bbox 310 3130 616 3202; x_wconf 84' lang='grc' dir='ltr'>ἀνθρώποις</span> <span class='ocrx_word' id='word_1_372' title='bbox 650 3128 1081 3201; x_wconf 79' lang='grc' dir='ltr'>πολιτευόμενος,</span> <span class='ocrx_word' id='word_1_373' title='bbox 1131 3128 1219 3183; x_wconf 76' lang='grc' dir='ltr'><strong>διὰ</strong></span> <span class='ocrx_word' id='word_1_374' title='bbox 1266 3128 1373 3182; x_wconf 84' lang='grc' dir='ltr'>τῶν</span> <span class='ocrx_word' id='word_1_375' title='bbox 1417 3127 1608 3182; x_wconf 77' lang='grc' dir='ltr'>ἑαυτοῦ</span> 
     </span>
    </p>
   </div>
   <div class='ocr_carea' id='block_1_50' title="bbox 68 3220 1610 3294">
    <p class='ocr_par' dir='ltr' id='par_1_50' title="bbox 68 3220 1610 3294">
     <span class='ocr_line' id='line_1_50' title="bbox 68 3220 1610 3294; baseline -0.001 -19"><span class='ocrx_word' id='word_1_376' title='bbox 68 3223 264 3291; x_wconf 73' lang='grc' dir='ltr'>γραφῶν</span> <span class='ocrx_word' id='word_1_377' title='bbox 293 3223 444 3292; x_wconf 78' lang='grc' dir='ltr'>ᾠδῶν</span> <span class='ocrx_word' id='word_1_378' title='bbox 477 3240 536 3276; x_wconf 84' lang='grc' dir='ltr'><strong>τε</strong></span> <span class='ocrx_word' id='word_1_379' title='bbox 566 3224 658 3276; x_wconf 80' lang='grc' dir='ltr'><strong>καὶ</strong></span> <span class='ocrx_word' id='word_1_380' title='bbox 687 3223 869 3294; x_wconf 78' lang='grc' dir='ltr'>ὓμνων</span> <span class='ocrx_word' id='word_1_381' title='bbox 902 3224 959 3275; x_wconf 82' lang='grc' dir='ltr'>ὲν</span> <span class='ocrx_word' id='word_1_382' title='bbox 988 3223 1119 3275; x_wconf 82' lang='grc' dir='ltr'>πᾶσι</span> <span class='ocrx_word' id='word_1_383' title='bbox 1143 3223 1253 3285; x_wconf 84' lang='grc' dir='ltr'>τοῖς</span> <span class='ocrx_word' id='word_1_384' title='bbox 1282 3220 1455 3275; x_wconf 81' lang='grc' dir='ltr'>ἔθνεσι</span> <span class='ocrx_word' id='word_1_385' title='bbox 1474 3221 1610 3291; x_wconf 75' lang='grc' dir='ltr'><strong>ψάλ-</strong></span> 
     </span>
    </p>
   </div>
   <div class='ocr_carea' id='block_1_51' title="bbox 68 3312 1608 3385">
    <p class='ocr_par' dir='ltr' id='par_1_51' title="bbox 68 3312 1608 3385">
     <span class='ocr_line' id='line_1_51' title="bbox 68 3312 1608 3385; baseline 0.003 -22"><span class='ocrx_word' id='word_1_386' title='bbox 68 3312 134 3363; x_wconf 80' lang='grc' dir='ltr'><strong>λει</strong></span> <span class='ocrx_word' id='word_1_387' title='bbox 162 3314 232 3383; x_wconf 78' lang='grc' dir='ltr'>τῷ</span> <span class='ocrx_word' id='word_1_388' title='bbox 258 3314 373 3384; x_wconf 84' lang='grc' dir='ltr'>Θεῷ</span> <span class='ocrx_word' id='word_1_389' title='bbox 395 3314 503 3367; x_wconf 81' lang='grc' dir='ltr'>τῶν</span> <span class='ocrx_word' id='word_1_390' title='bbox 539 3314 705 3367; x_wconf 88' lang='grc' dir='ltr'>ὅλων·</span> <span class='ocrx_word' id='word_1_391' title='bbox 736 3315 828 3367; x_wconf 76' lang='grc' dir='ltr'><strong>καὶ</strong></span> <span class='ocrx_word' id='word_1_392' title='bbox 860 3316 889 3367; x_wconf 89' lang='lat'><strong>6</strong></span> <span class='ocrx_word' id='word_1_393' title='bbox 916 3314 979 3366; x_wconf 80' lang='grc' dir='ltr'>ἐκ</span> <span class='ocrx_word' id='word_1_394' title='bbox 1010 3313 1319 3385; x_wconf 82' lang='grc' dir='ltr'>σπέρματος</span> <span class='ocrx_word' id='word_1_395' title='bbox 1354 3312 1420 3365; x_wconf 81' lang='grc' dir='ltr'><strong>δι’</strong></span> <span class='ocrx_word' id='word_1_396' title='bbox 1445 3312 1608 3367; x_wconf 79' lang='grc' dir='ltr'>αὑτοῦ</span> 
     </span>
    </p>
   </div>
   <div class='ocr_carea' id='block_1_52' title="bbox 1791 2372 3273 2445">
    <p class='ocr_par' dir='ltr' id='par_1_52' title="bbox 1791 2372 3273 2445">
     <span class='ocr_line' id='line_1_52' title="bbox 1791 2372 3273 2445; baseline 0.003 -16"><span class='ocrx_word' id='word_1_397' title='bbox 1791 2372 1954 2430; x_wconf 72' lang='lat' dir='ltr'><strong>Vens.</strong></span> <span class='ocrx_word' id='word_1_398' title='bbox 1974 2374 2063 2437; x_wconf 83' lang='lat'><strong>50,</strong></span> <span class='ocrx_word' id='word_1_399' title='bbox 2096 2374 2183 2429; x_wconf 87' lang='lat'><strong>5|.</strong></span> <span class='ocrx_word' id='word_1_400' title='bbox 2214 2373 2499 2445; x_wconf 86' lang='lat' dir='ltr'><strong>Propterea</strong></span> <span class='ocrx_word' id='word_1_401' title='bbox 2527 2374 2812 2445; x_wconf 78' lang='lat' dir='ltr'><strong>confitebor</strong></span> <span class='ocrx_word' id='word_1_402' title='bbox 2839 2376 2931 2429; x_wconf 89' lang='lat' dir='ltr'><strong>tibi</strong></span> <span class='ocrx_word' id='word_1_403' title='bbox 2961 2377 3015 2430; x_wconf 88' lang='lat' dir='ltr'><strong><em>in</em></strong></span> <span class='ocrx_word' id='word_1_404' title='bbox 3046 2379 3273 2434; x_wconf 87' lang='lat' dir='ltr'><strong>nationi-</strong></span> 
     </span>
    </p>
   </div>
   <div class='ocr_carea' id='block_1_53' title="bbox 1719 2465 3279 2536">
    <p class='ocr_par' dir='ltr' id='par_1_53' title="bbox 1719 2465 3279 2536">
     <span class='ocr_line' id='line_1_53' title="bbox 1719 2465 3279 2536; baseline 0.004 -18"><span class='ocrx_word' id='word_1_405' title='bbox 1719 2465 1837 2529; x_wconf 84' lang='lat' dir='ltr'><strong>bus,</strong></span> <span class='ocrx_word' id='word_1_406' title='bbox 1873 2466 2116 2530; x_wconf 78' lang='lat' dir='ltr'><strong>Domine,</strong></span> <span class='ocrx_word' id='word_1_407' title='bbox 2154 2477 2202 2521; x_wconf 89' lang='lat' dir='ltr'><strong>et</strong></span> <span class='ocrx_word' id='word_1_408' title='bbox 2226 2469 2427 2521; x_wconf 90' lang='lat' dir='ltr'><strong>nomini</strong></span> <span class='ocrx_word' id='word_1_409' title='bbox 2468 2476 2557 2521; x_wconf 89' lang='lat' dir='ltr'><strong>tuo</strong></span> <span class='ocrx_word' id='word_1_410' title='bbox 2598 2467 2864 2536; x_wconf 83' lang='lat' dir='ltr'><strong>psalmum</strong></span> <span class='ocrx_word' id='word_1_411' title='bbox 2913 2468 3107 2523; x_wconf 87' lang='lat' dir='ltr'><strong>dicam.</strong></span> <span class='ocrx_word' id='word_1_412' title='bbox 3156 2468 3279 2525; x_wconf 77' lang='lat' dir='ltr'><strong>Ma-</strong></span> 
     </span>
    </p>
   </div>
   <div class='ocr_carea' id='block_1_54' title="bbox 1715 2558 3278 2629">
    <p class='ocr_par' dir='ltr' id='par_1_54' title="bbox 1715 2558 3278 2629">
     <span class='ocr_line' id='line_1_54' title="bbox 1715 2558 3278 2629; baseline 0.004 -19"><span class='ocrx_word' id='word_1_413' title='bbox 1715 2559 1976 2627; x_wconf 83' lang='lat' dir='ltr'><strong>gniﬁcans</strong></span> <span class='ocrx_word' id='word_1_414' title='bbox 2030 2558 2228 2613; x_wconf 80' lang='lat' dir='ltr'><strong>salutes</strong></span> <span class='ocrx_word' id='word_1_415' title='bbox 2288 2562 2425 2629; x_wconf 85' lang='lat' dir='ltr'><strong>regis</strong></span> <span class='ocrx_word' id='word_1_416' title='bbox 2475 2559 2613 2629; x_wconf 83' lang='lat' dir='ltr'><strong>ejus,</strong></span> <span class='ocrx_word' id='word_1_417' title='bbox 2648 2570 2699 2613; x_wconf 90' lang='lat' dir='ltr'><strong>et</strong></span> <span class='ocrx_word' id='word_1_418' title='bbox 2728 2559 2928 2629; x_wconf 83' lang='lat' dir='ltr'><strong>faciens</strong></span> <span class='ocrx_word' id='word_1_419' title='bbox 2980 2562 3278 2617; x_wconf 84' lang='lat' dir='ltr'><strong>misericor-</strong></span> 
     </span>
    </p>
   </div>
   <div class='ocr_carea' id='block_1_55' title="bbox 1714 2648 3278 2723">
    <p class='ocr_par' dir='ltr' id='par_1_55' title="bbox 1714 2648 3278 2723">
     <span class='ocr_line' id='line_1_55' title="bbox 1714 2648 3278 2723; baseline 0.007 -24"><span class='ocrx_word' id='word_1_420' title='bbox 1714 2649 1858 2700; x_wconf 84' lang='lat' dir='ltr'><strong>diam</strong></span> <span class='ocrx_word' id='word_1_421' title='bbox 1910 2648 2104 2702; x_wconf 82' lang='lat' dir='ltr'><strong>cItristo</strong></span> <span class='ocrx_word' id='word_1_422' title='bbox 2138 2666 2233 2703; x_wconf 91' lang='lat' dir='ltr'><strong>suo</strong></span> <span class='ocrx_word' id='word_1_423' title='bbox 2278 2649 2471 2714; x_wconf 85' lang='lat' dir='ltr'><strong>David,</strong></span> <span class='ocrx_word' id='word_1_424' title='bbox 2516 2660 2565 2705; x_wconf 88' lang='lat' dir='ltr'><strong>et</strong></span> <span class='ocrx_word' id='word_1_425' title='bbox 2614 2651 2801 2706; x_wconf 82' lang='lat' dir='ltr'><strong>semini</strong></span> <span class='ocrx_word' id='word_1_426' title='bbox 2850 2652 2964 2721; x_wconf 87' lang='lat' dir='ltr'><strong>ejus</strong></span> <span class='ocrx_word' id='word_1_427' title='bbox 3011 2668 3173 2723; x_wconf 87' lang='lat' dir='ltr'><strong>usque</strong></span> <span class='ocrx_word' id='word_1_428' title='bbox 3222 2657 3278 2710; x_wconf 86' lang='lat' dir='ltr'><strong>in</strong></span> 
     </span>
    </p>
   </div>
   <div class='ocr_carea' id='block_1_56' title="bbox 1713 2732 3274 2800">
    <p class='ocr_par' dir='ltr' id='par_1_56' title="bbox 1713 2732 3274 2800">
     <span class='ocr_line' id='line_1_56' title="bbox 1713 2732 3274 2800; baseline 0.006 -14"><span class='ocrx_word' id='word_1_429' title='bbox 1713 2732 1986 2787; x_wconf 64' lang='lat' dir='ltr'><strong>sarculum.</strong></span> <span class='ocrx_word' id='word_1_430' title='bbox 2041 2732 2122 2786; x_wconf 84' lang='lat' dir='ltr'><strong>Ad</strong></span> <span class='ocrx_word' id='word_1_431' title='bbox 2157 2734 2412 2798; x_wconf 82' lang='lat' dir='ltr'><strong>alterum,</strong></span> <span class='ocrx_word' id='word_1_432' title='bbox 2455 2742 2527 2797; x_wconf 92' lang='lat' dir='ltr'><strong>et,</strong></span> <span class='ocrx_word' id='word_1_433' title='bbox 2564 2746 2625 2789; x_wconf 91' lang='lat' dir='ltr'><strong>ut</strong></span> <span class='ocrx_word' id='word_1_434' title='bbox 2668 2737 2742 2790; x_wconf 89' lang='lat' dir='ltr'><strong>ita</strong></span> <span class='ocrx_word' id='word_1_435' title='bbox 2784 2735 2985 2800; x_wconf 87' lang='lat' dir='ltr'><strong>dicam,</strong></span> <span class='ocrx_word' id='word_1_436' title='bbox 3018 2737 3274 2796; x_wconf 76' lang='lat' dir='ltr'><strong>dextrum</strong></span> 
     </span>
    </p>
   </div>
   <div class='ocr_carea' id='block_1_57' title="bbox 1712 2824 3275 2903">
    <p class='ocr_par' dir='ltr' id='par_1_57' title="bbox 1712 2824 3275 2903">
     <span class='ocr_line' id='line_1_57' title="bbox 1712 2824 3275 2903; baseline 0.004 -23"><span class='ocrx_word' id='word_1_437' title='bbox 1712 2824 1958 2880; x_wconf 84' lang='lat' dir='ltr'><strong>ordinem</strong></span> <span class='ocrx_word' id='word_1_438' title='bbox 1994 2840 2310 2903; x_wconf 87' lang='lat' dir='ltr'><strong>sermonem</strong></span> <span class='ocrx_word' id='word_1_439' title='bbox 2345 2826 2624 2894; x_wconf 75' lang='lat' dir='ltr'><strong>transfert,</strong></span> <span class='ocrx_word' id='word_1_440' title='bbox 2679 2838 2736 2882; x_wconf 94' lang='lat' dir='ltr'><strong>ut</strong></span> <span class='ocrx_word' id='word_1_441' title='bbox 2793 2828 2878 2880; x_wconf 81' lang='lat' dir='ltr'><strong>vel</strong></span> <span class='ocrx_word' id='word_1_442' title='bbox 2939 2829 3071 2897; x_wconf 89' lang='lat' dir='ltr'><strong>ipsis</strong></span> <span class='ocrx_word' id='word_1_443' title='bbox 3108 2832 3275 2888; x_wconf 86' lang='lat' dir='ltr'><strong>rebus</strong></span> 
     </span>
    </p>
   </div>
   <div class='ocr_carea' id='block_1_58' title="bbox 1711 2917 3265 2986">
    <p class='ocr_par' dir='ltr' id='par_1_58' title="bbox 1711 2917 3265 2986">
     <span class='ocr_line' id='line_1_58' title="bbox 1711 2917 3265 2986; baseline 0.006 -17"><span class='ocrx_word' id='word_1_444' title='bbox 1711 2923 1873 2986; x_wconf 85' lang='lat' dir='ltr'><strong>atque</strong></span> <span class='ocrx_word' id='word_1_445' title='bbox 1927 2917 2101 2985; x_wconf 85' lang='lat' dir='ltr'><strong>oculis</strong></span> <span class='ocrx_word' id='word_1_446' title='bbox 2150 2918 2581 2975; x_wconf 81' lang='lat' dir='ltr'><strong>animadvertere</strong></span> <span class='ocrx_word' id='word_1_447' title='bbox 2634 2928 2736 2975; x_wconf 89' lang='lat' dir='ltr'><strong>est.</strong></span> <span class='ocrx_word' id='word_1_448' title='bbox 2796 2917 3265 2985; x_wconf 83' lang='lat' dir='ltr'><strong>Quemadmodum</strong></span> 
     </span>
    </p>
   </div>
   <div class='ocr_carea' id='block_1_59' title="bbox 1715 3005 3274 3079">
    <p class='ocr_par' dir='ltr' id='par_1_59' title="bbox 1715 3005 3274 3079">
     <span class='ocr_line' id='line_1_59' title="bbox 1715 3005 3274 3079; baseline 0.01 -19"><span class='ocrx_word' id='word_1_449' title='bbox 1715 3005 1881 3062; x_wconf 86' lang='lat' dir='ltr'><strong>David</strong></span> <span class='ocrx_word' id='word_1_450' title='bbox 1926 3018 2047 3079; x_wconf 89' lang='lat' dir='ltr'><strong>post</strong></span> <span class='ocrx_word' id='word_1_451' title='bbox 2082 3007 2383 3066; x_wconf 88' lang='lat' dir='ltr'><strong>Salvatoris</strong></span> <span class='ocrx_word' id='word_1_452' title='bbox 2433 3012 2609 3065; x_wconf 84' lang='lat' dir='ltr'><strong>nostri</strong></span> <span class='ocrx_word' id='word_1_453' title='bbox 2649 3014 2967 3077; x_wconf 85' lang='lat' dir='ltr'><strong>adventum,</strong></span> <span class='ocrx_word' id='word_1_454' title='bbox 3002 3012 3274 3075; x_wconf 81' lang='lat' dir='ltr'><strong>hactenus</strong></span> 
     </span>
    </p>
   </div>
   <div class='ocr_carea' id='block_1_60' title="bbox 1709 3102 3270 3175">
    <p class='ocr_par' dir='ltr' id='par_1_60' title="bbox 1709 3102 3270 3175">
     <span class='ocr_line' id='line_1_60' title="bbox 1709 3102 3270 3175; baseline 0.004 -19"><span class='ocrx_word' id='word_1_455' title='bbox 1709 3102 1867 3173; x_wconf 84' lang='lat' dir='ltr'><strong>quasi</strong></span> <span class='ocrx_word' id='word_1_456' title='bbox 1904 3103 1959 3157; x_wconf 90' lang='lat' dir='ltr'><strong>in</strong></span> <span class='ocrx_word' id='word_1_457' title='bbox 2004 3104 2140 3159; x_wconf 89' lang='lat' dir='ltr'><strong>vivis</strong></span> <span class='ocrx_word' id='word_1_458' title='bbox 2178 3112 2322 3159; x_wconf 87' lang='lat' dir='ltr'><strong>esset</strong></span> <span class='ocrx_word' id='word_1_459' title='bbox 2355 3120 2419 3159; x_wconf 90' lang='lat' dir='ltr'><strong>ac</strong></span> <span class='ocrx_word' id='word_1_460' title='bbox 2448 3119 2572 3160; x_wconf 89' lang='lat' dir='ltr'><strong>cum</strong></span> <span class='ocrx_word' id='word_1_461' title='bbox 2598 3104 2909 3161; x_wconf 90' lang='lat' dir='ltr'><strong>hominibus</strong></span> <span class='ocrx_word' id='word_1_462' title='bbox 2940 3115 3270 3175; x_wconf 82' lang='lat' dir='ltr'><strong>versaretur,</strong></span> 
     </span>
    </p>
   </div>
   <div class='ocr_carea' id='block_1_61' title="bbox 1710 3184 3271 3273">
    <p class='ocr_par' dir='ltr' id='par_1_61' title="bbox 1710 3184 3271 3273">
     <span class='ocr_line' id='line_1_61' title="bbox 1710 3184 3271 3273; baseline 0.005 -23"><span class='ocrx_word' id='word_1_463' title='bbox 1710 3197 1923 3252; x_wconf 87' lang='lat' dir='ltr'><strong>censeri</strong></span> <span class='ocrx_word' id='word_1_464' title='bbox 1951 3203 2150 3265; x_wconf 84' lang='lat' dir='ltr'><strong>potest,</strong></span> <span class='ocrx_word' id='word_1_465' title='bbox 2171 3210 2234 3251; x_wconf 88' lang='lat' dir='ltr'><strong>ac</strong></span> <span class='ocrx_word' id='word_1_466' title='bbox 2262 3212 2359 3267; x_wconf 86' lang='lat' dir='ltr'><strong>per</strong></span> <span class='ocrx_word' id='word_1_467' title='bbox 2389 3184 2591 3267; x_wconf 86' lang='lat' dir='ltr'><strong>scripta</strong></span> <span class='ocrx_word' id='word_1_468' title='bbox 2623 3214 2742 3262; x_wconf 88' lang='lat' dir='ltr'><strong>sua,</strong></span> <span class='ocrx_word' id='word_1_469' title='bbox 2776 3199 3009 3265; x_wconf 87' lang='lat' dir='ltr'><strong>cantica,</strong></span> <span class='ocrx_word' id='word_1_470' title='bbox 3042 3200 3271 3273; x_wconf 85' lang='lat' dir='ltr'><strong>hymnos</strong></span> 
     </span>
    </p>
   </div>
   <div class='ocr_carea' id='block_1_62' title="bbox 1637 3272 3269 3359">
    <p class='ocr_par' dir='ltr' id='par_1_62' title="bbox 1637 3272 3269 3359">
     <span class='ocr_line' id='line_1_62' title="bbox 1637 3272 3269 3359; baseline 0.004 -16"><span class='ocrx_word' id='word_1_471' title='bbox 1637 3272 1678 3330; x_wconf 68' lang='grc' dir='ltr'><strong>(ἶ</strong></span> <span class='ocrx_word' id='word_1_472' title='bbox 1711 3288 1766 3345; x_wconf 90' lang='lat' dir='ltr'><strong>in</strong></span> <span class='ocrx_word' id='word_1_473' title='bbox 1827 3287 2085 3343; x_wconf 86' lang='lat' dir='ltr'><strong>omnibus</strong></span> <span class='ocrx_word' id='word_1_474' title='bbox 2130 3288 2384 3359; x_wconf 74' lang='lat' dir='ltr'><strong>gentibus</strong></span> <span class='ocrx_word' id='word_1_475' title='bbox 2446 3288 2629 3358; x_wconf 87' lang='lat' dir='ltr'><strong>psallit</strong></span> <span class='ocrx_word' id='word_1_476' title='bbox 2684 3272 3269 3359; x_wconf 79' lang='lat' dir='ltr'><strong>universoruntDeo;</strong></span> 
     </span>
    </p>
   </div>
   <div class='ocr_carea' id='block_1_63' title="bbox 70 3379 1607 3477">
    <p class='ocr_par' dir='ltr' id='par_1_63' title="bbox 70 3399 1607 3477">
     <span class='ocr_line' id='line_1_63' title="bbox 70 3399 1607 3477; baseline 0.003 -22"><span class='ocrx_word' id='word_1_477' title='bbox 70 3404 293 3470; x_wconf 73' lang='grc' dir='ltr'>γεγονὼς,</span> <span class='ocrx_word' id='word_1_478' title='bbox 342 3399 404 3458; x_wconf 75' lang='grc' dir='ltr'>οὗ</span> <span class='ocrx_word' id='word_1_479' title='bbox 452 3408 530 3468; x_wconf 87' lang='grc' dir='ltr'>εις</span> <span class='ocrx_word' id='word_1_480' title='bbox 575 3406 863 3476; x_wconf 83' lang='grc' dir='ltr'>πρόσωπον</span> <span class='ocrx_word' id='word_1_481' title='bbox 898 3404 1225 3475; x_wconf 76' lang='grc' dir='ltr'>ἀναφέρεται</span> <span class='ocrx_word' id='word_1_482' title='bbox 1277 3403 1345 3458; x_wconf 81' lang='grc' dir='ltr'>τὰ</span> <span class='ocrx_word' id='word_1_483' title='bbox 1390 3406 1607 3477; x_wconf 85' lang='grc' dir='ltr'>προκεί-</span> 
     </span>
    </p>
   </div>
   <div class='ocr_carea' id='block_1_64' title="bbox 1704 3379 3268 3477">
    <p class='ocr_par' dir='ltr' id='par_1_64' title="bbox 1710 3379 3268 3453">
     <span class='ocr_line' id='line_1_64' title="bbox 1710 3379 3268 3453; baseline 0.004 -21"><span class='ocrx_word' id='word_1_484' title='bbox 1710 3380 1784 3433; x_wconf 88' lang='lat' dir='ltr'><strong>ita</strong></span> <span class='ocrx_word' id='word_1_485' title='bbox 1817 3379 1864 3434; x_wconf 90' lang='lat' dir='ltr'><strong>is</strong></span> <span class='ocrx_word' id='word_1_486' title='bbox 1891 3379 1985 3449; x_wconf 87' lang='lat' dir='ltr'><strong>qui</strong></span> <span class='ocrx_word' id='word_1_487' title='bbox 2009 3394 2076 3434; x_wconf 82' lang='lat' dir='ltr'><strong>ex</strong></span> <span class='ocrx_word' id='word_1_488' title='bbox 2106 3380 2313 3435; x_wconf 89' lang='lat' dir='ltr'><strong>semine</strong></span> <span class='ocrx_word' id='word_1_489' title='bbox 2340 3380 2460 3448; x_wconf 87' lang='lat' dir='ltr'><strong>ejus</strong></span> <span class='ocrx_word' id='word_1_490' title='bbox 2490 3380 2668 3435; x_wconf 82' lang='lat' dir='ltr'><strong>factus</strong></span> <span class='ocrx_word' id='word_1_491' title='bbox 2707 3392 2811 3446; x_wconf 90' lang='lat' dir='ltr'><strong>est,</strong></span> <span class='ocrx_word' id='word_1_492' title='bbox 2857 3381 2923 3435; x_wconf 87' lang='lat' dir='ltr'><strong>ad</strong></span> <span class='ocrx_word' id='word_1_493' title='bbox 2952 3383 3112 3451; x_wconf 90' lang='lat' dir='ltr'><strong>cujus</strong></span> <span class='ocrx_word' id='word_1_494' title='bbox 3140 3399 3268 3453; x_wconf 66' lang='grc' dir='ltr'>ρει-α</span> 
     </span>
    </p>
   </div>
   <div class='ocr_carea' id='block_1_65' title="bbox 73 3471 1607 3567">
    <p class='ocr_par' dir='ltr' id='par_1_65' title="bbox 73 3471 1607 3567">
     <span class='ocr_line' id='line_1_65' title="bbox 73 3471 1607 3567; baseline 0.003 -21"><span class='ocrx_word' id='word_1_495' title='bbox 73 3510 205 3563; x_wconf 59' lang='lat' dir='ltr'><strong>psse,</strong></span> <span class='ocrx_word' id='word_1_496' title='bbox 234 3496 430 3565; x_wconf 80' lang='grc' dir='ltr'>ὁμοίως</span> <span class='ocrx_word' id='word_1_497' title='bbox 473 3471 732 3567; x_wconf 76' lang='grc' dir='ltr'>κρείττων</span> <span class='ocrx_word' id='word_1_498' title='bbox 764 3471 1049 3565; x_wconf 72' lang='grc' dir='ltr'>γενόμενος</span> <span class='ocrx_word' id='word_1_499' title='bbox 1078 3471 1196 3548; x_wconf 22' lang='grc' dir='ltr'><strong>ήτῶν</strong></span> <span class='ocrx_word' id='word_1_500' title='bbox 1236 3471 1607 3551; x_wconf 76' lang='grc' dir='ltr'>ἐπιϐεϐουλευ-</span> 
     </span>
    </p>
   </div>
   <div class='ocr_carea' id='block_1_66' title="bbox 1704 3471 3337 3567">
    <p class='ocr_par' dir='ltr' id='par_1_66' title="bbox 1707 3471 3337 3540">
     <span class='ocr_line' id='line_1_66' title="bbox 1707 3471 3337 3540; baseline 0.004 -15"><span class='ocrx_word' id='word_1_501' title='bbox 1707 3486 1899 3526; x_wconf 86' lang='lat' dir='ltr'><strong>sonam</strong></span> <span class='ocrx_word' id='word_1_502' title='bbox 1922 3484 1984 3525; x_wconf 86' lang='lat' dir='ltr'><strong>ea</strong></span> <span class='ocrx_word' id='word_1_503' title='bbox 2012 3486 2131 3540; x_wconf 72' lang='lat' dir='ltr'><strong>quae</strong></span> <span class='ocrx_word' id='word_1_504' title='bbox 2153 3471 2266 3540; x_wconf 93' lang='lat' dir='ltr'><strong>jam</strong></span> <span class='ocrx_word' id='word_1_505' title='bbox 2294 3480 2590 3526; x_wconf 86' lang='lat' dir='ltr'><strong>tractamus</strong></span> <span class='ocrx_word' id='word_1_506' title='bbox 2616 3472 2757 3526; x_wconf 90' lang='lat' dir='ltr'><strong>dicta</strong></span> <span class='ocrx_word' id='word_1_507' title='bbox 2775 3472 3107 3539; x_wconf 81' lang='lat' dir='ltr'><strong>referuntur,</strong></span> <span class='ocrx_word' id='word_1_508' title='bbox 3139 3490 3265 3532; x_wconf 83' lang='lat' dir='ltr'><strong>cum</strong></span> <span class='ocrx_word' id='word_1_509' title='bbox 3328 3506 3337 3515; x_wconf 83' lang='lat'><strong>-</strong></span> 
     </span>
    </p>
   </div>
   <div class='ocr_carea' id='block_1_67' title="bbox 72 3562 1607 3657">
    <p class='ocr_par' dir='ltr' id='par_1_67' title="bbox 72 3585 1607 3657">
     <span class='ocr_line' id='line_1_67' title="bbox 72 3585 1607 3657; baseline 0.004 -20"><span class='ocrx_word' id='word_1_510' title='bbox 72 3585 215 3638; x_wconf 79' lang='grc' dir='ltr'>ιιότων</span> <span class='ocrx_word' id='word_1_511' title='bbox 235 3586 399 3657; x_wconf 68' lang='grc' dir='ltr'>αὐτῷ,</span> <span class='ocrx_word' id='word_1_512' title='bbox 426 3586 569 3641; x_wconf 83' lang='grc' dir='ltr'>εἴποι</span> <span class='ocrx_word' id='word_1_513' title='bbox 595 3588 657 3641; x_wconf 85' lang='grc' dir='ltr'>ἄν</span> <span class='ocrx_word' id='word_1_514' title='bbox 677 3604 690 3617; x_wconf 79' lang='grc' dir='ltr'><strong><em>ο</em></strong></span> <span class='ocrx_word' id='word_1_515' title='bbox 716 3587 821 3641; x_wconf 81' lang='lat' dir='ltr'><strong>Kal</strong></span> <span class='ocrx_word' id='word_1_516' title='bbox 850 3585 967 3640; x_wconf 80' lang='grc' dir='ltr'><strong>ἀπὸ</strong></span> <span class='ocrx_word' id='word_1_517' title='bbox 984 3585 1104 3640; x_wconf 83' lang='grc' dir='ltr'><strong>τῶν</strong></span> <span class='ocrx_word' id='word_1_518' title='bbox 1121 3587 1607 3655; x_wconf 73' lang='grc' dir='ltr'>ἐπανισταμένων</span> 
     </span>
    </p>
   </div>
   <div class='ocr_carea' id='block_1_68' title="bbox 1704 3562 3266 3657">
    <p class='ocr_par' dir='ltr' id='par_1_68' title="bbox 1705 3562 3266 3637">
     <span class='ocr_line' id='line_1_68' title="bbox 1705 3562 3266 3637; baseline 0.004 -22"><span class='ocrx_word' id='word_1_519' title='bbox 1705 3563 1819 3633; x_wconf 86' lang='lat' dir='ltr'><strong>pari</strong></span> <span class='ocrx_word' id='word_1_520' title='bbox 1854 3562 2062 3616; x_wconf 89' lang='lat' dir='ltr'><strong>ratione</strong></span> <span class='ocrx_word' id='word_1_521' title='bbox 2090 3562 2409 3618; x_wconf 89' lang='lat' dir='ltr'><strong>insidiantes</strong></span> <span class='ocrx_word' id='word_1_522' title='bbox 2441 3563 2545 3620; x_wconf 88' lang='lat' dir='ltr'><strong>sibi</strong></span> <span class='ocrx_word' id='word_1_523' title='bbox 2573 3567 2929 3634; x_wconf 71' lang='lat' dir='ltr'><strong>superaverit,</strong></span> <span class='ocrx_word' id='word_1_524' title='bbox 2944 3566 3067 3636; x_wconf 88' lang='lat' dir='ltr'><strong>jure</strong></span> <span class='ocrx_word' id='word_1_525' title='bbox 3095 3567 3266 3637; x_wconf 88' lang='lat' dir='ltr'><strong>dicat,</strong></span> 
     </span>
    </p>
   </div>
   <div class='ocr_carea' id='block_1_69' title="bbox 70 3652 1607 3748">
    <p class='ocr_par' dir='ltr' id='par_1_69' title="bbox 70 3672 1603 3748">
     <span class='ocr_line' id='line_1_69' title="bbox 70 3672 1603 3748; baseline 0.005 -23"><span class='ocrx_word' id='word_1_526' title='bbox 70 3674 142 3725; x_wconf 76' lang='grc' dir='ltr'><strong>ἐπ’</strong></span> <span class='ocrx_word' id='word_1_527' title='bbox 172 3676 266 3745; x_wconf 82' lang='grc' dir='ltr'><strong>ἐμὲ</strong></span> <span class='ocrx_word' id='word_1_528' title='bbox 290 3676 553 3745; x_wconf 65' lang='grc' dir='ltr'>ὐψώσεις</span> <span class='ocrx_word' id='word_1_529' title='bbox 584 3695 680 3747; x_wconf 82' lang='grc' dir='ltr'><strong>με.</strong></span> <span class='ocrx_word' id='word_1_530' title='bbox 697 3677 968 3741; x_wconf 81' lang='grc' dir='ltr'>Ἐκείνους</span> <span class='ocrx_word' id='word_1_531' title='bbox 1006 3678 1101 3748; x_wconf 80' lang='grc' dir='ltr'>μὲν</span> <span class='ocrx_word' id='word_1_532' title='bbox 1128 3672 1220 3731; x_wconf 81' lang='grc' dir='ltr'>οὖν</span> <span class='ocrx_word' id='word_1_533' title='bbox 1252 3677 1566 3732; x_wconf 85' lang='grc' dir='ltr'>καταλείπει</span> <span class='ocrx_word' id='word_1_534' title='bbox 1588 3694 1603 3709; x_wconf 74' lang='grc' dir='ltr'><strong><em>ο</em></strong></span> 
     </span>
    </p>
   </div>
   <div class='ocr_carea' id='block_1_70' title="bbox 1704 3652 3266 3748">
    <p class='ocr_par' dir='ltr' id='par_1_70' title="bbox 1704 3652 3266 3730">
     <span class='ocr_line' id='line_1_70' title="bbox 1704 3652 3266 3730; baseline 0.006 -22"><span class='ocrx_word' id='word_1_535' title='bbox 1704 3663 1753 3708; x_wconf 90' lang='lat' dir='ltr'><strong>et</strong></span> <span class='ocrx_word' id='word_1_536' title='bbox 1784 3652 1848 3707; x_wconf 93' lang='lat' dir='ltr'><strong>ab</strong></span> <span class='ocrx_word' id='word_1_537' title='bbox 1875 3654 2261 3724; x_wconf 85' lang='lat' dir='ltr'><strong>insurgentibus</strong></span> <span class='ocrx_word' id='word_1_538' title='bbox 2291 3655 2344 3708; x_wconf 90' lang='lat' dir='ltr'><strong><em>in</em></strong></span> <span class='ocrx_word' id='word_1_539' title='bbox 2371 3670 2451 3709; x_wconf 91' lang='lat' dir='ltr'><strong>me</strong></span> <span class='ocrx_word' id='word_1_540' title='bbox 2483 3655 2747 3711; x_wconf 74' lang='lat' dir='ltr'><strong>exaltabis</strong></span> <span class='ocrx_word' id='word_1_541' title='bbox 2781 3673 2877 3710; x_wconf 85' lang='lat' dir='ltr'><strong>me.</strong></span> <span class='ocrx_word' id='word_1_542' title='bbox 2918 3659 3039 3713; x_wconf 91' lang='lat' dir='ltr'><strong>Illos</strong></span> <span class='ocrx_word' id='word_1_543' title='bbox 3083 3660 3266 3730; x_wconf 84' lang='lat' dir='ltr'><strong>itaque</strong></span> 
     </span>
    </p>
   </div>
   <div class='ocr_carea' id='block_1_71' title="bbox 75 3741 1607 3843">
    <p class='ocr_par' dir='ltr' id='par_1_71' title="bbox 75 3768 1606 3843">
     <span class='ocr_line' id='line_1_71' title="bbox 75 3768 1606 3843; baseline 0.003 -24"><span class='ocrx_word' id='word_1_544' title='bbox 75 3769 148 3836; x_wconf 64' lang='grc' dir='ltr'>τὴν</span> <span class='ocrx_word' id='word_1_545' title='bbox 174 3769 223 3822; x_wconf 77' lang='grc' dir='ltr'><strong>δὲ</strong></span> <span class='ocrx_word' id='word_1_546' title='bbox 244 3771 398 3842; x_wconf 81' lang='grc' dir='ltr'>χάριν</span> <span class='ocrx_word' id='word_1_547' title='bbox 423 3772 521 3842; x_wconf 74' lang='grc' dir='ltr'><strong>τὴν</strong></span> <span class='ocrx_word' id='word_1_548' title='bbox 550 3770 609 3836; x_wconf 79' lang='grc' dir='ltr'>ἐξ</span> <span class='ocrx_word' id='word_1_549' title='bbox 628 3772 791 3826; x_wconf 80' lang='grc' dir='ltr'>αὐτοῦ</span> <span class='ocrx_word' id='word_1_550' title='bbox 820 3772 915 3827; x_wconf 77' lang='grc' dir='ltr'>καὶ</span> <span class='ocrx_word' id='word_1_551' title='bbox 947 3771 1045 3843; x_wconf 77' lang='grc' dir='ltr'><strong>τὴν</strong></span> <span class='ocrx_word' id='word_1_552' title='bbox 1068 3768 1320 3841; x_wconf 80' lang='grc' dir='ltr'>ἀλήθειαν</span> <span class='ocrx_word' id='word_1_553' title='bbox 1346 3771 1475 3832; x_wconf 83' lang='grc' dir='ltr'>πᾶσι</span> <span class='ocrx_word' id='word_1_554' title='bbox 1496 3774 1606 3834; x_wconf 75' lang='grc' dir='ltr'>τοῖς</span> 
     </span>
    </p>
   </div>
   <div class='ocr_carea' id='block_1_72' title="bbox 1704 3741 3262 3843">
    <p class='ocr_par' dir='ltr' id='par_1_72' title="bbox 1704 3741 3262 3815">
     <span class='ocr_line' id='line_1_72' title="bbox 1704 3741 3262 3815; baseline 0.006 -20"><span class='ocrx_word' id='word_1_555' title='bbox 1704 3742 1904 3797; x_wconf 89' lang='lat' dir='ltr'><strong>missos</strong></span> <span class='ocrx_word' id='word_1_556' title='bbox 1936 3741 2100 3809; x_wconf 77' lang='lat' dir='ltr'><strong>facit;</strong></span> <span class='ocrx_word' id='word_1_557' title='bbox 2130 3743 2471 3815; x_wconf 80' lang='lat' dir='ltr'><strong>gratiamque</strong></span> <span class='ocrx_word' id='word_1_558' title='bbox 2515 3760 2580 3800; x_wconf 89' lang='lat' dir='ltr'><strong>ac</strong></span> <span class='ocrx_word' id='word_1_559' title='bbox 2625 3748 2911 3803; x_wconf 88' lang='lat' dir='ltr'><strong>veritatem</strong></span> <span class='ocrx_word' id='word_1_560' title='bbox 2942 3764 3097 3804; x_wconf 86' lang='lat' dir='ltr'><strong>suam</strong></span> <span class='ocrx_word' id='word_1_561' title='bbox 3135 3752 3262 3805; x_wconf 89' lang='lat' dir='ltr'><strong>uni-</strong></span> 
     </span>
    </p>
   </div>
   <div class='ocr_carea' id='block_1_73' title="bbox 72 3836 1607 3933">
    <p class='ocr_par' dir='ltr' id='par_1_73' title="bbox 72 3858 1606 3933">
     <span class='ocr_line' id='line_1_73' title="bbox 72 3858 1606 3933; baseline 0.003 -24"><span class='ocrx_word' id='word_1_562' title='bbox 72 3858 246 3913; x_wconf 66' lang='grc' dir='ltr'>ίόνεσιν</span> <span class='ocrx_word' id='word_1_563' title='bbox 277 3862 624 3933; x_wconf 80' lang='grc' dir='ltr'>μεταδίδωσιν</span> <span class='ocrx_word' id='word_1_564' title='bbox 647 3880 660 3893; x_wconf 73' lang='grc' dir='ltr'><strong>ο</strong></span> <span class='ocrx_word' id='word_1_565' title='bbox 686 3864 851 3917; x_wconf 77' lang='grc' dir='ltr'>εἰσέτι</span> <span class='ocrx_word' id='word_1_566' title='bbox 875 3881 934 3916; x_wconf 82' lang='grc' dir='ltr'><strong>τε</strong></span> <span class='ocrx_word' id='word_1_567' title='bbox 962 3862 1056 3915; x_wconf 74' lang='grc' dir='ltr'><strong>καὶ</strong></span> <span class='ocrx_word' id='word_1_568' title='bbox 1077 3861 1171 3915; x_wconf 81' lang='grc' dir='ltr'>νῦν</span> <span class='ocrx_word' id='word_1_569' title='bbox 1204 3860 1474 3931; x_wconf 82' lang='grc' dir='ltr'>πανταχοῦ</span> <span class='ocrx_word' id='word_1_570' title='bbox 1504 3862 1606 3931; x_wconf 81' lang='grc' dir='ltr'><strong>γῆς</strong></span> 
     </span>
    </p>
   </div>
   <div class='ocr_carea' id='block_1_74' title="bbox 1704 3836 3261 3933">
    <p class='ocr_par' dir='ltr' id='par_1_74' title="bbox 1704 3836 3261 3912">
     <span class='ocr_line' id='line_1_74' title="bbox 1704 3836 3261 3912; baseline 0.006 -25"><span class='ocrx_word' id='word_1_571' title='bbox 1704 3836 1877 3889; x_wconf 86' lang='lat' dir='ltr'><strong>versis</strong></span> <span class='ocrx_word' id='word_1_572' title='bbox 1921 3836 2176 3905; x_wconf 79' lang='lat' dir='ltr'><strong>gentibus</strong></span> <span class='ocrx_word' id='word_1_573' title='bbox 2205 3837 2487 3906; x_wconf 89' lang='lat' dir='ltr'><strong>impertit:</strong></span> <span class='ocrx_word' id='word_1_574' title='bbox 2536 3840 2696 3894; x_wconf 83' lang='lat' dir='ltr'><strong>etiam</strong></span> <span class='ocrx_word' id='word_1_575' title='bbox 2730 3855 2875 3895; x_wconf 92' lang='lat' dir='ltr'><strong>nunc</strong></span> <span class='ocrx_word' id='word_1_576' title='bbox 2919 3840 3116 3912; x_wconf 88' lang='lat' dir='ltr'><strong>ubique</strong></span> <span class='ocrx_word' id='word_1_577' title='bbox 3150 3850 3261 3899; x_wconf 85' lang='lat' dir='ltr'><strong>ter-</strong></span> 
     </span>
    </p>
   </div>
   <div class='ocr_carea' id='block_1_75' title="bbox 72 3930 1607 4023">
    <p class='ocr_par' dir='ltr' id='par_1_75' title="bbox 72 3949 1604 4023">
     <span class='ocr_line' id='line_1_75' title="bbox 72 3949 1604 4023; baseline 0.004 -25"><span class='ocrx_word' id='word_1_578' title='bbox 72 3949 205 4013; x_wconf 63' lang='grc' dir='ltr'>αὑτὸς</span> <span class='ocrx_word' id='word_1_579' title='bbox 233 3952 439 4022; x_wconf 78' lang='grc' dir='ltr'>παρὼν,</span> <span class='ocrx_word' id='word_1_580' title='bbox 473 3954 565 4005; x_wconf 74' lang='grc' dir='ltr'><strong>καὶ</strong></span> <span class='ocrx_word' id='word_1_581' title='bbox 622 3951 782 4023; x_wconf 79' lang='grc' dir='ltr'>μέσος</span> <span class='ocrx_word' id='word_1_582' title='bbox 832 3952 939 4004; x_wconf 81' lang='grc' dir='ltr'><strong>τῶν</strong></span> <span class='ocrx_word' id='word_1_583' title='bbox 974 3954 1053 4014; x_wconf 85' lang='grc' dir='ltr'><strong>είς</strong></span> <span class='ocrx_word' id='word_1_584' title='bbox 1109 3950 1268 4004; x_wconf 76' lang='grc' dir='ltr'>αὑτὸν</span> <span class='ocrx_word' id='word_1_585' title='bbox 1301 3949 1604 4018; x_wconf 71' lang='grc' dir='ltr'>ἦλπικότων</span> 
     </span>
    </p>
   </div>
   <div class='ocr_carea' id='block_1_76' title="bbox 1704 3930 3262 4023">
    <p class='ocr_par' dir='ltr' id='par_1_76' title="bbox 1704 3930 3262 4005">
     <span class='ocr_line' id='line_1_76' title="bbox 1704 3930 3262 4005; baseline 0.008 -23"><span class='ocrx_word' id='word_1_586' title='bbox 1704 3942 1884 3982; x_wconf 90' lang='lat' dir='ltr'><strong>rarum</strong></span> <span class='ocrx_word' id='word_1_587' title='bbox 1920 3943 2160 3998; x_wconf 80' lang='lat' dir='ltr'><strong>praesens</strong></span> <span class='ocrx_word' id='word_1_588' title='bbox 2212 3930 2348 3999; x_wconf 90' lang='lat' dir='ltr'><strong>ipse,</strong></span> <span class='ocrx_word' id='word_1_589' title='bbox 2386 3940 2439 3986; x_wconf 91' lang='lat' dir='ltr'><strong>et</strong></span> <span class='ocrx_word' id='word_1_590' title='bbox 2468 3932 2523 3986; x_wconf 89' lang='lat' dir='ltr'><strong>in</strong></span> <span class='ocrx_word' id='word_1_591' title='bbox 2559 3933 2736 3987; x_wconf 89' lang='lat' dir='ltr'><strong>medio</strong></span> <span class='ocrx_word' id='word_1_592' title='bbox 2760 3949 2947 3989; x_wconf 86' lang='lat' dir='ltr'><strong>eorum</strong></span> <span class='ocrx_word' id='word_1_593' title='bbox 2977 3936 3067 4005; x_wconf 88' lang='lat' dir='ltr'><strong>qui</strong></span> <span class='ocrx_word' id='word_1_594' title='bbox 3106 3936 3158 3988; x_wconf 87' lang='lat' dir='ltr'><strong>in</strong></span> <span class='ocrx_word' id='word_1_595' title='bbox 3203 3952 3262 3993; x_wconf 78' lang='lat' dir='ltr'><strong>se</strong></span> 
     </span>
    </p>
   </div>
   <div class='ocr_carea' id='block_1_77' title="bbox 72 4022 1607 4113">
    <p class='ocr_par' dir='ltr' id='par_1_77' title="bbox 72 4022 1605 4113">
     <span class='ocr_line' id='line_1_77' title="bbox 72 4022 1605 4113; baseline 0.004 -24"><span class='ocrx_word' id='word_1_596' title='bbox 72 4036 231 4102; x_wconf 63' lang='grc' dir='ltr'>ἑστὼς,</span> <span class='ocrx_word' id='word_1_597' title='bbox 260 4040 333 4111; x_wconf 84' lang='grc' dir='ltr'>τῷ</span> <span class='ocrx_word' id='word_1_598' title='bbox 362 4042 537 4112; x_wconf 71' lang='grc' dir='ltr'>Πατρὶ</span> <span class='ocrx_word' id='word_1_599' title='bbox 562 4022 648 4095; x_wconf 71' lang='grc' dir='ltr'><strong>διὰ</strong></span> <span class='ocrx_word' id='word_1_600' title='bbox 680 4042 779 4111; x_wconf 82' lang='grc' dir='ltr'>τῆς</span> <span class='ocrx_word' id='word_1_601' title='bbox 810 4042 1002 4096; x_wconf 78' lang='grc' dir='ltr'>ἑαυτοῦ</span> <span class='ocrx_word' id='word_1_602' title='bbox 1049 4041 1368 4113; x_wconf 80' lang='grc' dir='ltr'>Ἐκκλησίας</span> <span class='ocrx_word' id='word_1_603' title='bbox 1418 4040 1605 4110; x_wconf 80' lang='grc' dir='ltr'>ἐξομο-</span> 
     </span>
    </p>
   </div>
   <div class='ocr_carea' id='block_1_78' title="bbox 1704 4022 3255 4113">
    <p class='ocr_par' dir='ltr' id='par_1_78' title="bbox 1704 4022 3255 4092">
     <span class='ocr_line' id='line_1_78' title="bbox 1704 4022 3255 4092; baseline 0.005 -17"><span class='ocrx_word' id='word_1_604' title='bbox 1704 4035 1989 4090; x_wconf 88' lang='lat' dir='ltr'><strong>speravere</strong></span> <span class='ocrx_word' id='word_1_605' title='bbox 2011 4024 2341 4088; x_wconf 86' lang='lat' dir='ltr'><strong>consistens,</strong></span> <span class='ocrx_word' id='word_1_606' title='bbox 2384 4038 2481 4092; x_wconf 85' lang='lat' dir='ltr'><strong>per</strong></span> <span class='ocrx_word' id='word_1_607' title='bbox 2510 4022 2809 4079; x_wconf 82' lang='lat' dir='ltr'><strong>Ecclesiam</strong></span> <span class='ocrx_word' id='word_1_608' title='bbox 2840 4041 2993 4079; x_wconf 90' lang='lat' dir='ltr'><strong>suam</strong></span> <span class='ocrx_word' id='word_1_609' title='bbox 3021 4028 3255 4084; x_wconf 80' lang='lat' dir='ltr'><strong>conﬁte-</strong></span> 
     </span>
    </p>
   </div>
   <div class='ocr_carea' id='block_1_79' title="bbox 72 4113 1607 4201">
    <p class='ocr_par' dir='ltr' id='par_1_79' title="bbox 72 4126 1603 4201">
     <span class='ocr_line' id='line_1_79' title="bbox 72 4126 1603 4201; baseline 0.003 -22"><span class='ocrx_word' id='word_1_610' title='bbox 72 4126 299 4194; x_wconf 72' lang='grc' dir='ltr'>ὶογεῖται·</span> <span class='ocrx_word' id='word_1_611' title='bbox 326 4132 405 4183; x_wconf 76' lang='grc' dir='ltr'>διό</span> <span class='ocrx_word' id='word_1_612' title='bbox 432 4148 562 4201; x_wconf 81' lang='grc' dir='ltr'>φησι</span> <span class='ocrx_word' id='word_1_613' title='bbox 583 4148 595 4161; x_wconf 87' lang='grc'><strong>·</strong></span> <span class='ocrx_word' id='word_1_614' title='bbox 634 4131 735 4185; x_wconf 86' lang='grc' dir='ltr'><strong>Διὰ</strong></span> <span class='ocrx_word' id='word_1_615' title='bbox 763 4132 937 4186; x_wconf 85' lang='grc' dir='ltr'>τοῦτο</span> <span class='ocrx_word' id='word_1_616' title='bbox 969 4131 1478 4201; x_wconf 75' lang='grc' dir='ltr'>ἑξομολογήσομαι</span> <span class='ocrx_word' id='word_1_617' title='bbox 1506 4145 1603 4185; x_wconf 86' lang='grc' dir='ltr'><strong>σοι</strong></span> 
     </span>
    </p>
   </div>
   <div class='ocr_carea' id='block_1_80' title="bbox 1704 4113 3259 4201">
    <p class='ocr_par' dir='ltr' id='par_1_80' title="bbox 1704 4113 3259 4186">
     <span class='ocr_line' id='line_1_80' title="bbox 1704 4113 3259 4186; baseline 0.007 -22"><span class='ocrx_word' id='word_1_618' title='bbox 1704 4120 1823 4177; x_wconf 88' lang='lat' dir='ltr'><strong>tur;</strong></span> <span class='ocrx_word' id='word_1_619' title='bbox 1857 4114 2208 4182; x_wconf 90' lang='lat' dir='ltr'><strong>quamobrem</strong></span> <span class='ocrx_word' id='word_1_620' title='bbox 2250 4114 2363 4169; x_wconf 89' lang='lat' dir='ltr'><strong>ait:</strong></span> <span class='ocrx_word' id='word_1_621' title='bbox 2412 4113 2704 4184; x_wconf 83' lang='lat' dir='ltr'><strong>Propterea</strong></span> <span class='ocrx_word' id='word_1_622' title='bbox 2736 4118 3024 4186; x_wconf 83' lang='lat' dir='ltr'><strong>conﬁtebor</strong></span> <span class='ocrx_word' id='word_1_623' title='bbox 3056 4119 3154 4172; x_wconf 91' lang='lat' dir='ltr'><strong>tibi</strong></span> <span class='ocrx_word' id='word_1_624' title='bbox 3202 4120 3259 4175; x_wconf 85' lang='lat' dir='ltr'><strong>in</strong></span> 
     </span>
    </p>
   </div>
   <div class='ocr_carea' id='block_1_81' title="bbox 72 4202 1607 4293">
    <p class='ocr_par' dir='ltr' id='par_1_81' title="bbox 72 4218 1422 4293">
     <span class='ocr_line' id='line_1_81' title="bbox 72 4218 1422 4293; baseline 0.004 -24"><span class='ocrx_word' id='word_1_625' title='bbox 72 4218 125 4269; x_wconf 72' lang='grc' dir='ltr'><strong>ἐν</strong></span> <span class='ocrx_word' id='word_1_626' title='bbox 142 4220 343 4285; x_wconf 84' lang='grc' dir='ltr'>ἔθνεσι,</span> <span class='ocrx_word' id='word_1_627' title='bbox 368 4224 563 4289; x_wconf 81' lang='grc' dir='ltr'>Κύριε,</span> <span class='ocrx_word' id='word_1_628' title='bbox 590 4222 689 4275; x_wconf 77' lang='grc' dir='ltr'>καὶ</span> <span class='ocrx_word' id='word_1_629' title='bbox 720 4221 798 4287; x_wconf 84' lang='grc' dir='ltr'>τῷ</span> <span class='ocrx_word' id='word_1_630' title='bbox 826 4225 1069 4293; x_wconf 82' lang='grc' dir='ltr'>ὀνόματί</span> <span class='ocrx_word' id='word_1_631' title='bbox 1095 4241 1208 4278; x_wconf 87' lang='grc' dir='ltr'>σου</span> <span class='ocrx_word' id='word_1_632' title='bbox 1230 4222 1422 4291; x_wconf 72' lang='grc' dir='ltr'>ψαλῶ.</span> 
     </span>
    </p>
   </div>
   <div class='ocr_carea' id='block_1_82' title="bbox 1704 4202 3253 4293">
    <p class='ocr_par' dir='ltr' id='par_1_82' title="bbox 1704 4202 3253 4273">
     <span class='ocr_line' id='line_1_82' title="bbox 1704 4202 3253 4273; baseline 0.004 -18"><span class='ocrx_word' id='word_1_633' title='bbox 1704 4205 2021 4266; x_wconf 85' lang='lat' dir='ltr'><strong>nationibus,</strong></span> <span class='ocrx_word' id='word_1_634' title='bbox 2055 4202 2298 4267; x_wconf 88' lang='lat' dir='ltr'><strong>Domine,</strong></span> <span class='ocrx_word' id='word_1_635' title='bbox 2326 4212 2375 4257; x_wconf 91' lang='lat' dir='ltr'><strong>et</strong></span> <span class='ocrx_word' id='word_1_636' title='bbox 2418 4206 2615 4258; x_wconf 89' lang='lat' dir='ltr'><strong>nomini</strong></span> <span class='ocrx_word' id='word_1_637' title='bbox 2653 4202 2741 4259; x_wconf 88' lang='lat' dir='ltr'><strong>tuo</strong></span> <span class='ocrx_word' id='word_1_638' title='bbox 2765 4207 3027 4273; x_wconf 84' lang='lat' dir='ltr'><strong>psalmum</strong></span> <span class='ocrx_word' id='word_1_639' title='bbox 3061 4208 3253 4267; x_wconf 84' lang='lat' dir='ltr'><strong>dicam.</strong></span> 
     </span>
    </p>
   </div>
   <div class='ocr_carea' id='block_1_83' title="bbox 198 4310 1607 4398">
    <p class='ocr_par' dir='ltr' id='par_1_83' title="bbox 198 4332 1471 4398">
     <span class='ocr_line' id='line_1_83' title="bbox 198 4332 1471 4398; baseline 0.004 -14"><span class='ocrx_word' id='word_1_640' title='bbox 198 4332 298 4385; x_wconf 80' lang='grc' dir='ltr'><strong>ΕΙΣ</strong></span> <span class='ocrx_word' id='word_1_641' title='bbox 328 4334 415 4385; x_wconf 79' lang='lat' dir='ltr'><strong>T0</strong></span> <span class='ocrx_word' id='word_1_642' title='bbox 446 4334 990 4398; x_wconf 70' lang='lat' dir='ltr'><strong>TEAOE,‘I&quot;AAMOX</strong></span> <span class='ocrx_word' id='word_1_643' title='bbox 1018 4337 1103 4387; x_wconf 88' lang='grc' dir='ltr'><strong>ΤΩ</strong></span> <span class='ocrx_word' id='word_1_644' title='bbox 1130 4336 1332 4388; x_wconf 76' lang='grc' dir='ltr'><strong>ΔΑΥῙΔ</strong></span> <span class='ocrx_word' id='word_1_645' title='bbox 1366 4336 1471 4389; x_wconf 83' lang='lat' dir='ltr'><strong>IH&#39;.</strong></span> 
     </span>
    </p>
   </div>
   <div class='ocr_carea' id='block_1_84' title="bbox 1704 4310 3058 4398">
    <p class='ocr_par' dir='ltr' id='par_1_84' title="bbox 1824 4310 3058 4387">
     <span class='ocr_line' id='line_1_84' title="bbox 1824 4310 3058 4387; baseline -0.001 -23"><span class='ocrx_word' id='word_1_646' title='bbox 1824 4312 1874 4368; x_wconf 80' lang='grc'>1.</span> <span class='ocrx_word' id='word_1_647' title='bbox 1901 4311 1968 4367; x_wconf 84' lang='grc' dir='ltr'>ΙΝ</span> <span class='ocrx_word' id='word_1_648' title='bbox 2001 4311 2229 4387; x_wconf 75' lang='lat' dir='ltr'><strong>FINEM,</strong></span> <span class='ocrx_word' id='word_1_649' title='bbox 2255 4310 2573 4367; x_wconf 77' lang='lat' dir='ltr'><strong>PSALMUS</strong></span> <span class='ocrx_word' id='word_1_650' title='bbox 2626 4311 2833 4365; x_wconf 76' lang='lat' dir='ltr'><strong>DAVID</strong></span> <span class='ocrx_word' id='word_1_651' title='bbox 2871 4310 3058 4367; x_wconf 75' lang='lat' dir='ltr'><strong>XVIII.</strong></span> 
     </span>
    </p>
   </div>
   <div class='ocr_carea' id='block_1_85' title="bbox 127 4420 1607 4516">
    <p class='ocr_par' dir='ltr' id='par_1_85' title="bbox 127 4443 1598 4516">
     <span class='ocr_line' id='line_1_85' title="bbox 127 4443 1598 4516; baseline 0.003 -21"><span class='ocrx_word' id='word_1_652' title='bbox 127 4443 218 4496; x_wconf 76' lang='lat' dir='ltr'><strong>Kal</strong></span> <span class='ocrx_word' id='word_1_653' title='bbox 246 4445 271 4495; x_wconf 87' lang='lat'><strong>6</strong></span> <span class='ocrx_word' id='word_1_654' title='bbox 297 4443 483 4516; x_wconf 82' lang='grc' dir='ltr'>παρὼν</span> <span class='ocrx_word' id='word_1_655' title='bbox 513 4443 722 4515; x_wconf 75' lang='grc' dir='ltr'>ψαλμὸς</span> <span class='ocrx_word' id='word_1_656' title='bbox 762 4445 869 4497; x_wconf 83' lang='grc' dir='ltr'>τῶν</span> <span class='ocrx_word' id='word_1_657' title='bbox 899 4449 976 4509; x_wconf 86' lang='grc' dir='ltr'><strong>είς</strong></span> <span class='ocrx_word' id='word_1_658' title='bbox 1010 4447 1209 4515; x_wconf 81' lang='grc' dir='ltr'>ἀγαθὸν</span> <span class='ocrx_word' id='word_1_659' title='bbox 1244 4447 1392 4508; x_wconf 80' lang='grc' dir='ltr'>τέλος</span> <span class='ocrx_word' id='word_1_660' title='bbox 1426 4461 1598 4516; x_wconf 86' lang='grc' dir='ltr'>παρα-</span> 
     </span>
    </p>
   </div>
   <div class='ocr_carea' id='block_1_86' title="bbox 1704 4420 3253 4516">
    <p class='ocr_par' dir='ltr' id='par_1_86' title="bbox 1768 4420 3253 4499">
     <span class='ocr_line' id='line_1_86' title="bbox 1768 4420 3253 4499; baseline 0.003 -20"><span class='ocrx_word' id='word_1_661' title='bbox 1768 4424 2016 4480; x_wconf 73' lang='lat' dir='ltr'><strong>Prazsens</strong></span> <span class='ocrx_word' id='word_1_662' title='bbox 2046 4420 2268 4495; x_wconf 87' lang='lat' dir='ltr'><strong>quoque</strong></span> <span class='ocrx_word' id='word_1_663' title='bbox 2305 4425 2546 4493; x_wconf 87' lang='lat' dir='ltr'><strong>psalmus</strong></span> <span class='ocrx_word' id='word_1_664' title='bbox 2576 4438 2700 4477; x_wconf 91' lang='lat' dir='ltr'><strong>cum</strong></span> <span class='ocrx_word' id='word_1_665' title='bbox 2735 4423 2805 4479; x_wconf 90' lang='lat' dir='ltr'><strong>iis</strong></span> <span class='ocrx_word' id='word_1_666' title='bbox 2828 4427 3133 4483; x_wconf 77' lang='lat' dir='ltr'><strong>CCIISendlls</strong></span> <span class='ocrx_word' id='word_1_667' title='bbox 3158 4431 3253 4499; x_wconf 91' lang='lat' dir='ltr'><strong>qui</strong></span> 
     </span>
    </p>
   </div>
   <div class='ocr_carea' id='block_1_87' title="bbox 76 4515 1607 4610">
    <p class='ocr_par' dir='ltr' id='par_1_87' title="bbox 76 4515 1597 4610">
     <span class='ocr_line' id='line_1_87' title="bbox 76 4515 1597 4610; baseline 0.004 -23"><span class='ocrx_word' id='word_1_668' title='bbox 76 4538 353 4605; x_wconf 69' lang='grc' dir='ltr'>πεμπόντων</span> <span class='ocrx_word' id='word_1_669' title='bbox 378 4515 643 4609; x_wconf 14' lang='grc' dir='ltr'>ντογχάνει</span> <span class='ocrx_word' id='word_1_670' title='bbox 665 4554 677 4567; x_wconf 85' lang='grc'><strong>·</strong></span> <span class='ocrx_word' id='word_1_671' title='bbox 710 4538 843 4592; x_wconf 75' lang='grc' dir='ltr'>ἀλλὰ</span> <span class='ocrx_word' id='word_1_672' title='bbox 875 4542 968 4593; x_wconf 72' lang='grc' dir='ltr'>καὶ</span> <span class='ocrx_word' id='word_1_673' title='bbox 996 4540 1445 4610; x_wconf 78' lang='grc' dir='ltr'>εὐχαριστήριος</span> <span class='ocrx_word' id='word_1_674' title='bbox 1466 4515 1597 4593; x_wconf 87' lang='grc' dir='ltr'>ἀνα-</span> 
     </span>
    </p>
   </div>
   <div class='ocr_carea' id='block_1_88' title="bbox 1704 4515 3253 4610">
    <p class='ocr_par' dir='ltr' id='par_1_88' title="bbox 1704 4515 3253 4589">
     <span class='ocr_line' id='line_1_88' title="bbox 1704 4515 3253 4589; baseline 0.004 -20"><span class='ocrx_word' id='word_1_675' title='bbox 1704 4516 1762 4570; x_wconf 85' lang='lat' dir='ltr'><strong>ad</strong></span> <span class='ocrx_word' id='word_1_676' title='bbox 1794 4517 1995 4571; x_wconf 92' lang='lat' dir='ltr'><strong>bonum</strong></span> <span class='ocrx_word' id='word_1_677' title='bbox 2028 4518 2188 4570; x_wconf 83' lang='lat' dir='ltr'><strong>ﬁnem</strong></span> <span class='ocrx_word' id='word_1_678' title='bbox 2221 4515 2636 4581; x_wconf 88' lang='lat' dir='ltr'><strong>transmittunt;</strong></span> <span class='ocrx_word' id='word_1_679' title='bbox 2671 4516 2781 4570; x_wconf 90' lang='lat' dir='ltr'><strong>imo</strong></span> <span class='ocrx_word' id='word_1_680' title='bbox 2808 4532 3023 4587; x_wconf 91' lang='lat' dir='ltr'><strong>quoque</strong></span> <span class='ocrx_word' id='word_1_681' title='bbox 3050 4522 3253 4589; x_wconf 87' lang='lat' dir='ltr'><strong>gratia-</strong></span> 
     </span>
    </p>
   </div>
   <div class='ocr_carea' id='block_1_89' title="bbox 74 4608 1607 4703">
    <p class='ocr_par' dir='ltr' id='par_1_89' title="bbox 74 4608 1593 4703">
     <span class='ocr_line' id='line_1_89' title="bbox 74 4608 1593 4703; baseline -0.003 -11"><span class='ocrx_word' id='word_1_682' title='bbox 74 4629 221 4700; x_wconf 64' lang='grc' dir='ltr'>γράφῃ</span> <span class='ocrx_word' id='word_1_683' title='bbox 249 4632 367 4703; x_wconf 78' lang='lat' dir='ltr'><strong>(siC)</strong></span> <span class='ocrx_word' id='word_1_684' title='bbox 392 4608 523 4700; x_wconf 75' lang='grc' dir='ltr'><strong>ᾠδῆ</strong></span> <span class='ocrx_word' id='word_1_685' title='bbox 554 4630 676 4696; x_wconf 80' lang='grc' dir='ltr'>τοῖς</span> <span class='ocrx_word' id='word_1_686' title='bbox 717 4630 858 4695; x_wconf 82' lang='grc' dir='ltr'>τοὺς</span> <span class='ocrx_word' id='word_1_687' title='bbox 892 4608 1153 4701; x_wconf 14' lang='grc' dir='ltr'>ἐχθροῦςῗ</span> <span class='ocrx_word' id='word_1_688' title='bbox 1193 4648 1593 4699; x_wconf 80' lang='grc' dir='ltr'>καταγωνισα-</span> 
     </span>
    </p>
   </div>
   <div class='ocr_carea' id='block_1_90' title="bbox 1704 4608 3251 4703">
    <p class='ocr_par' dir='ltr' id='par_1_90' title="bbox 1704 4608 3251 4680">
     <span class='ocr_line' id='line_1_90' title="bbox 1704 4608 3251 4680; baseline 0.003 -18"><span class='ocrx_word' id='word_1_689' title='bbox 1704 4627 1817 4663; x_wconf 89' lang='lat' dir='ltr'><strong>rum</strong></span> <span class='ocrx_word' id='word_1_690' title='bbox 1848 4610 2072 4663; x_wconf 83' lang='lat' dir='ltr'><strong>actionis</strong></span> <span class='ocrx_word' id='word_1_691' title='bbox 2112 4608 2409 4676; x_wconf 85' lang='lat' dir='ltr'><strong>inscriptus</strong></span> <span class='ocrx_word' id='word_1_692' title='bbox 2441 4619 2546 4673; x_wconf 85' lang='lat' dir='ltr'><strong>est,</strong></span> <span class='ocrx_word' id='word_1_693' title='bbox 2578 4611 2841 4663; x_wconf 83' lang='lat' dir='ltr'><strong>canticum</strong></span> <span class='ocrx_word' id='word_1_694' title='bbox 2864 4612 2927 4663; x_wconf 89' lang='lat' dir='ltr'><strong>iis</strong></span> <span class='ocrx_word' id='word_1_695' title='bbox 2961 4612 3049 4680; x_wconf 83' lang='lat' dir='ltr'><strong>qui</strong></span> <span class='ocrx_word' id='word_1_696' title='bbox 3074 4613 3251 4667; x_wconf 84' lang='lat' dir='ltr'><strong>inimi-</strong></span> 
     </span>
    </p>
   </div>
   <div class='ocr_carea' id='block_1_91' title="bbox 72 4697 1607 4794">
    <p class='ocr_par' dir='ltr' id='par_1_91' title="bbox 72 4697 1596 4794">
     <span class='ocr_line' id='line_1_91' title="bbox 72 4697 1596 4794; baseline 0.003 -21"><span class='ocrx_word' id='word_1_697' title='bbox 72 4697 235 4786; x_wconf 64' lang='grc' dir='ltr'>μένοιξι</span> <span class='ocrx_word' id='word_1_698' title='bbox 257 4697 541 4789; x_wconf 55' lang='lat' dir='ltr'><strong>exii-laetor;</strong></span> <span class='ocrx_word' id='word_1_699' title='bbox 570 4721 865 4791; x_wconf 70' lang='grc' dir='ltr'>εἰρημένη.</span> <span class='ocrx_word' id='word_1_700' title='bbox 908 4697 1157 4777; x_wconf 61' lang='grc' dir='ltr'>κατα</span> <span class='ocrx_word' id='word_1_701' title='bbox 1184 4724 1275 4776; x_wconf 84' lang='grc' dir='ltr'><strong>τὸν</strong></span> <span class='ocrx_word' id='word_1_702' title='bbox 1306 4697 1596 4794; x_wconf 66' lang='grc' dir='ltr'>Σϐμμαχον</span> 
     </span>
    </p>
   </div>
   <div class='ocr_carea' id='block_1_92' title="bbox 1704 4697 3251 4794">
    <p class='ocr_par' dir='ltr' id='par_1_92' title="bbox 1704 4697 3251 4767">
     <span class='ocr_line' id='line_1_92' title="bbox 1704 4697 3251 4767; baseline 0.003 -13"><span class='ocrx_word' id='word_1_703' title='bbox 1704 4718 1782 4754; x_wconf 85' lang='lat' dir='ltr'><strong>ros</strong></span> <span class='ocrx_word' id='word_1_704' title='bbox 1831 4698 2178 4761; x_wconf 82' lang='lat' dir='ltr'><strong>debellarunt,</strong></span> <span class='ocrx_word' id='word_1_705' title='bbox 2211 4697 2528 4766; x_wconf 81' lang='lat' dir='ltr'><strong>triumphale</strong></span> <span class='ocrx_word' id='word_1_706' title='bbox 2576 4700 2798 4756; x_wconf 80' lang='lat' dir='ltr'><strong>dictant.</strong></span> <span class='ocrx_word' id='word_1_707' title='bbox 2847 4700 3026 4767; x_wconf 87' lang='lat' dir='ltr'><strong>Quare</strong></span> <span class='ocrx_word' id='word_1_708' title='bbox 3053 4717 3251 4758; x_wconf 83' lang='lat' dir='ltr'><strong>secun-</strong></span> 
     </span>
    </p>
   </div>
   <div class='ocr_carea' id='block_1_93' title="bbox 76 4787 1607 4882">
    <p class='ocr_par' dir='ltr' id='par_1_93' title="bbox 76 4787 1595 4882">
     <span class='ocr_line' id='line_1_93' title="bbox 76 4787 1595 4882; baseline 0.003 -18"><span class='ocrx_word' id='word_1_709' title='bbox 76 4810 245 4882; x_wconf 77' lang='grc' dir='ltr'>εἴρηται</span> <span class='ocrx_word' id='word_1_710' title='bbox 266 4831 278 4843; x_wconf 82' lang='grc'><em>’</em></span> <span class='ocrx_word' id='word_1_711' title='bbox 312 4787 644 4880; x_wconf 60' lang='grc' dir='ltr'>Ἔπινίκιεξ</span> <span class='ocrx_word' id='word_1_712' title='bbox 671 4787 792 4882; x_wconf 50' lang='lat' dir='ltr'><strong>didi;</strong></span> <span class='ocrx_word' id='word_1_713' title='bbox 832 4787 935 4867; x_wconf 72' lang='grc' dir='ltr'>τοῦ</span> <span class='ocrx_word' id='word_1_714' title='bbox 965 4815 1158 4868; x_wconf 84' lang='grc' dir='ltr'><strong>Δαυΐδ.</strong></span> <span class='ocrx_word' id='word_1_715' title='bbox 1201 4814 1356 4868; x_wconf 77' lang='grc' dir='ltr'>Ἀλλὰ</span> <span class='ocrx_word' id='word_1_716' title='bbox 1505 4787 1595 4869; x_wconf 62' lang='grc' dir='ltr'>ϐιὰ</span> 
     </span>
    </p>
   </div>
   <div class='ocr_carea' id='block_1_94' title="bbox 1704 4787 3248 4882">
    <p class='ocr_par' dir='ltr' id='par_1_94' title="bbox 1704 4787 3248 4859">
     <span class='ocr_line' id='line_1_94' title="bbox 1704 4787 3248 4859; baseline 0.002 -15"><span class='ocrx_word' id='word_1_717' title='bbox 1704 4791 1821 4844; x_wconf 75' lang='lat' dir='ltr'><strong>dum</strong></span> <span class='ocrx_word' id='word_1_718' title='bbox 1884 4787 2267 4859; x_wconf 89' lang='lat' dir='ltr'><strong>Symmachum</strong></span> <span class='ocrx_word' id='word_1_719' title='bbox 2332 4789 2553 4854; x_wconf 86' lang='lat' dir='ltr'><strong>dicitur,</strong></span> <span class='ocrx_word' id='word_1_720' title='bbox 2605 4790 2939 4859; x_wconf 84' lang='lat' dir='ltr'><strong>Triumpltale</strong></span> <span class='ocrx_word' id='word_1_721' title='bbox 2986 4793 3248 4847; x_wconf 84' lang='lat' dir='ltr'><strong>canticum</strong></span> 
     </span>
    </p>
   </div>
   <div class='ocr_carea' id='block_1_95' title="bbox 77 4878 1607 4977">
    <p class='ocr_par' dir='ltr' id='par_1_95' title="bbox 77 4878 1593 4977">
     <span class='ocr_line' id='line_1_95' title="bbox 77 4878 1593 4977; baseline 0.011 -28"><span class='ocrx_word' id='word_1_722' title='bbox 140 4878 429 4958; x_wconf 64' lang='grc' dir='ltr'>ἀνακεῖσθαι</span> <span class='ocrx_word' id='word_1_723' title='bbox 476 4906 553 4975; x_wconf 84' lang='grc' dir='ltr'>τῷ</span> <span class='ocrx_word' id='word_1_724' title='bbox 731 4878 887 4967; x_wconf 77' lang='grc' dir='ltr'>νίκας</span> <span class='ocrx_word' id='word_1_725' title='bbox 929 4904 1251 4977; x_wconf 81' lang='grc' dir='ltr'><strong>δωρουμένῳ</strong></span> <span class='ocrx_word' id='word_1_726' title='bbox 1283 4904 1418 4975; x_wconf 81' lang='grc' dir='ltr'><strong>Θεῷ,</strong></span> <span class='ocrx_word' id='word_1_727' title='bbox 1455 4907 1593 4960; x_wconf 81' lang='grc' dir='ltr'>κατὰ</span> 
     </span>
    </p>
   </div>
   <div class='ocr_carea' id='block_1_96' title="bbox 1704 4878 3243 4977">
    <p class='ocr_par' dir='ltr' id='par_1_96' title="bbox 1704 4878 3243 4952">
     <span class='ocr_line' id='line_1_96' title="bbox 1704 4878 3243 4952; baseline 0.003 -16"><span class='ocrx_word' id='word_1_728' title='bbox 1704 4882 1937 4936; x_wconf 84' lang='lat' dir='ltr'><strong>Davidis.</strong></span> <span class='ocrx_word' id='word_1_729' title='bbox 1980 4878 2085 4934; x_wconf 89' lang='lat' dir='ltr'><strong>Sed</strong></span> <span class='ocrx_word' id='word_1_730' title='bbox 2114 4882 2275 4935; x_wconf 87' lang='lat' dir='ltr'><strong>etiam</strong></span> <span class='ocrx_word' id='word_1_731' title='bbox 2326 4883 2455 4952; x_wconf 88' lang='lat' dir='ltr'><strong>quia</strong></span> <span class='ocrx_word' id='word_1_732' title='bbox 2502 4882 2612 4938; x_wconf 89' lang='lat' dir='ltr'><strong>Deo</strong></span> <span class='ocrx_word' id='word_1_733' title='bbox 2650 4884 3003 4937; x_wconf 85' lang='lat' dir='ltr'><strong>victoriarum</strong></span> <span class='ocrx_word' id='word_1_734' title='bbox 3034 4888 3243 4941; x_wconf 86' lang='lat' dir='ltr'><strong>auctori</strong></span> 
     </span>
    </p>
   </div>
   <div class='ocr_carea' id='block_1_97' title="bbox 1690 4974 3246 5047">
    <p class='ocr_par' dir='ltr' id='par_1_97' title="bbox 1690 4974 3246 5047">
     <span class='ocr_line' id='line_1_97' title="bbox 1690 4974 3246 5047; baseline 0.002 -19"><span class='ocrx_word' id='word_1_735' title='bbox 1690 4980 2066 5037; x_wconf 91' lang='lat' dir='ltr'><strong>consecratur,</strong></span> <span class='ocrx_word' id='word_1_736' title='bbox 2121 4975 2418 5030; x_wconf 87' lang='lat' dir='ltr'><strong>secundum</strong></span> <span class='ocrx_word' id='word_1_737' title='bbox 2470 4975 2746 5045; x_wconf 82' lang='lat' dir='ltr'><strong>Aquilam,</strong></span> <span class='ocrx_word' id='word_1_738' title='bbox 2796 4974 3047 5030; x_wconf 71' lang='lat' dir='ltr'><strong>Victoria:</strong></span> <span class='ocrx_word' id='word_1_739' title='bbox 3079 4976 3246 5047; x_wconf 79' lang='lat' dir='ltr'><strong>largi-</strong></span> 
     </span>
    </p>
   </div>
   <div class='ocr_carea' id='block_1_98' title="bbox 1692 5066 2508 5135">
    <p class='ocr_par' dir='ltr' id='par_1_98' title="bbox 1692 5066 2508 5135">
     <span class='ocr_line' id='line_1_98' title="bbox 1692 5066 2508 5135; baseline 0.004 -15"><span class='ocrx_word' id='word_1_740' title='bbox 1692 5070 1794 5120; x_wconf 86' lang='lat' dir='ltr'><strong>tori</strong></span> <span class='ocrx_word' id='word_1_741' title='bbox 1822 5066 2133 5135; x_wconf 81' lang='lat' dir='ltr'><strong>modulatio,</strong></span> <span class='ocrx_word' id='word_1_742' title='bbox 2169 5069 2508 5124; x_wconf 87' lang='lat' dir='ltr'><strong>inscribitur.</strong></span> 
     </span>
    </p>
   </div>
   <div class='ocr_carea' id='block_1_99' title="bbox 1760 5158 3245 5236">
    <p class='ocr_par' dir='ltr' id='par_1_99' title="bbox 1760 5158 3245 5236">
     <span class='ocr_line' id='line_1_99' title="bbox 1760 5158 3245 5236; baseline 0.009 -26"><span class='ocrx_word' id='word_1_743' title='bbox 1760 5158 1922 5212; x_wconf 72' lang='lat' dir='ltr'><strong>Vens.</strong></span> <span class='ocrx_word' id='word_1_744' title='bbox 1955 5160 2009 5212; x_wconf 73' lang='grc'>2.</span> <span class='ocrx_word' id='word_1_745' title='bbox 2049 5160 2179 5214; x_wconf 71' lang='lat' dir='ltr'><strong>Carli</strong></span> <span class='ocrx_word' id='word_1_746' title='bbox 2258 5170 2507 5214; x_wconf 86' lang='lat' dir='ltr'><strong>enarrant</strong></span> <span class='ocrx_word' id='word_1_747' title='bbox 2552 5163 2778 5232; x_wconf 82' lang='lat' dir='ltr'><strong>gloriam</strong></span> <span class='ocrx_word' id='word_1_748' title='bbox 2819 5167 2935 5230; x_wconf 88' lang='lat' dir='ltr'><strong>Dei,</strong></span> <span class='ocrx_word' id='word_1_749' title='bbox 2985 5174 3034 5221; x_wconf 85' lang='lat' dir='ltr'><strong>et</strong></span> <span class='ocrx_word' id='word_1_750' title='bbox 3083 5183 3245 5236; x_wconf 88' lang='lat' dir='ltr'><strong>opera</strong></span> 
     </span>
    </p>
   </div>
   <div class='ocr_carea' id='block_1_100' title="bbox 1688 5252 3238 5321">
    <p class='ocr_par' dir='ltr' id='par_1_100' title="bbox 1688 5252 3238 5321">
     <span class='ocr_line' id='line_1_100' title="bbox 1688 5252 3238 5321; baseline 0.006 -18"><span class='ocrx_word' id='word_1_751' title='bbox 1688 5266 1937 5303; x_wconf 87' lang='lat' dir='ltr'><strong>manuum</strong></span> <span class='ocrx_word' id='word_1_752' title='bbox 1983 5252 2096 5319; x_wconf 87' lang='lat' dir='ltr'><strong>ejus</strong></span> <span class='ocrx_word' id='word_1_753' title='bbox 2150 5253 2428 5305; x_wconf 88' lang='lat' dir='ltr'><strong>annuntiat</strong></span> <span class='ocrx_word' id='word_1_754' title='bbox 2468 5255 2877 5321; x_wconf 77' lang='lat' dir='ltr'><strong>ﬁrmamentum.</strong></span> <span class='ocrx_word' id='word_1_755' title='bbox 2927 5257 3238 5313; x_wconf 73' lang='lat' dir='ltr'><strong>Doctrinam</strong></span> 
     </span>
    </p>
   </div>
   <div class='ocr_carea' id='block_1_101' title="bbox 1685 5345 3233 5421">
    <p class='ocr_par' dir='ltr' id='par_1_101' title="bbox 1685 5345 3233 5421">
     <span class='ocr_line' id='line_1_101' title="bbox 1685 5345 3233 5421; baseline 0.005 -22"><span class='ocrx_word' id='word_1_756' title='bbox 1685 5345 2084 5414; x_wconf 88' lang='lat' dir='ltr'><strong>complectitur,</strong></span> <span class='ocrx_word' id='word_1_757' title='bbox 2138 5362 2243 5413; x_wconf 88' lang='lat' dir='ltr'><strong>qua</strong></span> <span class='ocrx_word' id='word_1_758' title='bbox 2310 5362 2565 5418; x_wconf 85' lang='lat' dir='ltr'><strong>magnum</strong></span> <span class='ocrx_word' id='word_1_759' title='bbox 2624 5351 2756 5404; x_wconf 89' lang='lat' dir='ltr'><strong>illud</strong></span> <span class='ocrx_word' id='word_1_760' title='bbox 2804 5350 2900 5404; x_wconf 89' lang='lat' dir='ltr'><strong>Dei</strong></span> <span class='ocrx_word' id='word_1_761' title='bbox 2957 5353 3233 5421; x_wconf 83' lang='lat' dir='ltr'><strong>Opilicium</strong></span> 
     </span>
    </p>
   </div>
   <div class='ocr_carea' id='block_1_102' title="bbox 1684 5438 3239 5513">
    <p class='ocr_par' dir='ltr' id='par_1_102' title="bbox 1684 5438 3239 5513">
     <span class='ocr_line' id='line_1_102' title="bbox 1684 5438 3239 5513; baseline 0.002 -19"><span class='ocrx_word' id='word_1_762' title='bbox 1684 5446 1988 5494; x_wconf 88' lang='lat' dir='ltr'><strong>enarratur.</strong></span> <span class='ocrx_word' id='word_1_763' title='bbox 2062 5438 2198 5504; x_wconf 90' lang='lat' dir='ltr'><strong>Quia</strong></span> <span class='ocrx_word' id='word_1_764' title='bbox 2266 5440 2410 5493; x_wconf 87' lang='lat' dir='ltr'><strong>enim</strong></span> <span class='ocrx_word' id='word_1_765' title='bbox 2483 5442 2736 5496; x_wconf 85' lang='lat' dir='ltr'><strong>latentem</strong></span> <span class='ocrx_word' id='word_1_766' title='bbox 2808 5442 3239 5513; x_wconf 85' lang='lat' dir='ltr'><strong>invisibilemque</strong></span> 
     </span>
    </p>
   </div>
   <div class='ocr_carea' id='block_1_103' title="bbox 1662 5528 3233 5603">
    <p class='ocr_par' dir='ltr' id='par_1_103' title="bbox 1662 5528 3233 5603">
     <span class='ocr_line' id='line_1_103' title="bbox 1662 5528 3233 5603; baseline 0.005 -20"><span class='ocrx_word' id='word_1_767' title='bbox 1662 5530 1921 5603; x_wconf 85' lang='lat' dir='ltr'><strong>divinam</strong></span> <span class='ocrx_word' id='word_1_768' title='bbox 2026 5528 2406 5597; x_wconf 88' lang='lat' dir='ltr'><strong>substantiam,</strong></span> <span class='ocrx_word' id='word_1_769' title='bbox 2507 5532 2883 5600; x_wconf 76' lang='lat' dir='ltr'><strong>incorporeum</strong></span> <span class='ocrx_word' id='word_1_770' title='bbox 2972 5542 3025 5587; x_wconf 89' lang='lat' dir='ltr'><strong>et</strong></span> <span class='ocrx_word' id='word_1_771' title='bbox 3124 5548 3233 5591; x_wconf 84' lang='lat' dir='ltr'><strong>non</strong></span> 
     </span>
    </p>
   </div>
   <div class='ocr_carea' id='block_1_104' title="bbox 1685 5620 3233 5696">
    <p class='ocr_par' dir='ltr' id='par_1_104' title="bbox 1685 5620 3233 5696">
     <span class='ocr_line' id='line_1_104' title="bbox 1685 5620 3233 5696; baseline 0.006 -22"><span class='ocrx_word' id='word_1_772' title='bbox 1685 5621 1900 5684; x_wconf 79' lang='lat' dir='ltr'><strong>iactam,</strong></span> <span class='ocrx_word' id='word_1_773' title='bbox 1956 5620 2098 5691; x_wconf 89' lang='lat' dir='ltr'><strong>quod</strong></span> <span class='ocrx_word' id='word_1_774' title='bbox 2157 5620 2466 5676; x_wconf 85' lang='lat' dir='ltr'><strong>carnalibus</strong></span> <span class='ocrx_word' id='word_1_775' title='bbox 2520 5624 2692 5678; x_wconf 91' lang='lat' dir='ltr'><strong>oculis</strong></span> <span class='ocrx_word' id='word_1_776' title='bbox 2747 5626 2936 5696; x_wconf 77' lang='lat' dir='ltr'><strong>attingi</strong></span> <span class='ocrx_word' id='word_1_777' title='bbox 3012 5632 3067 5680; x_wconf 87' lang='lat' dir='ltr'><strong>et</strong></span> <span class='ocrx_word' id='word_1_778' title='bbox 3139 5640 3233 5684; x_wconf 85' lang='lat' dir='ltr'><strong>eo-</strong></span> 
     </span>
    </p>
   </div>
   <div class='ocr_carea' id='block_1_105' title="bbox 1682 5713 3227 5785">
    <p class='ocr_par' dir='ltr' id='par_1_105' title="bbox 1682 5713 3227 5785">
     <span class='ocr_line' id='line_1_105' title="bbox 1682 5713 3227 5785; baseline 0.005 -19"><span class='ocrx_word' id='word_1_779' title='bbox 1682 5714 1869 5785; x_wconf 81' lang='lat' dir='ltr'><strong>gnosci</strong></span> <span class='ocrx_word' id='word_1_780' title='bbox 1947 5720 2203 5781; x_wconf 88' lang='lat' dir='ltr'><strong>nequeat,</strong></span> <span class='ocrx_word' id='word_1_781' title='bbox 2272 5713 2363 5781; x_wconf 88' lang='lat' dir='ltr'><strong>qui</strong></span> <span class='ocrx_word' id='word_1_782' title='bbox 2442 5716 2639 5768; x_wconf 84' lang='lat' dir='ltr'><strong>mentis</strong></span> <span class='ocrx_word' id='word_1_783' title='bbox 2730 5718 2900 5772; x_wconf 89' lang='lat' dir='ltr'><strong>oculis</strong></span> <span class='ocrx_word' id='word_1_784' title='bbox 2977 5718 3227 5774; x_wconf 67' lang='lat' dir='ltr'><strong>obcaecati</strong></span> 
     </span>
    </p>
   </div>
   <div class='ocr_carea' id='block_1_106' title="bbox 1681 5805 3198 5875">
    <p class='ocr_par' dir='ltr' id='par_1_106' title="bbox 1681 5805 3198 5875">
     <span class='ocr_line' id='line_1_106' title="bbox 1681 5805 3198 5875; baseline 0.001 -15"><span class='ocrx_word' id='word_1_785' title='bbox 1681 5812 1857 5868; x_wconf 88' lang='lat' dir='ltr'><strong>erant,</strong></span> <span class='ocrx_word' id='word_1_786' title='bbox 1890 5820 1918 5858; x_wconf 93' lang='lat' dir='ltr'><strong>e</strong></span> <span class='ocrx_word' id='word_1_787' title='bbox 1945 5812 2136 5857; x_wconf 85' lang='lat' dir='ltr'><strong>natura</strong></span> <span class='ocrx_word' id='word_1_788' title='bbox 2168 5816 2348 5855; x_wconf 91' lang='lat' dir='ltr'><strong>rerum</strong></span> <span class='ocrx_word' id='word_1_789' title='bbox 2383 5805 2738 5875; x_wconf 83' lang='lat' dir='ltr'><strong>expulerunt;</strong></span> <span class='ocrx_word' id='word_1_790' title='bbox 2778 5809 2903 5863; x_wconf 89' lang='lat' dir='ltr'><strong>dum</strong></span> <span class='ocrx_word' id='word_1_791' title='bbox 2942 5810 3098 5865; x_wconf 86' lang='lat' dir='ltr'><strong>atheo</strong></span> <span class='ocrx_word' id='word_1_792' title='bbox 3130 5811 3198 5863; x_wconf 91' lang='lat' dir='ltr'><strong>im</strong></span> 
     </span>
    </p>
   </div>
   <div class='ocr_carea' id='block_1_107' title="bbox 1683 5891 3227 5972">
    <p class='ocr_par' dir='ltr' id='par_1_107' title="bbox 1683 5891 3227 5972">
     <span class='ocr_line' id='line_1_107' title="bbox 1683 5891 3227 5972; baseline 0.002 -21"><span class='ocrx_word' id='word_1_793' title='bbox 1683 5898 1877 5969; x_wconf 86' lang='lat' dir='ltr'><strong>pioque</strong></span> <span class='ocrx_word' id='word_1_794' title='bbox 1911 5909 2024 5961; x_wconf 85' lang='lat' dir='ltr'><strong>ore,</strong></span> <span class='ocrx_word' id='word_1_795' title='bbox 2063 5891 2270 5947; x_wconf 86' lang='lat' dir='ltr'><strong>nullum</strong></span> <span class='ocrx_word' id='word_1_796' title='bbox 2299 5906 2418 5947; x_wconf 85' lang='lat' dir='ltr'><strong>esse</strong></span> <span class='ocrx_word' id='word_1_797' title='bbox 2459 5893 2647 5964; x_wconf 89' lang='lat' dir='ltr'><strong>Deum,</strong></span> <span class='ocrx_word' id='word_1_798' title='bbox 2682 5914 2779 5956; x_wconf 85' lang='lat' dir='ltr'><strong>nec</strong></span> <span class='ocrx_word' id='word_1_799' title='bbox 2812 5900 3083 5972; x_wconf 80' lang='lat' dir='ltr'><strong>quidpiam</strong></span> <span class='ocrx_word' id='word_1_800' title='bbox 3109 5915 3227 5955; x_wconf 86' lang='lat' dir='ltr'><strong>cor-</strong></span> 
     </span>
    </p>
   </div>
   <div class='ocr_carea' id='block_1_108' title="bbox 77 4991 1501 5065">
    <p class='ocr_par' dir='ltr' id='par_1_108' title="bbox 77 4991 1501 5065">
     <span class='ocr_line' id='line_1_108' title="bbox 77 4991 1501 5065; baseline 0.003 -19"><span class='ocrx_word' id='word_1_801' title='bbox 77 4991 142 5040; x_wconf 67' lang='grc' dir='ltr'><strong>τδν</strong></span> <span class='ocrx_word' id='word_1_802' title='bbox 178 4996 410 5059; x_wconf 74' lang='grc' dir='ltr'>’Δκύλαν,</span> <span class='ocrx_word' id='word_1_803' title='bbox 451 4995 533 5061; x_wconf 81' lang='grc' dir='ltr'><strong>Τῷ</strong></span> <span class='ocrx_word' id='word_1_804' title='bbox 562 4995 842 5061; x_wconf 78' lang='grc' dir='ltr'>νικοποιῷ</span> <span class='ocrx_word' id='word_1_805' title='bbox 864 4995 1202 5065; x_wconf 78' lang='grc' dir='ltr'>μελῴδημα,</span> <span class='ocrx_word' id='word_1_806' title='bbox 1238 4996 1501 5050; x_wconf 85' lang='grc' dir='ltr'>λέλεκται.</span> 
     </span>
    </p>
   </div>
   <div class='ocr_carea' id='block_1_109' title="bbox 132 5169 1589 5238">
    <p class='ocr_par' dir='ltr' id='par_1_109' title="bbox 132 5169 1589 5238">
     <span class='ocr_line' id='line_1_109' title="bbox 132 5169 1589 5238; baseline 0.003 -20"><span class='ocrx_word' id='word_1_807' title='bbox 132 5169 181 5221; x_wconf 83' lang='lat' dir='ltr'><strong>Ol</strong></span> <span class='ocrx_word' id='word_1_808' title='bbox 206 5171 431 5236; x_wconf 76' lang='grc' dir='ltr'>οὐρανοὶ</span> <span class='ocrx_word' id='word_1_809' title='bbox 461 5169 803 5238; x_wconf 70' lang='grc' dir='ltr'>διηγοῦνται</span> <span class='ocrx_word' id='word_1_810' title='bbox 834 5171 1018 5236; x_wconf 81' lang='grc' dir='ltr'><strong>δόξαν</strong></span> <span class='ocrx_word' id='word_1_811' title='bbox 1057 5170 1222 5235; x_wconf 84' lang='grc' dir='ltr'>Θεοῦ,</span> <span class='ocrx_word' id='word_1_812' title='bbox 1253 5170 1501 5236; x_wconf 82' lang='grc' dir='ltr'>ποίησιν</span> <span class='ocrx_word' id='word_1_813' title='bbox 1522 5170 1589 5224; x_wconf 84' lang='grc' dir='ltr'><strong>δὲ</strong></span> 
     </span>
    </p>
   </div>
   <div class='ocr_carea' id='block_1_110' title="bbox 81 5258 1586 5331">
    <p class='ocr_par' dir='ltr' id='par_1_110' title="bbox 81 5258 1586 5331">
     <span class='ocr_line' id='line_1_110' title="bbox 81 5258 1586 5331; baseline 0.003 -23"><span class='ocrx_word' id='word_1_814' title='bbox 81 5258 245 5324; x_wconf 73' lang='grc' dir='ltr'>χειρῶν</span> <span class='ocrx_word' id='word_1_815' title='bbox 272 5261 451 5313; x_wconf 79' lang='grc' dir='ltr'>αὑτοῦ</span> <span class='ocrx_word' id='word_1_816' title='bbox 488 5262 843 5331; x_wconf 76' lang='grc' dir='ltr'>ἀναγγέλλει</span> <span class='ocrx_word' id='word_1_817' title='bbox 885 5263 949 5316; x_wconf 86' lang='grc' dir='ltr'>τὸ</span> <span class='ocrx_word' id='word_1_818' title='bbox 982 5260 1297 5329; x_wconf 77' lang='grc' dir='ltr'>στερέωμα.</span> <span class='ocrx_word' id='word_1_819' title='bbox 1326 5258 1586 5313; x_wconf 84' lang='grc' dir='ltr'>Διδασκα-</span> 
     </span>
    </p>
   </div>
   <div class='ocr_carea' id='block_1_111' title="bbox 80 5345 1587 5423">
    <p class='ocr_par' dir='ltr' id='par_1_111' title="bbox 80 5345 1587 5423">
     <span class='ocr_line' id='line_1_111' title="bbox 80 5345 1587 5423; baseline 0.003 -24"><span class='ocrx_word' id='word_1_820' title='bbox 80 5345 168 5400; x_wconf 67' lang='grc' dir='ltr'><strong>λίιν</strong></span> <span class='ocrx_word' id='word_1_821' title='bbox 193 5350 415 5420; x_wconf 79' lang='grc' dir='ltr'>περιέχει</span> <span class='ocrx_word' id='word_1_822' title='bbox 447 5352 547 5420; x_wconf 83' lang='grc' dir='ltr'>τῆς</span> <span class='ocrx_word' id='word_1_823' title='bbox 581 5351 675 5403; x_wconf 78' lang='grc' dir='ltr'>τοῦ</span> <span class='ocrx_word' id='word_1_824' title='bbox 710 5352 842 5404; x_wconf 83' lang='grc' dir='ltr'>Θεοῦ</span> <span class='ocrx_word' id='word_1_825' title='bbox 886 5352 1278 5423; x_wconf 82' lang='grc' dir='ltr'>μεγαλουργίας</span> <span class='ocrx_word' id='word_1_826' title='bbox 1311 5367 1587 5421; x_wconf 77' lang='grc' dir='ltr'>παραστα-</span> 
     </span>
    </p>
   </div>
   <div class='ocr_carea' id='block_1_112' title="bbox 82 5440 1585 5514">
    <p class='ocr_par' dir='ltr' id='par_1_112' title="bbox 82 5440 1585 5514">
     <span class='ocr_line' id='line_1_112' title="bbox 82 5440 1585 5514; baseline 0.005 -25"><span class='ocrx_word' id='word_1_827' title='bbox 82 5441 214 5512; x_wconf 76' lang='grc' dir='ltr'>τικήν.</span> <span class='ocrx_word' id='word_1_828' title='bbox 255 5440 460 5511; x_wconf 75' lang='grc' dir='ltr'>Ἐπειδὴ</span> <span class='ocrx_word' id='word_1_829' title='bbox 486 5442 593 5513; x_wconf 80' lang='grc' dir='ltr'><strong>γὰρ</strong></span> <span class='ocrx_word' id='word_1_830' title='bbox 626 5444 685 5494; x_wconf 79' lang='grc' dir='ltr'><strong>τὸ</strong></span> <span class='ocrx_word' id='word_1_831' title='bbox 710 5443 912 5510; x_wconf 68' lang='grc' dir='ltr'>ἀφανὲς</span> <span class='ocrx_word' id='word_1_832' title='bbox 942 5446 1035 5499; x_wconf 79' lang='grc' dir='ltr'><strong>καὶ</strong></span> <span class='ocrx_word' id='word_1_833' title='bbox 1067 5444 1292 5514; x_wconf 81' lang='grc' dir='ltr'>ἀόρατον</span> <span class='ocrx_word' id='word_1_834' title='bbox 1324 5442 1421 5511; x_wconf 77' lang='grc' dir='ltr'>τῆς</span> <span class='ocrx_word' id='word_1_835' title='bbox 1446 5444 1585 5496; x_wconf 83' lang='grc' dir='ltr'>ἀσω-</span> 
     </span>
    </p>
   </div>
   <div class='ocr_carea' id='block_1_113' title="bbox 86 5533 1583 5609">
    <p class='ocr_par' dir='ltr' id='par_1_113' title="bbox 86 5533 1583 5609">
     <span class='ocr_line' id='line_1_113' title="bbox 86 5533 1583 5609; baseline 0.002 -24"><span class='ocrx_word' id='word_1_836' title='bbox 86 5534 213 5597; x_wconf 70' lang='grc' dir='ltr'>μάτου</span> <span class='ocrx_word' id='word_1_837' title='bbox 258 5535 344 5588; x_wconf 76' lang='grc' dir='ltr'><strong>καὶ</strong></span> <span class='ocrx_word' id='word_1_838' title='bbox 372 5534 635 5609; x_wconf 66' lang='grc' dir='ltr'>ἁχενήτου</span> <span class='ocrx_word' id='word_1_839' title='bbox 682 5535 774 5585; x_wconf 81' lang='grc' dir='ltr'><strong>καὶ</strong></span> <span class='ocrx_word' id='word_1_840' title='bbox 806 5533 990 5606; x_wconf 84' lang='grc' dir='ltr'>θεῖκῆς</span> <span class='ocrx_word' id='word_1_841' title='bbox 1028 5536 1231 5598; x_wconf 68' lang='grc' dir='ltr'>οὐσίας,</span> <span class='ocrx_word' id='word_1_842' title='bbox 1264 5535 1351 5587; x_wconf 77' lang='grc' dir='ltr'><strong>διὰ</strong></span> <span class='ocrx_word' id='word_1_843' title='bbox 1406 5534 1462 5588; x_wconf 84' lang='grc' dir='ltr'><strong>τὸ</strong></span> <span class='ocrx_word' id='word_1_844' title='bbox 1510 5536 1583 5605; x_wconf 84' lang='grc' dir='ltr'>μὴ</span> 
     </span>
    </p>
   </div>
   <div class='ocr_carea' id='block_1_114' title="bbox 87 5626 1583 5697">
    <p class='ocr_par' dir='ltr' id='par_1_114' title="bbox 87 5626 1583 5697">
     <span class='ocr_line' id='line_1_114' title="bbox 87 5626 1583 5697; baseline 0.003 -24"><span class='ocrx_word' id='word_1_845' title='bbox 87 5626 238 5693; x_wconf 75' lang='grc' dir='ltr'>σιριιδς</span> <span class='ocrx_word' id='word_1_846' title='bbox 272 5627 557 5697; x_wconf 67' lang='grc' dir='ltr'>ὀφθαλμοῖς</span> <span class='ocrx_word' id='word_1_847' title='bbox 596 5626 1121 5695; x_wconf 84' lang='grc' dir='ltr'>καταλαμϐάνεσθαι,</span> <span class='ocrx_word' id='word_1_848' title='bbox 1168 5631 1215 5681; x_wconf 83' lang='grc' dir='ltr'>οἱ</span> <span class='ocrx_word' id='word_1_849' title='bbox 1247 5629 1312 5680; x_wconf 81' lang='grc' dir='ltr'>τὰ</span> <span class='ocrx_word' id='word_1_850' title='bbox 1365 5627 1583 5697; x_wconf 68' lang='grc' dir='ltr'>ὄμματα</span> 
     </span>
    </p>
   </div>
   <div class='ocr_carea' id='block_1_115' title="bbox 85 5714 1585 5791">
    <p class='ocr_par' dir='ltr' id='par_1_115' title="bbox 85 5714 1585 5791">
     <span class='ocr_line' id='line_1_115' title="bbox 85 5714 1585 5791; baseline -0.001 -20"><span class='ocrx_word' id='word_1_851' title='bbox 85 5714 156 5781; x_wconf 72' lang='grc' dir='ltr'>τῆς</span> <span class='ocrx_word' id='word_1_852' title='bbox 177 5719 327 5791; x_wconf 69' lang='grc' dir='ltr'>ψυχῆς</span> <span class='ocrx_word' id='word_1_853' title='bbox 346 5718 725 5789; x_wconf 82' lang='grc' dir='ltr'>πεπηρωμένοι</span> <span class='ocrx_word' id='word_1_854' title='bbox 752 5719 849 5787; x_wconf 85' lang='grc' dir='ltr'>τῆς</span> <span class='ocrx_word' id='word_1_855' title='bbox 870 5719 977 5771; x_wconf 82' lang='grc' dir='ltr'><strong>τῶν</strong></span> <span class='ocrx_word' id='word_1_856' title='bbox 1000 5720 1167 5773; x_wconf 74' lang='grc' dir='ltr'>ὄντων</span> <span class='ocrx_word' id='word_1_857' title='bbox 1192 5718 1471 5790; x_wconf 77' lang='grc' dir='ltr'>ὑπάρξεως</span> <span class='ocrx_word' id='word_1_858' title='bbox 1501 5720 1585 5770; x_wconf 84' lang='grc' dir='ltr'>ὲκ-</span> 
     </span>
    </p>
   </div>
   <div class='ocr_carea' id='block_1_116' title="bbox 87 5806 1580 5881">
    <p class='ocr_par' dir='ltr' id='par_1_116' title="bbox 87 5806 1580 5881">
     <span class='ocr_line' id='line_1_116' title="bbox 87 5806 1580 5881; baseline 0.001 -23"><span class='ocrx_word' id='word_1_859' title='bbox 87 5806 368 5878; x_wconf 74' lang='grc' dir='ltr'>ειϐλήκασιν,</span> <span class='ocrx_word' id='word_1_860' title='bbox 403 5811 581 5872; x_wconf 82' lang='grc' dir='ltr'>ἀθέοις</span> <span class='ocrx_word' id='word_1_861' title='bbox 614 5808 869 5878; x_wconf 82' lang='grc' dir='ltr'>στόμασιν</span> <span class='ocrx_word' id='word_1_862' title='bbox 901 5811 1301 5879; x_wconf 72' lang='grc' dir='ltr'>ἀποφηνάμενοι</span> <span class='ocrx_word' id='word_1_863' title='bbox 1339 5811 1410 5881; x_wconf 85' lang='grc' dir='ltr'>μὴ</span> <span class='ocrx_word' id='word_1_864' title='bbox 1445 5807 1580 5863; x_wconf 79' lang='grc' dir='ltr'>εἶναι</span> 
     </span>
    </p>
   </div>
   <div class='ocr_carea' id='block_1_117' title="bbox 88 5894 1580 5974">
    <p class='ocr_par' dir='ltr' id='par_1_117' title="bbox 88 5894 1580 5974">
     <span class='ocr_line' id='line_1_117' title="bbox 88 5894 1580 5974; baseline 0.007 -27"><span class='ocrx_word' id='word_1_865' title='bbox 88 5894 196 5961; x_wconf 67' lang='grc' dir='ltr'>Θεδν,</span> <span class='ocrx_word' id='word_1_866' title='bbox 229 5904 345 5973; x_wconf 67' lang='grc' dir='ltr'><strong>μηδὲ</strong></span> <span class='ocrx_word' id='word_1_867' title='bbox 388 5901 651 5972; x_wconf 77' lang='grc' dir='ltr'>ὑπάρχειν</span> <span class='ocrx_word' id='word_1_868' title='bbox 693 5916 742 5951; x_wconf 80' lang='grc' dir='ltr'>τι</span> <span class='ocrx_word' id='word_1_869' title='bbox 800 5903 1043 5971; x_wconf 62' lang='grc' dir='ltr'>κρεῖττον</span> <span class='ocrx_word' id='word_1_870' title='bbox 1083 5900 1187 5952; x_wconf 80' lang='grc' dir='ltr'>τῶν</span> <span class='ocrx_word' id='word_1_871' title='bbox 1237 5904 1292 5955; x_wconf 82' lang='grc' dir='ltr'>ἐν</span> <span class='ocrx_word' id='word_1_872' title='bbox 1339 5902 1580 5974; x_wconf 77' lang='grc' dir='ltr'>σώμασιν</span> 
     </span>
    </p>
   </div>
  </div>
