3966 6344
690 380 794 443 187
1348 378 1614 438 EUSEBII
1653 374 2127 435 CAJSARIENSIS
2167 374 2318 433 OPP.
2359 373 2537 429 PARS
2565 363 2659 426 'lll.
2699 400 2768 412 —-
2799 367 3206 425 EXEGETICA.
3792 371 3870 425 {88

686 498 867 568 porcis
897 497 1059 553 rebus
1083 497 1185 553 sub
1223 506 1502 567 aspectum
1536 500 1861 553 cadentibus
1889 496 2235 569 praestantius

2369 492 2621 565 ρωμένων
2647 508 2658 519 ·
2710 488 2997 559 αὐτομάτῳ
3028 487 3083 540 δὲ
3124 487 3217 541 καὶ
3248 485 3422 556 ἀλόγῳ
3471 488 3747 557 συντυχίᾳ,
3776 490 3872 559 είκῆ

683 582 946 646 exsistere
976 580 1399 660 pronuntiabant
1423 607 1437 655 ;
1469 588 1562 644 sed
1592 598 1891 658 spontaneo
1920 589 2150 659 quodam
2174 603 2237 642 ac

2364 584 2432 638 ια),
2461 582 2639 653 μάτην
2666 580 2724 646 ἐξ
2768 580 3020 650 οὐδεμιᾶς
3050 579 3227 641 αίτίας
3268 578 3564 648 ὑποστῆναι
3598 578 3688 631 τὸν
3726 579 3873 635 πάντα

686 680 981 737 temerario
1012 695 1287 742 concursu
1317 689 1370 734 et
1408 681 1639 750 partium
1671 695 1987 750 congressu,
2017 696 2149 736 casu
2176 695 2239 734 ac

2364 674 2539 744 :6op.ov
2554 690 2565 702 ·
2592 671 2898 740 ἀναγκαίως
2927 672 2955 723 ὁ
2976 668 3163 742 παρὼν
3186 669 3340 737 λόγος
3359 669 3446 723 διά
3474 670 3573 738 τῆς
3592 668 3875 739 ψαλμῳδίας

688 772 834 826 nulla
881 775 1178 829 exsistente
1224 786 1411 836 causa,
1449 774 1763 841 universum
1799 771 2063 826 mundum
2105 785 2236 826 coa-

2364 762 2722 825 ιποδεικτικῶς
2755 763 2849 815 καὶ
2880 760 3013 831 μετὰ
3040 761 3430 832 δημιουργικῆς
3459 761 3565 813 τῶν
3594 760 3727 813 ὅλων
3756 760 3875 813 δυνά-

2345 872 2486 925 μεως
2536 854 2631 925 τὴν
2680 854 2951 921 θεολογίαν
2990 851 3306 924 παρίστησι,
3334 851 3567 905 τοιοῦτόν
3595 868 3717 905 τινα
3755 851 3876 918 λογι-

2344 947 2479 1017 σμὸν
2507 945 2730 1012 διεξιών.
2757 944 2973 1016 Θνητῶν
3000 944 3095 1013 μὲν
3134 942 3290 1011 φύσις
3310 944 3489 1012 μικρά
3532 941 3785 1011 τυγχάνει
3805 943 3877 994 καὶ

2343 1035 2571 1107 ἀσθενής
2591 1052 2604 1066 ·
2641 1028 2973 1105 λογισμοίτε
3009 1030 3306 1102 ἀνθρώπων
3333 1030 3515 1094 δειλοὶ,
3550 1032 3643 1084 καὶ
3672 1034 3875 1099 ἑπισφα-

2344 1127 2453 1190 λεῖς
2478 1128 2533 1180 αἰ
2569 1126 2799 1179 ἐπίνοιαι
2840 1124 2993 1195 ήμῶν
3014 1142 3026 1154 ·
3049 1124 3128 1176 διὸ
3172 1122 3416 1175 πλεῖστον
3446 1123 3565 1174 ὅσον
3611 1121 3879 1191 ἀποδέομεν

2346 1219 2442 1289 τῆς
2475 1219 2591 1271 κατ’
2617 1214 2771 1280 ἀξίαν
2790 1217 2882 1269 τοῦ
2901 1215 3032 1269 Θεοῦ
3058 1213 3376 1281 δοξολογίας.
3405 1212 3536 1265 Οὐδὲ
3574 1212 3684 1281 γάρ
3704 1211 3879 1282 ἀνθρώ-

2348 1328 2461 1363 πων
2496 1312 2718 1378 φωναῖς,
2743 1308 2861 1359 οὐδὲ
2892 1305 3103 1378 γλώττῃ
3136 1305 3333 1375 σαρκὸς
3371 1306 3463 1357 καὶ
3490 1303 3723 1374 χείλεσιν
3752 1304 3880 1356 δύνα-

2350 1402 2468 1456 σθαί
2498 1417 2625 1453 ποτε
2654 1397 2897 1470 νομίζειν
2930 1396 3147 1461 ἐπάξιον
3182 1398 3307 1467 περὶ
3349 1395 3480 1448 Θεοῦ
3525 1395 3682 1463 λόγον
3724 1396 3881 1448 ἀποδίι

2346 1493 2549 1547 δοσθαι.
2580 1493 2641 1544 Ei
2665 1491 2721 1543 δὲ
2750 1490 2853 1561 χρὴ
2880 1488 3219 1551 διδασκαλίας
3246 1487 3491 1559 ἐνεργοῦς
3526 1486 3619 1539 καὶ
3652 1487 3881 1555 μεγίστης

2349 1585 2494 1656 αὐτῷ
2526 1602 2584 1637 τε
2619 1582 2933 1654 πρεπούσης
2964 1580 3041 1649 τῷ
3067 1580 3182 1648 Θεῷ
3209 1578 3513 1641 ἐπακούειν,
3548 1578 3600 1630 ετ
3628 1596 3709 1640 τις
3738 1576 3881 1647 ἐρίω-

686 863 873 930 luisse,
906 862 1278 919 necessarium
1314 861 1497 917 fuitut
1526 863 1779 934 praesenti
1804 878 2074 928 sermone,
2099 863 2240 931 psal-

686 955 833 1011 lendi
876 969 1047 1018 more,
1087 969 1180 1022 per
1212 952 1504 1009 dilucidam
1551 953 2095 1018 demonstrationem,
2130 954 2241 1007 vim

686 1046 834 1100 illam
881 1060 1061 1099 rerum
1089 1046 1407 1120 creatricem
1446 1062 1510 1100 ac
1544 1046 1639 1101 Dei
1676 1046 1958 1100 scientiam
1993 1059 2245 1115 compro-

688 1135 865 1194 baret,
900 1128 1005 1186 hoc
1030 1135 1319 1189 ratiocinio
1362 1150 1517 1190 usus.
1555 1134 1862 1189 Mortalium
1896 1143 2087 1188 natura
2124 1137 2240 1191 exi-

689 1242 795 1297 gua
822 1226 1124 1296 debilisque
1169 1235 1272 1289 est,
1313 1224 1595 1281 hominum
1624 1226 1983 1296 cogitationes
2012 1228 2236 1298 ignavae,

690 1314 997 1387 nostraeque
1029 1317 1365 1387 cognitiones
1403 1318 1625 1371 incerta:
1653 1327 1801 1372 sunt.
1844 1316 2024 1383 Quare
2052 1318 2245 1373 divinae

690 1410 874 1479 gloria:
913 1425 1010 1478 pro
1048 1410 1241 1464 merito
1278 1409 1594 1464 enarrandas
1632 1410 1862 1463 multum
1893 1410 2127 1479 impares
2155 1428 2248 1466 su-

692 1515 837 1554 mus.
869 1498 988 1553 Non
1018 1500 1161 1554 enim
1190 1499 1443 1554 humanis
1474 1499 1723 1568 vocibus,
1753 1516 1861 1554 non
1891 1499 2075 1579 lingua
2126 1517 2248 1555 car-

693 1591 827 1654 nali,
860 1607 968 1644 non
997 1591 1154 1646 labiis
1185 1598 1417 1661 possunt
1450 1591 1610 1662 digna
1657 1607 1719 1647 ac
1759 1594 1925 1661 probe
1946 1594 2248 1664 excogitata

674 1674 764 1737 de
793 1683 902 1738 Deo
934 1683 1095 1738 verba
1124 1683 1418 1749 enuntiari.
1464 1683 1618 1749 Quod
1652 1685 1698 1737 si
1738 1686 1826 1738 cui
1869 1685 2108 1749 libuerit,
2137 1672 2249 1740 elli-

2364 1695 2437 1730 ιαι
2462 1678 2557 1746 τῆς
2579 1675 2754 1745 ψυχῆς
2774 1673 2842 1725 τὰ
2882 1672 3225 1742 αἰσθητήρια,
3256 1670 3577 1723 συντεινάτω
3605 1668 3790 1722 ἑαυτὸν
3813 1668 3884 1719 καὶ

694 1765 892 1828 σαοοιιι
923 1774 1092 1837 illam,
1127 1774 1417 1826 maximam
1456 1782 1510 1827 et
1542 1772 1652 1826 Deo
1680 1774 1899 1843 dignam
1945 1775 2245 1830 doctrinam

2364 1768 2664 1837 ῑιεγειράτω
2713 1765 2845 1835 πρὸς
2881 1763 3138 1834 ἀκρόασιν
3180 1759 3411 1824 ἐπαξίως
3458 1759 3884 1829 ἀναφωνουμὲνην

695 1864 905 1928 audire,
946 1865 1035 1918 cui
1086 1864 1297 1917 scilicet
1331 1863 1527 1917 mentis
1580 1880 1773 1920 sensus
1819 1866 2092 1935 prmvalidi
2135 1867 2254 1923 fue-

2364 1861 2447 1930 τῆς
2493 1855 2948 1929 ἀπειρομεγέθους
2996 1855 3269 1924 δυνάμεως
3290 1853 3599 1923 τοῦηΘεοῦο
3646 1854 3713 1922 ἢν
3758 1852 3885 1903 αὐτοὶ

694 1959 826 2021 rint,
867 1956 915 2010 is
956 1959 1137 2009 animo
1188 1955 1453 2019 intendat,
1506 1972 1735 2026 seseque
1788 1960 2025 2014 concitet
2071 1960 2138 2014 ad
2189 1975 2253 2015 ea

2364 1950 2711 2021 προφέρονται
2748 1950 2795 2000 οἱ
2836 1946 2923 2000 τὸν
2975 1946 3257 2015 σύμπαντα
3290 1946 3626 2017 περιέχοντες
3676 1943 3883 2015 οὐρανοὶ,

696 2049 1050 2105 auscultanda
1080 2063 1200 2118 quae
1252 2048 1340 2103 hic
1390 2049 1456 2104 de
1500 2050 1763 2106 immensa
1796 2052 1886 2105 illa
1922 2052 2014 2107 Dei
2052 2051 2252 2108 virtute

2364 2042 2444 2129 τὸν
2473 2040 2674 2093 ἑαυτῶν
2702 2038 2922 2109 κτίστην
2948 2038 3039 2090 καὶ
3061 2037 3284 2105 ποιητὴν
3304 2035 3410 2088 τῶν
3437 2036 3570 2088 ὅλων
3592 2036 3723 2088 Θεὸν
3749 2035 3885 2105 ᾠδαῖς

697 2140 979 2195 feruntur:
1031 2142 1387 2211 quaequeipsi
1430 2142 1583 2208 cmli,‘
1631 2133 1804 2197 totum
1835 2143 1893 2198 in
1924 2159 1985 2198 se
2012 2145 2254 2214 comple-

2364 2126 2448 2185 καὶ
2483 2131 2803 2198 δοξολογίαις
2835 2126 3211 2199 ἀνυμνοῦντες.
3244 2127 3403 2180 Αὐτοὶ
3426 2127 3534 2196 γάρ
3560 2130 3607 2178 οἱ
3656 2127 3885 2179 ἀνωτάτω

698 2240 928 2295 ctentes,
955 2232 1266 2289 Creatorem
1303 2248 1460 2287 suum
1492 2234 1977 2303 universorumque
2009 2232 2252 2305 opiﬁcem

2364 2224 2589 2286 πάντων,
2641 2223 2730 2274 καὶ
2766 2222 2857 2275 τοῦ
2905 2218 3299 2290 ὐποδεϐηκότος
3340 2215 3712 2287 περεὼματος
3746 2218 3885 2287 ὐπερσ

697 2324 913 2395 bymnis
952 2332 1004 2379 et
1050 2325 1281 2379 canticis
1342 2325 1703 2387 celebrantes,
1771 2323 2076 2393 proferunt.
2141 2324 2250 2395 lpsi

2364 2316 2595 2384 κείμενοι
2642 2312 2883 2384 οὐρανοὶ,
2935 2314 2983 2365 οἱ
3034 2311 3323 2381 σύμπασαν
3361 2308 3765 2379 περιειληφότες
3812 2308 3885 2376 τὴν

697 2394 934 2484 namque
965 2415 1089 2468 ειηὶὶ
1138 2417 1230 2484 qui
1285 2416 1525 2483 supremi
1581 2415 1824 2469 omnium
1870 2422 2020 2481 sunt,
2067 2425 2121 2473 et
2153 2394 2255 2473 sibi

2364 2403 2615 2475 αἰσθητὴν
2636 2403 2729 2456 καὶ
2752 2401 3120 2471 πνευματικὴν
3144 2399 3339 2459 κτίσιν,
3362 2398 3458 2468 τὴν
3480 2395 3631 2460 δόξαν
3662 2394 3791 2448 Θεοῦ
3810 2396 3887 2446 οὐκ

700 2505 980 2574 supposito
1009 2505 1347 2558 lirmamento
1377 2505 1637 2570 eminent,
1674 2508 1767 2576 qui
1798 2509 2107 2563 universam
2129 2524 2252 2563 cum

2368 2494 2645 2567 Ἑλληνικῇ
2670 2496 2815 2564 φωνῇ
2842 2493 3213 2563 φθεγγόμενοι,
3232 2492 3336 2544 οὐδ’
3358 2491 3516 2562 ἑτέρᾳ
3537 2490 3641 2542 τινὶ
3659 2488 3887 2555 διαλέκτῳ

701 2595 1017 2650 sensibilem
1050 2602 1164 2648 tun
1222 2595 1495 2650 intellectu
1549 2597 1829 2666 praeditam
1856 2608 2105 2654 naturam
2139 2615 2254 2654 am-

2364 2590 2642 2661 χρώμενοι,
2655 2586 2801 2659 αὐτῷ
2818 2586 2871 2639 δὲ
2890 2585 3033 2656 ἔργῳ
3050 2584 3136 2639 διὰ
3150 2584 3241 2637 τοῦ
3271 2585 3472 2637 ἑαυτῶν
3496 2584 3697 2653 κόσμου
3715 2582 3887 2649 καὶτῆς

702 2686 882 2749 bitat,
944 2685 1169 2755 gloriam
1226 2685 1319 2740 Dei
1368 2702 1477 2741 non
1514 2686 1698 2742 Graeca
1748 2690 1952 2760 lingua,
1997 2706 2107 2747 non
2152 2693 2256 2747 alia

2364 2679 2625 2751 εὐρύθμου
2653 2678 2745 2730 καὶ
2776 2675 3091 2747 ἐναρμονίου
3115 2674 3202 2727 καὶ
3234 2674 3503 2742 πανσόφου
3530 2672 3783 2734 στάσεως,
3815 2667 3887 2720 τοῦ

705 2777 936 2834 ἂαιεοῑο
967 2777 1263 2848 praedicant
1289 2797 1302 2842 ;
1356 2779 1451 2833 sed
1491 2780 1629 2849 ipsis
1660 2758 1939 2852 operibus.
1968 2799 2066 2853 per
2098 2801 2256 2840 suum

2364 2771 2529 2825 αἰτίου
2554 2771 2732 2833 αὐτοῖς
2754 2768 2851 2838 τῆς
2878 2766 3085 2819 τοιᾶσδε
3114 2766 3373 2836 κινήσεως
3396 2764 3493 2836 τὴν
3516 2758 3888 2832 ἀπειρομεγέθη

703 2869 953 2924 videlicet
1000 2876 1275 2934 ornatum,
1319 2885 1412 2938 per
1449 2872 1801 2937 concinnam,
1868 2874 2241 2929 harmonicam

2364 2863 2580 2933 δύναμιν
2611 2860 3026 2914 ὲκδιδάσκουσιν.
3077 2857 3310 2943 Ἐκὶγὰρ
3335 2857 3620 2926 μεγέθους
3646 2855 3740 2907 καὶ
3769 2853 3867 2943 ataui

704 2968 758 3016 et
787 2961 1245 3030 sapientissimam
1290 2962 1758 3032 constitutionem,
1792 2975 2071 3021 auctorem
2107 2967 2255 3024 illius

2364 2951 2549 3020 λονῆς
2583 2948 2915 3019 κτισμάτων
2958 2941 3263 3016 ἀναλόγως
3295 2951 3326 2999 ό
3363 2944 3774 3015 γενεσιουργός
3802 2941 3887 2993 αὑ-

706 3052 783 3104 ita
817 3056 963 3103 recte
1004 3049 1479 3115 ordinati«motus,
1527 3053 1754 3123 ejusque
1797 3054 2116 3111 immensam
2148 3058 2259 3110 vir-

2364 3045 2476 3097 τῶν
2497 3042 2811 3111 θεωρεῖταν
2838 3041 2951 3102 καὶ,
2986 3040 3061 3092 Τὰ
3079 3040 3298 3106 ἀόρατα
3317 3037 3502 3090 αὑτοῦ
3532 3036 3648 3090 ἀπὸ
3672 3036 3889 3097 κτίσεως

707 3143 877 3189 tulem
900 3134 1148 3189 edocent.
1187 3134 1269 3189 Ea:
1300 3139 1659 3208 magnitudine
1698 3142 1837 3197 enim
1881 3154 1931 3198 et
1970 3140 2259 3213 pulchritu-

2364 3135 2588 3203 κόσμου
2621 3134 2742 3199 τοῖς
2774 3131 3058 3205 ποιήμασι
3094 3130 3386 3197 νοούμενα
3416 3124 3751 3194 καθορᾶται·
3780 3125 3812 3192 ἦ
3840 3142 3888 3177 τε

2380 3224 2513 3245 used
2592 3222 2762 3245 “1..-:
2804 3223 3039 3245 me-------
3077 3219 3169 3245 -...\
3204 3219 3409 3245 [λης-ιη-
3467 3219 3527 3245 'n
3558 3213 3646 3245 ΑΞ..
3678 3218 3797 3245 -.κλμ
3821 3215 3888 3245 η’.-

708 3228 827 3282 dine
846 3224 1213 3281 creaturarum
1254 3233 1584 3299 proportione
1601 3235 1828 3302 quadam
1849 3246 2052 3291 creator
2080 3253 2259 3292 earum

2367 3224 2552 3290 ἀΐδιος
2582 3222 2763 3277 αὐτοῦ
2797 3223 3043 3290 δύναμις
3075 3219 3171 3273 καὶ
3200 3219 3427 3285 θεότης.
3467 3219 3527 3269 '0
3557 3213 3646 3270 οῦν
3678 3218 3797 3277 τοὺς
3821 3215 3888 3266 οὐ·

710 3330 972 3389 spectatur
993 3322 1061 3389 8°;
1089 3329 1175 3375 et:
1197 3321 1493 3378 Invisibilia
1517 3327 1701 3395 ipsius,
1731 3344 1763 3380 α
1783 3338 2025 3383 creatura
2059 3330 2259 3395 mundi,

2369 3318 2559 3390 ρανοὺς
2601 3314 2830 3395 νομίζων
2862 3313 2981 3382 δίχα
3019 3312 3160 3375 τινὸς
3191 3308 3573 3380 δημιουργικοῦ
3624 3307 3773 3374 λόγου
3815 3305 3888 3357 καὶ

710 3429 800 3482 per
828 3430 889 3467 ea
912 3429 1027 3483 qua:
1056 3413 1199 3480 facta
1230 3424 1353 3468 sunt
1384 3406 1648 3471 intellecta
1679 3420 2072 3487 conspiciuntur
2094 3422 2112 3484 ξ
2134 3438 2259 3475 aem-

2368 3410 2515 3472 θείας
2541 3408 2666 3462 ἄνευ
2700 3400 2974 3478 δυνάμεως
3004 3406 3226 3467 ἑαυτοὺς
3260 3400 3676 3483 ὑποστήσασθαι,
3709 3400 3795 3453 καὶ
3816 3394 3886 3449 τοῦ

711 3505 918 3573 piterna
949 3520 1148 3572 quoque
1202 3497 1313 3569 eius
1354 3506 1517 3561 virtus
1547 3516 1595 3561 et
1629 3508 1878 3564 diuinitas
1901 3511 1966 3567 ⁸⁸.
1999 3511 2259 3585 Quisquis

2365 3500 2577 3557 τοσοῦδε
2608 3498 2867 3571 μεγέθους
2904 3499 2996 3551 καὶ
3024 3496 3115 3551 τοῦ
3158 3494 3358 3548 τοιοῦδε
3390 3494 3685 3562 σχήματος,
3729 3491 3887 3585 τῆς

714 3610 866 3666 ergo,
916 3595 1123 3664 absque
1170 3595 1280 3648 ulla
1316 3598 1576 3652 creatrice
1630 3599 1860 3665 ratione,
1912 3601 2028 3656 sine
2082 3580 2259 3657 divina

2364 3592 2653 3656 εὐσταθοῦς
2703 3591 2794 3645 καὶ
2844 3590 3101 3643 εὐτάκτου
3134 3588 3395 3656 κινήσεως
3444 3586 3543 3655 τὴν
3595 3583 3766 3636 αἰτίαν
3803 3580 3888 3639 τοῖς

713 3680 1134 3757 Διιὶἱιιιιιιιιιίιῑιιιο,
1167 3686 1334 3739 caelos
1367 3702 1518 3741 suam
1540 3688 1850 3746 condidisse
1878 3692 2259 3758 substantiam,

2367 3685 2607 3756 σώμασιν
2634 3682 2809 3735 αὐτῶν
2836 3680 3215 3750 προσγράφων,
3243 3678 3429 3748 ἄφρων
3460 3675 3553 3728 καὶ
3582 3675 3794 3743 ἀσεϐής.
3815 3670 3885 3722 Διὸ

699 3763 922 3831 ἰειιιιιὶιι
976 3777 1125 3830 illam
1202 3778 1625 3847 magnitudinem
1700 3781 1969 3850 talemque
2036 3780 2259 3835 formam

2364 3777 2487 3840 τοὺς
2519 3775 2762 3846 ἔμφρονα
2791 3771 2913 3824 νοῦν
2942 3769 3305 3840 κεκτημένους
3348 3768 3611 3837 προσήκει
3641 3762 3887 3832 συνομολο-

718 3862 1015 3919 adornasse
1044 3872 1221 3932 putat,
1273 3880 1335 3919 ac
1388 3868 1460 3920 ita
1494 3869 1819 3922 concinnum
1847 3869 2259 3939 ordinatumque

2366 3870 2479 3934 γεῖν
2516 3862 2791 3936 μονονουχὶ
2837 3860 3020 3930 φωνῆς
3052 3857 3266 3912 ἀκούειν
3308 3856 3451 3939 έργῳ
3501 3854 3705 3926 βοώσης
3741 3850 3887 3905 αὐτῶν

721 3962 926 4019 motum
958 3955 1280 4023 corporibus
1331 3957 1464 4027 ipsis
1512 3960 1785 4029 ascripsit,
1820 3962 1869 4016 is
1900 3976 2032 4017 sane
2061 3965 2259 4018 stultus

2368 3957 2472 4009 τῶν
2514 3954 2777 4027 οὐρανῶν,
2818 3952 2917 4022 τὴν
2949 3948 3457 4022 ,πρέπουσανδόξαν
3494 3945 3888 4015 ἀναπεμπόντων

719 4050 773 4096 et
812 4040 1010 4110 impius
1041 4047 1143 4096 est.
1193 4041 1553 4107 Quamobrem
1604 4062 1698 4102 eos
1749 4048 1841 4117 qui
1873 4060 2029 4104 sana
2083 4057 2259 4105 mente

2366 4045 2443 4116 τῷ
2474 4044 2675 4099 ἑαυτῶν
2705 4046 2895 4114 ποιητῇ
2924 4029 3349 4112 κᾶΐδημιουργῷ
3377 4038 3512 4109 Θεῷ.

719 4144 846 4193 sum
880 4150 976 4209 Par
1014 4142 1097 4190 θεῖ·
1136 4151 1240 4189 una
1298 4137 1565 4202 εοηῧῑθτί,
1609 4155 1669 4196 se
1712 4150 1920 4198 tantum
1960 4161 2069 4201 non
2126 4146 2312 4201 audire
2346 4145 2607 4213 caelorum
2652 4155 2853 4194 vocem.
2924 4139 3009 4192 vel
3050 4136 3168 4207 ipso
3207 4149 3367 4205 opere
3403 4134 3745 4194 clamantem,
3781 4142 3886 4182 con-

723 4240 1108 4302 gruentemque
1146 4230 1279 4295 Deo,
1318 4232 1507 4286 factori
1542 4241 1597 4289 et
1643 4237 1821 4306 opiﬁci
1864 4256 1983 4304 suo,
2022 4224 2245 4311 gloriam
2284 4240 2639 4295 emittentem.

795 4322 919 4375 Pari
961 4336 1175 4390 quoque
1210 4323 1369 4377 modo
1408 4325 1823 4390 ﬁrmamentum,
1858 4331 2000 4396 quod
2027 4331 2266 4385 secunda

2440 4328 2593 4381 Οὐτω
2628 4325 2683 4377 δὲ
2712 4326 2805 4379 καὶ
2830 4323 2890 4376 τδ
2921 4324 3219 4393 στερέωμα,
3249 4322 3276 4374 ὃ
3306 4322 3368 4391 δὴ
3398 4322 3634 4391 Μωῦσῆς
3658 4319 3789 4375 κατὰ
3814 4315 3886 4385 τὴν

724 4412 1016 4467 creationis
1047 4410 1134 4465 die
1167 4410 1376 4483 Moyses
1416 4412 1614 4467 factum
1662 4415 1983 4484 declaravit;
2032 4419 2134 4473 hoc
2181 4420 2259 4473 in«

2370 4416 2623 4488 δευτέραν
2645 4414 2854 4484 ἡμέραν
2875 4413 2972 4482 τῆς
2995 4412 3344 4482 κοσμοποιίας
3366 4412 3640 4479 γεγονέναι
3664 4409 3883 4500 παρίστη-⁸

727 4514 890 4570 quam
934 4498 1348 4563 ﬁrmamentum,
1371 4502 1527 4571 quod
1563 4503 1707 4558 aliud
1748 4512 1831 4559 est
1867 4521 1897 4558 a
1920 4507 2034 4575 jam
2066 4523 2266 4564 memo—

728 4588 1073 4652 ratis.cmlis,
1101 4590 1352 4669 omnibus
1383 4592 1657 4659 praedicat,
1696 4601 1749 4647 et
1775 4595 2022 4650 similiter
2048 4596 2264 4664 clamat,

732 4679 1066 4746 indicatque,
1121 4690 1181 4729 se
1217 4691 1323 4730 non
1359 4685 1653 4745 spontanea
1699 4681 1988 4735 coalitione
2020 4681 2074 4734 in
2108 4681 2268 4751 talem

732 4770 957 4824 form-am
988 4766 1313 4830 deductum;
1360 4766 1454 4820 sed
1484 4781 1620 4837 opus
1648 4783 1769 4824 esse
1812 4772 2053 4825 omnium
2092 4785 2272 4827 rerum

733 4856 1029 4921 conditoris
1061 4855 1174 4911 Dei.
1223 4854 1585 4920 Quamobrem
1613 4856 1818 4912 dictum
1856 4868 1971 4915 est:
2025 4859 2094 4914 Et
2117 4876 2272 4929 opera

732 4962 983 5025 manuum
1002 4949 1112 5015 ejus
1153 4948 1431 5001 annuntiat
1470 4936 1876 5016 ﬁrmamentum.
1907 4949 2139 5008 Noverat
2175 4968 2271 5006 au-

733 5044 843 5092 tem
886 5035 1114 5105 Moyses,
1153 5046 1277 5092 ante
1315 5038 1634 5099 ﬁrmamenti
1674 5045 2130 5099 constructionem
2157 5057 2272 5097 cm-

735 5128 867 5190 lum,
917 5126 1003 5181 vel
1036 5126 1347 5197 priusquam
1401 5128 1517 5184 dies
1557 5131 1727 5195 ﬁeret,
1759 5132 2034 5187 conditum
2067 5134 2271 5200 fuisse;

737 5231 861 5269 nam
900 5215 1059 5270 dicit:
1105 5213 1169 5268 In
1210 5218 1466 5286 principio
1497 5218 1619 5286 fecit
1666 5219 1805 5274 Deus
1852 5222 2037 5275 coelum
2084 5233 2135 5277 et
2167 5232 2274 5276 ter—

740 5322 855 5359 ram
876 5307 942 5358 °'.
990 5307 1066 5361 Ac
1107 5307 1360 5376 deinceps
1404 5317 1526 5378 post
1569 5312 1803 5380 primum
1838 5313 2033 5367 caelum
2082 5314 2273 5370 condi-

741 5404 874 5458 tum,
905 5397 1039 5451 lucis
1068 5399 1174 5452 vim
1203 5414 1265 5453 ac
1302 5400 1626 5456 creationem
1661 5402 1834 5467 aﬂ'ert,
1865 5404 2129 5474 docetque
2168 5406 2273 5460 luci

743 5484 849 5540 diei
898 5503 1091 5543 nomen
1139 5490 1387 5547 inditum.
1437 5489 1743 5563 factumque
1771 5493 1965 5548 luisse
2025 5510 2183 5550 mane
2224 5505 2277 5550 et

743 5590 960 5645 vespere
985 5578 1125 5635 diem
1155 5581 1403 5650 primum.
1449 5581 1636 5637 Postea
1668 5584 1759 5639 ubi
1796 5586 2087 5641 secundam
2120 5586 2272 5641 ordi-

810 5728 860 5821 η⁹⁶
885 5729 1009 5803 Sap.
1064 5748 1180 5802 χιιι,
1214 5734 1264 5789 5.
1339 5736 1381 5768 ⁸⁸
1410 5735 1563 5791 Rom.
1608 5753 1642 5805 ι,
1677 5737 1765 5792 20.
1841 5739 1883 5772 ⁸³
1908 5738 2100 5799 Cenes.
2135 5758 2177 5804 ι,
2229 5741 2262 5796 ι.

2371 4510 2463 4563 καὶ
2493 4507 2649 4561 τοῦτο
2690 4503 3071 4576 τοιγαροῦν·τὺ
3116 4504 3413 4575 στερέωμα,
3461 4504 3643 4574 ἕτερον
3683 4501 3736 4555 δν
3765 4495 3886 4567 παρὰ

2370 4597 2495 4659 τοὺς
2527 4591 3045 4665 προωνομασμένους
3070 4592 3346 4663 οὐρανοὺς,
3376 4592 3630 4663 κηρύττει
3651 4592 3755 4651 τοῖς
3782 4588 3885 4637 πᾶσι

2375 4686 2468 4740 καὶ¹
2495 4685 2727 4756 κέκραγε
2759 4682 3040 4746 διδάσκων,
3085 4684 3165 4737 ὅτι
3198 4684 3271 4755 μὴ
3295 4685 3354 4749 ἐξ
3395 4683 3696 4753 αὐτομάτου
3723 4678 3884 4733 τοιόνδε

2379 4776 2580 4846 ὐπέστη
2606 4790 2617 4802 ·
2644 4775 2802 4844 ἔργον
2826 4772 2882 4825 δέ
2921 4774 3034 4826 ἐστι
3060 4774 3152 4827 καὶ
3195 4772 3327 4828 αὐτὸ
3355 4772 3448 4826 τοῦ
3466 4773 3574 4825 τῶν
3611 4772 3740 4825 ὅλων
3765 4785 3885 4837 ποιη-

2375 4864 2469 4918 τοῦ
2501 4864 2662 4917 Θεοῦ·
2716 4863 2796 4916 διὸ
2838 4862 3081 4934 εἴρηται·
3115 4863 3367 4929 Ποίησιν
3394 4861 3461 4915 δὲ
3500 4860 3712 4939 χειρῶν
3735 4852 3883 4912 αὐτοῦ

2376 4954 2725 5024 ἀναγγέλλει
2753 4953 2818 5007 τὸ
2851 4953 3165 5023 στερέωμα.
3201 4948 3320 5004 Οἷδε
3348 4951 3405 5004 δὲ
3430 4950 3669 5021 Μωῦσῆς
3696 4949 3788 5021 πρὸ
3810 4946 3885 5013 τῆς

2377 5046 2468 5099 τοῦ
2511 5044 2879 5116 στερεώματος
2920 5027 3223 5107 συστάσεως
3254 5042 3474 5115 οὐρανὸν
3515 5043 3767 5114 πρότερον
3810 5038 3884 5105 τῆς

2380 5137 2585 5207 ἡμέρας
2615 5125 2990 5206 γεγενημένον,
3023 5121 3219 5201 λέγων·
3263 5135 3364 5187 Ἔν
3387 5132 3542 5202 ἀρχῇ
3578 5131 3885 5200 ἐποίησενό

2372 5228 2523 5293 Θεὸς
2569 5228 2673 5281 τὸν
2692 5226 2946 5295 οὐρανόν
2977 5224 3074 5282 καί
3104 5224 3215 5294 τὴν
3241 5224 3370 5296 γῆν.
3406 5226 3561 5296 Ἑξῆς
3579 5226 3640 5280 ,δ’
3669 5222 3753 5278 οὖν
3780 5215 3883 5292 μεεά

2378 5316 2473 5387 τὴν
2500 5318 2710 5388 ποίησιν
2731 5315 2829 5370 ’τοῦ
2858 5313 3068 5385 πρώτου
3094 5315 3317 5387 οὐρανοῦ
3349 5315 3521 5385 φωτὸς
3540 5316 3740 5382 εἰσάγει
3763 5309 3881 5363 δύνα-

2385 5425 2473 5477 μιν
2491 5409 2583 5461 καὶ
2594 5409 2821 5477 γένεσιν,
2847 5406 3056 5476 ἡμέραν
3075 5423 3131 5458 τε
3155 5405 3391 5460 διδάσκει
3404 5405 3463 5458 τὸ
3480 5405 3592 5473 φῶς
3610 5399 3880 5466 κεκλῆσθαι.

2381 5500 2653 5566 γεγονέναι
2673 5517 2732 5551 τε
2757 5498 2963 5568 πρωῖαν
2986 5498 3116 5568 φησὶ
3142 5498 3234 5550 καὶ
3267 5497 3520 5566 ἑσπέραν,
3535 5489 3747 5564 ’ἡμέραν
3764 5489 3880 5561 μίαν.

2380 5582 2511 5642 Εἶτα
2521 5588 2667 5642 δευτέ
2674 5604 2769 5658 ρας
2784 5586 2886 5657 ἡμέ
2894 5603 2987 5657 ρας
3002 5586 3311 5657 ἀρχόμενος,
3323 5586 3420 5656 τὴν
3439 5583 3531 5636 τοῦ
3554 5579 3881 5653 στερεώμᾳτοε
