3966 6344
126 434 215 493 189

1236 422 1734 483 COMMENTARIA
1771 420 1837 477 ΙΝ
1875 419 2210 478 PSALMOS.

3214 429 3314 483 l90

121 543 305 610 ιίσάγει
330 539 562 610 ποίησιν.
605 536 724 593 Οἶδε
751 538 811 592 ’δὲ
838 536 871 609 ἡ
894 536 1083 608 Γραφὴ
1112 536 1205 589 καὶ
1256 535 1473 599 πλείους
1501 538 1646 606 οὐρα·

1767 542 1857 588 tur
1887 535 2049 600 diem,
2082 534 2409 590 ﬁrmamenti
2427 536 2749 593 creationem
2775 538 2999 594 inducit.
3037 540 3316 614 Scriptura

121 634 255 697 νούς’
286 633 361 685 διό
392 648 555 702 φησιν
573 648 587 660 ·
617 629 839 684 Αἰνεῖτε
868 628 975 683 τὸν
1000 630 1215 696 Κύριον
1237 628 1306 679 ἐκ
1342 626 1458 680 τῶν
1483 629 1657 696 σὺρα-

120 725 254 779 νῶν·
292 724 380 777 καὶ
431 722 623 775 πάλιν·
659 718 884 774 Αἰνεῖτε
926 718 1111 772 αὐτὸν
1156 719 1210 771 oi
1260 716 1500 784 οὐρανοὶ
1546 716 1663 770 τῶν

120 813 385 886 οὐρανῶν,
412 813 513 867 καὶ
544 813 610 865 τὸ
637 811 791 880 ὕδωρ
816 813 879 865 τὸ
920 809 1191 879 ὑπεράνω
1221 807 1338 862 τῶν
1356 808 1627 876 οὐρανῶν
1644 828 1657 840 ·

122 912 201 963 καὶ
223 907 443 977 ἀλλαχοῦ
485 906 730 978 εἴρηται·
773 906 832 959 '0
861 903 1113 973 οὐρανὸς
1150 902 1254 955 τοῦ
1297 902 1554 976 οὐρανοῦ
1583 903 1662 969 τῷ

120 1001 306 1069 Κυρίῳ.
319 1000 422 1052 Καὶ
432 998 494 1051 τὸ
506 998 787 1069 στερέωμα
800 997 1055 1067 κέκληται
1071 995 1314 1065 οὐρανὸς,
1329 996 1421 1047 καὶ
1436 998 1463 1048 ὁ
1475 996 1623 1067 Σωτῇ
1632 1014 1661 1067 ρ

119 1091 202 1162 τὴν
230 1088 490 1161 βασιλείαν
522 1090 630 1144 τῶν
663 1088 905 1161 οὐρανῶν
952 1087 1358 1156 ἐπαγγέλλεται,
1389 1088 1480 1141 καὶ¹
1507 1090 1563 1141 ὲν
1594 1091 1657 1159 τῇ

120 1185 231 1254 εὐχῇ
246 1182 473 1236 διδάσκει
491 1185 664 1236 εἰπεῖν
679 1200 692 1212 ·
712 1183 899 1248 Πάτερ
918 1179 1085 1248 ἡμῶν
1096 1183 1127 1233 ό
1142 1181 1212 1233 ἐν
1228 1180 1349 1247 τοῖς
1364 1181 1657 1249 οὐρανοῖς,

119 1275 213 1339 καὶ,
240 1275 302 1328 Al
326 1272 607 1343 δυνάμεις
640 1271 759 1325 τῶν
787 1270 1058 1339 οὐρανῶν
1086 1270 1584 1337 σαλευθήσονται.

187 1452 386 1522 Ἡμέρα
403 1451 478 1520 τῇ
500 1450 688 1520 ἡμέρᾳ
711 1450 1009 1519 ἐρεύγεται
1022 1451 1208 1520 ῥῆμα,
1233 1454 1328 1507 καὶ
1356 1453 1469 1518 νὺξ
1487 1457 1659 1509 νυκτί

114 1544 440 1612 ἀναγγέλλει
485 1541 731 1611 γνῶσιν.
773 1542 1019 1596 Διδάσκει
1075 1546 1257 1615 ήμέρα
1301 1547 1393 1598 καὶ
1422 1547 1657 1604 διδάσκει

115 1635 196 1700 νὺξ
219 1635 337 1687 τοὺς
374 1633 652 1695 ἐθέλοντας
691 1631 1054 1698 παιδεύεσθαι,
1088 1635 1185 1705 ὅση
1214 1634 1297 1697 τίς
1336 1636 1481 1689 ἐστιν
1510 1639 1541 1707 ή
1574 1656 1658 1690 σο-

114 1725 200 1793 φία
225 1727 256 1795 ή
287 1724 518 1794 ᾶρῤήτος
557 1724 651 1777 καὶ
680 1724 1046 1797 ἀπερίληπτος
1083 1725 1308 1796 δύναμις
1329 1726 1420 1779 τοῦ
1454 1728 1519 1781 τὰ
1546 1729 1658 1781 δια-

114 1818 342 1889 στήματα
377 1816 481 1869 τῶν
511 1817 715 1889 χρόνων
756 1820 1261 1890 καταμετρήσαντος
1297 1820 1477 1883 αὐτοῖς
1500 1820 1653 1873 Θεοῦ.

1767 639 1894 679 vero
1923 625 2230 693 complures
2254 625 2423 679 caelos
2466 626 2616 680 novit
2636 614 3026 699 "admittitque',
3058 635 3319 701 quocirca

1765 715 1920 770 dicit:
1970 715 2208 771 Laudate
2261 716 2543 771 Dominum
2588 718 2651 772 de
2680 722 2819 774 caelis
2838 722 2921 788 ";
2953 737 3015 776 ac
3054 739 3312 781 rursum:

1764 806 2005 861 Luudate
2047 825 2185 869 eum,
2242 810 2359 863 cazli
2414 810 2685 875 cmlorum,
2719 821 2767 865 et
2800 829 2935 882 aqua
2987 816 3155 868 omnis
3202 832 3319 886 quae

1763 913 1916 966 super
1948 899 2099 957 cretes
2140 900 2299 955 est“.
2348 901 2490 956 Alibi
2541 918 2756 974 quoque
2801 905 3004 959 dictum
3043 908 3314 965 occurrit:

1764 984 1969 1041 Casium
2013 990 2131 1055 ⁸εαδιὶ
2186 989 2501 1046 Domino".
2559 990 2984 1049 Firmamentum
3034 998 3161 1050 item
3203 1012 3315 1052 οω-

1762 1078 1871 1133 luni
1901 1070 2148 1145 vocatur,
2185 1090 2238 1135 et
2272 1080 2520 1137 Salvator
2550 1098 2774 1153 regnum
2806 1087 3067 1139 caelorum
3103 1088 3318 1156 pollice-

1760 1176 1870 1233 tur,
1899 1186 1962 1224 ac
2001 1173 2072 1225 ita
2104 1174 2435 1242 precandum
2469 1189 2597 1229 esse
2626 1176 2895 1230 instituit:
2925 1177 3083 1231 Pater
3120 1188 3315 1245 noster,

1758 1264 1847 1331 qui
1889 1280 1941 1316 es
1965 1266 2014 1317 in
2071 1266 2298 1329 caelis";
2344 1274 2397 1320 et
2429 1285 2440 1319 :
2477 1265 2705 1321 Virtutes
2752 1268 2997 1321 cwlorum
3031 1270 3308 1325 movebun-

1759 1361 1845 1405 tur
1865 1356 1928 1385 87.

1829 1440 2070 1498 “2115.3.
2122 1443 2245 1498 Dies
2286 1444 2394 1499 diei
2430 1450 2633 1499 eru‘ctat
2678 1446 2908 1513 uerbum,
2952 1461 3000 1502 et
3034 1466 3137 1502 nox
3177 1452 3315 1504 nocti

1759 1534 1955 1589 indicat
2002 1537 2296 1589 scientiam.
2353 1537 2518 1592 Docet
2567 1539 2704 1603 dies,
2738 1541 2895 1593 docet
2933 1542 3169 1611 itemque
3207 1558 3315 1597 nox

1758 1644 1852 1683 eos
1875 1628 1966 1698 qui
2001 1629 2212 1684 institui
2243 1638 2551 1699 pemptant,
2587 1645 2752 1699 quam
2783 1632 3070 1686 ineti‘abilis
3095 1635 3314 1703 sapient--

1759 1721 1852 1783 tia,
1904 1735 2066 1791 quam
2098 1720 2665 1790 incomprehensibilis
2718 1722 2893 1776 virtus
2941 1724 3010 1777 sit
3065 1723 3179 1789 Dei,
3217 1727 3310 1796 qui

1759 1811 1889 1880 ipsis
1927 1822 2227 1882 temporum
2273 1812 2555 1866 intervalla
2598 1812 2874 1867 dimensus
2908 1822 3013 1868 est.
3070 1814 3124 1867 Si
3158 1830 3311 1870 nam-

114 1909 165 1960 El
195 1908 285 1979 μιν
312 1908 415 1979 γὰρ
456 1908 641 1978 ratiost;
681 1904 749 1980 ἦν
778 1912 806 1962 ὁ
842 1910 935 1962 καὶ
960 1910 1182 1973 ταύταις
1210 1910 1375 1982 ὥραις
1412 1912 1504 1962 καὶ
1532 1912 1646 1981 χρό-

1757 1918 1861 1970 que
1913 1906 2095 1959 nullus
2145 1913 2288 1960 esset
2336 1905 2430 1975 qui
2487 1906 2572 1959 bis
2606 1906 3021 1974 tempestatibus
3052 1908 3221 1976 spatia
3255 1916 3311 1963 et

112 2013 221 2061 νους
248 2000 337 2051 καὶ
380 1998 603 2069 καιροὺς
650 1998 1057 2071 διαταξάμενος,
1091 2001 1406 2071 ἀπρονοήτῳ
1455 2000 1511 2052 δὲ
1562 2002 1655 2054 καὶ¹

110 2092 270 2163 ἀλόγῳ
290 2094 496 2163 κινήσει
524 2095 664 2148 κατά
682 2111 732 2146 τι
754 2094 1015 2164 σύμϐαμα
1044 2096 1324 2164 τυχιμαῖον
1374 2094 1653 2163 ὑφεστῶτα

108 2180 195 2254 ἦν·
223 2174 381 2257 ἐχρῆν
405 2186 574 2257 δήπου
605 2188 679 2258 μὴ
711 2190 780 2241 τά
810 2187 899 2239 ῐσα
936 2185 1276 2256 διαστήματα
1300 2186 1406 2239 τῶν
1436 2186 1653 2258 ἡμερῶν

109 2277 184 2331 διὰ
208 2279 395 2342 παντὸς
432 2279 528 2333 τοῦ
559 2280 752 2342 αἰῶνος
796 2278 1109 2347 ὑφεστάναι,
1151 2279 1184 2349 ἢ
1220 2279 1654 2349 συγκεχυμένους

111 2366 270 2420 αὐτῶν
308 2364 449 2420 εἶναι·
470 2369 597 2430 τοὺς
640 2368 883 2437 καιροὺς,
918 2368 1012 2419 καὶ
1040 2350 1138 2430 τὰς
1170 2367 1367 2431 νύκτας
1394 2368 1450 2422 δὲ
1478 2369 1655 2421 ὡσαύ-

110 2474 203 2524 τως
221 2460 334 2530 είκῆ
353 2462 445 2514 καὶ
460 2460 535 2524 ὼς
559 2460 747 2530 ἔτυχεν
768 2461 896 2531 φέρε
906 2460 1044 2515 σθαι.
1072 2462 1315 2531 Ἀλογίας
1334 2461 1439 2532 γὰρ
1454 2462 1651 2532 ἀδελφή

111 2551 301 2615 ἀταξία,
332 2552 422 2603 καὶ
456 2549 534 2620 τῷ
556 2551 825 2621 τυχιμαίῳ
852 2550 1041 2603 ἕπεται
1074 2552 1326 2622 σύγχυσις
1344 2569 1357 2580 ·
1383 2553 1457 2613 ὡς
1480 2552 1653 2622 ἔμπα-

112 2641 180 2694 λιν
211 2642 376 2711 πάσης
404 2641 655 2707 εὐταξίας
705 2643 912 2712 ἡγεῖται
964 2642 1136 2713 λόγος,
1185 2644 1442 2715 ἁρμονίας
1473 2661 1530 2695 τε
1559 2644 1652 2697 καὶ

112 2735 398 2805 συμφωνίας
420 2737 627 2806 ήγεῖται
660 2736 835 2806 σοφία.
878 2738 939 2789 Al
963 2737 1141 2789 τοίνυν
1166 2736 1366 2788 τούτων
1398 2736 1531 2807 πρὸς
1559 2735 1651 2788 άλ-

111 2826 255 2898 λήλας
294 2830 513 2902 ἀμοιϐαὶ
558 2833 652 2885 καὶ
684 2832 1077 2903 ὑποχωρήσεις,
1119 2832 1245 2884 ποτὲ
1295 2833 1393 2901 μὲν
1430 2832 1649 2903 ἡμερῶν

117 2924 505 2994 μηκυνομένων,
536 2926 932 2996 ὑποχωρουσῶν
962 2926 1018 2978 δὲ
1052 2924 1228 2978 αὐτῶν
1259 2924 1485 2989 νυκτῶν,
1520 2924 1648 2977 ποτὲ

112 3016 158 3068 δὲ
180 3016 276 3069 τῶν
298 3017 498 3070 νυκτῶν
538 3018 599 3071 τὸ
646 3018 1155 3090 προδεδανεισμένον
1188 3021 1343 3090 χρέος
1380 3021 1516 3072 κατὰ
1549 3021 1647 3092 τὴν

224 3109 371 3181 ὡρῶν
399 3110 626 3183 αὔξησιν
647 3112 1161 3183 ἀπολαμϐανουσῶν,
1197 3116 1473 3184 μονονουχὶ
1494 3113 1649 3183 φθέγ-

113 3216 271 3265 γονται
314 3201 404 3255 καὶ
436 3202 651 3256 λαλοῦσι
701 3203 909 3276 μεγάλῃ
952 3207 1102 3275 φωνῇ
1135 3207 1199 3275 τῇ
1243 3207 1499 3276 πανσόφῳ
1529 3206 1644 3263 δια-

114 3289 241 3351 τάξει
266 3291 353 3344 τοῦ
394 3292 505 3344 τῶν
530 3291 665 3344 ὅλων
701 3293 1071 3363 μαρτυροῦσαι
1107 3294 1264 3358 Θεοῦ,
1307 3298 1399 3349 καὶ
1445 3296 1644 3368 κηρύτ-

114 3395 267 3445 τουσιν
298 3382 599 3453 ἀνθρώποις
633 3384 730 3453 τὴν
761 3383 857 3435 τοῦ
888 3383 1021 3436 Θεοῦ
1052 3386 1274 3451 γνῶσιν·
1311 3386 1450 3439 οὕτω
1476 3388 1532 3440 δὲ
1558 3406 1647 3441 κε-

115 3472 341 3546 κριιγόσιν
392 3473 573 3535 αὐτοῖς
623 3472 803 3544 ἔργοις
851 3476 905 3524 αί
963 3473 1065 3525 τῶν
1117 3475 1339 3546 ἡμερῶν
1391 3478 1485 3529 καὶ
1540 3478 1647 3531 τῶν

116 3544 294 3611 νυκτῶν
339 3563 513 3629 φωναὶ
561 3566 671 3626 τοῖς
713 3562 926 3616 ἐπαΐειν
975 3564 1151 3616 αὐτῶν
1191 3544 1524 3634 δυναμένοις,
1572 3570 1647 3633 ὡς

118 3651 347 3723 μηδεμίαν
386 3654 555 3725 ἀκοὴν
595 3654 872 3708 λανθάνειν
899 3654 995 3727 τήν
1015 3654 1351 3710 διδασκαλίαν
1376 3658 1569 3713 αὐτῶν.

172 3829 508 3903 Πεπλήρωται
536 3831 665 3901 γοῦν
690 3834 720 3903 ἡ
748 3833 1005 3903 σύμπασα
1032 3831 1139 3885 τῶν
1159 3831 1453 3903 ἀνθρώπων
1478 3835 1645 3887 οίκου-

118 3919 231 3988 μένη
260 3920 350 3989 τῆς
375 3921 645 3993 εὐρύθμου
674 3922 766 3976 καὶ
788 3921 1076 3993 άμοιὸαίας
1104 3922 1281 3975 αὐτῶν
1304 3923 1517 3992 χορείας
1540 3942 1553 3955 °
1576 3925 1641 3978 δι’

114 4009 145 4061 δ
180 4011 432 4065 λέλεκται*
465 4016 587 4067 Οὐκ
634 4013 751 4066 είσὶ
782 4014 987 4067 λαλιαὶ
1027 4013 1166 4068 οὐδὲ
1206 4015 1370 4083 λόγοι
1397 4008 1483 4067 ὧν
1508 4019 1642 4085 οὐχὶ

114 4101 394 4156 ἀκούονται
423 4105 483 4155 αι
520 4102 706 4171 φωναί
745 4101 960 4156 αὐτῶν.
1006 4104 1108 4169 Εἰς
1140 4100 1345 4159 πᾶσαν
1368 4104 1480 4171 τὴν
1526 4105 1642 4173 γῆν

114 4191 335 4259 ἐξῆλθεν
361 4196 392 4247 ό
422 4195 678 4262 φθόγγος
710 4193 925 4265 αὐτῶν,
952 4195 1048 4248 καί
1078 4197 1163 4260 εὶς
1196 4194 1267 4247 τὰ
1288 4194 1509 4261 πέρατα
1532 4196 1641 4265 τῆς

116 4283 428 4351 οἰκουμένης
468 4281 539 4335 τὰ
574 4282 803 4355 ῥήματα
832 4283 1059 4337 αὐτῶν·
1109 4285 1262 4355 δῆλον
1295 4284 1369 4348 δὲ,
1408 4286 1489 4338 ὅτι
1533 4288 1639 4340 τῶν

119 4371 303 4441 ἡμερῶν
328 4372 420 4424 καὶ
448 4371 557 4423 τῶν
583 4370 810 4434 νυκτῶν,
842 4370 948 4425 τῶν
990 4389 1051 4424 τε
1094 4370 1494 4439 διηγουμένων
1527 4372 1639 4441 τὴν

120 4463 201 4516 τοῦ
224 4463 357 4517 Θεοῦ
377 4463 565 4526 δόξαν
586 4463 847 4533 οὐρανῶν,
875 4463 965 4515 καὶ
991 4460 1085 4515 τοῦ
1112 4461 1226 4529 τὴν
1250 4461 1495 4529 ποίησιν
1522 4462 1638 4515 τῶν

118 4555 293 4622 χειρῶν
320 4555 499 4609 αὐτοῦ
536 4554 1004 4624 ἐξαγγέλλοντος
1041 4552 1431 4626 στερεώματος.
1472 4554 1637 4608 Ἔνθα
1670 4587 1710 4639 D

115 4644 430 4717 ἇὲγενομένῳ
480 4662 569 4717 μοι
616 4645 915 4715 θαυμάζειν
970 4645 1196 4709 ἔπεισιν,
1231 4646 1377 4706 ὅπως
1414 4646 1442 4695 ὁ
1493 4645 1634 4715 ἱερὸς

117 4736 367 4811 ἀπόστολος
387 4738 446 4795 τό
470 4755 483 4767 ·
509 4740 610 4803 Εἰς
634 4734 838 4809 πᾶσμν
858 4735 971 4803 τὴν
994 4735 1109 4805 γῆν
1133 4734 1387 4803 ἐξῆλθεν
1410 4737 1443 4788 ό
1464 4738 1634 4805 φθόγι

118 4845 198 4895 τος
221 4829 423 4892 αὐτῶν,
456 4828 555 4883 καὶ
590 4832 678 4895 είς
705 4828 775 4881 τὰ
803 4826 1025 4895 πέρατα
1046 4826 1154 4895 τῆς
1181 4826 1531 4895 οἰκουμένης
1558 4828 1629 4879 τὰ

112 4906 307 4987 ῥήματα
327 4920 541 4989 αὐτῶν,
571 4921 664 4973 ἐπὶ
693 4922 816 4983 τοὺς
861 4918 1105 4990 μαθητὰς
1133 4919 1225 4973 καὶ
1248 4915 1631 4983 εὐαγγελιστάς

117 5012 187 5061 καὶ
225 5014 535 5077 ἀποστόλους
562 5013 656 5067 τοῦ
691 5014 936 5083 Σωτῆρος
972 5010 1126 5081 ήμῶν
1156 5012 1447 5080 ἀνήνεγκεν
1481 5009 1536 5059 ὲν
1566 5009 1629 5077 τῇ

118 5102 221 5169 πρὸς
254 5104 545 5176 Ῥωμαίους
564 5104 863 5175 Ἐπιστολῇ.
911 5102 1237 5172 Ἐπιστήσας
1267 5102 1325 5153 δὲ
1369 5099 1459 5167 τρν
1508 5098 1629 5151 νοῦν

120 5194 170 5259 τῇ
186 5192 489 5265 ἀποστολικῇ
515 5193 676 5258 λέξει,
700 5194 900 5266 σφόδρα
920 5192 1157 5272 ἀκριϐῶς
1176 5186 1331 5261 εὗρον
1355 5190 1514 5261 αὐτὸν
1544 5208 1632 5280 xu.-

118 5285 418 5353 ταχρήστικῷ
432 5287 617 5355 τρόπῳ
632 5285 896 5355 εὐκαίρως
912 5284 1007 5355 τὴν
1024 5283 1318 5353 παράθεσιν
1334 5299 1528 5351 πεποιη
1537 5284 1629 5352 μέ-

117 5392 201 5427 νον·
223 5378 273 5430 οὐ
304 5378 406 5448 γὰρ
431 5377 615 5453 ῶσπερ
640 5378 767 5431 ποτὲ
782 5378 880 5445 μὲν
900 5377 1028 5447 ἔφη’
1073 5376 1315 5439 Ἡσαΐας
1334 5374 1399 5427 δὲ
1437 5374 1625 5443 κράζει

116 5465 235 5536 ὑπὲρ
275 5469 373 5523 τοῦ
434 5468 697 5536 Ἰσραὴλ,
752 5467 881 5520 ποτὲ
932 5468 1008 5530 δὲ,
1038 5466 1229 5530 καθὼς
1280 5465 1624 5531 προειρηκεν

124 5553 322 5624 Ἡσαΐας
339 5579 351 5591 ·
374 5561 466 5613 καὶ
493 5558 679 5612 πάλιν’
712 5559 911 5623 Καθὼς
938 5559 1249 5627 γέγραπται
1268 5570 1281 5584 '
1312 5555 1404 5608 καὶ
1437 5552 1617 5617 αὖθις·

167 5737 586 5796 "Psal.cx1.vtu.
618 5740 665 5791 l.
754 5752 779 5766 ··
823 5740 950 5792 ibid.
980 5740 1031 5792 4.
1108 5744 1151 5769 ἀν
1176 5756 1314 5792 rsai.
1349 5751 1499 5798 cxiii,
1552 5734 1630 5789 l6.

126 5825 305 5890 l'Bom.
335 5854 404 5905 ix,
434 5838 523 5891 27.
596 5836 639 5870 ’°
664 5834 792 5893 ibid.
826 5832 914 5891 29.
950 5833 1033 5888 ιιι
1066 5835 1189 5891 Cor.
1225 5850 1259 5899 ι,
1303 5833 1386 5888 51.
1436 5900 1439 5901 ν

1705 5735 1746 5767 ⁸⁵
1777 5734 1962 5789 Matth.
1998 5745 2072 5802 Vl,
2097 5732 2149 5787 9.

1756 1995 2045 2048 interstitia
2075 1996 2440 2064 .destinasset,
2473 1997 2565 2051 sed
2608 1998 2896 2051 temerario
2924 2006 2975 2051 et
3004 1999 3310 2064 inconside-

1756 2088 1873 2135 rato
1904 2091 2052 2136 motu
2102 2092 2267 2154 atque
2322 2102 2452 2141 casu
2502 2089 2756 2156 quopiam
2803 2101 2918 2142 nccc
2943 2090 3302 2155 exsisterent;

1754 2184 2022 2243 Oporterct
2055 2192 2184 2231 sane
2223 2192 2328 2230 non
2350 2178 2647 2246 :cqualibus
2680 2180 2871 2246 spatiis
2915 2180 3031 2234 dies
3057 2197 3084 2233 a
3111 2182 3310 2236 smequ

1756 2266 2032 2320 ordinatas
2072 2266 2257 2333 fuisse,
2298 2275 2391 2321 aut
2436 2268 2663 2321 confusa
2697 2284 2906 2325 carum.
2946 2271 3308 2342 similiterque

1752 2358 1991 2412 noctium
2017 2367 2279 2428 tempora,
2320 2374 2451 2413 casu
2485 2375 2545 2412 ac
2574 2359 2794 2412 fortuito
2823 2361 3046 2413 revolvi.
3093 2361 3305 2419 Etenim

1753 2450 2039 2503 temerario
2091 2453 2245 2505 casui
2298 2452 2555 2505 tinitimus
2608 2460 2692 2505 est
2736 2452 3046 2506 inconditus
3110 2468 3292 2509 rerum

1753 2546 1950 2603 status,
2004 2549 2057 2595 et
2115 2540 2396 2595 fortuitam
2448 2556 2559 2596 rem
2616 2542 2862 2611 sequitur
2907 2541 3189 2611 confusio;
3245 2553 3303 2601 ut

1752 2630 1867 2684 vice
1902 2646 2060 2684 versa
2085 2641 2291 2685 rectum
2338 2633 2583 2686 ordinem
2639 2636 2778 2686 ratio
2818 2634 3023 2704 dirigit,
3062 2651 3299 2692 concen-

1751 2728 1973 2787 tumque
2014 2734 2077 2773 ac
2108 2718 2453 2773 concordiam
2526 2736 2705 2774 rerum
2757 2723 3024 2791 sapientia
3071 2725 3301 2781 admini-

1752 2818 1908 2864 strat.
1948 2809 2144 2864 Mutua:
2192 2825 2323 2864 sane
2368 2810 2584 2863 illorum
2632 2812 3035 2868 vicissitudines
3066 2823 3119 2868 et
3164 2832 3299 2871 con-

1748 2904 2061 2967 cessiones;
2091 2916 2214 2955 nam
2247 2902 2407 2956 modo
2434 2886 2928 2962 dies.concedente
2966 2913 3142 2968 nocte,
3171 2921 3295 2974 pro-

1747 2992 1987 3057 lixiores,
2008 3000 2157 3057 sunt,
2193 2994 2351 3048 modo
2379 3002 2566 3048 noctes
2594 2994 2833 3048 debitum
2876 3009 2937 3048 ac
2968 3004 3156 3050 mutuo
3196 2997 3290 3051 da-

1747 3092 1861 3137 tum
1899 3084 2132 3153 spatium
2162 3091 2319 3137 aucta
2357 3084 2531 3139 hieme
2564 3100 2629 3139 ac
2674 3093 2988 3154 tempestate
3016 3096 3293 3157 repetunt;

1749 3175 1882 3238 haec,
1920 3176 2166 3243 inquam,
2221 3182 2429 3229 tantum
2485 3190 2591 3229 non
2640 3174 3027 3240 vociferantur,
3087 3193 3150 3231 ac
3196 3194 3294 3233 ceu

1673 3257 1714 3313 C
1748 3267 1893 3320 edito
1925 3267 2163 3321 clamore
2220 3265 2689 3334 sapientissimum
2728 3267 2877 3320 illum
2913 3269 2979 3322 ab
3018 3271 3296 3326 universo-

1747 3376 1865 3414 rum
1912 3359 2023 3414 Deo
2076 3361 2429 3413 constitutum
2492 3358 2740 3412 ordinem
2779 3359 3161 3427 depraedicant,
3196 3363 3296 3418 bo-

1747 3451 2089 3520 niinibusque
2151 3447 2243 3503 Dei
2325 3450 2571 3503 notitiam
2634 3451 2983 3533 annuntiant.
3060 3450 3149 3505 Sic
3210 3455 3295 3509 vel

1746 3544 1876 3615 ipsis
1919 3543 2081 3614 gestis
2135 3542 2387 3611 operibus
2450 3541 2661 3596 dierum
2715 3541 3065 3611 noctiumque
3131 3547 3311 3603 voces

1746 3635 1813 3688 iis
1853 3636 1947 3703 qui
1970 3632 2159 3687 auditu
2190 3634 2377 3689 valent
2426 3634 2741 3697 inclamant,
2762 3683 2773 3695 .,
2795 3639 2855 3686 ut
2908 3649 3004 3702 per
3051 3636 3291 3693 omnium
3336 3674 3339 3677 ς

1745 3742 1905 3782 aures
1926 3725 2172 3780 doctrina
2200 3740 2391 3780 eorum
2419 3725 2697 3794 pervadat.

1816 3816 2115 3872 Universus
2148 3816 2331 3887 itaque
2354 3817 2522 3880 orbis,
2560 3816 2655 3885 qui
2685 3815 2766 3869 'ab
2799 3815 3110 3873 hominibus
3140 3818 3290 3874 inco-
3366 3892 3369 3895 δ

1745 3912 1891 3972 litur,
1929 3907 2212 3963 concinnis
2261 3906 2573 3977 hujusniodi
2606 3921 2669 3959 ac
2716 3908 2919 3962 mutuis
2955 3908 3166 3965 choreis
3207 3926 3292 3965 re-

1742 4003 1940 4073 pletum
1968 4006 2093 4065 est;
2139 4013 2307 4067 quare
2354 3997 2587 4051 dicitur:
2643 3995 2798 4053 Vers.
2832 3997 2885 4063 4,
2917 3998 2969 4053 5.
3021 3997 3143 4053 Ilion
3170 4010 3291 4054 sunt

1744 4091 1977 4162 loquelis,
2034 4105 2191 4158 neque
2242 4104 2525 4151 sermones,
2571 4105 2790 4158 quorum
2848 4106 2949 4143 non
3001 4090 3289 4145 audiantur

1742 4199 1885 4237 voces
1949 4197 2150 4235 eorum.
2236 4179 2303 4233 In
2376 4197 2576 4234 omnem
2641 4190 2837 4234 terram
2904 4183 3062 4234 exiuit
3104 4198 3287 4253 sonus

1739 4292 1938 4344 eorum,
1967 4284 2015 4327 et
2048 4274 2101 4327 in
2126 4275 2255 4343 fines
2292 4273 2431 4326 orbis
2463 4282 2613 4325 terra:
2642 4272 2791 4324 verba
2818 4288 3017 4336 eorum,
3039 4272 3285 4328 videlicet

1740 4370 1947 4423 dierum
1994 4383 2058 4421 ac
2090 4368 2353 4431 noctium,
2392 4379 2486 4418 nec
2533 4381 2638 4439 n‘on
2678 4365 2959 4424 cmlorum,
2996 4365 3085 4432 qui
3130 4381 3287 4419 enar-

1740 4466 1861 4510 rant
1908 4457 2131 4531 gloriam
2166 4455 2282 4518 Dei,
2314 4462 2368 4508 et
2413 4453 2755 4517 ﬁrmamenti,
2786 4453 2925 4522 quod
2970 4469 3127 4521 opera
3170 4472 3285 4509 ma-

1740 4565 1899 4602 nuum
1927 4548 2040 4618 ejus
2069 4544 2368 4599 annuntiat.
2409 4542 2506 4596 Hic
2531 4558 2694 4612 porro
2736 4545 2867 4598 milii
2904 4545 3013 4599 lucc
3040 4554 3284 4601 contem—

1739 4639 1907 4708 planti
1958 4634 2349 4697 mirarisubit,
2402 4649 2509 4701 quo
2541 4644 2702 4703 pacto
2744 4643 2965 4689 sanctus
2991 4636 3284 4705 Apostolus

1738 4730 1869 4803 illud
1896 4749 1907 4782 :
1959 4728 2025 4780 In
2067 4741 2265 4778 omnem
2300 4735 2493 4777 terram
2521 4727 2677 4779 exiuit
2721 4743 2877 4780 sonus
2916 4744 3116 4790 eorum,
3149 4738 3199 4779 et
3226 4728 3282 4789 in

1734 4825 1861 4891 lines
1891 4819 2029 4874 orbis
2063 4826 2213 4869 terra:
2238 4815 2389 4869 verba
2414 4834 2612 4881 eorum,
2657 4818 2723 4870 ad
2764 4818 3079 4885 discipulos,
3114 4832 3281 4874 evan-

1736 4913 1956 4982 gelistas
1992 4917 2043 4961 et
2094 4906 2715 4979 apostolos:Salvatoris
2761 4908 2930 4959 nostri
2968 4908 3021 4960 in
3071 4923 3167 4962 sua
3211 4909 3279 4963 ad

1738 5004 2006 5056 Romanos
2038 4998 2274 5068 Epistola
2320 4998 2599 5051 referat".
2673 4997 2807 5051 Dum
2847 5008 3023 5052 autem
3064 5007 3279 5068 aposto-

1734 5095 1894 5148 licum
1959 5092 2161 5164 dictum
2242 5091 2421 5145 animo
2480 5088 2890 5159 perpenderem,
2949 5089 3277 5157 deprehendi

1733 5187 1908 5255 ipsum
1939 5182 2182 5253 apposite
2209 5179 2503 5261 admodum
2528 5189 2581 5232 et
2614 5188 2917 5249 opportune
2963 5177 3276 5245 hujusmodi

1732 5273 2280 5327 acconunodationem
2330 5268 2646 5322 advexisse:
2702 5284 2809 5321 non
2865 5267 3005 5322 enim
3053 5274 3112 5319 ut
3153 5267 3277 5324 aliis

1729 5342 1784 5418 in
1821 5365 1956 5417 locis
1988 5364 2147 5417 modo
2175 5363 2251 5417 sic
2291 5359 2503 5422 cil'atur,
2549 5357 2721 5412 Isaias
2769 5369 2939 5410 autent
2968 5358 3166 5411 clamat
3214 5361 3280 5414 de

1734 5455 1931 5511 Israelc
1950 5457 1992 5487 ⁸9
2021 5473 2035 5519 ;
2080 5454 2239 5510 modo
2273 5453 2371 5516 sic,
2415 5461 2472 5505 ut
2507 5451 2749 5520 prwdixit
2771 5450 2945 5503 Isaias
2972 5451 3016 5481 ’°
3044 5466 3060 5511 ;
3085 5467 3273 5507 rursus

1728 5545 2327 5617 vcro,Quemadmadum
2358 5546 2607 5614 scriptum
2636 5554 2710 5597 est
2734 5543 2801 5605 9‘,'
2830 5543 3147 5612 iterumque,
3172 5541 3271 5596 Di-

2246 5731 2287 5760 "
2313 5728 2441 5785 Luc.
2479 5744 2588 5808 ssi,
2623 5724 2710 5778 9.6.
2803 5723 2845 5753 "
2896 5719 3049 5775 Rom.
3082 5737 3135 5786 ι,
3178 5720 3265 5777 13.
