3966 6344
639 423 740 482 195

1348 426 1614 483 EUSEBH
1652 427 2126 486 CASSABIENSIS
2162 428 2311 487 OPP.
2344 422 2523 486 PARS
2554 429 2643 487 lll.
2686 425 3092 488 EXEGETICA.
3767 435 3844 491 lllb

629 538 788 593 citius
821 555 903 595 me
941 541 1254 635 conﬁcient,
1292 557 1495 614 eroque
1528 559 1725 615 magno
1766 554 1997 615 peccato
2023 545 2186 602 obno-

2293 544 2463 599 ταῦτα
2514 546 2580 598 τὰ
2621 534 3045 616 παραπτώματα
3087 545 3166 608 είς
3219 540 3413 617 πρᾶξιν
3461 546 3680 635 φαύλην·
3712 566 3843 619 μετα-

629 644 773 684 ιιυε.
1284 684 1285 687 η

701 720 863 778 Vsus.
904 723 986 778 15.
1030 722 1097 776 Et
1120 710 1271 777 erunt
1315 726 1367 778 in
1410 725 1791 796 beneplacitum
1838 728 2045 800 eloquia
2092 728 2198 781 oris

629 815 746 867 mei.
775 808 911 868 Cum
944 815 1058 870 haec
1090 816 1221 870 mihi
1255 817 1353 872 abs
1378 826 1427 873 te
1448 818 1643 873 collata
1666 819 1888 885 fuerint,
1923 830 2053 875 tunc
2082 819 2197 875 elo-

628 907 752 976 quia
780 907 891 961 oris
923 908 1051 972 mei,
1079 922 1198 977 qua:
1224 909 1499 977 precando
1519 951 1533 976 ,
1576 918 1629 965 te
1660 910 1874 980 hymnis
1918 910 2201 965 celebran-

626 999 715 1062 do,
739 1000 944 1068 gratias
972 1000 1069 1055 tibi
1099 1000 1309 1070 agendo
1342 1000 1536 1066 obtuli,
1568 1002 1769 1073 placita
1791 1003 1887 1057 tibi
1910 1012 2093 1057 erunt.
2124 1001 2198 1056 Ea

627 1107 752 1171 vero
784 1092 983 1162 placita
1030 1092 1246 1162 eloquia
1310 1100 1480 1158 sunt,
1536 1111 1658 1165 quae
1699 1095 2095 1166 approbatione
2145 1102 2199 1149 et

624 1186 784 1240 laude
813 1185 993 1256 digna.
1047 1185 1117 1239 Et
1159 1189 1432 1242 meditatio
1471 1191 1645 1245 cordis
1688 1190 1793 1243 mei
1838 1191 1894 1242 in
1926 1198 2199 1259 conspectu

624 1287 712 1329 tuo
742 1286 817 1333 est
843 1293 1059 1342 semper.
1086 1274 1358 1333 Meditatio
1385 1280 1583 1334 mentis
1607 1294 1759 1344 meae,
1778 1293 1898 1348 qua:
1919 1278 1973 1332 in
1995 1278 2197 1348 cogita-

622 1370 862 1439 tionibus
891 1378 944 1424 et
972 1372 1139 1423 animi
1187 1372 1440 1427 sensibus
1482 1371 1783 1439 perﬁcitur,
1803 1386 1926 1426 cum
1960 1371 2030 1424 sit
2051 1371 2197 1424 omni

622 1462 782 1531 culpa
830 1462 1107 1529 immunis,
1138 1463 1190 1516 in
1233 1472 1528 1533 conspectu
1583 1472 1678 1519 tuo
1717 1474 1800 1520 est
1829 1480 2061 1535 semper.
2088 1462 2199 1519 Me-

625 1553 815 1610 ditatio
837 1572 968 1610 sane
990 1571 1095 1610 non
1126 1556 1344 1611 aliunde
1375 1572 1539 1627 quam
1572 1557 1671 1612 abs
1704 1566 1757 1613 te
1786 1557 2060 1628 inculpata
2077 1571 2199 1613 esse

627 1648 782 1711 talet,
805 1649 896 1718 qui
923 1666 1006 1705 me
1030 1651 1096 1704 ab
1122 1651 1352 1707 occultis
1384 1651 1518 1707 meis
1549 1649 1883 1706 emundasti.
2006 1683 2009 1689 -
2179 1648 2187 1654 ’

694 1740 935 1803 Domine,
970 1743 1185 1813 adjutor
1217 1760 1359 1797 meus
1396 1756 1443 1798 et
1469 1744 1761 1813 redemptor
1789 1759 1955 1798 meus.
1982 1741 2058 1797 Te
2085 1742 2199 1813 opi-

621 1832 851 1897 tulante,
889 1833 1149 1901 Domine,
1183 1852 1212 1890 a
1252 1836 1467 1891 nemine
1499 1836 1788 1889 adversum
1824 1850 1910 1889 me
1944 1835 2199 1904 spiritua-

2302 638 2475 709 φέρει,
2500 636 2597 691 καὶ
2628 636 2847 707 γίνομαι
2875 636 3171 700 ὑπεύθυνος
3201 637 3446 709 ἁμαρτίᾳ
3474 625 3703 710 μεγάλῂ.

2369 730 2474 783 Kal
2507 728 2746 782 ἔσονται
2772 731 2859 793 εἰς
2887 727 3169 784 εὐδοκίαν
3192 728 3264 782 τὰ
3303 730 3477 799 λόγια
3507 729 3627 782 τοῦ
3650 732 3840 800 στόμα-

2298 820 2400 885 τός
2427 820 2563 887 μου.
2602 818 2768 871 Ὅταν
2809 815 2982 871 ταῦτὰ
3028 834 3116 886 μοι
3164 816 3416 889 ὑπαρχθῇ
3460 816 3613 890 παρὰ
3658 819 3765 884 σοῦ,
3788 820 3843 875 τὰ

2298 910 2451 979 λόγια
2495 908 2587 963 τοῦ
2630 909 2889 980 ,ρ’τόματός
2921 926 3021 979 μου
3054 908 3090 963 ἃ.
3113 909 3425 981 προήνεγκα
3452 910 3738 981 εὐχόμενός
3760 930 3841 977 σοι,

2301 1003 2481 1073 ὑμνῶν
2525 1020 2604 1068 σε,
2636 1002 2969 1074 εὐχαριστῶν
3021 1018 3123 1067 σοι,
3166 1003 3246 1066 είς
3285 1002 3529 1057 εὐδοκίαν
3569 1005 3739 1058 ἔσται.
3772 1007 3843 1070 Et;

2300 1095 2540 1147 εὐδοκίαν
2571 1096 2627 1147 δέ
2656 1098 2799 1148 ἐστιν
2826 1079 2895 1171 ea;
2928 1096 3082 1163 λόγια
3110 1095 3181 1150 τὰ
3214 1095 3481 1168 ἀποδοχῆς
3516 1095 3660 1162 ἄξια.
3691 1100 3785 1151 Καὶ
3813 1102 3842 1167 ἡ

2292 1187 2511 1257 μελέτη
2559 1186 2669 1255 τῆς
2708 1186 2954 1255 καρδίας
2990 1204 3109 1257 μου
3158 1187 3412 1241 ἐνώπιόν
3449 1204 3565 1242 σου
3598 1190 3726 1244 ἐστὶ
3768 1190 3843 1244 διὰ

2298 1280 2540 1345 παντός.
2586 1280 2647 1332 Ἡ
2685 1278 2877 1351 μελέτη
2898 1279 2991 1333 τοῦ
3014 1279 3349 1351 διανοητικοῦ
3379 1298 3501 1351 μου,
3534 1282 3780 1353 γινομένη
3798 1284 3842 1337 ὲν

2298 1368 2574 1439 λογισμοῖς
2604 1370 2697 1423 καὶ
2739 1372 3005 1441 νοήσεσιν,
3041 1370 3196 1435 ἐκτὸς
3241 1367 3373 1424 οὖσα
3414 1373 3611 1435 παντὸς
3652 1371 3840 1443 μώμου,

2297 1461 2523 1515 ἐνώπιόν
2554 1479 2645 1515 σου
2672 1463 2925 1532 τυγχάνει
2959 1461 3048 1517 διὰ
3075 1464 3292 1526 παντός.
3330 1464 3401 1517 Τὸ
3425 1464 3605 1535 μέντοι
3645 1464 3740 1533 τῆς
3768 1482 3844 1533 με·

2298 1557 2455 1627 λέτης
2503 1555 2786 1628 ἄμεμπτον
2819 1557 2916 1609 οὐκ
2959 1556 3179 1611 ἄλλοθεν
3226 1558 3259 1627 ἦ
3315 1559 3379 1611 ὲκ
3428 1556 3522 1611 σοῦ
3577 1558 3841 1629 ὑπῆρκται,

2302 1650 2791 1723 καθαρίσαντόςμε
2826 1649 2933 1702 ἀπὸ
2961 1650 3068 1704 τῶν
3102 1650 3346 1719 κρυφίων
3377 1666 3497 1720 μου.

2374 1744 2574 1811 Κύριε,
2595 1741 2783 1809 ,ϐοηθέ
2794 1760 2913 1811 μου
2936 1742 3032 1796 καὶ
3053 1743 3321 1811 λυτρῳτά
3336 1761 3473 1812 μου.
3492 1743 3593 1796 Σοῦ
3621 1741 3845 1813 βοηθοῦνο

2298 1853 2408 1901 τος,
2434 1829 2478 1888 ὦ
2513 1834 2766 1897 δέσποτα,
2803 1834 2977 1887 οὐδενὶ
3020 1834 3309 1889 ὑποπίπτω
3345 1835 3451 1889 τῶν
3489 1835 3846 1905 πνευματικῶς

620 1924 742 1980 liter
771 1926 1002 1981 bellante
1057 1937 1395 1996 prosternat.
1429 1925 1583 1990 Quod
1630 1926 1676 1979 si
1723 1940 1853 1980 casu
1888 1924 2107 1979 eveniar
2133 1932 2186 1979 ut

2296 1925 2832 2001 προσπολεμούντων.
2885 1926 2948 1977 El
2986 1926 3042 1979 δὲ
3081 1926 3173 1979 καὶ
3218 1928 3341 1998 παρ’
3373 1928 3509 1999 ἐμὴν
3545 1929 3845 2001 ἀπροσεξίαν

621 2016 1118 2073 inconsideratione
1157 2033 1276 2072 mea
1308 2016 1376 2071 ab
1409 2016 1735 2071 adversariis
1768 2016 2098 2086 intercipiat,
2130 2025 2187 2071 tu

619 2125 704 2163 me
736 2127 767 2165 e
795 2112 1047 2165 manibus
1076 2125 1263 2165 eorum
1297 2110 1532 2165 redimas
1552 2150 1567 2171 .
1603 2109 1695 2178 qui
1736 2124 1842 2163 una
1882 2107 2098 2178 adjutor
2126 2125 2188 2164 ac

618 2202 931 2270 redemptor
960 2218 1084 2257 esse
1114 2202 1558 2271 deprehenderis.
1589 2200 1599 2207 ”

763 2315 813 2367 l.
864 2312 934 2368 ΙΝ
971 2315 1223 2379 FINEM,
1274 2313 1597 2370 PSALMUS
1643 2313 1854 2369 DAVID
1901 2312 2046 2368 XIX.

692 2405 858 2461 Vsus.
913 2407 985 2460 2-
1015 2409 1070 2462 4.
1112 2406 1384 2461 Exaudint
1416 2416 1462 2461 te
1495 2407 1753 2472 Dominus
1792 2408 1849 2460 in
1893 2408 1977 2460 die
2022 2405 2189 2483 tribu-

619 2499 867 2562 lationis,
918 2508 1153 2569 protegat
1191 2508 1237 2553 te
1283 2517 1468 2555 nomen
1511 2499 1609 2554 Dei
1662 2498 1850 2555 Jacob.
1879 2498 2061 2553 Mittat
2096 2499 2189 2552 tibi

619 2590 881 2643 auxilium
901 2592 964 2645 de
983 2600 1186 2655 sancto,
1212 2602 1261 2645 et
1291 2591 1353 2645 de
1388 2592 1518 2644 Sion
1548 2601 1761 2645 tueatur
1793 2600 1858 2645 te.
1892 2579 2092 2645 Memor
2121 2593 2189 2645 sit

619 2684 788 2735 omnis
811 2684 1067 2752 sacriﬁcii
1100 2685 1199 2747 tui,
1217 2693 1265 2737 et
1290 2684 1656 2738 holocaustum
1688 2695 1834 2737 tuum
1862 2684 2049 2755 pingue
2070 2686 2184 2753 ﬁat.

618 2775 953 2845 Diapsalma.
991 2775 1241 2831 Psalmus
1273 2776 1489 2845 quidem
1515 2816 1528 2840 ,
1565 2784 1625 2829 ut
1674 2776 2030 2847 inscriptione
2076 2774 2187 2830 fer-

618 2878 729 2933 tur,
763 2869 951 2922 Davidi
982 2868 1300 2922 attribuitur
1326 2888 1336 2921 :
1371 2870 1554 2923 animo
1582 2875 1763 2922 autem
1792 2876 2034 2937 reputes,
2057 2883 2186 2921 num

621 2961 667 3016 si
701 2961 927 3016 historia
958 2966 1253 3022 soectetur,
1286 2959 1391 3013 alia
1423 2959 1815 3029 sitcujuspiam
1849 2959 2045 3034 oratio,
2068 2974 2189 3029 qua:

619 3053 842 3108 Davidis
873 3041 1614 3122 supplicationum-adiutrix
1646 3050 1738 3104 sit.
1771 3049 1880 3114 Qui
1904 3048 2072 3103 David
2099 3065 2190 3104 ro-

625 3150 716 3214 gat
737 3142 1118 3209 obsecratque,
1153 3150 1211 3193 ut
1239 3139 1381 3204 Deus
1412 3138 1514 3192 sibi
1546 3146 1790 3193 servator
1820 3138 2073 3207 assistat,
2123 3153 2188 3192 ac

2291 2019 2491 2072 ἁλῶναι
2512 2021 2624 2081 τοῖς
2646 2017 2907 2081 ἐναντίοις
2933 2017 3137 2089 συμϐῇ,
3164 2020 3226 2071 σύ
3261 2036 3326 2089 με
3352 2021 3415 2072 ἐκ
3439 2021 3547 2073 τῶν
3574 2021 3846 2092 κρατησάν-

2288 2127 2394 2164 των
2423 2109 2729 2182 λυτροῦσαι,
2773 2109 2889 2180 ἅμα
2938 2108 3128 2176 βοηθὸς
3176 2095 3267 2163 καὶ
3307 2110 3581 2174 λυτοωτδης
3622 2116 3843 2183 εὑρισκό-

2298 2218 2475 2275 μενος.

2445 2311 2558 2365 ΕΙΣ
2590 2313 2677 2365 ΤΟ
2716 2313 2955 2380 ΤΕΛΟΣ,
2995 2313 3282 2366 ΨΛΛΜΟΣ
3320 2314 3405 2370 ΤΩ
3438 2314 3633 2367 ΔΛΥΙΔ
3661 2316 3756 2369 ΙΘ¹.

2372 2396 2730 2460 Ἐπακούσαὶ
2777 2422 2893 2459 σου
2942 2407 3156 2474 Κύριος
3211 2406 3280 2458 ἐν
3323 2406 3512 2476 ἡμέρῃ
3574 2408 3841 2476 dilabatur,

2289 2484 2695 2564 ὑέεερασπίσαι
2722 2514 2838 2552 σου
2866 2498 2931 2550 τὸ
2963 2497 3156 2567 ὄνομ’
3177 2498 3281 2552 τοῦ
3310 2497 3457 2552 Θεοῦ
3497 2498 3714 2552 Ἰακώϐ.
3749 2500 3846 2562 Ἐξ-

2289 2590 2641 2644 ἁποστείλαι
2684 2607 2781 2644 σοι
2826 2590 3116 2657 βοήθειαν
3156 2592 3223 2657 ἐξ
3256 2594 3447 2663 ἁγίου,
3490 2594 3588 2646 καὶ
3618 2594 3687 2646 ἐκ
3716 2593 3846 2646 Σιὼν

2290 2680 2666 2734 ἀντιλάϐοιτό
2715 2698 2849 2735 σου.
2890 2686 3196 2752 Μνησθείη
3232 2683 3434 2751 πάσης
3487 2686 3700 2750 θυσίας
3727 2702 3842 2748 σου,

2288 2772 2387 2825 καὶ
2410 2772 2476 2826 τὸ
2500 2775 2885 2845 όλοκαὺτωμά
2911 2792 3026 2830 σου
3052 2776 3332 2831 manica).
3360 2776 3690 2847 Διάψαλμα.
3713 2779 3844 2831 Ἐστι

2292 2865 2390 2935 μὲν
2412 2864 2489 2936 τῷ
2520 2866 2679 2920 Δαυῖδ
2715 2868 3070 2940 ἀνακείμενος
3106 2871 3134 2921 ὁ
3166 2869 3396 2940 ψαλμὸς,
3432 2870 3573 2924 κατά
3606 2870 3703 2942 τὴν
3733 2887 3845 2940 προ-

2287 2960 2522 3031 γραφήν.
2566 2960 2886 3032 Ἑπίστη-σον
2917 2961 2973 3014 δὲ
3007 2963 3211 3032 μήποτε
3233 2960 3308 3024 ὡς
3338 2961 3472 3032 πρὸς
3502 2962 3600 3032 τὴν
3629 2960 3845 3032 ἱστορίαν

2288 3050 2418 3121 εὐχή
2451 3069 2533 3114 τις
2554 3047 2620 3123 ἦν
2644 3046 2779 3123 αὑτῆ
2810 3056 3066 3125 συνεργὸς
3098 3057 3219 3118 ταῖς
3245 3054 3338 3107 τοῦ
3359 3054 3518 3107 Δαυῒδ
3545 3053 3841 3125 ἱκετηρίαις.

2290 3138 2543 3208 δεομένου
2571 3144 2754 3219 τεικαὶ
2783 3143 3187 3219 ἀντιϐολοῦντος
3221 3144 3308 3197 διὰ
3350 3144 3658 3214 προσευχῆς
3678 3145 3845 3213 τυχεῖν

620 3211 807 3290 contra
834 3232 1086 3287 inimicos
1121 3246 1310 3285 secum
1339 3231 1601 3286 decertet.
1637 3229 1945 3284 Verisimile
1989 3230 2186 3310 quippe

2291 3233 2423 3286 Θεοῦ
2452 3211 2699 3305 Σωτῆρος
2731 3211 2866 3304 πρὸς
2897 3236 3119 3308 ἐχθροὺς
3152 3236 3246 3289 καὶ
3269 3211 3566 3306 πολεμίους
3579 3211 3843 3308 παρατατ-

617 3335 723 3391 est,
754 3326 804 3381 ei
834 3325 922 3380 bis
963 3323 1300 3378 incumbenti
1330 3323 1559 3378 chorum
1599 3330 1914 3376 sanctorum
1963 3322 2187 3392 angelo-

617 3434 759 3481 rum,
784 3418 1162 3487 religiosorum
1195 3416 1496 3477 hominum,
1525 3428 1917 3484 sacrorumque
1943 3413 2038 3469 Dei
2082 3415 2186 3468 mi—

615 3512 917 3567 nistrorum
964 3509 1177 3573 adesse,
1212 3526 1317 3577 una
1348 3524 1471 3563 cum
1520 3508 1615 3562 illo
1659 3506 1914 3579 precari,
1966 3514 2021 3561 et
2074 3506 2187 3561 haec

619 3604 805 3660 omnia
835 3604 996 3659 simul
1030 3602 1275 3675 proferre
1305 3621 1317 3655 :
1361 3598 1631 3654 Exaudiat
1662 3609 1708 3653 te
1738 3597 1992 3653 Dominus
2016 3600 2071 3653 in
2104 3599 2186 3653 die

616 3696 998 3758 tribulationis,
1016 3702 1294 3759 eteaetera;
1321 3701 1482 3763 atque
1498 3691 1625 3744 illud
1653 3691 1779 3745 item
1803 3709 1815 3743 :
1842 3688 1913 3741 Et
1941 3688 2077 3743 adsit
2093 3688 2186 3742 tibi

624 3809 809 3845 nomen
841 3790 937 3845 Dei
963 3787 1151 3841 Iacob.
1200 3787 1295 3841 Est
1334 3785 1481 3841 enim
1515 3785 1640 3838 talis
1664 3784 1938 3838 invocatio
1959 3791 2013 3838 et
2042 3799 2189 3839 com-

616 3885 834 3956 pellatio
869 3883 935 3935 ad
983 3878 1381 3950 propulsandus
1399 3891 1588 3932 omnes
1610 3876 2034 3931 inimicossatis.
2060 3875 2184 3931 Haec

617 3989 723 4029 non
754 3974 856 4028 soli
884 3971 1071 4025 Davidi
1100 3979 1430 4040 competunt;
1455 3971 1546 4026 sed
1578 3971 1737 4025 etiam
1759 3968 1978 4023 cuilibet
2006 3968 2181 4032 alteri,

620 4069 711 4135 qui
744 4068 795 4119 in
818 4064 983 4119 simili
1012 4078 1141 4117 casu
1167 4077 1261 4131 per
1287 4062 1587 4117 orationem
1624 4060 1925 4130 spiritualia
1970 4067 2023 4115 et
2049 4074 2184 4130 pura

620 4157 728 4213 Deo
759 4156 1025 4213 sacriﬁcia
1061 4155 1289 4221 emittit;
1322 4155 1407 4208 cui
1432 4196 1446 4220 ,
1491 4162 1552 4207 ut
1589 4168 1689 4223 par
1724 4163 1828 4216 est,
1860 4167 2045 4219 sacrae,
2081 4151 2185 4204 illa:

619 4248 869 4309 virtutes,
895 4256 1282 4303 etsanetorum
1304 4245 1616 4316 angelorum
1645 4243 1796 4298 ebori
1821 4257 1928 4297 una
1964 4241 2181 4307 adsunt,

617 4341 1031 4399 orationumac
1075 4338 1517 4409 deprecationum
1568 4335 1721 4399 socii
1756 4342 1809 4388 et
1847 4331 2142 4402 adjutores.

694 4430 856 4487 Vsus.
918 4431 1040 4485 5-7.
1112 4429 1333 4484 Tribuat
1402 4428 1495 4482 tibi
1562 4426 1817 4481 Dominus
1896 4424 2182 4479 secundum

618 4545 711 4588 cor
748 4537 914 4590 tuum,
946 4533 995 4578 et
1022 4540 1170 4577 omne
1197 4522 1471 4588 consilium
1506 4529 1651 4573 tuum
1682 4518 1974 4586 conﬁrmet.
2011 4514 2183 4570 Laeta-

2289 3327 2536 3399 τομένου.
2568 3329 2726 3391 Εἰκὸς
2752 3324 2960 3400 γὰρ’ἦν
2996 3329 3143 3398 αὐτῷ
3175 3327 3345 3382 ταῦτα
3386 3329 3674 3399 πράττοντι
3704 3329 3841 3399 χορὸν

2291 3420 2457 3488 ἁγίων
2506 3421 2748 3489 ἀγγέλων
2789 3422 2822 3493 ἢ
2864 3413 2957 3474 καὶ
3005 3422 3264 3492 θεοφιλῶν
3305 3422 3531 3493 ἀνδρῶν,
3583 3422 3752 3475 αὐτῶν
3788 3421 3842 3493 δὴ

2286 3513 2393 3566 τῶν
2435 3513 2591 3585 ἱερῶν
2638 3516 2732 3567 καὶ
2773 3515 3096 3587 λειτουργῶν
3136 3514 3228 3567 τοῦ
3266 3514 3399 3567 Θεοῦ
3425 3515 3495 3568 τὰ
3529 3516 3840 3585 προκείμενα

2288 3609 2460 3661 πάντα
2499 3607 2869 3678 ’συνεύχεσθαι
2915 3608 3063 3679 αὐτῷ
3111 3609 3205 3661 καὶ
3251 3608 3463 3676 λέγειν·
3505 3609 3841 3664 Ἐπακούσαι

2286 3714 2400 3754 σου
2428 3702 2642 3768 Κύριος
2673 3701 2743 3754 ἐν
2773 3702 2961 3770 ἡμέρᾳ
2991 3702 3270 3769 θλίψεως,
3312 3702 3404 3753 καὶ
3433 3701 3503 3753 τὰ
3530 3701 3682 3772 ἑξῆς·
3712 3701 3767 3754 τό
3788 3716 3839 3751 τε

2284 3793 2359 3856 δὲ,
2391 3794 2495 3847 Καὶ
2520 3795 2856 3861 παρασταίη
2884 3808 2981 3847 σοι
3009 3792 3074 3846 τὸ
3107 3792 3291 3861 ὄνομα
3316 3791 3421 3844 τοῦ
3454 3792 3601 3859 Θεοῦ
3639 3789 3836 3846 Ἰακώϐ.

2298 3885 2561 3957 Ἀπαρκεῖ
2593 3886 2702 3955 γὰρ
2742 3884 2879 3954 αὐτὴ
2914 3886 2946 3955 ἡ
2980 3882 3265 3955 ἐπίκλησις
3307 3882 3397 3936 καὶ
3523 3883 3839 3953 προσηγορία

2286 3979 2421 4047 πρὸς
2446 3978 2657 4048 ἄμυναν
2685 3977 2883 4041 παντὸς
2922 3976 3184 4031 ἐναντίου.
3216 3974 3398 4027 Ταῦτα
3425 3974 3481 4027 δὲ
3514 3975 3575 4027 οὐ
3608 3976 3744 4045 μόνῳ
3770 3975 3836 4045 τῷ

2284 4069 2464 4132 Δαυῖδ,
2492 4064 2751 4123 ἀλλὰκαὶ
2788 4070 2949 4123 παντὶ
2988 4069 3064 4138 τῷ
3091 4067 3209 4122 καθ’
3235 4067 3490 4137 ὁμοίωσιν
3522 4067 3724 4120 ἐκείνου
3752 4067 3836 4130 τὰς

2284 4161 2351 4215 δι’
2384 4161 2557 4231 εὐχῶν
2575 4162 2951 4233 ἁναπὲμποντι
2989 4160 3065 4232 τῷ
3105 4160 3222 4230 Θεῷ
3257 4160 3447 4232 νοερὰς
3481 4161 3573 4214 καὶ
3613 4160 3835 4231 καθαρὰς

2286 4253 2492 4318 θυσίας,
2520 4254 2772 4326 δυνάμεις
2800 4255 2976 4323 ἁγίας,
3012 4255 3104 4307 καὶ
3149 4253 3394 4321 ἀγγέλων
3438 4254 3596 4323 ἱερῶν
3640 4254 3830 4326 χοροὺς,
3932 4248 3933 4317 l

2284 4345 2427 4409 εἰκὸς
2451 4344 2516 4398 ἂν
2546 4344 2631 4415 εἴη
2654 4320 3005 4415 νσῦνεύχεσθαι
3040 4346 3130 4398 καὶ
3162 4320 3503 4414 ἐπεύχεσθαι.
3642 4320 3671 4324 η
3704 4320 3714 4326 η

2353 4436 2477 4505 Δῴη
2528 4452 2626 4491 σοι
2665 4438 2877 4505 Κύριος
2925 4438 3072 4509 κατὰ
3120 4436 3235 4506 τὴν
3277 4435 3527 4505 καρδίαν
3569 4454 3711 4498 σου.
3746 4436 3831 4489 καὶ

2284 4528 2488 4585 πᾶσαν
2520 4528 2640 4603 τὴν,
2670 4530 2906 4597 βουλήν·
2938 4512 3053 4583 σὸῑ)
3092 4528 3422 4597 πληρώσαι.
3467 4529 3831 4599 Ἀγαλλιασό-
3932 4548 3933 4611 γ

620 4621 788 4672 bimur
818 4618 871 4670 in
903 4616 1130 4669 salutari
1162 4624 1269 4678 tuo,
1294 4622 1343 4667 et
1380 4615 1435 4667 in
1468 4613 1675 4666 nomine
1705 4609 1920 4664 Domini
1962 4608 2060 4660 Dei
2088 4623 2181 4659 no-

2291 4625 2429 4689 μεθα
2448 4622 2516 4675 ὲν
2546 4621 2627 4687 τῷ
2655 4623 2924 4691 σωτηρίῳ
2953 4638 3088 4686 σου,
3120 4621 3215 4674 καί
3244 4623 3313 4675 ἐν
3343 4620 3422 4687 τῷ
3444 4623 3682 4691 ὀνόματι
3703 4618 3830 4674 Θεοῦ

620 4711 717 4764 stri
745 4706 1219 4778 magni/icabimur.
1250 4704 1471 4773 Impleat
1489 4703 1741 4757 Dominus
1769 4718 1947 4755 omnes
1971 4700 2182 4769 petilio-

620 4820 709 4858 ηαδ
741 4782 857 4854 tuas
884 4816 902 4853 :
931 4815 1066 4852 nunc
1101 4798 1309 4867 cognovi
1339 4798 1584 4866 quoniam
1610 4796 1813 4850 salvum
1846 4794 1968 4863 fecit
2001 4792 2179 4845 Domi-

612 4913 718 4953 .nus
742 4892 1009 4951 Christum
1032 4908 1202 4945 suum.
1237 4890 1280 4943 Α
1307 4889 1659 4958 diapsalmate
1687 4889 1797 4942 orsi
1829 4888 1922 4957 qui
1962 4899 2181 4955 precan-

621 4997 731 5053 tur,
757 4985 1095 5058 pr0phetiam
1134 4984 1424 5063 emittunt;
1455 4979 1599 5050 quod
1646 4980 1696 5034 ei
1715 4980 1806 5050 qui
1837 4977 2180 5065 rationabilia

618 5080 710 5134 illa
739 5075 1006 5135 sacriﬁcia
1030 5074 1257 5140 obtulit,
1306 5088 1367 5130 ea
1407 5072 1590 5126 omnia
1617 5070 1911 5141 largiturus
1936 5071 2007 5125 sit
2037 5068 2179 5123 Deus

618 5188 741 5244 quae
766 5176 947 5242 mente
983 5176 1037 5222 et
1066 5168 1248 5221 animo
1286 5165 1615 5235 postulavit;
1658 5171 1711 5216 et
1728 5163 2027 5219 consilium
2060 5162 2179 5232 ejus

621 5265 983 5337 perfecturus,
1007 5262 1053 5316 si
1074 5259 1290 5332 quidem
1314 5276 1423 5314 non
1464 5252 1635 5315 fuerit
1655 5257 1788 5336 ipsis
1816 5256 1907 5313 Dei
1932 5258 2178 5313 consiliis

622 5358 878 5413 alienum.
903 5354 996 5419 lis,
1028 5352 1302 5422 inquiunt,
1330 5362 1506 5406 tecum
1548 5351 1703 5407 bonis
1741 5349 2004 5416 fruemur,
2032 5351 2181 5405 laeta-

623 5451 910 5520 bimurque
966 5448 1019 5501 in
1072 5444 1293 5502 salutari
1341 5452 1474 5499 tuo:
1516 5444 1669 5514 gnari
1699 5444 1899 5513 quippe
1952 5458 2175 5504 sumus,

626 5541 830 5611 Spiritu
863 5546 1051 5595 saneto
1095 5536 1395 5597 revelante,
1457 5535 1660 5605 prolem
1692 5534 1839 5588 illam
1870 5548 1932 5587 ex
1968 5540 2020 5587 te
2053 5547 2179 5603 pro-

624 5633 877 5694 dit-uram.
904 5632 1280 5686 universorum
1309 5628 1586 5683 hominum
1634 5628 1871 5683 salutare
1917 5628 2176 5681 futuram.

622 5727 738 5790 Qua
789 5727 842 5779 in
872 5742 929 5780 re
960 5740 1059 5780 nos
1087 5737 1302 5795 quoque
1327 5720 1381 5773 in
1410 5714 1623 5778 nomine
1652 5722 1866 5783 Domini
1889 5720 1981 5777 Dei
2006 5719 2178 5776 nostri

600 5818 1112 5891 magniﬁcabimur.
1145 5815 1477 5886 lmpleantur
1505 5797 1667 5870 etiam
1713 5798 1992 5885 petitiones
2024 5822 2130 5872 tua:
2162 5834 2174 5869 :

614 5918 757 5983 mae
786 5907 1124 5989 quippeDeo
1152 5907 1339 5989 dignas
1356 5913 1499 5961 sunt.

2282 4712 2449 4782 ἡμῶν
2464 4717 2655 4783 pera.)
2665 4714 3058 4781 υνθησόμεθα.
3091 4712 3406 4778 Πληρώσαι
3428 4713 3645 4779 Κύριος
3660 4711 3829 4764 πάντα

2282 4805 2352 4859 τὰ
2381 4805 2668 4876 αἱτήματά
2708 4822 2823 4859 σου
2847 4822 2860 4834 θ
2898 4804 3013 4857 νῦν
3046 4803 3255 4872 ἔγνων,
3296 4802 3384 4856 ὅτι
3421 4805 3615 4857 ἔσωοέ
3640 4804 3828 4870 Κύριος
3932 4812 3933 4865 ξ

2283 4894 2385 4947 τὸν
2416 4894 2670 4964 Χριστὸν
2706 4892 2909 4946 αὑτοῦ.
2954 4890 3085 4943 Ἀπὸ
3125 4890 3217 4941 τοῦ
3263 4889 3630 4961 διαψάλματος
3670 4889 3715 4941 οἱ
3749 4885 3820 4938 εὐ-

2282 4985 2499 5058 ξάμενοι
2555 4984 3014 5057 προφητεύουσιν,
3060 4980 3206 5051 αὐτῷ
3252 4980 3342 5034 τὸν
3382 4982 3514 5035 Θεὸν
3553 4982 3761 5045 δώσειν,
3787 4972 3826 5046 ᾧ

2280 5078 2374 5141 τὰς
2398 5077 2617 5147 λογικὰς
2646 5076 2835 5139 θυσίας
2876 5075 3263 5145 προσήνεγκεν,
3305 5072 3408 5126 ὅσα
3444 5072 3585 5126 κατὰ
3616 5072 3823 5125 διάνοιαν
3932 5106 3933 5109 η

2280 5170 2480 5241 ᾔτησε,
2514 5170 2606 5224 καὶ
2645 5169 2920 5239 πλήρωσιν
2956 5168 3019 5236 τῇ
3052 5165 3232 5235 βουλῇ,
3345 5165 3425 5218 ὅτι
3467 5167 3540 5237 μὴ
3596 5165 3824 5235 ἀλλότρια

2281 5261 2411 5315 Θεοῦ
2440 5260 2507 5313 τὰ
2535 5257 2950 5332 βεϐουλευμένα.
2976 5244 3456 5328 Συναπολαῦσομεν
3475 5257 3533 5311 δέ
3562 5274 3661 5315 σοι,
3690 5252 3819 5326 φασὶ.
3932 5254 3933 5317 ί

2281 5353 2387 5406 τῶν
2436 5351 2690 5423 ἀγαθῶν,
2744 5347 3142 5420 ἀγαλλιώμενοι
3182 5347 3259 5418 τῷ
3307 5351 3557 5422 σωτηρίῳ
3608 5348 3682 5419 τῷ
3725 5343 3816 5413 σῷ⁸

2281 5444 2522 5516 ἔγνωμεν
2550 5445 2656 5516 γὰρ
2682 5442 2740 5508 ἐξ
2762 5442 2914 5510 ἁγίου
2943 5441 3251 5512 Πνεῦματος
3290 5442 3351 5495 τὸ
3391 5444 3456 5495 ἐκ
3494 5441 3587 5496 σοῦ
3618 5436 3816 5509 γενησόο

2284 5554 2440 5609 μενον
2465 5538 2709 5608 γέννημα
2757 5534 2971 5587 πάντων
3010 5533 3309 5607 ἀνθρώπων
3352 5537 3642 5606 σωτήριον·
3674 5528 3747 5597 ἐφ’
3777 5519 3817 5592 ᾧ

2281 5632 2372 5684 κα)⁵
2396 5634 2557 5702 ἡμεῖς
2586 5628 3100 5702 μεγαλυνθησόμεθα
3131 5632 3188 5681 ἐν
3221 5626 3296 5698 τῷ
3326 5627 3546 5697 ὀνόματι
3587 5620 3674 5677 τοῦ
3700 5610 3813 5708 Θεοῦ

2282 5724 2453 5797 ἡμῶν.
2490 5724 2669 5777 Ἔστω
2692 5722 2749 5776 δέ
2777 5726 2868 5775 σου
2902 5723 2993 5776 καὶ
3024 5721 3091 5775 τὰ
3116 5721 3392 5791 αἰτήματα
3414 5717 3559 5771 "uol;
3588 5713 3689 5785 γὰρ
3706 5708 3813 5777 ἄξια

2279 5817 2447 5872 ταῦτα
2467 5816 2620 5870 Θεοῦ.
2712 5817 2717 5821 ’
