3960 6342
92 456 160 509 497
265 518 273 527 ‘
1153 450 1644 506 COMMENTARIA
1682 451 1754 506 IN
1790 449 2121 518 PSALMOS,

3144 465 3246 523 198

143 568 526 622 Ἐπακοὺσεται
558 569 745 623 αὐτοῦ
775 569 842 633 ἐξ
886 569 1144 649 οὐρανοῦ
1186 570 1356 640 ἁγίου
1384 570 1580 636 αὐτοῦ,

1760 571 2019 625 Exaudiet
2053 572 2204 626 illum
2231 572 2292 627 de
2314 573 2440 628 coelo
2467 583 2649 627 sancto
2672 591 2789 639 suo,
2821 577 2873 629 in
2898 582 3240 645 potestatibus

88 660 495 739 ἐνδυναστείαις
525 663 789 729 σωτηρία
827 661 936 730 τῆς
959 660 1160 728 δεξιᾶς
1196 664 1398 716 αὐτοῦ.
1435 661 1580 727 Δεξιό

1694 664 1838 717 salus
1863 663 2089 719 dextera
2114 664 2250 731 ejus.
2288 662 2519 720 Dextera
2545 680 2757 730 manus,
2790 683 3087 739 omnesque
3110 671 3243 725 den

84 755 121 805 δὲ
142 732 250 822 χεὶρ,
271 752 367 805 καὶ
389 755 559 805 πᾶσαι
587 755 642 804 αἱ
670 753 920 822 σωτήριοι
954 753 1045 805 καὶ
1082 752 1250 819 δεξιαὶ
1288 753 1512 824 πράξεις
1537 755 1580 807 ὲκ

1694 762 1820 806 terte
1869 762 1923 808 et
1981 754 2247 809 salutares
2301 755 2542 809 actiones
2592 756 2647 809 in
2682 732 3038 825 potestatibus
3094 768 3241 816 sunt.

86 846 377 909 δυναστείαις.
409 836 677 916 Δυνάμεσι
715 846 821 917 γὰρ
868 846 959 900 καὶ
1010 848 1251 918 σημείοις
1283 849 1376 902 καὶ
1406 848 1580 911 τέρασι

1692 843 1993 900 Virtutibus
2023 861 2256 915 namque
2278 884 2293 909 ,
2328 846 2496 916 signis
2535 854 2589 901 et
2640 847 2897 919 prodigiis
2919 888 2934 913 ,
2984 851 3245 907 beneﬁcia

84 936 151 998 τὰς
167 938 230 1000 είς
249 936 564 1007 ἀνθρώπους
592 939 875 1009 ποιήσεται
901 937 1234 1009 εὐεργεσίας.

133 1024 270 1082 Οὗτοι
308 1028 382 1080 ἐν
416 1028 677 1097 ἅρμασιν
712 1028 811 1082 καὶ
849 1024 1012 1083 οὗτοι
1058 1028 1127 1082 ἐν
1157 1030 1378 1094 ἵπποις,
1418 1029 1585 1098 ἡμεῖς

84 1119 129 1171 δὲ
148 1121 204 1172 ἐν
224 1121 457 1188 ὀνόματι
496 1104 726 1187 Κυρίουί
743 1118 885 1173 Θεοῦ
910 1116 1076 1186 ἡμῶν
1097 1118 1582 1188 ἐπικαλεσόμεθα.

82 1211 208 1264 Αὐτοὶ
252 1211 783 1277 συνεποδίσθησαν
835 1208 932 1262 καὶ
986 1209 1215 1263 ἔπεσαν
1232 1226 1245 1240 '
1307 1210 1476 1279 ἡμεῖς
1520 1210 1587 1263 δὲ

82 1301 361 1369 ἁνέστημεν
391 1302 484 1353 καί
515 1299 950 1368 ἀνῳθώθημεν.
970 1344 973 1345 ν
994 1299 1220 1364 Σῶσον,
1255 1304 1449 1371 Κύριε,
1481 1303 1587 1355 τὸν

76 1392 293 1457 βασιλέα,
328 1394 425 1446 καί
453 1392 795 1447 ἐπάκουσον
812 1392 978 1461 ἡμῶν
1003 1394 1072 1446 ἐν
1098 1389 1137 1465 ᾖ
1160 1394 1236 1447 ἂν
1258 1394 1443 1465 ἡμέρᾳ
1469 1396 1587 1448 ἐπι-

80 1486 394 1555 καίεσόμεθά
420 1501 509 1539 σε.
558 1484 714 1539 Ἀλλά
740 1486 846 1557 γὰρ
890 1488 923 1557 ὴ
970 1487 1276 1558 πεῖραῖτῶν
1326 1488 1583 1559 πραγμά-

77 1592 150 1630 των
173 1579 349 1645 γένοιτ’
379 1578 443 1632 ἄν
483 1578 697 1647 ἔλεγχος
742 1578 835 1631 τοῦ
878 1579 1199 1649 κρείττονος.
1243 1581 1305 1633 Οί
1340 1582 1438 1650 μὲν
1479 1581 1585 1651 γὰρ

80 1668 305 1740 ιοὶὲχθροὶ
332 1671 417 1737 ἐφ’
450 1668 635 1731 ἵπποις
662 1668 753 1721 καὶ
783 1669 988 1741 ἅρμασι
1021 1669 1354 1733 πεποιθότες,
1386 1687 1586 1740 συμπο-

73 1760 281 1824 διπθέντες
312 1759 601 1814 πεσοῦνται
626 1760 824 1830 ὁμοίως
849 1760 926 1831 τῷ
955 1759 1151 1833 Φαραὼ
1178 1760 1268 1814 ἐπὶ
1294 1761 1405 1831 τῆςΔ
1434 1763 1585 1833 Ἐρυ-

74 1848 170 1918 Opi;
190 1850 445 1921 θαλάττης
477 1849 942 1903 ηταποντωθὲντι
961 1867 973 1879 ·
1008 1852 1166 1921 ἡμεῖς
1193 1849 1249 1903 δὲ
1275 1850 1322 1902 oi
1372 1848 1450 1919 τῷ
1473 1851 1584 1903 ὀνό-

74 1959 166 2009 ματι
201 1942 398 2012 Κυρίου
431 1941 525 1994 τοῦ
551 1942 686 1995 Θεοῦ
714 1942 867 2013 ἡμῶν
896 1942 1244 2012 ὠπλισμένοι,
1270 1942 1362 1994 καὶ
1396 1944 1475 1994 σοὶ
1504 1944 1580 2014 τῷ

72 2033 139 2094 τὰς
164 2032 332 2096 θυσίας
375 2034 747 2105 ἀναπέμποντι
786 2036 906 2097 ταῖς
940 2035 1122 2104 εὐχαῖς
1154 2036 1580 2104 συναγωνιζόμε-

67 2141 139 2183 νοι,
170 2125 579 2195 ἀναστησόμεθα
598 2166 612 2189 ,
660 2112 753 2179 καὶ
797 2125 1282 2198 ἀνορθωθησόμεθα
1302 2166 1316 2189 ,
1363 2126 1455 2180 σοῦ
1484 2127 1580 2190 τάς

69 2216 170 2269 πετά
194 2218 286 2269 τιῖιν
314 2217 528 2289 ἐχθρῶν
562 2218 713 2281 νίκας
741 2218 1033 2289 ἀραμένου.
1079 2217 1236 2270 Ἀλλά
1274 2216 1444 2271 ταῦτα
1485 2218 1581 2287 μὲν

68 2307 195 2372 last,
210 2310 359 2378 φασὶ,
379 2310 471 2363 καὶ
482 2309 576 2363 νῦν
594 2309 734 2364 κατὰ
745 2310 831 2363 τὸν
858 2310 1043 2381 καιρὸν
1063 2312 1159 2381 τῆς
1182 2309 1274 2363 τοῦ
1296 2310 1581 2363 ἀποδοθέν-

67 2418 129 2463 τος
146 2402 387 2474 σωτηρίου
415 2403 751 2472 ἐπιφανείας.
779 2400 909 2456 Τότε
940 2401 1046 2472 γὰρ
1076 2402 1308 2480 μάλιστα
1334 2404 1498 2455 πᾶσαι
1525 2403 1580 2455 αἱ

66 2490 385 2561 ἀνακείμεναι
422 2491 706 2562 δυνάμεις,
739 2495 832 2543 καὶ
869 2493 916 2544 oi
960 2492 1181 2560 ἀφανεῖς
1230 2492 1323 2545 καὶ
1363 2492 1579 2563 ἀόρατοι

66 2581 131 2632 τοῦ
152 2582 267 2636 Θεοῦ
292 2583 564 2653 πολέμιοι.
590 2582 655 2636 δι’
691 2581 852 2636 αὐτοῦ
876 2582 966 2637 τοῦ
999 2582 1264 2655 σωτηρίου
1290 2583 1583 2655 τροπούμε-

66 2686 134 2731 vx,
160 2673 453 2728 πεσοῦνται.
480 2672 686 2735 Πάντες
713 2672 770 2725 δὲ
801 2673 850 2726 oi.
880 2674 941 2725 τὸ
981 2675 1255 2745 σωτήριον·
1276 2672 1578 2744 παραδεξά-

68 2778 194 2829 μενοι,
229 2762 316 2815 τοῦ
362 2764 527 2817 πάλαι
569 2762 747 2816 αὐτῶν
787 2763 1073 2834 πτώματος
1116 2764 1576 2833 διαναστήσονται.

67 2853 129 2904 ἀιδ
151 2854 260 2924 περὶ
291 2853 456 2907 αὐτοῦ
498 2853 718 2924 Συμεὼν
761 2852 973 2921 ἔλεγενο
1022 2853 1166 2906 Ἰδοὺ
1194 2850 1368 2917 οὗτος
1397 2853 1579 2905 κεῖται

64 2946 124 3008 εἰς
151 2945 360 3000 πτῶσιν
391 2945 490 2999 καὶ
541 2928 876 2999 ἀνάστασιν
913 2945 1184 2999 πολλῶν·
1232 2942 1434 2997 πτῶσιν
1482 2943 1577 3014 μὲν

65 3034 212 3107 δηλαδὴ
247 3038 351 3093 τῶν
388 3036 599 3108 ἐχθρῶν
640 3036 800 3091 αὑτοῦ
839 3038 931 3089 καὶ
973 3037 1078 3090 τῶν
1110 3035 1377 3107 πολεμίων
1396 3052 1408 3065 ο
1445 3034 1577 3088 ἀνά-

64 3142 203 3179 ςτιιςιν
232 3129 284 3181 δὲ
315 3127 421 3180 τῶν
456 3127 625 3179 πάλαι
657 3125 1039 3189 πεπτωκότων,
1070 3126 1134 3179 δι’
1161 3123 1323 3178 αὐτοῦ
1358 3124 1414 3177 δὲ
1446 3125 1575 3194 ἐγη-

14 3278 17 3287 ,
65 3220 309 3286 γῖρμένων.
368 3220 479 3273 Καὶ
514 3220 684 3273 ταῦτα
718 3218 817 3290 μὲν
862 3219 978 3271 τότε
1018 3219 1337 3289 γενήσεται’
1373 3216 1466 3270 νῦν
1498 3216 1574 3280 δὲ,

62 3310 208 3380 Κύριε,
236 3312 373 3376 σῶζε
413 3315 545 3383 ἡμῖν
583 3312 674 3365 τὸν
720 3311 943 3381 βασιλέα
983 3310 1161 3373 Δαυῒδ,
1195 3311 1287 3362 καὶ
1322 3311 1379 3361 ὲν
1422 3309 1582 3362 παντὶ

62 3402 218 3469 ipim
242 3403 440 3475 καιρῷ,
470 3406 564 3458 καὶ
584 3406 640 3457 ἐν
724 3402 786 3456 ἂν
816 3402 994 3473 ἡμέρᾳ
1018 3398 1464 3469 ὲπικαλεσὼμεθά
1496 3415 1575 3450 σε.

71 3493 271 3564 ’Λιμόζει
311 3497 369 3549 δὲ
407 3496 613 3558 ταῦτα,
652 3495 726 3557 ὡς
764 3493 920 3555 ἀλλος
961 3494 1119 3564 φησι,
1167 3493 1260 3544 καὶ
1302 3491 1394 3543 ἐπὶ
1433 3489 1581 3553 Ἐζε-

65 3586 150 3653 κίᾳ.
183 3588 405 3657 Νοήσεις
436 3586 495 3639 δὲ
530 3585 699 3639 ταῦτα
743 3584 836 3637 καὶ
869 3582 1006 3637 κατά
1039 3583 1130 3635 τὸν
1158 3582 1255 3652 τῆς
1294 3581 1581 3649 ἀναγωγῆς

62 3682 198 3746 θύμον.

132 3794 224 3847 ΕΙΣ
252 3795 341 3849 ΤΟ
378 3792 636 3855 ΤΕΑΟΣ,
672 3788 959 3843 ΨΛΛΜΟΣ
1009 3788 1096 3840 ΤΩ
1136 3786 1331 3839 ΔΛΥῙΔ
1371 3786 1450 3838 K'.

108 3908 180 3969 Εἰς
197 3911 369 3962 αἶσιον
390 3906 499 3979 γὰρ
522 3902 904 3974 ἀναπέμπεται
924 3901 991 3955 τὰ
1012 3884 1278 3971 λεγόμενα
1297 3900 1466 3965 τέλος,
1486 3906 1572 3955 κερ-

62 3997 136 4048 τέιν
153 4000 344 4072 ἐχθρῶν
368 4000 467 4052 τοῦ
493 3995 629 4051 Θεοῦ
658 3995 907 4066 σημαίνει
932 3993 1020 4047 τὸν
1049 3991 1288 4064 ὄλεθρον.
1320 3993 1411 4045 Διὸ
1438 3995 1579 4048 κατὰ

61 4089 131 4156 μὲν
153 4092 455 4163 Σύμμαχον,
507 4090 829 4153 Ἐπινίκιός
852 4088 1022 4142 ἐστιν
1049 4084 1171 4154 ᾠδή
1192 4102 1206 4116 ⁸
1239 4086 1379 4139 κατά
1407 4085 1461 4139 δὲ
1490 4086 1579 4141 τὸν

14 4188 17 4233 1.
71 4164 277 4249 Ἇκὺλαν,
316 4183 406 4248 Τῷ
431 4180 715 4246 νικοπωῷ

14 4370 15 4427 ξ
110 4365 269 4432 Κύριε,
284 4364 357 4418 ἐν
368 4360 445 4431 τῇ
460 4360 707 4429 δυνάμει
726 4375 841 4413 σου
859 4357 1329 4427 εὐφρανθήσεται
1354 4362 1386 4413 ό
1400 4359 1580 4423 βασι-
1630 4358 1637 4359 “

14 4500 17 4530 λ
60 4459 179 4524 hic.
196 4455 360 4530 Οἶμαι
385 4458 481 4510 καὶ
504 4454 676 4509 ταῦτα
691 4452 941 4522 λέγεσθαι
955 4451 1023 4505 τὰ
1043 4451 1373 4521 προκείμενα
1392 4453 1457 4503 ὲκ
1471 4449 1578 4502 τῶν

14 4524 19 4621 ξ
66 4550 191 4604 me:
210 4524 311 4621 πρὸ
322 4550 516 4602 τούτου
536 4546 613 4617 τῷ
628 4543 788 4597 Δαυτδ
806 4540 1205 4613 ὲπευξαμένων.
1231 4541 1430 4595 Μαθὼν
1451 4538 1578 4609 γοῦν

62 4638 127 4690 νῦν
144 4642 169 4693 ὁ
188 4637 345 4695 Δαυῖδ
368 4636 481 4692 ἀπὸ
507 4634 617 4688 τῶν
643 4632 776 4704 πρὸς
809 4632 967 4685 αὑτὸν
989 4631 1291 4701 γενομένων
1317 4630 1579 4702 χρησμῶν

64 4730 109 4783 ti
122 4732 225 4802 περὶ
241 4731 334 4785 τοῦ
368 4731 436 4783 ἐκ
461 4727 772 4797 σπέρματος
797 4723 958 4775 αὐτοῦ
989 4722 1443 4794 προελευσόμενοι)
1479 4741 1581 4777 σω-

64 4823 200 4891 πράου
219 4866 234 4892 ,
260 4825 357 4877 καὶ
382 4822 485 4892 τῆς
515 4823 573 4874 ὲν
604 4815 683 4888 τῷ
712 4813 959 4886 σωτηρίῳ
987 4814 1267 4884 δυνάμεως
1286 4854 1300 4878 ,
1334 4815 1426 4867 ἐπὶ
1452 4816 1577 4869 τού-

14 4860 19 4975 ί
66 4860 587 4989 πζῖὑὲἕαῗθηισέτιιι
621 4860 713 4964 κῚάὶ
745 4860 1383 4979 ἀγείλλιιάσεταιιῄσφόδγρα.
1471 4910 1579 4961 Καὶ

14 4984 23 5081 ξ
329 4984 574 5081 θαρσῶν,
607 5001 717 5056 τῶν
742 5016 802 5077 τε
828 4999 1033 5072 ἐχθρῶν
1066 4999 1389 5058 διά.τούτων
1419 5018 1575 5075 περι-

68 5098 289 5169 γενόμενος
307 5142 323 5166 ,
348 5101 437 5154 σοὶ
456 5098 535 5170 τῷ
556 5090 812 5163 νικοποιῷ
831 5091 949 5164 Θεῷ
971 5093 1037 5146 τὰ
1061 5091 1286 5164 βραδεῖα
1300 5089 1397 5160 τῆς
1417 5090 1570 5161 νίκης

68 5186 306 5264 ἐκτίθησι.
358 5193 554 5266 Χαίρει
579 5209 646 5255 ⁶τε
674 5193 767 5247 καὶ
800 5185 1236 5259 ὑπερϐαλλόντως
1262 5180 1568 5249 ἀγάλλεται,

72 5278 232 5347 έῦτῦν
248 5284 462 5356 ἐχθρῶν
484 5283 771 5354 ἐπιϐουλῆς
792 5282 895 5336 ὑπὸ
920 5279 1011 5334 σοῦ
1033 5274 1419 5344 διασωζόμενος
1438 5289 1452 5302 ·
1478 5272 1571 5324 καὶ

72 5373 131 5443 931
149 5373 294 5439 οὕτως
325 5378 426 5429 ἐπὶ
456 5380 521 5446 τῇ
551 5376 744 5430 ἑαυτοῦ
773 5373 1015 5446 σωτηρίᾳ
1047 5368 1275 5439 ἀγαλλιᾷ
1297 5407 1311 5431 ,
1343 5367 1463 5419 ὅσον
1490 5366 1573 5418 ὅτι

32 5488 33 5493 ‘
74 5468 174 5537 τιρά
198 5468 282 5524 σοῦ
311 5469 377 5522 τὸ
409 5470 676 5538 σωτήριον
704 5467 868 5521 αὑτοῦ
903 5464 1268 5537 προσγίνεται.
1330 5459 1438 5511 Καὶ
1467 5457 1575 5529 γὰρ

75 5557 350 5636 Mign;
382 5560 452 5612 τὸ
484 5558 634 5628 παρὰ
662 5550 755 5610 σοῦ
786 5558 1067 5628 σωτήριον,
1103 5552 1194 5608 καὶ
1227 5550 1353 5623 περὶ
1385 5551 1574 5603 τούτου

75 5652 147 5713 τίς
178 5643 403 5724 χείλεσιν
445 5649 637 5705 ἑαυτοῦ
691 5652 747 5703 ἐν
791 5652 908 5713 ταῖς
946 5648 1079 5720 πρὸς
1107 5645 1194 5699 τὸν
1228 5642 1357 5695 Θεὸν
1392 5642 1575 5712 εὑχαξ

78 5739 288 5815 ἑοῖ-ρίαν
315 5734 654 5813 ἀναπέμψας
683 5781 696 5807 ,
747 5740 844 5793 οὐκ
876 5740 1180 5793 ἐκπεσεῖται
1210 5734 1305 5803 ’ἧς
1338 5732 1572 5796 ἐλπίδος,

133 5896 281 5958 ‘Luc.
325 5918 395 5969 ιι.
446 5901 538 5958 34.

1692 950 1789 990 sua
1819 936 2127 992 hominibus
2152 938 2510 1015 dispensabit.

1760 1026 1927 1081 Vsus.
1963 1027 2117 1083 8-10.
2288 1006 2342 1082 in
2401 1030 2641 1084 curribus
2678 1040 2727 1084 et
2760 1032 2813 1084 hi
2849 1033 2902 1086 in
2937 1034 3100 1103 equis,
3150 1052 3245 1091 nos

1689 1127 1860 1172 autem
1910 1120 1963 1173 in
2015 1119 2470 1174 nomine.Domini
2512 1121 2611 1175 Dei
2650 1124 2819 1176 nostri
2868 1124 3241 1181 invocabimus.

1688 1205 1802 1274 Ipsi
1825 1206 2059 1269 impediti
2084 1216 2204 1261 sunt
2237 1217 2287 1262 et
2322 1209 2651 1274 ceciderunt,
2690 1227 2783 1265 nos
2818 1222 2990 1265 autem
3015 1216 3246 1269 surrexi-

1685 1314 1798 1351 mus
1817 1307 1867 1351 et
1902 1300 2058 1353 erecti
2084 1316 2284 1355 sumus.
2318 1300 2535 1356 Domine
2559 1342 2573 1365 ,
2614 1302 2817 1357 salvum
2847 1304 2931 1373 fac
2960 1322 3125 1375 regem
3146 1346 3167 1375 ,η
3194 1319 3245 1361 et

1684 1388 1874 1442 exaudi
1898 1407 1991 1443 nos
2022 1391 2075 1444 in
2111 1389 2196 1445 die
2224 1390 2327 1460 ana
2353 1392 2757 1447 invocaverimus
2795 1404 2861 1447 te.
2906 1394 3027 1465 ipsa
3063 1411 3245 1451 rerum

1683 1481 2033 1549 experientia,
2069 1491 2443 1551 argumentum
2471 1500 2602 1539 sane
2638 1485 2798 1539 fuerit
2830 1486 2959 1555 quid
3003 1488 3055 1540 in
3083 1489 3247 1543 rebus

1683 1570 2024 1635 praastantius
2051 1569 2141 1621 sit.
2171 1568 2240 1621 At
2264 1570 2407 1623 enim
2438 1571 2642 1626 inimici
2672 1573 2771 1637 tui,
2801 1574 2955 1643 equis
2984 1584 3037 1628 et
3072 1610 3081 1624 .
3108 1578 3246 1631 arri-

1683 1657 1784 1737 bus
1813 1657 2166 1723 conﬁdentes,
2200 1660 2476 1728 praepediti
2523 1670 2779 1717 corruent
2809 1665 3032 1733 perinde
3084 1676 3246 1737 atque

1683 1736 1914 1813 Pharao,
1949 1750 2043 1820 qui
2074 1750 2126 1803 in
2158 1752 2296 1805 mari
2330 1751 2517 1808 Rubro
2548 1754 2832 1824 demersus
2873 1765 2975 1813 est.
3013 1757 3124 1815 Nos
3153 1736 3244 1815 au-

1686 1846 1793 1893 tem
1826 1840 2044 1895 nomine
2076 1840 2285 1895 Domini
2308 1842 2401 1899 Dei
2437 1844 2897 1901 nostri'instructi
2927 1856 2981 1903 et
3010 1852 3243 1917 armati,

1686 1945 1749 1984 ac
1780 1940 1956 1986 tecum
2010 1931 2102 2002 qui
2152 1934 2419 1988 sacriﬁcia
2463 1935 2711 1993 immolas
2758 1937 3008 2007 precibus
3040 1940 3246 1995 nostris

1686 2032 2081 2088 concertantes,
2108 2039 2454 2095 resorgemus
2496 2036 2657 2097 atque
2690 2028 2990 2099 erigemur,
3017 2046 3139 2085 cum
3182 2038 3247 2087 tu

1687 2116 1753 2172 de
1780 2116 2017 2173 inimicis
2050 2118 2329 2174 victoriam
2352 2120 2623 2176 retuleris.
2661 2120 2766 2174 Sed
2810 2120 2941 2187 haec,
2968 2123 3242 2194 inquiunt,

1686 2211 1932 2266 evenient
1978 2219 2218 2282 tempore
2262 2212 2526 2269 Salutaris
2559 2214 2705 2270 illius
2750 2215 3030 2272 adventus.
3084 2216 3239 2273 Tunc

1685 2302 1827 2357 enim
1878 2303 2111 2359 maxime
2159 2319 2347 2360 omnes
2388 2306 2711 2360 adversaria:
2744 2315 3039 2376 potestates
3074 2324 3137 2363 ac
3166 2310 3246 2363 la-

1687 2400 1863 2449 tentes
1907 2395 1985 2449 illi
2010 2403 2062 2450 et
2091 2396 2290 2450 occulti
2344 2395 2439 2452 Dei
2494 2397 2720 2461 inimici,
2756 2400 2823 2453 ab
2856 2400 2974 2469 ipso
3000 2399 3240 2456 Salutari

1687 2487 1740 2540 in
1790 2486 1969 2557 fugam
2003 2488 2166 2553 versi,
2202 2494 2632 2558 prosternentur.
2686 2488 2885 2546 Omnes
2940 2507 3102 2561 porro
3150 2494 3245 2565 qui

1688 2576 1935 2632 Salutare
1960 2578 2271 2648 hujusmodi
2300 2583 2625 2651 receperint,
2658 2598 2687 2637 a
2708 2583 2939 2652 pristino
2980 2584 3128 2653 lapsu
3157 2600 3245 2639 re-

1686 2678 1926 2737 surgent.
1960 2669 2167 2725 Idcirco
2196 2672 2268 2725 ita
2312 2671 2531 2728 Sinieon
2556 2674 2624 2729 de
2646 2675 2764 2744 ipso
2795 2676 3033 2745 loquitur
3064 2695 3077 2730 :
3115 2675 3243 2731 Ecce

1682 2764 1879 2830 positus
1907 2769 1983 2815 est
2026 2761 2108 2814 hic
2140 2763 2194 2817 in
2244 2764 2452 2816 ruinam
2498 2775 2547 2818 et
2589 2768 3014 2821 resurrectionem
3040 2769 3229 2821 multo-

1684 2868 1800 2905 rum
1829 2853 1905 2905 9’:
1942 2850 2155 2905 ruinam
2208 2851 2458 2907 videlicet
2506 2840 2847 2907 inimicorum
2903 2861 2956 2908 et
3004 2855 3239 2909 hostium

1673 2943 1834 3013 ejus:
1871 2942 2325 2998 resurrectionem
2356 2958 2484 2997 vero
2513 2958 2702 2998 eorum
2728 2944 2819 3013 qui
2842 2944 2969 2997 olim
3004 2944 3139 3012 lapsi
3171 2944 3240 2999 ab

1684 3035 1803 3104 ipso
1854 3035 2103 3091 suscitati
2155 3041 2301 3091 sunt.
2358 3033 2480 3089 lizec
2530 3035 2749 3106 quidem
2805 3043 2935 3089 tunc
2980 3046 3241 3091 eventura

1686 3134 1845 3193 sunt;
1871 3126 1983 3197 jam
2002 3142 2154 3191 vero,
2179 3132 2238 3186 tu
2261 3126 2507 3193 Domine,
2539 3127 2747 3182 salvum
2777 3127 2862 3182 fac
2882 3128 3040 3183 nobis
3058 3143 3241 3198 regem

1684 3216 1961 3285 Davidem,
1986 3226 2040 3274 et
2071 3219 2125 3272 in
2155 3219 2302 3273 omni
2330 3234 2556 3288 prorsus
2578 3229 2837 3290 tempore,
2866 3228 2917 3274 et
2940 3219 2997 3277 in
3024 3220 3111 3275 die
3133 3236 3241 3291 qua
3300 3202 3303 3213 ’

1683 3312 2113 3367 invocaverimus
2140 3322 2189 3367 te
2217 3330 2230 3366 :
2268 3326 2387 3381 quae
2416 3310 2565 3376 item,
2590 3319 2650 3366 ut
2682 3313 2821 3367 alius
2851 3312 3047 3382 inquit,
3077 3313 3238 3368 etiam

1683 3400 1926 3458 Ezechiae
1952 3404 2063 3473 regi
2091 3411 2412 3473 congruunt.
2448 3401 2570 3457 Haec
2596 3388 2758 3473 porro
2784 3402 3099 3473 auagogico,
3126 3402 3240 3457 sive

1672 3491 1999 3558 reduetitio,
2032 3507 2180 3546 more
2211 3491 2467 3561 accipias.

1846 3770 1898 3824 1.
1939 3768 2007 3823 ΙΝ
2048 3768 2291 3834 FINEM,
2331 3768 2653 3824 PSALMUS
2695 3769 2900 3851 DAVID
2936 3770 3055 3827 XX.

1749 3879 1879 3947 Quae
1910 3881 1997 3935 hic
2032 3880 2309 3947 dicuntur,
2340 3882 2407 3936 ad
2441 3881 2679 3937 faustum
2713 3881 2994 3938 referenda
3032 3883 3191 3940 ﬁnem
3219 3903 3232 3939 :

1681 3989 1805 4027 nam
1835 3964 2178 4029 inimicorum
2207 3973 2300 4030 Dei
2328 3975 2553 4030 exitium
2583 3976 2907 4047 signiﬁcant.
2927 3977 3117 4042 .Quare
3144 3994 3234 4035 se—

1681 4064 1919 4118 cundum
1961 4064 2345 4135 Symmachum
2375 4107 2390 4131 ,
2426 4064 2762 4133 Triumphale
2800 4066 3104 4127 canticum;
3146 4081 3235 4119 se-

1681 4159 1920 4212 cundum
1950 4155 2203 4228 Aquilam
2231 4172 2381 4222 vero,
2422 4155 2664 4212 Victorii:
2690 4158 2892 4211 auctori
2920 4156 3232 4218 modulatio,

1683 4249 2027 4305 inscribitur.

1752 4323 1915 4395 Vens.
1956 4339 2013 4396 2.
2050 4339 2307 4404 Domine,
2357 4340 2409 4392 in
2452 4340 2642 4393 virtute
2687 4345 2777 4389 tua
2818 4336 3085 4389 tartabitur
3118 4352 3229 4390 rex.

1681 4434 1932 4489 Arbitror
1959 4434 2028 4486 ab
2059 4414 2290 4499 iisdem,
2316 4433 2406 4501 qui
2436 4430 2685 4500 superius
2716 4427 2908 4485 Davidi
2940 4429 3074 4482 bene
3103 4445 3230 4498 pre-

1682 4526 1790 4581 cati
1839 4525 2089 4589 fuerant,
2138 4523 2252 4578 hzec
2302 4522 2465 4577 etiam
2516 4519 2726 4590 prolata
2768 4517 2957 4575 fuisse.
2994 4518 3129 4573 Cum
3165 4521 3233 4575 ab

1612 4603 1654 4656 Ῑ)
1683 4618 1920 4673 oraculis
1960 4618 2064 4672 sibi
2103 4616 2261 4670 editis
2322 4611 2635 4673 edidicisset
2676 4610 2843 4666 David
2896 4626 2958 4666 ea
2996 4622 3115 4681 quae
3148 4626 3234 4665 sa—

1680 4712 1857 4765 lutare
1899 4709 2029 4763 illud
2074 4722 2138 4761 ex
2187 4705 2392 4760 semine
2436 4718 2539 4758 suo
2587 4703 2969 4774 proditurum,
3021 4716 3234 4757 necnon

1678 4802 1932 4857 salutaris
1958 4798 2200 4869 ejusdem
2226 4798 2484 4851 virtutem
2517 4797 2869 4868 spectabant,
2898 4794 2965 4849 de
2996 4794 3064 4849 iis
3085 4834 3099 4859 ,
3130 4794 3230 4856 ait,

1676 4896 1940 4950 laetabitur
1963 4901 2016 4947 et
2038 4884 2335 4946 exsultabit
2359 4891 2724 4945 vehementer.
2758 4889 2937 4959 lisque
2960 4884 3198 4942 conﬁsus
3213 4902 3239 4947 ,ε

1679 4989 2027 5057 inimicisque
2060 5001 2250 5041 eorum
2283 5001 2385 5057 ope
2418 4986 2645 5042 devictis
2665 5025 2679 5050 ,
2715 4983 2812 5039 tibi
2850 4981 2957 5035 Deo
2990 4977 3232 5057 victoria:

1680 5079 1918 5144 auctori,
1962 5079 2209 5149 ejusdem
2251 5074 2495 5134 victoriae
2539 5076 2729 5132 brahia
2773 5070 3036 5129 attribuit.
3084 5068 3231 5122 Gau-

1674 5174 1873 5243 detque
1910 5172 2206 5228 admodum
2245 5181 2301 5228 et
2337 5171 2615 5234 exsultat,
2663 5168 3003 5223 inimicorum
3043 5150 3141 5216 abs
3180 5170 3231 5217 te

1678 5273 1901 5337 ereptus
1942 5265 2165 5321 insidiis
2187 5307 2202 5331 ,
2242 5280 2417 5335 neque
2456 5272 2667 5317 tantum
2696 5261 2764 5341 de
2793 5257 2965 5313 salute
2998 5268 3095 5309 sua
3134 5254 3226 5308 la:-

1679 5368 1842 5422 tatur,
1873 5367 2136 5427 quantum
2167 5356 2235 5411 de
2268 5357 2436 5411 misso
2465 5355 2562 5410 abs
2592 5362 2644 5407 te
2675 5346 2897 5406 salutari
2929 5360 3051 5400 suo.
3092 5344 3230 5399 Cum

1677 5452 1819 5506 enim
1856 5450 1998 5505 idem
2028 5451 2267 5507 salutare
2293 5456 2447 5503 tuum
2479 5445 2708 5504 summis
2733 5441 2872 5496 votis
2905 5436 3191 5509 expetierit
3211 5474 3227 5499 ,

1677 5553 1837 5615 atque
1866 5544 2024 5601 labiis
2058 5546 2177 5616 ipse
2204 5544 2319 5600 suis
2340 5582 2354 5607 .
2381 5542 2579 5596 emisisa
2613 5538 2921 5605 frequenter
2949 5531 3229 5592 oratione,

1676 5652 1775 5709 pro
1830 5636 2083 5693 salutaris
2132 5634 2373 5709 ejusdem
2414 5632 2645 5687 adventu
2674 5624 2771 5679 tibi
2814 5618 3231 5709 supplicaverit,

1678 5708 2018 5800 nequaquam
2044 5708 2395 5799 spelabetur,
2421 5736 2593 5794 neque
2618 5717 2769 5806 irrita
2792 5712 3083 5785 postulatio
3109 5708 3231 5780 ejus
