3960 6342
95 429 165 482 εθΙ

1171 429 1677 489 COMMENTARIA
1710 431 1778 489 IN
1815 426 2153 490 PSALMOSL

3173 432 3279 492 209.

89 542 339 614 μααὺτῶν
360 543 482 601 ἀπὸ
508 544 660 601 υἱῶν
684 545 1027 616 ἀνθρώπων.
1054 548 1304 620 Διαδοχαὶ
1322 548 1430 622 γάρ
1454 550 1613 620 γεγό-

1724 566 1834 605 men
1874 558 2055 604 eorum
2091 567 2124 604 a
2170 547 2613 620 ﬁliislwminum.
2646 550 2940 622 lmpiorum
2967 551 3282 610 atheorum-

93 653 179 689 mi
203 634 401 708 μυρίων
430 636 648 692 ἀσεῆῶν
686 637 780 692 καὶ
810 636 985 693 ἀθέων
1007 638 1216 711 ἀνδρῶν
1239 657 1253 670 ·
1278 641 1538 706 πολλάκις
1564 642 1621 697 δὲ

91 730 157 782 καὶ
186 728 421 800 πονηρῶν
474 732 727 804 πατέρων
757 734 862 787 υἱοὶ
893 732 1167 808 θεοσεϐεῖς
1214 734 1311 787 καὶ
1354 734 1623 805 θεοφιλεῖς

90 820 455 894 ἀπεφάνθησαν.
503 824 735 899 Σπέρμα
754 826 811 880 δὲ
837 823 1252 896 τῶναάθέωνςκαὶ
1280 826 1489 897 καρπὸς
1514 827 1623 883 τῶν

92 911 276 979 ἀοιδῶν,
292 915 346 969 oi
359 912 509 983 λύγοι
529 916 710 970 αὐτῶν
734 915 829 971 καὶ
852 917 910 970 αἱ
928 916 1269 972 διδασκαλίαι
1294 917 1390 973 καὶ
1407 917 1473 972 τά
1490 918 1623 974 ἄθεα

88 1008 281 1077 δόγματα
304 1045 322 1072 ,
387 1007 526 1080 μετά
580 1008 678 1080 τὴν
708 1008 961 1081 τελευτὴν
994 1009 1174 1065 αὐτῶν
1225 1010 1283 1064 ὲν
1314 1011 1622 1084 ἀνθρώποις

90 1098 454 1168 Nemetum,
475 1091 751 1173 τυγχάνει.
784 1101 847 1153 ’Δ
873 1100 937 1173 δὴ
961 1094 1037 1166 ὦς
1057 1103 1261 1173 ἀγαθὸς
1282 1106 1311 1158 ὁ
1329 1104 1460 1169 Θεὸς
1482 1106 1624 1160 ἀπω-

87 1191 175 1263 λείᾳ.
213 1192 301 1246 καὶ
330 1191 628 1266 ἀφανισμῷ
655 1193 1021 1267 παραδίδωσιν
1044 1211 1059 1225 ·
1118 1196 1205 1251 ἴνα
1238 1198 1378 1270 μήτε
1412 1198 1622 1272 καρπὸς

87 1283 383 1339 τῶνάσεσῶν
418 1286 555 1357 μήτε
590 1285 811 1359 σπέρμα
841 1285 1022 1342 αὐτῶν
1047 1288 1449 1362 περιλείπηται.

137 1376 243 1429 ὀτι
253 1376 505 1431 ἔκλιναν
520 1378 608 1444 είς
628 1378 703 1432 σὲ
713 1380 876 1433 ικακὰ
890 1387 912 1445 ,'
926 1378 1343 1453 διελογίσαντο
1357 1384 1617 1453 βουλὰς,

86 1463 137 1530 dc
159 1467 218 1520 οὐ
241 1465 327 1536 μὴ
364 1465 654 1525 δύνωνται
686 1468 934 1539 στῆσαι.
999 1472 1128 1526 ὀτι
1160 1473 1366 1543 θήσεις
1398 1477 1621 1544 αὐτοὺς

83 1556 248 1626 νῶτον,
263 1560 337 1613 ἐν
354 1558 477 1626 τοῖς
494 1562 864 1633 περιλοίποις
884 1580 1001 1619 σου
1017 1564 1353 1636 ἐτοιμάσεις
1361 1567 1428 1621 τὸ
1441 1571 1624 1637 πρόσ-

83 1664 207 1702 ωπον
254 1650 474 1706 αὐτῶν.
536 1653 706 1708 Πάλιν
749 1655 1081 1728 παρατίθησι
1128 1658 1227 1729 τὴν
1252 1657 1430 1712 αίτίαν
1452 1658 1519 1714 δι’
1555 1647 1621 1730 ἢν

80 1742 215 1796 ταῦτα
234 1742 546 1807 πείσονται,
582 1742 755 1813 λέγων
774 1761 790 1776 ·
820 1745 939 1799 Ὅτι
958 1745 1209 1802 ἔκλιναν
1230 1749 1318 1814 είς
1346 1748 1421 1803 σὲ
1446 1747 1618 1805 κακά.

91 1834 263 1890 ’Δντὶδὶ
279 1834 376 1890 τοῦ
394 1876 410 1901 ,
436 1837 727 1891 Ἔκλιναν
743 1876 759 1901 ,
781 1839 810 1892 ὁ
828 1837 1122 1910 Σύμμαχος
1139 1856 1154 1869 ⁸
1177 1840 1304 1895 Ὀτι
1324 1839 1622 1910 συνέφρα-

1723 652 1829 708 que
1876 636 2157 697 hominum
2211 637 2509 693 innumerae
2554 639 2926 696 successiones
2975 641 3170 698 fuere:
3218 659 3282 699 ac

1722 729 2043 800 plerumque
2081 729 2297 797 evenit,
2340 737 2400 784 ut
2438 724 2503 785 ex
2548 730 2807 802 improbis
2838 733 3087 804 patribus
3115 735 3286 806 piiac

1721 823 1967 895 religiosi
1994 822 2088 878 lilii
2120 808 2489 880 e’xorirentur.
2522 823 2627 880 Sed
2657 840 2841 881 semen
2870 827 3155 885 atheorum
3174 870 3189 895 ,
3216 845 3286 886 ac

1723 913 1942 972 fructus
1981 915 2271 986 impiorum
2308 923 2448 972 sunt
2474 916 2640 973 verba
2661 955 2677 983 ,
2709 915 3003 985 doctrinae,
3033 928 3089 976 et
3116 918 3283 991 impia

1723 1007 2055 1064 documenta
2085 1007 2435 1073 eorumdem,
2466 1023 2589 1079 qua:
2617 1016 2741 1080 post
2787 1009 3029 1081 ipsorum
3073 1011 3283 1083 obitum

1721 1118 1818 1173 per
1843 1102 2096 1156 homines
2123 1101 2574 1157 disseminantur.
2604 1100 2843 1173 Quaque
2868 1103 3074 1159 scilicet
3103 1103 3245 1161 Deus
3264 1145 3281 1173 ,

1724 1202 1909 1264 utpote
1930 1195 2108 1250 bonus
2129 1232 2144 1257 ,
2171 1195 2238 1250 de
2263 1194 2443 1249 medio
2468 1194 2612 1249 tollit
2640 1208 2705 1250 ac
2732 1194 2961 1266 dissipat
2987 1213 3002 1264 ;
3023 1203 3085 1250 ιιι
3109 1211 3287 1268 neque

1722 1286 1966 1351 fructus,
2002 1292 2180 1357 ne'que
2212 1300 2399 1342 semen
2428 1285 2721 1356 impiorum
2748 1285 3028 1342 residuum
3058 1287 3151 1343 sit.

1792 1378 1960 1437 Vens.
1998 1370 2084 1444 I2,
2119 1381 2207 1436 I5.
2251 1379 2517 1446 Quoniam
2544 1378 2937 1435 declinaverunt
2965 1379 3018 1433 in
3045 1388 3094 1433 te
3120 1379 3286 1445 mala,

1720 1476 2076 1543 cogitaverunt
2123 1472 2348 1526 consilia
2400 1488 2517 1541 qua:
2577 1488 2683 1525 non
2733 1470 3283 1541 poterunt_slabilire.

1722 1566 1983 1632 Quoniam
2024 1580 2182 1634 pones
2223 1580 2310 1617 eos
2351 1562 2601 1628 dorsum,
2634 1564 2689 1617 in
2718 1562 2957 1631 reliquiis
2999 1563 3101 1618 tuis
3149 1578 3288 1632 pra:-

1719 1656 1935 1728 parabis
1984 1656 2187 1712 vultum
2238 1671 2439 1710 eorum.
2494 1652 2708 1710 Rursus
2762 1668 2982 1710 causam
3013 1668 3124 1716 cur
3173 1654 3287 1710 haec

1721 1747 2036 1822 perpessuri
2070 1749 2181 1805 sint
2210 1745 2399 1811 affert,
2435 1746 2523 1803 his
2555 1747 2737 1802 verbis
2772 1766 2783 1802 :
2820 1744 3085 1812 Quoniam
3115 1746 3287 1801 decli-

1723 1853 1979 1899 naverunt
2005 1843 2062 1897 in
2089 1851 2137 1896 te
2165 1841 2331 1896 mala.
2364 1838 2535 1909 Cujus
2560 1841 2681 1896 loco
2709 1839 3066 1912 Symmachus
3091 1858 3104 1894 :
3138 1839 3285 1906 Quo-

82 1927 168 1999 ξαν
188 1926 330 1982 κατά
356 1928 476 1983 σοῦ
494 1931 584 1996 είς
609 1930 817 1985 κακόν.
848 1930 913 1985 Ei
934 1931 1043 2003 γάρ
1063 1931 1156 1985 καὶ
1177 1930 1495 2004 ἀνθρώπους
1519 1932 1626 1986 €66-

1724 1938 1870 1992 niam
1903 1934 2321 1990 communierant
2351 1949 2405 1987 se
2431 1942 2615 1987 contra
2649 1941 2693 1986 te
2721 1932 2773 1985 in
2805 1930 3025 1986 malum.
3058 1931 3286 1987 Etiamsi

80 2037 178 2073 mw
197 2021 445 2093 πολεμεῖν
463 2064 478 2089 ,
653 2024 776 2078 ἐπεὶ
804 2024 878 2096 μὴ
898 2025 965 2079 δι’
988 2024 1209 2096 εῠλογον
1236 2025 1414 2081 αἰτίαν
1434 2067 1450 2092 ,
1490 2026 1626 2099 μηδὲ
1648 2033 1655 2043 ’

55 2112 142 2167 ’δια
164 2131 271 2168 τινα
299 2115 505 2188 πρᾶξιν
533 2116 734 2172 ἄτοπον
763 2117 994 2184 ἐκείνοις
1025 2118 1378 2195 ἐπεϐούλευον
1405 2161 1421 2186 ,
1455 2119 1542 2175 διὰ
1567 2120 1625 2175 δὲ

82 2207 212 2276 μάνην
237 2207 334 2280 τὴν
356 2210 437 2274 είς
469 2210 527 2264 σὲ
558 2211 838 2266 εὐσέϐειαν
859 2228 872 2241 ο
898 2211 1124 2276 εἰκότως
1148 2212 1293 2268 εἴποι
1324 2214 1389 2270 ἄν
1416 2232 1503 2279 τις
1525 2214 1623 2269 αὐ·
1665 2214 1670 2225 ’

80 2296 175 2359 τοὺς
214 2299 293 2352 col.
322 2300 400 2371 τῷ
433 2300 555 2373 Θεῴ
585 2301 1093 2375 ἐπιϐεϐουλευκέναι
1112 2344 1129 2372 ,
1184 2305 1279 2381 καὶ
1311 2306 1492 2372 πάσας
1522 2307 1622 2373 τὰς

81 2392 286 2461 μηχανὰς
318 2393 387 2456 ἀς
414 2393 804 2465 ἐϐουλεύσαντο
840 2396 981 2452 κατά
1012 2396 1122 2451 τῶν
1149 2396 1256 2453 σῶν
1292 2401 1452 2455 ὁσίων
1477 2399 1620 2455 κατά

78 2480 148 2535 σοῦ
167 2483 250 2537 τοῦ
276 2484 413 2539 Θεοῦ
453 2485 894 2557 μεμηχανῆσθαι.
930 2487 1020 2542 Διὸ
1047 2489 1112 2561 δὴ
1142 2489 1211 2544 τά
1241 2491 1608 2565 προλεχθέντα

77 2574 231 2639 αὐτοὺς
254 2576 661 2647 καταλήψεται·
685 2578 805 2632 οὐδὲ
825 2578 925 2643 τάς
949 2580 1048 2644 σάς
1068 2581 1350 2654 διαδράναι
1372 2582 1620 2655 δυνήσον-

76 2682 142 2719 ται
160 2670 356 2739 χεῖρας.
392 2671 457 2724 Oi
485 2670 583 2740 μὲν
602 2669 710 2742 γὰρ
733 2669 1082 2742 ἐμηχανῶντο
1100 2674 1195 2726 καὶ
1215 2674 1390 2728 πάντα
1414 2674 1617 2746 ἐπρατ-

77 2772 143 2807 rw
162 2755 294 2828 ἀθέῳ
316 2761 627 2832 φρονήματι
654 2761 793 2814 κατά
816 2760 912 2814 σοῦ
930 2762 1025 2815 τοῦ
1047 2763 1180 2821 Θεοῦ
1207 2763 1583 2836 βουλευόμενοι
1602 2780 1616 2793 ο

82 2852 126 2902 ab
141 2852 190 2906 δὲ
212 2854 408 2919 αὐτοὺς
429 2855 794 2927 ὲπιστρόφους
814 2855 1016 2922 ἐποίεις
1040 2857 1132 2911 καὶ
1155 2858 1400 2928 φυγάδας
1420 2900 1435 2925 ,
1458 2858 1534 2923 ὡς
1557 2856 1625 2912 τά

77 2945 190 2999 νῶτα
213 2951 565 3021 παραχωρεῖν
605 2949 995 3022 ἐλαυνομένους
1027 2951 1134 3006 ὑπὸ
1164 2951 1266 3023 τῆς
1299 2953 1401 3026 σῆς
1432 2952 1623 3026 ὀργῆς.
1692 2958 1696 2963 ’

1721 2029 1869 2085 enim
1899 2026 2215 2084 viderentur
2247 2016 2494 2081 homines
2529 2024 2872 2096 impugnare,
2930 2033 2980 2079 at
3014 2023 3143 2095 quia
3173 2038 3288 2080 non

1722 2118 2036 2179 rationabili
2066 2118 2135 2175 de
2164 2131 2567 2195 causa,_ueque
2595 2118 2666 2172 ob
2696 2124 2963 2186 patratum
2993 2115 3287 2187 quodpiam

1721 2212 1939 2268 facinus
1970 2210 2198 2266 insidias
2228 2208 2361 2280 ipsis
2394 2208 2690 2280 parabant,
2724 2206 2817 2264 sed
2860 2213 3082 2279 propter
3120 2221 3288 2262 unam

1722 2319 1913 2361 eorum
1952 2317 2081 2374 erga
2120 2302 2518 2373 te‘pietatem;
2554 2300 2681 2371 jure
2723 2299 2979 2354 dicantur
3020 2307 3208 2353 contra
3235 2307 3288 2353 te

1724 2396 1904 2469 ipsum
1953 2394 2123 2449 Deum
2167 2391 2397 2450 insidias
2426 2392 2697 2449 struxisse
2716 2433 2732 2458 ,
2762 2407 2824 2446 ac
2853 2390 3288 2462 conspirationes

1724 2503 1914 2544 eorum
1970 2500 2163 2541 omnes
2219 2485 2482 2540 adversus
2537 2493 2760 2538 sanctos
2813 2494 2938 2538 tuos
2991 2482 3286 2548 conﬂatas,

1724 2588 1916 2635 contra
1949 2586 2001 2633 te
2033 2576 2202 2632 Deum
2244 2591 2433 2632 versas
2462 2575 2652 2631 fuisse.
2686 2574 2868 2645 Quare
2901 2575 3176 2646 pradictis
3209 2576 3288 2630 illi

1724 2668 2140 2739 intercipientur
2171 2668 2330 2724 malis
2350 2707 2365 2732 ,
2400 2683 2577 2737 neque
2607 2669 2717 2724 tuis
2749 2685 2809 2723 se
2841 2669 3149 2724 subducere
3174 2683 3289 2722 ma-

1719 2762 1882 2817 nibus
1931 2760 2209 2816 valebunt.
2253 2758 2336 2814 Illi
2385 2760 2604 2831 quidem
2658 2760 2941 2815 machinas
2996 2774 3188 2815 omnes
3236 2754 3290 2813 et

1720 2852 2003 2909 molimina
2048 2853 2431 2917 intenderunt,
2490 2863 2653 2924 atque
2701 2852 2867 2922 impia
2913 2862 3095 2909 mente
3153 2853 3289 2908 nihil

1722 2960 1835 3004 non
1874 2954 2139 3020 egerunt,
2180 2946 2563 3017 coniuratione
2592 2947 2880 3001 adversum
2911 2953 2963 2999 te
2996 2944 3168 3001 Deum
3202 2942 3288 2998 {aa

79 3049 172 3094 tta:
198 3049 252 3096 at
278 3051 338 3099 tu
367 3045 493 3101 illos
525 3060 749 3102 aversos
787 3046 1127 3103 constituisti
1164 3056 1219 3104 et
1257 3047 1458 3121 iugasti
1484 3089 1500 3115 ,
1529 3048 1604 3105 ita
1634 3053 1696 3101 ut
1714 3086 1732 3116 ,
1762 3044 1846 3100 ira
1871 3050 1967 3100 tua
1996 3042 2240 3100 instante
2264 3051 2319 3099 et
2352 3044 2694 3115 prOpellente
2717 3083 2731 3109 ,
2766 3051 2917 3114 terga
2944 3049 3181 3097 vertant.

1646 3124 1688 3180 C

81 3192 164 3248 ΕΙΣ
194 3197 277 3252 ΤΟ
315 3200 540 3253 ἸἘΛΟΣ
579 3200 764 3254 ΥΠΕΡ
809 3200 945 3254 ΤΗΣ
990 3199 1439 3268 ΑΝΤΙΛΗΨΕΩΣ
1487 3202 1617 3259 ΤΗΣ

1724 3197 1775 3254 ι..
1827 3192 1899 3251 IN
1949 3178 2879 3268 FINEu_rno__§U§enyrlgue
2933 3188 3312 3255 MATUTINA,

237 3268 565 3337 suemus,
598 3270 889 3325 ΨΑΛΜΟΣ
928 3272 1015 3324 To
1050 3272 1250 3326 ΔΑΥιΔ
1287 3272 1418 3329 KA’.

138 3406 191 3460 Ἡ
213 3406 308 3461 τοῦ
329 3406 554 3480 ψαλμοῦ
577 3408 871 3481 προγραφὴ
903 3409 1083 3464 πᾶσαν
1110 3410 1208 3482 τὴν
1234 3411 1490 3466 ὑπόθεσιν
1511 3411 1620 3467 τῶν

77 3499 117 3547 ὲν
140 3498 275 3571 αὐτῷ
303 3500 625 3572 φερομένων
656 3502 714 3554 ἐν
743 3499 821 3571 τῷ
845 3499 1019 3572 καιρῷ
1043 3501 1143 3571 τῆς
1168 3504 1234 3556 ὲκ
1254 3503 1463 3575 νεκρῶν
1491 3504 1622 3558 ἀνα-

80 3594 278 3659 στάσεως
313 3594 423 3649 τοῦ
445 3595 699 3667 Σωτῆρος
729 3597 761 3667 ή
772 3594 888 3667 μῶν
914 3594 1216 3667 ἀνατίθησι.
1270 3596 1364 3666 Διὸ
1393 3598 1622 3670 ἐπιγρά-

78 3704 170 3753 φει,
199 3691 341 3760 Περὶ
361 3688 475 3761 τῆς
501 3690 880 3761 ἀντιλήψεως
903 3690 1013 3761 τῆς
1034 3690 1299 3761 ἑωθινῆς.
1344 3693 1534 3747 Ὁποῖα
1564 3693 1623 3747 δὲ

75 3774 125 3849 ἦν
144 3783 202 3836 τὰ
221 3784 321 3855 τῆς
347 3783 583 3855 ἑωθινῆς
601 3784 937 3858 ἀντιλήψεως
956 3825 969 3849 ,
993 3779 1146 3848 αὖθις
1170 3784 1220 3838 οἱ
1241 3784 1623 3855 εὐαγγελισταὶ

74 3879 517 3951 πειραστήσονσιν·
551 3879 582 3933 ὁ
612 3879 709 3949 μὲν
740 3880 955 3944 Λουκᾶς
980 3872 1082 3935 ὦδε
1114 3878 1341 3951 γράφων
1360 3895 1376 3911 ο
1438 3875 1518 3947 Τῇ
1553 3877 1623 3931 δὲ

72 3965 153 4032 ιιιᾷ
193 3969 308 4029 τῶν
346 3968 666 4026 σαϐϐάτων
694 3970 907 4041 ὄρθρου
935 3971 1157 4039 ,ϐαθέος
1183 3971 1281 4025 ἐπὶ
1316 3968 1383 4026 τὸ
1414 3968 1624 4040 μνῆμα

72 4057 226 4126 ἦλθον
244 4065 537 4138 γυναῖκες
555 4106 571 4131 ,
597 4065 889 4136 φέρουσαι
912 4067 951 4124 d
968 4070 1303 4139 ἡτοίμασαν
1324 4067 1620 4137 ἀρώματα.

73 4153 228 4227 Εὗρον
271 4160 345 4215 δὲ
376 4162 491 4217 τὸν
540 4163 717 4217 λίθον
753 4161 1313 4234 ἀποκεκυλισμένον
1350 4161 1469 4217 ἀπὸ
1516 4161 1624 4217 τοῦ
1652 4180 1653 4183 ‘

72 4255 344 4324 μνημείου.
383 4255 791 4311 Εωελθοῦσαι
810 4255 879 4309 δὲ
899 4260 1013 4327 οὐχ
1031 4254 1212 4327 εὗρον
1240 4257 1304 4312 τὸ
1322 4256 1495 4328 σῶμα
1518 4256 1623 4312 τοῦ

75 4347 254 4414 Κυρίου
298 4349 524 4418 Ἰησοῦ.
572 4350 682 4427 Καὶ
724 4348 958 4418 ἐγένετο
994 4352 1065 4405 ὲν
1100 4339 1181 4417 τῷ
1218 4349 1626 4420 διαπορεῖσθαι

75 4438 222 4504 αὐτὸς
245 4440 388 4508 περὶ
418 4439 637 4493 τούτου
656 4478 673 4502 ,
700 4439 798 4493 καὶ
823 4437 953 4493 ἰδοὺ
985 4439 1201 4509 ἄνδρες
1228 4440 1338 4497 δύο
1366 4440 1622 4509 ἐπέστη-

72 4543 166 4581 σαν
180 4530 390 4599 αὑταῖς
407 4532 479 4586 ἐν
497 4528 706 4601 ἐσθῆτι
728 4532 1157 4603 ἀστραπτούσῃ
1178 4573 1193 4597 ,
1226 4534 1283 4589 οἳ
1303 4534 1403 4588 καὶ
1428 4530 1617 4595 εἷπον·

81 4621 349 4694 Πζητεῖτε
372 4624 486 4681 τὸν
507 4622 691 4688 ζῶντα
704 4624 853 4695 μετὰ
876 4625 993 4679 τῶν
1009 4626 1240 4695 νεκρῶν
1252 4644 1271 4691 ;
1306 4630 1426 4682 Οὐκ
1452 4627 1647 4681 ἔστιν.

74 4705 178 4777 ὦδε,
199 4718 340 4773 ἀλλ’
360 4715 588 4788 ἠγέρθη
613 4733 627 4747 ·
652 4715 964 4787 μνήσθητε
983 4758 998 4782 ,
1017 4717 1103 4783 ’ὡς
1121 4716 1433 4787 ἐλάλησεν
1458 4718 1619 4788 ὑμῖν,

74 4802 139 4858 ἔτι
161 4806 241 4860 ὢν
276 4807 471 4877 ἐνστῇ
491 4808 823 4876 Γαλιλαίᾳο
886 4808 1089 4879 ὁμοίως
1140 4808 1196 4861 δὲ
1232 4808 1326 4861 καὶ
1368 4811 1417 4862 ol
1449 4809 1624 4864 λοιποὶ

74 4895 429 4967 rimata—sai.
456 4900 764 4971 εἰρήκασιν.
810 4900 972 4973 Ὁρᾷς
1004 4900 1151 4963 ὅπως
1179 4898 1247 4952 τὰ
1273 4899 1373 4969 τῆς
1399 4899 1623 4975 ἑωθινῆς

76 4984 375 5063 ἐπιλήψεως
398 4994 548 5048 κατά
574 4992 666 5047 τὸν
691 4992 881 5065 καιρὸν
903 4992 1001 5064 τῆς
1029 4991 1377 5057 ἀναστάσεως
1400 4992 1493 5046 τοῦ
1519 4995 1626 5048 Σω-

78 5077 205 5149 ﬁgo;
231 5084 399 5154 ἡμῶν
438 5083 777 5157 ὲπληροῦτο;
834 5086 926 5140 Διὸ
964 5084 1060 5158 τὴν
1100 5086 1279 5139 πᾶσαν
1311 5087 1621 5158 οἰκονομίαν

78 5171 143 5225 τοῦ
166 5176 439 5249 σωτηρίου
470 5178 680 5244 πάθους
701 5183 770 5253 τῇ
798 5176 1090 5237 ἀναστάσει
1122 5179 1285 5235 αὐτοῦ
1315 5180 1377 5234 τὸ
1402 5182 1626 5255 Πνεῦμα

78 5264 121 5315 τὸ
139 5266 276 5349 ἅγιον
312 5270 641 5344 ἀνατίθησι,
671 5275 767 5329 καὶ
793 5277 874 5341 είς
903 5275 1035 5329 αὐτὸ
1061 5276 1234 5329 ἐκεῖνο
1263 5274 1322 5328 τὸ
1345 5274 1498 5341 τέλος
1526 5278 1625 5350 τὴν

81 5362 375 5435 προφητείαν
404 5365 726 5437 ἀναπέμπει
753 5368 843 5424 διὰ
866 5371 964 5442 τῆς
990 5370 1253 5441 λεγούσης
1271 5372 1621 5444 προγραφῆς.

78 5455 153 5522 εις
174 5456 233 5512 τὸ
256 5456 445 5524 τέλος
474 5456 629 5527 ὑπὲρ
668 5458 778 5527 τῆς
810 5462 1187 5532 ἀντιλήψεως
1213 5460 1322 5530 τῆς
1354 5462 1623 5533 ἑωθινῆς,

82 5541 250 5617 ’ᾇαὶμὸς
382 5546 571 5601 Δαυῐδ.
613 5547 722 5601 Καὶ
752 5550 871 5614 πῶς
899 5551 1006 5624 γάρ
1032 5556 1132 5607 οὑκ
1160 5552 1384 5629 ἔμελλεν¹
1411 5552 1629 5626 ψαλμδς

84 5633 257 5697 ἕπεσθαι
284 5644 322 5715 ἡ
360 5640 472 5713 τὴν
504 5638 801 5696 ἀνάστασιν
831 5644 926 5719 τοᾷ
955 5645 1206 5719 Σωτῆρος
1244 5644 1397 5717 ἡμῶν
1433 5648 1623 5719 περιέ-

86 5740 213 5792 Nm
233 5730 552 5805 προφητεία
574 5775 591 5799 ,
625 5733 720 5787 καί
743 5733 843 5806 τῆς
878 5734 1200 5809 Ἐκκλησίας
1222 5735 1385 5791 αὐτοῦ
1414 5738 1512 5811 τὴν
1539 5736 1626 5791 σύ-

140 5925 176 5958 ”
206 5926 333 5986 Luc.
371 5945 539 5992 xxw,
581 5930 694 5985 I-O.

322 6024 613 6089 PATROL.
654 6023 771 6087 Gn.
804 6023 1038 6086 XXIII.

2086 3334 2087 3337 γ
2132 3261 2463 3320 PSALMUS
2500 3261 2709 3317 oavm
2748 3260 2890 3316 xxn.

1790 3401 1910 3475 Ipsa
1939 3399 2134 3472 psalmi
2172 3397 2459 3468 inscriptio
2490 3403 2662 3453 totum
2691 3387 3024 3464 rerum'quaa
3053 3397 3121 3449 de
3155 3412 3291 3450 tem-

1720 3512 1852 3568 pore
1875 3491 2292 3550 resurrectionis
2323 3488 2626 3555 Salvatoris
2656 3486 2833 3542 nostri
2868 3501 2933 3543 ex
2968 3486 3202 3542 mortuis
3228 3484 3291 3541 in

1718 3604 1785 3643 eo
1814 3574 2064 3642 feruntur
2091 3587 2471 3654 argumentum
2506 3577 2746 3651 praefert.
2772 3577 2955 3642 Quare
2983 3578 3063 3633 sic
3094 3576 3291 3635 titulus

1718 3679 1885 3735 habet
1924 3696 1939 3733 :
1976 3676 2053 3731 De
2083 3673 2410 3743 susceptione
2443 3670 2726 3725 matutina.
2758 3668 2949 3735 Qualia
2988 3676 3170 3725 autem
3200 3668 3291 3723 illa

1720 3767 1927 3826 fuerint
1963 3781 2083 3837 quae
2123 3764 2190 3819 ad
2234 3761 2637 3835 susceptionem
2681 3760 3005 3815 matutinum
3054 3759 3293 3831 pertine-

1720 3865 1870 3926 ban',
1904 3874 2122 3917 rursum
2156 3843 2398 3926 aperient
2424 3853 2769 3925 evangelista:
2793 3871 2813 3932 z'
2830 3853 2910 3909 sic
2940 3855 3085 3908 enim
3116 3851 3295 3908 Lucas

1719 3950 1883 4012 habet
1917 3973 1928 4007 :
1958 3934 2283 4016 Unaautem
2315 3946 2537 4003 Sabbati
2569 3945 2739 4001 ualde
2769 3944 3006 3999 diluculo
3046 3954 3292 3999 venerunt

1721 4051 1965 4107 mulieres
2022 4030 2093 4102 ad
2136 4051 2567 4106 monumentum,
2648 4047 2917 4109 portantes
2967 4052 3091 4108 quae»
3133 4053 3292 4107 para--

1723 4151 1902 4201 verant
1956 4147 2200 4196 aromata
2238 4153 2257 4192 :
2300 4145 2351 4191 et
2388 4135 2693 4189 invenerunt
2733 4130 2959 4199 lapidem
3006 4128 3291 4182 revolutum

1722 4248 1758 4292 α
1790 4242 2148 4291 monumento.
2202 4229 2271 4283 Et
2318 4229 2569 4298 ingressa:
2609 4242 2710 4280 non
2742 4224 3061 4289 .in'enerunt
3106 4234 3292 4287 corpus

1723 4331 1937 4387 Domini
1964 4327 2114 4382 Jesu.
2143 4323 2209 4378 Et
2234 4322 2429 4391 factum
2458 4329 2557 4379 est,
2586 4317 2713 4371 dum
2744 4324 2912 4369 mente
2944 4322 3295 4368 consternata:

1723 4431 1892 4479 essent
1924 4420 1988 4473 de
2029 4419 2154 4481 isto,
2188 4429 2301 4469 ecce
2342 4410 2447 4462 duo
2487 4408 2585 4480 viri
2614 4415 2866 4461 steterunt
2904 4418 3051 4459 secus
3087 4402 3211 4457 illas
3241 4404 3291 4455 in

1654 4492 1697 4546 Β
1726 4525 1862 4573 veste
1892 4511 2132 4585 fulgenti,
2159 4508 2247 4578 qui
2285 4511 2335 4557 et
2366 4500 2613 4555 dixerunt
2643 4516 2658 4554 :
2685 4499 2829 4566 Quid
2858 4498 3096 4570 quarritis
3126 4497 3290 4550 viven-

1727 4620 1828 4665 tem
1856 4622 1973 4661 cum
2001 4602 2262 4657 mortuis?
2296 4598 2419 4653 Non
2451 4603 2528 4648 est
2559 4593 2664 4660 hic,
2698 4594 2787 4647 sed
2814 4592 3068 4647 surrexit.
3106 4588 3299 4645 Recor-

1725 4700 1927 4757 damini
1950 4697 2176 4768 qualiter
2207 4696 2414 4748 locutus
2442 4698 2522 4745 est
2553 4689 2719 4755 vobis,
2751 4704 2871 4741 cum
2907 4685 3078 4754 adhuc
3107 4685 3162 4737 in
3200 4680 3303 4737 ϐαι

1727 4795 1871 4850 ίίίιεα
1909 4798 2042 4845 esset
2064 4789 2129 4840 ³⁸.
2169 4785 2344 4840 Simili
2386 4782 2547 4837 modo
2575 4782 2665 4836 alii
2705 4795 2925 4850 quoque
2949 4776 3296 4847 evangelista

1728 4886 2044 4954 loquuntur.
2102 4875 2293 4931 Viden‘
2360 4872 2639 4945 quomodo
2701 4870 2968 4926 matutina
3021 4868 3289 4935 susceptit'

1726 4987 1965 5045 tempore
2016 4968 2439 5026 resurrectionis
2492 4965 2789 5021 Salvatoris
2842 4961 3015 5017 nostri
3068 4960 3279 5029 implete

1729 5066 1925 5127 fuerit?
1966 5064 2148 5131 Quare
2184 5070 2354 5118 totam
2384 5060 2743 5118 mconomiam
2779 5054 3052 5130 passionis
3093 5050 3268 5106 Salva-

1729 5162 1861 5219 toris
1907 5160 2105 5223 nostri,
2159 5156 2551 5216 resurrectioni
2596 5154 2717 5224 ejus
2772 5150 3009 5223 Spiritus
3062 5151 3255 5202 sanetu

1728 5256 1966 5319 ascribit,
2011 5261 2177 5323 atque
2217 5252 2286 5307 ad
2326 5252 2507 5323 ipsum
2551 5248 2711 5303 ﬁnem
2753 5241 3091 5317 prophetiam
3130 5236 3261 5293 refe:

1724 5370 1820 5426 per
1847 5347 2258 5418 inscriptionem
2291 5360 2458 5417 supra
2493 5343 2743 5397 allatam:
2778 5336 2845 5391 In
2873 5336 3025 5405 finem
3057 5346 3154 5402 pro
3179 5347 3267 5385 sus

1727 5445 1957 5516 captione
2025 5441 2289 5495 matutina
2325 5428 2562 5509 psalmus
2596 5430 2784 5489 David.
2825 5427 2891 5482 Et
2923 5440 3050 5497 qua,
3090 5439 3274 5495 quaeso

1725 5541 1935 5599 ratione
1958 5534 2242 5608 prophetia
2268 5530 2578 5588 Servatoris
2605 5525 2779 5584 nostri
2813 5519 3268 5578 resurrectionem

1726 5633 1909 5691 itidem
1934 5628 2191 5686 Ecclesiae
2212 5626 2385 5698 ipsius
2406 5622 2873 5681 constitutionem,
2896 5614 3143 5671 omnium
3169 5627 3278 5683 gen

1725 5728 1859 5781 tium
1894 5721 2259 5791 vocationem,
2302 5711 2673 5789 generationis
2718 5716 2965 5767 ventura;
3015 5720 3079 5762 ac
3128 5702 3276 5787 lutur
