3960 6342
774 457 875 511 ρος,
1490 445 1751 503 susuen
1789 440 2260 499 mssmexsns
2295 438 2445 495 ore.
2487 437 2664 494 psus
2701 436 2786 492 Ill.
2812 469 2882 481 _
2918 435 3321 492 exessum.

776 566 959 639 populi
1017 562 1412 635 pnescicntiam
1473 560 1859 631 complectens,
1920 573 2029 611 non
2088 557 2329 626 psalmus

2368 558 2402 613 Α
2434 570 2619 608 στασιν
2644 593 2658 617 ,
2696 551 2789 605 καὶ
2826 550 2933 603 τῶν
2972 548 3139 603 ἐθνῶν
3177 550 3428 603 ἁπάντων
3458 542 3554 618 τήν
3594 545 3784 614 κλῆσιν
3809 546 3883 616 τῆ.

778 655 1136 713 inscribatur‘?
1183 652 1259 708 De
1303 653 1371 707 iis
1412 651 1631 721 quippe,
1676 656 1861 720 utpote
1906 648 1972 701 de
2019 647 2328 718 ingentibus

2429 648 2620 713 γενεᾶς
2674 644 2767 698 καὶ
2811 642 2909 709 ,τοῦ
2943 641 3337 720 τεχθησομένου
3365 639 3494 693 λαοῦ
3523 639 3620 711 τὴν
3650 640 3884 713 πρόγνωι

777 742 1225 815 Ιιοηίε,οεευᾶεηε
1252 742 1486 813 Spiritus
1513 748 1734 795 sanctus
1764 738 2117 809 psalmodiam
2142 751 2330 807 aggre-

774 840 937 891 ditur.

842 926 1067 984 V3333.
1086 926 1226 980 Deus
1254 925 1386 979 Deus
1418 940 1581 985 meus,
1610 923 1802 984 respice
1826 924 1879 976 in
1909 938 1987 976 me
2012 937 2030 973 :
2066 936 2224 991 quare
2254 936 2331 973 me

773 1019 1140 1088 dereliquisti?
1182 1018 1328 1086 longe
1370 1034 1403 1070 a
1442 1017 1611 1070 salute
1660 1000 1777 1070 mea
1819 1014 1970 1069 verba
2022 1012 2331 1067 delictorum

779 1105 1029 1165 meorum.
1070 1110 1206 1164 Cum
1236 1109 1291 1163 in
1325 1106 1591 1163 Hebraico
1610 1107 1915 1175 exemplari
1951 1106 2105 1168 illud,
2137 1105 2331 1174 respice

776 1204 830 1254 in
868 1216 967 1263 me,
1003 1214 1112 1253 non
1162 1206 1476 1267 compareat
1543 1197 1637 1253 sed
1695 1196 1749 1249 in
1797 1196 1928 1250 solis
1971 1179 2331 1265 'Septuaginta

774 1289 1167 1359 lnterpretibus
1212 1288 1388 1357 primo
1414 1287 1594 1341 versui
1618 1287 1918 1351 inseratur;
1941 1284 2063 1354 jure
2085 1298 2116 1337 a
2145 1283 2331 1337 Salva-

776 1391 893 1437 tore
919 1387 1112 1436 nostro
1140 1379 1255 1434 haec
1283 1376 1614 1433 vociferante
1640 1377 2061 1445 praetermissum
2087 1382 2189 1431 est.

844 1558 922 1613 Ac
965 1558 1119 1623 mihi,
1168 1572 1373 1627 quaeso,
1423 1556 1726 1626 perpendas
1770 1568 1877 1625 quo
1925 1562 2084 1624 pacto
2139 1550 2332 1621 reliqui

768 1647 1320 1717 omnes-interpretes
1352 1645 1663 1702 delictorum
1687 1659 1791 1699 non
1820 1640 2164 1699 meminerint
2191 1658 2202 1694 :
2235 1656 2332 1694 ne-

776 1756 881 1810 que
919 1742 1062 1795 enim
1106 1744 1535 1795 consentaneum
1583 1746 1704 1793 erat
1743 1734 1989 1806 personae
2037 1731 2334 1787 Salvatoris

773 1833 948 1888 nostri
982 1832 1177 1887 delicta
1206 1831 1500 1893 ascribere,
1527 1830 1615 1899 qui
1638 1835 1907 1896 peccatum
1937 1843 2041 1880 non
2069 1825 2212 1894 fecit,
2244 1840 2335 1879 nec

777 1926 1012 1981 inventus
1047 1933 1125 1977 est
1155 1923 1309 1977 dolus
1343 1926 1394 1974 in
1435 1936 1522 1975 ore
1558 1921 1671 1988 ejus
1694 1917 1761 1971 ".
1801 1918 1852 1973 Is
1892 1932 2023 1973 vero
2052 1932 2153 1987 pro
2195 1917 2265 1972 iis
2304 1931 2334 1971 e

775 2016 977 2088 p0pulo
1020 2016 1112 2084 qui
1154 2014 1413 2083 lacrymis
1463 2026 1527 2066 ac
1576 2010 1703 2065 lletn
1752 2009 1915 2080 digna
1957 2009 2334 2074 admittebant,

776 2121 875 2176 pro
896 2105 1142 2176 apostolo
1165 2118 1264 2159 suo
1296 2102 1458 2166 Iuda,
1495 2103 1648 2173 lapso
1674 2111 1728 2157 et
1768 2116 1799 2154 a
1830 2099 2048 2171 propria
2078 2097 2337 2169 dignitate

776 2198 1023 2269 depulso,
1073 2198 1262 2267 lugens
1304 2196 1417 2250 hac
1456 2194 1675 2250 assidue
1721 2192 1989 2248 clamabat
2029 2210 2041 2245 :
2091 2188 2263 2259 Longe
2302 2205 2336 2242 a

775 2289 951 2344 satute
980 2305 1093 2342 mea
1123 2287 1277 2342 verba
1309 2288 1594 2356 gemituum
1628 2299 1879 2339 meorum.
1908 2278 2106 2343 Voces,
2136 2280 2332 2350 inquit,

778 2388 833 2436 et
861 2379 1020 2436 verba
1056 2394 1236 2435 rerum
1271 2392 1302 2430 a
1333 2391 1418 2431 me
1448 2390 1661 2445 semper
1685 2388 1786 2444 pro
1814 2372 2011 2444 populo
2039 2380 2332 2443 gestarum,

776 2486 807 2526 a
838 2471 1011 2528 salute
1042 2484 1161 2524 mea
1187 2469 1344 2539 longe
1358 2472 1573 2523 'rcmota
1596 2474 1745 2531 sunt,
1774 2480 1898 2521 cum
1929 2464 2065 2519 nihil
2090 2463 2336 2533 utilitatis

777 2562 977 2633 populo
1009 2560 1303 2615 accesserit
1349 2575 1416 2613 ex
1452 2573 1517 2614 ea
1550 2573 1709 2628 quam
1753 2558 1886 2627 ipsis
1924 2556 2210 2627 procuravi
2243 2570 2333 2611 sa-

776 2654 908 2708 lute.
942 2652 1008 2706 At
1039 2668 1106 2708 ne
1129 2651 1408 2707 videamur
1437 2667 1504 2706 ex
1532 2651 1751 2706 curiosa
1783 2650 1961 2719 aliqua
1994 2648 2335 2718 indagatione

754 2724 1015 2817 'reliquos
1061 2746 1388 2816 interpretes
1438 2746 1633 2809 secuti,
1685 2759 1780 2799 eos
1824 2743 1916 2814 qui
1966 2741 2072 2812 alia
2125 2739 2335 2796 ratione

776 2837 1045 2908 psalmum
1076 2836 1501 2905 interpretantur
1525 2848 1841 2905 coarguere,
1875 2831 2227 2904 Septuaginta
2253 2830 2336 2885 vi-

776 2926 964 2983 rorum
994 2928 1468 2998 interpretatione
1517 2934 1754 2980 utemur.
1803 2922 1939 2978 Nam
1991 2924 2070 2977 illi
2118 2936 2335 2995 quoque

778 3019 1258 3076 hanc'lectionem
1306 3018 1666 3072 observantes
1715 3022 1769 3069 et
1820 3014 2333 3081 anim'advertentes,

776 3114 923 3168 hunc
972 3110 1241 3181 psalmum
1286 3107 1507 3163 Christo
1553 3121 1662 3161 non
1715 3120 2015 3176 congruere
2065 3103 2333 3162 dixerunt.

773 3202 1011 3256 Audiant
1039 3191 1220 3269 itaque
1244 3196 1504 3253 Joannem
1531 3195 1609 3250 sic
1628 3194 1955 3249 clamantem
1975 3214 1989 3249 :
2007 3191 2141 3248 Ecce
2157 3193 2336 3266 Agnus
2365 3224 2407 3281 ε

780 3291 892 3356 Dei,
914 3293 1002 3362 qui
1019 3291 1155 3344 toltit
1177 3299 1445 3360 peccatum
1475 3285 1727 3352 mundi‘;
1760 3295 1813 3341 et
1845 3284 2086 3341 divinum
2112 3283 2338 3339 Paulum

775 3385 850 3438 ita
882 3384 1187 3455 loquentem
1217 3382 1355 3448 :Qui
1379 3388 1647 3449 peccatum
1682 3395 1783 3433 non
1813 3385 2044 3442 nouerat,
2073 3392 2167 3446 pro
2192 3376 2339 3431 nobis

774 3485 1040 3546 peccatum
1066 3474 1208 3543 fecit,
1229 3483 1285 3527 ut
1303 3462 1950 3543 uase/ﬁceremurjustitia
1970 3470 2065 3526 Dei
2084 3472 2136 3526 in
2158 3471 2336 3541 ipso’;

773 3574 827 3622 et
846 3582 1103 3623 rursum:
1132 3564 1377 3621 Christus
1411 3581 1505 3619 nos
1538 3563 1754 3619 redemit
1785 3562 1849 3619 de
1879 3564 2157 3627 maledicto
2189 3565 2335 3635 legis,

774 3659 950 3728 {actus
980 3673 1075 3727 pro
1103 3657 1251 3712 nobis
1276 3655 1668 3710 maledictum'.
1695 3653 1864 3725 Igitur
1881 3640 2336 3725 quemadmodum

775 3753 900 3807 fons
927 3751 1157 3821 justitiae
1184 3765 1308 3806 cum
1333 3748 1425 3815 sit,
1456 3757 1680 3821 peccata
1709 3750 1827 3819 ipse
1856 3755 2042 3803 nostra
2066 3747 2334 3818 suscepit;

773 3851 830 3901 et
854 3859 979 3898 cum
1017 3844 1088 3899 sit
1120 3843 1516 3899 benedictionis
1541 3844 1784 3914 pelagus,
1813 3842 2153 3912 ingruentem
2178 3841 2336 3896 nobis

774 3935 1212 3992 maledictionem
1239 3935 1471 4003 accepit,
1494 3943 1654 4003 atque
1681 3934 2008 4004 contemptis
2029 3928 2336 4004 opprobriis

773 4041 995 4084 crucem
1026 4023 1323 4080 sustinuit:
1358 4023 1439 4077 sic
1472 4037 1570 4092 pro
1596 4022 1753 4077 nobis
1783 4023 2047 4078 rationem
2076 4022 2333 4079 reddidit.

777 4117 834 4175 Si
888 4118 1032 4173 enim
1077 4124 1336 4171 statutam
1391 4100 1919 4181 nobis'disciplinam
1977 4096 2170 4185 lubens
2223 4113 2338 4183 ipse

775 4211 980 4275 subiit;
1026 4221 1155 4263 nam
1189 4205 1479 4273 disciplina
1518 4204 1664 4273 pacis
1707 4212 1899 4257 nostris
1929 4219 2082 4273 super
2112 4221 2250 4271 eum,
2280 4214 2339 4261 ut

775 4303 850 4357 ait
876 4299 1177 4373 propheta‘
1206 4318 1219 4353 :
1253 4298 1424 4352 multo
1464 4295 1639 4366 magis
1689 4295 1930 4352 rationes
1974 4284 2089 4366 i‘pse
2120 4305 2336 4353 nostras

774 4408 873 4462 pro
904 4392 1066 4447 nobis
1092 4388 1298 4454 retulit,
1327 4395 1489 4457 atque
1521 4386 1740 4439 clamat:
1778 4382 2004 4455 Longea
2033 4384 2203 4438 salute
2224 4401 2337 4439 mea

774 4486 1005 4539 rationes
1052 4483 1362 4536 delictorum
1418 4492 1673 4533 meorum.
1722 4473 1820 4539 Ne,
1877 4476 2071 4547 inquit,
2103 4483 2338 4559 natura:

775 4585 1000 4648 peceata
1035 4575 1315 4644 respicias.

2443 737 2564 791 Ἐπὶ
2609 736 2815 798 τούτοις
2859 733 2967 805 γὰρ
2999 734 3073 796 ὼς
3106 732 3196 785 ἐπὶ
3231 731 3481 803 μεγάλοις
3513 729 3737 799 ἀγαθοῖς
3773 748 3884 799 συγ;

2434 846 2523 900 ρον
2550 828 2610 881 τὸ
2640 826 2861 897 Πνεῦμα
2890 826 2950 878 τὸ
2982 824 3134 894 ἀγιον
3162 824 3258 896 τὴν
3291 822 3607 894 ψαλμῳδίαν
3637 826 3883 876 ποιεῖται.

2513 919 2574 972 '0
2600 917 2740 983 Θεὸς
2760 921 2791 971 ό
2821 918 2961 982 Θεός
2972 934 3110 985 μου,
3139 917 3400 985 πρόσχες
3426 932 3559 985 μοι·
3583 917 3683 969 ἵνα
3720 916 3781 968 τι
3829 916 3883 985 ἐγ

2431 1010 2667 1075 τέλιπὲς
2685 1026 2794 1078 με;
2816 1006 3056 1077 μακρὰν
3085 1007 3200 1061 ἀπὸ
3228 1005 3337 1074 τῆς
3359 1008 3652 1075 σωτηρίας
3671 1024 3795 1076 μου
3821 1010 3873 1060 οἱ

2431 1122 2520 1173 τοι
2552 1102 2670 1155 τῶν
2705 1099 3185 1169 παραπτωμάτων
3217 1116 3353 1167 μου.
3424 1099 3512 1169 Μὴ
3547 1098 3883 1169 προκειμένολ

2430 1196 2487 1246 ἐν
2514 1193 2591 1265 τῷ
2626 1190 2894 1262 Ἐὅραῖκῷ
2916 1189 3032 1258 τοῦ,
3048 1190 3311 1257 πρόσχες
3331 1205 3432 1258 μοι
3451 1228 3465 1251 ,
3493 1187 3521 1241 ὃ
3546 1187 3608 1259 δὴ
3638 1187 3784 1241 κατὰ
3811 1189 3883 1257 μόε

2429 1284 2553 1345 τοὺς
2611 1281 3007 1350 Ἐϐδομήκοντα
3060 1278 3379 1349 προσέκειτο
3422 1276 3498 1347 τῷ
3553 1277 3755 1348 πρώτῳ
3812 1284 3883 1329 στι

2430 1372 2669 1443 ἀκριϐῶς
2701 1371 2794 1423 καὶ
2829 1371 2930 1423 ὑπὸ
2961 1371 3057 1440 τῆς
3097 1370 3277 1441 φωνῆς
3302 1366 3394 1421 τοῦ
3425 1368 3675 1439 Σωτῆρος
3705 1368 3865 1438 ἡμῶν

2433 1464 2793 1535 ραλέλειπται.

2476 1553 2611 1608 ιΚαὶ
2641 1554 2737 1608 θέα
2770 1556 2889 1608 τίνα
2914 1542 3112 1625 τρόπον
3139 1553 3196 1605 ἐν
3230 1554 3360 1607 πᾶσι
3386 1552 3593 1616 τούτοις
3623 1551 3863 1623 οὐδαμοῦ

2426 1644 2828 1714 ραπτωμάτων
2879 1644 3288 1716 ἐμνημόνευσαν
3340 1645 3389 1697 οἱ
3421 1644 3601 1697 λοιποὶ
3632 1644 3884 1716 ἐρμηνευ·

2436 1737 2558 1789 οὐδέ
2590 1738 2696 1809 γὰρ
2733 1735 2941 1808 ἥρμοζε
2979 1735 3393 1807 παραπτώματα
3442 1736 3772 1808 ἐφαρμόζειν
3803 1736 3878 1807 τῷ

2436 1828 2683 1900 Σωτῆρος
2706 1833 2737 1899 ἡ
2748 1828 2862 1899 μῶν
2896 1828 3201 1901 προσώπῳ,
3236 1828 3628 1899 δςόιωρτίαν
3655 1832 3771 1885 οὐκ
3802 1830 3883 1883 ἐκ

2435 1936 2563 1987 σεν,
2581 1919 2721 1974 οὐδὲ
2737 1918 2946 1988 εὑρέθη
2964 1918 3144 1985 δόλος
3158 1918 3227 1972 ἐν
3240 1918 3319 1983 τῷ
3334 1920 3581 1988 στόματι
3596 1922 3672 1973 αὐ
3679 1919 3806 1974 τοῦ.
3838 1920 3883 1972 ’ἴ

2434 2007 2489 2062 δὲ
2529 2009 2638 2063 τῶν
2676 2009 2967 2080 κλαυθμῶν
3002 2009 3112 2063 καὶ
3150 2009 3361 2082 θρήνων
3398 2008 3524 2075 ἀξια
3564 2011 3879 2081 πραττόντω

2434 2100 2511 2172 τῷ
2536 2100 2648 2173 λαῷ
2671 2141 2685 2165 ,
2751 2103 2889 2172 ὑπὲρ
2919 2102 2974 2155 δὲ
2999 2100 3092 2155 τοῦ
3122 2100 3420 2155 ἀποστόλου
3452 2099 3614 2153 αὐτοῦ
3661 2101 3866 2165 Ἰούδα,

2436 2194 2871 2267 ὲξολισθήσαντος
2912 2193 3005 2247 καὶ
3036 2194 3135 2265 τῆς
3182 2193 3389 2257 οἰκείας
3433 2192 3588 2257 ἀξίας
3615 2193 3884 2247 ἀποπεσόι

2435 2286 2752 2358 ὀδυρόμενος
2778 2285 3000 2339 διετέλει
3039 2285 3175 2356 βοῶν
3195 2302 3208 2315 ·
3243 2284 3494 2353 Μακρὸν
3522 2283 3641 2339 ἀπὸ
3674 2283 3787 2353 τῆς
3816 2302 3883 2339 σο

2428 2380 2565 2447 ρίας
2588 2396 2707 2447 μου
2730 2381 2784 2434 οὶ
2808 2364 2974 2447 λόγιοι
2999 2378 3118 2432 τῶν
3145 2376 3418 2447 ὀδυρμῶν
3440 2394 3577 2446 μου.
3609 2377 3676 2431 Οί
3703 2376 3815 2447 γὰρ
3839 2377 3884 2429 λε

2437 2470 2598 2541 φησι,
2634 2470 2741 2523 τῶν
2773 2469 2919 2541 ἐμῶν
2942 2510 2957 2536 ,
2991 2468 3098 2523 τῶν
3134 2469 3272 2541 ὑπὲρ
3303 2468 3396 2522 τοῦ
3430 2468 3560 2523 λαοῦ
3594 2470 3829 2523 πάντοτε
3861 2488 3883 2538 γ

2440 2564 2612 2634 μένων
2637 2602 2652 2627 ,
2682 2562 2779 2634 τῆς
2801 2563 2938 2634 ἐμῆς
2963 2562 3232 2633 σωτηρίας
3250 2560 3479 2633 μακρὰν
3507 2562 3797 2631 γεγόνασιν
3818 2601 3831 2626 ,
3860 2579 3883 2615 ο

2433 2654 2802 2726 ὼφεληθέντος
2833 2654 2925 2708 τοῦ
2958 2652 3087 2707 λαοῦ
3121 2654 3227 2707 ἀπὸ
3269 2652 3367 2724 τῆς
3404 2652 3462 2718 ἐξ
3496 2652 3630 2724 ἐμοῦ
3661 2653 3884 2724 προξεντ

2438 2761 2535 2815 σης
2558 2746 2738 2809 αὐτοῖς
2758 2744 3046 2815 σωτηρίας.
3081 2744 3193 2797 Ἵνα
3213 2743 3271 2797 δὲ
3305 2743 3378 2814 μὴ
3405 2743 3665 2814 δόξωμεν,
3697 2748 3811 2807 τοῖς
3834 2744 3884 2797 ἀ)

2435 2838 2794 2910 έρμηνευταῖς
2820 2836 3050 2890 ἐνταῦθα
3082 2836 3405 2908 κεχρημένοι
3439 2838 3503 2890 ἐκ
3529 2838 3811 2910 περινοίας
3835 2878 3848 2903 ,

2434 2928 2634 3000 ἐτέρως
2662 2928 2752 2981 τὸν
2779 2927 2991 2999 ψαλμὸν
3022 2928 3434 2999 ὴρμηνευκότας
3482 2928 3725 3000 ἐλέγχειν
3746 2969 3761 2993 ,
3813 2931 3874 2998 τῇ

2450 3018 2846 3088 Ἐϐδομήκοντα
2875 3019 3139 3090 ἑρμηνείᾳ
3166 3018 3510 3088 χρησόμεθα·
3567 3020 3744 3090 ταύτῃ
3771 3020 3876 3089 γὰρ

2436 3112 2603 3164 κεῖνοι
2635 3110 2860 3181 τηρήσει
2888 3108 3340 3179 προσεσχηκότες,
3358 3108 3458 3161 οὐκ
3485 3108 3696 3178 ἔφασαν
3725 3110 3884 3181 ἀρμόπ

2437 3200 2528 3253 τὸν
2558 3199 2768 3270 ψαλμὸν
2788 3198 2863 3270 τῷ
2878 3200 3083 3270 Κυρίῳ.
3116 3198 3531 3253 Ἀκουσάτωσαν
3558 3201 3744 3254 τοίνυν
3767 3201 3882 3253 Ἶωά

2444 3291 2668 3363 βοιῖιντος
2688 3308 2699 3321 ·
2729 3291 2849 3344 Ἴδε
2868 3282 2899 3344 ό
2917 3289 3104 3360 ἀμνὸς
3116 3290 3219 3344 τοῦ
3248 3290 3394 3345 Θεοῦ
3413 3330 3427 3354 ,
3447 3294 3479 3345 ό
3496 3292 3682 3360 αἴρων
3702 3293 3815 3361 τὴν
3833 3293 3882 3361 ἀλ

2438 3384 2572 3437 τίαν
2592 3382 2696 3437 τοῦ
2711 3384 2942 3451 κόσμου
2963 3400 2976 3413 ·
2998 3381 3090 3435 τοῦ
3114 3381 3169 3434 δὲ
3191 3381 3472 3436 θεσπεσίου
3497 3384 3712 3452 Παύλου
3732 3385 3882 3453 λέγον

2444 3478 2553 3553 Τὸν
2575 3476 2661 3547 μὴ
2695 3479 2912 3547 γνόντα
2948 3478 3270 3547 ἁμαρτίαν,
3324 3477 3473 3547 ὑπὲρ
3514 3478 3683 3548 ἡμῶν
3721 3480 3882 3547 ἁμαρ

2434 3562 2742 3637 ἐποίησεν,
2760 3570 2860 3623 ἵνα
2887 3569 3054 3638 ἡμεῖς
3075 3568 3369 3640 γενώμεθα
3391 3570 3538 3625 Θεοῦ
3562 3570 3879 3625 δικαιοσύν

2436 3659 2622 3725 αὐτῷ’
2655 3662 2745 3714 καὶ
2776 3661 2937 3714 πάλιν
2955 3678 2967 3691 ·
3010 3653 3260 3729 Χριστὸς
3288 3662 3444 3730 ἡμᾶς
3470 3661 3778 3732 ἠγόρασεν
3806 3662 3871 3715 ἐκ

2438 3751 2697 3820 κατάρας
2726 3751 2830 3806 τοῦ
2853 3753 3058 3820 νόμου,
3078 3754 3393 3822 γενόμενος
3410 3752 3560 3820 ὑπὲρ
3578 3754 3751 3822 ήμῶν
3769 3770 3880 3806 κατι

2445 3842 2743 3915 Τοιγαροῦν
2795 3842 2982 3915 ὥσπερ
3014 3842 3352 3922 δικαιοσύνης
3384 3843 3643 3915 ὑπάρχων
3698 3844 3872 3914 πηγὴν

2445 3935 2717 4007 ἡμετέραν
2750 3935 3020 4005 ἁμαρτίαν
3049 3934 3306 3998 ἀνέλαϐε,
3351 3936 3445 3988 καὶ
3468 3935 3718 4003 εὐλογίας
3742 3934 3817 3989 ὣν
3844 3953 3878 3987 π

2436 4043 2531 4094 γος
2561 4066 2575 4089 ,
2630 4026 2727 4096 τὴν
2762 4026 3110 4096 ἐπικειμένην
3149 4028 3281 4097 ἡμῖν
3319 4025 3532 4093 ἐδέξατο
3569 4028 3816 4097 κατάραν
3842 4067 3857 4093 ,

2438 4119 2667 4189 σταυρὸν
2685 4119 2970 4190 ὑπέμεινεν
2997 4118 3254 4191 αἰσχύνης
3282 4121 3698 4192 καταφρονήσας
3715 4138 3728 4151 ⁸
3753 4121 3878 4173 οὕτω

2438 4209 2562 4272 τοὺς
2593 4210 2733 4279 ὑπὲρ
2759 4209 2912 4280 ἡμῶν
2946 4212 3233 4283 ἐποιήσατο
3264 4212 3470 4282 λόγους.
3503 4214 3565 4267 Ei
3594 4213 3705 4286 γὰρ
3727 4214 3823 4284 τὴν
3876 4240 3877 4255 ι

2439 4301 2643 4373 σμένην
2683 4304 2818 4374 ἡμῖν
2866 4303 3109 4357 παιδείαν
3143 4304 3379 4375 ὑπῆλθεν
3423 4305 3563 4359 ἑκὼν
3586 4344 3601 4369 ,
3628 4304 3863 4361 παιδεία

2434 4393 2678 4463 ερρήνης
2702 4393 2870 4464 ἡμῶν
2893 4396 2984 4449 ἐπ’
3004 4396 3209 4461 αὐτὸν,
3298 4398 3460 4469 φησὶν
3487 4400 3515 4451 ὁ
3542 4400 3853 4471 προφήτης·

2436 4483 2732 4556 λῷμᾶλλον
2750 4489 2859 4552 τοῖς
2873 4488 3012 4559 ὑπὲρ
3034 4488 3190 4559 ἡμῶν
3215 4487 3328 4541 ἀνθ’
3348 4491 3381 4559 η
3392 4488 3505 4559 μῶν
3525 4491 3794 4561 ἐχρήσατο
3812 4488 3876 4540 λὸ⁸

2368 4559 2411 4613 Ῑ)
2440 4578 2533 4631 καὶ
2566 4578 2683 4651 βοᾷ⁴
2734 4581 2979 4649 Μακρὰν
3005 4580 3120 4634 ἀπὸ
3152 4578 3257 4646 τῆς
3294 4559 3601 4649 σωτηρίας(
3766 4584 3816 4634 οι
3839 4583 3875 4633 .2

772 4668 893 4725 τῶν
915 4667 1397 4738 παραπτωμάτων
1416 4684 1553 4735 μου.
1583 4664 1675 4736 Μὴ
1695 4663 2028 4738 ἀποϐλέψεις,
2058 4667 2238 4737 φησὶν,
2261 4668 2362 4735 είς,
2385 4669 2454 4725 τὰ
2480 4674 2577 4745 τῆς
2608 4676 2821 4742 φύσεως
2858 4670 3321 4747 πλημμελήματα.

844 4764 1009 4821 Vens.
1045 4766 1097 4819 3.
1134 4762 1274 4819 Deus
1315 4778 1482 4826 meus,-
1523 4760 1762 4814 clamabo
1803 4760 1870 4814 ad
1905 4770 1951 4815 te
1978 4778 2069 4831 per
2099 4762 2257 4826 diem,
2288 4773 2338 4816 et

776 4876 881 4915 non
904 4856 1186 4921 exaudies;
1222 4864 1270 4909 et
1301 4864 1473 4916 nocte,
1506 4863 1555 4906 et
1586 4869 1689 4906 non
1712 4852 1779 4905 ad
1805 4848 2159 4923 insipientiam
2190 4854 2337 4909 mihi.

767 4952 903 5007 Haec
932 4950 999 5005 dc
1024 4949 1183 5004 nobis
1207 4947 1488 5018 confessus
1513 4943 1781 5009 Salvator,
1810 4945 1883 4998 ait
1918 4966 1929 5000 :
1961 4944 2050 5000 Sic
2073 4946 2342 5015 clamante

779 5056 887 5104 me,
912 5040 1290 5095 exauditurum
1320 5046 1373 5093 te
1402 5038 1527 5093 novi
1562 5054 1575 5090 :
1608 5050 1731 5090 nam
1759 5050 1884 5116 cum
1909 5037 2341 5108 interpunctione

765 5132 1084 5204 'legendum.
1110 5129 1176 5183 Et
1199 5138 1356 5185 nocte
1381 5144 1598 5201 quoque
1629 5127 1897 5191 clamabo,
1922 5144 2097 5199 neque
2127 5128 2178 5183 id
2207 5128 2338 5183 mihi

776 5226 845 5281 ad
893 5222 1264 5293 insipientiam
1318 5228 1632 5291 reputetur;
1678 5219 2116 5290 quandoquidem
2159 5221 2338 5277 tristia

777 5317 984 5370 circum
1018 5329 1105 5368 me
1138 5312 1315 5384 posita
1353 5320 1499 5367 sunt.
1538 5312 1689 5367 Multi
1726 5328 1858 5368 sane
1885 5314 1939 5367 in
1966 5314 2221 5384 perplexo
2251 5329 2340 5367 re-

775 5422 898 5460 rum
924 5414 1070 5462 statu
1106 5406 1335 5476 caligine
1374 5404 1756 5467 obvolvuntur,
1792 5411 1852 5458 ut
1877 5405 2037 5458 etiam
2070 5405 2199 5474 quid
2230 5404 2341 5459 cla-

779 5489 949 5554 manti
982 5498 1287 5562 dicendum
1330 5496 1441 5553 Deo
1487 5500 1557 5554 sit
1606 5499 1899 5570 ignorent:
1932 5511 1996 5551 ac
2036 5513 2135 5569 ego
2175 5497 2342 5568 probe

776 5591 905 5645 novi
946 5606 1053 5660 qua
1096 5591 1163 5645 de
1213 5605 1379 5646 causa
1421 5597 1701 5645 nocturnae
1746 5589 1849 5643 illae
1882 5589 2219 5646 calamitates
2254 5605 2339 5643 me

778 5684 1233 5740 circumveniant.

2519 4770 2581 4823 Ὀ
2604 4772 2745 4843 Θεός
2775 4789 2913 4842 μου,
2948 4770 3305 4839 κεκράξομαι
3340 4768 3562 4845 ἡμέρας
3592 4768 3742 4837 πρὸς
3777 4768 3865 4832 σὲ,

2442 4863 2551 4915 οὐκ
2581 4864 2914 4931 είσακούσῃ
2934 4880 2947 4892 ·
3000 4862 3099 4916 καί
3137 4860 3357 4926 νυκτὸς
3376 4900 3391 4925 ,
3426 4860 3520 4913 καὶ
3550 4862 3663 4914 οὐκ
3694 4863 3778 4926 εις
3802 4859 3873 4912 ἄν

2436 4954 2586 5023 ἐμοί.
2622 4956 2804 5009 Ταῦτα
2826 4955 2880 5007 δὲ
2906 4956 3034 5026 περὶ
3058 4952 3212 5025 ἡμῶν
3238 4952 3743 5024 ἐξομολογούμενος,
3767 4954 3792 5005 ὁ
3818 4953 3874 5005 Σο

2438 5046 2615 5114 λέγει·
2672 5045 2827 5100 Οὕτω
2854 5046 2909 5098 δέ
2942 5063 3041 5115 μου
3073 5044 3303 5115 βοῶντος
3323 5083 3338 5108 ,
3383 5039 3528 5112 οῖδα,
3564 5045 3649 5097 ὅτι
3681 5046 3874 5098 εἰσακοι

2444 5137 2562 5208 μεθ’
2597 5138 2937 5209 ὑποστιγμῆς
2976 5138 3081 5207 γὰρ
3118 5136 3509 5215 ἀναγνωστέον.
3577 5138 3689 5192 Καὶ
3725 5137 3874 5193 νυκτὸ

2442 5230 2809 5301 κεκράξομαι,
2864 5231 2961 5283 οὐκ
3011 5228 3195 5291 ἀνοίας
3249 5244 3337 5298 μοι
3375 5226 3760 5300 λογιζομένης·
3816 5229 3871 5281 ὃτ

2445 5323 2837 5394 περιεστηκότα
2878 5321 2995 5374 ἐστὶ
3040 5320 3353 5392 σκυθρωπά.
3385 5321 3503 5373 Τῶν
3541 5322 3752 5375 πολλῶν
3789 5322 3843 5373 ἐν

2442 5415 2791 5487 περιστάσεσι
2822 5412 3246 5484 σκοτιζομένων,
3278 5412 3353 5476 ὼς
3380 5413 3637 5467 καὶάὐτὸ
3662 5412 3812 5465 τοῦτο
3840 5423 3871 5459 τ

2442 5504 2712 5577 κράζοντα
2751 5505 2884 5576 πρὸς
2916 5504 3046 5557 Θεὸν
3077 5503 3252 5571 λέγειν
3284 5503 3520 5571 ἀγνοεῖν·
3573 5504 3858 5570 ἐπίσταμαι

2443 5595 2553 5664 ἐγὼ
2577 5597 2713 5659 τίνος
2744 5596 2905 5652 ἕνεκα
2934 5594 3055 5666 περὶ
3084 5595 3183 5666 ἐμὲ
3206 5594 3491 5665 νυκτερινὴ
3513 5583 3833 5651 κατάστασίς
3856 5586 3870 5639 ἔ

842 5868 893 5901 θ’
931 5867 946 5921 l
981 5864 1127 5923 Pctr.
1167 5881 1240 5936 tt,
1271 5866 1362 5925 22.
1440 5871 1452 5899 ¹
1494 5867 1651 5924 Joan.
1687 5882 1733 5938 ι,
1768 5867 1856 5925 56.
1934 5870 1953 5901 ²
1995 5867 2037 5924 ll
2070 5866 2192 5925 Cor.
2226 5884 2291 5934 v,
2326 5869 2337 5922 ε

2372 5870 2415 5927 l.
2492 5868 2510 5901 ³
2548 5867 2664 5922 Gal.
2706 5879 2806 5929 Ill,
2848 5862 2935 5919 15.
3011 5860 3031 5896 ⁸
3070 5830 3176 5917 lsa.
3213 5873 3345 5925 un,
3383 5858 3431 5913 5.
