3966 6344
25 465 116 519 205

1123 477 1625 552 COMMENTARIA
1658 480 1726 535 IN
1767 479 2103 538 PSALMOS.

3122 494 3227 548 9.06

82 582 157 636 Σὺ
174 582 241 638 δέ
261 583 334 637 ἐν
352 586 497 656 ἀτῖῳ
518 591 807 658 κατοικεῖς
828 633 842 658 ,
864 595 895 647 ό
914 593 1155 662 ἔπαινος
1175 598 1279 653 τοῦ
1310 600 1563 668 Ἰσραήλ.

1740 601 1901 677 Vens.
1937 605 1990 658 4.
2030 605 2106 658 Tu
2137 615 2307 661 autent
2344 609 2396 663 in
2428 620 2607 664 sancto
2631 611 2860 677 habitas,
2894 615 3010 669 laus
3037 614 3227 671 Israel.

24 677 117 728 Kal.
145 677 248 747 μὴν
282 679 344 730 ὲν
372 681 506 733 πᾶσι
546 684 657 745 τοῖς
684 684 859 752 ἁγίοις
891 703 982 739 σου
1014 688 1239 752 ἐνοικεῖς
1276 692 1362 744 ἀει
1397 691 1569 745 συνὼν

24 768 204 831 αὐτοῖς,
225 769 320 827 καὶ
344 772 572 826 πάντοτε
598 775 774 828 αὐτῶν
792 778 1106 833 είσακούων.
1146 781 1233 833 Ἐν
1252 781 1423 852 τούτῳ
1440 783 1569 853 γοῦν

24 860 103 913 καὶ
129 860 346 926 ἔπαινος
379 864 622 933 γίνεσθαι
660 867 857 931 εἴωθας
891 869 984 923 τοῦ
1034 870 1249 942 Ἰσραὴλ
1269 912 1283 935 ,
1321 875 1569 928 τουτέστι

24 952 201 1016 παντὸς
236 954 417 1023 ἁγίου.
469 958 533 1011 El
565 957 623 1012 δὲ
660 959 718 1012 ὲν
755 963 885 1014 πᾶσι
914 965 1022 1027 τοῖς
1056 964 1228 1033 ἁγίοις
1268 971 1511 1021 κατοικεῖ
1540 970 1569 1022 ὁ

22 1042 137 1106 Θεὸς
161 1043 254 1117 (1),
285 1045 469 1116 πολλῷ
500 1048 697 1117 μᾶλλον
729 1051 785 1103 ὲν
811 1051 887 1120 τῷ
918 1052 1083 1106 αὐτοῦ
1114 1055 1440 1123 Μονογενεῖ,
1473 1058 1567 1111 καὶ

25 1136 254 1203 μειζόνως
292 1138 465 1193 αὐτοῦ
495 1141 883 1198 είσακούσεται.

91 1224 211 1279 Ἐπὶ
249 1226 355 1281 σοί
401 1227 672 1298 ἤλπισαν
703 1235 758 1286 ol
788 1234 1037 1303 πατέρες
1073 1236 1262 1307 ἡμῶν,
1294 1239 1567 1309 ἤλπισαν

20 1316 102 1369 καὶ
129 1317 360 1386 appeal.»
388 1323 627 1388 αὐτούς.
649 1325 802 1392 Πρὸς
824 1326 897 1380 σὲ
923 1326 1270 1396 ἑκέκραξαν,
1297 1330 1393 1384 καὶ
1423 1330 1569 1384 ἐσώ-

20 1413 222 1475 θησαν
252 1410 354 1465 ἐπὶ
384 1413 484 1466 σοὶ
506 1412 795 1481 ἤλπισαν,
820 1418 918 1476 καὶ
940 1420 1013 1472 οὐ
1035 1423 1563 1491 κατῃσχύνθησαν.

18 1497 125 1554 Ὧδε
150 1504 346 1569 καίτοι,
381 1505 564 1577 φησὶν,
600 1502 715 1561 οῖδα
746 1509 930 1577 σαφῶς
959 1510 1034 1574 ὠς
1062 1513 1301 1578 ἅπαντες
1333 1515 1487 1587 ἡμῶν
1519 1518 1566 1569 οἱ

20 1594 246 1666 πατέρος,
277 1599 346 1668 τῇ
378 1600 444 1669 σῇ
478 1597 699 1670 βοηθείᾳ
727 1598 1117 1673 θαρῥήσαντες,
1163 1606 1262 1659 οὐκ
1303 1608 1569 1681 ἐψεύσθη·-

19 1702 100 1738 σσν
136 1686 233 1756 τῆς
277 1686 514 1753 ἐλπίδος,
544 1690 637 1742 καὶ
666 1692 747 1753 είς
778 1693 1099 1766 ἐπικουρίαν
1128 1712 1187 1748 σε
1215 1697 1564 1765 καλέσαντες,

17 1780 98 1841 τῆς
128 1778 220 1849 σῆς
248 1781 511 1850 προνοίας
537 1781 874 1837 ἀπέλαυσαν
916 1785 1055 1854 Ἐγὼ
1084 1786 1151 1841 δέ
1175 1790 1291 1857 εὶμι
1321 1789 1567 1860 σκώληξ

17 1869 98 1921 καί
124 1873 230 1924 οὐκ
253 1870 586 1941 ἅνθρωπος,
609 1875 836 1943 ὄνειδος
859 1877 1167 1947 ἀνθρώπου
1200 1882 1297 1958 καὶ
1324 1882 1564 1959 ἐξουθέέ

16 1977 150 2030 num
176 1963 351 2018 λαοῦ.
384 1964 488 2019 Τδν
522 1966 778 2039 σκώληκα
806 1970 1005 2034 παντὸς
1044 1972 1140 2043 μὲν
1175 1972 1311 2037 ζώου
1354 1976 1564 2029 εὐτελέ-
1595 1968 1657 2039 BV

18 2069 184 2105 στατον
226 2049 368 2109 εἶναι
423 2056 726 2128 ωμὸαίνει,
759 2060 1082 2130 ὑφίστασθαι
1118 2063 1175 2116 δὲ
1206 2064 1311 2118 ἀπὸ
1361 2065 1564 2138 φθορᾶς

16 2145 257 2215 mpiier
278 2163 292 2176 ·
325 2148 682 2217 ἀφανιστικὸν
726 2151 797 2204 δὲμ
824 2147 962 2206 εἶναι
992 2155 1083 2208 καὶ
1114 2154 1408 2228 φθαρτικδν
1434 2154 1493 2212 οὗ
1517 2158 1561 2212 δ’

14 2237 68 2292 ἂν
88 2240 373 2311 ἐφάψηται.
408 2243 695 2314 Μέμνηται
732 2244 789 2298 δὲ
820 2244 1005 2298 τούτου
1048 2246 1272 2312 Ἡσαΐας
1297 2250 1326 2302 ὁ
1350 2251 1562 2322 προφή-

16 2347 95 2405 της
114 2330 280 2401 λέγων
304 2350 319 2364 ·
349 2332 451 2402 Μὴ
478 2336 687 2403 φόϐου,
724 2333 970 2405 σκώληξ
1003 2337 1224 2401 Ἰακὼϐ,
1252 2339 1564 2410 ὀλιγοστὸς

26 2423 265 2492 Ἰσραήλο
295 2425 416 2496 ἐγὼ
441 2426 744 2495 ἐϐοήθησά
764 2438 882 2493 σοι,
916 2431 1081 2497 λέγει
1126 2434 1158 2485 ό
1203 2430 1346 2498 Θεὸς
1391 2435 1425 2487 ὁ
1453 2436 1561 2487 λυ-

16 2518 311 2586 τρούμενός
342 2532 438 2585 σε,
466 2522 500 2573 ὁ
540 2518 705 2590 ἅγιος
741 2519 994 2587 Ἰσραήλ.
1013 2520 1157 2576 Ἰδοὺ
1195 2524 1452 2591 ἐποίησά
1490 2541 1564 2579 σε

15 2608 77 2672 ὡς
103 2610 347 2679 τροχοὺς
373 2610 608 2681 ἀμάξης
659 2609 982 2680 ἀλοῶντας,
1015 2630 1185 2670 καινο
1226 2636 1280 2682 ς,
1314 2630 1561 2686 πριστη-

9 2698 231 2765 ροειδεῐς
249 2716 264 2730 ·
300 2700 404 2755 καὶ
444 2700 730 2770 ἀλοήσεις
763 2702 890 2773 ὅρη,
936 2703 1036 2758 καὶ
1060 2705 1376 2772 λεπτυνεῖς
1414 2706 1563 2771 βου-

16 2790 153 2855 νοὺς,
184 2792 285 2846 καὶ
334 2793 418 2858 ὡς
467 2793 620 2862 χοῦν
672 2792 910 2861 θήσεις-ο
957 2796 1055 2849 καὶ
1096 2796 1430 2866 λικμήσεις,
1464 2797 1561 2851 καὶ

15 2878 203 2947 ἄνεμος
241 2879 506 2951 λήψεται
530 2881 781 2950 αὐτοὺς,
801 2883 900 2938 καί
944 2885 1211 2955 scaturrit;
1255 2885 1562 2956 διασπερεῐ

16 2971 226 3037 αὐτούς.
260 2970 348 3026 Σὺ
383 2970 450 3025 δὲ
488 2971 876 3042 suppari-Man
902 2963 1001 3026 ἐπὶ
1029 2972 1108 3040 τῷ
1135 2973 1347 3042 Κυρίῳ.
1377 2974 1454 3027 Δι’
1484 2968 1559 3027 ὧν

17 3063 43 3133 η
76 3064 388 3136 προφητεία,
423 3064 681 3137 σκώληκα
707 3061 1039 3139 ὀνομάσασα,
1062 3066 1157 3120 καὶ
1189 3067 1464 3137 ὀλιγοστὸν
1485 3069 1561 3121 εί-

20 3155 166 3211 ποῦσα
187 3157 277 3215 διὰ
294 3157 359 3212 τὸ
386 3158 599 3225 εὐτελὲς
628 3160 722 3213 καὶ
765 3140 995 3230 σμικρὸν
1017 3157 1111 3213 τοῦ
1139 3156 1299 3225 ξώου,
1334 3158 1559 3232 δύναμιν

2 3236 138 3321 ἀὐτῷ
178 3252 423 3325 μεγάλην
473 3253 738 3325 συνῆψεν·
794 3252 1098 3321 Ἁλοήσεις
1140 3253 1270 3322 ὄρη,
1317 3243 1556 3325 φήσασα,

1671 690 1735 744 Et
1752 674 1896 748 {vero
1933 704 1984 749 tu
2021 696 2073 749 in
2109 698 2363 754 omnibus
2405 701 2608 755 sanctis
2646 701 2883 767 habitas,
2923 720 2986 760 ac
3015 722 3231 777 semper

1669 801 1790 839 cum
1819 787 1928 843 illis
1959 804 2206 855 versans,
2236 792 2464 846 exaudis
2485 807 2600 849 eos.
2633 792 2811 851 lnshac
2835 797 2999 868 igitur
3024 814 3083 854 re
3111 799 3230 856 laus

1667 876 1903 943 lsraelis,
1933 880 2185 936 videlicet
2210 883 2478 955 cujusque
2508 888 2701 950 sancti,
2726 904 2846 944 esse
2870 893 3227 947 consuevisti.

1668 968 1821 1035 Quod
1836 972 1878 1025 si
1904 970 1955 1025 in
1978 973 2231 1029 omnibus
2251 979 2454 1033 sanctis
2478 977 2619 1034 Deus
2644 981 2864 1043 habitet,
2889 983 3060 1037 multo
3082 994 3231 1039 certe

1668 1062 1839 1132 magis
1872 1063 1925 1117 in
1953 1064 2243 1137 Unigenito
2273 1085 2393 1138 suo,
2424 1088 2586 1142 quem
2607 1087 2739 1127 sane
2772 1072 3030 1129 libentius
3058 1090 3229 1130 exau-

1666 1152 1879 1212 diturus
1909 1165 2009 1212 est.
2771 1172 2774 1175 ‘

1738 1269 1901 1328 Vens.
1932 1274 2044 1330 5-7.
2089 1275 2155 1330 In
2202 1288 2248 1331 te
2295 1290 2626 1346 speraverant
2664 1292 2839 1351 patres
2874 1285 3061 1349 nostri,
3105 1300 3225 1354 spe-

1664 1374 1932 1431 raverant,
1961 1376 2009 1420 et
2044 1368 2283 1423 tibera‘sli
2305 1388 2413 1425 eos.
2450 1372 2531 1424 Ad
2564 1383 2611 1427 te
2632 1375 3007 1439 clamauerunt,
3028 1386 3075 1430 et
3094 1378 3228 1431 δαιτί

1666 1457 1795 1526 facti
1826 1470 1979 1521 sunt;
2029 1462 2083 1515 in
2126 1471 2172 1515 te
2210 1476 2570 1533 speraverant,
2615 1476 2664 1520 et
2710 1485 2812 1521 non
2846 1479 2967 1522 sunt
2996 1470 3221 1539 confusi.

1664 1548 1800 1614 Etsi,
1831 1551 2030 1621 inquit,
2086 1554 2223 1609 bene
2268 1558 2510 1610 noverim
2559 1573 2751 1613 omnes
2810 1570 2901 1614 tuo
2930 1562 3136 1616 auxilio
3163 1561 3227 1615 ﬁ-

1666 1642 1855 1699 dentes
1876 1652 2068 1714 patres
2102 1656 2324 1701 nostros
2371 1664 2713 1717 nequaquam
2751 1666 2848 1720 Spe
2873 1652 3054 1721 lapsos
3080 1668 3223 1717 esse,

1666 1742 1720 1789 et
1734 1723 1869 1789 'cum
1900 1744 1954 1791 te
1987 1738 2042 1791 in
2073 1738 2404 1807 adjutorium
2453 1752 2837 1802 evocaverunt,
2879 1745 3223 1813 providentia

1667 1838 1758 1883 tua
1790 1830 1991 1899 potitos
2020 1846 2142 1885 esse
2173 1850 2186 1884 :
2221 1830 2332 1902 Ego
2364 1850 2488 1888 sane
2515 1850 2630 1887 sum
2659 1837 2842 1889 vermis
2858 1844 3024 1889 etnon
3045 1836 3219 1899 homo,

1668 1923 2001 1990 opprobrium
2030 1923 2254 1978 hominis
2286 1935 2334 1978 et
2361 1926 2581 1995 abjectio
2629 1927 2811 1996 plebis.
2861 1926 3072 1984 Vermis
3103 1944 3221 1983 om-

1669 2016 1817 2070 nium
1852 2018 2169 2073 animalium
2200 2020 2526 2075 vilissimum
2550 2029 2824 2085 censetur,
2862 2028 3021 2092 atque
3043 2037 3073 2075 a
3095 2038 3215 2077 cor-

1668 2109 1919 2178 ruptione
1975 2126 2266 2181 corporum
2318 2115 2688 2169 exsistentiam
2739 2115 2939 2182 habet;
2996 2116 3041 2170 si
3093 2116 3215 2189 quiti

1666 2217 1796 2256 vero
1826 2204 2082 2273 tetigerit,
2116 2206 2169 2259 id
2202 2206 2258 2260 in
2285 2208 2691 2276 corruptionem
2714 2216 2768 2261 et
2795 2210 3019 2263 exitium
3049 2209 3218 2263 ducit.

1667 2293 1841 2365 Hujus
1878 2297 2127 2352 meminit
2156 2296 2327 2354 Isaias
2360 2300 2550 2353 dicens
2588 2319 2600 2353 :
2648 2299 2776 2353 Noli
2806 2303 3004 2365 timere,
3036 2303 3223 2355 vermis

1666 2385 1853 2451 Iacob,
1880 2393 1931 2441 et
1957 2405 2114 2458 quam
2141 2391 2388 2445 minimus
2425 2390 2595 2445 Israel
2618 2408 2634 2445 :
2666 2408 2759 2462 ego
2785 2394 3077 2448 auxiliatus
3107 2410 3225 2447 sum

1669 2480 1782 2545 tibi,
1801 2480 1925 2535 dicit
1957 2482 2207 2538 Dominus
2231 2493 2278 2537 et
2305 2484 2595 2555 redemptor
2622 2495 2757 2551 tuas,
2790 2497 3004 2540 sanctus
3026 2485 3224 2543 Israel.

1670 2571 1801 2627 Ecce
1829 2575 1929 2645 feci
1953 2585 2001 2630 te
2030 2579 2183 2647 quasi
2210 2586 2356 2632 rotas
2382 2596 2568 2633 curras
2596 2581 2924 2648 triturantes,
2942 2597 3122 2644 novas,
3154 2581 3223 2634 ad

1667 2666 1877 2720 modum
1901 2684 2060 2722 serrte
2078 2668 2387 2726 adornatas.
2420 2672 2487 2725 Et
2508 2675 2778 2728 tritarabis
2802 2689 2996 2729 montes
3019 2683 3067 2729 et
3084 2692 3213 2730 com-

1667 2760 1867 2810 minues
1902 2758 2083 2822 colles,
2115 2769 2164 2812 et
2184 2756 2337 2829 quasi
2367 2763 2631 2830 pulverem
2673 2781 2854 2831 pones.
2890 2766 2960 2819 Et
3005 2767 3226 2821 ventila-

1666 2848 1764 2911 bis,
1804 2859 1854 2902 et
1896 2857 2076 2903 ventus
2115 2850 2261 2904 tollet
2290 2868 2399 2914 eos,
2434 2862 2483 2907 et
2515 2853 2664 2907 turbo
2696 2855 2955 2925 disperget
2997 2872 3104 2909 eos.
3145 2856 3223 2909 Tu

1638 2956 1782 2993 ‘vero
1817 2940 2105 2995 exsultabis
2133 2942 2188 2995 in
2218 2941 2441 2997 Domino
2474 2946 2516 2997 ⁸.
2548 2944 2758 3019 Quibus
2781 2946 2963 3001 verbis
2992 2946 3226 3017 prophe-

1663 3032 1762 3097 tia,
1815 3032 1947 3088 dum
1972 3050 2210 3091 vermem
2239 3037 2474 3107 vocavit,
2524 3047 2576 3094 et
2601 3046 2819 3110 propter
2861 3019 3128 3095 vilitatem
3160 3055 3225 3095 ac

1665 3126 1988 3198 parvitatem
2019 3129 2272 3186 animalis
2322 3146 2487 3201 quam
2537 3134 2823 3188 minimum
2856 3132 3015 3199 dixit,
3048 3134 3225 3188 virtu-

1664 3226 1773 3274 tem
1821 3219 1940 3292 ejus
1992 3235 2245 3291 magnam
2300 3223 2599 3292 adjunxit:
2650 3223 2967 3291 Triturabis,
3028 3225 3219 3295 inquit,

18 3342 95 3393 και
112 3315 441 3409 ἰὲκὲυνέῖς
472 3315 761 3409 βουὶὶοὺς,
795 3341 893 3395 και
926 3315 1004 3409 ὧς
1024 3315 1183 3409 κέ)ῡὲ
1206 3315 1431 3410 victe,
1464 3315 1562 3400 ml

1666 3321 1887 3377 montes,
1905 3322 1955 3368 et
1977 3315 2502 3391 comminues_colles,
2525 3324 2575 3369 et
2598 3318 2750 3387 quasi
2767 3317 3029 3386 pulverem
3043 3335 3219 3389 pones.

17 3430 321 3499 .wqujaetc.
356 3432 470 3486 Kal.
500 3430 588 3502 διὰ
614 3430 722 3485 τῶν
753 3434 1130 3505 προκειμένων
1173 3433 1349 3487 τοίνυν
1389 3432 1564 3503 λέγων

18 3524 40 3572 ὁ
60 3522 256 3594 Σωτήρ·
291 3523 437 3593 Ἐγὼ
456 3523 524 3578 δέ
542 3525 659 3593 ειμι
683 3522 948 3593 σκώληξ,
972 3525 1071 3579 καί
1098 3526 1209 3579 οὐκ
1235 3524 1561 3594 ἅνθρωπος.

18 3612 66 3663 τὸ
88 3613 289 3679 εὐτελὲς
316 3615 415 3668 καὶ
441 3613 666 3678 ἀσθενὲς
698 3614 791 3669 καὶ
830 3615 1131 3687 ἀπόϐλητον
1165 3617 1258 3670 καὶ⁵
1293 3618 1565 3689 ἀπερριμ-

22 3705 155 3773 μένον
173 3707 264 3761 τοῦ
290 3706 499 3773 πάθους
526 3707 719 3763 ἑαυτοῦ
754 3708 1069 3781 παρίστησι,
1104 3710 1163 3763 τό
1185 3725 1244 3763 τε
1276 3709 1384 3763 τῶν
1412 3712 1564 3763 ἐναν-

18 3796 121 3849 τίων
158 3797 438 3872 δυνάμεων
481 3800 1129 3872 ἁφανιστικόν.Ἤμελλεν
1181 3801 1308 3874 γὰρ,
1363 3801 1561 3866 ὑποδὺς

17 3888 89 3941 τὸν
112 3890 350 3957 θάνατον,
374 3894 478 3948 καὶ
514 3894 572 3947 ὲν
605 3892 753 3965 αὐτῷ
784 3893 1073 3965 γενόμενος
1102 3892 1179 3966 τῷ
1206 3892 1314 3947 τῶν
1352 3893 1559 3966 νεκρῶν

18 3984 190 4054 χωρίῳ,
220 3985 502 4058 σκώληκος
528 3986 685 4057 δίκην
719 3985 819 4049 τὰς
845 3986 1102 4058 δυνάμεις
1128 3985 1226 4050 τὰς
1253 3985 1562 4057 ἀντικειμέ-

20 4092 97 4138 νας
123 4076 289 4150 φθορᾷ
320 4074 691 4150 παραδιδόναι.
723 4078 834 4133 Καὶ
859 4079 1032 4143 ἄλλως
1060 4078 1107 4132 δ’
1133 4077 1198 4133 ἂν
1224 4077 1395 4142 είποις
1421 4078 1563 4133 σκώ-

19 4165 133 4238 ληκα
153 4170 311 4224 αὐτὸν
339 4158 674 4240 ὠνομάσθαι,
703 4172 796 4223 καὶ
819 4172 920 4224 οὐκ
946 4170 1252 4244 ἄνθρωπον,
1280 4170 1367 4223 διὰ
1394 4170 1454 4224 τὸ
1485 4171 1559 4243 μὴ

19 4260 186 4330 ὁμοίως
211 4261 517 4334 ἀνθρώποις
541 4262 605 4314 ἐκ
638 4256 923 4327 συνουσίας
948 4264 1175 4336 ᾶῤῥενος
1207 4262 1302 4316 καὶ
1342 4261 1561 4333 θηλείας

20 4351 98 4421 τὴν
137 4352 232 4425 τῆς
279 4352 480 4425 σαρκὸς
508 4352 721 4421 γένεσιν
750 4353 1061 4425 ἐσχηκέναι.
1097 4352 1253 4408 Κατὰ
1285 4354 1464 4426 τρίτον
1502 4353 1562 4408 δὲ

21 4443 205 4511 τρόπον,
237 4445 329 4499 τὸν
370 4444 597 4498 θάνατον
628 4442 824 4497 ἑαυτοῦ
867 4446 1144 4517 σημαίνει,
1178 4446 1271 4499 καὶ
1301 4446 1392 4499 τὸν
1423 4445 1560 4516 ἄψυ-

24 4548 95 4601 χον
118 4535 299 4607 νεκρόν
316 4553 329 4564 ·
362 4533 443 4589 διὸ
476 4531 750 4601 ἐπιλέγει·
790 4532 931 4602 Ἐγὼ
951 4533 1019 4587 δέ
1039 4538 1155 4604 ειμι
1176 4532 1441 4603 σκώληξ,
1460 4536 1558 4589 καὶ

22 4625 112 4676 οὐκ
139 4623 467 4694 ἄνθρωπος·
492 4620 720 4687 ἄνειδος
746 4619 1069 4689 ἀνθρώπων
1107 4624 1206 4677 καὶ
1237 4622 1557 4692 ἐξουδένη-

22 4729 85 4776 μα
104 4679 337 4769 '0
371 4679 481 4785 γαρ
512 4679 711 4783 νεκρὸς
748 4679 1189 4780 οῠκῠᾶνθρωπος.
1208 4679 1345 4764 Ἀλλ’
1380 4713 1428 4764 εἰ
1457 4679 1555 4783 μέν
1589 4679 1633 4733 D

23 4797 74 4871 ἦν
98 4806 257 4878 πάντη
291 4805 502 4878 νεκρὸς,
524 4802 781 4875 ἀπήρκεί
798 4802 993 4871 φάναι·
1042 4800 1181 4869 Ἐγὼ
1212 4801 1269 4854 δέ
1304 4803 1419 4874 είμι
1456 4804 1558 4856 οὐκ
1602 4856 1603 4859 η

26 4891 269 4963 ἄνθρωπος
285 4914 300 4926 ο
330 4896 445 4949 ἀλλ’
472 4895 594 4949 ἐπεὶ
622 4891 902 4965 δυνάμεώς
925 4908 1066 4956 τινος
1084 4892 1444 4962 ἀφανιστικῆς
1466 4894 1557 4947 τοῦ

30 4981 221 5043 θανάτου
256 4992 519 5061 μετεῖχεν,
551 4987 775 5051 εἰκότως
824 4983 1077 5056 σκώληκα
1126 4985 1286 5039 αὑτὸν
1318 4986 1412 5064 καὶ
1462 4988 1561 5040 οὐκ

28 5072 270 5147 ἀνθρωπον
312 5082 611 5152 ὠνόμασεν.
643 5072 837 5150 Γέγονε
867 5079 925 5134 δὲ
958 5078 1169 5150 ἀληθῶς
1191 5081 1220 5132 ὁ
1244 5078 1430 5150 Σωτὴρ
1462 5079 1557 5133 καὶ

29 5162 196 5235 Κύριος
403 5173 618 5227 πάντων
646 5172 868 5236 ὄνειδος,
890 5171 978 5225 τὸν
1008 5169 1365 5223 ἐπονείδιστον
1394 5187 1558 5224 σταυ-

33 5257 102 5324 Ρδν
129 5261 256 5334 ὖτὲρ
282 5266 436 5337 ήμῶν
462 5265 900 5337 ἀναδεδεγμένος.
928 5264 1021 5317 Διδ
1039 5262 1133 5316 καὶ
1163 5260 1322 5332 ἑτέρα
1347 5278 1556 5333 προφη-

31 5349 123 5404 τεία
148 5354 199 5419 ἐξ
224 5354 382 5409 αὑτοῦ
413 5356 715 5429 προσώπου
738 5357 931 5429 φησίν·
967 5358 1029 5409 0t
1070 5353 1392 5421 ὀνειδισμοὶ
1438 5353 1555 5407 τῶν

32 5442 383 5505 ὀνειδιζόντων
418 5461 492 5501 σε
524 5446 831 5502 ἐπέπεσαν
857 5448 948 5501 ἐπ’
976 5444 1098 5515 ἐμέ.
1123 5445 1184 5497 Οἱ
1220 5444 1315 5513 μὲν
1341 5439 1433 5497 οὖν
1462 5444 1555 5497 ἄλ-

33 5528 95 5585 λοι
118 5533 364 5608 ὣδθρωποι
396 5537 755 5592 ἐπονείδιστον
788 5537 948 5591 αὐτὸν
978 5538 1132 5606 ἔσχον
1165 5533 1305 5587 κατὰ
1338 5534 1425 5588 τὸν
1459 5534 1553 5588 τοῦ

88 5692 104 5721 ⁸
139 5690 231 5749 lsa.
265 5710 379 5759 xu,
418 5693 607 5749 14-16.
684 5694 704 5725 ⁸
740 5691 889 5749 Psal.
923 5707 1124 5758 vam,
1162 5689 1251 5745 10.

1662 3414 1712 3459 et
1741 3406 2035 3463 ventilabis.
2073 3406 2208 3463 Cum
2256 3407 2420 3478 igitur
2468 3406 2718 3463 Salvator
2768 3418 3215 3485 memoratapro-

1634 3496 1771 3551 ‘l'ert
1827 3498 1990 3553 verba
2022 3519 2036 3553 :
2070 3496 2181 3569 Ego
2212 3509 2387 3552 autem
2429 3516 2545 3552 sum
2574 3501 2782 3562 vermis,
2815 3510 2865 3553 et
2913 3517 3015 3554 non
3045 3501 3216 3564 homo,
3304 3525 3311 3531 ’

1662 3588 1950 3653 vilitatem,
2008 3590 2403 3655 inﬁrmitatem,
2456 3590 2722 3659 abjcCtam
2780 3592 3053 3661 passionis
3090 3607 3220 3647 "sum

1663 3679 2032 3736 conditionem
2060 3680 2323 3745 declarat,
2348 3688 2508 3750 atque
2531 3681 2964 3738 adversariarum
2989 3693 3221 3755 potesta-

1660 3774 1781 3826 tum
1799 3772 2028 3828 exitium
2063 3775 2131 3829 ab
2155 3790 2213 3829 se
2245 3774 2313 3829 iis
2338 3775 2702 3831 inferendum.
2731 3774 2993 3831 Futurum
3019 3778 3220 3847 quippe

1661 3871 1798 3928 erat,
1835 3871 1897 3918 ut
1923 3876 2209 3935 postquam
2246 3875 2476 3920 mortem
2515 3852 2794 3932 subiiSset,
2832 3876 2993 3938 atque
3018 3870 3071 3922 in
3099 3869 3220 3937 ipso

1660 3968 1999 4013 mortuorum
2027 3960 2147 4014 loco
2180 3954 2531 4024 consisteret,
2553 3959 2898 4024 adversarius,
2925 3970 3220 4032 potestates

1659 4053 1861 4107 vermis
1902 4054 2085 4108 instar
2115 4055 2454 4123 corruptioni
2503 4055 2764 4112 traderet.
2821 4058 2943 4112 Alio
3005 4072 3221 4126 quoque

1660 4140 1824 4202 modo
1846 4147 2075 4216 dixeris,
2104 4149 2225 4205 ideo
2252 4164 2491 4205 vermem
2518 4150 2695 4220 ipsum
2722 4161 2775 4206 et
2801 4167 2908 4205 non
2944 4150 3219 4205 hominem

1659 4249 1935 4307 vocatum,
1985 4244 2131 4312 quod
2173 4258 2282 4297 non
2336 4242 2613 4296 hominum
2656 4244 2785 4310 ritu,
2813 4257 2879 4295 ex
2908 4240 3135 4296 masculi
3163 4251 3218 4293 et

1661 4321 1876 4387 feminae
1926 4347 2247 4403 congressu,
2286 4333 2468 4387 carnis
2509 4341 2688 4386 ortum
2721 4331 2997 4386 habuerit.
3028 4329 3217 4385 Tertio

1659 4425 1787 4479 item
1817 4425 2000 4487 modo,
2032 4411 2258 4478 mortem
2287 4425 2489 4478 indicat
2534 4439 2709 4487 suam,
2764 4429 2817 4477 et
2847 4418 3215 4477 exanimatum

1660 4516 1909 4572 cadaver.
1933 4494 2293 4579 Quamobrem
2315 4510 2476 4567 infert
2503 4531 2515 4565 :
2551 4510 2659 4581 Ego
2674 4520 2847 4565 autem
2869 4528 2984 4565 sum
3004 4512 3214 4575 vermis,

1660 4616 1709 4663 et
1738 4623 1839 4661 non
1856 4605 2028 4667 homo,
2061 4604 2396 4672 opprobrium
2423 4602 2689 4657 hominum
2706 4612 2754 4657 et
2784 4603 3005 4671 abjectio
3028 4602 3214 4672 plebis.

1662 4697 1764 4764 Qui
1801 4703 2046 4750 mortuus
2080 4695 2222 4748 enim
2254 4703 2355 4756 est,
2392 4710 2500 4748 non
2534 4694 2675 4747 ultra
2719 4694 2901 4748 homo.
2940 4692 3139 4749 Verum
3173 4696 3219 4748 si

1659 4788 1881 4845 omnino
1902 4794 2149 4841 mortuus
2183 4785 2397 4851 luisset,
2431 4787 2567 4842 Satis
2591 4794 2708 4843 erat
2728 4788 2967 4842 dixisse:
2990 4786 3105 4855 Ego
3129 4802 3220 4839 au-

1661 4893 1766 4938 tem
1797 4894 1915 4935 sum
1944 4894 2052 4933 non
2087 4880 2249 4933 homo
2281 4899 2293 4933 :
2329 4879 2424 4935 sed
2478 4880 2603 4949 quia
2664 4880 2896 4948 quadam
2953 4879 3001 4930 vi
3056 4878 3217 4931 morti

1662 4975 1890 5031 exitiosa
1922 4975 2228 5029 instructus
2253 4982 2392 5032 erat.
2421 4974 2545 5042 jure
2575 4986 2812 5026 vermem
2865 4978 2919 5024 et
2964 4985 3071 5025 non
3125 4970 3218 5023 ho-

1663 5063 1862 5124 minem
1898 5082 2017 5121 sese
2046 5068 2279 5122 vocavit.
2330 5065 2535 5121 Revera
2584 5062 2832 5116 Salvator
2860 5069 2914 5115 et
2955 5060 3215 5114 Dominus

1662 5169 1847 5217 noster
1878 5160 2121 5214 omnium
2169 5158 2520 5229 cpprobrium
2568 5155 2690 5218 fuit,
2737 5155 2827 5223 qui
2857 5144 3223 5207 contumelia;

1662 5270 1775 5313 sam
1805 5269 1904 5325 pro
1925 5254 2084 5309 nobis
2116 5267 2334 5308 crucem
2371 5249 2612 5304 admisit.
2645 5247 2822 5313 Quare
2854 5245 2958 5299 alia
2989 5244 3215 5313 prephe-

1660 5352 1735 5405 tia
1760 5364 1827 5403 ex
1847 5348 2091 5417 ejusdem
2123 5336 2349 5416 persona
2380 5344 2460 5398 sic
2486 5343 2728 5413 loquitur
2761 5360 2773 5395 :
2810 5337 3099 5407 Opprolm'a
3122 5351 3213 5390 ea:-

1654 5440 2015 5512 probrantiam
2063 5440 2155 5492 tibi
2203 5436 2496 5490 ceciderunt
2527 5450 2679 5502 super
2706 5448 2784 5486 me
2816 5430 2855 5484 ⁸.
2893 5428 2997 5483 Alii
3030 5429 3219 5515 itaque!

1657 5533 1905 5589 homines
1930 5530 2322 5587 contumeliose
2350 5530 2527 5599 ipsum
2563 5536 2801 5594 tempore
2830 5520 3101 5591 passionic
3125 5521 3215 5570 ha-

91 5804 149 5886 (Ι)
310 5813 371 5867 ad
391 5811 693 5886 marginem
732 5808 1259 5886 legebanlur‘j'oﬁrd
1290 5805 1347 5886 δὲ
1379 5808 1459 5886 ob
1489 5821 1564 5886 κα

1684 5803 1968 5886 σύγκρισιι
2003 5803 2237 5886 nisi“,
2258 5801 2392 5886 ,καξν
2410 5799 2458 5882 ,δι
2488 5794 2639 5886 οὗτός
2667 5792 3207 5886 9’19‘3’.P_.’A£€‘°:‘,’éf:

36 5871 80 5951 ἓν
96 5862 194 5949 ’γὲιρ
714 5862 812 5934 κάἵ
824 5862 1162 5936 ride-1m
1193 5876 1333 5932 κατὰ
1347 5878 1404 5931 τὸ
1416 5877 1513 5932 ave
1523 5894 1565 5944 pi

1666 5862 1774 5940 νον,
1812 5862 1957 5941 quod
1986 5862 2233 5931 scholion
2255 5872 2422 5929 textui
2457 5862 2643 5942 postea
2667 5862 2929 5926 insertum
2960 5862 3064 5922 est.
3084 5862 3215 5917 Vide

42 5950 82 5996 in
107 5950 403 6015 prelatioiie.
