3960 6342
3560 70 3868 205 η..

856 463 960 519 207
1524 461 1795 519 EUSEBll
1834 460 2313 519 CESABIENSIS
2351 462 2500 523 OPP.
2542 462 2722 522 PARS
2783 464 2945 522 Ill.—
2970 466 3381 525 EXEGETICA.

857 578 1044 637 buere.
1101 574 1209 632 Sed
1266 575 1406 633 alius
1447 577 1583 633 ordo
1616 593 1897 649 genusque
1936 578 2217 634 hominum
2260 579 2421 637 abiis

2302 579 2328 635 ι»
2360 579 2427 637 iis
2457 594 2500 651 Α
2528 580 2734 647 πάθους
2760 584 3205 655 καιρόν.Ἔτερον
3237 584 3295 637 δὲ
3324 581 3513 654 τάγμα
3537 582 3688 656 παρὰ
3720 583 3866 638 τούτο

857 671 1167 737 diversum,
1220 671 1493 742 abiectum
1539 670 2141 745 habuerunt..Quinam
2191 673 2421 729 illi'nisi

2320 673 2425 729 nisi
2525 674 2741 748 δένωμα
2762 675 2927 730 αὑτὸν
2960 676 3278 748 ἐκτήσαντο.
3312 676 3469 735 Ποῖον
3495 676 3554 731 δὲ
3573 678 3733 731 τοῦτο
3756 676 3832 749 ἢὸ
3858 680 3867 731 i

856 762 1088 833 populus
1115 777 1183 818 es
1203 763 1666 819 circumcisione?
1696 762 1823 819 Ideo
1870 769 1951 820 sic
2005 750 2285 822 concludit
2330 781 2420 839 po-

2330 781 2426 839 po-
2522 768 2698 841 τομῆς
2727 768 2892 835 λαός;
2934 769 3023 822 Διὸ
3074 768 3314 839 ἐπιλέγει
3370 768 3516 841 ἑξῆς,
3571 767 3671 824 καὶ
3726 769 3866 834 ἑξουη

851 848 989 924 stea,
1030 866 1081 911 et
1136 856 1361 928 abjectio
1410 857 1595 926 plebis.
1636 856 1769 913 Nam
1810 859 2103 915 illmlcntes
2152 860 2201 915 ei
2259 869 2415 933 atque

2303 869 2424 933 tque
2521 860 2696 915 λαοῦ.
2723 858 3109 925 Διαπαίζοντες
3126 859 3238 932 γὰρ
3261 860 3423 915 αὐτὸν
3451 855 3593 914 οὗτοι
3620 860 3715 914 καὶ
3732 859 3867 931 χλευι

848 946 1157 1005 deridentes
1187 964 1334 1018 eum,
1379 949 1493 1004 haec
1543 949 1943 1020 loquebantur'
1979 970 1992 1004 :
2040 950 2303 1023 Vahlqui
2330 952 2412 1008 de-

2302 958 2303 961 “
2330 952 2422 1008 de-
2521 952 2705 1020 ἔλεγον
2726 969 2739 983 ·
2776 951 2920 1019 Οὐά,
2951 955 2983 1007 ό
3010 955 3324 1008 καταλύων
3348 953 3455 1009 τὸν
3478 954 3648 1018 ναὸν,
3674 953 3771 1011 καί
3816 954 3866 1006 ἐν

847 1044 1008 1097 struis
1045 1043 1317 1111 templum.
1359 1051 1409 1097 et
1450 1044 1504 1098 in
1545 1045 1714 1098 tribus
1738 1043 1920 1099 diebus
1950 1044 2187 1116 a‘diﬁcas
2224 1047 2411 1117 ipsum.

2299 1064 2415 1103 zum.
2520 1043 2769 1112 ἡμέραις
2795 1044 3123 1115 οἰκοδομῶν
3149 1046 3617 1113 αὑτόν.Ἇλλους
3657 1047 3863 1111 ἔσωσε,

847 1137 1011 1192 Alios
1043 1137 1218 1193 salvos
1250 1136 1398 1206 fecit,
1444 1136 1649 1190 salvum
1684 1137 1853 1205 faciat
1900 1139 2149 1208 seipsum.
2201 1138 2263 1194 Si
2309 1138 2411 1194 Re:

2309 1138 2419 1194 Rea:
2518 1157 2596 1193 τω
2624 1141 2859 1194 ἑαυτόν.
2897 1143 2964 1194 El
2990 1140 3293 1207 βασιλεὺς
3340 1140 3446 1195 τοῦ
3487 1139 3724 1210 Ἰσραήλ
3772 1140 3867 1193 ἐστ

846 1226 1022 1283 Israel
1047 1237 1147 1294 est,
1178 1226 1461 1283 descendat
1486 1243 1623 1282 nunc
1654 1228 1719 1283 de
1743 1245 1914 1297 cruce,
1941 1239 1991 1283 et
2012 1229 2280 1285 credemus
2311 1231 2378 1286 ei.

2311 1231 2378 1286 ei.
2518 1231 2742 1286 ταὸἀτω
2772 1232 2892 1287 νῦν
2928 1231 3046 1287 ἀπὸ
3089 1232 3195 1287 τοῦ
3232 1230 3522 1302 σταιιροῦ,
3556 1232 3656 1286 καὶ
3696 1247 3866 1285 mare

2515 1324 2695 1392 αὐτῷ.

910 1432 1075 1489 Vens.
1107 1434 1162 1495 8,
1192 1433 1246 1490 9.
1288 1433 1361 1490 De
1394 1435 1629 1506 ipsamet
1675 1451 1734 1489 rc
1788 1434 1841 1488 in
1888 1435 2248 1506 sequentibus
2278 1436 2410 1492 talia

2304 1436 2410 1492 alia
2583 1442 2720 1514 Περὶ
2748 1441 2856 1496 τῶν
2884 1442 3064 1496 αὐτῶν
3082 1442 3176 1496 καὶ
3201 1440 3269 1495 τὰ
3293 1440 3419 1514 ἑξῆς
3436 1440 3683 1514 ἐπιφέρει
3705 1440 3867 1512 λέγων

840 1526 1034 1582 fatur:
1089 1526 1282 1583 Omnes
1330 1528 1563 1582 videntes
1622 1544 1700 1581 me
1743 1527 2039 1582 deriserunt
2093 1544 2193 1593 me,
2248 1528 2404 1583 locuti

2303 1530 2410 1583 cuti
2511 1552 2611 1603 τες
2640 1538 2695 1590 οὶ
2727 1534 3088 1604 θεωροῦντές
3110 1551 3190 1605 με
3218 1533 3696 1605 ὲξεμυκτήρισάν
3732 1552 3833 1605 με·
3863 1570 3867 1585 ς

836 1628 961 1673 sunt
987 1619 1145 1675 labiis
1174 1630 1220 1674 et
1270 1629 1541 1675 moverunt
1565 1631 1745 1692 caput.
1780 1622 2023 1692 Speravit
2065 1623 2119 1677 in
2154 1622 2400 1688 Domino,

2302 1624 2404 1688 lno,
2507 1644 2630 1684 σαν
2657 1629 2725 1685 ἐν
2753 1631 3044 1700 χείλεσιν,
3061 1609 3354 1697 ἐκίνησαν
3378 1626 3866 1698 retegatur-{Helm

830 1713 1019 1782 eripiat
1045 1729 1185 1778 eum,
1226 1713 1430 1768 salvum
1474 1713 1640 1784 faciat
1672 1730 1813 1777 eum,
1844 1714 2093 1784 quoniam
2123 1713 2232 1769 vult
2263 1730 2394 1769 eum.

2302 1731 2402 1769 ῑιηιο
2504 1724 2718 1791 Κυρίῳ,
2736 1724 3028 1792 ῥυσάσθω
3055 1721 3266 1776 αὐτόν·
3295 1721 3546 1775 σωσάτω
3575 1720 3782 1787 αὐτὸν,
3806 1720 3866 1774 ὅτ

832 1805 957 1862 Haec
987 1822 1157 1879 porro
1186 1807 1411 1879 impleta
1462 1815 1592 1863 sunt
1634 1808 1909 1877 passionis
1959 1806 2220 1863 salutaris
2267 1813 2396 1862 tem-

2303 1822 2405 1862 Bm-
2503 1816 2707 1869 αὐτόν.
2743 1815 2853 1869 Καὶ
2890 1814 3062 1870 ταῦτα
3099 1812 3405 1885 ἐπληροῦτο
3448 1813 3590 1868 κατά
3627 1813 3722 1869 τὸν
3764 1832 3867 1885 καιε

830 1914 981 1971 pore,
1012 1909 1074 1957 ut
1107 1900 1396 1958 Matthaus
1429 1908 1621 1956 narrat
1651 1901 1739 1955 his
1770 1899 1958 1957 verbis
2006 1918 2020 1954 :
2069 1898 2394 1955 Praetereum

2306 1916 2404 1953 αη-
2434 1970 2473 1980 _
2506 1908 2772 1980 σωτηρίου
2806 1906 3030 1973 πάθους,
3051 1906 3174 1960 καθ’
3200 1906 3259 1960 ὃν
3292 1908 3496 1978 ἱστορεῖ
3526 1905 3701 1976 λέγων
3734 1908 3762 1960 ὁ
3787 1908 3867 1960 Ma

827 1970 902 2049 tes
936 2003 1113 2049 autem
1153 1993 1590 2065 blasphemabant
1636 2010 1755 2049 eum
1787 2002 2046 2048 moventes
2071 1994 2248 2061 capita
2275 2010 2391 2058 sua,

2305 2010 2396 2058 υα.
2434 1970 2475 2030 Β
2508 2005 2573 2056 Oi
2711 1970 3261 2070 παραπορευόμενοι
3309 1970 3743 2069 ἐϐλασφήμουν
3780 2001 3867 2053 ait:

823 2096 876 2142 et
900 2087 1130 2144 dicentes
1161 2104 1179 2143 :
1219 2086 1374 2142 Vah!
1405 2089 1496 2160 qui
1525 2088 1755 2143 destruis
1789 2087 2039 2157 templum
2059 2098 2108 2143 et
2142 2075 2197 2141 iri
2219 2086 2387 2141 triduc

2302 2086 2397 2141 duo
2504 2092 2755 2160 νοῦντες
2784 2094 2892 2160 τὰς
2923 2092 3191 2162 κεφαλὰς
3223 2089 3423 2146 αὐτῶν
3452 2091 3549 2145 καί
3592 2090 3866 2161 λέγοντες

822 2181 962 2236 illud
1000 2181 1293 2252 recediﬁcas
1324 2198 1343 2236 :
1379 2182 1529 2238 salva
1576 2183 1907 2250 temetipsum
1943 2198 1961 2237 :
1994 2183 2040 2236 si
2086 2179 2262 2236 Filius
2300 2179 2386 2236 De:

2302 2179 2397 2236 Dei
2504 2187 2538 2238 ὁ
2563 2185 2877 2239 καταλύων
2906 2184 3013 2239 τὸν
3028 2183 3199 2250 ναὸν,
3225 2183 3323 2237 καὶ
3347 2183 3418 2261 ἐν
3432 2181 3635 2251 τρισὶν
3660 2181 3866 2252 ἡμέραι

821 2289 898 2335 es,
940 2271 1195 2337 descende
1228 2289 1366 2327 nunc
1412 2271 1476 2328 de
1525 2289 1701 2328 cruce.
1743 2271 2004 2329 Similiter
2042 2282 2092 2327 et
2133 2273 2385 2343 principes

2306 2287 2394 2341 pes
2500 2274 2698 2346 δομῶν
2722 2276 2908 2330 αὐτόν
2926 2292 2939 2305 °
2964 2273 3171 2331 σῶσον
3193 2274 3427 2330 ἑαυτόν.
3445 2275 3515 2330 Εἰ
3546 2271 3679 2336 Υιὸς
3703 2269 3762 2327 εἷ
3780 2272 3867 2327 τοί

820 2365 1151 2423 sacerdotum
1176 2366 1458 2424 illudentes
1483 2384 1603 2423 cum
1633 2368 1923 2423 Pliarisazis
1948 2377 1996 2423 ct
2022 2366 2222 2423 Scribis
2251 2366 2384 2421 dice-

2268 2366 2392 2421 lice-
2500 2366 2783 2437 κατάϐηθι
2824 2366 2941 2421 νῦν
2981 2367 3101 2423 ἀπὸ
3144 2366 3250 2422 τοῦ
3293 2364 3832 2436 σταυροῦ.’ομοίως

813 2462 941 2517 bant
976 2478 995 2517 :
1024 2462 1178 2516 Alios
1201 2462 1377 2517 salvos
1408 2462 1553 2532 fecit,
1591 2463 1821 2532 seipsum
1851 2479 1954 2517 non
1989 2471 2158 2532 potest
2186 2461 2377 2516 salvan.

2305 2478 2389 2516 um
2498 2459 2789 2529 ἀρχιερεῖς
2818 2458 3122 2524 παίζοντες
3140 2456 3292 2529 μετὰ
3322 2456 3438 2511 τῶν
3457 2455 3795 2525 Φαρισαίων
3830 2470 3866 2506 κ

815 2558 1009 2627 facere.
1050 2554 1111 2611 Si
1150 2554 1258 2609 Rex
1307 2554 1482 2610 Israel
1508 2565 1611 2621 est,
1650 2556 1931 2611 descendat
1963 2572 2099 2611 nunc
2132 2555 2196 2610 de
2217 2572 2379 2619 cruce,

2303 2572 2389 2620 tce,
2498 2552 2882 2623 γραμματέων
2900 2553 3114 2624 ἔλεγον
3131 2568 3144 2582 ·
3170 2552 3441 2617 -Ἇλλους
3462 2549 3719 2612 ἔσωσεν,
3752 2546 3867 2601 ἐαυε

812 2659 862 2703 et
891 2647 1163 2703 credemus
1191 2648 1261 2702 ei.
1295 2647 1543 2718 Conﬁsus
1574 2657 1652 2703 est
1686 2649 1738 2702 in
1786 2648 1917 2712 Deo,
1963 2649 2143 2705 liberet
2170 2665 2313 2717 eum,
2344 2666 2376 2703 s:

2296 2688 2313 2717 ,
2344 2650 2393 2703 si
2496 2646 2745 2701 δύναται
2774 2644 2987 2702 σῶσαι.
3013 2649 3083 2701 El
3107 2644 3407 2711 ,ϐασιλεὺς
3441 2641 3680 2712 Ἰσραήλ
3712 2640 3858 2705 ἐστι,

814 2744 922 2797 vult
946 2759 1102 2798 eum:
1128 2741 1264 2796 dixit
1285 2743 1444 2799 enim.
1480 2740 1657 2797 Filius
1694 2741 1786 2797 Dei
1817 2759 1935 2798 sum
1958 2742 1996 2799 ⁸.

2494 2740 2648 2794 ϐάτω
2671 2740 2789 2795 νῦν
2809 2739 2928 2795 ἀπὸ
2957 2739 3063 2794 τοῦ
3093 2737 3380 2808 σταιιοοῦ,
3404 2737 3502 2792 καί
3537 2736 3866 2803 πιστεύσομ

1986 2840 1987 2843 “
2492 2831 2589 2900 τῷ.
2616 2833 2907 2901 Πέποιθεν
2946 2832 3043 2887 ἐπὶ
3084 2831 3166 2900 τῷ
3199 2830 3341 2898 Θεῷ,
3361 2830 3655 2899 ῥυσάσθω
3674 2828 3868 2890 αὑτὸν,

2384 2992 2389 2997 δ
2489 2929 2583 2981 λει
2610 2929 2825 2983 αὐτόν’
2858 2922 2986 2981 εἷπε
3007 2925 3137 2997 γὰρ,
3170 2925 3258 2979 ὅτι
3284 2924 3390 2979 τοῦ
3426 2922 3573 2979 Θεοῦ
3606 2924 3723 2995 είμι
3758 2925 3789 2977 ό
3830 2924 3868 2974 Υ

883 3033 1045 3089 Vens.
1080 3033 1168 3101 lO,
1200 3034 1288 3088 il.
1332 3032 1597 3100 Quoniam
1630 3041 1687 3085 tu
1722 3048 1797 3098 es,
1846 3033 1937 3103 qui
1974 3033 2261 3088 extrusisti
2303 3030 2384 3089 me

2303 3030 2384 3089 me
2563 3042 2683 3095 Ὅτι
2709 3042 2791 3096 σὺ
2816 3038 2922 3097 ald
2944 3040 3263 3105 ἐκσπάσας
3297 3055 3374 3109 με
3409 3038 3478 3092 ἐκ
3504 3035 3788 3109 γαστρὸς,
3818 3036 3852 3102 7i

805 3128 870 3185 de
896 3135 1068 3183 ventre
1099 3142 1117 3181 :
1150 3143 1266 3198 spes
1307 3142 1424 3180 mea
1457 3124 1522 3178 ab
1551 3123 1796 3180 uberibus
1831 3112 2021 3180 matris
2053 3141 2201 3180 metr.
2234 3123 2303 3180 In
2334 3133 2369 3180 tt

2334 3133 2384 3180 ιε
2430 3164 2433 3166 >
2483 3151 2602 3205 μου
2624 3133 2741 3189 ἀπὸ
2760 3133 3009 3205 μαστῶν
3034 3134 3144 3201 τῆς
3163 3134 3389 3203 μητρός
3406 3130 3688 3202 μου.·Ἐπὶ
3722 3128 3796 3184 σὲ
3821 3130 3867 3197 ἐι

806 3226 1070 3297 projectus
1094 3237 1212 3277 sum
1238 3234 1304 3274 ea:
1340 3229 1489 3274 utero
1520 3235 1538 3273 :
1570 3217 1636 3273 de
1667 3227 1840 3274 ventre
1870 3219 2058 3273 matris
2082 3234 2211 3274 mete
2238 3217 2370 3274 Deut

2294 3233 2381 3274 ειη
2485 3225 2556 3281 ἐκ
2576 3225 2829 3297 μήτρας,
2857 3226 2926 3280 ἐκ
2942 3226 3174 3292 κοιλίας
3195 3226 3422 3294 μητρός
3436 3240 3555 3293 μου
3583 3222 3732 3289 Θεός
3746 3239 3858 3291 μου

807 3334 953 3374 meus
980 3333 1034 3372 es
1063 3325 1118 3369 ιιι
1130 3331 1150 3380 ;
1200 3330 1263 3368 ne
1304 3312 1612 3368 discesseris
1651 3328 1687 3365 a
1722 3328 1826 3369 me.
1854 3310 2116 3369 ‘Declarat
2162 3326 2224 3369 se
2269 3325 2371 3367 non

2297 3325 2379 3367 I011
2410 3350 2453 3411 ο
2481 3318 2569 3389 μὴ
2597 3316 2876 3388 ἀποστῇς
2898 3318 3000 3374 ἀπ’
3020 3316 3188 3388 ἐμοῦ.
3224 3315 3579 3389 Παρίστησιν,
3600 3314 3687 3368 ὅτι
3710 3313 3771 3366 οὐ
3799 3329 3861 3365 κα

804 3409 1081 3467 communi
1100 3413 1310 3464 natura:
1337 3422 1462 3472 usu,
1487 3421 1667 3478 neque
1685 3406 1803 3477 pari
1826 3414 1993 3477 atque
2014 3405 2108 3461 alii
2133 3404 2368 3461 homines

2295 3420 2382 3461 nes
2418 3404 2452 3411 v
2487 3429 2594 3476 σιν,
2627 3410 2750 3465 οὐδὲ
2774 3412 2976 3483 ὁμοίως
3000 3413 3114 3477 τοῖς
3135 3410 3339 3473 λοιποῖς
3367 3407 3572 3463 ἅπασιν
3594 3407 3859 3482 ἀνθρώποι

803 3498 1108 3575 caeteraque
1141 3501 1440 3557 animantia
1476 3500 1609 3566 ritu,
1661 3500 1875 3558 scilicet
1920 3515 1988 3556 ex
2034 3500 2280 3556 masculo
2326 3508 2367 3555 el

2326 3506 2382 3555 ει
2482 3505 2595 3570 τοῖς
2629 3505 2835 3569 λοιποῖς
2860 3503 3020 3570 ζώοις
3051 3502 3467 3581 παραπλησίως,
3498 3504 3611 3566 τοῖς
3638 3500 3702 3567 ἐξ
3725 3502 3853 3574 ipse

801 3582 1009 3654 femina
1047 3596 1410 3652 constitutum
1464 3608 1610 3661 esse,
1658 3609 1835 3665 neque
1881 3602 2064 3649 ortum
2099 3608 2158 3650 se
2186 3592 2365 3648 eadem

2291 3607 2378 3647 em
2480 3595 2719 3669 θηλείας,
2756 3596 3164 3670 συνιστάμενος,
3191 3598 3286 3651 καὶ
3329 3594 3399 3651 τά
3444 3595 3543 3667 τῆς
3588 3592 3757 3649 αὑτοῦ
3802 3609 3855 3661 γε

799 3693 1013 3749 ratione
1058 3689 1264 3757 fuisse;
1313 3688 1408 3744 sed
1442 3687 1572 3759 quid
1612 3696 1807 3758 praeter
1855 3687 2135 3759 vulgarem
2169 3693 2363 3741 natura

2287 3700 2379 3741 Ira:
2481 3687 2844 3743 ωνετελεῖτο’
2888 3684 3003 3760 εἶχε
3042 3688 3100 3743 δέ
3134 3706 3189 3743 τι
3227 3688 3397 3743 πλείω
3437 3686 3590 3759 παρὰ
3618 3686 3722 3759 τὴν
3750 3703 3851 3741 non

798 3785 1047 3843 ordinem
1082 3783 1361 3838 habuisse.

1020 3800 1047 3839 ιι
1082 3783 1361 3838 habuisse.
2479 3799 2584 3838 σιν.

871 3877 1037 3933 Vnus.
1087 3876 1155 3930 l2
1183 3875 1309 3929 44.
1353 3875 1619 3942 Quoniam
1666 3873 1940 3929 tribulatio
1991 3874 2236 3943 proxima
2272 3885 2372 3939 est,

2283 3885 2372 3939 est,
2549 3875 2668 3929 Ὅτι
2700 3875 2904 3945 θλίψις
2931 3874 3131 3947 ἐγγὺς,
3162 3872 3251 3927 ὅτι
3278 3875 3389 3928 οὐκ
3419 3871 3592 3926 ἐστιν
3613 3874 3649 3926 δ
3670 3868 3847 3937 βοηθι]

797 3973 1047 4043 quoniam
1096 3976 1312 4022 nonest
1360 3968 1451 4037 qui
1487 3965 1719 4036 adjuvet.
1765 3965 2239 4021 Circumdederunt
2292 3982 2361 4021 nu

2292 3982 2374 4021 me
2469 3968 2888 4037 ριεκύκλωσάν
2911 3985 2989 4039 με
3006 3968 3229 4037 μόσχοι
3248 3962 3484 4031 πολλοὶ,
3509 3962 3717 4034 ταῦροι
3735 3965 3845 4016 πίω

796 4062 952 4119 vituli
1009 4060 1187 4126 multi,
1232 4060 1377 4114 tauri
1412 4061 1627 4130 pingues
1673 4058 1984 4113 obsederunt
2030 4075 2129 4114 me.
2156 4057 2360 4129 Nequa-

2279 4073 2373 4113 [ιιι-
2466 4063 2720 4132 ριέσχον
2758 4080 2855 4133 με.
2890 4061 3003 4116 Οὐκ
3050 4059 3118 4114 ἂν
3156 4060 3420 4130 ἁμάρτοις
3470 4057 3598 4121 τοὺς
3652 4055 3843 4129 ἄρχοντ

797 4172 960 4229 quam
992 4170 1021 4209 a
1050 4169 1181 4209 vero
1213 4153 1577 4215 aberraveris,
1610 4151 1657 4208 si
1692 4159 1881 4206 tauros
1928 4152 2177 4221 pingues,
2220 4151 2361 4221 prin-

2275 4151 2374 4204 'in—
2487 4152 2755 4209 Ἰουδαίων
2775 4154 2960 4219 ἔθνους
2981 4150 3213 4223 ταύρους
3238 4150 3441 4214 πίονας,
3464 4148 3759 4221 ἀρχιερέας
3781 4161 3839 4227 κα

797 4252 948 4321 cipes
996 4246 1211 4303 Judaici
1248 4244 1465 4318 p0puli;
1523 4243 1640 4300 sive
1686 4243 1963 4314 principes
1998 4240 2361 4305 sacerdotum,

2273 4256 2367 4305 Im,
2477 4245 2667 4315 ματεῖς
2695 4244 2789 4296 καὶ
2826 4241 3244 4315 πρεσϐυτέρους,
3274 4239 3360 4294 διὰ
3401 4238 3607 4293 τούτων
3637 4235 3837 4309 δηλοῦσί

796 4344 1006 4401 scribas
1033 4350 1086 4399 et
1126 4341 1374 4398 seniores
1416 4338 1730 4410 signiﬁcare
1756 4336 1984 4392 dixeris.
2020 4333 2262 4403 Huiusce
2291 4335 2360 4389 rei

2291 4335 2371 4405 rei
2476 4331 2896 4405 σας.Μέμνηται
2924 4332 2982 4386 δὲ
3008 4332 3186 4387 αὐτῶν
3213 4331 3242 4384 ὁ
3268 4331 3424 4401 λόγος
3452 4331 3509 4383 ὲν
3536 4326 3818 4401 ἑξηκοστῷ

793 4438 999 4494 mentio
1027 4436 1260 4491 habetur
1292 4435 1346 4489 in
1378 4432 1723 4505 sexagesimo
1760 4430 1996 4501 septimo
2039 4429 2252 4501 psalmo
2280 4427 2357 4484 his

2280 4427 2367 4484 his
2472 4427 2670 4499 ψαλμῷ
2695 4427 2874 4497 λέγων
2895 4445 2906 4457 ·
2955 4428 3338 4498 Ἐπιτίμησον
3360 4428 3485 4493 τοῖς
3506 4425 3737 4494 θηρίοις
3756 4414 3833 4505 τοί

790 4528 1011 4585 verbis:
1052 4525 1273 4596 Increpa
1309 4526 1450 4595 {eras
1474 4523 1753 4578 arundinis
1782 4539 1801 4576 :
1825 4522 2156 4594 congregatio
2185 4532 2354 4575 tauro-

2266 4536 2368 4574 tro-
2465 4538 2617 4592 pov'
2658 4522 2696 4590 ἡ
2739 4520 3059 4592 συναγωγὴ
3101 4520 3220 4575 τῶν
3255 4521 3487 4590 ταύρων
3514 4519 3588 4573 ὲν
3610 4518 3741 4584 ταῖς
3763 4516 3830 4599 δα

792 4637 910 4673 rum
932 4621 985 4673 in
1008 4620 1179 4673 vaccis
1203 4619 1513 4688 populorum
1535 4621 1578 4673 ’.
1616 4616 1714 4673 Hic
1748 4631 1913 4688 porro
1944 4617 2198 4687 papulos,
2234 4629 2356 4669 vac-

2263 4629 2365 4668 'ac-
2470 4614 2588 4669 τῶν
2636 4613 2822 4672 λαῶν.
2842 4615 2978 4670 Ἀλλ’
3009 4614 3241 4670 ἐνταῦθα
3292 4614 3417 4678 τοὺς
3446 4613 3544 4685 μὲν
3591 4611 3757 4673 λαοὺς
3796 4607 3827 4675 ἂ

790 4728 907 4777 cas,
948 4712 1133 4782 populi
1177 4710 1363 4775 duces,
1416 4720 1601 4767 tauros
1634 4711 1990 4783 nuncupavit.
2022 4709 2079 4764 ln
2110 4706 2354 4779 praesenti

2261 4706 2363 4764 emi
2394 4725 2440 4782 ι)
2468 4706 2738 4779 ὠνόμασε,
2773 4707 2897 4772 τοὺς
2926 4707 2982 4760 δὲ
3012 4705 3120 4759 τῶν
3142 4704 3286 4759 λαῶν
3308 4698 3651 4775 ἡγουμένους
3673 4698 3825 4783 ταύρι

790 4806 918 4862 item
942 4805 1175 4876 psalmo,
1204 4803 1523 4869 illiusloco,
1561 4798 2031 4859 Circuiiadederunt
2076 4821 2157 4857 me
2208 4802 2354 4857 vituli

2261 4802 2359 4855 mn
2396 4780 2417 4782 ί
2466 4801 2524 4854 ὲν
2551 4799 2627 4872 τῷ
2666 4799 2887 4871 παρόντι
2914 4799 2968 4852 δὲ
2999 4797 3218 4870 ψαλμῷ,
3246 4796 3367 4851 ἀντὶ
3392 4794 3518 4848 τοῦ·
3553 4780 3823 4862 Περιεκῆ

789 4898 961 4963 multi,
998 4897 1363 4970 Symmachus
1393 4898 1473 4951 sic
1507 4896 1689 4962 habet,
1720 4897 1751 4950 ,1
1761 4880 1941 4951 uvenci
1970 4899 2113 4951 tauri
2144 4898 2353 4967 pingues

2256 4912 2361 4961 iues
2462 4914 2538 4968 με
2567 4866 2789 4967 μόσχοι
2829 4866 3068 4959 πολλοὶ,
3168 4866 3397 4953 ζΛκύλας
3431 4888 3525 4959 (Ι)’
3558 4884 3820 4979 Aquila:

786 4995 1039 5065 saginati,
1074 4992 1417 5063 circumplexi
1452 5000 1577 5045 sunt
1611 5007 1710 5054 me,
1759 4991 1955 5060 inquit,
1991 5002 2039 5045 et
2070 4989 2350 5045 circumde-

2252 4989 2364 5043 idc-
2460 5007 2557 5058 ροι
2584 4991 2789 5057 πίονες
2810 4993 2863 5043 οἱ
2890 4987 3144 5043 σιτιστοὶ
3173 4982 3495 5054 περιέσχον
3518 4997 3620 5053 με,
3650 4978 3816 5061 φησὶν,

785 5088 975 5143 derum
1007 5104 1118 5151 me;
1152 5086 1454 5142 secundum
1488 5084 1740 5154 Aquilam
1775 5100 1927 5151 vero,
1976 5084 2222 5139 Potentes
2251 5082 2349 5138 Ba-

2251 5082 2363 5138 Ba-
2459 5084 2948 5154 ριεστοιχίσαντό
2962 5100 3036 5153 με
3055 5100 3067 5113 ·
3094 5080 3235 5136 κατὰ
3254 5078 3311 5131 δὲ
3331 5078 3423 5130 τὸν
3458 5074 3694 5129 Ἀκύλαν
3712 5089 3727 5104 '

785 5200 884 5237 san
917 5182 972 5236 in
1005 5181 1361 5251 spectaculum
1398 5180 1748 5234 traduxerunt
1800 5194 1911 5241 me;
1958 5181 2113 5249 queis
2166 5178 2349 5234 adum-

2246 5193 2361 5233 uino
2469 5179 2677 5235 Βασὰν
2706 5172 3255 5247 διεδειγματίσαντό
3271 5187 3368 5242 με,
3392 5168 3630 5243 εἴρηται,
3658 5164 3753 5221 τοῦ

784 5277 977 5332 bratur
1027 5275 1282 5330 militaris
1315 5274 1470 5329 Pilati
1518 5290 1733 5338 manus,
1785 5270 1965 5328 Busan
2018 5283 2348 5346 nuncupata,

2244 5283 2355 5337 ala,
2466 5272 2776 5344 νιττομὲνου
2812 5272 2909 5343 τὴν
2949 5268 3042 5323 τοῦ
3083 5265 3316 5320 Πιλάτου
3348 5260 3749 5335 στρατιωτικὴν
3777 5272 3808 5313 1t

784 5387 906 5441 qua:
951 5385 1215 5425 coronam
1280 5369 1526 5440 spineam
1580 5368 1987 5440 complicatam,
2034 5367 2348 5423 diadematis

2242 5368 2357 5422 latis
2466 5366 2643 5421 Βασὰν
2674 5367 2974 5438 ὠνόμασεν,
3005 5362 3054 5416 οἳ
3092 5361 3352 5431 στέφανον
3374 5357 3439 5424 ἐξ
3456 5356 3712 5412 ἀκανθῶν

783 5465 926 5528 loco,
962 5463 1128 5534 capiti
1152 5462 1273 5533 ejus
1306 5462 1586 5531 imposuit.
1620 5462 1949 5531 Aperuerunt
1980 5476 2132 5529 super
2157 5478 2274 5514 eum
2301 5476 2347 5513 οι

2240 5478 2274 5513 n
2301 5475 2357 5513 os
2466 5460 2586 5515 ἀντὶ
2604 5459 2930 5532 διαδήματος
2964 5455 3240 5529 ἐπέθηκαν
3273 5452 3437 5527 αὐτῷ.
3468 5438 3804 5533 Ἠνοίξαντέ

782 5573 957 5622 suum,
990 5559 1125 5611 sicut
1159 5558 1236 5613 leo
1266 5555 1474 5625 rapiens
1492 5565 1540 5609 et
1574 5558 1806 5627 rugiens,
1838 5556 2155 5617 clamantes,
2185 5554 2346 5619 Tolle,

2144 5598 2155 5617 ,
2185 5554 2353 5619 Tolle,
2462 5552 2542 5621 τῷ
2572 5552 2637 5607 τὸ
2673 5553 2865 5623 στόμα
2887 5547 3107 5616 αὐτῶν,
3131 5548 3396 5617 ὠςηλέων
3430 5545 3708 5618 ἁρπάζων

784 5648 931 5712 tolle,
956 5651 1200 5721 cruciﬁge
1220 5666 1338 5704 eum
1363 5650 1425 5705 ¹⁰.
1458 5647 1688 5719 Sanguis
1720 5648 1833 5718 ejus
1864 5664 2020 5717 super
2051 5666 2142 5704 nos
2182 5658 2231 5704 et
2268 5665 2348 5702 su-

2230 5664 2231 5693 i
2268 5665 2358 5702 su—
2457 5662 2660 5716 μενος,
2685 5646 2975 5711 βοῶντες·
3000 5639 3158 5714 Αἶρε,
3182 5640 3349 5721 αἶρε,
3365 5643 3723 5711 σταύρωσον

851 5812 872 5843 ⁷
913 5807 1102 5866 Matth.
1135 5828 1321 5879 xxvu,
1354 5812 1542 5871 130—49..
1621 5813 1641 5844 ⁸
1682 5810 1813 5867 ibid.
1848 5810 2034 5867 40-45.
2112 5813 2132 5843 θ
2172 5810 2321 5867 Psal.
2359 5822 2540 5871 um,
2575 5808 2687 5862 5i!
2747 5809 2789 5839 ⁸ο
2829 5806 2986 5863 Joan.
3026 5823 3155 5870 XIX,
3192 5805 3259 5860 15

846 5967 927 6039 (ί)
963 5966 1101 6041 Lege
1132 5973 1466 6045 Σύμμαχες.
1558 6012 1563 6017 -
