3966 6344
709 395 808 449 2H

1388 390 1650 446 EUSEBII
1684 387 2157 443 CIESARIENSIS
2198 387 2346 443 OPP.
2389 385 2572 481 Ppns
2611 383 2696 440 ill.
2723 380 3210 438 —EXEGETICA.
3815 379 3897 431 ΞΗ

711 508 1012 564 Salvatoris
1050 505 1520 570 resurrectionem,
1557 505 1740 560 lsrneli
1776 512 2180 574 anteponuntur
2220 504 2254 556 ii

2390 502 2522 573 ἦρος
2553 499 2938 571 προτάττονται
2992 497 3086 550 τοῦ
3125 496 3338 568 Ἰσραὴλ
3380 497 3428 549 οι
3482 493 3797 562 φοϐούμενοι
3830 496 3898 546 τίν

713 600 806 669 qui
835 600 1024 653 timent
1054 597 1358 650 Dominum.
1379 595 1509 648 Nam
1537 597 1662 664 quia
1699 597 1812 665 ipse
1847 594 2054 649 dixerat
2085 598 2260 663 (vers.

712 692 847 759 25):
880 688 1120 743 Narrabo
1146 705 1329 742 nomen
1359 697 1502 738 tuum
1545 686 1796 754 fratribus
1832 687 1978 745 meis,
2015 686 2066 737 in
2098 684 2266 736 medio

714 780 964 836 Ecclesiae
986 780 1210 836 laudabo
1242 789 1307 842 te,
1348 773 1596 847 oportuit
1637 779 1808 845 primo
1855 776 2109 830 Ecclesia:
2158 791 2269 828 sua:

715 873 925 943 populis
984 871 1245 942 hymnum
1293 869 1564 923 attribui:
1624 869 1787 936 hique
1844 876 1997 922 erant
2042 867 2270 936 gentiles

714 965 895 1032 ipsius
916 978 1017 1032 ope
1052 962 1280 1015 salutem
1329 961 1493 1014 nacti.
1523 961 1670 1025 Quos
1704 960 1789 1013 his
1815 959 1991 1012 verbis
2027 958 2266 1022 adnotat,

716 1057 819 1121 Qui
857 1056 1048 1108 timetis
1082 1053 1383 1115 Dominum,
1415 1053 1625 1106 laudate
1652 1069 1789 1105 eum.
1827 1053 2000 1120 Atque
2028 1051 2272 1119 apposite

715 1147 1006 1202 admodum
1033 1146 1292 1200 fratribus
1330 1161 1391 1198 ac
1417 1145 1703 1213 discipulis
1744 1144 1879 1205 suis,
1918 1151 2101 1210 utpote
2133 1157 2271 1210 pra:-

717 1241 1075 1294 stantioribus
1121 1255 1184 1292 ac
1217 1241 1416 1291 virtute
1450 1238 1652 1305 majore
1698 1226 1960 1304 praeditis,
1994 1245 2272 1303 paternum

715 1346 913 1382 nomen
945 1339 1324 1382 enarratur-um
1358 1343 1415 1381 se
1450 1328 1765 1395 pollicetur;
1801 1334 1854 1377 at
1885 1325 2138 1378 Ecclesia:
2166 1341 2276 1377 suae

716 1424 1008 1491 populique
1042 1420 1378 1472 multitudini
1426 1434 1764 1488 nequaquam
1815 1426 2096 1487 paternum
2143 1417 2272 1471 illud

715 1529 912 1568 nomen
973 1512 1185 1566 tradit:
1244 1527 1351 1564 non
1404 1513 1544 1566 enim
1603 1511 1679 1564 illi
1748 1509 2060 1579 recipiendo
2120 1524 2277 1578 pares

717 1613 921 1658 erant:
974 1603 1064 1658 sed
1127 1604 1382 1672 hymnum
1415 1603 1604 1658 edocet
1648 1603 1804 1668 illos;
1848 1602 2043 1657 deinde
2093 1616 2276 1654 semen

715 1691 884 1746 Jacob
914 1693 1067 1763 jubet
1101 1693 1193 1748 Dei
1239 1695 1464 1762 gloriam
1501 1693 1798 1763 prmdicare
1826 1712 1839 1761 ;
1873 1692 2282 1760 secundumque

716 1783 963 1839 ordinem
995 1785 1143 1839 illum
1191 1784 1474 1839 Judaicum
1511 1786 1814 1847 constituit,
1863 1783 2118 1836 nimirum
2161 1794 2283 1851 post

2365 594 2751 664 Κύριον.Ἔδει
2779 593 2906 661 γὰρ,
2940 590 3216 661 εἰρηκότος
3243 588 3403 641 αὑτοῦ
3425 605 3438 618 ·
3473 586 3829 656 Διητήσομαι
3852 589 3901 640 τὸ

2368 684 2553 754 ὄνομά
2591 700 2703 738 σου
2741 683 2863 749 τοῖς
2900 682 3180 752 ἀδελφοῖς
3211 699 3350 750 μου,
3377 683 3446 734 ἐν
3478 679 3646 750 μέσῳ
3685 682 3903 747 Ἐκκλη-

2369 781 2506 844 σίας
2531 778 2778 847 ὑμνήσω
2809 793 2881 829 σε
2903 793 2914 804 '
2947 775 3035 828 τὸν
3083 775 3245 843 ὕμνον
3289 773 3520 844 πρώτοις
3563 772 3904 843 παραδοθῆναι

2369 871 2478 931 τοῖς
2507 869 2604 938 τῆς
2631 869 2950 939 Ἐκκλησίας
2980 865 3164 919 αὑτοῦ.
3184 858 3339 919 Οὗτοι
3371 866 3427 918 δέ
3449 862 3588 936 ἦσαν
3613 867 3660 917 oi
3685 863 3746 928 ἐξ
3767 863 3905 916 ἐθνῶν

2369 960 2435 1012 δι’
2463 961 2621 1013 αὑτὸν
2669 960 2996 1030 σεσωσμένοι
3017 965 3037 989 ·’
3080 958 3171 1022 οὓς
3215 960 3277 1029 δὴ
3321 959 3572 1028 σημαίνει
3617 958 3820 1024 λέγων’
3861 962 3905 1008 Οἱ

2370 1053 2721 1120 φοϐούμενοι
2770 1054 2877 1104 τόν
2921 1053 3160 1119 Κύριον,
3185 1052 3457 1103 αὶνέσατε
3486 1051 3690 1103 αὐτόν.
3727 1049 3908 1118 Σφόδρα

2372 1144 2610 1214 ἀκριϐῶς
2636 1144 2747 1206 τοῖς
2789 1144 2886 1213 μὲν
2930 1142 3120 1196 ἑαυτοῦ
3164 1141 3406 1208 ἀδελφοῖς
3442 1141 3533 1192 καὶ
3584 1140 3845 1211 μαθηταῖς
3867 1143 3910 1193 τὲ
3958 1147 3959 1214 ἦ

2372 1239 2537 1308 ὄνομα
2568 1236 2865 1308 διηγεῖσθαι
2909 1238 2968 1289 τὸ
3003 1236 3283 1307 πατρικὸν,
3317 1235 3390 1297 ὠς
3425 1233 3489 1286 ἂν
3529 1235 3801 1304 κρείττοσι
3841 1237 3910 1287 καὶ

2372 1331 2777 1401 δυνατωτέροις,
2808 1329 3226 1397 ἐπαγγέλλεται-
3259 1328 3349 1379 ἐπὶ
3379 1327 3433 1380 δὲ
3480 1327 3577 1397 τῆς
3617 1326 3911 1395 Ἐκκλησίας

2375 1421 2537 1474 αὐτοῦ
2581 1426 2672 1476 καὶ
2703 1423 2794 1474 τοῦ
2825 1421 3058 1492 πλήθους
3086 1421 3177 1473 τοῦ
3209 1419 3334 1473 λαοῦ
3360 1419 3541 1471 οὐκέτι
3581 1420 3641 1471 τὸ
3676 1421 3911 1490 πατρικὸν

2375 1516 2543 1584 ὄνομα
2567 1514 2929 1585 παραδίδωσιν
2947 1530 2962 1546 ο
2991 1513 3051 1566 οὐ
3080 1513 3186 1584 γὰρ
3214 1513 3449 1583 ἐχώρουν
3478 1506 3621 1565 οὗτοι
3640 1527 3652 1540 ·
3686 1509 3847 1580 ὕμνον
3873 1511 3912 1563 δὲ

2377 1609 2568 1669 αὐτοὺς
2609 1607 2874 1660 διδάσκει’
2907 1606 3094 1660 ἔπειτα
3119 1606 3196 1675 τῷ
3242 1605 3509 1676 σπέρματι
3539 1603 3737 1657 Ἰακὼϐ
3771 1621 3841 1675 πρ
3869 1621 3912 1656 σ-

2378 1701 2556 1752 τάττει
2615 1698 2854 1764 δοξάζειν
2903 1701 3084 1762 αὑτὸν,
3135 1699 3385 1768 δεύτερον
3432 1698 3613 1768 τάγμα
3659 1697 3830 1760 τιθεὶς
3869 1697 3913 1748 τὸ

2397 1792 2699 1855 Ἰουδαϊκὸν,
2739 1791 2873 1862 μετά
2900 1792 2988 1843 τὸν
3025 1789 3084 1855 ἐξ
3119 1789 3284 1844 ἐθνῶν
3310 1790 3436 1843 λαόν
3455 1807 3466 1818 ·
3507 1788 3600 1851 οὒς
3628 1789 3725 1842 καὶ
3750 1789 3917 1858 ὀνομά-

719 1876 969 1945 gentilem
1007 1877 1286 1945 populum.
1315 1874 1462 1938 Quos
1491 1875 1706 1942 quidem
1740 1841 1955 1927 Ju'dzeos
1985 1889 2092 1926 non
2114 1841 2282 1927 Jacob

2389 1841 2463 1945 ςὲὶ
2505 1841 2871 1944 aptae;
2895 1841 3045 1933 vi...
3063 1841 3298 1950 ’σπέρμά
3342 1841 3531 1931 έιαέεὼσ
3569 1841 3662 1931 {ut
3710 1841 3918 1950 Ἱππίῃ,

719 1970 988 2037 appellat;
1019 1969 1113 2023 sed
1153 1983 1336 2022 semen
1366 1966 1555 2020 Jacobi
1593 1975 1645 2019 et
1681 1965 1934 2019 lsraelis:
1968 1965 2129 2034 idque
2159 1980 2188 2018 e
2226 1980 2284 2020 re

716 2067 772 2114 et
797 2068 1070 2122 accurate,
1096 2066 1314 2127 propter
1337 2072 1522 2110 eorum
1556 2073 1617 2111 ex
1651 2057 1961 2126 patriarcha
1999 2058 2280 2125 originem.

718 2149 838 2204 Non
871 2151 1014 2204 enim
1061 2150 1131 2204 oh
1175 2157 1456 2219 paternum
1508 2149 1637 2202 illud
1683 2150 1954 2212 studium,
1993 2146 2166 2218 neQue
2214 2147 2285 2200 oh

727 2240 962 2309 aliquam
988 2256 1109 2294 cum
1140 2246 1294 2309 patre
1326 2255 1425 2294 suo
1468 2239 1898 2302 similitudinem,
1937 2238 2088 2308 digni
2130 2246 2284 2292 erant
2321 2226 2336 2238 ’

719 2330 812 2400 qui
874 2329 1042 2384 Jacob
1087 2337 1553 2398 nuncuparentur,
1592 2329 1688 2381 sed
1744 2329 1968 2384 seminis
2004 2343 2184 2383 causa
2230 2328 2284 2381 id

721 2421 959 2475 numinis
993 2421 1393 2476 sortiebantur:
1443 2419 1702 2484 Quoniam
1740 2437 1842 2473 non
1890 2422 2078 2488 sprevit
2126 2438 2285 2490 neque

721 2513 956 2582 despexit
990 2511 1403 2578 deprecationem
1434 2511 1714 2579 pauperis:
1755 2527 1844 2564 nec
1879 2512 2066 2563 avertit
2098 2511 2285 2578 {aciem

723 2619 874 2656 suam
922 2618 954 2655 a
998 2617 1110 2660 me,
1145 2610 1192 2653 et
1241 2617 1357 2653 cum
1397 2600 1680 2654 clamarem
1736 2602 1806 2653 ad
1857 2616 1975 2654 eum
2022 2599 2285 2653 exaudivit

725 2709 826 2748 me.
1583 2706 1585 2708 ’

803 2783 964 2839 Vens.
993 2783 1084 2849 26,
1115 2784 1206 2839 27.
1251 2784 1421 2838 Edent
1450 2801 1700 2853 pauperes
1727 2795 1775 2838 et
1806 2783 2207 2846 saturabuntur,
2236 2793 2285 2836 et

727 2877 1017 2931 laudabunt
1046 2877 1328 2930 Dominum
1363 2879 1451 2947 qui
1487 2879 1753 2947 requirunt
1794 2894 1931 2940 eum,
1965 2878 2130 2929 vivent
2172 2891 2287 2927 cor-

727 2966 796 3021 da
823 2984 1001 3021 eorum
1045 2969 1099 3021 in
1134 2969 1383 3021 steculum
1419 2968 1619 3020 swculi.
1673 2967 1770 3020 Hic
1803 2967 1954 3028 dicit,
2013 2963 2199 3026 edent;
2229 2965 2285 3018 in

728 3059 1082 3128 sequentibus
1137 3075 1261 3112 vero
1295 3099 1310 3122 ,
1360 3059 1802 3112 manducaverunt
1845 3068 1893 3112 et
1942 3056 2286 3110 adoraverunt

2386 1973 2587 2043 σφόδρα
2621 1972 2861 2044 ἀκριϐῶς
2887 1972 2975 2026 διὰ
3001 1971 3098 2043 τὴν
3129 1974 3191 2024 ἐκ
3224 1967 3317 2024 τοῦ
3345 1971 3680 2042 πατριάρχου
3713 1972 3915 2040 γένεσιν.

2385 2065 2457 2115 Οὐ
2486 2064 2591 2134 γὰρ
2611 2065 2696 2118 διὰ
2721 2065 2809 2117 τὸν
2840 2063 2996 2135 ζῆλον
3016 2064 3105 2118 τὸν
3133 2065 3412 2135 πατρικὸν,
3433 2065 3550 2118 οὐδὲ
3577 2064 3664 2116 διὰ
3689 2063 3788 2133 τὴν
3814 2063 3922 2134 πρὸς

2383 2156 2472 2208 τὸν
2519 2158 2726 2228 πατέρα
2775 2157 3029 2227 ὁμοίωσιν
3073 2157 3208 2221 ἄξιοι
3233 2154 3370 2228 ἦσαν
3396 2156 3689 2226 κεκλῆσθαι
3734 2155 3919 2216 Ἰακὼϐ,

2384 2247 2516 2301 ἀλλὰ
2555 2249 2646 2302 τοῦ
2697 2250 3005 2320 σπέρματος
3032 2251 3214 2303 ἕνεκεν
3238 2249 3423 2302 τοῦτον
3442 2243 3826 2319 -ἐχρημάτιζον
3853 2250 3922 2298 τὸν

2383 2342 2578 2410 τρόπον
2598 2358 2610 2370 ·
2652 2342 2769 2394 Ὅτι
2797 2343 2907 2395 οὐκ
2940 2341 3344 2406 ἐξουδεινωσεν
3392 2339 3531 2394 οὐδὲ
3572 2337 3924 2406 προσώχθισε

2385 2432 2457 2500 τῇ
2482 2432 2682 2498 δεήσει
2705 2434 2810 2486 τοῦ
2833 2434 3069 2502 πτωχοῦ
3087 2451 3099 2464 ·
3135 2432 3276 2486 οὐδὲ
3303 2432 3642 2501 ἀπέστρεψε
3662 2430 3733 2484 τὸ
3766 2431 3923 2498 προσ.

2385 2539 2545 2578 ωπον
2575 2525 2758 2578 αὑτοῦ
2798 2526 2898 2578 ἀπ’
2922 2526 3087 2600 ἐμοῦ,
3127 2526 3224 2579 καὶ
3255 2526 3324 2579 ἐν
3365 2523 3444 2592 τῷ
3487 2521 3840 2594 κεκραγέναι
3867 2539 3924 2591 με

2385 2615 2533 2684 πρὸς
2564 2617 2750 2678 αὑτὸν
2778 2616 3103 2683 εὶσήκουσέ
3129 2635 3266 2686 μου.

2455 2792 2742 2861 miror-tat
2802 2792 3052 2859 πένητες
3093 2792 3190 2844 καὶ
3240 2790 3806 2860 ἐμπλησθήσονται,
3849 2791 3925 2842 καὶ

2383 2881 2694 2934 αινέσουσι
2729 2882 2946 2948 Κύριον
2994 2883 3047 2933 οὶ
3083 2879 3466 2949 ἑκζητοῦντες
3511 2882 3720 2946 αὐτὸν,
3751 2876 3927 2948 ζήσω·-

2383 2989 2475 3025 tat
2506 2976 2564 3024 al
2595 2973 2826 3039 καρδίαι
2851 2969 3048 3024 αὐτῶν
3079 2974 3166 3036 εἰς
3195 2971 3377 3024 αἰῶνα
3412 2969 3642 3038 αὶῶνος,
3687 2969 3926 3024 Ἐνταῦθα
3958 2961 3959 3028 ἦ

2388 3063 2485 3132 μέν
2527 3080 2657 3133 φησι
2687 3063 3007 3133 φάγονται·
3063 3061 3410 3124 ὑποκαταϐὰς
3458 3061 3534 3127 δὲ,
3561 3064 3809 3132 ἔφαγον,
3849 3061 3924 3112 καὶ

730 3165 904 3203 omnes
934 3151 1145 3218 pingues
1171 3158 1343 3204 terrae.
1382 3147 1486 3203 Sed
1526 3150 1564 3202 ii
1615 3157 1900 3218 postquam
1950 3147 2287 3201 manducaue-

2390 3156 2852 3223 προσεκύνησαν
2873 3152 3095 3217 πάντες
3119 3156 3172 3205 οὶ
3185 3154 3396 3218 πίονες
3418 3151 3527 3219 τῆς
3553 3152 3684 3221 τῆς.
3705 3153 3840 3204 Ἀλλ’
3861 3153 3924 3204 ὅτι

731 3247 874 3300 runt,
913 3237 1139 3306 pingues
1176 3238 1349 3291 cil‘ecti
1389 3245 1535 3301 sunt,
1578 3240 1669 3307 qui
1725 3246 2014 3307 antequam
2046 3237 2285 3300 ederent,

733 3346 999 3399 pauperes
1029 3332 1392 3391 voca-bantur,
1436 3348 1570 3401 quos
1611 3332 1899 3401 pollicetur
1950 3331 2071 3384 cibo
2121 3331 2185 3383 ab
2231 3347 2288 3385 sc

733 3422 1147 3476 subministrato
1197 3439 1392 3476 usuros
1438 3440 1580 3477 csse.
1636 3423 1848 3485 Edent,
1899 3421 2108 3490 inquit,
2157 3437 2288 3488 pau-

732 3529 897 3578 peres.
935 3512 998 3564 iii
1022 3529 1188 3582 porro
1217 3524 1373 3567 erant
1407 3530 1541 3582 quos
1582 3516 1634 3567 in
1671 3513 2092 3568 beatitudinibus
2132 3523 2288 3567 caete-

735 3605 812 3658 ris
845 3608 1106 3672 praeponit
1157 3606 1380 3659 dicens:
1419 3606 1569 3658 Beati
1614 3621 1863 3673 pauperes
1904 3604 2122 3688 spiritu,
2161 3621 2312 3672 quo--

735 3697 877 3748 niam
912 3697 1145 3764 ipsorum
1178 3706 1253 3748 est
1284 3713 1497 3766 regnum
1526 3698 1773 3749 cwlorum
1793 3697 1836 3733 ¹⁶
1863 3715 1873 3748 :
1905 3696 2104 3764 quibus
2128 3696 2288 3750 etiam

734 3804 797 3842 ea
833 3789 1098 3856 promittit
1128 3803 1246 3856 quae
1286 3804 1408 3842 mox
1451 3788 1818 3856 adjiciuntur:
1857 3787 2008 3841 Beati
2044 3789 2132 3857 qui
2173 3803 2290 3840 esu-

737 3883 882 3932 riunt
924 3890 970 3931 et
1005 3881 1191 3932 sitiunt
1225 3881 1522 3948 justitiam,
1555 3883 1800 3948 quoniam
1843 3880 1943 3948 ipsi
1972 3879 2290 3934 saturabun.

741 3981 825 4022 tur
851 3972 912 4024 ¹⁷.
946 3969 1240 4039 Postquam
1266 3981 1465 4034 autem,
1503 3973 1597 4035 ait,
1634 3972 1968 4026 comederint
2003 3962 2287 4041 pauperes,

740 4075 802 4114 ac
836 4061 956 4114 cibo
1004 4060 1211 4128 repleti,
1246 4061 1380 4121 sive,
1429 4071 1486 4116 ut
1516 4063 1590 4114 ait
1645 4062 2033 4131 Symmachus,
2064 4052 2319 4118 saturati'

741 4153 977 4215 fuerint,
1031 4164 1156 4206 tunc
1209 4153 1496 4204 laudabunt
1545 4153 1824 4206 Dominum
1888 4156 1975 4223 qui
2026 4157 2290 4225 requirunt

738 4261 890 4297 eum:
923 4261 985 4298 ac
1008 4247 1183 4300 cibum
1217 4245 1318 4298 sibi
1353 4245 1418 4296 ah
1460 4245 1574 4312 ipso
1604 4246 2071 4301 subministratum
2107 4262 2288 4301 come-

741 4340 933 4392 dcntes
961 4347 1012 4392 et
1048 4327 1384 4406 requirentes
1419 4337 1617 4405 ipsum,
1649 4345 1842 4407 magno
1869 4339 1978 4402 illo,
2012 4340 2103 4406 qui
2126 4332 2288 4393 dein-

743 4448 869 4496 t't'ps
907 4431 1250 4490 declaratur,
1313 4429 1487 4480 fructu
1547 4428 1857 4495 potientur:
1911 4444 2067 4492 nam,
2126 4432 2292 4483 vivent

735 4521 901 4597 fur-da
951 4539 1126 4572 eorum
1175 4525 1226 4572 in
1276 4522 1523 4573 steculum
1556 4521 1754 4574 swculi.
1811 4518 2087 4589 Siquidem
2137 4522 2292 4589 panis

749 4609 834 4664 ille
861 4613 1000 4664 vitm.
1034 4614 1099 4663 ab
1129 4615 1244 4679 ipso
1292 4613 1544 4674 traditus,
1589 4613 2006 4666 immortalitatis
2054 4620 2294 4665 aeterna:-

752 4721 850 4770 quc
885 4704 1004 4755 vitae
1050 4709 1236 4756 auctor
1281 4705 1411 4772 ipsis
1462 4706 1673 4759 futurus
1695 4713 1809 4768 est;
1841 4703 2290 4772 quemadmodum

747 4795 860 4874 ipse
892 4797 1072 4848 docuit
1130 4798 1211 4849 his
1245 4797 1459 4850 verbis:
1500 4795 1609 4864 Ego
1653 4814 1764 4848 sum
1806 4797 1956 4860 panis
2000 4798 2151 4858 vitae,
2205 4794 2293 4862 qui

745 4886 1084 4946 descenditde
1117 4890 1263 4952 mlo,
1295 4901 1341 4941 et
1369 4892 1455 4958 qui
1482 4889 1572 4940 dat
1593 4892 1747 4942 vitam
1769 4889 1959 4942 mundo
1984 4890 2063 4939 ¹⁸;
2106 4897 2159 4940 et
2201 4889 2324 4940 ite-,

749 4993 908 5033 rum:
949 4977 1004 5028 Si
1040 4977 1153 5044 quis
1195 4979 1584 5031 manducauerit
1618 4993 1681 5030 ea:
1735 4994 1866 5044 pane
1911 4994 2042 5039 meo,
2074 4978 2200 5029 vivet
2246 4977 2299 5026 in

750 5073 996 5121 alernunt
1024 5071 1086 5132 ‘9,
1111 5079 1162 5123 et
1194 5079 1404 5123 cmtera.
1443 5070 1628 5124 Viden‘
1668 5086 1774 5139 quo
1807 5077 1962 5136 pacto
2012 5069 2125 5121 inec
2171 5083 2302 5121 con-

751 5158 935 5213 ciuant
984 5175 1106 5212 cum
1165 5161 1248 5212 his
1292 5160 1483 5228 psalmi
1524 5162 1698 5215 verbis
1724 5203 1736 5224 ,
1764 5158 1931 5210 Edent
1965 5173 2209 5225 pauperes
2255 5168 2304 5210 et

751 5250 1160 5314 Jalurabuntur;
1197 5261 1280 5318 et,
1326 5255 1492 5306 vivent
1543 5252 1698 5305 corda
1741 5268 1917 5304 eorum
1959 5252 2011 5302 in
2054 5251 2301 5303 saeculum

754 5343 931 5399 saeculi
951 5347 974 5402 7
2034 5332 2040 5340 ’

831 5431 986 5488 Vtilis.
1027 5437 1122 5499 28,
1164 5443 1250 5489 29.
1300 5436 1702 5489 Reminiscentur
1747 5447 1795 5488 et
1837 5443 2186 5487 convertentur
2235 5432 2300 5485 ad

759 5521 1033 5577 Dominum
1073 5528 1292 5580 universi
1320 5529 1444 5594 ﬁnes
1494 5537 1664 5594 terrae,
1699 5537 1746 5578 et
1776 5524 2065 5577 adorabunt
2098 5525 2150 5576 in
2180 5540 2301 5576 con—

757 5623 931 5680 spectu
970 5615 1076 5680 ejus
1107 5619 1353 5672 universae
1393 5617 1609 5685 {ancilia’
1639 5617 1878 5685 gentium.
1910 5613 2167 5678 Quoniam
2201 5614 2302 5666 Do-

838 5795 876 5824 ”
907 5792 1094 5849 Matth.
1132 5811 1180 5858 ν,
1207 5798 1258 5848 5.
1338 5798 1375 5828 ¹⁷
1417 5796 1542 5852 ibid.
1580 5797 1632 5853 6.

2397 3247 2493 3315 μὲν
2518 3247 2758 3314 ἔφαγον,
2790 3244 2967 3307 πίονες
3000 3243 3274 3311 ἐγένοντοο
3299 3244 3405 3314 πρὸ
3432 3242 3487 3296 δὲ
3511 3242 3603 3296 τοῦ
3636 3246 3829 3312 φαγεῖν
3855 3244 3927 3294 τέ·
3958 3259 3959 3312 1

2392 3356 2546 3408 νητες
2579 3335 2947 3406 ὠνομάζοντο·
2975 3335 3068 3399 οὒς
3097 3335 3716 3406 ἐπαγγέλλεταιβρώσει
3751 3336 3930 3406 χρήσα-
3958 3335 3959 3402 ξ

2395 3428 2514 3480 σθαι
2550 3417 2614 3499 τῇ
2653 3429 2742 3480 ὑπ’
2771 3426 2931 3480 αὐτοῦ
2980 3425 3478 3498 χορηγηθησομένῃ.
3507 3425 3797 3494 Φάγονται
3824 3425 3927 3493 γὰρ,
3958 3409 3959 3414 η

2396 3519 2545 3589 φησι,
2585 3518 2852 3586 πένητες.
2883 3510 3040 3570 Οὗτοι
3069 3517 3125 3569 δὲ
3154 3512 3292 3587 ἦσαν
3324 3515 3416 3578 οὓς
3439 3515 3531 3568 καὶ
3556 3517 3610 3567 ἐν
3636 3517 3750 3579 τοῖς
3781 3532 3928 3585 μακα-

2398 3613 2604 3680 ρισμοῖς
2629 3611 2913 3680 προτάττει
2941 3609 3046 3661 τῶν
3070 3608 3268 3661 λοιπῶν
3294 3608 3514 3676 φάσκων
3533 3623 3544 3634 ’
3580 3607 3861 3676 Μακάριοι
3889 3609 3926 3656 ol
3958 3645 3959 3648 η

2396 3706 2612 3773 πτωχοὶ
2633 3704 2711 3770 τῷ
2737 3706 3045 3772 πνεύματι,
3084 3695 3171 3754 ὅτι
3195 3700 3391 3755 αὐτῶν
3428 3702 3598 3754 ἐστιν
3617 3700 3929 3769 ήλβασιλειά

2394 3794 2509 3849 τῶν
2530 3794 2825 3864 οὐρανῶν·
2854 3788 2935 3855 οἷς
2971 3792 3064 3845 καὶ
3083 3791 3150 3845 τὰ
3188 3789 3314 3860 ἐξῆς
3347 3789 3708 3860 ἐπηγγείλατο
3748 3789 3926 3856 λέγων·

2393 3887 2678 3954 Μακάριοι
2703 3889 2755 3938 οἱ
2789 3882 3104 3949 πεινῶντες
3137 3884 3236 3936 καὶ
3266 3879 3571 3950 διψῶντες.
3591 3879 3708 3948 τὴν
3739 3879 3929 3933 δικαιο-

2395 3979 2613 4046 σύνην,
2643 3977 2731 4029 ὅτι
2759 3976 2925 4030 αὐτοὶ
2948 3974 3476 4044 χορτασθήσονται.
3495 3970 3743 4026 Ἐπειδὰν
3770 3971 3824 4024 δὲ
3848 3971 3929 4037 φά-

2394 4064 2551 4134 γωσι,
2580 4069 2763 4138 φησιν,
2792 4069 2840 4119 οί
2875 4067 3120 4138 πένητες,
3147 4067 3242 4120 καὶ
3269 4066 3531 4135 φαγόντες
3552 4063 3927 4135 ἐμπλησθῶσιν,

2395 4159 2427 4229 ἦ
2461 4157 2848 4227 κορεσθῶσιν,
2881 4158 3020 4219 κατά
3047 4158 3137 4211 τὸν
3165 4158 3476 4228 Σύμμαχον,
3497 4156 3616 4208 τότε
3642 4153 3928 4208 αἱνέσουσι

2395 4251 2609 4319 Κύριον
2651 4249 3031 4318 ἐκζητοῦντες
3074 4249 3289 4321 αὐτόν’
3336 4247 3597 4316 φαγόντες
3641 4244 3702 4297 δὲ
3734 4243 3829 4313 τὴν
3859 4242 3928 4293 ὑπ’

2396 4341 2558 4394 αὑτοῦ
2591 4341 2834 4395 δοθεῖσαν
2853 4342 3034 4404 αὐτοῖς
3064 4340 3284 4411 βρῶσιν,
3304 4338 3396 4389 καὶ
3417 4337 3746 4407 ζητήσαντες
3773 4329 3925 4388 αὑτὸν,

2400 4434 2570 4504 μέγαν
2603 4431 2786 4497 ἕξουσι
2820 4432 3029 4502 καρπὸν
3059 4430 3152 4482 τὸν
3188 4429 3312 4497 ἑξῆς
3343 4425 3662 4503 δηλούμενον
3681 4443 3696 4459 ·
3725 4423 3926 4490 Zacor-

2398 4542 2486 4577 ται
2511 4525 2614 4594 γὰρ
2642 4527 2699 4576 αἱ
2724 4523 2954 4595 καρδίαι
2980 4517 3177 4573 αὐτῶν
3200 4520 3286 4584 εὶς
3311 4516 3493 4570 αἰῶνα
3512 4514 3748 4580 αἰῶνος.
3767 4515 3822 4566 '0
3844 4512 3928 4579 γὰρ

2399 4616 2558 4686 ἄρτος
2589 4615 2755 4683 ζωῆς,
2784 4617 2813 4666 ὁ
2842 4613 2930 4666 On’.
2981 4609 3143 4664 αὐτοῦ
3196 4608 3519 4680 χορηγηθεὶς
3561 4607 3761 4669 αὐτοῖς,
3786 4603 3929 4661 αἴτιος

2398 4709 2576 4770 αὐτοῖς
2623 4706 2772 4758 ἔσται
2831 4701 3126 4765 ἀθανασίας
3170 4702 3262 4753 καὶ
3291 4698 3432 4769 ζωῆς
3469 4697 3721 4759 αἰωνίου,
3773 4692 3925 4750 καθὼς

2397 4791 2627 4857 ἐδίδαξεν
2639 4791 2798 4852 αὐτὸς
2813 4787 2980 4843 εἰπών
2996 4805 3008 4817 ’
3042 4786 3187 4856 Ἐγώ
3199 4790 3313 4856 ειμι
3326 4791 3358 4841 ὁ
3371 4786 3545 4854 ἄρτος
3561 4781 3706 4851 ζωῆς
3729 4785 3762 4836 ό
3779 4797 3927 4834 κατα-

2395 4885 2613 4939 ϐαίνων
2623 4885 2691 4937 ἐκ
2705 4881 2810 4936 τοῦ
2823 4879 3098 4947 οὐρανοῦ,
3118 4878 3214 4932 καί
3225 4877 3427 4942 διδοὺς
3447 4874 3597 4942 ζωὴν
3616 4870 3698 4939 τῷ
3711 4875 3894 4942 κόσμῳ
3913 4890 3920 4898 ·

2396 4977 2486 5028 καὶ
2518 4974 2710 5028 πάλιν·
2761 4971 2899 5026 Ἐάν
2923 4989 3012 5037 τις
3038 4970 3195 5040 φάγῃ
3222 4969 3290 5022 ἐκ
3328 4965 3433 5020 τοῦ
3457 4965 3602 5033 ἐμοῦ
3629 4963 3826 5033 ἄρτου,
3847 4962 3924 5026 ζή-

2399 5081 2564 5120 σεται
2600 5068 2686 5130 εὶς
2729 5063 2832 5116 τὸν
2859 5063 3062 5128 αἰῶνα,
3094 5062 3187 5114 καὶ
3212 5057 3281 5110 τὰ
3307 5054 3631 5128 ἐξῆς.”ορᾷ.ς
3656 5058 3797 5120 ὅπως
3825 5075 3924 5110 aw-

2399 5157 2510 5224 ᾀδει
2541 5157 2712 5211 ταῦτα
2749 5153 2823 5224 τῷ
2847 5154 3103 5222 φάσκοντι
3132 5147 3326 5219 ψαλμῷ
3343 5161 3358 5178 ⁸
3387 5147 3678 5216 Φάνονται
3701 5149 3922 5213 πένητες

2405 5233 2504 5302 καὶ
2522 5248 3051 5318 ἐμπλησθήσονται
3068 5258 3080 5271 ·
3113 5239 3501 5310 καὶ,ζ’ήσονται
3515 5244 3584 5295 at
3605 5241 3826 5311 καρδίαι
3847 5240 3925 5291 αὑ·

2406 5340 2522 5394 τῶν
2548 5343 2634 5406 εις
2661 5339 2844 5393 αιῶνα
2861 5337 3107 5400 αίῶνος;

2474 5430 2937 5500 Μνησθήσονται
2964 5426 3062 5480 καὶ
3083 5424 3626 5495 ἑπιστραφήσονται
3656 5423 3801 5491 πρὸς
3825 5420 3918 5473 Κύ-

2398 5536 2531 5587 ριον
2571 5518 2764 5573 πάντα
2807 5517 2877 5570 τὰ
2907 5515 3126 5584 πέρατα
3151 5515 3257 5586 τῆς
3296 5515 3420 5586 γῆς,
3467 5513 3560 5568 καὶ
3609 5508 3920 5580 προσκυνή-

2408 5627 2626 5665 σουσιν
2675 5611 2927 5665 ἐνώπιον
2973 5608 3155 5662 αὐτοῦ
3205 5606 3389 5664 πᾶσαι
3434 5607 3493 5657 ai
3549 5601 3777 5670 πατριαὶ
3828 5598 3921 5652 τῶν

1713 5796 1753 5829 ¹⁸
1792 5795 1944 5851 Joau.
1980 5811 2067 5864 vt,
2102 5796 2186 5850 55.
2267 5793 2310 5826 ι’
2349 5788 2478 5846 ibid.
2519 5791 2606 5845 59.
