3966 6344
682 404 785 458 215

1319 402 1584 489 EUSEBII
1623 403 2102 458 CASSARIENSIS
2140 400 2291 458 OPP.
2330 399 2512 454 PARS
2553 399 2641 454 lli.
2680 428 2749 440 --
2781 396 3175 454 EXEGETICA.
3803 400 3887 453 216

683 527 792 581 tur,
826 525 946 570 ante
974 516 1139 587 ipsum
1178 531 1343 586 genua
1382 517 1587 584 flectent
1617 534 1790 571 omnes
1817 519 1903 588 qui
1938 516 2240 571 descendunt

2353 531 2470 567 πον.
2499 509 2610 566 Εἴθ’
2642 512 2768 583 ἑξῆς
2797 511 3040 583 εἴρηται·
3068 510 3175 565 Kal
3203 511 3241 580 ἠ
3273 512 3440 581 ψυχή
3471 529 3584 576 μου
3630 507 3785 574 αὐτῷ
3807 508 3886 576 ζῆ·

680 611 736 662 in
794 617 1028 661 terram:
1078 607 1227 676 cujus
1275 609 1454 660 anima
1478 609 1624 671 vivet,
1673 624 1845 662 semen
1899 618 2070 660 autem
2121 607 2248 660 colet

681 702 874 764 ipsum.
915 699 995 752 Illi
1041 713 1252 760 omnes.
1287 699 1492 768 inquit.
1545 699 1960 769 procumbentes
1991 706 2045 753 et
2076 713 2250 770 genua

682 792 952 847 ﬂectentes
982 793 1305 857 adorabunt,
1340 793 1536 863 quibus
1559 807 1682 862 spes
1716 799 1800 847 est
1847 801 1902 845 ut
1944 793 2124 845 anima
2167 791 2250 844 vi-

680 884 790 953 vat,
819 893 872 938 et
898 901 1130 956 quorum
1164 901 1348 940 semen
1372 886 1512 940 colet
1540 885 1739 954 ipsum.
1775 882 1930 950 Quod
1956 886 1999 939 si
2033 883 2156 953 quis
2184 898 2248 937 ex

679 994 910 1049 persona
973 979 1271 1033 Salvatoris
1323 977 1437 1032 haec
1498 977 1646 1032 dicta
1688 977 1819 1032 velit
1871 977 2153 1045 excipere,
2198 984 2249 1030 et

680 1073 858 1126 anima
897 1088 1013 1124 mea
1043 1070 1124 1123 illi
1157 1070 1298 1136 vivit,
1342 1069 1640 1124 secundum
1672 1068 1977 1122 versionem
2006 1065 2248 1143 Septua-

680 1166 823 1232 ginta
868 1161 1254 1232 lnterpretum;
1308 1169 1362 1216 et
1413 1161 1582 1225 illud,
1627 1176 1796 1214 semen
1849 1158 2018 1212 meum
2065 1159 2248 1212 serviet

680 1257 813 1323 ipsi;
845 1257 892 1311 is
923 1254 1067 1308 dicat
1103 1255 1216 1309 haec
1257 1270 1285 1308 a
1324 1252 1606 1307 Salvatore
1647 1253 2010 1322 pronuntiari,
2042 1252 2134 1322 qui
2163 1260 2245 1305 to-

682 1363 791 1400 .um
825 1347 968 1401 hunc
991 1349 1257 1416 psalmum
1288 1346 1355 1401 de
1383 1346 1620 1414 qualibet
1658 1345 1836 1398 anima
1876 1344 1978 1399 sibi
2010 1341 2242 1408 addicta,

680 1453 885 1492 necnon
914 1439 980 1492 de
998 1437 1204 1494 semine
1235 1452 1355 1500 suo,
1373 1435 1677 1506 protulerit.
1705 1433 1898 1489 Semen
1927 1441 2106 1488 autem
2127 1431 2246 1502 ejus

677 1529 946 1597 quodnam
980 1544 1102 1584 esse
1132 1529 1355 1590 dixeris,
1386 1528 1489 1583 nisi
1526 1543 1621 1584 eos
1649 1527 1742 1599 qui
1771 1528 1871 1597 ipsi
1903 1543 1999 1598 per
2024 1541 2247 1598 genera-

678 1623 878 1678 tionem
907 1621 1141 1692 Spiritus
1174 1623 1346 1676 sancti
1384 1621 1476 1674 ﬁlii
1509 1622 1614 1676 orti
1653 1628 1823 1688 sunt;
1856 1621 1950 1690 qui
1984 1635 2106 1675 cum
2145 1617 2247 1672 Pa-

677 1723 814 1768 trem
874 1714 993 1781 ejus
1043 1715 1330 1782 coluerint,
1384 1722 1640 1770 :eternam
1689 1729 1752 1768 ac
1809 1713 2024 1769 beatam
2077 1711 2243 1771 vitam

677 1816 1103 1877 consequentur.

2349 605 2446 660 καὶ
2487 605 2553 658 τὸ
2584 603 2818 674 σπέρμα
2853 621 2970 674 μου
3004 602 3320 657 δουλεύσει
3344 602 3525 668 avni):
3557 605 3622 656 ’Ὀ
3659 601 3724 673 δὴ
3753 602 3890 668 σαφέ-

2352 716 2536 770 στερον
2560 700 2899 770 ἡρμήνευσεν
2926 699 2954 750 ὁ
2978 698 3269 768 Σύμμαχος
3303 695 3544 765 συνάψας
3577 696 3670 750 καὶ
3711 696 3887 748 εἰπών·

2353 793 2728 860 Ἐμπροσθεν
2754 790 2938 845 αὐτοῦ
2969 789 3342 843 ὀκλάσουσιν
3363 788 3623 853 ἅπαντες
3647 791 3700 841 ol
3740 804 3890 840 κατα-

2349 885 2652 949 ϐαίνοντες
2685 885 2770 949 είς
2803 874 3002 936 κόνιν·
3041 877 3111 936 οὗ
3153 882 3190 949 ἡ
3233 879 3402 948 ψυχὴ
3438 878 3634 945 ζήσει,
3677 879 3890 945 σπέρμα

2348 976 2416 1029 δὲ
2443 975 2752 1044 λατρεύσει
2781 972 2957 1038 αὐτῷ.
2986 973 3190 1036 Πάντες
3208 970 3316 1040 γὰρ
3339 970 3509 1033 αὐτοὶ,
3538 970 3721 1040 φησὶν,
3751 968 3888 1021 ὀκλά-

2352 1084 2572 1130 σαντες,
2631 1066 2722 1119 καὶ
2765 1066 2892 1134 γόνυ
2951 1065 3228 1128 κλίναντες
3282 1063 3778 1135 προσκυνήσουσιν·
3830 1055 3889 1113 ὧν

2349 1161 2502 1223 ἐλπὶς
2529 1159 2784 1232 ζήσεσθαι
2808 1160 2904 1231 τὴν
2927 1159 3124 1231 ψυχὴν,
3151 1159 3244 1211 καὶ
3266 1151 3338 1210 ὦν
3357 1158 3417 1210 τὸ
3445 1157 3663 1226 σπέρμα
3688 1155 3891 1226 λατρεύ-

2350 1269 2430 1304 σει
2459 1250 2624 1320 αὐτῷ.
2655 1251 2716 1304 El
2757 1250 2813 1302 δὲ
2851 1253 2916 1304 ὲκ
2946 1251 3233 1322 προσώπου
3264 1248 3354 1303 τοῦ
3384 1248 3631 1317 λέγοντος
3662 1246 3891 1316 Σωτῆρα

2349 1342 2589 1413 βούλοιτό
2610 1359 2692 1404 τις
2723 1341 2950 1395 ἀκοῦσαι
2982 1343 3069 1394 τό·
3102 1341 3213 1395 Καὶ
3243 1343 3281 1410 ἠ
3304 1339 3471 1410 ψυχή
3500 1356 3617 1408 μου
3646 1337 3802 1402 αὐτῷ
3821 1335 3890 1401 ζῇ,

2347 1433 2487 1486 κατά
2539 1435 2636 1504 τὴν
2691 1435 2799 1486 τῶν
2866 1433 3260 1504 Ἑϐδομήκοντα
3305 1431 3632 1502 ἑρμηνείαν·
3680 1429 3793 1494 καὶ,
3836 1427 3889 1480 Τό

2345 1526 2580 1595 σπέρμα
2613 1543 2737 1595 μου,
2761 1513 3074 1580 δουλεύσει
3108 1525 3295 1592 αὐτῷ·
3344 1524 3486 1578 εἴποι
3516 1522 3582 1578 ἂν
3623 1521 3805 1575 ταῦτα.
3821 1519 3890 1570 λέο

2344 1617 2532 1685 γεσθαι
2563 1617 2666 1670 ὑπὸ
2705 1615 2798 1669 τοῦ
2835 1617 3103 1687 Σωτῆρος,
3149 1616 3334 1669 τοῦτον
3375 1617 3550 1669 πάντα
3588 1613 3677 1666 τὸν
3702 1609 3892 1681 ψαλμὸν

2343 1708 2626 1774 διεξιόντος
2651 1708 2777 1779 περὶ
2815 1709 2994 1780 πάσης
3026 1707 3203 1778 ψυχῆς
3232 1706 3378 1778 αύτῷ
3407 1704 3790 1776 ἀνακειμένης,
3816 1701 3892 1752 καὶ

2345 1799 2588 1872 περὶτοῦ
2617 1798 2782 1852 αὑτοῦ
2813 1798 3142 1870 σπέρματος.
3175 1799 3401 1870 Σπέρμα
3445 1799 3500 1851 δὲ
3548 1794 3711 1850 αὑτοῦ
3755 1793 3802 1846 τί
3839 1791 3893 1844 ἂν

675 1899 898 1970 εἴποιςῆ
944 1901 1067 1963 τοὺς
1093 1901 1180 1954 διὰ
1213 1909 1513 1970 γεννήσεως
1543 1905 1694 1968 ἁγιυυ
1739 1899 1877 1952 ιινεύ
1887 1916 2050 1970 ματος
2099 1894 2456 1966 γεννωμένους
2495 1891 2641 1961 αὐτῷ
2666 1891 2831 1952 υἱοὺς,
2856 1890 2903 1942 οἳ
2926 1890 3018 1942 καὶ
3047 1889 3423 1954 δουλεύσαντες
3447 1890 3522 1960 τῷ
3549 1887 3712 1942 αὑτοῦ
3736 1887 3892 1953 Πατρὶ

675 1990 770 2060 τῆς
793 1989 1006 2042 αἰωνίου
1036 1990 1130 2042 καὶ
1161 1989 1433 2060 μακαρίας
1459 1989 1603 2059 ζωῆς
1635 1987 1980 2059 μεθέξουσιν;

747 2081 909 2136 Vsus.
947 2081 1036 2135 32.
1085 2080 1501 2155 Annunliabitur
1549 2079 1772 2133 Domino
1813 2080 2077 2150 generatio
2124 2095 2244 2132 ven-
2278 2079 2318 2132 ll

676 2185 820 2242 tura,
843 2186 892 2228 et
933 2173 1320 2227 annuntiabunt
1353 2173 1470 2226 caeli
1494 2172 1762 2242 justitiam
1786 2173 1897 2243 ejus
1934 2171 2123 2241 populo
2153 2171 2242 2240 gui

674 2274 936 2327 nascetur,
964 2279 1113 2333 quem
1159 2262 1278 2330 fecit
1326 2261 1603 2316 Dominus.
1648 2261 1945 2331 Postquam
1990 2258 2244 2313 Servator

674 2372 857 2412 semen
887 2371 1045 2411 suum
1077 2356 1397 2411 memoravit
1434 2354 1519 2409 his
1547 2354 1750 2420 verbis,
1791 2362 1838 2406 et
1872 2367 2043 2405 semen
2072 2365 2240 2402 meum

673 2451 855 2504 serviet
879 2451 1001 2519 ipsi,
1027 2447 1299 2519 quodnam
1335 2446 1466 2500 illud
1503 2461 1688 2501 semen
1735 2445 1803 2499 sit
1849 2443 2016 2514 probe
2049 2439 2238 2511 aperit,

671 2559 794 2598 cum
841 2542 1246 2614 generationem
1291 2547 1597 2603 venturam,
1642 2545 1697 2593 et
1736 2537 1992 2608 populum
2025 2535 2115 2606 qui
2143 2549 2240 2588 na-

671 2641 855 2692 scetur
885 2636 1292 2685 commemorat.
1329 2627 1791 2695 Quemadmodum
1839 2628 1980 2682 enim
2011 2641 2130 2697 qua:
2160 2625 2242 2695 gi~

673 2729 914 2793 gnuntur
943 2737 1007 2776 ex
1038 2722 1242 2777 semine
1293 2722 1504 2776 initium
1547 2720 1845 2778 exsistendi
1887 2721 2112 2786 ducunt,
2146 2734 2240 2774 eo-

671 2815 792 2868 dem
824 2829 1047 2883 prorsus
1081 2815 1245 2869 modo
1270 2813 1610 2869 nasciturum
1641 2813 1899 2884 p0pulum
1929 2821 1982 2867 et
2012 2827 2238 2882 genera-

674 2910 872 2962 tionem
903 2915 1206 2971 venturam,
1239 2922 1434 2963 novam
1469 2907 1680 2964 scilicet
1725 2921 1788 2960 ac
1840 2915 2133 2971 recentem,
2172 2921 2239 2961 ex

2427 2066 2910 2136 Ἀναγγελήσεται
2953 2063 3031 2131 τῷ
3081 2066 3272 2134 Κυρίῳ
3303 2081 3474 2134 γενεα
3527 2083 3560 2133 η
3593 2076 3890 2137 ερχομειης

2341 2159 2439 2212 καὶ
2469 2159 2867 2228 ἁναγγελοῦσι
2893 2157 3005 2226 τὴν·
3029 2157 3425 2224 δικαιοσύνην
3459 2158 3645 2211 αὑτοῦ
3673 2158 3800 2225 λαῷ
3827 2161 3893 2225 τῷ

2341 2248 2776 2317 τεχθησομένῳ,
2800 2249 2872 2302 ὃν
2891 2250 3179 2318 ἐποίησεν
3201 2252 3233 2303 ὃ
3256 2251 3489 2317 Κύριος.
3521 2252 3893 2323 Προονομάσας

2344 2343 2566 2412 σπέρμα
2593 2339 2753 2393 αὑτοῦ
2788 2342 2816 2393 ὁ
2839 2341 3026 2414 Σωτὴρ
3057 2343 3113 2394 ὲν
3144 2341 3251 2411 τῷ·
3281 2341 3390 2397 Kal
3417 2342 3483 2395 τὸ
3512 2342 3753 2412 σπέρμα
3788 2362 3891 2414 μου

2341 2433 2657 2487 δουλεύσει
2687 2431 2870 2498 αὐτῷ·
2900 2433 2952 2486 τί
2981 2449 3107 2486 ποτε
3141 2433 3225 2504 εἴη
3251 2433 3405 2487 τοῦτο
3426 2434 3486 2487 τὸ
3537 2434 3760 2506 σπέρμα
3796 2436 3893 2488 δια-

2344 2529 2522 2597 σαφεῖ,
2554 2525 2743 2596 γενεὰν
2776 2527 3075 2598 ἐρχομένην
3111 2527 3387 2598 ὀνομάζων
3428 2529 3522 2582 καὶ
3548 2527 3678 2583 λαὸν
3716 2529 3892 2600 τεχθη-

2344 2620 2583 2690 σόμενον.
2621 2619 2829 2689 ’Ὠσπερ
2855 2619 2962 2690 γὰρ
2987 2619 3055 2672 τά
3083 2619 3410 2692 γεννώμενα,
3441 2621 3549 2674 ἀπὸ
3577 2623 3892 2694 σπερμάτων

2338 2708 2436 2780 τὴν
2465 2707 2636 2781 ἀρχὴν
2667 2707 2767 2778 τῆς
2794 2708 3142 2773 ὑποστάσεως
3171 2711 3453 2781 λαμϐάνει,
3479 2713 3570 2766 τὸν
3592 2713 3756 2768 αὐτὸν
3782 2717 3892 2786 τρό-

2341 2816 2440 2851 πον
2463 2798 2552 2852 τὸν
2573 2797 2964 2870 τεχθησόμενον
2997 2798 3123 2852 λαὸν
3162 2801 3252 2852 καὶ
3286 2801 3382 2872 τὴν
3423 2800 3784 2874 ἐλευσομένην
3808 2821 3890 2873 γε-

2340 2897 2483 2960 νεάν,
2518 2896 2641 2950 νέαν
2672 2892 2832 2950 οὖσαν
2880 2896 2974 2949 καὶ
3025 2897 3213 2968 καινὴν
3235 2937 3248 2960 ,
3291 2895 3587 2966 οὒδαμόθεν
3634 2895 3777 2962 ἕξειν
3806 2897 3891 2966 τὴν

671 3001 821 3056 nullo
854 3001 1066 3055 initium
1103 3008 1451 3070 accepturam
1500 2999 1759 3064 declarat,
1811 2999 1916 3053 nisi
1961 3015 2028 3053 ex
2073 2998 2239 3053 ratio-

2340 2988 2512 3060 ἀρχὴν
2539 2990 2863 3060 παρίστησιν
2882 2988 2994 3041 ἀλλ’
3019 2988 3052 3058 ἢ
3083 2989 3146 3040 ἐκ
3175 2987 3282 3041 τῶν
3305 2987 3464 3040 αὐτοῦ
3488 2987 3719 3055 λογικῶν
3743 3005 3890 3057 σπερ-

672 3093 778 3147 nali
821 3094 1028 3148 semine
1077 3107 1198 3156 suo,
1227 3091 1369 3160 quod
1408 3092 1525 3160 ipse
1562 3104 1803 3160 prazsens
1841 3106 1936 3160 per
1966 3091 2238 3159 apostolos

2345 3078 2545 3148 μάτων,
2571 3071 2644 3131 ὧν
2679 3079 2770 3130 ἐπὶ
2798 3079 2900 3148 γῆς
2927 3078 3114 3149 παρὼν
3141 3079 3496 3132 κατεϐάλλετο
3521 3079 3610 3131 διὰ
3635 3080 3744 3132 τῶν
3770 3081 3889 3132 ἀποο

585 3165 591 3171 ’
672 3185 726 3238 iu
779 3192 925 3240 terra
979 3183 1384 3249 disseminabat,
1411 3183 1660 3238 videlicet
1714 3183 1965 3252 spiritum
1995 3182 2240 3252 adoptio-

2343 3167 2539 3220 στόλων
2563 3167 2749 3232 αὐτοῦ,
2770 3168 2830 3234 τὸ
2858 3169 3069 3239 πνεῦμα
3091 3170 3188 3240 τῆς
3208 3169 3492 3232 υἱοθεσίας.
3524 3170 3669 3221 Ἀντὶ
3695 3170 3749 3222 δὲ
3771 3170 3857 3223 τοῦ
3876 3187 3888 3199 ·

671 3279 776 3333 nis.
837 3275 980 3330 Loco
1024 3275 1207 3342 illius,
1261 3274 1660 3328 annuntiabitur
1705 3273 1930 3328 Domino
1973 3274 2238 3344 generatio

2354 3259 2839 3330 Ἁναγτελήσεται
2871 3259 2951 3324 τῷ
2970 3261 3163 3328 Κυρίῳ
3182 3260 3354 3328 γενεὰ
3372 3261 3410 3328 ή
3436 3259 3748 3330 ἐρχομένη,
3775 3263 3890 3330 σφό-

672 3380 910 3437 ventura,
934 3371 1131 3424 mirum
1160 3368 1214 3423 in
1255 3368 1472 3423 modum
1515 3367 1891 3440 Symmachus,
1919 3367 2238 3421 describatur

2341 3350 2442 3423 δρα
2487 3349 2809 3421 θαυμαστῶς
2851 3351 2880 3404 ὁ
2923 3351 3247 3422 Σύμμαχος·
3304 3351 3797 3422 Ἀναῃοαςρήσεται
3832 3355 3890 3407 ἐγ

676 3415 910 3437 --.,....-,
1255 3415 1472 3423 ----_-...
1516 3415 1891 3440 ~_,-.--__------,
1921 3415 2223 3421 “mnum-

673 3466 726 3518 in
777 3464 910 3519 libro
954 3463 1194 3520 Domino.
1248 3461 1512 3518 Futurum
1562 3470 1678 3518 erat
1724 3470 1783 3517 ut
1826 3462 2238 3517 annuntiaretur

2339 3415 2549 3509 βἰελίφ
2591 3415 2923 3513 ὲῷδκυρίφ·
2951 3415 3056 3516 (ι’).’
3089 3415 3357 3516 ’ἤμελλεν
3400 3415 3819 3516 ἀναγγέλλεσθαι
3861 3449 3886 3516 ἡ

675 3557 957 3626 generatio
978 3564 1201 3610 ventura
1227 3574 1240 3623 ;
1274 3555 1406 3624 quin
1432 3555 1594 3610 etiam
1628 3553 1858 3608 Domino
1886 3567 2240 3610 consecrare-

673 3657 764 3701 tur
802 3649 937 3704 liber
968 3649 1262 3720 prophetiae
1301 3649 1368 3702 de
1414 3649 1764 3718 generatione
1813 3653 2044 3702 ventura
2076 3661 2139 3700 ac
2173 3646 2239 3701 de

675 3743 872 3811 populo
909 3743 1212 3797 nascituro.

1058 3853 1382 3910 PSALMUS
1447 3851 1655 3906 DAVID
1713 3850 1883 3906 XXII.

744 3971 908 4026 Vsus.
946 3971 999 4034 1,
1033 3971 1089 4024 2.
1121 3973 1375 4025 Dominus
1397 3969 1566 4038 pascit
1598 3984 1698 4030 me,
1729 3974 1780 4020 et
1811 3965 1942 4020 nihil
1977 3965 2106 4019 mihi
2141 3965 2234 4021 de-

672 4064 794 4129 erit,
823 4065 877 4117 in
910 4062 1022 4117 loco
1049 4072 1260 4132 pascuae
1289 4062 1360 4113 ibi
1403 4076 1483 4114 me
1511 4059 1804 4112 collocavit.
1853 4056 2021 4126 Super
2045 4075 2236 4128 aquam

673 4155 969 4224 refectionis
1011 4153 1249 4208 educavit
1306 4168 1417 4214 me,
1450 4151 1680 4204 animam
1731 4163 1902 4204 meam
1960 4150 2231 4205 convertit.

677 4245 905 4299 Deduxit
930 4262 1028 4299 me.
1062 4242 1256 4299 Ovium
1297 4241 1540 4296 conditio
1572 4257 1671 4298 ceu
1704 4243 1914 4297 medius
1954 4250 2128 4297 status
2152 4250 2235 4298 est

675 4338 815 4392 inter
859 4337 1220 4408 perfectorum
1272 4349 1650 4406 progressum,
1701 4344 1755 4389 et
1800 4349 1986 4390 eorum
2033 4342 2233 4404 statum

673 4430 766 4498 qui
798 4443 922 4482 eum
965 4429 1019 4481 in
1059 4426 1330 4496 profundo
1367 4426 1622 4496 nequitia:
1669 4426 2078 4497 provolvantur,
2113 4424 2233 4479 ideo

675 4518 962 4587 reptilibus
992 4517 1234 4588 ferisque
1257 4520 1561 4589 agrestibus
1606 4524 2016 4589 comparantur.
2049 4513 2258 4570 Perfe-~

675 4618 798 4662 ctus
832 4622 1065 4676 namque
1111 4607 1196 4661 vir
1236 4609 1284 4663 is
1337 4609 1520 4678 fuerit,
1565 4611 1724 4681 cujus
1760 4609 1942 4664 anima
1990 4605 2056 4661 ad
2098 4606 2231 4660 ima-

677 4703 852 4772 ginem
891 4711 944 4756 et
987 4694 1395 4756 similitudinem
1421 4703 1514 4758 Dei
1548 4705 1710 4763 facta,
1747 4702 1994 4757 moribus
2024 4700 2088 4755 ad
2123 4699 2231 4754 vir-

2336 3533 2496 3602 γενεά
2539 3535 2571 3606 ἡ
2623 3535 2913 3608 ἐρχομένη·
2953 3536 3067 3590 ἀλλ’
3112 3537 3533 3608 ἀνατεθήσεσθαι
3584 3538 3662 3610 τῷ
3714 3539 3889 3611 Κυρίῳ

2337 3627 2514 3697 βίϐλος
2542 3631 2873 3701 προφητείας
2907 3631 3033 3702 περὶ⁵
3069 3631 3171 3701 τῆς
3201 3634 3392 3701 γενεᾶς
3429 3633 3528 3704 τῆς
3579 3635 3885 3708 ἐρχομένης,

2336 3721 2428 3774 καὶ
2455 3722 2548 3775 τοῦ
2581 3723 2983 3794 τεχθησομένου
3009 3722 3139 3775 λαοῦ

2710 3857 2999 3911 ΨΑΛΜΟΣ
3038 3857 3124 3909 ΤΩ
3161 3857 3360 3909 ΔΑΥΙΔ
3399 3857 3524 3910 Kb'.

2404 3972 2618 4039 Κύριος
2650 3971 2940 4040 ποιμαίνει
2969 3987 3064 4038 με,
3091 3970 3186 4024 καί
3220 3970 3400 4025 οὐδέν
3426 3988 3502 4041 με
3537 3971 3884 4041 ὑστερήσει·

2333 4065 2420 4128 είς
2457 4064 2645 4116 τόπον
2695 4062 2887 4130 χλόης
2943 4061 3071 4115 ἐκεῖ
3127 4079 3203 4132 με
3232 4062 3753 4133 ,κατεσκήνωσεντ
3799 4064 3883 4116 ἐπὶ

2332 4154 2548 4220 ὕδατος
2574 4153 2964 4222 ἀναπαύσεως
2981 4154 3267 4234 ἐξέθρεψέ
3283 4173 3358 4226 με
3373 4170 3386 4184 ·
3409 4155 3523 4225 τὴν
3545 4155 3759 4226 ψυχήν
3780 4172 3886 4224 μου

2330 4245 2718 4313 ἐπέστρεψεν.
2763 4245 3057 4317 Ὠδήτησέ
3094 4264 3190 4317 με.
3237 4249 3390 4320 Μέση
3434 4248 3691 4318 τυγχάνει
3734 4248 3886 4301 κατά-

2334 4354 2520 4400 στασις
2544 4338 2576 4404 ἡ
2601 4336 2708 4390 τῶν
2733 4337 3015 4410 προϐάτων
3035 4340 3132 4410 τῆς
3157 4355 3217 4392 τε
3247 4338 3354 4392 τῶν
3376 4337 3593 4392 τελείων
3618 4338 3884 4408 προκοπῆς

2331 4429 2423 4482 καὶ
2448 4426 2554 4480 τῶν
2586 4433 2636 4478 ’ν
2660 4427 2804 4498 βυθῷ
2829 4431 3026 4492 κακίας
3053 4428 3497 4498 καλινδουμένων,
3514 4428 3608 4481 καὶ
3631 4428 3722 4483 διὰ
3739 4428 3883 4481 τοῦτο

2331 4521 2578 4591 ἑρπετοῖς
2611 4520 2702 4572 καὶ
2751 4519 2956 4592 θηρίοις
3009 4520 3221 4591 ἀγρίοις
3266 4519 3776 4592 παραϐαλλομένων.
3831 4521 3881 4570 '0

2333 4609 2431 4680 μὲν
2460 4607 2568 4680 γὰρ
2599 4608 2800 4674 τέλειος
2823 4610 3018 4678 γένοιτ’
3051 4609 3118 4664 ἂν
3161 4611 3190 4663 ὁ
3236 4611 3377 4665 κατὰ
3413 4612 3514 4684 τὴν
3560 4613 3748 4666 είκάνα
3797 4609 3878 4662 τοῦ

2330 4696 2463 4750 Θεοῦ
2493 4698 2587 4752 καὶ
2624 4699 2723 4771 τὴν
2760 4699 3019 4771 ὁμοίωσιν
3060 4699 3223 4754 αὐτοῦ
3269 4702 3369 4774 τὴν
3411 4696 3586 4774 ψυχὴν
3627 4705 3741 4765 τοῖς
3774 4701 3879 4754 κατ’

675 4800 841 4846 tutem
890 4792 1228 4847 concinnatis
1283 4792 1542 4862 insignita
1581 4800 1714 4854 est:
1759 4791 1851 4860 qui
1902 4789 2226 4852 Dominum,

2339 4790 2526 4862 ἀρετὴν
2546 4793 2766 4863 τρόποις
2780 4793 3388 4864 κεχαρακτηρισμένοις·
3408 4795 3436 4847 ό
3455 4796 3547 4848 καὶ
3567 4793 3788 4864 βασιλέα
3802 4791 3879 4844 τὸν

675 4899 852 4952 regem
888 4886 1012 4950 sibi,
1049 4903 1157 4941 non
1189 4895 1493 4957 pastorem,
1534 4884 1803 4938 inscribit.
1852 4883 1953 4948 Qui
1995 4897 2124 4937 vero
2160 4897 2227 4937 ex

677 4975 984 5043 huiusmodi
1018 4985 1160 5033 statu
1194 4978 1469 5046 delapsus,
1506 4984 1561 5030 et
1590 4975 1681 5046 qui
1715 4976 1935 5043 proprio
1963 4990 2025 5029 ac
2059 4974 2228 5031 libero

673 5068 968 5123 voluntatis
1011 5069 1237 5122 arbitrio
1275 5068 1330 5121 in
1379 5068 1583 5123 ferinos
1634 5079 1814 5118 mores
1867 5072 2226 5119 commutatus

674 5165 778 5225 est,
807 5160 853 5213 is
882 5162 1074 5214 merito
1100 5175 1271 5229 equus
1295 5159 1636 5215 effeminatus
1659 5165 1902 5219 vocetur,
1929 5158 2040 5211 sive
2070 5159 2230 5228 lupus

675 5264 863 5318 rapax.
899 5247 1208 5304 Istiusmodi
1240 5258 1419 5302 autem
1447 5249 1714 5312 homines,
1747 5255 2047 5316 serpentes,
2080 5248 2232 5318 geni-

675 5341 819 5393 mina
852 5338 1193 5410 viperarum,
1232 5355 1452 5409 porcos,
1496 5355 1681 5404 canes,
1723 5341 1913 5410 vulpes
1947 5339 2230 5410 Scriptura

677 5430 814 5484 solet
850 5430 1139 5499 appellare.
1183 5429 1285 5494 Qui
1310 5445 1436 5483 vero
1465 5445 1529 5482 ex
1557 5429 1658 5482 hac
1690 5430 1887 5483 misera
1918 5429 2229 5482 conditione

678 5522 734 5574 in
769 5521 1045 5574 meliorem
1095 5535 1153 5574 se
1197 5520 1404 5590 frugem
1461 5520 1750 5588 recipiunt,
1799 5529 1914 5574 tum
1958 5521 2114 5590 quasi
2159 5520 2225 5574 ad

681 5612 983 5680 ingressum
1019 5626 1082 5666 ac
1117 5612 1444 5666 vestibulum
1490 5611 1683 5666 divinas
1727 5611 2054 5682 cognitiOnis
2101 5627 2226 5682 pro-

682 5704 881 5775 gressi,
913 5720 1040 5760 oves
1065 5705 1154 5761 Dei
1196 5708 1316 5776 jure
1353 5715 1734 5776 nuncupentur
1762 5727 1776 5762 :
1810 5707 1874 5760 ad
1903 5705 2221 5777 perfectiora

762 5843 839 5932 (1)⁴
863 5863 918 5918 ιιι
952 5863 1212 5921 llcbruicu
1241 5866 1453 5936 legitur.
1490 5851 1640 5926 ’ντκὸ
1687 5876 1842 5925 “.20”.

2333 4881 2552 4953 Κύριον,
2569 4883 2680 4937 ἀλλ’
2696 4884 2757 4936 ού
2774 4883 3007 4954 ποιμένα
3033 4887 3461 4959 ἐπιγραφόμενος
3480 4904 3492 4916 ·
3517 4889 3545 4939 ό
3563 4886 3618 4938 δὲ
3645 4883 3878 4938 ἐκπεσὼν

2332 4974 2551 5046 ταύτης,
2573 4975 2631 5042 ἐξ
2659 4977 3109 5048 αὑτοπροαιρέτου
3129 4978 3182 5031 δὲ
3205 4977 3532 5049 διαστροφῆς
3556 4977 3646 5028 ἐπὶ
3671 4976 3769 5046 τὴν
3796 4974 3878 5043 θη-

2337 5065 2495 5138 ριώδη
2517 5067 2929 5138 μεταϐεϐληκὼς
2952 5070 3083 5137 ἕξιν,
3109 5054 3270 5133 ἵππος
3292 5068 3602 5140 θηλυμανὴς
3623 5084 3729 5139 χρη
3737 5069 3878 5139 ματί-

2331 5175 2412 5211 σοι
2431 5160 2515 5225 ἂν,
2537 5161 2631 5214 καὶ
2650 5161 2809 5224 λύκος
2825 5162 3175 5232 ἁρπακτικός.
3198 5165 3386 5232 Ὄφεις
3411 5163 3486 5227 δὲ,
3505 5162 3599 5216 καὶ
3617 5164 3775 5233 γεννή
3785 5178 3876 5232 μα-

2328 5267 2398 5303 τα
2421 5252 2761 5322 ὲχιδνῶν,καὶ
2781 5255 3010 5327 χοίρους,
3029 5257 3122 5309 καὶ
3142 5256 3325 5319 κύνας,
3341 5256 3434 5309 καὶ
3455 5252 3741 5319 ἀλώπεκας
3764 5255 3876 5314 τοὺς

2328 5340 2598 5404 τοιούτους
2617 5342 2801 5397 εἴωθεν
2820 5344 3103 5417 ὀνομάζειν
3128 5347 3160 5416 ἡ
3182 5347 3388 5419 Γραφή.
3408 5347 3469 5400 Οί
3489 5346 3546 5400 δὲ
3571 5347 3635 5400 ὲκ
3653 5347 3753 5416 τῆς
3773 5361 3873 5398 τοι·

2332 5431 2500 5503 αύτης
2520 5433 2916 5501 καταπτώσεως
2936 5437 3354 5509 μεταϐάλλοντες
3372 5441 3463 5493 ἐπὶ
3483 5439 3583 5510 τὴν
3606 5439 3873 5509 κρείττονα

2333 5525 2677 5592 κατάστασιν,
2697 5529 2832 5594 τέως
2866 5532 2962 5602 μὲν
2995 5510 3179 5603 ὥσπερ
3203 5535 3257 5586 ὲν
3287 5534 3611 5601 εἰσαγωγαῖς
3631 5530 3726 5585 καὶ
3752 5543 3873 5596 προ·

2333 5616 2514 5687 θύροις
2543 5620 2850 5691 γιγνόμενοι
2882 5623 2980 5694 τῆς
3012 5625 3151 5680 κατά
3175 5624 3307 5678 Θεὸν
3328 5623 3600 5693 γνώσεως,
3643 5617 3872 5690 πρόϐατα

2331 5708 2394 5762 ἂν
2446 5709 2665 5776 εἰκότως
2697 5712 2940 5783 κληθεῖεν
2967 5698 3134 5769 Θεοῦ·
3175 5714 3542 5786 προκόψαντες
3584 5712 3641 5766 δὲ
3688 5710 3778 5766 ἐπὶ
3819 5708 3870 5761 τὲ
3940 5707 3941 5714 “
