3966 6344
87 393 169 448 221
1226 393 1729 452 COMMENTARIA
1768 396 1834 450 IN
1875 396 2215 452 PSALMOS.
2252 399 2255 403 ’

3174 405 3284 463 222

83 508 293 563 τοιοῦτον
333 511 470 582 αὐτῇ
523 512 942 584 περιϐεϐλῆσθαι
976 513 1177 583 σχῆμα·
1232 513 1312 567 διὸ
1363 514 1616 584 ἐπιλέγει·

1731 531 1834 583 que
1866 522 1976 569 tota
2008 525 2062 569 et
2096 516 2148 570 in
2206 515 2462 572 omnibus
2487 517 2571 572 sui
2605 517 2876 587 partibus,
2921 509 3037 575 1ωῆιί
3059 522 3286 592 aequabi-

85 603 173 654 Kai
205 602 295 654 ἐπὶ
344 603 626 673 ποταμῶν
677 607 1003 674 ἡτοίμασεν
1046 605 1256 673 αὐτήν.
1299 606 1360 658 Ei
1398 608 1494 676 μὲν
1521 607 1628 677 γὰρ

82 695 162 764 ὅλη
186 695 246 747 δι’
276 693 400 748 ὅλου
427 695 546 750 λεία
570 696 664 748 καὶ⁸
681 691 864 768 όμαλὴ
926 696 1065 750 κατὰ
1112 697 1212 768 τὴν
1268 699 1499 768 σφαῖραν
1520 699 1628 751 τῶν

93 786 330 856 Ἑλλήνιον
353 787 617 858 ὑπῆρχεν,
650 787 749 840 οὐκ
798 788 862 842 ἄν
893 805 1020 841 ποτε
1064 789 1161 859 τῆς
1207 788 1311 841 τῶν
1370 790 1626 858 ποταμῶν

87 881 366 946 τδστάσεως
406 883 626 956 δεκτικὴ
663 885 922 953 ἐγεγόνειο
975 886 1082 937 οὐδ’
1110 884 1176 939 ἂν
1225 887 1304 948 είς
1353 886 1624 956 γεωργίαν

85 975 354 1046 ἐπιτηδεία,
401 976 698 1046 ἐκρεόντων
751 976 1120 1046 ἁπανταχόθεν
1169 978 1276 1031 τῶν
1329 982 1408 1040 είς
1456 981 1622 1050 αὐτὴν

84 1066 366 1136 φερομένων
400 1066 642 1138 δμϐρωψ
668 1067 743 1131 ὡς
792 1067 857 1122 αὖ
885 1069 1045 1122 πάλιν
1075 1071 1139 1123 ἐκ
1163 1070 1255 1122 τοῦ
1279 1073 1540 1132 ἐναντίου,
1574 1073 1622 1124 εί

86 1156 200 1222 πλάξ
230 1151 294 1226 ἦν
328 1158 426 1227 μία
472 1159 766 1230 ὴπλωμένη
813 1161 902 1214 καὶ
956 1163 1208 1232 ἀνειμένη
1247 1166 1324 1226 είς
1372 1164 1622 1228 πεδιάδας

81 1248 258 1320 χώρας,
291 1249 400 1302 οὐδ’
435 1249 608 1313 οὕτως
656 1253 986 1322 συνέστησαν
1025 1253 1084 1306 ἐν
1120 1252 1254 1324 αὐτῇ
1287 1256 1538 1326 ποταμοί·
1573 1257 1625 1308 οἵ

81 1343 118 1393 τ’
142 1341 193 1407 ἐξ
216 1341 452 1395 ἀεννάων
483 1343 672 1413 πηγῶν
720 1345 1024 1415 φερόμενοι,
1056 1346 1109 1397 οἴ
1138 1363 1195 1399 τε
1217 1347 1278 1398 ἐκ
1309 1345 1413 1399 τῶν
1441 1364 1622 1416 χειμε-

84 1434 218 1505 ρινῶν
238 1435 457 1504 ὄμϐρων
509 1437 902 1506 συνιστάμενοι·
933 1438 1094 1490 πάλαι
1132 1437 1175 1490 δ’
1206 1437 1272 1490 ἂν
1300 1438 1622 1492 ἐπικλυσαν-

82 1546 154 1590 τες
177 1530 367 1593 πᾶσαν,
396 1526 520 1580 οὔτε
541 1530 888 1600 σπέρμασιν,
920 1529 1039 1582 οὕτε
1064 1534 1269 1598 φυτοῖς,
1301 1531 1422 1585 οὔτε
1451 1551 1621 1604 γεωρ-

80 1622 204 1688 γίαις
226 1619 533 1690 ἐπιτηδείαν
565 1621 730 1691 αὐτὴν
777 1625 1054 1692 παρεῖχον·
1113 1623 1226 1675 ἀλλ’
1275 1623 1394 1676 οὐδὲ
1440 1627 1622 1690 αὐτοῖς

81 1716 175 1774 τοῖς
206 1712 512 1782 οἰκήτορσιν
557 1713 766 1781 γεγόνει
818 1713 882 1766 ἂν
915 1716 1198 1785 χρήσιμος,
1259 1716 1474 1770 πάντων
1504 1721 1620 1771 ἐπι-

81 1803 396 1875 κλνζομένων
441 1805 535 1856 καὶ
573 1806 1026 1877 κατασυρομένων
1084 1808 1187 1861 ὑπὸ
1230 1810 1327 1879 τῆς
1358 1801 1463 1862 τῶν
1493 1811 1618 1864 ὑδά-

78 1915 165 1948 των
193 1895 543 1970 πλημμύρας.
583 1897 763 1951 Ταῦτα
794 1900 890 1968 μὲν
918 1895 1011 1953 οὖν
1048 1896 1136 1970 ῆν,
1172 1903 1218 1954 εί
1247 1883 1510 1972 μὴ’λόγος
1539 1920 1620 1966 τις

78 1987 436 2058 δημιουργικὸς
471 1989 565 2042 καὶ
591 1986 724 2042 Θεοῦ
754 1989 912 2057 σοφία
946 1991 1204 2060 τεχνικῶς
1257 1992 1391 2062 αὐτῇ
1423 1992 1619 2045 τοιόνδε

82 2080 241 2148 τλῆμα
277 2079 684 2152 περιϐεϐλήκει·
730 2082 846 2134 νυνὶ
878 2081 936 2135 δέ
986 2081 1157 2145 οὕτως
1188 2085 1616 2154 κατεσκευάσθη,

75 2171 233 2234 ὼςείς
263 2170 362 2242 δρη
396 2171 488 2226 καὶ¹
542 2172 738 2238 νάπας,
795 2171 1033 2244 βουνούς,
1076 2189 1134 2226 τε
1191 2175 1284 2227 καὶ
1334 2175 1620 2246 φάραγγας

78 2263 468 2333 ἐσχηματίσθαι’
487 2265 561 2328 ὡς
587 2264 680 2317 καὶ
705 2265 978 2334 ποταμοὺς
1004 2263 1102 2328 τὰς
1131 2267 1340 2322 ἐαυτῶν
1359 2269 1620 2335 διεξόδους

77 2354 342 2418 ἀκωλύτως
369 2355 656 2408 ποιεῖσθαιο
688 2355 788 2426 ὅρη
815 2371 873 2407 τε
1022 2355 1159 2428 άλση
1181 2360 1272 2412 καὶ
1301 2360 1439 2428 φυτὰ
1463 2359 1620 2427 ζ’ῖιοις

78 2447 436 2518 ἀπονέμεσθαι·
477 2447 657 2518 χώρας
690 2446 748 2499 τε
779 2447 872 2499 καὶ
894 2431 1149 2514 πεδιάδας
1167 2452 1246 2516 είς
1264 2454 1504 2524 οἰκήσεις
1529 2456 1620 2508 καὶ

79 2541 317 2612 γεωργίας
344 2538 650 2610 ἀνθρώποις
697 2538 1020 2610 ἀφωρίσθαι.
1064 2540 1160 2606 Τίς
1202 2544 1380 2598 τοίνυν
1429 2548 1528 2600 οὐκ
1556 2547 1624 2601 ἂν

77 2632 432 2702 ὁμολογήσειεν
453 2630 668 2701 ἀληθῶς
689 2631 857 2701 σοφῆς
876 2628 1018 2685 εἶναι
1040 2637 1379 2706 προμηθείας
1411 2639 1581 2693 ταῦτα
1602 2657 1616 2703 ;

76 2725 121 2794 η,
154 2723 488 2795 προλαὸοὖσα
517 2724 576 2780 τὺ
626 2727 815 2797 μέλλον
861 2730 965 2801 πρὸ
1017 2728 1108 2781 τοῦ
1137 2727 1499 2812 πληρώματος
1523 2732 1620 2801 τῆς

76 2816 178 2886 γῆς,
211 2817 302 2871 καὶ
333 2817 442 2890 πρὸ
470 2817 564 2872 τοῦ
596 2819 856 2890 συστῆναι
888 2821 954 2874 τὰ
983 2823 1040 2872 ἐν
1087 2821 1248 2890 αὐτῇ,
1291 2821 1497 2874 τοιάνδε
1525 2822 1620 2874 αὑ-

75 2908 154 2979 τὴν
178 2911 523 2981 ἐσχημάτισε,
552 2911 869 2983 καταλλήλῳ
898 2911 1295 2965 διαπλάττουσα
1323 2912 1498 2983 τύπῳ,
1543 2913 1620 2977 ὼς

78 3002 129 3054 ἂν
149 3007 250 3066 τοῖς
275 3005 408 3057 πᾶσι
429 3005 635 3072 γένοιτο
662 2993 956 3073 ἐπιτηδεία.
982 3004 1397 3076 Μυστικώτερον
1422 3005 1478 3058 δὲ
1526 3004 1618 3059 τοῦ

78 3094 252 3163 Κυρίου
275 3096 499 3166 γέγονεν
522 3097 555 3167 ἡ
585 3095 676 3166 γῆ.

137 3190 219 3254 Τίς
246 3189 609 3256 ἀναϐήσεται
667 3192 755 3255 εἰς
789 3190 856 3242 τὸ
902 3190 1039 3258 ὄρος
1106 3192 1210 3244 τοῦ
1271 3191 1533 3259 κυρίους
1578 3191 1616 3260 ἢ
1645 3219 1686 3277 C

77 3280 150 3345 τίς
171 3282 454 3350 στήσεται
507 3284 578 3337 ἐν
626 3283 784 3350 τόπῳ
839 3282 985 3352 ἁγίῳ
1036 3283 1252 3341 αὐτοῦς
1301 3284 1358 3336 τὸ
1405 3283 1613 3337 τελικὸν

77 3373 382 3438 amoenam}.
411 3376 502 3429 τὸν
532 3375 663 3429 Θεὸν
696 3375 865 3443 Λόγον
896 3374 1133 3437 λεκτέον,
1166 3375 1250 3442 ἐφ’
1283 3375 1310 3426 ὃ
1338 3375 1612 3429 ἀναϐαίνει

77 3463 192 3517 ὁδιὰ
220 3467 498 3536 προκοπῆς
547 3468 638 3520 ἐπὶ
689 3467 786 3536 τὴν
837 3465 1144 3536 ἀκρώρειαν
1200 3467 1360 3519 αὑτοῦ
1412 3468 1611 3536 φθάσαι

78 3555 384 3626 γλιχόμενος.
421 3559 651 3621 Σπάνιος
680 3559 736 3611 δὲ
764 3559 794 3608 ὁ
844 3551 1104 3620 τοιοῦτος·
1141 3555 1220 3608 διὸ
1242 3558 1472 3627 εἴρηται·
1519 3561 1613 3626 Τίς

79 3648 406 3714 ἀναϐήσεται
426 3651 512 3715 εις
539 3649 603 3702 τὸ
639 3648 775 3716 ὅρος
796 3646 901 3700 τοῦ
939 3646 1191 3714 Κυρίου;
1213 3644 1250 3714 ἢ
1279 3646 1368 3712 τίς
1390 3650 1611 3714 στήσε-

80 3759 154 3797 ται
180 3744 243 3797 ἐν
278 3745 438 3811 τόπῳ
456 3744 604 3813 ἁγίῳ
631 3740 850 3808 αὑτοῦὶ

145 3833 335 3902 Ἁθῶος
380 3838 549 3907 χερσὶ
595 3836 693 3890 καὶ
735 3838 990 3906 καθαρὸς
1022 3837 1098 3907 τῇ
1145 3840 1376 3907 καρδίᾳ,
1411 3839 1478 3905 ὃς
1500 3843 1609 3894 οὐκ

79 3926 263 3982 ἔλαϐεν
286 3929 386 3983 ἐπὶ
431 3930 660 3999 ματαίῳ
691 3927 806 3997 τὴν
837 3923 1076 3998 “ψνυχὴν
1100 3932 1304 3994 αὑτοῦ,
1356 3930 1453 3984 καί
1499 3934 1610 3985 οὐκ

81 4017 284 4084 ὤμοσεν
309 4021 406 4073 ἐπὶ
439 4019 598 4084 δόλῳ
631 4019 710 4085 αἱ)
737 4021 1005 4088 πλησίον
1024 4022 1228 4076 αὐτοῦ.
1261 4019 1448 4089 Οὗτος
1497 4023 1606 4090 λή-

83 4109 227 4173 σεται
268 4110 551 4179 εὐλογίαν
577 4109 735 4177 παρὰ
763 4111 1002 4177 Κυρίου,
1048 4110 1148 4163 καὶ
1197 4111 1609 4181 ἐλεημοσύνην

83 4198 215 4267 παρὰ
257 4201 402 4255 Θεοῦ
465 4201 733 4271 σωτῆρος
779 4199 983 4255 αὑτοῦ.
1036 4202 1194 4271 Αὕτη
1231 4205 1269 4272 ή
1315 4203 1487 4273 γενεὰ
1513 4204 1607 4271 ζη-

81 4290 312 4342 τούντων
353 4291 536 4344 αὑτὸν
558 4332 573 4355 ,
635 4289 960 4360 ζητούντων
1022 4293 1088 4346 τό
1135 4295 1450 4362 πρόσωπον
1505 4296 1606 4350 τοῦ

86 4378 206 4431 Θεοῦ
261 4378 480 4435 Ἰακώϐ.
549 4382 878 4452 Atad-alga.
930 4382 1132 4450 Ἄρατε
1170 4387 1386 4453 πύλας,
1419 4389 1489 4438 οἱ
1515 4385 1608 4454 ἆρ-

88 4486 287 4536 χοντες,
307 4472 494 4539 ὑμῶν,
530 4472 630 4525 καὶ
659 4472 972 4541 ἐπάρθητε,
1006 4473 1193 4526 πύλαι
1236 4475 1482 4538 αὶώνιοι,
1510 4476 1607 4528 καὶ

1734 609 1876 677 iique
1908 608 2215 677 superﬁcie,
2247 608 2544 664 secundum
2579 610 2725 663 illam
2758 608 3072 666 Graecorum
3106 616 3284 684 sphe-

1729 716 1865 761 ram,
1903 701 2116 764 fuisset,
2163 717 2436 772 nunquam
2485 700 2764 757 ﬂuminum
2803 708 3281 776 congregationem

1726 793 2068 857 admisisset;
2100 810 2274 863 neque
2303 795 2650 864 agriculturae
2690 805 2812 865 apta
2842 797 3002 860 foret,
3038 798 3284 855 diﬁluen-

1725 885 1877 940 tibus
1917 886 2278 955 undequaque
2319 887 2550 955 pluviis:
2593 896 2650 941 ut
2697 905 2726 943 e
2759 904 3023 944 converso
3058 893 3281 957 iterum,

1725 977 1770 1030 si
1795 978 1954 1045 plana
1983 987 2150 1042 esset,
2179 994 2396 1048 unaque
2425 980 2763 1049 superﬁcies,
2810 991 3034 1037 extensa
3073 985 3128 1037 in
3167 985 3283 1052 pla-

1723 1068 1918 1124 nities'
1944 1081 2002 1127 et
2028 1085 2194 1141 agros
2224 1089 2236 1137 ;
2280 1087 2620 1140 nequaquam
2674 1072 2896 1126 ﬁumina
2934 1088 2997 1127 ex
3034 1076 3281 1143 perenni-

1724 1160 1826 1215 bus
1881 1145 2124 1216 fontibus
2187 1165 2459 1217 manantia
2522 1164 2632 1217 illic
2688 1153 3044 1232 exsisterent,
3106 1181 3282 1236 neque

1722 1251 1870 1307 ﬂuvii
1898 1255 1990 1323 qui
2009 1271 2074 1310 ex
2100 1257 2346 1310 hibernis
2377 1257 2640 1311 imbribus
2661 1258 3012 1324 coalescunt;
3041 1260 3283 1327 sedjam-

1721 1345 1812 1399 diu
1847 1354 2014 1400 totam
2038 1357 2240 1402 terram
2267 1351 2644 1415 inundassent,
2673 1351 2748 1404 ita
2780 1339 2842 1404 ut
2866 1366 3040 1420 neque
3063 1351 3279 1413 sationi,

1721 1451 1897 1505 neque
1929 1437 2131 1506 plantis
2163 1448 2217 1493 et
2245 1441 2554 1503 arboribus,
2590 1458 2764 1511 neque
2797 1443 3145 1511 agriculture
3167 1443 3275 1496 ido-

1722 1539 1878 1578 neam
1931 1527 2255 1594 praeberent.
2314 1529 2498 1598 Neque
2557 1531 2673 1599 ipsa
2739 1533 2932 1584 incolis
2984 1532 3098 1586 suis
3156 1540 3279 1602 apta

1724 1616 1980 1686 utilisque
2029 1617 2245 1682 fuisset,
2297 1635 2420 1674 cum
2487 1635 2750 1690 aquarum
2804 1621 3039 1675 colluvie
3098 1624 3278 1677 omnia

1722 1713 2118 1768 inundarenlur
2146 1729 2207 1766 ac
2232 1713 2554 1770 diﬁluerent.
2615 1713 2740 1769 Haec
2769 1730 2901 1769 sane
2927 1715 3277 1780 accidissent,

1725 1805 1832 1858 nisi
1878 1806 2104 1860 verbum
2155 1807 2448 1876 quodpiam
2501 1806 2677 1876 Opifcx
2727 1823 2933 1872 rerum,
2965 1822 3027 1862 ac
3057 1805 3153 1862 Dei
3186 1823 3276 1864 sa-

1721 1895 1945 1965 pientia,
1975 1897 2206 1950 artiﬁcio
2235 1912 2428 1968 magno
2453 1898 2612 1952 talem
2643 1897 2747 1965 ipsi
2775 1899 3015 1968 undique
3047 1897 3276 1952 formam

1723 1983 2029 2039 indidisset.
2060 1985 2177 2038 Jam
2203 2002 2332 2040 vero
2358 1989 2436 2041 sic
2471 1989 2772 2058 composita
2800 1997 2904 2052 est,
2941 1996 2999 2041 ut
3031 1989 3087 2042 in
3121 2004 3278 2043 mon-

1723 2084 1802 2130 tes
1832 2083 1884 2130 et
1919 2076 2109 2140 clivos,
2160 2070 2328 2132 colles
2357 2087 2410 2131 et
2457 2081 2624 2135 valles
2661 2081 3060 2144 distribuatur,
3111 2089 3276 2152 utque

1723 2169 1965 2231 ﬁumina,
1994 2170 2145 2225 nullo
2180 2171 2354 2235 obice,
2383 2187 2513 2226 suos
2535 2173 2635 2228 sibi
2662 2176 2842 2229 exitus
2871 2183 3098 2244 parent;
3131 2192 3273 2232 mon-

1721 2271 1824 2325 tes,
1859 2263 2008 2316 silva
2060 2268 2112 2317 et
2152 2261 2376 2317 arbores
2402 2264 2728 2319 animalibus
2761 2266 3276 2338 deputentur;’agri

1720 2359 1775 2408 et
1806 2353 2060 2422 planities
2088 2346 2403 2409 hominibus
2426 2353 2500 2408 ad
2523 2355 2858 2409 domicilium
2886 2364 2939 2410 et
2977 2352 3274 2426 agricultu-

1719 2457 1834 2497 ram
1869 2443 2142 2499 destinata
2173 2446 2304 2500 sint.
2342 2445 2476 2512 Quis
2507 2461 2639 2516 ergo
2672 2462 2783 2500 non
2809 2446 3136 2502 conﬁteatur
3162 2449 3273 2504 haec

1720 2548 1750 2587 a
1798 2536 2028 2603 sapienti
2085 2538 2319 2608 quadam
2361 2537 2705 2608 providentia
2777 2539 3098 2609 proﬁcisci?
3145 2538 3275 2606 Quae

1721 2625 1901 2680 futura
1961 2629 2303 2698 prospiciens
2350 2638 2641 2700 antequam
2699 2632 2979 2700 plenitudo
3023 2641 3179 2687 terra:
3223 2642 3274 2688 et

1718 2733 1838 2788 qua:
1881 2719 1935 2772 in
1966 2733 2031 2773 ea
2063 2727 2188 2772 sunt
2218 2721 2603 2784 consisterent,
2635 2723 2729 2774 tali
2762 2737 2880 2776 eam
2908 2724 3080 2778 forma
3110 2740 3274 2780 exor-

1719 2809 1886 2874 navit,
1917 2810 2346 2879 congruentibus
2367 2809 2682 2879 mutuisque
2720 2811 2868 2888 illam
2908 2813 3086 2867 modis
3119 2813 3274 2869 eﬂ'or-

1719 2913 1894 2961 mans,
1959 2906 2018 2953 ut
2077 2899 2332 2954 omnibus
2373 2900 2658 2954 commoda
2710 2901 2984 2956 evaderet.
3047 2901 3272 2973 Mystico

1721 2997 1899 3045 autem
1928 3005 2084 3044 more
2113 2991 2226 3046 haec
2255 2998 2401 3046 terra
2432 2991 2644 3047 Domini
2682 2990 2845 3047 fuerit
2899 2992 2982 3065 [ea
3012 2994 3271 3050 nimirum

1731 3096 1838 3151 ma:
1867 3097 1991 3137 mox
2027 3081 2350 3154 indicatur].

1790 3171 1957 3229 Vens.
1987 3175 2036 3228 5.
2084 3174 2214 3240 Quis
2236 3166 2484 3229 ascendet
2515 3177 2582 3230 in.
2611 3183 2834 3230 montem
2875 3176 3134 3234 Domini?
3181 3189 3273 3233 aut

1722 3269 1833 3334 quis
1868 3265 2031 3318 stabit
2062 3265 2115 3316 in
2145 3262 2258 3316 loco
2285 3274 2468 3318 sancto
2492 3266 2643 3333 ejus?
2671 3254 2730 3320 id
2772 3263 2838 3321 de
2868 3267 3108 3337 perfecto
3128 3268 3271 3325 bono

1721 3371 1779 3408 ac:
1812 3355 1878 3409 de
1907 3353 2018 3409 Deo
2047 3352 2225 3407 Verbo
2279 3355 2680 3423 explicandum,
2733 3357 2802 3410 ad
2847 3359 2992 3427 quod
3030 3360 3269 3417 ascendit

1719 3445 1972 3514 quisquis
2003 3458 2329 3514 progressus
2371 3457 2632 3498 cacumen
2664 3445 2780 3515 ejus
2817 3448 3083 3516 attingere
3107 3463 3270 3520 expe-

1721 3540 1802 3591 tit.
1849 3535 1954 3591 Sed
1986 3536 2094 3590 rari
2137 3535 2446 3605 huiusmodi
2481 3545 2646 3604 sunt;
2681 3553 2852 3607 quare
2877 3537 3110 3593 dicitur:
3138 3538 3269 3606 Quis

1717 3629 1954 3684 ascendet
1983 3629 2038 3682 in
2069 3637 2291 3684 montem
2327 3628 2533 3682 Domini
2559 3633 2583 3684 ?
2620 3642 2710 3684 aut
2739 3632 2853 3701 quis
2881 3630 3042 3686 stabit
3081 3632 3270 3688 inloco

1717 3729 1896 3777 sancto
1922 3721 2034 3789 ejus
2052 3723 2078 3777 2

1811 3810 1976 3869 Vens.
2023 3811 2141 3868 4-8.
2191 3811 2448 3867 Innocens
2493 3813 2732 3867 manibus
2810 3822 2861 3867 et
2909 3813 3102 3866 mundo
3152 3830 3270 3867 cor-

1713 3905 1796 3971 de,
1827 3907 1913 3976 qui
1943 3922 2044 3959 non
2074 3907 2266 3973 accepit
2307 3907 2358 3957 in
2390 3905 2777 3959 vano’animam
2808 3921 2980 3970 suam,
3005 3921 3095 3959 nec
3111 3905 3268 3974 jura-

1681 3998 1784 4052 ‘vit
1823 3997 1877 4049 in
1920 3995 2040 4048 dolo
2092 3997 2330 4063 proximo
2370 4011 2484 4048 suo.
2531 3993 2632 4048 Hic
2686 3995 2903 4066 accipiet
2955 3995 3267 4051 benedictio-

1715 4105 1827 4143 nem
1869 4105 1902 4140 a
1951 4086 2196 4152 Domino,
2256 4095 2306 4141 et
2335 4087 2751 4142 misericordiam
2807 4105 2846 4142 .a
2882 4088 2992 4144 Deo
3039 4089 3266 4144 salutari

1716 4195 1831 4233 suo.
1866 4176 1994 4231 Haec
2043 4187 2121 4232 est
2152 4179 2418 4249 generatio
2461 4181 2803 4250 quaerentium
2847 4197 2984 4242 eum,
3030 4196 3266 4250 quaren-

1715 4274 1842 4325 tium
1875 4272 2062 4340 faciem
2094 4271 2192 4326 Dei
2240 4269 2428 4328 Iacob.
2484 4270 2816 4338 Diapsalma.
2865 4271 3102 4324 Attollite
3141 4288 3263 4341 por-

1715 4374 1817 4427 tas,
1878 4364 2156 4433 principes,
2194 4373 2432 4429 vestras;
2464 4373 2514 4416 et
2559 4363 2851 4428 elevamini,
2877 4373 3043 4431 portae
3109 4374 3264 4419 ater-

1713 4457 1879 4519 nales,
1944 4466 1992 4511 et
2074 4457 2314 4510 introibit
2373 4455 2503 4518 Rex,
2539 4456 2742 4524 glorise.
2838 4455 2968 4521 Quis
3032 4466 3110 4510 est
3167 4459 3262 4512 iste

85 4565 454 4618 εἰσελεύσεται
494 4566 526 4616 ὀ
570 4565 866 4632 ,ϐασιλεὺς
896 4565 1005 4633 τῆς
1042 4565 1242 4633 δόξης.
1301 4569 1392 4634 Τίς
1443 4570 1612 4624 ἐστιν

1717 4548 1822 4602 Rex
1870 4549 2100 4620 glorias?
2172 4548 2428 4600 Dominus
2481 4546 2632 4613 fortis
2699 4556 2748 4600 et
2815 4555 3016 4615 potens,
3078 4548 3264 4602 Domi-

88 4647 611 4719 οὗτοςόβασκιεὺς
655 4653 764 4722 τῆς
813 4655 996 4723 δόξης
1012 4671 1031 4719 ;
1078 4657 1291 4723 Κύριος
1339 4659 1608 4725 κραταιὸς

89 4745 168 4796 καὶ
183 4744 446 4812 δυνατὸς,
478 4746 690 4812 Κύριος
718 4745 984 4814 ’δυνατὸς
1035 4747 1105 4801 ἐν
1151 4747 1408 4816 πολέμῳ.
1453 4751 1609 4813 Ἴσως

88 4831 132 4884 8-5
152 4835 229 4888 διὰ
250 4838 351 4906 τῆς
375 4836 617 4898 πεύσεως
645 4836 738 4889 καὶ
772 4837 1111 4908 ἀποκρίσεως
1137 4836 1439 4891 διδάσκουσι
1472 4841 1608 4893 πάν-

90 4939 169 4988 τας
216 4927 523 5002 ἀνθρώπους
559 4927 656 5000 τὴν
704 4927 1017 4984 δεσποτείαν
1066 4929 1160 4983 τοῦ
1221 4929 1423 5001 Κυρίου
1453 4931 1608 5001 ἡμῶν

101 5014 248 5084 Ἰησοῦ
275 5017 524 5090 Χριστοῦο
553 5020 607 5072 εί
634 5035 696 5086 γε
724 5019 808 5082 τίς
838 5020 882 5072 δ’
909 5023 996 5091 οῐῃ
1039 5020 1239 5082 ταύτας
1269 5021 1343 5091 μὴ
1378 5020 1606 5087 ἀγνοεῖν.

94 5104 218 5170 Τινὲς
239 5109 294 5162 δέ
312 5111 404 5181 τὴν
422 5111 676 5183 δευτέραν
720 5111 909 5165 πεῦσιν
943 5114 1035 5167 καὶ
1063 5113 1368 5184 ἀπόκρισιν,
1403 5114 1461 5165 οὑ
1493 5117 1609 5178 ταῖς

96 5196 156 5248 ἔτι
187 5199 422 5271 ἀνωτέρω
467 5203 758 5274 δυνάμεσιν
787 5203 1035 5274 εἰρῆσθαι
1088 5204 1265 5271 φασὶν,
1307 5203 1441 5257 ἀλλὰ
1491 5208 1608 5269 ταῖς

99 5288 268 5352 αὑταζς.
307 5291 379 5344 τό
401 5309 460 5346 τε
493 5293 768 5364 διάψαλμα
790 5295 894 5363 πρὸ
911 5295 1025 5347 τοῦ·
1060 5298 1261 5363 Ἄρατε
1289 5295 1505 5361 πύλας,
1556 5301 1608 5351 οι

98 5380 366 5448 ἄρχοντες,
398 5382 584 5451 ὑμῶν,
609 5385 878 5454 κείμενον,
901 5385 1000 5454 τῆς
1033 5385 1292 5455 μελῳδίας
1343 5383 1482 5438 ἔοικε
1511 5404 1607 5457 με·

103 5471 291 5543 τασολὴν
313 5472 652 5543 πεποιῆσθαιο
681 5475 801 5528 ἐπεὶ
853 5475 946 5527 καὶ
1002 5474 1103 5547 τῆς
1157 5475 1391 5538 διανοίας
1419 5477 1604 5541 αὐτῆς.

113 5562 179 5614 Ἐν
197 5565 247 5618 δέ
268 5564 342 5634 τῷ
365 5564 534 5633 λέγειν
560 5563 952 5618 εἰσελεύσεσθαι
973 5566 1153 5631 αὑτὸν,
1191 5565 1485 5637 λεληθότως
1517 5570 1605 5622 καὶ

113 5650 245 5711 ᾄξοόον
272 5655 425 5709 αὑτοῦ
482 5655 714 5727 ᾐνίξατο.
741 5652 851 5708 Εἶτ’
897 5656 1029 5728 ἐπεὶ.
1053 5656 1128 5728 μὴ
1183 5655 1337 5725 μόνος
1381 5656 1606 5726 ἦμελλεν

109 5744 287 5798 εἰσιέναι
312 5751 387 5810 είς
429 5749 522 5819 τὴν
547 5745 709 5801 αὑτοῦ
772 5747 1065 5817 βασιλείαν,
1120 5749 1292 5812 πάσας
1339 5750 1606 5803 ἀναπετα-

111 5833 262 5903 σῦἧναι
289 5838 380 5903 τὰς
406 5840 566 5906 πύλας
594 5843 622 5895 ὁ
670 5841 821 5911 λόγος
866 5842 1282 5913 παρακελεύεται
1341 5840 1426 5896 διὰ
1484 5843 1604 5906 τοὺς

1713 4659 1810 4694 nus
1853 4652 2031 4711 potens
2089 4642 2142 4693 in
2192 4639 2395 4708 praelia.
2437 4637 2692 4694 Fortasse
2727 4639 2764 4692 ii
2814 4654 2908 4708 per
2957 4639 3261 4710 interroga-

1709 4733 1908 4786 tionem
1967 4738 2020 4784 et
2066 4727 2475 4798 responsionem
2528 4743 2717 4782 omnes
2759 4727 3004 4783 homines
3055 4728 3121 4782 de
3163 4728 3260 4781 do-

1709 4823 1918 4886 minatu
1971 4819 2184 4874 Domini
2243 4819 2417 4873 nostri
2490 4817 2617 4873 Jesu
2671 4818 2873 4872 Christi
2924 4815 3254 4873 instituunt:

1712 4913 1756 4968 si
1792 4919 2009 4982 putetur
2057 4919 2240 4964 tamen
2280 4925 2373 4965 eas
2413 4911 2560 4980 ipsas
2605 4907 2877 4979 [caelestes
2933 4909 3264 4982 potestates}

1711 5005 1764 5057 id
1793 5018 1899 5057 non
1947 5002 2222 5071 ignorare.
2284 5000 2422 5056 Sunt
2469 4999 2561 5068 qui
2597 5000 2931 5054 arbitrentur
2963 5002 3256 5056 secundam

1709 5093 2284 5163 interrogationem‘et
2322 5091 2733 5161 responsionem
2777 5106 2888 5144 non
2920 5093 3256 5148 sublimiori-

1709 5198 1810 5252 bus
1837 5195 2195 5273 potestatibus
2228 5194 2444 5257 factam,
2475 5193 2569 5247 sed
2600 5191 2793 5246 iisdem
2815 5198 2974 5260 atque
2997 5191 3254 5260 priorem.

1710 5289 2014 5358 Diapsalma
2054 5301 2178 5343 vero
2209 5297 2330 5347 ante
2364 5285 2517 5347 illud,
2556 5286 2795 5340 Attollite
2818 5293 3019 5347 portas,
3060 5284 3251 5350 primi.

1708 5399 1815 5452 pes,
1851 5391 2070 5443 vestras,
2108 5379 2366 5452 positum,
2415 5378 2630 5433 videtur
2668 5377 2911 5432 melodis:
2942 5376 3117 5451 solum
3152 5375 3256 5429 im-

1710 5473 2062 5528 mutationem
2092 5471 2366 5533 inducere,
2421 5469 2549 5539 quia
2579 5469 2764 5524 eadem
2807 5469 2858 5522 in
2901 5469 3256 5537 sequentibus

1710 5567 1996 5621 sententia.
2041 5564 2175 5619 Cum
2209 5569 2387 5617 autem
2423 5564 2771 5616 introiturum
2792 5560 2975 5628 «ipsum
3037 5559 3132 5627 ait,
3165 5577 3252 5615 ex-

1709 5660 1842 5712 itum
1877 5658 2039 5712 etiam
2075 5656 2190 5725 ejus
2218 5655 2447 5707 latenter
2481 5652 2848 5709 adumbravit.
2888 5649 3087 5717 Deinde
3121 5667 3249 5708 vero

1707 5750 1832 5818 quia
1868 5763 1974 5802 non
2007 5749 2123 5817 ipse
2170 5746 2318 5800 solus
2367 5744 2668 5798 intraturus
2721 5743 2775 5796 in
2823 5758 3046 5818 regnum
3089 5759 3246 5799 suum

1707 5849 1841 5908 erat,
1879 5851 2063 5913 portas
2094 5854 2279 5896 omnes
2309 5838 2469 5908 pandi
2497 5845 2547 5892 et
2573 5835 2768 5906 aperiri
2788 5836 3037 5907 iubetur,
3057 5849 3249 5897 eorum
