3960 6342
680 373 787 429 225

683 487 895 545 scilicet
922 502 1088 544 causa
1119 489 1212 560 qui
1249 504 1375 544 cum
1413 488 1509 545 Dei
1550 488 1690 547 Filio
1720 506 1948 562 regnum
1986 491 2251 546 cmlorum

682 582 1036 637 consecuturi
1082 588 1259 637 erant.
1317 580 1518 636 Multas
1557 581 1760 653 quippe
1794 597 1860 636 ac
1888 581 2137 638 diversas
2185 582 2251 636 ad

612 686 615 689 '
682 676 834 747 regni
886 676 1152 731 caelorum
1203 675 1411 729 aditum
1450 682 1639 744 portas
1666 676 1907 746 aperuit:
1946 691 2071 731 nam
2110 675 2253 745 apud

685 766 896 822 Patrem
953 767 1269 822 mansiones
1314 769 1501 823 multae
1551 777 1677 823 sunt
1699 771 1762 822 '7.
1823 770 1903 823 Ac
1955 769 2249 840 perpende,

685 848 890 931 quaeso,
950 875 1080 915 num
1141 859 1231 914 hic
1295 861 1541 916 solvatur
1596 862 1827 933 quaastio
1879 863 2100 934 psalmi,
2156 863 2251 934 qui

684 952 765 1009 sic
824 952 1019 1008 habet:
1076 952 1327 1007 Ascendit
1380 953 1517 1009 Deus
1572 956 1628 1009 in
1670 954 2025 1025 jubilatiobe,‘
2064 954 2254 1008 Domi-

682 1063 777 1101 nus
803 1047 858 1100 in
890 1062 1009 1100 voce
1039 1046 1262 1102 tuba)”.
1333 1045 1434 1101 llic
1475 1045 1714 1117 Spiritus
1779 1057 2002 1102 sanctus
2051 1046 2253 1117 jubila-

681 1140 886 1194 tionem
946 1153 1010 1192 ac
1048 1154 1232 1195 vocem
1288 1141 1437 1196 tubae
1492 1140 1664 1196 dedit.
1722 1138 1858 1193 Nam
1906 1140 1961 1194 in
2006 1154 2244 1194 ascensu

683 1229 807 1284 Filii
841 1230 932 1286 Dei
968 1231 1020 1285 in
1049 1232 1243 1297 caelos,
1290 1248 1386 1303 par
1416 1232 1520 1287 fuit
1558 1232 1662 1303 ipsi
1693 1232 1907 1288 obviam
1940 1232 2050 1288 isse
2086 1247 2251 1303 ange-

686 1324 790 1387 los,
846 1338 957 1377 suze
1003 1338 1101 1391 pro
1153 1322 1469 1391 hominibus
1522 1323 1844 1379 meonomiae
1870 1324 2251 1389 administros,

684 1426 847 1487 atque
894 1415 1202 1470 caelestium
1238 1429 1518 1486 portarum
1574 1416 1718 1473 fores
1772 1416 1877 1487 ipsi
1945 1419 2249 1487 aperuisse,

637 1495 642 1502 ’
679 1526 843 1565 voces
873 1509 1258 1579 angelicosque
1288 1510 1577 1574 clamores,
1610 1512 1702 1581 qui
1734 1510 1788 1565 in
1807 1510 2021 1582 psalmo
2058 1509 2249 1566 ferun-

681 1613 790 1668 tur,
843 1603 1129 1658 emisisse:
1163 1618 1300 1674 quos
1332 1603 1711 1674 jubilationem
1763 1611 1818 1659 et
1852 1611 2041 1659 voeem
2099 1604 2245 1658 tuba:

680 1700 961 1764 nuncupat
994 1693 1183 1749 dicens
1213 1712 1225 1747 :
1257 1694 1502 1750 Ascendit
1526 1680 1666 1748 Deus
1697 1694 1754 1747 in
1771 1693 2116 1763 jubitatione,
2150 1694 2251 1750 Do-

565 1832 577 1849 ,
684 1786 858 1839 minus
885 1787 938 1840 in
967 1781 1085 1841 uoce
1113 1784 1272 1839 tubte.

1226 1980 1457 2035 DAVIDI
1496 1980 1688 2037 XXIV.

751 2077 886 2132 Cum
908 2090 1084 2144 neque
1113 2075 1375 2146 psalmus,
1399 2091 1575 2145 neque
1602 2076 1898 2143 canticum,
1923 2091 2100 2147 neque
2119 2075 2248 2146 quid

683 2168 863 2223 simile
897 2168 1248 2231 inscribatur,
1279 2181 1454 2237 neque
1486 2167 1541 2220 in
1579 2167 1737 2221 linem
1768 2166 1882 2221 haec
1912 2164 2246 2234 refcrantur;

682 2277 747 2316 ac
771 2260 989 2331 quidam
1012 2275 1291 2316 sermones
1317 2259 1427 2315 sint
1454 2260 1507 2314 in
1533 2258 1737 2331 Spiritu
1764 2269 1957 2316 sancto
1986 2276 2015 2313 a
2050 2258 2251 2315 Davide

682 2353 1004 2423 conscripti,
1036 2352 1159 2407 ideo
1188 2367 1218 2405 a
1248 2352 1473 2422 reliquis
1503 2352 1894 2423 interpretibus
1917 2352 2133 2406 Davidis
2165 2353 2252 2408 in-

681 2445 962 2503 scribitur.
985 2443 1117 2498 Jure
1145 2444 1394 2499 dicamus
1424 2443 1601 2513 ipsum
1627 2442 1930 2498 doctrinam
1964 2444 2249 2514 complecti

681 2536 1046 2592 confessionis
1079 2534 1188 2590 Deo
1221 2535 1470 2603 emissae;
1502 2551 1609 2606 qua
1647 2535 1795 2606 prior
1826 2535 2043 2606 quidem
2084 2534 2251 2589 David

685 2645 819 2686 usus
854 2630 944 2693 sit,
979 2627 1174 2684 deinde
1204 2628 1362 2683 nobis
1388 2629 1633 2684 eamdem
1659 2628 1832 2699 ipsam
1854 2628 2164 2695 tradiderit,
2194 2638 2254 2683 ut

680 2722 902 2799 doceret
933 2737 1043 2792 quo
1070 2729 1229 2792 pacto
1271 2720 1545 2775 inﬁrmum
1578 2737 1849 2792 quemque
1882 2722 2119 2776 animam
2156 2738 2252 2777 cu-

680 2831 802 2871 rare
836 2830 989 2871 suam
1022 2830 1118 2886 per
1148 2812 1552 2870 confessionem
1578 2821 1847 2885 eportcat.

757 2992 920 3048 Vens.
949 2994 1005 3058 ‘2,
1035 2993 1089 3047 3.
1129 2992 1208 3045 Ad
1231 3002 1299 3055 te,
1332 2992 1570 3058 Domine,
1601 2993 1765 3047 levavi
1803 2994 2037 3047 animam
2062 3012 2251 3061 meam;

684 3083 827 3137 Deus
858 3100 1023 3147 meus,
1052 3084 1105 3137 in
1134 3092 1181 3136 te
1204 3076 1432 3151 con/ida,
1460 3100 1561 3138 non
1585 3084 1882 3139 erubescam
1908 3101 1926 3138 :
1948 3102 2108 3156 neque
2129 3087 2255 3138 irri-

654 3162 659 3166 ’
682 3174 838 3227 dcunt
866 3190 944 3227 me
972 3174 1170 3228 inimici
1196 3174 1317 3237 mei,
1341 3159 1529 3228 etenim
1558 3176 1786 3229 universi
1814 3176 1905 3246 qui
1925 3177 2182 3231 sustinent
2208 3186 2256 3231 te

684 3284 785 3321 non
823 3265 1227 3336 confundentur.
1262 3265 1385 3322 llzec
1416 3268 1512 3333 ait,
1546 3269 1703 3337 quasi
1746 3269 1800 3323 in
1828 3269 1996 3322 altum
2028 3277 2248 3326 evectus
2278 3251 2319 3308 (ἶ

682 3376 735 3415 ct
764 3360 1098 3427 translatus;
1144 3368 1204 3427 ut
1237 3363 1328 3432 qui
1367 3364 1603 3418 animam
1637 3377 1791 3418 suam
1834 3361 1900 3417 ab
1930 3362 2132 3419 inﬁmis
2161 3378 2249 3419 re-

686 3454 788 3510 bus
816 3453 1143 3509 abstractam
1175 3456 1458 3511 sublimem
1490 3455 1683 3526 egerit,
1715 3465 1875 3524 atque
1903 3454 2098 3510 aﬁ‘ectu
2127 3470 2246 3511 eam

681 3562 901 3604 sursum
941 3562 1004 3602 ac
1045 3545 1155 3602 Deo
1188 3547 1423 3602 vicinam
1475 3547 1844 3613 constituerit,
1895 3554 1949 3601 et
1996 3534 2246 3602 mertalia

646 3686 651 3690 ,
682 3639 1029 3710 humanaque
1060 3648 1367 3704 aversatus,
1418 3638 1485 3693 ad
1530 3638 1697 3694 Deum
1739 3654 1798 3693 se
1829 3638 2046 3695 sincero
2084 3640 2249 3695 corde

682 3735 1031 3789 converterit.
1063 3732 1375 3802 Deindeque
1408 3733 1483 3784 ait
1509 3751 1520 3785 :
1546 3729 1662 3807 Non
1696 3732 1850 3795 mihi,
1888 3731 1982 3788 sed
2014 3732 2113 3789 tibi
2138 3732 2248 3789 Deo

683 3842 803 3881 meo
824 3825 1083 3891 conﬁsus,
1112 3826 1389 3895 multaque
1410 3839 1541 3879 usus
1572 3823 1789 3887 ﬁducia,
1817 3824 1981 3879 talem
2016 3840 2128 3880 rem
2162 3840 2250 3895 ag-

639 3930 643 3936 ‘
684 3932 907 3988 gressus
945 3931 1084 3970 sum.
1119 3914 1219 3981 Qui
1250 3916 1431 3970 omnia
1467 3931 1587 3985 quae
1615 3916 1715 3970 sub
1736 3896 2011 3986 aspectum
2042 3923 2095 3971 et
2124 3932 2249 3972 sen-

688 4024 809 4063 sum
839 4008 1041 4085 cadunt
1075 4007 1421 4075 contempsit,
1451 4015 1505 4062 et
1531 4008 1593 4061 ad
1627 4008 2007 4077 incorporeum
2027 4008 2250 4067 invisi-

684 4102 956 4171 bilemque
990 4100 1158 4154 Deum
1186 4099 1429 4153 animam
1456 4085 1653 4165 erexit,
1699 4099 1887 4169 Deum,
1933 4110 1992 4156 ut
2029 4116 2248 4171 posses-

687 4210 806 4252 sum
843 4194 941 4250 abs
980 4208 1038 4249 se
1081 4192 1304 4257 bonum,
1349 4190 1574 4247 ﬁdenter
1615 4192 1870 4263 invocat;
1918 4177 2250 4266 quapropter

685 4287 819 4342 dicit
860 4308 872 4342 :
908 4286 1047 4341 Deus
1079 4303 1244 4348 meus,
1295 4286 1347 4340 in
1384 4296 1430 4340 te
1460 4285 1685 4355 conﬁdo.
1736 4286 1866 4353 Quae
1902 4287 1969 4340 ad
2005 4304 2090 4344 me
2118 4290 2247 4341 atti-

687 4384 837 4441 nent,
871 4377 1065 4445 inquit,
1103 4377 1175 4431 ita
1207 4393 1265 4432 se
1297 4378 1517 4432 habent.
1545 4378 1807 4432 Caeterum
1836 4380 2089 4448 precibus
2116 4380 2247 4433 mihi

687 4470 978 4537 divinoque
1011 4476 1106 4523 tuo
1136 4470 1338 4545 auxilio
1368 4485 1505 4540 Opus
1527 4478 1633 4534 est,
1660 4478 1718 4523 ut
1740 4486 1808 4525 ne
1830 4485 1861 4523 a
1895 4485 2062 4540 scopo
2092 4471 2248 4524 aber-

688 4575 822 4622 rem,
870 4575 1002 4614 neve
1043 4575 1142 4614 ceu
1176 4576 1204 4613 a
1234 4552 1455 4630 pne-alto
1492 4563 1773 4617 cacumine
1802 4562 1988 4633 lapsus
2021 4569 2242 4616 atlerar.

688 4652 867 4718 Quare
898 4649 1126 4705 obsecro
1154 4666 1413 4721 rogoque,
1442 4668 1511 4706 ne
1533 4653 1600 4708 ab
1623 4653 1858 4709 inimicis
1885 4656 2021 4711 meis
2044 4654 2248 4725 pudore

688 4744 972 4801 suﬁundar
1000 4751 1053 4799 et
1086 4742 1315 4803 irridear
1348 4762 1361 4797 :
1392 4742 1537 4813 quod
1567 4760 1696 4800 sane
1720 4754 1813 4800 tuo
1842 4745 1936 4801 Dei
1967 4748 2068 4801 mei
2093 4748 2249 4801 auxi-

686 4838 759 4891 lio
788 4837 1065 4891 obtinebo.
1102 4834 1236 4890 Nam
1262 4836 1493 4906 pristina
1524 4835 1740 4904 quidem
1780 4854 1845 4892 ex
1890 4840 2109 4908 preprio
2154 4855 2267 4892 vo-'

688 4928 913 4983 lunlatis
939 4927 1147 4983 delectu
1173 4928 1676 4999 proﬁciscebantur,
1702 4935 1761 4981 ut
1782 4930 1990 4985 scilicet
2012 4931 2246 4985 animum

687 5006 860 5075 meum
906 5010 1170 5071 arbitratu
1221 5034 1341 5073 meo
1387 5034 1481 5074 sus
1525 5018 1699 5087 deque
1728 5021 1980 5090 agerem:
2014 5020 2252 5077 secunda

691 5106 996 5185 patrocinio
1025 5114 1081 5161 et
1113 5107 1358 5163 subsidio
1391 5117 1553 5180 egent
1590 5116 1709 5164 tuo.

769 5368 928 5427 Vens.
961 5372 1012 5426 4.
1050 5370 1458 5443 Confundautur
1478 5374 1656 5447 iniqua
1682 5384 1886 5451 agentes
1914 5393 2245 5448 supervacue.

698 5461 979 5533 Proposito
1010 5465 1261 5523 insistere
1292 5467 1467 5522 solum
1509 5470 1792 5535 convenit,
1832 5486 2007 5543 neque
2037 5483 2249 5529 mut-are

697 5555 1040 5625 sententiam,
1071 5558 1155 5612 vel
1184 5574 1213 5613 a
1254 5559 1358 5617 ﬁde
1385 5558 1636 5618 deﬁcere.
1666 5562 1802 5619 Nam
1832 5566 1925 5636 qui
1962 5566 2249 5625 instabiles

695 5646 1026 5718 mobilesque
1057 5658 1205 5719 sunt,
1254 5667 1317 5708 ac
1343 5655 1489 5709 omni
1520 5663 1679 5711 vento
1703 5656 2181 5730 circumferuntur,
2214 5663 2246 5717 ii

765 5806 808 5837 ⁸⁷
846 5804 1001 5866 Joan.
1036 5817 1155 5879 xlv,
1178 5809 1239 5881 2.
1315 5812 1359 5845 "
1395 5810 1539 5869 Psal.
1580 5808 1737 5884 nvi,
1775 5815 1825 5870 6.

1294 373 1561 430 EUSEB"
1602 372 2084 432 CASSABIENSIS
2118 370 2266 431 OPP.

2310 373 2489 429 PARS
2526 372 2614 429 Ill.
2655 405 2726 415 —
2764 371 3176 430 EXEGETICA.
3788 380 3865 437 9‘34

2283 502 2327 556 Α
2359 490 2653 562 μέλλοντας
2706 488 3061 563 κληρονομεῖν
3104 490 3202 560 τὴν
3232 488 3507 561 βασιλείαν
3547 490 3651 544 τῶν
3675 491 3866 565 οὐρανῶν

2354 585 2449 638 σὺν
2478 583 2554 655 τῷ
2576 581 2690 653 Υἱῷ
2720 582 2815 636 τοῦ
2845 582 3002 636 Θεοῦ.
3037 581 3245 646 Πολλὰς
3272 582 3380 654 γὰρ
3400 582 3601 653 ἀνέῳξε
3627 583 3710 636 καὶ
3727 585 3866 655 διαφό-

2354 695 2482 751 ρους
2515 675 2688 740 πύλας
2707 676 2805 747 τῆς
2840 678 2920 740 είς
2952 678 3076 741 τοὺς
3098 677 3357 746 οὐρανοὺς
3382 676 3613 731 εἰσόδου·
3664 679 3768 732 ἐπεὶ
3803 683 3866 735 καὶ

2353 768 2541 823 πολλαὶ
2577 768 2736 840 μοναὶ
2768 768 2920 842 παρά
2944 768 3020 840 τῷ
3044 769 3240 841 Πατρί.
3269 770 3409 841 Ὅρα
3433 768 3491 822 δὲ
3521 770 3570 823 εί
3606 768 3675 842 μὴ
3703 772 3755 825 ὲν
3780 774 3866 826 τούς

2350 879 2463 925 τοις
2488 860 2669 932 λυθείη
2700 860 2765 915 ἓν
2792 860 2853 914 τὸ
2886 860 3047 932 ζητού
3056 877 3215 932 μενον
3248 863 3306 915 ὲν
3327 859 3405 931 τῷ
3430 859 3866 935 φάσκοντιψαλμῷι

2364 955 2558 1023 Ἀνέϐη
2591 958 2623 1009 ό
2649 954 2792 1020 Θεὸς
2855 954 2926 1007 ἐν
2973 952 3320 1025 ἀλαλαγμῷ,
3371 954 3589 1022 Κύριος
3641 954 3705 1007 ἐν
3742 956 3866 1026 Spuri

2350 1044 2701 1116 σάλπιγγος.
2755 1044 3019 1100 Ἐνταῦθα
3048 1044 3155 1117 γὰρ
3203 1045 3264 1099 τὸ
3308 1045 3532 1117 Πνεῦμα
3562 1047 3622 1101 τὸ
3645 1046 3781 1117 ἅγιον
3809 1051 3865 1103 xd

2349 1138 2438 1191 τὸν
2461 1136 2774 1210 ἀλαλαγμὸν
2799 1137 2893 1191 καὶ
2924 1136 3023 1209 τὴν
3052 1137 3235 1210 φωνὴν
3288 1138 3388 1208 τῆς
3418 1126 3708 1209 σάλπιγγος
3730 1140 3865 1194 ἀποδί

2348 1219 2545 1284 δωσινί
2577 1231 2665 1284 Ἐν
2684 1229 2793 1301 γὰρ
2816 1232 2882 1300 τῇ
2927 1229 3007 1293 είς
3025 1229 3289 1300 οὐρανοὺς
3332 1228 3593 1283 ἀναϐάσει
3641 1229 3728 1283 τοῦ
3777 1230 3866 1284 Υἰοῆ

2346 1318 2440 1372 τοῦ
2470 1317 2627 1382 Θεοῦ,
2658 1319 2781 1383 τούς
2810 1317 3306 1390 διακονησαμένους
3349 1317 3496 1389 αὐτῷ
3526 1318 3773 1387 ἀγγέλους
3808 1320 3866 1390 τὴ

2348 1411 2427 1471 εἰς
2456 1408 2776 1480 ἀνθρώπους
2830 1408 3142 1478 οἰκονομίαν
3192 1407 3516 1479 προτρέχειν
3565 1406 3707 1478 αὐτῷ
3749 1409 3866 1473 εἰκὸς

2349 1498 2442 1553 καὶ
2470 1498 2567 1557 τὰς
2596 1498 2879 1570 οὐρανίους
2918 1497 3091 1562 πύλας
3125 1495 3274 1567 αὐτῷ
3321 1490 3770 1569 παρασκευάζειν,
3801 1516 3866 1567 (ξω

2347 1591 2445 1655 νάς
2472 1607 2531 1644 τε
2557 1592 2781 1660 ἀφιέναι
2802 1592 2895 1644 καὶ
2927 1589 3054 1660 βοὰς
3080 1590 3395 1660 ensum,
3417 1588 3518 1654 τὰς
3536 1591 3594 1644 ὲν
3620 1589 3697 1661 τῷ
3722 1589 3866 1660 diuini

2348 1683 2670 1755 φερομένας·
2699 1682 2766 1745 ἃς
2782 1682 2848 1755 δὴ
2878 1683 3194 1753 ἀλαλαγμὸν
3249 1682 3342 1735 καλ⁸
3396 1683 3579 1756 φωνὴν
3629 1682 3866 1751 σάλπιγγι]

2347 1775 2596 1846 ὠνόμασε
2619 1775 2817 1845 φήσας·
2860 1774 3057 1843 Ἀνέϐη
3087 1778 3119 1829 ὀ
3152 1772 3298 1841 Θεὸς
3330 1774 3400 1828 ἐν
3424 1775 3765 1848 ἀλαλαγμῷ,
3802 1778 3866 1829 Ki‘

2282 1908 2324 1963 Β
2342 1886 2473 1939 ριος
2504 1868 2572 1922 ὲν
2600 1864 2771 1937 φωνῇ
2797 1865 3147 1938 σάλπιγγος,

2893 1983 2980 2036 ΤΩ
3017 1982 3214 2035 ΔΑΥΙΔ
3252 1982 3387 2036 KA'.

2430 2072 2584 2128 Ἐπεὶ
2613 2073 2754 2145 μήτε
2776 2071 2988 2144 ψαλμδς
3013 2071 3430 2143 ἐπιγέγραπται,
3459 2074 3593 2145 μήτε
3620 2074 3749 2149 ᾠδὴ,
3785 2075 3866 2146 μήτ

2347 2183 2400 2218 τι
2432 2163 2541 2218 τῶν
2585 2163 3004 2236 παραπλησίων,
3057 2161 3174 2243 ἀλλ’
3229 2162 3337 2215 οὐδ’
3384 2164 3466 2228 εἰς
3523 2164 3584 2218 τὸ
3617 2164 3766 2228 τέλος
3795 2166 3866 2218 ἀντ

2350 2258 2624 2329 πέμπεται
2653 2255 2723 2310 τά
2742 2256 3093 2328 προκείμενα·
3122 2254 3269 2323 λόγοι
3287 2254 3343 2307 δέ
3358 2257 3495 2309 εἰσιν
3519 2256 3577 2309 ὲν
3597 2257 3735 2327 ἁγίῳ
3758 2257 3866 2310 Ilva:

2353 2369 2482 2423 ματι
2504 2350 2583 2421 τῷ
2606 2347 2769 2403 Δαυῖδ
2791 2347 3289 2420 συγγεγραμμένοι·
3308 2348 3389 2402 διὸ
3417 2348 3567 2419 παρά
3588 2349 3701 2412 τοῖς
3722 2347 3866 2401 λοιπο

2351 2445 2708 2515 ἑρμηνευταῖς
2741 2442 2846 2495 τοῦ
2871 2440 3049 2495 Δαυῒδ
3097 2441 3537 2515 προγέγραπται·
3571 2440 3795 2505 εἰκότως
3826 2458 3865 2509 φλ

2354 2552 2516 2605 σομεν
2540 2532 2883 2587 διδασκαλίαν
2915 2534 3191 2606 περιέχειν
3214 2534 3316 2605 τῆς
3363 2535 3499 2606 πρὸς
3530 2532 3622 2587 τὸν
3647 2532 3783 2586 Θεὸν
3814 2532 3866 2597 ὲξ

2355 2619 2779 2703 μολογήσεως,ᾕ
2818 2626 3031 2697 πρῶτος
3068 2626 3164 2697 μὲν
3189 2627 3350 2691 αὐτὸς
3379 2628 3407 2679 ὁ
3434 2625 3595 2680 Δαυῒδ
3633 2627 3866 2698 ἐχρήσατ

2352 2717 2540 2771 ἔπειτα
2596 2716 2653 2769 δὲ
2705 2716 2798 2769 καὶ
2859 2716 2990 2786 ἡμῖν
3051 2716 3422 2788 παραδέδωκε,
3482 2717 3759 2770 παιδεύων
3788 2716 3866 2770 ὅπα

2350 2809 2455 2883 χρὴ
2489 2810 2788 2881 νοσήσαντα
2816 2808 2914 2882 τὴν
2940 2809 3146 2863 ἑαυτῶν
3172 2809 3498 2879 θεραπεύειν
3519 2809 3701 2882 ψυχὴν
3722 2811 3791 2863 δι’
3822 2808 3866 2876 ea

2356 2901 2555 2975 μολογή
2563 2919 2718 2965 σεως.

2421 2993 2578 3063 Πρὸς
2606 2994 2700 3058 σὲ,
2730 2994 2926 3062 Κύριε,
2960 2988 3077 3065 ἦρα
3118 2992 3231 3063 τὴν
3272 2993 3485 3063 ψυχήν
3520 3012 3663 3062 μουο
3712 2995 3748 3047 ὁ
3795 2995 3866 3046 Ge

2348 3102 2488 3154 μου,
2528 3084 2627 3137 ἐπὶ
2656 3083 2756 3137 σοὶ
2782 3084 3073 3148 ’πέποιθα,
3093 3084 3178 3154 μὴ
3226 3085 3737 3154 κατάσχυνθείην’
3786 3101 3866 3154 μη

2355 3174 2937 3242 naturaadd:de
2957 3195 3032 3247 με
3060 3180 3111 3231 oi
3144 3178 3344 3247 ἐχθροί
3361 3193 3499 3246 μου·
3524 3175 3626 3229 καὶ
3653 3176 3773 3246 γὰρ
3798 3192 3866 3229 :rc

2352 3284 2450 3333 τες
2478 3271 2531 3322 οἱ
2580 3267 2986 3339 ὐπομένοντές
3031 3286 3105 3323 σε
3146 3272 3217 3323 οὐ
3263 3268 3348 3339 μὴ
3418 3269 3866 3339 καταισχυνθῶι

2354 3357 2538 3412 Ταῦτά
2564 3376 2748 3431 φησιν,
2805 3359 3004 3413 ὡσανεὶ
3054 3360 3263 3432 ἐπάρας
3301 3362 3379 3425 είς
3425 3360 3557 3431 ὕψος
3588 3362 3863 3432 μεταθεῖς

2352 3450 2444 3502 καὶ
2478 3450 2821 3524 μετεωρίσας
2837 3451 2946 3506 τῶν
2979 3452 3467 3525 τῇδεξπραγμάτων
3483 3454 3581 3527 τὴν
3613 3454 3866 3509 ἑαυτοῦ(

2354 3544 2472 3616 χήν·
2508 3544 2619 3599 ἀνω
2639 3562 2700 3598 τε
2731 3545 2957 3617 πλησίον
2980 3528 3150 3617 αὐτην
3179 3545 3271 3598 τοῦ
3301 3546 3435 3600 Θεοῦ
3466 3550 3533 3620 τῇ
3558 3546 3818 3602 διαθέσει
3854 3565 3866 3602 :

2352 3640 2719 3711 zacrﬁcagot’
2759 3640 3108 3710 ἀποστροφῆς
3148 3632 3246 3711 μὲν
3279 3639 3384 3715 τῶν
3435 3638 3650 3710 θνητῶν
3680 3639 3811 3693 καὶ
3863 3662 3865 3683 ι

2354 3730 2658 3804 θρωπίνων,
2688 3734 3020 3803 ἐπιστροφῆς
3068 3732 3124 3784 δὲ
3154 3732 3380 3803 γνησίας
3410 3732 3507 3802 τῆς
3556 3732 3707 3802 πρὸς
3763 3731 3866 3785 αὐτ

2356 3827 2592 3881 Ἔπειτά
2615 3842 2767 3897 φησι·
2789 3824 2958 3878 Τοῦτο
2986 3823 3283 3893 πεποίηκα,
3309 3821 3408 3875 οὐκ
3437 3820 3665 3893 ἐμαυτῷ
3701 3821 3866 3893 θαῤῥ

2353 3918 2465 3972 ἀλλ’
2494 3918 2584 3971 ἐπὶ
2620 3918 2703 3971 σοὶ
2730 3915 2808 3987 τῷ
2828 3914 2946 3987 Θεῷ
2972 3932 3071 3986 μου
3098 3912 3393 3977 πεποιθὼς,
3452 3914 3619 3987 πολλῇ
3652 3917 3866 3987 mpm

2353 4010 2649 4081 χρώμενος.
2699 4008 2758 4062 Ὀ
2781 4009 2994 4063 πάντων
3025 4007 3123 4078 μὲν
3174 4007 3283 4060 τῶν
3333 4007 3603 4079 αἰσθητῶν
3644 4010 3759 4063 καὶ
3824 4011 3866 4079 ὁι

2356 4099 2533 4169 μένων
2561 4098 2995 4169 καταφρονήσας,
3027 4098 3119 4152 ἐπὶ
3138 4097 3193 4151 δὲ
3218 4098 3309 4151 τὸν
3332 4090 3621 4169 ἀσώματον
3649 4101 3767 4154 καὶ
3798 4100 3866 4154 rid

2351 4173 2441 4242 τον
2470 4187 2600 4241 Θεὸν
2636 4187 2731 4259 τὴν
2754 4189 2947 4243 ἑαυτοῦ
2967 4189 3143 4263 ψυχὴν
3169 4189 3398 4261 ἐπάρας,
3457 4190 3532 4253 ὼς
3559 4189 3629 4246 ἂν
3658 4191 3814 4245 ἴδιον
3844 4193 3866 4245 ἐ

2353 4280 2445 4334 τοῦ
2483 4282 2667 4352 κτῆμα
2711 4283 2996 4354 γενόμενον
3036 4283 3127 4336 τὸν
3158 4283 3288 4337 Θεὸν
3318 4283 3712 4339 ἐπικαλεῖσθαι
3740 4266 3865 4357 θαῤ

2353 4373 2432 4426 διὸ
2456 4372 2620 4442 λέγει·
2683 4373 2745 4428 '0
2796 4376 2939 4441 Θεός
2961 4393 3103 4445 μου,
3130 4374 3225 4428 ἐπὶ
3256 4374 3353 4428 σοὶ
3413 4374 3705 4432 πέποιθα.
3751 4378 3866 4430 Kal

2356 4466 2481 4537 παρ’
2505 4465 2636 4536 ἐμοῦ
2672 4450 2788 4537 μὲν,
2814 4467 2967 4537 φησὶ,
2998 4466 3187 4521 ταῦτα.
3223 4467 3418 4522 Λοιπὸν
3448 4469 3502 4522 δὲ
3524 4470 3709 4542 εὐχῆς
3751 4488 3858 4542 μοι

2355 4557 2447 4610 καὶ
2478 4557 2574 4628 τῆς
2608 4559 2760 4630 παρά
2782 4557 2875 4611 σοῦ
2916 4556 3008 4611 τοῦ
3064 4557 3197 4611 Θεοῦ
3226 4560 3563 4631 συνεργείας,
3596 4561 3763 4631 πρὸς
3805 4562 3866 4613 τὶ.

2353 4650 2608 4703 ἐκπεσεῖν
2660 4649 2753 4703 τοῦ
2781 4648 3005 4712 σκοποῦ,
3040 4649 3159 4720 μηδ’
3188 4650 3375 4722 ῶσπερ
3406 4651 3498 4720 ἀφ’
3518 4650 3763 4722 ὑψηλῆς
3795 4653 3866 4705 ἀν

2323 4754 2327 4758 ‘
2356 4740 2505 4810 ρείας
2540 4740 2774 4793 πεσόντα
2803 4740 3202 4811 ἀπορραγῆναι.
3234 4743 3324 4794 Διὸ
3357 4740 3546 4811 δέομαι
3578 4743 3689 4795 καὶ
3731 4744 3866 4797 ἱκετ

2358 4834 2430 4905 μὴ
2462 4832 2939 4904 καταισχυνθῆναι,
2985 4834 3116 4905 μηδὲ
3157 4832 3636 4907 καταγελασθῆναι
3702 4835 3837 4889 ὑπὸ

2354 4928 2559 5001 ἐχθρῶν
2586 4944 2706 5000 μου·
2744 4926 2912 4980 ταῦτα
2932 4925 2987 4979 δέ
3020 4944 3109 4998 μοι
3141 4925 3291 4979 ἔσται
3334 4925 3399 4977 ὲκ
3424 4924 3523 4994 τῆς
3549 4924 3665 4994 σῆς
3690 4927 3812 4980 τοῦ
3848 4930 3866 4981 ί

2356 5038 2456 5091 μου
2490 5018 2758 5091 βοηθείας.
2791 5017 2869 5071 Τὰ
2896 5019 2992 5089 μὲν
3022 5017 3130 5088 γὰρ
3158 5015 3349 5089 πρῶτα
3387 5015 3445 5083 ἐξ
3475 5015 3621 5086 ἐμῆς
3661 5012 3753 5089 ’ἦν
3782 5037 3866 5093 τερ

2357 5113 2576 5183 ρέσεως,
2603 5114 2664 5167 τὺ
2701 5112 2853 5180 ἄγειν
2876 5112 2970 5164 καὶ
3011 5111 3194 5180 φέρειν
3218 5109 3315 5181 τὴν
3347 5105 3585 5179 ἐμαυτοῦ
3624 5108 3861 5183 ψυχὴν

2352 5206 2446 5259 καὶ
2471 5206 2750 5278 βούλομαιο
2776 5204 2846 5259 τὰ
2870 5204 2927 5257 δὲ
2951 5202 3176 5273 δεύτερα
3209 5205 3308 5274 τῆς
3340 5201 3439 5272 σῆς
3466 5200 3866 5274 ἀντιλήψεως

2290 5350 2293 5352 _
2353 5299 2663 5369 πνεργείας
2686 5297 2873 5350 δεῖται.

2421 5387 2930 5457 Αἰσχυνθήτωσαν
2957 5388 3009 5438 οὶ
3037 5385 3400 5456 ἀνομοῦντες
3428 5384 3777 5455 διακενῆς.
3808 5389 3866 5443 Μ

2353 5477 2637 5549 ὑπομένειν
2661 5481 2727 5551 τῇ
2762 5477 3036 5550 προθέσει,
3069 5478 3202 5551 μηδὲ
3234 5477 3612 5550 μεταϐάλλειν,
3653 5481 3786 5533 καὶ
3844 5501 3866 5553 ιτ

2357 5570 2581 5627 στασθαι
2625 5574 2719 5645 τῆς
2750 5564 3091 5635 πίστεως.οί
3139 5571 3247 5644 γὰρ
3280 5572 3584 5643 εὐρίπιστοι
3622 5571 3757 5624 καὶ
3828 5592 3866 5625 τε

2354 5664 2538 5738 ἀνέμῳ
2566 5664 2983 5738 περιφερόμενοι
3011 5663 3228 5719 πάθοιεν
3256 5663 3321 5721 ἄν
3352 5679 3480 5717 ποτε
3509 5660 3578 5715 τὰ
3599 5662 3739 5734 τῆς
3778 5669 3866 5722 ai.
