3966 6344
693 454 794 510 227

1307 490 1309 492 -
1420 451 1685 507 EUSEBII
1721 449 2190 506 C/ESARIENSIS
2227 450 2374 505 OPP.
2401 451 2579 505 PARS
2615 451 2704 507 Ill.
2748 483 2815 492 -—
2853 452 3253 509 EXEGETICA.
3787 461 3863 515 εει

691 584 744 630 et
774 583 953 629 rectus
987 573 1242 627 Dominus
1276 580 1380 635 est,
1413 571 1505 641 qui
1532 571 1700 640 probe
1739 571 1920 625 omnia
1946 570 2222 639 dispensat

2347 568 2469 630 στός
2498 571 2644 621 ἐστιν
2686 570 2776 622 καὶ
2842 571 3020 637 εὐθὶς,
3056 573 3235 642 φησὶν,
3262 573 3290 624 ὁ
3333 571 3554 642 Κύριος,
3587 569 3646 627 εὖ
3677 574 3869 630 διατιθέ-

689 673 1001 732 rectamque
1031 661 1206 732 diligit
1233 662 1397 726 viam,
1429 675 1491 714 ac
1521 669 1769 714 tortuosa
1802 661 1857 714 in
1900 667 2105 718 rectum
2132 659 2242 712 cal-

691 755 790 808 lem
820 753 1056 807 deducit.
1087 751 1427 821 Quapropter
1452 758 1767 818 peccatores
1800 763 1910 802 non
1937 755 2237 809 aversatur,

689 861 863 915 neque
887 844 1110 914 negligit
1140 843 1337 898 sinitve
1375 857 1470 896 eos
1508 827 1746 908 peccatis
1777 840 2050 909 corrumpi
2086 839 2198 894 suis
2225 858 2236 890 :

689 937 779 991 sed
810 938 964 1006 quasi
992 936 1361 1006 perhumanus
1391 933 1674 1003 bonusque
1716 931 1972 987 Servator
2001 931 2240 985 inﬁrmo-

687 1044 804 1082 rum
869 1029 992 1098 plus
1055 1041 1217 1096 quam
1269 1027 1406 1080 bene
1462 1024 1778 1079 habentium
1824 1037 2010 1076 curam
2067 1024 2235 1091 gerit,

686 1118 845 1191 atque
887 1122 1019 1190 ipsis
1049 1121 1216 1189 legem
1274 1120 1366 1173 dat
1385 1140 1407 1182 ,ι
1453 1114 1786 1187 poenitentia;
1806 1114 1922 1170 vias
1969 1115 2233 1180 indicans,

686 1221 933 1286 legesque
956 1229 1162 1277 ponens
1197 1213 1330 1282 ipsis
1354 1214 1421 1265 ad
1452 1212 1680 1266 salutem
1705 1218 2083 1280 congruentes.
2101 1209 2237 1264 Nam

686 1309 764 1362 vel
803 1307 868 1361 iis
897 1307 986 1375 qui
1032 1314 1260 1375 peccant
1288 1305 1371 1358 via
1402 1304 1646 1374 quaedam
1696 1303 1886 1358 salutis
1913 1302 2233 1366 ostenditur,

687 1398 931 1452 videlicet
968 1396 1374 1460 conversionis,
1426 1395 1756 1465 pmnitentiee
1780 1434 1794 1458 ,
1845 1394 2232 1458 confessionis,

686 1499 800 1564 qua:
836 1490 1053 1558 quidem
1099 1489 1200 1541 alia
1233 1496 1316 1542 est
1347 1503 1376 1540 a
1421 1489 1505 1541 via
1546 1487 1800 1556 perfectis
1823 1468 1970 1541 'viris
2001 1485 2231 1540 ‘tradita.

685 1583 812 1637 Nam
837 1598 960 1638 cum
995 1583 1164 1652 legem
1189 1582 1282 1636 dat
1311 1581 1470 1643 Deus,
1505 1581 1645 1633 viam
1677 1580 2028 1648 peccantibus
2051 1579 2237 1658 aliam,-

683 1677 838 1730 aliam
868 1691 898 1729 a
928 1682 1150 1746 peccato
1185 1690 1242 1730 se
1282 1676 1741 1740 convertentibus,
1773 1675 1934 1728 aliam
1965 1673 2031 1726 iis
2053 1672 2145 1742 qui
2180 1671 2234 1724 in

683 1751 878 1824 virtute
904 1769 1212 1840 proﬁciunt,
1241 1770 1400 1824 aliam
1432 1770 1647 1823 demum
1680 1767 2091 1838 perfectioribns
2127 1775 2236 1818 tra-

673 1862 775 1914 dit.
807 1859 1169 1926 Quamobrem
1213 1859 1566 1928 peccantibus
1613 1859 1828 1928 quidem
1872 1857 2015 1910 viam
2052 1861 2235 1910 osten-

2348 678 2503 731 μενος
2529 660 2594 713 τὰ
2627 661 2823 726 πάντα,
2873 664 2967 716 καὶ
3002 663 3098 737 τὴν
3147 665 3357 719 εὐθεῖαν
3388 666 3505 720 ὁδὸν
3550 665 3784 733 ἀγαπῶν.
3820 670 3868 722 τά

2342 769 2397 804 τε
2423 751 2607 805 σκολιὰ
2635 756 2713 817 είς
2748 753 2958 809 εὐθεῖαν
2989 756 3154 823 ἄγων.
3201 757 3298 811 Διὰ
3327 757 3486 811 τοῦτο
3511 759 3614 811 οὐκ
3636 759 3847 832 ἀποστρέ

2342 862 2518 913 φεται,
2552 846 2670 898 οὐδὲ
2701 849 2914 920 παρορᾷ
2940 850 3356 918 λαταλιμπάνων
3374 851 3572 913 αὐτοὺς
3589 850 3865 922 φθείρεσθαι

2339 941 2457 1001 ταῖς
2504 939 2707 991 ὲαυτῶν
2739 940 3063 1011 ἁμαρτ²αις⁶
3119 942 3229 994 ἀλλ’
3265 936 3351 995 οἷα
3396 933 3767 1013 φιλάνθρωπος
3797 946 3865 996 καὶ

2338 1028 2537 1097 ἀγαθὸς
2575 1030 2761 1101 Σωτὴρ
2805 1031 3096 1085 νοσούντων
3133 1032 3326 1102 μᾶλλον
3356 1033 3388 1103 ἢ
3424 1034 3766 1102 ὑγιαινόντων
3792 1037 3866 1105 τὴν

2339 1121 2590 1192 φροντίδα
2623 1126 2882 1176 ποιεῖται⁸
2919 1124 3013 1176 καὶ
3039 1123 3245 1188 τούτοις
3283 1125 3579 1196 νομοθετεῖ,
3619 1128 3866 1196 μετανοίας

2335 1215 2487 1275 δδοὺς
2521 1214 2834 1278 ὑποδεικνὺς
2863 1216 3062 1281 αὐτοῖς,
3087 1215 3177 1268 καὶ
3207 1214 3400 1285 νόμους
3415 1219 3541 1282 τοὺς
3565 1217 3865 1289 ἁρμόζοντας

2337 1305 2517 1367 αὐτοῖς
2545 1306 2682 1375 πρὸς
2709 1307 2974 1377 σωτηρίαν
3021 1306 3466 1378 παρατιθέμενος.
3507 1309 3662 1361 Ἐστι
3690 1309 3789 1379 γάρ
3805 1327 3866 1372 τις

2337 1396 2429 1448 καὶ
2453 1397 2568 1458 ὁδὸς
2589 1399 2699 1459 τοῖς
2739 1398 3132 1468 ἁμαρτάνουσιν
3165 1398 3565 1471 ἐπιδεδειγμένη
3609 1401 3867 1471 σωτηρίας,

2335 1487 2367 1555 ή
2398 1484 2498 1554 τῆς
2525 1485 2855 1557 ἐπιστροφῆς
2890 1487 2983 1546 καὶ
3015 1487 3296 1556 μετανοίας
3326 1487 3418 1540 καὶ
3439 1488 3865 1559 ἐξομολογήσεως,

2336 1579 2412 1638 ὡς
2447 1577 2606 1650 ἑτέρα
2663 1577 2794 1632 οὖσα
2844 1582 2993 1649 παρὰ
3034 1579 3131 1651 τὴν
3174 1582 3285 1642 τοῖς
3324 1579 3547 1643 τελείοις
3590 1580 3866 1651 δεδομένην.

2336 1670 2658 1740 Νομοθετῶν
2722 1671 2830 1742 γὰρ
2872 1675 2900 1724 ὁ
2949 1671 3098 1736 Θεὸς,
3141 1672 3308 1743 ἄλλην
3353 1672 3450 1743 μὲν
3496 1673 3868 1745 ἁμαρτάνουσι»

2334 1761 2449 1814 ὁδὸν
2477 1762 2762 1824 δείκνυσιν,
2794 1757 2877 1815 ὲτέ
2889 1762 3053 1832 ρανδὲ
3077 1766 3190 1829 τοῖς
3217 1764 3630 1836 ἐπιστρέφουσιν
3645 1765 3704 1830 ἐξ
3724 1766 3864 1838 ἁμαρ-

2335 1853 2473 1917 τίας,
2528 1855 2620 1907 καὶ
2673 1853 2837 1924 ἄλλην
2869 1854 3028 1907 πάλιν
3059 1859 3170 1918 τοῖς
3199 1857 3257 1910 ὲν
3302 1858 3467 1928 ἀρετῇ
3505 1858 3868 1929 προκόπτουσι,

681 1955 787 2021 dit;
823 1961 1143 2007 mansuetos
1194 1927 1317 2004 cum
1354 1947 1561 2020 judicio
1625 1927 1854 2020 diriget,
1902 1962 2229 2017 eorumque,

2337 1945 2429 1998 καὶ
2471 1947 2663 2016 ἑτέραν
2700 1949 2812 2010 τοῖς
2866 1946 3234 2018 τελειοτέροις.
3263 1927 3355 2001 Διδ
3383 1953 3494 2012 τοῖς
3525 1927 3624 2020 μὲν
3654 1950 3851 2020 ἁμαρτά

681 2057 862 2120 utpote
897 2047 1320 2118 perfectiorum,
1366 2060 1552 2099 curam
1607 2051 1788 2115 geret:
1834 2059 2004 2114 quare
2042 2043 2234 2114 dignos

680 2154 772 2194 eos
806 2137 898 2207 qui
930 2136 1072 2190 beati
1125 2133 1552 2204 praedicarentur
1591 2133 1899 2197 aestimavit,
1936 2131 2231 2187 secundum

680 2229 848 2285 Illud:
900 2228 1054 2282 Beati
1111 2228 1297 2289 mites,
1329 2227 1573 2297 quoniam
1620 2226 1719 2294 ipsi
1757 2225 2090 2293 possidebunt
2129 2231 2234 2278 ter-

680 2338 792 2374 ram
836 2320 900 2374 ⁸¹.
944 2319 1053 2374 Hos
1101 2319 1264 2374 etiam
1316 2318 1476 2373 docet
1501 2319 1618 2372 vias
1661 2332 1808 2372 suas.
1861 2316 2003 2372 Loco
2054 2324 2231 2372 autem

681 2414 847 2480 illius,
879 2414 988 2466 vias
1020 2427 1144 2467 suas
1171 2427 1189 2465 :
1217 2411 1410 2482 Aquila
1436 2417 1490 2465 et
1520 2407 1898 2480 Symmachus,
1923 2411 2059 2463 viam
2083 2426 2233 2464 suam

680 2507 954 2562 dixerunt.
993 2504 1126 2558 Nam
1156 2520 1218 2559 ea
1252 2504 1367 2573 ipsa
1390 2503 1476 2555 via
1519 2502 1768 2557 Salvator
1799 2503 2043 2567 incessit,
2073 2511 2233 2572 prout

679 2597 916 2651 dicitur:
965 2595 1163 2648 Disrite
1209 2612 1242 2646 α
1284 2610 1364 2647 me
1407 2594 1532 2663 quia
1571 2595 1713 2646 mitis
1763 2610 1879 2648 sum
1920 2602 1970 2648 et
2018 2593 2231 2648 humilis

679 2686 828 2741 corde
852 2687 917 2742 ³¹.
965 2684 1161 2740 Eadem
1218 2685 1382 2756 igitur
1440 2687 1556 2754 ipsa
1611 2685 1699 2738 via
1753 2685 1876 2740 illos
1918 2685 2137 2762 deducit
2179 2692 2232 2741 et

678 2780 829 2849 quasi
872 2793 1030 2832 manu
1065 2745 1272 2847 dirigit:
1322 2745 1530 2830 idcirco
1566 2783 1624 2830 ut
1668 2777 1885 2846 sapiens
1935 2745 2225 2849 legislator,

678 2873 833 2927 aliam
867 2871 1282 2939 peccatoribus,
1325 2870 1549 2925 mitibus
1597 2873 1820 2952 alteram
1862 2870 2005 2924 viam
2047 2878 2231 2926 osten-

677 2964 771 3019 dit.

741 3224 909 3280 Vens.
946 3222 1034 3278 {0.
1081 3222 1345 3277 Universae
1381 3224 1476 3277 via:
1513 3219 1747 3287 Domini,
1774 3217 2228 3296 misericordia“

676 3320 864 3375 veritas
907 3317 1288 3388 requirentibus
1318 3317 1682 3371 testamentum
1709 3317 1823 3385 ejus
1845 3326 1894 3371 et
1931 3317 2230 3370 testimonia

675 3413 801 3481 ejus.
833 3409 1032 3474 Multae,
1066 3409 1263 3480 inquit,
1284 3409 1384 3462 viae
1413 3407 1628 3463 Domini
1661 3415 1812 3471 sunt,
1840 3423 2027 3464 verum
2055 3408 2230 3463 omni-

675 3505 774 3560 bus
807 3503 1091 3575 praacurrit
1117 3495 1496 3557 misericordia
1519 3501 1672 3571 ejus:
1709 3516 1834 3556 cum
1854 3498 2228 3556 misericordia

673 3612 836 3668 porro
873 3596 1074 3651 veritas
1113 3611 1220 3648 una
1250 3594 1532 3664 procedit,
1558 3595 1850 3650 miseretur
1885 3596 2086 3666 quippe
2109 3609 2226 3648 om-

672 3685 818 3738 nium
848 3691 904 3738 et
939 3683 1074 3737 nihil
1112 3682 1226 3737 odit
1249 3698 1435 3737 eorum
1462 3699 1581 3753 quae
1610 3683 1736 3739 fecit
1757 3684 1802 3716 ⁸³
1828 3703 1841 3738 :
1876 3698 2052 3754 neque
2082 3685 2226 3738 enim

673 3775 875 3845 aliquid
905 3775 1149 3829 condidit
1170 3775 1315 3845 quod
1343 3775 1468 3831 odio
1505 3776 1747 3831 haberet.
1782 3775 2026 3848 Singulis
2065 3775 2227 3846 igitur

672 3868 866 3922 divina:
903 3866 1394 3922 administrationis
1435 3875 1488 3919 et
1526 3867 1877 3934 providentiae
1914 3868 2020 3923 viis
2063 3869 2226 3923 mise-

674 3958 906 4013 ricordia
941 3958 1279 4026 praecurrit.-
1306 3959 1737 4012 misericordiam
1769 3961 1972 4014 veritas
2029 3960 2224 4014 subse-

603 4055 610 4058 ‘
673 4047 874 4116 quitur.
909 4045 978 4099 lis
1011 4053 1190 4100 autem
1221 4043 1315 4115 qui
1359 4046 1586 4100 sollicite
1625 4050 1930 4117 requirunt,
1969 4049 2226 4118 quastio-

672 4154 800 4192 num
832 4153 1013 4194 veram
1047 4139 1294 4192 notitiam
1325 4139 1703 4193 subministrat
1721 4140 1904 4209 quiait
1938 4139 2222 4204 :Quam'te,

669 4239 718 4285 et
734 4232 1036 4294 invenietis,
1054 4232 1282 4300 pulsate,
1301 4238 1349 4284 et
1366 4230 1630 4298 aperietur
1652 4229 1794 4285 vobis
1817 4230 1882 4282 “.
1909 4229 2227 4287 Testamen-

669 4335 782 4379 tum
818 4340 948 4380 vero
980 4325 1098 4394 ejus
1136 4324 1190 4378 in
1225 4339 1420 4394 genere
1461 4332 1762 4392 acceptum,
1798 4331 2023 4378 vocatur
2048 4323 2225 4377 omnis

668 4417 929 4472 divinitus
972 4417 1238 4486 inspirata
1290 4414 1571 4485 Scriptura
1631 4415 1942 4472 hominibus
1999 4415 2220 4469 tradita.

667 4507 998 4564 Testimonia
1026 4517 1150 4578 sunt
1185 4516 1451 4579 quotquot
1479 4510 1532 4564 in
1573 4507 1871 4578 Scripturis
1923 4509 2124 4564 divinis
2156 4504 2223 4564 de

2334 2054 2512 2090 νουσιν
2538 2037 2911 2091 ὑποδείκνυσιν
2934 2037 3048 2091 ὁδόν
3072 2055 3084 2067 ο
3115 2038 3238 2102 τοὺς
3268 2038 3324 2092 δὲ
3349 2043 3540 2110 πραεῖς
3560 2041 3805 2111 ὁδηγήσει
3828 2044 3869 2092 ὲν

2333 2131 2508 2203 κρίσει
2551 2131 2906 2203 κεκριμένως,
2951 2130 3044 2184 καὶ
3095 2130 3268 2184 αὐτῶν
3302 2131 3554 2200 πρόνοιαν
3580 2131 3868 2202 ποιούμενος

2333 2223 2408 2287 ὡς
2440 2223 2750 2293 βελτιόνων·
2819 2223 2897 2277 διὸ
2949 2223 3043 2276 καὶ
3097 2223 3456 2294 μακαρισμῶν
3494 2223 3866 2290 αὑτοὺς-ἀξιοῖ.

2333 2317 2572 2382 κατὰτὸ,
2609 2316 2893 2385 Μακάριοι
2941 2319 2996 2370 οἱ
3031 2315 3254 2385 πραεῖς,
3290 2315 3378 2370 ὅτι
3412 2315 3581 2370 αὐτοὶ
3608 2319 3868 2384 κληρονο-

2327 2408 2599 2479 μήσουσι
2644 2410 2758 2478 τὴν
2801 2408 2934 2478 γῆν.
2970 2409 3202 2473 Τούτους
3242 2408 3298 2461 δὲ
3343 2409 3437 2462 κα)⁸
3464 2408 3703 2462 διδάσκει
3741 2408 3867 2469 ὁδοὺς

2332 2499 2518 2554 αὐτοῦ.
2566 2501 2711 2554 Ἀντὶ
2754 2501 2810 2554 δὲ
2853 2499 2966 2565 τοῦ,
3000 2500 3178 2567 ὀδοὺς
3201 2488 3414 2564 αὐτοῦ,
3455 2501 3484 2552 δ
3529 2498 3757 2562 Ἀκύλας
3792 2499 3867 2550 καὶ

2331 2594 2360 2647 δ
2385 2591 2698 2664 Σύμμαχος,
2726 2591 2867 2646 ὁδὸν
2880 2592 3116 2656 ἑαυτοῦ,
3138 2592 3714 2666 ἔφησεν..Ταύτην,γὰρ
3732 2591 3866 2652 αὐτὸς

2330 2688 2360 2739 δ
2387 2685 2578 2757 Σωτὴρ
2623 2685 2824 2739 ὥδευσε
2857 2685 2953 2757 τὴν
2994 2685 3111 2747 ὁδὸν,
3139 2684 3280 2739 κατὰ
3307 2685 3366 2738 τὺ
3399 2684 3716 2755 λελεγμένον
3742 2698 3755 2714 ·
3775 2681 3868 2735 Md-

2332 2778 2460 2830 θετε
2488 2776 2588 2830 ἀπ’
2611 2776 2754 2846 ἐμοῦ
2788 2775 2877 2830 ὅτι
2896 2775 3083 2846 πρᾶός
3108 2781 3222 2849 ειμι
3243 2779 3341 2832 καὶ
3355 2777 3633 2843 ταπεινὸς
3655 2775 3730 2846 τῇ
3749 2792 3867 2843 mp-

2329 2862 2449 2931 δίᾳ.
2475 2863 2632 2918 Κατὰ
2661 2862 2868 2936 ταύτην
2891 2862 2982 2921 οὖν
3030 2866 3176 2936 ἄγων
3217 2869 3430 2933 αὐτοὺς,
3481 2867 3674 2938 ὁδηγὸς
3713 2864 3867 2921 αὐτῶν

2331 2955 2424 3008 καὶ
2449 2951 2782 3027 χειραγωγδς
2805 2957 3011 3028 γίνεται
3029 2976 3042 2990 ο
3080 2959 3265 3031 διόπερ
3290 2960 3366 3024 ὡς
3391 2960 3550 3030 σοφὸς
3575 2958 3864 3032 νομοθέτης.

2331 3048 2494 3118 ἀλλην
2526 3051 2625 3119 μὲν
2668 3051 2783 3105 ὁδὸν
2837 3052 3165 3106 ἐπιδείκνυσι
3191 3054 3299 3116 τοῖς
3317 3053 3737 3124 ἁμαρτάνουσιν,
3765 3049 3865 3104 ἑτέ-

2335 3154 2433 3208 ραν
2455 3139 2512 3192 δὲ
2536 3142 2648 3214 τοῖς
2664 3142 2878 3212 πρὰοις.

2400 3228 2597 3284 Πᾶσαι
2641 3233 2702 3286 at
2743 3231 2869 3286 ὁδοὶ
2900 3234 3138 3302 Κυρίου,
3156 3233 3327 3300 ἔλεος
3356 3232 3453 3287 καὶ
3494 3231 3738 3300 ἀλήθεια
3760 3230 3865 3298 τοῖς

2327 3317 2635 3388 ἐκζητοῦσι
2683 3321 2799 3390 τὴν
2831 3324 3123 3394 Διαθήκην
3167 3325 3350 3379 αὐτοῦ
3380 3324 3476 3380 καί
3511 3325 3582 3380 τὰ
3596 3325 3864 3395 μαρτύρια

2327 3411 2529 3465 αὐτοῦ.
2555 3412 2753 3467 Πολλαὶ
2783 3415 2902 3486 μὲν,
2938 3407 3120 3488 φησὶν,
3150 3419 3203 3472 αἰ
3234 3417 3342 3472 ὁδοὶ
3365 3416 3458 3472 τοῦ
3487 3417 3709 3490 Κυρίου,
3746 3415 3864 3486 πλὴν

2327 3500 2440 3554 ἁλλ’
2461 3503 2527 3590 ὲν⁹
2546 3505 2746 3570 πάσαις
2771 3506 2830 3560 τδ
2859 3507 3004 3573 ἔλεος
3033 3507 3196 3562 αύτοῦ
3223 3509 3538 3582 προτρέχειο
3561 3509 3640 3581 τῷ
3666 3526 3724 3562 τε
3745 3508 3864 3562 ἐλέει

2329 3595 2698 3674 συμπαρορμᾷ
2718 3596 2750 3665 ἡ
2774 3594 2998 3668 ἀλήθεια
3019 3614 3034 3628 ·
3074 3597 3216 3652 ὲλεεῖ
3246 3597 3351 3671 γὰρ
3375 3597 3443 3652 τὰ
3469 3597 3597 3652 ὄντα
3617 3599 3712 3652 καὶ
3730 3597 3862 3652 οὐδὲν

2327 3679 2665 3750 βδελύσσεται
2723 3679 2798 3740 ὧν
2831 3688 3109 3758 ἐποίησεν·
3158 3689 3276 3742 οὐδὲ
3316 3687 3423 3761 γὰρ
3483 3687 3652 3760 μισῶν
3674 3705 3725 3741 τι
3751 3705 3861 3740 κατι

2325 3775 2603 3865 εσιξύασε.
2622 3779 2759 3833 Καθ’
2782 3780 3015 3850 ἑκάστην
3031 3782 3205 3836 τοίνυν
3231 3782 3345 3836 ὁδὸν
3362 3782 3462 3852 τῆς
3482 3781 3575 3859 τοῦ
3595 3781 3727 3835 Θεοῦ
3751 3783 3860 3835 5w:-

2325 3873 2535 3943 κήσεὼς
2573 3891 2632 3927 τε
2672 3874 2764 3928 καὶ
2811 3874 3062 3946 προνοίας
3092 3875 3149 3929 τὺ
3187 3875 3331 3940 ἕλεος
3373 3875 3538 3928 αὑτοῦ
3572 3877 3859 3948 προτρέχει,

2323 3962 2513 4018 ἕπεται
2559 3965 2616 4018 δὲ
2663 3966 2740 4037 τῷ
2771 3965 2968 4038 ὲλέῳὴ
3014 3967 3253 4038 ἀλήθεια.
3293 3969 3418 4033 Τοῖς
3464 3967 3508 4021 δ’
3546 3967 3858 4047 ἐκζητοῦσιν,

2325 4054 2758 4126 ἀσχολουμένοις,
2804 4058 2832 4110 ὁ
2872 4057 3070 4111 εἰπών·
3114 4060 3370 4128 Ζητεῖτε,
3401 4059 3498 4113 καὶ
3558 4059 3856 4128 εὑρήσετε.

2324 4149 2582 4214 κρούετε,
2646 4151 2744 4204 καὶ
2771 4153 3149 4224 ἀνοιγήσεται
3168 4155 3326 4226 ὑμῖν,
3361 4155 3463 4228 τὴν
3489 4157 3615 4229 περὶ
3649 4157 3754 4211 τῶν
3777 4155 3857 4223 ζη-

2324 4238 2599 4308 τουμένων
2648 4242 2900 4314 ἀλήθειαν
2958 4248 3334 4320 παραδίδωσιν.
3361 4248 3603 4320 Διαθήκη
3630 4249 3688 4309 δὲ
3714 4247 3856 4301 αὐτοῦ

2324 4329 2551 4396 γενικῶς
2580 4334 2671 4387 καὶ
2700 4336 2818 4388 καθ’
2840 4337 2959 4391 ὅλου
2996 4338 3302 4410 ὠνόμασται
3333 4342 3481 4393 πᾶσα
3514 4342 3546 4410 ἡ
3577 4338 3856 4411 ἀνθρώποις

2324 4422 2682 4492 παραδοθεῖσα
2713 4427 3059 4493 θεόπνευστος
3079 4432 3286 4502 Γραφή.
3312 4429 3599 4502 Μαρτύρια
3625 4429 3680 4483 δὲ
3715 4427 3853 4482 αὑτοῦ

2323 4514 2576 4583 τυγχάνει
2612 4519 2726 4589 ἦτοι
2746 4519 2814 4573 τὰ
2838 4523 3185 4593 προφητικῶς
3212 4524 3338 4594 περὶ
3371 4521 3533 4576 αὐτοῦ
3575 4523 3631 4574 ὲν
3669 4520 3734 4593 τῇ
3754 4520 3853 4588 θείᾳ

673 4602 763 4654 illo
799 4601 1111 4670 prophetice
1162 4601 1444 4667 feruntur,
1496 4610 1590 4656 aut
1622 4619 1741 4672 qua:
1769 4602 1838 4656 ab
1885 4602 2002 4670 ipso
2031 4603 2098 4656 iis
2127 4602 2218 4671 qui

2329 4609 2509 4680 Γραφῇ
2566 4612 3047 4684 μεμαρτυρημένα,
3104 4614 3138 4686 ἢ
3190 4613 3444 4671 τὰικατὰ
3487 4613 3853 4684 διαμαρτυρίαν

672 4693 724 4748 in
743 4693 904 4748 rebus
921 4693 1118 4747 divinis
1148 4693 1526 4758 instituuntur,
1544 4695 1923 4751 testiﬁcatione
1955 4694 2217 4757 adhibita,

666 4795 931 4860 praecepta
963 4795 1108 4842 sunt.

616 4900 623 4908 ’
732 4897 898 4954 Vens.
928 4899 1013 4963 l2,
1049 4901 1133 4954 l3.
1179 4899 1310 4965 Quis
1341 4909 1418 4953 est
1443 4898 1593 4952 homo
1618 4901 1705 4969 qui
1736 4901 1880 4955 timet
1902 4899 2221 4955 Dominum?

663 4993 824 5063 legem
854 5000 1044 5044 statuet
1074 4992 1120 5043 ei
1144 4991 1196 5043 in
1227 4991 1337 5047 via.
1366 5007 1522 5060 quam
1557 4991 1728 5060 elegit.
1779 4993 1972 5046 Anima
2008 4994 2118 5061 ejus
2165 4992 2217 5043 in

663 5087 807 5141 bonis
842 5081 1217 5148 demorabitur,
1240 5093 1287 5136 et
1312 5098 1482 5136 semen
1510 5083 1622 5151 ejus
1650 5083 1976 5138 hmreditabit
2000 5095 2215 5139 terram.

2266 4756 2269 4760 λ
2328 4702 2418 4754 ὑπ’
2463 4701 2626 4756 αὑτοῦ
2677 4701 2787 4766 τοῖς
2822 4703 2891 4757 τὰ
2937 4702 3053 4758 θεῖα
3104 4705 3506 4774 παιδευομένοις
3570 4704 3853 4776 παρηγγελ-

2329 4793 2482 4862 μένα.

2399 4906 2492 4971 Τίς
2522 4908 2692 4960 ἐστιν
2717 4906 3021 4975 ἄνθρωπος
3041 4911 3082 4969 ,ὁ
3106 4909 3470 4979 φοϐούμενος
3493 4909 3602 4963 τὸν
3624 4911 3851 4978 Raptor;

2323 4997 2703 5066 νομοθετήσει
2732 4998 2890 5063 αὐτῷ
2908 4999 2978 5050 ἐν
2999 4998 3132 5062 ὀδῷ,
3156 4993 3194 5068 ᾖ
3225 4999 3558 5066 ᾐρετίσατο.
3603 5001 3672 5056 Ἦ
3703 4998 3848 5068 ψυχὴ

2318 5089 2504 5142 αὑτοῦ
2534 5088 2604 5142 ἐν
2637 5089 2874 5158 ἀγαθοῖς
2924 5087 3375 5155 αὑλισθήσεται,
3404 5090 3502 5143 καὶ
3540 5089 3605 5143 τὸ
3644 5093 3851 5158 σπέρμα

662 5179 881 5245 Audiat,
919 5177 1124 5245 inquit,
1153 5176 1398 5244 quisquis
1430 5176 1582 5230 timet
1611 5175 1916 5244 Dominum,
1951 5191 2110 5248 atque
2163 5177 2216 5229 in

2329 5180 2503 5234 αὑτοῦ
2546 5180 2985 5249 κληρονομήσει
3016 5179 3150 5248 γῆν.
3210 5176 3494 5241 Ἀκουέτω.
3531 5183 3685 5252 φησὶ,
3719 5181 3850 5242 πᾶςὸ

665 5283 790 5332 una,
828 5281 990 5338 quam
1019 5263 1198 5334 elegit,
1234 5265 1321 5316 via
1362 5266 1584 5328 incedit,
1628 5265 1884 5334 quldnam
1919 5269 2020 5336 ipsi
2057 5281 2219 5321 even-

2329 5271 2651 5342 φοϐούμενος
2697 5272 2788 5325 τὸν
2831 5271 3052 5340 Κύριον,
3100 5270 3225 5340 μίαν
3252 5288 3310 5322 τε
3330 5271 3443 5323 ὁδὸν
3470 5272 3535 5343 ἢν
3594 5273 3660 5327 ἂν
3705 5274 3849 5326 ἕλοιτο

665 5371 843 5414 turum
877 5362 968 5414 sit.
1003 5357 1068 5411 Et
1102 5371 1247 5410 nunc
1282 5356 1494 5425 quidem
1527 5357 1616 5411 ille
1652 5356 1807 5410 malis
1843 5355 2122 5419 allicietur,
2158 5364 2217 5408 ut

2329 5362 2784 5434 Βιαπορευόμενος,
2818 5359 2870 5411 τί
2904 5361 3064 5413 αὑτὸν
3103 5359 3404 5430 περιμένει.
3441 5362 3554 5415 Νῦν
3588 5363 3685 5433 μὲν
3709 5376 3848 5416 κακο-

664 5467 761 5521 par
787 5460 890 5515 est,
922 5452 1122 5522 quippe
1154 5448 1246 5519 qui
1292 5448 1570 5518 religionis
1615 5460 1677 5500 ac
1705 5447 1922 5516 pietatis
1963 5446 2217 5500 certami-

2329 5454 2572 5523 παθήσει,
2605 5451 2692 5507 οἷα
2736 5452 2900 5514 εἰκὸς,
2951 5450 3412 5522 ὲγγυμναξόμενος
3433 5451 3543 5518 τοῖς
3561 5455 3662 5523 τῆς
3691 5454 3846 5506 θεοσε-

665 5544 826 5598 nibus
856 5550 1192 5599 exerceatur.
1242 5542 1311 5595 At
1340 5541 1444 5595 erit
1473 5547 1683 5608 tempus
1724 5553 1831 5608 quo
1878 5539 2055 5592 anima
2096 5539 2213 5606 ejus

2329 5543 2468 5608 Βείας
2493 5545 2669 5608 ἄθλοις
2691 5562 2704 5574 ο
2737 5542 2886 5595 ἔσται
2915 5541 2970 5594 δὲ
3007 5543 3194 5613 καιρὸς
3219 5544 3454 5614 ὁπηνίκα
3486 5547 3519 5615 ἡ
3541 5544 3684 5616 ψυχὴ
3706 5540 3845 5597 αύτοῦ

666 5640 720 5693 in
752 5637 908 5692 bonis
948 5636 1350 5692 demorabitur:
1400 5634 1721 5703 quibusnam
1783 5632 1835 5684 in
1895 5631 2072 5692 bonis,
2109 5630 2214 5684 nisi

2329 5635 2376 5688 ὲν
2414 5635 2630 5703 ἀγαθοῖς
2668 5633 3041 5704 αύλισθήσεται
3066 5650 3078 5662 ·
3133 5632 3302 5696 ποίοις
3333 5631 3390 5686 δὲ
3419 5633 3642 5701 ἀγαθοῖς
3677 5631 3707 5702 ἦ
3737 5631 3843 5700 περὶ

663 5733 729 5786 de
756 5729 953 5801 quibus
989 5730 1196 5784 dictum
1234 5736 1352 5784 est:
1389 5726 1519 5792 Quae
1547 5725 1732 5788 pcutut
1769 5715 1868 5778 non
1905 5722 2028 5777 vidit
2062 5723 2127 5787 ³⁸,
2160 5730 2212 5776 et

2329 5718 2392 5778 5v
2411 5726 2621 5798 εἴρηται
2645 5743 2658 5755 '
2707 5728 2763 5780 Ἃ
2813 5725 3113 5795 ὀφθαλμὸς
3140 5728 3251 5780 οὐκ
3292 5721 3444 5788 εἶδε,
3487 5725 3578 5778 καὶ
3611 5723 3677 5777 τὰ
3706 5722 3841 5794 ἐξῆςς

735 5887 775 5918 ³¹
812 5884 997 5940 Matth.
1035 5901 1101 5945 ν,
1140 5885 1192 5940 4.
1270 5886 1310 5917 ³¹
1352 5884 1537 5940 Matth.
1580 5901 1665 5948 ιι,
1698 5882 1784 5936 ‘29.
1866 5882 1908 5914 ”
1952 5881 2077 5949 Sap.
2114 5898 2200 5947 xt,

2405 5883 2449 5915 ³⁸
2489 5881 2676 5940 Matth.
2715 5899 2812 5947 vn,
2853 5883 2904 5940 7.
2982 5839 3084 5937 3“.1
3116 5883 3242 5939 Cor.
3279 5895 3318 5936 ιι
3345 5921 3358 5944 ,
3396 5881 3448 5936 9.
