3966 6344
74 470 162 525 ΗΘ
1152 462 1650 520 COMMENTARIA
1687 464 1753 518 IN
1793 462 2124 518 PSALMOS.

64 587 121 641 Τό
144 601 197 652 γε
218 582 309 653 μὲν
338 582 558 652 σπέρμα
581 623 597 647 ,
642 583 775 653 ὅπερ
808 579 1235 641 κατεόάλετο.ὲν
1261 585 1329 654 τῇ
1361 586 1429 654 γῇ
1465 585 1583 638 καθ’
1615 601 1630 645 λ

1688 583 1918 638 caetera?
1967 581 2162 637 Semen
2195 596 2363 651 porro
2394 582 2543 652 ejus,
2588 581 2733 652 quod
2776 582 2829 636 in
2877 590 3079 637 terram
3108 582 3251 651 jecit

65 672 453 736 ὃν,ὲπολιτεύετο
484 674 574 725 ἐπὶ
613 673 713 744 γῆς
756 672 962 743 χρόνον,
994 671 1218 736 πολλοὺς
1250 673 1588 746 κληρονομή-

1695 678 1823 731 dum
1858 676 1913 729 in
1942 691 2005 730 ea
2048 684 2390 739 versaretur,
2423 674 2624 730 multos
2662 674 2975 730 haereditate
3000 677 3246 746 accipiet,

67 786 146 829 σει,
172 764 429 835 σωτηρίας
466 764 634 816 αἴτιον
688 763 967 833 γινόμενον
1002 763 1233 827 πολλοῖς.
1277 765 1502 837 Σπέρμα
1532 767 1588 819 δὲ

1694 766 1891 837 quibus
1922 778 2085 820 causa
2112 764 2304 820 salutis
2338 763 2551 819 evadet.
2590 761 2786 819 Semen
2808 778 2938 817 vero
2975 763 3248 833 quodnam

62 860 104 909 τί
126 857 181 909 ἂν
208 855 374 918 εἴποις
414 856 446 925 ἢ
491 854 587 925 τὴν
626 854 969 907 διδασκαλίαν
1001 855 1094 908 καὶ⁸
1124 855 1251 917 τοὺς
1282 854 1470 923 λόγους
1498 856 1589 908 καὶ

1713 872 1815 912 esse
1845 856 2069 919 dixeris.
2096 857 2202 913 nisi
2228 856 2567 921 doctrinam,
2605 868 2882 913 sermones
2902 896 2916 921 ,
2963 857 3166 927 scripta
3196 850 3279 911 et'

64 950 118 1003 τὰ
161 950 572 1020 συγγράμματα,
633 948 666 1019 ἦ
721 949 846 1013 τοὺς
876 948 1014 1002 κατά
1059 948 1189 1001 Θεὸν
1230 950 1377 1019 αύτῷ
1402 967 1589 1020 γεννη-

1694 950 1945 1006 homines
1983 950 2075 1021 qui
2126 949 2425 1006 secundum
2477 948 2645 1004 Deum
2681 948 2783 1018 ipsi
2832 948 2945 1002 nati
2986 955 3149 1018 atque
3181 950 3250 1003 ab

66 1042 225 1103 θέντας
261 1041 353 1093 καὶ
405 1039 835 1111 μαθητευθέντας
863 1042 1097 1112 άνδρας;
1138 1040 1204 1102 δι’
1228 1037 1301 1097 ὧν
1333 1044 1424 1095 καὶ
1454 1042 1589 1111 μετὰ

1694 1056 1758 1095 eo
1788 1043 2020 1098 instituti
2068 1042 2230 1097 sunt?
2262 1041 2368 1108 Qui
2402 1058 2630 1097 numero
2676 1056 2827 1111 paene
2873 1039 3093 1103 infiniti,
3126 1048 3258 1110 post.

64 1134 141 1204 τὴν
156 1136 203 1185 ὲν
223 1134 441 1197 ἀγαθοῖς
470 1135 770 1188 ἀνάπαυσιν
814 1134 975 1187 αὺτοῦ
1011 1136 1191 1207 μυρίοι
1216 1136 1312 1207 τῆς
1342 1137 1489 1209 παρά
1512 1137 1588 1209 τῷ

1694 1135 1865 1205 ipsius
1896 1136 1937 1190 ir
2004 1137 2159 1191 bonis
2188 1135 2436 1205 adeptam
2477 1134 2738 1204 requiem,
2788 1141 2973 1203 utpote
3010 1149 3077 1188 ex
3108 1134 3254 1187 bono

64 1225 159 1295 Θεῷ
208 1226 562 1297 κληρονομίας
628 1224 937 1290 τεύξονται,
1001 1227 1096 1281 ἆτε
1151 1229 1368 1297 ἀγαθῶν
1420 1247 1587 1302 σπερ-

1693 1226 1797 1282 orii
1851 1231 2056 1284 semine
2080 1271 2093 1293 ,
2130 1244 2193 1283 ac
2219 1228 2401 1283 divina
2451 1228 2542 1281 illa
2583 1228 2807 1297 utilique
2848 1226 2951 1281 sibi
2996 1224 3249 1297 prosapia

67 1318 217 1387 μάτων
242 1319 488 1386 τυχόντες
541 1319 631 1371 καὶ
684 1318 1019 1390 ὠφελημένοι
1052 1319 1147 1391 τὴν
1176 1320 1354 1375 ἔνθεον
1387 1339 1589 1393 καρπο-

1464 1339 1589 1393 ρπο-
1693 1321 1982 1390 progeniti,
2014 1320 2377 1384 haereditatem
2402 1336 2431 1374 a
2464 1320 2573 1375 Deo
2601 1330 3020 1390 consequentur.

65 1410 239 1477 φορίαν.
1150 1471 1157 1477 ι

152 1428 239 1463 ιαν.

119 1428 440 1569 ἓραταίωμα
471 1501 681 1567 Κύριος
711 1500 825 1554 τῶν
850 1471 1229 1570 φοϐουμένων
1259 1504 1465 1569 αὐτόν,
1491 1506 1590 1561 καὶ

1760 1495 1926 1552 Vsus.
1962 1498 2043 1551 14.
2092 1498 2514 1553 Firmamentum
2546 1506 2623 1551 est
2655 1496 2913 1551 Dominus
2950 1494 3255 1549 timentibus

65 1591 94 1656 ἠ
132 1590 366 1657 Διαθήκη
413 1589 598 1644 αὐτοῦ
653 1591 758 1645 τοῦ
807 1590 1075 1659 δηλῶσαι
1118 1595 1337 1660 αὐτοῖς.
1393 1596 1449 1650 '0
1491 1597 1589 1666 μὲν

1691 1604 1828 1654 eum,
1864 1598 1914 1643 et
1972 1598 2337 1643 testamentum
2380 1589 2543 1656 ipsius
2589 1598 2648 1641 ut
2693 1588 3056 1656 manifestatur
3115 1586 3247 1642 illis.

73 1684 284 1746 Ἀκύλας,
304 1684 643 1753 ἀπόρῤητον
664 1686 881 1753 Κυρίου
907 1686 983 1758 (1)
1005 1686 1280 1754 ἐξέδωκεν·
1314 1690 1341 1740 ὁ
1362 1691 1418 1743 δὲ
1440 1694 1510 1745 Σύ
1519 1711 1587 1763 μ-

1693 1682 1907 1750 Aquila,
1935 1689 2187 1735 secretum
2204 1680 2438 1744 Domini,
2464 1679 2663 1744 edidit;
2692 1678 3067 1749 Symmachus,
3086 1679 3251 1733 collo-

65 1792 221 1845 μαχος,
254 1776 455 1844 ὁμιλία
468 1776 705 1843 Κυρίου·
736 1780 765 1831 ὁ
783 1778 838 1831 δὲ
868 1777 1155 1833 Θεοδοτίὼν
1176 1781 1270 1835 καὶ
1298 1784 1329 1853 ή
1364 1783 1585 1856 πέμπτη

1692 1774 1871 1843 quium
1907 1772 2150 1835 Domini;
2184 1771 2482 1828 Theodotio
2512 1778 2566 1825 et
2592 1769 2789 1837 Quinta
2820 1770 3009 1837 editio,
3050 1780 3238 1841 myste-

62 1867 249 1931 εκδοσις,
274 1866 613 1935 μυστήριον
634 1869 872 1937 Κυρίου.
908 1870 1183 1925 Ἐντεῦθεν
1215 1872 1320 1943 γὰρ
1353 1874 1432 1937 είς
1466 1892 1587 1927 τοσ-

1693 1869 1831 1921 rium
1862 1866 2076 1921 Domini
2098 1884 2116 1921 :
2146 1866 2458 1935 indeenim
2496 1866 2586 1921 ille
2624 1866 2872 1935 superius
2909 1873 3242 1923 memoratus

63 1958 199 2030 αὐτην
261 1958 427 2030 ἤλασε
473 1960 843 2033 μακαριότητα
890 1961 919 2013 ὁ
961 1962 1214 2035 ἀνωτέρω
1278 1948 1629 2036 πραλεχθεὶςῙ

1692 1960 1784 2031 qui
1814 1960 1967 2014 timet
1990 1958 2295 2025 Dominum,
2324 1958 2392 2013 ad
2420 1968 2622 2014 tanlam
2648 1958 2954 2014 felicitatem
2982 1960 3243 2029 pervenit,

63 2050 355 2121 φοϐούμενος
386 2050 590 2122 Κύριον
634 2052 698 2104 ὲκ
730 2049 822 2106 τοῦ
866 2050 1080 2123 ὁμιλίαν
1117 2053 1209 2107 τοῦ
1244 2054 1466 2127 Κυρίου,
1500 2058 1592 2110 καὶ

1695 2053 2191 2123 quia'colloquium
2242 2050 2473 2119 Domini,
2504 2059 2773 2108 secretum
2828 2066 2893 2107 ac
2936 2054 3254 2124 mysterium

63 2143 332 2213 ἀπόρρητον
366 2140 563 2206 αὑτοῦ,
603 2142 696 2195 καὶ
737 2141 799 2195 τὸ
830 2144 1123 2215 μυστήριον
1154 2144 1314 2198 αὐτοῦ
1353 2146 1591 2214 γνωστὸν

1693 2143 1835 2213 ejus,
1863 2154 2051 2197 notum
2080 2143 2182 2213 ipsi
2213 2153 2350 2209 erat,
2382 2152 2510 2199 nota
2552 2144 2682 2199 item
2714 2160 2777 2207 ea
2810 2160 2930 2216 quae
2970 2145 3025 2201 in
3048 2136 3250 2201 Testa-

64 2230 182 2300 αὐτῷ
197 2232 492 2299 γεγονέναι,
542 2233 635 2285 καὶ
663 2230 733 2284 τὰ
759 2233 817 2284 ὲν
854 2236 922 2305 τῇ
966 2233 1207 2307 Διαθήκῃ
1236 2235 1419 2301 αὑτοῦ,
1448 2237 1591 2290 τοῦτ’

1694 2242 1877 2291 mento
1905 2235 2044 2304 ejus,
2065 2234 2117 2290 id
2141 2242 2252 2301 est,
2276 2236 2331 2290 in
2358 2235 2556 2293 divinis
2582 2234 2882 2308 Scripturis
2903 2238 3253 2294 continentur

64 2324 179 2376 ἐστιν
205 2325 257 2376 ὲν
278 2328 344 2396 τῇ
380 2324 500 2397 θείᾳ
524 2325 734 2396 Γραφῇ,
765 2324 1126 2396 περιεχόμενα
1156 2327 1449 2399 μυστήρια.
1694 2327 1971 2399 mysteria.
2711 2316 2713 2319 V
2798 2396 2806 2401 _

118 2419 171 2469 Ol
195 2417 484 2487 ὀφθαλμοί
502 2433 622 2485 μου
650 2414 747 2468 διὰ
789 2414 1015 2481 παντὸς
1041 2416 1191 2483 πρὸς
1224 2415 1330 2469 τὸν
1353 2416 1589 2485 Κύριον,

1769 2416 1935 2475 Vsus.
1973 2418 2153 2475 1547.
2210 2416 2363 2474 Oculi
2388 2420 2489 2474 mei
2558 2436 2757 2489 semper
2822 2420 2891 2474 ad
2946 2419 3248 2487 Dominum,

65 2509 132 2561 ετι
160 2510 328 2576 αὐτὸς
361 2508 659 2563 exaudiret
689 2508 758 2561 ἐκ
789 2507 1041 2577 παγίδος
1072 2508 1214 2576 τοὺς
1240 2508 1429 2576 πόδας
1450 2527 1588 2579 μου.

1693 2512 1940 2581 quoniam
1969 2513 2077 2582 ipse
2108 2512 2289 2567 evellet
2323 2512 2386 2567 de
2427 2513 2610 2583 laqueo
2643 2513 2794 2583 pedes
2837 2530 2998 2570 meos.
3040 2512 3256 2583 Respice

74 2606 397 2672 Ἐκίϐλεψον
432 2603 524 2655 ἐπ’
551 2601 657 2671 ἐμὲ
681 2602 777 2655 καὶ
824 2599 1085 2669 ἐλέησόν
1105 2619 1203 2672 με,
1234 2602 1324 2657 ὅτι
1347 2620 1593 2674 μονογε-

1694 2603 1747 2654 in
1777 2619 1857 2655 me
1895 2614 1941 2656 et
1990 2605 2232 2658 miserere
2279 2605 2400 2668 mei,
2447 2606 2571 2675 quia
2617 2590 2803 2660 unicus
2824 2614 2874 2659 et
2908 2620 3104 2675 pauper
3136 2623 3252 2660 sum

64 2696 151 2764 νὴς
170 2696 256 2748 καὶ
278 2696 512 2768 πτωχός
537 2697 654 2764 ειμι
683 2693 814 2763 ἐγώ.
855 2697 925 2749 Αἱ
950 2695 1186 2763 θλίψεις
1208 2694 1317 2764 τῆς
1346 2695 1593 2764 καρδίας

1692 2710 1803 2764 ego.
1845 2694 2232 2749 Tribnlatianes
2263 2696 2436 2750 cordis
2485 2698 2587 2753 mei
2625 2700 2990 2768 multiplicata
3019 2710 3161 2765 sunt,
3188 2699 3253 2754 de

60 2804 151 2855 μου
172 2766 655 2855 ὲκληθύνθησαν,
684 2787 754 2840 ἐκ
772 2785 889 2839 τῶν
903 2785 1182 2855 ἀναγκῶν
1195 2803 1315 2855 μου
1340 2774 1591 2857 ἐξάγαγέ

1693 2784 2087 2839 necessitatibus
2134 2785 2261 2840 meis
2303 2802 2425 2840 erue
2471 2804 2571 2842 me.
2627 2787 2745 2843 Non
2778 2766 2859 2845 iob
2909 2800 3058 2845 recte
3106 2790 3250 2846 facta

61 2896 132 2946 με.
163 2879 227 2933 Ού
256 2878 340 2931 διὰ
361 2877 431 2932 τά
454 2877 849 2951 κατορθώματα
892 2878 1078 2950 ῶσπερ
1109 2878 1459 2949 ὀφειλομένην
1491 2880 1591 2950 τὴν

1691 2890 1854 2943 opera
1892 2878 2050 2946 qnaSi
2082 2877 2319 2932 debitam
2376 2879 2609 2935 salutem
2656 2882 2786 2935 mihi
2838 2884 3091 2953 postulo;
3124 2884 3248 2940 novi

70 2971 299 3041 σωτηρίαν
343 2969 493 3041 αὐτῷ
516 2986 529 3000 °
561 2966 679 3024 οῖδα
728 2969 856 3039 γὰρ,
897 2970 1000 3035 ὅτι,
1051 2969 1228 3022 πάντα
1266 2972 1496 3042 ποιήσας
1522 2971 1591 3025 τά

1690 2966 1837 3020 enim
1865 2982 1972 3032 me,
2006 2969 2253 3038 quamvis
2279 2969 2460 3024 omnia
2490 2984 2588 3042 pro
2622 2970 2879 3028 facultate
2907 2975 3129 3045 egerim,
3153 2982 3249 3031 tuo

68 3064 168 3135 παρ’
213 3062 466 3135 ἐμαυτοῦ,
524 3062 604 3117 ἑτι
635 3061 727 3117 τοῦ
759 3062 851 3116 σοῦ
891 3062 1069 3126 ἐλέους
1104 3062 1312 3135 δέομαι.
1347 3062 1437 3117 Διὸ
1464 3062 1590 3116 ἐπί-

1692 3066 1877 3114 tamen
1921 3075 2082 3129 egere
2112 3061 2336 3119 auxilio.
2369 3061 2729 3128 Quamobrem
2754 3065 2947 3133 respice
2982 3067 3037 3121 in
3068 3084 3169 3133 me,
3199 3079 3254 3124 et

68 3159 257 3225 ελεγι-ον
305 3158 398 3210 ἐπ’
443 3156 569 3227 ἐμὲ,
605 3155 705 3210 καὶ
762 3155 1162 3225 ἐλέησόν.με.
1224 3154 1447 3211 Σύνοιδα
1484 3154 1591 3228 γὰρ

1693 3152 1936 3208 miserere
1952 3155 2069 3208 mei.
2088 3152 2219 3208 Nam
2237 3169 2322 3209 me
2338 3169 2649 3225 pauperem,
2670 3157 2819 3212 nulla
2834 3157 3026 3213 fultum
3040 3173 3162 3230 ope,
3184 3176 3249 3217 ac

68 3248 251 3319 ἐμαυτῷ
293 3249 494 3320 πτωχῷ
524 3249 620 3303 καὶ
670 3247 956 3319 ἀϐοηθήτῳ
995 3249 1087 3301 καὶ
1138 3247 1213 3320 μὴ
1266 3230 1593 3318 ἐπαρχοῦντι
1620 3292 1634 3344 ⁴

1694 3245 1855 3300 saluti
1876 3244 2008 3300 mihi
2033 3246 2388 3317 procuranda:
2410 3244 2669 3317 imparem
2688 3247 2822 3304 scio.
2841 3247 3124 3321 Proprium
3154 3267 3251 3307 au-

70 3356 173 3415 ττρκ
196 3343 480 3415 σωτηρίαν.
525 3342 683 3396 Ἴδιὸν
708 3343 766 3394 τέ
806 3342 925 3393 ἐστι
967 3340 1180 3395 πάντων
1200 3340 1307 3394 τῶν
1333 3339 1592 3411 θεοφιλῶν
1625 3336 1636 3345 ’

1693 3344 1806 3391 tom
1847 3336 2104 3393 omnibus
2153 3337 2262 3413 piis
2308 3353 2371 3392 ac
2403 3336 2513 3393 Deo
2562 3339 2756 3394 amicis
2798 3339 2931 3396 viris
2982 3351 3086 3405 est,
3130 3358 3252 3400 sese

70 3434 114 3483 τὸ
134 3434 337 3497 ἑαυτοὺς
374 3433 578 3487 κακοῦν
616 3436 674 3485 ὲν
699 3431 959 3499 θλίψεσιν,
982 3432 1040 3484 ὲν
1074 3432 1360 3501 ἀνάγκαις,
1390 3433 1447 3485 ὲν
1477 3449 1594 3485 στε-

1692 3429 1949 3485 aen-mnis
1979 3429 2233 3500 afﬂigere,
2270 3430 2325 3503 in
2373 3431 2818 3495 necessitatibus,
2861 3434 2919 3488 in
2956 3437 3247 3503 angustiis.

70 3526 330 3596 νθχωρίαις,
358 3525 455 3578 καὶ
478 3526 733 3595 διωγμοῖς
750 3540 765 3555 ·
793 3522 905 3575 ἀλλ’
920 3522 982 3574 ού
1004 3523 1097 3575 καὶ
1118 3522 1368 3591 ἀγνοοῦσι
1398 3522 1458 3576 τδ
1470 3522 1591 3576 τού-

1693 3522 1748 3576 ἰη
1779 3522 2252 3593 persecutionibus
2274 3514 2519 3589 versari;
2550 3523 2647 3578 sed
2681 3514 2773 3597 qui
2801 3528 2874 3580 sit
2901 3540 3089 3582 eorum
3122 3528 3247 3586 ﬂuis

73 3632 155 3667 των
176 3617 347 3681 τέλος·
383 3616 465 3670 διὸ
509 3616 692 3686 τυχεῖν
746 3611 910 3666 αὐτοῦ
974 3612 1125 3684 παρά
1178 3612 1269 3666 τοῦ
1314 3612 1448 3665 Θεοῦ
1485 3614 1593 3666 ἱκε-

1691 3628 1800 3667 non
1844 3615 2096 3684 ignorant
2139 3628 2152 3663 :
2185 3628 2355 3682 quare
2382 3614 2549 3683 .illius
2589 3617 2915 3687 assequendi
2958 3612 3109 3689 ergo.
3137 3619 3248 3677 Deo

70 3708 243 3763 τεύουσι
264 3709 511 3778 λέγοντες
536 3726 549 3739 ·
590 3708 685 3760 Ἐκ
735 3704 855 3759 τῶν
897 3702 1174 3775 ἀναγκῶν
1198 3720 1316 3773 μου
1341 3703 1593 3774 ἐξάγαγέ

1690 3706 1996 3777 supplicant
2041 3706 2126 3761 bis
2154 3705 2368 3770 verbis,
2408 3704 2472 3760 de
2510 3708 2906 3765 necessitatibus
2949 3712 3075 3766 meis
3123 3724 3252 3768 erue

68 3816 149 3866 με’
174 3799 240 3865 ὡς
266 3799 330 3854 ἂν
355 3798 652 3862 διελθόντες
678 3797 777 3861 τὰς
812 3794 907 3850 τοῦ
947 3788 1059 3867 βίου
1102 3796 1365 3864 ἀνάγκας,
1390 3794 1488 3857 τάς
1532 3793 1590 3846 δὲ

1689 3814 1805 3867 me;
1837 3804 1914 3861 ut,
1940 3799 2210 3869 superatis
2242 3799 2357 3853 vitae
2376 3794 2810 3867 necessitatibus,
2824 3801 3245 3871 calamitatibus,

76 3894 314 3965 συμφορὰς
363 3894 457 3949 καὶ
511 3889 610 3956 τὰς
669 3889 1035 3962 περιστάσεις,
1073 3889 1243 3941 εἰπεῖν
1272 3903 1398 3940 ποτε
1429 3885 1589 3957 δυνη-

1688 3890 1980 3955 aerumnis,
2025 3890 2207 3945 dicere
2260 3890 2550 3961 aliquando
2594 3892 2845 3963 possint:
2890 3897 3246 3953 Transivimus

73 3980 182 4035 θεῖεν
200 4001 214 4013 ·
244 3984 568 4053 Διήλθομεν
593 3979 899 4050 διὰμπνρὸς
922 3980 1020 4037 καὶ
1050 3979 1284 4045 ὓδατος,
1321 3978 1418 4032 καὶ
1450 3976 1589 4045 ἐξή-

1686 3996 1778 4049 per
1825 3984 1994 4053 ignem
2034 3992 2083 4037 et
2130 3997 2355 4053 aquam,
2401 3993 2451 4038 et
2496 3982 2726 4040 eduxisti
2779 4003 2873 4042 nos
2896 3990 2977 4044 Ain
3027 3990 3244 4061 refrige-

72 4084 215 4137 τῆτες
242 4070 395 4143 ἡμᾶς
423 4073 512 4151 εις
543 4068 888 4139 ἀναψυχήν.
1690 4077 1827 4130 rium
1853 4074 1921 4132 ³⁸.
2164 4098 2176 4102 ·

44 4202 47 4205 .
131 4160 224 4214 Ἴδε
250 4162 363 4230 τὴν
386 4162 748 4215 ταπείνωσιν
776 4178 893 4231 μου
933 4161 1032 4215 καὶ
1086 4161 1193 4215 τὸν
1239 4162 1427 4215 κόπον
1448 4177 1587 4229 μου,

1761 4167 1923 4224 Vsus.
1974 4169 2157 4225 {8-20.
2235 4170 2361 4225 Vide
2424 4173 2770 4228 humilitatem
2828 4186 2997 4228 meam
3049 4185 3099 4231 et
3159 4176 3242 4229 la-

75 4253 147 4305 καὶ
196 4252 336 4324 ἄφερ
386 4254 586 4319 πάσας
634 4252 736 4317 τὰς
776 4253 1062 4320 ἁμαρτιας
1106 4270 1244 4323 μου.
1288 4253 1399 4308 Ἴδε
1453 4252 1591 4319 τοὺς

1692 4259 1865 4319 borem
1894 4278 2084 4326 meum,
2102 4271 2150 4315 et
2172 4260 2377 4316 dimitte
2406 4264 2649 4317 universa
2670 4263 2859 4317 delicta
2882 4278 3015 4317 mea.
3032 4262 3247 4333 Respice

74 4344 280 4413 ἐχθρούς
296 4363 432 4416 μου,
454 4346 542 4399 ὅτι
559 4345 1046 4411 ἐπληθύνθησαν,
1068 4344 1168 4398 καὶ
1183 4339 1365 4415 μῖσος
1383 4345 1592 4401 ἁδικον

1691 4351 1930 4406 inimicos
1962 4368 2101 4406 meos
2154 4348 2402 4422 quoniam
2451 4351 2787 4419 multiplicati
2828 4362 3072 4416 sunt,“et
3122 4353 3243 4408 odio

73 4435 330 4503 ἐμίσησαν
359 4453 447 4505 με.
480 4435 759 4499 Φύλαεον
791 4432 919 4520 Δτὴν·
944 4434 1157 4503 ψυχήν
1194 4454 1311 4505 μου
1356 4439 1455 4493 καὶ
1480 4439 1590 4507 pii-

1689 4445 1867 4515 iniquo
1900 4443 2121 4499 oderunt
2158 4460 2256 4498 me.
2301 4442 2520 4498 Custodi
2561 4443 2790 4495 animam
2826 4458 2992 4496 meam
3042 4454 3089 4499 et
3121 4461 3246 4501 erue

75 4526 155 4580 cal
174 4543 269 4595 με·
303 4527 389 4597 μὴ
433 4526 953 4597 καταωχυνθείην,
990 4525 1079 4579 ὅτι
1106 4526 1337 4595 ἤλπισα
1363 4530 1460 4583 ἐπὶ
1494 4530 1585 4584 σέ.

1690 4552 1770 4589 me
1789 4553 1807 4590 :
1842 4552 1945 4589 non
1978 4538 2278 4589 erubescam
2301 4534 2547 4602 quoniam
2576 4533 2777 4599 speravi
2805 4533 2861 4587 in
2892 4543 2960 4588 te.
2987 4532 3141 4601 Quod
3172 4536 3240 4591 ad

76 4617 136 4671 Tit
157 4620 239 4700 μὲν
268 4622 394 4692 παρ’
423 4621 555 4691 ἐμοῦ
588 4615 960 4683 σπουδάζεται,
991 4617 1061 4671 τὰ
1088 4617 1157 4671 δὲ’
1182 4620 1331 4692 παρά
1374 4620 1468 4674 σοῦ
1492 4639 1588 4675 τυ-
1624 4639 1642 4690 ι

1693 4642 1779 4681 me
1832 4633 2060 4696 spectat,
2113 4625 2536 4681 sollicitudinem
2582 4625 2688 4681 mei
2719 4641 2883 4697 gero;
2935 4627 3029 4683 sed
3083 4643 3239 4699 opem

76 4714 162 4776 κεῖν
181 4710 321 4776 ἀξιῶ.
363 4711 499 4781 Ἐγὼ
518 4712 616 4783 μὲν
637 4707 728 4765 οῦν
752 4709 989 4792 ,ἐμαυτὸν
1020 4709 1251 4774 κολάζω,
1283 4713 1376 4764 καὶ
1400 4712 1588 4786 ῶσπερ

1712 4718 1921 4788 mploro
1946 4725 2111 4770 tuam.
2141 4715 2255 4787 Ego
2281 4716 2499 4787 quidem
2524 4719 2901 4790 memetipsum
2930 4722 3155 4792 castigo,
3188 4731 3243 4777 et

76 4801 195 4872 δίκην
233 4804 711 4876 εἰσπρατττόμενος
749 4791 834 4855 ’ὧν
866 4801 1127 4873 πρότερον
1172 4800 1586 4876 ἐπλημμέλησα,

1689 4808 1847 4879 quasi
1899 4808 2225 4879 supplicium
2287 4809 2356 4864 de
2410 4811 2654 4880 pristinis
2707 4812 2919 4868 delictis
2983 4791 3237 4877 sumens,

80 4893 266 4960 ἐμαυτὸν
280 4895 639 4969 τιμωροῦμαι,
669 4894 934 4949 ταπεινῶν
962 4892 1195 4964 ἐμαυτὸν
1210 4896 1265 4948 ἐν
1279 4895 1464 4960 κόποις
1496 4900 1591 4953 καὶ

1693 4902 1927 4956 ulciscor
1959 4899 2260 4970 meipsum,
2292 4902 2401 4958 ‘me
2441 4904 2709 4973 abiectum
2758 4904 3033 4959 laboribus
3078 4912 3241 4974 atque

82 4986 315 5051 πόνοις’σὺ
352 4990 433 5054 δὲ,
462 4990 490 5043 ὁ
512 4989 667 5055 Θεὸς,
694 4982 782 5057 οἷά
814 5004 897 5051 τις
938 4984 1293 5055 ἀγωνοθέτης,
1328 4986 1417 5040 τὸν
1459 4990 1590 5060 ἐμὸν

1691 4989 1947 5051 aerumnis
1983 4991 2277 5046 constituo.
2306 4992 2387 5047 Tu
2407 5009 2556 5058 vero,
2580 4994 2742 5057 Deus.
2774 5010 2874 5050 ceu
2909 4996 3032 5064 quis
3064 5005 3240 5061 certa-

84 5072 225 5138 ἀτῶνα
234 5078 443 5151 θεωρῶν
459 5081 552 5134 καὶ
563 5081 689 5144 τοὺς
704 5078 867 5150 ἐμοὺς
880 5076 1174 5148 καμάτους,
1190 5075 1329 5129 δίδου
1345 5076 1441 5149 τὴν
1461 5079 1589 5149 ἀφει-

1694 5084 1899 5137 minum
1927 5082 2239 5153 praefectus,
2272 5092 2325 5140 et
2354 5102 2588 5156 pugnam
2618 5095 2672 5142 et
2694 5088 2904 5144 labores
2930 5101 3078 5141 meos
3108 5101 3242 5149 con-

88 5179 147 5215 σιν
166 5166 259 5219 τῶν
284 5170 707 5243 ἁμαρτημάτων,
722 5170 814 5224 καὶ
852 5165 1122 5238 συγχώρει
1136 5165 1234 5219 ὅσα
1250 5164 1467 5221 πώποτε
1484 5168 1591 5222 διες-

1688 5172 2009 5241 templatus,
2041 5175 2255 5230 veniam
2287 5190 2502 5245 quaeso,
2545 5177 2808 5233 scelerum
2856 5174 3160 5241 concedito,
3188 5185 3240 5232 et

88 5255 326 5329 πραξάμην
357 5262 414 5313 ὲν
429 5261 750 5333 ’ἁμαρτίαις
792 5259 950 5313 Ἀλλά
981 5258 1074 5312 καὶ
1102 5256 1431 5327 θεασάμενος
1462 5261 1588 5325 τοὺς
1650 5302 1654 5308 .

1688 5275 2025 5332 quacunque
2052 5262 2109 5317 in
2148 5266 2388 5333 peccatis
2431 5265 2574 5319 edidi
2618 5263 2894 5319 remittito.
2927 5260 3033 5317 Sed
3074 5265 3235 5318 etiam

89 5347 212 5416 ἐμοὺς
234 5351 446 5423 ἐχθροὺς
486 5355 673 5407 ὁπόσοι
697 5354 847 5417 ὄντες
878 5350 1245 5414 ἐπεϐούλευον,
1277 5352 1369 5405 καὶ
1397 5353 1472 5417 ὡς
1500 5358 1589 5426 μῖ-

1691 5353 1941 5409 inimicos
1986 5369 2140 5410 meos
2174 5355 2543 5426 conspicatus,
2576 5342 2705 5425 quot
2741 5353 2984 5407 videlicet
3012 5369 3238 5410 numero

93 5456 156 5504 σος
175 5442 333 5498 ἄδικον
354 5445 616 5516 ἐμίσησαν
644 5463 731 5517 με,
749 5445 922 5514 φύλαξ
942 5443 1097 5515 γενοῦ
1112 5441 1209 5512 τῆς
1237 5443 1373 5515 ἐμῆς
1391 5445 1594 5519 ψυχῆς,

1687 5443 1914 5502 insidias
1938 5446 2072 5501 mihi
2103 5454 2315 5518 parent,
2348 5454 2403 5502 et
2437 5446 2582 5518 quod
2615 5461 2699 5500 me
2730 5445 2855 5499 odio
2889 5444 3075 5516 iniquo
3117 5462 3234 5518 per-

143 5598 177 5629 "
218 5596 346 5656 Psal.
377 5615 476 5654 ων
498 5639 514 5665 ,
552 5598 638 5653 12.

146 5754 216 5829 (ll
237 5754 484 5829 liebraica
513 5762 661 5829 sunt_
687 5762 821 5829 Am
840 5763 935 5829 ἠε
956 5795 970 5816 ,
1024 5770 1054 5808 a
1088 5752 1427 5829 Theodoreto
1458 5768 1581 5829 __au—
1685 5751 1793 5807 Nos
1817 5753 2085 5808 saniorem
2111 5754 2393 5811 lectionem
2421 5770 2486 5811 ex
2514 5771 2645 5813 mss.
2678 5744 2950 5829 omnibus,
3011 5776 3122 5818 uno
3143 5776 3240 5818 ex-

99 5828 178 5898 lem
207 5827 351 5898 lectio
400 5825 701 5898 Symu.a_chi
733 5828 811 5881 sic
837 5826 1091 5898 affertur,
1121 5827 1410 5898 μυστήριον
1458 5825 1573 5876 Κυ-

672 5826 701 5879 ιί
733 5828 811 5881 sic
837 5826 1091 5898 affertur,
1121 5827 1410 5898 μυστήριον
1458 5825 1573 5876 Κυ-
1685 5832 1866 5894 cepto,
1908 5832 2238 5879 mutuamur.

102 5894 203 5960 ρίου.
232 5895 348 5962 Qua
375 5892 570 5969 pariter
589 5896 972 5953 Theodotionis
1002 5892 1131 5952 esse
1152 5892 1349 5949 ibidem
1386 5892 1575 5949 fertur.
