3960 6342
737 404 837 457 23!

1447 399 1710 459 EUSEBII
1744 381 2222 463 CAESARIENSIS
2254 400 2405 461 OPP.
2446 404 2627 461 PARS
2664 404 2830 462 lll.—
2866 405 3276 464 EXEGETICA.
3836 418 3869 472 ‘11

751 496 1078 588 sequantur,
1108 523 1295 574 custos
1325 526 1442 573 esto
1473 518 1668 574 animae
1715 531 1868 585 meae,
1909 526 1965 575 et
2012 519 2083 575 ab
2131 520 2314 576 inimi-

2304 554 2314 565 -
2343 539 2390 596 Α
2416 523 2510 576 καὶ
2536 523 2697 595 ῥῦσαί
2727 541 2796 595 με
2831 525 2930 595 τῆς
2950 526 3058 580 τῶν
3089 527 3362 598 πολεμίων
3391 526 3694 598 ἐπιϐουλῆς.
3725 529 3868 583 Tomi

653 611 655 615 ’
742 625 936 664 corum
988 610 1203 671 insidiis
1247 627 1378 668 erue
1425 627 1532 670 me.
1572 611 1670 668 His
1713 628 1880 684 porro
1927 618 2128 684 gestis,
2179 616 2306 669 tali-

743 702 956 772 busque
985 703 1532 774 precibusemissis,
1578 720 1648 760 ne
1696 704 2003 760 confundar
2049 704 2304 777 cillagito.

738 793 876 856 Cum
907 795 1052 852 enim
1082 803 1136 852 te
1165 811 1315 867 spem
1348 811 1525 852 meam
1557 799 1958 864 constituerim,
1990 799 2158 868 probe
2191 799 2305 853 scio

740 904 805 943 ac
833 905 1153 960 persuasum
1184 891 1379 954 habeo,
1412 892 1557 962 quod
1596 909 1723 963 spes
1748 910 1858 949 non
1919 893 2242 949 confundat.

811 981 976 1038 Vens.
1029 984 1088 1036 2'
1125 1023 1138 1046 ,
1186 982 1278 1039 22.
1331 982 1638 1039 Innocentes
1695 993 1745 1039 et
1793 985 1923 1039 recti
1974 985 2306 1040 adhteserunt

742 1075 888 1140 milii,
921 1077 1044 1146 quia
1081 1078 1308 1131 sustinui
1354 1087 1418 1131 te.
1457 1077 1670 1142 Libera,
1703 1077 1866 1143 Deus,
1902 1076 2077 1133 Israel
2105 1093 2169 1132 ex
2197 1093 2309 1133 om-

741 1167 893 1230 nibus
924 1167 1357 1223 tribulationibus
1391 1171 1522 1223 suis.
1555 1168 1669 1225 lloc
1702 1184 1733 1223 a
1765 1185 1851 1226 me
1893 1178 2104 1241 gestum
2145 1185 2305 1241 Opus,

742 1274 866 1314 cum
911 1262 1120 1316 caeteris
1175 1261 1455 1324 collatum,
1508 1277 1865 1332 permagnum
1915 1261 2040 1328 fuit,
2099 1262 2314 1333 tibique

745 1351 854 1407 Deo
886 1360 1166 1423 acceptum
1192 1369 1207 1419 ;
1241 1353 1426 1407 multis
1456 1354 1602 1408 enim
1631 1355 1937 1424 exemplum
1982 1355 2304 1422 tolerantiae,

744 1445 867 1500 vitae
907 1444 1112 1515 probae,
1161 1444 1496 1515 paenitentiae
1549 1453 1603 1500 et
1659 1444 2023 1502 confessionis
2076 1448 2304 1502 exstiti:

745 1542 1073 1605 quapropter
1115 1534 1434 1590 innocentes
1467 1543 1520 1589 et
1564 1537 1698 1589 recti
1748 1536 1851 1590 viri
1885 1537 2019 1592 mihi
2053 1553 2151 1593 ceu
2183 1538 2308 1609 glu-

745 1625 856 1680 tine
906 1624 1186 1694 conjuncti
1228 1625 1592 1690 adhaeserunt,
1641 1618 1930 1699 meumque
1973 1630 2308 1684 consortium

708 1760 721 1774 .
743 1715 1155 1786 expetiverunt;
1182 1717 1330 1770 nulla
1361 1731 1492 1773 sane
1522 1718 1625 1772 alia
1655 1717 1722 1772 de
1750 1733 1944 1784 causa,
1988 1734 2151 1789 quam
2181 1718 2308 1788 quia

749 1808 1151 1880 perseverando
1180 1809 1440 1876 sustinui,
1472 1818 1526 1863 et
1556 1809 1688 1862 nihil
1712 1824 1820 1863 non
1845 1811 2138 1878 perpessus
2165 1816 2308 1872 sitm,

2411 615 2468 669 δέ
2501 616 2719 688 πράξας,
2767 618 2860 671 καὶ
2901 617 3136 673 τοσαῦτα
3161 620 3392 691 δεηθεὶς,
3419 622 3491 692 μὴ
3525 624 3869 693 καταισχυνθῇ

2412 707 2565 775 ἀξιῶ.
2599 709 2664 762 Σὲ
2692 709 2800 782 γὰρ
2823 708 3009 764 ἐλπίδα
3054 714 3289 784 ἐμαυτοῦ
3315 713 3556 786 θέμενος,
3593 715 3808 786 ἀκριϐῶς
3833 713 3869 770 οἳ

2413 800 2504 854 καὶ
2525 800 2849 873 πέπεισμαι,
2873 803 2955 856 ὅτι
2989 805 3022 875 ἡ
3058 805 3211 870 ἐλπὶς
3239 805 3298 860 οὐ
3331 805 3696 878 καταισχύνει.

2485 986 2720 1039 Ἄκακοι
2743 984 2839 1040 καὶ
2857 985 3053 1052 εὐθεῖς
3079 985 3424 1043 ἐκολλῶντό
3434 1007 3557 1059 μοι,
3579 990 3668 1045 ὅτι
3689 994 3869 1064 ὐπέμει

2409 1092 2502 1133 σε.
2557 1079 2888 1147 Λύτρωσαι,
2935 1082 2968 1133 ό
3010 1079 3173 1146 Θεὸς,
3214 1079 3321 1134 τὸν
3374 1082 3609 1152 Ἰσραὴλ
3652 1084 3718 1139 ἐκ
3759 1104 3869 1146 nam

2409 1169 2528 1236 τῶν
2548 1171 2814 1240 θλίψεων
2832 1171 3037 1226 αὑτοῦ.
3066 1174 3177 1226 Καὶ
3204 1173 3362 1229 τοῦτὸ
3389 1193 3477 1247 μοι
3505 1179 3640 1250 πρὸς
3666 1183 3768 1245 τοῖς
3790 1184 3869 1237 ἀλλ]

2411 1261 2795 1344 κατορθώμασι
2850 1263 2995 1333 μέγα
3043 1264 3272 1336 ὑπῆρξε,
3310 1267 3404 1320 καὶ
3435 1269 3517 1322 σοὶ
3545 1269 3621 1340 τῷ
3644 1270 3754 1342 Θεῷ
3782 1275 3869 1343 φίλι

2414 1355 2631 1419 πολλοῖς
2668 1355 2776 1427 γὰρ
2830 1356 3090 1427 ἐγινόμην
3126 1356 3486 1430 ὑπογραμμὸς
3521 1363 3869 1435 καρτερίας,β

2410 1467 2471 1502 τε
2537 1448 2732 1519 σεμνοῦ
2782 1450 2876 1502 καὶ
2917 1451 3201 1520 μετανοίας
3246 1452 3348 1505 καὶ
3395 1452 3840 1527 ἐξομολογήσεωςο

2411 1542 2605 1597 ἄκακοι
2635 1542 2823 1615 ἄνδρες
2849 1545 2942 1596 καὶ
2967 1545 3143 1610 εὐθεῖς
3169 1547 3499 1617 συνήπτοντὸ
3515 1564 3609 1618 ’μοι
3633 1548 3869 1620 κολλώμει

2412 1634 2506 1691 καὶ
2534 1634 2792 1706 συμϐιοῦν
2817 1633 3111 1701 ἀξιοῦντες,
3137 1636 3202 1690 δι’
3229 1637 3377 1691 οὐδὲν
3407 1637 3590 1710 ἕτερον
3613 1638 3646 1710 ἢ
3666 1640 3743 1693 ὅτι
3770 1643 3869 1712 ὑπὲί

2414 1745 2502 1784 νον
2527 1729 2828 1801 καρτερῶν,
2869 1731 2962 1783 καί
2995 1731 3171 1784 πάντα
3193 1731 3484 1804 ὑπέφερον,
3519 1733 3576 1786 σὲ
3615 1733 3711 1805 τὴν
3743 1735 3866 1804 ἐμαυ

2414 1821 2600 1875 ἐλπίδα
2652 1820 3110 1892 προϐεϐλημένος.
3175 1822 3396 1887 Τούτοις
3457 1824 3660 1882 ἅπασιν
3711 1828 3869 1895 ἐπιλέγ

742 1901 886 1972 quod
916 1908 970 1956 te
1002 1916 1149 1971 spem
1182 1915 1357 1954 meam
1388 1894 1787 1958 constituerim.
1821 1897 1919 1955 His
1955 1900 2069 1954 hac
2103 1901 2306 1956 subneo

2304 1932 2307 1941 ’
2338 1896 2381 1952 Β
2406 1916 2734 1984 Λύτρωσαι,
2781 1917 2813 1969 ό
2875 1913 3037 1980 Θεὸς,
3081 1914 3190 1968 τὸν
3233 1915 3469 1984 Ἰσραὴλ
3508 1918 3576 1972 ἐκ
3618 1919 3822 1975 πασῶν

744 1995 862 2058 ctit,
878 1990 1085 2057 Libera,
1119 1992 1280 2060 Deus,
1316 1990 1490 2046 Israel
1517 2007 1581 2046 ea:
1610 1985 1849 2048 Omnibus
1881 1991 2306 2046 tribulationibus

741 2087 882 2141 suis:
913 2101 1034 2141 sese
1068 2085 1276 2141 scilicet
1318 2083 1574 2140 lsraelem
1607 2083 1676 2138 ob
1711 2085 1963 2153 superius
2009 2092 2308 2140 memorata

751 2183 905 2246 gesta
930 2182 1232 2245 nuncupat.
1265 2173 1414 2230 Talis
1453 2175 1598 2230 enim
1625 2181 1710 2230 est
1736 2176 1987 2245 quisquis
2015 2176 2082 2230 ab
2117 2177 2310 2230 anima:

741 2286 853 2326 sua:
898 2253 1211 2324 conditione
1263 2269 1476 2323 lsraelis
1511 2282 1709 2322 nomen
1771 2268 2000 2321 obtinet.
2047 2266 2156 2321 Aut
2203 2266 2309 2320 alia

738 2359 967 2427 ratione,
1002 2372 1147 2412 cum.
1177 2359 1251 2412 ita
1281 2357 1568 2412 institutus
1602 2359 1694 2422 sit,
1751 2364 1811 2410 ut
1854 2373 1964 2412 non
2010 2357 2097 2412 sui
2137 2356 2308 2412 solius

739 2453 1042 2510 custodiam
1074 2459 1247 2523 gerat,
1280 2459 1373 2504 aut
1421 2452 1506 2505 sui
1543 2458 1759 2504 tantum
1791 2452 2080 2516 sollicitus,
2122 2467 2221 2522 pro
2250 2468 2309 2509 se

739 2547 857 2602 solo
888 2545 1055 2601 Deum
1088 2552 1374 2614 precetur;
1402 2552 1523 2611 post
1567 2557 1680 2596 rem
1712 2542 1848 2597 bene
1877 2554 2108 2613 gestam,
2156 2551 2308 2614 post-

738 2651 900 2707 quam
952 2649 1049 2689 sua
1095 2640 1243 2688 recte
1297 2632 1627 2703 composuit,
1669 2648 1769 2703 pro
1813 2634 2068 2689 universo
2106 2635 2308 2706 populo

739 2725 833 2781 Dei
869 2725 1294 2796 supplicationes
1333 2724 1553 2789 emittit,
1595 2733 1882 2795 rogatque,
1929 2735 2009 2792 ut,
2046 2728 2307 2797 quemad-

741 2821 959 2875 modum
1008 2833 1066 2873 se
1100 2818 1332 2872 antehac
1380 2834 1447 2873 ex
1482 2820 1744 2873 :erumnis
1785 2827 1840 2875 et
1887 2822 2153 2892 angustiis
2197 2822 2305 2877 eri»

739 2927 866 2983 pere
914 2910 1168 2982 dignatus
1215 2919 1320 2973 est,
1370 2909 1425 2962 id
1466 2908 1646 2978 ipsum
1682 2919 1808 2980 agat
1836 2926 1965 2982 erga
1997 2919 2176 2966 totum
2213 2912 2307 2967 Dei

740 3006 1021 3080 populum,
1071 3005 1167 3075 qui
1214 3003 1552 3074 intelligendi
1601 3004 1840 3073 quadam
1891 3007 2104 3062 ratione
2139 3006 2309 3064 Israel

742 3106 1111 3169 nuncupatur.
1702 3111 1706 3114 ν

1142 3206 1468 3264 PSALMUS
1501 3206 1708 3262 DAVID
1731 3206 1897 3263 XXV.

2409 2009 2673 2076 θλίψεων
2694 2008 2878 2063 αὐτοῦ
2898 2025 2910 2038 ·
2940 2009 3058 2082 ἦτοι
3093 2007 3253 2071 αὐτὸς
3271 2008 3463 2063 ἑαυτὸν
3496 2009 3869 2083 ἐξομολογούμε

2418 2101 2630 2173 Ἰσραὴλ
2657 2101 2935 2172 ὀνομάζων
2967 2101 3054 2156 διὰ
3077 2099 3146 2153 τὰ
3176 2100 3542 2171 προλεχθέντα
3579 2104 3744 2158 αὑτοῦ
3778 2123 3869 2159 κατ

2410 2191 2636 2264 θώματα
2657 2209 2670 2223 '
2697 2193 2936 2256 τοιοῦτος
2957 2193 3066 2263 γάρ
3103 2195 3249 2246 ἐστιν
3287 2195 3315 2245 ὁ
3360 2193 3499 2246 κατὰ
3539 2192 3718 2264 ψυχὴν
3747 2197 3869 2267 ἰσρα

2413 2282 2486 2335 Ἢ
2517 2283 2710 2347 ἄλλως,
2739 2282 3123 2354 διδασκόμενος
3163 2281 3237 2355 μὴ
3270 2284 3459 2337 ἑαυτὸν
3491 2284 3650 2353 μόνον
3677 2285 3865 2354 φυλάττ

2411 2375 2545 2448 μηδέ
2582 2374 2730 2446 αὐτῷ
2759 2375 2904 2448 μόνῳ
2950 2374 3289 2439 σπουδάζειν,
3317 2377 3410 2429 καὶ
3441 2375 3568 2445 περὶ
3609 2376 3768 2447 μόνου
3794 2379 3869 2429 ea:

2407 2472 2498 2524 τὸν
2547 2469 2677 2523 Θεὸν
2732 2468 2990 2522 ἱκετεύειν
3015 2486 3028 2499 ο
3065 2460 3201 2540 μετὰ
3237 2468 3294 2522 δέ
3331 2467 3392 2521 τὸ
3420 2467 3765 2540 κατορθῶσαι
3796 2470 3869 2521 xal

2407 2560 2475 2614 τὰ
2505 2560 2624 2614 καθ’
2648 2561 2838 2614 ἑαυτὸν
2880 2559 3174 2626 διαθέσθαι,
3212 2559 3351 2630 ὑπὲρ
3379 2545 3472 2610 τοῦ
3508 2558 3712 2621 παντὸς
3739 2559 3859 2611 λαοῦ

2407 2650 2542 2705 Θεοῦ
2591 2652 2691 2714 τὰς
2736 2649 3106 2723 παρακλήσεις
3136 2649 3482 2720 ἀναπέμπει·
3539 2651 3773 2704 ἱκετεύει
3807 2668 3869 2715 τεε

2407 2745 2594 2818 ὥσπερ
2620 2746 2874 2817 ἀνωτέρω
2907 2745 3096 2800 ἐαυτὸν
3117 2744 3268 2815 ἠξίου
3301 2745 3560 2817 ρυσθῆναι
3593 2747 3706 2800 ἀπὸ
3731 2747 3869 2802 τῶνὲ

2407 2846 2502 2899 τοῦ
2554 2845 2784 2916 θλίψεων
2806 2887 2821 2912 ,
2866 2846 3034 2900 οὕτω
3060 2847 3156 2901 καὶ
3213 2845 3390 2901 πάντα
3431 2848 3524 2900 τὸν
3554 2847 3655 2901 τοῦ
3690 2845 3824 2901 Θεοῦ
3856 2844 3869 2893 1

2408 2936 2552 2992 κατὰ
2582 2935 2820 2993 διάνοιαν
2865 2939 3080 3012 Ἰσραὴλ
3109 2939 3528 3012 ὀνομαζόμενον.
3593 2932 3604 2941 ’

2797 3189 3093 3244 ΨΑΛΜΟΣ
3115 3189 3202 3243 ΤΩ
3236 3189 3434 3242 ΔΑΥΙΔ
3464 3189 3596 3244 KE'.

810 3301 975 3357 Vens.
997 3300 1046 3353 i.
1071 3297 1267 3353 Judica
1317 3314 1417 3364 me,
1467 3298 1705 3363 Domine,
1745 3299 1994 3367 quoniam
2024 3315 2116 3370 ego
2145 3299 2199 3353 in
2231 3301 2312 3355 in-
2339 3314 2374 3373 ρ

2304 3331 2312 3341 .
2339 3314 2382 3373 c
2482 3283 2700 3351 Κρῒνόν
2719 3299 2816 3352 με,
2851 3283 3047 3351 Κύριε,
3076 3282 3162 3336 ὅτι
3187 3282 3299 3351 ἐγὼ
3332 3283 3402 3337 ἐν
3436 3282 3665 3351 dataqu
3698 3298 3819 3351 μου
3859 3278 3868 3334 ἱ

739 3393 978 3449 nocentia
1005 3406 1121 3445 mea
1159 3405 1466 3460 progressus
1500 3403 1637 3452 sum,
1668 3397 1718 3442 et
1745 3388 1801 3442 in
1842 3386 2067 3442 Domino
2098 3403 2303 3456 sperans

2304 3406 2311 3441 ς
2356 3372 2364 3373 ί
2405 3377 2652 3444 ρεύθην,
2674 3375 2774 3429 καὶ
2794 3373 2992 3451 ἐπὶτῷ
3007 3376 3196 3454 Κυρίῳ
3211 3372 3465 3436 ἐλπίζων
3482 3375 3554 3427 οὐ
3577 3373 3672 3443 μὴ
3692 3375 3868 3427 acuis:

739 3504 843 3544 non
861 3485 1235 3542 commovebar.
1258 3483 1513 3539 Fortasse
1541 3482 1812 3553 quispiam
1837 3482 1952 3537 haec
1965 3481 2108 3535 dicta
2122 3481 2311 3537 Davidi

739 3582 982 3638 referens
1014 3581 1260 3651 apposite
1290 3578 1510 3640 dixerit,
1538 3578 1720 3648 ipsum
1747 3577 2021 3647 supplices
2049 3574 2160 3632 Deo
2183 3592 2309 3646 pre-

738 3691 832 3732 ces
854 3674 1129 3729 eﬂundere
1159 3686 1258 3741 pro
1286 3672 1397 3725 vita
1426 3686 1542 3726 sua.
1584 3663 1721 3723 Nam
1750 3685 1876 3724 cum
1913 3679 2140 3725 sanctus
2165 3669 2312 3741 Apo-

741 3766 914 3822 stolus
944 3765 1091 3818 dicat
1117 3781 1130 3818 :
1161 3762 1377 3831 Oportet
1397 3763 1628 3831 primum
1657 3762 1891 3816 omnium
1919 3763 2038 3832 ﬁeri
2069 3762 2310 3817 obsecra-

742 3857 925 3918 tiones,
949 3855 1233 3917 orationes,
1251 3853 1651 3922 postulationes,
1673 3855 1968 3924 gratiarum
1983 3856 2214 3909 actiones
2230 3857 2305 3923 ³⁷;

742 3961 807 4001 ac
856 3946 1117 4016 praedicta
1164 3946 1219 3999 in
1268 3953 1503 4015 quatuor
1539 3946 1750 4015 species
1795 3945 2160 4012 distribuerit,
2212 3961 2309 4016 par

740 4048 824 4096 est
853 4055 951 4094 nos
987 4053 1048 4094 ea
1072 4052 1192 4108 quae
1220 4036 1274 4089 in
1300 4037 1633 4106 psalmorum
1672 4036 1813 4091 libro
1851 4035 2104 4091 feruntur
2127 4047 2309 4093 mente

742 4132 1103 4205 perpendere,
1156 4136 1318 4199 atque
1360 4128 1605 4184 indicare
1633 4129 1856 4198 quinam
1908 4145 2100 4185 eorum
2149 4131 2308 4186 obse-

739 4228 1035 4289 crationes,
1069 4225 1161 4296 qui
1205 4223 1504 4286 orationes,
1537 4222 1630 4293 qui
1675 4223 2096 4302 postulationes,
2129 4227 2308 4279 maxi-
2354 4291 2362 4296 _

740 4336 934 4390 meque
976 4319 1069 4389 qui
1116 4319 1415 4390 gratiarum
1451 4316 1695 4371 actiones
1745 4314 2038 4386 praeferant
2065 4333 2077 4370 :
2109 4316 2307 4386 quidve

741 4415 888 4469 aliud
926 4415 994 4468 ab
1030 4413 1136 4478 alio
1169 4411 1405 4477 dill'erat,
1435 4419 1596 4482 atque
1627 4426 1690 4464 ex
1730 4415 1842 4464 toto
1874 4409 2206 4479 psalmorum
2245 4410 2308 4463 li-

741 4508 841 4562 bro
871 4521 1034 4576 supra
1063 4505 1334 4560 dictorum
1366 4505 1726 4576 proprietates
1757 4501 2016 4573 seligere;
2047 4509 2128 4567 ut,
2155 4503 2305 4557 verbi

740 4615 926 4666 causa,
956 4598 1385 4664 obsecrationes,
1416 4614 1485 4652 ex
1513 4597 1580 4651 iis
1610 4597 1838 4668 psalmis
1869 4597 1963 4668 qui
2002 4596 2306 4651 invocatio-

2426 3469 2590 3532 Ἰδίως
2626 3469 2690 3522 ἄν
2717 3486 2801 3532 τις
2840 3467 2933 3522 ἐπὶ
2976 3467 3066 3522 τὸν
3092 3466 3254 3520 Δαυῒδ
3301 3466 3586 3537 ἀναφέρων
3612 3466 3746 3530 τοὺς
3779 3481 3869 3537 πρε

2414 3561 2607 3632 μένους
2634 3560 2843 3630 λόγους,
2868 3561 3008 3613 εῐποι
3029 3559 3094 3614 ἂν
3114 3559 3362 3630 ἐντυχίαν
3376 3558 3537 3612 αὑτὸν
3558 3557 3840 3613 ποιεῖσθαι
3863 3573 3869 3608 1

2409 3653 2498 3707 τὸν
2525 3651 2654 3706 Θεὸν
2687 3652 2815 3724 περὶ
2839 3651 2932 3705 τοῦ
2962 3651 3086 3704 ἱδίου
3121 3650 3253 3721 βίου.
3285 3649 3390 3703 Τοῦ
3409 3650 3516 3723 γὰρ
3539 3651 3698 3723 ἱεροῦ
3740 3651 3869 3703 Ἀπο

2408 3742 2501 3796 λου
2534 3745 2830 3816 φήσαντοςο
2876 3741 3114 3812 Πρῶτον
3153 3741 3387 3795 πάντων
3413 3743 3508 3796 δεῖ
3526 3743 3836 3797 ποιεῖσθαι
3865 3765 3869 3789 ‹

2409 3852 2561 3902 σεις,
2611 3836 2954 3906 προσευχὰς
2973 3875 2988 3899 ,
3023 3835 3323 3900 ἐντεύξεις
3344 3874 3357 3898 ,
3387 3823 3832 3903 ἐὐχαριστίας

2407 3929 2670 3993 διελόντος
2713 3929 2782 3983 τὰ
2828 3926 3192 4001 προλεχθέντα
3240 3929 3318 3991 εἱς
3371 3927 3484 3999 εἴδη
3529 3928 3810 3998 τέσσαρα,
3851 3926 3869 3974 i

2409 4025 2674 4096 προσήκει
2700 4024 2800 4095 τὴν
2830 4023 3065 4076 διάνοιαν
3091 4023 3202 4084 τοῖς
3237 4022 3294 4074 ἐν
3319 4023 3386 4092 τῇ
3413 4021 3585 4092 βίϐλῳ
3622 4021 3739 4074 τῶν
3757 4018 3869 4073 Ψαλ

2409 4115 2802 4185 ἐμφερομένοις
2850 4115 3074 4185 ἐφιστᾷν
3117 4113 3208 4166 τὸν
3255 4111 3397 4180 νοῦν,
3453 4111 3869 4184 ἐπισημαινομὲ

2407 4207 2549 4269 τίνες
2576 4208 2670 4277 μὲν
2696 4207 2872 4261 αὐτῶν
2913 4206 3228 4278 περιέχουσι
3252 4206 3486 4279 δεήσεις,
3514 4206 3620 4260 καὶ
3651 4205 3804 4268 τίνες
3837 4221 3869 4257 π

2408 4297 2589 4368 ευχὰς,
2641 4300 2734 4352 καὶ
2770 4299 2914 4364 τίνες
2957 4299 3246 4366 ἐντεύξεις,
3277 4300 3368 4353 καὶ
3395 4301 3486 4353 ἐπὶ
3530 4303 3682 4354 πᾶσι
3718 4300 3864 4361 τίνες

2408 4392 2722 4464 χαριστίας·
2758 4392 2809 4444 τί
2836 4410 2894 4445 τε
2939 4392 3183 4465 διαφέρει
3241 4393 3465 4466 θάτερον
3497 4392 3775 4466 θατέρου,
3818 4394 3869 4444 ἀν

2406 4485 2596 4554 γεσθαί
2653 4501 2713 4537 τε
2766 4485 2871 4538 ἀπὸ
2913 4486 3092 4557 πάσης
3136 4486 3236 4559 τῆς
3277 4487 3458 4557 βίϐλου
3491 4486 3610 4540 τῶν
3655 4485 3869 4557 Ψαλμιῖ

2411 4578 2674 4650 ἰδιώματα
2706 4579 2814 4633 τῶν
2839 4581 3143 4652 εἰρημένων
3171 4599 3182 4610 ·
3220 4577 3328 4634 οἷον
3375 4581 3473 4644 τὰς
3505 4583 3618 4653 μὲν
3655 4582 3869 4654 δεήσεις

739 4711 836 4751 nes
881 4702 935 4749 ct
992 4691 1416 4761 supplicationes
1475 4667 1932 4762 complectuntur,
1995 4691 2050 4746 in
2106 4691 2303 4762 quibus

2339 4667 2380 4722 Ι)
2408 4673 2516 4726 τῶν
2551 4674 2909 4745 περιεχόντων
2939 4674 3334 4747 παρακλήσεις,
3364 4675 3457 4728 καὶ
3476 4676 3808 4748 ἱκετηρίας,
3847 4677 3868 4725 ὲ

737 4797 954 4844 exstant
993 4786 1155 4840 etiam
1198 4781 1606 4847 confessiones;
1656 4785 1834 4854 qualis
1886 4795 1968 4842 est
2008 4785 2302 4855 vigesimus

737 4887 966 4953 quartus
1007 4876 1268 4948 psalmus,
1303 4874 1394 4944 qui
1425 4889 1598 4942 neque
1641 4875 1934 4938 canticum,
1962 4891 2138 4944 neque
2159 4873 2304 4944 psal-

739 4990 880 5038 mus,
918 4985 1094 5042 neque
1124 4968 1380 5044 hymnus,
1422 4980 1600 5036 neque
1643 4964 1820 5022 simile
1858 4968 2162 5039 quidpiam,
2201 4965 2300 5021 sed

740 5065 925 5121 Davidi
956 5066 1136 5122 solum
1162 5061 1504 5116 inscribitur.
1529 5059 1817 5116 Orationes
1847 5070 1995 5126 sunt,
2034 5067 2301 5133 quotquot

740 5159 932 5229 psalmi
965 5160 1018 5213 in
1049 5155 1208 5211 titulo
1238 5154 1514 5210 orationes
1545 5154 1836 5218 dicuntur;
1872 5155 2180 5223 cujusmodi
2220 5160 2304 5208 est

740 5251 982 5306 decimus
1011 5260 1222 5314 sextus,
1255 5249 1618 5318 octogesimus
1651 5248 1901 5318 quintus,
1933 5248 2299 5318 octogesimus

741 5360 940 5409 nonus,
988 5344 1318 5400 centesimus
1362 5341 1592 5412 primus,
1637 5340 1970 5397 centesimus
2001 5344 2302 5411 quadrage-

743 5438 912 5497 simus
950 5435 1180 5507 primus.
1229 5435 1540 5491 Gratiarum
1581 5435 1828 5490 actiones
1874 5443 2022 5499 sunt,
2055 5435 2146 5503 qui
2181 5433 2299 5504 pani

741 5531 951 5584 ratione
980 5544 1043 5584 ac
1073 5529 1404 5584 centesimus
1435 5527 1708 5582 secundus
1733 5525 2028 5594 conscripti
2065 5535 2213 5588 sunt,
2243 5525 2300 5578 in

740 5638 847 5692 quo
887 5622 980 5678 sic
1009 5623 1206 5692 legitur
1232 5641 1245 5676 :
1273 5619 1518 5681 Benedic,
1567 5619 1748 5672 anima
1778 5634 1917 5683 mea,
1971 5615 2220 5679 Domino,
2250 5624 2299 5670 et

739 5717 847 5771 noli
903 5715 1138 5769 oblivisci
1180 5731 1355 5769 omnes
1398 5711 1765 5768 retributiones
1799 5711 1946 5781 ejus,
1993 5716 2046 5763 et
2081 5716 2294 5764 caetera.

807 5876 850 5911 '7
893 5873 910 5927 l
946 5871 1085 5928 Tim.
1124 5889 1198 5933 ιι.
1238 5873 1287 5927 i.
1329 5871 1462 5930 Vide
1495 5886 1656 5939 supra
1688 5870 1882 5939 psalm.
1921 5882 2032 5933 vn,
2068 5865 2130 5933 1,
2168 5863 2200 5920 5

2409 4763 2581 4817 δὲςκαὶ
2604 4763 3016 4837 ἐξομολογήσεις
3053 4766 3308 4836 φέρονται
3332 4782 3345 4796 °
3377 4764 3568 4828 ὁποῖός
3604 4768 3768 4818 ἐστιν
3797 4769 3824 4817 ὁ
3862 4783 3869 4816 ε

2412 4856 2534 4920 στὸς
2551 4839 2822 4929 τέταρτος
2867 4857 3098 4931 ψαλμὸς,
3135 4858 3256 4912 οῦτε
3282 4857 3412 4929 ᾠδὴ,
3443 4855 3576 4911 οὔτε
3605 4859 3857 4930 ψαλμὸς.

2411 4951 2594 5024 ὕμνος,
2628 4953 2750 5008 οῦτε
2777 4971 2829 5007 τι
2870 4934 3137 5008 τοιοῦτον
3186 4952 3301 5006 ἀλλ’
3336 4951 3522 5016 ἁπλῶς
3561 4952 3652 5025 τῷ
3686 4954 3858 5007 Δαυῖδ

2407 5050 2807 5122 γεγραμμένος,
2877 5050 3181 5124 Προσευχαὶ
3219 5049 3275 5102 δέ
3325 5050 3482 5114 εἰσιν,
3510 5050 3644 5105 ὅσοι
3680 5053 3744 5106 ἐν
3774 5056 3840 5123 τῇ

2407 5146 2589 5215 γραφῇ
2645 5144 2960 5226 προσευχῶν
3009 5136 3588 5228 ἐπιγράφουσινχοῖον
3632 5147 3665 5198 ὁ
3700 5145 3765 5210 ἒξ
3817 5164 3869 5198 κε

2405 5251 2588 5298 κατος,
2620 5235 2714 5288 καὶ
2738 5237 2766 5288 ὁ
2797 5233 3150 5306 ὀγδοηκοστὸς
3190 5232 3458 5304 πέμπτος,
3495 5237 3605 5290 καὶ
3642 5239 3869 5310 ὀγδοηκε

2403 5324 2636 5390 ἔννατος,
2678 5326 2771 5379 καὶ
2815 5324 3103 5387 ἐκατοστὸς
3135 5324 3369 5396 πρῶτος,
3404 5326 3501 5380 καὶ
3536 5329 3857 5403 ἐκατοστὸς

2403 5425 2735 5494 σαρακοστὸς
2779 5420 3009 5494 πρῶτος.
3045 5419 3394 5490 Εὐχαριστίαι
3418 5419 3477 5473 δέ
3520 5423 3681 5477 εἰσιν
3718 5428 3770 5478 οἱ
3816 5427 3869 5493 ὁρ

2404 5519 2615 5590 ἔχοντες
2630 5520 2705 5592 τῷ
2721 5516 2991 5588 ἑκατοστῷ
3007 5515 3262 5588 δευτέρῳ,
3280 5518 3337 5571 ἐν
3356 5510 3400 5584 ᾧ
3426 5515 3668 5589 εἴρηται
3689 5537 3704 5550 ·
3735 5523 3865 5573 Eia

2404 5614 2629 5683 ὴψυχή
2648 5632 2788 5685 μου,
2838 5614 2944 5668 τὸν
2997 5613 3234 5681 Κύριον,
3299 5612 3398 5666 καὶ
3431 5610 3524 5681 μὴ
3584 5614 3869 5668 ἐπιλανθι

2405 5705 2604 5773 πάσας
2653 5708 2758 5777 τὰς
2790 5705 3223 5773 ἀνταποδόσεις
3283 5703 3506 5770 αὑτοῦ,
3575 5705 3685 5759 καὶ
3747 5704 3817 5758 τὰ
3867 5727 3869 5751 ι
