3966 6344
68 445 149 498 253
1138 448 1636 507 COMMENTARIA
1678 453 1744 509 IN
1780 454 2112 511 PSALMOS.

3132 460 3238 514 254

67 533 302 625 Ἐντευξιν
320 559 378 614 δὲ
408 562 695 632 περιέχειὸ
724 562 858 647 μετά
882 566 1085 636 χεῖρας,
1106 568 1163 619 ἐν
1179 561 1222 634 ᾧ
1246 569 1551 640 γέγραπται

1687 571 2086 629 Postulat‘iones
2130 573 2369 630 continet
2412 590 2651 646 praesens
2704 560 2945 648 psalmis
2970 618 2987 646 ,
3038 580 3095 634 in
3136 596 3245 651 quo

62 648 245 717 Κρῖνόν
282 666 378 718 με,
437 652 632 716 Κύριε,
664 652 754 706 ὅτι
780 644 781 647 “
807 654 920 724 ἐγὼ
952 656 1022 709 ἐν
1062 657 1276 726 ἀκακία
1302 678 1418 729 μου
1445 661 1584 715 ἐπο-

60 742 261 808 ρεύθην,
293 740 388 793 καὶ
429 742 496 794 τὰ
528 742 673 812 ἑξῆς.
882 760 884 768 λ

129 832 281 901 Ἐρεῖς
310 826 425 895 οὖν,
480 834 666 905 ἐπειδὴ
722 834 889 899 ὅντως
928 836 1129 908 ἤρξατο
1164 842 1193 893 ὁ
1230 842 1412 906 Δαυτδ,
1441 845 1514 908 ὡς
1535 846 1584 898 οι

59 923 282 993 θεοφιλεῖς
324 924 516 995 ἄνδρες
546 929 603 979 ἐν
654 930 764 992 τοῖς
792 929 995 983 ἑαυτῶν
1028 930 1119 984 τοῦ
1154 932 1270 1003 βίου
1313 935 1585 1008 κατορθώ-

58 1033 192 1086 μασιν
236 1011 377 1086 εἶχὸν
419 1032 541 1072 τινα
584 1019 1037 1092 πλεονεκτήματα,
1074 1022 1348 1096 ἐξαίρετα,
1398 1029 1456 1081 ἐν
1503 1023 1584 1092 οἷς

57 1108 247 1171 ἕκαστος
289 1107 469 1163 αὐτῶν
520 1109 677 1179 ἰδίως,
709 1111 1017 1184 διαπρεπὴς
1064 1115 1311 1184 γέγονεν·
1347 1112 1458 1173 οἷον
1507 1120 1583 1184 ὼς

56 1199 128 1253 ἐπὶ
153 1200 591 1273 παραδείγματος,
650 1205 847 1276 Ἰωσὴφ
886 1207 944 1259 ἐν
976 1210 1320 1283 σωφροσύνῃ,
1371 1211 1487 1264 Ἰὼϐ
1514 1216 1579 1285 τῇ

56 1290 136 1342 τῶν
157 1290 327 1344 δεινῶν
355 1294 619 1367 ὑπομονῇ,
648 1295 893 1367 Σολομὼν
920 1297 978 1351 ἐν
1002 1299 1163 1371 σοφίᾳ
1188 1301 1280 1353 καὶ
1301 1304 1577 1374 φρονήσει-

65 1382 275 1454 Ἀϐραὰμ
290 1383 378 1438 διά
405 1386 505 1457 τῆς
536 1387 765 1452 πίστεως
790 1388 1167 1445 ἃδικαιῶσθαι
1206 1392 1449 1463 λέγεται·
1485 1396 1581 1450 καὶ

51 1474 179 1539 ἄλλος
206 1476 359 1531 πάλιν
400 1480 459 1531 ἐν
492 1477 635 1550 ἄλλῳ
688 1480 887 1553 ἀρετῆς
935 1482 1107 1552 ἀγῶνι
1155 1489 1576 1560 μεμαρτύρηται

49 1566 331 1639 διαλάμψας.
382 1570 602 1635 Τούτοις
646 1567 739 1627 οὖν
786 1574 987 1645 ὁμοίως
1013 1575 1108 1631 καὶ
1134 1579 1162 1631 ὁ
1182 1578 1342 1632 Δαυῒδ
1370 1578 1579 1652 ἐξαίρε-

49 1672 119 1757 τον
149 1657 332 1757 ἀρετὴν
377 1659 716 1731 κτησάμενος
764 1663 1175 1737 ἀναγέγραπται
1200 1670 1297 1741 τὴν
1325 1670 1573 1735 ἀνεξικα-
1598 1745 1611 1757 .

50 1746 173 1801 κίαν·
199 1749 259 1801 δι’
273 1753 338 1821 ἣν
370 1750 465 1804 καὶ
495 1752 584 1806 τὸν
612 1755 784 1809 Σαοὺλ
807 1758 1028 1829 ἦνεγκε,
1066 1760 1235 1834 μυρία
1266 1764 1385 1817 κατ’
1411 1764 1574 1818 αὑτοῦ

44 1837 313 1908 δεδρακότα,
350 1840 497 1915 ἆπερ
529 1844 719 1915 πράως
757 1849 850 1901 καὶ
892 1848 1227 1917 ἀνεξικάκως
1272 1855 1575 1926 ὑπομείνας

1688 668 1952 739 scriptum
1989 678 2070 723 est
2099 687 2112 722 :
2137 666 2333 722 Judica
2363 686 2465 734 me,
2513 669 2756 737 Domine,
2785 673 3034 744 quoniam
3071 691 3164 746 ego
3188 676 3242 729 in

1687 760 1983 815 innocentia
2015 778 2128 815 mea
2150 776 2457 832 progressus
2483 779 2618 827 sum,
2653 770 2756 819 etc.

1756 852 1916 910 Dicas
1942 855 2105 926 igitur
2130 857 2257 926 quia
2289 856 2457 912 David
2496 872 2563 913 eo
2597 872 2656 913 se
2687 857 2849 913 modo
2872 846 3063 931 gerere
3097 858 3243 913 ince-

1687 944 1784 1014 pit,
1815 945 2098 1016 religiosos
2131 948 2279 1003 viros
2314 947 2367 1002 in
2397 948 2656 1018 operibus
2683 949 2779 1004 abs
2809 964 2867 1004 se
2894 950 3074 1012 editis.
3107 964 3245 1019 quo-

1686 1036 1811 1091 dam
1844 1037 2100 1093 virtutum
2134 1054 2329 1110 genere
2359 1042 2747 1111 praecelluisse,
2782 1041 2837 1097 in
2871 1058 2979 1113 quo
3006 1042 3243 1114 quisque

1686 1126 1927 1195 ipsorum
1961 1130 2256 1200 praeclarus
2282 1131 2491 1198 evasit;
2538 1140 2620 1195 ut,
2656 1133 2888 1205 exempli
2924 1149 3110 1197 causa,
3141 1131 3239 1203 Jo-
3296 1152 3315 1163 ‘-

1682 1222 1813 1291 seph
1836 1223 2189 1288 continentia,
2206 1222 2308 1279 Job
2330 1225 2585 1294 patientia
2609 1225 2662 1279 in
2686 1224 2961 1295 adversis;
2986 1226 3237 1283 Salomon

1681 1314 1943 1383 sapientia
1967 1324 2020 1369 ct
2037 1316 2317 1385 prudentia
2336 1334 2350 1384 ;
2369 1317 2637 1372 Abraham
2660 1318 2763 1373 lide
2778 1318 3106 1388 justiﬁeatus
3119 1331 3264 1377 esse’

1678 1406 1874 1461 dicitur
1899 1423 1912 1458 :
1940 1417 1993 1462 et
2020 1396 2159 1464 alius
2188 1409 2382 1464 iterum
2410 1410 2517 1465 alio
2546 1410 2761 1465 virtutis
2784 1413 3076 1468 certamine
3099 1416 3236 1469 cmi-

1676 1498 1857 1553 cuisse
1877 1499 2219 1568 praedicatur.
2244 1501 2616 1572 Similiterque
2636 1501 2800 1558 David
2822 1504 3087 1574 praacipua
3110 1521 3240 1575 qua-

1673 1590 1796 1644 dam
1819 1591 2037 1656 virtute,
2071 1593 2275 1647 scilicet
2292 1594 2612 1663 injuriarum
2632 1596 2922 1662 oblivione,
2944 1596 3236 1656 emicuisse

1679 1678 1886 1750 scripto
1928 1679 2196 1747 traditur;
2251 1695 2361 1752 qua
2392 1679 2613 1737 Saulem
2642 1683 2917 1753 patienter
2948 1685 3093 1747 tulit,
3147 1685 3247 1755 qui

1678 1774 1950 1829 sexcentis
1973 1788 2096 1829 eum
2122 1775 2278 1829 malis
2302 1774 2575 1842 alfecerat,
2605 1785 2658 1831 et
2682 1776 2796 1831 haec
2820 1777 2935 1848 ipse
2960 1778 3238 1833 moderate

1680 1880 1745 1920 ac
1782 1865 1902 1921 sine
1942 1866 2313 1937 indignatione
2345 1868 2537 1924 tulisse
2572 1869 2629 1923 in
2656 1868 2936 1940 Scriptura
2962 1878 3237 1927 narratur.

45 1928 433 2032 dvayéyoamat.
488 1936 639 1990 Ἐπεὶ
698 1939 875 1994 τοίνυν
947 1941 1223 2015 ἐξαίρετος
1298 1941 1367 2018 ἦν
1438 1946 1569 2019 αὕτη

1679 1956 1819 2023 Quia
1846 1958 2011 2029 igitur
2043 1928 2158 2013 haec
2188 1957 2411 2015 Davidis
2432 1960 2706 2032 praecipua
2728 1928 2902 2017 virtus
2930 1968 3069 2022 erat,
3095 1976 3243 2017 nian-

41 2022 111 2073 τοΰ
135 2022 282 2077 Δαυῒδ
306 2026 499 2099 ἀρετὴ,
542 2028 685 2100 λέγω
719 2033 776 2087 δὲ
805 2035 837 2105 ἡ
868 2035 966 2106 τῆς
1001 2038 1306 2111 πραότητος
1332 2042 1425 2095 καὶ
1471 2058 1572 2095 τα-ἰ

43 2117 427 2189 τεινορροσύνης
455 2121 549 2175 καὶ
592 2123 960 2192 ἀνεξικακίας,
1008 2128 1179 2183 ταῦτα
1214 2131 1391 2186 πάντα
1435 2132 1570 2204 ὁμοῦ

30 2201 306 2275 ’περιλαϐὼν
337 2210 575 2269 ἀκακίαν
600 2215 738 2270 αὐτὰ
774 2216 1055 2291 ὼνόμασε’
1092 2223 1185 2276 καὶ
1209 2223 1285 2287 ὡς
1312 2225 1368 2278 ἐν
1398 2201 1572 2297 τουτῳ

43 2298 233 2391 μαλιστα
266 2303 341 2374 τῷ
387 2305 543 2379 μέρει
585 2310 953 2383 κατορθώσας,
982 2317 1040 2371 ἐν
1066 2320 1132 2390 τῇ
1166 2320 1303 2391 πρὸς
1328 2320 1419 2374 τὸν
1438 2321 1571 2375 Θεὸν

40 2390 233 2457 ἐντεύξει
250 2397 384 2467 φησί
402 2415 414 2427 ·
451 2399 673 2468 Κρῖνόν
689 2420 789 2472 με,
818 2406 1016 2474 Κύριε,
1040 2390 1257 2481 ὅτι
1278 2412 1571 2481 ἐνάκακίᾳ

42 2498 145 2544 μου
176 2486 518 2559 έπορεύθην-
561 2493 710 2548 Ἐπεὶ
755 2496 813 2550 δὲ
855 2498 998 2568 μέγα
1045 2503 1173 2573 περὶ
1213 2504 1405 2557 ἐαυτοῦ
1442 2506 1571 2559 ἀπε-

42 2576 223 2645 ξήνατο,
252 2578 441 2653 ὥσπερ
482 2585 961 2659 ὲγκαυχησάμενος
984 2591 1061 2662 τῷ
1080 2594 1342 2668 ἐξαιρέτῳ
1375 2596 1567 2651 ἑαυτοῦ

42 2670 379 2762 κατορθώματι
404 2674 508 2744 τῆς
548 2676 834 2750 ἀκακίαςῆ
858 2681 956 2752 τῆς
987 2685 1307 2759 ἁπλότητος,
1344 2691 1569 2762 ἐπιλαμ-

37 2758 215 2856 ςάνεται
236 2767 397 2831 αὐτὸς
434 2772 626 2825 ἑαυτοῦ
661 2773 751 2826 καὶ
777 2775 1017 2842 ἐπιλέγει
1040 2758 1353 2849 ἀναγκαίως
1405 2758 1563 2856 ἐξῆς⁶

41 2853 121 2948 Καὶ
135 2856 230 2948 ἐπί
235 2858 313 2925 τῷ
328 2864 525 2931 Κυρίῳ
551 2864 802 2927 ἐλπίζων
815 2870 886 2923 οὐ
900 2870 986 2939 μὴ
1008 2871 1343 2945 ἀσθενήσω.
1379 2853 1569 2948 Ἀναγ-

38 2946 168 3010 καίως
179 2944 264 3003 οὖν
284 2954 608 3021 συνέπλεξεν
622 2960 808 3014 ἑαυτὸν
832 2964 897 3033 τῇ
932 2964 1025 3017 ἐπὶ
1047 2965 1136 3019 τὸν
1152 2967 1355 3039 Κύριον
1370 2972 1564 3041 ἐλπίδι,

37 3039 296 3095 uitat.on
343 3054 659 3121 κατηγορεῖ,
694 3054 769 3116 ὡς
793 3052 1088 3127 δυναμένου
1109 3047 1448 3135 ’σαλευθῆναι
1473 3067 1566 3121 καὶ

36 3130 336 3224 ἐκτραπῆναι
361 3141 457 3222 καὶ
493 3142 871 3218 ἐξασθενῆσαι.
910 3151 1056 3224 Πλὴν
1100 3155 1250 3208 οὐδὲν
1284 3130 1567 3214 πείσεσθαι

36 3222 101 3326 διὰ
210 3232 285 3296 εἰς
301 3222 436 3289 Θεὸν
459 3236 647 3291 ἐλπίδα
665 3238 881 3311 θαρρῶν
902 3222 1283 3303 διεϐεϐαιοῦτο·
1306 3248 1419 3322 ⁴ᾔδει
1436 3252 1563 3326 γὰρ,

35 3318 91 3371 ὅτι
111 3322 137 3392 ἡ
161 3322 302 3390 ἐλπὶς
319 3327 381 3380 οὐ
403 3331 777 3402 καταισχύνει,
816 3337 955 3390 κατά
982 3338 1071 3393 τὸν
1118 3341 1459 3401 Ἀπόστολον,

82 3416 390 3485 Δοκίμασόν
414 3440 514 3492 με,
549 3426 743 3494 Κύριε,
781 3430 879 3482 καὶ
912 3432 1203 3500 πείρασόν
1232 3452 1342 3505 ys?
1372 3440 1569 3508 πύρω-

36 3518 120 3599 t'or
141 3510 268 3576 τοὺς
290 3516 554 3583 νεφρούς
572 3535 691 3586 μου
724 3519 822 3572 καὶ
852 3520 965 3589 τὴν
997 3524 1249 3593 καρδίαν
1278 3547 1425 3599 μου.
1450 3533 1571 3586 ’Ότι

37 3596 81 3648 τὸ
102 3599 249 3668 ἔλεός
274 3621 392 3659 σου
423 3606 739 3665 κατέναντι
772 3611 891 3666 τῶν
920 3614 1244 3686 ὀφθαλμῶν
1268 3596 1388 3689 μου
1413 3622 1566 3689 ἐστὶ,

38 3690 108 3783 irai
138 3694 510 3766 εὑηρέστησα
541 3700 612 3755 ὲν
640 3701 714 3771 τῇ
743 3704 993 3774 ἀληθείᾳ
1021 3723 1156 3762 σου.
1194 3711 1304 3783 Οὐχ
1336 3712 1411 3777 ὡς
1433 3715 1568 3770 ἀλα-

34 3778 349 3857 ζονευόμενος,
379 3792 492 3846 οὐδ’
519 3795 873 3866 ἐπαιρόμενος
911 3797 1065 3867 ἔλεγε
1095 3799 1185 3853 τό’
1223 3778 1569 3873 Δοκίμασόν

32 3892 98 3941 με,
128 3881 303 3949 Κύριε,
343 3885 447 3939 καὶ
483 3886 776 3958 πείρασόν
810 3907 921 3960 με·
968 3894 1250 3963 πύρωσον
1292 3896 1435 3963 τοὺς
1467 3915 1565 3951 νε-

34 3969 180 4035 φρούς
197 3989 311 4040 μου
343 3975 451 4029 καὶ
477 3977 594 4046 τὴν
620 3978 870 4048 καρδίαν
906 4000 1027 4053 μου
1047 3998 1060 4013 ο
1096 3983 1209 4038 ἀλλ’
1236 3985 1311 4050 ὡς
1340 3990 1398 4041 ἐν
1431 3989 1564 4062 εὐχῇ

34 4063 311 4130 παρακαλῶν
344 4068 454 4122 ὑπὸ
482 4069 577 4147 τοῦ
602 4070 737 4125 Θεοῦ
771 4073 1110 4149 καθαρθῆναι
1141 4077 1231 4132 διὰ
1256 4079 1357 4150 τῆς
1390 4081 1566 4154 πυρώ-

35 4166 152 4217 σεως,
182 4159 225 4210 εί
266 4158 440 4216 δέοιτο
475 4163 812 4237 καθάρσεως.
848 4168 1161 4241 Παρακαλεῖ
1199 4173 1376 4228 τοίνυν
1420 4176 1567 4230 δοκι-

36 4247 257 4337 μασθῆναι
288 4255 381 4307 καὶ
431 4256 792 4329 πειρασθῆναι
822 4259 920 4333 τὴν
968 4263 1358 4336 προλεχθείσαν
1398 4270 1563 4325 αὑτοῦ

36 4337 205 4434 ξρετὴν,
250 4347 371 4401 καθ’
418 4349 489 4421 ἣν
541 4350 845 4422 διαπρέψας
896 4355 1295 4425 ἀποδέδεικται,
1332 4362 1433 4417 οὑκ
1477 4366 1563 4434 ἐφ’

36 4430 167 4506 ἑαυτῷ
206 4441 502 4506 πεποιθὼς,
527 4442 641 4497 ἀλλ’
679 4445 770 4498 ἐπὶ
800 4444 877 4515 τῷ
918 4446 1010 4501 τοῦ
1044 4449 1179 4504 Θεοῦ
1217 4452 1375 4525 ἐλέῳ.
1408 4456 1564 4509 Οὖτω

34 4524 144 4591 γοῦν,
175 4534 316 4602 φησὶ,
337 4534 429 4589 διὰ
459 4536 661 4600 παντὸς
706 4537 765 4589 σὲ
790 4537 879 4591 τὸν
911 4539 1041 4594 Θεὸν
1068 4545 1160 4597 καὶ
1185 4546 1277 4600 τὸν
1305 4524 1395 4601 σὸν
1418 4548 1564 4602 ἔλεον

35 4620 111 4688 πρὸ
133 4624 401 4698 ὀφθαλμῶν
430 4628 592 4701 ἔχων,
619 4629 794 4690 πάντα
823 4630 912 4685 τὸν
935 4634 1173 4705 ἐμαυτοῦ
1200 4638 1314 4709 βίον
1340 4642 1433 4693 καὶ
1458 4642 1561 4696 πά-

1680 2049 1911 2107 suetudo
1947 2066 2161 2123 nempe,
2192 2051 2493 2122 humilitas,
2527 2062 2582 2109 et
2611 2054 2899 2110 tolerantia
2928 2075 2940 2109 :
2968 2056 3082 2110 haec
3122 2070 3239 2109 om-

1683 2144 1774 2199 nia
1817 2160 1924 2199 una
1957 2144 2348 2215 complectens,
2392 2146 2765 2202 innocentiam
2796 2150 3029 2203 vocavit.
3063 2147 3129 2201 Et
3156 2156 3243 2202 ut-

1680 2245 1806 2306 pote
1834 2238 1929 2308 qui
1960 2237 2063 2293 hac
2089 2240 2358 2310 praecipue
2387 2240 2441 2293 in
2477 2251 2630 2311 parte
2660 2256 2720 2297 se
2752 2242 3011 2311 praeclare
3042 2242 3243 2312 gessis-

1680 2337 1783 2393 set,
1817 2330 1872 2384 in
1902 2319 2391 2401 postulatione-sua
2420 2334 2493 2386 ita
2517 2332 2685 2389 Deum
2716 2332 3244 2404 compellatzludica

1679 2439 1779 2488 me,
1814 2422 2058 2491 Domine,
2091 2426 2336 2496 quoniam
2381 2442 2473 2498 ego
2518 2428 2573 2479 in
2617 2426 2915 2481 innocentia
2956 2443 3071 2479 mea
3121 2442 3239 2495 pro-

1676 2530 1885 2585 gressus
1915 2534 2052 2571 sum.
2101 2517 2550 2590 Quandoquidem
2595 2535 2851 2591 magnum
2877 2521 2943 2576 de
2984 2537 3043 2576 se
3085 2520 3243 2591 quid-

1676 2609 1819 2678 piam
1857 2612 2258 2681 pronuntiarat,
2293 2613 2452 2683 quasi
2479 2612 2848 2681 jactabundus
2879 2614 2945 2669 de
2985 2615 3242 2684 praeclara

1678 2714 1778 2753 sua
1810 2702 2140 2755 innocentia!
2164 2708 2218 2756 et
2253 2702 2622 2772 simplicitatis
2656 2704 2878 2769 virtute,
2919 2719 3042 2759 sese
3069 2704 3211 2773 repri

1676 2792 1777 2845 mit
1806 2801 1860 2847 et
1889 2792 2046 2862 quasi
2082 2794 2407 2849 necessitate
2437 2793 2697 2849 inductus
2726 2794 2935 2862 adjicit,
2969 2804 3017 2848 et
3048 2797 3101 2849 in
3131 2794 3211 2850 Do

1677 2886 1820 2942 mino
1860 2901 2076 2955 sperans
2123 2903 2227 2941 non
2275 2886 2654 2941 commovebar.
2702 2886 3027 2959 Necessario
3074 2887 3226 2958 igitut

1676 2993 1774 3049 spe
1811 2994 1864 3033 In
1895 2977 2063 3035 Deum
2099 2996 2158 3036 se
2188 2980 2456 3058 munivit,
2510 2995 2740 3050 seseque
2772 2979 3006 3046 incusat,
3040 2986 3099 3033 ut
3144 2980 3238 3049 qui

1673 3072 2031 3137 commoveri,
2076 3073 2266 3138 everti,
2302 3088 2366 3127 ac
2400 3072 2664 3127 inﬁrmari
2702 3072 2897 3128 valeat.
2935 3070 3129 3127 Verum
3172 3074 3238 3126 li--

1675 3163 1867 3219 denter
1889 3180 1968 3231 se,
2001 3165 2073 3221 ob
2102 3180 2253 3237 spem
2288 3166 2342 3219 in
2374 3166 2563 3228 Deum,
2614 3165 2749 3223 nihil
2799 3165 2925 3220 mali
2948 3180 3237 3236 passurum

1677 3258 2027 3331 asseverabat
2059 3278 2074 3315 :
2110 3266 2339 3315 noverat
2360 3258 2507 3314 enim
2531 3274 2689 3330 ,spem
2737 3276 2846 3315 non
2881 3258 3238 3324 contundere,

1601 3335 1643 3393 (ἶ
1678 3349 1976 3406 secundum
2004 3351 2323 3422 Apostolum
2348 3352 2421 3407 ³⁸.

1740 3443 1906 3500 Vens.
1939 3444 1994 3507 2,
2023 3445 2077 3499 3.
2110 3444 2290 3499 Proba
2311 3462 2411 3511 me,
2440 3444 2684 3514 Domine,
2714 3456 2763 3502 et
2806 3455 2951 3515 tenta
2985 3462 3110 3502 me:
3142 3462 3238 3500 ure

1668 3554 1817 3592 renes
1844 3552 1983 3591 meos
2022 3546 2072 3591 et
2105 3554 2195 3592 cor
2220 3553 2411 3593 meum.
2442 3536 2704 3602 Quoniam
2747 3536 3114 3591 misericordia
3145 3544 3238 3589 tua

1669 3639 1790 3684 ante
1816 3629 1994 3684 oculos
2026 3646 2167 3683 meo:
2195 3639 2292 3694 est,
2342 3639 2392 3683 et
2431 3629 2726 3698 complacui
2773 3629 2831 3682 in
2870 3629 3077 3683 veritati
3125 3636 3233 3683 tua.

1667 3719 1787 3775 Non
1832 3720 1989 3790 quasi
2031 3720 2399 3790 jactabundus
2447 3728 2503 3775 et
2550 3721 2727 3775 elatus
2762 3718 2946 3773 animo
2995 3717 3102 3773 hoc
3128 3718 3229 3779 ait.

1652 3809 1845 3869 Proba
1892 3830 1993 3877 me,
2028 3813 2271 3879 Domine,
2299 3823 2349 3869 et
2378 3822 2520 3868 tenta
2547 3830 2627 3867 me
2658 3829 2677 3867 :
2720 3829 2812 3867 ure
2842 3828 2987 3868 renes
3013 3828 3154 3868 meo:
3185 3822 3237 3867 et

1667 3926 1757 3965 cor
1785 3925 1976 3973 meum,
2014 3908 2107 3963 sed
2136 3909 2297 3980 quasi
2347 3909 2403 3963 in
2455 3908 2704 3963 oratione
2733 3907 3063 3977 postulando
3116 3922 3176 3961 se
3205 3923 3235 3959 a

1669 4002 1779 4058 Deo
1802 4004 1924 4074 igne
1946 4002 2186 4073 purgari.
2217 4002 2264 4058 si
2297 4001 2513 4072 quidem
2546 4000 2869 4071 purgatione
2896 4008 3075 4071 egeat.
3120 3998 3235 4054 Ro-

1664 4106 1757 4168 gat
1786 4096 1950 4167 igitur
1982 4092 2201 4167 probari
2234 4104 2290 4150 et
2314 4092 2613 4149 examinari
2663 4108 2829 4162 supra
2873 4102 3232 4148 memoratam

1668 4205 1823 4246 suam
1843 4192 2125 4253 virtutem,
2145 4204 2250 4259 qua
2274 4184 2569 4259 praeclarus
2593 4195 3061 4242 commonstratus
3104 4193 3188 4240 est
3214 4203 3230 4251 ;

1666 4276 1775 4338 non
1812 4282 1937 4352 sibi,
1970 4282 2065 4338 sed
2110 4281 2205 4338 Dei
2239 4277 2627 4337 misericordiae
2677 4277 2941 4333 confisus.
2994 4275 3093 4339 Ita,
3153 4276 3234 4329 in-

1667 4376 1805 4447 quit,
1841 4384 1893 4431 te
1924 4374 2113 4451 Deum,
2145 4382 2405 4445 tuamque
2435 4368 2867 4428 miscricordiam
2895 4384 3008 4439 pra:
3053 4369 3231 4423 oculis

1666 4483 1883 4538 semper
1916 4467 2142 4531 habens,
2172 4469 2337 4522 vitam
2367 4479 2542 4519 meam
2572 4462 2935 4531 universaque
2960 4474 3124 4535 opera
3150 4460 3231 4514 sic

1664 4562 1897 4627 institui,
1947 4569 2004 4616 ut
2033 4560 2425 4630 complacerem
2478 4557 2534 4611 in
2591 4556 2817 4611 veritate
2874 4562 2987 4609 tua.
3042 4552 3231 4624 Neque

1663 4657 1808 4711 enim
1848 4670 1969 4711 cum
1993 4652 2339 4709 simulatione
2360 4649 2619 4721 quadam,
2655 4648 2750 4706 sed
2774 4651 2833 4719 in
2863 4648 3094 4705 veritate
3116 4663 3232 4702 am-

40 4725 107 4812 ξας
132 4734 216 4787 μου
245 4721 343 4785 τὰς
369 4722 602 4795 πράξεις
636 4723 1066 4794 ἐπαιδαγώγουν,
1096 4728 1170 4793 ὼς
1201 4732 1559 4806 εὐαρεστῆσαι

1677 4746 1848 4802 bulavi
1878 4760 1941 4800 ac
1974 4750 2223 4800 versatus
2281 4757 2423 4809 sum,
2480 4740 2686 4812 unique
2726 4740 2839 4797 Deo
2867 4740 3083 4812 placere
3115 4746 3231 4793 stu-

39 4800 78 4852 tv
98 4811 149 4880 τῇ
172 4812 387 4888 ἀληθείᾳ
422 4834 539 4871 σου.
566 4818 640 4871 Οὐ
678 4817 784 4890 γὰρ
818 4817 934 4889 μεθ’
964 4800 1322 4892 ὑποκρίσεως,
1350 4800 1467 4880 an"
1499 4832 1557 4882 ἐν

22 4896 212 4993 ,ἀληθείᾳ
240 4910 619 4984 περιεπάτησα
649 4912 741 4966 καὶ
772 4913 1135 4984 ἀνεστράφην,
1170 4916 1317 4989 μόνῳ
1338 4918 1416 4990 τῷ
1440 4919 1558 4993 Θεῷ

44 4989 342 5083 εΰιρεπῆσαι
370 5003 713 5070 σπουδάζων.

92 5106 185 5161 Οὐκ
208 5112 457 5171 ἐκάθισα
484 5110 634 5188 μετὰ
664 5121 983 5192 συνεδρίου
1014 5124 1426 5193 ματαιότητος,
1460 5128 1555 5182 καὶ
1599 5155 1601 5157 ί

44 5196 146 5288 teni
179 5212 676 5279 παρανομούντων
711 5215 782 5270 οὐ
818 5213 903 5285 μὴ
944 5216 1211 5271 εἰσέλθω.
1262 5218 1554 5288 Ἐμίσησα

42 5282 311 5393 έξκληιζίαν
345 5282 864 5375 πονηρευομένων,
892 5282 1005 5363 Vacat
1028 5308 1177 5379 μετὰ
1223 5282 1463 5366 ἀσεϐῶν
1484 5316 1554 5367 οὐ

43 5386 335 5474 malum.
370 5392 440 5445 Εῐ
465 5410 569 5446 που
594 5396 772 5451 τοίνυν
807 5403 1129 5474 συνήρχοντο
1162 5400 1300 5454 κατά
1332 5402 1392 5456 τὸ
1424 5406 1556 5459 αὐτὸ

48 5463 187 5568 ἂιδρες
220 5475 276 5568 οὐ
318 5481 621 5548 σπουδαῖοι,
652 5487 760 5540 οὐδ’
790 5491 883 5544 ἐπὶ
923 5463 1228 5557 σπουδαίοις
1267 5494 1555 5568 πράγμασι

50 5563 421 5657 οαηδρεὺοντες,
459 5574 554 5627 ἐπὶ
600 5579 850 5648 ματαίοις
893 5583 951 5637 δὲ
977 5586 1070 5639 καὶ
1101 5586 1200 5639 οὐκ
1237 5563 1556 5657 ἀναγκαίοις

50 5656 290 5759 τινωύμενοι
311 5664 406 5737 τὴν
419 5665 667 5759 σύνοδον·
692 5672 933 5742 τούτους,
960 5658 1141 5750 φησιν,
1170 5656 1389 5749 ἔφυγον,
1414 5686 1556 5742 ὥστε

53 5757 103 5816 μη
130 5757 627 5829 πμπεριπλέκεσθνιι
669 5762 843 5818 αὐτῶν
886 5770 969 5839 τῇ
1008 5771 1347 5843 ματαιότητι,
1376 5776 1434 5795 “‘
1479 5775 1555 5839 ὡς

100 5904 131 5935 ⁸³
162 5905 289 5968 Hom.
322 5932 382 5980 ν,
416 5916 470 5972 5.

267 6003 535 6069 Pauor”
570 6008 691 6073 Gn.
746 6009 980 6075 XXIII.

1734 5116 1898 5174 Vens.
1933 5116 1987 5181 4,
2020 5118 2072 5172 5⁸.
2111 5116 2235 5173 Non
2275 5118 2387 5173 sedi
2433 5133 2550 5173 cum
2598 5116 2820 5170 concilio
2868 5113 3140 5175 vanitatis.
3173 5123 3225 5168 et

1665 5230 1780 5265 rum
1806 5212 1987 5282 iniqua
2026 5197 2321 5282 gerentibus
2350 5229 2454 5267 non
2490 5209 2737 5264 introibo.
2768 5207 2919 5263 0divi
2948 5206 3225 5260 ecclesiam

1669 5304 2084 5376 mulignantium,
2115 5314 2165 5359 et
2187 5323 2303 5359 cum
2326 5305 2499 5375 impiis
2532 5322 2635 5360 non
2657 5302 2857 5357 sedebo.
2897 5297 3081 5353 Sicubi
3115 5313 3223 5352 una

1662 5396 2013 5454 convenirent
2032 5398 2134 5451 viri
2161 5382 2269 5452 noli
2300 5398 2465 5468 frugi,
2493 5412 2667 5468 neque
2689 5396 2755 5450 de
2782 5392 2938 5447 bonis
2964 5390 3224 5459 operibus

1663 5492 1950 5551 consilium
1988 5493 2279 5563 agitantes,
2316 5492 2414 5547 sed
2437 5492 2504 5547 de
2530 5492 2684 5546 vanis
2728 5504 2791 5542 ac
2820 5501 2930 5540 non
2964 5499 3219 5540 necessa-

1662 5590 1759 5645 riis
1788 5587 1951 5643 rebus
1981 5587 2037 5640 in
2065 5594 2210 5642 coetu
2235 5602 2335 5643 suo
2361 5591 2782 5656 pertractantes;
2812 5582 2890 5644 ab
2913 5580 2991 5643 is,
3018 5577 3218 5649 inquit,

1661 5680 2015 5752 refugiebam,
2051 5687 2109 5735 ut
2138 5696 2207 5735 ne
2253 5680 2443 5732 talium
2491 5676 2769 5732 hominum
2810 5672 3037 5729 vanitati
3069 5688 3215 5727 com-

1662 5774 1942 5843 miscerer,
2071 5781 2131 5826 ut
2159 5770 2285 5843 quid
2320 5779 2513 5839 praeter
2535 5768 2769 5824 divinam
2797 5768 2967 5838 legem
3002 5764 3221 5838 aggredi

2870 6039 2910 6077 iv
