3960 6342
721 445 828 504 235

1452 451 1719 510 EUSEBII
1756 453 2229 511 CESARIENSIS

2362 454 2420 509 P.
2463 455 2641 508 PARS
2678 430 2837 508 m._‘-
2872 456 3276 506 Μίδεω-ιω.
3816 465 3874 514 ιτ,

720 566 1006 637 auderent,
1034 572 1204 628 multo
1235 573 1408 646 magis
1458 576 1527 632 ab
1575 578 1645 633 iis
1676 578 2037 641 declinabam,
2066 577 2265 634 erroris

2372 580 2462 631 καὶ
2487 577 2634 648 παρά
2659 577 2747 630 τὸν
2774 576 2912 629 θεῖον
2936 577 3095 647 νόμον
3128 578 3327 647 τολμᾷν
3353 578 3473 631 τινὰ
3497 549 3627 649 δρᾷν
3651 597 3662 609 ·
3697 582 3779 635 καὶ
3801 584 3874 634 τοῦ

721 677 832 717 una
861 677 983 717 cum
1005 656 1071 720 iis
1104 665 1496 727 adeundiviam
1519 668 1814 741 refugiens.
1849 670 2009 736 Quod
2029 673 2076 727 si
2099 687 2270 741 quan-

720 752 792 807 do
815 751 1050 810 viderem
1072 756 1284 829 aliquos
1308 767 1507 815 coetum
1532 770 1774 832 agentes,
1800 762 1892 832 qui
1917 778 2021 818 uon
2057 778 2155 832 pro
2179 778 2272 819 va-

719 846 888 903 nitate
928 863 1028 903 nec
1053 864 1151 920 pro
1184 852 1448 923 improbis
1480 856 1737 925 operibus
1762 856 2138 920 convenirent,
2175 856 2271 912 sed

720 952 817 1008 pro
846 946 1027 1010 pravis
1046 950 1100 997 et
1126 943 1309 1014 impiis
1328 944 1671 1016 dogmatibus
1699 949 1754 1002 in
1784 948 2027 1004 ecclesia
2052 964 2274 1020 congre-

631 1080 634 1084 _
720 1041 996 1098 gerentur,
1032 1034 1133 1090 hos
1168 1036 1455 1108 plusquam
1507 1054 1669 1110 supra
1697 1039 1874 1096 dictos
1908 1039 2035 1095 odio
2077 1039 2272 1111 dignos

716 1122 897 1178 rebar.
930 1125 1091 1182 Aliud
1116 1142 1246 1183 vero
1272 1142 1304 1182 a
1325 1144 1490 1201 supra
1516 1132 1829 1187 memoratis
1866 1131 2147 1187 hominum
2177 1147 2271 1204 ge-

714 1217 820 1271 nus
852 1217 1225 1287 conspicatus,
1267 1219 1559 1291 impiorum
1598 1222 1871 1288 videlicet,
1903 1230 1956 1278 et
1981 1226 2073 1294 qui
2098 1222 2266 1279 Deum

714 1321 825 1362 non
853 1314 1102 1373 nossent,
1132 1325 1197 1365 ac
1229 1311 1323 1382 qui
1352 1312 1407 1366 in
1429 1328 1615 1369 errore
1642 1321 1697 1369 et
1720 1314 2025 1371 idololatria
2056 1316 2265 1371 voluta-

714 1405 924 1464 rentur,
956 1399 1025 1455 ab
1055 1400 1121 1458 iis
1147 1403 1494 1477 secedebam;
1533 1405 1609 1460 ita
1634 1414 1695 1460 ut
1726 1423 1794 1463 ne
1826 1409 2015 1464 sedere
2047 1409 2267 1481 quidem

714 1505 838 1545 cum
868 1490 935 1547 iis
967 1492 1186 1561 vellem,
1214 1509 1315 1551 nec
1343 1495 1437 1551 diu
1486 1513 1608 1552 cum
1642 1498 1711 1553 iis
1763 1500 1984 1563 morari,
2032 1516 2102 1556 ne
2159 1518 2266 1572 qua

2371 688 2493 732 τους
2558 669 2636 722 ἔτι
2692 666 2888 738 μᾶλλον
2942 666 3159 737 ἔφυγον,
3214 670 3640 740 παραιτούμενος
3678 672 3768 743 τὴν
3809 676 3873 743 ap,

2372 762 2550 825 αὐτοῖς
2591 762 2669 824 είς
2714 742 2812 830 τὴν
2845 761 3049 830 πλάνην
3096 762 3316 816 είσοδον.
3359 763 3467 815 Καὶ
3497 763 3550 815 εἴ
3583 780 3709 816 ποτε
3731 742 3794 821 ίδὲ
3822 742 3874 819 id

2375 868 2480 922 ρων
2535 850 2984 921 ἐκκλησιάζοντάς
3038 868 3222 916 τινας,
3279 854 3369 905 καὶ
3424 854 3522 906 οὐκ
3562 856 3652 907 ἐπὶ
3707 860 3874 924 parati

2369 958 2528 1012 τητος
2566 944 3009 1012 συνερχομένους,
3037 942 3150 995 ἀλλ’
3185 944 3290 996 οὐδ’
3333 945 3424 997 ἐπὶ
3476 947 3803 1018 παρανόμοις
3836 951 3874 1019 ἒς

2369 1051 2521 1103 γοις,
2560 1034 2673 1087 ἀλλ’
2719 1035 2813 1087 ἐπὶ
2846 1039 3103 1107 πονηροῖς
3148 1037 3241 1090 καὶ
3285 1037 3503 1091 ἀσεϐέσι
3547 1040 3817 1111 δόγμασιν,
3863 1046 3874 1095 ἐ

2369 1124 2627 1196 ἐκκλησίᾳ
2669 1124 2829 1195 δῆθεν
2874 1128 3390 1198 συγκροτουμένους,
3456 1128 3675 1194 τούτους
3724 1132 3782 1201 δὴ
3825 1134 3874 1202 μί

2348 1213 2523 1267 λιστα
2554 1214 2703 1285 παρὰ
2745 1216 2871 1277 τοὺς
2912 1216 3305 1287 προλεχθέντας
3348 1218 3537 1288 μίσους
3564 1218 3746 1285 ἀξίους
3764 1206 3874 1293 lim:

2372 1322 2497 1377 μην.
2524 1307 2634 1361 Καὶ
2673 1306 2857 1379 ἕτερον
2898 1308 2955 1361 δὲ
2999 1308 3184 1380 τάγμα
3232 1311 3384 1381 παρά
3421 1312 3492 1364 τὰ
3532 1312 3874 1384 προλελεγμέκ

2352 1396 2539 1463 εἰδὼς,
2573 1399 2633 1453 τὸ
2664 1399 2771 1452 τῶν
2818 1400 3047 1465 ἀσεϐῶν,
3096 1402 3202 1454 τῶν
3245 1403 3334 1455 τὸν
3381 1401 3511 1457 Θεὸν
3569 1403 3643 1474 μὴ
3693 1406 3874 1459 είδότω

2368 1489 2827 1564 είδωλολατρείαις
2851 1494 2944 1548 καὶ
2968 1494 3141 1567 πλάνῃ
3164 1494 3608 1565 καλινδουμένων,
3630 1496 3874 1568 ἀνεχώροι

2367 1582 2563 1647 αὐτῶν,
2615 1584 2691 1648 ὡς
2740 1585 2873 1656 μηδὲ
2918 1584 3200 1657 βούλεσθαι
3249 1588 3429 1652 αὐτοῖς
3483 1589 3874 1657 συγκαθέζεσθα

2323 1740 2329 1751 ⁸
2370 1675 2492 1746 μηδ’
2534 1674 2625 1729 ἔπί
2674 1676 2806 1730 πολὺ
2844 1679 3230 1751 συγχρονίζειν,
3274 1680 3346 1752 μὴ
3390 1682 3498 1751 ἄρα
3532 1699 3615 1745 τις
3658 1682 3719 1749 ἐξ
3758 1685 3874 1737 dimi

2366 1769 2572 1837 γένοιτό
2604 1788 2693 1841 μοι
2724 1771 3002 1841 μετάδοσις
3026 1772 3276 1838 ἀσεϐείας
3296 1791 3309 1804 ’
3339 1773 3419 1827 διὸ
3444 1774 3585 1846 φημί
3606 1792 3621 1804 ⁸
3643 1776 3755 1831 Kal
3785 1793 3874 1846 per

2371 1862 2605 1917 ἀσεϐῶν
2631 1865 2702 1918 οὐ
2733 1862 2819 1932 μὴ
2854 1863 3097 1919 καθίσω.

777 1978 937 2037 Vens.
1012 1987 1130 2040 6-8.
1215 1983 1433 2038 Lavaba‘
1493 1984 1630 2038 inter
1707 1986 1999 2039 innocentes
2078 2002 2265 2042 manus

2434 1977 2695 2047 Νίψομαι
2723 1976 2792 2031 ἐν
2840 1976 3051 2044 ἀθώοις
3096 1977 3203 2045 τὰς
3250 1979 3451 2049 χεῖράς
3493 2000 3632 2052 μου,
3689 1984 3793 2038 καὶ
3831 2003 3874 2037 xz

708 2068 870 2138 meas,
921 2082 974 2127 et
1000 2072 1338 2128 circumdabo
1373 2076 1543 2129 altare
1571 2084 1740 2139 tuum,
1778 2076 1999 2132 Domine
2029 2079 2047 2131 ἐ
2076 2088 2136 2131 at
2169 2095 2265 2132 au-

2364 2065 2578 2121 κλώσω
2607 2068 2674 2122 τὸ
2697 2068 3126 2137 θυσιαστήριόν
3167 2088 3304 2135 σου,
3330 2074 3523 2141 Κύριε,
3544 2075 3649 2129 τοῦ
3675 2076 3873 2131 ἀκοῦσ

708 2164 851 2219 diam
878 2181 1049 2221 vocem
1098 2162 1295 2232 laudis,
1350 2176 1400 2223 et
1454 2186 1692 2224 enarrem
1724 2172 1965 2226 universa
1993 2170 2264 2225 mirabilia

2363 2157 2565 2229 φωνῆς
2586 2160 2892 2228 αἰνέσεως,
2927 2163 3022 2215 καὶ
3051 2161 3448 2233 διηγήσασθαι
3472 2165 3668 2222 πάντα
3700 2170 3776 2223 τὰ
3800 2173 3874 2222 θα⁴

709 2265 819 2311 tu.
847 2253 1097 2322 Domine,
1126 2257 1291 2312 dilexi
1325 2258 1562 2314 decorem
1586 2259 1772 2316 domus
1818 2270 1941 2325 tum,
1973 2271 2038 2316 tet
2093 2262 2262 2316 locum

2362 2251 2548 2319 μάσιά
2592 2268 2727 2307 σου.
2776 2256 2975 2322 Κύριε,
3027 2254 3311 2326 ἠγάπησα
3358 2258 3718 2328 εὐπρέπειαν
3759 2263 3874 2316 οἷκί

707 2328 1059 2403 habitationis.
1084 2349 1267 2420 gloria,
1294 2360 1418 2407 tuae.
1452 2350 1510 2406 In
1545 2353 1779 2407 circuitu
1816 2352 2153 2409 tabernaculi
2182 2355 2261 2409 tui

2363 2360 2497 2409 σου,
2541 2347 2641 2400 καὶ
2671 2349 2857 2401 τόπον
2882 2347 3270 2419 σηκώματος
3297 2351 3479 2419 δόξης
3518 2369 3657 2407 σου.
3701 2356 3874 2407 Κυκλι

707 2437 1123 2504 obambulando,
1159 2440 1389 2513 hymnos
1439 2443 1751 2497 emittebam
1802 2458 1901 2514 pro
1954 2444 2258 2510 sacriﬁciis,

2364 2453 2457 2490 σου
2490 2437 2551 2491 τὸ
2575 2438 2973 2512 θυσιαστήριον,
3002 2440 3201 2513 ὕμνους
3233 2444 3541 2515 ἀνέπεμπον
3574 2445 3696 2499 ἀντὶ
3720 2446 3874 2499 θυσία

708 2536 765 2583 ut
798 2529 865 2584 ab
889 2528 1203 2587 hominibus
1237 2548 1268 2588 e
1324 2534 1507 2588 vicino
1542 2536 1736 2605 positis
1773 2536 2133 2606 audirentur,
2186 2538 2259 2592 ita

2362 2530 2453 2584 καὶ
2475 2531 2573 2600 τὴν
2596 2530 2733 2602 ἐμὴν
2758 2531 2935 2604 φωνὴν
2960 2533 3225 2605 ἀκουστὴν
3242 2535 3465 2593 ἐποίουν
3480 2538 3590 2599 τοῖς
3611 2535 3874 2606 πλησιάζε

707 2626 767 2673 ut
797 2634 986 2678 omnes
1039 2637 1229 2678 vocem
1275 2628 1453 2679 meam‘
1482 2633 1533 2681 te
1562 2626 1948 2703 celebrantem,
2008 2643 2072 2684 ac
2097 2644 2260 2685 enar-

2362 2636 2466 2685 σιν,
2501 2617 2640 2674 ῶστε
2675 2621 2878 2686 πάντας
2905 2621 3121 2675 ἀκούειν
3160 2622 3257 2694 τῆς
3286 2622 3424 2693 ὲμῆς
3463 2622 3645 2693 φωνῆς
3675 2622 3873 2676 αἰνούσ

705 2719 914 2768 rantem
946 2712 1199 2769 universa
1233 2714 1501 2770 mirabilia
1556 2726 1649 2770 tua
1700 2717 2088 2774 auscultarent.
2123 2717 2258 2772 Nam

2362 2728 2420 2765 σε
2468 2712 2557 2765 τὸν
2601 2713 2727 2766 Θεὸν
2772 2716 2865 2767 καὶ
2910 2714 3268 2786 διηγουμένης
3314 2715 3489 2769 πάντα
3531 2713 3602 2768 τά
3649 2713 3874 2785 θαυμάο

704 2803 758 2858 in
786 2802 1003 2875 hymnis
1054 2803 1121 2860 ad
1172 2804 1251 2860 tui
1281 2805 1492 2861 laudem
1541 2809 1903 2877 concinnatis,
1940 2810 2258 2866 admiranda

2362 2821 2472 2859 σου.
2529 2804 2614 2857 Ἐν
2645 2804 2751 2876 γὰρ
2785 2808 2896 2877 τοῖς
2953 2809 3029 2871 είς
3064 2806 3123 2861 σὲ
3165 2806 3352 2878 ὕμνοις
3401 2808 3874 2880 συμπαρελάμϐαν

702 2906 849 2969 gesta
880 2905 974 2953 tua
1006 2913 1115 2953 una
1142 2900 1561 2968 complectebar,
1618 2917 1739 2972 quae
1786 2904 2004 2972 proavis
2054 2904 2260 2960 nostris

2362 2896 2456 2961 τὰς
2484 2896 2789 2969 Θαυμασίας
2822 2915 2914 2951 σου
2947 2899 3192 2970 πράξεις,
3218 2899 3284 2962 ἃς
3310 2900 3555 2967 ἐνεδείξω
3578 2904 3693 2965 τοῖς
3738 2904 3874 2972 ἠμειι

702 2988 1014 3046 exhibuisti.
1046 2989 1233 3061 Neque
1261 2991 1523 3047 duntaxat
1544 2992 1723 3048 'altare
1746 3004 1898 3048 tuum
1933 2996 2254 3062 circuibam,

2364 3006 2476 3060 ροις
2509 2990 2896 3062 προπάτορσιν,
2932 2993 3004 3045 Οὐ
3054 2992 3214 3062 μόνον
3239 2993 3294 3045 δὲ
3321 2993 3381 3046 τὸ
3426 2992 3819 3067 θυσιαστήριόν
3848 3009 3874 3045 ο

703 3079 794 3137 sed
823 3088 995 3137 totam
1024 3098 1242 3153 quoque
1285 3083 1507 3138 domum
1563 3092 1710 3137 tuam
1763 3084 1956 3152 dilexi,
2008 3086 2253 3151 Domine,

2362 3079 2643 3145 ὲκύκλουν,
2688 3080 2821 3133 ἀλλὰ
2862 3082 2955 3134 καὶ
3000 3081 3176 3135 πάντα
3209 3081 3297 3135 τὸν
3328 3078 3473 3136 οἶκόν
3517 3099 3607 3135 σου
3639 3083 3874 3152 ήγὰπηο

704 3170 1043 3242 maximeque
1069 3170 1319 3230 decorem
1359 3171 1502 3242 ejus,
1540 3174 1632 3243 qui
1676 3174 1732 3228 in
1776 3174 1882 3245 piis
1912 3176 2258 3248 dogmatibus

2362 3171 2529 3240 Κύριε
2553 3188 2565 3201 ’
2604 3172 2697 3224 καὶ
2727 3172 2913 3225 τούτου
2955 3172 3186 3242 μάλιστα
3212 3173 3309 3245 τὴν
3334 3173 3665 3249 εὐπρέπειαν
3693 3174 3874 3245 Θεωρς

703 3268 756 3316 et
790 3262 1153 3328 sermonibus,
1185 3277 1399 3318 necnon
1433 3264 1490 3319 in
1514 3262 1775 3322 divinitus
1807 3266 2022 3324 traditis
2066 3268 2259 3324 lectio-

2363 3263 2529 3335 μένην
2556 3264 2613 3317 ὲν
2638 3262 2882 3316 εὐσεϐέσι
2905 3263 3135 3335 δόγμασι
3158 3265 3250 3317 καὶ
3273 3262 3467 3331 λόγοις,
3501 3263 3558 3318 ἔν
3578 3281 3637 3317 τε
3668 3268 3793 3329 τοῖς
3828 3266 3874 3319 ei

703 3354 864 3409 uibus
894 3361 1191 3425 spectatur.
1225 3354 1398 3411 Decor
1447 3365 1628 3413 autem
1670 3357 1868 3415 domus
1919 3358 2013 3415 Dei
2071 3356 2254 3426 fuerit,

2362 3353 2645 3417 πνεύστοις
2669 3354 3102 3426 ἀναγνώσμασιν.
3128 3353 3443 3427 Εὑπρέπεια
3465 3354 3519 3407 δὲ
3546 3354 3629 3424 εἴη
3655 3354 3763 3408 τοῦ
3792 3358 3874 3409 ora

647 3446 659 3457 '
702 3445 1139 3501 convenientium
1170 3455 1419 3514 ornatus,
1457 3449 1734 3522 inculpata
1771 3452 1903 3519 vita,
1954 3452 2259 3527 multitudi-

2362 3444 2451 3499 τοῦ
2477 3446 2609 3500 Θεοῦ
2644 3448 2735 3501 καὶ
2758 3449 2785 3501 ὁ
2806 3448 2913 3500 τῶν
2940 3448 3341 3520 συνερχομένων
3363 3448 3583 3518 κόσμος,
3619 3447 3649 3499 ὃ
3675 3465 3741 3501 τε
3778 3447 3873 3518 βίοι

703 3536 787 3592 nis
817 3536 1092 3603 honestas,
1141 3547 1442 3597 concentus
1493 3549 1547 3596 et
1593 3541 1883 3597 concordia
1925 3558 2259 3598 concurren-

2362 3538 2720 3610 ἀνεπίληπτος
2744 3540 2837 3594 καὶ
2864 3539 2925 3593 τὸ
2955 3539 3177 3625 κόσμιον
3205 3538 3298 3593 τοῦ
3326 3539 3579 3611 πλήθους,
3606 3541 3707 3599 καὶ
3746 3543 3783 3612 ἡ
3814 3543 3874 3610 6;.

639 3655 641 3657 ι
700 3630 859 3685 tium.
888 3627 991 3686 Sed
1024 3632 1281 3702 quoniam
1318 3633 1409 3689 vel
1430 3633 1561 3702 ipsa:
1590 3633 1785 3690 domus
1813 3635 1991 3701 sedes,
2019 3636 2088 3691 ob
2110 3651 2260 3691 amo-

2362 3630 2597 3703 φροσύνη
2653 3631 2762 3687 τῶν
2804 3633 3225 3705 συνερχομένων.
3283 3632 3417 3687 Ἀλλ’
3475 3632 3595 3685 ἐπεὶ
3650 3634 3756 3687 καὶ
3815 3632 3874 3721 αἱ

700 3721 775 3778 ris
805 3714 932 3795 erga
962 3721 1129 3779 Deum
1156 3726 1548 3796 praestantiam,
1578 3726 1851 3797 religiosis
1879 3728 2076 3782 animis
2108 3743 2261 3782 ama-

2362 3727 2551 3797 ἔδαφος
2583 3728 2647 3781 δι’
2673 3729 2975 3802 ὑπερϐολὴν
3000 3729 3099 3801 τῆς
3128 3729 3263 3800 πρὸς
3288 3727 3419 3781 Θεὸν
3452 3726 3675 3798 ἀγάπης
3712 3720 3874 3797 ἀγατ

700 3811 837 3869 biles
891 3820 1041 3880 sunt,
1087 3815 1297 3871 etiamsi
1340 3815 1569 3871 diversa:
1615 3817 1725 3873 sint
1772 3830 1801 3869 a
1834 3816 2034 3871 tradito
2062 3817 2257 3874 domus

2362 3817 2448 3872 τὸν
2470 3818 2722 3889 τυγχάνει
2742 3820 2860 3881 ταῖς
2892 3817 3156 3886 φιλοθέοις
3192 3816 3409 3887 ψυχαῖς,
3436 3814 3621 3885 ἕτερον
3669 3814 3737 3867 ὃν
3792 3830 3874 3866 πα

702 3901 794 3958 Dei
826 3903 1041 3971 decore,
1083 3907 1275 3963 merito
1322 3906 1541 3979 adjecit,
1593 3916 1644 3962 et
1697 3908 1871 3964 locum
1915 3910 2257 3967 habitationis

2362 3910 2453 3983 τὴν
2484 3911 2829 3964 ἀποδοθεῖσαν
2854 3910 2982 3980 ἡμῖν
3006 3908 3330 3979 εὐπρέπειαν
3352 3904 3445 3958 τοῦ
3467 3905 3619 3963 οίκου
3642 3906 3751 3957 τοῦ
3783 3905 3873 3957 Θει

714 1580 847 1635 mihi
875 1596 939 1638 ex
971 1595 1162 1638 eorum
1210 1595 1506 1656 congressu
1550 1588 1844 1658 impietatis
1873 1592 2128 1664 contagio
2156 1593 2258 1649 hae-

714 1678 873 1729 reret.
908 1670 1086 1740 Quare
1107 1675 1233 1730 dico
1269 1695 1281 1730 :
1310 1685 1498 1731 etcum
1530 1679 1707 1750 impiis
1734 1697 1839 1736 non
1861 1680 2065 1738 sedebo.

701 3995 881 4068 gloria:
910 4006 1034 4052 tute.

770 4107 936 4169 Vens.
966 4109 1054 4177 ll,
1104 4110 1192 4166 12.
1232 4108 1344 4182 Ego
1387 4100 1564 4168 autem
1608 4114 1666 4168 in
1695 4115 1993 4187 innocentia
2026 4134 2142 4171 mea
2175 4117 2258 4171 in-

701 4216 907 4271 gressus
937 4216 1113 4255 sum:
1155 4201 1354 4257 redime
1380 4219 1481 4270 me,
1512 4202 1755 4271 Domine,
1788 4215 1836 4261 et
1864 4208 2106 4262 miserere
2126 4208 2256 4262 ‘mei.

702 4292 800 4349 Pes
826 4310 969 4349 meus
1001 4294 1141 4349 stetit
1170 4294 1227 4348 in
1260 4293 1478 4362 directo,
1506 4296 1559 4350 in
1588 4296 1821 4353 ecclesiis
1857 4292 2154 4355 benedicant
2189 4310 2255 4367 te,

2358 4002 2578 4067 εἰκότως
2595 4002 2851 4070 ὲπιλέγει’
2875 3998 2983 4054 Καὶ
2998 3994 3570 4077 τόποκσκηγώματος
3584 3993 3791 4063 δόξης
3810 4010 3874 4048 σι

2443 4115 2585 4185 Ἐγὼ
2619 4114 2687 4168 δὲ
2724 4114 2793 4168 ἐν
2821 4112 3038 4179 ἀκακία
3072 4129 3189 4181 μου
3230 4110 3589 4179 ἐπορεύθην
3621 4110 3874 4178 λύτρωε

2356 4225 2450 4278 με,
2485 4191 2682 4275 Κύριε,
2711 4206 2807 4260 καὶ
2837 4204 3093 4272 ἐλέησόν
3123 4220 3219 4273 με.
3264 4204 3316 4257 Ὁ
3351 4200 3503 4269 ποῦς
3524 4217 3646 4271 μου
3677 4200 3857 4269 ἔστη

2359 4302 2654 4368 εὐθπύτητι,
2706 4297 2777 4351 ἐν
2817 4297 3167 4364 ἐκκλησίαις
3211 4294 3524 4365 εὐλογήσω
3571 4309 3669 4356 σε,
3738 4298 3874 4364 Κύι

700 4386 939 4441 Domine.
975 4387 1424 4459 Quandoquidem
1466 4388 1634 4460 igitur
1666 4406 1771 4460 qua
1815 4406 2070 4449 mensura
2100 4394 2259 4448 meti-

2371 4394 2523 4449 Ἐπεὶ¹
2547 4392 2723 4445 τοίνυν
2760 4384 2804 4458 ᾧ
2837 4389 3016 4461 μέτρῳ
3042 4379 3873 4455 μετροῦμενἀντιμετρηθήσε¹

698 4495 839 4545 mur,
868 4466 1168 4538 remetiatur
1194 4482 1363 4545 nobis,
1395 4491 1449 4539 et
1482 4483 1538 4537 in
1564 4498 1673 4555 quo
1691 4482 1901 4555 judicio
1922 4484 2255 4554 iudicamus,

2362 4480 2521 4549 ἡμῖν,
2549 4479 2641 4532 καὶ
2686 4481 2741 4532 ὲν
2856 4477 3079 4550 κρίματι
3108 4475 3384 4547 κρίνομεν,
3414 4472 3848 4545 κριθησόμεθα,

696 4574 752 4629 in
781 4574 969 4631 eodem
989 4574 1360 4645 judicabimur
1383 4577 1462 4645 ’9;
1495 4576 1617 4633 ideo
1656 4576 1968 4648 frequenter
1994 4578 2258 4632 innocen-

2362 4571 2514 4627 τοῦτο
2558 4570 2793 4642 συνεχῶς
2833 4572 2930 4642 τὴν
2972 4569 3203 4624 ἀκακίαν
3246 4567 3627 4642 προϐάλλεται,
3680 4570 3874 4622 του-τέ

695 4664 825 4718 tiam
857 4665 1129 4735 proponit,
1161 4664 1214 4719 id
1240 4674 1344 4732 est,
1376 4662 1642 4722 malorum
1671 4645 2020 4732 oblivionem,
2047 4674 2102 4723 et
2120 4668 2257 4727 Ioles

2362 4666 2457 4738 τὴν
2484 4663 2783 4737 ἀμνηστίαν
2820 4662 3025 4729 κακῶν,
3069 4663 3163 4717 καὶ
3193 4662 3291 4733 τὴν
3322 4660 3457 4733 πρὸς
3496 4662 3622 4723 τοὺς
3656 4662 3754 4725 εἰς
3792 4664 3874 4716 αὑ

697 4758 932 4813 rantiam
978 4752 1561 4831 mansuetudinemque
1590 4776 1719 4833 erga
1751 4776 1845 4817 eos
1878 4762 1970 4832 qui
2026 4761 2081 4816 in
2148 4760 2259 4815 sei-

2362 4760 2739 4833 ἡμαρτηκότας
2767 4757 3111 4824 ἀνεξικακίαν
3129 4774 3144 4787 ο
3179 4755 3253 4820 ὡς
3274 4755 3339 4810 ἂν
3367 4756 3457 4808 καὶ
3480 4755 3641 4817 αὐτὸς
3674 4756 3803 4824 τῆς
3844 4759 3873 4809 ίἾ

695 4865 852 4922 psum
888 4857 1282 4920 peccaverant,
1341 4858 1402 4905 ut
1425 4866 1607 4920 parem
1643 4854 1858 4923 et'ipse
1890 4867 1988 4925 pro
2018 4852 2256 4907 admisso

2362 4857 2508 4929 παρὰ
2532 4856 2626 4910 τοῦ
2670 4844 2802 4910 Θεοῦ
2829 4855 2979 4925 τύχοι
3006 4854 3308 4926 ἀμνηστίας
3336 4854 3427 4906 ἐπὶ
3451 4850 3528 4923 τῷ
3560 4853 3874 4923 συμϐεϐτη

694 4950 877 4995 errato
908 4938 1300 5010 indulgenti-am
1350 4938 1445 4994 Dei
1499 4943 1873 4998 nanciscatur.
1927 4942 2019 4999 Sic
2058 4958 2254 5014 preca-

2362 4948 2503 5019 αὐτῷ
2536 4949 2826 5019 σφάλματι.
2856 4947 2966 5000 Καὶ
3004 4946 3175 5000 ταῦτα
3211 4943 3488 5007 ἱκετεύσας
3520 4943 3863 5011 ὲπιθειὰζει

652 5014 659 5021 ’
695 5042 808 5094 tus,
854 5030 1042 5086 divino
1092 5032 1267 5086 sancti
1296 5041 1358 5089 ct
1407 5033 1709 5106 prophetici
1750 5033 1985 5106 Spiritus
2028 5034 2255 5090 numine

2362 5014 2497 5109 ἀγίιρ
2529 5014 2622 5091 καὶ
2648 5014 2968 5108 προφητικῷ
2984 5033 3263 5103 Πνεύματι
3295 5030 3468 5098 λέγων
3491 5029 3649 5101 ἑξῆς·
3694 5031 3769 5085 Ὀ
3806 5052 3874 5091 :z.

694 5122 927 5189 afﬂatus,
971 5125 1046 5177 ita
1098 5125 1291 5195 pergit,
1314 5136 1413 5196 'pes
1439 5144 1581 5182 meus
1621 5130 1763 5183 stetit
1805 5132 1859 5185 in
1894 5112 2092 5187 direéto
2134 5147 2153 5185 :
2200 5130 2255 5183 in

2362 5148 2473 5199 μου
2501 5130 2649 5197 ἔστη
2684 5130 2753 5182 ἐν
2787 5129 3079 5194 εὐθύτητι,
3125 5125 3195 5178 ἐν
3222 5122 3573 5191 ἐκκλησίαις
3613 5122 3873 5195 adjoin}

694 5216 923 5272 ecclesiis
954 5216 1253 5274 benedicam
1277 5228 1344 5283 te,
1368 5219 1609 5285 Domine.
1632 5221 1975 5280 vaticinatur
1996 5225 2141 5281 enim
2171 5238 2252 5287 se,

2362 5236 2455 5286 σε,
2494 5222 2686 5289 Κύριε.
2720 5217 3058 5292 Προφητεύει
3097 5213 3227 5285 γὰρ,
3266 5214 3368 5278 ὅτι,
3397 5214 3447 5266 εί
3477 5212 3570 5266 καί
3605 5230 3757 5268 ποτε
3799 5218 3874 5287 γέ

694 5310 797 5366 etsi
855 5309 1088 5379 pedibus
1142 5326 1534 5384 nonnunquam
1585 5316 1941 5382 vacillaverit,
1973 5332 2038 5372 ac
2072 5324 2254 5371 motus

2362 5331 2446 5366 vev
2473 5316 2530 5367 ὲν
2560 5316 2673 5376 τοῖς
2711 5312 2866 5368 ποσὶν
2900 5308 3063 5363 αὐτοῦ
3099 5306 3263 5369 σάλος
3291 5304 3384 5359 καὶ
3413 5303 3598 5368 κλόνος
3637 5307 3752 5360 καὶ
3814 5312 3874 5363 κύ

694 5417 1100 5473 succussusque
1134 5403 1319 5469 fuerit,
1343 5421 1620 5477 nunquam
1651 5384 1829 5463 ta’men
1859 5408 1913 5463 in
1950 5409 2036 5464 bis
2066 5409 2254 5478 lapsu-

2362 5423 2478 5469 σις’
2522 5405 2634 5458 ἀλλ’
2666 5404 2725 5457 οὐ
2770 5405 3015 5455 πεσεῖται
3058 5398 3149 5451 ἐπὶ
3191 5396 3425 5460 τούτοις,
3473 5396 3749 5467 στήσεται
3803 5400 3874 5456 Si

696 5508 837 5565 rum,
887 5492 981 5549 sed
1012 5496 1374 5551 constitutum
1424 5499 1477 5551 in
1510 5500 1743 5563 directo,
1792 5506 1955 5570 atque
2005 5498 2251 5554 futurum

2362 5498 2629 5569 εὐθύτητι,
2677 5494 2881 5568 μέλλων
2926 5494 2984 5546 ὲν
3017 5488 3331 5567 ἐκκλησίαις
3364 5489 3601 5558 εὐλογεῖν
3643 5488 3757 5544 τὸν
3810 5494 3873 5545 6η

695 5599 817 5640 esse
842 5592 900 5639 ut
924 5585 979 5639 in
1009 5586 1257 5644 ccclesiis
1276 5588 1558 5645 benedicat
1587 5590 1849 5657 Domino;
1886 5590 1970 5645 his
1998 5604 2254 5661 praenun-

2362 5590 2455 5661 τὴν
2486 5589 2572 5643 διά
2603 5587 2790 5643 πασῶν
2814 5585 2922 5639 τῶν
2945 5583 3246 5667 ἐκκλησιῶν
3275 5583 3368 5636 τοῦ
3390 5582 3526 5637 Θεοῦ
3562 5582 3822 5654 μνήμην
3855 5584 3874 5639 ἐ

698 5676 834 5734 tians
881 5677 1120 5734 futuram
1171 5681 1258 5737 sui
1311 5682 1368 5739 in
1418 5683 1664 5741 ecclesiis
1712 5684 1809 5738 Dei
1865 5683 2182 5739 memoriam
2236 5701 2249 5735 :

2362 5679 2452 5736 τοῦ
2484 5680 2945 5755 προαναφωνήσας
2968 5694 2981 5707 ·
3024 5679 3103 5742 είς
3128 5676 3208 5731 ἔτί
3234 5675 3361 5745 γοῦν
3390 5676 3485 5729 καὶ
3526 5674 3807 5744 σήμερον
3860 5694 3874 5731 2

764 5885 808 5917 "
847 5885 1031 5943 Matth.
1065 5906 1138 5944 vn
1162 5933 1175 5960 ,
1208 5889 1243 5942 9
