3966 6344
735 404 845 463 259

1470 402 1739 461 unseen
1774 398 2249 460 cmsammsrs
2284 397 2438 456 ore.
2478 397 2657 456 rans
2696 400 2782 455 lli.
2822 434 2891 444 _
2925 374 3334 459 EXEGETICA.
3862 408 3943 459 stu

738 522 937 580 Verum
978 521 1070 592 qui
1123 518 1253 575 talia
1285 528 1477 576 contra
1530 536 1617 577 me
1647 519 1943 576 machinati
1980 525 2143 583 sunt,
2182 531 2271 573 cur

2375 517 2474 575 .rd
2521 519 2881 591 καταφαγεῖν
2920 520 3026 587 τὰς
3070 519 3302 590 σάρκας
3340 536 3475 590 μου.
3519 518 3657 575 Ἀλλ’
3703 523 3754 575 οἱ
3802 522 3943 575 ταῦτα

733 614 844 685 jam
876 611 1110 685 proximi
1148 612 1405 669 carnibus
1438 614 1576 670 meis
1610 614 1877 669 instarent
1905 652 1920 679 ,
1975 611 2163 667 nescio
2192 624 2301 682 quo

736 716 896 778 pacto
923 723 1041 779 quae
1070 708 1126 764 in
1162 723 1249 764 me
1286 715 1599 780 perpetrare
1632 706 1884 763 meditati
1928 704 2145 761 fuerant
2167 747 2182 771 ,
2235 718 2300 760 ea

734 800 853 871 ipsa
875 802 1117 873 perpessi
1144 809 1288 859 sunt.
1318 800 1455 855 Nam
1502 814 1607 865 me,
1638 799 1834 871 inquit,
1861 812 2051 856 contra
2084 814 2181 855 eos
2208 799 2297 855 ni-

734 893 811 948 hil
840 892 1219 966 aggrediente,
1251 894 1353 964 ipsi
1392 894 1650 963 inﬁrmati
1681 902 1832 959 sunt,
1884 902 1934 948 et
1980 892 2294 948 ceciderunt.

733 983 1044 1053 Enimvero,
1087 998 1147 1043 ut
1178 994 1361 1058 aperte
1390 988 1590 1059 liquet,
1624 988 1764 1044 lucis
1790 1003 1923 1044 meae
1976 986 2298 1044 servatoris-

729 1095 834 1148 que
862 1083 966 1137 mei
1009 1096 1209 1137 arcana
1249 1081 1540 1155 divinaque
1581 1082 1779 1139 virtute
1821 1080 2073 1138 debellati
2106 1088 2162 1137 et
2202 1080 2297 1137 de-

729 1171 870 1241 pulsi
903 1181 1063 1239 sunt,
1095 1182 1156 1230 ut
1187 1192 1292 1231 una
1314 1182 1421 1249 ego
1460 1179 1527 1233 ab
1557 1175 1771 1232 insidiis
1800 1190 1990 1232 eorum
2017 1176 2294 1246 eriperer;

728 1263 971 1339 nihilque
999 1268 1184 1325 damni
1214 1270 1536 1342 acciperem,
1566 1279 1621 1328 et
1652 1271 1761 1328 illis
1792 1285 2010 1343 quoque
2042 1270 2294 1326 utilitatis

727 1356 1004 1428 quidpiam
1026 1360 1303 1418 obveniret
1322 1377 1433 1429 ;~ac
1464 1361 1744 1418 debilitata
1762 1363 2075 1419 eorumdem
2104 1362 2294 1434 nequi-

730 1448 826 1513 tia,
852 1448 905 1504 id
932 1450 1125 1508 saltem
1155 1452 1295 1508 lucri
1340 1455 1713 1526 perciperent,
1762 1462 1822 1511 ut
1870 1470 1938 1511 ne
1979 1455 2051 1511 ob
2081 1456 2289 1510 illatum

723 1542 857 1597 mihi
910 1543 1329 1613 detrimentum,
1381 1563 1571 1605 eorum
1627 1549 1944 1620 improbitas
2008 1564 2291 1606 accresce-

722 1639 824 1688 ret.
859 1630 917 1688 ln
946 1634 1273 1705 quibusdam
1294 1611 2087 1709 exemplaribus-inscribitur:
2123 1611 2313 1695 Psat-i

721 1744 834 1782 mus
866 1726 1085 1785 Davidis
1114 1733 1419 1804 priusquam
1451 1732 1712 1790 (iniretur.

788 1819 955 1878 Vens.
992 1824 1048 1879 4.
1097 1820 1267 1879 Unam
1295 1827 1421 1895 petii
1441 1844 1474 1881 a
1499 1826 1725 1881 Domino
1748 1866 1764 1892 ,
1800 1829 1934 1881 hanc
1982 1828 2244 1899 requiram
2268 1869 2283 1895 ,

715 1922 774 1966 ut
805 1914 1087 1971 inhabilem
1116 1918 1171 1972 in
1199 1918 1356 1974 domo
1403 1918 1620 1973 Domini
1658 1920 1898 1974 omnibus
1930 1919 2111 1974 diebus
2166 1921 2284 1976 vita:

714 2016 983 2072 mete,'ut
1023 2008 1229 2064 uideam
1286 2009 1604 2080 uoluptatem
1658 2010 1911 2077 Demini,
1973 2021 2024 2066 et
2080 2013 2283 2067 visitem

714 2098 966 2169 templum
1008 2099 1145 2170 ejus.
1182 2097 1395 2155 Domini
1441 2100 1810 2171 pulchritudo,
1845 2117 1908 2157 ac
1934 2101 2098 2157 decor
2124 2102 2283 2157 volu-

698 2197 980 2263 ptasque,
1030 2191 1088 2247 in
1139 2192 1302 2248 domo
1353 2191 1449 2249 Dei
1481 2194 1858 2266 conspicitur,
1921 2194 2170 2250 videlicet
2223 2194 2281 2249 in

711 2281 953 2340 Ecclesia
985 2282 1137 2354 ejus;
1195 2284 1358 2357 idque
1389 2296 1611 2357 propter
1641 2286 1901 2342 divinitus
1930 2286 2159 2343 traditas
2191 2302 2281 2343 sa-

708 2388 943 2445 crasque
991 2373 1349 2446 disciplinas,
1403 2375 1601 2446 quibus
1631 2389 1759 2431 vera
1814 2374 1953 2430 inest
2007 2361 2279 2430 sermdnis

709 2466 1075 2539 pulchritudo,
1106 2483 1267 2525 verus
1298 2468 1482 2534 decor,
1509 2468 1564 2524 in
1602 2484 1710 2540 quo
1739 2468 1823 2525 vel
1863 2472 1979 2540 ipse
2008 2466 2153 2524 Deus
2181 2466 2277 2522 de-

708 2559 940 2615 lectatur
979 2574 1043 2616 ac
1090 2572 1361 2617 versatur.
1392 2559 1578 2633 Neque
1610 2575 1641 2616 a
1671 2575 1801 2618 vero
1830 2560 2199 2625 aberraveris,
2224 2559 2270 2615 si

706 2648 957 2706 decorem
992 2649 1143 2706 illum
1175 2650 1523 2723 dixeris_esse
1554 2660 1907 2724 temperatam
1932 2652 2272 2723 probamque

706 2742 891 2809 vitam,
928 2757 994 2800 ac
1029 2751 1276 2800 sanctum
1326 2745 1634 2802 institutum
1671 2746 1950 2803 hominum
2003 2746 2096 2818 qui
2144 2746 2271 2801 reli-

703 2837 863 2909 gione
895 2852 960 2894 ac
989 2839 1189 2910 pietate
1214 2849 1569 2899 exornantur.

769 3015 936 3074 Vsus.
976 3019 1031 3083 5,
1067 3019 1123 3075 6.
1165 3019 1427 3087 Quoniam
1478 3018 1753 3074 abscondit
1797 3036 1879 3074 me
1923 3021 1978 3074 in
2025 3020 2270 3075 taberna-

701 3112 816 3166 culo
843 3127 862 3167 :
892 3112 946 3166 in
970 3111 1054 3167 die
1075 3113 1334 3167 malorum
1377 3114 1604 3183 protexit
1643 3127 1722 3166 me
1753 3111 1807 3167 in
1841 3110 2148 3168 abscondito
2184 3123 2267 3167 ta-

703 3201 972 3256 bernaculi
1000 3204 1105 3258 sui.
1150 3202 1217 3258 In
1250 3214 1401 3273 petra
1452 3203 1707 3259 exultavit
1756 3219 1856 3259 me.
1909 3201 2036 3259 Haec
2083 3204 2267 3257 omnia

700 3294 832 3350 mihi
881 3294 1128 3352 Salvator
1160 3312 1316 3353 meus
1355 3297 1581 3370 largitus
1611 3304 1731 3363 est,
1777 3296 1905 3351 dum
1954 3298 2269 3367 appropiant

699 3402 854 3456 super
881 3404 961 3444 me
985 3396 1243 3457 nocentes,
1273 3399 1330 3444 ut
1369 3390 1528 3444 edant
1558 3405 1742 3444 carnes
1772 3404 1937 3443 meas.
1977 3386 2084 3458 Ipsi
2117 3402 2272 3442 nam-

697 3496 804 3552 que
825 3481 1083 3559 inﬁrmati
1113 3491 1244 3540 sunt
1281 3493 1336 3541 et
1363 3484 1677 3540 ceciderunt
1708 3501 1722 3538 :
1759 3498 1859 3555 ego
1889 3489 2070 3537 autem
2103 3480 2158 3535 in
2186 3488 2269 3534 ta-

697 3576 994 3633 bernaculo
1024 3576 1278 3634 habitans
1304 3578 1530 3633 dextera
1577 3578 1697 3649 ejus
1737 3575 2068 3650 eontegebar
2090 3615 2105 3640 ,
2140 3574 2268 3646 quia

696 3670 905 3728 scilicet
952 3672 1011 3727 in
1054 3670 1287 3728 desertis
1340 3672 1476 3728 locis
1509 3678 1641 3726 tunc
1674 3671 1935 3743 temporis
1967 3668 2262 3734 versabar,

695 3764 842 3835 quod
875 3764 1115 3820 nondum
1145 3766 1377 3821 excitata
1404 3763 1601 3821 domus
1634 3762 1847 3821 Domini
1874 3770 2059 3829 esset,
2089 3776 2267 3833 neque

695 3856 959 3927 templum
979 3855 1099 3927 ejus
1126 3865 1383 3914 exstaret.
1414 3855 1521 3914 Sed
1562 3857 1679 3929 ipse
1718 3858 1955 3929 protexit
1980 3872 2066 3913 me
2097 3856 2153 3912 in
2177 3854 2265 3911 die

694 3948 984 4014 malorum,
1027 3947 1083 4004 id
1111 3958 1214 4015 est,
1250 3957 1495 4027 tempore
1526 3952 1967 4022 persecutionum
1999 3959 2055 4007 et
2086 3957 2263 4006 tenta-

693 4043 934 4110 tionum;
991 4056 1101 4097 non
1144 4042 1251 4097 alio
1298 4043 1351 4097 in
1383 4043 1523 4109 loco,
1557 4058 1717 4113 quam
1750 4044 1804 4098 in
1829 4043 2154 4100 abscondito
2183 4051 2265 4097 ta-

692 4135 973 4192 bernaculi
1005 4135 1111 4193 sui.
1146 4134 1385 4206 Hujusce
1415 4151 1579 4207 porro
1598 4136 1728 4192 dicti
1758 4137 2261 4209 interpretationem

693 4226 1033 4284 mutuaberis
1086 4242 1153 4284 ex
1216 4226 1285 4282 iis
1339 4242 1460 4298 quae
1514 4226 1726 4300 Moyses
1784 4228 1852 4284 de
1909 4229 2262 4286 tabernaculo

690 4319 1056 4392 conscripsit,
1116 4334 1330 4376 necnon
1380 4320 1447 4376 de
1505 4320 1841 4377 tabernaculi
1894 4321 2100 4379 intimis
2141 4338 2261 4394 par-

688 4412 864 4479 tibus,
896 4429 1017 4486 quae
1053 4413 1309 4471 omnibus
1336 4414 1664 4481 inaccessas,
1684 4417 1887 4472 Sancta
1944 4424 2257 4470 sanctorum

688 4508 1044 4563 vocabantur.
1119 4506 1243 4567 Haec
1305 4516 1461 4564 erant
1520 4509 1837 4566 abscondita
1897 4507 2253 4564 tabernaculi.

686 4596 782 4656 Sic
835 4600 1018 4672 itaque
1072 4602 1133 4665 in
1196 4610 1440 4675 tempore
1490 4604 1852 4660 tentationum
1886 4642 1899 4668 ,
1975 4601 2093 4672 ipse
2149 4600 2254 4655 Do-

2375 4610 2451 4664 (αἱ
2481 4608 2670 4681 Σωτὴρ
2702 4608 2971 4663 ἐσκέπασε
2996 4606 3088 4661 καὶ
3109 4605 3391 4679 ἀπέκρυψέ
3408 4619 3476 4676 με
3497 4603 3559 4656 ἐν
3578 4601 3658 4673 τῷ
3673 4601 3850 4658 ἐσωτάτ

689 4696 870 4751 minus
923 4702 978 4751 et
1016 4694 1273 4753 Servator
1338 4715 1492 4755 meus
1554 4698 1800 4771 protexit
1860 4712 1947 4753 me
2006 4702 2061 4751 et
2129 4696 2256 4752 abs-

687 4788 875 4845 condit
949 4788 1005 4843 in
1061 4790 1267 4846 intimis
1342 4792 1680 4847 tabernaculi
1714 4792 1828 4869 'sui
1875 4812 1887 4848 :
1942 4807 2053 4847 non
2108 4789 2256 4862 quod

682 4898 876 4946 revera
919 4882 994 4939 ibi
1040 4899 1126 4940 me
1180 4883 1593 4951 collocaverit,’
1626 4886 1722 4941 sed
1770 4887 1826 4941 in
1867 4886 2062 4942 animae
2108 4893 2253 4940 statu

683 4976 1049 5044 sanctiﬁcato,
1095 4984 1150 5033 et
1193 4992 1224 5031 a
1277 4976 1451 5032 turba:
1496 4976 1796 5048 frequentia
1830 4986 2147 5052 segregate.
2188 4976 2254 5030 Et

682 5070 820 5138 haec,
855 5072 1053 5144 inquit,
1086 5066 1221 5125 mihi
1248 5070 1540 5136 obvenere,
1575 5074 1881 5143 usquedum
1912 5075 2030 5130 dies
2074 5076 2249 5128 malo-

679 5181 801 5221 rum
833 5172 1267 5238 perseverarent,
1300 5165 1599 5221 secundum
1633 5166 1765 5222 illud
1795 5169 1901 5223 alio
1930 5170 1985 5223 in
2022 5170 2143 5224 loco
2168 5167 2251 5223 di-

680 5266 826 5314 ctum
866 5277 879 5313 :
922 5258 1085 5325 Vade,
1112 5257 1338 5328 populus
1372 5276 1536 5325 meus,
1569 5259 1711 5313 intra
1759 5260 1814 5313 in
1840 5262 2099 5321 cubicula
2135 5270 2248 5325 tua,

677 5344 1111 5422 claude’januam
1152 5360 1321 5417 tuam,
1351 5351 1609 5408 absconde
1640 5353 1900 5409 modicum
1927 5356 1995 5411 ad
2025 5373 2252 5412 momen-

681 5464 813 5510 tum,
846 5446 1009 5501 donec
1045 5455 1374 5515 pertranseat
1402 5447 1487 5502 ira
1527 5447 1737 5503 Domini
1770 5449 1837 5505 ιι.
1868 5449 1972 5506 Sed
2001 5468 2125 5507 cum
2163 5466 2249 5506 me

683 5553 788 5591 non
820 5554 1033 5609 semper
1060 5538 1349 5606 occultari,
1391 5554 1567 5611 neque
1612 5541 1667 5595 in
1706 5541 2026 5598 abscondito
2061 5545 2245 5599 taber-

682 5630 859 5683 naculi
895 5631 978 5684 sui
1024 5630 1241 5686 latitare
1268 5631 1450 5697 vellet,
1482 5646 1545 5686 ac
1594 5632 1769 5690 solum
1820 5649 1906 5689 me
1958 5636 2245 5692 utilitatem

678 5736 904 5792 capere;
933 5736 1168 5780 cumoue
1211 5724 1547 5784 decrevisset
1589 5741 1677 5783 me
1708 5726 1830 5783 aliis
1864 5743 2080 5801 quoque
2122 5729 2244 5787 fru-

750 5903 788 5934 ⁸³
830 5900 938 5964 lsa.
976 5918 1120 5972 xxvi,
1153 5904 1243 5962 20.

2401 612 2520 663 κατ’
2554 610 2686 681 ἐμοῦ
2728 610 3119 682 διανοηθέντες,
3151 612 3244 666 καὶ
3285 610 3386 682 ήδη
3428 610 3655 683 πλησίον
3690 614 3943 683 γενόμενοι

2397 699 2503 754 τῶν
2534 701 2681 772 ἐμῶν
2716 702 2953 773 σαρκῶν,
2990 703 3090 755 οὐκ
3129 698 3223 756 οἷδ’
3252 703 3399 766 ὅπως
3438 701 3581 774 ἅπερ
3614 703 3819 775 πρᾶξαι
3848 708 3943 759 κατ’

2398 793 2532 864 ἐμοῦ
2566 776 2935 869 ἷιανενόηντο,
2982 795 3156 851 ταῦτα
3198 796 3560 851 πεπόνθασιν·
3618 796 3804 851 Αὐτοὶ
3839 800 3940 870 γὰρ,

2395 884 2579 957 φησὶν,
2625 887 3006 957 ἡσθένησαν,
3036 888 3135 943 καὶ
3172 889 3421 956 ἔπεσαν,
3473 890 3623 945 οὐδὲν
3666 890 3807 961 ἐμοῦ
3848 883 3943 946 κατ’

2393 980 2569 1035 αὐτῶν
2610 982 2971 1055 ἐνηργηκότος
2994 999 3008 1014 ·
3050 982 3185 1039 ἀλλὰ
3225 983 3424 1056 δηλαδὴ
3468 984 3562 1038 τοῦ
3611 983 3752 1055 ἐμοῦ
3798 988 3943 1054 (parte;

2394 1074 2487 1127 καὶ
2522 1073 2617 1129 τοῦ
2659 1075 2793 1147 ἐμοῦ
2837 1076 3079 1149 σωτῆρος
3105 1076 3399 1150 ἀπορρήτῳ
3424 1078 3517 1131 καὶ
3547 1078 3705 1149 θεῖκῇ
3748 1078 3941 1150 δυνάμει

2394 1166 2515 1219 κατ’
2558 1166 2736 1219 αὐτῶν
2786 1169 3254 1241 στρατευσαμένου
3306 1170 3398 1223 καὶ
3439 1168 3839 1234 καταϐαλόντος
3872 1172 3942 1222 αὐ-

2392 1255 2537 1318 τοὺς,
2574 1256 2637 1308 ἶν’
2662 1256 2771 1326 ἐγώ
2802 1275 2860 1311 τε
2889 1259 3140 1331 ρυσθείην
3166 1259 3265 1330 τῆς
3305 1260 3483 1313 αὐτῶν
3528 1261 3841 1333 ἐπιϐουλῆς,
3871 1265 3941 1316 καὶ

2396 1346 2561 1419 μηδὲν
2604 1347 2876 1421 βλαϐείην,
2921 1351 3074 1405 αὐτοί
3119 1369 3179 1405 τε
3225 1352 3574 1425 ωφεληθεῖεν,
3607 1355 3719 1425 πῆς
3765 1356 3939 1408 ἑαυτῶν

2392 1440 2586 1504 κακίας
2616 1440 3088 1513 ὲξασθενήσαντες,
3124 1444 3478 1515 κερδάναντες
3499 1443 3580 1515 τῷ
3615 1444 3692 1517 μὴ
3721 1444 3819 1517 τὴν
3842 1449 3937 1499 ἐαυ-

2389 1533 2497 1587 τῶν
2531 1534 2761 1606 αὐξῆσαι
2801 1536 3101 1609 μοχθηρίαν
3129 1535 3217 1590 διὰ
3260 1536 3361 1608 τῆς
3390 1539 3510 1591 κατ’
3557 1537 3698 1609 ἐμοῦ
3746 1538 3936 1611 βλάὒης.

2395 1627 2491 1679 Ἕν
2534 1644 2673 1680 τισιν
2714 1629 3138 1700 ἐπιγέγραπται,
3189 1628 3433 1700 Ψαλμὸς
3470 1630 3577 1686 τοῦ
3621 1631 3807 1685 Δαυῒδ
3850 1634 3935 1701 πρὸ

2390 1718 2494 1773 τοῦ
2524 1721 2861 1791 χρισθῆναι.
3814 1738 3824 1745 ·

2462 1811 2620 1866 Μίαν
2666 1813 2986 1883 ᾐτησάμην
3023 1813 3182 1883 παρὰ
3229 1816 3470 1885 Κιφίουι
3522 1818 3759 1887 ταύτην
3801 1816 3923 1887 ἐκϋῑ

2387 1903 2583 1971 τήσω·
2622 1906 2730 1960 τοῦ
2774 1907 3073 1961 κατοικεῖν
3108 1924 3185 1977 με
3210 1908 3279 1961 ἐν
3316 1908 3459 1974 οἴκῳ
3504 1912 3735 1980 Κυρίου
3766 1910 3929 1977 πάσας

2386 1997 2495 2064 τὰς
2535 1998 2757 2068 ἡμέρας
2803 1998 2912 2069 τῆς
2955 1999 3102 2070 ζωῆς
3138 2020 3276 2071 μου,
3326 2004 3431 2058 τοῦ
3460 2005 3706 2074 θεωρεῖν
3746 2024 3821 2076 με
3846 2006 3931 2071 τὴν

2387 2093 2757 2162 τερπνότητα
2784 2091 3028 2162 Kvplov,
3061 2094 3159 2148 καὶ
3191 2094 3657 2152 ἐπισκέπτεσθαι
3685 2099 3795 2152 τὸν
3814 2100 3932 2152 ναίν

2385 2184 2588 2239 αὐτοῦ.
2616 2185 2826 2250 Κάλλος
2857 2186 3060 2258 Κυρίου
3081 2187 3175 2241 καὶ
3205 2186 3503 2259 εὐπρέπεια
3533 2191 3629 2244 nat
3656 2193 3928 2263 τερπνότης

2386 2278 2443 2330 ἐν
2473 2276 2550 2349 τῷ
2591 2279 2724 2350 οἴκῳ
2754 2277 2845 2331 τοῦ
2893 2278 3026 2335 Θεοῦ
3058 2279 3365 2352 θεωρεῖται,
3394 2280 3589 2353 δηλαδὴ
3626 2283 3689 2334 ἐν
3723 2285 3790 2353 τῇ
3833 2283 3928 2336 Ἐκ-

2383 2369 2581 2442 κλησίᾳ
2613 2370 2800 2437 αὐτοῦ,
2843 2370 2930 2425 διὰ
2968 2371 3077 2425 τῶν
3116 2371 3483 2426 θεοπνεύστων
3527 2374 3622 2427 καὶ
3657 2374 3819 2445 ἱερῶν
3848 2392 3925 2442 με·

2384 2459 2659 2533 θημάτων,
2692 2464 2749 2517 ἐν
2781 2455 2862 2527 οἷς
2892 2462 2952 2517 τὸ
2987 2462 3235 2535 ἀληθινὸν
3265 2463 3359 2518 τοῦ
3391 2464 3548 2533 λόγου
3593 2463 3815 2529 κάλλος.
3858 2467 3925 2517 au"

2378 2557 2411 2626 ἡ
2458 2556 2663 2627 ἀληθὴς
2712 2557 3034 2629 εὐπρέπεια,
3163 2558 3256 2612 καὶ
3309 2558 3471 2621 αὐτὸς
3502 2558 3917 2630 ἐπιτέρπεταιὸ

2379 2648 2511 2713 Θεὸς
2538 2649 2631 2703 καὶ
2657 2649 3086 2721 ἐμπο).ιτεύεται.
3132 2651 3245 2704 Οὐκ
3271 2649 3334 2704 ἂν
3364 2650 3421 2705 δὲ
3450 2650 3738 2721 ἁμάρτοις
3766 2650 3907 2720 εὐπρέ

2377 2760 2537 2799 πειαν
2586 2743 2758 2814 λέγων
2804 2746 2896 2798 καὶ
2943 2745 3033 2799 τὸν
3075 2742 3325 2817 σώφρονα
3364 2744 3458 2800 καὶ
3488 2743 3689 2816 σεμνὸν
3724 2744 3831 2814 βίον
3856 2746 3920 2795 καῖ

2376 2839 2554 2892 πᾶσαν
2593 2837 2690 2911 τὴν
2718 2822 2975 2912 ἐνάρετον
3000 2838 3267 2894 πολιτείαν
3294 2838 3402 2893 τῶν
3436 2840 3497 2893 ἐν
3528 2837 3809 2910 θεοσεϐείᾳ
3832 2837 3917 2889 δια·

2376 2935 2709 3005 πρεπόντων.

2448 3032 2567 3084 ’Ότι
2607 3030 2835 3100 ἐκρυψέ
2880 3047 2956 3101 με
2994 3031 3064 3084 ἐν
3113 3027 3345 3099 σκηνῇ
3394 3028 3464 3083 ἐν
3508 3027 3704 3098 ἡμέρᾳ
3754 3024 3914 3081 κακῶν

2372 3123 2675 3178 ἐσκέπασέ
2716 3141 2792 3193 με
2833 3124 2902 3178 ἐν
2944 3126 3266 3194 ἀποκρύφῳ
3309 3120 3421 3191 τῆς
3457 3119 3699 3189 σκηνῆς
3739 3117 3943 3173 autcum

2386 3218 2482 3271 Ἐν
2506 3218 2690 3287 πέτρᾳ
2721 3218 2931 3289 ὕψωσέ
2953 3236 3048 3289 με.
3076 3218 3260 3275 Ταῦτὰ
3287 3236 3376 3290 μοι
3414 3216 3589 3270 πάντα
3620 3212 3911 3285 παρέσχενί
3940 3220 3941 3249 i

2372 3307 2561 3379 Σωτήρ
2595 3326 2695 3379 μου
2719 3309 2789 3362 ἐν
2813 3308 2892 3375 τῷ
2920 3307 3164 3380 ἐγγίζειν
3189 3306 3281 3363 ἐπ’
3318 3306 3423 3377 ἐμὲ
3450 3305 3811 3370 κακοῦντας,
3833 3300 3907 3355 τοί
3938 3316 3939 3339 ι

2370 3401 2581 3470 φαγεῖν
2607 3399 2715 3468 τὰς
2757 3402 2988 3470 σάρκας
3020 3421 3161 3472 μου.
3194 3406 3255 3457 Οί
3293 3402 3388 3474 μὲν
3418 3400 3528 3471 γὰρ
3555 3398 3816 3468 ἠσθένουν
3842 3394 3907 3446 mi

2368 3491 2592 3545 ἔπιπτον
2613 3509 2627 3522 ’
2674 3491 2785 3563 ἐγὼ
2813 3493 2869 3546 δὲ
2911 3494 3015 3546 ὐπὸ
3056 3494 3156 3564 τῆς
3194 3493 3354 3548 αὐτοῦ
3382 3492 3557 3557 δεξιᾶς,
3586 3488 3907 3562 ἐκρυπτόμην
3934 3504 3935 3519 π

2367 3583 2425 3636 ἐν
2452 3585 2621 3654 σκηνῇ
2645 3585 2932 3650 κατοικῶν,
2958 3586 3044 3640 διὰ
3073 3586 3133 3639 τὸ
3160 3588 3216 3639 ἐν
3243 3584 3497 3658 ἐρημίαις
3532 3583 3634 3648 τὰς
3660 3580 3905 3653 διατριϐὰς
3932 3598 3933 3611 ‘

2367 3675 2653 3741 ποιεῖσθαι,
2682 3679 2772 3731 καὶ
2798 3678 2872 3750 μὴ
2899 3678 3039 3749 ἔχειν
3065 3677 3181 3731 τότε
3208 3676 3297 3731 τὸν
3323 3672 3470 3730 οἷκον
3496 3674 3589 3729 τοῦ
3620 3672 3776 3737 Θεοῦ,
3801 3670 3931 3750 urbi;

2364 3770 2453 3825 τὸν
2486 3770 2609 3825 ναὸν
2647 3771 2832 3825 αὐτοῦ.
2869 3771 3025 3824 Ἀλλὰ
3070 3770 3162 3825 καὶ
3200 3769 3475 3823 ἐσκέπασέ
3520 3785 3591 3840 με
3638 3768 3700 3820 ἐν
3730 3770 3791 3837 τῇ
3821 3764 3873 3817 τί

2364 3864 2547 3919 κακῶν
2579 3866 2780 3937 ἡμέρᾳ,
2814 3864 3087 3919 τουτέστιν
3122 3864 3181 3917 ἐν
3206 3862 3381 3935 καιρῷ
3419 3861 3525 3914 τῶν
3554 3860 3805 3931 διωγμῶν
3832 3876 3859 3908 κ

2362 3957 2469 4011 τῶν
2501 3960 2866 4032 πειρατηρίων
2884 3976 2897 3989 °
2926 3958 3025 4013 οὐκ
3053 3955 3283 4028 ἀλλαχοῦ
3313 3972 3437 4020 που,
3463 3953 3575 4007 ἀλλ’
3611 3955 3671 4006 ἐν
3695 3952 3770 4023 τῷ
3794 3953 3812 4003 ci

2364 4050 2556 4123 κρύφῳ
2582 4052 2683 4123 τῆς
2710 4052 2914 4124 σκηνῆς
2952 4049 3138 4104 αὐτοῦ.
3171 4049 3401 4120 Νοήσεις
3432 4047 3488 4099 δὲ
3516 4045 3577 4098 τὸ
3610 4044 3873 4113 λελεγμένο

2362 4144 2469 4198 ἀπὸ
2495 4145 2600 4199 τῶν
2635 4145 2785 4218 παρὰ
2809 4146 3029 4199 Μωῦσεῖ
3055 4143 3180 4216 περὶ
3211 4141 3311 4212 τῆς
3341 4140 3545 4211 σκηνῆς
3576 4140 3895 4206 ἀναγεγρειμ’

2365 4237 2560 4308 μένων,
2597 4239 2689 4292 καὶ
2716 4240 2841 4311 περὶ
2880 4238 2988 4292 τῶν
3027 4235 3281 4290 ἐσωτάτω
3320 4234 3420 4305 τῆς
3452 4232 3657 4303 σκηνῆς
3689 4229 3788 4283 τῶν
3810 4229 3894 4289 rei;

2363 4332 2527 4384 πᾶσιν
2571 4330 2806 4396 ἀϐάτων,
2843 4332 2985 4403 ειπερ
3030 4331 3255 4384 ἐκάλουν
3296 4329 3459 4397 ’Ἅγια
3504 4324 3700 4395 ἁγίων.
3745 4319 3893 4375 Ταῦτα

2360 4424 2468 4495 γὰρ
2493 4418 2560 4494 ἦν
2599 4422 2669 4476 τὰ
2714 4422 3007 4494 ἀπόκρυφοι
3043 4423 3139 4494 τῆς
3176 4418 3399 4492 σκηνῆς.
3433 4416 3591 4471 Οὕτω
3630 4408 3893 4468 τοίνυνκαὶ

2361 4519 2418 4570 ἐν
2464 4515 2543 4587 τῷ
2583 4514 2757 4587 καιρῷ
2801 4514 2909 4569 τῶν
2953 4513 3317 4585 πειρατηρίων
3357 4511 3518 4575 αὐτὸς
3560 4510 3693 4581 ἐμὸς
3725 4508 3891 4578 Κύριαῖ

3830 3798 3843 3817 i

3832 3876 3859 3908 κ

3817 3968 3898 4001 Lm-

3817 4044 3873 4094 ἔνο

3891 4352 3916 4626 γ

3834 4626 3910 4931 ,ᾖ

3859 4931 3904 5115 l

3863 5115 3900 5221 Ι

3870 5475 3892 5571 l

3733 5571 3890 6239 Ἷ

2738 3977 2768 4030 ρ

2774 3960 2836 4013 ίω

2838 3977 2866 4012 ν

2926 3977 2953 4013 0

2959 3976 3025 4011 υκ

3053 3959 3087 4012 ἀ

3089 3957 3151 4009 λλ

3154 3975 3222 4028 ax

3224 3974 3283 4010 ου

3313 3972 3437 4020 που,

3463 3953 3561 4007 ἀλλ

3611 3955 3671 4006 ἐν

3695 3970 3725 4005 τ

3729 3972 3770 4004 ω

3794 3967 3823 4003 α

3828 3968 3898 4001 πο-

3813 4711 3839 4744 κ

3842 4708 3867 4744 α

2359 4702 2456 4772 τῆς
2483 4700 2646 4755 αὐτοῦ
2680 4701 2912 4772 σκηνῆςο
2948 4700 3007 4754 οὐ
3039 4703 3255 4765 πάντως
3282 4700 3340 4753 ἐν
3372 4699 3523 4769 τόπῳ
3548 4699 3679 4769 τοίῳ
3718 4696 3775 4766 δὴ

2356 4796 2648 4865 ταστήσας,
2679 4792 2792 4846 ἀλλ’
2838 4793 2896 4848 ἐν
2928 4791 3104 4865 ψυχῆς
3130 4792 3458 4847 καταστάσει
3494 4788 3789 4860 ἡγιασμένη
3815 4803 3840 4836 κ

2353 4890 2452 4962 τῆς
2496 4888 2603 4943 τῶν
2649 4889 2858 4943 πολλῶν
2903 4889 3207 4959 κοινότητος
3251 4885 3756 4957 ἀποκεχωρισμένῃ.
3800 4883 3837 4935 K

2353 4983 2544 5050 ταῦτα,
2566 4984 2719 5057 φησὶ,
2738 4983 2866 5057 περὶ
2895 4983 2994 5055 ἐμὲ
3025 4982 3251 5049 ἐγίνετο,
3282 4979 3442 5051 μέχρι
3467 4976 3658 5051 καιροῦ
3691 4977 3780 5046 τῆς
3800 4973 3856 5027 τοῖς

2354 5076 2540 5132 κακῶν
2569 5079 2802 5155 ἡμέρας,
2834 5077 2977 5131 κατὰ
2998 5075 3060 5129 τὸ
3096 5072 3418 5144 λελεγμένον
3448 5071 3734 5149 ἐνγέτέροις
3753 5087 3765 5099 ·
3791 5068 3854 5121 Bd

2351 5172 2485 5239 δίζε,
2517 5177 2549 5229 ό
2565 5175 2713 5241 λαός
2736 5192 2877 5245 μου,
2906 5173 3141 5227 εἴσελθε
3171 5172 3259 5236 είς
3281 5168 3354 5223 τὰ
3383 5165 3587 5237 ταμεῖά
3616 5183 3746 5231 σου,
3767 5158 3863 5217 ἀπό

2352 5270 2600 5323 Memor
2618 5268 2733 5339 τὴν
2758 5270 2945 5338 θύραν
2968 5282 3105 5331 σου,
3126 5264 3492 5334 άποκρύὸηθι
3505 5261 3720 5333 μικρὸν
3739 5260 3875 5317 ὅσον.

2349 5360 2460 5428 ἓως
2485 5360 2561 5415 ἂν
2603 5362 2869 5432 παρέλθῃ
2902 5358 3114 5430 η’όργὴ
3154 5359 3393 5428 Κυρίου.
3439 5356 3575 5411 Ἀλλ’
3613 5358 3709 5411 οὐκ
3745 5355 3807 5415 είς
3829 5346 3873 5401 τὰ

2351 5456 2613 5522 παντελὲς
2637 5453 2973 5530 κρύπτεσθαι
3005 5471 3070 5526 με
3114 5452 3408 5526 βουληθεὶς,
3436 5452 3542 5507 οὐδ’
3568 5453 3628 5506 ἐν
3671 5447 3742 5519 τῷ
3763 5447 3870 5499 ἀπο*

2349 5550 2541 5621 κρύφῳ
2570 5552 2669 5625 τῆς
2701 5550 2905 5624 σκηνῆς
2934 5548 3094 5603 αὐτοῦ
3134 5548 3433 5607 λανθάνειν.
3461 5548 3555 5601 καὶ
3582 5546 3733 5616 μόνον
3755 5540 3843 5604 ὡεέε

2347 5643 2573 5711 λεῐσθαι,
2606 5647 2872 5719 χρήσιμον
2900 5643 2954 5697 δέ
2994 5643 3087 5698 καὶ
3120 5643 3302 5715 ἕτερον
3329 5641 3660 5710 καταστῆναι
3695 5630 3825 5705 κρίνα

2346 5738 2442 5791 ἐπὶ
2474 5737 2616 5793 τέλει
2656 5738 2757 5805 τῆς
2785 5738 2893 5793 τῶν
2918 5737 3104 5795 κακῶν
3136 5737 3347 5810 ἡμέρας
3376 5737 3446 5791 ἐν
3484 5733 3666 5803 πέτρᾳ
3698 5727 3731 5782 ὕ
