3966 6344
51 436 131 489 ιιι
1179 431 1318 489 ΟΟΜ
1327 431 1568 488 ΜΕΝΤᾹ

1670 459 1682 485 ι
1719 430 1787 487 ΙΝ
1838 429 2181 488 PSALMOS.

3137 434 3245 493 9H

48 564 121 617 με.
152 544 211 599 Ἠ
230 543 411 614 πέτρα
440 545 510 599 δὲ
530 541 627 617 ἦν,
660 546 825 617 φησὶν
849 547 878 601 ό
904 544 1239 609 Ἀπόστολος,
1259 548 1293 599 ὁ
1311 546 1563 613 Χριστός

1690 554 1836 603 ctum
1870 547 2159 601 allaturum
2192 562 2335 611 esse,
2364 552 2551 602 exacta
2578 545 2666 601 die
2687 542 2975 611 malorum,
3013 548 3067 601 in
3099 560 3246 619 petra

57 640 131 690 Ἑν
160 634 260 705 γὰρ
290 636 369 707 τῷ
418 637 582 691 αὐτοῦ
622 637 785 709 λόγῳ,
830 639 920 691 καὶ
950 640 1015 709 τῇ
1049 634 1212 689 αὐτοῦ
1263 635 1445 705 σοφίᾳ,
1490 636 1583 688 καὶ

1689 637 1940 692 exultavit
1970 653 2069 693 me.
2116 637 2281 692 Petra
2321 648 2515 699 autem,
2563 636 2738 706 inquit
2776 636 3090 707 Apostolus,
3131 654 3247 696 erat

48 733 97 800 τῇ
132 728 343 801 δυνάμει
376 732 442 800 τῇ
484 730 734 801 σωτηρίῳ
764 729 945 800 ὕψωσέ
989 746 1055 801 με
1081 730 1110 781 ό
1143 727 1308 782 πάλαι
1344 727 1568 800 ιᾶιποκρό⁴

1687 728 1928 784 Christus
1963 729 2028 783 δ’.
2066 727 2199 783 Nam
2236 729 2401 783 verbo
2448 743 2569 793 suo,
2614 729 2877 793 sapientia
2923 736 2977 783 et
3021 731 3245 788 salutari

46 823 131 892 ῲας
156 823 207 874 ὲν
234 823 297 893 τῇ
341 825 513 893 σκηνῇ
548 822 732 887 αὐτοῦ,
763 823 854 876 καὶ
890 822 1165 885 σκεπάσας
1206 822 1262 874 ὲν
1285 820 1584 892 ἀποκρύφῳ

45 916 126 984 τῆς
150 915 343 985 σκηνῆς
371 914 538 968 αὐτοῦ
572 917 628 969 ὲν
654 914 831 987 ἡμέρᾳ
866 912 1072 968 κακῶν.
1100 913 1445 986 Παραγαγὼν
1475 914 1584 985 γὰρ

45 1009 98 1059 τὰ
133 1007 265 1061 κακὰ
308 1007 404 1060 καὶ
431 1008 523 1062 τὸν
572 1008 759 1080 καιρὸν
796 1004 903 1059 τῶν
942 1004 1151 1077 ἐχθρῶν
1198 1006 1291 1059 καὶ
1324 1006 1430 1059 τῶν
1471 1004 1584 1058 θλι-

46 1101 219 1154 ϐόντων
245 1118 312 1171 με
339 1101 634 1172 πολεμίων,
660 1102 737 1163 είς
778 1098 949 1153 εὔδιον
976 1102 1067 1154 καὶ
1094 1103 1362 1173 είρηνιιῖον
1389 1100 1583 1171 λιμένα

45 1191 365 1260 κατέστησεν,
409 1188 639 1259 ἀγαγών
675 1207 731 1243 τε
774 1191 853 1254 είς
904 1189 964 1243 τὸ
1001 1191 1239 1261 ἐμφανὲς
1278 1190 1368 1244 τὸν
1420 1190 1581 1245 πάλαι

44 1282 478 1354 κρυπταζόμενον,
508 1281 780 1353 μετέωρον
800 1283 969 1354 ὲτᾶγρε
991 1285 1082 1335 καὶ
1107 1282 1305 1355 ὑψηλὸν
1335 1280 1578 1354 ἔστησεν,

132 1377 284 1429 πᾶσιν
326 1374 557 1447 ὁρᾶσθαι
586 1375 678 1427 καὶ
716 1374 867 1448 παρὰ
904 1378 1017 1440 τοῖς
1060 1376 1193 1429 πᾶσι
1242 1374 1578 1440 δοξάζεσθαι,

42 1469 347 1540 ἠδραπμένον
393 1466 487 1521 καὶ
526 1466 983 1539 τεθεμελιωμένον
1026 1470 1081 1523 ἐν
1109 1470 1176 1539 τῇ
1210 1469 1446 1539 ἀρῤαγεϊ
1488 1468 1580 1520 καὶ

42 1560 389 1631 ἀσφαλεστάτη
420 1557 583 1612 αὐτοῦ
614 1558 807 1631 πέτρᾳ.

96 1780 191 1834 Καὶ
213 1779 326 1834 νῦν
348 1780 563 1849 ῦψωσε
589 1779 862 1850 κεφαλήν
883 1798 1002 1849 μου
1037 1781 1129 1835 ἐπ’
1157 1780 1407 1850 ἐχθρούς
1430 1790 1569 1850 μου.

41 1876 237 1944 Νοήσεις
259 1875 560 1945 ἐπιστήσας
580 1874 729 1938 ὅπως
750 1876 958 1947 εἴρηται
984 1874 1133 1945 παρὰ
1154 1874 1230 1944 τῷ
1271 1873 1578 1944 Ἀποστόλῳ

1684 812 1888 877 virtute
1931 836 2030 876 sua
2071 823 2330 877 exaltavit
2360 838 2463 885 me,
2498 823 2589 893 qui
2638 822 2764 875 0"m
2796 822 3157 880 absconderat
3189 827 3242 881 in

1685 914 2039 969 tabernaculo
2066 930 2186 977 suo,
2221 923 2273 970 et
2304 916 2397 985 qui
2431 916 2485 969 in
2515 915 2602 971 die
2647 915 2910 970 malorum
2942 925 3245 985 protexerat

1684 1003 1739 1059 in
1771 1006 2091 1064 abscondito
2117 1007 2451 1063 tabernaculi
2479 1006 2585 1063 sui.
2617 1006 2755 1062 Cum
2787 1011 2927 1064 enim
2955 1008 3247 1063 amovisset

1683 1099 1846 1166 mala,
1885 1108 1940 1156 et
1970 1116 2034 1157 ea
2058 1117 2178 1172 quae
2211 1108 2455 1171 tempore
2506 1100 2851 1155 inimicorum
2901 1108 2956 1157 et
3006 1100 3244 1156 hostium

1682 1204 1769 1245 me
1794 1191 2199 1246 molestantium
2225 1191 2558 1256 acciderant,
2603 1192 2659 1246 in
2699 1191 2997 1263 tranquillo
3034 1200 3086 1247 et
3125 1193 3244 1263 pla-

1681 1280 1804 1337 cido
1836 1294 1999 1351 portu
2030 1299 2115 1340 me
2148 1286 2431 1341 constituit
2468 1304 2483 1341 :
2516 1300 2707 1356 meque
2739 1286 2865 1341 olim
2917 1285 3242 1348 latitantem,

1680 1371 1735 1426 in
1770 1374 2128 1442 conspicuum
2168 1376 2346 1431 locum
2390 1376 2705 1445 deductum,
2740 1377 3026 1434 sublimem
3049 1376 3242 1443 erexit,

1679 1470 1731 1517 et
1761 1465 2038 1519 excelsum
2073 1467 2284 1527 statuit,
2327 1473 2387 1519 ut
2424 1468 2670 1537 omnium
2724 1467 3041 1537 conspectui
3093 1474 3245 1538 pate-

1680 1569 1815 1618 rem,
1853 1555 1921 1609 ab
1948 1556 2205 1611 omnibus
2236 1557 2510 1621 laudarer,
2546 1564 2732 1628 utpote
2760 1559 2816 1613 in
2849 1558 3163 1616 ﬁrmissima
3191 1568 3244 1616 et

1682 1647 1910 1703 infracta
1941 1648 2115 1719 ipsius
2142 1658 2295 1719 petra
2324 1651 2536 1719 positus
2565 1657 2621 1704 et
2649 1649 2929 1707 fundatus.

1751 1762 1819 1817 Et
1840 1781 1974 1818 nunc
1998 1764 2252 1820 exaltavit
2274 1772 2428 1834 caput
2450 1781 2620 1820 meum
2643 1780 2795 1834 super
2816 1765 3052 1820 inimicos
3074 1781 3235 1820 meos.

1678 1839 1991 1931 Perpendas
2015 1859 2176 1916 velim
2202 1875 2309 1931 qua
2340 1861 2608 1916 sententia
2640 1861 2709 1917 ab
2736 1859 2996 1932 Apostolo
3024 1860 3241 1917 dicatur

41 1970 102 2020 τό·
136 1968 269 2033 Ἕως
297 1962 370 2022 οὗ
400 1966 469 2020 τό
498 1967 765 2037 σήμερον
793 1966 1075 2021 καλεῖται.
1114 1964 1269 2019 Οὕτω
1298 1966 1405 2038 γὰρ
1434 1968 1568 2037 ἐρεῖς

1682 1952 1813 2006 illud
1844 1972 1856 2007 :
1886 1951 2063 2007 Donec
2109 1951 2260 2006 hodie
2313 1953 2708 2023 cognominatur
2739 1952 2806 2009 “.
2862 1950 2995 2009 Nam
3049 1952 3238 2009 eadem

41 2061 114 2113 7.1".
146 2060 228 2113 ἐπὶ
260 2060 352 2114 τοῦ
390 2062 659 2132 παρόντος
694 2062 753 2114 τὸ
784 2061 1000 2136 διαρκὲς
1028 2058 1120 2113 τοῦ
1152 2060 1344 2131 χρόνου
1376 2059 1574 2132 σημαί-

41 2151 209 2206 νεσθαι.
267 2152 323 2206 '0
363 2151 477 2224 γὰρ
526 2152 618 2206 τοῦ
662 2152 794 2209 Θεοῦ
837 2150 1141 2222 ἄνθρωπος,
1187 2151 1255 2206 τὰ
1291 2154 1577 2224 νικητήρια

41 2244 151 2296 κατὰ
178 2244 278 2296 τῶν
307 2242 522 2316 ἐχθρῶν
551 2242 806 2312 εἰληφὼς,
853 2243 937 2296 ἀεὶ
968 2244 1067 2314 τῆς
1104 2242 1211 2297 τῶν
1247 2243 1453 2315 ἐχθρῶν
1486 2262 1577 2296 κε-

42 2338 181 2409 φαλῆς
224 2338 495 2408 ἀνώτερος
538 2338 763 2406 γίνεται·
801 2334 970 2401 οὕτως
1014 2337 1107 2390 καὶ
1154 2337 1313 2401 αὐτὸς
1353 2340 1381 2391 ὁ
1420 2336 1577 2391 eam

44 2431 171 2503 μέχρι
206 2430 297 2484 τοῦ
331 2430 597 2502 παρόντος
635 2429 827 2500 χρόνου
861 2416 1145 2499 ἐπαίρεται
1193 2430 1287 2483 καὶ
1326 2429 1573 2499 ὑψοῦται,

42 2522 134 2574 καθ’
175 2521 293 2591 ὅλης
346 2521 448 2592 τῆς
499 2520 825 2592 οἰκουμένης
874 2520 1128 2591 ᾀδόμενος
1180 2522 1273 2575 καὶ
1307 2520 1576 2592 βοώμενος

42 2610 159 2681 παρὰ
188 2612 313 2663 πᾶσι
344 2612 461 2673 τοῖς
489 2609 686 2672 ἔθνεσι,
723 2611 816 2665 καὶ
845 2611 1050 2681 ὖψωταί
1081 2631 1143 2682 γε
1169 2613 1383 2683 ἀληθῶς
1416 2617 1447 2685 ή
1482 2631 1573 2667 κε-

43 2699 153 2768 cuii;
171 2698 324 2752 αὑτοῦ
343 2698 441 2753 ἐπὶ
455 2700 583 2762 τοὺς
600 2699 767 2753 πάλαι
792 2700 1112 2771 γενομένους
1134 2700 1298 2754 αὐτοῦ
1323 2702 1571 2771 ἐχθροὺς,

42 2792 115 2851 τᾶς
149 2790 398 2861 ἀοράτους
434 2790 716 2863 δυνάμεις.
773 2793 832 2846 '0
876 2792 934 2845 δὲ
978 2791 1067 2844 τοῦ
1102 2791 1236 2845 Θεοῦ
1269 2793 1570 2863 ἅνθρωπος,

40 2882 188 2936 τοῦτον
218 2883 451 2954 ὑψωθεὶς
484 2884 574 2938 τὸν
599 2885 817 2957 τρόπον,
851 2886 951 2939 οὐκ
982 2886 1150 2957 ἀργίᾳ
1193 2885 1381 2939 ἑαυτὸν
1406 2885 1572 2955 ξδίδωο

43 2994 122 3039 σιν,
146 2978 256 3032 οὐδὲ
285 2977 552 3050 ἀπραξίᾳ,
584 2978 801 3032 πλείονα
824 2978 879 3032 δὲ
904 2979 1137 3049 σπουδὴν
1177 2978 1303 3049 περὶ
1342 2977 1439 3050 τὴν
1478 2978 1572 3031 τοῦ

40 3070 145 3123 Θεοῦ
182 3070 430 3142 λατρείαν
482 3071 742 3143 εἰσφέρει.
789 3071 881 3125 Διὸ
930 3070 1193 3139 ἐπιλέγει·
1234 3071 1574 3125 Ἑκύκλωσα

41 3164 115 3214 καὶ
134 3163 306 3216 ἔθυσα
327 3163 390 3217 ἐγ
423 3161 502 3231 τῇ
522 3162 726 3232 σκηνῇ
748 3164 931 3219 αὐτοῦ
954 3165 1175 3218 θυσίαν
1198 3162 1568 3233 ἀλαλαγμοῦ.

41 3249 171 3308 Abiu:
194 3255 245 3309 δὲ
271 3251 413 3327 ἦσαν
450 3258 508 3309 αἱ
533 3257 618 3310 διὶι
652 3252 960 3327 φωνῆς’καὶ
989 3257 1265 3328 θεολογίας
1294 3256 1479 3328 ὕμνων
1509 3273 1569 3311 τε

1678 2061 1904 2118 prorsus
1924 2048 2136 2102 ratione
2171 2046 2511 2121 inpraesenti
2555 2045 2817 2117 temporis
2859 2045 3238 2104 assiduitatem

1637 2137 1975 2212 ‘signiticari
2007 2138 2284 2195 fateberis.
2319 2137 2596 2209 Siquidem
2626 2137 2721 2193 Dei
2752 2138 2915 2194 homo
2943 2139 3037 2210 qui
3067 2140 3240 2195 victo-

1676 2232 1769 2289 riae
1792 2232 1858 2288 de
1884 2230 2119 2289 inimicis
2150 2236 2319 2302 partae
2358 2230 2581 2301 praemia
2610 2231 2840 2300 accepit,
2873 2247 3089 2302 semper
3129 2233 3235 2287 ini—

1676 2326 1943 2382 micorum
1974 2324 2139 2396 capiti
2175 2324 2426 2396 superior
2455 2324 2676 2388 eminet,
2713 2322 2792 2378 sic
2822 2329 2875 2379 et
2909 2322 3025 2394 ipse
3066 2327 3235 2384 David

1677 2433 1849 2488 usque
1881 2417 1948 2472 ad
1999 2430 2236 2488 praesens
2274 2422 2490 2485 tempus
2524 2414 2802 2470 extollitur
2847 2425 2900 2469 et
2944 2413 3234 2478 exaltatur,

1676 2525 1773 2580 per
1805 2509 2113 2565 universam
2143 2491 2344 2562 terram
2375 2507 2700 2563 decantatus
2728 2506 3079 2577 omniumque
3102 2522 3234 2578 gen-

1675 2602 1810 2655 tium
1844 2598 2073 2655 vocibus
2105 2598 2432 2662 celebratus,
2463 2605 2517 2653 et
2538 2608 2699 2667 caput
2720 2597 2837 2667 ejus
2867 2610 3055 2654 revera
3084 2600 3239 2655 exal-

1674 2699 1844 2745 tatum
1894 2696 1977 2746 est
2017 2703 2182 2759 super
2214 2703 2403 2743 omnes
2445 2689 2537 2759 qui
2567 2690 2840 2759 quondam
2880 2690 3085 2746 inimici
3115 2691 3237 2761 ejus

1672 2785 1909 2851 iuerant,
1945 2783 2284 2839 adversarius
2320 2782 2580 2836 nimirum
2622 2790 2943 2854 potestates.
2971 2784 3039 2839 At
3071 2784 3236 2841 homo

1670 2878 1765 2933 Dei
1793 2893 1856 2934 ea
1888 2879 2097 2934 ratione
2122 2877 2417 2941 exaltatus,
2453 2889 2562 2929 non
2593 2889 2651 2930 se
2684 2874 2911 2944 ignavia:
2941 2887 3033 2933 aut
3062 2880 3235 2950 segni—

1670 2970 1763 3024 tiei
1786 2968 1973 3034 tradit,
1999 2966 2093 3024 sed
2119 2966 2314 3035 majori
2340 2963 2519 3020 studio
2539 2964 2722 3020 divino
2746 2966 2913 3020 cultui
2944 2967 3230 3027 incumbit.

1670 3059 1851 3127 Quare
1884 3058 2185 3131 subjungit,
2218 3055 2448 3113 Circuivi
2492 3062 2541 3109 et
2576 3054 2847 3109 immolavi
2892 3057 2945 3111 in
2987 3057 3234 3113 taberna-

1669 3155 1790 3210 culo
1824 3154 1937 3224 ejus
1969 3155 2195 3210 hostiam
2236 3155 2596 3224 jubilationis.
2649 3153 2742 3210 Hae
2773 3168 2907 3209 sane
2939 3158 3096 3208 erant
3131 3151 3225 3206 ho-

1671 3248 1790 3304 stiae
1820 3248 2064 3313 vocibus,
2090 3247 2289 3303 divinis
2340 3247 2594 3317 eloquiis,
2644 3244 2882 3317 hymnis,
2928 3245 3227 3316 gratiarum

40 3350 111 3399 nl
140 3349 477 3419 εὐχαριστίας
503 3348 974 3419 ἀναπεμπόμεναι.
1019 3351 1105 3404 Ἑν
1134 3350 1232 3421 μὲν
1256 3346 1348 3404 οὖν
1366 3349 1444 3421 τῷ
1467 3350 1568 3420 πρὸ

1672 3344 1981 3401 actionibus
2009 3344 2243 3399 emissae.
2276 3343 2334 3397 In
2362 3342 2683 3413 praecedenti
2720 3343 2953 3412 psalmo,
2982 3341 3066 3396 vir
3092 3340 3229 3395 divi-

40 3437 186 3490 τούτου
219 3438 417 3509 ψαλμῷ
471 3440 805 3510 μελλητικῶς
855 3440 1161 3494 ἐδιδάσκετο
1212 3441 1387 3509 λέγειν
1428 3441 1457 3492 ὁ
1501 3440 1569 3495 τὰ

42 3528 130 3581 θεῖα
153 3530 542 3601 παιδευόμενος·
586 3533 844 3601 [Viti-quat
877 3532 949 3584 ἐν
983 3530 1193 3597 ἀθώοις
1226 3531 1333 3597 τὰς
1369 3531 1570 3601 χεῖράς

40 3639 143 3688 μετ’,
179 3624 269 3675 καὶ
307 3623 602 3677 κυκλώσω
635 3622 702 3677 τὸ
744 3622 1174 3691 θυσιαστήριόν
1208 3639 1343 3687 σου,
1368 3624 1564 3690 Κύριε·

42 3714 308 3769 ἐνταῦθα-δὲ
338 3716 417 3781 ὡς
437 3716 539 3788 ἤδη
570 3715 851 3788 προκύψας
882 3716 976 3770 καὶ
996 3714 1171 3786 τυχὼν
1190 3713 1291 3785 τῆς
1318 3715 1482 3785 εὐχῆς
1506 3715 1565 3769 τὸ

42 3806 339 3879 ἀποτέλεσμα
384 3809 489 3879 τῆς
541 3809 889 3879 ἐπαγγελίας,
931 3809 1125 3877 ἐπάγει
1171 3807 1361 3876 λέγων·
1403 3807 1566 3860 Ἑκύ-

42 3904 205 3955 Linum
248 3904 343 3957 καὶ
385 3903 582 3958 ἔθυσα
617 3904 688 3957 ὲν
734 3901 808 3972 τῇ
861 3901 1063 3973 σκηνῇ
1113 3900 1299 3955 αὐτοῦ
1344 3901 1565 3954 θυσίαν

40 3991 366 4063 ἁζαλαγμοῦ·
416 3995 516 4048 καὶ
563 3997 621 4049 ἐν
675 3980 791 4066 μὲν
816 3997 931 4059 τοῖς
978 3993 1284 4067 ἔμπροσθεν
1324 3992 1564 4061 ἐλέγετο·

46 4082 127 4135 Tui;
151 4086 391 4141 ἀκοῦσαι
428 4085 642 4156 φωνὴν
675 4086 977 4154 αἰνέσεως·
1023 4083 1254 4141 ἐνταῦθα
1285 4083 1361 4137 δέ·
1400 4086 1561 4155 ’ᾼσω

42 4171 113 4223 καὶ
136 4176 291 4241 ψαλῶ
326 4176 410 4243 τῷ
436 4177 648 4245 Κυρίῳ.

93 4310 464 4375 Εἱσάκουσον,
510 4312 705 4386 Κύριε·²
746 4309 852 4378 τῆς
884 4312 1089 4381 φωνῆς
1128 4330 1266 4382 μου,
1314 4307 1388 4383 ἧς
1431 4309 1559 4365 ἐκέ-

44 4400 205 4465 κιαξα·
246 4403 535 4472 Ἐλέησόν
557 4419 632 4473 με
667 4401 766 4456 καὶ
793 4402 1161 4459 είσὰκουσόν
1187 4422 1329 4475 μου.
1356 4404 1456 4458 Σοὶ
1485 4398 1559 4457 εἷ-

43 4505 126 4541 πεν
144 4494 173 4559 ἡ
194 4494 393 4562 καρδία
419 4492 837 4564 μου·Ἐζήτησέ
868 4512 941 4549 σε
974 4494 1039 4548 τὸ
1070 4498 1391 4565 πρόσωπόν
1412 4513 1555 4565 μου·

42 4580 88 4631 τὸ
110 4586 581 4653 πρόσωπόνησου,
616 4586 809 4652 Κύριε,
848 4584 1095 4653 ζητήσω.
1153 4588 1296 4640 ’Λντὶ
1337 4586 1394 4640 δὲ
1439 4586 1551 4640 τοῦ·

43 4674 114 4725 Σοὶ
129 4671 275 4732 εἶπεν
292 4680 328 4748 ἡ
355 4678 570 4748 καρδία
592 4694 735 4747 μου,
767 4674 1046 4744 Ἐζήτησέ
1067 4694 1139 4733 σε
1156 4679 1220 4732 τὸ
1234 4683 1557 4748 πρόσωπόν

41 4784 143 4832 μου,
175 4771 199 4823 ὁ
231 4772 521 4845 Σύμμαχος
556 4770 878 4841 σαφέστερον
920 4769 1181 4835 ἐξέδωκεν
1218 4771 1403 4827 εἰπών·
1453 4773 1555 4827 Σοὶ

1673 3437 1759 3493 nis
1791 3437 1845 3491 in
1877 3436 2039 3493 rebus
2067 3436 2351 3490 institutus
2376 3434 2493 3488 haec
2517 3434 2583 3488 de
2617 3432 2796 3487 futuro
2823 3431 3007 3487 dicere
3033 3430 3217 3487 edoce-

1669 3521 2058 3584 baturzLauabo
2070 3527 2206 3581 inter
2226 3528 2521 3580 innocentes
2543 3541 2728 3579 manus
2753 3540 2916 3589 meas,
2939 3532 2987 3577 et
3009 3523 3231 3577 circum-

1668 3620 1801 3675 dabo
1828 3620 1996 3674 altare
2022 3628 2189 3685 tuum,
2228 3617 2451 3674 Domine
2480 3618 2525 3651 “
2557 3636 2569 3670 :
2609 3618 2699 3673 hic
2723 3632 2872 3680 vero,
2910 3623 2970 3670 ut
2997 3615 3091 3686 qui
3114 3614 3228 3685 jam

1667 3713 1957 3784 profecerit
1980 3725 2033 3768 et
2065 3714 2320 3783 precibus
2343 3714 2610 3784 promissa
2639 3707 2972 3768 consecutus
2994 3710 3084 3779 sit,
3113 3710 3229 3765 huic

1665 3802 2187 3877 loquiturzCircuivi
2233 3816 2280 3859 et
2323 3806 2590 3860 immolavi
2638 3805 2692 3858 in
2741 3803 3076 3858 tabernaculo
3113 3805 3227 3872 ejus

1664 3898 1887 3952 hostiam
1916 3897 2254 3967 jubilatiunis
2286 3913 2304 3951 :
2334 3905 2389 3953 et
2431 3897 2484 3952 in
2518 3897 2787 3967 superiori
2822 3897 2985 3952 etiam
3018 3895 3229 3966 psalmo

1664 3990 1868 4045 dictum
1896 3997 2001 4057 est,
2030 3989 2098 4047 Ut
2128 3990 2345 4045 audiam
2375 4006 2546 4044 vocem
2579 3989 2755 4053 laudis
2786 3989 2866 4053 ⁸⁸;
2913 3988 3003 4042 hic
3043 3993 3223 4041 autem

1662 4083 1882 4151 dicitur,
1896 4078 2129 4138 Cantabo
2153 4095 2203 4141 et
2231 4084 2495 4155 psalmum
2519 4082 2693 4138 dicam
2724 4081 2969 4136 Domina.

1730 4306 1894 4362 Vens.
1948 4308 2101 4363 7-10.
2148 4306 2378 4373 Exaudi,
2424 4303 2661 4362 Domine,
2704 4316 2876 4354 vocem
2904 4314 3221 4369 meam,qua

1658 4396 1880 4451 clamavi
1895 4397 1962 4450 ad
1984 4406 2030 4451 te
2050 4414 2067 4450 :
2085 4398 2325 4453 miserere
2342 4397 2439 4449 mei
2454 4403 2501 4448 et
2516 4391 2709 4447 exaudi
2728 4407 2826 4444 me.
2849 4389 2967 4444 Tibi
2984 4390 3116 4442 dixit
3132 4406 3220 4443 cor

1657 4493 1847 4552 meum,
1869 4488 2165 4559 Exquisivit
2188 4499 2233 4543 te
2243 4488 2403 4557 facies
2422 4500 2567 4538 mea:
2589 4482 2775 4553 faciem
2795 4490 2961 4545 tuam,
2976 4478 3217 4545 Domine,

1656 4583 1935 4650 requiram.
1956 4580 2088 4650 Ejus‘
2110 4582 2247 4643 loco,
2266 4578 2359 4632 tibi
2378 4577 2510 4631 dixit
2536 4593 2625 4631 cor
2654 4590 2844 4641 meum,
2869 4571 3146 4642 exquisivit
3171 4581 3220 4623 te

1659 4674 1818 4745 facies
1856 4690 1991 4737 mea,
2022 4672 2261 4742 apertius
2291 4668 2652 4742 Symmachus
2692 4671 2773 4724 sic
2808 4666 3217 4734 interpretatur.

1659 4766 1752 4820 tibi
1779 4765 2085 4835 loquebatur
2127 4780 2215 4817 cor
2237 4758 2437 4826 meum.
2474 4772 2519 4816 te
2545 4760 2809 4833 quaerebat
2838 4757 3011 4811 vultus
3052 4768 3217 4807 meus.

45 4842 656 4934 προσελάιέιήήῖιιαρδία
678 4878 815 4933 μου·
836 4861 910 4915 σὲ
928 4860 1113 4928 ἐζήτει
1135 4862 1201 4917 τὸ
1231 4865 1556 4931 πρόσωπόν

1670 4858 1858 4911 \nimac
1887 4855 2083 4927 quippe
2124 4855 2304 4911 vultus
2333 4862 2722 4925 congruentem
2768 4847 2871 4905 sibi
2921 4842 3217 4915 inspectio»

42 4964 140 5011 μευ.
167 4953 232 5006 Τὸ
253 4955 357 5026 γὰρ
383 4957 487 5026 τῆς
514 4955 689 5026 ψυχῆς
723 4954 1012 5025 πρόσωπον
1045 4956 1142 5026 τὴν
1185 4955 1551 5028 ἁρμόττουσαν

1670 4966 1773 5006 rem
1807 4948 2175 5003 desiderabat.
2208 4949 2320 5003 Hoc
2371 4950 2547 5019 ipsum
2577 4944 2791 5017 Moyses
2826 4941 2907 4997 sic
2936 4938 3106 4992 Deum
3140 4936 3220 4989 al—

45 5037 137 5093 θέαν
162 5046 343 5101 ἐπόθει.
376 5048 580 5103 Τούτου
599 5049 655 5102 δὲ
673 5049 766 5102 καὶ
785 5046 1020 5116 Μωῢσῆς
1044 5062 1172 5099 ποτε
1193 5049 1373 5118 τυχεῖν
1396 5045 1546 5116 ἠξίου

1670 5057 1877 5114 oquens
1894 5041 2154 5112 consequi
2186 5040 2495 5112 postulabat
2537 5058 2550 5094 :
2595 5036 2728 5092 Ecce
2773 5034 2942 5090 inveni
2989 5030 3208 5101 gratiam

46 5124 171 5197 λέγων
194 5136 262 5206 τῷ
287 5138 421 5209 Θεῷ·
472 5139 616 5194 Ἰδοὺ
652 5139 878 5209 εὕρηκα
908 5138 1082 5208 χάριν
1114 5139 1368 5193 ἐνώπιόν
1397 5157 1532 5195 σου·

47 5220 314 5289 ἐμφάγισύν
333 5248 434 5297 μοι
477 5233 755 5286 σεαυτόν·
794 5230 1071 5300 πωστῶς
1109 5230 1212 5284 ἴδω
1253 5247 1345 5286 σε·
1392 5233 1540 5297 ὅπως

48 5312 486 5391 ἀνακεκαλυμμένῳ
514 5323 782 5394 προσώπῳ
823 5324 923 5394 τὴν
966 5323 1121 5388 δόξαν
1177 5324 1381 5393 Κυρίου
1415 5342 1545 5379 κατ-

1645 5138 1701 5191 in
1740 5142 2017 5201 conspectu
2065 5144 2154 5188 tuo
2188 5150 2205 5185 :
2236 5130 2446 5186 ostende
2479 5129 2607 5183 mihi
2642 5131 2884 5197 teipsum,
2924 5133 2971 5178 te
2999 5124 3211 5176 scienti!

1646 5225 1848 5284 videam
1882 5225 1961 5292 δ⁸;
1995 5232 2052 5279 ιιι
2085 5224 2318 5279 revelata
2349 5220 2486 5276 facie
2525 5223 2753 5291 gloriam
2786 5214 3000 5271 Domini
3039 5215 3199 5279 intuc.

1652 5328 1818 5377 retur.
1854 5316 2219 5383 Quamobrem
2270 5314 2364 5379 ait,
2407 5314 2597 5382 faciem
2638 5322 2807 5375 tuam,
2840 5310 3088 5371 Domine,
3126 5323 3211 5359 re-

48 5408 308 5479 οπτρίζοιτο,
332 5415 423 5466 Διό
456 5431 608 5484 φησι·
630 5416 699 5469 Τὸ
726 5416 1048 5484 πρόσωπόν
1076 5432 1211 5478 σου,
1236 5418 1429 5485 Κύριε.
1459 5416 1550 5486 ζη-

1670 5411 1897 5483 juiram;
1934 5427 1995 5465 ne
2027 5420 2229 5465 avertas
2281 5407 2468 5476 facient
2513 5417 2652 5459 tuam
2687 5422 2719 5458 a
2750 5421 2850 5459 me.
2884 5402 2940 5457 Si
2968 5401 3112 5456 enim
3148 5401 3213 5455 ad

50 5494 183 5558 ττὶσω·
201 5503 275 5573 μὴ
298 5506 685 5575 άποστρέψῃς
702 5507 764 5559 τὸ
787 5508 1105 5575 πρόσωπόν
1124 5523 1238 5561 σου
1255 5507 1354 5561 ἀπ’
1378 5508 1543 5578 ἐμοῦ.

52 5583 94 5637 Εἰ
115 5593 199 5662 γὰρ
218 5598 288 5661 εἰς
313 5598 477 5667 ἄκρον
501 5597 791 5669 τελειότης,
827 5600 918 5651 καὶ
949 5602 982 5671 ἡ
1016 5597 1153 5652 κατὰ
1180 5597 1311 5652 Θεὸν
1340 5601 1544 5671 ὑστάτη

108 5893 139 5923 “
184 5893 331 5955 iCor.
364 5919 416 5969 x,
446 5906 502 5960 4.
578 5904 628 5939 ⁸⁸
678 5900 838 5962 Hebr.
875 5920 956 5969 ut,
1003 5904 1083 5959 15.

1194 5903 1243 5944 ⁸·
1278 5892 1422 5959 Psal.
1455 5918 1580 5969 xxv,
1612 5901 1663 5957 6.

1654 5518 1967 5574 supremum
1980 5502 2251 5575 perfectio
2279 5500 2573 5561 devenerit.
2609 5513 2742 5555 sane
2762 5498 3001 5577 ultimus
3017 5508 3212 5549 secun-

1654 5597 1780 5651 dum
1808 5594 1975 5653 Deum
2005 5594 2282 5668 profectus
2304 5593 2393 5649 ille
2426 5591 2609 5657 fuerit,
2642 5590 2735 5662 qui
2768 5587 2976 5643 scilicet
3014 5585 3083 5666 ad
3113 5583 3207 5639 Dei

1774 5899 1818 5934 ⁸⁵
1861 5898 1990 5955 ibid.
2038 5899 2086 5953 ’1.
2149 5896 2210 5963 ,⁸⁵
2243 5895 2412 5953 Exod.
2447 5910 2639 5962 xum,
2685 5893 2767 5949 l3.
