3966 6344
747 420 856 477 243

1478 415 1757 473 EUSEBII'
1778 410 2247 471 CESARIENSIS
2284 407 2432 466 OPP.
2471 403 2649 462 PARS
2683 402 2780 488 Ill.
2811 431 2879 483 -τ
2914 392 3318 453 EXEGETlCA.
3666 402 3669 409 '
3828 387 3900 439 ΞΗ

750 537 957 592 vultum
978 531 1226 596 deducit,
1256 541 1330 585 ita
1358 538 1415 584 ut
1435 531 1559 599 quis
1582 529 1692 585 Deo
1717 544 1954 596 praesens
1973 529 2132 592 adsit,
2156 529 2286 598 ejus-

2397 520 2641 591 προκοπὴ
2672 516 2810 585 α’ύτη
2836 514 2899 568 ἀν
2925 512 3151 581 γένοιτο,
3174 510 3207 578 ἡ
3236 505 3329 599 ἐπὶ
3353 494 3723 599 τδπρόσωπον
3743 500 3903 599 me:

749 641 853 693 que
874 624 1089 677 deitatis
1115 621 1284 677 radiis
1307 619 1539 675 fruatur.

814 799 1025 855 Gnarus
1057 808 1499 869 autemperszepe
1543 797 1711 854 Deum
1746 798 1814 853 ab
1851 798 1919 853 iis
1953 797 2047 868 qui
2086 797 2293 851 vultum

743 890 864 960 ejus
884 890 1154 945 sustinere
1175 903 1281 945 non
1306 890 1506 955 valent,
1532 904 1706 959 neque
1732 888 1788 942 iu
1810 900 2035 942 numero
2063 886 2293 939 ﬁliorum

697 981 699 985 ’
743 985 865 1054 ejus
894 978 1295 1053 computantur.
1334 991 1574 1038 avertere
1618 998 1698 1044 se,
1751 995 1814 1036 ac
1842 987 1995 1049 terga
2039 980 2107 1033 iis
2139 993 2295 1033 mon-

743 1086 938 1139 strare,
968 1072 1625 1160 quemadmodumlioysi
1656 1072 1789 1126 dixit
1817 1091 1829 1125 :
1869 1070 2075 1124 Videbis
2117 1079 2288 1138 poste.

743 1170 887 1222 riora
915 1183 1051 1232 mea,
1082 1167 1279 1221 vultum
1321 1177 1494 1220 autem
1538 1180 1707 1218 meum
1754 1179 2082 1241 nequaquam
2127 1163 2292 1230 inspi-

743 1260 846 1312 cies
875 1259 951 1325 ";
987 1268 1043 1314 ut
1072 1275 1140 1314 ne
1167 1259 1480 1317 insimilem
1523 1272 1708 1311 casum
1767 1254 1969 1310 incidat
2000 1255 2049 1310 is
2086 1254 2152 1309 de
2182 1269 2291 1323 quo
2314 1284 2326 1296 -

738 1352 851 1419 jam
888 1344 1087 1415 Sermo,
1132 1351 1215 1407 bis
1249 1352 1427 1408 verbis
1460 1350 1725 1421 supplicat
1766 1347 2125 1416 obsecratque
2157 1366 2169 1400 :
2208 1344 2291 1400 Ne

744 1451 946 1498 avertas
992 1444 1176 1512 [aciem
1208 1452 1352 1497 tuam
1390 1457 1421 1495 a
1468 1456 1595 1495 me:
1637 1457 1697 1495 ne
1751 1439 1979 1492 declines
2037 1438 2089 1491 in
2139 1439 2222 1489 ira
2254 1453 2288 1489 α

741 1551 886 1589 servo
922 1544 1029 1589 tuo.
1059 1533 1284 1603 Adjutor
1305 1549 1447 1587 meus
1482 1542 1612 1597 esto,
1647 1547 1709 1585 ne
1749 1529 1969 1599 abjicias
2002 1545 2101 1593 me,
2132 1544 2291 1598 neque

739 1624 947 1680 deseras
995 1643 1095 1689 me,
1134 1626 1275 1680 Deus
1318 1626 1563 1680 Salvator
1610 1641 1773 1678 meus.
1828 1623 2092 1688 Quoniam
2141 1629 2290 1689 pater

740 1734 883 1772 meus
909 1727 957 1772 et
997 1726 1162 1771 mater
1208 1733 1321 1772 mea
1366 1717 1748 1785 derelique'unt
1782 1729 1883 1777 me,
1912 1712 2162 1765 Dominus
2193 1727 2289 1765 au-

630 1856 639 1866 .
742 1818 839 1867 tem
864 1811 1147 1879 assumpsit
1184 1826 1287 1863 me.
1316 1807 1393 1863 Ne
1434 1823 1519 1863 me
1561 1822 1774 1862 servum
1805 1815 1979 1869 tuum,
2020 1803 2163 1875 quod
2202 1812 2288 1857 ta-

2389 614 2483 667 τοῦ
2506 608 2661 671 Θεοῦ,
2684 608 2758 670 ὼς
2783 602 3116 676 παρεστάναι
3147 596 3294 667 αὑτῷ
3321 594 3412 650 καὶ
3438 593 3549 648 τῶν
3580 594 3900 663 μαρμαρυγῶι

2391 704 2487 773 τῆς
2520 697 2682 753 αὑτοῦ
2714 696 2963 766 θεότητος
2990 688 3297 747 ἀπολαύειν.

2462 787 2630 851 Εἰδὼς
2661 787 2738 849 δὲ,
2760 787 2839 839 ὅτι
2860 782 3116 845 πολλάκις
3142 782 3170 833 ό
3192 779 3324 842 Θεὸς
3351 776 3457 832 ἀπὸ
3484 774 3595 829 τῶν
3626 776 3701 846 μὴ
3720 773 3895 847 χωρούν

2389 897 2496 935 των
2509 879 2569 932 τὸ
2582 876 2742 932 αὑτοῦ
2759 876 3042 949 πρόσωπον
3061 872 3191 944 μηδὲ
3208 869 3361 936 ἔξιων
3376 868 3501 941 (sic)
3519 867 3601 941 [ἐξ
3612 865 3764 937 υίῶν]
3777 869 3905 920 αὐτοί

2390 973 2577 1036 ὄντων,
2615 969 2947 1041 ἀποστρέφει
2980 966 3188 1029 ἑαυτὸν,
3221 964 3289 1018 τά
3318 962 3460 1017 νῶτα
3491 959 3685 1016 ἑαυτοῦ
3712 959 3906 1023 δεικνὺς,

2391 1063 2576 1136 ὥσπερ
2607 1059 2699 1116 οὖν
2725 1061 2803 1132 τῷ
2834 1061 3059 1114 Μωῦσεῖ
3085 1058 3287 1126 ἐλεγεν·
3320 1056 3484 1124 Ὄψει
3508 1053 3581 1108 τὰ
3602 1054 3791 1107 ὀπίσω
3800 1070 3905 1122 μου,

2388 1153 2455 1207 τὸ
2484 1152 2551 1207 δὲ
2579 1151 2900 1220 πρόσωπόν
2920 1166 3038 1218 μου
3074 1149 3184 1215 οὐκ
3219 1143 3543 1215 ὀφθήσεται
3588 1159 3707 1197 σοι·
3747 1143 3807 1195 ἶν’
3841 1139 3907 1195 οὖν

2393 1245 2466 1315 μὴ
2493 1244 2648 1297 τοῦτο
2681 1240 2842 1295 πάθοι
2877 1241 2906 1292 ό
2940 1238 3028 1294 διὰ
3064 1237 3170 1291 τῶν
3202 1234 3571 1307 προκειμένων
3596 1233 3905 1305 δηλούμενος,

2391 1334 2619 1412 ἱκετεύει
2666 1334 2761 1388 καὶ
2815 1332 2988 1386 δέεται
3036 1329 3245 1398 λέγων·
3290 1327 3388 1395 Μὴ
3429 1323 3816 1393 ἀποστρέψας
3859 1327 3907 1377 τὸ

2388 1427 2707 1495 πρόσωπόν
2743 1440 2857 1479 σου
2905 1424 3008 1478 ἀπ’
3050 1420 3224 1491 ἐμοῦ·
3256 1418 3341 1489 μὴ
3374 1418 3661 1485 ἐκκλίνῃς
3692 1416 3763 1471 ἐν
3795 1416 3908 1485 dmi

2387 1517 2503 1572 ἀπὸ
2536 1515 2641 1570 τοῦ
2672 1515 2893 1569 δούλου
2920 1529 3054 1568 σου.
3074 1510 3299 1578 Βοηθός
3321 1525 3437 1579 μου
3464 1507 3662 1579 τενοῦ,
3692 1506 3778 1577 μὴ
3797 1506 3907 1560 ἀπο-

2387 1608 2755 1675 σκορακίσῃς
2792 1621 2888 1675 με,
2935 1600 3032 1656 καὶ
3065 1599 3144 1670 μὴ
3172 1597 3689 1669 ἐγκαταλίπῃςκμε,
3735 1599 3771 1665 ό
3798 1596 3907 1660 Θεὸς

2388 1700 2421 1751 ό
2450 1696 2651 1764 Σωτήρ
2675 1713 2813 1765 μου.
2845 1695 2963 1748 Ὀτι
2992 1696 3024 1747 ό
3045 1690 3238 1760 πατήρ
3257 1708 3373 1761 μου
3396 1690 3494 1744 καί
3523 1691 3561 1757 si
3586 1688 3784 1758 μήτηρ
3818 1706 3907 1757 μου

2386 1788 2734 1857 ἐγκατέλιπέ
2763 1803 2859 1857 με·
2904 1788 2937 1840 ό
2977 1784 3045 1839 δὲ
3085 1785 3301 1853 Κύριος
3344 1781 3750 1851 προσελάϐετο
3798 1798 3907 1850 μσυ.

740 1899 811 1953 lia
839 1914 1127 1970 aggressus
1157 1899 1281 1959 sim.
1302 1898 1599 1953 averseris.
1640 1894 1823 1965 Neque
1860 1896 2003 1951 enim
2036 1895 2161 1951 licet
2193 1895 2286 1949 bo-

2389 1880 2501 1952 Μὴ,
2532 1881 2613 1934 ὅτι
2640 1879 2860 1934 τοιαῦτα
2884 1877 3207 1949 τετόλμηκα,
3238 1873 3592 1947 ἀποστράφῃς
3621 1891 3690 1945 με
3711 1873 3798 1929 τὸν
3818 1870 3910 1925 δοῦ.

739 1990 870 2045 mini
894 2005 1054 2045 carne
1076 1988 1263 2044 induto
1281 1988 1588 2058 hujusmodi
1609 1987 1969 2059 dignationem
1990 1986 2286 2059 attingere;

740 2098 906 2152 quare
933 2080 1100 2152 Moysi
1125 2081 1344 2137 dicebas
1377 2100 1391 2135 :
1430 2079 1597 2135 Nemo
1624 2077 1811 2134 videbit
1854 2077 2055 2132 vultum
2094 2093 2323 2151 meum“

739 2182 789 2226 et
822 2172 949 2226 vivet
976 2172 1043 2226 ⁸⁸.
1089 2170 1274 2242 Neque
1303 2172 1447 2227 enim
1492 2169 1705 2225 mortali
1736 2169 1859 2223 vita:
1901 2168 1952 2222 id
1984 2166 2289 2238 competei‘e

740 2262 901 2327 valet,
949 2270 1008 2317 ut
1041 2264 1248 2319 vultum
1280 2262 1676 2331 contempletur
1717 2270 1890 2336 tuum.
1925 2260 2284 2326 Quamobrem

738 2350 950 2414 ιιάέιιιοτ·
982 2363 1124 2399 meus
1163 2358 1308 2410 esto,
1341 2356 1398 2402 ut
1427 2350 1694 2417 postulata
1727 2350 2047 2421 consequar.
2082 2351 2164 2407 Ne
2188 2355 2285 2408 ab-

727 2438 888 2507 jicins
928 2454 1027 2502 me,
1074 2453 1171 2507 pro
1211 2454 1317 2508 quo
1361 2440 1748 2512 Symmachus,
1788 2441 1871 2497 Ne
1915 2443 2122 2512 rejicias
2170 2461 2282 2510 me;

734 2526 929 2595 Aquila
966 2542 1112 2592 vero,
1148 2527 1231 2581 Ne
1258 2527 1461 2585 deseras
1486 2548 1585 2599 me,
1616 2532 1801 2587 edidit.
1827 2532 2028 2590 Deinde
2053 2535 2236 2603 adjicit
2267 2556 2281 2592 :

737 2618 919 2690 Neque
946 2622 1153 2677 deseras
1185 2640 1283 2690 me,
1316 2623 1456 2677 Deus
1483 2621 1729 2678 Salvator
1760 2638 1923 2675 meus.
1956 2620 2033 2676 Te
2055 2635 2286 2692 namque

738 2712 1108 2780 patrocinante
1143 2728 1205 2766 ac
1245 2714 1519 2768 dexteram
1554 2714 1884 2783 porrigente,
1927 2728 2051 2782 spes
2089 2726 2171 2769 est
2198 2730 2284 2771 me

737 2802 874 2855 bona
916 2802 1097 2856 omnia
1129 2811 1573 2857 consecuturum.
1603 2800 1741 2868 Quia
1773 2786 1955 2856 nullus
1985 2802 2124 2857 alius
2152 2803 2284 2859 mihi
2320 2858 2321 2861 η

736 2891 949 2961 adjutor
980 2893 1133 2948 adest
1163 2912 1176 2947 :
1207 2908 1383 2963 neque
1416 2894 1558 2947 enim
1584 2893 1765 2963 aliqua
1801 2893 2003 2947 arctior
2041 2893 2286 2949 cbarior-

736 2996 861 3050 que,
888 2998 1049 3051 quam
1098 2985 1268 3054 patris
1319 2995 1372 3039 et
1426 2988 1639 3050 matris,
1686 2986 2031 3050 necessitudo
2079 2986 2281 3055 fuerit;

737 3071 839 3139 ipsi
868 3086 996 3127 vero
1025 3072 1425 3144 dereliquerunt
1457 3089 1563 3140 me,
1603 3073 1728 3145 quia
1772 3075 1840 3129 ab
1866 3074 1975 3131 illis
2007 3074 2281 3140 omnibus,

736 3174 795 3216 ut
820 3162 913 3217 tibi
957 3164 1059 3218 soli
1102 3163 1210 3219 Deo
1238 3178 1507 3227 vacarem,
1548 3165 1767 3219 recessi.
1802 3163 1979 3231 Quare
2023 3166 2119 3221 tibi
2152 3182 2275 3237 gra-

2387 1974 2476 2029 λόν
2506 1990 2618 2028 σου.
2646 1974 2720 2028 Οὐ
2751 1972 2858 2043 γὰρ
2884 1974 3090 2041 ἐφεῖται
3120 1967 3387 2040 ἀνθρώπῳ
3417 1967 3591 2039 σάρκα
3620 1966 3907 2039 περιϐεϐλη-

2394 2064 2542 2136 μένῳ
2565 2064 2671 2118 τῶν
2696 2063 2947 2128 τοιούτων
2967 2057 3260 2126 ἀξιοῦσθαι·
3290 2059 3369 2112 διὸ
3394 2056 3576 2129 ἔλεγες
3596 2054 3676 2127 τῷ
3698 2059 3905 2112 Murtias?

2388 2156 2596 2223 Οὐδείς
2627 2155 2834 2235 ὄψεται
2879 2153 2945 2209 τό
2991 2153 3315 2223 πρόσωπόν
3351 2168 3490 2221 μου,
3533 2150 3631 2204 καί
3676 2148 3905 2218 ζήσεται.

2398 2247 2668 2303 Ἀδυνατεῖ
2697 2246 2804 2318 γάρ
2827 2247 2862 2317 ἡ
2885 2244 3051 2317 θνητὴ
3081 2244 3191 2317 ζωὴ
3220 2243 3354 2317 πρὸς
3373 2241 3471 2315 τὴν
3497 2240 3624 2296 θέαν
3648 2240 3745 2295 τοῦ
3770 2260 3906 2312 προσ-

2381 2336 2531 2393 ώπου
2570 2354 2683 2393 σου·
2716 2336 2796 2391 διὸ
2833 2337 3027 2408 μᾶλλον
3042 2337 3377 2408 βοηθόςμοτ,
3399 2337 3581 2392 νενοῦ
3598 2338 3738 2411 πρὸς
3757 2333 3812 2386 τὸ
3837 2348 3907 2386 τυ·

2381 2428 2495 2497 χεῖν
2525 2424 2633 2479 τῶν
2655 2425 2953 2499 ῂτημένων.
2987 2423 3081 2493 Μὴ
3110 2423 3600 2492 ἁποσκορακίσῃς
3612 2439 3710 2493 με·
3737 2422 3840 2503 ἀνθ’
3860 2417 3906 2472 οὗ

2381 2520 2411 2572 ό
2455 2519 2778 2589 Σύμμαχος,
2815 2518 2913 2587 Μὴ
2954 2516 3293 2587 ἀπορῤίψῃς
3336 2532 3442 2586 με,
3477 2514 3767 2583 ἐξέδωκεν·

2396 2610 2663 2676 Ἀκύλας·
2698 2610 2794 2679 Μὴ
2845 2609 3033 2683 ἐάσῃς
3064 2626 3160 2677 με.
3215 2606 3326 2663 Εἶτ’
3374 2607 3644 2683 ἐπιλέγει·
3696 2610 3804 2662 Καὶ
3839 2608 3903 2676 μὴ

2381 2702 2817 2773 ὲγκαταλείπῃς
2842 2718 2937 2772 με,
2969 2704 3001 2756 ό
3036 2699 3177 2767 Θεὸς
3209 2702 3243 2754 ό
3269 2697 3471 2766 Σωτήρ
3501 2716 3640 2769 μου.
3681 2698 3785 2753 Σοῦ
3822 2700 3903 2768 γὰρ

2382 2791 2927 2864 ἀντιλαμϐανομένου,
2982 2790 3073 2844 καὶ
3136 2788 3313 2855 δεξιὰν
3364 2790 3665 2863 ὀρέγοντος,
3720 2790 3904 2843 πάντων

2379 2884 2534 2948 ἐλπὶς
2573 2885 2750 2955 τυχεῖν
2779 2882 2896 2937 ’τῶν
2927 2880 3165 2952 ἀγαθῶν.
3220 2882 3370 2936 Ἐπεὶ
3410 2882 3596 2953 μηδεὶς
3630 2882 3810 2952 ἕτερός
3837 2896 3901 2949 μοι

2382 2975 2610 3047 πάρεστι
2636 2974 2841 3046 βοηθός·
2874 2973 2980 3027 τῶν
3006 2972 3114 3045 γὰρ
3146 2973 3202 3027 ὲν
3230 2972 3535 3044 ἀνθρώποις
3565 2974 3811 3041 ἀναγκῶν
3838 2976 3905 3025 οὐ·

2378 3067 2485 3134 δεὶς
2505 3067 2569 3123 ἂν
2593 3069 2798 3139 γένοιτο
2816 3066 3019 3139 πατρὸς
3041 3067 3135 3121 καὶ⁵
3162 3067 3363 3137 μητρὸς
3391 3066 3585 3138 μᾶλλον
3610 3065 3900 3138 προσφιλής·

2380 3154 2524 3216 οὗτοι
2551 3161 2608 3216 δὲ
2631 3162 2782 3216 αὐτοὶ
2803 3158 3216 3215 καταλελοίπασί
3241 3177 3305 3230 με
3323 3158 3408 3213 διὰ
3429 3160 3488 3213 τὸ
3516 3159 3731 3213 πάντων
3753 3158 3903 3211 αὐτῶν

735 3253 863 3307 tiam
896 3253 1167 3325 proﬁteor,
1207 3255 1334 3325 quia
1372 3254 1440 3309 ab
1485 3256 1738 3312 omnibus
1768 3255 2016 3314 desertus
2058 3272 2122 3311 ac
2162 3258 2282 3313 reli-

2383 3250 2878 3323 ἀνακεχωρηκέναι,
2919 3251 3011 3305 xal.
3053 3252 3135 3305 σοὶ
3187 3250 3329 3323 μόνῳ
3362 3250 3638 3321 σχολάζειν
3679 3249 3755 3321 τῷ
3791 3250 3900 3317 Θεῷ.

734 3350 873 3409 ctus,
909 3346 1007 3403 abs
1040 3355 1091 3404 te
1121 3348 1237 3405 solo
1269 3359 1579 3421 assumptus
1605 3367 1747 3407 sum.

811 3533 966 3581 Vens.
1005 3532 1092 3586 it,
1128 3539 1216 3584 az.
1258 3526 1444 3600 Legem
1488 3542 1619 3598 pone
1670 3528 1797 3583 mihi
1838 3533 1903 3605 iul
1930 3533 2014 3586 via
2046 3541 2138 3587 tua
2175 3552 2191 3589 :
2228 3545 2278 3591 et

732 3612 895 3683 dirige
927 3630 1007 3668 me
1039 3614 1093 3667 in
1120 3616 1359 3669 semitam
1389 3627 1585 3671 rectam
1612 3627 1822 3688 propter
1844 3620 2092 3676 inimicos
2117 3639 2276 3678 meos.

736 3703 819 3758 Ne
871 3704 1153 3760 tradideris
1232 3724 1313 3761 me
1360 3704 1428 3761 in
1487 3710 1692 3765 animas
1752 3710 2113 3768 tribulantium
2179 3698 2282 3780 me,

732 3794 976 3861 quoniam
1056 3799 1450 3865 insurrexerunt
1527 3802 1582 3854 in
1657 3819 1737 3856 me
1815 3814 1965 3858 testes
2075 3808 2277 3877 iniqui,

731 3890 781 3935 et
812 3886 1061 3937 ‘meutita
1131 3895 1209 3941 est
1280 3889 1531 3960 iniquitas
1604 3890 1723 3945 sibi.
1795 3891 1929 3947 Cum
2008 3896 2280 3952 multoties

730 3972 798 4028 ile
840 3989 899 4028 se
945 3974 1161 4032 divinus
1208 3978 1496 4049 Apostolus
1544 3981 1656 4037 bzec
1713 3982 2039 4040 declarasset
2091 4001 2154 4041 ac
2197 3988 2282 4042 di-

731 4064 899 4119 xisset
924 4083 937 4120 :
965 4063 1116 4119 Nihil
1145 4067 1279 4121 enim
1313 4069 1483 4123 minus
1522 4070 1601 4139 fui
1639 4070 1703 4124 ab
1734 4072 1801 4125 iis
1836 4074 1927 4144 qui
1965 4083 2085 4128 sunt
2118 4091 2277 4145 supra

731 4151 941 4203 modum
989 4148 1291 4222 apostoli“;
1325 4155 1391 4211 iis
1422 4156 1536 4213 haec
1572 4154 1792 4227 adjicit:
1824 4159 1946 4215 Non
1989 4163 2125 4232 quod
2162 4167 2279 4234 jam

731 4243 1032 4308 acceperim,
1066 4254 1159 4298 aut
1191 4246 1307 4315 jam
1339 4247 1597 4317 perfectus
1640 4251 1779 4307 sim:
1808 4241 1993 4323 sequor
2022 4254 2193 4309 autem
2233 4258 2281 4312 si

729 4350 829 4405 quo
871 4335 1021 4389 modo
1064 4339 1490 4406 comprehendam
1508 4342 1553 4373 '°
1582 4356 1599 4395 :
1630 4356 1692 4395 ac
1723 4357 1939 4396 rursum
1980 4346 2106 4400 alibi
2133 4365 2147 4401 :
2176 4347 2280 4403 Ca-

730 4428 862 4495 stigo
888 4441 1074 4495 corpus
1105 4444 1293 4495 meum,
1326 4440 1375 4486 et
1401 4431 1455 4485 in
1482 4432 1778 4487 servitutem
1805 4434 2000 4504 redigo,
2056 4452 2118 4490 ne
2146 4437 2280 4505 forte

2387 3339 2546 3395 Ὅθεν
2570 3341 2663 3395 καὶ
2689 3342 2846 3413 χάριν
2866 3341 3126 3412 ὁμολογῶ,
3157 3341 3239 3396 ὅτι
3263 3341 3476 3397 πάντων
3504 3341 3707 3414 ἔρημος
3728 3346 3816 3395 καὶ
3836 3359 3903 3393 και

2381 3431 2685 3503 ταλειφθεὶς
2716 3433 2818 3488 ὑπὸ
2846 3433 2938 3487 σοῦ
2971 3432 3360 3507 προσελήφθην.

2452 3524 2867 3593 Νομοθέτησόν
2890 3542 2967 3595 με
2999 3526 3070 3580 ἐν
3099 3524 3319 3604 τῇὶόεῷ
3341 3541 3477 3590 σου,
3507 3525 3604 3580 καὶ
3630 3526 3901 3595 deumeo-

2378 3634 2452 3687 με
2475 3618 2544 3672 ἐν
2571 3620 2745 3686 τρίϐῳ
2778 3620 2978 3688 εὐθείᾳ
3023 3620 3199 3675 ἕνεκα
3243 3619 3361 3675 τῶν
3389 3622 3626 3691 ’ἐχθρῶν
3666 3640 3800 3691 μου.
3826 3621 3901 3686 Μὴ

2383 3704 2657 3775 πῳαδῷς
2678 3723 2753 3775 με
2782 3709 2866 3773 είς
2903 3707 3105 3777 ψυχὰς
3134 3709 3453 3762 θλιϐόντων
3480 3726 3575 3777 με,
3606 3708 3695 3763 ὅτι
3724 3709 3903 3765 ἐπανέ-

2384 3798 2631 3871 ornerer
2639 3816 2741 3869 μοι
2764 3796 3055 3868 μάρτιιοες
3082 3796 3289 3865 ἄδικοι,
3313 3798 3411 3854 καὶ
3427 3800 3725 3869 ἐψεύσατο
3745 3803 3781 3868 ή
3807 3800 3902 3853 d6:-

2383 3888 2483 3941 κία
2509 3888 2710 3957 ἑαυτῇ.
2732 3888 2993 3952 Πολλάκις
3021 3890 3145 3960 περὶ
3176 3890 3367 3959 ἑαυτοῦ
3400 3891 3428 3942 ὁ
3458 3889 3595 3954 θεῖος
3619 3890 3901 3949 Ἀπόστολος

2384 3978 2597 4047 διδάξας
2631 3980 2726 4034 καὶ
2751 3980 2938 4036 είπών·
2971 3981 3158 4036 Οὐδὲν
3187 3981 3295 4052 γὰρ
3322 3982 3617 4051 ὑστέρηκα
3646 3983 3761 4038 τῶν
3780 3982 3901 4049 ὑπὲρ

2381 4072 2523 4125 λίαν
2536 4072 2906 4128 ἀποστόλων·
2931 4073 3134 4137 τούτοις
3154 4074 3323 4145 ἐπῆγε
3348 4073 3536 4143 λέγων·
3564 4078 3684 4145 Οὐχ
3708 4077 3790 4129 ὅτι
3808 4074 3899 4143 ἤδη

2383 4163 2603 4227 ἔλαϐον
2631 4165 2669 4232 ἢ
2695 4164 2808 4233 ἤδη
2843 4166 3231 4234 τετελείωμαι·
3259 4164 3444 4220 διώκω
3471 4166 3537 4219 δὲ
3562 4168 3611 4220 εὶ
3642 4169 3735 4220 καί
3759 4154 3902 4220 κατα·

2352 4275 2354 4278 ’
2383 4253 2560 4309 λάϐω·
2590 4257 2682 4309 καὶ
2705 4255 2865 4309 πάλιν
2887 4255 3135 4326 ἀλλαχοῦ·
3177 4254 3498 4316 Ύπωπιάζω
3515 4256 3724 4329 μουητὸ
3740 4254 3898 4323 σῶμα.

2383 4346 2479 4399 καὶ
2524 4345 2893 4416 δουλαγωγῶ·
2924 4345 3154 4416 μήπως,
3193 4346 3401 4413 ἄλλοις
3436 4346 3716 4415 κηρύξας,
3750 4346 3900 4406 αὐτές

2383 4437 2663 4508 ἀδόκιμος
2678 4436 2951 4507 γένωμαι.
2973 4438 3132 4489 Ὅσον
3153 4436 3248 4507 μὲν
3270 4430 3377 4507 γάρ
3393 4437 3466 4499 ὼς
3481 4438 3615 4508 πρὸς
3634 4436 3898 4507 ἀνθρώπων

729 4530 847 4571 cum
870 4519 1421 4602 aliis'prwdicaverim,
1441 4523 1547 4593 ipse
1571 4524 1814 4595 reprobus
1840 4526 2031 4595 eﬁiciar
2047 4528 2114 4578 ⁵³.
2144 4527 2277 4583 Nam

2388 4527 2690 4598 σύγκρισιν,
2730 4526 2940 4598 συνῄδει
2990 4526 3164 4598 ἑαυτῷ
3205 4528 3583 4599 προκεκοφὸτι,
3628 4529 3720 4581 καὶ
3745 4526 3899 4595 τὴνίν

727 4616 989 4678 quantum
1035 4602 1107 4665 ad
1144 4612 1423 4667 hominum
1474 4619 1933 4685 comparationem
1963 4620 2276 4675 aestimatio-

2383 4617 2681 4689 ἀνθρώποις
2726 4609 3032 4687 τελειότητα
3079 4618 3405 4688 άνειληφότι·
3449 4618 3571 4670 ὅσον
3612 4616 3673 4669 δὲ
3718 4614 3804 4668 ἐπὶ
3840 4612 3898 4679 τῷ

729 4714 958 4769 nemque
983 4703 1304 4772 pertinebat,
1340 4720 1398 4761 se
1428 4698 1721 4777 profecisse
1755 4724 1815 4764 ac
1842 4710 2130 4765 humanam
2158 4726 2281 4781 per-

731 4790 1012 4849 f'ctiouem
1060 4797 1301 4865 attigisse
1354 4798 1458 4852 sibi
1511 4799 1765 4855 conscius
1810 4796 1963 4867 erat;
2016 4810 2277 4871 quantum

730 4893 906 4939 autem
941 4887 1009 4939 ad
1034 4886 1111 4940 rei
1140 4888 1439 4953 veritatem,
1474 4906 1533 4945 se
1577 4891 1634 4945 in
1664 4892 1851 4947 multis
1888 4885 2116 4949 deiicere
2145 4893 2283 4948 scie-

729 4976 844 5037 bat,
890 4976 962 5030 ob
1004 4978 1168 5047 idque
1198 4992 1318 5035 sese
1352 4980 1729 5052 imperfectum
1757 4982 2043 5040 fatebatur.
2078 4984 2281 5039 Eadem
2312 4966 2322 4981 ”

730 5072 953 5136 prorsus
984 5075 1179 5133 mente,
1213 5069 1258 5124 is
1290 5070 1381 5140 qui
1413 5072 1468 5126 in
1494 5072 1745 5144 praesenti
1774 5064 2031 5143 loquitur,
2065 5074 2280 5129 videtur

728 5157 860 5212 mihi
893 5157 1101 5213 debitas
1130 5160 1238 5216 Deo
1283 5160 1350 5217 de
1393 5166 1677 5234 prateritis
1707 5166 1866 5220 bonis
1893 5167 2097 5235 gratias
2124 5172 2276 5220 retu-

729 5248 876 5313 lisse,
909 5264 993 5309 ac,
1022 5257 1203 5320 utpote
1226 5253 1406 5319 homo,
1433 5256 1761 5311 inﬁrmitatis
1787 5256 2037 5312 humanae
2066 5256 2277 5327 lapsum

730 5339 1036 5407 suspicatus
1061 5356 1202 5425 esse.
1233 5343 1569 5417 Quapropter
1612 5347 1678 5402 de
1714 5348 1896 5402 futuro
1922 5346 2089 5403 Deum
2121 5360 2280 5416 rega-

733 5428 842 5490 bat,
875 5436 935 5483 ut
967 5431 1082 5501 ipse
1114 5432 1214 5488 sibi
1242 5430 1516 5505 legislator
1546 5448 1709 5494 esset.
1732 5438 1917 5509 Neque
1948 5438 2090 5492 enim
2122 5438 2275 5502 mihi,

731 5519 924 5588 inquit,
957 5530 1082 5578 sunt
1114 5523 1547 5601 legalia‘bioysis
1598 5533 1750 5595 satis.
1781 5517 1894 5585 Lex
1921 5531 2117 5602 quippe
2164 5531 2274 5596 illa,

731 5612 1057 5683 ltMLjUSllS,
1090 5620 1185 5674 sed
1232 5620 1428 5691 iniquis
1472 5627 1524 5676 et
1564 5621 2062 5692 inolisequcntibus,
2100 5622 2276 5692 impiis

2379 4707 2585 4778 ἀληθεῖ,
2616 4709 2674 4762 ὲν
2696 4707 2905 4770 πολλοῖς
2928 4708 3132 4762 ἑαυτῶν
3165 4710 3407 4779 ὑστερεῖν
3430 4704 3743 4774 ὶγίνωσκεν,
3765 4702 3897 4769 ἀτελῆ

2377 4816 2435 4851 τε
2475 4787 2612 4853 εἶναι
2642 4799 2831 4853 ἑαυτὸν
2855 4798 2941 4853 διὰ
2970 4799 3111 4853 τοῦθ’
3137 4797 3429 4869 ὡμολόγει..
3450 4796 3632 4869 Ταύτῃ
3662 4814 3752 4868 μοι
3781 4796 3897 4849 δοκεῖ

2366 4891 2448 4963 ¹τῇ
2478 4890 2684 4961 διανοίᾳ
2711 4891 2805 4944 καὶ
2838 4891 2867 4943 ό
2899 4893 2969 4944 τὰ
2998 4890 3329 4962 προκείμενα
3366 4886 3645 4969 διεξελθᾷη
3674 4889 3791 4959 περὶ
3820 4888 3896 4958 μὲν

2376 4979 2484 5034 τῶν
2518 4982 2918 5053 παρῳχηκότων
2955 4981 3051 5052 τὴν
3080 4981 3394 5053 πρέπουσαν
3420 4980 3758 5052 εὐχαριστίαν
3785 4982 3896 5034 ἀπο·

2378 5071 2665 5127 δεδωκέναι
2695 5072 2772 5145 τῷ
2797 5072 2933 5145 Θεῷ,
2963 5068 3051 5126 οἷα
3079 5072 3149 5125 δὲ
3178 5070 3457 5143 ἄνθρωπος
3481 5072 3573 5150 τὸν
3600 5072 3795 5126 ὄλισθον
3820 5074 3895 5139 τῆς

2380 5165 2722 5239 ἀνθρωπίνης
2750 5165 3029 5228 ἀσθενείας
3056 5164 3377 5236 ὑφορᾶσθαι.
3412 5165 3502 5219 Διδ
3530 5167 3658 5239 περὶ
3682 5164 3769 5219 τοῦ
3797 5163 3897 5235 μιλ-

2379 5256 2559 5321 λοντος
2587 5258 2778 5331 χρόνου
2812 5254 3109 5327 παρεκάλει
3129 5256 3219 5307 τὸν
3246 5255 3396 5321 Θεὸν,
3423 5256 3569 5322 ὅπως
3596 5256 3751 5321 αὐτὸς
3778 5249 3897 5316 αὐτῷ

2381 5346 2587 5415 γένοιτο
2624 5348 2936 5419 νομοθέτης.
2981 5346 3053 5400 ού
3098 5346 3204 5419 γὰρ
3247 5347 3484 5419 ἀπαρκεῖ
3528 5366 3637 5419 μοι,
3680 5346 3817 5417 φησὶ,
3846 5340 3897 5391 τὰ

2382 5436 2533 5511 παρὰ
2574 5442 2795 5496 Μωῦσεϊ
2833 5440 3054 5510 νόμιμα·
3086 5440 3315 5501 δικαίοις
3344 5440 3512 5513 γάρού
3538 5441 3698 5510 νόμος
3726 5438 3894 5494 ἐκεῖνος

2382 5531 2443 5583 οὐ
2468 5533 2868 5603 νενομοθέτητσ,
2888 5530 2999 5585 ἀλλ’
3029 5530 3244 5601 ἀνόμοις
3265 5531 3360 5609 καὶ
3384 5530 3777 5607 ἀνυποτάκτοις,
3802 5527 3895 5579 ἀσε-

2385 5619 2502 5673 ϐέσι
2527 5622 2615 5674 καὶ
2649 5619 2984 5692 ἁμαρτωλοῖς
3009 5619 3102 5672 καὶ
3125 5621 3233 5683 τοῖς
3258 5618 3672 5691 παραπλησίοις.
3706 5614 3889 5674 Τούτοις

803 5770 844 5805 θ’
885 5770 1050 5827 Exod.
1086 5788 1272 5837 xxxiii,
1306 5776 1394 5832 23.
1468 5777 1511 5809 ’⁸
1551 5775 1678 5831 ibid.
1758 5778 1797 5808 δ’
1841 5775 1881 5830 ll
1910 5777 2031 5846 Cor.
2071 5792 2163 5845 xu,
2194 5777 2283 5831 Η.
2363 5778 2404 5809 ³ο
2443 5776 2673 5849 Philipp.
2712 5794 2791 5843 ιιι,
2830 5776 2908 5831 l2.
2984 5776 3022 5806 "
3067 5774 3238 5830 lCor.
3277 5789 3350 5839 Ix,
3380 5772 3469 5827 ‘27.
