3966 6344
76 381 163 437 ιιι

1202 377 1702 436 COMMENTARIA
1736 380 1802 436 ΙΝ
1842 378 2178 437 PSALMOS.

3163 378 3271 434 266

77 497 167 566 γὰρ
200 496 226 547 6
258 491 498 564 Μωῦσῆς
530 490 858 564 ἐνομοθέτει,
889 492 1026 547 κατὰ
1054 492 1150 563 τὴν
1185 493 1611 565 σκληροκαρδίαν

1718 504 1767 553 et
1795 498 2169 568 peccatoribus
2195 495 2369 567 iisque
2398 494 2667 551 similibus
2695 494 2819 551 data
2839 503 2945 553 est.
2972 496 3274 571 lstis'quip—

73 587 226 643 αὐτῶν
268 586 701 657 διαταττόμενος.
750 586 889 655 Ἐγὼ
928 588 1004 651 δὲ,
1048 588 1228 656 φησὶν,
1263 589 1323 640 οὐ
1352 590 1418 659 τῇ
1448 590 1615 644 Μωῦ-

76 684 190 743 ciui;
225 677 509 750 νομοθεσίᾳ
557 676 899 749 ὑποϐέδληκα
944 679 1193 748 ἐμαυτόν.
1238 679 1327 731 Διὸ
1365 678 1486 732 οὐδὲ
1518 681 1615 752 τὴν

72 774 143 826 διὰ
172 770 315 837 ζώων
339 771 558 839 σφαγῆς
595 770 782 823 θυσίαν
811 771 1239 842 ἐπηγγειλάμην,
1272 770 1405 826 ἀλλὰ
1426 772 1615 826 θυσίαν

73 862 381 935 ἀλαλαγμοῦ,
415 862 725 933 καινότερον
767 862 967 933 τρόπον
996 862 1029 933 ἦ
1058 862 1198 916 κατὰ
1236 862 1306 916 τά
1340 866 1615 928 Μωῦσέως

74 957 267 1027 νόμιμα.
314 954 519 1026 Διόπερ
568 953 709 1021 άξιῶ
736 955 929 1025 καινῆς
971 954 1290 1026 νομοθεσίας
1332 956 1482 1027 παρὰ
1520 955 1613 1011 σοῦ

74 1051 245 1118 τλχείν.
279 1048 453 1111 Αὐτὸς
486 1042 579 1102 οὖν
604 1046 700 1118 τὴν
730 1046 827 1119 σὴν
856 1047 972 1101 ὁδὸν
1008 1048 1268 1115 ἐπίδειξον
1306 1066 1413 1119 μοι·
1445 1048 1616 1120 ἠφώ-

73 1128 418 1204 τισον,’κατά
447 1140 538 1193 τὸν
596 1139 843 1195 Ἀκύλαν.
892 1140 984 1212 Μὴ
1033 1140 1189 1212 μόνον
1237 1141 1292 1194 δὲ
1334 1141 1613 1212 ὑποδείξῃς

76 1233 186 1304 μηδὲ
219 1231 584 1305 νομοθετήσῃς
614 1248 721 1303 μοι,
756 1224 801 1285 ὦ
835 1231 1026 1303 Κύριε,
1059 1230 1194 1286 ἀλλὰ
1225 1233 1317 1285 καὶ
1351 1232 1613 1303 όδήγησόν

75 1343 130 1390 με
156 1325 205 1377 ἐν
222 1322 391 1393 τρίϐῳ
411 1321 615 1393 εὐθείᾳ,
640 1320 775 1392 πρὸς
797 1320 859 1374 τὸ
882 1321 954 1392 μὴ
984 1318 1287 1391 προσκόψαι
1311 1318 1445 1390 πρὸς
1466 1317 1612 1371 λίθον

71 1418 145 1469 τὸν
174 1415 298 1468 πόδα
332 1432 454 1485 μου,
489 1405 697 1465 ἕνεκεν
727 1411 847 1463 τῶν
873 1410 1101 1480 ἐχθρῶν
1126 1428 1265 1478 μου.
1298 1410 1394 1477 Μὴ
1428 1423 1611 1477 παρα-

72 1507 168 1573 δῷς
186 1523 257 1575 με
290 1508 380 1569 είς
424 1503 626 1572 ψυχὰς
669 1502 993 1556 θλιϐόντων
1017 1516 1113 1569 με.
1145 1501 1221 1553 Δι’
1253 1499 1460 1569 ὁμαλῆς
1501 1497 1609 1569 γάρ

70 1603 167 1656 ὁδοῦ
202 1602 291 1654 καὶ
323 1599 609 1671 είρηνικῆς
646 1596 791 1660 ὅπως
828 1596 1091 1669 διαγάγῃς
1134 1611 1199 1665 με
1237 1591 1370 1657 ἀξιῶ
1395 1591 1484 1671 τον
1510 1590 1609 1660 τῆς

74 1693 192 1762 ζωῆς
225 1708 323 1761 μου
349 1689 562 1761 χρόνον.
594 1688 667 1742 Οὐ
704 1688 813 1761 γάρ
852 1686 1006 1760 μόνον
1040 1684 1287 1756 πολέμιοι
1314 1682 1607 1752 τυγχάνου-

72 1802 158 1845 σιν,
188 1782 317 1835 άλλά
347 1782 440 1835 καὶ
470 1780 797 1849 συκοφάνται
826 1778 997 1833 ἄδικοι
1027 1778 1121 1831 καὶ
1146 1774 1603 1846 ψευδομάρτυρες,

72 1876 146 1926 καὶ
174 1874 339 1927 πάντα
371 1873 441 1925 τὰ
473 1871 681 1943 ἐχθρῶν
725 1870 1071 1943 πράττοντες.
1117 1866 1249 1921 Τότε
1296 1867 1352 1920 δὲ
1394 1864 1609 1937 ἀληθῶς
1642 1852 1683 1907 Β

74 1970 210 2039 ἑαυτῇ
240 1952 486 2036 ιμειῖιδετιιι
530 1968 563 2036 ἡ
591 1964 792 2027 ἀδικία,
821 1964 948 2016 ὅταν
998 1959 1071 2031 μὴ
1099 1958 1239 2013 κατὰ
1270 1958 1609 2029 πραγμάτων

77 2062 295 2131 φέρηται,
340 2042 472 2129 μηδὲ
497 2056 765 2127 κατισχύῃ
791 2050 1373 2121 τῶνψευδομαρτυρου
1382 2048 1575 2119 μένων.

129 2150 381 2203 Πιστεύω
409 2146 513 2201 τοῦ
547 2145 695 2199 ἰδεῖν
724 2146 795 2198 τὰ
825 2142 1015 2212 ἀγαθὰ
1034 2140 1255 2209 Κυρίου
1278 2140 1347 2192 ἐν
1365 2138 1443 2209 τῇ
1474 2138 1611 2199 ζών-

76 2252 185 2289 των.
222 2236 446 2305 Μήποτε
477 2234 535 2286 δὲ
576 2233 668 2286 καὶ
711 2231 803 2283 ἐπὶ
841 2232 939 2303 τὴν
965 2229 1219 2300 ἀνωτέρω
1247 2230 1458 2299 αῐτησιν
1481 2230 1611 2281 άνα-

76 2330 270 2401 πέμπει·
300 2326 482 2397 ἀγαθὰ
503 2325 707 2397 Κυρίου
745 2320 918 2393 λέγων
948 2312 1008 2377 τό
1040 2324 1294 2395 ἀνωτέρω
1327 2323 1611 2393 είρημένον

74 2422 335 2491 πρόσωπον
370 2417 569 2497 αὑτοῦ,
620 2416 749 2489 περ)⁸
792 2412 853 2471 οὗ
900 2416 1123 2487 ἔφασκε·
1174 2416 1246 2469 Τὸ
1293 2416 1614 2484 πρόσωπόν

74 2529 188 2577 σου,
220 2511 412 2578 Κύριε,
459 2507 712 2577 ζητήσω.
750 2506 845 2576 Μὴ
880 2507 1271 2576 ἁποστρέψῃς
1297 2507 1363 2561 τό
1385 2508 1615 2575 πρόσω-

76 2604 171 2655 πόν
195 2617 304 2654 σου
346 2600 445 2653 ἀπ’
481 2597 647 2668 ἐμοῦ.
687 2598 776 2651 Διὸ
812 2598 953 2651 κατὰ
989 2598 1080 2653 τὸν
1123 2597 1351 2651 Ἀκύλαν
1379 2597 1614 2668 εἴρηταιο

85 2694 422 2746 Ἐπίστευσα
446 2690 553 2743 τοῦ
597 2690 744 2743 ἰδεῖν
780 2691 849 2743 ὲν
879 2686 1076 2759 ἀγαθῷ
1112 2690 1353 2759 Κυρίου·
1386 2690 1522 2745 κατὰ
1558 2690 1614 2743 δὲ

75 2785 147 2837 τὸν
169 2784 472 2855 Σύμμαχον·
511 2783 855 2835 Ἐπιστευον
881 2780 1029 2835 ἰδεῖν
1058 2780 1173 2849 τὴν
1225 2781 1611 2849 ἀγαθωσύνην

78 2877 291 2945 Κυρίου.
334 2874 471 2927 Ἀλλ’
499 2874 686 2945 δψεταί
701 2891 765 2944 γε
791 2872 884 2926 τοῦ
901 2873 1103 2945 Κυρίου
1127 2872 1187 2925 τὸ
1210 2873 1498 2945 πρόσωπον
1520 2874 1616 2926 κα)⁹

76 2968 132 3021 τὰ
157 2964 327 3035 ἀγαθὰ
366 2963 720 3036 Κυρίου,οὑκ
764 2964 823 3017 ἐν
862 2953 942 3034 τῷ
982 2962 1243 3035 περιγείῳ
1286 2962 1453 3033 τόπῳ,
1502 2961 1614 3015 ἀλλ’

78 3059 176 3111 036%.
206 3060 259 3111 ἐν
300 3055 377 3127 τῷ
414 3057 523 3109 τῶν
558 3056 764 3127 θνητῶν
796 3054 1001 3127 χωρίῳ,
1034 3054 1145 3107 ἀλλ’
1173 3055 1232 3106 ὲν
1272 3055 1343 3124 γῇ
1379 3052 1613 3118 ζώντων,

1717 603 1784 661 pe
1814 588 2023 660 Moyses
2046 577 2472 659 legem‘ferebat,
2498 586 2565 641 ad
2596 586 2845 642 duritiem
2879 588 3062 644 cordis
3086 604 3274 645 eorum

1718 679 2198 734 accommodatam.
2230 679 2300 732 At
2326 694 2446 749 ego,
2482 679 2675 748 inquit,
2708 688 2816 731 nun
2844 692 2929 732 me
2962 677 3165 750 Moysis
3194 680 3277 734 le-

1716 768 1872 839 gibus
1920 768 2155 825 subdidi.
2201 767 2381 834 Quare
2429 784 2539 838 non
2594 774 2880 823 cruentum
2925 768 3276 836 sacriﬁcium,

1715 857 1811 934 sed
1861 858 2093 914 hostiam
2133 858 2475 928 jubilationis
2516 858 2793 928 pollicitus
2839 850 2979 926 sum,
3027 873 3169 913 novo
3215 874 3275 913 ac

1714 948 1871 1019 longe
1916 948 2130 1012 diverso
2160 962 2191 1001 a
2224 947 2424 1019 Moysis
2468 948 2735 1019 legalibus
2785 949 2917 1004 ritu.
2943 948 3068 1005 ldeo
3112 963 3274 1002 nova.

1716 1040 1811 1095 abs
1836 1048 1890 1095 te
1922 1026 2138 1110 postulo
2168 1040 2331 1111 leges.
2362 1037 2444 1095 Tu
2492 1040 2629 1111 ipse,
2660 1056 2869 1112 quaero,
2897 1040 3041 1095 viam
3091 1048 3266 1096 osten-

1714 1131 1813 1187 das
1847 1134 2009 1200 mihi;
2037 1140 2130 1187 aut
2160 1132 2424 1198 illumina,
2465 1133 2764 1189 secundum
2793 1133 3065 1204 Aquilam.
3098 1120 3281 1202 Neque

1714 1225 1890 1278 solum
1924 1225 2182 1279 ostendas
2222 1238 2286 1278 ac
2313 1225 2483 1294 legem
2514 1238 2686 1295 ponas
2718 1224 2876 1291 mihi,
2905 1223 3151 1288 Domine,
3185 1223 3278 1280 sed

1712 1318 1872 1372 etiam
1902 1318 2073 1390 dirige
2103 1335 2187 1373 me
2222 1320 2275 1373 in
2310 1320 2501 1375 semita
2532 1327 2703 1383 recta,
2738 1328 2797 1374 ut
2827 1334 2894 1374 ne
2921 1318 3279 1375 offendamad

1712 1412 1940 1483 lapidem
1970 1412 2105 1483 pede
2137 1428 2277 1477 meo,
2307 1422 2515 1482 propter
2540 1415 2781 1468 inimicos
2810 1430 2946 1467 meos
2972 1430 2999 1481 :p
3022 1430 3085 1469 ne
3110 1415 3281 1469 tradi-

1710 1502 1847 1557 deris
1892 1520 1972 1557 me
2001 1504 2056 1557 in
2085 1504 2291 1556 animas
2324 1503 2689 1557 tribulanlium
2707 1521 2806 1558 me.
2840 1502 2943 1558 Per
2969 1506 3184 1574 planam
3216 1520 3281 1561 ac

1708 1596 1985 1665 paciﬁcam
2014 1596 2154 1651 viam
2189 1610 2273 1649 me
2316 1602 2559 1665 tempore
2586 1595 2710 1650 vitae
2738 1610 2872 1651 mea:
2912 1595 3153 1651 deducas
3182 1612 3280 1669 po-

1709 1687 1872 1742 stulo.
1899 1684 2016 1741 Non
2046 1686 2220 1741 solum
2249 1687 2393 1741 enim
2428 1686 2655 1747 inimici,
2678 1687 2771 1742 sed
2797 1687 2960 1741 etiam
2994 1685 3163 1758 iniqui
3192 1704 3283 1761 sy-

1707 1779 1991 1850 cophanta:
2035 1786 2088 1834 et
2136 1778 2256 1834 falsi
2292 1787 2459 1835 testes
2485 1779 2713 1845 instant,
2746 1778 2839 1849 qui
2862 1781 3045 1835 omnia
3089 1779 3273 1835 hostili

1710 1888 1858 1927 more
1888 1887 2099 1929 mecum
2135 1881 2320 1943 agunt.
2349 1871 2504 1927 Tunc
2534 1886 2696 1943 porro
2732 1872 2835 1927 sibi
2865 1888 2991 1927 vere
3018 1874 3281 1929 mentitur

1709 1962 1989 2033 iniquitas,
2024 1962 2242 2061 quando
2274 1977 2364 2017 res
2398 1962 2501 2033 ipsi
2545 1979 2657 2019 non
2699 1965 2835 2020 bene
2858 1964 3075 2029 cedunt,
3102 1980 3278 2034 neque

1710 2053 1848 2109 falsa
1878 2053 2193 2109 testimonia
2222 2056 2540 2125 praevalent.

1781 2144 1946 2200 Vsus.
1980 2145 2071 2200 15.
2112 2144 2280 2200 Credo
2310 2145 2479 2200 videre
2518 2144 2653 2199 bona
2683 2144 2897 2199 Domini
2930 2147 2986 2201 in
3025 2157 3166 2203 terra
3204 2149 3280 2203 vi—

1709 2237 1957 2291 ventium.
1992 2235 2131 2290 Num
2176 2236 2609 2307 ad'superiorem
2641 2236 3060 2306 postulationem
3092 2241 3279 2294 remit-

1710 2330 1796 2395 tit,
1828 2344 1890 2383 ac
1934 2329 2079 2384 bona
2128 2327 2339 2384 Domini
2382 2330 2586 2386 vocitat
2614 2330 2823 2384 vultum
2864 2328 3081 2385 Domini
3112 2345 3279 2401 supra

1711 2427 2089 2484 memoratum,
2125 2419 2191 2475 de
2239 2436 2348 2491 quo
2398 2420 2518 2474 ait:
2562 2420 2777 2475 Vultum
2818 2430 3000 2485 tuum,
3034 2420 3276 2485 Domine.

1714 2512 1994 2583 requiram.
2025 2508 2108 2564 Ne
2132 2519 2337 2563 avertas
2368 2510 2557 2579 faciem
2587 2520 2732 2565 tuam
2756 2529 2789 2566 a
2819 2512 2938 2566 me?
2974 2510 3156 2579 Quare
3191 2528 3280 2568 se-

1712 2602 1948 2657 cundum
1995 2601 2247 2670 Aquilam
2294 2599 2535 2654 dicitur:
2569 2600 2785 2655 Credidi
2836 2618 2918 2656 me
2964 2604 3282 2659 visurum-ia

1715 2690 1845 2743 bono
1873 2688 2121 2750 Domini;
2151 2688 2448 2743 secundum
2474 2704 2602 2743 vero
2634 2688 3017 2760 Symmachum
3049 2712 3060 2745 :
3091 2692 3283 2747 Crede-
3342 2708 3347 2715 '

1714 2782 1833 2836 bam
1862 2780 2033 2835 videre
2080 2780 2361 2835 bonitatem
2412 2781 2642 2836 Domini.
2680 2780 2785 2836 Sed
2826 2782 3031 2837 videbit
3062 2783 3279 2838 Domini

1721 2886 1927 2940 vultum
1969 2894 2024 2940 et
2056 2884 2194 2939 bona
2239 2884 2483 2949 Domini,
2512 2898 2620 2937 non
2665 2883 2720 2937 in
2756 2891 2967 2938 terreno
2994 2882 3145 2947 loco,
3177 2884 3274 2939 sed

1721 2992 1895 3046 neque
1936 2976 1990 3030 in
2031 2987 2368 3031 mortuorum
2402 2976 2637 3047 regione,
2670 2975 2762 3031 sed
2805 2976 2861 3030 in
2901 2984 3043 3031 terra
3086 2975 3271 3030 viven-

1718 3068 1856 3123 tium
1884 3107 1899 3132 ,
1950 3082 2112 3137 quam
2160 3068 2431 3137 pollicitus
2486 3076 2583 3127 est,
2617 3067 2865 3123 Salvator
2910 3068 2994 3123 his
3045 3068 3269 3130 verbis;

78 3154 130 3219 ἣν
161 3150 247 3203 καὶ
292 3151 320 3202 6
360 3148 549 3220 Σωτὴρ
591 3147 948 3220 ἐπηγγείλατο
990 3146 1180 3216 λέγων·
1236 3144 1520 3214 Μακάριοι
1560 3150 1613 3201 ol

1719 3158 1870 3214 Beati
1899 3162 2071 3226 mites,
2104 3160 2348 3229 quoniam
2380 3160 2479 3228 ipsi
2506 3159 2840 3229 possidebunt
2870 3167 3062 3214 terram
3081 3160 3151 3219 ⁸¹.

81 3242 275 3309 πραεῖς,
305 3240 391 3294 ὅτι
424 3240 592 3293 αὐτοὶ
624 3236 1153 3307 κληρονομήσουσι
1185 3236 1297 3305 τὴν
1319 3235 1452 3305 γῆν.
1638 3221 1681 3277 C

590 3350 675 3402 ΤΩ
714 3338 914 3401 ΔΑΥῘΔ
946 3349 1071 3401 KZ’.

137 3443 276 3509 Πρός
324 3442 417 3505 σὲ,
449 3442 642 3509 Κύριε,
673 3438 1049 3507 κεκράξομαι,
1094 3442 1127 3492 ό
1174 3440 1318 3504 Θεός
1356 3455 1493 3506 μου,
1528 3434 1614 3506 μὴ

83 3530 526 3599 περασιωπήσῃς
555 3531 655 3582 ἀπ’
685 3528 850 3597 ἐμοῦ,
883 3527 1114 3597 μήποτε
1146 3528 1617 3599 παρασιωπήσῃς

82 3621 157 3671 ἐστ’
188 3620 329 3689 ἐμοὶ,
373 3620 471 3673 καὶ
516 3616 947 3689 ὀμοιωθήσομαι
992 3615 1115 3682 τοῖς
1154 3616 1618 3670 καταϐαίνουσιν

85 3715 153 3777 είς
176 3711 411 3766 λάκκον.
443 3712 558 3765 Οὐκ
590 3706 1001 3779 ἐπιλελησμένοι
1026 3706 1135 3759 τῶν
1164 3704 1467 3776 ἔμπροσθεν
1490 3708 1616 3776 ἡμῖν

87 3803 391 3872 λελεγμένων
435 3800 563 3873 περὶ
596 3799 705 3853 τῶν
741 3798 868 3867 ἄνευ
909 3796 1051 3859 τινος
1092 3797 1406 3867 προσθήκης
1434 3798 1618 3866 ἐπιγε-

84 3893 387 3963 γραμμένων
414 3889 494 3957 τῷ
540 3888 739 3953 Δαυῖδ,
787 3887 823 3958 ἢ
849 3888 956 3941 τοῦ
997 3886 1198 3951 Δαυῒδ,
1234 3885 1617 3957 ,προσθήσομεν

86 3984 283 4047 ἐκείνοις
326 3986 417 4038 ἐπὶ
458 3981 552 4036 τοῦ
596 3979 859 4052 παρόντος
904 3978 1001 4049 τὴν
1047 3978 1127 4041 είς
1170 3979 1317 4048 ἡμᾶς
1360 3977 1616 4031 ἐλθοῦσαν

88 4075 370 4145 παράδοσιν.
415 4073 554 4127 Φασὶ
597 4071 774 4124 τοίνυν
834 4067 1100 4139 Ἐϐραίων
1144 4068 1330 4133 παῖδες
1372 4069 1464 4139 ἐπὶ
1511 4068 1616 4121 τῶν

85 4166 309 4238 τοιαύτην
338 4166 567 4236 ἐχόντων
592 4163 829 4232 γραφὴν,
854 4160 978 4215 δεῖν
1016 4159 1331 4231 ἀνατρέχειν
1369 4161 1461 4227 ἐπὶ
1493 4159 1617 4222 τοὺς

88 4258 331 4327 ἀνωτέρω,
374 4256 469 4309 καὶ
508 4256 727 4309 σκοπεῖν
765 4254 946 4315 ὁποῖος
982 4247 1049 4323 ἦν
1090 4254 1117 4305 6
1157 4254 1214 4305 ὲν
1250 4254 1395 4323 ἀρχῇ
1428 4267 1618 4323 προτε-

88 4348 327 4415 ταγμένος
362 4346 573 4416 ψαλμὸς
610 4343 718 4399 τῶν
762 4342 897 4413 μετὰ
940 4341 1132 4408 ταῦτα,
1176 4344 1291 4413 ἦτοι
1341 4328 1616 4405 παντελῶς

90 4439 460 4509 ἁνεπιγράφων,
490 4438 523 4509 ἦ
551 4434 629 4500 τῷ
647 4435 826 4489 Δαυτδ
860 4438 1363 4508 ἐπιγεγραμμένων·
1399 4438 1491 4489 καὶ
1517 4454 1617 4508 μα-

2172 3347 2301 3402 lPSI
2333 3345 2541 3401 DAVID
2599 3344 2813 3401 XXVII.

1789 3442 1950 3499 Vsus.
1986 3444 2037 3507 1,
2061 3441 2114 3495 2.
2158 3440 2238 3494 Ad
2274 3450 2341 3505 te,
2364 3438 2602 3503 Domine,
2647 3435 2910 3503 clamabo,
2946 3436 3087 3491 Deus
3112 3454 3275 3503 meus,

1719 3552 1781 3589 ne
1809 3534 1964 3588 sileas
1989 3551 2019 3585 a
2050 3550 2148 3595 me,
2175 3549 2237 3587 ne
2256 3531 2465 3603 quando
2494 3541 2667 3587 taceas
2698 3548 2731 3584 a
2756 3548 2855 3594 me,
2870 3513 2918 3585 ἐι
2946 3531 3281 3586 assimilabor

1717 3621 2139 3677 descendentibus
2164 3622 2218 3674 in
2244 3621 2437 3674 lacum.
2472 3620 2669 3675 Eorum
2700 3624 2819 3690 ‘quae
2864 3620 3114 3688 superius
3143 3618 3282 3673 dixi-

1720 3732 1839 3770 mus
1885 3715 1951 3769 de
1999 3715 2222 3784 psalmis
2246 3714 2335 3785 qui
2379 3714 2496 3770 sine
2520 3713 2891 3769 additamento
2923 3712 3138 3777 Davidi,
3167 3713 3282 3767 sive

1717 3800 1935 3855 Davidis
1976 3796 2370 3868 inscribuntur,
2399 3818 2506 3857 non
2541 3803 2905 3866 immemores,
2935 3803 3041 3857 illis
3072 3804 3124 3856 in
3146 3818 3284 3873 prue-

1718 3892 1853 3947 senti
1883 3892 2253 3959 traditionem,
2291 3910 2410 3965 qua:
2446 3895 2512 3949 ad
2551 3909 2652 3949 nos
2686 3890 2859 3964 uSque
2887 3894 3152 3964 pervenit,
3186 3894 3282 3947 ad-

1713 3985 2087 4055 jiciemus(l).
2121 3985 2211 4040 Sic
2260 3990 2411 4041 aiunt
2455 3988 2637 4057 itaque
2688 3985 2893 4042 Hebraei
2941 3987 3008 4042 de
3057 3987 3281 4057 psalmis

1716 4076 1808 4145 qui
1842 4077 2001 4129 talem
2025 4076 2316 4147 praeferunt
2345 4079 2751 4148 inscriptionem
2775 4120 2788 4143 ,
2818 4087 3068 4149 Oportere
3092 4078 3157 4131 ad
3184 4094 3279 4133 su-

1717 4169 1960 4237 periores
1992 4184 2297 4234 recurrere,
2336 4180 2497 4241 atque
2548 4172 2856 4234 observare,
2884 4173 3104 4241 quinam
3138 4183 3283 4228 esset

1717 4259 1958 4327 psalmus
1989 4260 2081 4330 qui
2113 4262 2328 4331 praeiret
2358 4263 2480 4317 aliis
2503 4258 2985 4333 subsequentibus,
3019 4262 3130 4318 sive
3154 4262 3279 4316 nul-

1716 4349 1822 4403 lam
1865 4366 2087 4420 prorsus
2134 4353 2541 4421 inscriptionem
2585 4352 2902 4418 ferentibus,
2942 4354 3054 4410 sive
3088 4353 3283 4407 Davidi

1716 4442 2022 4510 inscriptis,
2048 4453 2206 4513 atque
2228 4453 2445 4512 accepta
2471 4446 2537 4498 ab
2557 4444 2648 4499 illo
2671 4447 2878 4515 psalmo
2906 4445 3278 4515 inscriptione,

91 4527 247 4591 θόντες
272 4528 329 4591 ἐξ
354 4528 561 4580 ἐκείνου
597 4525 695 4595 τὴν
732 4524 1071 4596 προγραφὴν,
1114 4526 1440 4596 ἐφαρμόζειν
1480 4527 1614 4597 αὐτῇ

1721 4536 2044 4590 sententiam
2076 4536 2524 4603 subsequentium
2555 4539 2888 4607 psalmorum
2924 4539 3026 4611 ipsi
3062 4554 3281 4594 accom-

92 4615 286 4669 καὶτῶν
310 4618 439 4687 μετὰ
459 4616 627 4669 ταῦτα
648 4614 1001 4684 συνημμένων
1025 4615 1123 4686 τὴν
1146 4615 1401 4670 διάνοιαν.
1436 4616 1492 4668 Ὀ
1520 4616 1616 4686 μὲν

92 4703 167 4759 οὖν
193 4708 321 4777 μετὰ
345 4712 551 4780 χεῖρας,
573 4707 653 4772 κζ’
672 4704 767 4767 ὢν,
798 4704 997 4775 ταύτην
1020 4706 1131 4776 ἔχει
1154 4707 1251 4778 τὴν
1276 4708 1616 4781 προγραφὴν,
1640 4728 1651 4737 ·

94 4798 170 4865 καὶ
199 4800 225 4849 6
254 4806 339 4863 κς¹
362 4801 457 4853 καί
486 4801 514 4851 6
550 4805 625 4853 κε’
656 4797 749 4851 καὶ
782 4799 810 4850 6
837 4796 943 4849 κδ”
974 4798 1086 4850 ἀλλ’
1120 4801 1146 4850 6
1176 4805 1258 4866 κγ’
1282 4798 1519 4866 ψαλμὸς
1550 4796 1619 4871 ἦν

97 4883 161 4953 τῷ
179 4889 360 4953 Δαυῖδ,
408 4890 609 4959 ὁμοίως
644 4889 700 4942 δὲ
742 4888 833 4942 καὶ
876 4889 902 4940 6
944 4888 1046 4941 κδ’.
1096 4888 1303 4942 Οὐκοῦν
1335 4888 1622 4943 ἀκόλουθόν

96 4973 211 5039 ἐστι,
238 4981 369 5034 κατὰ
385 4981 481 5053 τὴν
513 4980 804 5053 Ἐὕραῖκὴν
824 4979 1138 5051 παράδοσιν,
1159 4981 1259 5033 ικαὶ
1278 4982 1398 5043 τοὺς
1422 4980 1616 5051 ἐφεξῆς

97 5066 275 5133 πάντας
303 5071 542 5142 ψαλμοὺς
564 5070 702 5126 εἶναι
732 5073 1146 5143 ὑπολαμϐάνειν,
1181 5072 1277 5136 ὡς,
1320 5073 1456 5126 κατὰ
1496 5062 1614 5127 τοῦέ-

97 5168 168 5207 τον
194 5158 279 5209 τὸν
305 5158 473 5227 λόγον,
514 5163 608 5215 καὶ
633 5163 741 5215 -τὸν
786 5162 921 5233 μετά
960 5164 1142 5232 χεῖρας
1188 5161 1432 5231 ἡγεῖσθαι
1481 5160 1614 5217 εἶναι

98 5245 299 5315 ψαλμὸν,
329 5252 641 5322 περιέχοντα
676 5252 875 5323 δέησιν.
1526 5300 1529 5303 λ

154 5337 306 5393 Τοῦτο
338 5341 441 5415 γάρ
482 5342 806 5412 παρίστησιν
847 5344 1008 5408 αὐτὸς
1048 5344 1247 5415 προῖὼν
1289 5348 1380 5398 καὶ
1420 5347 1610 5416 λέγων·

104 5429 440 5486 Είσὰκουσον
468 5429 576 5499 τῆς
616 5431 817 5500 φωνῆς
860 5433 970 5501 τῆς
1015 5434 1274 5499 δεήσεώς
1300 5455 1415 5506 μου
1445 5440 1513 5493 ἐν
1540 5440 1618 5506 τῷ

161 5584 200 5613 ι·
237 5584 410 5643 uana.
435 5603 488 5655 ν,
523 5588 577 5643 ι.

1719 4626 1927 4679 modari
1959 4634 2227 4694 oportere.
2260 4624 2507 4682 Prmsens
2535 4630 2716 4699 itaque
2746 4631 2985 4701 psalmus
3014 4632 3103 4700 qui
3133 4646 3280 4683 xxvii

1720 4722 1823 4777 est,
1858 4714 2015 4768 istam
2061 4714 2219 4767 habet
2265 4715 2697 4786 inscriptionem,
2749 4720 3057 4789 pariterque
3111 4735 3237 4774 τινι
3264 4762 3280 4785 ,

1721 4820 1825 4858 xxv
1852 4811 1907 4857 et
1938 4818 2064 4855 χχιιι
2097 4824 2108 4857 :
2144 4794 2243 4858 sed
2272 4822 2403 4860 χχιιι
2435 4808 2672 4876 psalmus
2702 4817 2820 4863 erat
2851 4806 3045 4869 Davidi
3090 4808 3285 4864 inscri-

1724 4902 1866 4966 ptus.
1900 4894 2259 4966 similiterque
2285 4914 2423 4963 xxu,
2454 4898 2594 4953 unde
2630 4899 2928 4955 secundum
2959 4898 3283 4958 Hebraicam

1720 4984 2064 5038 traditionem
2116 5001 2453 5056 consequens
2498 4992 2612 5051 est,
2663 4987 2901 5059 reliquos
2949 5005 3137 5046 omnes
3184 5007 3281 5061 pro

1722 5076 1945 5146 psalmis
1995 5076 2061 5130 ad
2118 5078 2359 5137 eamdem
2389 5076 2652 5132 raticnem
2689 5077 3017 5149 reputandos
3047 5094 3186 5141 esse.
3218 5096 3282 5136 ac

1724 5174 2043 5237 praesentem
2074 5170 2322 5226 similiter
2349 5170 2619 5243 psalmum
2666 5170 3090 5241 supplicationes
3132 5186 3282 5228 com-

1722 5259 2067 5328 plectentem.

1793 5350 1930 5412 [llud
1971 5368 2069 5422 per
2114 5364 2173 5413 se
2220 5355 2459 5409 declarat
2490 5356 2572 5416 vel
2610 5354 2725 5424 ipse
2769 5355 3032 5424 psalmus,
3061 5354 3191 5411 dum
3226 5357 3281 5412 in

1724 5444 2076 5511 sequentibus
2105 5446 2184 5500 sic
2212 5446 2372 5502 habet
2399 5465 2414 5501 :
2441 5445 2654 5501 Exaudi
2688 5452 2873 5502 vocem'
2902 5446 3281 5516 deprecationis

333 5743 870 5829 gpnsculo‘Origenis
894 5762 923 5801 a
949 5746 1434 5829 nobispropcdiem
1458 5749 1687 5821 edendo,
1722 5754 1865 5825 quod
1934 5751 2009 5824 ab,
2029 5750 2357 5825 Hieronymo
2390 5753 2662 5821 laudatur.
2703 5754 2816 5811 haec
2856 5754 2974 5826 ipsa
3023 5752 3271 5812 Hebraeo-

114 5819 207 5859 tum
239 5814 439 5870 traditio
465 5816 706 5873 affertur.
