3960 6342
718 417 823 471 247

1431 412 1695 470 EUSEBII
1733 412 2202 470 CIESARIENSIS
2241 410 2391 468 OPP.
2434 410 2613 465 PARS
2653 409 2738 463 ΙΙΙ.
2779 441 2847 451 ο·-
2886 408 3290 465 EXEGETICA.
3833 412 3892 465 ει

719 548 845 586 mea
868 532 992 585 dum
1013 547 1105 585 oro
1127 530 1194 584 ad
1228 537 1292 583 te.
1326 528 1499 596 Quam
1526 545 1659 585 vero
1687 538 1918 585 mentem
1944 528 2276 600 deprecatio-

2379 526 2617 587 δέεσθαι
2639 544 2714 596 με
2738 525 2886 594 πρὸς
2906 525 2997 578 σέ.
3025 525 3154 577 Τίνα
3181 526 3237 579 δὲ
3264 524 3501 580 διάνοιαν
3530 528 3776 598 περιέχει
3805 534 3834 580 6
3853 530 3892 581 τὲ

717 626 803 680 nis
829 623 997 681 series
1026 624 1297 693 praeferat,
1324 638 1421 693 age
1450 628 1704 699 accurate
1725 622 2137 693 perpendamus.
2157 622 2283 675 Cla-

716 730 864 770 mare
890 728 948 769 se
968 713 1103 768 dicit
1126 714 1193 768 ad
1220 713 1526 781 Dominum,
1561 721 1722 783 atque
1746 714 1897 767 illum
1928 721 1985 767 ut
2006 713 2282 783 proprium

714 807 818 861 sibi
859 805 1025 861 Deum
1054 807 1331 861 invocare.
1366 804 1447 860 Tu
1476 805 1757 871 enim,ait,
1781 805 2038 877 dignatus
2062 820 2122 861 es
2152 820 2287 858 nun-

714 898 899 966 cupari
948 896 1091 952 Deus
1138 911 1313 963 meus,
1340 905 1399 951 ut
1429 897 1842 967 promissionem
1877 897 2025 950 illam
2078 894 2285 949 sanctis

713 989 840 1044 viris
874 988 1054 1043 datam
1086 1002 1360 1043 assereres
1389 1008 1401 1043 :
1442 988 1506 1042 Et
1539 1005 1627 1043 ero
1652 988 1864 1043 illorum
1896 987 2063 1063 Deus,
2096 994 2145 1040 et
2179 985 2285 1054 ipsi

712 1086 864 1133 erunt
896 1075 1023 1128 mihi
1049 1072 1270 1141 populus
1296 1072 1382 1123 ⁵¹⁶.
1409 1070 1604 1142 Excipe
1637 1070 2046 1140 deprecationem
2080 1080 2268 1133 meam,

716 1180 765 1226 et
800 1187 862 1223 ne
902 1168 1057 1221 sileas
1100 1183 1131 1219 a
1158 1182 1258 1230 me,
1308 1164 1581 1236 nequando
1625 1174 1796 1217 taceas
1845 1179 1878 1215 a
1909 1177 2009 1227 me,
2054 1168 2105 1214 et
2133 1159 2271 1213 assi-

721 1260 945 1315 milabor
984 1258 1407 1313 descendentibus
1449 1258 1501 1310 in
1551 1256 1744 1312 lacum.
1791 1254 1916 1310 Haec
1959 1255 2169 1309 dicebat
2217 1252 2271 1305 in

722 1351 1017 1408 certamine
1062 1350 1391 1423 constitutus
1436 1367 1451 1404 :
1492 1364 1562 1404 ne
1604 1348 1671 1404 iis
1719 1348 1809 1417 qui
1864 1356 1986 1417 post
2032 1344 2275 1400 mortalis

723 1443 949 1512 hujusce
982 1444 1105 1497 vita:
1144 1441 1348 1497 exitum
1394 1441 1449 1496 in
1489 1441 1684 1496 mortis
1718 1441 1892 1495 lacum
1922 1438 2273 1502 descendunt,

724 1535 916 1590 similis
966 1534 1135 1589 tieret.
1178 1531 1403 1595 Etiamsi
1455 1534 1599 1588 enim
1654 1534 1707 1587 in
1759 1531 2022 1602 superiori
2063 1529 2275 1601 psalmo

714 1618 910 1671 dixerit
944 1637 958 1673 :
987 1618 1152 1674 Credo
1174 1620 1343 1673 videre
1377 1620 1511 1673 bona
1556 1619 1768 1674 Domini
1813 1622 1867 1674 in
1915 1632 2055 1676 terra
2106 1624 2280 1675 viven-

715 1712 844 1763 tium
860 1712 927 1775 '3;
945 1719 1179 1767 attamen
1211 1720 1270 1766 ut
1302 1712 1463 1767 homo
1486 1712 1663 1766 adhuc
1692 1728 1857 1768 carne
1880 1715 2276 1776 circumdatus,

713 1802 785 1856 ob
808 1802 929 1857 vitae
958 1804 1288 1858 debilitatem
1320 1820 1384 1859 ac
1412 1805 1802 1859 volubilitatem
1834 1806 2163 1859 decertabat.
2193 1807 2279 1858 Si-

2384 619 2622 689 δεήσεως
2649 619 2826 688 λόγος,
2849 618 2981 689 φέρε
3010 618 3446 689 κατανοήσωμεν.
3478 619 3615 690 Βοᾷν
3649 620 3784 690 φησὶ
3814 638 3887 690 πρ

2385 710 2603 782 Κύριον,
2634 708 3007 765 ἐπικαλεῖσθαί
3033 726 3089 762 τε
3128 708 3286 761 αὑτὸν
3343 708 3417 772 ὡς
3449 710 3575 764 ἴδιον
3602 709 3765 764 αὑτοῦ
3796 708 3891 761 Θεό

2385 804 2456 856 Σὺ
2488 803 2616 876 γὰρ,
2646 804 2829 875 φησὶν,
2858 803 2886 854 6
2915 799 3255 865 καταξιώσας
3285 800 3417 871 ἐμὸς
3441 801 3773 873 χρηματίσαι
3796 803 3891 853 Θεὴ

2384 894 2505 947 καθ’
2546 896 2611 965 ἢν
2647 894 2997 966 περιποιῆσαι
3042 892 3180 964 πρὸς
3221 891 3347 955 τοὺς
3388 892 3573 960 ἁγίους
3618 893 3891 959 ἐπαγγελῇ

2383 985 2568 1039 εἰπών·
2602 988 2709 1041 Καὶ
2734 988 2946 1056 ἔσομαι
2969 984 3166 1039 αὐτῶν
3187 984 3351 1050 Θεὸς,
3377 985 3475 1038 καὶ
3498 985 3669 1045 αὐτοὶ
3704 984 3888 1037 ἔσοντ

2376 1096 2479 1147 μοι
2510 1062 2674 1144 λαός.
2704 1077 3037 1147 Παράδεξαί
3057 1096 3173 1147 μου
3202 1076 3318 1144 τὴν
3341 1076 3570 1144 δέησιν.
3602 1076 3715 1129 Καὶ
3734 1075 3824 1145 μὴ
3853 1093 3891 1126 π

2374 1160 2774 1238 ρασιωπήσῃς
2822 1170 2922 1223 ἀπ’
2967 1168 3134 1238 ἐμοῦ,
3189 1167 3423 1238 μήποτε
3472 1167 3891 1236 παρασιωπήσῃ

2379 1262 2481 1316 ἀπ’
2514 1260 2680 1330 ἐμοῦ,
2724 1260 2821 1316 καὶ
2860 1260 3292 1330 όμοιωθήσομαι
3326 1260 3450 1326 τοῖς
3485 1260 3891 1313 καταϐαίνουσ

2378 1355 2467 1418 εἰς
2503 1350 2748 1407 λάκκον.
2779 1352 2961 1406 Ταῦτα
2989 1351 3032 1404 δ’
3068 1351 3304 1421 ἔφασκεν
3333 1355 3390 1405 ὲν
3411 1352 3619 1424 ἀγωνίᾳ
3648 1350 3891 1405 καθεστώ

2383 1445 2456 1515 μή
2493 1462 2566 1515 πη
2597 1444 2703 1515 ἄρα
2739 1446 2851 1507 τοῖς
2882 1444 3017 1515 μετὰ
3054 1442 3150 1515 τὴν
3185 1444 3439 1499 ἀνάλυσιν
3463 1444 3557 1498 τοῦ
3595 1443 3796 1515 Θνητοῦ
3840 1444 3888 1513 βί

2378 1536 2791 1591 καταϐαίνουσιν
2814 1538 2892 1600 εἰς
2923 1536 3013 1589 τὸν
3040 1536 3132 1589 τοῦ
3163 1535 3389 1591 θανάτου
3418 1536 3619 1591 λάκκον
3640 1554 3891 1610 παρομοιι

2379 1628 2516 1698 θείη.
2565 1630 2627 1681 Εἰ
2659 1628 2767 1701 γὰρ
2814 1629 2882 1681 τὰ
2932 1622 3163 1699 μάλιστα
3209 1630 3267 1681 ὲν
3312 1628 3387 1700 τῷ
3435 1629 3539 1701 πρὸ
3572 1629 3765 1683 τούτου
3802 1630 3891 1681 ἕλει

2374 1721 2590 1793 ψαλμῷο
2640 1721 2907 1775 Πιστεύω
2934 1721 3038 1774 τοῦ
3056 1720 3204 1774 ἰδεῖν
3227 1721 3297 1776 τὰ
3319 1722 3508 1791 ἀγαθά
3537 1724 3765 1791 Κυρίου
3786 1724 3891 1791 ἐν]

2382 1811 2637 1874 ζώντων·
2683 1813 2795 1867 ἀλλ’
2824 1813 2974 1883 ὅμως
3014 1812 3090 1877 ὡς
3126 1813 3428 1885 ἄνθρωπος,
3472 1816 3551 1868 ἔτι
3587 1815 3771 1887 σάρκα
3802 1833 3891 1886 περ

718 1893 931 1962 quidem
951 1903 1004 1949 et
1031 1896 1144 1965 ipse
1170 1894 1461 1965 Apostolus
1489 1896 1826 1963 decertabat,
1854 1912 1917 1951 ne
1940 1897 2061 1952 aliis
2086 1896 2276 1967 pracdi-

2380 1906 2647 1975 κείμενος,
2678 1880 2886 1973 ἠγωνία
2915 1903 3002 1956 διὰ
3029 1906 3089 1956 τὸ
3111 1880 3307 1977 σαθρὸν
3339 1906 3432 1958 καὶ
3463 1880 3828 1978 εὐμετάϐολον
3855 1880 3892 1959 τι

715 1999 848 2039 cans
876 1985 991 2054 ipse
1021 1986 1282 2056 reprobus
1312 1986 1725 2043 inveniretur“.
1758 1986 1958 2040 Lacum
1992 1996 2169 2043 autem
2192 2004 2303 2043 so-r

714 2077 827 2130 lent
855 2076 1022 2130 divini
1049 2076 1171 2131 libri
1206 2092 1516 2147 nuncupare
1539 2078 1840 2133 animarum
1862 2078 2198 2134 domicilium
2224 2081 2277 2135 in

715 2167 950 2233 inferno,
990 2178 1045 2222 ut
1095 2184 1289 2224 vocare
1338 2179 1756 2231 consueverunt.
1787 2170 1942 2238 Quod
1968 2173 2129 2227 etiam
2160 2173 2279 2242 ipse

714 2258 879 2313 David
913 2259 1172 2324 declarat,
1207 2261 1334 2315 dum
1373 2278 1479 2316 non
1514 2262 1673 2341 longe
1718 2262 1846 2316 hinc
1894 2263 1947 2317 in
1980 2278 2112 2316 χχιιι
2143 2263 2279 2333 psal-

715 2364 805 2404 mo
837 2351 962 2404 talia
994 2350 1133 2406 fatur
1162 2372 1174 2406 :
1212 2352 1431 2407 Domine
1480 2353 1618 2407 Deus
1650 2369 1814 2419 meus,
1836 2355 2060 2407 clamavi
2088 2353 2156 2406 ad
2208 2362 2275 2417 te,

713 2453 764 2495 et
789 2443 993 2498 sanasti
1023 2460 1102 2497 me
1125 2460 1143 2497 :
1183 2443 1426 2507 Domine,
1455 2443 1682 2497 eduxisti
1716 2460 1779 2499 ex
1810 2444 2012 2513 inferno
2043 2444 2277 2499 animum

718 2549 925 2595 meam;
969 2534 1187 2588 salvasti
1218 2551 1296 2588 me
1326 2551 1358 2587 a
1387 2535 1809 2589 descendentibus
1847 2536 1901 2588 in
1942 2535 2133 2588 lacum.
2187 2534 2277 2589 Vi-

712 2624 838 2679 den‘
866 2625 1136 2693 quomodo
1161 2625 1346 2681 eodem
1373 2626 1425 2680 in
1455 2628 1574 2681 loco
1602 2626 1871 2681 infernum
1890 2637 1943 2681 et
1966 2629 2140 2681 lacum
2173 2642 2273 2681 una

714 2717 1028 2787 copulavit?
1072 2716 1177 2773 Sed
1206 2717 1261 2772 in
1291 2721 1543 2788 praesenti
1578 2720 1795 2791 quidem
1829 2721 2039 2790 psalmo
2070 2721 2274 2775 clamo-

712 2826 825 2865 rem
855 2810 922 2865 ad
948 2809 1114 2865 Deum
1138 2812 1355 2873 emittit,
1386 2827 1584 2881 rogans
1609 2828 1715 2866 non
1739 2810 2029 2867 assimilari
2053 2811 2273 2868 descen-

712 2902 963 2959 dentibus
1001 2904 1055 2957 in
1086 2903 1294 2969 lacum;
1337 2911 1392 2956 at
1432 2905 1486 2957 in
1518 2920 1660 2958 nono
1692 2912 1747 2958 et
1778 2904 2038 2973 vigesimo
2068 2904 2273 2957 oratio-

716 3010 838 3049 nem
870 2995 971 3049 sibi
1020 2996 1157 3050 bene
1186 2995 1421 3049 cessisse
1463 2996 1807 3056 testiticatur,
1840 2997 1918 3048 sic
1950 2994 2135 3050 aiens:
2165 2995 2272 3050 Do-

720 3088 876 3150 mine,
907 3087 1132 3140 clamaui
1171 3087 1238 3139 ad
1273 3096 1339 3149 te,
1373 3096 1422 3140 et
1467 3087 1672 3140 sanasti
1711 3101 1826 3150 me;
1870 3086 2086 3140 salvasti
2124 3104 2201 3141 me
2236 3105 2272 3144 α

713 3177 1137 3232 descendentibus
1178 3179 1231 3231 in
1270 3178 1527 3231 lacum".
1559 3176 1871 3247 Opportune
1913 3186 2089 3232 autem
2117 3180 2272 3236 lacus

719 3270 920 3325 dicitur
957 3270 1259 3323 animarum
1291 3271 1345 3324 in
1380 3270 1593 3325 inferno
1624 3272 1980 3325 domicilium.
2009 3270 2276 3336 Quemad-

717 3364 936 3417 modum
986 3365 1127 3418 enim
1160 3365 1307 3419 lacus
1340 3366 1737 3435 receptaculum
1773 3375 1857 3419 est
1886 3379 2147 3437 aquarum
2182 3364 2278 3421 de-

715 3470 880 3523 super
908 3469 972 3509 ac
1000 3470 1030 3510 e
1061 3455 1277 3510 sublimi
1312 3457 1452 3511 istuc
1483 3456 1866 3523 decidentium,
1900 3461 1979 3514 sic
2008 3466 2063 3513 et
2086 3459 2275 3514 mortis

712 3550 885 3617 regio,
919 3549 1007 3603 cui
1038 3564 1234 3603 nomen
1271 3548 1537 3611 infernus,
1577 3563 1669 3603 eas
1710 3565 1830 3623 quae
1867 3568 1896 3605 τι
1929 3554 2175 3622 supernis
2209 3568 2277 3607 ex

716 3640 952 3694 humana
982 3640 1091 3695 vita
1126 3642 1266 3695 istuc
1297 3641 1555 3695 decidunt
1587 3643 1797 3698 animas
1828 3644 2125 3714 excipiens,
2154 3644 2277 3714 jure

714 3730 865 3793 lacus
898 3731 1222 3800 appellatur.
1249 3730 1627 3804 Rogatitaque
1652 3743 1709 3788 ut
1740 3750 1807 3789 ne
1829 3736 1885 3789 in
1919 3746 2275 3791 memoratum

715 3822 892 3872 lacum
923 3835 1027 3875 una
1064 3835 1186 3876 cum
1227 3826 1346 3879 aliis
1381 3824 1717 3879 detrahatur.
1752 3825 1817 3877 Et
1848 3825 1950 3879 hoc
1980 3842 2110 3881 sane
2143 3827 2275 3881 mihi

715 3917 1009 3981 continget,
1033 3914 1127 3978 ait,
1152 3915 1196 3969 si
1233 3917 1463 3984 reliquis
1488 3915 1798 3969 hominibus
1828 3918 2021 3972 similis
2051 3918 2274 3973 evadam

716 4007 807 4073 (ιιιί
850 4008 947 4061 abs
979 4012 1030 4058 te
1060 4020 1165 4059 non
1199 4006 1582 4067 exaudiuntur,
1612 4006 1754 4074 quod
1787 4015 1871 4060 est
1898 4010 2195 4064 aversionis
2225 4016 2279 4063 et

714 4096 823 4150 ndii
858 4096 933 4149 tui
963 4096 1197 4167 signum.
1221 4094 1365 4149 Loco
1394 4102 1576 4149 autem
1615 4095 1797 4166 hujus,
1837 4114 1897 4151 ne
1928 4098 2083 4152 sileas
2115 4116 2147 4151 a
2174 4115 2275 4161 me,

717 4187 1093 4255 Symmachus,
1145 4203 1207 4241 ne
1247 4196 1420 4240 taceas
1452 4200 1518 4240 ex
1553 4205 1651 4251 me,
1690 4189 1889 4255 habet;
1935 4206 2004 4243 ne
2046 4189 2183 4243 forte
2226 4201 2279 4243 te

711 4279 903 4346 procul
945 4295 1030 4333 me
1074 4279 1411 4350 quiescente,
1458 4279 1653 4335 similis
1694 4282 1795 4334 sim
1825 4280 2277 4337 descendentibus

716 4369 769 4422 in
807 4370 1008 4425 lacum.

2381 1996 2516 2066 βίου.
2559 1997 2709 2050 Ἐπεὶ
2738 1997 2831 2050 καὶ
2855 1999 2883 2049 6
2916 1996 3234 2060 ’Λπόστολος
3259 1997 3487 2066 ἠγωνία,
3519 1999 3741 2068 μήπως,
3776 1998 3891 2051 ἄλλα

2379 2085 2641 2156 κηρύξας,
2672 2086 2831 2148 αὐτὸς
2866 2084 3120 2156 ἀδόκιμος
3148 2084 3388 2156 γένηται.
3421 2083 3635 2139 Λάκκον
3663 2086 3723 2139 δὲ
3756 2086 3891 2139 είὼθι

2380 2194 2462 2228 σιν
2483 2179 2531 2229 οἱ
2555 2178 2686 2229 θεῖοι
2711 2177 2857 2245 λόγοι
2884 2178 3168 2247 ὀνομάζειν
3195 2177 3257 2230 τὸ
3286 2176 3393 2230 τῶν
3417 2176 3606 2246 ψυχῶν
3632 2178 3887 2249 οἱκητήρι

2376 2264 2437 2317 τὸ
2469 2267 2527 2318 ὲν
2564 2265 2643 2335 τῷ
2668 2266 2980 2337 καλουμένῳ
3012 2265 3137 2339 ᾄδῃ·
3175 2265 3204 2319 ὂ
3247 2265 3311 2337 δὴ
3353 2265 3683 2337 παρίστησιν
3727 2266 3887 2328 αὐτὸς

2376 2352 2537 2407 Δαυῒδ
2563 2354 2660 2406 οὑκ
2684 2356 2760 2417 εἰς
2783 2344 2995 2426 μακρὰῆ
3023 2357 3081 2408 ὲν
3106 2354 3183 2427 τῷ
3204 2355 3283 2409 κθ⁹
3306 2354 3505 2426 ψαλμῷ
3538 2355 3739 2423 λέγων·
3778 2358 3891 2421 Κύρ

2380 2440 2411 2492 ὁ
2441 2445 2583 2509 Θεός
2610 2462 2742 2509 μου,
2770 2444 3061 2517 ἐκέκραξα
3093 2447 3239 2515 πρὸς
3272 2448 3367 2513 σὲ,
3396 2448 3491 2502 καὶ
3527 2446 3677 2501 ἰάσω
3700 2464 3804 2517 με·
3834 2452 3891 2499 Kl

2367 2552 2479 2603 ριε,
2500 2534 2794 2605 ἀνήγαγες
2814 2535 2881 2600 ἐξ
2905 2536 3051 2603 ᾅδου
3078 2537 3192 2606 τὴν
3216 2538 3427 2607 ψυχήν
3448 2554 3586 2607 μου’
3615 2537 3858 2603 Ean)ch
3874 2557 3891 2605 γ

2373 2625 2492 2679 ἀπὸ
2526 2624 2643 2678 τῶν
2671 2627 3147 2679 καταϐαινόντων
3168 2629 3255 2692 είς
3284 2627 3534 2683 λάκκον.
3590 2628 3760 2699 Ὁρᾷς
3804 2628 3891 2679 ὄπι

2371 2717 2461 2770 τὸν
2489 2717 2622 2789 ᾅδην
2650 2720 2743 2770 καὶ
2775 2717 2863 2771 τὸν
2891 2716 3090 2771 λάκκον
3117 2719 3173 2771 ὲν
3212 2718 3397 2789 ταύτῷ
3425 2718 3511 2771 διὰ
3547 2717 3758 2772 τούτων
3786 2720 3891 2770 συνῖ

2370 2811 2503 2881 dav;
2534 2809 2671 2862 Ἀλλ’
2695 2811 2751 2862 ἐν
2777 2810 2874 2880 μὲν
2900 2808 2978 2881 τῷ
3005 2808 3142 2880 μετὰ
3162 2812 3349 2881 χεῖρας
3376 2809 3502 2880 βοὰς
3534 2811 3671 2883 πρὸς
3698 2810 3795 2863 τὸν
3819 2807 3885 2860 Θ;

2369 2904 2612 2974 ἀφίησιν,
2630 2903 2960 2974 παρακαλῶν
2979 2904 3053 2974 μὴ
3068 2903 3395 2974 ὁμοιωθῆναι
3408 2906 3516 2965 τοῖς
3531 2903 3862 2956 καταϐαίνοι)
3872 2920 3892 2953 σ

2369 2996 2448 3058 εἰς
2475 2994 2691 3047 λάκκον·
2712 2998 2769 3047 ὲν
2793 2994 2847 3045 δὲ
2867 2994 2943 3063 τῷ
2964 2994 3166 3064 ὲννάτῳ
3192 2996 3285 3047 καὶ
3310 2995 3534 3066 εἰκοστῷ
3554 2995 3891 3067 κατωρθῶεθη

2368 3086 2518 3157 αὑτῴ
2540 3086 2605 3139 τὰ
2625 3086 2721 3155 τῆς
2748 3086 2913 3155 εὐχῆς
2933 3085 3169 3139 διδάσκει
3201 3085 3391 3154 λέγων·
3430 3088 3627 3156 Κύριε,
3655 3088 3892 3156 ἐκέκριαέ

2373 3183 2523 3247 πρὸς
2549 3178 2643 3241 σὲ,
2682 3179 2957 3232 καΗάσω
2984 3195 3080 3247 με·
3114 3178 3354 3247 ἕσωσάς
3375 3178 3450 3251 με
3475 3181 3590 3235 ἀπὸ
3620 3180 3747 3234 τῶν
3773 3199 3889 3233 κατι

2374 3273 2695 3326 ὄαινόντων
2730 3274 2815 3336 εὶς
2843 3270 3094 3327 λάκκον.
3133 3272 3433 3345 Προσφυῶς
3465 3273 3521 3326 δὲ
3565 3273 3771 3337 λάκκος
3820 3274 3889 3325 ὼν

2378 3379 2578 3435 μασται
2616 3363 2677 3417 τὸ
2702 3365 2756 3419 ὲν
2785 3362 2862 3435 τῷ
2886 3365 2984 3437 ᾄδῃ
3007 3364 3115 3417 τῶν
3142 3364 3327 3434 ψυχῶν
3351 3365 3685 3435 οἰκητήριον.
3729 3365 3819 3427 Ὠς
3845 3368 3890 3432 γέ

2374 3457 2402 3508 6
2436 3455 2634 3518 λάκκος
2666 3456 2869 3526 δοχεῖόν
2908 3459 3022 3509 ἐστι
3063 3457 3168 3509 τῶν
3211 3456 3412 3510 ἄνωθεν
3447 3458 3537 3509 καὶ
3576 3456 3635 3521 ἐξ
3674 3456 3841 3526 ὕψους
3869 3474 3889 3507 ε

2375 3546 2532 3599 αὐτὸν
2566 3548 3021 3618 καταφερομένων
3053 3548 3276 3601 ὑδάτων·
3316 3547 3407 3600 τὸν
3434 3548 3595 3601 αὑτὸν
3626 3550 3830 3620 τρόπον
3858 3566 3887 3599 κ

2374 3638 2403 3690 6
2430 3637 2522 3691 τοῦ
2553 3638 2782 3693 θανάτου
2810 3640 3006 3709 χῶρος,
3035 3642 3063 3692 6
3095 3639 3425 3711 καλούμενος
3452 3640 3582 3711 ᾇδης
3611 3642 3713 3704 τὰς
3747 3641 3881 3694 ἄνωΟ

2374 3730 2480 3784 ἀπὸ
2512 3730 2603 3784 τοῦ
2632 3730 2738 3784 τῶν
2767 3729 3068 3801 ἀνθρώπων
3108 3729 3223 3800 βίου
3258 3733 3336 3793 είς
3368 3730 3527 3783 αὐτὸν
3568 3748 3887 3800 καταφερομ

2376 3839 2469 3884 νας
2494 3821 2669 3892 ψυχάς
2702 3820 3111 3890 ὑποδεχόμενος,
3158 3820 3450 3891 προσφυῶς
3492 3821 3699 3884 λάκκος
3733 3823 3888 3891 ὠνόμς

2378 3930 2519 3966 σται.
2576 3912 2891 3983 Παρακαλεῖ
2934 3911 3112 3963 τοίνυν
3156 3912 3229 3983 μὴ
3282 3913 3711 3984 συνελκυσθῆυαι
3746 3917 3823 3977 είς
3860 3934 3885 3966 τ

2376 4004 2737 4075 δεδηλωμένον
2762 4005 2982 4057 λάκκον.
3009 4002 3176 4057 Τοῦτο
3196 4004 3271 4068 δὲ,
3298 4005 3479 4074 φησὶν,
3503 4004 3682 4069 ἔσται,
3702 4009 3749 4059 εί
3770 4008 3883 4076 ὀμοι

2377 4096 2634 4165 γενοίμην
2658 4099 2770 4159 τοῖς
2791 4096 2993 4156 λοιποῖς
3018 4094 3321 4167 ἀνθρώποις
3349 4099 3460 4160 τοῖς
3490 4098 3564 4168 μὴ
3597 4101 3885 4168 είσακουομ

2376 4204 2487 4249 νοις
2509 4188 2612 4239 ὑπὸ
2632 4188 2744 4240 σοῦ·
2769 4187 2796 4239 ὃ
2819 4188 2882 4256 δὴ
2907 4191 3128 4257 σημεῖον
3151 4189 3404 4259 τυγχάνει
3423 4190 3521 4260 τῆς
3555 4191 3655 4261 σῆς
3686 4193 3885 4259 ἀποστρ

2379 4280 2506 4349 φῆς.
2549 4281 2690 4332 Ἀντὶ
2715 4279 2770 4331 δὲ
2806 4279 2921 4332 τοῦθ
2958 4280 3053 4347 Μὴ
3086 4282 3559 4351 παρασιωπήσῃς
3587 4286 3694 4346 ἀπ’
3721 4285 3881 4354 ἐμοῦ,

2380 4371 2692 4442 Σύμμαχος,
2710 4371 2795 4441 μὴ
2821 4372 3083 4441 σιγήσῃς
3105 4374 3173 4437 ἐξ
3196 4376 3359 4444 ἐμοῦ,
3387 4366 3534 4445 φησί·
3562 4378 3798 4447 μήποτε,
3823 4378 3886 4445 ip

2378 4464 2640 4533 χάσαντός
2669 4481 2761 4515 σου
2788 4464 2985 4517 άποθέν
3012 4482 3132 4536 μου,
3162 4466 3412 4538 ὁμοιωθῶ
3441 4472 3552 4533 τοῖς
3583 4470 3879 4524 καταϐαίνο

2380 4569 2464 4605 σιν
2491 4556 2571 4617 εἰς
2594 4554 2811 4607 λάκκον.

785 4624 950 4682 Vens.
986 4629 1035 4683 5.
1078 4630 1339 4696 Quoniam
1370 4651 1471 4687 non
1505 4638 1872 4692 ἱηιείίεηιιι...
1909 4661 2064 4706 υμεια
2094 4642 2272 4693 Domi-

2416 4644 2563 4695 -Ὅτι
2596 4646 2665 4696 οὐ
2698 4644 2973 4712 συνῆκαν
2998 4650 3083 4713 εὶς
3112 4650 3180 4702 τὰ
3206 4650 3348 4718 ἔργα
3376 4652 3616 4719 Κυρίου,
3646 4652 3747 4707 καὶ
3772 4654 3884 4715 sic:

717 4719 793 4783 ni,
823 4730 872 4774 et
905 4723 956 4774 in
988 4738 1143 4783 opera
1188 4742 1438 4779 manuum
1479 4728 1612 4796 ejus,
1644 4728 1877 4783 destrues
1914 4731 2057 4795 illos,
2091 4740 2139 4784 et
2168 4748 2271 4783 non

717 4812 1002 4883 adiﬁcabis
1036 4832 1141 4872 eos.
1186 4815 1361 4888 Opera
1405 4820 1619 4875 Domini
1672 4822 1875 4877 dixeris
1930 4823 2270 4877 conditarum

717 4905 959 4960 omnium
997 4922 1175 4961 rerum
1217 4912 1600 4973 substantiam,
1636 4928 1797 4980 quam
1826 4929 1887 4966 ex
1917 4930 2024 4966 non
2055 4922 2276 4967 exstan-

720 4996 865 5052 tibus
908 4998 973 5052 ad
1014 5000 1385 5055 exsistentiam
1432 5003 1655 5057 deduxit
1688 5004 2063 5058 universorum
2094 5005 2270 5075 opifex

720 5087 861 5142 Deus
892 5108 903 5141 :
932 5105 1093 5159 opera
1120 5103 1305 5147 autem
1340 5110 1595 5149 manuum
1626 5096 1765 5163 ejus.
1799 5111 1978 5148 rerum
2010 5096 2275 5151 factarum

719 5180 1256 5249 administrationem,
1290 5199 1395 5253 qua
1421 5187 1681 5256 prospicit
1708 5201 1770 5240 ac
1803 5186 2102 5254 dispensat,
2136 5188 2270 5242 Pro-

717 5274 966 5329 videntiae
999 5289 1110 5328 suae
1139 5276 1432 5332 virtutibus
1461 5293 1562 5333 ceu
1594 5280 1842 5335 manibus
1869 5279 2049 5332 omnia
2079 5281 2277 5351 guber-

721 5384 874 5422 [1308.

802 5459 955 5513 Vens.
988 5459 1041 5521 6,
1075 5459 1128 5511 7.
1172 5460 1483 5515 Benedictus
1525 5460 1683 5528 Deus,
1718 5463 1962 5533 quoniam
2002 5463 2268 5517 exaudivit

723 5567 891 5604 vocem
922 5550 1298 5619 deprecationis
1325 5571 1471 5607 meae.
1512 5552 1765 5607 Dominus
1806 5554 2019 5623 adjutor
2048 5572 2187 5608 meus
2223 5564 2271 5608 et

721 5651 981 5714 protector
1006 5660 1186 5698 mens:
1215 5646 1266 5698 in
1301 5646 1411 5715 ipso
1444 5648 1668 5715 speravit
1696 5664 1784 5701 cor
1816 5665 2005 5713 meum,
2047 5658 2093 5702 et
2125 5649 2276 5717 adju-

2371 4735 2512 4801 ἔργα
2549 4733 2663 4787 τῶν
2695 4736 2909 4804 χειρῶν
2944 4740 3149 4801 αὐτοῦ,
3180 4740 3450 4806 καθελεῖς
3479 4742 3725 4807 αὐτοὺς,
3750 4742 3841 4805 καὶ
3870 4758 3884 4793 ι

2368 4822 2452 4891 μὴ
2490 4825 2899 4894 οἱκοδομήσεις
2934 4822 3171 4893 αὐτούς.
3224 4828 3398 4896 Ἔργα
3433 4827 3488 4881 δὲ
3532 4830 3745 4900 Κυρίου
3775 4828 3884 4880 sine

2375 4914 2438 4967 ἂν
2477 4916 2573 4987 τὴν
2618 4917 2723 4969 τῶν
2753 4918 2992 4989 γενητῶν
3025 4922 3239 4974 πάντων
3272 4921 3587 4986 ὑπόστασιν,
3628 4922 3753 4975 καθ’
3782 4922 3844 4989 ἢν

2376 5007 2473 5058 οὑκ
2499 5007 2665 5059 ὄντων
2696 5010 2775 5071 εἰς
2819 5010 2879 5062 τὸ
2919 5007 3053 5064 εἶναι
3097 5011 3165 5063 τὰ
3205 5012 3378 5065 πάντα
3410 5014 3731 5083 παρήγαγεν
3771 5013 3797 5064 6
3834 5011 3882 5063 τι]

2380 5097 2591 5151 πάντων
2613 5100 2838 5170 ποιητὴς
2867 5101 3014 5165 Θεός·
3048 5102 3182 5173 ἔργα
3213 5103 3269 5155 δὲ
3293 5105 3490 5175 χειρῶν
3519 5104 3682 5157 αὑτοῦ
3714 5103 3807 5173 τὴν
3835 5102 3882 5154 τό

2378 5190 2679 5257 γενομένων
2722 5192 3003 5263 διοίκησιν,
3057 5195 3177 5247 καθ’
3226 5196 3292 5266 ἥν
3340 5200 3556 5267 προνοεί
3602 5198 3695 5251 καὶ
3748 5196 3882 5248 διέπε

2378 5279 2615 5352 ὡσπερεὶ
2654 5284 2808 5353 χερσὶ
2843 5286 2962 5344 ταῖς
3012 5285 3203 5338 ἑαυτοῦ
3250 5294 3635 5362 προνοητικαῖς
3684 5291 3875 5358 δυνάμε

2378 5370 2737 5443 διακυϐερνῶν
2766 5374 2832 5426 τά
2858 5375 3052 5429 πάντα.

2448 5464 2786 5532 Εὐλογητὸς
2827 5468 2858 5517 ό
2897 5467 3056 5533 Θεὸς,
3102 5469 3191 5524 ὅτι
3230 5476 3555 5542 εἰσήκανσε
3599 5474 3709 5543 τῆς
3738 5472 3879 5543 ςωιΐ

2378 5555 2485 5624 τῆς
2509 5556 2769 5625 δεήσεως
2800 5576 2934 5627 μου.
2981 5562 3194 5630 Κύριος
3230 5566 3458 5633 ,ϐοηθός
3481 5586 3601 5637 μου
3635 5566 3731 5621 καὶ
3764 5567 3880 5628 ius;

2377 5650 2681 5717 ασπιστής
2718 5668 2854 5720 μου·
2890 5650 2981 5703 ἐπ’
3010 5650 3166 5721 αὐτῷ
3196 5656 3527 5727 ἤλπισεννὴ
3566 5656 3773 5726 καρδία
3793 5668 3880 5723 μοι

794 5826 858 5857 δ’*
890 5829 997 5878 Jer.
1032 5842 1125 5890 vn,
1151 5824 1237 5879 25.
1314 5824 1533 5882 “ipsal.
1575 5844 1718 5895 xxvi,
1753 5824 1837 5879 1'5.
1916 5827 1958 5858 ³³
1989 5825 2010 5881 l
2037 5829 2161 5883 Cor.
2193 5844 2265 5895 Ix,
2304 5828 2390 5885 9.7.
2474 5832 2517 5863 "
2546 5830 2681 5888 Psal.
2718 5849 2861 5901 xxiv,
2890 5834 2938 5889 4.
