3966 6344
48 455 137 509 εις
1128 501 1136 512 .
1178 449 1679 506 COMMENTABIA
1721 449 1783 503 IN
1825 448 2160 506 rsauuos.

3167 454 3271 512 250

48 568 131 621 καί
155 565 506 635 ἐϐοηθήθην.
541 565 649 620 Kal
679 564 968 619 ἁνέθαλεν
1000 566 1037 633 ἠ
1068 562 1223 633 σάρξ
1246 581 1385 633 μου,
1417 562 1512 617 καὶ
1533 563 1590 615 ἐκ

1706 572 1787 616 tus
1825 579 1962 617 sum.
2004 560 2073 615 Et
2104 562 2340 630 reﬂoruit
2372 579 2495 617 caro
2529 582 2662 629 mea,
2695 575 2745 621 et
2771 583 2835 622 ex
2864 568 3129 623 voluntate
3158 586 3271 623 mea

46 660 351 729 θελήματος
370 676 493 727 μου
518 656 1029 728 ἐξομολογήσομαι
1056 654 1233 720 αὐτῷ.
1271 656 1328 708 'U
1359 653 1591 724 ἀψευδὴς

48 754 179 815 Θεὸς,
222 750 584 821 πιστούμενος
633 748 825 803 ἑαυτοῦ
875 748 973 812 τὰς
1020 747 1373 818 ὑποσχέσεις,
1419 747 1487 800 δι’
1519 740 1592 799 ὧν

50 840 354 911 ἐπήγγελται
390 841 584 909 λέγων·
616 842 737 895 Ἔτι
774 840 1106 903 λαλοῦντός
1132 855 1246 891 σου
1272 837 1400 906 ἐρῶ·
1440 838 1593 892 ’ἰδοὺ

50 934 276 1001 πάρειμι·
308 933 386 996 ὡς
414 934 580 1001 ἐγγὺς
610 932 779 995 έστὼς
806 932 911 984 τῶν
939 929 1195 999 καθαρῶς
1223 930 1381 981 αὐτὸν
1402 931 1593 983 ἐπικα-

48 1026 319 1095 λεομένων,
360 1026 457 1078 καὶ
497 1025 573 1089 ὡς
611 1027 671 1078 ού
711 1025 895 1096 πόρῤω
933 1022 1210 1092 τυγχάνων
1234 1022 1326 1073 τοῦ
1354 1020 1421 1073 τὰ
1452 1039 1593 1093 πρα-

46 1118 215 1185 λὲεέντα
263 1116 680 1188 [προλεχθέντα]
741 1114 1049 1184 δεηθέντος,
1111 1115 1345 1183 ἐπήκοον
1405 1115 1593 1167 ἑαυτὸν

46 1209 261 1278 παρέσχε
293 1212 415 1272 ταῖς
459 1208 867 1280 προλεχθεξσαις
900 1206 1218 1277 ἱκετηρίαις.
1264 1202 1375 1259 Εἶθ’
1408 1205 1593 1275 ὥσπερ

48 1305 243 1371 σημεῖον
286 1301 475 1356 δίδωσι
524 1302 612 1355 διὰ
660 1300 751 1352 τοῦ
800 1298 1134 1370 προφητικοῦ
1178 1298 1485 1368 πνεύματος
1526 1301 1589 1369 τῇ

46 1398 121 1450 τοῦ
141 1396 416 1467 δεηθέντος
435 1397 600 1466 ψυχῇ,
638 1394 766 1464 περὶ
801 1393 893 1445 τοῦ
926 1390 1274 1461 εἰσηκοῦσθαι
1305 1391 1493 1460 αὑτήν.
1530 1390 1593 1443 Ἡ

44 1490 106 1550 δὲ,
158 1488 573 1558 συναισθομένη,
626 1484 945 1555 μεταϐάλλει
1002 1484 1099 1554 μὲν
1146 1482 1243 1545 τὰς
1292 1481 1593 1553 ίκετηρίους

46 1584 201 1651 φωνὰς
246 1584 328 1645 εἰς
370 1579 738 1650 εὐχαριστίαν,
785 1577 1080 1645 ἐγνωκέναι
1123 1575 1178 1628 δὲ
1218 1575 1466 1645 ὁμολογεί
1496 1574 1593 1645 τὴν

46 1673 316 1742 γενομένην
366 1671 504 1739 αὐτῇ
554 1667 890 1739 εὐεργεσίαν·
926 1667 1004 1720 διὸ
1038 1684 1217 1737 φησιν·
1250 1664 1592 1734 Εὐλογητὸς·

47 1766 249 1831 Κίιριος,
296 1762 390 1815 ὅτι
423 1760 747 1828 είσήκουσε
786 1757 1137 1845 τῆς-,φωνῆς
1181 1755 1290 1827 τῆς
1330 1757 1593 1823 δεήσεως
1625 1778 1630 1784 ·

44 1872 155 1923 μου·
205 1856 425 1921 Κύριος
470 1854 699 1921 ,βοηθός
717 1872 834 1923 μου
884 1854 980 1907 καί
1027 1851 1416 1917 ὑπασπιστής
1449 1860 1588 1920 μου,

1696 653 1981 723 conﬁtebor
2024 654 2091 707 ei.
2144 652 2287 707 Deus
2330 654 2596 709 mendacii
2644 672 2860 727 expers,
2900 666 2959 711 ut
3001 660 3272 729 promissa

1697 759 1794 797 sua
1817 745 2099 799 continuet
2117 744 2204 798 his
2225 744 2408 800 verbis
2433 761 2714 816 expressa,
2750 748 2933 801 Adhuc
2957 758 3003 803 te
3034 750 3272 821 loquente

1640 840 1641 843 ‘
1696 834 1896 890 dicam:
1929 833 2059 888 Ecce
2089 833 2276 887 adsum
2306 835 2378 901 ⁸⁸,
2410 843 2595 905 utpote
2616 838 2707 907 qui
2740 854 2904 909 prope
2926 840 2997 893 sit
3020 842 3272 896 omnibus

1696 925 1789 993 qui
1814 941 1871 978 se
1898 940 2035 995 puro
2058 925 2222 979 corde
2247 928 2529 991 invocant,
2559 936 2611 981 et
2634 945 2741 982 non
2773 931 2961 999 procul
2987 931 3060 985 sit
3088 947 3154 986 eo
3176 932 3269 1001 qui

1698 1034 1860 1087 supra
1895 1018 2040 1073 dicto
2074 1022 2181 1073 ritu
2215 1021 2519 1091 supplicat;
2546 1023 2843 1091 pnemissis
2875 1025 3269 1094 deprecationi-

1696 1113 1797 1166 bus
1849 1128 1906 1166 se
1955 1114 2248 1182 prOpitium
2307 1113 2570 1168 exhibuit.
2605 1114 2810 1171 Deinde
2857 1132 2984 1172 vero
3018 1134 3111 1186 per
3136 1133 3266 1188 pro—

1695 1204 1966 1273 pheticum
2017 1206 2267 1275 spiritum
2322 1207 2652 1277 supplicanti
2698 1208 2891 1263 animae
2924 1224 3022 1263 ceu
3056 1210 3267 1280 signqu

1695 1296 1808 1360 dat,
1839 1313 1947 1367 quo
1980 1313 2037 1352 se
2067 1299 2378 1353 exauditam
2412 1300 2581 1355 fuisse
2616 1303 2843 1356 noverit.
2881 1300 2973 1353 illa
3005 1318 3132 1357 vero
3154 1303 3267 1357 haec

1695 1386 2159 1455 animadverteris,
2192 1392 2464 1462 supplices
2493 1408 2653 1446 voces
2685 1392 2738 1445 in
2767 1392 3063 1461 gratiarum
3097 1395 3265 1447 actio-

1694 1494 1816 1533 nem
1847 1481 2137 1544 convertit,
2184 1497 2246 1535 ae
2295 1482 2617 1537 beneﬁcium
2673 1483 2777 1539 sibi
2810 1484 3067 1537 collatum
3102 1499 3263 1554 agno-

1695 1585 1848 1625 scere
1872 1586 1930 1625 se
1954 1571 2263 1625 conﬁtetur.
2297 1572 2660 1637 Quamobrem
2695 1574 2792 1637 ait,
2821 1572 3133 1628 Benedictus
3156 1575 3264 1630 Do-

1695 1663 1891 1727 minus,
1940 1663 2187 1732 quoniam
2219 1662 2485 1716 exaudivit
2520 1679 2688 1717 vocem
2706 1663 3081 1732 deprecationis
3116 1682 3289 1721 mete;

1697 1754 1951 1808 Dominus
2002 1754 2215 1823 adjutor
2247 1770 2390 1808 meus
2443 1764 2490 1807 et
2536 1764 2799 1823 protector
2844 1772 2986 1810 meus
3019 1771 3035 1808 :
3068 1756 3123 1809 in
3156 1757 3266 1826 ipso

1698 1851 1920 1916 sperauit
1956 1865 2047 1901 cor
2076 1864 2267 1910 meum,
2299 1857 2346 1901 et
2374 1847 2587 1916 adjutus
2629 1865 2765 1902 sum.
2805 1846 3082 1904 Sentiebat
3120 1850 3264 1904 enim

44 1947 119 1999 ἐπ’
155 1944 307 2015 αὐτῷ
361 1945 626 2013 ἤλπισεν
679 1948 718 2014 ὴ
775 1945 989 2014 καρδία
1030 1962 1172 2013 μου,
1213 1943 1309 1997 καὶ
1348 1942 1590 2011 ἐϐοηθή-

1694 1940 1970 1995 dextcram
2003 1939 2097 1995 Dei
2122 1948 2426 2011 porrectam
2456 1941 2579 2005 sibi,
2604 1941 2906 2010 patrocinio
2940 1956 3081 2005 esse,
3114 1949 3172 1994 ut
3200 1956 3264 1997 ne

43 2042 154 2103 θην.
187 2035 488 2107 Συνῄσθετο
516 2036 621 2110 γὰρ
655 2037 751 2107 τῆς
784 2035 960 2101 δεξιᾶς
987 2033 1081 2087 τοῦ
1105 2033 1238 2087 Θεοῦ
1270 2035 1587 2107 ὲκταθείσης

46 2129 211 2200 μέχρις
242 2127 416 2198 αὐτῆς
448 2129 541 2182 καὶ
578 2126 1115 2198 ἀντιλαμϐανομένης
1158 2126 1325 2197 αὐτῆς
1360 2126 1493 2197 πρὸς
1532 2128 1592 2180 τὸ

46 2220 106 2289 μὴ
141 2219 568 2291 καθελκυσθῆναι
618 2221 698 2283 είς
745 2218 837 2271 τὸν
877 2217 1185 2288 δηλωθέντα
1224 2218 1445 2273 λάκκον.
1504 2218 1591 2284 Ἐξ

44 2311 467 2384 ὑπερὸαλλούσης
506 2312 562 2365 δὲ
606 2313 781 2384 χαρᾶς
824 2313 851 2364 ὁ
888 2311 1171 2382 προφήτης
1200 2311 1260 2364 οὐ
1291 2312 1387 2383 τὴν
1416 2311 1590 2383 ψυχὴν

46 2405 201 2474 μόνον,
232 2404 369 2458 ἀλλὰ
398 2408 493 2458 καὶ
516 2406 614 2476 τὴν
633 2405 809 2477 σάρκα
832 2403 995 2457 αὐτοῦ
1025 2404 1159 2474 φησὶ
1182 2404 1472 2475 γεγηθέναι
1498 2403 1591 2457 καὶ¹

44 2497 353 2552 ὼθανεῶσθαι
384 2496 474 2550 διὰ
498 2498 598 2568 τὴν
632 2496 724 2549 καὶ
764 2494 911 2565 αὐτῷ
938 2494 1147 2567 σώματι
1179 2494 1592 2566 ἐπηγγελμένην

44 2590 222 2661 ἀγαθὴν
257 2590 454 2644 ἐλπίδα
486 2589 627 2643 κατὰ
655 2588 751 2658 τὴν
778 2587 887 2639 τῶν
920 2587 1129 2659 νεκρῶν
1168 2588 1483 2641 ἀνάστασιν·
1514 2586 1592 2640 διὸ

44 2682 269 2749 ἐπιλέγει·
307 2683 422 2735 Kal
484 2680 780 2735 ὰνέθαλεν
804 2679 842 2746 ἡ
869 2678 1026 2746 σάρξ
1054 2696 1207 2749 μου·
1250 2674 1330 2742 οἷς
1367 2680 1590 2731 ἐπισυν-

45 2772 191 2823 amat-
210 2771 315 2824 Kal
332 2771 402 2823 ἐκ
417 2769 747 2837 θελήματος
752 2785 868 2838 μου
879 2767 1384 2837 ἐξομολογήσομαι
1410 2766 1589 2832 αὐτῷ·

45 2865 153 2934 ὅπερ
171 2865 351 2933 ὅμοιον
380 2857 517 2915 εἷναί
540 2879 626 2932 μοι
645 2860 791 2914 δοκεῖ
815 2859 911 2931 τῷ·
955 2860 1273 2923 Ἑκουσίως
1290 2859 1451 2912 θύσω
1470 2873 1586 2911 σοι.

51 2957 172 3009 Ἀντὶ
208 2955 263 3008 δὲ
306 2953 425 3019 τοῦ,
473 2953 570 3008 καί
610 2952 903 3007 ἀνέθαλεν
948 2954 984 3021 ἠ
1034 2950 1190 3020 σάρξ
1242 2967 1381 3019 μου,
1422 2951 1450 3002 ὁ
1490 2950 1589 3018 μὲν

45 3048 329 3117 Σύμμαχος,
396 3047 677 3114 tironem,
727 3047 908 3117 φησὶν,
957 3046 994 3113 ἡ
1040 3043 1249 3113 κορδιά
1294 3058 1439 3112 μου·
1472 3043 1497 3095 ἐ
1530 3040 1589 3095 δὲ

52 3140 267 3204 Ἀκύλας,
306 3138 700 3211 ἐγαυριάσατο
732 3140 767 3208 ἡ
810 3138 1024 3207 καρδία
1076 3154 1195 3207 μου
1214 3153 1227 3166 ·
1257 3136 1285 3188 ὁ
1312 3134 1367 3188 δὲ
1398 3133 1588 3188 Θεοδο-

50 3233 172 3298 τὶων,
205 3235 303 3287 καὶ
348 3230 643 3287 ἀνέθαπεν
682 3234 720 3301 νὴ
768 3232 979 3299 καρδία
1016 3246 1166 3300 μου·
1202 3231 1235 3300 ἡ
1270 3228 1326 3281 δὲ
1360 3228 1587 3299 πέμπτη

1694 2034 1749 2088 in
1780 2041 2137 2089 memoratum
2165 2034 2343 2087 lacum
2369 2031 2772 2087 detruderetur.
2799 2031 2873 2085 Ex
2899 2033 3080 2103 gaudii
3102 2048 3266 2103 porro

1694 2124 2030 2179 vehementia
2048 2123 2319 2194 Propheta
2342 2139 2449 2177 non
2474 2126 2708 2177 animam
2728 2132 2962 2191 tantum,
2988 2125 3082 2179 sed
3102 2126 3264 2180 etiam

1693 2229 1907 2269 carnem
1941 2230 2094 2269 suam
2125 2216 2365 2285 gavisam
2406 2222 2461 2269 et
2490 2222 2805 2269 renovatam
2847 2231 2970 2271 esse
3006 2217 3264 2273 testiﬁca-

1694 2318 1801 2372 tur,
1835 2307 1906 2362 ob
1942 2323 2094 2377 spem
2135 2306 2282 2360 illam
2323 2308 2522 2361 bonam
2556 2306 2639 2361 vel
2688 2307 2789 2376 ipsi
2839 2309 3056 2383 corpori
3092 2309 3147 2362 in
3178 2325 3261 2363 re-

1693 2401 2036 2455 surrectione
2088 2407 2429 2454 mortuorum
2483 2398 2729 2466 factam;
2762 2416 2931 2470 quare
2961 2400 3169 2465 subdit,
3212 2411 3263 2456 et

1693 2494 1929 2562 refloruit
1964 2508 2089 2547 caro
2118 2510 2231 2547 mea
2263 2510 2280 2546 :
2315 2494 2511 2564 quibus
2544 2502 2598 2549 et
2623 2493 2891 2563 adjunxit,
2914 2502 2964 2547 et
2987 2510 3052 2547 ex
3078 2493 3263 2547 uolun-

1694 2597 1799 2639 tate
1834 2604 1947 2641 mea
1984 2586 2270 2656 conﬁtebor
2300 2587 2370 2641 ei.
2408 2586 2565 2653 Quod
2610 2588 2743 2641 mihi
2795 2602 3051 2658 perquam
3088 2587 3263 2643 simile

1692 2677 1907 2732 videtur
1946 2676 2120 2731 huic:
2162 2678 2469 2732 Voluntarie
2516 2678 2830 2748 sacriﬁcabo
2884 2680 2978 2733 tibi
2997 2680 3064 2734 ⁸⁷.
3119 2678 3263 2734 Loco

1692 2778 1874 2823 autem
1907 2768 2037 2822 dicti
2080 2769 2249 2833 illius,
2299 2779 2347 2822 et
2384 2770 2623 2838 reﬂoruit
2669 2788 2793 2823 caro
2841 2788 2975 2838 mea,
3018 2772 3263 2842 Symma-

1690 2861 1848 2922 chus,
1877 2861 2150 2931 e/floresce,
2182 2861 2377 2932 inquit,
2411 2879 2501 2915 cor
2525 2879 2724 2927 meum;
2748 2864 2939 2933 Aquila
2974 2879 3123 2929 vero,
3149 2863 3262 2933 glo-

1690 2954 1885 3006 riatum
1907 2963 1983 3007 est
2032 2969 2122 3006 cor
2172 2970 2372 3017 meum;
2426 2952 2746 3019 Theodmio,
2789 2965 2838 3008 et
2881 2954 3118 3024 reﬂoruit
3163 2972 3257 3007 cor

1690 3062 1891 3109 meum;
1928 3045 2127 3115 quinta
2152 3045 2338 3110 editio,
2366 3046 2671 3100 roboratum
2696 3057 2769 3101 est
2794 3064 2881 3101 cor
2906 3064 3093 3101 meum.
3124 3044 3261 3100 Rur-

1691 3152 1920 3209 sumque
1950 3137 2097 3193 illius
2128 3139 2267 3201 loco,
2308 3155 2372 3193 ex
2404 3140 2668 3194 voluntate
2710 3157 2823 3194 mea
2861 3139 3143 3210 confitebor
3170 3139 3252 3203 ei,

1692 3229 2073 3302 Symmachus,
2110 3232 2165 3284 in
2193 3234 2414 3285 canticis
2450 3234 2575 3286 meis
2607 3232 2875 3286 celebrabo
2909 3234 3099 3302 ipsum,
3140 3232 3257 3287 edi-

46 3293 242 3391 ἐπίδοσις,
280 3327 611 3395 ἐκρατύνθη
668 3293 719 3393 τῖ’
740 3293 951 3393 καρδία
971 3293 1110 3393 μου.
1142 3293 1252 3375 Κειιί
1283 3293 1448 3374 πάλιν
1470 3293 1589 3374 ἀντί

1692 3293 1805 3387 dit;
1835 3321 2030 3391 Aquila
2061 3293 2211 3385 vero,
2246 3329 2296 3375 et
2328 3338 2358 3373 a
2385 3324 2591 3375 cantico
2629 3339 2739 3376 meo
2769 3293 3055 3393 conﬁtebor
3082 3323 3149 3377 ei.

49 3418 139 3480 τοῦ,
182 3420 246 3474 ἐκ
289 3421 622 3490 θελήματος
658 3437 776 3488 μου
815 3416 1332 3486 ἑξομολογήσομαι
1400 3415 1581 3483 αὐτῷ,
1638 3418 1666 3469 ὁ
1704 3418 1801 3488 μὲν
1829 3418 2141 3488 Σύμμαχος·
2174 3417 2282 3472 Kal
2310 3418 2380 3470 ἐν
2413 3418 2591 3484 ᾠδαῖς
2624 3436 2743 3488 μου
2770 3419 3019 3489 ὑμνήσω
3051 3418 3255 3483 αὐτὸν,

50 3511 295 3573 ίξέδωκεν·
324 3514 353 3571 ὁ
378 3513 434 3565 δὲ
475 3511 732 3574 Ἀκύλας,
759 3510 857 3564 καὶ
884 3508 1001 3563 ἀπὸ
1031 3508 1293 3576 ᾇσματὸς
1315 3527 1431 3577 μου
1456 3509 1969 3582 ἑξομολογήσομαι
1999 3509 2176 3575 αὐτῷ.

101 3603 297 3669 Κύριος
334 3602 671 3670 κραταίωμα
702 3600 807 3655 τοῦ
845 3598 999 3654 λαοῦ
1032 3601 1237 3665 αὑτοῦ,
1270 3600 1365 3654 καὶ
1406 3603 1588 3669 ὑπερ-

50 3695 321 3763 ασπιστὴς
341 3695 459 3749 τῶν
485 3695 789 3763 σωτηρίων
813 3696 919 3749 τοῦ
947 3694 1203 3763 Χριστοῦ
1230 3694 1415 3749 αὑτοῦ
1435 3696 1584 3750 ἐστι.

52 3788 213 3858 Σαψῶς
240 3776 331 3843 οὖν
354 3791 410 3842 ἐν
435 3788 646 3851 τούτοις
666 3788 759 3842 τοῦ
788 3789 1023 3861 Χριστοῦ
1057 3788 1151 3843 καὶ
1175 3787 1280 3840 τῶν
1313 3788 1402 3841 ὑπ’
1424 3789 1587 3843 αὑτοῦ

52 3881 342 3952 σωζομένων
375 3882 778 3953 ἐμνημόνευσεν
808 3884 840 3953 ή
866 3880 1195 3952 προφητεία,
1231 3880 1503 3951 εὐκαίρως
1530 3880 1589 3946 ἐξ

52 3974 146 4036 ἑνὸς
166 3975 255 4028 τοῦ
288 3975 446 4027 Δαυῗδ
475 3975 601 4038 τοὺς
631 3974 838 4037 πάντας
877 3971 1346 4044 χαρακτηρίσασα.
1380 3974 1588 4046 Ὥσπερ

52 4066 158 4136 γὰρ,
193 4068 373 4137 φησὶν,
412 4070 616 4121 ἐκεῖνον
647 4066 903 4137 δεηθέντα
930 4064 1149 4126 ἔσωσεν,
1178 4063 1368 4129 οὕτως,
1404 4068 1586 4136 φησὶν,

53 4159 127 4210 καὶ
155 4158 344 4222 παντὸς
369 4158 463 4212 τοῦ
500 4159 629 4213 ίδίου
659 4158 790 4212 λαοῦ
820 4156 1144 4228 κραταίωμα
1166 4155 1336 4209 ἔσται.

108 4248 305 4302 Σῶσον
330 4249 434 4303 τὸν
464 4253 616 4305 λαόν
643 4266 778 4311 σου,
810 4247 907 4301 καί
934 4247 1275 4315 εὐλόγησον
1304 4247 1419 4316 τὴν
1444 4252 1590 4317 κλη-

55 4340 309 4407 ίονομίαν
327 4356 461 4403 σου,
485 4341 581 4394 καὶ
598 4340 888 4407 ποίμανον
901 4337 1120 4403 αὐτοὺς
1136 4338 1232 4405 καὶ
1248 4338 1471 4407 ἔπταρον
1487 4341 1593 4393 αὑ-

54 4428 171 4493 τοὺς
190 4428 296 4495 ἓως
312 4430 415 4484 τοῦ
438 4430 673 4496 αἰῶνος.
692 4426 825 4480 Ποία
840 4426 897 4482 δὲ
913 4421 1004 4481 τοῦ
1022 4428 1257 4499 Χριστοῦ
1278 4431 1311 4499 ἡ
1334 4430 1433 4500 κλη
1444 4446 1589 4500 ρονο-

60 4521 136 4587 μία
176 4520 434 4575 δείκνυται
476 4524 533 4575 ὲν
564 4520 641 4590 τῷ
668 4519 904 4589 δευτέρῳ
918 4518 1115 4592 ψαλμῷ
1135 4538 1147 4551 ·
1183 4520 1435 4588 Αἵτησαι
1458 4521 1586 4591 γὰρ,

58 4613 213 4677 φησὶν,
227 4615 319 4667 καὶ
340 4614 513 4679 δώσω
525 4627 621 4666 σοι
634 4611 777 4679 ἔθνη
793 4611 906 4679 τὴν
924 4614 1330 4683 κληρονομίαν
1352 4612 1588 4677 σου,καὶ

60 4703 152 4768 τὴν
170 4706 529 4777 κατάσχεσιν
558 4719 674 4759 σου
707 4704 779 4758 τὰ
809 4705 1035 4772 πέρατα
1056 4706 1165 4775 τῆς
1176 4705 1305 4776 γῆς.
1330 4706 1441 4758 Οὐκ
1454 4704 1519 4757 ἂν
1534 4704 1589 4756 δὲ

62 4795 295 4867 ἁμάρτοις
320 4800 411 4853 καὶ
442 4798 567 4860 τοὺς
599 4799 657 4849 έν
688 4795 764 4866 τῷ
796 4798 1043 4869 προτέρῳ
1072 4798 1186 4870 λαῷ
1216 4796 1476 4866 θεοφιλεῖς
1496 4797 1589 4849 καὶ

1765 3603 1929 3660 Vens.
1960 3603 2014 3657 8.
2045 3603 2299 3657 Dominus
2330 3601 2589 3671 fortitudo
2618 3601 2783 3670 plebis
2819 3618 2951 3668 suag,
2990 3617 3039 3655 et
3078 3615 3255 3672 proter

1693 3705 1805 3750 ctor
1833 3696 2185 3750 salvationum
2224 3693 2423 3748 Christi
2450 3694 2534 3747 sui
2563 3704 2659 3747 est.
2692 3692 2789 3747 llic
2814 3705 2997 3763 aperte
3024 3697 3256 3765 prophe-

1694 3790 1765 3843 tia
1798 3789 2072 3843 Cbristum
2102 3794 2155 3840 et
2192 3800 2287 3840 eos
2314 3785 2406 3854 qui
2438 3785 2584 3839 illius
2616 3800 2717 3855 ope
2748 3785 2979 3840 salutem
3009 3786 3257 3844 obtinent

1693 3880 2030 3943 memoravit,
2062 3886 2474 3948 opportuneque
2514 3895 2608 3949 per
2652 3895 2817 3933 unum
2850 3878 3103 3935 Davidem
3135 3883 3256 3937 uni-

1690 3990 1878 4031 versos
1926 3972 2198 4041 exprimit.
2249 3970 2403 4027 Sicut
2441 3973 2605 4033 enim,
2648 3972 2845 4042 inquit,
2877 3972 3253 4042 deprecantem
3316 3971 3327 3981 ”

1692 4071 1865 4137 ipsum
1913 4066 2166 4127 servavit,
2202 4065 2278 4117 ita
2317 4070 2482 4119 totius
2515 4064 2620 4119 sibi
2654 4066 2854 4135 pl‘Opl‘ll
2884 4065 3067 4136 populi
3102 4064 3254 4121 forti-

1691 4160 1822 4213 tudo
1850 4158 1976 4213 erit.

1760 4250 1923 4306 Vens.
1956 4249 2008 4303 9.
2059 4249 2273 4304 Salvum
2317 4247 2403 4316 {ac
2449 4248 2697 4317 populum
2735 4259 2902 4310 tuum,
2956 4258 3004 4302 et
3038 4248 3231 4303 benedi.

1690 4340 1985 4395 hwreditati
2017 4350 2139 4403 tuaz,
2171 4349 2219 4392 et
2244 4354 2397 4408 pasce
2424 4355 2509 4391 eos
2545 4348 2593 4391 et
2617 4338 2807 4391 extolle
2837 4339 2958 4392 illos
2992 4354 3152 4407 usque
3196 4340 3229 4391 i2

1690 4446 1962 4489 wternuin.
1989 4432 2244 4500 Quaenam
2279 4434 2348 4485 sit
2376 4429 2576 4483 Christi
2610 4429 2896 4483 hmreditas
2926 4430 2979 4483 in
3009 4430 3237 4484 secundi

1691 4527 1899 4597 psalmo
1941 4526 2275 4597 declaratur;
2310 4536 2456 4583 nam,
2503 4519 2727 4572 Postula
2768 4537 2800 4574 a
2836 4530 2955 4581 me,”
2980 4521 3174 4591 inquit,
3200 4534 3246 4577 et

1690 4619 1825 4673 dabo
1856 4620 1950 4673 tibi
1995 4626 2167 4689 gentes
2200 4612 2555 4667 [nereditatem
2593 4620 2757 4674 luant,
2795 4623 2844 4666 et
2876 4616 3247 4681 possessionem

1692 4723 1837 4766 tuam
1888 4712 2133 4766 terminos
2182 4716 2335 4763 terra:
2356 4704 2418 4758 ³⁸.
2460 4702 2642 4775 Neque
2671 4721 2699 4758 a
2730 4722 2857 4760 vero
2886 4708 3246 4769 aberravcris,

1690 4804 1738 4859 si
1770 4803 2053 4876 religiosos
2085 4800 2207 4853 illos
2236 4799 2288 4851 in
2322 4797 2487 4868 priori
2520 4796 2717 4866 populo
2742 4798 2909 4860 Viros,
2934 4798 3247 4866 pr0phetas,

64 4890 311 4959 προφήτας
343 4880 434 4943 καὶ
468 4888 706 4952 δικαίους
742 4887 941 4958 ἄνδρας
976 4891 1077 4960 τῆς
1109 4892 1202 4945 τοῦ
1236 4889 1467 4963 Χριστοῦ
1495 4907 1587 4957 γε-

1692 4904 1744 4949 et
1771 4895 1972 4964 justos,
2006 4890 2072 4944 ad
2094 4889 2307 4944 'Christi
2346 4889 2709 4944 hazreditatem
2741 4887 3069 4955 pertinuisse
3098 4886 3251 4950 dixe-

64 4979 247 5041 γονέναι
286 4980 638 5053 κληρονομίας
674 4979 860 5042 είπὼν,
896 4982 990 5033 καὶ
1024 4982 1130 5038 τῶν
1160 4984 1461 5051 σωτηρίων
1493 4985 1590 5036 αὑ-

64 5065 139 5117 τοῦ
185 5070 583 5142 μετεσχηκέναι.
614 5069 745 5123 Οὐδὲ
768 5070 875 5142 γὰρ
903 5072 969 5125 τὰ
1005 5073 1181 5147 πλήθη
1207 5074 1441 5136 καὶτοὺς
1462 5074 1591 5126 ἀνα-

69 5156 170 5223 ξᾶῡς
198 5165 595 5235 παραϐαλόντας
624 5167 688 5235 τῇ
729 5163 1020 5236 Ἐκκλησία
1048 5166 1141 5220 τοῦ
1167 5166 1301 5221 Θεοῦ
1329 5168 1589 5238 προσήκει

68 5249 169 5302 λαὸν
200 5255 503 5325 ἀποφαίνειν
537 5256 723 5320 αὐτοῦ,
756 5255 869 5310 ἀλλ’
906 5256 938 5327 ἢ
973 5258 1148 5327 μόνως
1180 5259 1303 5321 τοὺς
1335 5259 1591 5329 ἀρεσκόν-

69 5356 157 5406 τως
181 5345 317 5416 αὐτῷ
346 5346 609 5416 βιοῦντας,
652 5349 779 5417 περὶ⁸
810 5341 884 5402 ὧν
921 5348 1063 5403 εἴποι
1104 5351 1197 5405 ἄν·
1228 5350 1336 5403 Kal
1375 5351 1586 5422 ἕσομαι

72 5432 239 5487 αὐτῶν
270 5436 423 5503 Θεὸς,
465 5436 562 5489 καὶ
592 5437 758 5489 αὐτοὶ
791 5438 1035 5492 ἔσονταί
1058 5458 1158 5508 μοι
1187 5442 1353 5505 λαός.
1378 5468 1442 5479 -
1479 5442 1587 5496 Kal

76 5525 332 5593 ποίμανσν
372 5528 624 5595 αὐτοὺς,
664 5529 759 5580 καὶ
802 5529 1029 5599 ἕπαρον
1070 5532 1178 5598 ἕως
1212 5531 1316 5585 τοῦ
1353 5532 1584 5601 αἰῶνος.

78 5614 321 5685 Ποιμαίνει
339 5619 393 5674 δὲ
411 5621 601 5683 αὐτοὺς
628 5618 877 5683 ἐνταῦθα,
901 5622 996 5692 τὴν
1025 5621 1198 5694 ψυχὴν
1235 5623 1397 5675 αὐτοῦ
1419 5624 1586 5688 τιθεὶς

79 5706 194 5778 ὑπὲρ
219 5709 405 5777 αὐτῶν,
432 5712 503 5776 ὥς
533 5712 1177 5782 φησιν·ὲνἘῦαγγελίοις·
1224 5715 1275 5766 Ὁ
1308 5717 1525 5785 ποιμὴν
1554 5720 1585 5769 ό

1688 4988 1785 5049 ris,
1812 4994 1973 5053 atque
2003 4982 2355 5035 salvationum
2384 4982 2502 5051 ejus
2527 4977 2818 5049 participes
2845 4976 3031 5033 fuisse.
3064 4976 3249 5049 Neque

1688 5074 2089 5131 multitudinem
2136 5075 2339 5145 populi,
2389 5089 2452 5128 ac
2482 5087 2575 5127 eos
2611 5072 2701 5141 qui
2736 5070 2959 5142 indigne
2992 5070 3251 5127 Ecclesiae

1686 5168 1780 5223 Dei
1832 5175 2205 5233 accesserunt,
2262 5165 2519 5239 populum
2574 5166 2696 5234 ejus
2726 5164 3104 5235 .pronuntiare
3152 5179 3252 5231 par

1688 5260 1817 5323 fuit;
1848 5259 1939 5315 sed
1973 5260 2148 5315 solum
2185 5276 2278 5315 eos
2321 5258 2409 5328 qui
2461 5258 2563 5332 ipsi
2600 5258 2882 5329 probatam
2900 5262 2966 5331 et
2997 5254 3248 5323 placitam

1687 5352 1851 5407 vitam
1892 5349 2187 5413 duxerunt,
2212 5352 2280 5407 de
2307 5350 2507 5421 quibus
2542 5350 2660 5420 ipse
2690 5347 2886 5404 dixerit
2919 5364 2932 5400 :
2970 5345 3078 5399 Ero
3124 5344 3248 5399 illo-

1691 5462 1806 5502 rum
1822 5444 1983 5510 Deus,
2003 5455 2050 5499 et
2075 5445 2174 5513 ipsi
2196 5453 2348 5499 erunt
2360 5444 2485 5497 mihi
2498 5444 2720 5514 populus
2740 5444 2880 5496 ".——
2896 5438 2965 5519 Et
2985 5454 3141 5506 pasce
3159 5455 3243 5509 eos

1693 5549 1741 5593 et
1763 5538 1954 5593 extolle
1985 5538 2104 5592 illos
2137 5552 2297 5606 usque
2334 5538 2387 5589 in
2418 5546 2685 5591 aeternum.
2722 5533 2819 5586 Hic
2851 5540 3029 5585 autem
3071 5532 3251 5600 pascit

1692 5629 1833 5691 illos,
1855 5628 1947 5697 qui
1974 5629 2211 5681 animam
2246 5641 2398 5682 suam
2434 5643 2532 5697 pro
2558 5627 2623 5681 iis
2651 5624 2850 5695 posuit,
2893 5631 2951 5675 ut
2980 5622 3032 5676 in
3069 5621 3247 5677 Evam

1691 5713 1841 5784 geliis
1882 5713 1955 5768 ait
1987 5733 1999 5766 :
2031 5714 2207 5768 Bonus
2258 5724 2439 5783 pastor
2488 5716 2717 5770 animam
2757 5728 2906 5767 suam
2960 5714 3104 5781 partit
3150 5727 3246 5781 pro

166 5858 206 5892 “
230 5860 326 5919 lsa.
355 5879 505 5931 mu,
528 5866 581 5922 9.
646 5867 684 5899 ⁸⁷
714 5864 855 5923 Psal.
879 5884 996 5933 LIII,
1024 5869 1076 5924 8.
1153 5870 1197 5903 ”
1221 5869 1363 5928 Psal.
1401 5887 1457 5939 ιι,
1488 5874 1540 5927 8.

1692 5868 1882 5947 lerem.
1916 5885 2011 5938 vn,
2040 5869 2130 5925 23.
