3966 6344
708 424 817 480 255

1442 420 1710 477 EUSEBII
1750 418 2225 475 CIESARIENSIS
2261 418 2407 475 OPP.
2447 419 2629 474 PARS
2663 419 2751 475 ΙΙΙ.
2790 450 2858 459 -
2899 416 3297 473 EXEGETICA.

3800 421 3878 479 256

775 532 941 587 Vens.
981 534 1032 588 5.
1080 530 1191 585 Vos:
1231 531 1441 586 Domini
1486 550 1639 602 super
1689 549 1886 602 aquas,
1931 533 2069 587 Deus
2104 536 2257 604 maje‘

2437 534 2607 602 Φωνὴ
2637 533 2866 601 Κυρίου
2884 532 2982 585 ἐπὶ
3016 532 3135 586 τῶν
3176 533 3422 595 ὑδάτων.
3453 512 3663 601 όΘεός
3688 532 3787 603 τῆς
3808 538 3881 591 δό-

703 626 860 680 statis
894 624 1155 687 intonuit;
1199 623 1456 677 Dominus
1492 640 1645 693 super
1680 641 1844 694 aquas
1878 625 2092 680 multas.
2126 625 2260 691 Quia

704 736 829 775 cum
864 719 918 773 in
945 719 1147 773 vertice
1173 716 1405 773 Carmeli
1441 733 1534 771 aer
1563 732 1787 771 serenus
1816 710 1980 781 esset,
2012 718 2263 772 audiebat

703 828 888 869 vocem
930 827 1195 884 aquarum
1231 810 1543 863 multarum.
1587 809 1664 863 Ac
1702 810 1747 864 si
1785 812 1906 880 quis
1954 810 2262 865 summatim

704 906 884 960 omnia
918 906 1137 974 colligat
1167 919 1287 973 quae
1319 903 1372 955 in
1414 900 1595 956 Veteri
1638 901 1985 957 Testamento
2011 902 2077 956 de
2109 901 2263 971 aquis

704 999 975 1061 feruntur,
1012 998 1058 1051 is
1093 1011 1225 1051 sane
1264 994 1465 1048 videbit
1509 994 1674 1049 illud:
1710 994 1938 1061 Spiritus
1982 994 2080 1046 Dei
2131 994 2265 1061 fere-

702 1093 857 1147 batur
881 1106 1035 1158 super
1066 1104 1256 1159 aquam
1281 1088 1324 1118 ⁶⁹
1348 1106 1361 1154 ;
1394 1096 1447 1142 et
1469 1088 1599 1141 illud
1627 1108 1638 1141 :
1669 1086 1909 1139 Educant
1936 1092 2087 1156 aqua:
2106 1087 2263 1155 repti-

701 1185 776 1239 lia
808 1184 1107 1237 animarum
1136 1181 1436 1243 viventium,
1461 1188 1509 1233 et
1544 1179 1783 1233 volatilia
1804 1178 1880 1241 7°;
1911 1192 1973 1233 ea
2017 1178 2143 1232 item
2170 1177 2262 1231 de-

692 1275 995 1347 prehendet
1043 1289 1163 1344 qua:
1210 1274 1267 1327 in
1321 1272 1525 1326 diluvio
1572 1280 1721 1341 gesta
1779 1277 1939 1331 sunt,
1989 1269 2261 1339 quomodo

696 1360 971 1428 videlicet,
1007 1379 1131 1417 cum
1161 1363 1347 1418 omnia
1373 1362 1530 1431 aquis
1563 1362 1847 1415 submersa
1874 1365 2075 1421 essent,
2113 1359 2259 1413 solus

692 1455 805 1511 Noe
844 1472 967 1510 cum
998 1456 1067 1510 iis
1099 1455 1190 1526 qui
1228 1446 1439 1513 innarea
1471 1458 1629 1507 erant
1661 1453 1843 1507 salvus
1886 1451 2155 1512 evaserit,
2197 1465 2260 1504 ea

693 1548 863 1602 etiam
891 1563 1013 1618 qua:
1045 1548 1097 1600 in
1126 1545 1381 1617 IE3ypto,
1417 1554 1470 1599 et
1501 1545 1555 1598 in
1591 1546 1726 1597 mari
1758 1543 1961 1608 llubro,
1985 1551 2038 1598 et
2062 1558 2181 1612 quae
2206 1541 2259 1594 in

690 1635 968 1706 Iordane,
1018 1656 1123 1710 qua
1158 1640 1367 1694 ratione
1404 1637 1494 1692 ﬁlii
1539 1636 1703 1693 Israel
1738 1636 1886 1691 sicco
1918 1634 2053 1706 pede
2082 1642 2262 1689 trans-

697 1733 878 1788 ierint.

752 1823 938 1880 ηνειιε.
976 1825 1027 1878 4.
1079 1824 1191 1879 Vox
1216 1823 1431 1877 Domini
1466 1823 1520 1875 in
1553 1822 1761 1876 virtute.
1790 1818 1925 1873 Nam
1956 1819 2049 1889 qui
2080 1819 2259 1873 omnia

2365 629 2476 695 ξης
2541 628 2893 694 ἐϐρόντησε·
2948 627 3159 695 Κύριος
3213 626 3313 681 ἐπὶ
3370 626 3606 682 ὑδάτων
3656 628 3880 687 πολλῶν.

2366 723 2505 783 Ὄτι,
2538 720 2749 792 αἰθρίας
2798 719 2963 791 οὔσης
3029 720 3120 773 ἐπὶ
3155 721 3253 795 τὴν
3283 721 3524 792 κορυφὴν
3569 720 3660 773 τοῦ
3692 723 3881 793 Καρμή-

2362 813 2474 877 λου,
2508 815 2668 884 ἤκουε
2711 814 2891 885 φωνὴν
2952 814 3156 867 ὑδάτων
3191 813 3419 867 πολλῶν.
3450 813 3563 867 Καὶ
3600 813 3749 877 ὅλως,
3787 832 3881 869 συν-

2363 905 2685 975 αγαγὼνυτις
2713 906 2780 959 τὰ
2797 908 2852 960 ὲν
2868 908 2933 977 τῇ
2962 906 3169 977 Παλαιᾷ
3195 906 3321 978 περὶ
3351 906 3555 960 ὑδάτων
3587 906 3884 977 ἀναγεγραμ-

2367 998 2521 1067 μένα,
2576 1000 2667 1050 καὶ
2714 1000 2789 1063 ὡς
2837 999 2919 1062 τὸ,
2969 998 3211 1068 Πνεῦμα
3248 997 3355 1051 τοῦ
3405 997 3552 1052 Θεοῦ
3606 998 3883 1067 ἐπεφέρετο

2361 1091 2556 1143 ἐπάνω
2582 1092 2687 1145 τοῦ
2720 1091 2964 1158 ὓδατος·
3008 1092 3101 1146 καὶ
3131 1091 3191 1145 τό
3211 1108 3224 1122 ο
3244 1091 3600 1160 Ἐξαγαγὲτω
3636 1090 3708 1144 τὰ
3736 1090 3882 1143 ὕδατα

2361 1183 2573 1250 ἑρπετὰ
2603 1182 2819 1253 ψυχῶν
2860 1182 3059 1243 ζωσῶν
3088 1184 3184 1236 καὶ
3219 1183 3454 1237 πετεινὰ
3500 1184 3808 1253 πετόμενα·
3836 1186 3884 1237 τέ

2361 1291 2418 1325 τε
2453 1275 2509 1325 ὲν
2535 1274 2613 1344 τῷ
2643 1276 3026 1345 κατακλυσμῷ,
3056 1275 3149 1339 ὡς,
3196 1278 3447 1330 ἁπάντων
3474 1275 3804 1347 ὑποϐρυχίων
3822 1293 3881 1341 γι-

2361 1367 2614 1436 νομένων,
2645 1367 2799 1437 μόνος
2831 1369 2859 1419 ὀ
2898 1369 3019 1419 Νῶε
3065 1370 3158 1422 καὶ
3198 1371 3246 1421 οἱ
3297 1370 3392 1421 σὺν
3434 1367 3581 1437 αὑτῷ
3610 1366 3883 1431 διεσώζοντο

2361 1455 2417 1506 ἐν
2446 1458 2509 1525 τῇ
2544 1455 2756 1527 κιϐωτῷ
2776 1474 2787 1485 ο
2820 1458 2913 1510 καὶ
2941 1457 3007 1510 τὰ
3049 1459 3139 1510 ἐπὶ
3169 1459 3265 1529 τῆς
3298 1456 3591 1525 Αἰγύπτου,
3623 1458 3716 1509 καί¹
3756 1457 3812 1509 τὰ
3842 1459 3883 1509 ἐν

2359 1549 2424 1616 τῇ
2466 1547 2695 1617 Ἐρυθρᾷ
2737 1548 2997 1622 θαλάσσῃ,
3025 1551 3117 1602 καὶ
3165 1549 3230 1603 τὰ
3271 1552 3328 1601 ἑν
3368 1549 3446 1620 τῷ
3483 1549 3739 1622 Ἰορδάνῃ,
3769 1550 3882 1613 ὅπως

2362 1639 2574 1710 ἀϐρόχῳ
2609 1639 2727 1693 ποδὶ
2753 1639 3059 1693 διεῦίὸασαν
3086 1641 3135 1692 οἱ
3164 1640 3267 1693 υἱοὶ
3308 1639 3539 1710 Ἰσραὴλ,
3571 1638 3773 1707 ὄψεται.

2431 1816 2599 1885 Φωνὴ
2630 1816 2846 1883 Κυρίου
2883 1816 2951 1869 ἐν
2977 1816 3160 1884 ἰσχύϊ.
3198 1817 3256 1869 ὐ
3286 1816 3393 1887 γὰρ
3428 1817 3605 1871 πάντα
3636 1818 3819 1887 ἰσχύων
3842 1818 3884 1867 ἐν

699 1922 877 1985 potest
922 1915 975 1969 in
1025 1914 1245 1985 Christo
1294 1914 1386 1982 qui
1437 1925 1496 1965 se
1546 1907 1853 1971 confortat,
1908 1906 1955 1961 is
1995 1914 2257 1976 praecepta

2360 1910 2437 1981 τῷ
2483 1910 2859 1981 ἑνδυναμοῦντι
2902 1908 3060 1962 αὑτὸν
3104 1910 3340 1979 Χριστῷ,
3395 1904 3547 1974 οὗτος
3595 1912 3775 1964 ἀκούει
3800 1910 3883 1962 τῶν

701 2007 914 2061 Domini
948 2008 1121 2069 audit,
1163 2014 1216 2060 et
1242 2020 1302 2059 ea
1340 2002 1677 2071 exsequitur.
1720 1998 1837 2055 Vox
1877 2014 2006 2070 ergo
2049 1997 2261 2052 Domini

698 2115 807 2154 non
836 2100 889 2151 in
915 2098 1080 2151 debili
1109 2112 1171 2151 ac
1196 2096 1373 2151 soluta
1411 2095 1611 2158 anima,
1647 2093 1741 2149 sed
1782 2094 1835 2146 in
1876 2092 2096 2147 robusta
2143 2106 2262 2161 qua:

697 2193 907 2247 naviter
960 2191 1159 2244 bonum
1200 2196 1471 2258 operatur.
1540 2186 1652 2241 Vox
1702 2184 1914 2238 Domini
1960 2185 2016 2238 in
2061 2184 2263 2254 magni-

699 2284 929 2353 ﬁcenlia.
961 2280 1078 2335 Non
1126 2296 1221 2351 per
1249 2294 1310 2335 ea
1344 2280 1555 2343 solum,
1609 2278 1806 2346 inquit,
1842 2291 1961 2345 qua:
1992 2275 2058 2330 de
2107 2273 2261 2343 aquis

696 2372 842 2427 dicta
871 2373 1027 2427 nobis
1061 2381 1208 2435 sunt,
1230 2386 1334 2424 vox
1366 2368 1580 2422 Domini
1613 2368 1916 2422 declaratur
1936 2410 1951 2433 ,
1975 2365 2069 2421 sed
2097 2366 2261 2419 etiam

699 2483 795 2539 per
827 2470 1080 2521 virtutem
1120 2473 1174 2519 et
1224 2462 1684 2534 magniﬁcentiam
1719 2461 1859 2529 eius,
1895 2475 2057 2528 quam
2088 2459 2261 2513 oculis

701 2557 1103 2631 deprehendere
1138 2563 1337 2625 potest,
1370 2552 1623 2624 quisquis
1669 2551 1954 2606 confertim
2001 2551 2260 2605 mundum

702 2657 1358 2721 totum‘quaquaversum,
1378 2656 1431 2702 et
1463 2657 1643 2717 partes
1677 2646 1795 2715 ejus
1827 2644 2101 2716 sigillatim
2132 2659 2261 2698 eon-

695 2744 1017 2815 templatur,
1055 2756 1267 2796 necnon
1326 2738 1751 2793 inenarrabilem
1806 2735 2255 2806 magnitudinem,

699 2835 1023 2891 inelIahilem
1057 2831 1538 2904 pulchritudinem,
1567 2844 1629 2884 ae
1659 2828 1827 2882 multa
1853 2828 2113 2883 varietate
2137 2843 2259 2898 spe-

697 2927 974 2991 ctabilem,
999 2941 1120 2996 qua:
1143 2924 1276 2988 ipsis
1302 2924 1463 2985 inest,
1492 2921 1835 2990 sapientiam.
1854 2920 1983 2985 Quae
2004 2921 2257 2974 nimirum

698 3028 1023 3090 potestatem
1047 3017 1410 3085 virtutemque
1438 3014 1813 3066 universorum
1836 3012 2046 3081 opiﬁcis
2076 3020 2258 3081 aperte

698 3116 1151 3167 eommonstrant.
1184 3107 1319 3161 llinc
1352 3113 1435 3161 est
1462 3105 1604 3175 quod
1648 3119 1926 3160 sermones
1960 3105 2256 3175 pr0phetiei

684 3203 795 3263 Dei
831 3202 1115 3256 scientiam
1152 3214 1183 3253 a
1217 3199 1586 3270 magnitudine
1618 3212 1841 3266 operum
1879 3196 1998 3266 ejus
2027 3196 2256 3251 mutuati

698 3295 829 3348 sint.
868 3291 1228 3358 Quamobrem
1254 3288 1394 3360 apud
1427 3286 1715 3343 Jercmiam
1751 3287 1956 3341 dictum
1989 3294 2106 3340 est:
2150 3285 2257 3339 Do-

702 3388 873 3440 minus
900 3386 989 3455 qui
1031 3384 1153 3455 fecit
1186 3392 1377 3437 terram
1410 3383 1464 3435 in
1498 3380 1804 3450 fortitudine
1836 3396 1934 3434 sua
1957 3380 2025 3446 “,
2061 3391 2114 3434 et
2154 3394 2257 3433 ea:-

702 3488 815 3534 tera
826 3521 838 3534 .

770 3569 935 3623 Vens.
972 3568 1026 3630 5,
1055 3567 1106 3621 6.
1151 3566 1265 3621 Vox
1304 3537 1521 3618 Domini
1556 3560 1930 3633 confringentis
1960 3562 2138 3615 cedros
2163 3574 2179 3612 :
2207 3567 2255 3612 et

700 3662 988 3731 confringet
1015 3660 1269 3714 Dominus
1305 3657 1481 3712 cedros
1509 3654 1718 3720 Libani,
1749 3666 1797 3709 et
1827 3657 2136 3709 comminuet
2168 3670 2255 3709 eos

703 3766 954 3823 tanquam
1008 3753 1228 3807 vitulum
1278 3750 1498 3814 Libani,
1551 3760 1601 3804 et
1652 3748 1869 3804 dilectus
1925 3749 2255 3819 quemadmo-

702 3863 827 3901 aum
870 3847 1011 3915 ﬁlius
1058 3846 1408 3899 unicornium.
1456 3842 1570 3898 lloc
1617 3844 1745 3899 item
1798 3842 1956 3897 modo
1991 3844 2256 3912 interpre-

705 3939 837 3994 teris
864 3956 877 3992 :
911 3952 1006 4006 per
1037 3936 1262 3991 vitulum
1288 3935 1500 3997 Libani,
1526 3935 1690 3989 ﬁlium
1724 3928 2255 3997 unicornium,‘vide—

704 4036 796 4082 tur
817 4024 1245 4095 Hierosolymam
1279 4023 1545 4087 indicare,
1578 4032 1739 4093 atque
1760 4025 1910 4077 illum
1938 4023 2145 4092 pridem
2172 4022 2275 4075 di—-

704 4121 902 4176 lectum
934 4118 1103 4171 ﬁlium
1128 4117 1494 4170 unicornium.
1520 4115 1653 4169 Nam
1685 4132 1750 4171 ex
1781 4117 1987 4190 sanctis
2010 4115 2252 4185 patribus

703 4214 808 4267 orti
848 4220 995 4275 sunt,
1045 4211 1137 4280 qui
1181 4208 1310 4263 olim
1360 4207 1649 4261 unicornes
1690 4207 2085 4269 vocitabantur,
2128 4206 2254 4274 quia

703 4322 813 4359 uno
841 4303 949 4358 Deo
982 4300 1148 4357 veluti
1180 4314 1347 4355 cornu
1381 4306 1508 4353 sunt
1543 4298 1625 4352 usi
1654 4317 1665 4351 :
1705 4311 1809 4366 qua
1844 4296 1911 4350 de
1956 4311 2015 4349 re
2055 4296 2252 4365 gloria-

704 4395 903 4449 bantur
944 4392 1029 4447 his
1066 4390 1281 4451 verbis:
1335 4388 1397 4442 ln
1441 4397 1487 4441 te
1510 4388 1747 4440 inimicos
1801 4372 2006 4438 nostros
2037 4384 2253 4437 ventila-

704 4468 871 4535 bimus
904 4498 1063 4535 cornu
1086 4483 1154 4535 7’.
1180 4481 1418 4547 Quorum
1450 4478 1543 4533 ﬁlii
1579 4477 1745 4541 fuere,
1772 4475 1937 4529 duces
1966 4472 2156 4527 Sztrion
2187 4490 2255 4528 ex

2363 2002 2585 2057 ἐντολῶν
2615 2003 2837 2074 Κυρίου,
2870 2002 2963 2054 καὶ
2991 2004 3152 2054 ποιεῖ.
3186 2002 3339 2072 Φωνὴ
3377 1999 3468 2056 οὖν
3497 2004 3700 2073 Κυρίου
3724 2003 3813 2055 οὐκ
3842 2004 3883 2055 ὲν

2361 2102 2427 2170 τῇ
2480 2098 2694 2150 ἀσθενεῖ
2734 2098 2825 2150 καὶ
2871 2096 3134 2168 λελυμένῃ
3178 2096 3342 2166 ψυχῇ,
3368 2095 3479 2148 ἀλλ’
3523 2099 3578 2147 ἑν
3606 2100 3672 2167 τῇ
3717 2096 3883 2164 εὑτόνῳ

2366 2191 2595 2265 ἰσχυρῶς
2637 2191 3075 2263 κατεργαζομένη
3117 2190 3177 2241 τὸ
3212 2187 3430 2256 ἀγαθόν.
3479 2187 3647 2254 Φωνὴ
3698 2189 3883 2255 Κυρίου

2361 2286 2430 2337 ἐν
2465 2284 2961 2354 μεγαλοπρεπείᾳ.
2993 2284 3065 2335 Oi)
3110 2280 3195 2333 διὰ
3222 2280 3417 2351 μόνων,
3454 2279 3606 2348 φησὶ,
3632 2281 3736 2333 τῶν
3760 2283 3882 2351 εἰρη-

2365 2376 2537 2445 μένων
2559 2376 2687 2445 ἡμῖν
2714 2392 2780 2426 πε
2791 2375 2840 2443 pl.
2870 2374 3072 2449 ὑδάτων
3103 2374 3135 2443 ἡ
3167 2371 3315 2442 φωνὴ
3341 2372 3665 2442 παρίσταται
3690 2370 3778 2423 τοῦ
3801 2372 3883 2422 Κυ-

2364 2468 2508 2538 ρίου·
2548 2465 2680 2518 ἀλλὰ
2712 2466 2805 2517 καὶ
2837 2465 2923 2518 διὰ
2951 2465 3048 2535 τῆς
3078 2465 3257 2536 ἰσχύος
3289 2463 3452 2517 αὑτοῦ
3488 2465 3581 2516 καὶ
3618 2463 3713 2532 τῆς
3744 2480 3883 2533 μεγα⁹

2360 2558 2707 2630 λοπρεπείας,
2737 2557 2803 2627 ἣν
2838 2556 2979 2609 ἔστιν
3018 2557 3309 2628 ὀφθαλμοῖς
3340 2556 3667 2625 κατανοῆσαι
3708 2554 3882 2626 ἁθρόως

2359 2650 2447 2704 τὸν
2478 2649 2763 2721 σύμπαντα
2791 2649 2991 2720 κόσμον
3024 2649 3310 2721 ἀπείρατα,
3354 2649 3497 2711 ἰδίως
3538 2666 3597 2701 τε
3628 2648 3693 2701 τὰ
3726 2647 3881 2700 τούτου
3942 2652 3943 2719 ξ

2363 2743 2501 2814 μέρη
2544 2742 2893 2813 θεασάμενον,
2918 2743 2987 2796 τά
3008 2759 3067 2794 τε
3098 2742 3296 2813 μεγέθη
3342 2741 3409 2794 τὰ
3434 2741 3787 2813 ἀνεκδιήγητα
3811 2741 3882 2793 καὶ

2358 2835 2425 2890 τὰ
2470 2836 2814 2907 ἀνὲκφραστα
2855 2835 3045 2907 κάλλη,
3092 2835 3191 2905 τήν
3235 2851 3293 2886 τε
3331 2836 3387 2885 ἐν
3427 2834 3606 2897 αὐτοῖς
3635 2834 3882 2905 ὁρωμένην

2359 2928 2730 2981 πολυποίκιλον
2789 2928 3009 2997 σοφίαν·
3053 2926 3088 2980 ἃ
3135 2927 3198 2998 δὴ
3237 2926 3489 2995 τυγχάνει
3539 2924 3881 2996 παραστατικὰ

2356 3019 2454 3089 τῆς
2485 3020 2577 3072 τοῦ
2624 3020 3027 3090 συστησαμένου
3071 3017 3137 3070 τὰ
3185 3018 3358 3071 πάντα
3401 3015 3678 3086 δυνάμεώς
3720 3033 3775 3069 τε
3812 3018 3880 3067 aut

2361 3106 2557 3176 ἰσχύος.
2587 3106 2775 3158 Ἔνθεν
2803 3109 2851 3159 οἱ
2877 3107 3197 3178 προφητικώ
3223 3105 3366 3173 λόγοι
3388 3095 3485 3174 τὴν
3515 3104 3781 3174 θεολογίαν
3798 3105 3880 3157 ἀπὸ

2356 3198 2453 3267 τῆς
2480 3196 2874 3268 μεγαλουργίας
2905 3196 3067 3249 αὑτοῦ
3101 3196 3535 3267 παρελάμϐανον.
3581 3197 3673 3249 Διὸ
3701 3196 3879 3267 εἴρηται

2358 3288 2508 3360 παρὰ
2535 3289 2611 3360 τῷ
2644 3288 2909 3360 Ἰερεμίᾳ’
2949 3290 3160 3357 Κύριος
3201 3291 3233 3342 ό
3273 3287 3530 3355 ποιήσας
3567 3288 3678 3357 τὴν
3704 3288 3879 3359 γῆνὲν

2356 3380 2632 3449 τῇλσχύϊ
2656 3381 2861 3445 αὑτοῦ,
2903 3380 2995 3433 καὶ
3028 3379 3095 3433 τὰ
3124 3378 3269 3451 ἑξῆς.

2424 3562 2593 3630 Φωνὴ
2635 3562 2851 3630 Κυρίου
2885 3562 3310 3629 συντρίϐοντος
3348 3558 3631 3627 κέδρους*
3674 3557 3877 3624 συντρί-

2354 3654 2454 3720 ψει
2503 3654 2717 3720 Κύριος
2754 3651 2859 3717 τὰς
2897 3651 3147 3719 κέδρους
3198 3649 3305 3703 τοῦ
3348 3648 3631 3703 Λιϐάνου’
3674 3648 3765 3701 καὶ
3798 3649 3878 3699 ,ιε-

2354 3744 2567 3796 πτυνεῐ
2603 3740 2788 3807 αὑτὰς
2815 3743 2894 3806 ὡς
2926 3741 3031 3794 τόν
3061 3743 3298 3809 μόσχον
3339 3740 3445 3793 τοῦ
3487 3738 3740 3792 Λιϐάνου
3777 3736 3878 3803 (sic)

2355 3835 2451 3887 καὶ
2490 3838 2523 3888 ὀ
2560 3832 2941 3904 ἡγαπημένος
2971 3833 3050 3898 ὡς
3081 3832 3211 3897 υίὸς
3234 3830 3673 3900 μονοκερώτων.
3711 3829 3774 3882 Ἦ
3805 3828 3878 3879 καὶ

2353 3924 2551 3987 οὕτως·
2582 3924 2793 3994 Μόσχον
2836 3922 2977 3975 ἔοικε
3022 3921 3273 3987 Λιϐάνου,
3316 3921 3404 3974 τὸν
3448 3921 3563 3974 υἱὸν
3612 3904 3878 3992 μονοκερώ-
3940 3944 3941 3959 ς

2354 4032 2481 4079 των,
2512 4014 2606 4084 τὴν
2642 4012 2991 4084 Ἰερουσαλὴμ
3017 4012 3214 4081 λέγειν,
3250 4012 3342 4065 καὶ
3381 4012 3470 4065 τὸν
3496 4012 3661 4065 πάλαι
3691 4016 3876 4081 ἠγαπη-

2358 4103 2512 4172 μένον
2545 4101 2655 4155 υίὸν
2701 4101 3098 4172 μονοκερὼτων.
3149 4102 3300 4154 Ἐπεὶ
3346 4101 3594 4179 πατέρων
3626 4102 3875 4170 γεγόνασιν

2356 4196 2543 4262 ἁγίων,
2585 4196 2778 4257 οἵτινες
2826 4193 3068 4261 ἐλέγοντο
3116 4195 3499 4266 μονοκέρωτες,
3529 4178 3619 4249 δῗὰ
3660 4196 3719 4247 τὸ
3758 4194 3877 4264 μόνῳ
3940 4188 3941 4251 ξ

2354 4284 2470 4355 Θεῷ
2507 4286 2692 4357 κέρατι
2719 4285 3035 4355 κεχρῆσθαι,
3061 4286 3135 4349 ὡς
3161 4288 3244 4340 ἐπ’
3269 4285 3413 4357 αὑτῷ
3437 4287 3779 4357 σεμνύνεσθαι
3800 4285 3875 4337 καὶ
3940 4264 3941 4323 ί

2353 4379 2549 4448 λέγειν’
2594 4379 2688 4429 Ἐν
2719 4377 2819 4431 σοὶ
2845 4378 2985 4444 τοὺς
3023 4379 3272 4447 ἐχθροὺς
3300 4379 3466 4448 ἡμῶν
3505 4379 3873 4447 κερατιοῦμετ.

2354 4465 2451 4523 Ὧν
2484 4470 2587 4522 υἱοὶ
2633 4469 2911 4538 γεγόνασιν
2943 4472 2991 4522 οἱ
3026 4469 3311 4541 ἡγούμενοι
3350 4469 3456 4523 τῶν
3501 4472 3565 4523 ὲκ
3610 4468 3873 4542 περιτομῆς

704 4573 1141 4636 circumcisione,
1176 4574 1254 4627 sic
1280 4577 1422 4627 enim
1455 4572 1508 4625 in
1549 4571 1669 4625 aliis
1699 4568 2029 4623 editionibus
2058 4581 2255 4620 vocan-

2358 4565 2562 4635 Σαρίων
2590 4564 2661 4634 (ι)
2690 4563 2917 4617 ἐνταῦθα
2938 4564 3256 4635 κεκλημένοι
3278 4564 3413 4618 κατὰ
3445 4565 3543 4628 τὰς
3571 4565 3729 4627 ἄλλας
3752 4563 3873 4616 ἐκδύο

704 4675 815 4730 tur,
850 4682 956 4736 qua
995 4681 1125 4719 voce
1169 4666 1420 4733 principes
1452 4664 1847 4731 signiﬁcantur.
1894 4662 1999 4716 Eos
2032 4661 2256 4714 commi-

704 4760 925 4814 natione
959 4758 1215 4813 contrivit
1250 4771 1367 4819 sua,
1402 4770 1508 4809 una
1542 4772 1664 4809 eum
1692 4755 2057 4823 Hierosolyma
2092 4767 2251 4821 quam

703 4853 932 4907 vitulum
965 4857 1019 4905 et
1076 4848 1342 4903 Libanum
1394 4853 1691 4913 nuncupat.
1754 4844 1808 4898 ld
1870 4845 2013 4897 enim
2073 4850 2253 4912 aperte

705 4942 953 4998 Ezechiel
975 4941 1234 5011 propheta
1262 4936 1586 5009 signiﬁcavit
1608 4936 1691 4989 his
1713 4936 1923 4989 verbis:
1946 4933 2072 4987 Ila'c
2092 4932 2251 4985 dicit:

704 5036 897 5106 Aquila
916 5032 1131 5103 grandis
1157 5046 1466 5102 magnarum
1488 5028 1715 5091 alarum,
1740 5028 1887 5096 longo
1908 5026 2251 5081 membrorum

704 5128 887 5189 ductu,
928 5126 1078 5193 plena
1130 5122 1413 5193 unguibus,
1458 5120 1767 5186 ductumque
1812 5117 1959 5169 habet
2002 5127 2056 5169 ut
2088 5118 2254 5184 ingre-

705 5219 886 5272 diatur
909 5218 962 5269 in
994 5215 1272 5277 Libanum,
1297 5223 1346 5267 et
1373 5213 1490 5265 tulit
1514 5212 1705 5265 selecta
1735 5208 1894 5273 cedri,
1925 5200 2250 5260 summitates

708 5308 973 5382 frondium
1004 5316 1328 5367 tenerarum,
1374 5314 1421 5356 et
1450 5302 1636 5354 detulit
1670 5317 1732 5353 ea
1764 5300 1817 5351 in
1856 5308 2048 5350 terram
2092 5296 2253 5351 Chat-

707 5403 941 5456 dworum
985 5395 1283 5470 [Chanaan]
1327 5396 1390 5448 ⁷³.
1450 5393 1579 5460 Qua:
1630 5395 1745 5463 ipse
1792 5390 1844 5444 in
1907 5389 2251 5459 sequentibus

710 5492 1091 5562 interpretatur
1139 5487 1367 5542 dicens:
1416 5484 1553 5538 Cum
1585 5482 1779 5538 venerit
1826 5479 1935 5534 Rex
1968 5480 2249 5551 Babylonis

2362 4672 2491 4718 σεις,
2522 4656 2549 4708 ὃ
2584 4658 2943 4727 ἑρμηνεύεται
2967 4654 3269 4723 ἄρχοντες,
3291 4655 3383 4718 οὒς
3404 4655 3598 4725 ἀπειλῇ
3627 4652 3871 4723 συνέτριψε

2361 4746 2495 4815 μετά
2522 4746 2621 4815 τῆς
2663 4744 3033 4817 Ἰερουσαλὴμ,
3058 4746 3123 4817 ἣν
3153 4746 3347 4816 μόσχον
3380 4744 3482 4815 ἔφη
3523 4745 3617 4799 καὶ
3656 4743 3869 4797 Λίϐανον.

2358 4838 2547 4907 Σαφῶς
2578 4838 2684 4909 γὰρ
2719 4837 2975 4908 ἰεζεκιὴλ
3012 4839 3040 4888 ὁ
3070 4839 3352 4908 προφήτης
3393 4837 3550 4889 τοῦτο
3596 4835 3870 4907 παρέστησε

2356 4930 2561 5001 φήσας·
2608 4928 2751 4983 Τάδε
2794 4928 2986 4995 λέγει’
3041 4930 3093 4981 '0
3131 4930 3303 4993 ἀετὸς
3350 4932 3383 4981 ὀ
3423 4928 3609 4998 μέγας
3649 4930 3682 4981 ό
3722 4940 3869 4995 uera-

2354 5020 2735 5089 λοπτέρυγος,
2776 5024 2808 5074 ό
2832 5020 3059 5089 μακρὸς
3091 5019 3165 5087 τῇ
3206 5018 3460 5083 ἐκτάσει,
3497 5017 3727 5087 πλήρης
3767 5017 3868 5068 orti

2357 5128 2477 5178 κων
2504 5112 2570 5177 ὃς
2594 5112 2716 5179 ἔχει
2746 5111 2811 5164 τὸ
2840 5112 3036 5181 ἦγημα
3066 5111 3359 5165 εἰσελθεῖν
3382 5113 3467 5175 εις
3494 5109 3603 5161 τὸν
3627 5109 3868 5162 Λίϐανον.

2356 5204 2452 5256 καὶ
2485 5204 2658 5257 ἔλαϐε
2694 5202 2767 5255 τὰ
2789 5203 3069 5257 ἐπίλεκτοι
3110 5200 3218 5270 τῆς
3250 5201 3481 5269 κέδρου,
3515 5200 3589 5255 τὰ
3613 5200 3753 5268 ἄκρα
3782 5196 3868 5260 τῆς

2356 5297 2745 5363 άπαλότητος,
2788 5296 2887 5349 καὶ
2941 5295 3193 5364 ἤνεγκεν
3245 5293 3395 5347 αὐτὰ
3450 5296 3538 5359 εὶς
3589 5292 3700 5362 γῆν
3747 5292 3869 5341 Χαλο

2354 5385 2559 5439 δαίων·
2587 5386 2621 5440 ἃ
2646 5388 2740 5440 καὶ
2762 5386 2847 5439 διὰ
2872 5386 2979 5439 τῶν
3008 5386 3131 5456 ἑξῆς
3156 5387 3466 5458 ἡρμήνευσε
3493 5384 3663 5454 λέγων
3688 5400 3699 5413 ·
3726 5383 3868 5461 Ὅταν

2355 5478 2498 5547 ἔλθῃ
2524 5478 2820 5544 ,βασιλεὺς
2846 5478 3198 5546 Βαϐυλῶνος
3223 5479 3323 5533 ἐπὶ
3370 5474 3762 5547 Ἰερουσαλὴμ,
3792 5466 3867 5519 καί
3938 5506 3939 5509 η

779 5645 821 5676 ⁶⁹
847 5645 1111 5725 Genesar,
1139 5643 1191 5697 ἓ.
1291 5641 1335 5671 ⁷⁸
1368 5637 1495 5696 ibid.
1527 5637 1616 5693 20.
1692 5624 1737 5669 τί
1788 5634 1984 5691 Jercm.
2011 5652 2064 5700 x,
2092 5635 2175 5689 l2.
2249 5633 2296 5666 τ’
2323 5632 2465 5688 Psal.
2499 5650 2646 5701 mn,
2677 5635 2728 5689 6.
2806 5634 2851 5665 ⁷³
2879 5596 3075 5691 Ezecb.
3101 5650 3233 5700 xvu,
3262 5634 3317 5689 5.

720 5820 721 5823 η
780 5800 853 5870 (l)
887 5798 1000 5853 Vox
1024 5802 1299 5871 Eapimv.a
1323 5799 1542 5869 reliquis
1570 5800 1950 5868 interpretibus
1996 5814 2272 5869 expressa,
2312 5812 2371 5851 ex
2410 5796 2672 5856 llebraico
2726 5797 2905 5856 Sirion
2955 5794 3202 5856 conferta
3237 5798 3319 5851 est
3344 5807 3360 5857 ;
3386 5787 3726 5863 Septuaginta
3762 5792 3864 5840 vero

706 5874 1032 5943 Interpretes
1065 5876 1243 5942 ὴγαπη
1254 5873 1427 5943 μένον,
1453 5871 1716 5935 dilectum,
1742 5873 2083 5926 transtulere.

626 6034 699 6093 Ἦ,
