3966 6344
94 444 179 499 ‘23?
1184 445 1684 505 COMMENTARIA
1728 450 1792 505 IN
1830 448 2165 508 PSALMOS.
3177 464 3285 520 25$

92 560 318 631 λήψεται
341 561 447 615 τὸν
477 558 740 623 ,βασιλέα
768 561 956 634 αὐτῆς
991 566 1087 619 καὶ
1111 566 1214 619 τόν
1240 566 1501 635 ἄρχοντα
1523 572 1626 623 αῠ-
1653 623 1658 633 ε

1728 571 1782 623 in
1824 570 2121 651 Jerusalem
2147 614 2159 638 ,
2236 581 2464 626 assumet
2520 590 2689 644 regem
2752 593 2866 643 ejus
2896 588 2943 632 et
2980 560 3282 653 principem

95 655 201 722 τῆς.
249 653 477 718 Τούτους
515 653 625 727 γὰρ
663 654 947 709 suum“
996 652 1087 712 καὶ
1132 656 1281 726 ἄκρα
1328 658 1627 729 κέκληκεν

1728 663 1840 732 ejus
1865 663 2003 717 ἰλ-⁸³.
2020 662 2130 718 llos
2156 664 2346 718 selecta
2369 675 2543 733 vocat,
2572 678 2618 722 et
2644 671 2967 726 summitates
3014 652 3285 741 frondium

92 747 460 814 ἀπαλότητος.
507 748 721 819 Μόσχον
750 748 809 801 δὲ
848 748 1015 818 αὐτῆς
1060 766 1189 820 φησι
1233 751 1293 804 τὸ
1335 752 1627 823 θυσιαστή-

1728 766 2024 811 tenerarum
2074 758 2214 827 ejus.
2244 757 2488 813 Vitulum
2527 768 2703 815 autem
2730 763 2870 833 ejus,
2899 764 3068 821 altare
3101 776 3280 832 vocat,

94 856 205 909 ριον,
233 839 288 893 ὲν
311 834 354 907 ᾧ
383 840 615 912 μόσχους
644 842 737 895 καὶ
766 841 953 906 θυσίας
979 842 1238 912 ἀνέφερον
1260 863 1271 873 ·
1298 844 1334 897 ἃ
1361 844 1423 917 δὴ
1452 847 1626 901 πάντα

1727 849 1780 902 in
1810 866 1917 920 quo
1939 851 2137 906 vitulos
2168 858 2221 906 et
2262 851 2528 907 sacriﬁcia
2558 852 2871 910 oll'erebant.
2909 856 3039 923 Quae
3077 860 3281 924 omnia,

95 931 443 1003 συντέτριπται
486 933 626 1004 μετά
641 934 918 1005 Σαρίων,ὄ
950 936 1093 989 ἐστιν
1124 935 1416 1007 ἀρχόντων.
1438 938 1623 1004 υύτως

1726 961 1831 998 una
1861 961 1984 999 cum
2020 943 2225 1007 Sariis,
2260 943 2311 998 id
2352 955 2437 1000 est
2485 946 2824 1016 principibus
2869 948 3007 1017 ejus,
3045 951 3281 1004 contrita

89 1017 165 1074 οἷν
190 1040 314 1093 φησι
344 1024 621 1096 συντρίψει
651 1026 743 1078 καὶ
784 1026 907 1090 τοὺς
942 1028 998 1079 ὲν
1045 1029 1155 1091 τοῖς
1183 1027 1387 1092 λοιποῖς
1419 1018 1623 1085 ἔθνεσιν

1723 1050 1871 1091 sunt.
1908 1036 2003 1103 Ita,
2042 1038 2237 1107 inquit,
2281 1044 2601 1093 caeterarum
2639 1040 2875 1109 gentium
2912 1042 3107 1112 impios
3149 1057 3280 1099 con-

88 1113 292 1179 ἁσεὸεῖς,
330 1116 455 1179 τοὺς
483 1116 871 1188 ἐπαιρομένους
896 1117 970 1182 ὡς
997 1118 1095 1182 τὰς
1139 1119 1361 1192 κέδρους
1392 1119 1484 1175 τοῦ
1520 1123 1615 1175 Λι-

1590 1151 1615 1163 -
1723 1133 1881 1193 teret,
1915 1128 2005 1198 qui
2038 1130 2210 1183 instar
2240 1128 2531 1183 cedrorum
2563 1126 2754 1184 Libani
2790 1120 3154 1202 erigebantur.

88 1210 113 1260 6
121 1212 224 1261 ivou
232 1249 245 1262 .

143 1298 296 1367 Φωνὴ
326 1300 545 1368 Κυρίου
589 1301 987 1369 συσσείοντος
1015 1301 1256 1373 ἔρημον,
1297 1306 1621 1360 συσσείσει

1793 1306 1956 1364 Vnus.
1986 1308 2039 1362 8.
2100 1308 2213 1381 V_ox
2260 1308 2475 1363 Domini
2524 1310 2864 1365 concutientis
2903 1310 3184 1376 desertum,
3231 1321 3280 1367 et

87 1394 271 1461 Κύριος
309 1392 423 1462 τὴν
460 1396 681 1464 ἔρημον
725 1392 943 1461 Κάδης.
988 1396 1224 1468 Ἀληθῶς
1267 1398 1371 1469 γὰρ
1416 1400 1448 1471 ἡ
1486 1399 1623 1471 σύμ·-

1722 1401 2055 1456 commovebit
2106 1400 2365 1457 Dominus
2408 1404 2671 1458 desertum
2725 1403 2913 1459 Cades.
2952 1403 3091 1459 Vere
3136 1414 3281 1461 totus

87 1504 209 1539 τισα
236 1485 337 1539 τῶν
370 1487 671 1561 ἀνθρώπων
702 1490 1012 1560 οἰκουμένη,
1043 1480 1245 1562 ἔρημος
1272 1488 1405 1545 οὖσα
1430 1493 1621 1564 πρότε-

1718 1496 1866 1551 orbis
1900 1496 2200 1558 hominum.
2223 1511 2347 1549 cum
2376 1505 2501 1551 ante
2531 1496 2625 1551 Dei
2655 1498 2963 1567 cognitione
2998 1513 3060 1552 ac
3087 1498 3282 1567 pietate

88 1599 159 1651 ρον
186 1580 311 1635 Θεοῦ
337 1584 587 1650 γνώσεως
612 1584 704 1637 καὶ
728 1582 1025 1648 εὐσεϐείας,
1063 1584 1376 1656 συνεσείσθη
1413 1585 1499 1639 διὰ
1524 1584 1617 1639 τοῦ

1718 1597 1920 1638 vacuus
1950 1592 2001 1637 et
2044 1583 2292 1639 desertus
2328 1594 2505 1649 esset,
2540 1599 2637 1654 per
2675 1588 3041 1657 evangelicum
3085 1589 3281 1657 praedi-

83 1675 401 1743 εὐαγγελικοῦ
434 1678 803 1748 κηρύγματος,
847 1677 921 1741 ὡς
955 1676 1276 1747 μεταϐαλεῖν
1314 1679 1481 1750 αὐτὴν
1512 1680 1617 1733 ἀπὸ

1719 1677 1985 1729 cationem
2021 1684 2329 1729 commotus
2364 1683 2483 1738 est,
2534 1676 2609 1729 ita
2644 1687 2699 1731 ut
2730 1693 2759 1731 a
2799 1679 3041 1748 nequitia
3070 1680 3136 1733 ad
3167 1682 3279 1735 vir-

82 1769 251 1831 κακξας
292 1770 372 1830 εὶς
402 1768 620 1841 ἀρετὴν,
670 1769 763 1823 καὶ
792 1771 898 1824 ἀπὸ
929 1770 1149 1839 ἀγνοίας
1189 1773 1266 1835 είς
1309 1772 1618 1846 ἐπιστήμην

1719 1778 1923 1833 tutcm,
1960 1768 2028 1821 ab
2070 1767 2375 1837 ignorantia
2410 1766 2477 1821 ad
2500 1768 2782 1822 scientiam
2820 1769 3055 1823 divinam
3093 1777 3274 1826 trans-

82 1858 222 1912 Θείαν,
250 1859 470 1928 Γέγονεν
504 1855 596 1914 οὖν
625 1861 683 1929 ἐξ
712 1862 917 1935 ἐρήμου
951 1862 1260 1934 οἰκουμένη.

1728 1869 1942 1914 mearet.
1988 1858 2067 1912 Ex
2101 1860 2315 1915 deserto
2360 1859 2524 1931 igitur
2557 1860 2833 1917 habitatus
2861 1861 3010 1916 orbis
3051 1861 3294 1922 eﬂectus.

1644 1951 1687 2006 Β
1715 1962 1842 2007 est..

135 2041 287 2109 Φωνὴ
342 2044 565 2113 Κυρίου
626 2042 1114 2113 καταρτιζομένου
1168 2042 1453 2114 ἐλάφους,
1515 2044 1613 2098 καὶ

1788 2042 1949 2099 Vens.
1985 2042 2060 2098 9-
2082 2044 2165 2097 ll.
2222 2042 2332 2096 Vox
2358 2041 2569 2096 Domini
2600 2044 2948 2111 pra’parantis
2991 2061 3184 2108 cervos,
3226 2058 3276 2101 et

80 2132 425 2202 ἀποκαλύψει
466 2133 745 2202 δρυμοὺς,
776 2134 873 2187 καὶ
913 2134 982 2187 ἐν
1021 2132 1099 2199 τῷ
1130 2134 1253 2201 ναῷ
1282 2136 1465 2190 αὐτοῦ
1496 2136 1615 2203 πᾶς

1714 2134 1958 2189 reuelabit
2000 2134 2283 2197 condensa,
2316 2143 2363 2187 et
2400 2134 2452 2187 in
2504 2134 2695 2204 templo
2737 2135 2849 2202 ejus
2893 2150 3067 2190 omnes
3106 2137 3274 2191 dicent

80 2244 151 2291 τις
187 2226 339 2295 λέγει
392 2226 598 2293 δόξαν.
650 2228 909 2298 Ἐλάφους
939 2228 1068 2301 γὰρ,
1110 2230 1292 2301 φησιν,
1340 2232 1368 2283 ό
1413 2229 1615 2301 Κύριος

1713 2229 1958 2299 gloriam.
1995 2227 2128 2282 Nam
2176 2226 2469 2293 Dominus,
2505 2227 2717 2299 inquit,
2753 2244 2943 2284 cervus
2988 2239 3273 2301 praeparat.

80 2320 515 2390 καταρτισάμενος
539 2338 551 2349 ·
584 2318 720 2385 ζῶον
766 2321 1063 2393 φιλέρημον
1094 2321 1403 2391 ὀφιοκτόνον
1430 2339 1487 2375 τε
1523 2324 1615 2376 καὶ

1714 2320 1810 2375 Est
1836 2320 2036 2376 animal
2071 2318 2382 2375 solitudinis
2411 2334 2625 2383 amans,
2666 2320 3011 2390 serpentibus
3038 2321 3275 2384 exitiale.

79 2413 406 2485 κερασφόρον,
445 2415 539 2467 καὶ
582 2413 724 2467 κατὰ
757 2414 846 2467 τὸν
893 2414 1056 2485 νόμον
1117 2415 1377 2487 καθαρὸν,
1425 2416 1484 2469 ὃν
1530 2415 1615 2482 ἐξ-

1712 2421 1765 2466 et
1795 2421 2107 2476 cornutum,
2142 2422 2303 2484 atque
2348 2411 2646 2467 secundum
2681 2412 2850 2484 legem
2878 2415 3139 2469 mundum
3172 2424 3276 2477 est,

80 2501 294 2573 ἐπεμψεν
311 2505 391 2568 είς
411 2504 508 2575 τὴν
527 2502 960 2575 προδηλωθεῖσαν
991 2504 1213 2576 ἔρημον.
1243 2508 1305 2560 Ol
1330 2507 1385 2560 δὲ
1413 2506 1613 2578 ταύτην

1715 2516 1777 2555 ac
1809 2502 1865 2554 in
1888 2500 2207 2571 praedictum
2236 2502 2510 2557 desertum
2537 2502 2797 2559 emissum
2835 2502 2955 2559 fuit.
2981 2503 3085 2571 Qui
3118 2521 3281 2575 porro

77 2594 428 2666 διαδραμόντες
457 2596 582 2658 τοὺς
613 2597 671 2647 ὲν
701 2595 835 2665 αὐτῇ
870 2595 1022 2665 ὄφεις
1052 2600 1165 2662 τοῖς
1207 2600 1413 2655 ἑαυτῶν
1454 2619 1612 2655 κατε-

1717 2591 1985 2647 desertum
2020 2592 2334 2661 hujusmodi
2362 2602 2714 2664 percurrunt,
2748 2603 3030 2665 serpentes
3052 2596 3283 2667 pedibus

78 2686 294 2757 πάτησαν
323 2688 468 2750 ποσὶ,
498 2687 675 2739 πάντα
722 2703 780 2738 τε
812 2686 878 2739 τὰ
908 2688 964 2740 ἐν
993 2691 1054 2758 τῇ
1084 2690 1272 2761 ἐρήμῳ
1313 2693 1488 2746 ίοϐόλα
1521 2693 1615 2765 θη·-

1713 2685 1827 2739 suis
1857 2692 2164 2754 proterunt,
2190 2686 2485 2755 omniaque
2535 2692 2801 2741 venenata
2843 2690 2898 2741 in
2947 2703 3130 2743 eremo
3158 2690 3278 2743 ani-

80 2778 148 2847 ρία
175 2778 381 2849 μακρὰν
419 2777 702 2849 ἀπήλασαν
726 2795 739 2807 ’
767 2771 842 2833 ὧν
882 2779 1199 2845 ἐλαθέντων,
1235 2784 1614 2856 ἀπεκαλύφθη-

1713 2778 1875 2831 malia
1936 2778 2125 2847 procul
2176 2776 2419 2847 abigunt.
2478 2776 2688 2841 Quibus
2736 2777 2979 2847 depulsis
3040 2780 3278 2835 revelata

80 2884 156 2921 σαν
181 2872 222 2922 οἱ
254 2870 444 2940 δρυμοί
471 2887 484 2900 ·
516 2860 625 2926 Καὶ
664 2870 734 2923 ἐν
773 2870 853 2937 τῷ
887 2870 1011 2937 ναῷ
1044 2871 1162 2944 πᾶς
1193 2892 1281 2941 τις
1318 2877 1479 2946 λέγει
1510 2878 1610 2931 δό-

1713 2881 1841 2927 snnt
1874 2879 2163 2940 querceta,
2197 2877 2245 2923 et
2274 2869 2327 2921 in
2373 2870 2562 2934 templo
2597 2870 2711 2937 ejus
2751 2887 2928 2924 omnes
2965 2870 3138 2924 dicent
3161 2871 3278 2942 glo-

76 2960 184 3023 ξαν.
226 2963 432 3033 Σφόδρα
457 2964 699 3035 ἀκριϐῶς
726 2962 939 3036 εἴρηται
958 2983 970 2995 ·
1003 2966 1107 3023 Καὶ
1140 2966 1209 3019 ἐν
1237 2966 1317 3033 τῷ
1358 2969 1480 3034 νειῷ
1510 2973 1613 3024 αὺ-

1713 2963 1865 3015 riam.
1906 2960 2127 3015 Snmma
2162 2967 2309 3015 certe
2360 2962 2711 3014 accuratione
2755 2960 2959 3015 dictum
2988 2968 3092 3026 est,
3141 2966 3275 3031 etin

77 3053 162 3105 τοῦ
201 3051 311 3120 πᾶς
346 3072 435 3121 τις
476 3058 642 3123 λέγει
693 3054 913 3120 δόξαν
957 3057 1139 3110 οὐκέτι
1188 3056 1295 3130 γὰρ
1348 3058 1609 3124 Ἰουδαῖοι,

1716 3055 1900 3123 templo
1928 3055 2041 3124 ejus
2077 3070 2252 3108 omnes
2289 3052 2459 3106 dicent
2488 3052 2747 3123 gloriam;
2779 3069 2884 3108 non
2911 3056 3054 3109 enim
3080 3054 3271 3121 Judaei,

77 3144 213 3199 οὐδὲό
239 3148 299 3200 ἐκ
330 3146 634 3219 περιτομῆς
671 3146 818 3212 λαὸς,
856 3148 989 3202 ἀλλὰ
1019 3150 1125 3213 πᾶς
1147 3167 1230 3214 τις
1274 3153 1301 3205 ό
1334 3151 1391 3216 ἐξ
1437 3152 1612 3206 ἁπάν-

1714 3163 1887 3218 neque
1932 3148 2165 3217 populus
2196 3162 2262 3201 ex
2297 3144 2747 3211 circumcisione,
2790 3146 2885 3203 sed
2924 3148 3170 3219 quisquis
3208 3166 3274 3205 ex

78 3253 160 3291 των
183 3238 281 3292 τῶν
316 3239 483 3293 ἐθνῶν
507 3239 876 3312 ἐπιστραφείς.
908 3242 1121 3310 Κύριος
1162 3242 1343 3311 ἰσχὺν
1371 3244 1450 3310 τῷ
1483 3244 1610 3310 λαῷ

1714 3241 1968 3303 omnibus
1998 3240 2251 3311 gentibus
2286 3247 2720 3301 conversusest.
2751 3238 3003 3294 Dominus
3036 3243 3274 3298 virtutem

77 3331 230 3386 αὑτοῦ
264 3332 472 3388 δώσει·
506 3296 718 3402 Κύριός
750 3296 1397 3403 ἐὐλογήσειΙτὸνῗλαόν
1420 3296 1611 3390 αὐτοί)
1641 3322 1643 3339 ¹

1715 3296 1902 3402 populo
1937 3296 2033 3387 suo
2064 3330 2248 3395 dabit;
2281 3330 2542 3385 Dominus
2573 3298 2833 3385 benedicet
2877 3334 3066 3402 populo
3094 3296 3276 3389 suo—iu

78 3424 131 3474 ἐν
152 3424 363 3496 ειρήνῃ.
1222 3412 1225 3415 δ
1714 3442 1858 3495 race.

568 3516 857 3570 ΨΑΛΜΟΣ
891 3514 1066 3569 DARE

2166 3513 2491 3570 PSALMUS
2530 3513 2800 3570 CANTICI

80 3606 188 3659 ΤΟΥ
206 3608 285 3661 ΕΓ
288 3609 668 3664 ΚΔΠἹΙΣΜΟΥ
692 3609 825 3663 ΤΟΥ
850 3610 1060 3664 ΟΙΚΟΥ
1085 3610 1225 3666 ΤΟΥ
1252 3612 1453 3666 ΔΛΥΙΔ
1478 3612 1605 3669 KB'.

1603 3658 1605 3668 .
1816 3612 1868 3667 1.
1896 3610 1961 3665 ΙΝ
1988 3607 2445 3663 DEDICATIONE
2482 3606 2717 3663 DOMUS
2751 3605 2959 3661 DAVID
2982 3606 3169 3662 XXIX.

133 3739 254 3793 Ἀλλ’
284 3741 427 3796 εἴποι
461 3742 548 3807 τίς
590 3742 654 3797 ἂν
690 3742 829 3815 πρὸς
869 3744 1045 3811 τοῦτο,
1075 3743 1149 3808 ὡς
1181 3745 1435 3817 οὐδεμίαν
1468 3749 1611 3802 οἰκο-

1781 3744 1887 3801 Sed
1924 3743 2155 3799 fortasse
2177 3742 2447 3813 quispiam
2470 3740 2539 3796 ad
2562 3740 2676 3795 haec
2702 3739 2923 3804 dixerit,
2960 3740 3107 3812 quod
3145 3742 3269 3796 uul—

78 3829 215 3901 δομῆς
240 3834 382 3888 οἴκου
412 3834 445 3906 ἢ
470 3834 596 3889 ναοῦ
631 3839 863 3890 ποιεῖται
897 3838 1115 3909 μνήμην
1140 3853 1152 3867 ο
1188 3835 1305 3890 οὐδέ
1338 3855 1421 3902 τις
1456 3839 1608 3909 λόγος

1710 3842 1816 3895 lam
1843 3840 1930 3895 hic
1960 3843 2249 3894 structurae
2288 3836 2484 3890 domus
2530 3834 2644 3889 sive
2686 3834 2872 3906 templi
2917 3833 3081 3890 faciat
3114 3850 3269 3892 men-

78 3922 197 3977 ést‘w
230 3927 285 3981 ὲν
318 3928 395 3998 τῷ
438 3928 637 4001 ψαλμῷ
675 3929 968 4001 δυνάμενος
1007 3930 1267 4002 ἁρμόζειν
1314 3933 1605 3999 ὲγκαινίοις

1707 3934 1907 3989 tionem
1947 3950 1959 3986 :
2019 3944 2117 3984 nec
2150 3927 2430 3998 quidpiam
2465 3925 2519 3980 in
2553 3926 2762 3996 psalmo
2791 3926 3093 3997 reperiatur
3123 3926 3268 3998 quod

78 4016 216 4084 οῖιωο,
272 4021 344 4087 ὼς
397 4022 612 4095 νομίσαι
675 4023 795 4078 τινὰ
861 4024 953 4077 ἐπὶ
1020 4024 1354 4095 ὲγκαινισμῴ
1402 4024 1495 4077 τοῦ
1550 4028 1607 4079 ἑν

1708 4025 1875 4098 possit
1905 4022 2233 4078 dedicationi
2265 4021 2461 4076 domus
2492 4020 2913 4089 competere,'ut
2963 4021 3087 4091 quis
3118 4030 3274 4091 puta-

86 4106 437 4184 Ἰεροσολύμοις
462 4113 568 4168 νεὼ
592 4115 682 4168 τὸν
709 4114 1064 4187 προκείμενον
1091 4114 1302 4187 ψαλμὸν
1333 4118 1601 4188 εἰρῆσθαι.

1708 4112 1843 4168 verit
1887 4110 1953 4165 de
1992 4109 2176 4181 templi
2220 4108 2697 4179 Hierosolymitani
2753 4107 3274 4185 dedicationehunc

88 4199 199 4253 Ἀλλ’
233 4205 350 4257 ἐπεὶ
381 4205 830 4278 προγέγραπται,
865 4205 1037 4279 ’ῼδῆς
1083 4208 1468 4277 ἑγκαινισμοῦ
1500 4209 1604 4263 τοῦ

1705 4203 1970 4273 psalmum
1998 4201 2407 4269 pronuntiatum
2438 4197 2626 4255 fuisse.
2660 4195 2859 4252 Verum
2890 4202 3150 4270 quoniam
3187 4202 3268 4257 in-

78 4293 247 4349 οἵκου·
300 4300 494 4353 σκόπει
543 4301 748 4371 μήποτε
802 4299 949 4353 οἶκον
992 4302 1222 4355 ἐνταῦθα
1265 4304 1363 4375 τὴν
1410 4304 1603 4357 ἑαυτοῦ

1705 4295 2000 4351 scribitur:
2032 4292 2282 4347 Psalmus
2329 4292 2521 4345 cantici
2576 4290 2629 4343 in
2682 4288 3011 4345 dedicatione
3041 4291 3264 4359 domus,

78 4381 219 4457 ψυχὴν
242 4388 532 4443 αἰνίττεται
553 4405 566 4420 ³
608 4390 666 4442 ὲν
759 4389 821 4442 τὸ
853 4388 991 4443 θεῖον
1023 4392 1261 4464 Πνεῦμα,
1295 4393 1369 4458 ὡς
1406 4396 1461 4447 ὲν
1492 4395 1603 4466 ναῷ

1704 4388 1855 4454 mihi,
1881 4401 2088 4457 (1113380,
2109 4384 2444 4449 consideres,
2470 4398 2596 4437 num
2619 4382 2707 4436 hic
2731 4395 2827 4451 per
2848 4382 3089 4445 domum,
3115 4400 3269 4441 suam

78 4478 262 4548 θῐκῆσάν
304 4499 457 4547 ποτε,
498 4480 674 4553 καιρῷ
704 4499 807 4553 τινι
846 4481 1049 4554 ἔρημον
1081 4486 1248 4556 αὐτὴν
1289 4486 1599 4541 καταλέλοι-

1703 4483 1875 4552 ipsam
1921 4478 2155 4532 animam
2192 4472 2477 4532 adumbret
2518 4494 2531 4527 :
2586 4474 2641 4527 in
2694 4486 2801 4542 qua
2850 4488 2974 4527 cum
3031 4471 3268 4545 Spiritus

80 4582 174 4633 πεν,
224 4572 577 4647 ἁναχωρῆσαν
630 4573 715 4628 διὰ
771 4573 869 4646 τὴν
928 4574 1406 4649 πλημμεληθεῖσαν
1454 4580 1600 4651 αὐτῷ

1718 4578 1934 4625 sanctus
1966 4586 2065 4624 ceu
2094 4570 2146 4621 in
2177 4566 2378 4636 templo
2431 4560 2722 4633 aliqUando
2752 4560 3072 4625 habitasset,
3128 4580 3267 4633 quo-

80 4661 193 4743 ιιατά
226 4664 312 4718 τὸν
351 4666 554 4737 Οὐρίαν
597 4665 689 4721 καὶ
734 4665 830 4737 τὴν
876 4666 1062 4721 τούτου
1106 4672 1337 4737 γυναῖκα
1378 4671 1608 4743 πρᾶξιν·
1644 4706 1646 4712 ι

1714 4663 1835 4718 dam
1860 4670 2102 4730 tempore
2130 4659 2398 4712 desertam
2429 4668 2545 4708 eam
2580 4652 2817 4723 reliquit,
2852 4663 3015 4723 atque
3040 4654 3267 4710 recessit

80 4742 209 4819 δι’ῆν
234 4752 325 4805 καὶ
358 4754 519 4825 μέχρι
552 4752 642 4808 τοῦ
686 4753 915 4809 θανάτου
968 4757 1331 4828 κατελήλυθε,
1379 4742 1445 4813 τὰ
1498 4763 1603 4833 πρὸ

1708 4759 1777 4811 ob
1807 4762 2077 4828 patratum
2110 4752 2162 4804 in
2191 4749 2373 4805 Utinm
2405 4754 2457 4801 et
2480 4761 2702 4801 uxorem
2729 4746 2849 4817 ejus
2874 4745 3119 4815 facinus;
3146 4748 3268 4805 ideo

81 4833 263 4896 θάνατον
301 4846 657 4918 ἁμαρτήσας·
706 4846 930 4919 δυνάμει
977 4847 1033 4901 δὲ
1078 4849 1197 4902 τότε
1250 4852 1344 4903 καὶ
1390 4853 1470 4915 εἰς
1514 4854 1603 4908 τὸν

1709 4852 1774 4907 ad
1810 4858 2033 4904 mortem
2070 4860 2241 4915 usque
2289 4842 2544 4913 delapsus
2594 4850 2699 4908 est,
2744 4842 2872 4912 quia
2929 4843 2995 4897 ad
3038 4852 3265 4899 mortem

82 4924 273 5000 λάκκον,
322 4939 415 4993 καὶ
467 4940 546 5003 είς
586 4938 678 4992 τὸν
721 4938 852 5011 ᾅδην
900 4940 1235 5011 κατηνέχθη,
1292 4944 1493 5016 κατέϐη
1542 4962 1601 4999 τε

1708 4949 2058 5017 peccaverat;
2114 4938 2221 4992 imo
2268 4938 2478 4992 ratione
2521 4937 2755 5007 quadam
2790 4953 2961 5006 usque
2991 4937 3055 4991 ad
3087 4937 3265 4990 lacum

82 5021 252 5091 ἀληθῶς
277 5030 355 5094 είς
381 5030 675 5103 διαφθοράν
694 5049 706 5062 ’
754 5030 829 5096 ὡς
859 5030 946 5085 διὰ
989 5030 1162 5086 ταῦτα
1195 5032 1410 5104 θρήνοις
1439 5034 1601 5088 αὐτὸν

1708 5046 1761 5093 et
1794 5036 1859 5091 ad
1907 5033 2175 5095 infernum
2207 5030 2477 5085 deductus
2508 5037 2612 5092 est,
2652 5044 2716 5081 ac
2766 5027 2943 5097 reipsa
2986 5027 3264 5083 descendit

84 5115 327 5186 σχολάσαι,
382 5125 586 5179 σάκκον
636 5143 697 5180 τε
754 5125 873 5180 ἀντὶ
902 5125 1001 5196 τῆς
1047 5125 1324 5196 βασιλικῆς
1376 5127 1602 5197 ἐσθῆτος

1711 5133 1763 5185 in
1799 5125 2201 5195 corruptionem
2225 5141 2240 5191 ;
2276 5123 2349 5177 ita
2386 5131 2443 5177 ut
2475 5137 2537 5178 ea
2565 5120 2630 5175 de
2659 5134 2823 5174 causa
2848 5118 3059 5173 ﬂetibus
3088 5132 3147 5172 se
3169 5118 3264 5173 de-

84 5208 446 5277 περιὸαλὲσθαι.
491 5216 631 5269 Ἀλλ’
676 5218 862 5291 ἐπειδὴ
912 5216 1184 5287 ἀξιόλογον
1234 5218 1602 5290 ἐνδειξάμενος

1705 5220 1863 5281 derit,
1892 5233 1952 5271 ac
1984 5231 2083 5285 pro
2120 5216 2265 5297 regia
2297 5224 2448 5271 veste
2483 5229 2702 5270 saccum
2750 5211 3003 5268 induerit.
3035 5212 3102 5263 At
3138 5214 3264 5282 quia

81 5298 344 5367 μετάνοιαν,
378 5307 569 5373 ἑαυτόν
615 5326 674 5362 τε
709 5309 944 5373 κολάσας
989 5310 1082 5364 καὶ
1128 5312 1597 5383 τιμωρησάμενος.

1705 5321 1993 5385 postquam
2025 5309 2247 5379 dignam
2305 5310 2552 5365 exhibuit
2606 5305 3001 5378 paenitentiam,
3047 5318 3109 5357 ac
3144 5319 3264 5360 sese

81 5388 243 5455 ἱκανῶς
263 5411 319 5448 τε
344 5396 756 5471 ἐγκαρτερήσας
783 5404 901 5466 ταῖς
932 5401 1285 5473 ἐξομολογήσε
1296 5419 1397 5467 σιν,
1431 5405 1601 5475 ἐπαγ-

1705 5402 1985 5474 castigavit
2014 5408 2177 5473 atque
2209 5402 2444 5474 punivit,
2478 5398 2910 5471 congruentique
2938 5403 3179 5463 tempore
3208 5395 3261 5451 in

84 5481 231 5545 τελὶιν
266 5485 505 5555 ἀφέσεως
548 5489 649 5559 τῆς
696 5492 965 5562 ἁμαρτίας
1015 5494 1239 5565 εἴληφε,
1283 5492 1369 5547 διὰ
1412 5496 1505 5549 τοῦ
1539 5499 1602 5551 ἐκ

1704 5495 2141 5557 confessionibus
2168 5495 2563 5568 perseveravit,
2612 5488 2920 5548 remitteudi
2980 5486 3084 5540 sibi
3133 5502 3258 5557 pec-

90 5575 352 5646 σπέρματος
375 5577 538 5633 αὐτοῦ
565 5580 1018 5654 προελευσομένου
1036 5584 1290 5657 Χριστοῦ,
1320 5585 1600 5657 μέλλοντος

1704 5593 1807 5647 cati
1838 5590 2255 5662 promissionem
2308 5596 2503 5643 nactus
2542 5594 2645 5649 est,
2678 5599 2772 5653 per
2804 5579 3079 5634 Christum
3112 5579 3255 5633 S"lll-

90 5666 161 5718 καὶ
187 5670 354 5742 μέχρις
396 5671 993 5745 ᾁδουικαταῦήσεσθαιο
1039 5679 1260 5741 εἰκότως
1293 5680 1389 5749 τῆς
1435 5696 1599 5753 κατη-

1703 5691 1787 5739 cet
1842 5698 1905 5737 ex
1958 5681 2078 5751 ejus
2132 5679 2339 5736 semine
2387 5678 2756 5748 proditurum,
2790 5679 2842 5725 ct
2884 5669 2949 5724 ad
2984 5668 3258 5726 infernum

89 5759 215 5824 φείας
254 5764 571 5833 μεταϐαλὼν,
605 5765 698 5818 καὶ
728 5766 825 5837 τῆς
854 5769 937 5840 ἐφ’
964 5764 1045 5833 οἷς
1080 5772 1373 5842 ἐτόλμησεν
1407 5772 1595 5844 ἐξομο-

1703 5789 1877 5844 usque
1906 5772 2333 5836 descensurum;
2363 5769 2488 5839 jure
2533 5782 2562 5819 a
2597 5763 2818 5819 tristitia
2852 5770 2905 5817 et
2931 5777 2958 5814 a
2991 5762 3259 5818 scelerum

91 5853 342 5923 ιογήσεως,
380 5857 726 5929 εὐχαριστίαν
767 5862 1076 5933 ἀναπέμπει
1121 5863 1196 5933 τῷ
1236 5863 1355 5935 Θεῷ
1386 5864 1588 5935 λέγων·

1699 5865 2041 5921 coufessione
2096 5863 2427 5933 translatus,
2450 5859 2654 5931 gratias
2690 5856 2800 5927 agit
2856 5854 2984 5917 Deo.
3020 5854 3211 5909 dicens
3240 5872 3258 5892 ο

151 6001 241 6047 ³⁸³³
260 6007 441 6070 Ezech.
475 6030 610 6097 xvn,
638 6011 723 6071 12.
