3960 6342
675 458 778 513 239

1198 448 1461 507 EUSEBII
1500 448 1975 504 CAESARIENSIS
2012 448 2159 507 OI’P.
2218 451 2220 501 ἶ

2323 449 2396 504 is
2457 448 2546 506 ιιι.
2565 480 2632 492 -
2669 423 3103 505 Εχεοετιοιὶρ

3758 459 3847 510 2w

677 564 920 631 Domine,
962 564 1187 618 eduxiin
1217 562 1279 615 ab
1310 562 1510 631 inferno
1542 563 1775 615 animam
1796 578 1983 625 meam,
2016 561 2220 615 salvast:

2330 564 2521 630 Κύριε,
2542 560 2833 629 ἀνήγαγες
2859 561 2927 625 ἐξ
2950 561 3096 629 ᾅδου
3115 562 3225 631 τὴν
3246 564 3453 631 ψυχήν
3475 580 3611 632 μου,
3638 564 3848 633 ἔσωσας

678 673 825 719 mea.
844 656 1263 712 descendentibus
1293 656 1348 707 in
1383 655 1554 707 locum
1581 672 1599 707 :
1636 657 1779 707 luctu
1793 669 1946 723 “tque
1981 670 2139 708 suum
2171 655 2228 707 in

680 749 917 803 laetitiam
945 764 1161 802 versum
1202 748 1287 801 bis
1312 748 1495 801 verbis
1526 745 1883 800 testificatur:
1916 743 2228 799 Convertiin

674 840 936 908 planctum
961 856 1129 891 meum
1160 839 1212 891 in
1240 836 1494 906 gaudium
1524 837 1673 900 mihi,
1700 837 1999 890 conscidisti
2022 853 2229 889 saccum

676 948 841 985 meum
871 942 920 984 et
963 929 1352 984 circumdedisti
1398 946 1478 981 me
1528 929 1733 982 (attitia.
1779 928 1913 982 Cum
1946 928 2112 997 igitur
2138 928 2227 982 hic

673 1015 914 1087 domum,
958 1020 1181 1074 Davidis
1208 1020 1442 1073 animam
1472 1018 1713 1073 indicare
1742 1025 2225 1073 commonstratum

675 1113 779 1183 sit,
815 1112 1044 1180 hujusce
1090 1111 1287 1171 domus
1320 1108 1651 1165 dedicationi
1689 1122 1809 1178 quae
1844 1107 1933 1161 hic
1973 1106 2226 1161 dicuntur

673 1203 907 1273 aptanda
935 1208 1082 1256 sunt.

725 1364 909 1435 ⁸νειιε.
940 1380 996 1442 2,
1026 1380 1079 1434 3.
1124 1378 1387 1432 Exattabo
1420 1390 1485 1442 te,
1518 1376 1751 1442 Domine,
1778 1379 2024 1443 quoniam
2048 1396 2224 1434 susce-

670 1470 797 1538 pisti
821 1485 919 1532 me,
949 1484 1040 1521 nee
1068 1467 1337 1553 ἀείδεταιιὶ
1371 1468 1611 1519 inimicos
1648 1483 1785 1520 meus
1810 1483 1962 1535 super
1990 1484 2088 1522 me.
2112 1467 2224 1521 Do-

671 1563 809 1615 mine
852 1562 988 1614 Deus
1014 1577 1176 1623 meus,
1212 1560 1441 1613 clamavi
1467 1559 1535 1612 ad
1569 1569 1637 1622 te,
1668 1570 1715 1613 et
1745 1562 1950 1613 sanasti
1984 1577 2081 1615 me.
2116 1559 2225 1613 Do-

672 1654 827 1715 mine,
855 1652 1084 1705 eduxisti
1115 1651 1178 1703 ab
1210 1653 1412 1718 inferno
1438 1652 1667 1703 animam
1695 1667 1884 1715 meam,
1913 1652 2225 1715 salvastime

670 1742 1147 1799 adescendeutibus
1179 1745 1232 1796 in
1262 1745 1455 1796 lacum.
1510 1740 1631 1796 llaec
1678 1741 1847 1797 David
1882 1744 1935 1797 in
1971 1727 2229 1814 praesenti

670 1837 878 1907 psalmo
912 1836 1078 1900 dicit;
1116 1837 1170 1889 in
1201 1837 1464 1905 vigesimo
1511 1838 1745 1907 septimo
1777 1843 1981 1901 autem,
2010 1837 2084 1889 ita
2113 1840 2224 1889 cla-

2324 672 2400 722 με
2426 654 2539 707 ἀπὸ
2578 652 2694 705 τῶν
2725 655 3195 707 καταϐαινόντων
3232 657 3316 720 είς
3356 654 3601 715 λάκκον,
3650 657 3848 726 μεταϐε-

2329 736 2575 815 ϐλῆσθαί,
2604 742 2673 796 τε’
2709 744 2857 815 αὑτῷ
2898 744 2967 797 τὰ
3009 744 3100 797 τοῦ
3149 744 3371 810 πένθους
3418 748 3495 809 εἰς
3544 731 3849 821 εὐοροσύνην

2332 836 2577 908 σημαίνει
2609 835 2701 888 καὶ
2732 835 2797 888 δι’
2820 830 2892 887 ὧν
2924 837 3113 905 φησιν*
3143 838 3468 906 Ἐστρεψας
3502 837 3604 890 τόν
3626 842 3851 895 κοπετὸν

2328 932 2411 994 εις
2466 928 2657 997 χαρὰν
2710 929 2872 995 ἐμοί·
2922 926 3230 995 διέρῤηξας
3286 930 3390 982 τὸν
3447 928 3677 982 σάκκον
3728 950 3849 999 μου,

2327 1020 2424 1073 καὶ
2444 1014 2820 1087 ’περιέζωσάςῇ
2843 1034 2919 1087 με
2957 1022 3355 1088 εὐφροσύνην.
3392 1020 3732 1091 Δεδειγμένου
3761 1025 3853 1076 τοί-

2327 1129 2421 1165 νυν
2454 1110 2545 1163 τοῦ
2588 1110 2733 1163 οἰκου
2762 1110 2859 1179 τῆς
2898 1108 2988 1163 τοῦ
3023 1110 3179 1162 Δαυῒό
3210 1111 3401 1182 ψυχῆς,
3437 1111 3544 1184 ἄρα
3582 1113 3658 1182 τῷ
3689 1116 3851 1180 ἐγκαι-

2328 1202 2501 1273 νισμῷ
2553 1201 2644 1254 τοῦ
2692 1200 2926 1253 τοιούτου
2972 1198 3120 1254 οῐκου
3178 1201 3499 1272 ἐφαρμόζειν
3549 1202 3616 1254 τὰ
3659 1203 3854 1273 προκεί-

2330 1311 2486 1365 μενα.

2408 1381 2657 1453 ’Υψώσω
2688 1400 2779 1448 σε,
2821 1384 3015 1450 Κύριε,
3054 1383 3141 1439 ὅτι
3173 1382 3464 1449 ὑπέλαϐές
3489 1400 3595 1453 με,
3638 1384 3729 1435 καὶ
3760 1386 3855 1438 οὐκ

2326 1475 2631 1544 nite-parat;
2681 1474 2817 1539 τοὺς
2867 1476 3115 1542 ἐχθρούς
3161 1493 3278 1543 μου
3326 1476 3422 1527 ἐπ’
3468 1475 3613 1537 ἐμοί.
3646 1475 3857 1543 Κύριεὸ

2329 1568 2470 1633 Θεός
2496 1584 2633 1636 μου,
2669 1565 2960 1633 ἐκέκραξα
3004 1565 3150 1633 πρὸς
3180 1566 3285 1626 σὲ,
3320 1568 3415 1620 καὶ
3458 1565 3600 1620 ὶάσω
3621 1584 3737 1635 μοι.
3763 1568 3859 1621 Ku-

2320 1678 2431 1728 ριε,
2473 1660 2767 1730 ἀνήγαγες
2796 1660 2863 1725 ἐξ
2902 1658 3049 1727 ᾷδου
3086 1658 3198 1726 τὴν
3230 1657 3437 1727 ψυχήν
3460 1676 3598 1727 μου,
3641 1656 3858 1724 ἑσωσάς

2322 1769 2399 1821 με
2432 1750 2546 1805 ἀπὸ
2594 1749 2712 1805 τῶν
2753 1751 3223 1804 καταϐαινόντων
3265 1754 3350 1816 εἰς
3392 1750 3636 1804 λάκκον,
3696 1750 3860 1803 Ταῦτα

2333 1845 2430 1915 μὲν
2460 1845 2489 1895 ὁ
2513 1842 2671 1896 Δαυῒδ
2707 1842 2792 1895 διὰ
2829 1843 2921 1895 τοῦ
2971 1841 3106 1912 μετὰ
3143 1845 3325 1913 χεῖρας
3366 1842 3575 1913 ψαλμοῦ
3605 1842 3774 1911 λέγει·
3812 1843 3861 1893 ἐν

668 1928 849 1981 ntabat
881 1928 994 1997 ipse
1020 1947 1033 1981 :
1064 1927 1149 1979 Ad
1179 1940 1246 1990 te,
1277 1927 1511 1992 Domine,
1536 1926 1793 1991 clamabo,
1823 1926 1961 1981 Deus
1986 1943 2148 1991 meus,
2170 1944 2220 1979 ne

2329 1937 2384 1990 δὲ
2429 1935 2503 2007 τῷ
2541 1935 2769 2005 εἰκοστῷ
2803 1934 3012 2004 ἑϐδόμῳ
3047 1933 3243 2005 ψαλμῷ
3285 1936 3314 1986 ὁ
3345 1935 3501 1996 αὐτὸς
3529 1934 3655 1986 ἐϐόα
3685 1934 3860 2007 λέγων·

668 2020 823 2074 sileas
864 2038 895 2073 a
937 2038 1035 2083 me,
1066 2038 1126 2073 ne
1158 2019 1367 2089 quando
1399 2029 1572 2073 taceas
1616 2037 1648 2073 a
1678 2037 1776 2084 me,
1808 2030 1856 2073 et
1891 2016 2225 2074 assimitabor

666 2112 1092 2167 descendentibus
1138 2114 1194 2166 in
1224 2114 1419 2166 lacum.
1454 2112 1559 2167 Sed
1592 2115 1718 2183 quia
1750 2113 1829 2173 ibi,
1852 2114 1934 2169 sic
1965 2118 2226 2183 precaba-

666 2214 778 2270 tur,
808 2205 897 2257 hic
928 2205 1134 2274 gratias
1166 2205 1275 2274 agit
1325 2214 1383 2258 ut
1427 2204 1685 2261 detrusus
1724 2215 1849 2259 ante
1881 2214 1935 2259 et
1972 2205 2226 2276 delapsus

669 2298 725 2351 in
751 2298 947 2362 lacum,
986 2297 1079 2349 sed
1108 2296 1220 2363 jam
1252 2296 1508 2351 reductus
1532 2304 1585 2351 et
1616 2305 1806 2352 erutus
1835 2313 1903 2352 ex
1934 2312 2020 2362 eo,
2049 2313 2226 2368 neque

668 2388 866 2443 similia
901 2403 1096 2457 passus
1127 2388 1193 2443 iis
1224 2389 1315 2459 qui
1352 2405 1473 2443 cum
1501 2389 1554 2443 in
1586 2387 1762 2458 ipsum
1793 2388 2221 2451 descendissent,

667 2493 946 2549 nunquam
975 2478 1099 2533 inde
1136 2489 1323 2549 postea
1378 2486 1740 2536 emerserunt.
1776 2478 1909 2532 Nam
1940 2496 2063 2534 eum
2112 2481 2226 2550 pri-

666 2573 771 2629 mis
804 2573 1021 2627 beatum
1047 2582 1131 2627 est
1160 2588 1267 2626 non
1293 2587 1553 2641 peccare;
1590 2580 1645 2625 at
1675 2574 1802 2641 quia
1841 2572 2090 2627 humana:
2122 2588 2223 2626 na-

666 2675 803 2719 turae
833 2665 1121 2719 inﬁrmitas
1147 2661 1390 2736 peccatis
1414 2664 1707 2733 subiacet;
1765 2665 2061 2721 secundam
2101 2666 2223 2736 quis

666 2760 1064 2830 navigationem
1094 2774 1215 2813 esse
1248 2758 1469 2821 dixerit,
1510 2758 1576 2811 ad
1619 2759 1819 2812 bonum
1856 2774 1915 2814 se
1942 2774 2220 2823 revocare,

666 2867 732 2906 ac
756 2859 874 2921 post
901 2851 1151 2906 morbum
1183 2866 1303 2907 sese
1325 2852 1619 2905 restituere
1648 2866 1712 2904 ac
1742 2852 2047 2908 naturalem
2078 2856 2244 2915 reci-1

664 2960 793 3017 pere
816 2947 1120 3002 sanitatem.

730 3210 895 3267 Vens.
926 3211 978 3275 5,
1015 3210 1068 3263 6.
1113 3209 1337 3263 Psallite
1369 3208 1610 3271 Domino,
1641 3208 1811 3261 sancti
1857 3206 1991 3275 ejus,
2030 3215 2225 3262 et‘con-

671 3302 884 3354 titemini
941 3298 1207 3352 memoria:
1266 3298 1569 3351 sanctitatis
1624 3297 1757 3366 ejus.
1792 3291 2084 3361 ‘Quoniam
2138 3297 2223 3349 ira

664 3394 719 3446 in
771 3391 1130 3460 indignatione
1179 3390 1314 3459 ejus,
1384 3398 1433 3442 et
1493 3390 1599 3441 vita
1656 3389 1711 3440 in
1760 3387 2029 3441 voluntate
2085 3386 2218 3456 ejus.

670 3481 847 3554 Rogat
892 3490 951 3537 ut
1002 3482 1107 3539 sibi
1162 3481 1444 3551 poenitenti
1502 3480 1969 3549 congratulentur.
2009 3486 2063 3534 et
2097 3492 2224 3533 eon-

666 3574 941 3639 ﬁteantur,
985 3574 1037 3629 id
1086 3582 1189 3637 est,
1238 3572 1442 3643 gratias
1489 3581 1651 3641 agant
1680 3569 1953 3623 memoriae
2014 3568 2220 3625 sancti-

662 3669 792 3731 tatis
820 3666 979 3735 ejus;
1033 3679 1096 3719 ac
1148 3663 1193 3717 si
1228 3664 1454 3723 diceret,
1500 3668 1559 3714 ut
1594 3660 1909 3715 memoriam
1941 3659 2218 3722 refricem,

661 3775 837 3831 neque
880 3758 1277 3813 obliviscantur
1310 3756 1575 3809 bonorum
1620 3769 1740 3823 quae
1769 3752 2084 3807 hominibus
2116 3751 2219 3807 Do-

661 3854 845 3907 minus
884 3848 1337 3904 subministravit.
1370 3846 1506 3901 Cum
1547 3846 1737 3917 primis
1788 3855 1969 3899 autem
2004 3859 2101 3914 par
2138 3852 2222 3899 est

662 3943 959 4014 gratiarum
1021 3939 1326 3992 actionibus
1378 3938 1654 4001 insistere,
1710 3951 1979 3990 memores
2026 3935 2221 3989 divinae

664 4028 1036 4101 benignitatis,
1072 4044 1192 4097 quae
1218 4035 1515 4093 tanta‘est,
1552 4038 1609 4081 ut
1636 4042 1911 4098 nunquam
1952 4028 2081 4083 velit
2110 4043 2220 4082 ma-

663 4124 775 4179 lum
804 4120 1117 4176 hominibus
1146 4118 1424 4173 obvenire.
1466 4117 1619 4185 Quod
1650 4120 1695 4174 si
1723 4122 2003 4190 contingat
2031 4134 2221 4190 quem-

565 4214 570 4225 ⁸
662 4216 805 4288 piam
829 4214 899 4268 ob
920 4212 1198 4283 propriam
1230 4210 1629 4279 improbitatem
1657 4213 2017 4282 castigatione
2040 4225 2219 4283 egere,

661 4308 779 4379 ipse
808 4307 913 4362 sibi
938 4306 1073 4359 iram
1097 4302 1489 4373 indignationis
1517 4312 1795 4373 procurat.
1820 4305 1981 4360 Certe
2022 4306 2218 4359 volun-

666 4410 754 4455 tas
778 4397 873 4453 Dei
907 4414 1017 4453 non
1050 4406 1280 4452 mortem
1304 4393 1637 4458 hominibus,
1661 4394 1756 4448 sed
1787 4394 1953 4448 vitam
1994 4398 2214 4464 expetit.

665 4492 845 4561 Quare
875 4494 983 4548 alio
1008 4494 1062 4548 in
1093 4493 1213 4548 loco
1248 4486 1446 4546 dicitur
1480 4507 1492 4543 :
1535 4486 1659 4541 Vivo
1700 4504 1813 4557 ego,
1861 4488 1989 4540 dicit
2041 4488 2219 4542 Domi-

2324 2027 2477 2093 Πρός
2526 2024 2637 2085 σὲ,
2680 2025 2874 2091 Κύριε,
2911 2022 3291 2092 κεκράξομαι,
3344 2027 3377 2077 ὁ
3418 2025 3562 2089 Θεός
3602 2041 3752 2093 μου,
3787 2021 3862 2092 μὴ

2324 2116 2799 2185 παρασιωπήσῃς
2832 2114 2930 2169 ἀπ’
2964 2114 3129 2185 ἐμοῦ,
3151 2114 3382 2183 μήποτε
3404 2114 3863 2191 ’παρασιωπήσῃς

2324 2210 2423 2263 ἀπ’
2457 2208 2601 2278 ἐμοῦ
2621 2250 2634 2272 ,
2672 2210 2771 2261 καὶ
2805 2206 3237 2277 ὀμοιωθήσομαι
3267 2206 3389 2271 τοῖς
3420 2207 3865 2267 καταϐαίνουσιν

2323 2306 2409 2369 είς
2437 2301 2681 2356 λάκκον.
2730 2300 2865 2353 Ἀλλ’
2899 2301 3023 2352 ἐπεὶ
3058 2299 3156 2371 μὲν
3186 2298 3356 2353 ταῦτα
3392 2297 3614 2368 ηῦχετο·
3651 2297 3865 2352 ενταῦθα

2323 2394 2379 2447 δὲ
2397 2396 2701 2466 εὐχαριστεῖ
2723 2392 2795 2457 ὼς
2819 2391 3159 2463 κατενεχθεὶς
3178 2391 3433 2463 πρότερον
3451 2392 3542 2442 καὶ
3562 2388 3866 2443 καταπεσὼν

2324 2468 2413 2550 είς
2433 2486 2525 2539 τὸν
2556 2486 2773 2547 λάκκον,
2794 2482 3097 2554 ἀνενεχθεὶς
3124 2482 3183 2545 δὲ
3204 2482 3362 2537 πάλιν
3387 2482 3480 2535 καὶ
3502 2480 3790 2543 ἀνασωθεὶς
3815 2479 3867 2544 ἐξ

2324 2576 2506 2641 αὐτοῦ,
2537 2577 2631 2630 καὶ
2661 2576 2733 2649 μὴ
2761 2574 2931 2643 ταῦτα
2965 2573 3151 2627 παθὼν
3182 2576 3291 2637 τοῖς
3324 2570 3749 2641 καταϐεϐηκόσιν
3781 2570 3867 2640 μὲν

2324 2670 2401 2731 εἰς
2438 2667 2618 2731 αὑτὸν,
2668 2667 2741 2737 μὴ
2786 2656 3149 2735 ἀναϐεϐηκόσι
3194 2663 3278 2717 δέ·
3317 2662 3732 2735 προηγουμένως
3773 2658 3867 2731 γὰρ

2326 2758 2592 2830 μακάριον
2630 2758 2689 2810 τὸ
2732 2758 2805 2827 μὴ
2844 2759 3143 2829 ἁμαρτεῖνο
3196 2755 3379 2825 ἐπειδὴ
3420 2756 3453 2827 ἡ
3488 2752 3739 2807 ἀσθένεια
3780 2752 3869 2821 τῆς

2322 2850 2665 2921 ἀνθρωπίνης
2694 2850 2905 2920 φύσεως
2932 2848 3139 2913 τούτοις
3183 2847 3479 2911 ὑπόκειται,
3509 2845 3777 2917 δεύτερος,
3803 2844 3868 2905 ὡς

2320 2940 2387 2995 ἂν
2412 2940 2554 2994 εἴποι
2580 2958 2681 3003 τις,
2712 2939 2876 3003 πλοῦς
2899 2939 2959 2992 τὺ
2989 2938 3318 2992 ἀναπαλέσαι
3346 2937 3464 3008 (sic)
3494 2935 3676 2999 καλὸν,
3708 2936 3797 2987 καὶ
3817 2932 3870 2983 τὸ

2322 3032 2605 3086 ἀναλαϐεῖν
2630 3031 2823 3084 ταύτὸν
2846 3031 2986 3103 μετὰ
3010 3030 3107 3101 τὴν
3131 3029 3304 3093 νόσον,
3331 3030 3423 3082 καὶ
3446 3027 3540 3099 τὴν
3566 3027 3703 3081 κατὰ
3727 3024 3877 3094 φύσιν

2322 3124 2609 3177 ἀπολαϐεῖν
2632 3124 2836 3192 ὑγείαν.

2351 3202 2361 3209 ’
2399 3218 2635 3271 Ψάλατε
2665 3217 2745 3283 τῷ
2773 3216 2967 3285 Κυρίῳ
3005 3220 3058 3271 οὶ
3094 3217 3249 3271 ὅσιοι
3292 3215 3507 3279 αὐτοῦ,
3541 3215 3642 3268 καί
3674 3212 3868 3281 ἐξομο-

2324 3312 2597 3383 λογεῖσθε
2630 3310 2701 3379 τῇ
2736 3310 2941 3381 μνήμῃ
2977 3311 3087 3380 τῆς
3142 3310 3480 3381 ἁγιωσύνης
3514 3307 3721 3361 αὑτοῦ.
3763 3307 3869 3357 Ὅτι

2323 3404 2465 3473 ὀργὴ
2498 3406 2565 3457 ἐν
2596 3402 2675 3469 τῷ
2699 3402 2861 3473 θυμῷ
2890 3404 3096 3469 αὐτοῦ,
3130 3402 3228 3456 καὶ
3258 3401 3365 3468 ζωὴ
3398 3401 3466 3455 ἐν
3494 3399 3572 3465 τῷ
3598 3398 3870 3469 θελήματι

2321 3497 2525 3555 αὐτοῦ.
2571 3497 2890 3568 Συγχαίρειν
2920 3496 3067 3567 αὑτῷ
3102 3498 3511 3567 μετανοήσαντι,
3552 3494 3649 3547 καὶ
3694 3492 3871 3563 ἐξομο-

2321 3588 2590 3659 λογεῖσθαι
2618 3629 2633 3653 ,
2692 3573 3359 3659 ωυτέστινέὐχαριστεῖν
3411 3588 3476 3656 τῇ
3536 3588 3722 3657 μνήμῃ
3783 3584 3873 3654 τῆς

2320 3679 2625 3751 ἁγιωσύνης
2658 3678 2847 3741 αὐτοῦ’
2898 3678 3018 3732 ἀντὶ
3060 3678 3175 3743 τοῦ,
3210 3678 3307 3749 τὴν
3343 3679 3555 3749 μνήμην
3590 3668 3871 3741 ἀναζωπυ-

2324 3773 2560 3846 ροῦντες,
2596 3772 2713 3843 μηδ’
2746 3770 3217 3841 ἐπιλανθανόμενοι
3242 3769 3350 3822 τῶν
3380 3767 3526 3839 παρὰ
3561 3767 3657 3822 τοῦ
3678 3770 3873 3838 Κυρίου

2321 3869 2734 3940 χορηγουμένων
2768 3865 3069 3936 ἀνθρώποις
3093 3864 3595 3932 ἀγαθῶν.Μάλιστα
3626 3863 3684 3916 δὲ
3718 3878 3874 3933 προσ-

2322 3964 2442 4032 ήκει
2507 3962 2603 4033 τὴν
2636 3958 2984 4031 εὐχαριστίαν
3024 3956 3327 4027 ἐπιτείνειν,
3367 3955 3744 4026 μεμνημένους
3786 3956 3874 4022 τῆς

2309 4049 2411 4102 ντοῦ
2441 4041 3025 4123 Θεοῦφιλανθρωπίας,
3070 4046 3191 4115 ἥτις
3230 4044 3464 4115 τοσαύτη
3497 4043 3774 4113 τυγχάνει,
3806 4041 3882 4101 ὡς.

2325 4141 2589 4212 μηδέποτε
2636 4138 2915 4209 βούλεσθαί
2948 4155 2998 4190 τι
3040 4139 3207 4190 κακὸν
3244 4136 3566 4208 ἀνθρώποις.
3611 4137 3677 4189 Et
3705 4136 3759 4187 δὲ
3790 4132 3875 4186 καί

2320 4233 2451 4285 ποτέ
2507 4249 2589 4294 τις
2637 4230 2723 4283 διὰ
2783 4229 2877 4300 τὴν
2925 4230 3129 4284 οἰκείαν
3188 4228 3484 4300 μοχθηρίαν
3550 4225 3875 4298 ἐπιστροφῆς

2318 4323 2532 4394 δεηθείη
2559 4361 2573 4385 ,
2637 4322 2798 4385 αὐτὸς
2866 4322 2961 4391 μὲν
3020 4320 3194 4391 ἑαυτῷ
3254 4318 3652 4384 κατασκευάζει
3712 4318 3875 4388 θυμὸν

2319 4414 2486 4486 ὀργῆς
2506 4430 2518 4442 ’
2558 4412 2617 4466 τό
2650 4430 2711 4480 γε
2744 4413 2848 4484 μὴν
2883 4413 3090 4485 θέλημα
3119 4413 3210 4467 τοῦ
3244 4412 3377 4467 Θεοῦ
3400 4454 3415 4476 ,
3458 4414 3670 4485 μήποτε
3704 4412 3875 4483 βούλε-

2318 4507 2435 4561 σθαι
2482 4506 2705 4560 θάνατον
2750 4489 3035 4578 ἀνθρώπῳ,
3084 4505 3217 4559 ἀλλὰ
3262 4506 3426 4577 ζωήν.
3471 4504 3561 4558 Διὸ
3588 4506 3649 4559 ἐν
3682 4504 3875 4574 ἑτέροις

658 4603 778 4651 nus,
813 4586 933 4640 nolo
959 4594 1179 4640 mortem
1205 4582 1517 4654 peccatoris,
1549 4578 1637 4633 sed
1663 4580 1836 4647 potius
1859 4578 2213 4646 penitentiam

2323 4600 2560 4669 λέγεται·
2595 4598 2685 4652 Ζῶ
2715 4597 2847 4667 ἐγὼ,
2880 4598 3037 4667 λέγει
3070 4599 3315 4665 Κύριος-⁸
3349 4598 3421 4650 οὐ
3447 4596 3750 4665 ,βούλομαι
3778 4592 3877 4647 τὸν

658 4677 771 4746 ejus
792 4676 860 4731 “.
889 4676 1089 4740 Eodem
1122 4690 1339 4747 quoque
1382 4673 1543 4728 modo
1574 4672 1661 4727 hic
1708 4672 1914 4727 dictum
1951 4680 2054 4738 est,
2096 4671 2215 4724 Vita

657 4770 714 4823 in
738 4768 1004 4822 voluntate
1031 4769 1180 4836 ejus;
1212 4783 1322 4822 non
1350 4768 1493 4822 enim
1538 4768 1622 4821 ira
1664 4768 1718 4820 in
1769 4767 2037 4821 voluntate
2079 4766 2211 4834 ejus.

660 4859 804 4915 Sane
838 4868 1035 4931 praeter
1064 4858 1157 4914 Dei
1188 4859 1527 4929 propositum
1560 4873 1623 4913 ac
1652 4870 1852 4930 prater
1878 4862 2211 4916 voluntatem

655 4954 778 5024 ejus
828 4952 1181 5025 peccantibus
1229 4950 1529 5021 indignatio
1576 4962 1629 5007 et
1665 4954 1743 5006 ira
1786 4960 2160 5023 praeparantur
2195 4969 2207 5003 :

649 5047 801 5119 quod
840 5048 911 5100 ita
942 5045 1181 5100 declarat
1216 5044 1517 5113 Apostolus
1556 5062 1569 5097 :
1606 5045 1685 5098 An
1716 5044 2209 5100 divitias'bonitatis

654 5141 792 5211 ejus,
824 5149 873 5193 et
900 5138 1167 5207 patientia:
1188 5148 1235 5190 et
1266 5136 1681 5207 longanimitatis
1710 5141 2034 5194 contemnis?
2062 5139 2211 5208 igno-

650 5248 783 5286 rans
815 5231 1062 5300 quoniam
1092 5229 1381 5299 benignitas
1412 5228 1507 5282 Dei
1543 5228 1611 5281 ad
1636 5232 1991 5297 pwnitentiam
2038 5240 2086 5283 te
2116 5226 2212 5281 ad-

654 5324 823 5378 ducit.
856 5321 1150 5377 Secundum
1174 5331 1344 5375 autem
1368 5314 1622 5376 duritiam
1652 5332 1795 5376 tuam
1817 5334 1863 5378 et
1887 5323 2207 5388 impaenitens

2323 4690 2577 4745 θάνατον
2616 4691 2719 4745 τοῦ
2754 4689 3101 4760 ἀμαρτωλοῦ
3146 4689 3227 4754 ὡς
3272 4686 3387 4756 τὴν
3420 4686 3746 4756 μετάνοιαν
3780 4686 3875 4738 αὐ-

2320 4780 2445 4836 τοῦ.
2500 4781 2653 4835 Οῦτω
2680 4783 2809 4852 γοῦν
2840 4784 2933 4836 καὶ
2968 4781 3199 4836 ἐνταῦθα
3230 4780 3496 4833 λέλεκταιο
3542 4779 3677 4845 Ζωὴ
3708 4779 3776 4831 ὲν
3802 4774 3876 4841 τῷ

2320 4872 2598 4943 θελήματι
2644 4874 2856 4928 αὑτοῦ·
2913 4876 2970 4928 οὐ
3020 4874 3127 4944 γὰρ
3182 4870 3327 4941 ὀργὴ
3370 4870 3440 4923 ἐν
3476 4868 3558 4935 τῷ
3600 4868 3874 4939 θελήματι

2318 4965 2517 5020 αὑτοῦ.
2589 4966 2744 5036 Παρὰ
2807 4967 3121 5039 προαίρεσιν
3176 4962 3233 5015 δὲ
3284 4960 3418 5013 Θεοῦ
3472 4961 3568 5015 καὶ
3618 4961 3769 5033 παρὰ
3818 4962 3873 5013 τὸ

2320 5058 2564 5129 βούλημα
2613 5059 2776 5112 αὑτοῦ
2832 5063 2943 5123 τοῖς
2991 5056 3361 5128 ἁμαρτάνουσι
3419 5055 3871 5119 κατασκευάζεται

2319 5147 2487 5218 θυμὸς
2539 5148 2630 5201 καὶ
2686 5150 2849 5225 ὀργή·
2911 5149 2940 5201 ὃ
2985 5148 3049 5218 δὴ
3099 5146 3425 5219 παρίστησιν
3476 5145 3506 5198 ό
3563 5146 3873 5205 ’Δπόστολος

2320 5240 2493 5309 φήσας
2514 5256 2526 5268 ·
2564 5240 2634 5293 Ἥ
2659 5242 2762 5294 τοῦ
2795 5230 3060 5295 πλούτου
3095 5238 3203 5306 τῆς
3227 5235 3639 5307 χρηστότητος
3674 5236 3873 5299 αὑτοῦ,

2319 5328 2415 5401 καὶ
2455 5326 2561 5396 τῆς
2590 5329 2819 5399 ἀνοχῆς
2863 5329 2961 5383 καὶ
3000 5327 3106 5395 τῆς
3138 5328 3546 5397 μακροθυμίας
3587 5343 3874 5397 καταφρο-

654 5430 769 5477 cor,
786 5413 1116 5467 thesaurizas
1131 5411 1223 5463 tibi
1239 5413 1373 5466 iram
1385 5414 1437 5467 in
1456 5413 1538 5468 die
1558 5415 1651 5468 ira:
1668 5424 1715 5467 et
1736 5414 2065 5468 reuelationis
2072 5413 2209 5482 justi

2323 5415 2473 5481 νεῖς;
2534 5418 2785 5488 ἀγνοῶν,
2839 5418 2928 5472 ὅτι
2981 5418 3047 5473 τὸ
3100 5417 3367 5488 χρηστὸν
3420 5418 3524 5471 τοῦ
3587 5420 3738 5473 Θεοῦ
3796 5416 3878 5481 είς

657 5506 843 5571 iudicii
854 5504 971 5566 Dei,
984 5504 1071 5574 qui
1084 5502 1259 5557 reddet
1276 5506 1548 5574 unicuique
1559 5506 1837 5559 secundum
1851 5522 2006 5575 opera
2024 5503 2205 5573 ejus".

2307 5504 2628 5572 μετάνοιάν
2658 5524 2729 5561 σε
2756 5507 2897 5576 ἄγει.
2927 5506 3089 5562 Κατὰ
3112 5508 3185 5561 ’δὲ
3213 5508 3327 5577 τὴν
3355 5506 3742 5576 σκληρότητά
3765 5518 3877 5560 σου

658 5604 757 5659 και
805 5600 1205 5671 ἀμετανόητον
1250 5598 1526 5667 καρδίαν,
1589 5600 1965 5668 θησαυρίζεις
2013 5596 2245 5663 σεαυτῷ
2298 5598 2482 5667 ὀργὴν
2532 5602 2601 5655 ἐν
2651 5602 2839 5671 ἡμέρᾳ
2891 5603 3070 5676 ὀργῆς
3124 5604 3226 5660 καὶ
3284 5604 3723 5672 ἀποκαλύψεως
3782 5592 3879 5655 καὶ

654 5693 1086 5761 δικαιοκρισίας
1130 5692 1235 5746 τοῦ
1290 5693 1470 5760 Θεοῦ,
1516 5694 1584 5761 ὃς
1628 5694 1925 5751 ἀποδώσει
1979 5693 2212 5756 ἑκάστῳ
2246 5694 2395 5747 κατά
2430 5695 2500 5749 τὰ
2531 5696 2673 5765 ἔργα
2695 5696 2895 5751 αὐτοῦ.

723 5873 776 5908 ⁸⁵
812 5872 1005 5930 Ειεοιι.
1046 5889 1209 5939 xvm,
1239 5872 1327 5929 23.
1404 5872 1448 5905 ⁸⁸
1489 5870 1643 5929 Rom.
1681 5887 1756 5940 ιι,
1793 5870 1909 5928 Mi.
