3966 6344
80 411 164 466 sos
1144 409 1649 464 communem
1683 408 1753 464 IN
1791 406 2124 464 PSALMOS.
2216 388 2220 394 ’

3127 414 3228 488 uo

80 530 274 593 ὕδατος,
299 520 364 582 οὗ
389 525 504 597 ὲτὼ
535 525 706 582 δώσω
737 527 915 592 αὐτῷ,
944 530 1189 598 ποταμοὶ
1231 531 1299 582 ἐκ
1330 529 1441 598 τῆς
1468 547 1577 585 κοι-

1689 530 1752 584 de
1789 538 1966 584 ventre
2009 529 2123 597 ejus
2156 532 2316 596 [luent
2359 542 2506 597 aqua
2541 527 2684 591 uiam,
2726 525 2963 582 salientis
2993 527 3047 583 in
3077 528 3231 582 vitam

87 620 186 684 Ζίας
225 618 392 671 αὑτοῦ
429 620 766 686 ῥεύσουσιν
803 619 1019 687 ὕδατος
1057 619 1284 689 ζῶντος,
1335 623 1587 692 ἁλλομέ-

78 731 162 764 ro-v
187 715 261 775 εἰς
284 710 426 777 ζωὴν
442 709 700 766 αἰώνιον.
731 711 1022 765 Κάνταῦθα
1054 713 1226 766 τοίνυν
1253 713 1350 783 τὴν
1381 732 1482 785 μνη
1493 732 1586 784 μο-

77 804 195 874 νικὴν
221 802 448 866 δύναμιν,
483 803 516 874 ἦ
554 804 648 855 καὶ
677 805 806 858 αὐτὸ
832 806 891 858 τὸ
921 805 1238 874 ἡγεμονικὸν
1263 805 1360 875 τῆς
1387 805 1581 876 ψυχῆς,

76 898 238 951 κοιλίαν
260 896 525 966 ὠνόμασεν
558 899 585 949 ὁ
615 897 820 968 Σωτήρ.
855 897 1116 962 Θολωθεὶς
1153 899 1327 951 τοίνυν
1355 898 1444 951 τὸν
1484 901 1580 968 ὀφ-

76 986 236 1059 Θαλμὺν
261 988 351 1057 τῆς
373 987 568 1057 ψυχῆς,
592 988 684 1041 καὶ
713 987 810 1058 τὴν
838 987 1076 1058 γαστέρα
1102 988 1198 1058 τὴν
1227 989 1584 1060 παραδεδομέ⁴

74 1100 162 1152 νην,
189 1081 377 1150 ἰατρεία
404 1082 495 1133 καὶ
529 1079 792 1152 θεραπείᾳ
834 1080 1068 1150 ἐμαυτὸν
1110 1084 1384 1152 παρεῖχον,
1424 1081 1582 1155 ὀδύνῃ

72 1174 142 1228 καὶ
168 1172 577 1242 στεναγμοῖς,καὶ
605 1171 847 1244 πτωχεία
875 1172 1196 1244 παραδιδοὺς
1223 1172 1311 1225 τὸν
1344 1172 1580 1242 ἐμαυτοῦ

73 1266 176 1334 βίον,
199 1265 365 1333 ὥσπερ
395 1264 483 1317 διὰ
509 1271 669 1316 τινων
699 1263 908 1316 κύκλων
939 1264 1336 1335 ἰατρευόμενος.
1357 1265 1498 1319 Ἀντὶ
1524 1265 1580 1317 δὲ

70 1357 251 1419 τοῦ,Ἐν
277 1357 526 1424 πτωχείᾳ
569 1357 607 1422 ἠ
654 1356 830 1423 ἰσχύς
868 1373 1006 1422 μου,
1045 1356 1141 1408 καὶ
1175 1356 1248 1408 τὰ
1277 1355 1425 1410 ὀστᾶ
1461 1375 1580 1426 μου

68 1450 462 1519 ἐταράχθησαν·
497 1449 824 1519 σαφέστερον
851 1449 878 1501 ὁ
910 1437 1200 1519 Σύμμαχος
1241 1450 1578 1520 ἡρμήνευσεν

69 1541 200 1594 εἰπών
219 1559 230 1571 ·
257 1544 351 1595 Διά
377 1540 784 1608 τὴν³κάκωσίν
807 1558 924 1610 μου
949 1541 986 1607 ἡ
1022 1542 1198 1610 ἰσχύς
1230 1558 1347 1609 μου
1381 1540 1479 1594 καὶ
1506 1540 1579 1594 τὰ

68 1631 183 1686 ὀστᾶ
205 1649 311 1700 μου
335 1632 729 1699 ηὐρωτιάσαν.
766 1629 918 1686 Οὕτω
947 1631 1075 1702 γὰρ,
1129 1632 1310 1702 φησὶν,
1345 1632 1578 1702 ἐμαυτὸν

67 1721 268 1782 ἐκάκουν,
294 1721 365 1784 ὡς
389 1721 474 1774 διὰ
495 1723 593 1794 τὴν
623 1723 926 1796 ὑπερϐολὴν
950 1723 1051 1793 τῆς
1081 1722 1373 1787 κακώσεως
1397 1724 1576 1790 ὲξατοι

66 1812 190 1880 γῆσαί
236 1829 327 1881 μου
376 1814 468 1864 καὶ
511 1813 866 1886 ὲξασθενῆσαι
897 1814 993 1885 τὴν
1026 1816 1195 1885 ἰσχὺν,
1221 1815 1312 1867 καὶ
1347 1815 1485 1868 αὐτὰ
1510 1815 1577 1870 τὰ

1685 630 1936 675 αἰενηαηι
1971 619 2037 674 ’⁸.
2093 616 2192 673 Hic
2254 601 2436 686 itaque
2499 616 2874 672 reminiscendi
2925 617 3062 683 vim,
3119 619 3232 674 sive

1684 710 1842 764 etiam
1880 707 2176 778 principem
2213 705 2409 759 animae
2448 714 2670 774 partem,
2704 713 2941 762 ventrem
2978 704 3231 760 Servator

1682 798 2038 867 nuncupavit.
2073 799 2208 850 Cum
2245 812 2374 867 ergo
2419 805 2472 851 et
2507 796 2705 850 mentis
2740 797 2911 851 oculis
2942 804 2996 851 et
3023 804 3229 864 ventre,

1684 891 1749 943 de
1778 905 1886 958 quo
1926 887 2035 956 jam
2071 870 2334 948 diximus,
2372 886 2725 947 conturbatus
2769 902 2974 954 essem,
3011 886 3232 942 medela:

1682 998 1767 1038 me
1823 991 1982 1051 atque
2035 977 2310 1034 curationi
2367 976 2605 1044 tradidi;
2661 977 2864 1041 dolori,
2919 978 3231 1047 gemitibus,

1681 1072 1907 1143 egestati
1936 1072 2100 1125 vitam
2147 1069 2331 1124 addixi
2389 1072 2591 1133 meam,
2624 1083 2723 1123 ceu
2767 1069 2996 1138 quadam
3040 1068 3233 1124 circuio

1686 1167 1831 1220 tione
1869 1179 2000 1219 usus
2033 1163 2098 1217 ad
2133 1163 2363 1217 salutem
2399 1160 2844 1230 recuperandam.
2872 1152 2979 1217 Pro
3011 1162 3104 1216 illo
3136 1177 3232 1216 au-

1680 1266 1807 1318 tem,
1869 1254 1934 1309 In
1972 1262 2274 1323 paupertate
2316 1254 2478 1306 virtus
2523 1251 2658 1320 mea,
2700 1262 2751 1307 et
2798 1269 2920 1306 ossa
2955 1269 3068 1307 mea
3107 1267 3231 1306 cest-

1682 1347 1898 1400 turbala
1948 1355 2102 1410 sunt,
2150 1334 2389 1414 apertius
2441 1343 2796 1414 Symmachus
2847 1345 3231 1413 interpretatus

1677 1445 1762 1492 est
1802 1437 1886 1492 his
1933 1435 2115 1491 verbis
2139 1476 2153 1500 ,
2191 1433 2410 1501 Propter
2464 1433 2789 1503 aﬂiictionem
2831 1449 3029 1496 meam,
3065 1434 3231 1488 virtus

1678 1544 1794 1582 mea
1840 1535 1888 1580 et
1933 1542 2053 1579 ossa
2097 1541 2211 1578 mea
2256 1529 2587 1591 putruerunt.
2638 1521 2715 1576 Ita
2750 1539 2834 1576 me
2867 1521 3231 1588 macerabam,

1678 1617 1875 1689 inquit,
1903 1624 1965 1671 ut
1992 1628 2210 1687 propter
2239 1614 2542 1668 amictionis
2566 1613 2674 1668 vim
2694 1652 2710 1676 ,
2737 1613 2914 1666 virtus
2944 1628 3063 1668 mea
3096 1612 3232 1668 defi-

1679 1719 1824 1766 ceret
1857 1724 1919 1763 ac
1948 1708 2329 1767 iuﬁrmaretur,
2360 1715 2521 1774 atque
2543 1704 2658 1773 ipsa
2688 1707 2880 1757 animae
2922 1704 3233 1773 ossa,.ipsa3

1681 1802 1985 1866 facultates,
2031 1800 2229 1869 quibus
2262 1797 2390 1852 olim
2438 1797 2665 1850 viriliter
2711 1796 2964 1873 agebam,
3007 1811 3234 1865 compu-

65 1904 138 1971 τῆς
156 1902 304 1971 ψυχῆς
339 1920 436 1973 μου
464 1905 645 1967 ὀστέα,
677 1885 767 1960 καῖ
789 1907 887 1971 τὰς
915 1906 1169 1976 δυνάμεις
1198 1907 1254 1958 ὲν
1287 1901 1374 1970 αἷς
1407 1908 1572 1962 πάλαι

1675 1899 1996 1958 trescerent;
2049 1891 2163 1945 sive
2192 1887 2491 1944 secundum
2538 1886 2809 1955 Aquilam,
2851 1885 2914 1939 Et
2961 1902 3083 1940 ossa
3116 1901 3232 1941 mea

64 1993 335 2066 ὴνδριζόμην
364 1996 740 2068 ηὺρωτίασαν·
784 1998 816 2069 ἢ
859 1999 999 2052 κατὰ
1043 2000 1133 2053 τὸν
1171 2000 1425 2054 Ἀκύλανο
1464 2001 1572 2054 Καὶ

64 2085 117 2137 τὰ
137 2084 262 2140 ὀστᾶ
281 2104 393 2154 μου
424 2087 728 2157 ηὐχμώθη.
756 2089 940 2144 Ταῦτα
961 2091 1020 2144 δὲ
1049 2094 1314 2161 ἀναγκαῖα
1347 2093 1480 2165 πρὸς
1501 2092 1577 2144 δι-

64 2176 300 2232 δασκαλίαν
325 2181 416 2232 καὶ
443 2180 802 2251 ὑπογραμμὸν
829 2181 937 2236 τῶν
965 2186 1210 2253 ἀφέσεως
1241 2188 1421 2256 τυχεῖν
1457 2185 1578 2255 βου-

64 2267 256 2338 λομένων
282 2270 382 2324 τῶν
408 2271 623 2325 οἰκείων
653 2270 1156 2345 πλημμελημάτων.

113 2357 249 2425 Παρὰ
281 2357 504 2426 πάντας
529 2358 670 2425 τοὺς
704 2361 951 2433 ἐχθρούς
977 2382 1095 2432 μου
1119 2365 1412 2435 ἐγενήθην
1432 2366 1578 2419 ὀνει-

65 2446 157 2515 δος,
177 2451 264 2504 καὶ
286 2452 404 2518 τοῖς
426 2454 654 2523 γείτοσι
680 2474 798 2525 μου
829 2455 1087 2525 σφόδρα,
1125 2457 1224 2510 καὶ
1254 2459 1434 2526 φόϐος
1457 2459 1578 2526 τοῖς

64 2542 298 2608 γνωστοῖς
329 2562 462 2612 μου.
512 2550 576 2600 Ol
605 2546 959 2615 θεωροῦντές
981 2566 1056 2617 με
1084 2549 1199 2614 ἕξω
1231 2550 1456 2619 ἔφυγον
1477 2551 1577 2604 ἀπ’

64 2631 200 2697 tam?
228 2634 568 2704 ἐπελήσθην
591 2637 734 2691 ὡσεὶ
762 2625 976 2706 νεκρὸς
1004 2639 1120 2692 ἀπὸ
1159 2639 1404 2707 καρδίας
1425 2656 1438 2668 ·
1461 2640 1584 2707 ἐγε-

63 2722 212 2790 νήθην
227 2726 356 2781 ὡσεὶ
405 2729 627 2796 σκεῦος
653 2731 988 2797 ἀπολωλός.
1020 2730 1204 2785 Ταῦτα
1236 2732 1578 2802 ἀναφέρομεν

65 2815 132 2865 ὲπί
165 2815 240 2868 τὸν
281 2818 463 2890 καιρὸν
492 2819 587 2872 τοῦ
621 2819 822 2884 πάθους
853 2820 948 2873 τοῦ
979 2822 1245 2897 Σωτῆρος,
1271 2820 1445 2891 ἡμῶν,
1479 2822 1580 2893 ἁρ-

67 2907 180 2972 μόζοι
204 2905 260 2961 ἂν
287 2909 373 2962 ὑπ’
402 2909 568 2963 αὐτοῦ
592 2912 864 2979 λέγεσθαι,
893 2911 980 2965 ὅτε
1025 2915 1071 2964 οἰ
1111 2913 1293 2983 ἐχθροὶ
1341 2914 1578 2984 ἀνηρτη-

67 2997 183 3064 μένον
220 2999 440 3071 ὁρῶντες
476 3003 646 3056 ἀὐτὸν
675 3002 1014 3066 ἑπετώθαζον
1044 3001 1409 3067 ὀνειδίζοντες,
1438 3001 1580 3055 κατὰ

65 3087 114 3140 τὰ
136 3092 459 3164 γεγραμμένα
504 3094 562 3146 ὲν
605 3095 716 3157 τοῖς
746 3094 1124 3163 Εὐαγγελίοις·
1160 3093 1212 3145 οἵ
1236 3110 1296 3146 τε
1325 3093 1577 3161 γνωστοὶ,

66 3183 133 3235 καὶ
157 3185 197 3236 οἰ
229 3184 474 3255 μαθηταὶ,
494 3187 588 3240 καὶ
615 3187 775 3256 φίλοι,
800 3187 947 3258 φόϐῳ
976 3188 1357 3252 ὑποπεσόντες,
1385 3187 1580 3258 ἀνεχώ-

67 3289 160 3343 ρονν
197 3277 594 3340 καταλείποντες
632 3278 790 3330 αὐτόν
812 3296 824 3308 ⁸
861 3279 949 3331 ὅτε
981 3279 1073 3332 καὶ
1120 3281 1148 3331 ὁ
1190 3281 1573 3352 πρωτοστάτης

66 3365 132 3416 τοῦ
156 3368 293 3438 χοροῦ
328 3369 433 3423 τῶν
466 3369 630 3437 αὐτοῦ
658 3370 909 3441 μαθητῶν
934 3372 1162 3442 ἤρνηται
1188 3373 1347 3425 αὐτὸν
1373 3373 1568 3443 τρίτον.

68 3455 165 3510 Τότε
185 3449 234 3511 δὲ
252 3462 338 3514 καὶ
361 3462 642 3533 ἀπελήσθη
665 3461 795 3514 ὡσεὶ
822 3463 1011 3533 νεκρὸς
1030 3464 1137 3516 άπὸ
1160 3444 1413 3534 καρδίας·
1438 3465 1574 3518 ἀλλὰ

68 3548 134 3599 καὶ
168 3551 398 3624 ἐνομίσθη
443 3554 726 3621 γεγονέναι
755 3553 830 3617 ὡς
873 3553 1064 3617 σκεῦος
1099 3554 1393 3618 ἀπολωλός.
1428 3555 1573 3625 Πλὴν

71 3637 169 3692 ἀλλὰ
188 3642 270 3697 καὶ
300 3643 466 3698 ταῦτα
491 3645 584 3696 ἐπὶ
613 3645 704 3698 τὸν
731 3646 787 3698 ὲν
813 3643 890 3714 τῷ
917 3643 1115 3715 ψαλμῷ
1145 3643 1570 3715 ἐξομολογούμε-

71 3749 134 3782 νον
155 3733 503 3808 ἀναφερόμενα
525 3738 962 3810 ὑπερϐάλλουσαν
984 3737 1145 3793 αὐτοῦ
1173 3739 1464 3810 παρίστησι
1485 3737 1574 3791 κά-

71 3838 210 3878 κωσιν.
235 3826 378 3881 οὕτω
428 3827 538 3900 γὰρ
563 3829 749 3883 ἑαυτὸν
779 3828 1050 3899 ὲξέτηκεν,
1081 3828 1155 3892 ὡς
1178 3828 1443 3881 ἐκλείπειν
1477 3828 1573 3899 μὲν

71 3915 189 3969 αὑτοῦ
233 3919 282 3970 ὲν
325 3919 481 3992 ὀδύνῃ
515 3921 613 3992 τὴν
643 3919 809 3993 ζωὴν,
841 3921 933 3975 καὶ
981 3921 1073 3993 ἐτη
1123 3922 1181 3974 ὲν
1232 3923 1572 3991 στεναγμοῖς,

72 4005 300 4079 ἀσθενῆσαι
327 4010 381 4064 δὲ
412 4013 469 4066 ὲν
494 4013 734 4085 πτωχείᾳ
763 4014 859 4085 τὴν
886 4015 1059 4085 ἰσχὺν,
1082 4015 1174 4067 καὶ
1203 4013 1271 4066 τὰ
1291 4014 1450 4067 ὀστέα
1476 4014 1576 4082 τῆς

72 4093 201 4166 Ψυχῆς
243 4101 404 4184 αὐτοῦ·
440 4105 806 4176 ταραχθῆναι·
851 4091 933 4175 ἐφ’
963 4101 1043 4170 οἷς
1089 4106 1180 4158 καὶ
1227 4106 1447 4174 ἐγελᾶτο
1475 4105 1578 4158 ὑπὸ

73 4188 150 4241 τῶν
171 4190 368 4262 ἐχθρῶν,
398 4195 473 4259 ὡς
501 4198 622 4266 εἰκῆ
655 4199 748 4251 καὶ
776 4199 950 4269 μάτην
983 4199 1173 4258 ἑαυτὸν
1200 4199 1575 4251 κατακόπτων.

76 4279 127 4329 Ui
153 4279 280 4347 μόνον
299 4280 352 4342 δὲ
388 4284 536 4353 παρὰ
561 4288 678 4348 τοῖς
713 4287 925 4358 ἐχθροῖς
958 4288 1165 4355 ἐγίνετο
1197 4287 1415 4351 ὄνειδος,
1445 4286 1580 4340 ἀλλὰ

78 4372 144 4422 ni
170 4371 296 4444 παρὰ
317 4377 424 4436 τοῖς
451 4375 685 4442 γείτοσιν
715 4377 878 4430 αὑτοῦ
913 4380 1025 4441 τοῖς
1058 4378 1289 4448 μάλιστα
1317 4377 1477 4430 αὑτὸν
1506 4378 1580 4429 εἰδ-

76 4459 170 4526 δόσι,
197 4463 272 4516 διὰ
299 4463 353 4516 τὺ
383 4463 609 4531 ἔγγιστα
645 4467 828 4536 οἰκεῖνι
880 4459 1036 4521 Οὗτοι
1065 4467 1191 4538 γὰρ,
1219 4465 1448 4538 ὁρῶντες
1480 4466 1580 4519 αύ-

78 4552 141 4604 ςὸν
164 4556 536 4628 κατατρύχοντα
562 4557 620 4610 ὲν
646 4560 712 4628 τῇ
742 4557 876 4628 πρὸς
898 4558 989 4612 τὸν
1018 4559 1149 4612 Θεὸν
1183 4558 1578 4631 ἐξομολογήσει,

1677 1989 2019 2041 exaruerunt.
2061 1979 2188 2032 Haec
2223 1991 2389 2048 porro
2424 1985 2551 2031 sunt
2583 1975 2671 2040 iis,
2704 1975 2795 2045 qui
2829 1974 3093 2028 scelerum
3136 1990 3229 2028 su-

1677 2091 1834 2132 orum
1891 2071 2110 2127 veniam
2157 2067 2427 2148 consequi
2454 2073 2764 2138 peroptant,
2795 2064 2860 2120 ad
2890 2062 3231 2133 disciplinam

1677 2179 1728 2225 et
1757 2165 2057 2235 exemplum
2091 2160 2416 2217 necessaria.

1747 2360 1917 2421 Vsus.
1971 2363 2161 2419 12-14.
2196 2359 2367 2433 Super
2398 2378 2576 2417 omnes
2640 2356 2882 2416 inimicos
2945 2378 3086 2415 meo:
3148 2362 3228 2430 Ια-

1678 2464 1791 2509 ctus
1829 2471 1944 2508 sum
1986 2453 2317 2523 opprobrium
2347 2463 2396 2507 et
2423 2453 2603 2507 uicinis
2645 2453 2771 2506 meis
2806 2451 2970 2516 valde,
2997 2460 3048 2505 et
3077 2453 3232 2506 timor

1679 2547 1814 2602 notis
1846 2547 1992 2599 meis.
2047 2547 2150 2611 Qui
2191 2545 2430 2598 uidebant
2462 2561 2560 2609 me,
2593 2544 2737 2614 foras
2771 2543 3014 2614 fugerunt
3059 2560 3090 2596 a
3116 2557 3232 2597 me:

1679 2640 1922 2694 oblivioni
1962 2637 2119 2690 datus
2150 2653 2267 2691 sum
2301 2646 2548 2705 tanquam
2577 2644 2812 2688 mortuus
2855 2651 2887 2688 a
2915 2633 3085 2689 corde.
3118 2631 3233 2687 Fa-

1678 2742 1792 2786 ctus
1822 2729 1951 2785 'sum
1994 2739 2241 2798 tanquam
2285 2744 2374 2781 vas
2417 2727 2698 2794 perditum.
2749 2724 2872 2779 Hac
2913 2725 2981 2779 ad
3018 2733 3230 2794 tempus

1678 2825 1947 2895 passionis
1982 2821 2280 2894 salvatoris
2312 2820 2482 2875 nostri
2527 2817 2829 2877 referimus.
2866 2832 2984 2886 quae
3011 2816 3079 2870 ab
3111 2814 3237 2886 ipso

1677 2915 2042 2985 'congruenter
2067 2910 2214 2965 dicta
2259 2908 2479 2971 fuerint,
2511 2906 2727 2978 quando
2758 2905 2959 2960 inimici
3000 2919 3232 2974 suspen-

1681 3023 1801 3063 sum
1831 3005 2076 3061 videntes
2110 3002 2408 3058 irridebant
2435 3015 2580 3065 eum,
2615 2997 2920 3069 opprobriis
2953 2997 3232 3052 incessen-

1681 3110 1793 3164 tes,
1840 3105 1899 3153 ut
1940 3077 1994 3152 in
2023 3095 2329 3166 Evangeliis
2375 3093 2634 3163 scriptum
2679 3098 2760 3146 est
2796 3109 2807 3143 :
2852 3104 2916 3144 ac
2945 3087 3056 3142 noti
3089 3087 3228 3156 ejus.

1683 3191 1934 3262 discipuli
1967 3201 2020 3246 et
2049 3189 2230 3255 amici,
2262 3193 2404 3241 metu
2455 3185 2689 3254 correpti
2736 3181 3081 3245 recedebant,
3113 3181 3234 3251 ipso

1601 3269 1641 3326 ο
1675 3286 1901 3350 relicto;
1948 3281 2164 3352 quando
2224 3280 2272 3334 is
2325 3277 2419 3347 qui
2468 3274 2860 3343 discipulorUm
2906 3271 3024 3341 ejus
3068 3271 3234 3325 choro

1671 3383 1930 3448 praeerat,
1967 3382 2049 3427 ter
2081 3372 2258 3441 ipsum
2307 3367 2544 3437 negavit.
2589 3363 2743 3417 Tunc
2790 3378 2921 3418 sane
2967 3352 3231 3438 oblivioni

1672 3468 1832 3521 datus
1864 3473 1949 3520 est
1982 3474 2241 3533 tanquam
2295 3467 2544 3512 mortuus
2589 3469 2621 3508 a
2654 3451 2855 3516 corde;
2911 3454 3020 3506 imo
3065 3454 3233 3506 etiam

1671 3563 1931 3627 tanquam
1984 3568 2082 3607 vas
2135 3549 2406 3621 perditum
2468 3552 2751 3616 reputatus
2799 3549 2904 3597 est.
2962 3541 3232 3596 Caeterum

1671 3646 1785 3701 haec
1816 3645 1862 3702 si
1895 3645 1963 3699 ad
1993 3657 2118 3698 eum
2141 3642 2233 3712 qui
2268 3640 2322 3693 in
2348 3638 2556 3709 psalmo
2588 3635 2876 3689 confitetur
2907 3632 3230 3698 referantur,

1672 3729 1969 3794 extremam
2002 3736 2120 3806 ejus
2148 3733 2424 3790 miseriam
2463 3740 2515 3786 et
2541 3727 2883 3783 afﬂictionem
2929 3725 3230 3781 declarant.

1673 3831 1752 3886 lta
1782 3832 1925 3884 enim
1961 3843 2083 3883 sese
2114 3813 2427 3888 maceravit,
2457 3833 2517 3878 ut
2543 3821 2799 3877 deficeret
2828 3821 2884 3875 in
2910 3818 3097 3873 dolore
3120 3817 3233 3870 vita

1674 3923 1828 3992 eius,
1869 3929 1922 3976 et
1969 3922 2094 3974 anni
2142 3919 2262 3988 ejus
2307 3919 2362 3974 in
2419 3915 2742 3987 gemitibus,
2789 3913 2963 3975 virtus
3007 3909 3127 3979 ejus
3175 3908 3232 3962 in

1676 4023 1990 4084 paupertate
2035 4011 2421 4074 infirmaretur,
2462 4017 2517 4064 et
2546 4023 2668 4062 ossa
2717 4007 2910 4058 animae
2949 4001 3069 4072 ejus
3100 4015 3234 4054 con-

1679 4107 2058 4171 turbarentur;
2098 4119 2205 4173 qua
2253 4103 2307 4156 in
2350 4117 2408 4156 re
2475 4101 2542 4154 ab
2571 4097 2803 4153 inimicis
2843 4110 3057 4165 quoque
3087 4092 3236 4147 deri-

1678 4201 1927 4260 debatur,
1956 4196 2113 4268 quasi
2155 4198 2210 4250 in
2232 4210 2430 4249 vanum
2460 4207 2524 4246 ac
2560 4191 2758 4246 frustra
2790 4203 2908 4242 sese
2950 4185 3230 4254 afﬂigeret.

1679 4291 1793 4346 Non
1825 4290 1983 4344 modo
2017 4299 2194 4342 autem
2225 4283 2459 4340 inimicis
2504 4282 2555 4334 in
2590 4278 2937 4349 Opprobrium
2984 4274 3107 4336 fuit,
3135 4272 3230 4326 sed

1624 4369 1626 4372 ’
1680 4383 1843 4438 etiam
1876 4382 2091 4446 vicinis,
2121 4379 2213 4450 qui
2242 4367 2385 4447 quod
2416 4372 2659 4444 proxime
2691 4370 3015 4431 habitarent,
3052 4368 3232 4438 ipsum

1680 4475 1847 4544 probe
1890 4479 2174 4527 noverant.
2237 4467 2343 4537 Ipsi
2385 4479 2618 4535 namque
2665 4461 2910 4516 videntes
2963 4460 3114 4514 illum
3174 4459 3231 4510 in

1682 4565 2022 4621 confessione
2072 4560 2140 4615 ad
2171 4558 2336 4614 Deum
2392 4557 2617 4612 emissa-
2657 4567 2778 4608 sese
2837 4555 3224 4614 macerantem,

79 4647 318 4714 κατεγέλων
361 4649 523 4703 αὐτοῦ
574 4648 666 4701 καὶ
704 4647 996 4714 ὠνείδιζον.
1027 4652 1087 4702 Οἱ
1120 4649 1176 4702 δὲ
1216 4650 1577 4720 προσήκοντες

1683 4654 1978 4709 irridebant
2022 4664 2146 4706 eum
2167 4656 2221 4703 et
2267 4647 2575 4718 opprobriis
2625 4643 2942 4700 onerabant.
3003 4640 3229 4723 Cognati
3261 4635 3269 4642 ’
3304 4686 3308 4690 ,

80 4739 185 4811 αὑτῷ
221 4747 480 4813 συγγενεῖς
523 4741 616 4795 καλ⁸
657 4740 798 4808 φίλοι
830 4741 923 4794 καὶ
951 4741 1260 4809 ἐφοϐοῦντο,
1292 4743 1368 4805 ὡς
1398 4759 1576 4813 μεμη-

81 4829 170 4884 νότα
205 4838 286 4889 καὶ
329 4837 422 4901 τὰς
467 4835 666 4908 φρένας
713 4832 1037 4906 ἐξεστηκότα
1061 4852 1074 4863 ·
1111 4834 1249 4888 ὥστε
1276 4836 1574 4905 ἀναχωρεῖν

84 4923 146 4975 καί
164 4929 348 5010 φεύγειν
377 4932 434 4998 ἐξ
460 4928 642 4995 αὐτοῦ,
665 4925 1135 4994 ἀπογινώσκοντας
1159 4927 1322 4980 αὑτοῦ
1346 4928 1441 4999 τὴν
1467 4944 1574 4981 σω-

83 5017 240 5084 τηρίαν,
278 5009 439 5093 λῆθην
469 5040 530 5076 τε
563 5020 723 5075 αὐτοῦ
758 5009 1027 5072 ποιεῖσθαι
1072 5016 1207 5072 ὡσεὶ
1248 5019 1340 5072 καὶ
1381 5016 1572 5089 νεκροῦ

84 5105 151 5175 ἥδη
173 5114 449 5184 γενομένω,
478 5115 575 5169 καὶ
603 5115 677 5179 ὡς
701 5113 827 5184 περὶ
861 5109 1082 5173 σκεύους
1107 5105 1444 5174 ἀπολωλότος
1465 5110 1576 5163 δια-

87 5193 252 5247 κεῖσθαι.
282 5199 456 5254 Ταῦτα
509 5202 683 5256 πάντα
735 5199 1050 5255 πεπονθέναι
1103 5197 1357 5267 ἔφασκεν,
1388 5200 1576 5253 ἑαυτὸν

88 5284 218 5337 κακῶν
237 5286 597 5363 ἐξομολογήσει
625 5295 719 5347 καὶ
752 5293 1020 5366 μετανοίᾳ.
1041 5291 1176 5344 Ἀλλ’
1198 5291 1304 5344 οἶδε
1338 5293 1455 5362 μὲν,
1473 5310 1576 5362 φη-

91 5374 139 5436 σί,
162 5379 352 5434 τοιοῦτοι
374 5385 624 5450 γεγόνασι
653 5367 780 5458 περὶ
807 5387 926 5457 ὲμέ,
944 5383 1082 5454 Ἐγὼ
1114 5385 1168 5437 δὲ
1201 5385 1300 5437 οὐκ
1335 5385 1460 5438 ἄνευ
1491 5384 1580 5436 λό-

89 5481 155 5530 γου
175 5470 552 5544 οὗτωςὲμαυτὸν
575 5473 728 5547 ἦγον,
751 5480 862 5532 ἀλλ’
881 5480 1172 5550 ἐπειδήπερ
1196 5479 1390 5548 ἤκουον
1416 5477 1580 5546 ψόγον

91 5561 242 5618 πολλῶν
267 5568 650 5640 παροικούντων
678 5573 952 5636 κυκλόθεν,
980 5574 1027 5625 οἰ
1049 5572 1166 5624 τότε
1202 5572 1575 5642 συναιρόμενοι

93 5646 156 5700 ἰπί
172 5655 216 5704 τὴ
235 5657 343 5711 αὐτὸ
364 5658 545 5713 λαϐεῖν
567 5659 662 5729 τὴν
684 5660 856 5732 ψυχήν
881 5681 979 5733 μου
1001 5661 1350 5732 ὲνεθυμοῦντο
1370 5679 1381 5690 ·
1400 5664 1446 5713 οἰ
1468 5662 1574 5733 γὰρ

145 5834 178 5864 ⁸⁸
206 5837 336 5902 Joan.
370 5863 477 5914 vn,
509 5846 595 5900 58.

1679 4761 1807 4801 vero
1838 4750 1890 4799 et
1918 4743 2107 4805 amici,
2142 4741 2235 4812 qui
2261 4742 2439 4812 ipsum
2467 4738 2757 4794 convenire
2794 4736 3058 4798 solebant,
3087 4741 3232 4788 metu

1681 4835 1950 4908 perterriti
1983 4841 2158 4894 erant,
2199 4845 2263 4885 ac
2295 4830 2342 4886 si
2373 4845 2496 4884 eum
2550 4827 2912 4882 insanientem
2960 4837 3023 4878 ac
3055 4829 3233 4878 mente

1679 4929 1968 4983 alienatum
2013 4922 2315 4988 vidissent;
2353 4923 2424 4975 ita
2461 4930 2517 4974 ut
2549 4919 2618 4973 de
2660 4918 2833 4974 salute
2873 4916 2992 4984 ejus
3036 4913 3234 4983 despe-

1679 5025 1863 5073 rantes
1895 5014 2214 5071 secederent
2256 5022 2309 5069 et
2339 5013 2658 5081 aufugerent
2679 5048 2693 5072 ,
2757 5009 3037 5077 ipsumque
3063 5004 3230 5058 veluti

1673 5113 1783 5182 jam
1831 5115 2103 5163 mortuum
2147 5107 2407 5164 oblivioni
2453 5105 2669 5166 darent,
2724 5115 2786 5153 ac
2834 5107 3088 5169 tanquam
3135 5096 3245 5170 vas

1676 5202 1943 5274 perditum
1971 5200 2253 5256 haberent.
2287 5198 2410 5254 Haec
2437 5194 2618 5252 omnia
2647 5203 2957 5263 perpessum
2990 5203 3047 5242 se
3079 5188 3231 5241 testi-

1680 5295 1870 5349 ﬁcatur
1894 5332 1908 5355 ,
1943 5294 2070 5347 dum
2105 5309 2163 5346 se
2199 5295 2252 5346 in
2287 5289 2628 5346 confessione
2661 5293 2711 5339 et
2738 5281 3051 5352 pcenitentia
3098 5279 3231 5334 afﬂi—

1682 5392 1846 5455 geret.
1888 5381 1991 5438 Sed
2028 5383 2104 5436 illi
2135 5383 2374 5453 quidem,
2412 5380 2508 5442 ait,
2548 5377 2628 5431 sic
2667 5386 2792 5442 erga
2831 5385 2916 5424 me
2961 5385 3019 5424 se
3047 5385 3232 5438 gesse-

1683 5484 1825 5532 runt.
1864 5475 1976 5547 Ego
2005 5493 2134 5532 vero
2167 5492 2272 5532 non
2305 5475 2423 5529 sine
2453 5469 2682 5526 consilio
2713 5474 2765 5519 et
2794 5462 2998 5517 ratione
3034 5477 3119 5515 me
3151 5463 3230 5518 sic

1665 5586 1837 5651 agere
1859 5571 2114 5640 putabam
2147 5586 2157 5618 :
2189 5567 2284 5623 sed
2313 5567 2438 5636 quia
2471 5560 2747 5616 audiebam
2781 5554 3230 5622 vituperationem

1680 5646 1972 5718 multorum
2001 5659 2451 5718 commorantium
2488 5656 2543 5708 in
2571 5648 2824 5712 circuitu,
2849 5646 2938 5717 qui
2969 5653 3097 5700 tunc
3125 5655 3230 5698 una
