3960 6342
708 469 816 529 331
1325 457 1591 517 EUSEBII
1627 452 2100 513 CESARIENSlS
2132 451 2282 509 OPP.
2321 451 2501 509 PARS
2564 453 2648 509 111.
2688 484 2759 496 -
2796 454 3204 514 ΕΧΕΟΕΤΙΟᾹ.
3802 462 3891 518 288

709 577 996 641 sericordia
1018 592 1163 646 ejus,
1206 583 1260 627 ut
1292 584 1449 628 eruat
1482 588 1517 624 a
1542 580 1707 626 morte
1741 569 1946 622 animus
1973 582 2150 620 eorum
2169 605 2184 628 ,
2213 576 2261 618 et

2327 618 2334 633 ,
2361 563 2566 634 (ortae
2586 567 2683 622 ἐπὶ
2711 569 2774 622 τὸ
2808 569 2979 637 ἔλεος
3008 571 3214 636 αὐτοῦ,
3239 573 3542 642 ῥύσασθαι
3562 574 3631 629 ἐκ
3670 577 3891 637 θανάτοι

706 679 823 737 alat
855 688 945 728 eos
981 669 1034 747 in
1075 669 1237 739 fame.
1277 665 1469 721 lsthaec
1507 660 1947 733 supradictorum
1988 659 2268 714 sententiae

2365 658 2471 724 τὰς
2494 660 2698 728 ψυχὰς
2723 661 2939 725 αὐτῶν,
2966 663 3061 718 καὶ
3091 662 3400 734 διαθρέψαι
3424 666 3644 732 αὐτοὺς
3661 668 3730 721 ἐγ
3753 671 3886 740 λιμῷ

602 824 609 832 ,
706 765 998 821 οοὶιωτθιιι.
1032 758 1224 815 Sermo
1250 770 1485 826 namque
1516 761 1800 825 postquam
1843 765 2033 806 omnes
2074 748 2166 819 qui

2369 750 2589 821 Ἔχεται
2625 754 2722 822 τῆς
2748 752 2852 806 τῶν
2880 754 3316 826 προλελεγμένων
3357 757 3591 822 διανοίας
3614 760 3679 813 τὰ
3708 764 3891 833 προκεί

706 863 849 911 terra
878 861 1004 909 sunt
1037 851 1287 907 homines
1332 849 1400 903 ad
1447 848 1539 904 Dei
1570 847 1818 909 timorem
1852 845 2105 915 superius
2138 858 2268 897 evo-

2369 858 2522 912 μενα.
2551 844 2895 911 Συγκαλέσας
2916 846 3021 918 γὰρ
3041 849 3068 899 ό
3099 848 3254 918 λόγος
3292 850 3494 916 πάντας
3522 855 3649 919 τοὺς
3707 856 3799 909 ἐπὶ
3824 861 3891 930 γῆς

706 949 847 1002 cavit
874 946 962 1001 his
990 942 1198 1019 verbis,
1221 929 1425 995 Timeai
1457 939 1732 994 Dominum
1761 937 1929 1017 omnis
1960 946 2141 1001 terra;
2173 933 2268 990 de-

2366 937 2684 1008 ἀνθρώπούς
2737 940 2828 993 ἐπὶ
2876 941 2964 994 τὸν
2993 943 3153 1010 φόϐον
3190 943 3283 998 τοῦ
3317 945 3448 999 Θεοῦ
3474 947 3561 1002 διὰ
3600 949 3694 1003 τοῦ
3745 929 3888 1022 προει

704 1039 829 1094 inde
873 1045 935 1092 ut
982 1035 1196 1090 animos
1246 1032 1505 1095 adderet,
1550 1047 1617 1087 ne
1659 1032 1841 1085 animo
1881 1027 2173 1101 deﬁcerent
2202 1042 2267 1082 ac

2367 1031 2505 1081 πεῖν·
2536 1030 2845 1098 Φοϐηθήτω
2877 1033 2983 1087 τὸν
3026 1035 3244 1103 Κύριον
3268 1035 3435 1094 πᾶσα
3458 1042 3495 1108 ἡ
3537 1040 3635 1110 γῆ·
3685 1039 3801 1097 εἶτα
3824 1062 3890 1098 πα

703 1130 1123 1185 reformidarent
1148 1125 1557 1197 persecutiones
1584 1123 1914 1183 obventuras
1933 1113 1951 1188 ,’
1975 1127 2098 1174 ante
2126 1119 2267 1190 adje-

2368 1121 2710 1194 ραθαρῤύνας
2742 1124 2815 1196 μὴ
2847 1126 3082 1198 ἀγωνιᾷν
3117 1129 3250 1199 μηδὲ
3308 1131 3585 1201 φοϐεῖσθαι
3644 1136 3771 1199 τοὺς
3802 1136 3888 1207 μέλ

702 1220 882 1287 ceret,
909 1222 1164 1276 Dominus
1188 1222 1413 1290 dissipat
1435 1217 1659 1281 consilia
1680 1216 1911 1287 gentium
1928 1255 1943 1279 ,
1965 1221 2019 1269 et
2043 1222 2261 1269 cmtera.

2365 1213 2551 1279 λοντας
2588 1217 2974 1271 ἐπανίστασθαι
3036 1221 3219 1284 αὐτοῖς
3264 1221 3555 1294 διωγμοὺς,
3588 1229 3819 1300 curritis"
3840 1232 3891 1287 Eu

702 1316 889 1379 Eidem
924 1314 1085 1384 igitur
1114 1311 1409 1369 sententia!
1426 1309 1691 1367 insistens
1724 1307 1776 1361 in
1809 1307 2060 1377 superius
2089 1306 2265 1361 allatis

2364 1309 2472 1362 τῶν
2510 1309 2815 1381 ἔμπροσθεν
2878 1310 2961 1362 τό·
3018 1313 3232 1379 Κύριος
3278 1314 3648 1380 διασκεδὰζει
3691 1323 3891 1386 βουλὰ.

614 1476 617 1480 Α
705 1410 778 1463 ait
808 1451 821 1462 .
853 1406 1152 1473 Conﬁdite,
1179 1419 1277 1459 vos
1309 1418 1501 1459 omnes
1538 1401 1605 1463 ad
1639 1417 1776 1472 quos
1809 1415 1989 1455 sermo
2011 1399 2172 1455 vertit

2365 1399 2573 1466 ἐθνῶν,
2603 1400 2697 1454 καὶ
2725 1399 2790 1452 τὰ
2814 1398 2959 1471 ἑξῆς.
2994 1400 3105 1471 Τῆς
3135 1397 3227 1455 οὖν
3259 1404 3428 1474 αὐτῆς
3477 1406 3713 1474 διανοίας
3745 1412 3891 1483 ὲχόμε

706 1501 762 1557 Si
812 1501 995 1571 itaque
1038 1499 1105 1553 ad
1153 1488 1593 1553 buncdimorem
1646 1494 2025 1555 accesseritis,
2077 1494 2265 1550 oculos

2366 1511 2453 1559 νος
2479 1497 2569 1548 καὶ
2601 1495 2687 1549 διὰ
2717 1496 2825 1556 τῶν
2854 1500 3225 1570 προκειμένων
3276 1502 3426 1572 φησί·
3464 1502 3748 1577 Θαρσεῖτε,
3796 1508 3891 1559 πάν

656 1594 662 1603 ’
702 1595 821 1664 ejus
863 1586 1084 1663 vimque
1117 1590 1266 1647 illius
1298 1588 1672 1661 perspicacem
1702 1588 1857 1643 vobis
1887 1585 2220 1657 providenter

2346 1606 2453 1662 τες
2478 1588 2631 1659 ὑμεῖς
2658 1590 2794 1661 πρὸς
2826 1590 2916 1655 οὓς
2935 1594 2962 1645 ό
2984 1591 3155 1662 λόγος.
3188 1596 3247 1648 El
3296 1595 3428 1665 γοῦν
3482 1599 3823 1669 προσέλθοιτε
3852 1603 3891 1654 τί

701 1684 1017 1740 obtinebitis
1039 1724 1055 1747 ,
1088 1698 1213 1753 quae
1254 1697 1350 1737 vos
1380 1681 1449 1736 ab
1476 1680 1732 1738 omnibus
1768 1679 2005 1734 inimicis
2033 1693 2098 1733 ac
2132 1678 2265 1732 insi—

2367 1681 2526 1734 αὑτοῦ
2560 1682 2725 1754 φόϐῳ,
2750 1683 2897 1749 ἕξετε
2917 1687 3042 1749 τοὺς
3062 1686 3224 1741 αὑτοῦ
3252 1689 3562 1760 ὀφθαλμοὺς
3587 1692 3679 1745 καὶ
3699 1694 3799 1762 τὴν
3826 1695 3891 1748 διο

699 1779 1002 1835 diatoribus
1032 1777 1307 1835 liberabit.
1338 1775 1473 1830 Ecce
1503 1777 1740 1845 namque
1772 1771 1911 1825 oculi
1940 1768 2150 1823 Domini
2175 1784 2263 1823 su-

2370 1770 2591 1842 ρατικὴν
2618 1772 2779 1825 αὑτοῦ
2799 1772 3023 1844 δύναμιν
3058 1779 3455 1833 ἐπισκοποῦσαν
3482 1780 3646 1845 ὑμᾶς,
3679 1785 3774 1837 καὶ
3802 1786 3891 1838 πάν

695 1888 787 1941 per
818 1880 1104 1927 metuentes
1135 1878 1254 1926 eum
1274 1909 1291 1935 ,
1319 1868 1413 1940 qui
1443 1874 1658 1937 sperant
1705 1879 1860 1933 super
1901 1860 2259 1923 misericordia

2365 1880 2469 1915 των
2496 1863 2705 1934 ἐχθρῶν
2732 1866 2823 1918 καὶ
2878 1867 3172 1924 ἐπιϐούλων
3228 1872 3513 1945 ρυομένην.
3565 1874 3719 1929 Ἰδοὺ
3742 1877 3847 1948 γὰρ
3877 1895 3891 1933 c

695 1963 847 2034 ejus,
894 1973 952 2017 ut
995 1962 1144 2017 eruat
1195 1979 1228 2015 a
1271 1970 1439 2025 morte
1486 1958 1694 2015 animas
1734 1970 1934 2012 eorum.
1976 1951 2109 2007 Nam
2144 1953 2259 2009 sine

2327 1955 2659 2024 ιόερθαλμοὶ
2685 1958 2906 2025 Κυρίου
2954 1958 3053 2011 ἐπὶ
3106 1962 3246 2030 τοὺς
3292 1967 3701 2034 φοϐουμένους
3727 1970 3891 2023 αὐτὸν

696 2054 871 2109 oculis
899 2054 994 2112 Dei
1023 2052 1172 2107 nulla
1204 2042 1397 2106 salutis
1438 2063 1567 2120 spes
1612 2054 1729 2114 est,
1770 2062 1841 2101 ne
1882 2043 2101 2117 quidem
2142 2044 2256 2115 regi

2363 2045 2503 2111 τοὺς
2529 2045 2876 2114 ἐλπίζοντας
2927 2049 3024 2103 ἐπὶ
3082 2050 3147 2104 τὸ
3188 2051 3359 2119 ἕλεος
3389 2054 3596 2120 αὑτοῦ,
3628 2058 3891 2125 ῥύσασθε

698 2145 753 2199 in
788 2145 1009 2201 militari
1040 2150 1308 2214 potestate
1342 2141 1526 2197 ﬁdenti
1557 2158 1571 2208 ;
1606 2155 1719 2195 non
1762 2138 1967 2211 giganti
2011 2138 2067 2192 in
2109 2138 2256 2196 mul-

2363 2139 2429 2192 ἐκ
2462 2139 2718 2194 θανάτου
2752 2141 2859 2209 τὰς
2882 2142 3086 2213 ψυχὰς
3139 2144 3355 2199 αὐτῶν.
3408 2149 3539 2219 Δίχα
3597 2150 3708 2223 γὰρ
3761 2154 3891 2206 αὐτᾶ

697 2235 931 2291 titudine
982 2235 1198 2290 virtutis
1235 2241 1288 2291 et
1336 2230 1672 2291 fortitudinis
1719 2229 2100 2301 superbienti;
2146 2242 2250 2281 non

2364 2229 2470 2283 τῶν
2502 2230 2594 2284 τοῦ
2620 2232 2753 2289 Θεοῦ
2786 2234 3076 2305 ὀφθαλμῶν
3132 2237 3231 2290 οὐκ
3275 2237 3420 2291 ἔστιν
3473 2240 3603 2313 ἄλλη
3668 2246 3891 2317 σωτηρία

699 2341 842 2398 equo
896 2326 1169 2383 velocitati
1228 2326 1428 2397 pedum
1486 2318 1805 2397 conﬁ't'l'einti.
1880 2320 2006 2374 Haec
2054 2310 2261 2389 quippe

2366 2326 2536 2389 ἐλπὶς,
2563 2325 2685 2380 οὕτε
2718 2327 2925 2397 βασιλεί
2962 2334 3319 2403 στρατιωτικῇ
3355 2332 3580 2403 δυνάμει
3628 2335 3886 2407 θαρροὖντ

644 2422 651 2429 ’
694 2417 878 2473 omnia
908 2416 1157 2485 decipere
1188 2416 1400 2479 solent,
1438 2415 1626 2469 I'allere
1656 2416 1786 2475 {om
1835 2417 1889 2465 et
1930 2412 1984 2463 in
2016 2424 2203 2463 errore

2364 2416 2486 2471 οὕτε
2520 2418 2736 2486 γίγαντι
2770 2421 2860 2472 ἐπὶ
2893 2410 3081 2493 πλῆθει
3125 2422 3406 2493 δυνάμεως
3439 2426 3533 2478 καὶ
3595 2427 3781 2505 ἰσχύος
3808 2447 3891 2497 γαι

695 2508 953 2564 inducere
982 2522 1084 2562 eos
1105 2505 1197 2576 qui
1246 2506 1301 2559 in
1348 2506 1540 2559 iisdem
1581 2520 1731 2574 spem
1770 2502 1989 2557 habent.
2025 2499 2129 2554 Sed
2159 2515 2257 2554 vos

2369 2510 2633 2581 ρουμένῳ,
2662 2509 2783 2563 οὔτε
2820 2512 2967 2583 ἵππῳ
3000 2513 3174 2566 ποδῶν
3202 2515 3439 2585 ὠκύτητι
3466 2516 3780 2587 θαρροῦντι.
3807 2520 3891 2573 Hd:

695 2598 950 2658 conﬁdite
977 2598 1070 2669 qui
1100 2597 1386 2651 Dominum
1415 2595 1679 2663 invocatis
1702 2634 1717 2657 ,
1746 2593 1975 2664 ejusque
2009 2591 2257 2647 timorem

2364 2620 2432 2655 τα
2460 2600 2568 2674 γὰρ
2594 2600 2768 2656 ταῦτα
2800 2603 3158 2673 διαψεύδεται,
3192 2605 3413 2675 σφάλλει
3466 2607 3559 2659 καὶ
3600 2608 3781 2680 πλανᾷ
3817 2613 3891 2665 τοί

694 2689 1090 2758 assumpsistis.
1121 2688 1359 2743 Consilia
1387 2686 1627 2758 gentium
1657 2702 1725 2741 ne
1748 2684 2112 2741 reformidetis
2137 2699 2258 2754 quae

2365 2694 2451 2746 ἐπ’
2483 2694 2662 2758 αὐτοῖς
2711 2693 3024 2765 ἡλπικότας.
3075 2696 3210 2749 Ἀλλ’
3259 2698 3416 2769 ὑμεῖς
3465 2698 3741 2771 θαρσεῖτε,
3774 2703 3821 2753 οἱ
3848 2701 3891 2755 τέ

694 2780 959 2836 Dominus
1020 2781 1293 2852 dissipat,
1351 2794 1453 2835 nec
1511 2778 1871 2849 cogitationes
1929 2777 2254 2847 populorum

2365 2782 2564 2853 Κύριον
2586 2784 2986 2848 ἐπικαλοῦντες,
3018 2782 3116 2839 και
3140 2785 3237 2839 τὸν
3270 2786 3432 2839 αὐτοῦ
3461 2787 3625 2856 φόϐον
3656 2788 3891 2857 ἀνειληφε

596 2878 599 2879 ⁷
693 2889 814 2945 qua:
855 2889 885 2927 a
934 2876 1044 2929 Deo
1094 2868 1261 2930 irritae
1302 2871 1632 2943 eﬂiciuntur,
1682 2870 2052 2927 necconsilia
2107 2885 2160 2939 pr

2363 2892 2471 2940 τες.
2503 2877 2611 2944 Καὶ
2637 2878 2772 2948 μήτε
2797 2876 2988 2949 βουλὰς
3020 2877 3189 2933 ἐθνῶν
3244 2878 3514 2949 φοϐεῖσθε,
3550 2881 3616 2945 ἃς
3670 2884 3699 2935 ὁ
3736 2882 3891 2953 Κύριε

693 2982 875 3034 (ειιιιιηι
932 2979 1053 3036 qua:
1115 2964 1233 3033 ipse
1291 2963 1599 3024 subvertit,
1658 2961 1769 3015 imo
1834 2975 2011 3030 neque
2075 2973 2257 3028 regem

2362 2966 2806 3032 διασκεδάννυσι,
2842 2966 2980 3041 μήτε
3008 2969 3298 3040 λογισμοὺς
3337 2970 3499 3032 λαῶν,
3548 2969 3642 3034 οὓς
3672 2974 3703 3025 ὁ
3736 2972 3891 3042 Κύριε

693 3056 879 3112 manui
921 3054 1145 3111 militari
1194 3052 1476 3131 innixum,
1519 3064 1696 3120 neque
1740 3049 2011 3119 gigantem
2043 3047 2257 3101 fortitu-

2364 3057 2562 3123 ἀθετεῖ,
2606 3062 2740 3132 μήτε
2772 3058 2964 3129 βουλὰς
2989 3061 3283 3131 ἀρχόντων,
3325 3061 3391 3126 ἃς
3416 3062 3576 3126 αὐτὸς
3616 3064 3886 3134 ἀνατρέπε

694 3149 820 3204 dine
851 3164 916 3203 ac
943 3148 1152 3204 viribus
1181 3145 1461 3216 corporeis
1487 3152 1804 3199 tumentem.
1831 3141 2040 3195 Etcum
2068 3145 2258 3211 ingens

2378 3149 2532 3202 Ἀλλὰ
2564 3149 2698 3220 μηδὲ
2734 3149 2952 3219 βασιλέα
2982 3150 3171 3221 πλήθει
3219 3152 3611 3223 στρατιωτικῆς
3653 3152 3891 3221 δυνάμειι

696 3238 1043 3311 praesidium,
1074 3237 1326 3293 videlicet
1350 3236 1703 3318 providentiae
1733 3236 1905 3305 ipsius
1933 3234 2122 3289 oculos
2153 3234 2253 3287 ob-

2366 3238 2660 3292 πεποιθότα
2685 3238 3149 3311 καταπλήττεσθε,
3188 3240 3320 3312 μηδὲ
3373 3241 3602 3309 γίγαντα
3662 3241 3809 3310 ἰσχύϊ
3844 3257 3891 3295 κε

696 3331 913 3387 tineatis
933 3351 953 3395 ,ν
984 3332 1040 3386 in
1065 3332 1184 3403 ipso
1209 3331 1328 3386 solo
1357 3337 1413 3386 et
1448 3329 1503 3382 in
1536 3316 1918 3385 misericordia
1947 3326 2066 3396 ejus
2103 3340 2253 3395 spem

2327 3331 2495 3403 ἀλκῇ
2545 3328 2794 3400 σώματος
2846 3330 3200 3403 τυφούμενον.
3255 3316 3509 3403 Ἔχοντες
3551 3332 3605 3385 δὲ
3660 3335 3808 3403 μέγα
3839 3352 3891 3403 ιρι

696 3426 940 3492 reponite
968 3433 1202 3481 vestram
1223 3464 1238 3490 ,
1273 3432 1331 3478 ut
1363 3432 1518 3477 cruat
1551 3438 1584 3477 a
1617 3431 1784 3489 morte
1814 3421 2018 3472 animas
2050 3434 2253 3483 eorum.

2359 3422 2646 3494 λακτήριον
2674 3414 2819 3487 ’τοὺς
2864 3423 2972 3494 τῆς
3006 3423 3258 3495 προνοίας
3291 3424 3452 3477 αὑτοῦ
3482 3424 3818 3495 ὀφθαλμοὺς,
3849 3428 3891 3477 ἐι

697 3516 842 3573 Mors
872 3526 1051 3573 autem
1083 3516 1277 3581 animae
1318 3514 1482 3570 fuerit
1520 3514 1617 3571 Dei
1658 3512 1976 3585 abnegatio,
2026 3508 2256 3566 defectio

2358 3508 2516 3562 αὑτὸν
2541 3508 2786 3573 ἐλπίζετε
2824 3510 2980 3581 μόνον
3010 3513 3104 3566 καὶ
3129 3513 3220 3566 ἐπὶ
3263 3512 3324 3566 τὸ
3351 3512 3498 3578 ἔλεος
3523 3515 3711 3577 αὑτοῦ,
3757 3518 3845 3583 είς
3869 3534 3891 3569 ι

695 3612 853 3683 plena
873 3651 887 3675 ,
914 3619 969 3667 et
998 3619 1221 3680 peccata
1249 3592 1574 3664 admortem
1647 3607 1721 3661 ita
1750 3614 1811 3660 ut
1842 3604 1886 3660 si
1919 3602 2133 3675 quando
2164 3618 2257 3658 ae-

2349 3601 2654 3668 ρύσασθαι
2689 3599 2758 3655 ἐκ
2783 3601 3041 3656 θανάτου
3074 3602 3181 3669 τὰς
3209 3604 3412 3673 ψυχὰς
3443 3604 3659 3661 αὐτῶν.
3691 3606 3891 3662 Θάνατι

695 3705 872 3772 cidat,
908 3713 967 3759 ut
1006 3705 1340 3775 sperantium
1389 3701 1444 3754 in
1494 3699 1661 3754 Deum
1706 3712 1936 3767 corpora
1979 3686 2256 3751 communi

2358 3694 2403 3747 δ’
2424 3693 2490 3747 ἂν
2528 3694 2611 3765 εἴη
2632 3693 2809 3766 ψυχῆς
2846 3696 2879 3766 ἡ
2930 3694 3157 3766 ἄρνησις
3189 3696 3282 3750 τοῦ
3307 3696 3440 3749 Θεοῦ
3473 3699 3567 3752 καὶ
3594 3700 3628 3770 ἡ
3662 3701 3891 3771 παντελῆ

665 3790 892 3861 ἠιοιέιί,
936 3796 1006 3851 ob
1049 3796 1168 3865 ejus
1213 3791 1589 3849 testimonium
1634 3788 1960 3857 tradantur,
2009 3796 2064 3842 at
2113 3788 2229 3841 ocul

2356 3786 2678 3851 ἀποστασία,
2696 3787 2787 3840 καὶ
2818 3788 2872 3839 αί
2927 3786 3062 3857 πρὸς
3088 3787 3313 3841 θάνατον
3330 3789 3611 3860 ἁμαρτίαι⁸
3631 3791 3801 3854 ὥστε,
3833 3792 3891 3844 κΞ

694 3887 791 3943 Dei
820 3889 1030 3945 animas
1060 3904 1249 3944 eorum
1277 3892 1535 3942 curantes
1562 3898 1594 3938 a
1625 3888 1800 3937 morte
1845 3881 1995 3953 ipsos
2036 3881 2255 3950 eripue—

2360 3878 2536 3949 συμϐῇ
2568 3895 2693 3932 ποτε
2724 3877 2829 3931 τῶν
2862 3878 3184 3943 ἐλπιζόντων
3211 3880 3305 3933 ἐπὶ
3337 3880 3426 3932 τὸν
3460 3880 3682 3950 Κύριον·
3714 3883 3786 3936 τὰ
3842 3883 3891 3935 ad

697 3987 845 4034 runt.
874 3979 1058 4050 Neque
1090 3980 1145 4033 id
1178 3977 1521 4035 solummodo
1554 3983 1813 4048 praestant
1845 3991 1861 4041 ;
1894 3972 1989 4029 sed
2021 3982 2080 4028 ut
2107 3974 2258 4026 alant

2360 3985 2502 4039 ματα
2524 3968 2734 4040 θανάτῳ
2759 3966 3145 4038 παραδίδοσθαι
3173 3970 3249 4042 τῷ
3288 3970 3449 4041 κοινῷ
3481 3971 3569 4024 διὰ
3598 3972 3699 4042 τὴν
3736 3976 3817 4036 εἰς
3837 3977 3891 4028 αξ

696 4062 791 4126 eos
820 4064 877 4125 in
912 4072 1091 4136 fame,
1126 4071 1530 4140 providentiam
1564 4069 1785 4123 habent.
1824 4065 2102 4138 Siquidem
2135 4080 2260 4135 per-

2355 4061 2446 4114 τὸν
2482 4062 2801 4138 μαρτυρίαν,
2825 4062 2936 4117 ἀλλ’
2961 4065 3009 4117 οἱ
3037 4062 3303 4136 ὀφθαλμοὶ
3324 4062 3487 4118 αὐτοῦ
3512 4064 3603 4118 τοῦ
3622 4068 3891 4137 κρείττονι

697 4164 1042 4221 secutionum
1087 4170 1363 4235 tempore,
1407 4178 1514 4231 quo
1559 4164 1876 4233 plerumque
1913 4160 2160 4217 doctrina
2205 4166 2260 4213 et

2356 4156 2770 4227 ἐπιμεληθέντες
2800 4159 2898 4223 τὰς
2928 4159 3104 4231 ψυχὰς
3142 4159 3317 4214 αὐτῶν
3342 4159 3640 4233 ἐρρύσαντο
3673 4163 3741 4215 ἐκ
3775 4162 3891 4216 θανά

696 4259 1006 4314 divinarum
1054 4242 1462 4332 Scripturarum
1511 4250 1797 4311 lectiones
1824 4254 2254 4328 praepediuntur,

2355 4262 2467 4301 του.
2500 4251 2573 4302 Οὐ
2611 4250 2767 4320 μόνον
2793 4250 2849 4304 δὲ
2877 4252 3033 4305 τοῦτο
3067 4252 3328 4317 ποιοῦσιν,
3381 4237 3513 4305 ἀλλὰ
3545 4254 3638 4305 καὶ
3686 4254 3786 4307 τοῦ
3817 4256 3891 4310 δια

697 4351 917 4425 rarique
949 4355 1246 4406 occurrunt
1284 4349 1376 4418 qui
1421 4347 1733 4418 spirituales
1775 4346 1926 4403 cibos
1969 4345 2255 4399 animabus

2356 4338 2549 4411 Θρέψαι
2574 4341 2767 4405 αὐτοὺς
2795 4344 2851 4395 ὲν
2874 4342 3015 4413 λιμῷ
3049 4342 3302 4414 πρόνοιαν
3354 4343 3650 4417 ποιοῦνταιο
3694 4345 3787 4399 Ἐν
3825 4350 3891 4416 Τά

698 4443 981 4497 hominum
1022 4426 1382 4512 impertiant;
1430 4449 1668 4495 attamen
1716 4438 1861 4494 oculi
1892 4437 2139 4500 Domini,
2172 4437 2257 4491 di-

2352 4434 2463 4494 τοῖς
2494 4436 2699 4503 καιροῖς
2723 4434 2828 4487 τῶν
2886 4434 3157 4503 διωγμῶν,
3186 4432 3306 4489 καθ’
3326 4432 3419 4497 οὓς
3469 4434 3729 4503 πολλάκις
3757 4440 3891 4494 κεκῶ

648 4554 651 4555 ν
698 4532 810 4588 vini
841 4532 1079 4603 Spiritus
1117 4532 1359 4599 inﬂuxu,
1407 4533 1653 4604 ipsorum
1686 4531 1897 4585 animas
1928 4520 2155 4581 alunt‘et
2186 4542 2212 4579 a

2353 4523 2534 4577 λυνται
2568 4526 2661 4595 μὲν
2701 4528 2755 4580 αἱ
2812 4526 3148 4585 διδασκαλίαι
3183 4526 3366 4580 καὶτὰ
3396 4525 3504 4581 τῶν
3552 4528 3891 4586 θεοπνεύστω

699 4624 819 4693 ipso
847 4621 953 4677 Deo
981 4623 1259 4679 institutas
1288 4624 1530 4679 eﬂiciunt
1555 4663 1570 4690 ,
1597 4624 1673 4677 ita
1705 4631 1763 4677 ut
1792 4621 1931 4676 citra
1960 4620 2253 4673 humanam

2354 4613 2582 4685 Γραφῶν
2613 4613 3032 4685 ἀναγνώσματα,
3086 4611 3334 4679 σπανίζει
3362 4616 3425 4669 δὲ’
3445 4616 3596 4681 ότὰς
3624 4636 3891 4690 πνευματε

700 4716 867 4771 ullam
908 4713 1249 4784 disciplinam
1270 4756 1285 4783 ,
1335 4732 1534 4771 arcana
1584 4697 1815 4787 quadam
1843 4714 2041 4767 virtute
2070 4708 2250 4765 nutri-

2327 4683 2455 4771 ‘xit;
2483 4709 2687 4780 τροφάς
2729 4683 2994 4771 ταῖς-τῶν
3018 4708 3329 4783 ἀνθρώπων
3387 4709 3653 4774 διαδιδοὺς
3704 4683 3891 4782 ocius

664 4802 665 4805 “
704 4821 881 4863 antur.
1142 4856 1149 4861 _
1990 4836 1991 4839 η
2344 4801 2501 4873 ὅμως
2529 4806 2576 4856 οἱ
2604 4802 2867 4873 ὀφθαλμοὶ
2892 4800 2985 4855 τοῦ
3012 4803 3215 4875 Κυρίου
3242 4806 3308 4873 τῇ
3335 4803 3427 4857 τοῦ
3451 4804 3593 4857 θείου
3611 4804 3892 4877 Ιῐνεύματι

700 4906 1073 4980 ὲπιρροῇκκαὶ
1098 4902 1299 4961 τούτων
1353 4906 1451 4970 τᾲς
1494 4904 1667 4975 ψυχὰς
1731 4902 2070 4975 διατρέφουσι
2122 4898 2485 4965 θεοδιδάκτους
2510 4918 2517 4927 α
2542 4901 2735 4963 αὐτοὺς
2767 4898 3224 4974 ἀπεργαζόμενοι,
3277 4899 3351 4960 ὡς
3382 4897 3475 4952 καὶ¹
3504 4888 3632 4953 ἄνευ
3676 4901 3783 4973 τῆς
3841 4906 3892 4959 ἀι

701 4999 928 5071 θρώπων
961 5000 1301 5066 διδασκαλίας
1327 4998 1625 5070 ἀπορρήτῳ
1652 4996 1875 5065 δυνάμει
1924 4994 2237 5066 τρέφεσθαι.
2589 5002 2594 5007 '

1003 5174 1063 5231 IN
1100 5174 1427 5232 PSALMUM
1469 5172 1674 5229 osvm
1710 5172 1942 5229 xxxm;

2588 5171 2697 5227 ΕιΣ
2729 5171 2864 5225 ΤοΝ
2890 5166 3189 5225 ΨΑΛΜΟΝ
3219 5165 3305 5223 To
3335 5156 3533 5222 ΔΑΥΙΔ
3562 5169 3678 5223 AI".

624 5348 625 5351 ‘
706 5335 756 5391 l.
808 5332 1034 5400 Quando
1070 5332 1363 5386 immutavit
1402 5332 1601 5390 vultum
1638 5348 1790 5387 suum
1826 5348 2006 5388 coram
2041 5334 2188 5389 Abim

2374 5333 2577 5385 Ὁπότε
2618 5330 2919 5399 ήλλοίωσε
2956 5326 3022 5400 τι)
3052 5322 3399 5400 ’πρόσωπον
3444 5326 3633 5383 αὐτοῦ
3666 5329 3891 5400 ἐνώπια

1028 5403 1169 5469 lech,
1206 5410 1255 5456 et
1291 5403 1491 5457 dimisit
1526 5420 1643 5471 eum
1678 5413 1727 5475 et
1766 5405 1920 5460 abiit.
2409 5402 2592 5472 Ἀϐιμέ

2409 5397 2729 5472 Ἀϐιμέλέχ,
2762 5402 2858 5455 καὶ
2888 5397 3196 5478 ἀπέλυσεν
3225 5397 3412 5451 αὑτὸν
3446 5401 3543 5453 καὶ
3591 5398 3891 5469 ἀπῆλθεν.

776 5558 1004 5626 Quidam
1050 5557 1307 5630 suspicati
1351 5566 1479 5615 sunt
1534 5558 1677 5613 illam
1724 5554 2009 5630 praisentis
2050 5558 2255 5630 psalmi

2443 5542 2731 5610 ’Υπὲλαϐόν
2783 5570 2937 5617 τινες
2978 5551 3075 5623 τὴν
3148 5551 3241 5606 τοῦ
3293 5555 3651 5627 προκειμένου
3705 5555 3891 5625 ψαλμο

708 5653 1115 5720 inscriptionem
1136 5691 1150 5715 ,
1180 5650 1466 5713 historiam
1493 5652 1763 5721 reSpicere
1781 5690 1796 5715 ,
1824 5665 1929 5721 qua
1958 5649 2130 5706 fertur
2159 5651 2256 5705 Da-

2361 5648 2678 5720 προγραφὴν
2709 5646 2921 5715 ἐκείνην
2949 5644 3227 5715 σημαίνειν
3275 5646 3392 5718 τὴν·
3430 5650 3691 5718 ἱστορίαν,
3741 5650 3814 5701 δι’
3840 5647 3891 5720 ἦς

707 5747 883 5803 videm
912 5760 943 5797 a
972 5743 1107 5800 facie
1132 5743 1311 5802 Saulis
1336 5745 1632 5817 fugientem
1655 5787 1669 5809 ,
1702 5742 1768 5797 ad
1794 5742 2038 5798 Anchum
2071 5757 2253 5815 regem

2362 5738 2571 5807 φεύγων
2602 5736 2760 5789 Δαυῒδ
2789 5734 2896 5789 ἀπὸ
2929 5732 3212 5805 προσώπου
3225 5735 3414 5799 Σαοὺλ,
3439 5736 3761 5808 ἐληλυθέναι
3795 5739 3891 5810 πρέ]

706 5838 843 5894 Ceth
879 5840 1209 5905 accessisse,
1238 5840 1456 5910 quando
1490 5837 1756 5893 insaniam
1792 5838 2061 5895 simulans
2098 5829 2253 5907 quasi

2373 5831 2591 5901 Ἄγχους
2617 5828 2835 5900 βασιλέα
2847 5826 2945 5879 Γὲθ
2962 5825 3385 5896 ἀναγέγραπται·
3413 5828 3728 5900 ὅτεςμανίαν
3761 5849 3891 5903 προς

611 6010 627 6019 ν
708 5942 960 6005 tympano
993 5922 1237 6006 pulsabat
1268 5932 1334 5989 ad
1367 5940 1551 6006 portas
1584 5933 1761 5999 urbis,
1797 5942 1849 5988 et
1879 5930 2175 5989 deferebatl

2361 5924 2598 5996 ποιηθεὶς
2650 5918 3009 6005 ὲτυμπάνιζεν
3035 5918 3127 5973 ἐπὶ
3174 5922 3291 5984 ταῖς
3322 5919 3525 5993 ’θύραις
3556 5924 3655 6007 τῆς
3693 5924 3891 5983 nam:
