3966 6344
66 420 183 477 rso.
1175 410 1624 489 connexum

1723 408 1775 465 [Ν
1810 406 2148 464 PSALMOS.
3143 404 3275 478 eeo

69 541 148 592 καὶ
174 536 535 609 παρεφέρετο,
570 537 663 591 καὶ
688 537 900 601 ἔπιπτε,
951 538 1045 591 καὶ
1076 538 1328 609 κατέρρει
1368 516 1441 591 τὰ,
1465 536 1616 590 σῑελα

1723 539 1772 587 et
1804 530 2121 596 decidebat,
2157 535 2217 591 et.
2244 526 2557 584 deiluehant
2590 525 2774 583 salivae
2805 524 2925 595 ejus
2960 524 3015 580 in
3048 524 3276 580 barbam
3352 534 3355 537 '

66 630 209 685 αὑτοῦ
235 630 328 682 ἐπὶ
361 630 453 683 τὸν
477 629 708 701 πώγωνα
727 630 1056 690 αὑτοῦ·,ὣστ’
1074 630 1243 682 εἰπεῖν
1270 628 1362 682 τὸν
1390 626 1615 698 Ἀγχοῦς

1723 624 1891 695 ipsius
1921 641 1935 691 ;
1969 623 2043 677 ita
2081 628 2141 676 ut
2174 621 2381 676 diceret
2413 620 2641 675 Auchus
2675 619 2857 689 pueris
2892 618 3057 679 suis:
3090 617 3279 684 .Quare
3341 646 3344 649 λ

68 724 187 795 πρὸς
216 725 343 788 τοὺς
393 723 585 787 παῖδας
642 722 826 777 αὐτοῦ·
871 721 1070 795 Ἄνδρα
1121 723 1413 793 ἐπίληπτον
1448 722 1531 774 ἵνα
1563 720 1617 775 τί

1723 716 1891 771 virum
1920 714 2178 786 epilepsia
2205 720 2516 784 correptum
2542 711 2607 766 ad
2628 726 2711 766 me
2732 709 3113 765 introduxistis
3135 710 3155 764 ?
3176 708 3281 763 Vc-

68 818 371 889 εξσηγάγετε
430 817 564 890 πρὸς
613 816 717 887 μέ;
773 815 909 869 Ἀλλ’
960 818 1039 870 ὅτι
1092 816 1189 889 μὲν
1243 815 1502 886 ἡλλοίωσε
1558 814 1619 867 τὸ

1723 824 1837 863 rum
1862 808 1941 863 illi
1968 805 2036 861 ad
2065 805 2119 861 id
2150 807 2325 862 solum
2354 805 2706 862 attenderunt
2732 803 2880 875 quod
2911 803 3281 857 immutaverit

69 910 339 980 :96:me
371 908 555 973 αὑτοῦ,
605 908 842 979 ἥκουσαν
871 910 917 961 οἱ
980 906 1224 961 τοιοῦτοι·
1276 908 1356 960 ὅτι
1416 906 1463 961 δ’
1493 905 1619 977 ἑξῆς

1723 902 1923 956 vultum
1949 915 2106 956 suum
2133 918 2147 968 ;
2175 899 2269 957 sed
2295 898 2547 953 videnlur
2571 898 2701 963 mihi
2728 896 2782 952 id
2808 896 3111 967 neglexisse
3134 894 3281 965 quod

72 999 339 1070 συνῆπται,
371 1000 647 1054 ἐναντίον
687 1000 1011 1070 ’Λϐιμέ.1εχ,
1042 998 1255 1053 δοκοῦσί
1284 1017 1373 1071 μοι
1404 1016 1619 1073 παρεω-

1723 1012 1843 1050 mox
1886 994 2156 1066 sequitur,
2202 1009 2382 1048 coram
2429 990 2751 1045 Abimelech.
2776 992 2844 1047 At
2866 989 3010 1043 enim
3057 988 3280 1063 Auchus

72 1092 294 1164 ρακέναι.
346 1092 404 1145 '0
438 1082 536 1163 μὲν
561 1087 652 1145 οὖν
696 1092 920 1163 Ἀγχοῦς
946 1092 1054 1145 τῶν
1083 1092 1391 1161 ἀλλοφύλων
1418 1087 1485 1163 ἦν
1517 1091 1617 1163 βα-

1723 1077 2147 1159 alienigenarum
2173 1084 2400 1141 Cetham
2446 1083 2798 1139 incolentium
2850 1097 2947 1137 rex
2972 1088 3125 1147 erat;
3153 1079 3282 1135 Abi-

70 1180 230 1246 σιλεὺς
277 1182 391 1235 τῶν
438 1182 829 1237 κατοικούντων
859 1182 955 1254 τὴν
1004 1183 1043 1235 Γ
1046 1182 1124 1236 έο-
1157 1183 1185 1236 ὀ
1234 1182 1292 1236 δὲ
1334 1182 1618 1255 Ἀὃιμέλεχ

73 1275 229 1345 ἱερεὺς
265 1273 363 1328 τοῦ
400 1274 536 1329 Θεοῦ
593 1275 1007 1347 μνημονεύεταιο
1065 1276 1200 1347 πρὸς
1228 1275 1287 1327 ὃν
1335 1275 1426 1329 καὶ
1456 1264 1618 1329 αὐτὸν

71 1367 323 1438 ἐληλυθὼς
371 1370 400 1423 ὁ
432 1368 593 1423 Δαυῗδ
639 1369 744 1442 πρὸ
772 1364 871 1440 τῆς
914 1371 1209 1442 παρουσίας
1237 1370 1335 1441 τῆς
1362 1370 1497 1442 πρὸς
1527 1370 1618 1424 τὸν

1716 1181 1923 1237 melech
1954 1196 2082 1237 vero
2112 1179 2371 1236 sacerdos
2391 1176 2484 1233 Dei
2519 1176 2687 1233 fuisse
2714 1181 3045 1231 memoratur
3075 1190 3090 1227 :
3119 1186 3279 1243 quem

1715 1274 1847 1329 item
1881 1272 2050 1333 David
2081 1272 2315 1336 adiisse,
2352 1280 2642 1340 antequam
2670 1268 2785 1341 regi
2827 1265 3052 1322 Auchus
3102 1280 3186 1320 se"
3211 1264 3286 1318 si-

1716 1456 1887 1512 Daeid
1920 1457 1974 1511 in
2007 1454 2217 1510 Nobam
2252 1455 2320 1509 ad
2345 1433 2676 1509 Acltimelech
2714 1452 3040 1508 sacerdotem
3061 1491 3075 1513 ,
3109 1460 3158 1504 et
3194 1433 3287 1503 ob?

1715 1372 1919 1429 steret,
1972 1372 2302 1432 enarratur;
2355 1364 2431 1418 ait
2458 1363 2659 1434 quippe
2691 1361 3017 1432 Scriptura:
3052 1357 3120 1412 Et
3148 1359 3286 1412 venit
3324 1414 3332 1429 ,
3393 1362 3397 1367 ‘

81 1460 287 1529 Ἀγχοῦς
322 1462 633 1532 ἱστορεῖται·
670 1461 815 1531 λέγει
843 1461 949 1534 γὰρ
978 1465 1010 1535 ἡ
1045 1464 1083 1515 Γ
1088 1466 1230 1535 ραιρή
1255 1480 1267 1494 ⁸
1302 1462 1411 1518 Καὶ
1452 1463 1619 1533 ἔρχε-

72 1565 150 1604 rat
180 1555 210 1604 ό
236 1552 416 1613 savio
445 1555 531 1619 εὶς
552 1553 709 1607 Νοϐὰ
736 1555 885 1622 πρὸς
942 1555 1251 1626 Ἀχιμέλεχ
1281 1555 1388 1609 τὸν
1440 1553 1616 1625 ἱερέα,

72 1641 155 1693 καὶ
181 1641 397 1711 ἐξέστη
452 1644 759 1714 Ἀχιμέλεχ
786 1644 860 1715 τῇ
884 1646 1215 1713 ἀπαντήσει
1254 1646 1457 1702 αὐτοῦ’
1520 1646 1644 1701 καὶ·

71 1736 219 1788 εἶπεν
245 1735 424 1799 αὐτῷ·
452 1737 510 1789 Τί
536 1737 624 1790 ὅτι
655 1738 736 1792 σὺ
761 1739 950 1808 μόνος
970 1740 1065 1793 καὶ
1095 1739 1290 1806 οὐδεὶς
1309 1740 1458 1810 μετὰ
1480 1740 1619 1804 σοῦ;

73 1829 164 1881 Kal
212 1824 341 1882 εἶπε
362 1830 543 1884 Δαυῒδ
576 1830 655 1897 τῷ
690 1833 846 1901 ἱερεῖ·
920 1833 984 1887 '0
1018 1834 1317 1901 ,ϐασιλεὺς
1348 1835 1622 1890 ἐντέταλ-

1719 1550 1917 1618 stupuit
1964 1546 2290 1603 Acltimelech
2335 1545 2399 1600 de
2451 1561 2673 1599 occursu
2716 1545 2828 1613 ejus
2856 1560 2874 1608 ,'
2910 1542 2981 1599 et'
3005 1543 3141 1596 dixit
3176 1530 3237 1596 ei
3266 1558 3284 1595 :

1720 1630 1900 1714 Quare
1927 1652 1982 1698 tu
2009 1644 2152 1699 solus
2181 1652 2231 1698 et
2258 1642 2438 1697 nullus
2465 1652 2539 1696 est
2571 1650 2736 1694 tecum
2763 1643 2789 1697 7
2817 1640 2884 1694 Et
2913 1642 2988 1693 ait
3014 1640 3184 1694 David
3212 1620 3282 1692 ad

1721 1739 2045 1794 sacerdotem
2071 1753 2089 1790 :
2123 1734 2233 1789 Rea:
2270 1734 2514 1805 pracepit
2540 1732 2678 1799 mihi
2715 1747 3006 1787 sermonem
3046 1729 3196 1783 hodie
3233 1737 3282 1782 et

1720 1833 1861 1888 dixit
1886 1829 2060 1887 mihi?
2093 1829 2263 1907 Nemo
2291 1829 2426 1883 sciat
2453 1834 2563 1882 rem
2588 1834 2799 1896 propter
2823 1842 2979 1897 quam
3005 1840 3096 1895 ego
3130 1827 3282 1878 mitto

72 1920 156 1973 ra!
175 1937 269 1989 μοι
290 1921 459 1989 ῥῆμα
480 1921 744 1993 σήμερον
761 1925 859 1979 καὶ
885 1921 1015 1980 εἷπέ
1036 1943 1155 1996 μοι·
1174 1926 1397 1996 Μηδεὶς
1422 1925 1620 1997 γνώτω

1723 1939 1801 1994 te,
1828 1937 1877 1983 et
1900 1926 1963 1982 de
1989 1943 2093 1998 qua
2120 1924 2340 1996 priet-cpi
2384 1921 2477 1977 tibi
2500 1937 2518 1987 ;
2546 1929 2596 1975 et
2622 1920 2797 1989 pueris
2827 1920 3137 1988 testiﬁcatus
3166 1932 3282 1969 smn

72 2014 131 2065 τὸ
156 2010 311 2082 ῥῆμα
348 2012 481 2083 περὶ
528 2011 601 2071 οὗ
658 2014 773 2087 ἐγὼ
827 2017 1185 2073 ἀποστέλλω
1209 2035 1301 2085 σε,
1338 2020 1432 2074 καὶ
1466 2020 1619 2090 ὑπὲρ

52 2101 135 2162 ὀὗ
164 2106 512 2178 ὲντέταλμαί
569 2124 688 2174 σοι,
750 2110 1003 2177 καὶτοῖς
1060 2111 1388 2181 παιδαρίοις
1425 2112 1621 2184 διαμε-

70 2201 420 2271 μαρτύρημαι
471 2203 543 2258 ἐν
587 2203 667 2270 τῷ
696 2205 856 2272 τόπῳ
886 2205 967 2272 τῷ
1023 2206 1324 2279 λεγομένῳ
1353 2207 1498 2262 Θεοῦ
1528 2208 1623 2261 πί-

74 2310 207 2361 στις.
230 2297 339 2349 Καὶ
366 2296 486 2351 νῦν
510 2297 567 2352 ει
587 2300 746 2363 εἰσιν
766 2298 886 2353 ὑπὸ
942 2299 1057 2369 τὴν
1107 2298 1275 2369 χεῖρά
1298 2316 1412 2355 σου
1438 2298 1619 2369 ἄρτοι,

75 2385 165 2453 δὸς
188 2388 270 2454 εὶς
291 2388 495 2459 χεᾷδὰς
520 2408 641 2460 μου
682 2391 749 2446 τὸ
790 2391 1053 2461 εὑρεθέν.
1094 2394 1203 2448 Kal
1242 2394 1534 2464 ἀπεκρίθη
1590 2396 1625 2449 ό

76 2477 248 2545 ἱερεὺς
268 2479 349 2546 τῷ
388 2481 589 2550 Δαυῒδ,
617 2482 716 2537 καὶ
748 2478 938 2537 εἶπεν
973 2486 1094 2539 Οὐκ
1123 2486 1283 2539 εἰσὶν
1307 2486 1473 2554 ἄρτοι
1513 2484 1623 2550 ,ϐέ-

77 2570 226 2635 ϐηλοι
245 2572 359 2625 ὑπὸ
391 2572 507 2642 τὴν
529 2573 698 2643 χεῖρά
714 2593 857 2645 μου,
889 2574 979 2630 ὅτι
1009 2577 1145 2631 ἀλλ’
1181 2577 1220 2647 ἢ
1263 2578 1429 2647 ἄρτοι
1470 2578 1625 2648 ἅγιοι

76 2663 235 2715 εἰσιν·
273 2666 325 2717 εἰ
367 2667 794 2737 πεφυλαγμένα
851 2668 925 2723 τὰ
973 2668 1265 2739 παιδάριὰ
1294 2670 1464 2724 ἐστιν
1504 2670 1623 2726 ἀπὸ

76 2754 357 2823 γυναικὸς,
398 2757 509 2819 καὶ,
561 2755 797 2829 φάγετε.
832 2760 942 2815 Kal
995 2761 1293 2831 ἀπεκρίθη.
1308 2761 1488 2817 Δαυῒδ
1544 2762 1625 2829 τῷ

77 2846 217 2915 ἱερεῖ,
240 2846 334 2901 καὶ
353 2844 521 2903 εἶπεν
540 2848 717 2916 αὐτῷ’
748 2851 900 2906 Ἀλλ’
922 2853 1037 2907 ἀπὸ
1054 2853 1335 2924 γυναικὸς
1357 2855 1624 2927 ἀπεσκή-

52 2934 59 2945 ’
72 2942 206 3006 μεθιι
227 2938 396 3015 ἐχθὲς
421 2940 517 2994 καὶ
544 2941 750 3011 τρίτην
775 2941 1019 3012 ἡμέραν·
1046 2945 1115 2998 ὲν
1160 2943 1239 3011 τῷ
1265 2944 1528 3011 ἐξελθεῖν
1549 2964 1626 3017 με

65 3035 152 3098 -εὶς
170 3032 306 3086 ὁδὸν
322 3032 530 3104 γέγονε
560 3033 631 3088 τὰ
657 3033 933 3104 παιδάρια
960 3036 1311 3108 ἠγνισμένα·
1348 3039 1445 3093 καὶ
1474 3040 1624 3109 αὕτη

78 3127 110 3194 ἡ
137 3124 265 3192 ὁδὸς
287 3123 571 3194 βέϐηλος·
607 3126 759 3181 διότι
788 3126 1056 3197 σήμερον
1076 3114 1503 3199 ἁγιασθήσεται
1531 3129 1629 3184 διὰ

79 3214 140 3267 τὰ
157 3219 338 3286 σκεύη
382 3226 539 3288 μου.’
572 3220 681 3274 Καὶ
749 3218 969 3273 ἔδωκεν
1017 3217 1177 3286 αὑτῷ
1232 3218 1545 3290 Ἀχιμέλεχ
1595 3222 1628 3274 ό

1719 2023 1774 2077 in
1808 2020 1921 2076 loco
1951 2019 2041 2091 qui
2068 2018 2286 2083 dicitur,
2320 2016 2417 2070 Dei
2449 2012 2602 2085 ﬁdes.
2629 2011 2933 2097 Nuucergo
2968 2011 3013 2065 si
3045 2010 3151 2064 sint
3187 2008 3281 2062 sub

1716 2131 1879 2169 manu
1915 2123 2006 2167 tua
2034 2127 2192 2181 panes
2218 2151 2231 2172 ,
2262 2108 2331 2162 da
2362 2110 2418 2162 in
2451 2122 2638 2161 manus
2672 2122 2815 2161 meas
2850 2103 2986 2175 quod
3022 2116 3280 2173 repertum

1719 2208 1902 2273 fuerit.
1942 2205 2011 2260 Et
2044 2201 2356 2279 respondens
2388 2199 2635 2256 sacerdos
2666 2198 2859 2253 Davidi
2889 2198 2963 2251 ait
2999 2196 3079 2250 illi
3108 2212 3124 2251 :
3160 2192 3283 2247 Non

1722 2306 1843 2352 sunt
1880 2313 2040 2367 panes
2082 2296 2222 2350 laici
2246 2293 2340 2348 sub
2380 2307 2539 2346 manu
2579 2307 2725 2365 mea,
2766 2289 2856 2345 sed
2891 2297 3093 2344 tantum
3126 2303 3283 2356 pones

1721 2387 1927 2458 sancti,
1968 2390 2017 2445 si
2053 2390 2420 2443 abstinuerunt
2464 2385 2614 2455 pueri
2662 2400 2698 2438 a
2738 2382 3082 2447 mulieribus,
3114 2396 3285 2434 come-

1715 2481 1849 2537 dite.
1879 2480 1943 2535 Et
1972 2481 2238 2549 respondit
2268 2478 2437 2534 David
2461 2478 2756 2542 sacerdoti,
2784 2485 2833 2531 et
2857 2476 2991 2530 dixit
3020 2475 3104 2528 ei:
3137 2472 3287 2527 Certe

1722 2591 1756 2628 a
1786 2572 2089 2627 mulieribus
2124 2572 2479 2625 continuimus
2512 2587 2606 2627 nos
2642 2568 2705 2623 ab
2738 2569 2849 2623 lteri
2880 2577 2928 2622 et
2958 2565 3151 2620 nudius
3185 2574 3290 2618 ter-

1723 2666 1858 2729 tius,
1882 2663 2090 2734 quando
2116 2662 2310 2733 egressi
2335 2677 2517 2715 sumus
2545 2662 2599 2713 in
2625 2662 2762 2714 riam
2786 2703 2800 2723 ,
2828 2670 2876 2715 et
2905 2661 3115 2733 fuerunt
3139 2657 3289 2727 pueri

1723 2756 2041 2825 sanctiﬁcati
2065 2770 2082 2809 :
2111 2771 2268 2825 porro
2298 2754 2381 2808 ria
2407 2753 2519 2808 hare
2547 2752 2749 2821 polluta
2780 2760 2857 2806 est
2883 2768 2900 2813 ;
2928 2750 3018 2805 sed
3048 2752 3162 2821 ipsa
3191 2752 3285 2803 Iro-

1716 2848 1807 2902 .die
1820 2845 2233 2916 sanctiﬁcabitur
2244 2854 2452 2917 propter
2477 2861 2603 2898 vasa
2629 2859 2763 2927 mea.
2792 2841 2855 2896 Et
2884 2842 3026 2896 dedit
3053 2842 3099 2896 ei
3128 2841 3288 2894 Aelii-

1724 2940 1919 2996 melech
1948 2939 2189 2996 sacerdos
2216 2957 2373 3011 panes
2398 2938 2769 3008 propositionis
2791 2978 2805 3001 ,
2832 2952 2989 3008 neque
3009 2936 3143 2990 enim
3175 2942 3290 2988 crat

1725 3035 1799 3090 ibi
1826 3038 2011 3107 panis,
2044 3036 2147 3090 nisi
2179 3043 2383 3088 tantum
2412 3048 2573 3103 panes
2604 3031 2757 3101 faciei
2776 3071 2790 3097 ,
2821 3030 2911 3101 qui
2948 3028 3139 3084 sublati
3176 3029 3296 3099 {ur-

1728 3136 1849 3193 rant
1875 3143 1907 3179 a
1937 3125 2073 3194 [acie
2096 3125 2344 3189 Domini,
2370 3132 2427 3177 ut
2455 3130 2733 3192 poneretur
2754 3121 2906 3191 panis
2935 3119 3161 3180 calidus,
3190 3129 3292 3186 qua

1728 3220 1812 3275 die
1825 3222 2041 3290 «recepit
2072 3236 2158 3274 eos
2190 3221 2233 3272 9.

81 3308 249 3375 ἱερεὺς
274 3310 414 3377 τοὺς
459 3310 681 3380 ἄρτους
716 3309 828 3380 τῆς
861 3313 1216 3388 προθέσεως·
1270 3313 1359 3368 ὅτι
1389 3314 1524 3369 ὀὐκ
1565 3308 1643 3384 ἦν
1678 3312 1877 3382 ἄρτος,
1909 3312 2047 3367 ἀλλ’
2070 3312 2108 3381 ἢ
2136 3293 2297 3380 ἄρτοι
2323 3294 2431 3369 τοῦ
2454 3312 2775 3381 προσώπου
2808 3311 2862 3364 οι
2928 3310 3293 3379 ἀφῃρημένοι

81 3404 139 3456 ἐκ
158 3408 467 3474 προσώπου
492 3409 711 3484 Κυρίου
736 3409 845 3464 τοῦ
884 3410 1283 3480 παρατεθῆναι
1315 3412 1495 3482 ἄρτον
1531 3413 1767 3488 θερμὸν,
1792 3407 1831 3485 ᾖ
1873 3412 2063 3484 ἡμέρᾳ
2087 3411 2303 3469 ἔλαϐεν
2320 3412 2560 3476 αὐτούς.
2886 3438 2889 3441 -

141 3496 313 3552 Ταῦτα
353 3501 453 3576 μὲν
498 3496 593 3554 οὖν
631 3501 664 3572 ὴ
704 3501 833 3571 περὶ
876 3501 972 3555 τοῦ
1042 3503 1326 3576 Ἀχιμέλεχ
1374 3505 1625 3578 διήγησις

1797 3506 1923 3562 llaec
1959 3506 2122 3561 habet
2161 3490 2404 3585 narratio
2440 3503 2533 3556 illa
2570 3499 2637 3556 de
2674 3498 3043 3569 Achimelcch.
3080 3494 3292 3557 Deinde

84 3590 319 3665 περιέχει·
372 3590 500 3661 ἑξῆς
549 3591 607 3646 δὲ
655 3593 922 3664 συνῆπται
968 3593 1044 3659 ὡς
1074 3596 1273 3667 ἀνέστη
1324 3598 1487 3651 Δαυῖδ
1532 3602 1626 3653 καὶ

85 3686 259 3754 ἔρυγεν
280 3688 334 3739 ὲν
361 3689 428 3758 τῇ
460 3685 644 3759 ἡμέρᾳ
677 3687 878 3759 ἐκείνῃ⁸
939 3687 1034 3742 τοῦ
1061 3706 1119 3742 τε
1162 3690 1446 3761 Ἀχιμέλεχ
1499 3692 1628 3745 ἀνα-

85 3780 326 3853 χωρήσας,
351 3775 483 3852 ἦλθε
529 3779 665 3853 πρὸς
701 3778 927 3853 Ἀγχοῦς
972 3780 1194 3852 βασιλέα
1256 3782 1376 3836 Γέθ.
1437 3783 1493 3837 Ὀ
1529 3784 1627 3855 μὲν

86 3868 165 3925 οὖν
189 3890 262 3939 τις
290 3875 422 3947 ἐρεῖ,
453 3873 575 3927 ἐπεὶ
636 3873 711 3946 μὴ
779 3874 1071 3951 ἐμφέρεται
1106 3877 1165 3929 ὲν
1192 3877 1258 3947 τῇ
1321 3875 1529 3949 ἱστορίᾳ
1558 3877 1624 3948 τῇ

86 3964 308 4019 κατάτὺν
362 3965 651 4036 Ἀχιμέλεχ
693 3982 710 4016 ι
743 3963 1041 4031 ἀλλοιώσας
1082 3966 1144 4021 τδ
1192 3965 1480 4039 πρόσωπον
1534 3968 1629 4021 αὐ-

85 4056 167 4110 τοῦ
187 4060 220 4131 ,ὁ
245 4050 420 4125 Aeolii,
459 4080 477 4113 ι
517 4061 657 4114 κατά
691 4058 911 4130 σφάλμα
957 4060 1167 4116 κεῖσθαι
1212 4061 1273 4116 τὸ
1305 4062 1474 4132 ὄνομα
1532 4061 1627 4116 τοῦ

97 4148 353 4224 ’Δειμέλεχ
378 4153 510 4207 ,ἀντὶ
556 4151 648 4206 τοῦ
698 4152 959 4223 ὀνόματος
1005 4152 1250 4225 Ἀγχούςο
1307 4153 1491 4223 σαφῶς
1521 4153 1648 4226 γὰρ,

87 4241 166 4296 ἐπὶ
188 4245 268 4299 τοῦ
291 4245 515 4318 ’Δγχοῦς
545 4244 775 4319 εἷρηταν
795 4259 817 4294 ι
832 4244 1125 4312 ἀλλοιώσας
1144 4248 1205 4301 τὸ
1228 4244 1527 4320 πρόσωπον
1543 4248 1628 4302 αὺ-

87 4338 229 4403 aci,»
250 4340 333 4393 ἒτε
361 4338 453 4392 καὶ
484 4337 554 4392 τὰ
586 4337 737 4391 σίελα
755 4337 918 4392 αὑτοῦ
944 4341 1198 4413 κατέρρει
1220 4341 1313 4397 καὶ
1339 4341 1632 4414 ἐτυμπάνι-

91 4428 187 4493 ζΞν.
219 4434 409 4505 Ἔργον
428 4431 487 4484 δὲ
520 4430 746 4508 θρασὺν,
774 4430 869 4485 καὶ
908 4434 1176 4503 προπετὲς
1207 4430 1345 4489 εἶναι
1395 4436 1631 4509 ἡγοῦμαι

93 4518 144 4571 τιι
164 4519 523 4592 ἀποφήνασθαι
578 4516 780 4588 τολμᾷν
811 4517 912 4589 τὴν
945 4516 1093 4572 θείαν
1136 4521 1356 4594 Γραφὴν
1385 4524 1633 4596 ἡμαρτῆ-

94 4615 215 4681 seat,
239 4615 328 4669 καὶ
350 4610 603 4667 τοσοῦτον
631 4609 903 4683 περιέχειν
932 4610 1178 4683 σφάλμα,
1222 4612 1297 4679 ὡς
1324 4615 1445 4669 ἀντὶ
1479 4617 1635 4671 ἀλλο-

95 4704 232 4771 φύλου
259 4705 447 4779 ἀνδρὸς
477 4702 625 4777 ἱερέα
690 4702 825 4758 Θεοῦ
857 4699 1222 4776 παρενΘεῐναι·
1284 4706 1518 4777 μάλιστα
1544 4709 1635 4762 ὅτε

1727 3600 1987 3669 adjicitur
2038 3612 2148 3666 quo
2189 3604 2351 3675 pacto
2388 3594 2560 3650 David
2611 3593 2913 3649 surrexerit
2961 3599 3017 3646 et
3045 3591 3293 3663 effugerit

1687 3734 1692 3738 .
1726 3693 1821 3748 illa
1852 3691 1975 3756 die,
2022 3704 2258 3760 cumque
2301 3689 2384 3759 ab
2424 3686 2772 3743 Achimelech
2826 3684 3193 3751 discessisset,
3224 3687 3292 3743 ad

1726 3784 1948 3839 Auchus
1960 3798 2141 3854 regem
2163 3781 2300 3838 Geth
2324 3781 2639 3838 accesserit.
2661 3779 2810 3837 Dicet
2828 3779 2964 3836 forte
2981 3782 3251 3851 quispiam
3274 3796 3291 3835 :

1729 3880 1863 3935 Cum
1894 3879 1949 3934 in
1977 3876 2205 3943 historia
2233 3877 2300 3932 de
2331 3875 2679 3932 Achimelech
2706 3890 2814 3930 non
2841 3873 3049 3930 feratur
3079 3894 3096 3926 ι
3127 3874 3288 3928 Dari-

1726 3973 1850 4030 dem
1875 3972 2195 4028 immutasse"
2224 3970 2431 4025 vultum
2459 3964 2641 4034 suum,
2669 3989 2688 4022 ι
2710 3969 2867 4039 l'ap'su
2905 3968 3164 4040 graphice
3182 3984 3299 4033 ,ηο-

1728 4083 1852 4122 men
1882 4064 2233 4121 Acbimelech
2262 4078 2364 4135 pro
2392 4064 2612 4119 nomine
2652 4061 2876 4119 Anchus
2904 4062 3140 4139 positum
3163 4070 3247 4118 est
3273 4080 3288 4117 :

1729 4160 1875 4216 clare
1904 4160 2051 4216 enim
2100 4158 2157 4213 in
2201 4157 2433 4217 historia
2469 4157 2692 4213 Auchus
2739 4157 2942 4212 dicitur
2979 4157 3296 4211 immutasse

1715 4254 1940 4310 s-vultum
1987 4268 2170 4321 suum,
2219 4251 2438 4323 quando
2479 4251 2662 4307 saliva:
2709 4250 2829 4321 ejus
2878 4249 3209 4335 difﬂuebant,
3243 4258 3297 4304 et

1712 4346 1887 4419 quasi
1914 4353 2175 4417 tympano
2202 4344 2472 4416 pulsabat.
2505 4344 2575 4396 At
2597 4357 2697 4412 ego
2717 4341 2894 4395 audax
2920 4341 3293 4421 temerarium-

1730 4457 1838 4511 que
1869 4440 2079 4496 facinus
2108 4425 2346 4493 arbitror
2378 4452 2519 4501 esse,
2550 4436 2911 4506 pronuntiare
2958 4434 3300 4490 confidenter

1730 4533 1969 4590 divinam
1996 4532 2332 4602 Scripturam
2355 4526 2562 4598 lapsam
2582 4522 2723 4592 esse,
2744 4535 2797 4583 et
2819 4528 2924 4584 tale
2944 4528 3133 4583 vitium
3159 4544 3295 4601 pra:-

1734 4626 1894 4690 ferre,
1928 4632 1986 4679 ut
2023 4639 2121 4694 pro
2150 4624 2269 4677 viro
2313 4620 2616 4690 alienigena
2658 4622 2916 4683 sacerdos
2950 4621 3164 4678 Domini
3198 4640 3299 4695 po-

1732 4728 1933 4783 natur;
1970 4730 2094 4770 cum
2140 4713 2376 4769 maxime
2406 4711 2672 4784 lichraica
2707 4713 2948 4771 lectio.ct
2972 4706 3168 4786 reliqui
3215 4716 3301 4770 in-

94 4798 220 4871 nati;
257 4799 516 4873 Ἐϐραῖκὴ
546 4798 848 4868 ἀνάγνωσις
882 4798 977 4850 καὶ
1007 4798 1054 4849 οἱ
1096 4797 1272 4883 λοιποὶ
1298 4800 1628 4871 έρμηνευταὶ

1734 4817 2001 4883 terpretes
2047 4823 2235 4883 omnes
2275 4807 2603 4862 Achimelech
2662 4808 3070 4865 circumferant.
3112 4808 3300 4864 Restat

97 4889 266 4958 πάντες
284 4895 373 4948 τὸν
410 4891 697 4965 Ἀχιμέλεχ
714 4890 1071 4963 περιέχουσιν.
1106 4875 1315 4944 Οὐκοῦν
1341 4892 1628 4950 ἀκόλουθον

1734 4904 1922 4976 igitur,
1947 4874 2169 4973 quando
2221 4901 2509 4973 inscriptio
2534 4917 2662 4958 vera
2694 4901 2918 4980 profert,
2953 4911 3011 4957 ut
3043 4885 3299 4973 exquira-

100 4980 155 5034 ἂν
175 4986 263 5057 εἴη,
286 4984 651 5065 ἀληθεοούσης
683 4984 783 5057 τῆς
814 4984 1154 5056 προγραφῆς,
1186 4982 1465 5053 ἐπιζητεῖν
1514 4985 1633 5053 πῶς

100 5075 180 5127 καὶ
201 5078 315 5132 ποτε
355 5061 657 5145 ήλλοίωσε
720 5078 783 5133 τὸ
824 5075 1161 5147 ’πρόσωπον
1207 5078 1391 5132 αὑτοῦ
1454 5061 1642 5136 Δαυῒδ

101 5164 339 5225 ἐναντίον
400 5174 728 5244 Ἀϐιμέλεχ,
775 5171 1243 5229 καὶ*“ἀπέλυσεν
1286 5174 1493 5240 αὐτὸν,
1536 5179 1634 5231 καὶ

104 5260 318 5330 ἀπῆλθε.
345 5266 501 5320 Δοκεῖ
525 5266 588 5335 δή
611 5284 700 5338 μοι
729 5269 792 5321 ὲκ
815 5268 914 5340 τῆς
943 5267 1293 5341 παραθέσεως
1310 5268 1414 5323 τῶν
1436 5268 1636 5325 λοιπῶν

108 5354 413 5426 ἑρμηνευτῶν
437 5355 622 5422 λύσεις
666 5358 1014 5430 εὑρίσκεσθαι
1040 5360 1133 5414 τοῦ
1177 5358 1530 5433 ζητουμένου.
1576 5363 1633 5416 ’0

32 5526 35 5527 ,
112 5446 191 5515 μὲν
214 5447 309 5521 γὰρ
347 5448 579 5514 Ἀκύλας
613 5449 707 5503 καὶ
736 5451 770 5523 ἠ
802 5452 1022 5525 πέμπτη
1054 5453 1261 5518 ἔκδοσις
1304 5444 1491 5523 τοῦτον
1528 5459 1631 5528 ήρ..

114 5519 344 5609 μήνευσαν
365 5544 453 5598 τὸν
480 5543 699 5615 τρόπον·
737 5519 847 5597 Τοῦ
877 5519 1066 5600 ⁷Δαυῗδ
1097 5546 1195 5601 ὅτε
1243 5519 1650 5616 inclamare-toi

112 5633 271 5704 γεῦμα
298 5634 475 5693 αὐτοῦ
518 5640 606 5703 εἰς
653 5637 975 5705 πρόσωπον
1013 5639 1338 5711 Ἀϐιμέλεχ.
1362 5640 1472 5694 καὶ
1502 5641 1633 5705 ἐξέ-

115 5726 473 5797 ϐαιεναὺτὸν,
538 5730 634 5785 καὶ
679 5728 932 5800 ἀπῆλθε.
982 5725 1208 5808 Μήποτε
1234 5734 1341 5806 γὰρ
1386 5733 1474 5789 διὰ
1507 5736 1631 5799 τοὺς

177 5909 197 5937 ⁹
228 5905 244 5959 l
274 5908 391 5984 Reg.
426 5913 677 5981 ςςιειοῦ.

1731 5012 1859 5052 mus
1879 4992 2150 5067 quomodo
2177 5002 2231 5049 et
2260 4994 2480 5066 quando
2501 4994 2671 5052 David
2701 4994 2901 5051 vultum
2922 5010 3075 5050 suum
3102 4995 3299 5048 immn-

1735 5092 1863 5144 tavit
1891 5105 2069 5142 coram
2116 5086 2437 5156 Abimelech,
2472 5100 2521 5143 et
2558 5089 2758 5144 dimisit
2786 5107 2922 5151 eum,
2948 5099 2997 5143 et
3022 5090 3170 5145 abiit.
3204 5089 3301 5145 νίς-

1738 5183 1895 5238 detur
1916 5196 2049 5237 sane
2081 5181 2214 5237 mihi
2252 5200 2320 5238 ex
2345 5190 2663 5240 cancrorum
2695 5172 3042 5252 interpretum
3077 5198 3300 5253 compa-

1737 5274 1945 5329 ratione
2000 5274 2215 5345 (ιιιωεὶιί
2246 5276 2546 5331 solutiones
2572 5272 3073 5347 suppeditari.Nam
3103 5274 3297 5347 Aquila

1736 5376 1787 5422 et
1818 5352 2005 5438 quinta
2034 5368 2203 5425 editio
2229 5368 2333 5425 hoc
2359 5379 2517 5439 pacto
2551 5365 2886 5441 interpretati
2929 5375 3056 5424 sunt
3084 5385 3099 5420 :
3138 5369 3299 5424 Dari-

1733 5458 1816 5512 dis
1844 5459 2052 5529 quando
2103 5460 2401 5515 immutavit
2427 5471 2636 5533 gustum
2677 5478 2827 5515 suum
2861 5461 2929 5514 ad
2944 5460 3297 5531 faciemAbi-

1733 5549 1949 5613 meleclt,
2010 5550 2059 5603 et
2121 5551 2271 5621 ejecit
2314 5569 2455 5617 eum,
2515 5560 2589 5620 et]
2637 5552 2787 5607 abiit.
2864 5551 3027 5608 Forte
3074 5568 3306 5625 propter.
3399 5588 3409 5595 -

1733 5658 1902 5715 panes
1934 5644 2348 5714 propositionis,
2376 5662 2515 5718 quos
2566 5662 2689 5700 cum
2732 5647 3030 5720 accepisset
3063 5647 3132 5704 ab
3169 5650 3300 5705 Abi-

1733 5735 1963 5799 mclech,
1996 5735 2232 5791 comedit
2268 5736 2384 5808 ipse
2437 5745 2491 5793 et
2533 5736 2682 5808 pueri
2718 5738 2808 5808 qui
2853 5750 2979 5793 runt
3013 5754 3078 5796 eo
3120 5748 3296 5807 erant,
