3966 6344
709 395 825 471 29!.

1392 405 1659 464 EL‘SEBII
1692 395 2352 462 CIESARlENSIS'OPP.
2394 399 2572 458 PARS
2632 399 2804 457 lll.--
2839 395 3239 456 EXEGETICA.
3823 403 3894 457 2θῖ

711 526 1031 580 immutasse
1079 523 1279 579 dicitur
1315 533 1532 594 gustum
1559 541 1719 580 suum
1756 526 1822 592 ad
1848 524 2041 581 faciem
2063 525 2254 580 Abime

2353 578 2355 584 ,
2382 523 2577 594 ἄρτους
2594 521 2694 591 τῆς
2728 519 3054 590 προθέσεως,
3077 519 3171 584 οὒς
3199 517 3375 571 λαῦὼν
3403 518 3558 591 παρὰ
3585 518 3678 572 τοῦ
3726 520 3893 591 Ἀειμὲο

712 617 858 672 lech.
890 617 1026 671 Cum
1052 618 1196 671 enim
1238 618 1631 672 sanctificatum
1664 618 1845 672 cibum
1873 617 2187 680 comederit,
2214 631 2277 672 ac

713 709 1082 765 sacerdotales
1113 725 1303 780 panes,
1331 711 1528 779 quibus
1552 711 1772 773 nonnisi
1818 710 1948 767 solis
1977 709 2274 764 sacerdoti-

711 801 814 856 bus
844 802 917 854 uti
960 802 1176 866 licebat,
1217 802 1520 857 immutavit
1559 788 1775 873 g'ustum
1821 817 2003 858 suum.
2033 799 2276 872 Syma-

712 892 848 947 chus
876 897 1004 946 vero
1039 907 1161 946 cum
1186 893 1337 956 dicit,
1377 894 1590 948 Davidis
1632 893 1840 965 quando
1875 895 2276 963 transformavit

714 998 911 1041 morem
939 1001 1092 1038 suum
1126 1001 1301 1038 coram
1333 986 1647 1053 Abimeiech,
1684 988 1847 1041 alium
1880 999 2101 1043 sensum
2145 989 2276 1043 sub-

708 1078 852 1148 jicit,‘
879 1079 1006 1133 dum
1049 1080 1122 1133 ait
1148 1096 1352 1135 morem
1398 1080 1618 1136 Davidis
1664 1081 2008 1136 immutatum
2043 1081 2097 1136 in
2138 1097 2271 1137 con-

717 1179 902 1242 spectu
932 1171 1271 1227 Abimeleoh:
1318 1173 1444 1241 quia
1489 1172 1700 1227 scilicet
1739 1172 2105 1243 interrogatus
2153 1189 2272 1242 quae

716 1279 878 1320 causa
910 1270 1170 1334 suscepta:
1198 1264 1294 1318 vim
1336 1264 1437 1318 sibi
1467 1273 1633 1327 esset,
1674 1265 1934 1319 mentitus
1962 1273 2066 1327 est,
2094 1280 2156 1318 ac
2184 1281 2271 1319 sa-

713 1358 982 1412 cerdotem
1021 1344 1241 1411 fefellit:
1278 1359 1513 1412 alienum
1543 1356 1743 1427 quippe
1776 1357 1992 1413 Davidis
2030 1358 2270 1413 moribus

709 1455 824 1504 erat
858 1447 1072 1504 fallacia
1102 1449 1203 1513 uti,
1259 1465 1366 1518 qua
1413 1456 1594 1502 tamen
1629 1465 1760 1504 usus
1795 1465 1860 1504 eo
1897 1439 2140 1519 tempore
2168 1450 2270 1502 im-

705 1539 933 1592 mutatit
960 1555 1160 1595 morem
1194 1554 1376 1605 suum,
1418 1541 1714 1595 secundum
1750 1541 2151 1612 Symmachum;
2190 1541 2269 1596 Ex

703 1629 862 1684 dictis
905 1635 1067 1699 porro
1104 1633 1275 1700 ipsam
1333 1647 1551 1702 quoque
1603 1632 1958 1702 Septuaginta
2010 1631 2268 1688 Virorum

701 1721 1200 1792 interpretationem
1233 1725 1476 1779 historiae
1498 1713 1832 1780 Abimelecbi
1856 1725 2112 1794 adaptare
2139 1727 2268 1782 lice-

701 1811 800 1877 bit,
829 1828 948 1883 quae
977 1822 1166 1866 narrat
1211 1813 1466 1868 Davidem
1508 1814 1828 1869 immutasse
1855 1816 2063 1869 vultum
2108 1831 2265 1871 suum

2375 615 2489 685 λεχ,
2519 613 2720 682 ἔφαγεν
2764 611 2922 676 αὐτὸς
2951 612 3046 687 καὶ
3083 612 3149 664 τὰ
3206 610 3466 682 παιδάρια
3510 611 3581 663 τὰ
3616 612 3731 682 μετ’
3755 615 3892 672 αὑτοῦ.

2374 702 2726 778 ἠλλοιωκέναι
2753 705 2968 773 λέγεται
3023 705 3084 757 τὸ
3110 703 3289 774 γεῦμα
3332 702 3496 757 αὑτοῦ
3544 689 3896 776 εἱςπρόσωπον

2387 799 2691 870 Ἀϐιμέλεχ.
2721 798 3085 870 Ἡγιασμένης
3111 797 3218 868 γὰρ
3239 797 3443 868 τροφῆς
3459 797 3803 867 γευσάμενος,
3827 801 3896 850 καὶ

2371 891 2479 960 τῶν
2507 876 2686 963 ἄρτων
2707 891 2812 944 τῶν
2871 889 3175 958 ἱερατικῶν,
3208 883 3291 962 οἷς
3320 889 3419 942 οὐκ
3462 889 3592 960 ἐξῆν
3636 888 3896 959 χρήσασθαι

2371 985 2419 1036 εἰ
2451 983 2525 1056 μὴ
2554 984 2730 1053 μόνοις
2763 986 2873 1047 τοῖς
2905 981 3428 1053 ἱερεῦσιν,ὴλλοίωσε
3453 982 3514 1035 τὸ
3545 981 3728 1052 γεῦμα
3755 982 3894 1036 αὑτοῦ.

2384 1077 2441 1130 Ὀ
2464 1077 2519 1129 δὲ
2539 1077 2832 1148 Σύμμαχος
2859 1073 3047 1129 εἰπών’
3082 1075 3192 1129 Τοῦ
3224 1073 3403 1128 Δαυῒδ
3440 1075 3622 1128 ὁπότε
3659 1079 3896 1143 μετεμόρ-

2370 1184 2534 1237 φωσε
2564 1168 2670 1222 τὸν
2697 1169 2918 1236 τρόπον
2959 1167 3067 1222 τὸν
3097 1167 3312 1220 ἑαυτοῦ
3352 1167 3702 1236 ἔμπροσθεν
3727 1166 3897 1236 Ἀϐιμέ-

2369 1266 2500 1330 λεχ,
2541 1262 2732 1332 ἑτέραν
2780 1262 3013 1316 διάνοιαν
3057 1258 3415 1328 ὑποϐέϐληκε,
3467 1257 3558 1310 τὸν
3606 1258 3798 1328 τρόπον
3831 1259 3898 1311 τοῦ

2369 1355 2531 1408 Δαυῖδ
2557 1354 2876 1424 ἠλλοιῶσθαι
2931 1355 3103 1425 φήσας
3137 1350 3444 1425 ἔμπροσθεν
3514 1349 3898 1421 Ἀϐιμέλεχ,διὲι

2368 1449 2446 1512 τὸ,
2475 1448 2807 1520 ἐρωτηθέντα
2837 1447 2921 1510 τίς
2947 1445 3032 1516 εἴη
3059 1443 3206 1516 αὐτῷ
3239 1446 3271 1514 ή
3327 1443 3472 1496 αἰτία
3504 1441 3605 1511 τῆς
3631 1441 3774 1500 ὁδοῦ.
3801 1442 3897 1510 ψεύ-

2372 1540 2562 1594 σασθαι
2590 1541 2684 1592 καὶ
2713 1534 3182 1611 παραλογίσασθαι
3208 1534 3297 1589 τὸν
3332 1534 3500 1606 ἱερέα’
3521 1532 3797 1604 ἀλλότριον
3821 1533 3898 1602 γὰρ

2366 1627 2434 1702 ἦν
2463 1630 2555 1684 τοῦ
2597 1629 2798 1701 τρόπου
2845 1627 2939 1681 τοῦ
2981 1624 3143 1680 Δαυῒδ
3198 1625 3258 1678 τὸ
3301 1624 3486 1698 ἀπάτῃ
3543 1617 3898 1696 κεχρῆσθαι,ᾗ

2366 1727 2487 1779 κατ’
2509 1726 2710 1777 ἐκεῖνον
2755 1722 2847 1775 τὸν
2905 1722 3095 1792 καιρὸν
3142 1720 3504 1792 χρησάμενος,
3556 1716 3808 1786 ὴλλοὶωσε
3831 1717 3898 1770 τὸν

2366 1819 2561 1890 τρόπον
2593 1815 2775 1880 αὑτοῦ,
2802 1813 2945 1868 κατὰ
2972 1813 3064 1867 τὸν
3094 1813 3406 1884 Σύμμαχον.
3453 1813 3546 1866 Ἐκ
3563 1811 3620 1864 δὲ
3645 1804 3758 1863 τῶν
3786 1813 3899 1880 εἰρη-

698 1917 884 1956 coram
927 1903 1264 1967 Ahimelech,
1299 1904 1428 1974 quia
1470 1919 1578 1957 non
1624 1903 1726 1973 ipsi
1758 1920 1956 1959 veram.
1983 1899 2120 1976 fuga:
2153 1923 2254 1962 sum

2372 1908 2544 1979 μένων
2567 1907 2661 1960 καὶ
2693 1905 2790 1976 τὴν
2812 1904 2920 1957 τῶν
2954 1902 3352 1974 Ἐὃδομὴκοντα
3381 1900 3908 1973 ἑρμηνείΝὲφαρρόι.

699 2009 922 2048 causam
975 1996 1369 2060 declaraverat,
1424 1994 1518 2050 sed
1558 1994 1823 2050 fefellerat
1869 2013 1991 2052 eum
2021 1998 2126 2052 alia
2165 2013 2263 2067 pro

689 2087 824 2142 aliis
858 2091 1107 2155 locutus;
1144 2091 1217 2141 ita
1246 2095 1302 2141 ut
1352 2089 1514 2142 etiam
1555 2089 1791 2144 Goliathi
1818 2090 2073 2146 frameam
2105 2092 2174 2145 ab
2199 2107 2265 2146 eo

701 2177 990 2246 acceperit,
1027 2163 1237 2248 ipsique
1281 2178 1541 2249 perniciei
1567 2194 1734 2235 causa
1782 2181 1964 2237 fuerit.
2011 2182 2124 2237 Sub
2152 2183 2265 2237 haec

701 2269 844 2323 enim
871 2267 998 2322 Saul
1019 2286 1140 2324 cum
1167 2286 1278 2325 rem
1313 2279 1518 2342 gestam
1547 2272 1844 2339 didicisset,
1875 2275 2025 2329 misit
2053 2277 2146 2346 qui
2166 2291 2262 2330 oc-

697 2362 942 2416 ciderent
967 2361 1279 2420 Abimelech
1302 2372 1357 2420 et
1387 2380 1574 2421 omnes
1607 2366 1921 2422 sacerdotes
1951 2366 2184 2433 Domini,
2210 2375 2264 2424 et

695 2451 905 2510 Nobam
944 2456 1218 2511 civitatem
1262 2458 1605 2513 sacerdotum
1655 2462 1946 2528 percussit.
1990 2462 2262 2532 Gestaque

694 2548 811 2603 haec
861 2549 1042 2603 omnia
1092 2559 1239 2614 sunt,
1291 2551 1417 2621 quia
1470 2551 1638 2609 David
1687 2556 1994 2610 immutavit
2039 2557 2261 2612 modum

694 2657 874 2710 suum,
922 2650 1014 2696 aut
1043 2633 1251 2698 vultum
1285 2660 1441 2698 suum
1501 2646 1555 2700 in
1600 2657 1894 2719 conspectu
1924 2649 2256 2704 Abimelech.

691 2727 1001 2803 Regnorum
1057 2733 1335 2806 Scriptura
1373 2736 1701 2792 Achimetech
1736 2739 1932 2807 habet;
1967 2757 2035 2796 ne
2070 2757 2136 2795 ex
2169 2743 2261 2795 lit-

689 2831 820 2879 teras
866 2827 1290 2881 commutatione
1340 2828 1609 2897 quispiam
1657 2839 1986 2885 moveatur:
2037 2844 2161 2885 nam
2192 2849 2258 2888 ex

688 2933 751 2972 ea
774 2933 894 2988 qua:
920 2918 1206 2972 intercedit
1235 2921 1376 2973 inter
1400 2918 1607 2975 litteras
1638 2921 1766 2974 Beth
1798 2929 1850 2976 et
1877 2921 2042 2992 Capit,
2074 2932 2133 2977 ut
2154 2923 2259 2981 He-

691 3010 818 3063 braei
865 3020 1083 3078 vocant.
1127 3009 1500 3075 similitudine,
1550 3011 1763 3065 diverse
1803 2999 2001 3066 nomen
2055 3013 2259 3068 editum

692 3099 794 3153 fuit
825 3117 837 3152 :
869 3098 1135 3168 siquidem
1173 3115 1278 3152 una
1302 3099 1598 3170 eademque
1631 3101 1743 3155 fere
1768 3101 2000 3156 duorum
2025 3103 2260 3158 elemen-

689 3197 869 3252 torum
905 3188 1095 3258 ﬁgura,
1122 3189 1445 3244 brevissimo
1473 3191 1626 3260 apice
1655 3192 1832 3245 solum
1863 3192 2251 3264 distinguente.

2365 2018 2478 2064 σεις
2505 2001 2571 2070 τῇ
2621 1996 2764 2052 κατὰ
2809 1996 2900 2050 τὸν
2943 1994 3227 2066 Ἀὃιμέλεχ
3281 1994 3508 2066 ἱστορίᾳ,
3560 1995 3779 2066 φησάσῃ
3831 1993 3899 2062 ὴλ-

2362 2091 2641 2145 λοιωκέναι
2665 2091 2755 2143 τὸν
2805 2088 2966 2144 Δαυῒδ
3010 2089 3070 2142 τὸ
3126 2088 3414 2160 πρόσωπον
3467 2087 3658 2140 ἑαυτοῦ
3706 2087 3898 2141 ἐνώπιον

2363 2182 2678 2253 Ἃΰιμζέλεχ,
2706 2179 2794 2233 διὰ
2835 2181 2895 2233 τὸ
2930 2180 3003 2251 μὴ
3067 2179 3397 2249 ἀπαγγεῖλαι
3447 2177 3596 2248 αὑτῷ
3633 2178 3728 2230 τὸν
3759 2178 3898 2248 ἀληθῆ

2360 2272 2516 2342 λόγον
2570 2272 2669 2344 τῆς
2721 2271 2912 2326 ἑαυτοῦ
2968 2271 3166 2343 φυγῆς,
3225 2269 3787 2342 παραλογίσασθαιᾶ
3830 2271 3899 2323 καί

2361 2364 2521 2435 ἕτερα
2549 2364 2664 2418 ἀνθ’
2697 2346 2898 2435 ἐτέρων
2933 2364 3126 2416 εἰπεῖν’
3146 2360 3222 2426 ὡς
3249 2363 3340 2414 καὶ
3382 2360 3479 2432 τὴν
3521 2361 3790 2432 ῥομφαίαν
3827 2360 3897 2413 τοῦ

2361 2453 2551 2508 Γολιὰθ
2581 2455 2705 2526 παρ’
2736 2454 2898 2510 αὑτοῦ
2947 2452 3222 2519 δέξασθαι,
3272 2453 3520 2523 γενέσθαι
3577 2470 3640 2507 τε
3670 2453 3813 2524 αὐτῷ
3837 2453 3898 2504 αἱ-

2358 2565 2470 2600 τιον
2494 2549 2786 2612 ἀπωλείας.
2811 2547 3010 2602 Μαθὼν
3042 2548 3150 2620 γὰρ
3179 2547 3316 2620 μετὰ
3339 2547 3508 2602 ταῦτα
3537 2548 3712 2604 Σαοὺλ
3737 2549 3800 2602 τὰ
3827 2566 3900 2600 πε-

2359 2640 2665 2718 πραγμένα,
2697 2639 2917 2710 πέμψας
2952 2641 3157 2693 ἀνεῖλεν
3217 2639 3374 2693 αὐτόν
3414 2656 3473 2693 τε
3518 2638 3611 2694 τὸν
3649 2639 3898 2711 ’Δὸιμέλεχ

2358 2736 2450 2787 καὶ
2489 2735 2695 2796 πάντας
2745 2735 2868 2798 τοὺς
2918 2735 3080 2806 ἱερεῖς
3110 2731 3202 2786 τοῦ
3237 2734 3443 2804 Κυρίου
3493 2734 3594 2787 καὶ⁴
3610 2734 3709 2804 τὴν
3749 2733 3897 2787 Nabim

2356 2828 2456 2898 τὴν
2487 2825 2638 2880 πόλιν
2664 2826 2770 2879 τῶν
2818 2826 3005 2898 ἱερέων
3061 2809 3316 2893 ἐπάταξε.
3372 2825 3484 2881 Καὶ
3523 2825 3699 2882 ταῦτα
3750 2828 3897 2882 πάντα

2359 2903 2688 2991 πέπραδιται,
2719 2920 2850 2973 διότι
2870 2919 3126 2990 ὴλλοὶωσε
3153 2919 3314 2974 Δαυῒδ
3356 2919 3446 2973 τὸν
3472 2920 3674 2992 τρόπον
3703 2919 3850 2974 αὐτοῦ
3872 2919 3896 2988 ἢ

2357 3013 2418 3065 τὸ
2448 3013 2733 3084 πρόσωπον
2765 3013 2928 3064 αὐτοῦ
2977 3011 3205 3066 ἐνώπιον
3237 3011 3539 3083 Ἀϐιμέλεχ.
3579 3012 3642 3065 Ἦ
3665 3013 3770 3066 τῶν
3815 3012 3895 3064 Βα-

2327 3102 2572 3182 νσιλειῶν
2592 3104 2780 3175 Γραφὴ
2817 3103 3118 3173 Ἀχιμέλεχ
3163 3104 3426 3175 περιέχει’
3462 3103 3760 3175 ὲναλλαγῆς
3779 3121 3895 3156 στει-

2359 3196 2502 3267 χεὶου
2525 3195 2838 3267 γενομένης,
2875 3194 3026 3249 οὐδὲν
3060 3196 3141 3249 δεῖ
3188 3194 3471 3249 κινεῖσθαι·
3520 3194 3670 3267 παρὰ
3698 3197 3798 3268 γὰρ
3820 3197 3896 3266 τὴν

690 3282 750 3335 in
805 3279 1110 3350 Evangeliis
1183 3295 1345 3350 porro
1402 3282 1631 3351 hujusce
1698 3282 1942 3338 historiae
1996 3283 2252 3340 Davidem

2354 3253 3073 3360 gnatérn'ra‘toﬁl-o’mtxeiou
3097 3281 3189 3341 τοῦ
3221 3287 3347 3356 ,βὴθ
3369 3289 3495 3360 παρ’
3526 3253 3790 3361 Ἓέρῖιὶ-οις
3821 3253 3895 3342 καί-

690 3373 986 3444 spectantis
1033 3371 1281 3428 Salvator
1327 3375 1573 3429 meminit
1623 3376 1707 3430 his
1749 3377 1927 3432 verbis
1956 3397 1969 3433 :
1998 3377 2121 3433 Non
2173 3379 2251 3434 te-

687 3467 839 3536 gistis
876 3463 998 3533 quid
1022 3464 1201 3533 fecerit
1240 3465 1427 3530 David,
1459 3469 1668 3537 quando
1702 3471 1908 3533 esuriit,
1943 3480 1991 3525 et
2019 3475 2107 3542 qui
2133 3491 2250 3530 cum

685 3570 747 3610 eo
779 3564 926 3608 erant
949 3572 966 3608 ι
990 3556 1242 3625 quomodo
1269 3560 1485 3613 intravit
1516 3561 1569 3614 in
1609 3561 1822 3616 domum
1857 3563 1972 3632 Dei,
2002 3574 2052 3619 et
2082 3584 2243 3637 panes

692 3649 1055 3716 propositionis
1076 3649 1318 3715 comedit,
1359 3669 1486 3723 quos
1532 3672 1634 3709 non
1666 3656 1852 3712 licebat
1881 3661 1928 3714 ei
1958 3660 2127 3726 edere,
2159 3679 2248 3716 ne-

692 3753 790 3808 que
821 3739 882 3792 iis
911 3743 997 3809 qui
1024 3757 1142 3794 cum
1173 3759 1233 3796 eo
1265 3754 1433 3811 erant,
1466 3747 1569 3812 nisi
1611 3748 1742 3802 satis
1785 3751 2142 3816 sacerdotibus
2167 3755 2249 3808 ‘°?

697 3827 808 3883 Hoc
833 3828 884 3883 in
908 3829 1192 3901 Evangelio
1238 3837 1536 3891 secundum
1564 3838 1874 3896 Matthzeum
1909 3844 2112 3899 dictum
2141 3855 2243 3901 est.

689 3919 825 3974 Cum
857 3929 1031 3978 autent
1079 3925 1135 3977 in
1188 3923 1479 4004 Evangelio
1529 3915 1829 3987 secundum
1884 3934 2123 3991 Marcum
2172 3937 2244 3991 ila

688 4010 925 4066 locutum
958 4012 1290 4071 Salvutorem
1334 4035 1454 4075 esse
1489 4024 1802 4080 scribatur:
1843 4024 2129 4098 Nunquam
2176 4027 2247 4083 Ie-

682 4106 833 4175 gistt's
874 4109 999 4178 quid
1038 4110 1216 4178 fecerit
1262 4110 1454 4177 David,
1499 4116 1709 4184 quando
1759 4123 2120 4176 necessitatem
2159 4122 2247 4176 Ita-

683 4196 812 4264 buit,
836 4210 885 4254 et
916 4203 1100 4254 esuriit
1156 4205 1263 4272 ipse
1298 4215 1348 4260 et
1387 4206 1475 4274 qui
1506 4222 1621 4258 cum
1665 4225 1724 4262 eo
1763 4215 1953 4267 erant?
1987 4215 2257 4284 quomodo'

679 4290 912 4345 introivit
946 4295 998 4346 in
1029 4293 1240 4347 domum
1271 4294 1369 4349 Dei
1406 4297 1500 4350 sub
1533 4297 1789 4352 Abiat/tar
1813 4304 2042 4372 principe
2073 4323 2244 4360 sacer-

677 4381 880 4448 dotum,
915 4394 964 4438 et
1001 4403 1160 4455 panes
1215 4391 1589 4458 propositionis
1639 4397 1970 4448 manducavit
2001 4397 2078 4449 “?
2114 4399 2241 4467 quis

676 4490 786 4528 non
816 4475 983 4530 animi
1021 4479 1576 4550 pendeatquteratve,
1612 4499 1717 4552 qua
1757 4487 1964 4541 ratione
1995 4487 2082 4541 hic
2116 4486 2242 4544 Ser-

2351 3379 2608 3451 λουμένου
2650 3382 2742 3434 καὶ
2785 3381 2876 3435 τοῦ
2919 3382 3042 3451 χὰςο
3095 3381 3366 3453 διαφόρως
3395 3380 3610 3452 ἐξεδόθη
3662 3379 3890 3450 τοῦνομα·

2353 3475 2532 3544 σχεδὸν
2551 3476 2657 3549 γὰρ
2683 3475 2740 3528 ἓν
2773 3477 2864 3530 καὶ
2901 3463 3094 3530 ταυτόν
3142 3477 3257 3528 ἐστι
3284 3476 3353 3529 τὰ
3381 3475 3472 3530 δύο
3495 3479 3750 3548 στοιχεῖα,
3783 3474 3891 3546 βρα-

2348 3568 2582 3638 χυτάτης
2612 3570 2836 3644 κεραίας
2867 3571 3033 3643 μόνης
3057 3570 3499 3641 ὲναλλαττούσης.
3533 3571 3812 3643 Μέμνηται
3849 3570 3892 3622 δὲ

2349 3658 2440 3710 καὶ
2477 3661 2505 3712 ὁ
2536 3660 2726 3732 Σωτὴρ
2754 3663 2810 3713 ὲν
2843 3664 2954 3724 τοῖς
2984 3654 3334 3730 Εὑαγγελὶοις
3389 3662 3490 3731 τῆς
3552 3662 3893 3734 προκειμένης

2347 3746 2488 3806 κατὰ
2519 3752 2610 3805 τοῦ
2645 3752 2804 3805 Δαυῖδ
2838 3754 3072 3824 ἱστορίας
3126 3754 3316 3822 λέγων·
3367 3757 3488 3808 Οὐκ
3525 3755 3811 3824 ἀνέγνωτε
3847 3755 3892 3806 τι

2344 3843 2594 3910 ἐποίησε
2623 3842 2822 3907 Δαυῒδ,
2852 3842 2964 3896 ὅτε-
2990 3843 3274 3897 ἐπείνασε
3309 3834 3406 3897 καὶ
3435 3846 3490 3896 οἱ
3535 3847 3664 3912 μετ’
3707 3845 3888 3899 αὐτοῦ·

2344 3934 2424 3998 ὡς
2450 3932 2734 4001 εἰσῆλθεν
2779 3935 2864 3999 εὶς
2917 3933 3024 3987 τὸν
3063 3931 3232 3988 οἷκον
3256 3934 3363 3988 τοῦ
3397 3933 3564 3999 Θεοῦ,
3618 3935 3716 3988 καὶ
3770 3935 3889 3999 τοὺς

2343 4024 2558 4092 ἄρτους
2586 4024 2694 4093 τῆς
2723 4025 3055 4094 προθέσεως
3077 4026 3318 4097 ἔφαγεν,
3346 4026 3453 4094 οὓς
3498 4029 3609 4082 οὐκ
3649 4028 3786 4094 ἐξὸν
3826 4025 3888 4099 ἦν

2342 4116 2553 4186 φαγεῖν
2583 4117 2724 4171 οὐδὲ
2770 4117 2893 4186 τοῖς
2944 4119 3073 4189 μετ’
3106 4120 3315 4184 αὐτοῦ,
3343 4123 3396 4174 εἱ
3432 4119 3517 4190 μὴ
3540 4122 3749 4192 μόνοις
3781 4124 3886 4188 τοῖς

2343 4209 2600 4277 Ζερεῦσι;
2628 4209 2794 4263 Τοῦτο
2825 4210 2922 4281 μὲν
2948 4208 3041 4266 οὖν
3073 4214 3131 4269 ἒν
3161 4213 3237 4284 τῷ
3262 4216 3401 4267 κατὰ
3429 4213 3704 4269 Ματθαῖον
3723 4216 3882 4283 Εὐαγ-

2341 4301 2503 4373 γελὶῳ
2535 4304 2766 4375 εἴρηται.
2797 4306 2947 4359 Ἐπεὶ
2984 4306 3040 4359 δὲ
3070 4307 3126 4358 ὲν
3171 4305 3248 4377 τῷ
3279 4307 3418 4360 κατὰ
3459 4307 3686 4378 Μάρκον
3724 4308 3877 4374 Eiur-

2342 4393 2506 4465 γελὶῳ
2543 4384 2951 4470 ἀναγέγραπται
2995 4401 3022 4451 ὁ
3064 4397 3252 4471 Σωτὴρ
3293 4398 3558 4470 εἰρηκώς·
3607 4398 3877 4455 Οὐδέποτε

2343 4487 2634 4557 ἀνέγνωτε
2661 4490 2717 4542 τί
2744 4491 2991 4558 ἐποίησε
3022 4489 3220 4554 Δαυῖδ,
3258 4489 3354 4543 ὅτε
3378 4491 3586 4560 χρείαν
3609 4491 3770 4560 ἔσχε,
3792 4490 3875 4543 καί

674 4575 831 4619 valor
864 4583 967 4621 non
1015 4570 1370 4637 Abimelechi,
1422 4573 1516 4628 sed
1566 4575 1873 4633 Abialharis
1909 4581 2237 4637 mentionem

2353 4578 2660 4632 ἐπείνασεν
2682 4581 2861 4648 αὐτὸς
2882 4581 2977 4634 καὶ
3004 4585 3055 4634 οἱ
3075 4581 3201 4651 μετ’
3222 4580 3404 4634 αὐτοῦ
3427 4597 3446 4645 ;
3472 4581 3596 4646 πῶς
3618 4580 3876 4649 εἰσῆλθεν

674 4657 908 4713 fecerit?
941 4660 1021 4714 Ad
1059 4677 1218 4731 quam
1256 4679 1366 4716 rem
1413 4665 1552 4722 forte
1582 4669 1703 4736 quis
1736 4670 2061 4739 respondeat
2083 4672 2239 4726 bino—

671 4749 874 4803 minem
924 4749 1330 4806 Ahimelechum
1365 4754 1556 4822 fuisse,
1594 4759 1666 4811 ita
1712 4768 1770 4813 ut
1816 4762 1863 4815 is
1911 4761 2027 4832 ipse
2075 4761 2240 4816 fuerit

671 4841 762 4909 qui
813 4839 1091 4893 Abiatbar.
1145 4840 1210 4894 Et
1242 4858 1373 4897 sane
1420 4861 1546 4901 mox
1591 4850 1710 4917 ejus
1766 4850 1925 4916 ﬁlius,
1976 4851 2238 4905 Abiathar

670 4930 850 4986 dictus
881 4931 935 4984 in
959 4931 1096 4986 libro
1124 4932 1433 5004 Regnorum
1465 4938 1634 4994 fertur
1663 4959 1676 4995 :
1700 4944 1790 5012 qui
1815 4944 1965 4999 solus
1995 4958 2024 4998 a
2051 4959 2238 4998 sacer-

668 5025 856 5079 dotum
884 5026 1028 5080 caade
1078 5029 1321 5098 elapsus,
1360 5046 1484 5086 cum
1524 5033 1726 5090 Davide
1769 5047 1907 5090 erat.
1945 5038 2100 5092 Alius
2129 5036 2236 5090 for-

669 5128 814 5172 tasse
841 5119 1056 5184 dixerit,
1100 5122 1154 5175 in
1190 5123 1416 5177 historia
1447 5123 1853 5182 Abimelechum
1899 5137 1954 5183 ut
1976 5129 2231 5185 sacerdo-

629 5208 634 5212 ’
667 5219 775 5266 tem
810 5213 1124 5280 memorari;
1161 5224 1215 5270 at
1269 5216 1371 5271 hoc
1425 5218 1566 5272 loco-
1601 5219 1938 5277 Salvatorem
1999 5223 2226 5288 dixisse,

667 5305 1018 5359 Ahiatharum
1049 5322 1113 5360 eo
1154 5317 1395 5379 tempore
1427 5309 1593 5366 fuisse
1641 5316 1940 5385 principem
1975 5316 2231 5370 sacerdo-

669 5408 779 5450 tum
816 5417 827 5450 :
863 5397 1129 5462 Introivit,
1160 5401 1254 5463 ait,
1289 5401 1462 5456 David
1492 5405 1547 5455 in
1574 5403 1785 5458 domum
1821 5407 1916 5461 Dei
1947 5409 2040 5462 sub
2067 5407 2230 5460 Abia-

667 5490 784 5542 Utar
819 5493 1048 5560 principe
1087 5495 1436 5548 sacerdotum.
1476 5494 1616 5550 Sane
1648 5515 1776 5552 vero
1803 5486 2029 5555 historia
2059 5516 2230 5555 caesos

665 5585 1005 5639 Achtmelech
1040 5595 1092 5642 et
1123 5589 1431 5642 sacerdotes
1461 5605 1489 5641 a
1525 5587 1684 5644 Saule
1731 5608 2063 5662 memorans,
2096 5593 2230 5649 nihil

729 5857 776 5888 ¹⁶
815 5858 999 5914 Matth.
1039 5876 1141 5927 xu,
1183 5860 1292 5925 5,4.
1377 5863 1413 5893 ”
1460 5859 1622 5916 Marc.
1665 5877 1730 5927 ιι,
1769 5859 1859 5927 25,
1889 5859 1976 5914 26.

2344 4674 2429 4736 εις
2457 4672 2560 4725 τὸν
2590 4670 2754 4728 οἷκον
2797 4675 2902 4728 τοῦ
2946 4673 3089 4728 Θεοῦ
3128 4673 3522 4745 ἐπὶῘΑϐιάθαρ
3561 4673 3666 4727 τοῦ
3703 4675 3876 4743 ἀρχιε-

2340 4764 2508 4832 ρέως,
2539 4765 2636 4827 καὶ
2671 4765 2811 4832 τοὺς
2840 4766 3053 4838 ἄρτους
3087 4765 3193 4832 τῆς
3219 4765 3546 4833 προθέσεως
3573 4766 3780 4835 ἔρωτα
3812 4766 3878 4826 τίς

2344 4856 2442 4909 οὐκ
2474 4856 2538 4910 ἂν
2568 4857 2878 4928 ἀπορήσειε,
2909 4857 3024 4919 πῶς
3048 4859 3075 4909 ὁ
3099 4857 3286 4928 Σωτὴρ
3307 4856 3536 4910 ἐνταῦθα
3563 4859 3620 4910 οὐ
3641 4857 3732 4911 τοῦ
3752 4854 3877 4909 Ἀδι-

2352 4947 2536 5016 μέλεχ,
2571 4947 2703 5000 ἀλλὰ
2750 4946 2841 5000 τοῦ
2877 4945 3136 5018 Ἀϐιάθαρ
3186 4947 3482 5018 pinv-qut;
3530 4948 3670 5021 Πρὸς
3709 4947 3879 5000 ὂείποι

2343 5056 2427 5102 τις
2453 5039 2519 5093 ἂν
2540 5037 2804 5109 διώνυμον
2827 5038 3146 5110 γεγενῆσθαι
3172 5041 3261 5096 τὸν
3284 5039 3588 5112 Ἀϐιμέλεχ,
3614 5040 3738 5094 ὥστ’
3759 5034 3877 5092 εἶναι

2346 5131 2435 5184 τὸν
2468 5131 2626 5184 αὐτὸν
2654 5131 2730 5198 τῷ
2761 5130 3039 5202 Ἀϐιάθαρ.
3071 5131 3274 5200 Αὑτὶκα
3303 5132 3432 5200 γοῦν
3474 5133 3568 5185 καὶ
3609 5131 3718 5194 υἱὸς
3753 5125 3880 5191 αὑτῷ

2284 5239 2287 5242 ·
2343 5221 2602 5293 Ἀϐιάθαρ
2653 5219 2984 5290 κεκλημένος
3014 5218 3306 5290 ἐμφέρεται
3345 5219 3410 5288 τῇ
3443 5216 3629 5289 Γραφῇ
3655 5213 3756 5267 τῶν
3782 5211 3871 5262 Βα-

2332 5314 2560 5370 σιλειῶν·
2595 5314 2673 5376 ὃς,
2700 5309 2974 5380 διαφυγὼν
3002 5311 3107 5364 ἀπὸ
3139 5309 3243 5363 τῶν
3268 5307 3658 5380 ἀναιρεθέντων
3706 5301 3872 5372 ἱερέων

2334 5411 2509 5480 μόνος,
2540 5409 2616 5479 τῷ
2655 5406 2814 5460 Δαυῒδ
2866 5402 3070 5476 συνῆν,
3091 5405 3282 5468 ’Δλλος
3330 5403 3375 5456 δ’
3400 5401 3466 5456 ἂν
3494 5401 3634 5455 εῐποι
3661 5395 3744 5450 τοῦ
3789 5393 3871 5464 μὲν

2345 5503 2627 5572 Ἀϐιμέλεχ
2649 5500 2745 5571 τὴν
2775 5500 3007 5572 ἱστορίαν
3049 5501 3123 5565 ὡς
3179 5497 3365 5571 ἱερέως
3408 5489 3769 5565 μνημονεύειν
3800 5489 3872 5538 ὲν-

2331 5594 2501 5649 ταῦθα
2533 5594 2587 5648 δὲ
2621 5594 2708 5647 τὸν
2736 5591 2961 5664 Σωτῆρα
3007 5580 3097 5646 τὸν
3141 5588 3402 5660 Ἀϐιάθαρ
3424 5583 3680 5658 ἀρχιερέα
3696 5577 3868 5650 τυγχάν-
