3960 6342
670 383 784 445 τινες

1341 385 1613 446 EUSEBiI
1644 381 2125 448 CESARIENSIS
2162 388 2310 446 OPP.
2354 388 2534 446 PARS
2571 387 2658 466 ιη.
2698 407 2769 432 ‘-—
2803 386 3213 450 EXEGETICA.
3417 398 3426 407 '
3807 403 3885 460 E96

672 507 880 567 tradit:
922 506 1029 562 Iste
1049 515 1248 578 pauper
1285 499 1557 574 clam‘avit,
1593 518 1643 564 et
1682 507 1942 563 Dominus
1978 507 2224 564 exaudiui

2350 508 2444 562 τοῦ
2480 507 2721 563 διδάσκει
2746 496 2951 580 λέγων’
2982 506 3170 577 Οὗτος
3197 512 3229 565 ὀ
3257 512 3491 582 πτωχὸς
3525 514 3792 585 ἑκέκραξε
3813 524 3885 576 καὶ

666 590 811 660 sum.
845 601 913 655 At
942 615 1030 666 ne,
1076 601 1277 672 inquit,
1327 602 1840 667 arbitremini,.me
1885 601 2106 673 quidem
2152 617 2224 673 qu

2352 603 2385 656 ὁ
2420 602 2636 669 Κύριος
2662 600 3031 669 statimva
3059 603 3268 659 αὑτοῦ.
3316 605 3473 660 Ἀλλά
3508 609 3583 680 μὴ
3612 608 3725 680 ἐμὲ,
3762 614 3882 683 φησι,

668 709 769 771 pro
798 709 923 765 rege
966 709 1029 750 ac
1062 695 1309 751 universi
1363 697 1545 767 populi
1586 696 1834 767 principe
1874 695 2116 762 habeor,
2152 709 2224 750 set

2326 694 2327 697 “
2352 692 2509 765 μόνον
2531 694 2885 767 τετυχηκέναι
2907 695 3271 767 νομίζετε,τὺν
3290 698 3646 771 νομιζόμενον
3669 701 3760 773 μὲν
3779 700 3884 760 εἶναι

550 804 553 805 ⁷
659 790 850 845 animo
880 789 953 845 ob
1016 788 1111 845 Dei
1166 798 1372 845 metum
1422 805 1631 861 pauper
1672 805 1834 853 sum,
1885 788 2063 870 solum
2118 788 2224 844 tali:

2322 792 2323 797 ‘
2348 782 2570 855 βασιλέα
2600 784 2696 839 καὶ
2724 782 2960 858 ἄρχοντα
2985 786 3079 839 τοῦ
3113 788 3315 851 παντὸς
3345 788 3562 870 ξθνους,
3591 794 3657 863 τῇ
3686 792 3741 847 δὲ
3768 795 3883 868 ψυχῇ

662 890 1052 949 consecutum;
1078 882 1359 938 enimvero
1382 884 1552 954 probe
1574 890 1913 954 compertum
1936 893 2039 945 est,
2067 882 2244 954 ipsum

665 974 953 1033 Dominum
990 976 1083 1046 qui
1130 991 1376 1047 praesens
1432 970 1691 1029 omnibus
1736 982 1842 1039 est,
1888 974 2098 1030 similes
2136 975 2242 1030 mei

662 1082 963 1142 pauperes.
996 1068 1251 1124 videlicet
1284 1068 1538 1123 timentes
1586 1066 1780 1133 Deum,
1831 1067 2238 1123 exauditurum.

663 1158 885 1218 Gustata
941 1170 992 1216 et
1042 1160 1210 1216 ridete
1267 1160 1519 1231 quoniam
1570 1160 1750 1215 suavis
1808 1168 1885 1214 est
1940 1142 2239 1213 Dominus:

662 1255 845 1311 beatus
880 1254 957 1308 vir
988 1253 1079 1326 qui
1110 1262 1285 1323 sperat
1331 1254 1385 1307 in
1414 1266 1495 1307 eo.
1535 1252 1800 1324 Quisquis
1828 1252 1897 1307 ob
1942 1251 2237 1324 perfectam

660 1355 715 1404 et
746 1345 1142 1402 indeﬁeientem
1175 1345 1229 1401 in
1282 1344 1452 1400 Deum
1488 1361 1637 1416 spem
1668 1346 1750 1401 vir
1770 1345 2237 1414 exsiStit,-beatus
2296 1416 2299 1419 ἰ

644 1436 766 1497 est.
800 1437 985 1511 Neque
1028 1438 1127 1494 abs
1164 1451 1226 1494 re
1268 1438 1477 1508 Aquilae
1510 1437 1946 1508 interpretationi
1993 1452 2235 1507 praesens

656 1531 862 1590 dictum
897 1531 1023 1607 quis
1068 1530 1358 1602 aptaverit.
1393 1528 1454 1585 ln
1488 1529 1647 1583 titulo
1678 1530 1880 1601 quippe
1929 1529 2234 1586 secundum

652 1616 906 1695 Aquilam
937 1624 1145 1678 dictum
1196 1629 1322 1678 est:
1389 1620 1622 1686 Davidis,
1681 1622 2236 1693 quando‘immutavit

653 1728 864 1791 gustum
894 1731 1049 1772 suum
1095 1724 1216 1769 ante
1261 1712 1452 1785 {aciem
1510 1713 1828 1769 Abimelech.
1878 1711 2020 1781 Quia
2071 1714 2235 1785 igitur

653 1808 791 1879 ipse,
826 1822 948 1862 cum
996 1820 1167 1877 panes
1214 1804 1608 1875 propositionis
1648 1801 1998 1869 comedisset,
2037 1803 2233 1858 immu-

2344 875 2693 947 πτωχεύοντα
2727 875 2814 930 διὰ
2840 876 2931 930 τὸν
2952 876 3045 930 τοῦ
3072 874 3216 932 ’Θεοῦ
3255 858 3417 949 φόϐον
3433 897 3447 911 °
3482 858 3721 955 ἀκριϐῶς
3746 858 3797 939 δὲ

2342 967 2612 1023 νώσκεται
2634 1009 2648 1031 ,
2673 970 2754 1023 ὅτι
2782 970 2812 1023 ό
2844 969 3007 1033 αὐτὸς
3029 969 3233 1043 Κύριος
3256 970 3570 1048 καὶπαρὼν
3595 976 3700 1032 τῶν
3719 979 3884 1049 ὁμοίως

2341 1061 2464 1132 ἐμοὶ
2490 1061 2721 1134 πτωχῶν
2745 1103 2760 1128 ,
2794 1062 2937 1133 λέγω
2964 1063 3021 1117 δὲ
3045 1063 3154 1118 τῶν
3180 1065 3526 1137 φοϐουμένων
3554 1069 3735 1134 αὐτὸν,
3764 1072 3883 1125 εἰσα-

2341 1152 2610 1208 κούσεται.
2639 1154 2958 1208 Γεύσασθε
2981 1154 3081 1211 καὶ
3124 1154 3278 1211 ἴδετε
3326 1156 3415 1213 ὅτι
3442 1159 3711 1228 χρηστὸς
3736 1165 3767 1217 ὁ
3795 1165 3885 1217 Κύ-

2314 1234 2317 1240 ’
2330 1262 2482 1315 ριοςο
2509 1245 2801 1317 μακάριος
2823 1246 2980 1317 ἀνὴρ
2998 1248 3067 1316 ὃς
3085 1248 3307 1311 ἐλπίζει
3330 1250 3426 1331 ἐπῖ
3441 1252 3647 1306 αὐτόν’
3682 1254 3734 1308 Ὁ
3745 1253 3821 1310 διὰ
3838 1255 3887 1311 τὺ

2336 1341 2555 1407 τελείως
2576 1341 2669 1395 καὶ
2696 1340 2993 1405 ἀνελλιπῶς
3024 1341 3264 1407 ἐλπίζειν
3293 1345 3384 1398 ἐπὶ
3415 1344 3548 1401 Θεὸν
3581 1347 3720 1419 ἀνὴρ
3741 1349 3888 1421 ὑπάρ-

2336 1452 2447 1506 χων
2480 1435 2750 1509 μακάριός
2780 1437 2947 1513 ἐστιν.
2995 1436 3109 1491 Οὐκ
3137 1437 3440 1502 ἀπεικότως
3464 1438 3530 1494 ἄν
3561 1456 3645 1503 τις
3674 1442 3885 1513 ἐφαρμό-

2338 1544 2479 1581 σειεν
2500 1532 2577 1601 τῇ,
2593 1528 2734 1583 κατὰ
2759 1529 2851 1583 τὸν
2885 1529 3117 1584 Ἀκύλαν
3142 1530 3408 1603 ἑρμηνείᾳ
3428 1531 3526 1604 τὴν
3552 1534 3887 1605 προκειμένην

2335 1620 2505 1690 λέξιν·
2529 1622 2756 1695 ἐπείπερ
2781 1623 2840 1677 ὲν
2864 1624 2931 1695 τῇ
2955 1625 3245 1695 προγραφῇ
3268 1623 3409 1678 κατὰ
3430 1622 3520 1678 τὸν
3551 1624 3774 1679 Ἀκύλαν
3794 1616 3887 1679 ὲλέ-

2334 1730 2460 1783 γετο
2473 1730 2486 1744 ·
2526 1714 2638 1769 Τοῦ
2656 1713 2857 1779 Δαυῒδ,
2882 1714 2982 1770 ὅτε
3001 1715 3305 1784 ήλλοίωσε
3324 1716 3388 1771 τὸ
3413 1716 3603 1790 γεῦμα
3620 1717 3800 1773 αὑτοῦ
3818 1722 3887 1788 είς

2334 1807 2659 1876 πρόσωπον
2699 1806 3024 1877 Ἀϐιμέλεχ.
3063 1807 3215 1873 Ἐπεὶ
3244 1809 3423 1876 τοίνυν
3454 1811 3638 1879 αὐτὸς,
3671 1811 3781 1885 τῶν
3802 1803 3885 1885 ἇρέ

653 1878 787 1955 tavit
827 1907 1048 1971 gustum
1100 1911 1284 1962 suum,
1320 1912 1383 1953 ac
1418 1913 1498 1953 .ex
1548 1903 1713 1967 gustu
1742 1896 1939 1952 deinde
1991 1894 2224 1952 divinam

2336 1918 2443 1954 των
2473 1900 2571 1972 τῆς
2589 1899 2911 1972 ’προθέσεως
2951 1898 3304 1973 μεταλαϐὼν,
3354 1878 3707 1973 ἠλλοίωσεγτὸ
3732 1878 3890 1979 γεῦμα

652 1993 759 2051 sibi
802 1996 1063 2047 virtutem
1113 1991 1369 2045 collatam
1416 1987 1587 2046 fuisse
1615 1989 1824 2057 sensit;
1872 1988 2102 2053 idcirco,
2148 2004 2234 2045 se-

650 2081 893 2145 cundum
923 2082 1075 2148 illud,
1101 2082 1307 2154 Absque
1334 2082 1458 2139 dolo
1498 2067 1693 2155 accepi,
1720 2083 1833 2139 sine
1864 2082 2064 2138 invidia
2082 2096 2232 2138 com-

650 2174 962 2251 munico“,
1013 2176 1083 2231 ad
1131 2176 1476 2232 consimilem
1538 2184 1761 2248 gustum
1815 2175 2231 2248 percipiendum

650 2272 789 2328 alios
833 2269 1095 2327 festinare
1132 2262 1477 2336 cohortatur,
1512 2280 1678 2342 atque
1728 2270 1945 2342 precari
1972 2276 2034 2325 ut
2080 2262 2230 2342 pane

647 2365 773 2423 vita!
819 2365 1075 2419 alantur:
1140 2363 1301 2435 cujus
1342 2362 1663 2436 symbolum
1716 2352 1789 2419 ac
1846 2362 2026 2437 imago
2069 2359 2228 2419 erant

649 2473 821 2530 panes
852 2458 930 2513 illi
958 2456 1354 2529 propositionis
1406 2472 1504 2527 per
1552 2454 1756 2528 Moysis
1785 2455 1957 2530 legem
2010 2458 2223 2513 statuti.

650 2550 832 2618 Quare
862 2550 1033 2605 David
1083 2565 1208 2605 cum
1250 2549 1581 2621 intelligeret
1634 2548 1795 2621 cujus
1851 2548 2227 2622 imago‘csset

650 2643 809 2715 panis
841 2641 931 2695 ille
980 2638 1393 2711 propositionis,
1427 2653 1537 2694 non
1562 2638 1631 2694 ad
1671 2653 1995 2716 corporeum
2027 2654 2222 2710 panem
2274 2636 2279 2639 ’

646 2741 709 2790 ut
747 2732 1109 2800 accedamus;
1142 2730 1239 2788 sed
1286 2732 1353 2786 ad
1393 2746 1589 2802 panem
1641 2732 1737 2803 qui
1778 2746 2044 2802 corporeo
2091 2731 2223 2787 sub-

644 2825 943 2893 indicatur,
992 2840 1095 2882 nos
1152 2832 1437 2896 provocat.
1468 2823 1582 2879 Nos
1614 2825 1783 2897 igitur
1833 2825 1927 2896 qui
1958 2824 2014 2879 in
2061 2826 2222 2882 terris

642 2922 954 2985 versamur,
988 2918 1147 2989 panis
1193 2926 1247 2972 et
1278 2915 1443 2972 Verbi
1478 2917 1574 2988 qui
1603 2916 1672 2972 de
1724 2916 1867 2972 coelo
1914 2901 2218 2985 descendit,

641 3024 707 3065 ac
744 3010 1099 3080 semetipsum
1156 3006 1461 3065 exinanivit
1493 3015 1547 3062 et
1579 3006 1885 3077 depressit,
1925 3001 2220 3079 participes

641 3092 924 3157 eiﬁcimur.
967 3100 1072 3167 Qui
1110 3115 1241 3155 vero
1268 3107 1398 3175 sunt
1431 3099 1489 3153 in
1516 3113 1686 3169 regno
1737 3098 2030 3163 cmlorum,
2056 3100 2220 3170 pleno

2334 1993 2500 2049 αὐτοῦ
2521 2033 2537 2060 ,
2571 1989 2670 2051 εἶτ’
2694 1994 2810 2048 ιάπὸ
2831 1994 2932 2065 τῆς
2956 1992 3198 2064 γεύσεως
3224 1994 3419 2067 ᾔσθετο
3444 1997 3726 2073 δυνάμεως
3761 2002 3889 2066 θείας

2332 2086 2730 2160 χορηγηθείσης
2754 2085 2905 2159 αὐτῷ
2922 2103 2936 2117 ο
2963 2086 3152 2142 τούτου
3180 2091 3340 2162 χάριν
3366 2091 3586 2146 κατὰτό
3604 2109 3620 2124 °
3658 2094 3889 2161 Ἀδόλως

2329 2182 2570 2247 ἔλαϐον,
2598 2183 2871 2252 ἀφθόνως
2894 2183 3301 2257 μεταδιδομαι,
3335 2186 3646 2259 παρακαλεῖ
3675 2189 3767 2242 καὶ
3791 2189 3891 2241 ἑτέ-

2332 2289 2460 2345 ρους
2482 2273 2734 2330 σπεύδειν
2766 2275 2859 2329 ὲπὶ
2876 2275 3195 2349 τὴνὸμοίαν
3218 2277 3370 2350 αὐτῷ
3396 2277 3585 2347 γεῦσιν
3604 2318 3620 2343 ,
3652 2279 3888 2346 εὔξασθαί

2327 2381 2387 2419 τε
2416 2366 2797 2439 τραφῆναιτῷ
2822 2367 2972 2440 ἄρτῳ
2995 2368 3093 2441 τῆς
3120 2368 3267 2442 ζωῆς
3285 2387 3299 2402 ·
3328 2353 3391 2425 οὗ
3416 2369 3683 2443 σύμϐολον
3710 2373 3799 2427 καὶ
3823 2375 3888 2425 εἱ-

2328 2456 2438 2511 κὼν
2457 2459 2749 2531 ἐτύγχανον
2769 2461 2818 2514 oi
2842 2460 2928 2515 διὰ
2949 2463 3229 2527 Μωῦσέως
3248 2464 3574 2537 νενομοθετη
3583 2466 3732 2537 μένοι
3753 2465 3889 2538 ἄρτοι

2298 2574 2299 2577 η
2326 2552 2425 2624 τῆς
2454 2552 2782 2625 προθέσεως.
2818 2556 3017 2629 Διόπερ
3044 2558 3072 2610 ὁ
3098 2556 3261 2612 Δαυῒδ
3283 2598 3298 2623 ,
3330 2559 3535 2631 νοήσας
3565 2559 3710 2624 τίνος
3737 2555 3801 2631 ἦν
3825 2561 3889 2611 εί-

2324 2646 2437 2700 κὼν
2531 2648 2628 2720 τῆς
2659 2648 2970 2721 προθέσεως
2996 2651 3157 2724 ἄρτος
3176 2694 3191 2720 ,
3223 2654 3322 2707 οὐκ
3347 2653 3440 2707 ἐπὶ
3469 2652 3561 2709 τὸν
3596 2652 3887 2726 σωματικὸν

2325 2739 2574 2795 σπεύδειν
2608 2743 2926 2816 προτρέπει,
2958 2743 3072 2797 ἀλλ’
3094 2745 3187 2798 ἐπὶ
3208 2743 3301 2799 τὸν
3324 2745 3389 2799 δι’
3407 2744 3572 2800 αὐτοῦ
3596 2747 3884 2818 νοούμενον.

2334 2833 2523 2906 Ἡμεῖς
2550 2836 2647 2906 μὲν
2673 2819 2765 2891 οὖν
2796 2838 2844 2890 oi
2868 2836 2962 2891 ἐπὶ
2994 2839 3096 2911 γῆς
3128 2840 3191 2893 ὲκ
3218 2839 3311 2893 τοῦ
3335 2838 3566 2912 ούρανοῦ
3597 2838 3888 2913 καταϐεϐη-

2322 2925 2478 2990 κότος
2522 2925 2617 2979 τοῦ
2662 2927 2826 2999 ἄρτου
2871 2928 2964 2981 καὶ
3007 2927 3103 2982 τοῦ
3140 2930 3314 2999 Λόγου
3351 2930 3687 2996 κενώσαντος
3714 2930 3887 2986 ἑαυτὸν

2313 3017 2417 3072 ’καὶ
2448 3020 2841 3092 σμικρύναντος
2869 3020 3382 3093 μεταλαμϐάνομεν·
3412 3024 3465 3075 οί
3494 3023 3551 3077 δὲ
3575 3026 3633 3078 ὲν
3656 3028 3719 3096 τῇ
3751 3026 3889 3095 βασι-

2313 3108 2439 3183 ·λείᾳ
2475 3110 2584 3189 τῶν
2615 3112 2858 3184 οὐρανῶν
2887 3113 3127 3187 πλήρους
3158 3115 3324 3170 αὐτοῦ
3358 3115 3452 3169 καὶ
3492 3112 3699 3172 τελείου
3735 3134 3887 3189 μετα-

643 3191 741 3273 illo
768 3206 832 3247 ac
860 3190 1103 3262 perfecto
1124 3198 1375 3255 utuntur,
1398 3189 1524 3261 ejus
1560 3188 1849 3245 divinitate
1889 3191 2133 3259 enutriti,
2164 3198 2219 3247 et

2322 3202 2653 3275 λαμϐάνουσι
2677 3246 2691 3272 ,
2734 3208 3060 3279 τρεφόμενοι
3092 3207 3256 3262 αὐτοῦ
3286 3210 3352 3281 τῇ
3384 3208 3600 3281 θεὸτητι
3622 3250 3637 3275 ,
3668 3212 3761 3265 καὶ
3790 3210 3888 3263 τῶν

641 3280 926 3355 sapientiae
976 3282 1535 3354 contemplatibnibus
1581 3280 1847 3338 fruentes.
1880 3280 2007 3339 Haec
2053 3285 2216 3340 etiam

2322 3295 2420 3367 τῆς
2448 3297 2639 3366 σοφίας
2669 3296 3041 3371 θεωρημάτων
3073 3280 3470 3368 ἀπολαύοντες,
3522 3280 3598 3359 ὧν
3631 3306 3722 3359 καὶ
3749 3307 3887 3377 ἡμᾶς

641 3390 747 3435 nos
793 3374 1088 3450 aliquando
1137 3375 1423 3434 obtinendi
1469 3390 1622 3447 spem
1683 3375 1889 3433 habere
1939 3377 2213 3442 convenit,

626 3473 995 3546 quamobrem
1043 3470 1249 3527 dictum
1299 3476 1430 3527 est:
1495 3467 1686 3523 Beatus
1757 3468 1837 3525 uir
1899 3469 1991 3542 qui
2021 3460 2217 3541 sperat

638 3559 693 3623 ῘΊ
722 3582 804 3622 eo.
845 3586 849 3589 ·
922 3588 925 3589 ν

710 3657 877 3714 Vens.
914 3655 970 3713 9.
1022 3654 1221 3711 Timete
1265 3653 1573 3721 Dominum,
1616 3673 1794 3713 omnes
1842 3658 2015 3714 sancti
2065 3657 2210 3730 ejus',

637 3752 889 3824 quoniam
922 3766 1026 3805 non
1052 3759 1130 3805 est
1157 3751 1337 3820 inopia
1367 3752 1673 3807 timentibus
1701 3767 1841 3806 eum.
1866 3751 1993 3809 Huic
2028 3740 2214 3809 omnia

639 3845 809 3904 David
855 3846 923 3898 ad
974 3844 1207 3898 aliorum
1254 3843 1549 3901 utilitatem
1615 3846 2009 3902 sententiarum
2058 3861 2212 3904 more

618 3936 870 4009 profert,
906 3949 1141 4006 quorum
1179 3935 1350 4005 prior
1391 3936 1508 4007 ipse
1540 3937 1747 4006 potitus
1792 3947 1931 4005 erat,
1990 3934 2211 4009 quando

637 4028 935 4101 exquisivit
1006 4025 1324 4092 Dominum,
1391 4036 1455 4083 ac
1500 4029 1796 4100 propitium
1855 4040 2052 4087 nactus
2102 4039 2207 4087 est.

632 4118 1104 4193 Prmeipit‘itaque
1125 4160 1134 4167 -
1155 4118 1364 4175 sanctis
1398 4118 1515 4184 Dei,
1559 4128 1620 4175 ut
1666 4104 1914 4178 timorem
1947 4124 2067 4192 ejus
2098 4137 2212 4194 pra:

632 4217 810 4273 oculis
837 4214 1076 4270 habeant
1109 4233 1122 4269 :
1162 4213 1231 4269 ab
1286 4213 1381 4269 illo
1412 4214 1615 4285 quippe
1646 4216 1840 4269 timore
1879 4214 2055 4269 sancti
2093 4213 2208 4269 elli-

632 4309 890 4376 ciuntur;
923 4307 1046 4363 ideo
1076 4305 1185 4361 alio
1213 4305 1270 4361 in
1301 4305 1513 4378 psalmo
1535 4304 1762 4371 dictum,
1787 4303 1970 4359 Timor
1993 4304 2208 4360 Domini

632 4413 825 4459 castus
855 4395 1255 4470 N*,'videlicet,
1309 4411 1492 4459 castos
1540 4400 1799 4458 eﬂiciens.
1862 4399 2208 4472 Quapropter

632 4495 818 4562 divina
852 4495 948 4551 lex
972 4496 1048 4551 ait
1074 4514 1099 4551 ιν
1131 4494 1316 4553 Sancti
1348 4497 1515 4564 eritis,
1543 4496 1792 4567 quoniam
1821 4510 1913 4567 ego
1952 4492 2203 4547 Dominus

2314 3388 2492 3462 καιρῷ
2508 3405 2636 3443 ποτε
2653 3395 2936 3476 μετασχεῖν
2958 3392 3199 3459 ἐλπίζειν
3220 3396 3507 3477 προσήκει,
3528 3396 3608 3451 διὸ
3621 3396 3861 3453 λέλεκται
3875 3413 3886 3427 ο

2310 3479 2615 3573 ῌακάριος
2644 3484 2801 3555 ἀνὴρ
2826 3484 2894 3553 ὃς
2916 3478 3139 3549 ἐλπίζει
3162 3488 3257 3542 ἐπ’
3281 3490 3488 3545 αὐτόν.

2383 3661 2683 3733 Φοϐήθητε
2708 3662 2816 3718 τὸν
2840 3664 3095 3733 Κύριον,
3140 3664 3364 3734 πάντες
3405 3668 3461 3720 οἱ
3492 3665 3646 3737 ἅγιοι
3686 3666 3888 3733 αὑτοῦ,

2306 3754 2401 3812 ὅτι
2427 3760 2537 3813 οὐκ
2566 3757 2739 3811 ἔστιν
2763 3755 3073 3827 ὑστέρημα
3108 3756 3231 3824 τοῖς
3260 3758 3656 3827 φοϐουμένοις
3686 3762 3887 3814 αὐτόν.

2312 3851 2495 3905 Πάντα
2519 3849 2693 3905 ταῦτα
2720 3847 3013 3925 γνωμικῶς
3039 3850 3068 3902 ό
3094 3847 3253 3902 Δαυῖδ
3284 3850 3365 3913 είς
3393 3847 3492 3920 τὴν
3518 3850 3726 3922 ἐτέρων
3753 3851 3889 3920 ὠφέ-

2310 3943 2459 4000 λειαν
2491 3943 2844 4018 προφέρεται,
2881 3942 3038 4006 αὐτὸς
3067 3931 3330 4014 πρότερον
3354 3941 3670 4008 ἀπολαύσας
3693 3944 3885 4008 αὐτῶν,

2309 4037 2397 4090 ὅτε
2417 4078 2432 4103 ,
2460 4038 2778 4110 ἐκζητήσας
2805 4036 2895 4090 τὸν
2923 4034 3126 4108 Κύριον
3147 4074 3163 4101 ,
3202 4036 3440 4106 ἐπηκόου
3467 4036 3634 4092 αὐτοῦ
3660 4038 3885 4109 τετύχη-

2310 4145 2393 4182 κε.
2418 4128 2858 4199 Παρακελεύεται
2890 4130 3067 4183 τοίνυν
3099 4128 3191 4185 τὸν
3221 4128 3385 4199 φόϐον
3414 4128 3509 4183 τοῦ
3540 4130 3749 4202 Κυρίου
3788 4131 3887 4202 πρὸ

2308 4220 2599 4292 ὀφθαλμῶν
2622 4220 2863 4275 τίθεσθαι
2884 4223 3010 4285 τοὺς
3035 4222 3223 4292 ἁγίους
3248 4220 3411 4275 αὑτοῦ
3430 4239 3442 4251 ·
3468 4222 3574 4276 ὑπὸ
3596 4222 3705 4295 γὰρ
3728 4222 3885 4276 αὑτοῦ

2308 4313 2403 4367 τοῦ
2435 4314 2598 4384 φόϐου
2626 4313 2771 4383 ἆγιοι
2800 4314 3213 4370 ἀνατελοῦνται’
3245 4314 3323 4369 διὸ
3346 4315 3599 4370 λέλεκται
3627 4318 3687 4371 ἐν
3720 4308 3887 4389 ἑτέρῳ

2306 4405 2524 4479 ψαλμῷ·
2558 4406 2620 4460 '0
2638 4408 2821 4477 φόϐος
2837 4400 3280 4480 Κυρίουνάγνὸς,
3301 4411 3421 4464 ἀντὶ
3440 4408 3557 4474 τοῦ,
3581 4411 3883 4480 ἀγνοποιός.

2306 4500 2397 4553 Διὸ
2417 4500 2515 4581 ,καὶ
2539 4501 2567 4553 ὁ
2593 4498 2735 4563 θεῖος
2759 4499 2921 4572 νόμος
2949 4500 3145 4575 φησίν⁹
3174 4503 3364 4579 ’ᾼτιοι
3394 4502 3633 4570 ἔσεσθε,
3665 4504 3756 4560 ὅτι
3777 4503 3887 4573 ἐγὼ

632 4586 773 4642 Deus
808 4596 971 4641 vester
996 4598 1210 4643 sanctus
1241 4605 1359 4643 sum
1384 4589 1449 4643 ¹⁸.
1478 4590 1657 4658 Atque
1679 4586 1894 4659 signum
1920 4584 2054 4640 illud
2089 4584 2203 4640 evi-

2322 4593 2518 4672 Κύριος
2551 4596 2584 4648 ό
2623 4592 2768 4661 Θεὸς
2802 4592 2969 4665 ὑμῶν
3005 4595 3189 4667 ἅγιος.
3251 4595 3360 4650 Καὶ
3402 4600 3625 4667 σημεῖον
3658 4597 3755 4652 τοῦ
3797 4616 3889 4667 φο-

631 4681 769 4737 dens
802 4679 966 4736 fuerit
1008 4682 1225 4736 timoris
1259 4680 1497 4747 Domini,
1542 4680 1589 4739 si
1631 4681 1755 4752 quis
1791 4694 1823 4734 a
1863 4678 2119 4742 sordibus
2152 4684 2207 4733 et

627 4758 815 4849 pravis
857 4773 1117 4846 operibus
1149 4788 1322 4843 purus
1374 4781 1429 4828 ct
1463 4789 1667 4839 vacuus
1722 4772 1926 4840 fuerit,
1975 4784 2206 4841 seseque

629 4878 883 4925 sanctum
923 4882 1155 4938 corpore
1189 4882 1251 4919 ac
1284 4865 1483 4935 spiritu
1509 4865 1828 4921 servaverit.
1860 4863 2204 4919 Timentibus

627 4978 794 5035 porro
819 4961 1010 5028 Deum,
1038 4960 1145 5038 qui
1172 4974 1265 5028 per
1286 4959 1406 5029 ejus
1433 4965 1636 5013 metum
1672 4958 1846 5014 sancti
1873 4956 2221 5022 eﬂiciuntur,

626 5055 765 5110 nihil
798 5068 1037 5125 unquam
1063 5051 1259 5115 deerit,
1284 5058 1471 5120 utpote
1499 5050 1591 5131 qui
1619 5048 1839 5105 divitias
1876 5064 2102 5123 magnas
2132 5063 2199 5103 ac

625 5149 948 5204 thesaurum
976 5146 1241 5219 optimum
1285 5144 1339 5197 in
1394 5143 1514 5213 ipso
1558 5141 1751 5200 timore
1791 5142 2007 5200 Domini
2042 5154 2195 5213 repe-

624 5244 818 5332 ririet.
1297 5244 1299 5246 ’

1130 5350 1408 5409 ΒᾹἮΒΙΞ
1445 5349 1684 5407 XXXlV.
1721 5360 1724 5365 λ

830 5456 859 5507 ἑ
915 5446 1025 5502 1—5.
1062 5442 1282 5513 Judica,
1313 5444 1549 5510 Domine,
1595 5433 1838 5510 nocentes
1862 5461 1987 5513 me,
2024 5458 2193 5514 expu-

742 5579 761 5608 ν
812 5552 1115 5615 pugnantes
1143 5560 1243 5598 me.
1273 5540 1609 5612 Apprehende
1655 5559 1809 5595 arma
1847 5554 1896 5596 et
1936 5552 2190 5597 scutum:

2307 4681 2519 4735 ϐεἰσθαι
2550 4680 2641 4735 τὸν
2670 4681 2875 4756 Κύριον
2907 4683 3053 4738 τοῦτ’
3089 4685 3155 4739 ἂν
3184 4684 3393 4753 γένοιτο
3413 4725 3427 4749 ,
3467 4686 3528 4739 τὸ
3561 4686 3888 4761 καθαρεύειν

2309 4773 2406 4843 μὲν
2433 4771 2610 4845 πάσης
2632 4773 2902 4846 ῥυπαρίας
2922 4773 3015 4828 καὶ
3042 4775 3271 4847 αἰσχρᾶς
3292 4773 3543 4845 πράξεως
3560 4818 3577 4841 ,
3597 4777 3887 4846 φυλάττειν

2303 4865 2359 4920 δὲ
2387 4862 2581 4931 αὖτοὺς
2610 4865 2800 4935 ἁγίους
2835 4868 2927 4921 καὶ
2965 4864 3179 4937 σώματι
3206 4866 3300 4918 καὶ
3332 4864 3623 4936 πνεύματι.
3678 4868 3806 4932 Τοῖς
3832 4868 3885 4922 δὲ

2302 4959 2391 5013 τὸν
2443 4958 2647 5032 Κύριον
2681 4958 3031 5031 φοϐουμένοις
3053 4997 3069 5021 ,
3119 4956 3213 5029 καὶ
3242 4956 3329 5011 διὰ
3378 4956 3469 5011 τὸν
3516 4959 3684 5013 αὐτοῦ
3720 4962 3885 5032 φόϐον

2304 5047 2656 5126 ἡγιασμένοις
2678 5097 2692 5121 ,
2750 5056 2899 5109 οὐδὲν
2938 5053 3007 5109 ἂν
3036 5053 3201 5125 δεήσῃ
3247 5052 3323 5117 ὡς
3350 5052 3417 5131 ἂν
3451 5053 3625 5124 μέγαν
3657 5055 3887 5111 πλοῦτον

2303 5149 2397 5202 καὶ
2429 5147 2698 5222 θησαυρὸν
2726 5146 2927 5219 ἀγαθὸν
2950 5144 3180 5223 ὲνυαὺτῶ
3206 5143 3284 5216 τῷ
3311 5144 3460 5218 φόϐῳ
3488 5146 3698 5220 Κυρίου
3721 5150 3889 5221 εὑρη-

2250 5304 2255 5308 ,
2304 5241 2475 5296 κόσιν.

2814 5345 2952 5404 ΤΟΥ
2980 5318 3185 5402 ’ΔΑΥΙΔ
3218 5345 3337 5401 AA“

2370 5444 2656 5512 Δίκασον,
2692 5446 2890 5513 Κύριε,
2923 5444 3066 5512 τοὺς
3093 5442 3453 5512 ἀδικοῦντάς
3480 5461 3591 5516 με,
3618 5443 3887 5513 avolem;-

2298 5552 2413 5594 σον
2440 5540 2581 5607 τοὺς
2611 5535 3024 5608 ποπμοῦηάς
3049 5554 3146 5609 με.
3185 5538 3507 5593 Ἐπιλαϐοῦ
3546 5538 3748 5603 ὅπλον
3784 5538 3883 5591 καὶ

662 5677 667 5681 -
700 5628 923 5708 δέεαιῃε
947 5638 1002 5691 in
1034 5636 1360 5706 adjutorium
1412 5635 1820 5719 mihizE/Tunde
1849 5636 2110 5706 frameam
2138 5640 2189 5687 et

2322 5633 2506 5701 θυρεοῦ
2528 5653 2542 5665 ·
2580 5634 2679 5689 καὶ
2704 5630 2998 5701 ἀνάστηθι
3036 5635 3124 5698 είς
3153 5614 3443 5699 ,Βοήθειάν
3461 5649 3587 5702 μοι.
3620 5632 3887 5702 Ἐκχεον

626 5730 876 5793 conclude
895 5729 1142 5785 adversus
1165 5748 1250 5786 eos
1273 5732 1362 5802 qui
1388 5738 1768 5800 persequuntur
1794 5746 1892 5784 me.
1913 5723 2186 5796 Quoniam

2322 5726 2610 5796 ioygoalar,
2634 5722 2732 5780 καὶ
2762 5724 3134 5795 σύγκλεισον
3160 5720 3512 5790 ἐξεναντίας
3546 5719 3667 5776 τῶν
3695 5740 3881 5777 mare»

704 5886 747 5921 ⁸³
785 5884 911 5948 εδει.
954 5902 1058 5938 νη.
1100 5876 1187 5947 l3.
1264 5889 1307 5922 “
1350 5885 1497 5947 Psal.
1531 5903 1701 5954 χνιιι,
1741 5855 1824 5943 l0.
1906 5885 1949 5918 ¹⁸
1990 5882 2168 5941 chit.
2210 5868 2286 5950 xi,
2330 5879 2420 5937 45.
