3966 6344
666 430 775 486 2ΰ9

1344 425 1611 482 EUSEBII
1643 399 2118 480 CESARIENSIS
2149 417 2299 475 opp.
2331 418 2510 478 rans
2544 424 2733 481 1n:—
2771 424 3171 483 EXEGETICA.
3778 427 3863 484 eoo

669 560 807 598 sunt.
842 541 965 598 Haec
1016 544 1173 616 quasi
1222 545 1497 617 precando
1527 560 1556 599 a
1586 520 1787 601 Davide
1816 544 2046 615 prolata,
2082 542 2223 597 futu-

2330 542 2516 597 σεῖται
2548 545 2618 598 ἐν
2640 544 2813 614 αὐτῇ.
2864 544 3047 598 Ταῦτα
3074 544 3131 597 δὲ
3158 543 3346 616 ὥσπερ
3373 543 3432 597 ἐν
3456 544 3587 615 εὐχῇ
3618 543 3698 614 τῷ
3728 545 3864 597 Acuti

671 646 855 690 rerum
906 637 1205 705 praenuntia
1258 644 1438 702 erant,
1497 644 1549 691 et
1604 652 1724 708 quae
1769 632 2027 692 eventura
2072 640 2227 689 erant

672 728 1381 798 propheticedeclarabant.
1413 728 1786 799 Similiterque
1818 728 2069 797 superius
2101 740 2229 797 pro-

672 820 881 890 phetice
913 821 1119 875 dictum
1150 829 1264 877 est:
1304 819 1629 876 Erubescant
1660 824 1707 874 et
1739 820 2148 890 confundantur,
2172 820 2227 873 id

666 917 770 974 est,
800 910 1123 966 erubescant
1154 920 1209 967 et
1240 911 1642 969 confundantur
1661 915 1763 981 ;,'ac
1791 928 2009 968 rursum
2034 912 2225 967 :Aver-

666 1009 923 1055 tanturt‘et
950 1000 1363 1070 confundantur,
1391 1012 1439 1058 et
1474 1004 1607 1073 ﬁant
1634 1013 1882 1075 tanquam
1904 1003 2093 1073 pulvis,
2124 1004 2228 1059 hoc

665 1076 769 1158 est,
798 1101 1112 1149 avertantur
1145 1102 1199 1150 et
1240 1093 1662 1161 confundentur,
1699 1106 1753 1151 et
1803 1096 1934 1151 ﬁent
1967 1104 2226 1167 tanquam

665 1186 862 1255 pulvis.
890 1185 1025 1241 Nam
1053 1200 1175 1258 quae
1199 1187 1435 1243 inimicis
1461 1198 1723 1245 eventura
1773 1197 1928 1244 erant
1973 1204 2227 1260 praenun-

664 1277 856 1337 tiabat.
894 1277 1012 1332 Erit
1062 1280 1154 1349 qui
1201 1279 1519 1345 arbitretur,
1568 1281 1637 1336 de
1684 1279 1847 1338 Saule
1873 1282 1985 1337 haec
2015 1283 2224 1354 prolata

667 1385 809 1434 esse,
846 1370 972 1440 quia
1003 1371 1147 1426 haud
1188 1371 1282 1426 diu
1318 1378 1505 1442 postea
1537 1373 1643 1428 hoc
1680 1374 1942 1444 ipsimali
1976 1377 2222 1448 contigit.

592 1490 601 1499 -
669 1466 738 1518 At
763 1480 860 1521 nos
887 1480 1075 1520 eorum
1106 1482 1226 1536 quae
1258 1466 1420 1520 initio
1442 1467 1637 1536 psalmi
1668 1467 1811 1522 dicta
1842 1477 1984 1524 sunt.
2017 1485 2225 1526 memo-

666 1576 777 1624 res,
805 1560 920 1614 lnec
942 1559 1058 1630 ipsa
1082 1558 1149 1614 de
1178 1558 1412 1630 quodam
1446 1574 1513 1614 ex
1556 1560 1935 1630 spiritualibu's
1964 1547 2224 1629 inimicis,
2272 1600 2273 1603 η

666 1653 757 1724 qui
788 1653 1080 1708 inmalitia
1111 1652 1378 1708 valentior
1401 1659 1569 1718 eBSet,
1601 1649 1856 1709 nimirum
1888 1654 1956 1711 de
1983 1656 2223 1721 diabolo,

667 1744 719 1797 id
751 1744 954 1799 dictum
989 1740 1337 1815 accipiemus.

732 1926 899 1983 Vens.
929 1927 985 1987 9.
1021 1928 1110 1984 10.
1152 1927 1345 1983 Omnia
1382 1943 1504 1981 ossa
1538 1938 1654 1982 mea
1708 1922 1883 1984 dicent
1914 1946 1932 1984 :
1966 1929 2221 1996 ‘Domine,

660 2022 777 2091 quis
802 2021 994 2075 similis
1024 2021 1164 2076 tibi?
1199 2020 1442 2090 Eripiens
1489 2009 1693 2092 inopem
1730 2023 1793 2076 de
1818 2040 1993 2077 manu
2034 2023 2225 2093 [ortio-

664 2128 901 2175 rumeo,
940 2128 1155 2185 egenum
1201 2124 1253 2166 et
1300 2130 1583 2183 pauperem
1618 2132 1651 2169 a
1698 2112 2062 2183 diripientibus
2083 2132 2221 2172 eum.

664 2202 801 2261 Ossa
834 2206 1028 2259 animae
1058 2212 1185 2259 sunt
1217 2205 1453 2262 virtutes
1483 2205 1605 2277 ejus
1636 2206 1992 2278 intelligendi,
2024 2209 2101 2261 uti
2132 2222 2224 2262 su-

663 2296 847 2368 perius
879 2296 1084 2352 dietum
1110 2304 1214 2353 est.
1267 2296 1403 2369 Ipsae
1432 2315 1561 2355 vero
1591 2303 1711 2370 ejus
1760 2301 2049 2371 praesentia
2099 2301 2225 2355 illu-

661 2392 865 2451 strataa,
897 2386 1082 2442 dicent
1114 2406 1128 2442 :
1156 2388 1396 2457 Domine,
1425 2392 1540 2462 quis
1563 2393 1753 2447 similis
1777 2393 1871 2446 tibi
1891 2396 1917 2450 ?
1934 2392 2048 2448 Nisi
2078 2395 2222 2448 enim

659 2488 719 2532 tu
750 2492 923 2549 egeno
953 2477 1244 2546 adfuisses,
1277 2482 1383 2537 nisi
1408 2482 1587 2558 ipsum
1615 2484 1820 2539 auxilio
1848 2484 2103 2556 dignatus
2132 2502 2219 2542 es-

558 2642 563 2645 ‘
659 2582 751 2623 ses
819 2578 933 2633 tuo,
982 2569 1143 2640 quis,
1199 2566 1422 2642 quasso,
1471 2581 1819 2644 quantusque
1870 2576 1959 2632 ille
2020 2575 2221 2643 homo,

657 2659 752 2730 qui
789 2660 939 2716 solus
982 2669 1062 2716 tot
1106 2662 1383 2733 tantisque
1427 2665 1667 2742 inimicis
1709 2665 1947 2723 conferri
1995 2669 2223 2738 posset?

655 2752 705 2807 Α
731 2752 876 2808 nuda
905 2761 960 2809 et
992 2755 1227 2825 simplici
1253 2772 1434 2812 rerum
1467 2758 1695 2815 historia
1728 2759 1861 2816 dicti
1894 2763 2220 2817 sententiam

632 2845 944 2926 percipies,
976 2847 1024 2902 si
1064 2849 1335 2905 memoria
1382 2858 1619 2922 repetas,
1681 2867 1795 2922 quo
1843 2862 2004 2922 pacto
2052 2851 2222 2907 David

596 2948 601 2959 λ
632 2924 784 2993 dum
808 2924 1048 3010 ‘l‘ugeret,
1101 2940 1169 2994 ad
1202 2946 1411 2995 tantam
1464 2942 1703 3012 inopiam
1734 2942 1992 3023 redactus
2026 2952 2130 3009 est,
2162 2954 2239 3000 ut’

654 3045 796 3102 pane
828 3045 893 3087 ac
920 3032 1252 3089 necessariis
1290 3033 1563 3089 alimentis
1593 3042 1842 3100 careret;
1884 3049 1949 3091 ac
1977 3036 2223 3092 necessi-

654 3131 770 3179 tate
796 3130 1021 3179 coactus
1062 3137 1231 3194 panes
1277 3124 1667 3195 propositionis
1716 3126 2002 3182 comedere
2053 3127 2221 3181 aude-

2254 1874 2303 1934 Β

2328 637 2588 709 εἰρημένα
2614 637 2909 709 μελλόντων
2926 634 3445 709 ἦν’προαγορευτικὰ
3463 677 3477 701 ,
3501 638 3596 689 καὶ
3617 636 3865 707 συμϐησο-

2331 731 2503 800 μένων
2535 731 2864 801 προφητικά.
2899 729 3052 784 Οὕτω
3081 728 3209 799 γοῦν
3236 729 3329 783 καὶ
3353 727 3605 800 ἀνωτέρω
3630 745 3869 799 προφητιρ

2329 823 2437 887 κῶς
2462 823 2677 892 ἐλέγετο
2696 841 2708 853 ·
2742 821 3254 891 Αίσχυνθήτωσαν
3272 821 3370 874 καὶ
3401 819 3866 889 ἐντραπήτωανν.

2327 916 2446 970 ἀντὶ
2474 914 2563 968 τοῦ
2582 956 2595 979 ,
2624 914 3047 986 Αίχυνθήσονται
3069 912 3161 966 καὶ
3188 910 3644 983 ἐντραπήσονται·
3670 912 3761 965 καὶ
3783 913 3868 965 πά-

2326 1006 2424 1060 λιν·
2444 1008 2500 1062 Ἀ
2509 1007 3025 1076 ποστραςρήτωσαν
3033 1004 3132 1060 καὶ
3146 1003 3774 1073 καταισχυνθήτωσαν,
3789 1004 3869 1057 καὶ

2326 1099 2749 1170 γενηθήτωσαν
2773 1100 2853 1165 ὡς
2876 1098 3043 1177 χοῦς,
3077 1098 3199 1153 ἀντὶ
3235 1096 3361 1151 coii-
3429 1098 3871 1167 Ἀποστραφήσονο

2324 1210 2416 1263 ται
2448 1193 2541 1246 καὶ
2570 1191 3013 1263 αίσχυνθησονται
3065 1193 3159 1246 καὶ
3190 1178 3503 1263 γενήσονται
3530 1189 3608 1252 ὡς
3630 1188 3774 1261 χοῦς.
3805 1189 3871 1243 Τὰ

2326 1282 2433 1352 γὰρ
2461 1281 2742 1354 μέλλονται
2772 1280 3139 1353 συμϐήσεσθαι
3161 1283 3272 1345 τοῖς
3296 1280 3506 1351 ἐχθροῖς
3528 1276 3696 1332 αὐτοῦ
3719 1294 3871 1349 προη-

2324 1375 2566 1445 γόρευεν.
2654 1375 2762 1427 Καὶ
2800 1376 2826 1427 ὁ
2869 1374 2964 1444 μὲν
2996 1371 3105 1445 γὰρ
3137 1374 3398 1445 ἡγήσεται
3436 1373 3561 1444 περὶ
3593 1371 3691 1425 τοῦ
3726 1370 3873 1424 Σαοὺλ

2324 1463 2572 1540 εἰρῆσθαι
2600 1467 2696 1539 τὴν
2726 1467 3088 1539 προκειμένην
3123 1468 3278 1539 ῥῆσιν
3298 1483 3311 1497 ο
3357 1467 3478 1520 ἐπεὶ
3507 1466 3600 1519 καὶ
3626 1464 3875 1519 πέπονθεν

2325 1546 2422 1615 οὐκ
2439 1564 2516 1624 είς
2539 1560 2754 1633 μακρὰν
2772 1559 2943 1613 ταῦτα
2961 1576 2974 1588 ⁸
2998 1560 3158 1629 ἡμεῖς
3176 1558 3253 1617 δὲ;
3282 1558 3615 1629 μεμνημένοι
3638 1556 3750 1609 τῶν
3771 1572 3877 1625 προ-

2325 1654 2660 1725 λελεγμένων
2686 1655 2765 1716 είς
2791 1653 2888 1723 τὴν
2911 1650 3083 1725 ἀρχὴν
3102 1650 3198 1725 τοῦ
3226 1649 3440 1722 ψαλμοῦ
3459 1689 3472 1715 ,
3503 1650 3603 1703 καὶ
3620 1650 3794 1703 ταῦτα
3811 1650 3877 1709 είς

2327 1748 2421 1801 ἕνα
2449 1746 2569 1800 τινὰ
2599 1745 2709 1799 τῶν
2735 1744 2937 1815 νοητῶν
2972 1743 3181 1815 ἐχθρῶν
3211 1743 3302 1796 τὸν
3341 1745 3414 1807 ὠς
3447 1746 3505 1796 ἐν
3532 1742 3708 1814 κακίᾳ
3737 1742 3877 1793 80w-

2330 1840 2590 1911 τώτερον,
2618 1836 2815 1909 δηλαδὴ
2843 1837 2935 1889 τὸν
2956 1834 3199 1889 διάϐολον
3220 1875 3235 1898 ,
3265 1834 3632 1907 ὲκληψόμεθα.

2400 1932 2604 1987 Πάντα
2631 1928 2703 1984 τὰ
2731 1929 2882 1983 ὀστᾶ
2901 1947 3022 2001 μου
3050 1928 3254 1997 ἐροῦσι
3273 1939 3286 1958 ⁸
3320 1929 3492 2003 Κύριε
3510 1968 3526 1993 ,
3553 1928 3651 1994 τίς
3698 1926 3877 1995 ὅμοιός

2327 2040 2460 2089 σοι;
2521 2024 2836 2092 Ῥυόμενος
2882 2018 3118 2089 πτωχὸν
3157 2018 3226 2083 ἐκ
3260 2018 3455 2086 χειρὸς
3487 2016 3879 2086 στερεωτέρων

2313 2115 2511 2170 αὐτοῦ
2531 2156 2546 2179 ,
2596 2114 2691 2168 καὶ
2721 2111 2958 2181 πτωχὸν
2985 2111 3081 2165 καί
3113 2109 3338 2177 πένητα
3361 2110 3477 2165 ἀπὸ
3502 2098 3626 2163 τῶν.
3645 2109 3880 2177 διαρπα-

2327 2206 2541 2267 ζόντων
2574 2206 2777 2259 αὐτόν.
2802 2263 2816 2280 ⁴
2846 2205 3007 2258 Ὀστᾶ
3052 2202 3226 2273 ψυχῆς
3264 2204 3318 2255 αί
3347 2202 3687 2273 διανοητικαὶ
3726 2200 3882 2268 αὐτῆς

2324 2300 2576 2370 δυνάμεις
2591 2300 2666 2361 ὡς
2688 2296 2991 2369 ἔμπροσθεν
3008 2294 3246 2366 εἴρηται·
3270 2292 3633 2366 φωτιζόμεναι
3655 2293 3716 2346 δὲ
3737 2286 3878 2345 αὗται

2326 2396 2388 2447 ἐκ
2414 2394 2512 2463 τῆς
2534 2388 2696 2445 αὐτοῦ
2718 2390 3035 2462 παρουσίας,
3066 2388 3294 2458 φήσουσι
3314 2402 3329 2417 ⁸
3354 2387 3549 2455 Κύριε,
3576 2386 3675 2451 τίς
3697 2384 3882 2453 ὅμοιός

2323 2501 2453 2548 avt;
2479 2484 2541 2537 Εί
2572 2484 2645 2555 μὴ
2664 2482 2772 2553 γὰρ
2794 2485 2857 2535 σὺ
2880 2482 3059 2552 παρῇς
3081 2479 3159 2550 τῷ
3174 2477 3371 2549 πτωχῷ
3387 2520 3402 2545 ,
3429 2478 3524 2531 καὶ
3548 2476 3882 2547 κατηξίωσας

2323 2577 2479 2631 αὐτὸν
2505 2577 2601 2647 τῆς
2624 2574 2773 2644 παρὰ
2802 2571 2895 2626 σοῦ
2920 2571 3193 2643 βοηθείας,
3220 2570 3304 2633 τίς
3328 2570 3394 2624 ἂν
3414 2571 3507 2623 καὶ
3535 2569 3704 2633 πόσος

2323 2668 2482 2732 αὐτὸς
2525 2666 2942 2738 συγκρινόμενος
2979 2667 3091 2728 τοῖς
3131 2661 3401 2726 τοσούτοις
3431 2662 3523 2715 καὶ
3554 2660 3883 2730 τηλικούτοις

2322 2761 2485 2816 αὑτοῦ
2518 2760 2761 2833 ἐχθροίς;
2817 2744 3048 2828 Νοήσεις
3078 2748 3135 2811 δὲ
3169 2757 3264 2810 καὶ
3301 2755 3408 2809 ἀπὸ
3432 2753 3590 2824 ψιλῆς
3619 2754 3729 2824 τῆς
3758 2755 3883 2805 lato-

2324 2852 2444 2923 ρίας
2474 2852 2563 2905 τὸν
2583 2851 2743 2919 -λόγον
2761 2890 2777 2915 ,
2802 2853 2859 2904 ἐν
2891 2850 2967 2921 νῷ
2990 2847 3169 2904 λαὸὼν
3186 2888 3201 2913 ,
3233 2848 3307 2912 ὡς
3332 2846 3545 2918 φεύγων
3566 2847 3595 2899 ὁ
3624 2844 3796 2899 Δαυῒδ
3815 2848 3883 2908 είς

2320 2945 2587 3016 τοσαύτην
2628 2945 2825 3015 ἤλαυνε
2875 2932 3145 3014 πτωχείαν
3167 2982 3182 3006 ,
3229 2940 3370 2994 ὥστε
3422 2940 3600 3011 ἄρτων
3654 2939 3756 2993 καὶ
3796 2934 3883 3009 τῆς

2276 3080 2277 3083 η
2321 3037 2620 3105 ἀναγκαίας
2649 3036 2855 3107 τροφῆς
2886 3034 3171 3118 δεηθῆναι,
3231 3035 3311 3097 είς
3342 3034 3585 3105 ἀνάγκην
3621 3050 3691 3087 τε
3724 3034 3878 3087 exesa

2320 3127 2415 3181 τοῦ
2438 3127 2703 3198 τολμῆσαι
2730 3125 2839 3178 τῶν
2865 3122 3042 3196 ἄρτων
3071 3122 3170 3193 τῆς
3201 3123 3507 3202 προθέσεως
3544 3123 3881 3193 μεταλαόεῖν.

658 3219 764 3272 ret.
793 3212 913 3270 Non
931 3215 1073 3270 enim
1099 3208 1418 3286 deliciarum
1445 3230 1637 3283 causa,
1665 3231 1773 3271 non
1794 3218 1861 3273 de
1885 3203 2098 3286 justiti‘a
2121 3232 2219 3273 sua

2323 3221 2397 3274 Οὐ
2437 3220 2547 3291 γὰρ
2576 3218 2792 3289 τρυφῶν
2826 3219 2917 3271 ἐπὶ
2946 3215 3087 3271 τοῦτ’
3115 3209 3340 3289 ἤρχετο,
3388 3216 3497 3269 οὐδ’
3528 3216 3886 3287 ἐπαιρόμενος

655 3308 854 3376 elatus,
898 3318 1007 3375 non
1035 3308 1295 3380 despectu
1334 3309 1513 3380 legum
1546 3309 1600 3365 id
1654 3324 1945 3381 aggressus
1971 3317 2088 3377 est;
2124 3308 2217 3364 sed

2323 3306 2634 3386 δικαιοσύνῃ
2653 3352 2667 3373 .
2698 3311 2807 3365 οὐδ’
2833 3311 3006 3376 ἄλλως
3042 3309 3394 3381 καταφρονῶν
3424 3307 3517 3363 τοῦ
3542 3308 3714 3379 νόμου
3734 3348 3750 3373 ,
3782 3306 3884 3361 ἀλλ’

656 3415 722 3457 ex
754 3417 947 3471 magna
997 3400 1243 3457 ciborum
1279 3403 1530 3474 penuria.
1563 3401 1931 3470 Quamobrem
1973 3401 2222 3458 Salvator

2323 3402 2387 3455 ἐκ
2423 3401 2619 3473 πολλῆς
2653 3398 2882 3464 ἀσιτίας.
2934 3393 3025 3454 Atri
3057 3418 3222 3472 φησιν
3252 3402 3281 3454 ὁ
3313 3400 3503 3472 Σωτήρ
3523 3418 3534 3427 ·
3593 3402 3726 3454 οὐκ
3759 3400 3883 3454 dré-

654 3492 730 3547 ait
761 3510 776 3543 :
812 3482 936 3548 Non
966 3494 1163 3565 legistis
1213 3494 1341 3565 quid
1373 3493 1553 3563 fecerit
1604 3493 1798 3559 David,
1851 3493 2063 3565 quando
2095 3509 2217 3548 esu-

2321 3486 2507 3564 γνώτε
2537 3494 2591 3547 τί
2615 3493 2862 3571 ἐποίησε
2883 3486 3062 3548 Δὰύῖδ
3079 3533 3092 3557 ,
3125 3482 3222 3561 ὅτε
3247 3493 3565 3556 caetratae;
3592 3493 3714 3561 Καὶ
3737 3492 3887 3554 αὐτὸς

653 3589 745 3641 rtit
778 3588 856 3641 "?
883 3587 1003 3657 lpse
1035 3586 1256 3657 quidem
1287 3602 1492 3657 egenus
1528 3594 1647 3643 erat
1702 3602 1827 3641 cum
1878 3587 2069 3657 paucis
2130 3586 2216 3641 fu-

2326 3582 2521 3657 pévﬁv
2555 3586 2768 3657 πτωχὸς
2805 3586 2903 3639 σὺν
2932 3586 3131 3654 ὀλίγοις
3153 3580 3394 3655 φεύγων·
3425 3588 3473 3638 ei
3500 3584 3544 3637 δ’
3575 3584 3885 3645 ἐλαύνοντες

654 3681 810 3750 giens
848 3700 861 3734 2
893 3683 987 3750 qui
1012 3696 1143 3737 vero
1174 3675 1604 3752 insequebantur
1633 3697 1756 3737 eum
1794 3676 2095 3753 praevalidi.
2138 3682 2221 3754 ip-

655 3784 823 3839 seque
853 3754 984 3823 Saul
1016 3780 1133 3825 erat
1189 3785 1281 3826 rex
1338 3771 1504 3825 totius
1552 3772 1752 3841 gentis,
1806 3787 1870 3826 ac
1917 3773 2215 3843 principes,

654 3857 775 3929 ejus
806 3864 1034 3917 comites
1063 3880 1075 3915 :
1105 3854 1317 3917 necnon
1343 3863 1769 3941 alienigenarum
1794 3866 2024 3920 militum
2050 3867 2219 3938 duces

656 3952 863 4007 Davide
891 3954 1247 4024 potentiores,
1282 3970 1515 4025 quorum
1560 3972 1758 4015 manus
1786 3973 1910 4013 cum
1936 3958 2216 4029 effugeret,

655 4058 763 4098 non
796 4044 1079 4114 ignorabat
1110 4045 1232 4115 quis
1283 4045 1389 4100 sibi
1443 4048 1733 4101 auxiliator
1777 4057 1943 4107 esset.
1994 4046 2060 4104 Et
2106 4051 2220 4105 haec

654 4137 873 4210 quidem
914 4136 981 4192 de
1018 4136 1250 4192 historia
1297 4138 1445 4193 dicta
1500 4138 1630 4193 sint.
1675 4138 1827 4205 Quod
1888 4142 1935 4196 si
1972 4130 2219 4197 occultos

654 4238 818 4303 atque
844 4231 1149 4307 invisibiles
1184 4230 1380 4285 animae
1426 4230 1561 4300 justi
1614 4231 1866 4289 inimicos
1911 4235 2216 4307 intelligas;

655 4338 788 4379 sane
818 4319 1242 4389 animadvertes,
1274 4340 1376 4380 nos
1425 4324 1477 4379 in
1514 4326 1631 4380 acie
1664 4326 1925 4382 adversus
1969 4328 2219 4387 inimicos

653 4418 812 4481 istos,
846 4418 939 4487 qui
963 4418 1200 4473 animam
1234 4434 1449 4499 semper
1474 4428 1722 4476 nostram
1752 4419 2066 4491 depraedare
2103 4428 2220 4478 ten-

2321 3671 2481 3731 αὐτὸν
2513 3674 2753 3729 δυνατοί·
2813 3674 3064 3746 βασιλεὺς
3097 3674 3204 3746 γὰρ
3240 3670 3308 3745 ἧν
3343 3673 3436 3727 τοῦ
3471 3673 3676 3736 παντὸς
3712 3672 3885 3732 ἔθνους

2318 3766 2524 3831 Σαοὺλ,
2557 3769 2654 3821 παὶ
2685 3768 2733 3820 ot
2766 3764 2881 3838 μετ’
2912 3764 3077 3818 αὑτοῦ
3108 3764 3394 3837 ἄρχοντεςυ
3426 3764 3482 3815 οῖ
3507 3779 3566 3815 τε
3594 3762 3713 3815 τῶν
3741 3762 3887 3816 ma

2320 3862 2500 3929 φύλων
2531 3860 2800 3931 πολεμίων
2835 3857 3206 3927 καθηγεμόνες
3234 3854 3585 3927 στερεώτεροι
3617 3855 3777 3917 ὄντες
3803 3853 3884 3908 τοῦ

2318 3953 2511 4020 Δαυῖδ,
2544 3947 2620 4006 ὧν
2649 3952 2747 4015 τὰς
2774 3953 2960 4022 χεῖρας
2987 3949 3402 4020 διαδιδράσκων,
3449 3949 3547 4000 οὐκ
3581 3947 3773 4016 ἠγνόει
3804 3949 3885 4000 τὸν

2320 4046 2483 4101 αὑτοῦ
2511 4045 2724 4116 βοηθόν.
2774 4044 2883 4097 Καὶ
2905 4043 3076 4097 ταῦτα
3112 4044 3209 4114 μὲν
3240 4024 3374 4112 πρδς
3402 4039 3498 4110 τὴν
3534 4040 3802 4109 ἱστορίαν·
3845 4040 3885 4091 εἰ

2318 4139 2377 4193 δὲ
2397 4139 2523 4202 τοὺς
2548 4139 2772 4207 ἀφανεῖς
2794 4136 2887 4190 καὶ
2910 4137 3172 4208 ἅοράτους
3195 4135 3420 4206 ἐχθροὺς
3442 4133 3539 4201 τῆς
3562 4131 3657 4184 τοῦ
3683 4131 3885 4185 δικαίου

2318 4232 2494 4304 ψυχῆς
2526 4232 2805 4301 νοήσειας,
2839 4228 2987 4299 ὕψει,
3020 4228 3095 4293 ώς
3118 4226 3223 4281 οὐδ’
3250 4225 3407 4281 ἄλλον
3434 4222 3628 4295 βοηθοῦ
3659 4222 3886 4294 δεόμεθα

2318 4330 2415 4381 καὶ
2450 4326 2698 4396 Σωτῆρος
2732 4324 2763 4394 ἦ
2802 4321 2895 4377 τοῦ
2928 4320 3161 4394 Χριστοῦ
3190 4318 3350 4373 αὐτοῦ
3391 4320 3447 4371 ἐν
3480 4322 3545 4389 τῇ
3587 4318 3886 4388 παρατάξει

2319 4416 2384 4491 τῇ
2409 4418 2543 4489 πρὸς
2564 4417 2688 4481 τοὺς
2704 4408 2923 4489 νοῆτοὺς
2942 4414 3249 4486 πολεμίους,
3268 4413 3394 4474 τοὺς
3412 4409 3504 4481 τὴν
3524 4409 3709 4479 ψυχὴν
3731 4406 3884 4460 αὑτοῦ

655 4518 794 4572 tant,
842 4512 992 4565 nullo
1036 4512 1143 4575 alio
1197 4502 1446 4584 adjutore
1476 4529 1541 4569 ac
1575 4522 1852 4571 servatore
1902 4529 2060 4585 egere
2112 4517 2219 4571 nisi

2322 4509 2640 4582 διαρπάζειν
2668 4509 2753 4562 ἀεὶ
2767 4508 3152 4579 πειρωμένους.
3184 4505 3520 4575 Ἐπιστήσεις
3548 4500 3606 4554 δὲ
3634 4503 3687 4554 εί
3712 4502 3887 4570 ἕτερός

657 4604 776 4671 ipso
800 4599 1039 4657 Christo.
1066 4603 1318 4660 Animum
1351 4622 1480 4663 vero
1512 4608 1770 4663 intendas
1801 4594 1931 4663 num
1969 4609 2109 4664 alius
2140 4609 2213 4663 sit

2324 4575 2479 4667 ἐστ-ιν
2508 4601 2537 4652 ὁ
2581 4598 2794 4669 πτωχὸς
3005 4597 3095 4649 τὸν
3132 4594 3365 4665 πένητα,
3426 4593 3517 4646 καὶ
3556 4591 3791 4663 πότερον
3826 4592 3884 4660 τῇ

654 4708 857 4765 egenus
894 4710 921 4748 a
953 4711 1209 4767 paupere,
1258 4714 1319 4753 ac
1361 4707 1543 4755 utrum
1575 4717 1633 4757 re
1665 4703 1781 4773 ipsa
1815 4702 2088 4765 differant,
2120 4712 2214 4757 aut

655 4789 829 4842 solum
861 4788 1135 4859 cogitandi
1171 4789 1334 4844 modo
1387 4794 1576 4861 :rquia
1607 4793 1722 4849 ﬁeri
1769 4792 1946 4863 potest
1978 4803 2037 4849 ut
2071 4793 2214 4848 idem

654 4880 729 4934 sit“
749 4894 951 4945 egenus
1000 4887 1053 4935 et
1095 4880 1432 4945 mendicans,
1468 4885 1609 4952 quod
1640 4899 1670 4938 a
1702 4886 1905 4951 divitiis
1929 4903 2065 4963 quas
2098 4888 2205 4958 pri-

651 4972 773 5026 dem
809 4973 1073 5028 habuerat
1110 4970 1404 5041 exciderit;
1465 4983 1627 5046 atque
1674 4994 1779 5033 una
1810 4976 2034 5051 pauper,
2070 4980 2213 5050 quod

652 5064 838 5118 labore
865 5067 1065 5120 victum
1096 5066 1197 5121 sibi
1228 5077 1398 5137 paret.
1646 5055 1653 5062 ’

695 5142 885 5209 Ἲειιε.
921 5155 1006 5209 ii.
1034 5154 1314 5227 Surgentes
1372 5166 1525 5213 testes
1563 5160 1732 5231 iniqui
1758 5180 1872 5234 qua:
1907 5165 2214 5234 ignorabam
2303 5211 2311 5224 .

652 5248 1044 5318 interrogabant
1078 5267 1178 5304 me.
1206 5250 1307 5317 Qui
1340 5266 1448 5306 non
1478 5253 1726 5321 justitiae,
1784 5258 1877 5313 sed
1914 5259 2214 5329 iniquitatis

653 5348 821 5396 testes
860 5348 1010 5402 sunt,
1064 5350 1351 5412 surgentes
1382 5352 1545 5413 atque
1598 5361 1658 5401 se
1702 5350 2002 5407 excitantes
2026 5352 2214 5407 dolose

652 5449 771 5503 quae
796 5436 989 5504 ignoro
1017 5435 1370 5507 interrogant.
1398 5435 1543 5492 Nihil
1566 5441 1766 5511 quippe
1793 5444 1918 5499 mali
1953 5446 2038 5499 vir
2068 5445 2211 5517 frugi

654 5525 847 5592 novit,
895 5526 1097 5581 nemini
1161 5529 1369 5584 scilicet
1424 5531 1795 5601 improborum
1855 5536 2207 5595 admiscetur.

655 5616 1045 5674 Testimonium
1099 5631 1276 5674 autem
1322 5623 1469 5680 illius
1494 5634 1579 5703 est
1619 5626 1773 5693 :Qui“
1814 5640 1982 5685 servat
2017 5650 2212 5702 prtere-

659 5720 821 5773 ptum,
851 5727 953 5765 non
975 5722 1146 5766 nosset
1170 5729 1275 5767 rem
1307 5716 1502 5769 malam
1531 5719 1597 5774 ’°.
1633 5717 1765 5773 Nam
1788 5720 1874 5777 hic
1888 5740 1988 5779 non
2014 5736 2208 5791 noscat,

731 5894 770 5924 ι’
813 5890 998 5948 Matth.
1038 5908 1144 5961 ιιι,
1180 5894 1233 5951 ’5.
1310 5896 1355 5928 ¹⁹
1393 5894 1573 5955 Eccle.
1609 5914 1736 5966 vni,
1771 5900 1822 5956 ὅ.

2322 4692 2643 4755 ὑποστάσει,
2683 4692 2716 4763 ἢ
2749 4694 2813 4763 τῇ
2852 4689 3066 4761 ἐπινοίᾳ
3095 4688 3170 4759 τῷ
3201 4687 3460 4765 ἐγχωρεῖν
3484 4683 3575 4735 τὸν
3601 4683 3769 4736 αὑτὸν
3804 4685 3887 4735 καὶ

2321 4787 2533 4857 πτωχὸν
2552 4782 2689 4841 εῖναι
2713 4784 3098 4856 πτωχεύσαντα
3116 4781 3193 4853 τῷ
3212 4776 3666 4834 ἀποπεπτωκέναι
3689 4771 3755 4831 οὗ
3782 4771 3886 4846 εἶχε

2321 4876 2549 4935 πλούτου
2569 4921 2585 4947 ,
2624 4882 2718 4935 καὶ
2756 4880 2963 4951 πένητα
2998 4875 3075 4946 τῷ
3115 4872 3255 4945 μετὰ·
3287 4871 3449 4926 πόνον
3483 4872 3795 4941 περιποιεῖν
3824 4869 3885 4921 τὰ

2321 4977 2456 5048 πρὸς
2481 4976 2541 5030 τὸ
2568 4976 2771 5046 διαζῇν.

2404 5161 2795 5225 Ἀγαστάντες
2814 5153 3108 5226 μάρτιιρες
3135 5148 3323 5205 ἄδικοι
3346 5147 3383 5201 ἆ
3413 5146 3518 5201 οὐκ
3548 5146 3887 5217 ἐγίνωσκω·

2319 5248 2556 5327 ἠρώτων·
2584 5273 2676 5327 με.
2731 5254 2793 5307 Oi
2823 5249 2896 5320 μὴ
2924 5242 3300 5311 δικαιοσύνης,
3336 5242 3452 5295 ἀλλ’
3483 5240 3703 5304 ἀδικίας
3757 5240 3887 5311 μάρ-

2319 5367 2478 5422 τυρες
2504 5391 2520 5412 ,
2552 5345 2931 5403 διαναστάντες
2962 5340 3054 5392 καὶ
3079 5336 3440 5408 διεγείραντες
3463 5333 3662 5397 αὐτοὺς
3688 5374 3705 5397 ,
3743 5348 3888 5399 σοφι-

2322 5441 2519 5505 στικῶς
2549 5436 2894 5510 ἐπερωτῶσιν
2921 5432 2956 5486 ἃ
3006 5431 3068 5484 ού
3096 5428 3366 5500 γινώσκω.
3426 5427 3606 5482 ,Οὐδὲν
3639 5424 3757 5496 γὰρ
3785 5423 3887 5477 τῶν

2318 5516 2533 5605 φαύλων
2557 5531 2811 5603 γινώσκει
2844 5528 2872 5579 ὁ
2908 5526 3191 5587 σπουδαῖος
3211 5562 3226 5585 ,
3267 5521 3538 5576 τούτέστιν
3568 5518 3753 5571 οὐδενὶ
3785 5515 3885 5569 τῶν

2318 5630 2566 5702 πονηρῶν
2591 5626 2975 5696 ἀνακέκραται.
3002 5619 3313 5691 Μαρτύριον
3338 5617 3426 5671 δέ*
3456 5616 3529 5667 .'O
3547 5611 3887 5702 φυλάσσοις

2594 5679 2986 5791 Ὗγνώσετίιι
3012 5679 3176 5786 ῥῆλια
3202 5679 3485 5779 πονηρόν.
3518 5679 3627 5761 Kal.
3650 5679 3885 5761 ἐνττῖμὶδ
