3966 6344
628 382 755 441 ’511

1351 376 1634 443 ‘EUSEBH
1674 388 2151 444 CASSARIENSIS
2188 390 2338 446 OPP.
2379 391 2562 448 PARS
2597 391 2685 450 ΠΙ.
2724 423 2794 434 --
2858 392 3268 476 EXEGETICA.

3745 364 3750 367 ⁷
3793 402 3884 468 sie

657 504 784 561 Haec
823 513 998 561 autem
1029 507 1223 563 ibidem
1258 509 1394 564 dixit
1444 519 1567 581 post
1597 511 1760 566 illud:
1791 510 1932 566 Erue
1957 529 1989 565 a
2015 513 2217 582 {ramea

2334 517 2696 585 Ἐκκλησίας
2712 516 2961 586 ὑμνήσω
2975 533 3068 571 σε.
3093 516 3279 572 Ταῦτα
3303 518 3359 571 δὲ
3385 520 3500 572 ἐκεῖ
3519 519 3737 588 ἐλέγετο
3759 526 3882 593 μετὰ

659 600 896 654 animum
920 616 1108 664 meam,
1139 610 1188 655 et
1217 600 1282 656 de
1303 618 1464 656 manu
1491 603 1636 658 canis
1669 606 1989 674 unigenitum
2027 623 2214 663 meam.

658 691 816 749 Salva
850 710 927 747 me
958 709 1023 747 ea:
1061 711 1150 749 ore
1177 693 1342 750 leonis
1365 705 1414 750 et
1433 714 1466 750 a
1498 697 1741 752 cornibus
1764 695 2095 754 unicornium
2120 701 2217 754 Itu-

655 785 931 838 militatem
986 801 1177 842 meam.
1231 785 1328 842 His
1384 787 1549 858 igitur
1605 790 1848 845 additum
1908 791 2044 846 illud
2095 803 2215 850 est:

656 875 906 931 Narrabo
944 895 1130 932 nomen
1178 886 1324 931 tuum
1359 879 1616 949 fratribus
1660 882 1811 944 meis,
1841 881 1898 935 in
1939 884 2109 937 medio
2137 901 2219 939 ec-

653 969 829 1023 clesia:
878 969 1110 1023 laudabo
1161 980 1228 1026 te.
1271 970 1328 1026 in
1377 975 1631 1042 przesenti
1683 957 1937 1030 similiter
1984 977 2216 1046 psalmo,

666 1069 958 1130 postquam
994 1059 1241 1116 dixerat:
1269 1060 1500 1116 Restitue
1529 1066 1770 1125 animam
1803 1047 1974 1120 meam
2001 1083 2032 1120 a
2061 1068 2212 1122 mali-

651 1153 850 1223 gnitate
876 1168 1076 1218 eorum,
1110 1170 1142 1207 a
1166 1153 1397 1208 leonibus
1429 1156 1748 1226 unigenitum
1774 1174 1964 1221 meam,
1986 1157 2215 1229 adjecit:

653 1244 957 1315 Conﬁtebor
993 1245 1090 1300 tibi
1127 1247 1182 1300 in
1232 1247 1451 1301 ecclesia
1502 1248 1692 1316 multa,
1733 1249 1788 1304 in
1836 1251 2024 1320 populo
2073 1254 2221 1323 gravi

653 1330 884 1393 laudabo
915 1348 964 1393 te
985 1338 1051 1394 ⁸⁵.
1087 1337 1194 1396 Pro
1241 1341 1334 1397 illo
1364 1349 1565 1410 autem,
1596 1343 1764 1412 gravi,
1799 1341 2016 1414 Aquila,
2043 1363 2216 1407 ossea,

655 1430 846 1494 edidit,
875 1430 930 1486 id
964 1441 1069 1496 est,
1116 1431 1440 1504 fortiz'ossa
1487 1435 1686 1504 quippe
1721 1436 1968 1490 omnium
2002 1454 2123 1508 quze
2161 1439 2219 1492 in

497 1537 506 1544 ‘
593 1557 598 1560 -
653 1535 888 1593 corpore
927 1532 1170 1590 exstant,
1205 1524 1505 1582 fortissima
1547 1537 1603 1581 et
1646 1527 2032 1583 robustissima
2064 1537 2215 1584 sunt.

653 1611 847 1670 Gravis
878 1613 1048 1685 igitur
1078 1623 1183 1679 est,
1215 1615 1311 1686 qui
1337 1614 1598 1672 fundatus
1628 1616 1684 1682 in
1711 1625 1888 1688 petra,
1915 1617 2216 1672 immobilis

653 1710 708 1760 et
736 1705 1002 1763 infractus
1026 1715 1230 1763 manet.
1278 1706 1429 1762 Patri
1465 1708 1651 1779 itaque
1679 1710 1990 1776 confitetur,
2013 1712 2219 1782 gratias

653 1795 758 1866 ipsi
788 1812 954 1868 agens
994 1798 1049 1852 in
1074 1799 1308 1855 ecclesia
1338 1814 1435 1852 sua
1460 1800 1658 1855 multa.
1699 1797 1868 1853 Multa
1899 1801 2098 1870 quippe
2133 1816 2218 1855 re-

2321 609 2415 662 τόσ
2453 608 2657 662 ⁴Ῥῦσιιι
2707 609 2823 663 ἀπὸ
2865 609 3163 678 ῥομφαίας
3209 608 3324 676 τὴν
3364 610 3576 680 ψυχήν
3623 631 3759 681 μου,
3799 616 3887 668 καὶ

2322 704 2391 757 ἐκ
2436 703 2634 773 χειρὸς
2671 703 2858 769 κυνὸς
2884 703 3000 771 τὴν
3010 701 3306 774 μονογενῆ
3328 722 3468 774 μου.
3494 704 3707 759 Σῶσόν
3725 725 3800 775 με
3826 710 3882 762 ἐκ
3942 735 3943 778 ᾗ

2326 796 2618 863 στόματος
2639 794 2905 860 λέοντος,
2931 795 3027 849 καὶ
3053 793 3169 848 ἀπὸ
3202 793 3464 864 κεράτων
3478 799 3886 866 μονοκερὼτων
3942 817 3943 852 1

2323 885 2439 954 τὴν
2479 887 2841 940 ταπείνωσιν
2877 905 3015 957 μου.
3065 887 3311 957 Συνῆπτο
3359 886 3489 956 γοῦν
3533 887 3746 952 τούτοις
3802 893 3882 945 τό’
3942 891 3943 964 Ῐ

2324 974 2688 1046 Διηγήσομαι
2719 977 2784 1030 τὸ
2823 976 3009 1048 ὄνομά
3035 995 3150 1032 σου
3186 977 3309 1044 τοῖς
3337 977 3621 1048 ἀδελφοῖς
3660 997 3804 1050 μου,
3830 982 3888 1036 ἐν
3942 971 3943 976 “

2317 1069 2486 1139 μέσῳ
2517 1068 2881 1145 Ἐκκλησιάς
2911 1068 3161 1140 ὑμνήσω
3194 1087 3287 1124 σε.
3320 1072 3429 1126 Καὶ
3452 1073 3509 1125 ὲν
3538 1075 3655 1136 τοῖς
3683 1090 3888 1145 προκει-
3942 1095 3943 1098 η

2328 1156 2509 1226 μένοις
2552 1143 2947 1228 παραπλησίως
3003 1158 3302 1230 προειπών·
3368 1143 3886 1230 Ἀποκατὰστησογ
3942 1217 3943 1238 1

2324 1247 2440 1315 τὴν
2462 1246 2676 1318 ’ψυχήν
2707 1267 2826 1318 μου
2859 1247 2973 1302 ἀπὸ
3011 1247 3121 1317 τῆς
3149 1250 3502 1321 κακουργίας
3528 1251 3752 1317 αὐτῶν,
3782 1253 3885 1306 ἀπὸ

2321 1338 2586 1391 λεόντων
2612 1335 2726 1405 τὴν
2757 1337 3054 1407 μονογενῆ
3089 1356 3228 1407 μου,
3269 1340 3538 1410 ἐπιλέγει·
3581 1341 3886 1411 Ἐξομολο-
3942 1401 3943 1404 η

2322 1426 2588 1497 γήσομαι
2636 1443 2737 1482 σοι
2775 1428 2845 1481 ἐν
2873 1428 3171 1498 ἐκκλησίᾳ
3205 1429 3426 1501 πολλῇ,
3475 1432 3691 1498 ἐνλιιῷ
3728 1433 3886 1501 ,βαρεῖ

2321 1519 2538 1575 αἰνέσω
2565 1535 2659 1576 σε.
2698 1521 2842 1575 Ἀντὶ
2868 1520 2923 1574 δὲ
2950 1521 3064 1587 τοῦ,
3090 1523 3283 1592 βαρεῖ,
3317 1527 3345 1579 ὁ
3383 1525 3615 1589 Ἀκύλας
3641 1525 3885 1592 ἐξέδωκεν

2323 1613 2592 1678 ὀστετνῳ,
2627 1613 2922 1678 τουτέστιν,
2961 1613 3193 1686 ἰσχυρῷ,
3223 1617 3347 1670 ἐπεὶ
3384 1617 3478 1671 τοῦ
3537 1619 3742 1681 παντὸς
3800 1616 3885 1670 σώ-
3942 1657 3943 1666 η

2326 1722 2492 1776 ματος
2529 1704 2597 1759 τὰ
2625 1705 2971 1760 δυνατώτατα
3000 1708 3093 1760 καὶ
3121 1710 3441 1780 ἰσχυρότατα
3463 1710 3598 1764 ὀστᾶ
3622 1713 3883 1782 τυγχάνει.

2323 1799 2504 1873 Βαρὺς
2534 1797 2626 1856 οὖν
2655 1804 2684 1855 ὁ
2709 1802 2801 1855 ἐπὶ
2830 1801 2926 1874 τὴν
2947 1801 3152 1875 πέτραν
3177 1805 3655 1877 τεθεμελιωμένος,
3699 1809 3728 1859 ὁ
3771 1807 3866 1860 ἀεά

653 1902 781 1943 vera
831 1896 916 1942 est
958 1888 1075 1943 haec
1120 1889 1375 1952 ecclesia,
1411 1903 1574 1957 quam
1611 1888 1665 1942 in
1699 1888 1909 1958 psalmo
1948 1904 2042 1952 xxi
2105 1903 2220 1942 ma-

2334 1900 2504 1958 leu'ro;
2541 1894 2634 1948 xui
2676 1896 2944 1968 ἀρραγὴς.
2999 1895 3090 1966 Τῷ
3129 1897 3304 1950 τοίνυν
3355 1897 3528 1969 Ila-cpi.
3564 1898 3884 1969 ἐξομολογεῖ-

2319 2002 2428 2048 ται,
2463 1983 2799 2055 εὐχαριστῶν
2832 1985 2922 2038 ἐπὶ
2941 1986 3008 2057 τῇ
3038 1983 3358 2065 ’Ἐκκλησία
3398 1983 3564 2038 ἀὑτοῦ
3602 1987 3668 2055 τῇ
3942 2025 3943 2038 χ

2321 2075 2496 2146 Πολλὴ
2518 2076 2626 2148 γὰρ
2655 2077 2730 2141 ὡς
2761 2075 2970 2147 ἀληθῶς
3019 2075 3221 2146 αὓτη-ἠ
3260 2074 3550 2146 Ἐκκλησία
3569 2091 3584 2105 ο
3636 2076 3705 2145 ἦν
3740 2076 3797 2126 ὲν
3823 2074 3886 2142 τῷ

654 1994 818 2052 gnam
851 1980 1091 2044 vocavit,
1126 1971 1349 2035 dicens:
1383 1979 1537 2048 Apud
1567 1988 1615 2033 te
1636 1979 1752 2034 laus
1784 1997 1900 2035 mea
1916 1981 1968 2035 in
2000 1982 2219 2036 ecclesia

655 2090 872 2144 magna.
921 2071 1080 2128 Pater
1113 2069 1278 2142 igitur
1301 2073 1526 2143 gloriam
1562 2071 1708 2128 Filio
1737 2074 1794 2128 in
1837 2075 2074 2130 ecclesia
2100 2089 2218 2126 ma-

657 2181 764 2236 gna
796 2165 1084 2234 conciliat;
1119 2164 1292 2222 Filius
1322 2173 1503 2221 autem
1533 2165 1680 2221 Patri
1711 2167 2008 2222 conﬁtetur
2040 2169 2096 2221 in
2131 2182 2222 2221 ec-

658 2260 825 2316 clesia
873 2260 1069 2326 multa,
1121 2276 1242 2332 quae
1303 2261 1519 2318 scilicet
1570 2261 1630 2317 in
1678 2263 1936 2317 universa
1980 2259 2226 2315 Ecclesia

658 2352 954 2409 stabilitur.

2322 2167 2552 2237 εἰκοστῷ
2597 2167 2798 2240 πρώτῳ
2847 2168 3087 2239 μεγάλην
3134 2167 3415 2238 ὠνόμασεν
3474 2165 3641 2219 εἰπών
3664 2183 3679 2195 ·
3737 2164 3885 2233 Παρὰ
3942 2213 3943 2216 η

2323 2259 2440 2313 σοῦ
2485 2263 2517 2314 ό
2555 2260 2800 2326 ἔπαινός
2837 2279 2954 2330 μου
2978 2262 3077 2345 ζὲν
3097 2261 3396 2328 ἐκκλησίᾳ
3422 2258 3676 2329 μεγάλῃ.
3717 2259 3775 2309 ὐ
3805 2256 3884 2326 μὲν

2301 2346 2414 2404 ὀὖν
2444 2350 2631 2421 Πατὴρ
2653 2351 2870 2406 ἔπαινον
2907 2352 2982 2424 τῷ
3011 2352 3139 2424 rth
3163 2350 3556 2424 κατεργάζεται
3589 2350 3647 2400 ὲν
3680 2347 3887 2415 Ἐκκλη-

659 2449 750 2521 σίᾳ
783 2449 1019 2523 μεγάλῃο
1062 2449 1092 2501 ὁ
1130 2450 1187 2504 δὲ
1207 2450 1334 2513 Υἱὸς
1369 2448 1770 2522 ὲξομὸλογεῖται
1796 2448 1874 2520 τῷ
1915 2447 2089 2519 Πατρὶ
2130 2448 2189 2500 ἐν
2237 2447 2533 2518 Ἐκκλησία
2576 2446 2767 2522 πολλῇ,
2795 2449 2860 2519 τῇ
2901 2447 3029 2517 καθ’,
3053 2449 3182 2520 ὅλης
3208 2448 3306 2520 τῆς
3375 2444 3698 2518 Ἐκκλησεας
3761 2442 3885 2511 ἱδρυ-

661 2541 819 2615 μένῃ.

731 2631 899 2688 Vens.
932 2631 1120 2688 l9-2l.
1178 2633 1301 2688 Non
1348 2634 1768 2704 supergaudeant
1813 2635 1945 2689 mihi
1994 2635 2084 2706 qui
2130 2631 2226 2687 ad-

659 2734 936 2780 versantur
962 2727 1092 2780 mihi
1123 2728 1318 2800 inique,
1345 2731 1432 2800 qui
1477 2728 1700 2784 oderunt
1745 2745 1825 2783 me
1853 2728 2019 2799 gratis
2057 2737 2104 2782 et
2129 2745 2228 2782 an-

602 2857 613 2867 .
648 2827 829 2872 'nuunt
860 2818 1045 2874 oculis.
1077 2819 1339 2886 Quoniam
1383 2821 1510 2876 mihi
1548 2821 2007 2892 quidempaciﬁce
2051 2821 2228 2891 loque-

663 2907 874 2975 bantur,
899 2919 947 2964 et
973 2911 1026 2964 in
1075 2894 1354 2966 iracundia
1392 2912 1540 2966 dolos
1569 2910 1890 2981 cogitabant.
1934 2909 2002 2964 Et
2030 2911 2230 2964 dilata-

2401 2623 2961 2697 M'b‘émxapelnadr
2987 2643 3089 2695 μοι
3124 2628 3178 2680 οἱ
3219 2624 3634 2694 ἐχθραίνοντές
3651 2641 3756 2695 μοι
3779 2624 3886 2680 ddi-

2332 2739 2449 2787 κως
2468 2759 2483 2785 ,
2527 2721 2582 2774 ol
2624 2717 2950 2790 μισοῦντές
2989 2735 3066 2786 με
3114 2716 3340 2785 δωρεὰν
3382 2717 3481 2771 καὶ
3532 2717 3888 2783 διανεύοντες

2335 2809 2680 2880 ὀφθαλμοῖς.
2713 2811 2841 2864 Ὅτι
2882 2808 3012 2880 ἐμοὶ
3050 2807 3167 2878 μὲν
3195 2806 3464 2877 εἰρηνικὰ
3499 2807 3783 2870 ἐλάλουν,
3809 2811 3888 2861 καὶ

2333 2903 2424 2955 ἐπ’
2480 2899 2627 2972 ὀργῇ
2673 2900 2894 2966 δόλους
2941 2897 3352 2969 διελογίζοντο.
3391 2898 3508 2952 Καὶ
3564 2897 3890 2952 ἐπλάτυνιεν

660 3007 841 3051 uerunt
873 3015 1028 3069 super
1059 3017 1139 3054 me
1165 3018 1222 3055 os
1245 3018 1420 3066 suum,
1457 3001 1742 3056 dixerunt:
1776 2999 1940 3070 Euge,
1971 3016 2118 3068 euge,
2163 3001 2233 3055 ui-

2334 2994 2425 3046 ἐπ’
2451 2993 2556 3063 ἐμὲ
2585 2993 2652 3046 τὸ
2687 2992 2881 3060 στόμα
2916 2989 3146 3045 αὐτῶν·
3176 2986 3378 3044 εἷπον·
3421 2985 3597 3058 Εὖγε,
3636 2985 3795 3059 εὖγε,
3821 2985 3886 3042 εἶ-

660 3086 848 3142 derunt
886 3089 1025 3142 oculi
1060 3090 1247 3144 nostri.
1302 3088 1358 3144 Si
1395 3097 1518 3160 post
1576 3091 1885 3160 passionem
1935 3088 2232 3145 Salvatoris

2336 3085 2445 3166 δον
2470 3087 2524 3140 οἱ
2543 3083 2834 3153 ὀφθαλμοὶ
2861 3081 3048 3151 ἡμῶν.
3065 3081 3129 3134 Εἰ
3161 3082 3235 3152 μὴ
3256 3081 3324 3134 τὰ
3339 3080 3468 3151 τέλη
3502 3079 3648 3132 αἴσια
3680 3081 3750 3132 τὰ
3776 3082 3888 3149 μετὰ

661 3178 842 3233 nostri
875 3178 1238 3254 non.faustus
1287 3197 1469 3235 rerum
1501 3181 1682 3236 exitus
1720 3183 1870 3237 risus
1931 3189 2111 3244 esset,
2139 3181 2233 3252 qui

2335 3164 2430 3230 τοῦ
2451 3145 2654 3238 πάθους
2671 3145 2766 3227 τού
2786 3145 3037 3244 Σωτῆρος
3067 3145 3235 3243 ἡμῶν⁷
3253 3145 3480 3243 ἑωρᾶτο,
3507 3171 3644 3242 τάχα
3677 3145 3788 3224 που*
3804 3169 3890 3241 χώο
3942 3173 3943 3184 ‘

662 3266 718 3320 in
744 3283 865 3329 eum
887 3271 1352 3340 conspiraverant,
1374 3273 1422 3327 ei
1450 3272 1864 3342 supergaudendi
1885 3288 1948 3326 ac
1981 3271 2233 3328 deriden-

2343 3283 2439 3338 ραν
2467 3261 2612 3335 εἶχον
2654 3263 3029 3333 καταχαρῆναι
3066 3259 3228 3315 αὑτοῦ
3267 3262 3319 3329 oi
3343 3260 3440 3332 τὴν
3465 3263 3582 3314 κατ’
3617 3259 3780 3313 αὑτοῦ
3812 3276 3886 3310 cm-

653 3357 717 3411 .di
753 3374 876 3413 cum
907 3359 1042 3414 forte
1063 3363 1238 3417 locum
1267 3363 1607 3427 habuissent,
1633 3370 1820 3433 utpote
1845 3363 1937 3433 qui
1962 3361 2029 3416 de
2057 3361 2233 3417 medio

2340 3357 2543 3429 σκευὴν
2577 3353 3041 3428 μεμηχανημένοι,
3073 3354 3150 3419 ὡς
3191 3351 3574 3424 ἀφανισθέντος
3611 3357 3705 3409 καὶ
3746 3355 3886 3428 μηδὲν

665 3447 916 3504 sublatus
964 3452 1102 3506 nihil
1136 3453 1416 3508 valuisset
1445 3473 1461 3508 :
1501 3462 1556 3507 at
1586 3453 1806 3524 quando
1843 3452 2085 3510 Ecclesia
2117 3452 2233 3522 ejus

2339 3449 2693 3522 δεδυνημένου
2717 3466 2732 3480 ·
2767 3449 2890 3503 ἐπεὶ
2910 3448 2966 3502 δὲ
2991 3450 3024 3520 ὴ
3061 3448 3356 3522 Ἐκκλησία
3380 3448 3543 3504 αὐτοῦ
3565 3451 3598 3520 ἡ
3628 3448 3790 3520 πολλὴ
3811 3449 3886 3502 καὶ

663 3542 834 3596 multa
867 3549 921 3596 et
952 3559 1144 3614 magna
1189 3538 1481 3614 pertotum
1507 3547 1693 3600 orbem
1733 3543 2240 3615 resplendet,ipse-

667 3648 775 3702 que
806 3633 1072 3690 hactenus
1128 3636 1183 3689 in
1216 3634 1394 3691 medio
1432 3637 1762 3701 consistens,
1787 3636 2046 3707 populum
2078 3651 2238 3691 suum

642 3739 888 3796 gravem
923 3733 1309 3796 potentemque
1335 3734 1650 3798 congregat,
1677 3743 1740 3782 ac
1778 3742 1875 3797 per
1922 3742 2046 3783 eum
2090 3726 2240 3782 Patri

667 3829 771 3869 suo
800 3815 1090 3870 conﬁtetur
1115 3832 1278 3880 uiam
1313 3817 1405 3880 ubi
1435 3819 1538 3871 duo
1559 3818 1638 3873 vel
1667 3828 1770 3873 tres
1794 3811 2092 3890 congregati
2125 3819 2241 3890 fue-

669 3904 779 3956 rint
809 3903 863 3955 in
890 3905 1094 3965 nomine
1109 3905 1244 3973 ejus,
1269 3907 1378 3962 illic
1403 3925 1518 3963 sum
1543 3911 1596 3964 in
1618 3910 1787 3964 medio
1806 3926 1986 3965 eorum
2009 3911 2052 3942 ’⁵⁵
2076 3929 2090 3978 ;
2116 3912 2240 3981 jure

640 3991 644 3995 ’
672 3994 774 4058 illi,
809 3994 903 4064 qui
937 3996 1132 4052 alienis
1171 3999 1422 4054 lmlantur
1461 4003 1642 4069 malis,
1674 4004 1881 4074 pudore
1907 4004 2120 4069 sull‘usi,
2152 4021 2242 4060 re-

675 4093 767 4139 tro
823 4087 1226 4141 abscesserunt.
1281 4088 1422 4155 Quid
1477 4094 1622 4146 enim
1669 4094 1953 4149 inimicitia
2012 4093 2242 4166 dignum

671 4175 916 4248 perpessi
945 4183 1154 4232 tantum
1185 4178 1303 4247 ejus
1325 4183 1511 4238 odium
1543 4185 1840 4251 ceperunt?
1865 4182 2045 4249 Quare
2072 4184 2244 4255 Aqui-

671 4266 746 4331 la,
784 4269 897 4322 sine
925 4285 1112 4335 causa,
1147 4270 1537 4342 interprcwtus
1571 4271 1674 4328 est.
1704 4273 2036 4328 Annuebant
2063 4286 2243 4330 autem

671 4363 846 4418 oculis
871 4379 954 4418 me
985 4364 1317 4434 deridentes,
1349 4366 1838 4437 institutionieque
1873 4381 2023 4420 meas
2050 4366 2117 4420 ad
2151 4382 2242 4422 sa-

672 4455 931 4527 pientiam
955 4456 1115 4528 datas
1145 4461 1512 4517 traducentes.
1533 4459 1819 4529 Deinceps,
1850 4457 1981 4511 Mihi
2011 4453 2240 4526 quidem,

673 4547 872 4619 inquit.
902 4551 1116 4619 paci/we
1147 4551 1510 4623 loquebamur,
1554 4552 1650 4608 sed
1699 4552 1755 4606 in
1787 4552 1954 4607 corde.
1991 4565 2092 4606 suo
2116 4537 2118 4539 ’
2142 4549 2241 4604 do-

673 4640 756 4696 los
786 4647 840 4695 et
871 4641 1207 4695 iracundiam
1254 4644 1674 4699 meditabantur.
1718 4644 1847 4700 Haec
1890 4651 2072 4698 autem
2111 4649 2241 4697 tunc

676 4733 893 4802 impleta
916 4720 1212 4798 sunt,'cum
1237 4735 1496 4790 Pharisaei
1549 4739 1893 4793 occasionem
1954 4743 2240 4807 captantes

677 4822 931 4877 dicebant
963 4824 1041 4878 illi
1073 4844 1086 4878 :
1113 4821 1388 4895 Magister,
1419 4827 1616 4882 scimus
1639 4828 1763 4896 quia
1781 4843 1938 4882 veram
1964 4845 2038 4892 es,
2062 4837 2110 4882 et
2131 4843 2244 4880 ver-

683 4912 803 4966 bum
827 4914 926 4969 Dei
959 4917 1008 4968 in
1033 4917 1248 4971 veritate
1262 4919 1435 4982 doces,
1471 4928 1520 4990 et
1546 4935 1649 4973 non
1682 4928 1768 4975 est.
1792 4920 1884 4971 tibi
1906 4936 2033 4973 cura
2055 4920 2115 4975 de
2147 4919 2250 4973 ali-

677 5023 778 5076 quo
802 5024 822 5072 ;
854 5026 955 5063 non
982 5013 1118 5068 enim
1155 5012 1368 5080 respicis
1390 5029 1666 5081 personant
1688 5028 1706 5085 ;
1732 5011 1816 5069 dic
1834 5029 1952 5081 ergo
1975 5014 2143 5079 nobis,
2178 5015 2272 5068 li-t

678 5111 757 5154 cet
807 5117 1018 5158 censum
1065 5105 1194 5159 dare
1235 5104 1438 5159 Ctesari
1468 5123 1535 5158 an
1589 5121 1691 5160 non
1712 5103 1806 5158 “i
1839 5103 2010 5161 Hasce
2043 5108 2246 5177 quippe

679 5189 854 5252 Voces.
874 5209 998 5249 cum
1039 5197 1164 5251 dolo
1192 5197 1542 5267 proferebant
1581 5215 1595 5252 :
1627 5212 1796 5268 quare
1817 5197 1929 5250 hate
1964 5199 2116 5266 prius
2147 5197 2245 5252 ad-

683 5286 970 5341 umbrabat
1005 5285 1090 5341 his
1122 5288 1302 5342 verbis
1329 5307 1342 5342 :
1375 5286 1432 5342 Μ
1438 5288 1510 5346 illi
1549 5274 1772 5359 quidem
1820 5290 2037 5359 paciﬁce
2067 5291 2246 5362 loque-

639 5366 642 5370 ’
682 5377 892 5442 bantur,
915 5386 965 5432 et
986 5379 1041 5430 in
1070 5377 1344 5433 iracundia
1365 5380 1514 5434 dolos
1545 5382 1868 5449 cogitabant.
1896 5378 2000 5434 Sed
2017 5381 2106 5436 hic
2130 5382 2252 5453 qui-

681 5466 805 5519 dem
830 5466 1018 5521 dolose
1050 5481 1173 5522 cum
1199 5481 1263 5522 eo
1290 5470 1560 5540 colloquia
1597 5471 2005 5542 miscebant;at
2031 5472 2087 5526 in
2118 5472 2244 5537 line,

683 5565 929 5628 tempore
953 5559 1244 5628 passionis,
1267 5561 1426 5629 pleno
1449 5576 1544 5616 ore
1570 5563 1900 5631 clamabant,
1929 5567 2247 5636 sanguinem

684 5648 805 5719 ejus
837 5657 1150 5720 expetentes
1179 5665 1341 5721 super
1370 5668 1429 5708 se
1455 5663 1510 5709 et
1537 5669 1700 5725 super
1729 5655 1870 5711 ﬁlios
1901 5671 2033 5713 suos
2059 5681 2070 5714 :
2102 5659 2248 5730 quod

776 5829 1280 5904 “Psal,xx1.2‘3,25.
1327 5833 1372 5869 ⁸³
1411 5835 1598 5895 Matth.
1634 5838 1925 5907 xv1u,‘20.
2002 5840 2048 5874 “
2085 5839 2272 5898 Matth.

2344 3543 2552 3617 μεγάλη
2587 3542 2879 3614 διαλάμπει
2926 3543 3046 3596 καθ’
3083 3542 3209 3616 ὅλης
3247 3543 3344 3614 τῆς
3365 3543 3710 3614 οἰκουμένης·
3753 3541 3886 3603 αὑτός

2338 3653 2398 3689 τε
2426 3636 2595 3705 εἰσέτι¹
2615 3636 2708 3690 καὶ
2729 3634 2824 3688 νῦν
2854 3637 2910 3689 ἐν
2939 3632 3090 3704 μέσῳ
3115 3633 3284 3698 ἑστὼς
3308 3637 3598 3706 συγκροτεῖ
3629 3636 3717 3688 τὸν
3743 3634 3886 3704 βαρὺν

2341 3730 2436 3785 καὶ
2460 3713 2680 3784 δννατδν
2715 3726 2879 3781 αὑτοῦ
2919 3726 3065 3791 λαὸν,
3097 3726 3190 3780 καὶ
3219 3725 3616 3796 ὲξομολογεῖται
3650 3727 3713 3779 δι’
3735 3724 3884 3779 αὐτῶν

2341 3819 2419 3892 τῷ
2469 3819 2661 3874 ἑαυτοῦ
2710 3816 2911 3890 Πατρί·
2951 3817 3136 3869 Ὅπου
3185 3816 3293 3888 γὰρ
3335 3815 3444 3870 δύο
3486 3816 3525 3885 ἣ
3572 3817 3727 3885 τρεῖς
3765 3832 3886 3869 συγ-

2341 3911 2587 3982 ηγμένοι
2614 3913 2702 3977 εἰς
2727 3909 2791 3964 τὸ
2808 3907 2992 3963 αὑτοῦ
3009 3908 3218 3978 ὄνομα,
3237 3908 3366 3963 ἐκεῖ
3378 3911 3494 3980 εἰμὶ
3523 3911 3593 3964 ἐν
3614 3911 3774 3981 μέσῳ
3799 3913 3885 3963 αὺ-

2342 4006 2488 4060 τῶν·
2514 4006 2737 4068 εἰκότως
2765 4004 2813 4055 οἱ
2846 4001 3332 4074 ὲπιχαιρεσίκακοι,
3365 4004 3625 4076 αἰσχύνην
3649 4003 3885 4076 καταχεὰ-
3942 4007 3943 4010 “

2347 4115 2519 4168 μενοι,
2545 4083 2972 4168 ἀπεστράφησαν
2998 4094 3076 4156 εἰς
3101 4081 3168 4147 τὰ
3189 4094 3382 4150 ὀπίσω,
3415 4094 3482 4147 Τί
3510 4095 3620 4165 γὰρ
3643 4095 3735 4149 καὶ
3763 4094 3884 4157 ἄξιον

2344 4187 2543 4261 ἔχθρας
2581 4186 2842 4249 παθόντες
2877 4186 2937 4238 τὸ
2969 4185 3104 4258 πρὸς
3148 4187 3305 4241 αὐτὸν
3337 4187 3533 4259 ἤραντο
3575 4191 3753 4259 pio-0;;
3799 4185 3884 4239 διό-

2345 4297 2453 4352 περ
2505 4280 2532 4331 ὁ
2567 4276 2818 4340 Ἀκύλας,
2867 4276 3162 4346 ἀναιτίως,
3191 4279 3522 4350 ἡρμήνευσε.
3573 4283 3804 4332 Διένευον
3842 4275 3885 4327 δὲ

2346 4370 2641 4442 ὀφθαλμοῖς
2690 4368 3037 4440 χλευάζοντες
3081 4371 3282 4438 αὐτὸνἸ
3327 4373 3418 4425 καὶ
3456 4371 3792 4444 διασύροντες
3834 4365 3888 4419 τὰ

2309 4485 2319 4535 '_
2346 4465 2444 4535 τῆς
2483 4462 2672 4532 σοφίας
2709 4478 2806 4532 μου
2852 4462 3210 4534 παιδεύματα.
3255 4458 3409 4526 Εἶτα,
3453 4461 3609 4530 Ἐμοὶ
3648 4461 3778 4532 μὲν,
3804 4474 3885 4527 φη-

2347 4556 2451 4621 σὶν,
2479 4553 2748 4622 εἰρηνικὰ
2787 4553 3072 4619 ἐλάλουν,
3106 4555 3161 4608 ἐν
3194 4554 3250 4608 δὲ
3280 4557 3345 4624 τῇ
3378 4553 3578 4624 καρδία
3623 4551 3790 4606 αὐτῶν
3821 4549 3885 4602 δὸ-

2345 4647 2469 4709 λους
2527 4647 2621 4699 καὶ
2673 4646 2840 4718 ὀργὴν
2907 4644 3280 4714 διελογξζοντο.
3323 4632 3657 4714 Ἐπληροῦτο
3705 4644 3756 4696 δὲ
3814 4642 3884 4695 καὶ

2343 4738 2537 4806 ταῦτα,
2570 4739 2658 4792 ὅτε
2705 4738 2876 4802 λαϐὰς
2919 4736 3223 4810 θηρώμενοι
3279 4733 3461 4806 ἔλεγον
3495 4736 3632 4807 πρὸς
3671 4735 3814 4788 αὑτὸν
3849 4732 3884 4783 οἱ

2343 4829 2640 4901 Φαρισαῖον
2694 4827 3062 4891 Διδάσκαλε,
3124 4826 3385 4895 οἴδαμεν,
3431 4825 3521 4880 ὅτι
3565 4824 3782 4894 ἀληθὴς
3827 4818 3882 4884 εἴ,

2346 4920 2445 4974 καὶ
2483 4921 2590 4975 τὸν
2628 4925 2812 4992 λόγον
2838 4920 2943 4974 τοῦ
2981 4920 3128 4974 Θεοῦ
3155 4917 3248 4984 ἐπ’
3281 4918 3564 4985 ἀληθείας
3601 4916 3882 4982 διδάσκεις,

2347 5014 2443 5067 καὶ
2475 5017 2544 5068 οὐ
2592 5012 2764 5082 μέλει
2807 5031 2907 5067 σοι
2944 5014 3077 5081 περὶ
3112 5009 3390 5076 οὖδενός’
3427 5011 3498 5064 οὺ
3540 5011 3648 5079 τὰρ
3672 5009 3882 5074 ,βλέπεις

2347 5107 2433 5170 εὶς
2468 5107 2820 5173 πρόσωπον·
2875 5103 3004 5159 εἰπὲ
3056 5097 3169 5157 οὖν
3216 5101 3392 5171 ἡμῖν·
3425 5101 3666 5166 Ἔξεστι
3712 5101 3882 5155 δοῦναι

2348 5194 2580 5262 κῆνσον
2623 5197 2875 5265 Καίσαρι
2919 5194 2958 5264 ἢ
2991 5193 3098 5255 οὔ;
3148 5193 3362 5255 Ταύτας
3397 5191 3507 5261 γὰο
3554 5193 3732 5256 δολίως
3781 5206 3880 5260 προ»

2351 5286 2543 5358 έφερον
2575 5288 2672 5352 τὰς
2701 5287 2881 5356 φωνάς
2900 5302 2914 5316 ο
2953 5283 3034 5337 διὸ
3065 5282 3349 5356 προλαϐὼν
3380 5282 3532 5338 ταῦτ’
3560 5286 3786 5358 ᾐνίττετο
3806 5282 3878 5352 φά·

2353 5395 2497 5431 σκων
2516 5394 2530 5408 ’
2579 5379 2739 5448 Ἐμοὶ
2767 5377 2880 5449 μὲν
2909 5377 3174 5444 εἰρηνικὰ
3215 5373 3499 5441 ἐλάλουν,
3530 5379 3627 5432 καὶ
3660 5379 3746 5432 ἐπ’
3768 5369 3881 5443 ὀργά

2353 5471 2572 5537 δόλους
2599 5469 3008 5541 διελογίζοντο.
3054 5469 3189 5522 Ἀλλ’
3214 5471 3444 5525 ἐνταῦθα
3488 5472 3586 5544 μὲν
3613 5470 3782 5530 δολίως
3807 5465 3878 5525 τὰς

2355 5565 2490 5631 πρὸς
2523 5565 2683 5618 αὐτὸν
2706 5562 2985 5617 ἐποιοῦντο
3013 5559 3228 5634 δμιλίας
3247 5582 3260 5595 ·
3297 5565 3356 5618 ἐν
3380 5564 3523 5617 τέλει
3549 5581 3612 5631 γε
3647 5562 3746 5635 μὴν
3775 5557 3877 5612 κατὰ
3942 5579 3943 5582 η

2355 5659 2446 5712 τὸν
2479 5659 2666 5730 καιρὸν
2684 5658 2777 5713 τοῦ
2811 5656 3012 5720 πάθους
3039 5657 3143 5728 ὅλῳ
3167 5657 3244 5729 τῷ
3275 5657 3503 5729 στόματι
3530 5651 3865 5713 ἐϐόωναίτοῦν

2310 5857 2422 5897 xxu
2502 5840 2562 5883 tt;
2615 5841 2691 5885 l7.
