3966 6344
21 407 120 464 315

1107 411 1642 504 ¹σοιιιιιςιιτιιιιυι
1679 414 1750 472 1N
1787 411 2129 473 PSALnos.

3179 422 3287 481 ’διι

21 541 100 587 τες
128 523 303 578 αὐτοῦ
339 525 402 578 τὸ
428 521 567 598 αἷμα
593 525 713 582 καθ’
735 524 941 580 ἑαυτῶν
970 526 1228 592 καὶκατὰ
1260 527 1369 582 τῶν
1409 528 1600 584 τέκνωι

1718 530 1898 600 ipsum
1922 527 2015 584 hic
2042 524 2306 598 declarat,
2333 536 2410 585 ita
2440 529 2670 602 loquens
2702 547 2716 585 :
2744 527 3111 586 Dilataverunt
3133 547 3289 601 super

25 616 192 670 αιτῶν
212 635 226 647 ·
259 618 293 672 ὃ
322 619 392 691 δὴ
413 621 507 674 καὶ
539 620 691 696 αὐτῷ
721 619 1015 692 παρίστησι
1055 620 1144 675 διὰ
1179 621 1288 675 τῶν
1312 622 1608 694 προκειμέ-

21 726 114 760 νων
142 707 328 776 λέγων
346 725 360 739 ’
397 710 774 765 Ἑπλάτυναν
804 710 896 763 ἐπ’
917 708 1020 779 ἐμὲ
1050 707 1116 762 τὸ
1146 712 1340 782 στόμα
1371 712 1599 770 αὐτῶν.

23 795 122 852 Εἶτ’
157 799 362 868 ἐπειδὴ
409 800 678 872 παρεδόθη
711 801 893 865 αὐτοῖς
935 800 1010 864 ὡς
1042 800 1310 870 πρόϐατον
1341 805 1433 858 ἐπὶ
1467 822 1606 875 σφα-

21 893 133 963 γὴν,
177 893 282 947 καὶ
320 892 404 957 ὡς
432 894 614 966 ἀμνὸς
655 895 855 957 ἄκακος
897 893 1135 947 ἐναντίον
1188 894 1282 948 τοῦ
1325 899 1605 970 κείραντος

22 987 248 1053 ἄφωνος,
286 987 526 1059 ὁρῶντες
555 987 716 1041 αὐτοῦ
749 987 809 1041 τὸ
845 986 1017 1051 πάθος
1053 987 1396 1058 ἐπεφώνουν·
1431 987 1602 1057 Εὖγε,

21 1076 170 1149 εὖγε,
203 1077 384 1135 εἶδον
411 1085 465 1135 οι
495 1081 786 1150 ὀφθαλμοί
817 1079 1004 1150 ἡμῶν.

80 1167 272 1238 Εἶδες,
316 1174 531 1242 Κύριε,
564 1172 650 1241 μὴ
697 1173 1190 1243 παρασιωπιξσῃς.
1248 1173 1358 1226 Καὶ
1399 1172 1602 1228 ἄνωθεν

24 1262 160 1318 εἷπε·
215 1266 382 1320 Πότε
437 1266 669 1334 sxum;
722 1266 818 1320 καὶ
877 1266 967 1320 διὰ
1021 1266 1129 1321 τῶν
1183 1266 1556 1338 προκειμένων
1584 1285 1598 1300 ο

26 1357 206 1422 Εἶδες,
238 1358 445 1426 Κύριε.
471 1357 534 1409 Τί
563 1355 618 1410 δὲ
665 1353 832 1423 εἷδεν;
873 1358 959 1424 Ὠς
1002 1357 1191 1423 δολίως
1242 1357 1388 1428 αύτῷ
1434 1375 1603 1432 προσ-

25 1451 198 1520 ῄεσαν,
233 1453 336 1504 καὶ
379 1451 453 1514 t'o;
491 1449 794 1506 ἐπλάτυναν
843 1453 962 1505 κατ’
999 1451 1162 1506 αὑτοῦ
1200 1453 1260 1505 τὸ
1294 1453 1466 1522 στόμα
1509 1453 1604 1507 αύ-

27 1544 140 1606 τὼν,
177 1545 278 1596 καὶ
306 1543 388 1606 ὡς
419 1542 536 1596 κατ’
569 1543 734 1614 εύχὰς
775 1544 1082 1616 πράξαντες
1125 1545 1392 1598 ἐπεϐόων·
1423 1541 1599 1614 Εὖγε,

24 1630 182 1703 εὖτε,
230 1629 408 1687 altior
452 1637 507 1687 al
559 1635 851 1703 ὀφθαλμοὶ
903 1634 1090 1705 ἡμῶν.
1144 1636 1215 1689 Σὺ
1246 1635 1354 1711 δὲ,
1406 1637 1598 1706 Κύριε,

23 1726 182 1777 ταῦτα
219 1723 582 1796 θεασάμενος,
629 1727 997 1798 ἁνασχόμενός
1031 1745 1088 1782 τε
1121 1729 1214 1782 καὶ
1249 1728 1600 1801 μακροθυμή-

30 1835 134 1881 ειις,
155 1816 243 1887 μὴ
269 1819 784 1889 παρασιωπήσῃς·
821 1820 935 1874 ἁλλ’
962 1821 1244 1876 ἀναλαϐὼν
1284 1822 1345 1875 τὸ
1390 1822 1490 1893 τῆς
1525 1822 1602 1876 δι-

1707 637 1790 676 me
1833 638 1892 676 os
1942 637 2118 677 suum.
2149 620 2376 678 Deinde
2401 622 2532 695 quia
2565 622 2704 695 ipsis
2741 621 2978 679 traditus
3013 622 3116 679 fuit
3143 625 3287 680 sicut

1706 714 1828 770 ovis
1859 713 1928 770 ad
1963 713 2382 786 jugulationem,
2419 723 2475 771 et
2512 716 2657 771 sicut
2687 729 2862 787 agnus
2899 715 3020 770 sine
3051 716 3282 783 malitia,

1709 814 1894 864 coram
1926 806 2188 863 tondente
2215 807 2337 864 sine
2357 823 2516 872 voce,
2533 808 2785 885 videntes
2818 807 2938 878 ejus
2968 809 3282 885 passionem

1708 898 1790 954 sic
1835 897 2278 954 vociferabantur
2329 914 2344 956 :

1707 991 1897 1046 nostri.

2409 883 2578 970 Euge,
2636 898 2814 958 Euan!
2855 898 3096 954 viderunt
3143 883 3286 955 ticali

1787 1167 2157 1227 Vens.‘l3-26.
2224 1167 2435 1234 Vidisti,
2479 1168 2724 1229 Domine.
2774 1187 2839 1226 ne
2887 1169 3068 1228 sileas.
3107 1169 3283 1243 Supe-

1705 1262 1821 1318 rius
1854 1261 1992 1317 dixit
2044 1283 2057 1318 :
2100 1262 2325 1330 Quando
2370 1265 2654 1332 respicies?
2702 1263 2758 1318 in
2801 1264 3057 1334 praesenti
3102 1278 3280 1318 vero:

1716 1352 1927 1419 Vidisti,
1950 1354 2221 1413 Domine?
2249 1356 2453 1430 Ecquid
2472 1358 2645 1414 vidit?
2664 1357 2821 1435 Quod
2853 1358 3042 1414 dolose
3067 1375 3128 1414 se
3148 1374 3284 1414 con-

1704 1448 2072 1514 venerint,-ct
2130 1449 2275 1519 quod
2331 1450 2685 1507 dilataverint
2743 1460 2938 1508 contra
2991 1453 3170 1523 ipsum
3219 1466 3284 1508 os

1705 1556 1890 1600 suum.
1917 1548 1972 1595 et
2015 1541 2185 1611 quod,
2230 1534 2287 1596 re
2340 1558 2440 1613 pro
2497 1551 2626 1598 voto
2681 1545 3280 1615 gesta,clamaverint:

1654 1680 1661 1687 .
1705 1632 1873 1705 Euge,
1893 1631 2035 1704 Euge
2055 1633 2076 1686 .'
2106 1632 2344 1688 uiderunt
2366 1635 2506 1689 oculi
2538 1637 2726 1689 nostri.
2748 1634 2830 1690 Tu
2861 1644 3067 1701 autem,
3099 1633 3285 1690 Domi-

1704 1741 1792 1794 ne,
1821 1723 1924 1798 qui
1960 1727 2074 1782 haec
2095 1726 2310 1793 vidisti,
2347 1728 2443 1785 sed
2482 1728 2756 1800 patienter
2786 1743 2852 1784 ac
2881 1727 3160 1785 moderate
3194 1739 3288 1784 tu-

1705 1819 1840 1887 listi,
1875 1836 1938 1876 ne
1959 1820 2116 1875 sileas
2145 1837 2163 1876 :
2195 1821 2290 1878 sed
2321 1830 2604 1894 assumpto
2621 1822 2850 1895 justitize
2883 1830 2988 1877 tuae
3020 1820 3281 1877 tribunali

26 1910 311 1984 καιοσύνης
341 1929 434 1965 σου
465 1914 744 1986 κριτήριον
764 1915 887 1986 λέγε
907 1933 920 1946 ·
956 1916 1142 1971 Ταῦτα
1163 1916 1474 1984 ἐποίησας,
1502 1917 1600 1971 καὶ

1707 1911 1794 1966 dic
1832 1931 1844 1966 :
1877 1911 2008 1967 Ηιιιο
2051 1914 2243 1984 fecisti,
2270 1923 2319 1968 et
2369 1916 2509 1969 tacui
2548 1915 2631 1982 ιτς
2680 1929 2744 1969 ac
2772 1904 2994 1969 rursum
3027 1933 3040 1970 :
3087 1911 3278 1976 Tacui,
3355 1922 3361 1929 '

25 2003 308 2072 ἑσίτησα·
347 2007 444 2060 καὶ
472 2006 629 2061 πάλιν
653 2025 667 2039 ·
711 2007 1074 2076 Ἐσιώπησα,
1096 2009 1183 2079 μὴ
1214 2010 1312 2064 καί
1339 2009 1430 2064 ἀεὶ
1461 2027 1600 2064 σιω-

27 2093 320 2164 aiio-opas;
370 2095 752 2168 Ἀνθρωπίνως
771 2091 827 2145 δὲ
877 2098 1108 2151 ἱκετεύει
1147 2096 1318 2165 λέγων
1346 2098 1485 2170 πρὸς
1510 2097 1600 2152 τὸν

27 2186 205 2241 ἑαυτοῦ
245 2174 509 2260 Πατέρα·
549 2189 648 2258 Μὴ
681 2188 956 2257 ἀποστῇς
979 2189 1078 2242 ἀπ’
1109 2188 1286 2259 ἐμοῦ
1318 2189 1432 2256 καὶ,
1469 2190 1598 2256 Ἐξ-

27 2279 286 2349 εγέρθητι
321 2283 423 2336 καὶ
463 2285 727 2352 πρόσχες
753 2280 828 2350 τῇ
854 2282 1069 2350 κρίσει,
1102 2285 1134 2337 ὀ
1173 2283 1316 2350 Θεός
1337 2301 1456 2354 μου
1499 2285 1597 2338 καί

28 2372 54 2423 o'
78 2373 289 2439 ΚιῬιός
327 2389 451 2442 μου
495 2375 582 2438 εἰς
630 2372 746 2439 τὴν
790 2371 969 2441 δίκην
1001 2390 1139 2442 μου.
1177 2374 1334 2428 Κατά
1370 2375 1478 2446 γὰρ
1510 2374 1600 2428 τὸν

29 2464 202 2533 καιρὸν
233 2463 334 2517 τού
367 2465 505 2536 ὑπὲρ
534 2463 690 2535 ἡμῶν
717 2462 922 2528 πάθους
945 2465 1195 2530 τοιαύτας
1216 2466 1366 2536 ἠφίει
1393 2465 1596 2536 φωνὰς,

29 2555 104 2607 ἶνα
150 2555 420 2626 πιστευθῇ
469 2555 754 2628 ἄνθρωπος
806 2556 1083 2628 ἀτρεκέως
1151 2558 1292 2612 κατὰ
1341 2558 1596 2630 ἀλήθειαν

32 2648 274 2716 γεγονὼς,
302 2650 398 2702 καὶ
423 2648 513 2702 τὸν
537 2649 678 2720 ὑπὲρ
710 2649 864 2721 ἡμῶν
895 2649 1122 2705 θάνατον
1143 2651 1402 2714 ἑκουσίως
1434 2668 1598 2704 κατα-

29 2740 321 2810 δεύμενος.
377 2739 488 2794 Kal
528 2739 614 2809 μὴ
661 2740 1096 2810 ἐπιχειρήσειαν
1125 2759 1248 2810 μοι,
1281 2741 1368 2811 μὴ
1416 2742 1597 2796 εἴποι-

27 2848 135 2884 car
183 2832 256 2884 ἑν
306 2832 581 2900 καρδίαις
618 2831 846 2886 αὐτῶνθ
899 2829 1076 2903 Εὖγε,
1124 2829 1284 2902 εὖγε,
1331 2835 1370 2902 7i
1424 2833 1595 2903 ψυχὴ

28 2924 216 2994 ὴμὼνί
257 2925 418 2995 μηδὲ
461 2926 772 2980 εἵποισανο
821 2927 1187 2997 Κατεπίομεν
1229 2927 1440 3006 αὺτόκ.
1495 2925 1595 2980 Σοῦ

27 3021 145 3091 γὰρ,
161 3021 352 3090 φησιν,
372 3018 748 3084 ἐπεξελθόντος
772 3022 882 3083 τοῖς
900 3019 1340 3092 τετολμημένοις,
1369 3018 1460 3072 καὶ
1483 3019 1598 3092 κρί-

29 3129 203 3178 ναντος
238 3111 382 3166 κατὰ
408 3112 509 3183 τὴν
542 3110 887 3182 δικαιοσύνην
937 3127 1051 3176 σου,
1095 3111 1194 3164 οὐκ
1239 3112 1596 3184 ἐπιχαρήσον-

28 3221 135 3265 ται,
186 3203 297 3256 οὐδ’
345 3201 564 3275 ἐροῦσιν
609 3204 668 3255 ὲν
705 3208 826 3267 ταῖς
874 3203 1126 3275 καρδίαις
1157 3205 1367 3257 αὐτῶν·
1417 3200 1594 3275 Εὖγε,

1707 2024 1776 2061 an
1797 2016 1996 2076 semper
2018 2007 2196 2062 tacebo
2213 2009 2296 2063 ‘3?
2327 2007 2576 2065 Humano
2605 2018 2787 2064 autem
2812 2021 2966 2064 more
2998 2005 3149 2061 Patri
3177 2020 3282 2062 suo

1707 2099 1980 2170 supplicat
2012 2101 2098 2154 bis
2130 2100 2313 2155 verbis
2352 2120 2365 2156 :
2403 2099 2487 2155 Ne
2534 2100 2777 2156 discedas
2807 2119 2840 2155 a
2885 2115 3008 2165 me;
3034 2106 3088 2153 et
3123 2117 3138 2154 :
3169 2097 3284 2154 Ea:-

1705 2208 1857 2262 surge
1883 2201 1934 2246 et
1961 2192 2167 2246 intende
2201 2192 2408 2262 judicio
2433 2208 2568 2256 meo,
2597 2191 2740 2246 Deus
2763 2207 2907 2247 meus
2939 2201 2988 2246 et
3019 2189 3280 2245 Dominus

1705 2299 1850 2338 meus
1871 2284 1925 2336 in
1941 2299 2159 2336 causam
2191 2300 2378 2339 meam.
2409 2283 2677 2352 Tempore
2708 2297 2945 2353 namque
2981 2297 3080 2351 pro
3119 2281 3280 2336 nobis

1705 2382 1971 2446 susceptae
2003 2375 2278 2445 passionis
2309 2376 2446 2430 tales
2467 2374 2746 2429 emittebat
2776 2388 2960 2438 voces,
3000 2382 3058 2425 ut
3083 2371 3277 2426 crede-

1704 2476 1855 2524 retur
1884 2469 2044 2524 homo
2064 2469 2239 2524 factus
2262 2469 2562 2525 secundum
2592 2469 2672 2524 rei
2705 2467 3088 2531 veritatem,ac
3114 2471 3280 2534 spon-

1702 2564 1757 2612 te
1780 2572 1880 2627 pro
1918 2559 2078 2614 nobis
2103 2567 2335 2614 mortem
2390 2559 2726 2630 suscepisse.
2760 2557 2828 2612 Et
2852 2574 2955 2612 non
2985 2572 3279 2626 supergau-

1702 2647 1859 2703 deant
1888 2648 2035 2714 mihi,
2061 2667 2124 2704 ne
2158 2649 2340 2703 dicant
2375 2651 2428 2703 in
2472 2649 2718 2704 cordibus
2759 2650 2871 2703 suis
2900 2665 2919 2704 :
2941 2646 3108 2718 Euge,
3135 2646 3281 2718 Euge

1703 2741 1896 2796 animae
1933 2742 2152 2797 nostris!
2181 2759 2273 2796 nec
2293 2741 2478 2796 dicant
2508 2758 2527 2796 :
2551 2741 2926 2805 Devoravimus
2958 2759 3099 2797 eum.
3139 2741 3198 2797 Si
3219 2750 3280 2798 tu

1702 2834 1869 2896 enim,
1896 2833 2096 2904 inquit,
2125 2834 2237 2888 bzec
2269 2834 2514 2888 facinora
2537 2833 2847 2897 ulciscaris,
2879 2843 2932 2889 et
2954 2835 3170 2904 judices
3191 2848 3278 2892 se-

1701 2923 1940 2981 cundum
1957 2924 2229 2994 justitiam
2265 2935 2435 2989 tuam,
2453 2939 2798 2996 nequaquam
2821 2924 2900 2978 illi
2929 2914 3274 2996 gaudebunt:

1703 3031 1879 3086 neque
1907 3017 2096 3072 dicent
2125 3005 2181 3072 in
2213 3017 2475 3074 cordibus
2509 3018 2626 3074 suis
2661 3037 2674 3073 :
2712 3017 2878 3088 Euge,
2923 3014 3106 3088 Euge!
3137 3031 3269 3087 ραδε-

1701 3109 1873 3163 valuit
1899 3109 2080 3163 anima
2113 3118 2322 3166 nostra.
2349 3109 2577 3166 Etiamsi
2609 3112 2755 3166 enim
2783 3110 2836 3165 id
2861 3125 2956 3165 ore
2983 3109 3278 3181 aliquando

1704 3201 2064 3272 protulerint,
2110 3212 2163 3257 at
2194 3202 2359 3259 corde
2395 3217 2504 3257 non
2535 3201 2613 3256 ita
2643 3203 2956 3272 loquentur,
2985 3218 3163 3273 neque
3191 3202 3276 3258 di-

27 3288 175 3362 εὖτε,
195 3294 417 3366 ἴσχυσεν
448 3298 480 3366 ἡ
509 3295 654 3366 ψυχὴ
688 3295 862 3368 ἡμῶν.
904 3298 965 3349 Εἰ
994 3296 1103 3368 γὰρ
1143 3297 1235 3350 καὶ
1264 3295 1343 3368 τῷ
1376 3297 1600 3370 στόματι

1704 3304 1873 3350 cent:
1907 3292 2285 3348 Devoravimus
2338 3310 2479 3358 eum,
2526 3293 2750 3365 quando
2815 3295 3275 3349 resurrectionem

31 3389 196 3436 αὐτῶν
223 3388 546 3440 ποτετοῦτο
573 3387 876 3458 εἰρήκασιν,
907 3386 1036 3440 ἀλλ”
1063 3389 1123 3440 ού
1171 3389 1264 3442 καὶ
1309 3393 1430 3453 ταῖς
1462 3408 1599 3464 καρ-

31 3475 155 3538 eam;
181 3476 362 3530 αὐτῶν
401 3476 615 3548 ὲροῦσιν
637 3494 650 3507 ⁶
684 3477 803 3529 οὐδὲ
833 3478 1062 3549 φήσουσι
1083 3495 1095 3508 °
1121 3481 1488 3551 Κατεπίομεν
1505 3486 1603 3538 αὑ-

33 3569 146 3633 τὸν,
200 3569 300 3641 τὴν
352 3569 648 3624 ἀνάστασίν
709 3587 809 3641 μου
855 3571 948 3625 καὶ
998 3571 1096 3642 τῆς
1137 3573 1458 3644 Ἐκκλησίας
1503 3578 1600 3648 τῆς

33 3660 158 3728 ἐμῆς
180 3659 279 3732 τὴν
308 3659 430 3712 καθ’
456 3660 584 3730 ὅλης
608 3659 707 3730 τῆς
731 3659 1054 3731 οἰκουμένης
1078 3658 1284 3730 ἵδρυσιν
1316 3659 1606 3732 θεώμενοι.

32 3751 390 3804 Καταπίνεται
417 3753 514 3822 μὲν
537 3751 644 3824 γὰρ
669 3753 697 3806 ὀ
726 3750 872 3816 ἆπαξ
903 3752 981 3815 εἰς
1023 3750 1180 3822 βυθὸν
1212 3753 1465 3822 χωρήσας
1509 3757 1602 3806 καλ,

37 3844 217 3912 μηκέτ’
247 3843 633 3916 ἀναϐεϐηκώς·
667 3844 808 3899 οὕτω
837 3845 946 3916 γάρ
979 3861 1105 3903 ποτε
1137 3844 1394 3898 κατέπιεν
1437 3849 1467 3899 ὁ
1506 3846 1600 3901 θά-

33 3951 178 3998 νατος
213 3937 458 4007 ἰσχύσας.
496 3937 652 3991 Ἀλλὰ
679 3939 837 3992 κάκεῖ
873 3941 921 3991 οἱ
965 3936 1357 4001 καταποθέντες
1382 3939 1599 3994 ἐπαλινς-

35 4027 324 4098 δρὸμησαν,
357 4027 438 4081 διὸ
468 4025 739 4083 λέλεκται’
771 4030 879 4084 Καὶ
917 4028 1100 4083 πάλιν
1124 4028 1370 4098 ἀφεῖλεν
1390 4033 1422 4085 ό
1457 4033 1600 4100 Θεὸς

36 4115 147 4168 πᾶν
177 4115 444 4185 δάκρυον
473 4118 590 4172 ἀπὸ
617 4117 840 4182 παντὸς
872 4113 1214 4184 προσώπου.

99 4209 204 4261 Καὶ
240 4199 477 4263 ὲῦταῦθα
519 4211 716 4274 τοίνυν,
739 4212 787 4263 εἰ
825 4210 920 4262 καὶ
947 4211 1082 4281 πρὸς
1119 4213 1306 4286 καιρόν
1339 4230 1458 4266 τινα
1490 4213 1610 4289 ἔδοτ

38 4297 123 4368 ξαν
164 4300 324 4354 αὐτὸν
369 4303 724 4366 καταπίνειν,
788 4301 900 4355 ἀλλ’
927 4303 1032 4356 οὐκ
1063 4305 1142 4368 εἰς
1185 4305 1367 4370 τέλος,
1413 4305 1595 4376 φησὶν,

39 4389 236 4458 ipsum,
287 4392 640 4465 προφητικῶς
670 4378 794 4445 ειαΐ
836 4392 976 4446 αὐτὰ
1009 4394 1276 4460 θεσπίζων
1297 4412 1310 4424 ⁸
1348 4397 1600 4464 Αἰσχυν-

37 4484 272 4550 θείησαν
315 4485 414 4539 καὶ
456 4483 895 4552 ἐντραπείτπσαν
935 4483 1055 4554 ἅμα
1096 4487 1148 4538 ol
1191 4486 1597 4554 ἐπιχαίροντες

39 4578 150 4644 τοῖς
186 4579 390 4646 κακοῖς
433 4585 584 4648 μου·
635 4576 1108 4633 ἑνδυσάσθωσαν
1156 4580 1457 4648 αἰσχύνην
1498 4577 1596 4630 καί

37 4669 324 4740 ἐντροπὴν
373 4673 428 4724 οἰ
479 4670 1143 4741 μεγαλορῤημονοῦντες
1192 4673 1284 4724 ἐπ’
1328 4670 1447 4740 ἐμέ.
1488 4670 1598 4722 Καὶ

39 4764 200 4819 ταῦτα
221 4766 277 4820 δὲ
304 4766 460 4828 ὅπως
475 4765 662 4828 τέλους
683 4764 869 4834 ἔτυχεν
897 4763 1276 4836 ἀναφερόμενα
1298 4763 1389 4816 ὲπί
1416 4761 1476 4814 τὸ
1501 4761 1594 4814 τοῦ

44 4837 274 4930 Σωτῆρος
295 4857 454 4930 ἡμῶν
499 4858 806 4928 πρόσωπον,
841 4856 1018 4929 ῥᾴδιον
1044 4856 1107 4941 δη
1145 4858 1290 4911 ἰδεῖν.
1331 4856 1420 4921 Ἐξ
1459 4853 1596 4908 ἐκεί-

43 4964 122 5000 νου
146 4951 268 5022 γὰρ,
298 4952 391 5004 καὶ
431 4953 511 5014 εἰς
540 4951 696 5022 δεῦρο
727 4948 822 5002 τοῦ
854 4948 1042 5021 χρόνου
1076 4950 1472 5022 ἀπερριμμένοι
1502 4949 1597 5000 καὶ

47 5037 316 5112 ἁτντιὸλητοι
345 5041 670 5113 τυγχάνουσι
720 5041 888 5096 πάλαι
936 5040 1211 5112 κομῶντες
1260 5044 1352 5096 ἐπὶ
1387 5039 1597 5104 πολλοῖς

44 5129 373 5200 χιρίσμασιν.
412 5134 474 5186 Οί
517 5132 560 5184 δ’
602 5132 659 5199 ἐξ
705 5133 956 5188 ἁπάντων
1001 5133 1110 5186 τῶν
1160 5134 1327 5187 ἐθνῶν
1369 5132 1458 5186 τὸν
1501 5132 1592 5184 ὑπ’

45 5221 208 5276 αὐτῶν
231 5226 1054 5303 ἀνῃρημένονλπαραδεδεγμένοι
1078 5227 1174 5298 τῆς
1211 5229 1309 5298 μὲν
1335 5225 1591 5280 πολυθέου

45 5313 239 5386 πλάνης
261 5316 680 5388 ἡλευθέρωνται,
710 5318 798 5370 τὸν
837 5319 881 5372 δ’
914 5321 1006 5372 ἐπὶ
1034 5319 1251 5392 πάντων
1273 5318 1404 5371 Θεὸν
1441 5320 1595 5372 εύσε-

46 5406 250 5472 Εοῦντες
271 5408 622 5463 διατελοῦσιν.
651 5405 760 5463 Εἶθ’
793 5413 840 5464 οἱ
885 5414 981 5482 μὲν
1020 5411 1280 5483 αἰσχύνην
1324 5415 1594 5484 καταχεά-

49 5521 186 5571 μενοι
217 5499 389 5574 ὲφόἷς
420 5503 674 5576 ἔδρασαν,
706 5506 1094 5578 ὲνετράπησαν,
1138 5508 1186 5558 οἱ
1230 5505 1284 5559 δὲ
1321 5508 1460 5578 χαρᾷ
1504 5507 1596 5560 καὶ

48 5597 330 5669 παρρησίας
359 5596 633 5668 ὁσημέραι
665 5596 1001 5668 επληροῦνται
1020 5617 1032 5628 ·
1057 5599 1141 5663 ,ὡς
1173 5597 1506 5672 πληροῦσθαι
1537 5599 1617 5670 τὸ.

49 5689 187 5742 παρὰ
210 5689 416 5743 Min-ias!
451 5686 635 5755 λόγιον
663 5686 833 5758 φῆσαν
862 5688 996 5758 πρὸς
1023 5688 1112 5742 τὸν
1150 5686 1410 5741 Ἰουδαίων
1436 5685 1559 5741 λαόν
1577 5703 1590 5716 ο

109 5867 151 5902 θ’
184 5867 474 5942 Ρεειίλιιιι,
508 5869 610 5925 2i.
680 5869 721 5902 “
757 5867 858 5927 lsa.
899 5884 1039 5937 ειη,
1080 5869 1160 5924 Η.
1237 5867 1281 5925 2³
1321 5867 1422 5924 lsa.
1460 5884 1598 5934 xxv,
1629 5868 1687 5921 8.

1704 3402 1904 3452 meam,
1931 3395 1986 3443 et
2031 3386 2333 3443 Ecclesiam
2385 3387 2515 3442 item
2575 3401 2752 3441 meam
2791 3387 2901 3442 late
2934 3404 3030 3457 per
3083 3385 3274 3442 orbem

1703 3492 2056 3552 propagatum
2083 3478 2447 3548 conspicient.
2484 3475 2534 3538 Is
2563 3492 2800 3548 namque
2831 3479 3148 3546 devoratur,
3178 3482 3272 3553 qui

1703 3575 1871 3629 semel
1895 3573 1948 3627 in
1972 3569 2302 3642 profundum
2337 3569 2614 3642 delapsus.
2635 3569 2763 3626 inde
2797 3586 3076 3646 nunquam
3104 3589 3278 3629 emer-

1703 3667 1779 3738 git
1809 3687 1822 3719 :
1858 3665 1936 3720 sic
1961 3664 2103 3718 enim
2137 3678 2286 3718 mors
2315 3663 2466 3728 olim,
2497 3677 2622 3718 cum
2678 3663 3015 3734 praevaleret,
3045 3664 3268 3721 devorac

1701 3757 1814 3811 bat.
1865 3755 2062 3809 Verum
2109 3753 2202 3824 qui
2239 3753 2484 3809 devorati
2534 3761 2685 3820 sunt,
2725 3755 2837 3825 jam
2888 3764 3270 3820 revertuntur,

1701 3863 1869 3919 quare
1887 3841 2094 3902 dictum
2119 3854 2204 3902 est
2240 3865 2255 3902 :
2291 3845 2358 3901 Et
2385 3863 2596 3902 rursum
2619 3850 2839 3904 abstulit
2871 3848 3131 3906 Dominus
3160 3870 3272 3907 om-

1701 3957 1815 3996 nem
1851 3940 2139 4010 laergmam
2166 3939 2230 3993 ab
2269 3941 2411 3994 omni
2434 3941 2582 3996 vultu
2611 3941 2682 3992 δ’.

1772 4215 1870 4260 llic
1919 4212 2085 4276 igitur
2115 4207 2331 4279 etiamsi
2385 4207 2455 4262 ad
2492 4213 2708 4277 tempus
2747 4206 2927 4275 ipsum
2981 4205 3271 4271 devorasse

1699 4298 1801 4354 visi
1832 4308 1994 4366 sunt;
2019 4309 2075 4355 at
2103 4316 2213 4356 non
2247 4301 2301 4355 in
2329 4299 2488 4354 ﬁnem
2513 4313 2707 4368 usque,
2741 4297 2936 4368 inquit,
2963 4298 3036 4352 ita
3062 4299 3269 4370 dicent,

1699 4395 2123 4466 propheticeque
2150 4398 2334 4452 statim
2359 4394 2727 4446 vaticinatur:
2759 4388 3088 4446 Erubescant
3119 4404 3168 4447 et
3191 4409 3272 4450 re-

1701 4497 1974 4541 tereantur
1997 4478 2179 4551 simul,
2210 4487 2300 4557 qui
2319 4482 2662 4555 gratulantur
2690 4483 2847 4537 malis
2867 4483 3017 4539 meis.
3038 4483 3273 4542 Induan-

1702 4587 1788 4630 tur
1840 4577 2143 4646 confusione
2177 4586 2226 4631 et
2278 4575 2566 4629 reverentia
2615 4575 2707 4644 qui
2761 4589 2953 4647 magna
2987 4575 3272 4646 loquuntur
3325 4574 3329 4576 ’

1701 4685 1854 4738 super
1876 4686 1985 4724 .me.
2036 4667 2160 4721 llzec
2217 4665 2382 4736 porro
2413 4681 2575 4736 quem
2619 4667 2780 4720 linem
2822 4659 3016 4722 sortita
3061 4666 3170 4722 sint
3199 4666 3270 4721 ad

1703 4775 1992 4829 personam
2034 4758 2338 4812 S‘alvatoris
2371 4758 2560 4815 nostri
2583 4757 2830 4824 reducta,
2859 4756 3162 4826 intelligere
3188 4755 3272 4810 fa-

1702 4849 1806 4904 cile
1827 4858 1928 4903 est.
1965 4845 2043 4901 Ex
2063 4861 2129 4901 eo
2157 4846 2359 4917 quippe
2388 4848 2456 4903 ad
2488 4848 2594 4904 hoc
2627 4862 2802 4919 usque
2829 4855 3042 4916 tempus
3069 4847 3269 4917 abjecti

1703 4956 1768 4996 ac
1799 4938 2009 5009 depulsi
2040 4939 2190 5003 sunt,
2215 4941 2328 5011 .qui
2362 4941 2492 4995 olim
2538 4939 2715 5011 gratia
2757 4939 3028 5010 donisque
3078 4940 3268 4997 multis

1651 5075 1653 5079 -
1701 5029 2058 5089 ornabantur.
2117 5033 2189 5087 At
2241 5041 2509 5106 quotquot
2567 5049 2636 5088 ex
2697 5034 2951 5105 gentibus
2996 5033 3268 5092 universis

1700 5137 1845 5186 eum,
1872 5122 1967 5191 qui
2013 5123 2084 5178 ab
2128 5124 2236 5182 illis
2287 5124 2611 5182 interfectus
2653 5133 2758 5192 est,
2788 5136 3130 5198 receperunt,
3166 5126 3208 5183 ii
3233 5143 3265 5184 a

1700 5217 1994 5272 multorum
2041 5217 2268 5274 deorum
2317 5231 2506 5272 errore
2543 5217 2756 5274 liberati
2793 5228 2942 5287 sunt,
2988 5219 3266 5292 Deumque

1697 5298 2081 5364 universorum
2141 5317 2457 5365 constanter
2516 5325 2580 5389 ac
2627 5311 2717 5382 pie
2783 5313 2993 5368 colunt.
3052 5312 3266 5369 Exhinc

1701 5416 1866 5473 porro
1893 5399 1970 5454 illi
1991 5403 2232 5473 quidem,
2257 5402 2327 5456 ob
2357 5400 2572 5461 facinus
2594 5410 2828 5473 tantum,
2854 5404 3064 5474 pudore
3085 5401 3264 5474 affecti

1703 5510 1766 5549 ac
1825 5493 2041 5551 confusi
2092 5503 2249 5562 sunt;
2281 5493 2358 5549 illi
2392 5501 2572 5552 autem
2613 5495 2813 5568 gaudio
2868 5494 3177 5568 ﬁduciaque
3205 5495 3261 5552 in

1701 5590 1818 5654 dies
1846 5589 2163 5659 replentur;
2193 5589 2268 5642 ita
2329 5594 2389 5642 ut
2436 5589 2570 5644 illud
2623 5589 2822 5661 Moysis
2859 5578 3139 5644 oraculum
3190 5588 3260 5646 ad

1701 5683 2009 5740 Judaorum
2044 5683 2301 5755 populum
2347 5691 2601 5755 spectans
2638 5683 2926 5754 impleatur
2964 5703 2978 5741 :
3012 5682 3256 5756 Proscig-
