3966 6344
129 420 226 474 Si?

1227 419 1729 477 COMMENTARIA
1767 419 1830 475 ΙΝ
1865 419 2202 480 PSALMOS.

3254 426 3356 483 518

126 533 332 598 ἐαυτῷ,
374 535 508 607 πρὸς
568 535 644 606 τῷ
691 536 853 600 τέλει,
899 535 1050 589 Ἐκεῖ
1080 518 1313 589 ἓπεσαν
1369 535 1590 601 πάντες
1641 553 1672 589 0

1798 535 1972 593 fuerat
2007 557 2020 591 :
2055 537 2204 591 Dixit
2226 537 2455 606 injustas
2499 543 2556 588 ut
2578 535 2846 608 delinquat
2880 538 2932 591 in
2963 540 3269 608 semetipso;
3303 542 3358 595 in

128 625 491 696 ἐργαζόμενοι
528 626 642 694 τὴν
673 628 946 698 ἀνομίαν,
974 627 1329 696 ἐξώσθησαν
1357 631 1453 682 καὶ
1482 633 1553 684 οὐ
1587 629 1689 684 δυ-

125 716 408 784 νήσονται
442 719 682 788 στῆναι.
709 721 864 774 Κατὰ
901 719 956 773 δὲ
990 721 1055 774 τά
1093 720 1230 791 μέσα
1277 720 1550 788 θεολογίαν
1592 738 1686 773 πε-

128 808 292 878 ριέχει
334 810 430 862 καὶ
469 806 576 863 τῶν
625 810 884 880 θεοφιλῶν
932 810 1137 882 ἀνδρῶν
1186 810 1392 879 ἀγαθὰς
1445 797 1684 876 ἐλπίδας.

125 899 382 952 Λέλεκται
410 899 465 952 δὲ
503 900 674 954 ταῦτα
695 900 773 970 τῷ
796 899 965 969 δούλῳ
992 899 1194 971 Κυρίου
1219 899 1296 969 τῷ
1311 899 1502 953 Δαυῖδ.
1518 899 1687 952 Τοῦτο

125 990 225 1061 γὰρ
255 992 287 1060 ὴ
335 992 626 1062 προγραφὴ
664 994 942 1065 σημαίνει’
969 989 1046 1055 ὃς,
1071 991 1336 1062 ἀφορίσας
1371 991 1560 1044 ἑαυτὸν
1587 992 1685 1062 τῆς

125 1081 225 1135 τῶν
257 1082 588 1162 παρανόμων
611 1081 830 1150 τάξεως,
847 1080 1046 1152 συνῆψε
1078 1084 1143 1150 τῇ
1177 1081 1271 1135 τοῦ
1298 1080 1431 1134 Θεοῦ
1459 1074 1680 1158 ἱκετείᾳ,

124 1174 195 1242 τῷ
216 1159 365 1246 νόμῳ
398 1175 491 1227 καὶ
519 1159 765 1236 ταῖς’τοῦ
798 1171 931 1225 Θεοῦ
969 1172 1249 1241 διαταγαῖς
1277 1173 1465 1230 ἑαυτὸν
1513 1190 1701 1226 κατα-.

122 1265 404 1329 δουλώσας.
447 1265 694 1319 Διδάσκει
740 1263 796 1317 δὲ
835 1265 927 1318 καὶ
956 1264 1084 1328 τοὺς
1121 1262 1340 1326 λοιποὺς
1365 1262 1684 1335 ἀνθρώπους

121 1361 185 1411 τὰ
214 1359 374 1430 ὅμοια
407 1357 556 1428 αὐτῷ
592 1357 872 1428 πράττειν,
899 1358 992 1410 καί
1030 1357 1114 1432 μὴν
1139 1355 1541 1424 συναπὰγεσθαι
1571 1359 1683 1419 τοῖς

124 1452 469 1523 παρανόμοις.
1112 1439 1113 1442 Ἴ

185 1543 377 1610 Mair
400 1545 433 1595 ό
468 1529 809 1610 παράνομος
835 1541 940 1594 τοῦ
970 1540 1326 1610 ἁμαρτάνειν
1363 1541 1431 1596 ὲν
1459 1537 1678 1604 ἑωτῷσ

120 1635 223 1687 οὐκ
272 1633 403 1686 ἐστι
442 1634 623 1702 ςρόὸος
672 1632 818 1686 Θεοῦ
859 1632 1143 1687 ἀπέναντι
1191 1631 1308 1685 τῶν
1363 1617 1698 1700 ὀφθαλμῶν

118 1722 314 1778 αὐτοῦ.
345 1725 462 1777 Ὅτι
494 1724 793 1778 ἑδόλωσεν
823 1723 1077 1780 ἐνώπιον
1105 1722 1320 1785 αὐτοῦ,
1353 1723 1456 1776 τοῦ
1485 1722 1683 1790 εὑρεῖν

1789 629 1895 683 line
1929 632 2002 683 ait
2033 646 2047 682 :
2082 629 2165 682 Ibi
2193 629 2485 682 ceciderunt
2516 645 2691 682 onines
2736 631 2824 698 qui
2855 640 3139 698 operantur
3168 632 3364 702 iniqui-

1790 730 1968 782 tatem,
1999 720 2201 788 expulsi
2234 729 2357 773 sunt
2390 737 2480 772 nec
2508 729 2748 788 poterunt
2774 732 2932 775 stare.
2961 723 3020 776 In
3050 722 3229 777 medio
3260 739 3360 778 au-

1790 822 1898 868 tem
1971 813 2294 883 theologiam
2325 826 2387 865 ac
2423 811 2618 866 bonam
2653 815 2866 883 piorum
2905 814 3182 868 hominum
3206 829 3357 884 spem

1787 907 2184 976 complectitur.
2208 905 2330 960 Haec
2361 919 2526 974 porro
2552 903 2738 960 Davidi
2765 923 2929 965 servo
2954 907 3168 964 Domini
3204 907 3358 963 dicta

1787 1005 1945 1063 sunt;
1984 998 2036 1051 id
2065 995 2207 1053 enim
2239 999 2526 1070 inscriptio
2555 1000 2828 1070 signiﬁcat
2856 1017 2871 1052 :
2899 1001 2994 1070 qui
3028 999 3196 1054 David
3227 1015 3355 1054 cum

1785 1103 1843 1143 se
1883 1090 1950 1144 ab
1975 1091 2343 1160 improborum
2374 1092 2564 1146 ordine
2602 1092 2944 1155 semovisset,
2977 1090 3090 1146 Deo
3125 1107 3184 1146 se
3218 1105 3354 1160 sup-

1786 1181 1978 1252 plicem
2009 1183 2278 1248 exhibuit,
2308 1198 2371 1238 ac
2419 1185 2522 1253 legi
2555 1183 2867 1253 divinisque
2899 1184 3120 1239 statutis
3169 1182 3354 1253 subje-

1785 1275 1859 1328 cit
1893 1293 1905 1328 :
1935 1276 2257 1346 caaterisque
2291 1276 2605 1332 hominibus
2640 1291 2832 1330 auczor
2862 1285 2965 1338 est,
3003 1283 3064 1335 ut
3102 1274 3357 1330 similiter

1785 1373 1968 1432 agant,
2017 1381 2193 1434 neque
2249 1364 2317 1422 ad
2353 1367 2727 1432 improborum
2783 1365 3121 1420 consortium
3169 1363 3354 1419 detra-

1787 1454 2014 1514 bantur.

1852 1545 2014 1602 Vens.
2045 1546 2166 1602 2-5.
2203 1544 2353 1601 Dixit
2399 1533 2626 1616 injistus
2672 1555 2730 1601 ut
2770 1546 3040 1619 delinquat
3079 1550 3134 1602 in
3167 1554 3357 1602 semet-

1783 1639 1913 1707 ipso,
1952 1657 2054 1694 non
2083 1651 2160 1695 est
2194 1642 2349 1694 timor
2388 1640 2484 1694 Dei
2539 1652 2660 1694 ante
2699 1631 2873 1694 oculos
2917 1640 3052 1721 ejus.
3090 1641 3354 1707 Quoniam

1784 1732 1961 1786 dolose
1976 1735 2076 1803 egit
2091 1733 2144 1786 in
2166 1743 2437 1801 conspectu
2451 1733 2585 1802 ejus,
2600 1744 2655 1785 ut
2671 1733 2963 1786 inveniatur
2975 1733 3224 1802 iniquitas
3240 1733 3355 1802 ejus

120 1818 228 1885 τὴν
243 1817 498 1886 ἀνομίαν
520 1815 704 1870 αὺτοῦ
736 1815 833 1872 καὶ
859 1815 1140 1888 μισῆσαι.
1163 1816 1499 1887 Σαφέστερον
1525 1815 1582 1869 δὲ
1613 1817 1676 1870 τὰ

1787 1824 1854 1878 ad
1878 1825 2074 1897 odium.
2102 1824 2225 1880 Haec
2251 1827 2492 1895 apertius
2514 1825 2966 1897 Synunachusliis
2983 1826 3159 1880 verbis
3184 1825 3352 1878 inter—

121 1911 444 1983 προκείμενα
473 1912 810 1982 ήρμήνευσεν
839 1912 866 1962 ό
906 1910 1216 1981 Σύμμαχος,
1239 1910 1423 1962 τοῦτον
1451 1909 1676 1972 ἀποδοὺς

1783 1896 2026 1982 pretatus
2066 1924 2192 1970 est:
2237 1891 2388 1968 Dixit
2438 1914 2501 1968 de
2550 1891 2834 1983 defectione
2883 1916 3027 1983 impii
3067 1915 3207 1968 intus
3261 1931 3351 1969 cor

118 2008 204 2059 τὸν
223 2006 446 2076 τρόπον’
471 1989 666 2072 Φησὶν
703 2004 835 2074 περὶ
871 2003 1241 2065 ἀσυνθεσίας
1279 2002 1385 2054 τοῦ
1419 2001 1679 2067 ἀσεϐοῦς

121 2095 631 2165 ἓνδοθενήκαρδία
640 2114 759 2164 μου
778 2112 790 2124 ·
819 2097 902 2148 Οὐ
931 2093 1229 2162 πρόκειται
1262 2095 1294 2144 d
1321 2093 1502 2160 φόϐος
1531 2090 1679 2144 Θεοῦ

117 2188 388 2256 ἄντικρυς
418 2186 534 2241 τῶν
572 2187 890 2258 ὀφθαλμῶν
931 2183 1136 2240 αὑτοῦ.
1169 2185 1297 2237 Ὅτι
1341 2184 1678 2247 ἐξολισθαίέ

118 2297 238 2334 νειν
281 2279 351 2333 τὰ
388 2280 516 2348 περὶ
579 2279 762 2335 αὑτοῦ
810 2276 987 2340 δοκεῖ,
1037 2275 1142 2343 τοῦ
1195 2274 1503 2344 εὑρεθῆναι
1567 2273 1681 2342 τὴν

119 2372 347 2426 ἀδικίαν
371 2371 556 2426 αὐτοῦ
581 2370 670 2437 εὶς
695 2370 762 2424 τὸ
779 2360 1106 2439 μισηθῆναι
1136 2366 1346 2434 αὑτήν.
1362 2368 1458 2421 Διά
1481 2367 1681 2424 τούτων

117 2465 217 2534 γὰρ
260 2457 420 2527 αὐτὸς
451 2466 478 2517 ό
511 2462 692 2525 Δαυῖδ,
737 2459 922 2530 Ἐμοῦ,
969 2459 1153 2531 φησὶν,
1201 2461 1234 2530 ἠ
1277 2459 1470 2531 καρδία
1521 2461 1615 2512 καὶ
1653 2462 1681 2512 ό

118 2555 238 2623 ἐμὸς
264 2553 518 2624 λογισμὸς
552 2549 721 2605 ταῦτα
753 2551 880 2622 περὶ
905 2549 998 2603 τοῦ
1025 2549 1252 2613 ἀσεϐοῦς
1278 2550 1466 2621 ἀνδρὸς
1505 2551 1679 2602 ἐνενό-

119 2659 226 2714 ησε.
249 2642 358 2715 Τὴν
385 2642 490 2714 γὰρ
548 2639 884 2712 θεωρητικὴν
915 2638 1077 2693 αὑτοῦ
1113 2639 1359 2710 δύναμιν,
1385 2641 1451 2693 δι’
1471 2635 1538 2712 ἧς
1564 2641 1679 2693 ὲδύ-

118 2751 237 2788 νατο
250 2732 448 2803 γνῶναι
459 2733 551 2786 τὸν
568 2732 728 2801 φόϐον
743 2731 832 2784 τοῦ
850 2730 1006 2795 Θεοῦ,
1029 2730 1283 2784 ὲδόλωσεν
1324 2730 1547 2801 αὐτοὺς(
1564 2731 1675 2802 sic)

117 2826 295 2880 ἑαυτδν
319 2826 416 2896 τῆς
447 2825 682 2887 διανοίας
717 2825 879 2878 αὑτοῦ
917 2826 1044 2888 τοὺς
1081 2822 1389 2893 ὀφθαλμοὺς
1431 2821 1678 2893 διαστρέ-

113 2919 232 2989 ψας.
255 2918 344 2972 Διὸ
363 2919 504 2972 κατά
525 2917 623 2989 τὴν
652 2915 943 2989 Ἐὕραῖκὴν
968 2917 1271 2984 ἀνάγνωσιν
1291 2932 1302 2944 ·
1336 2915 1437 2967 Ἐν
1457 2915 1678 2982 ὀφθαλ-

115 3012 240 3079 μοῖς
278 3010 460 3067 αὐτοῦ
514 3009 733 3082 εἴρηται
766 3006 1177 3072 δεδολωκέναι,
1207 3004 1313 3059 τοῦ
1344 3005 1539 3074 εὑρεῖν
1565 3005 1678 3073 τὴν

115 3101 360 3168 ἀνομίαν
375 3099 588 3162 αὐτοῦ,
622 3099 718 3152 καὶ
739 3097 1031 3169 μισῆσαι·
1065 3096 1240 3161 Οὕτω,
1273 3097 1455 3168 φησὶν,
1488 3095 1675 3148 ἑαυτὸν

115 3190 404 3264 διέπρεψε,
430 3192 524 3244 καὶ
553 3192 642 3245 τὸν
673 3189 832 3260 φόϐον
857 3189 952 3243 τοῦ
982 3189 1118 3244 Θεοῦ
1150 3189 1256 3243 τῶν
1285 3188 1476 3243 ἑαυτοῦ
1511 3189 1677 3262 ἀπέρ-

1779 2020 1947 2056 meum
1965 2021 1982 2056 :
2001 2002 2120 2057 Non
2151 2005 2447 2072 propositus
2472 2013 2547 2057 est
2565 2005 2725 2056 timor
2749 2003 2843 2057 Dei
2870 2014 2988 2058 ante
3011 2003 3185 2056 oculos
3213 2004 3348 2070 ejus.

1780 2095 1919 2162 Quia
1955 2113 2104 2150 ruere
2126 2095 2362 2150 videntur
2381 2111 2461 2149 res
2496 2099 2633 2163 ejus,
2664 2104 2721 2147 ut
2772 2097 3070 2149 inveniatur
3096 2096 3349 2166 iniquitas

1778 2186 1890 2253 ejus
1918 2185 1986 2238 ad
2019 2186 2296 2239 adiendum
2318 2201 2452 2238 eam.
2474 2183 2571 2239 His
2605 2186 2804 2254 quippe
2829 2185 2998 2240 David
3031 2187 3144 2239 haec
3175 2202 3351 2242 enun-

1780 2278 1877 2330 tiat
1909 2276 2055 2331 :‘Cor
2082 2292 2259 2331 meum
2290 2286 2342 2331 et
2375 2276 2634 2346 Cogitatio
2659 2290 2776 2329 mea
2809 2275 2923 2331 haec
2953 2277 3018 2331 de
3037 2278 3206 2346 impio
3233 2277 3351 2334 viro

1780 2369 2184 2432 intellexerunt.
2215 2368 2348 2422 Nam
2393 2385 2488 2439 per
2537 2367 2857 2438 speculandi
2906 2369 3038 2432 vim,
3095 2385 3203 2438 qua
3253 2368 3349 2425 Dei

1781 2461 2028 2515 timorem
2060 2475 2225 2529 nosse
2257 2467 2490 2531 poterat,
2524 2461 2789 2516 intellexit
2818 2475 2942 2514 eum
2967 2461 3084 2515 suis
3109 2476 3165 2514 se
3207 2460 3350 2516 dolis

1780 2549 2083 2621 decepisse,
2133 2556 2442 2621 mentisque
2471 2567 2583 2606 suae
2628 2553 2818 2614 oculos
2847 2553 3130 2606 evertisse.
3167 2551 3348 2616 Quare

1780 2644 2080 2698 secundum
2123 2642 2443 2697 Hebraicam
2485 2644 2774 2697 lectionem
2815 2643 3018 2696 dicitur
3045 2658 3058 2694 :
3086 2640 3152 2694 In
3182 2642 3348 2697 oculis

1778 2735 1891 2803 ejus
1921 2734 2100 2788 dolose
2145 2735 2329 2803 egisse,
2375 2744 2432 2786 ut
2481 2735 2710 2788 inveniat
2746 2735 3078 2803 iniquitatem
3126 2733 3260 2803 ejus,
3297 2742 3349 2788 et

1778 2826 1897 2888 adio
1927 2825 2135 2882 habeat.
2158 2823 2256 2893 Ita,
2290 2826 2485 2895 inquit,
2507 2841 2627 2901 sese
2658 2825 2945 2888 subvertit,
2981 2825 3346 2896 timoremque

1776 2914 1871 2971 Dei
1900 2916 1968 2970 ab
2004 2916 2180 2972 oculis
2213 2916 2330 2970 suis
2375 2915 2595 2985 abjecit,
2628 2922 2686 2968 ut
2736 2914 2997 2984 iniquitas
3027 2915 3147 2983 ejus
3171 2915 3346 2970 mani-

1779 3009 1914 3064 festa
1955 3008 2234 3075 eraderet,
2278 3009 2520 3081 ipsisque
2552 3007 2727 3062 oculis
2760 3014 2966 3077 pateret
3000 3020 3061 3060 ac
3094 3006 3341 3061 invenire.

1780 3112 1864 3156 tur
1891 3146 1905 3170 ,
1959 3117 2131 3172 eoque
2164 3100 2324 3156 modo
2374 3101 2535 3172 digna
2585 3101 2712 3157 odio
2739 3112 2905 3154 esset.
2937 3097 3122 3152 Palam
3163 3106 3344 3152 autem

1778 3193 1867 3248 ille
1896 3209 1955 3248 se
1995 3199 2215 3259 peccato
2248 3191 2472 3254 dedidit,
2521 3192 2594 3243 ita
2630 3197 2688 3245 ut
2726 3191 2888 3244 verba
2933 3189 3046 3244 oris
3076 3189 3196 3258 ejus
3239 3189 3345 3243 ini-

119 3260 268 3353 ριψεν
309 3260 620 3354 όφθαλμῶν,
659 3283 733 3346 ὠς
780 3282 878 3352 τὴν
931 3283 1157 3356 ἀνομίαν
1205 3281 1368 3336 αὑτοῦ
1423 3260 1672 3355 προφανῆ

1781 3289 1958 3366 quitas
1990 3291 2044 3340 et
2083 3283 2241 3364 dolus
2272 3289 2478 3336 essent.
2527 3279 2650 3334 Hac
2691 3287 2872 3334 autem
2904 3280 3025 3349 ipsa
3051 3279 3340 3334 admodum

116 3374 412 3443 τυγχάνειν,
451 3374 544 3426 καὶ
588 3373 749 3446 πάλιν
775 3371 1005 3440 δρᾶσθαι
1036 3373 1128 3425 καὶ
1147 3373 1556 3441 εὑρίσκεσθαι·
1580 3375 1674 3427 καὶ

119 3463 197 3517 διὰ
218 3463 370 3517 τοῦτο
395 3463 583 3534 μίσους
611 3463 767 3530 ἀξίαν
793 3460 950 3517 εἶναι.
986 3461 1335 3526 Ἀκαλύπτως
1366 3463 1421 3516 δὲ
1452 3466 1480 3516 ὁ
1502 3465 1673 3518 τοιοῦ-

119 3559 197 3619 τος
235 3553 488 3620 ἐξέδωκεν
519 3554 706 3608 ἑαυτὸν
732 3556 796 3626 τῇ
829 3553 1090 3625 ἁμαρτίᾳ,
1122 3553 1195 3618 ὡς
1222 3552 1316 3608 καὶ⁵
1347 3554 1416 3607 τά
1453 3555 1670 3626 ῥήματα

119 3647 203 3701 τοῦ
228 3647 491 3718 στόματος
517 3647 679 3700 αὑτοῦ
714 3646 941 3717 ἀνομίαν
975 3642 1112 3700 εἶναι
1141 3646 1234 3698 καὶ
1257 3645 1419 3700 δόλον.
1443 3646 1589 3699 Πάνυ
1617 3647 1673 3700 δὲ

118 3741 280 3794 ταῦτα
308 3741 443 3795 ἑκὼν
469 3741 660 3806 εἵλετο,
687 3741 780 3794 ἀτε
809 3740 872 3812 δὴ
898 3738 1242 3804 αὑτεξούσιος
1279 3737 1374 3802 ὢν,
1402 3739 1494 3791 καὶ
1516 3739 1673 3792 δυνά-

120 3852 272 3904 μενος
315 3835 408 3904 μὲν
438 3834 537 3906 τὴν
567 3834 773 3909 ἀγαθὴν
813 3832 1086 3904 μετελθεῖν
1108 3826 1245 3895 ὁδὸν,
1284 3831 1361 3900 μὴ
1399 3831 1674 3902 βουληθεὶς

118 3925 200 3977 δέ’
254 3925 331 3977 διὸ
371 3925 646 3979 λέλεκται’
708 3929 828 3978 Οὐκ
886 3923 1182 3990 ἐϐουλήθη
1239 3923 1509 3976 συνιέναι
1567 3925 1672 3979 τοῦ

118 4015 424 4082 ἀγαθῦναιο
462 4016 716 4085 ἀνομίαν
759 4016 815 4067 δὲ
858 4015 1233 4084 διελογίσατο
1273 4014 1371 4067 ἐπὶ
1407 4014 1516 4082 τῆς
1544 4018 1664 4070 κοί-

118 4122 218 4173 της
249 4107 446 4160 αὐτοῦ.
475 4106 609 4160 Οὐδὲ
637 4108 763 4177 γάρ,
789 4108 929 4160 κατά
970 4106 1059 4160 τὸν
1095 4107 1282 4178 καιρὸν
1318 4108 1416 4176 τῆς
1442 4108 1669 4180 ἡσυχίας

1779 3375 1946 3430 libere
1986 3373 2168 3443 elegit,
2226 3379 2411 3441 utpote
2463 3372 2618 3425 liberi
2680 3370 2912 3433 arbitrii,
2964 3385 3131 3440 penes
3180 3387 3342 3442 quem

1777 3467 2058 3530 erat,viam
2108 3464 2257 3518 adire
2287 3465 2506 3524 bonam,
2538 3463 2681 3533 quod
2714 3457 2803 3516 ille
2835 3463 3038 3530 noluit;
3076 3464 3344 3533 ‘quamob-

1783 3573 1897 3612 rem
1960 3555 2165 3609 dictum
2201 3562 2322 3609 est:
2359 3551 2543 3606 Noluit
2582 3553 2869 3624 intelligere
2899 3563 2956 3607 ut
2987 3553 3109 3608 bene
3147 3564 3343 3625 ageret;

1775 3649 1891 3712 sed,
1923 3648 2250 3717 iniquitatem
2273 3647 2552 3700 meditatus
2575 3657 2652 3700 est
2678 3647 2731 3700 in
2749 3646 2988 3713 gubiculo
3017 3663 3133 3702 suo.
3157 3646 3345 3717 Neque

1775 3743 1917 3799 enim
1949 3741 2149 3818 quietis
2200 3749 2461 3809 tempore,
2503 3753 2609 3812 quo
2653 3723 2789 3810 ι)όεῖ
2807 3737 3002 3792 diurna
3053 3753 3216 3807 opera
3245 3740 3344 3792 ho-

1775 3834 1949 3889 mines
1974 3833 2106 3896 otio,
2157 3831 2544 3902 tranquillitati
2581 3837 2636 3886 et
2685 3845 2877 3885 somno
2905 3845 2979 3885 ‘se
3021 3830 3220 3886 dedere
3261 3847 3346 3886 so-

1774 3926 1906 3990 lent,
1940 3924 2065 3979 talis
2103 3909 2264 3978 homo
2315 3925 2368 3977 in
2408 3923 2702 3998 tranquillo
2751 3925 2894 3978 statu
2943 3922 3210 3993 degebat;
3245 3920 3343 3978 sed

1775 4035 1842 4075 eo
1871 4033 2087 4088 quoque
2118 4025 2359 4087 tempore
2388 4016 2718 4086 iniquitatem
2757 4017 3041 4070 meditatus
3066 4022 3144 4069 est
3165 4017 3215 4068 ir.
3247 4029 3338 4061 m-

1777 4111 1868 4165 bili
1899 4126 2012 4165 suo.

119 4190 236 4263 ινῷ
271 4196 404 4268 μετά
433 4199 530 4261 τάς
566 4197 930 4270 μεθημερινὰς
975 4195 1200 4268 πράξεις
1235 4199 1457 4262 ἑαυτοὺς
1495 4200 1820 4254 ἐπιδιδόασιν
1881 4199 2152 4269 ἄνθρωποι
2187 4198 2390 4270 ἠρεμίᾳ
2451 4197 2544 4250 καὶ
2586 4195 2873 4266 εὐσταθείᾳ
2901 4197 2994 4248 καὶ
3056 4196 3223 4264 ὕπνῳ,
3279 4195 3339 4281 ἐν

120 4287 435 4342 καταστάσει
468 4289 674 4360 γαλήνῃ
713 4288 931 4356 γέγονεν
987 4287 1014 4338 ὁ
1049 4287 1313 4352 τοιοῦτος·
1357 4289 1489 4343 ἀλλά
1523 4292 1613 4345 καὶ
1648 4292 1706 4359 ὲν
1742 4289 1914 4362 τούτῳ
1939 4291 2040 4362 τῷ,
2075 4291 2250 4363 καιρῷ
2280 4291 2536 4362 ἀνομίαν
2551 4289 2926 4356 διελογίσατο
2952 4284 3051 4338 ἐπὶ
3079 4285 3186 4353 τῆς
3215 4288 3335 4340 κοί-

257 4381 456 4436 αὐτοῦ.

257 4396 456 4436 αὐτου.

119 4396 372 4542 τηῖἰύριε,
399 4473 575 4538 ἐν·τῷ
607 4474 838 4542 οὐρανῷ
866 4475 931 4529 τὸ
951 4477 1121 4545 ἔλεός
1148 4494 1286 4535 σου.
1309 4479 1518 4552 Σφόδρα
1543 4480 1670 4536 dico—

1844 4474 2007 4542 Vens.
2037 4476 2098 4541 6,
2126 4477 2176 4530 7.
2198 4475 2437 4538 Domine,
2458 4472 2513 4524 in
2534 4469 2660 4524 caelo
2683 4470 3040 4523 misericordia
3065 4480 3174 4526 tua.
3209 4477 3340 4530 Post

120 4561 313 4627 λούθως
341 4562 476 4635 μετὰ
505 4564 606 4644 τὴν
643 4565 958 4637 ὑπογραφὴν
982 4568 1080 4638 τῆς
1104 4569 1196 4622 τοῦ
1231 4570 1542 4640 παρανόμου
1574 4587 1668 4622 και

1781 4569 2102 4639 descriptam
2117 4557 2350 4636 improbi
2373 4560 2612 4616 hominis
2632 4560 2950 4629 nequitiam,
2969 4563 3336 4630 praecellentes

122 4656 238 4720 κίας
264 4657 350 4710 τὸν
382 4655 780 4728 ὑπερϐάλλοντα
812 4655 1035 4711 πλοῦτον
1062 4659 1160 4730 τῆς
1189 4660 1282 4713 τοῦ
1306 4659 1436 4713 Θεοῦ
1469 4678 1672 4731 μακρο-

124 4745 312 4818 θυμίας
337 4750 692 4821 -παρίστησιν,
729 4747 796 4800 δι’
833 4744 902 4821 ἧς
935 4749 1028 4802 καὶ¹
1073 4750 1180 4802 τῶν
1222 4752 1548 4824 παρανόμων
1576 4752 1669 4804 καὶ

123 4837 322 4895 ἀσεΰῶν
353 4835 558 4913 ἀνδρῶν
606 4838 852 4911 ἀνέχεται
872 4857 884 4870 ο
918 4838 1201 4904 διδάσκων,
1229 4843 1310 4895 ὅτι
1336 4845 1369 4896 ό
1407 4841 1666 4907 πλοῦτος

124 4927 228 4997 τῆς
250 4933 648 5001 χρηστότητος
678 4931 862 4987 αὑτοῦ
904 4931 1002 4985 καὶ
1042 4929 1148 5007 τῆς
1179 4933 1406 5003 ἀνοχῆς
1432 4933 1530 4987 καὶ
1558 4933 1666 5001 τῆς

121 5026 510 5092 μακροθυμίας
543 5024 691 5077 ἐλέου
725 5025 1074 5096 πεπλήρωται
1104 5024 1354 5095 μεγάλου.
1381 5025 1489 5077 Καὶ
1510 5024 1668 5082 τοῦτο

88 5137 94 5142 ·
125 5112 182 5166 τὸ
208 5112 347 5178 ἕλεος
380 5115 470 5168 τοῦ
497 5115 631 5168 Θεοῦ
675 5118 842 5170 αττιον
869 5118 1120 5187 τυγχάνει
1151 5118 1245 5188 τῆς
1270 5116 1376 5169 τῶν
1407 5118 1668 5190 ἁμαρτω-

126 5203 226 5258 λῶν
271 5205 359 5258 καὶ
391 5205 600 5258 ἀσεϐῶν
630 5207 834 5280 ἀνδρῶν
867 5209 1008 5280 ζωῆς
1039 5227 1098 5262 τε
1140 5210 1231 5262 καὶ
1261 5202 1537 5278 εὐθυμίας.
1569 5208 1671 5262 Τὸν

132 5298 222 5367 μὲν
259 5291 344 5351 οὖν
383 5297 652 5368 θησαυρὸν
703 5297 796 5352 τοῦ
845 5301 1025 5364 ἐλέους
1056 5300 1236 5372 καύτοῦ
1288 5297 1671 5369 τεταμιεῦσθαί

132 5405 279 5459 φησιν
322 5390 378 5442 ὲν
429 5388 505 5458 τῷ
538 5388 752 5460 ⁸οὐρανῷ
797 5389 931 5443 ἀλλά
966 5394 1058 5446 καὶ
1094 5392 1189 5463 τὴν
1227 5391 1480 5462 ἀλήθειαν
1508 5382 1680 5446 αὑτοῦ

130 5475 258 5533 εἶναι
284 5482 407 5549 παρ’
437 5478 603 5549 αὐτῷ,
631 5480 954 5552 πληροῦντες
975 5488 991 5505 ’
1010 5484 1183 5538 πάντα
1202 5466 1271 5537 τὰ
1287 5485 1667 5555 ὑπερουράνια’

128 5555 265 5638 ὅμως
296 5572 348 5624 δὲ
400 5570 698 5640 καὶμέχρι
745 5570 862 5624 τῶν
911 5575 1200 5641 νεφελῶν,
1234 5576 1287 5646 ἢ,
1331 5575 1505 5645 μέχρι
1556 5576 1668 5650 τῶν

129 5659 374 5729 φθόρε-ιν,
398 5663 538 5717 κατά
566 5663 656 5717 τὸν
678 5663 984 5738 Σύμμαχον,
1005 5666 1230 5736 διήκειν.
1249 5668 1400 5722 Οὕτω
1424 5667 1553 5738 γοῦν
1577 5670 1665 5724 καὶ

198 5835 238 5870 ³⁵
271 5837 422 5902 Rom.
458 5860 533 5905 ιι,
566 5843 620 5900 ι.
694 5846 735 5878 ⁵⁸
774 5844 916 5900 Psal.
951 5861 1190 5902 Lxxxvm
1215 5893 1230 5914 ,
1265 5849 1317 5902 Ξ.

1776 4663 1898 4718 illas
1945 4661 2142 4715 divina:
2189 4655 2490 4719 tolerantiae
2546 4652 2764 4708 divitias
2808 4653 3096 4708 admodum
3148 4668 3339 4720 eopse-

1775 4763 2005 4825 quenter
2040 4756 2282 4812 enarrat,
2327 4760 2435 4817 qua
2477 4746 2693 4817 iniquos
2746 4745 3048 4815 impiosque
3089 4743 3335 4798 homines

1772 4847 1914 4902 ferre
1938 4840 2310 4903 solet,docens
2326 4838 2540 4904 divitias
2575 4836 2822 4892 bonitatis
2850 4834 2962 4904 ejus
2991 4844 3038 4889 et
3070 4833 3335 4916 patientiae

1774 4949 1822 4993 et
1849 4933 2268 5006 longanimitatis
2289 4933 2371 5003 “,
2419 4927 2800 4987 misericordia
2853 4941 3046 4996 magna
3099 4923 3332 4992 repletas

1739 5068 1741 5071 -
1775 5046 1916 5086 esse.
1947 5030 2124 5098 Atque
2163 5028 2352 5091 isthmc
2397 5021 2777 5080 misericordia
2810 5020 2905 5077 Del
2941 5021 2998 5074 in
3030 5031 3195 5070 causa
3224 5025 3328 5082 est,

1775 5119 1920 5191 quod
1949 5126 2262 5189 peccatores
2288 5125 2344 5174 et
2373 5116 2522 5186 impii
2555 5115 2738 5168 vivant
2778 5119 2830 5168 et
2867 5109 3118 5166 alacriter
3147 5117 3327 5180 agant.

1777 5212 2112 5267 Thesaurum
2167 5202 2349 5280 itaque
2401 5205 2794 5261 misericordiae
2842 5202 2959 5271 ejus
3003 5201 3059 5254 in
3081 5200 3331 5255 calore-

1775 5302 2053 5357 conditum
2082 5301 2181 5368 ait,
2219 5299 2315 5360 sed
2346 5297 2629 5354 veritatem
2666 5308 2883 5365 quoque
2909 5292 3027 5360 ejus
3053 5306 3218 5361 penes
3248 5289 3330 5358 ip-

1777 5407 1896 5447 sum
1924 5406 2073 5459 esse;
2105 5391 2219 5446 haec
2267 5393 2447 5445 autem
2493 5386 2737 5448 cmlestia
2785 5397 2969 5436 omnia
3019 5379 3325 5448 complent;

1777 5484 2012 5538 attamen
2044 5501 2206 5554 usque
2233 5483 2301 5537 ad
2337 5479 2518 5546 nubes,
2544 5479 2649 5541 vel,
2683 5483 2741 5530 ut
2765 5474 3119 5546 Symmachus
3144 5469 3325 5534 habet,

1776 5592 1934 5644 usque
1965 5575 2032 5627 ad
2057 5570 2250 5630 athera
2281 5579 2585 5643 penetrant.
2624 5568 2712 5622 Sic
2739 5569 2792 5622 in
2814 5567 2920 5621 alio
2949 5575 3160 5633 quoque
3188 5560 3327 5631 psal-

1773 5682 1859 5722 mo
1889 5668 2093 5724 dictum
2114 5676 2197 5724 est
2223 5684 2236 5722 :
2275 5664 2337 5720 In
2363 5663 2488 5721 ctelo
2513 5661 2895 5732 praeparabant
2925 5657 3114 5711 veritas
3144 5662 3231 5706 ltta
3254 5652 3322 5709 ω,
