3960 6342
669 397 771 453 519

1361 394 1631 453 EUSEBII
1667 394 2142 452 CASSARIENSIS
2178 394 2328 451 UPP.
2368 394 2548 450 PARS
2586 393 2672 450 lil.
2696 426 2766 436 —
2804 390 3208 449 EXEGETICA.

3622 53 3903 149 τ

3796 394 3903 450 620

669 513 884 573 Veritas
914 516 1093 585 itaque
1127 514 1222 571 Dei
1256 516 1311 571 in
1344 517 1485 571 cmlo
1508 525 1593 572 est
1625 534 1639 570 :
1667 518 1791 572 inde
1816 532 1942 571 vero
1974 532 2073 572 ceu
2112 517 2201 586 plu

2322 518 2386 570 ὲν
2417 517 2589 586 ἑτέρῳ
2613 514 2857 569 λέλεκται
2874 534 2887 547 ο
2932 515 3034 569 Ἑν
3055 512 3133 579 τῷ
3153 510 3385 582 adpare?)
3414 512 3909 584 ἐτοιμιισθήοεται

658 609 743 663 via
774 609 827 663 in
864 609 1100 665 nubibus
1129 610 1243 663 lata
1274 608 1445 663 stillat
1476 608 1530 662 in
1566 616 1786 663 terram.
1841 608 1964 663 Ideo
1998 609 2219 672 dicitur,

656 699 727 754 Et
758 702 947 755 veritas
972 710 1064 755 tua
1087 718 1248 771 usque
1278 700 1345 753 ad
1368 701 1549 755 nubes.
1587 700 1662 763 Ex
1691 702 1928 757 nubibus
1963 712 2139 755 autem
2166 718 2220 756 In

656 794 904 850 homines
945 795 1152 850 veritas
1202 793 1294 848 Dei
1342 792 1638 849 eﬂunditur
1667 812 1682 860 ;
1715 794 1888 849 nubes
1937 809 2067 847 vero
2101 810 2223 863 pro-

655 886 847 957 phetas
890 892 945 943 et
999 888 1272 957 angelicas
1303 886 1550 948 virtutes,
1586 902 1616 940 a
1660 887 1861 957 quibus
1888 886 2091 940 veritas
2126 884 2221 939 Dei

655 977 967 1032 hominibus
999 977 1161 1030 allata
1191 986 1292 1042 csl,
1324 974 1609 1046 Scriptura
1636 976 1775 1031 solet
1795 970 2086 1044 appellare.
2130 973 2220 1028 Sic

652 1072 707 1124 in
770 1069 910 1124 Isaia
955 1070 1155 1124 dictum
1180 1076 1264 1123 est
1290 1086 1302 1121 :
1326 1068 1396 1123 Et
1421 1068 1645 1123 nubibus
1668 1067 1928 1121 mandabo
1951 1084 2011 1122 ne
2036 1067 2223 1136 pluunt

650 1178 806 1231 super
823 1178 934 1215 eam
955 1162 1170 1216 imbrem
1192 1163 1259 1226 ⁵³,
1282 1162 1493 1218 scilicet
1522 1177 1685 1233 super
1707 1157 2016 1235 Judteorum
2051 1178 2222 1232 popu.

652 1246 783 1315 lunt,
816 1271 885 1324 qu
935 1254 1144 1325 tropice
1177 1255 1336 1310 vinea
1379 1262 1627 1310 vocatur.

2331 610 2372 676 θ’,
2403 607 2653 674 ἀλήθειὰ
2691 624 2823 661 σου.
2862 609 3016 661 Ἐστι
3050 607 3146 677 μὲν
3172 601 3263 660 οὖν
3295 607 3327 678 ή
3363 607 3585 678 ἀλήθεια
3629 608 3721 662 τοῦ
3762 608 3898 663 Θεοῦ

2331 700 2391 751 ἐν
2425 699 2504 771 τῷ
2536 700 2765 771 οὐρανῷ,
2800 700 2954 770 δίκην
3006 700 3062 753 δὲ
3094 699 3248 753 ὑετοῦ
3288 700 3582 770 φερομένου
3612 699 3699 754 διά
3726 704 3898 773 νεφῶν

2330 793 2427 847 καὶ
2484 794 2642 865 μέχρι
2686 795 2783 866 τῆς
2837 795 2939 865 γῆς
2996 793 3297 857 ὲπιστάζει.
3328 793 3417 846 Διὸ
3447 792 3693 865 εἴρηται·
3726 798 3833 849 hat
3860 800 3897 866 ἡ

2329 884 2582 953 ἀλήθειὰ
2609 903 2724 939 σου
2746 886 2858 952 ἕως
2881 884 3001 939 τῶν
3021 884 3309 953 νεφελῶν.
3347 885 3438 937 Ἐκ
3466 884 3523 938 δὲ
3554 885 3661 936 τῶν
3686 884 3898 956 λεγομέ-

2330 980 2437 1032 νῶν
2457 978 2690 1055 νεφελῶν
2712 980 2806 1033 καὶ
2832 982 2911 1042 εἰς
2938 977 3255 1050 ἀνθρώπους
3275 978 3563 1049 προχέεται
3590 980 3623 1048 ἡ
3650 977 3740 1031 τοῦ
3764 977 3896 1033 Θεοῦ

2330 1071 2558 1145 ἀλήθεια
2578 1089 2590 1102 ·
2625 1071 2852 1142 νεφέλας
2890 1071 2946 1125 δὲ
2970 1073 3095 1135 τοὺς
3121 1072 3403 1144 προφήτας
3430 1072 3463 1143 ἢ
3486 1071 3585 1135 τὰς
3609 1070 3895 1140 ἀγγελικᾶς

2329 1162 2610 1233 δυνάμεις,
2635 1163 2702 1215 δι’
2730 1156 2804 1216 ὧν
2830 1165 2863 1233 ἡ
2890 1161 3239 1234 ἀλήθειαντοῦ
3270 1161 3403 1215 Θεοῦ
3438 1164 3531 1217 καὶ
3570 1159 3650 1226 είς
3694 1162 3894 1233 ἀνθρὼ-

2330 1274 2467 1318 πους
2506 1255 2889 1327 κατελήλυθεν,
2919 1255 3105 1310 εἴωθεν
3146 1259 3174 1311 ὁ
3216 1257 3370 1325 λόγος
3409 1256 3712 1327 ὀνομάζειν.
3741 1256 3892 1310 Οὕτω

650 1345 895 1403 λέλεκται
927 1352 983 1401 ὲν
1023 1350 1249 1421 Ἡσαΐαν
1273 1348 1383 1409 Καὶ
1415 1347 1543 1416 ταῖς
1596 1349 1876 1420 νεφέλαις
1911 1349 2263 1421 ἐντελοῦμαι
2301 1351 2407 1405 τοῦ
2451 1350 2537 1421 μὴ
2576 1350 2791 1419 βρέξαι
2833 1353 2921 1417 εὶς
2964 1350 3153 1405 αὺτὸν
3199 1351 3395 1416 ὑετὸν,
3438 1348 3638 1422 δηλαδὴ
3682 1352 3760 1414 εξς
3805 1350 3892 1402 τὸν

662 1443 929 1496 Ἰουδαίων
987 1441 1135 1507 λαὸν,
1179 1442 1497 1514 ἀμπελῶνα.
1518 1443 1793 1515 τροπικῶς
1818 1444 2220 1516 ὠνομασμένον.

720 1537 799 1591 Ad
825 1539 937 1591 haec
968 1544 1170 1604 autem,
1197 1538 1411 1609 justitia
1437 1544 1551 1603 tua,
1583 1538 1779 1611 inquit,
1812 1539 2058 1605 Domine,
2092 1556 2212 1593 ma-

649 1646 754 1701 gna
786 1632 1131 1705 excelsaque,
1166 1634 1466 1701 montibus,
1498 1634 1607 1690 imo
1640 1635 1918 1690 montibus
1943 1634 2034 1690 Dei
2063 1648 2216 1687 com-

2401 1537 2521 1591 Ἔτι
2573 1537 2711 1609 πρὸς
2750 1536 2959 1600 τούτοις
3007 1540 3039 1609 ἡ
3090 1537 3401 1606 δικαιοσύνη
3449 1554 3563 1603 σου,
3618 1538 3809 1608 φησὶν,
3850 1530 3892 1590 ῶ

2326 1630 2517 1700 Κύριε,
2535 1627 2743 1700 μεγάλη
2771 1627 3022 1698 τυγχάνει
3046 1630 3138 1682 καὶ
3168 1628 3363 1700 ὑψηλὴ,
3381 1628 3529 1700 ὄρεσι
3558 1626 3893 1699 παραϐάλλει⁴

650 1733 894 1794 paratur,
931 1741 995 1780 ac
1025 1727 1249 1795 insuper
1269 1727 1475 1797 judicia
1508 1735 1601 1781 tua
1624 1728 2203 1798 incomprehensibilia.

2327 1723 2481 1795 μένη,
2515 1722 2607 1775 καὶ
2634 1722 2781 1793 ὖρεσι
2816 1720 2969 1786 Θεοῦ,
3003 1722 3096 1776 καὶ
3144 1723 3277 1794 πρὸς
3316 1722 3524 1788 τούτοις
3556 1722 3624 1776 τά
3656 1722 3893 1795 κρίματά

649 1815 1115 1880 Quemadmodum
1140 1817 1284 1873 enim
1320 1819 1575 1890 abyssus,
1606 1827 1667 1873 ut
1696 1827 1913 1881 vocant,
1952 1821 2217 1874 immensa

648 1915 702 1959 et
725 1907 1040 1961 hominibus
1068 1904 1640 1979 incomprehensibilis
1663 1921 1776 1977 est;
1805 1912 1949 1981 quod
1984 1928 2114 1967 sane
2134 1913 2216 1969 his

650 1992 1007 2069 signiﬁcatur,
1034 2016 1227 2070 ponens
1255 2019 1307 2055 ιη
1333 2002 1589 2058 thesauris
1611 2004 1864 2075 abyssos:
1891 2005 2214 2076 sicjudicia,

653 2093 897 2154 Domine,
928 2110 1048 2164 qua:
1076 2110 1135 2150 ex
1165 2094 1380 2164 justitia
1426 2097 1693 2166 prodeunt
1724 2106 1835 2162 tua,
1863 2114 1962 2154 ceu
1991 2101 2210 2171 abyssus

552 2190 554 2192 ⁷
650 2186 815 2241 multa
834 2187 878 2218 ⁸⁷
900 2196 1047 2242 sunt.
1076 2187 1182 2243 Pro
1212 2189 1305 2243 illo
1334 2198 1536 2253 autem,
1555 2190 1771 2260 justitia
1799 2202 1887 2245 tua
1909 2194 2043 2248 sicut
2063 2212 2207 2250 mon-

649 2289 725 2333 tes
763 2278 891 2342 Dei;
934 2280 1152 2350 Aquila,
1192 2280 1411 2350 justitia
1461 2291 1554 2336 tua
1598 2284 1732 2337 sicut
1759 2296 1955 2339 montes
1986 2289 2208 2354 robusti,

646 2369 1037 2440 interpretatus
1076 2379 1177 2427 est.
1214 2370 1337 2425 Haec
1367 2388 1530 2441 porro
1558 2374 1739 2427 omnia
1767 2385 2072 2445 opportuno
2106 2370 2212 2433 me—

645 2468 976 2513 morantur:
1011 2460 1451 2532 declaraturque,
1506 2479 1603 2534 per
1651 2465 2076 2522 misericordiam
2119 2470 2209 2524 Dei

645 2568 773 2620 quae
805 2552 859 2605 in
892 2554 1034 2609 cmlo
1075 2564 1181 2617 csl,
1225 2572 1323 2626 per
1352 2556 1635 2612 veritatem
1665 2565 1719 2611 et
1759 2558 2026 2628 justitiam
2067 2563 2209 2632 ejus,

652 2658 716 2699 ac
740 2658 836 2713 per
865 2645 1017 2709 illud,
1056 2644 1275 2702 Judicia
1312 2648 1424 2719 ejus
1448 2658 1505 2703 ut
1552 2649 1772 2720 abyssus
1801 2653 1967 2708 multa
2011 2657 2209 2709 incom-

642 2736 1013 2805 prehensibilia
1065 2750 1222 2802 sunt,
1275 2741 1492 2813 impios,
1561 2745 1748 2819 atheos
1798 2756 1850 2801 et
1900 2760 2209 2818 peccatores

644 2843 752 2893 non
784 2829 893 2885 vita
923 2832 1119 2894 solum,
1153 2834 1246 2889 sed
1283 2836 1511 2905 reliquis
1542 2838 1705 2892 etiam
1736 2837 1843 2893 frui
1867 2842 2024 2899 bonis
2054 2859 2081 2897 a
2108 2846 2207 2899 bo-

643 2922 816 2976 nitate
846 2923 1017 2993 ipsius
1041 2925 1495 2983 subministratis.

2322 1832 2416 1867 σου
2464 1815 2845 1885 ἀκατάληπτα.
2913 1814 2999 1877 Ὠς
3054 1814 3162 1887 γὰρ
3206 1818 3238 1885 ἡ
3295 1815 3604 1887 καλουμένη
3662 1815 3892 1879 ἄϐυσσος

2318 1909 2543 1980 ἄπειρός
2589 1912 2736 1963 ἐστιν
2793 1905 3098 1979 ἀνθρώποις
3145 1906 3240 1959 καὶ
3281 1906 3705 1978 ἀκατάληπτος·
3755 1905 3785 1959 ὃ
3829 1905 3889 1974 δή

2319 2003 2574 2073 σημαίνει
2599 2005 2626 2054 ὁ
2648 2002 2824 2072 φήσας
2847 1999 3023 2068 λόγος·
3048 1997 3229 2063 Τιθεὶς
3264 1996 3334 2050 ἐν
3364 1997 3684 2067 θησαυροῖς
3709 1998 3889 2052 ἀϐύσ-

2316 2110 2468 2160 σους
2490 2112 2501 2123 ·
2529 2094 2699 2156 οὕτως
2727 2092 2821 2146 καὶ
2848 2089 2915 2144 τά
2945 2088 3013 2144 σά
3042 2087 3305 2162 κρίματα,
3331 2080 3375 2139 ὧ
3409 2086 3600 2160 Κύριε.
3618 2088 3683 2141 τὰ
3708 2090 3773 2141 ἐκ
3796 2087 3887 2156 τῆς

2320 2188 2416 2258 σῆς
2493 2188 2834 2259 δικαιοσύνης
2916 2184 3209 2256 φερόμενα,
3256 2179 3330 2244 ὡς
3403 2182 3441 2249 ἡ
3473 2180 3743 2246 ἄϐυσσός
3777 2181 3886 2231 ἐστι

2318 2280 2537 2345 πολλή.
2583 2282 2726 2335 ’Λντὶ
2758 2281 2816 2334 δὲ
2844 2258 2963 2342 ἶτοῦ,
3006 2280 3077 2332 Ἠ
3103 2274 3455 2342 δικαιοσύνη
3499 2289 3616 2326 σου
3662 2273 3742 2338 ὡς
3786 2272 3884 2339 ἰείη

2319 2371 2487 2436 Θεοῦ,
2519 2373 2547 2425 ὁ
2587 2370 2833 2435 Ἀκύλας,
2864 2370 3220 2437 Δικαιοσύνη
3254 2384 3371 2422 σου
3395 2366 3475 2432 ὠς
3511 2365 3619 2435 ὄρη
3651 2365 3881 2434 ὶσχττὰ.

2317 2464 2648 2533 ἡρμήνευσε.
2690 2462 2905 2517 Τούτων
2930 2461 2987 2516 δὲ
3014 2461 3229 2516 πάντων
3256 2457 3527 2530 εὐκαίρως
3556 2456 3881 2528 ἐμνημόνευ-

2318 2570 2405 2606 σεν
2434 2554 2462 2605 ὁ
2503 2552 2685 2621 λόγος·
2721 2552 2956 2616 δεικνὺς,
2985 2552 3067 2605 ὅτι
3105 2550 3192 2605 διὰ
3233 2550 3293 2605 τὸ
3320 2550 3467 2613 ἔλεός
3500 2566 3594 2602 σου
3629 2547 3719 2602 τοῦ
3754 2546 3880 2601 Θεοῦ

2316 2640 2378 2695 τὸ
2414 2643 2473 2695 ἒν
2504 2639 2582 2712 τῷ
2616 2641 2848 2713 οὐρανῷ,
2881 2642 2975 2695 καὶ
3007 2640 3096 2697 διὰ
3138 2642 3236 2713 τὴν
3288 2640 3545 2715 ἀλήθειαν
3589 2637 3752 2695 αὑτοῦ
3796 2638 3882 2689 καὶ

2316 2731 2406 2785 διά
2446 2733 2544 2805 τὴν
2569 2733 2911 2806 δικαιοσύνην
2944 2733 3127 2798 αὐτοῦ,
3158 2735 3252 2787 καὶ
3277 2722 3490 2787 διὰητόο
3532 2733 3622 2796 Ὠς
3655 2717 3879 2793 ἄϐυσσος

2313 2825 2480 2896 πολλὴ
2521 2826 2885 2899 ἀκατάληπτα
2920 2826 2990 2882 τά
3030 2826 3272 2898 κρίματα
3304 2824 3491 2892 αὑτοῦ,
3538 2825 3633 2880 καὶ
3671 2822 3877 2885 ἀσεὸεζ

2316 2919 2411 2971 καὶ
2436 2917 2583 2973 ἄθεοι
2604 2908 2699 2973 κα)⁸
2731 2920 3041 2992 ἁμαρτωλοὶ
3072 2921 3131 2973 οὐ
3158 2920 3316 2991 μόνον
3339 2918 3485 2991 ζωῆς
3505 2916 3873 2977 ἀπολαύουσιν,

644 3013 779 3067 ἀλλὰ
814 3017 909 3069 καὶ
955 3018 1064 3070 τῶν
1107 3019 1309 3074 λοιπῶν
1369 3023 1475 3076 τῶν
1529 3025 1637 3079 ἀπὸ
1676 3027 1774 3098 τῆς
1816 3028 2216 3101 φιλανθρωπίας
2254 3035 2415 3089 αὑτοῦ
2439 3038 2875 3108 χορηγουμένων.

716 3126 882 3183 Vens.
915 3130 967 3185 8.
1001 3132 1362 3204 Quamobrem
1418 3140 1675 3211 adjicitur
1708 3162 1722 3199 :
1762 3144 2011 3203 llomines
2034 3159 2085 3204 et
2114 3151 2204 3221 ju-

2385 3153 2476 3207 Διὸ
2506 3154 2815 3224 ὲπιλέγεται
2839 3174 2851 3186 ·
2902 3156 3263 3224 Ἀνθρώπους
3298 3169 3395 3210 και
3423 3156 3611 3225 κτήνη
3641 3155 3869 3223 σώσεις,

644 3230 818 3320 menta
845 3222 1095 3289 salvabis,
1114 3225 1368 3293 Domine;
1390 3235 1825 3301 quemadmodum
1840 3240 2203 3310 multiplicasti

2312 3247 2498 3314 Κύριε,
2526 3247 2609 3323 ’ὡς
2638 3222 2985 3315 sanam,
3018 3222 3084 3303 eo
3119 3222 3292 3317 ἕλεος
3334 3222 3532 3315 aov,cl
3579 3222 3739 3316 οεός.
3784 3222 3872 3302 Διά

643 3309 1064 3366 misericordiam
1096 3325 1263 3382 tuam,
1296 3318 1460 3377 Deus.
1490 3320 1624 3379 Nam
1654 3309 2089 3399 propterjudicia
2117 3329 2207 3387 t'ua

643 3415 763 3471 quae
797 3409 855 3456 ut
906 3404 1143 3477 abyssus
1187 3412 1356 3465 multa
1405 3423 1554 3479 sunt,
1608 3427 1829 3487 prapter
1854 3421 2121 3489 justitiam
2154 3433 2209 3479 et

637 3494 923 3551 veritatem
949 3506 1094 3554 tuam
1120 3518 1238 3571 quae
1263 3503 1317 3557 in
1344 3506 1484 3560 cmlo
1499 3515 1604 3572 est,
1631 3508 1878 3568 homines
1895 3515 2205 3584 et‘jumenta

638 3587 804 3644 simul
840 3591 1071 3647 salutem
1106 3595 1370 3651 obtinent.
1400 3598 1491 3653 Sic
1517 3602 1881 3671 multiplicasti
1910 3609 2205 3663 misericor-

641 3677 787 3731 diam
819 3687 986 3744 tuam,
1013 3681 1242 3757 Qeus,ut
1273 3702 1382 3742 non
1408 3690 1568 3744 modo
1598 3694 1690 3762 qui
1724 3693 1892 3763 digni,
1925 3698 2020 3752 sed
2041 3700 2203 3753 etiam

644 3769 737 3839 qui
796 3773 974 3828 brutis
1010 3778 1256 3833 moribus
1300 3789 1355 3834 et
1402 3782 1720 3853 insipientes
1765 3798 1889 3841 sunt
1930 3790 2199 3854 homines,

641 3862 752 3916 vita
802 3864 898 3918 abs
950 3872 1002 3919 te
1054 3868 1178 3923 data
1233 3871 1499 3929 fruantur.
1561 3876 2007 3951 Quandoquidem
2057 3884 2200 3939 enim

641 3954 800 4009 multi
832 3969 1243 4027 conquerantur
1263 3975 1316 4019 et
1345 3973 1687 4039 expostulant
1709 3975 1949 4029 cum'illo
1975 3976 2061 4031 his
2092 3993 2207 4031 ver-

642 4048 759 4104 bis:
785 4047 965 4115 Quare
990 4050 1142 4121 impii
1162 4068 1419 4125 prospere
1439 4070 1625 4129 agunt,
1642 4080 1703 4118 ac
1726 4065 1815 4120 Dei
1836 4066 1993 4122 bonis
2018 4068 2201 4122 fruun-

639 4142 769 4196 tur?
796 4142 1112 4199 necessario
1153 4144 1311 4219 docet
1346 4150 1567 4207 multam
1604 4156 1724 4225 ejus
1766 4158 2197 4214 misericordiam

641 4246 782 4287 esse.
809 4232 877 4288 At
905 4235 952 4289 si
978 4235 1353 4295 misericordia
1385 4250 1594 4299 tantum
1626 4262 1690 4301 ac
1710 4243 1993 4306 clementia
2022 4253 2199 4308 exsis-

641 4329 798 4387 teret,
833 4324 967 4377 nihil
995 4340 1026 4379 a
1054 4339 1401 4397 peccatorum
1438 4334 1549 4389 vita
1580 4336 1817 4393 ineunda
1836 4353 2063 4399 arceret.
2088 4342 2195 4399 Ve-

643 4427 765 4465 rum
813 4414 1003 4470 edocet
1031 4417 1121 4475 ille
1148 4424 1429 4481 veritatem
1460 4436 1516 4482 et
1570 4428 1840 4497 justitiam
1878 4448 2000 4486 eum
2035 4437 2196 4492 mise«

641 4500 875 4555 ricordia
908 4506 1146 4573 misceri,-
1174 4511 1246 4565 ita
1283 4522 1340 4581 ut
1374 4523 1497 4585 post
1534 4518 1963 4573 misericordiam
1985 4522 2195 4591 justitia

2311 3336 2419 3409 γὰρ
2475 3338 2541 3391 τά
2584 3340 2828 3410 κρίματά
2863 3358 2956 3394 σου
2990 3342 3059 3398 τά
3086 3343 3161 3407 ὠς
3189 3342 3420 3406 ἄϐυσσος
3464 3342 3651 3414 πολλὴ,
3675 3343 3770 3396 καὶ
3794 3342 3871 3395 διά

2306 3426 2773 3503 τήνδικαιοσύνην
2800 3449 2890 3485 σου
2924 3433 3016 3486 καὶ
3051 3433 3146 3505 τὴν
3180 3433 3431 3505 ἀλήθειάν
3467 3450 3560 3487 σου
3590 3433 3685 3506 τὴν
3716 3435 3773 3486 ὲν
3801 3430 3870 3502 τῷ

2305 3520 2543 3593 οὐρανῷ,
2557 3522 2832 3594 ἄνθρωποι
2863 3527 2955 3579 καὶ
2993 3527 3162 3597 κτήνη
3192 3526 3407 3580 κατὰτὸ
3428 3527 3560 3579 αὐτὸ
3584 3524 3866 3590 σώζονταιι

2303 3613 2474 3678 οὕτως
2495 3614 2841 3684 ἐπλήθυνίις
2861 3616 2926 3669 τὸ
2948 3615 3121 3684 ἔλεός
3150 3633 3288 3685 σου,
3314 3620 3477 3683 Θεὸς,
3511 3619 3588 3689 ὡς
3615 3617 3687 3689 μὴ
3723 3618 3867 3689 μόνον

2302 3708 2426 3770 τοὺς
2456 3698 2638 3773 ἀξίους
2668 3706 2764 3778 τῆς
2798 3711 2861 3760 ἐκ
2912 3709 3005 3762 σοῦ
3043 3710 3187 3780 ζωῆς
3238 3706 3690 3781 μεταλαμϐάνειν,
3740 3707 3864 3762 ἀλλά

2303 3799 2394 3850 καὶ
2439 3801 2562 3863 τοῦς
2608 3799 2898 3870 κτηνώδεις
2945 3801 3038 3854 καὶ
3089 3803 3345 3872 ἀνοήτους
3398 3801 3507 3855 τῶν
3552 3800 3857 3874 ἀνθρώπων.

2314 3889 2526 3960 Ἐπειδὴ
2578 3890 2684 3960 γάρ
2734 3889 2915 3944 πολλοὶ
2967 3891 3267 3961 μέμφονται
3311 3894 3405 3946 καὶ
3455 3892 3857 3946 καταιτιῶνταγ

2304 3979 2419 4032 Ἵνα
2446 3980 2499 4031 τί
2530 3980 2744 4042 ἀσεϐεῖς
2768 3980 3071 4050 εύθηνοῦσι,
3109 3981 3202 4035 καὶ
3230 3981 3335 4034 τῶν
3368 3980 3461 4034 τοῦ
3487 3981 3622 4034 Θεοῦ
3655 3979 3860 4050 ἀγαθῶν

2302 4072 2696 4137 ἀπολαύουσιν;
2759 4075 3069 4142 ἀναγκαίως
3127 4074 3383 4139 διδάσκει,
3442 4076 3523 4128 ὅτι
3585 4073 3858 4135 πολυέλεός

2301 4166 2466 4217 ἐστιν.
2507 4166 2641 4218 Ἀλλ’
2667 4166 2715 4217 εἰ
2755 4166 2850 4236 μὲν
2878 4163 2945 4238 ἦν
2982 4169 3125 4233 ἕλεος
3154 4168 3311 4240 μόνον
3346 4167 3438 4222 καὶ
3469 4167 3852 4240 φιλανθρωπία,

2297 4252 2450 4304 οὐδὲν
2473 4254 2705 4307 ἐκώλυεν
2734 4256 2823 4309 τὸν
2850 4258 2954 4312 τῶν
2980 4260 3313 4332 ἁμαρτωλῶν
3343 4259 3696 4331 μετέρχεσθαι
3719 4260 3820 4329 βίον
3839 4275 3851 4287 ’

2293 4344 2534 4397 διδάσκει
2580 4344 2656 4409 δὲ,
2697 4347 2776 4399 ὅτι
2830 4351 2924 4404 σὺν
2954 4352 3029 4422 τῷ
3064 4350 3199 4421 ἐλέῳ
3240 4350 3609 4420 ἀνακέκραται
3641 4349 3853 4420 ἀλήθεια

2295 4436 2389 4487 καὶ
2415 4434 2746 4507 δικαιοσύνη,
2774 4438 2848 4503 ὡς
2869 4442 2965 4511 τῆς
2980 4441 3329 4512 δικαιοσύνης
3352 4441 3447 4493 καὶ
3483 4442 3582 4511 τῆς
3610 4442 3851 4513 ἀληθείας

2293 4525 2686 4597 διαλήψομένης
2713 4530 2835 4592 τοὺς
2857 4531 3208 4603 ἁμαρτωλοὺς
3236 4532 3371 4603 μετά
3405 4534 3465 4585 τὸ
3489 4532 3653 4596 ἕλεοζο
3675 4534 3737 4585 Εἰ
3757 4531 3852 4600 γὰρ

638 4598 695 4646 et
740 4591 938 4649 veritas
978 4609 1292 4665 peccatores
1333 4614 1639 4677 exceptura:
1683 4619 1830 4665 sunt.
1862 4610 1995 4666 Nam
2049 4616 2095 4669 si
2125 4632 2191 4672 ex

2312 4623 2372 4693 ιὴ
2403 4591 2689 4693 ῶςρελοῖντο
2711 4623 2787 4694 τῷ
2816 4591 2948 4699 ἐλέῳ
2975 4591 3068 4680 καὶ
3097 4629 3161 4695 τῇ
3189 4591 3550 4695 μακροθυμίᾳ
3571 4591 3676 4676 ’τοῦ
3705 4591 3844 4680 Θεοῦ..

638 4684 1015 4741 misericordia
1062 4700 1116 4745 et
1156 4697 1417 4761 patientia
1451 4696 1543 4753 Dei
1577 4701 1708 4755 nihil
1736 4704 1984 4760 utilitatis
2016 4709 2178 4777 perci-

638 4777 809 4847 piant,
837 4780 1047 4849 justitia
1079 4792 1132 4837 et
1164 4784 1367 4839 veritas
1391 4788 1509 4855 ejus
1542 4789 1757 4848 invadet
1792 4797 1911 4852 illos
1948 4817 1960 4851 :
1982 4798 2190 4869 judicio

636 4871 999 4941 quippejusto
1024 4876 1403 4945 subjicientur.
1438 4878 1575 4933 Sunt
1610 4885 1751 4939 enim
1790 4873 1997 4956 reucra,
2038 4899 2187 4959 sunt,

637 4961 877 5031 inquam,
923 4966 1125 5033 judicia
1176 4967 1268 5024 Dei
1312 4972 1558 5039 occulta;
1601 4977 1767 5029 multa
1824 4982 2189 5053 immensaque

638 5055 999 5125 profunditas,
1036 5060 1141 5123 vel,
1173 5070 1233 5115 ut
1265 5065 1339 5117 ait
1367 5063 1667 5135 Scriptura,
1693 5069 1909 5139 abyssus
1934 5076 2103 5131 multa
2135 5080 2187 5131 in

633 5148 959 5219 iudiciorum
996 5153 1114 5221 ejus
1148 5156 1881 5233 rationecomprehenditur.
1919 5166 2039 5223 "me
2084 5170 2186 5241 igi-

631 5246 725 5293 tur
756 5241 949 5310 impios
977 5256 1215 5299 manent.

708 5324 873 5382 VERS.
900 5328 953 5391 9,
981 5330 1064 5384 10.
1095 5329 1225 5386 Filii
1249 5345 1420 5391 autem
1452 5340 1716 5396 hominum
1744 5346 1795 5398 in
1827 5352 2041 5418 tegmine
2065 5354 2179 5407 ala-

2292 4718 2325 4787 ή
2361 4716 2670 4787 δικαιοσύνη
2714 4719 2874 4773 αὐτοῦ
2905 4720 3056 4790 καὶὴ
3089 4716 3314 4787 ἀλήθεια
3362 4713 3735 4785 μετελεύσεται
3763 4715 3845 4768 αύ-
3892 4744 3893 4751 ι

2295 4808 2419 4873 τούς
2434 4805 2451 4840 ·’
2485 4811 2944 4883 ὑποϐληθήσονται
2970 4812 3077 4882 γὰρ
3107 4810 3285 4880 κρίσει
3310 4808 3528 4878 δικαίᾳ.ἶ
3550 4806 3701 4861 Ἔστι
3727 4809 3840 4878 γάρ.
3890 4876 3891 4881 η

2299 4900 2446 4955 ἔστιν
2474 4902 2759 4973 ἀπόρρητα
2799 4905 2865 4958 τὰ
2898 4905 3142 4975 κρίματα
3166 4901 3260 4954 τοῦ
3288 4900 3422 4953 Θεοῦ
3442 4917 3454 4930 ·
3490 4900 3653 4965 πολύς
3676 4919 3731 4954 τε
3760 4904 3844 4953 καὶ
3888 4886 3891 4971 ξ

2293 4994 2514 5066 ἄπειρος
2558 4995 2733 5065 βυθὸς,
2764 4998 2829 5067 ἢ,
2867 4994 3047 5059 καθὼς
3088 4998 3120 5066 ή
3154 4995 3339 5066 Γραφή
3376 5010 3559 5063 φησιν,
3590 4996 3843 5059 ἄϐυσσος
3886 5032 3887 5067 3

2294 5089 2492 5157 πολλὴ
2521 5091 2579 5141 ἐν
2603 5089 2679 5160 τῷ
2702 5090 2843 5161 λόγῳ
2874 5089 2980 5142 τῶν
3016 5091 3296 5160 χριμάτων
3329 5089 3488 5143 αὑτοῦ
3526 5090 3835 5160 περιέχεται.

2295 5177 2473 5232 Ταῦτα
2508 5180 2683 5233 τοίνυν
2716 5181 2863 5250 μένει
2890 5181 3013 5243 τοὺς
3047 5178 3277 5242 ἀσεϐεῖς.

2360 5359 2423 5409 Ol
2447 5356 2514 5410 δὲ
2536 5356 2650 5411 υἱοὶ
2670 5357 2793 5411 τῶν
2819 5356 3138 5427 ἀνθρώπων
3170 5357 3239 5411 ἐν
3270 5356 3465 5426 σκέπῃ
3494 5356 3609 5411 τῶν
3638 5320 3835 5425 πτερύο
3862 5380 3881 5437 νίς

635 5433 749 5469 rum
796 5434 1004 5475 murum
1054 5426 1351 5491 sperabunt.
1397 5429 1805 5503 Inebriabuntur
1834 5440 1898 5492 ab
1949 5443 2180 5499 ubertate

634 5510 815 5565 domus
846 5526 966 5580 tum,
1002 5528 1049 5572 et
1084 5529 1311 5577 torrente
1366 5526 1640 5594 voluptatis
1666 5540 1769 5584 tua:
1818 5536 2018 5601 potabis
2068 5556 2175 5593 eos.

635 5602 893 5666 Quoniam
928 5612 1065 5676 apud
1084 5624 1133 5667 te
1156 5625 1231 5669 est
1261 5616 1377 5685 fons
1405 5620 1537 5684 vitaz,
1567 5623 1619 5675 in
1652 5624 1847 5680 lumine
1886 5638 1972 5683 tuo
1998 5633 2179 5685 videbi-

635 5714 745 5748 mus
775 5700 963 5755 [ιιηιεη.
1006 5705 1269 5771 Quoniam
1307 5710 1511 5778 judicia
1567 5724 1657 5769 tua
1709 5720 1935 5789 abyssus
1987 5727 2172 5792 multa,

2287 5464 2407 5515 γων
2431 5462 2546 5503 σου
2573 5448 2871 5507 ἐλπιοῦσι.
2896 5447 3392 5514 Μεθυσθὴσονται
3420 5449 3537 5503 ἀπὸ
3568 5450 3875 5513 monitor”:

2286 5539 2452 5594 οἴκου
2484 5557 2619 5610 σου,
2660 5542 2757 5597 καὶ
2788 5543 2893 5597 τὸν
2921 5542 3276 5614 χειμάῤῥουν
3320 5540 3428 5610 τῆς
3469 5540 3695 5609 τρυφῆς
3730 5556 3833 5594 σου

2285 5634 2504 5698 ποτιεῖς
2540 5636 2778 5701 αὐτούς.
2816 5637 2942 5690 Ὅτι
2968 5637 3125 5704 παρὰ
3162 5634 3260 5687 σοὶ
3287 5632 3448 5701 πηγὴ
3479 5632 3646 5698 ᾅυῆςν
3671 5634 3735 5687 έν
3762 5629 3830 5697 τῷ

2284 5726 2429 5793 φωτί
2466 5742 2577 5780 σου
2626 5728 2887 5795 ὀψόμεθα
2934 5727 3073 5797 φῶς.
3112 5723 3325 5793 Ἐπειδὴ
3360 5721 3426 5774 τὰ
3462 5722 3702 5794 κρίματά
3748 5738 3830 5781 σου

3882 5064 3887 5159 l

3882 5164 3885 5291 l

3877 5302 3883 5425 l

3877 5444 3881 5565 l

3877 5568 3879 5691 Ι

914 5818 917 5819 ⁷
1702 5824 1715 5843 Ι

703 5852 745 5891 ⁸⁵
786 5854 886 5911 lsa.
925 5876 985 5925 γ,
1020 5863 1067 5916 6.
1146 5864 1186 5898 ⁸⁷
1228 5866 1371 5922 Psal.
1416 5885 1574 5937 xxxi,
1618 5872 1667 5932 7.
