  <div class='ocr_page' id='page_1' title='image "/cluster/home/n/w/nwhite01/storage/ocr_20150623/23/pst.000005712076/170.png"; bbox 0 0 3966 6344; ppageno 0'>
   <div class='ocr_carea' id='block_1_1' title="bbox 28 452 117 505">
    <p class='ocr_par' dir='ltr' id='par_1_1' title="bbox 28 452 117 505">
     <span class='ocr_line' id='line_1_1' title="bbox 28 452 117 505; baseline 0 0"><span class='ocrx_word' id='word_1_1' title='bbox 28 452 117 505; x_wconf 67' lang='lat' dir='ltr'><strong>522i</strong></span> 
     </span>
    </p>
   </div>
   <div class='ocr_carea' id='block_1_2' title="bbox 1126 434 2108 495">
    <p class='ocr_par' dir='ltr' id='par_1_2' title="bbox 1126 434 2108 495">
     <span class='ocr_line' id='line_1_2' title="bbox 1126 434 2108 495; baseline -0.003 0"><span class='ocrx_word' id='word_1_2' title='bbox 1126 435 1625 495; x_wconf 76' lang='lat' dir='ltr'><strong>COMMENTARIA</strong></span> <span class='ocrx_word' id='word_1_3' title='bbox 1665 435 1730 489; x_wconf 80' lang='lat' dir='ltr'><strong>IN</strong></span> <span class='ocrx_word' id='word_1_4' title='bbox 1772 434 2108 493; x_wconf 61' lang='lat' dir='ltr'><strong>PSAL‘MOS.</strong></span> 
     </span>
    </p>
   </div>
   <div class='ocr_carea' id='block_1_3' title="bbox 3119 439 3228 496">
    <p class='ocr_par' dir='ltr' id='par_1_3' title="bbox 3119 439 3228 496">
     <span class='ocr_line' id='line_1_3' title="bbox 3119 439 3228 496; baseline -0.037 0"><span class='ocrx_word' id='word_1_5' title='bbox 3119 439 3228 496; x_wconf 73' lang='lat'><strong>3‘26</strong></span> 
     </span>
    </p>
   </div>
   <div class='ocr_carea' id='block_1_4' title="bbox 24 551 1586 639">
    <p class='ocr_par' dir='ltr' id='par_1_4' title="bbox 24 552 1581 639">
     <span class='ocr_line' id='line_1_4' title="bbox 24 552 1581 639; baseline -0.009 -20"><span class='ocrx_word' id='word_1_6' title='bbox 24 562 273 639; x_wconf 58' lang='lat' dir='ltr'><strong>plcvmai</strong></span> <span class='ocrx_word' id='word_1_7' title='bbox 302 560 428 627; x_wconf 77' lang='grc' dir='ltr'><strong>δῴη</strong></span> <span class='ocrx_word' id='word_1_8' title='bbox 449 575 546 613; x_wconf 82' lang='grc' dir='ltr'><strong>σοι</strong></span> <span class='ocrx_word' id='word_1_9' title='bbox 568 556 759 611; x_wconf 77' lang='grc' dir='ltr'>πάντα</span> <span class='ocrx_word' id='word_1_10' title='bbox 790 554 860 609; x_wconf 83' lang='grc' dir='ltr'><strong>τὰ</strong></span> <span class='ocrx_word' id='word_1_11' title='bbox 887 553 1175 623; x_wconf 76' lang='grc' dir='ltr'><strong>αίτήματα</strong></span> <span class='ocrx_word' id='word_1_12' title='bbox 1197 554 1308 622; x_wconf 84' lang='grc' dir='ltr'>τῆς</span> <span class='ocrx_word' id='word_1_13' title='bbox 1338 552 1581 622; x_wconf 79' lang='grc' dir='ltr'><strong>καρδίας</strong></span> 
     </span>
    </p>
   </div>
   <div class='ocr_carea' id='block_1_5' title="bbox 1682 551 3199 639">
    <p class='ocr_par' dir='ltr' id='par_1_5' title="bbox 1685 551 3199 625">
     <span class='ocr_line' id='line_1_5' title="bbox 1685 551 3199 625; baseline 0.002 -19"><span class='ocrx_word' id='word_1_14' title='bbox 1685 553 1795 607; x_wconf 84' lang='lat' dir='ltr'><strong>tibi</strong></span> <span class='ocrx_word' id='word_1_15' title='bbox 1817 569 1991 606; x_wconf 87' lang='lat' dir='ltr'><strong>omnes</strong></span> <span class='ocrx_word' id='word_1_16' title='bbox 2018 552 2293 620; x_wconf 74' lang='lat' dir='ltr'><strong>petitiones</strong></span> <span class='ocrx_word' id='word_1_17' title='bbox 2324 551 2497 615; x_wconf 82' lang='lat' dir='ltr'><strong>cordis</strong></span> <span class='ocrx_word' id='word_1_18' title='bbox 2534 551 2631 605; x_wconf 86' lang='lat' dir='ltr'><strong>tui.</strong></span> <span class='ocrx_word' id='word_1_19' title='bbox 2664 551 2951 621; x_wconf 73' lang='lat' dir='ltr'><strong>Postquam</strong></span> <span class='ocrx_word' id='word_1_20' title='bbox 2982 556 3199 625; x_wconf 86' lang='lat' dir='ltr'><strong>superio</strong></span> 
     </span>
    </p>
   </div>
   <div class='ocr_carea' id='block_1_6' title="bbox 30 644 1577 723">
    <p class='ocr_par' dir='ltr' id='par_1_6' title="bbox 30 644 1577 723">
     <span class='ocr_line' id='line_1_6' title="bbox 30 644 1577 723; baseline -0.01 -10"><span class='ocrx_word' id='word_1_21' title='bbox 30 674 143 714; x_wconf 84' lang='grc' dir='ltr'>σου.</span> <span class='ocrx_word' id='word_1_22' title='bbox 184 651 562 723; x_wconf 75' lang='grc' dir='ltr'>’Δποστρέψας</span> <span class='ocrx_word' id='word_1_23' title='bbox 592 646 686 701; x_wconf 79' lang='grc' dir='ltr'><strong>τοῦ</strong></span> <span class='ocrx_word' id='word_1_24' title='bbox 716 646 877 717; x_wconf 80' lang='grc' dir='ltr'><strong>ζήλου</strong></span> <span class='ocrx_word' id='word_1_25' title='bbox 900 644 1025 701; x_wconf 84' lang='grc' dir='ltr'>τῶν</span> <span class='ocrx_word' id='word_1_26' title='bbox 1066 645 1316 716; x_wconf 80' lang='grc' dir='ltr'><strong>πονηρῶν</strong></span> <span class='ocrx_word' id='word_1_27' title='bbox 1347 644 1434 696; x_wconf 86' lang='grc' dir='ltr'><strong>διὰ</strong></span> <span class='ocrx_word' id='word_1_28' title='bbox 1469 644 1577 698; x_wconf 86' lang='grc' dir='ltr'><strong>τῶν</strong></span> 
     </span>
    </p>
   </div>
   <div class='ocr_carea' id='block_1_7' title="bbox 32 736 1579 820">
    <p class='ocr_par' dir='ltr' id='par_1_7' title="bbox 32 736 1579 820">
     <span class='ocr_line' id='line_1_7' title="bbox 32 736 1579 820; baseline -0.007 -20"><span class='ocrx_word' id='word_1_29' title='bbox 32 748 258 820; x_wconf 75' lang='grc' dir='ltr'>πρώτων,</span> <span class='ocrx_word' id='word_1_30' title='bbox 292 742 458 805; x_wconf 81' lang='grc' dir='ltr'>εὐθὺς</span> <span class='ocrx_word' id='word_1_31' title='bbox 488 745 556 794; x_wconf 77' lang='grc' dir='ltr'><strong>ἐκ·</strong></span> <span class='ocrx_word' id='word_1_32' title='bbox 579 737 919 811; x_wconf 82' lang='grc' dir='ltr'><strong>παραλλήλου</strong></span> <span class='ocrx_word' id='word_1_33' title='bbox 965 737 1063 807; x_wconf 82' lang='grc' dir='ltr'><strong>τὴν</strong></span> <span class='ocrx_word' id='word_1_34' title='bbox 1108 736 1273 808; x_wconf 83' lang='grc' dir='ltr'>ὀρθὴν</span> <span class='ocrx_word' id='word_1_35' title='bbox 1303 737 1394 789; x_wconf 75' lang='grc' dir='ltr'><strong>καὶ</strong></span> <span class='ocrx_word' id='word_1_36' title='bbox 1430 736 1579 807; x_wconf 86' lang='grc' dir='ltr'>βασι-</span> 
     </span>
    </p>
   </div>
   <div class='ocr_carea' id='block_1_8' title="bbox 32 825 1580 908">
    <p class='ocr_par' dir='ltr' id='par_1_8' title="bbox 32 825 1580 908">
     <span class='ocr_line' id='line_1_8' title="bbox 32 825 1580 908; baseline -0.008 -16"><span class='ocrx_word' id='word_1_37' title='bbox 32 839 161 908; x_wconf 72' lang='grc' dir='ltr'>λικὴν</span> <span class='ocrx_word' id='word_1_38' title='bbox 188 834 310 889; x_wconf 70' lang='grc' dir='ltr'>ὁδὸν</span> <span class='ocrx_word' id='word_1_39' title='bbox 348 831 551 901; x_wconf 87' lang='grc' dir='ltr'>τίθησι,</span> <span class='ocrx_word' id='word_1_40' title='bbox 582 828 793 891; x_wconf 78' lang='grc' dir='ltr'>δεικνὺς</span> <span class='ocrx_word' id='word_1_41' title='bbox 825 826 1014 881; x_wconf 81' lang='grc' dir='ltr'>ὁποίαν</span> <span class='ocrx_word' id='word_1_42' title='bbox 1050 825 1153 897; x_wconf 84' lang='grc' dir='ltr'><strong>χρὴ</strong></span> <span class='ocrx_word' id='word_1_43' title='bbox 1196 825 1454 896; x_wconf 70' lang='grc' dir='ltr'>βαδίζειν.</span> <span class='ocrx_word' id='word_1_44' title='bbox 1491 827 1580 881; x_wconf 89' lang='grc' dir='ltr'>Διό</span> 
     </span>
    </p>
   </div>
   <div class='ocr_carea' id='block_1_9' title="bbox 32 912 1579 999">
    <p class='ocr_par' dir='ltr' id='par_1_9' title="bbox 32 912 1579 999">
     <span class='ocr_line' id='line_1_9' title="bbox 32 912 1579 999; baseline -0.008 -18"><span class='ocrx_word' id='word_1_45' title='bbox 32 946 199 999; x_wconf 69' lang='grc' dir='ltr'>φησιν·</span> <span class='ocrx_word' id='word_1_46' title='bbox 236 926 389 977; x_wconf 78' lang='grc' dir='ltr'>Ἀνω</span> <span class='ocrx_word' id='word_1_47' title='bbox 428 921 611 992; x_wconf 80' lang='grc' dir='ltr'><strong>βλέπε,</strong></span> <span class='ocrx_word' id='word_1_48' title='bbox 657 913 702 972; x_wconf 79' lang='grc' dir='ltr'><strong>ὦ</strong></span> <span class='ocrx_word' id='word_1_49' title='bbox 743 912 917 981; x_wconf 71' lang='grc' dir='ltr'>οὗτος,</span> <span class='ocrx_word' id='word_1_50' title='bbox 952 916 1167 987; x_wconf 85' lang='grc' dir='ltr'>ἀφορῶν</span> <span class='ocrx_word' id='word_1_51' title='bbox 1209 918 1285 978; x_wconf 83' lang='grc' dir='ltr'>εἰς</span> <span class='ocrx_word' id='word_1_52' title='bbox 1338 917 1427 969; x_wconf 84' lang='grc' dir='ltr'><strong>τὸν</strong></span> <span class='ocrx_word' id='word_1_53' title='bbox 1474 917 1579 969; x_wconf 84' lang='grc' dir='ltr'><strong>τῶν</strong></span> 
     </span>
    </p>
   </div>
   <div class='ocr_carea' id='block_1_10' title="bbox 32 1008 1582 1089">
    <p class='ocr_par' dir='ltr' id='par_1_10' title="bbox 32 1008 1582 1089">
     <span class='ocr_line' id='line_1_10' title="bbox 32 1008 1582 1089; baseline -0.009 -15"><span class='ocrx_word' id='word_1_54' title='bbox 32 1024 144 1075; x_wconf 71' lang='grc' dir='ltr'>ὅλων</span> <span class='ocrx_word' id='word_1_55' title='bbox 172 1018 536 1089; x_wconf 79' lang='grc' dir='ltr'><strong>κυδερνὴτην,</strong></span> <span class='ocrx_word' id='word_1_56' title='bbox 582 1013 674 1065; x_wconf 82' lang='grc' dir='ltr'><strong>καὶ</strong></span> <span class='ocrx_word' id='word_1_57' title='bbox 723 1011 884 1063; x_wconf 74' lang='grc' dir='ltr'>αὑτὸν</span> <span class='ocrx_word' id='word_1_58' title='bbox 918 1008 1143 1063; x_wconf 77' lang='grc' dir='ltr'>σεαυτοῦ</span> <span class='ocrx_word' id='word_1_59' title='bbox 1196 1010 1380 1063; x_wconf 77' lang='grc' dir='ltr'><strong>ἐλπίδα</strong></span> <span class='ocrx_word' id='word_1_60' title='bbox 1422 1009 1582 1079; x_wconf 74' lang='grc' dir='ltr'>θέμε-</span> 
     </span>
    </p>
   </div>
   <div class='ocr_carea' id='block_1_11' title="bbox 34 1099 1581 1189">
    <p class='ocr_par' dir='ltr' id='par_1_11' title="bbox 34 1099 1581 1189">
     <span class='ocr_line' id='line_1_11' title="bbox 34 1099 1581 1189; baseline -0.006 -27"><span class='ocrx_word' id='word_1_61' title='bbox 34 1124 117 1171; x_wconf 77' lang='grc' dir='ltr'>νος·</span> <span class='ocrx_word' id='word_1_62' title='bbox 137 1109 328 1189; x_wconf 53' lang='grc' dir='ltr'>θάρσεέ</span> <span class='ocrx_word' id='word_1_63' title='bbox 349 1106 424 1168; x_wconf 83' lang='grc' dir='ltr'>ὡς</span> <span class='ocrx_word' id='word_1_64' title='bbox 451 1104 539 1157; x_wconf 73' lang='grc' dir='ltr'>ἐπὶ</span> <span class='ocrx_word' id='word_1_65' title='bbox 573 1100 811 1172; x_wconf 78' lang='grc' dir='ltr'><strong>μεγάλην</strong></span> <span class='ocrx_word' id='word_1_66' title='bbox 838 1100 1084 1171; x_wconf 83' lang='grc' dir='ltr'>ἄγκυραν</span> <span class='ocrx_word' id='word_1_67' title='bbox 1107 1099 1454 1171; x_wconf 80' lang='grc' dir='ltr'><strong>ἡδρασμένος.</strong></span> <span class='ocrx_word' id='word_1_68' title='bbox 1474 1101 1581 1153; x_wconf 59' lang='grc' dir='ltr'><strong>Καὶ⁸</strong></span> 
     </span>
    </p>
   </div>
   <div class='ocr_carea' id='block_1_12' title="bbox 33 1189 1577 1271">
    <p class='ocr_par' dir='ltr' id='par_1_12' title="bbox 33 1189 1577 1271">
     <span class='ocr_line' id='line_1_12' title="bbox 33 1189 1577 1271; baseline -0.008 -17"><span class='ocrx_word' id='word_1_69' title='bbox 33 1204 86 1254; x_wconf 74' lang='grc' dir='ltr'><strong>τὰ</strong></span> <span class='ocrx_word' id='word_1_70' title='bbox 118 1202 209 1271; x_wconf 82' lang='grc' dir='ltr'>μὲν</span> <span class='ocrx_word' id='word_1_71' title='bbox 238 1201 342 1270; x_wconf 78' lang='grc' dir='ltr'><strong>τῆς</strong></span> <span class='ocrx_word' id='word_1_72' title='bbox 369 1196 606 1257; x_wconf 79' lang='grc' dir='ltr'><strong>διανοίας</strong></span> <span class='ocrx_word' id='word_1_73' title='bbox 661 1210 753 1246; x_wconf 90' lang='grc' dir='ltr'>σου</span> <span class='ocrx_word' id='word_1_74' title='bbox 799 1191 1000 1262; x_wconf 80' lang='grc' dir='ltr'>ταύτην</span> <span class='ocrx_word' id='word_1_75' title='bbox 1029 1192 1197 1262; x_wconf 74' lang='grc' dir='ltr'><strong>ἐχέτω</strong></span> <span class='ocrx_word' id='word_1_76' title='bbox 1238 1191 1334 1261; x_wconf 82' lang='grc' dir='ltr'><strong>τὴν</strong></span> <span class='ocrx_word' id='word_1_77' title='bbox 1362 1189 1577 1243; x_wconf 66' lang='grc' dir='ltr'>ὲλπίδω</span> 
     </span>
    </p>
   </div>
   <div class='ocr_carea' id='block_1_13' title="bbox 33 1281 1580 1360">
    <p class='ocr_par' dir='ltr' id='par_1_13' title="bbox 33 1281 1580 1360">
     <span class='ocr_line' id='line_1_13' title="bbox 33 1281 1580 1360; baseline -0.008 -14"><span class='ocrx_word' id='word_1_78' title='bbox 33 1298 128 1356; x_wconf 59' lang='grc' dir='ltr'>ταῖς</span> <span class='ocrx_word' id='word_1_79' title='bbox 170 1292 225 1344; x_wconf 79' lang='grc' dir='ltr'><strong>δὲ</strong></span> <span class='ocrx_word' id='word_1_80' title='bbox 280 1288 541 1360; x_wconf 79' lang='grc' dir='ltr'>πράξεσιν</span> <span class='ocrx_word' id='word_1_81' title='bbox 578 1281 807 1357; x_wconf 74' lang='grc' dir='ltr'>ἐργάζου</span> <span class='ocrx_word' id='word_1_82' title='bbox 857 1283 955 1337; x_wconf 74' lang='grc' dir='ltr'><strong>καὶ</strong></span> <span class='ocrx_word' id='word_1_83' title='bbox 998 1284 1151 1337; x_wconf 80' lang='grc' dir='ltr'>ποίει</span> <span class='ocrx_word' id='word_1_84' title='bbox 1184 1285 1580 1353; x_wconf 81' lang='grc' dir='ltr'><strong>χρηστότητα,</strong></span> 
     </span>
    </p>
   </div>
   <div class='ocr_carea' id='block_1_14' title="bbox 35 1373 1582 1450">
    <p class='ocr_par' dir='ltr' id='par_1_14' title="bbox 35 1373 1582 1450">
     <span class='ocr_line' id='line_1_14' title="bbox 35 1373 1582 1450; baseline -0.011 -13"><span class='ocrx_word' id='word_1_85' title='bbox 35 1384 207 1437; x_wconf 75' lang='grc' dir='ltr'>ὡσανεὶ</span> <span class='ocrx_word' id='word_1_86' title='bbox 258 1381 493 1450; x_wconf 78' lang='grc' dir='ltr'><strong>σπόρους</strong></span> <span class='ocrx_word' id='word_1_87' title='bbox 524 1375 702 1447; x_wconf 80' lang='grc' dir='ltr'><strong>σαυτῷ</strong></span> <span class='ocrx_word' id='word_1_88' title='bbox 736 1373 1061 1444; x_wconf 86' lang='grc' dir='ltr'>βαλλόμενος</span> <span class='ocrx_word' id='word_1_89' title='bbox 1090 1373 1194 1442; x_wconf 37' lang='grc' dir='ltr'>ἐπ’,</span> <span class='ocrx_word' id='word_1_90' title='bbox 1217 1373 1392 1443; x_wconf 83' lang='grc' dir='ltr'>ἀγαθῇ</span> <span class='ocrx_word' id='word_1_91' title='bbox 1449 1390 1582 1444; x_wconf 79' lang='grc' dir='ltr'>καρ-</span> 
     </span>
    </p>
   </div>
   <div class='ocr_carea' id='block_1_15' title="bbox 39 1461 1583 1541">
    <p class='ocr_par' dir='ltr' id='par_1_15' title="bbox 39 1461 1583 1541">
     <span class='ocr_line' id='line_1_15' title="bbox 39 1461 1583 1541; baseline -0.008 -16"><span class='ocrx_word' id='word_1_92' title='bbox 39 1473 131 1525; x_wconf 75' lang='grc' dir='ltr'>πῶν</span> <span class='ocrx_word' id='word_1_93' title='bbox 160 1469 479 1541; x_wconf 76' lang='grc' dir='ltr'>συγκομιδῇ.</span> <span class='ocrx_word' id='word_1_94' title='bbox 517 1465 700 1521; x_wconf 81' lang='grc' dir='ltr'><strong>Ταῦτα</strong></span> <span class='ocrx_word' id='word_1_95' title='bbox 745 1464 800 1517; x_wconf 79' lang='grc' dir='ltr'>δὲ</span> <span class='ocrx_word' id='word_1_96' title='bbox 841 1463 911 1516; x_wconf 87' lang='grc' dir='ltr'>τὰ</span> <span class='ocrx_word' id='word_1_97' title='bbox 942 1461 1035 1515; x_wconf 87' lang='grc' dir='ltr'>δύο</span> <span class='ocrx_word' id='word_1_98' title='bbox 1076 1462 1433 1532; x_wconf 82' lang='grc' dir='ltr'>κτησάμενος,</span> <span class='ocrx_word' id='word_1_99' title='bbox 1473 1480 1583 1532; x_wconf 81' lang='grc' dir='ltr'><strong>μη-</strong></span> 
     </span>
    </p>
   </div>
   <div class='ocr_carea' id='block_1_16' title="bbox 34 1550 1583 1635">
    <p class='ocr_par' dir='ltr' id='par_1_16' title="bbox 34 1550 1583 1635">
     <span class='ocr_line' id='line_1_16' title="bbox 34 1550 1583 1635; baseline -0.01 -18"><span class='ocrx_word' id='word_1_100' title='bbox 34 1565 132 1618; x_wconf 76' lang='grc' dir='ltr'><strong>κέτι</strong></span> <span class='ocrx_word' id='word_1_101' title='bbox 158 1564 280 1635; x_wconf 85' lang='grc' dir='ltr'>περί</span> <span class='ocrx_word' id='word_1_102' title='bbox 296 1578 439 1623; x_wconf 80' lang='grc' dir='ltr'>τινος</span> <span class='ocrx_word' id='word_1_103' title='bbox 459 1557 685 1626; x_wconf 82' lang='grc' dir='ltr'><strong>ἀγωνία.</strong></span> <span class='ocrx_word' id='word_1_104' title='bbox 708 1552 1105 1621; x_wconf 77' lang='grc' dir='ltr'>Κατασκήνου</span> <span class='ocrx_word' id='word_1_105' title='bbox 1128 1551 1241 1619; x_wconf 79' lang='grc' dir='ltr'>τὴν</span> <span class='ocrx_word' id='word_1_106' title='bbox 1264 1550 1378 1620; x_wconf 67' lang='grc' dir='ltr'><strong>γῆν</strong></span> <span class='ocrx_word' id='word_1_107' title='bbox 1392 1552 1423 1603; x_wconf 78' lang='grc' dir='ltr'><strong>ά</strong></span> <span class='ocrx_word' id='word_1_108' title='bbox 1432 1569 1495 1621; x_wconf 88' lang='grc' dir='ltr'><strong>με</strong></span> <span class='ocrx_word' id='word_1_109' title='bbox 1505 1552 1583 1622; x_wconf 80' lang='grc' dir='ltr'><strong>ρί-</strong></span> 
     </span>
    </p>
   </div>
   <div class='ocr_carea' id='block_1_17' title="bbox 36 1642 1581 1728">
    <p class='ocr_par' dir='ltr' id='par_1_17' title="bbox 36 1642 1581 1728">
     <span class='ocr_line' id='line_1_17' title="bbox 36 1642 1581 1728; baseline -0.01 -16"><span class='ocrx_word' id='word_1_110' title='bbox 36 1675 186 1728; x_wconf 81' lang='grc' dir='ltr'>μνως,</span> <span class='ocrx_word' id='word_1_111' title='bbox 213 1657 307 1709; x_wconf 74' lang='grc' dir='ltr'><strong>καὶ</strong></span> <span class='ocrx_word' id='word_1_112' title='bbox 342 1654 439 1725; x_wconf 79' lang='grc' dir='ltr'><strong>τὴν</strong></span> <span class='ocrx_word' id='word_1_113' title='bbox 474 1651 805 1724; x_wconf 84' lang='grc' dir='ltr'>πρόσκαιρον</span> <span class='ocrx_word' id='word_1_114' title='bbox 843 1646 1069 1716; x_wconf 72' lang='grc' dir='ltr'>ταυτηνὶ</span> <span class='ocrx_word' id='word_1_115' title='bbox 1112 1643 1273 1714; x_wconf 77' lang='grc' dir='ltr'>ζωὴν,</span> <span class='ocrx_word' id='word_1_116' title='bbox 1305 1642 1490 1715; x_wconf 82' lang='grc' dir='ltr'>ὥσπερ</span> <span class='ocrx_word' id='word_1_117' title='bbox 1522 1645 1581 1697; x_wconf 82' lang='grc' dir='ltr'><strong>ὲν</strong></span> 
     </span>
    </p>
   </div>
   <div class='ocr_carea' id='block_1_18' title="bbox 34 1735 1580 1821">
    <p class='ocr_par' dir='ltr' id='par_1_18' title="bbox 34 1735 1580 1821">
     <span class='ocr_line' id='line_1_18' title="bbox 34 1735 1580 1821; baseline -0.01 -18"><span class='ocrx_word' id='word_1_118' title='bbox 34 1752 216 1821; x_wconf 69' lang='grc' dir='ltr'><strong>σκηνῇ,</strong></span> <span class='ocrx_word' id='word_1_119' title='bbox 247 1748 373 1819; x_wconf 82' lang='grc' dir='ltr'>πρὸς</span> <span class='ocrx_word' id='word_1_120' title='bbox 416 1744 592 1812; x_wconf 86' lang='grc' dir='ltr'>ὀλίγον</span> <span class='ocrx_word' id='word_1_121' title='bbox 649 1741 821 1804; x_wconf 79' lang='grc' dir='ltr'>ἑστὼς</span> <span class='ocrx_word' id='word_1_122' title='bbox 874 1739 1046 1807; x_wconf 84' lang='grc' dir='ltr'>δίαγε.</span> <span class='ocrx_word' id='word_1_123' title='bbox 1084 1735 1437 1807; x_wconf 84' lang='grc' dir='ltr'>Ποιμανθήσῃ</span> <span class='ocrx_word' id='word_1_124' title='bbox 1473 1735 1580 1807; x_wconf 85' lang='grc' dir='ltr'>γὰρ</span> 
     </span>
    </p>
   </div>
   <div class='ocr_carea' id='block_1_19' title="bbox 35 1824 1580 1912">
    <p class='ocr_par' dir='ltr' id='par_1_19' title="bbox 35 1824 1580 1912">
     <span class='ocr_line' id='line_1_19' title="bbox 35 1824 1580 1912; baseline -0.013 -16"><span class='ocrx_word' id='word_1_125' title='bbox 35 1844 176 1911; x_wconf 79' lang='grc' dir='ltr'>δίκην</span> <span class='ocrx_word' id='word_1_126' title='bbox 200 1840 510 1912; x_wconf 78' lang='grc' dir='ltr'><strong>θρέμματος</strong></span> <span class='ocrx_word' id='word_1_127' title='bbox 551 1831 754 1904; x_wconf 78' lang='grc' dir='ltr'><strong>ἀγαθοῦ</strong></span> <span class='ocrx_word' id='word_1_128' title='bbox 790 1830 893 1884; x_wconf 79' lang='grc' dir='ltr'><strong>ὑπὸ</strong></span> <span class='ocrx_word' id='word_1_129' title='bbox 938 1827 1154 1898; x_wconf 83' lang='grc' dir='ltr'><strong>ποιμένι</strong></span> <span class='ocrx_word' id='word_1_130' title='bbox 1188 1824 1332 1895; x_wconf 83' lang='grc' dir='ltr'>καλῷ</span> <span class='ocrx_word' id='word_1_131' title='bbox 1362 1842 1580 1896; x_wconf 85' lang='grc' dir='ltr'>ποιμαι-</span> 
     </span>
    </p>
   </div>
   <div class='ocr_carea' id='block_1_20' title="bbox 1680 641 3232 710">
    <p class='ocr_par' dir='ltr' id='par_1_20' title="bbox 1680 641 3232 710">
     <span class='ocr_line' id='line_1_20' title="bbox 1680 641 3232 710; baseline 0.001 -12"><span class='ocrx_word' id='word_1_132' title='bbox 1680 644 1831 698; x_wconf 89' lang='lat' dir='ltr'><strong>ribus</strong></span> <span class='ocrx_word' id='word_1_133' title='bbox 1877 642 2037 697; x_wconf 90' lang='lat' dir='ltr'><strong>dictis</strong></span> <span class='ocrx_word' id='word_1_134' title='bbox 2073 642 2141 696; x_wconf 90' lang='lat' dir='ltr'><strong>ab</strong></span> <span class='ocrx_word' id='word_1_135' title='bbox 2182 641 2523 696; x_wconf 57' lang='lat' dir='ltr'><strong>aemulatione</strong></span> <span class='ocrx_word' id='word_1_136' title='bbox 2557 642 2923 710; x_wconf 90' lang='lat' dir='ltr'><strong>improborum</strong></span> <span class='ocrx_word' id='word_1_137' title='bbox 2972 658 3232 700; x_wconf 69' lang='lat' dir='ltr'><strong>avocave-</strong></span> 
     </span>
    </p>
   </div>
   <div class='ocr_carea' id='block_1_21' title="bbox 1680 732 3231 805">
    <p class='ocr_par' dir='ltr' id='par_1_21' title="bbox 1680 732 3231 805">
     <span class='ocr_line' id='line_1_21' title="bbox 1680 732 3231 805; baseline 0.001 -17"><span class='ocrx_word' id='word_1_138' title='bbox 1680 734 1981 798; x_wconf 89' lang='lat' dir='ltr'><strong>rat,statim</strong></span> <span class='ocrx_word' id='word_1_139' title='bbox 2011 750 2077 787; x_wconf 83' lang='lat' dir='ltr'><strong>ex</strong></span> <span class='ocrx_word' id='word_1_140' title='bbox 2109 732 2359 803; x_wconf 81' lang='lat' dir='ltr'><strong>Opposito</strong></span> <span class='ocrx_word' id='word_1_141' title='bbox 2389 740 2590 786; x_wconf 86' lang='lat' dir='ltr'><strong>rectam</strong></span> <span class='ocrx_word' id='word_1_142' title='bbox 2615 733 2922 805; x_wconf 79' lang='lat' dir='ltr'><strong>regiamque</strong></span> <span class='ocrx_word' id='word_1_143' title='bbox 2939 734 3079 788; x_wconf 89' lang='lat' dir='ltr'><strong>viam</strong></span> <span class='ocrx_word' id='word_1_144' title='bbox 3108 751 3231 804; x_wconf 89' lang='lat' dir='ltr'><strong>pro-</strong></span> 
     </span>
    </p>
   </div>
   <div class='ocr_carea' id='block_1_22' title="bbox 1681 819 3234 895">
    <p class='ocr_par' dir='ltr' id='par_1_22' title="bbox 1681 819 3234 895">
     <span class='ocr_line' id='line_1_22' title="bbox 1681 819 3234 895; baseline 0 -17"><span class='ocrx_word' id='word_1_145' title='bbox 1681 824 1850 893; x_wconf 81' lang='lat' dir='ltr'><strong>ponit,</strong></span> <span class='ocrx_word' id='word_1_146' title='bbox 1906 822 2156 877; x_wconf 80' lang='lat' dir='ltr'><strong>indicans</strong></span> <span class='ocrx_word' id='word_1_147' title='bbox 2205 836 2313 890; x_wconf 91' lang='lat' dir='ltr'><strong>qua</strong></span> <span class='ocrx_word' id='word_1_148' title='bbox 2356 821 2426 876; x_wconf 79' lang='lat' dir='ltr'><strong>sit</strong></span> <span class='ocrx_word' id='word_1_149' title='bbox 2470 819 2843 875; x_wconf 88' lang='lat' dir='ltr'><strong>incedendum.</strong></span> <span class='ocrx_word' id='word_1_150' title='bbox 2893 823 3234 895; x_wconf 76' lang='lat' dir='ltr'><strong>Quapropter</strong></span> 
     </span>
    </p>
   </div>
   <div class='ocr_carea' id='block_1_23' title="bbox 1679 912 3234 979">
    <p class='ocr_par' dir='ltr' id='par_1_23' title="bbox 1679 912 3234 979">
     <span class='ocr_line' id='line_1_23' title="bbox 1679 912 3234 979; baseline 0.003 -14"><span class='ocrx_word' id='word_1_151' title='bbox 1679 914 1752 965; x_wconf 88' lang='lat' dir='ltr'><strong>ait</strong></span> <span class='ocrx_word' id='word_1_152' title='bbox 1779 932 1792 967; x_wconf 87' lang='lat'><strong>:</strong></span> <span class='ocrx_word' id='word_1_153' title='bbox 1818 912 1960 968; x_wconf 82' lang='lat' dir='ltr'><strong>Heus</strong></span> <span class='ocrx_word' id='word_1_154' title='bbox 1991 920 2071 977; x_wconf 91' lang='lat' dir='ltr'><strong>tu,</strong></span> <span class='ocrx_word' id='word_1_155' title='bbox 2095 925 2310 967; x_wconf 79' lang='lat' dir='ltr'><strong>sursum</strong></span> <span class='ocrx_word' id='word_1_156' title='bbox 2361 912 2560 979; x_wconf 85' lang='lat' dir='ltr'><strong>aspice,</strong></span> <span class='ocrx_word' id='word_1_157' title='bbox 2591 926 2657 966; x_wconf 84' lang='lat' dir='ltr'><strong>ac</strong></span> <span class='ocrx_word' id='word_1_158' title='bbox 2705 914 3082 967; x_wconf 88' lang='lat' dir='ltr'><strong>universorum</strong></span> <span class='ocrx_word' id='word_1_159' title='bbox 3115 931 3234 970; x_wconf 90' lang='lat' dir='ltr'><strong>mo-</strong></span> 
     </span>
    </p>
   </div>
   <div class='ocr_carea' id='block_1_24' title="bbox 1679 1001 3235 1070">
    <p class='ocr_par' dir='ltr' id='par_1_24' title="bbox 1679 1001 3235 1070">
     <span class='ocr_line' id='line_1_24' title="bbox 1679 1001 3235 1070; baseline 0.001 -11"><span class='ocrx_word' id='word_1_160' title='bbox 1679 1004 1982 1059; x_wconf 88' lang='lat' dir='ltr'><strong>deratorem</strong></span> <span class='ocrx_word' id='word_1_161' title='bbox 2029 1002 2263 1063; x_wconf 77' lang='lat' dir='ltr'><strong>intuere,</strong></span> <span class='ocrx_word' id='word_1_162' title='bbox 2323 1006 2483 1070; x_wconf 85' lang='lat' dir='ltr'><strong>atque</strong></span> <span class='ocrx_word' id='word_1_163' title='bbox 2530 1001 2706 1070; x_wconf 91' lang='lat' dir='ltr'><strong>ipsum</strong></span> <span class='ocrx_word' id='word_1_164' title='bbox 2762 1016 2911 1070; x_wconf 90' lang='lat' dir='ltr'><strong>spem</strong></span> <span class='ocrx_word' id='word_1_165' title='bbox 2964 1005 3235 1061; x_wconf 76' lang='lat' dir='ltr'><strong>constitue</strong></span> 
     </span>
    </p>
   </div>
   <div class='ocr_carea' id='block_1_25' title="bbox 1680 1091 3236 1163">
    <p class='ocr_par' dir='ltr' id='par_1_25' title="bbox 1680 1091 3236 1163">
     <span class='ocr_line' id='line_1_25' title="bbox 1680 1091 3236 1163; baseline 0.002 -16"><span class='ocrx_word' id='word_1_166' title='bbox 1680 1104 1829 1148; x_wconf 89' lang='lat' dir='ltr'><strong>tuam</strong></span> <span class='ocrx_word' id='word_1_167' title='bbox 1857 1109 1870 1146; x_wconf 90' lang='lat'><strong>:</strong></span> <span class='ocrx_word' id='word_1_168' title='bbox 1896 1092 2042 1147; x_wconf 88' lang='lat' dir='ltr'><strong>bono</strong></span> <span class='ocrx_word' id='word_1_169' title='bbox 2074 1091 2257 1145; x_wconf 88' lang='lat' dir='ltr'><strong>animo</strong></span> <span class='ocrx_word' id='word_1_170' title='bbox 2284 1098 2424 1153; x_wconf 89' lang='lat' dir='ltr'><strong>esto,</strong></span> <span class='ocrx_word' id='word_1_171' title='bbox 2460 1099 2518 1145; x_wconf 88' lang='lat' dir='ltr'><strong>ut</strong></span> <span class='ocrx_word' id='word_1_172' title='bbox 2550 1105 2741 1163; x_wconf 81' lang='lat' dir='ltr'><strong>magna</strong></span> <span class='ocrx_word' id='word_1_173' title='bbox 2771 1094 3007 1148; x_wconf 83' lang='lat' dir='ltr'><strong>anchora</strong></span> <span class='ocrx_word' id='word_1_174' title='bbox 3054 1095 3236 1150; x_wconf 85' lang='lat' dir='ltr'><strong>ﬁrma-</strong></span> 
     </span>
    </p>
   </div>
   <div class='ocr_carea' id='block_1_26' title="bbox 1678 1180 3235 1254">
    <p class='ocr_par' dir='ltr' id='par_1_26' title="bbox 1678 1180 3235 1254">
     <span class='ocr_line' id='line_1_26' title="bbox 1678 1180 3235 1254; baseline 0.001 -16"><span class='ocrx_word' id='word_1_175' title='bbox 1678 1193 1787 1239; x_wconf 88' lang='lat' dir='ltr'><strong>tus.</strong></span> <span class='ocrx_word' id='word_1_176' title='bbox 1820 1182 2096 1246; x_wconf 80' lang='lat' dir='ltr'><strong>Etmente</strong></span> <span class='ocrx_word' id='word_1_177' title='bbox 2124 1180 2338 1251; x_wconf 86' lang='lat' dir='ltr'><strong>quidem</strong></span> <span class='ocrx_word' id='word_1_178' title='bbox 2368 1196 2516 1249; x_wconf 86' lang='lat' dir='ltr'><strong>spem</strong></span> <span class='ocrx_word' id='word_1_179' title='bbox 2546 1181 2706 1247; x_wconf 87' lang='lat' dir='ltr'><strong>talem</strong></span> <span class='ocrx_word' id='word_1_180' title='bbox 2737 1183 2952 1252; x_wconf 87' lang='lat' dir='ltr'><strong>capias;</strong></span> <span class='ocrx_word' id='word_1_181' title='bbox 2979 1185 3235 1254; x_wconf 88' lang='lat' dir='ltr'><strong>operibus</strong></span> 
     </span>
    </p>
   </div>
   <div class='ocr_carea' id='block_1_27' title="bbox 1680 1272 3355 1345">
    <p class='ocr_par' dir='ltr' id='par_1_27' title="bbox 1680 1272 3355 1345">
     <span class='ocr_line' id='line_1_27' title="bbox 1680 1272 3355 1345; baseline 0 -15"><span class='ocrx_word' id='word_1_182' title='bbox 1680 1284 2176 1345; x_wconf 70' lang='lat' dir='ltr'><strong>antem-exsequere</strong></span> <span class='ocrx_word' id='word_1_183' title='bbox 2214 1272 2377 1344; x_wconf 76' lang='lat' dir='ltr'><strong>etfac</strong></span> <span class='ocrx_word' id='word_1_184' title='bbox 2407 1272 2723 1336; x_wconf 73' lang='lat' dir='ltr'><strong>bonitatem;</strong></span> <span class='ocrx_word' id='word_1_185' title='bbox 2752 1284 2809 1327; x_wconf 87' lang='lat' dir='ltr'><strong>ut</strong></span> <span class='ocrx_word' id='word_1_186' title='bbox 2847 1275 2914 1329; x_wconf 90' lang='lat' dir='ltr'><strong>iis</strong></span> <span class='ocrx_word' id='word_1_187' title='bbox 2946 1290 3046 1329; x_wconf 88' lang='lat' dir='ltr'><strong>ceu</strong></span> <span class='ocrx_word' id='word_1_188' title='bbox 3073 1276 3237 1345; x_wconf 87' lang='lat' dir='ltr'><strong>jactis</strong></span> <span class='ocrx_word' id='word_1_189' title='bbox 3346 1288 3355 1296; x_wconf 90' lang='grc'><strong>·</strong></span> 
     </span>
    </p>
   </div>
   <div class='ocr_carea' id='block_1_28' title="bbox 1680 1366 3231 1437">
    <p class='ocr_par' dir='ltr' id='par_1_28' title="bbox 1680 1366 3231 1437">
     <span class='ocr_line' id='line_1_28' title="bbox 1680 1366 3231 1437; baseline 0 -15"><span class='ocrx_word' id='word_1_190' title='bbox 1680 1369 1778 1423; x_wconf 86' lang='lat' dir='ltr'><strong>tibi</strong></span> <span class='ocrx_word' id='word_1_191' title='bbox 1805 1368 2123 1430; x_wconf 87' lang='lat' dir='ltr'><strong>seminibus,</strong></span> <span class='ocrx_word' id='word_1_192' title='bbox 2152 1367 2387 1435; x_wconf 87' lang='lat' dir='ltr'><strong>opimam</strong></span> <span class='ocrx_word' id='word_1_193' title='bbox 2418 1366 2691 1421; x_wconf 78' lang='lat' dir='ltr'><strong>fructuum</strong></span> <span class='ocrx_word' id='word_1_194' title='bbox 2713 1367 2919 1436; x_wconf 80' lang='lat' dir='ltr'><strong>capiam</strong></span> <span class='ocrx_word' id='word_1_195' title='bbox 2945 1368 3231 1437; x_wconf 74' lang='lat' dir='ltr'><strong>perCipias.</strong></span> 
     </span>
    </p>
   </div>
   <div class='ocr_carea' id='block_1_29' title="bbox 1680 1457 3237 1528">
    <p class='ocr_par' dir='ltr' id='par_1_29' title="bbox 1680 1457 3237 1528">
     <span class='ocr_line' id='line_1_29' title="bbox 1680 1457 3237 1528; baseline 0 -15"><span class='ocrx_word' id='word_1_196' title='bbox 1680 1460 1951 1513; x_wconf 83' lang='lat' dir='ltr'><strong>Horumce</strong></span> <span class='ocrx_word' id='word_1_197' title='bbox 1982 1473 2143 1528; x_wconf 88' lang='lat' dir='ltr'><strong>porro</strong></span> <span class='ocrx_word' id='word_1_198' title='bbox 2172 1457 2400 1511; x_wconf 86' lang='lat' dir='ltr'><strong>duorum</strong></span> <span class='ocrx_word' id='word_1_199' title='bbox 2450 1458 2675 1527; x_wconf 88' lang='lat' dir='ltr'><strong>potitus,</strong></span> <span class='ocrx_word' id='word_1_200' title='bbox 2712 1474 2777 1512; x_wconf 88' lang='lat' dir='ltr'><strong>ne</strong></span> <span class='ocrx_word' id='word_1_201' title='bbox 2828 1459 2964 1511; x_wconf 87' lang='lat' dir='ltr'><strong>ultra</strong></span> <span class='ocrx_word' id='word_1_202' title='bbox 2996 1458 3062 1513; x_wconf 91' lang='lat' dir='ltr'><strong>de</strong></span> <span class='ocrx_word' id='word_1_203' title='bbox 3100 1474 3237 1528; x_wconf 92' lang='lat' dir='ltr'><strong>quo-</strong></span> 
     </span>
    </p>
   </div>
   <div class='ocr_carea' id='block_1_30' title="bbox 1678 1549 3232 1623">
    <p class='ocr_par' dir='ltr' id='par_1_30' title="bbox 1678 1549 3232 1623">
     <span class='ocr_line' id='line_1_30' title="bbox 1678 1549 3232 1623; baseline 0 -18"><span class='ocrx_word' id='word_1_204' title='bbox 1678 1554 1819 1623; x_wconf 88' lang='lat' dir='ltr'><strong>piam</strong></span> <span class='ocrx_word' id='word_1_205' title='bbox 1849 1551 2043 1605; x_wconf 74' lang='lat' dir='ltr'><strong>anxius</strong></span> <span class='ocrx_word' id='word_1_206' title='bbox 2064 1558 2204 1613; x_wconf 87' lang='lat' dir='ltr'><strong>esto,</strong></span> <span class='ocrx_word' id='word_1_207' title='bbox 2228 1549 2464 1602; x_wconf 86' lang='lat' dir='ltr'><strong>inhabita</strong></span> <span class='ocrx_word' id='word_1_208' title='bbox 2488 1560 2678 1602; x_wconf 85' lang='lat' dir='ltr'><strong>terram</strong></span> <span class='ocrx_word' id='word_1_209' title='bbox 2702 1551 2821 1603; x_wconf 89' lang='lat' dir='ltr'><strong>sine</strong></span> <span class='ocrx_word' id='word_1_210' title='bbox 2847 1550 3232 1615; x_wconf 78' lang='lat' dir='ltr'><strong>sollicitudine,</strong></span> 
     </span>
    </p>
   </div>
   <div class='ocr_carea' id='block_1_31' title="bbox 1679 1640 3234 1711">
    <p class='ocr_par' dir='ltr' id='par_1_31' title="bbox 1679 1640 3234 1711">
     <span class='ocr_line' id='line_1_31' title="bbox 1679 1640 3234 1711; baseline -0.002 -14"><span class='ocrx_word' id='word_1_211' title='bbox 1679 1658 1743 1698; x_wconf 90' lang='lat' dir='ltr'><strong>ac</strong></span> <span class='ocrx_word' id='word_1_212' title='bbox 1772 1652 2172 1711; x_wconf 85' lang='lat' dir='ltr'><strong>temporaneam</strong></span> <span class='ocrx_word' id='word_1_213' title='bbox 2202 1640 2406 1695; x_wconf 84' lang='lat' dir='ltr'><strong>hancce</strong></span> <span class='ocrx_word' id='word_1_214' title='bbox 2431 1640 2615 1702; x_wconf 83' lang='lat' dir='ltr'><strong>vitam,</strong></span> <span class='ocrx_word' id='word_1_215' title='bbox 2641 1640 2798 1709; x_wconf 90' lang='lat' dir='ltr'><strong>quasi</strong></span> <span class='ocrx_word' id='word_1_216' title='bbox 2827 1641 2881 1694; x_wconf 88' lang='lat' dir='ltr'><strong>in</strong></span> <span class='ocrx_word' id='word_1_217' title='bbox 2918 1642 3234 1695; x_wconf 87' lang='lat' dir='ltr'><strong>tabernacu-</strong></span> 
     </span>
    </p>
   </div>
   <div class='ocr_carea' id='block_1_32' title="bbox 1677 1730 3234 1803">
    <p class='ocr_par' dir='ltr' id='par_1_32' title="bbox 1677 1730 3234 1803">
     <span class='ocr_line' id='line_1_32' title="bbox 1677 1730 3234 1803; baseline -0.001 -14"><span class='ocrx_word' id='word_1_218' title='bbox 1677 1734 1751 1802; x_wconf 87' lang='lat' dir='ltr'><strong>lo,</strong></span> <span class='ocrx_word' id='word_1_219' title='bbox 1778 1734 1931 1789; x_wconf 86' lang='lat' dir='ltr'><strong>brevi</strong></span> <span class='ocrx_word' id='word_1_220' title='bbox 1964 1732 2150 1803; x_wconf 74' lang='lat' dir='ltr'><strong>exigas</strong></span> <span class='ocrx_word' id='word_1_221' title='bbox 2186 1751 2198 1785; x_wconf 90' lang='lat'><strong>:</strong></span> <span class='ocrx_word' id='word_1_222' title='bbox 2228 1731 2427 1787; x_wconf 88' lang='lat' dir='ltr'><strong>etenim</strong></span> <span class='ocrx_word' id='word_1_223' title='bbox 2476 1731 2647 1785; x_wconf 89' lang='lat' dir='ltr'><strong>instar</strong></span> <span class='ocrx_word' id='word_1_224' title='bbox 2696 1731 2849 1785; x_wconf 75' lang='lat' dir='ltr'><strong>home</strong></span> <span class='ocrx_word' id='word_1_225' title='bbox 2888 1730 3111 1801; x_wconf 90' lang='lat' dir='ltr'><strong>pecudis</strong></span> <span class='ocrx_word' id='word_1_226' title='bbox 3137 1736 3234 1787; x_wconf 76' lang='lat' dir='ltr'><strong>cu-&#39;</strong></span> 
     </span>
    </p>
   </div>
   <div class='ocr_carea' id='block_1_33' title="bbox 1677 1822 3235 1896">
    <p class='ocr_par' dir='ltr' id='par_1_33' title="bbox 1677 1822 3235 1896">
     <span class='ocr_line' id='line_1_33' title="bbox 1677 1822 3235 1896; baseline -0.004 -13"><span class='ocrx_word' id='word_1_227' title='bbox 1677 1835 1832 1883; x_wconf 86' lang='lat' dir='ltr'><strong>rante</strong></span> <span class='ocrx_word' id='word_1_228' title='bbox 1862 1827 2005 1881; x_wconf 92' lang='lat' dir='ltr'><strong>bono</strong></span> <span class='ocrx_word' id='word_1_229' title='bbox 2032 1834 2251 1896; x_wconf 83' lang='lat' dir='ltr'><strong>pastore</strong></span> <span class='ocrx_word' id='word_1_230' title='bbox 2282 1823 2539 1893; x_wconf 86' lang='lat' dir='ltr'><strong>pasceris.</strong></span> <span class='ocrx_word' id='word_1_231' title='bbox 2562 1822 2694 1877; x_wconf 87' lang='lat' dir='ltr'><strong>Nam</strong></span> <span class='ocrx_word' id='word_1_232' title='bbox 2728 1825 2771 1880; x_wconf 91' lang='lat' dir='ltr'><strong>si</strong></span> <span class='ocrx_word' id='word_1_233' title='bbox 2797 1840 2915 1893; x_wconf 73' lang='lat' dir='ltr'><strong>quae</strong></span> <span class='ocrx_word' id='word_1_234' title='bbox 2934 1824 3116 1877; x_wconf 80' lang='lat' dir='ltr'><strong>insunt</strong></span> <span class='ocrx_word' id='word_1_235' title='bbox 3135 1824 3235 1877; x_wconf 89' lang='lat' dir='ltr'><strong>ho-</strong></span> 
     </span>
    </p>
   </div>
   <div class='ocr_carea' id='block_1_34' title="bbox 36 1914 1586 2005">
    <p class='ocr_par' dir='ltr' id='par_1_34' title="bbox 36 1914 1574 2005">
     <span class='ocr_line' id='line_1_34' title="bbox 36 1914 1574 2005; baseline -0.014 -17"><span class='ocrx_word' id='word_1_236' title='bbox 36 1936 255 2005; x_wconf 74' lang='grc' dir='ltr'>νόμενος.</span> <span class='ocrx_word' id='word_1_237' title='bbox 284 1932 347 1984; x_wconf 82' lang='lat' dir='ltr'><strong>Ei</strong></span> <span class='ocrx_word' id='word_1_238' title='bbox 388 1928 497 2000; x_wconf 89' lang='grc' dir='ltr'>γάρ</span> <span class='ocrx_word' id='word_1_239' title='bbox 544 1926 626 1989; x_wconf 85' lang='grc' dir='ltr'><strong>τίς</strong></span> <span class='ocrx_word' id='word_1_240' title='bbox 678 1926 823 1977; x_wconf 74' lang='grc' dir='ltr'>ἐστιν</span> <span class='ocrx_word' id='word_1_241' title='bbox 871 1924 928 1974; x_wconf 85' lang='grc' dir='ltr'><strong>ὲν</strong></span> <span class='ocrx_word' id='word_1_242' title='bbox 971 1916 1274 1990; x_wconf 85' lang='grc' dir='ltr'>ἀνθρώποις</span> <span class='ocrx_word' id='word_1_243' title='bbox 1326 1914 1574 1986; x_wconf 77' lang='grc' dir='ltr'>ἀληθινὸς</span> 
     </span>
    </p>
   </div>
   <div class='ocr_carea' id='block_1_35' title="bbox 1682 1914 3234 2005">
    <p class='ocr_par' dir='ltr' id='par_1_35' title="bbox 1682 1914 3234 1986">
     <span class='ocr_line' id='line_1_35' title="bbox 1682 1914 3234 1986; baseline -0.003 -11"><span class='ocrx_word' id='word_1_244' title='bbox 1682 1919 1912 1975; x_wconf 83' lang='lat' dir='ltr'><strong>minibus</strong></span> <span class='ocrx_word' id='word_1_245' title='bbox 1940 1933 2080 1973; x_wconf 73' lang='lat' dir='ltr'><strong>verse</strong></span> <span class='ocrx_word' id='word_1_246' title='bbox 2109 1914 2517 1983; x_wconf 48' lang='lat' dir='ltr'><strong>animi&#39;divitiae,</strong></span> <span class='ocrx_word' id='word_1_247' title='bbox 2545 1931 2665 1986; x_wconf 81' lang='lat' dir='ltr'><strong>quae</strong></span> <span class='ocrx_word' id='word_1_248' title='bbox 2699 1916 2753 1971; x_wconf 92' lang='lat' dir='ltr'><strong>in</strong></span> <span class='ocrx_word' id='word_1_249' title='bbox 2783 1915 2980 1971; x_wconf 85' lang='lat' dir='ltr'><strong>divinis</strong></span> <span class='ocrx_word' id='word_1_250' title='bbox 3012 1916 3234 1986; x_wconf 81' lang='lat' dir='ltr'><strong>dogma-</strong></span> 
     </span>
    </p>
   </div>
   <div class='ocr_carea' id='block_1_36' title="bbox 34 2006 1576 2096">
    <p class='ocr_par' dir='ltr' id='par_1_36' title="bbox 34 2006 1576 2096">
     <span class='ocr_line' id='line_1_36' title="bbox 34 2006 1576 2096; baseline -0.014 -16"><span class='ocrx_word' id='word_1_251' title='bbox 34 2026 187 2096; x_wconf 73' lang='grc' dir='ltr'>ψυχῆς</span> <span class='ocrx_word' id='word_1_252' title='bbox 239 2022 484 2084; x_wconf 77' lang='grc' dir='ltr'>πλοῦτος,</span> <span class='ocrx_word' id='word_1_253' title='bbox 530 2019 557 2071; x_wconf 83' lang='grc' dir='ltr'>ὁ</span> <span class='ocrx_word' id='word_1_254' title='bbox 601 2018 658 2070; x_wconf 79' lang='grc' dir='ltr'>ὲν</span> <span class='ocrx_word' id='word_1_255' title='bbox 695 2014 859 2086; x_wconf 28' lang='grc' dir='ltr'>,θείοις</span> <span class='ocrx_word' id='word_1_256' title='bbox 914 2011 1145 2082; x_wconf 83' lang='grc' dir='ltr'><strong>δόγμασι</strong></span> <span class='ocrx_word' id='word_1_257' title='bbox 1187 2008 1280 2061; x_wconf 75' lang='grc' dir='ltr'><strong>καὶ</strong></span> <span class='ocrx_word' id='word_1_258' title='bbox 1317 2009 1427 2070; x_wconf 85' lang='grc' dir='ltr'>τοῖς</span> <span class='ocrx_word' id='word_1_259' title='bbox 1468 2006 1576 2060; x_wconf 84' lang='grc' dir='ltr'><strong>τῶν</strong></span> 
     </span>
    </p>
   </div>
   <div class='ocr_carea' id='block_1_37' title="bbox 36 2096 1576 2184">
    <p class='ocr_par' dir='ltr' id='par_1_37' title="bbox 36 2096 1576 2184">
     <span class='ocr_line' id='line_1_37' title="bbox 36 2096 1576 2184; baseline -0.014 -14"><span class='ocrx_word' id='word_1_260' title='bbox 36 2119 178 2170; x_wconf 82' lang='grc' dir='ltr'>θείων</span> <span class='ocrx_word' id='word_1_261' title='bbox 199 2111 643 2184; x_wconf 69' lang='grc' dir='ltr'>ἆναγνωσμάτων</span> <span class='ocrx_word' id='word_1_262' title='bbox 680 2106 986 2179; x_wconf 78' lang='grc' dir='ltr'>μαθήμασι,</span> <span class='ocrx_word' id='word_1_263' title='bbox 1008 2096 1209 2155; x_wconf 77' lang='grc' dir='ltr'>τούτων</span> <span class='ocrx_word' id='word_1_264' title='bbox 1236 2097 1576 2161; x_wconf 79' lang='grc' dir='ltr'><strong>ἀπολαύσεις,</strong></span> 
     </span>
    </p>
   </div>
   <div class='ocr_carea' id='block_1_38' title="bbox 39 2186 1583 2270">
    <p class='ocr_par' dir='ltr' id='par_1_38' title="bbox 39 2186 1583 2270">
     <span class='ocr_line' id='line_1_38' title="bbox 39 2186 1583 2270; baseline -0.011 -15"><span class='ocrx_word' id='word_1_265' title='bbox 39 2203 162 2254; x_wconf 80' lang='grc' dir='ltr'>ὥστε</span> <span class='ocrx_word' id='word_1_266' title='bbox 207 2200 410 2270; x_wconf 82' lang='grc' dir='ltr'>λέγειν·</span> <span class='ocrx_word' id='word_1_267' title='bbox 445 2199 659 2266; x_wconf 83' lang='grc' dir='ltr'>Κύριος</span> <span class='ocrx_word' id='word_1_268' title='bbox 687 2193 980 2263; x_wconf 81' lang='grc' dir='ltr'>ποιμαίνει</span> <span class='ocrx_word' id='word_1_269' title='bbox 1014 2206 1110 2260; x_wconf 82' lang='grc' dir='ltr'>με,</span> <span class='ocrx_word' id='word_1_270' title='bbox 1146 2188 1241 2241; x_wconf 80' lang='grc' dir='ltr'><strong>καὶ</strong></span> <span class='ocrx_word' id='word_1_271' title='bbox 1290 2186 1468 2241; x_wconf 80' lang='grc' dir='ltr'>οὐδέν</span> <span class='ocrx_word' id='word_1_272' title='bbox 1505 2203 1583 2255; x_wconf 78' lang='grc' dir='ltr'><strong>με</strong></span> 
     </span>
    </p>
   </div>
   <div class='ocr_carea' id='block_1_39' title="bbox 42 2281 1581 2361">
    <p class='ocr_par' dir='ltr' id='par_1_39' title="bbox 42 2281 1581 2361">
     <span class='ocr_line' id='line_1_39' title="bbox 42 2281 1581 2361; baseline -0.01 -13"><span class='ocrx_word' id='word_1_273' title='bbox 42 2292 358 2361; x_wconf 79' lang='grc' dir='ltr'>ὐστερήσει.</span> <span class='ocrx_word' id='word_1_274' title='bbox 383 2290 547 2345; x_wconf 77' lang='grc' dir='ltr'>Οὐδὲν</span> <span class='ocrx_word' id='word_1_275' title='bbox 577 2287 684 2360; x_wconf 88' lang='grc' dir='ltr'>γάρ</span> <span class='ocrx_word' id='word_1_276' title='bbox 708 2303 766 2339; x_wconf 87' lang='grc' dir='ltr'>σε</span> <span class='ocrx_word' id='word_1_277' title='bbox 791 2284 1075 2357; x_wconf 78' lang='grc' dir='ltr'>ὑστερήσει</span> <span class='ocrx_word' id='word_1_278' title='bbox 1094 2281 1508 2352; x_wconf 84' lang='grc' dir='ltr'>ποιμαινόμενον</span> <span class='ocrx_word' id='word_1_279' title='bbox 1524 2281 1581 2333; x_wconf 85' lang='grc' dir='ltr'><strong>ὲν</strong></span> 
     </span>
    </p>
   </div>
   <div class='ocr_carea' id='block_1_40' title="bbox 44 2374 1581 2455">
    <p class='ocr_par' dir='ltr' id='par_1_40' title="bbox 44 2374 1581 2455">
     <span class='ocr_line' id='line_1_40' title="bbox 44 2374 1581 2455; baseline -0.01 -15"><span class='ocrx_word' id='word_1_280' title='bbox 44 2385 107 2455; x_wconf 79' lang='grc' dir='ltr'><strong>τῷ</strong></span> <span class='ocrx_word' id='word_1_281' title='bbox 118 2386 322 2455; x_wconf 80' lang='grc' dir='ltr'>πλούτῳ</span> <span class='ocrx_word' id='word_1_282' title='bbox 349 2382 444 2437; x_wconf 78' lang='grc' dir='ltr'><strong>τοῦ</strong></span> <span class='ocrx_word' id='word_1_283' title='bbox 471 2380 635 2435; x_wconf 80' lang='grc' dir='ltr'>καλοῦ</span> <span class='ocrx_word' id='word_1_284' title='bbox 683 2377 955 2449; x_wconf 82' lang='grc' dir='ltr'>ποιμένος,</span> <span class='ocrx_word' id='word_1_285' title='bbox 983 2374 1060 2445; x_wconf 85' lang='grc' dir='ltr'>τῷ</span> <span class='ocrx_word' id='word_1_286' title='bbox 1090 2374 1442 2447; x_wconf 82' lang='grc' dir='ltr'><strong>δεδωρημένῳ</strong></span> <span class='ocrx_word' id='word_1_287' title='bbox 1469 2374 1581 2435; x_wconf 87' lang='grc' dir='ltr'>τοῖς</span> 
     </span>
    </p>
   </div>
   <div class='ocr_carea' id='block_1_41' title="bbox 41 2465 1579 2547">
    <p class='ocr_par' dir='ltr' id='par_1_41' title="bbox 41 2465 1579 2547">
     <span class='ocr_line' id='line_1_41' title="bbox 41 2465 1579 2547; baseline -0.008 -18"><span class='ocrx_word' id='word_1_288' title='bbox 41 2480 107 2529; x_wconf 76' lang='grc' dir='ltr'><strong>ἔτι</strong></span> <span class='ocrx_word' id='word_1_289' title='bbox 132 2479 215 2531; x_wconf 67' lang='grc' dir='ltr'>ἐπὶ</span> <span class='ocrx_word' id='word_1_290' title='bbox 244 2469 348 2547; x_wconf 79' lang='grc' dir='ltr'>γῆς</span> <span class='ocrx_word' id='word_1_291' title='bbox 381 2471 817 2545; x_wconf 76' lang='grc' dir='ltr'>τωιμαινομένοις</span> <span class='ocrx_word' id='word_1_292' title='bbox 842 2469 1166 2541; x_wconf 79' lang='grc' dir='ltr'>ἀνθρώποις.</span> <span class='ocrx_word' id='word_1_293' title='bbox 1208 2468 1351 2521; x_wconf 78' lang='grc' dir='ltr'>Ἀντὶ</span> <span class='ocrx_word' id='word_1_294' title='bbox 1385 2466 1440 2519; x_wconf 69' lang='grc' dir='ltr'>δὲ</span> <span class='ocrx_word' id='word_1_295' title='bbox 1463 2465 1579 2527; x_wconf 80' lang='grc' dir='ltr'>τοῦ,</span> 
     </span>
    </p>
   </div>
   <div class='ocr_carea' id='block_1_42' title="bbox 40 2554 1579 2637">
    <p class='ocr_par' dir='ltr' id='par_1_42' title="bbox 40 2554 1579 2637">
     <span class='ocr_line' id='line_1_42' title="bbox 40 2554 1579 2637; baseline -0.01 -14"><span class='ocrx_word' id='word_1_296' title='bbox 40 2571 132 2625; x_wconf 76' lang='grc' dir='ltr'><strong>Καὶ</strong></span> <span class='ocrx_word' id='word_1_297' title='bbox 151 2554 523 2637; x_wconf 72' lang='grc' dir='ltr'>ποιμανθήση</span> <span class='ocrx_word' id='word_1_298' title='bbox 539 2563 637 2617; x_wconf 72' lang='grc' dir='ltr'><strong>ἐπὶ</strong></span> <span class='ocrx_word' id='word_1_299' title='bbox 652 2568 728 2629; x_wconf 81' lang='grc' dir='ltr'><strong>τῳ</strong></span> <span class='ocrx_word' id='word_1_300' title='bbox 742 2558 1209 2628; x_wconf 77' lang='grc' dir='ltr'>πλούτῳ,αὺτῆς,</span> <span class='ocrx_word' id='word_1_301' title='bbox 1226 2560 1255 2611; x_wconf 85' lang='grc' dir='ltr'>ὁ</span> <span class='ocrx_word' id='word_1_302' title='bbox 1269 2559 1337 2611; x_wconf 88' lang='grc' dir='ltr'>Σύ</span> <span class='ocrx_word' id='word_1_303' title='bbox 1348 2575 1385 2627; x_wconf 90' lang='grc' dir='ltr'><strong>μ</strong></span> <span class='ocrx_word' id='word_1_304' title='bbox 1392 2554 1579 2628; x_wconf 60' lang='lat' dir='ltr'><strong>mag,</strong></span> 
     </span>
    </p>
   </div>
   <div class='ocr_carea' id='block_1_43' title="bbox 43 2646 1579 2728">
    <p class='ocr_par' dir='ltr' id='par_1_43' title="bbox 43 2646 1579 2728">
     <span class='ocr_line' id='line_1_43' title="bbox 43 2646 1579 2728; baseline -0.01 -15"><span class='ocrx_word' id='word_1_305' title='bbox 43 2660 132 2714; x_wconf 71' lang='grc' dir='ltr'><strong>Καὶ</strong></span> <span class='ocrx_word' id='word_1_306' title='bbox 168 2658 485 2728; x_wconf 74' lang='grc' dir='ltr'>ποιμαίνου</span> <span class='ocrx_word' id='word_1_307' title='bbox 513 2651 819 2723; x_wconf 79' lang='grc' dir='ltr'><strong>διηνεκῶς,</strong></span> <span class='ocrx_word' id='word_1_308' title='bbox 852 2650 1142 2717; x_wconf 57' lang='grc' dir='ltr'><strong>ἐξέδωκεν</strong></span> <span class='ocrx_word' id='word_1_309' title='bbox 1173 2650 1201 2701; x_wconf 84' lang='grc' dir='ltr'>ὁ</span> <span class='ocrx_word' id='word_1_310' title='bbox 1240 2649 1301 2709; x_wconf 60' lang='grc' dir='ltr'>δὲ</span> <span class='ocrx_word' id='word_1_311' title='bbox 1332 2646 1579 2711; x_wconf 82' lang='grc' dir='ltr'><strong>Ἀκύλας,</strong></span> 
     </span>
    </p>
   </div>
   <div class='ocr_carea' id='block_1_44' title="bbox 42 2732 1581 2820">
    <p class='ocr_par' dir='ltr' id='par_1_44' title="bbox 42 2732 1581 2820">
     <span class='ocr_line' id='line_1_44' title="bbox 42 2732 1581 2820; baseline -0.008 -14"><span class='ocrx_word' id='word_1_312' title='bbox 42 2752 133 2807; x_wconf 79' lang='grc' dir='ltr'><strong>Καί</strong></span> <span class='ocrx_word' id='word_1_313' title='bbox 157 2748 337 2820; x_wconf 79' lang='grc' dir='ltr'><strong>νέμον</strong></span> <span class='ocrx_word' id='word_1_314' title='bbox 369 2748 593 2801; x_wconf 75' lang='grc' dir='ltr'>πίστιν.</span> <span class='ocrx_word' id='word_1_315' title='bbox 626 2740 738 2803; x_wconf 76' lang='grc' dir='ltr'>Εἶθ’</span> <span class='ocrx_word' id='word_1_316' title='bbox 775 2732 961 2815; x_wconf 82' lang='grc' dir='ltr'>ὥσπερ</span> <span class='ocrx_word' id='word_1_317' title='bbox 998 2741 1104 2795; x_wconf 82' lang='grc' dir='ltr'><strong>τῶν</strong></span> <span class='ocrx_word' id='word_1_318' title='bbox 1140 2738 1581 2812; x_wconf 80' lang='grc' dir='ltr'>πονηρευομένων</span> 
     </span>
    </p>
   </div>
   <div class='ocr_carea' id='block_1_45' title="bbox 41 2829 1580 2909">
    <p class='ocr_par' dir='ltr' id='par_1_45' title="bbox 41 2829 1580 2909">
     <span class='ocr_line' id='line_1_45' title="bbox 41 2829 1580 2909; baseline -0.012 -10"><span class='ocrx_word' id='word_1_319' title='bbox 41 2844 234 2899; x_wconf 73' lang='grc' dir='ltr'>καὶτῶν</span> <span class='ocrx_word' id='word_1_320' title='bbox 247 2840 542 2896; x_wconf 81' lang='grc' dir='ltr'>ποιούντων</span> <span class='ocrx_word' id='word_1_321' title='bbox 561 2837 659 2909; x_wconf 75' lang='grc' dir='ltr'>τὴν</span> <span class='ocrx_word' id='word_1_322' title='bbox 681 2837 906 2907; x_wconf 84' lang='grc' dir='ltr'>ἀνομίαν</span> <span class='ocrx_word' id='word_1_323' title='bbox 925 2833 1205 2909; x_wconf 78' lang='grc' dir='ltr'>ὑπέγραψε</span> <span class='ocrx_word' id='word_1_324' title='bbox 1226 2833 1283 2890; x_wconf 80' lang='grc' dir='ltr'><strong>τὸ</strong></span> <span class='ocrx_word' id='word_1_325' title='bbox 1301 2830 1473 2897; x_wconf 80' lang='grc' dir='ltr'>τέλος,</span> <span class='ocrx_word' id='word_1_326' title='bbox 1487 2829 1580 2884; x_wconf 80' lang='grc' dir='ltr'><strong>οὔ-</strong></span> 
     </span>
    </p>
   </div>
   <div class='ocr_carea' id='block_1_46' title="bbox 1678 2005 3235 2075">
    <p class='ocr_par' dir='ltr' id='par_1_46' title="bbox 1678 2005 3235 2075">
     <span class='ocr_line' id='line_1_46' title="bbox 1678 2005 3235 2075; baseline -0.002 -10"><span class='ocrx_word' id='word_1_327' title='bbox 1678 2012 1826 2067; x_wconf 90' lang='lat' dir='ltr'><strong>tibus</strong></span> <span class='ocrx_word' id='word_1_328' title='bbox 1875 2016 1929 2065; x_wconf 88' lang='lat' dir='ltr'><strong>et</strong></span> <span class='ocrx_word' id='word_1_329' title='bbox 1975 2009 2175 2064; x_wconf 88' lang='lat' dir='ltr'><strong>divinis</strong></span> <span class='ocrx_word' id='word_1_330' title='bbox 2208 2005 2531 2062; x_wconf 85' lang='lat' dir='ltr'><strong>lectionibus</strong></span> <span class='ocrx_word' id='word_1_331' title='bbox 2566 2012 2902 2075; x_wconf 85' lang='lat' dir='ltr'><strong>spectantur,</strong></span> <span class='ocrx_word' id='word_1_332' title='bbox 2929 2005 2994 2060; x_wconf 88' lang='lat' dir='ltr'><strong>iis</strong></span> <span class='ocrx_word' id='word_1_333' title='bbox 3038 2005 3235 2062; x_wconf 78' lang='lat' dir='ltr'><strong>frueris</strong></span> 
     </span>
    </p>
   </div>
   <div class='ocr_carea' id='block_1_47' title="bbox 1677 2098 3237 2167">
    <p class='ocr_par' dir='ltr' id='par_1_47' title="bbox 1677 2098 3237 2167">
     <span class='ocr_line' id='line_1_47' title="bbox 1677 2098 3237 2167; baseline -0.002 -10"><span class='ocrx_word' id='word_1_334' title='bbox 1677 2106 1753 2158; x_wconf 90' lang='lat' dir='ltr'><strong>ita</strong></span> <span class='ocrx_word' id='word_1_335' title='bbox 1781 2108 1842 2157; x_wconf 87' lang='lat' dir='ltr'><strong>ut</strong></span> <span class='ocrx_word' id='word_1_336' title='bbox 1868 2101 2021 2158; x_wconf 87' lang='lat' dir='ltr'><strong>dicas</strong></span> <span class='ocrx_word' id='word_1_337' title='bbox 2046 2120 2059 2156; x_wconf 87' lang='lat'><strong>:</strong></span> <span class='ocrx_word' id='word_1_338' title='bbox 2086 2101 2342 2157; x_wconf 80' lang='lat' dir='ltr'><strong>Dominus</strong></span> <span class='ocrx_word' id='word_1_339' title='bbox 2372 2099 2540 2167; x_wconf 85' lang='lat' dir='ltr'><strong>pascit</strong></span> <span class='ocrx_word' id='word_1_340' title='bbox 2571 2115 2650 2152; x_wconf 86' lang='lat' dir='ltr'><strong>me</strong></span> <span class='ocrx_word' id='word_1_341' title='bbox 2688 2106 2738 2152; x_wconf 88' lang='lat' dir='ltr'><strong>et</strong></span> <span class='ocrx_word' id='word_1_342' title='bbox 2769 2098 2900 2151; x_wconf 82' lang='lat' dir='ltr'><strong>nihil</strong></span> <span class='ocrx_word' id='word_1_343' title='bbox 2942 2098 3067 2152; x_wconf 86' lang='lat' dir='ltr'><strong>mihi</strong></span> <span class='ocrx_word' id='word_1_344' title='bbox 3116 2098 3237 2155; x_wconf 82' lang='lat' dir='ltr'><strong>dee-</strong></span> 
     </span>
    </p>
   </div>
   <div class='ocr_carea' id='block_1_48' title="bbox 1679 2190 3237 2265">
    <p class='ocr_par' dir='ltr' id='par_1_48' title="bbox 1679 2190 3237 2265">
     <span class='ocr_line' id='line_1_48' title="bbox 1679 2190 3237 2265; baseline -0.001 -16"><span class='ocrx_word' id='word_1_345' title='bbox 1679 2196 1750 2249; x_wconf 86' lang='lat' dir='ltr'><strong>rit</strong></span> <span class='ocrx_word' id='word_1_346' title='bbox 1773 2195 1836 2249; x_wconf 80' lang='grc'><strong>⁶⁸.</strong></span> <span class='ocrx_word' id='word_1_347' title='bbox 1862 2193 2007 2248; x_wconf 85' lang='lat' dir='ltr'><strong>Nihil</strong></span> <span class='ocrx_word' id='word_1_348' title='bbox 2049 2193 2249 2265; x_wconf 89' lang='lat' dir='ltr'><strong>quippe</strong></span> <span class='ocrx_word' id='word_1_349' title='bbox 2297 2190 2469 2246; x_wconf 87' lang='lat' dir='ltr'><strong>deerit</strong></span> <span class='ocrx_word' id='word_1_350' title='bbox 2502 2190 2620 2255; x_wconf 86' lang='lat' dir='ltr'><strong>tibi,</strong></span> <span class='ocrx_word' id='word_1_351' title='bbox 2653 2192 2700 2244; x_wconf 88' lang='lat' dir='ltr'><strong>si</strong></span> <span class='ocrx_word' id='word_1_352' title='bbox 2734 2192 2787 2244; x_wconf 91' lang='lat' dir='ltr'><strong>in</strong></span> <span class='ocrx_word' id='word_1_353' title='bbox 2819 2191 2951 2245; x_wconf 87' lang='lat' dir='ltr'><strong>boni</strong></span> <span class='ocrx_word' id='word_1_354' title='bbox 3003 2192 3237 2261; x_wconf 86' lang='lat' dir='ltr'><strong>pastoris</strong></span> 
     </span>
    </p>
   </div>
   <div class='ocr_carea' id='block_1_49' title="bbox 1642 2283 3236 2357">
    <p class='ocr_par' dir='ltr' id='par_1_49' title="bbox 1642 2283 3236 2357">
     <span class='ocr_line' id='line_1_49' title="bbox 1642 2283 3236 2357; baseline -0.003 -14"><span class='ocrx_word' id='word_1_355' title='bbox 1642 2340 1643 2343; x_wconf 44' lang='grc' dir='ltr'><strong>η</strong></span> <span class='ocrx_word' id='word_1_356' title='bbox 1680 2288 1882 2343; x_wconf 86' lang='lat' dir='ltr'><strong>divitiis</strong></span> <span class='ocrx_word' id='word_1_357' title='bbox 1910 2287 2174 2357; x_wconf 76' lang='lat' dir='ltr'><strong>paSCaris,</strong></span> <span class='ocrx_word' id='word_1_358' title='bbox 2208 2301 2330 2356; x_wconf 74' lang='lat' dir='ltr'><strong>quae</strong></span> <span class='ocrx_word' id='word_1_359' title='bbox 2351 2290 2645 2353; x_wconf 78' lang='lat' dir='ltr'><strong>erogantur</strong></span> <span class='ocrx_word' id='word_1_360' title='bbox 2671 2283 2975 2337; x_wconf 89' lang='lat' dir='ltr'><strong>hominibus</strong></span> <span class='ocrx_word' id='word_1_361' title='bbox 3008 2284 3061 2337; x_wconf 89' lang='lat' dir='ltr'><strong>in</strong></span> <span class='ocrx_word' id='word_1_362' title='bbox 3092 2291 3236 2339; x_wconf 82' lang='lat' dir='ltr'><strong>terra</strong></span> 
     </span>
    </p>
   </div>
   <div class='ocr_carea' id='block_1_50' title="bbox 1680 2373 3234 2450">
    <p class='ocr_par' dir='ltr' id='par_1_50' title="bbox 1680 2373 3234 2450">
     <span class='ocr_line' id='line_1_50' title="bbox 1680 2373 3234 2450; baseline -0.003 -18"><span class='ocrx_word' id='word_1_363' title='bbox 1680 2379 2060 2450; x_wconf 12' lang='lat' dir='ltr'><strong>pascentibus.»</strong></span> <span class='ocrx_word' id='word_1_364' title='bbox 2081 2376 2188 2431; x_wconf 88' lang='lat' dir='ltr'><strong>Pro</strong></span> <span class='ocrx_word' id='word_1_365' title='bbox 2223 2378 2316 2431; x_wconf 88' lang='lat' dir='ltr'><strong>illo</strong></span> <span class='ocrx_word' id='word_1_366' title='bbox 2345 2385 2523 2431; x_wconf 86' lang='lat' dir='ltr'><strong>autem</strong></span> <span class='ocrx_word' id='word_1_367' title='bbox 2558 2394 2584 2441; x_wconf 73' lang='grc' dir='ltr'><strong>ι,</strong></span> <span class='ocrx_word' id='word_1_368' title='bbox 2601 2373 2670 2428; x_wconf 88' lang='lat' dir='ltr'><strong>Et</strong></span> <span class='ocrx_word' id='word_1_369' title='bbox 2698 2377 2928 2445; x_wconf 85' lang='lat' dir='ltr'><strong>pasceris</strong></span> <span class='ocrx_word' id='word_1_370' title='bbox 2958 2377 3013 2429; x_wconf 88' lang='lat' dir='ltr'><strong>in</strong></span> <span class='ocrx_word' id='word_1_371' title='bbox 3040 2375 3234 2430; x_wconf 80' lang='lat' dir='ltr'><strong>divitiis</strong></span> 
     </span>
    </p>
   </div>
   <div class='ocr_carea' id='block_1_51' title="bbox 1680 2466 3237 2542">
    <p class='ocr_par' dir='ltr' id='par_1_51' title="bbox 1680 2466 3237 2542">
     <span class='ocr_line' id='line_1_51' title="bbox 1680 2466 3237 2542; baseline -0.004 -17"><span class='ocrx_word' id='word_1_372' title='bbox 1680 2471 1815 2541; x_wconf 82' lang='lat' dir='ltr'><strong>ejus,</strong></span> <span class='ocrx_word' id='word_1_373' title='bbox 1849 2470 2205 2542; x_wconf 84' lang='lat' dir='ltr'><strong>Symmachus</strong></span> <span class='ocrx_word' id='word_1_374' title='bbox 2242 2488 2259 2524; x_wconf 74' lang='grc' dir='ltr'><strong>ε·</strong></span> <span class='ocrx_word' id='word_1_375' title='bbox 2287 2467 2356 2521; x_wconf 86' lang='grc' dir='ltr'><strong>Ει</strong></span> <span class='ocrx_word' id='word_1_376' title='bbox 2381 2484 2607 2538; x_wconf 81' lang='lat' dir='ltr'><strong>pascere</strong></span> <span class='ocrx_word' id='word_1_377' title='bbox 2638 2468 2875 2531; x_wconf 80' lang='lat' dir='ltr'><strong>assidue;</strong></span> <span class='ocrx_word' id='word_1_378' title='bbox 2907 2467 3096 2537; x_wconf 79' lang='lat' dir='ltr'><strong>Aquila</strong></span> <span class='ocrx_word' id='word_1_379' title='bbox 3126 2486 3138 2520; x_wconf 91' lang='lat'><strong>:</strong></span> <span class='ocrx_word' id='word_1_380' title='bbox 3167 2466 3237 2519; x_wconf 84' lang='lat' dir='ltr'><strong>Et</strong></span> 
     </span>
    </p>
   </div>
   <div class='ocr_carea' id='block_1_52' title="bbox 1676 2560 3237 2633">
    <p class='ocr_par' dir='ltr' id='par_1_52' title="bbox 1676 2560 3237 2633">
     <span class='ocr_line' id='line_1_52' title="bbox 1676 2560 3237 2633; baseline -0.003 -15"><span class='ocrx_word' id='word_1_381' title='bbox 1676 2579 1889 2633; x_wconf 87' lang='lat' dir='ltr'><strong>pascere</strong></span> <span class='ocrx_word' id='word_1_382' title='bbox 1927 2562 2048 2633; x_wconf 74' lang='lat' dir='ltr'><strong>ﬁde,</strong></span> <span class='ocrx_word' id='word_1_383' title='bbox 2082 2563 2387 2619; x_wconf 89' lang='lat' dir='ltr'><strong>ediderunt.</strong></span> <span class='ocrx_word' id='word_1_384' title='bbox 2423 2561 2536 2617; x_wconf 90' lang='lat' dir='ltr'><strong>Sub</strong></span> <span class='ocrx_word' id='word_1_385' title='bbox 2587 2562 2700 2616; x_wconf 76' lang='lat' dir='ltr'><strong>haec</strong></span> <span class='ocrx_word' id='word_1_386' title='bbox 2748 2568 2948 2624; x_wconf 88' lang='lat' dir='ltr'><strong>autem,</strong></span> <span class='ocrx_word' id='word_1_387' title='bbox 2978 2560 3237 2630; x_wconf 59' lang='lat' dir='ltr'><strong>quemad4</strong></span> 
     </span>
    </p>
   </div>
   <div class='ocr_carea' id='block_1_53' title="bbox 1678 2652 3241 2723">
    <p class='ocr_par' dir='ltr' id='par_1_53' title="bbox 1678 2652 3241 2723">
     <span class='ocr_line' id='line_1_53' title="bbox 1678 2652 3241 2723; baseline -0.008 -10"><span class='ocrx_word' id='word_1_388' title='bbox 1678 2657 1899 2713; x_wconf 89' lang='lat' dir='ltr'><strong>modum</strong></span> <span class='ocrx_word' id='word_1_389' title='bbox 1927 2654 2295 2723; x_wconf 88' lang='lat' dir='ltr'><strong>improborum</strong></span> <span class='ocrx_word' id='word_1_390' title='bbox 2340 2660 2393 2708; x_wconf 91' lang='lat' dir='ltr'><strong>et</strong></span> <span class='ocrx_word' id='word_1_391' title='bbox 2435 2655 2776 2723; x_wconf 85' lang='lat' dir='ltr'><strong>operantium</strong></span> <span class='ocrx_word' id='word_1_392' title='bbox 2810 2654 3146 2723; x_wconf 88' lang='lat' dir='ltr'><strong>iniquitatem</strong></span> <span class='ocrx_word' id='word_1_393' title='bbox 3175 2652 3241 2705; x_wconf 62' lang='grc' dir='ltr'>ιι.</span> 
     </span>
    </p>
   </div>
   <div class='ocr_carea' id='block_1_54' title="bbox 1681 2743 3237 2816">
    <p class='ocr_par' dir='ltr' id='par_1_54' title="bbox 1681 2743 3237 2816">
     <span class='ocr_line' id='line_1_54' title="bbox 1681 2743 3237 2816; baseline -0.003 -13"><span class='ocrx_word' id='word_1_394' title='bbox 1681 2764 1802 2804; x_wconf 85' lang='lat' dir='ltr'><strong>nem</strong></span> <span class='ocrx_word' id='word_1_395' title='bbox 1852 2747 2172 2816; x_wconf 78' lang='lat' dir='ltr'><strong>descripsit;</strong></span> <span class='ocrx_word' id='word_1_396' title='bbox 2224 2747 2304 2800; x_wconf 91' lang='lat' dir='ltr'><strong>sic</strong></span> <span class='ocrx_word' id='word_1_397' title='bbox 2351 2753 2550 2815; x_wconf 88' lang='lat' dir='ltr'><strong>quanta</strong></span> <span class='ocrx_word' id='word_1_398' title='bbox 2582 2745 2678 2798; x_wconf 90' lang='lat' dir='ltr'><strong>tibi</strong></span> <span class='ocrx_word' id='word_1_399' title='bbox 2713 2745 2765 2797; x_wconf 90' lang='lat' dir='ltr'><strong>in</strong></span> <span class='ocrx_word' id='word_1_400' title='bbox 2798 2743 3082 2798; x_wconf 89' lang='lat' dir='ltr'><strong>Dominum</strong></span> <span class='ocrx_word' id='word_1_401' title='bbox 3116 2759 3237 2813; x_wconf 88' lang='lat' dir='ltr'><strong>spe-</strong></span> 
     </span>
    </p>
   </div>
   <div class='ocr_carea' id='block_1_55' title="bbox 1678 2815 3260 2912">
    <p class='ocr_par' dir='ltr' id='par_1_55' title="bbox 1678 2815 3260 2912">
     <span class='ocr_line' id='line_1_55' title="bbox 1678 2815 3260 2912; baseline -0.005 -19"><span class='ocrx_word' id='word_1_402' title='bbox 1678 2837 1847 2912; x_wconf 76' lang='lat' dir='ltr'><strong>ranti,</strong></span> <span class='ocrx_word' id='word_1_403' title='bbox 1886 2853 1949 2891; x_wconf 92' lang='lat' dir='ltr'><strong>ac</strong></span> <span class='ocrx_word' id='word_1_404' title='bbox 1997 2838 2293 2891; x_wconf 77' lang='lat' dir='ltr'><strong>bonitatem</strong></span> <span class='ocrx_word' id='word_1_405' title='bbox 2339 2833 2559 2889; x_wconf 77' lang='lat' dir='ltr'><strong>facienti</strong></span> <span class='ocrx_word' id='word_1_406' title='bbox 2606 2842 2866 2889; x_wconf 84' lang='lat' dir='ltr'><strong>eventura</strong></span> <span class='ocrx_word' id='word_1_407' title='bbox 2920 2834 3059 2887; x_wconf 82' lang='lat' dir='ltr'><strong>bona</strong></span> <span class='ocrx_word' id='word_1_408' title='bbox 3105 2815 3260 2897; x_wconf 31' lang='lat' dir='ltr'><strong>sint,.</strong></span> 
     </span>
    </p>
   </div>
   <div class='ocr_carea' id='block_1_56' title="bbox 40 2920 1586 3004">
    <p class='ocr_par' dir='ltr' id='par_1_56' title="bbox 40 2920 1582 3004">
     <span class='ocr_line' id='line_1_56' title="bbox 40 2920 1582 3004; baseline -0.01 -15"><span class='ocrx_word' id='word_1_409' title='bbox 40 2954 129 2997; x_wconf 76' lang='grc' dir='ltr'><strong>τως</strong></span> <span class='ocrx_word' id='word_1_410' title='bbox 146 2935 234 2988; x_wconf 79' lang='grc' dir='ltr'><strong>καὶ</strong></span> <span class='ocrx_word' id='word_1_411' title='bbox 264 2933 347 2987; x_wconf 69' lang='grc' dir='ltr'><strong>σοὶ</strong></span> <span class='ocrx_word' id='word_1_412' title='bbox 361 2932 440 3004; x_wconf 84' lang='grc' dir='ltr'><strong>τῷ</strong></span> <span class='ocrx_word' id='word_1_413' title='bbox 460 2928 728 2994; x_wconf 74' lang='grc' dir='ltr'>ἐλπίζοντι</span> <span class='ocrx_word' id='word_1_414' title='bbox 757 2928 848 2981; x_wconf 70' lang='grc' dir='ltr'><strong>ἐπὶ</strong></span> <span class='ocrx_word' id='word_1_415' title='bbox 875 2926 963 2979; x_wconf 85' lang='grc' dir='ltr'><strong>τὸν</strong></span> <span class='ocrx_word' id='word_1_416' title='bbox 996 2924 1197 2997; x_wconf 84' lang='grc' dir='ltr'>Κύριον</span> <span class='ocrx_word' id='word_1_417' title='bbox 1228 2923 1321 2977; x_wconf 74' lang='grc' dir='ltr'><strong>καὶ</strong></span> <span class='ocrx_word' id='word_1_418' title='bbox 1343 2920 1582 2975; x_wconf 76' lang='grc' dir='ltr'>ποιοῦντι</span> 
     </span>
    </p>
   </div>
   <div class='ocr_carea' id='block_1_57' title="bbox 1682 2920 3239 3004">
    <p class='ocr_par' dir='ltr' id='par_1_57' title="bbox 1682 2925 3239 2999">
     <span class='ocr_line' id='line_1_57' title="bbox 1682 2925 3239 2999; baseline -0.004 -11"><span class='ocrx_word' id='word_1_419' title='bbox 1682 2938 1982 2988; x_wconf 85' lang='lat' dir='ltr'><strong>enumerat.</strong></span> <span class='ocrx_word' id='word_1_420' title='bbox 2008 2929 2141 2984; x_wconf 85' lang='lat' dir='ltr'><strong>Nam</strong></span> <span class='ocrx_word' id='word_1_421' title='bbox 2173 2930 2350 2999; x_wconf 82' lang='lat' dir='ltr'><strong>primo</strong></span> <span class='ocrx_word' id='word_1_422' title='bbox 2378 2928 2431 2982; x_wconf 91' lang='lat' dir='ltr'><strong>in</strong></span> <span class='ocrx_word' id='word_1_423' title='bbox 2454 2928 2599 2982; x_wconf 86' lang='lat' dir='ltr'><strong>veris</strong></span> <span class='ocrx_word' id='word_1_424' title='bbox 2624 2927 2750 2981; x_wconf 88' lang='lat' dir='ltr'><strong>boni</strong></span> <span class='ocrx_word' id='word_1_425' title='bbox 2782 2928 3014 2995; x_wconf 86' lang='lat' dir='ltr'><strong>pastoris</strong></span> <span class='ocrx_word' id='word_1_426' title='bbox 3036 2925 3239 2981; x_wconf 89' lang='lat' dir='ltr'><strong>divitiis</strong></span> 
     </span>
    </p>
   </div>
   <div class='ocr_carea' id='block_1_58' title="bbox 40 3010 1586 3100">
    <p class='ocr_par' dir='ltr' id='par_1_58' title="bbox 40 3013 1585 3100">
     <span class='ocr_line' id='line_1_58' title="bbox 40 3013 1585 3100; baseline -0.011 -18"><span class='ocrx_word' id='word_1_427' title='bbox 40 3028 355 3100; x_wconf 75' lang='grc' dir='ltr'><strong>χρηστότητα</strong></span> <span class='ocrx_word' id='word_1_428' title='bbox 368 3023 540 3078; x_wconf 84' lang='grc' dir='ltr'>ὁπόσα</span> <span class='ocrx_word' id='word_1_429' title='bbox 560 3019 787 3093; x_wconf 77' lang='grc' dir='ltr'>ὑπάρξει</span> <span class='ocrx_word' id='word_1_430' title='bbox 803 3018 979 3088; x_wconf 82' lang='grc' dir='ltr'>ἀγαθά</span> <span class='ocrx_word' id='word_1_431' title='bbox 989 3015 1213 3087; x_wconf 78' lang='grc' dir='ltr'>καταριθ</span> <span class='ocrx_word' id='word_1_432' title='bbox 1223 3018 1418 3086; x_wconf 81' lang='grc' dir='ltr'><strong>μεῖται.</strong></span> <span class='ocrx_word' id='word_1_433' title='bbox 1435 3013 1585 3084; x_wconf 83' lang='grc' dir='ltr'><strong>Πρῶ-</strong></span> 
     </span>
    </p>
   </div>
   <div class='ocr_carea' id='block_1_59' title="bbox 1682 3010 3238 3100">
    <p class='ocr_par' dir='ltr' id='par_1_59' title="bbox 1686 3010 3238 3099">
     <span class='ocr_line' id='line_1_59' title="bbox 1686 3010 3238 3099; baseline -0.006 -20"><span class='ocrx_word' id='word_1_434' title='bbox 1686 3025 1960 3095; x_wconf 86' lang='lat' dir='ltr'><strong>pasceris;</strong></span> <span class='ocrx_word' id='word_1_435' title='bbox 2000 3023 2261 3085; x_wconf 85' lang='lat' dir='ltr'><strong>secundo,</strong></span> <span class='ocrx_word' id='word_1_436' title='bbox 2296 3010 2650 3099; x_wconf 74' lang='lat' dir='ltr'><strong>delectaberis</strong></span> <span class='ocrx_word' id='word_1_437' title='bbox 2673 3018 2727 3072; x_wconf 88' lang='lat' dir='ltr'><strong>in</strong></span> <span class='ocrx_word' id='word_1_438' title='bbox 2758 3017 3017 3085; x_wconf 86' lang='lat' dir='ltr'><strong>Domino;</strong></span> <span class='ocrx_word' id='word_1_439' title='bbox 3058 3016 3238 3081; x_wconf 85' lang='lat' dir='ltr'><strong>tertio,</strong></span> 
     </span>
    </p>
   </div>
   <div class='ocr_carea' id='block_1_60' title="bbox 38 3096 1586 3193">
    <p class='ocr_par' dir='ltr' id='par_1_60' title="bbox 38 3096 1584 3193">
     <span class='ocr_line' id='line_1_60' title="bbox 38 3096 1584 3193; baseline -0.01 -19"><span class='ocrx_word' id='word_1_440' title='bbox 38 3096 128 3175; x_wconf 49' lang='lat' dir='ltr'><strong>es;</strong></span> <span class='ocrx_word' id='word_1_441' title='bbox 148 3122 239 3193; x_wconf 81' lang='grc' dir='ltr'>μὲν</span> <span class='ocrx_word' id='word_1_442' title='bbox 271 3096 378 3191; x_wconf 78' lang='grc' dir='ltr'><strong>γὰρ</strong></span> <span class='ocrx_word' id='word_1_443' title='bbox 407 3116 750 3189; x_wconf 80' lang='grc' dir='ltr'>ποιμανθήσῃ</span> <span class='ocrx_word' id='word_1_444' title='bbox 780 3114 871 3169; x_wconf 71' lang='grc' dir='ltr'><strong>ἐπὶ</strong></span> <span class='ocrx_word' id='word_1_445' title='bbox 903 3109 980 3184; x_wconf 79' lang='grc' dir='ltr'>τῷ</span> <span class='ocrx_word' id='word_1_446' title='bbox 1013 3109 1224 3180; x_wconf 81' lang='grc' dir='ltr'>πλούτῳ</span> <span class='ocrx_word' id='word_1_447' title='bbox 1250 3108 1327 3181; x_wconf 81' lang='grc' dir='ltr'><strong>τῷ</strong></span> <span class='ocrx_word' id='word_1_448' title='bbox 1352 3107 1584 3192; x_wconf 78' lang='grc' dir='ltr'><strong>ἀληθινῷ</strong></span> 
     </span>
    </p>
   </div>
   <div class='ocr_carea' id='block_1_61' title="bbox 1682 3096 3239 3193">
    <p class='ocr_par' dir='ltr' id='par_1_61' title="bbox 1685 3096 3239 3185">
     <span class='ocr_line' id='line_1_61' title="bbox 1685 3096 3239 3185; baseline -0.006 -12"><span class='ocrx_word' id='word_1_449' title='bbox 1685 3119 1833 3174; x_wconf 88' lang='lat' dir='ltr'><strong>dabit</strong></span> <span class='ocrx_word' id='word_1_450' title='bbox 1881 3116 1975 3170; x_wconf 90' lang='lat' dir='ltr'><strong>tibi</strong></span> <span class='ocrx_word' id='word_1_451' title='bbox 2018 3114 2305 3185; x_wconf 87' lang='lat' dir='ltr'><strong>petitiones</strong></span> <span class='ocrx_word' id='word_1_452' title='bbox 2339 3096 2647 3168; x_wconf 13' lang='lat' dir='ltr'><strong>cordis-tui.</strong></span> <span class='ocrx_word' id='word_1_453' title='bbox 2680 3108 2941 3164; x_wconf 82' lang='lat' dir='ltr'><strong>Delectari</strong></span> <span class='ocrx_word' id='word_1_454' title='bbox 2976 3116 3152 3163; x_wconf 88' lang='lat' dir='ltr'><strong>autem</strong></span> <span class='ocrx_word' id='word_1_455' title='bbox 3183 3109 3239 3165; x_wconf 66' lang='lat' dir='ltr'><strong>iit</strong></span> 
     </span>
    </p>
   </div>
   <div class='ocr_carea' id='block_1_62' title="bbox 37 3197 1586 3288">
    <p class='ocr_par' dir='ltr' id='par_1_62' title="bbox 37 3197 1585 3288">
     <span class='ocr_line' id='line_1_62' title="bbox 37 3197 1585 3288; baseline -0.01 -20"><span class='ocrx_word' id='word_1_456' title='bbox 37 3213 118 3268; x_wconf 75' lang='grc' dir='ltr'><strong>τοῦ</strong></span> <span class='ocrx_word' id='word_1_457' title='bbox 167 3212 329 3288; x_wconf 78' lang='grc' dir='ltr'><strong>καλοῦ</strong></span> <span class='ocrx_word' id='word_1_458' title='bbox 380 3210 666 3283; x_wconf 81' lang='grc' dir='ltr'>ποιμένος·</span> <span class='ocrx_word' id='word_1_459' title='bbox 695 3206 976 3279; x_wconf 85' lang='grc' dir='ltr'>δεύτερον,</span> <span class='ocrx_word' id='word_1_460' title='bbox 1008 3204 1439 3276; x_wconf 77' lang='grc' dir='ltr'>κατατρυφήσεις</span> <span class='ocrx_word' id='word_1_461' title='bbox 1489 3197 1585 3253; x_wconf 75' lang='grc' dir='ltr'><strong>τοῦ</strong></span> 
     </span>
    </p>
   </div>
   <div class='ocr_carea' id='block_1_63' title="bbox 1682 3197 3242 3288">
    <p class='ocr_par' dir='ltr' id='par_1_63' title="bbox 1687 3199 3242 3274">
     <span class='ocr_line' id='line_1_63' title="bbox 1687 3199 3242 3274; baseline -0.008 -11"><span class='ocrx_word' id='word_1_462' title='bbox 1687 3208 1917 3263; x_wconf 90' lang='lat' dir='ltr'><strong>Domino</strong></span> <span class='ocrx_word' id='word_1_463' title='bbox 1966 3206 2186 3269; x_wconf 83' lang='lat' dir='ltr'><strong>valebit,</strong></span> <span class='ocrx_word' id='word_1_464' title='bbox 2227 3203 2486 3274; x_wconf 89' lang='lat' dir='ltr'><strong>quisquis</strong></span> <span class='ocrx_word' id='word_1_465' title='bbox 2546 3202 2737 3256; x_wconf 74' lang='lat' dir='ltr'><strong>animae</strong></span> <span class='ocrx_word' id='word_1_466' title='bbox 2792 3199 3042 3255; x_wconf 87' lang='lat' dir='ltr'><strong>sensibus</strong></span> <span class='ocrx_word' id='word_1_467' title='bbox 3092 3199 3242 3267; x_wconf 88' lang='lat' dir='ltr'><strong>puris</strong></span> 
     </span>
    </p>
   </div>
   <div class='ocr_carea' id='block_1_64' title="bbox 38 3287 1586 3377">
    <p class='ocr_par' dir='ltr' id='par_1_64' title="bbox 38 3287 1582 3377">
     <span class='ocr_line' id='line_1_64' title="bbox 38 3287 1582 3377; baseline -0.009 -19"><span class='ocrx_word' id='word_1_468' title='bbox 38 3287 245 3377; x_wconf 82' lang='grc' dir='ltr'>Κυρίου·</span> <span class='ocrx_word' id='word_1_469' title='bbox 279 3304 369 3359; x_wconf 78' lang='grc' dir='ltr'><strong>καὶ</strong></span> <span class='ocrx_word' id='word_1_470' title='bbox 399 3304 602 3375; x_wconf 89' lang='grc' dir='ltr'>τρίτον,</span> <span class='ocrx_word' id='word_1_471' title='bbox 623 3301 781 3354; x_wconf 81' lang='grc' dir='ltr'>δώσει</span> <span class='ocrx_word' id='word_1_472' title='bbox 809 3317 890 3352; x_wconf 89' lang='grc' dir='ltr'>σοι</span> <span class='ocrx_word' id='word_1_473' title='bbox 919 3298 988 3351; x_wconf 86' lang='grc' dir='ltr'><strong>τὰ</strong></span> <span class='ocrx_word' id='word_1_474' title='bbox 1020 3297 1295 3377; x_wconf 78' lang='grc' dir='ltr'><strong>αἰτήματα</strong></span> <span class='ocrx_word' id='word_1_475' title='bbox 1327 3295 1424 3365; x_wconf 76' lang='grc' dir='ltr'><strong>τῆς</strong></span> <span class='ocrx_word' id='word_1_476' title='bbox 1448 3310 1582 3363; x_wconf 84' lang='grc' dir='ltr'><strong>καρ-</strong></span> 
     </span>
    </p>
   </div>
   <div class='ocr_carea' id='block_1_65' title="bbox 1682 3287 3242 3377">
    <p class='ocr_par' dir='ltr' id='par_1_65' title="bbox 1685 3287 3242 3369">
     <span class='ocr_line' id='line_1_65' title="bbox 1685 3287 3242 3369; baseline -0.006 -17"><span class='ocrx_word' id='word_1_477' title='bbox 1685 3298 2035 3369; x_wconf 76' lang='lat' dir='ltr'><strong>purgatisque</strong></span> <span class='ocrx_word' id='word_1_478' title='bbox 2068 3295 2249 3359; x_wconf 82' lang='lat' dir='ltr'><strong>fuerit,</strong></span> <span class='ocrx_word' id='word_1_479' title='bbox 2277 3294 2349 3346; x_wconf 87' lang='lat' dir='ltr'><strong>ita</strong></span> <span class='ocrx_word' id='word_1_480' title='bbox 2377 3303 2435 3346; x_wconf 91' lang='lat' dir='ltr'><strong>ut</strong></span> <span class='ocrx_word' id='word_1_481' title='bbox 2464 3291 2655 3363; x_wconf 85' lang='lat' dir='ltr'><strong>panem</strong></span> <span class='ocrx_word' id='word_1_482' title='bbox 2697 3290 2879 3344; x_wconf 84' lang='lat' dir='ltr'><strong>vivum</strong></span> <span class='ocrx_word' id='word_1_483' title='bbox 2911 3304 2973 3343; x_wconf 91' lang='lat' dir='ltr'><strong>ac</strong></span> <span class='ocrx_word' id='word_1_484' title='bbox 3000 3287 3242 3342; x_wconf 82' lang='lat' dir='ltr'><strong>viviﬁcas</strong></span> 
     </span>
    </p>
   </div>
   <div class='ocr_carea' id='block_1_66' title="bbox 39 3374 1584 3466">
    <p class='ocr_par' dir='ltr' id='par_1_66' title="bbox 39 3374 1584 3466">
     <span class='ocr_line' id='line_1_66' title="bbox 39 3374 1584 3466; baseline -0.008 -17"><span class='ocrx_word' id='word_1_485' title='bbox 39 3374 142 3460; x_wconf 79' lang='grc' dir='ltr'>δίας</span> <span class='ocrx_word' id='word_1_486' title='bbox 168 3414 281 3452; x_wconf 90' lang='grc' dir='ltr'>σου.</span> <span class='ocrx_word' id='word_1_487' title='bbox 308 3394 673 3466; x_wconf 72' lang='grc' dir='ltr'><strong>Κατατρυφᾷν</strong></span> <span class='ocrx_word' id='word_1_488' title='bbox 694 3393 752 3445; x_wconf 74' lang='grc' dir='ltr'>δὲ</span> <span class='ocrx_word' id='word_1_489' title='bbox 776 3389 870 3463; x_wconf 69' lang='grc' dir='ltr'><strong>τοῦ</strong></span> <span class='ocrx_word' id='word_1_490' title='bbox 896 3374 1099 3460; x_wconf 77' lang='grc' dir='ltr'>Κυρίου</span> <span class='ocrx_word' id='word_1_491' title='bbox 1127 3387 1411 3458; x_wconf 76' lang='grc' dir='ltr'>δυνήσετςιι</span> <span class='ocrx_word' id='word_1_492' title='bbox 1432 3385 1460 3436; x_wconf 88' lang='grc' dir='ltr'>ὁ</span> <span class='ocrx_word' id='word_1_493' title='bbox 1484 3384 1584 3454; x_wconf 84' lang='grc' dir='ltr'>τῆς</span> 
     </span>
    </p>
   </div>
   <div class='ocr_carea' id='block_1_67' title="bbox 42 3474 1585 3559">
    <p class='ocr_par' dir='ltr' id='par_1_67' title="bbox 42 3474 1585 3559">
     <span class='ocr_line' id='line_1_67' title="bbox 42 3474 1585 3559; baseline -0.01 -18"><span class='ocrx_word' id='word_1_494' title='bbox 42 3489 200 3559; x_wconf 72' lang='grc' dir='ltr'>ψυχῆς</span> <span class='ocrx_word' id='word_1_495' title='bbox 251 3487 315 3558; x_wconf 75' lang='grc' dir='ltr'>τά</span> <span class='ocrx_word' id='word_1_496' title='bbox 367 3485 717 3557; x_wconf 77' lang='grc' dir='ltr'><strong>αἰσθητήρια</strong></span> <span class='ocrx_word' id='word_1_497' title='bbox 758 3478 1241 3550; x_wconf 82' lang='grc' dir='ltr'>κεκαθαρισμένος,</span> <span class='ocrx_word' id='word_1_498' title='bbox 1292 3476 1368 3540; x_wconf 86' lang='grc' dir='ltr'>ὡς</span> <span class='ocrx_word' id='word_1_499' title='bbox 1426 3474 1585 3528; x_wconf 87' lang='grc' dir='ltr'>δύνα-</span> 
     </span>
    </p>
   </div>
   <div class='ocr_carea' id='block_1_68' title="bbox 44 3563 1582 3644">
    <p class='ocr_par' dir='ltr' id='par_1_68' title="bbox 44 3563 1582 3644">
     <span class='ocr_line' id='line_1_68' title="bbox 44 3563 1582 3644; baseline -0.01 -12"><span class='ocrx_word' id='word_1_500' title='bbox 44 3579 150 3632; x_wconf 85' lang='grc' dir='ltr'>σθαι</span> <span class='ocrx_word' id='word_1_501' title='bbox 170 3578 359 3632; x_wconf 72' lang='grc' dir='ltr'>ἐσθίειν</span> <span class='ocrx_word' id='word_1_502' title='bbox 385 3577 474 3629; x_wconf 81' lang='grc' dir='ltr'><strong>τὸν</strong></span> <span class='ocrx_word' id='word_1_503' title='bbox 495 3574 670 3640; x_wconf 76' lang='grc' dir='ltr'>ζῶντα</span> <span class='ocrx_word' id='word_1_504' title='bbox 691 3571 851 3644; x_wconf 73' lang='grc' dir='ltr'>ἄρτον</span> <span class='ocrx_word' id='word_1_505' title='bbox 876 3571 969 3624; x_wconf 73' lang='grc' dir='ltr'><strong>καὶ</strong></span> <span class='ocrx_word' id='word_1_506' title='bbox 993 3568 1090 3632; x_wconf 71' lang='grc' dir='ltr'><strong>τὰς</strong></span> <span class='ocrx_word' id='word_1_507' title='bbox 1115 3568 1401 3633; x_wconf 74' lang='grc' dir='ltr'>ζωοποιοὺς</span> <span class='ocrx_word' id='word_1_508' title='bbox 1420 3563 1582 3618; x_wconf 74' lang='grc' dir='ltr'>αὐτοῦ</span> 
     </span>
    </p>
   </div>
   <div class='ocr_carea' id='block_1_69' title="bbox 45 3653 1583 3743">
    <p class='ocr_par' dir='ltr' id='par_1_69' title="bbox 45 3653 1583 3743">
     <span class='ocr_line' id='line_1_69' title="bbox 45 3653 1583 3743; baseline -0.012 -17"><span class='ocrx_word' id='word_1_509' title='bbox 45 3674 253 3743; x_wconf 72' lang='grc' dir='ltr'>σάρκας,</span> <span class='ocrx_word' id='word_1_510' title='bbox 280 3670 453 3723; x_wconf 85' lang='grc' dir='ltr'>πίνειν</span> <span class='ocrx_word' id='word_1_511' title='bbox 489 3683 550 3720; x_wconf 84' lang='grc' dir='ltr'>τε</span> <span class='ocrx_word' id='word_1_512' title='bbox 590 3664 651 3718; x_wconf 81' lang='grc' dir='ltr'>τὸ</span> <span class='ocrx_word' id='word_1_513' title='bbox 693 3665 955 3734; x_wconf 87' lang='grc' dir='ltr'><strong>σωτήριον</strong></span> <span class='ocrx_word' id='word_1_514' title='bbox 982 3658 1146 3743; x_wconf 77' lang='grc' dir='ltr'>αὑτοῦ</span> <span class='ocrx_word' id='word_1_515' title='bbox 1178 3653 1334 3729; x_wconf 76' lang='grc' dir='ltr'><strong>αἷμα.</strong></span> <span class='ocrx_word' id='word_1_516' title='bbox 1363 3657 1583 3718; x_wconf 85' lang='grc' dir='ltr'><strong>Τούτοις</strong></span> 
     </span>
    </p>
   </div>
   <div class='ocr_carea' id='block_1_70' title="bbox 42 3740 1583 3835">
    <p class='ocr_par' dir='ltr' id='par_1_70' title="bbox 42 3740 1583 3835">
     <span class='ocr_line' id='line_1_70' title="bbox 42 3740 1583 3835; baseline -0.012 -17"><span class='ocrx_word' id='word_1_517' title='bbox 42 3740 349 3835; x_wconf 69' lang='grc' dir='ltr'>τρεφόμενος</span> <span class='ocrx_word' id='word_1_518' title='bbox 387 3760 483 3815; x_wconf 71' lang='grc' dir='ltr'><strong>καὶ</strong></span> <span class='ocrx_word' id='word_1_519' title='bbox 522 3756 882 3827; x_wconf 84' lang='grc' dir='ltr'>πιαινόμενος,</span> <span class='ocrx_word' id='word_1_520' title='bbox 908 3755 1004 3825; x_wconf 76' lang='grc' dir='ltr'><strong>τῆς</strong></span> <span class='ocrx_word' id='word_1_521' title='bbox 1041 3740 1219 3806; x_wconf 67' lang='grc' dir='ltr'>ἐνθέου</span> <span class='ocrx_word' id='word_1_522' title='bbox 1259 3749 1424 3820; x_wconf 81' lang='grc' dir='ltr'><strong>μέθης</strong></span> <span class='ocrx_word' id='word_1_523' title='bbox 1450 3749 1583 3801; x_wconf 84' lang='grc' dir='ltr'>ἁπο-</span> 
     </span>
    </p>
   </div>
   <div class='ocr_carea' id='block_1_71' title="bbox 44 3838 1582 3918">
    <p class='ocr_par' dir='ltr' id='par_1_71' title="bbox 44 3838 1582 3918">
     <span class='ocr_line' id='line_1_71' title="bbox 44 3838 1582 3918; baseline -0.008 -13"><span class='ocrx_word' id='word_1_524' title='bbox 44 3853 219 3907; x_wconf 85' lang='grc' dir='ltr'>λαύων·</span> <span class='ocrx_word' id='word_1_525' title='bbox 236 3849 704 3918; x_wconf 70' lang='grc' dir='ltr'>Κατατρύφησον</span> <span class='ocrx_word' id='word_1_526' title='bbox 720 3845 822 3899; x_wconf 83' lang='grc' dir='ltr'>τοῦ</span> <span class='ocrx_word' id='word_1_527' title='bbox 834 3842 1074 3912; x_wconf 83' lang='grc' dir='ltr'>Κυρίου,</span> <span class='ocrx_word' id='word_1_528' title='bbox 1103 3840 1197 3917; x_wconf 66' lang='grc' dir='ltr'><strong>καὶ</strong></span> <span class='ocrx_word' id='word_1_529' title='bbox 1210 3838 1382 3892; x_wconf 85' lang='grc' dir='ltr'>δώσει</span> <span class='ocrx_word' id='word_1_530' title='bbox 1400 3853 1495 3890; x_wconf 77' lang='grc' dir='ltr'><strong>σοι</strong></span> <span class='ocrx_word' id='word_1_531' title='bbox 1511 3838 1582 3892; x_wconf 85' lang='grc' dir='ltr'><strong>τὰ</strong></span> 
     </span>
    </p>
   </div>
   <div class='ocr_carea' id='block_1_72' title="bbox 44 3926 1583 4016">
    <p class='ocr_par' dir='ltr' id='par_1_72' title="bbox 44 3926 1583 4016">
     <span class='ocr_line' id='line_1_72' title="bbox 44 3926 1583 4016; baseline -0.014 -14"><span class='ocrx_word' id='word_1_532' title='bbox 44 3945 309 4016; x_wconf 65' lang='grc' dir='ltr'><strong>αἰτήματα</strong></span> <span class='ocrx_word' id='word_1_533' title='bbox 334 3942 445 4012; x_wconf 81' lang='grc' dir='ltr'><strong>τῆς</strong></span> <span class='ocrx_word' id='word_1_534' title='bbox 472 3940 713 4010; x_wconf 78' lang='grc' dir='ltr'><strong>καρδίας</strong></span> <span class='ocrx_word' id='word_1_535' title='bbox 744 3953 877 3993; x_wconf 87' lang='grc' dir='ltr'>σου.</span> <span class='ocrx_word' id='word_1_536' title='bbox 912 3937 1053 4005; x_wconf 81' lang='grc' dir='ltr'><strong>Ἤδη</strong></span> <span class='ocrx_word' id='word_1_537' title='bbox 1081 3934 1177 4005; x_wconf 75' lang='grc' dir='ltr'>μὲν</span> <span class='ocrx_word' id='word_1_538' title='bbox 1205 3932 1311 4002; x_wconf 87' lang='grc' dir='ltr'><strong>γὰρ</strong></span> <span class='ocrx_word' id='word_1_539' title='bbox 1336 3926 1583 3982; x_wconf 77' lang='grc' dir='ltr'>ἐντεῦθεν</span> 
     </span>
    </p>
   </div>
   <div class='ocr_carea' id='block_1_73' title="bbox 45 4020 1578 4109">
    <p class='ocr_par' dir='ltr' id='par_1_73' title="bbox 45 4020 1578 4109">
     <span class='ocr_line' id='line_1_73' title="bbox 45 4020 1578 4109; baseline -0.012 -18"><span class='ocrx_word' id='word_1_540' title='bbox 45 4025 446 4109; x_wconf 72' lang='grc' dir='ltr'>κατατρυφήσει,</span> <span class='ocrx_word' id='word_1_541' title='bbox 480 4032 738 4101; x_wconf 69' lang='grc' dir='ltr'>ἐθελήσας</span> <span class='ocrx_word' id='word_1_542' title='bbox 786 4046 843 4081; x_wconf 87' lang='grc' dir='ltr'>σε</span> <span class='ocrx_word' id='word_1_543' title='bbox 890 4027 1051 4081; x_wconf 80' lang='grc' dir='ltr'>αὑτὸν</span> <span class='ocrx_word' id='word_1_544' title='bbox 1103 4023 1372 4079; x_wconf 73' lang='grc' dir='ltr'>ἐπιδοῦναι</span> <span class='ocrx_word' id='word_1_545' title='bbox 1414 4020 1578 4090; x_wconf 81' lang='grc' dir='ltr'><strong>αὐτῷ.</strong></span> 
     </span>
    </p>
   </div>
   <div class='ocr_carea' id='block_1_74' title="bbox 45 4110 1635 4191">
    <p class='ocr_par' dir='ltr' id='par_1_74' title="bbox 45 4110 1635 4191">
     <span class='ocr_line' id='line_1_74' title="bbox 45 4110 1635 4191; baseline -0.011 -10"><span class='ocrx_word' id='word_1_546' title='bbox 45 4127 175 4181; x_wconf 68' lang='lat' dir='ltr'><strong>Aius</strong></span> <span class='ocrx_word' id='word_1_547' title='bbox 223 4127 278 4180; x_wconf 81' lang='grc' dir='ltr'>δὲ</span> <span class='ocrx_word' id='word_1_548' title='bbox 329 4125 490 4178; x_wconf 81' lang='grc' dir='ltr'>αὐτὸν</span> <span class='ocrx_word' id='word_1_549' title='bbox 530 4124 621 4176; x_wconf 73' lang='grc' dir='ltr'><strong>καὶ</strong></span> <span class='ocrx_word' id='word_1_550' title='bbox 646 4120 714 4173; x_wconf 78' lang='grc' dir='ltr'>τὰ</span> <span class='ocrx_word' id='word_1_551' title='bbox 747 4118 1026 4191; x_wconf 77' lang='grc' dir='ltr'>μέλλοντα,</span> <span class='ocrx_word' id='word_1_552' title='bbox 1057 4110 1134 4178; x_wconf 81' lang='grc' dir='ltr'><strong>ὧν</strong></span> <span class='ocrx_word' id='word_1_553' title='bbox 1162 4116 1461 4187; x_wconf 74' lang='grc' dir='ltr'>προσδοκᾷς</span> <span class='ocrx_word' id='word_1_554' title='bbox 1485 4113 1583 4182; x_wconf 80' lang='grc' dir='ltr'><strong>τὴν</strong></span> <span class='ocrx_word' id='word_1_555' title='bbox 1632 4184 1635 4187; x_wconf 6' lang='grc' dir='ltr'>ἱ</span> 
     </span>
    </p>
   </div>
   <div class='ocr_carea' id='block_1_75' title="bbox 1685 3381 3243 3459">
    <p class='ocr_par' dir='ltr' id='par_1_75' title="bbox 1685 3381 3243 3459">
     <span class='ocr_line' id='line_1_75' title="bbox 1685 3381 3243 3459; baseline -0.009 -13"><span class='ocrx_word' id='word_1_556' title='bbox 1685 3407 1879 3447; x_wconf 86' lang='lat' dir='ltr'><strong>carnes</strong></span> <span class='ocrx_word' id='word_1_557' title='bbox 1909 3390 2028 3459; x_wconf 87' lang='lat' dir='ltr'><strong>ejus</strong></span> <span class='ocrx_word' id='word_1_558' title='bbox 2061 3388 2220 3444; x_wconf 88' lang='lat' dir='ltr'><strong>edere</strong></span> <span class='ocrx_word' id='word_1_559' title='bbox 2249 3385 2441 3456; x_wconf 86' lang='lat' dir='ltr'><strong>possit,</strong></span> <span class='ocrx_word' id='word_1_560' title='bbox 2472 3400 2535 3439; x_wconf 90' lang='lat' dir='ltr'><strong>ac</strong></span> <span class='ocrx_word' id='word_1_561' title='bbox 2578 3383 2871 3437; x_wconf 87' lang='lat' dir='ltr'><strong>salutarem</strong></span> <span class='ocrx_word' id='word_1_562' title='bbox 2912 3381 3029 3448; x_wconf 85' lang='lat' dir='ltr'><strong>ejus</strong></span> <span class='ocrx_word' id='word_1_563' title='bbox 3060 3381 3243 3433; x_wconf 89' lang='lat' dir='ltr'><strong>bibere</strong></span> 
     </span>
    </p>
   </div>
   <div class='ocr_carea' id='block_1_76' title="bbox 1686 3467 3242 3550">
    <p class='ocr_par' dir='ltr' id='par_1_76' title="bbox 1686 3467 3242 3550">
     <span class='ocr_line' id='line_1_76' title="bbox 1686 3467 3242 3550; baseline -0.01 -15"><span class='ocrx_word' id='word_1_564' title='bbox 1686 3468 2022 3550; x_wconf 77' lang='lat' dir='ltr'><strong>sanguinem.</strong></span> <span class='ocrx_word' id='word_1_565' title='bbox 2056 3476 2150 3532; x_wconf 83' lang='lat' dir='ltr'><strong>llis</strong></span> <span class='ocrx_word' id='word_1_566' title='bbox 2196 3467 2466 3531; x_wconf 86' lang='lat' dir='ltr'><strong>enutritus</strong></span> <span class='ocrx_word' id='word_1_567' title='bbox 2514 3480 2567 3527; x_wconf 90' lang='lat' dir='ltr'><strong>et</strong></span> <span class='ocrx_word' id='word_1_568' title='bbox 2620 3472 3007 3545; x_wconf 82' lang='lat' dir='ltr'><strong>impinguatus,</strong></span> <span class='ocrx_word' id='word_1_569' title='bbox 3060 3468 3242 3522; x_wconf 84' lang='lat' dir='ltr'><strong>divina</strong></span> 
     </span>
    </p>
   </div>
   <div class='ocr_carea' id='block_1_77' title="bbox 1684 3556 3243 3624">
    <p class='ocr_par' dir='ltr' id='par_1_77' title="bbox 1684 3556 3243 3624">
     <span class='ocr_line' id='line_1_77' title="bbox 1684 3556 3243 3624; baseline -0.007 -1"><span class='ocrx_word' id='word_1_570' title='bbox 1684 3570 1870 3624; x_wconf 76' lang='lat' dir='ltr'><strong>fruens</strong></span> <span class='ocrx_word' id='word_1_571' title='bbox 1898 3570 2159 3623; x_wconf 85' lang='lat' dir='ltr'><strong>ebrietate</strong></span> <span class='ocrx_word' id='word_1_572' title='bbox 2192 3586 2204 3619; x_wconf 93' lang='lat'>:</span> <span class='ocrx_word' id='word_1_573' title='bbox 2236 3565 2505 3618; x_wconf 80' lang='lat' dir='ltr'><strong>Delectare</strong></span> <span class='ocrx_word' id='word_1_574' title='bbox 2534 3563 2589 3615; x_wconf 86' lang='lat' dir='ltr'><strong>in</strong></span> <span class='ocrx_word' id='word_1_575' title='bbox 2620 3560 2864 3622; x_wconf 89' lang='lat' dir='ltr'><strong>Domino,</strong></span> <span class='ocrx_word' id='word_1_576' title='bbox 2896 3568 2944 3612; x_wconf 90' lang='lat' dir='ltr'><strong>et</strong></span> <span class='ocrx_word' id='word_1_577' title='bbox 2970 3557 3118 3610; x_wconf 83' lang='lat' dir='ltr'><strong>dabit</strong></span> <span class='ocrx_word' id='word_1_578' title='bbox 3141 3556 3243 3612; x_wconf 82' lang='lat' dir='ltr'><strong>tibi</strong></span> 
     </span>
    </p>
   </div>
   <div class='ocr_carea' id='block_1_78' title="bbox 1684 3648 3243 3729">
    <p class='ocr_par' dir='ltr' id='par_1_78' title="bbox 1684 3648 3243 3729">
     <span class='ocr_line' id='line_1_78' title="bbox 1684 3648 3243 3729; baseline -0.009 -16"><span class='ocrx_word' id='word_1_579' title='bbox 1684 3660 1953 3729; x_wconf 82' lang='lat' dir='ltr'><strong>petitiones</strong></span> <span class='ocrx_word' id='word_1_580' title='bbox 1978 3656 2162 3710; x_wconf 85' lang='lat' dir='ltr'><strong>cordis.</strong></span> <span class='ocrx_word' id='word_1_581' title='bbox 2189 3655 2285 3710; x_wconf 89' lang='lat' dir='ltr'><strong>tui.</strong></span> <span class='ocrx_word' id='word_1_582' title='bbox 2317 3652 2434 3707; x_wconf 82' lang='lat' dir='ltr'><strong>Jam</strong></span> <span class='ocrx_word' id='word_1_583' title='bbox 2461 3652 2604 3707; x_wconf 88' lang='lat' dir='ltr'><strong>enim</strong></span> <span class='ocrx_word' id='word_1_584' title='bbox 2648 3651 2738 3705; x_wconf 89' lang='lat' dir='ltr'><strong>ille</strong></span> <span class='ocrx_word' id='word_1_585' title='bbox 2764 3663 2986 3719; x_wconf 85' lang='lat' dir='ltr'><strong>quoque</strong></span> <span class='ocrx_word' id='word_1_586' title='bbox 3011 3648 3243 3702; x_wconf 90' lang='lat' dir='ltr'><strong>delecta-</strong></span> 
     </span>
    </p>
   </div>
   <div class='ocr_carea' id='block_1_79' title="bbox 1685 3739 3242 3820">
    <p class='ocr_par' dir='ltr' id='par_1_79' title="bbox 1685 3739 3242 3820">
     <span class='ocr_line' id='line_1_79' title="bbox 1685 3739 3242 3820; baseline -0.011 -13"><span class='ocrx_word' id='word_1_587' title='bbox 1685 3752 1850 3813; x_wconf 87' lang='lat' dir='ltr'><strong>bitur,</strong></span> <span class='ocrx_word' id='word_1_588' title='bbox 1876 3748 2019 3820; x_wconf 86' lang='lat' dir='ltr'><strong>quod</strong></span> <span class='ocrx_word' id='word_1_589' title='bbox 2044 3747 2323 3819; x_wconf 87' lang='lat' dir='ltr'><strong>percupiat</strong></span> <span class='ocrx_word' id='word_1_590' title='bbox 2356 3753 2414 3799; x_wconf 92' lang='lat' dir='ltr'><strong>ut</strong></span> <span class='ocrx_word' id='word_1_591' title='bbox 2440 3744 2541 3814; x_wconf 88' lang='lat' dir='ltr'><strong>ipsi</strong></span> <span class='ocrx_word' id='word_1_592' title='bbox 2568 3750 2621 3797; x_wconf 85' lang='lat' dir='ltr'><strong>te</strong></span> <span class='ocrx_word' id='word_1_593' title='bbox 2645 3741 2830 3797; x_wconf 88' lang='lat' dir='ltr'><strong>dedas.</strong></span> <span class='ocrx_word' id='word_1_594' title='bbox 2861 3739 3079 3795; x_wconf 76' lang='lat' dir='ltr'><strong>Postilla</strong></span> <span class='ocrx_word' id='word_1_595' title='bbox 3114 3739 3242 3791; x_wconf 86' lang='lat' dir='ltr'><strong>item</strong></span> 
     </span>
    </p>
   </div>
   <div class='ocr_carea' id='block_1_80' title="bbox 1686 3831 3238 3908">
    <p class='ocr_par' dir='ltr' id='par_1_80' title="bbox 1686 3831 3238 3908">
     <span class='ocr_line' id='line_1_80' title="bbox 1686 3831 3238 3908; baseline -0.007 -13"><span class='ocrx_word' id='word_1_596' title='bbox 1686 3842 1755 3896; x_wconf 92' lang='lat' dir='ltr'><strong>ab</strong></span> <span class='ocrx_word' id='word_1_597' title='bbox 1799 3857 1864 3896; x_wconf 91' lang='lat' dir='ltr'><strong>eo</strong></span> <span class='ocrx_word' id='word_1_598' title='bbox 1918 3848 1976 3893; x_wconf 92' lang='lat' dir='ltr'><strong>ut</strong></span> <span class='ocrx_word' id='word_1_599' title='bbox 2022 3854 2085 3895; x_wconf 87' lang='lat' dir='ltr'><strong>ea</strong></span> <span class='ocrx_word' id='word_1_600' title='bbox 2129 3836 2250 3908; x_wconf 61' lang='lat' dir='ltr'><strong>quas</strong></span> <span class='ocrx_word' id='word_1_601' title='bbox 2278 3837 2460 3891; x_wconf 80' lang='lat' dir='ltr'><strong>futura</strong></span> <span class='ocrx_word' id='word_1_602' title='bbox 2493 3841 2779 3904; x_wconf 80' lang='lat' dir='ltr'><strong>exspectas</strong></span> <span class='ocrx_word' id='word_1_603' title='bbox 2809 3833 2949 3887; x_wconf 89' lang='lat' dir='ltr'><strong>dona</strong></span> <span class='ocrx_word' id='word_1_604' title='bbox 2986 3831 3238 3900; x_wconf 90' lang='lat' dir='ltr'><strong>:ccipias.</strong></span> 
     </span>
    </p>
   </div>
   <div class='ocr_carea' id='block_1_81' title="bbox 1684 3922 3250 4002">
    <p class='ocr_par' dir='ltr' id='par_1_81' title="bbox 1684 3922 3250 4002">
     <span class='ocr_line' id='line_1_81' title="bbox 1684 3922 3250 4002; baseline -0.007 -16"><span class='ocrx_word' id='word_1_605' title='bbox 1684 3931 1817 3986; x_wconf 86' lang='lat' dir='ltr'><strong>Nam</strong></span> <span class='ocrx_word' id='word_1_606' title='bbox 1856 3932 1946 4002; x_wconf 89' lang='lat' dir='ltr'><strong>qui</strong></span> <span class='ocrx_word' id='word_1_607' title='bbox 1977 3924 2261 4002; x_wconf 70' lang='lat' dir='ltr'><strong>praesentia</strong></span> <span class='ocrx_word' id='word_1_608' title='bbox 2296 3928 2495 3984; x_wconf 71' lang='lat' dir='ltr'><strong>aii‘atim</strong></span> <span class='ocrx_word' id='word_1_609' title='bbox 2519 3927 2780 3995; x_wconf 83' lang='lat' dir='ltr'><strong>elargitus</strong></span> <span class='ocrx_word' id='word_1_610' title='bbox 2811 3932 2913 3989; x_wconf 82' lang='lat' dir='ltr'><strong>est,</strong></span> <span class='ocrx_word' id='word_1_611' title='bbox 2942 3938 3005 3977; x_wconf 88' lang='lat' dir='ltr'><strong>ea</strong></span> <span class='ocrx_word' id='word_1_612' title='bbox 3030 3922 3250 3977; x_wconf 83' lang='lat' dir='ltr'><strong>obtine-</strong></span> 
     </span>
    </p>
   </div>
   <div class='ocr_carea' id='block_1_82' title="bbox 1648 4014 3245 4095">
    <p class='ocr_par' dir='ltr' id='par_1_82' title="bbox 1648 4014 3245 4095">
     <span class='ocr_line' id='line_1_82' title="bbox 1648 4014 3245 4095; baseline -0.008 -17"><span class='ocrx_word' id='word_1_613' title='bbox 1648 4034 1651 4035; x_wconf 69' lang='lat'><strong><em>&#39;</em></strong></span> <span class='ocrx_word' id='word_1_614' title='bbox 1685 4025 1763 4078; x_wconf 89' lang='lat' dir='ltr'><strong>bit</strong></span> <span class='ocrx_word' id='word_1_615' title='bbox 1803 4039 1922 4095; x_wconf 73' lang='lat' dir='ltr'><strong>quae</strong></span> <span class='ocrx_word' id='word_1_616' title='bbox 1967 4040 2057 4077; x_wconf 88' lang='lat' dir='ltr'><strong>nec</strong></span> <span class='ocrx_word' id='word_1_617' title='bbox 2105 4022 2285 4077; x_wconf 83' lang='lat' dir='ltr'><strong>oculus</strong></span> <span class='ocrx_word' id='word_1_618' title='bbox 2315 4020 2464 4084; x_wconf 81' lang='lat' dir='ltr'><strong>vidit,</strong></span> <span class='ocrx_word' id='word_1_619' title='bbox 2498 4035 2587 4073; x_wconf 89' lang='lat' dir='ltr'><strong>nec</strong></span> <span class='ocrx_word' id='word_1_620' title='bbox 2638 4018 2783 4072; x_wconf 87' lang='lat' dir='ltr'><strong>auris</strong></span> <span class='ocrx_word' id='word_1_621' title='bbox 2817 4016 3035 4090; x_wconf 71' lang='lat' dir='ltr'><strong>audiuit,</strong></span> <span class='ocrx_word' id='word_1_622' title='bbox 3070 4029 3160 4067; x_wconf 87' lang='lat' dir='ltr'><strong>nec</strong></span> <span class='ocrx_word' id='word_1_623' title='bbox 3187 4014 3245 4066; x_wconf 78' lang='lat' dir='ltr'><strong>in</strong></span> 
     </span>
    </p>
   </div>
   <div class='ocr_carea' id='block_1_83' title="bbox 1688 4113 2446 4172">
    <p class='ocr_par' dir='ltr' id='par_1_83' title="bbox 1688 4113 2446 4172">
     <span class='ocr_line' id='line_1_83' title="bbox 1688 4113 2446 4172; baseline -0.005 -3"><span class='ocrx_word' id='word_1_624' title='bbox 1688 4133 1777 4172; x_wconf 86' lang='lat' dir='ltr'><strong>cor</strong></span> <span class='ocrx_word' id='word_1_625' title='bbox 1805 4116 2098 4170; x_wconf 87' lang='lat' dir='ltr'><strong>hominibus</strong></span> <span class='ocrx_word' id='word_1_626' title='bbox 2130 4114 2363 4169; x_wconf 84' lang='lat' dir='ltr'><strong>ascendit</strong></span> <span class='ocrx_word' id='word_1_627' title='bbox 2380 4113 2446 4165; x_wconf 81' lang='grc'><strong>⁶⁹.</strong></span> 
     </span>
    </p>
   </div>
   <div class='ocr_carea' id='block_1_84' title="bbox 45 4191 3243 4290">
    <p class='ocr_par' dir='ltr' id='par_1_84' title="bbox 45 4191 3243 4290">
     <span class='ocr_line' id='line_1_84' title="bbox 45 4191 3243 4290; baseline 0 -25"><span class='ocrx_word' id='word_1_628' title='bbox 45 4221 203 4290; x_wconf 68' lang='grc' dir='ltr'>λῆψιν,</span> <span class='ocrx_word' id='word_1_629' title='bbox 247 4225 305 4275; x_wconf 86' lang='grc' dir='ltr'><strong>ὐ</strong></span> <span class='ocrx_word' id='word_1_630' title='bbox 350 4218 461 4290; x_wconf 73' lang='grc' dir='ltr'><strong>γὰρ</strong></span> <span class='ocrx_word' id='word_1_631' title='bbox 498 4218 566 4271; x_wconf 78' lang='grc' dir='ltr'>τὰ</span> <span class='ocrx_word' id='word_1_632' title='bbox 590 4215 828 4286; x_wconf 84' lang='grc' dir='ltr'>παρόντα</span> <span class='ocrx_word' id='word_1_633' title='bbox 860 4212 1101 4274; x_wconf 82' lang='grc' dir='ltr'>δεδωκὼς</span> <span class='ocrx_word' id='word_1_634' title='bbox 1134 4210 1377 4280; x_wconf 73' lang='grc' dir='ltr'>ἀφθόνως</span> <span class='ocrx_word' id='word_1_635' title='bbox 1437 4208 1734 4280; x_wconf 86' lang='grc' dir='ltr'><strong>δωρήσεται</strong></span> <span class='ocrx_word' id='word_1_636' title='bbox 1789 4193 1896 4267; x_wconf 75' lang='grc' dir='ltr'><strong>¹καί</strong></span> <span class='ocrx_word' id='word_1_637' title='bbox 1935 4210 1969 4264; x_wconf 78' lang='grc' dir='ltr'>ἃ</span> <span class='ocrx_word' id='word_1_638' title='bbox 2012 4208 2314 4280; x_wconf 64' lang='grc' dir='ltr'>ὀφθαλμὸς</span> <span class='ocrx_word' id='word_1_639' title='bbox 2349 4208 2457 4260; x_wconf 82' lang='grc' dir='ltr'><strong>οὐκ</strong></span> <span class='ocrx_word' id='word_1_640' title='bbox 2519 4191 2695 4267; x_wconf 72' lang='grc' dir='ltr'><strong>εἶδεν,</strong></span> <span class='ocrx_word' id='word_1_641' title='bbox 2722 4200 2861 4255; x_wconf 74' lang='grc' dir='ltr'><strong>οὐδὲ</strong></span> <span class='ocrx_word' id='word_1_642' title='bbox 2894 4194 3000 4263; x_wconf 81' lang='grc' dir='ltr'>οὖς</span> <span class='ocrx_word' id='word_1_643' title='bbox 3060 4195 3243 4265; x_wconf 77' lang='grc' dir='ltr'><strong>ἧκον·</strong></span> 
     </span>
    </p>
   </div>
   <div class='ocr_carea' id='block_1_85' title="bbox 47 4303 1256 4380">
    <p class='ocr_par' dir='ltr' id='par_1_85' title="bbox 47 4303 1256 4380">
     <span class='ocr_line' id='line_1_85' title="bbox 47 4303 1256 4380; baseline -0.008 -14"><span class='ocrx_word' id='word_1_644' title='bbox 47 4330 164 4380; x_wconf 72' lang='lat' dir='ltr'><strong>cer,</strong></span> <span class='ocrx_word' id='word_1_645' title='bbox 188 4312 307 4368; x_wconf 73' lang='grc' dir='ltr'><strong>οὐδ’</strong></span> <span class='ocrx_word' id='word_1_646' title='bbox 320 4312 418 4365; x_wconf 77' lang='grc' dir='ltr'><strong>ἐπὶ</strong></span> <span class='ocrx_word' id='word_1_647' title='bbox 446 4308 692 4377; x_wconf 80' lang='grc' dir='ltr'>καρδίαν</span> <span class='ocrx_word' id='word_1_648' title='bbox 717 4303 1027 4373; x_wconf 77' lang='grc' dir='ltr'>ἀνθρώπου</span> <span class='ocrx_word' id='word_1_649' title='bbox 1059 4304 1256 4371; x_wconf 74' lang='grc' dir='ltr'><strong>ἀνέϐη.</strong></span> 
     </span>
    </p>
   </div>
   <div class='ocr_carea' id='block_1_86' title="bbox 119 4393 1643 4473">
    <p class='ocr_par' dir='ltr' id='par_1_86' title="bbox 119 4393 1643 4473">
     <span class='ocr_line' id='line_1_86' title="bbox 119 4393 1643 4473; baseline -0.008 -16"><span class='ocrx_word' id='word_1_650' title='bbox 119 4403 323 4457; x_wconf 78' lang='grc' dir='ltr'><strong>’Δντὶδὲ</strong></span> <span class='ocrx_word' id='word_1_651' title='bbox 350 4398 468 4465; x_wconf 77' lang='grc' dir='ltr'>τοῦ,</span> <span class='ocrx_word' id='word_1_652' title='bbox 507 4396 846 4473; x_wconf 73' lang='grc' dir='ltr'>Ὺποτάγηθι</span> <span class='ocrx_word' id='word_1_653' title='bbox 874 4394 955 4459; x_wconf 85' lang='grc' dir='ltr'><strong>τῷ</strong></span> <span class='ocrx_word' id='word_1_654' title='bbox 994 4397 1204 4461; x_wconf 79' lang='grc' dir='ltr'>Κυρίῳ.</span> <span class='ocrx_word' id='word_1_655' title='bbox 1238 4396 1334 4450; x_wconf 62' lang='grc' dir='ltr'><strong>καλ</strong></span> <span class='ocrx_word' id='word_1_656' title='bbox 1364 4393 1585 4447; x_wconf 80' lang='grc' dir='ltr'>ίκέτευ-</span> <span class='ocrx_word' id='word_1_657' title='bbox 1637 4421 1643 4427; x_wconf 83' lang='lat'><strong><em>~</em></strong></span> 
     </span>
    </p>
   </div>
   <div class='ocr_carea' id='block_1_87' title="bbox 49 4484 1584 4563">
    <p class='ocr_par' dir='ltr' id='par_1_87' title="bbox 49 4484 1584 4563">
     <span class='ocr_line' id='line_1_87' title="bbox 49 4484 1584 4563; baseline -0.007 -15"><span class='ocrx_word' id='word_1_658' title='bbox 49 4513 150 4561; x_wconf 73' lang='grc' dir='ltr'>σον</span> <span class='ocrx_word' id='word_1_659' title='bbox 176 4488 377 4557; x_wconf 78' lang='grc' dir='ltr'>αὐτὸν,</span> <span class='ocrx_word' id='word_1_660' title='bbox 423 4495 453 4545; x_wconf 87' lang='grc' dir='ltr'>ὁ</span> <span class='ocrx_word' id='word_1_661' title='bbox 497 4490 723 4552; x_wconf 84' lang='grc' dir='ltr'>Ἀκύλας</span> <span class='ocrx_word' id='word_1_662' title='bbox 748 4486 914 4559; x_wconf 75' lang='grc' dir='ltr'>φησί·</span> <span class='ocrx_word' id='word_1_663' title='bbox 950 4484 1219 4563; x_wconf 32' lang='grc' dir='ltr'>Σίτησον-</span> <span class='ocrx_word' id='word_1_664' title='bbox 1252 4486 1332 4550; x_wconf 81' lang='grc' dir='ltr'><strong>τῷ</strong></span> <span class='ocrx_word' id='word_1_665' title='bbox 1376 4487 1584 4552; x_wconf 83' lang='grc' dir='ltr'>Κυρίῳ,</span> 
     </span>
    </p>
   </div>
   <div class='ocr_carea' id='block_1_88' title="bbox 1761 4382 3239 4453">
    <p class='ocr_par' dir='ltr' id='par_1_88' title="bbox 1761 4382 3239 4453">
     <span class='ocr_line' id='line_1_88' title="bbox 1761 4382 3239 4453; baseline -0.01 -7"><span class='ocrx_word' id='word_1_666' title='bbox 1761 4390 1866 4446; x_wconf 87' lang='lat' dir='ltr'><strong>Pro</strong></span> <span class='ocrx_word' id='word_1_667' title='bbox 1895 4406 1959 4445; x_wconf 90' lang='lat' dir='ltr'><strong>eo</strong></span> <span class='ocrx_word' id='word_1_668' title='bbox 1988 4399 2191 4453; x_wconf 87' lang='lat' dir='ltr'><strong>autem,</strong></span> <span class='ocrx_word' id='word_1_669' title='bbox 2221 4388 2471 4444; x_wconf 81' lang='lat' dir='ltr'><strong>Subditus</strong></span> <span class='ocrx_word' id='word_1_670' title='bbox 2501 4391 2611 4438; x_wconf 86' lang='lat' dir='ltr'><strong>esto</strong></span> <span class='ocrx_word' id='word_1_671' title='bbox 2638 4382 2885 4443; x_wconf 87' lang='lat' dir='ltr'><strong>Domino,</strong></span> <span class='ocrx_word' id='word_1_672' title='bbox 2910 4392 2954 4433; x_wconf 85' lang='lat' dir='ltr'><strong>et</strong></span> <span class='ocrx_word' id='word_1_673' title='bbox 2988 4396 3081 4433; x_wconf 91' lang='lat' dir='ltr'><strong>ora</strong></span> <span class='ocrx_word' id='word_1_674' title='bbox 3102 4396 3239 4444; x_wconf 86' lang='lat' dir='ltr'><strong>eum,</strong></span> 
     </span>
    </p>
   </div>
   <div class='ocr_carea' id='block_1_89' title="bbox 1695 4464 3243 4553">
    <p class='ocr_par' dir='ltr' id='par_1_89' title="bbox 1695 4464 3243 4553">
     <span class='ocr_line' id='line_1_89' title="bbox 1695 4464 3243 4553; baseline -0.009 -16"><span class='ocrx_word' id='word_1_675' title='bbox 1695 4484 1885 4553; x_wconf 83' lang='lat' dir='ltr'><strong>Aquila</strong></span> <span class='ocrx_word' id='word_1_676' title='bbox 1910 4483 2004 4545; x_wconf 85' lang='lat' dir='ltr'><strong>ait,</strong></span> <span class='ocrx_word' id='word_1_677' title='bbox 2032 4480 2140 4535; x_wconf 82' lang='lat' dir='ltr'><strong>Sile</strong></span> <span class='ocrx_word' id='word_1_678' title='bbox 2178 4480 2419 4539; x_wconf 87' lang='lat' dir='ltr'><strong>Domino,</strong></span> <span class='ocrx_word' id='word_1_679' title='bbox 2453 4485 2501 4529; x_wconf 87' lang='lat' dir='ltr'><strong>et</strong></span> <span class='ocrx_word' id='word_1_680' title='bbox 2533 4482 2773 4541; x_wconf 77' lang='lat' dir='ltr'><strong>exspecta</strong></span> <span class='ocrx_word' id='word_1_681' title='bbox 2810 4487 2961 4536; x_wconf 86' lang='lat' dir='ltr'><strong>eum;</strong></span> <span class='ocrx_word' id='word_1_682' title='bbox 2994 4464 3243 4542; x_wconf 80' lang='lat' dir='ltr'><strong>Symma-</strong></span> 
     </span>
    </p>
   </div>
   <div class='ocr_carea' id='block_1_90' title="bbox 52 4560 1586 4652">
    <p class='ocr_par' dir='ltr' id='par_1_90' title="bbox 52 4560 1586 4652">
     <span class='ocr_line' id='line_1_90' title="bbox 52 4560 1586 4652; baseline -0.011 -10"><span class='ocrx_word' id='word_1_683' title='bbox 52 4589 135 4640; x_wconf 76' lang='lat' dir='ltr'><strong>mi</strong></span> <span class='ocrx_word' id='word_1_684' title='bbox 156 4579 592 4652; x_wconf 67' lang='grc' dir='ltr'>ἀποκαραδόκει</span> <span class='ocrx_word' id='word_1_685' title='bbox 622 4578 834 4632; x_wconf 73' lang='grc' dir='ltr'>αὐτόν’</span> <span class='ocrx_word' id='word_1_686' title='bbox 889 4577 917 4628; x_wconf 89' lang='grc' dir='ltr'>ὁ</span> <span class='ocrx_word' id='word_1_687' title='bbox 950 4574 1006 4630; x_wconf 78' lang='grc' dir='ltr'>δὲ</span> <span class='ocrx_word' id='word_1_688' title='bbox 1046 4560 1373 4645; x_wconf 61' lang='grc' dir='ltr'>Συμμάχοςα</span> <span class='ocrx_word' id='word_1_689' title='bbox 1421 4574 1586 4627; x_wconf 64' lang='grc' dir='ltr'>Ἠσιτ-</span> 
     </span>
    </p>
   </div>
   <div class='ocr_carea' id='block_1_91' title="bbox 1682 4560 3247 4652">
    <p class='ocr_par' dir='ltr' id='par_1_91' title="bbox 1692 4560 3247 4639">
     <span class='ocr_line' id='line_1_91' title="bbox 1692 4560 3247 4639; baseline -0.011 -9"><span class='ocrx_word' id='word_1_690' title='bbox 1692 4578 1827 4629; x_wconf 83' lang='lat' dir='ltr'><strong>cbus</strong></span> <span class='ocrx_word' id='word_1_691' title='bbox 1858 4589 2002 4639; x_wconf 87' lang='lat' dir='ltr'><strong>vero,</strong></span> <span class='ocrx_word' id='word_1_692' title='bbox 2038 4572 2252 4637; x_wconf 81' lang='lat' dir='ltr'><strong>Quiesce</strong></span> <span class='ocrx_word' id='word_1_693' title='bbox 2275 4566 2520 4627; x_wconf 88' lang='lat' dir='ltr'><strong>Domino,</strong></span> <span class='ocrx_word' id='word_1_694' title='bbox 2550 4574 2597 4618; x_wconf 88' lang='lat' dir='ltr'><strong>et</strong></span> <span class='ocrx_word' id='word_1_695' title='bbox 2628 4564 2860 4631; x_wconf 79' lang='lat' dir='ltr'><strong>supplicn</strong></span> <span class='ocrx_word' id='word_1_696' title='bbox 2885 4564 3002 4631; x_wconf 84' lang='lat' dir='ltr'><strong>ipsi.</strong></span> <span class='ocrx_word' id='word_1_697' title='bbox 3062 4560 3247 4615; x_wconf 78' lang='lat' dir='ltr'><strong>Enim-</strong></span> 
     </span>
    </p>
   </div>
   <div class='ocr_carea' id='block_1_92' title="bbox 53 4656 1591 4746">
    <p class='ocr_par' dir='ltr' id='par_1_92' title="bbox 53 4656 1591 4746">
     <span class='ocr_line' id='line_1_92' title="bbox 53 4656 1591 4746; baseline -0.011 -12"><span class='ocrx_word' id='word_1_698' title='bbox 53 4678 169 4746; x_wconf 81' lang='grc' dir='ltr'>χαζε</span> <span class='ocrx_word' id='word_1_699' title='bbox 198 4677 276 4744; x_wconf 83' lang='grc' dir='ltr'><strong>τῷ</strong></span> <span class='ocrx_word' id='word_1_700' title='bbox 302 4676 515 4743; x_wconf 80' lang='grc' dir='ltr'>Κυρίῳ,</span> <span class='ocrx_word' id='word_1_701' title='bbox 545 4672 640 4726; x_wconf 77' lang='grc' dir='ltr'><strong>καὶ</strong></span> <span class='ocrx_word' id='word_1_702' title='bbox 676 4670 897 4725; x_wconf 80' lang='grc' dir='ltr'>ίκέτευε</span> <span class='ocrx_word' id='word_1_703' title='bbox 921 4666 1097 4743; x_wconf 80' lang='grc' dir='ltr'><strong>αὐτῷ.</strong></span> <span class='ocrx_word' id='word_1_704' title='bbox 1140 4665 1220 4731; x_wconf 85' lang='grc' dir='ltr'><strong>Τὰ</strong></span> <span class='ocrx_word' id='word_1_705' title='bbox 1252 4656 1359 4738; x_wconf 81' lang='grc' dir='ltr'><strong>γὰρ</strong></span> <span class='ocrx_word' id='word_1_706' title='bbox 1396 4667 1591 4737; x_wconf 83' lang='grc' dir='ltr'>προλε-</span> 
     </span>
    </p>
   </div>
   <div class='ocr_carea' id='block_1_93' title="bbox 52 4757 1589 4842">
    <p class='ocr_par' dir='ltr' id='par_1_93' title="bbox 52 4757 1589 4842">
     <span class='ocr_line' id='line_1_93' title="bbox 52 4757 1589 4842; baseline -0.006 -21"><span class='ocrx_word' id='word_1_707' title='bbox 52 4772 225 4839; x_wconf 78' lang='grc' dir='ltr'>χθέντα</span> <span class='ocrx_word' id='word_1_708' title='bbox 251 4771 576 4842; x_wconf 85' lang='grc' dir='ltr'>πράττοντα,</span> <span class='ocrx_word' id='word_1_709' title='bbox 600 4766 692 4819; x_wconf 74' lang='grc' dir='ltr'>καὶ</span> <span class='ocrx_word' id='word_1_710' title='bbox 712 4765 802 4817; x_wconf 73' lang='grc' dir='ltr'><strong>ἐπὶ</strong></span> <span class='ocrx_word' id='word_1_711' title='bbox 825 4765 932 4825; x_wconf 82' lang='grc' dir='ltr'>τοῖς</span> <span class='ocrx_word' id='word_1_712' title='bbox 955 4759 1259 4842; x_wconf 73' lang='grc' dir='ltr'>εἰρημένοις</span> <span class='ocrx_word' id='word_1_713' title='bbox 1286 4757 1589 4835; x_wconf 68' lang='grc' dir='ltr'>ἐλπίζοντα,</span> 
     </span>
    </p>
   </div>
   <div class='ocr_carea' id='block_1_94' title="bbox 53 4829 1595 4933">
    <p class='ocr_par' dir='ltr' id='par_1_94' title="bbox 53 4829 1595 4933">
     <span class='ocr_line' id='line_1_94' title="bbox 53 4829 1595 4933; baseline -0.008 -19"><span class='ocrx_word' id='word_1_714' title='bbox 53 4864 317 4932; x_wconf 76' lang='grc' dir='ltr'>ἡσυχάζειν</span> <span class='ocrx_word' id='word_1_715' title='bbox 351 4864 613 4933; x_wconf 80' lang='grc' dir='ltr'>προσήκει</span> <span class='ocrx_word' id='word_1_716' title='bbox 649 4858 785 4921; x_wconf 84' lang='grc' dir='ltr'>τέως</span> <span class='ocrx_word' id='word_1_717' title='bbox 828 4858 885 4909; x_wconf 82' lang='grc' dir='ltr'>ὲν</span> <span class='ocrx_word' id='word_1_718' title='bbox 926 4853 1000 4923; x_wconf 80' lang='grc' dir='ltr'><strong>τῷ</strong></span> <span class='ocrx_word' id='word_1_719' title='bbox 1050 4829 1292 4923; x_wconf 62' lang='grc' dir='ltr'>παρόντι,</span> <span class='ocrx_word' id='word_1_720' title='bbox 1330 4850 1421 4903; x_wconf 75' lang='grc' dir='ltr'><strong>καὶ</strong></span> <span class='ocrx_word' id='word_1_721' title='bbox 1459 4851 1595 4920; x_wconf 71' lang='grc' dir='ltr'>μετὰ</span> 
     </span>
    </p>
   </div>
   <div class='ocr_carea' id='block_1_95' title="bbox 56 4940 1593 5025">
    <p class='ocr_par' dir='ltr' id='par_1_95' title="bbox 56 4940 1593 5025">
     <span class='ocr_line' id='line_1_95' title="bbox 56 4940 1593 5025; baseline -0.006 -21"><span class='ocrx_word' id='word_1_722' title='bbox 56 4954 241 5023; x_wconf 82' lang='grc' dir='ltr'>σιωπῆς</span> <span class='ocrx_word' id='word_1_723' title='bbox 265 4953 565 5025; x_wconf 79' lang='grc' dir='ltr'>προσδοκᾷν</span> <span class='ocrx_word' id='word_1_724' title='bbox 590 4949 660 5002; x_wconf 83' lang='grc' dir='ltr'>τὰ</span> <span class='ocrx_word' id='word_1_725' title='bbox 698 4945 1095 5017; x_wconf 77' lang='grc' dir='ltr'>ἐπηγγελμένα.</span> <span class='ocrx_word' id='word_1_726' title='bbox 1128 4941 1224 5008; x_wconf 82' lang='grc' dir='ltr'><strong>Μὴ</strong></span> <span class='ocrx_word' id='word_1_727' title='bbox 1253 4940 1593 5009; x_wconf 71' lang='grc' dir='ltr'>παραζήλου</span> 
     </span>
    </p>
   </div>
   <div class='ocr_carea' id='block_1_96' title="bbox 54 5033 1591 5113">
    <p class='ocr_par' dir='ltr' id='par_1_96' title="bbox 54 5033 1591 5113">
     <span class='ocr_line' id='line_1_96' title="bbox 54 5033 1591 5113; baseline -0.009 -15"><span class='ocrx_word' id='word_1_728' title='bbox 54 5042 115 5098; x_wconf 70' lang='grc' dir='ltr'><em>ἐν</em></span> <span class='ocrx_word' id='word_1_729' title='bbox 147 5044 222 5109; x_wconf 77' lang='grc' dir='ltr'><strong>τῷ</strong></span> <span class='ocrx_word' id='word_1_730' title='bbox 261 5043 741 5113; x_wconf 76' lang='grc' dir='ltr'>κατευοδουμένῳ</span> <span class='ocrx_word' id='word_1_731' title='bbox 770 5043 838 5095; x_wconf 81' lang='grc' dir='ltr'>ἐν</span> <span class='ocrx_word' id='word_1_732' title='bbox 869 5040 942 5108; x_wconf 76' lang='grc' dir='ltr'>τῇ</span> <span class='ocrx_word' id='word_1_733' title='bbox 990 5036 1102 5101; x_wconf 80' lang='grc' dir='ltr'><strong>ὀδῷ</strong></span> <span class='ocrx_word' id='word_1_734' title='bbox 1137 5033 1342 5094; x_wconf 71' lang='grc' dir='ltr'>αὐτοῦ,</span> <span class='ocrx_word' id='word_1_735' title='bbox 1375 5033 1443 5086; x_wconf 81' lang='grc' dir='ltr'>ἐν</span> <span class='ocrx_word' id='word_1_736' title='bbox 1487 5036 1591 5087; x_wconf 82' lang='grc' dir='ltr'><strong>άν-</strong></span> 
     </span>
    </p>
   </div>
   <div class='ocr_carea' id='block_1_97' title="bbox 58 5122 1594 5203">
    <p class='ocr_par' dir='ltr' id='par_1_97' title="bbox 58 5122 1594 5203">
     <span class='ocr_line' id='line_1_97' title="bbox 58 5122 1594 5203; baseline -0.011 -12"><span class='ocrx_word' id='word_1_737' title='bbox 58 5135 241 5203; x_wconf 73' lang='grc' dir='ltr'><strong>θρὼπῳ</strong></span> <span class='ocrx_word' id='word_1_738' title='bbox 266 5137 549 5190; x_wconf 70' lang='grc' dir='ltr'>ποιοῦντι</span> <span class='ocrx_word' id='word_1_739' title='bbox 579 5130 965 5201; x_wconf 78' lang='grc' dir='ltr'>παρανομίας.</span> <span class='ocrx_word' id='word_1_740' title='bbox 1013 5125 1243 5180; x_wconf 72' lang='grc' dir='ltr'>Παῦσαι</span> <span class='ocrx_word' id='word_1_741' title='bbox 1267 5122 1382 5177; x_wconf 84' lang='grc' dir='ltr'><strong>ἀπὸ</strong></span> <span class='ocrx_word' id='word_1_742' title='bbox 1418 5122 1594 5193; x_wconf 73' lang='grc' dir='ltr'>ὀργῆς</span> 
     </span>
    </p>
   </div>
   <div class='ocr_carea' id='block_1_98' title="bbox 59 5216 1595 5298">
    <p class='ocr_par' dir='ltr' id='par_1_98' title="bbox 59 5216 1595 5298">
     <span class='ocr_line' id='line_1_98' title="bbox 59 5216 1595 5298; baseline -0.01 -16"><span class='ocrx_word' id='word_1_743' title='bbox 59 5231 141 5281; x_wconf 72' lang='grc' dir='ltr'>καί</span> <span class='ocrx_word' id='word_1_744' title='bbox 161 5228 535 5298; x_wconf 55' lang='lat' dir='ltr'><strong>inusitatas</strong></span> <span class='ocrx_word' id='word_1_745' title='bbox 557 5226 763 5295; x_wconf 75' lang='grc' dir='ltr'>θυμὸν,</span> <span class='ocrx_word' id='word_1_746' title='bbox 785 5223 869 5293; x_wconf 83' lang='grc' dir='ltr'><strong>μὴ</strong></span> <span class='ocrx_word' id='word_1_747' title='bbox 893 5217 1225 5291; x_wconf 59' lang='grc' dir='ltr'>παραζηλου</span> <span class='ocrx_word' id='word_1_748' title='bbox 1244 5216 1397 5271; x_wconf 78' lang='grc' dir='ltr'>ὥστε</span> <span class='ocrx_word' id='word_1_749' title='bbox 1414 5232 1595 5284; x_wconf 78' lang='grc' dir='ltr'>πονη-</span> 
     </span>
    </p>
   </div>
   <div class='ocr_carea' id='block_1_99' title="bbox 58 5310 1594 5394">
    <p class='ocr_par' dir='ltr' id='par_1_99' title="bbox 58 5310 1594 5394">
     <span class='ocr_line' id='line_1_99' title="bbox 58 5310 1594 5394; baseline -0.01 -15"><span class='ocrx_word' id='word_1_750' title='bbox 58 5326 325 5391; x_wconf 80' lang='grc' dir='ltr'>ρεύεσθαι.</span> <span class='ocrx_word' id='word_1_751' title='bbox 370 5323 493 5375; x_wconf 77' lang='grc' dir='ltr'><strong>Ὀτι</strong></span> <span class='ocrx_word' id='word_1_752' title='bbox 550 5324 603 5375; x_wconf 82' lang='lat' dir='ltr'><strong>oi</strong></span> <span class='ocrx_word' id='word_1_753' title='bbox 665 5320 1124 5394; x_wconf 78' lang='grc' dir='ltr'>πονηρευόμενοι</span> <span class='ocrx_word' id='word_1_754' title='bbox 1171 5310 1594 5380; x_wconf 80' lang='grc' dir='ltr'>ὲξολοθρευθή-</span> 
     </span>
    </p>
   </div>
   <div class='ocr_carea' id='block_1_100' title="bbox 61 5405 1593 5482">
    <p class='ocr_par' dir='ltr' id='par_1_100' title="bbox 61 5405 1593 5482">
     <span class='ocr_line' id='line_1_100' title="bbox 61 5405 1593 5482; baseline -0.008 -11"><span class='ocrx_word' id='word_1_755' title='bbox 61 5436 267 5482; x_wconf 79' lang='grc' dir='ltr'>σονται,</span> <span class='ocrx_word' id='word_1_756' title='bbox 321 5420 375 5472; x_wconf 79' lang='lat' dir='ltr'><strong>oi</strong></span> <span class='ocrx_word' id='word_1_757' title='bbox 418 5414 489 5469; x_wconf 73' lang='lat' dir='ltr'><strong>se</strong></span> <span class='ocrx_word' id='word_1_758' title='bbox 541 5413 943 5482; x_wconf 71' lang='grc' dir='ltr'>ὑπομένοντες</span> <span class='ocrx_word' id='word_1_759' title='bbox 992 5412 1099 5465; x_wconf 79' lang='grc' dir='ltr'><strong>τὸν</strong></span> <span class='ocrx_word' id='word_1_760' title='bbox 1141 5410 1375 5476; x_wconf 72' lang='grc' dir='ltr'>Κύριον,</span> <span class='ocrx_word' id='word_1_761' title='bbox 1426 5405 1593 5461; x_wconf 78' lang='grc' dir='ltr'>αὐτοὶ</span> 
     </span>
    </p>
   </div>
   <div class='ocr_carea' id='block_1_101' title="bbox 62 5498 1593 5582">
    <p class='ocr_par' dir='ltr' id='par_1_101' title="bbox 62 5498 1593 5582">
     <span class='ocr_line' id='line_1_101' title="bbox 62 5498 1593 5582; baseline -0.01 -15"><span class='ocrx_word' id='word_1_762' title='bbox 62 5510 559 5582; x_wconf 69' lang='grc' dir='ltr'>κληρονομήσουσι</span> <span class='ocrx_word' id='word_1_763' title='bbox 605 5504 740 5576; x_wconf 78' lang='grc' dir='ltr'><strong>τῆν.</strong></span> <span class='ocrx_word' id='word_1_764' title='bbox 788 5502 1257 5574; x_wconf 77' lang='grc' dir='ltr'>Ἐπαναλαμὸάνει</span> <span class='ocrx_word' id='word_1_765' title='bbox 1304 5499 1394 5552; x_wconf 75' lang='grc' dir='ltr'><strong>τὸν</strong></span> <span class='ocrx_word' id='word_1_766' title='bbox 1438 5498 1593 5567; x_wconf 84' lang='grc' dir='ltr'>λόγον</span> 
     </span>
    </p>
   </div>
   <div class='ocr_carea' id='block_1_102' title="bbox 62 5585 1595 5673">
    <p class='ocr_par' dir='ltr' id='par_1_102' title="bbox 62 5585 1595 5673">
     <span class='ocr_line' id='line_1_102' title="bbox 62 5585 1595 5673; baseline -0.008 -18"><span class='ocrx_word' id='word_1_767' title='bbox 62 5604 363 5673; x_wconf 71' lang='grc' dir='ltr'>ἀναγκαίως.</span> <span class='ocrx_word' id='word_1_768' title='bbox 394 5585 553 5659; x_wconf 74' lang='grc' dir='ltr'>Ἐπεὶ</span> <span class='ocrx_word' id='word_1_769' title='bbox 573 5598 678 5669; x_wconf 70' lang='grc' dir='ltr'>γὰρ</span> <span class='ocrx_word' id='word_1_770' title='bbox 700 5595 891 5663; x_wconf 76' lang='grc' dir='ltr'>ἔγνως,</span> <span class='ocrx_word' id='word_1_771' title='bbox 923 5595 1104 5665; x_wconf 63' lang='grc' dir='ltr'>φησιν,</span> <span class='ocrx_word' id='word_1_772' title='bbox 1132 5592 1307 5654; x_wconf 84' lang='grc' dir='ltr'>ὁποῖός</span> <span class='ocrx_word' id='word_1_773' title='bbox 1335 5607 1415 5643; x_wconf 91' lang='grc' dir='ltr'>σοι</span> <span class='ocrx_word' id='word_1_774' title='bbox 1442 5590 1595 5643; x_wconf 79' lang='grc' dir='ltr'>πλοῦ-</span> 
     </span>
    </p>
   </div>
   <div class='ocr_carea' id='block_1_103' title="bbox 60 5682 1593 5767">
    <p class='ocr_par' dir='ltr' id='par_1_103' title="bbox 60 5682 1593 5767">
     <span class='ocr_line' id='line_1_103' title="bbox 60 5682 1593 5767; baseline -0.01 -18"><span class='ocrx_word' id='word_1_775' title='bbox 60 5710 141 5759; x_wconf 70' lang='grc' dir='ltr'>τος</span> <span class='ocrx_word' id='word_1_776' title='bbox 168 5697 526 5767; x_wconf 78' lang='grc' dir='ltr'>τεταμίευται,</span> <span class='ocrx_word' id='word_1_777' title='bbox 563 5692 635 5762; x_wconf 84' lang='grc' dir='ltr'>μὴ</span> <span class='ocrx_word' id='word_1_778' title='bbox 685 5685 992 5760; x_wconf 81' lang='grc' dir='ltr'>παραζήλου</span> <span class='ocrx_word' id='word_1_779' title='bbox 1035 5687 1091 5738; x_wconf 82' lang='grc' dir='ltr'>ὲν</span> <span class='ocrx_word' id='word_1_780' title='bbox 1136 5684 1213 5754; x_wconf 79' lang='grc' dir='ltr'><strong>τῷ</strong></span> <span class='ocrx_word' id='word_1_781' title='bbox 1258 5682 1593 5755; x_wconf 78' lang='grc' dir='ltr'>νομιζομένῳ</span> 
     </span>
    </p>
   </div>
   <div class='ocr_carea' id='block_1_104' title="bbox 124 5865 1159 5943">
    <p class='ocr_par' dir='ltr' id='par_1_104' title="bbox 124 5865 1159 5943">
     <span class='ocr_line' id='line_1_104' title="bbox 124 5865 1159 5943; baseline -0.013 -6"><span class='ocrx_word' id='word_1_782' title='bbox 124 5876 164 5907; x_wconf 82' lang='grc'><strong>⁸⁸</strong></span> <span class='ocrx_word' id='word_1_783' title='bbox 198 5875 329 5937; x_wconf 81' lang='lat' dir='ltr'><strong>Psal.</strong></span> <span class='ocrx_word' id='word_1_784' title='bbox 370 5893 529 5943; x_wconf 73' lang='lat' dir='ltr'><strong>xxu,</strong></span> <span class='ocrx_word' id='word_1_785' title='bbox 569 5877 616 5930; x_wconf 79' lang='grc' dir='ltr'><strong>Ι.</strong></span> <span class='ocrx_word' id='word_1_786' title='bbox 694 5873 736 5922; x_wconf 82' lang='lat'><strong>.&quot;</strong></span> <span class='ocrx_word' id='word_1_787' title='bbox 778 5870 793 5924; x_wconf 90' lang='grc' dir='ltr'><strong>Ι</strong></span> <span class='ocrx_word' id='word_1_788' title='bbox 828 5869 953 5925; x_wconf 88' lang='lat' dir='ltr'><strong>Cor.</strong></span> <span class='ocrx_word' id='word_1_789' title='bbox 1000 5884 1071 5936; x_wconf 84' lang='grc' dir='ltr'><strong>ιι,</strong></span> <span class='ocrx_word' id='word_1_790' title='bbox 1104 5865 1159 5924; x_wconf 89' lang='lat'><strong>9.</strong></span> 
     </span>
    </p>
   </div>
   <div class='ocr_carea' id='block_1_105' title="bbox 1696 4651 3243 4734">
    <p class='ocr_par' dir='ltr' id='par_1_105' title="bbox 1696 4651 3243 4734">
     <span class='ocr_line' id='line_1_105' title="bbox 1696 4651 3243 4734; baseline -0.011 -14"><span class='ocrx_word' id='word_1_791' title='bbox 1696 4681 1824 4720; x_wconf 78' lang='lat' dir='ltr'><strong>vero</strong></span> <span class='ocrx_word' id='word_1_792' title='bbox 1853 4670 2058 4734; x_wconf 85' lang='lat' dir='ltr'><strong>parest</strong></span> <span class='ocrx_word' id='word_1_793' title='bbox 2087 4669 2207 4716; x_wconf 81' lang='lat' dir='ltr'><strong>eum</strong></span> <span class='ocrx_word' id='word_1_794' title='bbox 2247 4658 2339 4728; x_wconf 90' lang='lat' dir='ltr'><strong>qui</strong></span> <span class='ocrx_word' id='word_1_795' title='bbox 2390 4656 2645 4726; x_wconf 85' lang='lat' dir='ltr'><strong>superius</strong></span> <span class='ocrx_word' id='word_1_796' title='bbox 2690 4660 2985 4711; x_wconf 80' lang='lat' dir='ltr'><strong>memorata</strong></span> <span class='ocrx_word' id='word_1_797' title='bbox 3018 4651 3243 4721; x_wconf 77' lang='lat' dir='ltr'><strong>peragit,</strong></span> 
     </span>
    </p>
   </div>
   <div class='ocr_carea' id='block_1_106' title="bbox 1695 4741 3248 4825">
    <p class='ocr_par' dir='ltr' id='par_1_106' title="bbox 1695 4741 3248 4825">
     <span class='ocr_line' id='line_1_106' title="bbox 1695 4741 3248 4825; baseline -0.012 -14"><span class='ocrx_word' id='word_1_798' title='bbox 1695 4764 1748 4812; x_wconf 89' lang='lat' dir='ltr'><strong>et</strong></span> <span class='ocrx_word' id='word_1_799' title='bbox 1776 4756 1829 4810; x_wconf 87' lang='lat' dir='ltr'><strong>in</strong></span> <span class='ocrx_word' id='word_1_800' title='bbox 1862 4754 2131 4825; x_wconf 66' lang='lat' dir='ltr'><strong>praedictis</strong></span> <span class='ocrx_word' id='word_1_801' title='bbox 2163 4765 2311 4821; x_wconf 85' lang='lat' dir='ltr'><strong>spem</strong></span> <span class='ocrx_word' id='word_1_802' title='bbox 2359 4748 2543 4811; x_wconf 89' lang='lat' dir='ltr'><strong>habet,</strong></span> <span class='ocrx_word' id='word_1_803' title='bbox 2582 4747 2863 4816; x_wconf 84' lang='lat' dir='ltr'><strong>quiescere</strong></span> <span class='ocrx_word' id='word_1_804' title='bbox 2903 4744 3033 4798; x_wconf 86' lang='lat' dir='ltr'><strong>dum</strong></span> <span class='ocrx_word' id='word_1_805' title='bbox 3061 4742 3114 4794; x_wconf 89' lang='lat' dir='ltr'><strong>in</strong></span> <span class='ocrx_word' id='word_1_806' title='bbox 3144 4741 3248 4793; x_wconf 89' lang='lat' dir='ltr'><strong>hac</strong></span> 
     </span>
    </p>
   </div>
   <div class='ocr_carea' id='block_1_107' title="bbox 1694 4836 3242 4907">
    <p class='ocr_par' dir='ltr' id='par_1_107' title="bbox 1694 4836 3242 4907">
     <span class='ocr_line' id='line_1_107' title="bbox 1694 4836 3242 4907; baseline -0.012 -7"><span class='ocrx_word' id='word_1_807' title='bbox 1694 4849 1804 4901; x_wconf 82' lang='lat' dir='ltr'><strong>vita</strong></span> <span class='ocrx_word' id='word_1_808' title='bbox 1841 4851 2107 4907; x_wconf 83' lang='lat' dir='ltr'><strong>versatur,</strong></span> <span class='ocrx_word' id='word_1_809' title='bbox 2132 4848 2185 4895; x_wconf 88' lang='lat' dir='ltr'><strong>et</strong></span> <span class='ocrx_word' id='word_1_810' title='bbox 2211 4853 2334 4894; x_wconf 89' lang='lat' dir='ltr'><strong>cum</strong></span> <span class='ocrx_word' id='word_1_811' title='bbox 2370 4838 2588 4893; x_wconf 86' lang='lat' dir='ltr'><strong>silentio</strong></span> <span class='ocrx_word' id='word_1_812' title='bbox 2613 4836 2879 4907; x_wconf 86' lang='lat' dir='ltr'><strong>promissa</strong></span> <span class='ocrx_word' id='word_1_813' title='bbox 2908 4839 3242 4900; x_wconf 76' lang='lat' dir='ltr'><strong>exspectare.</strong></span> 
     </span>
    </p>
   </div>
   <div class='ocr_carea' id='block_1_108' title="bbox 1699 4922 3247 5003">
    <p class='ocr_par' dir='ltr' id='par_1_108' title="bbox 1699 4922 3247 5003">
     <span class='ocr_line' id='line_1_108' title="bbox 1699 4922 3247 5003; baseline -0.012 -13"><span class='ocrx_word' id='word_1_814' title='bbox 1699 4938 1828 4991; x_wconf 80' lang='lat' dir='ltr'><strong>Noli</strong></span> <span class='ocrx_word' id='word_1_815' title='bbox 1860 4935 2099 4989; x_wconf 66' lang='lat' dir='ltr'><strong>inmutari</strong></span> <span class='ocrx_word' id='word_1_816' title='bbox 2125 4935 2180 4986; x_wconf 88' lang='lat' dir='ltr'><strong>in</strong></span> <span class='ocrx_word' id='word_1_817' title='bbox 2220 4950 2278 4987; x_wconf 90' lang='lat' dir='ltr'><strong>eo</strong></span> <span class='ocrx_word' id='word_1_818' title='bbox 2316 4934 2405 5003; x_wconf 84' lang='lat' dir='ltr'><strong>qui</strong></span> <span class='ocrx_word' id='word_1_819' title='bbox 2438 4937 2776 5000; x_wconf 85' lang='lat' dir='ltr'><strong>prosperatur</strong></span> <span class='ocrx_word' id='word_1_820' title='bbox 2809 4927 2862 4979; x_wconf 91' lang='lat' dir='ltr'><strong>in</strong></span> <span class='ocrx_word' id='word_1_821' title='bbox 2912 4926 2995 4978; x_wconf 76' lang='lat' dir='ltr'><strong>cia</strong></span> <span class='ocrx_word' id='word_1_822' title='bbox 3040 4938 3157 4985; x_wconf 87' lang='lat' dir='ltr'><strong>sua,</strong></span> <span class='ocrx_word' id='word_1_823' title='bbox 3189 4922 3247 4973; x_wconf 90' lang='lat' dir='ltr'><strong>in</strong></span> 
     </span>
    </p>
   </div>
   <div class='ocr_carea' id='block_1_109' title="bbox 1698 5012 3246 5094">
    <p class='ocr_par' dir='ltr' id='par_1_109' title="bbox 1698 5012 3246 5094">
     <span class='ocr_line' id='line_1_109' title="bbox 1698 5012 3246 5094; baseline -0.011 -11"><span class='ocrx_word' id='word_1_824' title='bbox 1698 5030 1898 5083; x_wconf 82' lang='lat' dir='ltr'><strong>homine</strong></span> <span class='ocrx_word' id='word_1_825' title='bbox 1931 5026 2152 5086; x_wconf 80' lang='lat' dir='ltr'><strong>faciente</strong></span> <span class='ocrx_word' id='word_1_826' title='bbox 2187 5026 2500 5094; x_wconf 84' lang='lat' dir='ltr'><strong>injustitias.</strong></span> <span class='ocrx_word' id='word_1_827' title='bbox 2556 5020 2745 5074; x_wconf 86' lang='lat' dir='ltr'><strong>Desine</strong></span> <span class='ocrx_word' id='word_1_828' title='bbox 2786 5017 2849 5070; x_wconf 88' lang='lat' dir='ltr'><strong>ab</strong></span> <span class='ocrx_word' id='word_1_829' title='bbox 2890 5017 2970 5068; x_wconf 90' lang='lat' dir='ltr'><strong>ira</strong></span> <span class='ocrx_word' id='word_1_830' title='bbox 3004 5024 3051 5066; x_wconf 91' lang='lat' dir='ltr'><strong>et</strong></span> <span class='ocrx_word' id='word_1_831' title='bbox 3097 5012 3246 5066; x_wconf 84' lang='lat' dir='ltr'><strong>dere-</strong></span> 
     </span>
    </p>
   </div>
   <div class='ocr_carea' id='block_1_110' title="bbox 1696 5104 3243 5189">
    <p class='ocr_par' dir='ltr' id='par_1_110' title="bbox 1696 5104 3243 5189">
     <span class='ocr_line' id='line_1_110' title="bbox 1696 5104 3243 5189; baseline -0.012 -15"><span class='ocrx_word' id='word_1_832' title='bbox 1696 5122 1867 5189; x_wconf 80' lang='lat' dir='ltr'><strong>linque</strong></span> <span class='ocrx_word' id='word_1_833' title='bbox 1904 5119 2134 5183; x_wconf 80' lang='lat' dir='ltr'><strong>furorem</strong></span> <span class='ocrx_word' id='word_1_834' title='bbox 2154 5158 2168 5179; x_wconf 89' lang='lat'><strong>,</strong></span> <span class='ocrx_word' id='word_1_835' title='bbox 2200 5114 2319 5169; x_wconf 84' lang='lat' dir='ltr'><strong>noii</strong></span> <span class='ocrx_word' id='word_1_836' title='bbox 2351 5114 2593 5169; x_wconf 77' lang='lat' dir='ltr'><strong>wmulari</strong></span> <span class='ocrx_word' id='word_1_837' title='bbox 2641 5119 2697 5167; x_wconf 85' lang='lat' dir='ltr'><strong>ut</strong></span> <span class='ocrx_word' id='word_1_838' title='bbox 2752 5106 3075 5176; x_wconf 80' lang='lat' dir='ltr'><strong>malignerts.</strong></span> <span class='ocrx_word' id='word_1_839' title='bbox 3103 5104 3243 5171; x_wconf 60' lang='lat' dir='ltr'><strong>Quo-</strong></span> 
     </span>
    </p>
   </div>
   <div class='ocr_carea' id='block_1_111' title="bbox 1696 5204 3245 5283">
    <p class='ocr_par' dir='ltr' id='par_1_111' title="bbox 1696 5204 3245 5283">
     <span class='ocr_line' id='line_1_111' title="bbox 1696 5204 3245 5283; baseline -0.013 -14"><span class='ocrx_word' id='word_1_840' title='bbox 1696 5218 1836 5269; x_wconf 89' lang='lat' dir='ltr'><strong>niam</strong></span> <span class='ocrx_word' id='word_1_841' title='bbox 1866 5213 1956 5283; x_wconf 74' lang='lat' dir='ltr'><strong>qui</strong></span> <span class='ocrx_word' id='word_1_842' title='bbox 1984 5211 2347 5282; x_wconf 75' lang='lat' dir='ltr'><strong>malignantur</strong></span> <span class='ocrx_word' id='word_1_843' title='bbox 2386 5204 2870 5280; x_wconf 75' lang='lat' dir='ltr'><strong>exterminabuntur</strong></span> <span class='ocrx_word' id='word_1_844' title='bbox 2896 5214 2912 5251; x_wconf 88' lang='lat'><em>:</em></span> <span class='ocrx_word' id='word_1_845' title='bbox 2935 5206 3245 5269; x_wconf 74' lang='lat' dir='ltr'><strong>sustinentes</strong></span> 
     </span>
    </p>
   </div>
   <div class='ocr_carea' id='block_1_112' title="bbox 1697 5285 3245 5369">
    <p class='ocr_par' dir='ltr' id='par_1_112' title="bbox 1697 5285 3245 5369">
     <span class='ocr_line' id='line_1_112' title="bbox 1697 5285 3245 5369; baseline -0.015 -9"><span class='ocrx_word' id='word_1_846' title='bbox 1697 5318 1868 5360; x_wconf 83' lang='lat' dir='ltr'><strong>autem</strong></span> <span class='ocrx_word' id='word_1_847' title='bbox 1895 5302 2201 5367; x_wconf 83' lang='lat' dir='ltr'><strong>Dominum,</strong></span> <span class='ocrx_word' id='word_1_848' title='bbox 2230 5301 2331 5369; x_wconf 88' lang='lat' dir='ltr'><strong>ipsi</strong></span> <span class='ocrx_word' id='word_1_849' title='bbox 2365 5294 2743 5352; x_wconf 74' lang='lat' dir='ltr'><strong>hwreditabunt</strong></span> <span class='ocrx_word' id='word_1_850' title='bbox 2777 5301 2987 5343; x_wconf 83' lang='lat' dir='ltr'><strong>terram.</strong></span> <span class='ocrx_word' id='word_1_851' title='bbox 3024 5285 3245 5340; x_wconf 83' lang='lat' dir='ltr'><strong>Sermo—</strong></span> 
     </span>
    </p>
   </div>
   <div class='ocr_carea' id='block_1_113' title="bbox 1696 5378 3247 5462">
    <p class='ocr_par' dir='ltr' id='par_1_113' title="bbox 1696 5378 3247 5462">
     <span class='ocr_line' id='line_1_113' title="bbox 1696 5378 3247 5462; baseline -0.016 -7"><span class='ocrx_word' id='word_1_852' title='bbox 1696 5415 1817 5455; x_wconf 90' lang='lat' dir='ltr'><strong>nem</strong></span> <span class='ocrx_word' id='word_1_853' title='bbox 1847 5397 2161 5452; x_wconf 87' lang='lat' dir='ltr'><strong>necessario</strong></span> <span class='ocrx_word' id='word_1_854' title='bbox 2204 5392 2419 5462; x_wconf 86' lang='lat' dir='ltr'><strong>repetit.</strong></span> <span class='ocrx_word' id='word_1_855' title='bbox 2460 5389 2619 5455; x_wconf 84' lang='lat' dir='ltr'><strong>Quia,</strong></span> <span class='ocrx_word' id='word_1_856' title='bbox 2667 5384 2862 5453; x_wconf 87' lang='lat' dir='ltr'><strong>inquit,</strong></span> <span class='ocrx_word' id='word_1_857' title='bbox 2896 5378 3041 5435; x_wconf 76' lang='lat' dir='ltr'><strong>nosti</strong></span> <span class='ocrx_word' id='word_1_858' title='bbox 3070 5379 3247 5447; x_wconf 74' lang='lat' dir='ltr'><strong>qualis</strong></span> 
     </span>
    </p>
   </div>
   <div class='ocr_carea' id='block_1_114' title="bbox 1696 5470 3247 5547">
    <p class='ocr_par' dir='ltr' id='par_1_114' title="bbox 1696 5470 3247 5547">
     <span class='ocr_line' id='line_1_114' title="bbox 1696 5470 3247 5547; baseline -0.017 0"><span class='ocrx_word' id='word_1_859' title='bbox 1696 5492 1793 5547; x_wconf 85' lang='lat' dir='ltr'><strong>tibi</strong></span> <span class='ocrx_word' id='word_1_860' title='bbox 1827 5491 2118 5545; x_wconf 86' lang='lat' dir='ltr'><strong>thesaurus</strong></span> <span class='ocrx_word' id='word_1_861' title='bbox 2148 5485 2461 5543; x_wconf 85' lang='lat' dir='ltr'><strong>reconditus</strong></span> <span class='ocrx_word' id='word_1_862' title='bbox 2512 5483 2604 5545; x_wconf 88' lang='lat' dir='ltr'><strong>sit,</strong></span> <span class='ocrx_word' id='word_1_863' title='bbox 2635 5477 2746 5532; x_wconf 87' lang='lat' dir='ltr'><strong>noli</strong></span> <span class='ocrx_word' id='word_1_864' title='bbox 2790 5472 3030 5529; x_wconf 66' lang='lat' dir='ltr'><strong>aemulari</strong></span> <span class='ocrx_word' id='word_1_865' title='bbox 3070 5470 3247 5527; x_wconf 87' lang='lat' dir='ltr'><strong>homi-</strong></span> 
     </span>
    </p>
   </div>
   <div class='ocr_carea' id='block_1_115' title="bbox 1670 5563 3247 5654">
    <p class='ocr_par' dir='ltr' id='par_1_115' title="bbox 1670 5563 3247 5654">
     <span class='ocr_line' id='line_1_115' title="bbox 1670 5563 3247 5654; baseline -0.018 -13"><span class='ocrx_word' id='word_1_866' title='bbox 1670 5601 1820 5640; x_wconf 80' lang='lat' dir='ltr'><strong>-nem</strong></span> <span class='ocrx_word' id='word_1_867' title='bbox 1868 5582 2141 5654; x_wconf 82' lang='lat' dir='ltr'><strong>iniquitati</strong></span> <span class='ocrx_word' id='word_1_868' title='bbox 2167 5579 2438 5642; x_wconf 84' lang='lat' dir='ltr'><strong>deditum,</strong></span> <span class='ocrx_word' id='word_1_869' title='bbox 2476 5568 2568 5646; x_wconf 87' lang='lat' dir='ltr'><strong>qui</strong></span> <span class='ocrx_word' id='word_1_870' title='bbox 2612 5574 2669 5629; x_wconf 88' lang='lat' dir='ltr'><strong>in</strong></span> <span class='ocrx_word' id='word_1_871' title='bbox 2696 5565 2947 5639; x_wconf 66' lang='lat' dir='ltr'><strong>praesenti</strong></span> <span class='ocrx_word' id='word_1_872' title='bbox 2992 5563 3097 5617; x_wconf 89' lang='lat' dir='ltr'><strong>vita</strong></span> <span class='ocrx_word' id='word_1_873' title='bbox 3132 5575 3247 5614; x_wconf 89' lang='lat' dir='ltr'><strong>rem</strong></span> 
     </span>
    </p>
   </div>
   <div class='ocr_carea' id='block_1_116' title="bbox 1700 5654 3248 5750">
    <p class='ocr_par' dir='ltr' id='par_1_116' title="bbox 1700 5654 3248 5750">
     <span class='ocr_line' id='line_1_116' title="bbox 1700 5654 3248 5750; baseline -0.018 -16"><span class='ocrx_word' id='word_1_874' title='bbox 1700 5692 1959 5750; x_wconf 87' lang='lat' dir='ltr'><strong>prospere</strong></span> <span class='ocrx_word' id='word_1_875' title='bbox 1996 5690 2157 5749; x_wconf 77' lang='lat' dir='ltr'><strong>agere</strong></span> <span class='ocrx_word' id='word_1_876' title='bbox 2186 5678 2439 5747; x_wconf 85' lang='lat' dir='ltr'><strong>putatur;</strong></span> <span class='ocrx_word' id='word_1_877' title='bbox 2478 5684 2547 5724; x_wconf 92' lang='lat' dir='ltr'><strong>ne</strong></span> <span class='ocrx_word' id='word_1_878' title='bbox 2570 5662 2883 5741; x_wconf 80' lang='lat' dir='ltr'><strong>stimulere,</strong></span> <span class='ocrx_word' id='word_1_879' title='bbox 2920 5672 3025 5711; x_wconf 85' lang='lat' dir='ltr'><strong>neu</strong></span> <span class='ocrx_word' id='word_1_880' title='bbox 3056 5654 3248 5716; x_wconf 82' lang='lat' dir='ltr'><strong>huius-</strong></span> 
     </span>
    </p>
   </div>
  </div>
