3966 6344
690 426 787 477 331

1384 408 1654 474 EUSEBlI
1684 409 2169 493 CESARIENSIS'
2196 408 2344 464 OPP.
2387 406 2567 462 PARS
2600 405 2687 462 lll.
2727 437 2794 446 --
2825 403 3226 460 EXEGETICA.
3791 400 3860 457 53!

688 552 905 612 tempus
927 540 1021 597 ira:
1041 536 1301 595 adversus
1322 537 1539 608 impios,
1565 551 1672 606 quo
1698 535 1772 589 illi
1800 534 2020 604 quidem
2038 533 2237 603 justum

2353 545 2582 583 σονται.
2628 528 2832 599 Καιρδς
2869 527 2924 580 δὲ
2956 525 3194 597 πονηρός
3240 526 3386 579 ἐστιν
3429 526 3459 579 ὀ
3490 524 3591 594 τῆς
3633 522 3757 577 κατά
3789 524 3864 577 uin

690 633 786 689 Dei
807 634 1080 704 judicium.
1100 631 1491 702 experientur;
1537 629 1633 699 qui
1668 642 1796 683 vero
1833 628 1890 681 in
1939 626 2130 681 dextro
2170 639 2256 679 or-

688 724 817 780 dine
858 734 1006 800 sunt,
1060 724 1312 795 gloriam,
1368 721 1630 776 honorem
1679 729 1734 775 et
1790 716 2252 788 incorruptionem

688 815 1032 881 obtinebunt,
1069 822 1127 869 ut
1153 814 1248 885 qui
1287 814 1455 868 vitam
1488 818 1743 879 aeternam
1773 810 2108 881 quaesierint.
2142 807 2255 863 lmo

686 923 815 961 vero
842 916 1049 963 statuto
1081 916 1328 978 tempore
1361 905 1520 976 justi,
1552 904 1738 958 divino
1786 904 2044 958 alimento
2074 901 2251 971 potiti,

685 999 1122 1063 saturabuntur;
1158 1005 1472 1066 peccatores
1514 1000 1696 1048 autem
1726 991 1868 1047 fame
1917 999 1968 1046 et
2015 998 2254 1062 egestate

684 1088 1027 1144 rationabilis
1058 1088 1166 1141 cibi
1207 1087 1481 1157 peribunt.
1514 1083 1647 1150 Quis
1689 1092 1867 1137 autem
1897 1082 2067 1137 oculis
2115 1098 2251 1136 con-

686 1181 981 1250 templatus
1012 1180 1208 1249 impios
1238 1182 1330 1249 qui
1361 1193 1476 1233 aevo
1510 1184 1700 1231 nostro
1730 1191 1796 1230 ex
1827 1174 2055 1239 divitiis,
2083 1172 2251 1244 gloria

682 1281 737 1326 et
768 1260 1136 1342 dignitatibus
1158 1273 1212 1325 in
1245 1268 1608 1325 admiratione
1649 1267 1820 1331 fuere,
1858 1268 1912 1320 in
1946 1269 2250 1335 multasque

680 1367 871 1430 gentes
900 1360 1189 1428 imperium
1220 1360 1527 1422 obtinuere,
1558 1366 1783 1426 repente
1803 1357 1870 1409 ab
1900 1356 2000 1409 hac
2029 1349 2250 1410 celsitu-

681 1451 810 1506 dine
863 1450 1066 1520 lapsos,
1114 1467 1221 1505 non
1266 1450 1500 1505 fateatur
1551 1464 1739 1505 verum
1792 1461 1915 1501 esse
1965 1445 2249 1500 oraculum

682 1543 996 1611 hujusmodi
1031 1564 1042 1599 :
1076 1543 1288 1598 Inimici
1325 1560 1441 1598 vero
1473 1541 1707 1606 Domini,
1742 1556 1863 1594 mox
1895 1548 1953 1593 ut
1992 1539 2249 1607 honoriﬁ-

678 1635 785 1687 cati
823 1636 1034 1703 [uerunt
1076 1646 1126 1689 et
1168 1635 1416 1698 exaltari,
1465 1634 1763 1702 deﬁcientes
1809 1628 2248 1703 quemadmodum

678 1725 855 1793 fumus
894 1725 1238 1797 defecerunt?
1283 1724 1490 1780 Fumus
1537 1725 1794 1782 exstincti
1842 1724 1985 1795 ignis
2032 1722 2246 1792 signum

674 1825 761 1872 est
784 1837 795 1869 :
827 1832 997 1887 quare
1018 1817 1072 1873 hi
1095 1817 1189 1888 qui
1211 1827 1452 1889 tempore
1473 1832 1574 1871 suo
1598 1817 1854 1871 ardentes
1879 1815 2021 1885 ignis
2046 1814 2242 1878 instar,

673 1883 872 1967 deinde
890 1883 1144 1965 exstincti
1170 1883 1596 1973 sunt,'similiter
1628 1910 1682 1962 in
1713 1883 2018 1977 exemplum
2041 1907 2245 1962 haben-
2278 1883 2319 1938 Β

671 2007 783 2055 tur.

744 2088 910 2147 Vnus.
944 2091 1036 2156 2i,
1060 2090 1149 2145 ‘22.
1192 2091 1475 2145 Hutuatur
1516 2098 1775 2159 peccator,
1810 2101 1861 2145 et
1902 2108 2005 2145 non
2032 2090 2194 2145 solvet
2223 2107 2241 2144 :

670 2192 846 2238 nutus
898 2193 1075 2236 autem
1126 2185 1403 2237 miseretur
1430 2193 1480 2238 et
1533 2184 1744 2239 tribuet.
1801 2182 1894 2238 Ille
1933 2198 2058 2237 cum
2108 2182 2243 2236 nihil

673 2273 1001 2341 possideret,
1034 2275 1345 2345 multosque
1370 2289 1398 2327 a
1427 2275 1546 2328 viro
1570 2275 1722 2343 justo
1755 2275 1914 2329 utiles
1943 2275 2242 2329 salutares-

671 2381 778 2433 que
805 2370 1087 2427 sermones
1117 2374 1310 2425 mutuo
1342 2368 1631 2433 acciperet,
1666 2374 1757 2419 aut
1782 2381 1812 2419 a
1836 2364 1943 2419 Deo
1960 2364 2242 2420 beneﬁciis

670 2465 981 2519 ornaretur,
1006 2455 1251 2509 debitum
1273 2472 1382 2510 non
1409 2456 1591 2511 solvit.
1623 2454 1758 2509 Nam
1784 2456 2051 2525 adjutum,
2078 2471 2243 2527 opor-

668 2547 775 2599 tuit
823 2559 989 2614 opera
1036 2559 1101 2598 ac
1148 2552 1301 2615 gesta
1340 2545 1583 2614 acceptis
1628 2545 1793 2615 digna
1848 2545 2125 2601 exhibere.
2171 2546 2241 2600 At

668 2637 760 2692 ille
780 2627 899 2692 non
929 2637 1113 2700 solvit,
1148 2645 1441 2706 manetque
1463 2635 1691 2705 justitiaa
1718 2638 1973 2707 operibus
2010 2652 2236 2717 vacuus.

665 2725 855 2783 Justus
885 2742 1015 2783 vero
1045 2726 1253 2784 divitiis
1279 2742 1399 2797 quae
1448 2727 1762 2781 secundum
1795 2726 1962 2782 Deum
1982 2737 2121 2803 ’sunt
2154 2728 2232 2782 af-

664 2820 862 2886 ﬂuens,
900 2819 1195 2875 miseretur
1231 2829 1285 2874 et
1336 2819 1527 2874 tribuit
1574 2819 1877 2889 egentibus.
1934 2817 2039 2874 Sed
2077 2820 2239 2875 etiam

664 2910 758 2981 qui
802 2910 954 2980 justo
985 2909 1336 2974 benedicunt,
1383 2908 1503 2977 ejus
1550 2906 1863 2961 cobaeredes
1894 2916 2071 2962 erunt.
2106 2906 2239 2961 Eam

661 3003 810 3054 enim
837 3001 1011 3068 ipsam
1040 3012 1336 3067 supernam
1368 2996 1759 3059 htereditatem,
1795 2997 2083 3065 quaejusto
2112 3012 2238 3066 pro-

661 3092 837 3145 mibsa
860 3091 987 3154 fuit,
1020 3088 1474 3150 benedicentibus
1495 3072 1705 3157 justum
1734 3086 1896 3140 etiam
1928 3088 2235 3157 pollicetur.

654 3185 796 3251 Quae
823 3188 1133 3236 consonant
1163 3181 1388 3235 oraculo
1432 3178 1703 3233 Abraham
1741 3180 2011 3248 spectanti
2060 3194 2125 3244 ac
2152 3180 2236 3234 di—
2265 3212 2306 3267 Ο

662 3274 807 3329 centi
837 3291 848 3324 :
884 3269 952 3324 Et
983 3271 1283 3324 benedicam
1316 3270 1671 3324 benedicentes
1702 3277 1748 3322 te
1770 3269 1835 3323 τί.
1864 3268 2001 3323 Illud
2033 3280 2237 3338 autem,

663 3362 1041 3419 Matedicentes
1092 3372 1267 3416 autem
1318 3364 1366 3416 ei
1413 3360 1763 3430 disperibunt,
1807 3361 1963 3416 aliine
1999 3370 2084 3418 est
2112 3364 2240 3420 huic

662 3451 730 3507 ad
760 3454 1134 3508 Abrahamum
1184 3453 1352 3518 dicto,
1388 3463 1438 3507 et
1469 3450 1898 3506 maledicentibus
1929 3454 2023 3507 tibi
2067 3455 2237 3509 male-

659 3547 918 3599 dicam".
955 3544 1422 3613 Quemadmodum
1448 3544 1594 3598 enim
1624 3546 1717 3617 qui
1752 3546 1984 3618 lapidem
2014 3562 2233 3605 sursum

658 3638 810 3706 jacit,
856 3638 936 3691 sic
984 3637 1078 3708 qui
1126 3636 1431 3691 maledictis
1459 3636 1669 3706 justum
1705 3640 1932 3709 impetit,
1968 3642 2095 3710 quia
2126 3656 2235 3694 non

660 3738 842 3795 potest
892 3729 1043 3795 justo
1082 3727 1445 3783 maledictum
1484 3729 1713 3796 bterere,
1764 3739 2027 3785 retortum
2077 3731 2134 3784 in
2176 3745 2236 3786 se

659 3817 961 3871 maledicus
998 3818 1256 3888 excipiet.

727 4070 894 4129 Vens.
943 4074 1034 4141 2'5,
1072 4074 1163 4129 24.
1202 4074 1351 4145 Apud
1416 4074 1703 4131 Dominum
1743 4095 1952 4149 gressus
2004 4080 2230 4135 hominis

654 4165 968 4237 dirigentur.
1000 4166 1206 4223 Praeter
1237 4183 1405 4238 supra
1439 4178 1759 4234 memorata,
1794 4172 1905 4225 haec
1939 4174 2102 4227 etia’m
2133 4175 2231 4227 ho-

657 4259 789 4312 mini
819 4257 915 4314 Dei
951 4260 1192 4316 adsunt:
1225 4261 1345 4315 vias
1373 4261 1495 4331 ejus
1516 4260 1666 4317 Deus
1701 4265 2029 4333 complanat,
2070 4266 2142 4320 ita
2173 4277 2230 4321 ut

653 4351 765 4408 vita
815 4355 935 4425 ejus
988 4355 1224 4411 feliciter
1262 4357 1553 4413 elabatur:
1589 4372 1653 4411 ac
1702 4359 1819 4413 sine
1852 4360 1960 4413 ullo
1998 4361 2152 4415 obice
2184 4364 2228 4417 is

652 4446 909 4516 religiose
944 4450 1074 4518 agit,
1127 4464 1156 4502 a
1191 4451 1519 4520 nemineque
1560 4452 1965 4521 supplantatur,
2004 4463 2225 4525 propter

2356 620 2567 674 ἀσεϐὦν
2601 619 2791 692 ὀργῆς,
2832 620 2890 672 ὲν
2930 612 2975 687 ᾧ
3018 620 3067 672 oi
3114 618 3212 688 μὲν
3256 616 3358 687 τῆς
3400 616 3770 686 δικαιοκρισίας
3798 615 3862 669 τοῦ

2355 710 2490 765 Θεοῦ
2520 696 2996 783 πειρασθήσονται,
3021 706 3073 763 οἱ
3097 709 3154 762 δὲ
3175 708 3269 790 τοῦ
3292 706 3466 773 δεξιοῦ
3500 708 3759 780 τάγματος
3776 710 3864 761 ἀπο-

2356 801 2626 873 λείψονται
2652 802 2806 868 δόξαν
2846 801 2941 855 καὶ
2967 801 3132 872 τιμὴν
3163 803 3258 854 καὶ
3287 800 3611 874 ἀφθαρσίαν,
3638 800 3863 882 ζητοῦντες

2355 893 2498 966 ζωὴν
2548 894 2783 949 αἰώνιον.
2837 894 2912 948 Οὐ
2949 894 3053 966 μὴν
3087 893 3220 947 ἀλλά
3267 894 3361 947 καὶ
3389 894 3545 947 ικατὰ
3585 892 3674 945 τὸν
3709 893 3863 945 ἑστῶτα

2356 986 2562 1057 καιρὸν,
2590 987 2638 1039 οί
2686 986 2786 1056 μὲν
2816 987 3014 1041 δίκαιοι
3044 987 3144 1057 τῆς
3172 986 3352 1040 ὲνθέου
3382 984 3591 1056 τροφῆς
3629 983 3863 1037 ἀπολαύον-

2352 1095 2442 1141 τες
2472 1078 2932 1150 χορτασθήσονται
2955 1096 2969 1109 ο
3010 1081 3058 1132 οἱ
3097 1079 3153 1132 δὲ
3183 1078 3493 1150 ἁμαρτωλοὶ
3529 1074 3668 1146 λιμῷ
3700 1076 3778 1129 καὶ
3807 1078 3864 1128 ὲν-

2350 1169 2467 1240 δείᾳ
2494 1169 2716 1239 λογικῆς
2753 1170 2959 1241 τροφῆς
3005 1169 3348 1224 ἀπολοῦνται.
3384 1170 3481 1232 Τίς
3520 1169 3578 1221 δὲ
3624 1167 3865 1237 ὀφθαλμοῖς

2353 1259 2681 1331 παραλαϐὼν
2711 1263 2837 1325 τοὺς
2865 1261 2990 1314 καθ’
3017 1263 3162 1332 ἡμᾶς
3186 1262 3401 1325 ἀσεϐεῖς
3433 1259 3645 1328 πλούτῳ
3674 1260 3760 1333 ¹καί
3777 1259 3868 1331 δόξῃ

2352 1354 2446 1407 καὶ
2476 1352 2749 1423 ἀξιώμασι
2782 1354 3215 1425 θαυμασθέντας,
3252 1354 3501 1425 μεγάλων
3530 1370 3588 1405 τε
3619 1351 3771 1405 ἐθνῶν
3798 1351 3869 1421 ἀρ-

2350 1445 2564 1511 ξαντας.
2596 1446 2807 1517 ἀθρόως
2851 1448 3180 1510 ἐκπεσόντας
3221 1446 3317 1500 τοῦ
3361 1444 3669 1516 ὑψώματος,
3708 1443 3793 1497 οὐκ
3824 1442 3870 1497 ἂν

2348 1539 2733 1609 ὁμολογήσειεν
2777 1538 2950 1611 ἀληθῆ
2988 1539 3277 1609 τυγχάνειν
3311 1538 3372 1591 τὸ
3401 1539 3581 1609 φῆσαν
3611 1536 3799 1605 λόγιον·
3826 1538 3871 1588 Ol

2348 1629 2400 1682 δ’
2441 1630 2639 1699 ἐχθροὶ
2680 1631 2789 1684 τοῦ
2829 1630 2977 1684 Θεοῦ
3014 1630 3132 1700 ἅμα
3176 1629 3256 1695 τῷ
3298 1626 3666 1696 δοξωθῆναι
3696 1627 3873 1692 αὐτοὺς

2348 1721 2447 1774 καὶ
2466 1719 2794 1795 ἐπαρθῆναι
2819 1722 3169 1787 ἐκλιπόντες
3197 1720 3337 1774 ὡσεὶ
3364 1720 3595 1785 καπνὸς
3616 1718 3870 1783 ἐξέλιπον.

2350 1814 2571 1877 Καπνὸς
2596 1815 2653 1868 δὲ
2697 1813 2867 1885 πυρὸς
2898 1813 3216 1878 σϐεσθέντος
3244 1814 3465 1883 σημεῖον
3488 1824 3504 1841 ε
3545 1811 3627 1864 διὸ
3667 1811 3754 1864 καὶ
3789 1811 3877 1863 τοὺ-

2347 1923 2470 1969 τους
2497 1906 2672 1981 καιρῷ
2699 1905 2997 1975 φλέξαντας
3027 1907 3197 1976 πυρὸς
3228 1905 3403 1977 δίκην,
3431 1904 3665 1960 κᾶπειτα
3692 1904 3877 1957 ama-65-

2324 1997 2585 2061 νσθέντας,
2613 1999 2810 2069 ὁμοίως
2838 2000 2894 2050 ὲν
2917 1997 2996 2069 τῷ
3026 1997 3421 2069 παραδείγματι
3446 1996 3546 2067 (1).

2413 2089 2737 2150 Δανείζεται
2764 2093 2798 2143 o'
2844 2089 3212 2158 ἁμαρτωλὸς,
3257 2089 3355 2142 καί
3401 2090 3514 2141 οὐκ
3549 2085 3877 2143 ἀποτίσει³δ

2342 2177 2410 2231 δὲ
2441 2177 2669 2243 δίκαιος
2702 2179 2969 2246 οἱκτείρει
3006 2177 3103 2231 καὶ
3148 2176 3317 2231 διδοῖ.
3351 2178 3533 2247 Μηδὲν
3563 2177 3877 2249 κεκτημένος,

2342 2270 2489 2343 παρά
2522 2269 2615 2322 τοῦ
2650 2269 2853 2322 δικαίου
2884 2269 3141 2331 πολλάκις
3168 2267 3544 2339 δανειζόμενος
3567 2268 3753 2337 λόγους
3772 2267 3878 2336 dupe-

2341 2363 2530 2432 λίμους
2574 2362 2668 2414 καὶ
2711 2360 3031 2433 σωτηρίους,
3068 2362 3101 2431 ἦ
3136 2361 3287 2433 παρά
3316 2359 3410 2414 τοῦ
3438 2360 3573 2414 Θεοῦ
3604 2361 3878 2430 εὐεργεσίας

2341 2454 2642 2524 τυγχάνων,
2690 2455 2789 2506 οὑκ
2836 2454 3151 2507 ἀποτίννυσι
3191 2454 3289 2525 τὴν
3337 2453 3579 2524 ὀφειλὴν.
3626 2453 3747 2506 Δέον
3798 2454 3879 2522 γὰρ

2340 2544 2713 2615 ὠφεληθέντα,
2736 2544 2871 2616 ἔργα
2913 2544 3006 2597 καὶ
3051 2543 3279 2617 πράξεις
3309 2546 3612 2616 παρασχεῖν
3653 2544 3796 2609 ἀξίας
3826 2535 3879 2594 ὧν

2339 2636 2582 2705 εἴληφεν.
2627 2636 2683 2688 Ὁ
2718 2635 2775 2688 δὲ
2802 2636 2901 2689 οὐκ
2948 2636 3316 2698 ἀποτίννυσιν,
3363 2636 3515 2706 μένει
3559 2634 3617 2687 δὲ
3670 2636 3878 2705 ἄκαρπος

2337 2726 2447 2780 τῶν
2480 2728 2578 2800 τῆς
2606 2726 2952 2800 δικαιοσύνης
2990 2728 3184 2799 ἔργων.
3234 2729 3293 2782 Ὀ
3325 2727 3379 2781 δὲ
3415 2727 3643 2791 δίκαιος,
3676 2726 3879 2779 πλουτῶν

2339 2821 2396 2872 ἐν
2424 2819 2501 2890 τῷ
2538 2820 2678 2873 κατά
2707 2820 2838 2873 Θεὸν
2869 2820 3101 2891 πλούτῳ,
3135 2821 3394 2892 οίκτείρει
3429 2820 3522 2873 καὶ
3549 2820 3774 2891 παρέχει
3796 2819 3880 2879 τοῖς

2338 2910 2633 2980 δεομένοιςζ
2677 2911 2833 2964 Ἀλλά
2857 2914 2953 2966 καὶ
2986 2914 3036 2965 oi
3061 2912 3151 2982 τὸν
3183 2912 3387 2965 δίκαιον
3412 2910 3756 2980 εὐλογοῦντες
3782 2924 3881 2976 συγ-

2339 3000 2665 3071 κληρονόμοι
2694 3000 2859 3054 αὐτοῦ
2900 3001 3237 3070 γενήσονται.
3276 3001 3379 3053 ’Ἦν
3409 3000 3518 3069 γὰρ
3555 2999 3881 3070 ἐπηγγείλατο

2317 3077 2617 3162 ’ἀνωτέραν
2647 3095 2758 3155 τοῖς
2785 3091 3014 3154 δικαίοις
3038 3091 3400 3162 κληρονομίαν
3442 3095 3467 3145 δ
3500 3092 3677 3161 λόγος,
3715 3091 3879 3161 ταύτην

2337 3181 2508 3251 αὐτὴν
2551 3182 2646 3234 καὶ
2693 3184 2804 3245 τοῖς
2850 3180 3131 3248 εὐλογοῦσι
3173 3181 3264 3235 τὸν
3308 3182 3516 3235 δίκαιον
3553 3184 3879 3253 ὑπισχνεῖται,

2341 3272 2650 3337 ἀκολούθως
2680 3272 2758 3344 τῷ
2797 3273 2933 3345 πρὸς
2962 3273 3056 3327 τὸν
3096 3272 3345 3345 Ἀϐραάμ
3376 3275 3611 3346 χρησμῷ
3653 3277 3876 3347 φήσαντι·

2339 3366 2449 3419 Kal
2482 3364 2794 3435 εὐλογήσω
2826 3365 2969 3431 τοὺς
3009 3366 3414 3437 εὐλογοῦντάς
3461 3382 3552 3420 σε.
3588 3368 3663 3420 Τὸ
3695 3368 3768 3431 δὲ,
3796 3368 3879 3421 Kal

2338 3459 2395 3509 οἱ
2432 3456 2828 3526 καταρώμενοι
2859 3457 3045 3510 αὐτὸν
3074 3457 3709 3525 ἐξολοθρευθήσονται,
3733 3460 3883 3529 ὅμοιον

2338 3545 2405 3600 ἂν
2438 3546 2524 3615 εἴη
2566 3546 2641 3616 τῷ
2669 3545 2982 3617 λελεγμένῳ
3012 3547 3148 3618 πρὸς
3178 3548 3267 3600 τὸν
3310 3547 3557 3619 Ἀϐραάμ
3579 3564 3592 3576 ·
3640 3547 3755 3609 Καὶ,
3774 3547 3884 3611 τοὺς

2337 3636 2785 3705 καταρωμένους
2809 3652 2883 3690 σε
2906 3623 3333 3708 καταράσομαι.
3362 3639 3573 3709 Ὥσπερ
3600 3639 3709 3714 γὰρ
3739 3642 3765 3692 ό
3791 3638 3883 3707 βαλ-

2335 3726 2442 3779 λων
2480 3725 2625 3784 λίθον
2664 3729 2743 3791 είς
2778 3727 2912 3801 ὕψος
2938 3728 3030 3779 ἐπὶ
3060 3730 3157 3799 τὴν
3197 3729 3436 3799 κεφαλὴν
3479 3731 3678 3784 ἑαυτοῦ
3710 3731 3880 3801 βάλλει,

2333 3817 2505 3880 οὕτως
2541 3821 2569 3872 ὁ
2600 3818 2870 3887 κατάραις
2899 3818 3106 3888 βάλλων
3131 3819 3221 3871 τὸν
3248 3819 3475 3883 δίκαιον,
3506 3821 3593 3874 διὰ
3620 3821 3683 3875 τὸ
3713 3821 3782 3892 μὴ
3809 3821 3880 3873 δύ-

2334 3909 2529 3964 νασθαι
2558 3911 2802 3981 κατάραν
2830 3902 3077 3962 ἵστασθαι
3100 3911 3221 3963 κατ’
3245 3911 3432 3977 αὐτοῦ,
3454 3911 3881 3985 ἀντιστρέφουσαν

2332 4001 2500 4073 αὐτὴν
2531 4004 2609 4066 είς
2630 4001 2820 4054 ἑαυτὸν
2853 4000 3101 4071 λήψεται.

2400 4091 2567 4159 Παρὰ
2592 4091 2815 4159 Κυρίου
2860 4091 2931 4143 τὰ
2980 4084 3308 4163 διαδήματα
3356 4091 3673 4162 ἀνθρώπου
3711 4110 3881 4167 natav-

2332 4184 2588 4237 θύνεται.
2629 4184 2773 4255 Πρὸς
2819 4187 2931 4249 τοῖς
2976 4187 3287 4257 εἰρημένοις
3328 4188 3422 4242 καὶ
3463 4188 3638 4241 ταῦτα
3682 4188 3877 4259 ὑπάρχει

2329 4274 2407 4345 τῷ
2432 4276 2525 4327 τοῦ
2560 4276 2693 4328 Θεοῦ
2737 4275 3039 4347 ἀνθρώπῳ’
3076 4280 3174 4342 τὰς
3212 4281 3364 4344 ὀδοὺς
3391 4280 3556 4333 αὐτοῦ
3604 4281 3877 4353 ὲξομαλίζει

2328 4368 2356 4419 ὁ
2390 4366 2538 4429 Θεὸς,
2569 4366 2709 4419 ὥστε
2758 4368 2966 4438 εὐροεῖν
3002 4371 3165 4424 αὑτοῦ
3192 4372 3289 4447 τὸν
3319 4371 3451 4441 βίον,
3493 4373 3589 4426 καὶ
3623 4376 3877 4443 ἀπαραπῡ·

2327 4456 2521 4520 δίστως
2571 4457 2863 4525 θεοσεϐεῖν,
2910 4462 3138 4532 μηδενὸς
3194 4464 3640 4528 ὑποσκελίζοντος
3688 4463 3770 4518 διὰ
3810 4461 3878 4512 τὸν

651 4555 777 4593 cum
801 4542 893 4609 qui
917 4558 1139 4613 gressus
1162 4544 1283 4613 ejus
1307 4545 1514 4616 dirigit,
1544 4557 1593 4600 et
1617 4548 1756 4599 ciam
1782 4550 1897 4617 ejus
1921 4549 2073 4616 volet,
2098 4552 2224 4619 quia

2341 4548 2730 4602 κατευθύνοντα
2776 4552 2939 4605 αὑτοῦ
2989 4553 3057 4605 τὰ
3095 4554 3425 4625 διαδήματα,
3470 4556 3570 4609 καί
3614 4555 3729 4621 τὴν
3762 4552 3879 4607 όδιέν

650 4632 801 4687 illam
833 4634 1225 4702 approbatione
1254 4637 1473 4708 dignam
1508 4648 1661 4708 parat
1688 4657 1702 4704 ;
1738 4641 1810 4693 ita
1840 4648 1898 4694 ut
1928 4640 2048 4695 ideo
2075 4640 2224 4695 dica-

650 4730 762 4789 tur,
789 4734 839 4776 et
869 4725 1003 4777 riam
1032 4726 1147 4795 ejus
1175 4728 1328 4782 volet.
1355 4726 1487 4783 Cum
1515 4731 1758 4785 ceciderit
1781 4750 1885 4787 non
1924 4734 2221 4799 collidatur,

648 4816 775 4885 quia
826 4814 1085 4873 Dominus
1128 4822 1369 4889 supponit
1410 4838 1623 4876 manum
1668 4841 1842 4882 suam.
1885 4824 1953 4881 .Si
2006 4828 2225 4898 quando

647 4908 932 4979 contingat
966 4925 1089 4964 eum
1121 4912 1230 4965 labi
1265 4922 1318 4967 et
1348 4912 1403 4983 in
1435 4912 1736 4973 tentatione
1761 4919 1993 4994 cadere,
2011 4936 2073 4975 ac
2124 4922 2226 4975 ini-

648 5000 958 5071 pingeutem
988 5002 1043 5058 in
1080 5012 1363 5074 peccatum
1389 5006 1685 5077 quodpiam
1714 5026 1891 5073 ruere,
1925 5027 2036 5068 non
2068 5013 2225 5068 colli-

648 5091 809 5146 detur
856 5100 1078 5162 tamen;
1110 5096 1205 5152 sed
1240 5105 1299 5152 ut
1337 5112 1638 5169 generosus
1678 5102 1900 5167 athleta,
1948 5120 2074 5159 cum
2110 5104 2220 5158 vim

650 5181 944 5252 perpessus
974 5187 1315 5261 aliquantum
1346 5193 1597 5259 cesserit,
1639 5194 1927 5267 confestim
1977 5211 2098 5253 sese
2136 5213 2224 5254 reo

648 5273 835 5346 cipiet.

719 5446 885 5506 ναις.
915 5450 1003 5512 25,
1043 5451 1136 5509 26.
1189 5453 1384 5509 Iunior
1426 5456 1524 5523 (ui,
1572 5450 1763 5512 Etenim
1810 5463 1979 5527 senui,
2024 5472 2219 5517 etnon

647 5544 750 5596 ridi
777 5545 990 5615 justum
1017 5546 1344 5615 derelictum,
1376 5567 1467 5606 nec
1495 5568 1665 5607 semen
1697 5552 1815 5624 ejus
1844 5570 2083 5625 querens
2123 5571 2219 5625 pa-

715 5702 756 5733 "
797 5699 931 5758 Gen.
965 5718 1066 5772 xu,
1104 5706 1157 5761 5.
1235 5708 1279 5738 ⁷·
1321 5708 1448 5763 ibid.

713 5848 788 5915 tl)
828 5846 1030 5909 Tenus
1058 5851 1287 5910 deﬁcere
1316 5857 1544 5913 videtur.

2332 4638 2518 4693 αὑτοῦ
2547 4642 2794 4707 θελήσει
2813 4684 2827 4706 ,
2858 4644 3128 4713 ἀποδοχῆς
3156 4645 3312 4709 ἀξίαν
3344 4644 3599 4697 ποιοῦντα
3618 4663 3629 4674 ·
3664 4646 3795 4697 ὥστε
3813 4642 3879 4694 λέο

2331 4731 2557 4800 γεσθαι,
2576 4734 2684 4786 Kal
2719 4734 2833 4801 τὴν
2856 4734 2999 4788 ὁδὸν
3027 4734 3213 4797 αὐτοῦ
3252 4735 3511 4815 θελήρνει.
3550 4738 3728 4788 Ὅταν
3747 4734 3876 4799 πέσῃ

2331 4826 2403 4877 οὐ
2457 4826 3043 4895 καταρραχθήοίεται,
3106 4826 3189 4881 ὅτι
3221 4828 3439 4894 Κύριος
3513 4824 3877 4895 ἀντιστηρίζει
3934 4824 3935 4895 ᾗ

2333 4913 2500 4983 χεῖρα
2540 4917 2746 4970 αὑτοῦ.
2775 4918 2838 4969 El
2881 4916 2937 4969 δὲ
2982 4916 3074 4970 καὶ
3126 4912 3311 4968 πεσεῖν
3340 4917 3498 4968 αὐτόν
3529 4934 3662 4970 ποτε
3690 4916 3877 4982 ὀλισθή-

2334 5021 2501 5058 σαντα
2548 5007 2750 5078 συμϐῇ,
2796 5010 2889 5060 καὶ
2925 5009 2982 5059 ἐν
3038 5007 3323 5077 πειρασμῷ
3372 5007 3879 5079 γενόμενος-ὀλισθή-
3934 5014 3935 5079 ς

2332 5115 2493 5165 σειεν,
2539 5100 2774 5164 ὀκλάσας
2805 5118 2864 5152 τε
2917 5100 3180 5153 ὕποπέσοι
3218 5100 3322 5153 τινί
3374 5082 3750 5174 ἁμαρτήματι,

2328 5190 2388 5242 οὐ
2426 5192 2938 5263 καταρῤαχθήσεται
2963 5210 2974 5220 ·
3026 5187 3113 5244 οἵα
3157 5191 3488 5261 δὲῖγενναῖος
3537 5195 3773 5267 ἀθλητὴς
3803 5195 3875 5245 ὲκ·

2330 5281 2571 5349 ϐιασθεὶς
2610 5283 2703 5337 καὶ
2732 5283 2867 5354 πρὸς
2895 5282 3070 5350 ὀλίγον
3101 5281 3304 5347 ἐνδοὺς,
3340 5274 3685 5358 παραχρῆμα
3714 5282 3875 5339 ἑαυτὸν
3934 5286 3935 5353 l

2329 5374 2679 5447 ἀναλήψεται.

2398 5466 2691 5536 Νεώτερος
2748 5468 3063 5538 ἐγενόμην,
3126 5468 3222 5523 καί
3281 5468 3389 5538 γὰρ
3442 5469 3734 5539 ἐγήρασα,
3796 5474 3871 5517 και
3934 5466 3935 5539 1

2327 5559 2437 5614 οὐκ
2460 5556 2623 5617 εἶϐον
2651 5561 3580 5649 δικαιον,ὲγκατα.ιελειμμένον,
3637 5559 3775 5618 οὐδὲ
3824 5559 3871 5608 τὸ
