3966 6344
87 459 174 510 533
1180 442 1675 507 COMMENTARIA
1716 452 1782 506 IN
1823 450 2156 509 PSALMOS.

3185 449 3288 510 εει

88 573 300 640 σπέρμα
330 572 517 624 αὐτου
535 569 754 638 Ᾱὴῖοῦν
807 571 1042 640 ἄρτους.
1111 572 1245 624 Ἀλλ’
1311 571 1379 627 t‘x-
1428 573 1616 627 παίδω

1729 591 1838 629 nu.
1881 577 1922 628 Α
1951 589 2157 645 puero,
2201 574 2406 644 inquit,
2460 574 2526 628 ad
2580 577 2912 631 senectutem
2942 589 3114 646 usque
3153 576 3290 645 justi

85 666 225 732 μέχρι
289 663 477 732 γήρως
541 663 632 714 τὸν
699 662 793 715 τοῦ
852 662 1057 716 δικαίου
1123 666 1622 736 περιεργασάμενος

86 754 201 821 βίον.
236 753 351 805 Ὀτι
379 751 498 805 οὐδὲ
526 746 605 816 εἷς
640 753 824 821 γέγονε
852 754 1036 825 καιρὸς
1070 754 1189 806 καθ’
1213 755 1270 807 ὃν
1303 755 1504 828 ἔρημος
1529 775 1624 810 κα-

84 842 404 896 ταλέλειπται
448 846 477 896 ὁ
524 843 746 906 δίκαιος,
778 845 863 896 ἀεὶ
911 844 966 898 δὲ
1000 845 1264 916 πάρεδρον
1309 847 1398 902 καὶ
1433 847 1624 920 βοηθὸν

83 935 321 1004 κέκτηται
366 933 456 986 τὸν
486 933 677 986 ἑαυτοῦ
718 934 936 1002 Κύριον.
969 934 1057 986 Διό
1091 951 1280 1004 φησιν·
1330 936 1624 1005 Νεὼτερος

78 1026 363 1093 ἐγενόμην,
399 1027 431 1094 ἱ]
477 1026 614 1078 κατὰ
654 1026 743 1078 τὸν
775 1025 1086 1096 Σύμμαχον,
1134 1027 1271 1092 νέος
1311 1028 1620 1098 ἐγενόμην,

75 1117 213 1172 ἀλλὰ
261 1117 355 1170 καὶ
384 1115 670 1186 ἐγήρασα,
705 1117 801 1170 καί
832 1121 942 1171 οὐκ
982 1115 1143 1171 εἶδον
1185 1118 1415 1172 δίκαιον
1453 1120 1623 1188 ἐγκα-

75 1209 537 1278 ταλελειμμένον,
585 1209 726 1263 οὐδὲ
778 1211 841 1262 τὸ
897 1196 1133 1280 σπέρμα
1179 1213 1364 1266 αὑτοῦ
1411 1211 1622 1280 ζητοῦν

72 1303 290 1368 όρτους.
325 1301 431 1352 Καὶ
461 1299 577 1363 πῶς
614 1299 723 1371 γὰρ
751 1295 860 1354 οἷόν
890 1319 948 1355 τε
980 1298 1047 1372 ἦν
1076 1302 1135 1355 τῗ)
1181 1305 1399 1374 σπέρμα
1426 1305 1520 1357 τοῦ
1546 1307 1622 1358 δι-

73 1391 211 1443 καίου
258 1391 436 1454 ἐνδεὲς
479 1391 658 1461 ἄρτων
705 1391 974 1458 γενέσθαι,
1009 1394 1168 1446 ὁπότε
1216 1394 1374 1455 αὐτὸς
1417 1394 1502 1447 διὰ
1533 1396 1621 1447 τὶν

71 1485 203 1553 παρὰ
250 1483 342 1536 τοῦ
391 1483 526 1536 Θεοῦ
576 1485 975 1556 χορηγούμενον
1025 1487 1171 1556 αὐτῷ
1201 1483 1424 1540 πλι.ὖτον
1469 1487 1621 1553 ὅλην

69 1577 168 1645 τὴν
207 1576 432 1646 ἡμέραν
472 1577 632 1631 ἐλεεῖ
664 1578 759 1630 καί
793 1576 1076 1642 δανείζει;
1109 1580 1340 1650 Νοήσεις
1383 1579 1437 1632 δὲ
1471 1580 1621 1632 τοῦτο

68 1671 192 1721 κατά
237 1670 338 1739 μὲν
365 1669 463 1740 τήν
494 1670 732 1724 διάνοιαν
785 1670 991 1742 μαθὼν,
1025 1671 1127 1735 ὅτι,
1168 1671 1402 1725 τάλαντα
1442 1671 1617 1723 λαθὼν

68 1760 202 1828 παρὰ
231 1760 326 1835 τοῦ
360 1763 736 1816 οἰκοδεσπότου
776 1765 869 1816 καὶ
913 1763 1012 1834 τὴν
1048 1766 1181 1833 μνᾶν
1215 1765 1313 1835 τήν
1346 1764 1493 1835 παρὰ
1526 1765 1617 1817 τού

66 1854 274 1923 Κυρίου,
318 1857 384 1924 τῇ
430 1855 634 1909 τούτων
679 1857 875 1928 χρῆται
918 1859 1272 1930 πραγματείᾳ
1311 1857 1619 1930 πειθαρχῶν

64 1944 130 2012 τῷ
155 1947 381 2014 φήσαντι
402 1963 415 1975 ⁸
450 1947 603 2001 Ἔδει
635 1962 708 2000 σε
735 1948 799 2000 τὸ
833 1949 1116 2016 ἀργύριόν
1145 1967 1265 2018 μου
1285 1951 1505 2014 ,βαλεῖν
1535 1953 1620 2017 είς

64 2036 354 2103 τράπεζαν.
407 2037 484 2092 Τὰ
529 2041 702 2109 λόγια
743 2043 962 2106 Κυρίου
999 2044 1175 2111 λόγια
1220 2042 1390 2110 ἁγνὰ,
1440 2043 1619 2112 ἀργύ-

63 2145 178 2191 ριον
226 2129 676 2200 πεπυρωμένον,
725 2129 996 2207 δοκίμιον
1039 2132 1112 2200 τῇ
1167 2132 1262 2200 γῇ.
1317 2135 1375 2185 '0
1443 2135 1619 2188 τοίνυν

62 2222 402 2293 ἀνακείμενος
433 2226 499 2294 τῇ
529 2223 638 2277 τῶν
666 2223 823 2278 θείων
855 2226 1084 2296 ἀσκήσει
1110 2225 1301 2294 λόγων,
1330 2228 1420 2280 καὶ
1451 2227 1619 2282 πολλὰ

62 2315 233 2382 λογικὰ
259 2318 520 2387 χρήματα
551 2301 889 2386 συναγαγὼν,
915 2319 1066 2372 οὐδὲν
1097 2318 1282 2391 ἕτερον
1309 2315 1429 2373 οῖδε-
1448 2322 1617 2392 πράτ-

60 2425 174 2470 τειν,
204 2407 235 2478 ἢ
265 2407 355 2461 διὰ
378 2409 558 2480 πάσης
589 2411 798 2482 ἡμέρας
839 2410 1008 2463 ἐλεεῖν
1035 2411 1129 2464 καὶ
1156 2411 1439 2476 δανείζειν.
1463 2413 1618 2466 Κατὰ

59 2501 107 2552 δὲ
145 2501 233 2553 τὸν
284 2501 540 2566 Ἀκύλαν,
575 2501 730 2570 ὅλην
772 2502 887 2569 τὴν
933 2502 1163 2573 ἡμέραν
1208 2503 1472 2572 δωρεῖται
1520 2505 1618 2558 καί

58 2593 318 2651 δανείζει·
361 2597 477 2657 τοῖς
522 2592 619 2664 μὲν
658 2595 930 2665 δωρεῖται,
974 2599 1086 2658 τοῖς
1119 2595 1187 2648 «δὲ
1227 2595 1454 2662 δανείζει
1482 2613 1496 2626 ·
1549 2597 1618 2650 τὰ

60 2685 144 2753 μὲν
166 2685 413 2755 δόγματα
453 2684 782 2756 θεωρήματα
819 2686 1070 2756 δωρεῖται
1094 2689 1211 2750 ταῖς
1244 2686 1353 2739 τῶν
1380 2687 1618 2759 χωρούν-

56 2792 150 2828 των
176 2778 406 2846 ψυχαῖς·
442 2776 511 2829 τὰ
549 2777 592 2829 δ’
621 2779 680 2830 ὲν
723 2777 938 2846 ἠθικαῖς
967 2778 1208 2839 ἐντολαῖς
1249 2778 1499 2842 δανείζει,
1525 2782 1618 2833 ἐπὶ

57 2867 123 2937 τῷ
163 2869 285 2930 τοὺς
324 2867 614 2938 εἰληφότας
645 2855 729 2921 δι”
754 2868 929 2940 ἔργων
957 2869 1047 2921 τὸν
1078 2868 1287 2937 καρπὸν
1329 2870 1616 2935 ἀποδοῦναι

57 2959 136 3012 τοῦ
161 2960 372 3024 δάνους.
419 2956 606 3025 οὕτως
634 2957 836 3032 ἀκούσῃ
860 2957 956 3015 καὶ
981 2955 1258 3025 Μωῦσέως
1289 2962 1616 3030 ἐπαγγελλο-

58 3053 200 3122 μένου
245 3055 361 3116 τοῖς
399 3051 507 3106 τῶν
549 3049 706 3107 θείων
755 3052 937 3124 νόμων
977 3051 1229 3122 φύλαξιν·
1270 3052 1350 3117 τὸ,
1392 3053 1616 3119 Δανιεῖς

54 3143 238 3200 ἔθνεσι
286 3144 563 3211 πολλοῖς,
607 3145 688 3199 σὺ
721 3143 788 3197 δὲ
819 3146 892 3200 οὐ
925 3142 1131 3198 daresi.
1161 3146 1273 3199 Καὶ
1314 3145 1500 3199 τοῦτόν
1550 3163 1614 3213 γε

53 3239 131 3291 τὸν
167 3240 370 3312 τρόπον
403 3238 452 3292 οἱ
489 3238 620 3292 θεῖοι
657 3237 942 3312 ἀπόστολοι
969 3237 1247 3326 ’ἐδάνειζον
1277 3238 1454 3292 ἔθνεσι
1483 3234 1614 3292 πολ-
1641 3269 1684 3328 c

53 3332 169 3400 λοῖς,
197 3333 295 3388 καὶ
327 3332 565 3404 μάλιστα
589 3348 653 3401 γε
683 3334 711 3385 ό
741 3319 979 3394 Παῦλοςί
1013 3331 1104 3384 καὶ
1134 3331 1220 3384 διὰ
1249 3330 1404 3384 τοῦτο
1438 3331 1488 3385 οἱ
1515 3350 1616 3402 μα-

54 3423 402 3495 θητευόμενοιο
417 3421 620 3490 αὐτοῖς,
644 3425 862 3494 σπέρμα
881 3423 1033 3487 ὄντες
1051 3423 1250 3488 αὐτῶν,
1277 3424 1615 3478 οὐδεπώποτε

54 3513 234 3577 ἐνδεεῖς
261 3509 408 3584 ἦσαν
438 3516 619 3583 ἄρτων
641 3530 656 3545 ο
692 3512 786 3566 ἅτε
819 3511 885 3582 δὴ
923 3510 1137 3581 ἔχοντες
1165 3513 1292 3577 τοὺς
1319 3515 1616 3585 χορηγοῦνο

54 3621 139 3667 τας
175 3605 358 3668 αὐτοῖς
405 3603 503 3674 τὴν
550 3602 772 3672 λογικὴν
811 3601 1034 3673 τροφὴν,
1068 3596 1136 3673 ἦς
1178 3602 1616 3674 μεταλαμϐάνονδ

51 3713 149 3763 τες,
198 3693 477 3765 εὐλογίαις
522 3694 873 3767 ἐπληροῦντο.
926 3692 1016 3748 Διὸ
1063 3694 1343 3748 λέλεκταιδ
1389 3697 1499 3751 Καὶ
1548 3696 1615 3750 τὸ

53 3787 272 3860 σπέρμα
308 3784 501 3844 αὑτοῦ
528 3790 616 3856 εὶς
652 3788 936 3857 εὐλογίαν
975 3785 1166 3840 ἔσται.
1184 3788 1308 3842 ’Καὶ
1351 3788 1490 3841 κατὰ
1526 3788 1616 3857 ψι-

52 3880 136 3953 λὴν
163 3882 218 3936 δὲ
252 3882 356 3954 τὴν
383 3879 548 3946 λέξιν,
582 3880 636 3934 εί
661 3897 745 3944 τις
784 3879 1060 3950 λογίσαιτο
1093 3881 1243 3943 ὅπως
1285 3878 1500 3952 εἴρηται
1537 3879 1613 3950 τῷ

52 3973 246 4046 Σωτῆρι
282 3974 370 4038 τὰ,
400 3975 509 4029 Καὶ
543 3974 615 4027 ἐν
641 3972 722 4039 τῷ
744 3972 908 4027 αιῶνι
940 3973 1128 4039 τούτῳ
1173 3972 1614 4026 ἑκατονταπλα-

52 4067 212 4119 σίονα
235 4066 521 4136 λήψεται,
552 4065 732 4137 ἔργοις
773 4081 834 4117 τε
877 4067 1060 4136 αὐτοῖς
1093 4065 1346 4120 θεάσαιτο
1376 4065 1611 4138 πληρού-

55 4174 196 4226 μενον
227 4157 322 4212 τὸν
367 4159 524 4227 λόγον
575 4157 664 4211 διὰ
710 4156 817 4210 τῶν
869 4157 1035 4211 αὑτοῦ
1103 4157 1378 4230 μαθητῶν,
1424 4158 1611 4228 ὄψεται

53 4248 156 4310 πῶς
176 4250 202 4301 ό
224 4248 438 4311 δίκαιος
461 4247 588 4319 ὅλην
620 4247 715 4318 τὴν
741 4248 951 4319 ἡμέραν
975 4249 1117 4302 ἐλεεῖ
1143 4247 1235 4303 καὶ
1261 4247 1512 4314 δανείζει.
1548 4250 1611 4303 El

51 4338 145 4408 γὰρ
171 4339 394 4393 πάντων
421 4337 530 4390 τῶν
559 4337 920 4392 πιστευόντων
945 4334 1014 4408 ἦν
1041 4341 1073 4408 ἠ
1118 4339 1264 4410 ψυχὴ
1297 4340 1390 4394 καὶ
1416 4342 1449 4412 ή
1479 4358 1612 4412 καρ-

50 4426 126 4482 δία
173 4429 290 4499 μία,
349 4429 445 4482 καὶ
487 4429 658 4493 οὐδεὶς
709 4426 892 4496 ἔλεγεν
937 4428 1066 4515 ῐδιόν
1105 4447 1156 4483 τι
1210 4432 1402 4485 ἑαυτοῦ
1450 4428 1608 4495 εἶναι,

51 4519 151 4574 ἀλλ’
182 4517 251 4592 ἦν
272 4521 456 4575 πάντα
495 4524 668 4584 κοινὰ,
694 4522 807 4575 ὅσοι
841 4530 912 4575 τε
932 4517 1073 4593 ἦσαν
1103 4523 1283 4596 κύριοι
1313 4526 1609 4596 κτημάτων

1724 667 1889 720 vitam
1917 667 2156 722 studiose
2181 666 2441 736 perpendi
2467 684 2480 721 :
2526 665 2672 720 nullo
2705 667 2906 737 quippe
2934 673 3176 736 tempore
3199 667 3290 737 luo

1725 765 1845 811 stus
1870 757 2155 818 deseritur,
2186 759 2279 812 sed
2313 755 2598 810 Dominum
2648 771 2805 813 suum
2848 771 3064 827 semper
3106 769 3292 813 astan-

1723 856 1830 902 tem
1859 851 2348 918 opitulatoremque
2376 848 2558 904 habet.
2591 847 2770 914 Quare
2811 849 2919 913 ait,
2954 849 3142 919 junior
3179 850 3288 920 fui,

1723 941 1837 995 sive
1866 940 2164 995 secundum
2199 939 2604 1012 Symmachum,
2631 941 2837 1010 juvenis
2859 941 2959 1010 fui,
2986 941 3076 995 sed
3101 944 3250 997 senui
3273 982 3288 1010 ,

1720 1041 1770 1086 et
1792 1049 1893 1086 non
1925 1033 2028 1086 vidi
2051 1032 2259 1102 justum
2287 1031 2589 1086 derelictum
2612 1071 2627 1096 ,
2660 1047 2750 1084 nec
2794 1047 2965 1085 semen
2995 1031 3110 1101 ejus
3145 1048 3290 1103 qua!—

1721 1139 1838 1175 rens
1866 1139 2047 1187 panes.
2081 1121 2145 1174 Et
2171 1121 2286 1191 qui,
2319 1135 2526 1190 quaeso,
2551 1129 2730 1190 potest
2755 1120 2889 1190 justi
2920 1136 3103 1176 semen
3130 1136 3291 1192 egere

1721 1216 1974 1286 panibus,
2007 1214 2226 1285 quando
2263 1215 2399 1283 ipse,
2453 1213 2563 1269 Deo
2605 1213 2825 1268 divitias
2869 1214 2971 1269 sibi
3024 1215 3291 1270 submini-

1720 1317 1948 1372 strante,
1984 1317 2095 1361 tota
2118 1305 2203 1360 die
2228 1306 2504 1381 miseretur
2531 1313 2581 1359 et
2611 1306 2953 1361 commodat?
2981 1305 3106 1361 Haec
3127 1320 3293 1376 porro

1719 1401 1990 1470 intelligas
2040 1415 2103 1452 ac
2135 1406 2317 1454 mente
2364 1397 2653 1468 percipias,
2687 1399 2734 1454 si
2765 1398 3056 1454 edidiceris
3112 1399 3291 1469 ipsum

1718 1506 1840 1545 cum
1865 1491 2063 1545 talenta
2093 1506 2121 1542 a
2147 1488 2554 1560 patrel'amilias,
2584 1496 2638 1544 et
2671 1478 2850 1544 mnam
2882 1505 2911 1544 ο
2945 1488 3175 1545 Domino
3200 1505 3293 1545 ac-

1717 1583 1978 1650 cepisset,
2011 1581 2078 1635 iis
2109 1581 2175 1634 ad
2207 1581 2634 1651 negotiationem
2673 1597 2830 1636 usum
2863 1596 2984 1637 esse
3004 1621 3017 1644 ,
3063 1581 3292 1637 Domino

1717 1673 2178 1743 obtemperantem
2223 1671 2296 1725 ita
2325 1672 2609 1741 loquenti:
2649 1673 2896 1741 Oportuit
2929 1682 2976 1726 te
3015 1675 3292 1741 pecuniam

1721 1781 1886 1819 meam
1901 1764 2092 1833 jecisse
2121 1763 2188 1814 ad
2219 1779 2452 1816 mensam
2475 1762 2540 1817 ".
2575 1761 2799 1832 Eloquia
2822 1763 3054 1830 Domini,
3084 1764 3291 1834 eloquia

1718 1866 1889 1918 casta,
1909 1861 2178 1925 argentum
2201 1855 2317 1922 igne
2346 1856 2726 1920 examinatum,
2751 1855 3028 1924 probatum
3050 1865 3203 1911 terra:
3220 1857 3286 1911 ῖδ.

1653 1927 1693 1984 Β
1718 1948 1982 2017 Quisquis
2013 1947 2179 2017 igitur
2199 1945 2368 2000 divini
2404 1948 2672 2002 sermonis
2695 1950 2956 2003 exercitio
2987 1950 3285 2013 incumbit,

1720 2040 2027 2108 multasque
2081 2036 2431 2092 rationabiles
2474 2036 2692 2094 divitias
2749 2039 2992 2110 colligit,
3048 2039 3094 2094 is
3147 2040 3285 2094 nihil

1719 2131 1866 2185 aliud
1898 2146 2058 2200 agere
2094 2132 2272 2191 novit,
2314 2145 2473 2200 quam
2505 2137 2564 2184 ut
2594 2138 2708 2186 tota
2734 2132 2821 2187 die
2868 2133 3192 2187 misereatur
3235 2143 3289 2189 et

1718 2221 2046 2276 commodet.
2077 2219 2385 2274 Secundum
2434 2221 2687 2291 Aquilam
2723 2238 2854 2278 vero
2877 2262 2894 2288 ,
2940 2233 3050 2278 tota
3081 2225 3163 2279 die
3195 2225 3288 2279 dat

1717 2323 1764 2367 et
1798 2312 2130 2390 commodat:
2160 2314 2281 2366 aliis
2320 2312 2538 2382 quidem
2593 2313 2726 2378 dat,
2775 2316 2896 2370 allis
2929 2323 3108 2371 autem
3141 2332 3291 2371 com-

1717 2405 1938 2471 modat;
1972 2405 2223 2476 dogmata
2253 2404 2318 2458 ad
2368 2407 2793 2475 speculationem
2839 2407 2933 2462 dat
2963 2407 3031 2464 iis
3057 2423 3288 2480 quorum

1653 2499 1695 2553 ⁹,
1717 2511 1947 2566 capaces
1980 2497 2172 2551 animae
2202 2505 2359 2562 sunt;
2396 2498 2621 2552 moralia
2660 2507 2926 2569 praecepta
2955 2501 3285 2562 commodat.

1718 2601 1778 2644 ut
1811 2591 1904 2660 qui
1938 2590 2288 2660 acceperint,
2350 2599 2540 2645 mutuo
2578 2592 2788 2661 accepti
2843 2592 3081 2648 fructum
3112 2595 3291 2664 operi-

1717 2683 1819 2739 bus
1848 2682 2095 2738 reddant.
2135 2683 2226 2738 Sic
2255 2683 2446 2738 audias
2480 2683 2717 2753 Hoysem
2759 2683 3065 2743 divinarum
3111 2685 3288 2755 legum

1715 2775 2017 2830 cultoribus
2080 2775 2185 2829 hoc
2243 2775 2588 2843 pollicentem
2629 2795 2640 2828 :
2691 2774 3001 2830 anerabt's
3048 2775 3287 2845 gentibus

1717 2870 1918 2929 multis,
1951 2876 2001 2920 et
2032 2876 2086 2918 tu
2136 2884 2238 2920 non
2293 2867 2442 2936 fenus
2481 2857 2712 2936 accipies
2751 2869 2817 2920 ".
2885 2867 2950 2921 Et
2996 2884 3063 2924 eo
3099 2871 3288 2939 utiqno
3329 2922 3331 2925 .

1715 2956 1876 3014 modo
1912 2958 2082 3012 divini
2116 2960 2347 3029 apostoli
2380 2960 2723 3016 frenerabsnt
2756 2961 3012 3031 gentibus
3042 2963 3241 3018 multis
3267 2996 3285 3029 ,

1715 3051 2058 3121 maximeque
2089 3048 2290 3105 Paulus
2331 3070 2345 3106 :
2387 3051 2562 3122 ‘q'uare
2607 3051 2864 3123 discipuli
2909 3066 3101 3108 eorum
3126 3093 3142 3118 ,
3174 3056 3287 3122 qut

1718 3157 1905 3200 semen
1942 3144 2183 3214 ipsorum
2226 3153 2404 3209 erant,
2435 3135 2715 3216 nunquam
2749 3146 2977 3216 egebant
3011 3147 3244 3218 panibus
3268 3183 3284 3211 ,

1718 3245 1904 3308 utpote
1930 3238 2130 3308 quibus
2153 3239 2410 3294 adessent
2428 3239 2523 3309 qui
2544 3239 2918 3296 rationabilem
2948 3241 3129 3295 cibum
3151 3246 3287 3310 sup-

1717 3327 2019 3399 peditarent
2049 3347 2060 3382 :
2100 3329 2257 3398 cujus
2293 3328 2588 3400 participes
2614 3343 2740 3383 cum
2793 3337 3011 3393 essent,
3065 3329 3290 3385 benedi-

1716 3422 1990 3477 ctionibus
2019 3423 2389 3491 replebantur.
2419 3420 2782 3487 Quamobrem
2810 3421 3016 3478 dictum
3051 3432 3133 3476 est
3152 3461 3166 3484 ,
3216 3420 3290 3475 Et

1716 3519 1887 3568 semen
1910 3514 2022 3583 ejus
2045 3515 2098 3567 in
2122 3513 2476 3567 benedictione
2509 3514 2635 3568 erit;
2675 3511 2740 3567 Si
2770 3513 2896 3583 quis
2929 3525 3058 3566 vero
3081 3525 3285 3567 secuns

1714 3607 1843 3660 dum
1883 3608 2081 3661 nudam
2130 3607 2414 3661 lectionem
2462 3619 2646 3661 secum
2694 3604 3025 3674 reputaverit
3052 3620 3158 3673 qua
3190 3599 3283 3657 ra-

1715 3697 1862 3752 tione
1901 3713 1930 3750 a
1961 3695 2240 3751 Salvatore
2272 3697 2478 3751 dictum
2510 3697 2614 3760 sit,
2653 3694 2717 3749 In
2751 3683 2853 3751 ~hoc
2877 3695 3072 3753 sabulo
3104 3704 3285 3749 centu-

1712 3787 1857 3857 plum
1887 3789 2094 3856 recipiet
2121 3786 2188 3851 ⁷⁸,
2215 3803 2439 3858 remque
2486 3803 2651 3858 opere
2688 3802 2786 3858 per
2831 3787 2953 3856 ejus
2984 3787 3284 3857 discipulOs

1713 3879 2116 3949 comprobatam
2170 3879 2406 3942 viderit,
2479 3880 2526 3934 is
2581 3894 2714 3935 sane
2763 3877 3285 3950 deprehendet.quo

1712 3979 1875 4040 pacto
1896 3969 2082 4040 justus
2107 3977 2221 4024 tota
2244 3970 2333 4024 die
2363 3969 2686 4024 misereatur
2717 3977 2771 4024 et
2799 3968 3128 4026 commodet.
3149 3969 3284 4024 Nam

1713 4062 1759 4117 si
1787 4061 2028 4118 omnium
2061 4061 2300 4116 ﬁdelium
2331 4077 2426 4116 cor
2453 4077 2620 4116 unum
2659 4069 2714 4117 et
2765 4062 2946 4116 anima
2981 4076 3086 4116 una
3123 4071 3241 4116 erat
3269 4099 3282 4125 .

1711 4155 2005 4226 nullusque
2036 4154 2252 4208 dicebat
2281 4155 2382 4209 sibi
2417 4156 2545 4224 quid
2575 4155 2853 4225 proprium
2887 4168 3030 4218 esse,
3066 4153 3155 4206 sed
3178 4169 3286 4207 om-

1712 4242 1803 4294 nia
1829 4249 1980 4317 erant
2029 4242 2350 4305 communia,
2383 4248 2437 4295 et
2468 4249 2734 4310 quotquot
2764 4253 3110 4308 possessores
3141 4253 3283 4306 pra:-

1711 4333 1926 4388 diorum
1956 4341 2134 4397 erant,
2163 4333 2461 4406 vendentes
2493 4333 2766 4401 ponebant
2809 4340 2934 4384 ante
2961 4331 3127 4399 pedes
3153 4344 3292 4399 ape--

1712 4431 2000 4496 stolorum,
2032 4430 2458 4500 dividebantque
2502 4427 2731 4498 singulis
2763 4435 2919 4494 prout
2947 4427 3128 4494 cuique
3153 4441 3288 4491 apus-

1709 4533 1824 4577 erat
1852 4522 1931 4586 ⁷⁷;
1967 4520 2314 4577 manifestum
2343 4535 2473 4576 sane
2505 4527 2589 4573 est
2627 4519 2772 4588 ipsos
2809 4526 2921 4571 tota
2950 4519 3036 4572 die
3084 4518 3282 4572 miser.

54 4614 438 4684 πιπράσκοντες
470 4610 715 4667 ἐτίθεσαν
740 4614 890 4683 παρὰ
905 4615 1032 4678 τοὺς
1055 4608 1222 4679 πόδας
1251 4616 1356 4670 τῶν
1377 4617 1607 4670 ἀποστό-

1715 4623 1797 4670 tos
1829 4630 1952 4670 esse
1977 4621 2030 4668 et
2059 4613 2463 4667 commodasse..

52 4703 162 4768 λων,
190 4703 496 4776 διεμέριζόν
512 4721 570 4758 τε
592 4700 824 4777 ἑκάστῳ,
858 4704 1044 4758 καθότι
1073 4705 1138 4760 ἄν
1158 4716 1243 4769 τις
1267 4708 1454 4778 χρείαν
1476 4705 1608 4779 εῐχε⁶
1629 4707 1784 4780 δῆλον
1811 4707 1962 4769 ὅπως
1984 4705 2111 4776 ὃλην
2131 4705 2229 4775 τὴν
2261 4705 2470 4775 ἡμέραν
2496 4696 2638 4756 οὗτοι
2669 4704 2858 4774 ήλέουν
2880 4705 2971 4757 καὶ
2995 4700 3280 4766 ὲδάνειζον.

115 4824 432 4880 Ἕλκλινον
472 4821 590 4879 ἀπὸ
638 4824 847 4888 κακοῦ,
896 4825 994 4878 καὶ
1045 4825 1305 4893 ποίησον
1355 4820 1600 4898 ἀγαθόν.

65 4910 449 4987 Ἐλευθερώσας
495 4912 716 4970 σεαυτὸν
763 4912 941 4988 πάσης
985 4908 1322 4982 κακίας,’ὲπὶ
1369 4920 1450 4971 σοὶ
1497 4921 1607 4991 γάρ

54 5005 152 5061 ἐστι
178 5001 356 5072 τοῦτο,
392 5009 484 5063 καὶ
520 5007 796 5082 βουληθεὶς
838 5009 1043 5081 δυνήσῃ
1063 5025 1075 5038 ·
1119 5008 1182 5061 οὐ
1225 4997 1334 5080 μὴν
1381 5010 1481 5083 ήδη
1516 5012 1605 5066 τέ-

55 5095 176 5163 λειος
206 5100 302 5173 ἔσῃ
345 5091 507 5156 τοῦτο
534 5098 765 5174 πράξας,
790 5104 838 5155 εί
890 5102 965 5173 μή
997 5098 1090 5156 καὶ
1131 5095 1192 5154 τὸ
1223 5100 1474 5174 δεύτερόν
1526 5122 1607 5158 σοι

60 5185 234 5261 παρείη
261 5211 272 5222 ο
305 5179 465 5245 τοῦτο
489 5192 532 5246 δ’
561 5188 678 5246 ἐστὶ
703 5184 763 5246 τὸ
784 5189 1106 5265 ἐργάζεσθαι
1132 5184 1192 5246 τὸ
1219 5191 1438 5261 ἀγαθόν.
1464 5195 1607 5266 Πρὸς

57 5277 148 5351 γὰρ
174 5277 232 5332 es
266 5280 343 5352 μὴ
372 5274 625 5336 κλέπτειν
649 5286 913 5355 προσήκει
941 5302 1000 5338 σε
1039 5281 1132 5338 καὶ
1159 5282 1267 5336 τῶν
1301 5283 1406 5336 σῶν
1436 5285 1609 5357 ὓπαρ-

57 5372 235 5442 χόντων
280 5375 394 5439 τοῖς
443 5375 716 5445 δεομένοις
758 5375 1032 5432 κοινωνεῖν
1055 5396 1067 5408 ·
1113 5379 1207 5432 καὶ
1252 5378 1387 5450 πρὸς
1427 5371 1487 5433 τὸ
1532 5381 1605 5451 μὴ

58 5460 398 5530 πλεονεκτεῖν,
429 5466 635 5538 ἕτερον,
665 5464 726 5520 τδ
767 5471 860 5524 καὶ
907 5466 1211 5543 εὐεργετεῖν
1252 5472 1377 5536 τοὺς
1411 5471 1601 5543 δεομέ-

55 5577 162 5624 νους
181 5579 195 5592 ο
223 5563 315 5618 καὶ
340 5555 476 5631 πρὸς
504 5558 562 5613 τὸ
590 5560 785 5624 κακίας
817 5557 1134 5634 ἀπέχεσθαι,
1165 5565 1223 5618 τὸ
1272 5565 1356 5618 καὶ
1385 5566 1602 5637 ἑτέρους

57 5651 150 5706 ἀπὸ
184 5653 376 5718 κακίας
412 5652 653 5724 ῥύεσθαι.
703 5653 867 5707 Ἐπὰν
905 5655 961 5710 δὲ
1001 5657 1171 5710 ταῦτα
1219 5658 1462 5727 ποιήσῃς,
1499 5675 1600 5711 κα-

58 5745 364 5813 τασκήνσυ,
412 5744 595 5816 φησὶν,
635 5747 718 5807 εὶς
759 5736 942 5800 ultima
985 5749 1214 5817 αἰῶνος.
1278 5748 1416 5800 Ἀνθ’
1468 5741 1528 5800 οὗ
1578 5752 1603 5801 ό

143 5900 181 5930 ⁷⁸
220 5901 345 5956 Luc.
385 5920 508 5958 υτ.
547 5900 617 5955 ‘25

587 5895 635 5954 3.
715 5903 756 5934 7‘
797 5901 937 5961 Psnl.
975 5923 1059 5970 ιι,
1099 5909 1147 5964 7.
1225 5907 1267 5940 "'
1307 5905 1461 5962 Deut.
1498 5916 1599 5969 xv,
1633 5905 1683 5962 6.

1782 4825 1946 4880 Vens.
1979 4820 2208 4880 27-29.
2263 4822 2484 4878 Declina
2535 4836 2570 4876 'a
2611 4821 2782 4889 malo,
2822 4832 2870 4876 et
2924 4821 3010 4892 [ac
3071 4821 3279 4878 bonum.

1714 4920 1849 4978 Cum
1885 4928 1936 4975 te
1971 4920 2038 4974 ab
2063 4916 2213 4973 omni
2246 4913 2458 4972 malitia
2489 4917 2788 4981 exemeris,
2843 4928 3009 4987 penes
3051 4920 3104 4968 te
3138 4913 3282 4968 enim

1711 5014 1843 5070 illud
1873 5001 1989 5075 est,
2020 5017 2074 5067 et
2107 5011 2154 5066 si
2186 5010 2319 5066 velis
2347 5011 2550 5081 poteris
2577 5028 2590 5078 ;
2637 5019 2746 5064 non
2778 5008 2959 5064 statim
2979 5048 2993 5072 ,
3025 5007 3127 5061 hoc
3159 5021 3283 5076 per-

1713 5117 1855 5170 acto,
1892 5102 2166 5175 pet-femus
2197 5105 2328 5171 eris,
2356 5104 2459 5159 nisi
2489 5103 2636 5157 aliud
2668 5097 2968 5159 secundum
3012 5085 3246 5153 adfuerit
3266 5140 3279 5161 ,

1715 5202 1906 5261 idest,
1954 5206 2014 5253 ut
2048 5195 2218 5252 facias
2249 5198 2475 5253 bunum.
2528 5193 2662 5249 Nam
2723 5201 3083 5266 praeterquam
3137 5193 3283 5263 quod

1715 5289 1885 5345 furari
1940 5302 2052 5342 non
2101 5287 2256 5352 licet,
2304 5285 2556 5341 convenit
2594 5286 2756 5341 etiam
2806 5298 2928 5337 cum
2994 5284 3281 5362 egentibus

1714 5382 1851 5436 bona
1881 5393 1977 5434 sua
2006 5380 2447 5444 communicare;
2481 5392 2544 5431 ac
2576 5383 2935 5446 praeterquam
2969 5375 3116 5445 quod
3151 5389 3280 5427 ava-

1712 5487 1829 5525 rum
1863 5452 1986 5525 esse
2019 5467 2396 5541 non'oportet,
2437 5469 2585 5522 aliud
2635 5466 2962 5536 requiritur,
3012 5478 3067 5522 ut
3095 5467 3280 5535 egenis

1713 5564 1976 5619 beneﬁcia
2029 5568 2390 5635 praestentur;
2445 5573 2507 5615 ac
2569 5567 2762 5629 praeter
2813 5559 3197 5613 abstinentiam
3246 5573 3278 5612 a

1712 5657 1890 5720 malis,
1918 5671 2058 5726 opus
2079 5664 2164 5712 est
2191 5666 2243 5712 et
2275 5656 2409 5711 alios
2440 5669 2469 5707 a
2492 5652 2648 5707 malis
2676 5666 2890 5706 eruere.
2919 5651 3052 5704 Cum
3095 5657 3277 5703 autem

1713 5750 1825 5804 haec
1852 5750 2050 5820 egeris,
2085 5749 2352 5814 inhabita,
2410 5745 2613 5816 inquit,
2668 5744 2719 5796 in
2777 5744 3018 5811 iaculum
3080 5745 3275 5796 ’τι-ιιίό.

1763 5905 1807 5938 ⁷⁸
1838 5905 2026 5962 Matth.
2063 5923 2186 5978 xxx,
2217 5907 2306 5964 9.9.
2384 5909 2424 5941 τ’
2466 5900 2583 5960 Act.
2621 5920 2695 5969 ιν,
2729 5902 2916 5958 32-55.
