3960 6342
698 440 812 496 335

1368 435 1633 494 EL‘SEBII
1682 435 2161 493 CESARIENSIS
2194 434 2346 493 OPP.
2392 434 2572 491 PARS
2608 432 2697 491 lli.
2736 461 2806 475 --
2844 429 3249 486 EXEGETICA.

3807 424 3881 479 356

708 556 816 612 Pro
853 568 962 626 quo
1005 553 1360 626 Symmacnns
1391 554 1596 618 edidit,
1648 555 1715 609 Et
1744 558 1973 626 quiesces
2006 558 2059 611 in
2108 573 2262 612 alecu-

2366 555 2657 627 Σύμμαχος
2715 543 2963 619 ἐξέδωκε,
3030 549 3140 604 Καὶ
3200 548 3524 619 ήρεμήσεις
3582 548 3670 612 είς
3716 543 3878 598 αιῶιισ

709 632 838 700 lum.
875 630 991 699 Hic‘
1007 652 1059 698 te
1086 642 1309 699 scilicet
1332 651 1516 700 manet
1561 644 1686 699 ﬁnis
1717 654 1918 699 interna
1956 647 2086 701 vita.
2132 645 2266 701 Nam

709 750 831 791 cum
861 733 1122 790 Dominus
1143 734 1310 804 judex
1334 735 1426 798 sit,
1461 744 1605 788 amat
1628 722 1927 811 judicium,
1963 748 2013 792 et
2038 756 2139 793 non
2175 739 2267 793 de-

698 828 959 897 relinquet
991 836 1201 881 sanctos
1230 842 1375 890 suos,
1404 828 1498 883 sed
1530 828 1584 881 in
1628 836 1890 883 aeternum
1922 831 2268 886 conservabit

708 930 821 970 eos.
856 913 1050 984 Injusti
1096 917 1381 986 punientur
1427 928 1478 972 et
1520 934 1692 973 semen
1726 920 2004 989 impiorum
2056 922 2264 990 peribit.

707 1003 851 1060 Justi
888 1018 1065 1061 autem
1110 1007 1493 1063 haereditabunt
1542 1019 1775 1076 terram,
1820 1021 1870 1066 et
1905 1011 2267 1068 inhabitabant

709 1096 762 1149 in
806 1095 1056 1151 sa'culum
1111 1098 1296 1151 swculi
1344 1114 1499 1169 super
1545 1117 1660 1155 eam
1702 1116 1721 1155 :
1769 1114 2163 1174 consequenter
2200 1105 2265 1161 ad

706 1186 986 1254 praemissa
1006 1185 1184 1252 docet,
1211 1186 1425 1259 iniquos
1460 1192 1552 1262 qui
1585 1200 1908 1261 praeceptum
1946 1209 2053 1248 non
2083 1209 2267 1250 serva-

692 1270 821 1329 rint
853 1290 1069 1346 poenam
1110 1278 1335 1334 daturos
1376 1289 1672 1338 sternam:
1717 1297 1780 1339 ac
1812 1284 2264 1354 quemadmodum

706 1364 840 1434 justi
888 1383 1077 1424 semen
1104 1368 1159 1424 in
1201 1370 1575 1429 benedictione
1622 1373 1863 1430 futurum
1907 1392 2030 1434 esse
2062 1378 2265 1434 dictum

708 1462 833 1523 est;
876 1456 949 1511 ita
978 1475 1151 1516 semen
1166 1462 1447 1533 impiorum
1477 1464 1686 1533 peribit.
1720 1464 1859 1523 Iusti
1883 1482 2008 1524 vero
2034 1470 2267 1540 promis-

709 1562 825 1603 sam
848 1551 1069 1607 mitibus
1097 1562 1297 1609 terram
1322 1555 1638 1618 hereditate
1668 1560 1969 1631 accipient,
2007 1572 2079 1618 et
2107 1562 2263 1637 inhao

708 1640 957 1696 bitabunt
980 1644 1035 1699 in
1069 1659 1132 1701 ea
1162 1646 1217 1701 in
1250 1648 1506 1703 saeculum
1535 1650 1739 1706 saeculi.
1764 1651 2119 1708 Commodum
2153 1654 2267 1710 hinc

2368 649 2535 703 Τοῦτο
2564 649 2671 718 γὰρ
2698 646 2978 717 περιμένει
3012 661 3072 697 σε
3103 644 3164 697 τὸ
3192 641 3344 706 τέλος
3373 641 3473 710 τῆς
3505 638 3719 693 αἰωνίου
3754 637 3879 708 ζωῆς.

2368 740 2622 811 Κριτικὸς
2666 738 2772 809 γὰρ
2803 735 2878 789 ὢν
2910 735 2939 788 6
2976 735 3178 806 Κύριος
3218 729 3417 803 ἀγαπᾷ
3444 730 3667 797 κρίσιν,
3690 727 3779 781 καὶ
3803 729 3884 780 οὐκ

2365 830 2779 902 ἐγκαταλείψει
2824 826 2963 893 τοὺς
3014 827 3222 892 ὁσίους
3266 821 3472 885 αὐτοῦ,
3533 820 3645 874 ἀλλ’
3704 820 3778 882 είς
3819 819 3885 871 τὸν

2366 920 2539 975 αἰῶνα
2563 920 2759 983 αὐτοὺς
2787 917 3119 988 διαφυλάξει.
3149 917 3382 984 Ἄνομοι
3409 908 3885 978 ἐκδικηθήσοντει,

2365 1013 2462 1067 καὶ
2512 1011 2749 1081 σπέρμα
2790 1008 3023 1065 ἀσεϐῶν
3074 1005 3654 1075 ἑξολοθρευθήσεται.
3710 1002 3889 1054 Alma

2365 1104 2433 1158 δὲ
2456 1102 2978 1173 κληρονομήσουσι
3008 1102 3122 1169 τὴν
3145 1098 3279 1168 γῆν,
3310 1097 3407 1151 καὶ
3439 1092 3891 1160 κατασκηνὼσου-

2365 1210 2469 1251 σιν
2496 1197 2584 1261 είς
2617 1192 2797 1250 αίῶνα
2837 1192 3052 1258 αίῶνος
3092 1190 3185 1244 ἐπ’
3224 1187 3413 1256 αὐτῆς
3433 1203 3448 1216 ’
3481 1183 3782 1247 ἀκολούθως
3806 1186 3893 1244 τοῖς

2337 1285 2780 1359 προειρημένοις
2822 1285 3082 1346 διδάσκει,
3131 1284 3213 1336 ὅτι
3255 1282 3303 1334 oi
3347 1280 3421 1352 μὴ
3455 1279 3516 1333 τὸ
3562 1276 3894 1350 παράγγελμα

2365 1378 2696 1449 φυλάξαντες
2751 1377 2939 1448 ἄνομοι
2997 1375 3152 1445 δίκην
3207 1372 3466 1427 δώσουσιν
3512 1371 3772 1438 ,ᾳῑιῢνιονι
3825 1369 3897 1420 καὶ

2364 1469 2552 1542 ὥσπερ
2582 1470 2676 1524 τοῦ
2717 1469 2924 1523 δικαίου
2957 1467 3017 1521 τὸ
3046 1466 3267 1538 σπέρμα
3307 1467 3387 1530 είς
3430 1462 3679 1532 εὐλογίαν
3712 1460 3896 1514 ἔσεσθαι

2366 1561 2605 1631 ἐλέγετο,
2630 1560 2801 1625 οὕτως
2826 1559 2942 1614 τῶν
2972 1557 3205 1614 ἀσεϐῶν
3230 1557 3297 1611 τὸ
3333 1556 3569 1625 σπέρμα
3585 1553 3901 1620 ἐξολοθρευ·

2366 1650 2628 1717 θήσεται.
2654 1653 2715 1704 Ol
2736 1651 2793 1705 δὲ
2820 1650 3015 1704 δίκαιοι
3037 1650 3135 1721 τὴν
3156 1648 3571 1720 ἐπηγγελμένην
3596 1648 3711 1710 τοῖς
3732 1640 3901 1716 προίσι

708 1731 1027 1804 plerumque
1076 1750 1255 1793 sermo
1292 1739 1578 1809 pollicetur
1603 1779 1618 1805 ,
1670 1743 2100 1815 repetitioneque
2147 1761 2262 1817 pro-

2367 1739 2831 1813 κληρονομήσουσι
2859 1740 2981 1810 γῆν,
3017 1742 3111 1794 καὶ
3144 1738 3653 1809 κατασκηνώσουσιν
3687 1738 3745 1789 ὲν
3788 1737 3902 1805 αὐτῇ

711 1825 878 1881 missa
910 1825 1197 1883 conﬁrmat
1228 1847 1242 1886 :
1278 1831 1394 1886 vult
1427 1832 1575 1886 enim
1627 1848 1730 1890 nos
1762 1835 1981 1890 assidue
2008 1834 2075 1891 iis
2105 1836 2161 1890 in
2187 1837 2270 1891 di.

2367 1831 2446 1894 είς
2473 1830 2640 1884 αἰῶνα
2666 1830 2877 1894 αἰῶνος.
2916 1830 3195 1900 Ἐπίτηδες
3214 1830 3270 1883 δὲ
3292 1828 3462 1884 ταῦτα
3484 1828 3742 1891 πολλάκις
3762 1829 3906 1893 ἐπαγ·

711 1915 815 1971 ctis
842 1919 1069 1986 versari,
1097 1934 1271 1992 eaque
1302 1922 1574 1988 meditari,
1604 1938 1669 1979 ac
1708 1924 1753 1981 si
1792 1925 2163 1981 rationabilem
2191 1927 2262 1982 ci-

2368 1921 2613 1990 γέλλεται
2643 1924 2672 1975 6
2708 1921 2882 1991 λόγος,
2914 1920 3143 1992 βεϐαιῶν
3169 1920 3258 1974 διὰ
3288 1922 3387 1992 τῆς
3416 1919 3801 1991 ὲπαναλήψεως
3826 1917 3905 1980 τὰς

710 2005 841 2063 bum
870 2012 1269 2081 manderemus,
1293 2014 1361 2068 ad
1398 2015 1839 2072 distributionem
1871 2017 2037 2088 probe
2064 2032 2268 2075 conco-

702 2101 780 2156 cti
806 2101 864 2157 in
894 2102 1074 2159 anima
1099 2115 1285 2163 nostra
1315 2106 1442 2163 cibi.

778 2366 943 2427 Vens.
1011 2372 1083 2428 30
1112 2400 1137 2414 -
1171 2373 1266 2429 33.
1331 2372 1414 2429 0s
1456 2374 1595 2444 justi
1630 2374 2002 2429 ~meditabitur
2057 2376 2267 2445 sapien-

2370 2012 2708 2083 ύποσχέσεις,
2753 2014 2901 2084 ἡμᾶς
2941 2028 3002 2065 τε
3052 2010 3371 2082 βουλόμενος
3419 2010 3771 2081 ἐνδιατρίϐειν
3814 2012 3907 2068 τοῖς

2367 2102 2548 2166 αὐτοῖς
2579 2101 2754 2171 λόγοις
2789 2102 2883 2155 καὶ
2906 2100 3295 2172 -καταμελετᾷν
3335 2100 3549 2166 αὐτοὺς,
3578 2098 3779 2153 ὡσανεὶ
3804 2115 3906 2168 τρε-

2367 2190 2472 2262 φὴν
2498 2189 2722 2263 λογικὴν
2756 2190 3127 2262 μασωμένους,
3156 2191 3235 2254 εἰς
3258 2188 3506 2245 ἀνάδοσιν
3528 2190 3625 2261 τῆς
3654 2189 3794 2243 κατὰ
3830 2187 3911 2259 τὴν

2363 2283 2543 2355 ψυχὴν
2573 2283 2729 2355 ἡμῶν
2756 2283 3034 2354 εὐπεψίας.

2435 2375 2632 2443 Στόμα
2695 2373 2927 2428 δικαίου
2998 2370 3320 2443 μελετήσει
3385 2371 3610 2440 σοφίαν
3638 2409 3657 2435 ,
3727 2371 3823 2424 καὶ
3880 2370 3911 2436 ἡ

704 2462 857 2527 tiam,
902 2473 953 2520 et
999 2449 1180 2536 lingua
1232 2466 1350 2534 ejus
1406 2466 1645 2536 loquetur
1685 2466 1969 2537 judicium.
2012 2466 2124 2523 Leo;
2171 2468 2262 2523 Dei

2365 2461 2615 2533 γλῶσσα
2669 2462 2855 2518 αὑτοῦ
2904 2462 3164 2531 λαλήσει
3208 2464 3431 2533 κρίσιν.
3492 2464 3543 2516 '0
3595 2465 3783 2534 νόμος
3823 2464 3912 2517 τοῦ

700 2555 818 2626 ejus
850 2556 905 2610 in
938 2552 1092 2612 co'rde
1124 2558 1311 2627 ipsius,
1340 2566 1390 2613 et
1422 2576 1525 2613 non
1554 2561 2031 2630 supplautabuntur
2058 2577 2262 2634 gressus

2367 2554 2514 2609 Θεοῦ
2554 2556 2741 2611 αὐτοῦ
2764 2557 2835 2610 ἐν
2864 2555 3077 2625 καρδίᾳ
3102 2556 3309 2621 αὐτοῦ,
3338 2557 3433 2610 καὶ
3464 2558 3577 2626 οὐχ
3603 2558 3912 2611 ὑποσκελι-

703 2647 838 2715 ejus.
870 2647 1181 2704 Considerat
1211 2660 1453 2720 peccator
1494 2653 1722 2723 justum,
1752 2662 1804 2708 et
1823 2656 2013 2726 quierit
2039 2656 2262 2726 mortiﬁ-

2364 2645 2655 2712 σθήσεται
2684 2645 2755 2700 τὰ
2784 2645 3113 2717 διαδήματα
3131 2648 3338 2702 αὐτοῦ.
3372 2648 3667 2703 Κατανοεῒ
3691 2652 3725 2703 δ
3751 2648 3912 2718 ἁμαρ-

702 2755 826 2793 care
858 2756 994 2795 eum.
1050 2740 1305 2797 Dominus
1349 2752 1524 2799 autem
1565 2761 1669 2800 non
1708 2745 2028 2818 derelinquet
2066 2764 2184 2802 eum
2213 2749 2262 2803 in

2365 2739 2552 2806 τωλὸς
2582 2739 2690 2793 τὸν⁵
2723 2739 2975 2806 δίκαιον,
3006 2741 3105 2795 καί
3136 2738 3293 2809 ζητεῖ
3313 2740 3416 2795 τοῦ
3451 2739 3791 2796 θανατῶσαι
3825 2743 3912 2795 αὐ-

701 2831 945 2885 manibus
977 2832 1125 2902 ejus,
1186 2850 1276 2890 uec
1326 2835 1600 2893 damnabit
1635 2855 1754 2894 eum
1782 2855 1899 2893 cum
1935 2839 2262 2910 judicabitur

2365 2831 2487 2885 τόν.
2544 2832 2597 2884 Ὁ
2630 2830 2699 2884 δέ
2725 2833 2937 2901 Κύριος
2973 2835 3046 2886 οὐ
3080 2831 3165 2903 μὴ
3208 2832 3573 2903 ἐγκαταλίπῃ
3613 2832 3805 2887 αὑτὸν
3844 2834 3912 2895 εὶς

614 2954 619 2963 ι
699 2922 802 2977 illi.
844 2920 901 2978 In
928 2923 1297 2983 admonitione
1334 2930 1651 2999 persistens,
1679 2930 1926 3002 hortatur
1953 2947 2051 2988 nos
2079 2940 2138 2987 ut
2180 2934 2262 3002 ju-

2363 2921 2470 2987 τὰς
2493 2920 2692 2990 χεῖρας
2717 2921 2923 2986 αὐτοῦ,
2957 2920 3080 2976 οὐδ’
3099 2923 3185 2995 ιοὐ
3216 2921 3302 2992 μὴ
3336 2920 3806 2991 καταδικάσηται
3828 2924 3912 2975 αὑ⁴

699 3015 770 3070 sti
798 3016 1142 3073 aemulatores
1191 2998 1396 3082 simus,
1424 3016 1659 3090 ejusque
1680 2998 1914 3081 ‘divitias
1964 2998 2262 3079 enumerat.

2365 3011 2471 3066 τὸν
2504 3012 2648 3067 ὅταν
2683 3014 2951 3081 κρίνηται
2992 3013 3169 3079 αὐτῷ.
3214 3014 3516 3083 Ἐπιμένων
3541 3016 3606 3085 τῇ
3642 3014 3741 3068 τοῦ
3779 3014 3912 3081 λόγου

699 3105 782 3162 Ad
814 3121 878 3161 ea
904 3108 1051 3163 enim
1084 3124 1205 3180 quae
1227 3125 1392 3180 supra
1415 3111 1561 3166 dicta
1598 3119 1748 3176 sunt,
1779 3111 1894 3169 haec
1924 3112 2145 3184 insuper
2176 3131 2262 3187 pe-

2366 3106 2671 3176 προτροπῇ,
2711 3103 2953 3176 ζηλωτὰς
2991 3106 3140 3176 ἡμᾶς
3160 3103 3400 3173 γίνεσθαι
3430 3103 3523 3156 τοῦ
3551 3106 3769 3160 δικαίου
3794 3122 3912 3175 πειρ-

699 3212 800 3252 nes
831 3213 956 3252 eum
1004 3209 1171 3275 sunt;
1212 3217 1410 3274 magno
1442 3203 1594 3259 illum
1625 3203 1788 3270 Deus,
1816 3204 2089 3263 hominem
2119 3208 2262 3273 licet,

2366 3196 2544 3266 ορμᾷ,
2605 3195 2696 3247 τὸν
2737 3193 2963 3248 πλοῦτον
3004 3194 3167 3249 αὐτοῦ
3218 3195 3747 3267 καταριθμούμενος.
3795 3197 3912 3267 Πρὸς

700 3304 927 3347 munere
945 3290 1184 3358 donavit,
1207 3309 1333 3350 cum
1386 3278 1525 3352 vera;
1565 3299 1845 3369 sapientiae
1898 3302 2261 3372 cognitionem

2366 3287 2471 3359 γὰρ
2504 3290 2616 3351 τοῖς
2647 3287 2955 3361 εἰρημένοις
2994 3287 3073 3342 ἔτι
3119 3290 3213 3342 καὶ
3258 3287 3430 3342 ταῦτα
3461 3288 3607 3360 αύτῷ
3638 3289 3912 3362 πρόσεστι⁴

703 3381 916 3439 indidit.
959 3382 1234 3455 Sapientia
1268 3387 1469 3460 quippe
1510 3397 1595 3446 est
1626 3391 1933 3450 divinorum
1971 3402 2025 3449 et
2073 3394 2265 3449 buma-

700 3490 894 3530 norum
930 3477 1181 3543 scientia,
1213 3494 1309 3549 per
1341 3497 1503 3553 quam
1527 3484 1708 3539 omnia
1743 3487 1883 3541 facta
1917 3497 2052 3543 sunt
2083 3504 2097 3540 :
2148 3504 2267 3544 om-

698 3568 790 3623 nia
820 3569 1021 3637 quippe
1051 3570 1106 3624 in
1141 3571 1403 3641 sapientia
1431 3572 1560 3632 fecit
1587 3578 1653 3633 ⁷³.
1691 3576 1895 3650 Estque
1939 3581 2057 3650 ipsa
2080 3620 2095 3646 ,
2118 3580 2263 3653 quod

698 3656 756 3712 in
789 3659 1056 3730 principio
1094 3662 1236 3732 apud
1281 3662 1447 3722 Deum
1482 3675 1599 3723 erat
1644 3667 1787 3727 Deus
1842 3669 2110 3740 Verbum,
2172 3688 2267 3743 per

700 3752 845 3821 quod
876 3754 1058 3809 omnia
1088 3754 1228 3812 facta
1258 3767 1385 3813 sunt
1432 3760 1497 3814 ⁷⁸.
1544 3759 1721 3831 Hujus
1756 3762 1939 3833 itaque
1986 3764 2266 3835 sapientiae

699 3846 884 3905 rodas,
920 3858 1237 3913 sermones,
1286 3849 1605 3924 disciplinas
1642 3851 1785 3907 Deus
1840 3854 1897 3908 in
1952 3854 2264 3912 hominibus

698 3932 1099 4001 disseminavit,
1131 3946 1189 3993 ut
1211 3940 1391 4009 justus
1418 3956 1526 4001 non
1559 3942 1790 4008 otiosus,
1821 3944 1969 4001 iners
2011 3961 2074 4001 ac
2105 3947 2264 4002 bonis

697 4038 906 4079 vacuus
935 4036 1121 4095 esset;
1153 4030 1246 4085 sed
1285 4047 1389 4086 una
1418 4047 1481 4089 os
1512 4040 1566 4087 et
1612 4035 2012 4093 meditationem
2048 4039 2264 4107 sapien-

698 4116 789 4172 tia:
820 4118 1065 4200 haberet,
1108 4129 1166 4175 ut
1198 4138 1259 4177 ea
1291 4126 1447 4194 quasi
1479 4127 1687 4183 calesli
1723 4144 1855 4185 usus
1876 4145 2002 4185 esca
2023 4170 2037 4194 ,
2086 4132 2262 4200 primo

696 4210 932 4267 animam
961 4212 1311 4269 conﬁrmaret
1335 4231 1512 4280 suam,
1550 4217 1853 4289 deindeque
1884 4221 2006 4275 aliis
2062 4221 2262 4291 imper-

696 4303 842 4359 tiret.
898 4304 1167 4379 Quocirca
1202 4305 1409 4361 dictum
1457 4316 1573 4374 est,
1615 4307 1688 4364 0s
1742 4310 1880 4379 justi
1923 4310 2262 4364 meditabitur

692 4378 1039 4459 sapientiam,
1075 4404 1125 4450 et
1158 4395 1337 4466 lingua
1368 4397 1480 4467 ejus
1531 4378 1769 4469 loquetur
1796 4401 2079 4470 judicium.
2116 4401 2264 4457 Gna-

693 4501 789 4543 rus
817 4496 996 4543 autem
1032 4490 1199 4562 legem
1238 4490 1329 4545 Dei
1362 4493 1699 4563 spiritualem
1726 4510 1868 4559 esse,
1908 4510 2031 4549 cum
2062 4512 2259 4551 secun-

692 4578 822 4632 dum
852 4581 1163 4638 interiorem
1194 4584 1468 4643 hominem
1514 4587 1568 4641 in
1599 4587 1715 4659 lege
1745 4586 1839 4643 Dei
1872 4588 2254 4656 delectaretur,

2367 3379 2692 3451 κεχάρισται
2722 3378 2869 3451 αὐτῷ
2902 3380 3046 3451 μέγα
3074 3379 3243 3451 δῶρον
3268 3382 3297 3434 6
3329 3379 3461 3445 Θεὸς
3496 3378 3776 3452 ἀνθρώπῳ
3804 3378 3912 3443 δντιτ

2366 3472 2464 3543 τῆς
2496 3469 2728 3542 ἀληθοῦς
2762 3470 2951 3541 σοφίας
2982 3470 3079 3543 τὴν
3109 3471 3327 3540 γνῶσιν.
3348 3472 3516 3543 Σοφία
3543 3471 3648 3543 μὲν
3686 3472 3798 3545 γάρ
3826 3473 3911 3525 ὲστπ

2368 3552 2527 3618 θείων
2573 3565 2667 3633 καὶ
2710 3563 3064 3635 ἀνθρωπείων
3098 3565 3396 3637 ἐπιστήμη,
3434 3565 3528 3620 καὶ
3551 3564 3621 3619 δι’
3666 3561 3738 3637 ἦς
3766 3566 3912 3618 πάντα

2369 3658 2558 3728 γέγονε
2585 3675 2597 3688 ·
2624 3658 2799 3713 πάντα
2826 3658 2936 3730 γὰρ
2958 3658 3015 3711 ὲν
3040 3659 3200 3730 σοφίᾳ
3225 3659 3466 3731 ἐποίησε.
3494 3645 3607 3713 Καὶ
3629 3659 3774 3731 αὕτη
3800 3660 3912 3712 ἐστὶι

2364 3752 2393 3805 6
2420 3753 2477 3805 ὲν
2500 3752 2641 3824 ἀρχῇ
2670 3750 2805 3823 πρὸς
2831 3751 2923 3805 τὸν
2946 3750 3078 3804 Θεὸν
3108 3750 3240 3815 Θεὸς
3266 3751 3455 3821 Λόγος,
3480 3751 3547 3804 δι’
3574 3745 3639 3805 οὗ
3671 3753 3743 3806 τὰ
3770 3753 3912 3805 πάντα

2365 3843 2600 3913 ἐγένετο.
2639 3844 2854 3913 Ταύτης
2883 3838 2976 3897 οὖν
3022 3842 3203 3913 φωνὰς
3250 3844 3360 3923 καὶ-
3390 3845 3580 3914 λόγους
3634 3849 3735 3901 καὶ
3770 3846 3912 3919 μαθήσ

2367 3955 2512 4008 ματα
2554 3940 2583 3992 ό
2626 3936 2759 4001 Θεὸς
2789 3938 2869 4000 είς
2904 3934 3221 4009 ἀνθρώπους
3264 3936 3614 4003 κατεϐάλετο,
3644 3939 3727 4003 ὡς
3756 3939 3821 3993 ἂν
3863 3938 3912 4008 μὶ

2364 4028 2533 4100 ἀργὸς
2564 4028 2650 4100 εἴη
2678 4030 2707 4082 ὁ
2732 4027 2957 4091 δίκαιος,
2987 4028 3118 4100 μηδὲ
3154 4028 3433 4100 ἄπρακτος
3455 4030 3550 4083 καὶ
3574 4030 3792 4103 ἔρημος
3817 4031 3911 4120 ἀγα

2364 4120 2505 4174 θῶν·
2537 4120 2649 4192 έχοι
2696 4119 2752 4173 δὲ
2783 4119 2899 4191 ἅμα
2946 4119 3120 4191 στόμα
3160 4119 3259 4191 τῆς
3304 4121 3557 4193 οὐρανίου
3611 4124 3811 4192 σοφίας
3844 4119 3912 4192 rip

2366 4212 2623 4284 μελέτηνο
2663 4207 2732 4284 ἧς
2761 4210 3187 4283 μεταλαμϐάνων
3214 4212 3401 4286 ὥσπερ
3427 4212 3687 4285 οὐρανίου
3715 4214 3911 4288 τροφῆς

2362 4304 2459 4376 τὴν
2496 4304 2673 4375 ψυχὴν
2714 4304 2927 4376 πρῶτος
2952 4305 3111 4382 αὐτὸς
3138 4304 3486 4377 δυναμοῦται,
3521 4303 3651 4363 εἶτα
3695 4312 3792 4364 καὶ
3824 4308 3912 4361 ἑτέ

2365 4414 2482 4472 ροις
2528 4392 2770 4469 χορηγεῖ.
2814 4396 2905 4450 Διὸ
2932 4397 3215 4454 λέλεκται·
3248 4400 3445 4469 Στόμα
3483 4399 3731 4457 δικαίου
3768 4403 3912 4471 μελε

2362 4484 2535 4552 τήσει
2567 4487 2812 4556 σοφίαν,
2844 4486 3005 4571 καλή
3032 4486 3279 4557 γλῶσσα
3308 4489 3492 4543 αὑτοῦ
3520 4491 3792 4558 λαλήσει
3824 4490 3911 4559 κρὶ

2362 4593 2484 4632 σιν.
2532 4577 2702 4643 Εἰδὼς
2732 4578 2810 4645 δὲ,
2850 4580 2916 4633 ὅ.
2965 4582 2994 4633 6
3042 4581 3203 4651 νόμος
3247 4580 3342 4634 τοῦ
3381 4581 3514 4635 Θεοῦ
3565 4576 3912 4655 πνευματικός

693 4670 749 4724 in
780 4672 945 4727 corde
968 4673 1087 4743 ipso
1116 4676 1249 4745 legis
1273 4657 1805 4761 contemplationem,
1833 4689 1886 4737 et
1906 4682 2025 4752 ejus
2049 4690 2249 4752 mys'.e-

2361 4670 2497 4734 ἐστι,
2530 4670 2813 4742 συνήδεται
2842 4672 2901 4727 δὲ
2931 4670 3010 4742 τῷ
3034 4657 3189 4743 νόμῳ
3224 4670 3317 4725 τοῦ
3357 4671 3492 4726 Θεοῦ
3537 4674 3693 4729 κατὰ
3720 4674 3812 4728 τὸν
3838 4672 3912 4725 ἔσο

690 4763 896 4819 riorum
942 4766 1365 4835 profunditatem
1392 4773 1644 4844 excolit:
1678 4790 1742 4830 ac
1773 4784 1997 4847 propter
2049 4774 2259 4831 exerci-

689 4855 951 4910 tationem
1000 4855 1311 4927 lmjusmodi
1361 4878 1465 4916 nou
1512 4864 1991 4934 supplantabuntur
2047 4881 2257 4937 gressus

686 4949 823 5020 ejus,
846 4949 1283 5022 quandoquidem
1313 4970 1538 5024 gressus
1566 4956 1687 5027 ejus
1708 4973 1740 5012 a
1764 4960 1994 5015 Domino
2020 4960 2260 5031 dirigen-

685 5039 786 5099 dos
820 5059 960 5113 esse,
995 5046 1248 5117 superius
1289 5049 1493 5105 dictum
1530 5057 1636 5106 est.
1678 5051 1831 5118 Quod
1881 5054 1927 5109 si
1964 5054 2103 5111 forte
2131 5070 2259 5127 pec-

684 5145 868 5203 cator,
917 5139 1038 5211 ejus
1084 5140 1351 5212 profectui
1398 5144 1667 5209 invidens,
1702 5144 1929 5203 insidias
1979 5148 2103 5203 vitae
2135 5148 2256 5217 ejus

685 5232 967 5297 struxerit,
1003 5235 1204 5291 stultus
1236 5249 1366 5291 sane
1411 5234 1651 5301 dicetur,
1702 5250 1812 5290 non
1839 5239 2114 5307 possibilia
2154 5255 2252 5310 ag-

684 5336 930 5392 gressus.
956 5324 1092 5380 Nam
1133 5341 1363 5397 magnus
1393 5327 1485 5383 ille
1517 5334 1779 5399 patronus
1800 5329 1935 5403 ejus
1971 5349 2074 5387 non
2111 5331 2256 5387 dere-

683 5415 881 5487 linquet
915 5432 1031 5470 eum
1054 5419 1110 5471 in
1130 5409 1371 5472 manibus
1393 5418 1506 5489 ejus
1525 5460 1541 5487 ,
1572 5437 1664 5476 nec
1690 5421 1961 5477 damnabit
1989 5440 2105 5478 eum
2134 5439 2253 5478 cum

675 5507 1004 5578 judicabitur
1049 5511 1150 5567 illi.
1202 5510 1560 5584 Symmachus
1604 5529 1768 5581 vero,
1817 5508 1928 5571 Nec
1976 5515 2254 5573 damnabit

682 5616 800 5654 eum
838 5603 893 5657 in
913 5601 1141 5671 judicio.

757 5886 801 5919 "
839 5883 986 5945 Psal.
1021 5901 1149 5958 cm,
1182 5890 1272 5949 24.
1335 5882 1397 5926 ’⁷³
1435 5890 1592 5950 Joan.
1625 5910 1677 5960 ι.
1716 5894 1831 5954 1-5.

2360 4761 2666 4835 ἄνθρωπον,
2698 4766 2756 4819 ὲν
2780 4765 2918 4836 αὐτῇ
2953 4768 3019 4837 τῇ
3053 4763 3248 4835 καρδίᾳ
3270 4764 3433 4818 αὐτοῦ
3455 4765 3555 4838 τὴν
3588 4768 3829 4840 θεωρίαν
3850 4764 3912 4817 τοί

2359 4854 2523 4926 νόμου
2567 4857 2660 4911 καὶ
2693 4858 2753 4911 τὸ
2778 4857 2939 4928 βάθος
2982 4857 3093 4911 τῶν
3119 4859 3187 4911 ὲν
3217 4854 3366 4927 αὐτῷ
3394 4860 3723 4931 μυστηρίων
3758 4857 3911 4913 ύποὸει

2360 4948 2543 5003 δεκται
2565 4966 2593 5018 ’,
2610 4949 2698 5004 διὰ
2732 4949 2789 5003 δὲ
2829 4949 3033 5022 ταύτην
3064 4948 3163 5020 τὴν
3197 4948 3427 5019 ἄσκησιν
3453 4951 3569 5017 οὐχ
3609 4954 3912 5006 ὑποσκελιι

2362 5042 2654 5112 σθήσεται
2685 5042 2757 5097 τὰ
2795 5041 3123 5113 διαδήματα
3148 5041 3333 5096 αὐτοῦ
3358 5060 3371 5073 ·
3406 5042 3599 5115 ἐπειδὴ
3636 5044 3793 5116 παρὰ
3833 5046 3912 5098 Κυ

2364 5131 2479 5203 ρίου
2508 5131 2577 5185 τὰ
2601 5126 2915 5205 διαδήματα
2936 5132 3099 5187 αὐτοῦ
3123 5131 3563 5196 κατευθύνεσθαι,
3597 5135 3698 5188 καὶ
3729 5134 3815 5189 διὰ
3838 5133 3912 5186 τῶ*

2360 5226 2618 5298 ἀνωτέρω
2660 5227 2925 5281 ἐλέλεκτο.
2972 5226 3036 5278 Ei
3078 5224 3134 5279 δὲ
3173 5225 3265 5278 καί
3302 5242 3429 5279 ποτε
3458 5226 3792 5300 ἁμαρτωλὸς
3826 5227 3912 5281 διαο

2362 5316 2722 5389 φθονούμενος
2756 5322 2824 5390 τῇ
2858 5317 3020 5371 αὑτοῦ
3046 5320 3294 5391 προκοπῇ
3322 5317 3772 5376 ἐπιϐουλεύσειεν
3799 5316 3912 5389 αὐτῇ

2360 5410 2440 5474 εἰς
2472 5409 2720 5475 θάνατον,
2754 5412 2941 5483 ἄφρων
2972 5406 3125 5477 οὗτος
3153 5410 3469 5483 λεχθήσεται
3501 5411 3798 5480 ἀδυνάτοις
3826 5417 3912 5469 sm

2360 5502 2579 5573 χειρῶν.
2629 5503 2687 5555 '0
2734 5502 2842 5573 γὰρ
2899 5502 3072 5573 μέγας
3126 5502 3289 5557 αύτοῦ
3343 5502 3670 5576 προστάτης
3728 5509 3800 5560 οὐ
3860 5499 3912 5571 μὶ

2360 5595 2727 5665 ἐγκαταλίπῃ
2775 5595 2961 5661 αὐτὸν
3011 5599 3097 5661 είς
3148 5598 3257 5662 τὰς-
3295 5594 3496 5664 χεῷιις
3550 5598 3773 5663 αὑτοῦ,
3797 5592 3912 5651 ὀῦδ

2272 5685 2288 5700 ⁸
2362 5690 2433 5742 οὐ
2451 5687 2537 5757 μὴ
2570 5687 2939 5757 καταδικάσῃ
2965 5691 3150 5743 αὐτὸν
3193 5690 3262 5743 ἐν
3297 5688 3377 5753 τῷ
3415 5688 3911 5761 κρίνεσθωναὺτῷ.

2373 5780 2431 5835 ⁸0
2458 5779 2513 5833 δὲ
2547 5780 2859 5852 Σύμμαχος,
2885 5779 3039 5835 Οὐδὲ
3066 5779 3447 5837 καταδικάσει
3482 5778 3864 5853 κρινόμενον.
