3966 6344
75 408 162 462 557
1171 401 1612 458 COMMENTARI

1712 401 1768 455 IN
1812 400 2143 456 PSALMOS.

3162 398 3265 455 3'58

132 517 302 575 ΕἸδον
323 521 427 574 τὸν
464 520 652 589 ἀσεϐῆ
691 521 1208 591 ὐπερυψούμενον,
1252 520 1348 572 καὶ
1376 517 1610 586 ἐπαιρό-

1785 514 1947 572 Vsas.
1978 514 2162 569 55—37.
2212 512 2332 566 Vidi
2371 513 2585 581 impium
2614 513 3057 582 superexaltatum
3086 522 3135 567 et
3165 514 3267 567 ele-

70 626 236 677 μενον
257 611 335 676 ὡς
365 611 476 676 τὰς
506 610 753 678 κέδρους
781 611 887 666 τοῦ
904 611 1174 665 Λιϐάνου.
1197 609 1381 672 Οὕτως
1406 609 1500 660 ἐπὶ
1514 607 1607 660 τοῦ

75 688 315 768 παρόντος
337 698 428 752 διὰ
459 699 649 769 πείρας
683 699 992 768 ἐληλυθέναι
1023 698 1116 752 τοῦ
1145 698 1326 760 τέλους
1348 695 1455 750 τῶν
1487 700 1610 750 ἀσε-

73 791 166 842 ὁῶν
191 805 378 862 φησιν·
419 791 496 842 οο
549 790 657 861 γὰρ
696 791 752 858 ἐξ
777 792 942 861 ἀκοῆς
981 791 1144 843 πάλαι
1185 790 1314 843 ποτὲ
1348 790 1609 860 γενόμενα

72 881 252 951 ἑτέρων
283 880 544 948 λεγόντων
595 881 839 950 ἀκήκοα·
910 879 1022 932 ἀλλ’
1053 879 1211 942 αὐτὸς
1257 877 1414 941 εἶδον,
1455 877 1606 948 φησὶ,

72 971 399 1042 βλασφήμους
439 973 638 1043 ἄνδρας
675 952 775 1023 ’καὶ
808 969 995 1033 ἀθέους
1037 969 1474 1041 θαυμαζομένους
1513 971 1609 1040 μὲν

77 1067 161 1116 ὒπὸ
192 1065 423 1127 πάντων,
465 1064 855 1134 ἐπαιρομένους
888 1063 945 1115 δὲ
983 1063 1073 1116 καὶ
1109 1062 1466 1133 γαυριῶντας,
1501 1063 1608 1114 οἰο-

75 1159 245 1225 μένους
287 1173 343 1208 τε
379 1155 701 1218 διαιωνίζειν
734 1157 790 1207 ὲν
824 1154 902 1224 τῷ
935 1154 1050 1225 βίῳ.
1095 1155 1230 1207 Ἂλλ⁹
1261 1155 1334 1218 ὼς
1369 1155 1448 1208 ἔτι
1480 1155 1608 1224 παρ’

73 1250 272 1320 ὶμαυτῷ
300 1249 667 1319 διελογιζόμην
695 1247 809 1310 πῶς
838 1249 964 1311 οἵδε,
982 1249 1180 1319 καίπερ
1202 1250 1412 1312 ἀσεῦεῖς
1439 1249 1606 1314 ὄντες,

76 1341 318 1394 τοσούτων
361 1340 719 1410 τετυχήκασι,
773 1338 1020 1410 δεύτερον
1073 1341 1269 1402 αὐτοὺς
1317 1340 1610 1394 θεάσασθαι

72 1431 356 1504 βουληθεὶς,
411 1433 589 1502 ὲπῇρα
632 1431 756 1492 τοὺς
791 1430 1095 1501 ὀφθαλμούς
1116 1448 1128 1460 ·
1165 1431 1212 1483 οἱ
1258 1431 1312 1483 δὲ
1345 1433 1444 1484 οὐκ
1470 1428 1611 1502 ἦσαν

71 1521 307 1591 οὐδαμοῦ,
340 1523 563 1588 ἀφανεῖς
585 1521 628 1573 δ’
667 1519 877 1592 ἀθρόως
917 1522 1179 1594 ὑπῆρχον.
1215 1518 1347 1574 Εἶτα
1381 1523 1437 1574 δὲ
1468 1521 1610 1592 ἴχνος

70 1615 229 1667 αὐτῶν
267 1614 360 1666 καὶ
399 1613 706 1683 ὑπόλειμμα
749 1612 1026 1682 βουληθεὶς
1079 1613 1430 1676 καταλαόεῖν,
1492 1614 1610 1667 οὐδὲ

69 1710 147 1758 τον
182 1705 340 1757 τόπον
369 1707 426 1757 ὲν
462 1697 506 1770 ᾧ
548 1706 766 1759 ἑστάναι
825 1705 1038 1758 ἐδόκουν
1082 1708 1260 1776 εὑρεῖν
1297 1703 1607 1775 δεδύνημαι.

70 1797 247 1866 Διόπερ
280 1796 467 1867 ἐπειδὴ
507 1795 714 1848 τοιοῦτο
769 1805 833 1848 το
873 1796 1075 1850 τούτων
1122 1796 1290 1859 τέλος,
1340 1794 1507 1863 φεῦγε
1545 1795 1608 1847 σὺ

1714 619 1890 664 vatum
1946 608 2080 661 sicut
2116 605 2296 660 cedros
2341 603 2553 670 Libani,
2603 613 2710 660 etc.
2759 603 2850 659 Sic
2903 606 2956 659 in
3015 605 3266 675 ιιι-ωεξηιί

1715 702 1873 756 linem
1911 715 1971 754 se
2010 697 2302 768 impiorum
2349 696 2685 766 experientia
2731 696 3021 752 edidicisse
3062 713 3269 752 memo—

1714 799 1817 845 rat.
1870 789 2053 859 Neque
2089 790 2230 844 enim
2261 789 2374 842 haec
2403 789 2536 843 olim
2579 798 2726 859 gesta
2767 803 2830 842 ex
2879 788 3105 842 aliorum
3139 803 3269 842 nar-

1715 893 1833 937 ratu
1883 882 2106 936 auribus
2151 881 2376 949 excepi:
2432 879 2527 935 sed
2567 880 2704 949 ipse,
2736 879 2929 948 inquit,
2965 877 3074 932 vidi
3119 878 3266 933 viros

1713 977 2024 1046 blasphema
2055 973 2388 1045 proferentes
2423 981 2476 1028 et
2512 972 2703 1027 atheos
2729 972 2979 1027 omnibus
3009 971 3062 1024 in
3096 968 3269 1022 admi-

1715 1070 1924 1136 ratione
1965 1067 2214 1131 habitos,
2262 1068 2432 1122 elatos
2483 1072 2536 1120 et
2593 1064 2963 1126 exsultantes,
3016 1068 3267 1131 putantes

1713 1160 1817 1215 sibi
1868 1167 2183 1230 perpetuam
2239 1157 2352 1212 fore
2385 1157 2571 1211 vitam.
2619 1153 2725 1210 Sed
2759 1154 2885 1209 dum
2934 1167 3143 1206 mecum
3176 1165 3266 1204 re-

1713 1259 1983 1322 putarem.
2029 1249 2303 1321 quomodo
2346 1248 2420 1302 illi
2463 1247 2715 1318 quamvis
2772 1245 2945 1315 impii,
2997 1251 3077 1297 tot
3123 1244 3266 1297 nacti

1714 1344 1853 1398 bona
1891 1352 2108 1409 essent,
2155 1343 2341 1398 oculos
2375 1342 2616 1398 secundo
2649 1340 2875 1403 sustuli,
2909 1347 2966 1392 ut
3022 1344 3266 1392 contem-

1666 1435 1672 1441 ’
1714 1435 1893 1504 plarer
1930 1435 2114 1503 ipsos:
2153 1443 2207 1487 at
2238 1433 2315 1487 illi
2345 1447 2616 1502 nusquam
2651 1439 2826 1495 erant,
2857 1430 2951 1486 sed
2982 1427 3264 1482 confestim

1713 1533 2064 1579 evanuerant.
2125 1525 2325 1580 Deinde
2381 1524 2667 1594 vestigium
2723 1538 2785 1577 ac
2860 1529 3267 1576 monumentum

1713 1628 1901 1668 eorum
1929 1613 2331 1686 deprehendere
2364 1614 2571 1676 volens,
2612 1627 2680 1667 ne
2729 1613 2907 1666 locum
2949 1612 3163 1680 quidem
3211 1610 3266 1670 in

1663 1697 1668 1701 ’
1714 1719 1822 1776 quo
1844 1706 2060 1759 stetisse
2091 1705 2410 1759 videbantur
2453 1704 2688 1772 reperire
2716 1702 2886 1772 potui.
2934 1701 3267 1770 Quapropter

1714 1801 1840 1867 quia
1866 1797 1990 1852 talis
2015 1812 2200 1852 eorum
2236 1795 2356 1852 linis
2390 1807 2494 1860 est,
2541 1794 2665 1865 fuge
2697 1792 3091 1862 tu,.discipule,
3131 1793 3267 1844 tales

68 1892 91 1940 ὸ
120 1886 548 1958 μαθητευὸμενος
573 1887 759 1940 τοῦτον
785 1887 890 1940 τῶν
919 1887 1128 1940 ἀσεϐῶν
1161 1888 1250 1939 τὸν
1271 1887 1489 1958 τρόπον,
1520 1887 1611 1939 καὶ

1715 1889 2002 1957 impiorum
2051 1905 2264 1952 mores,
2309 1889 2467 1943 ablue
2510 1902 2725 1943 omnem
2778 1885 3063 1948 malitiam,
3104 1883 3268 1953 dilige

67 1976 310 2046 ἀπόνιψον
361 1978 455 2048 μὲν
495 1977 688 2031 ἑαυτοῦ
750 1979 928 2031 πᾶσαν
970 1977 1187 2040 κακίαν,
1243 1978 1524 2046 ἀγάπησον
1558 1979 1614 2030 δὲ

67 2070 152 2139 τὴν
178 2070 391 2123 εὐθεῖαν
415 2070 550 2124 ὁδόν.
583 2070 747 2123 Μένει
775 2069 881 2140 γὰρ
906 2069 1316 2140 ἐγκατάλειμμα
1345 2070 1438 2121 καὶ
1462 2068 1613 2132 ἐλπὶς

67 2161 250 2232 ἀγαθὴ,
281 2163 358 2234 τῷ
392 2163 488 2233 τὴν
530 2164 750 2234 εἰρήνην
777 2163 870 2214 καὶ
898 2160 993 2231 τὴν
1023 2161 1202 2230 φιλίαν
1241 2163 1338 2232 τὴν
1370 2163 1502 2234 πρὸς
1525 2162 1614 2214 τὸν

68 2257 183 2308 Θεὸν
211 2256 619 2326 μεταδιώξαντι,
651 2255 852 2310 καῖ’διὰ
878 2255 1034 2308 τοῦτο
1061 2255 1317 2326 εἰρηνικῷ
1346 2255 1615 2326 ἀνθρώπῳ

67 2351 347 2419 γενομένῳ.
389 2349 544 2403 Κατά
562 2348 616 2401 δὲ
648 2348 738 2400 τὸν
768 2347 1082 2416 Σύμμαχον,
1109 2348 1413 2411 Φύλασσε,
1433 2348 1613 2417 φησὶν,

66 2441 391 2509 ἁπλότητα,
427 2441 524 2494 καὶ
558 2440 664 2507 ὅρα
691 2439 854 2504 εὐθὺ,
885 2439 974 2492 ὅτι
992 2439 1120 2493 ἔστι
1156 2441 1462 2509 μέλλοντα
1512 2439 1615 2493 ἁν-

67 2531 258 2598 θρώπῳ
304 2529 600 2598 εἰρηνικῷ.

436 2641 724 2696 ΨΑΛΜΟΣ
764 2643 850 2694 ΤΩ
887 2642 1082 2695 ΔΑΥΙΔ
1113 2643 1231 2695 ΛΖ⁸.

580 2736 698 2798 ΕΙς⁶
729 2733 1088 2802 ἀνάμνησιν.

124 2823 314 2890 Κύριε,
354 2821 441 2891 μὴ
488 2820 567 2887 τῷ
601 2822 763 2889 θυμῷ
800 2835 916 2875 σου
955 2819 1208 2889 ἐλέγξῃς
1237 2837 1333 2890 με,
1359 2820 1511 2890 μηδὲ
1541 2820 1612 2889 τῇ

66 2911 197 2982 ὀργῇ
228 2929 344 2967 σου
387 2912 714 2980 παιδεύσῃς
732 2929 827 2981 με.
859 2912 1047 2975 Αύτοῖς
1080 2913 1284 2982 ῥήμασι
1317 2913 1406 2965 καὶ
1427 2911 1613 2973 αὑταῖς

66 3005 343 3070 συλλαϐαῖς
383 3007 473 3058 καὶ
502 3007 530 3059 ὁ
573 3013 623 3070 ς’
644 3005 856 3076 ψαλμὸς
885 3005 1056 3074 τούτῳ
1101 3003 1490 3075 παραπλησίως
1518 3003 1614 3074 ἀρ-

65 3114 219 3166 χεται,
250 3099 343 3152 καὶ
378 3097 446 3152 τά
483 3097 642 3151 λοιπά
670 3097 726 3150 δὲ
748 3098 840 3150 τοῦ
879 3098 1034 3151 ἕκτου
1064 3101 1174 3162 τοῖς
1207 3101 1263 3151 ὲν
1288 3098 1365 3168 τῷ
1392 3115 1612 3169 προκει-

1714 1981 1854 2035 viam
1887 1988 2112 2036 rectam.
2155 1979 2371 2035 Manent
2400 1979 2541 2035 enim
2583 1979 2826 2048 reliquias
2856 1991 3084 2047 spesque
3127 1975 3265 2029 bona

1713 2089 1834 2128 eum
1861 2073 1953 2142 qui
1991 2087 2176 2142 pacem
2210 2072 2616 2141 amicitiamque
2665 2071 2760 2127 Dei
2805 2069 3170 2141 persequitur,
3214 2074 3267 2120 et

1715 2163 1834 2216 ideo
1873 2162 2034 2216 homo
2061 2162 2320 2232 pacificus
2350 2160 2575 2215 effectus
2601 2167 2704 2214 est.
2749 2158 3062 2214 Secundum
3109 2157 3266 2228 Sym-

1715 2253 1964 2307 machum
2009 2262 2222 2317 autem,
2261 2249 2940 2319 Custodisimplicitalem,
2990 2250 3182 2318 inquit,
3223 2259 3266 2303 σι

1713 2346 1826 2399 vide
1872 2346 2198 2417 (equitatem,
2242 2345 2488 2414 quoniam
2536 2343 2718 2412 futura
2771 2351 2891 2396 sunt
2940 2341 3266 2408 hominifa-

1712 2436 1882 2504 ciﬁco.

1991 2634 2043 2687 1.
2085 2631 2410 2687 ΡδΑιιιυε.
2461 2633 2688 2687 ΒΑνιῡι
2725 2631 2986 2686 XXXVII.

2017 2725 2078 2777 In
2109 2728 2592 2778 rememorutionem
2622 2724 2684 2777 de
2709 2724 2962 2778 Sabbato.

1785 2817 1950 2873 Vens.
1996 2817 2051 2872 2.
2094 2817 2348 2882 Domine,
2383 2835 2444 2872 ne
2496 2818 2551 2870 in
2581 2817 2758 2885 furore
2800 2825 2889 2869 tuo
2928 2833 3118 2886 arguas
3165 2832 3263 2880 me,

1711 2929 1870 2982 neque
1900 2913 1952 2965 in
1987 2914 2069 2966 ira
2093 2921 2182 2966 tua
2215 2913 2470 2980 corripias
2503 2927 2600 2964 me.
2635 2911 2770 2979 Ipsis
2800 2910 2983 2965 verbis
3027 2909 3268 2980 ipsisque

1713 3005 1938 3076 syllabis
1966 3016 2149 3060 sextus
2177 3021 2394 3075 quoque
2441 3004 2681 3074 psalmus
2719 3003 2921 3072 pariter
2960 3002 3263 3065 inchoatur,

1711 3103 1765 3149 ιιι
1792 3096 1999 3165 reliqua
2031 3110 2152 3165 qua:
2182 3095 2235 3148 in
2283 3101 2435 3149 sexto
2479 3101 2819 3163 comparent,
2866 3093 3029 3162 hujus
3075 3092 3265 3162 psalmi

69 3190 200 3259 μένῳ
229 3189 548 3260 φερομένοις
582 3190 814 3259 συγγενῆ
844 3191 1115 3260 τυγχάνει.
1161 3190 1294 3242 Ἀλλ’
1318 3193 1374 3243 ἐν
1409 3192 1505 3262 μὲν
1538 3189 1612 3260 τῷ

1714 3186 1873 3242 dictis
1907 3185 2082 3239 aﬂinia
2115 3195 2260 3241 sunt.
2288 3185 2355 3238 At
2392 3185 2445 3238 in
2485 3192 2638 3248 sexto
2670 3185 2880 3254 psalmo
2915 3185 2996 3238 sic
3035 3184 3266 3239 habebat

65 3282 239 3351 ἰκτῳή
269 3283 561 3352 προγραφὴ
579 3284 846 3353 περιεῖχεν
865 3299 878 3311 ο
911 3285 1012 3347 Εἰς
1035 3282 1100 3334 τὸ
1123 3282 1295 3348 τέλος
1310 3283 1375 3335 ἐν
1406 3283 1613 3351 ὕμνοις

67 3372 203 3438 ὑπὲρ
246 3372 359 3439 τῆς
409 3371 621 3441 ὀγδόης
651 3372 890 3440 ψαλμὸς
940 3373 1020 3437 τῷ
1067 3375 1277 3428 Δαυτδ·
1341 3379 1400 3428 ὲν
1443 3377 1615 3446 δὲ-τῷ

69 3464 281 3533 παρόντι
308 3439 514 3516 τούτων
543 3464 640 3533 μὲν
660 3439 830 3525 οὐδὲν,
862 3464 1019 3533 μόνον
1044 3466 1100 3518 δὲ
1127 3466 1231 3518 τὸν
1250 3439 1617 3537 ψαλμὸν-’τῷ

68 3554 232 3607 Δαυῖδ
273 3557 362 3620 εὶς
406 3551 748 3621 ἀνάμνησιν
791 3553 1074 3609 δέδεικται.
1114 3557 1185 3607 Ἥ
1219 3573 1281 3625 γε
1319 3558 1422 3628 μὴν
1453 3575 1617 3628 προσ-

67 3645 196 3717 θήκη
230 3649 284 3718 ή,
331 3649 431 3712 -εὶς
459 3646 820 3716 ἀνάμνησιν,
864 3646 1035 3719 ἔοικεν
1084 3649 1421 3718 ἀναπέμπειν
1470 3651 1615 3719 ἡμᾶς

69 3740 136 3801 εις
161 3740 256 3811 τὴν
283 3741 340 3791 ἐν
360 3739 437 3810 τῷ
460 3739 602 3809 ἕκτῳ
626 3740 966 3810 πρργραφὴν,
989 3739 1116 3792 ὥστ’
1139 3735 1276 3793 εἶναι
1300 3740 1366 3792 τὰ
1378 3741 1616 3810 παρόντα

68 3833 144 3894 εις
165 3833 226 3882 τὸ
253 3830 449 3896 τέλος,
472 3832 585 3893 καὶ,
604 3832 673 3883 ἐν
695 3833 922 3901 ὕμνοις,
945 3833 1036 3886 καὶ
1061 3833 1206 3900 ὑπὲρ
1240 3831 1346 3899 τῆς
1367 3832 1578 3901 ὀγδόης
1598 3850 1610 3862 ’

70 3922 270 3973 πάντων
293 3920 402 3990 γὰρ
420 3920 486 3972 ἂν
512 3922 594 3990 εἴη
613 3920 810 3974 τούτων
835 3923 1240 3991 παραστατικὸν
1257 3923 1336 3984 τὸ,
1370 3926 1455 3987 εἰς
1471 3923 1615 3976 ἀνά-

65 4026 300 4078 μνησιν.
355 4012 493 4063 Ἀλλ’
546 4012 668 4063 ἐπεὶ
718 4011 1002 4076 διεξιόντες
1058 4014 1126 4066 τὰ
1157 4015 1213 4066 ὲν
1254 4014 1330 4084 τῷ
1369 4014 1615 4084 ἓκτῳ,τὰ

73 4100 400 4154 ὑποπεσόντα
429 4101 507 4162 εἰς
534 4101 632 4170 τὴν
673 4103 994 4174 προγραφὴν
1032 4105 1347 4174 εἰρήκαμεν,
1387 4107 1473 4172 εις
1503 4105 1616 4173 τὴν

69 4191 274 4244 ἐκείνων
326 4189 666 4258 ἀνάμνησιν
723 4191 817 4244 καὶ
870 4193 1032 4262 ἡμεῖς
1080 4196 1466 4266 ἀναπέμψομεν
1524 4197 1615 4250 τὸν

71 4283 467 4352 ἐντυγχάνοντα.
492 4285 647 4336 Δοκεῖ
668 4281 724 4334 δέ
747 4301 834 4354 μοι
861 4286 888 4336 ὁ
909 4285 1087 4347 Δαυῖδ,
1111 4287 1378 4358 διαφόρως
1403 4292 1459 4341 ὲν
1489 4289 1616 4342 πολ-

72 4369 168 4435 λοῖς
201 4375 327 4443 περὶ
353 4373 448 4427 τοῦ
478 4374 807 4445 πραχθέντος
845 4376 992 4445 αύτῷ
1021 4377 1483 4450 πλημμελήματος
1527 4381 1614 4447 ἐξ-

70 4462 544 4532 ομολογησάμενος,
583 4465 723 4529 ἰδίως
758 4467 848 4519 τὸν
893 4466 1134 4537 παρόντα
1179 4469 1388 4538 ψαλμὸν
1416 4471 1616 4540 ἀφωρι-

1715 3278 1998 3347 inscriptio
2033 3298 2043 3331 :
2085 3277 2146 3331 In
2176 3279 2331 3346 ﬁnem
2364 3278 2416 3329 in
2445 3276 2648 3344 hymnis
2680 3285 2774 3343 pro
2816 3285 2999 3330 octava
3031 3276 3266 3344 psalmus

1715 3366 1921 3420 Davidi.
1968 3366 2023 3420 In
2075 3367 2323 3436 pratse'nti
2358 3376 2535 3420 autem
2590 3366 2727 3418 nihil
2771 3366 2964 3420 horum
3015 3367 3266 3432 habetur,

1714 3458 1806 3511 sed
1840 3457 2123 3520 duntaxat,
2157 3457 2388 3524 psalmus
2424 3455 2648 3520 Davidi,
2683 3457 2738 3510 in
2763 3457 3264 3513 rememorationem.

1715 3547 1825 3602 lloc
1866 3564 2029 3619 porro
2059 3549 2487 3604 additamentum
2507 3588 2522 3611 ,
2557 3549 2611 3601 in
2642 3543 3123 3603 rememoratibnem
3143 3589 3157 3613 ,
3187 3549 3268 3601 vi-

1713 3641 1870 3696 delur
1897 3656 1994 3695 nos
2025 3634 2091 3694 ad
2128 3642 2321 3710 psalmi
2359 3642 2496 3696 sexti
2534 3642 2947 3712 inscriptionem
2972 3641 3265 3704 remittere,

1715 3733 1788 3784 ita
1825 3739 1882 3784 ut
1913 3746 2033 3800 quae
2061 3731 2173 3799 jam
2201 3731 2256 3784 in
2285 3732 2536 3786 manibus
2571 3739 2717 3796 sunt,
2750 3732 2802 3785 in
2834 3731 3011 3800 ﬁnem,
3044 3731 3099 3782 in
3126 3729 3270 3799 hym-

1714 3823 1815 3888 nis,
1840 3835 1890 3876 et
1916 3838 2009 3890 pro
2041 3832 2223 3876 octava
2249 3822 2393 3877 dicta
2433 3823 2536 3878 sint
2561 3841 2576 3889 ;
2607 3838 2731 3877 nam
2770 3823 2884 3878 hzec
2907 3823 3088 3877 omnia
3117 3837 3268 3894 repe-

1713 3925 1826 3969 tere
1859 3924 1912 3969 et
1939 3916 2222 3971 declarare
2246 3905 2458 3969 videtur
2489 3915 2644 3978 illud,
2684 3917 2737 3968 in
2767 3916 3265 3969 rememorationem.

1713 4005 1909 4060 Verum
1939 4008 2064 4076 quia
2099 4022 2220 4060 cum
2257 4016 2465 4063 sextum
2509 4007 2774 4078 psalmum
2831 4009 3266 4077 explanaremus,

1713 4113 1833 4168 qua:
1877 4098 2285 4168 inscriptionem
2326 4101 2645 4171 spectabant
2692 4099 3118 4169 explicavimus,
3168 4113 3270 4154 nos

1715 4206 1928 4260 quoque
1960 4191 2014 4243 in
2055 4194 2537 4245 rememoraliunem
2581 4206 2767 4245 eorum
2797 4191 3050 4242 lectorem
3086 4191 3267 4243 remit-

1714 4291 1910 4338 temus.
1935 4282 2163 4338 Videtur
2193 4299 2356 4354 porro
2391 4284 2521 4339 mihi
2547 4281 2822 4343 Davidem,
2850 4295 2973 4333 cum
3003 4281 3056 4333 in
3083 4281 3267 4336 multis

1715 4376 1812 4428 abs
1847 4391 1905 4430 se
1936 4384 2306 4444 perpetratum
2340 4375 2553 4428 facinus
2585 4373 2733 4426 varie
2783 4370 3069 4426 confessus
3101 4381 3270 4437 esset,

1715 4465 1858 4519 hunc
1913 4466 2016 4519 sibi
2081 4467 2346 4535 psalmum
2396 4464 2612 4534 proprie
2679 4465 2732 4517 in
2790 4464 3271 4517 rememorationem

73 4553 212 4605 κέναι
241 4549 421 4623 ἑαυτῷ
464 4555 552 4620 εἰς
577 4555 933 4626 ἀνάμνησιν,
959 4557 1031 4619 ὼς
1065 4559 1151 4609 ἀεὶ⁹
1175 4560 1267 4612 καὶ
1296 4559 1385 4613 διὰ
1418 4562 1612 4624 παντὸς

1717 4557 2045 4626 seposuisse,
2087 4558 2157 4609 ita
2201 4564 2259 4608 ut
2308 4571 2432 4610 eum
2488 4571 2704 4626 semper
2737 4557 2789 4610 in
2826 4571 2919 4611 ore
2977 4555 3160 4618 ferret,
3202 4569 3294 4609 eo.

74 4643 241 4714 φέρειν
273 4643 405 4698 αὐτὸ
443 4643 547 4697 ἀνὰ
575 4647 768 4715 στόμα.
824 4646 1136 4717 Κεχρῆσθαι
1197 4646 1252 4698 δὲ
1303 4649 1452 4720 αὑτῷ
1493 4653 1613 4704 ἀντὶ

75 4735 268 4807 ἐπῳδῆς
296 4737 388 4789 ἐπὶ
417 4735 680 4807 θεραπεία
725 4739 820 4806 τῆς
857 4738 1020 4790 αὑτοῦ
1064 4738 1261 4809 ψυχῆς.
1316 4741 1614 4813 Ὶκετηρὶαν

75 4826 189 4894 γοῦν
217 4829 524 4899 ἀναπέμπει
569 4827 645 4898 τῷ
678 4828 812 4898 Θεῷ,
839 4829 904 4882 δι’
937 4828 1004 4903 ἧς
1035 4830 1367 4902 ἀποστρέφει
1399 4835 1494 4902 μὲν
1518 4837 1615 4908 τὴν

75 4919 226 4991 ὀργὴν
247 4922 345 4994 τὴν
373 4923 504 4976 πᾶσι
526 4922 636 4984 τοῖς
662 4922 1058 4992 ἁμαρτάνουσιν
1079 4926 1479 4996 ὲπηρτημένην,
1505 4927 1616 4980 ἰλά-

77 5023 247 5065 σκεται
276 5013 332 5066 δὲ
370 5015 462 5067 τὸν
492 5011 692 5082 ἀγαθὸν
726 5011 924 5081 Κύριον
953 5020 1069 5079 ταῖς
1102 5016 1216 5087 μεθ’
1250 5018 1612 5089 ὑπερϐαλλού-

80 5112 166 5166 σης
203 5103 633 5175 ἐξομολογήσεως
679 5105 898 5172 φωναῖς.
942 5106 1127 5175 Λέγων
1172 5108 1260 5161 δέ’
1293 5110 1490 5176 Κύριε,
1526 5111 1612 5181 μὴ

81 5187 149 5252 τῷ
179 5192 338 5260 θυμῷ
382 5209 498 5248 σου
540 5194 790 5264 ἐλέγξῃς
811 5213 906 5264 με,
939 5197 999 5249 οὐ
1037 5200 1125 5252 τὸν
1154 5199 1369 5270 ἔλεγχον
1412 5221 1613 5274 παραι-

81 5283 251 5339 τεῖται.
310 5284 444 5339 ἀλλὰ
487 5287 577 5338 τὸν
613 5287 746 5356 μετὰ
785 5286 950 5358 θυμοῦ
976 5305 990 5319 ο
1021 5291 1139 5344 οὐδὲ
1173 5292 1234 5342 τὸ
1266 5292 1613 5365 παιδευθῆναι

82 5373 272 5441 φεύγει,
309 5375 444 5428 ἀλλὰ
460 5376 522 5428 τὸ
555 5378 689 5449 μετὰ
715 5379 881 5448 ὀργῆς
902 5396 916 5409 ·
947 5379 1076 5432 ὡσεὶ
1108 5381 1199 5434 καὶ
1242 5383 1406 5454 ἰατρῷ
1431 5403 1515 5448 τις
1546 5388 1614 5442 τὰ

83 5461 156 5514 διὰ
201 5466 466 5537 καυτῆρος
520 5467 614 5518 καὶ
674 5467 890 5540 σιδήρου
940 5474 1034 5524 καῖ¹
1077 5474 1284 5544 πικρῶν
1329 5478 1614 5534 ἀντιδότων

86 5559 419 5627 προσφέροντι
452 5556 769 5628 βοηθήματα
787 5560 877 5613 ἐπὶ
903 5562 1167 5636 θεραπείᾳ
1188 5567 1386 5632 πάθους
1407 5571 1616 5625 ὑποκεί-

87 5658 224 5707 μενος
255 5646 428 5716 λέγοι·
463 5647 553 5717 Mi)
578 5646 663 5700 διὰ
689 5649 854 5717 πυρός
882 5669 946 5720 με
977 5653 1333 5729 θεραπεύσῃς,
1367 5661 1500 5730 μηδὲ
1528 5662 1612 5715 διὰ

88 5731 279 5805 σιδήρου
308 5739 403 5792 καὶ
433 5737 636 5808 τομῶν,
692 5738 823 5791 ἀλλὰ
854 5742 939 5795 διὰ
965 5745 1140 5812 ἠπίων
1181 5749 1271 5800 καὶ
1302 5751 1612 5822 πραοτὲρων

89 5828 382 5893 φαρμάκων.
428 5831 484 5883 Ὀ
513 5830 619 5898 γὰρ
650 5830 884 5895 τοιοῦτος
922 5833 981 5886 οὐ
1045 5837 1137 5900 τὴν
1186 5839 1474 5906 θεραπείαν
1511 5844 1607 5910 ἀρ-

1719 4667 1849 4704 usus
1879 4650 2034 4718 quasi
2068 4648 2422 4702 delinimento
2473 4648 2538 4702 ad
2589 4647 2848 4704 medelam
2904 4649 3095 4703 anima:
3134 4663 3263 4703 suae.

1717 4739 2174 4810 Supplicationem
2209 4737 2390 4808 itaque
2433 4738 2541 4793 Deo
2574 4738 2794 4802 emittit,
2819 4755 2924 4808 qua
2969 4740 3102 4793 iram
3142 4739 3265 4806 qui-

1714 4831 1833 4887 dem
1879 4831 2231 4900 peccantibus
2285 4831 2542 4885 omnibus
2600 4830 2992 4899 impendentem
3036 4830 3271 4894 avertit,

1715 4923 2044 4991 vocibusque
2073 4923 2284 4977 eximia:
2324 4922 2687 4977 confessionis
2734 4923 2932 4980 bonum
2980 4921 3266 4976 Dominum

1714 5019 2008 5092 pr0pitium
2040 5019 2143 5074 sibi
2185 5018 2335 5072 facit.
2374 5018 2509 5072 Cum
2544 5033 2673 5072 vero
2708 5018 2802 5079 ait,
2843 5017 3089 5084 Domine,
3124 5035 3185 5073 ne
3214 5019 3269 5071 in

1713 5111 1888 5180 furore
1927 5117 2014 5162 tuo
2064 5125 2258 5178 arguas
2312 5123 2423 5170 me,
2479 5122 2592 5161 non
2643 5107 3114 5176 reprehensionem
3173 5109 3269 5162 de-

1713 5207 1941 5264 trectat,
1976 5200 2073 5256 sed
2119 5215 2242 5253 cum
2284 5197 2467 5252 furore
2511 5197 2890 5266 conjunctam;
2933 5216 3106 5270 neque
3145 5215 3269 5253 cor-

1712 5292 2015 5362 reptionem
2045 5291 2205 5361 fugit,
2241 5290 2498 5345 sed-eum.
2542 5290 2622 5343 ira
2669 5289 2907 5344 editam:
2943 5306 3006 5345 ac
3054 5290 3099 5345 si
3144 5305 3268 5359 quis

1715 5385 1924 5442 medico
1957 5400 2052 5454 per
2083 5381 2447 5447 adustionem,
2482 5379 2685 5435 ferrum
2717 5391 2771 5435 et
2802 5381 2996 5436 acerba
3027 5381 3266 5434 remedia

1715 5473 1956 5527 levamen
1985 5471 2158 5526 morbi
2194 5463 2438 5526 oll'erenti
2488 5468 2768 5538 subjectus
2797 5471 2976 5526 dicat:
3027 5467 3106 5524 Ne
3134 5471 3264 5524 mihi

1714 5564 1913 5634 ignem,
1943 5579 2012 5620 ne
2042 5563 2265 5626 ferrum,
2295 5578 2363 5618 ne
2387 5564 2659 5618 sectiones
2685 5561 2750 5616 ad
2789 5541 3051 5617 medelam
3079 5562 3266 5615 admo-

1714 5655 1861 5720 veas,
1908 5655 2004 5710 sed
2053 5655 2232 5709 dulcia
2285 5655 2607 5725 mitioraque
2647 5655 2918 5711 remedia:
2964 5653 3091 5709 talis
3121 5654 3261 5708 enim

1713 5749 1877 5802 homo
1901 5764 2008 5802 non
2039 5751 2370 5804 curationem
2401 5751 2607 5814 abnuit,
2647 5750 2739 5820 sed
2776 5749 3046 5804 duriorem
3076 5749 3254 5818 opitu-

1715 5845 1859 5906 landi
1893 5846 2176 5902 rationem.
2232 5844 2558 5916 Plerumque
2602 5851 2778 5904 autem
2811 5846 3064 5910 diximus,
3126 5845 3260 5899 iratn
