3966 6344
62 408 142 462 541
1154 409 1650 466 SOMMENTARIA
1683 412 1749 467 IN
1790 412 2128 468 PSALMOS.

3170 418 3275 471 543

60 527 276 597 σαρκῶν
287 530 473 584 αὐτοῦ
493 532 588 585 καί
607 530 723 584 τῶν
743 532 966 587 ὀστέων
981 534 1185 589 αὐτοῦ.
1205 533 1339 585 Ἀλλ’
1355 534 1515 604 ἑτέρα
1528 551 1609 598 τις

1715 547 1758 589 et
1791 553 1913 589 ossa
1938 536 2050 604 ejus
2080 532 2353 588 “.Verum
2382 549 2487 585 ana
2522 546 2718 587 manus
2745 538 2955 598 erat,et
2975 531 3274 603 alitesagit-

61 621 117 693 ἦν
132 623 242 695 χεὶρ
255 623 345 675 καὶ
356 622 517 695 ἕτερα
532 622 655 693 βέλη
673 624 779 677 τῶν
795 624 1008 696 σαρκῶν
1019 624 1180 677 αὐτοῦ
1197 624 1263 677 τὰ
1278 624 1607 695 καθικόμενοι

62 714 245 767 καὶτῶν
260 714 583 785 σωματικῶν
613 716 981 787 ὑπαρχόντων·
999 716 1228 769 ἐνταῦθα
1243 717 1286 769 δ’
1309 717 1608 787 ἐπειδήπερ

61 806 144 875 τὴν
162 805 329 875 ψυχὴν
344 805 513 877 αὐτὴν
529 806 814 878 νενόσηκεν
830 810 857 860 ό
871 806 1052 871 Δαυῖδ,
1068 809 1225 880 ἕτερα
1243 809 1372 880 βέλη
1389 810 1609 863 καθικέ-

61 897 166 949 σθαι
187 895 345 950 αὑτοῦ
364 898 642 969 σημαίνει,
672 900 765 953 καὶ
782 900 973 970 ἑτέραν
993 904 1149 971 χεῖρα
1170 902 1262 954 τοῦ
1288 901 1420 955 Θεοῦ
1441 898 1610 973 ἧφθαι

57 987 223 1052 αὑτοῦ,
263 988 405 1043 καθά
460 989 703 1060 ἐφθημεν
759 990 1026 1055 εἰπόντες,
1086 991 1153 1044 τὰ
1206 991 1398 1060 λογικὰ
1447 992 1607 1065 βέλη,

59 1079 311 1149 μᾶλλονᾶ
336 1080 536 1145 αὐτοὺς
566 1080 661 1134 τοῦ
711 1079 846 1133 Θεοῦ
895 1081 1085 1151 λόγους
1129 1082 1416 1146 νύττοντας
1447 1083 1609 1138 αὐτοῦ

56 1174 141 1243 τὴν
168 1172 361 1243 ψυχὴν,
413 1173 507 1226 καὶ
553 1172 651 1242 τὴν
711 1173 1014 1243 συνείδησιν
1048 1176 1218 1246 αὐτὴν
1253 1172 1611 1248 ’τιμωρουμὲ-

56 1282 180 1327 νους.
210 1267 433 1335 Μήποτε
462 1265 519 1319 δὲ
573 1264 666 1317 καὶ
699 1265 859 1318 αὑτὸν
888 1267 976 1319 τὸν
1008 1267 1250 1321 διάϐολον
1282 1270 1376 1321 καὶ
1407 1269 1475 1321 τὰ
1517 1268 1610 1321 τοῦ

61 1357 279 1410 Ξιαὸόλου
307 1356 677 1426 πεπυρωμένα
704 1356 830 1435 βέλη
863 1359 932 1411 τὰ
950 1358 1225 1428 παθητικὰ
1247 1359 1343 1412 καὶ
1376 1360 1614 1431 ἐρωτικὰ

59 1450 111 1502 τὰ
159 1451 234 1513 είς
282 1448 576 1519 ἐπιθυμίαν
611 1450 772 1505 αὐτὸν
812 1448 1088 1520 sesama
1132 1452 1232 1521 τῆς
1276 1450 1370 1503 τοῦ
1418 1451 1611 1522 Οὐρίου

55 1542 288 1608 γυναικὸς
346 1541 635 1610 σημαίνει;
669 1534 743 1593 ὧν
778 1542 870 1594 καὶ
916 1545 944 1595 ό
1004 1541 1322 1605 Ἀπόστολος
1376 1541 1612 1594 διδάσκει

58 1633 205 1701 λέγων
222 1648 235 1661 ³
269 1630 626 1685 ’Λναλάϐετε
658 1629 771 1699 τὴν
787 1633 1131 1685 πανοπλίαν
1154 1632 1261 1686 τοῦ
1279 1632 1449 1695 Θεοῦ,
1468 1633 1615 1699 πρὸς

55 1723 105 1775 τὸ
147 1722 439 1775 δύνασθαι
485 1721 682 1775 πάντα
745 1722 817 1775 τὰ
858 1722 1253 1791 πεπυρωμένα
1299 1721 1458 1789 ,ϐέλη
1509 1723 1612 1776 τοῦ

53 1814 298 1881 πονηροῦ
347 1814 583 1868 σϐέσαι.
640 1815 848 1886 Ὥσπερ
894 1814 950 1868 δὲ
991 1814 1109 1868 ’1ὼὸ
1143 1815 1212 1870 τὰ
1238 1813 1324 1869 τοῦ
1365 1813 1611 1868 διαϐόλου

1714 638 1780 683 tae
1809 644 1929 699 quae
1964 642 2186 683 carnem
2223 634 2279 682 et
2306 641 2570 696 corporea
2600 625 2720 696 ejus
2766 626 3107 696 attingebant
3140 645 3152 680 :
3188 624 3277 679 hic

1712 728 1892 775 autem
1937 719 2064 790 quia
2123 717 2293 773 David
2349 718 2527 773 anima
2559 715 2874 787 aegrotabat.
2906 732 2967 771 se
2998 717 3122 773 aliis
3148 730 3278 772 eon-

1711 813 1918 881 fossum
1979 813 2127 881 telis,
2184 811 2460 881 aliamque
2513 826 2733 865 manum
2793 809 2887 865 Dei
2933 825 2993 865 se
3033 810 3278 880 tetigisse

1710 905 2000 977 signiﬁcat,
2024 906 2099 958 uti
2134 904 2387 975 superius
2406 903 2668 968 diximus,
2699 901 2955 956 nimirum
2988 900 3278 955 rationabi-

1709 996 1789 1051 les
1825 994 2072 1065 sagittas,
2103 994 2212 1047 imo
2233 1008 2362 1047 vero
2394 993 2509 1061 ipsa
2549 991 2641 1046 Dei
2677 992 2863 1057 verba,
2887 1006 3007 1061 quae
3028 989 3277 1067 animam

1712 1074 2045 1154 pungebaht,‘
2069 1090 2123 1137 et
2156 1080 2224 1136 de
2262 1081 2601 1137 conscientia
2643 1083 2761 1151 ejus
2812 1083 3138 1153 supplicium
3185 1097 3277 1135 su-

1712 1175 1947 1229 mebant.
1979 1173 2117 1227 Num
2146 1174 2286 1229 forte
2317 1174 2493 1242 ipsum
2527 1173 2804 1229 diabolum
2826 1182 2877 1229 et
2903 1175 3067 1245 ignita
3090 1172 3277 1229 diabo-

1712 1264 1748 1318 li
1789 1266 1894 1320 tela
1926 1263 2178 1319 aﬂ‘ectum
2205 1265 2502 1319 excitantia
2534 1272 2587 1319 et
2629 1265 2915 1331 amatoria,
2946 1279 3067 1334 quin
3100 1265 3278 1334 ipsum

1711 1355 1777 1407 ad
1813 1354 2311 1423 concupiscentiam
2356 1354 2542 1408 uxoris
2582 1352 2725 1408 Uria:
2772 1352 3163 1416 accendebant,
3194 1353 3280 1409 bis

1713 1445 1918 1499 indicat
1943 1445 1964 1496 ?
1997 1444 2065 1499 de
2095 1445 2295 1514 quibus
2321 1447 2434 1499 haec
2462 1445 2668 1499 monita
2694 1446 2787 1500 dat
2816 1445 3110 1514 Apostolus
3137 1464 3151 1499 :
3176 1446 3280 1498 Ac-

1712 1538 1863 1604 cipite
1891 1544 2224 1588 armaturam
2248 1534 2367 1600 Dei,
2384 1546 2439 1588 ut
2459 1537 2672 1603 possitis
2697 1538 2873 1590 omnia
2901 1538 3006 1591 tela
3028 1538 3283 1607 nequissi-

1712 1629 1784 1681 mi
1807 1629 2135 1697 exstinguere
2162 1627 2228 1681 ⁸⁸.
2256 1626 2725 1691 Quemadmodum
2756 1634 2934 1680 autem
2966 1624 3068 1680 Job
3091 1627 3282 1680 diabo—

1712 1720 1750 1773 li
1786 1706 2015 1790 sagittas
2045 1726 2097 1775 et
2126 1718 2372 1773 immissa
2402 1720 2618 1786 corpori
2648 1732 2749 1771 suo
2787 1719 2995 1779 ulcera,
3030 1718 3157 1786 quia
3189 1717 3279 1771 Dei

1715 1812 1985 1883 permissu
2023 1810 2361 1873 acciderant,
2393 1811 2621 1879 sagittas
2673 1807 2888 1862 Domini
2950 1809 3163 1863 vocavit
3207 1811 3283 1863 di-

51 1907 162 1975 βέλη
191 1906 377 1959 καὶτὰ
420 1906 551 1977 ἒλκη
580 1907 648 1961 τὰ
668 1906 986 1961 ἐπιτεθέντα
1026 1907 1175 1979 αὑτῷ
1220 1906 1361 1963 κατὰ
1390 1907 1484 1961 τοῦ
1512 1907 1611 1961 σώ-

1715 1893 1845 1959 cens
1879 1918 1892 1957 :
1939 1899 2082 1956 Nam
2118 1903 2329 1971 sagittae
2370 1899 2583 1953 Domini
2629 1901 2685 1953 in
2728 1913 2942 1966 corpore
2976 1913 3089 1951 meo
3138 1912 3282 1961 sunt,

50 2013 237 2066 ματος,
288 1996 477 2067 misi;
506 1996 651 2051 κατὰ
682 1995 1030 2069 συγχώρησιν
1067 1999 1277 2065 ἐγίνετο
1322 1998 1416 2053 τοῦ
1452 1997 1611 2061 Θεοῦ,

50 2087 160 2157 βέλη
188 2088 395 2158 Κυρίου
423 2088 706 2158 ὠνόμασεν
729 2088 896 2141 εἰπών
916 2106 929 2118 ·
966 2088 1121 2157 Βέλη
1157 2088 1267 2159 γὰρ
1298 2090 1516 2157 Κυρίου
1545 2090 1615 2142 ὲν

46 2176 115 2241 τῷ
140 2180 393 2247 στόματί
401 2195 520 2246 μου
553 2178 743 2242 ἐστὶν,
771 2172 849 2231 ὧν
878 2183 910 2231 ὀ
938 2180 1122 2248 θυμὸς
1154 2178 1352 2239 αὐτῶν
1384 2181 1612 2236 ἐκπίνει

45 2288 144 2337 μου
200 2272 263 2325 τὸ
311 2267 483 2340 αἷμα·
542 2271 716 2335 οὕτως
751 2271 896 2335 εἰκὸς
940 2272 1034 2341 καὶ
1066 2272 1156 2325 τὸν
1192 2272 1353 2326 Δαυῒδ
1380 2272 1613 2327 ἐνταῦθα

49 2362 161 2432 βέλη
195 2364 401 2435 Κυρίου
455 2363 754 2433 εἰρηκέναι,
790 2364 910 2415 ἐπεὶ
952 2364 1093 2417 κατὰ
1128 2365 1472 2436 συγχώρησιν
1516 2364 1609 2417 τοῦ

50 2456 236 2525 Κυρίου
260 2454 762 2524 κατεστρατεύσατο
778 2454 941 2507 αὑτοῦ
966 2457 993 2507 ὁ
1018 2457 1332 2520 ἀντίπαλος,
1357 2458 1442 2509 ἵνα
1468 2456 1611 2528 μάθῃ

50 2546 112 2615 μὴ
134 2546 339 2614 λέγειν·
363 2549 446 2600 Οὐ
479 2547 565 2614 μὴ
604 2545 881 2600 σαλευθῶ
922 2549 1010 2613 είς
1059 2548 1164 2600 τὸν
1199 2548 1400 2601 αἰῶνα.
1463 2548 1612 2600 Ἐπεὶ

47 2639 140 2707 γὰρ
192 2640 257 2708 τῇ
302 2638 488 2708 χάριτι
532 2636 627 2689 τοῦ
675 2636 807 2689 Θεοῦ
866 2638 1271 2707 δυναμούμενος
1338 2638 1479 2708 μέγα
1526 2636 1608 2705 ἐφ’

47 2727 206 2798 ἑαυτῷ
235 2729 504 2801 ιφρόνησέ
522 2729 763 2795 ποτε,ώς
795 2730 1259 2783 ἀπαυθαδίσασθαι
1286 2731 1378 2783 καὶ
1401 2730 1609 2792 είπεῖν,·

56 2818 182 2887 Ἐγὼ
210 2819 280 2872 δὲ
310 2816 452 2873 εἶπα
479 2821 548 2873 ὲν
569 2819 644 2889 τῇ
664 2821 906 2886 εὐθηνίςῖ
933 2838 1052 2887 μου
1069 2837 1080 2849 ·
1112 2823 1191 2873 Οὐ
1219 2820 1305 2890 μὴ
1338 2818 1612 2873 σαλευθῶ

44 2912 119 2974 εὶς
161 2910 268 2963 τὸν
314 2909 533 2965 αὶῶγιν
567 2910 758 2963 τούτου
787 2911 943 2980 χάριν
968 2911 1193 2973 εἰκότως
1226 2911 1494 2982 παρεδόθη
1535 2911 1613 2981 τῷ

45 3002 366 3074 πειράζοντι,
390 3003 471 3066 ὃς,
494 3003 592 3073 τῆς
638 3002 815 3072 ψυχῆς
853 3004 1015 3056 αὐτοῦ
1052 3003 1454 3074 καθαψάμενος,
1493 3021 1612 3073 μει-

46 3092 198 3158 ζόνως
246 3096 411 3149 αὐτὸν
444 3097 478 3167 ἢ
508 3096 599 3149 τὸν
638 3094 757 3148 Ἰὼϐ
812 3096 1139 3166 ἐζημίωσεν.
1168 3097 1244 3163 ,Εί
1278 3097 1333 3149 δὲ
1377 3098 1425 3149 oi
1464 3096 1611 3165 λόγοι

1711 2012 1935 2067 quarunt
1951 1995 2105 2064 [uror
2132 1994 2289 2047 ebibit
2315 2010 2486 2047 meum
2522 1994 2829 2062 sanguinem
2857 1993 2936 2057 ⁸⁷;
2967 1992 3038 2046 ita
3089 1992 3283 2047 verisi-

1711 2089 1836 2141 mile
1875 2095 1959 2141 est
1990 2086 2112 2140 ideo
2149 2085 2407 2139 Davidem
2438 2086 2526 2139 hic
2553 2088 2785 2155 sagittas
2817 2084 3031 2139 Domini
3057 2082 3282 2145 dixisse,

1711 2182 1837 2250 quia
1880 2196 1947 2233 ex
1986 2177 2079 2233 Dei
2116 2194 2383 2233 concessu
2436 2178 2693 2233 inimicus
2730 2194 2854 2233 eum
2917 2176 3284 2249 oppugnabat,

1712 2280 1771 2326 ut
1794 2270 2061 2326 edisceret
2092 2282 2201 2325 non
2232 2271 2306 2323 ita
2332 2270 2661 2339 loquendum
2695 2284 2817 2324 esse
2849 2288 2861 2322 :
2902 2267 3027 2323 Non
3045 2272 3274 2323 movebo:

1710 2364 1763 2416 in
1787 2372 2041 2417 wternum
2070 2363 2138 2416 ⁸⁸.
2164 2362 2304 2428 Quia
2334 2362 2479 2417 enim
2508 2362 2805 2431 aliquando
2837 2358 2933 2415 Dei
2970 2360 3143 2429 gratia
3176 2360 3286 2413 ful-

1713 2462 1801 2508 tus
1830 2468 2025 2524 magna
2052 2453 2120 2509 de
2149 2470 2209 2510 se
2239 2462 2511 2515 senserat,
2552 2454 2626 2506 ita
2675 2460 2733 2506 ut
2784 2459 3102 2522 arroganter
3132 2452 3286 2505 dice-

1710 2556 1791 2599 ret
1824 2565 1834 2598 :
1875 2544 1988 2616 Ego
2025 2559 2197 2600 autem
2233 2546 2347 2599 dixi
2380 2547 2437 2599 in
2461 2545 2793 2621 abundantia
2834 2562 2945 2597 men
2978 2560 2995 2595 :
3026 2543 3149 2598 Non
3174 2560 3289 2597 mo-

1710 2637 1861 2691 vebar
1919 2640 1972 2690 in
2011 2647 2265 2690 cateruam
2314 2638 2391 2700 3’;
2429 2637 2550 2690 ideo
2595 2638 2720 2705 jure
2763 2638 3018 2692 tentatori
3052 2635 3285 2689 traditus

1710 2738 1813 2788 est.
1846 2728 1938 2798 qui
1997 2729 2236 2781 animam
2286 2729 2407 2797 ejus
2455 2728 2710 2789 adortus,
2753 2728 2930 2797 majus
2979 2728 3082 2795 ipsi
3121 2743 3282 2797 quam

1710 2821 1845 2876 Jobo
1865 2822 2120 2874 damnum
2148 2822 2349 2874 intulit.
2384 2820 2538 2886 Quod
2568 2823 2611 2875 si
2638 2836 2919 2876 sermones
2943 2818 3059 2881 Dei,
3093 2820 3187 2889 qui
3218 2820 3285 2873 de

1707 2915 1857 2983 justo
1883 2914 2003 2982 ejus
2023 2914 2235 2984 judicio
2261 2914 2583 2979 admonent,
2608 2920 2661 2967 et
2706 2910 3105 2981 imprudentem
3155 2925 3285 2978 pee-

1712 3006 1963 3061 cantibus
1996 3006 2131 3060 iram
2164 3006 2282 3075 ejus
2315 3006 2566 3068 edocent,
2594 3004 2809 3075 sagittis
2836 3001 3110 3056 acutiores
3134 3009 3281 3062 sunt,

1716 3108 2069 3170 punguntque
2118 3098 2543 3164 conscientiam;
2590 3112 2721 3152 sane
2776 3095 2981 3150 dixeris
3030 3092 3284 3146 Davidem

6 3236 11 3241 .
44 3186 126 3238 τοῦ
149 3186 308 3251 Θεοῦ,
342 3188 393 3240 ol
442 3188 540 3258 τῆς
575 3187 970 3257 δικαιοκρισίας
1004 3188 1165 3240 αὑτοῦ
1221 3188 1611 3259 ὑπομνηστικοὶ

1716 3192 1889 3247 sacris
1928 3192 2079 3247 hisce
2114 3206 2176 3245 ac
2219 3190 2422 3245 divinis
2468 3191 2684 3260 sagittis
2727 3190 3067 3253 confossum,
3100 3203 3282 3257 repre-

45 3278 128 3330 καὶ
158 3278 251 3349 τῆς
293 3236 607 3352 ⁷ὀργῖῆςιετῆς
645 3283 757 3343 τοῖς
784 3236 1191 3350 ἆμλρτάνουσιν
1224 3236 1611 3350 ἐπηρτημένης

1716 3236 1889 3247 ην..-
1929 3236 2079 3247 ...νυν
2114 3236 2176 3245 ε-
2221 3236 2421 3245 ....---.-
2469 3236 2683 3260 ηοω.-
2732 3236 3067 3253 --_.--_-_-_-,
3100 3236 3247 3257 ,Ἶημ

1716 3286 2033 3340 hensionem
2056 3298 2180 3337 cum
2214 3282 2397 3336 furore
2428 3282 2630 3335 illatam
2658 3282 2781 3351 jure
2812 3296 3120 3337 recusasse.
3150 3279 3283 3335 Nam

44 3370 419 3433 διδασκαλικοὶ,
469 3370 637 3440 βελῶν
675 3374 812 3423 εἰσιν
856 3371 1125 3441 ὀξύτεροι,
1169 3371 1269 3440 τὴν
1308 3372 1609 3441 συνείδησιν

1715 3378 1821 3432 tela
1846 3376 1941 3431 abs
1974 3384 2027 3430 te
2056 3374 2186 3429 mihi
2227 3375 2493 3435 immissa,
2519 3374 2612 3439 ait,
2633 3389 2754 3443 qua:
2778 3374 2914 3426 iram
2950 3383 3003 3428 et
3047 3372 3284 3425 furorem

46 3460 312 3527 νύττοντες
336 3480 348 3497 ξ
375 3462 468 3517 καὶ
491 3461 665 3525 οὕτως
687 3462 859 3525 εἴποις
884 3462 949 3514 ἂν
983 3462 1070 3515 τὸν
1100 3460 1282 3524 Δαυῒδ,
1305 3466 1417 3527 τοῖς
1446 3464 1611 3533 ἱεροῖς

1715 3474 1868 3519 tuum
1913 3472 2327 3535 praeverterunt,
2362 3444 2692 3517 suﬂicienter
2737 3462 2805 3515 de
2838 3477 2925 3515 me
2959 3460 3284 3531 supplicium

44 3552 237 3617 τούτοις
252 3554 349 3606 καὶ
370 3553 535 3616 θείοις
554 3553 727 3622 βέλεσι
754 3553 939 3607 κεντού
949 3570 1131 3624 μενον,
1158 3553 1394 3619 εὐλόγως
1416 3570 1610 3624 παραι-

1718 3564 1964 3621 sumunt,
1999 3570 2060 3608 ac
2089 3555 2223 3609 satis
2274 3570 2360 3609 me
2389 3554 2659 3625 castigant
2696 3574 2709 3608 :
2743 3554 2837 3608 sed
2868 3554 3036 3607 etiam
3090 3565 3286 3605 manus

45 3646 237 3708 τεῐσθαι
265 3647 359 3700 τὸν
383 3645 473 3699 διὰ
495 3646 586 3699 τοῦ
612 3646 781 3717 θυμοῦ
808 3645 1045 3716 ἔλεγχον.
1079 3644 1456 3716 Προσλαϐόντα
1481 3644 1608 3715 γὰρ,

1718 3656 1811 3701 tua
1864 3662 1961 3718 per
2000 3647 2180 3705 illatas
2224 3646 2537 3716 frequenter
2588 3644 2929 3701 calamitates
2978 3657 3065 3698 me
3105 3643 3284 3697 contio

46 3739 186 3805 φησὶ,
219 3738 323 3809 τὴν
351 3737 521 3809 ὀργὴν
546 3739 639 3791 καὶ
664 3738 753 3791 τὸν
787 3737 955 3809 θυμὸν
988 3736 1057 3789 τὰ
1094 3734 1243 3805 παρὰ
1268 3734 1360 3786 σοῦ
1392 3735 1612 3788 καθικό-
1719 3741 1813 3807 git.

49 3833 173 3899 μενά
201 3850 292 3902 μοι
328 3832 480 3903 βέλη,
538 3833 736 3897 ἱκανῶς
771 3850 838 3901 με
874 3835 1217 3901 τιμωρεῖται,
1268 3832 1359 3883 καὶ
1402 3832 1688 3903 αὐτάρκως
1725 3852 1791 3904 με
1828 3835 2040 3899 κολάζει
2066 3852 2077 3863 ’
2115 3834 2248 3887 ἀλλὰ
2274 3834 2365 3887 καὶ
2397 3836 2429 3902 ἡ
2459 3835 2581 3902 χείρ
2623 3852 2713 3887 σου
2747 3833 3027 3905 καθήψατο
3057 3830 3146 3885 διὰ
3179 3831 3288 3883 τῶν

48 3925 354 3997 ἐπαλλήλων
385 3926 696 3997 συμφορῶν.

110 4040 227 4093 Οὐκ
274 4040 448 4093 ἔστιν
489 4039 653 4103 ῑασις
704 4038 773 4091 ἐν
806 4037 878 4107 τῇ
910 4041 1096 4107 σαρκί
1120 4057 1237 4109 μου
1272 4039 1391 4093 ἀπὸ
1435 4054 1614 4107 προσ-

45 4135 194 4188 ώπου
229 4132 344 4203 τῆς
389 4132 572 4202 ὀργῆς
620 4148 757 4197 σου,
804 4135 913 4186 οὐκ
948 4134 1121 4203 ἐστιν
1155 4132 1361 4202 εἰρήνη
1389 4134 1457 4187 ἐν
1487 4133 1613 4198 τοῖς

47 4224 269 4291 ὀστέοις
295 4242 417 4294 μου
460 4224 577 4278 ἀπὸ
616 4222 937 4291 προσώπου
991 4224 1109 4277 τῶν
1147 4224 1443 4293 ἁμαρτιῶν
1469 4242 1607 4293 μου.

48 4316 146 4386 Τὴν
174 4297 285 4387 γὰρ
310 4315 495 4387 ’σάρκα
521 4332 644 4385 μου,
675 4313 740 4367 δι’
764 4310 833 4385 ἦς
856 4315 1168 4386 πέπρακταί
1196 4334 1284 4386 μοι
1322 4318 1381 4369 τὸ
1429 4316 1610 4385 ἁμάρ-

48 4424 205 4477 τημα,
247 4407 503 4461 κολάσεσι
558 4404 850 4475 παρέδωκα
892 4409 1300 4479 τιμωρούμενος
1356 4410 1608 4479 ἐμαυτόν.

49 4498 207 4553 Τοῦτο
226 4498 339 4571 γὰρ
363 4499 459 4551 καὶ⁵
488 4496 673 4567 ἐδήλου
700 4496 765 4548 δι’
790 4499 990 4569 ἑτέρων
1012 4501 1183 4569 λέγων
1200 4519 1211 4529 ·
1248 4503 1357 4554 Καὶ
1386 4502 1613 4554 ἑταπεί-

1790 4037 1956 4091 Vsus.
1997 4035 2051 4091 4.
2094 4034 2214 4088 Non
2255 4044 2333 4087 est
2386 4033 2591 4086 curatio
2634 4034 2689 4085 in
2727 4048 2885 4086 carne
2930 4048 3045 4087 mea
3085 4049 3121 4091 α
3151 4032 3289 4102 facie

1716 4132 1811 4184 ira:
1853 4139 1977 4193 tute,
2006 4138 2054 4182 et
2099 4145 2200 4183 non
2229 4138 2307 4182 est
2342 4142 2448 4194 pax
2475 4125 2683 4180 ossibus
2721 4127 2851 4180 meis
2879 4142 2911 4177 a
2941 4124 3077 4192 facie
3104 4139 3289 4193 pecea-

1718 4232 1890 4275 torum
1936 4237 2189 4275 meorum.
2232 4221 2464 4275 Carnem
2503 4218 2704 4287 quippe
2742 4230 2938 4280 meam,
2962 4229 3067 4284 qua
3096 4230 3290 4285 peccav

1717 4321 1829 4365 tum
1864 4311 2082 4376 admisi,
2112 4308 2395 4378 suppliciis
2429 4306 2648 4371 tradidi,
2681 4304 2941 4358 ultionem
2980 4303 3048 4357 de
3077 4319 3162 4358 me
3196 4320 3287 4356 su-

1720 4419 1891 4457 mens.
1925 4402 2041 4457 lloe
2070 4405 2215 4456 enim
2270 4404 2322 4455 in
2374 4401 2760 4468 aliisoquoque
2791 4396 2928 4449 locis
2963 4394 3288 4465 signiﬁcavit

1719 4494 1908 4548 dicens
1945 4513 1961 4546 ι
1990 4492 2059 4545 Et
2086 4490 2431 4544 ltumiliabam
2462 4490 2515 4541 in
2538 4488 2744 4557 jejunio
2778 4490 3013 4538 animam
3030 4501 3195 4537 meam
3216 4488 3281 4548 9°;

51 4609 188 4645 reor
206 4589 545 4657 oft-nereia
568 4587 684 4655 τὴν
704 4588 912 4655 ψυχήν
928 4608 1066 4658 μου·
1098 4593 1210 4655 καὶ,
1228 4595 1296 4646 Ἠ
1318 4592 1476 4660 σάρξ
1496 4610 1611 4661 μου

1720 4593 1774 4637 et
1807 4604 1819 4637 :
1864 4583 2004 4638 Caro
2061 4597 2177 4634 mea
2209 4582 2491 4633 immutata
2529 4588 2609 4633 est
2648 4586 2857 4649 propter
2887 4578 3055 4629 oleum
3091 4578 3280 4641 5‘;et:

52 4684 335 4751 ἠλλοιώθη
349 4683 423 4735 δι’
445 4681 670 4735 ἔλαιον
698 4681 818 4760 καὶ,
835 4683 1237 4753 Ἐπελαθόμην
1269 4685 1375 4739 τοῦ
1407 4686 1618 4755 φαγεῖν

54 4774 335 4844 τὸνᾶρτοιν
350 4792 470 4845 μου
494 4773 610 4828 ἀπὸ
638 4772 960 4841 προσώπου
990 4774 1096 4827 τοῦ
1125 4777 1459 4846 στεναγμοῦ
1473 4795 1615 4846 μου,

57 4866 139 4918 καὶ
179 4866 282 4919 ὅσα
332 4863 577 4918 τοιαῦτα.
633 4863 775 4916 Ἀντὶ
817 4862 874 4915 δὲ
925 4862 1034 4928 τῆς
1069 4858 1266 4933 ὀργῆς,
1317 4866 1619 4937 συμφώνως

67 4954 283 5020 Ἀκύλας
332 4956 428 5010 καὶ
476 4957 507 5008 ὀ
561 4954 872 5025 Σύμμαχος,
916 4955 1083 5025 ,Ἀπὸ
1134 4958 1459 5022 προσώπου
1507 4958 1616 5026 τῆς

57 5045 444 5115 ἑμϐριμήσεώς
492 5062 631 5113 σου,
678 5048 1061 5118 ἡρμήνευσαν..
1092 5047 1354 5117 Ἀπήρκει
1382 5051 1490 5119 γάρ
1526 5068 1616 5120 μοι

60 5135 89 5204 ἡ
114 5137 217 5189 ἀπὸ
234 5138 343 5192 τῶν
372 5138 481 5192 σῶν
514 5139 671 5192 θείων
702 5137 933 5210 Γραφῶν
965 5136 1315 5207 ὲμὸρίμησις,
1344 5140 1438 5191 καὶ
1466 5142 1499 5210 ή
1526 5142 1614 5193 διὰ

62 5226 144 5279 τοῦ
180 5227 471 5298 προσώπου
524 5229 712 5284 Ναθὰν
759 5220 978 5300 ἀπειλή.
1025 5229 1167 5280 Ἀντὶ
1195 5227 1252 5279 δὲ
1278 5228 1371 5281 τοῦ
1402 5247 1415 5259 ο
1480 5231 1613 5285 Ἀπὸ

64 5315 367 5381 προσώπου
395 5316 515 5371 τῶν
549 5318 844 5389 ἁμαρτιῶν
880 5338 1019 5388 μουν
1049 5322 1077 5372 ὁ
1104 5320 1394 5389 Σύμμαχος
1430 5322 1611 5393 haeb—

65 5420 223 5472 νευαι,
282 5408 520 5475 siam;
572 5408 853 5477 ἁμαρτίας
904 5428 1036 5476 μου.
1098 5411 1327 5461 Ἄτοπον
1372 5410 1429 5463 δὲ
1464 5411 1616 5464 οὐδὲν

67 5498 185 5552 ὀστᾶ
203 5499 327 5563 τοὺς
348 5500 581 5563 οίκείους
603 5500 914 5554 ἀποκαλεῖν.
946 5503 1008 5555 Εἰ
1039 5484 1146 5573 γάρ
1171 5504 1337 5571 ἐσμεν
1372 5503 1615 5575 ἀλλήλων

72 5588 213 5661 μέλη,
238 5592 331 5646 καὶ
359 5591 436 5655 ὡς
466 5591 548 5643 ἑνὶ
590 5589 788 5654 πάντες
823 5591 1279 5661 κατελογίσθημεν
1323 5593 1531 5663 σώματι
1554 5592 1614 5645 τὸ

132 5770 176 5839 9
208 5770 311 5828 Job
342 5788 413 5839 ιι,
449 5772 500 5827 5.

85 5838 114 5868 "
150 5837 286 5899 Psal.
320 5834 449 5898 cviu
474 5883 487 5904 .
521 5842 610 5900 ει.
683 5834 740 5877 ⁹²’
768 5834 913 5901 Psal'.
944 5858 1028 5909 Cl,
1068 5845 1125 5899 5.

598 5772 641 5805 "
680 5771 1020 5845 ἱρῇσι-⁸η.
1089 5775 1171 5830 l3.
1248 5778 1289 5809 "
1329 5774 1429 5832 Job
1462 5792 1546 5841 Vi,
1603 5765 1676 5832 4.‘
1730 5776 1774 5809 ⁸⁸
1812 5773 1956 5831 Psal.
2016 5787 2178 5839 uix,
2236 5768 2289 5825 7.
2366 5767 2410 5800 ⁸⁹
2448 5765 2579 5825 ibid.

1722 4672 1930 4729 Oblitus
1960 4687 2076 4725 sum
2112 4667 2385 4722 comedere
2416 4684 2603 4738 panem
2636 4684 2803 4723 meum
2830 4682 2863 4719 a
2892 4666 3025 4735 [acie
3064 4666 3285 4734 gemitus

1720 4767 1819 4819 mei
1845 4766 1912 4829 ",
1939 4771 1995 4819 et
2023 4761 2241 4817 similia.
2271 4760 2377 4815 Pro
2418 4770 2600 4817 autem
2652 4762 2769 4823 iraa,
2798 4758 2991 4829 Aquila
3041 4764 3093 4810 et
3124 4752 3285 4826 Sym-

1718 4856 1965 4918 machus,
2002 4871 2035 4907 a
2073 4853 2209 4921 {acie
2236 4850 2477 4922 fremitus
2534 4853 2632 4916 tui,
2664 4851 2918 4908 similiter
2946 4847 3284 4916 interpretati

1720 4957 1866 5003 sunt.
1902 4945 2049 5000 Satis
2070 4946 2275 5015 quippe
2300 4945 2435 4998 mihi
2470 4950 2591 4998 erat
2626 4941 2879 4997 fremitus
2912 4938 3001 4993 ille
3027 4937 3120 5007 qui
3141 4936 3283 4991 divi-

1719 5038 1805 5093 nis
1837 5036 2137 5106 Scripturis
2162 5037 2271 5089 tuis
2316 5034 2654 5094 enuntiatur,
2681 5038 2737 5084 et
2786 5028 3160 5083 interminatio
3188 5040 3285 5096 per

1718 5130 1930 5185 Nathan
1963 5130 2285 5199 prophetam
2343 5125 2507 5179 facta.
2560 5122 2667 5177 Pro
2706 5122 2800 5175 illo
2851 5128 3055 5185 autem,
3088 5136 3120 5173 a
3149 5118 3283 5187 facie

1717 5230 2048 5291 peccatorum
2090 5223 2355 5279 meorum,
2407 5214 2790 5284 Symmachus,
2827 5222 3037 5281 propter
3071 5219 3283 5278 peccata

1717 5330 1852 5377 mea,
1889 5312 2274 5383 interpretatus
2332 5314 2436 5362 est.
2488 5306 2634 5360 Nihil
2668 5320 2831 5375 porro
2879 5300 3172 5357 absurdum
3200 5310 3283 5353 est

1715 5420 1841 5460 ossa
1864 5404 2195 5461 domesticos
2215 5416 2433 5455 vocare.
2460 5398 2595 5454 Nam
2621 5400 2666 5455 si
2698 5400 2835 5452 alter
2854 5396 3076 5449 alterius
3108 5407 3284 5447 mem-

1702 5477 2056 5562 bra-sumus,
2091 5505 2146 5551 et
2173 5493 2332 5565 quasi
2366 5493 2423 5547 in
2465 5506 2634 5547 unum
2672 5500 3092 5558 corpusemnes
3133 5502 3281 5540 com-

1720 5592 2023 5657 pingimur.
2053 5592 2201 5645 certe
2233 5601 2359 5642 ossa
2394 5586 2640 5655 singulos
2671 5582 2828 5638 nobis
2879 5581 3157 5650 proximos
3186 5593 3282 5645 ap-

2676 5763 2719 5794 ”
2757 5760 2901 5819 Psal.
2943 5774 3142 5832 xxxiv,
3192 5754 3301 5820 Rh,
