3960 6342
640 419 746 473 345

1320 419 1406 479 ΕΙΣ
1417 421 1588 481 SEBII
1626 422 2105 481 CESARIENSIS
2138 420 2218 479 ΟΡ

2328 422 2506 479 PARS
2539 423 2627 479 Ill.
2661 456 2728 466 —
2766 422 3173 482 EXEGETICA.

3770 428 3867 477 ΒΗ

642 534 844 604 pellare
871 538 1143 591 convenit.
1167 535 1433 594 Caeterum
1461 540 1577 597 haec
1612 556 1721 596 non
1757 541 1849 596 uni
1886 548 2077 597 sancto
2100 539 2205 594 Da-

2322 541 2582 612 ιπεῖργον,
2610 540 2703 593 καὶ
2723 540 2857 594 ὀστᾶ
2886 541 3013 603 τοὺς
3037 539 3175 593 κατὰ
3210 538 3375 611 μέρος
3408 538 3504 593 καὶ
3532 537 3864 609 χρειωδιστά-

641 624 752 682 vidi
786 627 1078 697 contigisse
1105 628 1361 695 dicimus,
1393 631 1488 686 sed
1520 632 1683 687 ctiam
1706 632 1892 690 multis
1918 634 2041 689 aliis
2063 652 2079 700 ;
2100 633 2211 688 imo

641 730 770 771 vero
799 714 1067 788 hodieque
1095 719 1305 776 sanctis
1338 720 1472 776 viris
1527 721 1764 793 idipsum
1814 722 1870 778 in
1908 722 2213 779 tentatione

640 807 857 863 accidit.
888 807 1023 864 Nam
1074 809 1460 880 inexspectata:
1512 813 1833 884 plerumque
1863 813 2211 869 calamitates

639 899 981 967 oboriuntur,
1014 909 1073 957 ut
1106 902 1441 961 tolerabilius
1491 905 1564 961 sit
1604 906 1804 961 bellum
1863 906 1942 960 ab.
1975 905 2214 961 inimicis

638 989 848 1048 illatum
875 992 1305 1062 propinquorum
1357 993 1581 1065 impetu,
1608 1011 1747 1066 quos
1806 993 2049 1050 diximus
2088 1010 2214 1051 ossa

639 1084 847 1154 tropice
894 1092 1112 1143 vocatos
1150 1101 1291 1142 esse.
1322 1085 1480 1153 Quod
1532 1088 1578 1143 si
1616 1088 1732 1143 haec
1777 1076 2035 1143 omnibus
2065 1102 2213 1141 com-

637 1175 849 1239 munia,
882 1176 1190 1234 communis
1237 1178 1495 1234 omnibus
1556 1194 1688 1234 sane
1749 1178 1915 1233 fuerit
1943 1176 2214 1233 orationis

638 1267 858 1323 modus.
896 1267 1133 1324 Cuilibet
1154 1285 1391 1339 namque
1422 1271 1818 1326 tentationibus
1849 1270 2117 1341 impetito,
2149 1284 2214 1324 ac

638 1358 879 1425 defesso,
910 1360 1262 1432 cupienthue
1303 1361 1755 1433 tranquillitatem
1788 1376 1819 1415 a
1867 1361 1974 1417 Deo
2000 1361 2214 1417 obtine-

640 1464 720 1513 re,
756 1450 871 1505 haec
908 1453 1152 1521 precatio
1176 1452 1456 1517 convenit.

708 1541 873 1601 Vsus.
924 1544 958 1598 5
993 1574 1017 1585 -
1068 1546 1153 1601 η.
1209 1545 1473 1613 Quoniam
1516 1545 1817 1617 iniquitates
1862 1560 1989 1599 mea:
2030 1559 2214 1613 super-

636 1653 829 1708 gressa!
881 1646 1002 1692 sunt
1038 1647 1192 1708 caput
1234 1656 1423 1705 meum,
1460 1639 1597 1693 sicut
1651 1657 1782 1694 onus
1826 1655 1981 1710 grave
2012 1655 2207 1709 grava-

2309 644 2433 691 τους
2469 628 2699 700 μάλιστα
2728 628 2928 697 λέγειν.
2978 628 3124 699 Πλὴν
3144 626 3443 698 οὐχὶμόνῳ
3473 626 3647 679 ταῦτα
3670 628 3867 698 συμεῆ-

2312 720 2398 773 ναί
2432 738 2609 789 φαμεν
2647 719 2726 792 τῷ
2759 718 3034 789 θεσπεσίῳ
3065 718 3247 782 Δαυῒδ,
3288 717 3422 772 ἀλλὰ
3458 717 3570 789 γάρ
3604 718 3697 771 καὶ
3728 719 3867 771 πλεί-

2313 827 2453 877 στοις
2478 814 2710 885 ἐτέροις·
2735 813 2933 885 μᾶλλον
2954 812 3010 866 δὲ
3033 813 3128 866 καὶ
3154 813 3232 875 εἰς
3251 810 3409 883 δεῦρο
3436 810 3730 882 πράττεται
3758 827 3868 862 πει-

2316 904 2624 976 ραζομένων
2652 905 2839 975 ἁγίων.
2898 903 3174 975 Ἀδόκητοι
3221 901 3329 975 γὰρ
3369 900 3715 973 περιστάσεις
3750 903 3869 954 ἀνα-

2314 996 2533 1067 φύονται
2580 997 2858 1062 πολλάκις,
2914 997 3053 1052 ῶστε
3100 995 3558 1068 δυσφορητότερον
3596 989 3741 1047 εἶναι
3783 992 3870 1046 τοῦ

2278 1102 2280 1104 '
2312 1088 2441 1159 παρ’
2468 1087 2676 1161 ἐχθρῶν
2705 1088 2939 1159 πολέμου
2962 1087 3061 1152 τὰς
3085 1088 3191 1141 τῶν
3222 1085 3437 1140 οἰκείων
3462 1084 3870 1147 ἐπαναστάσεις,

2311 1177 2405 1242 οὓς
2431 1178 2523 1233 καὶ
2547 1178 2679 1233 ὀστᾶ
2694 1196 2874 1250 φαμεν
2894 1179 3206 1250 ὠνομάσθαι
3226 1176 3521 1252 τροπικῶς.
3542 1174 3680 1234 Ειδέ
3710 1173 3873 1228 ἅπασι

2311 1270 2481 1330 ταῦτα
2515 1270 2686 1336 κοινὰ,
2714 1272 2888 1335 κοινὸς
2918 1270 2983 1325 ἂν
3019 1272 3104 1342 εἴη
3139 1270 3351 1325 πάντων
3384 1270 3483 1339 τῆς
3516 1266 3821 1338 προσευχῆς
3850 1267 3875 1317 6

2310 1362 2527 1433 τρόπος.
2541 1364 2708 1419 Παντὶ
2724 1363 2830 1437 γάρ
2846 1362 3073 1436 ἁρμόζει
3093 1361 3467 1434 πειραζομένῳ
3490 1361 3584 1414 καὶ
3598 1360 3873 1429 κάμνοντι,

2311 1454 2613 1526 γλιχομένῳ
2640 1473 2697 1508 τε
2732 1458 2911 1525 τυχεῖν
2944 1456 3278 1527 ἡμερότητος
3304 1454 3403 1525 τῆς
3427 1452 3578 1524 παρὰ.
3600 1449 3759 1504 Θεοῦ.

2384 1548 2510 1602 Ὅτι
2561 1551 2620 1603 αι
2670 1548 2908 1618 ἀνομίαι
2948 1564 3067 1618 μου
3089 1546 3411 1616 -ὐπερῇραν
3458 1547 3573 1609 τὴν
3609 1542 3879 1612 κεφαλήν

2306 1658 2459 1710 μου,
2516 1640 2661 1695 ὡσεὶ
2716 1643 2962 1710 φορτίον
2984 1640 3146 1708 ,ϐαρὺ
3182 1641 3600 1709 ἐϐαρύνθησαν
3621 1638 3717 1692 ἐπ’
3756 1636 3875 1705 ἐμέ.

639 1740 707 1784 ta:
760 1740 883 1785 sunt
937 1746 1091 1800 super
1147 1748 1248 1787 me.
1311 1730 1636 1786 Putruerunt
1697 1744 1747 1787 et
1798 1738 2057 1798 corrupta:
2094 1732 2214 1784 sunt

2322 1734 2703 1804 Προσώζεσαν
2730 1735 2829 1788 καὶ
2865 1732 3187 1800 ἐσάπησαν
3231 1736 3280 1787 oi
3300 1731 3587 1802 μιῦλωπές
3612 1747 3754 1799 μου.
3786 1729 3881 1781 Διὰ

637 1824 907 1877 cicatrices
953 1839 1100 1878 mete.
1139 1822 1237 1879 llis
1267 1823 1550 1885 docemur.
1581 1838 1650 1879 ne
1690 1822 1830 1877 mala
1870 1823 2210 1878 occultemus

2322 1826 2519 1882 τούτων
2579 1826 2818 1881 διδάσκει
2872 1827 3019 1897 ἡμᾶς
3075 1828 3103 1879 ὁ
3141 1824 3319 1891 λόγος,
3366 1823 3441 1894 μὴ
3501 1824 3765 1895 κρύπτειν
3814 1823 3880 1874 τὰ

637 1921 847 1978 nostra.
861 1929 966 1971 neu
992 1923 1210 1985 peccata
1228 1929 1327 1969 ceu
1344 1916 1629 1985 quemdam
1654 1916 1922 1986 nigrorem
1953 1925 2003 1969 et
2026 1929 2210 1970 corru-

2322 1922 2523 1976 ἑαυτῶν
2556 1920 2721 1986 κακὰ,
2769 1919 2888 1991 μηδ’
2927 1918 3115 1990 ῶσπερ
3155 1916 3273 1971 τινά
3322 1916 3575 1989 μελανίαν
3600 1919 3695 1970 καὶ
3722 1915 3883 1986 σῆψιν

637 2011 876 2082 ptionem
898 2008 1159 2064 inintimo
1175 2007 1369 2062 animae
1398 2006 1808 2063 concludamus.
1832 2006 1965 2064 Tota
1983 2008 2067 2063 die
2087 2024 2213 2063 con-

639 2107 882 2160 tristatus
915 2102 1267 2174 ingrediebar,
1296 2105 1543 2174 quoniam
1560 2105 1739 2159 anima
1764 2121 1877 2159 mea
1907 2106 2123 2174 impleta
2135 2115 2212 2161 est

638 2194 978 2251 “lusionibus
1002 2193 1354 2250 illudentium.
1390 2194 1482 2249 Sic
1503 2210 1668 2265 porro
1697 2194 1993 2265 intelligas:
2012 2211 2135 2250 cum
2158 2196 2213 2251 in

637 2285 797 2341 titulo
824 2285 1183 2357 significasset
1199 2287 1465 2356 psalmum
1486 2288 1539 2341 in
1557 2288 2042 2341 rememorationem
2068 2304 2210 2353 esse,

635 2372 759 2444 jure
786 2376 914 2430 illuc
944 2376 1261 2439 remittitur,
1299 2382 1355 2431 et
1383 2391 1507 2446 quae
1536 2376 1642 2431 sibi
1666 2377 1777 2445 jam
1807 2377 1935 2431 olim
1967 2378 2203 2449 contige-

639 2476 763 2522 rant
792 2466 1009 2537 repetit.
1034 2466 1201 2522 Docet
1227 2467 1355 2522 item
1377 2467 1594 2537 qualem
1625 2468 1678 2523 in
1700 2469 2064 2527 conditionem
2090 2478 2216 2542 post

641 2556 854 2626 lapsum
883 2554 1399 2624 peccati'devenerit
1426 2576 1439 2610 :
1465 2572 1570 2629 qua
1595 2560 1661 2614 de
1683 2575 1850 2616 causa
1874 2570 2040 2616 totam
2069 2562 2213 2619 hanc

639 2645 1041 2702 confessionem
1087 2646 1219 2703 edit.
1262 2646 1317 2702 ln
1356 2649 1471 2705 haac
1517 2652 1721 2717 omnia,
1766 2653 1963 2724 inquit,
2018 2654 2209 2720 incidi,

640 2735 770 2806 quia
800 2734 1035 2806 quodam
1064 2743 1329 2807 tempore,
1362 2737 1468 2794 Cor
1499 2757 1671 2795 meum
1698 2742 2070 2798 conturbatum
2107 2754 2208 2810 est,

639 2837 689 2883 et
740 2825 1015 2898 dereliquit
1062 2844 1142 2882 me
1188 2832 1354 2884 virtus
1405 2848 1555 2896 mea,
1611 2842 1661 2887 et
1714 2834 1889 2889 lumen
1936 2836 2208 2890 oculorum

2314 2012 2455 2068 κατὰ
2499 1992 2694 2083 βάθους
2732 2011 2832 2081 τῆς
2882 2010 3059 2081 ψυχῆς
3100 2009 3341 2079 συνέχειν
3399 2007 3466 2061 τά
3490 2008 3883 2078 ἁμαρτήματα.

2317 2106 2511 2173 Ὅλην
2558 2104 2672 2173 τὴν
2718 2102 2944 2173 ἡμέραν
2995 2098 3427 2171 σκυθρωπάζων
3478 2099 3883 2167 ἐπορευόμην,

2313 2194 2404 2249 ὅτι
2429 2197 2467 2263 ἡ
2496 2194 2664 2265 ψυχή
2692 2211 2811 2264 μου
2844 2191 3187 2259 ἐνεπλήσθη
3221 2187 3561 2259 ἐμπαιγμῶν
3579 2187 3888 2258 ἐμπαιζόνκ-

2313 2304 2452 2342 των.
2484 2287 2716 2357 Νοήσεις
2742 2284 2800 2338 δὲ
2846 2285 2939 2338 καὶ
2972 2283 3163 2346 οὕτως,
3201 2279 3789 2353 προεπισημηνάμενος
3832 2280 3887 2328 ἐν

2312 2378 2379 2449 τῇ
2414 2377 2725 2447 προγραφῇ,
2757 2374 2830 2440 ὼς
2881 2366 2988 2445 ἄρα
3028 2374 3111 2444 εἴη
3145 2374 3231 2439 εὶς
3261 2370 3618 2441 ἀνάμνησιν.
3663 2369 3889 2431 εἰκότως

2314 2464 2789 2535 άναπεμπάζεται,
2852 2466 2945 2517 καὶ
2988 2464 3054 2518 τὰ
3082 2462 3248 2517 πάλαι
3294 2458 3442 2530 αὐτῷ
3501 2457 3889 2529 συμϐεϐηκότα

2313 2554 2775 2625 ἐπαναλαμϐάνει.
2832 2555 3079 2608 Διδάσκει
3115 2570 3189 2605 τε·
3218 2554 3275 2605 ἐν
3321 2546 3402 2615 οἷς
3429 2551 3639 2619 γέγονε,
3681 2547 3762 2618 τῷ
3792 2547 3891 2614 τῆς

2314 2649 2584 2721 ἁμαρτίας
2608 2648 2803 2719 όλίσθῳ
2833 2640 3237 2721 περιπεσὼν,οὒ
3269 2645 3427 2717 χάριν
3462 2642 3555 2697 καὶ
3580 2642 3677 2713 τὴν
3706 2643 3890 2693 πᾶσαν

2313 2743 2545 2797 ποιεῖται
2565 2740 2969 2817 ἐξομολόγησιν.
2993 2740 3085 2803 Εἰς
3111 2737 3283 2792 ταῦτα
3304 2737 3411 2809 γὰρ
3426 2736 3603 2791 πάντα
3631 2733 3889 2806 ἐλήλυθα,

2314 2832 2498 2903 φησὶν,
2535 2833 2834 2904 ἐπειδήπερ
2880 2831 3055 2902 καιρῴ
3100 2849 3207 2885 τινι
3261 2830 3322 2885 Ἡ
3353 2828 3567 2897 καρδία
3599 2844 3717 2896 μου
3762 2827 3891 2879 ἐτα-

643 2935 872 2975 meorum
917 2929 967 2973 et
1008 2921 1182 2989 ipsum
1223 2937 1326 2975 non
1366 2932 1479 2977 erat
1541 2932 1761 2980 mecum.
1825 2924 1958 2980 Nam
2003 2930 2212 2997 peccati

2322 2924 2522 2993 βάχθη,
2562 2924 2660 2978 καὶ
2704 2922 3083 2994 ἐγκατέλειπέ
3116 2922 3261 2992 μεή
3299 2922 3474 2990 ἰσχύς
3511 2938 3652 2990 μου,
3687 2918 3787 2971 καὶ
3828 2915 3891 2968 τὸ

644 3022 885 3082 tempore
912 3010 996 3065 vis
1033 3026 1151 3066 mea
1184 3012 1519 3079 intelligendi
1562 3002 1667 3068 nun
1705 3030 1925 3084 parvam
1958 3032 2215 3088 perpessa

2322 3015 2439 3083 φῶς
2458 3016 2575 3069 τῶν
2590 3016 2782 3085 ὀρθαλ
2784 3014 2913 3085 μῶν
2925 3033 3066 3084 μου,
3092 3015 3186 3067 καὶ
3200 3014 3344 3068 αὐτὸ
3366 3015 3476 3066 οὐκ
3490 3009 3570 3083 ἦν
3577 3010 3701 3081 μετ’
3715 3008 3890 3078 ἐμοῦ.

645 3111 733 3159 est
759 3100 1162 3167 confusionem,
1195 3103 1453 3173 perplexa
1496 3111 1549 3160 et
1581 3107 1875 3161 obscurata
1919 3110 1988 3163 ab
2017 3125 2083 3166 eo
2121 3113 2215 3181 qui

2322 3109 2473 3162 Κατὰ
2509 3108 2618 3181 γὰρ
2649 3109 2737 3162 τὸν
2770 3110 2867 3179 τῆς
2904 3108 3175 3179 ἁμαρτίας
3228 3106 3415 3177 καιρὸν
3452 3106 3512 3157 οὐ
3544 3102 3749 3175 μικρὰν
3795 3102 3893 3153 ὑπο

646 3194 855 3266 peccati
895 3194 1026 3248 mihi
1078 3202 1271 3249 auctor
1318 3195 1513 3252 fuerat.
1573 3197 1725 3255 Tunc
1779 3202 1980 3275 quippe
2014 3204 2214 3261 dereli-

2322 3200 2529 3270 ἐμεινεν
2559 3192 2727 3253 αὐτοῦ
2751 3199 2990 3274 ταραχὴν
3013 3199 3073 3252 τὸ
3101 3196 3460 3267 διανοητικὸν,
3496 3193 3768 3266 συγχυθὲν
3804 3194 3896 3247 καὶ

646 3285 767 3355 quit
795 3300 919 3339 etim
949 3285 1122 3341 virtus
1160 3287 1283 3357 ejus
1310 3307 1322 3343 :
1350 3305 1460 3345 non
1493 3291 1636 3345 ultra
1661 3292 1807 3347 enim
1842 3295 2025 3351 dicere
2060 3306 2214 3368 pote-

2322 3293 2591 3347 oxo'cwilév
2616 3292 2722 3345 ὑπὸ
2742 3292 2835 3345 τοῦ
2866 3291 2963 3363 τὴν
2994 3290 3265 3362 ἁμαρτίαν
3296 3285 3662 3359 ἐνεργοῦντος,
3695 3286 3779 3349 ὡς
3804 3293 3896 3337 και

645 3384 751 3440 rat,
788 3376 979 3433 Omnia
1011 3393 1222 3447 possum
1256 3380 1309 3434 in
1348 3384 1516 3453 coqui
1548 3399 1629 3437 me
1657 3384 2011 3454 confortat”,
2040 3388 2217 3446 victus

646 3470 856 3526 scilicet
902 3485 933 3526 a
984 3480 1136 3527 motu
1178 3472 1367 3537 animi,
1423 3489 1487 3529 ac
1531 3475 1741 3533 viribus
1786 3477 2105 3537 destitutus.
2151 3478 2219 3537 Et

644 3574 775 3615 vero
804 3559 951 3615 aliud
997 3561 1277 3632 quidpiam
1328 3561 1463 3615 mihi
1491 3578 1751 3634 pergrave
1800 3567 2042 3623 oblatum
2087 3579 2213 3628 est:

646 3668 774 3709 nam
804 3653 977 3709 lumen
1017 3654 1290 3709 oculorum
1331 3670 1583 3719 meorum,
1612 3656 1687 3726 (id
1716 3665 1834 3711 erat
1871 3660 2221 3729 propheticus

646 3747 892 3823 spiritus,
911 3747 1004 3817 qui
1034 3747 1228 3801 anima:
1246 3746 1367 3816 ejus
1394 3747 1568 3802 visum
1600 3748 1951 3814 illustrabat),
1976 3762 2024 3805 et
2052 3752 2221 3819 ipsum

649 3852 755 3893 non
801 3846 914 3889 erat
956 3854 1159 3892 mecum
1182 3854 1200 3891 :
1230 3853 1320 3893 me
1344 3838 1544 3910 quippe
1587 3839 1903 3910 reliquerat,
1948 3856 2013 3897 ac
2040 3858 2221 3899 reces-

651 3936 828 3994 serat;
860 3929 985 3998 quia
1026 3931 1081 3983 iu
1115 3932 1425 3986 malevolam
1459 3933 1692 3989 animam
1726 3950 1829 3988 non
1857 3935 2099 3990 introibit
2133 3954 2223 3991 sa-

650 4021 867 4090 pientia,
927 4036 1018 4074 nec
1052 4020 1309 4076 habitabit
1351 4024 1402 4077 in
1456 4040 1670 4093 corpore
1725 4026 1933 4082 subdito
1970 4031 2219 4096 peccatis.

653 4113 885 4184 Spiritus
929 4114 1067 4168 enim
1108 4124 1324 4169 sanctus
1362 4114 1654 4184 disciplina:
1697 4118 1909 4188 e/fugiet
1938 4120 2140 4184 dolum,
2174 4131 2224 4175 et

652 4208 855 4278 auferet
881 4224 935 4263 se
962 4226 994 4262 a
1020 4207 1426 4280 cogitationibus
1453 4225 1569 4278 qua:
1590 4220 1711 4264 sunt
1736 4214 1849 4265 sine
1870 4214 2223 4269 intellectu".

653 4304 768 4357 lmo
795 4303 958 4358 etiam
996 4303 1089 4373 qui
1122 4310 1284 4359 antea
1322 4301 1485 4357 amici
1514 4310 1568 4357 et
1610 4306 1845 4373 proximi
1891 4306 2010 4375 ejus
2041 4296 2220 4370 erant,

653 4396 749 4468 qui
777 4410 901 4450 cum
928 4394 1046 4465 ipso
1069 4395 1219 4449 omni
1247 4403 1494 4465 tempore
1526 4393 1816 4465 degebant,
1849 4412 1915 4451 eo
1944 4397 2134 4454 relicto
2162 4400 2225 4453 de

652 4487 805 4559 longe
848 4495 1127 4552 steterunt,
1177 4501 1297 4541 cum
1331 4487 1622 4556 nequirent
1669 4487 1810 4541 ultra
1860 4488 1963 4557 ipsi
1996 4487 2219 4554 adesse;

2319 3390 2398 3451 εἰς
2420 3386 2728 3459 ἀφροσύνην
2768 3388 2951 3438 πεσεῖν
2984 3386 3079 3437 καὶ
3117 3384 3373 3454 πράττειν
3391 3378 3698 3451 ἀφροσύνης
3735 3379 3891 3449 ἔργα.

2320 3480 2453 3534 Τότε
2482 3479 2536 3532 δὲ
2563 3479 2657 3532 καὶ
2681 3476 3067 3547 ἐγκατέλειπεν
3098 3475 3259 3529 αὑτὸν
3284 3476 3317 3545 ἠ
3351 3474 3503 3544 ἰσχὺς
3532 3471 3700 3525 αὐτοῦ
3718 3489 3736 3503 ο
3771 3474 3897 3525 oin:-

2318 3571 2398 3623 ἐτι
2420 3569 2528 3642 γὰρ
2564 3564 2673 3633 οἷός
2698 3587 2757 3622 τε
2773 3565 2838 3640 ἦν
2869 3568 3046 3635 λέγειν
3064 3584 3077 3597 ·
3104 3567 3305 3621 Πάντα
3326 3566 3513 3633 ἰσχύω
3532 3563 3692 3628 ἐντῷ
3720 3564 3897 3617 ἐνδυ-

2318 3662 2605 3731 ναμοῦντί
2625 3679 2723 3731 με,
2756 3660 2997 3731 νικηθεὶς
3026 3658 3130 3713 ὑπὸ
3157 3657 3249 3711 τοῦ
3277 3656 3480 3719 πάθους
3519 3657 3611 3711 καὶ
3640 3656 3897 3721 ignavi;-

2321 3768 2439 3815 σας.
2461 3753 2571 3806 Καὶ
2600 3751 2727 3805 ἄλλο
2754 3750 2808 3803 δέ
2842 3766 2918 3811 τι,
2943 3748 3093 3817 φησὶ,
3121 3746 3354 3817 χαλεπὸν
3382 3746 3506 3817 περὶ
3538 3745 3635 3816 ἐμὲ
3666 3742 3861 3811 γέγονε
3881 3760 3893 3769 ⁸

2327 3843 2398 3897 Τὸ
2449 3843 2558 3913 γάρ
2616 3840 2739 3911 φῶς
2768 3839 2883 3894 τῶν
2916 3837 3238 3909 ὀφθαλμῶν
3262 3856 3380 3907 μου
3430 3836 3608 3906 (τοῦτο
3641 3834 3696 3886 δὲ
3734 3830 3807 3904 ἦν
3842 3833 3899 3884 τὸ

2324 3934 2657 4009 προφητικὸν
2680 3933 2916 4004 πνεῦμα,
2943 3932 3005 3985 τὸ
3027 3929 3255 4001 φωτίζον
3276 3931 3436 3984 αὑτοῦ
3462 3930 3562 3999 τῆς
3592 3926 3770 3997 ψυχῆς
3804 3928 3897 3995 τὴν

2321 4031 2527 4101 ὅρασιν)
2562 4028 2658 4082 καὶ
2699 4026 2843 4082 αὐτὸ
2893 4028 3002 4080 οὐκ
3040 4022 3120 4095 ἦν
3136 4027 3261 4095 μετ’
3286 4024 3452 4094 ἐμοῦ,
3477 4020 3810 4090 καταλεϊψάν
3833 4037 3895 4089 με

2324 4124 2416 4176 καὶ
2442 4120 2828 4191 άναχωρῆσαν·
2858 4118 2978 4173 ἐπεὶ
3003 4120 3091 4185 εἰς
3118 4120 3491 4186 κακότεχνον
3529 4113 3741 4183 ψυχὴν
3790 4117 3895 4167 οὐκ

2322 4216 2729 4271 εἰσελεύσεται
2764 4215 2981 4282 σοφία·
3012 4210 3155 4266 οὐδὲ
3190 4207 3534 4275 κατοικήσει
3579 4208 3648 4261 ἐν
3671 4207 3895 4278 σώματι

2324 4306 2625 4375 κατάχρεῳ
2657 4305 2995 4373 ἀμαρτίαιςσ
3030 4303 3199 4372 ἅγιον
3227 4305 3333 4371 γὰρ
3358 4299 3598 4369 Πνεῦμα
3629 4299 3897 4362 παιδείας

2322 4399 2602 4470 φεύξεται
2634 4398 2837 4464 δόλον,
2880 4398 2979 4451 καὶ
3020 4393 3515 4459 ἀπαναστήσεται
3559 4396 3676 4450 ἀπὸ
3737 4398 3896 4460 λογι-

2324 4489 2494 4560 σμῶν
2526 4486 2855 4543 ἀσυνέτων.
2897 4486 3058 4544 Ἀλλὰ
3085 4486 3180 4541 καὶ
3205 4485 3253 4536 οἱ
3278 4483 3540 4557 πρότερον
3561 4485 3725 4538 αὑτοῦ
3758 4483 3897 4552 φίλοι

599 4604 603 4611 ε
655 4580 751 4637 sed
791 4579 1001 4649 procul,
1040 4578 1186 4631 illam
1231 4577 1388 4633 amici
1441 4580 1525 4634 sui
1573 4580 1935 4636 calamitatem
1969 4580 2218 4650 deplora«

2325 4583 2418 4635 καὶ
2478 4579 2702 4651 πλησίον
2741 4580 2927 4643 αὑτοῦ,
2976 4580 3025 4630 οἱ
3070 4576 3161 4629 τὸν
3195 4574 3484 4646 σύμπαντα
3526 4577 3714 4649 χρόνον
3752 4572 3897 4640 αὐτῷ

654 4671 806 4727 baut.
832 4668 1066 4735 Quinam
1090 4667 1189 4731 illi,
1230 4668 1334 4721 nisi
1366 4671 1461 4739 qui
1496 4687 1669 4742 nuper
1694 4671 1763 4726 de
1796 4672 1955 4727 bonis
1987 4672 2108 4741 ejus
2132 4674 2222 4726 lae-

658 4763 936 4824 tabantur,
966 4759 1219 4815 videlicet
1250 4762 1427 4832 angeli
1450 4761 1577 4816 boni
1615 4777 1679 4817 ac
1710 4764 1944 4818 ministri
1988 4764 2103 4827 Dei,
2130 4766 2222 4834 qui

658 4854 726 4910 de
765 4853 1046 4908 hominum
1098 4854 1272 4909 salute
1310 4868 1419 4908 una
1464 4853 1699 4925 gaudere
1750 4856 1967 4910 solent?
2015 4856 2227 4922 Quibus

659 4946 852 5016 procul
898 4960 984 5000 me
1030 4944 1248 5015 positis,
1304 4946 1395 5000 alii
1438 4946 1662 5016 quidam
1693 4950 1899 5016 peccati
1949 4958 2223 5014 auctores,

660 5050 833 5108 prope
872 5040 1097 5093 stantes
1122 5038 1229 5091 vim
1268 5036 1541 5094 faciebant
1582 5045 1636 5093 et
1689 5040 1883 5096 animas
1930 5042 2228 5100 illudcbant

663 5142 814 5183 mete.
851 5126 915 5181 lli
944 5144 1179 5200 namque
1206 5130 1336 5183 olim
1386 5131 1635 5186 sitientes
1669 5133 1986 5201 sanguinem
2023 5152 2227 5201 meum,

665 5228 827 5292 atque
872 5235 901 5275 a
945 5219 1317 5292 longisrelro
1344 5224 1679 5293 temporibus
1719 5236 2071 5296 peroptantes
2120 5233 2232 5286 rui-

663 5311 997 5370 nam'videre
1025 5328 1223 5378 meam,
1253 5314 1410 5384 quasi
1435 5316 1893 5384 opportunitatem
1917 5321 2083 5381 nacti,
2106 5337 2231 5375 cum

665 5407 912 5462 viderent
952 5404 1206 5462 virtutem
1251 5420 1427 5462 meam
1481 5422 1567 5463 me
1617 5408 1999 5479 dereliquisse,
2043 5422 2097 5468 et
2148 5414 2231 5468 lu-

666 5509 790 5551 men
839 5490 1121 5552 oeulorum
1170 5511 1413 5553 meorum
1457 5512 1487 5551 a
1535 5513 1621 5553 me
1660 5498 1973 5563 recessisse.
2018 5502 2227 5557 amicos

668 5603 883 5659 quoque
922 5597 977 5645 et
1008 5589 1285 5659 proximos
1332 5590 1492 5659 longe
1538 5601 1798 5656 remotos,
1829 5591 2117 5648 confestim
2162 5596 2236 5649 ir-

672 5688 896 5739 ruentes
921 5683 1033 5738 vim
1066 5682 1337 5739 faciebant
1368 5683 1562 5741 anima:
1606 5700 1775 5752 meaz;
1812 5699 1876 5741 ac
1906 5692 2091 5758 utpote
2130 5702 2239 5743 ma-

748 5863 793 5895 ”
830 5860 1063 5933 Philipp.
1098 5880 1171 5931 tv,
1207 5862 1292 5921 l5.
1367 5864 1411 5897 "
1451 5861 1577 5936 Sap.
1618 5881 1670 5935 ι,
1704 5865 1755 5935 4,
1789 5866 1841 5923 5.

2331 4674 2598 4737 συνόντες,
2629 4672 2884 4733 ἐάσαντες
2906 4670 3066 4724 αὑτὸν
3088 4669 3386 4737 μακρόθεν
3406 4670 3695 4736 ἔστησαν,
3721 4661 3895 4719 οὐκέτ’

2330 4766 2477 4837 αὐτῷ
2511 4767 2744 4819 συνεῖναι
2768 4763 3086 4831 δυνάμενοι,
3116 4761 3391 4837 πόρρωθεν
3419 4762 3477 4815 δὲ
3503 4757 3896 4826 ἀποκλειόμενοι

2331 4858 2405 4921 ὡς
2428 4859 2627 4910 οἰκείου
2654 4855 2807 4925 φίλου
2836 4852 3142 4923 συμφοράν.
3178 4852 3332 4917 Τίνες
3352 4854 3395 4907 δ’
3421 4848 3559 4923 ἦσαν
3597 4843 3740 4904 οὗτοι
3788 4847 3896 4900 ἀλλ’

2333 4949 2365 5019 ἢ
2413 4952 2461 5003 οἱ
2502 4951 2594 5002 ἐπὶ
2643 4952 2779 5019 τοῖς
2810 4946 3090 5019 προτέροις
3118 4946 3341 5015 ἀγαθοῖς
3381 4944 3548 4998 αὐτοῦ
3597 4941 3896 5012 χαίροντες,

2335 5042 2551 5109 ἄγγελοι
2588 5042 2787 5113 δηλαδὴ
2816 5039 3010 5113 ἀγαθοὶ
3042 5039 3135 5093 καὶ
3168 5038 3467 5109 λειτουργοὶ
3499 5034 3656 5100 θεοῦ,
3689 5036 3758 5105 τῇ
3794 5033 3900 5087 τῶν

2336 5134 2635 5205 ἀνθρώπων
2688 5133 3001 5204 συγχαίρειν
3045 5132 3295 5194 εἰωθότες
3334 5128 3615 5200 empta;
3663 5120 3767 5179 Ὧν
3798 5144 3899 5197 μα-

2338 5226 2474 5297 κράν
2504 5245 2602 5298 μου
2634 5225 2955 5297 γενομένων,
2983 5224 3131 5280 ἄλλοι
3157 5224 3299 5287 τινὲς
3324 5222 3423 5293 τὴν
3460 5218 3733 5295 ἁμαρτίαν
3758 5220 3902 5288 ἐνερο

2340 5317 2580 5385 γοῦντες,
2608 5318 2832 5389 πλησίον
2861 5333 2959 5385 μου
2990 5316 3289 5385 γενόμενοι,
3326 5311 3659 5378 ἐξεϐιάζοντο
3689 5309 3901 5376 καὶτῆς

2339 5411 2473 5480 ἐμῆς
2501 5411 2675 5481 ψυχῆς
2724 5406 3069 5471 κατέπαιξον.
3110 5404 3279 5459 Πάλαι
3306 5404 3413 5475 γὰρ
3451 5395 3595 5458 οὗτοι
3644 5399 3899 5469 διψῶντες

2337 5501 2429 5555 τοῦ
2453 5504 2582 5573 ἐμοῦ
2604 5503 2847 5573 αἵματος,
2888 5500 2982 5553 καὶ
3012 5500 3075 5551 ἐκ
3120 5496 3343 5570 μακρῶν
3384 5496 3591 5569 χρόνων
3624 5489 3899 5560 εὐχόμενοι

2342 5593 2633 5647 Θεάσασθαί
2668 5610 2766 5663 μου
2792 5580 3140 5661 τὴνθπτῶσιν,
3157 5588 3353 5643 ὡσανεὶ
3379 5584 3573 5657 καιροῦ
3595 5579 3897 5650 λαϐόμενοι.

2345 5686 2433 5739 ὅτε
2474 5682 2611 5740 εἶδον
2666 5682 3095 5741 καταλείπουσαν
3133 5698 3199 5755 με
3228 5681 3329 5754 τὴν
3360 5680 3536 5751 ἰσχὺν,
3572 5676 3665 5731 καὶ
3702 5673 3765 5728 τὸ
3793 5668 3899 5740 φῶς
