3966 6344
52 436 141 493 3:15

1151 431 1650 492 communem
1691 432 1758 488 IN
1800 397 2136 488 psaLuos.

3163 428 3265 484 3&6

49 553 434 627 τῶνόρᾶιλμῶν
490 572 591 630 μου
619 556 978 629 ἀναχωρῆσάν
1012 572 1136 628 μου,
1157 553 1283 618 τούς
1319 571 1378 608 τε
1411 552 1594 623 φίλους

1716 551 1876 617 evoli,
1914 549 2074 628 locuti
2104 557 2225 604 sunt
2254 547 2387 604 mihi
2418 547 2697 611 vanitates,
2727 545 2899 601 malas
2950 544 3083 600 mihi
3120 546 3268 601 intus

54 649 131 702 καὶ
166 646 283 711 τοὺς
316 646 549 718 πλησίον
597 647 813 720 μακρὰν
858 645 1214 718 γενομένους,
1257 644 1596 715 παραχρῆμα

1716 645 2056 716 :ogitationes
2090 649 2477 713 suggerentes;
2509 640 2616 693 imo
2643 637 2807 694 etiam
2837 637 3025 693 dolose
3058 637 3272 694 demul-

51 739 454 822 ἐπιπηδήσαντες
479 739 822 805 ἐξεϐιάζοντο
845 741 946 811 τὴν
977 739 1155 811 ψυχήν
1193 754 1294 808 μου
1324 753 1340 768 ο
1389 735 1483 789 καὶ
1521 734 1598 798 ὡς

49 834 104 887 ἂν
129 834 424 888 ὲθελόκακοι
466 833 784 903 ἐλάλησαν
823 851 926 903 μοι
977 832 1398 902 ματαιότητος,
1453 827 1600 881 ἔνδον

1703 746 1890 793 centes
1941 749 2005 791 ac
2043 734 2407 804 accipientes,
2457 731 2616 802 quasi
2664 729 2731 784 ad
2766 729 2909 784 bona
2952 729 3272 785 inescabant
3317 808 3320 809 ν

1706 842 1815 892 me,
1845 825 1974 881 dum
2007 825 2062 880 in
2096 834 2377 894 peccatum
2411 823 2776 879 detraherent.

445 943 546 999 μου
571 927 651 989 είς
666 925 764 997 τὴν
785 923 963 996 ψυχὴν
986 923 1252 997 ματαίους
1277 918 1595 990 λογισμούς·
1638 917 1775 973 ἀλλὰ
1802 919 1894 973 καὶ
1921 919 2020 972 σὺν
2046 917 2182 988 δόλῳ
2209 915 2483 986 θέλγοντες
2516 915 2611 970 καὶ
2650 915 2861 969 ἁπατῶτ
2881 931 2986 980 τες,
3047 913 3123 978 ὡς
3179 913 3272 970 ἐπὶ

49 1016 245 1084 ἀγαθοῖς
267 1016 549 1082 ωελέαζον
579 1018 932 1082 καθέλκοντές
975 1033 1041 1089 με
1067 1019 1147 1082 είς
1171 1017 1269 1089 τὴν
1300 1015 1594 1088 ἁμαρτίαν.

116 1112 248 1184 Ἐγὼ
284 1111 354 1167 δὲ
401 1114 544 1168 ὡσεί
606 1112 806 1182 κωφὸς
852 1114 963 1166 οὐκ
1015 1111 1260 1181 ἤκουον,
1304 1101 1400 1165 imi
1449 1109 1593 1163 ὡσεί

47 1207 249 1272 Malo;-
297 1207 414 1261 οὐκ
460 1207 718 1276 ἀνοίγων
762 1206 827 1258 τὸ
857 1205 1050 1273 στόμα
1099 1204 1306 1259 αὐτοῦ.
1344 1203 1451 1257 Καὶ
1473 1205 1597 1272 ἐγε-

45 1300 218 1367 νόμην
241 1298 386 1352 ὡσεί
431 1298 740 1365 ἄνθρωπος
776 1298 886 1349 οὐκ
913 1296 1168 1359 ἀκούων,
1194 1295 1289 1348 καί
1312 1297 1422 1348 οὐκ
1441 1295 1600 1363 ἔχων

43 1394 102 1445 ἐν
146 1390 222 1457 τῷ
270 1393 525 1460 στόματι
579 1387 766 1442 αὑτοῦ
813 1386 1123 1456 ἐλεγμούς.
1177 1386 1328 1438 Ἐπεὶ
1369 1374 1596 1448 τούτοις,

45 1483 206 1552 φησὶν,
241 1481 397 1534 οὐδὲν
458 1477 601 1552 εἶχον
625 1480 803 1550 λέγειν
849 1478 1107 1550 αἰσχύνης
1139 1476 1562 1548 πεπληρωμένος
1583 1493 1594 1505 ·

43 1577 177 1629 οὐδὲν
206 1575 312 1644 γάρ
351 1590 444 1644 μοι
476 1572 634 1641 λόγος
684 1568 749 1643 ἦν
797 1570 931 1642 πρὸς
976 1567 1288 1637 ἀπολογίαν,
1315 1567 1422 1620 οὐδ’
1457 1563 1598 1636 εἶχόν

43 1679 146 1714 τινα
171 1662 276 1723 τοῖς
325 1658 542 1730 ἐχθροῖς
589 1658 1058 1732 προσφθέγγεσθαι
1092 1657 1240 1721 ἅπαξ
1281 1657 1372 1709 ὑπ’
1421 1656 1599 1709 αὐτῶν
1634 1726 1639 1733 _

44 1751 404 1820 νενικημένος·
435 1753 534 1804 ούκ
579 1751 800 1823 ἐμαυτῷ
847 1750 1084 1824 θαρρῶν,
1118 1749 1224 1802 οὐδ’
1275 1748 1440 1820 ἄλλην
1480 1751 1601 1801 τινὰ

45 1843 135 1913 πρὸ
150 1841 444 1913 ὀφθαλμῶν
480 1841 706 1914 θέμενος
750 1844 938 1898 ἐλπίδα
984 1844 1017 1915 ἢ
1076 1844 1154 1909 σὲ,
1184 1843 1254 1898 τὰ
1283 1843 1382 1914 τῆς
1408 1843 1603 1907 ἰάσεως

46 1929 336 1999 ὑπέγραφον
363 1931 608 2002 ἐμαυτῷ.
650 1933 805 1986 Ἐπεὶ
853 1929 944 1988 οὖν
968 1934 1064 1988 ἐπὶ
1099 1933 1174 1988 σὲ
1211 1932 1463 2002 ἤλπισα,
1490 1935 1604 1988 Κύ-

43 2038 144 2088 ριε,
172 2022 209 2090 ἠ
261 2021 320 2075 δὲ
356 2023 537 2090 ἐλπίς
575 2027 647 2078 οὐ
695 2027 1115 2096 καταισχύνει·
1159 2025 1245 2079 διὰ
1298 2025 1454 2079 τοῦτο
1489 2027 1603 2078 εἰσ-

43 2110 249 2184 ακούτῃ,
267 2113 351 2165 ὅτι
381 2113 610 2187 θελητὴς
639 2114 821 2180 ἐλέους
846 2112 916 2179 εἷ,
940 2116 1033 2170 καὶ
1055 2116 1116 2169 οὐ
1147 2115 1319 2180 θέλεις
1339 2115 1429 2168 τὸν
1451 2115 1606 2168 θάνα-

43 2221 119 2257 τον
154 2203 242 2259 τοῦ
295 2206 653 2275 ἀμαρτωλοῦ,
704 2208 779 2273 ὡς
817 2209 916 2285 τὴν
959 2207 1245 2288 μετανοιαν
1275 2207 1458 2262 αὑτοῦ.
1493 2207 1604 2271 Διὸ,

45 2295 249 2360 ἐλπίσας
296 2298 395 2350 ἐπὶ
445 2296 528 2362 σέ,
561 2298 794 2351 ἱκετεύω
839 2300 938 2369 τῆς
981 2297 1130 2372 παρὰ
1166 2298 1259 2353 σοῦ
1311 2299 1609 2370 θεραπείας

43 2389 237 2456 τυχείνο
284 2387 535 2456 Μήποτε
588 2389 920 2458 ἐπιχειρῶσι
967 2408 1068 2460 μοι
1107 2395 1160 2445 οἱ
1215 2392 1415 2460 ἐχθροί
1464 2395 1603 2461 μου,

45 2482 178 2535 οὔπω
219 2483 318 2552 μὲν
372 2482 483 2552 γὰρ
535 2481 813 2545 παντελῶς
855 2482 1153 2553 ἐχάρησαν.
1188 2481 1606 2554 Ἐπιχαροῦνται

45 2573 119 2636 δὲ,
143 2575 188 2626 εἰ
226 2573 300 2646 μὴ
329 2574 552 2645 τύχοιμι
576 2573 670 2625 τοῦ
701 2573 792 2626 σοῦ
845 2573 1046 2637 ἐλέους.
1093 2574 1232 2627 Ἀλλ’
1260 2575 1349 2628 ἵνα
1389 2573 1462 2645 μὴ
1489 2575 1608 2626 ἐπι-

46 2667 241 2736 χαρεῖέν
277 2683 372 2736 μοι
397 2667 448 2718 οί
475 2664 658 2738 ἐχθροί
693 2683 815 2737 μου,
841 2667 892 2718 oi
920 2665 1016 2736 ἤδη
1042 2667 1135 2719 καὶ
1159 2665 1423 2737 πρότερον
1449 2668 1506 2717 ἐν
1527 2662 1605 2734 τῷ

48 2753 355 2826 σαλευθῆναι
386 2753 553 2818 πόδας
582 2772 683 2826 μου
729 2757 1036 2827 μεγαλορρη
1046 2756 1392 2826 μονήσαντες,
1419 2753 1512 2806 ἐπὶ
1547 2753 1607 2805 σὲ

48 2845 356 2914 κατέφυγον,
383 2846 475 2900 καί
498 2863 639 2917 φημι
663 2863 676 2878 ο
712 2846 809 2914 Μὴ
843 2848 1343 2917 καταισχυνθείην
1378 2847 1466 2912 είς
1503 2845 1608 2900 τὸν

46 2937 230 2992 auara.
251 2939 329 2992 Οὐ
345 2939 458 3010 γὰρ
477 2939 652 3010 πάντη
675 2940 1070 3011 περιετράπην,
1102 2938 1222 2992 ούδέ
1251 2937 1450 3008 πτῶμα
1479 2936 1608 2992 επε-

49 3047 128 3084 σον
149 3029 410 3097 τοιοῦτον,
439 3026 549 3085 οἷον
574 3033 621 3084 οἱ
649 3032 951 3088 ἀποστάται
982 3048 1075 3085 σου
1106 3031 1404 3098 γενόμενοι.

1771 1099 1937 1161 Vsus.
2000 1101 2086 1156 l7.
2142 1099 2253 1170 Ego
2316 1105 2492 1153 autent
2579 1106 2827 1168 tanquam
2888 1096 3082 1152 surdus
3163 1117 3269 1154 non

1703 1192 1999 1255 audiebam,
2054 1201 2098 1247 et
2145 1191 2281 1245 sicut
2323 1199 2499 1242 mutus
2553 1204 2655 1241 nou
2707 1188 2943 1256 aperiens
2990 1204 3046 1242 os
3093 1205 3266 1244 suum.

1706 1283 1774 1338 Et
1794 1285 1966 1353 factus
1998 1301 2114 1338 sum
2138 1283 2275 1338 sicut
2304 1281 2456 1334 homo
2488 1297 2590 1334 non
2615 1279 2854 1347 audiens,
2877 1291 2926 1334 et
2950 1297 3052 1338 non
3079 1281 3271 1338 habens

1703 1376 1759 1429 in
1780 1392 1867 1429 ore
1917 1392 2013 1429 suo
2055 1375 2472 1446 redargutiones.
2518 1372 2786 1440 Quoniam
2814 1411 2829 1435 ,
2881 1371 3098 1440 inquit,
3143 1373 3272 1430 mihi

1706 1466 1914 1537 pudore
1970 1465 2200 1528 suffuso,
2250 1465 2386 1517 nihil
2443 1449 2764 1532 suppetebat
2801 1463 2945 1532 quod
2992 1463 3271 1532 dicerem;

1706 1560 1891 1614 nullus
1919 1558 2119 1628 quippe
2164 1555 2230 1609 ad
2261 1553 2632 1614 defensionem
2671 1567 2851 1605 sermo
2892 1554 3271 1618 succurrebat,

1706 1667 1883 1723 neque
1930 1650 2204 1710 inimicos,
2241 1646 2405 1704 semel
2437 1644 2516 1725 ab
2545 1645 2613 1699 iis
2641 1644 2841 1704 victus,
2876 1644 3078 1713 alloqui
3125 1648 3271 1700 vale-

1704 1745 1850 1808 bam,
1881 1741 2014 1797 mihi
2047 1756 2153 1795 non
2194 1738 2384 1800 fidens,
2420 1751 2597 1808 neque
2623 1735 2780 1788 aliain
2814 1742 3009 1804 praeter
3037 1744 3088 1789 te
3121 1750 3270 1804 spem

1705 1851 1816 1908 pra:
1860 1834 2038 1890 oculis
2075 1833 2302 1897 habens,
2355 1829 2498 1885 hunc
2529 1825 2664 1880 mihi
2698 1826 2998 1881 curationis
3049 1826 3271 1890 modum

1705 1926 2040 1998 praescripsi.
2081 1925 2344 1994 Quoniam
2380 1923 2546 1992 igitur
2588 1921 2642 1976 in
2676 1929 2723 1974 te
2755 1918 2980 1989 speravi,
3030 1917 3272 1983 Domine,
3337 1960 3340 1964 .

1704 2035 1819 2088 spes
1867 2020 2048 2072 autem
2089 2013 2192 2070 itan
2236 2014 2511 2085 confundit
2536 2013 2620 2079 ’3;
2655 2011 2778 2066 ideo
2826 2011 3106 2078 exaudies,
3148 2012 3275 2081 quia

1706 2107 2144 2164 misericordiam
2194 2106 2296 2168 vis,
2344 2118 2522 2173 neque
2541 2102 2639 2157 .vis
2670 2108 2898 2156 mortem
2935 2101 3262 2171 peccatoris,

1708 2200 1801 2257 sed
1839 2197 2211 2271 pmnitentiam
2249 2195 2385 2264 ejus.
2423 2193 2603 2258 Quare
2647 2207 2786 2245 cum
2845 2193 2899 2245 in
2933 2200 2987 2246 te
3024 2206 3278 2262 sperave-.

1707 2291 1832 2356 rim,
1870 2290 2100 2345 obsecro
2151 2297 2300 2341 tuam
2353 2284 2484 2338 mihi
2536 2286 2872 2338 curationem
2921 2283 3169 2337 obtinere
3210 2283 3276 2334 Ii-

1706 2379 2189 2454 ceatzNequando
2243 2375 2663 2448 supergaudeant
2719 2374 2848 2428 mihi
2897 2374 3102 2428 inimici
3149 2375 3272 2438 mei,

1706 2479 1950 2534 nondum
1979 2477 2126 2532 enim
2156 2475 2374 2546 penitus
2407 2473 2580 2544 gavisi
2604 2477 2750 2526 sunt.
2790 2468 3277 2540 Supergaudebunt

1707 2578 1909 2635 autem,
1940 2568 2048 2623 nisi
2075 2564 2505 2621 misericordiam
2530 2575 2837 2631 consequar
2861 2569 3009 2614 tuam
3036 2579 3050 2614 :
3085 2559 3179 2615 sed
3207 2574 3278 2615 ne

1705 2658 2168 2732 supergaudeant'
2197 2658 2329 2712 mihi
2381 2655 2588 2710 inimici
2641 2656 2768 2716 mei,
2821 2653 2914 2724 qui
2959 2652 3070 2723 jam
3118 2663 3276 2708 antea

1705 2768 1830 2809 cum
1873 2755 2350 2806 commoverentur
2383 2745 2545 2816 pedes
2590 2744 2693 2798 mei
2734 2758 2930 2810 magna
2979 2743 3279 2811 loqueban-

1707 2853 1817 2912 tur,
1841 2843 1910 2897 ad
1937 2850 1990 2898 te
2022 2840 2265 2912 confugi,
2303 2852 2367 2892 ac
2393 2836 2540 2901 dico,
2567 2832 2619 2888 Ν
2625 2851 2691 2889 οη
2720 2832 3016 2902 confundor
3046 2833 3101 2887 in
3125 2842 3280 2889 teter-

1709 2955 1856 2994 num.
1898 2935 2086 3006 Neque
2129 2933 2273 2989 enim
2315 2929 2532 3002 penitus
2567 2941 2794 2982 eversus
2823 2941 2967 2988 sum,
3007 2920 3192 2996 neque
3221 2925 3278 2980 in

1704 3029 1873 3084 talem
1901 3027 2115 3082 ruinam
2148 3023 2418 3095 delapsus
2455 3019 2672 3092 qualem
2702 3017 2740 3072 ii
2763 3017 2859 3088 qui
2891 3015 2986 3072 abs
3029 3024 3085 3071 te
3123 3030 3280 3087 pror—

1632 3133 1678 3195 ο
1709 3137 1805 3178 sus
1841 3117 2180 3174 defecerunt.

50 3229 143 3282 ΕΙΣ
160 3231 246 3284 ΤΟ
278 3231 504 3286 ΤΕΛΟΣ
532 3230 618 3284 ΤΩ
641 3229 937 3298 ΙΔΙΘΟΥΜ,
963 3232 1094 3284 ΩΔΗ
1129 3232 1216 3284 ΤΩ
1246 3231 1444 3285 ΔΑΥΙΔ
1473 3231 1604 3284 ΑΠ’.

109 3383 309 3472 Πολλὴν
344 3402 405 3454 δὲ
458 3399 757 3471 ἐμφέρειαν
801 3399 914 3469 ἔχει
949 3400 1019 3454 τὰ
1065 3401 1126 3454 ἐν
1164 3403 1229 3472 τῇ
1277 3400 1614 3474 προκειμένῃ

47 3490 148 3562 ᾠδῇ
178 3479 453 3561 λεγόμενα
490 3497 605 3556 τοῖς
645 3493 704 3545 ἐν
734 3490 814 3562 τῷ
855 3492 960 3564 πρὸ
989 3492 1176 3545 τούτου
1212 3491 1428 3563 ψαλμῷ.
1473 3492 1612 3545 Ἀλλ’

49 3585 238 3637 ἐκεῖνον
273 3584 378 3654 μὲν
402 3585 431 3637 ό
467 3582 630 3636 Δαυῖδ
659 3581 897 3653 ψάλλων,
940 3585 1027 3649 είς
1050 3581 1402 3652 ,ἀνάμνησιν
1437 3580 1614 3654 ἐαυτῷ

53 3674 393 3740 συνέταττεν·
461 3671 608 3738 οὗτος
635 3673 692 3727 δὲ
737 3673 835 3746 ἤδη
881 3675 974 3730 καὶ
1017 3675 1235 3747 ἑτέρους
1281 3673 1614 3746 παραδίδωσι

50 3765 162 3828 τοὺς
182 3765 248 3818 τὰ
278 3766 446 3837 ὃμοια
473 3764 806 3827 πεπονθότας
836 3755 1005 3837 αὐτῷ,
1034 3765 1122 3818 διὰ
1157 3765 1254 3835 τῆς
1280 3764 1398 3836 ἴσης
1424 3763 1615 3837 ἐξομοο

52 3854 312 3928 λογήσεως
338 3856 536 3928 ζηλοῦν
556 3858 716 3911 αὐτὸν
765 3857 861 3911 καὶ
901 3856 1180 3928 μιμεῖσθαι
1221 3855 1490 3909 παιδεύων
1515 3873 1528 3886 ·
1565 3857 1617 3912 εἰ

57 3951 122 4017 μὴ
137 3949 239 4018 ἄρα
268 3951 333 4004 τὸ
363 3950 589 4021 Πνεῦμα
620 3952 682 4004 τὸ
709 3951 862 4020 ἆγιον
889 3950 977 4004 διὰ
1016 3945 1108 4002 τοῦ
1161 3947 1395 4018 ἰδιθοῦμ
1443 3948 1617 4003 ταῦτα

54 4038 132 4091 τὸν
157 4041 317 4097 Δαυῒδ
339 4041 590 4096 ἐδίδασκε
615 4043 814 4110 λέγειν.
860 4040 1082 4105 Ἦξίωτο
1111 4039 1218 4111 γὰρ
1259 4041 1354 4093 καὶ
1398 4041 1560 4105 αὐτὸς
1591 4043 1618 4094 ό

66 4130 284 4204 Ἰδιθοῦμ
315 4133 627 4201 πνεύματος
662 4130 1019 4203 προφητικοῦ.
1069 4128 1425 4200 Μανθάνομεν
1453 4131 1510 4184 δέ
1533 4129 1620 4183 διὰ

56 4222 153 4276 τῶν
184 4227 586 4300 προκειμένων,
613 4226 688 4288 ὡς
735 4223 843 4295 ἄρα
871 4224 1138 4294 »προσήκει
1184 4223 1411 4276 ἕκαστον
1445 4221 1620 4293 ἐαυτῷ

57 4315 405 4390 διαλέγεσθαι,
454 4319 590 4390 μηδὲ
641 4316 952 4388 περιμένειν
990 4317 1113 4379 τοὺς
1141 4314 1337 4380 ἔξωθεν
1373 4313 1622 4368 διδασκά-

60 4408 188 4476 λους,
239 4413 406 4466 αὑτὸν
433 4411 504 4465 δι’
549 4409 744 4462 ἑαυτοῦ
801 4407 1232 4481 προσομιλοῦντα
1276 4407 1354 4477 τῷ
1380 4402 1621 4474 λογισμῷ

61 4504 142 4556 καὶ
167 4506 232 4573 τῇ
267 4504 499 4574 διανοίᾳ.
776 4544 778 4546 τ

1783 3230 1838 3286 1.
1872 3227 1940 3283 IN
1978 3224 2189 3282 FINEM
2229 3217 2937 3347 ιοιξιέξζῐῖηωιντιοωι
2975 3213 3206 3272 ΒΑῊ).

1782 3390 1915 3458 Quae
1943 3389 1999 3443 in
2033 3389 2137 3442 hoc
2180 3384 2395 3441 cantico
2441 3387 2657 3437 exstant
2697 3377 2929 3457 multam,
2968 3376 3279 3432 aﬂlnitatem

1713 3456 1915 3538 habent
1943 3495 2069 3536 cum
2114 3465 2182 3533 iis
2214 3490 2336 3546 quae
2377 3473 2432 3528 in
2485 3470 2804 3542 praecedenti
2839 3456 3046 3539 psalmo
3093 3469 3282 3536 legun-

1715 3582 1824 3629 tur.
1861 3571 1966 3628 Sed
2012 3571 2162 3626 illum
2211 3565 2428 3636 quidem
2469 3563 2707 3633 psallens
2733 3560 2897 3614 David
2934 3560 2990 3612 in
3037 3574 3284 3612 rememo-

1716 3669 1976 3722 rationem
2019 3660 2124 3717 sibi
2165 3655 2502 3727 composuit;
2535 3655 2623 3708 hic
2649 3669 2778 3708 vero
2816 3659 3001 3706 narrat
3029 3652 3168 3708 alios
3205 3653 3282 3707 si-

1717 3760 1866 3814 milia
1897 3766 2211 3826 perpessos,
2246 3765 2384 3820 quos
2407 3749 2472 3803 ad
2502 3747 2586 3804 sui
2615 3747 2970 3800 imitationem
3006 3759 3069 3799 ac
3099 3761 3283 3800 exem-

1717 3851 1865 3922 plum
1891 3846 2057 3902 dese
2099 3843 2423 3899 sumendum
2453 3839 2713 3895 instituit.
2747 3837 2860 3893 Nisi
2893 3835 3124 3891 fortasse
3159 3835 3284 3906 Spi-

1718 3944 1856 3998 ritus
1895 3945 2120 3995 sanctus
2159 3934 2411 3991 ldithumi
2440 3933 2745 3988 ministerio
2783 3929 3036 3984 Davidem
3071 3929 3137 3982 ad
3169 3929 3282 3982 haec

1717 4032 1948 4089 dicenda
1981 4016 2268 4086 erudierit.
2319 4025 2454 4082 Nam
2505 4026 2622 4095 ipse
2656 4039 2874 4095 quoque
2903 4020 3132 4076 ldithum
3177 4021 3284 4089 sp;-

1718 4127 1824 4179 rilu
1856 4122 2175 4194 prophetico
2219 4119 2473 4189 dignatus
2507 4115 2701 4170 fuerat.
2743 4111 2838 4167 His
2868 4125 3032 4182 porro
3078 4109 3278 4162 edisci-

1721 4234 1844 4272 mus
1883 4230 1982 4287 par
2013 4229 2136 4270 esse
2169 4211 2414 4280 singulos
2461 4221 2645 4263 secum
2673 4202 2933 4270 colloqui,
2967 4214 3142 4268 neque
3187 4213 3284 4253 ex-

1719 4284 1995 4364 trinsecus
2038 4304 2332 4376 magistros
2373 4306 2708 4370 exspectare,
2759 4284 2854 4349 sed
2900 4291 3190 4347 ratiocinio
3225 4301 3283 4346 et

1721 4401 2050 4475 cogitatione
2077 4409 2356 4454 sermones
2386 4404 2569 4448 secum
2591 4385 2860 4442 conferre.

121 4562 273 4650 Εἶὲα
290 4612 304 4626 ·
336 4562 592 4658 Militia)
614 4593 721 4660 τὰς
752 4592 930 4658 ὁδούς
943 4611 1080 4663 μου.
1104 4593 1238 4648 Κατ’
1262 4573 1443 4655 αὐτὸν,
1462 4591 1613 4661 φησὶ,

1796 4562 1959 4637 νέης.
1990 4579 2105 4644 2,5.
2146 4576 2272 4630 Dixi
2299 4590 2317 4626 :
2350 4567 2654 4626 Custodiam
2680 4569 2790 4621 vias
2824 4583 2987 4620 meas.
3022 4565 3168 4634 Ipso,
3201 4567 3286 4618 in-
3319 4601 3327 4608 .

62 4684 142 4738 τὸν
165 4687 358 4758 καιρὸν
415 4684 510 4739 τοῦ
556 4682 885 4755 πειρασμοῦ,
920 4683 1367 4744 ἐπαναϐαίνοντός
1408 4697 1498 4751 μοι
1527 4679 1623 4733 τοῦ

64 4776 150 4846 τὴν
199 4778 477 4849 ἁμαρτίαν
519 4775 891 4848 ἐνεργοῦντος,
919 4773 1033 4842 ἐγὼ
1074 4774 1319 4844 ἔλεγον·
1377 4769 1626 4835 Φυλάξω

66 4870 160 4936 τὰς
193 4870 376 4936 ὁδούς
405 4887 528 4938 μου
568 4866 673 4922 τοῦ
702 4864 790 4936 μὴ
842 4864 1201 4935 ἁμαρτάνειν
1246 4863 1316 4917 ἐν
1372 4860 1622 4931 γλώσσῃ

63 4977 190 5029 μου.
227 4964 368 5016 Τότε
407 4963 466 5016 δὲ
509 4962 610 5016 καί
634 4959 856 5029 ἐθέμην
888 4955 969 5022 τῷ
998 4958 1250 5028 στόματί
1273 4971 1391 5026 μου
1435 4957 1627 5022 gusta.-

71 5050 198 5119 κῆν⁶
237 5055 341 5107 καὶ
394 5052 717 5122 ἐκωςεὼθην
771 5049 870 5105 καὶ
910 5048 1326 5114 ἐταπεινώθην,
1361 5044 1457 5098 καὶ
1503 5045 1628 5099 ἐσίσ

32 5211 40 5218 η
71 5157 218 5209 Wa
243 5144 314 5210 ἐξ
352 5144 608 5211 ἀγαθῶν.
648 5146 706 5198 '0
727 5143 784 5197 δέ
823 5143 1116 5213 Σύμμαχος
1152 5139 1324 5201 οὓτως
1362 5138 1631 5208 ἡρμήνευο

76 5247 186 5285 σεν⁸
215 5231 436 5288 Εἶπον·
473 5232 727 5299 (mitiﬁcis
755 5233 859 5300 τὰς
878 5233 1055 5300 ὁδούς
1069 5250 1208 5302 μου,
1233 5230 1318 5299 μὴ
1347 5229 1630 5297 ἁμαρτεῖν

75 5321 163 5377 διὰ
193 5322 304 5393 τῆς
340 5328 630 5397 γλώσσης
680 5323 818 5396 μου.
879 5323 1133 5388 Φυλάξω
1170 5322 1234 5376 τὸ
1275 5322 1469 5390 στόμα
1509 5340 1628 5391 μου

77 5415 237 5486 ptati,
263 5417 353 5472 ἔτι
381 5417 557 5484 ὄντος
583 5415 842 5484 ἀσεϐοῦς
876 5418 945 5482 ἐξ
982 5415 1260 5479 ἐναντίας
1284 5429 1423 5481 μου.
1456 5416 1629 5467 Ἀλα-

78 5515 176 5577 loc
199 5509 488 5580 ἐγενόμην
524 5503 690 5580 σιτῇ,
719 5508 1064 5585 ἐσιωπήθτν
1087 5507 1173 5578 μὴ
1205 5502 1290 5558 ὢν
1317 5507 1387 5558 ἐν
1409 5505 1628 5576 ἀγαθῷ.

91 5603 239 5676 Ὁρᾷς
264 5602 388 5658 τίνα
409 5603 611 5676 τρόπον
641 5603 738 5676 τὴν
757 5601 940 5657 αἰτίαν
957 5600 1050 5658 ττῦ
1079 5601 1154 5673 μὴ
1175 5597 1378 5668 τολμᾷν
1406 5598 1633 5669 διαίρειν

83 5691 136 5745 τὺ
165 5694 335 5765 στόμα
366 5693 602 5760 ἐδίδαξεν
648 5691 986 5749 εἰπών-Καὶ
1032 5688 1344 5753 ἐσιώπησα
1389 5687 1457 5752 ἐξ
1489 5688 1634 5757 ἀγα-

1723 4677 1868 4747 quit,
1895 4669 2489 4733 tentationistempore,
2525 4661 2811 4716 inradente
2839 4673 2923 4712 me
2952 4657 3158 4727 peccati
3193 4670 3286 4708 au-

1723 4745 1896 4829 ctore,
1927 4777 2018 4832 ego
2047 4758 2172 4818 dixi.
2192 4773 2208 4809 :
2231 4754 2540 4810 Custodiam
2565 4753 2677 4806 vias
2707 4767 2871 4806 meas.
2899 4758 2956 4800 ut
2986 4763 3090 4802 non
3119 4745 3280 4799 detin—

1723 4871 1880 4928 quam
1915 4855 1970 4905 in
1999 4850 2175 4918 lingua
2209 4862 2343 4899 mea.
2380 4844 2537 4899 Tunc
2568 4857 2717 4904 vero,
2747 4839 2903 4908 posui
2940 4837 3022 4892 ori
3051 4853 3161 4890 meo
3194 4851 3283 4888 cu-
3398 4868 3402 4871 -

1725 4945 1953 5002 stodiam
1978 4959 1996 4997 :
2026 4940 2260 4996 obmutui
2304 4948 2353 4992 et
2388 4936 2695 4990 humiliatus
2723 4947 2864 4996 sum,
2895 4941 2944 4984 et
2975 4930 3100 4984 silui
3129 4947 3162 4982 a
3192 4928 3286 4982 bo-

1727 5041 1829 5094 nis.
1858 5033 2218 5109 Symmachus
2250 5039 2429 5087 autem
2453 5031 2533 5086 sic
2566 5028 2956 5095 interpretatus
2983 5031 3084 5085 est,
3119 5019 3283 5074 Dixi:

1726 5129 2036 5187 Custodiam
2089 5127 2198 5179 vias
2249 5139 2414 5186 meas,
2445 5129 2501 5173 ut
2552 5135 2656 5172 non
2704 5116 3004 5182 delinquant
3049 5127 3142 5180 per
3181 5111 3286 5163 lin-

1726 5236 1882 5294 guam
1910 5234 2103 5272 meam.
2143 5213 2452 5272 Custodiam
2484 5226 2539 5264 os
2569 5225 2740 5272 meum
2776 5208 2943 5277 freno,
2975 5220 3091 5257 cum
3117 5201 3285 5255 adhuc

1727 5317 1795 5370 sit
1819 5311 2012 5381 impius
2039 5309 2313 5364 adversum
2349 5321 2448 5358 me.
2489 5301 2671 5356 Mutus
2694 5301 2866 5370 factus
2908 5313 3021 5351 sum
3052 5294 3282 5357 silentio,

1731 5405 1872 5462 tacui
1903 5404 1956 5457 in
1985 5402 2116 5458 bono
2149 5417 2250 5456 non
2289 5398 2540 5452 existens.
2581 5393 2772 5448 Viden’
2813 5403 2922 5460 quo
2965 5393 3124 5457 pacto
3161 5400 3286 5440 cau-

1728 5515 1843 5556 sam
1876 5497 2086 5560 al'ferat,
2137 5510 2236 5550 cur
2276 5507 2383 5546 non
2430 5487 2626 5542 audeat
2653 5502 2715 5541 os
2763 5481 2974 5554 aperire
3022 5493 3150 5533 cum
3186 5478 3284 5540 ait,

1729 5601 1779 5645 et
1813 5589 1937 5644 silui
1964 5605 1999 5642 a
2031 5587 2214 5648 bonis;
2245 5581 2329 5637 vel
2358 5579 2656 5637 secundum
2690 5571 3091 5646 Symmachum,
3123 5570 3284 5631 tacui,

1732 5685 1803 5736 in‘
1829 5681 1961 5736 bono
2006 5695 2109 5734 non
2145 5677 2372 5732 existens
2392 5676 2416 5728 ?
2440 5672 2576 5727 Cum
2607 5670 2749 5724 enim
2777 5667 2832 5721 in
2867 5663 3027 5736 bonis
3055 5676 3164 5717 non
3196 5675 3288 5714 ex-

86 5780 211 5846 θῶν,
257 5735 335 5854 Ξῖ
361 5735 704 5852 summm;-
725 5735 818 5852 μη
863 5780 948 5837 ὢν
993 5781 1061 5838 ἐν
1111 5735 1328 5849 ἀγαθῷ,
1371 5735 1510 5833 κοῖτὰ
1537 5735 1613 5850 fab”

1735 5775 1978 5830 istcrem.
2027 5781 2208 5830 neque
2240 5763 2494 5821 ﬁduciam
2529 5761 2801 5825 haberem,
2824 5753 3138 5813 recordatus
3167 5763 3287 5808 sum

151 5938 191 5973 ⁸⁵
228 5936 383 5996 Rom.
415 5957 470 6009 ν,
507 5940 562 5999 5.
