3958 6340
643 418 747 475 317

1344 404 1611 462 EL'SEBII
1647 396 2124 458 CESARlENSiS
2168 393 2210 449 Ο

2345 389 2522 448 PAus
2551 388 2636 442 Ill.
2681 419 2746 431 -
2786 385 3207 443 εχιῑοετιελ.,
3752 388 3835 443 sn
3894 350 3907 385 ὲ

640 530 765 599 ejus
804 526 895 598 qui
928 528 1001 581 ait
1035 546 1045 580 :
1074 525 1333 585 Peccasti,
1378 524 1579 592 quiesce
1604 521 1649 551 ”
1678 538 1691 571 :
1737 530 1908 587 quare
1942 514 2084 568 tacui
2140 513 2192 563 in

2311 508 2614 577 Σύμμαχονς
2650 504 2738 575 Μὴ
2768 520 2874 575 γαρ
2896 502 2971 556 ὢν
3025 505 3084 557 ἐν
3123 502 3364 571 ἀγαθοῖς,
3388 502 3521 573 μηδὲ
3557 504 3838 575 παρρησίαν

646 620 786 677 bono
816 636 914 671 non
947 618 1213 679 existens/
1252 612 1438 683 Neque
1471 611 1644 665 solum
1684 605 1916 659 obmutui
1943 611 1992 656 et
2024 601 2199 654 nutri-

648 715 808 767 liatus
846 726 959 764 sum
989 717 1035 762 et
1083 706 1207 759 silui
1235 721 1267 757 a
1311 702 1482 765 bonis,
1528 699 1620 755 sed
1655 698 1838 757 etiam,
1866 695 2015 747 dolor
2056 707 2198 744 meus

643 811 916 858 renovatus
960 809 1058 853 est.
1093 796 1228 850 Nam
1267 794 1421 848 dolor
1468 792 1661 845 animae
1708 802 1857 849 meae,
1894 792 1948 840 et
1982 784 2137 838 ulcus
2170 797 2200 835 a

643 900 867 963 peccato
912 888 1307 949 mihi‘illatum,
1339 892 1461 938 cum
1504 884 1557 935 in
1602 882 1768 934 imum
1812 886 2002 948 pectus
2048 874 2202 929 deve-

644 986 833 1045 uisset,
860 992 914 1036 et
946 981 1003 1034 in
1046 980 1164 1044 ipsa
1206 975 1540 1031 conscientia
1576 971 1804 1026 inﬁxum
1847 975 2012 1031 esset,
2050 979 2203 1019 reno-

642 1074 894 1139 vabatur,
948 1073 1185 1127 instante
1233 1078 1395 1141 atque
1442 1064 1807 1135 exprobrante
1848 1060 2055 1129 peccati
2105 1071 2201 1109 au-

640 1172 815 1221 ctore.

711 1424 879 1480 Vsus.
912 1422 947 1477 ι
976 1451 1002 1465 ο
1032 1421 1086 1475 6.
1128 1419 1402 1475 Concaluit
1436 1431 1523 1469 cor
1549 1406 1720 1468 meum
1762 1414 1904 1465 intra
1946 1426 2046 1463 me.
2096 1408 2203 1461 Me-

642 1531 785 1577 mor,
820 1513 1020 1582 inquit,
1054 1510 1282 1580 peccati,
1316 1507 1483 1561 animi
1515 1503 1754 1571 deliquio
1785 1517 1884 1555 ceu
1915 1501 2037 1569 igne
2057 1511 2205 1551 com-

643 1604 913 1659 buri-bar:
943 1603 1009 1655 ab
1053 1599 1276 1669 ipsaque
1311 1594 1644 1650 conscientia
1686 1592 1964 1652 incensus,
1998 1588 2203 1643 locutus

642 1711 759 1748 sum
784 1695 839 1747 in
867 1693 1045 1762 lingua
1074 1707 1188 1744 mea
1214 1706 1230 1742 :
1258 1687 1457 1742 Notum
1483 1686 1567 1754 fac
1598 1684 1746 1748 mihi,
1781 1681 2023 1743 Domine,
2048 1680 2205 1748 ﬁnem

643 1803 835 1840 meum.
871 1785 1045 1838 Etiam
1074 1789 1198 1853 post
1219 1778 1648 1837 confessionem,
1679 1775 1772 1843 qui
1797 1772 1929 1826 mihi
1956 1772 2079 1826 ﬁnis
2121 1768 2200 1821 [ιιι

2301 598 2468 663 ἄγων,
2503 595 2823 664 ἐμεμνήμην
2854 592 2946 646 τοῦ
2971 593 3219 659 λέγοντος
3238 608 3251 620 °
3288 592 3593 660 Ἦμαρτες,
3627 592 3839 658 ἡσύχα-

2300 705 2414 740 σον
2437 704 2449 717 ·
2476 686 2555 740 διὸ
2582 684 2893 752 ἐσιώπησα
2910 683 2993 753 μὴ
3021 684 3106 737 ὢν
3137 685 3213 737 ἐν
3225 682 3441 752 ἀγαθῷ.
3489 683 3564 735 Ού
3613 682 3767 751 μόνον
3796 681 3839 735 δὲ

2299 778 2615 847 ἐκωερώθην
2646 776 2746 829 καὶ
2769 777 3026 844 sol-mod
3058 774 3126 839 ἐξ
3179 772 3435 845 ἀγαθῶν,
3460 773 3609 826 ἀλλά
3638 772 3734 825 ual.
3756 772 3841 826 ἆλ-

2300 869 2454 939 γημά
2472 887 2591 937 μου
2616 867 3023 933 ἀνεκαινίσθη.
3050 865 3124 917 Τὸ
3147 864 3254 937 γὰρ
3287 864 3386 933 τῆς
3411 862 3588 933 ψυχῆς
3639 880 3740 933 μου
3769 862 3843 916 ἄλο

2302 978 2394 1028 γος
2438 960 2532 1011 καὶ
2560 960 2620 1011 τὸ
2652 959 2717 1011 ἐκ
2744 958 2841 1027 τῆς
2881 953 3153 1027 ἁμαρτίας
3180 955 3534 1025 ἐγγενόμενόν
3564 971 3654 1025 μοι
3686 953 3843 1017 ἕλκος.

2303 1051 2442 1103 κατὰ
2472 1050 2665 1119 βάθους
2722 1046 3055 1116 ἐγκείμενον,
3098 1048 3190 1099 καὶ
3219 1047 3335 1099 κατ’
3360 1046 3528 1115 αὐτῆς
3561 1045 3661 1115 τῆς
3695 1060 3846 1097 συνει-

2301 1139 2504 1209 δήσεως
2558 1136 3014 1206 ἐμπεπηγμένον,
3060 1133 3371 1196 ἀνενεοῦτο,
3418 1131 3849 1193 ἐπαναϐαίωπός

2306 1248 2394 1299 μοι
2442 1230 2535 1281 καὶ
2594 1226 3005 1291 ἐπονειδίζοντος
3043 1224 3144 1278 τοῦ
3184 1224 3281 1295 τὴν
3319 1223 3592 1297 ἁμαρτίαν
3639 1225 3850 1293 ἐνηργη-

2304 1325 2474 1386 κότος.

2385 1412 2731 1482 Ἐθερμάνθη
2762 1412 2799 1478 ἡ
2825 1409 3033 1478 καρδία
3054 1426 3172 1478 μου
3192 1409 3362 1474 ἐντός
3375 1425 3515 1477 μου.
3534 1407 3855 1475 Ἀναμιμνη-

2306 1506 2583 1575 σχόμενος,
2617 1502 2771 1571 φησὶ,
2802 1501 2900 1570 τῆς
2923 1498 3213 1569 ἁμαρτίας,
3253 1498 3353 1568 τῆς
3376 1496 3611 1566 ἀθυμίας
3654 1496 3858 1563 ἐνεπιμ⁹

2304 1597 2526 1667 πράμην
2573 1592 2724 1663 πυρὶ,
2752 1580 2847 1644 ’ὑπ’
2881 1589 3047 1660 αὐτῆς
3094 1588 3430 1660 πυρούμενος
3472 1587 3573 1656 τῆς
3627 1583 3859 1653 συνειδή-

2306 1683 2785 1749 σεως,Ὲλάλησα
2816 1682 2885 1735 ἐν
2908 1680 3156 1750 γλώσσῃ
3198 1696 3346 1749 μον
3398 1678 3710 1745 Γνώρισόν
3748 1694 3860 1744 μοι.

2304 1779 2499 1844 Κύριε,
2536 1774 2600 1827 τὸ
2633 1771 2819 1840 πέρας
2840 1788 2979 1840 μου.
3004 1771 3114 1823 Καὶ
3162 1768 3298 1839 μετά
3342 1770 3440 1840 τὴν
3487 1766 3863 1839 ἐξομολόγησιν

642 1878 801 1924 turus
828 1869 901 1923 sit
932 1868 1176 1921 ediscere
1200 1862 1440 1933 postulo.
1473 1859 1598 1914 Hmc
1630 1873 1795 1928 porro
1827 1857 2043 1911 dicebat
2074 1868 2196 1907 cum

2311 1868 2481 1921 5ποίου
2515 1865 2702 1927 τέλους
2732 1862 2993 1933 τεύξομαι
3028 1861 3217 1933 μαθεῖν
3252 1861 3405 1925 ἀξιῶ.
3437 1861 3782 1934 Βαρούμενος
3815 1857 3866 1909 δὲ

642 1960 879 2031 graviter
896 1962 1252 2026 premeretur,
1288 1959 1442 2005 ratus
1461 1958 1864 2017 temporaneam
1893 1946 2033 2015 hanc
2055 1957 2199 1996 mor-

642 2050 912 2118 talemque
942 2046 1106 2098 vitam
1140 2042 1211 2098 ob
1243 2041 1457 2095 tardium
1492 2039 1902 2106 molestiamque
1934 2035 2053 2103 ejus
2075 2032 2197 2085 diu-

644 2122 1016 2231 turnissimam
1048 2151 1187 2191 esse.
1221 2133 1399 2202 Quare
1443 2132 1625 2186 obitus
1656 2128 1757 2183 sibi
1802 2137 2015 2196 tempus
2061 2122 2201 2177 indi-

645 2230 758 2284 cari
788 2214 1124 2298 peroptabat,
1173 2232 1233 2278 ut
1286 2229 1510 2290 accepto
1542 2220 1809 2273 libertatis
1840 2231 1903 2269 ac
1945 2214 2202 2269 tentatio-

645 2338 772 2376 num
809 2321 986 2376 exitus
1020 2318 1200 2372 fausto
1248 2311 1755 2376 nuntio,‘alacriter
1792 2316 1992 2376 ageret.
2028 2305 2083 2358 ln
2123 2320 2202 2358 se-

646 2410 942 2480 quentibus
970 2420 1098 2461 vero
1128 2405 1207 2458 sic
1240 2403 1315 2459 ait
1342 2421 1355 2454 :
1381 2399 1594 2452 Advena
1633 2412 1724 2465 ego
1756 2411 1870 2449 sum
1904 2394 2042 2463 apud
2074 2404 2121 2446 te
2149 2400 2201 2445 et

644 2498 966 2568 peregrinus,
998 2497 1130 2547 sicut
1158 2507 1333 2547 omnes
1359 2497 1534 2556 patres
1566 2487 1683 2539 mei.
1723 2482 1852 2535 Ecce
1878 2483 2204 2536 mensurabi-

646 2590 720 2640 les
748 2586 972 2654 posuisti
1003 2584 1113 2636 dies
1166 2598 1326 2643 meos,
1375 2590 1423 2634 et
1472 2578 1770 2631 substantia
1805 2591 1917 2628 mea
1954 2583 2204 2642 tanquam

649 2678 869 2732 nihilum
903 2685 1024 2728 ante
1070 2683 1135 2727 te.
1183 2672 1289 2727 Pro
1334 2687 1443 2741 quo
1477 2668 1853 2741 Symmachus,
1893 2664 2025 2718 Ecce
2056 2664 2205 2733 quasi

646 2770 908 2838 palmare:
954 2765 1147 2819 dedisti
1190 2763 1302 2817 dies
1354 2778 1514 2825 meos,
1563 2759 1751 2815 edidit.
1780 2758 1933 2811 Alius
1975 2755 2207 2809 fortasse

647 2860 868 2921 dixerit,
916 2855 1239 2919 παλαιστάς,
1274 2855 1389 2909 sive
1435 2851 1783 2905 adversarios
1812 2848 1929 2902 dies
1967 2845 2205 2901 hominis

649 2958 893 3011 vocatos,
928 2948 1054 3020 quia
1083 2945 1401 3007 certamine,
1432 2942 1630 3010 πάλης,
1654 2943 1767 2996 sive
1805 2955 1981 3018 pugna
2009 2945 2062 2993 et
2083 2945 2204 2989 ten-

649 3015 961 3094 tationibus
979 3026 1167 3106 repleti
1185 3042 1330 3089 sunt.
1356 3032 1724 3100 Deincepsque
1755 3032 1830 3083 ait
1856 3050 1869 3084 :
1896 3015 2208 3083 substantia

650 3148 768 3185 mea
801 3110 1045 3198 tanquam
1088 3126 1307 3180 nihilum
1354 3134 1474 3177 ante
1508 3132 1591 3185 te;
1623 3137 1720 3192 pro
1761 3136 1869 3191 quo
1903 3122 2095 3189 Aquila
2126 3110 2210 3173 in:-

651 3230 1003 3290 terpretatur,
1032 3228 1081 3271 et
1128 3218 1380 3271 demersio
1409 3233 1525 3269 mea
1569 3216 1721 3284 quasi
1749 3230 1851 3267 non
1882 3222 1958 3266 est
1993 3214 2046 3265 in
2086 3229 2200 3265 con-
2235 3256 2280 3316 ε

653 3324 831 3384 spectu
866 3322 980 3375 tuo;
1017 3310 1377 3382 Symmachds
1403 3323 1555 3371 vero,
1584 3316 1633 3360 et
1669 3306 1773 3359 vita
1808 3321 1921 3358 mea
1942 3305 2093 3374 quasi
2126 3304 2207 3355 ni-

653 3404 728 3459 hil
760 3421 935 3458 coram
966 3415 1033 3457 te.
1070 3401 1315 3471 Namque
1347 3406 1520 3454 totum
1560 3401 1685 3454 vitae
1722 3397 1959 3451 hominis
1995 3406 2210 3465 tempus

650 3511 775 3552 cum
827 3497 936 3552 vita
976 3494 1070 3553 Dei
1120 3501 1283 3562 atque
1339 3491 1552 3544 saeculis
1600 3489 1879 3544 immensis
1926 3487 2207 3551 collatum,

652 3588 811 3657 quasi
841 3580 1068 3641 nihilum
1104 3590 1187 3637 est
1231 3584 1287 3636 in
1330 3589 1625 3650 conspectu
1661 3579 1774 3632 Dei.
1803 3571 1983 3645 Quare
2012 3578 2119 3630 alio
2155 3578 2208 3630 iu

655 3680 776 3733 loco
807 3678 1013 3737 dictum
1042 3697 1054 3730 :
1086 3674 1213 3730 Caeli
1256 3672 1513 3741 peribunt,
1548 3682 1600 3723 tu
1634 3679 1805 3723 autem
1835 3686 2127 3738 permanes,
2161 3677 2211 3721 et

656 3786 832 3823 omnes
886 3769 1017 3821 sicut
1042 3768 1398 3819 restimcntum
1428 3771 1739 3816 veterascent
1768 3770 1856 3813 :et
1889 3762 2021 3813 sicut
2061 3776 2248 3829 oper"

660 3861 851 3913 torium
896 3859 1119 3911 mutabis
1149 3873 1233 3910 eos
1262 3864 1309 3908 et
1356 3854 1717 3907 mutabuntur.
1754 3852 1832 3906 Tu
1870 3861 2040 3905 autem
2075 3851 2211 3905 idem

657 3950 769 4016 ipse
796 3962 871 4008 os,
902 3954 949 3998 et
984 3945 1109 3996 anni
1141 3945 1215 3995 tui
1261 3960 1362 3994 non
1406 3941 1729 4009 deficient".
1760 3937 1868 3993 Sed
1897 3940 2057 3993 etiam
2097 3952 2212 3990 om-

660 4040 749 4093 nia
796 4036 1076 4092 hominum
1120 4032 1319 4095 studia,
1355 4032 1566 4086 vanitas
1600 4034 1895 4084 vanitatum
1940 4036 2100 4095 sunt;
2135 4034 2209 4087 et,

659 4130 905 4183 universa
941 4117 1202 4189 uanitas,‘
1240 4126 1407 4179 omnis
1453 4124 1602 4177 homo
1634 4124 1843 4185 vivens;
1879 4121 2012 4185 sive,
2046 4112 2243 4174 omnis'

661 4219 815 4283 homo
840 4219 1175 4281 constitutus,
1220 4215 1519 4271 secundum
1562 4213 1844 4283 Aquilam;
1872 4206 2005 4275 sive,
2047 4213 2213 4265 omnis

662 4312 816 4364 homo
841 4319 1009 4371 stans,
1038 4306 1334 4361 secundum
1370 4304 1774 4377 Symmachum.
1798 4301 1931 4357 Nam
1957 4304 2049 4372 qui
2072 4319 2216 4358 nunc

662 4411 793 4464 stat,
830 4414 893 4454 ac
924 4400 1174 4470 praesenti
1217 4407 1460 4467 tempore
1492 4396 1656 4449 vitam
1698 4394 1961 4456 deCulTil,
2002 4396 2215 4450 vanitas

665 4507 797 4548 sane
831 4490 1015 4543 fuerit.
1051 4490 1108 4543 Si
1143 4492 1325 4559 itaque
1358 4488 1505 4541 nulla
1530 4486 1840 4539 hominibus
1868 4486 2070 4540 inesset
2092 4502 2216 4555 spes

2300 1959 2471 2013 ταῦτα
2497 1958 2672 2026 ἔλεγε,
2693 1955 2791 2027 τὴν
2823 1954 3152 2026 πρόσκαιρον
3184 1954 3279 2007 καὶ
3301 1953 3499 2022 θνητὴν
3527 1951 3676 2023 ζωὴν
3707 1951 3793 2004 διὰ
3813 1958 3869 2000 το

2301 2047 2529 2118 ἐπαχθὲς
2576 2048 2743 2117 αὐτῆς
2789 2044 3134 2118 μακροτάτην
3180 2043 3498 2113 ἡγούμενος.
3539 2043 3631 2094 Διὸ
3680 2058 3877 2111 γνωρι-

2304 2136 2492 2207 σθῆναι
2525 2136 2670 2207 αὐτῷ
2694 2136 2785 2189 τὸν
2802 2135 2907 2217 τῆς
2946 2132 3265 2204 ἀπαλλαγῆς
3328 2133 3517 2204 χρόνον
3544 2132 3768 2186 ἐπόθειο
3806 2132 3868 2182 ἶν’

2274 2226 2534 2297 εΰθυμος
2579 2227 2806 2295 γένοιτο,
2837 2227 2935 2296 τὴν
2968 2224 3077 2278 ἀπὸ
3118 2224 3226 2276 τῶν
3270 2223 3397 2294 τῇδε
3444 2220 3758 2292 ἐλευθερίαν
3786 2221 3873 2273 καὶ

2302 2318 2407 2371 τῶν
2437 2317 2802 2387 πειρατηρίων
2830 2316 2925 2386 τὴν
2951 2315 3266 2385 ἀπαλλαγὴν
3300 2312 3733 2381 εύαγγελισθείς.
3769 2311 3875 2362 Καὶ

2303 2411 2359 2464 ἐν
2392 2411 2501 2471 τοῖς
2538 2408 2580 2460 δ’
2613 2408 2735 2477 ἑξῆς
2780 2406 2981 2476 προῖὼν
3024 2405 3235 2473 ἐλεγενο
3269 2403 3561 2472 Παρθικος
3606 2400 3724 2469 ἐγώ
3766 2402 3875 2467 ειμι

2304 2500 2459 2568 παρὰ
2484 2500 2581 2551 σοὶ
2618 2499 2713 2551 καί
2749 2496 3173 2565 παρεπίδημος,
3200 2496 3393 2563 καθὼς
3421 2494 3644 2559 πάντες
3685 2495 3740 2545 ol
3763 2506 3872 2543 πα·

2304 2588 2467 2655 τέρες
2491 2605 2629 2655 μου.
2651 2585 2792 2640 Ἰδοὺ
2822 2586 3157 2649 παλαιστὰς
3182 2585 3322 2639 ἔθου
3351 2584 3456 2649 τὰς
3486 2582 3714 2651 ἡμέρας
3739 2597 3876 2649 μου,

2308 2680 2405 2732 καὶ
2448 2680 2485 2745 ἡ
2532 2677 2871 2741 ὺπόστασίς
2904 2695 3021 2744 μου
3066 2675 3208 2729 ὡσεὶ
3253 2674 3431 2728 οὐθὲν
3460 2673 3720 2727 ἐνώπιόν
3744 2687 3875 2724 σου.

2320 2771 2458 2823 Ἀνο’
2487 2766 2545 2823 οὗ
2578 2775 2605 2823 ὁ
2644 2770 2956 2839 Σύμμαχος,
2987 2767 3130 2821 Ἰδοὺ
3179 2768 3260 2832 ὡς
3304 2765 3603 2834 σπιθαμὰς
3658 2752 3881 2826 ἔδωκας

2312 2860 2413 2925 τὰς
2464 2858 2688 2926 ἡμέρας
2723 2878 2861 2928 μου,
2896 2857 3372 2923 ἐξέδωκεν.Ἀλλος
3411 2856 3455 2908 δ’
3482 2856 3548 2910 ἂν
3594 2857 3743 2909 εἴποι
3776 2869 3880 2907 πα-

2309 2952 2561 3018 λαιστὰς
2590 2952 2836 3024 εἰρῆσθαι
2860 2951 2956 3013 τὰς
2987 2951 3094 3024 τῷῌν
3128 2950 3427 3023 ἀνθρώπων
3451 2948 3688 3020 ἡμέρας,
3717 2947 3809 3013 aia
3830 2947 3886 2998 τὸ

2313 3021 2706 3117 πεπληρῶσθαι
2756 3043 2923 3106 αὐτὰς
2967 3021 3174 3111 ἀγῶἴιος
3212 3021 3305 3095 διαὶ
3334 3041 3510 3110 πάλης
3544 3042 3642 3094 καὶ
3691 3056 3881 3111 πειρα-

2312 3135 2532 3206 τηρίων.
2552 3136 2708 3205 Ἑξῆς
2743 3134 2953 3197 τούτοις
2983 3134 3114 3203 φησί
3137 3132 3159 3162 ·’
3188 3133 3297 3188 Καὶ
3326 3133 3364 3200 ἠ
3398 3131 3750 3195 ὑπόστασις
3770 3147 3887 3199 μου

2312 3229 2454 3283 ὡσεί
2480 3227 2657 3281 οὐθὲν
2679 3226 2932 3279 ἐνώπιόν
2970 3242 3085 3278 σου
3105 3242 3118 3254 ·
3150 3224 3264 3277 ἀνθ’
3282 3219 3344 3276 οὗ
3376 3225 3406 3275 ὁ
3437 3221 3672 3285 ’Λκύλας
3701 3225 3855 3294 ήρμή

2310 3337 2493 3374 νευσε·
2526 3320 2633 3373 Καὶ
2672 3320 2710 3387 ή
2750 3316 3076 3382 κατάδυσις
3101 3334 3219 3387 μου
3254 3317 3332 3381 ὠς
3365 3316 3476 3368 οὐκ
3502 3314 3680 3367 ἐστιν
3707 3316 3886 3367 ἐνανπ-

2310 3412 2439 3466 τίον
2470 3426 2617 3464 σου·
2661 3411 2689 3462 ὁ
2726 3408 2783 3461 δὲ
2830 3406 3149 3477 Σύμμαχοςο
3184 3406 3292 3460 Kal
3322 3407 3359 3472 ἠ
3388 3404 3606 3470 ,βίωσίς
3642 3422 3771 3473 μαυ
3813 3405 3889 3469 ὼς

2309 3498 2490 3552 οὐδὲν
2527 3498 2771 3565 ἀντικρύ
2806 3498 3019 3549 σου.ὐ
3066 3497 3173 3567 γὰρ
3221 3497 3325 3559 πᾶς
3356 3496 3452 3565 τῆς
3485 3493 3629 3564 ζωῆς
3677 3494 3892 3565 ἀνθρώ⁴

2311 3606 2413 3641 που
2440 3588 2648 3660 χρόνος,
2682 3585 3163 3658 παραϐαλλόμενος
3210 3587 3275 3654 τῇ
3319 3584 3412 3637 τοῦ
3460 3583 3593 3636 Θεοῦ
3623 3582 3768 3654 ζωῇ,
3801 3583 3890 3635 καὶ

2310 3684 2422 3743 τοῖς
2466 3680 2625 3734 αἰῶσι
2668 3682 2779 3741 τοῖς
2813 3680 3083 3748 ἀπείροις,
3112 3676 3298 3745 ὥσπερ
3323 3676 3481 3728 ούθέν
3506 3677 3621 3727 ἐστι
3652 3674 3891 3727 ἐνώπιον

2310 3770 2403 3825 τοῦ
2459 3770 2615 3823 Θεοῦ.
2667 3769 2757 3822 Διὸ
2808 3768 3039 3839 ἀλλαχοῦ
3088 3768 3330 3838 εῐρηται’
3380 3770 3443 3818 οι
3489 3766 3742 3832 οὐρανοί
3784 3766 3894 3819 άπ-

2311 3859 2587 3914 ολοῦνται
2606 3878 2619 3892 ·
2646 3861 2726 3914 σὺ
2750 3860 2817 3913 δὲ
2841 3858 3156 3927 διαμένεις,
3175 3857 3271 3911 καὶ
3303 3856 3521 3922 πάντες
3544 3857 3625 3922 ὠς
3656 3854 3895 3925 ἱμάτιον·

2316 3952 2829 4017 παλαιωθήσονται
2853 3968 2867 3981 ·
2898 3951 2995 4003 καί
3025 3948 3167 4003 ὡσεὶ
3197 3950 3498 4018 περιϐολαὶ
3525 3947 3758 4015 ἑλίξεις
3784 3950 3891 4000 αὑ-

2315 4043 2474 4109 τοὺς,
2511 4044 2605 4098 καὶ
2640 4042 3108 4114 ἀλλαγήσονται.
3152 4040 3234 4095 Σὺ
3273 4040 3341 4094 δὲ
3375 4044 3408 4094 ό
3450 4039 3635 4107 αὐτὸς
3672 4036 3753 4105 εἷ,
3798 4042 3911 4109 καὶ⁴

2314 4131 2385 4183 τὰ
2426 4133 2526 4198 ἐτη
2571 4150 2685 4186 σου
2730 4130 3296 4200 οὐχ’ὲκλείψουσιν.
3335 4130 3494 4184 Ἀλλὰ
3539 4130 3638 4185 καὶ
3674 4119 3893 4200 πᾶσαὴ

2315 4219 2463 4292 παρὰ
2477 4221 2781 4293 ἀνθρώποις
2804 4223 3005 4293 σπουδὴ
3032 4223 3326 4294 ματαιότης
3352 4221 3734 4293 ματαιοτήτων
3755 4222 3890 4283 ἐστὶ,

2316 4311 2430 4374 καὶ,
2466 4308 2538 4362 τὰ
2563 4312 2883 4381 σύμπαντα
2907 4312 3249 4379 ματαιότης,
3280 4308 3398 4376 πᾶς
3420 4310 3739 4377 ἄνθρωπος
3762 4305 3891 4369 ζῶν,

2318 4402 2373 4469 ἢ,
2405 4397 2521 4464 πᾶς
2545 4400 2851 4467 ἅνθρωπος
2873 4399 3308 4469 ἐστηλωμένος,
3326 4401 3467 4453 κατὰ
3488 4399 3578 4453 τὸν
3619 4396 3860 4451 Ἀκύλαν
3878 4413 3889 4425 ·

2316 4490 2372 4560 ἢ,
2397 4486 2514 4553 πᾶς
2532 4487 2840 4554 ἄνθρωπος
2858 4486 3065 4553 ἑστὼς,
3089 4488 3227 4542 κατὰ
3253 4489 3342 4543 τὸν
3368 4488 3683 4559 Σύμμαχον.
3702 4486 3765 4539 Ὁ
3786 4488 3895 4553 γὰρ

630 4614 631 4617 η
666 4570 1111 4644 immortalitatis,
1160 4582 1280 4634 vita:
1325 4590 1535 4633 aeternae
1577 4593 1638 4631 ac
1680 4578 1834 4647 regni
1868 4579 2153 4642 caelorum,
2188 4594 2212 4632 ε

2317 4579 2411 4631 νῦν
2439 4574 2607 4641 ἑστὼς
2632 4578 2727 4631 καὶ
2749 4580 2777 4633 ὁ
2802 4578 2943 4632 κατὰ
2975 4579 3065 4635 τὸν
3088 4580 3325 4651 παρόντα
3353 4581 3539 4651 χρόνον
3561 4578 3666 4647 τὴν
3690 4574 3893 4645 θνητὴν

667 4688 727 4727 re
750 4686 881 4726 sane
916 4678 1194 4739 putaretur
1222 4664 1435 4723 vanitas
1463 4685 1582 4723 esse
1611 4669 1788 4723 omnis
1814 4670 1975 4724 homo
1999 4670 2207 4725 vivens.

2316 4671 2393 4724 ἐτι
2427 4670 2569 4741 ζωὴν
2604 4669 2889 4735 διεξανύων
2938 4672 3253 4742 ματαιότης
3277 4670 3342 4725 ἂν
3385 4670 3490 4739 εἴη.
3526 4669 3590 4721 Et
3632 4667 3775 4735 γοῦν
3823 4668 3894 4735 μὴ

666 4763 919 4818 ἀπέκειτό
948 4779 1029 4824 τις
1058 4762 1358 4834 ἀνθρώποις
1402 4762 1552 4823 ἐλπὶς
1598 4762 1914 4830 ἀθανασίας,
1964 4767 2057 4820 καὶ
2105 4765 2248 4837 ζωῆς
2285 4767 2498 4819 αἰωνίου
2533 4765 2804 4835 βασιλείας
2831 4783 2887 4819 τε
2912 4765 3176 4835 οὐρανῶν,
3205 4764 3440 4829 εὐλόγως
3498 4761 3563 4816 ἂν
3625 4762 3893 4833 ἐνομίσθη

674 4856 895 4923 μάταιόν
929 4873 978 4907 τι
1010 4851 1145 4908 εἶναι
1186 4857 1291 4917 πᾶς
1324 4854 1603 4923 ἄνθρωπος
1635 4856 1761 4915 ζῶν.

741 4947 904 5005 Vsus.
943 4951 1018 5004 8-
1056 4949 1141 5002 12.
1181 4948 1246 5002 Et
1279 4955 1412 5003 nunc
1457 4964 1571 5017 qua:
1607 4960 1681 5000 est
1717 4953 2032 5018 exspectatio
2078 4969 2216 5015 mea,
2276 4984 2279 4985 ν

673 5056 838 5095 nonne
892 5042 1184 5095 Dominus?
1231 5049 1336 5095 etc.
1375 5040 1498 5094 Haec
1544 5055 1706 5108 porro
1756 5042 1834 5094 sic
1867 5044 2033 5097 edidit
2062 5045 2221 5115 Sym-

676 5129 935 5182 machus:
970 5129 1126 5183 Nunc
1156 5132 1315 5199 igitur
1360 5129 1481 5198 quid
1545 5140 1799 5197 exspecto,
1866 5132 2110 5188 Domine?
2143 5150 2222 5187 rc—

678 5220 883 5272 mansio
937 5237 1047 5272 mea
1082 5222 1135 5272 in
1186 5230 1232 5271 re
1289 5228 1379 5274 est.
1420 5221 1497 5274 Ab
1559 5220 1795 5273 omnibus
1853 5226 2224 5293 transgressio-

681 5312 829 5364 nibus
878 5310 1003 5362 meis
1056 5310 1247 5363 redime
1311 5326 1417 5371 nte,
1488 5312 1896 5379 eaprobrabilem
1961 5314 2225 5383 insipienti

679 5415 743 5454 ne
784 5414 946 5467 ponas
979 5415 1078 5452 nte.
1134 5398 1315 5453 Mutus
1360 5401 1532 5467 [actus
1581 5418 1719 5465 sum,
1774 5418 1879 5455 non
1928 5406 2121 5471 aperies
2166 5422 2223 5459 os

684 5503 849 5541 meum
874 5505 892 5541 :
923 5498 978 5541 tu
1007 5488 1142 5541 enim
1179 5489 1368 5555 fecisti.
1399 5486 1535 5543 Post
1560 5505 1623 5544 ea
1653 5506 1772 5560 quae
1806 5492 2055 5559 superius
2082 5495 2224 5547 dicta

686 5584 833 5639 sunt,
864 5575 961 5638 ait,
995 5576 1129 5630 nihil
1173 5577 1301 5629 mihi
1350 5578 1621 5645 relictum,
1657 5578 1900 5645 Domine,
1946 5580 2053 5635 nisi
2083 5589 2141 5636 ut
2175 5592 2225 5639 ιο

757 5750 802 5782 ’⁸
840 5748 972 5806 Gen.
1010 5768 1081 5811 iv.
1118 5755 1170 5815 7,
1214 5770 1323 5810 sec.
1359 5752 1517 5810 LXX.
1594 5755 1639 5796 ’⁷
1680 5752 1939 5821 Ρεειμει,
1974 5755 2154 5825 27,38.

2394 4954 2499 5007 Kal
2523 4952 2637 5005 νῦν
2658 4952 2747 5017 τίς
2780 4954 2816 5021 ή
2847 4954 3115 5021 ὑπομονὴ
3140 4966 3279 5018 μου,
3301 4948 3433 5016 οὐχὶ
3459 4950 3715 5017 Κύριος;
3759 4951 3818 5003 ὐ
3841 4950 3895 5001 δὲ

2329 5042 2615 5117 Σύμμαχος
2643 5044 2811 5107 οὕτως
2842 5043 2910 5096 τὰ
2939 5040 3269 5111 προκείμενα
3300 5038 3523 5103 ἐξέδωκε
3560 5044 3737 5111 ῥητά·
3768 5042 3895 5097 Νῐτγ

2324 5128 2436 5185 οὖν
2473 5136 2527 5185 τί
2566 5131 2895 5201 προσδοκῶ,
2940 5131 3242 5194 Δέσποτα;
3281 5133 3319 5199 ἡ
3351 5131 3617 5201 ἁναμονή
3650 5152 3780 5201 μου
3812 5138 3895 5196 εἰς

2329 5222 2401 5275 σέ
2441 5224 2627 5276 ἐστιν.
2646 5224 2777 5277 Ἀπὸ
2818 5205 3028 5274 πασῶν
3075 5220 3193 5274 τῶν
3236 5221 3491 5276 coemam
3515 5241 3637 5292 μου
3670 5224 3896 5288 ἐξέλου

2326 5329 2421 5381 με,
2462 5313 2869 5368 ἐπονείδιστον
2920 5310 3127 5390 ἄφρονι
3164 5313 3249 5383 μὴ
3297 5313 3482 5384 τάξῃς
3523 5317 3894 5384 paruum

2328 5404 2637 5471 ἐγενόμην,
2660 5406 2768 5457 οὐκ
2786 5401 3043 5467 ἀνοίξεις
3067 5404 3257 5474 στόμα
3279 5422 3417 5475 patr
3444 5406 3526 5459 σὺ
3551 5407 3666 5473 τὰρ
3684 5407 3893 5467 ἐποίη-

2326 5510 2459 5559 σας.
2483 5495 2634 5549 Μετὰ
2658 5495 2727 5548 τὰ
2761 5492 3157 5566 προλελεγμένα
3178 5498 3375 5569 πάντα,
3399 5497 3583 5567 φησιν,
3606 5497 3770 5549 οὐδέν
3807 5512 3893 5564 μοι

2326 5584 2587 5648 λείπεται,
2620 5578 2663 5639 ὦ
2696 5582 2949 5656 Κύριε,ἢ
2996 5586 3055 5639 σὲ
3097 5586 3392 5658 προσδοκᾷν
3444 5586 3536 5641 καὶ
3583 5586 3668 5649 εἰς
3706 5586 3770 5641 σέ
3799 5584 3893 5653 τὰς
