  <div class='ocr_page' id='page_1' title='image "/cluster/home/n/w/nwhite01/storage/ocr_20150623/23/pst.000005712076/182.png"; bbox 0 0 3966 6344; ppageno 0'>
   <div class='ocr_carea' id='block_1_1' title="bbox 60 411 157 465">
    <p class='ocr_par' dir='ltr' id='par_1_1' title="bbox 60 411 157 465">
     <span class='ocr_line' id='line_1_1' title="bbox 60 411 157 465; baseline 0.01 -2"><span class='ocrx_word' id='word_1_1' title='bbox 60 411 157 465; x_wconf 65' lang='lat' dir='ltr'><strong>35&#39;s</strong></span> 
     </span>
    </p>
   </div>
   <div class='ocr_carea' id='block_1_2' title="bbox 1181 400 2175 457">
    <p class='ocr_par' dir='ltr' id='par_1_2' title="bbox 1181 400 2175 457">
     <span class='ocr_line' id='line_1_2' title="bbox 1181 400 2175 457; baseline 0 -1"><span class='ocrx_word' id='word_1_2' title='bbox 1181 400 1684 457; x_wconf 75' lang='lat' dir='ltr'><strong>COMMENTARIA</strong></span> <span class='ocrx_word' id='word_1_3' title='bbox 1726 401 1791 456; x_wconf 82' lang='lat' dir='ltr'><strong>IN</strong></span> <span class='ocrx_word' id='word_1_4' title='bbox 1831 400 2175 457; x_wconf 77' lang='lat' dir='ltr'><strong>PSALMOS.</strong></span> 
     </span>
    </p>
   </div>
   <div class='ocr_carea' id='block_1_3' title="bbox 3193 416 3296 468">
    <p class='ocr_par' dir='ltr' id='par_1_3' title="bbox 3193 416 3296 468">
     <span class='ocr_line' id='line_1_3' title="bbox 3193 416 3296 468; baseline -0.019 0"><span class='ocrx_word' id='word_1_5' title='bbox 3193 416 3296 468; x_wconf 72' lang='lat'><strong>550</strong></span> 
     </span>
    </p>
   </div>
   <div class='ocr_carea' id='block_1_4' title="bbox 61 517 1607 594">
    <p class='ocr_par' dir='ltr' id='par_1_4' title="bbox 61 517 1607 592">
     <span class='ocr_line' id='line_1_4' title="bbox 61 517 1607 592; baseline -0.005 -16"><span class='ocrx_word' id='word_1_6' title='bbox 61 524 272 585; x_wconf 64' lang='grc' dir='ltr'>ἐλπίδας</span> <span class='ocrx_word' id='word_1_7' title='bbox 304 521 477 592; x_wconf 69' lang='grc' dir='ltr'>ἔχειν’</span> <span class='ocrx_word' id='word_1_8' title='bbox 506 517 661 592; x_wconf 82' lang='grc' dir='ltr'>παρὰ</span> <span class='ocrx_word' id='word_1_9' title='bbox 684 517 775 572; x_wconf 82' lang='grc' dir='ltr'>σοῦ</span> <span class='ocrx_word' id='word_1_10' title='bbox 805 517 916 588; x_wconf 81' lang='grc' dir='ltr'>γὰρ</span> <span class='ocrx_word' id='word_1_11' title='bbox 942 519 1041 588; x_wconf 83' lang='grc' dir='ltr'><strong>τῆς</strong></span> <span class='ocrx_word' id='word_1_12' title='bbox 1067 517 1247 589; x_wconf 79' lang='grc' dir='ltr'>ψυχῆς</span> <span class='ocrx_word' id='word_1_13' title='bbox 1272 521 1305 587; x_wconf 80' lang='grc' dir='ltr'>ὴ</span> <span class='ocrx_word' id='word_1_14' title='bbox 1337 517 1607 571; x_wconf 77' lang='grc' dir='ltr'>ὑπόστασί‹</span> 
     </span>
    </p>
   </div>
   <div class='ocr_carea' id='block_1_5' title="bbox 1711 517 3300 594">
    <p class='ocr_par' dir='ltr' id='par_1_5' title="bbox 1732 517 3300 594">
     <span class='ocr_line' id='line_1_5' title="bbox 1732 517 3300 594; baseline 0.008 -25"><span class='ocrx_word' id='word_1_15' title='bbox 1732 525 2039 585; x_wconf 83' lang='lat' dir='ltr'><strong>exspectem</strong></span> <span class='ocrx_word' id='word_1_16' title='bbox 2083 526 2135 573; x_wconf 91' lang='lat' dir='ltr'><strong>et</strong></span> <span class='ocrx_word' id='word_1_17' title='bbox 2185 517 2238 573; x_wconf 89' lang='lat' dir='ltr'><strong>in</strong></span> <span class='ocrx_word' id='word_1_18' title='bbox 2286 524 2337 573; x_wconf 88' lang='lat' dir='ltr'><strong>te</strong></span> <span class='ocrx_word' id='word_1_19' title='bbox 2381 532 2528 587; x_wconf 83' lang='lat' dir='ltr'><strong>spem</strong></span> <span class='ocrx_word' id='word_1_20' title='bbox 2581 518 2807 576; x_wconf 77' lang='lat' dir='ltr'><strong>habeam</strong></span> <span class='ocrx_word' id='word_1_21' title='bbox 2844 537 2859 573; x_wconf 88' lang='lat'><strong><em>:</em></strong></span> <span class='ocrx_word' id='word_1_22' title='bbox 2891 537 3016 578; x_wconf 89' lang='lat' dir='ltr'><strong>nam</strong></span> <span class='ocrx_word' id='word_1_23' title='bbox 3064 526 3204 594; x_wconf 88' lang='lat' dir='ltr'><strong>apud</strong></span> <span class='ocrx_word' id='word_1_24' title='bbox 3249 536 3300 581; x_wconf 84' lang='lat' dir='ltr'><strong>te</strong></span> 
     </span>
    </p>
   </div>
   <div class='ocr_carea' id='block_1_6' title="bbox 61 608 1628 683">
    <p class='ocr_par' dir='ltr' id='par_1_6' title="bbox 61 608 1628 683">
     <span class='ocr_line' id='line_1_6' title="bbox 61 608 1628 683; baseline -0.004 -17"><span class='ocrx_word' id='word_1_25' title='bbox 61 619 186 667; x_wconf 65' lang='grc' dir='ltr'>ἐστι.</span> <span class='ocrx_word' id='word_1_26' title='bbox 225 613 319 665; x_wconf 80' lang='grc' dir='ltr'><strong>Διὸ</strong></span> <span class='ocrx_word' id='word_1_27' title='bbox 361 612 553 683; x_wconf 79' lang='grc' dir='ltr'>δέομαι</span> <span class='ocrx_word' id='word_1_28' title='bbox 581 612 674 664; x_wconf 78' lang='grc' dir='ltr'>καὶ</span> <span class='ocrx_word' id='word_1_29' title='bbox 705 609 931 663; x_wconf 82' lang='grc' dir='ltr'>ἱκετεύω</span> <span class='ocrx_word' id='word_1_30' title='bbox 960 608 1389 680; x_wconf 82' lang='grc' dir='ltr'>ὲλευθερωθῆναί</span> <span class='ocrx_word' id='word_1_31' title='bbox 1428 627 1494 678; x_wconf 86' lang='grc' dir='ltr'><strong>με</strong></span> <span class='ocrx_word' id='word_1_32' title='bbox 1521 610 1628 660; x_wconf 80' lang='grc' dir='ltr'><strong>τῶν</strong></span> 
     </span>
    </p>
   </div>
   <div class='ocr_carea' id='block_1_7' title="bbox 59 689 1626 772">
    <p class='ocr_par' dir='ltr' id='par_1_7' title="bbox 59 689 1626 772">
     <span class='ocr_line' id='line_1_7' title="bbox 59 689 1626 772; baseline -0.003 -16"><span class='ocrx_word' id='word_1_33' title='bbox 59 705 175 772; x_wconf 74' lang='grc' dir='ltr'>τῇδε</span> <span class='ocrx_word' id='word_1_34' title='bbox 223 689 436 765; x_wconf 82' lang='grc' dir='ltr'>κακῶν,</span> <span class='ocrx_word' id='word_1_35' title='bbox 464 704 559 756; x_wconf 60' lang='grc' dir='ltr'><strong>καὶ¹</strong></span> <span class='ocrx_word' id='word_1_36' title='bbox 602 703 708 755; x_wconf 86' lang='grc' dir='ltr'>τῶν</span> <span class='ocrx_word' id='word_1_37' title='bbox 757 699 991 770; x_wconf 78' lang='grc' dir='ltr'><strong>ἀνομιῶν</strong></span> <span class='ocrx_word' id='word_1_38' title='bbox 1028 717 1127 770; x_wconf 89' lang='grc' dir='ltr'><strong>μου</strong></span> <span class='ocrx_word' id='word_1_39' title='bbox 1161 699 1626 770; x_wconf 76' lang='grc' dir='ltr'>ρυσθῆναι.“Ἀπαξ</span> 
     </span>
    </p>
   </div>
   <div class='ocr_carea' id='block_1_8' title="bbox 55 786 1626 865">
    <p class='ocr_par' dir='ltr' id='par_1_8' title="bbox 55 786 1626 865">
     <span class='ocr_line' id='line_1_8' title="bbox 55 786 1626 865; baseline -0.003 -19"><span class='ocrx_word' id='word_1_40' title='bbox 55 795 157 864; x_wconf 86' lang='grc' dir='ltr'>γὰρ</span> <span class='ocrx_word' id='word_1_41' title='bbox 185 795 587 865; x_wconf 75' lang='grc' dir='ltr'>περιπέπτωκα</span> <span class='ocrx_word' id='word_1_42' title='bbox 610 794 830 865; x_wconf 70' lang='grc' dir='ltr'>ἄφρονι,</span> <span class='ocrx_word' id='word_1_43' title='bbox 861 793 988 864; x_wconf 78' lang='grc' dir='ltr'>περὶ</span> <span class='ocrx_word' id='word_1_44' title='bbox 1017 786 1077 846; x_wconf 71' lang='grc' dir='ltr'><strong>οὗ</strong></span> <span class='ocrx_word' id='word_1_45' title='bbox 1107 794 1200 848; x_wconf 81' lang='grc' dir='ltr'><strong>καὶ</strong></span> <span class='ocrx_word' id='word_1_46' title='bbox 1231 792 1487 862; x_wconf 81' lang='grc' dir='ltr'><strong>ἀνωτέρω</strong></span> <span class='ocrx_word' id='word_1_47' title='bbox 1516 790 1626 843; x_wconf 74' lang='grc' dir='ltr'>ἐλε-</span> 
     </span>
    </p>
   </div>
   <div class='ocr_carea' id='block_1_9' title="bbox 54 882 1626 952">
    <p class='ocr_par' dir='ltr' id='par_1_9' title="bbox 54 882 1626 952">
     <span class='ocr_line' id='line_1_9' title="bbox 54 882 1626 952; baseline -0.004 -13"><span class='ocrx_word' id='word_1_48' title='bbox 54 901 171 950; x_wconf 81' lang='grc' dir='ltr'>γον·</span> <span class='ocrx_word' id='word_1_49' title='bbox 214 886 322 939; x_wconf 79' lang='grc' dir='ltr'>Ἐν</span> <span class='ocrx_word' id='word_1_50' title='bbox 369 883 452 949; x_wconf 82' lang='grc' dir='ltr'>τῷ</span> <span class='ocrx_word' id='word_1_51' title='bbox 491 883 795 952; x_wconf 80' lang='grc' dir='ltr'><strong>συστῆναι</strong></span> <span class='ocrx_word' id='word_1_52' title='bbox 838 884 947 937; x_wconf 84' lang='grc' dir='ltr'>τὸν</span> <span class='ocrx_word' id='word_1_53' title='bbox 983 883 1328 951; x_wconf 75' lang='grc' dir='ltr'><strong>ἁμαρτωλὸν</strong></span> <span class='ocrx_word' id='word_1_54' title='bbox 1375 882 1626 935; x_wconf 79' lang='grc' dir='ltr'>ἐνώπιόν</span> 
     </span>
    </p>
   </div>
   <div class='ocr_carea' id='block_1_10' title="bbox 53 974 1623 1045">
    <p class='ocr_par' dir='ltr' id='par_1_10' title="bbox 53 974 1623 1045">
     <span class='ocr_line' id='line_1_10' title="bbox 53 974 1623 1045; baseline -0.002 -16"><span class='ocrx_word' id='word_1_55' title='bbox 53 994 182 1043; x_wconf 85' lang='grc' dir='ltr'>μου,</span> <span class='ocrx_word' id='word_1_56' title='bbox 223 976 569 1045; x_wconf 78' lang='grc' dir='ltr'>ἐκωςρώθην,</span> <span class='ocrx_word' id='word_1_57' title='bbox 598 977 696 1031; x_wconf 73' lang='grc' dir='ltr'>καὶ</span> <span class='ocrx_word' id='word_1_58' title='bbox 725 975 1125 1043; x_wconf 75' lang='grc' dir='ltr'>ἐταπεινώθην</span> <span class='ocrx_word' id='word_1_59' title='bbox 1152 976 1249 1029; x_wconf 75' lang='grc' dir='ltr'>καὶ</span> <span class='ocrx_word' id='word_1_60' title='bbox 1276 976 1533 1044; x_wconf 72' lang='grc' dir='ltr'>ἐσίγησα</span> <span class='ocrx_word' id='word_1_61' title='bbox 1555 974 1623 1038; x_wconf 77' lang='grc' dir='ltr'><strong><em>ἐξ</em></strong></span> 
     </span>
    </p>
   </div>
   <div class='ocr_carea' id='block_1_11' title="bbox 50 1065 1624 1140">
    <p class='ocr_par' dir='ltr' id='par_1_11' title="bbox 50 1065 1624 1140">
     <span class='ocr_line' id='line_1_11' title="bbox 50 1065 1624 1140; baseline -0.002 -20"><span class='ocrx_word' id='word_1_62' title='bbox 50 1065 304 1135; x_wconf 54' lang='lat' dir='ltr'><strong>ambiit.</strong></span> <span class='ocrx_word' id='word_1_63' title='bbox 348 1069 557 1121; x_wconf 80' lang='grc' dir='ltr'>Αὐτίκα</span> <span class='ocrx_word' id='word_1_64' title='bbox 585 1070 714 1136; x_wconf 83' lang='grc' dir='ltr'>γοῦν</span> <span class='ocrx_word' id='word_1_65' title='bbox 757 1068 1033 1140; x_wconf 75' lang='grc' dir='ltr'>ἀφροσύνῃ</span> <span class='ocrx_word' id='word_1_66' title='bbox 1065 1067 1386 1139; x_wconf 73' lang='grc' dir='ltr'><strong>παραδοθεὶς</strong></span> <span class='ocrx_word' id='word_1_67' title='bbox 1428 1067 1624 1134; x_wconf 83' lang='grc' dir='ltr'>γέγονα</span> 
     </span>
    </p>
   </div>
   <div class='ocr_carea' id='block_1_12' title="bbox 54 1154 1623 1230">
    <p class='ocr_par' dir='ltr' id='par_1_12' title="bbox 54 1154 1623 1230">
     <span class='ocr_line' id='line_1_12' title="bbox 54 1154 1623 1230; baseline 0.001 -21"><span class='ocrx_word' id='word_1_68' title='bbox 54 1158 411 1222; x_wconf 77' lang='grc' dir='ltr'><strong>ἐπονείδιστος</strong></span> <span class='ocrx_word' id='word_1_69' title='bbox 427 1177 439 1189; x_wconf 91' lang='grc'><strong>·</strong></span> <span class='ocrx_word' id='word_1_70' title='bbox 475 1160 697 1222; x_wconf 72' lang='grc' dir='ltr'>εἰκότως</span> <span class='ocrx_word' id='word_1_71' title='bbox 729 1156 841 1222; x_wconf 79' lang='grc' dir='ltr'>οὖν,</span> <span class='ocrx_word' id='word_1_72' title='bbox 864 1161 939 1224; x_wconf 87' lang='grc' dir='ltr'>ὼς</span> <span class='ocrx_word' id='word_1_73' title='bbox 965 1162 1030 1214; x_wconf 81' lang='grc' dir='ltr'><strong>ἂν</strong></span> <span class='ocrx_word' id='word_1_74' title='bbox 1056 1159 1417 1230; x_wconf 67' lang='grc' dir='ltr'>γνωσιμαχῶν</span> <span class='ocrx_word' id='word_1_75' title='bbox 1439 1159 1522 1228; x_wconf 75' lang='grc' dir='ltr'><strong>ἐφ’</strong></span> <span class='ocrx_word' id='word_1_76' title='bbox 1545 1154 1623 1222; x_wconf 74' lang='grc' dir='ltr'>οἷς</span> 
     </span>
    </p>
   </div>
   <div class='ocr_carea' id='block_1_13' title="bbox 52 1249 1620 1320">
    <p class='ocr_par' dir='ltr' id='par_1_13' title="bbox 52 1249 1620 1320">
     <span class='ocr_line' id='line_1_13' title="bbox 52 1249 1620 1320; baseline 0.006 -28"><span class='ocrx_word' id='word_1_77' title='bbox 52 1251 312 1320; x_wconf 62' lang='grc' dir='ltr'>ἥμαρτον,</span> <span class='ocrx_word' id='word_1_78' title='bbox 345 1249 665 1318; x_wconf 70' lang='grc' dir='ltr'>ἐκωφώθην</span> <span class='ocrx_word' id='word_1_79' title='bbox 687 1250 782 1303; x_wconf 77' lang='grc' dir='ltr'>καὶ</span> <span class='ocrx_word' id='word_1_80' title='bbox 805 1252 915 1303; x_wconf 83' lang='grc' dir='ltr'>οὐκ</span> <span class='ocrx_word' id='word_1_81' title='bbox 943 1249 1155 1317; x_wconf 75' lang='grc' dir='ltr'>ἤνοιξα</span> <span class='ocrx_word' id='word_1_82' title='bbox 1176 1249 1241 1303; x_wconf 81' lang='grc' dir='ltr'>τὸ</span> <span class='ocrx_word' id='word_1_83' title='bbox 1277 1251 1466 1318; x_wconf 79' lang='grc' dir='ltr'>στόμα</span> <span class='ocrx_word' id='word_1_84' title='bbox 1482 1265 1620 1317; x_wconf 83' lang='grc' dir='ltr'>μου,</span> 
     </span>
    </p>
   </div>
   <div class='ocr_carea' id='block_1_14' title="bbox 50 1339 1618 1411">
    <p class='ocr_par' dir='ltr' id='par_1_14' title="bbox 50 1339 1618 1411">
     <span class='ocr_line' id='line_1_14' title="bbox 50 1339 1618 1411; baseline 0 -20"><span class='ocrx_word' id='word_1_85' title='bbox 50 1341 133 1391; x_wconf 78' lang='grc' dir='ltr'>ὅτι</span> <span class='ocrx_word' id='word_1_86' title='bbox 174 1342 256 1394; x_wconf 88' lang='grc' dir='ltr'><strong>σὺ</strong></span> <span class='ocrx_word' id='word_1_87' title='bbox 304 1343 617 1408; x_wconf 80' lang='grc' dir='ltr'>ἐποίησας.</span> <span class='ocrx_word' id='word_1_88' title='bbox 636 1341 691 1394; x_wconf 85' lang='grc' dir='ltr'><strong>Ὀ</strong></span> <span class='ocrx_word' id='word_1_89' title='bbox 739 1340 847 1411; x_wconf 87' lang='grc' dir='ltr'><strong>γὰρ</strong></span> <span class='ocrx_word' id='word_1_90' title='bbox 898 1341 986 1404; x_wconf 82' lang='grc' dir='ltr'><strong>σὸς</strong></span> <span class='ocrx_word' id='word_1_91' title='bbox 1039 1340 1200 1408; x_wconf 79' lang='grc' dir='ltr'>φόόος</span> <span class='ocrx_word' id='word_1_92' title='bbox 1249 1339 1508 1408; x_wconf 76' lang='grc' dir='ltr'>κωφῶσαί</span> <span class='ocrx_word' id='word_1_93' title='bbox 1553 1356 1618 1408; x_wconf 84' lang='grc' dir='ltr'><strong>με</strong></span> 
     </span>
    </p>
   </div>
   <div class='ocr_carea' id='block_1_15' title="bbox 50 1425 1620 1503">
    <p class='ocr_par' dir='ltr' id='par_1_15' title="bbox 50 1425 1620 1503">
     <span class='ocr_line' id='line_1_15' title="bbox 50 1425 1620 1503; baseline -0.002 -19"><span class='ocrx_word' id='word_1_94' title='bbox 50 1434 290 1503; x_wconf 69' lang='grc' dir='ltr'>ἐποίησε.</span> <span class='ocrx_word' id='word_1_95' title='bbox 324 1433 574 1503; x_wconf 84' lang='grc' dir='ltr'>πλήττων</span> <span class='ocrx_word' id='word_1_96' title='bbox 613 1449 680 1502; x_wconf 90' lang='grc' dir='ltr'><strong>με</strong></span> <span class='ocrx_word' id='word_1_97' title='bbox 725 1433 812 1500; x_wconf 62' lang='grc' dir='ltr'><strong>ἐφ’</strong></span> <span class='ocrx_word' id='word_1_98' title='bbox 844 1425 925 1495; x_wconf 74' lang='grc' dir='ltr'><strong>οἷς</strong></span> <span class='ocrx_word' id='word_1_99' title='bbox 961 1432 1227 1502; x_wconf 72' lang='grc' dir='ltr'>ἥμαρτον,</span> <span class='ocrx_word' id='word_1_100' title='bbox 1262 1431 1356 1483; x_wconf 75' lang='grc' dir='ltr'>καὶ</span> <span class='ocrx_word' id='word_1_101' title='bbox 1394 1447 1620 1484; x_wconf 88' lang='grc' dir='ltr'>κατασι-</span> 
     </span>
    </p>
   </div>
   <div class='ocr_carea' id='block_1_16' title="bbox 51 1519 1620 1595">
    <p class='ocr_par' dir='ltr' id='par_1_16' title="bbox 51 1519 1620 1595">
     <span class='ocr_line' id='line_1_16' title="bbox 51 1519 1620 1595; baseline -0.003 -19"><span class='ocrx_word' id='word_1_102' title='bbox 51 1521 222 1588; x_wconf 76' lang='grc' dir='ltr'>γάζων</span> <span class='ocrx_word' id='word_1_103' title='bbox 253 1524 393 1595; x_wconf 83' lang='grc' dir='ltr'>πρὸς</span> <span class='ocrx_word' id='word_1_104' title='bbox 428 1523 490 1576; x_wconf 82' lang='grc' dir='ltr'><strong>τὸ</strong></span> <span class='ocrx_word' id='word_1_105' title='bbox 518 1524 590 1594; x_wconf 80' lang='grc' dir='ltr'>μὴ</span> <span class='ocrx_word' id='word_1_106' title='bbox 625 1523 977 1592; x_wconf 81' lang='grc' dir='ltr'>φθέγγεσθαι.</span> <span class='ocrx_word' id='word_1_107' title='bbox 998 1523 1140 1575; x_wconf 76' lang='grc' dir='ltr'>’Δντὶ</span> <span class='ocrx_word' id='word_1_108' title='bbox 1169 1522 1226 1574; x_wconf 79' lang='grc' dir='ltr'>δὲ</span> <span class='ocrx_word' id='word_1_109' title='bbox 1249 1519 1362 1582; x_wconf 80' lang='grc' dir='ltr'>τοῦ,</span> <span class='ocrx_word' id='word_1_110' title='bbox 1393 1519 1620 1584; x_wconf 79' lang='grc' dir='ltr'>ὄνειδος</span> 
     </span>
    </p>
   </div>
   <div class='ocr_carea' id='block_1_17' title="bbox 48 1611 1620 1684">
    <p class='ocr_par' dir='ltr' id='par_1_17' title="bbox 48 1611 1620 1684">
     <span class='ocr_line' id='line_1_17' title="bbox 48 1611 1620 1684; baseline -0.003 -18"><span class='ocrx_word' id='word_1_111' title='bbox 48 1614 254 1682; x_wconf 60' lang='grc' dir='ltr'>ἄφρονι</span> <span class='ocrx_word' id='word_1_112' title='bbox 289 1614 522 1680; x_wconf 78' lang='grc' dir='ltr'>ἔδωκάς</span> <span class='ocrx_word' id='word_1_113' title='bbox 563 1631 660 1684; x_wconf 80' lang='grc' dir='ltr'><strong>με,</strong></span> <span class='ocrx_word' id='word_1_114' title='bbox 688 1615 717 1665; x_wconf 84' lang='grc' dir='ltr'>ὁ</span> <span class='ocrx_word' id='word_1_115' title='bbox 759 1616 854 1684; x_wconf 78' lang='grc' dir='ltr'><strong>μὲν</strong></span> <span class='ocrx_word' id='word_1_116' title='bbox 900 1613 1149 1676; x_wconf 83' lang='grc' dir='ltr'><strong>Ἀκύλας,</strong></span> <span class='ocrx_word' id='word_1_117' title='bbox 1178 1611 1404 1676; x_wconf 77' lang='grc' dir='ltr'>ὄνειδος</span> <span class='ocrx_word' id='word_1_118' title='bbox 1439 1611 1620 1677; x_wconf 61' lang='lat' dir='ltr'><strong>damp-</strong></span> 
     </span>
    </p>
   </div>
   <div class='ocr_carea' id='block_1_18' title="bbox 47 1700 1615 1776">
    <p class='ocr_par' dir='ltr' id='par_1_18' title="bbox 47 1700 1615 1776">
     <span class='ocr_line' id='line_1_18' title="bbox 47 1700 1615 1776; baseline -0.012 -5"><span class='ocrx_word' id='word_1_119' title='bbox 47 1706 255 1771; x_wconf 59' lang='grc' dir='ltr'>ῥέοντι,</span> <span class='ocrx_word' id='word_1_120' title='bbox 276 1706 436 1776; x_wconf 78' lang='grc' dir='ltr'>φησὶ,</span> <span class='ocrx_word' id='word_1_121' title='bbox 456 1705 542 1776; x_wconf 80' lang='grc' dir='ltr'>μὴ</span> <span class='ocrx_word' id='word_1_122' title='bbox 568 1705 680 1775; x_wconf 80' lang='grc' dir='ltr'>θῇς</span> <span class='ocrx_word' id='word_1_123' title='bbox 703 1723 779 1774; x_wconf 82' lang='grc' dir='ltr'><strong>με</strong></span> <span class='ocrx_word' id='word_1_124' title='bbox 803 1724 815 1736; x_wconf 93' lang='grc'><strong>·</strong></span> <span class='ocrx_word' id='word_1_125' title='bbox 851 1707 879 1758; x_wconf 85' lang='grc' dir='ltr'><strong>ό</strong></span> <span class='ocrx_word' id='word_1_126' title='bbox 904 1707 960 1760; x_wconf 85' lang='grc' dir='ltr'>δὲ</span> <span class='ocrx_word' id='word_1_127' title='bbox 989 1706 1298 1776; x_wconf 83' lang='grc' dir='ltr'><strong>Σύμμαχος,</strong></span> <span class='ocrx_word' id='word_1_128' title='bbox 1330 1700 1615 1756; x_wconf 81' lang='grc' dir='ltr'>ἐπονείδι-</span> 
     </span>
    </p>
   </div>
   <div class='ocr_carea' id='block_1_19' title="bbox 49 1793 1612 1868">
    <p class='ocr_par' dir='ltr' id='par_1_19' title="bbox 49 1793 1612 1868">
     <span class='ocr_line' id='line_1_19' title="bbox 49 1793 1612 1868; baseline 0.004 -19"><span class='ocrx_word' id='word_1_129' title='bbox 49 1813 189 1849; x_wconf 82' lang='grc' dir='ltr'>στον</span> <span class='ocrx_word' id='word_1_130' title='bbox 238 1796 459 1865; x_wconf 66' lang='grc' dir='ltr'>ἄφρονι</span> <span class='ocrx_word' id='word_1_131' title='bbox 502 1796 589 1866; x_wconf 82' lang='grc' dir='ltr'>μὴ</span> <span class='ocrx_word' id='word_1_132' title='bbox 637 1797 754 1865; x_wconf 77' lang='grc' dir='ltr'>δῷς</span> <span class='ocrx_word' id='word_1_133' title='bbox 794 1815 897 1867; x_wconf 82' lang='grc' dir='ltr'>με·</span> <span class='ocrx_word' id='word_1_134' title='bbox 943 1801 976 1868; x_wconf 85' lang='grc' dir='ltr'><strong>ἡ</strong></span> <span class='ocrx_word' id='word_1_135' title='bbox 1028 1798 1085 1850; x_wconf 85' lang='grc' dir='ltr'>δὲ</span> <span class='ocrx_word' id='word_1_136' title='bbox 1115 1797 1336 1866; x_wconf 85' lang='grc' dir='ltr'><strong>πέμπτη</strong></span> <span class='ocrx_word' id='word_1_137' title='bbox 1380 1793 1612 1855; x_wconf 78' lang='grc' dir='ltr'>ἔκδοσις’</span> 
     </span>
    </p>
   </div>
   <div class='ocr_carea' id='block_1_20' title="bbox 1737 608 3300 682">
    <p class='ocr_par' dir='ltr' id='par_1_20' title="bbox 1737 608 3300 682">
     <span class='ocr_line' id='line_1_20' title="bbox 1737 608 3300 682; baseline 0.004 -20"><span class='ocrx_word' id='word_1_138' title='bbox 1737 615 1819 662; x_wconf 91' lang='lat' dir='ltr'><strong>est</strong></span> <span class='ocrx_word' id='word_1_139' title='bbox 1853 609 2163 664; x_wconf 77' lang='lat' dir='ltr'><strong>substantia</strong></span> <span class='ocrx_word' id='word_1_140' title='bbox 2199 608 2414 667; x_wconf 65' lang='lat' dir='ltr'><strong>anima.</strong></span> <span class='ocrx_word' id='word_1_141' title='bbox 2469 608 2648 674; x_wconf 86' lang='lat' dir='ltr'><strong>Quare</strong></span> <span class='ocrx_word' id='word_1_142' title='bbox 2693 611 2940 678; x_wconf 84' lang='lat' dir='ltr'><strong>supplico</strong></span> <span class='ocrx_word' id='word_1_143' title='bbox 2974 626 3038 664; x_wconf 90' lang='lat' dir='ltr'><strong>ac</strong></span> <span class='ocrx_word' id='word_1_144' title='bbox 3071 627 3204 682; x_wconf 89' lang='lat' dir='ltr'><strong>rogo</strong></span> <span class='ocrx_word' id='word_1_145' title='bbox 3235 616 3300 668; x_wconf 92' lang='lat' dir='ltr'><strong>Ii-</strong></span> 
     </span>
    </p>
   </div>
   <div class='ocr_carea' id='block_1_21' title="bbox 1735 698 3300 768">
    <p class='ocr_par' dir='ltr' id='par_1_21' title="bbox 1735 698 3300 768">
     <span class='ocr_line' id='line_1_21' title="bbox 1735 698 3300 768; baseline 0.008 -20"><span class='ocrx_word' id='word_1_146' title='bbox 1735 698 1916 750; x_wconf 86' lang='lat' dir='ltr'><strong>berari</strong></span> <span class='ocrx_word' id='word_1_147' title='bbox 1949 714 2033 752; x_wconf 89' lang='lat' dir='ltr'><strong>me</strong></span> <span class='ocrx_word' id='word_1_148' title='bbox 2063 700 2131 753; x_wconf 90' lang='lat' dir='ltr'><strong>ab</strong></span> <span class='ocrx_word' id='word_1_149' title='bbox 2172 699 2321 754; x_wconf 83' lang='lat' dir='ltr'><strong>hisce</strong></span> <span class='ocrx_word' id='word_1_150' title='bbox 2351 698 2532 761; x_wconf 89' lang='lat' dir='ltr'><strong>malis,</strong></span> <span class='ocrx_word' id='word_1_151' title='bbox 2564 705 2619 753; x_wconf 90' lang='lat' dir='ltr'><strong>et</strong></span> <span class='ocrx_word' id='word_1_152' title='bbox 2654 699 2720 752; x_wconf 90' lang='lat' dir='ltr'><strong>ab</strong></span> <span class='ocrx_word' id='word_1_153' title='bbox 2748 701 3131 768; x_wconf 72' lang='lat' dir='ltr'><strong>iniquitatibus</strong></span> <span class='ocrx_word' id='word_1_154' title='bbox 3163 707 3300 760; x_wconf 88' lang='lat' dir='ltr'><strong>meis</strong></span> 
     </span>
    </p>
   </div>
   <div class='ocr_carea' id='block_1_22' title="bbox 1734 784 3295 860">
    <p class='ocr_par' dir='ltr' id='par_1_22' title="bbox 1734 784 3295 860">
     <span class='ocr_line' id='line_1_22' title="bbox 1734 784 3295 860; baseline 0.007 -22"><span class='ocrx_word' id='word_1_155' title='bbox 1734 785 1888 855; x_wconf 85' lang='lat' dir='ltr'><strong>eripi.</strong></span> <span class='ocrx_word' id='word_1_156' title='bbox 1933 784 2110 843; x_wconf 83' lang='lat' dir='ltr'><strong>Semel</strong></span> <span class='ocrx_word' id='word_1_157' title='bbox 2140 788 2283 841; x_wconf 90' lang='lat' dir='ltr'><strong>enim</strong></span> <span class='ocrx_word' id='word_1_158' title='bbox 2329 788 2674 857; x_wconf 77' lang='lat' dir='ltr'><strong>insipientem</strong></span> <span class='ocrx_word' id='word_1_159' title='bbox 2717 788 2915 845; x_wconf 79' lang='lat' dir='ltr'><strong>oil‘endi</strong></span> <span class='ocrx_word' id='word_1_160' title='bbox 2945 795 3011 846; x_wconf 90' lang='lat' dir='ltr'><strong>de</strong></span> <span class='ocrx_word' id='word_1_161' title='bbox 3053 808 3162 860; x_wconf 91' lang='lat' dir='ltr'><strong>quo</strong></span> <span class='ocrx_word' id='word_1_162' title='bbox 3202 811 3295 849; x_wconf 91' lang='lat' dir='ltr'><strong>su-</strong></span> 
     </span>
    </p>
   </div>
   <div class='ocr_carea' id='block_1_23' title="bbox 1734 876 3294 951">
    <p class='ocr_par' dir='ltr' id='par_1_23' title="bbox 1734 876 3294 951">
     <span class='ocr_line' id='line_1_23' title="bbox 1734 876 3294 951; baseline 0.006 -23"><span class='ocrx_word' id='word_1_163' title='bbox 1734 877 1916 945; x_wconf 86' lang='lat' dir='ltr'><strong>perius</strong></span> <span class='ocrx_word' id='word_1_164' title='bbox 1948 876 2192 933; x_wconf 84' lang='lat' dir='ltr'><strong>dicebam</strong></span> <span class='ocrx_word' id='word_1_165' title='bbox 2224 897 2236 934; x_wconf 91' lang='lat'><strong>:</strong></span> <span class='ocrx_word' id='word_1_166' title='bbox 2267 876 2398 934; x_wconf 88' lang='lat' dir='ltr'><strong>Cum</strong></span> <span class='ocrx_word' id='word_1_167' title='bbox 2425 881 2732 934; x_wconf 72' lang='lat' dir='ltr'><strong>consisteret</strong></span> <span class='ocrx_word' id='word_1_168' title='bbox 2755 891 2993 951; x_wconf 78' lang='lat' dir='ltr'><strong>peccator</strong></span> <span class='ocrx_word' id='word_1_169' title='bbox 3018 882 3294 938; x_wconf 84' lang='lat' dir='ltr'><strong>adversum</strong></span> 
     </span>
    </p>
   </div>
   <div class='ocr_carea' id='block_1_24' title="bbox 1733 969 3291 1035">
    <p class='ocr_par' dir='ltr' id='par_1_24' title="bbox 1733 969 3291 1035">
     <span class='ocr_line' id='line_1_24' title="bbox 1733 969 3291 1035; baseline 0.009 -17"><span class='ocrx_word' id='word_1_170' title='bbox 1733 983 1834 1030; x_wconf 85' lang='lat' dir='ltr'><strong>me,</strong></span> <span class='ocrx_word' id='word_1_171' title='bbox 1875 969 2108 1020; x_wconf 82' lang='lat' dir='ltr'><strong>obmutui</strong></span> <span class='ocrx_word' id='word_1_172' title='bbox 2151 979 2200 1022; x_wconf 89' lang='lat' dir='ltr'><strong>et</strong></span> <span class='ocrx_word' id='word_1_173' title='bbox 2232 970 2545 1025; x_wconf 74' lang='lat' dir='ltr'><strong>humiliatus</strong></span> <span class='ocrx_word' id='word_1_174' title='bbox 2591 988 2730 1035; x_wconf 85' lang='lat' dir='ltr'><strong>sum,</strong></span> <span class='ocrx_word' id='word_1_175' title='bbox 2766 983 2815 1026; x_wconf 85' lang='lat' dir='ltr'><strong>et</strong></span> <span class='ocrx_word' id='word_1_176' title='bbox 2857 975 2982 1030; x_wconf 80' lang='lat' dir='ltr'><strong>silui</strong></span> <span class='ocrx_word' id='word_1_177' title='bbox 3037 991 3066 1029; x_wconf 87' lang='lat' dir='ltr'><strong>a</strong></span> <span class='ocrx_word' id='word_1_178' title='bbox 3120 979 3291 1032; x_wconf 89' lang='lat' dir='ltr'><strong>bonis.</strong></span> 
     </span>
    </p>
   </div>
   <div class='ocr_carea' id='block_1_25' title="bbox 1735 1048 3294 1137">
    <p class='ocr_par' dir='ltr' id='par_1_25' title="bbox 1735 1048 3294 1137">
     <span class='ocr_line' id='line_1_25' title="bbox 1735 1048 3294 1137; baseline 0.008 -25"><span class='ocrx_word' id='word_1_179' title='bbox 1735 1057 2035 1116; x_wconf 81' lang='lat' dir='ltr'><strong>Confestim</strong></span> <span class='ocrx_word' id='word_1_180' title='bbox 2086 1048 2270 1130; x_wconf 81' lang='lat' dir='ltr'><strong>itaque</strong></span> <span class='ocrx_word' id='word_1_181' title='bbox 2320 1062 2650 1131; x_wconf 70' lang='lat' dir='ltr'><strong>insipientia:</strong></span> <span class='ocrx_word' id='word_1_182' title='bbox 2694 1066 2954 1130; x_wconf 88' lang='lat' dir='ltr'><strong>traditus,</strong></span> <span class='ocrx_word' id='word_1_183' title='bbox 2998 1069 3294 1137; x_wconf 88' lang='lat' dir='ltr'><strong>probrosus</strong></span> 
     </span>
    </p>
   </div>
   <div class='ocr_carea' id='block_1_26' title="bbox 1730 1152 3289 1223">
    <p class='ocr_par' dir='ltr' id='par_1_26' title="bbox 1730 1152 3289 1223">
     <span class='ocr_line' id='line_1_26' title="bbox 1730 1152 3289 1223; baseline 0.003 -17"><span class='ocrx_word' id='word_1_184' title='bbox 1730 1152 1954 1212; x_wconf 85' lang='lat' dir='ltr'><strong>ellectus</strong></span> <span class='ocrx_word' id='word_1_185' title='bbox 1989 1169 2107 1208; x_wconf 92' lang='lat' dir='ltr'><strong>sum</strong></span> <span class='ocrx_word' id='word_1_186' title='bbox 2138 1174 2150 1208; x_wconf 88' lang='lat'><strong>:</strong></span> <span class='ocrx_word' id='word_1_187' title='bbox 2191 1154 2312 1223; x_wconf 84' lang='lat' dir='ltr'><strong>jure</strong></span> <span class='ocrx_word' id='word_1_188' title='bbox 2357 1169 2485 1222; x_wconf 85' lang='lat' dir='ltr'><strong>ergo</strong></span> <span class='ocrx_word' id='word_1_189' title='bbox 2521 1164 2801 1222; x_wconf 90' lang='lat' dir='ltr'><strong>peccatum</strong></span> <span class='ocrx_word' id='word_1_190' title='bbox 2838 1166 2890 1212; x_wconf 90' lang='lat' dir='ltr'><strong>et</strong></span> <span class='ocrx_word' id='word_1_191' title='bbox 2921 1159 3289 1214; x_wconf 83' lang='lat' dir='ltr'><strong>infirmitatem</strong></span> 
     </span>
    </p>
   </div>
   <div class='ocr_carea' id='block_1_27' title="bbox 1730 1247 3288 1316">
    <p class='ocr_par' dir='ltr' id='par_1_27' title="bbox 1730 1247 3288 1316">
     <span class='ocr_line' id='line_1_27' title="bbox 1730 1247 3288 1316; baseline 0.004 -18"><span class='ocrx_word' id='word_1_192' title='bbox 1730 1261 2032 1315; x_wconf 77' lang='lat' dir='ltr'><strong>agnoscens</strong></span> <span class='ocrx_word' id='word_1_193' title='bbox 2063 1262 2258 1308; x_wconf 87' lang='lat' dir='ltr'><strong>meam,</strong></span> <span class='ocrx_word' id='word_1_194' title='bbox 2300 1247 2530 1301; x_wconf 79' lang='lat' dir='ltr'><strong>obmutui</strong></span> <span class='ocrx_word' id='word_1_195' title='bbox 2558 1259 2603 1302; x_wconf 89' lang='lat' dir='ltr'><strong>ct</strong></span> <span class='ocrx_word' id='word_1_196' title='bbox 2647 1266 2748 1301; x_wconf 88' lang='lat' dir='ltr'><strong>non</strong></span> <span class='ocrx_word' id='word_1_197' title='bbox 2783 1253 2962 1316; x_wconf 85' lang='lat' dir='ltr'><strong>aperui</strong></span> <span class='ocrx_word' id='word_1_198' title='bbox 3013 1268 3069 1304; x_wconf 91' lang='lat' dir='ltr'><strong>os</strong></span> <span class='ocrx_word' id='word_1_199' title='bbox 3101 1268 3288 1316; x_wconf 83' lang='lat' dir='ltr'><strong>meum,</strong></span> 
     </span>
    </p>
   </div>
   <div class='ocr_carea' id='block_1_28' title="bbox 1728 1339 3293 1405">
    <p class='ocr_par' dir='ltr' id='par_1_28' title="bbox 1728 1339 3293 1405">
     <span class='ocr_line' id='line_1_28' title="bbox 1728 1339 3293 1405; baseline 0.008 -17"><span class='ocrx_word' id='word_1_200' title='bbox 1728 1340 1974 1405; x_wconf 88' lang='lat' dir='ltr'><strong>quoniam</strong></span> <span class='ocrx_word' id='word_1_201' title='bbox 2009 1351 2064 1391; x_wconf 90' lang='lat' dir='ltr'><strong>tu</strong></span> <span class='ocrx_word' id='word_1_202' title='bbox 2091 1339 2279 1404; x_wconf 78' lang='lat' dir='ltr'><strong>fecisti.</strong></span> <span class='ocrx_word' id='word_1_203' title='bbox 2305 1339 2490 1394; x_wconf 90' lang='lat' dir='ltr'><strong>Timor</strong></span> <span class='ocrx_word' id='word_1_204' title='bbox 2523 1343 2668 1396; x_wconf 87' lang='lat' dir='ltr'><strong>enim</strong></span> <span class='ocrx_word' id='word_1_205' title='bbox 2699 1343 2773 1395; x_wconf 90' lang='lat' dir='ltr'><strong>tui</strong></span> <span class='ocrx_word' id='word_1_206' title='bbox 2808 1358 2892 1395; x_wconf 90' lang='lat' dir='ltr'><strong>me</strong></span> <span class='ocrx_word' id='word_1_207' title='bbox 2917 1345 3293 1400; x_wconf 85' lang='lat' dir='ltr'><strong>obmutescere</strong></span> 
     </span>
    </p>
   </div>
   <div class='ocr_carea' id='block_1_29' title="bbox 1729 1427 3292 1502">
    <p class='ocr_par' dir='ltr' id='par_1_29' title="bbox 1729 1427 3292 1502">
     <span class='ocr_line' id='line_1_29' title="bbox 1729 1427 3292 1502; baseline 0.006 -21"><span class='ocrx_word' id='word_1_208' title='bbox 1729 1427 1874 1493; x_wconf 87' lang='lat' dir='ltr'><strong>fecit,</strong></span> <span class='ocrx_word' id='word_1_209' title='bbox 1912 1445 2105 1499; x_wconf 86' lang='lat' dir='ltr'><strong>meque</strong></span> <span class='ocrx_word' id='word_1_210' title='bbox 2142 1433 2212 1484; x_wconf 92' lang='lat' dir='ltr'><strong>ob</strong></span> <span class='ocrx_word' id='word_1_211' title='bbox 2267 1442 2492 1499; x_wconf 90' lang='lat' dir='ltr'><strong>peccata</strong></span> <span class='ocrx_word' id='word_1_212' title='bbox 2542 1449 2662 1487; x_wconf 90' lang='lat' dir='ltr'><strong>mea</strong></span> <span class='ocrx_word' id='word_1_213' title='bbox 2696 1436 2945 1502; x_wconf 89' lang='lat' dir='ltr'><strong>perculit,</strong></span> <span class='ocrx_word' id='word_1_214' title='bbox 3004 1442 3057 1488; x_wconf 90' lang='lat' dir='ltr'><strong>et</strong></span> <span class='ocrx_word' id='word_1_215' title='bbox 3107 1443 3292 1490; x_wconf 87' lang='lat' dir='ltr'><strong>tacere</strong></span> 
     </span>
    </p>
   </div>
   <div class='ocr_carea' id='block_1_30' title="bbox 1713 1521 3335 1597">
    <p class='ocr_par' dir='ltr' id='par_1_30' title="bbox 1713 1521 3335 1597">
     <span class='ocr_line' id='line_1_30' title="bbox 1713 1521 3335 1597; baseline 0.006 -23"><span class='ocrx_word' id='word_1_216' title='bbox 1713 1521 1874 1582; x_wconf 68' lang='lat' dir='ltr'><strong>‘fecit,</strong></span> <span class='ocrx_word' id='word_1_217' title='bbox 1913 1529 1971 1574; x_wconf 92' lang='lat' dir='ltr'><strong>ut</strong></span> <span class='ocrx_word' id='word_1_218' title='bbox 2001 1539 2108 1575; x_wconf 92' lang='lat' dir='ltr'><strong>non</strong></span> <span class='ocrx_word' id='word_1_219' title='bbox 2141 1524 2278 1576; x_wconf 91' lang='lat' dir='ltr'><strong>ultra</strong></span> <span class='ocrx_word' id='word_1_220' title='bbox 2312 1526 2582 1592; x_wconf 80' lang='lat' dir='ltr'><strong>loquerer.</strong></span> <span class='ocrx_word' id='word_1_221' title='bbox 2611 1525 2714 1580; x_wconf 89' lang='lat' dir='ltr'><strong>Pro</strong></span> <span class='ocrx_word' id='word_1_222' title='bbox 2745 1527 2836 1579; x_wconf 92' lang='lat' dir='ltr'><strong>illo</strong></span> <span class='ocrx_word' id='word_1_223' title='bbox 2866 1535 3069 1588; x_wconf 88' lang='lat' dir='ltr'><strong>autem,</strong></span> <span class='ocrx_word' id='word_1_224' title='bbox 3099 1542 3289 1597; x_wconf 87' lang='lat' dir='ltr'><strong>oppro-</strong></span> <span class='ocrx_word' id='word_1_225' title='bbox 3333 1551 3335 1553; x_wconf 93' lang='grc'>·</span> 
     </span>
    </p>
   </div>
   <div class='ocr_carea' id='block_1_31' title="bbox 1727 1615 3289 1686">
    <p class='ocr_par' dir='ltr' id='par_1_31' title="bbox 1727 1615 3289 1686">
     <span class='ocr_line' id='line_1_31' title="bbox 1727 1615 3289 1686; baseline 0.006 -21"><span class='ocrx_word' id='word_1_226' title='bbox 1727 1615 1896 1666; x_wconf 84' lang='lat' dir='ltr'><strong>brium</strong></span> <span class='ocrx_word' id='word_1_227' title='bbox 1931 1615 2198 1682; x_wconf 73' lang='lat' dir='ltr'><strong>insipienti</strong></span> <span class='ocrx_word' id='word_1_228' title='bbox 2225 1615 2417 1668; x_wconf 86' lang='lat' dir='ltr'><strong>dedisti</strong></span> <span class='ocrx_word' id='word_1_229' title='bbox 2441 1633 2550 1680; x_wconf 85' lang='lat' dir='ltr'><strong>me;</strong></span> <span class='ocrx_word' id='word_1_230' title='bbox 2582 1617 2799 1686; x_wconf 84' lang='lat' dir='ltr'><strong>Aquila,</strong></span> <span class='ocrx_word' id='word_1_231' title='bbox 2832 1621 3168 1686; x_wconf 69' lang='lat' dir='ltr'><strong>opprobrium</strong></span> <span class='ocrx_word' id='word_1_232' title='bbox 3195 1621 3289 1675; x_wconf 80' lang='lat' dir='ltr'><strong>de-</strong></span> 
     </span>
    </p>
   </div>
   <div class='ocr_carea' id='block_1_32' title="bbox 1725 1703 3260 1779">
    <p class='ocr_par' dir='ltr' id='par_1_32' title="bbox 1725 1703 3260 1779">
     <span class='ocr_line' id='line_1_32' title="bbox 1725 1703 3260 1779; baseline 0.007 -24"><span class='ocrx_word' id='word_1_233' title='bbox 1725 1703 1908 1770; x_wconf 78' lang='lat' dir='ltr'><strong>ﬂuenti</strong></span> <span class='ocrx_word' id='word_1_234' title='bbox 1941 1720 2003 1757; x_wconf 88' lang='lat' dir='ltr'><strong>ne</strong></span> <span class='ocrx_word' id='word_1_235' title='bbox 2033 1719 2194 1771; x_wconf 84' lang='lat' dir='ltr'><strong>ponas</strong></span> <span class='ocrx_word' id='word_1_236' title='bbox 2249 1721 2363 1768; x_wconf 87' lang='lat' dir='ltr'><strong>me;</strong></span> <span class='ocrx_word' id='word_1_237' title='bbox 2403 1703 2764 1777; x_wconf 87' lang='lat' dir='ltr'><strong>Symmachus</strong></span> <span class='ocrx_word' id='word_1_238' title='bbox 2799 1724 2947 1772; x_wconf 85' lang='lat' dir='ltr'><strong>vero,</strong></span> <span class='ocrx_word' id='word_1_239' title='bbox 2997 1714 3260 1779; x_wconf 72' lang='lat' dir='ltr'><strong>exprobrs</strong></span> 
     </span>
    </p>
   </div>
   <div class='ocr_carea' id='block_1_33' title="bbox 1725 1795 3286 1870">
    <p class='ocr_par' dir='ltr' id='par_1_33' title="bbox 1725 1795 3286 1870">
     <span class='ocr_line' id='line_1_33' title="bbox 1725 1795 3286 1870; baseline 0.007 -24"><span class='ocrx_word' id='word_1_240' title='bbox 1725 1795 1878 1867; x_wconf 82' lang='lat' dir='ltr'><strong>bilem</strong></span> <span class='ocrx_word' id='word_1_241' title='bbox 1902 1796 2168 1864; x_wconf 77' lang='lat' dir='ltr'><strong>insipienti</strong></span> <span class='ocrx_word' id='word_1_242' title='bbox 2202 1814 2262 1852; x_wconf 88' lang='lat' dir='ltr'><strong>ne</strong></span> <span class='ocrx_word' id='word_1_243' title='bbox 2307 1814 2472 1866; x_wconf 89' lang='lat' dir='ltr'><strong>ponas</strong></span> <span class='ocrx_word' id='word_1_244' title='bbox 2514 1815 2627 1861; x_wconf 87' lang='lat' dir='ltr'><strong>me;</strong></span> <span class='ocrx_word' id='word_1_245' title='bbox 2657 1799 2857 1866; x_wconf 85' lang='lat' dir='ltr'><strong>quinta</strong></span> <span class='ocrx_word' id='word_1_246' title='bbox 2875 1800 3062 1863; x_wconf 88' lang='lat' dir='ltr'><strong>editio,</strong></span> <span class='ocrx_word' id='word_1_247' title='bbox 3097 1817 3286 1870; x_wconf 85' lang='lat' dir='ltr'><strong>oppro-</strong></span> 
     </span>
    </p>
   </div>
   <div class='ocr_carea' id='block_1_34' title="bbox 49 1880 1607 1961">
    <p class='ocr_par' dir='ltr' id='par_1_34' title="bbox 49 1886 1607 1959">
     <span class='ocr_line' id='line_1_34' title="bbox 49 1886 1607 1959; baseline -0.003 -19"><span class='ocrx_word' id='word_1_248' title='bbox 49 1886 267 1953; x_wconf 75' lang='grc' dir='ltr'>ὄνειδος</span> <span class='ocrx_word' id='word_1_249' title='bbox 297 1887 516 1956; x_wconf 73' lang='grc' dir='ltr'>ἄφρονι</span> <span class='ocrx_word' id='word_1_250' title='bbox 555 1888 641 1956; x_wconf 82' lang='grc' dir='ltr'><strong>μὴ</strong></span> <span class='ocrx_word' id='word_1_251' title='bbox 683 1887 800 1954; x_wconf 83' lang='grc' dir='ltr'>δῷς</span> <span class='ocrx_word' id='word_1_252' title='bbox 840 1890 1118 1959; x_wconf 81' lang='grc' dir='ltr'>με.“’οπερ</span> <span class='ocrx_word' id='word_1_253' title='bbox 1146 1886 1486 1958; x_wconf 82' lang='grc' dir='ltr'>παράκλησιν</span> <span class='ocrx_word' id='word_1_254' title='bbox 1517 1886 1607 1953; x_wconf 71' lang='grc' dir='ltr'>εμ-</span> 
     </span>
    </p>
   </div>
   <div class='ocr_carea' id='block_1_35' title="bbox 1711 1880 3288 1961">
    <p class='ocr_par' dir='ltr' id='par_1_35' title="bbox 1722 1885 3288 1961">
     <span class='ocr_line' id='line_1_35' title="bbox 1722 1885 3288 1961; baseline 0.004 -23"><span class='ocrx_word' id='word_1_255' title='bbox 1722 1885 1885 1939; x_wconf 88' lang='lat' dir='ltr'><strong>brium</strong></span> <span class='ocrx_word' id='word_1_256' title='bbox 1913 1888 2172 1956; x_wconf 78' lang='lat' dir='ltr'><strong>insipienti</strong></span> <span class='ocrx_word' id='word_1_257' title='bbox 2200 1906 2261 1942; x_wconf 90' lang='lat' dir='ltr'><strong>ne</strong></span> <span class='ocrx_word' id='word_1_258' title='bbox 2282 1889 2484 1944; x_wconf 86' lang='lat' dir='ltr'><strong>dederis</strong></span> <span class='ocrx_word' id='word_1_259' title='bbox 2520 1906 2619 1943; x_wconf 89' lang='lat' dir='ltr'><strong>me.</strong></span> <span class='ocrx_word' id='word_1_260' title='bbox 2647 1889 2799 1954; x_wconf 89' lang='lat' dir='ltr'><strong>Quod</strong></span> <span class='ocrx_word' id='word_1_261' title='bbox 2827 1889 2943 1960; x_wconf 85' lang='lat' dir='ltr'><strong>ejus</strong></span> <span class='ocrx_word' id='word_1_262' title='bbox 2970 1893 3061 1960; x_wconf 85' lang='lat' dir='ltr'><strong>qui</strong></span> <span class='ocrx_word' id='word_1_263' title='bbox 3091 1907 3288 1961; x_wconf 80' lang='lat' dir='ltr'><strong>pecca-</strong></span> 
     </span>
    </p>
   </div>
   <div class='ocr_carea' id='block_1_36' title="bbox 47 1976 1613 2051">
    <p class='ocr_par' dir='ltr' id='par_1_36' title="bbox 47 1976 1613 2051">
     <span class='ocr_line' id='line_1_36' title="bbox 47 1976 1613 2051; baseline -0.003 -19"><span class='ocrx_word' id='word_1_264' title='bbox 47 1978 214 2048; x_wconf 66' lang='grc' dir='ltr'>φαίνει</span> <span class='ocrx_word' id='word_1_265' title='bbox 237 1978 334 2032; x_wconf 82' lang='grc' dir='ltr'>τοῦ</span> <span class='ocrx_word' id='word_1_266' title='bbox 362 1980 764 2051; x_wconf 79' lang='grc' dir='ltr'>ἡμαρτηκότος,</span> <span class='ocrx_word' id='word_1_267' title='bbox 791 1979 1122 2042; x_wconf 76' lang='grc' dir='ltr'>ἱκετεύοντος</span> <span class='ocrx_word' id='word_1_268' title='bbox 1151 1978 1223 2049; x_wconf 82' lang='grc' dir='ltr'>μὴ</span> <span class='ocrx_word' id='word_1_269' title='bbox 1253 1976 1613 2048; x_wconf 83' lang='grc' dir='ltr'>παραδοθῆναι</span> 
     </span>
    </p>
   </div>
   <div class='ocr_carea' id='block_1_37' title="bbox 47 2067 1614 2146">
    <p class='ocr_par' dir='ltr' id='par_1_37' title="bbox 47 2067 1614 2146">
     <span class='ocr_line' id='line_1_37' title="bbox 47 2067 1614 2146; baseline -0.005 -20"><span class='ocrx_word' id='word_1_270' title='bbox 47 2079 118 2136; x_wconf 85' lang='grc' dir='ltr'><strong>είς</strong></span> <span class='ocrx_word' id='word_1_271' title='bbox 159 2075 468 2146; x_wconf 84' lang='grc' dir='ltr'>ὀνειδισμὸν</span> <span class='ocrx_word' id='word_1_272' title='bbox 495 2074 708 2146; x_wconf 74' lang='grc' dir='ltr'>ἄφρονι.</span> <span class='ocrx_word' id='word_1_273' title='bbox 741 2074 804 2126; x_wconf 77' lang='lat' dir='ltr'><strong>Et</strong></span> <span class='ocrx_word' id='word_1_274' title='bbox 832 2073 873 2125; x_wconf 82' lang='grc' dir='ltr'>δ’</span> <span class='ocrx_word' id='word_1_275' title='bbox 905 2071 1065 2134; x_wconf 78' lang='grc' dir='ltr'>αὐτὸς</span> <span class='ocrx_word' id='word_1_276' title='bbox 1094 2072 1121 2123; x_wconf 82' lang='grc' dir='ltr'><strong>ὁ</strong></span> <span class='ocrx_word' id='word_1_277' title='bbox 1159 2068 1359 2139; x_wconf 82' lang='grc' dir='ltr'>Κύριος</span> <span class='ocrx_word' id='word_1_278' title='bbox 1389 2067 1614 2139; x_wconf 88' lang='grc' dir='ltr'>παραδί-</span> 
     </span>
    </p>
   </div>
   <div class='ocr_carea' id='block_1_38' title="bbox 42 2156 1613 2234">
    <p class='ocr_par' dir='ltr' id='par_1_38' title="bbox 42 2156 1613 2234">
     <span class='ocr_line' id='line_1_38' title="bbox 42 2156 1613 2234; baseline -0.006 -18"><span class='ocrx_word' id='word_1_279' title='bbox 42 2163 193 2215; x_wconf 75' lang='grc' dir='ltr'>δωσιν</span> <span class='ocrx_word' id='word_1_280' title='bbox 225 2163 429 2234; x_wconf 73' lang='grc' dir='ltr'>ἄφρονι</span> <span class='ocrx_word' id='word_1_281' title='bbox 451 2163 542 2215; x_wconf 74' lang='grc' dir='ltr'><strong>τὸν</strong></span> <span class='ocrx_word' id='word_1_282' title='bbox 570 2160 940 2232; x_wconf 79' lang='grc' dir='ltr'>ἡμαρτηκότα,</span> <span class='ocrx_word' id='word_1_283' title='bbox 975 2157 1324 2222; x_wconf 78' lang='grc' dir='ltr'>ὀνειδίζεσθαι</span> <span class='ocrx_word' id='word_1_284' title='bbox 1354 2156 1488 2227; x_wconf 77' lang='grc' dir='ltr'>πρὸς</span> <span class='ocrx_word' id='word_1_285' title='bbox 1519 2157 1613 2208; x_wconf 86' lang='grc' dir='ltr'>αύ-</span> 
     </span>
    </p>
   </div>
   <div class='ocr_carea' id='block_1_39' title="bbox 45 2245 1608 2320">
    <p class='ocr_par' dir='ltr' id='par_1_39' title="bbox 45 2245 1608 2320">
     <span class='ocr_line' id='line_1_39' title="bbox 45 2245 1608 2320; baseline -0.004 -16"><span class='ocrx_word' id='word_1_286' title='bbox 45 2252 149 2316; x_wconf 79' lang='grc' dir='ltr'>τοῠ,</span> <span class='ocrx_word' id='word_1_287' title='bbox 180 2255 274 2307; x_wconf 73' lang='grc' dir='ltr'>καὶ</span> <span class='ocrx_word' id='word_1_288' title='bbox 318 2253 478 2308; x_wconf 82' lang='grc' dir='ltr'>τοῦτο</span> <span class='ocrx_word' id='word_1_289' title='bbox 524 2252 588 2306; x_wconf 79' lang='grc' dir='ltr'><strong>ἂν</strong></span> <span class='ocrx_word' id='word_1_290' title='bbox 631 2253 804 2314; x_wconf 71' lang='grc' dir='ltr'>εἴποις</span> <span class='ocrx_word' id='word_1_291' title='bbox 849 2252 933 2303; x_wconf 75' lang='grc' dir='ltr'><strong>ἐπ’</strong></span> <span class='ocrx_word' id='word_1_292' title='bbox 960 2249 1195 2320; x_wconf 74' lang='grc' dir='ltr'>ὠφελείᾳ</span> <span class='ocrx_word' id='word_1_293' title='bbox 1242 2249 1482 2318; x_wconf 86' lang='grc' dir='ltr'>γίνεσθαι</span> <span class='ocrx_word' id='word_1_294' title='bbox 1517 2245 1608 2303; x_wconf 82' lang='grc' dir='ltr'>τοῦ</span> 
     </span>
    </p>
   </div>
   <div class='ocr_carea' id='block_1_40' title="bbox 45 2324 1614 2416">
    <p class='ocr_par' dir='ltr' id='par_1_40' title="bbox 45 2324 1614 2416">
     <span class='ocr_line' id='line_1_40' title="bbox 45 2324 1614 2416; baseline -0.005 -20"><span class='ocrx_word' id='word_1_295' title='bbox 45 2343 459 2416; x_wconf 74' lang='grc' dir='ltr'>ὁνειδιζομένου,</span> <span class='ocrx_word' id='word_1_296' title='bbox 494 2345 570 2405; x_wconf 87' lang='grc' dir='ltr'>ὡς</span> <span class='ocrx_word' id='word_1_297' title='bbox 597 2343 684 2404; x_wconf 83' lang='grc' dir='ltr'><strong>ἂν,</strong></span> <span class='ocrx_word' id='word_1_298' title='bbox 716 2324 1065 2411; x_wconf 61' lang='grc' dir='ltr'>κακούμενος,</span> <span class='ocrx_word' id='word_1_299' title='bbox 1092 2338 1311 2410; x_wconf 77' lang='grc' dir='ltr'>μείζονα</span> <span class='ocrx_word' id='word_1_300' title='bbox 1341 2340 1614 2407; x_wconf 81' lang='grc' dir='ltr'>ποιήσοιτο</span> 
     </span>
    </p>
   </div>
   <div class='ocr_carea' id='block_1_41' title="bbox 46 2429 1610 2506">
    <p class='ocr_par' dir='ltr' id='par_1_41' title="bbox 46 2429 1610 2506">
     <span class='ocr_line' id='line_1_41' title="bbox 46 2429 1610 2506; baseline -0.006 -17"><span class='ocrx_word' id='word_1_301' title='bbox 46 2439 134 2506; x_wconf 80' lang='grc' dir='ltr'><strong>τὴν</strong></span> <span class='ocrx_word' id='word_1_302' title='bbox 159 2438 254 2491; x_wconf 71' lang='grc' dir='ltr'><strong>ἐπὶ</strong></span> <span class='ocrx_word' id='word_1_303' title='bbox 283 2439 402 2500; x_wconf 84' lang='grc' dir='ltr'>τοῖς</span> <span class='ocrx_word' id='word_1_304' title='bbox 429 2431 833 2505; x_wconf 75' lang='grc' dir='ltr'>ἡμαρτημένοις</span> <span class='ocrx_word' id='word_1_305' title='bbox 858 2431 1237 2503; x_wconf 76' lang='grc' dir='ltr'>ἐξομολόγησιν</span> <span class='ocrx_word' id='word_1_306' title='bbox 1254 2449 1267 2460; x_wconf 89' lang='grc'><strong>·</strong></span> <span class='ocrx_word' id='word_1_307' title='bbox 1300 2432 1436 2501; x_wconf 79' lang='grc' dir='ltr'>ὅπερ</span> <span class='ocrx_word' id='word_1_308' title='bbox 1460 2429 1610 2498; x_wconf 67' lang='grc' dir='ltr'>ἠξίου</span> 
     </span>
    </p>
   </div>
   <div class='ocr_carea' id='block_1_42' title="bbox 50 2521 1612 2602">
    <p class='ocr_par' dir='ltr' id='par_1_42' title="bbox 50 2521 1612 2602">
     <span class='ocr_line' id='line_1_42' title="bbox 50 2521 1612 2602; baseline -0.007 -19"><span class='ocrx_word' id='word_1_309' title='bbox 50 2531 116 2602; x_wconf 73' lang='grc' dir='ltr'>μὴ</span> <span class='ocrx_word' id='word_1_310' title='bbox 156 2530 350 2582; x_wconf 82' lang='grc' dir='ltr'>παθεῖν</span> <span class='ocrx_word' id='word_1_311' title='bbox 402 2531 429 2582; x_wconf 84' lang='grc' dir='ltr'>ὁ</span> <span class='ocrx_word' id='word_1_312' title='bbox 479 2525 658 2590; x_wconf 80' lang='grc' dir='ltr'>Δαυῖδ,</span> <span class='ocrx_word' id='word_1_313' title='bbox 688 2527 763 2589; x_wconf 88' lang='grc' dir='ltr'>ὡς</span> <span class='ocrx_word' id='word_1_314' title='bbox 794 2526 970 2580; x_wconf 77' lang='grc' dir='ltr'>πάντα</span> <span class='ocrx_word' id='word_1_315' title='bbox 1015 2526 1266 2597; x_wconf 78' lang='grc' dir='ltr'>πράττων</span> <span class='ocrx_word' id='word_1_316' title='bbox 1299 2523 1366 2579; x_wconf 81' lang='grc' dir='ltr'>τὰ</span> <span class='ocrx_word' id='word_1_317' title='bbox 1392 2521 1469 2591; x_wconf 87' lang='grc' dir='ltr'>τῷ</span> <span class='ocrx_word' id='word_1_318' title='bbox 1495 2521 1612 2590; x_wconf 85' lang='grc' dir='ltr'><strong>Θεῷ</strong></span> 
     </span>
    </p>
   </div>
   <div class='ocr_carea' id='block_1_43' title="bbox 46 2611 1612 2690">
    <p class='ocr_par' dir='ltr' id='par_1_43' title="bbox 46 2611 1612 2690">
     <span class='ocr_line' id='line_1_43' title="bbox 46 2611 1612 2690; baseline -0.006 -18"><span class='ocrx_word' id='word_1_319' title='bbox 46 2621 238 2690; x_wconf 79' lang='grc' dir='ltr'>ἀρεστὰ</span> <span class='ocrx_word' id='word_1_320' title='bbox 263 2620 324 2684; x_wconf 74' lang='grc' dir='ltr'><strong>ἐξ</strong></span> <span class='ocrx_word' id='word_1_321' title='bbox 358 2617 573 2672; x_wconf 81' lang='grc' dir='ltr'>ἑαυτοῦ.</span> <span class='ocrx_word' id='word_1_322' title='bbox 591 2618 958 2683; x_wconf 83' lang='grc' dir='ltr'>Ἀπόστησον</span> <span class='ocrx_word' id='word_1_323' title='bbox 979 2617 1080 2671; x_wconf 80' lang='grc' dir='ltr'><strong>ἀπ’</strong></span> <span class='ocrx_word' id='word_1_324' title='bbox 1101 2615 1246 2683; x_wconf 80' lang='grc' dir='ltr'>ἐμοῦ</span> <span class='ocrx_word' id='word_1_325' title='bbox 1277 2613 1382 2679; x_wconf 80' lang='grc' dir='ltr'>τὰς</span> <span class='ocrx_word' id='word_1_326' title='bbox 1403 2611 1612 2680; x_wconf 82' lang='grc' dir='ltr'>μάστι-</span> 
     </span>
    </p>
   </div>
   <div class='ocr_carea' id='block_1_44' title="bbox 43 2700 1610 2782">
    <p class='ocr_par' dir='ltr' id='par_1_44' title="bbox 43 2700 1610 2782">
     <span class='ocr_line' id='line_1_44' title="bbox 43 2700 1610 2782; baseline -0.011 -10"><span class='ocrx_word' id='word_1_327' title='bbox 43 2715 141 2782; x_wconf 64' lang='grc' dir='ltr'><strong>τῑὶζ·</strong></span> <span class='ocrx_word' id='word_1_328' title='bbox 171 2717 318 2765; x_wconf 62' lang='lat' dir='ltr'><strong>dav“</strong></span> <span class='ocrx_word' id='word_1_329' title='bbox 352 2710 474 2766; x_wconf 75' lang='grc' dir='ltr'><strong>ἀπὸ</strong></span> <span class='ocrx_word' id='word_1_330' title='bbox 500 2707 608 2778; x_wconf 72' lang='grc' dir='ltr'>γὰρ</span> <span class='ocrx_word' id='word_1_331' title='bbox 632 2707 743 2776; x_wconf 84' lang='grc' dir='ltr'>τῆς</span> <span class='ocrx_word' id='word_1_332' title='bbox 768 2704 964 2776; x_wconf 83' lang='grc' dir='ltr'>χειρὸς</span> <span class='ocrx_word' id='word_1_333' title='bbox 986 2705 1095 2773; x_wconf 82' lang='grc' dir='ltr'>τῆς</span> <span class='ocrx_word' id='word_1_334' title='bbox 1117 2707 1330 2774; x_wconf 82' lang='grc' dir='ltr'>ισχύος</span> <span class='ocrx_word' id='word_1_335' title='bbox 1361 2720 1475 2758; x_wconf 83' lang='grc' dir='ltr'><strong>σου</strong></span> <span class='ocrx_word' id='word_1_336' title='bbox 1497 2700 1610 2771; x_wconf 70' lang='grc' dir='ltr'><strong>ἐγὼ</strong></span> 
     </span>
    </p>
   </div>
   <div class='ocr_carea' id='block_1_45' title="bbox 43 2794 1610 2871">
    <p class='ocr_par' dir='ltr' id='par_1_45' title="bbox 43 2794 1610 2871">
     <span class='ocr_line' id='line_1_45' title="bbox 43 2794 1610 2871; baseline -0.007 -14"><span class='ocrx_word' id='word_1_337' title='bbox 43 2803 316 2868; x_wconf 77' lang='grc' dir='ltr'>ἐξέλιπον</span> <span class='ocrx_word' id='word_1_338' title='bbox 337 2820 351 2833; x_wconf 80' lang='grc'><strong>’</strong></span> <span class='ocrx_word' id='word_1_339' title='bbox 399 2803 468 2855; x_wconf 82' lang='grc' dir='ltr'>ἐν</span> <span class='ocrx_word' id='word_1_340' title='bbox 499 2800 770 2871; x_wconf 64' lang='grc' dir='ltr'>ελεγ-μοῖς</span> <span class='ocrx_word' id='word_1_341' title='bbox 792 2798 942 2866; x_wconf 81' lang='grc' dir='ltr'>ὑπὲρ</span> <span class='ocrx_word' id='word_1_342' title='bbox 964 2798 1213 2866; x_wconf 82' lang='grc' dir='ltr'>ἀνομίας</span> <span class='ocrx_word' id='word_1_343' title='bbox 1247 2794 1610 2858; x_wconf 79' lang='grc' dir='ltr'>ἐπαίδευσας</span> 
     </span>
    </p>
   </div>
   <div class='ocr_carea' id='block_1_46' title="bbox 44 2885 1609 2962">
    <p class='ocr_par' dir='ltr' id='par_1_46' title="bbox 44 2885 1609 2962">
     <span class='ocr_line' id='line_1_46' title="bbox 44 2885 1609 2962; baseline 0.004 -16"><span class='ocrx_word' id='word_1_344' title='bbox 44 2895 367 2962; x_wconf 74' lang='grc' dir='ltr'>ἄνθρωπον.</span> <span class='ocrx_word' id='word_1_345' title='bbox 400 2893 498 2947; x_wconf 77' lang='grc' dir='ltr'>καὶ</span> <span class='ocrx_word' id='word_1_346' title='bbox 534 2891 819 2959; x_wconf 79' lang='grc' dir='ltr'><strong>ἐξέτηξας</strong></span> <span class='ocrx_word' id='word_1_347' title='bbox 847 2890 926 2954; x_wconf 82' lang='grc' dir='ltr'><strong>ὡς</strong></span> <span class='ocrx_word' id='word_1_348' title='bbox 962 2887 1232 2956; x_wconf 78' lang='grc' dir='ltr'><strong>ἀράχνην</strong></span> <span class='ocrx_word' id='word_1_349' title='bbox 1258 2885 1371 2954; x_wconf 77' lang='grc' dir='ltr'>τὴν</span> <span class='ocrx_word' id='word_1_350' title='bbox 1400 2885 1609 2954; x_wconf 69' lang='grc' dir='ltr'><strong>Ψυχὴν</strong></span> 
     </span>
    </p>
   </div>
   <div class='ocr_carea' id='block_1_47' title="bbox 42 2980 1496 3055">
    <p class='ocr_par' dir='ltr' id='par_1_47' title="bbox 42 2980 1496 3055">
     <span class='ocr_line' id='line_1_47' title="bbox 42 2980 1496 3055; baseline -0.007 -16"><span class='ocrx_word' id='word_1_351' title='bbox 42 2987 236 3050; x_wconf 78' lang='grc' dir='ltr'>αὐτοῦ,</span> <span class='ocrx_word' id='word_1_352' title='bbox 261 2987 436 3055; x_wconf 66' lang='grc' dir='ltr'>πλὴν</span> <span class='ocrx_word' id='word_1_353' title='bbox 451 2985 651 3054; x_wconf 79' lang='grc' dir='ltr'>μάτην</span> <span class='ocrx_word' id='word_1_354' title='bbox 677 2983 793 3049; x_wconf 82' lang='grc' dir='ltr'>πᾶς</span> <span class='ocrx_word' id='word_1_355' title='bbox 817 2983 1144 3049; x_wconf 75' lang='grc' dir='ltr'>ἄνθρωπος·</span> <span class='ocrx_word' id='word_1_356' title='bbox 1170 2980 1496 3048; x_wconf 56' lang='lat' dir='ltr'><strong>(inid-alga.</strong></span> 
     </span>
    </p>
   </div>
   <div class='ocr_carea' id='block_1_48' title="bbox 115 3090 1606 3170">
    <p class='ocr_par' dir='ltr' id='par_1_48' title="bbox 115 3090 1606 3170">
     <span class='ocr_line' id='line_1_48' title="bbox 115 3090 1606 3170; baseline -0.007 -17"><span class='ocrx_word' id='word_1_357' title='bbox 115 3100 200 3153; x_wconf 80' lang='grc' dir='ltr'>Ἐν</span> <span class='ocrx_word' id='word_1_358' title='bbox 255 3100 358 3170; x_wconf 80' lang='grc' dir='ltr'>μὲν</span> <span class='ocrx_word' id='word_1_359' title='bbox 399 3098 481 3169; x_wconf 82' lang='grc' dir='ltr'>τῷ</span> <span class='ocrx_word' id='word_1_360' title='bbox 531 3100 636 3167; x_wconf 75' lang='grc' dir='ltr'>πρὸ</span> <span class='ocrx_word' id='word_1_361' title='bbox 686 3097 872 3151; x_wconf 85' lang='grc' dir='ltr'>τούτου</span> <span class='ocrx_word' id='word_1_362' title='bbox 903 3093 1102 3166; x_wconf 79' lang='grc' dir='ltr'>ψαλμῷ</span> <span class='ocrx_word' id='word_1_363' title='bbox 1133 3095 1388 3166; x_wconf 84' lang='grc' dir='ltr'>παρεῖχεν</span> <span class='ocrx_word' id='word_1_364' title='bbox 1420 3090 1606 3143; x_wconf 77' lang='grc' dir='ltr'>ἑαυτὸν</span> 
     </span>
    </p>
   </div>
   <div class='ocr_carea' id='block_1_49' title="bbox 1716 1979 3282 2055">
    <p class='ocr_par' dir='ltr' id='par_1_49' title="bbox 1716 1979 3282 2055">
     <span class='ocr_line' id='line_1_49' title="bbox 1716 1979 3282 2055; baseline 0.004 -23"><span class='ocrx_word' id='word_1_365' title='bbox 1716 1980 1793 2032; x_wconf 86' lang='lat' dir='ltr'><strong>vit</strong></span> <span class='ocrx_word' id='word_1_366' title='bbox 1841 1979 2273 2048; x_wconf 88' lang='lat' dir='ltr'><strong>deprecationem</strong></span> <span class='ocrx_word' id='word_1_367' title='bbox 2316 1982 2553 2042; x_wconf 80' lang='lat' dir='ltr'><strong>exhibet,</strong></span> <span class='ocrx_word' id='word_1_368' title='bbox 2605 1982 2848 2050; x_wconf 81' lang='lat' dir='ltr'><strong>rogantis</strong></span> <span class='ocrx_word' id='word_1_369' title='bbox 2883 1999 2951 2038; x_wconf 91' lang='lat' dir='ltr'><strong>ne</strong></span> <span class='ocrx_word' id='word_1_370' title='bbox 2987 1985 3038 2037; x_wconf 94' lang='lat' dir='ltr'><strong>in</strong></span> <span class='ocrx_word' id='word_1_371' title='bbox 3086 2001 3282 2055; x_wconf 86' lang='lat' dir='ltr'><strong>oppro-</strong></span> 
     </span>
    </p>
   </div>
   <div class='ocr_carea' id='block_1_50' title="bbox 1715 2069 3279 2141">
    <p class='ocr_par' dir='ltr' id='par_1_50' title="bbox 1715 2069 3279 2141">
     <span class='ocr_line' id='line_1_50' title="bbox 1715 2069 3279 2141; baseline 0.004 -18"><span class='ocrx_word' id='word_1_372' title='bbox 1715 2069 1891 2123; x_wconf 86' lang='lat' dir='ltr'><strong>brium</strong></span> <span class='ocrx_word' id='word_1_373' title='bbox 1921 2070 2193 2137; x_wconf 88' lang='lat' dir='ltr'><strong>insipienti</strong></span> <span class='ocrx_word' id='word_1_374' title='bbox 2221 2070 2484 2122; x_wconf 89' lang='lat' dir='ltr'><strong>tradatur.</strong></span> <span class='ocrx_word' id='word_1_375' title='bbox 2519 2071 2673 2136; x_wconf 85' lang='lat' dir='ltr'><strong>Quod</strong></span> <span class='ocrx_word' id='word_1_376' title='bbox 2705 2073 2749 2126; x_wconf 92' lang='lat' dir='ltr'><strong>si</strong></span> <span class='ocrx_word' id='word_1_377' title='bbox 2779 2073 2998 2141; x_wconf 89' lang='lat' dir='ltr'><strong>quando</strong></span> <span class='ocrx_word' id='word_1_378' title='bbox 3021 2074 3279 2130; x_wconf 84' lang='lat' dir='ltr'><strong>Dominus</strong></span> 
     </span>
    </p>
   </div>
   <div class='ocr_carea' id='block_1_51' title="bbox 1714 2161 3276 2233">
    <p class='ocr_par' dir='ltr' id='par_1_51' title="bbox 1714 2161 3276 2233">
     <span class='ocr_line' id='line_1_51' title="bbox 1714 2161 3276 2233; baseline 0.006 -20"><span class='ocrx_word' id='word_1_379' title='bbox 1714 2171 2021 2231; x_wconf 82' lang='lat' dir='ltr'><strong>peccantem</strong></span> <span class='ocrx_word' id='word_1_380' title='bbox 2072 2161 2354 2228; x_wconf 89' lang='lat' dir='ltr'><strong>insipienti</strong></span> <span class='ocrx_word' id='word_1_381' title='bbox 2384 2162 2581 2227; x_wconf 87' lang='lat' dir='ltr'><strong>tradat,</strong></span> <span class='ocrx_word' id='word_1_382' title='bbox 2621 2172 2680 2216; x_wconf 94' lang='lat' dir='ltr'><strong>ut</strong></span> <span class='ocrx_word' id='word_1_383' title='bbox 2730 2165 3041 2233; x_wconf 89' lang='lat' dir='ltr'><strong>opprobriis</strong></span> <span class='ocrx_word' id='word_1_384' title='bbox 3089 2169 3172 2220; x_wconf 64' lang='lat' dir='ltr'><strong>ab.</strong></span> <span class='ocrx_word' id='word_1_385' title='bbox 3205 2183 3276 2222; x_wconf 91' lang='lat' dir='ltr'><strong>eo</strong></span> 
     </span>
    </p>
   </div>
   <div class='ocr_carea' id='block_1_52' title="bbox 1713 2250 3280 2324">
    <p class='ocr_par' dir='ltr' id='par_1_52' title="bbox 1713 2250 3280 2324">
     <span class='ocr_line' id='line_1_52' title="bbox 1713 2250 3280 2324; baseline 0.007 -21"><span class='ocrx_word' id='word_1_386' title='bbox 1713 2251 2007 2303; x_wconf 76' lang='lat' dir='ltr'><strong>afﬁciatur:</strong></span> <span class='ocrx_word' id='word_1_387' title='bbox 2042 2250 2275 2319; x_wconf 81' lang='lat' dir='ltr'><strong>idipsum</strong></span> <span class='ocrx_word' id='word_1_388' title='bbox 2301 2250 2355 2302; x_wconf 92' lang='lat' dir='ltr'><strong>in</strong></span> <span class='ocrx_word' id='word_1_389' title='bbox 2385 2252 2670 2306; x_wconf 84' lang='lat' dir='ltr'><strong>utilitatem</strong></span> <span class='ocrx_word' id='word_1_390' title='bbox 2700 2253 2819 2322; x_wconf 84' lang='lat' dir='ltr'><strong>ejus</strong></span> <span class='ocrx_word' id='word_1_391' title='bbox 2842 2255 2934 2323; x_wconf 90' lang='lat' dir='ltr'><strong>qui</strong></span> <span class='ocrx_word' id='word_1_392' title='bbox 2965 2257 3280 2324; x_wconf 84' lang='lat' dir='ltr'><strong>opprobriis</strong></span> 
     </span>
    </p>
   </div>
   <div class='ocr_carea' id='block_1_53' title="bbox 1713 2344 3280 2412">
    <p class='ocr_par' dir='ltr' id='par_1_53' title="bbox 1713 2344 3280 2412">
     <span class='ocr_line' id='line_1_53' title="bbox 1713 2344 3280 2412; baseline 0.005 -17"><span class='ocrx_word' id='word_1_393' title='bbox 1713 2350 1972 2395; x_wconf 88' lang='lat' dir='ltr'><strong>oneratur</strong></span> <span class='ocrx_word' id='word_1_394' title='bbox 1995 2344 2177 2408; x_wconf 85' lang='lat' dir='ltr'><strong>vertit,</strong></span> <span class='ocrx_word' id='word_1_395' title='bbox 2212 2350 2269 2396; x_wconf 89' lang='lat' dir='ltr'><strong>ut</strong></span> <span class='ocrx_word' id='word_1_396' title='bbox 2299 2351 2522 2399; x_wconf 82' lang='lat' dir='ltr'><strong>vexatus</strong></span> <span class='ocrx_word' id='word_1_397' title='bbox 2560 2344 2818 2412; x_wconf 87' lang='lat' dir='ltr'><strong>majorem</strong></span> <span class='ocrx_word' id='word_1_398' title='bbox 2845 2345 3056 2400; x_wconf 86' lang='lat' dir='ltr'><strong>emittat</strong></span> <span class='ocrx_word' id='word_1_399' title='bbox 3083 2347 3150 2401; x_wconf 89' lang='lat' dir='ltr'><strong>de</strong></span> <span class='ocrx_word' id='word_1_400' title='bbox 3180 2349 3280 2403; x_wconf 84' lang='lat' dir='ltr'><strong>ad—</strong></span> 
     </span>
    </p>
   </div>
   <div class='ocr_carea' id='block_1_54' title="bbox 1717 2435 3279 2509">
    <p class='ocr_par' dir='ltr' id='par_1_54' title="bbox 1717 2435 3279 2509">
     <span class='ocr_line' id='line_1_54' title="bbox 1717 2435 3279 2509; baseline 0.006 -22"><span class='ocrx_word' id='word_1_401' title='bbox 1717 2435 1901 2490; x_wconf 84' lang='lat' dir='ltr'><strong>missis</strong></span> <span class='ocrx_word' id='word_1_402' title='bbox 1945 2437 2180 2505; x_wconf 87' lang='lat' dir='ltr'><strong>peccatis</strong></span> <span class='ocrx_word' id='word_1_403' title='bbox 2233 2436 2652 2491; x_wconf 79' lang='lat' dir='ltr'><strong>confessionem.</strong></span> <span class='ocrx_word' id='word_1_404' title='bbox 2689 2437 2842 2503; x_wconf 89' lang='lat' dir='ltr'><strong>Quod</strong></span> <span class='ocrx_word' id='word_1_405' title='bbox 2881 2454 2948 2494; x_wconf 90' lang='lat' dir='ltr'><strong>ne</strong></span> <span class='ocrx_word' id='word_1_406' title='bbox 3002 2449 3279 2509; x_wconf 86' lang='lat' dir='ltr'><strong>pateretur</strong></span> 
     </span>
    </p>
   </div>
   <div class='ocr_carea' id='block_1_55' title="bbox 1709 2523 3275 2602">
    <p class='ocr_par' dir='ltr' id='par_1_55' title="bbox 1709 2523 3275 2602">
     <span class='ocr_line' id='line_1_55' title="bbox 1709 2523 3275 2602; baseline 0.007 -25"><span class='ocrx_word' id='word_1_407' title='bbox 1709 2523 1878 2579; x_wconf 84' lang='lat' dir='ltr'><strong>David</strong></span> <span class='ocrx_word' id='word_1_408' title='bbox 1906 2527 2152 2597; x_wconf 79' lang='lat' dir='ltr'><strong>rogabat,</strong></span> <span class='ocrx_word' id='word_1_409' title='bbox 2185 2535 2372 2597; x_wconf 89' lang='lat' dir='ltr'><strong>utpote</strong></span> <span class='ocrx_word' id='word_1_410' title='bbox 2397 2530 2488 2598; x_wconf 89' lang='lat' dir='ltr'><strong>qui</strong></span> <span class='ocrx_word' id='word_1_411' title='bbox 2519 2530 2700 2582; x_wconf 90' lang='lat' dir='ltr'><strong>omnia</strong></span> <span class='ocrx_word' id='word_1_412' title='bbox 2734 2545 2834 2599; x_wconf 91' lang='lat' dir='ltr'><strong>pro</strong></span> <span class='ocrx_word' id='word_1_413' title='bbox 2859 2530 3069 2586; x_wconf 87' lang='lat' dir='ltr'><strong>viribus</strong></span> <span class='ocrx_word' id='word_1_414' title='bbox 3091 2540 3275 2602; x_wconf 75' lang='lat' dir='ltr'><strong>ageret</strong></span> 
     </span>
    </p>
   </div>
   <div class='ocr_carea' id='block_1_56' title="bbox 1709 2615 3268 2691">
    <p class='ocr_par' dir='ltr' id='par_1_56' title="bbox 1709 2615 3268 2691">
     <span class='ocr_line' id='line_1_56' title="bbox 1709 2615 3268 2691; baseline 0.007 -25"><span class='ocrx_word' id='word_1_415' title='bbox 1709 2630 1828 2683; x_wconf 75' lang='lat' dir='ltr'><strong>quae</strong></span> <span class='ocrx_word' id='word_1_416' title='bbox 1859 2615 1965 2670; x_wconf 89' lang='lat' dir='ltr'><strong>Deo</strong></span> <span class='ocrx_word' id='word_1_417' title='bbox 1995 2618 2192 2686; x_wconf 91' lang='lat' dir='ltr'><strong>placita</strong></span> <span class='ocrx_word' id='word_1_418' title='bbox 2221 2627 2455 2687; x_wconf 87' lang='lat' dir='ltr'><strong>putaret.</strong></span> <span class='ocrx_word' id='word_1_419' title='bbox 2492 2618 2685 2672; x_wconf 79' lang='lat' dir='ltr'><strong>Amove</strong></span> <span class='ocrx_word' id='word_1_420' title='bbox 2709 2636 2740 2672; x_wconf 89' lang='lat' dir='ltr'><strong>a</strong></span> <span class='ocrx_word' id='word_1_421' title='bbox 2775 2637 2855 2674; x_wconf 90' lang='lat' dir='ltr'><strong>me</strong></span> <span class='ocrx_word' id='word_1_422' title='bbox 2891 2622 3077 2691; x_wconf 78' lang='lat' dir='ltr'><strong>plagas</strong></span> <span class='ocrx_word' id='word_1_423' title='bbox 3129 2633 3268 2678; x_wconf 86' lang='lat' dir='ltr'><strong>tuas.</strong></span> 
     </span>
    </p>
   </div>
   <div class='ocr_carea' id='block_1_57' title="bbox 1710 2705 3276 2780">
    <p class='ocr_par' dir='ltr' id='par_1_57' title="bbox 1710 2705 3276 2780">
     <span class='ocr_line' id='line_1_57' title="bbox 1710 2705 3276 2780; baseline 0.008 -23"><span class='ocrx_word' id='word_1_424' title='bbox 1710 2705 1753 2756; x_wconf 84' lang='grc' dir='ltr'><em>Α</em></span> <span class='ocrx_word' id='word_1_425' title='bbox 1779 2706 2088 2774; x_wconf 76' lang='lat' dir='ltr'><strong>fortitudine</strong></span> <span class='ocrx_word' id='word_1_426' title='bbox 2117 2710 2253 2761; x_wconf 90' lang='lat' dir='ltr'><strong>enim</strong></span> <span class='ocrx_word' id='word_1_427' title='bbox 2299 2726 2486 2761; x_wconf 88' lang='lat' dir='ltr'><strong>manus</strong></span> <span class='ocrx_word' id='word_1_428' title='bbox 2522 2719 2624 2762; x_wconf 73' lang='lat' dir='ltr'><strong>tua:</strong></span> <span class='ocrx_word' id='word_1_429' title='bbox 2655 2728 2745 2779; x_wconf 88' lang='lat' dir='ltr'><strong>ego</strong></span> <span class='ocrx_word' id='word_1_430' title='bbox 2772 2713 2938 2780; x_wconf 84' lang='lat' dir='ltr'><strong>defeci</strong></span> <span class='ocrx_word' id='word_1_431' title='bbox 2963 2731 2981 2767; x_wconf 90' lang='lat'><strong><em>:</em></strong></span> <span class='ocrx_word' id='word_1_432' title='bbox 3017 2717 3069 2768; x_wconf 87' lang='lat' dir='ltr'><strong>in</strong></span> <span class='ocrx_word' id='word_1_433' title='bbox 3099 2717 3276 2770; x_wconf 83' lang='lat' dir='ltr'><strong>incre—</strong></span> 
     </span>
    </p>
   </div>
   <div class='ocr_carea' id='block_1_58' title="bbox 1707 2798 3270 2872">
    <p class='ocr_par' dir='ltr' id='par_1_58' title="bbox 1707 2798 3270 2872">
     <span class='ocr_line' id='line_1_58' title="bbox 1707 2798 3270 2872; baseline 0.008 -24"><span class='ocrx_word' id='word_1_434' title='bbox 1707 2798 2004 2865; x_wconf 84' lang='lat' dir='ltr'><strong>pationibus</strong></span> <span class='ocrx_word' id='word_1_435' title='bbox 2038 2809 2248 2866; x_wconf 83' lang='lat' dir='ltr'><strong>propter</strong></span> <span class='ocrx_word' id='word_1_436' title='bbox 2278 2801 2608 2870; x_wconf 84' lang='lat' dir='ltr'><strong>iniquitatem</strong></span> <span class='ocrx_word' id='word_1_437' title='bbox 2641 2806 2941 2872; x_wconf 85' lang='lat' dir='ltr'><strong>corripuisti</strong></span> <span class='ocrx_word' id='word_1_438' title='bbox 2969 2805 3229 2860; x_wconf 74' lang='lat' dir='ltr'><strong>hominem</strong></span> <span class='ocrx_word' id='word_1_439' title='bbox 3251 2824 3270 2860; x_wconf 90' lang='lat'><strong><em>:</em></strong></span> 
     </span>
    </p>
   </div>
   <div class='ocr_carea' id='block_1_59' title="bbox 1707 2891 3267 2964">
    <p class='ocr_par' dir='ltr' id='par_1_59' title="bbox 1707 2891 3267 2964">
     <span class='ocr_line' id='line_1_59' title="bbox 1707 2891 3267 2964; baseline 0.007 -24"><span class='ocrx_word' id='word_1_440' title='bbox 1707 2897 1757 2940; x_wconf 87' lang='lat' dir='ltr'><strong>et</strong></span> <span class='ocrx_word' id='word_1_441' title='bbox 1789 2891 2049 2943; x_wconf 74' lang='lat' dir='ltr'><strong>tabescere</strong></span> <span class='ocrx_word' id='word_1_442' title='bbox 2079 2891 2250 2959; x_wconf 81' lang='lat' dir='ltr'><strong>fecisti</strong></span> <span class='ocrx_word' id='word_1_443' title='bbox 2291 2892 2427 2944; x_wconf 83' lang='lat' dir='ltr'><strong>sicut</strong></span> <span class='ocrx_word' id='word_1_444' title='bbox 2459 2909 2709 2947; x_wconf 89' lang='lat' dir='ltr'><strong>araneam</strong></span> <span class='ocrx_word' id='word_1_445' title='bbox 2745 2897 2980 2954; x_wconf 49' lang='lat' dir='ltr'><strong>animam,</strong></span> <span class='ocrx_word' id='word_1_446' title='bbox 3010 2897 3146 2964; x_wconf 84' lang='lat' dir='ltr'><strong>ejus,</strong></span> <span class='ocrx_word' id='word_1_447' title='bbox 3181 2915 3267 2951; x_wconf 70' lang='lat' dir='ltr'><strong>re-</strong></span> 
     </span>
    </p>
   </div>
   <div class='ocr_carea' id='block_1_60' title="bbox 1708 2986 2942 3054">
    <p class='ocr_par' dir='ltr' id='par_1_60' title="bbox 1708 2986 2942 3054">
     <span class='ocr_line' id='line_1_60' title="bbox 1708 2986 2942 3054; baseline 0.008 -23"><span class='ocrx_word' id='word_1_448' title='bbox 1708 2990 2005 3036; x_wconf 85' lang='lat' dir='ltr'><strong>rumtamen</strong></span> <span class='ocrx_word' id='word_1_449' title='bbox 2033 3000 2159 3038; x_wconf 86' lang='lat' dir='ltr'><strong>vane</strong></span> <span class='ocrx_word' id='word_1_450' title='bbox 2195 2987 2364 3038; x_wconf 75' lang='lat' dir='ltr'><strong>omnis</strong></span> <span class='ocrx_word' id='word_1_451' title='bbox 2397 2989 2570 3038; x_wconf 86' lang='lat' dir='ltr'><strong>homo.</strong></span> <span class='ocrx_word' id='word_1_452' title='bbox 2609 2986 2942 3054; x_wconf 80' lang='lat' dir='ltr'><strong>Diapsalma.</strong></span> 
     </span>
    </p>
   </div>
   <div class='ocr_carea' id='block_1_61' title="bbox 1778 3093 3268 3168">
    <p class='ocr_par' dir='ltr' id='par_1_61' title="bbox 1778 3093 3268 3168">
     <span class='ocr_line' id='line_1_61' title="bbox 1778 3093 3268 3168; baseline 0.004 -21"><span class='ocrx_word' id='word_1_453' title='bbox 1778 3093 1837 3147; x_wconf 86' lang='lat' dir='ltr'><strong>In</strong></span> <span class='ocrx_word' id='word_1_454' title='bbox 1885 3095 2208 3163; x_wconf 75' lang='lat' dir='ltr'><strong>praecedenti</strong></span> <span class='ocrx_word' id='word_1_455' title='bbox 2246 3097 2452 3165; x_wconf 88' lang='lat' dir='ltr'><strong>psalmo</strong></span> <span class='ocrx_word' id='word_1_456' title='bbox 2497 3112 2616 3151; x_wconf 89' lang='lat' dir='ltr'><strong>sese</strong></span> <span class='ocrx_word' id='word_1_457' title='bbox 2649 3098 2821 3168; x_wconf 82' lang='lat' dir='ltr'><strong>plagis</strong></span> <span class='ocrx_word' id='word_1_458' title='bbox 2856 3097 2922 3151; x_wconf 91' lang='lat' dir='ltr'><strong>ad</strong></span> <span class='ocrx_word' id='word_1_459' title='bbox 2967 3099 3268 3166; x_wconf 54' lang='lat' dir='ltr'><strong>correptio.</strong></span> 
     </span>
    </p>
   </div>
   <div class='ocr_carea' id='block_1_62' title="bbox 43 3182 1607 3278">
    <p class='ocr_par' dir='ltr' id='par_1_62' title="bbox 43 3182 1606 3259">
     <span class='ocr_line' id='line_1_62' title="bbox 43 3182 1606 3259; baseline -0.004 -18"><span class='ocrx_word' id='word_1_460' title='bbox 43 3192 482 3259; x_wconf 67' lang='grc' dir='ltr'>ὶπιστρεπτικαίς</span> <span class='ocrx_word' id='word_1_461' title='bbox 513 3191 764 3258; x_wconf 86' lang='grc' dir='ltr'>πληγαῖς,</span> <span class='ocrx_word' id='word_1_462' title='bbox 791 3183 878 3242; x_wconf 75' lang='grc' dir='ltr'><strong>οἶά</strong></span> <span class='ocrx_word' id='word_1_463' title='bbox 919 3203 1001 3249; x_wconf 88' lang='grc' dir='ltr'><strong>τις</strong></span> <span class='ocrx_word' id='word_1_464' title='bbox 1041 3185 1333 3254; x_wconf 73' lang='grc' dir='ltr'>εὐγνώμων</span> <span class='ocrx_word' id='word_1_465' title='bbox 1362 3182 1606 3254; x_wconf 84' lang='grc' dir='ltr'>μαθητὴς</span> 
     </span>
    </p>
   </div>
   <div class='ocr_carea' id='block_1_63' title="bbox 1711 3182 3262 3278">
    <p class='ocr_par' dir='ltr' id='par_1_63' title="bbox 1711 3187 3262 3258">
     <span class='ocr_line' id='line_1_63' title="bbox 1711 3187 3262 3258; baseline 0.006 -23"><span class='ocrx_word' id='word_1_466' title='bbox 1711 3200 1852 3249; x_wconf 85' lang='lat' dir='ltr'><strong>nom,</strong></span> <span class='ocrx_word' id='word_1_467' title='bbox 1893 3201 1993 3240; x_wconf 89' lang='lat' dir='ltr'><strong>ceu</strong></span> <span class='ocrx_word' id='word_1_468' title='bbox 2030 3187 2295 3256; x_wconf 87' lang='lat' dir='ltr'><strong>ingenuus</strong></span> <span class='ocrx_word' id='word_1_469' title='bbox 2325 3189 2628 3257; x_wconf 79' lang='lat' dir='ltr'><strong>discipulus</strong></span> <span class='ocrx_word' id='word_1_470' title='bbox 2676 3189 2958 3258; x_wconf 84' lang='lat' dir='ltr'><strong>magistro,</strong></span> <span class='ocrx_word' id='word_1_471' title='bbox 3006 3189 3262 3254; x_wconf 87' lang='lat' dir='ltr'><strong>tradidit;</strong></span> 
     </span>
    </p>
   </div>
   <div class='ocr_carea' id='block_1_64' title="bbox 41 3275 1601 3351">
    <p class='ocr_par' dir='ltr' id='par_1_64' title="bbox 41 3275 1601 3351">
     <span class='ocr_line' id='line_1_64' title="bbox 41 3275 1601 3351; baseline -0.005 -18"><span class='ocrx_word' id='word_1_472' title='bbox 41 3282 332 3351; x_wconf 73' lang='grc' dir='ltr'>διδασκάλῳ</span> <span class='ocrx_word' id='word_1_473' title='bbox 354 3299 368 3312; x_wconf 78' lang='grc' dir='ltr'><strong>ο</strong></span> <span class='ocrx_word' id='word_1_474' title='bbox 402 3282 482 3334; x_wconf 80' lang='grc' dir='ltr'><strong>διὸ</strong></span> <span class='ocrx_word' id='word_1_475' title='bbox 505 3282 688 3348; x_wconf 72' lang='grc' dir='ltr'>ἔλεγεν</span> <span class='ocrx_word' id='word_1_476' title='bbox 709 3299 722 3310; x_wconf 91' lang='grc'><strong>·</strong></span> <span class='ocrx_word' id='word_1_477' title='bbox 766 3278 912 3348; x_wconf 72' lang='grc' dir='ltr'><strong>Ἐγὼ</strong></span> <span class='ocrx_word' id='word_1_478' title='bbox 932 3281 1016 3342; x_wconf 75' lang='grc' dir='ltr'>εἰς</span> <span class='ocrx_word' id='word_1_479' title='bbox 1039 3277 1330 3344; x_wconf 74' lang='grc' dir='ltr'>μάστιγας</span> <span class='ocrx_word' id='word_1_480' title='bbox 1354 3275 1601 3341; x_wconf 84' lang='grc' dir='ltr'>ἕτοιμος.</span> 
     </span>
    </p>
   </div>
   <div class='ocr_carea' id='block_1_65' title="bbox 52 3368 1606 3441">
    <p class='ocr_par' dir='ltr' id='par_1_65' title="bbox 52 3368 1606 3441">
     <span class='ocr_line' id='line_1_65' title="bbox 52 3368 1606 3441; baseline -0.006 -15"><span class='ocrx_word' id='word_1_481' title='bbox 52 3375 190 3426; x_wconf 74' lang='grc' dir='ltr'>Ἐπεὶ</span> <span class='ocrx_word' id='word_1_482' title='bbox 214 3373 272 3426; x_wconf 74' lang='grc' dir='ltr'>δὲ</span> <span class='ocrx_word' id='word_1_483' title='bbox 301 3373 490 3426; x_wconf 79' lang='grc' dir='ltr'>λοιπὸν</span> <span class='ocrx_word' id='word_1_484' title='bbox 517 3372 803 3441; x_wconf 79' lang='grc' dir='ltr'>αὐτάρκως</span> <span class='ocrx_word' id='word_1_485' title='bbox 835 3370 943 3421; x_wconf 85' lang='grc' dir='ltr'><strong>τῶν</strong></span> <span class='ocrx_word' id='word_1_486' title='bbox 973 3370 1248 3438; x_wconf 83' lang='grc' dir='ltr'>μαστίγων</span> <span class='ocrx_word' id='word_1_487' title='bbox 1278 3368 1606 3437; x_wconf 75' lang='grc' dir='ltr'>ὲπεπειρᾶτο</span> 
     </span>
    </p>
   </div>
   <div class='ocr_carea' id='block_1_66' title="bbox 43 3455 1602 3532">
    <p class='ocr_par' dir='ltr' id='par_1_66' title="bbox 43 3455 1602 3532">
     <span class='ocr_line' id='line_1_66' title="bbox 43 3455 1602 3532; baseline -0.003 -20"><span class='ocrx_word' id='word_1_488' title='bbox 43 3462 301 3532; x_wconf 76' lang='grc' dir='ltr'>ὲπιμόνως</span> <span class='ocrx_word' id='word_1_489' title='bbox 348 3460 514 3515; x_wconf 82' lang='grc' dir='ltr'>αὐτὸν</span> <span class='ocrx_word' id='word_1_490' title='bbox 559 3459 952 3529; x_wconf 73' lang='grc' dir='ltr'>αἰκιζομένων,</span> <span class='ocrx_word' id='word_1_491' title='bbox 1004 3457 1232 3509; x_wconf 79' lang='grc' dir='ltr'>ἱκετεύει</span> <span class='ocrx_word' id='word_1_492' title='bbox 1277 3455 1368 3507; x_wconf 80' lang='grc' dir='ltr'>τοῦ</span> <span class='ocrx_word' id='word_1_493' title='bbox 1417 3455 1602 3508; x_wconf 78' lang='grc' dir='ltr'>λοιποῦ</span> 
     </span>
    </p>
   </div>
   <div class='ocr_carea' id='block_1_67' title="bbox 43 3544 1601 3620">
    <p class='ocr_par' dir='ltr' id='par_1_67' title="bbox 43 3544 1601 3620">
     <span class='ocr_line' id='line_1_67' title="bbox 43 3544 1601 3620; baseline -0.004 -18"><span class='ocrx_word' id='word_1_494' title='bbox 43 3551 361 3613; x_wconf 77' lang='grc' dir='ltr'>παύσασθαι,</span> <span class='ocrx_word' id='word_1_495' title='bbox 395 3551 490 3603; x_wconf 76' lang='grc' dir='ltr'><strong>καὶ</strong></span> <span class='ocrx_word' id='word_1_496' title='bbox 534 3550 691 3620; x_wconf 81' lang='grc' dir='ltr'>μέχρι</span> <span class='ocrx_word' id='word_1_497' title='bbox 734 3547 921 3612; x_wconf 88' lang='grc' dir='ltr'>τούτου</span> <span class='ocrx_word' id='word_1_498' title='bbox 973 3547 1156 3617; x_wconf 75' lang='grc' dir='ltr'>στῆναι</span> <span class='ocrx_word' id='word_1_499' title='bbox 1188 3544 1286 3606; x_wconf 88' lang='grc' dir='ltr'><strong>τὰς</strong></span> <span class='ocrx_word' id='word_1_500' title='bbox 1319 3544 1601 3614; x_wconf 75' lang='grc' dir='ltr'>μάστιγας,</span> 
     </span>
    </p>
   </div>
   <div class='ocr_carea' id='block_1_68' title="bbox 41 3635 1604 3714">
    <p class='ocr_par' dir='ltr' id='par_1_68' title="bbox 41 3635 1604 3714">
     <span class='ocr_line' id='line_1_68' title="bbox 41 3635 1604 3714; baseline -0.006 -18"><span class='ocrx_word' id='word_1_501' title='bbox 41 3643 277 3714; x_wconf 72' lang='grc' dir='ltr'>ὁμολογεῖ</span> <span class='ocrx_word' id='word_1_502' title='bbox 320 3659 383 3695; x_wconf 84' lang='grc' dir='ltr'><strong>τε</strong></span> <span class='ocrx_word' id='word_1_503' title='bbox 424 3641 549 3710; x_wconf 75' lang='grc' dir='ltr'>ἑξῆς</span> <span class='ocrx_word' id='word_1_504' title='bbox 590 3640 792 3708; x_wconf 79' lang='grc' dir='ltr'>λέγων·</span> <span class='ocrx_word' id='word_1_505' title='bbox 841 3639 972 3690; x_wconf 85' lang='grc' dir='ltr'><strong>Ἆπὸ</strong></span> <span class='ocrx_word' id='word_1_506' title='bbox 1012 3635 1118 3703; x_wconf 77' lang='grc' dir='ltr'>τῆς</span> <span class='ocrx_word' id='word_1_507' title='bbox 1157 3637 1366 3702; x_wconf 69' lang='grc' dir='ltr'>ἰσχύος</span> <span class='ocrx_word' id='word_1_508' title='bbox 1410 3637 1604 3702; x_wconf 82' lang='grc' dir='ltr'>χειρός</span> 
     </span>
    </p>
   </div>
   <div class='ocr_carea' id='block_1_69' title="bbox 43 3728 1603 3805">
    <p class='ocr_par' dir='ltr' id='par_1_69' title="bbox 43 3728 1603 3805">
     <span class='ocr_line' id='line_1_69' title="bbox 43 3728 1603 3805; baseline -0.006 -16"><span class='ocrx_word' id='word_1_509' title='bbox 43 3753 144 3789; x_wconf 82' lang='grc' dir='ltr'><strong>σου</strong></span> <span class='ocrx_word' id='word_1_510' title='bbox 188 3735 304 3805; x_wconf 66' lang='grc' dir='ltr'>ἐγὼ</span> <span class='ocrx_word' id='word_1_511' title='bbox 352 3733 655 3799; x_wconf 70' lang='grc' dir='ltr'>ἐξέλιπον.</span> <span class='ocrx_word' id='word_1_512' title='bbox 688 3732 822 3802; x_wconf 75' lang='grc' dir='ltr'>Περὶ</span> <span class='ocrx_word' id='word_1_513' title='bbox 849 3731 905 3784; x_wconf 80' lang='grc' dir='ltr'>δὲ</span> <span class='ocrx_word' id='word_1_514' title='bbox 930 3731 1029 3799; x_wconf 82' lang='grc' dir='ltr'>τῆς</span> <span class='ocrx_word' id='word_1_515' title='bbox 1069 3729 1246 3800; x_wconf 75' lang='grc' dir='ltr'>χειρὸς</span> <span class='ocrx_word' id='word_1_516' title='bbox 1271 3728 1471 3796; x_wconf 84' lang='grc' dir='ltr'>ταύτης</span> <span class='ocrx_word' id='word_1_517' title='bbox 1512 3728 1603 3780; x_wconf 76' lang='grc' dir='ltr'>καὶ</span> 
     </span>
    </p>
   </div>
   <div class='ocr_carea' id='block_1_70' title="bbox 42 3815 1598 3894">
    <p class='ocr_par' dir='ltr' id='par_1_70' title="bbox 42 3815 1598 3894">
     <span class='ocr_line' id='line_1_70' title="bbox 42 3815 1598 3894; baseline -0.004 -20"><span class='ocrx_word' id='word_1_518' title='bbox 42 3826 278 3894; x_wconf 80' lang='grc' dir='ltr'>ἀνωτέρω</span> <span class='ocrx_word' id='word_1_519' title='bbox 314 3824 533 3893; x_wconf 66' lang='grc' dir='ltr'>ἐλέγετο</span> <span class='ocrx_word' id='word_1_520' title='bbox 557 3839 570 3852; x_wconf 88' lang='grc'><strong>·</strong></span> <span class='ocrx_word' id='word_1_521' title='bbox 615 3818 1040 3888; x_wconf 79' lang='grc' dir='ltr'>Ἐπεστήριξας</span> <span class='ocrx_word' id='word_1_522' title='bbox 1082 3819 1172 3870; x_wconf 81' lang='grc' dir='ltr'><strong>ἐπ’</strong></span> <span class='ocrx_word' id='word_1_523' title='bbox 1204 3815 1308 3885; x_wconf 81' lang='grc' dir='ltr'><strong>ἐμὲ</strong></span> <span class='ocrx_word' id='word_1_524' title='bbox 1337 3815 1449 3882; x_wconf 75' lang='grc' dir='ltr'>τὴν</span> <span class='ocrx_word' id='word_1_525' title='bbox 1478 3817 1598 3884; x_wconf 85' lang='grc' dir='ltr'>χεῖ-</span> 
     </span>
    </p>
   </div>
   <div class='ocr_carea' id='block_1_71' title="bbox 43 3907 1595 3980">
    <p class='ocr_par' dir='ltr' id='par_1_71' title="bbox 43 3907 1595 3980">
     <span class='ocr_line' id='line_1_71' title="bbox 43 3907 1595 3980; baseline -0.006 -14"><span class='ocrx_word' id='word_1_526' title='bbox 43 3914 105 3978; x_wconf 69' lang='grc' dir='ltr'>ρά</span> <span class='ocrx_word' id='word_1_527' title='bbox 146 3932 280 3970; x_wconf 88' lang='grc' dir='ltr'>σου.</span> <span class='ocrx_word' id='word_1_528' title='bbox 315 3911 454 3968; x_wconf 79' lang='grc' dir='ltr'>Εἶτα</span> <span class='ocrx_word' id='word_1_529' title='bbox 500 3913 759 3974; x_wconf 80' lang='grc' dir='ltr'>διδάσκει,</span> <span class='ocrx_word' id='word_1_530' title='bbox 786 3913 881 3964; x_wconf 80' lang='grc' dir='ltr'><strong>δτι</strong></span> <span class='ocrx_word' id='word_1_531' title='bbox 917 3911 988 3980; x_wconf 84' lang='grc' dir='ltr'><strong>μὴ</strong></span> <span class='ocrx_word' id='word_1_532' title='bbox 1023 3911 1254 3979; x_wconf 80' lang='grc' dir='ltr'>μάτηνή</span> <span class='ocrx_word' id='word_1_533' title='bbox 1291 3908 1408 3976; x_wconf 66' lang='grc' dir='ltr'>χεὶρ</span> <span class='ocrx_word' id='word_1_534' title='bbox 1440 3907 1595 3959; x_wconf 52' lang='grc' dir='ltr'>ἐπαίέ</span> 
     </span>
    </p>
   </div>
   <div class='ocr_carea' id='block_1_72' title="bbox 44 3996 1596 4076">
    <p class='ocr_par' dir='ltr' id='par_1_72' title="bbox 44 3996 1596 4076">
     <span class='ocr_line' id='line_1_72' title="bbox 44 3996 1596 4076; baseline -0.005 -20"><span class='ocrx_word' id='word_1_535' title='bbox 44 4006 166 4068; x_wconf 61' lang='lat' dir='ltr'><strong>ﬁsus,</strong></span> <span class='ocrx_word' id='word_1_536' title='bbox 193 4006 330 4076; x_wconf 80' lang='grc' dir='ltr'>μηδὲ</span> <span class='ocrx_word' id='word_1_537' title='bbox 354 4008 434 4068; x_wconf 85' lang='grc' dir='ltr'><strong>είς</strong></span> <span class='ocrx_word' id='word_1_538' title='bbox 467 4004 633 4075; x_wconf 84' lang='grc' dir='ltr'>ἀργὸν</span> <span class='ocrx_word' id='word_1_539' title='bbox 657 4001 976 4070; x_wconf 77' lang='grc' dir='ltr'>ἐμαστίγου,</span> <span class='ocrx_word' id='word_1_540' title='bbox 1000 3998 1115 4052; x_wconf 87' lang='grc' dir='ltr'>ἀλλ’</span> <span class='ocrx_word' id='word_1_541' title='bbox 1137 3999 1222 4049; x_wconf 79' lang='grc' dir='ltr'><strong>ἐπ’</strong></span> <span class='ocrx_word' id='word_1_542' title='bbox 1243 3996 1478 4066; x_wconf 69' lang='grc' dir='ltr'>ὠφελείᾳ</span> <span class='ocrx_word' id='word_1_543' title='bbox 1505 3996 1596 4048; x_wconf 80' lang='grc' dir='ltr'>τοῦ</span> 
     </span>
    </p>
   </div>
   <div class='ocr_carea' id='block_1_73' title="bbox 43 4085 1597 4166">
    <p class='ocr_par' dir='ltr' id='par_1_73' title="bbox 43 4085 1597 4166">
     <span class='ocr_line' id='line_1_73' title="bbox 43 4085 1597 4166; baseline -0.006 -18"><span class='ocrx_word' id='word_1_544' title='bbox 43 4096 430 4166; x_wconf 71' lang='grc' dir='ltr'>ἡμαρτηκότος·</span> <span class='ocrx_word' id='word_1_545' title='bbox 465 4092 545 4145; x_wconf 85' lang='grc' dir='ltr'><strong>διό</strong></span> <span class='ocrx_word' id='word_1_546' title='bbox 572 4109 770 4161; x_wconf 81' lang='grc' dir='ltr'>φησιν·</span> <span class='ocrx_word' id='word_1_547' title='bbox 823 4091 919 4142; x_wconf 80' lang='grc' dir='ltr'>Ἐν</span> <span class='ocrx_word' id='word_1_548' title='bbox 965 4087 1234 4156; x_wconf 77' lang='grc' dir='ltr'><strong>ἐλεγμοῖς</strong></span> <span class='ocrx_word' id='word_1_549' title='bbox 1279 4085 1429 4153; x_wconf 82' lang='grc' dir='ltr'>ὑπὲρ</span> <span class='ocrx_word' id='word_1_550' title='bbox 1460 4088 1597 4140; x_wconf 76' lang='grc' dir='ltr'>ἀνιο-</span> 
     </span>
    </p>
   </div>
   <div class='ocr_carea' id='block_1_74' title="bbox 44 4178 1601 4252">
    <p class='ocr_par' dir='ltr' id='par_1_74' title="bbox 44 4178 1601 4252">
     <span class='ocr_line' id='line_1_74' title="bbox 44 4178 1601 4252; baseline -0.003 -16"><span class='ocrx_word' id='word_1_551' title='bbox 44 4186 163 4252; x_wconf 80' lang='grc' dir='ltr'>μιας</span> <span class='ocrx_word' id='word_1_552' title='bbox 191 4185 559 4248; x_wconf 77' lang='grc' dir='ltr'>ἐπαίδευσας</span> <span class='ocrx_word' id='word_1_553' title='bbox 610 4181 1126 4250; x_wconf 81' lang='grc' dir='ltr'>ἆνθρωπον.”Υπὲρ</span> <span class='ocrx_word' id='word_1_554' title='bbox 1169 4178 1276 4249; x_wconf 87' lang='grc' dir='ltr'>γὰρ</span> <span class='ocrx_word' id='word_1_555' title='bbox 1316 4179 1414 4248; x_wconf 83' lang='grc' dir='ltr'>τῆς</span> <span class='ocrx_word' id='word_1_556' title='bbox 1469 4197 1601 4250; x_wconf 88' lang='grc' dir='ltr'>παρ-</span> 
     </span>
    </p>
   </div>
   <div class='ocr_carea' id='block_1_75' title="bbox 46 4267 1597 4346">
    <p class='ocr_par' dir='ltr' id='par_1_75' title="bbox 46 4267 1597 4346">
     <span class='ocr_line' id='line_1_75' title="bbox 46 4267 1597 4346; baseline -0.005 -19"><span class='ocrx_word' id='word_1_557' title='bbox 46 4275 283 4346; x_wconf 82' lang='grc' dir='ltr'>αχθείσης</span> <span class='ocrx_word' id='word_1_558' title='bbox 333 4275 563 4342; x_wconf 83' lang='grc' dir='ltr'>ἀνομίας</span> <span class='ocrx_word' id='word_1_559' title='bbox 611 4273 704 4325; x_wconf 74' lang='grc' dir='ltr'><strong>καὶ</strong></span> <span class='ocrx_word' id='word_1_560' title='bbox 740 4271 828 4324; x_wconf 83' lang='grc' dir='ltr'><strong>διὰ</strong></span> <span class='ocrx_word' id='word_1_561' title='bbox 869 4271 936 4323; x_wconf 82' lang='grc' dir='ltr'><strong>τὸ</strong></span> <span class='ocrx_word' id='word_1_562' title='bbox 983 4268 1258 4341; x_wconf 85' lang='grc' dir='ltr'>παραχθὲν</span> <span class='ocrx_word' id='word_1_563' title='bbox 1296 4267 1597 4338; x_wconf 81' lang='grc' dir='ltr'>ἁμάρτημα</span> 
     </span>
    </p>
   </div>
   <div class='ocr_carea' id='block_1_76' title="bbox 46 4347 1596 4436">
    <p class='ocr_par' dir='ltr' id='par_1_76' title="bbox 46 4347 1596 4436">
     <span class='ocr_line' id='line_1_76' title="bbox 46 4347 1596 4436; baseline -0.005 -19"><span class='ocrx_word' id='word_1_564' title='bbox 46 4366 258 4436; x_wconf 67' lang='grc' dir='ltr'>ἐλέγχων</span> <span class='ocrx_word' id='word_1_565' title='bbox 290 4365 384 4418; x_wconf 79' lang='grc' dir='ltr'><strong>τὸν</strong></span> <span class='ocrx_word' id='word_1_566' title='bbox 418 4347 802 4432; x_wconf 82' lang='grc' dir='ltr'>παιδευόμενον</span> <span class='ocrx_word' id='word_1_567' title='bbox 843 4360 1061 4422; x_wconf 75' lang='grc' dir='ltr'>καὶτὰς</span> <span class='ocrx_word' id='word_1_568' title='bbox 1096 4361 1360 4430; x_wconf 84' lang='grc' dir='ltr'>μάστιγας</span> <span class='ocrx_word' id='word_1_569' title='bbox 1394 4358 1596 4427; x_wconf 84' lang='grc' dir='ltr'>ὲπῆγες</span> 
     </span>
    </p>
   </div>
   <div class='ocr_carea' id='block_1_77' title="bbox 47 4448 1596 4527">
    <p class='ocr_par' dir='ltr' id='par_1_77' title="bbox 47 4448 1596 4527">
     <span class='ocr_line' id='line_1_77' title="bbox 47 4448 1596 4527; baseline -0.007 -18"><span class='ocrx_word' id='word_1_570' title='bbox 47 4451 126 4508; x_wconf 75' lang='grc' dir='ltr'>καὶ</span> <span class='ocrx_word' id='word_1_571' title='bbox 165 4456 261 4527; x_wconf 78' lang='grc' dir='ltr'>τὴν</span> <span class='ocrx_word' id='word_1_572' title='bbox 312 4454 474 4525; x_wconf 75' lang='grc' dir='ltr'>χεῖρά</span> <span class='ocrx_word' id='word_1_573' title='bbox 507 4469 602 4505; x_wconf 88' lang='grc' dir='ltr'><strong>σου</strong></span> <span class='ocrx_word' id='word_1_574' title='bbox 633 4450 1018 4521; x_wconf 87' lang='grc' dir='ltr'>προλεχθεῖσαν</span> <span class='ocrx_word' id='word_1_575' title='bbox 1040 4467 1052 4478; x_wconf 92' lang='grc'><strong>·</strong></span> <span class='ocrx_word' id='word_1_576' title='bbox 1085 4448 1291 4510; x_wconf 88' lang='grc' dir='ltr'>τούτοις</span> <span class='ocrx_word' id='word_1_577' title='bbox 1326 4448 1381 4500; x_wconf 83' lang='grc' dir='ltr'>δὲ</span> <span class='ocrx_word' id='word_1_578' title='bbox 1417 4448 1596 4509; x_wconf 81' lang='grc' dir='ltr'>αὐτοῖς</span> 
     </span>
    </p>
   </div>
   <div class='ocr_carea' id='block_1_78' title="bbox 49 4538 1669 4621">
    <p class='ocr_par' dir='ltr' id='par_1_78' title="bbox 49 4538 1669 4621">
     <span class='ocr_line' id='line_1_78' title="bbox 49 4538 1669 4621; baseline -0.006 -24"><span class='ocrx_word' id='word_1_579' title='bbox 49 4548 127 4598; x_wconf 78' lang='grc' dir='ltr'>καὶ</span> <span class='ocrx_word' id='word_1_580' title='bbox 151 4548 246 4617; x_wconf 79' lang='grc' dir='ltr'>τὴν</span> <span class='ocrx_word' id='word_1_581' title='bbox 273 4546 452 4616; x_wconf 72' lang='grc' dir='ltr'>ψυχὴν</span> <span class='ocrx_word' id='word_1_582' title='bbox 480 4542 573 4596; x_wconf 78' lang='grc' dir='ltr'><strong>τοῦ</strong></span> <span class='ocrx_word' id='word_1_583' title='bbox 600 4541 985 4610; x_wconf 80' lang='grc' dir='ltr'>παιδευομένου</span> <span class='ocrx_word' id='word_1_584' title='bbox 1009 4538 1282 4609; x_wconf 76' lang='grc' dir='ltr'>ἐξὲτηξας,</span> <span class='ocrx_word' id='word_1_585' title='bbox 1315 4555 1594 4592; x_wconf 85' lang='grc' dir='ltr'>ταπεινου-</span> <span class='ocrx_word' id='word_1_586' title='bbox 1624 4563 1669 4621; x_wconf 79' lang='lat' dir='ltr'><strong>D</strong></span> 
     </span>
    </p>
   </div>
   <div class='ocr_carea' id='block_1_79' title="bbox 54 4629 1591 4706">
    <p class='ocr_par' dir='ltr' id='par_1_79' title="bbox 54 4629 1591 4706">
     <span class='ocr_line' id='line_1_79' title="bbox 54 4629 1591 4706; baseline -0.005 -18"><span class='ocrx_word' id='word_1_587' title='bbox 54 4637 201 4706; x_wconf 80' lang='grc' dir='ltr'>μένην</span> <span class='ocrx_word' id='word_1_588' title='bbox 220 4639 317 4690; x_wconf 76' lang='grc' dir='ltr'>καὶ</span> <span class='ocrx_word' id='word_1_589' title='bbox 345 4632 747 4703; x_wconf 82' lang='grc' dir='ltr'>λεπτυνομένην</span> <span class='ocrx_word' id='word_1_590' title='bbox 777 4629 1120 4700; x_wconf 71' lang='grc' dir='ltr'>ἔπ’-ὠφελείᾳ</span> <span class='ocrx_word' id='word_1_591' title='bbox 1144 4632 1210 4699; x_wconf 76' lang='grc' dir='ltr'>τῇ</span> <span class='ocrx_word' id='word_1_592' title='bbox 1239 4629 1428 4698; x_wconf 82' lang='grc' dir='ltr'>αὐτῆς,</span> <span class='ocrx_word' id='word_1_593' title='bbox 1455 4629 1591 4685; x_wconf 83' lang='grc' dir='ltr'>Καθ’</span> 
     </span>
    </p>
   </div>
   <div class='ocr_carea' id='block_1_80' title="bbox 50 4718 1593 4800">
    <p class='ocr_par' dir='ltr' id='par_1_80' title="bbox 50 4718 1593 4800">
     <span class='ocr_line' id='line_1_80' title="bbox 50 4718 1593 4800; baseline -0.005 -22"><span class='ocrx_word' id='word_1_594' title='bbox 50 4727 98 4778; x_wconf 79' lang='grc' dir='ltr'>ὃν</span> <span class='ocrx_word' id='word_1_595' title='bbox 125 4729 224 4799; x_wconf 79' lang='grc' dir='ltr'>γὰρ</span> <span class='ocrx_word' id='word_1_596' title='bbox 249 4727 459 4800; x_wconf 63' lang='grc' dir='ltr'>ἐτρύφα</span> <span class='ocrx_word' id='word_1_597' title='bbox 483 4725 688 4797; x_wconf 86' lang='grc' dir='ltr'>χρόνον,</span> <span class='ocrx_word' id='word_1_598' title='bbox 728 4723 808 4784; x_wconf 83' lang='grc' dir='ltr'><strong>είς</strong></span> <span class='ocrx_word' id='word_1_599' title='bbox 836 4721 1108 4790; x_wconf 82' lang='grc' dir='ltr'>ἁμαρτίας</span> <span class='ocrx_word' id='word_1_600' title='bbox 1142 4718 1390 4783; x_wconf 74' lang='grc' dir='ltr'>ὲξὼλισθε</span> <span class='ocrx_word' id='word_1_601' title='bbox 1409 4759 1424 4779; x_wconf 87' lang='grc'><strong>,</strong></span> <span class='ocrx_word' id='word_1_602' title='bbox 1455 4719 1593 4771; x_wconf 85' lang='grc' dir='ltr'>κατὰ</span> 
     </span>
    </p>
   </div>
   <div class='ocr_carea' id='block_1_81' title="bbox 52 4809 1593 4889">
    <p class='ocr_par' dir='ltr' id='par_1_81' title="bbox 52 4809 1593 4889">
     <span class='ocr_line' id='line_1_81' title="bbox 52 4809 1593 4889; baseline -0.004 -20"><span class='ocrx_word' id='word_1_603' title='bbox 52 4820 128 4869; x_wconf 64' lang='grc' dir='ltr'>τόδ</span> <span class='ocrx_word' id='word_1_604' title='bbox 154 4810 371 4889; x_wconf 67' lang='grc' dir='ltr'>Ἔφατε</span> <span class='ocrx_word' id='word_1_605' title='bbox 412 4817 512 4871; x_wconf 76' lang='grc' dir='ltr'>καὶ</span> <span class='ocrx_word' id='word_1_606' title='bbox 549 4817 718 4870; x_wconf 76' lang='grc' dir='ltr'>ἔπιεν</span> <span class='ocrx_word' id='word_1_607' title='bbox 749 4811 963 4873; x_wconf 78' lang='grc' dir='ltr'>Ἰακὼϐ,</span> <span class='ocrx_word' id='word_1_608' title='bbox 987 4812 1082 4863; x_wconf 74' lang='grc' dir='ltr'>καὶ</span> <span class='ocrx_word' id='word_1_609' title='bbox 1125 4809 1524 4865; x_wconf 76' lang='grc' dir='ltr'>ἀπελάκτισεν</span> <span class='ocrx_word' id='word_1_610' title='bbox 1561 4813 1593 4863; x_wconf 83' lang='grc' dir='ltr'><strong>ό</strong></span> 
     </span>
    </p>
   </div>
   <div class='ocr_carea' id='block_1_82' title="bbox 53 4901 1594 4979">
    <p class='ocr_par' dir='ltr' id='par_1_82' title="bbox 53 4901 1594 4979">
     <span class='ocr_line' id='line_1_82' title="bbox 53 4901 1594 4979; baseline -0.009 -13"><span class='ocrx_word' id='word_1_611' title='bbox 53 4910 431 4979; x_wconf 65' lang='grc' dir='ltr'>ἠγαπημένος,</span> <span class='ocrx_word' id='word_1_612' title='bbox 463 4908 801 4972; x_wconf 72' lang='grc' dir='ltr'>ἐπλατύνθη</span> <span class='ocrx_word' id='word_1_613' title='bbox 834 4903 929 4956; x_wconf 74' lang='grc' dir='ltr'>καὶ</span> <span class='ocrx_word' id='word_1_614' title='bbox 972 4902 1276 4970; x_wconf 79' lang='grc' dir='ltr'>ἐπαχύνθη</span> <span class='ocrx_word' id='word_1_615' title='bbox 1297 4941 1310 4962; x_wconf 90' lang='grc'><strong>,</strong></span> <span class='ocrx_word' id='word_1_616' title='bbox 1351 4901 1446 4953; x_wconf 82' lang='grc' dir='ltr'>καὶ</span> <span class='ocrx_word' id='word_1_617' title='bbox 1485 4901 1594 4953; x_wconf 79' lang='grc' dir='ltr'><strong>ἁπ-</strong></span> 
     </span>
    </p>
   </div>
   <div class='ocr_carea' id='block_1_83' title="bbox 56 4984 1591 5062">
    <p class='ocr_par' dir='ltr' id='par_1_83' title="bbox 56 4984 1591 5062">
     <span class='ocr_line' id='line_1_83' title="bbox 56 4984 1591 5062; baseline -0.014 -7"><span class='ocrx_word' id='word_1_618' title='bbox 56 4996 182 5062; x_wconf 77' lang='grc' dir='ltr'>έστη</span> <span class='ocrx_word' id='word_1_619' title='bbox 215 4999 328 5052; x_wconf 72' lang='grc' dir='ltr'><strong>ἀπὸ</strong></span> <span class='ocrx_word' id='word_1_620' title='bbox 365 4996 513 5052; x_wconf 79' lang='grc' dir='ltr'>Θεοῦ</span> <span class='ocrx_word' id='word_1_621' title='bbox 540 4995 646 5049; x_wconf 81' lang='grc' dir='ltr'>τοῦ</span> <span class='ocrx_word' id='word_1_622' title='bbox 686 4992 999 5061; x_wconf 66' lang='grc' dir='ltr'>τρέφοντος</span> <span class='ocrx_word' id='word_1_623' title='bbox 1023 4988 1222 5042; x_wconf 84' lang='grc' dir='ltr'>αὐτόν.</span> <span class='ocrx_word' id='word_1_624' title='bbox 1262 4987 1368 5046; x_wconf 78' lang='grc' dir='ltr'>Διὸ,</span> <span class='ocrx_word' id='word_1_625' title='bbox 1398 4986 1495 5036; x_wconf 78' lang='grc' dir='ltr'>ἵνα</span> <span class='ocrx_word' id='word_1_626' title='bbox 1527 4984 1591 5037; x_wconf 82' lang='grc' dir='ltr'>τὸ</span> 
     </span>
    </p>
   </div>
   <div class='ocr_carea' id='block_1_84' title="bbox 58 5074 1591 5154">
    <p class='ocr_par' dir='ltr' id='par_1_84' title="bbox 58 5074 1591 5154">
     <span class='ocr_line' id='line_1_84' title="bbox 58 5074 1591 5154; baseline -0.008 -16"><span class='ocrx_word' id='word_1_627' title='bbox 58 5082 264 5153; x_wconf 74' lang='grc' dir='ltr'>πνεῦμα</span> <span class='ocrx_word' id='word_1_628' title='bbox 295 5085 460 5154; x_wconf 73' lang='grc' dir='ltr'>σωθῇ</span> <span class='ocrx_word' id='word_1_629' title='bbox 500 5087 571 5139; x_wconf 77' lang='grc' dir='ltr'>ἐν</span> <span class='ocrx_word' id='word_1_630' title='bbox 616 5081 690 5151; x_wconf 77' lang='grc' dir='ltr'>τῇ</span> <span class='ocrx_word' id='word_1_631' title='bbox 739 5081 925 5150; x_wconf 76' lang='grc' dir='ltr'>ἡμέρᾳ</span> <span class='ocrx_word' id='word_1_632' title='bbox 953 5078 1055 5131; x_wconf 87' lang='grc' dir='ltr'>τοῦ</span> <span class='ocrx_word' id='word_1_633' title='bbox 1087 5077 1323 5142; x_wconf 78' lang='grc' dir='ltr'>Κυρίου,</span> <span class='ocrx_word' id='word_1_634' title='bbox 1357 5077 1394 5141; x_wconf 70' lang='grc' dir='ltr'>ἡ</span> <span class='ocrx_word' id='word_1_635' title='bbox 1437 5074 1591 5143; x_wconf 77' lang='grc' dir='ltr'>σὰρξ</span> 
     </span>
    </p>
   </div>
   <div class='ocr_carea' id='block_1_85' title="bbox 60 5167 1592 5242">
    <p class='ocr_par' dir='ltr' id='par_1_85' title="bbox 60 5167 1592 5242">
     <span class='ocr_line' id='line_1_85' title="bbox 60 5167 1592 5242; baseline 0.007 -17"><span class='ocrx_word' id='word_1_636' title='bbox 60 5174 419 5242; x_wconf 73' lang='grc' dir='ltr'>παραδέδοται</span> <span class='ocrx_word' id='word_1_637' title='bbox 449 5178 535 5240; x_wconf 81' lang='grc' dir='ltr'><strong>εις</strong></span> <span class='ocrx_word' id='word_1_638' title='bbox 565 5175 838 5240; x_wconf 53' lang='grc' dir='ltr'>ὄλεθρον</span> <span class='ocrx_word' id='word_1_639' title='bbox 892 5168 958 5240; x_wconf 80' lang='grc' dir='ltr'><strong>ἧς</strong></span> <span class='ocrx_word' id='word_1_640' title='bbox 986 5187 1014 5221; x_wconf 86' lang='grc' dir='ltr'><strong>τ</strong></span> <span class='ocrx_word' id='word_1_641' title='bbox 1023 5167 1412 5238; x_wconf 61' lang='grc' dir='ltr'>ιμωρουμένηςς</span> <span class='ocrx_word' id='word_1_642' title='bbox 1436 5168 1592 5236; x_wconf 50' lang='grc' dir='ltr'><strong>ἐκτή-</strong></span> 
     </span>
    </p>
   </div>
   <div class='ocr_carea' id='block_1_86' title="bbox 62 5257 1588 5337">
    <p class='ocr_par' dir='ltr' id='par_1_86' title="bbox 62 5257 1588 5337">
     <span class='ocr_line' id='line_1_86' title="bbox 62 5257 1588 5337; baseline -0.006 -19"><span class='ocrx_word' id='word_1_643' title='bbox 62 5284 192 5318; x_wconf 77' lang='grc' dir='ltr'>κεται</span> <span class='ocrx_word' id='word_1_644' title='bbox 237 5267 379 5337; x_wconf 77' lang='grc' dir='ltr'>ψυχὴ</span> <span class='ocrx_word' id='word_1_645' title='bbox 413 5265 788 5336; x_wconf 76' lang='grc' dir='ltr'>ὲξισχνουμένη</span> <span class='ocrx_word' id='word_1_646' title='bbox 824 5263 976 5332; x_wconf 86' lang='grc' dir='ltr'>δίκην</span> <span class='ocrx_word' id='word_1_647' title='bbox 1015 5260 1286 5331; x_wconf 73' lang='grc' dir='ltr'>ἀράχνηςο</span> <span class='ocrx_word' id='word_1_648' title='bbox 1317 5257 1394 5310; x_wconf 85' lang='grc' dir='ltr'><strong>διό</strong></span> <span class='ocrx_word' id='word_1_649' title='bbox 1427 5275 1588 5328; x_wconf 80' lang='grc' dir='ltr'>φησι·</span> 
     </span>
    </p>
   </div>
   <div class='ocr_carea' id='block_1_87' title="bbox 65 5350 1591 5424">
    <p class='ocr_par' dir='ltr' id='par_1_87' title="bbox 65 5350 1591 5424">
     <span class='ocr_line' id='line_1_87' title="bbox 65 5350 1591 5424; baseline -0.007 -12"><span class='ocrx_word' id='word_1_650' title='bbox 65 5359 149 5411; x_wconf 66' lang='lat' dir='ltr'><strong>Kal</strong></span> <span class='ocrx_word' id='word_1_651' title='bbox 175 5358 451 5424; x_wconf 73' lang='grc' dir='ltr'>ἐξέτηξας</span> <span class='ocrx_word' id='word_1_652' title='bbox 469 5359 550 5422; x_wconf 86' lang='grc' dir='ltr'>ὠς</span> <span class='ocrx_word' id='word_1_653' title='bbox 579 5355 846 5424; x_wconf 73' lang='grc' dir='ltr'>ἀράχνην</span> <span class='ocrx_word' id='word_1_654' title='bbox 875 5354 987 5420; x_wconf 82' lang='grc' dir='ltr'>τὴν</span> <span class='ocrx_word' id='word_1_655' title='bbox 1011 5351 1221 5421; x_wconf 72' lang='grc' dir='ltr'>ψυχὴν</span> <span class='ocrx_word' id='word_1_656' title='bbox 1250 5350 1433 5404; x_wconf 81' lang='grc' dir='ltr'>αὐτοῦ</span> <span class='ocrx_word' id='word_1_657' title='bbox 1453 5367 1465 5378; x_wconf 72' lang='grc' dir='ltr'><strong>ο</strong></span> <span class='ocrx_word' id='word_1_658' title='bbox 1497 5351 1591 5403; x_wconf 75' lang='grc' dir='ltr'><strong>καὶ</strong></span> 
     </span>
    </p>
   </div>
   <div class='ocr_carea' id='block_1_88' title="bbox 65 5443 1591 5519">
    <p class='ocr_par' dir='ltr' id='par_1_88' title="bbox 65 5443 1591 5519">
     <span class='ocr_line' id='line_1_88' title="bbox 65 5443 1591 5519; baseline -0.005 -19"><span class='ocrx_word' id='word_1_659' title='bbox 65 5451 274 5519; x_wconf 64' lang='grc' dir='ltr'>ἐπιλέγει</span> <span class='ocrx_word' id='word_1_660' title='bbox 294 5467 308 5481; x_wconf 90' lang='grc'><strong>·</strong></span> <span class='ocrx_word' id='word_1_661' title='bbox 330 5449 502 5517; x_wconf 76' lang='grc' dir='ltr'><strong>Πλὴν</strong></span> <span class='ocrx_word' id='word_1_662' title='bbox 529 5448 723 5517; x_wconf 74' lang='grc' dir='ltr'>μάτην</span> <span class='ocrx_word' id='word_1_663' title='bbox 743 5443 860 5510; x_wconf 81' lang='grc' dir='ltr'>πᾶς</span> <span class='ocrx_word' id='word_1_664' title='bbox 879 5444 1204 5514; x_wconf 72' lang='grc' dir='ltr'>ἄνθρωπος,</span> <span class='ocrx_word' id='word_1_665' title='bbox 1236 5443 1393 5496; x_wconf 79' lang='grc' dir='ltr'>πάλιν</span> <span class='ocrx_word' id='word_1_666' title='bbox 1421 5443 1510 5494; x_wconf 81' lang='grc' dir='ltr'><strong>τὸν</strong></span> <span class='ocrx_word' id='word_1_667' title='bbox 1533 5443 1591 5493; x_wconf 64' lang='grc' dir='ltr'>ἂν</span> 
     </span>
    </p>
   </div>
   <div class='ocr_carea' id='block_1_89' title="bbox 72 5534 1588 5615">
    <p class='ocr_par' dir='ltr' id='par_1_89' title="bbox 72 5534 1588 5615">
     <span class='ocr_line' id='line_1_89' title="bbox 72 5534 1588 5615; baseline -0.002 -26"><span class='ocrx_word' id='word_1_668' title='bbox 72 5539 127 5610; x_wconf 72' lang='grc' dir='ltr'>τῷ</span> <span class='ocrx_word' id='word_1_669' title='bbox 264 5542 436 5613; x_wconf 83' lang='grc' dir='ltr'>τούτῳ</span> <span class='ocrx_word' id='word_1_670' title='bbox 465 5541 588 5609; x_wconf 74' lang='grc' dir='ltr'>εἰκῆ</span> <span class='ocrx_word' id='word_1_671' title='bbox 620 5536 714 5592; x_wconf 75' lang='grc' dir='ltr'>καὶ</span> <span class='ocrx_word' id='word_1_672' title='bbox 746 5537 918 5607; x_wconf 78' lang='grc' dir='ltr'>μάτην</span> <span class='ocrx_word' id='word_1_673' title='bbox 965 5535 1263 5608; x_wconf 81' lang='grc' dir='ltr'>μοχθοῦντα</span> <span class='ocrx_word' id='word_1_674' title='bbox 1310 5534 1400 5586; x_wconf 72' lang='grc' dir='ltr'>καὶ</span> <span class='ocrx_word' id='word_1_675' title='bbox 1427 5549 1588 5587; x_wconf 84' lang='grc' dir='ltr'>κακο-</span> 
     </span>
    </p>
   </div>
   <div class='ocr_carea' id='block_1_90' title="bbox 71 5629 647 5694">
    <p class='ocr_par' dir='ltr' id='par_1_90' title="bbox 71 5629 647 5694">
     <span class='ocr_line' id='line_1_90' title="bbox 71 5629 647 5694; baseline -0.002 -9"><span class='ocrx_word' id='word_1_676' title='bbox 71 5633 306 5693; x_wconf 60' lang='grc' dir='ltr'>παθοῦντα</span> <span class='ocrx_word' id='word_1_677' title='bbox 333 5629 647 5694; x_wconf 72' lang='grc' dir='ltr'>ταλανίζων.</span> 
     </span>
    </p>
   </div>
   <div class='ocr_carea' id='block_1_91' title="bbox 157 5779 1234 5851">
    <p class='ocr_par' dir='ltr' id='par_1_91' title="bbox 157 5779 1234 5851">
     <span class='ocr_line' id='line_1_91' title="bbox 157 5779 1234 5851; baseline -0.007 -9"><span class='ocrx_word' id='word_1_678' title='bbox 157 5786 198 5818; x_wconf 80' lang='grc'><em>’⁸</em></span> <span class='ocrx_word' id='word_1_679' title='bbox 239 5791 385 5843; x_wconf 83' lang='lat' dir='ltr'><strong>Deut.</strong></span> <span class='ocrx_word' id='word_1_680' title='bbox 425 5803 614 5851; x_wconf 72' lang='lat' dir='ltr'><strong>usu,</strong></span> <span class='ocrx_word' id='word_1_681' title='bbox 657 5784 741 5839; x_wconf 78' lang='lat' dir='ltr'><strong>l5.</strong></span> <span class='ocrx_word' id='word_1_682' title='bbox 813 5783 855 5813; x_wconf 86' lang='lat'><strong>&quot;</strong></span> <span class='ocrx_word' id='word_1_683' title='bbox 897 5779 1069 5837; x_wconf 84' lang='lat' dir='ltr'><strong>lCor.</strong></span> <span class='ocrx_word' id='word_1_684' title='bbox 1104 5785 1234 5847; x_wconf 82' lang='lat' dir='ltr'><strong>v,5.</strong></span> 
     </span>
    </p>
   </div>
   <div class='ocr_carea' id='block_1_92' title="bbox 1707 3278 3265 3349">
    <p class='ocr_par' dir='ltr' id='par_1_92' title="bbox 1707 3278 3265 3349">
     <span class='ocr_line' id='line_1_92' title="bbox 1707 3278 3265 3349; baseline 0.003 -20"><span class='ocrx_word' id='word_1_685' title='bbox 1707 3293 1875 3345; x_wconf 87' lang='lat' dir='ltr'><strong>quare</strong></span> <span class='ocrx_word' id='word_1_686' title='bbox 1904 3278 2138 3340; x_wconf 85' lang='lat' dir='ltr'><strong>dicebat,</strong></span> <span class='ocrx_word' id='word_1_687' title='bbox 2177 3295 2267 3347; x_wconf 85' lang='lat' dir='ltr'><strong>ego</strong></span> <span class='ocrx_word' id='word_1_688' title='bbox 2291 3281 2342 3330; x_wconf 89' lang='lat' dir='ltr'><strong>in</strong></span> <span class='ocrx_word' id='word_1_689' title='bbox 2372 3280 2582 3348; x_wconf 81' lang='lat' dir='ltr'><strong>ﬂagella</strong></span> <span class='ocrx_word' id='word_1_690' title='bbox 2610 3290 2830 3346; x_wconf 88' lang='lat' dir='ltr'><strong>paratus</strong></span> <span class='ocrx_word' id='word_1_691' title='bbox 2863 3297 2998 3332; x_wconf 88' lang='lat' dir='ltr'><strong>sum.</strong></span> <span class='ocrx_word' id='word_1_692' title='bbox 3031 3279 3099 3332; x_wconf 79' lang='lat' dir='ltr'><strong>At</strong></span> <span class='ocrx_word' id='word_1_693' title='bbox 3126 3296 3265 3349; x_wconf 87' lang='lat' dir='ltr'><strong>quo-</strong></span> 
     </span>
    </p>
   </div>
   <div class='ocr_carea' id='block_1_93' title="bbox 1706 3365 3265 3434">
    <p class='ocr_par' dir='ltr' id='par_1_93' title="bbox 1706 3365 3265 3434">
     <span class='ocr_line' id='line_1_93' title="bbox 1706 3365 3265 3434; baseline 0.004 -17"><span class='ocrx_word' id='word_1_694' title='bbox 1706 3365 1848 3418; x_wconf 87' lang='lat' dir='ltr'><strong>niam</strong></span> <span class='ocrx_word' id='word_1_695' title='bbox 1872 3365 2127 3433; x_wconf 88' lang='lat' dir='ltr'><strong>deinceps</strong></span> <span class='ocrx_word' id='word_1_696' title='bbox 2158 3366 2364 3433; x_wconf 80' lang='lat' dir='ltr'><strong>llagella</strong></span> <span class='ocrx_word' id='word_1_697' title='bbox 2400 3377 2482 3417; x_wconf 86' lang='lat' dir='ltr'><strong>sat</strong></span> <span class='ocrx_word' id='word_1_698' title='bbox 2511 3375 2763 3434; x_wconf 77' lang='lat' dir='ltr'><strong>expertus</strong></span> <span class='ocrx_word' id='word_1_699' title='bbox 2797 3374 2940 3428; x_wconf 87' lang='lat' dir='ltr'><strong>erat,</strong></span> <span class='ocrx_word' id='word_1_700' title='bbox 2975 3383 3097 3420; x_wconf 90' lang='lat' dir='ltr'><strong>cum</strong></span> <span class='ocrx_word' id='word_1_701' title='bbox 3143 3383 3265 3424; x_wconf 89' lang='lat' dir='ltr'><strong>sese</strong></span> 
     </span>
    </p>
   </div>
   <div class='ocr_carea' id='block_1_94' title="bbox 1707 3455 3264 3524">
    <p class='ocr_par' dir='ltr' id='par_1_94' title="bbox 1707 3455 3264 3524">
     <span class='ocr_line' id='line_1_94' title="bbox 1707 3455 3264 3524; baseline 0.005 -20"><span class='ocrx_word' id='word_1_702' title='bbox 1707 3457 1921 3509; x_wconf 58' lang='lat' dir='ltr'><strong>.é-ait&#39;iIIB</strong></span> <span class='ocrx_word' id='word_1_703' title='bbox 1973 3455 2257 3519; x_wconf 84' lang='lat' dir='ltr'><strong>laceraret,</strong></span> <span class='ocrx_word' id='word_1_704' title='bbox 2307 3464 2558 3524; x_wconf 85' lang='lat' dir='ltr'><strong>precatur</strong></span> <span class='ocrx_word' id='word_1_705' title='bbox 2604 3456 2818 3508; x_wconf 90' lang='lat' dir='ltr'><strong>demum</strong></span> <span class='ocrx_word' id='word_1_706' title='bbox 2862 3472 3047 3508; x_wconf 63' lang='grc' dir='ltr'>(λοι-ιω]</span> <span class='ocrx_word' id='word_1_707' title='bbox 3104 3459 3264 3512; x_wconf 77' lang='lat' dir='ltr'><strong>liuent</strong></span> 
     </span>
    </p>
   </div>
   <div class='ocr_carea' id='block_1_95' title="bbox 1704 3542 3259 3613">
    <p class='ocr_par' dir='ltr' id='par_1_95' title="bbox 1704 3542 3259 3613">
     <span class='ocr_line' id='line_1_95' title="bbox 1704 3542 3259 3613; baseline 0.002 -16"><span class='ocrx_word' id='word_1_708' title='bbox 1704 3545 1819 3597; x_wconf 87' lang='lat' dir='ltr'><strong>dari</strong></span> <span class='ocrx_word' id='word_1_709' title='bbox 1853 3552 1905 3596; x_wconf 91' lang='lat' dir='ltr'><strong>et</strong></span> <span class='ocrx_word' id='word_1_710' title='bbox 1941 3545 2027 3596; x_wconf 89' lang='lat' dir='ltr'><strong>hic</strong></span> <span class='ocrx_word' id='word_1_711' title='bbox 2060 3546 2254 3596; x_wconf 75' lang='lat' dir='ltr'><strong>sistere</strong></span> <span class='ocrx_word' id='word_1_712' title='bbox 2283 3542 2510 3613; x_wconf 83' lang='lat' dir='ltr'><strong>ﬂagella,</strong></span> <span class='ocrx_word' id='word_1_713' title='bbox 2546 3560 2605 3597; x_wconf 90' lang='lat' dir='ltr'><strong>ac</strong></span> <span class='ocrx_word' id='word_1_714' title='bbox 2658 3544 2912 3612; x_wconf 70' lang='lat' dir='ltr'><strong>deillct‘lla</strong></span> <span class='ocrx_word' id='word_1_715' title='bbox 2961 3546 3042 3598; x_wconf 82' lang='lat' dir='ltr'><strong>his</strong></span> <span class='ocrx_word' id='word_1_716' title='bbox 3075 3547 3259 3600; x_wconf 85' lang='lat' dir='ltr'><strong>verbis</strong></span> 
     </span>
    </p>
   </div>
   <div class='ocr_carea' id='block_1_96' title="bbox 1703 3635 3263 3706">
    <p class='ocr_par' dir='ltr' id='par_1_96' title="bbox 1703 3635 3263 3706">
     <span class='ocr_line' id='line_1_96' title="bbox 1703 3635 3263 3706; baseline 0.002 -18"><span class='ocrx_word' id='word_1_717' title='bbox 1703 3639 2004 3706; x_wconf 63' lang='lat' dir='ltr'><strong>confitetur,</strong></span> <span class='ocrx_word' id='word_1_718' title='bbox 2050 3653 2080 3687; x_wconf 94' lang='lat' dir='ltr'><strong>a</strong></span> <span class='ocrx_word' id='word_1_719' title='bbox 2116 3635 2420 3702; x_wconf 74' lang='lat' dir='ltr'><strong>fortitudine</strong></span> <span class='ocrx_word' id='word_1_720' title='bbox 2462 3639 2649 3687; x_wconf 57' lang='lat' dir='ltr'><strong>mam“</strong></span> <span class='ocrx_word' id='word_1_721' title='bbox 2696 3645 2798 3688; x_wconf 82' lang='lat' dir='ltr'><strong>tuw</strong></span> <span class='ocrx_word' id='word_1_722' title='bbox 2836 3653 2925 3705; x_wconf 87' lang='lat' dir='ltr'><strong>ego</strong></span> <span class='ocrx_word' id='word_1_723' title='bbox 2972 3637 3153 3704; x_wconf 74' lang='lat' dir='ltr'><strong>deferi.</strong></span> <span class='ocrx_word' id='word_1_724' title='bbox 3187 3636 3263 3691; x_wconf 85' lang='lat' dir='ltr'><strong>De</strong></span> 
     </span>
    </p>
   </div>
   <div class='ocr_carea' id='block_1_97' title="bbox 1705 3727 3262 3796">
    <p class='ocr_par' dir='ltr' id='par_1_97' title="bbox 1705 3727 3262 3796">
     <span class='ocr_line' id='line_1_97' title="bbox 1705 3727 3262 3796; baseline 0.001 -18"><span class='ocrx_word' id='word_1_725' title='bbox 1705 3727 1802 3779; x_wconf 91' lang='lat' dir='ltr'><strong>hac</strong></span> <span class='ocrx_word' id='word_1_726' title='bbox 1835 3741 1996 3795; x_wconf 86' lang='lat' dir='ltr'><strong>porro</strong></span> <span class='ocrx_word' id='word_1_727' title='bbox 2026 3741 2187 3780; x_wconf 87' lang='lat' dir='ltr'><strong>manu</strong></span> <span class='ocrx_word' id='word_1_728' title='bbox 2213 3729 2464 3795; x_wconf 90' lang='lat' dir='ltr'><strong>superius</strong></span> <span class='ocrx_word' id='word_1_729' title='bbox 2493 3728 2719 3788; x_wconf 83' lang='lat' dir='ltr'><strong>dictum,</strong></span> <span class='ocrx_word' id='word_1_730' title='bbox 2754 3729 3082 3793; x_wconf 86' lang='lat' dir='ltr'><strong>conﬁrmasti</strong></span> <span class='ocrx_word' id='word_1_731' title='bbox 3106 3743 3262 3796; x_wconf 84' lang='lat' dir='ltr'><strong>super</strong></span> 
     </span>
    </p>
   </div>
   <div class='ocr_carea' id='block_1_98' title="bbox 1702 3816 3260 3884">
    <p class='ocr_par' dir='ltr' id='par_1_98' title="bbox 1702 3816 3260 3884">
     <span class='ocr_line' id='line_1_98' title="bbox 1702 3816 3260 3884; baseline 0.004 -17"><span class='ocrx_word' id='word_1_732' title='bbox 1702 3833 1780 3868; x_wconf 85' lang='lat' dir='ltr'><strong>me</strong></span> <span class='ocrx_word' id='word_1_733' title='bbox 1799 3833 2009 3868; x_wconf 86' lang='lat' dir='ltr'><strong>manum</strong></span> <span class='ocrx_word' id='word_1_734' title='bbox 2042 3827 2202 3870; x_wconf 90' lang='lat' dir='ltr'><strong>tuam.</strong></span> <span class='ocrx_word' id='word_1_735' title='bbox 2232 3816 2344 3871; x_wconf 89' lang='lat' dir='ltr'><strong>Sub</strong></span> <span class='ocrx_word' id='word_1_736' title='bbox 2375 3819 2488 3871; x_wconf 75' lang='lat' dir='ltr'><strong>haec</strong></span> <span class='ocrx_word' id='word_1_737' title='bbox 2519 3819 2698 3884; x_wconf 86' lang='lat' dir='ltr'><strong>docet,</strong></span> <span class='ocrx_word' id='word_1_738' title='bbox 2732 3831 2949 3870; x_wconf 87' lang='lat' dir='ltr'><strong>manum</strong></span> <span class='ocrx_word' id='word_1_739' title='bbox 2982 3817 3128 3871; x_wconf 89' lang='lat' dir='ltr'><strong>illam</strong></span> <span class='ocrx_word' id='word_1_740' title='bbox 3151 3835 3260 3874; x_wconf 90' lang='lat' dir='ltr'><strong>non</strong></span> 
     </span>
    </p>
   </div>
   <div class='ocr_carea' id='block_1_99' title="bbox 1702 3908 3256 3980">
    <p class='ocr_par' dir='ltr' id='par_1_99' title="bbox 1702 3908 3256 3980">
     <span class='ocr_line' id='line_1_99' title="bbox 1702 3908 3256 3980; baseline 0.003 -20"><span class='ocrx_word' id='word_1_741' title='bbox 1702 3908 1902 3962; x_wconf 81' lang='lat' dir='ltr'><strong>frustra</strong></span> <span class='ocrx_word' id='word_1_742' title='bbox 1932 3910 2229 3978; x_wconf 86' lang='lat' dir='ltr'><strong>corrigere,</strong></span> <span class='ocrx_word' id='word_1_743' title='bbox 2261 3926 2435 3980; x_wconf 90' lang='lat' dir='ltr'><strong>neque</strong></span> <span class='ocrx_word' id='word_1_744' title='bbox 2483 3910 2535 3963; x_wconf 91' lang='lat' dir='ltr'><strong>in</strong></span> <span class='ocrx_word' id='word_1_745' title='bbox 2580 3925 2794 3964; x_wconf 85' lang='lat' dir='ltr'><strong>cassum</strong></span> <span class='ocrx_word' id='word_1_746' title='bbox 2830 3910 3118 3979; x_wconf 83' lang='lat' dir='ltr'><strong>castigare,</strong></span> <span class='ocrx_word' id='word_1_747' title='bbox 3162 3911 3256 3965; x_wconf 87' lang='lat' dir='ltr'><strong>sed</strong></span> 
     </span>
    </p>
   </div>
   <div class='ocr_carea' id='block_1_100' title="bbox 1699 4001 3266 4070">
    <p class='ocr_par' dir='ltr' id='par_1_100' title="bbox 1699 4001 3266 4070">
     <span class='ocr_line' id='line_1_100' title="bbox 1699 4001 3266 4070; baseline 0.003 -19"><span class='ocrx_word' id='word_1_748' title='bbox 1699 4015 1796 4068; x_wconf 90' lang='lat' dir='ltr'><strong>pro</strong></span> <span class='ocrx_word' id='word_1_749' title='bbox 1829 4001 2106 4068; x_wconf 88' lang='lat' dir='ltr'><strong>peccantis</strong></span> <span class='ocrx_word' id='word_1_750' title='bbox 2133 4001 2363 4054; x_wconf 84' lang='lat' dir='ltr'><strong>utilitate</strong></span> <span class='ocrx_word' id='word_1_751' title='bbox 2390 4015 2590 4070; x_wconf 90' lang='lat' dir='ltr'><strong>.quare</strong></span> <span class='ocrx_word' id='word_1_752' title='bbox 2612 4003 2708 4062; x_wconf 86' lang='lat' dir='ltr'><strong>ait,</strong></span> <span class='ocrx_word' id='word_1_753' title='bbox 2738 4002 2790 4054; x_wconf 89' lang='lat' dir='ltr'><strong>in</strong></span> <span class='ocrx_word' id='word_1_754' title='bbox 2819 4002 3266 4068; x_wconf 70' lang='lat' dir='ltr'><strong>increpationibus</strong></span> 
     </span>
    </p>
   </div>
   <div class='ocr_carea' id='block_1_101' title="bbox 1696 4081 3257 4164">
    <p class='ocr_par' dir='ltr' id='par_1_101' title="bbox 1696 4081 3257 4164">
     <span class='ocr_line' id='line_1_101' title="bbox 1696 4081 3257 4164; baseline 0.004 -23"><span class='ocrx_word' id='word_1_755' title='bbox 1696 4099 1903 4158; x_wconf 85' lang='lat' dir='ltr'><strong>propter</strong></span> <span class='ocrx_word' id='word_1_756' title='bbox 1932 4092 2260 4164; x_wconf 71' lang='lat' dir='ltr'><strong>iniquitatem</strong></span> <span class='ocrx_word' id='word_1_757' title='bbox 2312 4093 2613 4160; x_wconf 86' lang='lat' dir='ltr'><strong>corripuisti</strong></span> <span class='ocrx_word' id='word_1_758' title='bbox 2652 4092 2928 4145; x_wconf 81' lang='lat' dir='ltr'><strong>hominem.</strong></span> <span class='ocrx_word' id='word_1_759' title='bbox 2982 4091 3114 4146; x_wconf 89' lang='lat' dir='ltr'><strong>Nam</strong></span> <span class='ocrx_word' id='word_1_760' title='bbox 3157 4081 3257 4161; x_wconf 75' lang='lat' dir='ltr'><strong>pro</strong></span> 
     </span>
    </p>
   </div>
   <div class='ocr_carea' id='block_1_102' title="bbox 1698 4180 3262 4251">
    <p class='ocr_par' dir='ltr' id='par_1_102' title="bbox 1698 4180 3262 4251">
     <span class='ocr_line' id='line_1_102' title="bbox 1698 4180 3262 4251; baseline 0.001 -17"><span class='ocrx_word' id='word_1_761' title='bbox 1698 4182 1932 4234; x_wconf 81' lang='lat' dir='ltr'><strong>admissa</strong></span> <span class='ocrx_word' id='word_1_762' title='bbox 1980 4182 2285 4250; x_wconf 88' lang='lat' dir='ltr'><strong>iniquitate,</strong></span> <span class='ocrx_word' id='word_1_763' title='bbox 2323 4190 2375 4236; x_wconf 88' lang='lat' dir='ltr'><strong>et</strong></span> <span class='ocrx_word' id='word_1_764' title='bbox 2416 4198 2515 4251; x_wconf 89' lang='lat' dir='ltr'><strong>pro</strong></span> <span class='ocrx_word' id='word_1_765' title='bbox 2557 4192 2777 4250; x_wconf 81' lang='lat' dir='ltr'><strong>peccato</strong></span> <span class='ocrx_word' id='word_1_766' title='bbox 2822 4180 2968 4234; x_wconf 91' lang='lat' dir='ltr'><strong>edito</strong></span> <span class='ocrx_word' id='word_1_767' title='bbox 3004 4195 3127 4234; x_wconf 90' lang='lat' dir='ltr'><strong>eum</strong></span> <span class='ocrx_word' id='word_1_768' title='bbox 3161 4181 3262 4251; x_wconf 83' lang='lat' dir='ltr'><strong>qu&#39;.</strong></span> 
     </span>
    </p>
   </div>
   <div class='ocr_carea' id='block_1_103' title="bbox 1696 4271 3249 4343">
    <p class='ocr_par' dir='ltr' id='par_1_103' title="bbox 1696 4271 3249 4343">
     <span class='ocr_line' id='line_1_103' title="bbox 1696 4271 3249 4343; baseline 0 -18"><span class='ocrx_word' id='word_1_769' title='bbox 1696 4272 2090 4341; x_wconf 89' lang='lat' dir='ltr'><strong>corripiebatur</strong></span> <span class='ocrx_word' id='word_1_770' title='bbox 2120 4289 2375 4343; x_wconf 78' lang='lat' dir='ltr'><strong>arguens,</strong></span> <span class='ocrx_word' id='word_1_771' title='bbox 2414 4271 2622 4341; x_wconf 78' lang='lat' dir='ltr'><strong>flagella</strong></span> <span class='ocrx_word' id='word_1_772' title='bbox 2647 4280 2702 4325; x_wconf 90' lang='lat' dir='ltr'><strong>et</strong></span> <span class='ocrx_word' id='word_1_773' title='bbox 2740 4281 3092 4324; x_wconf 88' lang='lat' dir='ltr'><strong>memoratam</strong></span> <span class='ocrx_word' id='word_1_774' title='bbox 3130 4288 3249 4325; x_wconf 83' lang='lat' dir='ltr'><strong>ma-</strong></span> 
     </span>
    </p>
   </div>
   <div class='ocr_carea' id='block_1_104' title="bbox 1694 4359 3253 4430">
    <p class='ocr_par' dir='ltr' id='par_1_104' title="bbox 1694 4359 3253 4430">
     <span class='ocr_line' id='line_1_104' title="bbox 1694 4359 3253 4430; baseline -0.001 -16"><span class='ocrx_word' id='word_1_775' title='bbox 1694 4376 1821 4414; x_wconf 90' lang='lat' dir='ltr'><strong>num</strong></span> <span class='ocrx_word' id='word_1_776' title='bbox 1847 4360 2108 4416; x_wconf 81' lang='lat' dir='ltr'><strong>inﬂixisti.</strong></span> <span class='ocrx_word' id='word_1_777' title='bbox 2147 4361 2307 4416; x_wconf 82' lang='lat' dir='ltr'><strong>Hisce</strong></span> <span class='ocrx_word' id='word_1_778' title='bbox 2329 4376 2491 4430; x_wconf 89' lang='lat' dir='ltr'><strong>porro</strong></span> <span class='ocrx_word' id='word_1_779' title='bbox 2523 4359 2756 4412; x_wconf 91' lang='lat' dir='ltr'><strong>animam</strong></span> <span class='ocrx_word' id='word_1_780' title='bbox 2780 4359 2926 4412; x_wconf 88' lang='lat' dir='ltr'><strong>illius</strong></span> <span class='ocrx_word' id='word_1_781' title='bbox 2951 4359 3044 4427; x_wconf 92' lang='lat' dir='ltr'><strong>qui</strong></span> <span class='ocrx_word' id='word_1_782' title='bbox 3076 4363 3253 4413; x_wconf 81' lang='lat' dir='ltr'><strong>corri-</strong></span> 
     </span>
    </p>
   </div>
   <div class='ocr_carea' id='block_1_105' title="bbox 1694 4437 3254 4518">
    <p class='ocr_par' dir='ltr' id='par_1_105' title="bbox 1694 4437 3254 4518">
     <span class='ocr_line' id='line_1_105' title="bbox 1694 4437 3254 4518; baseline -0.001 -16"><span class='ocrx_word' id='word_1_783' title='bbox 1694 4449 1938 4518; x_wconf 89' lang='lat' dir='ltr'><strong>piebatur</strong></span> <span class='ocrx_word' id='word_1_784' title='bbox 1965 4452 2246 4505; x_wconf 89' lang='lat' dir='ltr'><strong>tabescere</strong></span> <span class='ocrx_word' id='word_1_785' title='bbox 2268 4449 2462 4511; x_wconf 89' lang='lat' dir='ltr'><strong>fecisti,</strong></span> <span class='ocrx_word' id='word_1_786' title='bbox 2492 4437 2851 4516; x_wconf 65' lang='lat' dir='ltr'><strong>proutilitate</strong></span> <span class='ocrx_word' id='word_1_787' title='bbox 2881 4448 3050 4518; x_wconf 88' lang='lat' dir='ltr'><strong>ipsius</strong></span> <span class='ocrx_word' id='word_1_788' title='bbox 3075 4450 3254 4502; x_wconf 80' lang='lat' dir='ltr'><strong>humi—</strong></span> 
     </span>
    </p>
   </div>
   <div class='ocr_carea' id='block_1_106' title="bbox 1696 4530 3251 4609">
    <p class='ocr_par' dir='ltr' id='par_1_106' title="bbox 1696 4530 3251 4609">
     <span class='ocr_line' id='line_1_106' title="bbox 1696 4530 3251 4609; baseline 0.001 -19"><span class='ocrx_word' id='word_1_789' title='bbox 1696 4538 1876 4609; x_wconf 88' lang='lat' dir='ltr'><strong>liatam</strong></span> <span class='ocrx_word' id='word_1_790' title='bbox 1912 4537 1971 4592; x_wconf 74' lang='lat' dir='ltr'><strong>et&#39;</strong></span> <span class='ocrx_word' id='word_1_791' title='bbox 1990 4545 2352 4593; x_wconf 67' lang='lat' dir='ltr'><strong>extenuatam.</strong></span> <span class='ocrx_word' id='word_1_792' title='bbox 2389 4536 2520 4590; x_wconf 87' lang='lat' dir='ltr'><strong>Nam</strong></span> <span class='ocrx_word' id='word_1_793' title='bbox 2547 4553 2655 4607; x_wconf 90' lang='lat' dir='ltr'><strong>quo</strong></span> <span class='ocrx_word' id='word_1_794' title='bbox 2684 4530 2931 4607; x_wconf 72' lang='lat' dir='ltr'><strong>tempore</strong></span> <span class='ocrx_word' id='word_1_795' title='bbox 2958 4531 3251 4592; x_wconf 75' lang='lat' dir='ltr'><strong>in&#39;deliciis</strong></span> 
     </span>
    </p>
   </div>
   <div class='ocr_carea' id='block_1_107' title="bbox 1698 4624 3248 4701">
    <p class='ocr_par' dir='ltr' id='par_1_107' title="bbox 1698 4624 3248 4701">
     <span class='ocr_line' id='line_1_107' title="bbox 1698 4624 3248 4701; baseline 0.001 -19"><span class='ocrx_word' id='word_1_796' title='bbox 1698 4631 1907 4701; x_wconf 86' lang='lat' dir='ltr'><strong>agebat,</strong></span> <span class='ocrx_word' id='word_1_797' title='bbox 1942 4640 2054 4684; x_wconf 86' lang='lat' dir='ltr'><strong>tum</strong></span> <span class='ocrx_word' id='word_1_798' title='bbox 2087 4631 2140 4682; x_wconf 93' lang='lat' dir='ltr'><strong>in</strong></span> <span class='ocrx_word' id='word_1_799' title='bbox 2169 4637 2389 4698; x_wconf 88' lang='lat' dir='ltr'><strong>peccata</strong></span> <span class='ocrx_word' id='word_1_800' title='bbox 2421 4624 2569 4698; x_wconf 85' lang='lat' dir='ltr'><strong>lapsa</strong></span> <span class='ocrx_word' id='word_1_801' title='bbox 2602 4637 2705 4692; x_wconf 88' lang='lat' dir='ltr'><strong>est,</strong></span> <span class='ocrx_word' id='word_1_802' title='bbox 2743 4629 3049 4683; x_wconf 72' lang='lat' dir='ltr'><strong>secundum</strong></span> <span class='ocrx_word' id='word_1_803' title='bbox 3074 4630 3205 4684; x_wconf 91' lang='lat' dir='ltr'><strong>illud</strong></span> <span class='ocrx_word' id='word_1_804' title='bbox 3233 4647 3248 4683; x_wconf 68' lang='grc' dir='ltr'><strong>τ</strong></span> 
     </span>
    </p>
   </div>
   <div class='ocr_carea' id='block_1_108' title="bbox 1699 4706 3248 4788">
    <p class='ocr_par' dir='ltr' id='par_1_108' title="bbox 1699 4706 3248 4788">
     <span class='ocr_line' id='line_1_108' title="bbox 1699 4706 3248 4788; baseline -0.001 -14"><span class='ocrx_word' id='word_1_805' title='bbox 1699 4720 1931 4774; x_wconf 87' lang='lat' dir='ltr'><strong>Comedit</strong></span> <span class='ocrx_word' id='word_1_806' title='bbox 1960 4729 2008 4773; x_wconf 82' lang='lat' dir='ltr'><strong>et</strong></span> <span class='ocrx_word' id='word_1_807' title='bbox 2035 4706 2160 4772; x_wconf 83' lang='lat' dir='ltr'><strong>bibit</strong></span> <span class='ocrx_word' id='word_1_808' title='bbox 2181 4717 2368 4783; x_wconf 77' lang='lat' dir='ltr'><strong>Iacob,</strong></span> <span class='ocrx_word' id='word_1_809' title='bbox 2395 4731 2444 4772; x_wconf 88' lang='lat' dir='ltr'><strong>et</strong></span> <span class='ocrx_word' id='word_1_810' title='bbox 2471 4720 2821 4773; x_wconf 77' lang='lat' dir='ltr'><strong>recalcitraoit</strong></span> <span class='ocrx_word' id='word_1_811' title='bbox 2855 4711 3076 4772; x_wconf 80' lang='lat' dir='ltr'><strong>dilectus</strong></span> <span class='ocrx_word' id='word_1_812' title='bbox 3106 4729 3154 4772; x_wconf 87' lang='lat' dir='ltr'><strong>et</strong></span> <span class='ocrx_word' id='word_1_813' title='bbox 3177 4720 3248 4788; x_wconf 87' lang='lat' dir='ltr'><strong>in-</strong></span> 
     </span>
    </p>
   </div>
   <div class='ocr_carea' id='block_1_109' title="bbox 1697 4811 3249 4882">
    <p class='ocr_par' dir='ltr' id='par_1_109' title="bbox 1697 4811 3249 4882">
     <span class='ocr_line' id='line_1_109' title="bbox 1697 4811 3249 4882; baseline -0.001 -17"><span class='ocrx_word' id='word_1_814' title='bbox 1697 4811 1960 4865; x_wconf 72' lang='lat' dir='ltr'><strong>crassatus</strong></span> <span class='ocrx_word' id='word_1_815' title='bbox 1984 4822 2080 4875; x_wconf 88' lang='lat' dir='ltr'><strong>est,</strong></span> <span class='ocrx_word' id='word_1_816' title='bbox 2102 4822 2151 4866; x_wconf 84' lang='lat' dir='ltr'><strong>et</strong></span> <span class='ocrx_word' id='word_1_817' title='bbox 2176 4815 2386 4868; x_wconf 81' lang='lat' dir='ltr'><strong>recessit</strong></span> <span class='ocrx_word' id='word_1_818' title='bbox 2404 4831 2444 4867; x_wconf 78' lang='grc' dir='ltr'><strong>α</strong></span> <span class='ocrx_word' id='word_1_819' title='bbox 2468 4814 2569 4866; x_wconf 83' lang='lat' dir='ltr'><strong>Deo</strong></span> <span class='ocrx_word' id='word_1_820' title='bbox 2592 4815 2680 4882; x_wconf 84' lang='lat' dir='ltr'><strong>qui</strong></span> <span class='ocrx_word' id='word_1_821' title='bbox 2712 4815 2973 4866; x_wconf 83' lang='lat' dir='ltr'><strong>nutriebat</strong></span> <span class='ocrx_word' id='word_1_822' title='bbox 2997 4813 3164 4879; x_wconf 86' lang='lat' dir='ltr'><strong>ipsum</strong></span> <span class='ocrx_word' id='word_1_823' title='bbox 3178 4812 3249 4869; x_wconf 80' lang='lat'><strong>“.</strong></span> 
     </span>
    </p>
   </div>
   <div class='ocr_carea' id='block_1_110' title="bbox 1697 4899 3246 4968">
    <p class='ocr_par' dir='ltr' id='par_1_110' title="bbox 1697 4899 3246 4968">
     <span class='ocr_line' id='line_1_110' title="bbox 1697 4899 3246 4968; baseline 0.001 -16"><span class='ocrx_word' id='word_1_824' title='bbox 1697 4900 2076 4964; x_wconf 88' lang='lat' dir='ltr'><strong>Quamobrem,</strong></span> <span class='ocrx_word' id='word_1_825' title='bbox 2121 4909 2177 4952; x_wconf 92' lang='lat' dir='ltr'><strong>ut</strong></span> <span class='ocrx_word' id='word_1_826' title='bbox 2223 4902 2442 4968; x_wconf 85' lang='lat' dir='ltr'><strong>spiritus</strong></span> <span class='ocrx_word' id='word_1_827' title='bbox 2479 4901 2656 4954; x_wconf 78' lang='lat' dir='ltr'><strong>salvus</strong></span> <span class='ocrx_word' id='word_1_828' title='bbox 2698 4902 2766 4953; x_wconf 90' lang='lat' dir='ltr'><strong>sit</strong></span> <span class='ocrx_word' id='word_1_829' title='bbox 2803 4903 2855 4953; x_wconf 92' lang='lat' dir='ltr'><strong>in</strong></span> <span class='ocrx_word' id='word_1_830' title='bbox 2889 4900 2972 4952; x_wconf 80' lang='lat' dir='ltr'><strong>die</strong></span> <span class='ocrx_word' id='word_1_831' title='bbox 3010 4899 3246 4964; x_wconf 86' lang='lat' dir='ltr'><strong>Domini,</strong></span> 
     </span>
    </p>
   </div>
   <div class='ocr_carea' id='block_1_111' title="bbox 1697 4977 3247 5059">
    <p class='ocr_par' dir='ltr' id='par_1_111' title="bbox 1697 4977 3247 5059">
     <span class='ocr_line' id='line_1_111' title="bbox 1697 4977 3247 5059; baseline 0.001 -15"><span class='ocrx_word' id='word_1_832' title='bbox 1697 5007 1819 5045; x_wconf 82' lang='lat' dir='ltr'><strong>caro</strong></span> <span class='ocrx_word' id='word_1_833' title='bbox 1842 4989 2037 5046; x_wconf 85' lang='lat' dir='ltr'><strong>tradita</strong></span> <span class='ocrx_word' id='word_1_834' title='bbox 2075 5001 2151 5044; x_wconf 87' lang='lat' dir='ltr'><strong>est</strong></span> <span class='ocrx_word' id='word_1_835' title='bbox 2181 4994 2236 5044; x_wconf 91' lang='lat' dir='ltr'><strong>in</strong></span> <span class='ocrx_word' id='word_1_836' title='bbox 2267 4993 2531 5046; x_wconf 86' lang='lat' dir='ltr'><strong>interitum</strong></span> <span class='ocrx_word' id='word_1_837' title='bbox 2553 4992 2597 5022; x_wconf 79' lang='lat'>“</span> <span class='ocrx_word' id='word_1_838' title='bbox 2625 5007 2640 5043; x_wconf 86' lang='lat'>:</span> <span class='ocrx_word' id='word_1_839' title='bbox 2669 5006 2775 5059; x_wconf 91' lang='lat' dir='ltr'><strong>qua</strong></span> <span class='ocrx_word' id='word_1_840' title='bbox 2819 4990 3084 5058; x_wconf 86' lang='lat' dir='ltr'><strong>supplicio</strong></span> <span class='ocrx_word' id='word_1_841' title='bbox 3115 4977 3247 5045; x_wconf 75' lang='lat' dir='ltr'><strong>affe-</strong></span> 
     </span>
    </p>
   </div>
   <div class='ocr_carea' id='block_1_112' title="bbox 1697 5081 3243 5145">
    <p class='ocr_par' dir='ltr' id='par_1_112' title="bbox 1697 5081 3243 5145">
     <span class='ocr_line' id='line_1_112' title="bbox 1697 5081 3243 5145; baseline -0.003 -8"><span class='ocrx_word' id='word_1_842' title='bbox 1697 5090 1804 5145; x_wconf 80' lang='lat' dir='ltr'><strong>cts,</strong></span> <span class='ocrx_word' id='word_1_843' title='bbox 1854 5081 2034 5135; x_wconf 86' lang='lat' dir='ltr'><strong>anima</strong></span> <span class='ocrx_word' id='word_1_844' title='bbox 2086 5083 2312 5137; x_wconf 85' lang='lat' dir='ltr'><strong>tabescit</strong></span> <span class='ocrx_word' id='word_1_845' title='bbox 2347 5089 2401 5137; x_wconf 92' lang='lat' dir='ltr'><strong>et</strong></span> <span class='ocrx_word' id='word_1_846' title='bbox 2446 5087 2773 5136; x_wconf 76' lang='lat' dir='ltr'><strong>extenuatur</strong></span> <span class='ocrx_word' id='word_1_847' title='bbox 2825 5082 2964 5132; x_wconf 89' lang='lat' dir='ltr'><strong>sicut</strong></span> <span class='ocrx_word' id='word_1_848' title='bbox 3004 5093 3243 5134; x_wconf 86' lang='lat' dir='ltr'><strong>aranea:</strong></span> 
     </span>
    </p>
   </div>
   <div class='ocr_carea' id='block_1_113' title="bbox 1693 5173 3244 5242">
    <p class='ocr_par' dir='ltr' id='par_1_113' title="bbox 1693 5173 3244 5242">
     <span class='ocr_line' id='line_1_113' title="bbox 1693 5173 3244 5242; baseline -0.002 -16"><span class='ocrx_word' id='word_1_849' title='bbox 1693 5174 1812 5229; x_wconf 88' lang='lat' dir='ltr'><strong>ideo</strong></span> <span class='ocrx_word' id='word_1_850' title='bbox 1843 5174 1935 5238; x_wconf 87' lang='lat' dir='ltr'><strong>ait,</strong></span> <span class='ocrx_word' id='word_1_851' title='bbox 1967 5173 2034 5227; x_wconf 84' lang='lat' dir='ltr'><strong>Et</strong></span> <span class='ocrx_word' id='word_1_852' title='bbox 2075 5177 2331 5235; x_wconf 82' lang='lat' dir='ltr'><strong>tabescere</strong></span> <span class='ocrx_word' id='word_1_853' title='bbox 2357 5174 2525 5242; x_wconf 78' lang='lat' dir='ltr'><strong>fecisti</strong></span> <span class='ocrx_word' id='word_1_854' title='bbox 2557 5175 2692 5227; x_wconf 82' lang='lat' dir='ltr'><strong>sicut</strong></span> <span class='ocrx_word' id='word_1_855' title='bbox 2724 5187 2970 5226; x_wconf 85' lang='lat' dir='ltr'><strong>araneam</strong></span> <span class='ocrx_word' id='word_1_856' title='bbox 3013 5173 3244 5223; x_wconf 77' lang='lat' dir='ltr'><strong>animum</strong></span> 
     </span>
    </p>
   </div>
   <div class='ocr_carea' id='block_1_114' title="bbox 1694 5261 3243 5334">
    <p class='ocr_par' dir='ltr' id='par_1_114' title="bbox 1694 5261 3243 5334">
     <span class='ocr_line' id='line_1_114' title="bbox 1694 5261 3243 5334; baseline -0.005 -16"><span class='ocrx_word' id='word_1_857' title='bbox 1694 5280 1860 5318; x_wconf 79' lang='lat' dir='ltr'><strong>meam</strong></span> <span class='ocrx_word' id='word_1_858' title='bbox 1895 5281 1911 5318; x_wconf 93' lang='lat'><em>:</em></span> <span class='ocrx_word' id='word_1_859' title='bbox 1942 5267 2140 5334; x_wconf 87' lang='lat' dir='ltr'><strong>quibus</strong></span> <span class='ocrx_word' id='word_1_860' title='bbox 2201 5265 2424 5333; x_wconf 86' lang='lat' dir='ltr'><strong>adjicit,</strong></span> <span class='ocrx_word' id='word_1_861' title='bbox 2476 5264 2839 5319; x_wconf 74' lang='lat' dir='ltr'><strong>Verumtamen</strong></span> <span class='ocrx_word' id='word_1_862' title='bbox 2902 5276 3029 5313; x_wconf 78' lang='lat' dir='ltr'><strong>vane</strong></span> <span class='ocrx_word' id='word_1_863' title='bbox 3078 5261 3243 5312; x_wconf 75' lang='lat' dir='ltr'><strong>omnis</strong></span> 
     </span>
    </p>
   </div>
   <div class='ocr_carea' id='block_1_115' title="bbox 1693 5347 3243 5426">
    <p class='ocr_par' dir='ltr' id='par_1_115' title="bbox 1693 5347 3243 5426">
     <span class='ocr_line' id='line_1_115' title="bbox 1693 5347 3243 5426; baseline -0.006 -18"><span class='ocrx_word' id='word_1_864' title='bbox 1693 5358 1863 5420; x_wconf 83' lang='lat' dir='ltr'><strong>homo,</strong></span> <span class='ocrx_word' id='word_1_865' title='bbox 1907 5357 2167 5412; x_wconf 83' lang='lat' dir='ltr'><strong>miserum</strong></span> <span class='ocrx_word' id='word_1_866' title='bbox 2212 5357 2390 5410; x_wconf 90' lang='lat' dir='ltr'><strong>denuo</strong></span> <span class='ocrx_word' id='word_1_867' title='bbox 2414 5355 2719 5426; x_wconf 61' lang='lat' dir='ltr'><strong>medicans</strong></span> <span class='ocrx_word' id='word_1_868' title='bbox 2750 5368 2892 5415; x_wconf 90' lang='lat' dir='ltr'><strong>eum,</strong></span> <span class='ocrx_word' id='word_1_869' title='bbox 2935 5350 3026 5419; x_wconf 89' lang='lat' dir='ltr'><strong>qui</strong></span> <span class='ocrx_word' id='word_1_870' title='bbox 3058 5349 3110 5400; x_wconf 93' lang='lat' dir='ltr'><strong>in</strong></span> <span class='ocrx_word' id='word_1_871' title='bbox 3143 5347 3243 5400; x_wconf 83' lang='lat' dir='ltr'><strong>hac</strong></span> 
     </span>
    </p>
   </div>
   <div class='ocr_carea' id='block_1_116' title="bbox 1693 5444 3089 5503">
    <p class='ocr_par' dir='ltr' id='par_1_116' title="bbox 1693 5444 3089 5503">
     <span class='ocr_line' id='line_1_116' title="bbox 1693 5444 3089 5503; baseline -0.009 0"><span class='ocrx_word' id='word_1_872' title='bbox 1693 5449 1798 5503; x_wconf 84' lang='lat' dir='ltr'><strong>vita</strong></span> <span class='ocrx_word' id='word_1_873' title='bbox 1829 5447 1885 5502; x_wconf 80' lang='lat' dir='ltr'><strong>in</strong></span> <span class='ocrx_word' id='word_1_874' title='bbox 1913 5447 2191 5503; x_wconf 86' lang='lat' dir='ltr'><strong>laboribus</strong></span> <span class='ocrx_word' id='word_1_875' title='bbox 2219 5453 2270 5500; x_wconf 87' lang='lat' dir='ltr'><strong>et</strong></span> <span class='ocrx_word' id='word_1_876' title='bbox 2297 5447 2554 5502; x_wconf 73' lang='lat' dir='ltr'><strong>aerumnis</strong></span> <span class='ocrx_word' id='word_1_877' title='bbox 2587 5444 2786 5500; x_wconf 86' lang='lat' dir='ltr'><strong>frustra</strong></span> <span class='ocrx_word' id='word_1_878' title='bbox 2822 5446 3089 5497; x_wconf 73' lang='lat' dir='ltr'><strong>versatur.</strong></span> 
     </span>
    </p>
   </div>
  </div>
