  <div class='ocr_page' id='page_1' title='image "/cluster/home/n/w/nwhite01/storage/ocr_20150623/23/pst.000005712076/183.png"; bbox 0 0 3966 6348; ppageno 0'>
   <div class='ocr_carea' id='block_1_1' title="bbox 694 153 3956 599">
    <p class='ocr_par' dir='ltr' id='par_1_1' title="bbox 694 153 3956 599">
     <span class='ocr_line' id='line_1_1' title="bbox 694 153 3956 599; baseline 0 -130"><span class='ocrx_word' id='word_1_1' title='bbox 694 417 792 469; x_wconf 74' lang='lat'><strong><em>351</em></strong></span> <span class='ocrx_word' id='word_1_2' title='bbox 1389 410 1655 469; x_wconf 85' lang='lat' dir='ltr'><strong><em>EUSEBll</em></strong></span> <span class='ocrx_word' id='word_1_3' title='bbox 1691 408 2169 470; x_wconf 65' lang='lat' dir='ltr'><strong><em>CESARIENSIS</em></strong></span> <span class='ocrx_word' id='word_1_4' title='bbox 2204 408 2352 466; x_wconf 83' lang='lat' dir='ltr'><strong>OPP.</strong></span> <span class='ocrx_word' id='word_1_5' title='bbox 2381 407 2561 464; x_wconf 79' lang='lat' dir='ltr'><strong><em>PARS</em></strong></span> <span class='ocrx_word' id='word_1_6' title='bbox 2595 406 2684 465; x_wconf 82' lang='lat' dir='ltr'><strong><em>Ill.</em></strong></span> <span class='ocrx_word' id='word_1_7' title='bbox 2712 438 2783 449; x_wconf 95' lang='lat'><strong>—</strong></span> <span class='ocrx_word' id='word_1_8' title='bbox 2811 406 3219 466; x_wconf 80' lang='lat' dir='ltr'><strong><em>EXEGETICA.</em></strong></span> <span class='ocrx_word' id='word_1_9' title='bbox 3796 412 3871 470; x_wconf 67' lang='lat'><strong><em>553</em></strong></span> <span class='ocrx_word' id='word_1_10' title='bbox 3909 153 3956 599; x_wconf 91' lang='grc' dir='ltr'><strong>Ι</strong></span> 
     </span>
     <span class='ocr_line' id='line_1_2' title="bbox 779 525 3870 599; baseline -0 -15"><span class='ocrx_word' id='word_1_11' title='bbox 779 529 935 587; x_wconf 63' lang='lat' dir='ltr'><strong><em>Vens.</em></strong></span> <span class='ocrx_word' id='word_1_12' title='bbox 968 532 1052 595; x_wconf 75' lang='lat' dir='ltr'><strong><em>l3,</em></strong></span> <span class='ocrx_word' id='word_1_13' title='bbox 1089 531 1174 586; x_wconf 73' lang='lat' dir='ltr'><strong><em>H.</em></strong></span> <span class='ocrx_word' id='word_1_14' title='bbox 1214 530 1427 586; x_wconf 76' lang='lat' dir='ltr'><strong><em>Exaudi</em></strong></span> <span class='ocrx_word' id='word_1_15' title='bbox 1458 536 1749 587; x_wconf 87' lang='lat' dir='ltr'><strong><em>orationem</em></strong></span> <span class='ocrx_word' id='word_1_16' title='bbox 1790 548 1978 598; x_wconf 89' lang='lat' dir='ltr'><strong><em>meam,</em></strong></span> <span class='ocrx_word' id='word_1_17' title='bbox 2010 529 2249 595; x_wconf 77' lang='lat' dir='ltr'><strong><em>Domine,</em></strong></span> <span class='ocrx_word' id='word_1_18' title='bbox 2279 536 2325 591; x_wconf 79' lang='grc' dir='ltr'>Α</span> <span class='ocrx_word' id='word_1_19' title='bbox 2422 525 2803 583; x_wconf 82' lang='grc' dir='ltr'><em>Εισὰκουσον</em></span> <span class='ocrx_word' id='word_1_20' title='bbox 2844 526 2957 595; x_wconf 84' lang='grc' dir='ltr'><em>τῆς</em></span> <span class='ocrx_word' id='word_1_21' title='bbox 2998 525 3345 597; x_wconf 75' lang='grc' dir='ltr'><strong><em>προσευχῆς</em></strong></span> <span class='ocrx_word' id='word_1_22' title='bbox 3386 545 3527 598; x_wconf 84' lang='grc' dir='ltr'><em>μου,</em></span> <span class='ocrx_word' id='word_1_23' title='bbox 3568 529 3761 599; x_wconf 81' lang='grc' dir='ltr'><em>Κύριε,</em></span> <span class='ocrx_word' id='word_1_24' title='bbox 3799 535 3870 588; x_wconf 75' lang='grc' dir='ltr'><strong><em>καί</em></strong></span> 
     </span>
    </p>
   </div>
   <div class='ocr_carea' id='block_1_2' title="bbox 779 525 2345 613">
    <p class='ocr_par' dir='ltr' id='par_1_2' title="bbox 779 529 2325 613">
     <span class='ocr_line' id='line_1_3' title="bbox 779 529 2325 613; baseline -0.001 -29"><span class='ocrx_word' id='word_1_25' title='bbox 779 529 935 587; x_wconf 63' lang='lat' dir='ltr'><strong><em>Vens.</em></strong></span> <span class='ocrx_word' id='word_1_26' title='bbox 968 532 1052 595; x_wconf 75' lang='lat' dir='ltr'><strong><em>l3,</em></strong></span> <span class='ocrx_word' id='word_1_27' title='bbox 1089 531 1174 586; x_wconf 73' lang='lat' dir='ltr'><strong><em>H.</em></strong></span> <span class='ocrx_word' id='word_1_28' title='bbox 1214 530 1427 586; x_wconf 76' lang='lat' dir='ltr'><strong><em>Exaudi</em></strong></span> <span class='ocrx_word' id='word_1_29' title='bbox 1458 536 1749 587; x_wconf 88' lang='lat' dir='ltr'><strong><em>orationem</em></strong></span> <span class='ocrx_word' id='word_1_30' title='bbox 1790 548 1978 613; x_wconf 87' lang='lat' dir='ltr'><strong><em>meam,</em></strong></span> <span class='ocrx_word' id='word_1_31' title='bbox 2010 529 2249 595; x_wconf 77' lang='lat' dir='ltr'><strong><em>Domine,</em></strong></span> <span class='ocrx_word' id='word_1_32' title='bbox 2279 536 2325 591; x_wconf 79' lang='grc' dir='ltr'>Α</span> 
     </span>
    </p>
   </div>
   <div class='ocr_carea' id='block_1_3' title="bbox 2303 525 3869 613">
    <p class='ocr_par' dir='ltr' id='par_1_3' title="bbox 2303 525 3869 600">
     <span class='ocr_line' id='line_1_4' title="bbox 2303 525 3869 600; baseline 0.004 -19"><span class='ocrx_word' id='word_1_33' title='bbox 2303 537 2325 591; x_wconf 65' lang='grc' dir='ltr'><strong><em>ι</em></strong></span> <span class='ocrx_word' id='word_1_34' title='bbox 2422 525 2803 583; x_wconf 82' lang='grc' dir='ltr'><em>Εισὰκουσον</em></span> <span class='ocrx_word' id='word_1_35' title='bbox 2844 526 2957 595; x_wconf 84' lang='grc' dir='ltr'><em>τῆς</em></span> <span class='ocrx_word' id='word_1_36' title='bbox 2998 525 3345 597; x_wconf 75' lang='grc' dir='ltr'><strong><em>προσευχῆς</em></strong></span> <span class='ocrx_word' id='word_1_37' title='bbox 3386 545 3527 598; x_wconf 83' lang='grc' dir='ltr'><em>μου,</em></span> <span class='ocrx_word' id='word_1_38' title='bbox 3568 529 3761 600; x_wconf 84' lang='grc' dir='ltr'><em>Κύριε,</em></span> <span class='ocrx_word' id='word_1_39' title='bbox 3799 535 3869 588; x_wconf 71' lang='grc' dir='ltr'><strong><em>καί</em></strong></span> 
     </span>
    </p>
   </div>
   <div class='ocr_carea' id='block_1_4' title="bbox 694 618 2260 695">
    <p class='ocr_par' dir='ltr' id='par_1_4' title="bbox 694 622 2249 695">
     <span class='ocr_line' id='line_1_5' title="bbox 694 622 2249 695; baseline 0.001 -19"><span class='ocrx_word' id='word_1_40' title='bbox 694 632 746 676; x_wconf 89' lang='lat' dir='ltr'><strong><em>et</em></strong></span> <span class='ocrx_word' id='word_1_41' title='bbox 769 624 1185 691; x_wconf 74' lang='lat' dir='ltr'><strong><em>deprecationem</em></strong></span> <span class='ocrx_word' id='word_1_42' title='bbox 1232 641 1401 678; x_wconf 90' lang='lat' dir='ltr'><strong><em>meam</em></strong></span> <span class='ocrx_word' id='word_1_43' title='bbox 1448 640 1467 677; x_wconf 91' lang='lat'><strong><em>:</em></strong></span> <span class='ocrx_word' id='word_1_44' title='bbox 1504 624 1720 679; x_wconf 90' lang='lat' dir='ltr'><strong><em>auribus</em></strong></span> <span class='ocrx_word' id='word_1_45' title='bbox 1750 624 1953 695; x_wconf 81' lang='lat' dir='ltr'><strong><em>percipe</em></strong></span> <span class='ocrx_word' id='word_1_46' title='bbox 1986 622 2249 694; x_wconf 80' lang='lat' dir='ltr'><strong><em>lacrgmas</em></strong></span> 
     </span>
    </p>
   </div>
   <div class='ocr_carea' id='block_1_5' title="bbox 2302 618 3868 695">
    <p class='ocr_par' dir='ltr' id='par_1_5' title="bbox 2350 618 3868 693">
     <span class='ocr_line' id='line_1_6' title="bbox 2350 618 3868 693; baseline 0.003 -20"><span class='ocrx_word' id='word_1_47' title='bbox 2350 619 2461 689; x_wconf 83' lang='grc' dir='ltr'><em>τῆς</em></span> <span class='ocrx_word' id='word_1_48' title='bbox 2503 618 2765 686; x_wconf 79' lang='grc' dir='ltr'><em>δεήσεώς</em></span> <span class='ocrx_word' id='word_1_49' title='bbox 2803 637 2953 689; x_wconf 83' lang='grc' dir='ltr'><em>μου·</em></span> <span class='ocrx_word' id='word_1_50' title='bbox 2985 619 3261 674; x_wconf 81' lang='grc' dir='ltr'><em>ἐνώτισαι</em></span> <span class='ocrx_word' id='word_1_51' title='bbox 3305 619 3423 673; x_wconf 85' lang='grc' dir='ltr'><em>τῶν</em></span> <span class='ocrx_word' id='word_1_52' title='bbox 3465 621 3740 690; x_wconf 80' lang='grc' dir='ltr'><em>δακρύων</em></span> <span class='ocrx_word' id='word_1_53' title='bbox 3764 642 3868 693; x_wconf 79' lang='grc' dir='ltr'><em>μου.</em></span> 
     </span>
    </p>
   </div>
   <div class='ocr_carea' id='block_1_6' title="bbox 694 710 2260 787">
    <p class='ocr_par' dir='ltr' id='par_1_6' title="bbox 694 711 2252 787">
     <span class='ocr_line' id='line_1_7' title="bbox 694 711 2252 787; baseline 0 -20"><span class='ocrx_word' id='word_1_54' title='bbox 694 729 858 770; x_wconf 88' lang='lat' dir='ltr'><strong><em>meas.</em></strong></span> <span class='ocrx_word' id='word_1_55' title='bbox 894 711 977 768; x_wconf 86' lang='lat' dir='ltr'><strong><em>Ne</em></strong></span> <span class='ocrx_word' id='word_1_56' title='bbox 1009 716 1190 779; x_wconf 93' lang='lat' dir='ltr'><strong><em>sileas,</em></strong></span> <span class='ocrx_word' id='word_1_57' title='bbox 1228 716 1475 785; x_wconf 88' lang='lat' dir='ltr'><strong><em>quoniam</em></strong></span> <span class='ocrx_word' id='word_1_58' title='bbox 1504 714 1703 769; x_wconf 84' lang='lat' dir='ltr'><strong><em>advena</em></strong></span> <span class='ocrx_word' id='word_1_59' title='bbox 1745 733 1838 787; x_wconf 87' lang='lat' dir='ltr'><strong><em>ego</em></strong></span> <span class='ocrx_word' id='word_1_60' title='bbox 1873 733 1989 770; x_wconf 85' lang='lat' dir='ltr'><strong><em>sum</em></strong></span> <span class='ocrx_word' id='word_1_61' title='bbox 2018 714 2158 785; x_wconf 84' lang='lat' dir='ltr'><strong><em>apud</em></strong></span> <span class='ocrx_word' id='word_1_62' title='bbox 2204 723 2252 768; x_wconf 88' lang='lat' dir='ltr'><strong><em>te</em></strong></span> 
     </span>
    </p>
   </div>
   <div class='ocr_carea' id='block_1_7' title="bbox 2305 710 3871 787">
    <p class='ocr_par' dir='ltr' id='par_1_7' title="bbox 2349 710 3871 785">
     <span class='ocr_line' id='line_1_8' title="bbox 2349 710 3871 785; baseline 0.001 -18"><span class='ocrx_word' id='word_1_63' title='bbox 2349 711 2446 779; x_wconf 82' lang='grc' dir='ltr'><strong><em>Μὴ</em></strong></span> <span class='ocrx_word' id='word_1_64' title='bbox 2475 711 2968 781; x_wconf 79' lang='grc' dir='ltr'><em>παρασιωπήσῃς,</em></span> <span class='ocrx_word' id='word_1_65' title='bbox 3003 711 3092 765; x_wconf 88' lang='grc' dir='ltr'><em>ὅτι</em></span> <span class='ocrx_word' id='word_1_66' title='bbox 3132 710 3415 781; x_wconf 78' lang='grc' dir='ltr'><strong><em>πάροικος</em></strong></span> <span class='ocrx_word' id='word_1_67' title='bbox 3441 712 3558 783; x_wconf 64' lang='grc' dir='ltr'><strong><em>ἐγώ</em></strong></span> <span class='ocrx_word' id='word_1_68' title='bbox 3583 717 3703 783; x_wconf 78' lang='grc' dir='ltr'><em>ειμι</em></span> <span class='ocrx_word' id='word_1_69' title='bbox 3738 715 3797 769; x_wconf 80' lang='grc' dir='ltr'><em>ὲν</em></span> <span class='ocrx_word' id='word_1_70' title='bbox 3818 717 3871 785; x_wconf 72' lang='grc' dir='ltr'><em>τῇ</em></span> 
     </span>
    </p>
   </div>
   <div class='ocr_carea' id='block_1_8' title="bbox 692 802 2258 877">
    <p class='ocr_par' dir='ltr' id='par_1_8' title="bbox 692 805 2250 877">
     <span class='ocr_line' id='line_1_9' title="bbox 692 805 2250 877; baseline 0 -18"><span class='ocrx_word' id='word_1_71' title='bbox 692 812 743 859; x_wconf 89' lang='lat' dir='ltr'><strong><em>et</em></strong></span> <span class='ocrx_word' id='word_1_72' title='bbox 764 808 1088 877; x_wconf 86' lang='lat' dir='ltr'><strong><em>peregrinus,</em></strong></span> <span class='ocrx_word' id='word_1_73' title='bbox 1119 810 1256 861; x_wconf 79' lang='lat' dir='ltr'><strong><em>sicut</em></strong></span> <span class='ocrx_word' id='word_1_74' title='bbox 1294 824 1467 862; x_wconf 87' lang='lat' dir='ltr'><strong><em>omnes</em></strong></span> <span class='ocrx_word' id='word_1_75' title='bbox 1494 817 1669 876; x_wconf 86' lang='lat' dir='ltr'><strong><em>patres</em></strong></span> <span class='ocrx_word' id='word_1_76' title='bbox 1701 808 1821 861; x_wconf 88' lang='lat' dir='ltr'><strong><em>mei.</em></strong></span> <span class='ocrx_word' id='word_1_77' title='bbox 1859 805 1959 861; x_wconf 83' lang='lat' dir='ltr'><strong><em>Hic</em></strong></span> <span class='ocrx_word' id='word_1_78' title='bbox 1990 822 2049 861; x_wconf 93' lang='lat' dir='ltr'><strong><em>se</em></strong></span> <span class='ocrx_word' id='word_1_79' title='bbox 2076 805 2250 859; x_wconf 84' lang='lat' dir='ltr'><strong><em>conti-</em></strong></span> 
     </span>
    </p>
   </div>
   <div class='ocr_carea' id='block_1_9' title="bbox 2305 802 3871 877">
    <p class='ocr_par' dir='ltr' id='par_1_9' title="bbox 2349 802 3871 876">
     <span class='ocr_line' id='line_1_10' title="bbox 2349 802 3871 876; baseline 0.002 -19"><span class='ocrx_word' id='word_1_80' title='bbox 2349 803 2427 875; x_wconf 69' lang='grc' dir='ltr'><em>γῇ</em></span> <span class='ocrx_word' id='word_1_81' title='bbox 2466 803 2565 858; x_wconf 79' lang='grc' dir='ltr'><strong><em>καὶ</em></strong></span> <span class='ocrx_word' id='word_1_82' title='bbox 2606 803 3034 873; x_wconf 81' lang='grc' dir='ltr'><em>παρεπίδημος,</em></span> <span class='ocrx_word' id='word_1_83' title='bbox 3072 804 3263 871; x_wconf 80' lang='grc' dir='ltr'><em>καθὼς</em></span> <span class='ocrx_word' id='word_1_84' title='bbox 3296 802 3518 871; x_wconf 86' lang='grc' dir='ltr'><em>πάντες</em></span> <span class='ocrx_word' id='word_1_85' title='bbox 3566 809 3622 860; x_wconf 85' lang='lat' dir='ltr'><strong><em>ol</em></strong></span> <span class='ocrx_word' id='word_1_86' title='bbox 3668 807 3871 876; x_wconf 76' lang='grc' dir='ltr'><em>πατέρες</em></span> 
     </span>
    </p>
   </div>
   <div class='ocr_carea' id='block_1_10' title="bbox 696 888 2262 969">
    <p class='ocr_par' dir='ltr' id='par_1_10' title="bbox 696 890 2249 969">
     <span class='ocr_line' id='line_1_11' title="bbox 696 890 2249 969; baseline -0.001 -19"><span class='ocrx_word' id='word_1_87' title='bbox 696 904 837 951; x_wconf 88' lang='lat' dir='ltr'><strong><em>tetur</em></strong></span> <span class='ocrx_word' id='word_1_88' title='bbox 876 898 1138 952; x_wconf 82' lang='lat' dir='ltr'><strong><em>advenam</em></strong></span> <span class='ocrx_word' id='word_1_89' title='bbox 1182 907 1235 953; x_wconf 90' lang='lat' dir='ltr'><strong><em>et</em></strong></span> <span class='ocrx_word' id='word_1_90' title='bbox 1283 901 1667 969; x_wconf 79' lang='lat' dir='ltr'><strong><em>peregrinum:</em></strong></span> <span class='ocrx_word' id='word_1_91' title='bbox 1705 890 1856 954; x_wconf 77' lang='lat' dir='ltr'><strong><em>nevit</em></strong></span> <span class='ocrx_word' id='word_1_92' title='bbox 1882 905 2062 969; x_wconf 83' lang='lat' dir='ltr'><strong><em>autem</em></strong></span> <span class='ocrx_word' id='word_1_93' title='bbox 2090 895 2249 950; x_wconf 87' lang='lat' dir='ltr'><strong><em>aliam</em></strong></span> 
     </span>
    </p>
   </div>
   <div class='ocr_carea' id='block_1_11' title="bbox 2303 888 3869 969">
    <p class='ocr_par' dir='ltr' id='par_1_11' title="bbox 2342 888 3869 967">
     <span class='ocr_line' id='line_1_12' title="bbox 2342 888 3869 967; baseline 0.003 -22"><span class='ocrx_word' id='word_1_94' title='bbox 2342 912 2480 965; x_wconf 82' lang='grc' dir='ltr'><em>μου.</em></span> <span class='ocrx_word' id='word_1_95' title='bbox 2500 893 2761 948; x_wconf 53' lang='grc' dir='ltr'><em>Ἐνταῦθα</em></span> <span class='ocrx_word' id='word_1_96' title='bbox 2791 892 3040 963; x_wconf 79' lang='grc' dir='ltr'><em>ὁμολογεῖ</em></span> <span class='ocrx_word' id='word_1_97' title='bbox 3086 893 3342 964; x_wconf 80' lang='grc' dir='ltr'><strong><em>πάροικος</em></strong></span> <span class='ocrx_word' id='word_1_98' title='bbox 3384 888 3521 947; x_wconf 79' lang='grc' dir='ltr'><em>εἶναι</em></span> <span class='ocrx_word' id='word_1_99' title='bbox 3552 895 3649 948; x_wconf 76' lang='grc' dir='ltr'><em>καὶ</em></span> <span class='ocrx_word' id='word_1_100' title='bbox 3680 899 3869 967; x_wconf 77' lang='grc' dir='ltr'><em>παρεπί-</em></span> 
     </span>
    </p>
   </div>
   <div class='ocr_carea' id='block_1_12' title="bbox 677 980 2243 1065">
    <p class='ocr_par' dir='ltr' id='par_1_12' title="bbox 677 987 2243 1065">
     <span class='ocr_line' id='line_1_13' title="bbox 677 987 2243 1065; baseline -0.001 -23"><span class='ocrx_word' id='word_1_101' title='bbox 677 996 814 1043; x_wconf 72' lang='grc' dir='ltr'><em>εεεε</em></span> <span class='ocrx_word' id='word_1_102' title='bbox 844 988 1271 1063; x_wconf 78' lang='lat' dir='ltr'><strong><em>refrigerationis</em></strong></span> <span class='ocrx_word' id='word_1_103' title='bbox 1317 991 1504 1054; x_wconf 82' lang='lat' dir='ltr'><strong><em>vitam,</em></strong></span> <span class='ocrx_word' id='word_1_104' title='bbox 1536 1005 1700 1060; x_wconf 91' lang='lat' dir='ltr'><strong><em>quam</em></strong></span> <span class='ocrx_word' id='word_1_105' title='bbox 1731 987 1948 1065; x_wconf 80' lang='lat' dir='ltr'><strong><em>assequi</em></strong></span> <span class='ocrx_word' id='word_1_106' title='bbox 1980 992 2243 1058; x_wconf 79' lang='lat' dir='ltr'><strong><em>peroptat,</em></strong></span> 
     </span>
    </p>
   </div>
   <div class='ocr_carea' id='block_1_13' title="bbox 2304 980 3870 1065">
    <p class='ocr_par' dir='ltr' id='par_1_13' title="bbox 2346 980 3870 1058">
     <span class='ocr_line' id='line_1_14' title="bbox 2346 980 3870 1058; baseline 0 -19"><span class='ocrx_word' id='word_1_107' title='bbox 2346 985 2514 1058; x_wconf 88' lang='grc' dir='ltr'><em>δημος</em></span> <span class='ocrx_word' id='word_1_108' title='bbox 2537 1001 2550 1013; x_wconf 89' lang='grc'><strong>·</strong></span> <span class='ocrx_word' id='word_1_109' title='bbox 2580 981 2697 1038; x_wconf 76' lang='grc' dir='ltr'><strong><em>οἵδέ</em></strong></span> <span class='ocrx_word' id='word_1_110' title='bbox 2728 1000 2788 1036; x_wconf 89' lang='grc' dir='ltr'><strong><em>τε</em></strong></span> <span class='ocrx_word' id='word_1_111' title='bbox 2816 982 3007 1056; x_wconf 77' lang='grc' dir='ltr'><strong><em>ἑτέραν</em></strong></span> <span class='ocrx_word' id='word_1_112' title='bbox 3053 982 3195 1055; x_wconf 79' lang='grc' dir='ltr'><em>ζωὴν</em></span> <span class='ocrx_word' id='word_1_113' title='bbox 3230 983 3604 1054; x_wconf 70' lang='grc' dir='ltr'><strong><em>ἀναψύξεως,</em></strong></span> <span class='ocrx_word' id='word_1_114' title='bbox 3636 980 3705 1058; x_wconf 80' lang='grc' dir='ltr'><em>ἧς</em></span> <span class='ocrx_word' id='word_1_115' title='bbox 3731 992 3870 1058; x_wconf 76' lang='grc' dir='ltr'><em>τυχεῖν</em></span> 
     </span>
    </p>
   </div>
   <div class='ocr_carea' id='block_1_14' title="bbox 695 1075 2261 1151">
    <p class='ocr_par' dir='ltr' id='par_1_14' title="bbox 695 1077 2251 1151">
     <span class='ocr_line' id='line_1_15' title="bbox 695 1077 2251 1151; baseline -0.002 -18"><span class='ocrx_word' id='word_1_116' title='bbox 695 1080 914 1133; x_wconf 81' lang='lat' dir='ltr'><strong><em>dicens:</em></strong></span> <span class='ocrx_word' id='word_1_117' title='bbox 947 1077 1169 1134; x_wconf 85' lang='lat' dir='ltr'><strong><em>Remitte</em></strong></span> <span class='ocrx_word' id='word_1_118' title='bbox 1198 1080 1325 1133; x_wconf 86' lang='lat' dir='ltr'><strong><em>mihi</em></strong></span> <span class='ocrx_word' id='word_1_119' title='bbox 1353 1090 1409 1134; x_wconf 90' lang='lat' dir='ltr'><strong><em>ut</em></strong></span> <span class='ocrx_word' id='word_1_120' title='bbox 1448 1081 1748 1151; x_wconf 76' lang='lat' dir='ltr'><strong><em>refrigerer.</em></strong></span> <span class='ocrx_word' id='word_1_121' title='bbox 1778 1077 1895 1133; x_wconf 84' lang='lat' dir='ltr'><strong><em>Non</em></strong></span> <span class='ocrx_word' id='word_1_122' title='bbox 1927 1078 2108 1148; x_wconf 93' lang='lat' dir='ltr'><strong><em>itaque</em></strong></span> <span class='ocrx_word' id='word_1_123' title='bbox 2133 1092 2251 1131; x_wconf 83' lang='lat' dir='ltr'><strong><em>om-</em></strong></span> 
     </span>
    </p>
   </div>
   <div class='ocr_carea' id='block_1_15' title="bbox 2304 1075 3870 1151">
    <p class='ocr_par' dir='ltr' id='par_1_15' title="bbox 2347 1075 3870 1148">
     <span class='ocr_line' id='line_1_16' title="bbox 2347 1075 3870 1148; baseline 0.003 -20"><span class='ocrx_word' id='word_1_124' title='bbox 2347 1076 2586 1148; x_wconf 81' lang='grc' dir='ltr'><em>γλίχεται</em></span> <span class='ocrx_word' id='word_1_125' title='bbox 2631 1075 2803 1142; x_wconf 83' lang='grc' dir='ltr'><em>λέγων</em></span> <span class='ocrx_word' id='word_1_126' title='bbox 2822 1091 2836 1105; x_wconf 91' lang='grc'><strong>·</strong></span> <span class='ocrx_word' id='word_1_127' title='bbox 2868 1076 3024 1134; x_wconf 77' lang='grc' dir='ltr'><em>Ἀνες</em></span> <span class='ocrx_word' id='word_1_128' title='bbox 3065 1092 3189 1145; x_wconf 73' lang='grc' dir='ltr'><em>μοι,</em></span> <span class='ocrx_word' id='word_1_129' title='bbox 3223 1077 3323 1130; x_wconf 85' lang='grc' dir='ltr'><em>ἵνα</em></span> <span class='ocrx_word' id='word_1_130' title='bbox 3365 1078 3676 1147; x_wconf 66' lang='grc' dir='ltr'><em>άναψύξω.</em></span> <span class='ocrx_word' id='word_1_131' title='bbox 3705 1079 3870 1134; x_wconf 71' lang='grc' dir='ltr'><em>οὔκουν</em></span> 
     </span>
    </p>
   </div>
   <div class='ocr_carea' id='block_1_16' title="bbox 596 1166 2162 1241">
    <p class='ocr_par' dir='ltr' id='par_1_16' title="bbox 596 1168 2162 1233">
     <span class='ocr_line' id='line_1_17' title="bbox 596 1168 2162 1233; baseline -0.004 -5"><span class='ocrx_word' id='word_1_132' title='bbox 596 1202 601 1205; x_wconf 89' lang='grc'><strong>-</strong></span> <span class='ocrx_word' id='word_1_133' title='bbox 696 1184 817 1228; x_wconf 87' lang='lat' dir='ltr'><strong><em>nem</em></strong></span> <span class='ocrx_word' id='word_1_134' title='bbox 838 1173 1109 1228; x_wconf 86' lang='lat' dir='ltr'><strong><em>hominem</em></strong></span> <span class='ocrx_word' id='word_1_135' title='bbox 1145 1174 1408 1229; x_wconf 84' lang='lat' dir='ltr'><strong><em>advenam</em></strong></span> <span class='ocrx_word' id='word_1_136' title='bbox 1433 1189 1555 1228; x_wconf 89' lang='lat' dir='ltr'><strong><em>esse</em></strong></span> <span class='ocrx_word' id='word_1_137' title='bbox 1584 1180 1787 1225; x_wconf 90' lang='lat' dir='ltr'><strong><em>temere</em></strong></span> <span class='ocrx_word' id='word_1_138' title='bbox 1812 1171 1965 1233; x_wconf 89' lang='lat' dir='ltr'><strong><em>dicit,</em></strong></span> <span class='ocrx_word' id='word_1_139' title='bbox 2010 1184 2109 1224; x_wconf 93' lang='lat' dir='ltr'><strong><em>nec</em></strong></span> <span class='ocrx_word' id='word_1_140' title='bbox 2137 1168 2162 1222; x_wconf 67' lang='grc' dir='ltr'>Π</span> 
     </span>
    </p>
   </div>
   <div class='ocr_carea' id='block_1_17' title="bbox 2305 1166 3871 1241">
    <p class='ocr_par' dir='ltr' id='par_1_17' title="bbox 2352 1166 3871 1241">
     <span class='ocr_line' id='line_1_18' title="bbox 2352 1166 3871 1241; baseline 0.001 -19"><span class='ocrx_word' id='word_1_141' title='bbox 2352 1170 2528 1240; x_wconf 82' lang='grc' dir='ltr'>μάτην</span> <span class='ocrx_word' id='word_1_142' title='bbox 2557 1167 2733 1221; x_wconf 88' lang='grc' dir='ltr'><em>πάντα</em></span> <span class='ocrx_word' id='word_1_143' title='bbox 2766 1166 3044 1237; x_wconf 78' lang='grc' dir='ltr'><em>ἄνθρωπον</em></span> <span class='ocrx_word' id='word_1_144' title='bbox 3074 1170 3334 1239; x_wconf 85' lang='grc' dir='ltr'><em>πάροικον</em></span> <span class='ocrx_word' id='word_1_145' title='bbox 3364 1168 3536 1238; x_wconf 69' lang='grc' dir='ltr'><em>ἔλεγε,</em></span> <span class='ocrx_word' id='word_1_146' title='bbox 3575 1172 3713 1241; x_wconf 79' lang='grc' dir='ltr'><strong><em>μετά</em></strong></span> <span class='ocrx_word' id='word_1_147' title='bbox 3740 1172 3871 1225; x_wconf 79' lang='grc' dir='ltr'><em>κλαυ-</em></span> 
     </span>
    </p>
   </div>
   <div class='ocr_carea' id='block_1_18' title="bbox 695 1257 2261 1334">
    <p class='ocr_par' dir='ltr' id='par_1_18' title="bbox 695 1260 2247 1334">
     <span class='ocr_line' id='line_1_19' title="bbox 695 1260 2247 1334; baseline -0.005 -14"><span class='ocrx_word' id='word_1_148' title='bbox 695 1273 807 1320; x_wconf 88' lang='lat' dir='ltr'><strong><em>stra</em></strong></span> <span class='ocrx_word' id='word_1_149' title='bbox 848 1281 970 1319; x_wconf 90' lang='lat' dir='ltr'><strong><em>cum</em></strong></span> <span class='ocrx_word' id='word_1_150' title='bbox 1000 1263 1127 1319; x_wconf 83' lang='lat' dir='ltr'><strong><em>ﬂetu</em></strong></span> <span class='ocrx_word' id='word_1_151' title='bbox 1181 1272 1237 1318; x_wconf 89' lang='lat' dir='ltr'><strong><em>et</em></strong></span> <span class='ocrx_word' id='word_1_152' title='bbox 1267 1262 1526 1334; x_wconf 85' lang='lat' dir='ltr'><strong><em>lacrymis</em></strong></span> <span class='ocrx_word' id='word_1_153' title='bbox 1566 1261 2000 1330; x_wconf 86' lang='lat' dir='ltr'><strong><em>deprecationem</em></strong></span> <span class='ocrx_word' id='word_1_154' title='bbox 2029 1260 2247 1324; x_wconf 87' lang='lat' dir='ltr'><strong><em>emittit,</em></strong></span> 
     </span>
    </p>
   </div>
   <div class='ocr_carea' id='block_1_19' title="bbox 2306 1257 3872 1334">
    <p class='ocr_par' dir='ltr' id='par_1_19' title="bbox 2349 1257 3872 1333">
     <span class='ocr_line' id='line_1_20' title="bbox 2349 1257 3872 1333; baseline 0.002 -21"><span class='ocrx_word' id='word_1_155' title='bbox 2349 1258 2485 1330; x_wconf 82' lang='grc' dir='ltr'><em>θμοῦ</em></span> <span class='ocrx_word' id='word_1_156' title='bbox 2514 1258 2569 1311; x_wconf 87' lang='grc' dir='ltr'><strong><em>δὲ</em></strong></span> <span class='ocrx_word' id='word_1_157' title='bbox 2592 1258 2685 1313; x_wconf 74' lang='lat' dir='ltr'><strong><em>xui.</em></strong></span> <span class='ocrx_word' id='word_1_158' title='bbox 2712 1257 2956 1329; x_wconf 83' lang='grc' dir='ltr'><strong><em>δακρύων</em></strong></span> <span class='ocrx_word' id='word_1_159' title='bbox 2984 1260 3080 1331; x_wconf 72' lang='grc' dir='ltr'><strong><em>τὴν</em></strong></span> <span class='ocrx_word' id='word_1_160' title='bbox 3107 1260 3384 1332; x_wconf 79' lang='grc' dir='ltr'><strong><em>ἱκετηρίαν</em></strong></span> <span class='ocrx_word' id='word_1_161' title='bbox 3404 1263 3733 1333; x_wconf 84' lang='grc' dir='ltr'><em>ἀναπέμπει,</em></span> <span class='ocrx_word' id='word_1_162' title='bbox 3749 1264 3872 1332; x_wconf 79' lang='grc' dir='ltr'><em>ἀκρι-</em></span> 
     </span>
    </p>
   </div>
   <div class='ocr_carea' id='block_1_20' title="bbox 695 1346 2261 1429">
    <p class='ocr_par' dir='ltr' id='par_1_20' title="bbox 695 1353 2251 1429">
     <span class='ocr_line' id='line_1_21' title="bbox 695 1353 2251 1429; baseline -0.001 -21"><span class='ocrx_word' id='word_1_163' title='bbox 695 1370 895 1426; x_wconf 77' lang='lat' dir='ltr'><strong><em>gnarus</em></strong></span> <span class='ocrx_word' id='word_1_164' title='bbox 938 1357 1147 1411; x_wconf 78' lang='lat' dir='ltr'><strong><em>scilicet</em></strong></span> <span class='ocrx_word' id='word_1_165' title='bbox 1180 1355 1347 1429; x_wconf 88' lang='lat' dir='ltr'><strong><em>illius,</em></strong></span> <span class='ocrx_word' id='word_1_166' title='bbox 1384 1354 1535 1407; x_wconf 81' lang='lat' dir='ltr'><strong><em>Beati</em></strong></span> <span class='ocrx_word' id='word_1_167' title='bbox 1565 1353 1655 1423; x_wconf 87' lang='lat' dir='ltr'><strong><em>qui</em></strong></span> <span class='ocrx_word' id='word_1_168' title='bbox 1688 1353 1832 1421; x_wconf 82' lang='lat' dir='ltr'><strong><em>ﬂent,</em></strong></span> <span class='ocrx_word' id='word_1_169' title='bbox 1866 1354 2113 1422; x_wconf 80' lang='lat' dir='ltr'><strong><em>quoniam</em></strong></span> <span class='ocrx_word' id='word_1_170' title='bbox 2151 1353 2251 1419; x_wconf 89' lang='lat' dir='ltr'><strong><em>ipsi</em></strong></span> 
     </span>
    </p>
   </div>
   <div class='ocr_carea' id='block_1_21' title="bbox 2308 1346 3874 1429">
    <p class='ocr_par' dir='ltr' id='par_1_21' title="bbox 2349 1346 3874 1421">
     <span class='ocr_line' id='line_1_22' title="bbox 2349 1346 3874 1421; baseline 0.003 -22"><span class='ocrx_word' id='word_1_171' title='bbox 2349 1347 2457 1411; x_wconf 76' lang='grc' dir='ltr'><strong><em>ὁῶς</em></strong></span> <span class='ocrx_word' id='word_1_172' title='bbox 2487 1346 2659 1412; x_wconf 86' lang='grc' dir='ltr'><em>εἰδὼς,</em></span> <span class='ocrx_word' id='word_1_173' title='bbox 2704 1349 2785 1401; x_wconf 81' lang='grc' dir='ltr'><strong><em>ὅτι</em></strong></span> <span class='ocrx_word' id='word_1_174' title='bbox 2817 1348 3103 1418; x_wconf 82' lang='grc' dir='ltr'><em>Μακάριοι</em></span> <span class='ocrx_word' id='word_1_175' title='bbox 3150 1352 3202 1407; x_wconf 74' lang='grc' dir='ltr'><em>οἱ</em></span> <span class='ocrx_word' id='word_1_176' title='bbox 3247 1350 3582 1418; x_wconf 73' lang='grc' dir='ltr'><strong><em>κλαίοντες,</em></strong></span> <span class='ocrx_word' id='word_1_177' title='bbox 3612 1351 3701 1403; x_wconf 82' lang='grc' dir='ltr'><em>ὅτι</em></span> <span class='ocrx_word' id='word_1_178' title='bbox 3743 1351 3874 1421; x_wconf 56' lang='lat' dir='ltr'><strong><em>reid</em></strong></span> 
     </span>
    </p>
   </div>
   <div class='ocr_carea' id='block_1_22' title="bbox 695 1439 2261 1513">
    <p class='ocr_par' dir='ltr' id='par_1_22' title="bbox 695 1439 2248 1513">
     <span class='ocr_line' id='line_1_23' title="bbox 695 1439 2248 1513; baseline -0.004 -16"><span class='ocrx_word' id='word_1_179' title='bbox 695 1446 987 1508; x_wconf 68' lang='lat' dir='ltr'><strong><em>ridebunt‘,</em></strong></span> <span class='ocrx_word' id='word_1_180' title='bbox 1006 1452 1079 1506; x_wconf 88' lang='lat' dir='ltr'><strong><em>et,</em></strong></span> <span class='ocrx_word' id='word_1_181' title='bbox 1100 1444 1248 1497; x_wconf 86' lang='lat' dir='ltr'><strong><em>Beati</em></strong></span> <span class='ocrx_word' id='word_1_182' title='bbox 1276 1443 1364 1513; x_wconf 87' lang='lat' dir='ltr'><strong><em>qui</em></strong></span> <span class='ocrx_word' id='word_1_183' title='bbox 1393 1442 1586 1512; x_wconf 82' lang='lat' dir='ltr'><strong><em>lugent,</em></strong></span> <span class='ocrx_word' id='word_1_184' title='bbox 1622 1443 1867 1512; x_wconf 84' lang='lat' dir='ltr'><strong><em>quoniam</em></strong></span> <span class='ocrx_word' id='word_1_185' title='bbox 1886 1441 1988 1508; x_wconf 85' lang='lat' dir='ltr'><strong><em>ipsi</em></strong></span> <span class='ocrx_word' id='word_1_186' title='bbox 2008 1439 2248 1494; x_wconf 86' lang='lat' dir='ltr'><strong><em>consola-</em></strong></span> 
     </span>
    </p>
   </div>
   <div class='ocr_carea' id='block_1_23' title="bbox 2308 1439 3874 1513">
    <p class='ocr_par' dir='ltr' id='par_1_23' title="bbox 2348 1440 3874 1511">
     <span class='ocr_line' id='line_1_24' title="bbox 2348 1440 3874 1511; baseline 0.003 -20"><span class='ocrx_word' id='word_1_187' title='bbox 2348 1454 2577 1501; x_wconf 80' lang='grc' dir='ltr'><em>σονται,</em></span> <span class='ocrx_word' id='word_1_188' title='bbox 2606 1441 2717 1504; x_wconf 76' lang='grc' dir='ltr'><em>καὶ,</em></span> <span class='ocrx_word' id='word_1_189' title='bbox 2764 1440 3047 1509; x_wconf 81' lang='grc' dir='ltr'><em>Μακάριοι</em></span> <span class='ocrx_word' id='word_1_190' title='bbox 3077 1444 3131 1496; x_wconf 83' lang='grc' dir='ltr'><em>οἱ</em></span> <span class='ocrx_word' id='word_1_191' title='bbox 3162 1442 3539 1508; x_wconf 78' lang='grc' dir='ltr'><strong><em>πενθοῦντες,</em></strong></span> <span class='ocrx_word' id='word_1_192' title='bbox 3588 1442 3679 1495; x_wconf 85' lang='grc' dir='ltr'><em>ὅτι</em></span> <span class='ocrx_word' id='word_1_193' title='bbox 3723 1460 3874 1511; x_wconf 77' lang='grc' dir='ltr'><em>παρα-</em></span> 
     </span>
    </p>
   </div>
   <div class='ocr_carea' id='block_1_24' title="bbox 662 1516 2228 1604">
    <p class='ocr_par' dir='ltr' id='par_1_24' title="bbox 662 1516 2228 1604">
     <span class='ocr_line' id='line_1_25' title="bbox 662 1516 2228 1604; baseline -0.003 -14"><span class='ocrx_word' id='word_1_194' title='bbox 662 1516 665 1517; x_wconf 13' lang='grc' dir='ltr'><em>ν</em></span> <span class='ocrx_word' id='word_1_195' title='bbox 694 1538 889 1591; x_wconf 88' lang='lat' dir='ltr'><strong><em>buntur</em></strong></span> <span class='ocrx_word' id='word_1_196' title='bbox 915 1539 956 1589; x_wconf 71' lang='lat'><strong><em>’.</em></strong></span> <span class='ocrx_word' id='word_1_197' title='bbox 985 1536 1060 1590; x_wconf 81' lang='lat' dir='ltr'><strong><em>Ac</em></strong></span> <span class='ocrx_word' id='word_1_198' title='bbox 1085 1542 1229 1590; x_wconf 86' lang='lat' dir='ltr'><strong><em>recte</em></strong></span> <span class='ocrx_word' id='word_1_199' title='bbox 1270 1533 1408 1588; x_wconf 81' lang='lat' dir='ltr'><strong><em>facta</em></strong></span> <span class='ocrx_word' id='word_1_200' title='bbox 1452 1549 1550 1590; x_wconf 89' lang='lat' dir='ltr'><strong><em>sua</em></strong></span> <span class='ocrx_word' id='word_1_201' title='bbox 1582 1542 1705 1604; x_wconf 91' lang='lat' dir='ltr'><strong><em>post</em></strong></span> <span class='ocrx_word' id='word_1_202' title='bbox 1727 1534 1839 1587; x_wconf 65' lang='lat' dir='ltr'><strong><em>haec</em></strong></span> <span class='ocrx_word' id='word_1_203' title='bbox 1866 1534 1936 1587; x_wconf 86' lang='lat' dir='ltr'><strong><em>ita</em></strong></span> <span class='ocrx_word' id='word_1_204' title='bbox 1968 1532 2228 1588; x_wconf 81' lang='lat' dir='ltr'><strong><em>describit</em></strong></span> 
     </span>
    </p>
   </div>
   <div class='ocr_carea' id='block_1_25' title="bbox 2308 1516 3874 1604">
    <p class='ocr_par' dir='ltr' id='par_1_25' title="bbox 2349 1531 3874 1604">
     <span class='ocr_line' id='line_1_26' title="bbox 2349 1531 3874 1604; baseline 0.003 -21"><span class='ocrx_word' id='word_1_205' title='bbox 2349 1531 2750 1596; x_wconf 75' lang='grc' dir='ltr'><em>κληθήσονται</em></span> <span class='ocrx_word' id='word_1_206' title='bbox 2778 1549 2790 1561; x_wconf 93' lang='grc'><strong>·</strong></span> <span class='ocrx_word' id='word_1_207' title='bbox 2824 1532 2915 1585; x_wconf 77' lang='grc' dir='ltr'><em>καὶ</em></span> <span class='ocrx_word' id='word_1_208' title='bbox 2946 1532 3014 1585; x_wconf 83' lang='grc' dir='ltr'><strong><em>τά</em></strong></span> <span class='ocrx_word' id='word_1_209' title='bbox 3057 1532 3450 1604; x_wconf 78' lang='grc' dir='ltr'><strong><em>κατορθώματα</em></strong></span> <span class='ocrx_word' id='word_1_210' title='bbox 3487 1534 3545 1586; x_wconf 84' lang='grc' dir='ltr'><strong><em>δὲ</em></strong></span> <span class='ocrx_word' id='word_1_211' title='bbox 3585 1535 3743 1588; x_wconf 82' lang='grc' dir='ltr'><em>αὑτοῦ</em></span> <span class='ocrx_word' id='word_1_212' title='bbox 3774 1538 3874 1588; x_wconf 80' lang='grc' dir='ltr'><em>ὐπο-</em></span> 
     </span>
    </p>
   </div>
   <div class='ocr_carea' id='block_1_26' title="bbox 695 1622 2261 1696">
    <p class='ocr_par' dir='ltr' id='par_1_26' title="bbox 695 1624 2250 1693">
     <span class='ocr_line' id='line_1_27' title="bbox 695 1624 2250 1693; baseline -0.004 -10"><span class='ocrx_word' id='word_1_213' title='bbox 695 1630 778 1685; x_wconf 79' lang='lat' dir='ltr'><strong><em>liis</em></strong></span> <span class='ocrx_word' id='word_1_214' title='bbox 824 1643 1127 1684; x_wconf 86' lang='lat' dir='ltr'><strong><em>sermonem</em></strong></span> <span class='ocrx_word' id='word_1_215' title='bbox 1174 1625 1504 1681; x_wconf 87' lang='lat' dir='ltr'><strong><em>concludens</em></strong></span> <span class='ocrx_word' id='word_1_216' title='bbox 1553 1645 1567 1680; x_wconf 88' lang='lat'>:</span> <span class='ocrx_word' id='word_1_217' title='bbox 1604 1624 1866 1692; x_wconf 85' lang='lat' dir='ltr'><strong><em>Quoniam</em></strong></span> <span class='ocrx_word' id='word_1_218' title='bbox 1913 1624 2111 1677; x_wconf 82' lang='lat' dir='ltr'><strong><em>advena</em></strong></span> <span class='ocrx_word' id='word_1_219' title='bbox 2159 1640 2250 1693; x_wconf 90' lang='lat' dir='ltr'><strong><em>ego</em></strong></span> 
     </span>
    </p>
   </div>
   <div class='ocr_carea' id='block_1_27' title="bbox 2310 1622 3876 1696">
    <p class='ocr_par' dir='ltr' id='par_1_27' title="bbox 2348 1622 3876 1696">
     <span class='ocr_line' id='line_1_28' title="bbox 2348 1622 3876 1696; baseline 0.001 -21"><span class='ocrx_word' id='word_1_220' title='bbox 2348 1624 2544 1691; x_wconf 78' lang='grc' dir='ltr'><em>γράφει</em></span> <span class='ocrx_word' id='word_1_221' title='bbox 2576 1623 2838 1692; x_wconf 79' lang='grc' dir='ltr'><strong><em>ἐπιλέγων</em></strong></span> <span class='ocrx_word' id='word_1_222' title='bbox 2859 1641 2871 1654; x_wconf 87' lang='grc'><strong>·</strong></span> <span class='ocrx_word' id='word_1_223' title='bbox 2906 1624 3025 1676; x_wconf 87' lang='grc' dir='ltr'><em>Ὅτι</em></span> <span class='ocrx_word' id='word_1_224' title='bbox 3054 1623 3337 1692; x_wconf 79' lang='grc' dir='ltr'><em>πάροικος</em></span> <span class='ocrx_word' id='word_1_225' title='bbox 3361 1622 3473 1694; x_wconf 67' lang='grc' dir='ltr'><strong><em>ἐγώ</em></strong></span> <span class='ocrx_word' id='word_1_226' title='bbox 3492 1626 3607 1693; x_wconf 73' lang='grc' dir='ltr'><em>ειμι</em></span> <span class='ocrx_word' id='word_1_227' title='bbox 3639 1625 3735 1679; x_wconf 80' lang='grc' dir='ltr'><strong><em>καί</em></strong></span> <span class='ocrx_word' id='word_1_228' title='bbox 3760 1640 3876 1696; x_wconf 80' lang='grc' dir='ltr'><em>παρ-</em></span> 
     </span>
    </p>
   </div>
   <div class='ocr_carea' id='block_1_28' title="bbox 693 1712 2259 1787">
    <p class='ocr_par' dir='ltr' id='par_1_28' title="bbox 693 1712 2250 1787">
     <span class='ocr_line' id='line_1_29' title="bbox 693 1712 2250 1787; baseline -0.001 -16"><span class='ocrx_word' id='word_1_229' title='bbox 693 1735 807 1772; x_wconf 85' lang='lat' dir='ltr'><strong><em>sum</em></strong></span> <span class='ocrx_word' id='word_1_230' title='bbox 837 1729 883 1771; x_wconf 89' lang='lat' dir='ltr'><strong><em>et</em></strong></span> <span class='ocrx_word' id='word_1_231' title='bbox 937 1717 1258 1787; x_wconf 85' lang='lat' dir='ltr'><strong><em>peregrinus,</em></strong></span> <span class='ocrx_word' id='word_1_232' title='bbox 1302 1718 1435 1770; x_wconf 82' lang='lat' dir='ltr'><strong><em>sicut</em></strong></span> <span class='ocrx_word' id='word_1_233' title='bbox 1480 1732 1655 1769; x_wconf 87' lang='lat' dir='ltr'><strong><em>omnes</em></strong></span> <span class='ocrx_word' id='word_1_234' title='bbox 1703 1724 1879 1785; x_wconf 87' lang='lat' dir='ltr'><strong><em>patres</em></strong></span> <span class='ocrx_word' id='word_1_235' title='bbox 1927 1716 2044 1769; x_wconf 89' lang='lat' dir='ltr'><strong><em>mei.</em></strong></span> <span class='ocrx_word' id='word_1_236' title='bbox 2075 1712 2250 1769; x_wconf 83' lang='lat' dir='ltr'><strong><em>Rarus</em></strong></span> 
     </span>
    </p>
   </div>
   <div class='ocr_carea' id='block_1_29' title="bbox 2306 1712 3872 1787">
    <p class='ocr_par' dir='ltr' id='par_1_29' title="bbox 2346 1714 3872 1786">
     <span class='ocr_line' id='line_1_30' title="bbox 2346 1714 3872 1786; baseline 0.005 -20"><span class='ocrx_word' id='word_1_237' title='bbox 2346 1716 2652 1783; x_wconf 80' lang='grc' dir='ltr'><em>επίδημος,</em></span> <span class='ocrx_word' id='word_1_238' title='bbox 2688 1714 2878 1781; x_wconf 86' lang='grc' dir='ltr'><em>καθὼς</em></span> <span class='ocrx_word' id='word_1_239' title='bbox 2903 1714 3122 1781; x_wconf 84' lang='grc' dir='ltr'><em>πάντες</em></span> <span class='ocrx_word' id='word_1_240' title='bbox 3152 1718 3207 1769; x_wconf 87' lang='lat' dir='ltr'><strong><em>ol</em></strong></span> <span class='ocrx_word' id='word_1_241' title='bbox 3234 1715 3481 1783; x_wconf 84' lang='grc' dir='ltr'><em>πατέρες</em></span> <span class='ocrx_word' id='word_1_242' title='bbox 3504 1735 3642 1786; x_wconf 81' lang='grc' dir='ltr'><em>μου.</em></span> <span class='ocrx_word' id='word_1_243' title='bbox 3673 1719 3872 1773; x_wconf 69' lang='grc' dir='ltr'><em>Σπανίαν</em></span> 
     </span>
    </p>
   </div>
   <div class='ocr_carea' id='block_1_30' title="bbox 692 1806 2258 1881">
    <p class='ocr_par' dir='ltr' id='par_1_30' title="bbox 692 1806 2245 1879">
     <span class='ocr_line' id='line_1_31' title="bbox 692 1806 2245 1879; baseline -0.003 -16"><span class='ocrx_word' id='word_1_244' title='bbox 692 1826 823 1865; x_wconf 87' lang='lat' dir='ltr'><strong><em>sane</em></strong></span> <span class='ocrx_word' id='word_1_245' title='bbox 857 1820 941 1865; x_wconf 89' lang='lat' dir='ltr'><strong><em>est</em></strong></span> <span class='ocrx_word' id='word_1_246' title='bbox 972 1811 1019 1865; x_wconf 89' lang='lat' dir='ltr'><strong><em>is</em></strong></span> <span class='ocrx_word' id='word_1_247' title='bbox 1045 1812 1135 1879; x_wconf 85' lang='lat' dir='ltr'><strong><em>qui</em></strong></span> <span class='ocrx_word' id='word_1_248' title='bbox 1168 1809 1343 1878; x_wconf 88' lang='lat' dir='ltr'><strong><em>possit</em></strong></span> <span class='ocrx_word' id='word_1_249' title='bbox 1385 1807 1452 1861; x_wconf 91' lang='lat' dir='ltr'><strong><em>ad</em></strong></span> <span class='ocrx_word' id='word_1_250' title='bbox 1495 1807 1852 1860; x_wconf 86' lang='lat' dir='ltr'><strong><em>imitationem</em></strong></span> <span class='ocrx_word' id='word_1_251' title='bbox 1877 1806 2245 1875; x_wconf 73' lang='lat' dir='ltr'><strong><em>religiosorum</em></strong></span> 
     </span>
    </p>
   </div>
   <div class='ocr_carea' id='block_1_31' title="bbox 2311 1806 3877 1881">
    <p class='ocr_par' dir='ltr' id='par_1_31' title="bbox 2311 1806 3877 1881">
     <span class='ocr_line' id='line_1_32' title="bbox 2311 1806 3877 1881; baseline 0.003 -21"><span class='ocrx_word' id='word_1_252' title='bbox 2311 1876 2313 1881; x_wconf 24' lang='grc' dir='ltr'>ι</span> <span class='ocrx_word' id='word_1_253' title='bbox 2347 1807 2405 1861; x_wconf 85' lang='grc' dir='ltr'><strong><em>δέ</em></strong></span> <span class='ocrx_word' id='word_1_254' title='bbox 2433 1810 2577 1861; x_wconf 75' lang='grc' dir='ltr'><em>ἐστιν</em></span> <span class='ocrx_word' id='word_1_255' title='bbox 2610 1806 2801 1879; x_wconf 85' lang='grc' dir='ltr'><em>ἀνδρὸς</em></span> <span class='ocrx_word' id='word_1_256' title='bbox 2824 1807 2885 1859; x_wconf 80' lang='grc' dir='ltr'><strong><em>τὸ</em></strong></span> <span class='ocrx_word' id='word_1_257' title='bbox 2914 1806 3169 1862; x_wconf 83' lang='grc' dir='ltr'><em>δύνασθαι</em></span> <span class='ocrx_word' id='word_1_258' title='bbox 3191 1808 3329 1861; x_wconf 83' lang='grc' dir='ltr'><em>κατὰ</em></span> <span class='ocrx_word' id='word_1_259' title='bbox 3360 1808 3586 1881; x_wconf 78' lang='grc' dir='ltr'><strong><em>μίμησιν</em></strong></span> <span class='ocrx_word' id='word_1_260' title='bbox 3603 1811 3709 1863; x_wconf 84' lang='grc' dir='ltr'><em>τῶν</em></span> <span class='ocrx_word' id='word_1_261' title='bbox 3732 1810 3877 1880; x_wconf 74' lang='grc' dir='ltr'><em>θεοφι-</em></span> 
     </span>
    </p>
   </div>
   <div class='ocr_carea' id='block_1_32' title="bbox 692 1897 2258 1974">
    <p class='ocr_par' dir='ltr' id='par_1_32' title="bbox 692 1897 2248 1974">
     <span class='ocr_line' id='line_1_33' title="bbox 692 1897 2248 1974; baseline -0.005 -17"><span class='ocrx_word' id='word_1_262' title='bbox 692 1912 907 1974; x_wconf 89' lang='lat' dir='ltr'><strong><em>patrum</em></strong></span> <span class='ocrx_word' id='word_1_263' title='bbox 936 1909 990 1956; x_wconf 92' lang='lat' dir='ltr'><strong><em>et</em></strong></span> <span class='ocrx_word' id='word_1_264' title='bbox 1023 1902 1410 1971; x_wconf 87' lang='lat' dir='ltr'><strong><em>prophetarum</em></strong></span> <span class='ocrx_word' id='word_1_265' title='bbox 1438 1898 1553 1962; x_wconf 88' lang='lat' dir='ltr'><strong><em>Dei,</em></strong></span> <span class='ocrx_word' id='word_1_266' title='bbox 1597 1914 1705 1953; x_wconf 88' lang='lat' dir='ltr'><strong><em>non</em></strong></span> <span class='ocrx_word' id='word_1_267' title='bbox 1749 1907 1808 1951; x_wconf 88' lang='lat' dir='ltr'><strong><em>ut</em></strong></span> <span class='ocrx_word' id='word_1_268' title='bbox 1836 1898 2035 1959; x_wconf 82' lang='lat' dir='ltr'><strong><em>incola,</em></strong></span> <span class='ocrx_word' id='word_1_269' title='bbox 2070 1897 2163 1952; x_wconf 91' lang='lat' dir='ltr'><strong><em>sed</em></strong></span> <span class='ocrx_word' id='word_1_270' title='bbox 2191 1906 2248 1951; x_wconf 92' lang='lat' dir='ltr'><strong><em>ut</em></strong></span> 
     </span>
    </p>
   </div>
   <div class='ocr_carea' id='block_1_33' title="bbox 2312 1897 3878 1974">
    <p class='ocr_par' dir='ltr' id='par_1_33' title="bbox 2312 1897 3878 1974">
     <span class='ocr_line' id='line_1_34' title="bbox 2312 1897 3878 1974; baseline 0.003 -22"><span class='ocrx_word' id='word_1_271' title='bbox 2312 1897 2455 1955; x_wconf 77' lang='grc' dir='ltr'><strong><em>’λῶν</em></strong></span> <span class='ocrx_word' id='word_1_272' title='bbox 2502 1900 2750 1970; x_wconf 85' lang='grc' dir='ltr'><strong><em>πατέρων</em></strong></span> <span class='ocrx_word' id='word_1_273' title='bbox 2794 1900 2889 1954; x_wconf 75' lang='grc' dir='ltr'><em>καὶ</em></span> <span class='ocrx_word' id='word_1_274' title='bbox 2935 1900 3042 1953; x_wconf 82' lang='grc' dir='ltr'><strong><em>τῶν</em></strong></span> <span class='ocrx_word' id='word_1_275' title='bbox 3087 1900 3378 1971; x_wconf 80' lang='grc' dir='ltr'><strong><em>προφητῶν</em></strong></span> <span class='ocrx_word' id='word_1_276' title='bbox 3418 1902 3509 1954; x_wconf 79' lang='grc' dir='ltr'><strong><em>τοῦ</em></strong></span> <span class='ocrx_word' id='word_1_277' title='bbox 3558 1902 3792 1974; x_wconf 50' lang='grc' dir='ltr'><em>Θεοῦνμὴ</em></span> <span class='ocrx_word' id='word_1_278' title='bbox 3819 1904 3878 1968; x_wconf 84' lang='grc' dir='ltr'><em>ὡς</em></span> 
     </span>
    </p>
   </div>
   <div class='ocr_carea' id='block_1_34' title="bbox 692 1989 2258 2067">
    <p class='ocr_par' dir='ltr' id='par_1_34' title="bbox 692 1989 2247 2062">
     <span class='ocr_line' id='line_1_35' title="bbox 692 1989 2247 2062; baseline -0.001 -15"><span class='ocrx_word' id='word_1_279' title='bbox 692 1995 898 2048; x_wconf 67' lang='grc' dir='ltr'><strong><em>ἎιΙνΕηὶὶ</em></strong></span> <span class='ocrx_word' id='word_1_280' title='bbox 933 2002 1337 2062; x_wconf 89' lang='lat' dir='ltr'><strong><em>tcmporaneam</em></strong></span> <span class='ocrx_word' id='word_1_281' title='bbox 1370 1989 1567 2045; x_wconf 88' lang='lat' dir='ltr'><strong><em>ducere</em></strong></span> <span class='ocrx_word' id='word_1_282' title='bbox 1600 1991 1769 2043; x_wconf 89' lang='lat' dir='ltr'><strong><em>vitam</em></strong></span> <span class='ocrx_word' id='word_1_283' title='bbox 1818 2008 1832 2045; x_wconf 86' lang='lat'><strong>:</strong></span> <span class='ocrx_word' id='word_1_284' title='bbox 1885 2004 1988 2058; x_wconf 88' lang='lat' dir='ltr'><strong><em>qua</em></strong></span> <span class='ocrx_word' id='word_1_285' title='bbox 2023 1989 2075 2043; x_wconf 90' lang='lat' dir='ltr'><strong><em>in</em></strong></span> <span class='ocrx_word' id='word_1_286' title='bbox 2119 2006 2174 2045; x_wconf 86' lang='lat' dir='ltr'><strong><em>rc</em></strong></span> <span class='ocrx_word' id='word_1_287' title='bbox 2201 1990 2247 2045; x_wconf 89' lang='lat' dir='ltr'><strong><em>is</em></strong></span> 
     </span>
    </p>
   </div>
   <div class='ocr_carea' id='block_1_35' title="bbox 2313 1989 3879 2067">
    <p class='ocr_par' dir='ltr' id='par_1_35' title="bbox 2350 1994 3879 2067">
     <span class='ocr_line' id='line_1_36' title="bbox 2350 1994 3879 2067; baseline 0.002 -20"><span class='ocrx_word' id='word_1_288' title='bbox 2350 1994 2572 2057; x_wconf 77' lang='grc' dir='ltr'><em>ἔνοικος,</em></span> <span class='ocrx_word' id='word_1_289' title='bbox 2604 1994 2718 2047; x_wconf 87' lang='grc' dir='ltr'><em>ἀλλ’</em></span> <span class='ocrx_word' id='word_1_290' title='bbox 2743 1994 2819 2057; x_wconf 86' lang='grc' dir='ltr'><em>ὡς</em></span> <span class='ocrx_word' id='word_1_291' title='bbox 2867 1994 3125 2065; x_wconf 81' lang='grc' dir='ltr'><em>πάροικος</em></span> <span class='ocrx_word' id='word_1_292' title='bbox 3169 1994 3265 2067; x_wconf 83' lang='grc' dir='ltr'><strong><em>τὴν</em></strong></span> <span class='ocrx_word' id='word_1_293' title='bbox 3318 1994 3645 2067; x_wconf 85' lang='grc' dir='ltr'><em>πρόσκαιρον</em></span> <span class='ocrx_word' id='word_1_294' title='bbox 3671 1996 3879 2050; x_wconf 76' lang='grc' dir='ltr'><em>διαὸιοῦν</em></span> 
     </span>
    </p>
   </div>
   <div class='ocr_carea' id='block_1_36' title="bbox 694 2078 2260 2160">
    <p class='ocr_par' dir='ltr' id='par_1_36' title="bbox 694 2082 2248 2153">
     <span class='ocr_line' id='line_1_37' title="bbox 694 2082 2248 2153; baseline -0.003 -16"><span class='ocrx_word' id='word_1_295' title='bbox 694 2086 788 2153; x_wconf 85' lang='lat' dir='ltr'><strong><em>qui</em></strong></span> <span class='ocrx_word' id='word_1_296' title='bbox 842 2084 1083 2152; x_wconf 88' lang='lat' dir='ltr'><strong><em>loquitur</em></strong></span> <span class='ocrx_word' id='word_1_297' title='bbox 1128 2082 1483 2153; x_wconf 80' lang='lat' dir='ltr'><strong><em>gloriabatur,</em></strong></span> <span class='ocrx_word' id='word_1_298' title='bbox 1534 2084 1871 2152; x_wconf 78' lang='lat' dir='ltr'><strong><em>peregrinam</em></strong></span> <span class='ocrx_word' id='word_1_299' title='bbox 1920 2089 1974 2136; x_wconf 90' lang='lat' dir='ltr'><strong><em>et</em></strong></span> <span class='ocrx_word' id='word_1_300' title='bbox 2020 2082 2248 2135; x_wconf 85' lang='lat' dir='ltr'><strong><em>alienam</em></strong></span> 
     </span>
    </p>
   </div>
   <div class='ocr_carea' id='block_1_37' title="bbox 2313 2078 3879 2160">
    <p class='ocr_par' dir='ltr' id='par_1_37' title="bbox 2349 2078 3879 2160">
     <span class='ocr_line' id='line_1_38' title="bbox 2349 2078 3879 2160; baseline 0.001 -21"><span class='ocrx_word' id='word_1_301' title='bbox 2349 2086 2492 2158; x_wconf 76' lang='grc' dir='ltr'><strong><em>ζωήν</em></strong></span> <span class='ocrx_word' id='word_1_302' title='bbox 2511 2103 2525 2116; x_wconf 87' lang='grc'><strong>·</strong></span> <span class='ocrx_word' id='word_1_303' title='bbox 2551 2086 2635 2155; x_wconf 77' lang='grc' dir='ltr'><strong><em>ἐφ’</em></strong></span> <span class='ocrx_word' id='word_1_304' title='bbox 2654 2078 2698 2153; x_wconf 84' lang='grc' dir='ltr'>ᾧ</span> <span class='ocrx_word' id='word_1_305' title='bbox 2720 2087 2811 2138; x_wconf 75' lang='grc' dir='ltr'><em>καὶ</em></span> <span class='ocrx_word' id='word_1_306' title='bbox 2835 2087 2864 2138; x_wconf 84' lang='grc' dir='ltr'>ὁ</span> <span class='ocrx_word' id='word_1_307' title='bbox 2893 2084 3081 2157; x_wconf 87' lang='grc' dir='ltr'><em>παρὼν</em></span> <span class='ocrx_word' id='word_1_308' title='bbox 3103 2085 3420 2157; x_wconf 76' lang='grc' dir='ltr'><em>ἐσεμνύνετο</em></span> <span class='ocrx_word' id='word_1_309' title='bbox 3443 2086 3725 2158; x_wconf 84' lang='grc' dir='ltr'><em>παροικίαν</em></span> <span class='ocrx_word' id='word_1_310' title='bbox 3742 2086 3879 2160; x_wconf 74' lang='grc' dir='ltr'><em>ἡγού-</em></span> 
     </span>
    </p>
   </div>
   <div class='ocr_carea' id='block_1_38' title="bbox 697 2172 2263 2247">
    <p class='ocr_par' dir='ltr' id='par_1_38' title="bbox 697 2172 2250 2243">
     <span class='ocr_line' id='line_1_39' title="bbox 697 2172 2250 2243; baseline -0.002 -16"><span class='ocrx_word' id='word_1_311' title='bbox 697 2174 986 2227; x_wconf 81' lang='lat' dir='ltr'><strong><em>liumanam</em></strong></span> <span class='ocrx_word' id='word_1_312' title='bbox 1014 2173 1174 2225; x_wconf 88' lang='lat' dir='ltr'><strong><em>vitam</em></strong></span> <span class='ocrx_word' id='word_1_313' title='bbox 1207 2173 1503 2227; x_wconf 66' lang='lat' dir='ltr'><strong><em>aestimans.</em></strong></span> <span class='ocrx_word' id='word_1_314' title='bbox 1536 2172 1757 2225; x_wconf 78' lang='lat' dir='ltr'><strong><em>Remitte</em></strong></span> <span class='ocrx_word' id='word_1_315' title='bbox 1801 2173 1929 2225; x_wconf 83' lang='lat' dir='ltr'><strong><em>mihi</em></strong></span> <span class='ocrx_word' id='word_1_316' title='bbox 1955 2182 2012 2225; x_wconf 86' lang='lat' dir='ltr'><strong><em>ut</em></strong></span> <span class='ocrx_word' id='word_1_317' title='bbox 2042 2173 2250 2243; x_wconf 80' lang='lat' dir='ltr'><strong><em>refrige-</em></strong></span> 
     </span>
    </p>
   </div>
   <div class='ocr_carea' id='block_1_39' title="bbox 2312 2172 3878 2247">
    <p class='ocr_par' dir='ltr' id='par_1_39' title="bbox 2352 2174 3878 2247">
     <span class='ocr_line' id='line_1_40' title="bbox 2352 2174 3878 2247; baseline 0.003 -20"><span class='ocrx_word' id='word_1_318' title='bbox 2352 2192 2508 2246; x_wconf 87' lang='grc' dir='ltr'><em>μενος</em></span> <span class='ocrx_word' id='word_1_319' title='bbox 2534 2176 2626 2228; x_wconf 75' lang='grc' dir='ltr'><em>καὶ</em></span> <span class='ocrx_word' id='word_1_320' title='bbox 2651 2174 2910 2241; x_wconf 81' lang='grc' dir='ltr'><em>ξενιτείαν</em></span> <span class='ocrx_word' id='word_1_321' title='bbox 2934 2175 3022 2228; x_wconf 74' lang='grc' dir='ltr'><strong><em>τὸν</em></strong></span> <span class='ocrx_word' id='word_1_322' title='bbox 3054 2175 3389 2246; x_wconf 83' lang='grc' dir='ltr'><em>ἀνθρώπινον</em></span> <span class='ocrx_word' id='word_1_323' title='bbox 3417 2175 3528 2246; x_wconf 86' lang='grc' dir='ltr'><em>βίον</em></span> <span class='ocrx_word' id='word_1_324' title='bbox 3547 2192 3563 2208; x_wconf 77' lang='grc' dir='ltr'><strong>ο</strong></span> <span class='ocrx_word' id='word_1_325' title='bbox 3590 2178 3759 2243; x_wconf 82' lang='grc' dir='ltr'><em>Ἀνες</em></span> <span class='ocrx_word' id='word_1_326' title='bbox 3778 2195 3878 2247; x_wconf 80' lang='grc' dir='ltr'><em>μοι.</em></span> 
     </span>
    </p>
   </div>
   <div class='ocr_carea' id='block_1_40' title="bbox 696 2263 2262 2337">
    <p class='ocr_par' dir='ltr' id='par_1_40' title="bbox 696 2263 2251 2336">
     <span class='ocr_line' id='line_1_41' title="bbox 696 2263 2251 2336; baseline -0.003 -15"><span class='ocrx_word' id='word_1_327' title='bbox 696 2283 782 2321; x_wconf 90' lang='lat' dir='ltr'><strong><em>rer</em></strong></span> <span class='ocrx_word' id='word_1_328' title='bbox 809 2268 1114 2336; x_wconf 86' lang='lat' dir='ltr'><strong><em>priusquam</em></strong></span> <span class='ocrx_word' id='word_1_329' title='bbox 1153 2265 1357 2329; x_wconf 88' lang='lat' dir='ltr'><strong><em>abeam,</em></strong></span> <span class='ocrx_word' id='word_1_330' title='bbox 1391 2274 1439 2318; x_wconf 88' lang='lat' dir='ltr'><strong><em>et</em></strong></span> <span class='ocrx_word' id='word_1_331' title='bbox 1478 2264 1703 2333; x_wconf 86' lang='lat' dir='ltr'><strong><em>amplius</em></strong></span> <span class='ocrx_word' id='word_1_332' title='bbox 1727 2281 1829 2317; x_wconf 87' lang='lat' dir='ltr'><strong><em>non</em></strong></span> <span class='ocrx_word' id='word_1_333' title='bbox 1861 2281 1970 2318; x_wconf 90' lang='lat' dir='ltr'><strong><em>ero.</em></strong></span> <span class='ocrx_word' id='word_1_334' title='bbox 2002 2263 2110 2317; x_wconf 88' lang='lat' dir='ltr'><strong><em>Pro</em></strong></span> <span class='ocrx_word' id='word_1_335' title='bbox 2142 2277 2251 2333; x_wconf 87' lang='lat' dir='ltr'><strong><em>quo</em></strong></span> 
     </span>
    </p>
   </div>
   <div class='ocr_carea' id='block_1_41' title="bbox 2312 2263 3878 2337">
    <p class='ocr_par' dir='ltr' id='par_1_41' title="bbox 2349 2263 3878 2337">
     <span class='ocr_line' id='line_1_42' title="bbox 2349 2263 3878 2337; baseline 0.002 -20"><span class='ocrx_word' id='word_1_336' title='bbox 2349 2265 2449 2317; x_wconf 79' lang='lat' dir='ltr'><strong><em>Ira</em></strong></span> <span class='ocrx_word' id='word_1_337' title='bbox 2478 2264 2767 2332; x_wconf 75' lang='grc' dir='ltr'><em>ἀναψύξω</em></span> <span class='ocrx_word' id='word_1_338' title='bbox 2787 2264 2901 2332; x_wconf 83' lang='grc' dir='ltr'><em>πρὸ</em></span> <span class='ocrx_word' id='word_1_339' title='bbox 2932 2263 3038 2319; x_wconf 71' lang='grc' dir='ltr'><strong><em>ποῦ</em></strong></span> <span class='ocrx_word' id='word_1_340' title='bbox 3063 2283 3139 2335; x_wconf 82' lang='grc' dir='ltr'><strong><em>με</em></strong></span> <span class='ocrx_word' id='word_1_341' title='bbox 3169 2266 3468 2330; x_wconf 78' lang='grc' dir='ltr'><em>ἀπελθεῖν,</em></span> <span class='ocrx_word' id='word_1_342' title='bbox 3489 2266 3583 2320; x_wconf 76' lang='grc' dir='ltr'><strong><em>καί</em></strong></span> <span class='ocrx_word' id='word_1_343' title='bbox 3608 2266 3793 2321; x_wconf 77' lang='grc' dir='ltr'><em>οὐκέτι</em></span> <span class='ocrx_word' id='word_1_344' title='bbox 3810 2269 3878 2337; x_wconf 81' lang='grc' dir='ltr'><em>μὴ</em></span> 
     </span>
    </p>
   </div>
   <div class='ocr_carea' id='block_1_42' title="bbox 676 2343 2242 2429">
    <p class='ocr_par' dir='ltr' id='par_1_42' title="bbox 676 2354 2242 2429">
     <span class='ocr_line' id='line_1_43' title="bbox 676 2354 2242 2429; baseline -0.003 -17"><span class='ocrx_word' id='word_1_345' title='bbox 676 2356 1057 2429; x_wconf 65' lang='lat' dir='ltr'><strong><em>&#39;Sg&#39;mmachus</em></strong></span> <span class='ocrx_word' id='word_1_346' title='bbox 1081 2358 1177 2419; x_wconf 85' lang='lat' dir='ltr'><strong><em>ait,</em></strong></span> <span class='ocrx_word' id='word_1_347' title='bbox 1210 2354 1438 2410; x_wconf 75' lang='lat' dir='ltr'><strong><em>Abscede</em></strong></span> <span class='ocrx_word' id='word_1_348' title='bbox 1459 2373 1492 2409; x_wconf 94' lang='lat' dir='ltr'><strong><em>a</em></strong></span> <span class='ocrx_word' id='word_1_349' title='bbox 1518 2374 1598 2410; x_wconf 91' lang='lat' dir='ltr'><strong><em>me</em></strong></span> <span class='ocrx_word' id='word_1_350' title='bbox 1630 2366 1685 2409; x_wconf 91' lang='lat' dir='ltr'><strong><em>ut</em></strong></span> <span class='ocrx_word' id='word_1_351' title='bbox 1722 2355 1944 2420; x_wconf 87' lang='lat' dir='ltr'><strong><em>rideam,</em></strong></span> <span class='ocrx_word' id='word_1_352' title='bbox 1974 2363 2242 2424; x_wconf 86' lang='lat' dir='ltr'><strong><em>antequam</em></strong></span> 
     </span>
    </p>
   </div>
   <div class='ocr_carea' id='block_1_43' title="bbox 2311 2343 3877 2429">
    <p class='ocr_par' dir='ltr' id='par_1_43' title="bbox 2348 2343 3877 2428">
     <span class='ocr_line' id='line_1_44' title="bbox 2348 2343 3877 2428; baseline 0.004 -21"><span class='ocrx_word' id='word_1_353' title='bbox 2348 2353 2608 2423; x_wconf 81' lang='grc' dir='ltr'><em>ὑπάρξω.</em></span> <span class='ocrx_word' id='word_1_354' title='bbox 2639 2354 2776 2408; x_wconf 79' lang='grc' dir='ltr'><em>’Λνθ’</em></span> <span class='ocrx_word' id='word_1_355' title='bbox 2793 2351 2853 2410; x_wconf 76' lang='grc' dir='ltr'><em>οὗ</em></span> <span class='ocrx_word' id='word_1_356' title='bbox 2876 2357 2905 2408; x_wconf 83' lang='grc' dir='ltr'>ὁ</span> <span class='ocrx_word' id='word_1_357' title='bbox 2930 2343 3220 2427; x_wconf 72' lang='grc' dir='ltr'><em>Σύμμαχος</em></span> <span class='ocrx_word' id='word_1_358' title='bbox 3245 2374 3375 2428; x_wconf 82' lang='grc' dir='ltr'><em>φησι</em></span> <span class='ocrx_word' id='word_1_359' title='bbox 3394 2374 3409 2388; x_wconf 71' lang='grc' dir='ltr'><strong>ο</strong></span> <span class='ocrx_word' id='word_1_360' title='bbox 3442 2358 3736 2427; x_wconf 82' lang='grc' dir='ltr'><em>Ἀπόσχου</em></span> <span class='ocrx_word' id='word_1_361' title='bbox 3758 2376 3877 2428; x_wconf 81' lang='grc' dir='ltr'><em>μου,</em></span> 
     </span>
    </p>
   </div>
   <div class='ocr_carea' id='block_1_44' title="bbox 693 2443 2259 2521">
    <p class='ocr_par' dir='ltr' id='par_1_44' title="bbox 693 2443 2252 2512">
     <span class='ocr_line' id='line_1_45' title="bbox 693 2443 2252 2512; baseline -0.003 -11"><span class='ocrx_word' id='word_1_362' title='bbox 693 2448 880 2501; x_wconf 75' lang='lat' dir='ltr'><strong><em>abeam</em></strong></span> <span class='ocrx_word' id='word_1_363' title='bbox 928 2456 975 2499; x_wconf 91' lang='lat' dir='ltr'><strong><em>et</em></strong></span> <span class='ocrx_word' id='word_1_364' title='bbox 1008 2462 1111 2499; x_wconf 87' lang='lat' dir='ltr'><strong><em>non</em></strong></span> <span class='ocrx_word' id='word_1_365' title='bbox 1155 2444 1557 2501; x_wconf 69' lang='lat' dir='ltr'><strong><em>existain..Nisi</em></strong></span> <span class='ocrx_word' id='word_1_366' title='bbox 1596 2444 1740 2498; x_wconf 89' lang='lat' dir='ltr'><strong><em>enim</em></strong></span> <span class='ocrx_word' id='word_1_367' title='bbox 1788 2444 1877 2497; x_wconf 85' lang='lat' dir='ltr'><strong><em>bic</em></strong></span> <span class='ocrx_word' id='word_1_368' title='bbox 1905 2443 2128 2498; x_wconf 88' lang='lat' dir='ltr'><strong><em>mutatis</em></strong></span> <span class='ocrx_word' id='word_1_369' title='bbox 2156 2459 2252 2512; x_wconf 89' lang='lat' dir='ltr'><strong><em>per</em></strong></span> 
     </span>
    </p>
   </div>
   <div class='ocr_carea' id='block_1_45' title="bbox 2311 2443 3877 2521">
    <p class='ocr_par' dir='ltr' id='par_1_45' title="bbox 2348 2447 3877 2521">
     <span class='ocr_line' id='line_1_46' title="bbox 2348 2447 3877 2521; baseline 0.003 -21"><span class='ocrx_word' id='word_1_370' title='bbox 2348 2447 2447 2501; x_wconf 84' lang='grc' dir='ltr'><em>ἵνα</em></span> <span class='ocrx_word' id='word_1_371' title='bbox 2471 2448 2756 2518; x_wconf 80' lang='grc' dir='ltr'><em>μειδιάσω</em></span> <span class='ocrx_word' id='word_1_372' title='bbox 2779 2449 2921 2516; x_wconf 81' lang='grc' dir='ltr'><em>πρίν</em></span> <span class='ocrx_word' id='word_1_373' title='bbox 2940 2449 3222 2505; x_wconf 73' lang='grc' dir='ltr'><em>ἀπελθεῖν</em></span> <span class='ocrx_word' id='word_1_374' title='bbox 3238 2467 3334 2519; x_wconf 84' lang='grc' dir='ltr'><strong><em>με,</em></strong></span> <span class='ocrx_word' id='word_1_375' title='bbox 3364 2448 3463 2503; x_wconf 77' lang='grc' dir='ltr'><strong><em>καί</em></strong></span> <span class='ocrx_word' id='word_1_376' title='bbox 3483 2449 3569 2520; x_wconf 79' lang='grc' dir='ltr'><em>μὴ</em></span> <span class='ocrx_word' id='word_1_377' title='bbox 3597 2451 3877 2521; x_wconf 80' lang='grc' dir='ltr'><em>ὑπάρχειν.</em></span> 
     </span>
    </p>
   </div>
   <div class='ocr_carea' id='block_1_46' title="bbox 695 2536 2261 2614">
    <p class='ocr_par' dir='ltr' id='par_1_46' title="bbox 695 2536 2249 2610">
     <span class='ocr_line' id='line_1_47' title="bbox 695 2536 2249 2610; baseline -0.001 -19"><span class='ocrx_word' id='word_1_378' title='bbox 695 2539 925 2610; x_wconf 87' lang='lat' dir='ltr'><strong><em>gratiam</em></strong></span> <span class='ocrx_word' id='word_1_379' title='bbox 953 2544 1100 2591; x_wconf 91' lang='lat' dir='ltr'><strong><em>tuam</em></strong></span> <span class='ocrx_word' id='word_1_380' title='bbox 1137 2537 1191 2591; x_wconf 91' lang='lat' dir='ltr'><strong><em>in</em></strong></span> <span class='ocrx_word' id='word_1_381' title='bbox 1226 2538 1396 2592; x_wconf 89' lang='lat' dir='ltr'><strong><em>risum</em></strong></span> <span class='ocrx_word' id='word_1_382' title='bbox 1419 2538 1675 2608; x_wconf 84' lang='lat' dir='ltr'><strong><em>lacrymis</em></strong></span> <span class='ocrx_word' id='word_1_383' title='bbox 1702 2536 1929 2600; x_wconf 85' lang='lat' dir='ltr'><strong><em>rideam,</em></strong></span> <span class='ocrx_word' id='word_1_384' title='bbox 1963 2551 2027 2591; x_wconf 85' lang='lat' dir='ltr'><strong><em>ac</em></strong></span> <span class='ocrx_word' id='word_1_385' title='bbox 2061 2536 2163 2591; x_wconf 85' lang='lat' dir='ltr'><strong><em>nisi</em></strong></span> <span class='ocrx_word' id='word_1_386' title='bbox 2194 2537 2249 2589; x_wconf 90' lang='lat' dir='ltr'><strong><em>in</em></strong></span> 
     </span>
    </p>
   </div>
   <div class='ocr_carea' id='block_1_47' title="bbox 2314 2536 3880 2614">
    <p class='ocr_par' dir='ltr' id='par_1_47' title="bbox 2362 2537 3880 2614">
     <span class='ocr_line' id='line_1_48' title="bbox 2362 2537 3880 2614; baseline 0.004 -23"><span class='ocrx_word' id='word_1_387' title='bbox 2362 2537 2484 2592; x_wconf 83' lang='grc' dir='ltr'>Ἐὰν</span> <span class='ocrx_word' id='word_1_388' title='bbox 2511 2539 2619 2611; x_wconf 77' lang='grc' dir='ltr'><strong><em>γὰρ</em></strong></span> <span class='ocrx_word' id='word_1_389' title='bbox 2652 2539 2916 2604; x_wconf 74' lang='grc' dir='ltr'><em>ἐντεῦθεν,</em></span> <span class='ocrx_word' id='word_1_390' title='bbox 2944 2542 3097 2613; x_wconf 67' lang='grc' dir='ltr'><em>φησι,</em></span> <span class='ocrx_word' id='word_1_391' title='bbox 3131 2540 3225 2613; x_wconf 78' lang='grc' dir='ltr'><em>μὴ,</em></span> <span class='ocrx_word' id='word_1_392' title='bbox 3261 2540 3576 2612; x_wconf 76' lang='grc' dir='ltr'><em>μεταϐαλὼν</em></span> <span class='ocrx_word' id='word_1_393' title='bbox 3601 2543 3669 2597; x_wconf 81' lang='grc' dir='ltr'><strong><em>τὰ</em></strong></span> <span class='ocrx_word' id='word_1_394' title='bbox 3695 2544 3880 2614; x_wconf 79' lang='grc' dir='ltr'><em>δάκρυα</em></span> 
     </span>
    </p>
   </div>
   <div class='ocr_carea' id='block_1_48' title="bbox 700 2627 2266 2705">
    <p class='ocr_par' dir='ltr' id='par_1_48' title="bbox 700 2627 2248 2699">
     <span class='ocr_line' id='line_1_49' title="bbox 700 2627 2248 2699; baseline 0.001 -19"><span class='ocrx_word' id='word_1_395' title='bbox 700 2632 947 2698; x_wconf 63' lang='lat' dir='ltr'><strong><em>praesenti</em></strong></span> <span class='ocrx_word' id='word_1_396' title='bbox 982 2630 1091 2683; x_wconf 85' lang='lat' dir='ltr'><strong><em>vita</em></strong></span> <span class='ocrx_word' id='word_1_397' title='bbox 1121 2630 1367 2685; x_wconf 87' lang='lat' dir='ltr'><strong><em>remittas</em></strong></span> <span class='ocrx_word' id='word_1_398' title='bbox 1400 2629 1529 2683; x_wconf 89' lang='lat' dir='ltr'><strong><em>mihi</em></strong></span> <span class='ocrx_word' id='word_1_399' title='bbox 1560 2630 1815 2684; x_wconf 87' lang='lat' dir='ltr'><strong><em>delictum</em></strong></span> <span class='ocrx_word' id='word_1_400' title='bbox 1860 2637 1914 2683; x_wconf 89' lang='lat' dir='ltr'><strong><em>et</em></strong></span> <span class='ocrx_word' id='word_1_401' title='bbox 1949 2627 2248 2699; x_wconf 82' lang='lat' dir='ltr'><strong><em>facinorum</em></strong></span> 
     </span>
    </p>
   </div>
   <div class='ocr_carea' id='block_1_49' title="bbox 2313 2627 3879 2705">
    <p class='ocr_par' dir='ltr' id='par_1_49' title="bbox 2348 2631 3879 2705">
     <span class='ocr_line' id='line_1_50' title="bbox 2348 2631 3879 2705; baseline 0.005 -22"><span class='ocrx_word' id='word_1_402' title='bbox 2348 2632 2427 2694; x_wconf 87' lang='grc' dir='ltr'><strong><em>είς</em></strong></span> <span class='ocrx_word' id='word_1_403' title='bbox 2450 2631 2658 2700; x_wconf 84' lang='grc' dir='ltr'><em>γέλωτα</em></span> <span class='ocrx_word' id='word_1_404' title='bbox 2677 2632 2765 2685; x_wconf 82' lang='grc' dir='ltr'><strong><em>διὰ</em></strong></span> <span class='ocrx_word' id='word_1_405' title='bbox 2796 2634 2893 2703; x_wconf 79' lang='grc' dir='ltr'><strong><em>τὴν</em></strong></span> <span class='ocrx_word' id='word_1_406' title='bbox 2926 2634 3025 2705; x_wconf 79' lang='grc' dir='ltr'><strong><em>σὴν</em></strong></span> <span class='ocrx_word' id='word_1_407' title='bbox 3062 2634 3243 2704; x_wconf 80' lang='grc' dir='ltr'><em>χάριν,</em></span> <span class='ocrx_word' id='word_1_408' title='bbox 3279 2634 3558 2705; x_wconf 87' lang='grc' dir='ltr'><em>μειδιάσω,</em></span> <span class='ocrx_word' id='word_1_409' title='bbox 3587 2637 3678 2689; x_wconf 76' lang='grc' dir='ltr'><em>καὶ</em></span> <span class='ocrx_word' id='word_1_410' title='bbox 3705 2636 3793 2688; x_wconf 77' lang='grc' dir='ltr'><strong><em>ἐὰν</em></strong></span> <span class='ocrx_word' id='word_1_411' title='bbox 3819 2636 3879 2705; x_wconf 82' lang='grc' dir='ltr'><em>μὴ</em></span> 
     </span>
    </p>
   </div>
   <div class='ocr_carea' id='block_1_50' title="bbox 697 2717 2263 2801">
    <p class='ocr_par' dir='ltr' id='par_1_50' title="bbox 697 2717 2250 2789">
     <span class='ocr_line' id='line_1_51' title="bbox 697 2717 2250 2789; baseline 0 -19"><span class='ocrx_word' id='word_1_412' title='bbox 697 2718 911 2771; x_wconf 68' lang='lat' dir='ltr'><strong><em>veniam</em></strong></span> <span class='ocrx_word' id='word_1_413' title='bbox 960 2718 1221 2788; x_wconf 60' lang='lat' dir='ltr'><strong><em>pradicas,</em></strong></span> <span class='ocrx_word' id='word_1_414' title='bbox 1250 2728 1309 2772; x_wconf 91' lang='lat' dir='ltr'><strong><em>ut</em></strong></span> <span class='ocrx_word' id='word_1_415' title='bbox 1340 2719 1605 2789; x_wconf 88' lang='lat' dir='ltr'><strong><em>meipsum</em></strong></span> <span class='ocrx_word' id='word_1_416' title='bbox 1639 2718 1897 2788; x_wconf 88' lang='lat' dir='ltr'><strong><em>recipiam</em></strong></span> <span class='ocrx_word' id='word_1_417' title='bbox 1940 2724 1994 2771; x_wconf 92' lang='lat' dir='ltr'><strong><em>et</em></strong></span> <span class='ocrx_word' id='word_1_418' title='bbox 2026 2717 2250 2786; x_wconf 79' lang='lat' dir='ltr'><strong><em>refrige-</em></strong></span> 
     </span>
    </p>
   </div>
   <div class='ocr_carea' id='block_1_51' title="bbox 2309 2717 3875 2801">
    <p class='ocr_par' dir='ltr' id='par_1_51' title="bbox 2346 2723 3875 2801">
     <span class='ocr_line' id='line_1_52' title="bbox 2346 2723 3875 2801; baseline 0.002 -25"><span class='ocrx_word' id='word_1_419' title='bbox 2346 2725 2405 2776; x_wconf 85' lang='grc' dir='ltr'><strong><em>ὲν</em></strong></span> <span class='ocrx_word' id='word_1_420' title='bbox 2446 2723 2524 2793; x_wconf 83' lang='grc' dir='ltr'><strong><em>τῷ</em></strong></span> <span class='ocrx_word' id='word_1_421' title='bbox 2568 2726 2794 2795; x_wconf 79' lang='grc' dir='ltr'><em>παρόντι</em></span> <span class='ocrx_word' id='word_1_422' title='bbox 2834 2725 2932 2795; x_wconf 86' lang='grc' dir='ltr'><strong><em>βίῳ</em></strong></span> <span class='ocrx_word' id='word_1_423' title='bbox 2961 2727 3093 2797; x_wconf 79' lang='grc' dir='ltr'><em>ἀνῇς</em></span> <span class='ocrx_word' id='word_1_424' title='bbox 3124 2744 3211 2797; x_wconf 90' lang='grc' dir='ltr'><strong><em>μοι</em></strong></span> <span class='ocrx_word' id='word_1_425' title='bbox 3236 2728 3297 2781; x_wconf 83' lang='grc' dir='ltr'><strong><em>τὸ</em></strong></span> <span class='ocrx_word' id='word_1_426' title='bbox 3320 2728 3622 2801; x_wconf 82' lang='grc' dir='ltr'><em>ἁμάρτημα</em></span> <span class='ocrx_word' id='word_1_427' title='bbox 3653 2728 3741 2781; x_wconf 78' lang='grc' dir='ltr'><em>καὶ</em></span> <span class='ocrx_word' id='word_1_428' title='bbox 3772 2744 3875 2793; x_wconf 77' lang='grc' dir='ltr'><em>συγ-</em></span> 
     </span>
    </p>
   </div>
   <div class='ocr_carea' id='block_1_52' title="bbox 696 2809 2262 2890">
    <p class='ocr_par' dir='ltr' id='par_1_52' title="bbox 696 2809 2251 2879">
     <span class='ocr_line' id='line_1_53' title="bbox 696 2809 2251 2879; baseline 0.001 -17"><span class='ocrx_word' id='word_1_429' title='bbox 696 2816 841 2877; x_wconf 88' lang='lat' dir='ltr'><strong><em>rem;</em></strong></span> <span class='ocrx_word' id='word_1_430' title='bbox 894 2818 1015 2879; x_wconf 87' lang='lat' dir='ltr'><strong><em>post</em></strong></span> <span class='ocrx_word' id='word_1_431' title='bbox 1057 2812 1262 2864; x_wconf 83' lang='lat' dir='ltr'><strong><em>exitum</em></strong></span> <span class='ocrx_word' id='word_1_432' title='bbox 1312 2825 1341 2864; x_wconf 91' lang='lat' dir='ltr'><strong><em>a</em></strong></span> <span class='ocrx_word' id='word_1_433' title='bbox 1376 2810 1485 2866; x_wconf 84' lang='lat' dir='ltr'><strong><em>vita</em></strong></span> <span class='ocrx_word' id='word_1_434' title='bbox 1531 2810 1741 2863; x_wconf 80' lang='lat' dir='ltr'><strong><em>nullam</em></strong></span> <span class='ocrx_word' id='word_1_435' title='bbox 1768 2809 1890 2863; x_wconf 84' lang='lat' dir='ltr'><strong><em>erit</em></strong></span> <span class='ocrx_word' id='word_1_436' title='bbox 1918 2809 2251 2878; x_wconf 61' lang='lat' dir='ltr'><strong><em>pmnitentia</em></strong></span> 
     </span>
    </p>
   </div>
   <div class='ocr_carea' id='block_1_53' title="bbox 2312 2809 3878 2890">
    <p class='ocr_par' dir='ltr' id='par_1_53' title="bbox 2346 2816 3878 2890">
     <span class='ocr_line' id='line_1_54' title="bbox 2346 2816 3878 2890; baseline -0.009 -9"><span class='ocrx_word' id='word_1_437' title='bbox 2346 2816 2599 2886; x_wconf 80' lang='grc' dir='ltr'><strong><em>χωρήσῃς</em></strong></span> <span class='ocrx_word' id='word_1_438' title='bbox 2628 2816 2696 2869; x_wconf 82' lang='grc' dir='ltr'><strong><em>τὰ</em></strong></span> <span class='ocrx_word' id='word_1_439' title='bbox 2725 2817 3106 2888; x_wconf 84' lang='grc' dir='ltr'><em>πεπραγμένα,</em></span> <span class='ocrx_word' id='word_1_440' title='bbox 3141 2820 3229 2873; x_wconf 80' lang='grc' dir='ltr'><strong><em>ἵνα</em></strong></span> <span class='ocrx_word' id='word_1_441' title='bbox 3253 2819 3505 2873; x_wconf 84' lang='grc' dir='ltr'><em>ἀναλάϐω</em></span> <span class='ocrx_word' id='word_1_442' title='bbox 3547 2818 3775 2890; x_wconf 72' lang='grc' dir='ltr'><em>ἐμαυτὸν</em></span> <span class='ocrx_word' id='word_1_443' title='bbox 3806 2818 3878 2869; x_wconf 79' lang='grc' dir='ltr'><em>καὶ</em></span> 
     </span>
    </p>
   </div>
   <div class='ocr_carea' id='block_1_54' title="bbox 696 2897 2262 2984">
    <p class='ocr_par' dir='ltr' id='par_1_54' title="bbox 696 2897 2251 2970">
     <span class='ocr_line' id='line_1_55' title="bbox 696 2897 2251 2970; baseline -0.001 -19"><span class='ocrx_word' id='word_1_444' title='bbox 696 2907 932 2970; x_wconf 87' lang='lat' dir='ltr'><strong><em>tempus.</em></strong></span> <span class='ocrx_word' id='word_1_445' title='bbox 963 2899 1041 2955; x_wconf 88' lang='lat' dir='ltr'><strong><em>Ac</em></strong></span> <span class='ocrx_word' id='word_1_446' title='bbox 1074 2901 1120 2955; x_wconf 88' lang='lat' dir='ltr'><strong><em>si</em></strong></span> <span class='ocrx_word' id='word_1_447' title='bbox 1163 2903 1376 2953; x_wconf 88' lang='lat' dir='ltr'><strong><em>veniam</em></strong></span> <span class='ocrx_word' id='word_1_448' title='bbox 1406 2915 1515 2952; x_wconf 88' lang='lat' dir='ltr'><strong><em>non</em></strong></span> <span class='ocrx_word' id='word_1_449' title='bbox 1544 2911 1871 2965; x_wconf 85' lang='lat' dir='ltr'><strong><em>consequar,</em></strong></span> <span class='ocrx_word' id='word_1_450' title='bbox 1909 2897 1964 2950; x_wconf 89' lang='lat' dir='ltr'><strong><em>in</em></strong></span> <span class='ocrx_word' id='word_1_451' title='bbox 1992 2897 2101 2949; x_wconf 84' lang='lat' dir='ltr'><strong><em>vita</em></strong></span> <span class='ocrx_word' id='word_1_452' title='bbox 2130 2911 2251 2964; x_wconf 73' lang='lat' dir='ltr'><strong><em>quae</em></strong></span> 
     </span>
    </p>
   </div>
   <div class='ocr_carea' id='block_1_55' title="bbox 2311 2897 3877 2984">
    <p class='ocr_par' dir='ltr' id='par_1_55' title="bbox 2348 2907 3877 2984">
     <span class='ocr_line' id='line_1_56' title="bbox 2348 2907 3877 2984; baseline 0 -26"><span class='ocrx_word' id='word_1_453' title='bbox 2348 2907 2601 2977; x_wconf 74' lang='grc' dir='ltr'><em>ἀναψύξω</em></span> <span class='ocrx_word' id='word_1_454' title='bbox 2636 2908 2966 2977; x_wconf 75' lang='grc' dir='ltr'><em>ἀπαλλαγεὶς</em></span> <span class='ocrx_word' id='word_1_455' title='bbox 3005 2910 3098 2963; x_wconf 81' lang='grc' dir='ltr'><strong><em>τοῦ</em></strong></span> <span class='ocrx_word' id='word_1_456' title='bbox 3139 2911 3470 2984; x_wconf 80' lang='grc' dir='ltr'><em>προσκαίρου</em></span> <span class='ocrx_word' id='word_1_457' title='bbox 3502 2910 3636 2983; x_wconf 76' lang='grc' dir='ltr'><em>βίου,</em></span> <span class='ocrx_word' id='word_1_458' title='bbox 3665 2911 3760 2964; x_wconf 84' lang='grc' dir='ltr'><em>οὐκ</em></span> <span class='ocrx_word' id='word_1_459' title='bbox 3787 2910 3877 2961; x_wconf 80' lang='grc' dir='ltr'><em>ἐστι</em></span> 
     </span>
    </p>
   </div>
   <div class='ocr_carea' id='block_1_56' title="bbox 697 2987 2263 3070">
    <p class='ocr_par' dir='ltr' id='par_1_56' title="bbox 697 2987 2251 3061">
     <span class='ocr_line' id='line_1_57' title="bbox 697 2987 2251 3061; baseline -0.003 -17"><span class='ocrx_word' id='word_1_460' title='bbox 697 2991 840 3061; x_wconf 87' lang='lat' dir='ltr'><strong><em>apud</em></strong></span> <span class='ocrx_word' id='word_1_461' title='bbox 874 3001 925 3046; x_wconf 88' lang='lat' dir='ltr'><strong><em>te</em></strong></span> <span class='ocrx_word' id='word_1_462' title='bbox 946 2999 1031 3047; x_wconf 91' lang='lat' dir='ltr'><strong><em>est</em></strong></span> <span class='ocrx_word' id='word_1_463' title='bbox 1060 2991 1291 3060; x_wconf 87' lang='lat' dir='ltr'><strong><em>amplius</em></strong></span> <span class='ocrx_word' id='word_1_464' title='bbox 1322 3005 1431 3043; x_wconf 91' lang='lat' dir='ltr'><strong><em>non</em></strong></span> <span class='ocrx_word' id='word_1_465' title='bbox 1448 3004 1543 3045; x_wconf 88' lang='lat' dir='ltr'><strong><em>ero</em></strong></span> <span class='ocrx_word' id='word_1_466' title='bbox 1566 3006 1581 3054; x_wconf 86' lang='lat'><strong>;</strong></span> <span class='ocrx_word' id='word_1_467' title='bbox 1610 2987 1706 3043; x_wconf 87' lang='lat' dir='ltr'><strong><em>sed</em></strong></span> <span class='ocrx_word' id='word_1_468' title='bbox 1732 2988 1965 3057; x_wconf 72' lang='lat' dir='ltr'><strong><em>reiectus</em></strong></span> <span class='ocrx_word' id='word_1_469' title='bbox 1991 2988 2251 3061; x_wconf 79' lang='lat' dir='ltr'><strong><em>assimila-</em></strong></span> 
     </span>
    </p>
   </div>
   <div class='ocr_carea' id='block_1_57' title="bbox 2310 2987 3876 3070">
    <p class='ocr_par' dir='ltr' id='par_1_57' title="bbox 2349 2998 3876 3070">
     <span class='ocr_line' id='line_1_58' title="bbox 2349 2998 3876 3070; baseline 0.001 -19"><span class='ocrx_word' id='word_1_470' title='bbox 2349 2998 2539 3067; x_wconf 75' lang='grc' dir='ltr'><em>καιρὸς</em></span> <span class='ocrx_word' id='word_1_471' title='bbox 2562 2999 2859 3068; x_wconf 84' lang='grc' dir='ltr'><em>μετανοίας.</em></span> <span class='ocrx_word' id='word_1_472' title='bbox 2880 3000 2970 3070; x_wconf 80' lang='grc' dir='ltr'><strong><em>Μὴ</em></strong></span> <span class='ocrx_word' id='word_1_473' title='bbox 2990 2999 3166 3069; x_wconf 87' lang='grc' dir='ltr'><em>τυχὼν</em></span> <span class='ocrx_word' id='word_1_474' title='bbox 3188 3001 3245 3053; x_wconf 78' lang='grc' dir='ltr'><strong><em>δὲ</em></strong></span> <span class='ocrx_word' id='word_1_475' title='bbox 3265 3000 3511 3069; x_wconf 84' lang='grc' dir='ltr'><em>ἀφέσεως</em></span> <span class='ocrx_word' id='word_1_476' title='bbox 3536 3002 3713 3055; x_wconf 81' lang='grc' dir='ltr'><em>οὐκέτι</em></span> <span class='ocrx_word' id='word_1_477' title='bbox 3737 3001 3876 3068; x_wconf 74' lang='grc' dir='ltr'><em>ὑπάρ-</em></span> 
     </span>
    </p>
   </div>
   <div class='ocr_carea' id='block_1_58' title="bbox 697 3079 2263 3163">
    <p class='ocr_par' dir='ltr' id='par_1_58' title="bbox 697 3079 2249 3147">
     <span class='ocr_line' id='line_1_59' title="bbox 697 3079 2249 3147; baseline -0.002 -12"><span class='ocrx_word' id='word_1_478' title='bbox 697 3082 793 3135; x_wconf 89' lang='lat' dir='ltr'><strong><em>bor</em></strong></span> <span class='ocrx_word' id='word_1_479' title='bbox 826 3081 1256 3136; x_wconf 86' lang='lat' dir='ltr'><strong><em>descendentibus</em></strong></span> <span class='ocrx_word' id='word_1_480' title='bbox 1299 3082 1354 3135; x_wconf 85' lang='lat' dir='ltr'><strong><em>in</em></strong></span> <span class='ocrx_word' id='word_1_481' title='bbox 1401 3082 1592 3135; x_wconf 84' lang='lat' dir='ltr'><strong><em>lacum.</em></strong></span> <span class='ocrx_word' id='word_1_482' title='bbox 1622 3082 1803 3147; x_wconf 86' lang='lat' dir='ltr'><strong><em>Quare</em></strong></span> <span class='ocrx_word' id='word_1_483' title='bbox 1827 3081 1880 3133; x_wconf 91' lang='lat' dir='ltr'><strong><em>in</em></strong></span> <span class='ocrx_word' id='word_1_484' title='bbox 1905 3080 2006 3134; x_wconf 88' lang='lat' dir='ltr'><strong><em>hac</em></strong></span> <span class='ocrx_word' id='word_1_485' title='bbox 2031 3079 2138 3135; x_wconf 84' lang='lat' dir='ltr'><strong><em>vita</em></strong></span> <span class='ocrx_word' id='word_1_486' title='bbox 2170 3080 2249 3134; x_wconf 84' lang='lat' dir='ltr'><strong><em>sic</em></strong></span> 
     </span>
    </p>
   </div>
   <div class='ocr_carea' id='block_1_59' title="bbox 2310 3079 3876 3163">
    <p class='ocr_par' dir='ltr' id='par_1_59' title="bbox 2349 3085 3876 3163">
     <span class='ocr_line' id='line_1_60' title="bbox 2349 3085 3876 3163; baseline 0.005 -24"><span class='ocrx_word' id='word_1_487' title='bbox 2349 3085 2424 3153; x_wconf 79' lang='grc' dir='ltr'><em>ξω</em></span> <span class='ocrx_word' id='word_1_488' title='bbox 2454 3088 2510 3141; x_wconf 81' lang='grc' dir='ltr'><strong><em>ὲν</em></strong></span> <span class='ocrx_word' id='word_1_489' title='bbox 2552 3091 2619 3158; x_wconf 84' lang='grc' dir='ltr'><em>τῇ</em></span> <span class='ocrx_word' id='word_1_490' title='bbox 2664 3090 2813 3160; x_wconf 89' lang='grc' dir='ltr'><strong><em>παρά</em></strong></span> <span class='ocrx_word' id='word_1_491' title='bbox 2845 3092 2928 3143; x_wconf 82' lang='grc' dir='ltr'><em>σοὶ</em></span> <span class='ocrx_word' id='word_1_492' title='bbox 2968 3089 3111 3161; x_wconf 78' lang='grc' dir='ltr'><strong><em>ζωῇ·</em></strong></span> <span class='ocrx_word' id='word_1_493' title='bbox 3158 3091 3460 3162; x_wconf 78' lang='grc' dir='ltr'><em>ἀπόϐλητος</em></span> <span class='ocrx_word' id='word_1_494' title='bbox 3504 3092 3561 3145; x_wconf 80' lang='grc' dir='ltr'><strong><em>δὲ</em></strong></span> <span class='ocrx_word' id='word_1_495' title='bbox 3599 3093 3876 3163; x_wconf 81' lang='grc' dir='ltr'><em>γενόμενος.</em></span> 
     </span>
    </p>
   </div>
   <div class='ocr_carea' id='block_1_60' title="bbox 697 3170 2263 3261">
    <p class='ocr_par' dir='ltr' id='par_1_60' title="bbox 697 3170 2249 3244">
     <span class='ocr_line' id='line_1_61' title="bbox 697 3170 2249 3244; baseline -0.001 -17"><span class='ocrx_word' id='word_1_496' title='bbox 697 3172 987 3241; x_wconf 78' lang='lat' dir='ltr'><strong><em>deprecor,</em></strong></span> <span class='ocrx_word' id='word_1_497' title='bbox 1020 3170 1102 3225; x_wconf 88' lang='lat' dir='ltr'><strong><em>Ne</em></strong></span> <span class='ocrx_word' id='word_1_498' title='bbox 1128 3172 1285 3226; x_wconf 75' lang='lat' dir='ltr'><strong><em>sileas</em></strong></span> <span class='ocrx_word' id='word_1_499' title='bbox 1320 3190 1351 3225; x_wconf 92' lang='lat' dir='ltr'><strong><em>a</em></strong></span> <span class='ocrx_word' id='word_1_500' title='bbox 1380 3188 1479 3238; x_wconf 87' lang='lat' dir='ltr'><strong><em>me,</em></strong></span> <span class='ocrx_word' id='word_1_501' title='bbox 1507 3172 1775 3244; x_wconf 86' lang='lat' dir='ltr'><strong><em>nequando</em></strong></span> <span class='ocrx_word' id='word_1_502' title='bbox 1808 3180 1980 3227; x_wconf 87' lang='lat' dir='ltr'><strong><em>taceas</em></strong></span> <span class='ocrx_word' id='word_1_503' title='bbox 2011 3188 2045 3226; x_wconf 88' lang='lat' dir='ltr'><strong><em>a</em></strong></span> <span class='ocrx_word' id='word_1_504' title='bbox 2075 3188 2174 3239; x_wconf 88' lang='lat' dir='ltr'><strong><em>me,</em></strong></span> <span class='ocrx_word' id='word_1_505' title='bbox 2199 3180 2249 3227; x_wconf 88' lang='lat' dir='ltr'><strong><em>et</em></strong></span> 
     </span>
    </p>
   </div>
   <div class='ocr_carea' id='block_1_61' title="bbox 2310 3170 3876 3261">
    <p class='ocr_par' dir='ltr' id='par_1_61' title="bbox 2310 3180 3876 3258">
     <span class='ocr_line' id='line_1_62' title="bbox 2310 3180 3876 3258; baseline 0.002 -27"><span class='ocrx_word' id='word_1_506' title='bbox 2310 3204 2317 3258; x_wconf 57' lang='grc' dir='ltr'>ι</span> <span class='ocrx_word' id='word_1_507' title='bbox 2350 3180 2780 3249; x_wconf 81' lang='grc' dir='ltr'><em>όμοιωθήσομαι</em></span> <span class='ocrx_word' id='word_1_508' title='bbox 2810 3182 2933 3248; x_wconf 84' lang='grc' dir='ltr'><em>τοῖς</em></span> <span class='ocrx_word' id='word_1_509' title='bbox 2957 3184 3419 3237; x_wconf 79' lang='grc' dir='ltr'><em>καταϐαίνουσιν</em></span> <span class='ocrx_word' id='word_1_510' title='bbox 3442 3185 3528 3250; x_wconf 80' lang='grc' dir='ltr'><strong><em>εις</em></strong></span> <span class='ocrx_word' id='word_1_511' title='bbox 3548 3182 3787 3238; x_wconf 70' lang='grc' dir='ltr'><em>λάκκον.</em></span> <span class='ocrx_word' id='word_1_512' title='bbox 3808 3184 3876 3236; x_wconf 72' lang='grc' dir='ltr'><strong><em>Διὸ</em></strong></span> 
     </span>
    </p>
   </div>
   <div class='ocr_carea' id='block_1_62' title="bbox 701 3261 2267 3347">
    <p class='ocr_par' dir='ltr' id='par_1_62' title="bbox 701 3261 1798 3318">
     <span class='ocr_line' id='line_1_63' title="bbox 701 3261 1798 3318; baseline -0.002 -2"><span class='ocrx_word' id='word_1_513' title='bbox 701 3261 1039 3317; x_wconf 84' lang='lat' dir='ltr'><strong><em>assimilabor</em></strong></span> <span class='ocrx_word' id='word_1_514' title='bbox 1064 3262 1489 3317; x_wconf 83' lang='lat' dir='ltr'><strong><em>descendentibus</em></strong></span> <span class='ocrx_word' id='word_1_515' title='bbox 1519 3265 1575 3317; x_wconf 84' lang='lat' dir='ltr'><strong><em>in</em></strong></span> <span class='ocrx_word' id='word_1_516' title='bbox 1602 3263 1798 3318; x_wconf 85' lang='lat' dir='ltr'><strong><em>lacum.</em></strong></span> 
     </span>
    </p>
   </div>
   <div class='ocr_carea' id='block_1_63' title="bbox 2313 3261 3879 3347">
    <p class='ocr_par' dir='ltr' id='par_1_63' title="bbox 2352 3272 3879 3347">
     <span class='ocr_line' id='line_1_64' title="bbox 2352 3272 3879 3347; baseline 0.003 -20"><span class='ocrx_word' id='word_1_517' title='bbox 2352 3272 2596 3327; x_wconf 79' lang='grc' dir='ltr'><em>ἐντεῦθεν</em></span> <span class='ocrx_word' id='word_1_518' title='bbox 2646 3273 2868 3328; x_wconf 81' lang='grc' dir='ltr'><em>ἱκετεύω</em></span> <span class='ocrx_word' id='word_1_519' title='bbox 2911 3274 3113 3344; x_wconf 75' lang='grc' dir='ltr'><em>λέγων’</em></span> <span class='ocrx_word' id='word_1_520' title='bbox 3156 3276 3254 3345; x_wconf 81' lang='grc' dir='ltr'><strong><em>Μὴ</em></strong></span> <span class='ocrx_word' id='word_1_521' title='bbox 3298 3278 3760 3347; x_wconf 83' lang='grc' dir='ltr'><em>παρασιωπήσῃς</em></span> <span class='ocrx_word' id='word_1_522' title='bbox 3796 3277 3879 3331; x_wconf 74' lang='grc' dir='ltr'><strong><em>ἀπ’</em></strong></span> 
     </span>
    </p>
   </div>
   <div class='ocr_carea' id='block_1_64' title="bbox 2350 3365 3878 3439">
    <p class='ocr_par' dir='ltr' id='par_1_64' title="bbox 2350 3365 3878 3439">
     <span class='ocr_line' id='line_1_65' title="bbox 2350 3365 3878 3439; baseline 0.003 -21"><span class='ocrx_word' id='word_1_523' title='bbox 2350 3365 2514 3433; x_wconf 84' lang='grc' dir='ltr'><em>ἐμοῦ,</em></span> <span class='ocrx_word' id='word_1_524' title='bbox 2533 3365 2765 3434; x_wconf 81' lang='grc' dir='ltr'><em>μήποτε</em></span> <span class='ocrx_word' id='word_1_525' title='bbox 2783 3367 3257 3437; x_wconf 76' lang='grc' dir='ltr'><em>παρασιωπήσῃς</em></span> <span class='ocrx_word' id='word_1_526' title='bbox 3272 3369 3370 3425; x_wconf 86' lang='grc' dir='ltr'><strong><em>ἀπ’</em></strong></span> <span class='ocrx_word' id='word_1_527' title='bbox 3394 3369 3561 3439; x_wconf 83' lang='grc' dir='ltr'><em>ἐμοῦ,</em></span> <span class='ocrx_word' id='word_1_528' title='bbox 3592 3369 3685 3424; x_wconf 79' lang='grc' dir='ltr'><strong><em>καί</em></strong></span> <span class='ocrx_word' id='word_1_529' title='bbox 3703 3372 3878 3438; x_wconf 78' lang='grc' dir='ltr'><em>ὁμοιω-</em></span> 
     </span>
    </p>
   </div>
   <div class='ocr_carea' id='block_1_65' title="bbox 2352 3456 3639 3527">
    <p class='ocr_par' dir='ltr' id='par_1_65' title="bbox 2352 3456 3639 3527">
     <span class='ocr_line' id='line_1_66' title="bbox 2352 3456 3639 3527; baseline 0.004 -15"><span class='ocrx_word' id='word_1_530' title='bbox 2352 3456 2607 3527; x_wconf 74' lang='grc' dir='ltr'><em>θήσομαι</em></span> <span class='ocrx_word' id='word_1_531' title='bbox 2641 3458 2764 3525; x_wconf 81' lang='grc' dir='ltr'><em>τοῖς</em></span> <span class='ocrx_word' id='word_1_532' title='bbox 2791 3460 3253 3514; x_wconf 82' lang='grc' dir='ltr'><em>καταϐαίνουσιν</em></span> <span class='ocrx_word' id='word_1_533' title='bbox 3276 3463 3363 3527; x_wconf 79' lang='grc' dir='ltr'><em>εὶς</em></span> <span class='ocrx_word' id='word_1_534' title='bbox 3388 3460 3639 3517; x_wconf 77' lang='grc' dir='ltr'><em>λάκκον.</em></span> 
     </span>
    </p>
   </div>
   <div class='ocr_carea' id='block_1_66' title="bbox 1009 3520 2575 3606">
    <p class='ocr_par' dir='ltr' id='par_1_66' title="bbox 1009 3520 2517 3583">
     <span class='ocr_line' id='line_1_67' title="bbox 1009 3520 2517 3583; baseline 0.008 -8"><span class='ocrx_word' id='word_1_535' title='bbox 1009 3521 1063 3577; x_wconf 79' lang='grc' dir='ltr'><em>ι.</em></span> <span class='ocrx_word' id='word_1_536' title='bbox 1096 3520 1163 3575; x_wconf 88' lang='lat' dir='ltr'><strong><em>IN</em></strong></span> <span class='ocrx_word' id='word_1_537' title='bbox 1197 3520 1403 3574; x_wconf 74' lang='lat' dir='ltr'><strong><em>FINEM</em></strong></span> <span class='ocrx_word' id='word_1_538' title='bbox 1444 3521 1675 3577; x_wconf 80' lang='lat' dir='ltr'><strong><em>DAVIDI</em></strong></span> <span class='ocrx_word' id='word_1_539' title='bbox 1700 3523 1939 3583; x_wconf 76' lang='lat' dir='ltr'><strong>XXXIX.</strong></span> <span class='ocrx_word' id='word_1_540' title='bbox 2410 3520 2419 3523; x_wconf 80' lang='grc'><em>’</em></span> <span class='ocrx_word' id='word_1_541' title='bbox 2500 3520 2517 3527; x_wconf 82' lang='grc'><em>’</em></span> 
     </span>
    </p>
   </div>
   <div class='ocr_carea' id='block_1_67' title="bbox 2005 3520 3571 3606">
    <p class='ocr_par' dir='ltr' id='par_1_67' title="bbox 2410 3520 3571 3606">
     <span class='ocr_line' id='line_1_68' title="bbox 2410 3520 3571 3606; baseline 0.004 -5"><span class='ocrx_word' id='word_1_542' title='bbox 2410 3520 2419 3523; x_wconf 68' lang='grc'><em>’</em></span> <span class='ocrx_word' id='word_1_543' title='bbox 2500 3520 2517 3527; x_wconf 75' lang='grc'><em>’</em></span> <span class='ocrx_word' id='word_1_544' title='bbox 2696 3520 2803 3602; x_wconf 72' lang='grc' dir='ltr'><strong><em>ΕἰΣ</em></strong></span> <span class='ocrx_word' id='word_1_545' title='bbox 2840 3551 2925 3604; x_wconf 89' lang='lat' dir='ltr'><strong><em>T0</em></strong></span> <span class='ocrx_word' id='word_1_546' title='bbox 2963 3551 3180 3604; x_wconf 77' lang='grc' dir='ltr'><strong><em>ΤΕΑυΣ</em></strong></span> <span class='ocrx_word' id='word_1_547' title='bbox 3214 3520 3412 3604; x_wconf 62' lang='lat' dir='ltr'><strong><em>cam</em></strong></span> <span class='ocrx_word' id='word_1_548' title='bbox 3448 3552 3571 3606; x_wconf 67' lang='lat' dir='ltr'><strong><em>ae.</em></strong></span> 
     </span>
    </p>
   </div>
   <div class='ocr_carea' id='block_1_68' title="bbox 777 3612 2343 3712">
    <p class='ocr_par' dir='ltr' id='par_1_68' title="bbox 777 3612 2250 3688">
     <span class='ocr_line' id='line_1_69' title="bbox 777 3612 2250 3688; baseline 0.003 -21"><span class='ocrx_word' id='word_1_549' title='bbox 777 3613 935 3668; x_wconf 66' lang='lat' dir='ltr'><strong><em>Vnus.</em></strong></span> <span class='ocrx_word' id='word_1_550' title='bbox 971 3613 1049 3666; x_wconf 69' lang='grc'><strong><em>2-</em></strong></span> <span class='ocrx_word' id='word_1_551' title='bbox 1090 3614 1143 3668; x_wconf 71' lang='grc'><strong><em>4.</em></strong></span> <span class='ocrx_word' id='word_1_552' title='bbox 1199 3612 1521 3683; x_wconf 74' lang='lat' dir='ltr'><strong><em>Exspectans</em></strong></span> <span class='ocrx_word' id='word_1_553' title='bbox 1582 3618 1871 3683; x_wconf 77' lang='lat' dir='ltr'><strong><em>exspectavi</em></strong></span> <span class='ocrx_word' id='word_1_554' title='bbox 1938 3617 2250 3688; x_wconf 62' lang='lat' dir='ltr'><strong><em>Dominum,</em></strong></span> 
     </span>
    </p>
   </div>
   <div class='ocr_carea' id='block_1_69' title="bbox 2310 3612 3876 3712">
    <p class='ocr_par' dir='ltr' id='par_1_69' title="bbox 2430 3642 3876 3712">
     <span class='ocr_line' id='line_1_70' title="bbox 2430 3642 3876 3712; baseline 0.003 -19"><span class='ocrx_word' id='word_1_555' title='bbox 2430 3642 2758 3711; x_wconf 85' lang='grc' dir='ltr'><em>’Υπομένων</em></span> <span class='ocrx_word' id='word_1_556' title='bbox 2777 3642 3066 3711; x_wconf 83' lang='grc' dir='ltr'><em>ὑπέμεινα</em></span> <span class='ocrx_word' id='word_1_557' title='bbox 3090 3643 3195 3695; x_wconf 82' lang='grc' dir='ltr'><em>τὸν</em></span> <span class='ocrx_word' id='word_1_558' title='bbox 3214 3645 3452 3711; x_wconf 82' lang='grc' dir='ltr'><em>Κύριον,</em></span> <span class='ocrx_word' id='word_1_559' title='bbox 3475 3646 3573 3698; x_wconf 79' lang='grc' dir='ltr'><strong><em>καί</em></strong></span> <span class='ocrx_word' id='word_1_560' title='bbox 3606 3644 3876 3712; x_wconf 75' lang='grc' dir='ltr'><em>προσέσχε</em></span> 
     </span>
    </p>
   </div>
   <div class='ocr_carea' id='block_1_70' title="bbox 634 3699 2200 3805">
    <p class='ocr_par' dir='ltr' id='par_1_70' title="bbox 634 3704 2197 3783">
     <span class='ocr_line' id='line_1_71' title="bbox 634 3704 2197 3783; baseline 0.003 -24"><span class='ocrx_word' id='word_1_561' title='bbox 634 3724 640 3729; x_wconf 93' lang='grc'>·</span> <span class='ocrx_word' id='word_1_562' title='bbox 700 3714 751 3759; x_wconf 87' lang='lat' dir='ltr'><strong><em>et</em></strong></span> <span class='ocrx_word' id='word_1_563' title='bbox 779 3704 1009 3759; x_wconf 85' lang='lat' dir='ltr'><strong><em>intendit</em></strong></span> <span class='ocrx_word' id='word_1_564' title='bbox 1061 3706 1208 3761; x_wconf 83' lang='lat' dir='ltr'><strong><em>mihi.</em></strong></span> <span class='ocrx_word' id='word_1_565' title='bbox 1236 3736 1302 3745; x_wconf 91' lang='lat'>—</span> <span class='ocrx_word' id='word_1_566' title='bbox 1332 3706 1591 3783; x_wconf 82' lang='lat' dir='ltr'><strong><em>Quoniam</em></strong></span> <span class='ocrx_word' id='word_1_567' title='bbox 1636 3706 1903 3762; x_wconf 88' lang='lat' dir='ltr'><strong><em>tribulatio</em></strong></span> <span class='ocrx_word' id='word_1_568' title='bbox 1946 3710 2197 3777; x_wconf 73' lang='lat' dir='ltr'><strong><em>patientia</em></strong></span> 
     </span>
    </p>
   </div>
   <div class='ocr_carea' id='block_1_71' title="bbox 2307 3699 3873 3805">
    <p class='ocr_par' dir='ltr' id='par_1_71' title="bbox 2344 3699 3873 3805">
     <span class='ocr_line' id='line_1_72' title="bbox 2344 3699 3873 3805; baseline 0.003 -21"><span class='ocrx_word' id='word_1_569' title='bbox 2344 3749 2463 3799; x_wconf 76' lang='grc' dir='ltr'><em>μοι.</em></span> <span class='ocrx_word' id='word_1_570' title='bbox 2483 3699 2805 3799; x_wconf 44' lang='grc' dir='ltr'><strong><em>-ἒιίπειόὴ</em></strong></span> <span class='ocrx_word' id='word_1_571' title='bbox 2845 3699 3124 3801; x_wconf 54' lang='grc' dir='ltr'><em>τῖ’θλίψις</em></span> <span class='ocrx_word' id='word_1_572' title='bbox 3147 3699 3460 3802; x_wconf 63' lang='grc' dir='ltr'><em>ὑπομονὴν</em></span> <span class='ocrx_word' id='word_1_573' title='bbox 3486 3699 3873 3805; x_wconf 53' lang='grc' dir='ltr'><em>κατειζτόᾶτάι,</em></span> 
     </span>
    </p>
   </div>
   <div class='ocr_carea' id='block_1_72' title="bbox 700 3796 2266 3893">
    <p class='ocr_par' dir='ltr' id='par_1_72' title="bbox 700 3796 2251 3870">
     <span class='ocr_line' id='line_1_73' title="bbox 700 3796 2251 3870; baseline 0.003 -19"><span class='ocrx_word' id='word_1_574' title='bbox 700 3806 995 3866; x_wconf 86' lang='lat' dir='ltr'><strong><em>operatur:</em></strong></span> <span class='ocrx_word' id='word_1_575' title='bbox 1048 3798 1303 3865; x_wconf 86' lang='lat' dir='ltr'><strong><em>patientia</em></strong></span> <span class='ocrx_word' id='word_1_576' title='bbox 1354 3808 1526 3852; x_wconf 88' lang='lat' dir='ltr'><strong><em>autem</em></strong></span> <span class='ocrx_word' id='word_1_577' title='bbox 1582 3796 1956 3867; x_wconf 85' lang='lat' dir='ltr'><strong><em>probationem,</em></strong></span> <span class='ocrx_word' id='word_1_578' title='bbox 2013 3801 2251 3870; x_wconf 89' lang='lat' dir='ltr'><strong><em>probatio</em></strong></span> 
     </span>
    </p>
   </div>
   <div class='ocr_carea' id='block_1_73' title="bbox 2309 3796 3875 3893">
    <p class='ocr_par' dir='ltr' id='par_1_73' title="bbox 2346 3796 3875 3893">
     <span class='ocr_line' id='line_1_74' title="bbox 2346 3796 3875 3893; baseline 0.001 -18"><span class='ocrx_word' id='word_1_579' title='bbox 2346 3796 2389 3889; x_wconf 49' lang='lat'><strong><em>&#39;1&#39;.</em></strong></span> <span class='ocrx_word' id='word_1_580' title='bbox 2410 3821 2476 3875; x_wconf 77' lang='grc' dir='ltr'><strong><em>δὲ</em></strong></span> <span class='ocrx_word' id='word_1_581' title='bbox 2498 3822 2768 3891; x_wconf 79' lang='grc' dir='ltr'><em>ὑπομονὴ</em></span> <span class='ocrx_word' id='word_1_582' title='bbox 2794 3796 3066 3891; x_wconf 63' lang='grc' dir='ltr'><em>δοκιμὴν,</em></span> <span class='ocrx_word' id='word_1_583' title='bbox 3157 3796 3457 3893; x_wconf 51' lang='lat' dir='ltr'><strong><em>dedamur)</em></strong></span> <span class='ocrx_word' id='word_1_584' title='bbox 3480 3796 3719 3879; x_wconf 51' lang='grc' dir='ltr'><em>ἐλπίδα·</em></span> <span class='ocrx_word' id='word_1_585' title='bbox 3754 3827 3791 3893; x_wconf 76' lang='grc' dir='ltr'><strong><em>ἡ</em></strong></span> <span class='ocrx_word' id='word_1_586' title='bbox 3822 3825 3875 3877; x_wconf 74' lang='grc' dir='ltr'><strong><em>δὲ</em></strong></span> 
     </span>
    </p>
   </div>
   <div class='ocr_carea' id='block_1_74' title="bbox 700 3893 2266 3987">
    <p class='ocr_par' dir='ltr' id='par_1_74' title="bbox 700 3893 2253 3965">
     <span class='ocr_line' id='line_1_75' title="bbox 700 3893 2253 3965; baseline 0.002 -19"><span class='ocrx_word' id='word_1_587' title='bbox 700 3907 817 3946; x_wconf 75' lang='lat' dir='ltr'><strong><em>vero</em></strong></span> <span class='ocrx_word' id='word_1_588' title='bbox 860 3906 1000 3959; x_wconf 87' lang='lat' dir='ltr'><strong><em>spem</em></strong></span> <span class='ocrx_word' id='word_1_589' title='bbox 1033 3906 1049 3943; x_wconf 90' lang='lat'><strong><em>:</em></strong></span> <span class='ocrx_word' id='word_1_590' title='bbox 1081 3907 1193 3958; x_wconf 82' lang='lat' dir='ltr'><strong><em>spes</em></strong></span> <span class='ocrx_word' id='word_1_591' title='bbox 1244 3904 1418 3944; x_wconf 89' lang='lat' dir='ltr'><strong><em>autem</em></strong></span> <span class='ocrx_word' id='word_1_592' title='bbox 1467 3909 1570 3946; x_wconf 91' lang='lat' dir='ltr'><strong><em>non</em></strong></span> <span class='ocrx_word' id='word_1_593' title='bbox 1604 3894 1943 3962; x_wconf 72' lang='lat' dir='ltr'><strong><em>confundit’.</em></strong></span> <span class='ocrx_word' id='word_1_594' title='bbox 1982 3893 2112 3951; x_wconf 84' lang='lat' dir='ltr'><strong><em>Jure</em></strong></span> <span class='ocrx_word' id='word_1_595' title='bbox 2137 3896 2253 3965; x_wconf 89' lang='lat' dir='ltr'><strong><em>qui-</em></strong></span> 
     </span>
    </p>
   </div>
   <div class='ocr_carea' id='block_1_75' title="bbox 2305 3893 3871 3987">
    <p class='ocr_par' dir='ltr' id='par_1_75' title="bbox 2353 3912 3871 3987">
     <span class='ocr_line' id='line_1_76' title="bbox 2353 3912 3871 3987; baseline 0.003 -22"><span class='ocrx_word' id='word_1_596' title='bbox 2353 3912 2531 3979; x_wconf 81' lang='grc' dir='ltr'><em>ἐλπὶς</em></span> <span class='ocrx_word' id='word_1_597' title='bbox 2577 3915 2649 3967; x_wconf 84' lang='grc' dir='ltr'><em>οὐ</em></span> <span class='ocrx_word' id='word_1_598' title='bbox 2695 3914 3098 3982; x_wconf 84' lang='grc' dir='ltr'><em>καταισχύνει.</em></span> <span class='ocrx_word' id='word_1_599' title='bbox 3134 3915 3370 3980; x_wconf 75' lang='grc' dir='ltr'><em>Εἰκότως</em></span> <span class='ocrx_word' id='word_1_600' title='bbox 3415 3918 3514 3987; x_wconf 84' lang='grc' dir='ltr'><strong><em>οὐχ</em></strong></span> <span class='ocrx_word' id='word_1_601' title='bbox 3562 3917 3733 3981; x_wconf 83' lang='grc' dir='ltr'><em>ἁπλῶς</em></span> <span class='ocrx_word' id='word_1_602' title='bbox 3758 3918 3784 3969; x_wconf 81' lang='grc' dir='ltr'>ὁ</span> <span class='ocrx_word' id='word_1_603' title='bbox 3809 3917 3871 3970; x_wconf 71' lang='grc' dir='ltr'><strong><em>δία</em></strong></span> 
     </span>
    </p>
   </div>
   <div class='ocr_carea' id='block_1_76' title="bbox 699 3982 2265 4075">
    <p class='ocr_par' dir='ltr' id='par_1_76' title="bbox 699 3982 2250 4058">
     <span class='ocr_line' id='line_1_77' title="bbox 699 3982 2250 4058; baseline 0.004 -21"><span class='ocrx_word' id='word_1_604' title='bbox 699 3984 822 4037; x_wconf 87' lang='lat' dir='ltr'><strong><em>dem</em></strong></span> <span class='ocrx_word' id='word_1_605' title='bbox 852 3982 1035 4050; x_wconf 88' lang='lat' dir='ltr'><strong><em>justus</em></strong></span> <span class='ocrx_word' id='word_1_606' title='bbox 1063 3996 1169 4035; x_wconf 93' lang='lat' dir='ltr'><strong><em>non</em></strong></span> <span class='ocrx_word' id='word_1_607' title='bbox 1207 3982 1407 4037; x_wconf 79' lang='lat' dir='ltr'><strong><em>frustra</em></strong></span> <span class='ocrx_word' id='word_1_608' title='bbox 1431 3994 1727 4054; x_wconf 83' lang='lat' dir='ltr'><strong><em>exspectat,</em></strong></span> <span class='ocrx_word' id='word_1_609' title='bbox 1763 3987 1858 4042; x_wconf 87' lang='lat' dir='ltr'><strong><em>sed</em></strong></span> <span class='ocrx_word' id='word_1_610' title='bbox 1894 4002 2042 4058; x_wconf 89' lang='lat' dir='ltr'><strong><em>spem</em></strong></span> <span class='ocrx_word' id='word_1_611' title='bbox 2072 3989 2250 4043; x_wconf 88' lang='lat' dir='ltr'><strong><em>inten-</em></strong></span> 
     </span>
    </p>
   </div>
   <div class='ocr_carea' id='block_1_77' title="bbox 2305 3982 3871 4075">
    <p class='ocr_par' dir='ltr' id='par_1_77' title="bbox 2349 3982 3871 4075">
     <span class='ocr_line' id='line_1_78' title="bbox 2349 3982 3871 4075; baseline 0.002 -21"><span class='ocrx_word' id='word_1_612' title='bbox 2349 4018 2500 4062; x_wconf 88' lang='grc' dir='ltr'><em>καιος</em></span> <span class='ocrx_word' id='word_1_613' title='bbox 2541 4002 2816 4075; x_wconf 78' lang='grc' dir='ltr'><em>ὑπομένει,</em></span> <span class='ocrx_word' id='word_1_614' title='bbox 2844 4002 2955 4056; x_wconf 87' lang='grc' dir='ltr'><em>ἀλλ’</em></span> <span class='ocrx_word' id='word_1_615' title='bbox 2983 4004 3264 4057; x_wconf 77' lang='grc' dir='ltr'><em>ἐπιτείνων</em></span> <span class='ocrx_word' id='word_1_616' title='bbox 3309 4003 3406 4075; x_wconf 84' lang='grc' dir='ltr'><strong><em>τὴν</em></strong></span> <span class='ocrx_word' id='word_1_617' title='bbox 3459 3982 3649 4059; x_wconf 74' lang='grc' dir='ltr'><em>ἐλπίδα</em></span> <span class='ocrx_word' id='word_1_618' title='bbox 3691 4006 3773 4058; x_wconf 80' lang='grc' dir='ltr'><em>καὶ</em></span> <span class='ocrx_word' id='word_1_619' title='bbox 3812 4004 3871 4075; x_wconf 75' lang='grc' dir='ltr'><em>μὴ</em></span> 
     </span>
    </p>
   </div>
   <div class='ocr_carea' id='block_1_78' title="bbox 700 4072 2266 4169">
    <p class='ocr_par' dir='ltr' id='par_1_78' title="bbox 700 4072 2250 4148">
     <span class='ocr_line' id='line_1_79' title="bbox 700 4072 2250 4148; baseline 0.004 -21"><span class='ocrx_word' id='word_1_620' title='bbox 700 4072 834 4127; x_wconf 86' lang='lat' dir='ltr'><strong><em>deus</em></strong></span> <span class='ocrx_word' id='word_1_621' title='bbox 863 4088 1039 4134; x_wconf 89' lang='lat' dir='ltr'><strong><em>suam,</em></strong></span> <span class='ocrx_word' id='word_1_622' title='bbox 1079 4087 1180 4126; x_wconf 89' lang='lat' dir='ltr'><strong><em>nec</em></strong></span> <span class='ocrx_word' id='word_1_623' title='bbox 1212 4073 1508 4142; x_wconf 81' lang='lat' dir='ltr'><strong><em>desperans</em></strong></span> <span class='ocrx_word' id='word_1_624' title='bbox 1551 4075 1617 4129; x_wconf 92' lang='lat' dir='ltr'><strong><em>de</em></strong></span> <span class='ocrx_word' id='word_1_625' title='bbox 1648 4092 1711 4129; x_wconf 87' lang='lat' dir='ltr'><strong><em>ca</em></strong></span> <span class='ocrx_word' id='word_1_626' title='bbox 1758 4094 1878 4148; x_wconf 73' lang='lat' dir='ltr'><strong><em>qua:</em></strong></span> <span class='ocrx_word' id='word_1_627' title='bbox 1925 4094 1955 4132; x_wconf 89' lang='lat' dir='ltr'><strong><em>a</em></strong></span> <span class='ocrx_word' id='word_1_628' title='bbox 2012 4078 2122 4135; x_wconf 86' lang='lat' dir='ltr'><strong><em>Deo</em></strong></span> <span class='ocrx_word' id='word_1_629' title='bbox 2165 4088 2250 4135; x_wconf 90' lang='lat' dir='ltr'><strong><em>est</em></strong></span> 
     </span>
    </p>
   </div>
   <div class='ocr_carea' id='block_1_79' title="bbox 2302 4072 3868 4169">
    <p class='ocr_par' dir='ltr' id='par_1_79' title="bbox 2348 4072 3868 4169">
     <span class='ocr_line' id='line_1_80' title="bbox 2348 4072 3868 4169; baseline 0.002 -23"><span class='ocrx_word' id='word_1_630' title='bbox 2348 4072 2856 4165; x_wconf 60' lang='grc' dir='ltr'><em>ἀπογινώσκωντὴν</em></span> <span class='ocrx_word' id='word_1_631' title='bbox 2885 4095 3033 4165; x_wconf 86' lang='grc' dir='ltr'><strong><em>παρά</em></strong></span> <span class='ocrx_word' id='word_1_632' title='bbox 3053 4096 3169 4166; x_wconf 85' lang='grc' dir='ltr'><strong><em>Θεῷ</em></strong></span> <span class='ocrx_word' id='word_1_633' title='bbox 3195 4072 3482 4167; x_wconf 75' lang='grc' dir='ltr'><em>σωτηρίαν,</em></span> <span class='ocrx_word' id='word_1_634' title='bbox 3516 4072 3868 4169; x_wconf 78' lang='grc' dir='ltr'><em>παραμένειτῇ</em></span> 
     </span>
    </p>
   </div>
   <div class='ocr_carea' id='block_1_80' title="bbox 701 4168 2267 4258">
    <p class='ocr_par' dir='ltr' id='par_1_80' title="bbox 701 4168 2253 4237">
     <span class='ocr_line' id='line_1_81' title="bbox 701 4168 2253 4237; baseline 0.003 -15"><span class='ocrx_word' id='word_1_635' title='bbox 701 4170 899 4232; x_wconf 85' lang='lat' dir='ltr'><strong><em>salute,</em></strong></span> <span class='ocrx_word' id='word_1_636' title='bbox 928 4169 990 4221; x_wconf 88' lang='lat' dir='ltr'><strong><em>‘in</em></strong></span> <span class='ocrx_word' id='word_1_637' title='bbox 1017 4168 1274 4237; x_wconf 85' lang='lat' dir='ltr'><strong><em>patientia</em></strong></span> <span class='ocrx_word' id='word_1_638' title='bbox 1307 4177 1634 4237; x_wconf 88' lang='lat' dir='ltr'><strong><em>perseverat.</em></strong></span> <span class='ocrx_word' id='word_1_639' title='bbox 1683 4170 1940 4237; x_wconf 85' lang='lat' dir='ltr'><strong><em>Quamvis</em></strong></span> <span class='ocrx_word' id='word_1_640' title='bbox 1986 4190 2092 4228; x_wconf 92' lang='lat' dir='ltr'><strong><em>non</em></strong></span> <span class='ocrx_word' id='word_1_641' title='bbox 2140 4184 2253 4229; x_wconf 87' lang='lat' dir='ltr'><strong><em>sta-</em></strong></span> 
     </span>
    </p>
   </div>
   <div class='ocr_carea' id='block_1_81' title="bbox 2300 4168 3866 4258">
    <p class='ocr_par' dir='ltr' id='par_1_81' title="bbox 2349 4184 3866 4258">
     <span class='ocr_line' id='line_1_82' title="bbox 2349 4184 3866 4258; baseline 0.002 -20"><span class='ocrx_word' id='word_1_642' title='bbox 2349 4186 2611 4255; x_wconf 76' lang='grc' dir='ltr'><em>ὑπομονῇ.</em></span> <span class='ocrx_word' id='word_1_643' title='bbox 2647 4184 2763 4238; x_wconf 81' lang='grc' dir='ltr'><strong><em>Κᾶν</em></strong></span> <span class='ocrx_word' id='word_1_644' title='bbox 2813 4186 3149 4257; x_wconf 82' lang='grc' dir='ltr'><em>παραχρῆμα</em></span> <span class='ocrx_word' id='word_1_645' title='bbox 3192 4186 3398 4258; x_wconf 74' lang='grc' dir='ltr'><em>δεηθεὶς</em></span> <span class='ocrx_word' id='word_1_646' title='bbox 3449 4188 3523 4258; x_wconf 82' lang='grc' dir='ltr'><em>μὴ</em></span> <span class='ocrx_word' id='word_1_647' title='bbox 3567 4188 3866 4255; x_wconf 65' lang='grc' dir='ltr'><em>ὑπακουσθῇ,</em></span> 
     </span>
    </p>
   </div>
   <div class='ocr_carea' id='block_1_82' title="bbox 701 4258 2267 4351">
    <p class='ocr_par' dir='ltr' id='par_1_82' title="bbox 701 4258 2249 4329">
     <span class='ocr_line' id='line_1_83' title="bbox 701 4258 2249 4329; baseline 0.007 -20"><span class='ocrx_word' id='word_1_648' title='bbox 701 4260 798 4311; x_wconf 88' lang='lat' dir='ltr'><strong><em>tim</em></strong></span> <span class='ocrx_word' id='word_1_649' title='bbox 845 4271 1007 4327; x_wconf 85' lang='lat' dir='ltr'><strong><em>atque</em></strong></span> <span class='ocrx_word' id='word_1_650' title='bbox 1049 4258 1302 4329; x_wconf 84' lang='lat' dir='ltr'><strong><em>precatus</em></strong></span> <span class='ocrx_word' id='word_1_651' title='bbox 1336 4267 1417 4313; x_wconf 88' lang='lat' dir='ltr'><strong><em>est</em></strong></span> <span class='ocrx_word' id='word_1_652' title='bbox 1446 4260 1734 4315; x_wconf 81' lang='lat' dir='ltr'><strong><em>exauditus</em></strong></span> <span class='ocrx_word' id='word_1_653' title='bbox 1786 4262 1966 4328; x_wconf 81' lang='lat' dir='ltr'><strong><em>fuerit,</em></strong></span> <span class='ocrx_word' id='word_1_654' title='bbox 2014 4272 2249 4320; x_wconf 86' lang='lat' dir='ltr'><strong><em>attamen</em></strong></span> 
     </span>
    </p>
   </div>
   <div class='ocr_carea' id='block_1_83' title="bbox 2303 4258 3869 4351">
    <p class='ocr_par' dir='ltr' id='par_1_83' title="bbox 2347 4276 3869 4351">
     <span class='ocr_line' id='line_1_84' title="bbox 2347 4276 3869 4351; baseline 0 -21"><span class='ocrx_word' id='word_1_655' title='bbox 2347 4278 2494 4348; x_wconf 84' lang='grc' dir='ltr'><em>ὅμως</em></span> <span class='ocrx_word' id='word_1_656' title='bbox 2536 4276 2767 4340; x_wconf 74' lang='grc' dir='ltr'><em>ἐλπίζων</em></span> <span class='ocrx_word' id='word_1_657' title='bbox 2805 4278 3059 4347; x_wconf 82' lang='grc' dir='ltr'><em>ὑπομένει</em></span> <span class='ocrx_word' id='word_1_658' title='bbox 3096 4281 3190 4332; x_wconf 66' lang='grc' dir='ltr'><strong><em>κα)⁵</em></strong></span> <span class='ocrx_word' id='word_1_659' title='bbox 3223 4284 3621 4351; x_wconf 83' lang='grc' dir='ltr'><em>προσκαρτερεῖ</em></span> <span class='ocrx_word' id='word_1_660' title='bbox 3644 4282 3747 4341; x_wconf 79' lang='grc' dir='ltr'><em>ταῖς</em></span> <span class='ocrx_word' id='word_1_661' title='bbox 3770 4278 3869 4348; x_wconf 69' lang='grc' dir='ltr'><strong><em>δεή-</em></strong></span> 
     </span>
    </p>
   </div>
   <div class='ocr_carea' id='block_1_84' title="bbox 701 4352 2267 4440">
    <p class='ocr_par' dir='ltr' id='par_1_84' title="bbox 701 4352 2253 4421">
     <span class='ocr_line' id='line_1_85' title="bbox 701 4352 2253 4421; baseline 0.004 -18"><span class='ocrx_word' id='word_1_662' title='bbox 701 4352 973 4418; x_wconf 80' lang='lat' dir='ltr'><strong><em>sperando</em></strong></span> <span class='ocrx_word' id='word_1_663' title='bbox 998 4360 1295 4419; x_wconf 79' lang='lat' dir='ltr'><strong><em>permanet,</em></strong></span> <span class='ocrx_word' id='word_1_664' title='bbox 1348 4366 1412 4406; x_wconf 89' lang='lat' dir='ltr'><strong><em>ac</em></strong></span> <span class='ocrx_word' id='word_1_665' title='bbox 1444 4361 1751 4421; x_wconf 89' lang='lat' dir='ltr'><strong><em>perseverat</em></strong></span> <span class='ocrx_word' id='word_1_666' title='bbox 1784 4354 1838 4407; x_wconf 92' lang='lat' dir='ltr'><strong><em>in</em></strong></span> <span class='ocrx_word' id='word_1_667' title='bbox 1867 4353 2253 4409; x_wconf 84' lang='lat' dir='ltr'><strong><em>obsecrationi-</em></strong></span> 
     </span>
    </p>
   </div>
   <div class='ocr_carea' id='block_1_85' title="bbox 2301 4352 3867 4440">
    <p class='ocr_par' dir='ltr' id='par_1_85' title="bbox 2350 4366 3867 4440">
     <span class='ocr_line' id='line_1_86' title="bbox 2350 4366 3867 4440; baseline 0.001 -22"><span class='ocrx_word' id='word_1_668' title='bbox 2350 4382 2467 4418; x_wconf 89' lang='grc' dir='ltr'><em>σεσι</em></span> <span class='ocrx_word' id='word_1_669' title='bbox 2493 4366 2584 4418; x_wconf 76' lang='grc' dir='ltr'><strong><em>καὶ</em></strong></span> <span class='ocrx_word' id='word_1_670' title='bbox 2604 4367 2723 4427; x_wconf 79' lang='grc' dir='ltr'><em>ταῖς</em></span> <span class='ocrx_word' id='word_1_671' title='bbox 2749 4369 3090 4435; x_wconf 83' lang='grc' dir='ltr'><em>προσευχαῖς.</em></span> <span class='ocrx_word' id='word_1_672' title='bbox 3110 4369 3172 4421; x_wconf 82' lang='grc' dir='ltr'><strong>Εἰ</strong></span> <span class='ocrx_word' id='word_1_673' title='bbox 3196 4370 3253 4423; x_wconf 87' lang='grc' dir='ltr'><strong><em>δὲ</em></strong></span> <span class='ocrx_word' id='word_1_674' title='bbox 3279 4370 3372 4423; x_wconf 79' lang='grc' dir='ltr'><strong><em>καὶ</em></strong></span> <span class='ocrx_word' id='word_1_675' title='bbox 3399 4372 3456 4423; x_wconf 83' lang='grc' dir='ltr'><strong><em>ὲν</em></strong></span> <span class='ocrx_word' id='word_1_676' title='bbox 3480 4368 3738 4440; x_wconf 83' lang='grc' dir='ltr'><em>σφάλματί</em></span> <span class='ocrx_word' id='word_1_677' title='bbox 3761 4380 3867 4419; x_wconf 67' lang='grc' dir='ltr'><em>ποτε</em></span> 
     </span>
    </p>
   </div>
   <div class='ocr_carea' id='block_1_86' title="bbox 700 4442 2266 4531">
    <p class='ocr_par' dir='ltr' id='par_1_86' title="bbox 700 4442 2249 4515">
     <span class='ocr_line' id='line_1_87' title="bbox 700 4442 2249 4515; baseline 0.005 -19"><span class='ocrx_word' id='word_1_678' title='bbox 700 4442 803 4496; x_wconf 80' lang='lat' dir='ltr'><strong><em>bus</em></strong></span> <span class='ocrx_word' id='word_1_679' title='bbox 833 4453 886 4496; x_wconf 87' lang='lat' dir='ltr'><strong><em>et</em></strong></span> <span class='ocrx_word' id='word_1_680' title='bbox 917 4444 1274 4499; x_wconf 82' lang='lat' dir='ltr'><strong><em>orationibus.</em></strong></span> <span class='ocrx_word' id='word_1_681' title='bbox 1308 4443 1461 4511; x_wconf 84' lang='lat' dir='ltr'><strong><em>Quod</em></strong></span> <span class='ocrx_word' id='word_1_682' title='bbox 1492 4446 1537 4500; x_wconf 89' lang='lat' dir='ltr'><strong><em>si</em></strong></span> <span class='ocrx_word' id='word_1_683' title='bbox 1566 4446 1890 4515; x_wconf 82' lang='lat' dir='ltr'><strong><em>quandoque</em></strong></span> <span class='ocrx_word' id='word_1_684' title='bbox 1926 4447 2156 4511; x_wconf 85' lang='lat' dir='ltr'><strong><em>labatur,</em></strong></span> <span class='ocrx_word' id='word_1_685' title='bbox 2193 4460 2249 4505; x_wconf 90' lang='lat' dir='ltr'><strong><em>ut</em></strong></span> 
     </span>
    </p>
   </div>
   <div class='ocr_carea' id='block_1_87' title="bbox 2300 4442 3866 4531">
    <p class='ocr_par' dir='ltr' id='par_1_87' title="bbox 2347 4455 3866 4531">
     <span class='ocr_line' id='line_1_88' title="bbox 2347 4455 3866 4531; baseline 0.001 -21"><span class='ocrx_word' id='word_1_686' title='bbox 2347 4457 2571 4525; x_wconf 83' lang='grc' dir='ltr'><em>γένοιτο,</em></span> <span class='ocrx_word' id='word_1_687' title='bbox 2605 4455 2788 4525; x_wconf 84' lang='grc' dir='ltr'><em>ὥσπερ</em></span> <span class='ocrx_word' id='word_1_688' title='bbox 2815 4456 2844 4507; x_wconf 83' lang='grc' dir='ltr'>ὁ</span> <span class='ocrx_word' id='word_1_689' title='bbox 2870 4456 3049 4520; x_wconf 70' lang='grc' dir='ltr'><em>Δαυῒδ,</em></span> <span class='ocrx_word' id='word_1_690' title='bbox 3081 4460 3330 4529; x_wconf 83' lang='grc' dir='ltr'><em>ὁμολογεῖ</em></span> <span class='ocrx_word' id='word_1_691' title='bbox 3359 4461 3431 4531; x_wconf 79' lang='grc' dir='ltr'><em>μὴ</em></span> <span class='ocrx_word' id='word_1_692' title='bbox 3459 4462 3666 4529; x_wconf 80' lang='grc' dir='ltr'><em>ἀγνοεῖν</em></span> <span class='ocrx_word' id='word_1_693' title='bbox 3683 4456 3759 4513; x_wconf 78' lang='grc' dir='ltr'><em>οἷα</em></span> <span class='ocrx_word' id='word_1_694' title='bbox 3786 4475 3866 4511; x_wconf 79' lang='grc' dir='ltr'><strong><em>κα-</em></strong></span> 
     </span>
    </p>
   </div>
   <div class='ocr_carea' id='block_1_88' title="bbox 700 4531 2266 4619">
    <p class='ocr_par' dir='ltr' id='par_1_88' title="bbox 700 4531 2248 4607">
     <span class='ocr_line' id='line_1_89' title="bbox 700 4531 2248 4607; baseline 0.005 -23"><span class='ocrx_word' id='word_1_695' title='bbox 700 4531 891 4585; x_wconf 87' lang='lat' dir='ltr'><strong><em>Davidi</em></strong></span> <span class='ocrx_word' id='word_1_696' title='bbox 926 4533 1140 4596; x_wconf 87' lang='lat' dir='ltr'><strong><em>accidit,</em></strong></span> <span class='ocrx_word' id='word_1_697' title='bbox 1176 4536 1461 4589; x_wconf 82' lang='lat' dir='ltr'><strong><em>conﬁtetur</em></strong></span> <span class='ocrx_word' id='word_1_698' title='bbox 1488 4552 1595 4589; x_wconf 84' lang='lat' dir='ltr'><strong><em>non</em></strong></span> <span class='ocrx_word' id='word_1_699' title='bbox 1622 4539 1868 4606; x_wconf 85' lang='lat' dir='ltr'><strong><em>ignorare</em></strong></span> <span class='ocrx_word' id='word_1_700' title='bbox 1890 4551 1947 4590; x_wconf 89' lang='lat' dir='ltr'><strong><em>se</em></strong></span> <span class='ocrx_word' id='word_1_701' title='bbox 1970 4552 2248 4607; x_wconf 88' lang='lat' dir='ltr'><strong><em>quousque</em></strong></span> 
     </span>
    </p>
   </div>
   <div class='ocr_carea' id='block_1_89' title="bbox 2302 4531 3868 4619">
    <p class='ocr_par' dir='ltr' id='par_1_89' title="bbox 2302 4545 3868 4619">
     <span class='ocr_line' id='line_1_90' title="bbox 2302 4545 3868 4619; baseline 0 -20"><span class='ocrx_word' id='word_1_702' title='bbox 2302 4548 2456 4611; x_wconf 82' lang='grc' dir='ltr'><strong><em>)κῶν</em></strong></span> <span class='ocrx_word' id='word_1_703' title='bbox 2488 4545 2757 4617; x_wconf 74' lang='grc' dir='ltr'><em>ἐλήλυθεν.</em></span> <span class='ocrx_word' id='word_1_704' title='bbox 2791 4547 2854 4599; x_wconf 81' lang='grc' dir='ltr'><strong>Εἰ</strong></span> <span class='ocrx_word' id='word_1_705' title='bbox 2890 4546 2945 4599; x_wconf 84' lang='grc' dir='ltr'>δὲ</span> <span class='ocrx_word' id='word_1_706' title='bbox 2980 4550 3073 4601; x_wconf 74' lang='grc' dir='ltr'><em>καὶ</em></span> <span class='ocrx_word' id='word_1_707' title='bbox 3108 4551 3244 4619; x_wconf 85' lang='grc' dir='ltr'><strong><em>μετά</em></strong></span> <span class='ocrx_word' id='word_1_708' title='bbox 3274 4549 3457 4604; x_wconf 80' lang='grc' dir='ltr'><em>ταῦτα</em></span> <span class='ocrx_word' id='word_1_709' title='bbox 3489 4551 3730 4605; x_wconf 60' lang='grc' dir='ltr'><em>ἀναλάὼι</em></span> <span class='ocrx_word' id='word_1_710' title='bbox 3765 4551 3868 4600; x_wconf 74' lang='grc' dir='ltr'><em>ἐαυ-</em></span> 
     </span>
    </p>
   </div>
   <div class='ocr_carea' id='block_1_90' title="bbox 702 4624 2268 4716">
    <p class='ocr_par' dir='ltr' id='par_1_90' title="bbox 702 4624 2247 4698">
     <span class='ocr_line' id='line_1_91' title="bbox 702 4624 2247 4698; baseline 0.003 -22"><span class='ocrx_word' id='word_1_711' title='bbox 702 4624 970 4677; x_wconf 87' lang='lat' dir='ltr'><strong><em>malorum</em></strong></span> <span class='ocrx_word' id='word_1_712' title='bbox 1029 4624 1326 4681; x_wconf 85' lang='lat' dir='ltr'><strong><em>devenerit.</em></strong></span> <span class='ocrx_word' id='word_1_713' title='bbox 1366 4626 1421 4680; x_wconf 89' lang='lat' dir='ltr'><strong><em>Si</em></strong></span> <span class='ocrx_word' id='word_1_714' title='bbox 1466 4642 1594 4681; x_wconf 91' lang='lat' dir='ltr'><strong><em>vero</em></strong></span> <span class='ocrx_word' id='word_1_715' title='bbox 1634 4636 1820 4697; x_wconf 77' lang='lat' dir='ltr'><strong><em>postea</em></strong></span> <span class='ocrx_word' id='word_1_716' title='bbox 1858 4628 2187 4698; x_wconf 79' lang='lat' dir='ltr'><strong><em>resipiscens</em></strong></span> <span class='ocrx_word' id='word_1_717' title='bbox 2217 4644 2247 4681; x_wconf 91' lang='lat' dir='ltr'><strong><em>a</em></strong></span> 
     </span>
    </p>
   </div>
   <div class='ocr_carea' id='block_1_91' title="bbox 2298 4624 3864 4716">
    <p class='ocr_par' dir='ltr' id='par_1_91' title="bbox 2350 4638 3864 4716">
     <span class='ocr_line' id='line_1_92' title="bbox 2350 4638 3864 4716; baseline -0.001 -26"><span class='ocrx_word' id='word_1_718' title='bbox 2350 4639 2441 4691; x_wconf 84' lang='grc' dir='ltr'><strong><em>τὸν</em></strong></span> <span class='ocrx_word' id='word_1_719' title='bbox 2486 4639 2579 4692; x_wconf 64' lang='grc' dir='ltr'><strong><em>τοῦ</em></strong></span> <span class='ocrx_word' id='word_1_720' title='bbox 2658 4638 2968 4708; x_wconf 82' lang='grc' dir='ltr'><em>σφάλματος</em></span> <span class='ocrx_word' id='word_1_721' title='bbox 3022 4640 3425 4716; x_wconf 74' lang='grc' dir='ltr'><em>συνῃσθημένος</em></span> <span class='ocrx_word' id='word_1_722' title='bbox 3453 4683 3468 4707; x_wconf 87' lang='grc'><strong><em>,</em></strong></span> <span class='ocrx_word' id='word_1_723' title='bbox 3526 4640 3864 4712; x_wconf 73' lang='grc' dir='ltr'><em>εὐχαριστήσει</em></span> 
     </span>
    </p>
   </div>
   <div class='ocr_carea' id='block_1_92' title="bbox 701 4714 2267 4804">
    <p class='ocr_par' dir='ltr' id='par_1_92' title="bbox 701 4714 2245 4788">
     <span class='ocr_line' id='line_1_93' title="bbox 701 4714 2245 4788; baseline 0.003 -21"><span class='ocrx_word' id='word_1_724' title='bbox 701 4714 854 4784; x_wconf 87' lang='lat' dir='ltr'><strong><em>lapsu</em></strong></span> <span class='ocrx_word' id='word_1_725' title='bbox 884 4730 942 4769; x_wconf 89' lang='lat' dir='ltr'><strong><em>se</em></strong></span> <span class='ocrx_word' id='word_1_726' title='bbox 981 4714 1247 4782; x_wconf 84' lang='lat' dir='ltr'><strong><em>retrahat,</em></strong></span> <span class='ocrx_word' id='word_1_727' title='bbox 1294 4718 1497 4785; x_wconf 79' lang='lat' dir='ltr'><strong><em>gratias</em></strong></span> <span class='ocrx_word' id='word_1_728' title='bbox 1541 4726 1679 4787; x_wconf 85' lang='lat' dir='ltr'><strong><em>aget,</em></strong></span> <span class='ocrx_word' id='word_1_729' title='bbox 1740 4726 2036 4788; x_wconf 87' lang='lat' dir='ltr'><strong><em>notumque</em></strong></span> <span class='ocrx_word' id='word_1_730' title='bbox 2087 4717 2245 4772; x_wconf 82' lang='lat' dir='ltr'><strong><em>faciet</em></strong></span> 
     </span>
    </p>
   </div>
   <div class='ocr_carea' id='block_1_93' title="bbox 2300 4714 3866 4804">
    <p class='ocr_par' dir='ltr' id='par_1_93' title="bbox 2361 4714 3866 4804">
     <span class='ocr_line' id='line_1_94' title="bbox 2361 4714 3866 4804; baseline -0.013 -6"><span class='ocrx_word' id='word_1_731' title='bbox 2361 4731 2625 4802; x_wconf 77' lang='grc' dir='ltr'><em>(νωρίζων</em></span> <span class='ocrx_word' id='word_1_732' title='bbox 2674 4732 2763 4801; x_wconf 82' lang='grc' dir='ltr'><strong><em>ἀφ’</em></strong></span> <span class='ocrx_word' id='word_1_733' title='bbox 2794 4732 2904 4784; x_wconf 77' lang='grc' dir='ltr'><em>οἴου</em></span> <span class='ocrx_word' id='word_1_734' title='bbox 2958 4714 3151 4801; x_wconf 81' lang='grc' dir='ltr'><em>βάθους</em></span> <span class='ocrx_word' id='word_1_735' title='bbox 3202 4734 3574 4804; x_wconf 84' lang='grc' dir='ltr'><em>ταλαιπωρίας</em></span> <span class='ocrx_word' id='word_1_736' title='bbox 3611 4734 3866 4800; x_wconf 75' lang='grc' dir='ltr'><em>ἀνιμήσατο</em></span> 
     </span>
    </p>
   </div>
   <div class='ocr_carea' id='block_1_94' title="bbox 700 4806 2266 4895">
    <p class='ocr_par' dir='ltr' id='par_1_94' title="bbox 700 4806 2249 4879">
     <span class='ocr_line' id='line_1_95' title="bbox 700 4806 2249 4879; baseline 0.001 -18"><span class='ocrx_word' id='word_1_737' title='bbox 700 4808 954 4864; x_wconf 87' lang='lat' dir='ltr'><strong><em>omnibus</em></strong></span> <span class='ocrx_word' id='word_1_738' title='bbox 984 4821 1046 4861; x_wconf 82' lang='lat' dir='ltr'><strong><em>ex</em></strong></span> <span class='ocrx_word' id='word_1_739' title='bbox 1076 4806 1221 4878; x_wconf 88' lang='lat' dir='ltr'><strong><em>quali</em></strong></span> <span class='ocrx_word' id='word_1_740' title='bbox 1253 4809 1485 4862; x_wconf 67' lang='lat' dir='ltr'><strong><em>miseriae</em></strong></span> <span class='ocrx_word' id='word_1_741' title='bbox 1515 4810 1727 4879; x_wconf 86' lang='lat' dir='ltr'><strong><em>gurgite</em></strong></span> <span class='ocrx_word' id='word_1_742' title='bbox 1768 4827 1826 4865; x_wconf 90' lang='lat' dir='ltr'><strong><em>se</em></strong></span> <span class='ocrx_word' id='word_1_743' title='bbox 1858 4810 2104 4865; x_wconf 75' lang='lat' dir='ltr'><strong><em>eduxerit</em></strong></span> <span class='ocrx_word' id='word_1_744' title='bbox 2138 4814 2249 4877; x_wconf 72' lang='lat' dir='ltr'><strong><em>me—</em></strong></span> 
     </span>
    </p>
   </div>
   <div class='ocr_carea' id='block_1_95' title="bbox 2293 4806 3859 4895">
    <p class='ocr_par' dir='ltr' id='par_1_95' title="bbox 2349 4820 3859 4895">
     <span class='ocr_line' id='line_1_96' title="bbox 2349 4820 3859 4895; baseline -0.001 -22"><span class='ocrx_word' id='word_1_745' title='bbox 2349 4820 2507 4873; x_wconf 75' lang='grc' dir='ltr'><em>αὐτὸν</em></span> <span class='ocrx_word' id='word_1_746' title='bbox 2529 4824 2555 4874; x_wconf 85' lang='grc' dir='ltr'>ὁ</span> <span class='ocrx_word' id='word_1_747' title='bbox 2578 4821 2675 4890; x_wconf 75' lang='grc' dir='ltr'><em>τῆς</em></span> <span class='ocrx_word' id='word_1_748' title='bbox 2693 4820 2869 4891; x_wconf 71' lang='grc' dir='ltr'><em>ψυχῆς</em></span> <span class='ocrx_word' id='word_1_749' title='bbox 2888 4822 3048 4875; x_wconf 81' lang='grc' dir='ltr'><em>αὐτοῦ</em></span> <span class='ocrx_word' id='word_1_750' title='bbox 3069 4823 3353 4895; x_wconf 79' lang='grc' dir='ltr'><em>γενόμενος</em></span> <span class='ocrx_word' id='word_1_751' title='bbox 3380 4821 3561 4891; x_wconf 81' lang='grc' dir='ltr'><em>ίατρδς</em></span> <span class='ocrx_word' id='word_1_752' title='bbox 3590 4821 3675 4874; x_wconf 76' lang='grc' dir='ltr'><em>καὶ</em></span> <span class='ocrx_word' id='word_1_753' title='bbox 3695 4820 3859 4888; x_wconf 72' lang='grc' dir='ltr'><em>σωτήρ·</em></span> 
     </span>
    </p>
   </div>
   <div class='ocr_carea' id='block_1_96' title="bbox 699 4899 2265 4982">
    <p class='ocr_par' dir='ltr' id='par_1_96' title="bbox 699 4899 2246 4969">
     <span class='ocr_line' id='line_1_97' title="bbox 699 4899 2246 4969; baseline 0 -16"><span class='ocrx_word' id='word_1_754' title='bbox 699 4900 853 4956; x_wconf 72' lang='lat' dir='ltr'><strong><em>diuus</em></strong></span> <span class='ocrx_word' id='word_1_755' title='bbox 910 4907 965 4953; x_wconf 90' lang='lat' dir='ltr'><strong><em>et</em></strong></span> <span class='ocrx_word' id='word_1_756' title='bbox 1019 4906 1268 4953; x_wconf 87' lang='lat' dir='ltr'><strong><em>servator</em></strong></span> <span class='ocrx_word' id='word_1_757' title='bbox 1316 4900 1511 4952; x_wconf 62' lang='lat' dir='ltr'><strong><em>anima!</em></strong></span> <span class='ocrx_word' id='word_1_758' title='bbox 1559 4899 1766 4967; x_wconf 88' lang='lat' dir='ltr'><strong><em>ipsius;</em></strong></span> <span class='ocrx_word' id='word_1_759' title='bbox 1827 4916 1995 4969; x_wconf 89' lang='lat' dir='ltr'><strong><em>quare</em></strong></span> <span class='ocrx_word' id='word_1_760' title='bbox 2039 4900 2182 4955; x_wconf 91' lang='lat' dir='ltr'><strong><em>dicet</em></strong></span> <span class='ocrx_word' id='word_1_761' title='bbox 2234 4919 2246 4953; x_wconf 90' lang='lat'><strong>:</strong></span> 
     </span>
    </p>
   </div>
   <div class='ocr_carea' id='block_1_97' title="bbox 2298 4899 3864 4982">
    <p class='ocr_par' dir='ltr' id='par_1_97' title="bbox 2348 4906 3864 4982">
     <span class='ocr_line' id='line_1_98' title="bbox 2348 4906 3864 4982; baseline 0 -23"><span class='ocrx_word' id='word_1_762' title='bbox 2348 4906 2533 4979; x_wconf 78' lang='grc' dir='ltr'><em>διόπερ</em></span> <span class='ocrx_word' id='word_1_763' title='bbox 2562 4911 2705 4979; x_wconf 79' lang='grc' dir='ltr'><em>ἐρεῖ·</em></span> <span class='ocrx_word' id='word_1_764' title='bbox 2750 4910 3022 4982; x_wconf 75' lang='grc' dir='ltr'><strong><em>Ἁνήγαγέ</em></strong></span> <span class='ocrx_word' id='word_1_765' title='bbox 3052 4930 3129 4981; x_wconf 80' lang='grc' dir='ltr'><strong><em>με</em></strong></span> <span class='ocrx_word' id='word_1_766' title='bbox 3155 4914 3224 4965; x_wconf 77' lang='grc' dir='ltr'><em>ἐκ</em></span> <span class='ocrx_word' id='word_1_767' title='bbox 3255 4910 3484 4965; x_wconf 73' lang='grc' dir='ltr'><em>λάκκου</em></span> <span class='ocrx_word' id='word_1_768' title='bbox 3511 4910 3864 4975; x_wconf 62' lang='grc' dir='ltr'><em>ταλαιπωρίας</em></span> 
     </span>
    </p>
   </div>
   <div class='ocr_carea' id='block_1_98' title="bbox 701 4988 2267 5070">
    <p class='ocr_par' dir='ltr' id='par_1_98' title="bbox 701 4990 2250 5063">
     <span class='ocr_line' id='line_1_99' title="bbox 701 4990 2250 5063; baseline 0.004 -20"><span class='ocrx_word' id='word_1_769' title='bbox 701 4990 901 5044; x_wconf 74' lang='lat' dir='ltr'><strong><em>Eduxit</em></strong></span> <span class='ocrx_word' id='word_1_770' title='bbox 930 5007 1010 5044; x_wconf 91' lang='lat' dir='ltr'><strong><em>me</em></strong></span> <span class='ocrx_word' id='word_1_771' title='bbox 1029 4990 1090 5043; x_wconf 88' lang='lat' dir='ltr'><strong><em>de</em></strong></span> <span class='ocrx_word' id='word_1_772' title='bbox 1123 4991 1240 5042; x_wconf 91' lang='lat' dir='ltr'><strong><em>lacu</em></strong></span> <span class='ocrx_word' id='word_1_773' title='bbox 1271 4991 1495 5043; x_wconf 75' lang='lat' dir='ltr'><strong><em>miseria:</em></strong></span> <span class='ocrx_word' id='word_1_774' title='bbox 1523 4999 1571 5043; x_wconf 90' lang='lat' dir='ltr'><strong><em>et</em></strong></span> <span class='ocrx_word' id='word_1_775' title='bbox 1604 4992 1666 5043; x_wconf 88' lang='lat' dir='ltr'><strong><em>de</em></strong></span> <span class='ocrx_word' id='word_1_776' title='bbox 1698 4990 1805 5042; x_wconf 90' lang='lat' dir='ltr'><strong><em>luto</em></strong></span> <span class='ocrx_word' id='word_1_777' title='bbox 1827 4991 1990 5059; x_wconf 67' lang='lat' dir='ltr'><strong><em>facis.</em></strong></span> <span class='ocrx_word' id='word_1_778' title='bbox 2010 4991 2065 5047; x_wconf 90' lang='lat' dir='ltr'><strong><em>ld</em></strong></span> <span class='ocrx_word' id='word_1_779' title='bbox 2090 5008 2250 5063; x_wconf 85' lang='lat' dir='ltr'><strong><em>porro</em></strong></span> 
     </span>
    </p>
   </div>
   <div class='ocr_carea' id='block_1_99' title="bbox 2293 4988 3859 5070">
    <p class='ocr_par' dir='ltr' id='par_1_99' title="bbox 2348 4988 3859 5070">
     <span class='ocr_line' id='line_1_100' title="bbox 2348 4988 3859 5070; baseline 0.001 -21"><span class='ocrx_word' id='word_1_780' title='bbox 2348 4998 2442 5052; x_wconf 81' lang='grc' dir='ltr'><strong><em>καί</em></strong></span> <span class='ocrx_word' id='word_1_781' title='bbox 2474 5000 2590 5053; x_wconf 85' lang='grc' dir='ltr'><strong><em>ἀπὸ</em></strong></span> <span class='ocrx_word' id='word_1_782' title='bbox 2623 5002 2819 5067; x_wconf 73' lang='grc' dir='ltr'><em>πηλοῦ</em></span> <span class='ocrx_word' id='word_1_783' title='bbox 2844 5005 3028 5070; x_wconf 74' lang='grc' dir='ltr'><em>ἰλύος.</em></span> <span class='ocrx_word' id='word_1_784' title='bbox 3066 5003 3266 5057; x_wconf 82' lang='grc' dir='ltr'><em>Τούτου</em></span> <span class='ocrx_word' id='word_1_785' title='bbox 3308 5002 3365 5056; x_wconf 79' lang='grc' dir='ltr'><strong><em>δὲ</em></strong></span> <span class='ocrx_word' id='word_1_786' title='bbox 3391 4988 3657 5068; x_wconf 71' lang='grc' dir='ltr'><em>τεύξεται,</em></span> <span class='ocrx_word' id='word_1_787' title='bbox 3684 4998 3859 5067; x_wconf 62' lang='grc' dir='ltr'><em>ἐπειδὴ·</em></span> 
     </span>
    </p>
   </div>
   <div class='ocr_carea' id='block_1_100' title="bbox 699 5082 2265 5165">
    <p class='ocr_par' dir='ltr' id='par_1_100' title="bbox 699 5083 2247 5152">
     <span class='ocr_line' id='line_1_101' title="bbox 699 5083 2247 5152; baseline 0.002 -15"><span class='ocrx_word' id='word_1_788' title='bbox 699 5083 985 5147; x_wconf 87' lang='lat' dir='ltr'><strong><em>obtinebit,</em></strong></span> <span class='ocrx_word' id='word_1_789' title='bbox 1014 5083 1141 5151; x_wconf 87' lang='lat' dir='ltr'><strong><em>quia</em></strong></span> <span class='ocrx_word' id='word_1_790' title='bbox 1174 5091 1496 5152; x_wconf 77' lang='lat' dir='ltr'><strong><em>exspectans</em></strong></span> <span class='ocrx_word' id='word_1_791' title='bbox 1550 5087 1883 5151; x_wconf 81' lang='lat' dir='ltr'><strong><em>exspectavit</em></strong></span> <span class='ocrx_word' id='word_1_792' title='bbox 1940 5084 2247 5140; x_wconf 86' lang='lat' dir='ltr'><strong><em>Dominum.</em></strong></span> 
     </span>
    </p>
   </div>
   <div class='ocr_carea' id='block_1_101' title="bbox 2358 5082 3924 5165">
    <p class='ocr_par' dir='ltr' id='par_1_101' title="bbox 2358 5084 3924 5165">
     <span class='ocr_line' id='line_1_102' title="bbox 2358 5084 3924 5165; baseline 0.004 -26"><span class='ocrx_word' id='word_1_793' title='bbox 2358 5104 2451 5160; x_wconf 80' lang='grc' dir='ltr'><strong><em>περ</em></strong></span> <span class='ocrx_word' id='word_1_794' title='bbox 2491 5091 2775 5160; x_wconf 81' lang='grc' dir='ltr'><em>ὑπομένων</em></span> <span class='ocrx_word' id='word_1_795' title='bbox 2826 5094 3084 5165; x_wconf 82' lang='grc' dir='ltr'><em>ὑπέμεινε</em></span> <span class='ocrx_word' id='word_1_796' title='bbox 3124 5096 3213 5149; x_wconf 88' lang='grc' dir='ltr'><strong><em>τὸν</em></strong></span> <span class='ocrx_word' id='word_1_797' title='bbox 3242 5091 3461 5165; x_wconf 86' lang='grc' dir='ltr'><em>Κύριον.</em></span> <span class='ocrx_word' id='word_1_798' title='bbox 3492 5092 3697 5147; x_wconf 82' lang='grc' dir='ltr'><em>Λάκκον</em></span> <span class='ocrx_word' id='word_1_799' title='bbox 3719 5090 3766 5143; x_wconf 82' lang='grc' dir='ltr'><strong><em>δὲ</em></strong></span> <span class='ocrx_word' id='word_1_800' title='bbox 3790 5107 3863 5141; x_wconf 75' lang='grc' dir='ltr'><strong><em>τα·</em></strong></span> 
     </span>
    </p>
   </div>
   <div class='ocr_carea' id='block_1_102' title="bbox 704 5173 2270 5256">
    <p class='ocr_par' dir='ltr' id='par_1_102' title="bbox 704 5173 2246 5245">
     <span class='ocr_line' id='line_1_103' title="bbox 704 5173 2246 5245; baseline 0.003 -17"><span class='ocrx_word' id='word_1_801' title='bbox 704 5174 907 5228; x_wconf 86' lang='lat' dir='ltr'><strong><em>Lacum</em></strong></span> <span class='ocrx_word' id='word_1_802' title='bbox 946 5174 1202 5233; x_wconf 66' lang='lat' dir='ltr'><strong><em>miseriae,</em></strong></span> <span class='ocrx_word' id='word_1_803' title='bbox 1244 5173 1569 5242; x_wconf 83' lang='lat' dir='ltr'><strong><em>profundum</em></strong></span> <span class='ocrx_word' id='word_1_804' title='bbox 1609 5175 1837 5245; x_wconf 88' lang='lat' dir='ltr'><strong><em>peccati,</em></strong></span> <span class='ocrx_word' id='word_1_805' title='bbox 1870 5176 2041 5230; x_wconf 92' lang='lat' dir='ltr'><strong><em>lutum</em></strong></span> <span class='ocrx_word' id='word_1_806' title='bbox 2080 5176 2246 5241; x_wconf 67' lang='lat' dir='ltr'><strong><em>faecis,</em></strong></span> 
     </span>
    </p>
   </div>
   <div class='ocr_carea' id='block_1_103' title="bbox 2356 5173 3922 5256">
    <p class='ocr_par' dir='ltr' id='par_1_103' title="bbox 2356 5178 3861 5256">
     <span class='ocr_line' id='line_1_104' title="bbox 2356 5178 3861 5256; baseline 0.003 -24"><span class='ocrx_word' id='word_1_807' title='bbox 2356 5180 2645 5252; x_wconf 76' lang='grc' dir='ltr'><em>λαιπωρὶας</em></span> <span class='ocrx_word' id='word_1_808' title='bbox 2674 5183 2736 5236; x_wconf 79' lang='grc' dir='ltr'><strong>τὸ</strong></span> <span class='ocrx_word' id='word_1_809' title='bbox 2766 5182 2923 5253; x_wconf 82' lang='grc' dir='ltr'><em>βάθος</em></span> <span class='ocrx_word' id='word_1_810' title='bbox 2961 5184 3061 5254; x_wconf 80' lang='grc' dir='ltr'><em>τῆς</em></span> <span class='ocrx_word' id='word_1_811' title='bbox 3092 5185 3381 5256; x_wconf 84' lang='grc' dir='ltr'><em>ἁμαρτίας,</em></span> <span class='ocrx_word' id='word_1_812' title='bbox 3411 5184 3506 5237; x_wconf 73' lang='grc' dir='ltr'><em>καὶ</em></span> <span class='ocrx_word' id='word_1_813' title='bbox 3557 5182 3712 5253; x_wconf 85' lang='grc' dir='ltr'><em>πηλὸν</em></span> <span class='ocrx_word' id='word_1_814' title='bbox 3746 5178 3861 5236; x_wconf 75' lang='grc' dir='ltr'><em>ίλύῠς</em></span> 
     </span>
    </p>
   </div>
   <div class='ocr_carea' id='block_1_104' title="bbox 705 5255 2271 5346">
    <p class='ocr_par' dir='ltr' id='par_1_104' title="bbox 705 5264 2248 5337">
     <span class='ocr_line' id='line_1_105' title="bbox 705 5264 2248 5337; baseline 0.001 -17"><span class='ocrx_word' id='word_1_815' title='bbox 705 5268 866 5321; x_wconf 85' lang='lat' dir='ltr'><strong><em>lutosi</em></strong></span> <span class='ocrx_word' id='word_1_816' title='bbox 904 5266 1150 5334; x_wconf 88' lang='lat' dir='ltr'><strong><em>corporis</em></strong></span> <span class='ocrx_word' id='word_1_817' title='bbox 1182 5264 1519 5334; x_wconf 68' lang='lat' dir='ltr'><strong><em>voluptates.</em></strong></span> <span class='ocrx_word' id='word_1_818' title='bbox 1554 5267 1607 5319; x_wconf 89' lang='lat' dir='ltr'><strong><em>in</em></strong></span> <span class='ocrx_word' id='word_1_819' title='bbox 1657 5282 1790 5334; x_wconf 78' lang='lat' dir='ltr'><strong><em>quas</em></strong></span> <span class='ocrx_word' id='word_1_820' title='bbox 1818 5267 2035 5337; x_wconf 87' lang='lat' dir='ltr'><strong><em>delapsa</em></strong></span> <span class='ocrx_word' id='word_1_821' title='bbox 2069 5270 2248 5323; x_wconf 89' lang='lat' dir='ltr'><strong><em>anima</em></strong></span> 
     </span>
    </p>
   </div>
   <div class='ocr_carea' id='block_1_105' title="bbox 2356 5255 3922 5346">
    <p class='ocr_par' dir='ltr' id='par_1_105' title="bbox 2356 5255 3922 5346">
     <span class='ocr_line' id='line_1_106' title="bbox 2356 5255 3922 5346; baseline 0.007 -24"><span class='ocrx_word' id='word_1_822' title='bbox 2356 5269 2443 5332; x_wconf 80' lang='grc' dir='ltr'><em>τὰς</em></span> <span class='ocrx_word' id='word_1_823' title='bbox 2487 5270 2580 5324; x_wconf 85' lang='grc' dir='ltr'><strong><em>τοῦ</em></strong></span> <span class='ocrx_word' id='word_1_824' title='bbox 2636 5255 2911 5343; x_wconf 77' lang='grc' dir='ltr'><em>πηλώδους</em></span> <span class='ocrx_word' id='word_1_825' title='bbox 2942 5272 3185 5345; x_wconf 87' lang='grc' dir='ltr'><em>σώματος</em></span> <span class='ocrx_word' id='word_1_826' title='bbox 3212 5256 3562 5346; x_wconf 75' lang='grc' dir='ltr'><em>ἡδυπαθείας,</em></span> <span class='ocrx_word' id='word_1_827' title='bbox 3595 5274 3648 5324; x_wconf 78' lang='grc' dir='ltr'><em>ὲν</em></span> <span class='ocrx_word' id='word_1_828' title='bbox 3670 5264 3743 5331; x_wconf 76' lang='grc' dir='ltr'><strong><em>αἷς</em></strong></span> <span class='ocrx_word' id='word_1_829' title='bbox 3770 5267 3860 5318; x_wconf 70' lang='grc' dir='ltr'><strong><em>δλι·</em></strong></span> <span class='ocrx_word' id='word_1_830' title='bbox 3910 5280 3922 5346; x_wconf 73' lang='grc'><strong>1</strong></span> 
     </span>
    </p>
   </div>
   <div class='ocr_carea' id='block_1_106' title="bbox 704 5357 2270 5438">
    <p class='ocr_par' dir='ltr' id='par_1_106' title="bbox 704 5357 2249 5427">
     <span class='ocr_line' id='line_1_107' title="bbox 704 5357 2249 5427; baseline 0.004 -17"><span class='ocrx_word' id='word_1_831' title='bbox 704 5357 1039 5427; x_wconf 86' lang='lat' dir='ltr'><strong><em>demergitur</em></strong></span> <span class='ocrx_word' id='word_1_832' title='bbox 1067 5365 1119 5411; x_wconf 90' lang='lat' dir='ltr'><strong><em>et</em></strong></span> <span class='ocrx_word' id='word_1_833' title='bbox 1142 5358 1298 5426; x_wconf 87' lang='lat' dir='ltr'><strong><em>quasi</em></strong></span> <span class='ocrx_word' id='word_1_834' title='bbox 1328 5357 1382 5410; x_wconf 93' lang='lat' dir='ltr'><strong><em>in</em></strong></span> <span class='ocrx_word' id='word_1_835' title='bbox 1415 5358 1682 5427; x_wconf 81' lang='lat' dir='ltr'><strong><em>profundo</em></strong></span> <span class='ocrx_word' id='word_1_836' title='bbox 1713 5359 1985 5424; x_wconf 86' lang='lat' dir='ltr'><strong><em>obruitur,</em></strong></span> <span class='ocrx_word' id='word_1_837' title='bbox 2029 5378 2137 5416; x_wconf 93' lang='lat' dir='ltr'><strong><em>non</em></strong></span> <span class='ocrx_word' id='word_1_838' title='bbox 2166 5361 2249 5415; x_wconf 87' lang='lat' dir='ltr'><strong><em>in-</em></strong></span> 
     </span>
    </p>
   </div>
   <div class='ocr_carea' id='block_1_107' title="bbox 2294 5357 3860 5438">
    <p class='ocr_par' dir='ltr' id='par_1_107' title="bbox 2350 5360 3860 5438">
     <span class='ocr_line' id='line_1_108' title="bbox 2350 5360 3860 5438; baseline 0.002 -23"><span class='ocrx_word' id='word_1_839' title='bbox 2350 5360 2591 5432; x_wconf 81' lang='grc' dir='ltr'><em>σθήσασα</em></span> <span class='ocrx_word' id='word_1_840' title='bbox 2620 5364 2763 5436; x_wconf 69' lang='grc' dir='ltr'><strong><em>ψυχὴ</em></strong></span> <span class='ocrx_word' id='word_1_841' title='bbox 2793 5366 3106 5436; x_wconf 79' lang='grc' dir='ltr'><em>βαπτίζεται</em></span> <span class='ocrx_word' id='word_1_842' title='bbox 3136 5369 3227 5423; x_wconf 78' lang='grc' dir='ltr'><em>καὶ</em></span> <span class='ocrx_word' id='word_1_843' title='bbox 3252 5367 3439 5438; x_wconf 86' lang='grc' dir='ltr'><em>ὥσπερ</em></span> <span class='ocrx_word' id='word_1_844' title='bbox 3468 5370 3527 5421; x_wconf 75' lang='grc' dir='ltr'><strong><em>ἐν</em></strong></span> <span class='ocrx_word' id='word_1_845' title='bbox 3555 5364 3693 5436; x_wconf 81' lang='grc' dir='ltr'><em>βυθῷ</em></span> <span class='ocrx_word' id='word_1_846' title='bbox 3727 5374 3860 5414; x_wconf 62' lang='lat' dir='ltr'><strong><em>xan-</em></strong></span> 
     </span>
    </p>
   </div>
   <div class='ocr_carea' id='block_1_108' title="bbox 699 5446 2265 5533">
    <p class='ocr_par' dir='ltr' id='par_1_108' title="bbox 699 5447 2247 5533">
     <span class='ocr_line' id='line_1_109' title="bbox 699 5447 2247 5533; baseline 0.005 -34"><span class='ocrx_word' id='word_1_847' title='bbox 699 5447 843 5516; x_wconf 83' lang='lat' dir='ltr'><strong><em>juria</em></strong></span> <span class='ocrx_word' id='word_1_848' title='bbox 878 5448 1252 5518; x_wconf 84' lang='lat' dir='ltr'><strong><em>appellaveris.</em></strong></span> <span class='ocrx_word' id='word_1_849' title='bbox 1300 5448 1401 5515; x_wconf 91' lang='lat' dir='ltr'><strong><em>Qui</em></strong></span> <span class='ocrx_word' id='word_1_850' title='bbox 1441 5449 1604 5519; x_wconf 88' lang='lat' dir='ltr'><strong><em>igitur</em></strong></span> <span class='ocrx_word' id='word_1_851' title='bbox 1644 5468 1710 5506; x_wconf 84' lang='lat' dir='ltr'><strong><em>ex</em></strong></span> <span class='ocrx_word' id='word_1_852' title='bbox 1764 5452 1852 5533; x_wconf 81' lang='lat' dir='ltr'><strong><em>bis</em></strong></span> <span class='ocrx_word' id='word_1_853' title='bbox 1903 5455 2141 5517; x_wconf 89' lang='lat' dir='ltr'><strong><em>emersit,</em></strong></span> <span class='ocrx_word' id='word_1_854' title='bbox 2194 5461 2247 5508; x_wconf 87' lang='lat' dir='ltr'><strong><em>et</em></strong></span> 
     </span>
    </p>
   </div>
   <div class='ocr_carea' id='block_1_109' title="bbox 2291 5446 3857 5533">
    <p class='ocr_par' dir='ltr' id='par_1_109' title="bbox 2348 5446 3857 5532">
     <span class='ocr_line' id='line_1_110' title="bbox 2348 5446 3857 5532; baseline -0.007 -25"><span class='ocrx_word' id='word_1_855' title='bbox 2348 5454 2649 5521; x_wconf 79' lang='grc' dir='ltr'><em>ποντοῦται,</em></span> <span class='ocrx_word' id='word_1_856' title='bbox 2684 5459 2783 5510; x_wconf 85' lang='grc' dir='ltr'><em>οὐκ</em></span> <span class='ocrx_word' id='word_1_857' title='bbox 2808 5456 2873 5511; x_wconf 84' lang='grc' dir='ltr'><strong><em>ἂν</em></strong></span> <span class='ocrx_word' id='word_1_858' title='bbox 2900 5459 3163 5532; x_wconf 81' lang='grc' dir='ltr'><em>ἁμάρτοις</em></span> <span class='ocrx_word' id='word_1_859' title='bbox 3191 5459 3456 5516; x_wconf 55' lang='lat' dir='ltr'><strong><em>claudam-&#39;0</em></strong></span> <span class='ocrx_word' id='word_1_860' title='bbox 3478 5456 3542 5528; x_wconf 81' lang='grc' dir='ltr'><strong><em>δὴ</em></strong></span> <span class='ocrx_word' id='word_1_861' title='bbox 3571 5450 3659 5509; x_wconf 78' lang='grc' dir='ltr'><em>οὖν</em></span> <span class='ocrx_word' id='word_1_862' title='bbox 3683 5454 3740 5504; x_wconf 76' lang='grc' dir='ltr'><em>ἐκ</em></span> <span class='ocrx_word' id='word_1_863' title='bbox 3758 5446 3857 5499; x_wconf 80' lang='grc' dir='ltr'><em>τού-</em></span> 
     </span>
    </p>
   </div>
   <div class='ocr_carea' id='block_1_110' title="bbox 705 5535 2271 5625">
    <p class='ocr_par' dir='ltr' id='par_1_110' title="bbox 705 5535 2245 5614">
     <span class='ocr_line' id='line_1_111' title="bbox 705 5535 2245 5614; baseline 0.006 -25"><span class='ocrx_word' id='word_1_864' title='bbox 705 5535 999 5593; x_wconf 85' lang='lat' dir='ltr'><strong><em>Salvatoris</em></strong></span> <span class='ocrx_word' id='word_1_865' title='bbox 1034 5539 1253 5593; x_wconf 69' lang='lat' dir='ltr'><strong><em>deXtcra</em></strong></span> <span class='ocrx_word' id='word_1_866' title='bbox 1272 5541 1499 5596; x_wconf 89' lang='lat' dir='ltr'><strong><em>eductus</em></strong></span> <span class='ocrx_word' id='word_1_867' title='bbox 1526 5549 1630 5601; x_wconf 83' lang='lat' dir='ltr'><strong><em>est,</em></strong></span> <span class='ocrx_word' id='word_1_868' title='bbox 1662 5557 1725 5595; x_wconf 90' lang='lat' dir='ltr'><strong><em>ac</em></strong></span> <span class='ocrx_word' id='word_1_869' title='bbox 1747 5541 1939 5597; x_wconf 90' lang='lat' dir='ltr'><strong><em>deinde</em></strong></span> <span class='ocrx_word' id='word_1_870' title='bbox 1962 5543 2026 5597; x_wconf 89' lang='lat' dir='ltr'><strong><em>ad</em></strong></span> <span class='ocrx_word' id='word_1_871' title='bbox 2058 5560 2245 5614; x_wconf 89' lang='lat' dir='ltr'><strong><em>puram</em></strong></span> 
     </span>
    </p>
   </div>
   <div class='ocr_carea' id='block_1_111' title="bbox 2290 5535 3856 5625">
    <p class='ocr_par' dir='ltr' id='par_1_111' title="bbox 2348 5543 3856 5625">
     <span class='ocr_line' id='line_1_112' title="bbox 2348 5543 3856 5625; baseline 0.001 -26"><span class='ocrx_word' id='word_1_872' title='bbox 2348 5563 2449 5600; x_wconf 90' lang='grc' dir='ltr'><em>των</em></span> <span class='ocrx_word' id='word_1_873' title='bbox 2475 5549 2772 5620; x_wconf 76' lang='grc' dir='ltr'><em>ἀνακύψας,</em></span> <span class='ocrx_word' id='word_1_874' title='bbox 2807 5553 2901 5605; x_wconf 73' lang='grc' dir='ltr'><em>καὶ</em></span> <span class='ocrx_word' id='word_1_875' title='bbox 2934 5552 3035 5606; x_wconf 78' lang='grc' dir='ltr'><strong><em>ὑπὸ</em></strong></span> <span class='ocrx_word' id='word_1_876' title='bbox 3066 5555 3163 5625; x_wconf 86' lang='grc' dir='ltr'><em>τῆς</em></span> <span class='ocrx_word' id='word_1_877' title='bbox 3194 5554 3373 5621; x_wconf 76' lang='grc' dir='ltr'><em>δεξιᾶς</em></span> <span class='ocrx_word' id='word_1_878' title='bbox 3399 5552 3493 5607; x_wconf 78' lang='grc' dir='ltr'><strong><em>τοῦ</em></strong></span> <span class='ocrx_word' id='word_1_879' title='bbox 3530 5546 3758 5617; x_wconf 80' lang='grc' dir='ltr'><em>Σωτῆρος</em></span> <span class='ocrx_word' id='word_1_880' title='bbox 3782 5543 3856 5594; x_wconf 80' lang='grc' dir='ltr'><strong><em>ἀν·</em></strong></span> 
     </span>
    </p>
   </div>
   <div class='ocr_carea' id='block_1_112' title="bbox 707 5630 2273 5719">
    <p class='ocr_par' dir='ltr' id='par_1_112' title="bbox 707 5630 2244 5704">
     <span class='ocr_line' id='line_1_113' title="bbox 707 5630 2244 5704; baseline 0.007 -24"><span class='ocrx_word' id='word_1_881' title='bbox 707 5635 755 5681; x_wconf 82' lang='lat' dir='ltr'><strong><em>et</em></strong></span> <span class='ocrx_word' id='word_1_882' title='bbox 783 5637 983 5681; x_wconf 90' lang='lat' dir='ltr'><strong><em>rectam</em></strong></span> <span class='ocrx_word' id='word_1_883' title='bbox 1024 5630 1285 5685; x_wconf 88' lang='lat' dir='ltr'><strong><em>rationem</em></strong></span> <span class='ocrx_word' id='word_1_884' title='bbox 1337 5632 1529 5687; x_wconf 67' lang='lat' dir='ltr'><strong><em>anima:</em></strong></span> <span class='ocrx_word' id='word_1_885' title='bbox 1570 5649 1681 5688; x_wconf 76' lang='lat' dir='ltr'><strong><em>sua:</em></strong></span> <span class='ocrx_word' id='word_1_886' title='bbox 1713 5634 1939 5704; x_wconf 78' lang='lat' dir='ltr'><strong><em>vestigia</em></strong></span> <span class='ocrx_word' id='word_1_887' title='bbox 1994 5635 2244 5701; x_wconf 81' lang='lat' dir='ltr'><strong><em>ﬁrmavit,</em></strong></span> 
     </span>
    </p>
   </div>
   <div class='ocr_carea' id='block_1_113' title="bbox 2289 5630 3855 5719">
    <p class='ocr_par' dir='ltr' id='par_1_113' title="bbox 2350 5633 3855 5719">
     <span class='ocr_line' id='line_1_114' title="bbox 2350 5633 3855 5719; baseline 0.009 -28"><span class='ocrx_word' id='word_1_888' title='bbox 2350 5639 2579 5711; x_wconf 69' lang='grc' dir='ltr'><em>ιμηθεὶς,</em></span> <span class='ocrx_word' id='word_1_889' title='bbox 2594 5638 2709 5698; x_wconf 83' lang='grc' dir='ltr'><em>εἶτα</em></span> <span class='ocrx_word' id='word_1_890' title='bbox 2728 5644 2907 5700; x_wconf 83' lang='grc' dir='ltr'><em>λοιπὸν</em></span> <span class='ocrx_word' id='word_1_891' title='bbox 2929 5646 2985 5699; x_wconf 75' lang='grc' dir='ltr'><strong><em>ὲν</em></strong></span> <span class='ocrx_word' id='word_1_892' title='bbox 3007 5646 3227 5719; x_wconf 80' lang='grc' dir='ltr'><em>καθαρῷ</em></span> <span class='ocrx_word' id='word_1_893' title='bbox 3245 5646 3323 5717; x_wconf 86' lang='grc' dir='ltr'><strong><em>τῷ</em></strong></span> <span class='ocrx_word' id='word_1_894' title='bbox 3341 5646 3485 5715; x_wconf 80' lang='grc' dir='ltr'><strong><em>λόγῳ</em></strong></span> <span class='ocrx_word' id='word_1_895' title='bbox 3497 5641 3591 5705; x_wconf 80' lang='grc' dir='ltr'><strong><em>τὰς</em></strong></span> <span class='ocrx_word' id='word_1_896' title='bbox 3610 5633 3855 5709; x_wconf 60' lang='grc' dir='ltr'><strong><em>τῆσψυήῖ</em></strong></span> 
     </span>
    </p>
   </div>
   <div class='ocr_carea' id='block_1_114' title="bbox 772 5781 2175 5860">
    <p class='ocr_par' dir='ltr' id='par_1_114' title="bbox 772 5781 2175 5860">
     <span class='ocr_line' id='line_1_115' title="bbox 772 5781 2175 5860; baseline 0.008 -24"><span class='ocrx_word' id='word_1_897' title='bbox 772 5785 785 5815; x_wconf 87' lang='grc'><strong>¹</strong></span> <span class='ocrx_word' id='word_1_898' title='bbox 827 5781 959 5841; x_wconf 86' lang='lat' dir='ltr'><strong><em>Luc.</em></strong></span> <span class='ocrx_word' id='word_1_899' title='bbox 992 5801 1081 5857; x_wconf 69' lang='lat' dir='ltr'><strong><em>vn,</em></strong></span> <span class='ocrx_word' id='word_1_900' title='bbox 1112 5786 1201 5841; x_wconf 72' lang='lat'><strong><em>2|.</em></strong></span> <span class='ocrx_word' id='word_1_901' title='bbox 1234 5852 1239 5853; x_wconf 18' lang='grc' dir='ltr'>ί</span> <span class='ocrx_word' id='word_1_902' title='bbox 1280 5792 1298 5823; x_wconf 79' lang='grc'><strong><em>³</em></strong></span> <span class='ocrx_word' id='word_1_903' title='bbox 1337 5791 1527 5846; x_wconf 83' lang='lat' dir='ltr'><strong><em>Matth.</em></strong></span> <span class='ocrx_word' id='word_1_904' title='bbox 1564 5807 1615 5858; x_wconf 74' lang='grc' dir='ltr'><strong><em>ν,</em></strong></span> <span class='ocrx_word' id='word_1_905' title='bbox 1655 5791 1705 5847; x_wconf 81' lang='lat'><strong><em>5.</em></strong></span> <span class='ocrx_word' id='word_1_906' title='bbox 1782 5792 1803 5824; x_wconf 91' lang='grc'>³</span> <span class='ocrx_word' id='word_1_907' title='bbox 1843 5794 2001 5849; x_wconf 81' lang='lat' dir='ltr'><strong><em>Rom.</em></strong></span> <span class='ocrx_word' id='word_1_908' title='bbox 2036 5810 2089 5860; x_wconf 79' lang='grc' dir='ltr'><em>γ,</em></span> <span class='ocrx_word' id='word_1_909' title='bbox 2123 5793 2175 5847; x_wconf 79' lang='lat'><strong><em>3.</em></strong></span> 
     </span>
    </p>
   </div>
  </div>
