3958 6340
108 628 298 683 λάκκου
323 630 727 699 ταλαιπωρίας
767 629 867 683 καί
910 628 1029 683 ἀπὸ
1072 629 1270 696 πηλοῦ
1311 631 1510 697 ἰλύος·
1540 632 1639 685 καί

109 720 329 790 ferirer
347 721 445 774 ἐπὶ
487 720 714 790 πέτραν
734 722 875 789 τοὺς
905 722 1097 787 πόδας
1121 730 1263 789 μου,
1287 722 1387 776 καί
1423 726 1642 793 κατηύ-

110 817 227 867 0m
248 811 316 867 τὰ
350 811 685 884 διαδήματὰ
720 806 856 885 μου.
894 813 1101 886 Πέτραν
1143 813 1198 866 δὲ
1243 814 1380 885 πρὸς
1409 816 1642 870 ἀντιδια-

110 904 264 976 στολὴν
297 905 387 958 τοῦ
413 905 639 978 στερεοῦ
663 906 818 977 λόγου
844 906 1087 979 θεμέλιον
1116 906 1393 978 ὀνομάζει,
1423 909 1507 978 ἐφ’
1530 909 1588 963 ὃν
1611 911 1640 963 ό

110 994 317 1067 βεϐηκὼ
335 997 500 1067 φήσει
517 1013 531 1025 ⁸
557 997 651 1062 Τίς
678 994 834 1066 ἡμᾶς
861 996 1097 1064 χωρίσει
1125 996 1243 1050 ἀπὸ
1271 996 1380 1065 τῆς
1404 996 1640 1067 ἀγάπης

108 1084 191 1139 τοῦ
212 1086 490 1155 Χριστοῦ,
532 1088 762 1156 θλίψις,
809 1087 848 1155 ἣ
880 1089 1265 1156 στενοχωρία,
1298 1089 1336 1158 ἢ
1365 1088 1637 1159 διωγμὸς,

108 1181 341 1249 ἦλιμόςς
374 1181 469 1234 καὶ
492 1179 563 1234 τὰ
592 1172 736 1252 ἑξῆς.
760 1182 833 1233 θὺ
869 1182 1026 1252 μόνον
1049 1182 1092 1235 δ’
1120 1182 1308 1254 ἔστησε
1330 1184 1456 1247 τοὺς
1480 1185 1643 1249 πόδας

109 1275 180 1327 ἐπὶ
198 1274 286 1345 τὴν
302 1274 529 1346 πέτραν,
555 1274 690 1328 ἀλλὰ
714 1276 808 1328 καὶ
836 1274 1069 1346 βαδίζειν
1091 1277 1183 1329 καὶ
1205 1273 1418 1348 τρέχειν
1440 1277 1527 1331 ἐπ’
1545 1280 1643 1331 αὐ-

107 1366 183 1434 τῆς
208 1365 288 1418 διὰ
313 1365 411 1434 τῆς
443 1364 551 1420 τῶν
585 1364 762 1421 καλῶν
795 1367 1197 1439 εὑδοκιμήσεως
1224 1370 1367 1421 ποιεῖ
1385 1386 1399 1400 ο
1421 1368 1502 1423 διὸ
1530 1372 1644 1422 ὲπι-

108 1456 252 1525 λέγει’
295 1457 403 1511 Καὶ
462 1459 796 1527 κατηύθυνε
843 1459 916 1512 τὰ
969 1458 1297 1529 διαδήματα
1340 1479 1479 1530 μου.
1512 1458 1643 1516 Εἶτα

106 1549 392 1614 ἀκολούθως,
426 1550 504 1614 ὡς
530 1550 596 1605 ἂν
629 1552 983 1623 μεταϐληθεὶς
1008 1553 1116 1607 ἀπὸ
1140 1553 1249 1605 τῶν
1274 1555 1529 1625 χειρόνων
1549 1556 1644 1609 ἐπὶ

104 1639 157 1690 τὰ
171 1641 407 1711 κρείττω,
429 1642 490 1695 τὸ
518 1642 616 1713 μὲν
642 1643 866 1697 παλαιὸν
892 1640 1062 1715 ᾆσμα,
1084 1644 1149 1697 δι’
1176 1642 1235 1701 οὗ
1264 1646 1642 1701 ἅπεκλαύσατο

104 1730 157 1781 1‘1
180 1731 230 1784 ἐν
258 1736 364 1795 τοῖς
397 1733 505 1803 πρὸ
532 1733 723 1788 τούτου
770 1734 1003 1806 ψαλμοῖς
1042 1734 1361 1807 λελέγμένα,
1396 1738 1645 1791 ἀποτίθεὲ

104 1836 202 1873 ταιο
228 1823 588 1893 ἀναλαμϐάνει
618 1826 676 1879 δὲ
703 1823 854 1898 ᾆσμα
884 1827 1068 1881 καινὸν
1111 1827 1204 1882 τοῦ
1245 1828 1514 1892 σώσαντος
1542 1830 1645 1883 αὺ-

1191 419 1638 477 COMMENTABI
1652 423 1688 479 Δ
1727 423 1791 478 lN
1831 422 2163 481 PSALMOS.

54 524 57 525 '
109 529 258 606 βάσεις
283 533 567 607 στηρίξας,
593 536 828 606 εὐλόγως
859 537 1009 607 ἑρεῖσ
1046 536 1152 590 Καὶ
1187 535 1449 605 ἀνήγαγέ
1472 553 1549 608 με
1571 538 1639 591 ἐκ

1747 514 1940 593 merito
1964 539 2112 593 dicat
2146 556 2161 592 :
2192 536 2259 591 Et
2303 538 2483 593 eduxit
2527 556 2608 593 me
2633 540 2699 595 de
2727 540 2848 595 lacu
2875 542 3103 598 miseria:
3153 552 3201 596 et
3237 542 3304 596 de

3198 430 3305 487 554

1744 629 1855 683 luto
1887 629 2055 697 facis.
2120 627 2189 682 Et
2219 629 2408 684 statuit
2443 647 2599 700 super
2633 641 2836 702 petram
2876 635 3030 702 pedes
3059 651 3224 699 meos,
3251 645 3302 690 et

1740 719 1935 774 direxit
1986 735 2193 790 gressus
2243 735 2406 775 meos.
2460 720 2669 777 Petram
2706 731 2885 777 autem
2921 724 2987 776 ad
3018 738 3306 794 compara-

1742 813 1945 867 tionem
1978 812 2121 868 firmi
2151 813 2445 877 sermonis,
2482 813 2893 870 fundamentum
2916 823 3094 879 vocat,
3114 817 3168 871 in
3192 832 3303 887 quo

1742 906 1994 977 quisquis
2024 906 2362 975 processerit
2396 907 2540 961 dicet
2582 925 2595 961 :
2637 906 2767 972 Quis
2814 924 2907 961 nos
2952 907 3221 976 separabit
3271 925 3303 961 α

1742 996 2001 1052 charitate
2032 995 2277 1052 Christi?
2312 995 2609 1061 tribulatio,
2641 1013 2709 1051 an
2739 998 3005 1067 angustia,
3057 1015 3125 1053 an
3178 1014 3299 1069 per-

1744 1090 1963 1153 secutio,
1992 1106 2059 1143 an
2092 1088 2261 1157 [ames
2284 1088 2344 1143 ‘?
2372 1096 2478 1145 ctc.
2537 1088 2657 1144 Non
2709 1090 2872 1144 modo
2927 1102 3103 1147 autem
3136 1092 3304 1161 pedes

1744 1182 1935 1236 statuit
1968 1196 2135 1251 super
2161 1190 2407 1251 petram;
2442 1180 2535 1237 sed
2567 1181 2732 1237 etiam
2763 1181 2814 1236 id
2845 1190 3085 1252 priestat,
3122 1190 3182 1237 ut
3205 1197 3305 1254 per

1742 1274 2011 1329 bonorum
2043 1273 2363 1344 dignitatem
2398 1273 2453 1327 in
2482 1288 2546 1327 ea
2576 1273 2830 1329 incedere
2876 1288 2940 1328 ac
2984 1274 3303 1345 currere_li-

1743 1372 1898 1432 ceat;
1930 1380 2109 1435 quare
2132 1366 2341 1435 adjicit,
2369 1372 2417 1419 et
2448 1364 2640 1418 direxit
2673 1380 2881 1435 gressus
2912 1381 3071 1421 meos.
3101 1364 3305 1420 Dehinc

1742 1473 1875 1512 vero
1903 1468 2328 1529 consequenter,
2362 1465 2550 1527 utpme
2580 1472 2610 1511 a
2654 1457 2932 1529 pejoribus
2965 1459 3033 1516 ad
3079 1459 3306 1534 meliora

1743 1550 2066 1613 translatus,
2101 1552 2318 1605 cantico
2352 1553 2547 1616 veteri,
2606 1568 2716 1622 quo
2765 1553 2819 1607 in
2876 1553 3307 1623 praecedentibus

1743 1642 1967 1713 psalmis
1992 1642 2231 1713 lugebat,
2260 1642 2530 1712 deposito,
2579 1657 2779 1697 novum
2832 1645 3108 1698 canticum
3158 1658 3310 1701 assu-

1744 1733 1861 1795 mit.
1895 1731 2015 1803 ejus
2045 1734 2254 1789 scilicet
2284 1735 2377 1802 qui
2430 1734 2667 1789 servavit
2722 1748 2868 1797 eum,
2924 1741 2978 1787 et
3032 1734 3309 1787 canticum

1745 1824 2115 1895 hymnumque
2160 1840 2361 1881 novum
2396 1825 2450 1879 in
2483 1840 2546 1880 os
2597 1825 2717 1894 ejus
2749 1824 3009 1890 immisit;
3051 1825 3309 1894 exuitque

104 1913 193 1975 τὸν,
211 1915 296 1967 καὶ
317 1916 678 1985 ἐμϐάλλοντος
700 1920 779 1982 είς
808 1919 867 1972 τὸ
893 1920 1065 1991 στόμα
1091 1920 1254 1974 αὐτοῦ
1285 1922 1467 1975 καινὸν
1492 1917 1644 1994 ᾆσμα

1747 1927 1978 1972 veterem
2004 1918 2276 1973 hominem
2306 1934 2430 1972 cum
2459 1917 2718 1989 operibus
2741 1918 2882 1987 ejus,
2918 1930 2972 1973 et
3000 1918 3176 1972 induit
3210 1934 3303 1972 no-

105 2006 179 2056 καὶ
192 2002 362 2074 ὕμνον,
380 2006 791 2079 ἀποδυσαμένου
826 2010 917 2063 τὸν
952 2011 1177 2065 παλαιὸν
1216 2011 1501 2082 ἄνθρωπον
1546 2014 1642 2066 σὺν

104 2100 200 2161 ταῖς
241 2098 497 2169 πράξεσιν
555 2099 740 2165 αὑτοῦ,
777 2102 1136 2174 ὲνδυσαμένου
1169 2104 1227 2158 δὲ
1266 2104 1358 2158 τὸν
1402 2105 1520 2159 νέον
1552 2104 1643 2158 τὸν

62 2190 79 2219 ⁸-
104 2191 530 2263 ἀνακαινούμενον
563 2195 681 2248 κατ’
708 2193 1001 2263 ἐπίγνωσιν
1031 2196 1123 2249 τοῦ
1150 2195 1305 2249 Θεοῦ.
1338 2191 1471 2251 Εἶτα
1507 2198 1643 2268 μετὰ

104 2283 250 2339 πάντα
280 2285 454 2341 ταῦτα
486 2286 789 2359 ὑπόδειγμα
831 2287 1043 2352 πολλοῖς
1080 2290 1309 2357 γίνεται,
1346 2290 1422 2354 ὠς
1453 2289 1517 2344 ἂν
1550 2292 1644 2344 καὶ

42 2374 43 2425 ξ
102 2374 267 2447 ἕτεροι,
294 2377 391 2449 τὴν
422 2376 722 2449 μεταϐολὴν
750 2378 912 2431 αὐτοῦ
946 2377 1229 2449 θεώμενοι,
1257 2380 1479 2445 ἐλπίδας
1504 2383 1644 2451 ἀγα-

100 2469 182 2534 θὰς
206 2470 538 2535 ἀναλάϐοιεν,
572 2470 666 2524 καὶ
710 2470 811 2541 τὴν
851 2469 959 2523 ἀπὸ
1000 2468 1108 2521 τῶν
1156 2471 1413 2541 χειρόνων
1444 2473 1535 2525 ἐπὶ
1575 2473 1644 2527 τὰ

101 2562 303 2635 κρείττω
334 2564 651 2634 ποιήσαιντο
674 2562 971 2633 μεταϐολήν
992 2579 1003 2592 ι
1031 2560 1109 2615 διό
1138 2578 1299 2633 φησιν
1319 2580 1333 2594 ’
1364 2566 1643 2633 Ὄψονται

42 2694 45 2701 ,
100 2654 287 2708 πολλοὶ
318 2655 418 2708 καὶ
449 2654 911 2723 φοϐηθήσονται,
938 2653 1035 2706 καὶ
1064 2653 1384 2707 ἐλπιοῦσιν
1405 2655 1503 2707 ἐπὶ
1528 2656 1641 2708 Κύ-

40 2912 45 2941 l

40 3026 49 3045 ι

40 3054 59 3077 εἴ

40 3090 53 3117 ι

95 2765 222 2815 pter.
246 2748 308 2801 Τί
339 2747 398 2800 δὲ
431 2746 689 2817 δψονταις
723 2745 863 2800 Αὐτὸ
908 2744 1083 2811 τοῦτο,
1112 2748 1295 2818 φησὶν,
1326 2747 1403 2810 ὡς
1430 2750 1512 2811 είς
1545 2747 1640 2817 βά-

101 2840 175 2904 θος
194 2839 416 2914 ἐλήλυθα
441 2840 645 2905 κακῶν,
671 2841 765 2894 καλ⁵
792 2840 872 2903 εἰς
901 2838 991 2892 τὸν
1013 2838 1212 2893 λάκκον
1241 2840 1334 2892 καὶ
1359 2839 1449 2893 τὸν
1474 2840 1642 2909 πηλὸν

100 3027 277 3100 πέτραν
323 3028 487 3101 ἔστην
532 3028 629 3082 καὶ
676 3023 1019 3098 κατηυθύνθη
1063 3024 1133 3078 τὰ.
1177 3023 1489 3096 διαϐήματά
1525 3041 1645 3096 μου,

99 3121 176 3173 καὶ
198 3120 434 3193 ᾄσματος
462 3116 809 3189 κατηξιώθην
842 3114 1051 3170 καινοῦ.
1087 3113 1275 3169 Ταῦτα
1312 3113 1419 3187 γὰρ
1444 3115 1493 3168 οἰ
1522 3116 1650 3171 πολ-

100 3303 283 3371 tawoic
307 3304 718 3377 ὑπογράφουσιν
743 3302 955 3359 ἐλπίδα.

96 3584 287 3650 μανίας
318 3581 664 3652 «mussare
689 3580 779 3635 διὰ
817 3582 1012 3653 πείρας
1058 3581 1227 3635 ἐλθὼν
1254 3582 1353 3652 τῆς
1382 3581 1476 3635 τοῦ
1512 3581 1648 3636 Θεοῦ

104 3674 293 3747 χάριτος
323 3678 442 3740 τοῖς
480 3676 618 3728 πᾶσι
642 3672 900 3746 κηρύττει
930 3673 1030 3738 τὰς
1059 3676 1138 3738 εἰς
1166 3672 1329 3727 αὑτὸν
1353 3674 1649 3744 γενομένας

102 3768 410 3840 dentatae,
446 3767 708 3840 προφέρει
737 3785 798 3821 τε
828 3766 1119 3839 καθολικὴν
1149 3767 1420 3835 ἀπόφασιν
1450 3767 1514 3819 ὲκ
1540 3766 1648 3819 τῶν
1676 3798 1682 3803 ~

103 3861 214 3934 περὶ
256 3862 418 3917 αὑτὸν
452 3861 794 3934 συμϐάντων,
824 3860 1107 3925 διδάσκων,
1138 3860 1219 3913 ὄντι
1261 3861 1393 3913 πᾶσι
1424 3858 1648 3913 δυνατὸν

101 3952 377 4027 ἀνθρώποις
410 3952 522 4007 τῶν
569 3951 769 4022 ὁμοίων
818 3952 966 4024 αὐτῷ
1010 3953 1211 4023 τυχεῖν.
1245 3951 1318 4003 Οὐ
1360 3948 1469 4022 γὰρ
1512 3947 1644 4017 ἐγὼ,

104 4048 440 4118 φηῴμόνος,
464 4044 719 4100 τοιούτων
764 4044 1033 4111 ἀξιωθεὶς,
1070 4043 1187 4114 εἴην
1232 4042 1297 4097 ἂν
1345 4041 1607 4113 μακάριος
1630 4057 1643 4070 ·

105 4138 320 4196 inuitat
342 4141 402 4196 δὲ
429 4142 543 4204 τοῖς
567 4139 731 4193 πᾶσιν
756 4141 792 4209 ἡ
813 4137 951 4209 αὐτὴ
981 4137 1120 4201 ὁδὸς,
1154 4137 1247 4191 καὶ
1280 4136 1341 4191 οὐ
1380 4136 1490 4189 τισὶ
1529 4135 1645 4206 μὲν,

103 4233 270 4288 τισι*δὲ
296 4232 379 4288 οὖν.
408 4234 525 4297 Πᾶς
561 4226 653 4285 οὖν
681 4231 711 4283 ὁ
738 4228 835 4301 τὴν
872 4227 1060 4282 ἐλπίδα
1086 4227 1247 4283 αὑτοῦ
1274 4227 1365 4281 ἐπὶ
1391 4227 1483 4280 τὸν
1518 4225 1649 4281 Θεὸν

90 4320 355 4399 ’ἀναθήσας
383 4326 487 4380 οὐκ
516 4323 866 4378 ἀποπεσεῖται
910 4318 1004 4373 τοῦ
1049 4318 1419 4391 μακαρισμοῦ,
1448 4312 1509 4373 οὗ
1557 4317 1651 4371 καὶ

72 4418 75 4423 ’
106 4417 244 4484 ωεηδς
266 4418 631 4492 κατηξιώθην.
662 4413 973 4485 Ματαιότης
1005 4411 1059 4465 δὲ
1090 4413 1184 4467 καὶ
1213 4413 1398 4485 μανίαι
1438 4412 1651 4483 ψευδεῖς

107 4513 256 4568 πᾶσαι
275 4514 332 4568 αἱ
363 4514 496 4585 περὶ
520 4513 590 4567 τὰ
620 4509 929 4582 πρόσκαιρα
965 4506 1059 4559 καὶ
1094 4506 1295 4577 μάταια
1326 4506 1649 4577 τυγχάνουσι

58 4596 63 4681 7i
108 4606 325 4661 σπουδαῖ’
348 4605 934 4681 ἐπείπερΜαταιότης
955 4598 1385 4670 ματαιοτήτων,
1417 4599 1490 4653 τὰ
1506 4596 1651 4652 πάν-

68 4702 169 4771 ξτα
206 4702 556 4771 ματαιότης·
608 4698 703 4753 καὶ
747 4695 835 4752 διὰ
879 4694 987 4748 τῶν
1038 4692 1346 4764 ἔμπροσθεν
1393 4693 1646 4761 ἐλέγετοο

72 4756 79 4863 ἶ
108 4756 258 4863 alii?
295 4795 368 4849 τὰ
414 4756 615 4847 κόττα
648 4790 989 4862 ματαιότης,
1019 4756 1135 4851 alio
1156 4756 1468 4859 ἅνθρωπος
1629 4799 1644 4812 ⁸

1752 4802 1871 4841 rum
1904 4801 1915 4836 :
1948 4783 2315 4837 Verumtamen
2346 4796 2474 4833 vane
2513 4777 2916 4834 conturbantur.
2970 4778 3315 4834 Thesaurizat

108 4882 190 4938 καὶ
214 4886 365 4941 πάλιν
384 4903 398 4917 ·
420 4886 597 4954 Πλὴν
615 4883 816 4954 μάτην
839 4878 1260 4950 ταράσσονται.
1281 4875 1648 4943 Θησαυρίζει,

72 5002 79 5052 ξ
110 4976 197 5031 ω
239 4983 310 5036 οὒ
357 4978 639 5052 γινώσκει
683 4978 799 5031 τίνι
845 4972 1095 5037 συνάξει
1128 4968 1331 5024 ταῦτα.
1366 4968 1563 5023 Μανίαι
1595 4970 1651 5024 δὲ

109 5068 300 5141 ψευδεῖς
324 5075 382 5127 ai
406 5074 488 5136 είς
520 5069 677 5124 κενὸν
706 5070 801 5123 καὶ
831 5068 1057 5140 μάταιον
1087 5061 1509 5132 σπουδαζόμεναι
1539 5065 1651 5125 τοῖς

112 5162 301 5230 una;
325 5148 843 5239 φροντίδεςξὪσπερ
891 5155 984 5214 οὖν
1036 5155 1198 5230 μανία
1231 5151 1460 5225 σώφρων
1494 5155 1526 5225 ἡ
1558 5154 1648 5207 τοῦ

112 5258 349 5331 πρόπας
380 5257 497 5330 βίου
531 5256 1008 5322 κατεξανάστασις,
1033 5254 1099 5308 δι’
1130 5252 1195 5322 ἢν
1219 5247 1314 5302 καὶ
1358 5247 1648 5313 ὲξεστῶτες

110 5347 390 5422 δοιάζοντο
435 5350 552 5415 τοῖς
596 5346 808 5410 πολλοῖς
838 5347 886 5399 οἱ
917 5344 1011 5397 τοῦ
1044 5339 1177 5395 Θεοῦ
1216 5335 1507 5410 προφῆται.
1552 5338 1615 5388 Σε

115 5442 343 5513 manus
364 5440 413 5494 δ’
435 5440 530 5493 ἐπὶ
560 5441 629 5511 τῇ
655 5437 881 5512 τοιαύτῃ
904 5437 1157 5514 ἐκστάσει
1184 5431 1355 5501 λέγων
1375 5430 1404 5483 ό
1423 5428 1644 5493 δίκαιοςο

121 5533 341 5611 ἐτῦδὲ
368 5528 511 5587 εἶπα
552 5531 623 5586 ὲν
667 5529 741 5598 τῇ
767 5530 1052 5584 ἐκστάσει
1078 5543 1229 5599 μου’
1266 5520 1392 5589 Πᾶς
1430 5521 1651 5591 ἅνθρω-

112 5642 207 5698 Ioc
225 5629 525 5700 ψεύστης·
556 5624 649 5678 καὶ
690 5623 720 5676 ό
762 5620 1077 5684 Ἀπόστολος
1102 5621 1158 5673 δὲ
1188 5616 1342 5671 τοῦτο
1372 5612 1649 5677 πεπονθὼς

110 5704 293 5792 Ωιγινό
323 5722 461 5778 Elte-
489 5717 599 5789 τὰρ
630 5712 960 5783 ἐξέστημεν
983 5712 1123 5779 Θεῷ,
1152 5711 1270 5766 εἴτε
1299 5704 1627 5776 σωφρονοῧ

109 5830 200 5876 aer
223 5816 379 5887 ὑμῖν.

1747 2026 1895 2075 vum,
1925 2010 2040 2065 sive
2063 2017 2382 2064 renovatum
2424 2025 2521 2080 per
2566 2009 2850 2065 scientiam
2901 2008 3016 2063 Dei.
3052 2009 3164 2063 Suh
3194 2008 3307 2062 haec

1748 2112 1926 2158 autem
1957 2102 2162 2167 omnia,
2193 2103 2245 2156 in
2281 2102 2585 2173 exemplum
2619 2101 2804 2155 multis
2838 2104 3073 2169 ponitur,
3129 2102 3201 2157 ita
3250 2110 3310 2157 ut

1749 2194 1841 2249 alii
1876 2210 2117 2265 quoque,
2152 2203 2446 2266 conspecta
2478 2194 2598 2265 ejus
2628 2194 2952 2258 mutatione,
3007 2209 3156 2265 spem
3211 2209 3310 2250 su—

1748 2294 1901 2340 mant
1928 2288 2146 2353 bonam,
2176 2294 2230 2342 et
2259 2302 2289 2341 a
2320 2287 2598 2358 peioribus
2637 2288 2705 2343 ad
2733 2287 2957 2343 meliora
2989 2302 3107 2343 sese
3129 2287 3313 2341 tradu-

1749 2387 1913 2433 cant:
1947 2396 2116 2450 quare
2149 2380 2245 2443 ait,
2272 2382 2513 2436 videbunt
2540 2381 2693 2435 multi
2726 2392 2777 2437 et
2815 2381 3087 2441 timebunt,
3122 2388 3171 2433 et
3202 2393 3333 2447 ερε-
3386 2438 3387 2441 η

1750 2470 1943 2525 rabunt
1996 2473 2053 2526 in
2098 2468 2351 2528 Domino.
2397 2472 2666 2540 Quidnam
2701 2472 2996 2528 videbunt?
3052 2472 3309 2543 ldipsum,

1747 2562 1944 2633 inquit,
1968 2568 2077 2634 (ιυο
2100 2574 2260 2635 pacto
2282 2567 2335 2621 in
2360 2566 2689 2638 profundum
2724 2568 3014 2631 malorum,
3042 2567 3093 2620 in
3132 2567 3307 2619 lacum

1746 2654 1975 2710 miserias
2004 2665 2059 2711 et
2086 2658 2141 2710 in
2176 2658 2349 2713 lutum
2392 2657 2540 2713 faecis
2584 2660 2869 2715 demersus
2912 2674 3033 2713 cum
3075 2656 3268 2711 fuerim
3294 2694 3312 2721 ,

1746 2745 1873 2801 inde
1903 2745 1997 2801 Dei
2027 2748 2200 2818 gratia
2222 2748 2474 2813 eductus,
2521 2766 2684 2820 super
2714 2760 2919 2821 petram
2949 2750 3191 2805 steterim
3210 2789 3225 2813 ,
3256 2757 3310 2803 et

1748 2854 1971 2910 gressus
2000 2840 2106 2895 mei
2133 2840 2325 2895 directi
2365 2840 2587 2905 fuerint,
2623 2857 2685 2896 ac
2720 2858 2862 2896 novo
2892 2844 3106 2896 cantico
3137 2842 3311 2896 dona—

40 2929 49 3003 ί
98 2934 179 3003 τῆς
200 2934 333 2999 ilio;
352 2953 367 2965 ·
389 2932 643 2989 κάκεῖθεν
667 2931 800 2986 Θεοῦ
832 2932 1011 3004 χάριτι
1040 2929 1407 2996 ἀνελκυσθεὶς,
1432 2932 1523 2985 ἐπὶ
1546 2931 1643 3003 τὴν

1751 2940 1840 2989 tus
1869 2934 1994 2988 sim.
2021 2932 2119 2990 [iis
2150 2934 2479 3005 conspectis,
2509 2934 2708 3005 inquit.
2740 2933 2891 2988 multi
2922 2933 3169 2987 timorem
3196 2930 3313 2993 Dei,

1751 3026 1819 3081 de
1842 3041 1951 3098 quo
1979 3026 2185 3081 dictum
2217 3025 2551 3093 est,1nitium
2574 3027 2846 3096 sapientia:
2872 3027 3032 3078 timor
3051 3022 3314 3088 Domini,‘

1754 3120 2045 3189 accipient,
2076 3120 2420 3192 similemque
2458 3121 2561 3177 sibi
2596 3136 2744 3193 spem
2775 3119 3069 3175 ascribent.

100 3209 165 3264 ὶοὶ
191 3212 506 3286 θεασάμενοι
562 3210 725 3281 φόϐον
754 3208 912 3275 Θεοῦ,
956 3209 1084 3281 περὶ
1115 3202 1175 3263 οὗ
1212 3208 1477 3273 λέλεκται,
1530 3209 1701 3280 Ἀρχὴ
1739 3215 1960 3285 σοφίας
2003 3217 2188 3286 φόϐος
2235 3215 2401 3281 Θεοῦ,
2445 3214 2822 3287 ἀναλήψονται,
2858 3212 2951 3266 καὶ
2996 3209 3093 3263 τὴν
3125 3206 3316 3280 ὁμοίαν

40 3312 55 3349 i
100 3312 283 3349 humi:
307 3312 718 3349 ὑπηνηάὠουσιν
743 3312 955 3349 ἐλπίδα,
1812 3314 1823 3322 ⁸
2556 3319 2560 3323 “

154 3374 649 3468 Μακάριος-ἀνέθη),
678 3393 751 3454 οὗ
777 3398 910 3452 ἐστι
935 3397 1001 3451 τὸ
1024 3397 1210 3468 ὄνομα
1232 3374 1452 3466 Κυρίου
1479 3397 1644 3464 ἐλπὶς

1827 3393 1992 3449 Vens.
2025 3392 2079 3449 5.
2110 3393 2306 3448 Beatus
2344 3392 2424 3447 vir
2457 3390 2608 3460 cujus
2635 3399 2713 3443 est
2741 3407 2925 3445 nomen
2956 3390 3169 3447 Domini
3201 3411 3317 3462 spes

48 3488 51 3547 ί
99 3490 278 3556 αὐτοῦ,
311 3492 410 3545 καὶ
466 3493 581 3544 οὐκ
623 3488 956 3557 ἐπέϐλεψεν
993 3492 1082 3555 είς
1114 3492 1512 3558 ματαιότητας
1534 3490 1646 3551 ,καὶ

1750 3488 1885 3557 ejus,
1916 3497 1965 3542 et
1992 3504 2095 3541 non
2135 3486 2360 3555 respexit
2392 3485 2448 3537 in
2490 3484 2750 3537 vanitates
2779 3495 2828 3537 et
2857 3486 3098 3540 insanias
3122 3489 3315 3556 falsas.

1749 3576 1852 3642 Qui
1891 3578 2088 3631 divina:
2124 3576 2314 3647 gratiae
2338 3574 2769 3643 experimentum
2810 3576 3017 3640 habuit,
3060 3579 3164 3632 sibi
3202 3581 3318 3634 col-

1750 3671 1855 3723 lata
1888 3669 2149 3725 beneficia
2192 3665 2448 3721 omnibus
2488 3664 2766 3735 praedicat,
2798 3675 2959 3735 atque
2986 3682 3051 3721 ex
3092 3668 3159 3724 iis
3194 3686 3317 3741 quae

1748 3762 1851 3819 sibi
1898 3760 2247 3831 contigerunt
2296 3757 2657 3813 universalem
2709 3757 2916 3828 profert
2965 3761 3314 3831 sententiam,

1747 3852 1949 3905 docens
1976 3864 2166 3903 omnes
2191 3847 2439 3904 homines
2469 3848 2621 3919 paria
2642 3864 2827 3904 secum
2852 3850 3101 3908 'Obtinere
3130 3868 3312 3923 posse.

1746 3943 1933 4014 Neque
1954 3943 2097 4007 enim
2122 3956 2223 4011 ego
2247 3941 2418 4005 solus,
2439 3942 2534 4005 ait,
2568 3942 2699 3997 talia
2725 3951 2941 4008 nactus,
2974 3947 3167 4003 beatus
3195 3949 3315 4005 fue-

1745 4037 1891 4102 rim;
1945 4034 2043 4091 sed
2077 4035 2333 4092 omnibus
2377 4051 2440 4091 ea
2477 4036 2594 4107 ipsa
2632 4034 2727 4089 via’
2751 4040 2918 4107 patet,
2949 4056 3049 4095 nec
3090 4042 3319 4111 quibus-

1747 4127 1872 4183 dam
1907 4136 2091 4200 aperta
2123 4135 2229 4196 est,
2272 4128 2395 4185 aliis
2436 4122 2567 4184 vero
2596 4128 2841 4186 minimc.
2884 4132 3148 4205 Quisquis
3185 4148 3317 4205 ergo

1748 4238 1899 4297 spem
1929 4224 1985 4277 in
2020 4221 2129 4279 Deo
2165 4224 2434 4294 reposuit,
2483 4236 2513 4277 a
2545 4223 2881 4279 beatitudine
2920 4226 3033 4289 illa,
3066 4241 3172 4296 qua
3215 4244 3316 4298 ego

1748 4321 2007 4390 dignatus
2040 4334 2185 4383 sum,
2220 4334 2329 4372 non
2367 4318 2599 4374 labetur.
2631 4317 2855 4372 Vanitas
2883 4325 3061 4371 autem
3086 4326 3141 4374 et
3168 4319 3315 4375 insa-

1748 4413 1855 4467 nia:
1880 4411 2028 4467 falsa:
2058 4419 2205 4475 sunt,
2244 4425 2434 4464 omnes
2474 4416 2949 4478 temporanearum
2980 4417 3034 4462 et
3082 4407 3315 4473 futilium

1751 4522 1930 4562 rerum
1984 4520 2148 4561 curm.
2206 4490 2657 4571 Quandoquidem
2722 4500 2925 4555 vanitas
2989 4501 3313 4567 vanitatum,

1751 4600 1929 4655 omnia
1958 4599 2163 4653 uanitas
2199 4597 2219 4627 ⁸
2251 4613 2266 4661 ;
2302 4609 2364 4649 ac
2396 4593 2647 4662 superius
2694 4592 2902 4647 dictum
2930 4605 3015 4649 est
3048 4609 3061 4645 :
3103 4594 3319 4650 Verum-

1754 4703 1925 4747 tamen
1964 4691 2204 4743 universa
2236 4687 2462 4750 uanitas,
2493 4685 2661 4740 omnis
2694 4683 2846 4738 homo
2882 4685 3084 4751 vivens;
3116 4696 3172 4742 et
3213 4687 3315 4742 itev

1749 4891 1800 4935 et
1830 4881 2033 4950 ignorat
2064 4874 2149 4928 cui
2180 4871 2513 4944 congregabit
2540 4889 2622 4927 ea.
2667 4860 2948 4929 Vanitates
2984 4872 3150 4940 falsa,
3187 4882 3315 4929 sunt

1754 4973 1917 5027 irrita:
1950 4984 2013 5022 ac
2048 4968 2267 5023 inutiles
2306 4980 2337 5020 a
2370 4965 2556 5021 multis
2598 4972 2864 5034 suscepta:
2896 4964 3311 5020 sollicitudines.

1752 5062 1920 5134 igitur
1958 5057 2169 5113 vanitas
2219 5057 2460 5129 prudens
2490 5063 2575 5111 est
2604 5054 2760 5124 quasi
2800 5054 3134 5109 renuntiatio
3178 5070 3315 5125 prm-

1752 5154 1921 5212 sentis
1949 5154 2092 5217 vitae,
2132 5152 2203 5207 ob
2241 5168 2405 5224 quam
2450 5151 2729 5222 prophetae
2762 5148 2855 5203 Dei
2897 5148 3081 5201 multis
3119 5160 3311 5201 exces-

1752 5249 1892 5303 sisse
1918 5252 2097 5301 mente
2119 5244 2461 5301 videbantur.
2493 5242 2568 5298 De
2596 5242 2701 5297 hoc
2733 5246 2909 5295 autem
2938 5252 3167 5293 excessu
3196 5238 3310 5308 διο·

1751 5341 1923 5396 riatur
1973 5338 2159 5409 justus
2199 5338 2387 5395 dicens
2431 5356 2443 5391 :
2498 5336 2609 5408 Ego
2639 5344 2812 5389 autem
2851 5330 2966 5383 dixi
3008 5329 3065 5382 in
3096 5343 3310 5383 excessu

1748 5414 1887 5497 meo,
1914 5430 2084 5486 omnis
2114 5432 2269 5487 homo
2302 5428 2530 5485 mendax
2556 5430 2598 5485 ".
2631 5422 3029 5497 Apostolusque
3070 5421 3309 5491 idipsum

1750 5540 1945 5598 passus
1977 5523 2193 5580 dicebat
2234 5544 2245 5580 :
2283 5523 2402 5579 Sive
2431 5524 2572 5578 enim
2614 5528 2779 5575 mente
2819 5514 3143 5579 assedimus,
3173 5511 3309 5581 Deo,

1750 5619 1856 5673 sive
1883 5608 2047 5672 sobrii
2090 5633 2293 5682 sumus,
2327 5617 2468 5673 vobis
2500 5616 2542 5669 ⁸.

164 5935 187 5967 ⁸
214 5933 370 5993 Rom.
400 5949 521 6003 vui,
552 5930 641 5987 35.
719 5928 740 5961 ³
777 5925 923 5984 Psal.
958 5940 1059 5994 cx,
1092 5925 1179 5982 10.
1257 5922 1277 5954 ⁸
1316 5918 1498 5978 Eccle.
1539 5915 1644 5989 ιβ

1752 5914 1771 5948 ⁷
1810 5910 1954 5970 Psal.
1989 5926 2125 5979 ειν,
2166 5891 2251 5965 ll.
2331 5906 2352 5940 ⁸
2389 5905 2431 5962 ll
2463 5902 2588 5961 Cor.
2624 5917 2691 5970 ν,
2728 5899 2813 5957 15.
