3958 6340
648 401 755 457 B55
1323 390 1588 451 EUSEBll
1628 389 2100 451 CESARIENSlS
2135 389 2221 445 ΟΡ

2325 390 2503 446 PARS
2534 390 2622 447 lll.
2654 422 2721 432 —
2740 390 3161 448 ’EXEGETICA.
3770 386 3864 443 556

720 514 890 569 Vna.
930 511 1047 566 6—9.
1078 507 1251 565 Multa
1285 506 1454 579 fecisti
1478 472 1575 581 "tu,
1622 506 1843 560 Domine
1881 472 2017 559 Deus
2042 520 2206 571 meus,

2378 505 2584 560 Πολλὰ
2607 506 2897 574 ἐποίησας
2925 505 3032 572 σὺ,-
3053 496 3227 573 Κύριε
3249 504 3283 559 δ
3308 503 3453 571 Θεός
3473 512 3616 574 μου,
3638 504 3717 558 τὰ
3737 506 3865 557 Dav-

648 605 917 660 mirabilia
974 612 1083 657 tua.
1143 601 1247 669 Qui
1300 600 1507 661 variam
1557 598 1703 652 illam
1744 596 1840 652 Dei
1893 596 2212 667 sapientiam

648 700 764 755 sive
816 700 869 752 in
923 695 1193 751 universis
1252 691 1505 763 opiﬁciis,
1564 689 1679 745 sive
1722 688 1778 743 in
1840 688 2110 757 singulis,
2157 687 2212 740 in

648 789 958 851 sencilihus,
994 796 1049 842 et
1078 789 1134 842 in
1190 786 1259 841 iis
1285 798 1407 855 qua:
1461 791 1640 839 mente
1682 781 2062 854 percipiuntur
2096 778 2215 831 ani-

648 882 1024 944 madverterit,
1053 881 1107 935 in
1137 885 1415 947 stuporem
1455 876 1683 932 veniens
1712 875 1784 929 ob
1816 874 2087 944 ingentem
2118 870 2212 927 Dei

650 976 1024 1031 universorum
1063 979 1407 1043 potestatem,
1436 982 1571 1025 sane
1604 968 1803 1037 dixerit
1834 986 1861 1029 :_
1881 964 2052 1018 Multa
2082 964 2213 1033 facie

644 1070 715 1123 sti
741 1076 817 1136 tu,
852 1067 1075 1121 Domine
1111 1062 1248 1118 Deus
1279 1072 1445 1122 meus.
1480 1060 1750 1115 mirabilia
1782 1068 1894 1114 tua.
1919 1056 2025 1112 Sed
2052 1057 2213 1116 etiam

645 1160 962 1230 ponderatis
1012 1157 1342 1213 universalis
1394 1157 1541 1211 illius
1580 1152 1937 1226 providentia:
1990 1149 2216 1205 rationi-

645 1250 772 1314 bus,
806 1250 962 1320 qUeis
983 1249 1168 1303 omnia
1214 1246 1581 1311 administrat,
1632 1260 1754 1300 cum
1798 1241 2215 1314 deprehenderit

648 1343 1227 1413 incomprehensibiles
1260 1357 1358 1398 eas
1387 1356 1532 1401 esse.
1581 1340 1697 1395 lucc
1738 1339 1956 1407 adjiciet
1990 1356 2003 1390 :
2030 1335 2099 1389 Et
2126 1352 2215 1389 co-

648 1432 989 1504 gitationibus
1022 1436 1125 1501 tuis
1160 1450 1265 1488 non
1305 1442 1383 1488 est
1420 1433 1511 1503 qui
1551 1430 1740 1488 similis
1774 1430 1843 1483 sit
1882 1427 1995 1484 tibi.
2027 1426 2214 1493 Qualis

648 1532 767 1580 erat
793 1526 841 1581 is
866 1526 956 1596 qui
988 1524 1205 1580 dicebat
1234 1544 1247 1580 :
1279 1523 1323 1580 Ο
1358 1522 1584 1577 altitudo
1608 1522 1915 1576 divitiarum
1944 1519 2216 1589 sapientiae

647 1626 697 1671 et
724 1616 962 1677 scientia:
983 1616 1082 1670 Dei
1092 1617 1113 1670 .'
1151 1632 1309 1687 quam
1338 1612 1880 1683 incomprehensibilia
1912 1619 2033 1664 sunt
2054 1599 2217 1679 judi-

646 1712 731 1765 cia
756 1711 893 1781 ejus,
919 1717 967 1765 et
990 1708 1370 1779 investigabiles
1402 1707 1499 1762 vita
1531 1706 1644 1777 ejus
1666 1707 1718 1759 ’l
1752 1703 1811 1759 In
1844 1704 2097 1775 praesnti
2129 1716 2219 1754 au-

644 1811 755 1857 tem
798 1801 965 1857 David
1014 1816 1114 1871 pro
1160 1799 1564 1871 opportunitate
1611 1799 1711 1853 has
1757 1795 1982 1869 protulit
2019 1809 2214 1858 voces,

643 1907 768 1949 cum
791 1908 822 1948 e
852 1907 912 1948 re
944 1900 1096 1963 gesta
1119 1890 1454 1959 edidicisset,
1482 1904 1625 1944 novo
1645 1888 1879 1958 quodam
1908 1886 2091 1947 modo,
2117 1884 2218 1939 sci-

645 1985 772 2042 licet
812 2000 907 2056 per
946 1971 1356 2054 obsequentiam
1389 1982 1591 2036 divinis
1639 1979 1849 2049 legibus
1893 1977 2215 2040 exhibitam,

645 2089 921 2135 servatum
949 2092 1008 2133 se
1036 2075 1230 2130 fuisse.
1256 2073 1469 2127 Atenini
1502 2087 1598 2141 per
1628 2070 1869 2141 Moysem
1898 2069 2024 2123 olim
2050 2066 2219 2122 sacri-

647 2171 771 2226 ticia
800 2178 853 2225 et
879 2168 1197 2223 holocausta
1231 2179 1331 2235 pro
1368 2164 1609 2234 peccatis
1637 2161 1821 2216 offer-ri
1849 2161 2065 2230 jussum
2108 2156 2222 2212 fue-

648 2269 769 2325 rat;
804 2273 952 2313 nunc
999 2272 1129 2312 vero
1165 2271 1339 2309 novus
1368 2253 1607 2308 traditur
1637 2252 1833 2309 salutis
1873 2249 2071 2305 modus
2102 2248 2220 2303 sine

651 2348 937 2407 sacriﬁciis
961 2356 1013 2403 et
1036 2345 1395 2423 hologauslis.
1425 2342 1590 2397 Docet
1631 2355 1795 2412 porro
1820 2345 2074 2395 sexcenta
2100 2351 2221 2393 esse

651 2440 721 2495 ad
744 2439 973 2496 salutem
999 2436 1258 2503 remedia,
1290 2449 1411 2505 quae
1427 2433 1519 2488 Dei
1536 2432 1709 2504 gratia
1743 2428 2056 2484 hominibus
2079 2427 2221 2482 elar-

645 2531 757 2603 gita
790 2537 891 2585 est.
925 2528 1111 2607 Neque
1163 2543 1265 2598 pro,
1286 2525 1548 2597 dignitate
1580 2524 1655 2578 rei
1686 2521 1818 2588 dici,
1845 2536 2022 2591 neque
2042 2525 2223 2574 mente

646 2624 861 2694 concipi
887 2604 1065 2693 potest
1089 2620 1380 2675 multitudo
1409 2616 1798 2688 cogitationum
1827 2612 1942 2668 Dei.
1962 2611 2221 2684 Symma-

646 2716 788 2772 chus
840 2731 1019 2771 vero:
1060 2712 1364 2777 Permulta,
1418 2709 1616 2781 inquit,
1667 2708 1836 2777 fecisti
1890 2716 1966 2772 tu,
2005 2704 2221 2757 Domine

649 2807 791 2862 Deus
831 2822 997 2870 meus,
1031 2802 1274 2874 prodigia
1324 2815 1438 2865 tua,
1484 2810 1533 2854 et
1580 2797 1919 2869 cogitationes
1966 2804 2086 2847 tuas
2126 2807 2221 2859 pro

648 2900 801 2955 nobis
833 2915 935 2952 non
969 2896 1216 2966 possibile
1243 2903 1321 2949 est
1341 2906 1595 2963 exponere
1619 2904 1775 2958 super
1801 2900 1867 2943 te.
1900 2884 2100 2941 Deinde
2124 2899 2224 2953 pro

646 2995 764 3058 illo,
794 2990 1122 3046 Annuntiaoi
1150 2986 1199 3043 et
1228 2987 1433 3041 locutus
1456 2999 1599 3047 sum,
1622 2968 1962 3049 multiplicati
1989 2986 2111 3032 sunt
2131 2993 2226 3030 su-

648 3101 741 3155 per
768 3090 1021 3147 arenam;
1050 3067 1271 3136 rursum
1302 3066 1663 3149 Symmachus
1685 3073 1788 3127 bac
1816 3072 2029 3127 ratione
2059 3072 2225 3125 inter-

655 3183 899 3249 pretatus
930 3180 1037 3235 est,
1071 3169 1131 3225 Si
1171 3169 1493 3223 annuntians
1536 3164 1865 3229 annuntiem,
1896 3160 2068 3230 plures
2102 3167 2225 3211 sunt

651 3282 813 3340 quam
843 3273 899 3316 ut
921 3259 1165 3316 enarrari
1193 3258 1413 3328 possint.
1445 3254 1602 3320 Nam,
1626 3268 1691 3307 ea:
1717 3260 1888 3323 parte,
1920 3251 2226 3321 inquit,‘co-

653 3335 979 3422 gnoscimus,
1007 3352 1056 3397 et
1083 3357 1149 3396 ea:
1183 3350 1333 3411 parte
1359 3338 1732 3409 prophetamus
1769 3337 1833 3391 ¹⁰ι
1866 3335 2061 3392 Omnia
2096 3348 2229 3390 sane

657 3441 929 3526 mirabilia
958 3446 1053 3493 tua
1082 3434 1507 3491 innumerabilia
1550 3440 1605 3487 et
1646 3427 2227 3501 incomprehensibilia

657 3520 834 3593 sunt:
861 3540 1101 3586 attamen
1145 3529 1200 3583 in
1252 3527 1324 3582 iis
1356 3540 1477 3596 quae
1519 3536 1715 3595 capere
1754 3522 1913 3578 licuit
1949 3521 2003 3577 id
2032 3520 2228 3599 deprel-

655 3626 846 3692 bendi,
878 3635 929 3680 te
951 3624 1160 3679 scilicet
1189 3620 1260 3703 ἱιι⁸
1276 3616 1530 3689 ριέωδοιιιὶ
1559 3626 1805 3687 tempore
1840 3629 1871 3669 a
1907 3612 2091 3685 Iloyse
2115 3619 2232 3666 trs.

657 3722 773 3778 dita
811 3706 1084 3777 sacriﬁcia
1129 3722 1185 3771 et
1233 3696 1537 3768 oblationes
1584 3711 1859 3775 noluisse,
1907 3708 2003 3765 sed
2040 3696 2229 3763 eorum

659 3814 783 3869 loco
809 3824 970 3866 aures
1000 3822 1152 3863 meas
1184 3812 1237 3860 et
1264 3792 1677 3874 obsequentiam
1707 3798 1940 3870 eloquiis
1973 3796 2082 3853 tuis
2110 3808 2231 3865 per-

658 3904 860 3961 fecisse
884 3919 900 3967 ;
927 3915 990 3956 ac
1035 3915 1136 3972 pro
1168 3895 1528 3959 holocaustis,
1560 3902 1615 3950 et
1652 3889 1940 3949 sacriﬁciis
1972 3902 2070 3958 pro
2099 3901 2229 3956 pec-

662 4004 811 4063 cato,
839 3990 1219 4060 memetipsum
1246 3987 1421 4066 obtuli
1460 3985 1579 4040 tibi.
1612 3983 1793 4049 Quare
1825 3980 1900 4034 ait
1935 3997 1950 4033 ι
1985 3975 2119 4031 Ecca
2146 3992 2231 4031 oe-

663 4088 754 4142 nio
794 4100 825 4139 a
858 4091 913 4139 te
940 4089 1202 4143 vocatus,
1251 4085 1415 4147 atque
1471 4074 1879 4146 promptissime
1910 4071 2226 4126 obsecutus.

662 4178 838 4235 Venio
904 4177 1092 4228 autem
1147 4167 1454 4226 festinando
1526 4174 1587 4221 ut
1654 4165 1851 4219 faciam
1896 4163 2228 4219 voluntatem

662 4278 851 4327 tuam:
883 4266 987 4322 hoc
1016 4264 1162 4321 enim
1209 4276 1309 4333 pro
1348 4260 1497 4315 omni
1540 4259 1761 4313 victima
1797 4256 2103 4312 holocauin
2136 4269 2229 4308 ac-

659 4371 947 4434 cepturum
981 4367 1034 4414 te
1053 4368 1377 4428 persuasrrn
1405 4351 1598 4406 habeo.
1631 4348 1744 4404 Hoc
1778 4362 1964 4419 porro,
1987 4348 2041 4401 in
2063 4347 2232 4417 capite

662 4455 787 4510 libri
818 4454 1069 4519 scriptum
1102 4458 1179 4504 est
1233 4453 1297 4500 de
1340 4460 1443 4506 me,
1474 4443 1627 4515 quid,
1674 4442 1891 4504 amabo,
1925 4438 2073 4493 aliud
2102 4446 2228 4501 .est,

2308 596 2494 667 μάσιά
2521 614 2655 653 σου.
2674 598 2732 653 Ὀ
2752 599 2849 671 τὴν
2882 599 3255 654 πολυποίκιλον
3278 597 3372 654 τοῦ
3404 596 3540 653 Θεοῦ
3568 596 3763 668 σοφία)
3781 614 3867 650 και

2310 687 2728 760 τανενοηκὼςῈν
2760 707 2819 743 τε
2851 693 2962 753 τοῖς
2980 689 3206 743 καθόλου
3226 691 3486 760 κτίσμασι
3520 691 3615 743 καὶ
3647 683 3759 752 τοῖς
3775 706 3867 742 καί

2311 782 2379 835 τὰ
2408 779 2587 851 μέρος,
2616 780 2729 842 τοῖς
2774 796 2836 832 τε
2884 778 3156 849 αἰσθητοῖς
3205 777 3299 833 καὶ
3328 782 3439 842 τοῖς
3476 778 3615 832 κατὰ
3641 779 3870 833 διάνοιαν
3951 832 3953 841 4

2314 870 2717 941 θεωρουμένοις,
2753 871 2832 934 είς
2865 869 3123 940 ἔκπληξιν
3153 869 3320 923 ἐλθὼν
3348 871 3445 942 τῆς
3467 870 3871 942 ὑπερμεγέθους

2310 961 2583 1031 δυνάμεως
2638 960 2731 1014 τοῦ
2781 959 2891 1013 τῶν
2942 959 3077 1013 ὅλων
3121 959 3277 1023 Θεοῦ,
3326 957 3466 1014 εἴποι
3515 961 3612 1015 ἄν’
3670 960 3872 1013 Πολλὰ

2311 1054 2601 1122 ἐποίησας
2649 1053 2751 1117 σὺ,
2782 1055 2960 1120 Κύριε
3002 1057 3034 1111 d
3085 1053 3227 1119 Θεός
3268 1069 3409 1122 μου,
3455 1052 3529 1106 τὰ
3576 1049 3875 1121 θαυμάσιοί

2314 1162 2448 1200 σου.
2467 1145 2626 1201 Ἀλλὰ
2676 1147 2770 1201 καὶ
2821 1151 2945 1211 τοὺς
2994 1147 3185 1216 λόγους
3232 1145 3489 1210 ἐξετάσας
3518 1145 3618 1216 τῆς
3648 1135 3875 1197 καθόλου

2315 1240 2586 1310 προνοίας,
2615 1239 2735 1293 καθ’
2759 1238 2850 1302 οὓς
2882 1240 2948 1293 τὰ
2978 1226 3264 1310 σύμπαντα
3290 1236 3496 1301 διοικεῖ,
3516 1235 3761 1289 κᾶπειτα
3794 1234 3879 1287 εὕει

2319 1333 2423 1406 ρὼν
2458 1332 2653 1396 αὐτοὺς
2695 1330 3131 1402 ἀκαταλήπτους,
3178 1329 3471 1401 προσθήσει
3520 1328 3731 1396 λέγων·
3773 1328 3879 1380 Kal

2311 1424 2437 1491 τοῖς
2472 1421 2879 1493 διαλογισμοῖς
2903 1439 3019 1477 σου
3049 1424 3161 1476 οὐκ
3185 1422 3321 1497 ἔστι
3338 1421 3427 1497 τίς
3454 1417 3883 1489 ὁμοιωθήσεται

2314 1533 2431 1571 σοι.
2466 1512 2589 1578 Οἷος
2612 1511 2680 1587 ἦν
2710 1517 2739 1569 ὁ
2769 1515 2945 1587 λέγων
2964 1531 2977 1545 ·
3004 1515 3067 1567 Ὦ
3095 1512 3326 1580 ,Βάθους
3358 1513 3625 1568 πλούτου
3649 1512 3755 1566 καὶ
3784 1526 3883 1564 σο⁴ι

2315 1610 2475 1679 φίας,
2514 1609 2610 1662 καὶ
2648 1607 2921 1677 γνώσεως
2967 1603 3154 1659 Θεοῦ]
3198 1604 3279 1671 ὡς
3325 1602 3769 1679 ἀνεξερεύνητα
3816 1600 3885 1651 τὰ

2316 1676 2567 1769 κρίματα
2594 1698 2797 1761 αὑτοῦ,
2824 1697 2920 1751 καὶ
2952 1695 3397 1765 ἀνεξιχνίαστοι
3426 1698 3485 1750 al
3507 1676 3888 1749 όδοίάὐτοῦὶ

2328 1790 2416 1844 Ἐν
2445 1790 2502 1845 δὲ
2528 1792 2638 1858 τοῖς
2668 1788 3043 1860 προκειμένοις
3069 1789 3097 1840 ὁ
3124 1786 3284 1840 Δαυτδ
3312 1784 3451 1840 κατὰ
3472 1784 3663 1856 καιρὸν
3685 1781 3887 1844 ταύτας

2247 1850 2289 1904 Β
2317 1850 2692 1956 προηνέγκατο
2715 1850 2820 1945 ’τὰς
2849 1850 3051 1950 φωνάς,
3083 1879 3227 1951 ἔργῳ
3251 1860 3456 1951 μίαθὼν,
3482 1850 3772 1946 ὠςυκαινῷ
3790 1880 3889 1928 τινι

2314 1976 2500 2048 τρόπῳ
2532 1974 2798 2027 σέσωσται
2830 1971 2907 2042 τῷ
2937 1970 3003 2035 δι⁴
3027 1970 3273 2040 ὑπακοῆς
3317 1969 3425 2023 τῶν
3472 1969 3633 2031 θείων
3666 1968 3886 2037 λογίων.

2317 2069 2486 2122 Πάλαι
2534 2068 2632 2138 μὲν
2675 2066 2785 2139 γὰρ
2823 2065 2909 2120 διὰ
2948 2065 3227 2129 Μωῦσὲως
3257 2064 3436 2119 θυσίαι
3464 2064 3560 2118 καὶ
3603 2062 3891 2117 ὁλὸκαυτοι

2317 2159 2585 2230 ἀναφοραὶ
2611 2158 3033 2231 προσετάττοντο
3076 2156 3216 2228 ὑπὲρ
3268 2154 3547 2231 ἁμαρτιῶν
3580 2152 3895 2225 προσφέρει
3952 2172 3953 2175 η

2321 2228 2472 2305 σθαι-ο
2496 2228 2623 2304 -νυνὶ
2648 2228 2706 2304 δὲ
2726 2249 2910 2313 καινὸς
2942 2247 3289 2319 παραδίδοται
3319 2228 3518 2318 τρόπος
3550 2244 3895 2317 σωτηρίαςςὸ

2318 2344 2438 2415 δίχα
2462 2342 2658 2398 θυσιῶν
2689 2342 2789 2394 καὶι
2814 2340 3299 2410 ὁλοκαυτωμάτων.
3326 2336 3573 2391 Διδάσκει
3591 2335 3655 2409 ,δὲ
3688 2334 3790 2389 καὶ
3821 2334 3895 2397 ὡς

2320 2435 2434 2489 ἔστι
2461 2433 2627 2507 μυρία
2652 2431 2923 2503 σωτηρίας
2946 2430 3234 2501 φάρμακα,
3266 2428 3409 2499 άπερ
3436 2427 3470 2497 ἡ
3498 2424 3590 2479 τοῦ
3621 2421 3764 2477 Θεοῦ
3795 2422 3895 2493 χά-

2327 2542 2408 2596 ρις
2427 2527 2537 2588 τοῖς
2556 2520 2862 2594 ἀνθρώποις
2887 2520 3215 2592 ἐδωρήσατο.
3233 2517 3347 2570 Οὐκ
3369 2514 3485 2567 ἐστι
3503 2529 3571 2566 ,τε
3590 2510 3713 2564 κατ’
3739 2508 3899 2573 ἀξίαν

2325 2594 2518 2680 εἰπεῖν,
2547 2614 2667 2669 οὐδὲ
2712 2611 2917 2682 διανοίᾳ
2959 2594 3268 2683 περιλαϐεῖν
3291 2604 3398 2661 τῶν
3424 2602 3518 2659 τοῦ
3550 2599 3692 2656 Θεοῦ
3723 2598 3902 2654 διαλιδ

2322 2708 2536 2781 γισμῶν
2560 2708 2621 2761 τὸ
2648 2705 2867 2777 πλῆθος.
2887 2705 2944 2758 '0
2979 2703 3036 2756 δὲ
3066 2701 3381 2774 Σύμμαχος,
3413 2695 3776 2767 Πάμπολλα,
3795 2708 3900 2781 mf

2325 2778 2433 2865 σἰν,
2457 2799 2750 2867 ἐποίησας
2779 2794 2882 2861 σὺ,
2909 2794 3083 2862 Κύριε
3110 2794 3143 2845 ὀ
3176 2791 3321 2855 Θεός
3336 2804 3478 2859 μου,
3511 2784 3584 2840 τὰ
3610 2778 3905 2853 τερὰστιό

2322 2909 2460 2956 σου,
2490 2891 2589 2944 καὶ
2618 2891 2760 2956 τοὺς
2785 2885 3213 2955 διαλογισμούς
3236 2896 3353 2936 σου
3378 2879 3522 2945 τοὺς
3544 2875 3704 2945 ὑπὲρ
3730 2872 3902 2944 ἡμῶν·

2322 2986 2434 3037 οὐκ
2451 2982 2622 3037 ἐστιν
2647 2978 2923 3035 ἐκθέσθαι
2947 2962 3045 3030 ἐπι
3070 2965 3205 3030 σοῦ.
3229 2969 3363 3027 Εἶτα
3383 2970 3506 3026 ἀντὶ
3525 2965 3621 3021 τοῦ
3644 2983 3659 2996 ·
3693 2964 3897 3033 agar

2324 3075 2493 3145 γειλα
2528 3069 2625 3125 καί
2655 3068 2949 3134 ἐλάλησα,
2979 3064 3453 3131 ἐπληθύνθησαν
3488 3054 3644 3139 ὑπὲρ
3674 3053 3903 3122 more

2328 3134 2489 3234 πάλιν
2528 3164 2557 3215 ὁ
2609 3159 2900 3231 Σύμμαχος
2950 3155 3138 3209 τοῦτον
3177 3152 3489 3224 ἡρμήνευσε
3531 3134 3901 3217 τδνντρόπονο

2342 3256 2474 3309 Ἐὰν
2488 3250 2882 3323 ἀπαγγέλλων
2906 3243 3304 3317 καταγγέλλω,
3322 3240 3505 3296 πλείω
3535 3238 3672 3303 ἐστι
3689 3236 3807 3290 τοῦ
3822 3234 3907 3288 διδ

2282 3422 2283 3425 η
2327 3343 2642 3416 ηγηθῆναι.
2682 3342 2775 3395 Ἐκ
2796 3337 3017 3410 μέρους
3059 3334 3175 3405 μὲν
3213 3333 3344 3404 ρμὰρ,
3395 3329 3548 3402 φησὶ,
3607 3324 3905 3397 γινώσκο-

2322 3415 2458 3507 μεν,
2511 3434 2610 3508 καί
2653 3433 2721 3487 ἐκ
2760 3430 2982 3501 μέρους
3019 3425 3485 3495 προφητεύομεν.
3541 3419 3623 3473 Τά
3668 3433 3739 3487 γε
3792 3415 3905 3508 μὴν

2328 3525 2870 3598 πάντα-ἀναρίθμητα
2896 3522 2986 3575 καὶ
3018 3518 3376 3589 ἀκατάληπτα
3406 3510 3665 3585 τυγχάνει
3685 3507 3909 3598 τὰᾼθαυε

2332 3622 2503 3697 μάσιά
2530 3637 2623 3674 σου
2636 3595 2659 3650 -ο
2694 3595 2832 3690 πλὴν
2878 3618 2938 3671 ὲν
2985 3610 3065 3679 οἷς
3092 3607 3387 3667 κατέλαϐον
3418 3608 3511 3661 καὶ
3539 3601 3686 3667 τοῦθ’
3720 3595 3904 3671 εὗρον,

2327 3692 2410 3768 δτι
2459 3711 2601 3780 κατὰ
2624 3709 2718 3763 τὸν
2766 3708 3006 3781 παρόντα
3034 3703 3222 3774 καιρὸν
3248 3701 3347 3764 τὰς
3375 3697 3527 3770 παρὰ
3554 3696 3787 3752 Misi.)ch
3816 3692 3910 3746 θυ-

2331 3808 2452 3870 σίας
2484 3805 2578 3859 καὶ
2609 3800 2926 3874 προσφορὰς
2961 3800 3063 3851 οὐκ
3106 3794 3405 3865 ἠθέλησαςο
3440 3790 3577 3845 ἀντὶ⁸
3601 3788 3647 3841 δ’
3673 3785 3905 3838 ἐκείνων

2328 3898 2397 3953 τὰ
2417 3893 2531 3952 ὦτά
2556 3912 2657 3968 μου
2671 3895 2776 3949 ’καὶ
2801 3891 2899 3963 τὴν
2929 3888 3172 3958 ὑπακοὴν
3193 3883 3304 3948 τῶν
3332 3882 3439 3936 σῶν
3469 3880 3666 3947 λογίων
3691 3893 3904 3949 κατηρέ

2328 3992 2464 4044 τίσω
2482 4007 2495 4020 ⁸
2531 3989 2627 4042 καὶ
2652 3986 2773 4041 ἀντὶ
2796 3979 3258 4050 ὁλοκαυτωμάτων
3296 3974 3390 4029 καὶ
3419 3972 3528 4025 τῶν
3556 3968 3685 4041 περὶ
3719 3969 3906 4040 ἁμαρ-ι

2267 4082 2270 4085 “
2324 4083 2449 4147 τίας
2483 4079 2681 4135 θυσιῶν
2712 4076 2873 4141 αὐτὸς
2904 4072 3140 4145 ἐμαυτὸν
3170 4064 3516 4143 προσήγαγον
3546 4079 3651 4117 σοι.
3680 4058 3776 4115 Διό
3800 4078 3905 4131 φησι

2334 4190 2449 4228 σινο
2493 4170 2636 4226 Ἰδοὺ
2685 4170 2808 4235 ἥκω
2851 4165 3069 4237 κληθεὶς
3098 4163 3201 4216 ὑπὸ
3234 4160 3348 4224 σοῦ,
3380 4158 3473 4211 καὶ
3514 4155 3906 4229 προθυμότατα

2333 4258 2830 4321 ὑπακούσας.Ἤκω
2860 4256 2917 4309 δὲ
2946 4253 3185 4318 σπεύσας
3218 4250 3311 4306 τοῦ
3344 4248 3568 4320 ποιῆσαι
3596 4246 3660 4299 τὸ
3691 4242 3907 4315 θέλημά

2334 4367 2460 4405 σου’
2491 4347 2647 4402 τοῦτο
2696 4340 2817 4418 γὰρ
2848 4345 2966 4399 ἀντὶ
3014 4337 3528 4414 πάσηςῶοκαύτου
3572 4333 3769 4398 θυσίας
3804 4333 3904 4385 πέ-

2334 4441 2564 4513 πεισμαι
2606 4456 2667 4491 σε
2704 4435 3077 4509 ἀποδέχεσθαι.
3112 4434 3219 4488 Καὶ
3252 4431 3409 4486 τοῦτο
3444 4428 3503 4482 δὲ
3532 4428 3603 4483 ἐν
3627 4423 3905 4496 κεφαλίδι

660 4561 827 4622 quam
854 4543 1247 4617 praeferendam
1277 4554 1401 4596 esse
1427 4536 1773 4593 voluntatem
1832 4539 1980 4585 tuam
2020 4529 2226 4585 sacriﬁ-

2330 4536 2572 4602 βιϐλίου
2601 4531 2917 4602 γέγραπται
2946 4526 3081 4596 περὶ
3110 4523 3258 4595 ἐμοῦ
3276 4540 3290 4553 ·
3332 4520 3493 4575 τοῦτο
3513 4520 3571 4573 δὲ
3601 4520 3756 4572 ποῖον
3780 4517 3813 4588 ἢ
3848 4514 3911 4567 τὸ

662 4643 766 4696 ciis
798 4646 852 4695 et
885 4634 1263 4691 holocaustis?
1308 4640 1363 4688 et
1409 4632 1579 4701 legem
1625 4637 1777 4682 tuam
1828 4622 2227 4694 exsequendam

662 4746 784 4788 esse
826 4743 937 4783 non
974 4726 1271 4781 secundum
1310 4722 1529 4779 obviam
1568 4721 1876 4780 lectionem,
1909 4730 2085 4785 neque
2119 4714 2235 4783 pari

666 4825 879 4880 ratione
905 4821 1068 4888 atque
1098 4816 1404 4885 complures
1434 4812 1565 4883 legis
1592 4810 1791 4882 M‘oysis
1816 4810 2232 4872 observatores;

670 4918 765 4975 sed
798 4918 854 4969 in
880 4913 1050 4969 medio
1080 4911 1270 4965 ventris
1293 4908 1429 4969 mei;
1458 4915 1553 4960 aut
1586 4916 1643 4961 ut
1683 4903 2064 4976 Symmachus,
2099 4916 2233 4978 con:

670 5010 839 5079 cupivi
872 5008 1033 5077 legem
1061 5015 1208 5057 tuam
1235 5002 1289 5053 in
1324 4997 1493 5054 medio
1517 4999 1769 5051 viscerum
1803 5008 2060 5049 meorum:
2094 4991 2230 5047 Nam

672 5101 719 5157 si
751 5100 847 5171 qui
897 5099 1095 5153 animo:
1123 5100 1313 5148 venter
1355 5099 1463 5156 est,
1498 5090 1704 5158 tropice
1744 5088 1836 5143 sic
1881 5097 2128 5149 vocatus,
2167 5084 2233 5138 de

671 5209 782 5267 quo
815 5194 870 5249 in
898 5187 1207 5261 Evangeliis
1246 5184 1453 5239 dictum
1500 5189 1584 5235 est
1629 5200 1641 5235 ι
1680 5177 1935 5233 Flumina
1968 5179 2031 5232 de
2064 5185 2236 5231 ventre

671 5290 785 5359 ejus
818 5286 980 5355 ﬂuent
1005 5296 1155 5351 aqum
1183 5279 1327 5340 victe,
1353 5275 1588 5330 salientis
1612 5275 1665 5326 in
1692 5273 1860 5326 vitam
1886 5282 2137 5326 (sternam
2161 5270 2201 5300 ¹¹
2217 5284 2237 5332 ;

675 5384 730 5435 in
764 5380 865 5433 hoc
903 5373 1208 5436 recondito,
1242 5370 1439 5438 inquit,
1471 5383 1534 5422 ac
1572 5372 1782 5422 secreto
1822 5366 2016 5419 animae
2050 5377 2238 5435 promo

674 5470 889 5542 ptuario
915 5467 1084 5535 legem
1126 5472 1273 5518 tuam
1314 5461 1608 5516 observare
1638 5458 1803 5524 volui,
1845 5466 2004 5528 atque
2040 5468 2241 5526 prece-

677 5572 765 5634 pta
796 5561 862 5615 de
894 5555 1180 5613 sacriﬁciis
1206 5564 1259 5609 et
1302 5551 1638 5606 holocaustis
1682 5549 1953 5620 spirituali
1985 5561 2149 5603 more-
2174 5559 2239 5598 ac

679 5650 977 5709 secundum
1035 5652 1271 5701 mentem
1322 5643 1650 5714 persolvere.
1699 5640 1824 5695 Haec
1879 5640 2080 5711 quippe
2134 5636 2235 5690 tibi

2339 4624 2671 4698 προτιμῆσαι
2705 4623 2766 4676 τὸ
2795 4620 3006 4692 θέλημά
3049 4635 3143 4691 σου
3173 4612 3374 4668 θυσιῶν
3397 4613 3490 4666 καὶ
3523 4608 3909 4697 ολοκαυτωμάο

2338 4684 2443 4772 των
2468 4733 2481 4781 ;
2504 4684 2605 4769 ’καὶ
2632 4714 2691 4768 τὸ
2720 4684 2943 4784 ποιῆσαι
2973 4690 3067 4765 τὸν
3095 4708 3255 4782 νόμον
3284 4720 3378 4758 σου
3406 4684 3635 4755 ούκὰτὰ
3656 4698 3753 4769 τὴν
3776 4697 3907 4767 πρό-

2340 4828 2516 4883 χειρον
2547 4808 2711 4875 λέξιν,
2737 4783 2855 4861 οὐδὲ
2873 4802 3073 4883 ὁμοίως
3100 4801 3212 4862 τοῖς
3237 4794 3451 4858 πολλοῖς
3476 4783 3545 4845 τὰ
3569 4788 3721 4861 παρὰ
3740 4790 3907 4842 Μωῦ-

2340 4879 2439 4957 σεί-
2467 4899 2891 4974 παρηγγελμένα
2918 4880 3282 4965 φυλάττοντας
3303 4907 3317 4921 '
3369 4887 3439 4941 ἐν
3480 4883 3649 4955 μέσῳ
3686 4881 3759 4934 δὲ
3781 4879 3912 4974 Δτῆς

2340 4971 2567 5059 κοιλίας
2600 4971 2718 5061 μου
2736 5008 2749 5021 ·
2779 4990 2812 5061 ἥ
2847 4986 2987 5041 κατὰ
3011 4986 3101 5037 τδν
3131 4981 3454 5053 Σύμμαχοψ
3480 4971 3912 5061 Προεθυμήθην

2342 5086 2446 5139 τὸν
2472 5054 2659 5153 νόμον
2688 5054 2812 5135 σου.
2830 5078 3075 5131 ἔνδοθεν
3102 5070 3219 5126 τῶν
3252 5064 3516 5141 ἐγκάτων
3536 5082 3674 5136 μου.
3692 5054 3770 5117 Et
3805 5064 3911 5133 γάρ

2344 5179 2424 5240 τίς
2455 5179 2570 5230 ἐστι
2596 5173 2773 5229 κοιλία
2793 5172 2990 5243 ψυχῆς,
3018 5163 3305 5239 τροπικῶς
3317 5161 3488 5224 οὕτως
3513 5156 3908 5231 ὀνομαζομένη,

2346 5269 2472 5339 περὶ
2506 5263 2572 5338 ἦς
2613 5270 2671 5319 ὲν
2709 5260 3057 5331 Εὑαγγελίοις
3101 5255 3374 5310 λέλεκται·
3404 5248 3667 5320 Ποταμοῖ
3695 5249 3770 5302 ἐκ
3802 5244 3911 5313 τῆς

2348 5359 2577 5424 κοιλίας
2618 5354 2803 5410 αὐτοῦ
2837 5354 3170 5422 ῥεύσουσιν
3198 5345 3415 5411 ὕδατος
3454 5341 3686 5407 ζῶντος,
3731 5340 3910 5392 ἀλλο-

2342 5448 2528 5518 μένου
2571 5451 2657 5514 εις
2694 5446 2845 5513 ζωὴν
2885 5443 3151 5498 αἰώνιον-ο
3185 5442 3244 5495 ἓν
3271 5437 3445 5507 τούτῳ
3491 5434 3570 5505 τῷ
3618 5430 3910 5504 ἀπορρήτῳ

2348 5542 2441 5596 καλ⁸
2466 5540 2768 5612 ἀποκρύφῳ
2800 5537 2898 5608 τῆς
2924 5534 3097 5607 ψυχῆς
3121 5524 3333 5605 ταμείῳ
3359 5530 3451 5584 τὸν
3480 5528 3643 5597 νόμον
3672 5538 3789 5584 σου,
3812 5534 3906 5612 οη-

2348 5633 2449 5696 σὶν,
2486 5608 2777 5701 ἐϐουλήθην
2814 5628 3052 5699 ποιῆσαι,
3080 5626 3172 5681 καὶ
3223 5623 3350 5697 περὶ
3398 5617 3600 5687 θυσιῶν
3651 5613 3746 5669 καὶ
3793 5608 3907 5665 ὀλο-

748 5809 768 5836 ⁹
809 5803 964 5857 ltom.
1000 5819 1076 5869 ιι,
1112 5799 1198 5857 55’.
1280 5801 1320 5831 ‘°
1363 5800 1378 5853 Ι
1418 5800 1540 5857 Cor.
1577 5816 1692 5866 xm,
1730 5799 1782 5853 9.
1865 5798 1901 5829 ε’
1943 5796 2100 5851 Joau.
2136 5784 2338 5855 vu,38.
