3966 6348
76 439 163 493 351
1171 423 1667 482 COMMENTARIA
1704 426 1769 481 IN
1820 418 2158 485 PSALMOS.

3170 432 3276 493 558

77 546 422 618 καυτωμάτων
442 546 659 611 ἐντολὰς
684 544 1061 627 πνευματικῶς
1090 545 1183 597 καὶ
1209 544 1350 597 κατά
1372 544 1608 598 διάνοιαν

1726 548 1972 603 Jerchara
2007 564 2130 603 esse
2165 546 2312 610 novi,
2345 562 2409 602 ac
2432 538 2603 603 multo
2633 548 3011 619 praestantiora
3044 548 3136 616 iis,
3160 565 3313 622 qua.

76 637 374 691 ἐπιτελέσαι.
410 637 595 692 Ταῦτα
635 636 742 707 γὰρ
782 635 952 703 εγνων
990 630 1090 686 σοι
1137 633 1286 705 φίλα,
1315 636 1407 687 καὶ
1441 635 1623 707 πολλῷ

75 729 451 803 κρείττονατῶν
487 727 810 799 σωματικῶς
852 726 1121 791 Ἰουδαίοις
1152 726 1618 799 παραδεδομένων.

127 818 611 890 Eirameer
638 818 1029 885 δικαιοσύνην
1064 818 1134 870 ἐν
1174 818 1499 885 Ἐκκλησία
1514 835 1621 886 με-

74 913 227 983 γάλῃ,
257 912 387 967 ίδοὺ
418 914 491 966 τὰ
515 912 688 981 χείλη
716 928 833 981 μου
866 913 936 964 οὐ
972 909 1065 979 μὴ’
1097 912 1379 965 κωλύσω·
1424 910 1619 978 Κύριε,

73 1006 141 1059 σὺ
166 1005 366 1074 ἔγνως.
404 1002 525 1072 Τὴν
561 1002 953 1070 δικαιοσύνην
981 1019 1100 1071 μου
1145 1004 1255 1055 οὐκ
1290 1003 1526 1070 ἔκρυψα
1552 1003 1623 1057 ἐν

73 1096 134 1177 τῇ
156 1094 361 1163 καρδίᾳ
386 1112 538 1164 μου⁸
582 1093 704 1162 τὴν
732 1091 1021 1159 ἀλήθειάν
1042 1110 1158 1146 σου
1202 1093 1299 1147 καὶ
1334 1094 1401 1147 τὸ
1431 1096 1621 1163 σωτή-

64 1188 180 1254 ριόν
206 1203 319 1241 σου
344 1183 501 1242 εἶπα.
522 1185 799 1259 Ἀλήθειαν
823 1186 882 1238 δὲ
922 1185 1021 1256 τὴν
1052 1186 1621 1258 ἀντιδιαστελλομένην

70 1283 124 1350 τῇ
156 1281 291 1351 σκιᾷ.
318 1280 552 1351 Νοήσεις
575 1278 631 1332 δὲ
654 1277 747 1331 καὶ
770 1275 942 1339 οὕτως
960 1292 974 1306 ·
1014 1276 1101 1340 Ὠς
1121 1278 1149 1330 6
1176 1278 1441 1350 μακάριος
1461 1279 1623 1332 Δαυῖδ

70 1370 384 1441 ὑπισχνεῖται
409 1370 466 1423 ὲν
511 1368 803 1439 Ἐκκλησία
827 1366 1037 1441 μεγάλῃ
1061 1370 1128 1439 τῇ
1155 1368 1297 1422 κατὰ
1324 1372 1503 1422 πᾶσαν
1522 1366 1620 1441 τὴν

67 1461 368 1532 οἰκουμένην
394 1461 500 1513 ὑπὸ
520 1460 616 1530 τῆς
641 1459 791 1521 θείας
818 1458 1035 1530 χάριτος
1070 1459 1386 1533 συλλεγείσῃ
1406 1461 1504 1531 τὴν
1526 1460 1618 1513 τοῦ

68 1552 184 1605 Θεοῦ
212 1551 551 1622 δικαιοσύνην
577 1552 886 1622 κηρύττειν,
912 1552 1004 1604 καὶ
1032 1550 1128 1622 τὴν
1156 1552 1257 1622 τῆς
1286 1552 1619 1624 προφητείας
1655 1544 1663 1549 ’

67 1644 319 1717 ἀλήθειαν,
347 1646 441 1698 καὶ
461 1643 559 1716 τὴν
578 1643 902 1713 ἀξιάγαστον
935 1642 1227 1715 σωτηρίαν,
1250 1646 1344 1697 καὶ
1367 1643 1457 1697 τὸν
1480 1645 1618 1714 ἀμέ-

64 1752 238 1807 τρητον
269 1735 416 1789 ἔλεον
460 1736 555 1789 καὶ
599 1734 777 1799 αὐτῶν
818 1735 877 1788 δὲ
906 1734 1029 1804 ζτῶν
1073 1733 1279 1788 πιστῶν
1310 1736 1339 1787 6
1366 1734 1620 1804 σύλλογος

65 1827 192 1880 εῐποι
233 1827 299 1880 ἂν
342 1826 515 1881 ταῦτα
560 1826 986 1899 ὑπισχνούμενος
1009 1828 1110 1899 τὴν
1142 1828 1280 1900 ὑπὲρ
1306 1828 1405 1897 τῆς
1439 1844 1617 1900 σωτη-

1726 652 1989 707 corporeo
2016 652 2168 693 more
2197 636 2399 693 ludatis
2434 637 2631 692 tradita
2670 645 2800 694 sunt

1796 814 1963 871 Vsus.
2017 786 2198 871 ιβιδ.
2259 817 2580 872 Annuntiavi
2625 818 2891 887 justitiam
2955 818 3012 872 in
3060 819 3283 874 ecclesia

1723 923 1935 977 magna,
1990 924 2103 962 ecce
2136 908 2279 962 labia
2324 926 2440 962 mea
2476 927 2578 964 non
2634 908 2909 978 prohibebo
2965 923 2985 961 ε
3046 909 3283 979 Domine,

1725 1011 1782 1055 tu
1833 1001 1999 1055 scisti.
2029 999 2306 1056 Justitiam
2349 1018 2516 1057 meam
2571 1018 2675 1056 non
2724 1002 2969 1056 abscondi
3020 1003 3077 1055 in
3131 1004 3288 1059 corde

1723 1110 1836 1149 meo
1872 1111 1890 1147 :
1923 1095 2189 1148 veritatem
2236 1102 2382 1146 tuam
2425 1103 2473 1147 et
2520 1094 2757 1169 salutare
2816 1104 2959 1148 tuum
2994 1093 3126 1149 dixi.
3178 1094 3287 1152 Ve-

1722 1185 1937 1238 ritatem
1988 1184 2193 1238 scilicet
2248 1184 2454 1238 umbrae
2498 1184 2823 1255 oppositam.
2853 1183 2967 1240 Hoc
3009 1186 3137 1240 item
3167 1203 3287 1242 mo-

1722 1275 1793 1329 do
1849 1276 2140 1346 intelligas,
2193 1283 2253 1331 ut
2319 1275 2521 1334 beatus
2559 1277 2729 1332 David
2780 1278 3064 1349 pollicetur
3119 1296 3178 1335 se
3227 1282 3285 1335 in

1720 1366 1963 1422 Ecclesia
1995 1384 2210 1439 magna,
2240 1384 2337 1439 per
2361 1378 2531 1424 totum
2587 1371 2772 1427 orbem
2814 1387 2843 1425 a
2882 1373 3063 1426 divina
3111 1373 3292 1443 gratia

1721 1469 2048 1530 congregata
2088 1500 2102 1523 ,
2165 1459 2260 1515 Dei
2302 1462 2568 1531 justitiam
2623 1471 2676 1517 et
2733 1464 3029 1533 prophetiae
3085 1466 3287 1520 verita-

1721 1557 1827 1604 tem
1861 1551 2299 1620 praedicaturum,
2334 1569 2435 1609 nec
2487 1568 2595 1608 non
2631 1555 2865 1611 ’salutem
2923 1555 3286 1613 admiratione
3361 1610 3367 1616 .

1720 1643 1940 1712 dignam
1977 1652 2032 1697 et
2064 1642 2382 1698 immensam
2415 1644 2843 1699 misericordiam
2872 1632 2905 1713 ;’
2933 1647 3185 1703 similiter
3217 1648 3284 1704 θη

1720 1726 1922 1787 denum
1957 1740 2153 1795 cattus,
2198 1748 2296 1787 ceu
2327 1733 2394 1787 ad
2429 1734 2623 1788 oblata:
2651 1735 2845 1791 salutis
2884 1740 3288 1807 compensatio-

1723 1838 1848 1877 nem
1884 1824 2159 1894 pollicitus
2179 1823 2400 1885 dixerit,
2444 1839 2504 1879 se
2533 1825 2772 1880 vicissim
2806 1825 2859 1881 id
2890 1830 3283 1897 praestiturum,

67 1919 170 1989 ρίας
192 1918 454 1973 ἀντίδοσιν
482 1918 692 1985 δώσειν,
721 1919 799 1991 τῷ
826 1920 1137 1991 συντρέχειν
1168 1921 1247 1981 εἰς
1296 1919 1620 1991 Ἐκκλησίαν

1726 1924 1783 1971 ιιι
1812 1918 2186 1972 οοιινθιιίοιιιι
2215 1918 2523 1981 ecclesiam,
2553 1918 2695 1993 labia
2722 1921 2931 1990 aperiat
2958 1921 3024 1976 ad
3051 1921 3286 1993 hymnos

66 2011 145 2065 καὶ
181 2011 246 2064 τά
289 2012 442 2082 χείλη
474 2014 642 2065 κινεῖν
674 2014 755 2075 είς
783 2012 1080 2083 ὑμνῳδίαν,
1114 2011 1208 2064 καὶ
1241 2010 1334 2065 τοῦ
1362 2010 1498 2065 Θεοῦ
1522 2010 1621 2083 τὴν

63 2104 255 2176 δικαίαν
286 2104 466 2177 κρίσιν
492 2105 908 2185 ἀνακηρύττειν,
929 2107 1024 2160 καὶ
1052 2105 1152 2176 τὴν
1176 2105 1412 2177 ἄρρητον
1435 2102 1624 2170 διεξιέ-

63 2215 135 2250 ναι
175 2195 521 2269 κηδεμονίαν,
570 2197 667 2251 καὶ
712 2197 821 2251 τῶν
870 2194 1226 2268 προφητικῶν
1277 2194 1623 2265 ὑποσχέσεων

65 2288 424 2344 ὑποδεικνύναι
461 2289 524 2343 τὸ
565 2289 781 2362 ἀληθές.
815 2289 899 2343 Σὺ
925 2282 1012 2352 δὲ,
1040 2289 1239 2357 Κύριε,
1267 2287 1353 2358 μὴ
1392 2289 1626 2363 ,μακρύ-

63 2398 163 2449 νῃς
188 2382 329 2450 τοὺς
346 2382 688 2451 οἱκτιρμούς
718 2396 833 2435 σου
863 2382 963 2435 ἀπ’
988 2381 1134 2451 ἐμοῦ
1160 2398 1173 2412 ·
1212 2380 1279 2435 τὸ
1307 2381 1479 2447 ἔλεός
1507 2393 1643 2435 σου

64 2474 148 2527 καὶ
174 2475 210 2542 ἡ
234 2472 491 2540 ἀλήθειά
517 2489 634 2527 σου
672 2470 770 2527 διὰ
800 2472 1026 2539 παντὸς
1058 2458 1459 2533 ἁντελάϐοντό
1485 2491 1619 2533 μου.

63 2563 156 2616 Καὶ
193 2561 431 2633 τυχοῦσα
479 2562 579 2632 τῆς
625 2560 898 2631 σωτηρίας
925 2560 958 2630 ἡ
986 2558 1081 2612 τοῦ
1111 2560 1249 2612 Θεοῦ
1300 2558 1619 2637 Ἐκκλησία,

60 2653 214 2707 δεῖται
242 2654 405 2709 πάλιν
430 2654 530 2723 τῆς
556 2652 727 2722 αὐτῆς
759 2650 1100 2722 προμηθείας
1120 2650 1209 2704 διὰ
1237 2650 1335 2715 τὰς
1359 2653 1624 2704 παντοδα-

63 2744 157 2808 πάς
179 2744 284 2797 τῶν
312 2741 619 2816 ἀνθρώπων
654 2742 749 2795 καὶ
796 2740 1067 2811 δαιμόνων
1099 2740 1513 2805 ἐπαναστάσεις,
1544 2734 1622 2794 ὧν

62 2839 113 2888 ὲν
143 2838 249 2900 τοῖς
292 2835 422 2907 ἑξῆς
450 2834 551 2906 τὴν
588 2834 808 2906 μνήμην
832 2834 1272 2904 πεποίηται.”οτι
1300 2831 1623 2902 περιέσχον

59 2944 123 2995 με
148 2928 299 2983 κακὰ
332 2921 420 2983 ὧν
448 2929 559 2982 οὐκ
586 2926 757 2981 ἐστιν
783 2912 1028 2995 ἀριθμός
1052 2942 1065 2955 ⁸
1099 2925 1428 2980 κατέλαϐον
1456 2942 1533 2994 με
1561 2927 1621 2979 αἱ

64 3019 282 3089 ἀνομίαι
322 3037 445 3089 μου
469 3058 485 3083 ,
535 3017 634 3072 καὶ
674 3018 788 3072 οὐκ
832 3015 1142 3085 ἠδυνήθην
1172 3015 1296 3099 τοῦ
1343 3014 1619 3081 βλέπειν.

73 3111 558 3180 Ἐπληθύνθησαν
601 3110 755 3178 ὑπὲρ
799 3108 907 3176 τὰς
957 3110 1164 3179 τρίχας
1203 3107 1312 3178 τῆς
1354 3107 1623 3178 κεφαλῆς

62 3222 182 3272 μου,
212 3204 311 3258 καί
362 3205 402 3272 ἠ
454 3190 666 3271 καρδία
687 3220 803 3271 μου
833 3201 1183 3271 ἐγκατέλιπέ
1202 3219 1298 3272 με.
1331 3201 1538 3274 Μηδεὶς
1565 3199 1622 3254 δὲ

1724 2007 2000 2061 canendus
2029 2015 2084 2061 et
2113 2007 2180 2061 ad
2205 2008 2413 2078 justum
2444 2008 2538 2065 Dei
2562 1992 2827 2080 judicium
2857 2012 3282 2083 pradicandum,

1723 2100 1788 2155 ad
1826 2099 2154 2157 ineﬂ‘abilem
2192 2103 2559 2157 enarrandam
2610 2104 2730 2174 ejus
2769 2105 3185 2175 providentiam,
3216 2108 3284 2163 ad

1722 2191 2163 2261 propheticarum
2208 2193 2633 2262 promissionum
2680 2196 2960 2250 veritatem
3002 2195 3287 2251 declaran-

1722 2283 1868 2339 dam.
1901 2283 1980 2337 Tu
2017 2293 2213 2349 autem,
2248 2284 2491 2349 Domine,
2518 2302 2580 2340 ne
2610 2286 2758 2358 longe
2793 2288 2963 2357 facias
2994 2289 3288 2343 miseratio‘

1722 2392 1811 2431 nes
1843 2386 2021 2431 tuas‘a
2058 2393 2138 2430 me
2162 2393 2181 2429 :
2212 2378 2573 2432 misericordia
2594 2389 2693 2432 tua
2725 2388 2773 2433 et
2803 2382 2994 2435 veritas
3030 2391 3120 2435 tua
3152 2398 3288 2436 sem-

1722 2483 1814 2536 per
1842 2477 2180 2537 susceperunt
2203 2484 2303 2523 me.
2331 2469 2508 2539 Atque
2535 2470 2764 2525 salutem
2796 2481 2954 2526 nacta
2986 2471 3077 2528 Dei
3102 2470 3288 2529 Eccle—

1722 2558 1826 2622 sia,
1863 2546 2063 2612 iterum
2090 2548 2277 2615 eadem
2307 2575 2411 2629 0pc
2438 2561 2663 2631 indiget,
2693 2563 2859 2616 variis
2888 2562 3289 2633 frequentibus-

1721 2662 1829 2717 que
1874 2648 2156 2703 hominum
2195 2650 2615 2722 daemonumque
2660 2654 2953 2708 insultibus
3004 2654 3284 2724 impetita,

1721 2754 1953 2811 quorum
1981 2740 2039 2794 in
2074 2730 2429 2809 sequentibus
2463 2744 2793 2797 mentionem
2828 2743 2978 2798 facit.
3024 2744 3285 2811 Quoniam

1721 2831 2175 2887 circumdederunt
2206 2850 2289 2887 me
2324 2835 2468 2887 mala
2497 2850 2719 2904 quorum
2758 2852 2858 2890 non
2887 2844 2967 2890 est
2993 2853 3240 2892 numerus
3266 2857 3281 2893 :

1702 2921 2215 2991 comprehenderunt
2250 2939 2329 2977 me
2368 2924 2671 2994 iniquitates
2715 2940 2861 2989 meaz,
2912 2933 2962 2979 et
3004 2942 3109 2979 non
3138 2928 3287 2995 potu‘i

1722 3025 1781 3069 ut
1809 3015 2053 3069 viderem.
2099 3015 2467 3084 Multiplicata:
2506 3027 2629 3071 sunt
2660 3034 2813 3086 super
2842 3018 3061 3087 capillos
3096 3021 3285 3091 capitis

1722 3108 1843 3171 mei,
1874 3117 1925 3161 et
1968 3123 2081 3167 cor.
2106 3124 2275 3162 meum
2326 3108 2604 3179 dereliquit
2645 3126 2749 3163 me.
2782 3107 2949 3165 Nemo
2993 3111 3288 3168 arbitretur

1724 3199 1872 3254 diota
1908 3199 2224 3270 huiusmodi
2270 3216 2378 3255 non
2416 3201 2731 3257 consentire
2762 3202 2831 3258 iis
2858 3216 2978 3273 quae
3020 3205 3286 3275 explicata

64 3292 361 3362 ἀνάρμοστα
386 3290 627 3362 ἡγείσθω
649 3290 719 3343 τὰ
745 3290 1010 3362 εἰρημένα
1033 3293 1143 3354 τοῖς
1164 3292 1407 3363 ἠρμηνευ
1416 3290 1616 3363 μένοις.

1726 3301 1875 3347 sunt.
1914 3290 2128 3347 Etenim
2173 3301 2285 3348 tres
2336 3294 2513 3363 pueri,
2552 3308 2767 3349 summa
2817 3296 3018 3351 virtute
3051 3296 3286 3367 praediti,

68 3382 159 3438 Καὶ
183 3382 287 3454 γὰρ
315 3384 367 3436 οί
393 3385 545 3453 τρεῖς
572 3381 777 3447 παῖδες,
804 3383 901 3453 τῆς
923 3384 1099 3454 ἄκρας
1126 3383 1328 3454 ἀρετῆς
1358 3382 1619 3453 ἐπειλημ-

69 3471 218 3539 μένοι,
251 3472 348 3524 καὶ
378 3470 472 3523 τὸν
502 3470 796 3541 νικηφόρον
826 3470 1222 3541 ἀναδησάμενοι
1248 3471 1527 3539 στέφανον,
1561 3472 1619 3523 ἐν

63 3565 119 3631 τῇ
137 3562 343 3633 καμίνῳ
367 3563 789 3632 προσευχόμενοι
816 3560 999 3629 ἔλεγον
1018 3578 1032 3592 °
1071 3560 1445 3631 Ἡμάρτομεν,
1475 3562 1619 3630 ἠνο-

60 3652 339 3722 μήσαμεν,
363 3651 758 3722 ἠδικήσαμεν,
793 3652 891 3705 καὶ
954 3651 1299 3721 ἀπέστημεν
1354 3651 1473 3705 ἀπὸ
1502 3650 1622 3706 τῶν

63 3743 308 3799 ἐντολῶν
335 3758 475 3808 σου,
506 3744 606 3798 καὶ
636 3747 745 3799 οὐκ
768 3744 1151 3814 ἐφυλάξαμεν
1172 3745 1245 3799 τὰ
1264 3743 1621 3814 δικαιώματά

63 3852 186 3893 σου.
208 3836 394 3902 Οὕτως
435 3838 464 3891 6
498 3836 800 3910 θαυμάσιος
831 3836 1047 3908 Δανιὴλ,
1082 3836 1253 3901 οὕτως
1278 3838 1305 3890 6
1336 3836 1621 3900 θεσπέσιος

71 3928 343 4002 Ἱερεμίας,
373 3930 548 3997 οὕτως
589 3932 619 3984 6
658 3929 800 3994 θεῖος
844 3929 1092 3994 Ἡσαΐας,
1118 3929 1287 3992 οὕτως
1318 3930 1345 3981 6
1380 3926 1623 3998 σοφώτα-

65 4037 143 4085 τος
171 4023 377 4089 Παῦλος
395 4041 410 4054 ·
442 4022 694 4093 Χριστὸς
723 4029 851 4091 γὰρ,
883 4024 1065 4093 φησὶν,
1095 4021 1379 4090 εἰσῆλθεν
1412 4023 1498 4087 είς
1518 4020 1623 4074 τὸν
1652 4088 1653 4091 η

69 4112 277 4183 κόσμον
306 4113 696 4185 ἁμαρτωλοὺς
723 4113 938 4177 σῶσαι,
970 4109 1058 4168 ὧν
1098 4112 1325 4183 πρῶτός
1353 4115 1466 4183 ειμι
1486 4111 1617 4183 ἐγὼ

73 4207 149 4258 καὶ
174 4207 365 4261 πάλιν
415 4210 536 4261 Οὐκ
573 4207 688 4274 εἰμὶ
719 4205 885 4271 ἄξιος
918 4205 1229 4260 καλεῖσθαι
1259 4207 1618 4273 ἀπόστολος.

72 4296 206 4351 flii-rw
240 4301 416 4353 τοίνυν
440 4297 718 4352 κάνταῦθα
743 4300 862 4361 ταῖς
894 4298 1044 4369 παρά
1071 4298 1178 4351 τῶν
1203 4298 1476 4351 δυσσεὸῶν
1508 4315 1623 4370 τρι-

73 4392 272 4459 κυμίαις
300 4372 599 4464 βαλλομένη
645 4392 678 4461 ἡ
731 4389 824 4442 τοῦ
873 4388 1007 4442 Θεοῦ
1053 4389 1343 4461 Ἐκκλησία
1372 4390 1430 4443 οὐ
1479 4391 1623 4461 μέγα

76 4490 254 4556 φρονεῖ,
272 4487 347 4551 ὡς
381 4484 773 4555 ἀγωνιζομένη,
799 4482 912 4536 ἀλλ’
940 4483 1231 4552 ἁμαρτίαις
1261 4482 1353 4535 καὶ
1379 4481 1626 4554 πλημμε-

74 4578 221 4641 λείαις
251 4579 534 4648 ἀνατίθησι
571 4575 640 4629 τὰ
667 4566 950 4645 γενόμενα,
980 4572 1072 4625 καὶ
1102 4572 1201 4642 τῆς
1225 4573 1374 4644 παρὰ
1395 4572 1486 4626 τοῦ
1511 4574 1625 4626 Σω-

76 4759 166 4811 οὐδ⁸
192 4763 253 4814 ὲκ
296 4745 520 4815 τελείων
562 4760 749 4814 ἅπασα
782 4756 1106 4827 συνέστηκεν
1136 4756 1169 4827 ἡ
1199 4755 1292 4808 τοῦ
1327 4756 1460 4809 Θεοῦ
1504 4757 1623 4809 Ἐκ-

77 4846 269 4917 κλησία,
302 4848 417 4902 ἀλλ’
444 4848 557 4919 ἔχει
607 4849 701 4901 καὶ
750 4846 873 4909 τοὺς
907 4836 1158 4916 ῥᾳστώνῃ
1199 4844 1494 4909 συζῶντας,
1531 4847 1623 4898 καὶ

75 4937 151 4989 τὴν
182 4940 455 5011 ἀνειμένον
499 4939 613 5010 βίον
651 4937 1080 5008 ἀσπαζομένους,
1122 4936 1215 4989 καὶ
1244 4937 1456 5006 ἡδοναῖς
1502 4937 1623 4991 δου-

78 5028 230 5104 λεύειν
256 5032 630 5103 αἱρουμένους.
671 5032 781 5085 Καὶ
811 5028 995 5099 ἐπειδὴ
1025 5028 1082 5080 ἓν
1111 5029 1227 5080 ἐστι
1256 5028 1433 5099 σῶμα,
1467 5028 1541 5092 ὡς
1567 5028 1625 5096 ἐξ

80 5120 178 5185 ἑνὸς
205 5122 492 5194 προσώπου
529 5124 619 5177 καὶ
650 5122 824 5178 ταῦτα
853 5124 1079 5175 κάκεῖνα
1109 5122 1495 5193 προσφέρεται.

135 5234 463 5305 Νοήσειςκαὶ
499 5236 699 5301 οὕτως⁹
756 5238 909 5290 Ἐπεὶ
959 5238 1018 5290 οὐ
1034 5237 1141 5290 ρδεί
1176 5234 1497 5306 μακαρίζειν
1532 5237 1626 5291 ἄν·

82 5324 270 5395 θρωπον
305 5330 410 5398 πρὸ
449 5328 707 5399 τελευτῆς
744 5330 932 5399 αὐτοῦ,
959 5330 1182 5391 εἰκότως
1216 5329 1243 5379 6
1265 5327 1363 5397 μὲν
1394 5328 1623 5381 ἀπόστο-

84 5418 175 5479 λος,
195 5418 389 5490 καίπερ
431 5420 727 5483 ἀπόστολος
773 5422 849 5475 ὢν
888 5424 982 5477 καὶ
1027 5421 1220 5492 κλητὸς
1252 5420 1345 5471 καὶ
1372 5420 1626 5484 ἐκλεκτὸς

84 5511 291 5580 Χριστοῦ
328 5511 523 5583 Ἰησοῦ,
560 5516 706 5585 ὅμως
734 5515 832 5567 οὐκ
874 5516 1023 5569 ὀκνεῖ
1068 5514 1276 5582 λέγειν·
1319 5512 1626 5571 Ὑποπιέζω

84 5622 181 5669 μου
205 5606 264 5659 τὸ
292 5605 481 5675 σῶμα,
513 5607 608 5659 καὶ
638 5606 1015 5675 δουλαγωγῶ,
1031 5606 1262 5675 μήπως,
1285 5602 1495 5669 ἄλλοις
1517 5621 1623 5671 κη·-

82 5696 263 5764 ρύξας,
300 5697 479 5764 αὐτὸς
512 5695 786 5766 ἀδόκιμος
815 5696 1087 5763 γένωμαι.
1126 5695 1199 5749 Τὸ
1225 5692 1354 5748 αὐτὸ
1385 5692 1440 5744 δὲ
1472 5694 1566 5745 καὶ
1597 5696 1625 5746 ὁ
1664 5738 1667 5739 ,

150 5855 187 5881 "
222 5854 344 5910 itan.
382 5871 475 5918 nt,
512 5848 597 5910 99.

72 4667 218 4737 τῆρος
259 4645 577 4740 ἐπικουρίας
621 4664 926 4720 ἀπολαῦσαι
970 4664 1509 4733 παρακαλεῖ.¹Ἀλλως
1537 4682 1623 4730 τε,
1657 4645 1700 4700 D

678 5852 719 5885 ¹⁸
759 5854 775 5906 l
812 5850 949 5906 Tim.
988 5870 1037 5919 l,
1078 5853 1161 5908 15.
1241 5850 1285 5883 ⁸⁸
1324 5848 1341 5901 1
1374 5849 1500 5903 Cor.
1538 5865 1624 5915 xv,
1663 5858 1715 5904 δ.

1725 3390 1891 3453 atque
1921 3382 2236 3453 triumphali
2278 3400 2481 3440 corona
2512 3388 2712 3450 ornati,
2745 3388 2801 3442 in
2833 3391 3048 3444 camino
3070 3398 3289 3446 orantes

1698 3474 1982 3530 dicebant
2016 3494 2030 3533 :
2066 3458 2427 3540 Peccavimus,
2467 3477 2801 3548 deliquimus,
2837 3479 3288 3551 injuste'egimas,

1723 3576 1773 3622 et
1808 3570 2116 3622 recessimus
2151 3585 2183 3621 a
2208 3570 2477 3636 praceptis
2518 3570 2644 3634 tuis,
2675 3580 2723 3623 et
2770 3585 2873 3624 non
2916 3572 3290 3626 custodivimus

1720 3662 2129 3735 iustiﬁcationes
2160 3669 2279 3715 tuas
2327 3661 2389 3715 “.
2430 3661 2519 3715 Sic
2564 3660 2900 3717 admirabilis
2951 3660 3163 3727 Daniel,
3209 3667 3291 3719 sic

1724 3769 1955 3825 magnus
1980 3753 2069 3807 ille
2094 3751 2381 3816 Jeremias,
2405 3752 2485 3807 sic
2509 3752 2728 3808 divinus
2751 3750 2947 3818 lsaias,’
2964 3754 3047 3809 sic
3072 3756 3287 3826 sapien-

1724 3848 1971 3903 tissimus
2001 3843 2203 3900 Paulus
2238 3862 2250 3898 :
2283 3843 2524 3900 Christus
2557 3848 2724 3909 enim,
2744 3846 2950 3917 inquit,
2982 3848 3196 3901 intravit
3235 3849 3291 3902 in

1725 3937 1980 3991 mundum
2026 3946 2321 4007 peccatores
2372 3938 2543 3992 salvos
2596 3938 2789 4006 facere,
2836 3955 3059 4015 quorum
3091 3941 3292 4008 primus

1724 4046 1814 4100 ego
1843 4045 1958 4084 sum
1987 4028 2066 4095 ¹³;
2097 4043 2161 4084 ac
2193 4014 2435 4084 rursum:
2464 4027 2586 4083 Non
2607 4046 2725 4084 sum
2747 4029 2935 4101 dignus
2956 4016 3137 4085 ‘vocari
3167 4047 3293 4101 apo-

1725 4121 1891 4175 stolus
1928 4122 1993 4175 “.
2023 4118 2115 4176 Sic
2162 4121 2330 4191 igitur
2373 4122 2479 4176 hoc
2526 4123 2581 4176 in
2615 4122 2733 4177 loco
2760 4120 2854 4178 Dei
2882 4120 3146 4189 Ecclesia,
3184 4124 3289 4180 im-

1726 4216 1940 4286 piorum
1977 4214 2390 4283 tempestatibus
2433 4214 2657 4285 agitata,
2704 4228 2813 4270 non
2848 4214 3133 4284 magniﬁce
3166 4230 3293 4270 sen-

1730 4308 1796 4362 tit
1827 4315 1885 4363 ut
1910 4308 2263 4378 impugnata;
2297 4307 2395 4362 sed
2426 4322 2487 4362 ea
2521 4322 2642 4376 qua:
2675 4292 3017 4376 contingunt,
3048 4308 3289 4375 peccatis

1730 4414 1795 4453 ac
1823 4399 2120 4456 sceleribus
2152 4399 2419 4461 attribuit,
2453 4406 2507 4452 et
2538 4413 2568 4450 a
2611 4395 2890 4450 Salvatbre
2915 4411 3070 4467 opem
3096 4411 3293 4452 conse-

1732 4492 1825 4563 qui
1858 4499 2029 4561 rogat.
2063 4489 2129 4544 Et
2158 4490 2357 4559 alioqui
2388 4487 2479 4542 Dei
2512 4486 2755 4542 Ecclesia
2793 4502 2902 4541 non
2941 4502 3007 4541 ex
3037 4486 3291 4556 perlectis

1734 4594 1845 4638 tota
1880 4583 2251 4643 constituitur,
2287 4579 2380 4634 sed
2427 4579 2587 4631 habet
2631 4580 2793 4633 etiam
2828 4577 2921 4648 qui
2973 4578 3027 4632 in
3078 4578 3289 4647 ignavia

1729 4677 1945 4747 degant,
1974 4683 2028 4728 et
2056 4674 2284 4727 inertem
2326 4670 2494 4723 vitam
2532 4668 2763 4739 amplexi
2805 4669 2936 4733 sint,
2975 4678 3029 4724 et
3064 4668 3174 4739 qui
3200 4681 3295 4721 vo--

1730 4771 2027 4841 luptatibus
2063 4766 2266 4820 servire
2296 4771 2602 4833 peroptent.
2636 4763 2701 4817 Et
2732 4764 2987 4834 quoniam
3013 4774 3179 4816 unum
3207 4767 3293 4814 est

1729 4878 1950 4932 corpus,
1991 4868 2249 4928 tanquam
2294 4871 2362 4913 ex
2412 4871 2521 4913 una
2569 4872 2804 4928 persona
2849 4860 2908 4912 et
2956 4855 3071 4910 haec
3112 4860 3167 4908 et
3201 4853 3289 4905 illa

1731 4954 2100 5027 proferuntur.

1802 5221 1915 5277 Hoc
1946 5235 2163 5291 quoque
2193 5219 2357 5276 modo
2404 5217 2677 5288 intelligas
2715 5209 2891 5279 :Quia
2920 5221 3029 5263 non
3075 5211 3289 5275 oportet

1730 5323 1854 5370 ante
1884 5315 2093 5369 obitum
2116 5314 2391 5369 hominem
2440 5311 2659 5366 beatum
2712 5302 3005 5378 praedicare
3048 5300 3137 5362 ιδ’,
3165 5299 3268 5367 Ῑιιιπ

1730 5407 2043 5479 Apostolus,
2079 5405 2206 5460 licet
2236 5404 2518 5474 apostolus
2558 5403 2625 5457 sit
2661 5416 2722 5454 ac
2752 5402 2974 5451 vocatus
3004 5398 3059 5447 et
3086 5391 3281 5445 electus

1731 5500 1935 5558 Christi
1959 5498 2113 5562 Iesu,
2149 5505 2386 5550 attamen
2416 5509 2527 5549 non
2575 5498 2792 5547 veretur
2822 5487 3004 5543 dicere
3037 5500 3051 5535 ε
3078 5481 3273 5551 ϐωιίρι

1731 5611 1916 5665 corpus
1943 5611 2133 5658 meum,
2164 5573 2211 5646 et
2241 5592 2296 5644 in
2322 5592 2619 5644 seruitutem
2640 5584 2835 5652 redigo,
2862 5598 2923 5634 ne
2946 5576 3069 5632 aliis
3099 5573 3279 5647 prtedi

1732 5707 1855 5745 cans
1881 5690 1988 5757 ipse
2018 5685 2266 5755 reprobus
2282 5684 2475 5751 eﬂiciar
2504 5683 2567 5733 ’⁵.
2603 5677 2844 5733 ldinsnm
2874 5686 3093 5741 quoque
3126 5665 3287 5718 David

1796 5848 1858 5879 ιδ’
1881 5843 2045 5900 Eccli.
2084 5858 2169 5911 ιιι,
2206 5841 2292 5897 50.
2350 5841 2413 5871 ἠ
2454 5836 2473 5891 1
2506 5836 2631 5892 Cor.
2666 5850 2751 5899 is,
2785 5832 2875 5886 27.
