  <div class='ocr_page' id='page_1' title='image "/cluster/home/n/w/nwhite01/storage/ocr_20150623/23/pst.000005712076/187.png"; bbox 0 0 3958 6340; ppageno 0'>
   <div class='ocr_carea' id='block_1_1' title="bbox 652 374 759 432">
    <p class='ocr_par' dir='ltr' id='par_1_1' title="bbox 652 374 759 432">
     <span class='ocr_line' id='line_1_1' title="bbox 652 374 759 432; baseline 0.037 -4"><span class='ocrx_word' id='word_1_1' title='bbox 652 374 759 432; x_wconf 70' lang='lat'><strong>339</strong></span> 
     </span>
    </p>
   </div>
   <div class='ocr_carea' id='block_1_2' title="bbox 653 449 2244 544">
    <p class='ocr_par' dir='ltr' id='par_1_2' title="bbox 653 467 2219 544">
     <span class='ocr_line' id='line_1_2' title="bbox 653 467 2219 544; baseline -0.015 -1"><span class='ocrx_word' id='word_1_2' title='bbox 653 506 778 543; x_wconf 65' lang='lat' dir='ltr'><strong>cum</strong></span> <span class='ocrx_word' id='word_1_3' title='bbox 811 485 1000 541; x_wconf 88' lang='lat' dir='ltr'><strong>multis</strong></span> <span class='ocrx_word' id='word_1_4' title='bbox 1048 483 1102 539; x_wconf 91' lang='lat' dir='ltr'><strong>in</strong></span> <span class='ocrx_word' id='word_1_5' title='bbox 1150 481 1283 536; x_wconf 90' lang='lat' dir='ltr'><strong>locis</strong></span> <span class='ocrx_word' id='word_1_6' title='bbox 1314 479 1679 543; x_wconf 76' lang='lat' dir='ltr'><strong>declarasset,</strong></span> <span class='ocrx_word' id='word_1_7' title='bbox 1714 477 1882 533; x_wconf 89' lang='lat' dir='ltr'><strong>Deum</strong></span> <span class='ocrx_word' id='word_1_8' title='bbox 1924 467 2219 544; x_wconf 91' lang='lat' dir='ltr'><strong>propitium</strong></span> 
     </span>
    </p>
   </div>
   <div class='ocr_carea' id='block_1_3' title="bbox 2347 449 3055 544">
    <p class='ocr_par' dir='ltr' id='par_1_3' title="bbox 2347 449 3055 515">
     <span class='ocr_line' id='line_1_3' title="bbox 2347 449 3055 515; baseline -0.02 0"><span class='ocrx_word' id='word_1_9' title='bbox 2347 459 2483 515; x_wconf 66' lang='grc' dir='ltr'>ιαυῒδ</span> <span class='ocrx_word' id='word_1_10' title='bbox 2515 461 2562 512; x_wconf 89' lang='grc' dir='ltr'><strong>εί</strong></span> <span class='ocrx_word' id='word_1_11' title='bbox 2594 457 2690 511; x_wconf 68' lang='lat' dir='ltr'><strong>xui.</strong></span> <span class='ocrx_word' id='word_1_12' title='bbox 2734 455 2792 507; x_wconf 91' lang='grc' dir='ltr'><strong>ἐν</strong></span> <span class='ocrx_word' id='word_1_13' title='bbox 2842 449 3055 512; x_wconf 82' lang='grc' dir='ltr'><strong>πολλοῖς</strong></span> 
     </span>
    </p>
   </div>
   <div class='ocr_carea' id='block_1_4' title="bbox 659 560 2230 641">
    <p class='ocr_par' dir='ltr' id='par_1_4' title="bbox 659 560 2230 641">
     <span class='ocr_line' id='line_1_4' title="bbox 659 560 2230 641; baseline -0.013 -9"><span class='ocrx_word' id='word_1_14' title='bbox 659 584 853 632; x_wconf 74' lang='lat' dir='ltr'><strong>metus</strong></span> <span class='ocrx_word' id='word_1_15' title='bbox 878 584 983 630; x_wconf 88' lang='lat' dir='ltr'><strong>est.</strong></span> <span class='ocrx_word' id='word_1_16' title='bbox 1009 580 1310 641; x_wconf 89' lang='lat' dir='ltr'><strong>erutusque</strong></span> <span class='ocrx_word' id='word_1_17' title='bbox 1342 567 1445 624; x_wconf 77' lang='lat' dir='ltr'><strong>fuit</strong></span> <span class='ocrx_word' id='word_1_18' title='bbox 1467 569 1534 625; x_wconf 93' lang='lat' dir='ltr'><strong>de</strong></span> <span class='ocrx_word' id='word_1_19' title='bbox 1556 570 1678 624; x_wconf 92' lang='lat' dir='ltr'><strong>lacu</strong></span> <span class='ocrx_word' id='word_1_20' title='bbox 1710 566 1948 635; x_wconf 74' lang='lat' dir='ltr'><strong>miseria:</strong></span> <span class='ocrx_word' id='word_1_21' title='bbox 1975 568 2029 617; x_wconf 90' lang='lat' dir='ltr'><strong>et</strong></span> <span class='ocrx_word' id='word_1_22' title='bbox 2054 561 2121 616; x_wconf 90' lang='lat' dir='ltr'><strong>de</strong></span> <span class='ocrx_word' id='word_1_23' title='bbox 2153 560 2230 612; x_wconf 91' lang='lat' dir='ltr'><strong>lu-</strong></span> 
     </span>
    </p>
   </div>
   <div class='ocr_carea' id='block_1_5' title="bbox 659 658 2228 734">
    <p class='ocr_par' dir='ltr' id='par_1_5' title="bbox 659 658 2228 734">
     <span class='ocr_line' id='line_1_5' title="bbox 659 658 2228 734; baseline -0.011 -10"><span class='ocrx_word' id='word_1_24' title='bbox 659 679 715 724; x_wconf 91' lang='lat' dir='ltr'><strong>to</strong></span> <span class='ocrx_word' id='word_1_25' title='bbox 746 668 892 723; x_wconf 63' lang='lat' dir='ltr'><strong>faecis</strong></span> <span class='ocrx_word' id='word_1_26' title='bbox 920 685 930 720; x_wconf 93' lang='lat'>:</span> <span class='ocrx_word' id='word_1_27' title='bbox 957 676 1119 734; x_wconf 87' lang='lat' dir='ltr'><strong>atque</strong></span> <span class='ocrx_word' id='word_1_28' title='bbox 1152 664 1208 718; x_wconf 92' lang='lat' dir='ltr'><strong>in</strong></span> <span class='ocrx_word' id='word_1_29' title='bbox 1241 662 1486 732; x_wconf 87' lang='lat' dir='ltr'><strong>tutojam</strong></span> <span class='ocrx_word' id='word_1_30' title='bbox 1529 661 1746 716; x_wconf 89' lang='lat' dir='ltr'><strong>demum</strong></span> <span class='ocrx_word' id='word_1_31' title='bbox 1779 658 2013 730; x_wconf 85' lang='lat' dir='ltr'><strong>positus,</strong></span> <span class='ocrx_word' id='word_1_32' title='bbox 2041 660 2228 722; x_wconf 90' lang='lat' dir='ltr'><strong>utpote</strong></span> 
     </span>
    </p>
   </div>
   <div class='ocr_carea' id='block_1_6' title="bbox 662 752 2227 833">
    <p class='ocr_par' dir='ltr' id='par_1_6' title="bbox 662 752 2227 833">
     <span class='ocr_line' id='line_1_6' title="bbox 662 752 2227 833; baseline -0.015 -14"><span class='ocrx_word' id='word_1_33' title='bbox 662 761 887 833; x_wconf 79' lang='lat' dir='ltr'><strong>pedi-bus</strong></span> <span class='ocrx_word' id='word_1_34' title='bbox 912 759 965 812; x_wconf 93' lang='lat' dir='ltr'><strong>in</strong></span> <span class='ocrx_word' id='word_1_35' title='bbox 989 765 1140 827; x_wconf 89' lang='lat' dir='ltr'><strong>petra</strong></span> <span class='ocrx_word' id='word_1_36' title='bbox 1173 754 1440 817; x_wconf 82' lang='lat' dir='ltr'><strong>ﬁrmatus,</strong></span> <span class='ocrx_word' id='word_1_37' title='bbox 1476 767 1538 807; x_wconf 91' lang='lat' dir='ltr'><strong>ac</strong></span> <span class='ocrx_word' id='word_1_38' title='bbox 1564 752 1778 807; x_wconf 90' lang='lat' dir='ltr'><strong>cantico</strong></span> <span class='ocrx_word' id='word_1_39' title='bbox 1811 762 1952 803; x_wconf 76' lang='lat' dir='ltr'><strong>novo</strong></span> <span class='ocrx_word' id='word_1_40' title='bbox 1979 760 2075 801; x_wconf 89' lang='lat' dir='ltr'><strong>seu</strong></span> <span class='ocrx_word' id='word_1_41' title='bbox 2101 757 2227 798; x_wconf 89' lang='lat' dir='ltr'><strong>vera</strong></span> 
     </span>
    </p>
   </div>
   <div class='ocr_carea' id='block_1_7' title="bbox 659 836 2229 910">
    <p class='ocr_par' dir='ltr' id='par_1_7' title="bbox 659 836 2229 910">
     <span class='ocr_line' id='line_1_7' title="bbox 659 836 2229 910; baseline -0.01 -5"><span class='ocrx_word' id='word_1_42' title='bbox 659 851 725 905; x_wconf 93' lang='lat' dir='ltr'><strong>de</strong></span> <span class='ocrx_word' id='word_1_43' title='bbox 747 848 1031 905; x_wconf 78' lang='lat' dir='ltr'><strong>sacriﬁciis</strong></span> <span class='ocrx_word' id='word_1_44' title='bbox 1060 848 1310 902; x_wconf 87' lang='lat' dir='ltr'><strong>doctrina</strong></span> <span class='ocrx_word' id='word_1_45' title='bbox 1335 845 1589 898; x_wconf 81' lang='lat' dir='ltr'><strong>donatus.</strong></span> <span class='ocrx_word' id='word_1_46' title='bbox 1620 842 1673 897; x_wconf 87' lang='lat' dir='ltr'>id</span> <span class='ocrx_word' id='word_1_47' title='bbox 1708 850 1790 896; x_wconf 90' lang='lat' dir='ltr'><strong>est</strong></span> <span class='ocrx_word' id='word_1_48' title='bbox 1846 836 2229 910; x_wconf 63' lang='lat' dir='ltr'><strong>praedicatione</strong></span> 
     </span>
    </p>
   </div>
   <div class='ocr_carea' id='block_1_8' title="bbox 659 930 2228 1014">
    <p class='ocr_par' dir='ltr' id='par_1_8' title="bbox 659 930 2228 1014">
     <span class='ocr_line' id='line_1_8' title="bbox 659 930 2228 1014; baseline -0.008 -17"><span class='ocrx_word' id='word_1_49' title='bbox 659 957 780 1014; x_wconf 72' lang='lat' dir='ltr'><strong>quae</strong></span> <span class='ocrx_word' id='word_1_50' title='bbox 805 942 858 995; x_wconf 91' lang='lat' dir='ltr'><strong>in</strong></span> <span class='ocrx_word' id='word_1_51' title='bbox 898 939 1143 995; x_wconf 77' lang='lat' dir='ltr'><strong>Ecclesia</strong></span> <span class='ocrx_word' id='word_1_52' title='bbox 1179 936 1273 993; x_wconf 88' lang='lat' dir='ltr'><strong>Dei</strong></span> <span class='ocrx_word' id='word_1_53' title='bbox 1304 951 1499 1006; x_wconf 84' lang='lat' dir='ltr'><strong>magna</strong></span> <span class='ocrx_word' id='word_1_54' title='bbox 1526 936 1666 988; x_wconf 83' lang='lat' dir='ltr'><strong>facta</strong></span> <span class='ocrx_word' id='word_1_55' title='bbox 1691 943 1809 998; x_wconf 88' lang='lat' dir='ltr'><strong>est;</strong></span> <span class='ocrx_word' id='word_1_56' title='bbox 1839 948 1963 987; x_wconf 90' lang='lat' dir='ltr'><strong>nam</strong></span> <span class='ocrx_word' id='word_1_57' title='bbox 1991 930 2122 986; x_wconf 90' lang='lat' dir='ltr'><strong>illud</strong></span> <span class='ocrx_word' id='word_1_58' title='bbox 2145 946 2228 985; x_wconf 89' lang='lat' dir='ltr'><strong>re-</strong></span> 
     </span>
    </p>
   </div>
   <div class='ocr_carea' id='block_1_9' title="bbox 659 1022 2228 1097">
    <p class='ocr_par' dir='ltr' id='par_1_9' title="bbox 659 1022 2228 1097">
     <span class='ocr_line' id='line_1_9' title="bbox 659 1022 2228 1097; baseline -0.007 -11"><span class='ocrx_word' id='word_1_59' title='bbox 659 1049 785 1088; x_wconf 83' lang='lat' dir='ltr'><strong>vera</strong></span> <span class='ocrx_word' id='word_1_60' title='bbox 812 1034 1087 1087; x_wconf 85' lang='lat' dir='ltr'><strong>cauticum</strong></span> <span class='ocrx_word' id='word_1_61' title='bbox 1120 1044 1317 1085; x_wconf 90' lang='lat' dir='ltr'><strong>novum</strong></span> <span class='ocrx_word' id='word_1_62' title='bbox 1348 1036 1488 1091; x_wconf 88' lang='lat' dir='ltr'><strong>erat,</strong></span> <span class='ocrx_word' id='word_1_63' title='bbox 1510 1028 1668 1097; x_wconf 88' lang='lat' dir='ltr'><strong>cujus</strong></span> <span class='ocrx_word' id='word_1_64' title='bbox 1691 1026 1766 1080; x_wconf 88' lang='lat' dir='ltr'><strong>rei</strong></span> <span class='ocrx_word' id='word_1_65' title='bbox 1786 1039 1951 1080; x_wconf 87' lang='lat' dir='ltr'><strong>causa</strong></span> <span class='ocrx_word' id='word_1_66' title='bbox 1977 1022 2228 1093; x_wconf 83' lang='lat' dir='ltr'><strong>superius</strong></span> 
     </span>
    </p>
   </div>
   <div class='ocr_carea' id='block_1_10' title="bbox 660 1119 2226 1182">
    <p class='ocr_par' dir='ltr' id='par_1_10' title="bbox 660 1119 2226 1182">
     <span class='ocr_line' id='line_1_10' title="bbox 660 1119 2226 1182; baseline -0.01 0"><span class='ocrx_word' id='word_1_67' title='bbox 660 1128 874 1182; x_wconf 86' lang='lat' dir='ltr'><strong>dicebat</strong></span> <span class='ocrx_word' id='word_1_68' title='bbox 908 1141 924 1177; x_wconf 96' lang='lat'><em>:</em></span> <span class='ocrx_word' id='word_1_69' title='bbox 964 1123 1029 1177; x_wconf 87' lang='lat' dir='ltr'><strong>Et</strong></span> <span class='ocrx_word' id='word_1_70' title='bbox 1070 1123 1287 1177; x_wconf 76' lang='lat' dir='ltr'><strong>immisit</strong></span> <span class='ocrx_word' id='word_1_71' title='bbox 1320 1122 1374 1175; x_wconf 85' lang='lat' dir='ltr'><strong>in</strong></span> <span class='ocrx_word' id='word_1_72' title='bbox 1417 1138 1474 1174; x_wconf 84' lang='lat' dir='ltr'><strong>os</strong></span> <span class='ocrx_word' id='word_1_73' title='bbox 1500 1137 1665 1174; x_wconf 88' lang='lat' dir='ltr'><strong>meum</strong></span> <span class='ocrx_word' id='word_1_74' title='bbox 1698 1119 1961 1173; x_wconf 79' lang='lat' dir='ltr'><strong>canticum</strong></span> <span class='ocrx_word' id='word_1_75' title='bbox 1992 1130 2181 1169; x_wconf 83' lang='lat' dir='ltr'><strong>novum</strong></span> <span class='ocrx_word' id='word_1_76' title='bbox 2209 1130 2226 1166; x_wconf 92' lang='lat'><em>:</em></span> 
     </span>
    </p>
   </div>
   <div class='ocr_carea' id='block_1_11' title="bbox 663 1208 2229 1279">
    <p class='ocr_par' dir='ltr' id='par_1_11' title="bbox 663 1208 2229 1279">
     <span class='ocr_line' id='line_1_11' title="bbox 663 1208 2229 1279; baseline -0.006 -8"><span class='ocrx_word' id='word_1_77' title='bbox 663 1221 776 1274; x_wconf 70' lang='lat' dir='ltr'><strong>limc</strong></span> <span class='ocrx_word' id='word_1_78' title='bbox 808 1226 1139 1272; x_wconf 89' lang='lat' dir='ltr'><strong>consecutus</strong></span> <span class='ocrx_word' id='word_1_79' title='bbox 1171 1226 1369 1279; x_wconf 90' lang='lat' dir='ltr'><strong>tamen,</strong></span> <span class='ocrx_word' id='word_1_80' title='bbox 1389 1216 1458 1269; x_wconf 92' lang='lat' dir='ltr'><strong>ob</strong></span> <span class='ocrx_word' id='word_1_81' title='bbox 1488 1215 1739 1268; x_wconf 69' lang='lat' dir='ltr'><strong>humanae</strong></span> <span class='ocrx_word' id='word_1_82' title='bbox 1768 1212 1890 1266; x_wconf 70' lang='lat' dir='ltr'><strong>vitae</strong></span> <span class='ocrx_word' id='word_1_83' title='bbox 1922 1208 2229 1279; x_wconf 79' lang='lat' dir='ltr'><strong>corruptio-</strong></span> 
     </span>
    </p>
   </div>
   <div class='ocr_carea' id='block_1_12' title="bbox 664 1298 2225 1378">
    <p class='ocr_par' dir='ltr' id='par_1_12' title="bbox 664 1298 2225 1378">
     <span class='ocr_line' id='line_1_12' title="bbox 664 1298 2225 1378; baseline -0.009 -15"><span class='ocrx_word' id='word_1_84' title='bbox 664 1326 785 1363; x_wconf 88' lang='lat' dir='ltr'><strong>nem</strong></span> <span class='ocrx_word' id='word_1_85' title='bbox 820 1306 1236 1378; x_wconf 84' lang='lat' dir='ltr'><strong>supplicationis</strong></span> <span class='ocrx_word' id='word_1_86' title='bbox 1278 1306 1454 1359; x_wconf 63' lang='lat' dir='ltr'><strong>verba</strong></span> <span class='ocrx_word' id='word_1_87' title='bbox 1477 1302 1723 1364; x_wconf 80' lang='lat' dir='ltr'><strong>resumit,</strong></span> <span class='ocrx_word' id='word_1_88' title='bbox 1757 1314 1820 1353; x_wconf 87' lang='lat' dir='ltr'><strong>ac</strong></span> <span class='ocrx_word' id='word_1_89' title='bbox 1863 1304 2018 1368; x_wconf 81' lang='lat' dir='ltr'><strong>rogat</strong></span> <span class='ocrx_word' id='word_1_90' title='bbox 2064 1298 2225 1350; x_wconf 90' lang='lat' dir='ltr'><strong>obse-</strong></span> 
     </span>
    </p>
   </div>
   <div class='ocr_carea' id='block_1_13' title="bbox 663 1390 2224 1471">
    <p class='ocr_par' dir='ltr' id='par_1_13' title="bbox 663 1390 2224 1471">
     <span class='ocr_line' id='line_1_13' title="bbox 663 1390 2224 1471; baseline -0.008 -16"><span class='ocrx_word' id='word_1_91' title='bbox 663 1408 892 1471; x_wconf 85' lang='lat' dir='ltr'><strong>cratque</strong></span> <span class='ocrx_word' id='word_1_92' title='bbox 916 1410 975 1454; x_wconf 90' lang='lat' dir='ltr'><strong>ut</strong></span> <span class='ocrx_word' id='word_1_93' title='bbox 1011 1416 1038 1452; x_wconf 94' lang='lat' dir='ltr'><strong>a</strong></span> <span class='ocrx_word' id='word_1_94' title='bbox 1066 1397 1158 1452; x_wconf 77' lang='lat' dir='ltr'><strong>Dei</strong></span> <span class='ocrx_word' id='word_1_95' title='bbox 1183 1398 1356 1469; x_wconf 83' lang='lat' dir='ltr'><strong>gratia</strong></span> <span class='ocrx_word' id='word_1_96' title='bbox 1384 1404 1437 1449; x_wconf 90' lang='lat' dir='ltr'><strong>et</strong></span> <span class='ocrx_word' id='word_1_97' title='bbox 1468 1392 1841 1450; x_wconf 86' lang='lat' dir='ltr'><strong>misericordia</strong></span> <span class='ocrx_word' id='word_1_98' title='bbox 1863 1390 2224 1446; x_wconf 86' lang='lat' dir='ltr'><strong>custodiatur.</strong></span> 
     </span>
    </p>
   </div>
   <div class='ocr_carea' id='block_1_14' title="bbox 668 1485 2229 1554">
    <p class='ocr_par' dir='ltr' id='par_1_14' title="bbox 668 1485 2229 1554">
     <span class='ocr_line' id='line_1_14' title="bbox 668 1485 2229 1554; baseline -0.008 -9"><span class='ocrx_word' id='word_1_99' title='bbox 668 1492 764 1547; x_wconf 79' lang='lat' dir='ltr'><strong>liis</strong></span> <span class='ocrx_word' id='word_1_100' title='bbox 791 1492 935 1548; x_wconf 89' lang='lat' dir='ltr'><strong>enim</strong></span> <span class='ocrx_word' id='word_1_101' title='bbox 969 1490 1152 1544; x_wconf 86' lang='lat' dir='ltr'><strong>animo</strong></span> <span class='ocrx_word' id='word_1_102' title='bbox 1183 1488 1491 1543; x_wconf 82' lang='lat' dir='ltr'><strong>revolvebat</strong></span> <span class='ocrx_word' id='word_1_103' title='bbox 1522 1488 1575 1539; x_wconf 94' lang='lat' dir='ltr'><strong>in</strong></span> <span class='ocrx_word' id='word_1_104' title='bbox 1604 1485 2030 1554; x_wconf 89' lang='lat' dir='ltr'><strong>memoriamque</strong></span> <span class='ocrx_word' id='word_1_105' title='bbox 2071 1495 2229 1537; x_wconf 83' lang='lat' dir='ltr'><strong>revo-</strong></span> 
     </span>
    </p>
   </div>
   <div class='ocr_carea' id='block_1_15' title="bbox 666 1572 2230 1653">
    <p class='ocr_par' dir='ltr' id='par_1_15' title="bbox 666 1572 2230 1653">
     <span class='ocr_line' id='line_1_15' title="bbox 666 1572 2230 1653; baseline -0.009 -16"><span class='ocrx_word' id='word_1_106' title='bbox 666 1585 824 1638; x_wconf 88' lang='lat' dir='ltr'><strong>cabat</strong></span> <span class='ocrx_word' id='word_1_107' title='bbox 849 1598 970 1653; x_wconf 78' lang='lat' dir='ltr'><strong>quae</strong></span> <span class='ocrx_word' id='word_1_108' title='bbox 999 1582 1100 1636; x_wconf 88' lang='lat' dir='ltr'><strong>sibi</strong></span> <span class='ocrx_word' id='word_1_109' title='bbox 1133 1581 1285 1650; x_wconf 89' lang='lat' dir='ltr'><strong>prius</strong></span> <span class='ocrx_word' id='word_1_110' title='bbox 1311 1578 1623 1632; x_wconf 81' lang='lat' dir='ltr'><strong>acciderant</strong></span> <span class='ocrx_word' id='word_1_111' title='bbox 1657 1576 1816 1629; x_wconf 87' lang='lat' dir='ltr'><strong>mala.</strong></span> <span class='ocrx_word' id='word_1_112' title='bbox 1843 1572 2099 1628; x_wconf 83' lang='lat' dir='ltr'><strong>Memoria</strong></span> <span class='ocrx_word' id='word_1_113' title='bbox 2127 1573 2230 1625; x_wconf 91' lang='lat' dir='ltr'><strong>ita-</strong></span> 
     </span>
    </p>
   </div>
   <div class='ocr_carea' id='block_1_16' title="bbox 666 1663 2230 1745">
    <p class='ocr_par' dir='ltr' id='par_1_16' title="bbox 666 1663 2230 1745">
     <span class='ocr_line' id='line_1_16' title="bbox 666 1663 2230 1745; baseline -0.006 -17"><span class='ocrx_word' id='word_1_114' title='bbox 666 1690 773 1745; x_wconf 81' lang='lat' dir='ltr'><strong>que</strong></span> <span class='ocrx_word' id='word_1_115' title='bbox 806 1684 1049 1730; x_wconf 86' lang='lat' dir='ltr'><strong>veterum</strong></span> <span class='ocrx_word' id='word_1_116' title='bbox 1092 1672 1387 1733; x_wconf 86' lang='lat' dir='ltr'><strong>malorum,</strong></span> <span class='ocrx_word' id='word_1_117' title='bbox 1418 1669 1694 1723; x_wconf 85' lang='lat' dir='ltr'><strong>cautiores</strong></span> <span class='ocrx_word' id='word_1_118' title='bbox 1732 1682 1835 1722; x_wconf 91' lang='lat' dir='ltr'><strong>nos</strong></span> <span class='ocrx_word' id='word_1_119' title='bbox 1860 1663 2041 1729; x_wconf 72' lang='lat' dir='ltr'><strong>elﬁcit,</strong></span> <span class='ocrx_word' id='word_1_120' title='bbox 2076 1672 2136 1718; x_wconf 93' lang='lat' dir='ltr'><strong>ut</strong></span> <span class='ocrx_word' id='word_1_121' title='bbox 2161 1679 2230 1719; x_wconf 92' lang='lat' dir='ltr'><strong>ne</strong></span> 
     </span>
    </p>
   </div>
   <div class='ocr_carea' id='block_1_17' title="bbox 670 1756 2229 1828">
    <p class='ocr_par' dir='ltr' id='par_1_17' title="bbox 670 1756 2229 1828">
     <span class='ocr_line' id='line_1_17' title="bbox 670 1756 2229 1828; baseline -0.009 -7"><span class='ocrx_word' id='word_1_122' title='bbox 670 1781 861 1821; x_wconf 90' lang='lat' dir='ltr'><strong>rursus</strong></span> <span class='ocrx_word' id='word_1_123' title='bbox 917 1764 972 1818; x_wconf 90' lang='lat' dir='ltr'><strong>in</strong></span> <span class='ocrx_word' id='word_1_124' title='bbox 1012 1779 1075 1816; x_wconf 87' lang='lat' dir='ltr'><strong>ea</strong></span> <span class='ocrx_word' id='word_1_125' title='bbox 1112 1761 1450 1828; x_wconf 86' lang='lat' dir='ltr'><strong>incidamus;</strong></span> <span class='ocrx_word' id='word_1_126' title='bbox 1492 1759 1587 1814; x_wconf 88' lang='lat' dir='ltr'><strong>sed</strong></span> <span class='ocrx_word' id='word_1_127' title='bbox 1636 1759 1801 1812; x_wconf 89' lang='lat' dir='ltr'><strong>etiam</strong></span> <span class='ocrx_word' id='word_1_128' title='bbox 1856 1756 2229 1811; x_wconf 87' lang='lat' dir='ltr'><strong>mutationisa</strong></span> 
     </span>
    </p>
   </div>
   <div class='ocr_carea' id='block_1_18' title="bbox 1320 327 3214 419">
    <p class='ocr_par' dir='ltr' id='par_1_18' title="bbox 1320 327 3214 419">
     <span class='ocr_line' id='line_1_18' title="bbox 1320 327 3214 419; baseline -0.019 0"><span class='ocrx_word' id='word_1_129' title='bbox 1320 359 1588 419; x_wconf 77' lang='lat' dir='ltr'><strong>EUSEBII</strong></span> <span class='ocrx_word' id='word_1_130' title='bbox 1626 347 2111 415; x_wconf 62' lang='lat' dir='ltr'><strong>CASSARIENSIS</strong></span> <span class='ocrx_word' id='word_1_131' title='bbox 2147 342 2299 404; x_wconf 74' lang='grc' dir='ltr'><strong>ΟῙῬ.</strong></span> <span class='ocrx_word' id='word_1_132' title='bbox 2346 338 2545 398; x_wconf 78' lang='lat' dir='ltr'><strong>PARS.</strong></span> <span class='ocrx_word' id='word_1_133' title='bbox 2589 338 2767 395; x_wconf 85' lang='grc' dir='ltr'>ιιι.-</span> <span class='ocrx_word' id='word_1_134' title='bbox 2805 327 3214 388; x_wconf 76' lang='lat' dir='ltr'><strong>EXECETICA.</strong></span> 
     </span>
    </p>
   </div>
   <div class='ocr_carea' id='block_1_19' title="bbox 3778 320 3869 374">
    <p class='ocr_par' dir='ltr' id='par_1_19' title="bbox 3778 320 3869 374">
     <span class='ocr_line' id='line_1_19' title="bbox 3778 320 3869 374; baseline -0.011 0"><span class='ocrx_word' id='word_1_135' title='bbox 3778 320 3869 374; x_wconf 76' lang='lat'><strong>560</strong></span> 
     </span>
    </p>
   </div>
   <div class='ocr_carea' id='block_1_20' title="bbox 3102 436 3877 513">
    <p class='ocr_par' dir='ltr' id='par_1_20' title="bbox 3102 436 3877 513">
     <span class='ocr_line' id='line_1_20' title="bbox 3102 436 3877 513; baseline -0.017 -13"><span class='ocrx_word' id='word_1_136' title='bbox 3102 441 3500 513; x_wconf 76' lang='grc' dir='ltr'>ἐνδειξάμενος,</span> <span class='ocrx_word' id='word_1_137' title='bbox 3554 437 3737 507; x_wconf 76' lang='grc' dir='ltr'>ἔτυχεν</span> <span class='ocrx_word' id='word_1_138' title='bbox 3787 436 3877 489; x_wconf 77' lang='grc' dir='ltr'><strong>ὑπ-</strong></span> 
     </span>
    </p>
   </div>
   <div class='ocr_carea' id='block_1_21' title="bbox 2328 528 3879 627">
    <p class='ocr_par' dir='ltr' id='par_1_21' title="bbox 2328 528 3879 627">
     <span class='ocr_line' id='line_1_21' title="bbox 2328 528 3879 627; baseline -0.021 -18"><span class='ocrx_word' id='word_1_139' title='bbox 2328 554 2490 627; x_wconf 88' lang='grc' dir='ltr'>ηκόου</span> <span class='ocrx_word' id='word_1_140' title='bbox 2524 549 2616 605; x_wconf 80' lang='grc' dir='ltr'>τοῦ</span> <span class='ocrx_word' id='word_1_141' title='bbox 2650 545 2805 610; x_wconf 83' lang='grc' dir='ltr'><strong>Θεοῦ,</strong></span> <span class='ocrx_word' id='word_1_142' title='bbox 2832 537 3171 613; x_wconf 74' lang='grc' dir='ltr'>ὴλευθέρωτό</span> <span class='ocrx_word' id='word_1_143' title='bbox 3191 552 3249 590; x_wconf 88' lang='grc' dir='ltr'><strong>τε</strong></span> <span class='ocrx_word' id='word_1_144' title='bbox 3291 536 3355 587; x_wconf 84' lang='grc' dir='ltr'>ὲκ</span> <span class='ocrx_word' id='word_1_145' title='bbox 3382 532 3589 585; x_wconf 81' lang='grc' dir='ltr'>λάκκου</span> <span class='ocrx_word' id='word_1_146' title='bbox 3630 528 3879 627; x_wconf 47' lang='grc' dir='ltr'>ταλαιπιῗν</span> 
     </span>
    </p>
   </div>
   <div class='ocr_carea' id='block_1_22' title="bbox 2332 614 3879 722">
    <p class='ocr_par' dir='ltr' id='par_1_22' title="bbox 2332 614 3879 722">
     <span class='ocr_line' id='line_1_22' title="bbox 2332 614 3879 722; baseline -0.021 -19"><span class='ocrx_word' id='word_1_147' title='bbox 2332 614 2451 722; x_wconf 69' lang='grc' dir='ltr'>ρίας</span> <span class='ocrx_word' id='word_1_148' title='bbox 2479 646 2573 699; x_wconf 71' lang='grc' dir='ltr'><strong>καὶ</strong></span> <span class='ocrx_word' id='word_1_149' title='bbox 2594 641 2702 695; x_wconf 83' lang='grc' dir='ltr'><strong>ἀπὺ</strong></span> <span class='ocrx_word' id='word_1_150' title='bbox 2732 635 2905 711; x_wconf 81' lang='grc' dir='ltr'>πηλοῦ</span> <span class='ocrx_word' id='word_1_151' title='bbox 2941 633 3080 697; x_wconf 83' lang='grc' dir='ltr'>ἰλύος</span> <span class='ocrx_word' id='word_1_152' title='bbox 3100 647 3112 662; x_wconf 89' lang='grc'><strong>·</strong></span> <span class='ocrx_word' id='word_1_153' title='bbox 3149 632 3208 682; x_wconf 82' lang='grc' dir='ltr'>ὲν</span> <span class='ocrx_word' id='word_1_154' title='bbox 3241 624 3472 696; x_wconf 81' lang='grc' dir='ltr'>ἀσφαλεῖ</span> <span class='ocrx_word' id='word_1_155' title='bbox 3493 640 3555 676; x_wconf 87' lang='grc' dir='ltr'><strong>τε</strong></span> <span class='ocrx_word' id='word_1_156' title='bbox 3587 621 3686 693; x_wconf 74' lang='grc' dir='ltr'>ἢδη</span> <span class='ocrx_word' id='word_1_157' title='bbox 3715 614 3879 673; x_wconf 56' lang='grc' dir='ltr'>λοιπὸν</span> 
     </span>
    </p>
   </div>
   <div class='ocr_carea' id='block_1_23' title="bbox 2330 712 3878 809">
    <p class='ocr_par' dir='ltr' id='par_1_23' title="bbox 2330 712 3878 809">
     <span class='ocr_line' id='line_1_23' title="bbox 2330 712 3878 809; baseline -0.02 -17"><span class='ocrx_word' id='word_1_158' title='bbox 2330 712 2569 809; x_wconf 62' lang='grc' dir='ltr'>ξστήκει,</span> <span class='ocrx_word' id='word_1_159' title='bbox 2604 733 2679 796; x_wconf 81' lang='grc' dir='ltr'><strong>ὡς</strong></span> <span class='ocrx_word' id='word_1_160' title='bbox 2704 730 2769 785; x_wconf 84' lang='grc' dir='ltr'>ἂν</span> <span class='ocrx_word' id='word_1_161' title='bbox 2792 724 3120 802; x_wconf 51' lang='grc' dir='ltr'>ἐπιεπέτραν</span> <span class='ocrx_word' id='word_1_162' title='bbox 3144 722 3267 783; x_wconf 87' lang='grc' dir='ltr'>τοὺς</span> <span class='ocrx_word' id='word_1_163' title='bbox 3295 718 3462 779; x_wconf 87' lang='grc' dir='ltr'>πόδας</span> <span class='ocrx_word' id='word_1_164' title='bbox 3488 712 3878 809; x_wconf 65' lang='grc' dir='ltr'>ἐρηρεισμένος,</span> 
     </span>
    </p>
   </div>
   <div class='ocr_carea' id='block_1_24' title="bbox 2329 800 3883 897">
    <p class='ocr_par' dir='ltr' id='par_1_24' title="bbox 2329 800 3883 897">
     <span class='ocr_line' id='line_1_24' title="bbox 2329 800 3883 897; baseline -0.02 -15"><span class='ocrx_word' id='word_1_165' title='bbox 2329 828 2421 882; x_wconf 80' lang='grc' dir='ltr'><strong>καὶ</strong></span> <span class='ocrx_word' id='word_1_166' title='bbox 2446 800 2693 897; x_wconf 46' lang='grc' dir='ltr'>’ᾅσματος</span> <span class='ocrx_word' id='word_1_167' title='bbox 2727 800 2913 873; x_wconf 77' lang='grc' dir='ltr'>καινοῦ</span> <span class='ocrx_word' id='word_1_168' title='bbox 2934 812 3236 886; x_wconf 69' lang='grc' dir='ltr'>ἠξιωμένος</span> <span class='ocrx_word' id='word_1_169' title='bbox 3263 807 3358 863; x_wconf 78' lang='grc' dir='ltr'>τοῦ</span> <span class='ocrx_word' id='word_1_170' title='bbox 3389 806 3515 877; x_wconf 77' lang='grc' dir='ltr'>περὶ</span> <span class='ocrx_word' id='word_1_171' title='bbox 3548 803 3745 859; x_wconf 84' lang='grc' dir='ltr'>θυσιῶν</span> <span class='ocrx_word' id='word_1_172' title='bbox 3768 800 3883 869; x_wconf 76' lang='grc' dir='ltr'>ἀλη-</span> 
     </span>
    </p>
   </div>
   <div class='ocr_carea' id='block_1_25' title="bbox 2329 890 3884 983">
    <p class='ocr_par' dir='ltr' id='par_1_25' title="bbox 2329 890 3884 983">
     <span class='ocr_line' id='line_1_25' title="bbox 2329 890 3884 983; baseline -0.02 -12"><span class='ocrx_word' id='word_1_173' title='bbox 2329 916 2454 981; x_wconf 79' lang='grc' dir='ltr'>θοῦς</span> <span class='ocrx_word' id='word_1_174' title='bbox 2484 909 2927 983; x_wconf 62' lang='grc' dir='ltr'>λόγουητουτέστι</span> <span class='ocrx_word' id='word_1_175' title='bbox 2972 905 3065 959; x_wconf 81' lang='grc' dir='ltr'><strong>τοῦ</strong></span> <span class='ocrx_word' id='word_1_176' title='bbox 3106 905 3172 973; x_wconf 80' lang='grc' dir='ltr'>τῇ</span> <span class='ocrx_word' id='word_1_177' title='bbox 3216 897 3511 967; x_wconf 75' lang='grc' dir='ltr'>Ἐκκλησία</span> <span class='ocrx_word' id='word_1_178' title='bbox 3545 893 3641 947; x_wconf 81' lang='grc' dir='ltr'>τοῦ</span> <span class='ocrx_word' id='word_1_179' title='bbox 3674 890 3801 945; x_wconf 81' lang='grc' dir='ltr'><strong>Θεοῦ</strong></span> <span class='ocrx_word' id='word_1_180' title='bbox 3827 893 3884 959; x_wconf 74' lang='grc' dir='ltr'>τῇ</span> 
     </span>
    </p>
   </div>
   <div class='ocr_carea' id='block_1_26' title="bbox 2333 979 3887 1083">
    <p class='ocr_par' dir='ltr' id='par_1_26' title="bbox 2333 979 3887 1083">
     <span class='ocr_line' id='line_1_26' title="bbox 2333 979 3887 1083; baseline -0.021 -19"><span class='ocrx_word' id='word_1_181' title='bbox 2333 979 2568 1083; x_wconf 21' lang='grc' dir='ltr'>μεγάλῃγ</span> <span class='ocrx_word' id='word_1_182' title='bbox 2589 1000 3046 1083; x_wconf 75' lang='grc' dir='ltr'>εὐηγγελισμένου</span> <span class='ocrx_word' id='word_1_183' title='bbox 3086 992 3439 1066; x_wconf 78' lang='grc' dir='ltr'><strong>κηρύγματος</strong></span> <span class='ocrx_word' id='word_1_184' title='bbox 3458 1005 3470 1018; x_wconf 91' lang='grc'><strong>·</strong></span> <span class='ocrx_word' id='word_1_185' title='bbox 3515 985 3674 1040; x_wconf 73' lang='grc' dir='ltr'>τοῦτο</span> <span class='ocrx_word' id='word_1_186' title='bbox 3703 984 3809 1054; x_wconf 67' lang='grc' dir='ltr'>γὰρ</span> <span class='ocrx_word' id='word_1_187' title='bbox 3828 979 3887 1051; x_wconf 72' lang='grc' dir='ltr'>ἦν</span> 
     </span>
    </p>
   </div>
   <div class='ocr_carea' id='block_1_27' title="bbox 2327 1076 3889 1171">
    <p class='ocr_par' dir='ltr' id='par_1_27' title="bbox 2327 1076 3889 1171">
     <span class='ocr_line' id='line_1_27' title="bbox 2327 1076 3889 1171; baseline 0.003 -13"><span class='ocrx_word' id='word_1_188' title='bbox 2327 1076 2389 1159; x_wconf 79' lang='grc' dir='ltr'><strong>τὸ</strong></span> <span class='ocrx_word' id='word_1_189' title='bbox 2415 1076 2605 1157; x_wconf 72' lang='grc' dir='ltr'>καινὸν</span> <span class='ocrx_word' id='word_1_190' title='bbox 2640 1076 2812 1171; x_wconf 73' lang='grc' dir='ltr'>ᾆσμα,</span> <span class='ocrx_word' id='word_1_191' title='bbox 2868 1082 3122 1169; x_wconf 62' lang='grc' dir='ltr'><strong>οὖρκᾶριν</strong></span> <span class='ocrx_word' id='word_1_192' title='bbox 3156 1087 3411 1158; x_wconf 67' lang='grc' dir='ltr'><strong>ἀνωτέρω</strong></span> <span class='ocrx_word' id='word_1_193' title='bbox 3446 1083 3600 1151; x_wconf 67' lang='grc' dir='ltr'><strong>ἔλεγε</strong></span> <span class='ocrx_word' id='word_1_194' title='bbox 3621 1097 3636 1113; x_wconf 83' lang='grc'><em>’</em></span> <span class='ocrx_word' id='word_1_195' title='bbox 3664 1078 3771 1171; x_wconf 46' lang='grc' dir='ltr'><strong>Κᾳζ</strong></span> <span class='ocrx_word' id='word_1_196' title='bbox 3800 1076 3889 1171; x_wconf 54' lang='grc' dir='ltr'><strong>έξνξ</strong></span> 
     </span>
    </p>
   </div>
   <div class='ocr_carea' id='block_1_28' title="bbox 2328 1160 3890 1259">
    <p class='ocr_par' dir='ltr' id='par_1_28' title="bbox 2328 1160 3890 1259">
     <span class='ocr_line' id='line_1_28' title="bbox 2328 1160 3890 1259; baseline -0.02 -8"><span class='ocrx_word' id='word_1_197' title='bbox 2328 1196 2543 1251; x_wconf 77' lang='grc' dir='ltr'>έόαλεν</span> <span class='ocrx_word' id='word_1_198' title='bbox 2567 1160 2737 1259; x_wconf 50' lang='grc' dir='ltr'>εις-’τό</span> <span class='ocrx_word' id='word_1_199' title='bbox 2763 1160 3089 1257; x_wconf 47' lang='grc' dir='ltr'>στόμαξιου</span> <span class='ocrx_word' id='word_1_200' title='bbox 3110 1178 3273 1252; x_wconf 81' lang='grc' dir='ltr'>ᾆσμα</span> <span class='ocrx_word' id='word_1_201' title='bbox 3299 1177 3525 1233; x_wconf 69' lang='grc' dir='ltr'>καινόν·</span> <span class='ocrx_word' id='word_1_202' title='bbox 3549 1174 3696 1244; x_wconf 80' lang='grc' dir='ltr'>ὅμως</span> <span class='ocrx_word' id='word_1_203' title='bbox 3719 1170 3764 1224; x_wconf 74' lang='grc' dir='ltr'>δ’</span> <span class='ocrx_word' id='word_1_204' title='bbox 3787 1160 3890 1228; x_wconf 58' lang='lat' dir='ltr'><strong>otii,</strong></span> 
     </span>
    </p>
   </div>
   <div class='ocr_carea' id='block_1_29' title="bbox 2327 1259 3896 1355">
    <p class='ocr_par' dir='ltr' id='par_1_29' title="bbox 2327 1259 3896 1355">
     <span class='ocr_line' id='line_1_29' title="bbox 2327 1259 3896 1355; baseline -0.02 -10"><span class='ocrx_word' id='word_1_205' title='bbox 2327 1289 2594 1345; x_wconf 82' lang='grc' dir='ltr'><strong>τοσούτων</strong></span> <span class='ocrx_word' id='word_1_206' title='bbox 2630 1282 2962 1355; x_wconf 84' lang='grc' dir='ltr'>τετυχηκὼς,</span> <span class='ocrx_word' id='word_1_207' title='bbox 2989 1278 3078 1332; x_wconf 86' lang='grc' dir='ltr'><strong>διά</strong></span> <span class='ocrx_word' id='word_1_208' title='bbox 3115 1278 3177 1330; x_wconf 85' lang='grc' dir='ltr'><strong>τὸ</strong></span> <span class='ocrx_word' id='word_1_209' title='bbox 3230 1272 3429 1346; x_wconf 84' lang='grc' dir='ltr'>σαθρὸν</span> <span class='ocrx_word' id='word_1_210' title='bbox 3475 1269 3577 1339; x_wconf 80' lang='grc' dir='ltr'><strong>τῆς</strong></span> <span class='ocrx_word' id='word_1_211' title='bbox 3610 1268 3667 1319; x_wconf 77' lang='grc' dir='ltr'><strong>ἐν</strong></span> <span class='ocrx_word' id='word_1_212' title='bbox 3695 1259 3896 1333; x_wconf 84' lang='grc' dir='ltr'>ἀνθρώ-</span> 
     </span>
    </p>
   </div>
   <div class='ocr_carea' id='block_1_30' title="bbox 2330 1357 3894 1450">
    <p class='ocr_par' dir='ltr' id='par_1_30' title="bbox 2330 1357 3894 1450">
     <span class='ocr_line' id='line_1_30' title="bbox 2330 1357 3894 1450; baseline -0.019 -13"><span class='ocrx_word' id='word_1_213' title='bbox 2330 1400 2451 1445; x_wconf 85' lang='grc' dir='ltr'>ποις</span> <span class='ocrx_word' id='word_1_214' title='bbox 2480 1380 2621 1450; x_wconf 73' lang='grc' dir='ltr'>ςωῆς</span> <span class='ocrx_word' id='word_1_215' title='bbox 2650 1373 3089 1446; x_wconf 80' lang='grc' dir='ltr'>ἐπαναλαμϐάνει</span> <span class='ocrx_word' id='word_1_216' title='bbox 3113 1371 3239 1433; x_wconf 81' lang='grc' dir='ltr'>τοὺς</span> <span class='ocrx_word' id='word_1_217' title='bbox 3264 1366 3362 1437; x_wconf 83' lang='grc' dir='ltr'>τῆς</span> <span class='ocrx_word' id='word_1_218' title='bbox 3384 1360 3665 1434; x_wconf 77' lang='grc' dir='ltr'><strong>ἱκετηρίας</strong></span> <span class='ocrx_word' id='word_1_219' title='bbox 3692 1357 3894 1425; x_wconf 78' lang='grc' dir='ltr'>λόγους,</span> 
     </span>
    </p>
   </div>
   <div class='ocr_carea' id='block_1_31' title="bbox 2329 1450 3898 1534">
    <p class='ocr_par' dir='ltr' id='par_1_31' title="bbox 2329 1450 3898 1534">
     <span class='ocr_line' id='line_1_31' title="bbox 2329 1450 3898 1534; baseline -0.02 -4"><span class='ocrx_word' id='word_1_220' title='bbox 2329 1473 2597 1529; x_wconf 77' lang='grc' dir='ltr'>ἀντιϐολεῖ</span> <span class='ocrx_word' id='word_1_221' title='bbox 2628 1488 2688 1524; x_wconf 88' lang='grc' dir='ltr'><strong>τε</strong></span> <span class='ocrx_word' id='word_1_222' title='bbox 2714 1470 2820 1523; x_wconf 70' lang='grc' dir='ltr'>καὶ.</span> <span class='ocrx_word' id='word_1_223' title='bbox 2838 1467 3016 1520; x_wconf 84' lang='grc' dir='ltr'>δέεται</span> <span class='ocrx_word' id='word_1_224' title='bbox 3041 1457 3401 1534; x_wconf 78' lang='grc' dir='ltr'>φυλάττεσθαι</span> <span class='ocrx_word' id='word_1_225' title='bbox 3428 1454 3533 1508; x_wconf 81' lang='grc' dir='ltr'>ὑπὸ</span> <span class='ocrx_word' id='word_1_226' title='bbox 3554 1452 3654 1521; x_wconf 76' lang='grc' dir='ltr'>τῆς</span> <span class='ocrx_word' id='word_1_227' title='bbox 3686 1450 3898 1519; x_wconf 76' lang='grc' dir='ltr'>χάριτος</span> 
     </span>
    </p>
   </div>
   <div class='ocr_carea' id='block_1_32' title="bbox 2330 1539 3901 1623">
    <p class='ocr_par' dir='ltr' id='par_1_32' title="bbox 2330 1539 3901 1623">
     <span class='ocr_line' id='line_1_32' title="bbox 2330 1539 3901 1623; baseline -0.02 -1"><span class='ocrx_word' id='word_1_228' title='bbox 2330 1568 2423 1623; x_wconf 80' lang='grc' dir='ltr'>καὶ</span> <span class='ocrx_word' id='word_1_229' title='bbox 2445 1566 2539 1621; x_wconf 79' lang='grc' dir='ltr'>τοῦ</span> <span class='ocrx_word' id='word_1_230' title='bbox 2563 1565 2711 1618; x_wconf 89' lang='grc' dir='ltr'>ἐλέου</span> <span class='ocrx_word' id='word_1_231' title='bbox 2736 1561 2828 1617; x_wconf 76' lang='grc' dir='ltr'>τοῦ</span> <span class='ocrx_word' id='word_1_232' title='bbox 2846 1560 3001 1615; x_wconf 78' lang='grc' dir='ltr'>Θεοῦ.</span> <span class='ocrx_word' id='word_1_233' title='bbox 3022 1560 3216 1611; x_wconf 80' lang='grc' dir='ltr'>Ἀνεπε</span> <span class='ocrx_word' id='word_1_234' title='bbox 3226 1551 3469 1623; x_wconf 79' lang='grc' dir='ltr'>μπάζετο</span> <span class='ocrx_word' id='word_1_235' title='bbox 3482 1546 3593 1618; x_wconf 85' lang='grc' dir='ltr'><strong>γάρ</strong></span> <span class='ocrx_word' id='word_1_236' title='bbox 3606 1543 3693 1597; x_wconf 89' lang='grc' dir='ltr'><strong>διά</strong></span> <span class='ocrx_word' id='word_1_237' title='bbox 3706 1539 3901 1595; x_wconf 83' lang='grc' dir='ltr'>τούτων</span> 
     </span>
    </p>
   </div>
   <div class='ocr_carea' id='block_1_33' title="bbox 2329 1632 3902 1728">
    <p class='ocr_par' dir='ltr' id='par_1_33' title="bbox 2329 1632 3902 1728">
     <span class='ocr_line' id='line_1_33' title="bbox 2329 1632 3902 1728; baseline -0.019 -14"><span class='ocrx_word' id='word_1_238' title='bbox 2329 1662 2425 1713; x_wconf 74' lang='grc' dir='ltr'>καὶ</span> <span class='ocrx_word' id='word_1_239' title='bbox 2446 1658 2678 1714; x_wconf 83' lang='grc' dir='ltr'>ἀνεπόλα</span> <span class='ocrx_word' id='word_1_240' title='bbox 2692 1657 2769 1728; x_wconf 85' lang='grc'><strong>(1)</strong></span> <span class='ocrx_word' id='word_1_241' title='bbox 2789 1654 2857 1708; x_wconf 81' lang='grc' dir='ltr'>τὰ</span> <span class='ocrx_word' id='word_1_242' title='bbox 2871 1652 3135 1725; x_wconf 88' lang='grc' dir='ltr'>πρότερον</span> <span class='ocrx_word' id='word_1_243' title='bbox 3156 1643 3304 1715; x_wconf 76' lang='grc' dir='ltr'>αὐτῷ</span> <span class='ocrx_word' id='word_1_244' title='bbox 3332 1660 3393 1696; x_wconf 88' lang='grc' dir='ltr'><strong>συ</strong></span> <span class='ocrx_word' id='word_1_245' title='bbox 3401 1637 3718 1713; x_wconf 78' lang='grc' dir='ltr'>μόεὸηκότα</span> <span class='ocrx_word' id='word_1_246' title='bbox 3743 1632 3902 1728; x_wconf 68' lang='grc' dir='ltr'>κο.κά</span> 
     </span>
    </p>
   </div>
   <div class='ocr_carea' id='block_1_34' title="bbox 2343 1724 3905 1820">
    <p class='ocr_par' dir='ltr' id='par_1_34' title="bbox 2343 1724 3905 1820">
     <span class='ocr_line' id='line_1_34' title="bbox 2343 1724 3905 1820; baseline -0.019 -14"><span class='ocrx_word' id='word_1_247' title='bbox 2343 1753 2405 1804; x_wconf 89' lang='lat' dir='ltr'><strong>&#39;H</strong></span> <span class='ocrx_word' id='word_1_248' title='bbox 2440 1750 2569 1820; x_wconf 75' lang='grc' dir='ltr'>γοῦν</span> <span class='ocrx_word' id='word_1_249' title='bbox 2604 1750 2788 1820; x_wconf 79' lang='grc' dir='ltr'>μνήμη</span> <span class='ocrx_word' id='word_1_250' title='bbox 2834 1745 2946 1803; x_wconf 73' lang='grc' dir='ltr'><strong>τῶν</strong></span> <span class='ocrx_word' id='word_1_251' title='bbox 2968 1738 3234 1796; x_wconf 76' lang='grc' dir='ltr'>παλαιῶν</span> <span class='ocrx_word' id='word_1_252' title='bbox 3266 1734 3473 1797; x_wconf 84' lang='grc' dir='ltr'>κακῶν,</span> <span class='ocrx_word' id='word_1_253' title='bbox 3506 1724 3905 1802; x_wconf 79' lang='grc' dir='ltr'>φυλακτικωτέ-</span> 
     </span>
    </p>
   </div>
   <div class='ocr_carea' id='block_1_35' title="bbox 669 1816 2244 1929">
    <p class='ocr_par' dir='ltr' id='par_1_35' title="bbox 669 1846 2241 1929">
     <span class='ocr_line' id='line_1_35' title="bbox 669 1846 2241 1929; baseline -0.008 -17"><span class='ocrx_word' id='word_1_254' title='bbox 669 1857 947 1929; x_wconf 81' lang='lat' dir='ltr'><strong>pejoribus</strong></span> <span class='ocrx_word' id='word_1_255' title='bbox 972 1854 1038 1910; x_wconf 89' lang='lat' dir='ltr'><strong>ad</strong></span> <span class='ocrx_word' id='word_1_256' title='bbox 1061 1855 1283 1910; x_wconf 87' lang='lat' dir='ltr'><strong>meliora</strong></span> <span class='ocrx_word' id='word_1_257' title='bbox 1314 1849 1641 1909; x_wconf 87' lang='lat' dir='ltr'><strong>recordatio.</strong></span> <span class='ocrx_word' id='word_1_258' title='bbox 1661 1858 1843 1918; x_wconf 85' lang='lat' dir='ltr'><strong>gratos</strong></span> <span class='ocrx_word' id='word_1_259' title='bbox 1871 1846 2047 1901; x_wconf 87' lang='lat' dir='ltr'><strong>reddit</strong></span> <span class='ocrx_word' id='word_1_260' title='bbox 2079 1854 2241 1915; x_wconf 90' lang='lat' dir='ltr'><strong>atque</strong></span> 
     </span>
    </p>
   </div>
   <div class='ocr_carea' id='block_1_36' title="bbox 2347 1816 3909 1929">
    <p class='ocr_par' dir='ltr' id='par_1_36' title="bbox 2348 1816 3909 1929">
     <span class='ocr_line' id='line_1_36' title="bbox 2348 1816 3909 1929; baseline -0.031 -13"><span class='ocrx_word' id='word_1_261' title='bbox 2348 1816 2471 1915; x_wconf 56' lang='lat' dir='ltr'><strong>900i</strong></span> <span class='ocrx_word' id='word_1_262' title='bbox 2518 1816 2665 1911; x_wconf 62' lang='grc' dir='ltr'><strong>ήμᾶς</strong></span> <span class='ocrx_word' id='word_1_263' title='bbox 2692 1816 3062 1908; x_wconf 56' lang='grc' dir='ltr'>ἇπέργάζεται</span> <span class='ocrx_word' id='word_1_264' title='bbox 3094 1826 3229 1902; x_wconf 82' lang='grc' dir='ltr'>πρὸς</span> <span class='ocrx_word' id='word_1_265' title='bbox 3256 1827 3319 1881; x_wconf 82' lang='grc' dir='ltr'>τὸ</span> <span class='ocrx_word' id='word_1_266' title='bbox 3356 1826 3429 1898; x_wconf 80' lang='grc' dir='ltr'>μὴ</span> <span class='ocrx_word' id='word_1_267' title='bbox 3463 1820 3619 1886; x_wconf 80' lang='grc' dir='ltr'>αὖθις</span> <span class='ocrx_word' id='word_1_268' title='bbox 3664 1822 3779 1929; x_wconf 75' lang='grc' dir='ltr'>τοῖς</span> <span class='ocrx_word' id='word_1_269' title='bbox 3822 1816 3909 1919; x_wconf 51' lang='grc' dir='ltr'>αύ-</span> 
     </span>
    </p>
   </div>
   <div class='ocr_carea' id='block_1_37' title="bbox 667 1909 2244 2010">
    <p class='ocr_par' dir='ltr' id='par_1_37' title="bbox 667 1909 2232 2010">
     <span class='ocr_line' id='line_1_37' title="bbox 667 1909 2232 2010; baseline -0.008 -7"><span class='ocrx_word' id='word_1_270' title='bbox 667 1950 735 2004; x_wconf 89' lang='lat' dir='ltr'><strong>ad</strong></span> <span class='ocrx_word' id='word_1_271' title='bbox 757 1949 1056 2004; x_wconf 86' lang='lat' dir='ltr'><strong>cavendum</strong></span> <span class='ocrx_word' id='word_1_272' title='bbox 1082 1946 1421 2001; x_wconf 53' lang='lat' dir='ltr'><strong>intentiores.</strong></span> <span class='ocrx_word' id='word_1_273' title='bbox 1456 1941 1587 1996; x_wconf 81' lang='lat' dir='ltr'><strong>Jure</strong></span> <span class='ocrx_word' id='word_1_274' title='bbox 1619 1942 1801 2009; x_wconf 89' lang='lat' dir='ltr'><strong>itaque</strong></span> <span class='ocrx_word' id='word_1_275' title='bbox 1829 1909 2232 2010; x_wconf 80' lang='lat' dir='ltr'><strong>praeteritarum</strong></span> 
     </span>
    </p>
   </div>
   <div class='ocr_carea' id='block_1_38' title="bbox 2347 1909 3909 2010">
    <p class='ocr_par' dir='ltr' id='par_1_38' title="bbox 2347 1909 3909 2007">
     <span class='ocr_line' id='line_1_38' title="bbox 2347 1909 3909 2007; baseline -0.018 -19"><span class='ocrx_word' id='word_1_276' title='bbox 2347 1909 2446 1997; x_wconf 71' lang='grc' dir='ltr'>τοῖς</span> <span class='ocrx_word' id='word_1_277' title='bbox 2468 1909 2781 2003; x_wconf 78' lang='grc' dir='ltr'>περιπεσεῖν</span> <span class='ocrx_word' id='word_1_278' title='bbox 2801 1947 2814 1960; x_wconf 91' lang='grc'><strong>·</strong></span> <span class='ocrx_word' id='word_1_279' title='bbox 2842 1926 2977 1983; x_wconf 90' lang='grc' dir='ltr'><strong>ἀλλά</strong></span> <span class='ocrx_word' id='word_1_280' title='bbox 2998 1927 3091 1979; x_wconf 76' lang='grc' dir='ltr'><strong>καὶ</strong></span> <span class='ocrx_word' id='word_1_281' title='bbox 3112 1925 3207 1994; x_wconf 84' lang='grc' dir='ltr'>τῆς</span> <span class='ocrx_word' id='word_1_282' title='bbox 3234 1918 3535 2007; x_wconf 76' lang='grc' dir='ltr'>μεταϐολῆς</span> <span class='ocrx_word' id='word_1_283' title='bbox 3559 1916 3659 1986; x_wconf 82' lang='grc' dir='ltr'>τῆς</span> <span class='ocrx_word' id='word_1_284' title='bbox 3680 1910 3791 1966; x_wconf 72' lang='grc' dir='ltr'><strong>ἀπο</strong></span> <span class='ocrx_word' id='word_1_285' title='bbox 3808 1909 3909 1962; x_wconf 83' lang='grc' dir='ltr'><strong>τῶν</strong></span> 
     </span>
    </p>
   </div>
   <div class='ocr_carea' id='block_1_39' title="bbox 668 2031 2231 2114">
    <p class='ocr_par' dir='ltr' id='par_1_39' title="bbox 668 2031 2231 2114">
     <span class='ocr_line' id='line_1_39' title="bbox 668 2031 2231 2114; baseline -0.008 -17"><span class='ocrx_word' id='word_1_286' title='bbox 668 2044 1017 2114; x_wconf 83' lang='lat' dir='ltr'><strong>iniquitatum</strong></span> <span class='ocrx_word' id='word_1_287' title='bbox 1072 2038 1387 2094; x_wconf 85' lang='lat' dir='ltr'><strong>memoriam</strong></span> <span class='ocrx_word' id='word_1_288' title='bbox 1426 2034 1962 2102; x_wconf 82' lang='lat' dir='ltr'><strong>relrical,docetque</strong></span> <span class='ocrx_word' id='word_1_289' title='bbox 2015 2031 2231 2086; x_wconf 86' lang='lat' dir='ltr'><strong>easdem</strong></span> 
     </span>
    </p>
   </div>
   <div class='ocr_carea' id='block_1_40' title="bbox 670 2119 2235 2200">
    <p class='ocr_par' dir='ltr' id='par_1_40' title="bbox 670 2119 2235 2200">
     <span class='ocr_line' id='line_1_40' title="bbox 670 2119 2235 2200; baseline -0.007 -17"><span class='ocrx_word' id='word_1_290' title='bbox 670 2130 987 2200; x_wconf 86' lang='lat' dir='ltr'><strong>iniquitates</strong></span> <span class='ocrx_word' id='word_1_291' title='bbox 1008 2126 1111 2184; x_wconf 85' lang='lat' dir='ltr'><strong>sibi</strong></span> <span class='ocrx_word' id='word_1_292' title='bbox 1141 2127 1269 2181; x_wconf 89' lang='lat' dir='ltr'><strong>olim</strong></span> <span class='ocrx_word' id='word_1_293' title='bbox 1295 2123 1484 2178; x_wconf 83' lang='lat' dir='ltr'><strong>oculos</strong></span> <span class='ocrx_word' id='word_1_294' title='bbox 1515 2123 1809 2187; x_wconf 82' lang='lat' dir='ltr'><strong>obtexisse,</strong></span> <span class='ocrx_word' id='word_1_295' title='bbox 1843 2121 2014 2176; x_wconf 88' lang='lat' dir='ltr'><strong>instar</strong></span> <span class='ocrx_word' id='word_1_296' title='bbox 2045 2119 2235 2192; x_wconf 89' lang='lat' dir='ltr'><strong>caligi-</strong></span> 
     </span>
    </p>
   </div>
   <div class='ocr_carea' id='block_1_41' title="bbox 671 2215 1389 2279">
    <p class='ocr_par' dir='ltr' id='par_1_41' title="bbox 671 2215 1389 2279">
     <span class='ocr_line' id='line_1_41' title="bbox 671 2215 1389 2279; baseline -0.008 -3"><span class='ocrx_word' id='word_1_297' title='bbox 671 2224 760 2279; x_wconf 88' lang='lat' dir='ltr'><strong>nis</strong></span> <span class='ocrx_word' id='word_1_298' title='bbox 790 2221 987 2276; x_wconf 88' lang='lat' dir='ltr'><strong>mentis</strong></span> <span class='ocrx_word' id='word_1_299' title='bbox 1014 2219 1155 2274; x_wconf 88' lang='lat' dir='ltr'><strong>visui</strong></span> <span class='ocrx_word' id='word_1_300' title='bbox 1182 2215 1389 2272; x_wconf 61' lang='lat' dir='ltr'><strong>oliusm.</strong></span> 
     </span>
    </p>
   </div>
   <div class='ocr_carea' id='block_1_42' title="bbox 2338 2007 3912 2104">
    <p class='ocr_par' dir='ltr' id='par_1_42' title="bbox 2338 2007 3912 2098">
     <span class='ocr_line' id='line_1_42' title="bbox 2338 2007 3912 2098; baseline -0.015 -17"><span class='ocrx_word' id='word_1_301' title='bbox 2338 2028 2595 2098; x_wconf 82' lang='grc' dir='ltr'>χειρόνων</span> <span class='ocrx_word' id='word_1_302' title='bbox 2633 2024 2724 2078; x_wconf 75' lang='grc' dir='ltr'><strong>ἐπὶ</strong></span> <span class='ocrx_word' id='word_1_303' title='bbox 2770 2022 2839 2077; x_wconf 83' lang='grc' dir='ltr'>τὰ</span> <span class='ocrx_word' id='word_1_304' title='bbox 2890 2021 3083 2093; x_wconf 81' lang='grc' dir='ltr'>βελτίω</span> <span class='ocrx_word' id='word_1_305' title='bbox 3121 2021 3156 2090; x_wconf 76' lang='grc' dir='ltr'>ἡ</span> <span class='ocrx_word' id='word_1_306' title='bbox 3207 2016 3510 2087; x_wconf 81' lang='grc' dir='ltr'>ἀνάμνησις</span> <span class='ocrx_word' id='word_1_307' title='bbox 3560 2007 3912 2080; x_wconf 75' lang='grc' dir='ltr'>εὐχαρίστους</span> 
     </span>
    </p>
   </div>
   <div class='ocr_carea' id='block_1_43' title="bbox 2338 2099 3916 2191">
    <p class='ocr_par' dir='ltr' id='par_1_43' title="bbox 2338 2099 3916 2191">
     <span class='ocr_line' id='line_1_43' title="bbox 2338 2099 3916 2191; baseline -0.014 -16"><span class='ocrx_word' id='word_1_308' title='bbox 2338 2122 2484 2191; x_wconf 72' lang='grc' dir='ltr'>ἡμᾶς</span> <span class='ocrx_word' id='word_1_309' title='bbox 2534 2117 2899 2190; x_wconf 76' lang='grc' dir='ltr'>ἀπεργάζεται</span> <span class='ocrx_word' id='word_1_310' title='bbox 2964 2115 3058 2168; x_wconf 76' lang='grc' dir='ltr'>καὶ</span> <span class='ocrx_word' id='word_1_311' title='bbox 3106 2099 3531 2179; x_wconf 80' lang='grc' dir='ltr'>συντεταμένους</span> <span class='ocrx_word' id='word_1_312' title='bbox 3581 2102 3788 2176; x_wconf 80' lang='grc' dir='ltr'>μᾶλλον</span> <span class='ocrx_word' id='word_1_313' title='bbox 3843 2099 3916 2160; x_wconf 80' lang='grc' dir='ltr'><strong>είς</strong></span> 
     </span>
    </p>
   </div>
   <div class='ocr_carea' id='block_1_44' title="bbox 2339 2192 3916 2283">
    <p class='ocr_par' dir='ltr' id='par_1_44' title="bbox 2339 2192 3916 2283">
     <span class='ocr_line' id='line_1_44' title="bbox 2339 2192 3916 2283; baseline -0.013 -18"><span class='ocrx_word' id='word_1_314' title='bbox 2339 2214 2629 2283; x_wconf 69' lang='grc' dir='ltr'>προσοχὴν.</span> <span class='ocrx_word' id='word_1_315' title='bbox 2675 2208 2911 2270; x_wconf 82' lang='grc' dir='ltr'><strong>Εἰκότως</strong></span> <span class='ocrx_word' id='word_1_316' title='bbox 2954 2206 3132 2259; x_wconf 82' lang='grc' dir='ltr'>τοίνυν</span> <span class='ocrx_word' id='word_1_317' title='bbox 3175 2199 3622 2270; x_wconf 77' lang='grc' dir='ltr'>ἐπαναλαμϐάνει</span> <span class='ocrx_word' id='word_1_318' title='bbox 3668 2195 3771 2267; x_wconf 77' lang='grc' dir='ltr'><strong>τὴν</strong></span> <span class='ocrx_word' id='word_1_319' title='bbox 3816 2192 3916 2246; x_wconf 79' lang='grc' dir='ltr'><strong>τῶν</strong></span> 
     </span>
    </p>
   </div>
   <div class='ocr_carea' id='block_1_45' title="bbox 674 2286 3920 2388">
    <p class='ocr_par' dir='ltr' id='par_1_45' title="bbox 674 2286 3920 2388">
     <span class='ocr_line' id='line_1_45' title="bbox 674 2286 3920 2388; baseline -0.009 -20"><span class='ocrx_word' id='word_1_320' title='bbox 674 2314 952 2388; x_wconf 84' lang='grc' dir='ltr'>προτέρων</span> <span class='ocrx_word' id='word_1_321' title='bbox 996 2308 1159 2365; x_wconf 81' lang='grc' dir='ltr'>αὐτοῦ</span> <span class='ocrx_word' id='word_1_322' title='bbox 1198 2288 1435 2381; x_wconf 73' lang='grc' dir='ltr'>ἀνὸμιῶν</span> <span class='ocrx_word' id='word_1_323' title='bbox 1480 2308 1719 2379; x_wconf 85' lang='grc' dir='ltr'>μνήμην,</span> <span class='ocrx_word' id='word_1_324' title='bbox 1766 2308 2004 2361; x_wconf 80' lang='grc' dir='ltr'>οιδάσκει</span> <span class='ocrx_word' id='word_1_325' title='bbox 2058 2322 2140 2372; x_wconf 90' lang='grc' dir='ltr'><strong>τε,</strong></span> <span class='ocrx_word' id='word_1_326' title='bbox 2199 2304 2276 2370; x_wconf 83' lang='grc' dir='ltr'>ὡς</span> <span class='ocrx_word' id='word_1_327' title='bbox 2310 2308 2437 2369; x_wconf 72' lang='grc' dir='ltr'>τοὺς</span> <span class='ocrx_word' id='word_1_328' title='bbox 2476 2304 2576 2374; x_wconf 78' lang='grc' dir='ltr'>τῆς</span> <span class='ocrx_word' id='word_1_329' title='bbox 2615 2303 2793 2373; x_wconf 73' lang='grc' dir='ltr'>ψυχῆς</span> <span class='ocrx_word' id='word_1_330' title='bbox 2822 2298 3133 2372; x_wconf 75' lang='grc' dir='ltr'>ὀφθαλμοὺς</span> <span class='ocrx_word' id='word_1_331' title='bbox 3167 2292 3342 2368; x_wconf 85' lang='grc' dir='ltr'>καιρῷ</span> <span class='ocrx_word' id='word_1_332' title='bbox 3376 2308 3481 2346; x_wconf 88' lang='grc' dir='ltr'>τινι</span> <span class='ocrx_word' id='word_1_333' title='bbox 3546 2286 3920 2355; x_wconf 64' lang='grc' dir='ltr'>συνεκάλυψαν</span> 
     </span>
    </p>
   </div>
   <div class='ocr_carea' id='block_1_46' title="bbox 673 2398 2773 2479">
    <p class='ocr_par' dir='ltr' id='par_1_46' title="bbox 673 2398 2773 2479">
     <span class='ocr_line' id='line_1_46' title="bbox 673 2398 2773 2479; baseline -0.005 -16"><span class='ocrx_word' id='word_1_334' title='bbox 673 2412 729 2463; x_wconf 75' lang='grc' dir='ltr'>αἱ</span> <span class='ocrx_word' id='word_1_335' title='bbox 758 2410 973 2479; x_wconf 81' lang='grc' dir='ltr'>ἀνομίαι</span> <span class='ocrx_word' id='word_1_336' title='bbox 1004 2406 1188 2473; x_wconf 78' lang='grc' dir='ltr'>αὑτοῦ,</span> <span class='ocrx_word' id='word_1_337' title='bbox 1209 2406 1363 2478; x_wconf 82' lang='grc' dir='ltr'>δίκην</span> <span class='ocrx_word' id='word_1_338' title='bbox 1395 2401 1588 2474; x_wconf 83' lang='grc' dir='ltr'>ἀχλύος</span> <span class='ocrx_word' id='word_1_339' title='bbox 1618 2402 1696 2474; x_wconf 79' lang='grc' dir='ltr'>τῷ</span> <span class='ocrx_word' id='word_1_340' title='bbox 1733 2402 1831 2474; x_wconf 81' lang='grc' dir='ltr'>τῆς</span> <span class='ocrx_word' id='word_1_341' title='bbox 1858 2401 2093 2466; x_wconf 87' lang='grc' dir='ltr'>διανοίας</span> <span class='ocrx_word' id='word_1_342' title='bbox 2122 2400 2394 2473; x_wconf 78' lang='grc' dir='ltr'>βλεπτικῷ</span> <span class='ocrx_word' id='word_1_343' title='bbox 2418 2398 2773 2471; x_wconf 81' lang='grc' dir='ltr'>ἐπιχυθείσαι.</span> 
     </span>
    </p>
   </div>
   <div class='ocr_carea' id='block_1_47' title="bbox 742 2518 2238 2595">
    <p class='ocr_par' dir='ltr' id='par_1_47' title="bbox 742 2518 2238 2595">
     <span class='ocr_line' id='line_1_47' title="bbox 742 2518 2238 2595; baseline -0.005 -15"><span class='ocrx_word' id='word_1_344' title='bbox 742 2526 971 2595; x_wconf 82' lang='lat' dir='ltr'><strong>Reliqua</strong></span> <span class='ocrx_word' id='word_1_345' title='bbox 993 2539 1123 2579; x_wconf 88' lang='lat' dir='ltr'><strong>vero</strong></span> <span class='ocrx_word' id='word_1_346' title='bbox 1144 2529 1545 2592; x_wconf 86' lang='lat' dir='ltr'><strong>consequenter</strong></span> <span class='ocrx_word' id='word_1_347' title='bbox 1571 2520 1635 2575; x_wconf 90' lang='lat' dir='ltr'><strong>ad</strong></span> <span class='ocrx_word' id='word_1_348' title='bbox 1669 2520 1923 2591; x_wconf 70' lang='lat' dir='ltr'><strong>praedicta</strong></span> <span class='ocrx_word' id='word_1_349' title='bbox 1956 2518 2238 2574; x_wconf 73' lang='lat' dir='ltr'><strong>feruntur:</strong></span> 
     </span>
    </p>
   </div>
   <div class='ocr_carea' id='block_1_48' title="bbox 677 2610 2241 2689">
    <p class='ocr_par' dir='ltr' id='par_1_48' title="bbox 677 2610 2241 2689">
     <span class='ocr_line' id='line_1_48' title="bbox 677 2610 2241 2689; baseline -0.009 -13"><span class='ocrx_word' id='word_1_350' title='bbox 677 2620 1013 2689; x_wconf 82' lang='lat' dir='ltr'><strong>Complaceat</strong></span> <span class='ocrx_word' id='word_1_351' title='bbox 1048 2619 1163 2681; x_wconf 83' lang='lat' dir='ltr'><strong>tibi,</strong></span> <span class='ocrx_word' id='word_1_352' title='bbox 1197 2617 1435 2677; x_wconf 82' lang='lat' dir='ltr'><strong>Domine,</strong></span> <span class='ocrx_word' id='word_1_353' title='bbox 1463 2625 1522 2667; x_wconf 86' lang='lat' dir='ltr'><strong>ut</strong></span> <span class='ocrx_word' id='word_1_354' title='bbox 1549 2628 1705 2667; x_wconf 87' lang='lat' dir='ltr'><strong>eruas</strong></span> <span class='ocrx_word' id='word_1_355' title='bbox 1735 2628 1814 2666; x_wconf 90' lang='lat' dir='ltr'><strong>me</strong></span> <span class='ocrx_word' id='word_1_356' title='bbox 1851 2610 2133 2674; x_wconf 87' lang='lat' dir='ltr'><strong>:Domine,</strong></span> <span class='ocrx_word' id='word_1_357' title='bbox 2173 2611 2241 2662; x_wconf 84' lang='lat' dir='ltr'><strong>ad</strong></span> 
     </span>
    </p>
   </div>
   <div class='ocr_carea' id='block_1_49' title="bbox 675 2704 2244 2784">
    <p class='ocr_par' dir='ltr' id='par_1_49' title="bbox 675 2704 2244 2784">
     <span class='ocr_line' id='line_1_49' title="bbox 675 2704 2244 2784; baseline -0.008 -17"><span class='ocrx_word' id='word_1_358' title='bbox 675 2712 1033 2784; x_wconf 79' lang='lat' dir='ltr'><strong>adjuvandum</strong></span> <span class='ocrx_word' id='word_1_359' title='bbox 1060 2726 1140 2764; x_wconf 86' lang='lat' dir='ltr'><strong>me</strong></span> <span class='ocrx_word' id='word_1_360' title='bbox 1160 2710 1373 2778; x_wconf 83' lang='lat' dir='ltr'><strong>respice.</strong></span> <span class='ocrx_word' id='word_1_361' title='bbox 1402 2704 1809 2777; x_wconf 84' lang='lat' dir='ltr'><strong>Confundantur</strong></span> <span class='ocrx_word' id='word_1_362' title='bbox 1834 2713 1881 2757; x_wconf 90' lang='lat' dir='ltr'><strong>et</strong></span> <span class='ocrx_word' id='word_1_363' title='bbox 1913 2711 2244 2758; x_wconf 78' lang='lat' dir='ltr'><strong>recereantur</strong></span> 
     </span>
    </p>
   </div>
   <div class='ocr_carea' id='block_1_50' title="bbox 675 2796 2239 2878">
    <p class='ocr_par' dir='ltr' id='par_1_50' title="bbox 675 2796 2239 2878">
     <span class='ocr_line' id='line_1_50' title="bbox 675 2796 2239 2878; baseline -0.008 -16"><span class='ocrx_word' id='word_1_364' title='bbox 675 2808 835 2863; x_wconf 80' lang='lat' dir='ltr'><strong>simul</strong></span> <span class='ocrx_word' id='word_1_365' title='bbox 860 2806 947 2878; x_wconf 86' lang='lat' dir='ltr'><strong>qui</strong></span> <span class='ocrx_word' id='word_1_366' title='bbox 969 2814 1211 2876; x_wconf 67' lang='lat' dir='ltr'><strong>quierunt</strong></span> <span class='ocrx_word' id='word_1_367' title='bbox 1249 2803 1484 2856; x_wconf 79' lang='lat' dir='ltr'><strong>animam</strong></span> <span class='ocrx_word' id='word_1_368' title='bbox 1533 2815 1703 2854; x_wconf 87' lang='lat' dir='ltr'><strong>meam</strong></span> <span class='ocrx_word' id='word_1_369' title='bbox 1732 2808 1786 2851; x_wconf 86' lang='lat' dir='ltr'><strong>ut</strong></span> <span class='ocrx_word' id='word_1_370' title='bbox 1821 2796 2065 2867; x_wconf 75' lang='lat' dir='ltr'><strong>auferant</strong></span> <span class='ocrx_word' id='word_1_371' title='bbox 2100 2811 2239 2850; x_wconf 84' lang='lat' dir='ltr'><strong>eam.</strong></span> 
     </span>
    </p>
   </div>
   <div class='ocr_carea' id='block_1_51' title="bbox 676 2885 2245 2957">
    <p class='ocr_par' dir='ltr' id='par_1_51' title="bbox 676 2885 2245 2957">
     <span class='ocr_line' id='line_1_51' title="bbox 676 2885 2245 2957; baseline -0.011 -3"><span class='ocrx_word' id='word_1_372' title='bbox 676 2899 1062 2954; x_wconf 80' lang='lat' dir='ltr'><strong>Convertuntur</strong></span> <span class='ocrx_word' id='word_1_373' title='bbox 1116 2906 1405 2950; x_wconf 77' lang='lat' dir='ltr'><strong>retrorsum</strong></span> <span class='ocrx_word' id='word_1_374' title='bbox 1461 2900 1509 2945; x_wconf 86' lang='lat' dir='ltr'><strong>et</strong></span> <span class='ocrx_word' id='word_1_375' title='bbox 1564 2900 1898 2944; x_wconf 76' lang='lat' dir='ltr'><strong>rerereantur</strong></span> <span class='ocrx_word' id='word_1_376' title='bbox 1927 2889 2017 2957; x_wconf 88' lang='lat' dir='ltr'><strong>qui</strong></span> <span class='ocrx_word' id='word_1_377' title='bbox 2068 2885 2245 2940; x_wconf 80' lang='lat' dir='ltr'><strong>volunt</strong></span> 
     </span>
    </p>
   </div>
   <div class='ocr_carea' id='block_1_52' title="bbox 675 2963 2247 3055">
    <p class='ocr_par' dir='ltr' id='par_1_52' title="bbox 675 2963 2247 3055">
     <span class='ocr_line' id='line_1_52' title="bbox 675 2963 2247 3055; baseline -0.011 -8"><span class='ocrx_word' id='word_1_378' title='bbox 675 2994 803 3047; x_wconf 83' lang='lat' dir='ltr'><strong>mihi</strong></span> <span class='ocrx_word' id='word_1_379' title='bbox 829 2994 995 3046; x_wconf 80' lang='lat' dir='ltr'><strong>mala.</strong></span> <span class='ocrx_word' id='word_1_380' title='bbox 1028 2988 1228 3044; x_wconf 85' lang='lat' dir='ltr'><strong>Ferant</strong></span> <span class='ocrx_word' id='word_1_381' title='bbox 1258 2987 1531 3055; x_wconf 76' lang='lat' dir='ltr'><strong>confestim</strong></span> <span class='ocrx_word' id='word_1_382' title='bbox 1573 2963 1937 3052; x_wconf 69' lang='lat' dir='ltr'><strong>confusionem</strong></span> <span class='ocrx_word' id='word_1_383' title='bbox 1973 2994 2128 3034; x_wconf 86' lang='lat' dir='ltr'><strong>suam</strong></span> <span class='ocrx_word' id='word_1_384' title='bbox 2157 2978 2247 3047; x_wconf 85' lang='lat' dir='ltr'><strong>qui</strong></span> 
     </span>
    </p>
   </div>
   <div class='ocr_carea' id='block_1_53' title="bbox 674 3069 2242 3148">
    <p class='ocr_par' dir='ltr' id='par_1_53' title="bbox 674 3069 2242 3148">
     <span class='ocr_line' id='line_1_53' title="bbox 674 3069 2242 3148; baseline -0.01 -10"><span class='ocrx_word' id='word_1_385' title='bbox 674 3084 857 3137; x_wconf 85' lang='lat' dir='ltr'><strong>dicunt</strong></span> <span class='ocrx_word' id='word_1_386' title='bbox 886 3080 1052 3135; x_wconf 80' lang='lat' dir='ltr'><strong>mihi:</strong></span> <span class='ocrx_word' id='word_1_387' title='bbox 1087 3080 1251 3148; x_wconf 71' lang='lat' dir='ltr'><strong>Euge,</strong></span> <span class='ocrx_word' id='word_1_388' title='bbox 1278 3075 1441 3145; x_wconf 82' lang='lat' dir='ltr'><strong>Euge.</strong></span> <span class='ocrx_word' id='word_1_389' title='bbox 1473 3072 1628 3127; x_wconf 80' lang='lat' dir='ltr'><strong>Nunc</strong></span> <span class='ocrx_word' id='word_1_390' title='bbox 1649 3087 1870 3143; x_wconf 90' lang='lat' dir='ltr'><strong>quoque</strong></span> <span class='ocrx_word' id='word_1_391' title='bbox 1899 3071 2069 3126; x_wconf 86' lang='lat' dir='ltr'><strong>sentit</strong></span> <span class='ocrx_word' id='word_1_392' title='bbox 2107 3069 2242 3123; x_wconf 90' lang='lat' dir='ltr'><strong>mul-</strong></span> 
     </span>
    </p>
   </div>
   <div class='ocr_carea' id='block_1_54' title="bbox 678 3162 2250 3232">
    <p class='ocr_par' dir='ltr' id='par_1_54' title="bbox 678 3162 2250 3232">
     <span class='ocr_line' id='line_1_54' title="bbox 678 3162 2250 3232; baseline -0.011 0"><span class='ocrx_word' id='word_1_393' title='bbox 678 3187 766 3232; x_wconf 90' lang='lat' dir='ltr'><strong>tos</strong></span> <span class='ocrx_word' id='word_1_394' title='bbox 797 3177 991 3229; x_wconf 75' lang='lat' dir='ltr'><strong>anima:</strong></span> <span class='ocrx_word' id='word_1_395' title='bbox 1034 3186 1148 3227; x_wconf 62' lang='lat' dir='ltr'><strong>suae</strong></span> <span class='ocrx_word' id='word_1_396' title='bbox 1183 3168 1545 3227; x_wconf 85' lang='lat' dir='ltr'><strong>adversarios.</strong></span> <span class='ocrx_word' id='word_1_397' title='bbox 1573 3180 1638 3221; x_wconf 91' lang='lat' dir='ltr'><strong>ac</strong></span> <span class='ocrx_word' id='word_1_398' title='bbox 1682 3181 1747 3219; x_wconf 91' lang='lat' dir='ltr'><strong>ea</strong></span> <span class='ocrx_word' id='word_1_399' title='bbox 1794 3162 1861 3219; x_wconf 92' lang='lat' dir='ltr'><strong>de</strong></span> <span class='ocrx_word' id='word_1_400' title='bbox 1910 3177 2074 3217; x_wconf 88' lang='lat' dir='ltr'><strong>causa</strong></span> <span class='ocrx_word' id='word_1_401' title='bbox 2112 3175 2250 3231; x_wconf 51' lang='lat' dir='ltr'><strong>prae.</strong></span> 
     </span>
    </p>
   </div>
   <div class='ocr_carea' id='block_1_55' title="bbox 2416 2496 3926 2580">
    <p class='ocr_par' dir='ltr' id='par_1_55' title="bbox 2416 2496 3926 2580">
     <span class='ocr_line' id='line_1_55' title="bbox 2416 2496 3926 2580; baseline -0.011 -13"><span class='ocrx_word' id='word_1_402' title='bbox 2416 2516 2497 2569; x_wconf 88' lang='grc' dir='ltr'><strong>Τά</strong></span> <span class='ocrx_word' id='word_1_403' title='bbox 2524 2516 2579 2568; x_wconf 77' lang='grc' dir='ltr'>δὲ</span> <span class='ocrx_word' id='word_1_404' title='bbox 2608 2512 2769 2568; x_wconf 86' lang='grc' dir='ltr'>λοιπά</span> <span class='ocrx_word' id='word_1_405' title='bbox 2794 2512 2905 2575; x_wconf 86' lang='grc' dir='ltr'>τοῖς</span> <span class='ocrx_word' id='word_1_406' title='bbox 2928 2505 3343 2580; x_wconf 80' lang='grc' dir='ltr'>προειρημένοις</span> <span class='ocrx_word' id='word_1_407' title='bbox 3373 2501 3715 2564; x_wconf 83' lang='grc' dir='ltr'>ἀκολούθως·</span> <span class='ocrx_word' id='word_1_408' title='bbox 3748 2496 3926 2553; x_wconf 79' lang='grc' dir='ltr'><strong>Εὑδό⁴</strong></span> 
     </span>
    </p>
   </div>
   <div class='ocr_carea' id='block_1_56' title="bbox 2346 2590 3925 2677">
    <p class='ocr_par' dir='ltr' id='par_1_56' title="bbox 2346 2590 3925 2677">
     <span class='ocr_line' id='line_1_56' title="bbox 2346 2590 3925 2677; baseline -0.013 -15"><span class='ocrx_word' id='word_1_409' title='bbox 2346 2624 2561 2677; x_wconf 72' lang='grc' dir='ltr'>κησον,</span> <span class='ocrx_word' id='word_1_410' title='bbox 2602 2606 2799 2674; x_wconf 76' lang='grc' dir='ltr'>Κύριε,</span> <span class='ocrx_word' id='word_1_411' title='bbox 2836 2603 2959 2673; x_wconf 48' lang='grc' dir='ltr'><strong>τοῦἑ</strong></span> <span class='ocrx_word' id='word_1_412' title='bbox 2977 2598 3284 2671; x_wconf 76' lang='grc' dir='ltr'>ῥύσασθαί</span> <span class='ocrx_word' id='word_1_413' title='bbox 3324 2612 3431 2667; x_wconf 79' lang='grc' dir='ltr'><strong>με·</strong></span> <span class='ocrx_word' id='word_1_414' title='bbox 3485 2596 3690 2663; x_wconf 78' lang='grc' dir='ltr'>Κύριε,</span> <span class='ocrx_word' id='word_1_415' title='bbox 3735 2594 3826 2657; x_wconf 81' lang='grc' dir='ltr'>εὶς</span> <span class='ocrx_word' id='word_1_416' title='bbox 3868 2590 3925 2642; x_wconf 80' lang='grc' dir='ltr'>τὸ</span> 
     </span>
    </p>
   </div>
   <div class='ocr_carea' id='block_1_57' title="bbox 2338 2684 3926 2769">
    <p class='ocr_par' dir='ltr' id='par_1_57' title="bbox 2338 2684 3926 2769">
     <span class='ocr_line' id='line_1_57' title="bbox 2338 2684 3926 2769; baseline -0.011 -14"><span class='ocrx_word' id='word_1_417' title='bbox 2338 2699 2647 2769; x_wconf 74' lang='grc' dir='ltr'>βοηθῆσαί</span> <span class='ocrx_word' id='word_1_418' title='bbox 2691 2716 2793 2769; x_wconf 84' lang='grc' dir='ltr'><strong>μοι</strong></span> <span class='ocrx_word' id='word_1_419' title='bbox 2844 2698 3129 2766; x_wconf 78' lang='grc' dir='ltr'>πρόσχες.</span> <span class='ocrx_word' id='word_1_420' title='bbox 3180 2689 3793 2761; x_wconf 75' lang='grc' dir='ltr'>Καταισχυνθείησαν</span> <span class='ocrx_word' id='word_1_421' title='bbox 3838 2684 3926 2740; x_wconf 76' lang='grc' dir='ltr'><strong>καί</strong></span> 
     </span>
    </p>
   </div>
   <div class='ocr_carea' id='block_1_58' title="bbox 2344 2782 3927 2863">
    <p class='ocr_par' dir='ltr' id='par_1_58' title="bbox 2344 2782 3927 2863">
     <span class='ocr_line' id='line_1_58' title="bbox 2344 2782 3927 2863; baseline -0.009 -14"><span class='ocrx_word' id='word_1_422' title='bbox 2344 2794 2788 2863; x_wconf 73' lang='grc' dir='ltr'>ἐντραπείησίιν</span> <span class='ocrx_word' id='word_1_423' title='bbox 2818 2791 2937 2861; x_wconf 82' lang='grc' dir='ltr'>ἅμα</span> <span class='ocrx_word' id='word_1_424' title='bbox 2968 2793 3019 2843; x_wconf 81' lang='grc' dir='ltr'>οὶ</span> <span class='ocrx_word' id='word_1_425' title='bbox 3055 2788 3370 2857; x_wconf 65' lang='grc' dir='ltr'>ζῆτοῦγτες</span> <span class='ocrx_word' id='word_1_426' title='bbox 3410 2785 3524 2852; x_wconf 75' lang='grc' dir='ltr'><strong>τὴν</strong></span> <span class='ocrx_word' id='word_1_427' title='bbox 3562 2782 3785 2854; x_wconf 60' lang='grc' dir='ltr'>ψυχήν</span> <span class='ocrx_word' id='word_1_428' title='bbox 3818 2799 3927 2854; x_wconf 82' lang='grc' dir='ltr'><strong>μου</strong></span> 
     </span>
    </p>
   </div>
   <div class='ocr_carea' id='block_1_59' title="bbox 2347 2877 3927 2953">
    <p class='ocr_par' dir='ltr' id='par_1_59' title="bbox 2347 2877 3927 2953">
     <span class='ocr_line' id='line_1_59' title="bbox 2347 2877 3927 2953; baseline -0.009 -12"><span class='ocrx_word' id='word_1_429' title='bbox 2347 2887 2452 2941; x_wconf 82' lang='grc' dir='ltr'>τοῦ</span> <span class='ocrx_word' id='word_1_430' title='bbox 2490 2885 2695 2953; x_wconf 77' lang='grc' dir='ltr'>ἐξᾶραι</span> <span class='ocrx_word' id='word_1_431' title='bbox 2726 2884 2936 2949; x_wconf 74' lang='grc' dir='ltr'><strong>αὐτὴν.</strong></span> <span class='ocrx_word' id='word_1_432' title='bbox 2957 2882 3503 2951; x_wconf 71' lang='grc' dir='ltr'>Ἀποστραερείιισαν</span> <span class='ocrx_word' id='word_1_433' title='bbox 3530 2880 3619 2945; x_wconf 78' lang='grc' dir='ltr'>εὶς</span> <span class='ocrx_word' id='word_1_434' title='bbox 3644 2877 3719 2931; x_wconf 85' lang='grc' dir='ltr'>τὰ</span> <span class='ocrx_word' id='word_1_435' title='bbox 3742 2877 3927 2929; x_wconf 75' lang='grc' dir='ltr'>ὀπίσω</span> 
     </span>
    </p>
   </div>
   <div class='ocr_carea' id='block_1_60' title="bbox 2344 2967 3925 3047">
    <p class='ocr_par' dir='ltr' id='par_1_60' title="bbox 2344 2967 3925 3047">
     <span class='ocr_line' id='line_1_60' title="bbox 2344 2967 3925 3047; baseline -0.008 -13"><span class='ocrx_word' id='word_1_436' title='bbox 2344 2980 2443 3034; x_wconf 79' lang='grc' dir='ltr'>καὶ</span> <span class='ocrx_word' id='word_1_437' title='bbox 2485 2978 3071 3047; x_wconf 80' lang='grc' dir='ltr'>καταισχυνθείησαν</span> <span class='ocrx_word' id='word_1_438' title='bbox 3097 2979 3151 3029; x_wconf 89' lang='grc' dir='ltr'>οὶ</span> <span class='ocrx_word' id='word_1_439' title='bbox 3178 2973 3456 3039; x_wconf 71' lang='grc' dir='ltr'>θέλοντές</span> <span class='ocrx_word' id='word_1_440' title='bbox 3474 2989 3577 3042; x_wconf 88' lang='grc' dir='ltr'><strong>μοι</strong></span> <span class='ocrx_word' id='word_1_441' title='bbox 3610 2969 3794 3025; x_wconf 79' lang='grc' dir='ltr'>κακά.</span> <span class='ocrx_word' id='word_1_442' title='bbox 3822 2967 3925 3022; x_wconf 85' lang='lat' dir='ltr'><strong>Ko-</strong></span> 
     </span>
    </p>
   </div>
   <div class='ocr_carea' id='block_1_61' title="bbox 2339 3059 3928 3141">
    <p class='ocr_par' dir='ltr' id='par_1_61' title="bbox 2339 3059 3928 3141">
     <span class='ocr_line' id='line_1_61' title="bbox 2339 3059 3928 3141; baseline -0.007 -16"><span class='ocrx_word' id='word_1_443' title='bbox 2339 3071 2743 3141; x_wconf 76' lang='grc' dir='ltr'>μισάσθωσαν</span> <span class='ocrx_word' id='word_1_444' title='bbox 2784 3068 3145 3137; x_wconf 77' lang='grc' dir='ltr'>παραχρῆμα</span> <span class='ocrx_word' id='word_1_445' title='bbox 3186 3067 3489 3135; x_wconf 72' lang='grc' dir='ltr'>αἰσχύνην</span> <span class='ocrx_word' id='word_1_446' title='bbox 3523 3061 3729 3118; x_wconf 76' lang='grc' dir='ltr'>αὐτῶν</span> <span class='ocrx_word' id='word_1_447' title='bbox 3758 3066 3812 3116; x_wconf 85' lang='grc' dir='ltr'>οἱ</span> <span class='ocrx_word' id='word_1_448' title='bbox 3838 3059 3928 3114; x_wconf 73' lang='grc' dir='ltr'><strong>.λέ-</strong></span> 
     </span>
    </p>
   </div>
   <div class='ocr_carea' id='block_1_62' title="bbox 2344 3152 3927 3235">
    <p class='ocr_par' dir='ltr' id='par_1_62' title="bbox 2344 3152 3927 3235">
     <span class='ocr_line' id='line_1_62' title="bbox 2344 3152 3927 3235; baseline -0.009 -17"><span class='ocrx_word' id='word_1_449' title='bbox 2344 3162 2555 3235; x_wconf 76' lang='grc' dir='ltr'>τοντές</span> <span class='ocrx_word' id='word_1_450' title='bbox 2571 3178 2701 3232; x_wconf 84' lang='grc' dir='ltr'>μοι·</span> <span class='ocrx_word' id='word_1_451' title='bbox 2734 3157 2910 3231; x_wconf 77' lang='grc' dir='ltr'>Εὖγε,</span> <span class='ocrx_word' id='word_1_452' title='bbox 2944 3155 3235 3229; x_wconf 82' lang='grc' dir='ltr'>εὖγε.”Ετι</span> <span class='ocrx_word' id='word_1_453' title='bbox 3267 3158 3359 3211; x_wconf 74' lang='grc' dir='ltr'>καὶ</span> <span class='ocrx_word' id='word_1_454' title='bbox 3392 3155 3484 3211; x_wconf 79' lang='grc' dir='ltr'>νῦν</span> <span class='ocrx_word' id='word_1_455' title='bbox 3515 3153 3769 3208; x_wconf 80' lang='grc' dir='ltr'>αἶσθεται</span> <span class='ocrx_word' id='word_1_456' title='bbox 3803 3152 3927 3205; x_wconf 81' lang='grc' dir='ltr'>πολ-</span> 
     </span>
    </p>
   </div>
   <div class='ocr_carea' id='block_1_63' title="bbox 681 3247 2244 3351">
    <p class='ocr_par' dir='ltr' id='par_1_63' title="bbox 681 3249 2244 3325">
     <span class='ocr_line' id='line_1_63' title="bbox 681 3249 2244 3325; baseline -0.013 -3"><span class='ocrx_word' id='word_1_457' title='bbox 681 3274 889 3322; x_wconf 87' lang='lat' dir='ltr'><strong>sentem</strong></span> <span class='ocrx_word' id='word_1_458' title='bbox 921 3262 1223 3317; x_wconf 89' lang='lat' dir='ltr'><strong>orationem</strong></span> <span class='ocrx_word' id='word_1_459' title='bbox 1256 3258 1477 3313; x_wconf 90' lang='lat' dir='ltr'><strong>emittit.</strong></span> <span class='ocrx_word' id='word_1_460' title='bbox 1516 3254 1700 3325; x_wconf 87' lang='lat' dir='ltr'><strong>Neque</strong></span> <span class='ocrx_word' id='word_1_461' title='bbox 1734 3252 1879 3308; x_wconf 88' lang='lat' dir='ltr'><strong>enim</strong></span> <span class='ocrx_word' id='word_1_462' title='bbox 1914 3258 2132 3307; x_wconf 88' lang='lat' dir='ltr'><strong>cessant</strong></span> <span class='ocrx_word' id='word_1_463' title='bbox 2167 3249 2244 3302; x_wconf 86' lang='lat' dir='ltr'><strong>in-</strong></span> 
     </span>
    </p>
   </div>
   <div class='ocr_carea' id='block_1_64' title="bbox 2347 3247 3928 3351">
    <p class='ocr_par' dir='ltr' id='par_1_64' title="bbox 2355 3247 3928 3326">
     <span class='ocr_line' id='line_1_64' title="bbox 2355 3247 3928 3326; baseline -0.008 -16"><span class='ocrx_word' id='word_1_464' title='bbox 2355 3257 2460 3310; x_wconf 86' lang='grc' dir='ltr'>λῶν</span> <span class='ocrx_word' id='word_1_465' title='bbox 2479 3258 2606 3326; x_wconf 65' lang='grc' dir='ltr'>περὶ</span> <span class='ocrx_word' id='word_1_466' title='bbox 2649 3255 2805 3322; x_wconf 76' lang='grc' dir='ltr'>αὑτὸν</span> <span class='ocrx_word' id='word_1_467' title='bbox 2845 3254 3053 3326; x_wconf 80' lang='grc' dir='ltr'>ἐχθρῶν</span> <span class='ocrx_word' id='word_1_468' title='bbox 3088 3250 3449 3323; x_wconf 73' lang='grc' dir='ltr'>ἐπικειμένων</span> <span class='ocrx_word' id='word_1_469' title='bbox 3472 3251 3539 3320; x_wconf 80' lang='grc' dir='ltr'>τῇ</span> <span class='ocrx_word' id='word_1_470' title='bbox 3564 3247 3733 3301; x_wconf 79' lang='grc' dir='ltr'>αὑτοῦ</span> <span class='ocrx_word' id='word_1_471' title='bbox 3764 3247 3928 3318; x_wconf 72' lang='grc' dir='ltr'>ψυχῇ,</span> 
     </span>
    </p>
   </div>
   <div class='ocr_carea' id='block_1_65' title="bbox 678 3340 2245 3425">
    <p class='ocr_par' dir='ltr' id='par_1_65' title="bbox 678 3340 2245 3425">
     <span class='ocr_line' id='line_1_65' title="bbox 678 3340 2245 3425; baseline -0.01 -15"><span class='ocrx_word' id='word_1_472' title='bbox 678 3356 864 3412; x_wconf 87' lang='lat' dir='ltr'><strong>videre</strong></span> <span class='ocrx_word' id='word_1_473' title='bbox 886 3351 1142 3425; x_wconf 78' lang='lat' dir='ltr'><strong>perfectis</strong></span> <span class='ocrx_word' id='word_1_474' title='bbox 1180 3357 1237 3405; x_wconf 90' lang='lat' dir='ltr'><strong>ct</strong></span> <span class='ocrx_word' id='word_1_475' title='bbox 1269 3349 1322 3403; x_wconf 90' lang='lat' dir='ltr'><strong>in</strong></span> <span class='ocrx_word' id='word_1_476' title='bbox 1354 3355 1505 3419; x_wconf 66' lang='lat' dir='ltr'><strong>petra</strong></span> <span class='ocrx_word' id='word_1_477' title='bbox 1533 3344 1928 3418; x_wconf 86' lang='lat' dir='ltr'><strong>gradientibus.</strong></span> <span class='ocrx_word' id='word_1_478' title='bbox 1969 3340 2149 3408; x_wconf 85' lang='lat' dir='ltr'><strong>Quare</strong></span> <span class='ocrx_word' id='word_1_479' title='bbox 2178 3340 2245 3395; x_wconf 84' lang='lat' dir='ltr'><strong>ab</strong></span> 
     </span>
    </p>
   </div>
   <div class='ocr_carea' id='block_1_66' title="bbox 680 3430 2246 3512">
    <p class='ocr_par' dir='ltr' id='par_1_66' title="bbox 680 3430 2246 3512">
     <span class='ocr_line' id='line_1_66' title="bbox 680 3430 2246 3512; baseline -0.012 -10"><span class='ocrx_word' id='word_1_480' title='bbox 680 3449 751 3502; x_wconf 87' lang='lat' dir='ltr'><strong>iis</strong></span> <span class='ocrx_word' id='word_1_481' title='bbox 778 3444 995 3501; x_wconf 89' lang='lat' dir='ltr'><strong>liberari</strong></span> <span class='ocrx_word' id='word_1_482' title='bbox 1022 3458 1081 3499; x_wconf 91' lang='lat' dir='ltr'><strong>se</strong></span> <span class='ocrx_word' id='word_1_483' title='bbox 1120 3453 1295 3512; x_wconf 86' lang='lat' dir='ltr'><strong>rogat,</strong></span> <span class='ocrx_word' id='word_1_484' title='bbox 1341 3442 1413 3494; x_wconf 90' lang='lat' dir='ltr'><strong>ita</strong></span> <span class='ocrx_word' id='word_1_485' title='bbox 1458 3447 1518 3492; x_wconf 94' lang='lat' dir='ltr'><strong>ut</strong></span> <span class='ocrx_word' id='word_1_486' title='bbox 1549 3438 1624 3492; x_wconf 93' lang='lat' dir='ltr'><strong>illi</strong></span> <span class='ocrx_word' id='word_1_487' title='bbox 1652 3435 1871 3508; x_wconf 88' lang='lat' dir='ltr'><strong>quidem</strong></span> <span class='ocrx_word' id='word_1_488' title='bbox 1903 3430 2246 3489; x_wconf 64' lang='lat' dir='ltr'><strong>confundam</strong></span> 
     </span>
    </p>
   </div>
   <div class='ocr_carea' id='block_1_67' title="bbox 685 3524 2247 3607">
    <p class='ocr_par' dir='ltr' id='par_1_67' title="bbox 685 3524 2247 3607">
     <span class='ocr_line' id='line_1_67' title="bbox 685 3524 2247 3607; baseline -0.01 -15"><span class='ocrx_word' id='word_1_489' title='bbox 685 3548 774 3592; x_wconf 90' lang='lat' dir='ltr'><strong>tur</strong></span> <span class='ocrx_word' id='word_1_490' title='bbox 814 3544 869 3592; x_wconf 90' lang='lat' dir='ltr'><strong>et</strong></span> <span class='ocrx_word' id='word_1_491' title='bbox 927 3534 1135 3607; x_wconf 89' lang='lat' dir='ltr'><strong>pudore</strong></span> <span class='ocrx_word' id='word_1_492' title='bbox 1191 3531 1497 3586; x_wconf 75' lang='lat' dir='ltr'><strong>alliciantur</strong></span> <span class='ocrx_word' id='word_1_493' title='bbox 1550 3530 1646 3600; x_wconf 90' lang='lat' dir='ltr'><strong>qui</strong></span> <span class='ocrx_word' id='word_1_494' title='bbox 1696 3535 1950 3599; x_wconf 68' lang='lat' dir='ltr'><strong>quaeruut</strong></span> <span class='ocrx_word' id='word_1_495' title='bbox 2009 3524 2247 3579; x_wconf 89' lang='lat' dir='ltr'><strong>animam</strong></span> 
     </span>
    </p>
   </div>
   <div class='ocr_carea' id='block_1_68' title="bbox 594 3616 2249 3703">
    <p class='ocr_par' dir='ltr' id='par_1_68' title="bbox 594 3616 2249 3703">
     <span class='ocr_line' id='line_1_68' title="bbox 594 3616 2249 3703; baseline -0.011 -15"><span class='ocrx_word' id='word_1_496' title='bbox 594 3655 596 3658; x_wconf 52' lang='grc' dir='ltr'><strong>ν</strong></span> <span class='ocrx_word' id='word_1_497' title='bbox 684 3632 883 3703; x_wconf 68' lang='lat' dir='ltr'><strong>ipsius,</strong></span> <span class='ocrx_word' id='word_1_498' title='bbox 906 3637 965 3683; x_wconf 92' lang='lat' dir='ltr'><strong>ut</strong></span> <span class='ocrx_word' id='word_1_499' title='bbox 991 3628 1239 3682; x_wconf 78' lang='lat' dir='ltr'><strong>auferant</strong></span> <span class='ocrx_word' id='word_1_500' title='bbox 1267 3639 1421 3689; x_wconf 87' lang='lat' dir='ltr'><strong>eam;</strong></span> <span class='ocrx_word' id='word_1_501' title='bbox 1453 3623 1568 3695; x_wconf 88' lang='lat' dir='ltr'><strong>ipse</strong></span> <span class='ocrx_word' id='word_1_502' title='bbox 1598 3636 1725 3677; x_wconf 90' lang='lat' dir='ltr'><strong>vero</strong></span> <span class='ocrx_word' id='word_1_503' title='bbox 1757 3622 1876 3691; x_wconf 84' lang='lat' dir='ltr'><strong>ejus</strong></span> <span class='ocrx_word' id='word_1_504' title='bbox 1897 3618 2119 3673; x_wconf 79' lang='lat' dir='ltr'><strong>dextera</strong></span> <span class='ocrx_word' id='word_1_505' title='bbox 2140 3616 2249 3670; x_wconf 90' lang='lat' dir='ltr'><strong>cir-</strong></span> 
     </span>
    </p>
   </div>
   <div class='ocr_carea' id='block_1_69' title="bbox 684 3708 2250 3783">
    <p class='ocr_par' dir='ltr' id='par_1_69' title="bbox 684 3708 2250 3783">
     <span class='ocr_line' id='line_1_69' title="bbox 684 3708 2250 3783; baseline -0.015 0"><span class='ocrx_word' id='word_1_506' title='bbox 684 3725 1113 3783; x_wconf 89' lang='lat' dir='ltr'><strong>cummuniatur.</strong></span> <span class='ocrx_word' id='word_1_507' title='bbox 1157 3718 1368 3774; x_wconf 88' lang='lat' dir='ltr'><strong>Pudore</strong></span> <span class='ocrx_word' id='word_1_508' title='bbox 1403 3716 1710 3771; x_wconf 62' lang='lat' dir='ltr'><strong>adiciuntur</strong></span> <span class='ocrx_word' id='word_1_509' title='bbox 1743 3722 1947 3777; x_wconf 90' lang='lat' dir='ltr'><strong>autem,</strong></span> <span class='ocrx_word' id='word_1_510' title='bbox 1981 3725 2047 3766; x_wconf 90' lang='lat' dir='ltr'><strong>ac</strong></span> <span class='ocrx_word' id='word_1_511' title='bbox 2075 3708 2250 3779; x_wconf 90' lang='lat' dir='ltr'><strong>turpi-</strong></span> 
     </span>
    </p>
   </div>
   <div class='ocr_carea' id='block_1_70' title="bbox 683 3802 2250 3889">
    <p class='ocr_par' dir='ltr' id='par_1_70' title="bbox 683 3802 2250 3889">
     <span class='ocr_line' id='line_1_70' title="bbox 683 3802 2250 3889; baseline -0.011 -16"><span class='ocrx_word' id='word_1_512' title='bbox 683 3830 768 3875; x_wconf 86' lang='lat' dir='ltr'><strong>ter</strong></span> <span class='ocrx_word' id='word_1_513' title='bbox 814 3823 1001 3889; x_wconf 87' lang='lat' dir='ltr'><strong>agunt,</strong></span> <span class='ocrx_word' id='word_1_514' title='bbox 1033 3814 1114 3869; x_wconf 81' lang='lat' dir='ltr'><strong>sic</strong></span> <span class='ocrx_word' id='word_1_515' title='bbox 1157 3812 1301 3867; x_wconf 91' lang='lat' dir='ltr'><strong>enim</strong></span> <span class='ocrx_word' id='word_1_516' title='bbox 1348 3808 1518 3864; x_wconf 88' lang='lat' dir='ltr'><strong>edidit</strong></span> <span class='ocrx_word' id='word_1_517' title='bbox 1550 3806 1933 3880; x_wconf 83' lang='lat' dir='ltr'><strong>Symmachus,</strong></span> <span class='ocrx_word' id='word_1_518' title='bbox 1973 3802 2067 3874; x_wconf 90' lang='lat' dir='ltr'><strong>qui</strong></span> <span class='ocrx_word' id='word_1_519' title='bbox 2101 3816 2250 3873; x_wconf 68' lang='lat' dir='ltr'><strong>quae-</strong></span> 
     </span>
    </p>
   </div>
   <div class='ocr_carea' id='block_1_71' title="bbox 687 3893 2252 3971">
    <p class='ocr_par' dir='ltr' id='par_1_71' title="bbox 687 3893 2252 3971">
     <span class='ocr_line' id='line_1_71' title="bbox 687 3893 2252 3971; baseline -0.011 -7"><span class='ocrx_word' id='word_1_520' title='bbox 687 3918 817 3964; x_wconf 88' lang='lat' dir='ltr'><strong>runt</strong></span> <span class='ocrx_word' id='word_1_521' title='bbox 862 3906 1100 3959; x_wconf 88' lang='lat' dir='ltr'><strong>animam</strong></span> <span class='ocrx_word' id='word_1_522' title='bbox 1152 3901 1308 3971; x_wconf 86' lang='lat' dir='ltr'><strong>justi,</strong></span> <span class='ocrx_word' id='word_1_523' title='bbox 1342 3908 1630 3969; x_wconf 88' lang='lat' dir='ltr'><strong>postquam</strong></span> <span class='ocrx_word' id='word_1_524' title='bbox 1687 3898 1943 3951; x_wconf 86' lang='lat' dir='ltr'><strong>omnibus</strong></span> <span class='ocrx_word' id='word_1_525' title='bbox 1990 3893 2252 3949; x_wconf 81' lang='lat' dir='ltr'><strong>adhibitis</strong></span> 
     </span>
    </p>
   </div>
   <div class='ocr_carea' id='block_1_72' title="bbox 686 3986 2255 4059">
    <p class='ocr_par' dir='ltr' id='par_1_72' title="bbox 686 3986 2255 4059">
     <span class='ocr_line' id='line_1_72' title="bbox 686 3986 2255 4059; baseline -0.01 -3"><span class='ocrx_word' id='word_1_526' title='bbox 686 3997 957 4056; x_wconf 87' lang='lat' dir='ltr'><strong>machinis</strong></span> <span class='ocrx_word' id='word_1_527' title='bbox 985 4009 1043 4049; x_wconf 88' lang='lat' dir='ltr'><strong>re</strong></span> <span class='ocrx_word' id='word_1_528' title='bbox 1073 3992 1274 4049; x_wconf 82' lang='lat' dir='ltr'><strong>infecta</strong></span> <span class='ocrx_word' id='word_1_529' title='bbox 1316 4000 1535 4045; x_wconf 84' lang='lat' dir='ltr'><strong>manent</strong></span> <span class='ocrx_word' id='word_1_530' title='bbox 1571 3990 1915 4059; x_wconf 87' lang='lat' dir='ltr'><strong>:deindeque</strong></span> <span class='ocrx_word' id='word_1_531' title='bbox 1954 3995 2012 4042; x_wconf 93' lang='lat' dir='ltr'><strong>ut</strong></span> <span class='ocrx_word' id='word_1_532' title='bbox 2047 3987 2141 4057; x_wconf 89' lang='lat' dir='ltr'><strong>qui</strong></span> <span class='ocrx_word' id='word_1_533' title='bbox 2168 3986 2255 4041; x_wconf 85' lang='lat' dir='ltr'><strong>ni-</strong></span> 
     </span>
    </p>
   </div>
   <div class='ocr_carea' id='block_1_73' title="bbox 688 4080 2253 4165">
    <p class='ocr_par' dir='ltr' id='par_1_73' title="bbox 688 4080 2253 4165">
     <span class='ocr_line' id='line_1_73' title="bbox 688 4080 2253 4165; baseline -0.008 -18"><span class='ocrx_word' id='word_1_534' title='bbox 688 4093 762 4147; x_wconf 87' lang='lat' dir='ltr'><strong>hil</strong></span> <span class='ocrx_word' id='word_1_535' title='bbox 802 4089 1062 4165; x_wconf 82' lang='lat' dir='ltr'><strong>perlicere</strong></span> <span class='ocrx_word' id='word_1_536' title='bbox 1108 4086 1384 4157; x_wconf 91' lang='lat' dir='ltr'><strong>potuerint</strong></span> <span class='ocrx_word' id='word_1_537' title='bbox 1422 4084 1797 4155; x_wconf 83' lang='lat' dir='ltr'><strong>desperantes,</strong></span> <span class='ocrx_word' id='word_1_538' title='bbox 1828 4081 2033 4151; x_wconf 88' lang='lat' dir='ltr'><strong>pudore</strong></span> <span class='ocrx_word' id='word_1_539' title='bbox 2059 4080 2253 4137; x_wconf 76' lang='grc' dir='ltr'>ευσυεί</span> 
     </span>
    </p>
   </div>
   <div class='ocr_carea' id='block_1_74' title="bbox 688 4173 2303 4247">
    <p class='ocr_par' dir='ltr' id='par_1_74' title="bbox 688 4173 2303 4247">
     <span class='ocr_line' id='line_1_74' title="bbox 688 4173 2303 4247; baseline -0.008 -7"><span class='ocrx_word' id='word_1_540' title='bbox 688 4184 1006 4240; x_wconf 90' lang='lat' dir='ltr'><strong>abscedunt.</strong></span> <span class='ocrx_word' id='word_1_541' title='bbox 1066 4178 1431 4247; x_wconf 85' lang='lat' dir='ltr'><strong>Quamobrem</strong></span> <span class='ocrx_word' id='word_1_542' title='bbox 1505 4185 1795 4247; x_wconf 84' lang='lat' dir='ltr'><strong>postquam</strong></span> <span class='ocrx_word' id='word_1_543' title='bbox 1853 4176 1977 4228; x_wconf 88' lang='lat' dir='ltr'><strong>illos</strong></span> <span class='ocrx_word' id='word_1_544' title='bbox 2021 4173 2250 4244; x_wconf 90' lang='lat' dir='ltr'><strong>pudore,</strong></span> <span class='ocrx_word' id='word_1_545' title='bbox 2302 4224 2303 4227; x_wconf 44' lang='grc' dir='ltr'><strong>η</strong></span> 
     </span>
    </p>
   </div>
   <div class='ocr_carea' id='block_1_75' title="bbox 688 4258 2250 4349">
    <p class='ocr_par' dir='ltr' id='par_1_75' title="bbox 688 4258 2250 4349">
     <span class='ocr_line' id='line_1_75' title="bbox 688 4258 2250 4349; baseline -0.008 -17"><span class='ocrx_word' id='word_1_546' title='bbox 688 4276 1026 4349; x_wconf 86' lang='lat' dir='ltr'><strong>turpitudine</strong></span> <span class='ocrx_word' id='word_1_547' title='bbox 1078 4284 1131 4329; x_wconf 91' lang='lat' dir='ltr'><strong>et</strong></span> <span class='ocrx_word' id='word_1_548' title='bbox 1184 4270 1490 4328; x_wconf 86' lang='lat' dir='ltr'><strong>reverentia</strong></span> <span class='ocrx_word' id='word_1_549' title='bbox 1527 4258 1780 4322; x_wconf 71' lang='lat' dir='ltr'><strong>affectos</strong></span> <span class='ocrx_word' id='word_1_550' title='bbox 1829 4265 1991 4331; x_wconf 32' lang='lat' dir='ltr'><strong>dixit,‘</strong></span> <span class='ocrx_word' id='word_1_551' title='bbox 2019 4264 2250 4336; x_wconf 87' lang='lat' dir='ltr'><strong>adjicit:</strong></span> 
     </span>
    </p>
   </div>
   <div class='ocr_carea' id='block_1_76' title="bbox 686 4356 2256 4429">
    <p class='ocr_par' dir='ltr' id='par_1_76' title="bbox 686 4356 2256 4429">
     <span class='ocr_line' id='line_1_76' title="bbox 686 4356 2256 4429; baseline -0.011 -4"><span class='ocrx_word' id='word_1_552' title='bbox 686 4373 1006 4426; x_wconf 80' lang='lat' dir='ltr'><strong>Avertantur</strong></span> <span class='ocrx_word' id='word_1_553' title='bbox 1035 4376 1323 4422; x_wconf 79' lang='lat' dir='ltr'><strong>retrorsum</strong></span> <span class='ocrx_word' id='word_1_554' title='bbox 1353 4373 1402 4418; x_wconf 90' lang='lat' dir='ltr'><strong>et</strong></span> <span class='ocrx_word' id='word_1_555' title='bbox 1437 4361 1745 4417; x_wconf 77' lang='lat' dir='ltr'><strong>erubescant</strong></span> <span class='ocrx_word' id='word_1_556' title='bbox 1783 4359 1873 4429; x_wconf 87' lang='lat' dir='ltr'><strong>qui</strong></span> <span class='ocrx_word' id='word_1_557' title='bbox 1906 4356 2083 4412; x_wconf 77' lang='lat' dir='ltr'><strong>volunt</strong></span> <span class='ocrx_word' id='word_1_558' title='bbox 2112 4357 2256 4409; x_wconf 82' lang='lat' dir='ltr'><strong>mala</strong></span> 
     </span>
    </p>
   </div>
   <div class='ocr_carea' id='block_1_77' title="bbox 689 4449 2257 4527">
    <p class='ocr_par' dir='ltr' id='par_1_77' title="bbox 689 4449 2257 4527">
     <span class='ocr_line' id='line_1_77' title="bbox 689 4449 2257 4527; baseline -0.01 -10"><span class='ocrx_word' id='word_1_559' title='bbox 689 4462 987 4518; x_wconf 83' lang='lat' dir='ltr'><strong>mihi.Cum</strong></span> <span class='ocrx_word' id='word_1_560' title='bbox 1019 4464 1161 4516; x_wconf 90' lang='lat' dir='ltr'><strong>enim</strong></span> <span class='ocrx_word' id='word_1_561' title='bbox 1190 4458 1322 4512; x_wconf 86' lang='lat' dir='ltr'><strong>nihil</strong></span> <span class='ocrx_word' id='word_1_562' title='bbox 1360 4454 1797 4527; x_wconf 88' lang='lat' dir='ltr'><strong>potuerint,cum</strong></span> <span class='ocrx_word' id='word_1_563' title='bbox 1833 4450 1981 4505; x_wconf 90' lang='lat' dir='ltr'><strong>nulla</strong></span> <span class='ocrx_word' id='word_1_564' title='bbox 2014 4449 2091 4503; x_wconf 89' lang='lat' dir='ltr'><strong>rei</strong></span> <span class='ocrx_word' id='word_1_565' title='bbox 2122 4449 2257 4503; x_wconf 86' lang='lat' dir='ltr'><strong>bene</strong></span> 
     </span>
    </p>
   </div>
   <div class='ocr_carea' id='block_1_78' title="bbox 653 4540 2256 4626">
    <p class='ocr_par' dir='ltr' id='par_1_78' title="bbox 653 4540 2256 4626">
     <span class='ocr_line' id='line_1_78' title="bbox 653 4540 2256 4626; baseline -0.011 -16"><span class='ocrx_word' id='word_1_566' title='bbox 653 4552 940 4626; x_wconf 79' lang='lat' dir='ltr'><strong>gerendae</strong></span> <span class='ocrx_word' id='word_1_567' title='bbox 969 4567 1097 4622; x_wconf 81' lang='lat' dir='ltr'><strong>spes</strong></span> <span class='ocrx_word' id='word_1_568' title='bbox 1142 4550 1402 4621; x_wconf 88' lang='lat' dir='ltr'><strong>supersit,</strong></span> <span class='ocrx_word' id='word_1_569' title='bbox 1444 4553 1768 4603; x_wconf 88' lang='lat' dir='ltr'><strong>avertuntur</strong></span> <span class='ocrx_word' id='word_1_570' title='bbox 1801 4558 1865 4598; x_wconf 89' lang='lat' dir='ltr'><strong>ac</strong></span> <span class='ocrx_word' id='word_1_571' title='bbox 1898 4549 2046 4597; x_wconf 91' lang='lat' dir='ltr'><strong>retro</strong></span> <span class='ocrx_word' id='word_1_572' title='bbox 2078 4540 2256 4595; x_wconf 82' lang='lat' dir='ltr'><strong>disce-</strong></span> 
     </span>
    </p>
   </div>
   <div class='ocr_carea' id='block_1_79' title="bbox 2350 3341 3925 3421">
    <p class='ocr_par' dir='ltr' id='par_1_79' title="bbox 2350 3341 3925 3421">
     <span class='ocr_line' id='line_1_79' title="bbox 2350 3341 3925 3421; baseline -0.009 -17"><span class='ocrx_word' id='word_1_573' title='bbox 2350 3351 2445 3404; x_wconf 84' lang='grc' dir='ltr'>κα¹ι</span> <span class='ocrx_word' id='word_1_574' title='bbox 2470 3350 2596 3421; x_wconf 79' lang='grc' dir='ltr'>περὶ</span> <span class='ocrx_word' id='word_1_575' title='bbox 2621 3347 2824 3402; x_wconf 87' lang='grc' dir='ltr'>τούτων</span> <span class='ocrx_word' id='word_1_576' title='bbox 2852 3348 2952 3419; x_wconf 84' lang='grc' dir='ltr'><strong>τὴν</strong></span> <span class='ocrx_word' id='word_1_577' title='bbox 2982 3345 3348 3418; x_wconf 79' lang='grc' dir='ltr'>προκειμένην</span> <span class='ocrx_word' id='word_1_578' title='bbox 3388 3343 3556 3415; x_wconf 71' lang='grc' dir='ltr'>εὐχὴν</span> <span class='ocrx_word' id='word_1_579' title='bbox 3588 3341 3925 3411; x_wconf 81' lang='grc' dir='ltr'>ἀναπέμπει.</span> 
     </span>
    </p>
   </div>
   <div class='ocr_carea' id='block_1_80' title="bbox 2350 3430 3931 3513">
    <p class='ocr_par' dir='ltr' id='par_1_80' title="bbox 2350 3430 3931 3513">
     <span class='ocr_line' id='line_1_80' title="bbox 2350 3430 3931 3513; baseline -0.008 -15"><span class='ocrx_word' id='word_1_580' title='bbox 2350 3442 2563 3513; x_wconf 45' lang='grc' dir='ltr'>Οὑιγάρ</span> <span class='ocrx_word' id='word_1_581' title='bbox 2587 3441 2847 3497; x_wconf 86' lang='grc' dir='ltr'>παύονται</span> <span class='ocrx_word' id='word_1_582' title='bbox 2868 3436 3415 3511; x_wconf 76' lang='grc' dir='ltr'>διαφθονούμενοικαὶ</span> <span class='ocrx_word' id='word_1_583' title='bbox 3436 3438 3548 3499; x_wconf 85' lang='grc' dir='ltr'>τοῖς</span> <span class='ocrx_word' id='word_1_584' title='bbox 3576 3435 3682 3507; x_wconf 66' lang='grc' dir='ltr'><strong>ἤδη</strong></span> <span class='ocrx_word' id='word_1_585' title='bbox 3708 3430 3931 3494; x_wconf 79' lang='grc' dir='ltr'>τελείοις</span> 
     </span>
    </p>
   </div>
   <div class='ocr_carea' id='block_1_81' title="bbox 2350 3527 3930 3607">
    <p class='ocr_par' dir='ltr' id='par_1_81' title="bbox 2350 3527 3930 3607">
     <span class='ocr_line' id='line_1_81' title="bbox 2350 3527 3930 3607; baseline -0.006 -18"><span class='ocrx_word' id='word_1_586' title='bbox 2350 3537 2445 3591; x_wconf 85' lang='grc' dir='ltr'><strong>καί</strong></span> <span class='ocrx_word' id='word_1_587' title='bbox 2474 3534 2758 3607; x_wconf 80' lang='grc' dir='ltr'>βεϐηκόσιν</span> <span class='ocrx_word' id='word_1_588' title='bbox 2790 3533 2882 3586; x_wconf 79' lang='grc' dir='ltr'>ἐπὶ</span> <span class='ocrx_word' id='word_1_589' title='bbox 2905 3532 3002 3604; x_wconf 84' lang='grc' dir='ltr'>τὴν</span> <span class='ocrx_word' id='word_1_590' title='bbox 3035 3532 3257 3603; x_wconf 86' lang='grc' dir='ltr'>πέτραν.</span> <span class='ocrx_word' id='word_1_591' title='bbox 3290 3529 3379 3584; x_wconf 84' lang='grc' dir='ltr'><strong>Διὸ</strong></span> <span class='ocrx_word' id='word_1_592' title='bbox 3405 3527 3671 3602; x_wconf 78' lang='grc' dir='ltr'>ρυσθῆναι</span> <span class='ocrx_word' id='word_1_593' title='bbox 3697 3529 3813 3582; x_wconf 72' lang='grc' dir='ltr'>ἀπὸ</span> <span class='ocrx_word' id='word_1_594' title='bbox 3830 3527 3930 3580; x_wconf 77' lang='grc' dir='ltr'><strong>τῶν</strong></span> 
     </span>
    </p>
   </div>
   <div class='ocr_carea' id='block_1_82' title="bbox 2350 3620 3931 3698">
    <p class='ocr_par' dir='ltr' id='par_1_82' title="bbox 2350 3620 3931 3698">
     <span class='ocr_line' id='line_1_82' title="bbox 2350 3620 3931 3698; baseline -0.004 -19"><span class='ocrx_word' id='word_1_595' title='bbox 2350 3625 2655 3698; x_wconf 73' lang='grc' dir='ltr'>εἰρημένων</span> <span class='ocrx_word' id='word_1_596' title='bbox 2691 3625 2849 3692; x_wconf 78' lang='grc' dir='ltr'>ἀξιοῖ,</span> <span class='ocrx_word' id='word_1_597' title='bbox 2879 3625 3164 3687; x_wconf 84' lang='grc' dir='ltr'>κάκείνους</span> <span class='ocrx_word' id='word_1_598' title='bbox 3202 3622 3300 3695; x_wconf 80' lang='grc' dir='ltr'>μὲν</span> <span class='ocrx_word' id='word_1_599' title='bbox 3340 3620 3811 3695; x_wconf 62' lang='grc' dir='ltr'>καταιηυνθῆναι</span> <span class='ocrx_word' id='word_1_600' title='bbox 3847 3622 3931 3675; x_wconf 72' lang='grc' dir='ltr'><strong>καὶ</strong></span> 
     </span>
    </p>
   </div>
   <div class='ocr_carea' id='block_1_83' title="bbox 2349 3712 3929 3790">
    <p class='ocr_par' dir='ltr' id='par_1_83' title="bbox 2349 3712 3929 3790">
     <span class='ocr_line' id='line_1_83' title="bbox 2349 3712 3929 3790; baseline -0.004 -19"><span class='ocrx_word' id='word_1_601' title='bbox 2349 3718 2682 3790; x_wconf 81' lang='grc' dir='ltr'>ἐντραπῆναι</span> <span class='ocrx_word' id='word_1_602' title='bbox 2712 3716 2838 3780; x_wconf 74' lang='grc' dir='ltr'>τοὺς</span> <span class='ocrx_word' id='word_1_603' title='bbox 2881 3715 3242 3787; x_wconf 81' lang='grc' dir='ltr'>ὲκζητοῦντας</span> <span class='ocrx_word' id='word_1_604' title='bbox 3268 3712 3434 3767; x_wconf 78' lang='grc' dir='ltr'>αὐτοῦ</span> <span class='ocrx_word' id='word_1_605' title='bbox 3480 3713 3580 3786; x_wconf 78' lang='grc' dir='ltr'>τὴν</span> <span class='ocrx_word' id='word_1_606' title='bbox 3630 3713 3816 3786; x_wconf 71' lang='grc' dir='ltr'>ψυχὴν</span> <span class='ocrx_word' id='word_1_607' title='bbox 3842 3712 3929 3767; x_wconf 82' lang='grc' dir='ltr'>τοῦ</span> 
     </span>
    </p>
   </div>
   <div class='ocr_carea' id='block_1_84' title="bbox 2350 3804 3933 3883">
    <p class='ocr_par' dir='ltr' id='par_1_84' title="bbox 2350 3804 3933 3883">
     <span class='ocr_line' id='line_1_84' title="bbox 2350 3804 3933 3883; baseline -0.003 -20"><span class='ocrx_word' id='word_1_608' title='bbox 2350 3811 2540 3883; x_wconf 79' lang='grc' dir='ltr'>ἐξᾶραι</span> <span class='ocrx_word' id='word_1_609' title='bbox 2571 3810 2741 3881; x_wconf 80' lang='grc' dir='ltr'>αὑτήν</span> <span class='ocrx_word' id='word_1_610' title='bbox 2763 3824 2777 3839; x_wconf 90' lang='grc'><strong>·</strong></span> <span class='ocrx_word' id='word_1_611' title='bbox 2804 3808 2965 3863; x_wconf 82' lang='grc' dir='ltr'>αὑτὸν</span> <span class='ocrx_word' id='word_1_612' title='bbox 2989 3807 3045 3861; x_wconf 78' lang='grc' dir='ltr'>δὲ</span> <span class='ocrx_word' id='word_1_613' title='bbox 3078 3804 3546 3881; x_wconf 80' lang='grc' dir='ltr'>περιφράττεσθαι</span> <span class='ocrx_word' id='word_1_614' title='bbox 3577 3804 3683 3860; x_wconf 72' lang='grc' dir='ltr'>ὑπὸ</span> <span class='ocrx_word' id='word_1_615' title='bbox 3711 3806 3819 3877; x_wconf 81' lang='grc' dir='ltr'>τῆς</span> <span class='ocrx_word' id='word_1_616' title='bbox 3842 3807 3933 3860; x_wconf 81' lang='grc' dir='ltr'><strong>αὑ-</strong></span> 
     </span>
    </p>
   </div>
   <div class='ocr_carea' id='block_1_85' title="bbox 2352 3894 3932 3969">
    <p class='ocr_par' dir='ltr' id='par_1_85' title="bbox 2352 3894 3932 3969">
     <span class='ocr_line' id='line_1_85' title="bbox 2352 3894 3932 3969; baseline -0.006 -14"><span class='ocrx_word' id='word_1_617' title='bbox 2352 3900 2445 3955; x_wconf 84' lang='grc' dir='ltr'>τοῦ</span> <span class='ocrx_word' id='word_1_618' title='bbox 2475 3897 2671 3966; x_wconf 80' lang='grc' dir='ltr'>δεξιᾶς.</span> <span class='ocrx_word' id='word_1_619' title='bbox 2692 3898 3071 3969; x_wconf 83' lang='grc' dir='ltr'>Ἐντρέπονται</span> <span class='ocrx_word' id='word_1_620' title='bbox 3091 3896 3148 3949; x_wconf 83' lang='grc' dir='ltr'>δὲ</span> <span class='ocrx_word' id='word_1_621' title='bbox 3173 3898 3267 3950; x_wconf 78' lang='grc' dir='ltr'>καὶ</span> <span class='ocrx_word' id='word_1_622' title='bbox 3300 3894 3702 3967; x_wconf 79' lang='grc' dir='ltr'>ἀσχημονοῦσιν</span> <span class='ocrx_word' id='word_1_623' title='bbox 3745 3894 3932 3963; x_wconf 73' lang='grc' dir='ltr'>(οὕτως</span> 
     </span>
    </p>
   </div>
   <div class='ocr_carea' id='block_1_86' title="bbox 2352 3975 3933 4062">
    <p class='ocr_par' dir='ltr' id='par_1_86' title="bbox 2352 3975 3933 4062">
     <span class='ocr_line' id='line_1_86' title="bbox 2352 3975 3933 4062; baseline -0.006 -18"><span class='ocrx_word' id='word_1_624' title='bbox 2352 3990 2460 4062; x_wconf 88' lang='grc' dir='ltr'><strong>γάρ</strong></span> <span class='ocrx_word' id='word_1_625' title='bbox 2486 3975 2752 4055; x_wconf 62' lang='grc' dir='ltr'>ἐξέδωκεν</span> <span class='ocrx_word' id='word_1_626' title='bbox 2794 3990 2822 4041; x_wconf 89' lang='grc' dir='ltr'>ὁ</span> <span class='ocrx_word' id='word_1_627' title='bbox 2868 3975 3186 4061; x_wconf 80' lang='grc' dir='ltr'>Σύμμαχος)</span> <span class='ocrx_word' id='word_1_628' title='bbox 3241 3989 3291 4043; x_wconf 78' lang='lat' dir='ltr'><strong>oi</strong></span> <span class='ocrx_word' id='word_1_629' title='bbox 3320 3987 3608 4060; x_wconf 78' lang='grc' dir='ltr'>ζητοῦντες</span> <span class='ocrx_word' id='word_1_630' title='bbox 3628 3985 3729 4056; x_wconf 78' lang='grc' dir='ltr'>τὴν</span> <span class='ocrx_word' id='word_1_631' title='bbox 3765 3982 3933 4054; x_wconf 72' lang='grc' dir='ltr'>ψυχὴν</span> 
     </span>
    </p>
   </div>
   <div class='ocr_carea' id='block_1_87' title="bbox 2352 4075 3932 4150">
    <p class='ocr_par' dir='ltr' id='par_1_87' title="bbox 2352 4075 3932 4150">
     <span class='ocr_line' id='line_1_87' title="bbox 2352 4075 3932 4150; baseline -0.008 -12"><span class='ocrx_word' id='word_1_632' title='bbox 2352 4083 2446 4138; x_wconf 80' lang='grc' dir='ltr'>τοῦ</span> <span class='ocrx_word' id='word_1_633' title='bbox 2479 4083 2707 4146; x_wconf 84' lang='grc' dir='ltr'>δικαίου,</span> <span class='ocrx_word' id='word_1_634' title='bbox 2734 4083 2973 4147; x_wconf 76' lang='grc' dir='ltr'>ἐπειδὰν,</span> <span class='ocrx_word' id='word_1_635' title='bbox 3003 4084 3181 4135; x_wconf 82' lang='grc' dir='ltr'>πᾶσαν</span> <span class='ocrx_word' id='word_1_636' title='bbox 3210 4083 3329 4136; x_wconf 81' lang='grc' dir='ltr'>κατ’</span> <span class='ocrx_word' id='word_1_637' title='bbox 3355 4079 3520 4136; x_wconf 78' lang='grc' dir='ltr'>αὑτοῦ</span> <span class='ocrx_word' id='word_1_638' title='bbox 3545 4075 3801 4150; x_wconf 80' lang='grc' dir='ltr'>μηχανὴν</span> <span class='ocrx_word' id='word_1_639' title='bbox 3826 4078 3932 4127; x_wconf 81' lang='grc' dir='ltr'>ἐπι-</span> 
     </span>
    </p>
   </div>
   <div class='ocr_carea' id='block_1_88' title="bbox 2354 4168 3933 4249">
    <p class='ocr_par' dir='ltr' id='par_1_88' title="bbox 2354 4168 3933 4249">
     <span class='ocr_line' id='line_1_88' title="bbox 2354 4168 3933 4249; baseline -0.008 -16"><span class='ocrx_word' id='word_1_640' title='bbox 2354 4179 2666 4249; x_wconf 82' lang='grc' dir='ltr'>νοήσαντες,</span> <span class='ocrx_word' id='word_1_641' title='bbox 2694 4176 2969 4246; x_wconf 81' lang='grc' dir='ltr'>ἄπρακτοι</span> <span class='ocrx_word' id='word_1_642' title='bbox 3002 4175 3298 4245; x_wconf 85' lang='grc' dir='ltr'>γένωνται·</span> <span class='ocrx_word' id='word_1_643' title='bbox 3344 4170 3443 4227; x_wconf 79' lang='grc' dir='ltr'>εἷθ’</span> <span class='ocrx_word' id='word_1_644' title='bbox 3472 4174 3549 4236; x_wconf 84' lang='grc' dir='ltr'>ὡς</span> <span class='ocrx_word' id='word_1_645' title='bbox 3596 4170 3769 4243; x_wconf 84' lang='grc' dir='ltr'>μηδὲν</span> <span class='ocrx_word' id='word_1_646' title='bbox 3800 4168 3933 4223; x_wconf 80' lang='grc' dir='ltr'>δεδυο</span> 
     </span>
    </p>
   </div>
   <div class='ocr_carea' id='block_1_89' title="bbox 2355 4263 3933 4343">
    <p class='ocr_par' dir='ltr' id='par_1_89' title="bbox 2355 4263 3933 4343">
     <span class='ocr_line' id='line_1_89' title="bbox 2355 4263 3933 4343; baseline -0.008 -17"><span class='ocrx_word' id='word_1_647' title='bbox 2355 4271 2576 4343; x_wconf 83' lang='grc' dir='ltr'>νημένοι</span> <span class='ocrx_word' id='word_1_648' title='bbox 2614 4270 2939 4338; x_wconf 85' lang='grc' dir='ltr'>ἀπογνόντες</span> <span class='ocrx_word' id='word_1_649' title='bbox 2978 4269 3428 4331; x_wconf 82' lang='grc' dir='ltr'>ἀπαλλάττονται,</span> <span class='ocrx_word' id='word_1_650' title='bbox 3444 4263 3741 4340; x_wconf 30' lang='grc' dir='ltr'>,ἀίσχύνην</span> <span class='ocrx_word' id='word_1_651' title='bbox 3774 4280 3933 4318; x_wconf 73' lang='grc' dir='ltr'>καταο</span> 
     </span>
    </p>
   </div>
   <div class='ocr_carea' id='block_1_90' title="bbox 2356 4345 3931 4435">
    <p class='ocr_par' dir='ltr' id='par_1_90' title="bbox 2356 4345 3931 4435">
     <span class='ocr_line' id='line_1_90' title="bbox 2356 4345 3931 4435; baseline -0.006 -19"><span class='ocrx_word' id='word_1_652' title='bbox 2356 4365 2629 4435; x_wconf 87' lang='grc' dir='ltr'>χεάμενοι.</span> <span class='ocrx_word' id='word_1_653' title='bbox 2664 4362 2754 4415; x_wconf 88' lang='grc' dir='ltr'>Διὸ</span> <span class='ocrx_word' id='word_1_654' title='bbox 2804 4364 2941 4435; x_wconf 86' lang='grc' dir='ltr'><strong>μετά</strong></span> <span class='ocrx_word' id='word_1_655' title='bbox 2972 4362 3033 4417; x_wconf 83' lang='grc' dir='ltr'><strong>τὸ</strong></span> <span class='ocrx_word' id='word_1_656' title='bbox 3065 4345 3441 4433; x_wconf 81' lang='grc' dir='ltr'>ἀσχημονῆσαι</span> <span class='ocrx_word' id='word_1_657' title='bbox 3472 4358 3690 4423; x_wconf 78' lang='grc' dir='ltr'>αὐτοὺς,</span> <span class='ocrx_word' id='word_1_658' title='bbox 3744 4374 3931 4412; x_wconf 83' lang='grc' dir='ltr'>καται-</span> 
     </span>
    </p>
   </div>
   <div class='ocr_carea' id='block_1_91' title="bbox 2360 4450 3931 4527">
    <p class='ocr_par' dir='ltr' id='par_1_91' title="bbox 2360 4450 3931 4527">
     <span class='ocr_line' id='line_1_91' title="bbox 2360 4450 3931 4527; baseline -0.004 -18"><span class='ocrx_word' id='word_1_659' title='bbox 2360 4454 2650 4526; x_wconf 83' lang='grc' dir='ltr'>σχυνθῆναί</span> <span class='ocrx_word' id='word_1_660' title='bbox 2688 4473 2749 4508; x_wconf 90' lang='grc' dir='ltr'><strong>τε</strong></span> <span class='ocrx_word' id='word_1_661' title='bbox 2791 4455 3245 4527; x_wconf 81' lang='grc' dir='ltr'>κα“ι’ἐντραπῆναι</span> <span class='ocrx_word' id='word_1_662' title='bbox 3291 4450 3566 4519; x_wconf 81' lang='grc' dir='ltr'>ἐπιλέγει·</span> <span class='ocrx_word' id='word_1_663' title='bbox 3616 4451 3931 4517; x_wconf 72' lang='grc' dir='ltr'>Ἀποστρο-</span> 
     </span>
    </p>
   </div>
   <div class='ocr_carea' id='block_1_92' title="bbox 2357 4541 3933 4618">
    <p class='ocr_par' dir='ltr' id='par_1_92' title="bbox 2357 4541 3933 4618">
     <span class='ocr_line' id='line_1_92' title="bbox 2357 4541 3933 4618; baseline -0.004 -16"><span class='ocrx_word' id='word_1_664' title='bbox 2357 4549 2617 4618; x_wconf 46' lang='lat' dir='ltr'><strong>saginam“</strong></span> <span class='ocrx_word' id='word_1_665' title='bbox 2640 4550 2726 4615; x_wconf 85' lang='grc' dir='ltr'>εὶς</span> <span class='ocrx_word' id='word_1_666' title='bbox 2747 4547 2819 4601; x_wconf 86' lang='grc' dir='ltr'>τὰ</span> <span class='ocrx_word' id='word_1_667' title='bbox 2843 4545 3173 4610; x_wconf 78' lang='grc' dir='ltr'>ὀπίσω,.καὶ</span> <span class='ocrx_word' id='word_1_668' title='bbox 3193 4542 3637 4611; x_wconf 75' lang='grc' dir='ltr'>ἐντραπείησαν</span> <span class='ocrx_word' id='word_1_669' title='bbox 3660 4542 3718 4595; x_wconf 81' lang='grc' dir='ltr'>οἱ</span> <span class='ocrx_word' id='word_1_670' title='bbox 3741 4541 3933 4597; x_wconf 74' lang='grc' dir='ltr'>θέλον-</span> 
     </span>
    </p>
   </div>
   <div class='ocr_carea' id='block_1_93' title="bbox 690 4632 2244 4713">
    <p class='ocr_par' dir='ltr' id='par_1_93' title="bbox 690 4635 2244 4713">
     <span class='ocr_line' id='line_1_93' title="bbox 690 4635 2244 4713; baseline -0.009 -11"><span class='ocrx_word' id='word_1_671' title='bbox 690 4649 861 4711; x_wconf 88' lang='lat' dir='ltr'><strong>dunt;</strong></span> <span class='ocrx_word' id='word_1_672' title='bbox 915 4643 1112 4698; x_wconf 86' lang='lat' dir='ltr'><strong>deinde</strong></span> <span class='ocrx_word' id='word_1_673' title='bbox 1162 4641 1390 4712; x_wconf 79' lang='lat' dir='ltr'><strong>profecti</strong></span> <span class='ocrx_word' id='word_1_674' title='bbox 1449 4656 1513 4695; x_wconf 88' lang='lat' dir='ltr'><strong>ac</strong></span> <span class='ocrx_word' id='word_1_675' title='bbox 1541 4639 1732 4713; x_wconf 77' lang='lat' dir='ltr'><strong>procul</strong></span> <span class='ocrx_word' id='word_1_676' title='bbox 1774 4636 1959 4708; x_wconf 87' lang='lat' dir='ltr'><strong>positi,</strong></span> <span class='ocrx_word' id='word_1_677' title='bbox 2002 4635 2244 4704; x_wconf 65' lang='lat' dir='ltr'><strong>nequitia</strong></span> 
     </span>
    </p>
   </div>
   <div class='ocr_carea' id='block_1_94' title="bbox 2347 4632 3932 4713">
    <p class='ocr_par' dir='ltr' id='par_1_94' title="bbox 2358 4632 3932 4712">
     <span class='ocr_line' id='line_1_94' title="bbox 2358 4632 3932 4712; baseline -0.006 -17"><span class='ocrx_word' id='word_1_678' title='bbox 2358 4660 2456 4708; x_wconf 85' lang='grc' dir='ltr'><strong>τες</strong></span> <span class='ocrx_word' id='word_1_679' title='bbox 2487 4641 2559 4695; x_wconf 83' lang='grc' dir='ltr'>τὰ</span> <span class='ocrx_word' id='word_1_680' title='bbox 2591 4638 2744 4695; x_wconf 81' lang='grc' dir='ltr'>κακά</span> <span class='ocrx_word' id='word_1_681' title='bbox 2775 4658 2897 4712; x_wconf 87' lang='grc' dir='ltr'>μοι.</span> <span class='ocrx_word' id='word_1_682' title='bbox 2944 4639 3128 4710; x_wconf 82' lang='grc' dir='ltr'>Μηδὲν</span> <span class='ocrx_word' id='word_1_683' title='bbox 3177 4633 3284 4707; x_wconf 88' lang='grc' dir='ltr'><strong>γάρ</strong></span> <span class='ocrx_word' id='word_1_684' title='bbox 3334 4632 3703 4705; x_wconf 87' lang='grc' dir='ltr'>δεδυνημένοι,</span> <span class='ocrx_word' id='word_1_685' title='bbox 3731 4634 3828 4687; x_wconf 70' lang='grc' dir='ltr'><strong>καὶ</strong></span> <span class='ocrx_word' id='word_1_686' title='bbox 3864 4634 3932 4702; x_wconf 78' lang='grc' dir='ltr'>μὴ</span> 
     </span>
    </p>
   </div>
   <div class='ocr_carea' id='block_1_95' title="bbox 693 4730 2252 4809">
    <p class='ocr_par' dir='ltr' id='par_1_95' title="bbox 693 4730 2252 4809">
     <span class='ocr_line' id='line_1_95' title="bbox 693 4730 2252 4809; baseline -0.008 -13"><span class='ocrx_word' id='word_1_687' title='bbox 693 4756 805 4795; x_wconf 68' lang='lat' dir='ltr'><strong>suae</strong></span> <span class='ocrx_word' id='word_1_688' title='bbox 838 4741 1065 4809; x_wconf 82' lang='lat' dir='ltr'><strong>pignora</strong></span> <span class='ocrx_word' id='word_1_689' title='bbox 1115 4737 1384 4805; x_wconf 89' lang='lat' dir='ltr'><strong>accipient</strong></span> <span class='ocrx_word' id='word_1_690' title='bbox 1422 4753 1436 4790; x_wconf 89' lang='lat'><strong>:</strong></span> <span class='ocrx_word' id='word_1_691' title='bbox 1471 4747 1641 4805; x_wconf 85' lang='lat' dir='ltr'><strong>quare</strong></span> <span class='ocrx_word' id='word_1_692' title='bbox 1682 4742 1805 4803; x_wconf 90' lang='lat' dir='ltr'><strong>post</strong></span> <span class='ocrx_word' id='word_1_693' title='bbox 1855 4732 1970 4786; x_wconf 67' lang='lat' dir='ltr'><strong>lucc</strong></span> <span class='ocrx_word' id='word_1_694' title='bbox 2000 4730 2202 4784; x_wconf 88' lang='lat' dir='ltr'><strong>dicitur</strong></span> <span class='ocrx_word' id='word_1_695' title='bbox 2238 4747 2252 4784; x_wconf 89' lang='lat'><strong>:</strong></span> 
     </span>
    </p>
   </div>
   <div class='ocr_carea' id='block_1_96' title="bbox 692 4820 2256 4899">
    <p class='ocr_par' dir='ltr' id='par_1_96' title="bbox 692 4820 2256 4899">
     <span class='ocr_line' id='line_1_96' title="bbox 692 4820 2256 4899; baseline -0.01 -12"><span class='ocrx_word' id='word_1_696' title='bbox 692 4832 742 4899; x_wconf 74' lang='grc' dir='ltr'><strong><em>Ε</em></strong></span> <span class='ocrx_word' id='word_1_697' title='bbox 744 4839 899 4887; x_wconf 85' lang='lat' dir='ltr'><strong>erant</strong></span> <span class='ocrx_word' id='word_1_698' title='bbox 924 4828 1199 4899; x_wconf 79' lang='lat' dir='ltr'><strong>confestim</strong></span> <span class='ocrx_word' id='word_1_699' title='bbox 1219 4826 1575 4895; x_wconf 82' lang='lat' dir='ltr'><strong>confusionem</strong></span> <span class='ocrx_word' id='word_1_700' title='bbox 1604 4843 1753 4881; x_wconf 84' lang='lat' dir='ltr'><strong>suam</strong></span> <span class='ocrx_word' id='word_1_701' title='bbox 1774 4826 1865 4895; x_wconf 87' lang='lat' dir='ltr'><strong>qui</strong></span> <span class='ocrx_word' id='word_1_702' title='bbox 1889 4825 2070 4878; x_wconf 86' lang='lat' dir='ltr'><strong>dicunt</strong></span> <span class='ocrx_word' id='word_1_703' title='bbox 2094 4820 2256 4875; x_wconf 82' lang='lat' dir='ltr'><strong>mihi:</strong></span> 
     </span>
    </p>
   </div>
   <div class='ocr_carea' id='block_1_97' title="bbox 694 4915 2255 4997">
    <p class='ocr_par' dir='ltr' id='par_1_97' title="bbox 694 4915 2255 4997">
     <span class='ocr_line' id='line_1_97' title="bbox 694 4915 2255 4997; baseline -0.009 -16"><span class='ocrx_word' id='word_1_704' title='bbox 694 4926 858 4997; x_wconf 82' lang='lat' dir='ltr'><strong>Euge,</strong></span> <span class='ocrx_word' id='word_1_705' title='bbox 882 4922 1044 4991; x_wconf 86' lang='lat' dir='ltr'><strong>Euge.</strong></span> <span class='ocrx_word' id='word_1_706' title='bbox 1070 4919 1177 4973; x_wconf 90' lang='lat' dir='ltr'><strong>Pro</strong></span> <span class='ocrx_word' id='word_1_707' title='bbox 1198 4933 1307 4990; x_wconf 91' lang='lat' dir='ltr'><strong>quo</strong></span> <span class='ocrx_word' id='word_1_708' title='bbox 1328 4918 1520 4987; x_wconf 84' lang='lat' dir='ltr'><strong>Aquila</strong></span> <span class='ocrx_word' id='word_1_709' title='bbox 1548 4936 1560 4971; x_wconf 91' lang='lat'>:</span> <span class='ocrx_word' id='word_1_710' title='bbox 1591 4918 1672 4971; x_wconf 80' lang='lat' dir='ltr'><strong>Aa</strong></span> <span class='ocrx_word' id='word_1_711' title='bbox 1690 4959 1704 4982; x_wconf 94' lang='lat'><strong>,</strong></span> <span class='ocrx_word' id='word_1_712' title='bbox 1730 4935 1819 4981; x_wconf 89' lang='lat' dir='ltr'><strong>aa,</strong></span> <span class='ocrx_word' id='word_1_713' title='bbox 1848 4918 1964 4987; x_wconf 85' lang='lat' dir='ltr'><strong>ipsa</strong></span> <span class='ocrx_word' id='word_1_714' title='bbox 1990 4915 2255 4971; x_wconf 80' lang='lat' dir='ltr'><strong>Hebraica</strong></span> 
     </span>
    </p>
   </div>
   <div class='ocr_carea' id='block_1_98' title="bbox 694 5008 2256 5082">
    <p class='ocr_par' dir='ltr' id='par_1_98' title="bbox 694 5008 2256 5082">
     <span class='ocr_line' id='line_1_98' title="bbox 694 5008 2256 5082; baseline -0.011 -7"><span class='ocrx_word' id='word_1_715' title='bbox 694 5035 846 5082; x_wconf 89' lang='lat' dir='ltr'><strong>voce,</strong></span> <span class='ocrx_word' id='word_1_716' title='bbox 884 5019 965 5072; x_wconf 89' lang='lat' dir='ltr'><strong>sic</strong></span> <span class='ocrx_word' id='word_1_717' title='bbox 1000 5009 1254 5076; x_wconf 77' lang='lat' dir='ltr'><strong>habente,</strong></span> <span class='ocrx_word' id='word_1_718' title='bbox 1292 5022 1444 5065; x_wconf 83' lang='lat' dir='ltr'><strong>USIIS.</strong></span> <span class='ocrx_word' id='word_1_719' title='bbox 1475 5008 1676 5079; x_wconf 88' lang='lat' dir='ltr'><strong>Estque</strong></span> <span class='ocrx_word' id='word_1_720' title='bbox 1714 5011 1827 5079; x_wconf 86' lang='lat' dir='ltr'><strong>ipsa</strong></span> <span class='ocrx_word' id='word_1_721' title='bbox 1865 5024 1965 5062; x_wconf 82' lang='lat' dir='ltr'><strong>vox</strong></span> <span class='ocrx_word' id='word_1_722' title='bbox 2004 5008 2256 5077; x_wconf 87' lang='lat' dir='ltr'><strong>planctus</strong></span> 
     </span>
    </p>
   </div>
   <div class='ocr_carea' id='block_1_99' title="bbox 693 5100 2255 5177">
    <p class='ocr_par' dir='ltr' id='par_1_99' title="bbox 693 5100 2255 5177">
     <span class='ocr_line' id='line_1_99' title="bbox 693 5100 2255 5177; baseline -0.012 -11"><span class='ocrx_word' id='word_1_723' title='bbox 693 5123 880 5166; x_wconf 90' lang='lat' dir='ltr'><strong>eorum</strong></span> <span class='ocrx_word' id='word_1_724' title='bbox 908 5106 1001 5177; x_wconf 92' lang='lat' dir='ltr'><strong>qui</strong></span> <span class='ocrx_word' id='word_1_725' title='bbox 1028 5106 1142 5175; x_wconf 88' lang='lat' dir='ltr'><strong>jam</strong></span> <span class='ocrx_word' id='word_1_726' title='bbox 1187 5100 1427 5172; x_wconf 86' lang='lat' dir='ltr'><strong>superati</strong></span> <span class='ocrx_word' id='word_1_727' title='bbox 1482 5108 1631 5165; x_wconf 90' lang='lat' dir='ltr'><strong>sunt,</strong></span> <span class='ocrx_word' id='word_1_728' title='bbox 1667 5113 1729 5153; x_wconf 93' lang='lat' dir='ltr'><strong>ac</strong></span> <span class='ocrx_word' id='word_1_729' title='bbox 1770 5108 1914 5154; x_wconf 89' lang='lat' dir='ltr'><strong>retro</strong></span> <span class='ocrx_word' id='word_1_730' title='bbox 1968 5103 2255 5152; x_wconf 71' lang='lat' dir='ltr'><strong>cesserunt</strong></span> 
     </span>
    </p>
   </div>
   <div class='ocr_carea' id='block_1_100' title="bbox 675 5188 2251 5267">
    <p class='ocr_par' dir='ltr' id='par_1_100' title="bbox 675 5188 2251 5267">
     <span class='ocr_line' id='line_1_100' title="bbox 675 5188 2251 5267; baseline -0.009 -12"><span class='ocrx_word' id='word_1_731' title='bbox 675 5198 1181 5267; x_wconf 80' lang='lat' dir='ltr'><strong>confusionemque</strong></span> <span class='ocrx_word' id='word_1_732' title='bbox 1203 5194 1535 5248; x_wconf 88' lang='lat' dir='ltr'><strong>retulerunt.</strong></span> <span class='ocrx_word' id='word_1_733' title='bbox 1570 5189 1876 5246; x_wconf 86' lang='lat' dir='ltr'><strong>Secundum</strong></span> <span class='ocrx_word' id='word_1_734' title='bbox 1902 5188 2251 5259; x_wconf 80' lang='lat' dir='ltr'><strong>Septuaginta</strong></span> 
     </span>
    </p>
   </div>
   <div class='ocr_carea' id='block_1_101' title="bbox 694 5272 2254 5365">
    <p class='ocr_par' dir='ltr' id='par_1_101' title="bbox 694 5272 2254 5365">
     <span class='ocr_line' id='line_1_101' title="bbox 694 5272 2254 5365; baseline -0.008 -18"><span class='ocrx_word' id='word_1_735' title='bbox 694 5292 1022 5365; x_wconf 77' lang='lat' dir='ltr'><strong>lnterpretes</strong></span> <span class='ocrx_word' id='word_1_736' title='bbox 1054 5300 1106 5348; x_wconf 88' lang='lat' dir='ltr'><strong>et</strong></span> <span class='ocrx_word' id='word_1_737' title='bbox 1138 5287 1523 5362; x_wconf 87' lang='lat' dir='ltr'><strong>Symmachum</strong></span> <span class='ocrx_word' id='word_1_738' title='bbox 1560 5287 1638 5342; x_wconf 86' lang='lat' dir='ltr'><strong>sir.</strong></span> <span class='ocrx_word' id='word_1_739' title='bbox 1668 5272 1909 5348; x_wconf 77' lang='lat' dir='ltr'><strong>dicitur;</strong></span> <span class='ocrx_word' id='word_1_740' title='bbox 1943 5285 2046 5350; x_wconf 74' lang='lat' dir='ltr'><strong>Qui</strong></span> <span class='ocrx_word' id='word_1_741' title='bbox 2074 5284 2254 5337; x_wconf 84' lang='lat' dir='ltr'><strong>dicunt</strong></span> 
     </span>
    </p>
   </div>
   <div class='ocr_carea' id='block_1_102' title="bbox 693 5377 2255 5455">
    <p class='ocr_par' dir='ltr' id='par_1_102' title="bbox 693 5377 2255 5455">
     <span class='ocr_line' id='line_1_102' title="bbox 693 5377 2255 5455; baseline -0.008 -15"><span class='ocrx_word' id='word_1_742' title='bbox 693 5388 756 5443; x_wconf 84' lang='lat' dir='ltr'><strong>de</strong></span> <span class='ocrx_word' id='word_1_743' title='bbox 774 5405 851 5442; x_wconf 86' lang='lat' dir='ltr'><strong>me</strong></span> <span class='ocrx_word' id='word_1_744' title='bbox 882 5403 900 5441; x_wconf 93' lang='lat'><em>:</em></span> <span class='ocrx_word' id='word_1_745' title='bbox 938 5384 1102 5455; x_wconf 87' lang='lat' dir='ltr'><strong>Euge,</strong></span> <span class='ocrx_word' id='word_1_746' title='bbox 1139 5383 1301 5455; x_wconf 86' lang='lat' dir='ltr'><strong>Euge.</strong></span> <span class='ocrx_word' id='word_1_747' title='bbox 1345 5379 1411 5433; x_wconf 90' lang='lat' dir='ltr'><strong>Et</strong></span> <span class='ocrx_word' id='word_1_748' title='bbox 1446 5378 1677 5434; x_wconf 82' lang='lat' dir='ltr'><strong>fortasse</strong></span> <span class='ocrx_word' id='word_1_749' title='bbox 1716 5377 1849 5447; x_wconf 91' lang='lat' dir='ltr'><strong>justi</strong></span> <span class='ocrx_word' id='word_1_750' title='bbox 1902 5377 2103 5453; x_wconf 87' lang='lat' dir='ltr'><strong>inimici</strong></span> <span class='ocrx_word' id='word_1_751' title='bbox 2160 5377 2255 5447; x_wconf 87' lang='lat' dir='ltr'><strong>qui</strong></span> 
     </span>
    </p>
   </div>
   <div class='ocr_carea' id='block_1_103' title="bbox 693 5450 2255 5539">
    <p class='ocr_par' dir='ltr' id='par_1_103' title="bbox 693 5450 2255 5539">
     <span class='ocr_line' id='line_1_103' title="bbox 693 5450 2255 5539; baseline -0.004 -10"><span class='ocrx_word' id='word_1_752' title='bbox 693 5477 893 5530; x_wconf 89' lang='lat' dir='ltr'><strong>multas</strong></span> <span class='ocrx_word' id='word_1_753' title='bbox 916 5476 1179 5530; x_wconf 89' lang='lat' dir='ltr'><strong>adversus</strong></span> <span class='ocrx_word' id='word_1_754' title='bbox 1209 5487 1334 5527; x_wconf 90' lang='lat' dir='ltr'><strong>eum</strong></span> <span class='ocrx_word' id='word_1_755' title='bbox 1362 5469 1589 5526; x_wconf 90' lang='lat' dir='ltr'><strong>insidias</strong></span> <span class='ocrx_word' id='word_1_756' title='bbox 1613 5476 1945 5528; x_wconf 74' lang='lat' dir='ltr'><strong>Struxerant.</strong></span> <span class='ocrx_word' id='word_1_757' title='bbox 1975 5450 2255 5539; x_wconf 68' lang='lat' dir='ltr'><strong>sperantes</strong></span> 
     </span>
    </p>
   </div>
   <div class='ocr_carea' id='block_1_104' title="bbox 694 5558 2254 5637">
    <p class='ocr_par' dir='ltr' id='par_1_104' title="bbox 694 5558 2254 5637">
     <span class='ocr_line' id='line_1_104' title="bbox 694 5558 2254 5637; baseline -0.006 -15"><span class='ocrx_word' id='word_1_758' title='bbox 694 5584 753 5623; x_wconf 86' lang='lat' dir='ltr'><strong>se</strong></span> <span class='ocrx_word' id='word_1_759' title='bbox 783 5574 1158 5637; x_wconf 80' lang='lat' dir='ltr'><strong>superaturos,</strong></span> <span class='ocrx_word' id='word_1_760' title='bbox 1195 5563 1262 5619; x_wconf 90' lang='lat' dir='ltr'><strong>ad</strong></span> <span class='ocrx_word' id='word_1_761' title='bbox 1288 5561 1530 5633; x_wconf 85' lang='lat' dir='ltr'><strong>singulas</strong></span> <span class='ocrx_word' id='word_1_762' title='bbox 1557 5562 1811 5616; x_wconf 86' lang='lat' dir='ltr'><strong>dicebant</strong></span> <span class='ocrx_word' id='word_1_763' title='bbox 1847 5579 1859 5615; x_wconf 92' lang='lat'>:</span> <span class='ocrx_word' id='word_1_764' title='bbox 1890 5558 2055 5630; x_wconf 83' lang='lat' dir='ltr'><strong>Euge,</strong></span> <span class='ocrx_word' id='word_1_765' title='bbox 2093 5559 2254 5630; x_wconf 84' lang='lat' dir='ltr'><strong>Euge.</strong></span> 
     </span>
    </p>
   </div>
   <div class='ocr_carea' id='block_1_105' title="bbox 695 5653 2254 5727">
    <p class='ocr_par' dir='ltr' id='par_1_105' title="bbox 695 5653 2254 5727">
     <span class='ocr_line' id='line_1_105' title="bbox 695 5653 2254 5727; baseline -0.004 -14"><span class='ocrx_word' id='word_1_766' title='bbox 695 5658 799 5713; x_wconf 86' lang='lat' dir='ltr'><strong>Sed</strong></span> <span class='ocrx_word' id='word_1_767' title='bbox 824 5674 948 5713; x_wconf 85' lang='lat' dir='ltr'><strong>cum</strong></span> <span class='ocrx_word' id='word_1_768' title='bbox 978 5659 1093 5713; x_wconf 83' lang='lat' dir='ltr'><strong>haec</strong></span> <span class='ocrx_word' id='word_1_769' title='bbox 1120 5658 1439 5727; x_wconf 88' lang='lat' dir='ltr'><strong>plerumque</strong></span> <span class='ocrx_word' id='word_1_770' title='bbox 1465 5653 1720 5718; x_wconf 75' lang='lat' dir='ltr'><strong>dixerint,</strong></span> <span class='ocrx_word' id='word_1_771' title='bbox 1743 5669 1836 5724; x_wconf 86' lang='lat' dir='ltr'><strong>per</strong></span> <span class='ocrx_word' id='word_1_772' title='bbox 1859 5663 2030 5718; x_wconf 87' lang='lat' dir='ltr'><strong>tuam,</strong></span> <span class='ocrx_word' id='word_1_773' title='bbox 2058 5653 2254 5724; x_wconf 90' lang='lat' dir='ltr'><strong>inquit,</strong></span> 
     </span>
    </p>
   </div>
   <div class='ocr_carea' id='block_1_106' title="bbox 693 5746 2252 5825">
    <p class='ocr_par' dir='ltr' id='par_1_106' title="bbox 693 5746 2252 5825">
     <span class='ocr_line' id='line_1_106' title="bbox 693 5746 2252 5825; baseline -0.002 -19"><span class='ocrx_word' id='word_1_774' title='bbox 693 5752 918 5825; x_wconf 87' lang='lat' dir='ltr'><strong>gratiam</strong></span> <span class='ocrx_word' id='word_1_775' title='bbox 949 5752 1061 5822; x_wconf 83' lang='lat' dir='ltr'><strong>jam</strong></span> <span class='ocrx_word' id='word_1_776' title='bbox 1083 5749 1385 5817; x_wconf 89' lang='lat' dir='ltr'><strong>discedant,</strong></span> <span class='ocrx_word' id='word_1_777' title='bbox 1405 5762 1558 5805; x_wconf 89' lang='lat' dir='ltr'><strong>suam</strong></span> <span class='ocrx_word' id='word_1_778' title='bbox 1577 5746 1809 5807; x_wconf 76' lang='lat' dir='ltr'><strong>ferentes</strong></span> <span class='ocrx_word' id='word_1_779' title='bbox 1840 5746 2252 5819; x_wconf 87' lang='lat' dir='ltr'><strong>turpitudinem.</strong></span> 
     </span>
    </p>
   </div>
   <div class='ocr_carea' id='block_1_107' title="bbox 764 5885 1174 5959">
    <p class='ocr_par' dir='ltr' id='par_1_107' title="bbox 764 5885 1174 5959">
     <span class='ocr_line' id='line_1_107' title="bbox 764 5885 1174 5959; baseline -0.005 -20"><span class='ocrx_word' id='word_1_780' title='bbox 764 5886 839 5959; x_wconf 83' lang='lat' dir='ltr'><strong>(I)</strong></span> <span class='ocrx_word' id='word_1_781' title='bbox 888 5885 1174 5939; x_wconf 77' lang='grc' dir='ltr'>’Λνεπόλει.</span> 
     </span>
    </p>
   </div>
   <div class='ocr_carea' id='block_1_108' title="bbox 2360 4724 3934 4805">
    <p class='ocr_par' dir='ltr' id='par_1_108' title="bbox 2360 4724 3934 4805">
     <span class='ocr_line' id='line_1_108' title="bbox 2360 4724 3934 4805; baseline -0.008 -18"><span class='ocrx_word' id='word_1_782' title='bbox 2360 4733 2779 4798; x_wconf 87' lang='grc' dir='ltr'>κατελπίσαντες</span> <span class='ocrx_word' id='word_1_783' title='bbox 2831 4726 3321 4805; x_wconf 86' lang='grc' dir='ltr'>περιγενήσεσθαι,</span> <span class='ocrx_word' id='word_1_784' title='bbox 3367 4724 3806 4797; x_wconf 70' lang='grc' dir='ltr'>ἀποστρέφονται</span> <span class='ocrx_word' id='word_1_785' title='bbox 3847 4724 3934 4776; x_wconf 76' lang='grc' dir='ltr'><strong>καὶ</strong></span> 
     </span>
    </p>
   </div>
   <div class='ocr_carea' id='block_1_109' title="bbox 2358 4813 3935 4888">
    <p class='ocr_par' dir='ltr' id='par_1_109' title="bbox 2358 4813 3935 4888">
     <span class='ocr_line' id='line_1_109' title="bbox 2358 4813 3935 4888; baseline -0.009 -8"><span class='ocrx_word' id='word_1_786' title='bbox 2358 4825 2784 4880; x_wconf 77' lang='grc' dir='ltr'>ἀπαλλάττονται</span> <span class='ocrx_word' id='word_1_787' title='bbox 2816 4826 2895 4888; x_wconf 83' lang='grc' dir='ltr'><strong>είς</strong></span> <span class='ocrx_word' id='word_1_788' title='bbox 2920 4822 2993 4877; x_wconf 85' lang='grc' dir='ltr'>’τά</span> <span class='ocrx_word' id='word_1_789' title='bbox 3026 4821 3232 4874; x_wconf 74' lang='grc' dir='ltr'>ὀπίσω·</span> <span class='ocrx_word' id='word_1_790' title='bbox 3278 4813 3378 4871; x_wconf 78' lang='grc' dir='ltr'>εἶτ’</span> <span class='ocrx_word' id='word_1_791' title='bbox 3409 4815 3821 4883; x_wconf 59' lang='grc' dir='ltr'>ἀπαλλαγέντες</span> <span class='ocrx_word' id='word_1_792' title='bbox 3849 4814 3935 4868; x_wconf 76' lang='grc' dir='ltr'><strong>καὶ</strong></span> 
     </span>
    </p>
   </div>
   <div class='ocr_carea' id='block_1_110' title="bbox 2361 4907 3933 4992">
    <p class='ocr_par' dir='ltr' id='par_1_110' title="bbox 2361 4907 3933 4992">
     <span class='ocr_line' id='line_1_110' title="bbox 2361 4907 3933 4992; baseline -0.009 -20"><span class='ocrx_word' id='word_1_793' title='bbox 2361 4919 2572 4992; x_wconf 77' lang='grc' dir='ltr'>μακρὰν</span> <span class='ocrx_word' id='word_1_794' title='bbox 2597 4918 2898 4989; x_wconf 88' lang='grc' dir='ltr'>γενόμενοι,</span> <span class='ocrx_word' id='word_1_795' title='bbox 2933 4912 3221 4984; x_wconf 88' lang='grc' dir='ltr'>τάπίχειρα</span> <span class='ocrx_word' id='word_1_796' title='bbox 3241 4910 3339 4981; x_wconf 83' lang='grc' dir='ltr'><strong>τῆς</strong></span> <span class='ocrx_word' id='word_1_797' title='bbox 3365 4907 3545 4966; x_wconf 79' lang='grc' dir='ltr'>αὐτῶν</span> <span class='ocrx_word' id='word_1_798' title='bbox 3567 4907 3933 4979; x_wconf 71' lang='grc' dir='ltr'>ἀπολήψονται</span> 
     </span>
    </p>
   </div>
   <div class='ocr_carea' id='block_1_111' title="bbox 2356 4997 3934 5081">
    <p class='ocr_par' dir='ltr' id='par_1_111' title="bbox 2356 4997 3934 5081">
     <span class='ocr_line' id='line_1_111' title="bbox 2356 4997 3934 5081; baseline -0.007 -17"><span class='ocrx_word' id='word_1_799' title='bbox 2356 5011 2583 5074; x_wconf 83' lang='grc' dir='ltr'>κακίας·</span> <span class='ocrx_word' id='word_1_800' title='bbox 2616 5011 2697 5064; x_wconf 77' lang='grc' dir='ltr'><strong>διὸ</strong></span> <span class='ocrx_word' id='word_1_801' title='bbox 2738 5008 2875 5081; x_wconf 89' lang='grc' dir='ltr'><strong>μετά</strong></span> <span class='ocrx_word' id='word_1_802' title='bbox 2914 4998 3089 5059; x_wconf 82' lang='grc' dir='ltr'>ταῦτα</span> <span class='ocrx_word' id='word_1_803' title='bbox 3128 5002 3410 5056; x_wconf 82' lang='grc' dir='ltr'>λέλεκται·</span> <span class='ocrx_word' id='word_1_804' title='bbox 3454 4997 3934 5069; x_wconf 74' lang='grc' dir='ltr'>Κομισάσθωσαν</span> 
     </span>
    </p>
   </div>
   <div class='ocr_carea' id='block_1_112' title="bbox 2359 5093 3930 5173">
    <p class='ocr_par' dir='ltr' id='par_1_112' title="bbox 2359 5093 3930 5173">
     <span class='ocr_line' id='line_1_112' title="bbox 2359 5093 3930 5173; baseline -0.004 -19"><span class='ocrx_word' id='word_1_805' title='bbox 2359 5102 2719 5173; x_wconf 77' lang='grc' dir='ltr'>παραχρῆμα</span> <span class='ocrx_word' id='word_1_806' title='bbox 2769 5098 3073 5167; x_wconf 75' lang='grc' dir='ltr'>αἰσχύνην</span> <span class='ocrx_word' id='word_1_807' title='bbox 3118 5093 3317 5150; x_wconf 79' lang='grc' dir='ltr'>αὐτῶν</span> <span class='ocrx_word' id='word_1_808' title='bbox 3365 5097 3421 5149; x_wconf 85' lang='grc' dir='ltr'>οἱ</span> <span class='ocrx_word' id='word_1_809' title='bbox 3464 5093 3756 5165; x_wconf 72' lang='grc' dir='ltr'>λέγοντές</span> <span class='ocrx_word' id='word_1_810' title='bbox 3803 5110 3930 5165; x_wconf 80' lang='grc' dir='ltr'>μοι·</span> 
     </span>
    </p>
   </div>
   <div class='ocr_carea' id='block_1_113' title="bbox 2360 5182 3930 5265">
    <p class='ocr_par' dir='ltr' id='par_1_113' title="bbox 2360 5182 3930 5265">
     <span class='ocr_line' id='line_1_113' title="bbox 2360 5182 3930 5265; baseline -0.006 -16"><span class='ocrx_word' id='word_1_811' title='bbox 2360 5192 2534 5265; x_wconf 75' lang='grc' dir='ltr'>Εὖγε,</span> <span class='ocrx_word' id='word_1_812' title='bbox 2585 5191 2744 5265; x_wconf 82' lang='grc' dir='ltr'>εὖτε.</span> <span class='ocrx_word' id='word_1_813' title='bbox 2784 5190 2923 5245; x_wconf 83' lang='grc' dir='ltr'>Ἀνθ’</span> <span class='ocrx_word' id='word_1_814' title='bbox 2950 5182 3011 5243; x_wconf 74' lang='grc' dir='ltr'><strong>οὗ</strong></span> <span class='ocrx_word' id='word_1_815' title='bbox 3062 5192 3091 5243; x_wconf 84' lang='grc' dir='ltr'>ὁ</span> <span class='ocrx_word' id='word_1_816' title='bbox 3124 5188 3352 5251; x_wconf 73' lang='grc' dir='ltr'>Ἀκύλας</span> <span class='ocrx_word' id='word_1_817' title='bbox 3399 5190 3783 5265; x_wconf 78' lang='grc' dir='ltr'>ἡρμήνευσεν·</span> <span class='ocrx_word' id='word_1_818' title='bbox 3830 5187 3930 5247; x_wconf 81' lang='grc' dir='ltr'><strong>Ἁὰ,</strong></span> 
     </span>
    </p>
   </div>
   <div class='ocr_carea' id='block_1_114' title="bbox 2359 5280 3931 5360">
    <p class='ocr_par' dir='ltr' id='par_1_114' title="bbox 2359 5280 3931 5360">
     <span class='ocr_line' id='line_1_114' title="bbox 2359 5280 3931 5360; baseline -0.007 -16"><span class='ocrx_word' id='word_1_819' title='bbox 2359 5288 2454 5354; x_wconf 84' lang='grc' dir='ltr'>ἀὰ,</span> <span class='ocrx_word' id='word_1_820' title='bbox 2482 5290 2617 5360; x_wconf 79' lang='grc' dir='ltr'>αὐτῇ</span> <span class='ocrx_word' id='word_1_821' title='bbox 2653 5283 3101 5358; x_wconf 87' lang='grc' dir='ltr'>συγχρησάμενος</span> <span class='ocrx_word' id='word_1_822' title='bbox 3127 5280 3300 5346; x_wconf 74' lang='grc' dir='ltr'>οὕτως</span> <span class='ocrx_word' id='word_1_823' title='bbox 3335 5281 3533 5356; x_wconf 73' lang='grc' dir='ltr'>ἐχούσῃ</span> <span class='ocrx_word' id='word_1_824' title='bbox 3562 5284 3631 5353; x_wconf 81' lang='grc' dir='ltr'>τῇ</span> <span class='ocrx_word' id='word_1_825' title='bbox 3676 5281 3931 5354; x_wconf 78' lang='grc' dir='ltr'><strong>Ἐϐραῖκῇ</strong></span> 
     </span>
    </p>
   </div>
   <div class='ocr_carea' id='block_1_115' title="bbox 2362 5373 3933 5453">
    <p class='ocr_par' dir='ltr' id='par_1_115' title="bbox 2362 5373 3933 5453">
     <span class='ocr_line' id='line_1_115' title="bbox 2362 5373 3933 5453; baseline -0.005 -18"><span class='ocrx_word' id='word_1_826' title='bbox 2362 5383 2695 5453; x_wconf 78' lang='grc' dir='ltr'>φωνῇ.”Εστι</span> <span class='ocrx_word' id='word_1_827' title='bbox 2727 5381 2785 5433; x_wconf 86' lang='grc' dir='ltr'>δὲ</span> <span class='ocrx_word' id='word_1_828' title='bbox 2811 5377 2950 5448; x_wconf 80' lang='grc' dir='ltr'>αὕτη</span> <span class='ocrx_word' id='word_1_829' title='bbox 2984 5374 3361 5450; x_wconf 79' lang='grc' dir='ltr'>σχετλιαστικὴ</span> <span class='ocrx_word' id='word_1_830' title='bbox 3388 5376 3495 5430; x_wconf 84' lang='grc' dir='ltr'><strong>τῶν</strong></span> <span class='ocrx_word' id='word_1_831' title='bbox 3520 5375 3623 5447; x_wconf 70' lang='grc' dir='ltr'>ήδη</span> <span class='ocrx_word' id='word_1_832' title='bbox 3652 5373 3933 5446; x_wconf 81' lang='grc' dir='ltr'>νενικημέ-</span> 
     </span>
    </p>
   </div>
   <div class='ocr_carea' id='block_1_116' title="bbox 2358 5466 3933 5544">
    <p class='ocr_par' dir='ltr' id='par_1_116' title="bbox 2358 5466 3933 5544">
     <span class='ocr_line' id='line_1_116' title="bbox 2358 5466 3933 5544; baseline -0.004 -18"><span class='ocrx_word' id='word_1_833' title='bbox 2358 5491 2462 5527; x_wconf 89' lang='grc' dir='ltr'><strong>νων</strong></span> <span class='ocrx_word' id='word_1_834' title='bbox 2496 5474 2589 5526; x_wconf 75' lang='lat' dir='ltr'><strong>uati.</strong></span> <span class='ocrx_word' id='word_1_835' title='bbox 2621 5476 2701 5536; x_wconf 84' lang='grc' dir='ltr'><strong>είς</strong></span> <span class='ocrx_word' id='word_1_836' title='bbox 2729 5472 2797 5525; x_wconf 77' lang='grc' dir='ltr'>τὰ</span> <span class='ocrx_word' id='word_1_837' title='bbox 2822 5470 2996 5525; x_wconf 74' lang='grc' dir='ltr'>ὀπίσω</span> <span class='ocrx_word' id='word_1_838' title='bbox 3026 5470 3441 5544; x_wconf 83' lang='grc' dir='ltr'>κεχωρηκότων,</span> <span class='ocrx_word' id='word_1_839' title='bbox 3475 5470 3574 5523; x_wconf 76' lang='grc' dir='ltr'>καὶ</span> <span class='ocrx_word' id='word_1_840' title='bbox 3601 5470 3704 5540; x_wconf 75' lang='grc' dir='ltr'>τὴν</span> <span class='ocrx_word' id='word_1_841' title='bbox 3736 5466 3933 5521; x_wconf 74' lang='grc' dir='ltr'>ἑαυτῶν</span> 
     </span>
    </p>
   </div>
   <div class='ocr_carea' id='block_1_117' title="bbox 2359 5552 3933 5636">
    <p class='ocr_par' dir='ltr' id='par_1_117' title="bbox 2359 5552 3933 5636">
     <span class='ocr_line' id='line_1_117' title="bbox 2359 5552 3933 5636; baseline -0.006 -17"><span class='ocrx_word' id='word_1_842' title='bbox 2359 5567 2616 5636; x_wconf 79' lang='grc' dir='ltr'>αἰσχύνην</span> <span class='ocrx_word' id='word_1_843' title='bbox 2665 5562 3060 5635; x_wconf 81' lang='grc' dir='ltr'>ἀπειληφότων.</span> <span class='ocrx_word' id='word_1_844' title='bbox 3100 5563 3256 5617; x_wconf 84' lang='grc' dir='ltr'>Κατά</span> <span class='ocrx_word' id='word_1_845' title='bbox 3295 5552 3500 5625; x_wconf 39' lang='grc' dir='ltr'>δὲίτοὺς</span> <span class='ocrx_word' id='word_1_846' title='bbox 3536 5559 3933 5631; x_wconf 74' lang='grc' dir='ltr'>Ἕϐδομήκοντα</span> 
     </span>
    </p>
   </div>
   <div class='ocr_carea' id='block_1_118' title="bbox 2363 5648 3929 5728">
    <p class='ocr_par' dir='ltr' id='par_1_118' title="bbox 2363 5648 3929 5728">
     <span class='ocr_line' id='line_1_118' title="bbox 2363 5648 3929 5728; baseline -0.004 -19"><span class='ocrx_word' id='word_1_847' title='bbox 2363 5657 2455 5709; x_wconf 69' lang='grc' dir='ltr'><strong>καὶ</strong></span> <span class='ocrx_word' id='word_1_848' title='bbox 2477 5656 2564 5709; x_wconf 82' lang='grc' dir='ltr'><strong>τὸν</strong></span> <span class='ocrx_word' id='word_1_849' title='bbox 2585 5656 2876 5728; x_wconf 84' lang='grc' dir='ltr'>Σύμμαχον</span> <span class='ocrx_word' id='word_1_850' title='bbox 2903 5655 3179 5724; x_wconf 76' lang='grc' dir='ltr'>φήσαντα·</span> <span class='ocrx_word' id='word_1_851' title='bbox 3212 5656 3277 5709; x_wconf 83' lang='grc' dir='ltr'><strong>οι</strong></span> <span class='ocrx_word' id='word_1_852' title='bbox 3301 5652 3592 5724; x_wconf 72' lang='grc' dir='ltr'>λέγοντες</span> <span class='ocrx_word' id='word_1_853' title='bbox 3614 5650 3757 5719; x_wconf 77' lang='grc' dir='ltr'>περὶ</span> <span class='ocrx_word' id='word_1_854' title='bbox 3775 5648 3929 5721; x_wconf 74' lang='grc' dir='ltr'>ἐμοῦ·</span> 
     </span>
    </p>
   </div>
   <div class='ocr_carea' id='block_1_119' title="bbox 2365 5742 3933 5820">
    <p class='ocr_par' dir='ltr' id='par_1_119' title="bbox 2365 5742 3933 5820">
     <span class='ocr_line' id='line_1_119' title="bbox 2365 5742 3933 5820; baseline -0.004 -15"><span class='ocrx_word' id='word_1_855' title='bbox 2365 5744 2541 5820; x_wconf 73' lang='grc' dir='ltr'>Εὖγε,</span> <span class='ocrx_word' id='word_1_856' title='bbox 2571 5745 2729 5818; x_wconf 76' lang='grc' dir='ltr'>εὖγε,</span> <span class='ocrx_word' id='word_1_857' title='bbox 2760 5749 2899 5815; x_wconf 72' lang='grc' dir='ltr'>τάχα</span> <span class='ocrx_word' id='word_1_858' title='bbox 2926 5748 3055 5802; x_wconf 77' lang='grc' dir='ltr'>ποτὲ</span> <span class='ocrx_word' id='word_1_859' title='bbox 3083 5749 3131 5802; x_wconf 86' lang='lat' dir='ltr'><strong>oi</strong></span> <span class='ocrx_word' id='word_1_860' title='bbox 3164 5746 3348 5819; x_wconf 72' lang='grc' dir='ltr'>ἐχθροὶ</span> <span class='ocrx_word' id='word_1_861' title='bbox 3378 5746 3475 5801; x_wconf 80' lang='grc' dir='ltr'>τοῦ</span> <span class='ocrx_word' id='word_1_862' title='bbox 3496 5743 3717 5800; x_wconf 79' lang='grc' dir='ltr'>δικαίου</span> <span class='ocrx_word' id='word_1_863' title='bbox 3746 5742 3933 5807; x_wconf 75' lang='grc' dir='ltr'>πολλὰς</span> 
     </span>
    </p>
   </div>
  </div>
