3966 6348
97 425 182 486 361
1188 409 1685 478 εοιιιιεΝτΑιιιΑ
1723 415 1788 470 IN
1826 409 2139 470 PSALMOS
2153 451 2166 464 .

3173 406 3277 463 362

95 543 357 610 ἐπιϐουλὰς
378 541 717 607 ἐπινοοῦντες
751 546 870 612 κατέ
890 537 1080 606 αὑτοῦ,
1103 539 1184 610 ὲφῒ
1215 539 1418 612 ἑκάστῃ
1438 535 1842 612 προσδοκῶντες
1873 529 2341 606 περιγενήσεσθαι,
2372 530 2572 600 ελεγον.
2591 522 2766 598 Εὖγε,
2790 520 2948 598 εὖτε.
2967 518 3131 582 Ἀλλᾶ
3153 527 3280 582 πο).-

95 641 230 703 λάκις
246 640 416 701 τοῦτο,
433 637 616 708 φησὶν,
634 633 1023 708 εἰρηκότες,διὰ
1039 632 1136 705 τὴν
1156 633 1251 706 σὴν
1281 633 1434 706 χάριν
1456 625 1976 688 ἀπαλλαττέσθωσαν
1995 622 2094 695 ἢδη
2114 622 2258 682 ποτὲ,
2278 621 2374 692 τὴν
2399 619 2600 675 ἑαυτῶν
2624 620 2976 708 κομισάμενοι
3001 618 3280 691 αἰσχύνην.

206 735 306 790 ΕΙΣ
341 733 429 786 T0
467 722 1005 792 ΤΕΛΟΣ,ΨΔΛΜΟΣ
1041 728 1127 781 ΤΩ
1164 725 1362 780 ΔΑΥΙΔ
1395 725 1484 781 Μ’.

149 825 434 895 Μακάριος
457 828 491 879 ὁ
512 823 738 879 συνιὼν
763 821 861 875 ἐπὶ
881 820 1117 890 πτωχὸν
1140 820 1241 874 καί
1267 819 1521 888 πένητα·
1553 818 1622 872 ἐν

91 921 256 990 ἡμέρᾳ
295 914 526 985 πονηρᾷ
561 917 810 984 ῥύσεται
843 912 1029 974 αὐτὸν
1055 914 1088 965 ό
1128 912 1356 981 Κύριος.
1409 913 1622 981 Κύριος

91 1008 428 1079 διαφυλάξαι
454 1008 638 1063 αὑτὸν
668 1005 767 1061 καὶ
802 1002 1020 1066 ζωὼσαι
1054 1003 1262 1066 αὐτὸν,
1303 1004 1402 1058 καὶ
1437 1020 1622 1075 μακα-

85 1104 229 1172 ρίσαι
251 1101 436 1156 αὑτὸν
461 1100 531 1153 ἐν
561 1098 634 1167 τῇ
662 1096 765 1168 τῇ,
786 1095 884 1150 καί
910 1094 997 1166 μὴ
1021 1092 1263 1162 παραδῷ
1310 1096 1497 1150 αὐτὸν
1536 1096 1623 1161 είς

88 1192 275 1263 ψυχὴν
290 1189 517 1261 ἐχθρῶν
536 1188 740 1244 αὑτοῦ.
761 1188 973 1256 Κύριος
984 1184 1288 1254 ,βοηθῆσαι
1330 1186 1490 1252 αὐτῷ
1523 1185 1622 1239 ἐπὶ

86 1286 277 1350 κλίνης
322 1282 542 1351 ὀδύνης
578 1279 782 1344 αὐτοῦ,
834 1279 986 1347 ὅλην
1024 1277 1137 1346 τὴν
1177 1277 1385 1346 κοίτην
1435 1277 1620 1332 αὐτοῦ

85 1379 356 1446 ἕστρεψας
384 1375 453 1429 ἐν
481 1372 554 1444 τῇ
594 1372 889 1443 ἀρρωστίᾳ
927 1369 1132 1425 αὐτοῦ.
1177 1368 1389 1442 Προιὼν
1439 1370 1565 1442 ἑξῆς
1591 1372 1620 1424 6

84 1469 219 1538 λόγος
249 1467 492 1539 ἐπιφέρει
515 1482 528 1496 ο
563 1464 671 1520 Καί
694 1463 804 1535 τὰρ
829 1466 862 1517 ό
903 1461 1210 1530 ἄνθρωπος
1237 1459 1344 1530 τῆς
1377 1462 1619 1533 εἰρήνης

79 1575 201 1625 μου,
237 1556 326 1626 ἐφ’
357 1556 428 1610 ὃν
454 1555 703 1622 ἤλπισα,
741 1555 774 1607 ό
805 1551 1023 1607 ἐσθίων
1055 1549 1272 1618 ἄρτους
1302 1568 1454 1620 μου,
1485 1551 1616 1620 ἐμε-

83 1650 324 1719 γάλυνεν
346 1649 439 1702 ἐπ’
470 1646 574 1717 ἐμὲ
598 1645 978 1715 πτερνισμόν.
1009 1641 1193 1698 Ταῦτα
1221 1643 1276 1697 δὲ
1314 1643 1619 1716 άναγέγρα-
1681 1709 1695 1721 .

81 1759 195 1795 πται
223 1743 252 1794 6
287 1741 473 1812 Σωτὴρ
522 1740 616 1794 καί
643 1738 844 1810 Κύριος
871 1736 1027 1809 ἡμῶν
1058 1739 1115 1790 ὲν
1142 1737 1218 1808 τῷ
1245 1738 1384 1793 κατὰ
1442 1737 1618 1792 Ἰωάν-

80 1853 162 1906 νην
186 1831 496 1904 Εὐαγγελίῳ
525 1831 600 1897 ὡς
630 1829 691 1896 ἐξ
710 1829 908 1886 οἰκείου
957 1829 1247 1902 προσώπου
1293 1829 1528 1904 εἰρηκὼς
1559 1832 1618 1884 ὲν

79 1929 134 1998 τῇ
172 1927 299 1999 πρὸς
353 1927 477 1990 τοὺς
533 1924 776 1996 μαθητὰς
836 1925 1052 1999 ὁμιλίαι
1088 1927 1171 1979 ’δι’
1222 1917 1296 1979 ὧν
1345 1923 1612 1994 ἔφασκενο

89 2018 264 2087 Ἆμὶιν,
287 2017 469 2088 ἀμὴν,
491 2017 645 2088 λέγω
668 2019 810 2089 ὑμῖν
827 2034 841 2050 ⁸
879 2021 998 2074 Οὐκ
1024 2019 1153 2074 ἔστι
1178 2017 1399 2083 δοῦλος
1406 2014 1618 2087 μείζων

1649 725 1698 785 Α

2045 715 2097 768 1.
2134 711 2201 766 ΙΝ
2232 708 2798 779 FINEM,PSALMUS
2837 707 2948 764 XL.

1802 807 1968 865 Vens.
1989 806 2112 864 2-4.
2134 807 2331 863 Beatus
2361 806 2452 876 qui
2480 803 2724 876 intelligit
2772 821 2926 875 super
2980 821 3196 875 egenum
3232 818 3279 862 et

1727 917 2008 974 pauperem
2042 917 2061 955 :
2083 903 2137 954 in
2165 898 2250 954 die
2272 898 2418 953 mala
2447 898 2689 953 liberabit
2720 913 2835 952 eum
2861 897 3139 954 Dominus.
3166 898 3281 954 Do-

1726 996 1903 1052 minus
1933 1003 2198 1051 conseruet
2227 1010 2345 1048 eum
2373 1002 2422 1048 et
2456 993 2677 1065 viviﬁcet
2720 1011 2858 1059 eum,
2886 1003 2935 1048 et
2961 995 3166 1048 beatum
3199 995 3284 1062 fa-
3330 1008 3332 1010 '

1727 1088 1832 1142 ciat
1854 1102 1974 1142 eum
2007 1085 2237 1147 interra,
2269 1091 2317 1138 et
2347 1099 2453 1137 non
2491 1082 2668 1137 tradat
2692 1098 2810 1137 eum
2835 1082 2891 1136 in
2913 1077 3146 1136 animam-
3173 1082 3280 1136 iniv

1725 1181 1983 1234 micorum
2019 1179 2154 1249 ejus.
2193 1175 2445 1232 Dominus
2475 1191 2622 1246 Opem
2645 1175 2781 1245 ferat
2825 1173 2904 1228 illi
2925 1170 3302 1244 superiectum

1725 1268 1924 1324 doloris
1951 1268 2082 1338 ejus,
2111 1269 2409 1323 universum
2428 1275 2653 1321 stratum
2684 1265 2796 1336 ejus
2822 1264 3041 1320 uersasti
3057 1266 3110 1320 in
3134 1265 3286 1335 inﬁr-

1725 1363 1908 1416 mitate
1944 1377 2079 1429 ejus.
2113 1359 2226 1415 S‘ub
2253 1359 2368 1415 haec
2421 1357 2598 1414 autem
2651 1358 2725 1412 ita
2771 1373 2948 1413 sermo
3000 1358 3281 1429 procedit:

1725 1450 1934 1506 Etenim
1949 1450 2102 1506 homo
2124 1452 2271 1518 pacis
2297 1466 2447 1519 mete,
2481 1450 2536 1505 in
2586 1465 2686 1520 quo
2733 1449 2958 1517 sperati,
2982 1449 3070 1520 qui
3103 1447 3286 1504 edebat

1720 1559 1878 1611 panes
1901 1559 2064 1606 meos,
2090 1543 2446 1613 magniﬁcauit
2485 1557 2641 1610 super
2678 1557 2758 1595 me
2785 1540 3280 1612 supplantationem.

1724 1636 1848 1692 Haec
1883 1652 2044 1708 porro
2089 1634 2295 1690 dixisse
2341 1633 2600 1690 scribitur
2642 1632 2889 1688 Salvator
2921 1642 2975 1688 et
3021 1625 3283 1692 Dominus
3329 1665 3331 1667 ι

1724 1737 1908 1784 noster
1943 1729 1996 1783 in
2032 1727 2325 1798 Evangelio
2381 1725 2681 1798 secundum
2713 1723 2998 1790 Joannem,
3032 1727 3187 1796 quasi
3214 1744 3280 1783 ex

1723 1824 1943 1895 propria
1995 1835 2226 1892 persona
2286 1821 2366 1876 sic
2426 1818 2724 1890 discipulos
2767 1818 3274 1883 alloCutuszAmen,

1722 1903 1893 1980 amen,
1945 1913 2063 1968 dico
2101 1912 2289 1967 uobis:
2328 1910 2450 1966 Non
2493 1920 2569 1965 est
2619 1927 2794 1966 servus
2849 1912 3026 1980 major
3065 1911 3279 1966 domino

1721 2024 1835 2074 suo,
1868 2024 2028 2080 neque
2051 2006 2318 2078 apostolus
2351 2006 2522 2076 major
2548 2014 2624 2058 est
2645 2020 2704 2058 eo
2723 2005 2813 2076 qui
2845 2005 2988 2060 misit
3015 2003 3186 2061 illum.
3220 2004 3282 2060 Si

78 2110 168 2166 τοῦ
207 2111 414 2180 x-t'pt‘ov
451 2110 658 2184 αὑτοῦ,
698 2111 840 2166 οὐδὲ
877 2112 1220 2178 ἀπόστολος
1253 2106 1465 2180 μείζων
1512 2107 1613 2162 τοῦ

1716 2101 1824 2157 [uec
1850 2103 2015 2165 scitis,
2058 2100 2195 2155 beati
2231 2099 2380 2154 eritis
2430 2114 2548 2153 cum
2566 2097 2791 2167 feceritis
2815 2113 2896 2154 ea.
2931 2095 3055 2154 Non
3082 2097 3145 2152 de
3173 2113 3286 2152 om-

76 2201 400 2270 πέμψαντος
419 2201 622 2257 αὐτόν.
643 2204 714 2256 Ei
737 2203 923 2257 ταῦτα
947 2202 1164 2269 οἴδατε,
1179 2199 1462 2272 μακάριοί
1477 2201 1615 2256 ἐστε

76 2292 202 2346 ὅταν
221 2293 437 2347 ποιεῖτε
463 2294 538 2366 (1)
589 2293 758 2350 αὑτά.
803 2295 890 2349 Ob
922 2295 1052 2364 περὶ
1091 2293 1330 2348 πάντων
1363 2292 1618 2365 ὐμῖνλέο

74 2403 167 2455 τω·
201 2386 310 2457 ἐγὼ
340 2384 470 2442 οἴδα
499 2388 606 2455 οὓς
626 2386 994 2456 ἐξελεξάμην
1013 2403 1026 2418 ·
1055 2387 1193 2442 ἀλλ’
1223 2388 1322 2441 ἵνα
1347 2386 1384 2455 ’ἡ
1406 2377 1615 2455 Γραφὴ

75 2477 367 2547 πληρωθῇ’
404 2479 456 2530 Ὁ
485 2478 718 2548 τρώγων
736 2495 853 2548 μου
886 2477 992 2532 τὸν
1032 2475 1484 2546 ἄρτονιέπῆρεν
1523 2478 1616 2531 ἐπ’

73 2567 162 2636 ἐμὲ
181 2567 441 2637 πτέρναν
481 2568 684 2623 αὐτοῦ.
724 2568 888 2640 ’Δλλη
915 2568 972 2621 δὲ
993 2552 1182 2640 Γραφὴ
1210 2567 1368 2622 τοῦτο
1397 2568 1616 2639 φήσασα

71 2661 156 2731 οὐχ
189 2663 517 2735 εὑρίσκεται,
561 2660 694 2732 μόνη
720 2661 776 2714 δὲ
800 2662 832 2732 ὴ
876 2659 1143 2732 παροῦσα,
1174 2660 1239 2714 δι’
1265 2652 1333 2731 ἧς
1360 2657 1571 2730 εἴρηται
1595 2672 1610 2687 ⁶

81 2747 367 2810 Ὀέσθίων
394 2753 576 2824 ἄρτον
601 2771 718 2822 μου
765 2752 1133 2823 ἐμεγάλυνεν
1159 2748 1251 2806 ἐπ’
1298 2751 1402 2822 ἐμὲ
1440 2765 1613 2819 πτερ-

71 2849 284 2916 νισμιῖν.
329 2848 464 2919 Ὥρα
490 2845 774 2917 τοιγαροῦν
803 2847 882 2908 εἰς
912 2844 973 2897 τὸ
1019 2843 1182 2900 αὐτοῦ
1229 2844 1513 2914 πρόσωπον
1544 2843 1614 2898 τά

73 2940 401 3010 ἐμφερόμενα
431 2938 508 3009 τῷ
536 2937 732 3009 ψαλμῷ
758 2938 832 3002 ὼς
863 2938 927 2991 ἂν
954 2921 1302 3009 προφητικῶς
1350 2939 1613 3010 εἰρημένα

71 3029 318 3084 ἐκλαϐεῖν.
354 3029 444 3082 Διὸ
470 3028 566 3085 καὶ
590 3030 678 3095 είς
706 3029 771 3081 τὸ
794 3027 971 3094 τέλος
1011 3028 1407 3100 ἐπιγέγραπται
1429 3070 1444 3094 ,
1478 3029 1611 3082 ἁνα‹

71 3118 338 3187 πέμποντα
367 3121 515 3190 ἡμᾶς
545 3119 661 3191 ἤτοι
685 3118 776 3172 ἐπὶ
805 3118 904 3188 τὴν
935 3118 1252 3174 ’συντέλειαν
1291 3118 1385 3174 τοῦ
1420 3119 1613 3183 αἰῶνος

70 3209 174 3262 καθ’
198 3212 260 3281 ἣν
293 3211 594 3283 ἐπληροῦτο
625 3210 694 3266 τὰ
720 3212 1202 3284 ἀναγεγραμμένα,
1222 3213 1270 3284 ,ἢ
1303 3213 1397 3280 ἐπὶ
1428 3213 1496 3268 τά
1527 3230 1615 3266 τε·

71 3301 270 3360 λευταῖα
305 3305 414 3359 τῶν
445 3305 534 3360 διὰ
555 3305 647 3360 τοῦ
673 3305 887 3378 ψαλμοῦ
913 3307 1273 3378 δηλουμένων.
1301 3309 1364 3362 Εἰ
1400 3309 1496 3380 μὲν
1519 3303 1612 3362 οὖν

71 3393 151 3448 ἐπὶ
181 3395 270 3450 τοῦ
317 3398 927 3470 Σωτῆρος-ἀναφέροιτο
963 3401 1033 3455 τά
1058 3402 1414 3474 προκείμενα,
1439 3401 1612 3466 εἴποις

71 3481 125 3537 ἂν
152 3487 646 3558 μακαρίζεσθαιτὸν
661 3489 956 3560 δυνάμενον
981 3492 1221 3558 συνιέναι
1245 3491 1313 3544 δι’
1336 3492 1400 3562 ἣν
1433 3491 1610 3546 αἰτίαν

70 3578 300 3652 ἀνείληφε
327 3581 394 3633 δι’
426 3583 575 3651 ἡμᾶς
605 3582 896 3653 πτωχείαν.
919 3584 1038 3636 Ἔτι
1056 3583 1165 3654 γὰρ
1189 3586 1484 3650 πλούσιος
1503 3584 1607 3648 ὢν,

70 3668 130 3722 δι’
153 3671 299 3743 ἡμᾶς
329 3671 733 3740 ἐπτώχευσεν,
769 3675 871 3728 ἵνα
896 3674 1066 3744 ἡμεῖς
1109 3674 1182 3744 τῇ
1227 3677 1411 3730 αὑτοῦ
1461 3691 1611 3731 πτω-

70 3761 182 3830 χείᾳ
201 3762 661 3834 πλουτήσωμεν·
697 3765 793 3818 Ἐν
805 3763 1009 3835 μορφῇ
1030 3783 1089 3819 τε
1133 3765 1280 3829 Θεοῦ
1324 3765 1611 3836 ὑπάρχων

69 3852 340 3908 ἐκένωσεν
360 3853 598 3920 ἑαυτὸν,
622 3856 862 3927 μορφὴν
892 3858 1114 3913 δούλου
1150 3857 1350 3912 λαϐὼν
1372 3898 1386 3922 ,
1424 3858 1610 3927 σαφῶς

71 3943 283 4010 ἐδίδαξεν
303 3948 331 4000 6
358 3946 501 4010 θεῖος
518 3947 852 4013 Ἀπόστολος,
889 3949 997 4002 Καὶ
1027 3948 1182 4012 ἄλλος
1205 3949 1248 4000 δ’
1279 3949 1342 4002 άν
1375 3966 1458 4012 τις
1488 3967 1610 4002 συν-

71 4035 171 4107 ήσει
205 4038 293 4090 ἐπὶ
321 4038 536 4110 πτωχὸν
567 4039 662 4093 καὶ
691 4040 917 4110 πένητα,
939 4040 1152 4094 ἀκούων
1173 4039 1336 4094 αὐτοῦ
1364 4040 1609 4109 λέγοντος

72 4133 120 4186 ὲν
140 4135 479 4205 Εὐαγγέλίοις
497 4151 510 4163 ·
545 4133 741 4202 Δεῦτε,
769 4136 822 4186 οἱ
843 4132 1231 4204 εὐλογημένοι
1252 4133 1358 4186 τοῦ
1381 4135 1610 4202 Πατρός

69 4240 186 4292 μου,
266 4224 758 4296 κληρονομήσατε
814 4222 930 4292 τὴν
977 4223 1422 4294 ἡτοιμασμένην
1469 4225 1611 4294 ὑμῖν

67 4315 367 4379 ,βασιλείαν
417 4319 532 4373 ἀπὸ
581 4314 915 4386 καταϐολῆς
957 4317 1208 4394 κόσμου.
1283 4319 1610 4375 Ἐπείνασα

71 4408 183 4476 τὰρ,
214 4410 307 4465 καί
325 4407 588 4463 ἐδώκατέ
627 4426 728 4478 μοι
758 4406 1000 4479 φαγεῖν*
1034 4407 1319 4479 ἐδίψησα,
1350 4412 1448 4466 καὶ
1471 4413 1610 4468 ἐπο-

73 4503 253 4557 τίσατέ
305 4519 415 4574 με·
481 4503 652 4569 ξένος
682 4501 883 4571 ἤμην,
937 4502 1033 4556 καί
1084 4506 1461 4576 συνηγάγετέ
1495 4525 1606 4577 με’

75 4595 288 4664 γυμνὸς,
324 4595 424 4650 καὶ
453 4592 827 4664 περιεϐάλετέ
847 4609 957 4664 με’
986 4594 1435 4663 ὴσθένουν,“καί
1467 4600 1545 4653 ἐπ
1579 4631 1606 4642 -

73 4683 406 4762 satrapae-63'
428 4692 498 4746 ἐν
522 4688 765 4761 φυλακῇ
789 4687 968 4758 ἥμην,
991 4689 1089 4743 καὶ
1111 4688 1324 4758 ἤλθετε
1346 4695 1494 4760 πρὸς
1507 4696 1608 4765 με’

1718 2194 1870 2249 nibus
1888 2194 2028 2248 vobis
2050 2192 2170 2248 dico
2189 2208 2207 2246 :
2229 2208 2320 2266 ego
2341 2191 2448 2245 scio
2476 2207 2604 2261 quos
2627 2189 2866 2260 elegerim
2887 2205 2907 2254 ;
2930 2188 3019 2244 sed
3032 2198 3088 2244 ut
3111 2190 3278 2244 adim-

1715 2288 1924 2356 pleatur
1943 2285 2220 2355 Scriptura
2251 2300 2269 2337 :
2303 2282 2409 2350 Qui
2438 2282 2724 2336 manducat
2778 2298 2950 2337 meum
2971 2297 3178 2349 panem,
3201 2281 3280 2336 'Ie-

1716 2382 1852 2433 pauit
1873 2386 2058 2431 contra
2083 2374 2497 2454 mecalcaneum
2520 2388 2675 2428 suum
2701 2372 2766 2425 ⁸⁸.
2801 2371 2958 2432 Nulla
2983 2387 3142 2443 porro
3176 2373 3281 2427 alia

1717 2468 1996 2538 Scriptura
2027 2482 2148 2538 qua:
2196 2467 2302 2522 hoc
2357 2467 2506 2522 dicat
2555 2469 2849 2536 reperitur,
2903 2474 3101 2537 prteter
3141 2465 3282 2521 hanc

1713 2575 1878 2614 unam
1894 2575 2000 2632 qua
2019 2557 2225 2613 dictum
2248 2564 2354 2624 est,
2383 2559 2474 2629 qui
2498 2557 2683 2613 edebat
2724 2575 2914 2629 panem
2949 2574 3142 2625 meum,-
3171 2575 3283 2614 ma-

1713 2652 1979 2724 gniﬁcavit
2024 2666 2178 2720 super
2201 2667 2288 2705 me
2323 2650 2821 2719 supplantationem.
2870 2649 2976 2706 Par
3004 2661 3088 2708 est
3118 2651 3286 2722 igitur

1713 2743 1784 2798 ad
1815 2743 1933 2815 eius
1960 2754 2271 2814 personam,
2307 2757 2427 2812 quae
2451 2743 2505 2796 in
2535 2743 2641 2798 hoc
2670 2743 2884 2814 psalmo
2911 2742 3178 2806 feruntur,
3223 2750 3282 2797 ut

1713 2837 2026 2908 prophetice
2084 2835 2231 2890 dicta
2287 2835 2553 2906 accipere.
2603 2833 2968 2900 Quamobrem
3019 2834 3077 2888 in
3122 2835 3281 2903 ﬁnem
3341 2887 3348 2894 η

1711 2929 2050 2992 inscribitur,
2069 2927 2214 2999 quod
2252 2927 2367 2983 haec
2395 2942 2498 2983 nos
2528 2919 2809 2982 remittant
2832 2926 2901 2983 ad
2929 2942 3283 3002 consumma-

1714 3031 1916 3085 tionem
1951 3027 2156 3092 saeculi,
2193 3041 2302 3098 quo
2345 3033 2588 3098 tempore
2632 3040 2697 3082 ea
2748 3040 2868 3097 qua
2898 3025 3101 3096 scripta
3151 3034 3278 3080 sunt

1714 3121 2114 3193 implebantur;
2148 3120 2262 3176 sive
2291 3119 2452 3175 etiam
2481 3117 2549 3173 ad
2588 3126 2862 3190 postrema
2891 3115 3085 3188 psalmi
3113 3115 3280 3170 dicta.

1713 3215 1868 3287 Quod
1899 3215 1944 3271 si
1977 3215 2091 3269 hac
2120 3213 2188 3268 ad
2214 3211 2547 3268 Salvatorem
2574 3211 2900 3288 referantur,
2926 3209 3050 3282 jure
3081 3209 3283 3266 dixeris

1713 3312 1930 3367 beatum
1963 3309 2250 3380 praedicari
2277 3324 2424 3376 eum,
2453 3306 2865 3378 quiintelligere
2899 3305 3193 3378 possitqua
3213 3303 3282 3361 de
3310 3337 3312 3340 -
3352 3298 3355 3299 7

1713 3420 1882 3459 causa
1923 3411 2145 3475 propter
2184 3417 2284 3458 nos
2313 3411 2611 3473 egestatem
2675 3403 2994 3472 susceperit.
3033 3399 3280 3472 Insuper,-

1713 3510 1830 3548 cum
1879 3505 2010 3550 esset
2061 3494 2225 3560 dives,
2256 3503 2466 3563 propter
2510 3511 2605 3548 nos
2631 3510 2821 3564 egenus
2843 3493 3016 3563 factus
3070 3504 3168 3558 est,
3222 3502 3284 3548 ut

1711 3604 1803 3642 nos
1833 3587 1944 3657 ejus
1975 3589 2155 3656 inopia
2177 3585 2359 3640 divites
2378 3583 2614 3640 essemus
2633 3586 2700 3651 ”;
2727 3593 2780 3639 et
2818 3602 2832 3640 :
2866 3584 3000 3640 Cum
3025 3585 3081 3639 in
3106 3586 3280 3655 forma

1710 3679 1807 3734 Dei
1830 3687 1984 3746 esset,
2033 3679 2365 3746 semetipsum
2419 3677 2708 3732 exinanivit
2749 3676 2921 3746 forma
2961 3677 3096 3732 servi
3131 3694 3280 3731 accc.-

1707 3763 1800 3841 pta
1829 3772 1895 3839 η,
1920 3779 1978 3826 ιιι
1998 3770 2145 3826 clare
2171 3785 2275 3825 nos
2317 3767 2504 3824 docuit
2554 3769 2776 3842 divinus
2810 3767 3124 3840 Apostolus.
3156 3769 3279 3825 Alio

1710 3879 1925 3938 quoque
1954 3865 2115 3922 modo
2145 3866 2268 3937 quis
2324 3863 2624 3936 intelligere
2662 3863 2835 3935 possit
2867 3879 3029 3934 super
3048 3878 3279 3935 egenum

1709 3965 1762 4014 et
1784 3969 2091 4028 pauperem,
2121 3958 2348 4013 audiens
2371 3957 2648 4013 Christum
2683 3958 2738 4010 in
2765 3955 3071 4026 Evangeliis
3093 3955 3281 4024 dicen-

1709 4057 1813 4104 tem
1845 4066 1858 4102 :
1901 4047 2099 4112 Venite,
2136 4048 2394 4104 benedicti
2430 4049 2614 4104 Patris
2662 4049 2785 4112 mei,
2831 4046 3091 4118 possidete
3118 4061 3281 4116 para-

1711 4149 1820 4194 tum
1869 4139 2010 4193 vobis
2068 4156 2283 4211 regnum
2325 4159 2357 4195 a
2406 4140 2776 4194 constitutione
2817 4137 3019 4192 mundi.
3067 4136 3280 4191 Esurlvi

1684 4235 1866 4299 enim,
1893 4243 1941 4288 et
1962 4233 2180 4288 dedistis
2214 4233 2345 4288 mihi
2374 4231 2730 4292 manducare;
2763 4229 2926 4292 sitivi,
2979 4237 3030 4280 et
3053 4227 3276 4282 dedistis

1710 4312 1838 4382 mli/ti
1880 4323 2084 4388 bibere;
2117 4325 2302 4394 hospes
2339 4341 2505 4388 erant,
2536 4331 2584 4376 et
2614 4319 2896 4390 collegistis
2937 4332 3016 4369 me
3038 4332 3056 4379 ;
3077 4316 3270 4379 nudus,

1707 4430 1756 4475 et
1803 4419 2145 4489 cooperuistis
2179 4401 2308 4482 ‘me;
2351 4417 2620 4485 infirmus,
2662 4422 2708 4467 et
2748 4411 3000 4466 uisilastis
3050 4400 3169 4472 me;
3219 4412 3275 4463 in

1708 4529 1915 4568 carcere
1942 4528 2111 4574 erant,
2161 4521 2212 4564 et
2238 4509 2447 4564 venistis
2478 4505 2546 4560 ad
2582 4523 2661 4560 me
2681 4506 2752 4572 ‘9;
2805 4505 3007 4575 quibus
3040 4503 3272 4573 subjun-

1707 4607 1786 4677 εει
1817 4624 1829 4660 :
1867 4605 2133 4672 Quantum
2161 4602 2358 4672 fecistis
2393 4600 2485 4654 uni
2531 4615 2596 4654 ex
2628 4599 2709 4653 liis
2741 4597 2998 4668 fratribus
3021 4598 3148 4652 meis
3181 4596 3274 4649 mi-

1711 4699 1892 4765 nimis,
1925 4697 2052 4752 mihi
2111 4695 2309 4766 fecistis
2342 4694 2408 4748 ¹⁰.
2461 4692 2641 4764 Atque
2679 4693 2752 4747 ita
2809 4704 2935 4748 vere
2968 4692 3160 4748 beatus
3187 4695 3271 4745 e"

73 4778 138 4847 οἷς
155 4786 402 4855 ἐπιλέγει·
451 4784 569 4854 Ἐφ’
608 4783 758 4837 ὅσον
775 4781 1094 4848 ἐποιήσατε
1119 4781 1210 4836 ἐνὶ
1231 4781 1348 4837 τῶν
1381 4787 1606 4842 τούτων

1712 4789 1802 4859 qui
1836 4787 2083 4858 intelligit
2129 4800 2294 4855 super
2324 4799 2551 4855 egenum
2580 4791 2635 4840 et
2662 4798 2954 4855 pauperem
3002 4782 3082 4839 sic
3117 4778 3273 4838 accc?-

76 4874 174 4927 τῶν
190 4879 521 4947 ἐλαχίστων
535 4874 654 4929 τῶν
672 4873 949 4944 ἀδελφῶν
957 4891 1094 4942 μου,
1112 4872 1240 4938 ἐμοὶ
1262 4875 1601 4942 ἐποιήσατε.

75 4967 163 5020 Καὶ
187 4970 348 5035 οὕτως
376 4967 470 5026 οὖν
527 4969 792 5041 μακάριος
816 4966 1027 5040 ἀληθῶς
1071 4969 1098 5022 ὁ
1156 4966 1352 5021 συνιὼν
1396 4970 1488 5022 ἐπὶ
1515 4971 1606 5024 τὸν

73 5058 216 5125 οὕτως
242 5063 566 5123 άποδοθέντα
594 5063 804 5134 πτωχὸν
847 5063 939 5117 καὶ
967 5061 1190 5132 πένητα.
1225 5061 1287 5114 Εἰ
1314 5061 1370 5113 δὲ
1390 5063 1480 5115 καὶ
1514 5065 1606 5118 ἐπὶ

74 5149 144 5201 τὸν
171 5155 319 5210 Δαυῖδ
352 5158 675 5229 ἀναφέροιτο
705 5160 772 5212 τὰ
804 5156 1120 5229 λελεγμένα,
1166 5154 1336 5219 εἴποις
1381 5154 1447 5209 ἂν
1477 5156 1606 5210 ἁκο-

75 5240 247 5309 λῡύθως
275 5248 349 5318 τῷ
376 5238 480 5321 πρὸ
498 5249 685 5305 τούτου
716 5234 914 5323 ψαλμῷ
941 5249 1110 5306 ταῦτα
1136 5247 1421 5318 συνῆφθαι.
1452 5249 1603 5303 Ἐπεὶ

76 5336 164 5407 γὰρ
192 5339 319 5410 πρὸς
345 5343 456 5406 τοῖς
485 5342 814 5408 τελευταίοις
842 5343 934 5399 τοῦ
967 5342 1043 5398 λθ¹
1071 5342 1284 5412 ἐλέγετο
1334 5343 1396 5395 ὲκ
1426 5361 1595 5414 προσ-

79 5429 200 5485 ώπου
221 5433 308 5488 τοῦ
331 5436 493 5490 Δαυῒδ
513 5453 528 5466 ⁶
569 5436 714 5507 Ἐγὼ
729 5505 732 5508 γ
747 5437 816 5491 δὲ
836 5438 1021 5506 πένης
1053 5438 1167 5509 εὶμί
1211 5436 1306 5490 καὶ
1333 5431 1567 5508 πτωχός
1582 5456 1599 5469 ·

78 5521 219 5577 ταῦτα
245 5525 286 5579 δ’
318 5525 499 5596 ἔλεγεν
534 5527 564 5579 ὁ
598 5525 848 5590 τοσοῦτος
871 5526 1117 5598 βασιλεὺς
1145 5571 1159 5595 ,
1198 5530 1226 5582 6
1271 5526 1363 5581 τὸν
1397 5527 1601 5600 ἄφατον

79 5615 272 5675 πλοῦτον
308 5618 650 5693 συναγηοχὼς
697 5621 777 5684 εἰς
820 5621 921 5694 τὴν
958 5621 1305 5697 παρασκευὴν
1336 5621 1428 5685 τοῦ
1466 5624 1601 5694 μετὰ

77 5709 223 5766 ταῦτα
251 5713 610 5788 ἐγηγερμένον
636 5711 724 5766 διὰ
758 5712 1065 5786 Σολομῶνος
1106 5715 1246 5781 ναοῦ,
1292 5715 1601 5787 σμικρύνων

1710 4879 1878 4948 ptum.
1916 4876 2070 4942 Quod
2102 4874 2147 4928 si
2180 4874 2245 4928 ad
2277 4872 2532 4928 Davidem
2575 4889 2740 4945 supra
2767 4874 2913 4929 dicta
2943 4871 3265 4936 referantur,

1707 4971 1857 5025 dicas
1879 4969 1991 5022 haec
2012 4967 2260 5038 apposite
2282 4966 2603 5038 praecedenti
2635 4967 2844 5038 psalmo
2863 4966 3102 5043 subnexa
3122 4979 3265 5028 esse,

1682 5060 1975 5132 'siquidem
2001 5059 2102 5140 sub
2126 5058 2285 5115 ﬁnem
2308 5060 2501 5131 psalmi
2533 5076 2719 5122 xxxix,
2754 5074 2820 5113 ex
2850 5071 3080 5129 persona
3105 5056 3266 5110 Davi-
3290 5084 3292 5086 τ

1707 5155 1790 5211 dis
1811 5151 2111 5214 dicebatur,
2133 5169 2225 5223 ego
2255 5161 2431 5208 autent
2475 5151 2744 5206 mendicus
2791 5165 2908 5204 sum
2954 5156 3005 5202 et
3044 5145 3284 5217 paupers

1711 5248 1830 5302 Haec
1857 5260 2020 5317 porro
2060 5252 2244 5302 tantus
2291 5263 2383 5303 rex
2415 5247 2652 5311 dicebat,
2707 5244 2800 5316 qui
2854 5241 3264 5298 inaestimabiles

1701 5339 1916 5397 divitias
1937 5336 2008 5392 ad
2033 5331 2356 5410 apparatum
2402 5339 2607 5410 templi,
2634 5339 2738 5397 sub
2771 5338 2888 5392 haec
2907 5351 2938 5390 a
2971 5333 3262 5392 Salomone

1701 5434 1912 5500 structi,
1943 5433 2271 5506 collegerat;
2307 5436 2401 5506 qui
2452 5450 2572 5491 sese
2617 5431 2841 5506 parvum
2889 5437 2943 5487 et
2974 5429 3258 5496 humilem,

1701 5527 2299 5598 moderatiqueaniuii,
2327 5543 2390 5582 ac
2424 5527 2619 5583 aﬂectu
2667 5540 2791 5581 vere
2844 5522 3134 5594 pauperem
3166 5538 3263 5579 ex-

1677 5621 1938 5679 .hibebat.
1962 5619 2087 5677 Ideo
2109 5621 2430 5692 subiunctus
2461 5627 2546 5677 est
2575 5633 2813 5691 praesens
2838 5621 3099 5688 psalmus,
3128 5616 3260 5674 hea-

1703 5725 1817 5772 tum
1845 5714 2146 5785 praedicans
2170 5731 2296 5770 eum
2326 5715 2419 5786 qui
2441 5730 2605 5785 super
2625 5711 2932 5786 huiusmodi
2969 5726 3260 5783 pauperem

137 5808 173 5838 "
202 5809 347 5868 Joan.
382 5830 505 5876 ιιιιι,
538 5810 625 5868 l6.
701 5810 745 5883 ¹ξ¹
782 5807 828 5863 Η
861 5809 982 5866 Cor.
1013 5828 1143 5872 vm.
1181 5811 1232 5866 9.
1311 5810 1354 5842 ⁸⁸
1394 5809 1607 5884 Philipp

1721 5854 1735 5879 ,
1780 5813 1828 5866 7.
1908 5812 1950 5843 ⁸³
1984 5810 2173 5869 Matth.
2210 5828 2337 5875 xxv,
2369 5811 2458 5874 54,
2493 5809 2582 5865 55.
2660 5807 2706 5839 ²⁰
2745 5808 2876 5864 ibid.
2910 5808 2997 5864 40.
3257 5869 3263 5876 ,

133 5900 391 5973 (ηόταν
429 5905 670 5961 ποιεῖτε.
704 5904 866 5976 Vulg.
913 5906 1009 5961 ἐὰν
1041 5904 1266 5981 ποιῆτε;
1317 5916 1370 5964 et
1405 5921 1532 5968 mox
1569 5923 1613 5979 p1

1712 5927 1830 5979 μου.
1853 5905 2006 5979 Vulg.
2031 5909 2148 5977 μετ’
2199 5904 2354 5977 ἐμοῦ,
2384 5912 2446 5960 ιιι
2490 5913 2544 5959 et
2574 5903 2843 5973 interpres
2881 5902 3065 5960 vertit.
3097 5899 3254 5956 EDI‘I'.

355 6000 606 6070 ΡΑτκοι
657 5999 755 6062 ϐα
806 5999 1016 6047 ΫΫΙΙΙ

2910 5994 2986 6054 12
