3958 6340
697 435 804 492 367

810 559 859 613 ι.
915 555 981 610 IN
1037 554 1266 629 rl-NEM,
1296 556 1924 629 ADiINTELLECTUM
1963 558 2162 613 FlLllS

1294 628 1479 685 CORE
1532 630 1665 684 XLI.

774 741 955 798 Prima
1005 759 1131 814 pars
1180 745 1309 800 libri
1356 745 1689 827 psalmqrum
1719 746 2081 817 quadraginta
2113 747 2263 817 psal-

706 850 841 899 mos,
883 836 975 906 qui
1020 852 1213 892 omnes
1263 835 1481 890 Davidis
1510 843 1659 900 sunt,
1690 837 2105 908 complectitur;
2151 837 2267 892 hac

703 942 831 982 vero
887 942 1047 998 quam
1100 929 1325 994 inimus,
1384 929 1611 998 triginta
1660 934 1714 983 et
1765 944 1971 983 unum:
2033 944 2268 999 quorum

704 1029 829 1073 octo
873 1020 1092 1089 quidem
1130 1019 1363 1075 ﬁliorum
1402 1019 1564 1084 Coro,
1598 1036 1743 1076 unus
1779 1019 1989 1092 Asaph.
2025 1019 2273 1076 Salomo-

704 1113 787 1166 nis
826 1128 991 1173 unus.
1026 1112 1219 1182 reliqui
1253 1110 1493 1168 Davidis.
1552 1111 1659 1169 Eos
1698 1120 1880 1169 autem
1907 1113 2003 1184 qui
2038 1113 2271 1169 ﬁliorqu

701 1206 842 1261 Core
881 1214 1031 1267 sunt,
1077 1212 1265 1275 utpote
1298 1205 1491 1260 ordine
1525 1206 1755 1277 primos,
1787 1206 1857 1261 ad
1885 1222 2076 1262 eorum
2109 1207 2271 1262 intel—

705 1296 984 1367 ligentiam
1022 1297 1133 1366 jam
1168 1298 1560 1369 expendemus.
1600 1297 1712 1355 Nos
1760 1298 1853 1353 lilii
1890 1298 2032 1356 Core
2073 1299 2273 1356 inscri-

703 1388 980 1460 ptionibus
1022 1390 1140 1444 suis
1186 1390 1471 1461 instigant,
1528 1399 1586 1445 ut
1616 1407 1685 1448 ne
1721 1392 2025 1448 oscitanter
2074 1393 2273 1448 horum

706 1483 941 1537 lectione
966 1494 1201 1538 utamur.
1251 1481 1503 1540 Prtesens
1541 1500 1673 1540 vero
1711 1486 1954 1557 psalmus
1985 1487 2271 1558 propheti-

706 1588 832 1628 cum
869 1575 1095 1629 chorum
1129 1577 1338 1632 tristem
1388 1577 1680 1649 animoque
1712 1578 1780 1634 de
1822 1579 2008 1650 populi
2045 1596 2114 1635 ex
2159 1580 2273 1636 cir-

706 1667 1038 1722 ('umcisione
1066 1668 1218 1737 lapsu
1264 1677 1583 1725 mmrentem
1614 1670 1845 1737 inducit,
1881 1680 2145 1743 rogatque
2179 1688 2275 1743 per

709 1757 1010 1814 Salvatoris
1053 1773 1210 1829 opem
1248 1762 1366 1815 erui
1399 1762 1579 1832 ipsum
1627 1770 1683 1816 et
1736 1762 1961 1817 liberari
2021 1778 2050 1816 a
2085 1764 2267 1817 malis.

706 1849 859 1917 Quod
907 1852 961 1905 in
1004 1850 1112 1908 line
1147 1852 1419 1908 sermonis
1455 1853 1541 1907 his
1556 1853 1739 1907 verbis
1773 1856 2018 1923 assignat
2052 1871 2068 1907 :
2107 1852 2272 1922 Spera

1403 435 1669 493 EUSEBll
1706 435 2185 493 C/ESARIENSIS
2216 438 2366 495 OPP.
2390 437 2570 494 PARS
2601 436 2690 495 lll.
2720 469 2793 481 —
2827 436 3236 494 EXEGETlCA.

2296 569 2346 625 Α
2442 563 2550 616 ΕΙΣ
2599 562 2687 613 ΤΟ
2738 561 2980 624 ΤΕΔΟΣ,
3000 561 3107 613 ΕΙΣ
3156 560 3451 615 ΣΥΝΕΣΙΝ
3490 558 3647 613 ΤΟΙΣ
3691 558 3839 611 ΠΟίὲ

3810 437 3889 491 368

2984 632 3165 686 KOPE
3197 633 3297 686 MA
3316 667 3329 679 .

2445 745 2516 798 τὸ
2546 746 2647 816 μὲν
2675 745 2893 817 πρῶτον
2942 744 3105 816 μέρος
3126 743 3230 815 τῆς
3272 743 3382 797 τῶν
3409 743 3645 815 ψαλμῶν
3679 742 3832 815 βίϐλου
3854 753 3890 814 μ’

2371 836 2637 907 ψαλμοὺς,
2690 837 2785 891 καὶ
2816 837 3024 900 πάντας
3077 834 3172 889 τοῦ
3202 836 3383 901 Δαυῒδ,
3438 839 3716 909 περιεῖχε·
3764 838 3816 889 τὸ
3851 837 3893 890 δὲ

2375 928 2511 1013 μιετὰ
2543 932 2730 1001 χεῖρας
2756 929 2837 982 λα’
2858 946 2873 959 ·
2908 922 2983 983 ὧν
3010 927 3154 982 ὀκτὼ
3181 929 3278 998 μέν
3306 931 3410 982 εἰσι
3443 929 3555 982 τῶν
3603 928 3726 982 υίῶν
3763 930 3896 999 Κορὲ,

2372 1017 2454 1083 εἷς
2482 1021 2539 1075 δὲ
2562 1022 2655 1074 τοῦ
2697 1023 2889 1091 Ἀσάφ,
2917 1022 3012 1075 καὶ
3035 1019 3344 1091 Σολομῶνος
3365 1015 3445 1086 εἷς
3463 1038 3478 1051 ·
3502 1022 3555 1075 οί
3579 1020 3637 1074 δὲ
3654 1020 3810 1074 λοιποί
3827 1021 3898 1073 τοῦ

2372 1116 2555 1171 Δαυῒδ.
2586 1114 2846 1187 Πρώτους
2867 1115 2922 1169 δὲ
2944 1116 3146 1169 τούτων
3165 1115 3343 1179 ὄντας,
3361 1116 3487 1179 τοὺς
3500 1114 3613 1169 τῶν
3631 1114 3751 1167 υἱῶν
3768 1115 3903 1186 Κορὲ,

2372 1210 2812 1281 διασκεψώμεθα,
2847 1209 2941 1263 ἐπὶ
2971 1210 3033 1264 τὸ
3059 1209 3292 1264 συνιέναι
3320 1208 3390 1262 τά
3422 1208 3708 1279 λεγόμενα.
3730 1209 3907 1278 Παρορ-

2378 1302 2549 1373 μῶσιν
2579 1303 2727 1372 ἡμᾶς
2774 1302 2825 1354 οί
2853 1300 2959 1354 υίολ⁸
2989 1301 3133 1372 Κορὲ
3172 1300 3259 1353 διέ.
3298 1299 3409 1353 τῶν
3444 1298 3772 1371 προγραφῶν
3800 1299 3908 1369 πρὸς

2374 1393 2433 1445 τὸ
2462 1393 2535 1464 μὴ
2565 1391 2858 1464 παρέργως
2884 1392 3189 1463 χρήσασθαι
3213 1391 3279 1460 τῇ
3298 1388 3407 1442 τῶν
3429 1387 3737 1458 λεγομένων
3764 1387 3912 1439 ἐντεύο

2374 1482 2475 1549 ξει.
2506 1480 2727 1553 Είσάγει
2755 1484 2821 1537 δὲ·
2848 1485 2877 1537 ὁ
2904 1482 3093 1554 παρὼν
3118 1481 3335 1553 ψαλμὺς
3356 1480 3448 1535 τὸν
3489 1478 3813 1554 προφητικὸν
3832 1497 3915 1549 χο-

2377 1575 2468 1648 ρὸν
2495 1575 2794 1647 περίλυπον
2819 1573 2915 1628 καὶ
2942 1572 3263 1645 σκυθρωπὸν
3293 1572 3389 1644 τὴν
3420 1571 3600 1643 ψυχὴν
3633 1570 3725 1625 ἐπὶ
3754 1573 3812 1641 τῇ
3843 1570 3916 1621 eo]

2374 1667 2503 1722 λαοῦ
2530 1668 2623 1723 τοῦ
2658 1670 2721 1722 ὲκ
2745 1668 3047 1738 περιτομῆς
3103 1664 3373 1721 ὲκπτώσει
3393 1682 3407 1695 ·
3442 1667 3537 1719 καὶ
3557 1664 3757 1733 ἐξαιτεῖ
3780 1680 3831 1715 τε
3854 1661 3921 1713 λύε

2375 1775 2576 1827 τρωσιν
2608 1758 2703 1812 καὶ
2731 1758 2914 1812 κακῶν
2946 1756 3254 1828 ἐλευθερίαν
3279 1755 3366 1810 διὰ
3383 1756 3481 1827 τῆς
3522 1756 3788 1826 σωτηρίου
3817 1754 3923 1823 βοη-

2379 1851 2550 1917 θείας.
2583 1854 2648 1906 '0
2686 1852 2751 1923 δὴ
2774 1852 2867 1904 καί
2893 1852 2984 1904 ἐπὶ
3008 1850 3150 1903 τέλει
3182 1849 3277 1903 τοῦ
3311 1850 3469 1919 λόγου
3498 1850 3927 1921 ἐπισφραγίζεται

707 1946 760 1995 in
797 1942 924 2009 Deo,
958 1946 1208 2013 quoniam
1238 1944 1408 1997 adhuc
1438 1944 1723 2013 conﬁtebor
1748 1945 1851 2008 illi,
1884 1946 2123 2000 salutare
2158 1938 2274 2001 rul-

2380 1943 2576 1998 είταῦν·
2605 1945 2895 1998 Ἕλπισον
2918 1942 3017 1996 ἐπί
3040 1942 3148 1995 τὸν
3176 1940 3342 2004 Θεὸν,
3384 1939 3475 1994 ὅτι
3512 1939 3930 2011 ἐξομολογήσο-

708 2043 791 2086 tus
822 2036 922 2088 mei
950 2043 1001 2089 et
1027 2034 1166 2088 Deus
1193 2050 1361 2089 meus.

781 2206 968 2276 Neque
1025 2207 1318 2276 psalmum,
1352 2220 1530 2276 neque
1564 2205 1861 2270 canticum,
1896 2220 2073 2276 neque
2112 2204 2276 2275 quid-

708 2299 853 2369 piam
898 2300 1078 2354 simile
1111 2298 1398 2370 inscriptio
1426 2298 1666 2369 praelert,
1717 2297 1881 2367 idque
1909 2298 2034 2367 jure
2069 2312 2133 2351 ac
2160 2312 2274 2351 me-

709 2391 813 2443 rito
856 2407 869 2442 :
897 2390 1025 2460 quia
1054 2404 1117 2445 ea
1146 2404 1270 2460 qua:
1308 2389 1719 2458 subiunguntur
1743 2388 2082 2443 tristioribus
2111 2386 2276 2443 dictis

708 2482 864 2550 plena
894 2488 1043 2547 sunt,
1089 2481 1213 2537 ideo
1246 2482 1301 2535 in
1325 2482 1483 2550 ﬁnem
1522 2480 1846 2550 simpliciter
1871 2479 2152 2550 inscriptio
2168 2491 2274 2535 est.

707 2573 842 2629 Nam
888 2588 1014 2629 cum
1064 2589 1155 2629 res
1185 2574 1425 2628 nondum
1455 2575 1803 2641 exsisterent,
1835 2574 1931 2631 sed
1960 2574 2157 2630 futurae
2186 2591 2272 2633 es-

710 2675 851 2731 sent,
894 2666 1273 2737 prmdictiones
1308 2674 1517 2721 tantum
1552 2666 1953 2739 complectitur.
1994 2667 2275 2740 Siquidem

710 2760 799 2816 lilii
865 2761 1003 2817 Core
1050 2768 1292 2833 tempore
1352 2760 1557 2834 Moysis
1623 2762 1678 2816 in
1744 2761 1961 2819 deserto
2036 2762 2273 2818 luerunt.

708 2853 911 2910 Deinde
963 2869 1095 2910 vero
1144 2871 1268 2910 cum
1314 2862 1470 2926 pater
1515 2871 1701 2911 eorum
1748 2854 1890 2913 Core
1933 2857 1990 2912 in
2036 2856 2275 2931 Moysem

709 2950 1029 3007 seditionem
1059 2951 1411 3017 concitasset,
1443 2962 1607 3022 atque
1637 2952 1691 3008 in
1714 2953 1921 3008 familia
1954 2969 2053 3011 sua
2080 2954 2280 3024 periis-

706 3052 811 3109 set,
855 3043 1088 3114 contigit
1133 3046 1193 3098 ut
1226 3042 1321 3098 lilii
1372 3044 1495 3114 ejus
1534 3059 1640 3098 non
1684 3030 1793 3100 una
1824 3060 1949 3100 cum
1996 3055 2152 3116 patre
2192 3047 2272 3101 in-

706 3137 967 3193 terirent:
1009 3143 1063 3191 et
1093 3137 1220 3206 quia
1249 3143 1491 3206 paternae
1519 3138 1815 3210 impietatis
1845 3139 2144 3211 participes
2164 3132 2278 3195 non

2373 2052 2478 2105 μαι
2499 2033 2692 2100 αὐτῷ·
2718 2032 3014 2103 σωτήριον
3052 2031 3159 2087 τοῦ
3203 2032 3528 2100 προσώπου
3569 2049 3695 2102 μου
3777 2032 3864 2087 καὶ
3907 2036 3927 2086 ὁ

2358 2126 2519 2207 ’Θεὸς
2540 2145 2679 2196 μου.

2449 2218 2587 2273 Οὔτε
2614 2217 2850 2289 ψαλμὸν,
2884 2215 3007 2270 οὔτε
3028 2214 3169 2287 ᾠδὴν
3195 2255 3211 2280 ,
3240 2215 3365 2269 οὔτε
3390 2233 3443 2269 τι
3471 2215 3581 2271 τῶν
3614 2214 3867 2271 τοιούτων
3904 2215 3932 2282 ἡ

2378 2311 2707 2385 προσγραφὴ
2737 2310 2979 2382 περιέχει
3006 2326 3020 2341 ο
3056 2309 3151 2363 καὶ
3182 2309 3426 2374 εἰκότως.
3471 2309 3808 2381 Ἐπειδήπερ
3831 2325 3938 2361 σκυ-

2378 2406 2740 2479 θρωποτέρων
2784 2404 2958 2474 λόγων
3003 2403 3361 2479 πεπλήρωται
3406 2401 3478 2454 τά
3530 2400 3665 2472 ἑξῆς
3716 2400 3938 2467 ἐπιλεγό-

2382 2518 2538 2572 μενα,
2574 2500 2662 2555 διὰ
2700 2498 2871 2553 ταῦτα
2911 2497 3097 2563 ἁπλῶς
3119 2499 3207 2564 εἰς
3238 2495 3304 2551 τὸ
3330 2495 3507 2561 τέλος
3528 2495 3940 2573 ἐπιγέγραπται.

2378 2592 2471 2663 Μὴ
2499 2590 2608 2663 γὰρ
2634 2588 2962 2660 ὑφεστώτων
2994 2588 3360 2661 πραγμάτων,
3394 2585 3700 2658 μελλόντων
3732 2586 3790 2639 δέ
3833 2600 3945 2636 ποτε

2379 2683 2616 2747 ἔσεσθαι,
2654 2684 2984 2755 προρρήσεις
3017 2681 3280 2753 περιέχει.
3302 2671 3312 2679 ’
3334 2679 3600 2748 Γεγόνασι
3646 2678 3751 2751 μὲν
3780 2677 3881 2749 γὰρ
3907 2678 3945 2731 οὶ

2379 2776 2483 2828 υἱοὶ
2525 2775 2668 2845 Κορὲ
2708 2774 2801 2828 ἐπὶ
2842 2773 2943 2844 τῆς
2977 2774 3181 2845 ἐρήμου
3210 2771 3350 2826 κατὰ
3380 2772 3506 2835 τοὺς
3526 2770 3764 2843 χρόνους
3803 2772 3946 2824 Μωῦ⁴

2382 2866 2538 2931 σέως.
2564 2863 2696 2921 Εἶτα
2719 2865 2815 2921 τοῦ
2849 2861 3052 2937 πατρὸς
3078 2864 3255 2919 αὐτῶν
3274 2845 3374 2918 τοῦ
3400 2864 3549 2935 Κορὲ
3588 2860 3946 2917 καταστασιάα

2381 2978 2571 3025 σαντος
2591 2961 2889 3024 Μωῡσέως,
2918 2961 3011 3014 καί¹
3026 2959 3361 3029 ἀπολομένου
3392 2960 3458 3029 τῇ
3485 2956 3659 3011 αὑτοῦ
3706 2958 3946 3030 φρατρίᾳ,

2378 3038 2506 3116 τοὺς
2529 3052 2718 3106 τούτου
2743 3051 2936 3115 παῖδας
2963 3049 3158 3121 συνέϐη
3184 3049 3259 3121 μὴ
3288 3048 3653 3104 συναπολέσαι
3676 3051 3761 3121 τῷ
3781 3048 3946 3119 πατρί’

2379 3144 2467 3197 διὰ
2498 3144 2559 3197 τὸ
2586 3144 2659 3215 μὴ
2694 3142 3074 3197 κεκοινωκέναι
3106 3142 3301 3206 αὐτοὺς
3323 3144 3388 3213 τῇ
3412 3140 3505 3194 τοῦ
3538 3141 3759 3214 πατρὸς
3780 3142 3943 3195 δυσσε·

709 3230 945 3294 t'uerant,
979 3229 1073 3285 sed
1110 3232 1483 3300 pmnitentiam
1517 3238 1571 3287 et
1599 3232 1892 3287 maximam
1946 3247 2075 3305 erga
2110 3231 2275 3290 Deum

2382 3236 2523 3308 ϐείᾳ,
2554 3235 2843 3307 μετάνοιαν
2879 3234 2936 3288 δὲ
2965 3233 3367 3305 ἐνδειξαμένους
3407 3233 3502 3287 καὶ
3540 3232 3815 3305 πλείστην
3846 3230 3943 3302 περί

707 3323 959 3394 pietatem
1000 3323 1349 3389 exhibebant,
1382 3333 1533 3379 tanta
1583 3324 1723 3397 apud
1787 3324 1957 3382 Deum
2017 3325 2279 3397 approba-

707 3413 855 3470 tione
887 3414 1034 3486 digni
1087 3414 1329 3482 l'uerunt,
1363 3424 1423 3471 ut
1454 3416 1615 3471 etiam
1644 3418 1945 3489 prophetiae
1982 3420 2156 3490 gratia
2185 3436 2279 3475 or-

710 3518 995 3562 narentur.
1062 3507 1142 3563 Ex
1188 3524 1376 3565 eorum
1411 3526 1576 3582 porro
1630 3512 1983 3581 successione
2031 3518 2278 3583 tempore

705 3600 925 3658 Davidis
963 3601 1105 3658 alius
1161 3601 1301 3659 Core
1356 3612 1581 3660 exortus
1632 3612 1762 3673 est,
1836 3604 2007 3676 priori
2075 3620 2277 3677 cogno-

707 3695 906 3762 minis;
970 3702 1025 3752 et
1083 3695 1213 3751 huic
1272 3696 1366 3751 lilii
1421 3697 1533 3751 nati
1597 3697 1711 3753 alii.
1788 3696 1915 3753 Sive
1987 3698 2153 3771 igitur
2225 3701 2279 3756 bi

709 3786 1014 3855 postremi,
1066 3786 1181 3842 sive
1230 3787 1441 3858 priores
1470 3788 1602 3853 alii,
1661 3789 2035 3859 captivitatem
2093 3793 2279 3862 papuli

706 3892 827 3947 qua:
880 3878 1043 3948 longo
1085 3890 1274 3949 postea
1312 3888 1557 3951 tempore
1590 3881 1821 3944 accidit,
1870 3899 1935 3939 ac
1964 3881 2277 3941 ludmorum

705 3970 890 4042 populi
961 3972 1018 4025 in
1086 3986 1276 4028 omnes
1328 3984 1517 4044 gentes
1579 3973 2010 4045 dispersionem,
2069 3976 2175 4033 hoc
2223 3978 2279 4033 in

709 4065 919 4135 psalmo
956 4064 1344 4120 vaticinantur.
1386 4065 1441 4120 ln
1482 4067 1835 4136 sequentibus
1881 4068 2048 4139 igitur
2083 4070 2276 4126 aiunt:

710 4156 777 4212 Et
803 4159 893 4228 qui
914 4156 1134 4213 oderunt
1163 4175 1257 4213 nos
1305 4157 1634 4229 diripuerunt
1661 4178 1769 4216 eos.
1796 4160 2003 4216 Dedisti
2035 4181 2130 4218 nos
2160 4174 2281 4217 tan-

706 4266 863 4319 quam
895 4266 1009 4305 ores
1040 4266 1281 4304 escarum
1307 4294 1320 4317 ,
1375 4262 1423 4305 et
1465 4253 1515 4305 in
1551 4252 1786 4323 gentibus
1820 4254 2114 4323 dispersisti
2162 4270 2277 4310 nos.

718 4341 1005 4398 l’endidisti
1024 4345 1273 4414 populum
1310 4355 1457 4398 tuum
1495 4344 1607 4399 sine
1642 4345 1833 4415 pretio,
1863 4354 1913 4401 et
1940 4347 2166 4415 posuisti
2187 4363 2279 4401 nos

705 4436 1041 4505 opprobrium
1102 4437 1287 4491 vicinis
1343 4439 1541 4493 nostris
1592 4438 1655 4492 ".
1713 4437 1832 4494 Non
1874 4439 2020 4494 enim
2072 4439 2188 4495 haec
2222 4446 2281 4494 ut

707 4541 948 4601 tempore
983 4529 1204 4587 Davidis
1227 4541 1376 4601 gesta
1404 4532 1631 4588 historia
1662 4542 1850 4587 narrat
1878 4553 1891 4588 :
1928 4533 2049 4589 ideo
2071 4534 2271 4589 inscri-

706 4624 818 4693 ptio
864 4624 917 4675 in
952 4624 1110 4691 ﬁnem
1139 4624 1322 4679 habet.
1356 4625 1532 4696 Atque
1564 4626 1691 4698 quia
1725 4643 1789 4683 ex
1848 4627 2035 4683 divina
2077 4627 2279 4683 intelli-

704 4714 885 4785 gentia
921 4715 1033 4769 haec
1064 4716 1118 4770 in
1143 4715 1328 4770 futuro
1351 4708 1592 4790 tempore
1612 4729 1763 4793 gesta
1786 4730 1978 4792 putare
2005 4722 2280 4789 convenit,

704 4807 1017 4862 necessario
1033 4806 1238 4862 dictum
1258 4816 1363 4870 est,
1385 4810 1806 4870 adintellectum.
1832 4813 1939 4869 Pro
1957 4815 2051 4870 illo
2073 4822 2277 4877 autem,

703 4898 832 4967 ﬁliis
866 4897 1021 4963 Core,
1047 4898 1243 4969 Aquila
1284 4903 1486 4970 pariter
1513 4912 1567 4957 et
1600 4903 1961 4977 Symmachus
1989 4949 2003 4973 ,
2045 4908 2280 4977 ﬁliorum

705 4992 838 5047 Core
870 4995 1233 5065 interpretati
1260 5004 1429 5062 sunt,
1473 4999 1733 5055 docentes
1778 5016 1968 5057 eorum
2001 5017 2125 5059 esse
2153 5016 2281 5073 pro-

704 5086 948 5159 phetias,
987 5089 1082 5160 qui
1122 5104 1181 5145 se
1213 5088 1379 5145 Deum
1437 5091 1616 5163 ipsum
1651 5092 1825 5160 sitire,
1855 5102 2018 5165 atque
2046 5110 2233 5150 amore
2257 5134 2272 5158 ,

702 5181 973 5237 desiderio
1000 5190 1056 5237 et
1108 5184 1553 5254 concupiscentia
1590 5164 1747 5240 illius
1808 5164 2049 5244 fontibus
2106 5187 2277 5244 teneri

702 5274 1048 5337 fatebantur,
1078 5278 1145 5332 de
1175 5292 1284 5348 quo
1314 5276 1522 5332 dictum
1554 5286 1639 5334 est
1660 5280 1705 5309 ’⁷
1732 5297 1744 5333 :
1776 5277 2043 5357 Quoniam
2067 5278 2207 5351 apud
2230 5288 2280 5334 te

700 5376 776 5421 est
806 5368 924 5436 fons
950 5368 1089 5433 vitm,
1120 5369 1174 5422 in
1222 5368 1417 5422 lumine
1446 5378 1535 5422 tuo
1575 5368 1863 5423 videbimus
1895 5368 2089 5428 lumen.
2127 5370 2277 5437 Qua-

703 5466 922 5526 propter
949 5456 1199 5511 dicebant
1233 5478 1245 5511 ε

774 5546 940 5604 Vens.
973 5548 1025 5612 2,
1060 5550 1111 5603 5.
1159 5548 1611 5615 Quemadmodum
1660 5552 1924 5607 desiderat
1979 5571 2155 5611 cervus
2206 5555 2275 5611 ad

703 5637 870 5703 {antes
919 5656 1212 5709 aquarum,
1267 5643 1345 5695 ita
1375 5640 1641 5696 desiderat
1692 5642 1876 5695 anima
1925 5660 2041 5697 mea
2075 5644 2143 5698 ad
2185 5655 2269 5712 te,

702 5731 863 5785 Deus.
901 5731 1199 5788 Cornutum
1235 5736 1434 5789 animal
1482 5743 1566 5791 est
1597 5748 1822 5800 cervus,
1854 5734 1951 5790 sed
1980 5738 2143 5793 etiam
2175 5755 2273 5811 pu-

775 5912 817 5941 "
857 5908 998 5966 l’sat.
1036 5928 1204 5975 .\Llll,
1250 5916 1432 5970 ll-H.
1512 5918 1554 5949 ³⁷
1592 5914 1737 5973 l’sal.
1777 5932 1949 5984 xxxv,
1989 5919 2076 5975 10.

2381 3326 2471 3380 τὸν
2499 3326 2630 3379 Θεὸν
2675 3325 2981 3389 εὐλάϐειαν,
3030 3323 3301 3396 τοσαύτης
3347 3324 3623 3396 ἀποδοχῆς
3672 3323 3943 3394 ἠξιωκέναι

2381 3418 2531 3489 παρὰ
2570 3416 2644 3489 τῷ
2672 3417 2812 3489 Θεῷ,
2838 3417 2915 3481 ὡς
2950 3416 3044 3471 καὶ
3087 3415 3429 3489 προφητικοῦ
3473 3416 3830 3488 χαρίσματος
3872 3432 3944 3485 μεθ

2378 3507 2619 3583 τασχεῖν.
2667 3512 2761 3565 Ἐκ
2790 3511 2849 3565 δὲ
2884 3510 2982 3583 τῆς
3002 3508 3208 3563 τούτων
3230 3508 3482 3581 διαδοχῆς
3503 3508 3656 3563 κατὰ
3692 3510 3825 3573 τοὺς
3850 3506 3943 3579 194

2381 3623 2504 3670 νους
2534 3604 2693 3659 Δαυῒδ
2740 3604 2947 3674 γίνεται
2979 3603 3164 3676 ἕτερος
3195 3603 3364 3677 Κορὲ,
3394 3598 3699 3673 ὁμώνυμος
3729 3602 3809 3674 τῷ
3844 3618 3943 3671 προ

2378 3698 2543 3771 τέρῳ,
2571 3698 2666 3752 καὶ
2694 3698 2884 3752 τούτου
2909 3698 3087 3766 ἕτεροι
3108 3697 3316 3759 παῖδες.
3342 3695 3456 3749 Εἶτ’
3486 3691 3583 3750 οὖν
3623 3692 3783 3750 οὗτοι
3806 3737 3820 3760 ,
3866 3696 3943 3748 εἴτι

2378 3795 2429 3847 οἱ
2452 3793 2729 3866 πρότεροι,
2761 3793 2857 3862 τὴν
2884 3790 3103 3861 μακρὰν
3132 3789 3375 3859 ὕστερον,
3406 3789 3732 3862 γενομένην
3774 3789 3943 3857 αἰχμαι

2380 3886 2580 3941 λωσίαν
2610 3885 2704 3939 τοῦ
2732 3882 2862 3936 λαοῦ
2887 3883 2981 3936 καὶ
3012 3881 3110 3953 τὴν
3133 3883 3213 3947 εἰς
3239 3881 3414 3936 πάντα
3446 3879 3514 3933 τὰ
3549 3875 3688 3952 ἔθνη
3719 3878 3816 3933 τοῦ
3854 3880 3943 3930 ‘la':

2378 3978 2544 4037 δαίων
2589 3978 2774 4042 ἔθνους
2827 3975 3126 4048 διασπορὰν
3178 3972 3493 4039 θεσπίζουσι
3546 3970 3641 4025 διὰ
3688 3972 3788 4025 τὸν
3844 3987 3944 4040 μετέ

2381 4074 2589 4143 χεῖρας.
2639 4069 2929 4139 Προῖόντες
2977 4067 3108 4138 γοῦν
3154 4082 3322 4138 φασι·
3375 4062 3485 4118 Καὶ
3538 4064 3594 4117 οἱ
3642 4063 3943 4135 [uoci-rm

2380 4159 2539 4228 iuuit;
2564 4157 2886 4227 διήρπαζον
2913 4158 3155 4224 αὐτούς.
3215 4154 3476 4220 Ἕὸωκας
3502 4152 3672 4222 ἡμᾶς
3713 4153 3799 4219 ὡς
3844 4151 3944 4219 πμ]

2382 4255 2528 4305 ϐατα
2545 4252 2848 4321 βρώσεως,
2862 4251 2960 4305 καὶ
2979 4252 3048 4305 ἐν
3063 4250 3183 4317 τοῖς
3203 4251 3403 4304 ἔθνεσι
3424 4246 3790 4315 διέσπειρας
3808 4243 3941 4315 ἡμᾶς

2398 4345 2635 4401 Ἁπέδου
2657 4345 2762 4399 τὸν
2782 4347 2935 4400 λαόν
2952 4361 3070 4400 σου
3094 4346 3239 4400 ἄνευ
3282 4342 3487 4414 nunc
3518 4341 3621 4394 καὶ
3650 4342 3805 4395 ἔθου
3831 4337 3939 4407 iuni

2384 4441 2612 4507 ὄνειδος
2645 4438 2769 4507 τοῖς
2799 4441 3064 4510 γείτοσιν
3086 4439 3274 4509 ἡμῶν,
3308 4438 3383 4492 Οὐ
3410 4435 3520 4507 γὰρ
3553 4434 3659 4487 ἐπὶ
3700 4432 3802 4488 τοῦ
3830 4430 3941 4484 Δαυῖ

2382 4532 2556 4587 ταῦτα
2592 4534 2625 4604 ἡ
2658 4534 2869 4605 ἱστορία
2892 4532 3219 4604 γεγενῆσθαι
3241 4530 3629 4605 περιέχει·διὰ
3664 4530 3839 4583 τοῦτο
3864 4543 3942 4597 πρι

2311 4622 2357 4682 ι)
2384 4626 2692 4697 γέγραπται
2713 4626 2800 4692 εὶς
2832 4626 2899 4682 τὸ
2927 4625 3120 4691 τέλος.
3148 4624 3257 4677 Καὶ
3271 4622 3364 4676 ἐπὶ
3390 4620 3575 4691 θεῖκῆς
3600 4619 3676 4693 δὴ
3715 4618 3941 4674 συνέπιε

2385 4721 2462 4792 τῷ
2522 4720 2767 4791 μέλλοντι
2820 4719 2994 4775 ταῦτα
3046 4721 3185 4774 νοεῖν
3218 4717 3531 4786 ἀναγκαίως
3560 4714 3834 4788 εἴρηται,
3899 4715 3941 4764 εὶ

2384 4813 2661 4868 σύνεσιν.
2705 4814 2847 4868 Ἀντί
2874 4814 2931 4867 δὲ
2959 4812 3075 4876 τοῦ,
3104 4811 3226 4878 τοῖς
3258 4808 3411 4875 υίοῖς
3439 4806 3593 4875 Κορὲ
3615 4847 3634 4871 ,
3670 4804 3942 4877 συμφώνω

2383 4902 2411 4955 ὁ
2460 4902 2689 4968 Ἀκύλας
2716 4904 2812 4958 καὶ
2838 4906 2867 4958 ὁ
2890 4903 3205 4975 Σύμμαχος,
3239 4899 3358 4955 τῶν
3379 4897 3526 4953 υἱῶν
3565 4896 3736 4966 Κορὲ
3761 4937 3777 4961 ,
3806 4896 3942 4968 ἠρμή

2384 5014 2601 5064 νευσαν,
2632 4999 2973 5062 διδάσκοντες
3005 4997 3183 5051 αὐτῶν
3215 4991 3354 5048 εἶναι
3386 4992 3484 5055 τὰς
3514 4991 3942 5065 προφητείας-ι

2380 5090 2538 5163 διψῇν
2553 5092 2861 5164 ὡμολόγουν
2887 5090 3047 5145 αὐτὸν
3076 5090 3168 5143 τὸν
3193 5087 3347 5152 Θεὸν,
3371 5084 3532 5138 πόθον
3548 5101 3614 5138 τε
3640 5085 3748 5139 xui.
3773 5087 3942 5158 ἵμεροι

2386 5186 2479 5238 καὶ
2511 5185 2803 5257 ἐπιθυμίαν
2837 5184 2981 5256 ἔχειν
3010 5183 3109 5253 τῆς
3138 5181 3267 5250 παρ’
3298 5177 3448 5249 αύτῷ
3484 5178 3707 5251 πηγῆς,
3755 5183 3888 5251 περὶ
3917 5174 3942 5235 ὖ

2384 5275 2616 5347 εἴρηται⁸
2652 5278 2773 5330 Ὅτι
2814 5274 2972 5345 ςταρά
3021 5272 3122 5326 σοὶ
3170 5272 3332 5341 πηγὴ
3361 5268 3536 5340 ζωῆς,
3576 5271 3657 5325 ἐν
3695 5274 3785 5343 τῷ
3841 5293 3939 5343 ςεωε

2385 5382 2499 5421 σου
2527 5370 2793 5439 ὀψόμεθα
2825 5366 2970 5436 φῶς.
3000 5364 3089 5419 Διὸ
3113 5362 3322 5433 ἔλεγονο

2459 5551 2566 5605 Ὃν
2610 5553 2857 5619 τρόπον,
2892 5546 3164 5600 ἐπιποθεῖ
3202 5545 3430 5615 ἔλαφος
3467 5543 3572 5598 ἐπὶ
3612 5544 3737 5612 τὰς
3788 5544 3939 5613 πηγὴ

2382 5645 2500 5700 τῶν
2545 5644 2799 5706 ὑδάτων,
2837 5642 3023 5708 οὕτως
3067 5639 3339 5695 ἐπιποθεῖ
3368 5640 3406 5708 ἡ
3439 5638 3618 5709 ψυχή
3658 5658 3790 5709 μου
3840 5639 3939 5708 πίε

2384 5738 2479 5805 σὲ,
2554 5740 2587 5791 ό
2656 5738 2819 5800 Θεός.
2889 5732 3242 5805 Κερασφόρον
3302 5729 3440 5796 ζῶον
3482 5731 3518 5799 ἡ
3553 5729 3807 5800 ἔλαφος·
3855 5730 3939 5784 ἀλ)
