3966 6348
35 424 134 480 359.
1091 456 1096 458 -
1122 422 1625 482 UOMMENTMHA

35 547 108 597 καὶ
164 542 390 616 καθαρὸν
467 547 607 601 κατὰ
667 545 758 601 τὸν
829 545 1009 619 νόμον,
1074 548 1173 620 ἢδη
1198 547 1256 602 δὲ
1287 548 1379 601 καὶ
1439 547 1557 615 ὀφι-
1588 552 1629 609 Α

34 635 234 699 οκτόνον,
293 635 388 690 καὶ
435 638 652 693 πάντων
709 640 954 711 ἑρπετῶν
996 639 1356 712 ἀναιρετιλδν,
1426 638 1560 692 ἀλλὰ

31 727 106 780 καὶ
163 726 262 780 τῶν
332 727 433 793 τὰς
482 731 719 803 ἐρήμους
794 713 1249 804 μεταδιωκόντων.
1311 730 1561 796 Τοιοῦτος

31 819 76 870 δὲ
123 813 184 888 ἦν
226 819 255 871 ὁ
297 821 630 890 προφητικδς
680 821 874 893 χορὸς,
938 821 1236 894 φιλὲρημος
1287 821 1380 874 καὶ
1426 822 1556 875 ἀνα-

31 909 451 982 κεχωρηκώς.Ἐν
468 912 719 983 ἐρημίαις
740 913 870 982 γοῦν
927 914 1020 968 καὶ
1063 913 1234 986 ὄρεσι,
1281 915 1374 968 καὶ
1420 931 1557 984 σπη-

33 1000 175 1065 λαὶοις
204 1004 528 1074 πεποιῆσθαι
555 1004 800 1074 λέγονται
826 1004 924 1069 τὰς
943 1005 1252 1077 διατριϐάς·
1286 1005 1422 1060 ἀλλὰ
1467 1009 1559 1062 καὶ⁸
1599 1023 1601 1028 ‘

32 1096 184 1165 πάσης
204 1096 494 1167 ἐτύγχανον
507 1099 892 1172 ἀντικειμένης
917 1099 1213 1170 δυνάμεως,
1236 1099 1328 1153 καὶ
1360 1099 1558 1171 παντὸς

29 1189 103 1240 τοῦ
128 1187 255 1242 κατὰ
274 1189 510 1244 διάνοιαν
535 1191 764 1260 ἑρπετοῦ
791 1193 1142 1266 ἀναιρετικοὶ,
1182 1194 1256 1258 ὼς
1304 1193 1382 1257 ἂν,
1413 1193 1560 1264 ἕχον-

28 1297 100 1341 re;
120 1280 204 1333 καὶ
227 1280 378 1333 αὐτοὶ
399 1285 586 1335 πατεῖν
612 1285 795 1338 ἐπάνω
825 1283 999 1354 ᾶφεων
1021 1285 1113 1338 καὶ
1147 1284 1442 1356 σκορπίων,
1468 1286 1560 1338 καὶ

28 1371 286 1422 inimicm!
312 1371 413 1441 τὴν
454 1371 678 1442 δύναμιν
713 1372 808 1426 τοῦ
856 1373 1074 1444 ἐχθροῦ.
1128 1376 1470 1448 Κερασφόροι
1504 1376 1559 1429 δὲ

26 1461 258 1528 ὑπῆρχον,
280 1459 355 1522 ὡς
385 1459 562 1529 λέγειν
585 1460 840 1515 δύνασθαι
863 1478 871 1485 ·
907 1465 1002 1516 Ἐν
1022 1464 1120 1517 σοὶ
1152 1463 1292 1528 τοὺς
1310 1463 1561 1533 ἐχθροὺς

25 1551 169 1619 ἡμῶν
213 1552 613 1623 κερατιοῦμεν.
655 1553 812 1607 Ἀλλὰ
845 1553 937 1626 καὶ
981 1553 1212 1624 καθαροὶ
1243 1555 1343 1624 τὴν
1383 1554 1560 1626 ψυχὴν

24 1643 312 1713 ἐτύγχανον,
348 1644 398 1698 sl
443 1643 534 1698 καί
579 1661 721 1708 τινες
749 1644 928 1699 ἄλλοι·
963 1645 1042 1699 διὸ
1081 1646 1264 1716 ἐλάφῳ
1293 1647 1562 1718 παρεϐάλ-

23 1737 164 1786 λοντο.
181 1733 331 1788 Ἐπεὶ
364 1735 459 1789 καὶ
486 1735 644 1800 αὐτὸς
665 1737 694 1788 ὁ
715 1735 943 1807 νυμφίος
970 1735 1274 1808 ὲνᾊςματι
1304 1736 1562 1806 ᾀσμάτων
1598 1801 1604 1809 _

23 1825 172 1897 νεϐρῷ
201 1825 330 1894 ἐλᾶτε
353 1847 384 1898 ,ι
403 1827 746 1898 ἀφωμοξωτο,
779 1829 872 1881 καὶ
889 1831 944 1882 ἐν
975 1827 1054 1894 τῷ
1090 1829 1208 1881 Ἰὼϐ
1239 1829 1296 1882 δὲ
1324 1829 1555 1900 εἴρηται·

33 1918 345 1986 Ἐμύλιιξιις
369 1918 442 1972 δὲ
467 1919 666 1990 μῆνας
691 1921 931 1990 ἐλάφων
966 1920 1182 1988 ὼδῖνάς
1210 1940 1271 1976 τε
1295 1940 1307 1952 ⁸
1338 1921 1559 1987 αὐτοὺς
1591 1908 1631 1963 Β

20 2009 438 2077 ἐξαποστελεῖς.
470 1998 734 2077 Τοιαύτας
770 2013 825 2067 δὲ
855 2012 1078 2081 λογικὰς
1123 2013 1352 2083 ἐλάφους
1389 2015 1418 2066 ὁ
1447 2013 1558 2068 Κύο

22 2119 114 2171 pio;
132 2101 543 2174 καταρτίζεσθαι
589 2105 804 2173 λέγεται
832 2107 888 2159 ὲν
917 2106 1004 2174 κη’
1028 2105 1248 2176 ψαλμῷ,
1273 2106 1552 2174 φάσκοντιο

19 2192 163 2262 Φωνὴ
185 2196 408 2262 Κιιρίου
432 2196 884 2266 καταρτιζομέιη
915 2197 1202 2266 ἐλάφους.

75 2281 228 2340 Αὗται
257 2289 438 2341 τοίνυν
485 2291 541 2357 αἱ
580 2288 788 2358 ἔλαφοι,
831 2290 928 2361 τῆς
958 2290 1141 2361 πηγῆς
1181 2289 1558 2361 διαλειπνυσης
1639 2329 1642 2332 -

18 2378 159 2442 αὐτὲις
174 2379 260 2433 διὰ
290 2379 393 2443 τὰς
421 2381 648 2452 ἀνομίας
681 2381 774 2434 τοῦ
798 2380 927 2434 λαοῦ
948 2422 963 2446 ,
1001 2383 1093 2435 καὶ
1117 2383 1558 2454 ἀποστραφέντος

19 2470 89 2523 τοῦ
120 2471 268 2538 Θεοῦ,
289 2472 417 2528 καθ’
443 2472 640 2537 ἑαυτὰς
672 2473 1044 2540 ἀπεκλαίοντο,
1077 2475 1172 2528 καὶ
1213 2477 1324 2539 τοῖς
1352 2477 1557 2530 ἑαυτῶν

17 2561 241 2634 δάκρυσιν
262 2565 506 2636 ἐχρῶντο
538 2567 731 2636 τροφῇ,
755 2566 946 2628 νυκτὸς
967 2566 1060 2620 καὶ
1101 2567 1314 2638 ἡμέρας
1332 2569 1430 2641 τὴν
1455 2570 1559 2622 ἀπ-

17 2654 183 2708 ώλειαν
208 2655 302 2708 τοῦ
346 2655 478 2710 λαοῦ
508 2654 908 2726 ἀποθρηνοῶαι
927 2673 941 2687 υ
973 2656 1280 2728 ὡμολόγουν
1320 2676 1380 2712 τε
1400 2659 1556 2731 διψῇν

15 2744 63 2796 ο)
87 2747 186 2808 τοῖς
213 2733 432 2816 σώμασι
456 2745 550 2800 καὶ
566 2749 682 2809 ταῖς
709 2745 867 2817 σαρξὶ
899 2745 998 2810 τὰς
1031 2747 1206 2818 τούτῳ
1236 2748 1395 2817 φίλας
1432 2749 1554 2819 ἡδο-

15 2837 109 2897 νᾶς,
132 2835 240 2888 ἀλλ’
273 2835 417 2906 αὐτὴ
438 2835 630 2908 ἡψυχὴ
656 2836 838 2892 ποθεῖν
862 2837 956 2890 καί⁸
978 2838 1284 2909 ἱμείρεσθαι
1308 2841 1449 2894 κατὰ
1467 2841 1557 2894 τὸν

16 2928 276 3000 Σύμμαχον
302 2927 418 2998 τῆς
451 2928 600 2997 πρὸς
633 2929 738 2983 τὸν
763 2928 912 2984 Θεὸν
938 2930 1198 2999 πορείας.
1229 2931 1319 2986 Διὸ
1338 2932 1520 3002 ἔλεγον
1539 2951 1551 2963 ·

17 3020 186 3085 οὕτως
210 3018 490 3074 ἐπιποθεῖ
505 3019 543 3089 ἡ
568 3019 740 3088 ψυχή
754 3037 874 3089 μου
898 3021 1046 3089 πρὸς
1075 3021 1170 3090 σὲ,
1197 3023 1232 3076 d
1259 3023 1404 3090 Θεός
1424 3041 1439 3055 ·
1465 3025 1558 3078 καὶ

17 3111 177 3165 πάλιν·
215 3111 551 3182 Ἐδιψησεν
576 3114 614 3183 ἠ
643 3111 811 3182 ψυχή
835 3132 954 3183 μου
970 3114 1120 3184 πρὸς
1143 3113 1252 3169 τὸν
1279 3115 1430 3171 Θεὸν
1452 3117 1559 3171 τὸν

17 3203 238 3273 Ισχιφόν
280 3203 394 3259 τὸν
436 3203 635 3266 ζῶντα.
692 3206 797 3275 Ζῇν
839 3204 946 3277 γὰρ
969 3206 1058 3260 τὸν
1082 3205 1284 3279 Κύριον
1329 3209 1469 3264 κατὰ
1495 3209 1557 3263 τὺ

17 3296 309 3366 εἰρημένον,
361 3297 419 3349 '0
435 3296 816 3366 μόνοςὲχων
867 3298 1206 3353 ἀθανασίαν
1225 3317 1238 3331 ·
1282 3302 1375 3355 καὶ
1403 3303 1559 3373 μόνον

17 3384 136 3454 ζωὴν
151 3384 290 3454 ἔχειν
311 3385 445 3457 παρ’
467 3385 662 3456 ἐαυτῷ,
691 3385 830 3446 κατὰ
851 3387 940 3439 τόο
959 3388 1076 3440 Ὀτι
1096 3389 1255 3458 παρὰ
1279 3391 1376 3444 σοὶ
1398 3391 1560 3462 πηγὴ

17 3470 158 3542 ξ’ωῆς,
173 3475 393 3546 ᾔδεσαν.
419 3477 526 3529 Καὶ
544 3477 698 3530 τοῦτό
716 3495 777 3545 γε
790 3477 850 3529 τὸ
871 3477 978 3542 ζῶν
1005 3478 1166 3550 ὕδωρ,
1193 3479 1416 3557 ὕστερόν
1431 3501 1558 3537 ποτε

18 3566 254 3619 ἐπιστᾶσα
293 3567 374 3637 (1)
404 3568 544 3621 κατὰ
588 3568 689 3631 τὰς
706 3568 812 3622 τῶν
834 3570 1128 3640 προφητῶν
1150 3573 1364 3645 εὐχὰςή
1387 3576 1558 3648 πηγὴ,

21 3655 152 3718 αὐτὸς
173 3657 200 3708 ὁ
227 3657 424 3728 Σωτὴρ
456 3659 716 3730 παρέχειν
756 3659 1063 3732 ἀνθρώποις
1103 3663 1411 3727 ἐδίδασκεν,
1457 3661 1558 3720 ὧδέ

19 3761 79 3812 πη
102 3743 297 3814 λέγων-ο
325 3749 437 3815 Ὃς
456 3747 532 3802 ἂν
559 3749 668 3817 πίῃ
689 3749 757 3802 ἐκ
783 3748 892 3803 τοῦ
917 3749 1133 3817 ὕδατος
1154 3746 1226 3806 οὗ
1251 3751 1366 3822 ἐγὼ
1390 3753 1560 3809 δώσω

17 3835 152 3900 αὐτῷ
175 3877 190 3900 ,
233 3837 553 3919 res-ticeret
601 3840 672 3894 ἐν
715 3839 874 3907 αὐτῷ
904 3839 1067 3910 πηγὴ
1095 3838 1312 3907 ὓδατος
1345 3841 1560 3910 ζῶντος

17 3927 324 3996 ἁλλομένου
379 3932 470 3997 εις
494 3926 647 3999 ζωὴν
689 3928 946 4009 αἰώνιον.
989 3930 1100 3988 Καὶ
1142 3929 1333 3984 πάλινο
1375 3933 1449 3985 El
1472 3950 1559 4000 τις

19 4018 143 4088 διψᾷ
163 4022 430 4090 ἐρχέσθω
457 4023 608 4092 πρὸς
639 4027 739 4094 μὲ,
771 4023 870 4078 καὶ
895 4023 1131 4079 πινέτω.
1169 4025 1222 4076 Ὁ
1261 4026 1560 4080 πιστεύων

19 4116 86 4178 εὶς
111 4114 226 4184 ἐμὲ,
257 4111 656 4182 maiae-siner-
681 4116 722 4184 ἡ
771 4117 1003 4186 Γραφὴ,
1036 4117 1285 4187 ποταμοὶ
1339 4117 1408 4172 ἐκ
1449 4118 1559 4188 τῆς

21 4205 220 4269 κοιλίας
258 4203 452 4258 αὑτοῦ
476 4205 812 4272 ῥεύσουσιν
848 4204 1068 4272 ὕδατος
1092 4203 1324 4272 ζῶντος.
1356 4207 1557 4260 Τούτου

19 4293 69 4363 δὴ
86 4291 166 4348 οὖν
183 4295 275 4349 τοῦ
301 4296 549 4368 πόματος
575 4299 604 4351 ὁ
624 4296 957 4368 προφητικδς
977 4298 1136 4369 χορὸς
1153 4297 1320 4367 διψῶν
1341 4298 1522 4369 ἔλεγεν
1540 4318 1554 4331 ο

29 4386 321 4455 Edidi-nasse
345 4390 387 4458 ἢ
413 4389 582 4459 ψυχή
610 4406 729 4458 μου
754 4389 906 4456 πρὸς
927 4388 1036 4442 τὸν
1063 4390 1211 4444 Θεὸν
1242 4391 1348 4444 τὸν
1379 4393 1556 4461 ισχυ-

19 4478 108 4543 ρὸν
135 4477 236 4534 τὸν
259 4477 468 4546 ζῶντα,
504 4483 617 4546 καὶ,
640 4481 792 4535 Πότε
819 4479 963 4547 ἥξω,
990 4481 1088 4534 καὶ
1111 4481 1448 4552 ὀφθήσομαι
1479 4481 1558 4549 τῷ

20 4571 284 4636 προσάητφ
315 4572 430 4627 τοῦ
462 4574 643 4637 Θεοῦ;
677 4572 939 4645 Ὀρῶντες
965 4571 1072 4643 γὰρ
1090 4574 1314 4638 ἑαυτοὺς
1343 4575 1558 4648 μακρὰν

23 4660 327 4733 ὑπάρχοντας
346 4663 448 4733 τῆς
461 4665 757 4734 πρόσωπον
795 4664 932 4735 πρὸς
967 4664 1254 4739 πρόσωπον
1297 4665 1424 4729 θέας
1465 4666 1557 4720 τοῦ

29 4751 152 4819 θεοῦ,
174 4753 344 4808 ταῦτα
390 4754 593 4824 ἔλεγον.
651 4755 812 4810 Ἀλλὰ
846 4757 942 4810 καὶ
986 4755 1433 4827 συναισθόμενοι,
1482 4757 1558 4822 ὡς

27 4840 338 4915 ἀπέστραπτο
357 4844 464 4896 ,τὸν
500 4843 625 4898 λαὸν
648 4846 706 4899 τὸ
733 4845 826 4899 τοῦ
855 4843 989 4898 Θεοῦ
1031 4843 1351 4916 πρόσωπον,
1379 4843 1558 4897 οὐκέτ’

27 4935 188 5000 αὐτοὺς
230 4939 522 4990 ἐπισκοπεῖ
543 4939 577 5008 ἡ
604 4938 830 4994 πάντοτε
879 4938 1134 5009 πρόνοιαν
1159 4935 1337 4991 αὐτῶν
1376 4952 1558 4989 ποιου-

29 5024 137 5096 μένη
157 5027 400 5100 δύναμις,
421 5027 756 5100 ἀπεθρήνουν
779 5031 878 5102 μὲν
897 5030 995 5102 τὴν
1014 5029 1107 5084 ἐπὶ
1125 5028 1228 5100 γῆς
1252 5025 1552 5098 διατριϐὴν,

26 5115 217 5184 tum?
243 5119 483 5174 ἐτίθεντο
502 5122 844 5192 παραστῆναι
870 5139 998 5177 ποτε
1033 5122 1110 5195 τῷ
1151 5118 1426 5192 προσώπῳ
1461 5119 1554 5173 τοῦ

27 5203 160 5256 θεοῦ·
213 5206 292 5261 διὸ
340 5210 550 5279 ἔλεγον’
580 5210 734 5264 Πότε
775 5211 921 5279 ἥξω,
950 5213 1049 5267 καὶ
1099 5211 1437 5282 ὀφθήσομαι
1475 5208 1556 5276 τῷ

28 5295 286 5363 προσώπῳ
309 5300 420 5354 τοῦ
451 5301 634 5365 Θεοῦ;
659 5300 866 5373 Πολλῆς
884 5304 945 5356 δὲ
963 5305 1222 5376 γέμοντες
1246 5302 1557 5374 παρρησίας

31 5392 104 5444 καὶ
125 5394 709 5467 συνειδήσεωςάγαθῆς
741 5395 1015 5461 τοιαύταις
1051 5396 1285 5469 ἐχρῶντο
1327 5399 1552 5465 φωναῖς.

39 5479 109 5544 Ὦς
129 5485 226 5555 γὰρ
243 5485 350 5540 ὅλοι
372 5485 570 5557 διόλου,
591 5486 687 5553 τὰς
711 5486 886 5558 ψυχὰς
906 5488 1078 5557 ὑγιεῖς
1097 5488 1190 5542 καὶ
1221 5487 1420 5551 παντὸς
1451 5486 1556 5558 μώ-

1585 3261 1628 3320 C

1663 422 1729 480 IN
1770 421 2107 481 PSALMOS.
3118 426 3224 482 370

1661 561 1780 602 rum
1835 546 2135 602 secundum
2197 543 2407 616 legem,
2457 543 2798 614 serpentibus
2850 540 3215 602 mortiferum,

1661 638 1918 709 onmique
1951 637 2133 708 reptili
2165 636 2481 700 exitiosum,
2513 645 2675 706 atque
2710 650 2778 690 ex
2813 640 3001 689 eorum
3028 646 3215 705 genere

1659 744 1781 800 qua:
1813 728 2136 785 solitudines
2171 727 2516 798 frequentare
2544 727 2740 783 solent.
2773 725 2923 783 Talis
2953 737 3069 781 erat
3099 741 3218 796 pru-

1659 820 1908 890 phetieus
1937 820 2162 884 chorus,
2198 833 2391 877 amans
2449 818 2758 876 solitudinis
2821 833 2886 872 ac
2949 831 3219 874 secessus.

1658 913 1716 967 ln
1745 914 1978 970 desertis
2011 914 2235 984 itaque,
2293 916 2572 971 montibus
2622 921 2676 969 et
2724 909 2994 983 specubus
3023 908 3223 964 versati

1658 1019 1784 1061 esse
1841 1005 2130 1072 feruntur;
2174 1006 2285 1071 imo
2331 1007 2495 1061 etiam
2533 1005 2697 1060 "omni
2753 1001 3078 1059 adversariae
3128 1014 3228 1070 pc-

1661 1097 1866 1162 testati,
1903 1099 2162 1168 omnique
2192 1099 2462 1171 spirituali
2495 1097 2674 1166 reptili
2708 1095 2922 1152 exitiosi
2947 1100 3123 1171 erant,
3146 1099 3226 1145 ut-

1661 1197 1789 1258 pote
1815 1189 1908 1259 qui
1940 1197 2269 1261 polestatem
2311 1200 2367 1246 et
2413 1189 2512 1260 ipsi
2545 1188 2808 1242 baberent
2839 1185 3082 1242 calcandi
3110 1200 3222 1240 ser-

1658 1287 1847 1349 pentes
1905 1291 1962 1337 et
2014 1282 2364 1354 scorpiones,
2434 1289 2489 1336 et
2539 1294 2752 1334 omnem
2812 1279 3067 1333 virtutem
3123 1279 3228 1334 ini-

1663 1371 1788 1426 mici
1829 1391 1840 1427 :
1904 1377 2118 1430 cornuti
2169 1389 2390 1446 quoque
2412 1381 2596 1438 erant,
2628 1381 2687 1430 ut
2733 1371 2916 1428 dicere
2958 1384 3224 1441 possent:

1664 1462 1730 1518 In
1763 1475 1810 1520 te
1841 1467 2082 1523 inimicos
2117 1477 2324 1522 nostros
2375 1466 2739 1521 ventilabimus
2792 1479 2954 1518 cornu
2998 1463 3065 1514 ’⁸.
3115 1461 3229 1517 lmo

1659 1555 1822 1610 etiam
1875 1558 1996 1627 puri
2057 1559 2242 1614 animo
2269 1567 2533 1629 quantum
2574 1555 2815 1627 quipiam
2857 1552 2977 1621 alii;
3036 1565 3229 1621 quam-
3273 1595 3276 1598 ί

1661 1650 1846 1702 obrem
1902 1665 2063 1704 cervo
2129 1651 2612 1720 comparabantur.
2665 1646 2944 1717 Siquidem
3004 1654 3057 1700 et
3113 1643 3228 1712 ipse

1662 1754 1900 1808 sponsus
1924 1739 1976 1794 in
2009 1739 2236 1794 Cantico
2265 1740 2604 1812 canticorum
2645 1737 2873 1792 binnulo
2901 1751 3061 1791 cervo
3081 1749 3230 1789 com-

1665 1843 1887 1900 paratur
1923 1833 1988 1885 ’⁵.
2031 1833 2089 1886 ln
2137 1833 2273 1887 libro
2302 1831 2404 1887 Job
2433 1845 2648 1902 quoque
2679 1830 2882 1886 dicitur
2913 1847 2926 1882 :
2968 1826 3229 1884 Observa-

1659 1921 1730 1974 sti
1771 1938 1968 1976 menses
2016 1939 2318 1988 cervorum,
2368 1933 2416 1978 et
2445 1933 2669 1995 partus:
2699 1923 2837 1992 ipsos
2891 1919 3122 1973 dimittes
3161 1917 3228 1974 3“.

1661 2011 1987 2080 llujusmodi
2044 2017 2398 2074 rationabiles
2448 2031 2641 2072 cervos
2690 2027 2995 2086 przrparare
3043 2010 3229 2065 Donti-
3301 2061 3303 2063 .

1657 2120 1762 2160 nus
1787 2103 1988 2159 dicitur
2021 2107 2076 2160 in
2109 2107 2366 2162 vicesimo
2383 2115 2576 2162 octavo
2607 2107 2834 2178 psalmo.
2881 2105 2958 2161 sic
2989 2102 3223 2158 ferente:

1668 2194 1780 2248 Vua:
1803 2194 2018 2250 Domini
2045 2211 2354 2266 praeparans
2393 2213 2567 2251 cervos
2597 2198 2664 2251 ³¹.

1741 2284 1805 2339 1ιὶ
1839 2287 2022 2357 itaque
2052 2287 2219 2350 cervi,
2248 2287 2394 2342 fonte
2425 2294 2644 2358 propter
2688 2286 3008 2355 iniquitates
3047 2283 3228 2355 populi

1658 2385 1712 2433 et
1742 2380 2082 2436 aversionem
2124 2379 2218 2436 Dei
2241 2374 2546 2443 deficiente,
2579 2377 2722 2450 apud
2755 2379 2962 2450 'seipsos
2993 2376 3229 2442 flebant,

1658 2477 1715 2525 et
1745 2470 2004 2542 lacrymis
2035 2473 2152 2528 suis
2188 2487 2288 2544 pro
2335 2472 2458 2528 cibo
2489 2470 2595 2532 usi.
2627 2477 2785 2527 nocte
2825 2469 3018 2540 dieque
3046 2469 3234 2544 perni-

1658 2561 1794 2616 ciem
1825 2563 2008 2633 populi
2054 2563 2315 2634 lugebant
2343 2606 2359 2631 ,
2416 2579 2480 2619 ac
2508 2562 2909 2619 confitebantur
2960 2579 3018 2619 se
3043 2563 3228 2629 sitire.

1658 2669 1766 2709 non
1790 2671 2017 2725 corpore
2041 2655 2259 2725 quidem
2290 2664 2345 2711 et
2369 2671 2556 2721 carne,
2598 2657 2902 2726 voluptates
2936 2655 3071 2726 ipsis
3100 2671 3232 2711 con-

1636 2751 1948 2812 gruentes;
1983 2744 2078 2799 sed
2109 2745 2229 2813 ipsa
2263 2746 2445 2800 anima
2473 2744 2773 2800 secundum
2810 2743 3228 2816 Symmachum,

1657 2850 1963 2906 progressus
1991 2834 2061 2889 ad
2089 2835 2260 2890 Deum
2283 2835 2556 2892 desiderio
2579 2850 2643 2890 ac
2673 2835 2928 2906 cupidine
2953 2838 3123 2892 teneri
3147 2837 3232 2893 di-

1659 2923 1819 2979 citur.
1852 2923 2034 2990 Quare
2064 2925 2354 2984 dicebant.
2404 2927 2480 2980 ita
2512 2925 2781 2980 desiderat
2803 2924 2984 2979 anima
3010 2941 3124 2980 mea
3161 2929 3231 2979 ad

1662 3024 1728 3081 te,
1761 3014 1933 3081 Deus;
1979 3031 2043 3074 ac
2095 3013 2731 3079 sursuutzsnivitanima
2794 3031 2910 3072 mea
2958 3015 3028 3071 ad
3063 3016 3233 3072 Deum

1659 3107 1854 3176 fortem
1903 3110 2096 3166 vivum.
2132 3109 2330 3166 Vivere
2376 3108 2578 3181 quippe
2632 3107 2920 3165 Dominum
2970 3119 3234 3164 noverant

1660 3199 1958 3256 secundum
1991 3199 2124 3255 illud
2151 3219 2163 3254 :
2197 3199 2354 3256 Solus
2372 3200 2565 3256 habens
2594 3199 3045 3256 immortalitatem
3071 3201 3147 3266 ";
3167 3217 3231 3258 ac

1663 3292 1838 3346 solum
1900 3307 2067 3363 penes
2121 3307 2182 3348 se
2229 3293 2397 3348 vitam
2453 3293 2652 3348 habere
2703 3291 3006 3348 secundum
3056 3292 3229 3348 illud:

1663 3381 1925 3448 Quoniam
1949 3382 2090 3453 apud
2109 3393 2157 3438 te
2175 3393 2253 3438 est
2275 3383 2393 3454 fons
2416 3384 2536 3439 vita:
2557 3383 2625 3438 ³³.
2647 3385 2829 3454 Atque
2850 3384 2964 3440 haec
2993 3393 3076 3441 est
3094 3400 3237 3455 aqua

1660 3475 1802 3531 viva.
1854 3474 2204 3530 Postmodum
2233 3485 2416 3530 autem
2449 3473 2573 3530 fons
2607 3475 2697 3532 ille
2726 3491 2826 3548 pro
2857 3478 2998 3532 votis
3023 3492 3089 3532 ac
3113 3493 3236 3547 pre-

1661 3569 1814 3624 cibus
1847 3568 2232 3639 prophetarum
2271 3569 2584 3624 emanavit:
2621 3568 2737 3638 ipse
2765 3583 3002 3639 namque
3035 3567 3233 3624 Serva-

1660 3667 1746 3714 tur
1778 3657 2088 3712 bominibus
2119 3671 2177 3712 se
2210 3656 2562 3727 praebiturum
2594 3672 2720 3713 esse
2765 3657 2955 3713 docuit
2989 3658 3080 3712 bis
3105 3673 3229 3712 ver-

1658 3749 1780 3804 bis.
1819 3747 1924 3814 Qui
1954 3746 2138 3812 biberit
2165 3761 2232 3800 ea:
2259 3763 2398 3817 aqua
2426 3763 2586 3819 quam
2631 3763 2723 3818 ego
2775 3747 2913 3802 dabo
2939 3747 3009 3811 ei,
3042 3748 3128 3816 ﬁet
3175 3749 3235 3800 in

1658 3858 1717 3896 eo
1746 3841 1869 3911 fons
1894 3855 2046 3910 aqua:
2078 3838 2206 3894 victe
2259 3838 2498 3894 salientis
2550 3839 2605 3892 in
2659 3838 2822 3892 vitam
2860 3845 3113 3893 teternam
3151 3836 3232 3904 ³δε;

1659 3941 1712 3989 et
1739 3946 1956 3987 rursum
1982 3950 1996 3986 :
2033 3929 2094 3987 Si
2117 3930 2234 4002 quis
2257 3931 2395 3995 sitit,
2435 3916 2708 3986 ueniat'ad
2742 3947 2822 3985 me
2845 3939 2893 3985 et
2923 3928 3084 3984 bibat.
3129 3927 3235 3994 Qui

1658 4024 1820 4079 credit
1841 4025 1894 4080 in
1916 4040 2018 4090 me,
2049 4025 2191 4095 sicut
2213 4023 2349 4078 dixit
2379 4021 2684 4092 Scriptura,
2709 4024 2932 4094 fiumina
2965 4024 3029 4077 de
3063 4030 3236 4076 uentre

1657 4117 1770 4186 ejus
1797 4119 1962 4188 ﬂuent
1994 4135 2145 4188 aqua:
2170 4119 2298 4173 viva:
2327 4117 2397 4174 ³⁸.
2421 4115 2781 4188 Propheticus
2810 4116 3000 4186 itaque
3032 4117 3236 4170 chorus

1658 4211 1762 4267 hoc
1789 4212 2029 4282 potionis
2061 4227 2234 4285 genus
2280 4210 2473 4267 sitiens
2524 4210 2776 4276 dicebat,
2837 4209 3001 4262 sitiuit
3051 4210 3234 4262 anima

1657 4318 1771 4357 mea
1798 4302 1867 4357 ad
1906 4303 2072 4359 Deum
2101 4304 2291 4376 fortem
2325 4304 2490 4357 vivum
2515 4315 2535 4365 ;
2565 4307 2638 4366 et,
2667 4297 2876 4370 quando
2927 4298 3158 4352 ueniam-
3179 4309 3232 4354 et

1657 4395 1914 4464 apparebo
1939 4405 2060 4451 ante
2084 4395 2274 4467 faciem
2310 4393 2452 4450 Dei?
2476 4392 2610 4446 Cum
2650 4404 2710 4445 se
2755 4391 2991 4459 namque
3021 4403 3052 4442 a
3099 4403 3233 4443 con-

1657 4488 2006 4558 templatione
2035 4489 2127 4544 illa
2155 4487 2251 4544 Dei
2296 4487 2432 4542 faeie
2459 4484 2528 4540 ad
2559 4483 2752 4538 faciem
2798 4481 2989 4552 procul
3023 4482 3232 4551 positos

1592 4615 1634 4670 Β
1661 4590 1968 4648 cernerent,
2001 4581 2133 4668 βιαιο·
2162 4578 2526 4652 proferebant.
2564 4575 2671 4631 Sed
2703 4575 2863 4630 etiam
2893 4573 3234 4630 advertentes

1662 4683 1912 4726 aversum
1949 4659 2072 4726 esse
2104 4669 2196 4726 Dei
2225 4667 2433 4722 vultum
2465 4681 2496 4722 a
2538 4664 2761 4737 populo,
2796 4681 2972 4734 neque
2995 4664 3242 4720 ulterius-

1661 4761 1809 4816 illam
1860 4761 2211 4836 providentiae
2252 4760 2361 4814 vim
2417 4759 2522 4830 ipsi
2572 4759 2923 4831 prospicere,
2978 4756 3234 4827 lugebant

1661 4865 1791 4906 sane
1824 4850 1894 4907 de
1941 4867 2040 4907 sua
2087 4853 2142 4906 in
2197 4851 2359 4907 terris
2416 4850 2887 4915 commoratione,
2940 4864 3234 4921 precesque

1659 4939 1955 4996 fundebant
2021 4949 2082 4996 ut
2137 4929 2435 5013 aliquando
2490 4942 2664 4997 vultui
2718 4940 2813 4997 Dei
2870 4941 3229 4997 sisterentur:

1660 5032 2011 5105 quamobrem
2041 5033 2297 5092 dicebant
2327 5056 2341 5092 :
2381 5035 2606 5103 Quando
2652 5037 2854 5090 veniam
2901 5041 2950 5089 et
2978 5029 3233 5098 apparebo

1662 5133 1782 5178 ante
1824 5122 2014 5192 faciem
2047 5123 2186 5181 Dei?
2213 5127 2350 5183 Cum
2377 5136 2552 5180 autem
2590 5126 2785 5181 fiducia
2817 5133 2870 5180 et
2897 5121 3230 5178 conscientia

1663 5215 1804 5268 bona
1840 5214 1983 5283 pleni
2013 5223 2233 5282 essent,
2270 5214 2582 5284 hujusmodi
2639 5215 2863 5271 vocibus
2920 5213 3232 5267 utebantur.

1662 5305 1796 5360 Nam
1828 5315 2015 5377 utpote
2074 5308 2254 5363 anima
2315 5322 2540 5377 prorsus
2596 5323 2728 5364 sana
2788 5305 3034 5375 praediti,
3074 5313 3256 5374 atque

1660 5399 1809 5453 omni
1874 5401 2054 5469 culpa,
2083 5401 2202 5456 labe
2248 5413 2311 5454 ac
2357 5398 2602 5456 fmditate
2639 5398 2851 5469 purgati
2882 5437 2898 5462 ,
2936 5398 3107 5452 vultui
3146 5395 3238 5449 Dei

1661 5492 1781 5549 sisti
1810 5493 2097 5563 rogabant.
2132 5493 2392 5549 Peccator
2427 5508 2556 5548 vero
2576 5492 2736 5546 talem
2765 5492 2973 5546 vultum
3017 5488 3237 5559 refugit,

87 5640 125 5672 "
160 5642 290 5698 Psal.
324 5652 479 5698 κων
522 5643 576 5695 6.
648 5645 696 5714 ’ξ
728 5642 883 5699 Cant.
920 5658 992 5705 tt,
1022 5643 1078 5714 θ,
1111 5646 1198 5702 17.
1274 5645 1320 5677 ³⁸
1356 5645 1458 5700 .lob
1489 5664 1557 5702 xx

1672 5687 1685 5710 ς
1726 5649 1773 5704 1.
1855 5647 2052 5707 "Psal.
2091 5649 2346 5714 xxvul,9.
2423 5649 2465 5682 ³³
2506 5646 2524 5700 l
2560 5645 2700 5701 Tim.
2733 5661 2808 5709 vr,
2844 5644 2928 5698 16.
3007 5643 3049 5674 ³³
3089 5641 3232 5697 Psal.

39 5715 267 5782 suv,lo.
326 5712 732 5779 “JoanJvJIi,
770 5715 848 5768 14.
925 5714 970 5747 ³⁸
1006 5713 1161 5773 Joan.
1198 5717 1401 5784 \'II,.37,
1438 5718 1505 5772 38
1542 5759 1555 5772 .

89 5849 151 5913 (li
181 5851 332 5910 Forte
363 5851 716 5918 ὲπιστάξασα.
