3958 6340
674 437 783 496 375

1340 433 1626 508 leusseu
1654 426 2140 489 CESARIENSIS
2177 423 2326 482 ore.
2360 423 2539 481 rans
2575 422 2663 482 Ill.
2697 455 2766 465 —
2797 420 3200 480 EXEGETICA.
3572 391 3583 400 ’
3764 418 3839 474 ετυ

723 516 878 609 -
906 553 1120 625 quidem
1143 553 1256 625 iam
1287 557 1593 608 memorata
1615 551 1672 606 in
1716 565 1812 622 spe
1839 549 1975 604 mihi
1998 544 2233 618 reposita

2407 543 2491 598 Τὰ
2521 543 2620 615 μὲν
2639 544 2697 596 ἐν
2723 541 2932 595 ἐλπίσιν
2946 535 3280 622 ἀποκείμενά
3304 553 3393 608 μοι
3416 533 3564 589 ταῦτ’
3581 533 3686 586 ἔστι
3705 533 3760 586 τὰ
3779 534 3842 585 λε-

679 654 828 704 sunt.
861 645 965 701 Sed
991 647 1253 702 hactenus
1278 645 1465 701 multis
1487 659 1572 699 me
1613 641 2096 702 conturbantibus,
2126 653 2236 692 non

679 737 761 792 sic
784 744 963 792 tamen
988 742 1293 792 commotus
1322 749 1444 790 sum
1468 741 1530 788 ut
1565 731 1872 788 exciderem
1897 771 1912 797 ,
1955 737 2008 785 et
2059 727 2237 783 mani-

683 828 816 884 festa
847 845 935 885 res
958 827 1416 885 conturbantibus
1444 827 1721 883 evaderet.
1749 825 1820 880 At
1837 863 1854 890 ,
1891 822 2240 896 quemadmo-

680 919 806 973 dom
832 919 1110 990 superius,
1135 917 1298 988 σπειάὶ
1329 918 1385 973 in
1421 933 1503 972 me
1524 920 1757 972 animam
1792 932 1992 979 meam;
2042 928 2241 969 secun-

679 1012 807 1066 dum
836 1026 968 1066 vero
996 1009 1412 1082 Symmachum,
1445 1011 1502 1064 in
1536 1027 1636 1073 me,
1671 1008 1871 1080 inquit,
1907 1009 2087 1062 anima
2124 1021 2241 1060 mea

683 1101 904 1174 lique/it,
947 1099 1155 1171 quando
1192 1101 1437 1156 recordor
1463 1100 1562 1165 tui,
1592 1116 1626 1154 a
1657 1107 1798 1153 terra
1843 1084 2131 1160 Iordanis,
2191 1105 2242 1151 et

683 1194 747 1244 ab
774 1191 1128 1258 Hcrmoniim,
1156 1201 1328 1248 monte
1382 1193 1619 1246 minimo.
1653 1190 1886 1261 Abyssus
1921 1187 2109 1260 abysso
2151 1206 2242 1244 oc.

684 1285 847 1336 currit
876 1300 908 1336 a
935 1286 1109 1338 sonitu
1145 1286 1528 1355 scaturiginum
1582 1293 1815 1338 tuarum.
1854 1280 2046 1337 lstbazc
2080 1297 2243 1352 porro

687 1361 947 1428 Ιιοοωίιιὶ
978 1374 1231 1430 videntur
1271 1362 1435 1433 sensu
1482 1373 1836 1445 accipienda:
1876 1375 2010 1429 Post
2041 1373 2242 1445 Moysis

686 1470 913 1519 mortem
935 1478 1060 1518 cum
1078 1460 1238 1519 Iesus
1256 1463 1512 1533 p0pulum
1545 1464 1600 1518 in
1632 1473 1830 1518 terram
1864 1464 2242 1534 promissionis

598 1581 600 1583 ν
686 1555 1096 1636 introduxisset,
1128 1555 1437 1612 sacerdotes
1470 1571 1653 1611 arcam
1688 1557 1929 1612 humeris
1971 1565 2244 1627 gestantes

687 1665 742 1703 in
766 1647 1052 1708 Iordanem
1093 1646 1321 1718 ingressi
1353 1657 1502 1706 sunt.
1541 1648 1796 1711 Iordanis
1825 1659 2027 1717 autem,
2061 1660 2121 1706 ut
2169 1653 2247 1705 ait

688 1739 969 1808 Scriptura
999 1737 1064 1809 ⁸⁸,
1084 1738 1382 1808 replebatur
1409 1741 1619 1796 omnino
1641 1743 1692 1795 in
1723 1744 1843 1811 ripa
1871 1759 1991 1806 sua,
2018 1744 2168 1810 quasi
2192 1744 2246 1797 in

687 1827 865 1882 diebus
891 1829 1072 1883 messis
1096 1830 1366 1898 frumenti.
1419 1828 1489 1882 Et
1538 1838 1792 1884 steterunt
1841 1847 2050 1885 sursum
2098 1847 2246 1902 aqum

686 1918 1043 1973 descendentes
1089 1921 1414 1978 concretione
1455 1938 1581 1975 una.
1634 1920 1765 1988 Qua:
1805 1912 1979 1977 autEm
2027 1923 2246 1992 inferius

687 2007 902 2082 ﬂuebat,
924 2011 1189 2064 descendit
1218 2012 1274 2064 in
1301 2027 1446 2065 mare
1479 2012 1700 2066 salsum.
1731 2011 1804 2070 Et
1829 2029 2005 2068 omnes
2027 2016 2130 2085 ﬁlii
2163 2013 2248 2070 Is-

689 2102 798 2154 rael
826 2103 1150 2155 transierunt
1194 2119 1286 2171 per
1319 2102 1512 2157 siccum
1548 2101 1602 2156 in
1637 2101 1804 2158 medio
1840 2101 2123 2167 Iordanis,
2171 2105 2250 2160 in-

662 2189 889 2250 ‘feriore
921 2191 1074 2246 alveo
1101 2190 1159 2244 in
1188 2205 1337 2245 mare
1377 2192 1580 2247 salsum
1625 2192 1924 2260 deﬂuente;
1970 2187 2251 2264 superiore

691 2289 872 2338 autem
903 2281 1224 2354 mirabiliter
1260 2280 1548 2354 divinaque
1575 2284 1776 2340 virtute
1819 2285 2063 2340 cohibito
2089 2294 2252 2358 atque

691 2382 839 2428 retro
869 2369 1090 2429 ﬂuente.
1119 2371 1185 2427 Et
1206 2389 1336 2437 vero
1359 2371 1537 2430 ﬂuxus
1561 2374 1638 2428 illi
1660 2373 1912 2431 Iordanis
1943 2378 2251 2447 superiores

691 2480 757 2519 ex
787 2474 937 2536 parte
967 2463 1214 2529 fontium,
1241 2479 1366 2518 cum
1402 2466 1603 2520 exitum
1631 2482 1740 2521 non
1779 2467 2060 2534 haberent,
2093 2472 2251 2525 attol-

692 2555 964 2620 lebantur,
1001 2562 1055 2612 et
1081 2556 1302 2618 cumulo
1323 2571 1430 2609 uno
1459 2556 1805 2627 erigebantur
1847 2575 1999 2630 aquae
2048 2561 2252 2616 aﬂ‘atim

693 2644 1066 2712 conﬂuentes,
1116 2647 1260 2718 quod
1288 2646 1467 2703 exitus
1498 2657 1643 2704 esset
1693 2643 2042 2709 interclusus.
2097 2652 2254 2708 Tunc

693 2738 883 2809 utique
908 2738 1140 2811 abyssus.
1171 2739 1369 2811 abysso
1396 2741 1720 2796 occurrebat
1747 2782 1762 2805 ,
1818 2746 2081 2814 repressis
2109 2752 2163 2798 et
2199 2745 2256 2799 in

612 2853 625 2860 -
697 2830 971 2902 fastigium
998 2833 1197 2887 evectis
1242 2831 1420 2902 aquis.
1471 2829 1646 2904 Hujus
1677 2833 1859 2904 itaque
1903 2833 2252 2904 providentia:

695 2924 923 2994 gratiam
954 2930 1085 2979 tunc
1124 2924 1324 2994 populo
1365 2925 1618 2980 collatam
1673 2927 1934 2982 memoria
1969 2935 2216 2997 repetens
2237 2967 2254 2992 ,

696 3016 891 3073 merito
944 3017 1414 3088 inpraasentiarum
1443 3018 1622 3073 animo
1657 3018 1898 3088 liquelio,
1934 3019 2080 3089 quod
2109 3022 2257 3075 nulla

699 3109 1009 3178 lmjusmodi
1039 3106 1135 3164 Dei
1181 3107 1521 3182 providentia
1566 3109 1726 3171 nobis
1767 3110 2117 3166 concedatur.
2177 3110 2254 3168 llli

2342 639 2598 712 λεγμένα.
2615 635 2765 700 Τέως
2793 635 2837 689 δ’
2871 634 2962 688 ἐπὶ
2979 631 3072 686 τοῦ
3103 628 3366 702 παρόντος
3382 627 3585 681 πολλῶν
3606 644 3666 697 με
3684 642 3842 695 ταρατ-

2340 733 2558 796 τόντων,
2593 729 2752 792 αὐτὸς
2783 727 2882 797 οὐχ
2910 725 3080 788 οὓτως
3102 719 3472 792 ἐταραττόμην
3489 760 3503 784 ,
3545 716 3614 781 ῶς
3641 717 3844 769 ἐκπεσεῖν

2345 825 2439 878 καὶ
2466 821 2711 894 φανερῶς
2743 817 2992 889 γενέσθαι
3022 817 3134 878 τοῖς
3157 813 3543 885 ταράττουσιν⁶
3577 807 3847 879 ἁλλ’ὦσπερ
3932 817 3933 824 ‘

2343 912 2620 982 ἀνωτέρω,
2635 909 2841 979 ἐξέχεα
2856 909 2946 962 ἐπ’
2965 905 3070 976 ἐμὲ
3093 903 3201 973 τὴν
3219 906 3308 973 ’ψυ
3312 901 3432 973 χήν
3442 919 3580 972 μου,
3598 899 3735 953 οὓτω
3775 899 3847 952 καὶ

2340 1004 2598 1059 ἐνταῦθα
2654 1002 2801 1070 πρὸς
2842 997 3099 1070 ἐμαυτὸν
3146 997 3184 1064 ἡ
3221 993 3391 1064 ψυχή
3429 1011 3546 1063 μου
3581 991 3848 1060 ἐταράχθη.

2343 1089 2502 1150 Κατὰ
2514 1093 2571 1148 δὲ
2597 1094 2686 1146 τὸν
2709 1092 3023 1163 Σύμμαχον,
3049 1087 3166 1140 Ἐπ’
3192 1085 3316 1156 ἐμὲ,
3337 1086 3521 1156 φησιν,
3536 1085 3573 1152 ἡ
3592 1080 3747 1152 ψυχή
3764 1099 3853 1151 μου

2344 1186 2753 1254 κατατήκεται,
2783 1184 2927 1238 ὅταν
2954 1178 3485 1251 ἀναμιμνήσφαυμαὶ
3505 1189 3618 1254 σου
3647 1172 3752 1228 ἀπὸ
3771 1171 3857 1242 τῆς

2356 1280 2646 1348 Ἰορδάνου
2674 1277 2773 1332 καὶ
2801 1277 2918 1332 ἀπὸ
2953 1271 3302 1345 Ἐρμωνιεὶμ,
3331 1270 3506 1339 ὅρους
3525 1264 3856 1339 μικροτάτου.

2348 1375 2642 1438 Ἀΰυσσος
2671 1370 2919 1436 ἀϐύσσῳ
2959 1362 3194 1431 ἀπαντᾷ
3237 1361 3355 1418 ἀπὸ
3390 1361 3544 1430 ἤχου
3582 1357 3694 1412 τῶν
3723 1373 3864 1424 κρου-

2343 1466 2467 1520 νῶν
2496 1479 2632 1518 σου.
2651 1465 2805 1516 Δοκεῖ
2834 1461 2888 1514 δέ
2927 1477 3014 1531 μοι
3035 1459 3069 1528 ἡ
3087 1456 3207 1511 τῶν
3227 1454 3530 1528 εἰρημένων
3554 1450 3748 1503 διάνοια
3768 1446 3866 1500 τοῦ.
3932 1521 3933 1526 η

2345 1579 2434 1615 τον
2475 1559 2739 1631 ἔχειν’τὸν
2783 1556 2908 1610 νοῦν
2931 1574 2944 1586 ·
2994 1541 3149 1608 Μετὰ
3188 1552 3284 1621 τὴν
3315 1547 3592 1610 Μωῦσέως
3628 1543 3866 1614 τελευτὴν,

2357 1653 2533 1723 Ἰησοῦ
2568 1651 2656 1716 τὸν
2683 1650 2808 1703 λαὸν
2837 1650 2915 1710 είς
2945 1648 3052 1717 τὴν·
3078 1647 3179 1715 γῆν
3204 1644 3301 1713 τῆς
3320 1638 3647 1708 ἐπαγγελίας
3680 1639 3868 1723 εἰσαγα-

2347 1721 2551 1811 γόντος,
2577 1741 2651 1802 ὡς
2677 1741 2725 1790 οἱ
2755 1738 2918 1808 ἱερεῖς
2949 1734 3220 1802 ἐπέϐησαν
3247 1727 3325 1800 τῷ
3361 1726 3594 1797 Ἰορδάνῃ
3622 1723 3715 1795 τὴν
3735 1721 3873 1776 κιϐω-

2346 1836 2437 1890 τὸν
2473 1833 2558 1885 ἐπ’
2588 1831 2750 1902 ῶμων
2786 1829 3059 1900 φέροντες.
3093 1825 3150 1877 '0
3181 1822 3237 1876 δὲ
3275 1819 3559 1891 Ἰορδάνης,
3593 1815 3664 1879 ῶς
3686 1813 3874 1884 φησινὴ

2349 1927 2558 1999 Γραφὴ,
2584 1921 2918 1991 ἐπληροῦτο
2962 1920 3218 1973 καθόλου
3261 1913 3371 1992 τὴν
3399 1909 3656 1982 κρηπῖδα
3697 1904 3876 1999 αὑτοῦ,

2347 1997 2488 2072 ὡσεὶ
2512 2015 2720 2084 ἡμέραι
2750 2009 3027 2080 θερισμοῦ
3057 2005 3280 2075 πυρῶν.
3303 2003 3412 2058 Καὶ
3444 2002 3596 2068 ἔστη
3623 2001 3694 2052 τὰ
3719 1997 3882 2051 ὕδατα

2348 2097 2776 2166 καταϐαίνοντα
2802 2104 3026 2158 ἄνωθεν
3047 2090 3249 2170 πῆγμα
3271 2097 3359 2152 ἓν.
3379 2094 3445 2148 Τὸ
3468 2091 3536 2146 δὲ
3557 2090 3883 2146 καταϐαῖνον

2350 2201 2563 2269 κατέϐη
2591 2201 2676 2265 εὶς
2713 2195 2828 2264 τὴν
2855 2193 3173 2252 θάλασσαν
3201 2186 3320 2242 τῶν
3349 2185 3530 2238 ἀλῶν.
3556 2182 3666 2236 Καὶ
3691 2179 3885 2241 πάντες

2349 2293 2534 2348 οἱυΙοὶ
2576 2286 2814 2357 Ἰσραὴλ
2842 2284 3131 2352 διέϐησαν
3165 2275 3480 2346 διὰ-ξηρᾶς
3511 2276 3581 2329 ἐν
3614 2274 3770 2346 μέσῳ
3796 2272 3885 2325 τοῦ

2365 2383 2678 2452 Ἰορδάνου,
2707 2377 2800 2433 τοῦ
2836 2367 2940 2448 μὲν
2965 2374 3115 2428 κάτω
3158 2369 3457 2442 φερομένου
3500 2365 3760 2438 ῥεύματος
3794 2380 3886 2434 χω-

2356 2481 2572 2550 ροῦντος
2597 2476 2675 2537 εἰς
2700 2473 2798 2542 τὴν
2823 2469 3096 2523 Θάλασσαν
3124 2465 3221 2536 τὴν
3246 2463 3450 2533 ἁλυκήν
3467 2477 3481 2489 ·
3511 2459 3604 2512 τοῦ
3629 2455 3890 2550 δὲᾲάνωθεν

2354 2548 2630 2629 κατιόντος
2665 2561 2978 2635 παραδόξως
3023 2558 3155 2611 Θεοῦ
3205 2554 3428 2627 δυνάμει
3459 2548 3891 2635 ἀναστελλόμενοι)

2355 2662 2448 2716 καὶ
2481 2662 2559 2724 εἰς
2589 2632 2828 2711 τούπίσω
2859 2651 3178 2726 χωροῦντος.
3207 2648 3316 2702 Καὶ
3343 2646 3406 2718 δὴ
3431 2644 3502 2698 τά
3533 2632 3640 2699 άπὸ
3668 2643 3774 2696 τῶν
3802 2657 3891 2710 πη-

2354 2754 2465 2824 γῶν
2497 2750 2699 2808 ἄνωθεν
2730 2747 3070 2821 προχεόμενα
3108 2741 3201 2798 τοῦ
3248 2739 3510 2812 Ἰορδάνου
3543 2736 3802 2808 ῥεύματα,
3832 2734 3896 2803 μὴ

2356 2846 2545 2916 ἔχοντα
2573 2841 2832 2907 διέξοδον,
2868 2834 3191 2908 ἐκυρτοῦτο,
3230 2833 3325 2886 καὶ
3373 2829 3545 2902 σωρὸς
3588 2824 3667 2916 εἷς
3703 2827 3897 2896 ἐγένετο

2356 2915 2727 3006 ἐπαιρομένων
2757 2927 2877 2982 κατ’
2906 2925 3148 2996 ἀλλήλων
3177 2923 3284 2976 τῶν
3310 2920 3534 2982 ὑδάτων,
3563 2915 3649 2974 διὰ
3681 2917 3741 2969 τὸ
3777 2916 3898 2969 ἀπο-

2357 3024 2664 3082 κεκλεῖσθαι
2716 3023 2895 3083 αὑτοῖς
2946 3018 3044 3088 τὴν
3094 3015 3344 3083 διέξοδον.
3391 3013 3524 3066 Τότε
3571 3011 3634 3084 δὴ
3687 3011 3900 3069 ἄϐυσσος

2356 3117 2575 3189 ἀϐύσσῳ
2619 3116 2865 3185 ἀπήντα,
2919 3107 3381 3178 ἀναστελλομένων
3415 3106 3523 3158 τῶν
3570 3103 3773 3157 ὑδάτων
3820 3099 3904 3153 καὶ

639 3213 642 3215 ‘
699 3214 934 3270 namque
963 3199 1283 3256 mirabiliter
1320 3199 1610 3257 Iordanem
1645 3203 2000 3270 transierunt,
2026 3213 2080 3261 et
2105 3222 2252 3262 mon-

2358 3200 2797 3282 κορυφουμένων.
2848 3201 3156 3256 Ἀναπολῶν
3197 3195 3293 3252 οὖν
3335 3198 3402 3268 τῇ
3439 3198 3626 3268 μνήμῃ
3670 3193 3770 3264 τῆς
3793 3191 3902 3244 τότε

700 3303 806 3346 tem
842 3291 945 3362 ipsi
966 3292 1204 3348 'vicinum
1230 3291 1563 3367 llermoniim
1600 3304 1973 3366 nuncupatum
1993 3338 2008 3364 ,
2039 3298 2133 3369 qui
2162 3299 2258 3354 mi-

704 3387 881 3460 nimus
901 3385 1133 3442 exsistit.
1163 3386 1292 3443 Mihi
1316 3403 1466 3455 vero,
1494 3388 1589 3460 qui
1615 3389 1729 3444 haec
1749 3389 1963 3460 loquor,
1995 3389 2131 3444 nihil
2159 3392 2259 3445 hu-

700 3479 936 3550 iusmodi
960 3494 1282 3536 concessum
1315 3489 1427 3547 est,
1462 3476 1552 3537 sed
1600 3483 1778 3536 omnia
1823 3479 2027 3536 excelsa
2073 3489 2166 3535 tua
2210 3492 2260 3537 et

705 3570 894 3626 ﬂuctus
945 3571 1225 3639 tuisuper
1265 3588 1346 3628 me
1406 3573 1766 3636 transierunt;
1815 3582 1912 3627 aut
1957 3572 2259 3629 secundum

702 3660 1285 3734 Symmacbtrm,omncs
1312 3664 1556 3731 procella:
1587 3675 1690 3718 tua:
1718 3676 1768 3718 et
1791 3666 1984 3734 ﬂuctus
2002 3666 2080 3720 tui
2108 3683 2262 3742 super

699 3773 783 3816 me
819 3756 1161 3810 transierunt.
1205 3754 1334 3810 Iure
1361 3770 1488 3826 ergo
1517 3757 1585 3808 ad
1627 3758 1876 3826 meipsum
1915 3759 2097 3812 anima
2146 3776 2262 3812 mea

703 3848 1012 3902 conturbata
1062 3858 1182 3912 est;
1222 3851 1335 3912 aut',
1386 3849 1439 3902 in
1501 3867 1581 3903 me
1633 3853 1811 3905 anima
1864 3868 1979 3906 mea
2029 3852 2259 3922 lique/it,

705 3958 821 3994 cum
844 3940 1086 4005 recordor
1118 3942 1192 3994 tui
1221 3942 1282 3995 de
1311 3953 1451 3996 terra
1469 3939 1745 4010 Jordanis,
1769 3945 2066 4000 secundum
2104 3945 2264 4016 Sym-

706 4032 1052 4095 machum,“
1078 4031 1141 4084 ab
1186 4031 1512 4087 Hermouiim
1554 4045 1725 4089 monte
1780 4038 2018 4092 minimo.
2082 4037 2144 4093 In
2178 4039 2262 4094 his

706 4123 903 4194 quippe
925 4123 1059 4180 locis
1087 4123 1215 4179 olim
1247 4123 1466 4196 abyssus
1491 4127 1679 4198 abysso
1705 4131 2006 4189 occurrebat
2031 4149 2063 4185 a
2089 4134 2264 4187 sonitu

705 4219 1080 4289 scaturiginum
1105 4226 1406 4281 tuarum,et
1433 4235 1570 4289 aqua
1597 4221 1835 4278 cohibita
1863 4233 1967 4290 est,
1986 4240 2053 4279 ne
2082 4225 2150 4294 iis
2171 4226 2264 4295 qui

607 4303 610 4306 ’
706 4310 991 4366 Iordanem
1021 4310 1326 4370 transibant
1356 4311 1659 4367 molestiam
1689 4312 1920 4369 aﬂerret.
1949 4315 2113 4386 Atqui
2132 4325 2262 4372 tunc

704 4403 924 4474 quidem
949 4403 1064 4460 haec
1094 4403 1410 4458 acciderunt
1436 4419 1532 4474 per
1567 4405 1961 4475 providentiam
1990 4408 2138 4478 ipsos
2167 4425 2264 4466 eu-

704 4507 941 4562 rantem;
974 4504 1031 4552 at
1060 4513 1207 4556 nunc
1237 4514 1412 4552 omnes
1457 4497 1700 4567 procella:
1743 4506 1846 4553 tua:
1880 4510 1929 4553 et
1961 4500 2155 4568 ﬂuctus
2187 4504 2264 4558 tui

704 4603 858 4655 super
885 4603 965 4643 me
997 4589 1340 4659 transierunt,
1364 4590 1656 4646 obruentes
1675 4605 1736 4645 ac
1761 4591 2134 4661 demergentes
2155 4610 2258 4660 me,

706 4678 921 4734 nemine
960 4677 1265 4734 cohibente.
1299 4680 1567 4736 Caeterum
1598 4681 1712 4736 haec
1753 4683 1878 4751 jure
1903 4683 2034 4739 dicit
2061 4685 2261 4743 chorus

707 4769 941 4826 filiorum
967 4765 1123 4830 Core.
1156 4768 1470 4838 prophetice
1496 4780 1820 4839 postremam
1839 4770 2146 4828 Iudaeorum
2175 4775 2264 4833 ab-

702 4860 992 4929 jectionem
1023 4859 1232 4929 lugens,
1257 4860 1414 4927 cujus
1431 4861 1765 4916 calamitates
1785 4863 1836 4916 in
1862 4879 1920 4918 se
1946 4861 2256 4936 recipiebat.

2359 3302 2651 3374 γενομένης
2668 3296 2746 3368 τῷ
2774 3293 2888 3366 λαῷ
2916 3293 3220 3362 ἐπισκοπῆς
3245 3289 3341 3361 τὴν
3370 3289 3549 3360 χάριν,
3581 3285 3801 3348 εἰκότως
3819 3283 3906 3337 ἐπὶ

2357 3396 2452 3448 τοῦ
2511 3381 2772 3467 παρόντος
2819 3388 2915 3459 τὴν
2970 3385 3146 3456 ψυχὴν
3199 3381 3608 3452 κατατήκομαι,
3656 3376 3907 3449 μηδεμιᾶς

2357 3485 2611 3555 τοιαύτης
2640 3482 2732 3537 καὶ
2763 3480 2846 3550 ἐφ’
2873 3477 3028 3550 ἡμῶν
3048 3474 3376 3546 γιγνομένης
3397 3470 3533 3524 Θεοῦ
3562 3469 3830 3543 προνοίας.
3852 3468 3907 3520 Oi
3932 3549 3933 3552 η

2364 3581 2460 3650 μὲν
2489 3577 2598 3649 γὰρ.
2621 3571 2930 3646 παραδόξως
2949 3570 3038 3624 τὸν
3070 3567 3339 3640 Ἰορδάνην
3359 3565 3567 3636 διῆλθον
3598 3562 3774 3618 καῖιτὸ
3798 3563 3910 3634 ὅρος

2360 3673 2420 3724 τὸ
2451 3669 2585 3740 πρὸς
2619 3666 2769 3731 αὐτὸ,
2803 3661 3132 3735 Ἑρμωνιεὶμ
3158 3657 3574 3728 ὀνομαζόμενον,
3601 3655 3910 3727 μικρότατον

2360 3761 2653 3834 τυγχάνον·
2681 3759 2765 3810 ἐπ’
2800 3752 2934 3826 ἐμοῦ
2972 3752 3028 3804 δέ
3054 3750 3146 3803 τοῦ
3190 3747 3361 3803 ταῦτα
3408 3746 3658 3815 λέγοντος
3688 3743 3912 3796 τοιοῦτον

2365 3857 2461 3927 μὲν
2493 3854 2642 3907 οὐδὲν
2682 3849 3027 3919 πέπρακταιο
3078 3843 3306 3907 Πάντες
3339 3839 3408 3893 δὲ
3445 3841 3500 3927 ol
3539 3834 3914 3927 μετεωρισμοί

2363 3923 2475 4003 σου
2508 3946 2604 3998 καὶ
2636 3943 2709 3997 τὰ
2736 3937 2965 4008 κύματά
2992 3949 3106 3988 σου
3149 3934 3239 3987 ἐπ’
3271 3930 3376 4002 ἐμὲ
3411 3926 3686 3996 διῆλθον·
3716 3924 3748 3997 ἢ
3784 3923 3916 3977 κατὰ

2360 4040 2450 4094 τὸν
2492 4037 2817 4108 Σύμμαχονο
2849 4027 3046 4083 Πᾶσαι
3093 4028 3153 4080 al
3178 4022 3510 4093 καταιγίδες
3547 4035 3663 4074 σου
3711 4018 3808 4072 καὶ
3852 4016 3917 4112 τὰ

2362 4128 2592 4201 κύματά
2623 4143 2740 4181 σου
2782 4121 2980 4178 ἐπάνω
3027 4137 3145 4191 μου
3177 4115 3509 4186 παρῆλθον.
3552 4113 3789 4173 Εἰκότως
3829 4113 3917 4201 οὑν

2363 4198 2510 4293 πρὸς
2545 4218 2801 4290 ἐμαυτὸν
2848 4215 2887 4283 ἡ
2911 4211 3080 4284 ψυχή
3103 4227 3221 4280 μου
3245 4205 3537 4276 ἐταράχθη
3556 4223 3570 4236 ο
3601 4205 3656 4275 ἢ,
3687 4203 3803 4254 Ἐπ’
3819 4198 3919 4269 ἐμὲ

2363 4320 2401 4386 ὴ
2428 4313 2595 4384 ψυχή
2621 4315 2739 4380 μου
2772 4305 3190 4381 κατατήκεται,
3217 4301 3363 4354 ὅταν
3398 4294 3921 4367 ὰναμιμνήσκωμαί

2363 4427 2477 4465 σου
2507 4406 2624 4461 ἀπὸ
2659 4401 2771 4474 γῆς
2805 4398 3114 4469 Ἰορδάνου,
3153 4395 3295 4449 κατὰ
3339 4393 3430 4467 τὸν
3462 4390 3787 4461 Σύμμαχον,
3828 4386 3918 4439 καὶ

2365 4502 2483 4559 ἀπὸ
2524 4494 2894 4568 Ἑρμωνιεὶμ,
2924 4493 3097 4561 ὄρους
3119 4482 3494 4559 μικροτάτου.
3533 4481 3624 4536 Ἑν
3659 4481 3764 4551 γὰρ
3801 4479 3921 4531 τού-

2366 4610 2478 4655 τοις
2525 4591 2637 4652 τοίς
2692 4585 2911 4658 χωρίοις
2953 4579 3119 4634 πάλαι
3163 4574 3292 4628 ποτὲ
3357 4571 3627 4637 ἄϐυσσος
3683 4570 3924 4658 ἀϐύσσῳ

2366 4679 2603 4747 ἀπήντα
2647 4656 2949 4742 ἁπὸλῆχου
2987 4667 3106 4726 τῶν
3146 4660 3416 4731 κρουνῶν
3451 4678 3589 4726 σου,
3615 4656 3926 4714 ἀναστελλο-

2373 4773 2530 4844 μένου
2595 4767 2690 4821 τοῦ
2758 4764 2949 4825 ὓδατος
2994 4761 3074 4820 εἰς
3122 4754 3182 4807 τὸ
3235 4751 3307 4844 μὴ
3349 4751 3625 4844 διοχλῆσαι
3837 4748 3925 4844 τον

2381 4837 2648 4936 Ἰορδάνην
2676 4853 2989 4927 παριόντας.
3031 4843 3188 4899 Ἀλλὰ
3211 4842 3331 4897 τότε
3359 4843 3473 4936 μὲν
3506 4839 3684 4936 ταῦτα
3711 4837 3800 4890 διὰ
3830 4837 3926 4911 τῂν

707 4952 1103 5013 ἐπισκοποῦσαν
1129 4951 1254 5016 τοὺς
1280 4952 1402 5005 τότε
1461 4953 1750 5023 πρόνοιανο
1777 4957 1889 5009 νυνὶ
1935 4958 1990 5012 δὲ
2031 4959 2218 5016 πᾶσαι
2255 4967 2313 5019 αὶ
2351 4956 2681 5030 καταιγιδες
2721 4968 2837 5007 σου
2875 4943 2974 5001 καὶ
3023 4940 3097 4994 τὰ
3128 4935 3372 5039 ,κύματά
3413 4953 3530 5038 σου
3573 4932 3769 5039 ἐπάνω
3808 4949 3926 5039 μου

705 5032 1052 5113 παρῆλθον,
1089 5042 1494 5110 κατακλύζοντά
1546 5061 1610 5114 με
1658 5045 1750 5098 καὶ
1800 5052 2268 5120 καταποντοῦντα,
2313 5027 2541 5127 μηδενὸς.
2589 5041 3021 5103 ἀναστέλλοντος.
3071 5030 3229 5138 librat
3250 5030 3331 5138 ⁵δέ
3405 5028 3583 5138 “caiisa
3631 5027 3929 5138 εἰκότωςἈὸ

707 5136 862 5207 γοοᾲς
911 5136 1019 5190 τῶν
1069 5135 1198 5190 υἱῶν
1244 5137 1408 5206 Κορὲ,
1458 5136 1807 5208 προφητικῶς
1848 5141 2261 5214 ἁποκλαιόμενοι
2459 5142 2690 5214 ἐσχάτην
2723 5129 2990 5198 ἀποϐολὴν
3018 5123 3110 5179 τοῦ
3144 5123 3407 5179 Ἰουδαίων
3441 5120 3624 5185 ἔθνους
3655 5120 3734 5186 οὗ,
3781 5121 3927 5190 πάθη

707 5230 787 5290 εἰς
808 5229 996 5280 ἑαυτὸν
1024 5227 1410 5298 ἀνελάμϐανεν.

781 5340 946 5397 Vens.
977 5341 1032 5406 9‘,
1066 5343 1153 5398 10.
1177 5341 1242 5396 1η
1273 5343 1358 5398 die
1379 5336 1654 5401 mandabit
1687 5347 1935 5405 Dominus
1966 5354 2263 5409 misericor-

711 5435 855 5488 diam
881 5449 1053 5496 suam,
1087 5445 1137 5488 et
1153 5446 1300 5490 nocte
1328 5440 1586 5492 canticum
1615 5441 1750 5510 ejus.
1785 5440 2025 5509 Etiamsi,
2060 5446 2260 5516 inquit,

715 5539 901 5578 omnes
937 5525 1187 5593 procella:
1205 5535 1311 5582 tum
1331 5535 1384 5583 et
1405 5527 1602 5586 ﬂuetus
1631 5533 1894 5608 tuiisuper
1920 5549 2005 5590 me
2057 5535 2261 5590 transi-

721 5618 899 5684 erint;
932 5625 986 5670 at
1037 5617 1172 5673 bene
1214 5621 1341 5674 novi
1397 5629 1452 5687 et
1491 5637 1809 5692 persuasum
1838 5625 1996 5694 plane
2048 5627 2221 5681 habeo
2247 5668 2260 5691 ,

719 5707 923 5767 nullum
979 5715 1192 5779 tempus
1251 5725 1373 5767 esse
1415 5728 1523 5782 quo
1565 5729 1676 5779 non
1729 5714 2071 5775 miserearis:
2111 5731 2235 5772 nam

2447 5346 2690 5420 Ἡμέρας
2718 5334 3037 5396 ἐντελεῖται
3058 5336 3269 5401 Κύριος
3300 5330 3365 5383 τὸ
3393 5329 3563 5396 ἔλεος
3590 5332 3796 5392 αὐτου,
3839 5348 3926 5382 gn,-

2365 5422 2583 5504 νυκτὸς
2619 5434 2733 5502 τὴν
2759 5427 2926 5497 ᾠδὴν
2975 5424 3179 5479 αὑτοῦι
3234 5422 3297 5474 Et
3341 5422 3435 5475 καὶ
3486 5425 3691 5486 πᾶσαι,
3732 5423 3903 5491 φησιν

2367 5534 2422 5584 αἱ
2470 5525 2780 5595 καταιγίδες
2815 5535 2908 5573 σου
2960 5517 3054 5571 καὶ
3093 5515 3163 5569 τὰ
3201 5513 3415 5598 κύματά
3456 5532 3550 5568 σου
3597 5515 3781 5570 ἐπάνω
3836 5529 3917 5583 μοι

2369 5621 2663 5694 παρῆλθον,
2699 5613 2813 5668 ἀλλ’
2846 5606 2904 5664 εὖ
2937 5601 3050 5663 οῖδα
3079 5607 3170 5663 καὶ
3203 5606 3499 5678 πέπεισμαι
3553 5605 3817 5694 ἁκριὸῶς.
3857 5605 3934 5656 6::

2365 5693 2465 5768 οὐκ
2498 5712 2610 5766 ἔστι
2643 5703 2830 5778 καιρὸς
2857 5704 2914 5756 ἐν
2945 5695 2987 5770 ᾧ
3018 5701 3116 5754 οὐκ
3141 5699 3324 5764 ἐλεεῖς·
3355 5696 3500 5763 Θεὸς
3531 5695 3641 5770 γὰρ
3665 5693 3846 5766 diem:
3859 5709 3934 5748 ων

790 5872 834 5906 ⁸⁸
872 5872 1033 5929 Iosue
1063 5890 1165 5945 ιιι,
1205 5875 1284 5942 l5,
1329 5875 1408 5931 l6.
