3966 6348
70 461 156 516 5⁵17
1155 451 1652 512 COMMENTARIA
1687 452 1753 508 ιΝ
1790 450 2125 509 PSALMOS.

3147 448 3252 503 378

70 569 129 636 εἷ,
154 571 244 626 ναι
269 572 367 626 καὶ
395 576 706 646 οἰκτίρμων
732 577 828 632 καὶ
859 577 1256 647 μακρόθυμος.
1313 576 1400 629 Διὸ
1429 575 1601 646 ἐμαυ-

1715 571 1872 638 Deus,
1900 572 2194 625 misericors
2230 585 2304 633 cs,
2327 585 2389 622 ac
2433 569 2592 622 etiam
2636 571 2915 643 miserator
2941 576 2989 621 et
3014 566 3257 637 longani-

67 663 139 716 τὸν
183 659 491 732 θεραπεύων
541 666 762 734 ἀγαθαῖς
821 665 1054 730 ἐλπίσιν,
1113 663 1293 730 εἰδὼς,
1331 662 1412 714 ὅτι
1461 665 1598 717 καθι

71 751 265 819 ημέραν
308 752 372 806 τὸ
418 754 592 821 ἕλεος
633 755 816 810 αὐτοῦ
856 755 1174 810 ἐντελεῖται
1224 759 1256 808 ὁ
1300 753 1461 820 Θεὸς,
1500 753 1610 818 τὰς’

71 847 242 908 νύκτας
270 846 336 914 τῇ
370 845 484 916 ᾠδῇ
511 846 672 899 αὑτοῦ
713 845 986 917 σχολάζων
1016 846 1262 901 διατελῶ.
1288 846 1420 902 Μεθ’
1461 845 1598 916 ἡμέ-

73 957 153 1009 ραν
189 940 280 1010 μὲν
310 939 420 1009 γὰρ
457 939 557 1005 τὰς
587 939 693 993 τῶν
735 938 1034 1011 ἀνθρώπων
1073 939 1213 1011 ὁρῶν
1246 939 1467 1012 πράξεις
1505 940 1599 993 καὶ

69 1032 152 1095 τὰς
199 1023 502 1100 κυκλούσας
528 1034 672 1104 ἡμᾶς
714 1033 1026 1104 συμφορὰς,
1076 1033 1201 1098 τούς
1233 1050 1291 1086 τε
1343 1049 1600 1103 μετεωρι-

69 1123 216 1193 σμούς
245 1141 338 1177 σου
377 1125 472 1178 καὶ
518 1125 586 1178 τὰ
612 1124 832 1196 κύματά
886 1141 996 1189 σου,
1040 1125 1175 1197 πρὸς
1209 1124 1439 1198 ἐμαυτὸν
1465 1123 1600 1178 ἀπο-

65 1217 272 1290 δύρομαι
290 1235 304 1247 ’
328 1218 438 1273 τῶν
457 1219 514 1272 δὲ
533 1218 601 1296 δι’
620 1206 830 1290 ἡμέρας
859 1235 926 1289 με
950 1219 1316 1290 θορυϐούντων
1336 1219 1598 1291 σχολάσας

65 1309 138 1361 διὰ
159 1310 249 1380 τῆς
270 1311 483 1375 νυκτὸς,
505 1309 964 1380 ἀναπεμπάζομαι
992 1310 1060 1364 τὰ
1092 1310 1213 1381 ὲλέη
1243 1312 1339 1365 τοῦ
1359 1312 1560 1384 Κυρίου
1580 1330 1593 1342 ·

65 1401 580 1473 ἀναμιμνῃσκόμενος
628 1419 688 1455 τε
732 1402 880 1465 ὅπως
932 1401 1050 1455 καθ’
1100 1403 1306 1474 ἡμέραν
1351 1404 1410 1455 τὸ
1453 1403 1598 1468 ἕλεος

64 1490 206 1543 αύτοῦ
233 1492 549 1556 ἐντέλλεται,
581 1493 800 1564 ᾄσματα
829 1491 975 1562 αὐτῷ
999 1494 1092 1547 καὶ
1118 1493 1258 1562 ᾠδὰς
1295 1493 1598 1564 ἀναπέμπω

64 1583 233 1654 σχολὴν
289 1583 437 1651 ἄγων
485 1583 583 1648 τὰς
636 1583 853 1648 νύκτας.
911 1586 1001 1639 Διὸ
1062 1585 1125 1656 δὴ
1175 1585 1269 1638 καὶ
1318 1583 1592 1638 λέλεκταιο

62 1677 153 1728 Καὶ
187 1675 406 1741 νυκτὸς
436 1675 560 1746 ᾠδὴ
610 1678 794 1732 αὑτοῦ
840 1681 975 1748 παρ’
1016 1678 1172 1749 ἐμοί·
1216 1677 1354 1731 κατὰ
1398 1677 1453 1730 δὲ
1507 1678 1596 1731 τὸν

70 1766 309 1819 Ἀκύλανο
336 1767 444 1821 Καὶ
476 1769 548 1820 ἐν
574 1770 745 1824 νυκτὶ
775 1764 939 1840 ᾆσμα
965 1770 1149 1825 αὐτοῦ
1170 1771 1294 1838 μετ’
1326 1769 1491 1838 ἐμοῦ.
1520 1763 1598 1822 Οὔ

62 1859 199 1926 μόνον
225 1858 281 1910 δὲ
321 1857 501 1923 τοῦτο,
544 1858 680 1914 ἀλλὰ
727 1861 820 1915 καὶ
860 1861 1170 1931 προσευχὴ
1202 1860 1280 1927 τῷ
1332 1859 1452 1926 Θεῷ
1488 1860 1596 1930 τῆς

60 1945 184 2012 ζωῆς
213 1964 353 2016 μουο
387 1949 532 2020 ᾊδω
561 1951 661 2022 μὲν
693 1950 798 2023 γὰρ
827 1951 992 2023 ὕμνον
1030 1953 1439 2023 εύχαριστήριον
1462 1994 1476 2017 ,
1515 1951 1598 2005 δε-

1701 1956 1801 2010 bus
1827 1954 2032 2025 gratias
2055 1968 2234 2023 agam,
2264 1950 2706 2021 quandoquidem
2743 1965 2830 2004 me
2865 1949 3008 2003 bona
3041 1947 3256 2002 futuro-
3355 1984 3363 1992 ς

57 2038 314 2108 δειγμένος
367 2039 425 2092 ὲν
478 2042 638 2094 παντὶ
701 2042 1058 2112 εὐχαριστεῖν,
1109 2045 1226 2106 ταῖς
1280 2043 1597 2113 μελλούσαις

57 2131 244 2183 ἐλπίσιν
293 2137 555 2205 χρησταῖς
602 2136 834 2206 ἐμαυτὸν
875 2134 1271 2206 ἀνακτώμενος.
1296 2135 1396 2188 Διὰ
1433 2135 1488 2188 δὲ
1532 2135 1599 2188 τὰ

55 2225 171 2287 τέως
190 2226 247 2277 ὲν
265 2225 344 2297 τῷ
375 2227 599 2298 παρόντι
634 2227 922 2297 συνέχοντά
957 2243 1024 2297 με
1054 2225 1270 2298 λυπηρὰ
1295 2226 1599 2296 προσευχὴν

55 2317 338 2393 ᾁναπέμπω
384 2319 464 2390 τῷ
515 2319 632 2390 Θεῷ
660 2320 758 2390 τῆς
809 2318 950 2390 ζωῆς
987 2335 1117 2388 μου·
1170 2314 1284 2370 οἶδα
1332 2316 1473 2388 γὰρ,
1520 2317 1598 2369 ὅτι

56 2408 194 2462 αὑτὸν
216 2409 324 2480 ἔχω
345 2403 446 2480 τῆς
469 2409 707 2480 ἐμαυτοῦ
734 2409 881 2480 ζωῆς
919 2410 1109 2464 αἴτιον.
1163 2408 1601 2481 Προσευχόμενος

55 2502 98 2554 δὲ
124 2502 262 2573 αὐτῷ
284 2521 457 2574 φημι·
489 2503 891 2572 -Ἀντιλήπτωρ
915 2522 1034 2572 μου
1053 2521 1065 2533 ·
1097 2503 1129 2574 ἢ
1156 2503 1294 2556 κατὰ
1318 2502 1407 2556 τὸν
1447 2501 1601 2554 Ἀκύ-

54 2593 136 2647 λαν
179 2595 268 2649 καὶ
299 2594 628 2666 Σύμμαχον,
677 2593 859 2662 πέτρα
897 2612 1045 2663 μου·
1093 2595 1175 2662 ἐφ’
1215 2594 1279 2663 ἣν
1329 2591 1497 2655 ἑστὼς
1538 2592 1596 2644 οὐ

55 2682 508 2754 διατραπήσομαν
557 2681 654 2754 διὰ
698 2683 754 2734 τί
792 2699 910 2752 μου
950 2682 1279 2754 ἐπελάθου;
1317 2681 1455 2747 Ἐγὼ
1502 2681 1600 2752 μὲν

55 2774 146 2844 γάρ
167 2753 268 2826 σου
300 2773 404 2826 οὐκ
432 2753 791 2843 ἐπιλέλὴσμαι
811 2789 824 2802 °
851 2761 966 2827 ἀλλ’
993 2755 1109 2826 οἷδᾶ
1135 2753 1233 2825 σου.
1253 2773 1320 2825 τὰ
1355 2772 1479 2842 ὲλέη
1508 2773 1600 2825 καὶ

55 2868 162 2930 τοὺς
191 2865 542 2938 οᾰτιρμούς·
591 2861 707 2919 οἶδα
751 2866 806 2920 δὲ
831 2867 932 2920 καὶ.
964 2866 1061 2929 τὰς
1101 2867 1462 2935 ἀποκειμένας
1511 2881 1598 2934 μοι

56 2959 282 3024 ὲλπίδας¹
314 2960 399 3013 διὸ
429 2961 524 3014 καὶ
566 2960 662 3031 τὴν
690 2960 834 3032 ᾠδήν
875 2977 967 3012 σου
1015 2960 1142 3030 παρ’
1180 2957 1399 3029 ἐμαυτῴ
1446 2957 1599 3010 ἀδια-

55 3052 266 3116 λείπτως
290 3051 574 3125 φυλάττωο
608 3052 671 3105 σὺ
705 3051 762 3105 δέ
799 3068 899 3122 μου
933 3037 1222 3104 ἐπελάθου·
1262 3048 1348 3102 διὰ
1375 3049 1461 3114 ei;
1492 3049 1600 3120 Τὴν

57 3145 215 3198 αἰτίαν
239 3144 435 3218 μαθεῖν
466 3144 742 3215 βούλομαι,
765 3144 830 3198 δι’
855 3145 920 3216 ἦν
950 3144 1146 3206 πάντες
1170 3145 1218 3196 οἱ
1245 3139 1600 3213 μετεωρισμοί

58 3255 134 3289 σου
164 3238 357 3292 καὶτὰ
411 3238 632 3309 κύματά
677 3255 800 3302 σου,
847 3239 896 3291 οἱ
944 3236 1236 3308 πειρασμοὶ
1279 3235 1476 3306 δηλαδὴ
1508 3235 1601 3290 καὶ

1702 669 1802 722 mis
1825 669 1891 721 ⁵⁸.
1925 665 2104 734 Quare
2135 681 2221 719 me
2251 664 2391 718 bona
2413 677 2511 733 spe
2540 661 2791 724 fulciens,
2825 655 3035 731 gnarus
3077 658 3256 719 illius.

1701 761 1755 814 in
1795 760 1879 815 die
1920 757 2190 813 ntandabit
2233 756 2373 810 Deus
2419 751 2834 808 misericordiam
2875 768 3061 815 suam,
3099 759 3259 804 nocte

1701 849 1932 904 canticis
1966 849 2086 918 ejus
2116 847 2336 902 assidue
2365 844 2638 900 incumbo.
2672 839 2952 911 Siquidem
2991 853 3114 895 cum
3162 855 3259 908 per

1701 941 1844 996 diem
1877 939 2154 994 hominum
2196 951 2383 1006 opera,
2419 944 2474 989 ct
2504 935 2841 988 calamitates
2881 946 2981 986 nos
3017 931 3259 986 circum-

1700 1033 2005 1093 venientes,
2041 1026 2256 1084 excelsa
2290 1036 2380 1081 tua
2406 1035 2481 1082 -et
2521 1025 2720 1082 ﬂuctus
2757 1032 2879 1079 tuos
2919 1036 3160 1082 cernam,
3204 1021 3256 1072 in

1699 1124 2024 1202 memetipso
2047 1123 2236 1194 lugeo;
2266 1128 2430 1176 noctu
2463 1135 2595 1175 vero
2638 1120 2767 1173 dum
2807 1117 3040 1172 induciae
3071 1125 3196 1169 sunt
3228 1129 3258 1165 a

1699 1220 2180 1283 conturbantibus,
2211 1215 2618 1273 misericordias
2658 1210 2873 1267 Domini
2925 1222 3139 1264 mecum
3167 1222 3258 1261 re-

1699 1321 1866 1385 puto;
1898 1328 1962 1367 ac
1986 1310 2309 1366 recordatus
2335 1324 2444 1379 quo
2477 1315 2637 1378 pacto
2663 1305 2718 1359 in
2765 1304 2853 1359 die
2888 1301 3108 1356 mandet
3153 1299 3256 1352 mi-

1699 1405 2055 1462 sericordiam
2094 1417 2270 1466 suam,
2305 1415 2404 1472 per
2453 1400 2629 1454 noctis
2675 1397 2847 1452 otium
2889 1395 3104 1449 cantica
3153 1391 3258 1462 ipsi

1665 1543 1669 1546 λ
1698 1495 1994 1565 laudesque
2016 1493 2251 1564 profero.
2273 1491 2651 1559 Quamobrem
2669 1489 2876 1544 dictum
2901 1496 3011 1550 est,
3035 1494 3082 1540 et
3110 1495 3258 1538 nocte

1696 1589 1957 1641 canticum
1977 1587 2095 1655 ejus
2115 1585 2254 1654 apud
2284 1600 2398 1649 me;
2429 1584 2729 1638 secundum
2762 1581 3010 1652 Aquilam
3051 1595 3254 1643 autem,

1696 1691 1743 1737 et
1774 1689 1919 1734 nocte
1950 1679 2212 1732 canticum
2238 1677 2350 1746 ejus
2382 1691 2604 1728 mecum.
2633 1672 2819 1743 Neque
2851 1673 2902 1726 id
2934 1675 3135 1735 solum,
3159 1671 3254 1727 sed

1696 1773 1857 1827 etiam
1888 1772 2061 1825 oratio
2100 1769 2207 1823 Deo
2240 1769 2358 1822 vita:
2390 1783 2536 1821 meat.
2565 1764 2700 1820 Nam
2742 1767 3002 1837 hymnum
3037 1765 3090 1818 in
3121 1781 3250 1835 gra-

1698 1861 2205 1918 tiarumactionem
2245 1875 2404 1924 cano,
2437 1859 2516 1913 sic
2551 1858 2832 1913 institutus
2876 1865 2931 1910 ut
2977 1856 3031 1911 iu
3077 1857 3254 1909 omni-

1699 2063 1818 2102 rum
1850 2061 1946 2116 spe
1996 2043 2200 2114 reﬁcio.
2225 2043 2303 2098 Ac
2337 2051 2562 2113 propter
2591 2057 2684 2098 eas
2718 2043 2916 2112 quibus
2936 2040 3047 2110 jam
3086 2040 3256 2094 inter-

1698 2139 1871 2208 cipior
1897 2151 2189 2200 aerumnas,
2207 2135 2512 2189 orationem
2541 2134 2647 2188 Deo
2670 2135 2790 2188 vita:
2811 2125 2942 2188 mete
2982 2133 3256 2202 persolvo:

1697 2227 1820 2281 novi
1851 2229 1996 2284 enim
2031 2228 2206 2297 ipsum
2229 2240 2350 2281 esse
2363 2227 2638 2283 vitarmea:
2653 2232 2952 2288 auctorem.
2971 2222 3252 2278 l’recando

1699 2329 1876 2374 autem
1899 2319 1978 2374 sic
1999 2333 2121 2373 eum
2138 2317 2423 2386 compello,
2445 2327 2710 2384 susceptor
2727 2332 2902 2380 meus;
2935 2318 3047 2371 sive
3067 2332 3257 2370 secun-

1699 2414 1826 2466 dum
1842 2411 2089 2482 Aquilam
2104 2407 2577 2483 et'Symmachum,
2593 2416 2740 2476 petra
2757 2424 2870 2461 mea
2885 2425 2904 2472 ;
2923 2409 2976 2462 in
2999 2424 3103 2477 qua
3125 2424 3257 2461 con-

1700 2503 1900 2558 sistens
1923 2514 2200 2570 nunquam
2257 2499 2560 2554 subverlar.
2598 2498 2774 2564 Quare
2803 2498 2993 2552 oblitus
3019 2515 3073 2552 es
3109 2499 3257 2554 mei?

1699 2593 1767 2648 At
1780 2591 1918 2645 enim
1939 2605 2036 2660 ego
2050 2593 2130 2646 tui
2146 2590 2470 2648 nonoblitus
2488 2606 2629 2654 sum,
2647 2606 2832 2645 verum
2852 2591 3255 2646 misericordias

1700 2691 1753 2739 et
1785 2683 2163 2738 miserationes
2195 2689 2316 2736 tuas
2343 2681 2492 2745 novi,
2519 2682 2758 2750 itemque
2785 2697 2933 2751 spem
2955 2681 3082 2735 mihi
3102 2697 3258 2750 repo-

1695 2775 1861 2830 sitam
1892 2788 2001 2828 non
2032 2773 2222 2843 ignoro
2249 2789 2263 2826 :
2296 2787 2466 2841 quare
2493 2773 2767 2826 canticum
2798 2786 3010 2840 semper
3034 2773 3254 2826 tuumin

1698 2866 2017 2935 memetipso
2043 2862 2314 2919 custodio.
2330 2861 2412 2916 Tu
2440 2878 2566 2917 vero
2589 2864 2691 2917 mei
2713 2862 2914 2917 oblitus
2931 2878 2990 2917 es
3017 2881 3032 2918 :
3056 2865 3259 2933 quare?

1699 2955 1932 3012 Causam
1971 2954 2216 3011 ediscere
2259 2952 2514 3023 pervelim
2534 2967 2631 3007 cur
2653 2953 2835 3006 omnia
2853 2954 3069 3007 excelsa
3087 2960 3177 3006 tua
3199 2962 3256 3008 et

1700 3045 1898 3103 ﬂuctus
1932 3047 2048 3111 tui,
2086 3045 2343 3100 uidelicet
2393 3045 2725 3099 tentationes
2747 3051 2800 3098 et
2838 3051 3003 3098 tanta:
3040 3045 3276 3099 calami-.

1702 3147 1864 3208 tates,
1897 3146 1948 3194 te
1975 3138 2341 3210 permittente,
2377 3145 2540 3206 Super
2577 3151 2664 3191 me
2701 3136 3034 3209 transierint.
3069 3136 3256 3207 Magna

1703 3232 1970 3304 profecto,
1999 3231 2140 3302 quod
2160 3231 2360 3285 oblitus
2385 3231 2463 3284 sis
2485 3228 2614 3306 mei,
2637 3243 2799 3282 causa
2832 3229 2995 3282 fuerit
3023 3237 3256 3299 oportet.

56 3331 290 3385 τοσαῦται
325 3333 672 3405 περιστάσεις
725 3334 810 3416 ἐπ’
843 3332 943 3402 ἐμὲ
983 3331 1218 3402 διῆλθον,
1259 3329 1352 3383 σοῦ
1410 3326 1833 3398 συγχωροῦντος.
1871 3326 2028 3395 Μέγα
2074 3324 2181 3398 γάρ
2206 3341 2259 3377 τι
2285 3322 2486 3394 ὀφείλει
2508 3321 2792 3391 τυγχάνειν
2844 3320 2904 3374 τὸ
2939 3320 3109 3374 αἴτιον
3160 3320 3259 3393 τῆς

56 3430 168 3496 περὶ
195 3429 328 3504 ἐμοῦ
357 3427 544 3498 λήθης.

117 3503 298 3584 Ᾱέγων
323 3517 383 3570 δὲ
412 3517 586 3571 ταῦτα
614 3519 641 3569 6
675 3517 832 3589 χορὸς
868 3516 942 3588 (1)
961 3518 1312 3588 προφητικὸς,
1347 3517 1604 3570 ἰδιοποιεί-

1778 3513 1914 3570 Cum
1970 3523 2132 3581 porro
2186 3505 2240 3560 id
2294 3504 2370 3558 ait
2393 3504 2742 3575 propheticus
2787 3503 3016 3569 chorus,
3071 3505 3252 3576 populi

60 3624 152 3668 ται,
170 3607 242 3672 ὼς
267 3607 426 3680 ἔφην,
460 3607 557 3678 τὴν
572 3608 664 3662 τοῦ
684 3608 811 3661 λαοῦ
832 3607 1158 3664 κατάστασιν
1177 3624 1190 3637 ·
1211 3609 1306 3679 τὴν
1316 3608 1423 3678 γὰρ
1438 3609 1598 3678 ἐσχά-

57 3715 141 3768 την
166 3701 434 3774 ἀποβολὴν
465 3703 559 3756 καὶ
591 3703 689 3772 τὴν
716 3701 1026 3754 ἀπόπτωσιν
1057 3699 1150 3752 τοῦ
1189 3701 1385 3763 παντὸς
1418 3699 1599 3765 ἔθνους

59 3794 141 3862 τὴν
164 3794 460 3866 γενομένην
491 3795 625 3865 μετὰ
655 3791 752 3864 τὴν
775 3794 852 3856 εἰς
890 3793 979 3845 τὸν
1020 3790 1245 3861 Σωτῆρα
1274 3791 1366 3843 καὶ
1401 3791 1598 3863 Κύριον

60 3885 197 3956 ἡμῶν
227 3871 485 3941 ἀπιστίαν
515 3885 694 3938 αὐτῶν
731 3885 1012 3956 ἐμφαίνειν
1053 3901 1141 3956 μοι
1173 3882 1261 3936 διὰ
1289 3883 1490 3937 τούτων
1519 3884 1601 3936 δο-

176 3980 308 4032 Εῐπε
349 3979 393 4032 δη
425 3979 490 4034 ἂν
529 3976 676 4047 αὐτῷ
703 3972 1036 4050 ἐρωτῆσαί-δτι
1075 3977 1168 4030 καὶ
1201 3977 1385 4044 φάντι·
1423 3977 1522 4029 Διά
1546 3977 1601 4029 τί

57 4088 158 4138 μου
188 4070 516 4134 ἐπελάθου;
545 4069 605 4122 τὸ
640 4073 696 4123 ὲν
739 4068 1050 4139 Εὑαγγελίῳ
1096 4067 1304 4138 λεχθέν·
1339 4066 1600 4133 Ποσάκις

60 4163 311 4232 ἠθέλησα
341 4160 804 4232 ἐπισυναγαγεῖν
829 4160 900 4213 τὰ
931 4160 1110 4214 τέκνα
1140 4175 1278 4223 σου,
1299 4157 1370 4211 ὃν
1383 4160 1602 4226 τρόπον

62 4255 204 4324 ὅρνις
239 4255 611 4323 ὺποσυνὰγει
642 4255 712 4307 τὰ
743 4253 965 4307 νοσσία
1001 4251 1118 4322 ὑπὸ
1156 4254 1260 4318 τὰς
1288 4251 1598 4320 πτέρυγας,
1639 4283 1641 4286 ι

187 4351 296 4403 οὐκ
341 4345 714 4414 ἠθελήσατε;
757 4344 908 4397 Ἐπεὶ
949 4343 1125 4403 τοίνυν
1166 4344 1254 4397 διὰ
1294 4343 1390 4414 τὴν
1424 4341 1601 4395 αὐτῶν

63 4439 235 4492 κακίαν
267 4435 661 4509 ὲπελήσθησαν,
689 4435 909 4498 εἰκότως
950 4437 977 4488 6
1004 4435 1217 4507 109696
1250 4431 1597 4504 προφητικδς,

65 4531 167 4582 ἐπεὶ
191 4531 434 4600 φυσικοῖς
462 4527 636 4596 λόγοις
659 4525 998 4595 πάσχοντος
1013 4526 1149 4592 ἐνὸς
1175 4524 1422 4594 μέλους,
1451 4537 1601 4590 συμ-

65 4621 278 4691 πάσχει¹
309 4618 509 4674 πάντα
533 4618 603 4672 τὰ
626 4617 781 4687 μέλη
807 4657 819 4682 ,
852 4618 928 4682 ὡς
994 4618 1134 4688 ὑπὲρ
1176 4605 1372 4668 οἰκείου
1417 4612 1598 4677 σώμα-

67 4731 142 4778 τος
184 4714 360 4784 ἀλγῶν
412 4711 651 4778 ἐπιλέγει
703 4711 841 4764 κατὰ
897 4710 986 4762 τὸν
1031 4708 1352 4778 Σύμμαχον·
1386 4705 1509 4756 Ἵνα
1543 4702 1600 4755 τι

68 4808 399 4877 σκυθρωπὸς
453 4800 781 4873 περιπατῶ,
837 4802 1143 4865 θλίϐοντος
1193 4795 1438 4866 ἐχθροῦ;
1501 4794 1598 4847 καὶ

67 4898 135 4962 ὡς
159 4898 399 4969 σφαγὴν
431 4895 551 4952 τῶν
578 4891 770 4947 ὀστῶν
800 4910 916 4960 μου
952 4887 1243 4950 ὠνείδιζον
1272 4891 1324 4942 οι
1346 4885 1602 4940 ἐναντίοι
1634 4878 1675 4930 Ι)

69 5006 196 5055 μου·
227 4990 400 5059 ἢ,Ἐν
423 4987 505 5054 τῷ
528 4981 930 5040 καταθλᾶσοαι
961 4981 1034 5035 τὰ
1072 4979 1218 5034 ὀστᾶ,
1241 4995 1357 5048 μου
1385 4975 1605 5029 ὠνείδι-

75 5080 158 5139 (air
175 5100 248 5151 με
273 5088 327 5138 οἱ
363 5075 669 5143 θλίϐοντές
701 5091 794 5146 με.
830 5073 949 5126 Τῶν
974 5073 1081 5144 γὰρ
1111 5071 1309 5125 ὀστέων
1340 5067 1446 5122 τῶν
1476 5084 1607 5138 προ-

76 5174 296 5242 cnnva
346 5172 436 5227 διὰ
471 5162 568 5224 τοῦ
626 5164 899 5236 κλαυθμοῦ
947 5165 1041 5217 καὶ
1083 5163 1189 5217 τῶν
1230 5159 1475 5231 ὀδυρμῶν
1509 5177 1605 5212 κα-

76 5264 430 5337 ταθλωμένων,
467 5264 711 5318 τουτέστι
741 5259 846 5314 τῶν
873 5258 970 5327 τῆς
1011 5255 1188 5326 ψυχῆς
1227 5254 1522 5322 δυνάμεων,
1557 5253 1605 5304 οἱ

77 5359 125 5409 ὲν
148 5357 216 5429 τῷ
234 5357 344 5428 λαῷ
376 5357 559 5427 ἐχθροὶ
589 5355 681 5409 τοῦ
702 5350 855 5415 Θεοῦ,
873 5349 949 5412 ὡς
971 5347 1191 5418 μηδενὸς
1222 5343 1604 5412 ἐπαμύνοντος,

81 5450 402 5502 ἐπανέϐαινον
432 5445 777 5509 ὀνειδίζοντες
808 5441 897 5494 καὶ
923 5438 1167 5504 λέγοντες
1187 5453 1200 5466 ο
1225 5432 1347 5488 Ποῦ
1374 5432 1542 5486 ἐστιν
1572 5436 1606 5486 ὁ

82 5545 206 5610 Θεός
231 5557 341 5594 O’rt:
365 5559 373 5565 '
577 5524 581 5528 ι

426 5650 715 5707 ΨΑΛΜΟΣ
751 5650 837 5702 ΤΩ
874 5643 1067 5699 ΔΑΥΙΔ
1097 5641 1228 5695 MB'.

153 5751 525 5822 ’Ᾱνεπίγραφος
563 5745 692 5816 παρ’
741 5740 1008 5818 Ἑϐραίοις
1041 5737 1070 5787 6
1097 5731 1335 5803 ψαλμὸς·
1373 5728 1450 5782 διὸ
1490 5729 1608 5782 οὐδὲ

142 5848 182 5876 ⁸⁵
218 5847 381 5903 Exod.
411 5859 592 5907 sunt,
627 5840 681 5894 6.

1707 3615 1931 3669 statum,
1957 3603 2034 3656 uti
2055 3600 2187 3662 dixi,
2220 3597 2376 3668 quasi
2411 3596 2690 3666 proprium
2720 3596 2824 3652 sibi
2862 3597 3108 3662 ascribit,
3143 3598 3258 3654 his-

1705 3711 1810 3767 que
1857 3698 2185 3764 postremam
2213 3687 2597 3756 abjectionem
2633 3726 2648 3750 ,
2697 3702 2761 3741 ac
2807 3688 3025 3754 ruinam
3087 3691 3257 3748 totius

1706 3787 1902 3859 gentis,
1934 3797 2056 3853 quae
2078 3787 2197 3851 post
2225 3793 2413 3833 eorum
2442 3794 2569 3848 erga
2613 3776 2946 3834 Salvatorem
2980 3788 3033 3834 et
3067 3779 3254 3835 Domi—

1705 3893 1833 3935 num
1863 3884 2110 3932 nostrum
2141 3871 2574 3927 incredulitatem
2606 3872 2822 3937 accidit,
2849 3873 3091 3929 indicare
3122 3876 3256 3930 mihi

1707 3971 1936 4026 videtur.
1965 3967 2043 4020 llli
2069 3980 2198 4020 vero
2231 3963 2393 4019 modo
2422 3963 2775 4032 interroganti
2800 3965 3255 4034 accompellanti,

1708 4063 1883 4130 Quare
1930 4057 2121 4115 oblitus
2156 4073 2209 4112 es
2259 4056 2398 4110 mei?
2447 4052 2679 4109 fortasse
2719 4057 2850 4111 illud
2890 4059 3257 4128 evangelicum

1704 4155 1910 4208 dictum
1934 4159 2156 4222 reponat
2181 4168 2192 4202 :
2219 4148 2435 4215 Quoties
2455 4146 2597 4198 volui
2624 4161 2935 4216 congregare
2948 4147 3086 4215 ﬁlios
3111 4157 3250 4209 tuos,

1706 4243 2142 4314 quemadmodum
2184 4241 2386 4313 gallina
2423 4237 2910 4308 congregat‘pullos
2977 4253 3100 4292 suos
3153 4239 3252 4290 sub

1707 4335 1844 4400 alas,
1863 4343 1911 4390 et
1931 4334 2173 4388 noluistis
2184 4333 2261 4386 “1'
2275 4329 2713 4411 Quandoquidem
2731 4327 2888 4396 igitur
2905 4327 3122 4381 malitia:
3137 4343 3251 4382 sua:

1706 4441 1873 4482 causa
1906 4426 1961 4480 in
1991 4425 2314 4480 oblivionem
2345 4425 2623 4480 venerunt,
2650 4416 2772 4485 jure
2793 4416 2992 4471 chorus
3014 4419 3250 4492 prophe-

1709 4521 1871 4584 ticus,
1903 4519 2030 4588 quia
2058 4533 2140 4580 ex,
2160 4512 2392 4570 naturali
2450 4511 2661 4565 ratione
2698 4505 2923 4577 patiente
2954 4525 3056 4563 uno
3089 4495 3253 4566 mein-

1708 4611 1824 4675 bro,
1857 4609 2248 4678 compatiuntur
2271 4603 2444 4658 omnia
2479 4599 2707 4654 membra
2725 4600 2791 4668 ⁴⁵⁷,
2821 4602 2974 4671 quasi
2997 4595 3095 4672 pro
3133 4619 3255 4661 cor,

1704 4719 1837 4774 pore
1863 4702 2082 4772 preprio
2109 4688 2296 4766 lugens
2336 4693 2641 4768 subjungit,
2673 4693 2969 4772 secundum
3003 4694 3252 4764 Symma-

1707 4795 1867 4848 chum
1913 4810 1926 4845 :
1971 4791 2145 4855 Quare
2188 4787 2359 4839 tristis
2399 4783 2602 4851 incedo,
2638 4785 2886 4855 aﬂligente
2925 4785 3169 4847 inimico;
3203 4796 3253 4838 et

1704 4870 1856 4956 quasi
1888 4881 2200 4935 occisionem
2247 4893 2337 4946 per
2380 4891 2502 4932 ossa
2543 4893 2658 4930 mea
2689 4874 3075 4945 exprobrabant
3123 4876 3250 4928 mihi

1709 4974 1998 5034 adversarii
2027 4973 2156 5035 mei;
2180 4971 2304 5026 sive
2329 4990 2340 5024 :
2365 4971 2502 5024 Dum
2540 4970 2938 5039 confringantur
2971 4983 3089 5021 ossa
3137 4985 3251 5022 mea

1704 5065 2082 5138 exprobrabant
2109 5079 2190 5116 me
2211 5064 2302 5132 qui
2330 5062 2583 5116 tribulam
2619 5077 2719 5114 me.
2752 5059 2882 5112 Nam
2917 5059 3250 5129 propheticis

1706 5158 1956 5221 ossibus,
1997 5154 2053 5208 id
2086 5162 2168 5210 est
2223 5153 2414 5207 animae
2451 5151 2821 5211 facultatibus,
2864 5163 2958 5218 per
3005 5146 3158 5202 ﬂetus
3199 5159 3252 5202 et

1704 5256 1971 5322 lacrymas
2023 5245 2348 5306 contractis.
2403 5243 2592 5313 quiin
2649 5241 2850 5311 pepulo
2905 5241 3110 5294 inimici
3158 5238 3251 5294 Dei

1708 5349 1880 5403 erant,
1902 5339 2056 5410 quasi
2086 5336 2383 5407 opitulante
2419 5333 2659 5400 nemine,
2677 5333 3030 5404 insurgebaut
3058 5347 3252 5400 expro-

1707 5436 1929 5490 brantes
1953 5444 2016 5484 ac
2043 5427 2306 5490 dicentes,
2343 5419 2442 5475 Ubi
2465 5431 2542 5476 est
2575 5418 2718 5476 Deus
2747 5424 2904 5476 tuus?

2030 5628 2080 5684 1.
2119 5618 2436 5680 PSALMUS
2471 5616 2740 5674 DAVIDIS
2778 5615 2932 5670 XLII.

1703 5719 1711 5727 “
1783 5721 2030 5778 Psalmus
2074 5720 2162 5776 hic
2199 5715 2340 5788 apud
2385 5712 2639 5770 llebneos
2680 5709 3038 5784 inscriptione
3070 5715 3252 5775 caret;

791 5807 849 5869 ἰδ’
875 5815 1061 5888 Matth.
1097 5845 1257 5894 xxiii,
1293 5825 1378 5878 57.
1439 5824 1497 5886 λ⁴⁷
1538 5807 1710 5878 lCor.
1749 5836 1852 5885 xu,
1889 5820 1979 5873 26.
2036 5834 2043 5842 '

142 5937 212 6003 tl)
233 5937 571 5995 Desideratur
594 5936 642 6004 ὁ,
664 5940 720 5987 ιιι
747 5932 816 5989 sit
853 5933 880 5984 ὁ
907 5943 1087 6001 apo-9.,
1122 5934 1178 5979 ut
1201 5921 1359 5994 paulo
1390 5916 1551 5998 inira.
1579 5916 1735 5978 Eon.
