3958 6340
691 392 798 448 579

1409 393 1676 449 EUSEBII
1703 393 2175 450 CAESARIENSIS
2211 391 2363 448 OPP.
2389 389 2566 445 PARS
2603 389 2687 445 III.
2729 421 2800 431 —
2836 387 3242 446 EXEGETICA.
3784 397 3868 451 380

693 526 862 581 quare
889 524 1065 579 neque
1095 510 1240 579 apud
1271 510 1510 581 reliquos
1535 512 1861 580 interpretes
1901 510 2116 562 titulum
2151 509 2244 563 ha-

2353 525 2425 559 πα
2433 506 2499 578 ρά
2527 510 2635 570 τοῖς
2659 506 2864 570 λοιποῖς
2887 508 3242 577 ἐρμηνευταῖς
3264 509 3570 582 ἐπιγραφὴν
3591 511 3714 582 ἔχει.
3739 515 3868 570 Ἀλλά

693 606 800 658 bet.
836 600 940 658 Sed
973 604 1098 672 quia
1121 601 1481 674 prmdentis
1509 618 1634 670 pars
1670 601 1878 656 videtur
1918 615 2057 663 esse,
2097 601 2244 671 quod

696 695 880 761 utique
917 707 1042 746 cum
1071 709 1135 747 ex
1169 693 1438 747 similibus
1476 693 1728 760 utrinque
1765 692 1977 756 verbis,
2022 703 2138 745 tum
2176 708 2244 746 ex

693 783 834 836 afﬁni
857 786 1126 838 sententia
1148 791 1642 850 commonstratur;
1675 784 1795 837 dico
1815 797 1945 838 sane
1975 783 2138 836 etiam
2161 783 2243 836 in-

692 880 1102 948 praesentiarum
1141 880 1366 934 chorum
1412 880 1786 949 propheticum
1832 881 1944 933 haec
1989 892 2245 933 enarrare

690 971 838 1022 circa
871 968 1150 1038 populum,
1183 977 1368 1037 utpote
1408 968 1682 1036 abjectum
1718 965 2087 1034 traditumque
2116 977 2245 1033 gen-

689 1061 840 1114 tibus
887 1059 1304 1129 hominibusque
1345 1060 1965 1129 improbis,.rogantem
2003 1069 2067 1109 ac
2122 1069 2245 1106 cum

692 1149 945 1218 precibus
985 1151 1340 1217 postulantem
1397 1156 1454 1201 ut
1501 1150 1636 1201 ultio
1676 1155 1940 1208 sumatur,
1968 1152 2022 1198 et
2057 1144 2173 1214 ipse
2217 1158 2247 1197 e

689 1238 944 1291 manibus
983 1239 1322 1291 inimicorum
1368 1243 1610 1290 eruatur.
1645 1233 2118 1300 Quemadmodum
2148 1247 2246 1285 au-

690 1335 824 1391 tem,
857 1318 1052 1381 alllicto
1077 1329 1293 1397 populo,
1325 1327 1461 1395 justi
1492 1340 1708 1396 quoque
1737 1325 1837 1378 viri
1882 1339 1987 1377 una
2016 1325 2234 1393 patiun-

691 1430 782 1474 tur
807 1436 870 1474 ac
900 1422 1084 1477 dolore
1129 1423 1199 1475 ob
1227 1436 1563 1476 communem
1598 1421 1964 1474 calamitatem
1997 1417 2238 1471 afﬁciun-

691 1518 810 1576 tur;
841 1511 913 1565 ita
950 1513 1324 1582 religiosorum
1378 1513 1655 1566 hominum
1708 1511 1952 1580 probitas
1993 1509 2246 1563 multitu-

690 1603 804 1656 dini
833 1619 1045 1673 quoque
1072 1612 1215 1659 recte
1245 1604 1509 1658 factorum
1530 1604 1960 1659 communionem
1984 1602 2247 1668 fructum-

690 1707 796 1760 que
837 1695 996 1763 parit.
1037 1693 1395 1760 Quamobrem
1439 1695 1517 1747 illi
1571 1708 1841 1747 azrumnas
1881 1693 2064 1761 populi
2097 1692 2151 1744 in
2183 1706 2242 1745 se

689 1785 1031 1854 recipientes,
1090 1801 1277 1855 preces
1343 1802 1443 1854 pro
1495 1783 1847 1837 multitudine
1905 1783 2242 1846 fundebant,

2333 600 2440 653 -καὶ
2469 600 2548 651 ὅτι
2581 599 2741 668 μέρος
2772 598 2944 650 ἔοικεν
2977 593 3111 650 εἶναι
3151 598 3246 650 τοῦ
3271 600 3377 670 πρὸ
3403 601 3588 664 αὐτοῦ,
3616 603 3867 674 δεδήλωται

2345 690 2408 744 ἐκ
2435 707 2491 743 τε
2533 689 2639 743 τῶν
2667 690 2864 760 ὁμοίων
2906 691 2963 741 ἐν
2992 689 3317 759 ἀμφοτέροις
3359 689 3531 757 λόγων
3577 694 3668 745 καὶ
3707 697 3764 746 ἐκ
3793 699 3870 767 τῆς

2345 781 2613 853 ἐμφεροῦς
2639 781 2894 844 διανοίας.
2911 780 3055 850 Φημὶ
3079 769 3254 833 τοίνυν
3278 782 3370 834 καὶ
3402 783 3493 833 ἐπὶ
3521 783 3615 834 τοῦ
3640 786 3871 854 παρόντος

2345 876 2433 928 τὸν
2473 875 2632 945 χορὸν
2677 874 2765 926 τὸν
2811 874 3142 945 προφητικὸν
3176 875 3243 928 τὰ
3286 876 3619 946 προκείμενα
3650 877 3872 941 διεξιέναι

2348 966 2485 1036 ὑπὲρ
2521 963 2612 1017 τοῦ
2658 964 2784 1019 λαοῦ
2810 1004 2824 1026 ,
2859 966 2932 1029 ὡς
2993 966 3310 1035 ἀπωσμένου
3370 969 3461 1020 καὶ
3515 969 3874 1039 παραδοθέντος

2347 1053 2518 1107 ἔθνεσι
2571 1054 2664 1106 καὶ
2715 1054 3019 1126 ἀνθρώποις
3071 1059 3359 1126 πονηροῖς,
3401 1057 3654 1127 δεομένου
3695 1059 3746 1111 δὲ
3778 1061 3875 1113 ’καὶ

2345 1142 2738 1206 ἀντιϐολοῦντος
2785 1144 3024 1206 ἐκδικίας
3071 1148 3287 1214 τυχεῖν,
3351 1147 3445 1198 καὶ
3496 1147 3746 1217 ρυσθῆναι
3785 1147 3878 1202 τῶν

2345 1235 2539 1306 χειρῶν
2573 1236 2678 1289 τῶν
2730 1236 3019 1306 πολεμίων.
3050 1237 3258 1306 Ὥσπερ
3285 1237 3342 1289 δὲ
3386 1237 3474 1289 διὰ
3519 1239 3616 1308 τὴν
3641 1240 3728 1292 τοῦ
3765 1240 3890 1293 λαοῦ,

2345 1325 2584 1380 κάκωσιν
2615 1326 2890 1378 συνέϐαινε
2934 1326 3044 1388 τοῖς
3085 1325 3537 1394 δικαιοπραγοῦσι
3563 1330 3882 1399 συμπάσχειν

2347 1419 2438 1470 καὶ
2467 1417 2766 1486 συναλγεῖν,
2792 1417 2885 1469 καὶ
2923 1415 3372 1482 συνδιατίθεσθαι,
3407 1418 3498 1471 τὸν
3529 1419 3688 1471 αὐτὸν
3708 1421 3883 1490 τρόπον

2346 1508 2437 1560 καὶ
2471 1510 2502 1577 ἡ
2539 1507 2644 1560 τῶν
2668 1505 2925 1576 θεοφιλῶν
2962 1507 3168 1578 ἀνδρῶν
3212 1507 3594 1580 δικαιοπραγία
3629 1513 3885 1564 κοινωνίαν

2345 1601 2438 1653 καὶ
2473 1599 2751 1670 μετάδοσιν
2779 1598 2998 1667 ἀγαθῶν
3031 1599 3274 1670 παρέχει.
3308 1601 3399 1653 Διὸ
3428 1600 3512 1670 δὴ,
3544 1602 3612 1655 τὰ
3639 1603 3776 1674 πάθη
3801 1604 3885 1656 τοῦ

2347 1689 2472 1744 λαοῦ
2506 1692 2583 1752 είς
2626 1689 2847 1751 ἐαυτοὺς
2885 1689 3386 1759 ἀναλαμϐάνοντες,
3425 1692 3588 1762 εὐχάς
3632 1695 3768 1764 ὑπὲρ
3802 1693 3886 1745 τοῦ

2347 1778 2584 1849 πλήθους
2630 1777 2941 1840 ἐποιοῦντο,
2992 1780 3175 1849 κοινήν
3219 1795 3279 1832 τε
3337 1780 3614 1851 ίκετηρίαν
3657 1782 3734 1853 τῷ
3781 1783 3890 1853 Θεῴ

689 1891 1140 1947 communemque
1199 1879 1649 1947 supplicationem
1735 1877 1845 1931 Deo
1903 1877 2240 1931 emittebant.

2346 1868 2671 1937 ἀνέπεμπον.
2691 1867 2927 1929 Εἰκότως
2959 1862 3062 1920 οὗν
3087 1867 3165 1931 ὡς
3186 1866 3246 1933 ἐξ
3272 1868 3389 1931 ἐνὸς
3421 1871 3684 1941 στόματος
3704 1873 3890 1936 ταύτας

686 1965 817 2021 lure
836 1968 1018 2037 itaque
1043 1981 1141 2021 ceu
1172 1982 1282 2021 uno
1310 1983 1404 2021 ore
1433 1969 1530 2022 has
1559 1967 1904 2037 proferebant
1936 1982 2119 2022 voces.

761 2075 924 2130 Vens.
976 2077 1030 2130 2.
1069 2076 1261 2130 Judica
1294 2095 1391 2142 me,
1437 2077 1596 2140 Deus,
1637 2090 1685 2133 et
1744 2080 1978 2133 discerne
2027 2097 2242 2133 causam

690 2181 859 2218 meam
881 2164 944 2218 de
965 2176 1110 2235 gente
1139 2184 1240 2220 non
1270 2177 1476 2226 sancta,
1516 2168 1578 2219 ab
1613 2171 1818 2222 homine
1847 2171 2026 2240 iniquo
2057 2178 2107 2222 et
2147 2168 2242 2221 do-

687 2256 801 2310 loso
833 2272 953 2308 erue
979 2273 1075 2310 me.
1112 2256 1253 2322 Quia
1292 2267 1347 2310 tu
1375 2273 1428 2310 es
1470 2256 1611 2310 Deus
1636 2259 1888 2324 fortitudo
1919 2275 2053 2324 mea,
2082 2273 2242 2328 quare
2274 2267 2280 2270 ’

688 2365 769 2400 me
810 2349 1082 2417 repulisti.’
1113 2348 1287 2412 Quare
1335 2349 1504 2402 tristis
1547 2349 1726 2400 incedo
1775 2348 1899 2402 dum
1933 2350 2114 2419 aﬁiigit
2163 2365 2243 2402 me

689 2440 929 2493 inimicus
951 2441 974 2494 2
999 2437 1204 2492 Dixerit
1245 2438 1518 2507 quispiam
1551 2439 1663 2493 hazc
1695 2438 1940 2508 proferre
1971 2455 2139 2493 unum
2165 2441 2242 2492 al-

689 2540 935 2583 terumve
964 2528 1056 2597 Qui
1082 2529 1138 2581 in
1168 2529 1423 2583 universo
1457 2532 1656 2600 populo
1683 2529 1912 2585 Judaico
1938 2529 2121 2600 justus
2157 2546 2243 2585 re-

690 2624 880 2686 pertus
931 2624 1031 2670 est.
1088 2616 1207 2684 Ipse
1251 2618 1414 2686 igitur
1462 2621 1578 2675 sive
1627 2636 1768 2674 unus
1818 2622 1932 2675 slve
1986 2635 2241 2691 perrarus

693 2707 873 2771 homo,
908 2707 1083 2776 qualis
1105 2714 1222 2762 erat
1249 2705 1511 2765 Jeremias
1555 2721 1648 2765 aut
1675 2712 1901 2782 quilibet
1942 2711 2044 2781 ipsi
2083 2711 2240 2766 simi-

691 2797 778 2864 lis,
812 2797 884 2852 ita
912 2796 1036 2852 ﬂeat
1087 2806 1142 2854 et
1173 2799 1488 2871 hujusmodi
1520 2817 1680 2858 voces
1716 2804 1948 2866 emittat,
1975 2817 2173 2872 rogans
2210 2816 2240 2854 a

689 2895 848 2959 gente
878 2904 986 2943 non
1016 2899 1204 2945 sancta
1235 2891 1478 2955 liberari,
1511 2893 1714 2961 quibus
1740 2891 1968 2946 indicari
1991 2893 2242 2946 videntur

688 2983 783 3052 qui
810 2997 875 3037 ex
902 2982 1314 3038 circumcisione
1342 2989 1527 3050 erant;
1551 2989 1605 3038 et
1637 3000 1667 3038 a
1704 2984 1822 3037 viro
1850 2985 2112 3052 iniquo-et
2141 2983 2247 3059 do-_

689 3073 828 3134 lose,
859 3079 918 3126 ut
941 3087 1217 3141 nunquam
1253 3066 1369 3141 ipse
1398 3081 1490 3126 aut
1519 3073 1738 3142 iniquus
1761 3079 1851 3126 aut
1872 3073 2094 3128 dolosus
2116 3087 2240 3128 eva-

689 3165 802 3217 dat.
838 3161 1008 3232 Roget
1050 3173 1228 3218 autem
1271 3162 1435 3218 Deum
1486 3163 1572 3219 his
1620 3165 1799 3218 verbis
1830 3183 1843 3218 :
1872 3163 1951 3218 Tu
2002 3180 2060 3218 es
2100 3161 2240 3218 Deus

2349 1960 2576 2028 ἠφίεσαν
2602 1957 2701 2022 τὰς
2731 1958 2931 2028 φωνάς.

2415 2072 2633 2140 Κρῒνόν
2653 2088 2748 2139 με,
2784 2073 2816 2123 ὀ
2845 2070 3005 2137 Θεὸς,
3036 2071 3134 2125 καί
3166 2071 3419 2126 δίκασον
3442 2073 3557 2142 τὴν
3579 2074 3756 2144 δίκην
3783 2083 3894 2145 μου

2346 2166 2413 2229 ἐξ
2444 2165 2654 2229 ἔθνους
2681 2164 2793 2230 οὐχ
2823 2163 2995 2216 ὁσίου
3015 2181 3028 2193 ·
3062 2163 3181 2218 ἀπὸ
3216 2163 3528 2232 ἀνθρώπου
3559 2165 3764 2222 δολίου
3802 2169 3895 2220 καί

2346 2254 2556 2308 ἀδίκου
2578 2254 2766 2321 ῥῦσαί
2789 2270 2884 2322 με.
2913 2254 3040 2307 Ὅτι
3063 2255 3143 2307 σὺ
3169 2257 3202 2308 ό
3237 2255 3380 2321 Θεὸς
3403 2259 3738 2326 κραταιωμά
3761 2276 3896 2327 μου,

2347 2348 2446 2398 ἵνα
2467 2345 2525 2398 τι
2554 2345 2773 2400 ἀπώσω
2789 2363 2896 2414 με;
2923 2346 3022 2399 ἵνα
3049 2347 3106 2399 τι
3130 2345 3564 2414 σκυθρωπάζων
3581 2351 3899 2418 πορεύομαι

2346 2438 2416 2491 ὲν
2467 2437 2548 2502 τῷ
2596 2438 2874 2507 ἐκθλίψαι
2923 2439 3176 2507 ἐχθρόν;
3221 2438 3378 2503 Εἴποι
3409 2438 3454 2490 δ’
3505 2439 3570 2494 ἄν
3610 2457 3692 2502 τις
3735 2439 3901 2492 ταῦτα

2347 2527 2524 2597 λέγειν
2567 2529 2664 2584 ἕνα
2707 2547 2809 2582 που
2841 2529 2943 2582 καὶ·
2967 2529 3214 2600 δεύτερον
3255 2530 3312 2584 ἐν
3355 2530 3461 2598 ὅλῳ
3511 2528 3590 2600 τῷ
3621 2528 3761 2582 ἔθνει
3795 2529 3902 2581 τῶν

2360 2621 2643 2686 Ἰουδαίων,
2678 2621 2978 2693 εὑρημένον
3007 2621 3232 2674 δίκαιον.
3279 2620 3452 2684 Αὐτὸς
3501 2617 3594 2674 οὖν
3621 2622 3650 2673 6
3696 2614 3774 2684 εἷς
3813 2621 3903 2672 καὶ

2350 2713 2588 2778 σπάνιος,
2626 2708 2736 2766 οἷον
2787 2713 3052 2784 Ἱερεμίας
3087 2715 3123 2784 ἦ
3172 2731 3252 2776 τις
3295 2713 3482 2783 ἕτερος
3524 2714 3707 2783 ὅμοιος
3738 2712 3902 2782 αὐτῷ,

2346 2804 2740 2863 ἀποκλαιέσθω,
2775 2804 2866 2857 καὶ
2920 2803 3122 2869 ταύτας
3163 2804 3529 2874 ἀναπεμπέτω
3575 2803 3673 2866 τάς
3705 2805 3902 2874 φωνάς,

2349 2892 2602 2945 ἱκετεύων
2645 2891 2902 2963 ρυσθῆναι
2953 2893 3013 2957 ἐξ
3058 2894 3270 2946 ἀνοσίου
3313 2893 3526 2956 ἔθνους·
3572 2892 3812 2963 δηλούτω
3853 2892 3906 2945 δὲ

2346 2981 2540 3043 αὐτοὺς
2563 2981 2690 3044 τοὺς
2725 2983 2788 3032 ὲκ
2823 2981 3142 3052 περιτομῆς,
3162 2983 3258 3034 καὶ
3290 2981 3398 3033 ἀπὸ
3418 2979 3703 3051 ἀνθρώπου
3725 2980 3905 3033 ἀδίκου

2347 3072 2440 3124 καὶ
2458 3071 2651 3134 δολίου,
2682 3071 2756 3134 ὡς
2777 3070 2843 3124 ἀν
2867 3073 3072 3142 μήποτε
3094 3073 3186 3124 καὶ
3212 3071 3370 3133 αὐτὸς
3391 3071 3596 3137 γένοιτο
3617 3071 3799 3132 ἄδικος
3821 3073 3909 3122 καὶ
3955 3123 3958 3136 ,

2346 3162 2536 3226 δόλιος.
2559 3163 2951 3234 Παρακαλείτω
2987 3163 3044 3216 δὲ
3071 3162 3161 3216 τὸν
3182 3162 3310 3216 Θεὸν
3334 3161 3506 3230 λέγων
3527 3179 3539 3191 σ
3570 3162 3640 3215 Σὺ
3669 3159 3718 3214 εἴ
3733 3165 3762 3215 6
3782 3164 3909 3223 856;

690 3251 953 3306 fortitudo
976 3266 1115 3315 mea,
1148 3268 1316 3322 quare
1340 3269 1426 3307 me
1459 3254 1728 3322 repulisti,
1765 3271 1849 3309 me
1875 3256 1928 3308 in
1955 3254 2132 3309 medio
2169 3262 2244 3307 ta-

2347 3253 2669 3325 κραταίωμά
2697 3271 2796 3324 μου
2817 3271 2828 3283 ·
2867 3254 2956 3306 ἴνα
2973 3249 3038 3305 ’τί
3065 3271 3130 3324 με
3155 3251 3379 3315 ἀπώσω,
3406 3252 3718 3306 καταλιπών
3755 3271 3820 3322 με
3858 3255 3910 3303 ἐν

689 3343 760 3397 lis
791 3342 972 3412 pepuli
1004 3341 1356 3411 relinquens?
1407 3340 1532 3397 Haec
1564 3359 1723 3412 porro
1757 3343 1921 3398 Heliae
1966 3344 2240 3412 propheta:

689 3441 1016 3501 congruunt,
1058 3433 1147 3501 qui
1178 3430 1405 3484 Domino
1431 3435 1744 3502 supplicans
1770 3442 1955 3488 contra
1984 3434 2240 3503 populum

603 3531 606 3534 ’
689 3524 766 3576 ila
798 3523 937 3578 fatur
965 3543 976 3578 :
1002 3523 1238 3583 Domine,
1272 3526 1549 3594 prophetas
1583 3535 1696 3578 tuos
1727 3525 2114 3593 interfecerunt,
2161 3526 2244 3578 at-

694 3616 832 3670 taria
869 3628 960 3670 tua
1007 3617 1364 3671 subuerterant
1387 3633 1404 3670 :
1427 3629 1475 3672 et
1508 3634 1599 3687 ego
1646 3617 1868 3670 relictus,
1906 3617 2072 3680 solus,
2099 3633 2243 3687 qure-

691 3716 912 3775 runtque
951 3707 1117 3774 ipsam
1156 3708 1386 3761 animam
1423 3708 1601 3761 tollere
1628 3707 1690 3760 ⁸⁸.
1727 3706 2019 3777 Pcrspicue
2063 3717 2246 3762 autem

632 3784 634 3786 V
691 3801 849 3852 docet
878 3795 1140 3852 Jeremias
1162 3799 1421 3854 defecisse
1450 3815 1664 3855 omnem
1693 3799 1895 3868 justum
1928 3801 1993 3854 de
2022 3802 2240 3870 populo,

692 3890 882 3944 dicens
921 3888 1188 3943 :Circtt'ite
1236 3893 1287 3943 in
1334 3891 1479 3946 biviis
1526 3890 1825 3944 Jerusalem
1868 3900 1917 3944 et
1959 3893 2013 3944 in
2059 3893 2244 3959 plateis

687 3983 827 4052 eius,
858 3991 907 4036 et
947 3981 1108 4035 videte
1137 3983 1182 4035 si
1207 3992 1281 4036 est
1324 3985 1412 4051 qui
1455 3984 1738 4053 intelligat,
1775 3992 1824 4035 et
1860 3985 2118 4051 propitius
2156 4000 2244 4037 ero

690 4076 765 4129 eis
789 4075 851 4127 δ’.
883 4072 1081 4127 Deinde
1103 4072 1227 4143 quia
1253 4072 1543 4126 multitudo
1567 4073 1934 4142 improborum
1963 4074 2244 4128 hominum

689 4165 894 4236 justum
927 4167 1102 4234 ipsum
1142 4163 1439 4234 premebat,
1488 4178 1548 4218 se
1578 4164 1679 4217 hac
1727 4164 1796 4216 de
1833 4180 1997 4219 causa
2033 4168 2244 4220 tristem

692 4270 814 4309 esse
851 4249 1288 4319 dicebatzQuare
1319 4254 1659 4307 contristatus
1687 4253 1887 4318 incedo,
1910 4254 2034 4307 dum
2067 4257 2246 4326 aﬁligit

693 4361 774 4398 me
815 4346 1099 4399 inimicus?
1136 4344 1202 4396 Et
1253 4345 1490 4412 alioquin
1541 4357 1661 4396 cum
1712 4354 1896 4413 gentes
1940 4353 1992 4399 et
2042 4346 2247 4401 inimici

691 4439 1051 4492 calamitatem
1082 4435 1366 4500 inferrent,
1399 4430 1558 4504 atque
1597 4435 1800 4504 populo
1830 4433 2057 4490 Iudaico
2095 4453 2248 4505 supe-

693 4531 866 4582 riores
899 4527 1219 4591 evasissent,
1252 4527 1334 4580 vir
1375 4527 1462 4579 ille
1506 4525 1613 4579 Deo
1653 4526 1903 4580 addictus
1935 4526 2116 4580 animo
2150 4527 2247 4580 do-

2345 3347 2491 3416 μέσῳ
2510 3345 2745 3398 τοιούτου
2767 3344 2896 3396 λαοῦ
2916 3344 3183 3416 ;”Ηρμοζε
3206 3345 3260 3398 δέ
3284 3343 3352 3396 τὰ
3372 3343 3698 3414 προκείμενα
3723 3345 3818 3396 καὶ
3839 3343 3910 3410 τῷ

2343 3440 2595 3512 προφήτῃ
2629 3438 2807 3508 Ἠλίᾳ,
2834 3437 2892 3500 ὃς
2932 3436 3113 3504 ἐλεγεν
3139 3437 3586 3505 κατεντυγχάνων
3619 3434 3711 3487 τοῦ
3745 3434 3874 3486 λαοῦ
3896 3450 3908 3462 ·

2341 3532 2548 3597 Κύριε,
2590 3530 2732 3596 τοὺς
2772 3530 3084 3599 προφήτας
3125 3545 3241 3582 σου
3282 3528 3660 3591 ἀπέκτειναν,
3693 3527 3794 3580 καὶ
3846 3526 3913 3577 τὰ

2343 3620 2738 3688 θυσιαστήριά
2768 3637 2882 3674 σου
2911 3622 3321 3687 κατέσκαψαν,
3353 3617 3515 3687 κάγὼ
3539 3619 3912 3685 ὑπελείφθην

2337 3713 2555 3778 μόνος,
2591 3711 2687 3764 καὶ
2732 3708 2970 3778 ζητοῦσι
3022 3708 3137 3776 τὴν
3176 3707 3388 3776 ψυχὴν
3432 3707 3640 3760 λαϐεῖν
3693 3706 3908 3770 αὑτήν.

2345 3803 2536 3870 Σαφῶς
2562 3802 2618 3854 δὲ
2642 3802 2877 3854 διδάσκει
2911 3800 3178 3872 Ἱερεμίας
3201 3798 3573 3851 ἐκλελοιπέναι
3623 3798 3803 3850 πάντα
3839 3797 3912 3848 δί-

2345 3911 2494 3946 καιον
2537 3895 2599 3945 ἐκ
2636 3892 2728 3945 τοῦ
2773 3891 2936 3955 λαοῦ,
2982 3891 3189 3959 λέγων·
3241 3887 3632 3958 Περιδράμετε
3664 3889 3734 3939 ἐν
3788 3887 3912 3951 ταῖς

2345 3981 2628 4051 ἀμφόδοις
2685 3981 3101 4050 Ἰερουσαλὴμ,
3153 3979 3248 4034 καί
3307 3979 3377 4031 ἐν
3421 3978 3551 4044 ταῖς
3605 3978 3912 4040 πλατείαις

2344 4073 2552 4142 αὐτῆς,
2586 4075 2682 4127 καὶ
2718 4074 2869 4127 ἴδετε
2896 4076 2947 4126 εί
2979 4073 3110 4126 ἐστι
3145 4071 3391 4135 συνιὼν,
3426 4070 3525 4123 καὶ
3570 4070 3747 4133 ἵλεως
3778 4068 3911 4121 ἔσο-

2340 4184 2445 4236 μαι
2464 4165 2683 4231 αὐτοῖς.
2704 4161 2814 4217 Εἶτ’
2839 4163 3023 4235 ἐπειδὴ
3049 4164 3110 4216 τὸ
3131 4163 3331 4234 πλῆθος
3351 4163 3459 4215 τῶν
3486 4161 3673 4214 κακῶν
3702 4160 3912 4229 ἀνδρῶν

2347 4255 2520 4324 θλίψιν
2550 4259 2773 4326 παρεῖχε
2799 4256 2878 4326 τῷ
2913 4256 3126 4325 δικαίῳ,
3160 4252 3574 4325 σκυθρωπάζειν
3609 4251 3707 4302 ἐπὶ
3741 4251 3912 4316 τούτῳ

2347 4344 2558 4412 ἔλεγεν·
2609 4346 2731 4397 Ἵνα
2774 4346 2830 4397 τί
2879 4343 3326 4413 σκυθρωπάζων
3359 4345 3680 4412 πορεύομαι
3722 4344 3798 4396 ἐν
3840 4342 3914 4404 τῷ

2345 4436 2625 4503 ἐκθλίψαι
2665 4436 2921 4504 ἐχθρόν;
2951 4437 3061 4489 Καὶ
3090 4434 3260 4496 ἄλλως
3287 4434 3365 4500 δὲ,
3397 4433 3504 4485 τῶν
3565 4433 3779 4504 ἐχθρῶν
3825 4433 3912 4484 καὶ

2347 4527 2621 4599 πολεμίων
2654 4526 2941 4582 θλιϐόντων
2973 4527 3064 4579 καὶ
3103 4526 3571 4596 ἐπικρατεστέρων
3603 4524 3914 4595 γενομένων

692 4620 854 4678 lebat,
883 4615 998 4669 zelo
1023 4617 1214 4683 plenus
1243 4617 1312 4671 ob
1341 4631 1633 4685 prosperas
1655 4617 1936 4672 atheorum
1968 4626 2024 4672 et
2055 4618 2244 4686 impio-

2346 4617 2436 4669 τοῦ
2484 4617 2704 4680 ἔθνους,
2755 4618 2784 4668 6
2829 4617 2906 4687 τῷ
2936 4616 3055 4687 Θεῷ
3103 4617 3457 4686 ἀνακείμενος
3509 4615 3772 4668 ἐδάκνετο
3816 4616 3911 4682 τὴν

694 4724 816 4763 rum
839 4707 1114 4760 hominum
1159 4721 1266 4759 res.
1317 4706 1493 4772 Quare
1536 4710 1986 4778 supplicationem
2033 4709 2244 4763 emitte-

693 4801 806 4870 bat,
856 4806 914 4850 ut
958 4793 1117 4859 Deus,
1169 4798 1260 4866 qui
1301 4796 1368 4850 de
1416 4812 1582 4852 causa
1630 4814 1729 4853 sua
1769 4791 2132 4867 iudicaverat,
2182 4812 2244 4852 ac

693 4895 1080 4959 congruentem
1112 4886 1177 4942 de
1218 4902 1275 4942 se
1312 4887 1634 4942 sententiam
1680 4889 1902 4953 tulerat,
1939 4889 2243 4945 mercedem

694 4987 840 5033 recte
874 4978 1030 5035 factis
1079 4978 1192 5033 suis
1226 4977 1486 5044 debitam,
1535 4979 1801 5033 universa:
1842 4980 2026 5049 populi
2062 4981 2245 5034 multi-

693 5069 867 5122 tudini
897 5069 1206 5139 largiretur,
1244 5077 1299 5123 et
1345 5071 1428 5124 sui
1479 5083 1646 5123 causa
1689 5084 1879 5123 omnes
1912 5073 2143 5140 eriperet
2176 5071 2242 5124 de

695 5173 857 5211 manu
890 5157 1266 5223 inimicorum;
1299 5166 1357 5210 ut
1386 5158 1838 5227 quemadmodum
1867 5158 1993 5228 ipse
2021 5160 2247 5216 delicto-

696 5263 816 5301 rum
841 5248 1023 5317 populi
1049 5252 1319 5317 particeps
1347 5247 1548 5312 fuerat,
1591 5250 1664 5302 ita
1705 5249 1937 5319 populus
1977 5251 2244 5305 bonorum

696 5353 917 5409 operum
984 5338 1153 5404 ipsius
1197 5352 1423 5393 consors
1468 5348 1629 5394 esset.
1681 5338 1837 5394 Sicut
1881 5349 2062 5396 autem
2112 5339 2247 5410 justi

699 5432 941 5486 homines
963 5429 1053 5499 qui
1076 5429 1144 5483 ad
1170 5431 1456 5484 tribunalia
1476 5430 1621 5484 litem
1651 5433 1873 5495 habent,
1902 5432 2116 5501 iudices
2147 5434 2248 5487 ob-

2349 4709 2547 4780 ψυχὴν,
2595 4709 2756 4780 ζήλου
2801 4705 3170 4780 πληρούμενος
3216 4709 3309 4760 ἐπὶ
3339 4711 3405 4778 τῇ
3451 4706 3560 4758 τῶν
3596 4706 3780 4759 ἀθέων
3825 4709 3911 4759 καὶ

2351 4801 2558 4856 ἀσεϐῶν
2609 4801 2815 4874 ἀνδρῶν
2860 4803 3155 4872 εὐπραγίᾳ.
3198 4799 3288 4852 Διδ
3347 4800 3442 4852 καὶ
3491 4800 3778 4870 ίκετηρίαν
3825 4801 3913 4851 ἀνε-

2350 4895 2612 4965 έπεμπεν,
2629 4887 2714 4957 ’ὡς
2740 4895 2824 4956 ἂν,
2852 4893 3084 4964 κρίναςό
3103 4890 3234 4952 Θεὸς
3257 4890 3350 4941 καὶ
3376 4888 3602 4952 δικάσας
3628 4891 3802 4962 αὐτῷ,
3828 4895 3911 4944 καὶ

2348 4988 2447 5057 τὴν
2472 4989 2780 5059 πρέπουσαν
2814 4985 2940 5054 περὶ⁵
2971 4981 3132 5036 αὐτοῦ
3164 4981 3318 5047 δίκην
3341 4980 3790 5051 ἐξενεγκάμενος,
3824 4985 3909 5052 τὴν

2349 5079 2511 5131 αὐτοῦ
2537 5075 3026 5149 προσοφειλομένην
3055 5069 3284 5140 ἀμοιϐὴν
3315 5071 3422 5123 τῶν
3451 5071 3613 5124 αὑτοῦ
3641 5074 3912 5145 κατορθω-

2354 5170 2534 5238 μάτων
2585 5169 2661 5238 τῷ
2692 5165 2854 5221 παντὶ
2903 5161 3092 5232 πλήθει
3133 5163 3441 5233 χαρίσοιτο,
3485 5165 3579 5216 καὶ
3630 5163 3700 5216 δι’
3753 5161 3912 5218 αὑτοῦ

2352 5259 2572 5330 ῥύσαιτο
2601 5261 2725 5321 τοὺς
2771 5254 2975 5317 πάντας
3007 5255 3070 5306 ἐκ
3118 5255 3295 5325 χειρὸς
3325 5256 3432 5308 τῶν
3481 5256 3791 5325 πολεμίων·
3828 5257 3911 5314 ῐνῗ,

2350 5347 2536 5418 ὥσπερ
2575 5345 2824 5402 κοινωνὸς
2861 5342 3021 5405 αὐτὸς
3065 5342 3253 5410 γέγονε
3304 5344 3400 5412 τῆς
3431 5343 3524 5395 τοῦ
3569 5342 3706 5396 λαοῦ
3756 5359 3912 5396 κακο-

2353 5437 2608 5506 πραγίας,
2648 5433 2924 5486 οὕτωκαὶ
2979 5434 3008 5484 6
3055 5431 3178 5493 λαὸς
3212 5432 3467 5500 μετάσχοι
3498 5431 3601 5500 τῆς
3634 5430 3802 5483 αὐτοῦ
3841 5430 3911 5480 δ(-

699 5535 911 5577 secrant
934 5530 990 5576 ut
1011 5522 1210 5590 justam
1245 5537 1464 5577 causam
1512 5535 1665 5574 suam
1693 5522 1936 5588 audiant,
1971 5534 2133 5595 atque
2169 5541 2233 5580 ex

2346 5527 2723 5597 καιοπραγίας.
2768 5524 2978 5595 Ὠσπερ
3028 5523 3083 5576 δὲ
3117 5523 3165 5573 oi
3211 5521 3405 5574 δίκαιοι
3440 5521 3658 5591 ἐχοντες
3712 5522 3772 5572 ἐν
3808 5524 3910 5582 τοῖς

699 5628 848 5685 fimo
877 5613 924 5672 έν
957 5616 1094 5669 bono
1124 5616 1440 5670 sententiam
1470 5613 1573 5670 sibi
1607 5613 1778 5667 ferant
1797 5630 1814 5676 ς
1836 5613 2225 5673 eodem'modo

2346 5618 2714 5692 ςικαστηρίοις,
2763 5618 2888 5681 τοὺς
2931 5617 3190 5680 δικαστάς
3237 5611 3568 5669 tus-cs6an
3605 5610 3916 5676 transiiciat.~

769 5767 813 5801 “
854 5766 916 5824 lll
948 5765 1073 5840 Reg.
1109 5785 1229 5835 ιιι,
1267 5769 1350 5826 Η.
1428 5771 1469 5804 ⁵⁸
1507 5767 1703 5829 Jerem.
1738 5784 1791 5836 ν,
1825 5769 1874 5828 ί.
