3958 6340
626 426 734 481 583

1409 421 1675 480 EUSEBll
1713 414 2185 478 CESARIENSIS
2221 417 2369 475 ()PP.
2401 417 2579 474 PARS
2617 417 2705 473 Ill.
2736 449 2807 459 —
2839 416 3246 474 EXEGETICA.

3722 417 3809 474 384

627 545 762 598 ritas
784 543 1112 609 declaratur,
1143 543 1532 613 interpretatus
1556 551 1658 597 est.
1691 541 1820 597 Jure
1855 543 2036 613 itaque
2063 542 2185 597 Sal—

2288 557 2388 612 μου
2419 507 2519 594 καὶ.
2543 538 2752 611 Σωτῆρί
2788 555 2921 610 μου·
2958 537 3136 603 καλῶς
3183 539 3238 591 δὲ
3282 536 3484 607 συνῆψε
3515 535 3584 589 τὸ
3621 534 3722 605 φῶς
3757 537 3806 607 τῇ

624 639 779 685 valor
825 632 938 686 hinc
963 631 1248 701 discipulis
1292 631 1411 688 suis
1449 629 1676 684 tradens
1720 629 1794 685 ita
1829 629 2034 692 docuit,
2073 627 2184 698 Ego

625 739 740 774 sum
767 721 882 786 lux,
921 731 970 775 et
1006 723 1200 776 veritas
1238 728 1288 774 et
1315 721 1422 775 vita
1444 720 1510 774 ⁵⁸.
1549 718 1852 790 Unicuique
1883 733 2049 790 porro
2080 735 2185 774 ca:—

637 830 860 868 .erarum
905 814 1204 870 editionum
1239 812 1386 867 hunc
1446 819 1844 882 consequenter
1877 811 2086 882 aptabis
2122 811 2185 865 ii-

628 923 767 974 nem,
809 909 924 964 sive
952 923 1140 964 eorum
1176 909 1268 978 qui
1291 909 1346 962 in
1376 907 1652 978 Babylone
1682 906 1755 960 ita
1798 905 2180 974 loquebantur,

622 1001 736 1055 sire
767 1002 1004 1072 gentium
1029 1018 1149 1072 qute
1183 1001 1766 1056 nondum.credebant.

2290 633 2514 704 ἀληθείᾳ
2535 649 2547 662 ·
2611 629 2748 702 ὅπερ
2773 629 2881 702 γὰρ
2905 629 3018 699 φῶς
3049 629 3301 701 αἰσθητὸν
3338 628 3627 698 ὀφθαλμοῖς
3659 627 3809 697 σώμα-

2288 744 2397 790 τος,
2428 727 2586 780 τοῦτο
2616 726 2836 798 ἀλήθεια
2860 729 2971 790 τοῖς
3000 725 3098 797 τῆς
3131 723 3308 796 ψυχῆς
3342 723 3634 794 ὀφθαλμοῖς
3663 725 3811 777 ὲνατε-

2289 819 2493 882 νίζουσι
2515 821 2578 890 τῇ
2613 818 2769 887 φύσει
2800 818 2909 873 τῶν
2949 819 3308 890 πραγμάτοιν,
3347 819 3441 870 καὶ
3475 819 3662 886 μηκέτι
3698 817 3812 868 ἀπσ-

2288 909 2572 980 τωμένοις,
2617 910 2684 963 δι’
2713 911 2882 982 αὐτῆς
2925 910 2981 963 δὲ
3007 911 3105 981 τῆς
3144 909 3250 964 τῶν
3289 909 3460 962 ὄντων
3497 906 3813 977 καταλήψεως

2198 1022 2200 1024 τ
2291 1000 2694 1070 φωτιζομένοις,
2728 1001 2821 1055 καὶ
2860 1001 3056 1071 γνῶσιν
3089 1003 3188 1073 τῆς
3235 1001 3490 1072 ἀληθείας
3537 998 3810 1069 ἀναλαμϐά-

618 1100 821 1162 νουσιν.
857 1095 1193 1166 Ἦρμήνευσε
1214 1095 1390 1148 τοίνυν
1425 1093 1586 1156 αὐτὸς
1613 1097 1642 1147 ό
1671 1092 1825 1160 λόγος
1847 1085 1940 1144 τοῦ
1991 1091 2180 1162 νοητοῦ
2221 1094 2395 1161 φωτὸς
2456 1093 2553 1165 τὴν
2580 1095 2874 1166 ἐνέργειαν,
2932 1095 3186 1168 ἀληθείας
3221 1089 3380 1148 οὖσαν
3414 1096 3809 1167 παραστατικήν.

621 1190 857 1252 Εἰκότως
894 1187 984 1243 οὖν
1014 1193 1040 1244 ὁ
1073 1191 1261 1260 Σωτὴρ
1297 1187 1837 1258 ταῦτα,παραδιδοὺς
1897 1189 2009 1248 τοῖς
2054 1186 2214 1239 αὑτοῦ
2259 1188 2522 1258 μαθηταῖς
2583 1190 2823 1244 ἐδίδασκε
2847 1190 3049 1259 λέγων’
3092 1188 3232 1259 Ἐγώ
3258 1191 3373 1258 εἶμι
3413 1188 3479 1242 τὸ
3509 1186 3630 1256 φῶς
3669 1187 3751 1241 καί
3779 1188 3813 1253 ἡ

619 1281 867 1346 ἀλήθεια
923 1281 1019 1333 καὶ
1068 1282 1106 1348 ἡ
1143 1280 1274 1348 ζωή.
1339 1281 1450 1333 Καὶ
1497 1281 1700 1348 ἑκάστῃ
1742 1278 1798 1328 δὲ
1835 1277 1942 1330 τῶν
1975 1277 2172 1330 λοιπῶν
2237 1280 2498 1334 ὲκδόσεων
2525 1282 2780 1352 ἀρμόσεις
2831 1280 3134 1345 ἀκολούθως
3165 1280 3226 1334 τὸ
3257 1280 3426 1346 τέλος,
3470 1264 3588 1335 εἴτε
3627 1281 3727 1344 τοῖς
3766 1280 3814 1334 ὲν

623 1375 898 1428 Βαϐυλῶνι
940 1375 1112 1429 ταῦτα
1156 1374 1434 1442 λέγουσιν,
1475 1374 1584 1427 εἴτε
1611 1377 1723 1437 τοῖς
1753 1373 1810 1438 ἐξ
1848 1373 2012 1426 ἐθνῶν
2055 1376 2218 1446 μήπω
2251 1379 2679 1432 πεπιστευκόσιν.

695 1490 748 1544 1.
803 1487 866 1541 ΙΝ
922 1487 1378 1552 FlNEM,FlLllS
1427 1487 1608 1541 CORE
1662 1488 1751 1542 AD
1798 1487 2117 1543 INTELLE-

1201 1557 1393 1614 CTUM
1431 1558 1614 1612 XLlll.

691 1646 962 1719 Propositi
1020 1665 1300 1706 sermones
1353 1666 1529 1721 neque
1585 1651 1853 1720 psalmum
1913 1649 1966 1702 in
2025 1650 2185 1703 titulo

623 1740 947 1811 prazferunt,
982 1759 1156 1813 neque
1192 1743 1495 1807 canticum,
1546 1759 1720 1813 neque
1761 1743 2017 1814 hymnum
2040 1783 2055 1805 ,
2092 1759 2187 1797 ne-

623 1848 728 1900 que
777 1833 905 1901 quid
958 1834 1164 1899 simile,
1211 1834 1340 1904 quia
1392 1834 1660 1888 sententia
1705 1835 1994 1888 verborum
2048 1833 2183 1886 nihil

2292 1494 2397 1546 ΕΙΣ
2448 1496 2535 1548 ΤΟ
2573 1493 2978 1560 ΤΕΛΟΣ,Το1Σ
3025 1493 3204 1546 ΥΙΟΙΣ
3253 1492 3434 1546 ΚΟΡΕ
3483 1491 3588 1543 ΕῘΣ
3633 1489 3816 1543 ΣΥΝΕ-

2597 1565 2601 1571 ·
2875 1565 2987 1617 xm
3027 1564 3100 1635 (ι)
3139 1563 3270 1617 Ml".

2313 1720 2322 1724 ,
2373 1658 2508 1710 Ἀλλ’
2534 1657 2653 1721 οὐδὲ
2687 1647 2735 1710 οἱ
2773 1654 3117 1727 προκείμενοι
3157 1655 3304 1724 λόγοι
3339 1653 3550 1724 ψαλμὸν
3579 1652 3708 1706 κατὰ
3735 1651 3817 1718 τὴν

2292 1749 2613 1820 προγραφὴν
2637 1749 2997 1819 περιέχουσιν,
3027 1747 3146 1801 οὐδὲ
3169 1747 3328 1819 ᾠδὴν,
3361 1747 3480 1800 οῦδὲ
3512 1745 3691 1817 ὕμνον,
3718 1743 3819 1796 οὖδέ

2291 1857 2343 1892 τι
2375 1840 2482 1892 τῶν
2518 1839 2773 1893 τοιούτων
2793 1858 2806 1870 ο
2839 1839 2960 1891 ἐπεὶ
2996 1839 3127 1910 μηδὲ
3163 1839 3231 1892 τὰ
3251 1840 3348 1910 τῆς
3375 1839 3608 1901 διανοίας
3646 1835 3744 1890 τῶν
3771 1838 3819 1887 ἐν

621 1939 810 1977 eorum
854 1927 1112 1995 respicit,
1160 1925 1255 1981 sed
1299 1926 1724 1996 supplicationes
1752 1925 2184 1995 sunt-prioribus

2287 1931 2466 1992 αὐτοῖς
2508 1929 2814 2001 φερομένων
2855 1927 3109 1998 τοιαύτης
3151 1927 3333 1999 ἔχεται
3372 1929 3626 2000 θεωρίας·
3656 1930 3821 1998 ἱκετη-

623 2015 832 2070 similes
851 2055 866 2079 ,
899 2030 962 2070 ac
989 2016 1234 2085 ejusdem
1267 2018 1573 2088 argumenti
1599 2036 1613 2083 ;
1648 2018 1903 2071 nimirum
1933 2017 2000 2072 de
2026 2017 2184 2070 ruina

621 2105 834 2162 Judaici
870 2107 1102 2178 ‘pnpuli,
1137 2126 1202 2164 ex
1257 2110 1642 2180 prophetarum
1691 2124 1925 2180 persona
1978 2124 2007 2163 a
2059 2109 2184 2165 ﬁliis

623 2198 764 2254 Core
809 2200 1053 2270 prolatae.
1099 2201 1159 2255 In
1207 2202 1460 2272 praesenti
1501 2217 1664 2272 porro
1696 2203 1936 2272 apertius
1967 2197 2186 2256 senten;

625 2292 756 2344 tiam
802 2293 1110 2358 declarant,
1155 2309 1262 2364 qua
1307 2297 1363 2349 in
1403 2295 1780 2365 superioribus
1819 2311 1939 2350 sese
1969 2293 2184 2350 ﬂetibus

623 2383 907 2440 dederant.
943 2385 1242 2443 {Erumnas
1272 2387 1454 2456 itaque
1499 2387 1700 2456 populo
1740 2388 2013 2441 immissas
2057 2402 2183 2440 nar-

624 2485 772 2530 rant.
815 2465 1002 2540 Quare
1022 2492 1124 2531 nos
1152 2475 1219 2529 ad
1256 2477 1589 2530 intellectum
1631 2477 1906 2542 excitant,
1943 2477 2186 2549 atquein

627 2571 783 2624 titulo
826 2552 927 2621 nos
974 2567 1042 2621 ad
1087 2568 1245 2622 linem
1287 2568 1608 2634 remittunt,
1655 2567 1780 2636 quia
1823 2568 1937 2621 lure
1980 2567 2034 2620 in
2082 2571 2188 2622 line

624 2667 918 2720 eventura,
952 2659 1078 2714 licet
1106 2667 1163 2714 ut
1188 2660 1300 2729 jam
1335 2659 1551 2730 impleta
1586 2659 1678 2713 lilii
1707 2659 1846 2714 Core
1876 2660 2189 2730 prophetica

624 2754 1073 2810 vaticinarentur.
1143 2750 1200 2806 In
1252 2736 1628 2824 Superioribus
1685 2753 1866 2824 itaque
1919 2754 2176 2825 lacryma-

624 2846 843 2912 banlur,
894 2848 1244 2918 doloremque
1296 2863 1456 2902 suum
1505 2847 1615 2902 Deo
1659 2848 2087 2916 renuntiabant;
2126 2842 2183 2902 in
2225 2863 2228 2866 '

625 2939 877 3010 przesenti
908 2957 1036 2995 vero
1063 2942 1208 3012 ipsas
1237 2941 1578 2995 calamitates
1603 2947 1884 2994 enarrant.

2289 2022 2400 2092 ρίαι
2435 2021 2494 2075 δέ
2526 2024 2661 2075 εἰσιν
2705 2022 2884 2093 ὅμοιαι
2928 2023 3048 2085 ταῖς
3092 2020 3432 2092 ἔμπροσθεν,
3462 2023 3555 2075 καὶ
3593 2018 3822 2093 περὶτῆς

2286 2113 2455 2184 αὐτῆς
2507 2113 2839 2178 ὑποθέσεωςο
2883 2112 3026 2181 λέγω
3080 2111 3136 2164 δὲ
3167 2112 3295 2181 περὶ
3339 2111 3438 2181 τῆς
3480 2110 3821 2171 ἀποπτώσεως

2285 2204 2379 2258 τοῦ
2419 2205 2683 2258 Ἰουδαίων
2721 2204 2903 2267 ἔθνους
2957 2205 3020 2256 ὲκ
3065 2201 3354 2274 προσώπου
3397 2202 3505 2256 τῶν
3557 2201 3824 2274 προφητῶν

2287 2296 2814 2367 προσπεφωνημὲναι
2854 2295 2940 2350 διὰ
2985 2296 3095 2349 τῶν
3127 2295 3257 2348 υίῶν
3303 2294 3469 2365 Κορέ.
3524 2292 3826 2362 Διασᾳφοῦσι

2285 2387 2330 2440 δ’
2379 2390 2469 2441 ἐπὶ
2527 2387 2621 2440 τοῦ
2674 2388 2938 2458 παρόντος
2985 2386 3301 2457 λευκότερον
3361 2385 3697 2454 ἐκφαίνοντες
3735 2382 3825 2453 τὴν

2286 2480 2554 2544 διάνοιαν,
2599 2481 2665 2533 δι’
2711 2481 2777 2552 ἢν
2813 2481 2870 2533 ὲν
2903 2481 3016 2543 τοῖς
3068 2478 3369 2550 ἔμπροσθεν
3416 2476 3822 2531 ἀπεκλαύσαντο.

2287 2571 2658 2643 Διεξέρχονται
2696 2570 2826 2639 γοῦν
2872 2571 2941 2624 τὰ
2990 2570 3371 2642 συμϐεϐηκότα
3408 2568 3550 2640 πάθη
3597 2566 3670 2638 τῷ
3703 2566 3824 2636 λαῷ.

2290 2650 2449 2718 ’Ὅθεν
2480 2665 2833 2736 διεγείρουσιν
2856 2665 3002 2736 ἡμᾶς
3025 2665 3106 2727 είς
3133 2664 3366 2726 σύνεσιν,
3397 2661 3492 2716 καὶ
3517 2663 3592 2724 είς
3617 2659 3829 2721 τὸτέλος

2287 2756 2667 2827 ἀναπέμπουσι
2700 2756 2788 2809 διὰ
2815 2756 2922 2825 τῆς
2941 2755 3283 2828 προγραφῆς,
3316 2751 3405 2806 διὰ
3433 2751 3492 2804 τὸ
3523 2750 3724 2822 μέλλειν
3745 2747 3830 2800 ἐπὶ

2287 2847 2428 2901 τέλει
2467 2847 2641 2902 ταῦτα
2670 2846 3006 2917 συμϐαίνειν,
3032 2849 3080 2901 εἰ
3107 2849 3201 2900 καὶ
3231 2845 3306 2910 ὡς
3334 2847 3433 2917 ἤδη
3470 2841 3829 2914 συμϐεϐηκότα

2288 2939 2429 2994 αὐτὰ
2455 2942 2502 2993 οἱ
2542 2940 2648 2991 υἱοὶ
2689 2938 2836 3010 Κορὲ
2880 2937 3228 3010 προφητικῶς
3261 2936 3557 2999 ἐθέσπιζον,
3608 2933 3700 2985 Διὰ
3740 2930 3831 3000 μὲν

615 3026 716 3089 ὀὖν
747 3035 855 3087 τῶν
892 3036 1199 3108 ἔμπροσθεν
1238 3037 1679 3100 ἀπεκλαύσαντο,
1709 3035 1803 3089 καὶ
1858 3034 1957 3098 τὰς
2011 3034 2218 3090 ἑαυτῶν
2256 3035 2576 3107 ἐξήγγειλαν
2611 3035 2690 3106 τῷ
2720 3034 2839 3105 Θεῴ
2861 3034 3032 3098 λύπας
3071 3050 3085 3062 ·
3135 3036 3192 3086 ὲν
3221 3033 3278 3086 δὲ
3317 3034 3430 3096 τοῖς
3472 3026 3832 3103 προκειμένοις

625 3129 721 3181 καὶ
746 3127 882 3181 αὐτὰ
909 3128 976 3180 τὰ
1007 3126 1152 3199 πάθη
1181 3127 1508 3201 ἐξέρχονται.

700 3221 866 3277 Vens.
905 3221 1021 3276 2-9.
1059 3221 1222 3286 Deus,
1254 3225 1472 3278 auribus
1503 3225 1698 3282 nostris
1728 3224 2046 3291 audivimus,
2081 3231 2186 3279 etc.
2217 3231 2260 3288 c

626 3316 734 3371 I'ro
761 3317 882 3376 illo.
918 3315 1022 3380 Qui
1053 3317 1272 3371 mandas
1306 3317 1500 3371 salutes
1537 3316 1707 3370 Iacob
1735 3357 1748 3382 ,
1783 3314 2150 3388 Symmaclnm
2172 3355 2186 3379 ,

631 3409 710 3463 Tu
752 3426 804 3463 es
843 3424 934 3463 rex
974 3424 1151 3473 meus,
1187 3406 1355 3474 Deus,
1392 3407 1587 3462 manda
1616 3407 1679 3461 de
1706 3406 1876 3461 salute
1901 3404 2090 3458 Iacob.
2125 3403 2189 3458 In

629 3513 679 3555 te
709 3502 946 3555 inimicos
987 3511 1192 3555 nos-tros
1235 3501 1597 3555 ventilabimus
1638 3515 1819 3552 cornu.
1869 3497 1973 3563 Qui
2010 3497 2065 3551 in
2096 3513 2192 3566 po-

627 3595 756 3666 pulo
784 3595 951 3664 probe
981 3609 1039 3649 se
1068 3603 1263 3663 gerunt
1284 3633 1297 3654 ,
1329 3600 1381 3647 et
1409 3593 1500 3662 qui
1550 3591 1694 3662 apud
1731 3593 1908 3661 ipsum
1951 3591 2188 3662 prophe-

629 3698 724 3753 tze,
756 3690 871 3744 haec
899 3687 1172 3751 dixerint,
1214 3685 1535 3740 conﬁtentes
1568 3700 1676 3738 non
1709 3686 1928 3754 prOpria
1953 3685 2186 3751 virtute,

628 3798 738 3834 non
769 3795 928 3843 arcu,
958 3796 1066 3834 non
1090 3778 1270 3850 gladio
1301 3777 1530 3832 salutem
1562 3775 1662 3830 sibi
1693 3776 1872 3845 parari
1900 3815 1915 3839 ,
1953 3775 2048 3830 sed
2077 3776 2189 3829 vir-

629 3877 744 3921 tute
790 3883 957 3921 conm
986 3868 1090 3921 sui.
1143 3867 1363 3921 Cornua
1408 3879 1574 3936 porro
1622 3862 1865 3918 Danielis
1905 3863 2188 3934 Scriptura

630 3973 796 4026 regna
841 3965 1037 4010 vocat:
1089 3965 1408 4011 sanctorum
1455 3972 1584 4012 vero
1629 3970 1800 4010 cornu
1828 3955 2034 4009 dicitur
2073 3955 2189 4023 ipse

633 4049 931 4113 Dominus;
965 4062 1135 4117 quare
1165 4048 1269 4100 ait:
1305 4047 1370 4100 In
1399 4057 1444 4101 te
1473 4049 1709 4101 inimicos
1737 4055 1941 4100 nostros
1971 4045 2189 4099 ventila—

631 4141 801 4193 bimus
835 4155 1036 4202 cornu;
1070 4138 1197 4192 alibi
1231 4153 1445 4209 quoque
1474 4138 1674 4193 dicitur
1696 4138 1999 4192 :Protector
2032 4154 2176 4192 meus

631 4245 678 4287 et
709 4249 868 4286 cornu
897 4233 1088 4285 salutis
1117 4247 1243 4285 mea:
1277 4231 1344 4285 ⁸⁷.
1389 4227 1558 4300 igitur
1600 4231 1717 4300 ipse
1749 4245 1920 4304 cornu
1965 4237 2086 4284 est:
2124 4243 2188 4282 ac

633 4339 845 4394 qureras
885 4324 1045 4377 velim
1090 4328 1199 4393 qu'o
1246 4331 1404 4393 pacto
1449 4322 1554 4375 alio
1598 4322 1656 4375 in
1687 4321 1810 4374 loco
1835 4321 2043 4374 dictum
2081 4320 2185 4383 sit,

634 4415 904 4485 Confessio
937 4416 1048 4484 ejus
1084 4432 1237 4484 super
1279 4415 1463 4469 cretum
1501 4422 1552 4468 et
1591 4421 1784 4466 terram
1811 4451 1826 4476 ,
1856 4420 1904 4464 et
1934 4409 2187 4464 exaltabit

632 4523 796 4562 cornu
827 4508 1000 4574 populi
1032 4507 1115 4560 sui
1146 4506 1214 4572 ⁸⁸,
1246 4505 1404 4575 quasi
1436 4505 1576 4558 alius
1606 4503 1677 4557 sit
1707 4502 1799 4572 qui
1827 4508 2184 4554 memoratum

2373 3217 2427 3270 '0
2452 3216 2616 3281 θεὸς,
2646 3213 2768 3279 τοῖς
2788 3211 2940 3266 ὠσὶν
2961 3209 3127 3281 ἡμῶν
3154 3208 3514 3278 ἠκούσαμεν.
3555 3209 3691 3262 Ἀντὶ
3714 3208 3828 3261 τοῦ·

2304 3311 2359 3364 Ὁ
2390 3307 2818 3376 ἐντελλόμενος
2858 3302 2968 3368 τὰς
3003 3302 3297 3369 σωτηρίας
3332 3298 3546 3367 Ἰακὼϐ,
3577 3302 3605 3352 ὁ
3626 3299 3836 3370 Σύμμαο

2288 3417 2410 3472 χοςο
2457 3398 2541 3452 Σὺ
2584 3392 2642 3449 εἷ
2681 3399 2714 3450 ὁ
2763 3393 3066 3459 ,ϐασιλεύς
3110 3408 3254 3462 μου·
3313 3393 3347 3443 ό
3392 3389 3556 3455 Θεὸς,
3589 3389 3834 3442 ἕντειλαι

2288 3493 2419 3561 περὶ
2449 3489 2558 3560 τῆς
2589 3488 2884 3556 σωτηρίας
2919 3475 3130 3541 Ἰακώϐ.
3165 3485 3267 3537 Ἐν
3289 3481 3389 3536 σοὶ
3425 3472 3564 3548 τοὺς
3597 3480 3835 3552 ἐχθροὺς

2287 3575 2454 3654 ἡμῶν
2483 3580 2884 3651 κερατιοῦμεν.
2909 3579 2970 3632 Oi
2996 3576 3091 3649 μὲν
3112 3577 3168 3629 ὲν
3195 3574 3272 3646 τῷ
3297 3574 3408 3646 λαῷ
3437 3574 3831 3647 κατορθοῦντες,

2286 3676 2341 3728 οἵ
2380 3691 2441 3727 τε
2484 3675 2542 3726 ὲν
2577 3670 2725 3741 αὐτῷ
2775 3669 3068 3741 προφῆται,
3101 3665 3272 3722 ταῦτα
3302 3663 3368 3717 ἂν
3413 3664 3614 3716 εἴποιεν
3652 3662 3833 3735 ὁμολο-

2287 3765 2610 3836 γοῦντες-μὴ
2640 3761 2815 3832 οἰκείᾳ
2854 3760 3098 3830 δυνάμει,
3135 3758 3267 3828 μηδὲ
3305 3757 3442 3826 τόξῳ
3475 3757 3567 3809 καὶ
3607 3753 3835 3826 ῥομφαία

2288 3861 2496 3921 ἑαυτοῖς
2530 3855 2599 3909 τὰ
2623 3853 2889 3924 σωτηρίας
2930 3848 3346 3921 περιποιεῖσθαι,
3379 3851 3447 3917 τῇ
3473 3847 3527 3898 δὲ
3553 3847 3643 3898 τοῦ
3668 3846 3835 3914 κέρως

2288 3949 2462 4004 αὐτῶν
2485 3947 2726 4016 δυνάμει.
2766 3942 2985 4014 Κέρατα
3010 3942 3064 3994 δὲ
3095 3943 3128 4012 ἡ
3164 3939 3257 3992 τοῦ
3293 3938 3488 4009 Δανιὴλ
3521 3937 3699 4008 Γραφὴ
3735 3933 3835 3996 τὰς

2290 4040 2557 4111 βασιλείας
2594 4036 2874 4106 ὀνομάζει’
2921 4034 3031 4087 τῶν
3078 4034 3136 4088 δὲ
3173 4033 3342 4102 ἁγίων
3391 4031 3555 4102 κέρας
3603 4029 3834 4082 λέλεκται

2288 4133 2445 4194 αὐτὸς
2471 4132 2499 4182 ὁ
2538 4127 2738 4200 Κύριος
2761 4146 2774 4158 ·
2808 4127 2888 4181 διό
2918 4144 3049 4197 φησι
3071 4143 3084 4156 ⁸
3128 4127 3230 4180 Ἐν
3266 4123 3366 4177 σοὶ
3414 4123 3557 4189 τοὺς
3597 4119 3834 4191 ἐχθροὺς

2287 4223 2454 4290 ἡμῶν
2473 4221 2869 4289 κερατιοῦμεν.
2905 4220 3014 4273 Καὶ
3038 4219 3096 4273 ὲν
3116 4211 3574 4282 ἑτέροιςλέλεκται
3592 4230 3606 4246 θ
3647 4214 3832 4279 ’Υπερ-

2286 4312 2589 4381 ασπιστής
2656 4330 2775 4382 μου
2839 4311 2937 4365 καὶ
3011 4309 3188 4378 κέρας
3242 4309 3538 4374 σωτηρίας
3601 4322 3709 4375 μου
3760 4302 3830 4356 ετ.

2286 4407 2475 4459 Τοίνυν
2525 4405 2686 4469 αὐτός
2740 4407 2855 4458 ἐστι
2880 4387 2941 4456 τὸ
2982 4402 3180 4471 κέρας·
3213 4399 3365 4470 ζήτει
3411 4401 3561 4462 ὅπως
3597 4398 3833 4450 λέλεκται

2285 4496 2543 4567 ἀλλαχοῦ*
2604 4497 2667 4553 Ἠ
2718 4496 3150 4565 ἐξομολόγησις
3204 4488 3389 4542 αὐτοῦ
3440 4489 3539 4543 ἐπὶ
3572 4487 3674 4558 τῆς
3732 4485 3833 4537 καὶ

633 4616 804 4655 cornu
837 4599 1015 4668 erigit.
1060 4597 1478 4660 Animadverte,
1509 4610 1716 4666 quzeso,
1759 4607 1888 4646 num
1922 4591 2015 4646 Dei
2045 4592 2180 4668 Ver-

2286 4588 2568 4658 οὐρανοῦ,
2625 4589 2722 4643 καὶ
2773 4585 3006 4655 ὑψώσει
3056 4581 3234 4650 κέρας
3298 4581 3454 4635 λαοῦ
3505 4578 3705 4634 αὐτοῦ’
3759 4576 3834 4638 ὡς

633 4690 793 4749 bum,
831 4667 946 4756 ipse
981 4686 1274 4752 Dominus,
1309 4702 1479 4740 cornu
1511 4685 1694 4755 populi
1735 4682 2028 4754 perspicue
2073 4667 2145 4735 sit
2168 4720 2184 4747 ,

635 4794 700 4833 ac
746 4777 834 4846 qui
879 4775 1038 4843 erigit
1085 4776 1250 4840 illud,
1293 4774 1455 4828 Pater
1496 4774 1588 4843 qui
1635 4773 1820 4842 genuit
1863 4786 2004 4826 eum.
2049 4768 2187 4834 Quia

633 4871 777 4925 enim
804 4866 1095 4920 humiliavit
1122 4865 1450 4932 semetipsum
1479 4879 1638 4933 usque
1666 4861 1733 4914 ad
1765 4870 2014 4926 mortem,
2046 4875 2187 4916 mor-

636 4972 732 5015 tem
773 4971 946 5013 autem
985 4958 1192 5033 crucis,
1227 4955 1341 5008 ideo
1372 4953 1508 5006 Deus
1541 4954 1790 5008 exultavit
1819 4954 1970 5007 illum
2002 4954 2066 5018 ",
2101 4968 2186 5007 se-

635 5053 872 5111 cundum
902 5049 1238 5120 Apostolum.
1271 5047 1328 5100 In
1359 5047 1462 5100 hoc
1490 5046 1670 5113 itaque
1700 5061 1870 5100 cornu
1895 5054 1948 5099 et
1975 5045 2031 5098 in
2059 5057 2186 5113 rege

634 5159 736 5200 suo
765 5144 1022 5203 ﬁdentes,
1055 5139 1381 5223 conﬁtent‘ur
1411 5153 1470 5194 se
1500 5151 1609 5191 non
1632 5130 1770 5191 arcu
1791 5177 1804 5199 ,
1840 5152 1952 5192 non
1976 5135 2180 5207 gladio,

636 5251 743 5292 non
770 5234 986 5303 propria
1013 5233 1214 5284 virtute
1236 5270 1249 5291 ,
1271 5230 1365 5284 sed
1392 5229 1535 5299 regis
1562 5229 1645 5284 sui
1675 5229 1916 5299 potentia
1941 5270 1955 5294 ,
1983 5227 2048 5281 de
2077 5225 2184 5280 ini-

638 5324 795 5376 micis
826 5322 1109 5375 victoriam
1143 5327 1540 5390 reportaturos.
1586 5318 1792 5374 Deinde
1837 5319 1962 5388 quia
2000 5319 2183 5387 ipsum

637 5415 924 5468 Dominum
962 5427 1058 5480 pro
1095 5427 1219 5482 rege
1247 5418 1301 5466 et
1329 5425 1494 5464 cornu
1537 5411 1928 5471 obtinuerunt,
1963 5408 2087 5477 jure
2125 5419 2183 5459 se

641 5523 748 5561 non
777 5504 1012 5561 inimicis
1037 5505 1279 5570 subditos
1305 5502 1448 5568 fore,
1475 5502 1567 5557 sed
1597 5507 1948 5571 superaturos
1972 5498 2178 5551 dicunt.

2290 4682 2474 4754 ἑτέρου
2503 4681 2648 4745 ὄντος
2673 4678 2766 4731 τοῦ
2791 4675 3048 4746 ὑψοῦντος
3075 4673 3136 4726 τὸ
3157 4672 3624 4744 προδεδηλωμένον
3649 4668 3832 4737 κέρας.

2292 4776 2431 4845 Ὅρα
2459 4769 2550 4826 οὖν
2573 4773 2620 4824 εί
2648 4769 2722 4842 μὴ
2749 4765 2981 4835 σαφῶς-ὁ
3008 4762 3140 4816 Θεοῦ
3163 4763 3352 4831 Λόγος,
3378 4762 3540 4822 αὐτὸς
3560 4763 3588 4812 ὁ
3614 4758 3830 4828 Κύριος,

2289 4865 2373 4935 εἴη
2403 4863 2468 4917 ἂν
2498 4863 2557 4915 τὸ
2583 4863 2751 4932 κέρας
2781 4855 2876 4909 τοῦ
2899 4855 3049 4919 λαοῦ,
3079 4855 3107 4906 ὁ
3136 4854 3193 4906 δὲ
3227 4851 3374 4921 ὑψῶν
3399 4849 3561 4901 αὑτὸν
3587 4850 3613 4900 ό
3644 4852 3831 4919 γεννή-

2291 4973 2388 5020 σας
2416 4953 2574 5009 αὑτδν
2589 4951 2797 5021 Πατήρ.
2838 4946 3054 5018 Ἐπειδὴ
3071 4944 3178 5016 γὰρ
3203 4941 3604 4998 ἐταπείνωσεν
3621 4939 3835 4994 ἑαυτὸν

2282 5047 2456 5116 μέχρι
2486 5041 2763 5105 θανάτου,
2796 5036 3052 5093 θανάτου
3086 5034 3154 5088 δὲ
3191 5029 3477 5098 σταυροῦ,
3509 5028 3601 5082 διὰ
3620 5027 3787 5082 τοῦτο
3805 5035 3835 5085 ό

2291 5136 2431 5201 Θεὸς
2443 5131 2628 5188 αὐτὸν
2641 5129 3010 5195 ὑπερύψωσε,
3031 5127 3168 5181 κατὰ
3181 5124 3268 5176 τὸν
3295 5121 3353 5172 ’Δ
3361 5119 3628 5176 πόστολον.
3651 5115 3838 5186 Τούτῳ

2287 5221 2378 5277 οῦν
2413 5223 2489 5292 τῷ
2536 5221 2724 5292 κέρατι
2761 5216 2965 5270 ἑαυτῶν
3002 5216 3097 5270 καὶ
3132 5211 3209 5282 τῷ
3243 5208 3453 5282 βασιλεῖ
3494 5205 3832 5279 θαρροῦντες,

2286 5312 2606 5385 ὁμολογοῦσι
2652 5310 2723 5380 μὴ
2769 5307 2926 5380 τόξῳ,
2976 5305 3110 5379 μηδὲ
3154 5300 3432 5375 ῥομφαίᾳ,
3484 5301 3613 5372 μηδὲ
3658 5295 3872 5385 niuei},

2287 5382 2450 5470 ἀρετῇ
2482 5399 2588 5451 τῶν
2617 5395 2822 5469 ἐχθρῶν
2854 5391 3319 5468 περιγενήσεσθαι,
3351 5389 3488 5444 ἀλλὰ
3517 5390 3580 5458 τῇ
3616 5383 3710 5437 τοῦ
3739 5382 3834 5452 βα-

2287 5490 2474 5553 σιλέως
2500 5488 2674 5541 αὐτῶν
2696 5487 2938 5559 δυνάμει.
2964 5481 3073 5540 Εἶτ’
3095 5483 3280 5556 ἐπειδὴ
3307 5480 3528 5553 βασιλέα
3554 5477 3639 5532 καὶ
3664 5474 3833 5544 κέρας

705 5649 750 5682 ⁸⁸
779 5651 931 5703 Joan.
960 5663 1077 5712 vui,
1115 5647 1215 5715 12;
1243 5662 1356 5714 xw,
1380 5645 1433 5700 6.
1509 5645 1552 5676 ⁸⁷
1581 5643 1724 5700 Psal.
1765 5658 1899 5707 xvu,
1929 5643 1982 5697 '5.
2049 5638 2094 5670 ⁵⁸
2128 5634 2187 5688 Ps

2291 5648 2506 5699 excvm,
2539 5633 2624 5687 14.
2666 5633 2710 5664 ⁵³
2738 5593 2970 5704 Pliilipp.
2995 5649 3056 5698 ll,
3078 5632 3132 5689 8.

711 5783 783 5849 (Il
819 5785 870 5833 ln
902 5781 1100 5834 tinens
1127 5776 1521 5849 exemplaribus
1558 5772 1772 5827 additur
1800 5764 2031 5849 ψαλμός,
2062 5776 2202 5849 .qua:
2239 5777 2337 5819 vox
2378 5777 2476 5820 nec
2513 5763 2566 5817 in
2607 5758 2868 5817 chraico
2905 5773 3007 5815 nec
3043 5758 3099 5816 in
3132 5756 3359 5842 Vulgata
3402 5751 3613 5828 legitur,
3646 5764 3833 5821 neque

645 5835 949 5909 in‘Euscbii
975 5835 1370 5919 exemplarifut
1411 5848 1522 5916 ipse
1563 5835 1844 5906 metuont,
1877 5835 2166 5891 ferebatur.
