3966 6348
145 445 234 502 585

1228 443 1722 501 COMMENTARIA
1758 445 1826 499 IN
1863 421 2195 501 nmmos.

3216 444 3320 502 386

146 563 410 630 ἐκτήσαντο
454 559 616 613 αὐτὸν
672 557 766 613 τὸν
793 557 1016 631 Κύριον,
1046 557 1271 624 είκότως
1304 563 1414 624 τοῖς
1463 539 1666 631 ἐχθροῖς

1773 557 1896 614 llaec
1919 574 2050 614 sane
2076 555 2388 630 signiﬁcant
2416 557 2500 612 his
2524 556 2742 613 verbis:
2769 557 3005 614 Salvasti
3033 573 3126 614 nos
3147 557 3212 613 de
3239 559 3323 626 af-

147 657 209 722 μὴ
239 651 527 723 ὑποχείριοι
574 649 896 722 γενήσεσθαί
945 667 1075 722 φασι
1098 668 1112 682 ·
1150 651 1429 723 κρείττους
1463 651 1520 706 δὲ
1565 651 1673 705 τῶν

144 741 388 812 πολεμίων
431 742 687 813 ὑπάρξαι.
739 742 910 797 Τοῦτο
950 742 1079 812 γοῦν
1114 743 1330 814 δηλοῦσι
1393 743 1671 813 λέγοντεςο

147 839 400 901 Ἐσωσάς
425 834 583 904 ἡμᾶς
600 837 668 888 ἐκ
695 833 812 889 τῶν
837 836 1159 892 θλιϐόντων
1196 834 1374 906 ἡμᾶς,
1407 837 1506 892 καί
1534 836 1672 903 τσὺς

138 921 441 992 μισοῦντας
485 922 642 992 ἡμᾶς
694 925 1095 994 κατῄσχυνας.
1141 927 1252 981 Καὶ
1288 926 1581 998 ἐπειδήπερ
1621 929 1670 980 οἱ

143 1017 226 1086 μὲν
255 1013 426 1084 ἐχθροὶ
458 1014 717 1086 αἰσχύνην
748 1017 1090 1088 κατεχέαντο,
1116 1018 1268 1072 αὐτοὶ
1297 1018 1354 1072 δὲ
1373 1020 1473 1072 ούκ
1496 1019 1672 1090 οίκείᾳ

140 1109 359 1178 δυνάμει,
483 1108 540 1161 δὲ
564 1109 656 1162 τοῦ
691 1110 865 1182 κέρως
887 1111 1064 1165 αὐτῶν
1099 1111 1378 1182 ἐσώθησαν
1399 1128 1412 1141 ·
1449 1111 1669 1175 εἰκότως

140 1202 530 1255 ἐπισυνάπτουσι
576 1201 853 1271 λέγοντες·
911 1205 1015 1258 Ἕν
1046 1203 1140 1270 τῷ
1182 1203 1302 1270 Θεῷ
1354 1204 1668 1271 ἐπαινεθη-

139 1295 337 1362 σιεμεθα
363 1294 512 1362 ὅλην
531 1294 645 1364 τὴν
674 1294 899 1366 ἡμέραν
919 1313 934 1326 ·
961 1297 994 1368 ἢ
1022 1296 1162 1351 κατὰ
1179 1296 1269 1364 τὸν
1298 1294 1544 1358 Ἀκύλαν,
1575 1293 1669 1348 Ἐν

138 1385 206 1450 τῷ
235 1385 349 1452 Θεῷ
379 1388 825 1458 καυχησόμεθα·
862 1389 895 1460 ἢ
925 1389 1063 1465 κατα
1088 1389 1180 1444 τὸν
1211 1389 1518 1461 Σύμμαχον,
1557 1388 1668 1443 Τὸν

138 1476 267 1528 Θεὸν
287 1477 586 1546 ὑμνοῦμεν
605 1477 758 1546 ὅλην
782 1477 897 1547 τὴν
926 1481 1170 1549 ἡμέραν,
1199 1479 1295 1534 καί
1321 1479 1398 1545 τῷ
1423 1479 1667 1550 ὀνόματί

135 1581 236 1618 σου
255 1567 801 1638 ἐξομολογησόμεθα
849 1573 935 1635 εἰς
964 1568 1070 1623 τὸν
1095 1569 1295 1626 αἰῶνα.
1332 1571 1441 1642 Τὴν
1479 1571 1535 1625 δὲ
1581 1570 1667 1636 ἐξ-

135 1659 427 1731 ομολόγησιν
445 1661 567 1715 ἀντὶ
595 1662 940 1733 εὐχαριστίας
958 1662 1395 1734 παραλαμϐάνειν
1416 1660 1674 1714 εἰώθασιν.

133 1751 182 1802 αἱ
210 1751 593 1821 Γραφαί·ὦστε
619 1753 840 1818 εἰκότως
873 1753 968 1806 καὶ
997 1753 1296 1823 καυχᾶσθαι
1329 1754 1421 1806 καὶ
1455 1753 1662 1822 ὑμνεῖν,
1713 1800 1719 1806 .

133 1840 212 1893 καὶ
229 1841 462 1896 ἐπαινεῖν
475 1843 570 1896 καὶ
584 1842 934 1907 ἐπαινεῖσθαι,
951 1843 1286 1916 εὐχαριστεῖν
1306 1861 1360 1895 τε
1376 1843 1468 1894 καὶ
1480 1842 1666 1912 ἐξομοο

1771 651 2068 722 ﬂigentibus
2114 667 2205 705 nos
2225 691 2241 714 ,
2285 663 2334 705 et
2363 647 2593 704 odientes
2624 667 2717 706 nos
2750 649 3056 719 confudisti.
3091 650 3156 707 Et
3193 655 3322 724 quia

1773 744 1977 800 inimici
2013 744 2226 814 quidem
2257 743 2311 798 in
2339 759 2434 798 eos
2463 743 2814 814 Opprobrium
2844 741 3146 797 eﬂ'uderant
3171 762 3186 810 ;
3218 745 3325 814 ipsi

1771 853 1899 893 vero
1927 853 2036 892 non
2057 837 2281 908 propria
2313 838 2546 902 virtute,
2578 836 2671 891 sed
2696 851 2867 890 cornu
2897 837 2978 891 sui
3007 835 3324 894 fertitudine

1771 929 2000 984 salutem
2049 929 2282 983 assecuti
2327 938 2493 990 sunt;
2540 928 2736 982 merito
2777 927 2892 982 haec
2921 926 3219 997 adjiciunt:
3255 928 3320 983 In

1772 1020 1876 1074 Deo
1907 1019 2242 1074 laudabimur
2271 1017 2380 1074 tota
2405 1019 2530 1086 die;
2577 1027 2670 1074 aut
2709 1021 3004 1075 secundum
3036 1020 3316 1090 Aquilam:

1771 1110 1835 1165 In
1870 1113 1974 1168 Deo
2000 1113 2385 1186 gloriabimur;
2420 1114 2533 1169 sive
2566 1113 2862 1168 secundum
2895 1111 3314 1184 Symmachum:

1765 1204 1933 1258 Deum
1962 1204 2336 1260 celebrabimus
2372 1215 2484 1258 tota
2520 1204 2636 1267 die,
2666 1213 2715 1258 et
2745 1205 2941 1258 nomini
2983 1213 3070 1257 tuo
3102 1203 3319 1271 conﬁte-

1765 1293 1942 1347 bimur
1971 1295 2026 1349 in
2053 1305 2325 1362 internum.
2354 1293 2766 1349 Confessionem
2797 1307 2966 1364 porro
2987 1308 3086 1364 pro
3115 1294 3320 1362 gratia-

1765 1399 1885 1438 rum
1912 1386 2125 1440 actione
2154 1400 2421 1456 usurpare
2451 1384 2747 1455 Scriptura:
2775 1386 2949 1441 solent
2977 1403 2992 1448 ;
3026 1386 3098 1439 ita
3126 1392 3183 1438 ut
3210 1400 3322 1438 me-

1765 1476 1903 1540 rito,
1949 1477 2208 1546 gloriari,
2243 1478 2474 1547 hymnos
2517 1477 2824 1542 celebrare,
2857 1477 3076 1530 laudare
3115 1487 3169 1530 et
3201 1477 3319 1528 laus

1764 1567 1879 1623 dari
1903 1609 1916 1631 ,
1940 1568 2142 1638 gratias
2168 1582 2327 1638 agere
2350 1579 2398 1622 et
2426 1569 2670 1622 conﬁteri
2698 1569 2911 1630 dicant,
2935 1567 3134 1637 quibus
3157 1563 3316 1636 Regis

1764 1658 1848 1714 sui
1890 1659 2089 1711 virtute
2133 1665 2286 1727 parta
2334 1657 2485 1712 salus
2526 1659 2651 1710 fuit.
2685 1655 2791 1712 Sed
2834 1657 2948 1712 haec
2993 1657 3209 1728 quidem
3250 1673 3318 1711 ex

1766 1755 1995 1820 persona
2029 1750 2180 1805 chori
2220 1749 2520 1819 prephetici
2554 1749 2696 1804 dicta
2722 1758 2869 1804 sunt.
2914 1749 3044 1815 Quae
3075 1764 3200 1804 vero
3224 1749 3320 1802 de-

1765 1841 1888 1897 inde
1915 1841 2161 1903 feruntur
2191 1841 2353 1896 iidem
2381 1855 2572 1897 rursus
2591 1881 2607 1908 ,
2636 1841 2998 1896 multitudinis
3025 1855 3187 1896 casus
3211 1839 3315 1895 sibi

132 1930 377 1998 λογεῖαθαι
396 1936 446 1988 οἱ
473 1935 991 2008 σεσωσμένοιτῇτοῦ
1027 1935 1285 2007 βασιλέως
1305 1935 1480 1989 αὖτῶν
1496 1935 1662 2005 ἀρετῇ

1765 1933 2098 1989 ascribentes
2117 1971 2133 1996 ,
2163 1939 2441 1988 enarrant.

131 2039 294 2092 φασιν.
331 2026 488 2080 Ἀλλὰ
515 2026 683 2080 ταῦτα
715 2027 814 2098 μὲν
845 2027 909 2080 ὲκ
941 2027 1226 2100 προσώπου
1257 2027 1348 2080 τοῦ
1391 2026 1552 2099 χοροῦ
1591 2042 1698 2080 των
1732 2026 2020 2097 προφητῶν
2056 2024 2296 2097 εἴρηται·
2322 2025 2388 2078 τὰ
2413 2024 2458 2077 δ’
2490 2025 2617 2096 ἑξῆς
2652 2026 3014 2098 ἐπιφερόμενα
3055 2024 3214 2079 πάλιν
3263 2026 3312 2078 οἱ

85 2143 88 2148 ·
131 2121 285 2185 αὐτοὶ,
321 2121 730 2193 ἰδιοποιούμενοι
779 2123 848 2180 τὰ
893 2123 970 2195 τῷ
999 2123 1194 2196 πλήθει
1250 2122 1665 2194 συμὸεὸηκὸτα,
1704 2104 2088 2193 διεξέρχονται.

187 2216 329 2272 Νυνὶ
375 2216 442 2270 δὲ
494 2215 714 2272 ἀπώσω
763 2219 860 2273 καί
902 2219 1289 2290 κατῄσχυνας
1328 2217 1508 2290 ἡμᾶς,
1566 2217 1662 2273 καὶ

130 2312 224 2365 οὐκ
247 2310 534 2379 ἐξελεύσῃ
573 2312 644 2364 ἐν
675 2312 802 2377 ταῖς
830 2312 1162 2381 δυνάμεσιν
1192 2311 1378 2382 ἡμῶν.
1425 2311 1576 2370 Ἐπεὶ
1604 2310 1666 2362 τὸ

131 2404 311 2475 πλῆθος
323 2403 412 2457 τοῦ
439 2403 637 2468 παντὸς
667 2403 928 2458 Ἰουδαίων
945 2406 1146 2469 ἔθνους,
1171 2407 1228 2458 ἐν
1245 2404 1518 2467 παντοίαις
1539 2406 1666 2458 ἀσε-

128 2495 282 2560 ϐείαις
314 2496 406 2550 καὶ
422 2496 781 2568 παρανομίαις
795 2483 1176 2568 ὲξητασμένον,
1193 2497 1291 2550 οὐκ
1305 2492 1372 2568 ἦν
1385 2495 1663 2566 ἀλλότριον

128 2583 210 2638 τοῦ
238 2582 481 2656 σώματος
503 2577 595 2638 τοῦ
620 2585 976 2656 προφητικοῦ,
1006 2585 1228 2659 εἰκότως
1264 2587 1332 2640 τὰ
1371 2587 1448 2657 τῷ
1471 2585 1661 2657 πλήθει

130 2678 390 2749 σδμδάντα
445 2677 850 2750 ἰδιοποιούμενοι
897 2679 944 2732 οἱ
985 2677 1058 2732 τὰ
1108 2678 1298 2750 πρώτα
1345 2679 1660 2750 εἰρηκότες,

130 2771 276 2840 μέσου
311 2771 677 2843 διαψάλματος
708 2771 1198 2844 παρεμϐληθέντος,
1240 2772 1319 2833 εἰς
1358 2772 1660 2842 παράτασιν

126 2860 213 2930 τῆς
242 2863 536 2934 μεταϐολῆς
577 2863 682 2916 τῶν
721 2862 1132 2934 λεχθησομένων.
1170 2861 1549 2935 προφέρονται.
1597 2863 1660 2916 Οί

130 2955 216 3022 μὲν
237 2951 328 3009 οὖν
354 2955 584 3026 πατέρες
611 2954 766 3026 ἡμῶν
790 2955 1114 3027 ἀνήγγειλαν
1134 2957 1287 3027 ἡμῖν,
1300 2955 1394 3008 καὶ
1407 2957 1516 3018 τοῖς
1530 2957 1660 3024 ἠμε-

125 3040 284 3110 τὲροις
331 3040 597 3112 ἠκούομεν
649 3041 783 3095 ὠσὶν
837 3044 994 3097 ὁποῖα
1047 3042 1387 3114 κατειργάσω
1435 3043 1493 3094 ἐν
1542 3042 1659 3104 ταῖς

124 3130 340 3201 ἡμέραις
369 3130 568 3195 αὐτῶν,
602 3131 698 3186 καὶ
736 3129 803 3185 τὰ
829 3129 972 3203 ἑξῆς.
1005 3130 1139 3185 Νυνὶ
1169 3130 1226 3184 δὲ
1264 3129 1554 3202 ὀφθαλμοῖς
1597 3130 1657 3184 οὺ

124 3221 332 3276 τοιαῦτα
380 3223 626 3295 ὁρῶμεν·
675 3223 744 3278 τὰ
787 3223 844 3278 δὲ
883 3223 1088 3288 τούτοις
1138 3223 1373 3277 ἐναντία.
1432 3221 1658 3277 Ἀπώσω

127 3309 219 3382 ii?
249 3312 410 3382 ἡμᾶς,
459 3315 524 3368 σὺ
547 3315 576 3368 ὁ
615 3314 762 3379 Θεὸς,
793 3316 822 3367 ὁ
856 3314 1020 3369 πάλαι.
1067 3314 1192 3378 τοὺς
1225 3313 1462 3385 πατέρας
1499 3312 1656 3384 ἡμῶν

124 3401 390 3466 διασώσας,
415 3405 505 3458 διὰ
563 3405 661 3469 τὰς
697 3405 967 3477 ⁴ι,,.ετέρας
1009 3406 1282 3476 ἁμαρτίας
1329 3408 1452 3469 τοὺς
1493 3404 1655 3458 παλαι

1832 2215 1996 2270 Vsus.
2039 2216 2122 2270 l0.
2185 2214 2341 2270 Nunc
2401 2224 2576 2270 autem
2631 2215 2869 2286 repulisti
2923 2222 2970 2269 et
3029 2211 3313 2281 confudisti

1760 2325 1855 2362 nos
1875 2346 1890 2373 ,
1927 2317 1976 2362 et
2006 2325 2108 2362 non
2141 2309 2421 2379 egredieris
2447 2347 2461 2371 ,
2492 2306 2634 2362 Deus
2656 2347 2670 2371 ,
2696 2308 2751 2360 in
2777 2305 3052 2361 virtutibus
3080 2296 3272 2357 nostris
3295 2341 3312 2366 ,

1761 2409 1866 2454 etc.
1899 2399 2495 2465 Quoniam-multitudo
2535 2398 2705 2452 totius
2751 2398 2932 2468 populi
2978 2395 3221 2460 Judaici,
3258 2395 3314 2449 in

1758 2492 1904 2546 omni
1947 2491 2244 2569 impietatis
2285 2500 2339 2546 et
2381 2490 2746 2562 improbitatis
2802 2503 2995 2560 genere
3039 2488 3311 2544 volutata.

1760 2598 1871 2637 non
1922 2583 2098 2637 aliena
2145 2591 2264 2638 erat
2311 2598 2341 2636 a
2387 2598 2620 2654 corpore
2660 2577 3080 2653 prophetarum,
3132 2579 3314 2657 perﬁdi

1756 2689 2026 2728 aerumnas
2067 2674 2171 2728 sibi
2213 2675 2465 2744 proprias
2506 2676 2865 2730 attribuentes
2894 2675 2988 2746 qui
3033 2657 3314 2744 supéiiora

1757 2767 2037 2828 dixerant,
2070 2765 2398 2820 intermedio
2429 2766 2786 2834 diapsalmate
2806 2801 2822 2826 ,
2854 2763 2918 2817 ad
2955 2763 3312 2818 mutationem

1760 2871 1950 2911 eorum
2013 2870 2134 2924 quae
2164 2853 2506 2925 postmodum
2542 2852 2718 2907 fusius
2750 2851 2949 2906 dicturi
2985 2859 3149 2915 sunt,
3190 2865 3313 2907 sese

1756 2955 1995 3002 vertunt.
2040 2945 2231 3000 Patres
2275 2945 2458 3015 itaque
2495 2944 2671 3000 nostri
2711 2943 3170 2998 annnntiaverunt
3214 2956 3314 2995 no-

1757 3038 1842 3094 bis
1861 3079 1875 3103 ,
1909 3053 1972 3092 ac
2003 3053 2104 3092 nos
2131 3037 2264 3109 ipsis
2293 3037 2519 3092 auribus
2546 3036 2850 3089 audivimus
2871 3074 2886 3100 ,
2915 3033 3096 3104 qualia
3121 3044 3312 3103 opera-

1759 3136 1844 3182 tus
1891 3130 1972 3187 sis
2013 3129 2068 3183 in
2115 3128 2310 3183 diebus
2353 3143 2576 3190 eorum,
2611 3133 2666 3182 et
2696 3135 2913 3181 caetera.
2947 3124 3102 3181 Nunc
3134 3131 3312 3180 autent

1757 3236 1856 3278 nos
1889 3237 2229 3292 nequaquam
2260 3220 2456 3276 similia
2502 3220 2778 3283 videmus,
2817 3219 2913 3276 sed
2951 3219 3020 3291 iis
3049 3218 3314 3288 opposita.

1755 3311 1834 3369 Tu
1861 3329 2111 3384 namque,
2137 3313 2299 3376 Deus,
2326 3312 2416 3382 qui
2442 3313 2568 3366 olim
2602 3320 2782 3382 patres
2810 3322 3026 3368 nostros
3051 3311 3316 3378 servasti,

1758 3415 1977 3476 propter
2017 3413 2238 3476 peccata
2269 3411 2456 3459 nostra
2487 3404 2734 3472 rcpulisti
2762 3418 2894 3467 nos,
2929 3417 3024 3458 eos
3052 3402 3146 3474 qui
3179 3402 3234 3458 in
3263 3409 3318 3458 te

124 3492 202 3544 ἐπὶ
234 3494 316 3546 σοὶ
356 3494 495 3564 μέγα
533 3494 858 3566 φρονοῦντας
878 3533 894 3559 ,
929 3496 1022 3548 καὶ
1066 3497 1122 3548 ἐν
1161 3498 1245 3549 σοι
1278 3499 1655 3568 καυχωμένους

1760 3499 1883 3552 olim
1907 3497 2186 3569 magniﬁce
2206 3489 2531 3553 sentiebant.
2557 3504 2609 3548 et
2629 3497 2682 3547 in
2710 3502 2760 3548 te
2781 3494 3172 3564 gloriabantur,
3193 3508 3318 3548 con-

125 3584 477 3657 κατῄσχυνας,
530 3587 768 3658 ἐρήμους
824 3585 1134 3642 καταλιπὼν
1189 3589 1281 3641 καὶ
1328 3588 1657 3661 ἀϐοηθήτους

125 3676 173 3727 ἐν
221 3679 283 3748 τῇ
328 3677 462 3748 πρὸς
512 3679 639 3742 τοὺς
695 3677 980 3750 πολεμίους
1041 3678 1300 3752 συμϐολῇ.
1368 3681 1499 3734 Οὐδὲ
1551 3681 1658 3753 γὰρ

125 3765 475 3834 συνεξῆλθες
522 3766 650 3834 ταῖς
695 3767 1024 3839 δυνάμεσιν
1069 3767 1269 3839 ἡμῶν·
1319 3768 1351 3840 ᾖ
1384 3770 1526 3824 κατὰ
1568 3770 1658 3822 τὸν

127 3859 413 3931 Σύμμαχον,
442 3859 564 3926 τοῖς
581 3862 1019 3931 στρατεύμασιν
1041 3856 1221 3932 ἡμῶν,
1257 3861 1366 3916 Καὶ
1388 3861 1477 3915 διὰ
1503 3862 1659 3915 τοῦτο

124 3950 482 4021 ἀπέστρεψας
502 3949 658 4019 ἡμᾶς
675 3953 761 4017 είς
781 3953 850 4006 τὰ
867 3952 1057 4006 ὀπίσω
1079 3954 1236 4022 παρὰ
1256 3953 1394 4018 τοὺς
1411 3953 1658 4023 ἐχθροὺς

128 4043 307 4112 ἡμῶν
325 4046 379 4111 ἦ,
406 4042 546 4098 κατὰ
567 4045 656 4098 τὸν
683 4043 976 4117 Σύμμαχον
995 4063 1008 4077 ·
1037 4046 1292 4112 Ἕταξας
1316 4043 1660 4117 ήμᾶςὲσχιὶ-

125 4155 252 4206 τους
280 4139 518 4206 παντὸς·
541 4138 850 4204 ἐναντίου,
902 4139 999 4193 καὶ
1041 4144 1096 4195 οἱ
1135 4141 1457 4212 μισοῦντες
1504 4138 1658 4210 ἡμᾶς

81 4267 84 4271 ι
126 4229 528 4300 διαρπάζουσιν
566 4231 817 4298 ἑαυτοῖς.
843 4231 1113 4301 Ἐδωκας
1141 4234 1298 4305 ἡμᾶς
1327 4236 1405 4302 ὡς
1429 4235 1660 4301 βοσκή-

121 4339 260 4393 ματα
281 4326 581 4394 βρώσεως,
612 4326 705 4379 καὶ
734 4328 820 4392 εὶς
850 4325 922 4379 τὰ
943 4325 1086 4394 ἔθνη
1113 4327 1445 4400 ἐλίκμησας
1482 4326 1656 4399 ἡμᾶς.

135 4416 354 4474 Ἁπέδου
397 4421 504 4474 τὸν
561 4421 714 4474 ,ιαόν
753 4433 870 4472 σου
925 4419 1039 4488 οὐχ
1073 4417 1402 4489 ὑπάρξεως,
1443 4421 1539 4475 καὶ
1588 4423 1660 4476 οὐ

125 4509 347 4578 πολλὴν
386 4512 681 4580 ἐποίησας
720 4509 834 4578 τὴν
865 4509 1044 4579 τιμὴν
1084 4511 1310 4566 αὐτῶν·
1350 4517 1660 4584 προπηλα-

126 4601 325 4670 κισμὸν
394 4604 546 4673 μετὰ
633 4601 977 4674 χλευασμοῦ
1047 4603 1170 4669 τοῖς
1221 4605 1422 4669 κύκλῳ
1472 4605 1657 4676 ἡμῶν.

137 4693 435 4764 Ἐποίησας
472 4697 630 4767 ἡμᾶς
659 4694 1004 4766 παραϐολὴν
1039 4695 1108 4748 ἐν
1148 4695 1272 4762 τοῖς
1309 4697 1537 4761 ἔθνεσι,
1572 4699 1660 4752 κί-

126 4800 291 4852 νησιν
316 4789 579 4858 κεφαλῆς
608 4791 678 4845 ἐν
709 4790 838 4856 ταῖς
875 4787 1112 4860 φυλαῖς.
1151 4788 1230 4842 Δι’
1270 4787 1417 4858 ὅλης
1443 4792 1664 4860 ἡμέρας

1763 3589 1971 3653 fudiSti,
1998 3595 2158 3658 atque
2182 3587 2234 3640 in
2257 3574 2556 3658 congressu.
2583 3601 2705 3640 cum
2734 3584 2970 3640 inimicis
2991 3583 3235 3640 desertos
3261 3591 3317 3640 et

1757 3697 1860 3748 ope
1897 3695 2096 3736 vacuos
2139 3679 2415 3734 dimisisti.
2445 3678 2630 3748 Neque
2667 3678 2810 3732 enim
2838 3693 3074 3748 egressus
3105 3693 3160 3731 es
3194 3692 3313 3730 cum

1758 3771 2030 3825 virtutibus
2054 3771 2270 3832 nostris,
2287 3771 2421 3834 sive",
2446 3769 2744 3836 secundum
2773 3768 3177 3840 Symmachum,
3196 3784 3314 3823 cum

1755 3862 2068 3915 exercitibus
2101 3862 2318 3916 nostris.
2356 3859 2588 3932 Ideoque
2631 3861 2866 3916 avertisti
2909 3877 3002 3915 nos
3028 3871 3316 3915 retrorsum

1754 3963 1869 4022 post
1895 3953 2132 4008 inimicos
2155 3962 2362 4007 nostros
2383 3968 2402 4017 ;
2424 3954 2543 4018 vel,
2571 3955 2868 4009 secundum
2889 3951 3274 4025 Symmachum
3299 3971 3315 4010 :

1761 4045 2036 4102 Ordinasti
2062 4062 2154 4100 nos
2182 4046 2398 4101 ultimos
2422 4047 2655 4100 omnium
2681 4045 3101 4100 adversariorum
3119 4087 3133 4112 ,
3159 4056 3206 4100 et
3228 4048 3318 4118 qui

1758 4141 1977 4196 oderunt
2004 4155 2119 4205 nos,
2141 4139 2395 4208 diripiunt
2422 4139 2543 4194 sibi.
2573 4139 2775 4210 Dedisti
2796 4155 2888 4193 nos
2901 4147 2957 4192 ut
2989 4153 3140 4208 pecus
3170 4139 3308 4209 quod

1729 4301 1734 4305 ζ
1759 4231 2064 4295 comeditur,
2083 4234 2202 4286 etin
2225 4242 2396 4303 gentes
2418 4232 2681 4287 ventilasti
2711 4248 2824 4287 nos.
2845 4230 3134 4286 Tradidisti
3154 4246 3318 4300 popu-

1761 4323 1869 4377 lum
1897 4333 2044 4384 tuum
2067 4323 2179 4397 sine
2202 4323 2517 4386 substantia,
2543 4338 2632 4376 nec
2655 4322 2875 4373 multum
2902 4319 3072 4388 fecisti
3091 4322 3317 4389 pretium

1760 4431 1940 4471 eorum
1963 4431 1982 4468 :
2011 4402 2345 4488 opprobrium
2383 4431 2495 4470 cum
2530 4414 2773 4468 irrisione
2797 4412 2862 4465 iis
2888 4413 2978 4482 qui
2997 4410 3193 4466 circum
3222 4430 3314 4468 nos

1761 4518 1900 4563 sunt.
1937 4505 2134 4561 Fecisti
2161 4525 2254 4560 nos
2287 4506 2597 4574 parabolam
2618 4505 2670 4557 in
2701 4502 2936 4574 gentibus
2957 4543 2972 4567 ,
3005 4505 3316 4558 commotio-

1762 4617 1874 4655 nem
1904 4600 2092 4669 capitis
2116 4599 2168 4652 in
2198 4597 2454 4651 tribubus.
2493 4594 2596 4649 Per
2626 4604 2789 4648 totum
2817 4595 2952 4650 diem
2984 4597 3315 4666 opprobrium

1764 4709 1934 4748 meum
1983 4701 2168 4745 contra
2210 4705 2289 4743 me
2335 4699 2449 4750 est,
2495 4697 2544 4742 et
2575 4686 2758 4756 pudor
2803 4686 2975 4742 vultus
3016 4689 3118 4742 mei
3154 4691 3317 4758 operit

1764 4804 1843 4842 me
1866 4826 1880 4849 ,
1915 4802 1946 4838 a
1980 4799 2096 4838 uoce
2153 4780 2519 4850 exprobrantis
2551 4790 2601 4835 et
2634 4779 3039 4850 blaspltemantis
3066 4822 3080 4847 ,
3117 4799 3150 4835 a
3183 4783 3317 4852 facie

127 4877 160 4943 ή
183 4851 591 4951 dogma-iman
626 4901 745 4953 μου
784 4851 1234 4951 (irruptio—you,
1269 4851 1428 4936 καίο
1467 4851 1662 4937 inurat:

1766 4879 1965 4935 inimici
2014 4886 2063 4931 et
2121 4875 2418 4930 ulciscentis
2465 4891 2538 4931 se.
2590 4873 2716 4930 Haec
2760 4875 2871 4929 tam
2917 4876 3084 4929 multa
3121 4880 3320 4930 cturus

128 4975 382 5040 σχινμμός
425 4976 533 5030 τοῦ
573 4975 895 5046 προσώπου
929 4992 1050 5046 μου
1105 4974 1391 5027 καλύπτει
1437 4991 1514 5044 με
1544 4975 1660 5030 ἀπὸ

128 5059 314 5128 φωνῆς
353 5064 737 5134 ὀνειδίζοντος
796 5067 894 5122 καί
948 5066 1492 5135 ,βλασφημῶν-τις,
1546 5067 1665 5121 ἀπὸ

131 5150 426 5214 προσώπου
464 5154 681 5224 ἐχθροῦ
727 5157 831 5226 καὶ
876 5159 1265 5229 τιμωροῦντος
1313 5156 1520 5222 ἑαυτῷ.
1569 5160 1665 5212 Το-

132 5239 287 5294 σαῦτα
305 5244 441 5313 κατὰ
478 5246 570 5300 τὸν
608 5246 900 5319 Σύμμαχον
929 5252 958 5303 ὁ
985 5249 1143 5322 χορὸς
1181 5250 1209 5302 ὁ
1246 5250 1574 5318 προφητικὸς

1759 4971 2100 5045 propheticus
2147 4969 2202 5022 in
2245 4983 2344 5024 sua
2382 4967 2450 5024 ad
2488 4967 2658 5024 Deum
2699 4965 3122 5039 supplicatione.
3167 4968 3316 5020 cala-

1764 5066 1976 5120 mitates
2024 5061 2220 5133 populi
2279 5063 2563 5117 ascribens
2619 5061 2768 5123 sibi,
2830 5066 3152 5131 prosccutus
3208 5067 3312 5113 est.

1762 5155 2254 5211 Commonstratum
2297 5154 2482 5225 itaque
2512 5161 2595 5210 est
2627 5169 2746 5225 quae
2782 5166 2947 5208 causa
2990 5151 3123 5220 ipsis
3159 5149 3316 5207 ﬂetus

1767 5251 1819 5305 in
1856 5247 2289 5318 praecedentibus
2323 5247 2507 5304 fuerit.

491 5339 636 5393 Θεὸν.
659 5341 906 5415 ἱκετηρία
963 5342 1254 5415 διεξῆλθεν,
1283 5344 1360 5406 είς
1413 5343 1602 5396 ὲαυτον
1661 5342 2047 5414 ἀναλαμϐάνων
2091 5321 2284 5396 τ·ὰῖιοῦ
2324 5341 2454 5396 λαοῦ
2495 5339 2662 5411 πάθη.
2709 5337 3101 5408 Σεσαφήνισται
3142 5334 3317 5388 τοίνυν

136 5425 185 5478 ὲν
226 5429 328 5492 τοῖς
379 5433 754 5501 προκειμένοις
803 5435 871 5489 δι’
910 5439 978 5508 ῆν
1027 5437 1327 5510 ἔμπροσθεν
1375 5437 1774 5493 ἀπεκλαύσατο.

199 5524 371 5580 Ταῦτα
400 5523 594 5579 πάντα
624 5525 811 5595 ἦλθεν
839 5530 931 5600 ἐφ’
960 5531 1134 5602 ἡμᾶς,
1166 5532 1263 5588 καὶ
1301 5534 1410 5588 οὐκ
1445 5525 1659 5589 ἐπελα-

139 5617 325 5686 ϐόμεθα
344 5636 475 5674 σου.
536 5620 744 5692 ’Ὠσπερ
787 5622 1150 5696 ἀσεϐήσαντός
1212 5643 1337 5680 ποτε
1393 5626 1484 5679 τοῦ
1528 5627 1657 5682 λαοῦ

141 5706 217 5760 ἐπὶ
242 5711 331 5782 τῆς
354 5712 447 5783 ὲρή
457 5727 577 5782 μου,
611 5710 800 5766 ἔπειτα
831 5704 1218 5788 παραδοθέντος
1249 5715 1324 5787 τῷ
1348 5716 1658 5791 ὀλοθρευτῇ,

47 5781 58 5826 ³
139 5781 300 5852 λαϐὼν
328 5781 531 5872 Ἀαρὼν
561 5799 623 5856 τὸ
652 5781 1003 5876 θυμιατήριον
1026 5781 1391 5877 προσήνεγκεν
1409 5781 1547 5876 ὑπὲρ
1566 5781 1659 5858 τού

141 5882 248 5940 λαοῦ
275 5889 330 5944 τὺ
359 5892 624 5968 θυμίαμα·
655 5894 753 5951 καὶ
781 5895 969 5968 ibian
990 5899 1028 5952 ιὸ
1059 5897 1189 5961 Θεὸς
1246 5893 1324 5968 τῷ
1354 5895 1541 5968 πλήθει
1572 5899 1674 5974 διὰ.

1831 5529 1995 5586 Vsus.
2029 5529 2116 5584 18.
2162 5529 2292 5587 Hinc
2334 5530 2511 5584 omnia
2566 5536 2807 5584 venerunt
2864 5540 3017 5593 super
3075 5539 3189 5582 nos,
3225 5540 3317 5578 nec

1763 5624 1911 5680 obliti
1937 5639 2116 5678 sumus
2143 5633 2208 5679 te.
2250 5621 2708 5690 Quemadmodum
2746 5619 2872 5676 olim
2919 5633 3041 5672 cum
3085 5617 3317 5687 papulas
3375 5655 3382 5658 -

1764 5701 2170 5786 impie'cgisset
2218 5715 2272 5770 in
2307 5713 2543 5776 deserto,
2576 5727 2638 5766 ac
2670 5709 2864 5765 deinde
2906 5709 3314 5764 exterminatori

1767 5807 2000 5864 traditus
2032 5806 2247 5872 fuisset,
2277 5811 2556 5874 assumpto
2582 5801 2761 5857 Aaron
2800 5801 3098 5866 thuribulo,
3130 5801 3314 5865 inccn-

1765 5911 1884 5958 sum
1930 5912 2030 5970 pro
2074 5898 2274 5970 populo
2322 5896 2591 5963 adolevit,
2641 5908 2705 5950 ac
2750 5903 2969 5966 propter
3017 5891 3319 5952 sacerdotis
