3958 6340
536 420 727 487 '58“:

1363 428 1451 487 EU
1459 428 1629 485 SEBll
1667 429 2138 487 CESARI‘ENSIS

2266 428 2319 484 P.
2360 427 2539 484 PARS
2574 428 2661 485 lll.
2699 431 2769 473 -ὲ-
2803 431 3209 493 ΕΧΕΕΕΤΙΟΑ.

3731 443 3815 499 388

620 517 953 607 obiationem
1007 549 1253 621 placatus
1298 561 1382 607 est
1434 554 1634 623 populo
1672 553 1846 621 Deus;
1897 556 1971 610 ita
2017 557 2165 609 etiam

2283 555 2378 627 τὴν
2410 554 2501 608 τοῦ
2537 555 2723 627 ἱερέως
2784 519 3078 627 ἀναφοράν·
3105 557 3197 611 τὸν
3243 557 3404 612 αὐτὸν
3432 526 3631 631 τρόπον
3690 561 3818 616 καὶό

625 644 827 698 chorus
853 642 1233 712 propheticus.
1254 651 1307 697 et
1330 644 1533 715 quique
1556 646 1711 715 probi
1742 647 1844 707 viri
1872 647 1927 701 in
1956 648 2177 717 pOpulo,

624 735 945 792 rationabile
968 734 1298 791 sacriﬁcium
1326 749 1483 790 suum
1512 752 1607 808 per
1635 740 1936 794 orationem
1966 754 2064 811 pro
2086 755 2185 810 po-

623 826 954 899 pulo‘fusam
980 824 1237 890 oderunt,
1259 834 1406 881 recte
1433 826 1574 881 l‘acta
1604 843 1727 905 sua,
1746 830 1865 884 loco
1892 828 2185 885 sacriﬁcio-

623 936 741 975 rum
793 928 849 973 et
892 920 1231 975 oblationum
1278 919 1407 973 boni
1458 920 1665 987 odoris,
1692 936 1795 991 pro
1837 922 2179 977 multitudine

619 1011 728 1067 Deo
762 1010 1070 1067 oﬂerentes.
1115 1008 1302 1079 Neque
1328 1012 1472 1064 enim
1500 1012 1895 1069 convenitbzec
1921 1011 2176 1082 populum

617 1105 818 1171 dicere.
837 1119 1014 1173 neque
1032 1118 1128 1157 eos
1151 1103 1244 1172 qui
1272 1102 1608 1171 impietatum
1632 1118 1799 1159 causa
1823 1118 2043 1157 suarum
2074 1103 2179 1156 iui-

614 1192 775 1245 micis
820 1192 1008 1245 t‘raditi
1051 1188 1287 1245 fuerant.
1335 1189 1442 1244 Sed
1490 1192 1941 1260 quemadmodum
1994 1194 2176 1262 populi

615 1284 957 1338 calamitates
1004 1283 1059 1337 in
1104 1298 1164 1338 se
1210 1285 1485 1352 propheta:
1512 1284 1871 1355 recipiebant,
1906 1295 1959 1341 et
1984 1287 2088 1355 ipsi
2117 1301 2176 1342 se

616 1376 746 1431 talia
780 1390 972 1445 passos
1014 1390 1137 1431 esse
1182 1377 1609 1447 proﬁtebantur;
1638 1377 1719 1431 sic
1753 1389 1807 1432 et
1837 1377 1976 1432 bona
2009 1392 2173 1448 Opera

616 1485 715 1523 sua
751 1469 1003 1523 omnibus
1042 1471 1351 1528 communia
1383 1469 1644 1526 efﬁciunt.
1686 1467 1823 1523 Non
1847 1470 1991 1524 enim
2023 1470 2177 1539 igno-

612 1559 806 1614 rabant
852 1574 910 1615 se
952 1561 1117 1615 totius
1150 1560 1397 1630 corporis
1425 1561 1664 1631 membra
1687 1575 1808 1615 esse
1840 1580 1852 1615 :
1884 1569 2172 1615 consenta-

614 1668 775 1707 neum
810 1661 989 1707 autem
1015 1660 1131 1708 erat
1163 1659 1224 1707 ut
1253 1667 1362 1706 uno
1382 1653 1623 1708 membro
1644 1654 1902 1723 patiente.
1933 1648 2039 1706 una
2073 1636 2198 1727 pa?

611 1750 856 1798 terentur
889 1744 994 1799 alia
1025 1745 1295 1811 membra;
1331 1752 1493 1816 atque
1522 1760 1635 1799 uno
1664 1744 1909 1800 membro
1946 1743 2171 1813 gloriam

548 1891 553 1896 .
609 1834 897 1899 referente,
932 1837 1116 1891 omnia
1160 1838 1403 1892 membra
1454 1837 1511 1890 in
1561 1846 1766 1905 partem
1793 1834 1975 1905 gaudii
2019 1836 2171 1888 veni—

2282 646 2438 717 χορὸς
2462 648 2490 699 ό
2515 645 2865 719 προφητικὸς,
2894 648 2988 700 καὶ
3018 648 3068 701 οί
3118 649 3176 702 ὲν
3202 648 3282 721 τῷ
3313 649 3428 721 λαῷ
3458 651 3816 723 κατορθοῦντες

2279 737 2377 808 τὴν
2408 736 2629 809 λογικὴν
2678 736 2857 790 αὐτῶν
2917 736 3108 792 θυσίαν
3153 738 3241 793 διὰ
3271 740 3371 813 τῆς
3417 742 3558 812 ὑπὲρ
3585 743 3679 797 τοῦ
3714 745 3816 800 λαοῦ

2277 828 2440 899 εὐχῆς
2470 828 2871 899 ἀναπέμπουσι,
2902 828 2972 881 τὰ
2997 831 3167 884 οἰκεῖα
3197 832 3591 905 κατορθώματα
3606 835 3729 889 ἀντὶ
3747 835 3817 892 θυι

2281 920 2397 983 σίας
2430 920 2523 973 καὶ
2556 920 2895 991 θυμιάματος
2925 921 3155 987 εὐώδους
3208 924 3345 997 ὑπὲρ
3370 924 3465 979 τοῦ
3495 926 3734 997 πλήθους
3755 928 3818 1000 τῷ

2275 1009 2394 1081 Θεῷ
2415 1012 2800 1083 προσάγοντες.
2834 1014 2909 1070 Οὐ
2936 1012 3046 1083 γὰρ
3077 1015 3304 1085 ἁρμόζει
3346 1016 3518 1087 ταῦτα
3541 1018 3621 1091 τῷ
3644 1017 3816 1095 πλήθει

2276 1101 2470 1170 λέγειν,
2490 1103 2611 1156 οὐδὲ
2631 1106 2742 1167 τοῖς
2771 1102 2859 1156 διὰ
2889 1103 2988 1167 τὰς
3018 1104 3271 1171 ἀσεὸείας
3288 1107 3465 1163 αὐτῶν
3481 1109 3595 1173 τοῖς
3624 1109 3815 1181 ἐχθροῖς

2274 1193 2742 1271 παραδεδομένοις·
2800 1195 2911 1249 ἀλλ’
2943 1194 3131 1268 ὥσπερ
3171 1197 3239 1253 τὰ
3294 1200 3438 1272 πάθη
3469 1200 3562 1256 τοῦ
3595 1202 3728 1257 λαοῦ
3754 1204 3819 1265 εἰς

2274 1273 2499 1349 ἑαυτοὺς
2528 1286 2900 1357 ἀνελάμϐανον
2926 1290 2975 1341 oi
3027 1290 3321 1362 προφῆται,
3355 1293 3450 1349 καὶ
3480 1295 3630 1347 αὐτοὶ
3664 1294 3817 1349 ταῦτα

2273 1376 2599 1431 πεπονθέναι
2622 1375 2877 1446 ἔφασκον⁸
2904 1379 3047 1434 οὕτω
3080 1381 3150 1435 τὰ
3193 1382 3399 1437 ἑαυτῶν
3438 1384 3818 1456 κατορθώματα

2272 1470 2659 1524 κοινοποιοῦσιν
2716 1472 2794 1535 είς
2826 1472 3052 1535 πάντας.
3102 1474 3178 1526 Οὐ
3206 1474 3313 1545 γὰρ
3341 1475 3567 1545 ἠγνόουν
3613 1476 3819 1540 ἑαυτοὺς

2271 1559 2409 1615 εἶναι
2463 1559 2595 1634 μέλη
2626 1561 2719 1614 τοῦ
2777 1563 2974 1628 παντὸς
3023 1550 3293 1635 σιὲἶματος·
3337 1547 3625 1621 ἀκόλουθον
3654 1567 3716 1621 δὲ
3743 1563 3820 1639 ἦν,

2271 1656 2566 1726 πάσχοντος
2602 1656 2792 1726 μέλους
2826 1656 2964 1720 ἐνὸς,
2996 1657 3334 1728 συμπάσχειν
3367 1660 3541 1713 πάντα
3572 1658 3640 1714 τὰ
3676 1662 3819 1732 μέλη,

2272 1748 2363 1800 καὶ
2392 1746 2745 1817 δοξαζομένου
2780 1746 2939 1798 πάλιν
2967 1746 3180 1817 μέλους,
3229 1752 3540 1823 συγχαίρειν
3562 1753 3741 1806 πάντα
3763 1754 3825 1807 τὰ

2274 1839 2428 1911 μέλη.
2460 1840 2645 1916 Πᾲντα
2675 1839 2872 1901 τοίνυν,
2907 1841 3091 1906 φασὶν,
3135 1841 3171 1896 ἃ.
3201 1845 3606 1916 προειρήκαμεν
3633 1845 3826 1899 πεπόν-

609 1938 748 1984 rent.
782 1928 977 1984 Omnia
1021 1944 1171 1999 ergo,
1208 1929 1483 2001 inquiunt,
1537 1942 1657 1996 quae
1700 1939 1801 1980 nos
1851 1924 2165 1978 memoravi«

2272 1895 2460 2001 θαμίν’
2486 1895 2599 1985 six
2620 1932 2768 2001 ἡμᾶς
2800 1895 3001 1981 τοιῖτων
3032 1895 3181 1984 οθδὲν
3915 1928 3917 1939 ’

609 2038 754 2087 mus,
785 2024 928 2076 mala
960 2023 1315 2092 pertulimus;
1347 2021 1444 2074 sed
1488 2019 1620 2073 nihil
1643 2033 1832 2073 eorum
1877 2032 1981 2075 nos
2006 2027 2053 2071 'a
2096 2018 2172 2072 tui

607 2114 988 2170 recordatione
1012 2114 1263 2177 removit,
1282 2122 1332 2166 et
1356 2115 1529 2182 inique
1554 2128 1658 2165 non
1686 2114 1885 2180 egimus
1916 2110 1971 2164 in
2012 2118 2174 2165 testa-

607 2216 781 2259 mento
813 2216 931 2269 tuo;
963 2206 1076 2261 sive
1104 2187 1401 2261 secundum
1425 2205 1829 2277 Symmachum,
1861 2203 2042 2275 Neque
2079 2204 2171 2258 de-

606 2301 833 2366 cepimus
858 2298 1026 2367 [redux
1054 2308 1221 2353 tuum.
1250 2297 1318 2351 Et
1344 2315 1445 2352 non
1470 2300 1622 2351 cessit
1646 2308 1785 2351 retro
1807 2314 1897 2351 cor
1910 2285 2167 2351 nostrum.

608 2387 742 2459 Ejus
770 2400 949 2444 autem
976 2389 1125 2444 loco:
1148 2388 1214 2442 Et
1247 2388 1521 2443 destinasti
1552 2390 1766 2442 semitas
1801 2392 2009 2441 nostras
2028 2404 2060 2441 a
2088 2387 2170 2441 via

610 2491 722 2543 tua.
757 2482 962 2536 clarius
1016 2479 1375 2552 Symmachus
1438 2480 1644 2534 edidit:
1678 2478 1856 2549 Neque
1909 2479 2170 2532 translata

606 2582 734 2628 sunt
756 2591 818 2628 ea
835 2590 950 2644 quae
972 2573 1205 2642 dirigunt
1236 2589 1327 2626 nos
1352 2590 1369 2625 :
1396 2572 1447 2625 in
1474 2573 1585 2626 luco
1616 2568 1939 2642 afﬂictionis:
1970 2584 2062 2626 aut
2083 2588 2168 2625 se-

605 2666 847 2721 cundum
873 2664 1122 2736 Aquilam
1148 2683 1161 2719 :
1189 2663 1487 2720 Contudisti
1516 2682 1609 2718 nos
1634 2665 1691 2717 in
1723 2663 2162 2727 locoinhabitato,

604 2768 656 2815 et
683 2759 924 2814 obtexisti
952 2758 1099 2813 nobis
1131 2758 1371 2813 umbram
1402 2760 1605 2813 mortis.
1645 2756 1768 2812 Non
1798 2758 1950 2828 obliti
1986 2775 2164 2812 sumus

606 2854 705 2916 uti,
736 2868 897 2923 neque
924 2853 1450 2931 transgressi‘sumus
1487 2853 1620 2905 inita
1644 2861 1811 2905 tecum
1840 2850 2055 2921 fwdera.

669 3051 840 3109 Vns.
867 3052 931 3106 2|
959 3050 1094 3104 -22.
1137 3048 1196 3104 Si
1227 3048 1376 3103 obliti
1404 3063 1583 3101 sumus
1619 3045 1929 3101 nomen‘Dei
1972 3049 2160 3111 nostri,

600 3158 651 3202 et
678 3148 726 3201 si
750 3142 1098 3214 expandimus
1124 3158 1311 3195 manus
1344 3150 1553 3194 nostras
1592 3139 1661 3193 ad
1692 3139 1857 3193 Deum
1886 3140 2117 3194 alienum
2141 3156 2163 3197 :

2275 2020 2366 2074 σοῦ
2396 2024 2631 2093 μνήμης,
2662 2022 2761 2075 καί
2789 2023 2899 2075 οὐκ
2927 2020 3300 2093 ἠδικήσαμεν
3323 2026 3660 2097 ὲνΔωθήκῃ
3692 2043 3823 2085 σου·

2270 2113 2304 2183 ἢ
2338 2114 2475 2167 κατὰ
2507 2114 2597 2167 τὸν
2628 2112 2696 2165 Σύ
2706 2128 2933 2184 μμειχον⁹
2972 2112 3124 2167 Οὐδὲ
3161 2118 3699 2189 παρελοτησάμεθα
3721 2120 3830 2189 τὴν

2270 2203 2585 2271 συνθήκην
2613 2220 2749 2265 σου,
2778 2200 2917 2256 οὐδὲ
2935 2202 3167 2273 ἀπέστη
3198 2208 3284 2272 εὶς
3310 2208 3382 2261 τὰ
3417 2209 3608 2263 ὀπίσω
3624 2211 3667 2278 ἡ
3691 2228 3827 2280 mp-

2269 2294 2367 2349 δία
2394 2296 2584 2365 ἡμῶν.
2623 2295 2766 2347 Ἀντί
2796 2294 2873 2346 δέ’
2923 2296 3031 2348 Καὶ
3080 2296 3392 2365 ἑξέκλινας
3441 2299 3549 2366 τὰς
3598 2304 3831 2370 τρίϐους

2268 2387 2435 2457 ἡμῶν
2458 2389 2577 2442 ἀπὸ
2609 2388 2717 2457 τῆς
2774 2389 2917 2445 ὀδοῦ
2934 2406 3071 2454 σου,
3103 2392 3134 2443 ὁ
3162 2389 3451 2462 Σύμμαχος
3506 2392 3830 2465 σαφέστερον

2269 2479 2526 2545 ἐξέδωκεν
2558 2479 2744 2535 εἰπών’
2800 2482 2953 2537 Οὐδὲ
3009 2482 3292 2551 μετετέθη
3337 2483 3412 2537 τὰ
3457 2486 3833 2553 ὐπορθοῦντα

2274 2568 2451 2637 ἡμᾶς’
2479 2571 2547 2624 ἐν
2569 2573 2730 2639 τόπῳ
2786 2572 3131 2639 κακώσεωςο
3180 2573 3215 2644 ἢ
3276 2556 3415 2628 κατᾶ
3445 2573 3536 2629 τὸν
3578 2574 3827 2629 ’Δκύλανσ

2266 2661 2656 2730 Συνέθλασας
2682 2662 2836 2733 ἡμᾶς
2863 2664 2936 2718 ἐν
2958 2666 3116 2729 τόπῳ
3136 2666 3451 2733 ἀνοικήτῳ,
3484 2667 3584 2722 καί
3622 2666 3701 2739 (l)
3731 2668 3831 2721 ἐπ-

2265 2756 2587 2826 επώμασας
2624 2758 2770 2829 ἡμῖν
2822 2763 3004 2815 σκιὰν
3054 2760 3331 2817 θανάτου.
3390 2764 3512 2818 Οὐκ
3540 2763 3831 2829 ἐπελαθό-

2260 2849 2411 2916 μεθά
2462 2863 2578 2904 σου
2657 2851 2799 2908 οὐδὲ
2847 2853 3186 2924 παρέὅημεν
3228 2858 3336 2921 τὰς
3375 2855 3526 2925 πρὸς
3555 2856 3633 2911 σὲ
3678 2872 3832 2911 συν-

2266 2938 2476 3006 θήκας.
2644 2975 2647 2979 -

2328 3053 2397 3105 Εί
2420 3053 2825 3125 ἐπελαϐόμεθα
2848 3056 2954 3111 τοῦ
3002 3059 3286 3127 ὀνόματος
3317 3058 3422 3112 τοῦ
3453 3058 3599 3112 Θεοῦ
3639 3058 3831 3129 ἡμῶν,

2266 3145 2362 3199 καὶ
2390 3148 2440 3199 si
2468 3145 2899 3217 διεπετάσαμεν
2924 3148 3125 3218 χεῖρας
3174 3147 3343 3219 ἡμῶν
3386 3150 3533 3217 πρὸς
3553 3150 3702 3204 Θεὸν
3730 3153 3835 3205 ἀλα

608 3254 779 3292 nonne
814 3236 952 3290 Deus
983 3235 1206 3309 requiret
1230 3233 1363 3287 ista?
1380 3230 1588 3296 etc.Te.
1619 3233 1813 3302 inquit,
1846 3240 2038 3288 testem
2068 3233 2165 3309 ad-

2266 3239 2522 3307 λάτριον·
2561 3240 2701 3309 οὐχὶ
2751 3244 2784 3294 ὁ
2821 3239 2965 3306 Θεὸς
2997 3239 3303 3309 ἐπιζητήσει
3333 3240 3554 3307 ταῦτα;
3588 3242 3656 3294 Σὲ
3688 3243 3834 3316 μάρ-

600 3344 883 3395 vocamus,
920 3338 973 3383 te
1018 3326 1257 3397 judicem
1311 3334 1365 3381 et
1418 3327 1814 3397 exploratorem
1874 3325 2160 3380 verborum

2266 3347 2422 3401 τυρα,
2441 3330 2623 3401 φησὶν,
2649 3330 3083 3402 ἀνακαλούμεθα,
3108 3333 3300 3404 κριτήν
3329 3348 3389 3384 τε
3416 3333 3509 3385 καὶ
3540 3332 3835 3406 ἐξεταστὴν

599 3429 936 3488 nostrorum,
968 3430 1132 3492 atque
1177 3421 1565 3491 cegitationum
1596 3419 1798 3483 cordis.
1829 3432 1951 3488 quae
1994 3418 2161 3488 pluri-

598 3516 706 3571 mis
742 3516 929 3571 latent.
962 3515 1261 3586 Tu'itaque
1304 3516 1473 3580 nosti,
1508 3514 1555 3569 si
1591 3514 1758 3569 tantis
1786 3511 1969 3567 alnicti
2003 3512 2161 3567 malis

596 3612 653 3662 et
690 3604 957 3660 humiliati
986 3604 1042 3660 in
1067 3604 1189 3660 loco
1227 3603 1555 3667 aﬂlictionis,
1582 3602 1759 3673 operti
1792 3603 1983 3656 umbra
2014 3616 2160 3656 mor-
2188 3604 2215 3621 π’

596 3699 692 3766 tis,
718 3698 773 3754 in
811 3698 1139 3753 oblivionem
1184 3697 1423 3751 nominis
1469 3695 1549 3750 tui
1594 3697 1865 3762 venimus,
1890 3702 1945 3750 et
1974 3696 2021 3750 si
2050 3709 2157 3750 non

598 3793 798 3847 ﬁducia
839 3791 985 3861 pleni
1030 3790 1087 3844 in
1140 3790 1358 3845 nomine
1387 3798 1483 3843 tuo
1505 3789 1718 3861 gloriati
1752 3802 1943 3844 sumus
1976 3786 2068 3859 εει
2091 3786 2159 3841 de

596 3883 803 3939 auxilio
825 3889 921 3937 tuo
949 3882 1322 3951 desperantes,
1350 3881 1419 3935 ad
1447 3882 1611 3935 alium
1640 3880 1931 3952 quemdam
1974 3894 2158 3934 acces-

596 3977 792 4039 simus,
823 3989 1128 4044 manusque
1176 3968 1268 4027 alii
1331 3973 1441 4028 Deo
1464 3973 1840 4042 expandimus.
1870 3970 2073 4027 Horum
2098 3980 2157 4026 tu

593 4067 761 4139 judex
790 4083 850 4123 es
888 4085 901 4122 :
934 4066 1079 4122 nosti
1109 4067 1255 4121 enim
1290 4065 1616 4120 abscondita
1665 4063 1851 4119 cordis
1876 4071 1931 4119 et
1961 4062 2169 4135 cogita-'

595 4160 793 4227 tiones,
825 4157 879 4212 in
906 4156 1105 4228 quibus
1145 4164 1446 4220 versantes,
1475 4156 1714 4225 quotidie
1750 4156 2156 4225 pietatis‘causa

594 4258 771 4311 morte
795 4249 1079 4306 aﬁicimur.
1109 4247 1244 4303 Nam
1272 4252 1364 4319 qui
1410 4248 1465 4302 in
1498 4247 1725 4317 singulis
1767 4247 2156 4303 tentationibus

596 4344 652 4399 in
692 4342 970 4415 proposito
993 4341 1185 4396 habuit
1230 4348 1459 4397 mortem
1493 4355 1593 4411 pro
1623 4341 1847 4394 veritate
1874 4340 2078 4403 subire,
2108 4340 2156 4393 is

596 4452 728 4493 sane
776 4426 953 4504 quoad
1000 4435 1255 4490 virtutem
1311 4432 1575 4503 propositi
1629 4430 1782 4485 obiit.
1838 4427 1894 4483 Id
1942 4443 2157 4499 quoque

592 4530 885 4603 Apostolus
932 4525 1167 4591 dicebat,
1209 4523 1466 4593 quoniam
1511 4521 1822 4592 frequentes
1867 4525 2043 4582 erant,
2093 4532 2155 4572 ac

2261 3422 2370 3477 τῶν
2402 3424 2682 3495 ἡμετέρων
2703 3424 2876 3493 λόγων
2907 3425 3002 3478 καὶ¹
3031 3424 3138 3478 τῶν
3180 3425 3321 3479 κατὰ
3371 3424 3607 3479 διάνοιαν
3637 3424 3837 3481 λανθα-

2262 3516 2456 3570 νόντων
2486 3517 2612 3581 τοὺς
2644 3516 2870 3581 πολλοὺς
2891 3516 3182 3589 λογισμῶν.
3210 3517 3383 3582 Αὐτὸς
3412 3516 3543 3587 γοῦν
3560 3513 3741 3581 οἶσθα,
3759 3519 3834 3582 εί,

2260 3608 2496 3664 τοσαῦτα
2510 3606 2784 3675 ’παθόντες
2819 3605 2934 3664 ’καὶ
2987 3610 3415 3676 ταπεινωθέντες
3439 3612 3496 3665 ὲν
3525 3612 3676 3683 τόπῳ
3732 3628 3838 3666 κα-

2262 3698 2504 3764 κώσεως,
2538 3700 2633 3754 καὶ
2652 3686 3015 3770 καλυφθέντες
3064 3700 3172 3754 ὑπὸ
3200 3701 3299 3771 τῆς
3345 3688 3504 3765 σκιᾶς
3545 3699 3640 3754 τοῦ
3672 3700 3841 3754 θανά-

2260 3807 2374 3855 του,
2406 3790 2574 3863 λήθην
2602 3789 2697 3843 τοῦ
2729 3789 2989 3861 ὀνόματός
3021 3804 3115 3841 σου
3148 3788 3511 3863 πεποιήμεθαο
3541 3790 3636 3843 καὶ
3666 3790 3715 3841 εί
3756 3789 3836 3858 μὴ

2260 3884 2352 3937 ἐπὶ
2376 3862 2467 3954 τῷ
2485 3882 2561 3953 σῷ
2581 3882 2803 3953 ὀνόματι
2830 3880 3135 3958 παρρησίας
3166 3862 3835 3951 γέμοντεςὲκαυχώμιθαο

2258 3976 2383 4029 εἰδὲ
2415 3976 2528 4040 καὶ,
2554 3975 2883 4044 ἀπογνόντες
2913 3972 3013 4044 τὴν
3066 3972 3249 4042 παρὰ,
3283 3970 3375 4025 σοῦ
3408 3970 3676 4043 βοήθειαν,
3738 3975 3837 4025 ἐπὶ

2258 4068 2441 4139 ἔτερόν
2470 4078 2591 4121 τινα
2623 4067 2874 4138 ήλθομεν,
2898 4065 3068 4136 ἑτέρῳ
3098 4062 3215 4134 Θεῷ
3239 4065 3427 4134 χεῖρας
3454 4062 3839 4117 ἀναπετάσαν-

2258 4176 2365 4224 τες⁶
2402 4162 2497 4215 καὶ
2525 4160 2730 4214 τούτων
2766 4161 2829 4213 σὺ
2859 4158 3050 4231 κριτὴς
3093 4154 3401 4228 τυγχάνεις.
3441 4152 3614 4211 Οἶσθα
3641 4156 3699 4210 δὲ
3734 4157 3838 4210 καὶ

2257 4252 2327 4305 τὰ
2353 4253 2559 4324 κρύφια
2589 4252 2688 4322 τῆς
2716 4252 2939 4323 καρδίας
2988 4251 3082 4306 καὶ
3131 4252 3255 4313 τοὺς
3286 4248 3576 4319 λογισμοὺς
3606 4249 3835 4312 αὐτοὺς,

2259 4343 2317 4394 ὲν
2352 4336 2433 4404 οἷς
2464 4341 2587 4393 καθ’
2620 4340 2857 4411 ἑκάστην
2887 4340 3095 4411 ἡμέραν
3115 4338 3276 4391 ἕνεκα
3303 4338 3401 4408 τῆς
3427 4334 3702 4398 εὐσεϐείας
3740 4334 3841 4388 θα-

2259 4432 2581 4503 νατούμεθα.
2652 4432 2710 4484 ’0
2766 4430 2875 4502 γὰρ
2933 4434 3000 4501 τῇ
3049 4430 3297 4503 προθέσει
3349 4426 3835 4499 λογισάμενοςιᾷ

2260 4527 2470 4595 ἑκάστῳ
2492 4524 2777 4596 πειρασμῷ
2835 4523 2925 4577 τὸν
2970 4524 3109 4595 ὑπὲρ
3161 4522 3415 4593 ἀληθείας
3470 4519 3837 4585 ἀναδέξασθαι

594 4622 826 4682 subinde
852 4617 1096 4688 repetita:
1126 4615 1552 4687 persecutiones,
1573 4622 1628 4670 et
1658 4614 1974 4669 vexationes
2008 4625 2156 4665 more

2266 4615 2508 4679 θάνατον,
2544 4614 2766 4683 δυνάμει
2783 4613 2811 4665 ὁ
2830 4613 3065 4677 τοιοῦτος
3087 4611 3345 4681 τέθνηκε(
3367 4604 3485 4664 Kal:
3499 4612 3527 4663 ὁ
3571 4610 3837 4664 Ἀπόσιτο-

594 4726 699 4771 tem
730 4714 833 4784 ipsi
866 4712 1209 4775 minitantes;
1242 4708 1332 4761 ille
1367 4721 1496 4761 vero
1539 4708 1592 4761 in
1641 4707 1870 4777 singulis
1902 4704 2153 4759 tentatioo

592 4810 757 4864 nibus
788 4814 1012 4877 paratus
1036 4813 1154 4859 erat
1178 4803 1242 4855 ad
1272 4802 1495 4855 ﬁrmiter
1531 4798 1954 4854 concertandum
1982 4811 2154 4862 usque

539 4954 546 4960 ,
595 4900 659 4953 ad
686 4906 938 4962 mortem,
971 4896 1094 4950 ideo
1117 4895 1241 4965 jure
1269 4908 1326 4947 se
1351 4892 1590 4963 quotidie
1618 4892 1756 4946 mori
1788 4891 2020 4945 dicebat.
2046 4888 2151 4941 Ea-

594 4992 715 5046 dem
748 4992 927 5062 itaque
959 4996 1138 5044 mente
1175 4987 1251 5040 illi
1280 4987 1550 5056 quondam
1582 4986 1857 5054 propheta:
1891 4984 1982 5038 Dei
2013 4997 2152 5062 pra:-

595 5056 857 5138 sentibus-
897 5080 1059 5136 (lictis
1105 5068 1216 5133 haec
1264 5076 1683 5149 signiﬁcabant:
1716 5076 1776 5131 ln
1819 5056 2154 5133 absconditis

596 5173 797 5247 nostris
838 5173 1219 5229 occidebamur
1263 5170 1541 5240 quotidie;
1591 5171 1701 5225 imo
1729 5170 1858 5225 vero
1903 5172 2152 5224 wstimati

592 5282 775 5322 sumus
811 5266 944 5319 sicut
974 5282 1088 5319 oves
1117 5265 1412 5319 occisionis.
1440 5261 1572 5317 Nam
1619 5276 1742 5343 cum
1789 5264 1953 5321 semel
1996 5263 2151 5333 quasi

596 5358 652 5415 in
680 5356 1009 5414 sacriﬁcium
1036 5372 1134 5427 pro
1158 5357 1409 5411 universo
1432 5357 1630 5426 papula
1650 5370 1752 5410 nos
1774 5355 2149 5418 obtulerimus.

595 5460 779 5506 mente
830 5465 893 5503 ac
948 5451 1223 5519 proposito
1274 5448 1534 5503 immolati
1572 5464 1784 5513 sumus,
1819 5458 1876 5503 ut
1920 5458 1975 5503 tu
2011 5450 2147 5520 ipse.

597 5539 762 5606 Deus,
794 5540 1101 5596 testiﬁcaris
1135 5555 1147 5591 :
1180 5539 1328 5595 solus
1379 5553 1615 5609 namque
1660 5540 1803 5596 nosti
1834 5541 2150 5596 abscondita

596 5631 799 5689 cordis.
825 5631 1089 5697 Quoniam
1142 5630 1307 5702 igitur
1354 5639 1504 5687 tanta
1534 5630 2011 5702 perpessi‘sumus,
2041 5648 2155 5689 me-

666 5807 743 5883 ω
783 5806 1007 5883 Drusius
1048 5782 1302 5883 hancA.ut
1350 5810 1551 5883 quinta
1580 5797 1833 5870 editionis
1866 5812 2149 5869 lectionem

598 5876 769 5945 aﬂuit,
802 5880 884 5934 his
918 5882 1093 5937 verbis
1122 5876 1547 5954 ςἘπεπώμασας
1580 5886 1731 5954 ἡμῖν.
1763 5885 1971 5957 Aquila:
2019 5901 2148 5941 vero

2258 4708 2343 4771 λος
2366 4709 2421 4761 δὲ
2452 4707 2607 4761 τοῦτο
2638 4707 2837 4777 ἔλεγεν,
2872 4706 3056 4777 ἐπειδὴ
3102 4706 3341 4775 συνεχεῖς
3365 4698 3505 4775 ἦσαν
3529 4703 3620 4755 καὶ
3648 4703 3834 4757 ἐπάλ-

2257 4799 2406 4871 ληλοι
2440 4799 2687 4871 διωγμοὶ,
2721 4797 3275 4868 καὶοίπερισπασμοὶ
3295 4795 3517 4849 θάνατον
3542 4792 3835 4847 ἀπειλοῦν-

2257 4910 2345 4955 τες
2406 4876 2595 4964 αὑτῷξ
2638 4893 2694 4945 Ὀ
2731 4892 2792 4945 δὲ
2846 4890 2965 4944 καθ’
3023 4890 3252 4943 ἕκαστον
3314 4886 3614 4957 πειρασμὸν
3677 4902 3838 4957 παρ-

2258 4984 2553 5037 εσκεύαστο
2586 4984 2913 5048 ὲνστατικῶς
2979 4982 3137 5054 μέχρι
3171 4979 3396 5033 θανάτου
3430 4978 3831 5046 ἀγωνίσασθαιο

2256 5076 2334 5129 διὸ
2364 5078 2586 5141 εἰκότως
2614 5078 2733 5131 καθ’
2764 5079 2977 5149 ἡμέραν
3017 5072 3380 5146 ἀποθνήσκειν
3431 5070 3601 5139 ἔλεγε.
3634 5070 3838 5145 Ταύτῃ

2257 5166 2349 5224 οὖν
2381 5174 2445 5243 τῇ
2470 5172 2673 5243 διανοίᾳ
2693 5156 2784 5223 καῖ
2814 5170 2864 5222 οί
2892 5167 3058 5222 πάλαι
3088 5165 3185 5219 τοῦ
3228 5164 3372 5247 ’Θεοῦ
3418 5162 3686 5235 προφῆται
3734 5163 3837 5217 διὰ

2256 5264 2361 5319 τῶν
2388 5241 2758 5336 προκειμένων
2787 5262 2958 5316 ταῦτα
2980 5241 3235 5330 ἔφασκονέ
3274 5241 3366 5313 Ἐν
3414 5257 3522 5331 γὰρ
3547 5260 3657 5320 τοῖς
3684 5275 3839 5329 κρυ-

2258 5354 2399 5423 φίοις
2424 5355 2581 5427 ἡμῶν
2610 5352 3013 5423 ὲθανατούμεθα
3046 5354 3223 5405 πᾶσαν
3255 5349 3481 5421 ἡμέραν.
3528 5346 3682 5401 Ἀλλὰ
3710 5351 3837 5417 γὰρ

2256 5449 2349 5500 καὶ
2377 5447 2773 5517 ἐλογίσθημεν
2801 5447 2880 5511 ὡς
2912 5444 3172 5520 πρόϐατα
3213 5441 3472 5513 σφαγῆσ
3534 5437 3675 5505 ἅπαξ
3707 5442 3839 5511 γὰρ

2252 5540 2472 5602 ἑαυτοὺς
2506 5538 2944 5609 παραδεδωκότες
2972 5534 3159 5609 ὥσπερ
3190 5538 3269 5598 είς
3308 5533 3496 5615 θυσίαν
3526 5530 3642 5585 ἀντὶ
3673 5547 3837 5583 παν-

2248 5632 2339 5694 τὸς
2369 5630 2461 5683 τοῦ
2492 5630 2644 5696 λαοῦ,
2672 5629 2751 5701 τῷ
2779 5627 3020 5703 λογισμῷ
3052 5629 3149 5683 καὶ
3174 5628 3239 5699 τῇ
3268 5618 3521 5697 προθέσει
3550 5622 3835 5690 ἐσφαγιά-

2256 5811 2417 5865 lectio
2463 5809 2601 5879 apud
2650 5809 2902 5867 Drusium
2954 5810 3034 5868 sic
3082 5808 3245 5865 habet
3279 5825 3295 5863 :
3325 5805 3434 5861 Καὶ
3467 5802 3839 5876 ὲπεκάλυψατ

2222 5938 2227 5943 ,
2255 5882 2399 5953 ἡμᾶς
2429 5882 2484 5934 ὲν
2519 5883 2644 5951 σκιᾷ
2677 5881 2923 5937 θανάτου.
