3958 6340
678 409 784 467 395

1391 404 1659 462 EUSEBII
1692 402 2166 459 CESABiENSlS
2200 403 2347 460 OPP.
2388 405 2564 460 PAltS
2601 403 2688 465 Ill.
2734 437 2788 446 —
2820 404 3222 462 EXEGETICA.
3810 405 3912 461 '59“

678 527 765 581 die
780 524 849 581 ".
882 522 1130 595 Magnum
1163 538 1327 593 porro
1348 538 1487 594 opus
1518 532 1637 578 erat
1674 524 1853 579 futura
1885 540 1981 595 per
2009 525 2244 595 linguam

2351 528 2527 581 ἕνεκα
2559 544 2674 581 σου
2701 526 3103 595 θανατούμεθα
3151 526 3305 592 ὅλην
3332 524 3443 593 τὴν
3482 524 3734 594 ἡμέραν.
3763 524 3907 592 Ηίγα

680 614 988 680 vaticinari,
1023 625 1183 686 atque
1214 616 1325 687 regi
1361 617 1416 670 in
1468 616 1687 671 cantico
1717 616 1844 670 boni
1873 616 2049 670 nuntii
2081 616 2244 670 mini-

679 716 853 783 strum
885 721 1026 763 esse.
1064 706 1197 778 Ejus
1230 716 1411 761 autem
1440 707 1581 771 loco,
1607 707 1846 761 calamus
1890 707 2074 762 scribw
2112 708 2246 761 velo—

678 800 806 853 citer
861 800 1165 863 scribentis,
1223 797 1441 869 Aquila,
1502 799 1740 853 calamus
1789 800 1974 854 scriba:
2028 802 2244 864 velocis;

680 889 1040 962 Symmachus
1069 907 1217 955 vero,
1258 891 1438 960 lingua
1464 908 1579 945 mea
1608 891 1778 962 stylus
1808 892 1991 945 scriba:
2039 893 2243 947 velocis.

676 984 941 1054 Quodque
978 984 1229 1039 mirabile
1281 983 1574 1038 admodum
1631 993 1735 1048 est,
1766 984 2033 1053 ‘lluguam
2091 1000 2245 1039 suam

676 1092 785 1130 non
820 1091 1041 1130 manum
1080 1076 1275 1132 scriba:
1322 1076 1542 1140 eruditi,
1576 1091 1751 1149 neque
1788 1077 2024 1131 scribam
2057 1085 2244 1141 vocat,

677 1168 773 1223 sed
806 1168 1074 1222 calamum
1100 1169 1295 1224 scriba:
1328 1170 1583 1223 velociter
1608 1168 1930 1236 scribentis;
1960 1168 2247 1223 declarans

677 1260 920 1328 linguam
968 1260 1369 1329 prOpheticam,
1427 1259 1653 1315 alterius
1711 1274 1772 1313 ea
1808 1259 2033 1323 utentis,
2070 1259 2244 1315 sancti

677 1350 931 1406 videlicet
960 1349 1221 1421 Spiritus,
1249 1352 1673 1406 instrumentum
1699 1366 1841 1405 esse.
1874 1350 1922 1405 Is
1952 1366 2082 1405 sane
2110 1350 2246 1404 scri-

684 1444 777 1506 ba,
808 1442 967 1512 cujus
1016 1445 1191 1514 stylus
1226 1454 1278 1499 et
1312 1444 1556 1498 calamus
1586 1451 1701 1496 erat
1731 1443 2117 1511 prophetarum
2149 1440 2248 1495 lin-

676 1548 817 1604 gua;
855 1536 925 1589 ita
979 1539 1037 1587 ut
1083 1531 1224 1586 alius
1263 1540 1411 1586 esset
1440 1531 1617 1586 scriba
1664 1532 1923 1586 velociter
1974 1532 2244 1596 scribens,

676 1626 936 1682 nimirum
995 1624 1234 1696 Spiritus
1270 1634 1513 1690 sanctus,
1565 1625 1705 1681 alius
1735 1625 2018 1696 propheta,
2051 1612 2245 1677 tertius

675 1716 861 1790 lingua
893 1716 1232 1789 prophetica,
1267 1732 1387 1786 quae
1421 1717 1618 1771 calami
1651 1724 1706 1772 et
1756 1717 1883 1789 styli
1914 1717 2036 1770 loco
2083 1716 2248 1769 babe-

674 1813 858 1877 batur,
892 1819 946 1867 et
968 1810 1393 1867 instrumentum
1426 1808 1665 1880 Spiritus
1694 1809 1891 1877 sancti,
1927 1808 2019 1879 qui
2044 1822 2107 1862 ea
2131 1816 2245 1862 ute—

677 1903 861 1972 batur,
898 1910 1036 1960 erat.

2348 620 2402 672 δὲ
2436 615 2501 690 ἦν
2536 619 2692 690 ἔργον
2720 619 2814 671 καὶ
2858 618 2920 670 τὸ
2947 616 3033 669 διὰ
3072 616 3315 686 γλώττης
3352 617 3421 670 τὰ
3482 617 3745 686 μέλλοντα
3788 632 3900 687 προ⁴

2350 713 2624 784 φητεύειν,
2658 712 2753 765 καὶ
2804 710 2879 780 τῷ
2912 710 3122 781 βασιλεῖ
3158 709 3517 763 διακονεῖσθαι
3557 711 3657 780 τὴν
3698 709 3905 776 εὐαγγε-

2336 806 2501 877 λλικὴν
2530 806 2694 876 ᾠδήν.
2736 803 2879 856 Ἀντὶ
2941 802 2997 855 δὲ
3050 801 3165 855 τοῦθ
3218 802 3492 870 Κάλαμος
3543 799 3911 871 γραμματέως

2350 896 2723 973 ὀξυγράφουη
2761 897 2789 948 6
2822 896 2918 965 μὲν
2964 892 3209 957 Ἀκύλας·
3262 893 3509 962 Σχοῖνος
3547 888 3913 961 γραμματέως

2350 988 2611 1059 ταχινοῡ’
2663 989 2689 1041 6
2730 988 2786 1040 δὲ
2838 986 3149 1057 Σύμμαχος
3185 985 3223 1053 ἠ
3265 982 3519 1053 γλῶσσά
3568 1000 3713 1052 μου,
3770 980 3909 1050 φησὶ,

2349 1082 2627 1149 γραφεῖον
2652 1077 2915 1148 γραφέως
2952 1076 3219 1145 ταχινοῦ.
3266 1074 3477 1145 Σφόδρα
3501 1073 3555 1127 δὲ
3596 1072 3913 1144 θαυμαστῶς

2348 1174 2444 1243 τὴν
2480 1170 2667 1225 ἑαυτοῦ
2697 1170 2969 1240 γλῶσσαν,
3008 1170 3068 1222 οὐ
3120 1170 3279 1239 χεῖρα
3301 1167 3677 1239 γραμματέως
3708 1166 3915 1235 ἐπιστή-

2352 1283 2528 1336 μονος,
2564 1265 2682 1317 οὐδὲ
2711 1262 3043 1335 γραμματέα
3076 1263 3261 1333 φησιν,
3296 1260 3432 1314 ἀλλὰ
3485 1259 3731 1329 κάλαμον
3754 1275 3915 1330 γραμ-

2351 1356 2562 1427 ματέως
2580 1354 2906 1426 ὀξυγράφου·
2958 1352 3152 1424 δηλῶν,
3179 1353 3261 1406 ὅτι
3292 1350 3521 1422 ὄργανον
3544 1345 3612 1419 ἦν
3650 1352 3682 1420 ἠ
3712 1362 3913 1420 προφη-

2349 1443 2472 1514 τικὴ
2492 1443 2923 1514 γλῶσσαὲτὲρου
2949 1441 3043 1493 τοῦ
3070 1439 3350 1511 χρωμένου
3385 1440 3544 1509 αὐτῇ,
3581 1438 3741 1506 ἁγίου
3764 1436 3915 1489 Πνεύ-

2353 1552 2517 1605 ματος
2539 1554 2551 1567 ο
2584 1536 2721 1606 ὅπερ
2764 1536 2791 1586 6
2828 1534 3207 1605 γραμματεὺς,
3241 1526 3302 1585 οὗ
3346 1534 3605 1601 γραφεῖον
3632 1530 3729 1583 καὶ
3760 1530 3915 1583 κάλει-

2354 1645 2449 1696 μος
2483 1627 2776 1697 ἐτύγχανεν
2805 1629 2836 1697 ἡ
2864 1626 2970 1679 τῶν
3000 1626 3293 1697 προφητῶν
3314 1626 3554 1695 γλῶσσα,
3584 1624 3715 1677 ὥσθ’
3739 1624 3914 1695 ἕτερον

2350 1716 2485 1771 εἶναι
2518 1718 2608 1771 τὸν
2641 1717 2945 1789 ὀξυγρὰφον
2978 1718 3329 1790 γραμματέα,
3379 1717 3577 1788 δηλαδὴ
3613 1715 3673 1769 τὺ
3702 1714 3914 1785 Πνεῦμα

2348 1809 2408 1862 τὸ
2440 1810 2723 1877 ἆγιον,καὶ
2754 1809 2935 1882 ἕτερον
2992 1809 3081 1863 τὸν
3115 1811 3416 1881 προφήτην,
3465 1808 3559 1863 καὶ
3615 1807 3797 1879 τρίτον
3830 1807 3915 1878 τὴ)

2276 1888 2320 1945 Β
2350 1898 2596 1966 γλῶσσαν
2625 1900 2724 1971 τὴν
2756 1899 3117 1973 προφητικὴν,
3152 1900 3186 1971 ἢ
3217 1899 3461 1972 καλάμου
3513 1899 3610 1953 καὶ
3642 1898 3915 1971 ,γραφείου

683 1994 867 2065 χώραν
894 1996 1131 2065 ἐπεῖχεν,
1186 1992 1415 2067 ὄργανον
1464 1994 1805 2065 τυγχάνουσα
1835 1992 1927 2047 τοῦ
1975 1991 2255 2065 χρωμένου
2294 1993 2431 2064 αὐτῇ
2458 1993 2615 2060 ἁγίου
2642 1993 2975 2065 Πνεύματος.

748 2083 1045 2141 Sciendum
1080 2096 1259 2141 autem
1302 2094 1408 2150 est,
1438 2085 1737 2141 secundum
1773 2084 2124 2154 Septuaginta
2157 2081 2245 2136 in-

676 2182 962 2248 terpretes,
993 2177 1319 2232 sententiam
1354 2174 1833 2248 [subsequentem]
1866 2176 2076 2232 calamo
2099 2174 2243 2230 scri-

679 2270 759 2325 bae
813 2268 1185 2339 conjunctam,
1219 2277 1381 2338 atque
1410 2276 1587 2324 totum
1616 2269 1892 2339 eloquium
1940 2283 2049 2322 uno
2084 2283 2243 2322 versu

676 2360 1134 2431 comprehensum
1166 2374 1309 2423 esse,
1348 2360 1451 2413 hoc
1484 2366 1646 2429 pacto
1678 2378 1689 2412 :
1734 2352 1940 2428 Lingua
1964 2374 2077 2412 mea
2098 2358 2242 2411 cata-

675 2469 793 2505 mus
820 2450 1008 2505 scribae
1032 2451 1275 2505 velociter
1301 2451 1600 2517 scribentis,
1630 2453 1893 2522 speciosus
1928 2452 2102 2521 forma
2134 2466 2243 2520 prae

675 2543 802 2613 ﬁliis
832 2541 1123 2595 hominum.
1162 2543 1229 2596 At
1257 2542 1385 2613 quia
1422 2541 1689 2598 Hebraica
1732 2544 1896 2599 lectio
1944 2551 1999 2600 et
2047 2544 2243 2613 reliqui

675 2632 1022 2703 interpretes,
1052 2636 1333 2704 superiore
1364 2637 1630 2692 sententia
1664 2636 2104 2707 circumscripta,
2138 2636 2244 2690 alio

675 2727 879 2783 deinde
896 2729 1164 2800 principio
1194 2730 1247 2783 in
1272 2730 1615 2800 expositione
1665 2730 1751 2784 usi
1782 2739 1950 2797 sunt;
2008 2745 2246 2800 congru-

674 2828 829 2872 enter
851 2832 954 2874 nos
976 2820 1137 2874 etiam
1166 2819 1320 2883 illud,
1357 2818 1635 2887 Speciosus
1661 2819 1835 2888 [arma
1865 2836 1977 2889 prce
1998 2819 2126 2887 ﬁliis
2148 2819 2243 2874 ho-

674 2913 895 2976 minum,
931 2912 998 2966 ab
1049 2914 1155 2966 alio
1194 2912 1658 2967 initioduximus.
1705 2912 1901 2982 Aquila
1946 2913 2111 2982 igitur
2144 2914 2244 2967 hac

674 3004 887 3058 ratione
934 3003 1323 3073 interpretatus
1354 3011 1460 3067 est,
1505 3002 1907 3058 Pulchritudine
1944 3015 2162 3057 ornatus
2188 3020 2242 3057 es

676 3114 708 3150 α
749 3095 877 3165 ﬁliis
906 3096 1211 3160 haminum;
1268 3094 1631 3167 Symmachus
1658 3111 1808 3159 vero,
1843 3093 2244 3149 Pulchritudine

676 3189 890 3259 pulcher
933 3206 986 3244 es
1027 3197 1220 3259 prceter
1273 3188 1415 3258 ﬁlios
1460 3188 1760 3253 hominum;
1814 3189 1887 3243 ita
1934 3196 1992 3243 ut
2040 3204 2160 3258 quae
2190 3190 2244 3243 in

678 3282 897 3337 cantico
953 3283 1378 3353 praemittuntur,
1450 3282 1702 3353 prommii
1760 3281 1934 3336 vicem
1985 3274 2241 3335 habeant.

2419 2083 2626 2137 Εἰδέναι
2658 2084 2713 2137 δὲ
2732 2085 2829 2149 δεῖ,
2863 2085 2939 2148 ὡς
2968 2085 3108 2139 κατὰ
3131 2085 3229 2157 τὴν
3254 2084 3361 2140 τῶν
3401 2086 3805 2158 Ἐϐδομήκοντα
3834 2086 3916 2156 ἑρ-

2351 2177 2573 2248 μηνείαν
2600 2178 2866 2247 συνῆπται
2897 2180 2930 2249 ἡ
2956 2178 3164 2232 διάνοια
3185 2178 3263 2249 τῷ
3296 2178 3526 2249 καλάμῳ
3550 2178 3643 2231 τοῦ
3672 2195 3915 2250 γραμμα·

2346 2267 2502 2332 τέως,
2541 2269 2630 2336 ὑφ’
2658 2269 2753 2321 ἕνα
2781 2286 2839 2321 τε
2870 2270 3052 2340 στίχον
3095 2271 3155 2324 τὸ
3182 2271 3299 2324 ὅλον
3334 2270 3665 2341 ἀπείληπται
3720 2269 3895 2338 λόγιον

2348 2357 2518 2420 οὕτως
2542 2342 2681 2428 ἔχον)
2728 2360 2787 2414 Ἡ
2810 2358 3058 2428 γλῶσσά
3078 2378 3197 2429 μου
3253 2360 3520 2430 κάλαμος
3548 2359 3913 2430 γραμματέως

2350 2448 2713 2519 ὀξυπαάφου·
2740 2452 2954 2519 ὡραῖος
2982 2451 3191 2506 κάλλει
3217 2452 3373 2521 παρὰ
3425 2452 3567 2519 τοὺς
3611 2453 3779 2519 υἱοὺς
3807 2451 3902 2505 τῶι

2349 2539 2688 2609 ἀνθρώπων.
2734 2542 2885 2596 Ἐπεὶ
2922 2542 3032 2614 δὲὴ
3069 2542 3329 2613 Ἐὅραῖκὴ
3379 2541 3525 2606 λέξις
3554 2545 3649 2596 καὶ
3672 2545 3717 2596 οί
3752 2542 3915 2596 λοιποὶ

2349 2634 2699 2704 ἑρμηνευταὶ,
2727 2634 2824 2706 τὴν
2844 2633 2952 2687 τῶν
2989 2636 3245 2704 ἀνωτέρω
3283 2633 3521 2688 διάνοιαν
3551 2634 3915 2706 περιγράψαν-

2346 2742 2454 2788 τες,
2472 2726 2593 2793 ,ἀπὸ
2640 2726 2827 2799 ἐτέρας
2856 2728 3029 2801 ἀρχῆς
3057 2727 3152 2799 τὴν
3177 2728 3390 2782 ἔκθεσιν
3415 2729 3760 2799 ἐποιήσαντο·
3791 2728 3914 2780 siuti

2343 2836 2449 2882 τως
2484 2820 2576 2872 καὶ
2602 2822 2760 2890 ἡμεῖς
2782 2819 2841 2884 ἐξ
2862 2822 3054 2891 ἑτέρας
3077 2821 3252 2892 ἀρχῆς
3310 2822 3389 2874 τό·
3456 2821 3685 2890 ὭραῖΟς
3714 2821 3917 2875 κάλλει

2352 2908 2501 2977 παρὰ
2540 2910 2679 2975 τοὺς
2723 2912 2888 2976 υἱοὺς
2937 2910 3053 2965 τῶν
3110 2910 3455 2979 ἀνθρώπων,
3510 2912 3913 2982 παρεθήκαμεν.

2359 3003 2413 3054 '0
2450 3002 2546 3072 μὲν
2579 2998 2670 3055 οὖν
2711 3003 2939 3067 Ἀκύλας
2984 3003 3170 3057 τοῦτον
3216 3007 3526 3076 ἡρμήνευσε
3566 3006 3659 3058 τὸν
3704 3004 3915 3075 τρόπον.

2347 3092 2572 3147 Κάλλει
2625 3093 2991 3162 ἐκαλλιὼθης
3039 3096 3157 3148 ἀπὸ
3217 3093 3366 3150 υἱῶν
3420 3096 3762 3163 ἀνθρώπων
3812 3096 3839 3147 6
3867 3096 3918 3148 δὲ

2350 3185 2661 3257 Σύμμαχος·
2694 3186 2917 3241 Κάλλει
2954 3188 3141 3254 καλὸς
3179 3184 3236 3241 εἴ
3253 3188 3411 3257 παρὰ
3442 3188 3583 3254 τοὺς
3608 3189 3777 3255 υἱοὺς
3810 3187 3918 3240 τῶν

2350 3278 2692 3345 ἀνθρώπων
2725 3278 2866 3333 ὥστε
2916 3274 3055 3333 εἶναι
3114 3279 3183 3332 τὰ
3232 3280 3423 3353 πρῶτα
3486 3284 3583 3351 τῆς
3631 3280 3773 3352 ᾠδῆς
3807 3280 3917 3333 ἀντὶ

676 3373 814 3429 Cum
846 3351 991 3428 enim
1032 3374 1385 3445 propheticus
1418 3351 1623 3431 chorus
1669 3387 1975 3429 sermonem
2004 3371 2071 3428 de
2098 3372 2244 3427 Dile-

2355 3372 2637 3443 προοιμίου
2694 3370 3010 3444 λελεγμένα.
3044 3351 3289 3427 Μέλλων
3322 3372 3432 3443 γὰρ
3483 3372 3920 3442 εὐαγγελίζεσθαι

622 3531 631 3538 _
676 3475 765 3522 cto
799 3464 1058 3531 initurus,
1090 3474 1253 3535 atque
1282 3465 1555 3520 canticum
1579 3464 1646 3519 de
1674 3464 1766 3518 illo
1798 3464 2113 3533 prolaturus
2152 3480 2243 3520 cs-

677 3564 780 3622 set,
806 3556 1073 3626 promtnio
1113 3570 1248 3610 usus
1280 3563 1384 3618 est,
1442 3555 1586 3625 quod
1617 3555 1720 3609 hac
1754 3556 2023 3611 sententia
2057 3556 2245 3609 termi-

674 3658 857 3713 natur,
895 3648 1102 3719 Lingua
1146 3665 1260 3702 maa
1315 3648 1553 3701 calamus
1609 3646 1797 3701 scribta
1831 3647 2076 3701 velociter
2112 3648 2246 3701 scri-

676 3744 867 3798 bentis.
904 3732 1113 3795 Exinde
1146 3755 1277 3795 vero
1312 3740 1589 3795 canticum
1642 3740 1696 3794 in
1729 3738 1918 3795 Dilecti
1952 3755 2242 3810 personam

676 3834 910 3895 orditur,
945 3832 1131 3900 sicque
1192 3831 1480 3901 compellat
1530 3831 1707 3901 ipsum
1767 3850 1780 3886 :
1843 3829 2134 3901 Speciosus
2184 3847 2244 3885 es

676 3926 871 3980 forma.
933 3923 1159 3993 pulcher
1211 3936 1292 3985 es,
1342 3928 1396 3976 et
1440 3921 1847 3991 pulchritudine
1898 3930 2127 3977 ornatus
2161 3938 2241 3986 es,

676 4018 790 4072 sive
820 4015 1229 4086 ,ulchritudine
1280 4012 1571 4073 decoratus
1603 4028 1686 4079 es,
1729 4029 1763 4069 o
1819 4012 2046 4079 Dilecte,
2083 4030 2246 4085 super

679 4112 819 4165 filios
851 4110 1152 4163 hominum.
1181 4106 1405 4163 Etiamsi
1439 4106 1585 4161 enim
1629 4114 1743 4161 tute
1772 4122 1915 4161 unus
1956 4108 2035 4162 sis
2084 4123 2113 4161 e
2144 4123 2246 4163 nu-

681 4216 833 4258 mero
863 4201 1097 4255 ﬁliorum
1131 4199 1434 4263 hominum,
1464 4206 1624 4269 atque
1648 4198 1715 4253 iis
1745 4199 1836 4267 qui
1869 4200 1924 4252 in
1952 4206 2097 4252 terra
2121 4213 2245 4251 ver—

682 4305 876 4351 santur
910 4299 1305 4349 annumeratus
1347 4294 1457 4360 sis;
1513 4302 1568 4346 at
1604 4291 1749 4373 nulla
1780 4292 2129 4361 pulchritudo
2164 4301 2249 4346 est

682 4397 790 4445 tua:
817 4386 1201 4458 comparanda.
1239 4384 1422 4438 Palam
1456 4392 1636 4440 autem
1669 4395 1753 4439 est
1799 4384 1851 4438 id
1900 4385 2079 4454 quoad
2136 4385 2248 4438 vir—

676 4492 845 4539 tutem
889 4481 1031 4546 dici;
1067 4494 1245 4549 neque
1275 4478 1420 4533 enim
1452 4478 1518 4533 iis
1550 4477 1775 4533 adversa
1812 4476 2057 4548 proferre
2088 4486 2246 4547 putc-

676 4583 766 4626 tur
792 4571 961 4625 Isaias
992 4569 1120 4622 dum
1154 4570 1229 4621 ait
1257 4586 1270 4621 :
1312 4568 1379 4619 Et
1406 4554 1631 4621 vidimus
1666 4584 1806 4631 eum,
1857 4577 1904 4621 et
1960 4586 2065 4622 non
2094 4568 2249 4621 liabe-

2351 3464 2441 3516 τὸν
2472 3464 2610 3535 ὑπὲρ
2636 3463 2728 3517 τοῦ
2776 3465 3084 3535 Ἀγαπητοῦ
3111 3465 3283 3534 λόγον,
3337 3466 3432 3520 καὶ
3458 3465 3556 3537 τὴν
3588 3466 3728 3538 ὑπὲρ
3759 3462 3916 3519 αὑτοῦ

2355 3557 2645 3629 προφέρειν
2673 3556 2812 3628 ᾠδὴν
2842 3560 2870 3610 6
2894 3558 3229 3629 προφητικός
3252 3558 3429 3629 χορὸς,
3447 3559 3717 3630 προοιμίῳ
3736 3558 3917 3629 κέχρηο

2352 3667 2462 3713 ται,
2502 3651 2704 3720 στήσας
2738 3648 2797 3701 τὸ
2825 3650 3107 3720 προοίμιον
3136 3649 3240 3715 ἓως
3264 3648 3378 3703 τοῦ·
3420 3650 3485 3703 Ἠ
3522 3650 3778 3719 γλῶσσά
3805 3667 3915 3718 μου

2354 3742 2618 3811 κάλαμος
2666 3740 3046 3810 γραμματέως
3102 3739 3463 3808 ὀξυγράερου.
3536 3740 3816 3792 Ἐντεῦθεν
3864 3739 3915 3789 δὲ

2352 3834 2536 3888 λοιπὸν
2570 3835 2873 3903 ἁπάρχεται
2900 3831 3000 3901 τῆς
3041 3833 3119 3895 είς
3163 3832 3450 3902 πρόσωπον
3476 3830 3571 3882 τοῦ
3618 3829 3914 3900 Ἀγαπητοῦ

2354 3928 2509 3997 ᾠδῆς·
2547 3928 2820 3994 ἀναφωνεῖ
2846 3942 2904 3976 τε
2945 3920 3077 3997 πρὸς
3124 3923 3304 3977 αὐτόν’
3368 3924 3580 3993 Ὠραῖος
3628 3918 3677 3975 εἶ
3718 3922 3912 3985 κάλλει,

2355 4020 2520 4083 καλὸς
2555 4015 2624 4081 εἴ,
2650 4019 2681 4089 ἢ
2712 4017 2897 4072 κάλλει
2931 4016 3284 4086 ὲκαλλιώθης,
3317 4016 3349 4088 ἦ
3379 4016 3563 4069 κάλλει
3617 4014 3907 4087 ὠραιώθης.

2354 4105 2397 4161 ὦ
2426 4111 2721 4181 Ἀγαπητὲ,
2754 4110 2904 4181 παρὰ
2932 4111 3057 4173 τοὺς
3082 4110 3228 4174 υἱοὺς
3256 4108 3365 4161 τῶν
3389 4107 3708 4179 ἀνθρώπων.
3729 4109 3790 4161 Εἰ
3815 4107 3911 4175 γὰρ

2355 4206 2447 4256 καὶ
2472 4204 2536 4257 τὰ
2570 4204 2803 4274 μάλιστα
2832 4198 2911 4265 εἷς
2941 4220 3023 4266 τις
3048 4202 3277 4272 γέγονας
3322 4203 3414 4255 καὶ
3446 4201 3609 4265 αὐτὸς
3634 4200 3764 4253 υἱῶν
3818 4199 3911 4251 τῶν

2356 4296 2674 4369 ἀνθρώπων,
2705 4299 2797 4349 καὶ
2836 4295 3247 4368 κατηριθμήθης
3278 4297 3388 4358 τοῖς
3420 4296 3512 4347 ἐπὶ
3553 4294 3656 4365 γῆς
3681 4294 3911 4347 πολιτευο

2360 4390 2630 4461 σαμένοις·
2667 4388 2779 4441 ἀλλ’
2807 4390 2905 4442 οὐκ
2950 4389 3062 4442 ἔστι
3113 4387 3478 4458 παραϐάλλειν
3512 4385 3590 4456 τῷ
3614 4374 3797 4440 κάλλει
3830 4404 3912 4438 σου

2355 4482 2559 4551 ἕτερον.
2602 4480 2767 4549 Δῆλον
2818 4480 2895 4541 δὲ,
2946 4480 3028 4533 ὅτι
3086 4478 3227 4532 κατὰ
3267 4476 3363 4547 τὴν
3398 4478 3617 4547 ἀρετήν·
3650 4476 3793 4529 οὕτω
3816 4475 3917 4545 γὰρ

2360 4574 2481 4626 οὔτε
2506 4573 2643 4639 δόξει
2702 4574 2916 4626 ἐναντία
2972 4572 3179 4636 τούτοις
3227 4571 3453 4633 Ἡσαΐας
3495 4570 3674 4638 λέγειν
3724 4570 3912 4638 φήσας’

677 4667 764 4719 bat
813 4665 1050 4731 speciem,
1089 4678 1248 4729 neque
1277 4662 1741 4729 pulchritudinem.
1777 4662 1880 4717 Sed
1911 4666 2105 4732 species
2135 4666 2244 4735 ejus

2357 4642 2463 4721 kal
2501 4668 2702 4737 ἴδομεν
2722 4666 2926 4729 αὐτὸν,
2959 4666 3056 4719 καὶ
3083 4667 3193 4720 οὐκ
3222 4660 3393 4733 ,εἶχεν
3413 4659 3573 4728 εἶδος
3618 4660 3755 4716 οὐδὲ
3782 4661 3914 4715 κάλ-

675 4759 1017 4819 inhonorata,
1042 4754 1287 4822 deﬁciens
1305 4769 1411 4821 prw
1436 4755 1566 4822 ﬁliis
1590 4755 1927 4810 hominum“.
1949 4755 2073 4811 Haec
2090 4756 2244 4827 quip-

2353 4763 2478 4825 λος·
2507 4733 2667 4813 ἀλλὰ
2693 4760 2755 4813 τὸ
2785 4757 2943 4825 εἶδος
2973 4757 3157 4813 αὑτοῦ
3202 4754 3429 4823 ἄτιμον,
3461 4753 3739 4807 ἐκλεῖπον
3769 4756 3913 4821 παρὰ

680 4863 743 4917 pe
772 4860 988 4900 crucem
1017 4852 1070 4899 et
1092 4844 1399 4914 passionem
1433 4845 1895 4911 praenuntiabant,
1940 4863 2061 4917 qua:
2093 4853 2244 4917 petu-

2356 4853 2495 4918 τοὺς
2520 4852 2687 4917 υἱοὺς
2714 4850 2831 4904 τῶν
2845 4850 3185 4920 ἀνθρώπων.
3207 4848 3419 4901 Ἐκεῖνα
3441 4846 3548 4917 γὰρ
3578 4846 3665 4899 τὸν
3695 4845 3912 4917 σταυρὸν

678 4938 843 4989 lautia
883 4944 935 4990 et
984 4934 1308 4989 contumelia
1362 4933 1530 5003 plena:
1572 4934 1723 4993 fuere
1779 4958 1790 4991 :
1845 4954 2014 5009 quare
2066 4938 2244 4995 subdit

2354 4946 2446 4998 καὶ
2476 4944 2537 4997 τὸ
2571 4944 2738 5006 πάθος
2762 4942 3155 5014 προανεφώνει,
3210 4938 3246 4992 ἃ
3278 4926 3562 5009 παροινίας
3588 4937 3678 4991 καὶ
3714 4936 3911 5011 ὕϐρεως

681 5031 941 5100 propheta
963 5014 1212 5093 θ’,Ηοιηο
1242 5028 1259 5079 i
1340 5028 1485 5097 ilaga
1516 5030 1792 5095 exsistens,
1831 5048 1891 5085 ac
1918 5027 2085 5087 sciens
2115 5030 2244 5099 ferre

2360 5036 2567 5105 ὑπῆρχε
2626 5035 2816 5105 μεστά·
2863 5035 2943 5087 διὸ
2986 5033 3046 5102 δὴ
3078 5032 3171 5085 καὶ
3229 5031 3507 5099 ἐπήγαγεν
3542 5031 3573 5081 ὁ
3615 5031 3907 5100 προφήτης·

677 5120 1063 5191 inﬁrmitatem,
1087 5120 1429 5174 inhonoratus
1467 5137 1558 5175 nec
1592 5132 1862 5187 reputatus
1880 5135 1977 5180 est.
1999 5124 2248 5179 Psalmus

677 5232 811 5271 vero
854 5213 1333 5283 pulchritudinem,
1376 5229 1484 5269 non
1535 5217 1805 5286 corporis.
1856 5220 1934 5272 uti
1983 5218 2243 5281 diximus,

678 5308 952 5367 enuntiat,
980 5304 1076 5359 sed
1104 5305 1343 5371 virtutis,
1371 5323 1491 5378 qua:
1526 5304 1729 5363 nullam
1764 5309 2003 5364 admittit
2034 5310 2243 5380 peccati

680 5398 878 5451 labem.
910 5394 1021 5449 Sub
1049 5395 1163 5449 hinc
1194 5398 1392 5453 dicitur
1426 5420 1437 5453 :
1476 5400 1683 5469 Diﬂ‘usa
1712 5411 1789 5456 est
1810 5404 1984 5471 gratia
2010 5405 2061 5456 iu
2094 5402 2247 5455 labiis

683 5491 809 5549 tuis;
835 5498 1108 5556 propterea
1140 5485 1398 5542 benedixit
1444 5499 1488 5542 te
1542 5490 1679 5543 Deus
1712 5491 1766 5542 in
1792 5502 2063 5545 reternum.
2100 5490 2248 5559 Moy-

681 5596 772 5636 ses
810 5582 975 5650 igitur
1002 5581 1231 5651 gratiam
1266 5583 1555 5652 quamdam
1593 5584 1833 5640 invenit:
1868 5584 1975 5638 Nnc
2023 5586 2241 5647 iterum,

764 5832 798 5862 "
837 5829 977 5885 Psal.
1015 5848 1167 5895 mu,
1200 5833 1288 5887 2'2.
1370 5834 1414 5864 ⁸⁸
1456 5833 1557 5888 lsa.
1600 5849 1736 5895 Lm,
1776 5832 1832 5889 ἓ.
1912 5833 1951 5861 ⁶⁹
1993 5831 2121 5883 ilid.
2157 5830 2205 5882 '5.

2362 5129 2692 5195 Ἀνθρωπος
2732 5127 2799 5179 ἐν
2824 5124 3025 5195 πληγῇ
3058 5121 3161 5187 ὢν,
3187 5121 3283 5176 καὶ
3312 5121 3486 5188 εἰδὼς
3512 5120 3710 5191 φέρειν
3729 5124 3909 5191 μαλα-

2356 5221 2509 5281 κίαν,
2541 5220 2837 5288 ἠτιμάσθη
2894 5217 2991 5270 καί
3037 5218 3147 5269 οὐκ
3179 5216 3483 5284 ἐλογίσθη.
3539 5214 3597 5269 Ὀ
3630 5216 3682 5269 δὲ
3714 5210 3911 5284 ψαλμὸς

2355 5313 2543 5377 κάλλος
2580 5312 2741 5365 αὑτοῦ
2778 5312 2948 5373 καλεῖ,
2977 5308 3096 5361 καθ’
3130 5307 3165 5360 ἃ
3216 5307 3449 5379 εἴρηται,
3486 5310 3546 5362 ού
3578 5310 3634 5361 τὸ
3677 5307 3771 5360 τοῦ
3820 5302 3910 5356 σώ-

2359 5423 2541 5473 ματος,
2577 5405 2709 5457 ἀλλὰ
2738 5404 2792 5456 τὸ
2827 5403 2924 5473 τῆς
2948 5401 3167 5472 ἀρετῆς,
3232 5402 3505 5473 ἁμαρτίας
3539 5404 3595 5454 οὐ
3635 5400 3909 5467 δεξάμενον

2358 5497 2558 5551 σπῖλον.
2619 5498 2836 5559 Τούτοις
2886 5495 3009 5565 ἑξῆς
3069 5495 3297 5565 εἴρηται·
3363 5493 3646 5563 Ἔξεχύθη
3684 5492 3718 5557 ἠ
3755 5485 3909 5555 χάρις

2357 5592 2423 5643 ἐν
2456 5593 2680 5661 reflect
2710 5608 2843 5645 σου·
2882 5588 2975 5643 διὰ
3002 5590 3178 5643 τοῦτο
3198 5585 3495 5656 εὐλόγησέ
3520 5602 3593 5637 σε
3618 5586 3647 5636 d
3679 5578 3907 5648 Θεύςρίς
