3966 6348
92 400 191 452 397
1209 395 1701 452 COMMENTARIA
1742 395 1809 449 IN
1844 397 2176 454 PSALMOS.
3188 410 3294 465 ΞΜ

89 516 197 568 τὸν
221 513 435 568 aliIn-cl.
471 516 705 585 Μωῦσῆς
736 514 831 585 μὲν
874 508 967 567 οὖν
1002 507 1123 585 εὗρε
1159 515 1284 585 μίαν
1316 515 1434 569 τινὰ
1475 516 1630 585 χάριν

1757 514 1979 583 gratiam
2004 517 2237 585 aliquam
2265 517 2465 576 invenit
2499 518 2550 571 in
2584 526 2878 589 conspectu
2908 519 3118 575 Domini
3146 540 3159 587 ;
3186 523 3297 577 sin-
3382 502 3383 505 Ἴ

89 607 182 659 καὶ
207 606 355 659 ιΝῶε
382 607 541 660 πάλιν
570 601 692 678 εὗρέ
740 624 859 660 τινα
916 607 1071 678 χάριν
1106 606 1329 659 ἐνώπιιν
1374 606 1464 659 τοῦ
1496 606 1638 668 Θεοῦ·

1756 608 1863 677 guli
1918 608 2167 663 similiter
2212 609 2343 679 justi
2403 612 2585 680 gratim
2627 612 2918 681 participes
2948 612 3165 667 fuerunt
3199 634 3210 667 :
3245 625 3298 669 at

88 700 177 751 καὶ
208 699 447 763 ἕκαστος
497 699 603 751 τῶν
646 699 863 753 δικαίων
913 700 1128 771 χάριτος
1183 698 1457 770 μετέσχεν.
1503 698 1652 751 Ἐπεὶ

85 789 253 845 δὲτοῦ
290 791 600 861 Ἀγαπητοῦ
630 792 775 855 πᾶσα
805 794 837 860 ἡ
859 792 1095 863 πατρικὴ
1125 794 1202 854 εἷς
1225 792 1384 843 αὑτὸν
1417 790 1649 864 ἐκενώθη

87 880 264 951 χάρις’
293 876 365 952 ἦν
397 883 504 953 γὰρ
530 885 557 935 ὁ
591 883 775 953 Πατὴρ
828 882 1002 936 λαλῶν
1034 885 1091 936 ἐν
1132 883 1263 954 Υἱῷ·
1304 884 1450 938 ἔνθεν
1494 886 1584 938 καὶ
1618 887 1650 955 ἡ

84 973 523 1044 διακονησαμένη
557 973 651 1043 τὴν
677 975 754 1037 εἰς
786 972 1101 1045 ἀνθρώπους
1134 975 1294 1028 αὐτοῦ
1322 976 1546 1046 πάροδον
1571 994 1653 1029 κε-

85 1066 440 1135 χαριτωμένη
461 1064 673 1136 ἐλέχθη.
713 1066 798 1117 Ἐν
842 1066 989 1136 αὺτῷ
1022 1066 1127 1136 γὰρ
1158 1066 1413 1137 εὐδόκησε
1448 1070 1554 1121 πᾶν
1592 1068 1651 1122 τὸ

84 1162 464 1233 πλήρωματῆς
485 1163 729 1233 θεότητος
751 1165 1063 1234 κατοικῆσαι
1078 1162 1498 1233 σωματικῶς·διὸ
1513 1164 1648 1216 πάν-

82 1270 166 1317 τες
195 1257 245 1307 οἱ
282 1254 432 1321 ἅγιοι
475 1258 538 1308 ἐκ
582 1254 676 1307 τοῦ
733 1252 1087 1325 πληρώματος
1135 1254 1298 1308 αὐτοῦ
1351 1255 1642 1325 εἰλήφασιν.

160 1344 477 1410 Ἔπιὸαλεῖς
527 1347 583 1400 δὲ
635 1348 727 1400 καὶ
781 1344 970 1410 οὕτως·
1006 1346 1078 1399 Τὸ
1111 1346 1323 1417 πρῶτον
1366 1345 1525 1417 ἔργον
1552 1345 1645 1399 τοῦ

92 1437 407 1508 ’Δγαπητοῦ
434 1441 466 1509 ἡ
518 1438 675 1509 χάρις
708 1441 741 1509 ὴ
804 1440 861 1491 ἐν
892 1440 1002 1501 τοῖς
1035 1424 1261 1508 χείλεσιν
1290 1435 1449 1490 αύτοῦ
1490 1454 1647 1506 κεχυ-

87 1530 235 1599 μένη,
270 1531 419 1584 κατὰ
463 1530 559 1601 τὴν
595 1530 944 1584 ἀποδοθεῖσαν
975 1530 1227 1583 διάνοιαν*
1256 1529 1349 1581 καὶ
1399 1527 1517 1581 καθ’
1540 1529 1647 1580 ἐτευ

88 1636 171 1688 ρον
198 1620 256 1672 δέ
288 1620 517 1691 τρόπον,
547 1622 586 1689 ἡ
613 1620 783 1689 χάρις
813 1620 909 1676 καὶ
941 1622 979 1689 ἡ
1024 1618 1271 1685 ἀλήθεια
1302 1617 1398 1672 διὰ
1443 1617 1645 1687 Ἰησοῦ

83 1711 336 1777 Χριστοῦ
347 1710 598 1778 ἐγένετο.
620 1713 833 1784 Ἐπειδὴ
858 1712 1029 1765 πάντα
1050 1708 1399 1783 χαριζόμενος
1413 1708 1643 1780 ἔπραττε

84 1802 186 1861 τοῖς
210 1800 310 1868 μὲν
346 1800 525 1866 ἀφιεὶς
557 1797 653 1861 τὰς
678 1799 967 1870 ἁμαρτίας,
1001 1799 1108 1852 τῶν
1136 1800 1190 1852 δὲ
1216 1798 1311 1863 τὰς
1336 1799 1522 1863 νόσους
1554 1799 1645 1852 καὶ

1753 702 1878 770 quia
1912 708 2135 770 paterna
2184 702 2354 771 gratia
2398 703 2453 756 in
2496 702 2757 757 Dilectum
2814 703 2981 760 effusa
3017 713 3132 761 tota
3161 708 3294 774 fuit;

1752 790 1915 845 Pater
1940 793 2082 847 enim
2113 792 2167 846 in
2203 792 2340 847 Filio
2372 794 2721 864 loquebatur;
2756 794 2874 850 ideo
2917 812 3036 865 quae
3064 798 3184 866 ejus
3239 798 3295 852 in

1752 882 1996 939 homines
2029 884 2289 941 adventus
2321 885 2641 941 administra
2676 887 2808 951 fuit,
2838 889 3006 959 gratia
3040 890 3197 959 plena
3219 890 3297 943 di-

1752 982 1836 1028 cta
1870 984 1973 1029 est.
2015 974 2145 1029 Nam
2177 978 2231 1030 in
2260 976 2379 1046 ipso
2406 978 2613 1046 placuit
2646 993 2860 1034 onmem
2907 981 3295 1049 plenitudinem

1751 1066 2050 1121 divinitatis
2080 1068 2325 1125 habitare
2355 1069 2711 1139 corporaliter
2738 1090 2751 1125 :
2786 1071 3135 1140 quamobrem
3168 1087 3295 1128 san-

1750 1158 1824 1211 cti
1850 1175 2041 1215 omnes
2072 1176 2135 1214 ex
2168 1160 2500 1231 plenitudine
2523 1162 2642 1231 ejus
2673 1172 3015 1232 acceperunt.

1818 1335 1928 1391 Hoc
1956 1336 2081 1393 item
2111 1339 2269 1394 modo
2300 1333 2425 1395 haec
2456 1348 2690 1396 traCtare
2717 1341 2842 1396 licet
2890 1359 2903 1395 :
2933 1339 3171 1394 Primum
3205 1339 3297 1393 Di.

1748 1424 1869 1479 lecti
1917 1442 2055 1497 Opus
2085 1439 2168 1483 est
2215 1431 2409 1501 gratia,
2456 1448 2576 1501 qua:
2623 1431 2917 1487 secundum
2969 1432 3294 1486 sententiam

1739 1515 1851 1585 jam
1884 1519 2206 1588 explicatam
2248 1521 2301 1574 in
2354 1521 2511 1576 labiis
2558 1521 2677 1591 ejus
2726 1520 2923 1577 diﬂ’usa
2952 1528 3065 1589 est;
3094 1536 3156 1575 ac
3188 1522 3295 1575 alia

1742 1608 1974 1684 ratione,
2004 1611 2175 1680 gratia
2203 1620 2251 1665 et
2292 1612 2479 1665 veritas
2512 1628 2603 1681 per
2644 1612 2825 1667 Iesum
2852 1613 3116 1668 Christum
3147 1614 3292 1682 facta

1744 1711 1819 1756 est
1842 1702 1907 1756 ⁷⁰.
1946 1702 2224 1773 Siquidem
2248 1705 2449 1773 gratias
2481 1705 2839 1775 impertiendo
2866 1708 3046 1761 omnia
3076 1707 3290 1777 agebat,

1745 1787 1829 1843 his
1859 1799 2076 1859 peccata
2107 1790 2405 1857 dimittens,
2457 1794 2685 1848 alierum
2733 1795 2952 1852 morbos
3008 1795 3294 1851 infirmita-

84 1888 175 1951 τὰς
207 1864 481 1959 μαλακίας
514 1864 755 1958 ἰώμενος,
782 1864 891 1952 τοῖς
916 1891 969 1943 δὲ
1014 1889 1074 1942 τὸ
1103 1890 1254 1957 ἅγιον
1282 1888 1503 1959 Πνεῦμα
1535 1890 1630 1943 δω-

1745 1886 1932 1950 tesque
1954 1890 2181 1945 curans,
2202 1883 2322 1939 aliis
2357 1883 2495 1938 dans
2515 1882 2776 1955 Spiritum
2794 1892 3063 1941 sanctum.
3089 1886 3293 1952 Quam-
3312 1956 3323 1965 ἢ

87 1983 360 2053 ρούμενος.
391 1984 465 2035 Δι’
490 1982 519 2035 ὃ
540 1980 672 2053 πρὸς
694 1982 852 2035 αὑτὸν
879 1982 1097 2044 εἰκότως
1126 1980 1325 2051 εἴρητο·
1364 1980 1641 2048 Ἐξεχύθη

87 2078 120 2141 ἡ
143 2074 311 2143 χάρις
360 2075 430 2127 ἐν
461 2076 693 2144 χείλεσί
722 2092 861 2129 σου.
890 2073 1110 2137 Τούτοις
1160 2073 1283 2145 ἑξῆς
1309 2074 1357 2126 οἱ
1406 2072 1639 2143 πρόσθεν

89 2147 571 2238 ἀποκλαυσάμενοι,
596 2167 686 2219 καὶ
709 2166 802 2238 τὴν
830 2167 933 2219 ὑπὸ
958 2169 1066 2229 τοῖς
1104 2165 1378 2237 πολεμίοις
1401 2164 1638 2219 δουλείαν

89 2260 283 2314 ἐαυτῶν
311 2259 745 2331 ὑπογράψαντες,
773 2259 1039 2329 εὐκαίρως
1068 2257 1157 2309 τὸν
1198 2256 1501 2328 Ἀγαπητὺν
1539 2258 1641 2308 ἱκε-

90 2350 289 2404 τεύουσι
352 2349 584 2402 σπεῦσαι
609 2349 699 2401 καὶ
725 2348 913 2421 μέχρις
937 2347 1113 2400 αὐτῶν
1154 2346 1642 2419 ἐλθεῖνιφραξάμε-

88 2459 165 2492 νον
195 2441 379 2504 ὅπλοις
408 2440 715 2511 πολεμικοῖς
737 2439 823 2492 διὰ
853 2440 976 2502 τοὺς
1001 2438 1373 2510 ἐπικειμένους
1393 2437 1635 2509 ἐχθροὺς,

93 2532 157 2594 ὡς
184 2534 247 2585 ἂν
277 2523 699 2603 τῳπωσάμενος
724 2532 938 2595 αὐτοὺς,
964 2531 1061 2601 τὴν
1111 2532 1200 2583 ὑπ’
1225 2532 1403 2594 αὺτοῖς
1442 2533 1639 2600 αἰχμα-

92 2622 273 2675 λωσίαν
304 2623 660 2690 ὑπεξαγάγοι.
687 2622 775 2673 Διό
808 2639 955 2691 φασι·
994 2621 1316 2689 Περίζωσαι
1356 2620 1467 2688 τὴν
1489 2622 1635 2687 ῥομ-

93 2713 260 2780 φαίαν
284 2728 404 2767 σου
433 2712 533 2766 ἐπὶ
554 2712 657 2766 τὸν
675 2714 869 2781 μηρόν
893 2727 1028 2775 σου,
1054 2709 1287 2764 δυνατέο
1316 2708 1509 2780 ὡραῖος
1540 2711 1636 2778 μὲν

91 2804 186 2875 γὰρ
208 2801 255 2858 εἱ
283 2806 377 2858 καὶ
406 2805 588 2870 καλὸς,
624 2805 759 2876 πλὴν
788 2803 922 2859 ἀλλὰ
954 2804 1089 2873 πρὸς
1122 2804 1187 2872 τῇ
1215 2801 1503 2882 ώραιότητί
1543 2819 1633 2854 σου

91 2895 333 2965 καὶπρὸς
371 2894 451 2966 τῷ
476 2895 659 2951 κάλλει
704 2912 794 2947 σου
849 2892 1084 2947 ἀναλαει
1142 2891 1239 2963 τὴν
1280 2889 1474 2943 σαυτοῦ
1504 2905 1635 2942 παν-

92 2986 263 3041 οπλίαν
287 2987 356 3040 δι’
380 2988 526 3058 ἡμᾶς
554 2987 831 3051 τοὺςσοὺς
884 2986 1085 3047 ἱκέτας
1116 2983 1418 3052 ῥομφαίαν
1441 2999 1502 3035 τε
1535 2998 1635 3035 πε-

90 3077 239 3143 ρίθου
263 3078 341 3143 τῷ
366 3079 596 3134 σαυτοῦ
620 3077 802 3149 μηρῷ,
833 3078 926 3131 καὶ
952 3076 1093 3130 οὕτω
1126 3077 1223 3148 τὴν
1278 3075 1373 3147 σὴν
1412 3075 1641 3147 δύναμιν

94 3172 375 3233 ἀναλαϐὼν,
406 3166 636 3226 ἕντεινόν
667 3183 757 3225 σου
780 3172 847 3225 τὰ
874 3170 1018 3235 τόξα.
1055 3170 1284 3223 Ἔπειτα
1316 3166 1490 3240 βαλὼν
1511 3169 1634 3233 τοὺς
1662 3195 1705 3257 C

94 3258 320 3333 ἐχθροὺς,
372 3263 694 3318 κατευοδοῦ
744 3250 839 3317 καὶ
890 3262 1202 3327 βασίλευε.
1245 3262 1542 3331 Ῥομφαίαν
1578 3262 1635 3315 δέ

93 3353 173 3403 τοῦ
198 3354 499 3425 ’Ᾱγαπητοῦ
528 3354 636 3407 νόει
661 3354 758 3425 τὴν
790 3352 1013 3424 δύναμιν
1038 3354 1137 3424 τὴν
1168 3354 1274 3408 τῶν
1299 3353 1503 3425 ἐχθρῶν
1538 3371 1637 3407 κα-

94 3442 387 3517 θαιρετικὴν
414 3446 506 3498 καὶ
560 3447 925 3516 κολαστήριον.
963 3446 1090 3497 Ζῶν
1115 3446 1223 3514 γὰρ
1251 3450 1283 3499 ὁ
1305 3448 1485 3516 λόγος
1528 3447 1635 3500 τοῦ

98 3535 225 3588 Θεοῦ
252 3538 346 3589 καὶ
384 3534 653 3606 ἐνεργὴς,
712 3536 808 3589 καὶ
866 3535 1185 3605 τομώτερος
1234 3535 1385 3605 ὑπὲρ
1432 3536 1636 3590 πᾶσαν

92 3628 367 3699 μάχαιραν
410 3628 713 3697 δίστομον.
754 3629 863 3682 Καὶ
893 3625 1062 3692 ἄλλως
1086 3629 1141 3681 δὲ
1178 3629 1446 3700 ῥομφαίας
1498 3630 1670 3684 Θεοῦ-

96 3712 410 3793 όπροφήτης
466 3722 733 3793 μέμνηται
802 3720 1053 3793 Ἰεζεκιὴλ
1116 3714 1218 3774 ὧδε
1252 3720 1443 3789 λέγων·
1490 3720 1633 3773 Τάδε

94 3809 234 3881 λέγει
270 3814 507 3868 Ἀδοναῒ
532 3813 761 3882 Κύριος·
798 3811 1001 3867 Εἶπον·
1034 3814 1333 3882 Ῥομφαία,
1348 3814 1630 3882 ῥομφαία,

98 3905 294 3968 ἱξύνου
334 3908 429 3961 καί
475 3907 786 3977 θυμώθητι,
838 3903 993 3973 ὅπως
1064 3905 1302 3974 σφάξ’-ης
1378 3904 1627 3973 σφάγια·

97 3997 316 4063 όξύνου,
352 4000 509 4065 ὅπως
539 3998 681 4069 γένῃ
712 4001 799 4063 εἱς
819 3998 1143 4051 στίλΰωσιν
1179 3997 1377 4066 ἑτοίμη
1416 4000 1499 4063 εἰς
1523 4014 1634 4052 πα-

92 4088 349 4151 ράλυσιν*
409 4092 503 4145 καὶ
549 4091 729 4143 πάλιν
800 4086 1107 4160 Ἂνιὶκραγε
1164 4090 1259 4143 καὶ
1313 4090 1629 4157 ὀλόλυξον,

96 4179 174 4230 ιιιέ
194 4172 516 4250 ἀνθρώπου·
549 4180 637 4234 ὅτι
664 4172 814 4248 αὺτὴ
853 4180 1085 4249 ἐγένετο
1125 4183 1193 4234 ἐν
1214 4180 1293 4244 τῷ
1337 4181 1464 4247 λαῷ
1489 4199 1626 4251 μου·

99 4270 227 4338 αὓτη
255 4273 322 4325 ἐν
379 4273 503 4339 τοῖς
554 4262 989 4341 ἀφητοινμένοις
1050 4274 1155 4328 τοῦ
1212 4273 1475 4342 Ἰσραήλ·
1539 4276 1635 4328 καῖ

100 4352 226 4431 ἑιξῆς·
252 4357 533 4430 Διάταξον
566 4362 797 4428 σεαυτῷ
852 4363 960 4417 δύο
1007 4366 1185 4433 ὀδοὺς
1211 4368 1315 4422 τοῦ
1339 4369 1632 4422 εἰσελθεῖν

95 4456 363 4526 ῥομφαίαν
408 4456 713 4525 βασιλέως
745 4455 1115 4523 Βαϐυλῶνος·
1169 4459 1238 4513 ἐκ
1282 4459 1473 4528 χώρας
1489 4459 1629 4527 μιᾶς

1741 1972 1926 2050 obrem
1958 1974 2023 2028 de
2056 1975 2149 2028 illo
2182 1975 2305 2043 jure
2339 1977 2553 2032 dicatur
2586 1997 2599 2031 :
2648 1978 2860 2048 Diﬁusa
2890 1990 2967 2034 est
3012 1981 3187 2050 gratia
3237 1981 3294 2034 in

1741 2048 1899 2116 labiis
1944 2066 2067 2119 tuis.
2118 2064 2321 2121 Deinde
2372 2083 2501 2123 vero
2562 2068 2653 2139 qui
2701 2048 3189 2136 anteaﬂeverant,
3238 2080 3293 2126 et

1740 2167 1892 2208 suam
1945 2154 2047 2209 sub
2100 2156 2336 2211 inimicis
2366 2158 2682 2213 servitutem
2712 2161 3139 2231 descripserant,
3189 2178 3290 2233 op-

1740 2252 1967 2313 portune
2052 2245 2312 2302 Dilectum
2384 2257 2673 2318 precantur
2714 2291 2730 2317 ,
2800 2259 2856 2305 ut
2925 2251 3144 2309 festinet
3223 2256 3292 2309 ad

1741 2352 1905 2408 seque
1945 2339 2127 2394 veniat
2163 2341 2452 2396 hostilibus
2505 2342 2673 2397 armis
2725 2344 3047 2410 instructus,
3093 2346 3163 2400 ob
3209 2346 3291 2398 in-

1739 2439 1995 2502 gruentes
2024 2432 2295 2498 inimicos,
2341 2432 2512 2491 ut’iis
2541 2435 2595 2489 in
2625 2434 2804 2506 fugam
2836 2437 3026 2502 versis,
3054 2450 3113 2493 ac
3142 2452 3173 2491 a
3201 2453 3292 2492 cas

1739 2525 1983 2593 ptivitate
2024 2525 2279 2579 abducat.
2330 2525 2509 2592 Quare
2569 2528 2740 2592 aiunt,
2793 2528 3076 2598 Accingere
3114 2530 3291 2600 gladio

1740 2625 1827 2667 tuo
1852 2630 2005 2683 super
2034 2615 2203 2684 femur
2233 2626 2400 2680 tuum,
2420 2614 2816 2686 'potentissime.
2844 2616 3134 2690 Speciosus
3165 2624 3291 2692 qui-
3325 2660 3331 2666 ρ

1730 2705 1857 2760 νάεω
1890 2720 1952 2760 ac
1984 2707 2209 2776 pulcher
2234 2723 2315 2774 es,
2341 2715 2579 2764 attamen
2599 2720 2795 2780 praeter
2820 2714 3055 2784 speciem
3085 2728 3148 2768 ac
3169 2715 3291 2784 pul-

1735 2796 2102 2852 chritudinem
2158 2804 2329 2864 tuam,
2384 2800 2571 2869 accipe
2628 2817 2726 2871 pro
2764 2803 2921 2859 nobis
2956 2805 3289 2874 supplicibus

1735 2894 2063 2943 armaturam
2097 2898 2267 2955 tuam,
2304 2893 2568 2964 accingere
2597 2894 2773 2964 gladio
2805 2902 2892 2949 tuo
2922 2911 3077 2964 super
3116 2896 3290 2965 femur

1737 2991 1920 3043 tuum;
1956 2981 2144 3051 sicque
2172 2990 2450 3054 assumpta
2497 2984 2833 3052 fortitudine,
2878 2987 3095 3043 intende
3125 3003 3288 3044 arcus

1737 3082 1884 3129 tuos.
1928 3074 2066 3130 Hinc
2112 3076 2341 3132 conﬁxis
2384 3079 2623 3135 inimicis
2662 3080 2790 3147 tuis,
2822 3096 3061 3150 prospere
3101 3097 3193 3152 age
3238 3089 3289 3133 et

1737 3185 1918 3239 regna.
1953 3168 2055 3224 Per
2084 3170 2323 3239 gladium
2376 3169 2569 3225 Dilecti
2598 3172 2868 3245 intelligas
2899 3174 3150 3230 virtutem
3186 3173 3292 3229 ini-

1736 3261 1892 3316 micis
1924 3261 2211 3316 exitiosam
2265 3270 2319 3317 et
2370 3263 2641 3319 ultricem.
2706 3263 2864 3319 Vivus
2896 3277 2974 3319 est
3006 3267 3146 3320 enim
3192 3264 3292 3321 Dei

1735 3370 1901 3407 sermo
1924 3365 1971 3408 et
1989 3354 2190 3424 eﬁicax,
2232 3364 2283 3407 et
2312 3355 2680 3423 penetrabilior
2714 3356 2856 3408 omni
2886 3357 3062 3431 gladio
3086 3358 3291 3425 ancipi-

1736 3448 1777 3500 ti
1808 3448 1872 3501 ¹¹¹.
1908 3446 1975 3500 Ει
2002 3448 2137 3502 alias
2181 3462 2398 3517 quoque
2447 3446 2682 3517 gladium
2718 3448 2977 3518 propheta
3028 3446 3122 3503 Dei
3156 3448 3290 3507 Exeo

1733 3539 1873 3594 chiel
1911 3546 2177 3594 memorat
2207 3539 2295 3593 his
2331 3538 2510 3593 verbis
2546 3554 2559 3589 :
2600 3537 2726 3593 Παῖς
2767 3538 2893 3592 dicit
2938 3537 3289 3594 Monai-Do-

1734 3632 1905 3684 minus
1930 3646 1947 3683 :
1968 3629 2132 3684 Dixi:
2169 3627 2219 3681 F
2223 3646 2425 3692 ramea,
2443 3630 2645 3697 {ramea
2668 3646 2872 3696 acuere,
2897 3640 2947 3683 et
2974 3631 3201 3684 irascere
3227 3639 3287 3684 ut
3336 3650 3337 3653 η

1722 3722 1933 3792 jugules
1961 3720 2220 3784 victimas,
2256 3736 2441 3774 acuere
2460 3730 2518 3773 ut
2538 3722 2611 3774 sis
2654 3720 2721 3773 ad
2762 3719 3065 3792 fulgendum
3093 3729 3287 3789 parata

1732 3813 1800 3866 ad
1828 3813 2135 3867 solutionem
2165 3812 2243 3879 7';
2299 3827 2363 3866 ac
2412 3827 2629 3867 rursum
2655 3830 2669 3868 :
2702 3800 2891 3867 Clama
2917 3822 2966 3866 et
3004 3812 3176 3878 ulula,
3206 3812 3289 3882 ﬁli

1732 3905 1978 3968 hominis,
2009 3906 2131 3975 quia
2154 3906 2271 3972 ipsa
2298 3904 2397 3975 fuit
2424 3905 2479 3958 in
2510 3906 2699 3975 populo
2734 3922 2845 3959 meo
2872 3922 2889 3959 :
2917 3905 3026 3986 haec
3060 3909 3113 3960 in
3135 3906 3289 3961 duci-

1732 3999 1825 4053 bus
1854 3996 2124 4064 Israel";
2150 4013 2213 4052 ac
2242 4014 2460 4054 rursum
2506 4019 2520 4055 :
2555 3999 2824 4077 Constitue
2856 4001 2949 4054 tibi
2984 4000 3119 4055 duas
3147 4003 3281 4067 vias,

1730 4100 1789 4145 ut
1818 4092 2145 4162 ingrediatur
2171 4092 2377 4162 framea
2402 4096 2535 4164 regis
2554 4093 2841 4164 Babylonis
2863 4110 2881 4147 :
2910 4093 2973 4148 de
3000 4103 3137 4148 terra
3174 4111 3285 4149 una

1730 4182 2140 4253 egredientur“,
2172 4192 2226 4238 et
2252 4184 2355 4238 alia
2389 4185 2665 4254 deinceps,
2697 4183 2852 4254 queis
2882 4182 3141 4238 frameam
3180 4182 3286 4237 Na-

1730 4276 2200 4332 bucbodonosoris
2224 4278 2421 4347 populo
2442 4278 2761 4339 immissam,
2789 4274 3045 4329 frameam
3069 4274 3283 4333 Domini

1731 4367 1865 4422 dicit
1895 4382 2036 4423 esse.
2070 4364 2131 4421 In
2180 4366 2488 4436 Evangeliis
2533 4365 2696 4420 etiam
2754 4364 2909 4434 legis,
2960 4379 3143 4435 regem
3188 4366 3283 4435 qui

1732 4458 1860 4515 fecit
1899 4460 2120 4528 nuptias
2158 4457 2271 4511 ﬁlio
2303 4472 2424 4519 suo,
2457 4470 2553 4537 eos
2582 4455 2675 4524 qui
2706 4456 3045 4510 vocationem
3076 4456 3283 4511 abnue-

99 4538 507 4610 ἐξελεύσονται·
543 4550 635 4602 καὶ
658 4548 725 4601 τὰ
757 4547 964 4610 τούτοις
991 4549 1274 4615 ἀκόλουθα,
1304 4551 1370 4603 δι’
1395 4546 1468 4605 ὧν
1498 4554 1627 4623 ῥομ-

1736 4559 1872 4613 rant,
1908 4562 2201 4617 servosque
2224 4548 2401 4615 regios
2424 4546 2759 4611 occiderant,
2804 4544 2873 4600 ad
2900 4561 3086 4602 necem
3122 4548 3287 4602 tradi-

104 4641 242 4705 φαίαν
259 4644 345 4696 τοῦ
374 4643 576 4714 Κυρίου
598 4633 743 4709 λέγει
773 4641 869 4711 τὴν
922 4642 1189 4711 ῥομφαίαν
1218 4642 1312 4694 τοῦ
1354 4643 1627 4714 Ναϐουχο-

101 4728 287 4807 δονόσορ
307 4740 401 4809 τὴν
423 4736 749 4808 ἐπαχθεῖσαν
767 4733 843 4805 τῷ
1034 4732 1211 4801 Ἔχεις
1236 4732 1290 4784 δὲ
1315 4735 1408 4786 καὶ
1429 4737 1487 4786 ἐν
1516 4739 1628 4800 τοῖς

104 4818 438 4896 Εὑαγγελίοις,
465 4828 540 4893 ὡς
565 4830 593 4880 ὁ
627 4826 792 4880 ποιῶν
818 4824 1021 4895 γάμους
1048 4822 1123 4893 τῷ
1143 4823 1241 4893 υἱῷ
1273 4824 1436 4877 αὑτοῦ
1469 4826 1623 4894 βασι-

105 4910 205 4979 λεὺς
234 4923 348 4985 τοὺς
375 4911 879 4994 παραιτησαμένους
918 4916 1013 4987 τὴν
1060 4916 1270 4985 κλῆσιν,
1304 4916 1394 4970 καὶ⁵
1414 4918 1625 4973 ἀνελόν-

106 5023 184 5071 τας
202 5014 314 5076 τοὺς
371 5014 677 5084 βασιλικοὺς
705 5011 939 5074 δούλους,
972 5008 1329 5079 παραδίδωσιν
1375 5012 1453 5072 εἰς
1489 5020 1625 5079 σφα-

108 5101 331 5166 γήν’Καὶ
390 5107 653 5175 πέμψας,
706 5104 871 5174 φησὶ,
929 5101 994 5155 τὸ
1038 5099 1370 5168 στράτευμα
1420 5090 1625 5164 αὐτοῦ,

114 5188 363 5259 ἐνέπρησε
391 5196 502 5263 τὴν
557 5195 737 5250 πόλιν
790 5191 1001 5247 αὐτῶν.
1049 5190 1365 5261 Στράτευμα
1424 5186 1479 5241 δὲ
1530 5192 1621 5243 τοῦ

112 5280 331 5349 βασιλέως
388 5288 483 5356 τὴν
524 5287 834 5356 Ῥωμαϊκὴν
876 5288 1031 5356 χεῖρα
1082 5283 1330 5353 σημαίνει
1379 5284 1476 5352 τὴν
1530 5300 1623 5336 πο-

1728 4644 1905 4699 disse:
1937 4640 2006 4695 Et
2038 4643 2215 4706 misso,
2252 4641 2445 4709 inquit,
2494 4641 2724 4694 exercitu
2757 4657 2873 4717 suo,
2895 4641 3158 4694 civitatem
3203 4656 3285 4694 eo-
3333 4674 3343 4721 to

1728 4753 1844 4790 rum
1867 4734 2130 4789 succendit
2153 4734 2217 4788 ⁷⁸.
2254 4732 2535 4788 Exercitus
2573 4745 2753 4789 autem
2807 4732 2949 4802 regis
2981 4730 3281 4785 Romanam

1728 4827 1933 4884 indicat
1965 4840 2210 4889 manum,
2256 4839 2377 4895 quae
2408 4824 2837 4897 Hierosolymam
2866 4821 3098 4877 obsedit.
3140 4818 3283 4884 Quia

1730 4920 1893 4991 igitur
1919 4918 2016 4972 tali
2042 4918 2220 4989 gladio
2246 4926 2363 4975 erat
2394 4919 2463 4974 ad
2492 4918 2822 4974 coercendos
2869 4913 3059 4967 Dilecti
3093 4911 3280 4965 adver-

1730 5012 1903 5067 sarios
1929 5026 2096 5081 opus;
2124 5011 2249 5081 jure
2273 5013 2558 5083 prophetia
2580 5012 2699 5082 ejus
2724 5022 3009 5079 personam
3035 5005 3115 5059 sic
3144 5005 3281 5061 allo‘

1723 5104 1907 5174 quitur
1934 5120 1947 5155 :
1982 5102 2263 5174 Accingere
2296 5104 2472 5175 gladio
2504 5116 2592 5158 tuo
2616 5118 2769 5171 super
2796 5100 2966 5169 femur
2995 5108 3162 5162 tuum,
3184 5113 3277 5164 po-

1727 5194 2029 5247 tentissime.
2060 5194 2243 5264 Specie
2274 5206 2364 5249 tua
2390 5206 2438 5249 et
2466 5194 2850 5263 pulchritudine
2892 5202 2984 5245 tua
3045 5189 3277 5253 intende,

1726 5298 1965 5351 prospere
1990 5284 2207 5351 procede
2236 5295 2284 5339 et
2324 5302 2499 5356 regna.

113 5374 431 5449 ἓιορκήσασσςν
455 5380 551 5451 τὴν
586 5379 954 5450 Ἰερουσαλήμ.
1024 5379 1171 5430 Ἐπεὶ
1200 5376 1373 5429 τοίνυν
1428 5377 1582 5446 χρεία
1613 5372 1679 5449 ἦν
1718 5378 1807 5430 καὶ
1837 5377 2088 5449 τοιαύτης
2120 5381 2390 5451 ῥομφαίας
2434 5379 2569 5433 κατὰ
2600 5378 2705 5430 τῶν
2738 5375 3146 5432 ἐπαναστάντων
3198 5370 3276 5440 τῷ

119 5472 387 5548 Ἀγαπητῷ,
430 5476 649 5537 εἰκότως
699 5474 860 5545 φησὶν
909 5477 941 5544 ἡ
985 5470 1287 5545 προφητεία
1329 5474 1407 5534 εἰς
1456 5472 1617 5525 αὑτοῦ
1655 5474 1955 5545 πρόσωπον·
2000 5476 2314 5543 Περίᾷυσαι
2359 5475 2470 5543 τὴν
2512 5476 2811 5543 ῥομφαίαν
2843 5473 2939 5525 ἐπὶ
3002 5467 3107 5520 τὸν
3160 5480 3275 5533 μη-

106 5570 195 5626 Γίν
223 5589 343 5637 σου,
376 5570 611 5626 durate.
656 5569 733 5639 Τῇ
761 5571 1067 5638 ὡραιότητί
1125 5584 1239 5623 σου
1280 5568 1376 5620 καὶ
1444 5568 1523 5633 τῷ
1556 5568 1767 5623 κάλλει
1832 5584 1966 5636 σου,
2016 5572 2113 5625 καὶ
2162 5574 2446 5635 ἄντεινον,
2505 5570 2601 5622 καὶ
2647 5566 2963 5623 κατευοδοῦ
3018 5558 3120 5615 καὶ
3160 5558 3277 5624 βα·
3360 5603 3365 5608 -

113 5661 297 5719 ἠ’λευε.

117 5774 232 5895 m"
263 5777 407 5864 gnati.
452 5781 621 5846 1,“.
694 5774 733 5811 7’
779 5778 933 5836 Hebr.
985 5798 1057 5848 Iv,
1122 5782 1207 5837 η.

195 5862 225 5895 ἱ.
270 5868 302 5895 Δ.

195 5862 225 5908 ἱ,
270 5862 303 5902 ι.

1322 5774 1363 5811 τί
1404 5778 1595 5833 Ezech.
1634 5774 1966 5843 ut,9,10.

2026 5796 2037 5801 ”
2071 5778 2117 5808 ⁷³
2152 5778 2300 5849 Lihid.
2338 5775 2424 5829 1‘2,
2542 5773 2577 5803 το
2620 5773 2745 5826 ibid.
2814 5770 2895 5829 19.
3003 5770 3043 5805 ’⁸
3086 5769 3273 5827 Matth.
