3958 6340
687 457 795 514 ιθδ

1392 452 1662 512 EUSEBII
1702 452 2178 510 CESARIENSIS
2215 454 2365 512 OPP.
2403 452 2582 509 PARS
2618 450 2782 507 lll.—
2820 448 3226 507 EXEGETICA.

3796 456 3885 514 ιοι

684 585 863 645 neque
888 569 1027 642 apud
1049 577 1273 651 caeteros
1294 571 1617 644 interpretes
1646 574 1859 641 fertur;
1890 589 2061 646 quare
2085 575 2213 632 obel

2318 630 2319 635 η
2349 573 2517 628 Τοῦτο
2541 574 2633 627 καὶ
2664 572 2949 644 διάχρυσον
2980 571 3009 622 ὁ
3035 568 3224 643 παρὼν
3245 570 3399 640 λόγος
3429 572 3696 644 ὠνόμασε.
3730 574 3795 629 Τὸ
3816 576 3884 650 δι,

686 672 927 720 ructatum
954 672 1058 724 est.

2346 663 2810 733 περιϐεϐλημένη
2877 661 2969 714 καὶ
3022 663 3448 762 πεποικιλμένη
3471 702 3485 727 ,
3547 663 3668 721 οὔτε
3726 667 3779 720 ὲν
3826 672 3881 739 τῇ

695 756 952 828 Ἐϐραῖκῇ
1002 758 1302 825 ἀναγνώσει
1330 756 1453 810 οὒτε
1502 758 1652 830 παρὰ
1673 762 1785 823 τοῖς
1826 759 2031 823 λοιποῖς
2076 758 2435 830 ὲρμηνευταίς
2458 755 2678 826 φέρεται
2702 771 2715 784 ο
2748 753 2827 807 διὸ
2846 752 3153 807 ὼόέλισται.

761 853 919 909 Vens.
945 854 1031 909 14.
1067 853 1251 910 Omnis
1279 854 1450 925 gloria
1476 854 1587 924 ejus
1611 855 1738 925 ﬁlia:
1758 856 1892 926 regis
1932 852 2154 920 Esebon,
2185 854 2240 907 in

682 946 903 1011 ﬁmbriis
938 947 1112 999 aureis
1137 947 1534 999 circumainicta
1562 946 1924 1001 varietatibus.
1956 944 2240 1013 Quomodo

684 1040 911 1099 ﬁmbriis
956 1041 1136 1096 aureis
1165 1042 1568 1097 circumornata
1602 1043 1695 1110 sit,
1736 1044 1905 1114 probe
1945 1044 2236 1115 intelligas,

681 1136 724 1184 si
761 1131 983 1186 Paulum
1020 1132 1209 1189 audias
1237 1134 1505 1191 dicentem
1536 1152 1549 1186 :
1580 1134 1664 1187 Ea:
1686 1144 1835 1204 parte
1859 1136 2234 1205 cognoscimus.

2415 850 2589 906 Πᾶσα
2634 852 2673 919 ἡ
2712 848 2860 914 δόξα
2906 847 3091 916 αὐτῆς
3126 849 3415 919 θυγατρὸς
3458 845 3565 904 τοῦ
3604 850 3882 917 βασιλέως

2358 942 2612 999 Ἐσεϐὼν
2634 943 2703 995 ἐν
2734 940 3097 1011 κροσσωτοῖς
3137 940 3384 1011 χρυσοῖς
3421 941 3878 1011 περιϐεϐλημένη,

2346 1035 2791 1105 πεποικιλμένη.
2844 1036 3091 1106 Νοήσεις,
3142 1036 3297 1106 φησὶ,
3332 1034 3446 1097 πῶς
3476 1037 3724 1111 κροσσοῖς
3771 1052 3881 1105 χρυ-

2348 1131 2458 1191 σοῖς
2497 1128 2912 1200 περιϐέϐληται,
2948 1130 3158 1185 Παύλου
3208 1130 3453 1197 λέγοντος
3498 1126 3736 1180 ἀκούων’
3792 1128 3878 1179 Ἐκ

678 1238 727 1280 et
763 1242 829 1282 ea:
868 1239 1016 1297 parte
1049 1232 1415 1299 proplietamus
1433 1232 1498 1285 ⁸³.
1531 1229 1665 1284 Nam
1726 1230 1963 1301 cognitio
2006 1246 2126 1301 quae
2170 1247 2213 1286 e1

2341 1218 2555 1287 μέρους
2577 1220 2963 1290 γινώσκομεν,
2986 1222 3081 1276 καὶ
3105 1222 3172 1274 ἐκ
3191 1222 3409 1289 μέρους
3434 1219 3876 1288 προφητεύομεν.

678 1330 830 1388 parte
860 1330 964 1388 est,
1004 1338 1228 1379 aureum
1278 1332 1531 1379 ornatum
1575 1324 1631 1377 in
1668 1324 2104 1381 extremitatibus
2131 1324 2235 1395 ipsi

677 1409 1059 1481 circumponit.
1093 1410 1226 1467 Cum
1271 1422 1446 1467 autem
1480 1414 1693 1479 venerit,
1731 1413 1931 1484 inquit,
1956 1414 2093 1484 quod
2121 1430 2238 1484 per-

678 1501 868 1560 fectum
895 1510 992 1566 est,
1038 1502 1376 1555 evacuabitur
1409 1503 1547 1573 quod
1584 1519 1648 1558 ex
1693 1513 1841 1572 parte
1882 1515 1955 1558 est
1973 1504 2039 1560 ⁸⁵.
2075 1504 2236 1561 Post-

674 1607 839 1661 quam
888 1593 942 1649 in
986 1595 1259 1650 caelestem
1292 1594 1591 1652 Ecclesiam
1644 1596 1911 1651 translata
1960 1594 2124 1652 fuerit
2147 1612 2233 1660 ea,

2298 1336 2305 1349 ι
2354 1311 2418 1363 Ἡ
2446 1310 2553 1380 γὰρ
2589 1312 2786 1380 γνῶσις
2806 1314 2837 1383 ή
2859 1316 2923 1366 ὲκ
2954 1314 3149 1384 μέρους
3174 1314 3229 1364 ὲν
3256 1312 3441 1383 ἄκροις
3472 1310 3652 1381 μόνοις
3678 1310 3877 1381 χρυσίου

2339 1403 2429 1455 τὸν
2462 1402 2661 1474 κόσμον
2690 1404 2825 1475 αὐτῇ
2855 1404 3189 1475 περιτίθησιν
3210 1420 3222 1433 ·
3261 1403 3441 1455 Ὅταν
3471 1401 3525 1455 δ’
3554 1402 3701 1471 ἔλθῃ
3728 1402 3788 1454 τὸ
3805 1399 3879 1453 τέ-

2336 1498 2520 1561 λειον,
2556 1498 2706 1564 φησὶ,
2733 1496 2797 1547 τὸ
2824 1496 2893 1550 ἐκ
2916 1495 3134 1565 μέρους
3156 1494 3685 1564 καταργηθήσεται.
3722 1493 3877 1546 Ἐπει-

2335 1586 2528 1650 δανείς
2555 1586 2649 1657 τὴν
2681 1588 2998 1666 ἐπούράνιον
3042 1584 3362 1657 Ἐκκλησίαν
3416 1589 3653 1658 μεταστῇ
3682 1589 3713 1656 ή
3755 1586 3876 1649 τέως

674 1700 796 1753 quae
822 1684 874 1738 in
898 1692 1041 1741 terra
1066 1685 1289 1742 infantis
1312 1688 1487 1742 instar
1504 1688 1791 1751 educatur,
1825 1696 1956 1741 tunc
1995 1686 2213 1743 fimbria:

2336 1682 2403 1731 ἐκ
2425 1679 2526 1748 γῆς
2559 1679 3074 1750 παιδοτροφουμένη,
3103 1678 3164 1731 τὸ
3211 1681 3510 1748 τηνικαῦτα
3570 1677 3876 1749 ἀποθησεται

674 1791 867 1832 aureas
890 1816 905 1840 ,
944 1778 1199 1834 videlicet
1238 1780 1603 1850 cognitionem
1638 1795 1706 1834 ex
1744 1786 1901 1850 parte
1952 1777 2230 1849 deponet;

670 1880 832 1920 aureo
862 1877 1038 1923 autem
1064 1869 1389 1929 vestimento
1415 1870 1722 1925 omahitur.

740 1979 902 2036 Vens.
936 1982 1020 2049 15,
1056 1983 1145 2037 id.
1177 1983 1517 2039 Adducentur
1544 1984 1668 2055 Regi
1698 1986 1918 2057 virgines
1950 1997 2066 2056 post
2090 2004 2227 2054 eam,

666 2074 921 2139 proxima:
964 2074 1077 2141 ejus
1112 2075 1396 2143 a/ferentur
1434 2076 1545 2130 tibi.
1583 2075 1719 2133 Filia
1763 2094 1884 2148 quae
1914 2079 2230 2151 plerumque

668 2162 922 2231 superius
967 2172 1264 2219 memorata
1299 2165 1418 2232 fuit,
1452 2181 1562 2221 non
1596 2181 1810 2238 semper
1851 2169 1904 2223 in
1928 2176 2072 2225 terra
2106 2184 2229 2240 per-

666 2260 869 2319 manet,
903 2253 998 2309 sed
1040 2270 1139 2312 suo
1174 2264 1419 2328 tempore
1457 2258 1842 2317 transferetur.
1875 2262 1944 2316 At
1974 2278 2082 2317 non
2110 2277 2227 2317 om-

666 2359 763 2399 nes
796 2346 961 2401 simul
998 2348 1269 2419 ejusmodi
1307 2351 1792 2421 transmigratioue
1838 2353 2223 2415 donabuntur:

664 2440 757 2496 scd
797 2456 919 2512 qua
941 2443 1117 2513 primo
1144 2443 1314 2513 gradu
1340 2444 1395 2497 in
1427 2444 1529 2499 h'oc
1550 2460 1717 2515 regno
1749 2445 1925 2517 dignae
1954 2454 2135 2512 erunt,
2160 2462 2224 2501 ex

661 2542 814 2603 parte
843 2518 1019 2588 solum
1041 2532 1337 2591 aﬂerentur
1353 2533 1505 2611 Regi.
1534 2535 1625 2591 Ha:
1656 2551 1781 2594 vero
1808 2547 1939 2593 sunt
1968 2552 2087 2609 quae
2116 2538 2225 2593 vir-

660 2628 940 2695 ginitatem
987 2628 1041 2681 in
1076 2626 1295 2682 Christo
1322 2636 1374 2683 et
1419 2643 1649 2699 corpore
1680 2638 1735 2686 et
1770 2630 1951 2685 anima
1981 2641 2220 2696 servant,
2303 2690 2311 2701 ,

661 2731 725 2769 uc
768 2716 961 2786 spiritu
1002 2726 1205 2773 sancta:
1233 2726 1379 2775 sunt.
1417 2718 1545 2775 Post
1587 2722 1821 2791 primum
1856 2730 2034 2778 autem
2071 2724 2221 2779 ordi-

659 2822 805 2870 nem,
831 2822 950 2877 qua!
979 2808 1225 2878 proxime
1254 2808 1375 2864 illas
1403 2816 1531 2875 sunt
1557 2808 1848 2865 aﬂerentur
1879 2826 1893 2862 :
1927 2827 2052 2867 nam
2078 2815 2218 2883 apud

659 2898 874 2954 Patrem
904 2901 1213 2957 mansiones
1241 2901 1506 2957 multae”.
1538 2901 1631 2957 liae
1657 2918 1786 2958 vero
1815 2911 1962 2970 sunt,
1985 2920 2104 2975 quae
2130 2904 2221 2959 ho.

660 2996 829 3043 nes-ta;
855 2990 1297 3061 continentisque
1326 2991 1452 3047 vita:
1496 3006 1658 3048 causa
1711 2995 2018 3063 proximum
2051 2997 2219 3061 virgi-

657 3083 821 3149 nibus
854 3082 1031 3137 locum
1057 3092 1344 3164 occupant.
1374 3085 1655 3152 Quomodo
1697 3096 1875 3143 autem
1903 3088 2214 3156 afferentur,

2338 1770 2436 1840 μὲν
2461 1770 2528 1823 τὰ
2554 1770 2839 1841 κροσσωτὰ
2868 1771 2936 1824 τὰ
2965 1771 3159 1843 χρυσᾶ,
3193 1770 3288 1841 τὴν
3320 1771 3384 1823 ὲκ
3432 1771 3629 1843 μέρους
3673 1770 3873 1839 γνῶσιν,

2334 1865 2390 1915 ὲν
2422 1863 2698 1935 ἱματισμῷ
2720 1862 2774 1916 δὲ
2796 1862 2999 1935 χρυσῷ.

2413 1976 2938 2045 Ἀπενεχθήσονται
2966 1975 3047 2042 τῷ
3090 1977 3340 2031 Βασιλεῖ
3370 1978 3649 2046 παρθένοι
3700 1978 3876 2031 ὀπίσω

2329 2068 2537 2137 αὐτῆς,
2568 2072 2627 2123 αἱ
2648 2072 2911 2138 πλησίον
2932 2067 3119 2138 αὐτῆς
3139 2069 3654 2139 ἀπενεχθήσονται
3674 2086 3785 2127 σοι.
3819 2070 3872 2121 Ἦ

2328 2161 2413 2212 διὰ
2454 2161 2562 2213 τῶν
2604 2160 2910 2232 ἔμπροσθεν
2960 2160 3217 2224 πολλάκις
3260 2162 3622 2232 ὠνομασμένη
3649 2161 3873 2237 θυγάτηρ

2326 2254 2425 2307 οὐκ
2453 2253 2545 2306 ἐπὶ
2574 2255 2674 2325 γῆς
2693 2256 2771 2318 εἱς
2794 2254 2855 2307 τὸ
2886 2254 3142 2318 παντελὲς
3166 2254 3437 2326 διαμένει,
3471 2246 3868 2334 μετατεθήσεται

2326 2344 2381 2397 δὲ
2402 2345 2541 2399 κατὰ
2568 2345 2772 2415 καιρόν.
2818 2346 2955 2399 Ἀλλ’
2980 2347 3039 2398 ού
3072 2348 3219 2400 πᾶσα
3263 2346 3470 2417 ἀθρόως
3506 2347 3604 2418 τῆς
3637 2347 3871 2417 τοιαύτης

2330 2435 2677 2506 μεταϐάσεως
2734 2436 3120 2508 ἀξιωθήσεται’
3187 2440 3244 2491 ἐν
3295 2439 3448 2508 μέρει
3495 2439 3549 2491 δὲ
3592 2441 3647 2493 αἱ
3688 2438 3869 2516 πρώτῳ

2327 2527 2516 2599 βαθμῷ
2546 2531 2601 2581 ὲν
2633 2529 2765 2599 αὐτῇ
2794 2530 3143 2600 τετιμημέναι
3176 2529 3631 2601 ἀπενεχθήσονται
3674 2531 3748 2600 τῷ
3777 2532 3869 2583 Βα-

2327 2621 2475 2674 σιλεῖ.
2508 2614 2676 2675 Αὗται
2716 2621 2770 2674 δέ
2804 2622 2937 2675 εἰσιν
2966 2624 3023 2675 αἱ
3050 2622 3148 2694 τὴν
3167 2624 3224 2676 ἐν
3255 2625 3473 2696 Χριστῷ
3505 2625 3723 2693 ἁγνείαν
3753 2640 3869 2676 κατ-

2333 2712 2637 2784 ορθώσασαι
2685 2713 2829 2785 ψυχῇ
2889 2715 2983 2767 καὶ
3011 2714 3242 2786 σώματι,
3290 2718 3379 2771 καὶ
3440 2718 3706 2789 πνεύματι
3751 2716 3866 2780 καθ-

2322 2806 2671 2877 ηγιασμέναι.
2706 2806 2859 2861 Μετὰ
2883 2806 2940 2859 δὲ
2990 2806 3052 2860 τὸ
3084 2807 3295 2879 πρῶτον
3350 2810 3530 2882 τάγμα
3584 2810 3641 2863 αἱ
3667 2809 3865 2879 πλησίον

2321 2897 2496 2951 αὐτῶν
2522 2900 3005 2971 ὰπενεχθήσονται’
3065 2901 3254 2955 πολλαὶ
3292 2902 3396 2974 γὰρ
3433 2903 3589 2973 μοναὶ
3633 2903 3774 2976 παρὰ
3798 2901 3864 2972 τῷ

2320 2992 2514 3063 Πατρί.
2546 2987 2711 3047 Αὗται
2734 2993 2791 3046 δέ
2816 2995 2952 3048 εἰσιν
2980 2996 3033 3048 αἱ
3063 2982 3151 3048 τδν
3176 2995 3399 3064 ἔγγιστα
3426 2997 3589 3049 τόπον
3610 2997 3715 3049 τῶν
3742 3012 3864 3064 παρ-

2320 3082 2486 3136 θένων
2528 3084 2830 3157 νὲπέχουσαι
2889 3086 2974 3139 διὰ
3035 3087 3233 3158 σεμνοῦ
3290 3087 3383 3141 καὶ
3433 3087 3706 3159 σώφρονος
3737 3087 3859 3158 βίον.

657 3176 896 3235 declarat
926 3176 1133 3243 dicens,
1163 3180 1221 3233 in
1250 3179 1439 3233 laetitia
1470 3190 1519 3233 et
1543 3180 1913 3239 exsultatione.
1939 3183 2065 3239 Haec
2086 3201 2213 3241 vero

2318 3177 2506 3239 Ὅπως
2563 3177 2620 3230 δὲ
2671 3178 3129 3252 ἀπενεχθήσονται
3190 3180 3485 3252 παρίστησι
3547 3180 3744 3249 λέγων·
3798 3181 3859 3231 ἐν

656 3284 766 3335 qua
798 3268 1007 3326 ratione
1036 3270 1289 3333 dicantur
1332 3272 1500 3342 probe
1543 3273 1831 3344 intelliges,
1859 3276 1906 3331 si
1953 3276 2214 3347 apostoli—

657 3374 776 3411 ram
814 3359 954 3414 hanc
1001 3376 1186 3418 vocem
1245 3378 1488 3435 apponas
1523 3381 1536 3415 :
1569 3364 1849 3435 Bapiemur
1890 3369 1946 3422 in
1989 3370 2211 3435 nubibus

655 3450 859 3505 obviam
897 3451 1121 3509 Domino
1153 3456 1209 3509 in
1258 3472 1406 3521 aera,
1432 3465 1482 3509 et
1509 3458 1585 3510 sic
1619 3440 1817 3527 semper
1848 3477 1965 3514 cum
1987 3461 2211 3521 Domino

653 3543 847 3597 erimus
864 3544 928 3597 ⁸⁸.
966 3543 1083 3601 Non
1113 3546 1258 3600 enim
1290 3547 1507 3601 venient
1529 3547 1611 3603 vel
1644 3547 1710 3602 ad
1734 3547 1931 3619 Regem
1954 3551 2213 3613 accedent

654 3632 912 3703 virgines,
963 3636 1056 3689 sed
1103 3635 1415 3705 afferentur,
1449 3639 1571 3694 aliis
1602 3639 1748 3709 ipsas
1791 3640 2209 3709 adducentibus,

655 3722 864 3778 scilicet
894 3725 1097 3795 angelis
1121 3724 1237 3792 Dei,
1275 3728 1367 3797 qui
1395 3728 1656 3785 sublimes
1686 3731 1805 3787 illas
1839 3733 1891 3786 in
1917 3734 2084 3788 altum
2117 3736 2211 3791 de-

653 3813 846 3877 ferent,
879 3823 935 3869 ut
956 3832 1250 3885 supernum
1280 3819 1383 3873 iter
1408 3819 1566 3877 facile
1596 3822 1907 3879 decurrant.
1940 3825 2211 3881 Adduccn-

653 3915 740 3957 tur
768 3920 932 3974 porro
964 3907 1019 3959 in
1058 3907 1244 3962 latitia
1283 3918 1333 3963 et
1364 3912 1731 3979 exsultatione;
1762 3920 1924 3985 atque
1981 3917 2035 3970 in
2068 3926 2206 3973 tem-

654 3998 801 4064 plum
834 3996 999 4065 regis,
1030 3998 1086 4053 in
1116 4000 1319 4068 regiam
1359 4000 1601 4067 domum,
1636 4020 1804 4075 regno
1826 4006 2090 4062 caelorum
2122 4011 2210 4065 ἀοι

653 4094 811 4152 natae,
860 4088 1317 4146 intrmnittentur.
1356 4082 1635 4164 Templum
1665 4111 1849 4166 porro,
1881 4098 2076 4156 domus
2112 4100 2207 4155 Dei

651 4186 753 4240 est,
782 4178 853 4231 ita
881 4188 940 4241 ut
975 4179 1086 4243 Rex
1114 4182 1222 4248 ille,
1252 4182 1319 4238 ad
1347 4200 1507 4255 quem
1537 4186 1902 4254 adducuntur,
1936 4188 2079 4247 Deus
2113 4193 2201 4247 sit.

652 4268 756 4323 tias
788 4270 911 4333 item
939 4270 1235 4340 adducunt,
1258 4276 1347 4343 qui
1377 4277 1509 4345 ipsis
1543 4278 1789 4353 instituta
1826 4282 2067 4351 tradunt,
2096 4283 2204 4353 Lex

653 4360 895 4415 videlicet
923 4370 1082 4433 atque
1112 4365 1402 4435 prophetat.
1616 4352 1619 4355 I

716 4622 881 4684 Vsus.
928 4628 1014 4683 Π.
1041 4627 1150 4684 Pro
1200 4632 1436 4699 patribus
1470 4634 1575 4689 tuis
1610 4637 1723 4690 nati
1781 4650 1901 4691 sunt
1949 4644 2043 4695 ubi
2076 4640 2199 4707 ﬁlii.

648 4712 850 4781 Horam
925 4722 1245 4775 sententiam
1314 4724 1515 4782 clarius
1567 4728 1748 4783 caeteri
1814 4728 2201 4795 reddiderunt;

645 4812 837 4879 Aquila
867 4812 1082 4881 quidem
1114 4817 1193 4870 sic
1233 4816 1461 4882 habens,
1490 4818 1597 4873 Pro
1624 4824 1861 4889 patribus
1904 4826 2007 4878 tuis
2050 4834 2201 4878 erunt

645 4902 738 4967 tibi
784 4903 915 4971 ﬁlii;
946 4902 1302 4975 Symmachus
1352 4924 1481 4963 vero
1507 4950 1521 4972 ,
1558 4910 1665 4963 Pro
1704 4916 1942 4981 patribus
1988 4917 2201 4985 {uerunt

644 4991 745 5058 [itii
783 4995 878 5059 tui.
922 4994 1048 5051 Haec
1075 5005 1157 5065 est
1203 5007 1383 5053 autem
1424 5000 1556 5054 dicti
1605 5001 1751 5056 illius
1778 5004 2193 5075 interpretatio:

645 5081 765 5151 Filii
796 5084 873 5144 tui
912 5086 1006 5155 qui
1050 5088 1104 5154 in
1144 5096 1195 5143 te
1226 5099 1278 5144 et
1310 5106 1337 5143 a
1367 5100 1420 5147 te
1453 5094 1565 5146 nati
1617 5101 1766 5157 sunt,
1806 5111 1903 5163 pro
1947 5100 2195 5166 patrihus

643 5171 737 5226 tibi
761 5180 939 5239 erunt.
978 5172 1112 5239 Nam
1159 5178 1257 5243 hqs
1291 5179 1461 5247 ipsos,
1488 5196 1626 5251 quos
1656 5188 1771 5236 tute
1813 5186 2066 5252 genuisti,
2098 5206 2196 5259 pro

646 5264 888 5336 patribus
911 5264 1155 5335 habebis.
1190 5268 1469 5335 Sermonis
1509 5282 1687 5327 autem
1720 5285 1968 5331 eventum
1999 5282 2197 5336 intelli-

644 5369 759 5420 ges,
806 5356 852 5409 si
897 5356 1201 5425 perpendas
1228 5375 1336 5428 quo
1366 5372 1526 5430 pacto
1556 5364 1871 5433 alienigenae
1912 5384 1977 5426 ex
2022 5374 2194 5441 genti-

646 5443 766 5511 bus,
792 5442 1089 5515 Ecclesiam
1116 5445 1209 5499 Dei
1234 5447 1517 5512 adeuntes,
1542 5452 1597 5505 in
1622 5454 1843 5522 ipsaque
1867 5463 2191 5526 regenerati,

643 5530 738 5598 lilii
797 5532 916 5607 ejus
969 5534 1297 5613 efﬁciantur;
1352 5552 1417 5592 ac
1466 5540 1718 5613 deinceps
1771 5562 1893 5601 cum
1946 5550 2191 5618 profectu

645 5622 788 5691 aucti
820 5632 967 5686 sunt,
1005 5633 1188 5697 patres
1214 5628 1385 5697 ipsius
1425 5634 1858 5715 constituantur,
1898 5638 1965 5692 ad
1997 5641 2189 5712 praele-

643 5721 849 5767 cturam
901 5716 1017 5783 ejus
1056 5721 1307 5787 promoti,
1348 5731 1401 5775 et
1448 5724 1513 5776 ad
1566 5730 1899 5787 sacerdotale
1933 5736 2177 5793 ministe-

709 5868 755 5901 ”
822 5868 993 5941 ltior.
1032 5888 1160 5943 xui.
1200 5878 1249 5929 υ.
1330 5880 1369 5906 ⁸⁸
1414 5878 1540 5931 ibid.
1587 5882 1663 5935 lli.
1742 5889 1783 5917 ⁵⁸
1823 5888 1972 5945 .loan.
2016 5906 2123 5963 sn"
2159 5892 2212 5963 2,

2314 3268 2657 3348 εὐφροσύνῃ
2685 3268 2783 3323 καὶ
2810 3270 3185 3339 ἀγαλλιάσει.
3214 3272 3444 3343 Νοήσεις
3469 3271 3526 3325 δὲ
3562 3273 3704 3335 ὅπως
3727 3271 3859 3343 εἴρη-

2313 3376 2401 3411 ται
2430 3359 2604 3427 τοῦτο,
2635 3360 2897 3433 παραθεὶς
2923 3363 3020 3433 τὴν
3049 3363 3402 3435 ἀποστολικὴν
3434 3365 3616 3435 φωνὴν
3691 3380 3856 3435 φησιν’

2324 3450 2804 3522 Ἁρπαγησόμεθα
2834 3454 2903 3506 ἐν
2943 3454 3222 3524 νεφέλαις
3259 3458 3346 3523 εις
3383 3456 3722 3525 ἀπάντησιν
3764 3457 3859 3511 τοῦ

2310 3542 2528 3609 Kvplov
2562 3544 2649 3608 εις
2690 3543 2864 3612 ἀέρα,
2908 3544 3004 3599 καὶ
3057 3545 3205 3598 οὕτω
3253 3545 3507 3599 πάντοτε
3541 3546 3659 3600 σὺν
3684 3547 3859 3615 Κυριὶρ

2310 3633 2584 3702 ἐσόμεθα.
2629 3635 2703 3687 Οὐ
2736 3636 2845 3709 γὰρ
2889 3637 3194 3690 ἐλεύσονται
3237 3637 3354 3689 οὐδὲ
3386 3638 3857 3706 ἀπελεύσονταιτῷ

2311 3725 2526 3779 Βασιλεῖ
2564 3728 2840 3799 παρθένοι,
2868 3729 2980 3781 ἀλλ’
3014 3728 3487 3798 ἀπενεχθήσονται,
3506 3730 3676 3783 ἄλλων
3705 3729 3857 3791 αὑτὰς

2309 3818 2659 3885 ἀπαγόντων·
2697 3819 2942 3885 ἀγγέλων
2996 3820 3192 3889 δηλαδὴ
3239 3819 3397 3873 θείων
3440 3822 3855 3893 μετεωριξόντων

2309 3911 2475 3975 αὐτὰς
2512 3912 2606 3963 καὶ
2666 3913 2743 3975 εἰς
2773 3912 2907 3983 ’ύψος
2938 3914 3292 3986 ἐπαιρόντων,
3324 3914 3397 3977 ὡς
3418 3913 3485 3968 ἂν
3531 3916 3738 3986 εὐμαρῆ
3770 3915 3855 3985 τὴν

2307 4002 2418 4056 ἄνω
2458 4004 2772 4078 ποιήσαιντο
2806 4005 3046 4076 πορείαν.
3113 4006 3637 4076 Ἀπενεχθήσονται
3698 4006 3740 4059 δ’
3795 4006 3854 4057 ἐν

2306 4095 2647 4167 εὐφροσύνη
2679 4097 2775 4151 καὶ
2806 4096 3179 4165 ἀγαλλιάσει,
3226 4100 3320 4152 καὶ
3359 4098 3761 4170 εἰσαχθήσονται
3785 4099 3852 4159 εἰς

2306 4184 2429 4237 ναὸν
2458 4184 2738 4254 βασιλέως,
2765 4189 2843 4253 εἰς
2879 4188 2968 4256 τὸν
3024 4186 3169 4247 οἷκον
3198 4190 3283 4244 τὸν
3319 4189 3600 4263 βασιλικὸν
3642 4190 3736 4261 τῆς
3759 4188 3852 4241 τῶν
3916 4260 3921 4263 Ἴ

2305 4272 2548 4343 οὐρανῶν
2568 4274 2838 4344 βασιλείας
2867 4278 3301 4351 κᾳταξιούμεναι.
3321 4261 3472 4344 ’Ναὺς
3497 4281 3552 4334 δὲ
3574 4277 3714 4344 οἶκος
3732 4276 3849 4333 Θεοῦ
3896 4292 3921 4351 ,j

2304 4363 2450 4414 ἐστιν
2476 4380 2488 4391 ο
2512 4361 2652 4415 ὥστε
2675 4364 2805 4429 Θεὸς
2831 4368 2860 4418 ὁ
2884 4366 3142 4430 Βασιλεὺς
3162 4406 3176 4431 ,
3206 4362 3250 4435 ᾧ
3278 4369 3597 4438 ἀπάγονται.
3648 4372 3850 4439 "Avocat

2307 4452 2363 4505 δὲ
2395 4453 2562 4517 αὐτὰς
2593 4455 2687 4508 καὶ
2707 4458 2755 4509 οἱ
2785 4456 2853 4510 τὰ
2888 4458 3225 4529 παιδεύματα
3258 4462 3632 4533 παραδιδόντες
3658 4464 3848 4525 αὑταῖς.

2306 4548 2334 4599 ὂ
2364 4564 2421 4600 τε
2457 4549 2635 4619 Νόμος
2661 4552 2749 4603 καὶ
2775 4553 2822 4604 οἱ
2848 4550 3138 4623 προφῆται,
3900 4620 3903 4625 η

2387 4638 2534 4693 Ἆντὶ
2566 4640 2683 4694 τῶν
2714 4645 2982 4711 πατέρων
3021 4660 3135 4697 σου
3161 4645 3571 4715 ἐγεννήθησαν
3599 4664 3695 4701 σοι
3723 4644 3846 4698 υἱοί.
3908 4638 3915 4709 Ξ

2307 4731 2521 4785 Τούτων
2564 4734 2662 4805 τὴν
2713 4734 2945 4796 διάνοιαν
2998 4737 3325 4811 σαφέστερον
3369 4739 3763 4794 ἀποδεδώκασιν
3804 4739 3845 4792 οἱ
3896 4732 3915 4809 ξε]

2305 4821 2508 4876 λοιποί·
2539 4826 2566 4877 ό
2611 4824 2709 4896 μὲν
2765 4826 2992 4892 Ἀκύλας
3025 4829 3222 4883 εἰπών’
3265 4832 3414 4885 Ἀντὶ
3461 4830 3580 4883 τῶν
3598 4830 3847 4897 πατέρων

2304 4931 2418 4967 σου
2444 4917 2687 4975 ἔσονταί
2731 4932 2829 4971 σοι
2852 4921 2969 4973 υἱοί
2991 4937 3003 4949 ·
3039 4924 3067 4974 ὁ
3094 4922 3150 4977 δὲ
3189 4924 3483 4997 Σύμμαχος
3506 4939 3519 4953 ο
3569 4924 3711 4977 Ἀντὶ
3750 4938 3845 4975 πα-

2303 5006 2485 5075 τέρων
2513 5008 2786 5077 ἐγένοντο
2823 5010 2940 5063 υἱοί
2964 5028 3098 5066 σου.
3137 5014 3200 5067 Ἣ
3226 5013 3270 5065 δ’
3296 5014 3563 5083 ,ἑρμηνεία
3592 5014 3680 5067 τοῦ
3702 5014 3843 5083 λόγου

2302 5096 2500 5167 ταύτην
2525 5097 2637 5168 ἔχει
2662 5098 2759 5169 τὴν
2781 5099 3032 5156 διάνοιαν·
3066 5104 3127 5155 Ol
3147 5101 3251 5155 υἱοί
3271 5118 3363 5154 σου
3388 5105 3435 5155 οἱ
3465 5105 3522 5157 ἐν
3542 5105 3622 5157 σοὶ
3639 5107 3737 5163 καὶ.
3753 5104 3844 5157 ύπὺ

2303 5187 2395 5240 σοῦ
2412 5206 2636 5261 γεγεννη
2645 5192 2790 5259 μένοι
2810 5193 2927 5247 ἀντὶ
2952 5194 3202 5265 πατέρων
3220 5196 3536 5265 γενήσονταί
3556 5214 3652 5251 σοι.
3678 5197 3843 5261 Ἔξεις

2300 5277 2406 5349 γὰρ
2441 5280 2635 5344 αὐτοὺς
2672 5282 2931 5353 πατέρας,
2957 5281 3054 5346 οὓς
3086 5283 3221 5355 αὑτὴ
3249 5285 3595 5358 γεγέννηκας,
3630 5289 3845 5359 Noton;

2298 5367 2354 5419 δὲ
2386 5368 2478 5423 τοῦ
2509 5370 2663 5439 λόγου
2713 5374 2773 5426 τὸ
2803 5373 3140 5443 ἀποτέλεσμα
3160 5415 3175 5439 ,
3202 5378 3496 5449 ἐπιστήσας
3528 5380 3669 5443 ὅπως
3701 5381 3747 5431 οἱ
3792 5377 3843 5439 ἐξ

2301 5460 2466 5514 ἐθνῶν
2520 5464 2821 5533 ἀλλόφυλοι,
2884 5469 3264 5537 προσελθόντες
3323 5474 3383 5541 τῇ
3434 5473 3719 5541 Ἐκκλησία
3758 5468 3838 5521 τοῦ

2297 5554 2452 5618 Θεοῦ,
2488 5559 2579 5610 καὶ¹
2622 5557 3069 5629 ἀναγεννηθὲντες
3115 5563 3173 5613 ἐν
3226 5565 3383 5636 αὐτῇ,
3419 5564 3735 5630 υἱοὶ-ἀὐτῆς
3766 5562 3839 5629 τί·

2295 5662 2539 5711 γνονται·
2574 5649 2805 5703 κᾶπειτα
2830 5651 3150 5719 ἐπιδιδόντες
3192 5658 3255 5727 τῇ
3298 5659 3546 5729 προκοπῇ
3573 5696 3587 5718 ,
3620 5655 3837 5731 πατέρες

2286 5739 2452 5811 αὐτῆς
2482 5741 2849 5807 καθίστανται,
2880 5748 3235 5820 προαγόμενοι
3276 5752 3354 5813 εις
3388 5750 3484 5820 τὴν
3518 5750 3687 5820 αὐτῆς
3713 5766 3833 5819 προ-

2286 5892 2331 5935 9‘
2372 5894 2604 5967 l'l‘hess.
2642 5913 2714 5967 tv,
2754 5897 2834 5966 l_6.
