3966 6348
55 451 149 506 405

1168 437 1670 499 COMMENTARIA
1706 436 1774 493 IN
1812 436 2150 495 PSALMOS.

3162 425 3263 481 406

56 559 289 622 στασίαν,
317 557 532 627 καὶτῆς
556 554 831 627 ἱερατικῆς
867 551 1203 625 λειτουργίας
1247 533 1604 621 καταξιούμεέ

1710 549 1849 604 rium
1886 545 2147 619 cooptati.
2182 540 2466 609 Quomodo
2499 530 2849 627 auismiillos
2894 548 2994 607 pro
3019 534 3267 606 patribus

57 674 147 709 νοι.
194 652 322 716 Πῶς
356 652 401 705 δ⁴
427 651 566 716 ἕξεις
602 649 797 714 αὐτοὺς
818 648 937 702 ἀντὶ
972 646 1216 717 πατέρων
1244 643 1602 717 διερμηνεύει,

57 748 374 819 σαφέστερον
398 745 570 814 λέγων
593 761 606 775 ·
640 740 1050 807 Καταστήσας
1068 736 1288 805 αὐτοὺς
1311 738 1607 807 ἄρχοντας

51 836 136 893 ἐπὶ
172 838 381 894 πᾶσαν
407 836 523 905 τὴν
551 835 685 906 γῆν.
709 835 868 902 Λέγει
908 829 1159 886 δὲταῦτα
1199 829 1333 901 πρὸς
1378 830 1475 901 τὴν
1514 829 1605 882 ἐπὶ

52 932 145 1001 γῆς
158 928 480 1000 Ἐκκλησίαν
498 931 527 981 ὁ
546 926 719 995 λόγος,
738 925 833 995 τὴν
852 924 956 977 ἀπὸ
974 921 1222 993 περάτων
1241 921 1344 983 ἓως
1357 920 1605 991 περάτων

52 1023 327 1093 διήκουσαν
346 1038 359 1051 ·
394 1021 478 1089 ἐφ’
508 1022 574 1091 ἣν
602 1018 863 1089 ἄρχοντας
897 1015 990 1067 καὶ
1022 1013 1262 1084 πατέρας
1290 1014 1413 1075 τοὺς
1445 1012 1605 1076 ἰδίους

54 1114 187 1178 υἱοὺς
216 1112 356 1182 αὐτὴ
383 1113 419 1183 ἡ
457 1108 745 1179 Ἐκκλησία
769 1105 861 1159 τοῦ
887 1103 1019 1159 Θεοῦ
1050 1103 1385 1173 καθίστησιν.

115 1206 212 1259 Διὰ
234 1203 411 1258 τοῦτο
431 1201 565 1257 λαοὶ
600 1197 947 1269 ὑμνήσουσι
978 1211 1051 1250 σε
1084 1196 1171 1261 είς
1196 1193 1380 1247 αἰῶνα
1406 1191 1602 1261 διηνε-

54 1296 178 1362 κῶς.
222 1296 291 1348 Ἡ
324 1290 675 1365 προλεχθεῖσα
706 1288 946 1359 θυγάτηρ
990 1285 1097 1340 τῶν
1128 1284 1388 1357 βασιλέων
1414 1324 1430 1349 ,
1464 1284 1601 1357 αὕτη

52 1388 100 1441 δὲ
129 1383 196 1457 ἦν
221 1389 253 1457 ή
289 1385 381 1437 ἐπὶ
412 1384 514 1453 γῆς
546 1379 857 1451 Ἐκκλησία,
894 1377 1288 1449 συναισθομένη
1320 1376 1418 1445 τῆς
1442 1375 1601 1429 δυνά-

57 1494 187 1547 μεως
217 1475 311 1529 τοῦ
338 1472 601 1544 πατρικοῦ
647 1472 929 1542 ὀνόματος,
959 1468 1256 1539 ἐπειδήπερ
1281 1466 1601 1535 ἐχαρίσατο

54 1568 199 1633 αὐτῷ
230 1567 417 1635 ὄνομα
449 1566 517 1619 τὸ
541 1564 693 1633 ὑπὲρ
721 1562 844 1619 πᾶν
874 1561 1065 1631 ὄνομα
1086 1577 1098 1587 ·
1136 1561 1237 1613 ἵνα
1272 1560 1342 1612 ἐν
1363 1556 1440 1624 τῷ
1470 1559 1602 1611 ὀνό-

50 1678 175 1731 ματι
208 1657 402 1727 Ἰησοῦ
423 1655 546 1711 πᾶν
568 1656 713 1727 γόνυ
740 1652 946 1723 κάμψῃ
968 1650 1338 1717 ἐπουρανίων
1367 1646 1464 1701 καί
1487 1648 1602 1701 ἐπι-

53 1755 211 1822 γείων
234 1750 334 1805 καὶ
365 1747 789 1815 καταχθονίων,
818 1741 957 1815 μετὰ
1018 1742 1114 1805 τὰς
1145 1741 1279 1812 πρὸς
1315 1739 1481 1810 αὐτὴν
1513 1738 1603 1809 λε-

53 1846 255 1918 χθείσας
276 1842 621 1912 ἐπαγγελίας,
636 1838 963 1895 πιστεύσασα
988 1838 1212 1906 φωναῖς,
1236 1836 1408 1907 χαρᾶς
1426 1850 1484 1887 τε
1511 1834 1602 1886 καὶ

54 1936 374 2009 εὐφροσύνης
406 1934 772 2007 πληρωθεῖσα.

53 2050 149 2101 ΕΙΣ
177 2048 261 2101 ΤΟ
295 2048 536 2104 ΤΕΛΟΣ.
562 2047 745 2100 ΥΠΕΡ
789 2046 923 2099 ΤΩΝ
959 2044 1120 2098 ΥΙΩΝ
1160 2042 1355 2106 ΚΟΡΕ,
1422 2041 1601 2094 ΥΠΕΡ

345 2120 480 2172 ΤΩΝ
509 2116 829 2181 ΚΡΥΦΙΩΝ,
858 2113 1146 2169 ΨΑΛΜΟΣ
1171 2113 1309 2181 ME'.

126 2234 175 2285 '0
195 2233 337 2299 Θεὸς
365 2231 534 2302 ἡμῶν
560 2230 869 2300 καταφυγὴ
896 2229 995 2283 καί
1044 2227 1295 2295 δύναμις
1316 2266 1330 2289 ,
1372 2224 1600 2293 βοηθὸς

56 2327 114 2377 ἐν
156 2328 396 2393 θλίψεσι
434 2322 562 2389 ταῖς
609 2323 929 2392 εὐρούὲσαις
983 2317 1141 2390 ἡμᾶς
1192 2315 1443 2386 σφόδρα.
1501 2316 1603 2369 Διά

57 2418 213 2471 τοῦτο
239 2419 309 2471 οὐ
337 2415 795 2485 φοϐηθησόμεθα
818 2413 887 2466 ἐν
914 2411 993 2478 τῷ
1016 2410 1447 2478 ’ταράσσεσθαι
1487 2406 1603 2475 τὴν

61 2509 179 2578 γῆν,
207 2508 300 2562 καὶ
319 2507 735 2579 μετατίθεσθαι
752 2504 858 2573 ὄρη
874 2504 942 2559 ἐν
961 2501 1228 2571 καρδίαις
1252 2496 1598 2555 θαλασσῶν.

60 2602 463 2673 Εὐχαριστήριον
502 2598 667 2670 ὕμνον
693 2596 1003 2667 ἀναπέμπει
1038 2591 1115 2664 τῷ
1150 2590 1397 2664 μεγάλων
1441 2588 1601 2641 αὐτὸν

60 2690 435 2757 καταξιώσαντι
477 2692 506 2743 ὁ
533 2688 716 2757 λόγος’
743 2688 823 2740 ὅτι
851 2684 1079 2757 φροῦδος
1129 2684 1279 2736 ἔσται
1306 2722 1321 2745 ,
1353 2678 1601 2748 καθάπερ

60 2785 151 2837 τινὶ
173 2780 633 2853 παραπεμφθεῖσα
667 2777 832 2849 βυθῷ,
932 2777 1094 2830 πάλαι
1123 2775 1444 2845 κρατήσασα
1492 2768 1601 2822 τῶν

59 2875 304 2947 δαιμόνων
322 2872 566 2935 ἀσέϐεια,
585 2872 617 2941 ή
636 2868 745 2923 τῶν
756 2868 906 2940 ,ὁρῶν
931 2868 1004 2938 (l)
1030 2865 1337 2939 μιμουμένη
1363 2862 1423 2915 τὸ
1445 2861 1597 2932 ὕψος,

30 3010 37 3025 ε
60 2968 141 3021 καὶ
164 2968 257 3038 τῆς
275 2964 594 3036 οἰκουμένης
624 2963 717 3015 ἐπὶ
746 2961 995 3014 πλεῖστον
1015 2960 1275 3030 ἐσχηκυῖα
1298 2955 1359 3009 τὺ
1381 2954 1596 3027 κράτος.

62 3055 176 3111 Εἶτα
204 3059 344 3127 λέγει
372 3058 401 3110 ὁ
431 3054 763 3127 προφητικὸς
795 3051 969 3120 λόγος,
1004 3050 1078 3113 ὼς
1119 3049 1187 3103 τά
1230 3047 1396 3101 ὕδατα
1435 3044 1602 3115 ζάλην

60 3145 270 3210 ἐδέξατο,
296 3144 389 3198 καὶ
410 3142 481 3196 τὰ
500 3142 597 3214 ὅρη
625 3140 810 3195 κλόνον
834 3140 1113 3211 ὑπέμεινε,
1136 3138 1229 3196 τοῦ
1251 3131 1586 3205 εὐαγγελικονῖ

1706 639 1961 695 habitura
1999 636 2098 702 sis,
2136 630 2379 705 apertius
2418 628 2654 700 explicat
2694 624 2781 681 his
2811 625 3027 681 verbis:
3056 621 3269 681 Consti-

1707 738 1817 782 tues
1845 742 1934 783 eos
1962 724 2220 795 principes
2269 736 2425 791 super
2469 733 2670 774 omnem
2717 722 2934 769 terram.
2976 713 3074 771 His
3104 730 3269 785 porro

1705 820 2029 886 Ecclesium,
2058 831 2181 889 quae
2220 814 2275 869 in
2310 821 2460 869 terra
2482 817 2588 875 est,
2621 807 2936 877 alloquitur,
2980 821 3208 876 quaeque
3238 822 3269 859 a

1704 911 1955 969 terminis
1989 918 2151 965 terrae
2193 921 2367 979 usque
2408 903 2477 959 ad
2512 901 2776 981 terminos
2815 900 2935 969 ejus
2966 900 3223 970 pertingit
3252 914 3265 951 :

1704 1005 1760 1058 in
1801 1002 1960 1073 cujus
2006 1000 2277 1077 principes
2320 1004 2377 1052 et
2422 1000 2629 1067 patres,
2671 991 2921 1064 proprios
2980 988 3117 1045 ﬁlios
3149 992 3265 1059 ipsa

1704 1093 1797 1149 Dei
1827 1091 2072 1147 Ecclesia
2098 1086 2401 1145 constituit.

1774 1182 1940 1239 Vens.
1973 1178 2384 1249 18.,Pr0pterea
2429 1175 2611 1247 populi
2653 1172 3037 1243 conﬁtebuntur
3081 1170 3174 1224 tibi
3212 1185 3269 1224 in

1704 1285 1955 1332 azternum
1986 1282 2250 1345 perpetuo.
2286 1268 2425 1325 Filia
2455 1281 2642 1339 regum
2670 1266 2779 1336 jam
2811 1269 3129 1325 memorata,
3158 1261 3264 1315 sci-

1704 1368 1830 1423 licet
1861 1366 2108 1421 Ecclesia
2137 1364 2193 1419 in
2218 1369 2365 1417 terra
2387 1359 2615 1431 degens,
2648 1354 2859 1427 paterni
2890 1352 3125 1408 nominis
3153 1350 3265 1404 vir-

1702 1468 1874 1513 tutem
1923 1455 2386 1519 animadverteris,
2437 1448 2704 1529 quoniam
2756 1446 2901 1501 dedit
2956 1446 3040 1498 illi
3081 1458 3267 1497 nomen

1700 1548 1835 1623 quod
1863 1557 1941 1604 est
1963 1563 2119 1617 super
2149 1562 2300 1601 omne
2330 1559 2544 1607 nomen;
2568 1541 2697 1596 utin
2725 1540 2931 1594 nomine
2961 1536 3089 1592 Iesu
3119 1552 3270 1589 omne

1702 1660 1831 1715 genu
1845 1642 2088 1711 ﬂectatur
2102 1638 2407 1701 ctelestium,
2433 1632 2757 1690 terrestrium
2784 1640 2833 1685 et
2855 1630 3181 1699 infernarum
3195 1628 3266 1694 ⁸⁷,

1703 1742 1824 1806 post
1848 1732 2013 1787 datas
2040 1729 2142 1784 sibi
2172 1725 2586 1799 promissiones,
2615 1721 2701 1777 his
2723 1720 2949 1806 vocibus
2977 1718 3134 1775 (idem
3165 1718 3265 1773 ha-

1704 1802 1855 1890 bens,
1882 1822 2081 1896 gaudio
2115 1827 2168 1876 et
2199 1817 2563 1875 exsultatione
2590 1812 2846 1883 repletur.
2905 1802 2909 1819 ”

1708 2020 1760 2077 l.
1791 2020 1856 2075 IN
1886 2018 2095 2077 FINEM
2132 2022 2269 2080 PRO
2302 2022 2500 2079 FlLllS
2531 2020 2734 2085 CORE,
2774 2014 2907 2074 PRO
2946 2012 3263 2081 ARCANIS,

2224 2093 2543 2151 PSALMUS
2581 2090 2718 2147 XLV
2732 2126 2746 2143 .

1775 2214 1936 2269 Vens.
1954 2210 2236 2276 2,5.Deus
2269 2215 2445 2263 noster
2472 2206 2733 2276 refugium
2766 2212 2815 2257 et
2844 2204 3031 2268 virtus,
3055 2201 3269 2271 adjutor-

1702 2306 1754 2360 in
1788 2303 2214 2359 tribulationibus
2236 2316 2350 2372 quae
2368 2300 2669 2354 invenerunt
2694 2312 2787 2350 nos
2817 2296 2993 2349 nimis.
3021 2293 3269 2362 Propter-

1707 2416 1762 2453 ea
1801 2415 1903 2453 non
1943 2396 2237 2451 timebimus
2270 2378 2395 2447 dum
2425 2390 2725 2467 turbabitur
2758 2397 2919 2451 terra,
2942 2395 2992 2441 et
3036 2385 3267 2455 transfe—

1703 2500 1883 2546 rentur
1914 2497 2112 2542 montes
2144 2488 2199 2541 in
2232 2486 2322 2540 cor
2362 2484 2609 2539 marium.
2656 2479 2927 2552 Hymnum
2970 2477 3268 2549 gratiarum

1702 2584 1932 2639 actionis
1973 2579 2169 2636 emittit
2200 2579 2251 2634 ei
2282 2577 2377 2648 qui
2409 2574 2622 2646 magnis
2661 2573 2839 2644 ipsum
2871 2567 3145 2627 beneﬁciis
3173 2583 3267 2623 or-

1702 2679 1944 2737 naverat,
1965 2672 2090 2742 quia
2112 2684 2231 2740 quae
2250 2669 2380 2723 olim
2410 2680 2594 2721 rerum
2627 2664 2795 2735 potita
2818 2669 2935 2718 erat
2964 2661 3271 2716 daemonum

1702 2768 1970 2836 impietas,
2001 2771 2055 2818 et
2100 2761 2368 2816 montium
2398 2758 2744 2813 altitudinem
2772 2755 3047 2819 mmulata,
3078 2752 3171 2807 diu
3214 2752 3271 2808 in

1704 2859 1892 2912 orbem
1938 2854 2250 2910 ordinatum
2287 2851 2635 2915 obtinuerat;
2662 2849 2773 2918 jam
2810 2845 2965 2917 quasi
3000 2846 3056 2899 in
3086 2844 3273 2914 gurgi-

1701 2955 1808 3003 tem
1876 2943 2165 3018 quemdam
2227 2941 2490 3014 projecta,
2522 2938 2590 2993 de
2644 2936 2823 2992 medio
2883 2935 3097 2991 sublata
3139 2932 3267 2988 erit.

1702 3039 1907 3097 Deinde
1940 3044 2127 3092 narrat
2156 3033 2504 3107 propheticus
2549 3030 2750 3097 Sermo,
2784 3022 3081 3098 quopacto
3118 3038 3272 3095 aqua!

1702 3132 2022 3204 tempestate
2069 3131 2312 3201 agitatae,
2365 3133 2580 3181 montes
2640 3120 3061 3177 commotionem
3121 3116 3271 3189 passi

59 3213 566 3308 διαπορθμευομένου
616 3226 984 3305 κηρύγματος.
1043 3230 1303 3284 Ἐνταῦθα
1322 3230 1377 3283 δέ
1415 3229 1514 3302 ὄρη
1543 3228 1603 3283 τὸ

1710 3231 1835 3292 sint,
1872 3226 2001 3280 dum
2033 3225 2237 3278 interea
2273 3220 2585 3289 evangelica
2613 3214 2928 3288 praedicatio
2954 3213 3115 3266 latius
3146 3225 3271 3281 per-

62 3324 154 3376 τῶν
177 3324 434 3394 δαιμόνων
461 3322 864 3395 προσηγόρευσε
898 3324 1079 3390 στῖφος
1117 3320 1204 3373 διὰ
1235 3321 1325 3373 τὸν
1350 3320 1447 3395 τῆς
1473 3320 1604 3373 ἁλα-

63 3414 251 3481 ζονείας
275 3417 436 3485 ὄγκον
478 3414 695 3469 καὶτοῦ
745 3414 911 3483 τύφου
959 3413 1016 3467 τὸ
1048 3413 1280 3484 ὑψηλόν*
1337 3412 1500 3464 ὕδατα
1549 3411 1604 3463 δὲ

64 3506 157 3559 τῶν
187 3507 479 3578 ἀνθρώπων
512 3498 612 3569 τὰς
644 3503 887 3575 γνώμας,
917 3504 1014 3567 τὰς
1047 3504 1203 3574 δίκην
1234 3488 1440 3557 ὑδάτων
1478 3501 1606 3572 τῇδε

66 3596 262 3648 κάκεῖσε
295 3594 598 3665 φερομένας
632 3593 847 3665 ῥᾳδίως,
874 3594 966 3645 καὶ
1000 3592 1101 3647 ὑπὸ
1121 3591 1228 3645 τῶν
1262 3591 1360 3662 τῆς
1392 3592 1605 3660 ἀπάτης

66 3687 361 3758 κυκωμένας
390 3684 731 3755 πνευμάτων.
768 3682 952 3736 Ταῦτα
979 3682 1034 3735 δέ
1061 3682 1299 3735 διδάσκει
1340 3682 1484 3752 ἡμᾶς
1515 3680 1605 3732 καὶ

40 3775 94 3850 ’ή
117 3781 213 3834 τῶν
236 3779 515 3850 Πράξεων
538 3776 762 3849 ἱστορία·
796 3777 961 3838 ὅπως,
984 3773 1092 3827 τῶν
1114 3772 1270 3845 ἱερῶν
1297 3770 1605 3825 ἀποστόλων

66 3872 152 3943 τήν
173 3872 487 3943 οἰκουμένην
518 3868 974 3942 περινοστούντων
997 3909 1011 3934 ,
1055 3867 1220 3937 ζάλης
1270 3865 1606 3937 ἐμπίπλαντο

70 3964 151 4015 καὶ
169 3962 399 4034 θορύϐων
429 3964 485 4016 αἱ
534 3962 736 4024 πόλεις.
768 3961 877 4012 Καὶ
912 3958 1020 4028 γὰρ
1063 3960 1121 4010 ἐν
1182 3956 1387 4027 Ἐφέσῳ
1425 3957 1607 4026 Δημή-

68 4073 197 4126 τριος
222 4057 396 4119 πᾶσαν
418 4054 516 4125 τὴν
545 4053 698 4107 πόλιν
725 4051 970 4105 ἐκύκωσε
986 4067 1000 4082 ο
1028 4051 1121 4103 καὶ
1141 4051 1199 4101 ἐν
1230 4048 1493 4119 Λύστροις
1515 4050 1607 4102 καὶ

70 4146 223 4219 Δέρϐῃ
236 4146 396 4199 ταύτὸ
422 4143 581 4198 τοῦτο
603 4142 908 4211 γεγένηται.
933 4139 1041 4192 Καὶ
1070 4138 1227 4193 πάλιν
1247 4140 1303 4192 ὲν
1326 4137 1608 4201 Φιλίπποις

70 4236 150 4287 καὶ
183 4232 559 4302 Θεσσαλονίκῃ,
594 4230 687 4284 καὶ
726 4228 999 4300 Ἀθήναις,
1048 4225 1140 4281 καὶ
1198 4227 1465 4299 Κορίνθῳ,
1500 4228 1638 4280 τῶνν

70 4324 155 4395 τῆς
196 4324 401 4394 ἀπάτης
448 4321 773 4392 πνευμάτων
801 4318 971 4372 ταῦτα
1008 4318 1374 4392 διεγειρόντων
1422 4319 1490 4372 τὰ
1522 4317 1609 4371 κύ-

74 4434 218 4487 ματα,
236 4416 337 4471 ὑπὸ
360 4416 565 4469 τούτων
579 4414 721 4479 τινὲς
741 4413 963 4485 ἐνεργού
973 4430 1118 4484 μενοι
1148 4412 1285 4466 κατὰ
1311 4413 1418 4466 τῶν
1448 4412 1607 4483 ιερῶν

74 4508 221 4563 ἐϐόων
245 4507 584 4581 άποστόλωνε
623 4510 685 4562 Ol
719 4506 833 4574 τὴν
873 4506 1232 4575 οὶκουμένην
1263 4503 1604 4558 ἀναστατώ-

74 4616 287 4669 σαντες,
315 4578 482 4657 οὗτοι
514 4598 613 4653 καὶ
651 4573 861 4653 ἐνθάδε
912 4573 1167 4665 πάρεισι.
1222 4596 1403 4649 Ταῦτα
1456 4596 1547 4650 καὶ
1578 4598 1606 4649 ὁ
1643 4573 1685 4627 D

77 4693 318 4767 μακάριος
362 4680 761 4765 προηγόρευσεν
828 4691 1138 4761 Ἀϐακούμ·
1199 4690 1603 4754 Ἐπεϐίὸασας,

77 4788 166 4857 γάρ
189 4805 360 4858 φησιν,
404 4789 492 4853 είς
531 4784 848 4840 θάλασσαν
895 4783 1033 4848 τοὺς
1064 4784 1286 4847 ἵππους
1311 4796 1425 4835 σου
1449 4822 1461 4845 ,
1506 4799 1605 4834 τα-

71 4878 387 4948 ράσσοντας
414 4879 605 4935 ὕδατα
632 4874 848 4931 πολλὰ.
874 4876 1101 4939 Ἵππους
1139 4875 1195 4929 δὲ
1235 4873 1602 4945 προσηγόρευο

78 4986 155 5022 sev
177 4962 349 5045 δχημα
388 4971 529 5025 θεῖον
573 4966 963 5039 γεγενημένους
1007 4968 1130 5030 τοὺς
1174 4967 1347 5037 ἱεροὺς
1373 4964 1601 5016 ἀποστό-

83 5062 210 5124 λους
235 5064 315 5117 ἐπ’
340 5062 517 5117 αὐτῶν
536 5060 643 5131 γὰρ
661 5058 945 5130 ὀχούμενος
976 5059 1003 5109 ὁ
1021 5058 1313 5126 Δεσπότης,
1344 5054 1409 5107 τὰ
1436 5054 1603 5106 πολλὰ

85 5148 158 5202 cal.
183 5149 399 5224 διάφορα
420 5154 518 5223 τῆς
544 5150 795 5212 ἀσεϐείας
827 5149 1064 5219 δόγματα
1090 5148 1413 5201 διεσκέδασε.
1463 5145 1600 5215 Νοή-

84 5256 175 5303 ῖεις
201 5240 253 5297 δὲ
284 5244 375 5296 καὶ
404 5242 579 5304 ἄλλως
608 5241 704 5311 τὴν
734 5240 989 5310 σύγχυσιν
1015 5237 1121 5307 τῆς·
1144 5237 1245 5306 γῆς
1269 5235 1361 5289 καὶ
1388 5234 1483 5305 τὴν
1516 5254 1601 5288 τα-

1703 3321 1945 3378 vaderct.
1999 3316 2097 3371 llic
2151 3328 2315 3385 porro
2379 3310 2687 3367 daemonum
2734 3317 3009 3363 catervam
3056 3310 3270 3357 montes

1704 3419 2003 3480 nuncupat,
2051 3407 2121 3461 ob
2176 3403 2499 3474 arrogantia:
2568 3408 2835 3454 tumorem
2898 3412 2961 3452 ac
3005 3394 3270 3466 superbiae

1707 3501 2077 3565 altitudinem;
2106 3508 2453 3567 aquas-vero,
2482 3491 2765 3545 hominum
2800 3488 3118 3549 sententias,
3150 3501 3271 3556 quae

1707 3606 1972 3665 aquarum
2004 3590 2174 3644 instar
2205 3588 2351 3642 ultro
2392 3586 2639 3656 citroque
2669 3581 2826 3637 facile
2859 3578 3128 3638 feruntur,
3159 3584 3211 3631 et
3240 3592 3273 3628 a

1707 3685 1989 3758 spiritibus
2043 3680 2270 3736 fallaciae
2322 3680 2643 3734 miscentur.
2702 3673 2827 3729 Hace
2886 3672 3146 3727 docemur
3205 3670 3273 3721 ah

1706 3782 1931 3833 Actuum
1969 3775 2197 3832 historia
2232 3794 2245 3828 :
2282 3770 2552 3842 quomodo
2578 3767 2783 3823 scilicet
2804 3765 2925 3820 cum
2950 3762 3119 3817 sancti
3142 3776 3271 3830 apo-

1723 3873 1850 3928 stoli
1904 3871 2090 3925 orbem
2145 3864 2457 3923 circuirent,
2510 3863 2827 3928 tempestate
2877 3862 3039 3924 atque
3100 3852 3272 3906 turbis

1710 3964 1871 4018 urbes
1900 3959 2124 4030 singula:
2150 3955 2519 4026 replebantur.
2545 3949 2827 4019 Siquidem
2852 3946 3048 4016 Ephesi
3079 3944 3268 3999 Demc-

1709 4056 1846 4109 trius
1872 4060 2037 4107 totam
2072 4050 2259 4102 urbem
2313 4044 2534 4101 miscuit
2563 4063 2575 4097 :
2602 4041 2819 4114 Lystris
2841 4048 2893 4094 et
2927 4037 3064 4092 Derb
3078 4052 3141 4094 te.
3190 4035 3269 4089 id-

1709 4144 1884 4217 ipsum
1907 4140 2129 4211 conligit
2157 4159 2170 4192 ε
2203 4137 2497 4209 Philippis,
2524 4131 2934 4195 Thessalonica,
2966 4127 3189 4181 Athenis
3220 4136 3273 4181 et

1709 4213 1982 4295 Corinthi,
2043 4228 2325 4299 spiritibus
2406 4225 2631 4281 fallacias
2698 4215 3011 4289 bujus'modi
3075 4213 3271 4266 ﬂuctus

1709 4324 2009 4386 cientibus,
2045 4320 2265 4391 quidam
2315 4318 2382 4373 ab
2412 4314 2606 4372 iisdem
2655 4308 2865 4367 obsessi
2909 4314 3100 4361 contra
3144 4316 3272 4358 san-

1709 4429 1827 4475 ctos
1861 4415 2137 4488 apostolos
2171 4410 2479 4467 clamabant
2513 4426 2525 4461 :
2561 4405 2634 4459 Hi
2665 4404 2753 4474 qui
2794 4404 2968 4455 orbem
3014 4406 3271 4450 terrarum

1712 4485 2093 4571 subverterunt,
2117 4506 2199 4558 hic
2236 4500 2506 4555 adsunt”.
2535 4497 2659 4550 Hinc
2687 4495 2849 4551 etiam
2880 4493 3069 4545 beatus
3092 4485 3270 4540 Haba-

1714 4618 1839 4658 cum
1870 4595 2252 4672 praanuntiavit
2271 4612 2283 4644 :
2303 4606 2423 4644 nam
2450 4588 2554 4641 ait:
2591 4582 2929 4639 Induxistiin
2950 4595 3094 4633 mare
3118 4592 3271 4648 equos
3326 4570 3332 4582 '

1717 4668 2153 4755 tuom—turbantes
2202 4699 2366 4751 aquas
2418 4679 2611 4732 multas
2632 4678 2697 4728 ⁸³.
2752 4673 2931 4743 Equos
2969 4685 3097 4725 vero
3138 4668 3275 4722 dixit

1715 4800 1899 4842 sacros
1954 4777 2245 4850 apostolos,
2297 4773 2389 4842 qui
2438 4768 2759 4826 vehiculum
2812 4766 3054 4820 divinum
3097 4759 3271 4816 eﬂ'ecti

1710 4884 1841 4934 sunt
1878 4872 2014 4928 :‘his
2051 4868 2248 4939 quippe
2286 4872 2476 4919 vectus
2510 4861 2771 4916 Dominus
2806 4858 2975 4912 multa
3015 4856 3273 4922 variaque

1714 4963 2006 5040 impietatis
2050 4961 2299 5029 dogmata
2350 4953 2653 5023 dissipavit.
2687 4950 2807 5003 Alio
2852 4958 3065 5017 quoque
3109 4943 3271 4997 modo

1715 5038 1873 5116 terra:
1898 5053 2271 5111 confusionem
2302 5065 2364 5104 ac
2396 5043 2858 5119 perturbatibncm
2887 5038 3189 5104 intelligas,
3223 5039 3269 5092 si

1719 5154 2054 5207 Salvatorem
2085 5145 2273 5201 audias
2304 5144 2415 5197 haec
2440 5140 2706 5195 dicentem
2744 5154 2755 5189 :
2798 5134 2977 5203 Ignem
3009 5133 3121 5186 teni
3148 5130 3269 5183 mit-

1710 5258 1814 5301 tere
1846 5243 1899 5294 in
1931 5248 2154 5301 terram;
2198 5244 2248 5288 et
2296 5230 2417 5303 quid
2466 5227 2578 5283 volo
2604 5228 2650 5282 si
2673 5227 2789 5296 jam
2821 5237 3066 5277 accensus
3096 5217 3269 5273 est"?

80 5329 229 5402 ραχὴν
249 5332 436 5401 αὐτῆς,
473 5309 682 5385 ἀκούων
732 5309 844 5382 τοῦν
865 5330 1111 5400 Σωτῆρος
1154 5327 1397 5395 λέγοντος
1417 5343 1428 5353 ·
1476 5325 1600 5392 ηῦρ

1710 5339 1771 5392 Ει
1803 5348 2018 5388 rursum
2054 5350 2065 5383 :
2099 5310 2274 5383 Nolite
2296 5334 2482 5401 putare
2532 5319 2667 5391 quod
2697 5318 2917 5373 venerim
2940 5327 3117 5383 pacem
3150 5309 3269 5361 mit-

84 5398 247 5488 ἦλθόν
263 5398 474 5485 βαλεῖν
521 5420 620 5473 ἐπὶ
661 5419 775 5486 τὴν
799 5418 948 5489 τῆν’
982 5398 1080 5473 κάλ
1118 5420 1173 5473 τί
1202 5418 1352 5472 θέλω
1381 5420 1432 5471 ει
1487 5417 1600 5486 ἤδη

1710 5441 1811 5483 tere
1868 5438 2020 5491 super
2070 5432 2263 5475 terram
2306 5431 2322 5468 :
2374 5431 2474 5468 non
2539 5412 2652 5467 veni
2697 5425 2875 5481 pacem
2920 5407 3137 5465 mittere,
3180 5399 3269 5454 sed

82 5510 324 5581 dﬂigam);
354 5513 447 5567 καὶ
476 5512 634 5565 πάλιν
658 5526 671 5539 ·
701 5509 796 5577 Μὴ
821 5512 1124 5581 νομίσητε,
1153 5511 1239 5564 ὅτι
1265 5507 1452 5581 ἦλθον
1492 5511 1604 5573 βα-

1710 5518 1963 5592 gladium.
2008 5514 2134 5569 Veni
2175 5511 2313 5565 enim
2367 5522 2610 5576 separare
2657 5504 2912 5559 hominem
2958 5515 2990 5550 a
3021 5505 3188 5566 patre,
3216 5502 3269 5549 et

85 5600 197 5657 hit
228 5600 592 5671 εἰρήνην-ἐπὶ
618 5598 729 5669 τὴν
749 5597 896 5671 γῆν·
929 5603 1041 5655 οὐκ
1062 5598 1248 5672 ἦλθον·
1288 5599 1500 5666 βαλεῖν
1529 5602 1605 5653 el-

1712 5610 1877 5677 ﬁliam
1906 5622 1939 5657 a
1962 5613 2146 5664 matre,
2178 5610 2226 5677 et
2254 5614 2445 5653 nurum
2471 5615 2503 5649 ιι
2537 5611 2713 5662 socru,
2740 5601 2787 5647 et
2817 5588 3014 5644 inimici
3043 5584 3272 5640 hominis

146 5759 183 5791 "
215 5760 397 5835 Philip.
429 5779 504 5829 ιι,
544 5762 630 5818 10.
701 5760 746 5795 ⁸⁸
782 5761 899 5818 Act.
931 5778 1079 5820 xrrn
1159 5766 1193 5818 ε
1288 5766 1330 5798 ⁸⁹
1372 5763 1573 5818 Habac.

1741 5761 1825 5818 l5.
1903 5761 1947 5792 ’θ
1986 5759 2116 5814 Luc.
2149 5773 2258 5822 xu,
2296 5754 2389 5813 49.

147 5873 417 5947 (ηῸρέωνο
