  <div class='ocr_page' id='page_1' title='image "/cluster/home/n/w/nwhite01/storage/ocr_20150623/23/pst.000005712076/213.png"; bbox 0 0 3958 6340; ppageno 0'>
   <div class='ocr_carea' id='block_1_1' title="bbox 668 419 769 477">
    <p class='ocr_par' dir='ltr' id='par_1_1' title="bbox 668 419 769 477">
     <span class='ocr_line' id='line_1_1' title="bbox 668 419 769 477; baseline -0.02 0"><span class='ocrx_word' id='word_1_1' title='bbox 668 419 769 477; x_wconf 76' lang='grc' dir='ltr'><strong><em>ιιι</em></strong></span> 
     </span>
    </p>
   </div>
   <div class='ocr_carea' id='block_1_2' title="bbox 1371 395 3233 468">
    <p class='ocr_par' dir='ltr' id='par_1_2' title="bbox 1371 395 3233 468">
     <span class='ocr_line' id='line_1_2' title="bbox 1371 395 3233 468; baseline -0.009 -2"><span class='ocrx_word' id='word_1_2' title='bbox 1371 406 1636 468; x_wconf 82' lang='lat' dir='ltr'><strong><em>EUSEBII</em></strong></span> <span class='ocrx_word' id='word_1_3' title='bbox 1672 401 2146 463; x_wconf 61' lang='lat' dir='ltr'><strong><em>CESARIENSIS</em></strong></span> <span class='ocrx_word' id='word_1_4' title='bbox 2181 399 2331 457; x_wconf 83' lang='lat' dir='ltr'><strong><em>UPP.</em></strong></span> <span class='ocrx_word' id='word_1_5' title='bbox 2374 396 2555 453; x_wconf 77' lang='lat' dir='ltr'><strong>PARS</strong></span> <span class='ocrx_word' id='word_1_6' title='bbox 2589 397 2682 453; x_wconf 88' lang='lat' dir='ltr'><strong><em>IIl.</em></strong></span> <span class='ocrx_word' id='word_1_7' title='bbox 2723 426 2794 438; x_wconf 89' lang='lat'><strong><em>—</em></strong></span> <span class='ocrx_word' id='word_1_8' title='bbox 2828 395 3233 453; x_wconf 79' lang='lat' dir='ltr'><strong><em>EXEGETICA.</em></strong></span> 
     </span>
    </p>
   </div>
   <div class='ocr_carea' id='block_1_3' title="bbox 3767 395 3862 450">
    <p class='ocr_par' dir='ltr' id='par_1_3' title="bbox 3767 395 3862 450">
     <span class='ocr_line' id='line_1_3' title="bbox 3767 395 3862 450; baseline -0.021 0"><span class='ocrx_word' id='word_1_9' title='bbox 3767 395 3862 450; x_wconf 65' lang='grc' dir='ltr'><strong><em>ιιι</em></strong></span> 
     </span>
    </p>
   </div>
   <div class='ocr_carea' id='block_1_4' title="bbox 670 509 2217 588">
    <p class='ocr_par' dir='ltr' id='par_1_4' title="bbox 670 518 2217 587">
     <span class='ocr_line' id='line_1_4' title="bbox 670 518 2217 587; baseline -0.008 -2"><span class='ocrx_word' id='word_1_10' title='bbox 670 530 795 585; x_wconf 67' lang='lat' dir='ltr'><strong><em>Non</em></strong></span> <span class='ocrx_word' id='word_1_11' title='bbox 816 527 959 583; x_wconf 83' lang='lat' dir='ltr'><strong><em>ultra</em></strong></span> <span class='ocrx_word' id='word_1_12' title='bbox 994 525 1258 581; x_wconf 75' lang='lat' dir='ltr'><strong><em>vocabitur</em></strong></span> <span class='ocrx_word' id='word_1_13' title='bbox 1289 541 1473 580; x_wconf 89' lang='lat' dir='ltr'><strong><em>nomen</em></strong></span> <span class='ocrx_word' id='word_1_14' title='bbox 1490 534 1635 578; x_wconf 88' lang='lat' dir='ltr'><strong><em>tuum</em></strong></span> <span class='ocrx_word' id='word_1_15' title='bbox 1681 520 1871 587; x_wconf 84' lang='lat' dir='ltr'><strong><em>Jacob,</em></strong></span> <span class='ocrx_word' id='word_1_16' title='bbox 1929 519 2018 574; x_wconf 87' lang='lat' dir='ltr'><strong><em>sed</em></strong></span> <span class='ocrx_word' id='word_1_17' title='bbox 2054 518 2217 574; x_wconf 78' lang='lat' dir='ltr'><strong><em>Israel</em></strong></span> 
     </span>
    </p>
   </div>
   <div class='ocr_carea' id='block_1_5' title="bbox 2318 509 3856 588">
    <p class='ocr_par' dir='ltr' id='par_1_5' title="bbox 2324 509 3856 588">
     <span class='ocr_line' id='line_1_5' title="bbox 2324 509 3856 588; baseline -0.001 -19"><span class='ocrx_word' id='word_1_18' title='bbox 2324 517 2450 588; x_wconf 75' lang='grc' dir='ltr'>γάρ,</span> <span class='ocrx_word' id='word_1_19' title='bbox 2476 516 2658 587; x_wconf 76' lang='grc' dir='ltr'>φησὶν,</span> <span class='ocrx_word' id='word_1_20' title='bbox 2690 514 2783 568; x_wconf 80' lang='grc' dir='ltr'><strong><em>ἀνθ</em></strong></span> <span class='ocrx_word' id='word_1_21' title='bbox 2793 532 2969 587; x_wconf 83' lang='grc' dir='ltr'><strong><em>ρωπος</em></strong></span> <span class='ocrx_word' id='word_1_22' title='bbox 2990 515 3105 587; x_wconf 82' lang='grc' dir='ltr'>μετ’</span> <span class='ocrx_word' id='word_1_23' title='bbox 3132 513 3316 581; x_wconf 79' lang='grc' dir='ltr'>αὐτοῦ,</span> <span class='ocrx_word' id='word_1_24' title='bbox 3339 512 3397 578; x_wconf 79' lang='grc' dir='ltr'>ὃς</span> <span class='ocrx_word' id='word_1_25' title='bbox 3418 512 3511 568; x_wconf 68' lang='grc' dir='ltr'>καὶ</span> <span class='ocrx_word' id='word_1_26' title='bbox 3530 509 3682 567; x_wconf 73' lang='grc' dir='ltr'>εἶπεν</span> <span class='ocrx_word' id='word_1_27' title='bbox 3706 513 3856 583; x_wconf 79' lang='grc' dir='ltr'>αὐτῷ·</span> 
     </span>
    </p>
   </div>
   <div class='ocr_carea' id='block_1_6' title="bbox 662 611 2231 695">
    <p class='ocr_par' dir='ltr' id='par_1_6' title="bbox 662 611 2231 695">
     <span class='ocr_line' id='line_1_6' title="bbox 662 611 2231 695; baseline -0.008 -18"><span class='ocrx_word' id='word_1_28' title='bbox 662 623 761 677; x_wconf 75' lang='lat' dir='ltr'><strong><em>erit</em></strong></span> <span class='ocrx_word' id='word_1_29' title='bbox 787 636 965 675; x_wconf 80' lang='lat' dir='ltr'><strong><em>nomen</em></strong></span> <span class='ocrx_word' id='word_1_30' title='bbox 990 628 1155 682; x_wconf 89' lang='lat' dir='ltr'><strong><em>tuum,</em></strong></span> <span class='ocrx_word' id='word_1_31' title='bbox 1186 620 1309 688; x_wconf 85' lang='lat' dir='ltr'><strong><em>quia</em></strong></span> <span class='ocrx_word' id='word_1_32' title='bbox 1338 617 1661 695; x_wconf 66' lang='lat' dir='ltr'><strong><em>pravaluisti</em></strong></span> <span class='ocrx_word' id='word_1_33' title='bbox 1707 632 1826 669; x_wconf 91' lang='lat' dir='ltr'><strong><em>cum</em></strong></span> <span class='ocrx_word' id='word_1_34' title='bbox 1858 613 1985 668; x_wconf 89' lang='lat' dir='ltr'><strong><em>Deo.</em></strong></span> <span class='ocrx_word' id='word_1_35' title='bbox 2010 611 2080 666; x_wconf 86' lang='lat' dir='ltr'><strong><em>Et</em></strong></span> <span class='ocrx_word' id='word_1_36' title='bbox 2111 629 2231 669; x_wconf 82' lang='lat' dir='ltr'><strong><em>sur-</em></strong></span> 
     </span>
    </p>
   </div>
   <div class='ocr_carea' id='block_1_7' title="bbox 665 701 2225 778">
    <p class='ocr_par' dir='ltr' id='par_1_7' title="bbox 665 701 2225 778">
     <span class='ocr_line' id='line_1_7' title="bbox 665 701 2225 778; baseline -0.006 -15"><span class='ocrx_word' id='word_1_37' title='bbox 665 724 787 778; x_wconf 83' lang='lat' dir='ltr'><strong><em>gens</em></strong></span> <span class='ocrx_word' id='word_1_38' title='bbox 810 707 973 762; x_wconf 85' lang='lat' dir='ltr'><strong><em>Jacob</em></strong></span> <span class='ocrx_word' id='word_1_39' title='bbox 1011 708 1209 761; x_wconf 77' lang='lat' dir='ltr'><strong><em>vocavit</em></strong></span> <span class='ocrx_word' id='word_1_40' title='bbox 1256 718 1438 759; x_wconf 81' lang='lat' dir='ltr'><strong><em>nomen</em></strong></span> <span class='ocrx_word' id='word_1_41' title='bbox 1480 705 1580 759; x_wconf 87' lang='lat' dir='ltr'><strong><em>loci</em></strong></span> <span class='ocrx_word' id='word_1_42' title='bbox 1613 704 1782 766; x_wconf 84' lang='lat' dir='ltr'><strong><em>illius,</em></strong></span> <span class='ocrx_word' id='word_1_43' title='bbox 1817 702 2048 771; x_wconf 80' lang='lat' dir='ltr'><strong><em>Speciem</em></strong></span> <span class='ocrx_word' id='word_1_44' title='bbox 2107 701 2225 766; x_wconf 92' lang='lat' dir='ltr'><strong><em>Dei,</em></strong></span> 
     </span>
    </p>
   </div>
   <div class='ocr_carea' id='block_1_8' title="bbox 665 791 2228 866">
    <p class='ocr_par' dir='ltr' id='par_1_8' title="bbox 665 791 2228 866">
     <span class='ocr_line' id='line_1_8' title="bbox 665 791 2228 866; baseline -0.003 -16"><span class='ocrx_word' id='word_1_45' title='bbox 665 800 837 855; x_wconf 84' lang='lat' dir='ltr'><strong><em>dicens</em></strong></span> <span class='ocrx_word' id='word_1_46' title='bbox 872 816 889 854; x_wconf 91' lang='lat'><strong><em>:</em></strong></span> <span class='ocrx_word' id='word_1_47' title='bbox 932 800 1049 855; x_wconf 78' lang='lat' dir='ltr'><strong><em>Vidi</em></strong></span> <span class='ocrx_word' id='word_1_48' title='bbox 1069 800 1206 853; x_wconf 90' lang='lat' dir='ltr'><strong><em>enim</em></strong></span> <span class='ocrx_word' id='word_1_49' title='bbox 1262 799 1544 852; x_wconf 87' lang='lat' dir='ltr'><strong><em>Dominum</em></strong></span> <span class='ocrx_word' id='word_1_50' title='bbox 1575 796 1709 866; x_wconf 83' lang='lat' dir='ltr'><strong><em>facie</em></strong></span> <span class='ocrx_word' id='word_1_51' title='bbox 1735 794 1804 847; x_wconf 87' lang='lat' dir='ltr'><strong><em>ad</em></strong></span> <span class='ocrx_word' id='word_1_52' title='bbox 1829 794 2018 864; x_wconf 81' lang='lat' dir='ltr'><strong><em>faciem</em></strong></span> <span class='ocrx_word' id='word_1_53' title='bbox 2042 794 2107 847; x_wconf 84' lang='lat'><strong><em>”.</em></strong></span> <span class='ocrx_word' id='word_1_54' title='bbox 2142 791 2228 847; x_wconf 79' lang='lat' dir='ltr'><strong><em>Si-</em></strong></span> 
     </span>
    </p>
   </div>
   <div class='ocr_carea' id='block_1_9' title="bbox 2328 602 3859 676">
    <p class='ocr_par' dir='ltr' id='par_1_9' title="bbox 2328 602 3859 676">
     <span class='ocr_line' id='line_1_9' title="bbox 2328 602 3859 676; baseline -0.001 -15"><span class='ocrx_word' id='word_1_55' title='bbox 2328 610 2446 661; x_wconf 81' lang='grc' dir='ltr'><strong><em>Οὐκ</em></strong></span> <span class='ocrx_word' id='word_1_56' title='bbox 2475 608 2562 661; x_wconf 75' lang='grc' dir='ltr'><strong><em>ἔτι</em></strong></span> <span class='ocrx_word' id='word_1_57' title='bbox 2588 606 2957 674; x_wconf 65' lang='grc' dir='ltr'>,κληθήσεται</span> <span class='ocrx_word' id='word_1_58' title='bbox 2983 607 3048 659; x_wconf 80' lang='grc' dir='ltr'>τό</span> <span class='ocrx_word' id='word_1_59' title='bbox 3076 605 3263 676; x_wconf 74' lang='grc' dir='ltr'><strong><em>ὄνομα</em></strong></span> <span class='ocrx_word' id='word_1_60' title='bbox 3297 622 3411 660; x_wconf 86' lang='grc' dir='ltr'>σου</span> <span class='ocrx_word' id='word_1_61' title='bbox 3465 602 3661 659; x_wconf 78' lang='grc' dir='ltr'>Ἰακὼϐ</span> <span class='ocrx_word' id='word_1_62' title='bbox 3680 644 3693 668; x_wconf 86' lang='grc'><strong><em>,</em></strong></span> <span class='ocrx_word' id='word_1_63' title='bbox 3738 605 3859 659; x_wconf 70' lang='grc' dir='ltr'>ἀλλ’</span> 
     </span>
    </p>
   </div>
   <div class='ocr_carea' id='block_1_10' title="bbox 2336 694 3863 767">
    <p class='ocr_par' dir='ltr' id='par_1_10' title="bbox 2336 694 3863 767">
     <span class='ocr_line' id='line_1_10' title="bbox 2336 694 3863 767; baseline -0.003 -15"><span class='ocrx_word' id='word_1_64' title='bbox 2336 698 2568 767; x_wconf 70' lang='grc' dir='ltr'>Ἰσραὴλ</span> <span class='ocrx_word' id='word_1_65' title='bbox 2590 698 2758 751; x_wconf 79' lang='grc' dir='ltr'>ἔσται</span> <span class='ocrx_word' id='word_1_66' title='bbox 2782 699 2850 753; x_wconf 85' lang='grc' dir='ltr'>τὸ</span> <span class='ocrx_word' id='word_1_67' title='bbox 2881 698 3065 767; x_wconf 81' lang='grc' dir='ltr'>ὄνομά</span> <span class='ocrx_word' id='word_1_68' title='bbox 3082 714 3197 751; x_wconf 90' lang='grc' dir='ltr'>σου</span> <span class='ocrx_word' id='word_1_69' title='bbox 3221 714 3233 727; x_wconf 94' lang='grc'><strong>·</strong></span> <span class='ocrx_word' id='word_1_70' title='bbox 3263 696 3349 750; x_wconf 84' lang='grc' dir='ltr'><strong><em>ὅτι</em></strong></span> <span class='ocrx_word' id='word_1_71' title='bbox 3379 696 3707 764; x_wconf 75' lang='grc' dir='ltr'>ἐνίσχυσας</span> <span class='ocrx_word' id='word_1_72' title='bbox 3730 694 3863 764; x_wconf 84' lang='grc' dir='ltr'>μετὰ</span> 
     </span>
    </p>
   </div>
   <div class='ocr_carea' id='block_1_11' title="bbox 2324 786 3864 856">
    <p class='ocr_par' dir='ltr' id='par_1_11' title="bbox 2324 786 3864 856">
     <span class='ocr_line' id='line_1_11' title="bbox 2324 786 3864 856; baseline -0.004 -12"><span class='ocrx_word' id='word_1_73' title='bbox 2324 792 2489 844; x_wconf 86' lang='grc' dir='ltr'><strong><em>Θεοῦ.</em></strong></span> <span class='ocrx_word' id='word_1_74' title='bbox 2524 791 2631 844; x_wconf 80' lang='grc' dir='ltr'><strong><em>Καὶ</em></strong></span> <span class='ocrx_word' id='word_1_75' title='bbox 2655 789 2923 855; x_wconf 78' lang='grc' dir='ltr'>ἀναστὰς</span> <span class='ocrx_word' id='word_1_76' title='bbox 2967 786 3163 844; x_wconf 75' lang='grc' dir='ltr'>Ἰακὼὸ</span> <span class='ocrx_word' id='word_1_77' title='bbox 3189 788 3441 843; x_wconf 80' lang='grc' dir='ltr'><em>ἐκάλεσε</em></span> <span class='ocrx_word' id='word_1_78' title='bbox 3465 788 3533 842; x_wconf 87' lang='grc' dir='ltr'>τὸ</span> <span class='ocrx_word' id='word_1_79' title='bbox 3564 787 3747 856; x_wconf 79' lang='grc' dir='ltr'>ὄνομα</span> <span class='ocrx_word' id='word_1_80' title='bbox 3772 787 3864 839; x_wconf 88' lang='grc' dir='ltr'><strong><em>τοῦ</em></strong></span> 
     </span>
    </p>
   </div>
   <div class='ocr_carea' id='block_1_12' title="bbox 664 876 2217 962">
    <p class='ocr_par' dir='ltr' id='par_1_12' title="bbox 664 880 2217 962">
     <span class='ocr_line' id='line_1_12' title="bbox 664 880 2217 962; baseline -0.004 -19"><span class='ocrx_word' id='word_1_81' title='bbox 664 890 878 959; x_wconf 85' lang='lat' dir='ltr'><strong>quidem</strong></span> <span class='ocrx_word' id='word_1_82' title='bbox 911 891 1001 944; x_wconf 90' lang='lat' dir='ltr'><strong><em>hic</em></strong></span> <span class='ocrx_word' id='word_1_83' title='bbox 1040 890 1157 962; x_wconf 89' lang='lat' dir='ltr'><strong><em>ipse</em></strong></span> <span class='ocrx_word' id='word_1_84' title='bbox 1188 886 1531 959; x_wconf 86' lang='lat' dir='ltr'><strong><em>estqui&#39;sub</em></strong></span> <span class='ocrx_word' id='word_1_85' title='bbox 1563 886 1740 956; x_wconf 83' lang='lat' dir='ltr'><strong><em>specie</em></strong></span> <span class='ocrx_word' id='word_1_86' title='bbox 1767 884 2003 939; x_wconf 85' lang='lat' dir='ltr'><strong><em>hominis</em></strong></span> <span class='ocrx_word' id='word_1_87' title='bbox 2023 880 2217 939; x_wconf 70' lang='lat' dir='ltr'><strong><em>Iacobo</em></strong></span> 
     </span>
    </p>
   </div>
   <div class='ocr_carea' id='block_1_13' title="bbox 2318 876 3863 962">
    <p class='ocr_par' dir='ltr' id='par_1_13' title="bbox 2320 876 3863 947">
     <span class='ocr_line' id='line_1_13' title="bbox 2320 876 3863 947; baseline -0.002 -13"><span class='ocrx_word' id='word_1_88' title='bbox 2320 884 2506 936; x_wconf 84' lang='grc' dir='ltr'>τόπου</span> <span class='ocrx_word' id='word_1_89' title='bbox 2550 882 2808 946; x_wconf 75' lang='grc' dir='ltr'>ἐκείνου,</span> <span class='ocrx_word' id='word_1_90' title='bbox 2841 879 3015 947; x_wconf 81' lang='grc' dir='ltr'>Εἶδος</span> <span class='ocrx_word' id='word_1_91' title='bbox 3074 880 3240 946; x_wconf 86' lang='grc' dir='ltr'><em>Θεοῦ,</em></span> <span class='ocrx_word' id='word_1_92' title='bbox 3289 876 3498 934; x_wconf 73' lang='grc' dir='ltr'><em>εἰπών·</em></span> <span class='ocrx_word' id='word_1_93' title='bbox 3556 876 3732 936; x_wconf 77' lang='grc' dir='ltr'><em>Εἶδον</em></span> <span class='ocrx_word' id='word_1_94' title='bbox 3769 878 3863 947; x_wconf 72' lang='grc' dir='ltr'>γὰρ</span> 
     </span>
    </p>
   </div>
   <div class='ocr_carea' id='block_1_14' title="bbox 663 973 2217 1051">
    <p class='ocr_par' dir='ltr' id='par_1_14' title="bbox 663 973 2217 1051">
     <span class='ocr_line' id='line_1_14' title="bbox 663 973 2217 1051; baseline -0.005 -17"><span class='ocrx_word' id='word_1_95' title='bbox 663 982 931 1051; x_wconf 87' lang='lat' dir='ltr'><strong><em>apparuit.</em></strong></span> <span class='ocrx_word' id='word_1_96' title='bbox 962 981 1083 1051; x_wconf 89' lang='lat' dir='ltr'><strong><em>Ipse</em></strong></span> <span class='ocrx_word' id='word_1_97' title='bbox 1096 987 1273 1035; x_wconf 88' lang='lat' dir='ltr'><strong><em>autem</em></strong></span> <span class='ocrx_word' id='word_1_98' title='bbox 1298 986 1380 1035; x_wconf 88' lang='lat' dir='ltr'><strong><em>est</em></strong></span> <span class='ocrx_word' id='word_1_99' title='bbox 1409 978 1661 1032; x_wconf 76' lang='lat' dir='ltr'><strong><em>Dominus</em></strong></span> <span class='ocrx_word' id='word_1_100' title='bbox 1682 978 1928 1037; x_wconf 80' lang='lat' dir='ltr'><strong><em>virtutum</em></strong></span> <span class='ocrx_word' id='word_1_101' title='bbox 1947 973 2217 1028; x_wconf 86' lang='lat' dir='ltr'><strong><em>nobiscum</em></strong></span> 
     </span>
    </p>
   </div>
   <div class='ocr_carea' id='block_1_15' title="bbox 659 1061 2217 1141">
    <p class='ocr_par' dir='ltr' id='par_1_15' title="bbox 659 1061 2217 1141">
     <span class='ocr_line' id='line_1_15' title="bbox 659 1061 2217 1141; baseline -0.008 -13"><span class='ocrx_word' id='word_1_102' title='bbox 659 1079 714 1128; x_wconf 87' lang='lat' dir='ltr'><strong><em>et</em></strong></span> <span class='ocrx_word' id='word_1_103' title='bbox 744 1072 859 1141; x_wconf 88' lang='lat' dir='ltr'><strong><em>ipse</em></strong></span> <span class='ocrx_word' id='word_1_104' title='bbox 886 1077 971 1124; x_wconf 86' lang='lat' dir='ltr'><strong><em>est</em></strong></span> <span class='ocrx_word' id='word_1_105' title='bbox 1023 1077 1288 1137; x_wconf 76' lang='lat' dir='ltr'><strong><em>susceptor</em></strong></span> <span class='ocrx_word' id='word_1_106' title='bbox 1331 1077 1507 1123; x_wconf 80' lang='lat' dir='ltr'><strong><em>noster</em></strong></span> <span class='ocrx_word' id='word_1_107' title='bbox 1549 1068 1686 1131; x_wconf 83' lang='lat' dir='ltr'><strong><em>Deus</em></strong></span> <span class='ocrx_word' id='word_1_108' title='bbox 1718 1063 1905 1117; x_wconf 72' lang='lat' dir='ltr'><strong><em>Iacob.</em></strong></span> <span class='ocrx_word' id='word_1_109' title='bbox 1946 1061 2049 1118; x_wconf 84' lang='lat' dir='ltr'><strong><em>Per</em></strong></span> <span class='ocrx_word' id='word_1_110' title='bbox 2092 1079 2217 1120; x_wconf 84' lang='lat' dir='ltr'><strong><em>eum</em></strong></span> 
     </span>
    </p>
   </div>
   <div class='ocr_carea' id='block_1_16' title="bbox 660 1155 2006 1230">
    <p class='ocr_par' dir='ltr' id='par_1_16' title="bbox 660 1155 2006 1230">
     <span class='ocr_line' id='line_1_16' title="bbox 660 1155 2006 1230; baseline -0.006 -13"><span class='ocrx_word' id='word_1_111' title='bbox 660 1164 805 1218; x_wconf 88' lang='lat' dir='ltr'><strong><em>enim</em></strong></span> <span class='ocrx_word' id='word_1_112' title='bbox 828 1176 993 1230; x_wconf 84' lang='lat' dir='ltr'><strong><em>supra</em></strong></span> <span class='ocrx_word' id='word_1_113' title='bbox 1021 1168 1313 1216; x_wconf 87' lang='lat' dir='ltr'><strong><em>memorata</em></strong></span> <span class='ocrx_word' id='word_1_114' title='bbox 1341 1156 1523 1214; x_wconf 81' lang='lat' dir='ltr'><strong><em>omnia</em></strong></span> <span class='ocrx_word' id='word_1_115' title='bbox 1551 1164 1696 1211; x_wconf 90' lang='lat' dir='ltr'><strong><em>recte</em></strong></span> <span class='ocrx_word' id='word_1_116' title='bbox 1717 1155 2006 1227; x_wconf 79' lang='lat' dir='ltr'><strong><em>gessimus.</em></strong></span> 
     </span>
    </p>
   </div>
   <div class='ocr_carea' id='block_1_17' title="bbox 2326 964 3865 1042">
    <p class='ocr_par' dir='ltr' id='par_1_17' title="bbox 2326 964 3865 1042">
     <span class='ocr_line' id='line_1_17' title="bbox 2326 964 3865 1042; baseline -0.003 -16"><span class='ocrx_word' id='word_1_117' title='bbox 2326 972 2471 1026; x_wconf 76' lang='grc' dir='ltr'><strong><em>Θεὸν</em></strong></span> <span class='ocrx_word' id='word_1_118' title='bbox 2500 974 2819 1040; x_wconf 81' lang='grc' dir='ltr'><strong><em>πρόσωπον</em></strong></span> <span class='ocrx_word' id='word_1_119' title='bbox 2845 972 2994 1041; x_wconf 85' lang='grc' dir='ltr'>πρὸς</span> <span class='ocrx_word' id='word_1_120' title='bbox 3012 974 3350 1041; x_wconf 78' lang='grc' dir='ltr'><strong><em>πρόσωπον.</em></strong></span> <span class='ocrx_word' id='word_1_121' title='bbox 3382 964 3551 1035; x_wconf 73' lang='grc' dir='ltr'>Οὗτος</span> <span class='ocrx_word' id='word_1_122' title='bbox 3582 971 3688 1042; x_wconf 84' lang='grc' dir='ltr'>γὰρ</span> <span class='ocrx_word' id='word_1_123' title='bbox 3717 970 3865 1032; x_wconf 73' lang='grc' dir='ltr'>αὐτὸς</span> 
     </span>
    </p>
   </div>
   <div class='ocr_carea' id='block_1_18' title="bbox 2323 1063 3861 1136">
    <p class='ocr_par' dir='ltr' id='par_1_18' title="bbox 2323 1063 3861 1136">
     <span class='ocr_line' id='line_1_18' title="bbox 2323 1063 3861 1136; baseline -0.001 -20"><span class='ocrx_word' id='word_1_124' title='bbox 2323 1066 2529 1128; x_wconf 77' lang='grc' dir='ltr'>ἐκεῖνος</span> <span class='ocrx_word' id='word_1_125' title='bbox 2566 1066 2594 1117; x_wconf 89' lang='grc' dir='ltr'>ὁ</span> <span class='ocrx_word' id='word_1_126' title='bbox 2622 1067 2678 1117; x_wconf 83' lang='grc' dir='ltr'>ὲν</span> <span class='ocrx_word' id='word_1_127' title='bbox 2714 1064 3005 1136; x_wconf 26' lang='grc' dir='ltr'>,ἀνθρώπου</span> <span class='ocrx_word' id='word_1_128' title='bbox 3038 1067 3270 1136; x_wconf 75' lang='grc' dir='ltr'>σχήματι</span> <span class='ocrx_word' id='word_1_129' title='bbox 3300 1064 3376 1135; x_wconf 84' lang='grc' dir='ltr'>τῷ</span> <span class='ocrx_word' id='word_1_130' title='bbox 3432 1063 3625 1118; x_wconf 81' lang='grc' dir='ltr'>Ἰακὼὸ</span> <span class='ocrx_word' id='word_1_131' title='bbox 3670 1063 3861 1133; x_wconf 71' lang='grc' dir='ltr'>φανείς.</span> 
     </span>
    </p>
   </div>
   <div class='ocr_carea' id='block_1_19' title="bbox 2321 1153 3864 1224">
    <p class='ocr_par' dir='ltr' id='par_1_19' title="bbox 2321 1153 3864 1224">
     <span class='ocr_line' id='line_1_19' title="bbox 2321 1153 3864 1224; baseline -0.003 -15"><span class='ocrx_word' id='word_1_132' title='bbox 2321 1156 2492 1219; x_wconf 79' lang='grc' dir='ltr'>Δὺτὺς</span> <span class='ocrx_word' id='word_1_133' title='bbox 2529 1155 2585 1209; x_wconf 90' lang='grc' dir='ltr'><strong><em>δέ</em></strong></span> <span class='ocrx_word' id='word_1_134' title='bbox 2613 1158 2758 1210; x_wconf 77' lang='grc' dir='ltr'>ἐστιν</span> <span class='ocrx_word' id='word_1_135' title='bbox 2806 1159 2837 1210; x_wconf 85' lang='grc' dir='ltr'><em>ὀ</em></span> <span class='ocrx_word' id='word_1_136' title='bbox 2888 1158 3100 1223; x_wconf 86' lang='grc' dir='ltr'>Κύριος</span> <span class='ocrx_word' id='word_1_137' title='bbox 3152 1154 3270 1209; x_wconf 76' lang='grc' dir='ltr'><strong><em>τῶν</em></strong></span> <span class='ocrx_word' id='word_1_138' title='bbox 3316 1154 3623 1224; x_wconf 80' lang='grc' dir='ltr'><strong><em>δυνάμεων</em></strong></span> <span class='ocrx_word' id='word_1_139' title='bbox 3669 1157 3701 1207; x_wconf 80' lang='grc' dir='ltr'><em>ὁ</em></span> <span class='ocrx_word' id='word_1_140' title='bbox 3751 1153 3864 1221; x_wconf 77' lang='grc' dir='ltr'>μεθ’</span> 
     </span>
    </p>
   </div>
   <div class='ocr_carea' id='block_1_20' title="bbox 660 1249 3865 1327">
    <p class='ocr_par' dir='ltr' id='par_1_20' title="bbox 660 1249 3865 1327">
     <span class='ocr_line' id='line_1_20' title="bbox 660 1249 3865 1327; baseline -0.003 -15"><span class='ocrx_word' id='word_1_141' title='bbox 660 1256 850 1327; x_wconf 72' lang='grc' dir='ltr'>ἡμῶν,</span> <span class='ocrx_word' id='word_1_142' title='bbox 889 1256 981 1309; x_wconf 73' lang='grc' dir='ltr'>καὶ</span> <span class='ocrx_word' id='word_1_143' title='bbox 1010 1255 1167 1319; x_wconf 78' lang='grc' dir='ltr'>αὑτός</span> <span class='ocrx_word' id='word_1_144' title='bbox 1229 1255 1374 1321; x_wconf 80' lang='grc' dir='ltr'>ἐστιν</span> <span class='ocrx_word' id='word_1_145' title='bbox 1405 1252 1777 1319; x_wconf 73' lang='grc' dir='ltr'>ἀντιλήπτωρ</span> <span class='ocrx_word' id='word_1_146' title='bbox 1827 1249 1995 1319; x_wconf 77' lang='grc' dir='ltr'><strong><em>ἡμῶν</em></strong></span> <span class='ocrx_word' id='word_1_147' title='bbox 2037 1249 2257 1321; x_wconf 64' lang='grc' dir='ltr'><strong><em>όβεῶς</em></strong></span> <span class='ocrx_word' id='word_1_148' title='bbox 2306 1250 2515 1306; x_wconf 76' lang='grc' dir='ltr'><strong><em>Ἰακώϐ.</em></strong></span> <span class='ocrx_word' id='word_1_149' title='bbox 2569 1251 2645 1303; x_wconf 85' lang='grc' dir='ltr'><strong><em>Δι’</em></strong></span> <span class='ocrx_word' id='word_1_150' title='bbox 2706 1249 2869 1305; x_wconf 81' lang='grc' dir='ltr'><strong><em>αὐτοῦ</em></strong></span> <span class='ocrx_word' id='word_1_151' title='bbox 2899 1251 3005 1321; x_wconf 83' lang='grc' dir='ltr'><strong><em>γὰρ</em></strong></span> <span class='ocrx_word' id='word_1_152' title='bbox 3068 1249 3132 1303; x_wconf 82' lang='grc' dir='ltr'>τὰ</span> <span class='ocrx_word' id='word_1_153' title='bbox 3190 1251 3652 1323; x_wconf 78' lang='grc' dir='ltr'><strong><em>προγεγραμμένα</em></strong></span> <span class='ocrx_word' id='word_1_154' title='bbox 3701 1250 3865 1303; x_wconf 83' lang='grc' dir='ltr'>πάντα</span> 
     </span>
    </p>
   </div>
   <div class='ocr_carea' id='block_1_21' title="bbox 646 1349 1173 1420">
    <p class='ocr_par' dir='ltr' id='par_1_21' title="bbox 646 1349 1173 1420">
     <span class='ocr_line' id='line_1_21' title="bbox 646 1349 1173 1420; baseline 0 -17"><span class='ocrx_word' id='word_1_155' title='bbox 646 1349 1117 1420; x_wconf 81' lang='grc' dir='ltr'>κατωρθώσαμεν.</span> <span class='ocrx_word' id='word_1_156' title='bbox 1170 1400 1173 1403; x_wconf 74' lang='grc'><strong><em>,</em></strong></span> 
     </span>
    </p>
   </div>
   <div class='ocr_carea' id='block_1_22' title="bbox 734 1438 2215 1510">
    <p class='ocr_par' dir='ltr' id='par_1_22' title="bbox 734 1438 2215 1510">
     <span class='ocr_line' id='line_1_22' title="bbox 734 1438 2215 1510; baseline -0.001 -15"><span class='ocrx_word' id='word_1_157' title='bbox 734 1438 895 1495; x_wconf 77' lang='lat' dir='ltr'><strong><em>Vens.</em></strong></span> <span class='ocrx_word' id='word_1_158' title='bbox 927 1442 981 1503; x_wconf 90' lang='lat'><strong>9,</strong></span> <span class='ocrx_word' id='word_1_159' title='bbox 1019 1440 1106 1494; x_wconf 80' lang='grc'><strong><em>10.</em></strong></span> <span class='ocrx_word' id='word_1_160' title='bbox 1152 1438 1328 1493; x_wconf 85' lang='lat' dir='ltr'><strong><em>Venite</em></strong></span> <span class='ocrx_word' id='word_1_161' title='bbox 1363 1447 1411 1494; x_wconf 90' lang='lat' dir='ltr'><strong><em>et</em></strong></span> <span class='ocrx_word' id='word_1_162' title='bbox 1459 1438 1624 1509; x_wconf 79' lang='lat' dir='ltr'><strong><em>videte</em></strong></span> <span class='ocrx_word' id='word_1_163' title='bbox 1651 1454 1805 1507; x_wconf 84' lang='lat' dir='ltr'><strong><em>opera</em></strong></span> <span class='ocrx_word' id='word_1_164' title='bbox 1837 1438 2072 1504; x_wconf 88' lang='lat' dir='ltr'><strong><em>Domini,</em></strong></span> <span class='ocrx_word' id='word_1_165' title='bbox 2098 1454 2215 1510; x_wconf 76' lang='lat' dir='ltr'><strong><em>qua:</em></strong></span> 
     </span>
    </p>
   </div>
   <div class='ocr_carea' id='block_1_23' title="bbox 658 1529 2219 1602">
    <p class='ocr_par' dir='ltr' id='par_1_23' title="bbox 658 1529 2219 1602">
     <span class='ocr_line' id='line_1_23' title="bbox 658 1529 2219 1602; baseline -0.001 -17"><span class='ocrx_word' id='word_1_166' title='bbox 658 1532 830 1591; x_wconf 67' lang='lat' dir='ltr'><strong><em>posuit</em></strong></span> <span class='ocrx_word' id='word_1_167' title='bbox 874 1529 1115 1601; x_wconf 83' lang='lat' dir='ltr'><strong><em>prodigia</em></strong></span> <span class='ocrx_word' id='word_1_168' title='bbox 1152 1547 1304 1599; x_wconf 84' lang='lat' dir='ltr'><strong><em>super</em></strong></span> <span class='ocrx_word' id='word_1_169' title='bbox 1357 1541 1570 1597; x_wconf 84' lang='lat' dir='ltr'><strong><em>terram,</em></strong></span> <span class='ocrx_word' id='word_1_170' title='bbox 1628 1531 1868 1600; x_wconf 79' lang='lat' dir='ltr'><strong><em>auferens</em></strong></span> <span class='ocrx_word' id='word_1_171' title='bbox 1891 1530 2027 1586; x_wconf 80' lang='lat' dir='ltr'><strong><em>bella</em></strong></span> <span class='ocrx_word' id='word_1_172' title='bbox 2059 1548 2219 1602; x_wconf 87' lang='lat' dir='ltr'><strong><em>usque</em></strong></span> 
     </span>
    </p>
   </div>
   <div class='ocr_carea' id='block_1_24' title="bbox 660 1616 2217 1692">
    <p class='ocr_par' dir='ltr' id='par_1_24' title="bbox 660 1616 2217 1692">
     <span class='ocr_line' id='line_1_24' title="bbox 660 1616 2217 1692; baseline -0.003 -12"><span class='ocrx_word' id='word_1_173' title='bbox 660 1621 729 1680; x_wconf 81' lang='lat' dir='ltr'><strong><em>ad</em></strong></span> <span class='ocrx_word' id='word_1_174' title='bbox 762 1616 889 1691; x_wconf 76' lang='lat' dir='ltr'><strong><em>ﬁnes</em></strong></span> <span class='ocrx_word' id='word_1_175' title='bbox 912 1630 1080 1676; x_wconf 81' lang='lat' dir='ltr'><strong><em>terrcc.</em></strong></span> <span class='ocrx_word' id='word_1_176' title='bbox 1105 1622 1297 1674; x_wconf 82' lang='lat' dir='ltr'><strong><em>Arcum</em></strong></span> <span class='ocrx_word' id='word_1_177' title='bbox 1326 1631 1549 1676; x_wconf 86' lang='lat' dir='ltr'><strong><em>conteret</em></strong></span> <span class='ocrx_word' id='word_1_178' title='bbox 1592 1630 1636 1675; x_wconf 84' lang='lat' dir='ltr'><strong><em>et</em></strong></span> <span class='ocrx_word' id='word_1_179' title='bbox 1666 1621 1954 1692; x_wconf 78' lang='lat' dir='ltr'><strong><em>confringet</em></strong></span> <span class='ocrx_word' id='word_1_180' title='bbox 1990 1638 2139 1675; x_wconf 90' lang='lat' dir='ltr'><strong><em>arma</em></strong></span> <span class='ocrx_word' id='word_1_181' title='bbox 2167 1631 2217 1675; x_wconf 90' lang='lat' dir='ltr'><strong><em>et</em></strong></span> 
     </span>
    </p>
   </div>
   <div class='ocr_carea' id='block_1_25' title="bbox 658 1704 2215 1792">
    <p class='ocr_par' dir='ltr' id='par_1_25' title="bbox 658 1704 2215 1792">
     <span class='ocr_line' id='line_1_25' title="bbox 658 1704 2215 1792; baseline -0.001 -24"><span class='ocrx_word' id='word_1_182' title='bbox 658 1722 808 1770; x_wconf 74' lang='lat' dir='ltr'><strong><em>scuta</em></strong></span> <span class='ocrx_word' id='word_1_183' title='bbox 850 1714 1118 1767; x_wconf 89' lang='lat' dir='ltr'><strong><em>comburet</em></strong></span> <span class='ocrx_word' id='word_1_184' title='bbox 1170 1704 1298 1784; x_wconf 81' lang='lat' dir='ltr'><strong><em>igni.</em></strong></span> <span class='ocrx_word' id='word_1_185' title='bbox 1346 1712 1498 1769; x_wconf 83' lang='lat' dir='ltr'><strong><em>Licet</em></strong></span> <span class='ocrx_word' id='word_1_186' title='bbox 1526 1715 1701 1771; x_wconf 78' lang='lat' dir='ltr'><strong><em>cuivis</em></strong></span> <span class='ocrx_word' id='word_1_187' title='bbox 1749 1724 1992 1792; x_wconf 81' lang='lat' dir='ltr'><strong><em>tempora</em></strong></span> <span class='ocrx_word' id='word_1_188' title='bbox 2030 1728 2215 1769; x_wconf 82' lang='lat' dir='ltr'><strong><em>secum</em></strong></span> 
     </span>
    </p>
   </div>
   <div class='ocr_carea' id='block_1_26' title="bbox 658 1809 2212 1880">
    <p class='ocr_par' dir='ltr' id='par_1_26' title="bbox 658 1809 2212 1880">
     <span class='ocr_line' id='line_1_26' title="bbox 658 1809 2212 1880; baseline 0.001 -19"><span class='ocrx_word' id='word_1_189' title='bbox 658 1809 950 1880; x_wconf 79' lang='lat' dir='ltr'><strong><em>reputanti,</em></strong></span> <span class='ocrx_word' id='word_1_190' title='bbox 999 1809 1112 1864; x_wconf 68' lang='lat' dir='ltr'><strong><em>haec</em></strong></span> <span class='ocrx_word' id='word_1_191' title='bbox 1148 1809 1217 1863; x_wconf 87' lang='lat' dir='ltr'><strong><em>ad</em></strong></span> <span class='ocrx_word' id='word_1_192' title='bbox 1257 1809 1490 1864; x_wconf 88' lang='lat' dir='ltr'><strong><em>litteram</em></strong></span> <span class='ocrx_word' id='word_1_193' title='bbox 1545 1811 1763 1879; x_wconf 87' lang='lat' dir='ltr'><strong><em>impleta</em></strong></span> <span class='ocrx_word' id='word_1_194' title='bbox 1792 1809 2212 1879; x_wconf 81' lang='lat' dir='ltr'><strong><em>deprehendere.</em></strong></span> 
     </span>
    </p>
   </div>
   <div class='ocr_carea' id='block_1_27' title="bbox 2388 1407 3865 1503">
    <p class='ocr_par' dir='ltr' id='par_1_27' title="bbox 2388 1407 3865 1503">
     <span class='ocr_line' id='line_1_27' title="bbox 2388 1407 3865 1503; baseline 0.001 -17"><span class='ocrx_word' id='word_1_195' title='bbox 2388 1433 2563 1488; x_wconf 82' lang='grc' dir='ltr'><strong><em>Δεῦτε</em></strong></span> <span class='ocrx_word' id='word_1_196' title='bbox 2593 1433 2693 1487; x_wconf 76' lang='grc' dir='ltr'>καὶ</span> <span class='ocrx_word' id='word_1_197' title='bbox 2733 1432 2886 1487; x_wconf 80' lang='grc' dir='ltr'><em>ἴδετε</em></span> <span class='ocrx_word' id='word_1_198' title='bbox 2921 1431 2992 1487; x_wconf 85' lang='grc' dir='ltr'>τὰ</span> <span class='ocrx_word' id='word_1_199' title='bbox 3012 1434 3169 1503; x_wconf 72' lang='grc' dir='ltr'>ἔργα</span> <span class='ocrx_word' id='word_1_200' title='bbox 3190 1432 3295 1486; x_wconf 86' lang='grc' dir='ltr'><strong><em>τοῦ</em></strong></span> <span class='ocrx_word' id='word_1_201' title='bbox 3344 1438 3563 1501; x_wconf 69' lang='grc' dir='ltr'>Δυριου</span> <span class='ocrx_word' id='word_1_202' title='bbox 3590 1407 3611 1498; x_wconf 17' lang='grc' dir='ltr'><strong><em>,θ</em></strong></span> <span class='ocrx_word' id='word_1_203' title='bbox 3645 1431 3683 1485; x_wconf 81' lang='grc' dir='ltr'><em>ἅ</em></span> <span class='ocrx_word' id='word_1_204' title='bbox 3712 1434 3865 1488; x_wconf 74' lang='grc' dir='ltr'>ἔθετο</span> 
     </span>
    </p>
   </div>
   <div class='ocr_carea' id='block_1_28' title="bbox 2316 1518 3865 1601">
    <p class='ocr_par' dir='ltr' id='par_1_28' title="bbox 2316 1518 3865 1601">
     <span class='ocr_line' id='line_1_28' title="bbox 2316 1518 3865 1601; baseline -0.001 -25"><span class='ocrx_word' id='word_1_205' title='bbox 2316 1522 2529 1592; x_wconf 85' lang='grc' dir='ltr'>τέρατα</span> <span class='ocrx_word' id='word_1_206' title='bbox 2560 1524 2659 1576; x_wconf 75' lang='grc' dir='ltr'><strong><em>ἐπὶ</em></strong></span> <span class='ocrx_word' id='word_1_207' title='bbox 2677 1522 2787 1592; x_wconf 84' lang='grc' dir='ltr'>τῆς</span> <span class='ocrx_word' id='word_1_208' title='bbox 2818 1522 2950 1601; x_wconf 66' lang='grc' dir='ltr'>τῆς,</span> <span class='ocrx_word' id='word_1_209' title='bbox 2996 1518 3364 1590; x_wconf 79' lang='grc' dir='ltr'>ἁνταναιρῶν</span> <span class='ocrx_word' id='word_1_210' title='bbox 3384 1522 3684 1591; x_wconf 77' lang='grc' dir='ltr'><strong><em>πολέμους</em></strong></span> <span class='ocrx_word' id='word_1_211' title='bbox 3700 1521 3865 1591; x_wconf 82' lang='grc' dir='ltr'>μέχρι</span> 
     </span>
    </p>
   </div>
   <div class='ocr_carea' id='block_1_29' title="bbox 2317 1612 3865 1684">
    <p class='ocr_par' dir='ltr' id='par_1_29' title="bbox 2317 1612 3865 1684">
     <span class='ocr_line' id='line_1_29' title="bbox 2317 1612 3865 1684; baseline -0.002 -16"><span class='ocrx_word' id='word_1_212' title='bbox 2317 1614 2433 1668; x_wconf 83' lang='grc' dir='ltr'><strong><em>τῶν</em></strong></span> <span class='ocrx_word' id='word_1_213' title='bbox 2462 1613 2727 1682; x_wconf 80' lang='grc' dir='ltr'><strong><em>περάτων</em></strong></span> <span class='ocrx_word' id='word_1_214' title='bbox 2746 1613 2856 1683; x_wconf 83' lang='grc' dir='ltr'>τῆς</span> <span class='ocrx_word' id='word_1_215' title='bbox 2873 1613 3005 1684; x_wconf 62' lang='lat' dir='ltr'><strong><em>rﬁc.</em></strong></span> <span class='ocrx_word' id='word_1_216' title='bbox 3037 1613 3220 1678; x_wconf 82' lang='grc' dir='ltr'><em>Τόξον</em></span> <span class='ocrx_word' id='word_1_217' title='bbox 3238 1614 3573 1681; x_wconf 70' lang='grc' dir='ltr'><strong><em>συντρίψει,</em></strong></span> <span class='ocrx_word' id='word_1_218' title='bbox 3599 1612 3697 1667; x_wconf 78' lang='grc' dir='ltr'>καὶ</span> <span class='ocrx_word' id='word_1_219' title='bbox 3729 1629 3865 1681; x_wconf 53' lang='lat' dir='ltr'><strong><em>cur</em></strong></span> 
     </span>
    </p>
   </div>
   <div class='ocr_carea' id='block_1_30' title="bbox 2298 1703 3863 1773">
    <p class='ocr_par' dir='ltr' id='par_1_30' title="bbox 2298 1703 3863 1773">
     <span class='ocr_line' id='line_1_30' title="bbox 2298 1703 3863 1773; baseline -0.001 -15"><span class='ocrx_word' id='word_1_220' title='bbox 2298 1704 2531 1767; x_wconf 78' lang='grc' dir='ltr'><em>κλάσει</em></span> <span class='ocrx_word' id='word_1_221' title='bbox 2557 1706 2766 1771; x_wconf 84' lang='grc' dir='ltr'>ὅπλον,</span> <span class='ocrx_word' id='word_1_222' title='bbox 2796 1706 2895 1760; x_wconf 83' lang='grc' dir='ltr'>καὶ</span> <span class='ocrx_word' id='word_1_223' title='bbox 2920 1705 3166 1773; x_wconf 87' lang='grc' dir='ltr'>θυρεοὺς</span> <span class='ocrx_word' id='word_1_224' title='bbox 3208 1705 3565 1761; x_wconf 81' lang='grc' dir='ltr'><strong><em>κατακαύσει</em></strong></span> <span class='ocrx_word' id='word_1_225' title='bbox 3613 1703 3683 1756; x_wconf 78' lang='grc' dir='ltr'>ἐν</span> <span class='ocrx_word' id='word_1_226' title='bbox 3711 1705 3863 1771; x_wconf 69' lang='grc' dir='ltr'>πιιρί.</span> 
     </span>
    </p>
   </div>
   <div class='ocr_carea' id='block_1_31' title="bbox 2318 1794 3864 1868">
    <p class='ocr_par' dir='ltr' id='par_1_31' title="bbox 2318 1794 3864 1868">
     <span class='ocr_line' id='line_1_31' title="bbox 2318 1794 3864 1868; baseline -0.003 -17"><span class='ocrx_word' id='word_1_227' title='bbox 2318 1799 2473 1851; x_wconf 78' lang='grc' dir='ltr'>Ἐστι</span> <span class='ocrx_word' id='word_1_228' title='bbox 2494 1815 2576 1866; x_wconf 88' lang='grc' dir='ltr'><strong><em>γε,</em></strong></span> <span class='ocrx_word' id='word_1_229' title='bbox 2605 1798 2971 1868; x_wconf 73' lang='grc' dir='ltr'>ἐπιστήσαντα</span> <span class='ocrx_word' id='word_1_230' title='bbox 3000 1800 3111 1860; x_wconf 85' lang='grc' dir='ltr'>τοῖς</span> <span class='ocrx_word' id='word_1_231' title='bbox 3141 1797 3383 1868; x_wconf 84' lang='grc' dir='ltr'><strong><em>χρόνοις,</em></strong></span> <span class='ocrx_word' id='word_1_232' title='bbox 3430 1796 3524 1849; x_wconf 81' lang='grc' dir='ltr'><strong><em>καὶ</em></strong></span> <span class='ocrx_word' id='word_1_233' title='bbox 3556 1795 3691 1866; x_wconf 79' lang='grc' dir='ltr'>πρὸς</span> <span class='ocrx_word' id='word_1_234' title='bbox 3735 1794 3864 1857; x_wconf 76' lang='grc' dir='ltr'>λέξιν</span> 
     </span>
    </p>
   </div>
   <div class='ocr_carea' id='block_1_32' title="bbox 659 1886 2217 1976">
    <p class='ocr_par' dir='ltr' id='par_1_32' title="bbox 659 1890 2215 1973">
     <span class='ocr_line' id='line_1_32' title="bbox 659 1890 2215 1973; baseline 0.001 -18"><span class='ocrx_word' id='word_1_235' title='bbox 659 1897 936 1970; x_wconf 84' lang='lat' dir='ltr'><strong><em>Siquidem</em></strong></span> <span class='ocrx_word' id='word_1_236' title='bbox 967 1910 1091 1957; x_wconf 85' lang='lat' dir='ltr'><strong><em>ante</em></strong></span> <span class='ocrx_word' id='word_1_237' title='bbox 1124 1899 1422 1955; x_wconf 84' lang='lat' dir='ltr'><strong><em>Salvatoris</em></strong></span> <span class='ocrx_word' id='word_1_238' title='bbox 1473 1904 1647 1956; x_wconf 84' lang='lat' dir='ltr'><strong><em>nostri</em></strong></span> <span class='ocrx_word' id='word_1_239' title='bbox 1677 1890 1988 1967; x_wconf 86' lang='lat' dir='ltr'><strong><em>adventum,</em></strong></span> <span class='ocrx_word' id='word_1_240' title='bbox 2012 1903 2215 1973; x_wconf 81' lang='lat' dir='ltr'><strong><em>princi-</em></strong></span> 
     </span>
    </p>
   </div>
   <div class='ocr_carea' id='block_1_33' title="bbox 2318 1886 3867 1976">
    <p class='ocr_par' dir='ltr' id='par_1_33' title="bbox 2318 1886 3867 1958">
     <span class='ocr_line' id='line_1_33' title="bbox 2318 1886 3867 1958; baseline -0.003 -17"><span class='ocrx_word' id='word_1_241' title='bbox 2318 1888 2455 1942; x_wconf 86' lang='grc' dir='ltr'><strong><em>αὑτά</em></strong></span> <span class='ocrx_word' id='word_1_242' title='bbox 2510 1887 2681 1942; x_wconf 77' lang='grc' dir='ltr'>ταῦτα</span> <span class='ocrx_word' id='word_1_243' title='bbox 2728 1886 3130 1958; x_wconf 82' lang='grc' dir='ltr'><strong><em>πεπληρωμένα</em></strong></span> <span class='ocrx_word' id='word_1_244' title='bbox 3191 1886 3555 1958; x_wconf 77' lang='grc' dir='ltr'>παραλαϐεῖν·</span> <span class='ocrx_word' id='word_1_245' title='bbox 3607 1887 3711 1955; x_wconf 56' lang='grc' dir='ltr'><strong><em>εἴν</em></strong></span> <span class='ocrx_word' id='word_1_246' title='bbox 3778 1890 3867 1956; x_wconf 69' lang='grc' dir='ltr'>,ςρδ</span> 
     </span>
    </p>
   </div>
   <div class='ocr_carea' id='block_1_34' title="bbox 658 1990 2253 2064">
    <p class='ocr_par' dir='ltr' id='par_1_34' title="bbox 658 1990 2253 2064">
     <span class='ocr_line' id='line_1_34' title="bbox 658 1990 2253 2064; baseline 0.004 -21"><span class='ocrx_word' id='word_1_247' title='bbox 658 1999 817 2059; x_wconf 84' lang='lat' dir='ltr'><strong><em>patus</em></strong></span> <span class='ocrx_word' id='word_1_248' title='bbox 850 2008 915 2047; x_wconf 86' lang='lat' dir='ltr'><strong><em>ac</em></strong></span> <span class='ocrx_word' id='word_1_249' title='bbox 940 1990 1179 2047; x_wconf 87' lang='lat' dir='ltr'><strong><em>dominia</em></strong></span> <span class='ocrx_word' id='word_1_250' title='bbox 1206 1992 1259 2046; x_wconf 89' lang='lat' dir='ltr'><strong><em>in</em></strong></span> <span class='ocrx_word' id='word_1_251' title='bbox 1305 1992 1533 2063; x_wconf 79' lang='lat' dir='ltr'><strong><em>singulis</em></strong></span> <span class='ocrx_word' id='word_1_252' title='bbox 1567 1995 1877 2064; x_wconf 81' lang='lat' dir='ltr'><strong><em>regionibus</em></strong></span> <span class='ocrx_word' id='word_1_253' title='bbox 1908 2004 1962 2049; x_wconf 93' lang='lat' dir='ltr'><strong><em>et</em></strong></span> <span class='ocrx_word' id='word_1_254' title='bbox 1992 1995 2216 2051; x_wconf 86' lang='lat' dir='ltr'><strong><em>urbibus</em></strong></span> <span class='ocrx_word' id='word_1_255' title='bbox 2247 2019 2253 2026; x_wconf 60' lang='grc'><em>’</em></span> 
     </span>
    </p>
   </div>
   <div class='ocr_carea' id='block_1_35' title="bbox 658 2082 2218 2165">
    <p class='ocr_par' dir='ltr' id='par_1_35' title="bbox 658 2082 2218 2165">
     <span class='ocr_line' id='line_1_35' title="bbox 658 2082 2218 2165; baseline 0.003 -29"><span class='ocrx_word' id='word_1_256' title='bbox 658 2091 816 2165; x_wconf 80' lang='lat' dir='ltr'><strong><em>erant</em></strong></span> <span class='ocrx_word' id='word_1_257' title='bbox 844 2102 856 2135; x_wconf 89' lang='lat'><strong>:</strong></span> <span class='ocrx_word' id='word_1_258' title='bbox 880 2097 945 2137; x_wconf 88' lang='lat' dir='ltr'><strong><em>ac</em></strong></span> <span class='ocrx_word' id='word_1_259' title='bbox 969 2082 1026 2136; x_wconf 92' lang='lat' dir='ltr'><strong><em>in</em></strong></span> <span class='ocrx_word' id='word_1_260' title='bbox 1050 2084 1291 2154; x_wconf 88' lang='lat' dir='ltr'><strong><em>quolibet</em></strong></span> <span class='ocrx_word' id='word_1_261' title='bbox 1330 2092 1487 2139; x_wconf 72' lang='lat' dir='ltr'><strong><em>terra:</em></strong></span> <span class='ocrx_word' id='word_1_262' title='bbox 1547 2087 1742 2156; x_wconf 80' lang='lat' dir='ltr'><strong><em>angulo</em></strong></span> <span class='ocrx_word' id='word_1_263' title='bbox 1783 2086 1922 2142; x_wconf 84' lang='lat' dir='ltr'><strong><em>bella</em></strong></span> <span class='ocrx_word' id='word_1_264' title='bbox 1957 2087 2218 2157; x_wconf 89' lang='lat' dir='ltr'><strong><em>gereban-</em></strong></span> 
     </span>
    </p>
   </div>
   <div class='ocr_carea' id='block_1_36' title="bbox 662 2175 2215 2247">
    <p class='ocr_par' dir='ltr' id='par_1_36' title="bbox 662 2175 2215 2247">
     <span class='ocr_line' id='line_1_36' title="bbox 662 2175 2215 2247; baseline 0.001 -19"><span class='ocrx_word' id='word_1_265' title='bbox 662 2188 751 2229; x_wconf 92' lang='lat' dir='ltr'><strong><em>tur</em></strong></span> <span class='ocrx_word' id='word_1_266' title='bbox 775 2194 789 2242; x_wconf 88' lang='lat'><strong>;</strong></span> <span class='ocrx_word' id='word_1_267' title='bbox 813 2175 885 2230; x_wconf 89' lang='lat' dir='ltr'><strong><em>ita</em></strong></span> <span class='ocrx_word' id='word_1_268' title='bbox 932 2184 990 2229; x_wconf 91' lang='lat' dir='ltr'><strong><em>ut</em></strong></span> <span class='ocrx_word' id='word_1_269' title='bbox 1029 2175 1111 2230; x_wconf 87' lang='lat' dir='ltr'><strong><em>vel</em></strong></span> <span class='ocrx_word' id='word_1_270' title='bbox 1151 2175 1253 2245; x_wconf 91' lang='lat' dir='ltr'><strong><em>ipsi</em></strong></span> <span class='ocrx_word' id='word_1_271' title='bbox 1312 2177 1508 2231; x_wconf 86' lang='lat' dir='ltr'><strong><em>rustici</em></strong></span> <span class='ocrx_word' id='word_1_272' title='bbox 1538 2177 1631 2247; x_wconf 91' lang='lat' dir='ltr'><strong><em>qui</em></strong></span> <span class='ocrx_word' id='word_1_273' title='bbox 1656 2184 1858 2233; x_wconf 85' lang='lat' dir='ltr'><strong><em>terram</em></strong></span> <span class='ocrx_word' id='word_1_274' title='bbox 1888 2178 2215 2243; x_wconf 83' lang='lat' dir='ltr'><strong><em>incolebant,</em></strong></span> 
     </span>
    </p>
   </div>
   <div class='ocr_carea' id='block_1_37' title="bbox 658 2268 2218 2341">
    <p class='ocr_par' dir='ltr' id='par_1_37' title="bbox 658 2268 2218 2341">
     <span class='ocr_line' id='line_1_37' title="bbox 658 2268 2218 2341; baseline 0.003 -20"><span class='ocrx_word' id='word_1_275' title='bbox 658 2268 855 2333; x_wconf 84' lang='lat' dir='ltr'><strong><em>hastis,</em></strong></span> <span class='ocrx_word' id='word_1_276' title='bbox 884 2269 1077 2340; x_wconf 79' lang='lat' dir='ltr'><strong><em>gladiis</em></strong></span> <span class='ocrx_word' id='word_1_277' title='bbox 1108 2270 1365 2341; x_wconf 88' lang='lat' dir='ltr'><strong><em>omnique</em></strong></span> <span class='ocrx_word' id='word_1_278' title='bbox 1394 2272 1626 2326; x_wconf 87' lang='lat' dir='ltr'><strong><em>telorum</em></strong></span> <span class='ocrx_word' id='word_1_279' title='bbox 1678 2287 1875 2340; x_wconf 77' lang='lat' dir='ltr'><strong><em>genere</em></strong></span> <span class='ocrx_word' id='word_1_280' title='bbox 1895 2286 1953 2327; x_wconf 89' lang='lat' dir='ltr'><strong><em>se</em></strong></span> <span class='ocrx_word' id='word_1_281' title='bbox 1981 2272 2218 2326; x_wconf 84' lang='lat' dir='ltr'><strong><em>instrue—</em></strong></span> 
     </span>
    </p>
   </div>
   <div class='ocr_carea' id='block_1_38' title="bbox 2323 1979 3866 2052">
    <p class='ocr_par' dir='ltr' id='par_1_38' title="bbox 2323 1979 3866 2052">
     <span class='ocr_line' id='line_1_38' title="bbox 2323 1979 3866 2052; baseline -0.001 -21"><span class='ocrx_word' id='word_1_282' title='bbox 2323 1982 2420 2052; x_wconf 84' lang='grc' dir='ltr'>τῆς</span> <span class='ocrx_word' id='word_1_283' title='bbox 2446 1979 2539 2032; x_wconf 74' lang='grc' dir='ltr'>τοῦ</span> <span class='ocrx_word' id='word_1_284' title='bbox 2574 1980 2822 2050; x_wconf 81' lang='grc' dir='ltr'><strong><em>Σωτῆρος</em></strong></span> <span class='ocrx_word' id='word_1_285' title='bbox 2866 1979 3019 2051; x_wconf 74' lang='grc' dir='ltr'>ἡμῶν</span> <span class='ocrx_word' id='word_1_286' title='bbox 3053 1980 3368 2048; x_wconf 73' lang='grc' dir='ltr'><strong><em>ἐπιφανείας</em></strong></span> <span class='ocrx_word' id='word_1_287' title='bbox 3390 1980 3749 2052; x_wconf 84' lang='grc' dir='ltr'>τοποκρατίαι</span> <span class='ocrx_word' id='word_1_288' title='bbox 3780 1980 3866 2033; x_wconf 78' lang='grc' dir='ltr'><strong><em>καὶ</em></strong></span> 
     </span>
    </p>
   </div>
   <div class='ocr_carea' id='block_1_39' title="bbox 2320 2068 3844 2144">
    <p class='ocr_par' dir='ltr' id='par_1_39' title="bbox 2320 2068 3844 2144">
     <span class='ocr_line' id='line_1_39' title="bbox 2320 2068 3844 2144; baseline -0.001 -19"><span class='ocrx_word' id='word_1_289' title='bbox 2320 2072 2607 2142; x_wconf 85' lang='grc' dir='ltr'>τοπαρχίαι</span> <span class='ocrx_word' id='word_1_290' title='bbox 2638 2071 2776 2125; x_wconf 86' lang='grc' dir='ltr'><strong><em>κατά</em></strong></span> <span class='ocrx_word' id='word_1_291' title='bbox 2804 2070 2984 2144; x_wconf 83' lang='grc' dir='ltr'>χώρας</span> <span class='ocrx_word' id='word_1_292' title='bbox 3013 2068 3153 2143; x_wconf 77' lang='grc' dir='ltr'>ἦσαν</span> <span class='ocrx_word' id='word_1_293' title='bbox 3191 2072 3283 2125; x_wconf 77' lang='grc' dir='ltr'><strong><em>καὶ</em></strong></span> <span class='ocrx_word' id='word_1_294' title='bbox 3335 2070 3472 2126; x_wconf 80' lang='grc' dir='ltr'>κατὰ</span> <span class='ocrx_word' id='word_1_295' title='bbox 3514 2072 3726 2136; x_wconf 83' lang='grc' dir='ltr'>πόλεις·</span> <span class='ocrx_word' id='word_1_296' title='bbox 3780 2072 3844 2123; x_wconf 84' lang='grc' dir='ltr'><em>πὸ</em></span> 
     </span>
    </p>
   </div>
   <div class='ocr_carea' id='block_1_40' title="bbox 2318 2163 3861 2235">
    <p class='ocr_par' dir='ltr' id='par_1_40' title="bbox 2318 2163 3861 2235">
     <span class='ocr_line' id='line_1_40' title="bbox 2318 2163 3861 2235; baseline 0.005 -20"><span class='ocrx_word' id='word_1_297' title='bbox 2318 2163 2472 2235; x_wconf 88' lang='grc' dir='ltr'>λεμοί</span> <span class='ocrx_word' id='word_1_298' title='bbox 2506 2180 2566 2217; x_wconf 84' lang='grc' dir='ltr'><strong><em>τε</em></strong></span> <span class='ocrx_word' id='word_1_299' title='bbox 2594 2163 2907 2217; x_wconf 78' lang='grc' dir='ltr'><strong><em>συνίσταντο</em></strong></span> <span class='ocrx_word' id='word_1_300' title='bbox 2950 2164 3072 2216; x_wconf 77' lang='grc' dir='ltr'>καθ’</span> <span class='ocrx_word' id='word_1_301' title='bbox 3093 2164 3328 2234; x_wconf 75' lang='grc' dir='ltr'>ἑκάστην</span> <span class='ocrx_word' id='word_1_302' title='bbox 3363 2164 3564 2233; x_wconf 84' lang='grc' dir='ltr'>γωνίαν</span> <span class='ocrx_word' id='word_1_303' title='bbox 3599 2167 3697 2235; x_wconf 77' lang='grc' dir='ltr'>τῆς</span> <span class='ocrx_word' id='word_1_304' title='bbox 3730 2168 3861 2234; x_wconf 63' lang='grc' dir='ltr'><strong><em>γῆςῗ</em></strong></span> 
     </span>
    </p>
   </div>
   <div class='ocr_carea' id='block_1_41' title="bbox 2319 2250 3864 2324">
    <p class='ocr_par' dir='ltr' id='par_1_41' title="bbox 2319 2250 3864 2324">
     <span class='ocr_line' id='line_1_41' title="bbox 2319 2250 3864 2324; baseline 0.003 -20"><span class='ocrx_word' id='word_1_305' title='bbox 2319 2253 2393 2315; x_wconf 83' lang='grc' dir='ltr'>ὡς</span> <span class='ocrx_word' id='word_1_306' title='bbox 2421 2252 2511 2305; x_wconf 73' lang='grc' dir='ltr'><strong><em>καὶ</em></strong></span> <span class='ocrx_word' id='word_1_307' title='bbox 2544 2253 2736 2313; x_wconf 81' lang='grc' dir='ltr'>αὐτοὺς</span> <span class='ocrx_word' id='word_1_308' title='bbox 2758 2253 2883 2315; x_wconf 86' lang='grc' dir='ltr'>τοὺς</span> <span class='ocrx_word' id='word_1_309' title='bbox 2910 2252 3237 2321; x_wconf 79' lang='grc' dir='ltr'>γεωπόνους,</span> <span class='ocrx_word' id='word_1_310' title='bbox 3276 2251 3371 2323; x_wconf 80' lang='grc' dir='ltr'><strong><em>τὴν</em></strong></span> <span class='ocrx_word' id='word_1_311' title='bbox 3411 2250 3594 2323; x_wconf 81' lang='grc' dir='ltr'>χώραν</span> <span class='ocrx_word' id='word_1_312' title='bbox 3646 2255 3864 2324; x_wconf 73' lang='grc' dir='ltr'>ἐργαζο-</span> 
     </span>
    </p>
   </div>
   <div class='ocr_carea' id='block_1_42' title="bbox 658 2341 2217 2431">
    <p class='ocr_par' dir='ltr' id='par_1_42' title="bbox 658 2359 2217 2431">
     <span class='ocr_line' id='line_1_42' title="bbox 658 2359 2217 2431; baseline 0.001 -20"><span class='ocrx_word' id='word_1_313' title='bbox 658 2369 796 2413; x_wconf 89' lang='lat' dir='ltr'><strong><em>reut.</em></strong></span> <span class='ocrx_word' id='word_1_314' title='bbox 834 2359 897 2413; x_wconf 78' lang='lat' dir='ltr'><strong><em>At</em></strong></span> <span class='ocrx_word' id='word_1_315' title='bbox 920 2370 1044 2431; x_wconf 89' lang='lat' dir='ltr'><strong><em>post</em></strong></span> <span class='ocrx_word' id='word_1_316' title='bbox 1090 2361 1335 2417; x_wconf 88' lang='lat' dir='ltr'><strong><em>divinum</em></strong></span> <span class='ocrx_word' id='word_1_317' title='bbox 1371 2361 1669 2419; x_wconf 85' lang='lat' dir='ltr'><strong><em>Salvatoris</em></strong></span> <span class='ocrx_word' id='word_1_318' title='bbox 1698 2360 2010 2425; x_wconf 79' lang='lat' dir='ltr'><strong><em>adventum,</em></strong></span> <span class='ocrx_word' id='word_1_319' title='bbox 2053 2378 2217 2416; x_wconf 88' lang='lat' dir='ltr'><strong><em>unum</em></strong></span> 
     </span>
    </p>
   </div>
   <div class='ocr_carea' id='block_1_43' title="bbox 2318 2341 3865 2431">
    <p class='ocr_par' dir='ltr' id='par_1_43' title="bbox 2323 2341 3865 2415">
     <span class='ocr_line' id='line_1_43' title="bbox 2323 2341 3865 2415; baseline 0.002 -21"><span class='ocrx_word' id='word_1_320' title='bbox 2323 2341 2534 2410; x_wconf 79' lang='grc' dir='ltr'><strong><em>μένους,</em></strong></span> <span class='ocrx_word' id='word_1_321' title='bbox 2566 2342 2803 2412; x_wconf 86' lang='grc' dir='ltr'>δοράτων</span> <span class='ocrx_word' id='word_1_322' title='bbox 2832 2342 2926 2395; x_wconf 71' lang='grc' dir='ltr'><strong><em>καὶ</em></strong></span> <span class='ocrx_word' id='word_1_323' title='bbox 2951 2341 3119 2412; x_wconf 79' lang='grc' dir='ltr'>ξιφῶν</span> <span class='ocrx_word' id='word_1_324' title='bbox 3155 2344 3249 2397; x_wconf 69' lang='grc' dir='ltr'><strong><em>καὶ</em></strong></span> <span class='ocrx_word' id='word_1_325' title='bbox 3272 2344 3536 2398; x_wconf 82' lang='grc' dir='ltr'>παντοίων</span> <span class='ocrx_word' id='word_1_326' title='bbox 3567 2344 3865 2415; x_wconf 74' lang='grc' dir='ltr'><strong><em>πολεμικῶν</em></strong></span> 
     </span>
    </p>
   </div>
   <div class='ocr_carea' id='block_1_44' title="bbox 659 2448 2223 2523">
    <p class='ocr_par' dir='ltr' id='par_1_44' title="bbox 659 2448 2223 2523">
     <span class='ocr_line' id='line_1_44' title="bbox 659 2448 2223 2523; baseline 0.003 -19"><span class='ocrx_word' id='word_1_327' title='bbox 659 2448 961 2506; x_wconf 81' lang='lat' dir='ltr'><strong><em>Romanum</em></strong></span> <span class='ocrx_word' id='word_1_328' title='bbox 992 2453 1276 2522; x_wconf 88' lang='lat' dir='ltr'><strong><em>imperium</em></strong></span> <span class='ocrx_word' id='word_1_329' title='bbox 1308 2453 1570 2522; x_wconf 88' lang='lat' dir='ltr'><strong><em>plurimas</em></strong></span> <span class='ocrx_word' id='word_1_330' title='bbox 1597 2459 1785 2523; x_wconf 81' lang='lat' dir='ltr'><strong><em>gentes</em></strong></span> <span class='ocrx_word' id='word_1_331' title='bbox 1814 2468 2082 2523; x_wconf 90' lang='lat' dir='ltr'><strong><em>occupare</em></strong></span> <span class='ocrx_word' id='word_1_332' title='bbox 2114 2469 2223 2508; x_wconf 75' lang='lat' dir='ltr'><strong><em>cu:-</em></strong></span> 
     </span>
    </p>
   </div>
   <div class='ocr_carea' id='block_1_45' title="bbox 652 2542 2217 2615">
    <p class='ocr_par' dir='ltr' id='par_1_45' title="bbox 652 2542 2217 2615">
     <span class='ocr_line' id='line_1_45' title="bbox 652 2542 2217 2615; baseline 0.003 -20"><span class='ocrx_word' id='word_1_333' title='bbox 652 2542 738 2612; x_wconf 79' lang='lat' dir='ltr'><strong><em>pit</em></strong></span> <span class='ocrx_word' id='word_1_334' title='bbox 767 2558 781 2594; x_wconf 90' lang='lat'><strong>:</strong></span> <span class='ocrx_word' id='word_1_335' title='bbox 815 2542 1272 2613; x_wconf 86' lang='lat' dir='ltr'><strong><em>Evangeliumque</em></strong></span> <span class='ocrx_word' id='word_1_336' title='bbox 1323 2543 1583 2607; x_wconf 85' lang='lat' dir='ltr'><strong><em>salutare,</em></strong></span> <span class='ocrx_word' id='word_1_337' title='bbox 1616 2544 1759 2614; x_wconf 91' lang='lat' dir='ltr'><strong><em>quod</em></strong></span> <span class='ocrx_word' id='word_1_338' title='bbox 1796 2560 1901 2598; x_wconf 91' lang='lat' dir='ltr'><strong><em>uno</em></strong></span> <span class='ocrx_word' id='word_1_339' title='bbox 1919 2544 2217 2615; x_wconf 64' lang='lat' dir='ltr'><strong><em>eodemque</em></strong></span> 
     </span>
    </p>
   </div>
   <div class='ocr_carea' id='block_1_46' title="bbox 661 2635 2212 2705">
    <p class='ocr_par' dir='ltr' id='par_1_46' title="bbox 661 2635 2212 2705">
     <span class='ocr_line' id='line_1_46' title="bbox 661 2635 2212 2705; baseline 0.005 -22"><span class='ocrx_word' id='word_1_340' title='bbox 661 2640 908 2701; x_wconf 89' lang='lat' dir='ltr'><strong><em>tempore</em></strong></span> <span class='ocrx_word' id='word_1_341' title='bbox 961 2642 1208 2688; x_wconf 78' lang='lat' dir='ltr'><strong><em>exortum</em></strong></span> <span class='ocrx_word' id='word_1_342' title='bbox 1262 2635 1447 2698; x_wconf 87' lang='lat' dir='ltr'><strong><em>est,in</em></strong></span> <span class='ocrx_word' id='word_1_343' title='bbox 1477 2649 1665 2689; x_wconf 90' lang='lat' dir='ltr'><strong><em>omnes</em></strong></span> <span class='ocrx_word' id='word_1_344' title='bbox 1721 2642 1909 2705; x_wconf 83' lang='lat' dir='ltr'><strong><em>gentes</em></strong></span> <span class='ocrx_word' id='word_1_345' title='bbox 1964 2637 2212 2704; x_wconf 79' lang='lat' dir='ltr'><strong><em>pervasit.</em></strong></span> 
     </span>
    </p>
   </div>
   <div class='ocr_carea' id='block_1_47' title="bbox 662 2720 2218 2796">
    <p class='ocr_par' dir='ltr' id='par_1_47' title="bbox 662 2720 2218 2796">
     <span class='ocr_line' id='line_1_47' title="bbox 662 2720 2218 2796; baseline 0.004 -21"><span class='ocrx_word' id='word_1_346' title='bbox 662 2720 923 2793; x_wconf 87' lang='lat' dir='ltr'><strong><em>Tuncque</em></strong></span> <span class='ocrx_word' id='word_1_347' title='bbox 943 2723 1267 2794; x_wconf 86' lang='lat' dir='ltr'><strong><em>implebatur</em></strong></span> <span class='ocrx_word' id='word_1_348' title='bbox 1284 2726 1386 2779; x_wconf 89' lang='lat' dir='ltr'><strong><em>alia</em></strong></span> <span class='ocrx_word' id='word_1_349' title='bbox 1422 2726 1721 2796; x_wconf 82' lang='lat' dir='ltr'><strong><em>prophetia,</em></strong></span> <span class='ocrx_word' id='word_1_350' title='bbox 1755 2725 1905 2781; x_wconf 80' lang='lat' dir='ltr'><strong><em>Isaiae</em></strong></span> <span class='ocrx_word' id='word_1_351' title='bbox 1943 2742 2073 2783; x_wconf 89' lang='lat' dir='ltr'><strong><em>voce</em></strong></span> <span class='ocrx_word' id='word_1_352' title='bbox 2095 2744 2218 2796; x_wconf 86' lang='lat' dir='ltr'><strong><em>pro-</em></strong></span> 
     </span>
    </p>
   </div>
   <div class='ocr_carea' id='block_1_48' title="bbox 648 2809 2220 2887">
    <p class='ocr_par' dir='ltr' id='par_1_48' title="bbox 648 2809 2220 2887">
     <span class='ocr_line' id='line_1_48' title="bbox 648 2809 2220 2887; baseline 0.004 -24"><span class='ocrx_word' id='word_1_353' title='bbox 648 2809 792 2875; x_wconf 77' lang='lat' dir='ltr'><strong><em>lata,</em></strong></span> <span class='ocrx_word' id='word_1_354' title='bbox 830 2812 915 2868; x_wconf 84' lang='lat' dir='ltr'><strong><em>his</em></strong></span> <span class='ocrx_word' id='word_1_355' title='bbox 951 2813 1167 2869; x_wconf 80' lang='lat' dir='ltr'><strong><em>verbis:</em></strong></span> <span class='ocrx_word' id='word_1_356' title='bbox 1206 2813 1273 2867; x_wconf 87' lang='lat' dir='ltr'><strong><em>Et</em></strong></span> <span class='ocrx_word' id='word_1_357' title='bbox 1304 2815 1603 2884; x_wconf 81' lang='lat' dir='ltr'><strong><em>conﬂabunt</em></strong></span> <span class='ocrx_word' id='word_1_358' title='bbox 1634 2816 1837 2885; x_wconf 83' lang='lat' dir='ltr'><strong><em>gladios</em></strong></span> <span class='ocrx_word' id='word_1_359' title='bbox 1863 2833 1983 2870; x_wconf 87' lang='lat' dir='ltr'><strong><em>suos</em></strong></span> <span class='ocrx_word' id='word_1_360' title='bbox 2004 2817 2071 2887; x_wconf 88' lang='lat' dir='ltr'><strong><em>_in</em></strong></span> <span class='ocrx_word' id='word_1_361' title='bbox 2096 2834 2220 2869; x_wconf 88' lang='lat' dir='ltr'><strong><em>ara-</em></strong></span> 
     </span>
    </p>
   </div>
   <div class='ocr_carea' id='block_1_49' title="bbox 666 2903 2219 2978">
    <p class='ocr_par' dir='ltr' id='par_1_49' title="bbox 666 2903 2219 2978">
     <span class='ocr_line' id='line_1_49' title="bbox 666 2903 2219 2978; baseline 0.005 -25"><span class='ocrx_word' id='word_1_362' title='bbox 666 2910 769 2966; x_wconf 89' lang='lat' dir='ltr'><strong><em>tra,</em></strong></span> <span class='ocrx_word' id='word_1_363' title='bbox 800 2912 849 2956; x_wconf 88' lang='lat' dir='ltr'><strong><em>et</em></strong></span> <span class='ocrx_word' id='word_1_364' title='bbox 878 2903 1085 2959; x_wconf 83' lang='lat' dir='ltr'><strong><em>lanceas</em></strong></span> <span class='ocrx_word' id='word_1_365' title='bbox 1131 2922 1255 2960; x_wconf 85' lang='lat' dir='ltr'><strong><em>suas</em></strong></span> <span class='ocrx_word' id='word_1_366' title='bbox 1286 2908 1339 2959; x_wconf 92' lang='lat' dir='ltr'><strong><em>in</em></strong></span> <span class='ocrx_word' id='word_1_367' title='bbox 1364 2907 1546 2976; x_wconf 76' lang='lat' dir='ltr'><strong><em>falces.</em></strong></span> <span class='ocrx_word' id='word_1_368' title='bbox 1591 2905 1657 2959; x_wconf 88' lang='lat' dir='ltr'><strong><em>Et</em></strong></span> <span class='ocrx_word' id='word_1_369' title='bbox 1711 2923 1815 2961; x_wconf 88' lang='lat' dir='ltr'><strong><em>non</em></strong></span> <span class='ocrx_word' id='word_1_370' title='bbox 1856 2909 2069 2977; x_wconf 85' lang='lat' dir='ltr'><strong><em>accipiet</em></strong></span> <span class='ocrx_word' id='word_1_371' title='bbox 2096 2924 2219 2978; x_wconf 88' lang='lat' dir='ltr'><strong><em>gens</em></strong></span> 
     </span>
    </p>
   </div>
   <div class='ocr_carea' id='block_1_50' title="bbox 661 2997 2218 3067">
    <p class='ocr_par' dir='ltr' id='par_1_50' title="bbox 661 2997 2218 3067">
     <span class='ocr_line' id='line_1_50' title="bbox 661 2997 2218 3067; baseline 0.003 -20"><span class='ocrx_word' id='word_1_372' title='bbox 661 3005 843 3048; x_wconf 66' lang='lat' dir='ltr'><strong><em>contra</em></strong></span> <span class='ocrx_word' id='word_1_373' title='bbox 870 3005 1069 3065; x_wconf 87' lang='lat' dir='ltr'><strong><em>gentem</em></strong></span> <span class='ocrx_word' id='word_1_374' title='bbox 1118 2997 1371 3067; x_wconf 80' lang='lat' dir='ltr'><strong><em>gladium,</em></strong></span> <span class='ocrx_word' id='word_1_375' title='bbox 1433 3013 1522 3051; x_wconf 88' lang='lat' dir='ltr'><strong><em>nec</em></strong></span> <span class='ocrx_word' id='word_1_376' title='bbox 1564 2998 1936 3053; x_wconf 73' lang='lat' dir='ltr'><strong><em>exercebantur</em></strong></span> <span class='ocrx_word' id='word_1_377' title='bbox 1958 3000 2102 3054; x_wconf 87' lang='lat' dir='ltr'><strong><em>ultra</em></strong></span> <span class='ocrx_word' id='word_1_378' title='bbox 2149 3000 2218 3052; x_wconf 83' lang='lat' dir='ltr'><strong><em>ad</em></strong></span> 
     </span>
    </p>
   </div>
   <div class='ocr_carea' id='block_1_51' title="bbox 657 3086 2215 3159">
    <p class='ocr_par' dir='ltr' id='par_1_51' title="bbox 657 3086 2215 3159">
     <span class='ocr_line' id='line_1_51' title="bbox 657 3086 2215 3159; baseline 0.004 -18"><span class='ocrx_word' id='word_1_379' title='bbox 657 3087 897 3159; x_wconf 67' lang='lat' dir='ltr'><strong><em>praetium</em></strong></span> <span class='ocrx_word' id='word_1_380' title='bbox 916 3088 956 3142; x_wconf 80' lang='lat'><strong><em>‘.</em></strong></span> <span class='ocrx_word' id='word_1_381' title='bbox 983 3086 1107 3142; x_wconf 71' lang='lat' dir='ltr'><strong><em>llaec</em></strong></span> <span class='ocrx_word' id='word_1_382' title='bbox 1136 3088 1301 3157; x_wconf 81' lang='lat' dir='ltr'><strong><em>igitur</em></strong></span> <span class='ocrx_word' id='word_1_383' title='bbox 1313 3090 1564 3159; x_wconf 75' lang='lat' dir='ltr'><strong><em>praesenti</em></strong></span> <span class='ocrx_word' id='word_1_384' title='bbox 1582 3106 1833 3145; x_wconf 87' lang='lat' dir='ltr'><strong><em>sermone</em></strong></span> <span class='ocrx_word' id='word_1_385' title='bbox 1849 3090 2215 3158; x_wconf 84' lang='lat' dir='ltr'><strong><em>declarantur,</em></strong></span> 
     </span>
    </p>
   </div>
   <div class='ocr_carea' id='block_1_52' title="bbox 658 3178 2217 3254">
    <p class='ocr_par' dir='ltr' id='par_1_52' title="bbox 658 3178 2217 3254">
     <span class='ocr_line' id='line_1_52' title="bbox 658 3178 2217 3254; baseline 0.004 -22"><span class='ocrx_word' id='word_1_386' title='bbox 658 3187 822 3248; x_wconf 73' lang='lat' dir='ltr'><strong><em>atque</em></strong></span> <span class='ocrx_word' id='word_1_387' title='bbox 851 3178 1007 3234; x_wconf 82' lang='lat' dir='ltr'><strong><em>linem</em></strong></span> <span class='ocrx_word' id='word_1_388' title='bbox 1039 3181 1228 3235; x_wconf 89' lang='lat' dir='ltr'><strong><em>sortita</em></strong></span> <span class='ocrx_word' id='word_1_389' title='bbox 1282 3189 1428 3246; x_wconf 90' lang='lat' dir='ltr'><strong><em>sunt,</em></strong></span> <span class='ocrx_word' id='word_1_390' title='bbox 1457 3181 1524 3236; x_wconf 88' lang='lat' dir='ltr'><strong><em>ad</em></strong></span> <span class='ocrx_word' id='word_1_391' title='bbox 1558 3182 1789 3237; x_wconf 85' lang='lat' dir='ltr'><strong><em>litteram</em></strong></span> <span class='ocrx_word' id='word_1_392' title='bbox 1823 3182 2041 3254; x_wconf 89' lang='lat' dir='ltr'><strong><em>quidem</em></strong></span> <span class='ocrx_word' id='word_1_393' title='bbox 2067 3194 2123 3239; x_wconf 92' lang='lat' dir='ltr'><strong><em>ut</em></strong></span> <span class='ocrx_word' id='word_1_394' title='bbox 2159 3186 2217 3240; x_wconf 89' lang='lat' dir='ltr'><strong><em>in</em></strong></span> 
     </span>
    </p>
   </div>
   <div class='ocr_carea' id='block_1_53' title="bbox 2319 2433 3867 2507">
    <p class='ocr_par' dir='ltr' id='par_1_53' title="bbox 2319 2433 3867 2507">
     <span class='ocr_line' id='line_1_53' title="bbox 2319 2433 3867 2507; baseline 0.001 -20"><span class='ocrx_word' id='word_1_395' title='bbox 2319 2435 2495 2487; x_wconf 85' lang='grc' dir='ltr'>ὃπλων</span> <span class='ocrx_word' id='word_1_396' title='bbox 2527 2433 2917 2505; x_wconf 77' lang='grc' dir='ltr'>ἐπιμελεῖσθαι.</span> <span class='ocrx_word' id='word_1_397' title='bbox 2956 2434 3108 2488; x_wconf 83' lang='grc' dir='ltr'><strong><em>Μετὰ</em></strong></span> <span class='ocrx_word' id='word_1_398' title='bbox 3134 2436 3191 2487; x_wconf 84' lang='grc' dir='ltr'>δὲ</span> <span class='ocrx_word' id='word_1_399' title='bbox 3233 2435 3331 2505; x_wconf 84' lang='grc' dir='ltr'>τὴν</span> <span class='ocrx_word' id='word_1_400' title='bbox 3380 2436 3643 2507; x_wconf 83' lang='grc' dir='ltr'>σωτήριον</span> <span class='ocrx_word' id='word_1_401' title='bbox 3682 2436 3867 2503; x_wconf 66' lang='grc' dir='ltr'>θεοφό-</span> 
     </span>
    </p>
   </div>
   <div class='ocr_carea' id='block_1_54' title="bbox 2316 2525 3867 2598">
    <p class='ocr_par' dir='ltr' id='par_1_54' title="bbox 2316 2525 3867 2598">
     <span class='ocr_line' id='line_1_54' title="bbox 2316 2525 3867 2598; baseline 0.001 -21"><span class='ocrx_word' id='word_1_402' title='bbox 2316 2541 2463 2577; x_wconf 85' lang='grc' dir='ltr'>νειαν</span> <span class='ocrx_word' id='word_1_403' title='bbox 2498 2525 2761 2596; x_wconf 87' lang='grc' dir='ltr'>μόναρχος</span> <span class='ocrx_word' id='word_1_404' title='bbox 2784 2526 2880 2595; x_wconf 87' lang='grc' dir='ltr'><strong><em>μὲν</em></strong></span> <span class='ocrx_word' id='word_1_405' title='bbox 2913 2527 2945 2597; x_wconf 78' lang='grc' dir='ltr'><strong>ἡ</strong></span> <span class='ocrx_word' id='word_1_406' title='bbox 2982 2525 3263 2597; x_wconf 86' lang='grc' dir='ltr'>Ῥωμαίων</span> <span class='ocrx_word' id='word_1_407' title='bbox 3292 2525 3536 2596; x_wconf 74' lang='grc' dir='ltr'>βασιλεία</span> <span class='ocrx_word' id='word_1_408' title='bbox 3561 2527 3867 2598; x_wconf 76' lang='grc' dir='ltr'>ἐπικρατεῖν</span> 
     </span>
    </p>
   </div>
   <div class='ocr_carea' id='block_1_55' title="bbox 2319 2617 3869 2691">
    <p class='ocr_par' dir='ltr' id='par_1_55' title="bbox 2319 2617 3869 2691">
     <span class='ocr_line' id='line_1_55' title="bbox 2319 2617 3869 2691; baseline 0.003 -22"><span class='ocrx_word' id='word_1_409' title='bbox 2319 2618 2582 2671; x_wconf 84' lang='grc' dir='ltr'>πλείστων</span> <span class='ocrx_word' id='word_1_410' title='bbox 2619 2617 2786 2671; x_wconf 75' lang='grc' dir='ltr'>ἐθνῶν</span> <span class='ocrx_word' id='word_1_411' title='bbox 2824 2618 3051 2689; x_wconf 77' lang='grc' dir='ltr'>ἤρξατο·</span> <span class='ocrx_word' id='word_1_412' title='bbox 3097 2618 3336 2690; x_wconf 83' lang='grc' dir='ltr'><strong><em>διέτρεχε</em></strong></span> <span class='ocrx_word' id='word_1_413' title='bbox 3380 2618 3437 2671; x_wconf 80' lang='grc' dir='ltr'>δὲ</span> <span class='ocrx_word' id='word_1_414' title='bbox 3477 2618 3869 2691; x_wconf 84' lang='grc' dir='ltr'>συναρξάμενον</span> 
     </span>
    </p>
   </div>
   <div class='ocr_carea' id='block_1_56' title="bbox 2317 2709 3867 2781">
    <p class='ocr_par' dir='ltr' id='par_1_56' title="bbox 2317 2709 3867 2781">
     <span class='ocr_line' id='line_1_56' title="bbox 2317 2709 3867 2781; baseline 0.002 -20"><span class='ocrx_word' id='word_1_415' title='bbox 2317 2709 2451 2778; x_wconf 75' lang='grc' dir='ltr'>αὐτῇ</span> <span class='ocrx_word' id='word_1_416' title='bbox 2498 2711 2556 2763; x_wconf 86' lang='grc' dir='ltr'>τὺ</span> <span class='ocrx_word' id='word_1_417' title='bbox 2590 2711 2851 2781; x_wconf 86' lang='grc' dir='ltr'>σωτήριον</span> <span class='ocrx_word' id='word_1_418' title='bbox 2884 2710 3211 2780; x_wconf 78' lang='grc' dir='ltr'>Εὐαγγέλιον</span> <span class='ocrx_word' id='word_1_419' title='bbox 3250 2713 3330 2774; x_wconf 74' lang='grc' dir='ltr'><strong><em>εἰς</em></strong></span> <span class='ocrx_word' id='word_1_420' title='bbox 3379 2711 3555 2773; x_wconf 81' lang='grc' dir='ltr'>πάντα</span> <span class='ocrx_word' id='word_1_421' title='bbox 3603 2712 3673 2766; x_wconf 83' lang='grc' dir='ltr'>τὰ</span> <span class='ocrx_word' id='word_1_422' title='bbox 3725 2711 3867 2780; x_wconf 74' lang='grc' dir='ltr'>ἔθνη.</span> 
     </span>
    </p>
   </div>
   <div class='ocr_carea' id='block_1_57' title="bbox 2331 2798 3868 2875">
    <p class='ocr_par' dir='ltr' id='par_1_57' title="bbox 2331 2798 3868 2875">
     <span class='ocr_line' id='line_1_57' title="bbox 2331 2798 3868 2875; baseline 0.002 -20"><span class='ocrx_word' id='word_1_423' title='bbox 2331 2802 2662 2873; x_wconf 80' lang='grc' dir='ltr'>Ἐπληροῦτο</span> <span class='ocrx_word' id='word_1_424' title='bbox 2694 2802 2749 2855; x_wconf 82' lang='grc' dir='ltr'>δὲ</span> <span class='ocrx_word' id='word_1_425' title='bbox 2778 2803 2869 2855; x_wconf 71' lang='grc' dir='ltr'>καὶ</span> <span class='ocrx_word' id='word_1_426' title='bbox 2894 2802 3027 2873; x_wconf 78' lang='grc' dir='ltr'>άλλη</span> <span class='ocrx_word' id='word_1_427' title='bbox 3062 2802 3384 2874; x_wconf 83' lang='grc' dir='ltr'>προφητεία,</span> <span class='ocrx_word' id='word_1_428' title='bbox 3418 2798 3520 2858; x_wconf 81' lang='grc' dir='ltr'>ὧδέ</span> <span class='ocrx_word' id='word_1_429' title='bbox 3556 2821 3631 2875; x_wconf 88' lang='grc' dir='ltr'><strong><em>πη</em></strong></span> <span class='ocrx_word' id='word_1_430' title='bbox 3660 2805 3868 2873; x_wconf 69' lang='grc' dir='ltr'>ἀναφω-</span> 
     </span>
    </p>
   </div>
   <div class='ocr_carea' id='block_1_58' title="bbox 2320 2892 3871 2965">
    <p class='ocr_par' dir='ltr' id='par_1_58' title="bbox 2320 2892 3871 2965">
     <span class='ocr_line' id='line_1_58' title="bbox 2320 2892 3871 2965; baseline 0.001 -18"><span class='ocrx_word' id='word_1_431' title='bbox 2320 2892 2481 2947; x_wconf 82' lang='grc' dir='ltr'><strong><em>νοῦσα</em></strong></span> <span class='ocrx_word' id='word_1_432' title='bbox 2512 2892 2601 2946; x_wconf 86' lang='grc' dir='ltr'><strong><em>διά</em></strong></span> <span class='ocrx_word' id='word_1_433' title='bbox 2632 2893 2849 2947; x_wconf 85' lang='grc' dir='ltr'><strong><em>Ἡσαῖου</em></strong></span> <span class='ocrx_word' id='word_1_434' title='bbox 2870 2910 2882 2924; x_wconf 85' lang='grc'><em>’</em></span> <span class='ocrx_word' id='word_1_435' title='bbox 2906 2893 3015 2965; x_wconf 79' lang='grc' dir='ltr'><strong><em>Καὶ</em></strong></span> <span class='ocrx_word' id='word_1_436' title='bbox 3047 2895 3427 2963; x_wconf 74' lang='grc' dir='ltr'>συγκόψουσι</span> <span class='ocrx_word' id='word_1_437' title='bbox 3452 2894 3561 2961; x_wconf 80' lang='grc' dir='ltr'>τὰς</span> <span class='ocrx_word' id='word_1_438' title='bbox 3581 2896 3871 2965; x_wconf 74' lang='grc' dir='ltr'>μαχαίρας</span> 
     </span>
    </p>
   </div>
   <div class='ocr_carea' id='block_1_59' title="bbox 2323 2983 3871 3055">
    <p class='ocr_par' dir='ltr' id='par_1_59' title="bbox 2323 2983 3871 3055">
     <span class='ocr_line' id='line_1_59' title="bbox 2323 2983 3871 3055; baseline 0.001 -16"><span class='ocrx_word' id='word_1_439' title='bbox 2323 2985 2523 3040; x_wconf 81' lang='grc' dir='ltr'>αὐτῶν</span> <span class='ocrx_word' id='word_1_440' title='bbox 2544 2988 2630 3052; x_wconf 82' lang='grc' dir='ltr'><strong><em>εἰς</em></strong></span> <span class='ocrx_word' id='word_1_441' title='bbox 2659 2985 2893 3053; x_wconf 80' lang='grc' dir='ltr'>ἄροτρα,</span> <span class='ocrx_word' id='word_1_442' title='bbox 2923 2984 3147 3051; x_wconf 79' lang='grc' dir='ltr'>καὶτὰς</span> <span class='ocrx_word' id='word_1_443' title='bbox 3168 2983 3398 3052; x_wconf 71' lang='grc' dir='ltr'>ᾄόύνας</span> <span class='ocrx_word' id='word_1_444' title='bbox 3415 2987 3618 3040; x_wconf 81' lang='grc' dir='ltr'>αὐτῶν</span> <span class='ocrx_word' id='word_1_445' title='bbox 3647 2990 3734 3053; x_wconf 80' lang='grc' dir='ltr'><strong><em>είς</em></strong></span> <span class='ocrx_word' id='word_1_446' title='bbox 3756 2986 3871 3055; x_wconf 79' lang='grc' dir='ltr'>δρέ-</span> 
     </span>
    </p>
   </div>
   <div class='ocr_carea' id='block_1_60' title="bbox 2320 3076 3868 3151">
    <p class='ocr_par' dir='ltr' id='par_1_60' title="bbox 2320 3076 3868 3151">
     <span class='ocr_line' id='line_1_60' title="bbox 2320 3076 3868 3151; baseline 0.003 -22"><span class='ocrx_word' id='word_1_447' title='bbox 2320 3091 2495 3132; x_wconf 63' lang='grc' dir='ltr'>πανα</span> <span class='ocrx_word' id='word_1_448' title='bbox 2512 3077 2609 3129; x_wconf 79' lang='grc' dir='ltr'>καὶ</span> <span class='ocrx_word' id='word_1_449' title='bbox 2623 3080 2693 3131; x_wconf 88' lang='grc' dir='ltr'><strong><em>οὐ</em></strong></span> <span class='ocrx_word' id='word_1_450' title='bbox 2708 3076 2792 3146; x_wconf 81' lang='grc' dir='ltr'>μὴ</span> <span class='ocrx_word' id='word_1_451' title='bbox 2812 3077 3066 3145; x_wconf 72' lang='grc' dir='ltr'><em>λήψεται</em></span> <span class='ocrx_word' id='word_1_452' title='bbox 3083 3077 3255 3151; x_wconf 71' lang='grc' dir='ltr'><strong><em>ἔθνος</em></strong></span> <span class='ocrx_word' id='word_1_453' title='bbox 3270 3076 3367 3131; x_wconf 74' lang='grc' dir='ltr'><strong><em>ἐπὶ</em></strong></span> <span class='ocrx_word' id='word_1_454' title='bbox 3386 3078 3558 3143; x_wconf 74' lang='grc' dir='ltr'><strong><em>ἔθνος</em></strong></span> <span class='ocrx_word' id='word_1_455' title='bbox 3561 3077 3868 3147; x_wconf 78' lang='grc' dir='ltr'>μάχαιραν,</span> 
     </span>
    </p>
   </div>
   <div class='ocr_carea' id='block_1_61' title="bbox 2320 3165 3869 3239">
    <p class='ocr_par' dir='ltr' id='par_1_61' title="bbox 2320 3165 3869 3239">
     <span class='ocr_line' id='line_1_61' title="bbox 2320 3165 3869 3239; baseline -0.001 -18"><span class='ocrx_word' id='word_1_456' title='bbox 2320 3167 2419 3223; x_wconf 80' lang='grc' dir='ltr'>καὶ</span> <span class='ocrx_word' id='word_1_457' title='bbox 2445 3170 2515 3222; x_wconf 89' lang='grc' dir='ltr'><strong><em>οὺ</em></strong></span> <span class='ocrx_word' id='word_1_458' title='bbox 2536 3166 2621 3238; x_wconf 79' lang='grc' dir='ltr'><strong><em>μὴ</em></strong></span> <span class='ocrx_word' id='word_1_459' title='bbox 2638 3168 2910 3237; x_wconf 65' lang='grc' dir='ltr'>μάθωσιν</span> <span class='ocrx_word' id='word_1_460' title='bbox 2930 3170 3016 3223; x_wconf 81' lang='grc' dir='ltr'><strong><em>ἔτι</em></strong></span> <span class='ocrx_word' id='word_1_461' title='bbox 3036 3168 3335 3239; x_wconf 81' lang='grc' dir='ltr'><strong><em>πολεμεῖν.</em></strong></span> <span class='ocrx_word' id='word_1_462' title='bbox 3362 3168 3545 3221; x_wconf 80' lang='grc' dir='ltr'>Ταῦτα</span> <span class='ocrx_word' id='word_1_463' title='bbox 3580 3168 3642 3239; x_wconf 83' lang='grc' dir='ltr'>δὴ</span> <span class='ocrx_word' id='word_1_464' title='bbox 3671 3165 3762 3223; x_wconf 83' lang='grc' dir='ltr'><strong><em>οὖν</em></strong></span> <span class='ocrx_word' id='word_1_465' title='bbox 3784 3170 3869 3223; x_wconf 71' lang='grc' dir='ltr'><strong><em>καὶ</em></strong></span> 
     </span>
    </p>
   </div>
   <div class='ocr_carea' id='block_1_62' title="bbox 662 3258 2217 3343">
    <p class='ocr_par' dir='ltr' id='par_1_62' title="bbox 662 3271 2217 3343">
     <span class='ocr_line' id='line_1_62' title="bbox 662 3271 2217 3343; baseline 0.005 -18"><span class='ocrx_word' id='word_1_466' title='bbox 662 3271 890 3325; x_wconf 86' lang='lat' dir='ltr'><strong><em>historia</em></strong></span> <span class='ocrx_word' id='word_1_467' title='bbox 932 3286 1097 3341; x_wconf 90' lang='lat' dir='ltr'><strong><em>supra</em></strong></span> <span class='ocrx_word' id='word_1_468' title='bbox 1150 3282 1489 3341; x_wconf 83' lang='lat' dir='ltr'><strong><em>memorata;</em></strong></span> <span class='ocrx_word' id='word_1_469' title='bbox 1531 3276 1676 3343; x_wconf 86' lang='lat' dir='ltr'><strong><em>quod</em></strong></span> <span class='ocrx_word' id='word_1_470' title='bbox 1717 3276 1782 3330; x_wconf 87' lang='lat' dir='ltr'><strong><em>ad</em></strong></span> <span class='ocrx_word' id='word_1_471' title='bbox 1811 3290 2063 3331; x_wconf 86' lang='lat' dir='ltr'><strong><em>arcanam</em></strong></span> <span class='ocrx_word' id='word_1_472' title='bbox 2090 3293 2217 3333; x_wconf 82' lang='lat' dir='ltr'><strong><em>vero</em></strong></span> 
     </span>
    </p>
   </div>
   <div class='ocr_carea' id='block_1_63' title="bbox 2318 3258 3868 3343">
    <p class='ocr_par' dir='ltr' id='par_1_63' title="bbox 2318 3259 3868 3332">
     <span class='ocr_line' id='line_1_63' title="bbox 2318 3259 3868 3332; baseline 0 -19"><span class='ocrx_word' id='word_1_473' title='bbox 2318 3259 2404 3314; x_wconf 85' lang='grc' dir='ltr'>διὰ</span> <span class='ocrx_word' id='word_1_474' title='bbox 2442 3260 2551 3314; x_wconf 82' lang='grc' dir='ltr'><strong><em>τῶν</em></strong></span> <span class='ocrx_word' id='word_1_475' title='bbox 2614 3260 2895 3330; x_wconf 84' lang='grc' dir='ltr'>παρόντων</span> <span class='ocrx_word' id='word_1_476' title='bbox 2922 3260 3190 3332; x_wconf 82' lang='grc' dir='ltr'>δηλοῦται,</span> <span class='ocrx_word' id='word_1_477' title='bbox 3223 3260 3314 3313; x_wconf 72' lang='grc' dir='ltr'>καὶ</span> <span class='ocrx_word' id='word_1_478' title='bbox 3338 3260 3524 3324; x_wconf 80' lang='grc' dir='ltr'><strong><em>τέλους</em></strong></span> <span class='ocrx_word' id='word_1_479' title='bbox 3578 3260 3832 3331; x_wconf 77' lang='grc' dir='ltr'>ἐτύγχανε</span> <span class='ocrx_word' id='word_1_480' title='bbox 3857 3303 3868 3323; x_wconf 87' lang='grc'><strong><em>,</em></strong></span> 
     </span>
    </p>
   </div>
   <div class='ocr_carea' id='block_1_64' title="bbox 662 3362 2219 3435">
    <p class='ocr_par' dir='ltr' id='par_1_64' title="bbox 662 3362 2219 3435">
     <span class='ocr_line' id='line_1_64' title="bbox 662 3362 2219 3435; baseline 0.003 -18"><span class='ocrx_word' id='word_1_481' title='bbox 662 3368 919 3425; x_wconf 84' lang='lat' dir='ltr'><strong><em>mentem,</em></strong></span> <span class='ocrx_word' id='word_1_482' title='bbox 952 3376 1048 3431; x_wconf 87' lang='lat' dir='ltr'><strong><em>per</em></strong></span> <span class='ocrx_word' id='word_1_483' title='bbox 1077 3362 1450 3435; x_wconf 13' lang='lat' dir='ltr'><strong><em>spiritualium.</em></strong></span> <span class='ocrx_word' id='word_1_484' title='bbox 1493 3376 1545 3419; x_wconf 89' lang='lat' dir='ltr'><strong><em>et</em></strong></span> <span class='ocrx_word' id='word_1_485' title='bbox 1583 3365 1934 3420; x_wconf 87' lang='lat' dir='ltr'><strong><em>invisibilium</em></strong></span> <span class='ocrx_word' id='word_1_486' title='bbox 1968 3367 2219 3423; x_wconf 82' lang='lat' dir='ltr'><strong><em>inimico-</em></strong></span> 
     </span>
    </p>
   </div>
   <div class='ocr_carea' id='block_1_65' title="bbox 663 3452 2220 3531">
    <p class='ocr_par' dir='ltr' id='par_1_65' title="bbox 663 3452 2220 3531">
     <span class='ocr_line' id='line_1_65' title="bbox 663 3452 2220 3531; baseline 0.003 -22"><span class='ocrx_word' id='word_1_487' title='bbox 663 3453 1112 3523; x_wconf 81' lang='lat' dir='ltr'><strong><em>rumperniciem.</em></strong></span> <span class='ocrx_word' id='word_1_488' title='bbox 1150 3452 1374 3509; x_wconf 60' lang='lat' dir='ltr'><strong><em>Lancea</em></strong></span> <span class='ocrx_word' id='word_1_489' title='bbox 1397 3470 1583 3531; x_wconf 77' lang='lat' dir='ltr'><strong><em>porro,</em></strong></span> <span class='ocrx_word' id='word_1_490' title='bbox 1621 3457 1728 3511; x_wconf 90' lang='lat' dir='ltr'><strong><em>tela</em></strong></span> <span class='ocrx_word' id='word_1_491' title='bbox 1761 3464 1814 3511; x_wconf 90' lang='lat' dir='ltr'><strong><em>et</em></strong></span> <span class='ocrx_word' id='word_1_492' title='bbox 1845 3467 1995 3512; x_wconf 87' lang='lat' dir='ltr'><strong><em>scuta</em></strong></span> <span class='ocrx_word' id='word_1_493' title='bbox 2034 3458 2220 3514; x_wconf 87' lang='lat' dir='ltr'><strong><em>adver-</em></strong></span> 
     </span>
    </p>
   </div>
   <div class='ocr_carea' id='block_1_66' title="bbox 663 3543 2219 3612">
    <p class='ocr_par' dir='ltr' id='par_1_66' title="bbox 663 3543 2219 3612">
     <span class='ocr_line' id='line_1_66' title="bbox 663 3543 2219 3612; baseline 0.004 -15"><span class='ocrx_word' id='word_1_494' title='bbox 663 3543 930 3597; x_wconf 87' lang='lat' dir='ltr'><strong><em>sariarum</em></strong></span> <span class='ocrx_word' id='word_1_495' title='bbox 962 3550 1309 3612; x_wconf 88' lang='lat' dir='ltr'><strong><em>potestatum,</em></strong></span> <span class='ocrx_word' id='word_1_496' title='bbox 1334 3558 1456 3599; x_wconf 90' lang='lat' dir='ltr'><strong><em>esse</em></strong></span> <span class='ocrx_word' id='word_1_497' title='bbox 1492 3544 1742 3601; x_wconf 88' lang='lat' dir='ltr'><strong><em>videntur</em></strong></span> <span class='ocrx_word' id='word_1_498' title='bbox 1761 3547 2051 3605; x_wconf 88' lang='lat' dir='ltr'><strong><em>inanimata</em></strong></span> <span class='ocrx_word' id='word_1_499' title='bbox 2074 3550 2219 3604; x_wconf 88' lang='lat' dir='ltr'><strong><em>scul-</em></strong></span> 
     </span>
    </p>
   </div>
   <div class='ocr_carea' id='block_1_67' title="bbox 662 3635 2217 3705">
    <p class='ocr_par' dir='ltr' id='par_1_67' title="bbox 662 3635 2217 3705">
     <span class='ocr_line' id='line_1_67' title="bbox 662 3635 2217 3705; baseline 0.006 -18"><span class='ocrx_word' id='word_1_500' title='bbox 662 3635 813 3705; x_wconf 86' lang='lat' dir='ltr'><strong><em>ptilia</em></strong></span> <span class='ocrx_word' id='word_1_501' title='bbox 862 3640 915 3689; x_wconf 89' lang='lat' dir='ltr'><strong><em>et</em></strong></span> <span class='ocrx_word' id='word_1_502' title='bbox 944 3641 1136 3690; x_wconf 66' lang='lat' dir='ltr'><strong><em>statuae</em></strong></span> <span class='ocrx_word' id='word_1_503' title='bbox 1164 3650 1258 3705; x_wconf 91' lang='lat' dir='ltr'><strong><em>per</em></strong></span> <span class='ocrx_word' id='word_1_504' title='bbox 1295 3636 1670 3705; x_wconf 87' lang='lat' dir='ltr'><strong><em>multiplicium</em></strong></span> <span class='ocrx_word' id='word_1_505' title='bbox 1701 3639 1940 3702; x_wconf 66' lang='lat' dir='ltr'><strong><em>,deorutn</em></strong></span> <span class='ocrx_word' id='word_1_506' title='bbox 1979 3655 2217 3696; x_wconf 87' lang='lat' dir='ltr'><strong><em>errorem</em></strong></span> 
     </span>
    </p>
   </div>
   <div class='ocr_carea' id='block_1_68' title="bbox 662 3718 2215 3794">
    <p class='ocr_par' dir='ltr' id='par_1_68' title="bbox 662 3718 2215 3794">
     <span class='ocr_line' id='line_1_68' title="bbox 662 3718 2215 3794; baseline 0.006 -24"><span class='ocrx_word' id='word_1_507' title='bbox 662 3719 918 3785; x_wconf 72' lang='lat' dir='ltr'><strong><em>invectae;</em></strong></span> <span class='ocrx_word' id='word_1_508' title='bbox 946 3719 1058 3773; x_wconf 88' lang='lat' dir='ltr'><strong><em>sive</em></strong></span> <span class='ocrx_word' id='word_1_509' title='bbox 1090 3720 1252 3772; x_wconf 77' lang='lat' dir='ltr'><strong><em>etiam</em></strong></span> <span class='ocrx_word' id='word_1_510' title='bbox 1283 3718 1426 3773; x_wconf 89' lang='lat' dir='ltr'><strong><em>athei</em></strong></span> <span class='ocrx_word' id='word_1_511' title='bbox 1450 3720 1550 3774; x_wconf 89' lang='lat' dir='ltr'><strong><em>viri</em></strong></span> <span class='ocrx_word' id='word_1_512' title='bbox 1566 3730 1618 3775; x_wconf 91' lang='lat' dir='ltr'><strong><em>et</em></strong></span> <span class='ocrx_word' id='word_1_513' title='bbox 1638 3720 1814 3791; x_wconf 71' lang='lat' dir='ltr'><strong><em>impia:</em></strong></span> <span class='ocrx_word' id='word_1_514' title='bbox 1842 3724 2215 3794; x_wconf 88' lang='lat' dir='ltr'><strong><em>cogitationes,</em></strong></span> 
     </span>
    </p>
   </div>
   <div class='ocr_carea' id='block_1_69' title="bbox 664 3796 2217 3878">
    <p class='ocr_par' dir='ltr' id='par_1_69' title="bbox 664 3796 2217 3878">
     <span class='ocr_line' id='line_1_69' title="bbox 664 3796 2217 3878; baseline 0.005 -19"><span class='ocrx_word' id='word_1_515' title='bbox 664 3806 1116 3863; x_wconf 82' lang='lat' dir='ltr'><strong><em>abinvisibilibus</em></strong></span> <span class='ocrx_word' id='word_1_516' title='bbox 1167 3808 1447 3878; x_wconf 87' lang='lat' dir='ltr'><strong><em>spiritibus</em></strong></span> <span class='ocrx_word' id='word_1_517' title='bbox 1480 3810 1535 3864; x_wconf 92' lang='lat' dir='ltr'><strong><em>in</em></strong></span> <span class='ocrx_word' id='word_1_518' title='bbox 1570 3818 1777 3866; x_wconf 88' lang='lat' dir='ltr'><strong><em>mentes</em></strong></span> <span class='ocrx_word' id='word_1_519' title='bbox 1831 3796 2110 3867; x_wconf 85' lang='lat' dir='ltr'><strong><em>hominum</em></strong></span> <span class='ocrx_word' id='word_1_520' title='bbox 2134 3814 2217 3867; x_wconf 87' lang='lat' dir='ltr'><strong><em>in-</em></strong></span> 
     </span>
    </p>
   </div>
   <div class='ocr_carea' id='block_1_70' title="bbox 666 3899 2219 3972">
    <p class='ocr_par' dir='ltr' id='par_1_70' title="bbox 666 3899 2219 3972">
     <span class='ocr_line' id='line_1_70' title="bbox 666 3899 2219 3972; baseline 0.005 -19"><span class='ocrx_word' id='word_1_521' title='bbox 666 3900 860 3962; x_wconf 67' lang='lat' dir='ltr'><strong><em>ductat,</em></strong></span> <span class='ocrx_word' id='word_1_522' title='bbox 891 3899 1045 3969; x_wconf 81' lang='lat' dir='ltr'><strong><em>queis</em></strong></span> <span class='ocrx_word' id='word_1_523' title='bbox 1070 3900 1399 3968; x_wconf 87' lang='lat' dir='ltr'><strong><em>jaculantur,</em></strong></span> <span class='ocrx_word' id='word_1_524' title='bbox 1427 3910 1481 3956; x_wconf 88' lang='lat' dir='ltr'><strong><em>et</em></strong></span> <span class='ocrx_word' id='word_1_525' title='bbox 1519 3902 1685 3972; x_wconf 89' lang='lat' dir='ltr'><strong><em>ignita</em></strong></span> <span class='ocrx_word' id='word_1_526' title='bbox 1706 3904 1809 3957; x_wconf 89' lang='lat' dir='ltr'><strong><em>tela</em></strong></span> <span class='ocrx_word' id='word_1_527' title='bbox 1848 3911 2037 3958; x_wconf 88' lang='lat' dir='ltr'><strong><em>contra</em></strong></span> <span class='ocrx_word' id='word_1_528' title='bbox 2075 3907 2219 3961; x_wconf 85' lang='lat' dir='ltr'><strong><em>iner—</em></strong></span> 
     </span>
    </p>
   </div>
   <div class='ocr_carea' id='block_1_71' title="bbox 666 3976 2009 4063">
    <p class='ocr_par' dir='ltr' id='par_1_71' title="bbox 666 3976 2009 4063">
     <span class='ocr_line' id='line_1_71' title="bbox 666 3976 2009 4063; baseline 0.004 -20"><span class='ocrx_word' id='word_1_529' title='bbox 666 3988 1021 4045; x_wconf 82' lang='lat' dir='ltr'><strong><em>mesanimas</em></strong></span> <span class='ocrx_word' id='word_1_530' title='bbox 1046 3996 1098 4044; x_wconf 89' lang='lat' dir='ltr'><strong><em>et</em></strong></span> <span class='ocrx_word' id='word_1_531' title='bbox 1128 3988 1233 4045; x_wconf 84' lang='lat' dir='ltr'><strong><em>llde</em></strong></span> <span class='ocrx_word' id='word_1_532' title='bbox 1270 4006 1381 4046; x_wconf 87' lang='lat' dir='ltr'><strong><em>non</em></strong></span> <span class='ocrx_word' id='word_1_533' title='bbox 1411 3976 1647 4048; x_wconf 80' lang='lat' dir='ltr'><strong><em>mutiitas</em></strong></span> <span class='ocrx_word' id='word_1_534' title='bbox 1680 3993 2009 4063; x_wconf 34' lang='lat' dir='ltr'><strong><em>immittunt”</em></strong></span> 
     </span>
    </p>
   </div>
   <div class='ocr_carea' id='block_1_72' title="bbox 733 4256 2218 4331">
    <p class='ocr_par' dir='ltr' id='par_1_72' title="bbox 733 4256 2218 4331">
     <span class='ocr_line' id='line_1_72' title="bbox 733 4256 2218 4331; baseline -0.001 -20"><span class='ocrx_word' id='word_1_535' title='bbox 733 4256 900 4312; x_wconf 73' lang='lat' dir='ltr'><strong><em>Vsus.</em></strong></span> <span class='ocrx_word' id='word_1_536' title='bbox 948 4258 1034 4312; x_wconf 76' lang='lat' dir='ltr'><strong><em>il.</em></strong></span> <span class='ocrx_word' id='word_1_537' title='bbox 1096 4257 1291 4314; x_wconf 81' lang='lat' dir='ltr'><strong><em>Vacate</em></strong></span> <span class='ocrx_word' id='word_1_538' title='bbox 1348 4266 1399 4313; x_wconf 86' lang='lat' dir='ltr'><strong><em>et</em></strong></span> <span class='ocrx_word' id='word_1_539' title='bbox 1463 4256 1625 4312; x_wconf 82' lang='lat' dir='ltr'><strong><em>videte</em></strong></span> <span class='ocrx_word' id='word_1_540' title='bbox 1671 4260 1914 4328; x_wconf 88' lang='lat' dir='ltr'><strong><em>quoniam</em></strong></span> <span class='ocrx_word' id='word_1_541' title='bbox 1958 4275 2049 4331; x_wconf 89' lang='lat' dir='ltr'><strong><em>ego</em></strong></span> <span class='ocrx_word' id='word_1_542' title='bbox 2101 4276 2218 4313; x_wconf 84' lang='lat' dir='ltr'><strong><em>sum</em></strong></span> 
     </span>
    </p>
   </div>
   <div class='ocr_carea' id='block_1_73' title="bbox 665 4349 2213 4420">
    <p class='ocr_par' dir='ltr' id='par_1_73' title="bbox 665 4349 2213 4420">
     <span class='ocr_line' id='line_1_73' title="bbox 665 4349 2213 4420; baseline 0 -16"><span class='ocrx_word' id='word_1_543' title='bbox 665 4349 827 4415; x_wconf 83' lang='lat' dir='ltr'><strong><em>Deus,</em></strong></span> <span class='ocrx_word' id='word_1_544' title='bbox 879 4349 1153 4405; x_wconf 78' lang='lat' dir='ltr'><strong><em>exaltabor</em></strong></span> <span class='ocrx_word' id='word_1_545' title='bbox 1195 4350 1251 4404; x_wconf 88' lang='lat' dir='ltr'><strong><em>in</em></strong></span> <span class='ocrx_word' id='word_1_546' title='bbox 1300 4349 1538 4420; x_wconf 67' lang='lat' dir='ltr'><strong><em>gentibus</em></strong></span> <span class='ocrx_word' id='word_1_547' title='bbox 1590 4353 1795 4403; x_wconf 16' lang='lat' dir='ltr'><strong><em>etexali‘</em></strong></span> <span class='ocrx_word' id='word_1_548' title='bbox 1824 4351 1929 4403; x_wconf 76' lang='lat' dir='ltr'><strong><em>.bor</em></strong></span> <span class='ocrx_word' id='word_1_549' title='bbox 1960 4350 2015 4404; x_wconf 86' lang='lat' dir='ltr'><strong><em>in</em></strong></span> <span class='ocrx_word' id='word_1_550' title='bbox 2053 4358 2213 4404; x_wconf 89' lang='lat' dir='ltr'><strong><em>terra.</em></strong></span> 
     </span>
    </p>
   </div>
   <div class='ocr_carea' id='block_1_74' title="bbox 666 4441 2219 4512">
    <p class='ocr_par' dir='ltr' id='par_1_74' title="bbox 666 4441 2219 4512">
     <span class='ocr_line' id='line_1_74' title="bbox 666 4441 2219 4512; baseline 0 -18"><span class='ocrx_word' id='word_1_551' title='bbox 666 4442 810 4508; x_wconf 74' lang='lat' dir='ltr'><strong><em>Quia,</em></strong></span> <span class='ocrx_word' id='word_1_552' title='bbox 851 4442 989 4509; x_wconf 83' lang='lat' dir='ltr'><strong><em>bella</em></strong></span> <span class='ocrx_word' id='word_1_553' title='bbox 1016 4442 1232 4497; x_wconf 83' lang='lat' dir='ltr'><strong><em>demum</em></strong></span> <span class='ocrx_word' id='word_1_554' title='bbox 1263 4450 1608 4498; x_wconf 82' lang='lat' dir='ltr'><strong><em>cessaverant</em></strong></span> <span class='ocrx_word' id='word_1_555' title='bbox 1638 4451 1691 4496; x_wconf 87' lang='lat' dir='ltr'><strong><em>et</em></strong></span> <span class='ocrx_word' id='word_1_556' title='bbox 1729 4444 2059 4512; x_wconf 84' lang='lat' dir='ltr'><strong><em>perturbatio</em></strong></span> <span class='ocrx_word' id='word_1_557' title='bbox 2088 4441 2219 4497; x_wconf 89' lang='lat' dir='ltr'><strong><em>sub-</em></strong></span> 
     </span>
    </p>
   </div>
   <div class='ocr_carea' id='block_1_75' title="bbox 668 4533 2214 4610">
    <p class='ocr_par' dir='ltr' id='par_1_75' title="bbox 668 4533 2214 4610">
     <span class='ocr_line' id='line_1_75' title="bbox 668 4533 2214 4610; baseline 0.001 -24"><span class='ocrx_word' id='word_1_558' title='bbox 668 4534 776 4587; x_wconf 84' lang='lat' dir='ltr'><strong><em>lata</em></strong></span> <span class='ocrx_word' id='word_1_559' title='bbox 834 4542 971 4601; x_wconf 88' lang='lat' dir='ltr'><strong><em>erat,</em></strong></span> <span class='ocrx_word' id='word_1_560' title='bbox 1025 4550 1234 4610; x_wconf 79' lang='lat' dir='ltr'><strong><em>paxque</em></strong></span> <span class='ocrx_word' id='word_1_561' title='bbox 1275 4534 1547 4605; x_wconf 79' lang='lat' dir='ltr'><strong><em>profunda</em></strong></span> <span class='ocrx_word' id='word_1_562' title='bbox 1594 4534 1663 4588; x_wconf 91' lang='lat' dir='ltr'><strong><em>iis</em></strong></span> <span class='ocrx_word' id='word_1_563' title='bbox 1714 4534 1966 4590; x_wconf 87' lang='lat' dir='ltr'><strong><em>omnibus</em></strong></span> <span class='ocrx_word' id='word_1_564' title='bbox 2001 4534 2096 4603; x_wconf 90' lang='lat' dir='ltr'><strong><em>qui</em></strong></span> <span class='ocrx_word' id='word_1_565' title='bbox 2159 4533 2214 4587; x_wconf 90' lang='lat' dir='ltr'><strong><em>in</em></strong></span> 
     </span>
    </p>
   </div>
   <div class='ocr_carea' id='block_1_76' title="bbox 667 4625 2215 4701">
    <p class='ocr_par' dir='ltr' id='par_1_76' title="bbox 667 4625 2215 4701">
     <span class='ocr_line' id='line_1_76' title="bbox 667 4625 2215 4701; baseline 0.001 -24"><span class='ocrx_word' id='word_1_566' title='bbox 667 4633 813 4679; x_wconf 89' lang='lat' dir='ltr'><strong><em>terra</em></strong></span> <span class='ocrx_word' id='word_1_567' title='bbox 835 4625 1189 4679; x_wconf 80' lang='lat' dir='ltr'><strong><em>versabantur</em></strong></span> <span class='ocrx_word' id='word_1_568' title='bbox 1229 4634 1379 4695; x_wconf 84' lang='lat' dir='ltr'><strong><em>parta</em></strong></span> <span class='ocrx_word' id='word_1_569' title='bbox 1434 4626 1640 4701; x_wconf 79' lang='lat' dir='ltr'><strong><em>fuerat;</em></strong></span> <span class='ocrx_word' id='word_1_570' title='bbox 1670 4625 1792 4695; x_wconf 84' lang='lat' dir='ltr'><strong><em>jure</em></strong></span> <span class='ocrx_word' id='word_1_571' title='bbox 1813 4626 2215 4695; x_wconf 83' lang='lat' dir='ltr'><strong><em>opportunitate</em></strong></span> 
     </span>
    </p>
   </div>
   <div class='ocr_carea' id='block_1_77' title="bbox 669 4714 2215 4787">
    <p class='ocr_par' dir='ltr' id='par_1_77' title="bbox 669 4714 2215 4787">
     <span class='ocr_line' id='line_1_77' title="bbox 669 4714 2215 4787; baseline 0.001 -18"><span class='ocrx_word' id='word_1_572' title='bbox 669 4716 736 4769; x_wconf 89' lang='lat' dir='ltr'><strong><em>ad</em></strong></span> <span class='ocrx_word' id='word_1_573' title='bbox 766 4715 968 4769; x_wconf 90' lang='lat' dir='ltr'><strong><em>bonum</em></strong></span> <span class='ocrx_word' id='word_1_574' title='bbox 998 4714 1097 4779; x_wconf 91' lang='lat' dir='ltr'><strong><em>uti,</em></strong></span> <span class='ocrx_word' id='word_1_575' title='bbox 1120 4727 1279 4785; x_wconf 87' lang='lat' dir='ltr'><strong><em>atque</em></strong></span> <span class='ocrx_word' id='word_1_576' title='bbox 1305 4718 1476 4771; x_wconf 89' lang='lat' dir='ltr'><strong><em>otium</em></strong></span> <span class='ocrx_word' id='word_1_577' title='bbox 1515 4719 1707 4773; x_wconf 70' lang='lat' dir='ltr'><strong><em>animae</em></strong></span> <span class='ocrx_word' id='word_1_578' title='bbox 1739 4718 1976 4773; x_wconf 86' lang='lat' dir='ltr'><strong><em>salutare</em></strong></span> <span class='ocrx_word' id='word_1_579' title='bbox 1997 4715 2215 4787; x_wconf 88' lang='lat' dir='ltr'><strong><em>assequi</em></strong></span> 
     </span>
    </p>
   </div>
   <div class='ocr_carea' id='block_1_78' title="bbox 666 4803 2216 4878">
    <p class='ocr_par' dir='ltr' id='par_1_78' title="bbox 666 4803 2216 4878">
     <span class='ocr_line' id='line_1_78' title="bbox 666 4803 2216 4878; baseline 0 -18"><span class='ocrx_word' id='word_1_580' title='bbox 666 4806 887 4876; x_wconf 78' lang='lat' dir='ltr'><strong><em>expetit.</em></strong></span> <span class='ocrx_word' id='word_1_581' title='bbox 913 4803 1091 4872; x_wconf 85' lang='lat' dir='ltr'><strong><em>Quare</em></strong></span> <span class='ocrx_word' id='word_1_582' title='bbox 1110 4807 1185 4859; x_wconf 88' lang='lat' dir='ltr'><strong><em>ait</em></strong></span> <span class='ocrx_word' id='word_1_583' title='bbox 1205 4826 1216 4860; x_wconf 90' lang='lat'><strong>:</strong></span> <span class='ocrx_word' id='word_1_584' title='bbox 1253 4806 1441 4860; x_wconf 85' lang='lat' dir='ltr'><strong><em>Vacate</em></strong></span> <span class='ocrx_word' id='word_1_585' title='bbox 1454 4816 1501 4860; x_wconf 87' lang='lat' dir='ltr'><strong><em>et</em></strong></span> <span class='ocrx_word' id='word_1_586' title='bbox 1527 4809 1813 4877; x_wconf 83' lang='lat' dir='ltr'><strong><em>cognoscite</em></strong></span> <span class='ocrx_word' id='word_1_587' title='bbox 1836 4824 1855 4862; x_wconf 86' lang='lat'><strong><em>:</em></strong></span> <span class='ocrx_word' id='word_1_588' title='bbox 1882 4807 2216 4878; x_wconf 86' lang='lat' dir='ltr'><strong><em>nequeenim</em></strong></span> 
     </span>
    </p>
   </div>
   <div class='ocr_carea' id='block_1_79' title="bbox 668 4898 2212 4971">
    <p class='ocr_par' dir='ltr' id='par_1_79' title="bbox 668 4898 2212 4971">
     <span class='ocr_line' id='line_1_79' title="bbox 668 4898 2212 4971; baseline 0.001 -19"><span class='ocrx_word' id='word_1_589' title='bbox 668 4899 841 4967; x_wconf 87' lang='lat' dir='ltr'><strong><em>possit</em></strong></span> <span class='ocrx_word' id='word_1_590' title='bbox 872 4898 1140 4971; x_wconf 87' lang='lat' dir='ltr'><strong><em>quispiam</em></strong></span> <span class='ocrx_word' id='word_1_591' title='bbox 1176 4898 1372 4954; x_wconf 84' lang='lat' dir='ltr'><strong><em>divinae</em></strong></span> <span class='ocrx_word' id='word_1_592' title='bbox 1421 4899 1749 4969; x_wconf 83' lang='lat' dir='ltr'><strong><em>cognitionis</em></strong></span> <span class='ocrx_word' id='word_1_593' title='bbox 1769 4900 2039 4970; x_wconf 89' lang='lat' dir='ltr'><strong><em>particeps</em></strong></span> <span class='ocrx_word' id='word_1_594' title='bbox 2071 4914 2212 4963; x_wconf 90' lang='lat' dir='ltr'><strong><em>esse,</em></strong></span> 
     </span>
    </p>
   </div>
   <div class='ocr_carea' id='block_1_80' title="bbox 670 4987 2215 5058">
    <p class='ocr_par' dir='ltr' id='par_1_80' title="bbox 670 4987 2215 5058">
     <span class='ocr_line' id='line_1_80' title="bbox 670 4987 2215 5058; baseline 0.001 -17"><span class='ocrx_word' id='word_1_595' title='bbox 670 4987 775 5041; x_wconf 84' lang='lat' dir='ltr'><strong><em>nisi</em></strong></span> <span class='ocrx_word' id='word_1_596' title='bbox 802 4997 958 5042; x_wconf 85' lang='lat' dir='ltr'><strong><em>vacet</em></strong></span> <span class='ocrx_word' id='word_1_597' title='bbox 981 4990 1050 5043; x_wconf 88' lang='lat' dir='ltr'><strong><em>ab</em></strong></span> <span class='ocrx_word' id='word_1_598' title='bbox 1083 4990 1166 5043; x_wconf 89' lang='lat' dir='ltr'><strong><em>eis</em></strong></span> <span class='ocrx_word' id='word_1_599' title='bbox 1212 5005 1331 5058; x_wconf 59' lang='lat' dir='ltr'><strong><em>qua:</em></strong></span> <span class='ocrx_word' id='word_1_600' title='bbox 1360 4990 1425 5044; x_wconf 89' lang='lat' dir='ltr'><strong><em>ad</em></strong></span> <span class='ocrx_word' id='word_1_601' title='bbox 1474 4989 1749 5044; x_wconf 87' lang='lat' dir='ltr'><strong><em>contraria</em></strong></span> <span class='ocrx_word' id='word_1_602' title='bbox 1800 4989 2039 5043; x_wconf 84' lang='lat' dir='ltr'><strong><em>trahunt.</em></strong></span> <span class='ocrx_word' id='word_1_603' title='bbox 2066 4988 2215 5043; x_wconf 88' lang='lat' dir='ltr'><strong><em>Unde</em></strong></span> 
     </span>
    </p>
   </div>
   <div class='ocr_carea' id='block_1_81' title="bbox 670 5079 2215 5152">
    <p class='ocr_par' dir='ltr' id='par_1_81' title="bbox 670 5079 2215 5152">
     <span class='ocr_line' id='line_1_81' title="bbox 670 5079 2215 5152; baseline 0.002 -22"><span class='ocrx_word' id='word_1_604' title='bbox 670 5079 864 5132; x_wconf 84' lang='lat' dir='ltr'><strong><em>merito</em></strong></span> <span class='ocrx_word' id='word_1_605' title='bbox 918 5094 1013 5134; x_wconf 83' lang='lat' dir='ltr'><strong><em>rex</em></strong></span> <span class='ocrx_word' id='word_1_606' title='bbox 1073 5079 1311 5152; x_wconf 64' lang='lat' dir='ltr'><strong><em>Egypti,</em></strong></span> <span class='ocrx_word' id='word_1_607' title='bbox 1348 5091 1535 5137; x_wconf 84' lang='lat' dir='ltr'><strong><em>contra</em></strong></span> <span class='ocrx_word' id='word_1_608' title='bbox 1589 5082 1757 5137; x_wconf 91' lang='lat' dir='ltr'><strong><em>otium</em></strong></span> <span class='ocrx_word' id='word_1_609' title='bbox 1796 5080 2215 5149; x_wconf 88' lang='lat' dir='ltr'><strong><em>hujusmodica-</em></strong></span> 
     </span>
    </p>
   </div>
   <div class='ocr_carea' id='block_1_82' title="bbox 670 5169 2216 5243">
    <p class='ocr_par' dir='ltr' id='par_1_82' title="bbox 670 5169 2216 5243">
     <span class='ocr_line' id='line_1_82' title="bbox 670 5169 2216 5243; baseline 0.001 -20"><span class='ocrx_word' id='word_1_610' title='bbox 670 5169 889 5223; x_wconf 83' lang='lat' dir='ltr'><strong><em>lumniis</em></strong></span> <span class='ocrx_word' id='word_1_611' title='bbox 918 5182 1347 5242; x_wconf 65' lang='lat' dir='ltr'><strong><em>praeoccupatus,</em></strong></span> <span class='ocrx_word' id='word_1_612' title='bbox 1389 5174 1457 5228; x_wconf 88' lang='lat' dir='ltr'><strong><em>iis</em></strong></span> <span class='ocrx_word' id='word_1_613' title='bbox 1475 5174 1568 5243; x_wconf 90' lang='lat' dir='ltr'><strong><em>qui</em></strong></span> <span class='ocrx_word' id='word_1_614' title='bbox 1594 5172 1876 5227; x_wconf 88' lang='lat' dir='ltr'><strong><em>dicebant:</em></strong></span> <span class='ocrx_word' id='word_1_615' title='bbox 1908 5171 2085 5225; x_wconf 86' lang='lat' dir='ltr'><strong><em>Trium</em></strong></span> <span class='ocrx_word' id='word_1_616' title='bbox 2108 5172 2216 5225; x_wconf 86' lang='lat' dir='ltr'><strong><em>die-</em></strong></span> 
     </span>
    </p>
   </div>
   <div class='ocr_carea' id='block_1_83' title="bbox 672 5261 2215 5332">
    <p class='ocr_par' dir='ltr' id='par_1_83' title="bbox 672 5261 2215 5332">
     <span class='ocr_line' id='line_1_83' title="bbox 672 5261 2215 5332; baseline 0.005 -20"><span class='ocrx_word' id='word_1_617' title='bbox 672 5277 783 5313; x_wconf 86' lang='lat' dir='ltr'><strong><em>rum</em></strong></span> <span class='ocrx_word' id='word_1_618' title='bbox 828 5261 1009 5314; x_wconf 82' lang='lat' dir='ltr'><strong><em>itinere</em></strong></span> <span class='ocrx_word' id='word_1_619' title='bbox 1028 5264 1433 5332; x_wconf 83' lang='lat' dir='ltr'><strong><em>progrediemur,</em></strong></span> <span class='ocrx_word' id='word_1_620' title='bbox 1468 5275 1515 5319; x_wconf 85' lang='lat' dir='ltr'><strong><em>et</em></strong></span> <span class='ocrx_word' id='word_1_621' title='bbox 1546 5267 1823 5319; x_wconf 84' lang='lat' dir='ltr'><strong><em>serviemus</em></strong></span> <span class='ocrx_word' id='word_1_622' title='bbox 1856 5263 2077 5318; x_wconf 89' lang='lat' dir='ltr'><strong><em>Domino</em></strong></span> <span class='ocrx_word' id='word_1_623' title='bbox 2108 5266 2215 5319; x_wconf 87' lang='lat' dir='ltr'><strong><em>Deo</em></strong></span> 
     </span>
    </p>
   </div>
   <div class='ocr_carea' id='block_1_84' title="bbox 672 5352 2213 5424">
    <p class='ocr_par' dir='ltr' id='par_1_84' title="bbox 672 5352 2213 5424">
     <span class='ocr_line' id='line_1_84' title="bbox 672 5352 2213 5424; baseline 0.006 -22"><span class='ocrx_word' id='word_1_624' title='bbox 672 5361 848 5405; x_wconf 85' lang='lat' dir='ltr'><strong><em>nostra</em></strong></span> <span class='ocrx_word' id='word_1_625' title='bbox 865 5354 885 5383; x_wconf 80' lang='lat'>&#39;</span> <span class='ocrx_word' id='word_1_626' title='bbox 912 5369 927 5418; x_wconf 87' lang='lat'><strong>;</strong></span> <span class='ocrx_word' id='word_1_627' title='bbox 962 5352 1045 5407; x_wconf 89' lang='lat' dir='ltr'><strong><em>his</em></strong></span> <span class='ocrx_word' id='word_1_628' title='bbox 1062 5352 1237 5409; x_wconf 83' lang='lat' dir='ltr'><strong><em>verbis</em></strong></span> <span class='ocrx_word' id='word_1_629' title='bbox 1258 5358 1573 5424; x_wconf 87' lang='lat' dir='ltr'><strong><em>respondet:</em></strong></span> <span class='ocrx_word' id='word_1_630' title='bbox 1608 5355 1839 5417; x_wconf 86' lang='lat' dir='ltr'><strong><em>Vacatis,</em></strong></span> <span class='ocrx_word' id='word_1_631' title='bbox 1863 5356 2150 5411; x_wconf 87' lang='lat' dir='ltr'><strong><em>otiosiestis</em></strong></span> <span class='ocrx_word' id='word_1_632' title='bbox 2173 5357 2213 5412; x_wconf 89' lang='grc'><strong><em>³.</em></strong></span> 
     </span>
    </p>
   </div>
   <div class='ocr_carea' id='block_1_85' title="bbox 671 5440 2213 5515">
    <p class='ocr_par' dir='ltr' id='par_1_85' title="bbox 671 5440 2213 5515">
     <span class='ocr_line' id='line_1_85' title="bbox 671 5440 2213 5515; baseline 0.008 -21"><span class='ocrx_word' id='word_1_633' title='bbox 671 5440 873 5498; x_wconf 84' lang='lat' dir='ltr'><strong><em>Deinde</em></strong></span> <span class='ocrx_word' id='word_1_634' title='bbox 920 5459 1046 5498; x_wconf 88' lang='lat' dir='ltr'><strong><em>cum</em></strong></span> <span class='ocrx_word' id='word_1_635' title='bbox 1083 5446 1249 5503; x_wconf 86' lang='lat' dir='ltr'><strong><em>nollet</em></strong></span> <span class='ocrx_word' id='word_1_636' title='bbox 1283 5446 1433 5515; x_wconf 86' lang='lat' dir='ltr'><strong><em>ipsos</em></strong></span> <span class='ocrx_word' id='word_1_637' title='bbox 1462 5447 1571 5503; x_wconf 87' lang='lat' dir='ltr'><strong><em>Deo</em></strong></span> <span class='ocrx_word' id='word_1_638' title='bbox 1618 5462 1832 5511; x_wconf 87' lang='lat' dir='ltr'><strong><em>vacare,</em></strong></span> <span class='ocrx_word' id='word_1_639' title='bbox 1861 5449 1974 5503; x_wconf 91' lang='lat' dir='ltr'><strong><em>luto</em></strong></span> <span class='ocrx_word' id='word_1_640' title='bbox 2003 5458 2056 5505; x_wconf 82' lang='lat' dir='ltr'><strong><em>et</em></strong></span> <span class='ocrx_word' id='word_1_641' title='bbox 2079 5452 2213 5507; x_wconf 88' lang='lat' dir='ltr'><strong><em>late-</em></strong></span> 
     </span>
    </p>
   </div>
   <div class='ocr_carea' id='block_1_86' title="bbox 673 5526 2209 5603">
    <p class='ocr_par' dir='ltr' id='par_1_86' title="bbox 673 5526 2209 5603">
     <span class='ocr_line' id='line_1_86' title="bbox 673 5526 2209 5603; baseline 0.01 -26"><span class='ocrx_word' id='word_1_642' title='bbox 673 5526 794 5579; x_wconf 84' lang='lat' dir='ltr'><strong><em>ritio</em></strong></span> <span class='ocrx_word' id='word_1_643' title='bbox 827 5542 993 5597; x_wconf 82' lang='lat' dir='ltr'><strong><em>opere</em></strong></span> <span class='ocrx_word' id='word_1_644' title='bbox 1038 5528 1225 5584; x_wconf 72' lang='lat' dir='ltr'><strong><em>alﬂixit</em></strong></span> <span class='ocrx_word' id='word_1_645' title='bbox 1268 5533 1383 5584; x_wconf 83' lang='lat' dir='ltr'><strong><em>e&#39;os.</em></strong></span> <span class='ocrx_word' id='word_1_646' title='bbox 1433 5531 1502 5584; x_wconf 84' lang='lat' dir='ltr'><strong><em>At</em></strong></span> <span class='ocrx_word' id='word_1_647' title='bbox 1546 5532 1707 5588; x_wconf 88' lang='lat' dir='ltr'><strong><em>nobis</em></strong></span> <span class='ocrx_word' id='word_1_648' title='bbox 1737 5533 1773 5593; x_wconf 80' lang='lat' dir='ltr'><strong><em>ii</em></strong></span> <span class='ocrx_word' id='word_1_649' title='bbox 1807 5535 1897 5603; x_wconf 85' lang='lat' dir='ltr'><strong><em>qui</em></strong></span> <span class='ocrx_word' id='word_1_650' title='bbox 1933 5535 1985 5589; x_wconf 92' lang='lat' dir='ltr'><strong><em>in</em></strong></span> <span class='ocrx_word' id='word_1_651' title='bbox 2037 5543 2209 5591; x_wconf 87' lang='lat' dir='ltr'><strong><em>totum</em></strong></span> 
     </span>
    </p>
   </div>
   <div class='ocr_carea' id='block_1_87' title="bbox 674 5616 2211 5689">
    <p class='ocr_par' dir='ltr' id='par_1_87' title="bbox 674 5616 2211 5689">
     <span class='ocr_line' id='line_1_87' title="bbox 674 5616 2211 5689; baseline 0.008 -19"><span class='ocrx_word' id='word_1_652' title='bbox 674 5619 859 5671; x_wconf 66' lang='lat' dir='ltr'><strong><em>orbem</em></strong></span> <span class='ocrx_word' id='word_1_653' title='bbox 887 5616 1160 5689; x_wconf 83' lang='lat' dir='ltr'><strong><em>principes</em></strong></span> <span class='ocrx_word' id='word_1_654' title='bbox 1179 5618 1461 5676; x_wconf 90' lang='lat' dir='ltr'><strong><em>constituti</em></strong></span> <span class='ocrx_word' id='word_1_655' title='bbox 1482 5630 1625 5688; x_wconf 85' lang='lat' dir='ltr'><strong><em>sunt,</em></strong></span> <span class='ocrx_word' id='word_1_656' title='bbox 1650 5622 1942 5678; x_wconf 87' lang='lat' dir='ltr'><strong><em>inclamant</em></strong></span> <span class='ocrx_word' id='word_1_657' title='bbox 1973 5634 2030 5680; x_wconf 94' lang='lat' dir='ltr'><strong><em>ut</em></strong></span> <span class='ocrx_word' id='word_1_658' title='bbox 2052 5641 2211 5682; x_wconf 87' lang='lat' dir='ltr'><strong><em>vace-</em></strong></span> 
     </span>
    </p>
   </div>
   <div class='ocr_carea' id='block_1_88' title="bbox 2322 3346 3869 3420">
    <p class='ocr_par' dir='ltr' id='par_1_88' title="bbox 2322 3346 3869 3420">
     <span class='ocr_line' id='line_1_88' title="bbox 2322 3346 3869 3420; baseline 0.009 -25"><span class='ocrx_word' id='word_1_659' title='bbox 2322 3349 2499 3420; x_wconf 78' lang='grc' dir='ltr'>ρητῶς</span> <span class='ocrx_word' id='word_1_660' title='bbox 2541 3348 2637 3419; x_wconf 84' lang='grc' dir='ltr'>μὲν</span> <span class='ocrx_word' id='word_1_661' title='bbox 2695 3348 2835 3401; x_wconf 85' lang='grc' dir='ltr'><strong><em>κατά</em></strong></span> <span class='ocrx_word' id='word_1_662' title='bbox 2861 3348 2958 3419; x_wconf 76' lang='grc' dir='ltr'>τὴν</span> <span class='ocrx_word' id='word_1_663' title='bbox 2985 3348 3331 3413; x_wconf 72' lang='grc' dir='ltr'>ἀποδοθεῖσαν</span> <span class='ocrx_word' id='word_1_664' title='bbox 3384 3346 3638 3418; x_wconf 82' lang='grc' dir='ltr'>ἱστορίαν,</span> <span class='ocrx_word' id='word_1_665' title='bbox 3665 3347 3800 3420; x_wconf 73' lang='grc' dir='ltr'>πρὸς</span> <span class='ocrx_word' id='word_1_666' title='bbox 3818 3348 3869 3401; x_wconf 76' lang='grc' dir='ltr'>δὲ</span> 
     </span>
    </p>
   </div>
   <div class='ocr_carea' id='block_1_89' title="bbox 2317 3440 3869 3514">
    <p class='ocr_par' dir='ltr' id='par_1_89' title="bbox 2317 3440 3869 3514">
     <span class='ocr_line' id='line_1_89' title="bbox 2317 3440 3869 3514; baseline -0.002 -19"><span class='ocrx_word' id='word_1_667' title='bbox 2317 3441 2567 3506; x_wconf 80' lang='grc' dir='ltr'>διάνοιαν,</span> <span class='ocrx_word' id='word_1_668' title='bbox 2586 3442 2724 3495; x_wconf 86' lang='grc' dir='ltr'>κατὰ</span> <span class='ocrx_word' id='word_1_669' title='bbox 2753 3441 2849 3513; x_wconf 81' lang='grc' dir='ltr'><strong><em>τὴν</em></strong></span> <span class='ocrx_word' id='word_1_670' title='bbox 2871 3442 2979 3495; x_wconf 85' lang='grc' dir='ltr'><strong><em>τῶν</em></strong></span> <span class='ocrx_word' id='word_1_671' title='bbox 2996 3442 3200 3514; x_wconf 82' lang='grc' dir='ltr'>νοητῶν</span> <span class='ocrx_word' id='word_1_672' title='bbox 3225 3442 3315 3495; x_wconf 78' lang='grc' dir='ltr'>καὶ</span> <span class='ocrx_word' id='word_1_673' title='bbox 3342 3440 3583 3510; x_wconf 85' lang='grc' dir='ltr'>ἀοράτων</span> <span class='ocrx_word' id='word_1_674' title='bbox 3606 3442 3869 3511; x_wconf 87' lang='grc' dir='ltr'>πολεμίων</span> 
     </span>
    </p>
   </div>
   <div class='ocr_carea' id='block_1_90' title="bbox 2319 3532 3869 3605">
    <p class='ocr_par' dir='ltr' id='par_1_90' title="bbox 2319 3532 3869 3605">
     <span class='ocr_line' id='line_1_90' title="bbox 2319 3532 3869 3605; baseline -0.002 -19"><span class='ocrx_word' id='word_1_675' title='bbox 2319 3532 2647 3605; x_wconf 86' lang='grc' dir='ltr'>καθαίρεσιν.</span> <span class='ocrx_word' id='word_1_676' title='bbox 2689 3534 2897 3605; x_wconf 86' lang='grc' dir='ltr'>Δόρατα</span> <span class='ocrx_word' id='word_1_677' title='bbox 2951 3534 3005 3587; x_wconf 86' lang='grc' dir='ltr'>δὲ</span> <span class='ocrx_word' id='word_1_678' title='bbox 3047 3534 3140 3586; x_wconf 75' lang='grc' dir='ltr'>καὶ</span> <span class='ocrx_word' id='word_1_679' title='bbox 3192 3534 3353 3597; x_wconf 83' lang='grc' dir='ltr'>ὅπλα,</span> <span class='ocrx_word' id='word_1_680' title='bbox 3386 3532 3481 3585; x_wconf 74' lang='grc' dir='ltr'><strong><em>καὶ</em></strong></span> <span class='ocrx_word' id='word_1_681' title='bbox 3515 3532 3738 3604; x_wconf 85' lang='grc' dir='ltr'>θυρεοὺς</span> <span class='ocrx_word' id='word_1_682' title='bbox 3768 3532 3869 3584; x_wconf 82' lang='grc' dir='ltr'><strong><em>τῶν</em></strong></span> 
     </span>
    </p>
   </div>
   <div class='ocr_carea' id='block_1_91' title="bbox 2318 3616 3868 3693">
    <p class='ocr_par' dir='ltr' id='par_1_91' title="bbox 2318 3616 3868 3693">
     <span class='ocr_line' id='line_1_91' title="bbox 2318 3616 3868 3693; baseline -0.003 -18"><span class='ocrx_word' id='word_1_683' title='bbox 2318 3622 2699 3693; x_wconf 80' lang='grc' dir='ltr'>ἀντικειμένων</span> <span class='ocrx_word' id='word_1_684' title='bbox 2751 3622 3027 3692; x_wconf 78' lang='grc' dir='ltr'>δυνάμεων</span> <span class='ocrx_word' id='word_1_685' title='bbox 3092 3616 3535 3692; x_wconf 76' lang='grc' dir='ltr'>ὲποίησαν.εἷναι</span> <span class='ocrx_word' id='word_1_686' title='bbox 3585 3621 3654 3673; x_wconf 87' lang='grc' dir='ltr'><strong><em>τά</em></strong></span> <span class='ocrx_word' id='word_1_687' title='bbox 3693 3621 3868 3691; x_wconf 78' lang='grc' dir='ltr'>ἄψυχα</span> 
     </span>
    </p>
   </div>
   <div class='ocr_carea' id='block_1_92' title="bbox 2322 3711 3868 3783">
    <p class='ocr_par' dir='ltr' id='par_1_92' title="bbox 2322 3711 3868 3783">
     <span class='ocr_line' id='line_1_92' title="bbox 2322 3711 3868 3783; baseline -0.002 -18"><span class='ocrx_word' id='word_1_688' title='bbox 2322 3713 2480 3778; x_wconf 83' lang='grc' dir='ltr'>ξόανα</span> <span class='ocrx_word' id='word_1_689' title='bbox 2504 3715 2594 3766; x_wconf 71' lang='grc' dir='ltr'><strong><em>καὶ</em></strong></span> <span class='ocrx_word' id='word_1_690' title='bbox 2616 3712 2682 3765; x_wconf 84' lang='grc' dir='ltr'><strong><em>τά</em></strong></span> <span class='ocrx_word' id='word_1_691' title='bbox 2710 3712 2996 3783; x_wconf 86' lang='grc' dir='ltr'>ἀγάλματα</span> <span class='ocrx_word' id='word_1_692' title='bbox 3015 3715 3117 3782; x_wconf 80' lang='grc' dir='ltr'>τῆς</span> <span class='ocrx_word' id='word_1_693' title='bbox 3138 3711 3395 3763; x_wconf 85' lang='grc' dir='ltr'>πολυθέου</span> <span class='ocrx_word' id='word_1_694' title='bbox 3437 3712 3642 3782; x_wconf 80' lang='grc' dir='ltr'><strong><em>πλάνης</em></strong></span> <span class='ocrx_word' id='word_1_695' title='bbox 3662 3753 3676 3777; x_wconf 92' lang='grc'><strong><em>,</em></strong></span> <span class='ocrx_word' id='word_1_696' title='bbox 3705 3712 3739 3783; x_wconf 79' lang='grc' dir='ltr'>ἢ</span> <span class='ocrx_word' id='word_1_697' title='bbox 3781 3713 3868 3763; x_wconf 77' lang='grc' dir='ltr'><strong><em>καὶ</em></strong></span> 
     </span>
    </p>
   </div>
   <div class='ocr_carea' id='block_1_93' title="bbox 2317 3807 3867 3880">
    <p class='ocr_par' dir='ltr' id='par_1_93' title="bbox 2317 3807 3867 3880">
     <span class='ocr_line' id='line_1_93' title="bbox 2317 3807 3867 3880; baseline -0.003 -16"><span class='ocrx_word' id='word_1_698' title='bbox 2317 3813 2442 3875; x_wconf 81' lang='grc' dir='ltr'>τοὺς</span> <span class='ocrx_word' id='word_1_699' title='bbox 2473 3811 2662 3873; x_wconf 81' lang='grc' dir='ltr'>ἀθέους</span> <span class='ocrx_word' id='word_1_700' title='bbox 2714 3810 2907 3880; x_wconf 78' lang='grc' dir='ltr'>ἄνδρας</span> <span class='ocrx_word' id='word_1_701' title='bbox 2956 3808 3048 3861; x_wconf 83' lang='grc' dir='ltr'><strong><em>καί</em></strong></span> <span class='ocrx_word' id='word_1_702' title='bbox 3083 3809 3207 3873; x_wconf 82' lang='grc' dir='ltr'>τοὺς</span> <span class='ocrx_word' id='word_1_703' title='bbox 3264 3807 3536 3871; x_wconf 82' lang='grc' dir='ltr'>δυσσεϐεῖς</span> <span class='ocrx_word' id='word_1_704' title='bbox 3584 3808 3867 3878; x_wconf 77' lang='grc' dir='ltr'>λογισμοὺς</span> 
     </span>
    </p>
   </div>
   <div class='ocr_carea' id='block_1_94' title="bbox 2317 3898 3866 3970">
    <p class='ocr_par' dir='ltr' id='par_1_94' title="bbox 2317 3898 3866 3970">
     <span class='ocr_line' id='line_1_94' title="bbox 2317 3898 3866 3970; baseline -0.003 -17"><span class='ocrx_word' id='word_1_705' title='bbox 2317 3904 2441 3966; x_wconf 77' lang='grc' dir='ltr'>τοὺς</span> <span class='ocrx_word' id='word_1_706' title='bbox 2476 3904 2594 3963; x_wconf 84' lang='grc' dir='ltr'>ταῖς</span> <span class='ocrx_word' id='word_1_707' title='bbox 2635 3900 2891 3963; x_wconf 85' lang='grc' dir='ltr'>διανοίαις</span> <span class='ocrx_word' id='word_1_708' title='bbox 2927 3898 3032 3952; x_wconf 84' lang='grc' dir='ltr'>τῶν</span> <span class='ocrx_word' id='word_1_709' title='bbox 3064 3898 3360 3970; x_wconf 80' lang='grc' dir='ltr'>ἀνθρώπων</span> <span class='ocrx_word' id='word_1_710' title='bbox 3414 3898 3866 3970; x_wconf 76' lang='grc' dir='ltr'>ὑποϐαλλομένους</span> 
     </span>
    </p>
   </div>
   <div class='ocr_carea' id='block_1_95' title="bbox 2318 3984 3865 4065">
    <p class='ocr_par' dir='ltr' id='par_1_95' title="bbox 2318 3984 3865 4065">
     <span class='ocr_line' id='line_1_95' title="bbox 2318 3984 3865 4065; baseline -0.002 -21"><span class='ocrx_word' id='word_1_711' title='bbox 2318 3993 2423 4046; x_wconf 82' lang='grc' dir='ltr'><strong><em>ὑπὸ</em></strong></span> <span class='ocrx_word' id='word_1_712' title='bbox 2450 3993 2556 4046; x_wconf 86' lang='grc' dir='ltr'>τῶν</span> <span class='ocrx_word' id='word_1_713' title='bbox 2585 3992 2828 4065; x_wconf 75' lang='grc' dir='ltr'>ἀοράτων</span> <span class='ocrx_word' id='word_1_714' title='bbox 2858 3990 3199 4061; x_wconf 82' lang='grc' dir='ltr'>πνευμάτων,</span> <span class='ocrx_word' id='word_1_715' title='bbox 3233 3991 3299 4045; x_wconf 86' lang='grc' dir='ltr'>δι’</span> <span class='ocrx_word' id='word_1_716' title='bbox 3323 3984 3398 4044; x_wconf 80' lang='grc' dir='ltr'>ὧν</span> <span class='ocrx_word' id='word_1_717' title='bbox 3429 3988 3865 4056; x_wconf 80' lang='grc' dir='ltr'>κατατοξεύουσιν</span> 
     </span>
    </p>
   </div>
   <div class='ocr_carea' id='block_1_96' title="bbox 2316 4081 3887 4155">
    <p class='ocr_par' dir='ltr' id='par_1_96' title="bbox 2316 4081 3887 4155">
     <span class='ocr_line' id='line_1_96' title="bbox 2316 4081 3887 4155; baseline -0.003 -17"><span class='ocrx_word' id='word_1_718' title='bbox 2316 4085 2681 4149; x_wconf 80' lang='grc' dir='ltr'>ἀκοντίζοντες</span> <span class='ocrx_word' id='word_1_719' title='bbox 2708 4083 2775 4137; x_wconf 87' lang='grc' dir='ltr'><strong><em>τά</em></strong></span> <span class='ocrx_word' id='word_1_720' title='bbox 2804 4083 3172 4155; x_wconf 83' lang='grc' dir='ltr'>πεπυρωμένα</span> <span class='ocrx_word' id='word_1_721' title='bbox 3207 4082 3332 4154; x_wconf 85' lang='grc' dir='ltr'>βέλη</span> <span class='ocrx_word' id='word_1_722' title='bbox 3366 4082 3506 4137; x_wconf 84' lang='grc' dir='ltr'>κατὰ</span> <span class='ocrx_word' id='word_1_723' title='bbox 3543 4083 3648 4137; x_wconf 82' lang='grc' dir='ltr'><strong><em>τῶν</em></strong></span> <span class='ocrx_word' id='word_1_724' title='bbox 3690 4081 3887 4152; x_wconf 46' lang='grc' dir='ltr'>ἀφράτ</span> 
     </span>
    </p>
   </div>
   <div class='ocr_carea' id='block_1_97' title="bbox 2318 4174 3638 4248">
    <p class='ocr_par' dir='ltr' id='par_1_97' title="bbox 2318 4174 3638 4248">
     <span class='ocr_line' id='line_1_97' title="bbox 2318 4174 3638 4248; baseline -0.003 -17"><span class='ocrx_word' id='word_1_725' title='bbox 2318 4193 2460 4232; x_wconf 87' lang='grc' dir='ltr'>κτων</span> <span class='ocrx_word' id='word_1_726' title='bbox 2484 4178 2578 4230; x_wconf 70' lang='grc' dir='ltr'><strong><em>καὶ</em></strong></span> <span class='ocrx_word' id='word_1_727' title='bbox 2605 4177 2679 4248; x_wconf 83' lang='grc' dir='ltr'><strong><em>μὴ</em></strong></span> <span class='ocrx_word' id='word_1_728' title='bbox 2710 4179 2776 4248; x_wconf 80' lang='grc' dir='ltr'>τῇ</span> <span class='ocrx_word' id='word_1_729' title='bbox 2800 4178 2979 4229; x_wconf 83' lang='grc' dir='ltr'>πίστει</span> <span class='ocrx_word' id='word_1_730' title='bbox 3004 4175 3402 4247; x_wconf 82' lang='grc' dir='ltr'>πεφραγμένων</span> <span class='ocrx_word' id='word_1_731' title='bbox 3432 4174 3638 4245; x_wconf 76' lang='grc' dir='ltr'>ψυχῶν.</span> 
     </span>
    </p>
   </div>
   <div class='ocr_carea' id='block_1_98' title="bbox 2386 4265 3861 4338">
    <p class='ocr_par' dir='ltr' id='par_1_98' title="bbox 2386 4265 3861 4338">
     <span class='ocr_line' id='line_1_98' title="bbox 2386 4265 3861 4338; baseline -0.003 -16"><span class='ocrx_word' id='word_1_732' title='bbox 2386 4268 2730 4336; x_wconf 80' lang='grc' dir='ltr'>Σχολάσατε</span> <span class='ocrx_word' id='word_1_733' title='bbox 2761 4266 2860 4320; x_wconf 78' lang='grc' dir='ltr'>καὶ</span> <span class='ocrx_word' id='word_1_734' title='bbox 2886 4265 3093 4338; x_wconf 73' lang='grc' dir='ltr'>’γνῶτε</span> <span class='ocrx_word' id='word_1_735' title='bbox 3116 4306 3131 4333; x_wconf 90' lang='grc'><strong><em>,</em></strong></span> <span class='ocrx_word' id='word_1_736' title='bbox 3178 4266 3266 4319; x_wconf 84' lang='grc' dir='ltr'>ὅτι</span> <span class='ocrx_word' id='word_1_737' title='bbox 3292 4265 3405 4336; x_wconf 75' lang='grc' dir='ltr'><strong><em>ἐγώ</em></strong></span> <span class='ocrx_word' id='word_1_738' title='bbox 3456 4269 3571 4336; x_wconf 76' lang='grc' dir='ltr'><em>ειμι</em></span> <span class='ocrx_word' id='word_1_739' title='bbox 3612 4270 3644 4320; x_wconf 83' lang='grc' dir='ltr'><em>ὁ</em></span> <span class='ocrx_word' id='word_1_740' title='bbox 3674 4313 3677 4316; x_wconf 77' lang='grc'>.</span> <span class='ocrx_word' id='word_1_741' title='bbox 3704 4265 3861 4331; x_wconf 77' lang='grc' dir='ltr'>Θεὸς,</span> 
     </span>
    </p>
   </div>
   <div class='ocr_carea' id='block_1_99' title="bbox 2316 4355 3866 4430">
    <p class='ocr_par' dir='ltr' id='par_1_99' title="bbox 2316 4355 3866 4430">
     <span class='ocr_line' id='line_1_99' title="bbox 2316 4355 3866 4430; baseline -0.034 3"><span class='ocrx_word' id='word_1_742' title='bbox 2316 4358 2708 4430; x_wconf 65' lang='grc' dir='ltr'><strong><em>ὑψωθήσομᾳι</em></strong></span> <span class='ocrx_word' id='word_1_743' title='bbox 2730 4358 2799 4411; x_wconf 75' lang='grc' dir='ltr'><strong><em>ὲν</em></strong></span> <span class='ocrx_word' id='word_1_744' title='bbox 2821 4357 2942 4424; x_wconf 84' lang='grc' dir='ltr'>τοῖς</span> <span class='ocrx_word' id='word_1_745' title='bbox 2970 4359 3228 4423; x_wconf 69' lang='grc' dir='ltr'>ἔθνεσιν,</span> <span class='ocrx_word' id='word_1_746' title='bbox 3262 4357 3653 4427; x_wconf 71' lang='grc' dir='ltr'><strong><em>ὑψωθήσομαι</em></strong></span> <span class='ocrx_word' id='word_1_747' title='bbox 3686 4359 3755 4410; x_wconf 58' lang='grc' dir='ltr'><strong><em>ἐν</em></strong></span> <span class='ocrx_word' id='word_1_748' title='bbox 3794 4355 3866 4422; x_wconf 69' lang='grc' dir='ltr'><em>τῇ</em></span> 
     </span>
    </p>
   </div>
   <div class='ocr_carea' id='block_1_100' title="bbox 2317 4447 3863 4520">
    <p class='ocr_par' dir='ltr' id='par_1_100' title="bbox 2317 4447 3863 4520">
     <span class='ocr_line' id='line_1_100' title="bbox 2317 4447 3863 4520; baseline -0.004 -14"><span class='ocrx_word' id='word_1_749' title='bbox 2317 4449 2412 4520; x_wconf 74' lang='grc' dir='ltr'><strong><em>γῇ.</em></strong></span> <span class='ocrx_word' id='word_1_750' title='bbox 2441 4448 2659 4519; x_wconf 82' lang='grc' dir='ltr'>Ἐπειδὴ</span> <span class='ocrx_word' id='word_1_751' title='bbox 2687 4447 2869 4501; x_wconf 83' lang='grc' dir='ltr'>λοιπὸν</span> <span class='ocrx_word' id='word_1_752' title='bbox 2894 4447 3135 4501; x_wconf 88' lang='grc' dir='ltr'>πέπαυτο</span> <span class='ocrx_word' id='word_1_753' title='bbox 3159 4450 3226 4501; x_wconf 77' lang='grc' dir='ltr'>τὰ</span> <span class='ocrx_word' id='word_1_754' title='bbox 3252 4448 3343 4502; x_wconf 83' lang='grc' dir='ltr'>τοῦ</span> <span class='ocrx_word' id='word_1_755' title='bbox 3370 4449 3605 4520; x_wconf 86' lang='grc' dir='ltr'>πολέμου</span> <span class='ocrx_word' id='word_1_756' title='bbox 3648 4450 3740 4501; x_wconf 73' lang='grc' dir='ltr'>καὶ</span> <span class='ocrx_word' id='word_1_757' title='bbox 3781 4448 3863 4501; x_wconf 78' lang='grc' dir='ltr'>λέ-</span> 
     </span>
    </p>
   </div>
   <div class='ocr_carea' id='block_1_101' title="bbox 2318 4538 3866 4612">
    <p class='ocr_par' dir='ltr' id='par_1_101' title="bbox 2318 4538 3866 4612">
     <span class='ocr_line' id='line_1_101' title="bbox 2318 4538 3866 4612; baseline -0.003 -18"><span class='ocrx_word' id='word_1_758' title='bbox 2318 4541 2441 4594; x_wconf 87' lang='grc' dir='ltr'>λυτο</span> <span class='ocrx_word' id='word_1_759' title='bbox 2470 4540 2539 4594; x_wconf 82' lang='grc' dir='ltr'>τὰ</span> <span class='ocrx_word' id='word_1_760' title='bbox 2558 4541 2654 4612; x_wconf 80' lang='grc' dir='ltr'>τῆς</span> <span class='ocrx_word' id='word_1_761' title='bbox 2681 4542 2941 4612; x_wconf 83' lang='grc' dir='ltr'>ταραχῆς,</span> <span class='ocrx_word' id='word_1_762' title='bbox 2990 4540 3174 4611; x_wconf 79' lang='grc' dir='ltr'>εἰρήνη</span> <span class='ocrx_word' id='word_1_763' title='bbox 3216 4538 3270 4592; x_wconf 89' lang='grc' dir='ltr'>δὲ</span> <span class='ocrx_word' id='word_1_764' title='bbox 3308 4539 3496 4611; x_wconf 85' lang='grc' dir='ltr'>βαρεῖα</span> <span class='ocrx_word' id='word_1_765' title='bbox 3532 4540 3705 4594; x_wconf 85' lang='grc' dir='ltr'>δέδοτο</span> <span class='ocrx_word' id='word_1_766' title='bbox 3758 4541 3866 4600; x_wconf 82' lang='grc' dir='ltr'>τοῖς</span> 
     </span>
    </p>
   </div>
   <div class='ocr_carea' id='block_1_102' title="bbox 2317 4619 3865 4703">
    <p class='ocr_par' dir='ltr' id='par_1_102' title="bbox 2317 4619 3865 4703">
     <span class='ocr_line' id='line_1_102' title="bbox 2317 4619 3865 4703; baseline -0.001 -19"><span class='ocrx_word' id='word_1_767' title='bbox 2317 4632 2409 4685; x_wconf 75' lang='grc' dir='ltr'>ἐπὶ</span> <span class='ocrx_word' id='word_1_768' title='bbox 2423 4634 2523 4702; x_wconf 80' lang='grc' dir='ltr'>γῆς</span> <span class='ocrx_word' id='word_1_769' title='bbox 2549 4630 2746 4685; x_wconf 80' lang='grc' dir='ltr'>ἀπασιν</span> <span class='ocrx_word' id='word_1_770' title='bbox 2768 4649 2779 4662; x_wconf 87' lang='grc'><strong>·</strong></span> <span class='ocrx_word' id='word_1_771' title='bbox 2804 4632 3024 4697; x_wconf 87' lang='grc' dir='ltr'>εἰκότως</span> <span class='ocrx_word' id='word_1_772' title='bbox 3050 4632 3290 4703; x_wconf 75' lang='grc' dir='ltr'>βούλεται</span> <span class='ocrx_word' id='word_1_773' title='bbox 3315 4619 3393 4697; x_wconf 83' lang='grc' dir='ltr'><strong><em>είς</em></strong></span> <span class='ocrx_word' id='word_1_774' title='bbox 3417 4630 3619 4701; x_wconf 79' lang='grc' dir='ltr'>ἀγαθὸν</span> <span class='ocrx_word' id='word_1_775' title='bbox 3639 4630 3865 4703; x_wconf 83' lang='grc' dir='ltr'>χρῆσθαι</span> 
     </span>
    </p>
   </div>
   <div class='ocr_carea' id='block_1_103' title="bbox 2316 4722 3862 4795">
    <p class='ocr_par' dir='ltr' id='par_1_103' title="bbox 2316 4722 3862 4795">
     <span class='ocr_line' id='line_1_103' title="bbox 2316 4722 3862 4795; baseline 0.001 -21"><span class='ocrx_word' id='word_1_776' title='bbox 2316 4723 2391 4793; x_wconf 83' lang='grc' dir='ltr'>τῷ</span> <span class='ocrx_word' id='word_1_777' title='bbox 2421 4722 2614 4795; x_wconf 83' lang='grc' dir='ltr'>καιρῷ,</span> <span class='ocrx_word' id='word_1_778' title='bbox 2666 4725 2760 4779; x_wconf 73' lang='grc' dir='ltr'><strong><em>καὶ</em></strong></span> <span class='ocrx_word' id='word_1_779' title='bbox 2812 4723 3003 4794; x_wconf 88' lang='grc' dir='ltr'>σχολὴν</span> <span class='ocrx_word' id='word_1_780' title='bbox 3050 4724 3331 4777; x_wconf 78' lang='grc' dir='ltr'>ἀναλαϐεῖν</span> <span class='ocrx_word' id='word_1_781' title='bbox 3360 4723 3534 4793; x_wconf 75' lang='grc' dir='ltr'>ψυχῆς</span> <span class='ocrx_word' id='word_1_782' title='bbox 3585 4723 3862 4792; x_wconf 85' lang='grc' dir='ltr'>σωτήριον.</span> 
     </span>
    </p>
   </div>
   <div class='ocr_carea' id='block_1_104' title="bbox 2316 4812 3867 4885">
    <p class='ocr_par' dir='ltr' id='par_1_104' title="bbox 2316 4812 3867 4885">
     <span class='ocr_line' id='line_1_104' title="bbox 2316 4812 3867 4885; baseline 0.008 -21"><span class='ocrx_word' id='word_1_783' title='bbox 2316 4814 2406 4865; x_wconf 84' lang='grc' dir='ltr'><strong><em>Διό</em></strong></span> <span class='ocrx_word' id='word_1_784' title='bbox 2466 4832 2597 4884; x_wconf 73' lang='grc' dir='ltr'>φησι</span> <span class='ocrx_word' id='word_1_785' title='bbox 2616 4832 2629 4845; x_wconf 68' lang='grc' dir='ltr'><strong><em>ο</em></strong></span> <span class='ocrx_word' id='word_1_786' title='bbox 2655 4814 2998 4885; x_wconf 77' lang='grc' dir='ltr'>Σχολάσατε</span> <span class='ocrx_word' id='word_1_787' title='bbox 3016 4814 3113 4867; x_wconf 76' lang='grc' dir='ltr'>καὶ</span> <span class='ocrx_word' id='word_1_788' title='bbox 3145 4813 3346 4883; x_wconf 72' lang='grc' dir='ltr'>τινῶτεο</span> <span class='ocrx_word' id='word_1_789' title='bbox 3397 4813 3517 4865; x_wconf 85' lang='grc' dir='ltr'>οὐδὲ</span> <span class='ocrx_word' id='word_1_790' title='bbox 3535 4812 3642 4883; x_wconf 85' lang='grc' dir='ltr'><strong><em>γὰρ</em></strong></span> <span class='ocrx_word' id='word_1_791' title='bbox 3672 4813 3867 4884; x_wconf 77' lang='grc' dir='ltr'>ἑτέρως</span> 
     </span>
    </p>
   </div>
   <div class='ocr_carea' id='block_1_105' title="bbox 2318 4902 3865 4976">
    <p class='ocr_par' dir='ltr' id='par_1_105' title="bbox 2318 4902 3865 4976">
     <span class='ocr_line' id='line_1_105' title="bbox 2318 4902 3865 4976; baseline -0.001 -21"><span class='ocrx_word' id='word_1_792' title='bbox 2318 4905 2704 4974; x_wconf 73' lang='grc' dir='ltr'>ἐπιγνώσεως</span> <span class='ocrx_word' id='word_1_793' title='bbox 2748 4907 3033 4976; x_wconf 81' lang='grc' dir='ltr'>μετασχεῖν</span> <span class='ocrx_word' id='word_1_794' title='bbox 3057 4904 3238 4969; x_wconf 87' lang='grc' dir='ltr'>θείας,</span> <span class='ocrx_word' id='word_1_795' title='bbox 3272 4904 3346 4974; x_wconf 86' lang='grc' dir='ltr'>μὴ</span> <span class='ocrx_word' id='word_1_796' title='bbox 3391 4902 3722 4973; x_wconf 85' lang='grc' dir='ltr'>σχολάσαντα</span> <span class='ocrx_word' id='word_1_797' title='bbox 3764 4906 3865 4957; x_wconf 81' lang='grc' dir='ltr'>τῶν</span> 
     </span>
    </p>
   </div>
   <div class='ocr_carea' id='block_1_106' title="bbox 2319 4993 3864 5065">
    <p class='ocr_par' dir='ltr' id='par_1_106' title="bbox 2319 4993 3864 5065">
     <span class='ocr_line' id='line_1_106' title="bbox 2319 4993 3864 5065; baseline 0.001 -18"><span class='ocrx_word' id='word_1_798' title='bbox 2319 4995 2657 5064; x_wconf 75' lang='grc' dir='ltr'>ἀφελκόντων</span> <span class='ocrx_word' id='word_1_799' title='bbox 2686 4994 2776 5045; x_wconf 75' lang='grc' dir='ltr'>ἐπὶ</span> <span class='ocrx_word' id='word_1_800' title='bbox 2803 4994 3071 5047; x_wconf 85' lang='grc' dir='ltr'>τάναντία.</span> <span class='ocrx_word' id='word_1_801' title='bbox 3106 4994 3293 5047; x_wconf 85' lang='grc' dir='ltr'>Ἔνθεν</span> <span class='ocrx_word' id='word_1_802' title='bbox 3322 4993 3543 5057; x_wconf 73' lang='grc' dir='ltr'>εἰκότως</span> <span class='ocrx_word' id='word_1_803' title='bbox 3588 4996 3615 5047; x_wconf 85' lang='grc' dir='ltr'>ὁ</span> <span class='ocrx_word' id='word_1_804' title='bbox 3637 4998 3733 5065; x_wconf 84' lang='grc' dir='ltr'>τῆς</span> <span class='ocrx_word' id='word_1_805' title='bbox 3774 4997 3864 5048; x_wconf 80' lang='grc' dir='ltr'><strong><em>Δί-</em></strong></span> 
     </span>
    </p>
   </div>
   <div class='ocr_carea' id='block_1_107' title="bbox 2314 5084 3864 5158">
    <p class='ocr_par' dir='ltr' id='par_1_107' title="bbox 2314 5084 3864 5158">
     <span class='ocr_line' id='line_1_107' title="bbox 2314 5084 3864 5158; baseline 0 -20"><span class='ocrx_word' id='word_1_806' title='bbox 2314 5087 2515 5153; x_wconf 82' lang='grc' dir='ltr'>γύπτου</span> <span class='ocrx_word' id='word_1_807' title='bbox 2548 5084 2816 5155; x_wconf 78' lang='grc' dir='ltr'>βασιλεὺς,</span> <span class='ocrx_word' id='word_1_808' title='bbox 2850 5085 2983 5156; x_wconf 84' lang='grc' dir='ltr'>πρὸς</span> <span class='ocrx_word' id='word_1_809' title='bbox 3014 5085 3113 5154; x_wconf 79' lang='grc' dir='ltr'><strong><em>τὴν</em></strong></span> <span class='ocrx_word' id='word_1_810' title='bbox 3159 5084 3410 5156; x_wconf 78' lang='grc' dir='ltr'>τοιαύτην</span> <span class='ocrx_word' id='word_1_811' title='bbox 3453 5084 3864 5158; x_wconf 75' lang='grc' dir='ltr'>διαϐεϐλημένος</span> 
     </span>
    </p>
   </div>
   <div class='ocr_carea' id='block_1_108' title="bbox 2317 5174 3867 5247">
    <p class='ocr_par' dir='ltr' id='par_1_108' title="bbox 2317 5174 3867 5247">
     <span class='ocr_line' id='line_1_108' title="bbox 2317 5174 3867 5247; baseline 0.003 -21"><span class='ocrx_word' id='word_1_812' title='bbox 2317 5176 2527 5247; x_wconf 82' lang='grc' dir='ltr'>σχολὴν,</span> <span class='ocrx_word' id='word_1_813' title='bbox 2550 5179 2660 5238; x_wconf 85' lang='grc' dir='ltr'>τοῖς</span> <span class='ocrx_word' id='word_1_814' title='bbox 2685 5176 2996 5244; x_wconf 79' lang='grc' dir='ltr'>φάσκουσιν·</span> <span class='ocrx_word' id='word_1_815' title='bbox 3028 5174 3192 5227; x_wconf 74' lang='grc' dir='ltr'><strong><em>Ὀδὸν</em></strong></span> <span class='ocrx_word' id='word_1_816' title='bbox 3212 5175 3383 5243; x_wconf 83' lang='grc' dir='ltr'>τριῶν</span> <span class='ocrx_word' id='word_1_817' title='bbox 3415 5176 3644 5245; x_wconf 79' lang='grc' dir='ltr'><em>ἡμερῶν</em></span> <span class='ocrx_word' id='word_1_818' title='bbox 3670 5194 3867 5245; x_wconf 79' lang='grc' dir='ltr'>πορευ-</span> 
     </span>
    </p>
   </div>
   <div class='ocr_carea' id='block_1_109' title="bbox 2316 5266 3863 5337">
    <p class='ocr_par' dir='ltr' id='par_1_109' title="bbox 2316 5266 3863 5337">
     <span class='ocr_line' id='line_1_109' title="bbox 2316 5266 3863 5337; baseline 0.003 -18"><span class='ocrx_word' id='word_1_819' title='bbox 2316 5268 2556 5335; x_wconf 85' lang='grc' dir='ltr'>σόμεθα,</span> <span class='ocrx_word' id='word_1_820' title='bbox 2593 5269 2689 5320; x_wconf 81' lang='grc' dir='ltr'>καὶ</span> <span class='ocrx_word' id='word_1_821' title='bbox 2721 5267 3126 5334; x_wconf 80' lang='grc' dir='ltr'>λατρεύσομεν</span> <span class='ocrx_word' id='word_1_822' title='bbox 3166 5268 3361 5334; x_wconf 86' lang='grc' dir='ltr'>Κυρίῳ</span> <span class='ocrx_word' id='word_1_823' title='bbox 3387 5266 3464 5333; x_wconf 84' lang='grc' dir='ltr'>τῷ</span> <span class='ocrx_word' id='word_1_824' title='bbox 3513 5267 3632 5334; x_wconf 85' lang='grc' dir='ltr'><strong><em>Θεῷ</em></strong></span> <span class='ocrx_word' id='word_1_825' title='bbox 3665 5268 3831 5337; x_wconf 74' lang='grc' dir='ltr'><strong><em>ἡμῶν</em></strong></span> <span class='ocrx_word' id='word_1_826' title='bbox 3852 5306 3863 5324; x_wconf 81' lang='lat'><strong><em>.</em></strong></span> 
     </span>
    </p>
   </div>
   <div class='ocr_carea' id='block_1_110' title="bbox 2316 5342 3863 5430">
    <p class='ocr_par' dir='ltr' id='par_1_110' title="bbox 2316 5342 3863 5430">
     <span class='ocr_line' id='line_1_110' title="bbox 2316 5342 3863 5430; baseline -0.001 -20"><span class='ocrx_word' id='word_1_827' title='bbox 2316 5360 2663 5430; x_wconf 86' lang='grc' dir='ltr'>ἀποκρίνεται</span> <span class='ocrx_word' id='word_1_828' title='bbox 2695 5358 2862 5426; x_wconf 84' lang='grc' dir='ltr'>λέγων</span> <span class='ocrx_word' id='word_1_829' title='bbox 2885 5373 2898 5385; x_wconf 86' lang='grc'><strong>’</strong></span> <span class='ocrx_word' id='word_1_830' title='bbox 2937 5355 3281 5424; x_wconf 70' lang='grc' dir='ltr'>Σχολάζετε,</span> <span class='ocrx_word' id='word_1_831' title='bbox 3330 5342 3669 5428; x_wconf 75' lang='grc' dir='ltr'>σχολασται</span> <span class='ocrx_word' id='word_1_832' title='bbox 3709 5360 3863 5410; x_wconf 80' lang='grc' dir='ltr'>ἐστε.</span> 
     </span>
    </p>
   </div>
   <div class='ocr_carea' id='block_1_111' title="bbox 2315 5435 3870 5520">
    <p class='ocr_par' dir='ltr' id='par_1_111' title="bbox 2315 5435 3870 5520">
     <span class='ocr_line' id='line_1_111' title="bbox 2315 5435 3870 5520; baseline 0 -22"><span class='ocrx_word' id='word_1_833' title='bbox 2315 5442 2468 5509; x_wconf 82' lang='grc' dir='ltr'>Εἶτα,</span> <span class='ocrx_word' id='word_1_834' title='bbox 2488 5447 2573 5518; x_wconf 83' lang='grc' dir='ltr'>,μὴ</span> <span class='ocrx_word' id='word_1_835' title='bbox 2601 5435 2915 5518; x_wconf 84' lang='grc' dir='ltr'>βουλόμενος</span> <span class='ocrx_word' id='word_1_836' title='bbox 2950 5444 3141 5509; x_wconf 81' lang='grc' dir='ltr'>αὐτοὺς</span> <span class='ocrx_word' id='word_1_837' title='bbox 3160 5446 3237 5517; x_wconf 79' lang='grc' dir='ltr'>τῷ</span> <span class='ocrx_word' id='word_1_838' title='bbox 3270 5447 3386 5519; x_wconf 82' lang='grc' dir='ltr'><strong><em>Θεῷ</em></strong></span> <span class='ocrx_word' id='word_1_839' title='bbox 3429 5449 3735 5520; x_wconf 81' lang='grc' dir='ltr'>σχολάζειν,</span> <span class='ocrx_word' id='word_1_840' title='bbox 3778 5464 3870 5498; x_wconf 77' lang='grc' dir='ltr'>κα-</span> 
     </span>
    </p>
   </div>
   <div class='ocr_carea' id='block_1_112' title="bbox 2315 5534 3862 5613">
    <p class='ocr_par' dir='ltr' id='par_1_112' title="bbox 2315 5534 3862 5613">
     <span class='ocr_line' id='line_1_112' title="bbox 2315 5534 3862 5613; baseline 0.001 -28"><span class='ocrx_word' id='word_1_841' title='bbox 2315 5539 2535 5588; x_wconf 89' lang='grc' dir='ltr'>ταπονεί</span> <span class='ocrx_word' id='word_1_842' title='bbox 2562 5535 2638 5606; x_wconf 81' lang='grc' dir='ltr'>τῷ</span> <span class='ocrx_word' id='word_1_843' title='bbox 2666 5534 2818 5606; x_wconf 84' lang='grc' dir='ltr'>πηλῷ</span> <span class='ocrx_word' id='word_1_844' title='bbox 2843 5534 2936 5587; x_wconf 74' lang='grc' dir='ltr'><strong><em>καὶ</em></strong></span> <span class='ocrx_word' id='word_1_845' title='bbox 2961 5536 3028 5605; x_wconf 77' lang='grc' dir='ltr'>τῇ</span> <span class='ocrx_word' id='word_1_846' title='bbox 3060 5535 3331 5610; x_wconf 49' lang='grc' dir='ltr'>πλινθείᾳ,</span> <span class='ocrx_word' id='word_1_847' title='bbox 3369 5537 3505 5613; x_wconf 71' lang='grc' dir='ltr'><strong><em>Ἀλλ’</em></strong></span> <span class='ocrx_word' id='word_1_848' title='bbox 3553 5538 3679 5608; x_wconf 79' lang='grc' dir='ltr'>ἡμῖν</span> <span class='ocrx_word' id='word_1_849' title='bbox 3722 5551 3787 5603; x_wconf 82' lang='grc' dir='ltr'><strong><em>γε</em></strong></span> <span class='ocrx_word' id='word_1_850' title='bbox 3816 5536 3862 5587; x_wconf 87' lang='grc' dir='ltr'><strong><em>οί</em></strong></span> 
     </span>
    </p>
   </div>
   <div class='ocr_carea' id='block_1_113' title="bbox 2320 5624 3865 5699">
    <p class='ocr_par' dir='ltr' id='par_1_113' title="bbox 2320 5624 3865 5699">
     <span class='ocr_line' id='line_1_113' title="bbox 2320 5624 3865 5699; baseline 0.001 -20"><span class='ocrx_word' id='word_1_851' title='bbox 2320 5628 2679 5691; x_wconf 83' lang='grc' dir='ltr'>καταστάντες</span> <span class='ocrx_word' id='word_1_852' title='bbox 2711 5629 2963 5699; x_wconf 83' lang='grc' dir='ltr'>ἄρχοντες</span> <span class='ocrx_word' id='word_1_853' title='bbox 3001 5628 3093 5682; x_wconf 71' lang='grc' dir='ltr'><strong><em>ἐπὶ</em></strong></span> <span class='ocrx_word' id='word_1_854' title='bbox 3122 5630 3298 5687; x_wconf 82' lang='grc' dir='ltr'>πᾶσαν</span> <span class='ocrx_word' id='word_1_855' title='bbox 3330 5628 3427 5699; x_wconf 85' lang='grc' dir='ltr'>τὴν</span> <span class='ocrx_word' id='word_1_856' title='bbox 3479 5628 3576 5698; x_wconf 72' lang='grc' dir='ltr'>γῆν</span> <span class='ocrx_word' id='word_1_857' title='bbox 3615 5624 3865 5682; x_wconf 57' lang='lat' dir='ltr'><strong><em>cum</em></strong></span> 
     </span>
    </p>
   </div>
   <div class='ocr_carea' id='block_1_114' title="bbox 744 5768 2217 5851">
    <p class='ocr_par' dir='ltr' id='par_1_114' title="bbox 744 5768 2199 5851">
     <span class='ocr_line' id='line_1_114' title="bbox 744 5768 2199 5851; baseline 0.009 -27"><span class='ocrx_word' id='word_1_858' title='bbox 744 5768 790 5802; x_wconf 82' lang='lat'><strong>”</strong></span> <span class='ocrx_word' id='word_1_859' title='bbox 826 5768 959 5827; x_wconf 82' lang='lat' dir='ltr'><strong><em>Gen.</em></strong></span> <span class='ocrx_word' id='word_1_860' title='bbox 992 5788 1170 5841; x_wconf 77' lang='lat' dir='ltr'><strong><em>xxxii,</em></strong></span> <span class='ocrx_word' id='word_1_861' title='bbox 1205 5776 1391 5834; x_wconf 74' lang='lat'><strong><em>28-50.</em></strong></span> <span class='ocrx_word' id='word_1_862' title='bbox 1467 5778 1479 5809; x_wconf 81' lang='lat'>&#39;</span> <span class='ocrx_word' id='word_1_863' title='bbox 1513 5776 1625 5850; x_wconf 58' lang='grc' dir='ltr'><strong><em>με.</em></strong></span> <span class='ocrx_word' id='word_1_864' title='bbox 1661 5793 1733 5849; x_wconf 84' lang='grc' dir='ltr'><strong><em>ιι,</em></strong></span> <span class='ocrx_word' id='word_1_865' title='bbox 1766 5779 1817 5835; x_wconf 72' lang='grc'><strong><em>4.</em></strong></span> <span class='ocrx_word' id='word_1_866' title='bbox 1874 5783 1903 5850; x_wconf 55' lang='grc' dir='ltr'>,ί</span> <span class='ocrx_word' id='word_1_867' title='bbox 1944 5780 2111 5845; x_wconf 84' lang='lat' dir='ltr'><strong><em>Exod.</em></strong></span> <span class='ocrx_word' id='word_1_868' title='bbox 2147 5800 2199 5851; x_wconf 91' lang='lat' dir='ltr'><strong><em>v,</em></strong></span> 
     </span>
    </p>
   </div>
   <div class='ocr_carea' id='block_1_115' title="bbox 2318 5768 2695 5851">
    <p class='ocr_par' dir='ltr' id='par_1_115' title="bbox 2362 5781 2695 5839">
     <span class='ocr_line' id='line_1_115' title="bbox 2362 5781 2695 5839; baseline -0.009 -1"><span class='ocrx_word' id='word_1_869' title='bbox 2362 5782 2381 5814; x_wconf 83' lang='grc'><em>³</em></span> <span class='ocrx_word' id='word_1_870' title='bbox 2412 5781 2541 5838; x_wconf 83' lang='lat' dir='ltr'><strong><em>ibid.</em></strong></span> <span class='ocrx_word' id='word_1_871' title='bbox 2580 5781 2695 5839; x_wconf 87' lang='lat'><strong><em>5-8.</em></strong></span> 
     </span>
    </p>
   </div>
  </div>
