3966 6348
735 405 841 455 illi

1456 397 1721 452 EUSEBII
1760 394 2237 453 CESARIENSIS
2268 394 2415 452 OPP.
2460 396 2639 451 PARS
2677 394 2761 451 lll.
2784 424 2853 436 -—
2878 395 3284 456 EXEGETICA.
3839 408 3908 462 420

733 530 960 587 magnus
982 524 1084 581 est,
1116 515 1389 580 bonitate,
1417 516 1704 571 tolerantia
1730 557 1745 580 ,
1786 516 2095 581 clementia,
2126 526 2278 571 exnte—

2388 518 2557 587 γέθει,
2593 517 2816 587 δυνάμει
2841 516 2897 571 δὲ
2926 517 3298 589 ἀκαταλήπτῳ
3319 533 3334 547 ’
3369 517 3503 571 ἀλλά
3534 520 3629 572 καὶ
3672 520 3817 593 σοφίᾳ
3845 528 3907 594 μέ-

731 608 911 678 risque
943 610 997 663 in
1021 624 1086 663 eo
1115 607 1363 679 cogitatis
1394 607 1594 663 divinis
1616 609 1945 671 virtutibus;
1998 625 2167 679 quare
2211 609 2293 663 di-

734 706 877 751 ctum
902 706 1026 775 est:
1068 697 1135 752 Et
1164 698 1569 769 cogitationibus
1602 700 1703 752 tuis
1729 717 1832 754 non
1866 710 1942 755 est
1984 700 2071 768 qui
2098 700 2291 753 similis

726 794 795 845 sit
827 791 923 846 tibi
939 793 981 847 ⁷.

795 1001 999 1059 Atheos
1052 998 1363 1072 quosdam,
1419 1008 1472 1057 et
1519 1002 1793 1057 daemones
1862 1000 2287 1056 incantationum

728 1102 976 1157 auctores
1009 1087 1253 1175 [carpit],
1286 1100 1379 1170 qui
1404 1116 1631 1171 regnum
1662 1116 1821 1155 suum
1853 1101 1908 1154 in
1940 1108 2081 1155 terra
2110 1099 2290 1154 ﬁrma-

727 1195 819 1259 vit,
851 1202 904 1249 et
934 1194 1297 1264 omnia‘prius
1329 1202 1645 1249 enumerata
1677 1195 1733 1248 in
1758 1193 2067 1248 hominibus
2093 1193 2283 1263 imple-

728 1292 820 1346 vit.
853 1290 1037 1360 Neque
1064 1292 1247 1346 solum‘
1270 1306 1499 1361 magnus
1518 1303 1622 1359 est,
1656 1293 1750 1348 sed
1786 1295 1949 1347 etiam
2000 1294 2287 1349 laudabilis

728 1383 881 1438 valde
914 1403 926 1437 :
963 1399 1071 1437 non
1101 1384 1317 1453 quidem
1357 1385 1499 1454 apud
1533 1402 1725 1443 omnes
1756 1403 1855 1441 nec
1887 1387 1941 1442 in
1973 1388 2120 1441 omni
2143 1388 2283 1452 loco,

728 1473 817 1528 sed
850 1475 903 1527 in
925 1474 1145 1528 civitate
1176 1473 1269 1528 Dei
1298 1477 1470 1530 nostri
1509 1486 1563 1531 et
1609 1478 1662 1532 in
1702 1486 1886 1533 monte
1921 1487 2112 1534 sancto
2142 1480 2283 1547 ejus.

726 1565 857 1632 Quia
882 1567 917 1620 ii
947 1567 1039 1637 qui
1061 1575 1215 1621 extra
1245 1567 1517 1624 civitatem
1539 1571 1658 1641 ejus
1682 1579 1830 1635 sunt,
1857 1571 2052 1627 divinae
2083 1571 2287 1627 doctri-

724 1684 801 1723 nae
838 1669 1096 1739 imperiti,
1144 1671 1399 1725 nesciunt
1438 1686 1547 1741 quo
1590 1679 1753 1742 pacto
1785 1671 2147 1729 celebrandus
2190 1672 2280 1737 sit,

722 1784 817 1825 uec
844 1770 1003 1842 digne
1034 1771 1217 1826 divina
1241 1773 1387 1842 loqui
1412 1781 1677 1843 possunt;
1710 1788 1882 1843 quare
1914 1771 2282 1827 venerandum

720 1859 847 1915 illud
875 1876 1093 1929 nomen,
1124 1861 1193 1915 ad
1217 1862 1572 1915 inanimatam
1606 1863 1888 1916 materiam
1911 1861 2281 1930 projecerunt,
2321 1879 2360 1933 Β

720 1962 808 2008 aut
855 1954 911 2010 in
948 1955 1267 2011 animalium
1316 1954 1773 2009 irrationabilium
1819 1969 2041 2025 genera,
2077 1954 2193 2009 sive
2228 1956 2281 2009 in

720 2047 1000 2113 elementa,
1022 2055 1245 2111 terram,
1278 2060 1497 2117 aquam,
1521 2061 1721 2110 aerem,
1753 2044 1967 2116 ignem;
1993 2047 2107 2103 sive
2122 2047 2283 2102 etiam

722 2138 779 2193 in
810 2130 999 2192 mundi
1028 2145 1211 2207 partes
1240 2157 1253 2191 :
1282 2148 1443 2208 atque
1477 2138 1567 2193 alii
1606 2138 1712 2193 alio
1742 2139 1847 2193 ritu
1893 2138 1960 2193 de
1988 2137 2098 2194 Deo
2122 2138 2284 2208 impie

720 2243 1037 2302 senserunt;
1072 2236 1277 2291 idcirco
1308 2252 1431 2291 cum
1472 2223 1633 2293 alieni
1654 2244 1837 2292 essent
1862 2251 1892 2290 a
1916 2234 2135 2290 civitate
2154 2233 2280 2300 Dei,

692 2342 748 2380 ra
782 2342 910 2382 vero
940 2326 1141 2399 hymno
1170 2328 1308 2399 lapsi
1340 2337 1488 2385 sunt.
1521 2328 1726 2384 Civitas
1760 2342 1925 2399 porro
1952 2326 2049 2381 Dei
2084 2327 2280 2394 nostri,

721 2419 962 2475 Ecclesia
1008 2428 1111 2485 est,
1141 2436 1260 2491 qua:
1293 2437 1457 2491 supra
1486 2419 1703 2489 eloquio
1731 2417 2042 2489 liujusmodi
2076 2418 2282 2472 indica-

718 2510 1144 2568 turzFluminis
1199 2510 1423 2583 impetus
1474 2512 1750 2582 lwtiﬁcant
1820 2513 2085 2565 ciuitatem
2136 2510 2282 2565 Dei:

718 2605 1065 2674 sanctiﬁcavit
1100 2603 1494 2658 tabernaculum
1524 2616 1676 2657 suum
1693 2600 2002 2655 Altissimus
2018 2600 2062 2655 ⁸.
2087 2599 2152 2654 Ει
2170 2600 2283 2655 haec

717 2689 934 2769 quidem
965 2696 1033 2751 de
1058 2711 1143 2760 ea,
1175 2712 1295 2766 quae
1322 2697 1373 2750 in
1425 2695 1586 2749 terra
1615 2701 1717 2759 est,
1769 2692 2048 2761 Ecclesia;
2080 2692 2147 2748 de
2173 2706 2283 2763 qua

716 2799 918 2856 dictum
970 2808 1053 2854 est
1104 2818 1116 2851 :
1167 2789 1479 2851 Inhabitabo
1536 2796 1589 2849 in
1651 2793 1760 2849 illis
1802 2804 1849 2850 et
1895 2792 2278 2849 inambulabo:

714 2905 760 2948 et
776 2910 864 2947 ero
884 2892 1100 2946 illorum
1120 2890 1276 2953 Deus,
1298 2898 1346 2942 et
1371 2890 1469 2958 ipsi
1488 2897 1639 2941 erunt
1668 2886 1794 2940 mihi
1816 2886 2035 2956 populus
2057 2886 2100 2939 ’.
2123 2883 2281 2950 Quod

723 2988 767 3042 si
798 3002 905 3057 qua
933 2982 1005 3042 sit
1028 2985 1136 3038 alia
1170 2983 1273 3037 hac
1312 2981 1504 3035 melior
1534 2980 1748 3043 civitas,
1783 2978 1940 3047 cujus
1986 2975 2181 3031 artifex
2225 2983 2280 3030 et

715 3078 970 3135 conditor
1004 3080 1051 3134 is
1083 3078 1199 3145 ipse
1234 3074 1338 3141 sit,
1371 3070 1678 3143 perpende,
1717 3084 1826 3141 quo
1866 3078 2025 3140 pacto
2085 3070 2142 3122 in
2189 3070 2280 3124 illa

713 3185 880 3240 etiam
912 3196 1143 3251 magnus
1169 3221 1184 3246 ,
1214 3174 1574 3234 celebrandus
1607 3181 1659 3228 et
1682 3173 1972 3245 laudabilis
1995 3173 2067 3229 sit
2100 3172 2275 3240 valde,

2394 626 2497 677 γας
2532 608 2649 660 ἐστὶ
2686 607 2783 683 καὶ.
2816 606 3111 678 ἀγαθότητι
3146 608 3239 661 καὶ
3272 605 3593 679 ἀνεξικακίᾳ
3634 609 3726 661 καὶ
3766 612 3907 678 φιλαν-

2394 695 2634 769 θρωπίᾳ,
2667 698 2785 760 ταῖς
2814 711 2872 749 τε
2898 696 3109 761 λοιπαῖς
3132 690 3543 768 έπινοουμέναις
3591 699 3647 749 ὲν
3676 684 3809 769 αὐτῷ
3832 701 3906 755 Bsi-

2395 791 2515 851 καῖς
2540 787 2796 856 δυνάμεσι
2816 804 2829 815 ’
2866 787 2945 840 διὸ
2968 786 3241 842 λέλεκταιο
3271 790 3378 843 Kal
3412 788 3534 855 τοῖς
3556 788 3905 860 διαλογισμοῖς

2392 895 2507 932 σου
2536 881 2646 932 οὐκ
2669 879 2800 932 ἔστι
2834 880 2923 945 τίς
2953 877 3393 948 ὁμοιωθήσεται.

2450 980 2690 1055 ἱἈθέους
2725 991 2876 1056 τινὰς
2921 993 3080 1056 ὄντας
3116 992 3373 1062 δαίμονας
3423 994 3646 1065 ἐπῳδῶν
3695 994 3805 1064 (sic)

2391 1082 2713 1154 ποιημένονς
2760 1083 2788 1134 ὁ
2826 1081 2924 1154 τὴν
2959 1082 3147 1135 ἑαυτοῦ
3191 1081 3461 1152 βασιλείαν
3490 1078 3581 1137 ὲπῖ
3622 1074 3724 1154 γῆν
3756 1102 3905 1159 cum.

2392 1176 2648 1245 σάμενος,
2677 1174 2769 1229 καὶ
2798 1175 2865 1228 τὰ
2898 1174 3016 1229 καθ’
3042 1176 3267 1229 ἕκαστον
3313 1175 3420 1228 τῶν
3450 1175 3755 1248 ἔμπροσθεν
3780 1195 3906 1247 κατη-

2394 1268 2747 1339 ριθμημένων
2782 1268 2840 1320 ὲν
2883 1266 3186 1338 ἀνθρώποις
3216 1268 3549 1332 ἐπιτελέσας.
3596 1270 3671 1322 Οὑ
3711 1270 3845 1340 μόνον
3873 1273 3907 1325 δὲ

2394 1361 2561 1433 μέγας
2589 1361 2753 1424 ἐστὶν,
2776 1358 2911 1413 ἀλλά
2936 1360 3027 1414 καὶ
3056 1360 3290 1432 ὑμνητὸς
3318 1359 3520 1433 σφόδρα
3538 1374 3550 1390 ⁸
3578 1362 3639 1414 οὐ
3680 1362 3781 1433 μὴν
3798 1368 3908 1433 παρὰ

2391 1453 2587 1519 πᾶσιν,
2618 1451 2738 1504 οὐδὲ
2776 1453 2832 1503 ὲν
2876 1451 3036 1505 παντὶ
3080 1451 3264 1523 τόπῳ,
3307 1453 3421 1505 ἀλλ’
3462 1456 3518 1506 ὲν
3563 1456 3633 1524 τῇ
3674 1448 3813 1507 πόλει
3844 1458 3906 1509 τε]

2389 1543 2519 1596 Θεοῦ
2552 1542 2706 1615 ἡμῶν
2726 1583 2740 1607 ,
2768 1544 2857 1596 καί
2888 1545 2945 1596 ὲν
2978 1542 3055 1614 τῷ
3086 1544 3200 1615 ϐρει
3232 1542 3371 1616 ἁγίῳ
3400 1544 3583 1598 αὐτοῦ’.
3625 1547 3857 1618 Ἐπείπερ
3876 1553 3908 1601 εἰ

2390 1633 2492 1700 ἔξω
2518 1635 2617 1706 τῆς
2649 1634 2813 1687 αὐτοῦ
2848 1633 3054 1697 πόλεως
3073 1675 3087 1697 ,
3115 1634 3343 1703 ἀμαθεῖς
3365 1636 3524 1699 ὄντες
3541 1636 3642 1709 τῆς
3672 1629 3836 1692 ἐνθέου
3858 1640 3908 1692 ξι-

2388 1727 2683 1793 δασκαλῐας
2706 1771 2719 1794 ,
2754 1729 2851 1781 οὐκ
2900 1729 3076 1782 ἴσασιν
3109 1730 3273 1781 αὐτὸν
3304 1728 3527 1799 ὑμνεῖν,
3568 1730 3677 1783 οὐδ’
3721 1730 3908 1795 ἐπαξίως

2390 1818 2654 1887 Θεολογεῖν
2676 1836 2689 1850 ’
2727 1806 2925 1893 διόπερ
2962 1820 3058 1890 τὴν
3105 1819 3393 1891 σεϐάσμιον
3447 1823 3811 1895 προσηγορίαν
3846 1825 3908 1875 ἐπὶ

2385 1910 2482 1982 τὴν
2507 1910 2709 1981 ἄψυχον
2742 1911 2869 1982 ὓλην
2918 1910 3427 1981 καταϐεϐλήκασιν,
3466 1914 3500 1984 ἦ
3548 1910 3706 1978 ζώων

2386 2004 2517 2074 γένη
2538 2044 2553 2067 ,
2584 2003 2616 2074 ἢ
2644 2003 2735 2055 ἐπὶ
2762 2002 2829 2056 τά
2857 2006 3091 2074 στοιχεῖα
3112 2044 3125 2070 ,
3161 2005 3262 2073 γῆν
3281 2046 3296 2070 ,
3325 2005 3467 2076 ὕδωρ
3492 2045 3506 2069 ,
3543 2007 3682 2078 ἀέρα
3704 2048 3719 2072 ,
3751 2006 3907 2078 π]ρά

2386 2097 2480 2149 ἐπὶ
2508 2096 2576 2149 τὰ
2603 2096 2741 2168 μέρη
2762 2096 2853 2150 τοῦ
2882 2097 3120 2167 κόσμου’
3156 2096 3251 2149 καὶ
3279 2096 3425 2149 ἄλλοι
3473 2098 3648 2163 ἄλλως
3674 2115 3786 2162 πως
3816 2100 3909 2169 περὶ

2384 2189 2517 2243 Θεοῦ
2548 2190 2802 2254 ἐδόξασαν
2829 2189 3041 2255 ἀσεϐῶς
3065 2206 3077 2222 ⁶
3108 2192 3202 2244 καὶ
3247 2190 3335 2243 διὰ
3370 2190 3555 2254 τοῦτο,
3606 2193 3703 2263 τῆς
3746 2191 3907 2252 πόλεως

2383 2284 2531 2347 ὄντες
2564 2282 2829 2357 ἀλλότριοι
2873 2282 2966 2411 γιοῦ
3007 2282 3173 2347 Θεοῦ,
3217 2282 3645 2336 ἀποπεπτώκασι
3685 2283 3776 2336 τοῦ
3813 2284 3908 2351 ἁλη-

2384 2375 2509 2411 nam.
2550 2374 2717 2411 suum
2778 2374 2935 2411 nm..-
2966 2374 3021 2411 λε
3060 2373 3153 2411 m1
3180 2373 3313 2411 amr.
3346 2374 3504 2411 sua“.
3546 2376 3579 2411 4.
3622 2374 3881 2411 ’πννὶηιη

2384 2375 2509 2439 Θοῦς
2550 2374 2737 2446 ὕμνου.
2778 2373 2935 2439 nm;
2966 2374 3023 2427 δὲ
3060 2373 3153 2428 τοῦ
3180 2373 3313 2427 Θεοῦ
3346 2374 3504 2446 ἡμῶν
3546 2376 3580 2446 ἡ
3622 2374 3907 2447 Ἐκκλησία,

2383 2467 2448 2537 ἢν
2473 2468 2565 2519 καί
2593 2466 2660 2520 τά
2689 2467 2944 2537 ἀνωτέρω
2964 2464 3149 2537 ἐδήλου
3174 2460 3328 2535 λόγια
3345 2499 3367 2531 ,-
3387 2466 3454 2519 δι’
3487 2459 3564 2520 ὧν
3590 2466 3801 2539 εἴρητο⁸
3828 2467 3908 2520 Τοῦ

2382 2559 2646 2630 ποταμόῦ
2672 2560 2745 2613 τὰ
2770 2558 3077 2629 ὁρμήματα
3096 2558 3487 2628 εὐφραίνουσι
3508 2558 3626 2628 τὴν
3640 2562 3811 2613 πόλιν
3830 2556 3907 2614 rei

2384 2650 2530 2708 Θεοῦ
2553 2668 2566 2681 ·
2599 2653 2813 2720 ἠγίασε
2836 2651 2899 2704 τὸ
2922 2650 3209 2719 σκήνωμα
3240 2651 3425 2706 αὐτοῦ
3448 2656 3480 2705 ό
3507 2654 3803 2720 Ὑψιστος.
3829 2655 3908 2705 Καὶ

2381 2744 2553 2798 ταῦτα
2582 2743 2680 2815 μὲν
2712 2745 2837 2816 περὶ
2870 2744 2966 2815 τῆς
3008 2742 3149 2798 κατά
3180 2743 3286 2815 γῆν
3338 2742 3693 2815 Ἐκκλησίας’
3726 2745 3838 2813 περὶ
3860 2739 3907 2812 ἧς

2380 2839 2595 2911 εἴρηται
2613 2855 2627 2868 ο
2674 2835 2992 2916 Ἐνοικήσω
3015 2837 3085 2890 ὲν
3115 2836 3317 2902 αὐτοῖς
3340 2835 3440 2890 καὶ
3466 2835 3903 2905 ἐμπεριειατήσιυ⁸

2380 2933 2479 2986 καὶ
2516 2932 2725 3000 ἔσομαι
2764 2928 2962 2984 αὐτῶν
3006 2928 3176 2995 Θεὸς,
3222 2928 3321 2982 καί
3361 2928 3531 2982 αὐτοί
3563 2929 3800 2983 ἔσονταί
3834 2945 3903 2996 μοι

2380 3024 2547 3089 λαός.
2573 3024 2635 3075 Εἰ
2664 3023 2707 3075 δ’
2732 3022 2845 3075 ἔστι
2872 3039 2953 3084 τις
2983 3020 3115 3092 ἀλλη
3145 3020 3408 3091 κρείττων
3427 3005 3645 3090 ’ταύτης
3680 3021 3839 3083 πόλις,
3857 3016 3904 3089 ἧς

2382 3115 2629 3186 τεχνίτης
2674 3114 2772 3167 καὶ
2821 3110 3146 3183 δημιουργὸς
3184 3110 3378 3173 αὐτός’
3425 3110 3521 3163 Θέα
3565 3113 3713 3175 ὅπως
3746 3114 3827 3164 καὶ
3864 3112 3905 3160 ἐν

2380 3208 2551 3281 ταύτῃ
2579 3207 2749 3279 μέγας
2771 3206 2862 3259 καὶ
2908 3204 3143 3276 ὑμνητὸς
3163 3244 3177 3269 ,
3203 3203 3294 3256 καὶ
3323 3203 3534 3267 αἰνετός
3560 3206 3676 3257 ἐστι
3708 3204 3902 3274 σφόδρα.

716 3290 839 3331 cum
862 3275 916 3328 in
945 3289 1007 3328 ea
1033 3289 1132 3343 pro
1160 3270 1424 3341 dignitate
1451 3267 1808 3339 intelligatur,
1841 3280 1906 3321 ac
1933 3264 2135 3320 divinis
2158 3281 2278 3318 ver-

2382 3300 2500 3351 κατ’
2545 3297 2700 3363 ἀξίαν
2743 3294 3027 3364 νοούμενος
3078 3294 3135 3344 ὲν
3179 3292 3314 3365 αὐτῇ
3362 3293 3457 3347 καὶ
3507 3293 3901 3364 θεολογούμενος.

715 3370 799 3424 bis
824 3367 1147 3423 celebretur.
1180 3364 1240 3419 In
1269 3378 1377 3434 quo
1415 3369 1595 3417 autem
1626 3368 1785 3416 terra:
1814 3359 1935 3414 loco
1959 3358 2156 3413 civitas
2195 3354 2278 3409 illa

2380 3390 2477 3443 Ποῖ
2504 3390 2559 3443 δὲ
2584 3354 2684 3460 ἧς
2709 3354 3049 3459 ᾠκοδόμηται
3082 3386 3117 3456 ἡ
3156 3354 3314 3449 πόλις,
3337 3385 3513 3455 αὕτη,
3550 3388 3579 3439 ό
3613 3354 3711 3456 μέν
3733 3354 3903 3455 quin;

713 3460 802 3524 sit,
839 3458 913 3513 ita
942 3459 1098 3513 docet
1130 3448 1373 3527 psalmus
1404 3474 1417 3508 :
1453 3452 1522 3507 In
1559 3460 1730 3506 monte
1768 3458 1952 3505 sancto
1987 3448 2103 3517 eius
2153 3446 2275 3501 bene

711 3552 988 3617 radicato;
1024 3551 1078 3607 id
1103 3557 1206 3613 est,
1244 3550 1381 3605 bene
1403 3546 1649 3611 fundato,
1686 3553 1741 3600 et
1789 3543 2057 3607 radicato,
2092 3548 2148 3598 et
2184 3556 2276 3595 ex.-

710 3647 995 3702 sultatione
1042 3645 1295 3698 universa:
1334 3650 1507 3695 teme.
1548 3640 1736 3705 Qualis
1777 3651 1941 3707 porro
1986 3650 2144 3690 mons
2185 3632 2275 3689 ille

711 3742 803 3805 sit,
844 3755 1072 3810 magnus
1094 3737 1251 3793 docet
1278 3734 1571 3806 Apostolus
1593 3732 1679 3789 bis
1700 3732 1881 3787 verbis
1906 3750 1918 3784 :
1943 3729 2273 3783 Accessimus

711 3833 781 3886 ad
813 3830 941 3886 Sion
960 3839 1186 3885 montem
1205 3868 1221 3895 ,
1250 3836 1300 3881 et
1332 3828 1595 3881 civitatem
1637 3824 1735 3879 Dei
1771 3824 1986 3878 viventis
2005 3862 2021 3887 ,
2050 3819 2275 3896 Ierusa-

709 3927 813 3980 lem
840 3926 1115 3990 caelestem,
1151 3934 1199 3978 et
1242 3925 1530 3979 multorum
1568 3924 1795 3977 millium
1833 3920 2134 3993 angelorum
2175 3919 2276 3989 fre-

710 4022 997 4093 quentiam,
1050 4029 1098 4073 et
1151 4012 1445 4074 Ecclesiam
1487 4018 1973 4089 primogenitorum,
2012 4015 2103 4087 qui
2149 4030 2273 4067 con-

709 4117 893 4192 scripti
924 4133 1046 4177 sunt
1075 4124 1128 4177 in
1152 4122 1373 4177 caelis”.
1400 4120 1657 4176 Eamdem
1695 4134 1825 4175 vero
1845 4134 1965 4175 esse
1995 4117 2273 4172 civitatem

711 4217 802 4271 Dei
827 4232 1006 4271 veram
1058 4218 1173 4287 ipse
1220 4216 1461 4271 declarat
1503 4213 1691 4268 dicens
1725 4210 1871 4267 :Illa
1916 4219 2110 4274 autem,
2156 4222 2272 4277 qua:

710 4325 917 4363 sursum
961 4318 1037 4361 est
1086 4307 1405 4372 Jerusalem,
1470 4305 1635 4359 libera
1684 4313 1781 4369 est,
1827 4317 1942 4372 qua!
1988 4311 2063 4354 est
2106 4308 2273 4352 mater

710 4402 973 4455 nostra“.
1010 4400 1165 4458 Mons
1206 4410 1387 4455 autem
1435 4398 1547 4453 Deo
1586 4398 1815 4468 dignus,
1862 4395 2037 4464 ipsum
2075 4392 2272 4445 cmlum

710 4503 811 4549 est.
853 4494 991 4560 Quia
1016 4511 1145 4549 vero
1168 4495 1415 4549 homines
1448 4494 1503 4548 in
1531 4502 1674 4547 terra
1697 4490 1955 4559 degentes
1978 4500 2144 4557 regno
2172 4497 2271 4540 suo

709 4596 1030 4666 dedignatus
1060 4612 1167 4651 non
1190 4603 1272 4651 est
1296 4614 1310 4661 ;
1334 4595 1387 4649 id
1414 4594 1558 4650 enim
1591 4591 1933 4663 signiﬁcabat
1957 4588 2269 4660 prmeedens

710 4691 953 4760 psalmus
973 4688 1160 4743 dicens
1188 4688 1330 4742 :Rex
1363 4688 1531 4741 omnis
1560 4698 1710 4740 terra:
1741 4684 1905 4748 Deus,
1936 4682 2151 4752 psallite
2178 4698 2268 4734 sa-
2300 4714 2344 4769 Β

708 4784 907 4845 pienler
932 4795 949 4832 :
972 4780 1201 4849 regnavit
1228 4780 1365 4832 Deus
1397 4795 1553 4847 super
1580 4788 1752 4848 gentes
1770 4780 1843 4843 ";
1871 4776 1995 4845 jure
2033 4774 2087 4828 in
2122 4781 2266 4827 terra

709 4889 924 4945 quoque
956 4874 1151 4927 civitas
1173 4871 1271 4940 ipsi
1308 4872 1607 4924 constituta
1637 4878 1719 4924 est
1741 4911 1755 4935 ,
1786 4869 1911 4923 vitae
1940 4867 2149 4922 scilicet
2180 4866 2265 4919 in-

709 4967 959 5019 stitutum
1001 4963 1093 5018 Dei
1137 4962 1309 5018 cultui
1360 4959 1657 5024 addictum,
1705 4960 1760 5012 in
1808 4966 1922 5012 toto
1980 4956 2112 5012 orbe
2169 4970 2265 5026 per

707 5056 1069 5125 evangelicam
1091 5053 1531 5126 pnedicationem
1561 5051 1885 5105 consistens.
1912 5048 2146 5104 Montem
2170 5046 2265 5101 Dei

705 5150 767 5203 in
822 5164 929 5218 quo
975 5145 1288 5217 bujusmodi
1334 5145 1645 5198 institutum
1688 5143 1991 5197 stabilitum
2047 5150 2153 5205 est,
2198 5156 2263 5195 ne

704 5251 979 5307 cuncteris
1014 5251 1193 5305 dicere
1223 5248 1460 5303 Verbum
1498 5247 1591 5301 Dei
1624 5260 1767 5308 esse,
1814 5245 2063 5299 videlicet
2100 5242 2261 5297 Chri-

702 5354 881 5410 stum;
915 5342 1038 5411 quia
1070 5357 1232 5411 supra
1265 5348 1471 5410 petram
1492 5338 1711 5392 fundata
1734 5336 1853 5405 ejus
1873 5334 2113 5389 Ecclesia
2140 5338 2255 5387 est:

704 5435 818 5503 ipse
860 5442 1039 5487 autem
1064 5443 1213 5501 petra
1243 5440 1377 5487 erat.
1421 5430 1574 5484 Mons
1617 5431 1819 5498 itaque,
1855 5414 2023 5497 petra,
2066 5424 2259 5479 funda-

703 5536 940 5581 mentum
971 5525 1221 5580 Ecclesize
1241 5526 1355 5595 ipse
1383 5525 1531 5578 solus
1554 5522 1735 5581 fuerit,
1764 5528 1820 5574 ut
1843 5521 2061 5589 quidam
2086 5517 2217 5571 dicit
2241 5532 2254 5569 :

709 5620 1121 5673 Fundamentum
1150 5617 1285 5670 enim
1318 5615 1465 5669 aliud
1504 5630 1653 5667 nemo
1688 5621 1854 5678 potest
1888 5626 2097 5683 ponere,
2121 5623 2257 5675 prm-

2378 3483 2617 3551 διδάσκει
2673 3482 2876 3550 λέγων·
2929 3482 3028 3535 Ἑν
3082 3480 3201 3549 ὄρει
3262 3481 3408 3550 ἁγίῳ
3458 3482 3645 3536 αὑτοῦ
3704 3480 3899 3550 εὐρὶζφ·

2375 3576 2619 3630 τουτέστι
2646 3576 2723 3646 τῷ
2748 3571 2805 3629 εὖ
2833 3575 3279 3645 τεθεμελιωμένῳ
3314 3574 3409 3629 καὶ
3444 3573 3809 3645 ἐρριζωμένην,
3834 3573 3903 3625 καὶ

2374 3669 2453 3735 τῷ
2490 3668 2880 3739 ἀγαλλιάματι
2925 3668 3128 3736 πάσης
3161 3666 3271 3733 τῆς
3295 3666 3429 3736 γῆς.
3471 3668 3631 3720 Ποῖον
3674 3667 3719 3719 δ’
3753 3666 3813 3719 ἀν
3841 3666 3900 3732 είη

2372 3762 2531 3815 τοῦτο
2561 3764 2619 3815 τὸ
2657 3763 2801 3834 ὅρος,
2850 3764 2879 3814 ό
2907 3761 3078 3831 μέγας
3125 3759 3443 3822 Ἀπόστολος
3472 3759 3713 3830 διᾷάσκει
3740 3758 3899 3827 λέγων·

2373 3858 2914 3924 Προσεληλύθαμεν
2938 3850 3238 3920 Σιὼν-ὅρει
3269 3850 3365 3904 καὶ
3398 3851 3573 3903 πόλει
3612 3848 3757 3902 Θεοῦ
3793 3845 3899 3907 ζῶνο

2375 3966 2478 4015 τος
2510 3945 2893 4017 Ἰερουσαλὴμ
2939 3940 3300 4015 ἐπουρανίῳ,
3331 3940 3433 3998 καὶ
3458 3930 3747 4010 μυριάσιν
3772 3935 3900 4006 ant-

2373 4044 2497 4096 λων
2530 4039 2856 4107 πανηγύρει
2894 4038 2995 4091 καὶ
3024 4036 3350 4105 Ἐκκλησία
3380 4033 3765 4103 πρωτοτόκων
3785 4030 3898 4107 dac-

2374 4132 2785 4204 γεγραμμένων
2821 4131 2891 4184 ὲν
2920 4128 3216 4198 οὐρανοῖς.
3256 4126 3468 4196 Ταύτην
3501 4125 3558 4179 δὲ
3598 4124 3766 4192 αὐτὴν
3796 4116 3898 4172 εἶναι

2372 4224 2469 4293 τὴν
2499 4223 2648 4275 πόλιν
2678 4221 2770 4275 τοῦ
2793 4217 2927 4275 Θεοῦ
2953 4219 3049 4291 τὴν
3075 4219 3329 4291 ἀληθινὴν
3354 4208 3384 4271 ό
3406 4216 3568 4280 αὐτὸς
3595 4217 3819 4288 παρίστη
3839 4213 3897 4265 λέ-

2373 4331 2484 4383 γων
2504 4332 2517 4344 ·
2554 4315 2614 4369 Ἠ
2637 4313 2703 4367 δὲ
2731 4314 2853 4368 ἄνω
2886 4312 3269 4383 Ἰερουσαλὴμ
3293 4310 3576 4377 ἐλευθέρα
3600 4306 3790 4369 ἐστὶν,
3803 4307 3897 4371 ἥτις

2371 4410 2501 4463 ἐστὶ
2525 4408 2720 4477 μήτηρ
2761 4408 2945 4477 ἡμῶν.
2975 4408 3135 4478 Ὄρος
3161 4406 3217 4460 δὲ
3246 4404 3337 4459 τοῦ
3366 4402 3500 4457 Θεοῦ
3529 4402 3749 4468 ἐπάξιον
3774 4398 3898 4457 αὐτὸς

2372 4503 2400 4554 ό
2431 4500 2675 4573 οὐρανός.
2714 4501 2927 4571 Ἐπειδὴ
2959 4501 3014 4554 δὲ
3059 4499 3152 4553 καὶ
3192 4500 3316 4562 τοὺς
3358 4498 3448 4549 ἐπὶ
3486 4495 3592 4564 γῆς
3624 4490 3897 4564 ἀνθρώπους

2372 4597 2470 4647 οὐκ
2496 4593 2774 4665 ἀπηξίωσε
2804 4594 2902 4663 τῆς
2937 4592 3142 4655 οἰκείας
3174 4591 3471 4663 βασιλείας·
3503 4587 3663 4641 τοῦτο
3688 4586 3788 4655 γὰρ
3809 4582 3895 4649 ἐδή-

2372 4689 2463 4741 λου
2495 4691 2523 4742 ὁ
2556 4689 2659 4759 πρὸ
2696 4688 2884 4741 τούτου
2918 4687 3125 4758 ιβαλμὸς
3157 4686 3361 4753 λέγων’
3390 4680 3692 4745 Βασιλεὺς
3735 4676 3895 4741 πάσης

2372 4780 2481 4847 τῆς
2514 4778 2623 4850 γῆς
2652 4782 2691 4833 όη
2719 4779 2888 4845 Θεὸς,
2926 4778 3157 4848 pilare
3194 4772 3462 4839 συνετῶς
3482 4792 3495 4805 ο
3537 4773 3895 4827 ἐϐασίλευσεν

2370 4873 2402 4923 o'
2431 4870 2571 4935 Θεὸς
2597 4869 2692 4923 ἐπὶ
2724 4869 2794 4922 τὰ
2818 4869 2960 4935 ἔθνη
2980 4883 2997 4899 ο
3021 4867 3243 4928 εἰκότως
3283 4864 3376 4917 καὶ
3414 4864 3506 4914 ὲπί
3539 4862 3640 4931 τῆς
3666 4860 3762 4929 γῆς
3804 4875 3891 4909 συν-

2369 4962 2497 5032 έστη
2532 4961 2679 5032 αὺτῷ
2712 4961 2863 5025 πόλις
2885 5000 2898 5023 ,
2949 4960 3009 5013 τὸ
3041 4956 3288 5018 θεοσεϐὲς
3314 4954 3512 5029 δηλαδὴ
3544 4954 3828 5022 πολίτευμα
3852 4949 3892 5000 τὶ

2369 5055 2487 5108 καθ’
2511 5054 2637 5125 ὅλης
2662 5054 2762 5123 τῆς
2784 5052 3103 5122 οἰκουμένης
3124 5048 3211 5102 διὰ
3233 5046 3326 5100 τοῦ
3349 5044 3703 5114 εῦαγγελικοῦ
3732 5040 3891 5096 συστὰν

2371 5148 2738 5218 κηρύγματος.
2768 5148 2928 5217 Ὄρος
2967 5144 3023 5195 δὲ
3058 5140 3152 5195 τοῦ
3178 5134 3325 5197 Θεοῦ
3368 5140 3425 5190 ὲν
3529 5137 3591 5191 τὸ
3635 5137 3889 5201 πολίτενμ)

2370 5240 2523 5291 τοῦτο
2554 5240 2865 5309 συνέστηκε,
2889 5236 2963 5306 μὴ
2988 5233 3132 5286 ϐκνει
3160 5232 3336 5297 λέγειν
3357 5231 3446 5282 τὸν
3462 5231 3632 5297 Λόγον
3658 5222 3747 5283 τοῦ
3768 5226 3889 5281 Θεοῦ.

2368 5332 2481 5399 ἤτοι
2510 5330 2595 5383 τὸν
2621 5329 2852 5401 Χριστόν
2875 5343 2889 5356 ·
2914 5323 3140 5394 ἐπείπερ
3178 5322 3269 5376 ἐπὶ
3296 5320 3393 5391 τὴν
3418 5322 3621 5392 πέτραν
3650 5319 3886 5393 ᾠκοδῴῑ·

2363 5439 2448 5473 ται
2478 5422 2635 5475 αὐτοῦ
2671 5424 2707 5491 ἡ
2752 5416 3071 5485 Ἐκκλησία·
3100 5413 3258 5476 αὑτός
3286 5430 3343 5467 τε
3375 5408 3440 5485 ἦν
3472 5415 3504 5484 ή
3540 5416 3731 5483 πέτρα.
3760 5404 3887 5463 (ἰῖιτϋς

2365 5511 2455 5567 οὖν
2484 5517 2573 5567 καὶ
2596 5515 2720 5584 ὅρος
2748 5511 2839 5564 καὶ
2863 5509 3035 5578 πέτρα
3063 5508 3154 5560 καὶ
3180 5505 3236 5558 Os
3247 5506 3425 5577 μὲλιος
3451 5508 3550 5577 τῆς
3584 5500 3885 5571 Ἐκκληοίπς.

2366 5606 2524 5667 αὐτὸς
2572 5606 2634 5659 ἂν
2686 5604 2840 5675 μόνος
2870 5601 2955 5671 εἴη
2989 5600 3126 5653 κατὰ
3173 5599 3261 5652 τὸν
3300 5601 3576 5665 φάσκοντα
3601 5615 3614 5627 ·
3647 5588 3883 5660 Gemuit?

769 5798 785 5823 ⁷
828 5796 966 5847 ῐέ.ιί.
1005 5815 1161 5850 xuix
1186 5838 1197 5860 ,
1231 5800 1282 5850 ti.
1361 5797 1378 5825 ⁸
1420 5795 1559 5849 Psal.
1594 5808 1713 5855 XLV,
1748 5792 1799 5845 5.
1875 5789 1895 5819 ⁹
1934 5783 2103 5843 Levit.
2140 5800 2260 5841 XXV!

2379 5784 2421 5838 2.
2502 5782 2543 5814 ¹⁰
2586 5781 2743 5836 Hebr.
2782 5797 2875 5843 xu,
2908 5778 2995 5839 “2‘2,
3022 5777 3109 5831 ‘25.
3193 5777 3228 5805 “
3272 5774 3387 5829 Cal.
3424 5792 3493 5835 tv,
3529 5772 3620 5827 ‘16.
3699 5768 3739 5798 "
3772 5760 3880 5819 Psal.

704 5884 749 5919 rt
775 5883 854 5925 γι,
899 5874 947 5917 ὅ.
