3958 6340
712 376 817 429 e23

1424 383 1686 440 EliSEBll
1725 384 2189 440 CxESARlENSlS

2325 385 2374 442 P.
2414 384 2588 440 PARS
2626 383 2710 439 lli.
2750 404 2817 424 -ι
2852 381 3249 441 EXECETICA.

3776 390 3879 446 ’.124

650 528 656 533 ε
714 502 977 563 gnandam
1004 498 1094 553 Dei
1116 497 1405 553 Ecclesiam
1434 500 1636 569 scripto
1655 499 1957 555 dederunt?
1991 500 2226 555 Caeterun

2325 554 2327 560 _
2353 499 2597 570 ἀλλήλοις
2647 499 2737 552 καὶ
2766 498 2958 567 νόμους
2985 498 3285 567 ἐγγράφους
3314 497 3491 552 ἔθεντο
3519 497 3609 552 τοῦ
3644 500 3879 569 πολεμεῖν

713 584 903 652 ingens
928 585 1241 640 miraculum
1275 585 1364 641 Dei
1396 589 1449 641 in
1481 587 1734 644 domibus
1761 589 1879 657 ejus
1910 589 2110 657 eosniti
2139 596 2251 641 tum

712 672 1145 743 deprehenditur,
1174 692 1294 731 cum
1345 694 1498 748 reges
1548 679 1604 732 in
1633 695 1799 733 unum
1847 681 2017 733 coacti
2052 679 2251 734 bellum

707 762 999 821 inferentes
1031 765 1283 822 Ecclesiae
1324 770 1514 838 ipsius,
1564 770 1987 839 persecutionem
2027 785 2249 824 moven-

707 870 810 919 ωε,
852 865 1135 911 sexcentos
1182 860 1407 914 insidias
1451 869 1719 915 struentes
1772 862 2029 915 adversus
2082 860 2245 923 illam,

708 946 840 999 nihil
874 958 1101 1016 possunt
1151 949 1350 1004 inferre
1379 951 1580 1005 damni.
1614 952 1792 1019 Quare
1823 951 2119 1022 subjungit,
2149 952 2249 1019 ipsi

705 1036 928 1091 uidentes
961 1041 1036 1092 sic
1076 1039 1324 1099 admirati
1352 1056 1511 1104 sunt;
1553 1058 1674 1096 nam
1706 1060 1769 1097 ex
1818 1043 1951 1112 ipsis
1993 1043 2245 1113 Operibus

704 1140 985 1198 perspecta
1015 1131 1133 1199 ejus
1167 1132 1383 1197 virtute,
1414 1136 1487 1188 sic
1524 1134 1770 1188 admirati
1802 1144 1959 1198 sunt;
2001 1151 2121 1189 cum
2149 1149 2245 1187 an-

702 1226 789 1274 tea
818 1220 1038 1275 minime
1060 1222 1401 1294 mirarentur.
1424 1225 1635 1290 Postea,
1665 1224 1960 1280 conturbati
1985 1236 2125 1289 sunt,
2159 1230 2244 1279 ut-

704 1317 839 1379 pote
863 1310 957 1381 qui
994 1310 1083 1365 Dei
1126 1313 1422 1369 adversarii
1457 1324 1637 1370 essent
1671 1335 1684 1371 :
1730 1316 1985 1371 Commoti
2031 1328 2151 1371 sunt
2193 1306 2245 1372 et

704 1407 896 1453 tremor
921 1391 1249 1471 apprehendit
1293 1422 1400 1459 eos.
1438 1405 1521 1459 lbi
1546 1405 1750 1461 dolores
1780 1417 1836 1461 ut
1876 1409 2237 1478 parturientis.

701 1487 834 1544 Na‘m
863 1500 989 1546 tunc
1010 1492 1221 1548 demum
1249 1496 1386 1549 ratio
1420 1496 1609 1564 judicii
1635 1496 1748 1561 Dei,
1774 1514 1930 1568 quem
1959 1500 2241 1570 impugna-

700 1582 851 1644 bant,
884 1585 1193 1653 conspectui
1227 1600 1411 1639 eorum
1446 1589 1636 1657 patuit.
1663 1588 2020 1655 Quamobrem
2045 1586 2239 1645 Secun-é

699 1671 825 1725 dum
860 1671 1232 1742 Symmachum
1271 1676 1469 1730 dicitur
1501 1697 1513 1732 :
1547 1676 1659 1748 Ipsi
1689 1680 1913 1733 videntes
1956 1682 2033 1733 sic
2065 1678 2237 1733 admi-

699 1761 802 1813 rati
828 1771 967 1826 sunt,
1002 1763 1293 1817 conturbati
1323 1776 1463 1845 sunt,
1494 1767 1719 1835 perculsi
1747 1778 1888 1829 sunt,
1930 1777 2119 1821 tremor
2146 1784 2235 1821 οε·
2268 1762 2276 1769 ’

2349 590 2447 661 τὴν
2488 588 2801 658 Ἐκκλησίαν
2831 586 2926 640 τοῦ
2954 585 3121 653 Θεοῦ;
3152 587 3293 658 Πλὴν
3320 589 3379 640 τὸ
3419 589 3557 658 μέγα
3591 587 3771 659 θαῦμα
3795 590 3877 643 τοῦ

2350 683 2407 734 ὲν
2442 684 2560 743 ταῖς
2589 679 2806 751 βάρεσιν
2856 680 3021 750 αὐτῆς
3048 679 3441 749 γινωσκομένου
3469 680 3600 733 Θεοῦ
3637 682 3757 736 τότε
3785 681 3881 735 δείς

2350 790 2565 835 κνυται,
2614 771 2830 825 ἐπειδὰν
2860 774 2906 824 οί
2941 770 3174 840 βασιλεῖς
3196 810 3210 833 ,
3268 770 3634 841 συναχθέντες,
3664 774 3880 844 πόλεμον

2346 866 2578 935 ἄρωνται
2619 863 2756 921 κατά
2800 862 2897 933 τῆς
2947 861 3266 932 Ἐκκλησίας
3296 861 3492 927 αὑτοῦ,
3535 862 3802 932 διωγμοὺς
3826 881 3878 917 τε

2346 953 2644 1017 κινοῦντες,
2674 953 2767 1006 καὶ
2792 953 2987 1025 μυρίας
3014 952 3296 1016 ὲπιὸουλὰς
3320 954 3438 1005 κατ’
3457 953 3625 1023 αὐτῆς
3651 953 3881 1022 βουλευό-

2349 1062 2529 1115 μενοι,
2563 1044 2724 1115 μηδὲν
2759 1046 2997 1113 ίσχύωσι.
3026 1044 3116 1095 Διὸ
3147 1042 3412 1109 ἐπιλέγει·
3459 1043 3637 1095 Αὐτοὶ
3666 1043 3879 1113 ἰδόντες

2341 1137 2524 1201 οὕτως
2555 1137 2931 1204 ἐθαύμασαν
2971 1133 3113 1204 ἔργῳ
3163 1132 3269 1203 γὰρ
3322 1131 3416 1203 τὴν
3458 1132 3680 1203 δύναμιν
3728 1136 3878 1188 αὖτοῦ

2341 1223 2770 1292 παραλαϐόντες,
2816 1223 3001 1287 οὕτως
3029 1222 3374 1289 ἐθαύμασαν
3394 1260 3408 1285 ,
3443 1222 3548 1292 πρὸ
3584 1223 3772 1275 τούτου
3814 1226 3879 1296 μή

2342 1316 2731 1386 θαυμάσαντες.
2767 1310 2896 1366 Εἶτα
2919 1312 3349 1382 ἐταράχθησαν,
3380 1311 3453 1375 ὠς
3478 1309 3542 1367 ἂν
3566 1311 3702 1365 Θεοῦ
3736 1313 3880 1367 πολέ-

2343 1421 2451 1473 μιοι
2500 1402 2884 1464 καταστάντες·
2949 1400 3399 1469 Ἐσαλεύθησάν
3445 1416 3507 1455 τε
3539 1401 3636 1455 καὶ
3678 1404 3879 1471 τρόμος

2338 1492 2651 1547 ἐπελάϐετο
2696 1491 2907 1545 αὐτῶν.
2980 1492 3137 1546 Ἐκεῖ
3171 1491 3377 1557 ὠδῖνες
3423 1492 3504 1558 ὠς
3548 1496 3874 1561 τικτούσης.

2338 1581 2535 1637 Λοιπὸν
2562 1580 2669 1649 γὰρ
2696 1574 2992 1633 ὑπέπιπτεν
3023 1581 3199 1634 αὐτῶν
3242 1584 3352 1644 τοῖς
3382 1581 3678 1652 ὀφθαλμοῖς
3704 1585 3734 1635 ὁ
3763 1586 3876 1654 περὶ

2337 1672 2433 1742 τῆς
2463 1672 2690 1743 κρίσεως
2715 1670 2805 1724 τοῦ
2830 1670 2962 1723 Θεοῦ
2987 1672 3138 1739 λόγος
3157 1711 3169 1733 ,
3201 1672 3291 1725 τοῦ
3314 1673 3401 1724 ὑπ’
3423 1674 3600 1726 αὐτῶν
3624 1676 3877 1746 πολεμου-

2340 1763 2516 1833 μένου.
2554 1762 2643 1815 Διὸ
2672 1762 2810 1815 κατά
2830 1763 2921 1815 τὸν
2952 1763 3239 1833 Σύμμαχον
3265 1765 3505 1835 εἴρηται·
3530 1768 3712 1821 Αὐτοὶ
3738 1767 3877 1821 ἰδόν-

696 1856 896 1923 cupavit
922 1871 1028 1917 eos.
1056 1855 1259 1910 dolores
1286 1868 1343 1910 ut
1362 1858 1631 1925 parientis.
1662 1857 2059 1923 Parturiebant,
2080 1868 2137 1913 ut
2162 1858 2226 1912 diu

2340 1868 2436 1919 τες
2466 1854 2648 1919 οὕτως
2673 1854 3041 1922 ἐθαύμασαν,
3072 1854 3511 1923 ἐταράχθησαν,
3550 1858 3875 1928 ἐξεπλάγη-

695 1952 837 1998 ctum
866 1954 947 2000 est.
979 1964 991 1998 :
1026 1945 1156 2001 Ecce
1184 1949 1433 2014 parturiit
1459 1948 1789 2011 iniustitiam,
1833 1950 2061 2019 concepit
2088 1950 2237 2004 dolo-

695 2050 831 2100 rem,
862 2046 912 2090 et
952 2039 1143 2105 peperit
1168 2038 1513 2106 iniquitatem.
1550 2028 1745 2090 Lucani
1778 2041 1977 2107 aperuit
2019 2050 2067 2093 et
2108 2040 2236 2108 effo-

691 2128 769 2181 dit
794 2144 930 2191 eum,
954 2141 1002 2181 et
1026 2128 1213 2181 incidet
1242 2129 1295 2180 in
1323 2128 1518 2195 foveam
1550 2144 1703 2197 quam
1732 2129 1872 2195 fecit.
1902 2127 2234 2184 Convertetur

692 2219 843 2272 dolor
898 2219 1009 2287 ejus
1066 2220 1121 2272 in
1166 2228 1321 2287 caput
1375 2224 1525 2287 ejus,
1561 2227 1610 2273 et
1668 2220 1719 2272 in
1790 2222 2026 2275 verticem
2070 2222 2230 2289 ipsius

691 2309 939 2378 iniquitas
1000 2310 1110 2378 ejus
1182 2308 1449 2362 descendet
1517 2308 1579 2363 ⁸⁸,
1651 2308 1773 2365 Haec
1837 2325 2000 2380 porro
2070 2326 2231 2380 opere

689 2401 990 2470 completa,
1045 2417 1144 2456 nos
1186 2401 1320 2469 ipsis
1366 2403 1538 2456 oculis
1596 2404 1929 2471 percepimus
1977 2421 1989 2455 :
2036 2404 2230 2473 quibus

690 2507 821 2567 sane
874 2492 1167 2547 verisimile
1213 2500 1296 2546 est
1334 2501 1578 2562 posteros
1628 2503 1844 2549 nostros
1897 2494 2227 2561 incredulos,

686 2599 827 2640 cum.
853 2584 1093 2648 audient,
1139 2598 1245 2637 non
1295 2581 1449 2637 ﬁdem
1481 2583 1757 2638 habituros
1784 2598 1929 2639 esse.
1955 2582 2228 2653 Quotquot

687 2675 849 2746 igitur
877 2689 992 2729 aevo
1023 2683 1210 2729 nostro
1240 2672 1391 2729 fuere
1427 2672 1677 2729 Ecclesiae
1702 2674 1795 2731 Dei
1826 2674 2048 2739 inimici,
2079 2677 2227 2744 prin-

684 2766 833 2835 cipes
864 2764 1024 2833 hujus
1069 2764 1251 2819 saeculi
1295 2774 1346 2819 et
1379 2764 1612 2835 tyranni,
1660 2762 1920 2821 divinitus
1964 2766 2227 2822 immissis

683 2856 905 2928 ﬂagellis
940 2858 1157 2921 laniati,
1203 2857 1293 2910 alii
1330 2857 1544 2927 quidem
1586 2858 1803 2912 cariem.
1832 2857 2077 2927 corporis
2102 2865 2227 2925 per-

684 2949 827 3019 pessi
858 2956 1003 3011 sunt,
1031 2955 1091 3002 ut
1116 2949 1277 3002 etiam
1304 2949 1388 3002 vel
1418 2948 1592 3002 adhuc
1620 2949 1857 3003 viventes
1888 2963 2010 3002 cum
2032 2947 2227 3005 intole-

684 3038 839 3093 rabili
895 3038 1065 3092 fetore
1092 3040 1364 3093 vermibus
1405 3046 1673 3092 scaterent
1707 3057 1719 3092 :
1756 3037 1845 3092 alii
1881 3040 2008 3094 item
2040 3038 2226 3093 viven-

2336 1961 2472 2009 σαν,
2504 1946 2679 2013 φρίκη
2710 1944 3001 2015 κατέσχεν
3030 1946 3247 2012 αὐτοὺς
3267 1991 3280 2012 ,
3310 1946 3515 2015 ὠδῖνες
3548 1950 3628 2015 ὠς
3651 1950 3875 2003 τικτού-

2332 2054 2464 2105 σης.
2510 2018 2713 2090 ’Ὧδινον
2750 2038 2857 2109 γὰρ
2894 2036 3032 2094 κατὰ
3067 2037 3124 2089 τὸ
3150 2037 3496 2107 λελεγμένον
3562 2038 3717 2093 Ἰδοὺ
3751 2040 3876 2094 ὠδί-

2328 2122 2520 2197 νησεν
2548 2126 2782 2181 ἀδικίαν
2803 2167 2817 2190 ,
2848 2126 3140 2181 συνέλαϐε
3176 2127 3363 2181 πόνον
3391 2127 3487 2181 καὶ
3512 2129 3721 2183 ἔτεκεν
3748 2131 3878 2185 ἀνο-

2322 2221 2485 2289 μίαν.
2525 2220 2765 2273 Λάκκον
2797 2218 2986 2287 ὤρυξε
3024 2218 3121 2272 καὶ
3150 2217 3497 2286 ἀνέσκαψεν
3522 2221 3738 2286 αὑτὸν,
3786 2223 3875 2275 καὶ

2326 2311 2658 2381 ἐμπεσεῖται
2680 2316 2765 2377 εὶς
2784 2314 3007 2378 βόθρον
3036 2310 3107 2363 ὃν
3132 2310 3465 2380 εἰργάσατο.
3511 2302 3874 2381 Ἐπιστρέψει

2328 2407 2360 2458 ό
2384 2404 2565 2468 πόνος
2594 2402 2777 2457 αὑτοῦ
2809 2404 2895 2468 εἰς
2925 2401 3197 2475 κεφαλὴν
3216 2399 3400 2454 αὐτοῦ
3419 2442 3433 2464 ,
3465 2401 3562 2453 καὶ
3588 2400 3689 2454 ἐπὶ
3711 2418 3873 2468 zopy-

2326 2493 2451 2563 φῆν
2481 2492 2664 2546 αὐτοῦ
2697 2495 2733 2561 ἡ
2759 2492 2956 2547 ἀδικία
2992 2491 3175 2548 αὐτοῦ
3214 2493 3628 2560 καταϐήσεται.
3697 2492 3873 2564 Ταῦτα

2323 2584 2389 2636 δι’
2418 2582 2588 2653 ἔργων
2612 2580 2955 2652 πληρούμενα
2981 2581 3270 2652 ὀφθαλμοῖς
3298 2582 3475 2645 αὐτοῖς
3503 2582 3661 2653 ἡμεῖς
3690 2596 3875 2651 παρει-

2324 2672 2567 2743 λήφαμεν
2588 2689 2601 2702 ⁸
2639 2672 2674 2726 ἃ
2715 2672 2805 2725 καὶ
2832 2673 2975 2747 εἰκὸς
3002 2676 3112 2736 τοῖς
3148 2673 3262 2743 μεθ’
3291 2674 3437 2743 ἡμᾶς
3468 2672 3714 2736 ἀπίστοις
3747 2671 3870 2743 μηδὲ

2324 2763 2457 2832 ἀκοῇ
2482 2761 2819 2816 πιστεύεσθαι
2841 2762 3129 2833 λεγόμενα.
3152 2764 3352 2825 Πάντες
3373 2762 3500 2831 γοῦν
3520 2765 3569 2817 oi
3593 2762 3715 2817 καθ’
3736 2764 3870 2838 ἡμᾶς

2323 2851 2422 2921 τῆς
2467 2852 2784 2924 Ἐκκλησίας
2808 2854 2900 2905 τοῦ
2924 2853 3056 2907 Θεοῦ
3087 2854 3329 2925 πολέμιοι
3358 2855 3756 2919 καταστάντες,
3783 2856 3873 2926 ἄρα

2296 2957 2508 3012 ’χοντες
2555 2941 2649 2995 τοῦ
2696 2942 2889 3006 αἰῶνος
2934 2943 3119 2997 τούτου
3153 2946 3245 2997 καὶ
3274 2943 3522 3014 τύραννοι
3547 2984 3563 3009 ,
3600 2944 3869 3016 θεηλάτοις

2327 3032 2569 3107 μάστιξιν
2592 3033 2921 3099 αἰκισθέντες
2981 3034 3134 3105 (1)·οί
3172 3034 3268 3103 μὲν
3294 3034 3482 3104 σήψεις
3504 3035 3597 3088 τοῦ
3631 3034 3869 3105 σώματος

685 3140 767 3185 tes
808 3131 981 3185 oculis
1022 3132 1162 3201 capti
1196 3142 1357 3194 sunt;
1396 3130 1469 3184 ita
1516 3137 1574 3183 ut
1611 3126 1889 3185 divinitus
1920 3129 2223 3188 immissum

2325 3121 2645 3192 ϋπέμειναν,
2692 3121 2766 3187 ὡς
2799 3122 2890 3176 καὶ
2917 3121 3196 3193 σκώληκας
3245 3122 3304 3187 ἐξ
3330 3122 3506 3177 αὐτῶν
3554 3123 3635 3177 έτι
3663 3124 3871 3188 ζώντων

683 3225 790 3289 sibi
818 3223 1082 3296 ﬂagellum
1120 3223 1627 3290 animadverterent,
1667 3222 2101 3294 palinodiamque
2128 3239 2222 3278 ca-

2325 3212 2440 3284 μετ’
2469 3212 2735 3283 ἀφορήτου
2769 3212 3026 3275 δυσωδίας
3060 3212 3269 3283 βρύεινο
3312 3213 3363 3266 οί
3388 3211 3444 3265 δὲ
3488 3211 3587 3276 τὰς
3617 3212 3767 3282 ὄψεις
3796 3212 3869 3266 ἑτι

683 3326 893 3380 herent,
945 3330 1008 3370 ac
1046 3314 1299 3371 Ecclesiae
1332 3314 1498 3369 Deum
1542 3328 1791 3384 magnum
1826 3330 2138 3385 verumque,
2168 3323 2222 3370 et

2325 3296 2520 3368 ζῶντες
2556 3301 2942 3373 ὲπηρώθησαν,
2974 3302 3048 3366 ὼς
3092 3304 3185 3356 καὶ
3219 3303 3297 3367 είς
3329 3302 3674 3374 συναίσθησιν
3706 3302 3869 3357 ἐλθεῖν

680 3408 855 3463 solum
879 3422 998 3462 esse
1020 3406 1302 3461 Dominum
1330 3405 1733 3470 conﬁterentur,
1753 3420 2068 3475 summaque
2088 3419 2221 3459 cura

2325 3395 2418 3465 τῆς
2448 3391 2844 3463 καταλαϐούσης
2870 3392 3060 3456 αὐτοὺς
3090 3392 3625 3464 θεηλάτου-μάστιγος
3644 3434 3659 3458 ,
3690 3393 3867 3447 πιειλιν⁹

679 3484 1026 3569 praeciperent
1060 3508 1119 3553 ut
1169 3498 1357 3554 civitas
1388 3496 1477 3551 illa
1527 3495 1641 3561 Dei,
1684 3496 1752 3549 ab
1797 3510 1856 3549 se
1882 3496 2009 3549 olim
2044 3496 2221 3567 impu-

2325 3486 2481 3557 ῳδίαν
2526 3502 2583 3537 τε
2615 3481 2740 3556 ᾄσαι
2792 3484 2884 3537 καὶ
2926 3484 3014 3537 τὸν
3055 3485 3155 3555 τῆς
3189 3484 3513 3563 Ἐκκλησίας
3538 3483 3671 3539 Θεὸν
3702 3484 3865 3555 μέγαν

675 3602 875 3662 gnata,
963 3597 1359 3647 restauraretur
1427 3603 1490 3641 ac
1546 3588 1724 3641 denuo
1791 3580 2215 3642 construeretur.

673 3680 825 3747 Quod
854 3690 1040 3751 postea
1073 3680 1308 3744 additur,
1353 3679 1406 3731 in
1436 3678 1624 3747 spiritu
1675 3676 1951 3732 vehementi
1984 3688 2217 3735 conteres

673 3788 825 3825 naves
852 3769 1099 3833 Tharsis;
1150 3772 1263 3825 sive
1294 3770 1589 3823 secundum
1620 3769 1885 3839 Aquilam,
1920 3771 1973 3823 in
2028 3772 2215 3839 spiritu

670 3871 849 3917 urente
876 3862 1098 3916 conteris
1128 3877 1278 3915 nares
1311 3859 1559 3922 Tharsis;
1590 3861 1703 3916 sive
1734 3861 2026 3916 secundum
2060 3861 2217 3933 Sym-

668 3953 938 4016 machum,
989 3968 1079 4019 per
1118 3960 1321 4016 rentum
1363 3949 1639 4003 violentum
1703 3951 2005 4021 confringes’
2060 3967 2215 4005 naves

670 4041 945 4105 Tltarsis;
972 4042 1235 4111 intelliges
1264 4043 1309 4095 si
1357 4042 1755 4094 animadvertas
1783 4040 1984 4093 dictum
2018 4039 2209 4104 fuisse,

584 4180 588 4183 Α
665 4150 829 4190 naves
850 4131 1072 4188 Tharsis
1099 4134 1339 4200 ingentes
1369 4131 1583 4186 divitias
1607 4131 1882 4186 Salomoni
1906 4130 2209 4194 advexisse,

663 4234 823 4297 prout
851 4227 909 4278 in
938 4223 1245 4294 Regnorum
1275 4223 1499 4276 historia
1543 4230 1794 4276 narratur
1820 4224 1901 4288 ¹⁹;
1942 4230 2102 4290 atque
2136 4221 2210 4274 ita
2252 4243 2256 4247 <

664 4312 1079 4369 memoratorum
1120 4326 1304 4382 regum
1353 4310 1569 4365 divitias
1592 4321 1645 4366 et
1665 4311 2000 4365 dominatum
2026 4320 2211 4367 conte-

664 4388 850 4470 renda,
882 4421 946 4460 ac
968 4403 1121 4474 quasi
1152 4404 1205 4457 in
1254 4402 1580 4473 profundum
1610 4403 1825 4472 penitus
1853 4400 2209 4472 demergenda

664 4506 824 4567 atque
862 4512 1083 4566 prorsus
1112 4494 1403 4550 auferenda
1434 4510 1577 4560 esse,
1621 4510 1717 4566 per
1746 4495 2009 4549 contritas
2042 4510 2207 4551 naves

663 4589 887 4643 Tbarsis
918 4587 1314 4641 subindieatur.

2323 3577 2457 3631 εἶναι
2486 3577 2576 3630 καὶ
2603 3576 2774 3647 ἁληθῆ
2798 3577 2888 3630 καὶ
2921 3576 3076 3647 μόνον
3105 3577 3303 3649 Κύριον
3328 3577 3655 3647 ὁμολογῆσαι
3672 3593 3685 3608 ·
3708 3592 3865 3647 προσ-

2318 3670 2475 3737 τάξαι
2517 3670 2573 3723 δὲ
2605 3672 2699 3724 σὺν
2748 3668 2912 3739 πολλῇ
2950 3667 3152 3737 σπουδῆ
3181 3667 3527 3723 ἀνανεοῦσθαι
3553 3670 3645 3721 καὶ
3667 3668 3861 3721 οἰκοδο-

2322 3764 2440 3830 μεῖν
2468 3760 2563 3830 τὴν
2593 3759 2754 3813 πάλαι
2803 3758 2934 3828 πρὸς
2982 3756 3157 3809 αὐτῶν
3188 3756 3581 3837 πολεμηθεϋαν
3603 3756 3695 3809 τοῦ
3736 3756 3860 3810 Θεοῦ

2319 3854 2487 3908 πόλιν.
2540 3853 2613 3905 Τὸ
2642 3852 2687 3905 δ’
2721 3850 2848 3919 ἑξῆς
2875 3848 3157 3923 εἰρημένον
3177 3864 3191 3879 ·
3254 3850 3350 3903 Ἐν
3381 3849 3669 3917 πνεύματι
3693 3848 3863 3912 βιαίῳ

2318 3945 2662 4012 συντρίψεις
2690 3940 2867 3995 πλοῖα
2925 3939 3201 4007 Θαρσεῖς’
3234 3938 3265 4009 ἣ
3302 3940 3437 3993 κατά
3468 3940 3559 3993 τὸν
3604 3939 3856 3993 Ἀκύλαν·

2330 4036 2430 4089 Ἕν
2467 4034 2754 4102 πνεύματι
2805 4032 3115 4096 καύσωνος
3156 4031 3486 4099 συντρίϐεις
3522 4029 3675 4098 νῆας
3720 4032 3858 4099 ευρ

2316 4126 2445 4192 σεῖς
2462 4144 2476 4157 ’
2499 4126 2532 4198 ἢ
2561 4125 2699 4180 κατὰ
2731 4125 2818 4178 τὸν
2851 4124 3157 4197 Σύμμαχον·
3174 4125 3252 4179 Δι’
3272 4123 3493 4195 άνέμου
3510 4124 3716 4189 βιαίου
3739 4141 3861 4178 κατα

2315 4216 2507 4283 εάξεις
2555 4216 2704 4282 ναῦς
2762 4216 3046 4285 Θαρσεῖς·
3082 4218 3289 4288 νοήσεις
3314 4216 3611 4287 ἐπιστήσας
3640 4217 3716 4282 ὠς
3742 4216 3859 4293 νῆεςΔ

2315 4308 2541 4379 Θαρσεῖς
2563 4308 2805 4377 ἐλέγοντο
2824 4308 3046 4363 πλοῦτον
3074 4296 3240 4379 μέγαν
3266 4307 3446 4381 φέρειν
3463 4306 3543 4377 τῷ
3560 4304 3857 4377 Σολομῶντι

2315 4402 2454 4455 ποτε·
2472 4401 2607 4455 κατὰ
2639 4401 2734 4471 τὴν
2762 4386 2995 4473 ἱστορίαν
3022 4402 3119 4473 τὴν
3143 4404 3199 4455 ἐν
3228 4404 3345 4464 ταῖς
3367 4399 3669 4464 Βασιλείαις
3690 4395 3857 4465 κειμὸ
3910 4400 3913 4479 ἶ

2312 4490 2441 4561 νην.
2470 4490 2653 4554 Οὕτως
2676 4487 2769 4545 οὖν
2800 4494 2894 4545 καὶ
2916 4491 3025 4545 τῶν
3052 4490 3449 4562 προλεχθέντων
3483 4488 3743 4559 βασιλέων
3771 4484 3855 4538 τὸν
3908 4560 3909 4571 γ

2314 4583 2536 4638 πλοῦτον
2556 4584 2648 4636 καὶ
2663 4582 2759 4653 τὴν
2773 4583 3080 4638 δυναστείαν
3103 4579 3570 4652 συντριϐήσεσθαι,
3587 4574 3854 4633 ὁλὸστολόν
3902 4600 3905 4653 i

660 4700 718 4736 τε
744 4682 835 4735 καὶ
855 4677 993 4733 κατά
1048 4675 1218 4747 βυθῶν
1272 4678 1555 4747 χωρήσειν,
1588 4676 1893 4742 ,παντελῶς
1918 4694 1977 4731 τε
2008 4674 2461 4755 ἀφανισθήσεσθαι
2484 4716 2498 4739 ,
2549 4677 2577 4727 ὁ
2606 4674 2759 4743 λόγος
2789 4673 3003 4743 ᾐνίξατο
3031 4673 3120 4727 διὰ
3162 4671 3269 4725 τῶν
3292 4672 3438 4741 νηῶν
3470 4671 3701 4741 Θαρσεῖς
3754 4666 3854 4719 τῶν

662 4774 1106 4848 συντριΰομένων.

730 4866 892 4922 Vens.
928 4866 981 4921 9.
1023 4854 1170 4920 Sicut
1193 4861 1510 4927 audivimus,
1538 4862 1614 4915 ita
1644 4874 1689 4917 et
1726 4865 1951 4918 uidimus
1984 4867 2037 4918 in
2070 4865 2199 4919 ciui-

661 4968 766 5014 tate
790 4956 999 5011 Domini
1027 4959 1303 5021 virtutum,
1336 4956 1391 5009 in
1419 4954 1624 5007 civitate
1663 4954 1758 5009 Dei
1810 4958 1977 5011 nostri
2010 4973 2027 5011 :
2059 4956 2203 5011 Deus

2371 4846 2643 4927 Καθάπερ
2664 4830 3025 4925 ἠκούσαμεν,
3051 4853 3239 4919 οὕτως
3266 4834 3375 4905 καί
3398 4848 3636 4920 είδομεν
3656 4849 3727 4903 ἐν
3754 4852 3855 4904 εό-

2301 4954 2392 5005 λει
2420 4951 2638 5019 Κυρίου
2669 4947 2786 5002 τῶν
2832 4945 3141 5015 δυνάμεων
3163 4983 3179 5008 ,
3235 4942 3323 4996 ἐν,
3350 4941 3523 4995 πόλει
3574 4940 3677 4995 τοῦ
3712 4941 3853 4996 Θεοῦ

657 5049 896 5120 [undavit
925 5064 1038 5102 eam
1078 5050 1129 5101 in
1159 5054 1435 5102 internum.
1485 5043 1702 5114 Antiqui
1755 5062 1823 5101 ex
1878 5048 2078 5103 divinis
2127 5048 2204 5102 le-

2325 5041 2497 5111 ὶμῶν·
2544 5044 2577 5094 ό
2608 5040 2748 5106 Θεὸς
2777 5036 3163 5107 ἐθεμελίωσεν
3189 5031 3381 5100 αὐτὴν
3407 5034 3497 5119 είς,
3524 5031 3630 5088 τὸν
3654 5032 3852 5088 αἰῶνα.

659 5141 931 5195 ctiouibus
964 5140 1136 5193 solum
1168 5138 1510 5209 propheticas
1538 5135 1636 5189 has
1661 5149 1821 5191 voces
1840 5142 2197 5207 acceperunt;

658 5246 803 5287 nunc
839 5237 1038 5291 autem,
1070 5243 1190 5281 cum
1223 5228 1355 5299 ipsis
1403 5226 1567 5280 rebus
1605 5227 1771 5295 gestis
1812 5229 2191 5297 praedictiones

2305 5133 2368 5186 Οἱ
2394 5132 2555 5187 πάλαι
2583 5133 2678 5203 μὲν
2697 5134 2889 5203 ήκουον
2914 5128 3045 5201 αὐτὸ
3072 5127 3228 5197 μόνον
3248 5123 3355 5178 τῶν
3380 5123 3729 5196 προφητικῶν
3750 5141 3854 5193 φω-

2301 5223 2404 5278 νῶν
2441 5226 2503 5278 ὲκ
2550 5224 2656 5277 τῶν
2711 5224 2865 5296 ἱερῶν
2895 5217 3359 5288 ἀναγνωσμάτων
3406 5218 3522 5270 νυνὶ
3571 5215 3625 5269 δὲ
3676 5216 3851 5274 αὐτοῖς

660 5324 906 5391 implct‘as
927 5321 1131 5381 vident,
1164 5319 1236 5372 ita
1260 5319 1443 5373 fantur
1472 5336 1486 5371 :
1516 5316 1663 5372 Sicut
1688 5318 2010 5385 audivimus,
2041 5320 2126 5373 ita
2145 5326 2197 5372 et

2325 5316 2580 5387 ιράγμασι
2612 5317 2685 5370 τὰ
2723 5312 3129 5384 ἀποτελέσματα
3151 5310 3258 5364 τῶν
3280 5311 3632 5383 προρρήσεων
3660 5304 3832 5377 ὀφθαλ

733 5477 774 5509 ’⁸
810 5476 953 5531 Psal.
987 5491 1061 5527 γη
1084 5517 1096 5538 ,
1130 5473 1311 5528 15-17.
1390 5474 1431 5505 ⁸³
1481 5469 1546 5527 ΙΙΙ
1567 5470 1699 5543 Reg.
1732 5489 1765 5527 ι
1794 5512 1807 5537 ,
1840 5472 1933 5526 22.

732 5596 805 5663 (l)
838 5594 1329 5668 _Scilicet_Galerius
1363 5593 1741 5668 Maximianus.
1779 5590 1913 5668 Vide
1953 5589 2185 5668 Lactan-

661 5657 795 5737 tiu‘m'
830 5666 897 5718 De
928 5666 1133 5737 martia.
1163 5658 1567 5737 persecutorum,
1593 5678 1641 5717 ε.
1667 5663 1765 5737 _35;
1810 5661 2003 5737 ls‘useb.
2032 5657 2183 5737 βίω.

664 5736 809 5797 ert-1.,
862 5751 908 5787 c.
944 5736 1102 5791 ἰᾶσι
1135 5736 1288 5789 alios.
1316 5734 1556 5804 Sequens
1589 5732 1696 5804 qui
1722 5733 1909 5804 oculos
1941 5731 2187 5804 amisisse

663 5811 853 5868 fertur,
888 5815 968 5859 est
1004 5804 1344 5868 Bluintinus,
1397 5799 1463 5859 de
1502 5799 1621 5870 quo
1653 5802 1771 5856 vide
1808 5799 2000 5855 Euseb.
2042 5800 2071 5850 Ι.
2119 5812 2191 5861 Ix,

2289 5599 2338 5637 c.
2378 5584 2465 5647 l0,
2501 5592 2553 5639 et
2582 5583 2921 5638 Lactantium
2950 5580 3023 5636 De
3057 5590 3214 5635 mort.
3236 5574 3400 5651 ρεξτε,
3430 5598 3481 5637 c.
3512 5582 3600 5637 ιθ.
3625 5578 3845 5651 Utrum-
3876 5620 3879 5651 τ

2292 5669 2395 5723 que
2422 5663 2623 5718 autem,
2648 5654 2892 5722 deposita
2920 5652 3185 5708 adversus
3216 5650 3582 5723 _Cbristianos
3612 5650 3839 5723 saevitia,

2292 5718 2464 5847 (ἑιίίρισ
2487 5726 2544 5780 in
2572 5718 2785 5779 illorum
2814 5724 3041 5791 gratiam
3072 5720 3545 5778 emisisseinarrat
3575 5721 3718 5779 idem
3744 5718 3848 5774 Eu-

2301 5809 2358 5847 se
2398 5808 2503 5847 ius.
