3958 6340
699 405 801 492 ιςγ
916 386 923 393 ’

1396 400 1660 459 EUSEBll
1698 403 2174 462 CACSARIENSIS
2211 407 2584 475 OPPXPARS
2621 409 2709 466 ΙΙΙ.
2752 436 2820 452 --
2847 404 3249 467 EXEGE’I'ICA.

3652 161 3931 209 “F-F"

3828 420 3918 475 ι’ιὸ

700 536 879 604 κωνρε
908 521 1058 591 ejus;
1100 518 1460 592 Symmachus
1490 536 1641 587 vero,
1680 532 1968 588 numerate.
2022 522 2085 579 Et
2139 539 2242 579 veri

2368 526 2425 579 δὲ
2453 525 2573 579 τοῦ·
2612 528 2985 597 Διητήσασθε
3011 527 3081 581 ἐν
3118 525 3241 593 τοῖς
3268 526 3515 596 πύργοις
3538 526 3755 595 αὐτῆς,
3784 530 3810 583 ό
3833 530 3908 600 μὲι

700 612 1080 680 praestantiora
1124 612 1360 667 maxime
1388 612 1638 675 mdiﬂcia,
1673 627 1737 668 ac
1782 629 1903 684 qua:
1952 615 2007 669 in
2042 615 2267 671 civitate

700 704 994 760 munitiora
1023 713 1199 768 erant,
1230 711 1419 775 utpote
1450 690 1675 775 majoris
1704 708 1964 762 momenti
1996 722 2059 763 ac
2082 724 2269 765 neces-

700 797 875 852 sitatis
891 811 1054 867 quam
1080 804 1300 859 caetera,
1336 797 1655 853 memoratis
1688 798 2007 856 custodibus
2036 816 2265 857 numero

696 890 895 945 tradita
924 898 1052 946 sunt
1080 890 1148 945 ad
1174 890 1431 955 tutelam;
1460 897 1517 943 ut
1535 890 1789 944 traditum
1820 891 1922 946 sibi
1951 906 2261 959 numerum,

697 982 905 1037 salvum
936 982 1321 1054 integrumque
1354 970 1730 1037 restituerent.
1762 980 1889 1038 Haec
1922 998 2087 1055 porro
2114 984 2264 1040 dicta

695 1070 761 1126 ex
802 1071 1103 1130 Salvatoris
1134 1090 1267 1130 voce
1297 1075 1587 1147 intelligas,
1625 1089 1735 1146 qua
1767 1076 1916 1147 ipsos
1961 1076 2263 1147 discipulos

690 1173 747 1219 et
772 1167 1074 1236 apostolos,
1104 1167 1199 1237 qui
1228 1182 1324 1221 ceu
1368 1174 1553 1234 turres
1585 1168 1797 1224 caeteris
1830 1168 2074 1226 aediﬁciis
2124 1186 2262 1240 prae-

692 1256 929 1323 stabant,
964 1258 1046 1314 sic
1090 1258 1468 1329 alloquebatur
1496 1278 1508 1312 :
1554 1257 1725 1313 Vestri
1756 1269 1930 1314 autem
1960 1260 2143 1331 capilli
2170 1277 2265 1315 ca-

690 1349 813 1415 pitis
843 1365 1019 1403 omnes
1044 1350 1305 1404 numerati
1334 1358 1457 1403 sunt
1487 1350 1550 1403 ”.
1580 1347 1715 1404 Nam
1745 1351 1838 1421 qui
1868 1352 2019 1421 ipsos
2048 1352 2117 1406 ad
2142 1358 2261 1406 tan-

672 1448 804 1511 tam
838 1439 1228 1495 sublimitatem
1278 1439 1479 1501 evexit,
1531 1449 1581 1494 et
1636 1438 1899 1495 Ecclesia:
1932 1454 2047 1495 suas
2078 1448 2259 1498 turres

690 1533 999 1597 constituit,
1053 1546 1122 1587 ne
1171 1531 1303 1603 quid
1358 1532 1427 1585 ab
1476 1531 1714 1587 inimicis
1750 1532 1877 1587 mali
1908 1539 2255 1603 paterentur,

688 1624 991 1695 majoribus
1044 1624 1192 1695 ipsos
1238 1623 1580 1687 custodibus,
1615 1623 1869 1679 videlicet
1917 1624 2122 1679 sanctis
2154 1638 2256 1693 an-

686 1719 820 1789 gelis
852 1716 1034 1773 tradit.
1080 1715 1235 1772 Unde
1290 1717 1345 1771 in
1396 1716 1623 1772 Actibus
1668 1717 2060 1787 apostolorum,
2098 1702 2255 1787 gnari
2294 1718 2297 1721 “

688 1809 931 1880 singulos
968 1807 1277 1865 Scrvatoris
1318 1809 1617 1879 discipulos
1664 1808 1991 1878 quibusdam
2048 1809 2255 1881 angelis

684 1903 914 1957 traditos
944 1917 1086 1968 esse,
1129 1901 1479 1958 renuntiante
1511 1900 1717 1971 puclla,
1745 1899 1965 1955 Petrum
1988 1914 2131 1964 esse,
2158 1902 2252 1971 qui

677 1994 901 2064 januam
926 1996 1261 2065 pulsaverat,
1281 1993 1478 2063 reliqui
1513 1991 1771 2064 discipuli
1799 1992 2078 2057 dixerunt,
2109 1992 2253 2046 Num

681 2087 899 2158 angelus
924 2088 1037 2157 ejus
1070 2096 1149 2141 est
1170 2086 1216 2117 “
1233 2082 1395 2140 Hmo
1424 2085 1590 2142 etiam
1616 2085 1683 2139 de
1707 2085 1928 2156 pusillis
1955 2085 2014 2139 in
2064 2084 2254 2141 Eccle-

681 2179 1053 2249 siaServator
1099 2178 1215 2235 haec
1258 2178 1426 2234 tradit
1460 2197 1474 2234 :
1510 2176 1655 2232 Nam
1698 2178 1871 2250 angeli
1889 2194 2083 2232 eorum
2113 2194 2250 2233 sem-

679 2287 770 2325 per
797 2269 974 2326 vident
1010 2271 1201 2341 faciem
1230 2269 1407 2324 Patris
1424 2270 1553 2335 mei,
1580 2270 1669 2340 qui
1696 2270 1751 2322 in
1778 2269 2028 2331 caelis-est
2056 2269 2124 2325 ”.
2151 2267 2250 2323 Ju-

679 2378 739 2417 re
768 2378 897 2433 ergo
930 2364 998 2419 iis
1034 2363 1292 2433 praesenti
1341 2376 1595 2419 sermone
1638 2361 1954 2431 pmcipitur
1991 2379 2004 2414 :
2044 2359 2248 2415 Nume-

677 2467 793 2511 rate
835 2466 1006 2510 turres
1056 2456 1191 2525 ejus.
1242 2454 1504 2527 Deinceps
1530 2470 1699 2510 vero:
1736 2453 2116 2508 Ponitecorda
2152 2471 2246 2509 ὐε-

675 2559 789 2604 stra
820 2551 873 2602 in
903 2550 1093 2604 virtute
1124 2549 1260 2617 ejus,
1303 2557 1353 2603 et
1382 2548 1685 2601 distribuite
1733 2547 1917 2601 domos
1972 2547 2122 2615 ejus;
2158 2562 2245 2603 se-

674 2640 914 2696 cundum
953 2640 1341 2713 Symmachum
1380 2648 1585 2704 autem,
1620 2638 1807 2694 Ponite
1856 2640 2019 2693 corda
2069 2648 2244 2694 vestra

673 2736 730 2788 in
754 2732 1009 2787 ambitum
1037 2732 1153 2804 ejus
1176 2749 1194 2786 :
1224 2732 1482 2786 metimini
1516 2733 1712 2802 regiam
1742 2731 1876 2800 ejus.
1906 2729 2030 2787 Hac
2061 2732 2243 2787 omnia

672 2841 833 2893 agere
862 2824 1131 2895 jubentur
1149 2825 1408 2880 custodes
1431 2822 1730 2880 Ecclesiae:
1758 2822 2242 2879 Castrametabitur

668 2918 813 2973 enim
849 2916 1067 2987 angelus
1102 2914 1316 2970 Domini
1348 2917 1402 2970 in
1431 2912 1657 2970 circuitu
1688 2917 1984 2971 timentium
2020 2933 2161 2981 eum,
2191 2927 2241 2971 et

667 3009 851 3077 eripiet
905 3026 993 3063 eos
1022 3009 1090 3063 ".
1139 3008 1289 3073 Quas
1340 3015 1520 3062 autem
1550 3006 1747 3063 domus
1780 2996 2007 3071 indicat,
2035 3007 2142 3063 nisi
2173 3007 2241 3068 de

667 3101 870 3171 quibus
898 3114 1063 3170 supra
1094 3099 1401 3164 dicebatur,
1448 3098 1588 3154 Deus
1620 3100 1674 3153 in
1716 3098 1959 3154 domibus
1999 3098 2113 3169 ejus
2144 3116 2238 3153 co-

665 3195 959 3264 gnoscitur,
996 3209 1115 3247 cum
1150 3193 1400 3262 suscipiet
1432 3194 1596 3255 eam?
1622 3190 1742 3247 Jam
1774 3192 2097 3247 dicebamus
2138 3207 2235 3262 per

665 3288 941 3344 civitatem
972 3286 1068 3342 Dei
1118 3286 1345 3359 intelligi
1376 3286 1691 3357 religiosum
1730 3287 1892 3343 omne
1919 3285 2231 3341 institutum

665 3378 725 3434 in
762 3381 1017 3434 universa
1070 3387 1216 3435 terra
1268 3379 1597 3445 stabilitum;
1650 3393 1750 3449 per
1796 3376 1989 3432 domos
2023 3383 2229 3442 autem,

662 3471 926 3528 ecclesias
973 3472 1217 3543 singulas
1245 3471 1412 3526 variis
1460 3471 1516 3524 in
1560 3471 1695 3526 locis
1725 3470 1954 3541 positas.
1993 3467 2233 3540 Singulae

664 3574 847 3620 autem
882 3565 988 3620 illa;
1039 3562 1297 3636 praesenti
1352 3577 1604 3618 sermone
1652 3562 1911 3617 distribui
1945 3560 2225 3631 jubentur.

660 3650 792 3707 'Vult
839 3652 986 3708 enim
1039 3652 1287 3722 singulos
1317 3652 1541 3722 angelos
1575 3651 1935 3707 ecclesiarum
1984 3646 2230 3722 singula-

660 3759 783 3798 rum
816 3744 920 3799 sibi
948 3745 1369 3800 commissarum
1399 3746 1654 3802 custodes
1706 3762 1847 3803 esse.
1904 3745 2102 3801 Postea
2148 3746 2228 3801 sic

661 3835 889 3898 claudit,
925 3845 982 3888 ut
1007 3837 1265 3891 enarretis
1300 3838 1353 3891 in
1382 3839 1627 3907 progenie
1651 3840 1855 3893 ~altera.
1894 3838 2226 3909 Angelorum

662 3926 806 3981 enim
846 3936 964 3982 erat
1012 3928 1248 3989 virtutes
1276 3927 1371 3983 Dei
1428 3944 1522 3999 per
1561 3930 1807 3987 diversas
1845 3930 2227 4002 generationes

659 4034 914 4077 enanare
946 4034 1129 4089 posse.
1166 4018 1236 4074 Et
1266 4022 1516 4091 quoniam
1547 4021 1629 4075 hic
1660 4030 1737 4076 est
1766 4023 1907 4077 Deus
1945 4023 2086 4078 Deus
2120 4039 2230 4078 no—

657 4122 765 4166 stcr
791 4114 846 4166 in
876 4122 1133 4167 internum
1176 4122 1225 4168 et
1262 4114 1318 4167 in
1361 4114 1614 4167 saxulum
1650 4116 1831 4169 smculi
1856 4155 1870 4179 ,
1909 4116 2016 4185 ipse
2050 4124 2229 4185 pascet

656 4221 751 4259 nos
772 4205 839 4257 in
866 4206 1064 4259 οιεαιία
1099 4221 1117 4259 :
1168 4220 1267 4261 vos
1297 4204 1521 4274 quidem
1553 4221 1653 4261 ceu
1690 4213 1900 4262 tutores
1930 4206 2145 4263 fueritis
2173 4214 2227 4263 et

655 4296 811 4366 quasi
844 4296 1098 4353 custodes
1125 4296 1337 4368 gregis;
1364 4312 1623 4368 pecorum
1657 4305 1840 4352 autem
1864 4307 2058 4368 pastor
2085 4300 2227 4355 alius

654 4388 838 4447 fuerit.
858 4379 1119 4457 Quisnam
1146 4391 1234 4446 illc
1255 4392 1358 4447 nisi
1390 4393 1483 4462 qui
1502 4392 1638 4448 dixit
1664 4393 1705 4422 ’⁷
1736 4412 1748 4446 :
1776 4389 1887 4463 Ego
1908 4408 2024 4446 sum
2041 4402 2226 4462 pastor

655 4482 862 4538 Mnus?

2287 1884 2331 1939 Β
2356 1900 2608 1970 φύλαξιν,
2664 1899 2841 1969 ἁγίοις
2864 1898 3115 1969 ἀγγέλοις
3138 1939 3152 1963 ,
3195 1898 3579 1970 παραδίδωσιν.

2382 617 2631 683 Ἀκύλας,
2643 618 2972 687 Ψηφίσατε,
2996 617 3148 692 φησι,
3166 618 3428 688 πύργους
3445 616 3655 687 αὺτῆςο
3677 620 3705 673 ό
3725 606 3897 692 δὲΣύμ

2369 726 2541 781 μαχος
2559 726 2571 739 ·
2620 709 3031 780 Ἀριθμήσατε.
3087 708 3338 764 Μάλιστα
3368 710 3476 783 γὰρ
3524 709 3593 763 τά
3640 702 3907 783 ἐξοχώτατα

2363 800 2473 855 τῶν
2530 800 2976 873 οἰκοδομημάτων
3010 800 3103 854 καὶ
3134 800 3201 853 τὰ
3227 801 3543 873 ὀχυρώτατα
3585 800 3685 873 τῆς
3714 803 3906 872 πόλεως,

2366 892 2443 956 ὡς
2465 894 2529 948 ἀν
2557 892 2836 965 κρείττονα
2860 892 2954 945 καὶ
2980 892 3089 945 τῶν
3122 890 3324 946 λοιπῶν
3346 893 3761 967 ἀναγκαιότερα,
3788 895 3899 949 δέδο-

2361 1002 2453 1039 ται
2493 986 2589 1039 σὺν
2621 984 2843 1058 ἀριθμῷ
2872 987 2985 1049 τοῖς
3030 985 3339 1056 εἰρημένοις
3367 990 3622 1059 φρουροῖς
3654 988 3904 1059 φυλάττειν

2363 1074 2655 1147 ἐπιμελῶς,
2685 1074 2761 1139 ὡς
2787 1075 2853 1129 ἂν
2881 1074 3192 1147 παραδῶσιν
3211 1076 3442 1146 ἔμπαλιν
3472 1076 3609 1131 σῶον
3636 1079 3730 1131 καὶ
3754 1079 3903 1149 πλήρη

2361 1166 2418 1219 δν
2468 1165 2835 1237 παρειλήφασι
2887 1166 3138 1239 ἀριθμόν.
3215 1167 3445 1238 Νοήσεις
3477 1166 3534 1220 δὲ
3564 1167 3624 1221 τὸ
3651 1168 3912 1240 λεγόμενον

2361 1255 2469 1309 ἀπὸ
2509 1256 2605 1326 τῆς
2640 1257 2904 1327 σωτηρίου
2949 1256 3166 1327 φωνῆς,
3199 1255 3266 1309 δι’
3292 1251 3360 1327 ἦς
3389 1258 3499 1320 τοῖς
3547 1258 3729 1321 αὐτοῖς
3760 1258 3886 1329 μαθη

2360 1352 2479 1414 ταῖς
2513 1349 2607 1404 καὶ
2638 1349 2950 1414 ἀποστόλοις
2968 1392 2983 1416 ,
3017 1351 3133 1413 τοῖς
3167 1348 3407 1421 ὡσπερεὶ
3438 1347 3667 1422 πύργοις
3695 1350 3901 1421 ἐξέχουσε

2359 1444 2455 1497 καὶ
2481 1442 2791 1513 διαφέρουσι
2819 1443 2917 1514 τῆς
2944 1442 3136 1514 λοιπῆς
3168 1439 3474 1512 οἰκοδομῆς,
3505 1441 3687 1510 ἔλεγεν
3707 1459 3719 1471 ·
3750 1441 3913 1511 ’Υμῶν

2357 1536 2425 1591 δὲ
2456 1536 2552 1590 καί
2580 1538 2640 1589 αἱ
2664 1536 2857 1604 τρίχες
2891 1533 2999 1603 τῆς
3030 1532 3301 1603 κεφαλῆς
3333 1531 3520 1588 πᾶσαι
3544 1532 3900 1602 ἠριθμημένα.

2356 1628 2533 1682 εἰσίν.
2597 1626 2653 1680 '0
2686 1626 2793 1696 γὰρ
2813 1626 2893 1689 εις
2920 1626 3168 1679 τοσοῦτον
3203 1623 3334 1696 ὕψος
3358 1624 3553 1687 αὐτοὺς
3578 1623 3802 1696 ἐπάρας,
3831 1624 3901 1677 καὶ

2357 1719 2596 1791 πύργους
2629 1718 2725 1789 τῆς
2778 1717 3101 1789 Ἐκκλησίας
3132 1716 3295 1772 αὑτοῦ
3329 1716 3678 1787 καταστήσας
3702 1757 3717 1781 ,
3760 1715 3828 1779 ὡς
3853 1715 3900 1769 ἀι

2363 1790 2450 1883 μήῗ
2469 1825 2588 1864 τινα
2622 1790 2845 1863 πάθοιεν
2878 1808 2981 1861 ὑπὸ
3012 1806 3117 1862 τῶν
3150 1806 3388 1879 ἐχθρῶν,
3444 1806 3686 1877 μείζοσιν
3736 1802 3903 1867 αὐτοὺς

3653 1894 3834 1952 Ἔνθεν
3859 1898 3905 1949 ὲν

2352 1994 2472 2055 ταῖς
2515 1990 2755 2063 Πράξεσι
2786 1991 2894 2045 τῶν
2938 1988 3245 2043 ἀποστόλων
3266 2029 3280 2051 ,
3322 1989 3517 2055 εἰδότες
3539 2030 3553 2054 ,
3593 1987 3671 2054 ὡς
3702 1990 3906 2053 ἕκαστος

2351 2079 2459 2133 τῶν
2484 2079 2737 2151 μαθητῶν
2758 2079 2852 2134 τοῦ
2877 2080 3125 2150 Σωτῆρος
3145 2078 3393 2148 ἀγγέλοις
3414 2080 3523 2131 τισῖ⁵
3549 2075 3886 2151 παραδέδοται

2350 2172 2447 2242 τῆς
2480 2172 2766 2242 παιδίσκης
2812 2170 3220 2242 ἀπαγγειλάσης
3243 2209 3257 2234 ,
3291 2168 3366 2233 ὡς
3411 2170 3517 2241 άρα
3550 2171 3754 2242 Πέτρος
3781 2172 3899 2241 είηὸ

2352 2262 2449 2335 τὴν
2468 2262 2635 2336 θύραν
2658 2264 2941 2328 παίσας,οί
2962 2262 3137 2315 λοιποὶ
3162 2260 3397 2332 μαθηταὶ
3421 2261 3627 2330 ἔφασαν
3646 2279 3660 2291 ·
3689 2260 3896 2328 Μήποτε

2354 2357 2608 2428 ἅγγελος
2637 2352 2822 2412 αὐτοῦ
2852 2357 3016 2421 eam;
3064 2356 3311 2411 Διδάσκει
3340 2355 3384 2409 δ’
3413 2350 3505 2409 οὖν
3539 2352 3631 2407 καὶ
3663 2354 3786 2425 περὶ
3814 2354 3897 2405 τῶι

2352 2445 2563 2517 μικρῶν
2609 2446 2667 2499 ἐν
2710 2449 2776 2516 τῇ
2821 2445 3111 2517 Ἐκκλησία
3138 2448 3167 2499 ό
3195 2445 3385 2516 Σωτὴρ
3430 2444 3637 2513 λέγων·
3702 2447 3763 2497 Ol
3810 2443 3897 2512 γὰρ

2344 2539 2584 2610 ἄγγελοι
2613 2538 2813 2593 αὐτῶν
2830 2538 2926 2593 διὰ
2951 2536 3179 2605 παντὸς
3190 2536 3493 2602 βλέπουσι
3510 2536 3579 2589 τὸ
3600 2536 3897 2604 πρόσωπον

2310 2702 2315 2707 ἡ
2343 2631 2452 2685 τοῦ
2472 2633 2701 2699 Πατρός
2723 2649 2841 2701 μου
2871 2630 2976 2687 τοῦ
3001 2632 3070 2685 ἐν
3096 2630 3221 2697 τοῖς
3245 2627 3541 2697 οὐρανοῖς.
3568 2628 3801 2689 Εἰκότως
3825 2620 3897 2678 οὖν

2344 2726 2667 2797 προστάττει
2714 2725 2743 2777 ό
2793 2722 2985 2796 παρὼν
3023 2721 3179 2792 λόγος
3226 2722 3434 2785 τούτοις
3485 2721 3669 2783 αὐτοῖς
3714 2717 3896 2788 λέγων·

2355 2816 2745 2889 Ἀριθμήσατε
2795 2816 2938 2883 τοὺς
2981 2816 3245 2886 πύργους
3274 2812 3497 2882 αὐτῆς
3542 2808 3645 2865 εἷθ’
3675 2810 3795 2883 ἑξῆς
3818 2810 3894 2864 τό·

2347 2911 2566 2977 Τάξατε
2586 2903 2966 2978 τὰς’καρδίας
2992 2908 3156 2979 ὑμῶν
3176 2910 3264 2973 εις
3290 2906 3405 2974 τὴν
3428 2905 3689 2975 δύναμιν
3709 2902 3895 2970 αὐτῆς,

2340 3005 2441 3059 καί
2466 3004 2888 3061 καταδιέλεσθε
2914 3002 3021 3068 τὰς
3046 3000 3256 3070 βάρεις
3288 2996 3475 3066 αὐτῆς
3502 3013 3521 3032 ο
3571 2996 3717 3051 κατὰ
3742 2996 3795 3050 δὲ
3822 2994 3895 3046 τὸν

2338 3094 2663 3167 Σύμμαχον·
2731 3091 2951 3157 Τάεατε
2995 3089 3101 3155 τὰς
3153 3087 3396 3156 καρδίας
3450 3086 3619 3155 ὑμῶν
3675 3088 3761 3151 είς
3809 3083 3895 3135 τὸν

2338 3190 2657 3259 περίϐολον
2666 3184 2817 3255 αὐτῆ
2824 3203 2872 3252 ς·
2891 3180 3317 3252 διαμετρήσατε
3328 3179 3397 3231 τὰ
3406 3178 3695 3242 ,ϐασίλεια
3714 3172 3894 3241 αὐτῆς.

2338 3284 2522 3340 Πάντα
2565 3280 2738 3335 ταῦτα
2773 3277 3195 3351 προστάττονται
3246 3274 3413 3326 ποιεῖν
3445 3273 3493 3323 οἱ
3551 3269 3776 3341 φρουροὶ
3814 3266 3894 3334 τῆς

2351 3375 2674 3448 Ἐκκλησίας
2740 3367 3117 3441 Παρεμϐαλεῖ
3151 3368 3258 3438 γὰρ
3285 3365 3539 3435 ἄγγελος
3567 3364 3786 3433 Κυρίου
3812 3361 3893 3415 κύο

2338 3467 2609 3540 κλῳτῶν
2630 3464 3016 3537 φοϐουμένων
3036 3459 3241 3525 αὐτὸν,
3272 3458 3370 3513 καί
3393 3458 3652 3526 ῥύσεται
3678 3454 3891 3518 αὐτούς.

2335 3562 2502 3627 Ποίας
2527 3561 2584 3615 δὲ
2604 3559 2788 3631 βάρεις
2822 3554 3062 3629 φησὶν,ἢ
3090 3551 3215 3623 περὶ
3242 3545 3315 3605 ὧν
3343 3550 3437 3603 καὶ
3462 3550 3721 3621 ἀνωτέρω
3741 3545 3889 3614 ἐλέγε-

2332 3672 2426 3711 το·
2473 3655 2536 3709 ‘0
2580 3652 2724 3719 Θεὸς
2767 3652 2838 3706 ἐν
2868 3648 2997 3715 ταῖς
3024 3645 3282 3715 ,βάρεσιν
3312 3643 3500 3711 αὐτῆς
3548 3642 3894 3713 γινώσκεται,

2337 3744 2485 3803 ὅταν
2514 3742 3019 3815 ἀντιλαμϐάνῃται
3052 3737 3284 3806 αῠτῆς;
3332 3735 3625 3806 Ἐλέγομεν
3674 3735 3731 3788 δὲ
3764 3732 3894 3786 πόλιν

2338 3844 2437 3916 μὲν
2464 3840 2699 3897 νοεῖσθαι
2731 3842 2839 3893 πᾶν
2864 3837 2925 3890 τὸ
2958 3832 3205 3897 θεοσεϐὲς
3233 3830 3531 3899 πολίτευμα
3558 3829 3620 3882 τὸ
3648 3828 3768 3882 καθ’
3788 3828 3894 3894 ὅλης

2333 3937 2435 4007 τῆς
2458 3935 2801 4005 οἰκουμένης,
2836 3930 3021 4000 βάρεις
3045 3926 3102 3979 δὲ
3130 3922 3298 3993 αὐτῆς
3326 3920 3424 4007 τὰς
3452 3920 3597 3973 κατὰ
3631 3920 3790 3993 μέρος
3818 3918 3894 3970 καὶ

2334 4006 2477 4077 κατά
2504 4022 2669 4075 τόπον
2698 4017 3009 4089 ἐκκλησίας.
3080 4011 3252 4076 Αὐτὸς
3295 4006 3387 4063 οὖν
3411 4010 3615 4074 ταύτας
3647 4011 3742 4074 τάς
3773 4008 3893 4121 tua:
3904 4050 3913 4121 ἐ

2339 4116 2503 4187 μέρος
2526 4117 2554 4168 ὁ
2580 4112 2771 4185 παρὼν
2800 4108 3119 4182 προστάττει
3148 4106 3303 4177 λόγος
3327 4103 3756 4160 καταδιελέσθαι.
3782 4098 3911 4187 Boni-3

2334 4211 2483 4263 λεται
2512 4207 2620 4280 γὰρ
2647 4208 2878 4261 ’ἑκαστον
2905 4201 3013 4257 τῶν
3033 4202 3278 4273 ἀγγέλων
3299 4200 3699 4273 ἀφωρισμένως
3727 4188 3891 4280 enim:

2336 4303 2465 4356 σιῶν
2486 4317 2646 4355 τινων
2673 4298 2905 4370 φρουρὸν
2921 4282 3231 4368 ἐπιστῆσαι.
3267 4290 3377 4349 Εἶτ’
3401 4292 3643 4361 ἐπιλέγει
3668 4290 3859 4349 τούτοις

2335 4397 2533 4461 Ὅπως
2553 4393 2630 4448 ἂν
2659 4390 3034 4461 διηγήσησθε
3071 4389 3155 4456 εἰς
3183 4388 3394 4458 γενεὰν
3428 4385 3663 4454 ἑτέραν.
3725 4378 3867 4450 ’Δγγέ

2331 4488 2436 4542 λων
2468 4487 2576 4558 γὰρ
2622 4482 2709 4557 [ἦν
2740 4486 2800 4539 τὸ
2831 4486 2911 4549 εἰς
2956 4482 3148 4553 γενεὰς
3187 4480 3474 4551 διαφόρους
3517 4475 3774 4531 δύνασθαι
3808 4490 3833 4524 τ

3846 4124 3911 4250 ΣΞ

3863 4250 3909 4332 ’ἓ

3836 4332 3909 4527 Ei

3879 4527 3905 4696 Ξ

652 4579 853 4651 ἀρετὰς
887 4580 979 4633 τοῦ
1030 4581 1164 4634 Θεοῦ
1201 4581 1580 4654 διηγήσασθαι.
1622 4584 1729 4637 Καὶ
1770 4583 1858 4638 ὅτι
1905 4580 2085 4652 οὗτός
2120 4585 2289 4640 ἐστιν
2327 4588 2359 4638 ό
2400 4584 2543 4650 Θεὸς
2598 4586 2631 4638 ό
2676 4582 2820 4649 Θεὸς
2867 4580 3035 4653 ἡμῶν
3069 4569 3157 4647 είς
3186 4576 3491 4633 τὸναίῶνα
3512 4576 3612 4630 καὶ
3660 4578 3748 4643 εὶς
3799 4569 3879 4623 τόν

652 4667 836 4725 αἰῶνα
870 4670 977 4725 τοῦ
998 4671 1237 4740 αἰῶνος·
1299 4676 1480 4742 αὐτὸς
1517 4677 1796 4745 ποιμανεῖ
1832 4676 1988 4748 ἡμᾶς
2023 4682 2110 4745 είς
2146 4678 2286 4744 τοὺς
2329 4677 2568 4745 αἰῶνας.
2622 4679 2806 4751 Ὑμεῖς
2867 4678 2963 4749 μὲν
3000 4675 3110 4749 γὰρ
3142 4672 3368 4746 φρουροὶ
3394 4670 3458 4724 ἂν
3485 4670 3639 4735 εἴητε
3676 4669 3768 4733 καὶ
3795 4663 3881 4717 ὦσ-

652 4780 757 4836 περ
794 4764 1028 4835 ποίμνης
1085 4764 1320 4834 φύλακες
1342 4785 1355 4797 ·
1387 4768 1415 4819 ὁ
1451 4768 1507 4820 δὲ
1539 4770 1647 4823 τῶν
1680 4768 2007 4842 θρεμμάτων
2041 4774 2245 4846 ποιμὴν
2272 4774 2431 4837 ἀλλος
2460 4772 2525 4827 ἂν
2554 4773 2659 4845 είη.
2702 4771 2798 4836 Τίς
2823 4771 2880 4825 δὲ
2900 4763 3107 4840 οὗτοςῆ
3130 4770 3158 4822 ὁ
3177 4764 3376 4820 εἰπών·
3414 4762 3560 4831 Ἐγὼ
3582 4764 3701 4832 ειμι
3721 4763 3753 4813 ό
3772 4771 3875 4811 ποι·

647 4860 822 4930 μὴνό
843 4860 1029 4926 καλός
1056 4882 1073 4930 ;
2258 4872 2301 4927 υ

694 4973 743 5027 ι.
769 4970 834 5025 IN
875 4968 1325 5048 FlNEllLFlLIIS
1362 4973 1543 5029 CORE
1584 4975 1902 5034 PSALMUS
1941 4966 2166 5035 XLvm.

664 5152 665 5157 η
721 5082 971 5154 Oportuit
1004 5086 1143 5142 ﬁlios
1169 5086 1333 5151 Core,
1358 5090 1449 5159 qui
1482 5072 1656 5159 prima
1698 5107 1797 5146 suo
1820 5101 2071 5163 tempore
2102 5111 2190 5164 pri

640 5175 911 5241 'tulerant,
942 5187 993 5233 et
1024 5181 1261 5235 secunda
1296 5184 1705 5247 annuntiarant,
1749 5199 1811 5239 ac
1840 5186 2060 5256 insuper
2095 5203 2215 5257 gen-

652 5272 787 5326 tium
816 5274 1154 5329 vocationem
1197 5274 1652 5346 praedicaverant,
1678 5285 1733 5332 et
1765 5294 1885 5349 quae
1918 5278 2222 5337 Ecc'lesiam

644 5362 745 5419 ’Βέί
772 5366 1090 5435 Spectabant
1122 5368 1497 5433 tradiderant;
1531 5380 1653 5439 post
1701 5369 1817 5425 haec
1846 5371 1913 5427 de
1962 5388 2224 5429 consum-

650 5548 837 5605 ferre:
876 5550 930 5604 in
960 5566 1069 5622 quo
1099 5568 1301 5606 omnem
1349 5563 1649 5608 creaturam
1702 5558 1925 5612 adducet
1972 5555 2115 5611 Deus
2164 5559 2219 5611 in

2319 5374 2417 5444 τῆς
2464 5371 2790 5443 Ἐκκλησίας
2822 5365 2917 5419 τοῦ
2962 5361 3095 5417 Θεοῦ
3136 5358 3507 5433 παραδόντας,
3545 5360 3684 5431 μετὰ
3723 5358 3845 5409 πάντ

650 5456 889 5513 matione
910 5460 1193 5529 praesentis
1215 5463 1337 5517 vitae
1358 5471 1413 5517 et
1444 5460 1614 5516 divini
1634 5461 1826 5533 judicii
1849 5465 2219 5522 testimonium

2345 5462 2780 5539 itapaprtipesOat
2805 5459 2874 5515 τὰ
2899 5457 3027 5529 περὶ
3052 5455 3151 5527 τῆς
3180 5454 3484 5518 συντελείας
3507 5452 3602 5505 τοῦ
3632 5468 3709 5504 πα

3801 4888 3897 5131 gj

3723 5373 3763 5408 Τ
3831 5389 3845 5403 .

2330 4981 2390 5033 El

2398 4980 2436 5033 Σ

2465 4980 2551 5033 TU

2585 4978 2669 5032 TE

2674 4979 2760 5031 ΛΟ

2763 4978 2800 5029 Σ

2836 4976 2943 5029 ΤΟῙ

2948 4976 2986 5028 Σ

3017 4973 3084 5027 ΥΙ

3090 4971 3196 5025 Ol}:

3228 4970 3277 5022 K

3283 4968 3366 5021 ΟΡ

3369 4967 3410 5019 Ε

3439 4965 3496 5017 Ψ

3497 4964 3648 5018 ΑΛΜ

3653 4964 3735 5016 ΟΣ

3762 4962 3809 5015 Μ

3812 4960 3865 5013 H’

2402 5094 2548 5147 Ἔδει
2571 5093 2627 5147 δὲ
2651 5092 2776 5156 τοὺς
2800 5092 2949 5153 υἱοὺς
2986 5086 3158 5157 Κορὲ,
3211 5083 3277 5137 τὰ
3315 5080 3506 5153 πρῶτα
3539 5079 3681 5134 κατὰ
3715 5070 3879 5165 καιρδέ

2328 5186 2652 5258 ὲκθεμένους
2671 5225 2684 5247 ,
2729 5184 2822 5237 καὶ
2851 5181 2917 5235 τά
2947 5178 3171 5249 δεύτερα
3193 5173 3755 5244 εὐαγγελισαμένους,
3805 5173 3825 5221 ὲ

2326 5282 2535 5344 τούτοις
2556 5296 2615 5331 τε
2636 5278 2734 5349 τὴν
2762 5275 2870 5328 τῶν
2894 5271 3061 5324 ἐθνῶν
3080 5268 3270 5338 κλῆσιν
3291 5265 3655 5339 κηρύξαντας,
3678 5264 3745 5317 τὰ
3770 5279 3828 5314 πε

2322 5557 2436 5629 βίου
2471 5560 2565 5613 καὶ
2590 5556 2685 5611 τοῦ
2714 5554 2859 5607 θείου
2890 5547 3293 5621 δικαιωτηρίουο
3330 5548 3389 5600 ὲν
3416 5539 3462 5614 ᾧ
3486 5544 3613 5601 πᾶν
3637 5542 3702 5596 τὸ
3725 5538 3816 5592 ποί

3827 5738 3881 6221 l

645 5638 981 5710 judicium",
1012 5652 1061 5696 et
1092 5658 1265 5724 omnes
1302 5644 1560 5720 tribunali
1606 5630 1703 5699 Dei
1733 5644 2000 5712 sistentur,
2046 5656 2103 5700 ut
2133 5664 2214 5704 re-

2345 5668 2397 5706 ια
2426 5651 2555 5717 ἄξει
2590 5654 2623 5705 ό
2652 5647 2796 5717 Θεὸς
2818 5647 2904 5711 εἰς
2941 5643 3175 5713 κρίσιν,
3208 5641 3304 5695 καί
3335 5638 3559 5709 πάντες
3591 5645 3787 5703 καρασ

614 5756 653 5879 ’δᾴ
719 5796 763 5826 υ
798 5795 989 5879 nam,
1022 5816 1074 5858 ι,
1104 5800 1205 5869 50,
1278 5804 1322 5835 ’⁸
1362 5802 1479 5857 Act.
1519 5818 1619 5871 ru,
1652 5801 1739 5857 15.
1816 5801 2071 5865 "Matth.
2110 5824 2242 5866 xvnl

2350 5812 2407 5869 0.
2483 5811 2528 5845 "
2566 5808 2712 5866 Psal.
2744 5803 3025 5873 xxmt,'8.
3102 5803 3145 5836 “
3181 5799 3337 5859 Joan.
3369 5816 3424 5867 ι,
3450 5793 3554 5848 ili.
3630 5789 3675 5824 ’⁸
3711 5785 3825 5843 Eccl

645 5877 755 5939 ιιι,
792 5864 875 5917 14.
