3966 6348
73 422 160 475 429

1161 423 1665 475 ῈΟΜΙΕΝῚΑΜΑ
1705 424 1770 474 ἰΝ
1808 420 2169 480 ΡδΑὶΛΙΟΒᾸ

3163 431 3266 484 43‘)

80 542 279 609 σόμθα
304 539 383 604 τῷ
408 538 631 608 ,ϐήματι
662 538 773 592 τοῦ
804 537 948 592 Θεοῦ
967 578 981 597 .
1016 539 1113 591 ἵνα
1142 540 1453 609 κομίσηται
1480 539 1615 593 ἔκα-

1723 541 1852 606 {erat
1872 544 2222 612 unusquisque
2250 540 2461 613 pryopria
2490 544 2739 611 corporis,
2776 555 2927 611 prout
2959 546 3138 614 gessit,
3163 546 3266 599 sive

80 648 205 696 στος
231 628 299 683 τὰ
337 629 437 683 διὰ
461 629 567 682 τοῦ
594 629 864 698 σώματος
884 632 909 692 ,⁷
932 628 1080 698 Ξτρὸς
1117 628 1155 683 d
1186 629 1476 698 ἔπραξεν,
1509 630 1614 684 σῖτ’

78 721 296 791 ἀγαθὸν,
320 722 441 775 alte
466 722 718 791 φαῦλον.
764 723 1095 789 Ἀναγκαίως
1117 723 1291 775 τοίνυν
1321 722 1494 777 πάντα
1515 742 1613 777 κα-

78 816 147 867 λεῖ
194 814 257 867 τὰ
309 812 435 886 ἔθνη
493 816 582 867 ἐπὶ
612 814 708 884 τὴν
738 814 843 867 τῶν
876 815 1281 886 λεχθησομένων
1332 818 1611 889 ἀκρόασιν.

86 907 161 968 Ὠς
183 905 284 977 γὰρ
303 907 390 959 ἐπὶ
416 905 514 976 τὴν
544 906 810 978 σωτηρίαν
829 908 935 960 πᾶν
969 908 1120 977 γένος
1156 908 1451 986 ἀνθρῴπων
1480 928 1617 981 παρ-

80 998 258 1059 εκάλει,
288 998 378 1050 τὸν
401 997 773 1070 αὐτὸντρόπον
800 999 893 1053 καὶ
919 1001 1009 1053 ἐπὶ
1036 1001 1132 1071 τὴν
1159 1000 1500 1055 διδασκαλίαν
1520 1004 1617 1073 τῆς

78 1090 207 1153 θείας
257 1088 485 1159 κρίσεως
533 1089 668 1161 ὁμοῦ
702 1090 925 1165 ’πάντας
971 1091 1315 1165 ἀνακαλεῖται
1360 1092 1615 1161 φάσκωνσ

140 1181 442 1234 Ἀκούσατε
492 1181 696 1244 ταῦτα,
721 1180 915 1236 πάντα
949 1182 1022 1236 τὰ
1051 1182 1613 1249 ἔθνηὲνωτίσασθε,

76 1272 271 1340 πάντες
295 1276 347 1326 οι
375 1273 785 1341 κατοικοῦντες
803 1274 916 1342 τὴν
946 1277 1319 1345 οἰκουμένην·
1340 1279 1395 1331 οῖ
1427 1296 1489 1332 τε
1516 1296 1617 1346 γη-

76 1366 243 1435 γενεῖς
258 1368 349 1420 καί
368 1366 484 1425 υίοὶ
501 1364 618 1420 τῶν
635 1355 971 1435 ἀνθρώπων,
984 1369 1077 1423 ἐπὶ
1090 1368 1157 1423 τὸ
1172 1370 1316 1424 αὐτὸ
1329 1372 1617 1437 πλούσιος

74 1462 159 1517 καὶ
201 1460 399 1529 πένης.
467 1461 679 1533 Ἐπειδὴ
709 1462 814 1514 τῶν
845 1460 1014 1515 ἐθνῶν
1046 1462 1121 1515 τάι
1163 1462 1262 1533 μὲν
1308 1462 1615 1534 ἀγριώτερα

75 1553 300 1621 τυγχάνει
324 1554 382 1604 ἐν
404 1552 629 1622 ἐρήμοις
658 1550 1118 1623 σκηνοποιούμενα
1136 1592 1151 1615 ,
1180 1550 1249 1604 τὰ
1275 1550 1329 1604 δὲ
1350 1552 1439 1605 τὸν
1469 1550 1616 1607 πολι-

74 1639 203 1693 τικὸν
235 1641 549 1713 μετέρχεται
604 1640 715 1712 βίον
744 1642 838 1695 καὶ
868 1642 964 1705 τὰς
994 1643 1412 1713 γεωργουμένας
1436 1642 1615 1715 χώρας

75 1735 220 1796 clusi,
268 1733 581 1800 ἀναγκαίως
616 1733 864 1806 διαστολῇ
900 1734 1163 1805 κέχρηται
1184 1775 1199 1799 .
1231 1736 1324 1787 καὶ
1357 1734 1494 1803 μετά
1518 1732 1615 1805 τὴν

76 1823 232 1896 κοινὴν
284 1824 475 1895 κλῆσιν
520 1825 628 1878 τῶν
678 1824 845 1878 ἐθνῶν
868 1866 882 1889 ,
936 1826 1064 1879 ίδιον
1096 1827 1300 1895 εἰσάγει
1334 1825 1517 1897 τάγμα
1550 1826 1614 1880 τὸ

1716 631 2046 695 bonum,sive
2058 624 2645 699 malum",Necessario
2676 635 2839 705 igitur
2860 651 3049 692 omnes
3078 645 3267 706 gentes

1713 734 1906 780 evocat
1933 726 1999 779 ad
2036 725 2169 787 haec,
2199 741 2318 795 quae
2350 726 2577 783 dicenda
2608 737 2755 791 sunt,
2788 728 3079 783 audienda.
3112 728 3269 784 Sicut

1713 816 1858 871 enim
1876 820 2052 869 totum
2075 832 2246 883 genus
2270 816 2544 871 hominum
2574 818 2640 871 ad
2673 818 2898 873 salutem
2928 818 3266 883 hortabatur,

1712 907 1903 963 eodem
1937 907 2099 962 modo
2130 907 2195 963 ad
2230 906 2531 962 doctrinam
2562 909 2750 978 judicii
2777 908 2944 963 divini
2976 923 3165 964 omnes
3195 910 3269 964 si-

1712 1000 1825 1054 mul
1850 997 2039 1054 invitat
2063 1000 2247 1055 dicens
2276 1016 2288 1050 :

1786 1172 1955 1234 Vsus.
1997 1175 2056 1244 2,
2084 1181 2135 1234 5.
2169 1180 2359 1234 Audite
2401 1182 2529 1245 haec,
2580 1198 2755 1235 omnes
2790 1192 3001 1251 gentes,
3054 1181 3270 1235 auribus

1714 1271 1980 1338 percipite,
2027 1289 2201 1327 omnes
2242 1274 2330 1343 qui
2376 1273 2625 1327 habitatis
2666 1273 2859 1336 orbem,
2904 1275 3088 1344 quique
3120 1276 3273 1328 terri-

1715 1378 1859 1431 gentz
1894 1374 1940 1416 et
1969 1362 2072 1432 ﬁlii
2116 1363 2406 1423 hominum.
2437 1364 2595 1419 simul
2631 1366 2686 1419 in
2717 1382 2880 1418 unum
2904 1364 3042 1419 dives
3068 1374 3271 1433 etpass-

1716 1468 1826 1521 per.
1858 1448 2125 1520 Quoniam
2157 1471 2223 1510 ex
2253 1456 2505 1526 gentibus
2534 1456 2782 1512 rudiores
2805 1456 2898 1510 alii
2919 1463 3065 1521 sunt,
3096 1458 3189 1527 qui
3216 1458 3274 1511 in
3370 1490 3379 1491 ί

1717 1548 1953 1604 desertis
1983 1547 2263 1615 habitant;
2299 1549 2393 1602 alii
2432 1564 2561 1603 vero
2590 1551 2887 1613 civiliorem
2914 1552 3078 1606 vitam
3109 1567 3273 1622 agen-

1716 1647 1821 1704 tes,
1870 1640 2045 1695 cultas
2087 1648 2263 1695 terras
2310 1638 2695 1710 frequentant;
2745 1643 3095 1699 distinctione
3137 1660 3274 1699 usus

1716 1720 2031 1787 necessario
2074 1738 2199 1787 est:
2246 1746 2311 1787 ac
2355 1746 2639 1803 postquam
2685 1734 2962 1788 communi
3007 1736 3274 1789 vocabqu

1716 1826 1913 1894 gentes.
1952 1822 2261 1893 appellavit,
2293 1822 2623 1891 peculiarem
2664 1823 2908 1899 ordinem
2944 1823 3154 1878 inducit
3180 1840 3275 1880 eo-

73 1917 166 1969 τῶν
204 1915 489 1970 οἰκούντων
518 1918 618 1989 τὴν
644 1918 968 1989 οἰκουμένην
989 1935 1001 1947 ·
1038 1918 1118 1971 διό
1146 1935 1308 1989 φησιν
1338 1934 1348 1945 ·
1383 1919 1614 1971 Ἐνωτί-

1723 1930 1838 1968 rum
1870 1915 1963 1985 qui
1997 1914 2243 1969 habitant
2268 1902 2489 1989 orbem;
2520 1929 2687 1984 quare
2714 1916 2822 1969 ait:
2846 1916 3075 1971 Auribus
3107 1919 3277 1986 perci-

73 1999 499 2075 σασθε,πᾶντες
537 2013 590 2064 οἰ
620 2010 1034 2076 κατοικοῦντες
1077 2010 1191 2077 τὴν
1220 2010 1575 2081 οἰκουμένην
1596 2026 1611 2039 “

74 2098 101 2167 ἢ
130 2098 256 2152 κατά
302 2100 394 2152 τὸν
434 2100 793 2153 ’Δκύλανκαὶ
824 2099 913 2153 τὸν
944 2100 1269 2170 Σύμμαχον,
1329 2104 1382 2173 οἰ
1415 2118 1582 2155 κατοι

73 2187 297 2255 κοῦντες
330 2189 446 2259 τὴν
480 2190 808 2245 κατάδυσιν
828 2208 840 2220 ·
876 2190 1019 2245 οὕτω
1047 2191 1104 2244 δὲ
1133 2192 1286 2245 καλεῖ
1313 2191 1411 2255 τὰς
1438 2193 1615 2257 πόλεις

74 2276 149 2328 καὶ
177 2274 269 2341 τὰς
296 2276 488 2349 κώμας
516 2280 609 2333 καὶ
648 2280 771 2347 τοὺς
797 2278 1007 2344 οίκους,
1038 2281 1096 2334 ἐν
1123 2275 1203 2344 οἷς
1235 2269 1617 2336 καταδύνουσιν

72 2370 113 2420 oi
136 2370 186 2421 ἐν
215 2372 395 2435 αὐτοῖς
421 2370 817 2434 κατοικοῦντες.
906 2369 1041 2427 Εἶτα
1085 2373 1244 2428 πάλιν
1272 2375 1469 2446 διαιρεῖ
1493 2377 1617 2438 τοὺς

72 2462 336 2532 οἰκήτορας
368 2462 470 2532 τῆς
500 2463 602 2534 γῆς
626 2462 845 2531 φάσκων
863 2481 875 2493 ·
902 2465 969 2516 ΟΖ
1000 2482 1063 2518 τε
1089 2458 1355 2534 γηγένεῖς
1379 2468 1475 2520 καὶ
1500 2467 1618 2521 υἰοὶ

73 2551 171 2601 τῶν
187 2552 506 2619 ἀνθρώπων
528 2570 541 2582 ·
564 2554 685 2606 ἐπεὶ
708 2554 781 2623 μὴ
816 2554 973 2623 μόνον
996 2553 1333 2626 ἐλευθέρους,
1366 2556 1502 2610 ἀλλά
1527 2560 1617 2611 καὶ

71 2644 121 2695 τὸ
135 2645 389 2698 οἰκετικὸν
407 2644 563 2713 γένος
590 2645 870 2717 προσίεται
889 2647 979 2699 ἐπὶ
1000 2647 1097 2717 τὴν
1122 2648 1378 2719 ἀκρόασιν
1403 2688 1416 2710 ,
1440 2649 1472 2719 ἢ
1493 2651 1616 2711 τοὺς

71 2733 443 2807 ἀγρακιῦτερον
489 2738 924 2807 μετερχομένους
960 2738 1071 2808 βίον
1095 2781 1110 2805 ,
1164 2740 1257 2793 καὶ¹
1287 2742 1413 2804 τοὺς
1445 2740 1617 2805 ἄλλως

71 2818 118 2875 εὖ
145 2825 423 2892 γεγονότας
452 2828 545 2880 καὶ
588 2829 791 2899 τροφῆς
837 2827 1171 2901 ἠξιωμένους
1213 2830 1543 2903 ἐλευθερίου’
1582 2832 1614 2903 ἢ

71 2919 293 2985 γηγενεῖς
322 2918 422 2988 μὲν
447 2921 573 2982 τοὺς
601 2920 700 2992 τὴν
717 2920 921 2993 ἔρημον
948 2924 1116 2975 οἰκεῖν
1144 2923 1470 2995 ᾑρημένους,
1492 2924 1617 2988 τοὺς

70 3005 118 3057 δὲ
161 3006 457 3078 ἀνθρώπων
510 3009 635 3073 τοὺς
676 3011 1077 3087 ἡμερωτέρους.
1138 3014 1197 3066 '0
1240 3013 1295 3065 δὲ
1325 3012 1619 3085 Σύμμαχος

70 3095 233 3150 τοῦτον
259 3100 574 3172 ἡρμήνευσε
600 3100 691 3155 τὸν
722 3104 948 3175 τρόπον·
1005 3105 1086 3159 Ἣ
1129 3122 1190 3160 τε
1235 3106 1621 3174 ἀνθρωπότης

71 3188 152 3241 καὶ
179 3192 422 3258 προσέτι
455 3194 555 3248 καὶ
585 3194 703 3249 υίοί
751 3195 1014 3251 ἑκάστου
1050 3197 1268 3267 ἀνδρός
1288 3216 1305 3251 °.
1341 3199 1417 3252 ἶν’
1532 3199 1621 3252 διὰ

1717 2010 1841 2079 pite,
1886 2025 2062 2063 omnes
2102 2008 2192 2079 qui
2238 2008 2491 2062 habitatis
2538 2009 2759 2063 orbem:
2810 2009 2925 2063 sive
2975 2007 3275 2063 secundum

1716 2100 1967 2170 Aquilam
2001 2108 2055 2155 et
2086 2098 2491 2171 Symmachum,
2526 2101 2616 2169 qui
2665 2100 2914 2154 habitatis
2959 2098 3275 2171 latibulum;

1718 2196 1799 2249 sic
1830 2209 1961 2250 vero
2014 2201 2175 2248 vocat
2224 2194 2406 2256 urbes,
2456 2194 2606 2247 vicos
2650 2201 2705 2247 et
2750 2190 2960 2257 domos,
3017 2191 3071 2246 in
3119 2192 3277 2261 queis

1717 2302 1837 2343 sese
1867 2286 2315 2355 absconduntqui
2340 2284 2586 2339 habitant
2606 2282 2658 2338 ih
2687 2284 2842 2354 ipsis.
2862 2282 3126 2354 Deinceps
3150 2299 3280 2338 vero

1717 2387 1874 2433 terrae
1901 2377 2111 2433 incolas
2137 2376 2426 2447 distinguit
2450 2375 2639 2431 dicens
2664 2392 2680 2427 :
2707 2375 2910 2447 Quique
2933 2378 3201 2446 terrigenae
3229 2384 3279 2430 et

1717 2466 1819 2538 ﬁlii
1848 2468 2135 2523 hominum.
2177 2468 2316 2535 Quia
2352 2484 2461 2524 non
2483 2468 2685 2523 liberos
2718 2476 2950 2532 tantum,
2975 2469 3070 2525 sed
3115 2470 3280 2524 etiam

1718 2561 2144 2615 domesticorum
2191 2576 2364 2631 genus
2390 2562 2463 2616 ad
2505 2560 2835 2616 audiendum
2882 2561 3281 2625 admittit,sive

1717 2666 1812 2706 eos
1856 2652 1949 2721 qui
1984 2640 2454 2721 agrestem-vitam
2507 2654 2880 2717 instituerunt,
2931 2670 3139 2709 necnon
3184 2668 3279 2709 eos

1718 2743 1813 2812 qui
1835 2743 2058 2813 ingenui
2093 2752 2240 2808 sunt,
2270 2751 2325 2797 et
2354 2742 2651 2797 liberaliter
2671 2744 2888 2797 educati
2920 2761 2933 2796 :
2964 2744 3077 2798 sive
3114 2744 3278 2797 etiam

1716 2834 2038 2904 terrigenas,
2075 2834 2165 2904 qui
2195 2849 2436 2888 eremum
2470 2834 2707 2889 incolere
2736 2834 2997 2905 aggressi,
3021 2842 3075 2889 et
3103 2834 3279 2889 homi-

1717 2945 1848 2984 num
1890 2929 2319 2984 mansuetissimi
2362 2935 2511 2982 sunt.
2558 2924 2915 2999 Symmachus
2946 2936 3124 2981 autem
3175 2926 3281 2983 hoc

1718 3020 1881 3075 modo
1911 3020 2298 3088 interpretatus
2321 3025 2441 3073 est:
2472 3016 2739 3070 hominum
2771 3032 2949 3086 genus,
2982 3032 3043 3069 ac
3068 3016 3282 3085 insuper

1720 3115 1823 3184 ﬁlii
1850 3113 2257 3184 uniuscujusque
2294 3113 2421 3175 viri;
2449 3120 2506 3166 ut
2528 3112 2705 3182 priore
2738 3111 2882 3165 dicto
2911 3110 2964 3165 in
2994 3125 3284 3165 commune

1722 3215 1895 3262 totum
1930 3223 2100 3278 genus
2126 3207 2428 3269 hominum,
2449 3207 2751 3275 posteriore
2767 3214 2968 3271 autem,
2997 3205 3286 3274 unusquis-

72 3280 259 3349 μὲντοῦ
286 3284 551 3357 προτέρου
577 3280 874 3352 καθολικῶς
896 3290 1000 3343 πᾶν
1025 3290 1177 3358 γένος
1204 3290 1500 3361 ἀνθρώπων
1527 3292 1620 3364 δη-

1726 3316 1832 3371 que
1860 3300 2174 3370 singillatim
2205 3308 2459 3368 acceptus
2490 3298 2785 3353 indicetur.

69 3372 318 3444 λούμενον,
349 3377 439 3431 διά
465 3378 522 3430 δὲ
550 3378 644 3431 τοῦ
672 3379 923 3451 δευτέρου
956 3385 984 3435 ὁ
1012 3382 1150 3435 κατὰ
1179 3383 1342 3454 μέρος
1370 3384 1613 3447 ἕκαστος.

133 3465 195 3519 Τὸ
224 3470 419 3544 στόμα
458 3456 575 3537 μου
620 3468 880 3534 λαλήσει
907 3471 1163 3537 σοφίαν,
1203 3472 1300 3524 καί
1333 3473 1369 3537 ή
1397 3472 1617 3540 μελέτη
1668 3526 1669 3529 η

68 3554 160 3622 τῆς
189 3557 435 3625 καρδίας
456 3575 574 3626 μου
606 3559 883 3612 σύνεσιν.
916 3558 1116 3612 Κλινῶ
1144 3562 1231 3624 εἰς
1270 3559 1620 3628 παραϐολὴν

70 3647 124 3699 τό
166 3643 264 3711 οὖς
305 3667 425 3718 μου
448 3689 463 3713 ,
518 3649 737 3714 ἀνοίεω
765 3652 834 3703 ἐν
876 3651 1185 3719 ψαλτηρίῳ
1213 3650 1278 3704 τὸ
1311 3652 1619 3721 πρόϐλημά

68 3732 185 3803 μου.
237 3741 423 3796 Ταῦτα
450 3742 508 3795 δὲ
541 3742 634 3795 καὶ
662 3743 768 3796 ἀπὸ
810 3744 918 3795 τῶν
957 3743 1265 3797 ἀποστόλων
1285 3743 1503 3797 δύναται
1534 3744 1618 3796 λέ-

72 3828 255 3893 γεσθαι.
275 3830 590 3903 Παραϐολάς
606 3832 661 3885 δὲ
676 3831 828 3884 καλεῖ
842 3833 965 3895 τοὺς
981 3830 1393 3902 αἰνιγματώδεις
1406 3830 1613 3899 λόγους.

71 3922 163 3973 Καὶ
188 3922 291 3995 γὰρ
314 3926 343 3977 ό
371 3922 574 3995 Κύριος
595 3964 607 3984 ,
640 3922 1017 3995 παραδολικῶς
1046 3925 1154 3985 τοῖς
1179 3921 1351 3993 ὄχλοις
1380 3920 1617 3988 διαλεγό-

73 4029 209 4080 μενος
225 4054 240 4077 ,
263 4019 376 4079 τοῖς
406 4016 719 4079 ἀποστόλοις
748 4017 864 4070 κατ’
890 4013 1034 4069 οἷκον
1054 4016 1253 4079 ταύτας
1273 4014 1463 4067 διέλυε.
1495 4013 1622 4069 Τού-

70 4116 133 4170 τῳ
162 4101 248 4154 νῦν
275 4105 304 4154 ὁ
325 4103 485 4174 χορὸς
513 4103 608 4174 τὴν
638 4104 731 4157 τοῦ
757 4104 890 4157 Θεοῦ
920 4104 1110 4174 σοφίαν
1143 4105 1234 4159 τὸν
1264 4106 1499 4177 Χριστὸν
1529 4108 1620 4158 ἐπὶ

73 4193 308 4262 στόματος
359 4196 574 4267 φέρων*
608 4197 858 4265 Χριστὸς
900 4197 1006 4268 γὰρ
1055 4198 1202 4252 Θεοῦ
1244 4199 1495 4269 δύναμις
1523 4198 1621 4252 καὶ

70 4284 200 4338 Θεοῦ
226 4288 411 4355 σοφία
433 4329 447 4351 ,
473 4287 691 4356 ἐλέγετο
709 4306 721 4318 ⁸
766 4289 831 4341 Τὸ
866 4290 1061 4358 στόμα
1081 4309 1199 4360 μου
1228 4293 1485 4361 λαλήσει
1518 4310 1621 4346 σοι

73 4374 212 4439 μίαν.
295 4376 499 4431 Τοῦτον
551 4377 659 4450 γάρ
717 4380 879 4433 πᾶσιν
935 4382 1243 4454 ἀνθρώποις
1299 4386 1615 4457 ἐκήρυττον.

84 4464 411 4538 Ἦκονημένοι
435 4468 497 4522 δὲ
528 4469 620 4523 τὸν
648 4468 771 4523 νοῦν
790 4512 805 4535 ,
848 4472 1024 4536 πάσας
1054 4474 1147 4528 τοῦ
1176 4475 1411 4547 Χριστοῦ
1443 4476 1619 4529 συνίε-

76 4572 158 4609 σαν
196 4559 289 4623 τὰς
322 4559 641 4633 παραϐολὰς
684 4564 775 4617 καί
807 4564 913 4635 πρὸ
951 4565 1047 4633 τῆς
1094 4566 1258 4619 αὑτοῦ
1306 4567 1615 4639 ἑρμηνείας.

74 4652 149 4704 Διὸ
168 4653 294 4721 μετά
315 4654 520 4718 ταύτας
540 4658 568 4709 ὁ
586 4656 682 4726 μὲν
698 4658 887 4729 Σωτὴρ
909 4656 1057 4725 ἔλεγε
1073 4674 1086 4688 ·
1108 4659 1415 4725 Συνήκατε
1436 4660 1621 4715 ταῦτα
1654 4648 1697 4703 Ῑ)

76 4740 277 4808 narra;
308 4748 373 4799 Ol
403 4745 474 4799 δὲ
502 4745 787 4816 λέγουσιν
812 4746 969 4812 αὐτῷ
993 4788 1007 4811 ,
1034 4748 1153 4801 ναί.
1198 4749 1263 4801 Ἡ
1298 4751 1493 4821 καρδία
1516 4752 1624 4805 τοί-

74 4847 151 4885 νυν
172 4836 340 4891 αὐτῶν
360 4838 592 4910 ἐμελέτα
618 4839 875 4903 συνέσεις,
894 4839 956 4903 ἃς
983 4840 1194 4910 ἤνοιγον
1215 4842 1326 4903 τοῖς
1348 4841 1421 4912 μὴ
1444 4859 1621 4913 παρα-

76 4922 317 4981 κολουθεῖν
340 4928 658 4999 δυναμένοις
674 4970 687 4992 ,
706 4929 798 4983 τοῦ
825 4928 1132 5000 σωματικοῦ
1155 4931 1383 5001 ὀργάνου
1402 4934 1467 5001 τῇ
1493 4935 1625 4986 ἐνοι-

77 5018 224 5093 κούοῃ
250 5024 384 5094 πρὸς
406 5024 564 5079 τοῦτο
586 5023 950 5087 διακονοῦντος
977 5024 1140 5095 ψυχῇ.
1175 5023 1344 5077 Τοῦτο
1374 5027 1479 5098 γὰρ
1503 5028 1622 5080 ἀντὶ

76 5109 347 5184 ςαλτηρίου
364 5115 637 5189 παρέλαᾶε
662 5116 795 5189 πρὸς
810 5119 907 5189 τὴν
928 5115 1015 5170 διὰ
1034 5115 1232 5169 τούτων
1255 5116 1413 5169 θείων
1436 5117 1618 5189 ὓμνων

78 5202 370 5272 ἀντίκρουσιν
399 5247 413 5271 ,
450 5209 679 5263 ἑκάστου
713 5209 909 5282 μέρους
936 5209 1368 5280 ὲπιστημονικῶς
1391 5212 1447 5263 ἐν
1471 5211 1619 5282 αὐτῷ

80 5298 395 5366 κινουμένου.
740 5366 743 5369 ν

147 5388 258 5442 'Ira
283 5392 338 5444 τί
370 5393 664 5462 φοϐοῦμαι
708 5396 777 5449 ἐν
808 5396 993 5466 ἡμέρᾳ
1026 5394 1289 5464 πονηρᾷ;
1322 5398 1359 5465 ή
1404 5398 1620 5467 ἀνομία

80 5480 172 5547 τῆς
211 5483 461 5553 πτέρνης
502 5503 621 5555 μου
670 5489 965 5543 κυκλώσει
993 5509 1087 5559 με.
1153 5492 1214 5543 Εἰ
1245 5490 1299 5542 δὲ
1336 5492 1618 5564 πρόσωπον

84 5573 257 5646 Κυρίου
288 5577 347 5630 τὸ
390 5577 578 5646 λέγον,
629 5578 861 5647 πτέρναν
886 5582 1050 5634 αὐτοῦ
1079 5582 1242 5654 εὕρῃς
1277 5582 1364 5634 τὸν
1397 5581 1620 5652 ἔσχατον

84 5666 160 5719 τοῦ
187 5669 425 5741 σώματος
456 5670 552 5723 καὶ
581 5670 645 5741 τῇ
678 5673 748 5741 γῇ
782 5671 1144 5742 πλησιάζοντα
1205 5674 1409 5729 ἰούδανο
1462 5674 1621 5747 σῶμα

131 5780 173 5819 ⁸
195 5781 241 5842 ιι
265 5785 391 5845 Cor.
416 5804 467 5858 ν,
496 5786 585 5843 10.
661 5786 704 5820 ⁸⁸
733 5787 755 5840 ι
781 5787 905 5843 Cor.
940 5806 975 5856 ι,
1003 5790 1092 5844 24.
1170 5791 1209 5822 ³¹
1247 5788 1433 5844 Matth.
1461 5802 1580 5852 XIII,
1610 5787 1700 5842 51.

1792 3480 1955 3536 Vens.
1983 3481 2037 3545 4,
2070 3481 2120 3535 5.
2164 3480 2235 3535 0s
2267 3496 2435 3533 meum
2461 3480 2699 3549 loquetur
2738 3464 3073 3547 sapientiam,
3094 3490 3145 3534 et
3170 3496 3283 3533 me-

1719 3574 1908 3626 ditatio
1932 3572 2106 3626 cordis
2152 3574 2252 3626 mei
2278 3572 2628 3641 prudentiam.
2660 3570 2935 3625 Inclinabo
2964 3573 3016 3625 in
3046 3571 3282 3640 parabo-

1720 3667 1827 3721 lam
1862 3683 2042 3720 aurem
2069 3682 2258 3729 meam,
2284 3667 2515 3735 aperiam
2534 3669 2586 3717 in
2610 3666 2857 3733 psalterio
2879 3666 3280 3733 propositionem

1720 3775 1908 3813 meam.
1942 3757 2067 3812 Haec
2096 3766 2273 3813 autem
2306 3767 2537 3827 possunt
2574 3761 2640 3811 ab
2671 3759 2931 3829 apostolis
2964 3758 3092 3811 dici.
3118 3756 3284 3812 Para-

1721 3853 1872 3905 bolas
1903 3867 2031 3906 vero
2061 3858 2219 3907 vocat
2240 3850 2508 3904 obscuros
2540 3865 2840 3906 sermones.
2874 3850 3151 3921 Siq‘uidem
3178 3848 3284 3905 Do-

1722 3944 1901 3996 minus
1930 3957 2053 3995 cum
2089 3942 2264 3995 turbis
2298 3940 2605 4013 parabolice
2638 3940 2972 4009 loqueretur,
3011 3938 3157 3994 domi
3189 3952 3285 4007 po-

1723 4042 1835 4089 stea
1862 4033 2081 4087 easdem
2129 4034 2399 4103 apostolis
2421 4032 2747 4102 explicabat.
2788 4031 2913 4086 ldeo
2945 4030 3057 4099 jam
3082 4030 3285 4084 chorus

1721 4128 1999 4183 Christum
2026 4125 2119 4182 Dei
2152 4102 2474 4197 sapientiam
2504 4129 2555 4179 in
2589 4141 2685 4181 ore
2715 4125 2895 4179 ferens
2922 4142 2934 4177 :
2969 4138 3092 4177 nam
3123 4121 3283 4175 Chri-

1722 4230 1833 4274 stus
1853 4219 1948 4274 Dei
1987 4220 2151 4274 virtus
2184 4228 2232 4273 et
2258 4218 2354 4272 Dei
2384 4219 2641 4286 sapientia
2657 4218 2720 4279 ³⁸,
2749 4216 2983 4279 dicebat,
3019 4211 3091 4267 0s
3115 4230 3284 4268 meum

1725 4316 1965 4382 loquetur
1996 4312 2329 4381 sapientiam.
2366 4310 2523 4365 Hunc
2556 4310 2697 4363 enim
2736 4305 2992 4361 omnibus
3023 4304 3287 4373 prtedicao

1722 4409 1874 4473 baut.
1902 4408 2150 4477 Cumque
2175 4407 2333 4460 acu'ta
2364 4412 2542 4457 mente
2569 4398 2821 4455 instructi
2853 4408 3057 4459 essent,
3094 4412 3286 4453 omnes

1724 4502 1930 4558 Christi
1963 4498 2249 4571 parabolas
2289 4492 2683 4566 intelligehant,
2720 4500 3009 4561 antequam
3046 4492 3165 4561 ipse
3191 4504 3286 4544 eas

1726 4596 2193 4665 interpretaretur.
2245 4588 2426 4654 Quare
2484 4603 2606 4641 cum
2655 4586 2723 4641 iis
2772 4584 3000 4671 prolatis
3039 4582 3288 4637 Salvator

1728 4689 1931 4750 diceret
1958 4704 1971 4739 :
1997 4682 2339 4738 Intellexistis
2359 4682 2467 4736 [uec
2488 4683 2665 4734 omnia
2679 4683 2707 4757 2
2728 4680 2921 4734 Dicunt
2948 4679 3014 4743 ei,
3046 4676 3283 4731 etiam".
3316 4714 3319 4717 -

1728 4782 1835 4835 Cor
1868 4781 2034 4849 igitur
2060 4792 2249 4831 eorum
2279 4776 2597 4846 prudentias
2644 4774 3030 4837 meditabatur,
3062 4780 3197 4841 quas
3221 4770 3287 4823 iis

1725 4874 1816 4943 qui
1860 4870 2015 4942 sequi
2063 4886 2171 4925 non
2227 4880 2497 4939 poterant,
2548 4868 2883 4939 aperiebant,
2926 4866 3287 4918 instrumento

1731 4979 1995 5036 corporeo
2025 4964 2218 5017 animae
2260 4964 2408 5019 intus
2457 4962 2724 5017 habitanti
2773 4960 3136 5013 ministrante.
3176 4954 3288 5009 Hoc

1730 5057 1872 5111 enim
1916 5069 2014 5124 pro
2061 5054 2319 5125 psalterio
2368 5055 2644 5117 utebatur,
2690 5051 2756 5105 ad
2797 5050 3009 5104 divinos
3058 5040 3287 5117 hymnos

1730 5148 2049 5221 pulsandos,
2095 5148 2325 5219 singulis
2358 5148 2603 5217 partibus
2642 5146 2776 5200 scite
2814 5158 2877 5197 ac
2924 5150 3288 5212 congruenter

1728 5237 1909 5292 motis.

1798 5393 1965 5450 Vsus.
2000 5396 2054 5450 6.
2099 5395 2207 5451 Cur
2243 5394 2432 5451 timebo
2469 5394 2547 5463 in}
2564 5392 2860 5448 die'mala?
2887 5394 3135 5462 iniquitas
3175 5389 3297 5442 cal--

1729 5489 1878 5542 canei
1934 5490 2037 5542 mei
2081 5490 2428 5544 circumdabit
2472 5505 2567 5541 me.
2603 5486 2657 5540 Si
2695 5502 2925 5557 persona
2962 5483 3169 5537 liotniui
3202 5495 3287 5536 est

1728 5598 1849 5652 quae
1889 5582 2131 5653 loquitur
2160 5580 2533 5648 ,‘calcaneum
2579 5582 2699 5650 ejus
2751 5577 3119 5649 deprehendas
3165 5591 3286 5630 esse

1733 5673 1950 5743 ludam,
1984 5679 2076 5749 qui
2128 5678 2352 5734 ultimus
2382 5674 2627 5745 corporis
2661 5682 2713 5729 et
2749 5682 2906 5727 terra:
2935 5669 3287 5739 uropinquiot‘
