3958 6340
666 408 762 463 431

1315 410 1581 467 EUSEBII
1617 404 2083 467 CESARIENSIS
2116 403 2264 463 OPP.
2299 404 2479 461 PARS
2510 404 2598 459 ill.
2628 436 2695 447 —
2730 393 3131 487 EXEGETICA.

3726 400 3809 455 432

665 535 800 582 erat.
832 526 963 579 Nam
984 541 1177 596 corpus
1197 526 1401 582 Domini
1431 537 1558 584 sunt
1580 530 1826 598 apostoli.
1858 527 1974 584 Non
2002 528 2190 588 timebc

2300 528 2405 598 γὰρ
2423 528 2623 600 Κυρίου
2645 528 2694 578 οἱ
2718 524 3018 578 ἀπόστολοι.
3052 523 3125 575 υὺ
3154 520 3415 590 φοὸοὗμαι
3435 516 3525 573 οὖν
3551 520 3646 591 τὴν
3675 520 3811 575 Ἰούδα

665 618 847 686 itaque
874 616 1021 671 Judaa
1050 618 1403 687 proditionem
1426 620 1480 673 in
1515 626 1756 690 tempore
1784 620 1987 675 crucis.
2020 617 2202 684 Quan—

665 707 947 781 doquidem
975 722 1146 776 neque
1167 708 1363 780 singuli
1384 710 1628 765 homines
1644 710 1832 765 Adami
1852 710 2203 778 inobsequen-

664 800 792 852 tiam
826 800 1013 853 timere
1056 799 1293 855 debent:
1328 800 1468 854 hanc
1506 798 1702 870 quippe
1752 797 2064 859 calcaneum
2098 802 2202 855 ini-

662 890 881 957 quitatis
909 904 1031 944 esse
1080 889 1564 965 subindicavixmus.
1604 891 1773 946 Nemo
1802 892 1944 947 enim
1984 899 2203 962 propter

661 980 885 1055 alterius
909 980 1203 1050 nequitiam
1228 982 1634 1039 condemnatur.
1679 983 1867 1039 Adami
1894 997 2019 1039 vero
2047 976 2205 1038 inob-

662 1072 1013 1141 sequentiam,
1070 1073 1190 1128 ideo
1236 1074 1571 1145 iniquitatem
1616 1079 1855 1133 calcanei
1902 1093 2025 1135 esse
2064 1077 2196 1143 dixi,

659 1161 783 1229 quia
808 1176 1057 1245 serpens
1110 1171 1299 1218 contra
1350 1167 1665 1224 calcaneum
1719 1168 1839 1238 ejus
1879 1175 2198 1240 potestatem

656 1250 836 1304 habet.

616 1394 619 1395 ν
724 1337 890 1395 Vens.
908 1342 962 1405 8,
983 1342 1035 1396 9.
1069 1342 1262 1398 Frater
1281 1362 1382 1399 non
1405 1345 1628 1411 redimit,
1645 1347 1858 1402 redimet
1889 1349 2078 1405 homo?
2096 1366 2198 1403 non

650 1429 802 1484 dabit
848 1431 957 1487 Deo
988 1435 1333 1502 placationem
1364 1453 1536 1504 suam,
1563 1448 1613 1493 et
1642 1440 1864 1505 pretium
1895 1441 2198 1511 redemptio-

654 1524 735 1575 nis
764 1520 1260 1597 animarum'lioc
1297 1543 1509 1598 quoque
1548 1530 1712 1586 modo
1747 1531 2041 1604 intelligas,
2074 1541 2196 1589 non

653 1610 819 1667 frater
858 1612 1100 1680 fratrem,
1135 1633 1240 1672 non
1265 1620 1475 1675 amicus
1500 1622 1735 1678 amicum
1762 1624 1994 1681 redimet
2026 1643 2037 1679 :
2069 1626 2195 1681 'sin-

650 1703 759 1772 ευιί
783 1702 1014 1777 namque
1044 1709 1343 1765 mercedem
1373 1727 1525 1766 suam
1550 1706 1826 1782 recipient,
1856 1724 1910 1771 et
1938 1718 2096 1786 quale
2124 1718 2196 1773 sit

650 1792 914 1863 cujusque
943 1810 1077 1864 Opus
1117 1798 1258 1868 ignis
1294 1800 1582 1868 probabit:
1609 1797 1709 1856 nec
1742 1804 1889 1858 dabit
1922 1805 2193 1875 quispiam

650 1897 750 1951 pro
781 1900 839 1938 se
861 1878 969 1941 Deo
994 1889 1341 1955 placationem
1377 1890 1431 1944 in
1462 1890 1551 1945 illa
1591 1892 1679 1946 die
1715 1910 1727 1945 :
1760 1907 1934 1962 neque
1962 1895 2195 1964 pretium

648 1976 883 2047 deponet
919 1980 1073 2047 quasi
1102 1995 1201 2049 pro
1230 1996 1329 2034 sua
1355 1982 1742 2052 redemptione.
1771 1983 2196 2059 lnutiles‘itaque

648 2074 775 2121 sunt
815 2070 1045 2131 divitiae;
1081 2071 1185 2126 nisi
1232 2072 1355 2141 quis
1384 2074 1439 2127 in
1484 2076 1735 2143 praesenti
1766 2076 1875 2131 vita
1928 2078 2100 2134 ﬁdelis
2132 2094 2196 2135 ac

645 2161 883 2228 prudens
907 2174 1219 2241 mconomuls
1247 2164 1568 2229 inveniatur,
1590 2167 1682 2236 qui
1699 2168 1864 2224 tritici
1886 2186 2193 2228 mensuram

645 2249 703 2323 in
733 2256 971 2320 tempore
1012 2268 1111 2308 suo
1137 2250 1418 2311 conservis
1447 2256 1755 2314 distribuat.
1792 2258 1888 2316 Hic
1906 2263 2047 2323 enim
2070 2280 2192 2320 cum

642 2341 703 2395 in
743 2339 844 2394 hac
881 2341 989 2396 vita
1020 2344 1085 2396 ad
1133 2344 1401 2412 justitiam
1448 2349 1817 2418 seminaverit,
1856 2360 1985 2409 tunc
2027 2364 2193 2411 metet

643 2430 768 2484 vita:
796 2431 1026 2488 fructus.
1055 2432 1185 2487 Nam
1222 2435 1501 2505 redemptio
1549 2440 1666 2504 viri,
1700 2443 1776 2497 ait
1829 2441 2074 2514 Sapiens,
2104 2445 2189 2499 di-

643 2519 783 2573 vitia:
809 2522 922 2590 ejus
940 2523 1004 2577 ".
1037 2524 1139 2589 Qui
1172 2537 1349 2581 autem
1379 2544 1477 2585 nec
1522 2530 1588 2587 de
1629 2532 1830 2592 divitiis
1872 2552 1972 2592 nec
2001 2538 2068 2592 de
2098 2554 2191 2592 ro-

643 2611 774 2667 bore
818 2617 1063 2682 corporis
1100 2620 1437 2687 superbiunt.
1472 2623 1565 2678 sed
1591 2638 1905 2694 praesentem
1937 2630 2102 2684 vitam
2135 2633 2191 2685 in

644 2703 829 2760 labore
857 2709 1183 2779 transigunt,
1229 2713 1497 2780 promissa
1521 2716 1632 2770 vita
1673 2716 2054 2788 dignabuntur.
2087 2718 2192 2775 Pro

643 2796 757 2860 illo,
795 2798 1053 2855 laboravit
1096 2802 1151 2857 in
1198 2812 1471 2869 veternum,
1512 2804 1893 2877 Symmachus,
1923 2809 2011 2863 sed
2049 2820 2190 2877 post-

640 2903 799 2957 quam
839 2890 1085 2960 requievit
1118 2895 1334 2957 saeculo,
1374 2896 1545 2950 vivens
1566 2898 1621 2950 in
1642 2898 2043 2954 ateculumtatis
2075 2917 2191 2969 per-

639 2978 885 3032 manebit.
912 2980 1011 3046 Qui
1030 2983 1249 3037 laborat
1274 2985 1327 3037 in
1356 2985 1516 3041 rebus
1537 2987 1776 3058 agendis,
1798 2991 1937 3046 vivet
1952 2991 2004 3045 in
2031 2991 2189 3047 ﬁnem

644 3083 737 3137 per
768 3069 1127 3141 cognitionem
1144 3115 1157 3128 .

721 3243 994 3311 Vens.‘il,
1028 3248 1113 3303 12.
1149 3247 1217 3303 Et
1248 3252 1534 3322 relinquent
1578 3255 1765 3310 alienis
1797 3257 2010 3317 divitias
2041 3280 2187 3333 suae,

640 3346 691 3390 et
713 3336 951 3405 sepulcra
980 3354 1155 3392 eorum
1190 3339 1371 3396 domus
1411 3342 1622 3399 illorum
1656 3346 1709 3400 in
1742 3359 2013 3408 wternum.
2040 3352 2193 3413 Alius

641 3425 717 3478 ait
747 3440 761 3477 :
793 3421 1119 3495 Relinquent
1170 3428 1363 3484 alienis
1394 3430 1611 3487 divitias
1640 3447 1857 3491 sensum
1889 3424 2188 3509 moventes,

639 3516 856 3572 divitias
872 3519 1099 3574 sensiles
1120 3536 1266 3585 suas,
1290 3536 1500 3577 necnon
1533 3539 1646 3589 eas,
1674 3541 1810 3596 quas
1833 3532 2037 3600 scripto
2058 3549 2193 3590 con-

640 3607 880 3673 signatas
908 3606 1127 3661 habent.
1156 3600 1370 3667 Nullum
1392 3610 1590 3680 quippe
1610 3628 1675 3667 ex
1706 3615 1838 3683 ipsis
1860 3618 2192 3674 emolumen-

641 3707 777 3749 tmnv
811 3697 1107 3765 percipient
1145 3699 1199 3751 in
1254 3699 1341 3754 die
1378 3701 1593 3769 judieii.
1635 3702 1948 3761 Abducetur
1992 3711 2191 3781 quippe

640 3789 817 3840 anima
843 3802 1050 3851 eorum,
1072 3788 1203 3841 nihil
1224 3786 1369 3843 aliud
1391 3791 1620 3848 aﬂ‘erens
1643 3805 1833 3863 praeter
1860 3798 2185 3869 sepulcrum;

639 3876 889 3931 videlicet
931 3892 1149 3948 corpus,
1199 3886 1252 3934 et
1299 3883 1699 3951 corruptionem
1745 3887 1799 3941 in
1841 3905 1948 3959 qua
1989 3906 2088 3948 ceu
2133 3891 2187 3946 in

640 3966 890 4034 sepulcro
912 3966 1126 4023 defossa
1149 3977 1251 4025 est.
1274 3968 1341 4023 Et
1366 3971 1499 4027 alias
1530 3988 1596 4026 ex
1630 3979 1861 4033 terrenis
1882 3984 2186 4049 possessio-

640 4058 800 4112 nlius
832 4058 1000 4112 nihilo
1029 4060 1148 4128 plus
1184 4058 1380 4115 referet
1408 4061 1676 4131 quispiam
1717 4080 1873 4134 quam
1899 4067 2072 4125 locum
2108 4087 2189 4127 se-

637 4151 831 4226 pulcri,
863 4153 919 4205 in
956 4168 1063 4222 quo
1106 4161 1225 4223 post
1254 4162 1482 4208 mortem
1526 4156 1728 4225 jacebit
1757 4172 2068 4231 corruptum
2095 4181 2209 4220 ca-r

637 4240 820 4325 daver.
854 4242 1224 4300 Tabernacula
1265 4256 1445 4303 autem
1486 4260 1706 4313 eorum,
1727 4250 1782 4304 in
1823 4253 2021 4322 quibus
2059 4272 2183 4311 cum

637 4333 813 4389 adhuc
843 4335 899 4389 in
938 4336 1075 4391 vivis
1123 4345 1308 4393 essent
1352 4338 1691 4404 habitabant,
1737 4340 1804 4395 ad
1847 4343 2057 4401 alienos
2103 4362 2185 4403 ve-

2303 620 2584 689 προδοσίαν
2617 621 2674 671 ὲν
2700 619 2777 687 τῷ
2805 616 2979 688 καιρῷ
3007 617 3097 669 τοῦ
3126 614 3353 685 σταυροῦ
3374 630 3387 642 ο
3417 614 3537 665 ἐπεὶ
3563 613 3686 682 μηδὲ
3708 614 3810 665 Ex:-

2301 725 2423 774 στος
2445 711 2545 781 τὴν
2570 708 2662 764 τοῦ
2704 708 2874 780 Ἀδὰμ
2920 708 3221 779 παρακοήν.
3278 706 3489 776 Ταύτην
3518 705 3627 774 γὰρ
3654 707 3810 775 0213\n-

2300 800 2506 871 ξάμεθα
2528 800 2761 870 πτέρναν
2790 799 3009 869 ἀνομίας
3036 793 3192 852 εἶναι.
3246 796 3427 859 Οὐδεὶς
3454 795 3564 865 γὰρ
3593 794 3657 849 δι’
3681 795 3810 849 ἄλλου

2300 893 2493 947 κακίαν
2523 890 2953 956 καταδικάζεται.
2990 888 3240 959 Ἀνομίαν
3275 888 3331 941 δὲ
3355 887 3587 959 πτέρνης
3613 887 3703 958 τὴν
3726 905 3809 939 πα-

2302 985 2500 1055 ρακοήν
2523 980 2672 1038 εἶπον
2702 982 2869 1053 Ἀδὰμ
2886 1021 2902 1046 ,
2929 981 3007 1051 τῷ
3026 980 3116 1034 τὸν
3142 978 3261 1049 ὅφιν
3279 978 3518 1045 ἐξουσίαν
3540 977 3678 1048 ἔχειν
3699 978 3812 1033 κατὰ

2298 1074 2395 1144 τῆς
2421 1074 2651 1145 πτέρνης
2672 1071 2832 1125 αὐτοῦ
2850 1108 2866 1127 .
2898 1116 2901 1117 ν

2381 1331 2732 1407 Ἆᾶελφὸςού
2748 1328 3082 1407 λυτροῦται,
3109 1333 3467 1402 λυτρώσεται
3494 1332 3816 1401 ἀνθρωποςῖ
3910 1318 3911 1323 η

2295 1433 2367 1485 οὐ
2392 1429 2568 1484 δώσει
2592 1427 2673 1494 τῷ
2705 1425 2825 1492 Θεῷ
2850 1426 3146 1494 ἐξίλασμα
3176 1424 3380 1499 αὐτοῦ,
3404 1425 3500 1478 καὶ
3529 1422 3644 1491 τὴν
3664 1422 3819 1493 τιμὴν

2252 1562 2256 1567 η
2293 1520 2400 1591 τῆς
2425 1522 2768 1590 λυτρώσεως
2800 1517 2909 1587 τῆς
2933 1514 3139 1585 ψυχῆς
3172 1516 3373 1570 αὐτοῦ.
3411 1516 3643 1587 Νοήσεις
3669 1514 3721 1568 δὲ
3741 1513 3822 1566 καὶ

2293 1612 2462 1679 οὕτως
2480 1630 2493 1643 ’
2519 1614 2622 1666 οὐκ
2659 1608 2883 1678 ἀδελφὸς
2912 1608 3133 1676 ἀδελφὸν
3152 1647 3167 1671 ,
3210 1608 3270 1660 οὑ
3295 1607 3443 1675 φίλος
3466 1607 3616 1676 φίλον
3644 1604 3832 1677 λυτρώ-.

2296 1719 2442 1757 σεται
2462 1718 2475 1730 ·
2499 1702 2724 1763 ἕκαστος
2742 1699 2848 1769 γὰρ
2866 1699 2955 1751 τὸν
2980 1696 3104 1751 ἴδιον
3132 1695 3315 1769 μισθὸν
3332 1697 3556 1768 λήψεται
3570 1737 3584 1759 ,
3607 1697 3698 1749 καὶ
3718 1694 3822 1748 ἑκὰ-

2296 1810 2420 1847 στου
2460 1791 2521 1845 τὺ
2545 1791 2701 1865 ἔργον
2729 1788 2904 1846 ὁποῖόν
2932 1788 3048 1845 ἐστι
3066 1830 3080 1854 ,
3113 1788 3172 1843 τὸ
3193 1789 3302 1858 πῦρ
3324 1788 3633 1858 δοκιμάσειν
3662 1787 3749 1841 καὶ
3770 1781 3824 1839 οὐ

2224 1874 2268 1929 Β
2294 1882 2452 1937 δώσει
2483 1900 2566 1947 τις
2589 1883 2884 1952 ἐειλασμα
2907 1881 2985 1952 τῷ
3014 1880 3131 1951 Θεῷ
3163 1881 3300 1952 ὑπὲρ
3325 1879 3515 1934 ἑαυτοῦ
3556 1880 3675 1934 κατ’
3702 1876 3826 1933 ὲκεί-
3910 1884 3911 1889 “

2294 1994 2389 2048 νην
2404 1976 2499 2047 τὴν
2518 1976 2725 2047 ἡμέραν
2744 1992 2759 2007 ·
2774 1975 2892 2028 οὐδὲ
2912 1991 2963 2026 τι
2971 1974 3074 2044 μὴν
3092 1970 3448 2042 καταθήσεται
3466 1971 3710 2041 καθάπερ
3724 1970 3829 2024 ξαν·

2292 2066 2383 2123 τὸν
2429 2068 2805 2137 ἐξωνούμενος.
2860 2066 3098 2127 Μάταιος
3138 2063 3245 2135 ἄρα
3284 2065 3392 2126 τοῖς
3436 2062 3827 2133 κεκτημένοκὸ

2293 2159 2542 2222 πλοῦτος·
2568 2158 2703 2229 πλὴν
2724 2158 2772 2208 εἰ
2800 2157 2871 2227 μή
2895 2172 2977 2218 τις
2998 2154 3135 2209 κατὰ
3152 2154 3241 2206 τὸν
3254 2152 3496 2223 παρόντα
3512 2153 3630 2222 βίον
3648 2150 3827 2222 εὑρεθῇ

2292 2252 2480 2315 πιστὸς
2516 2251 2608 2303 καὶ
2641 2249 2895 2319 φρόνιμος
2920 2247 3196 2316 οἰκονόμος
3220 2284 3235 2307 ,
3281 2244 3341 2308 ὃς
3383 2245 3441 2296 ὲν
3469 2243 3644 2314 καιρῷ
3685 2242 3828 2295 δώσει

2289 2342 2351 2395 τὸ
2388 2342 2719 2411 σιτομέτριον
2751 2342 2857 2402 τοῖς
2890 2335 3206 2400 συνδούλοις.
3236 2328 3402 2398 Οὗτος
3432 2334 3569 2405 γὰρ.
3602 2331 3831 2386 ἐντεῦθεν

2290 2433 2389 2505 ήδη
2438 2431 2659 2503 σπείρας
2706 2430 2878 2502 ἑαυτῷ
2904 2432 2984 2493 εἰς
3013 2427 3349 2499 δικαιοσύνην
3372 2468 3388 2492 ,
3418 2427 3683 2498 τρυγήσει
3722 2424 3831 2476 τότε

2292 2523 2531 2594 καρποὺς
2557 2521 2714 2591 ζωῆς.
2739 2522 2966 2588 Λύτρον
2992 2518 3099 2590 γὰρ
3128 2517 3362 2585 ἀνδρὸς,
3398 2516 3560 2587 φησὶν
3590 2518 3617 2569 ὁ
3649 2514 3827 2583 mag,

2291 2618 2324 2669 ό
2356 2615 2504 2681 ἴδιος
2530 2612 2808 2677 πλοῦτος.
2872 2612 2932 2665 Οἱ
2966 2610 3021 2663 δὲ
3055 2612 3190 2683 μήτε
3220 2609 3431 2677 πλούτῳ
3460 2608 3593 2679 μήτε
3622 2606 3831 2673 δυνάμει

2291 2706 2538 2776 σώματος
2581 2702 3015 2773 ἀλαζονευόμενοι
3035 2742 3048 2766 ,
3105 2700 3355 2754 ἐπίπονον
3396 2700 3453 2753 δὲ
3486 2700 3576 2753 τὸν
3605 2697 3833 2769 παρόντα

2291 2793 2615 2864 κτησάμενοι
2645 2791 2752 2860 βίον
2772 2834 2786 2856 ,
2816 2791 3306 2862 καταξιωθήσονται
3335 2791 3434 2861 τῆς
3461 2792 3519 2843 ὲν
3545 2787 3835 2858 ἐπαγγελίᾳ

2290 2884 2454 2955 ζῳῆς.
2521 2883 2662 2936 ’Δντὶ
2688 2882 2747 2939 δὲ
2768 2883 2891 2935 τοῦν
2958 2884 3303 2937 Ἐκοπίασεν
3331 2885 3418 2948 εἰς
3446 2882 3553 2935 τὸν
3571 2881 3753 2936 αἰῶνα
3771 2918 3784 2941 ,
3811 2881 3838 2931 ὁ

2289 2973 2596 3045 Σύμμαχος,
2620 2973 2792 3027 Ἀλλὰ
2809 2972 3207 3042 παυσάμενος,
3239 2966 3478 3043 φησὶ,τῷ
3500 2970 3685 3034 αἰῶνι,
3734 2970 3837 3031 ζῶν

2288 3068 2373 3131 εἰς
2392 3064 2573 3118 αἰῶνα
2595 3063 2921 3121 διατελέσει
2942 3067 2975 3118 ό
3000 3064 3280 3129 τοιοῦτος.
3326 3063 3384 3116 Ὁ
3407 3062 3611 3116 κοπιῶν
3635 3061 3723 3115 διὰ
3744 3062 3836 3131 τῆς

2216 3199 2262 3261 C
2292 3157 2593 3229 πρακτικῆς
2610 3154 2832 3225 ,ζήσεται
2862 3158 2941 3217 εὶς
2970 3154 3118 3218 τέλος
3141 3154 3227 3209 διὰ
3247 3155 3344 3261 τῇς
3371 3151 3642 3259 γνιίἷσεως.

2360 3249 2472 3305 Καί
2527 3250 2997 3316 καταλείψουσιν
3042 3246 3379 3315 ἀλλοτρίοις
3425 3245 3536 3299 τὸν
3579 3242 3837 3298 πλοῦτον

2291 3341 2504 3405 αὐτῶν,
2538 3341 2634 3395 καὶ
2662 3322 2715 3395 οἰ
2740 3338 2909 3409 τάφοι
2941 3338 3135 3393 αὐτῶν
3176 3339 3353 3410 οἰκίαι
3392 3333 3593 3390 αὐτῶν
3618 3336 3709 3401 εἰς
3735 3332 3838 3387 τὸν

2290 3433 2501 3491 αἰῶνα.
2561 3434 2781 3501 Ἕτερος
2846 3430 2969 3501 ἔφη·
3012 3427 3439 3498 Καταλειψουσιν
3480 3422 3691 3509 ἑτέροις
3751 3422 3837 3477 τὸν

2291 3524 2542 3596 αἰσθητόν
2583 3541 2640 3577 τε
2680 3522 2905 3577 πλοῦτον
2948 3520 3125 3575 αὐτῶν
3168 3522 3261 3574 καὶ
3312 3520 3401 3573 τὸν
3442 3520 3501 3572 ἐν
3550 3518 3834 3596 σμγγράμι

2295 3630 2475 3687 μασιν.
2528 3615 2692 3669 Οὐδὲν
2737 3615 2843 3685 γὰρ
2880 3610 2939 3677 ἐξ
2980 3609 3159 3666 αὐτῶν
3198 3612 3481 3681 αἱρήσουσι
3527 3610 3719 3677 κέρδος
3751 3624 3837 3660 κα-

2286 3709 2356 3761 τά
2397 3708 2492 3778 τὴν
2535 3706 2743 3778 ἡμέραν
2790 3704 2890 3772 τῆς
2948 3702 3200 3772 κρίσεως.
3270 3701 3669 3771 ’Δπαχθήσεται
3735 3701 3838 3769 γὰρ

2288 3802 2321 3870 ἡ
2368 3798 2568 3851 τούτων
2605 3796 2769 3867 ψυχὴ,
2811 3793 2962 3847 οὐδὲν
3004 3791 3163 3845 πλέον
3208 3791 3241 3862 ἢ
3284 3792 3375 3843 τὸν
3425 3792 3623 3862 ἑαυτῆς
3674 3790 3838 3857 τάφον

2287 3876 2612 3961 ἐπαγομένη·
2654 3886 2851 3959 δηλαδὴ
2891 3875 3144 3953 τὸσῶμα
3188 3884 3296 3937 γ.αἰ’
3319 3882 3415 3954 τὴν
3452 3882 3682 3954 φθορὰν,
3720 3875 3837 3953 ἐνῇ

2236 4044 2239 4047 λ
2286 3981 2471 4054 ὥσπερ
2519 3984 2577 4035 ὲν
2622 3980 2776 4048 τάφῳ
2824 3972 3158 4046 κατώρυκτο.
3209 3975 3314 4028 Καὶ
3362 3973 3537 4038 ἄλλως
3580 3974 3637 4028 δὲ
3664 3972 3839 4031 οὐδὲν

2286 4072 2445 4126 πλέον
2485 4071 2596 4138 ἕξει
2624 4087 2708 4133 τις
2740 4072 2805 4121 ὲκ
2831 4065 2940 4119 τῶν
2979 4068 3180 4139 γηΐνων
3218 4065 3529 4135 κτημάτων,
3558 4065 3593 4135 ἢ
3622 4062 3722 4118 τοῖν
3749 4061 3840 4117 τά-

2284 4184 2385 4234 φου
2417 4164 2506 4218 τὸν
2534 4163 2721 4225 τόπον,
2744 4152 2872 4226 ὲνῷ
2903 4158 3224 4231 τελευτήσας
3258 4158 3497 4240 κείσεται
3522 4157 3718 4229 νεκρὸς
3743 4158 3838 4223 trp-

2285 4253 2579 4327 θαρμένος.⁵
2607 4252 2688 4306 Τὰ
2722 4249 2778 4302 δὲ
2807 4247 3137 4319 σκηνώματα
3170 4247 3368 4315 αὐτῶν,
3398 4249 3455 4300 ὲν
3484 4242 3566 4329 οἷς
3590 4247 3673 4299 ἔτι
3707 4243 3842 4309 ζῶν-

2282 4363 2373 4409 τες
2404 4342 2697 4414 κατῴκουν,
2731 4348 2809 4410 εἰς
2840 4346 3059 4418 ἑτέρους
3091 4339 3399 4411 ἀλλοτρίους
3428 4337 3573 4409 ἥξει,
3605 4338 3705 4393 καὶ
3733 4336 3840 4389 δια-

625 4425 804 4490 -nient,
831 4433 884 4481 et
924 4426 1207 4483 tradentur
1249 4429 1306 4483 in
1343 4432 1750 4513 generationem
1785 4438 1839 4489 et
1883 4439 2184 4507 generatio-

2288 4432 2563 4512 δοθήσεται
2602 4441 2681 4503 εἰς
2712 4440 2904 4507 γενεὰν
2937 4441 3029 4494 καὶ
3059 4438 3270 4526 γενεάν.

636 4532 779 4570 nem.

710 4605 871 4663 Vens.
899 4607 986 4661 l5.
1021 4606 1300 4665 Sicutoves
1332 4611 1389 4666 in
1425 4613 1628 4684 inferno
1660 4617 1818 4687 positi
1857 4630 1999 4685 sunt,
2042 4637 2181 4697 more

634 4689 869 4766 deposcet
902 4714 1009 4755 eos.
1041 4699 1173 4754 Cum
1197 4700 1423 4760 dixisset
1446 4720 1508 4761 ea
1540 4723 1658 4777 quae
1683 4705 1864 4780 impiis
1887 4720 2011 4768 ante
2039 4689 2185 4769 mor-

634 4800 739 4846 tem
766 4778 1067 4848 obventura
1094 4800 1252 4861 sunt;
1275 4811 1418 4852 nunc
1439 4800 1620 4869 qualia
1646 4802 1701 4857 in
1721 4778 1936 4859 inferno
1961 4806 2189 4876 passuri

636 4885 744 4939 sint
764 4884 1029 4940 enuntiat.
1064 4883 1205 4963 Nam,
1230 4901 1423 4959 pecora
1457 4894 1649 4948 mortis
1673 4903 1855 4961 erunt,
1875 4903 1929 4952 et
1961 4898 2029 4952 ab
2059 4899 2179 4969 ipsa

632 4986 944 5047 pascentur.
997 4978 1306 5034 Secundum
1359 4977 1738 5050 Symmachum
1785 4995 1993 5055 autem,
2043 4990 2180 5044 sicut

635 5083 821 5136 pecora
860 5070 1050 5137 inferni
1091 5086 1201 5125 sese
1246 5071 1643 5129 constituerunt.
1690 5074 1991 5133 Noluerunt
2035 5079 2179 5134 enim

637 5160 741 5214 sub
774 5160 915 5213 bono
948 5171 1160 5229 pastore
1188 5162 1477 5237 constitui;
1502 5172 1663 5234 atque
1682 5165 1803 5222 ideo
1820 5184 2013 5253 pecora
2035 5184 2179 5224 mor—

627 5251 705 5306 tis
747 5249 926 5306 eﬂecti
960 5260 1083 5306 sunt
1125 5269 1139 5305 :
1186 5260 1345 5323 atque
1402 5254 1523 5308 illos
1571 5256 1786 5325 quidem
1843 5249 2073 5327 abducet
2120 5261 2174 5314 in

634 5338 808 5410 ignem
827 5350 1118 5407 aeternum;
1142 5345 1295 5407 alios.
1328 5344 1416 5397 ubi
1448 5354 1526 5397 est
1564 5347 1717 5415 ﬂetus
1751 5360 1798 5401 et
1827 5352 2025 5404 stridor
2043 5352 2173 5405 den-

635 5439 799 5494 tium;
825 5433 979 5495 alios,
1014 5434 1067 5485 in
1112 5435 1345 5489 tenebras
1376 5438 1675 5493 exteriores.
1705 5437 1811 5493 Pro
1844 5441 1935 5494 illo
1965 5451 2165 5506 autem,

634 5518 702 5571 Et
735 5506 1193 5574 auxilium'eorum
1224 5535 1497 5581 veterascet
1526 5528 1578 5579 in
1602 5527 1802 5596 inferno
1835 5546 1866 5582 ο
1894 5532 2061 5600 gloria
2086 5548 2173 5586 eo-

632 5626 771 5671 rum,
796 5613 1003 5680 Aquila,
1042 5612 1104 5665 Et
1134 5613 1399 5670 character
1427 5616 1600 5671 eorum
1631 5628 1888 5675 conterere
1913 5623 2174 5693 infernum

704 5769 746 5803 ³¹¹
789 5771 941 5825 Prov.
974 5788 1067 5825 xm
1094 5812 1108 5838 ,
1138 5774 1218 5844 8.,

2214 4529 2263 4590 D

2363 4616 2460 4682 Ὠς
2490 4615 2748 4685 πρόϐατα
2775 4616 2845 4670 ἐν
2872 4614 2983 4683 ᾷδη
3020 4615 3241 4675 ἔθεντο,
3280 4610 3533 4676 θάνατος
3560 4606 3840 4681 ποιμανεῖ

2283 4710 2530 4775 αὐτούς,
2574 4708 2754 4763 Εἰπὼν
2800 4708 2907 4762 τῶν
2944 4706 3154 4763 ἀσεϐῶν
3196 4704 3265 4757 τὰ
3305 4705 3409 4776 πρὸ
3440 4704 3535 4759 τοῦ
3574 4704 3837 4767 θανάτου,

2283 4799 2377 4854 νῦν
2404 4795 2490 4855 οἶα
2532 4801 2804 4856 πείσονται
2847 4800 2993 4868 λέγει
3022 4800 3079 4851 ὲν
3107 4795 3253 4866 αὐτῷ
3283 4794 3360 4865 τῷ
3387 4795 3490 4869 ᾅδῃ
3516 4796 3836 4867 ἓγενόμενοι.

2282 4892 2578 4965 Θρέμματα
2600 4890 2709 4964 γὰρ
2734 4891 2944 4947 ἔσονται
2968 4888 3193 4943 θανάτου
3225 4886 3328 4939 ὑπὸ
3353 4886 3516 4940 αὐτοῦ
3546 4903 3837 4957 ποιμαινο-

2287 4984 2451 5055 μένοι·
2500 4982 2641 5037 κατὰ
2682 4976 2740 5037 δὲ
2794 4978 3104 5051 Σύμμαχον,
3148 4982 3228 5045 ὡς
3254 4976 3619 5048 ’,ϐοσκήματα
3678 4976 3838 5045 ᾅδου

2282 5074 2503 5138 ἔταξαν
2546 5068 2815 5138 ἑαυτούς.
2860 5070 2934 5123 Οὐ
2978 5067 3089 5139 γὰρ
3124 5065 3392 5138 ἠθέλησαν
3427 5066 3533 5121 ὑπὸ
3568 5065 3645 5138 τῷ
3674 5067 3841 5137 καλῷ

2252 5197 2255 5199 »
2286 5167 2498 5235 ποιμένι
2530 5164 2801 5235 τετάχθαι·
2834 5162 2938 5216 καὶ
2956 5152 3044 5215 διὰ
3082 5160 3237 5214 τοῦτο
3256 5159 3509 5229 γεγόνασι
3535 5161 3835 5233 θρέμματα

2281 5256 2526 5320 θανάτου,
2558 5256 2789 5318 καὶτοὺς
2815 5255 2917 5325 μὲν
2943 5249 3137 5317 ἀπάξει
3162 5254 3240 5316 είς
3268 5253 3329 5305 τὺ
3362 5250 3473 5324 πῦρ
3497 5252 3557 5305 τὸ
3581 5252 3836 5314 αἰώνιον,

2276 5349 2399 5410 τοὺς
2418 5347 2474 5401 δὲ
2496 5348 2644 5402 ὅπου
2668 5351 2701 5401 ό
2714 5343 3027 5427 «lavando
3046 5344 3143 5399 καί
3172 5348 3205 5398 ό
3222 5344 3490 5415 βρυγμὸς
3516 5343 3635 5399 τῶν
3653 5344 3841 5400 ὀδόν-

2278 5455 2412 5497 των.
2438 5438 2633 5503 τοὺςδὲ
2650 5440 2735 5503 εἰς
2752 5435 2820 5489 τὸ
2839 5436 3054 5500 σκότος
3072 5434 3139 5488 τὸ
3159 5434 3612 5515 ἐξώτξρονῦᾼντί
3629 5434 3691 5488 δὲ
3709 5432 3839 5516 *σοῦ’

2280 5529 2390 5584 Καὶ
2410 5532 2447 5597 ἡ
2462 5532 2710 5598 ,βοήθεια
2729 5528 2922 5591 αὐτῶν
2940 5528 3410 5597 παλαιωθήσεται
3427 5529 3498 5581 ἐν
3516 5524 3597 5592 τῷ
3615 5525 3747 5595 ᾄδῃ
3765 5528 3843 5579 ἐκ

2280 5623 2387 5685 τῆς
2405 5625 2585 5693 δόξης
2601 5622 2816 5690 αὐτῶν,
2836 5622 2864 5673 ὁ
2890 5620 2985 5692 μὲν
3006 5619 3247 5687 Ἀκύλας,
3261 5619 3371 5673 Καὶ
3398 5617 3704 5688 χαρακτὴρ
3728 5620 3846 5676 ait-
