3966 6348
100 358 193 413 ι57
1208 360 1625 419 COMMENTAR

1738 366 1803 420 IN
1842 365 2175 421 PSALMOS.
3189 370 3297 426 438

101 464 471 533 ἐπιτελέσειεν.
515 474 689 544 Εὖχάς
734 473 839 546 γὰρ
875 476 907 546 ἡ
949 475 1138 547 Γραφὴ
1176 474 1274 541 τάς
1318 480 1630 549 ἐπαγγελίας

1747 500 1866 553 quae
1920 485 2028 538 Deo
2075 483 2346 553 pollicitus
2397 491 2500 546 est,
2548 496 2711 554 opere
2738 482 3105 551 compleverit.
3159 482 3294 539 Vota

107 563 274 632 1φησὶν,
306 563 384 626 ὡς
416 567 475 616 ἐν
505 566 582 635 τῷ
604 583 616 596 ·
660 567 797 620 Ἐὰν
826 568 973 636 εὔξῃ
1005 568 1215 637 εὐχὴν,
1236 569 1320 639 μὴ
1344 573 1630 641 βραδύνῃ(

1746 576 1891 631 enim
1922 577 2312 646 promissiones
2359 573 2637 643 Scriptura
2684 581 2859 635 vocat,
2912 580 2971 626 ut
3016 588 3137 627 cum
3171 575 3245 627 ait
3280 592 3294 605 ·

106 653 438 708 ἀποδοῦναι.
484 656 707 724 Ἀγαθὸν
736 657 797 710 τὸ
825 658 895 730 μὴ
929 657 1202 723 εὖξασθαι,
1234 660 1267 731 ἢ
1298 661 1361 712 τὸ
1398 660 1628 727 εὖξασθα

1750 668 1807 723 Si
1837 676 2009 721 votum
2041 683 2244 729 voveas,
2275 664 2523 719 netardes
2550 662 2762 718 reddere
2787 663 2874 715 ⁸⁸⁸.
2907 662 3098 717 Melius
3129 664 3299 732 siqui-

107 745 182 797 (αἱ
218 745 292 815 μὴ
314 747 626 801 ἀποδοῦναι.
660 747 842 812 Οὕτως
863 745 955 803 οὖν
996 751 1222 821 σπείρας
1267 754 1346 815 είς
1380 752 1630 808 δικαιοσύι

1746 756 1869 808 dem
1899 761 2114 809 estnon
2143 769 2357 820 vovere,
2400 768 2563 824 quam
2600 768 2797 807 vovere
2826 761 2878 806 et
2912 766 3020 805 non
3051 752 3294 807 reddere.

107 851 210 904 θην,
244 834 431 901 ἔλπιζε
450 841 742 909 τρυγήσειν
770 841 977 911 καρπὸν
1003 842 1164 917 ζωῆς.

1750 844 1840 902 Sic
1872 846 2035 915 igitur
2068 860 2191 900 cum
2224 844 2577 901 seminaveris
2608 844 2673 899 ad
2702 844 2991 913 justitiam,
3024 858 3209 914 speres
3244 851 3297 897 te

1747 936 1983 991 fructum
2018 936 2141 991 vitm
2170 936 2547 990 collecturum.

171 1019 252 1085 Τῷ
264 1019 334 1073 δὲ
356 1020 678 1090 ἁμαρτωλῷ
693 1019 860 1078 εἶπεν
874 1028 906 1079 ὀ
935 1028 1077 1094 Θεός
1092 1044 1104 1059 ’
1124 1028 1246 1083 ἰνα
1270 1031 1327 1084 τί
1356 1030 1437 1084 σὺ
1465 1032 1630 1101 διηγῄ

1816 1026 1980 1084 Vens.
2020 1017 2121 1090 16...
2143 1028 2415 1083 Peccatori
2442 1037 2615 1081 autem
2644 1027 2780 1079 dixit
2812 1026 2945 1080 Deus
2973 1040 2991 1079 :
3032 1026 3206 1091 Quare
3241 1034 3295 1076 tu

104 1109 168 1163 τὰ
187 1109 542 1180 δικαιώματά
569 1131 706 1181 μου,
736 1115 831 1168 καί
881 1116 1333 1187 ἀντιλαμϐάνεις
1376 1120 1490 1187 τὴν
1521 1125 1630 1175 Δια·

1744 1137 1961 1174 enarras
1973 1104 2216 1189 justitias
2240 1134 2402 1182 meas,
2432 1120 2723 1174 et‘assumis
2748 1127 3107 1173 testamentum
3129 1132 3295 1169 meum

103 1202 285 1269 θήκην
309 1220 427 1271 μου
466 1204 565 1258 διὰ
606 1206 709 1258 τοῦ
744 1209 1036 1275 στόματός
1064 1224 1219 1274 σου;
1268 1213 1578 1267 Μετάσασιν
1618 1219 1630 1265 ε

1743 1226 1833 1279 per
1860 1226 1918 1263 os
1949 1211 2140 1264 tuum?
2170 1208 2571 1265 Transitionem
2608 1225 2788 1264 sermo
2822 1210 2979 1263 habet
3010 1209 3079 1261 ab
3109 1208 3298 1261 ordine

103 1292 246 1359 λόγος
291 1292 405 1361 εχει
451 1293 558 1345 ἀπὸ
593 1292 686 1345 τοῦ
720 1293 828 1346 τῶν
868 1295 1091 1351 δικαίων
1131 1301 1405 1370 τάγματος
1450 1302 1542 1355 ἐπὶ
1586 1304 1630 1357 τί

1740 1300 2012 1370 iustorum
2072 1301 2139 1355 ad
2177 1300 2425 1354 ordinem
2462 1300 2857 1368 improborum.
2892 1297 2984 1354 llle
3025 1298 3168 1353 enim
3200 1298 3299 1350 ali-

103 1384 274 1451 τάγμα
306 1377 413 1435 τῶν
441 1381 709 1452 πονηρῶν.
757 1384 960 1438 Ἐκεῖνο
985 1387 1091 1459 γάρ
1109 1406 1161 1443 τι
1187 1390 1346 1445 πλέον
1373 1391 1516 1462 ἔσχε,
1548 1394 1630 1463 τῆς

1744 1391 1873 1461 quid
1895 1391 2127 1461 amplius
2146 1390 2357 1455 habuit,
2383 1391 2592 1446 scilicet
2619 1392 2743 1445 novi
2769 1389 3101 1446 Testamenti
3122 1388 3300 1444 scien-

105 1473 285 1542 καινῆς
315 1472 586 1544 Διαθήκης
614 1473 712 1544 τὴν
738 1475 1065 1548 ἐπιστήμην.
1122 1459 1467 1551 ’Δμαρτωλδν
1495 1483 1550 1537 δὲ
1584 1459 1630 1537 oi

1744 1459 1896 1536 tiam.
1928 1459 2274 1536 Peccatorem
2306 1488 2506 1543 autem,
2528 1494 2638 1534 non
2666 1481 2900 1535 alienum
2922 1493 2952 1534 a
2978 1477 3293 1549 Scripturis,

106 1564 186 1614 τὸν
211 1563 483 1633 ἀλλότριον
515 1562 621 1615 τῶν
648 1564 900 1634 Γραφῶν,
932 1566 1066 1621 ἀλλά
1086 1568 1178 1622 τὸν
1212 1574 1532 1644 παραϐάτην
1558 1592 1626 1628 κα

1736 1569 1842 1626 sed
1874 1569 2347 1640 praevaricatorem
2377 1574 2555 1621 vocat.
2588 1566 2851 1637 lllumque
2878 1568 3144 1637 coarguit,
3189 1582 3297 1621 non

107 1655 194 1707 λεῖ.
233 1654 473 1723 Ἐλέγχει
503 1654 559 1707 δὲ
594 1656 754 1708 αὐτὸν
777 1658 875 1710 οὐκ
899 1658 990 1712 ἐπὶ
1028 1661 1332 1732 παραϐάσει
1370 1665 1630 1722 σαϐϐάτωπ

1746 1661 1812 1717 de
1846 1660 2281 1730 transgressione
2332 1657 2479 1711 circa
2518 1658 2745 1713 sabbata
2790 1665 2883 1711 aut
2926 1658 3150 1723 hostias,
3205 1666 3297 1712 aut

109 1744 370 1814 ἢθυσιῶν,
411 1745 685 1814 ἢτοιῶνδε
720 1746 1040 1820 βρωμάτων,
1071 1752 1205 1807 ἀλλὰ
1256 1755 1364 1809 τῶν
1413 1734 1630 1827 φυσικῶς

1749 1755 1955 1810 similes
1975 1767 2131 1808 escas
2160 1790 2175 1816 ,
2204 1750 2298 1805 sed
2328 1751 2394 1805 de
2422 1751 2598 1820 legum
2628 1750 2957 1805 naturalium
2984 1751 3293 1813 violatione,

108 1841 288 1904 νόμων,
326 1838 407 1904 ἐφ’
435 1831 521 1899 οἷς
542 1838 743 1908 ἀνόητα
768 1835 837 1910 ἦν
868 1840 1013 1913 αὐτῷ
1052 1843 1145 1896 τοῦ
1191 1846 1326 1900 Θεοῦ
1374 1847 1440 1901 τά
1477 1850 1630 1920 μαθή-

1749 1860 1979 1916 quarum
2013 1843 2357 1914 disciplinam
2407 1859 2436 1897 a
2494 1842 2601 1897 Deo
2657 1842 2905 1895 traditam
2952 1856 3049 1911 pro
3104 1842 3297 1896 insana

110 1942 266 1995 ματα’
313 1925 483 1978 ταῦτα
518 1927 624 1997 γὰρ
681 1928 1005 2001 ἁμαρτάνων
1052 1934 1375 2007 ἀπέρῤιπτε.
1418 1938 1630 2001 Φυσικὸς

1750 1937 2019 1992 habebat:
2063 1935 2204 1989 hanc
2254 1935 2398 1989 enim
2452 1932 2726 2005 peccando
2773 1932 2989 2001 abiecit.
3023 1930 3295 1988 Naturalis

110 2017 203 2089 γὰρ
238 2020 266 2071 ὁ
292 2019 456 2088 νόμος
493 2020 553 2072 τὸ
588 2019 661 2092 μὴ
688 2020 800 2075 δεῖν
835 2027 1026 2092 ποιεῖν,
1050 2025 1086 2079 ἃ
1116 2025 1180 2098 δὴ
1215 2028 1404 2083 παθεῖν
1434 2030 1496 2083 οὐ
1526 2029 1630 2101 pou

1744 2027 1943 2097 quippe
1976 2028 2061 2081 lex
2085 2042 2147 2081 ea
2172 2033 2277 2089 est,
2309 2026 2509 2079 nemini
2542 2024 2719 2079 facere
2746 2039 2867 2094 qua:
2894 2023 3008 2093 pati
3037 2023 3291 2079 nolimus.

109 2110 310 2180 λὸμεθα.
335 2111 528 2182 Μοιχοὶ
559 2113 615 2167 δὲ
658 2117 751 2172 καὶ
792 2120 840 2172 οἱ
880 2117 1028 2174 ἄθεοι
1069 2119 1441 2193 εἰδωλολάτραι
1463 2137 1474 2147 ·
1526 2122 1630 2177 κλέ-

1743 2115 1935 2171 Μωοιιί
1965 2124 2142 2169 autem
2174 2123 2319 2177 sunt,
2355 2114 2502 2183 impii
2533 2115 2830 2169 idololatrae
2854 2158 2868 2181 ,
2905 2121 2961 2171 et
2993 2113 3159 2179 fures,
3194 2116 3292 2185 qui

110 2214 224 2290 πται
250 2198 305 2250 δὲ
333 2198 426 2251 καὶ
451 2202 500 2252 oi
545 2202 867 2270 κλέπτοντες
896 2207 993 2278 τὴν
1031 2207 1305 2279 ἀλήθειαν.
1356 2211 1493 2290 Ila-ce
1546 2211 1643 2281 μὲν

111 2286 220 2356 οὖν,
264 2294 717 2367 ἘΜρῤησιάζοψ
766 2296 917 2368 φησὶ,
942 2300 1007 2368 τῇ
1040 2300 1227 2370 κακίᾳ,
1274 2299 1401 2353 ποτὲ
1434 2286 1510 2363 δέ,
1545 2304 1641 2353 Δο-

110 2383 221 2447 λίως
268 2386 635 2451 ἐπεϐούλευες,
682 2384 1005 2458 προσεποιοῦ
1042 2382 1116 2444 ’δὲ
1166 2393 1401 2463 γνησίως
1447 2393 1539 2446 καί
1568 2392 1642 2457 ὡς

111 2474 334 2542 ἀδελφοῖς
384 2478 592 2548 ὁμιλεῖν
617 2516 631 2540 ,
696 2477 869 2550 λάθρα
910 2479 1111 2535 τούτων
1161 2482 1473 2536 καταλαλῶν
1494 2500 1507 2513 ·
1556 2484 1642 2536 ὲν-

111 2566 313 2636 ήδρευες
351 2569 407 2621 δὲ
462 2570 555 2621 καὶ
584 2570 710 2633 τοὺς
730 2571 794 2623 ὲκ
824 2571 923 2642 τῆς
946 2574 1113 2644 αὐτῆς
1142 2591 1221 2627 σοι
1253 2576 1477 2646 μητρὸς,
1526 2576 1642 2646 ἦτοι

110 2660 424 2728 συναγωγῆς,
452 2660 485 2730 ἢ
516 2662 608 2714 καὶ
654 2660 943 2732 ἐκκλησίας
963 2680 977 2695 ο
1024 2666 1108 2733 ἐφ’
1136 2661 1215 2727 οἷς
1244 2666 1375 2737 ἐμοῦ
1406 2667 1643 2720 σιωπῶν-

1740 2206 2019 2261 veritatem
2072 2203 2427 2258 sulfurantur.
2458 2202 2617 2259 Modo
2650 2206 2815 2274 igitur
2845 2206 2920 2258 ait
2950 2225 2962 2260 :
3001 2206 3057 2259 In
3090 2206 3294 2260 malitia

1741 2297 2076 2363 conﬁdebas;
2101 2312 2252 2351 mox:
2283 2296 2474 2352 Dolose
2496 2295 2862 2359 insidiabaris,
2892 2296 3294 2369 simulabasque

1740 2397 1794 2445 te
1826 2388 2039 2445 sincere
2067 2396 2120 2443 et
2152 2388 2309 2459 quasi
2337 2403 2460 2443 cum
2495 2385 2762 2442 fratribus
2790 2385 3049 2455 colloqui,
3082 2387 3293 2442 etclam

1741 2480 1809 2534 iis
1837 2479 2234 2545 maledicebas;
2262 2479 2489 2534 insidias
2516 2478 2767 2533 struebas
2802 2478 2869 2533 iis
2892 2478 2983 2548 qui
3010 2492 3073 2532 ex
3103 2479 3292 2535 eadem

1739 2586 1903 2640 quam
1932 2578 1991 2625 tu
2020 2578 2191 2624 matre
2220 2570 2327 2625 orti
2356 2577 2504 2633 sunt,
2532 2569 2646 2623 sive
2665 2584 2729 2623 ex
2760 2568 3061 2640 Synagoga,
3087 2568 3200 2623 sive
3226 2582 3291 2623 ex

1739 2660 1983 2717 Ecclesia
2014 2680 2027 2714 :
2058 2661 2125 2715 de
2170 2660 2369 2730 quibus
2406 2676 2506 2730 ego
2536 2660 2783 2726 silebam,
2836 2659 3055 2731 quando
3102 2660 3292 2715 huma-

110 2764 185 2811 τος
208 2750 359 2818 ἡνίκα
388 2752 779 2825 ὲνηνθρώπησα
797 2773 811 2786 ο
837 2757 870 2825 ἢ
901 2758 992 2809 καὶ
1018 2756 1219 2820 ἄλλως·
1273 2758 1393 2810 Ἐπὶ
1430 2758 1491 2811 τὺ
1531 2760 1630 2828 χεῖ-

1738 2764 1861 2802 nam
1893 2749 2163 2819 assumpsi
2195 2758 2463 2802 naturam.
2494 2747 2617 2801 Sive
2642 2748 2748 2801 alio
2770 2751 2932 2805 modo
2958 2770 2971 2804 :
3002 2750 3083 2805 Ad
3110 2750 3292 2820 pejora

113 2857 188 2910 ρον
215 2840 449 2907 ἐϐάδιζες
480 2847 832 2918 καταφρονῶν
859 2849 955 2918 τῆς
988 2849 1127 2919 ὲμῆς
1158 2850 1515 2920 χρηστότητος
1547 2852 1630 2904 καὶ

1736 2839 2072 2911 gradiebare,
2108 2839 2605 2901 mansuetudinem,
2634 2839 2942 2909 patientiam
2972 2849 3025 2894 et
3054 2840 3292 2895 toleran-

110 2932 191 2999 τῆς
240 2934 431 3003 ἀνοχῆς
485 2936 703 3006 καὶτῆς
762 2936 1170 3009 μακροθυμίας·
1205 2938 1285 2991 διὸ
1316 2938 1499 2991 λοιπὸν
1542 2941 1630 2993 οὐκ

1739 2932 1865 2986 tiam
1894 2944 2067 2987 meam
2093 2932 2401 3002 despiciens
2428 2951 2439 2985 :
2474 2941 2648 3001 quare
2684 2931 2914 2986 ulterius
2946 2946 3054 2985 non
3092 2932 3286 3000 patiar.

112 3022 360 3091 ἀνέξομαι.
401 3026 511 3078 Καὶ
538 3024 645 3096 γὰρ
669 3025 899 3079 διέκεισό
932 3043 995 3095 με
1027 3026 1126 3090 τὰς
1160 3027 1256 3089 σὰς
1289 3026 1630 3097 ἀποδέχεσθαι

1735 3022 1869 3077 Nam
1906 3026 1984 3078 sic
2001 3024 2229 3079 affectus
2253 3040 2397 3087 eras,
2424 3032 2481 3078 ut
2510 3032 2731 3093 putares
2756 3038 2841 3078 me
2866 3031 3013 3093 gesta
3062 3024 3290 3093 probare

112 3112 331 3181 πράξεις,
356 3114 391 3184 ἢ
420 3116 511 3168 καὶ
545 3116 748 3187 μηδένα
781 3116 981 3170 τούτων
1010 3118 1333 3189 μεμνῆσθαι.
1366 3118 1501 3171 Ἀλλ’
1526 3118 1630 3186 ἐγώ

1738 3124 1847 3179 tua,
1884 3126 1977 3185 aut
2005 3116 2274 3171 neminem
2302 3131 2489 3171 eorum
2523 3116 2959 3172 recordaturum.
3008 3117 3073 3169 At
3106 3132 3204 3186 ego
3238 3125 3290 3171 te

114 3218 163 3253 σε
185 3204 456 3276 διελέγχων
481 3184 584 3278 πρὸ
608 3184 716 3261 τῶν
748 3208 852 3260 σῶν
890 3184 1186 3278 ὀφθαλμῶν.
1214 3211 1424 3265 ἅπαντα
1466 3184 1630 3283 θήσει),

1737 3222 1991 3277 arguens,
2026 3210 2207 3261 omnia
2237 3208 2335 3261 tibi
2361 3208 2431 3261 ob
2453 3209 2642 3263 oculos
2673 3222 2890 3278 ponam,
2930 3215 3008 3273 ut,
3048 3209 3132 3263 his
3160 3224 3289 3263 con-

111 3295 238 3359 όπως
268 3298 404 3367 ὁρῶν
434 3300 741 3372 αίσχυνθῇς.

1736 3299 1956 3369 spectis,
1991 3297 2195 3366 pudore
2227 3297 2497 3351 alliciaris.

227 3425 327 3479 ΕΙΣ
362 3425 449 3482 ΤΟ
485 3428 1026 3501 ΤΕΛΟΣ,ΨΑΛΜΟΣ
1064 3433 1148 3486 ΤΩ
1186 3435 1379 3489 ΔΑΥΙΔ
1418 3435 1500 3491 Νἶ.

1914 3431 1963 3483 1.
2002 3428 2069 3481 lN
2105 3426 2676 3489 FINEM,PSALMUS
2720 3426 2928 3483 DAYID
2964 3429 3029 3482 L.

124 3514 209 3571 Ἑν
232 3516 305 3581 τῷ
337 3519 531 3595 ἐλθεῖν
565 3523 726 3595 πρὸς
738 3522 922 3579 αὐτόν
941 3524 1142 3595 Ναϐὰν
1167 3524 1280 3575 τόν
1300 3525 1629 3595 προφήτην,

1812 3524 1862 3577 2.
1893 3522 2021 3577 Cum
2053 3520 2187 3575 veniit
2210 3521 2279 3595 ed
2305 3538 2420 3595 eum
2457 3521 2673 3595 Nat/ian
2704 3522 2975 3595 propheta,
3000 3523 3207 3592 quando

386 3590 564 3655 ἡνίκα
591 3590 836 3650 εἰσῆλθε
858 3593 1007 3661 πρὸς
1028 3590 1351 3661 Βηρσαϐεέ.
1417 3590 1432 3595 ⁷
1487 3590 1495 3592 ἡ
1557 3590 1568 3595 ’

2198 3593 2407 3645 intravit
2437 3592 2504 3645 ad
2538 3590 2811 3648 Bersabee;

182 3694 451 3767 Ἐλέησόν
478 3719 573 3772 με,
612 3708 644 3757 ό
674 3706 835 3771 Θεὸς,
858 3710 1009 3761 κατὰ
1038 3706 1100 3761 τὸ
1123 3706 1272 3776 μέγα
1300 3707 1469 3772 ἔλεός
1494 3726 1627 3763 σου.

124 3789 195 3853 Ὧς
214 3793 296 3844 ἐπὶ
314 3794 529 3865 μεγάλῳ
546 3795 603 3851 δὲ
628 3796 800 3869 ψυχῆς
833 3798 1099 3871 τραύματι
1160 3798 1389 3863 μεγάλου
1428 3798 1631 3854 δεῖσθαι

115 3878 238 3933 ἐλέου
262 3883 517 3952 ὁμολογεῖ.

182 3969 289 4027 Ἐπί
310 3973 517 4034 πλεῖον
558 3973 792 4031 πλῦνον
809 3993 885 4045 με
913 3977 1029 4031 ἀπὸ
1061 3976 1166 4045 τῆς
1203 3978 1451 4046 ἀνομίας
1488 3997 1625 4048 μου,

115 4057 195 4109 καὶ
216 4059 322 4112 ἀπὸ
347 4059 451 4128 τῆς
478 4063 760 4130 ἁμαρτίας
774 4082 892 4133 μου
924 4066 1248 4134 καθάρισόν
1267 4084 1362 4136 με.
1396 4069 1532 4140 Ὅρα
1573 4070 1629 4123 δὲ

116 4147 226 4215 πρὸς
247 4148 303 4201 τὸ
332 4152 561 4221 Χριστοῦ
592 4155 751 4207 πάλιν
780 4158 1069 4227 μυστήριον
1087 4176 1102 4191 ν
1127 4158 1224 4230 τὴν
1248 4160 1354 4231 γὰρ
1397 4161 1455 4214 ὲν
1482 4161 1629 4231 νόμῳ

116 4237 340 4309 κάθαρσιν
368 4243 515 4313 ητοῦ
547 4243 925 4315 βαπτίσματος
954 4248 1347 4321 ὑπερϐαίνουσα
1380 4251 1625 4323 δύναμις,

117 4329 190 4380 καὶ
208 4330 390 4404 ταύτης
418 4334 515 4403 τῆς
540 4334 717 4404 ψυχῆς
749 4337 1034 4406 ἐργάζεται
1075 4339 1356 4412 κάθαρσιν.
1418 4343 1625 4411 Ἐκείνη

117 4419 201 4491 Υὰρ
226 4423 345 4493 πρὸς
372 4425 467 4494 τῆς
496 4426 670 4496 ψυχῆς
692 4428 1161 4499 προσελαμϐάνετο
1193 4418 1552 4503 καθαρότητα.

172 4513 260 4568 Σοί
281 4517 433 4583 μόνῳ
454 4516 714 4585 ἥμαρτον
743 4520 839 4571 καὶ
868 4520 932 4572 τὸ
954 4523 1218 4591 πονηρὸν
1243 4523 1495 4576 ἐνώπιόν
1511 4538 1624 4575 σου

1799 4516 1959 4570 Vens.
1994 4516 2045 4570 6.
2083 4516 2197 4569 Tibi
2222 4516 2321 4569 soli
2346 4517 2549 4584 peccavi
2577 4526 2623 4568 et
2649 4515 2845 4568 malum
2876 4530 3052 4568 coram
3081 4523 3127 4567 te
3154 4513 3272 4581 feci,

117 4600 348 4671 ἐποίησα,
382 4606 539 4672 ὅπως
560 4606 635 4661 ἂν
661 4606 974 4677 δικαιωθῇς
1000 4613 1068 4665 ἐν
1092 4613 1215 4678 τοῖς
1248 4614 1450 4682 λόγοις
1486 4629 1621 4676 σου,

1730 4618 1785 4659 ut
1808 4607 2115 4675 justiﬁceris
2151 4608 2204 4659 in
2229 4605 2547 4659 sermonibus
2579 4608 2679 4659 tuis
2711 4614 2759 4660 et
2789 4608 2964 4659 vincas
2994 4621 3109 4657 cum
3126 4604 3276 4673 judi-

117 4693 194 4745 καί
217 4690 455 4765 »έικήσῃς
484 4698 555 4751 ἐν
585 4697 664 4763 τῷ
686 4700 990 4767 κρίνεσθαί
1016 4720 1107 4760 σε.
1134 4706 1207 4758 Οὐ
1244 4704 1399 4758 τοῦτό
1440 4722 1619 4774 φησιν,

1729 4699 1888 4751 caris.
1929 4695 2043 4750 Non
2077 4696 2177 4749 hoc
2225 4696 2334 4747 ait:
2373 4694 2513 4748 Uria:
2548 4695 2803 4763 injuriam
2856 4708 2963 4748 non
2996 4692 3096 4747 feci
3120 4733 3136 4749 .
3179 4693 3273 4746 sed

117 4779 271 4839 ὄτιτδθὶ
286 4788 480 4859 Οὐρίαν
506 4789 606 4843 οὐκ
638 4790 893 4859 ἠδίκησα·
944 4791 1055 4843 ἀλλ’
1084 4795 1165 4846 ὅτι
1206 4796 1303 4866 τὴν
1364 4794 1619 4864 μεγίστην

1729 4790 2135 4859 quia-magnum
2179 4788 2357 4843 scelus
2400 4788 2453 4841 in
2489 4787 2653 4843 Deum
2705 4786 2917 4857 aggredi
2964 4778 3130 4838 ausus
3157 4793 3270 4843 est,

118 4877 517 4949 παρανομίαν-είς
543 4880 701 4933 αὑτὸν
731 4880 1025 4951 τετόλμηκε
1054 4883 1143 4935 τὸν
1165 4884 1314 4947 Θεὸν,
1350 4883 1455 4938 ἀπὸ
1484 4901 1616 4954 προ·-

1729 4882 1813 4951 qui
1844 4896 1908 4933 ex
1940 4887 2154 4949 pastore
2185 4894 2281 4933 rex
2305 4878 2549 4943 eﬂ‘ectus,
2573 4878 2809 4933 inimicis
2838 4876 3085 4938 devictis,
3113 4879 3274 4940 atque

117 4957 280 5047 δίῗέωε
323 4967 421 5037 μὲν
468 4970 756 5040 γενόμενος
801 4972 1067 5043 βασιλεὺς,
1098 4977 1375 5047 κρατήσας
1423 4975 1479 5028 δὲ
1510 4976 1616 5027 τῶν

1729 4970 1884 5023 nullis
1916 4984 2021 5022 non
2051 4979 2275 5021 ornatus
2300 4968 2598 5029 beneﬁciis,
2626 4966 2865 5021 beneﬁco
2884 4979 2977 5033 per
3004 4963 3111 5016 tale
3141 4962 3272 5017 faci-

117 5046 298 5134 ἐχθρῶν,
322 5059 678 5124 παντοδαποῖς
708 5061 765 5115 δὲ
793 5064 1084 5134 κοσμηθεὶς
1107 5046 1347 5134 ἀγαθοῖς,
1384 5067 1474 5119 καὶ
1509 5084 1617 5119 τοι-

1729 5074 1825 5113 nus
1867 5059 2094 5128 gratiam
2136 5060 2465 5129 rependerit.
2499 5057 2634 5112 Illud
2686 5064 2862 5109 autem
2902 5069 3079 5107 coram
3116 5062 3183 5119 te,
3216 5054 3269 5106 in

118 5133 254 5201 θάνοις
271 5142 355 5199 τὸν
386 5146 679 5217 εὐεργέτην
703 5150 1088 5223 ἀμειψάμενος.
1137 5133 1209 5205 Τὸ
1246 5154 1323 5217 δὲ,
1363 5153 1616 5208 ἐνώπιόν

1729 5151 1947 5207 historia
1969 5151 2313 5220 explicatur:
2350 5150 2530 5205 Visum
2555 5159 2652 5212 est,
2685 5148 2880 5217 inquit,
2905 5144 3043 5217 quod
3072 5145 3269 5214 fastum

119 5235 225 5320 σου.
248 5231 328 5284 καὶ
353 5232 409 5284 ὲν
513 5236 723 5312 ίστορίᾳ
746 5239 1035 5311 δεδήλωται
1058 5256 1068 5266 ·
1104 5240 1413 5320 Ὠερθη,γάρ
1461 5246 1612 5315 φησὶ,

1729 5254 1810 5307 εει,
1847 5244 2043 5297 malum
2069 5229 2246 5299 eorum
2276 5242 2501 5297 Domino
2527 5242 2593 5296 δ’.
2625 5240 2721 5295 Vel
2754 5240 2832 5295 sic
2864 5239 3266 5309 interpreteris:

121 5318 171 5373 τὸ
190 5322 399 5387 Τετυνὸς
430 5328 693 5394 πονηρὸν
726 5329 980 5387 ἐνώπιον
1013 5333 1251 5401 Κυρίου.
1292 5318 1365 5385 *Η
1409 5332 1579 5399 οὕτως
1602 5355 1613 5367 ·

129 5406 327 5463 Ἔδόκουν
353 5429 443 5473 τις,
463 5410 599 5467 εἶναι
624 5418 789 5472 πάλαι
814 5424 1140 5495 σκεπόμενος
1170 5424 1271 5477 ὑπὸ
1300 5422 1414 5476 σοῦ.
1447 5425 1614 5479 Neve-

127 5500 481 5591 μικαδὲλοιπόν
505 5508 792 5591 ἀσάλευτος
819 5508 957 5567 εἶναι
984 5556 998 5578 ,
1038 5516 1207 5587 λέγων
1234 5517 1304 5569 ἐν
1331 5515 1404 5585 τῇ
1444 5520 1614 5584 εὐθη-

125 5590 200 5649 νέα
230 5606 331 5653 μου
352 5633 365 5645 .
399 5598 477 5648 Οὐ
513 5600 598 5665 μὴ
635 5590 946 5667 ίσαλευθῷ·
1004 5606 1087 5658 διὸ
1119 5608 1498 5674 ἀπέστρεψας
1546 5610 1613 5661 τὸ

1800 3700 1963 3755 Vens.
1998 3702 2049 3755 5.
2086 3699 2336 3756 Miserere
2372 3703 2490 3765 mei,
2529 3701 2690 3764 Deus,
2726 3702 3005 3755 secundum
3040 3717 3283 3771 magnam

1731 3789 2142 3843 misericordiam
2178 3800 2341 3843 tuam.
2376 3788 2542 3855 Quasi
2586 3804 2684 3859 pro
2714 3804 2911 3861 magno
2942 3790 3135 3844 anima:
3167 3790 3283 3844 vul-

1718 3867 1879 3942 nere,
1911 3896 2103 3951 magna
2134 3878 2508 3935 misericordia
2537 3895 2673 3951 opus
2701 3895 2828 3935 esse
2857 3880 3165 3936 conﬁtetur.

1800 3972 1964 4029 Vnus.
1999 3976 2051 4028 4.
2077 3973 2315 4040 Amplius
2348 3973 2464 4026 lava
2494 3989 2571 4027 me
2604 3972 2669 4026 ab
2702 3974 2976 4043 iniquitate
3004 3989 3139 4037 mea,
3170 3983 3217 4027 et
3248 3991 3281 4027 α

1727 4073 1934 4131 peccato
1964 4079 2075 4116 meo
2109 4063 2305 4117 munda
2344 4080 2441 4117 me.
2480 4061 2712 4133 Respice
2757 4064 2947 4117 iterum
2985 4063 3049 4115 ad
3079 4061 3279 4117 Christi

1728 4155 2040 4223 mysterium
2068 4171 2081 4218 ;
2134 4170 2258 4207 nam
2292 4155 2610 4225 purgatione
2636 4154 2770 4225 legis
2801 4153 3143 4223 praestantior
3184 4153 3281 4207 ba-

1726 4246 1907 4313 ptismi
1931 4246 2125 4306 virtus,
2162 4246 2321 4314 hujus
2351 4250 2540 4301 anima:
2566 4244 3006 4299 emundationem
3042 4243 3273 4312 perficit.

1725 4334 1856 4389 Nam
1882 4336 1968 4389 illa
1992 4336 2054 4389 ad
2080 4336 2270 4390 animaa
2301 4338 2587 4405 puritatem
2621 4334 2844 4389 advecta
2873 4340 2976 4389 est.

1714 5334 1946 5389 Videbar
1977 5334 2176 5405 aliquis
2203 5350 2325 5391 esse
2355 5350 2479 5387 cum
2525 5348 2553 5386 a
2588 5340 2641 5388 te
2668 5342 2998 5403 protegerer,
3031 5328 3267 5383 aestima-
3322 5376 3337 5384 -

1714 5429 1944 5496 bamque
1974 5425 2190 5481 demum
2228 5441 2316 5481 me
2344 5425 2674 5479 immobilem
2706 5439 2847 5485 esse,
2873 5416 2996 5476 eum
3028 5419 3265 5473 dicerem

1713 5520 1766 5571 in
1797 5518 2124 5570 abundantia
2153 5534 2266 5571 mea
2293 5515 2465 5569 :gNon
2507 5515 2778 5575 movebar;
2830 5525 2997 5582 quare
3034 5508 3265 5565 aoertisti

1715 5610 1899 5675 faciem
1938 5617 2077 5661 tuam
2121 5610 2150 5660 ἁ
2190 5626 2267 5663 me
2299 5618 2344 5663 et
2388 5608 2557 5677 factus
2601 5621 2711 5659 sunt
2755 5600 3095 5655 conturbatus
3120 5598 3199 5652 “z
3230 5613 3261 5653 a

178 5741 225 5771 ⁸⁸⁸
258 5743 392 5802 Deut.
429 5767 578 5819 mn,
608 5754 697 5808 2|.
774 5758 817 5791 δ’
858 5759 896 5813 ll
934 5757 1062 5819 Reg.
1095 5777 1146 5813 ιι
1220 5762 1298 5813 ’.7.
1375 5762 1419 5792 ⁸⁸
1461 5760 1602 5817 Psal.
1648 5780 1769 5817 XXI!
1795 5802 1807 5823 .
1847 5762 1895 5830 7,
