3958 6340
716 399 826 455 459

1414 403 1676 459 EUSEBII
1711 402 2177 459 CASSARIENSIS
2211 401 2360 458 ΟΡΡ.
2401 403 2580 458 PARS
2619 403 2703 458 Ill.
2742 432 2810 446 ——
2847 401 3248 458 EXEGETICA.

3778 402 3866 456 ιιο

715 515 1090 570 misericordia
1119 525 1209 570 tua
1251 517 1329 572 sic
1358 516 1605 579 edoctus.
1645 517 1766 573 Nisi
1806 519 2055 573 Dominus
2086 500 2252 586 mitiﬁ-

2358 519 2672 584 πρόσωπόν
2687 535 2799 569 σου
2818 519 2916 570 ἀπ’
2939 516 3101 584 ἐμοῦ,
3127 518 3219 570 καὶ
3239 516 3528 587 cret-{191V
3551 517 3866 584 τεταραπιέ·

723 607 916 660 caverit
958 606 1186 671 domum,
1224 608 1277 659 in
1322 623 1509 661 vanum
1558 608 1921 662 laboraverunt
1965 610 2052 677 qui
2093 609 2257 676 a’diﬁ.

727 704 846 751 cant
871 697 938 750 ".

798 871 958 928 Vsus.
1012 874 1065 927 7.
1119 874 1252 928 Ecce
1301 876 1436 927 enim
1486 875 1538 928 in
1584 877 1943 944 iniquitatibus
1992 890 2257 943 conceptus

732 981 860 1027 sum,
890 976 939 1018 et
975 967 1026 1018 in
1061 969 1284 1032 peccatis
1311 969 1538 1033 concepit
1567 984 1645 1020 me
1671 978 1835 1022 mater
1861 971 1991 1032 mea.
2022 970 2144 1023 llaec
2183 973 2257 1026 si—

730 1055 869 1116 miiia
903 1056 1103 1109 iuerint
1151 1057 1219 1111 iis
1266 1072 1384 1125 qua:
1432 1059 1484 1111 in
1513 1057 1614 1111 Job
1644 1059 1932 1128 leguntur:
1971 1047 2259 1114 Maledicta

729 1143 830 1198 ﬁes
850 1147 902 1198 in
926 1162 1027 1212 qua
1050 1155 1200 1200 natus
1229 1163 1363 1206 sum.
1397 1159 1445 1201 et
1482 1151 1582 1202 nos:
1608 1149 1662 1202 in
1690 1166 1792 1218 qua
1820 1150 2059 1203 dixerunt
2083 1165 2100 1202 :
2130 1150 2260 1204 Ecce

697 1281 700 1294 ,
729 1237 988 1287 masculus
1033 1237 1098 1290 ".
1129 1236 1238 1289 Cur
1270 1239 1576 1302 maledicta,
1611 1241 1715 1293 nisi
1750 1241 1874 1308 quia
1906 1240 1958 1292 in
2008 1241 2260 1309 iniquita-

728 1321 869 1375 tibus
898 1334 1193 1393 conceptus
1231 1327 1357 1394 est?
1397 1327 1750 1396 Consequens
1776 1329 1918 1383 enim
1952 1336 2065 1382 erat
2096 1331 2260 1385 male-

727 1411 1010 1465 dictionem
1047 1415 1302 1483 subsequi
1339 1425 1635 1484 peccatum.
1670 1417 1860 1473 Iisdem
1913 1435 2042 1474 usus
2080 1421 2259 1477 verbis

726 1510 806 1558 est
853 1500 1153 1570 Jcremias:
1193 1497 1478 1560 Maledicta
1533 1508 1643 1562 dies
1694 1510 1748 1562 in
1788 1527 1892 1578 qua
1919 1520 2072 1565 natus
2103 1529 2254 1576 sum,

726 1600 770 1646 et
806 1609 912 1646 nox
940 1595 1018 1646 in,
1043 1611 1144 1663 qua
1189 1580 1417 1665 concepit
1455 1615 1534 1650 me
1585 1611 1750 1652 mater
1792 1617 1903 1655 mea
1927 1602 1992 1656 ⁵⁸.
2039 1601 2257 1657 Beatum

725 1683 868 1736 enim
923 1683 1130 1747 fuisset.
1190 1703 1295 1742 non
1340 1705 1564 1757 peccare
1594 1691 1820 1761 primam
1862 1692 2160 1753 mulierem,
2207 1699 2259 1746 et

626 1833 627 1836 η
726 1782 992 1843 corruptae
1021 1778 1154 1845 proli
1188 1794 1402 1848 operam
1435 1797 1540 1834 non
1575 1781 1722 1843 dare,
1750 1795 1812 1835 ac
1840 1797 2057 1836 manere
2085 1783 2136 1834 in
2167 1796 2259 1850 pa.—

727 1862 906 1918 radiso
935 1865 1134 1920 divinis
1165 1869 1372 1938 angelis
1401 1871 1630 1924 similem
1655 1887 1671 1935 ;
1702 1870 1797 1925 sed
1841 1871 2036 1924 invidia
2063 1872 2260 1926 diaboli

726 1969 866 2007 mors
897 1955 1108 2009 intravit
1141 1959 1194 2010 in
1240 1957 1487 2010 mundum
1516 1959 1581 2011 “.
1631 1957 1914 2013 Generatio
1943 1971 2117 2014 autem
2167 1976 2261 2029 per

725 2042 1043 2110 sanguinem
1074 2053 1128 2098 et
1155 2058 1371 2097 carnem
1415 2047 1574 2098 morti
1604 2045 1966 2109 ministrabat,
1995 2046 2061 2100 ad
2087 2047 2261 2099 conti-

727 2149 890 2186 nuam
925 2134 1172 2188 mortalis
1210 2136 1419 2204 generis
1450 2137 1869 2191 successionem.
1903 2135 2259 2201 Quamobrem

728 2221 1029 2290 conceptio,
1063 2231 1247 2291 utpote
1276 2226 1434 2277 morti
1459 2227 1720 2294 subjecta,
1754 2242 1783 2280 a
1811 2223 1985 2283 beatis
2016 2229 2146 2283 viris
2173 2228 2257 2280 in-

724 2310 1032 2363 cusabatur.
1065 2311 1415 2382 Symmachus
1464 2331 1610 2377 vero,
1650 2317 1704 2368 in
1752 2317 2065 2384 injustitiam
2116 2327 2258 2370 utero

725 2410 951 2468 gestatus
976 2419 1111 2467 sum,
1138 2413 1185 2456 et
1212 2406 1263 2456 in
1292 2407 1512 2471 peccatis
1539 2408 1813 2472 parturivit
1832 2423 1909 2460 me
1936 2388 2109 2461 mater,
2124 2424 2254 2461 mea.

725 2489 780 2545 In
815 2501 990 2556 utero,
1019 2493 1214 2560 inquit,
1247 2501 1485 2561 gestatus
1514 2510 1654 2557 sum,
1690 2505 1746 2549 ut
1773 2497 2054 2551 transirem
2080 2497 2147 2550 ad
2178 2498 2259 2549 in-

723 2581 1005 2651 iustitiam,
1061 2582 1224 2651 idque
1256 2590 1314 2636 ut
1362 2584 1418 2637 in
1467 2586 1703 2655 peccatis
1737 2595 1916 2649 natus,
1965 2586 2259 2641 secundum

723 2672 865 2725 hanc
897 2672 1164 2741 cogitandi
1194 2674 1452 2728 rationem
1487 2689 1698 2745 arguar.
1735 2675 1849 2730 Non
1879 2677 1934 2730 in
1961 2677 2260 2747 iniquitati-

722 2761 826 2814 bus
876 2762 1064 2816 matris
1097 2778 1246 2825 ωεστ,
1305 2765 1497 2833 inquit,
1546 2776 1838 2834 conceptus
1875 2781 2015 2830 sum,
2069 2785 2174 2825 non
2207 2771 2259 2825 in

724 2851 1100 2920 iniquitatibus
1133 2854 1248 2908 suis
1294 2854 1410 2923 ipsa
1457 2857 1740 2924 parturivit
1770 2873 1854 2911 me
1885 2876 1900 2923 ;
1935 2860 2028 2913 sed
2071 2875 2170 2932 ego
2204 2862 2258 2916 in

723 2938 1057 3008 iniquitatem
1113 2951 1272 2996 natus
1300 2958 1442 3005 sum,
1476 2944 1688 2995 mortali
1724 2944 1943 2999 indutus
1974 2961 2135 3002 carne
2164 2958 2262 3012 ;-et

724 3031 838 3085 bazc
865 3031 1002 3097 dico,
1036 3033 1282 3102 quoniam
1320 3035 1582 3087 veritatem
1615 3033 1864 3088 dilexisti.

793 3115 955 3170 Vens.
994 3117 1046 3171 9.
1101 3121 1349 3188 Asperges
1412 3137 1490 3173 me
1540 3120 1778 3189 Itgssopo,
1829 3131 1878 3175 et
1933 3125 2258 3180 mundabor:

728 3206 922 3265 iuvabis
955 3223 1051 3273 me,
1085 3216 1134 3260 et
1163 3224 1313 3272 super
1339 3211 1502 3262 nivem
1532 3210 1830 3266 deatbabor.
1867 3211 2142 3287 Hyssopus
2170 3232 2261 3269 va-

727 3294 940 3348 cuitatis
970 3295 1261 3349 atl'ectuum'
1285 3300 1584 3368 symbolum
1606 3310 1708 3364 est,
1738 3311 1792 3356 et
1824 3303 2026 3376 ablutio
2085 3309 2263 3376 cognio

725 3384 928 3442 tionem
950 3386 1215 3454 signiﬁcat
1238 3407 1250 3441 :
1276 3403 1373 3457 per
1394 3392 1713 3446 vacuitatem
1740 3393 2023 3448 aﬂ‘ectuum
2040 3398 2264 3451 munda-

725 3489 866 3539 mur,
907 3486 962 3530 et
1008 3492 1102 3545 per
1138 3478 1503 3547 cognitionem
1533 3482 1876 3556 dealbamura

803 3563 961 3619 Vsus.
1003 3567 1088 3618 11.
1120 3567 1300 3621 Averte
1331 3568 1516 3636 facient
1550 3581 1692 3624 tuam
1726 3591 1757 3625 a
1785 3577 2005 3643 peccatis
2035 3577 2182 3640 meis,
2213 3588 2262 3631 et

727 3671 901 3710 omnes
933 3657 1230 3726 iniquitates
1270 3675 1409 3713 meas
1447 3661 1577 3714 dele.
1611 3663 1726 3715 Alia
1756 3667 1989 3732 ratione,
2019 3669 2109 3736 qui
2147 3671 2264 3722 ani-

706 3748 870 3798 'mam
897 3760 926 3798 a
957 3747 1093 3800 mala
1121 3750 1448 3804 conscientia
1479 3759 1756 3821 purgatam
1785 3753 1962 3816 habet,
1991 3755 2096 3809 Deo
2121 3757 2264 3813 dixe-

727 3834 836 3887 rit:
890 3833 1101 3888 Faciem
1154 3847 1317 3902 tuam,
1371 3840 1611 3904 Domine,
1643 3844 1923 3910 requiram,
1974 3861 2034 3899 ne
2062 3857 2262 3901 avertas

729 3919 913 3993 {aciem
964 3935 1106 3976 tuam
1154 3943 1186 3977 a
1227 3945 1304 3981 me
1329 3930 1392 3982 ⁵⁵.
1428 3930 1530 3996 Qui
1579 3947 1703 3986 vero
1751 3934 1942 3986 anima:
1983 3941 2262 3992 vulnerum

729 4009 1022 4066 fmditutem
1077 4016 1360 4084 conSpicit,
1411 4034 1529 4073 sese
1581 4023 1856 4077 occultans
1903 4027 2025 4093 jure.
2071 4017 2266 4097 magno

725 4101 892 4172 judici
925 4104 1037 4158 ait:
1075 4107 1256 4158 Acerte
1301 4107 1487 4173 {aciem
1521 4120 1664 4162 tuam
1699 4129 1730 4164 a
1759 4114 1974 4179 peccatis
2010 4119 2130 4171 meis
2153 4135 2172 4169 :
2209 4127 2264 4172 at

712 4206 836 4246 non
865 4208 896 4246 a
922 4195 1126 4265 meipso
1152 4237 1166 4258 ,
1197 4197 1290 4250 sed
1321 4199 1473 4265 quasi
1502 4213 1698 4268 aegrum
1733 4213 1938 4259 curato.

798 4453 960 4511 Vens.
995 4465 1081 4514 14.
1111 4467 1281 4514 tteade
1303 4463 1429 4518 mihi
1455 4466 1696 4521 laetitiam
1717 4467 2085 4524 salutaris‘tui.
2111 4463 2260 4540 Quod
2295 4481 2338 4534 D

729 4543 1016 4603 discrimen
1036 4551 1176 4618 apud
1198 4551 1450 4610 Hebraos
1477 4557 1546 4610 sit
1577 4557 1716 4612 inter
1736 4559 1886 4622 illud,
1919 4562 2107 4616 salutis
2138 4575 2258 4629 tute,

729 4635 872 4702 quod
923 4635 1232 4707 frequenter
1276 4647 1553 4709 occurrit,
1595 4656 1648 4701 et
1695 4649 1859 4712 illud,.
1884 4653 2131 4708 salutaris
2165 4657 2260 4720 tui,

731 4727 1052 4784 declaratur.
1102 4729 1234 4784 Nam
1273 4734 1423 4798 illud,
1471 4738 1700 4792 salutare
1741 4751 1903 4803 tuum,
1955 4745 2093 4814 apud
2142 4745 2262 4800 illos

732 4820 1006 4884 scribitur,
1033 4819 1276 4889 Jesuach,
1299 4827 1439 4896 quod
1467 4829 1747 4885 manifeste
1773 4833 2064 4891 Salvatoris
2092 4839 2261 4892 nostri

708 4903 857 4962 .Jesu
891 4925 1084 4964 nomen
1107 4915 1376 4980 exprimit,
1407 4916 1487 4971 sic
1520 4917 1665 4970 enim
1695 4933 1878 4976 omnes
1904 4921 2259 4995 interpretan-

731 5000 856 5060 tur;
886 4999 1014 5062 illud
1041 5015 1188 5062 vero,
1219 5003 1406 5056 salutis
1434 5015 1536 5058 tute
1567 5005 1776 5061 Isuach.

805 5083 963 5140 Vsus.
999 5090 1080 5142 19.
1109 5085 1438 5159 Sacri/icium
1468 5094 1575 5148 Deo
1602 5099 1812 5163 spiritus
1841 5103 2215 5157 contribulatus
2239 5121 2256 5156 :

724 5193 814 5234 cor
855 5178 1130 5230 contritum
1181 5190 1229 5232 et
1259 5181 1608 5248 humiliatum,
1656 5186 1790 5240 Dcus
1849 5205 1950 5242 non
1993 5192 2254 5260 despiciet.

724 5264 877 5316 Alius
930 5262 1098 5318 dixit:
1156 5265 1314 5322 Sanis
1366 5270 1580 5337 quidem
1642 5279 1890 5326 convenit
1935 5279 2256 5340 sacriﬁcium

730 5350 903 5404 laudis
937 5393 953 5417 ,
999 5352 1155 5420 aagris
1197 5371 1344 5418 vero,
1391 5359 1710 5414 sacriﬁcium
1745 5363 1922 5417 cordis
1954 5368 2168 5420 contriti
2206 5377 2257 5421 et

2356 625 2457 673 νος
2479 627 2490 638 ·
2521 609 2783 678 διδαχθεὶς
2814 608 2945 677 ἐλέῳ
2963 607 3038 676 τῷ
3062 607 3137 676 σῷ
3158 625 3170 636 ·
3209 607 3340 659 Ἐὰν
3356 605 3440 673 μὴ
3478 606 3690 670 Κύριος
3734 609 3866 660 οἱκο-

2355 697 2588 766 δομήσῃ
2627 694 2827 761 οἷκον,
2867 700 2952 762 εἰς
2992 697 3192 766 μάτην
3235 697 3641 762 ὲκοπίασανρι
3671 695 3866 748 οἰκοδο-

2351 787 2620 853 μοῦντες.

2440 876 2581 928 Ἰδοὺ
2642 877 2748 944 γὰρ
2800 877 2868 927 ἐν
2911 875 3178 942 ἀνομίαις
3214 872 3633 941 συνελήφθην,
3676 872 3765 924 καὶ
3815 873 3870 924 ἐν

2357 963 2657 1031 ἁμαρτίαις
2688 962 2978 1028 ἐκίσσησέ
3000 979 3075 1029 με
3101 965 3139 1029 η
3165 961 3360 1029 μήτηρ
3377 979 3514 1029 μου.
3550 962 3740 1030 Ὅμοια
3758 962 3796 1012 δ’
3817 961 3869 1013 ἂν

2357 1049 2438 1117 εῑη
2467 1050 2558 1102 καὶ
2599 1047 2767 1101 ταῦτα
2804 1052 2913 1110 τοῖς
2945 1049 3093 1119 παρὰ
3136 1048 3212 1119 τῷ
3257 1047 3374 1101 Ἰὼϐ
3395 1067 3407 1080 ·
3445 1048 3869 1116 Ἐπικατάρατος

2356 1140 2394 1206 η
2432 1138 2616 1206 ἡμέρα
2644 1139 2713 1191 ἐν
2750 1133 2787 1209 ᾖ
2811 1138 3164 1208 ἐγεννήθην,
3193 1139 3289 1192 καὶ
3318 1141 3354 1206 ή
3389 1139 3500 1203 νὺξ
3525 1140 3593 1191 ἐν
3627 1134 3666 1210 ᾖ
3700 1135 3867 1192 εἴπατ’

2368 1229 2511 1283 ἰδσὺ
2542 1230 2744 1296 ἄρσεν.
2777 1229 2873 1282 Διὰ
2897 1231 2948 1282 τί
2981 1231 3086 1301 γὰρ
3100 1229 3177 1294 ,ἦν
3210 1232 3600 1300 ὲπικατάρατος
3619 1271 3635 1295 ,
3680 1231 3784 1284 ἀλλ’

2355 1322 2412 1372 έν
2433 1316 2685 1390 ’ἀνομίαις
2710 1321 3005 1390 συνελήφθη
3032 1339 3046 1384 ;
3099 1322 3396 1376 Ἀκόλουθον
3419 1323 3524 1392 γὰρ
3551 1318 3623 1393 ἦν
3660 1324 3869 1391 κατάραι

2354 1411 2575 1464 ἕπεσθαι
2621 1412 2880 1482 ἁμαρτίᾳ.
2911 1398 3033 1475 Tot;
3079 1415 3256 1476 αυτοῖς
3319 1412 3582 1482 Ἱερεμίας
3637 1414 3873 1483 ἐχρήσατο

2356 1502 2530 1572 φήσας
2550 1519 2561 1530 ·
2605 1501 3053 1569 Ἐπικατάρατος
3084 1504 3122 1570 ἡ
3154 1503 3337 1570 ἡμέρα
3361 1503 3430 1554 ἐν
3466 1496 3505 1572 ᾖ
3535 1502 3778 1570 ἐτέχθην
3819 1503 3874 1555 ἐγ

2353 1594 2524 1661 αὐτῇ,
2563 1595 2657 1648 καὶ
2712 1595 2749 1662 ἡ
2778 1590 2891 1656 νὺξ
2915 1595 2983 1647 ἐν
3027 1589 3066 1664 ᾗ
3110 1592 3403 1646 συνέλαϐέ
3443 1609 3514 1660 με
3540 1591 3733 1661 μήτηρ
3755 1610 3874 1660 μου,

2355 1685 2633 1754 Μακάρων
2658 1683 2763 1755 γὰρ
2787 1681 2853 1754 ἦν
2887 1684 2948 1736 τὸ
2977 1683 3107 1754 μηδὲ
3133 1684 3229 1753 τὴν
3271 1681 3489 1752 πρώτην
3535 1685 3758 1750 γυναῖκα
3786 1699 3872 1734 πα-

2363 1774 2600 1842 ραϐᾶσαν
2627 1778 2693 1843 τῇ
2728 1774 2934 1844 φθαρτῇ
2975 1773 3180 1841 γενέσει
3220 1771 3632 1842 διακονήσασθαι
3657 1813 3672 1838 ,
3709 1773 3876 1842 μένειν

2359 1865 2415 1916 δὲ
2444 1865 2500 1915 ἐν
2547 1864 2850 1934 παραδείσῳ
2875 1864 3034 1925 θείοις
3071 1862 3418 1933 ὁμοιωθεῖσαν
3459 1863 3723 1931 ἀγγέλοιςσ

2359 1957 2554 2023 φθόνῳ
2574 1954 2849 2008 διαϐόλου
2865 1953 3115 2019 θάνατος
3136 1952 3411 2021 εἰσῆλθεν
3422 1957 3507 2020 εις
3530 1954 3873 2022 τὸν-κόσμον.

2359 2046 2578 2115 Θανάτῳ
2601 2046 2655 2098 δὲ
2684 2048 2716 2114 ἡ
2741 2046 2804 2098 δι’
2839 2045 3079 2116 αἱμάτων
3102 2045 3194 2098 καὶ
3224 2046 3420 2116 σαρκὸς
3465 2047 3776 2116 ὑπηρετεῖτο
3803 2045 3877 2112 γέ-

2358 2150 2498 2196 νεσις
2523 2135 2601 2194 εἰς
2623 2133 2715 2186 τοῦ
2740 2133 2929 2204 θνητοῦ
2949 2133 3134 2202 γένους
3163 2133 3435 2204 διαμονήν.
3475 2133 3566 2186 Διὸ
3591 2134 3682 2187 καὶ
3707 2137 3739 2205 η
3771 2135 3875 2187 σύλ-

2357 2225 2543 2294 ληψις,
2575 2223 2770 2277 ὡσανεὶ
2817 2220 3024 2294 θανάτῳ
3063 2223 3418 2292 ὑποκειμένη,
3461 2225 3572 2286 τοῖς
3619 2225 3878 2296 μακαρίοις

2357 2314 2675 2368 διεϐάλλετο.
2694 2316 2750 2366 Ὀ
2773 2315 2830 2366 δὲ
2853 2297 3139 2383 Σύμμαχος
3155 2329 3166 2342 ”
3195 2314 3297 2376 Εἰς
3318 2311 3554 2365 ἀδικίαν
3567 2312 3874 2380 ὠδυνήθην,

2359 2407 2455 2458 καὶ
2486 2406 2555 2458 ὲν
2586 2404 2892 2472 ἁμαρτίαις
2927 2402 3146 2470 ἐκύησέ
3165 2420 3240 2470 με
3266 2405 3303 2470 ἡ
3341 2403 3535 2472 μήτηρ
3578 2422 3710 2472 μου.
3752 2406 3879 2457 Ὀδυ-

2358 2493 2524 2565 νήθην
2551 2493 2656 2564 γὰρ
2678 2494 2770 2545 καὶ
2793 2492 3046 2563 ὲκ-υήθην,
3083 2494 3262 2561 φησὶν,
3301 2494 3384 2546 ἵνα
3413 2493 3669 2565 παρέλθω
3693 2495 3766 2556 είς
3791 2495 3878 2546 ἁδι‹

2359 2584 2500 2645 κίαν,
2532 2583 2623 2635 καὶ
2652 2583 2753 2646 ἵνα,
2781 2583 2838 2656 ἐν
2867 2582 3153 2652 ἁμαρτίαις
3182 2582 3484 2652 γενόμενος,
3509 2583 3740 2654 ἐλεγχθῶ
3762 2586 3878 2635 κατὰ

2357 2673 2556 2744 ταύτην
2582 2674 2678 2744 τὴν
2707 2673 2910 2726 ἔννοιαν
2929 2691 2941 2702 ·
2973 2674 3081 2726 Οὐκ
3101 2676 3157 2726 ἐν
3178 2674 3441 2744 ὰνομίαις,
3463 2675 3613 2744 φησὶ,
3645 2674 3738 2745 τῆς
3762 2675 3877 2744 ἐμῆς

2361 2764 2688 2836 συνελήφθην
2717 2767 2938 2836 μητρὸς.
2967 2765 3083 2817 οὐδὲ
3107 2768 3224 2827 ταῖς
3244 2766 3435 2835 ἑαυτῆς
3475 2766 3722 2835 ἀνομίαις
3754 2765 3880 2818 ixio-

2360 2855 2488 2925 σησέ
2520 2872 2586 2925 με
2607 2871 2620 2883 '
2652 2856 2765 2908 ἀλλ’
2785 2854 2892 2923 ἐγὼ
2934 2857 3010 2916 είς
3041 2855 3246 2908 ἀδικίαν
3293 2856 3584 2925 ἐγεννήθην
3607 2895 3620 2918 ,
3671 2855 3876 2925 θνητὴν,

2359 2945 2802 3016 περιϐαλλόμενος
2858 2946 3031 3015 σάρκα
3089 2948 3180 2998 καὶ
3225 2945 3396 2998 ταῦτά
3447 2963 3625 3016 φημι,
3663 2948 3879 3010 ἐπείπερ

2358 3035 2641 3102 ἀλήθειαν
2668 3035 2999 3103 ἠγάπησας.

2441 3113 2725 3190 Ῥαντιεῖς
2769 3142 2843 3194 με
2897 3123 3159 3191 ὑσσώπῳ
3205 3123 3302 3178 καὶ
3363 3124 3877 3194 καθαρισθήσομαι,

2360 3215 2608 3280 πλυνεῖς
2646 3231 2720 3282 με
2759 3216 2858 3267 καὶ
2889 3214 3037 3281 ὑπὲρ
3079 3216 3250 3283 χιόνα
3271 3198 3766 3284 λευκανθῆσομαι.
3821 3213 3879 3265 Τὸ
3934 3269 3935 3274 η

2362 3303 2605 3377 ὓσσωπᾲν
2627 3305 2738 3356 ἐστι
2764 3303 3024 3373 σύμϐολον
3047 3303 3324 3368 ἀπαθείας,
3355 3306 3448 3358 καὶ
3476 3307 3509 3375 ἡ
3546 3305 3735 3367 πλύσις
3758 3303 3880 3371 γνῶ-

2363 3412 2444 3447 σιν
2494 3396 2757 3466 σημαίνει·
2793 3397 2885 3448 καὶ
2919 3395 3003 3447 διὰ
3046 3395 3142 3464 μὲν
3176 3395 3438 3458 ἀπαθείας
3476 3394 3877 3466 καθαριζόμεθα,

2358 3484 2444 3538 διὰ
2476 3485 2530 3536 δὲ
2554 3486 2650 3555 τῆς
2679 3486 2925 3553 γνώσεως
2947 3485 3353 3555 λευκαινόμεθα.

2440 3575 2843 3643 Ἀπόστρεψον
2863 3573 2928 3626 τὸ
2957 3575 3274 3640 πρόσωπόν
3293 3591 3407 3627 σου
3439 3575 3558 3628 ἀπὸ
3584 3575 3699 3627 τῶν
3718 3576 3877 3642 ἀμαρ-

2360 3665 2494 3718 τιῶν
2509 3683 2644 3734 μου,
2671 3667 2768 3718 καὶ
2795 3664 2992 3728 πάσας
3007 3664 3111 3727 τὰς
3137 3666 3381 3731 ἀνομίας
3402 3683 3522 3732 μου
3555 3665 3874 3732 ἐξάλειψον.

2363 3749 2585 3817 ΙἌλλως,
2609 3758 2636 3806 ὁ
2663 3755 2756 3824 μὲν
2784 3755 2880 3824 τὴν
2911 3753 3080 3822 ψυχὴν
3121 3753 3521 3822 κεκαθαρμένος
3575 3755 3680 3807 ἀπὸ
3725 3769 3876 3804 awth

2360 3845 2560 3914 δήσεως
2600 3847 2836 3913 πονηρᾶς
2882 3844 3021 3895 εἴποι
3064 3841 3128 3892 ἂν
3166 3841 3241 3910 τῷ
3273 3841 3421 3911 Θεῷ·
3474 3843 3543 3895 Τὸ
3588 3840 3879 3909 πρόσωπόν

2360 3951 2494 3996 σου,
2521 3937 2711 4001 Κύριε,
2739 3931 2998 4006 ζητήσω,
3055 3930 3139 3998 μὴ
3177 3931 3572 3999 ⁴ἀποστρέψῃς
3619 3932 3680 3984 τὸ
3721 3931 3879 3997 πρόσ-

2359 4025 2519 4074 ωπόν
2540 4039 2654 4075 σου
2678 4022 2778 4075 ἀπ’
2797 4019 2938 4089 ἐμοῦ
2958 4037 2972 4049 ·
3005 4021 3032 4071 ὁ
3057 4019 3110 4074 δὲ
3137 4019 3197 4071 τὸ
3220 4020 3437 4089 αἰσχρὸν
3465 4021 3570 4073 τῶν
3597 4022 3694 4091 τῆς
3727 4019 3878 4089 ψυχῆς

2315 4142 2329 4154 υ
2359 4110 2845 4184 τραυμάτωνὸρῶν
2878 4111 3340 4182 ὲκκαλυπτόμενος
3380 4112 3604 4174 εἰκότως
3651 4111 3790 4177 λέγει
3817 4108 3877 4176 τῷ

2365 4202 2576 4270 μεγάλῳ
2602 4204 2774 4272 ,κριτῇ
2794 4218 2806 4229 ·
2854 4201 3260 4270 Ἀπόστρεψον
3303 4200 3369 4254 τὸ
3422 4203 3743 4267 πρόσωπόν
3780 4213 3876 4252 σοιν

2362 4292 2476 4345 ἀπὸ
2518 4289 2632 4342 τῶν
2667 4289 2955 4358 ἁμαρτιῶν
2980 4309 3114 4359 μου,
3144 4292 3274 4344 ἀλλὰ
3314 4293 3388 4362 μὴ
3420 4291 3480 4357 ἐξ
3512 4295 3658 4362 ,ἐμοῦ
3703 4291 3870 4346 αὑτοῦ·

2362 4382 2472 4435 ἀλλ’
2505 4381 2579 4444 ὡς
2603 4381 2855 4433 νοσοῦντα
2877 4381 3222 4451 θεράπευσον.
3490 4445 3492 4448 ν

2444 4470 2688 4535 Ἀπόδος
2703 4488 2803 4538 μοι
2825 4471 2936 4537 τὴν
2954 4473 3309 4541 ἁγαλλίασιν
3324 4472 3426 4524 τοῦ
3449 4476 3742 4542 σωτηρίου
3761 4486 3875 4524 σου.

2368 4562 2626 4630 Πλείστης
2649 4562 2705 4614 δὲ
2728 4565 2850 4631 παρτ
2880 4563 3144 4634 Ἑϐραίοις
3169 4563 3277 4631 τῆς
3291 4565 3589 4635 κοινότερον
3611 4563 3879 4630 σωτηρίας

2366 4668 2478 4707 σου
2511 4653 2802 4723 λεγομένης
2831 4655 2922 4708 καὶ
2948 4654 3054 4708 τοῦ
3074 4653 3363 4720 σωτηρίου
3383 4671 3498 4708 σου
3517 4654 3774 4725 δηλοῦται·
3785 4652 3902 4704 δια--

2367 4745 2521 4814 φορά.
2557 4745 2595 4794 Γ
2601 4743 2823 4814 ράφεται
2851 4743 2956 4815 γὰρ
2983 4743 3046 4796 τὸ
3079 4744 3174 4814 μὲν
3197 4743 3482 4811 σωτήριόν
3510 4759 3628 4797 σου
3651 4744 3772 4812 παρ’
3796 4742 3878 4792 αὐ-

2365 4836 2491 4897 τοῖς,
2536 4821 2832 4900 Ἰησουὰχ,
2871 4831 3051 4898 σαφῶς
3074 4830 3262 4898 δηλοῦν
3287 4832 3516 4902 τοῦνομα
3536 4830 3638 4883 τοῦ·
3655 4831 3877 4900 Σωτῆρος

2365 4924 2514 4993 ἡμῶν
2552 4922 2749 4991 Ἰησοῢ’
2798 4919 3095 4990 συμφώνως
3151 4921 3256 4991 γὰρ
3304 4922 3471 4982 οὕτως
3517 4919 3878 4990 ἑρμηνεύουσιν

2363 5013 2592 5073 ἂπαντες
2610 5029 2622 5041 ·
2656 5012 2715 5063 τὸ
2734 5012 2808 5074 δὲ,
2840 5011 3094 5076 σωτηρία
3118 5025 3252 5074 σου,
3284 5009 3538 5063 οίσουάθ
3560 5012 3656 5081 (1).

2433 5103 2618 5155 Θυσία
2637 5101 2712 5165 τῷ
2729 5100 2846 5165 Θεῷ
2861 5100 3088 5166 πνεῦμα
3107 5098 3601 5167 συντετριμμένον
3619 5118 3633 5130 ·
3657 5100 3876 5168 καρδίαν

2365 5191 2868 5259 συντετριμμένην
2891 5190 2986 5241 καὶ
3020 5187 3514 5256 τεταπεινωμένην
3549 5195 3583 5243 ό
3618 5193 3756 5255 Θεὸς
3785 5192 3876 5240 οὐκ

2359 5280 2760 5342 ἑξουδενὼσει.
2790 5278 2974 5344 ’Ἄλλος
3016 5275 3199 5331 εἶπεν·
3243 5277 3443 5344 ’Υγιέσι
3504 5281 3603 5348 μὲν
3648 5279 3872 5348 ἁρμόττει

2360 5368 2454 5438 τῆς
2474 5369 2790 5438 αἰνέσεωςνή
2819 5368 2972 5419 θυσία
2991 5385 3003 5396 ο
3041 5368 3249 5420 νοσοῦσι
3277 5366 3333 5417 δὲ
3363 5370 3394 5438 ὴ
3429 5367 3514 5420 διὰ
3537 5371 3634 5437 τῆς
3657 5382 3869 5421 τεταπει·

805 5499 846 5529 ⁵¹
883 5499 1024 5555 Psal.
1060 5518 1246 5568 cxxvt,
1277 5507 1324 5558 1.
1398 5509 1442 5539 ⁸⁸
1479 5507 1580 5562 Job
1609 5513 1760 5579 "1,5.
1835 5513 1881 5544 "
1918 5514 2024 5570 Jer.
2067 5533 2134 5570 xx
2159 5558 2172 5581 ,
2211 5519 2261 5569 li

2372 5520 2414 5550 ”
2457 5512 2581 5587 Sap.
2619 5534 2692 5583 ιι,
2725 5518 2814 5570 21.
2889 5517 2933 5548 ⁸⁸
2973 5516 3112 5573 Psal.
3146 5532 3270 5571 τινι
3357 5519 3472 5579 ξ,9.

815 5632 888 5727 Ω)
925 5634 1318 5727 ﬁnitast!-
1350 5643 1514 5727 Ηθιπς
1544 5650 1732 5727 om
1762 5665 1880 5718 sum
1904 5660 2078 5727 tamen
2110 5669 2211 5708 vox
2245 5657 2256 5707 ί

2358 5656 2727 5721 scriminatim,
2759 5661 2943 5709 contra
2969 5669 3128 5727 quam
3147 5652 3276 5708 dicit
3296 5651 3578 5716 Eusebius,
3615 5655 3694 5709 vel
3729 5652 3866 5725 σωτή-

748 5716 880 5770 ριον,
922 5707 1168 5772 salutare,
1202 5707 1297 5762 vel
1319 5707 2094 5788 σωτηρία)δαίιιζκίθηιὶἰςτιιηῐδ
