3958 6340
681 400 796 457 “‘5

1374 390 1640 451 EL'SEBll
1674 376 2148 451 CESARIENSIS
2182 390 2333 449 OPP.
2373 390 2555 448 PARS
2591 389 2679 447 ΠΙ.
2724 422 2795 433 -
2831 389 3239 450 EXEGETICA.

3789 400 3883 457 Ml

682 525 861 569 omnes
886 512 1023 580 ﬁlios
1045 510 1213 579 patris
1235 508 1350 579 ejus
1382 510 1677 564 sacerdotes
1710 510 1765 563 in
1797 507 1972 573 Noba,
1998 510 2087 580 qui
2116 509 2232 563 uni-

2336 506 2524 576 ὴρώτα
2557 506 2717 573 αὐτῷ
2747 506 2845 561 διὰ
2878 507 2985 563 τοῦ
3016 508 3182 572 Θεοῦ,
3211 507 3310 562 καί
3351 509 3730 581 ἐπισιτισμόν
3754 512 3882 567 ἐδω-

680 604 819 659 versi
851 611 1091 669 venerunt
1119 600 1371 672 adregem
1396 604 1463 658 “.
1497 600 1777 669 Tuncque,
1807 600 2027 669 jubente
2051 598 2231 664 Saule,

685 694 803 764 ipse
846 692 990 748 Doec
1036 692 1241 747 occidit
1279 692 1594 747 sacerdotes
1632 690 1847 746 Domini
1892 700 2142 744 trecentos
2185 698 2236 743 et

687 788 909 854 quinque
938 786 1074 838 viros
1116 784 1340 853 ferentes
1380 781 1563 850 ephod,
1618 791 1670 836 et
1720 781 1929 835 Nobam
1976 782 2234 834 civitatem

684 875 1014 931 sacerdotum
1060 876 1324 949 percussit
1366 875 1420 927 in
1449 890 1536 927 ore
1565 872 1731 945 gladii
1758 891 1791 926 a
1820 874 1930 927 viro
1959 888 2121 941 usque
2166 871 2234 925 ad

685 970 978 1031 mulierem,
1008 984 1040 1020 a
1075 982 1234 1035 puero
1277 982 1441 1035 usque
1480 965 1547 1018 ad
1588 966 1891 1027 laetantem,
1936 973 1985 1017 et
2016 962 2234 1016 vitulum

683 1067 733 1113 et
758 1059 965 1112 asinum
992 1066 1040 1111 et
1068 1057 1299 1112 ovem“.
1346 1056 1469 1112 Hznc
1511 1073 1633 1135 cum
1671 1056 1909 1121 audisset
1942 1053 2110 1107 David
2141 1054 2232 1106 tali

683 1152 844 1204 modo
867 1158 1014 1219 gesta
1043 1166 1181 1211 esse,
1216 1151 1315 1204 hos
1350 1148 1558 1219 profert
1601 1163 1904 1211 sermones,
1931 1147 2020 1216 qui
2044 1148 2233 1215 neque

682 1242 977 1301 canticum,
1026 1256 1203 1310 neque
1244 1240 1498 1311 hymnus,
1548 1254 1721 1308 reque
1769 1238 1898 1308 quid
1931 1238 2109 1293 simile
2142 1239 2235 1292 in-

683 1332 1016 1387 scribuntur.
1081 1332 1183 1398 Qui
1226 1333 1369 1386 enim
1424 1331 1620 1401 potuit,
1674 1331 1726 1385 in
1775 1338 1855 1400 tot
1892 1331 2235 1386 sacerdotum

684 1425 1016 1489 calamitate,
1059 1426 1273 1478 cantica
1321 1430 1415 1477 aut
1460 1425 1699 1497 psalmos
1745 1439 1842 1496 pro
1883 1424 1953 1477 iis
1994 1422 2238 1478 canere?

684 1512 864 1579 Quare
883 1515 1063 1569 nullus
1087 1514 1395 1583 hujusmodi
1431 1515 1619 1569 titulus
1644 1514 1957 1584 pm...issus
1984 1521 2102 1578 est,
2140 1512 2235 1567 sed

685 1603 860 1658 solum
893 1604 946 1657 in
972 1605 1127 1672 finem
1151 1605 1369 1668 dicitur,
1394 1613 1447 1660 et
1468 1606 1785 1667 intellectus,
1813 1606 1941 1674 quia
1977 1620 2098 1672 qua:
2127 1604 2235 1658 sub

685 1694 846 1751 tinem
876 1696 1143 1751 habentur
1185 1696 1327 1752 bona
1370 1699 1704 1772 renuntiant,
1733 1697 1821 1750 ubi
1860 1696 2086 1755 dicitur:
2122 1694 2234 1764 Ego

686 1798 858 1843 autem
889 1790 1025 1843 sicut
1078 1789 1216 1844 oliva
1258 1789 1556 1859 fructifera,
1588 1798 1642 1842 et
1692 1797 1906 1843 caetera.
1953 1786 2235 1842 Intellecta

2335 618 2439 655 κεν
2464 600 2752 667 αὑτῷ.Καὶ
2779 601 3130 655 ἀπέστειλεν
3152 604 3184 654 ὁ
3203 600 3496 666 ,βασιλεὺς
3522 600 3769 656 καλέσαι
3792 604 3886 657 τὸν

2347 690 2637 761 Ἀϐιμέλεχ
2666 690 2771 744 τὸν
2808 690 2983 757 ἱερέα,
3029 690 3128 759 καὶ
3172 691 3400 756 πάντας
3429 690 3569 756 τοὺς
3597 692 3763 757 υἱοὺς
3793 693 3884 748 τοῦ

2332 779 2554 848 πατρὸς
2603 764 2787 834 αὐτοῦ
2844 779 2984 845 τοὺς
3029 778 3204 846 ἱερεῖς
3254 780 3359 833 τοῦ
3401 781 3618 848 Κυρίου
3657 780 3792 845 τοὺς
3826 782 3886 835 ἐν

2332 873 2559 936 Νοϐὰν,
2589 871 2683 924 καὶ
2724 870 3116 951 παρεγέττοντο
3149 869 3367 936 πάντες
3411 869 3560 947 πρὸς
3590 870 3699 923 τὸν
3721 871 3883 934 ,ϐασι-

2332 962 2461 1017 λέα·
2498 963 2624 1017 Ὅτε
2645 962 2995 1025 κελεύσαντος
3040 959 3131 1013 τοῦ
3170 961 3371 1027 Σαοὺλ,
3420 961 3582 1025 αὐτὸς
3626 962 3821 1026 ἐκεῖνος
3862 966 3886 1015 ὁ

2334 1056 2488 1127 Δωὴιι
2510 1095 2524 1119 ,
2567 1055 2869 1109 ἐθανάτωσε
2916 1055 3042 1118 τοὺς
3090 1055 3251 1125 ἱερεῖς
3288 1053 3379 1107 τοῦ
3414 1053 3620 1125 Κυρίου
3650 1061 3696 1107 τ’
3732 1055 3823 1108 καὶ
3849 1072 3874 1107 ε

2335 1145 2554 1225 ᾶγὸζοας
2601 1145 2891 1215 φέροντας
2929 1145 3145 1214 ’ἐφοὺδ,
3195 1146 3292 1200 καί
3334 1145 3449 1213 τὴν
3477 1146 3678 1199 Νοόὰν
3724 1148 3887 1200 πόλιν

2335 1236 2453 1291 τῶν
2494 1237 2693 1305 ἱερέων
2719 1235 3012 1302 ἐπάταξεν
3053 1238 3123 1291 ἐν
3169 1239 3415 1307 στόματι
3447 1239 3745 1307 ῥομφαίας
3777 1239 3883 1292 ἀπὸ

2334 1328 2551 1396 ἀνδρὸς
2588 1329 2697 1394 ἕως
2737 1329 3036 1399 γυναικὸς,
3064 1330 3181 1384 ἀπὸ
3217 1330 3435 1398 νηπίου
3466 1328 3578 1396 ἕως
3616 1328 3884 1398 011M07-

2335 1437 2456 1487 τος,
2482 1420 2579 1473 καὶ
2600 1422 2832 1490 μόσχου
2859 1422 2955 1474 καὶ
2982 1420 3128 1475 ὄνου
3151 1422 3247 1475 καὶ
3272 1420 3587 1489 προϐάτου.
3618 1420 3777 1474 Ταῦτ’
3802 1416 3884 1474 οὖν

2338 1510 2521 1582 μαθὼν
2561 1501 2734 1566 Δαυῒδ’
2758 1512 2944 1565 τοῦτον
2989 1514 3353 1584 πεπραγμένα
3405 1514 3496 1566 τὸν
3531 1513 3750 1583 τρόπον,
3773 1513 3884 1577 τοὺς

2336 1604 2725 1675 προκειμένους
2769 1604 3131 1674 προσφέρεται
3178 1604 3385 1672 λόγους,
3409 1602 3531 1655 οὔτε
3570 1603 3717 1675 ᾠδὴν
3746 1620 3885 1675 περι-

2337 1691 2576 1761 έχοντας,
2609 1692 2729 1746 οὔτε
2764 1693 2949 1764 ὕμνον,
2992 1692 3114 1745 οὕτε
3156 1692 3283 1746 ἄλλο
3322 1690 3577 1746 τοιοῦτον.
3628 1692 3752 1757 Πῶς
3791 1694 3887 1762 γὰρ

2337 1786 2431 1839 κα)⁵
2469 1781 2577 1837 οἷόν
2614 1802 2672 1837 τε
2704 1781 2771 1856 ἦν
2803 1786 2896 1839 ἐπὶ
2932 1786 3193 1856 συμφορᾷ
3220 1784 3485 1838 τοσούτων
3517 1784 3729 1856 ἱερέων,

686 1886 864 1934 autem
898 1894 961 1935 ex
993 1879 1104 1935 Deo
1129 1889 1249 1950 eget
1273 1878 1619 1949 praesentium
1662 1892 1973 1933 sermonum
2017 1885 2232 1937 senten-

2336 1877 2512 1931 αὐτῶν
2550 1879 2643 1930 καὶ
2677 1877 2923 1948 ψαλμοὺς
2962 1878 3138 1949 ᾄδειν-ς
3182 1876 3263 1931 διὸ
3310 1876 3461 1929 οὐδὲν
3499 1876 3739 1931 τοιοῦτον
3782 1878 3888 1929 επι-

686 1954 806 2021 ιίιι.“
832 1967 967 2021 Cum
998 1970 1181 2037 itaque
1203 1966 1343 2037 apud
1377 1967 1690 2021 Abimelecb
1720 1966 2110 2022 sacerdotalem
2137 1982 2234 2037 gu-

686 2059 851 2113 stavit
892 2059 1099 2127 cibum,
1151 2066 1358 2112 mutato
1385 2067 1546 2119 gustu
1600 2073 1721 2119 suo,
1758 2060 1872 2113 sive
1919 2074 2068 2113 more
2113 2064 2235 2121 suo,

2331 1971 2665 2042 γέγραπται·
2697 1972 2855 2040 μόνον
2885 1970 2941 2024 δὲ
2974 1973 3060 2036 εὶς
3084 1970 3150 2023 τὸ
3176 1970 3349 2035 τέλος
3374 1970 3588 2041 εἴρηται
3631 1970 3725 2023 καὶ
3748 1986 3885 2023 συν-

2332 2064 2541 2130 έσεως·
2572 2063 2756 2135 ἐπειδὴ
2784 2062 2853 2117 τά
2874 2064 3153 2138 τελευταῖα
3177 2061 3284 2115 τῶν
3306 2061 3478 2130 λόγων
3510 2062 3732 2130 ἀγαθῶν
3755 2064 3888 2113 ἐστιν

687 2150 982 2204 secundum
1034 2150 1368 2220 reliquorum
1436 2150 1959 2222 tnterpretationem,
2020 2151 2232 2205 benedi-

2337 2155 2708 2232 ἀπαγγελτικά
2760 2157 2817 2209 ὲν
2864 2151 2946 2220 οἷς
3003 2173 3165 2227 φησιν
3186 2172 3198 2186 ο
3245 2154 3386 2225 Ἐγὼ
3418 2153 3500 2241 ,δὲ
3543 2156 3685 2209 ὡσεὶ
3733 2155 3891 2209 ἐλαιά

688 2242 894 2294 rtiones
924 2248 977 2295 et
1007 2243 1303 2311 gratiarum
1351 2243 1592 2297 actiones
1638 2239 1751 2294 Deo
1795 2241 1976 2296 emisit
2013 2240 2232 2296 dicens:

2342 2246 2738 2314 κατάκαρπος,
2769 2248 2953 2302 καὶτὰ
2986 2247 3130 2317 ἑξῆς.
3165 2246 3276 2301 Kal
3320 2239 3585 2309 ωνέπως
3616 2244 3675 2298 δὲ
3709 2248 3807 2317 τῆς
3836 2247 3891 2296 ἐκ

690 2330 1000 2385 Benedicam
1027 2332 1310 2386 Dominum
1355 2333 1408 2385 in
1442 2332 1583 2387 omni
1611 2342 1855 2400 tempore,
1890 2348 2092 2403 semper
2121 2334 2232 2387 laus

2343 2334 2477 2386 θεοῦ
2506 2335 2673 2389 δεῖται
2707 2337 2739 2406 ἡ
2774 2337 2878 2389 τῶν
2909 2335 3291 2408 ἐμφερομένων
3317 2333 3486 2402 λόγων
3511 2333 3735 2388 διάνοια.
3777 2335 3891 2387 Ὅτε

696 2422 809 2490 ejus
837 2423 893 2475 in
923 2439 1010 2475 ore
1055 2439 1193 2486 meo,
1214 2430 1267 2477 et
1292 2431 1487 2477 cetera
1511 2424 1575 2477 “.
1607 2421 1760 2477 Nunc
1794 2433 1993 2486 autem,
2023 2425 2232 2493 cognito

2347 2427 2443 2497 μὲν
2474 2419 2565 2480 οὖν
2594 2428 2741 2498 παρὰ
2783 2428 2858 2498 τῷ
2892 2428 3172 2499 Ἀὅιμὲλεχ
3217 2428 3521 2499 γενόμενος,
3566 2426 3667 2501 τῆς
3709 2428 3892 2496 ἱερατι-

689 2514 1100 2567 calnmniatoris
1145 2513 1285 2567 Doec
1335 2507 1593 2577 faciliore,
1643 2530 1749 2584 quo
1797 2522 1954 2584 pacto
2011 2515 2232 2579 scilicet,

2341 2515 2442 2585 κῆς
2470 2516 2804 2583 ἀπεγεύσατο
2836 2518 3056 2587 τροφῆς,
3090 2516 3384 2579 ἀλλοιώσας
3405 2516 3503 2587 τὴν
3527 2514 3715 2584 γεῦσιν
3739 2513 3890 2567 αὐτοῦ

686 2602 963 2657 diabolica
1005 2619 1137 2658 usus
1171 2604 1392 2669 scelere,
1433 2612 1511 2658 tot
1553 2606 1863 2659 sacerdotes
1908 2604 2232 2672 occidisset;

2339 2609 2371 2678 ἦ
2406 2608 2495 2661 τὸν
2522 2610 2716 2680 τρόπον
2748 2608 2909 2662 αὐτοῦ
2932 2608 3071 2662 κατά
3101 2608 3196 2678 τὴν
3224 2607 3331 2660 τῶν
3355 2607 3555 2661 λοιπῶν
3588 2606 3889 2678 ἑρμηνείαν

688 2702 980 2763 praesentes
1024 2711 1299 2751 sermones
1333 2697 1413 2776 ad_
1433 2697 1607 2766 ipsum
1638 2695 1819 2769 dirigit
1847 2697 2073 2753 dicens:

2337 2700 2583 2769 εὐλογίας
2610 2702 2701 2754 καὶ
2724 2701 3073 2772 εὐχαριστίας
3103 2700 3411 2771 ἀνέπεμπεν
3440 2697 3519 2769 τῷ
3548 2698 3667 2769 Θεῷ
3700 2699 3859 2765 λέγων
3878 2713 3889 2725 ·

685 2787 1013 2859 Εὐλοτήσω
1029 2786 1132 2839 τὸν
1161 2788 1377 2855 Κύριον
1397 2788 1467 2841 ἐν
1490 2787 1663 2840 παντὶ
1680 2788 1881 2857 καιρῷ,
1906 2788 2226 2857 διαπαντός
2244 2794 2281 2861 ἡ
2300 2794 2532 2860 αῖνεσις
2551 2792 2733 2848 αὑτοῦ
2758 2792 2919 2858 ἐντῷ
2944 2792 3191 2861 στόματί
3212 2810 3350 2861 μου,
3384 2791 3477 2845 καὶ
3503 2790 3572 2843 τὰ
3591 2790 3737 2862 ἑξῆς.
3772 2789 3893 2841 Νυνὶ

683 2878 762 2944 δὲ,
800 2882 885 2935 ὅτε
919 2878 1010 2933 τοῦ
1047 2878 1291 2932 διαϐόλου
1331 2879 1487 2950 Δωὴκ
1516 2881 1613 2951 τὴν
1660 2880 1853 2951 πρᾶξιν
1897 2882 2067 2950 ἔγνω,
2106 2888 2199 2938 καὶ
2240 2886 2313 2949 ὼς
2350 2886 2629 2951 τοσούτους
2673 2886 2877 2941 ἀνεῖλεν
2926 2886 3108 2956 ἱερεῖς,
3148 2884 3291 2956 ἔργῳ
3322 2883 3603 2954 viaea;th
3630 2884 3892 2954 χρησάμε-

687 2988 807 3034 νος,
854 2972 929 3033 ὼς
980 2969 1113 3041 πρὸς
1163 2969 1320 3021 αὑτὸν
1368 2970 1646 3023 συντάττει
1686 2972 1812 3035 τοὺς
1859 2975 2245 3051 προκειμένους
2281 2978 2467 3049 λόγους
2490 2981 2737 3049 φάσκων·

758 3078 923 3136 Vsus.
966 3082 1020 3136 3.
1057 3058 1461 3152 Quidgtoriaris
1488 3083 1541 3136 in
1566 3082 1793 3148 malitia,
1818 3086 1908 3155 qui
1934 3061 2113 3156 potens
2137 3091 2232 3144 es?

2414 3093 2472 3145 Tt
2534 3088 2799 3172 ὲτκαυχᾷ
2852 3089 2921 3142 ἐν
2975 3088 3169 3156 κακίᾳ,
3228 3091 3260 3142 ὁ
3312 3088 3600 3154 durat/dc;
3652 3088 3894 3157 ἀνομίαν

687 3174 1015 3244 iniquitatem
1066 3182 1175 3225 tota
1223 3173 1307 3226 die
1341 3181 1389 3227 et
1420 3172 1727 3241 injustitiam
1749 3177 1999 3246 cogitavit
2050 3178 2229 3249 ίὶιῳιια

2336 3182 2486 3249 ὅλην
2533 3181 2647 3260 τὴν
2690 3178 2951 3249 ἡμέραν.
3024 3178 3123 3231 καὶ
3183 3176 3421 3232 ἀδικίαν
3490 3178 3808 3247 ἐλογίσατο
3852 3179 3884 3243 ὴ

688 3276 799 3320 ιιια.
842 3264 907 3317 Et
956 3252 1067 3317 lucc
1100 3264 1313 3333 quidem
1356 3266 1524 3319 multo
1554 3276 1677 3321 ante
1704 3268 1847 3322 dicta
1887 3276 2035 3332 sunt,
2069 3286 2233 3341 quam

690 3354 915 3409 historia
961 3354 1395 3424 quinquagesimi
1444 3356 1635 3424 psalmi
1687 3358 2043 3428 contingeret.
2099 3359 2231 3415 Nam

688 3449 865 3503 adhuc
921 3448 1210 3519 superstite
1254 3446 1414 3501 Saule
1458 3460 1511 3503 et
1561 3450 1712 3520 prius
1742 3466 1904 3519 quam
1948 3450 2118 3506 David
2152 3468 2233 3508 re—

686 3546 895 3608 gnaret,
933 3545 984 3591 et
1011 3552 1096 3600 res
1126 3542 1295 3605 gesta,
1330 3543 1380 3589 et
1406 3537 1647 3605 psalmus
1682 3538 1858 3593 dictus
1890 3547 1995 3603 est.
2022 3539 2097 3595 Ac
2122 3541 2235 3595 diu—

690 3630 866 3683 turnis
915 3639 1099 3699 postea
1156 3627 1514 3697 temporibus,
1576 3638 1697 3698 post
1752 3629 1930 3687 Saulis
2001 3632 2231 3698 obitum,

688 3721 1085 3791 postremisque
1136 3719 1285 3788 regni
1336 3720 1423 3773 sui
1475 3721 1653 3783 annis,
1720 3723 2122 3779 confessionem
2178 3724 2233 3777 in

689 3810 1138 3879 quinquagesimo
1187 3810 1397 3877 psalmo
1428 3825 1741 3881 expressam
1792 3810 1959 3866 David
1986 3814 2231 3884 protulit,

690 3914 851 3968 quam
904 3908 1079 3952 tamen
1126 3899 1250 3953 huic
1299 3901 1507 3968 psalmo
1541 3902 1819 3971 praemisit,
1850 3914 2069 3974 pr0pter
2115 3906 2235 3974 ejus

689 4005 813 4043 cum
845 3988 1259 4059 quadragesimo
1306 4005 1447 4043 nono
1500 3994 1709 4060 psalmo
1766 3992 2105 4059 aﬂinitatem,
2156 3996 2234 4049 uti

686 4082 798 4151 jam
847 4088 1330 4155 commonstratum
1380 4089 1483 4145 est.
1548 4081 1746 4138 Psalmi
1805 4099 1932 4139 vero
1990 4099 2102 4138 au
2167 4083 2235 4137 ad

690 4188 817 4235 ιιι,
852 4173 1045 4243 viginti
1096 4188 1343 4236 numero,
1413 4172 1630 4229 Davidis
1698 4177 1987 4251 inscripti;
2020 4178 2088 4232 ab
2129 4178 2238 4231 alio

693 4264 959 4333 principio
988 4274 1378 4337 argumentum
1412 4268 1641 4318 mutuati
1664 4276 1843 4332 sunt,
1880 4270 2235 4341 videnturque

692 4355 905 4409 vivente
934 4355 1111 4415 adhuc
1146 4353 1307 4409 Saule
1340 4356 1675 4425 pronuntiati
1722 4356 1910 4424 fuisse,
1946 4370 2231 4431 antequam

690 4444 859 4501 David
898 4457 1163 4518 regnaret.
1248 4446 1381 4500 Nam
1432 4450 1498 4509 is,
1545 4464 1701 4516 quem
1751 4450 1861 4517 jam
1916 4458 2231 4513 tractamus.

2292 3308 2297 3313 -
2339 3271 2585 3341 γλῶσσά
2626 3285 2759 3324 σου.
2808 3271 2918 3325 Kal
2956 3260 3196 3322 λέλεκται
3248 3270 3345 3339 μὲν
3396 3268 3465 3321 τὰ
3534 3269 3672 3339 μετὰ
3720 3270 3907 3338 χεῖρας·

2341 3361 2473 3415 πολὺ
2516 3361 2774 3431 πρότερον
2834 3365 2944 3424 τοῖς
2994 3361 3201 3433 χρόνοις
3261 3359 3360 3430 τῆς
3421 3360 3664 3430 ἱστορίας
3713 3359 3805 3412 τοῦ
3854 3347 3891 3409 ν’

2339 3450 2574 3521 ψαλμοῦ.
2625 3452 2743 3505 Ἔτι
2776 3449 2881 3521 γὰρ
2910 3449 3106 3515 ζῶντος
3134 3449 3230 3503 τοῦ
3266 3448 3457 3513 Σαοὺλ,
3522 3450 3617 3503 καὶ
3669 3450 3775 3520 πρὸ
3804 3448 3887 3500 τοῦ

2343 3544 2650 3613 βασιλεῦσαι
2677 3543 2766 3596 τὸν
2791 3542 2969 3606 Δαυῒδ,
3001 3544 3096 3595 καὶ
3122 3530 3403 3613 πέπρακτο
3436 3542 3527 3594 καὶ
3559 3542 3765 3613 εἴρητο.
3790 3543 3891 3595 Ma-

2340 3637 2491 3707 κροῖς
2525 3634 2581 3688 δὲ
2616 3634 2836 3705 ὕστερον
2878 3634 3105 3704 χρόνοις,
3142 3632 3279 3703 μετά
3318 3632 3406 3685 τὸν
3439 3632 3671 3686 Θάνατον
3709 3632 3888 3691 Σαοὺλ,

2340 3728 2432 3780 καὶ
2482 3728 2616 3799 πρὸς
2651 3728 2761 3789 τοῖς
2807 3724 3129 3787 τελευταίοις
3178 3723 3277 3793 τῆς
3328 3722 3490 3776 αὐτοῦ
3533 3722 3824 3791 βασιλείας,
3866 3726 3891 3775 ό

2340 3815 2499 3869 Δαυῒδ
2529 3814 2627 3885 τὴν
2670 3816 2727 3866 ὲν
2757 3812 2834 3883 τῷ
2862 3820 2903 3865 ν’
2941 3815 3169 3865 ποιεῖται
3217 3810 3620 3882 ἐξομολόγησιν,
3649 3813 3717 3883 ἢν
3737 3812 3890 3884 προῦ-

2340 3906 2469 3973 ταξε
2543 3906 2631 3960 διά
2676 3904 2785 3975 ’τὴν
2824 3903 2957 3971 πρὸς
3000 3903 3093 3957 τὸν
3146 3902 3232 3973 μθ*
3285 3901 3495 3972 ψαλμὸν
3551 3902 3885 3965 ἀκολουθίαν,

2340 3995 2523 4065 ὥσπερ
2560 3990 2653 4047 οὖν
2688 3995 2781 4046 καὶ
2823 3991 3210 4046 ἀποδέδεικται.
3252 3993 3314 4043 Ol
3360 3991 3403 4044 δ’
3442 3990 3550 4044 ἀπὸ
3593 3991 3695 4044 τοῦ
3727 3998 3773 4044 α’
3806 3992 3890 4044 καὶ

2340 4092 2382 4141 ν’
2420 4087 2509 4138 τὸν
2558 4084 2785 4157 ἀριθμὸν
2822 4084 3018 4148 είχοσι,
3067 4081 3161 4136 τοῦ
3206 4080 3367 4136 Δαυῖδ
3409 4083 3884 4154 ἐπιγεγραμμένοι,

2344 4177 2503 4247 μέχρι
2533 4175 2629 4228 τοῦ
2664 4181 2703 4228 o'
2743 4173 2802 4239 ἐξ
2843 4174 3029 4245 ἑτέρας
3061 4164 3233 4245 ἀρχῆς
3262 4173 3357 4244 τὴν
3389 4172 3646 4227 ὑπόθεσιν
3679 4175 3887 4247 εἰλήφα-

2343 4281 2455 4317 σιν·
2502 4264 2707 4316 ὲοίκασι
2742 4263 2870 4346 γρῦν
2904 4264 2982 4317 ἔτι
3024 4264 3221 4327 ζῶντος
3262 4262 3431 4315 Σαοὺλ
3468 4263 3741 4334 εἰρῆσθαι,
3772 4266 3887 4336 πρὶν

2340 4355 2372 4425 ἢ
2409 4353 2715 4423 βασιλεῦσαι
2740 4354 2829 4407 τὸν
2870 4354 3047 4407 Δαυῖδ.
3080 4354 3147 4406 Ὅ
3185 4370 3246 4405 τε
3274 4352 3381 4425 γὰρ
3412 4354 3549 4423 μετά
3596 4359 3786 4428 χεῖρας
3814 4357 3885 4407 ἔτι

2342 4444 2534 4508 ζῶντος
2580 4444 2747 4497 Σαοὺλ
2788 4444 2977 4515 ἐλέχθη
3002 4484 3016 4507 ,
3042 4445 3145 4507 ,Ἐν
3195 4443 3275 4509 τῷ
3317 4445 3515 4499 ἐλθεῖν
3566 4447 3741 4515 Δωὴκ
3789 4446 3886 4498 τὸν

691 4539 908 4593 vivente
947 4537 1107 4611 Saule
1136 4540 1312 4594 dictus
1342 4549 1444 4601 est,
1480 4538 1611 4593 Cum
1636 4542 1769 4593 venit
1801 4540 1932 4595 Doec
1964 4540 2232 4597 Ιάιιιηιειιε

2346 4535 2671 4604 Ἰδουμαῖον
2712 4536 2807 4589 καὶ
2841 4534 3181 4604 ἀναγγεῖλαι
3229 4534 3309 4601 τῷ
3354 4536 3571 4602 Σαοὺλ,
3610 4539 3705 4591 ὅτι
3750 4532 3883 4607 ἦλθε

691 4638 739 4682 et
769 4629 1024 4681 nuntiavit
1072 4628 1241 4692 Sauli,
1269 4648 1329 4685 ac
1357 4632 1489 4684 dixit
1537 4634 1622 4685 ei:
1666 4631 1811 4691 Venit
1847 4632 2016 4686 David
2060 4634 2112 4686 in
2140 4634 2234 4687 dot-

694 4735 834 4772 mum
864 4718 1237 4773 Abimeteclt“.
1281 4720 1384 4775 Sed
1412 4724 1573 4776 etiam
1600 4739 1716 4787 Llll,
1752 4732 1883 4778 tunc
1911 4726 2232 4793 pronuntia-

695 4822 780 4865 tus
806 4818 909 4873 est,
939 4809 1069 4863 Cum
1098 4812 1347 4865 venissent
1377 4812 1595 4880 Zipluei,
1628 4824 1676 4867 et
1701 4814 1956 4869 dixissent
1978 4816 2045 4868 ad
2070 4815 2231 4871 Saul:

699 4899 881 4955 Nonne
920 4899 1088 4953 David
1117 4901 1447 4955 absconditus
1476 4914 1552 4957 est
1578 4905 1713 4971 apud
1736 4906 1924 4959 nos“?
1961 4906 2235 4976 Quinqua-

696 4994 931 5059 gcsimus
955 5008 1081 5046 vero
1111 4994 1330 5059 quintus
1373 4995 1452 5049 sic
1505 4996 1799 5065 inscriptus
1825 5006 1945 5052 est:
1995 4998 2127 5053 Cum
2159 5006 2235 5051 te-

654 5150 661 5158 _
696 5092 913 5134 nuerunt
942 5083 1089 5136 illum
1120 5084 1381 5154 Altophyli
1416 5088 1469 5139 in
1505 5086 1631 5141 Getlt
1652 5103 1669 5139 .'
1700 5102 1807 5156 quo
1839 5097 2079 5159 tempore
2098 5105 2232 5145 non-

694 5173 821 5225 dum
847 5174 1103 5241 regnabat
1140 5175 1328 5238 David,
1362 5174 1522 5231 Saule
1540 5175 1847 5248 superstite.
1889 5178 2233 5250 Quinquage-

697 5264 866 5318 simus
894 5270 1069 5316 autem
1103 5274 1284 5319 sextus
1308 5266 1387 5320 sic
1414 5266 1624 5320 titulum
1662 5268 1839 5328 habet,
1878 5265 2066 5334 David,
2110 5284 2229 5322 cum

696 5358 889 5425 fugeret
910 5371 941 5407 a
965 5354 1099 5421 [acie
1121 5353 1249 5410 Saul
1270 5359 1321 5411 in
1351 5359 1663 5425 speluncam.
1696 5356 1954 5411 Similiter
1984 5367 2036 5413 et
2073 5374 2223 5418 Lvut,

698 5444 918 5509 Quando
952 5446 1091 5497 misit
1124 5444 1271 5507 Saul,
1306 5448 1399 5509 ait,
1448 5456 1495 5498 et
1536 5446 1806 5499 custodiuit
1839 5446 2048 5498 domum
2092 5447 2226 5515 ejus,

697 5547 752 5588 ut
798 5553 912 5589 eum
942 5538 1268 5605 interﬁceret.
1322 5536 1816 5606 Quinquagesimus
1857 5552 1982 5590 vero
2029 5554 2227 5600 nonus,

697 5626 905 5681 etiamsi
940 5639 1059 5695 post
1094 5610 1337 5681 .mortem
1381 5626 1560 5706 Saulis
1618 5629 2000 5694 pronuntiatus
2042 5628 2226 5689 fuerit,

768 5781 810 5812 “
850 5780 865 5832 Ι
902 5779 1024 5849 Reg.
1060 5783 1366 5847 “11,941.
1445 5781 1483 5813 ⁶¹
1525 5781 1653 5838 ibid.
1696 5782 1778 5845 l8,
1808 5783 1890 5837 l9.

1967 5784 2010 5812 δ’
2046 5780 2187 5837 Psal.
2227 5796 2431 5845 xum,
2463 5782 2515 5835 2.

2337 4628 2514 4681 Δαυῒδ
2552 4631 2636 4695 εὶς
2662 4628 2768 4680 τὸν
2808 4623 2973 4680 οἷκον
3014 4626 3333 4698 Ἀϐιμέλεχ.
3380 4628 3535 4681 Ἀλλά
3578 4630 3679 4681 καὶ
3720 4631 3749 4681 ὁ
3783 4632 3879 4694 νγ·

2350 4719 2443 4773 Ἐν
2485 4718 2564 4783 τῷ
2611 4717 2807 4772 ἐλθεῖν
2862 4716 2999 4780 τοὺς
3048 4717 3360 4784 Ζιφαίους,
3427 4716 3523 4770 καὶ
3575 4715 3770 4769 εἰπεῖν
3800 4713 3881 4778 ’τῷ

2338 4810 2560 4864 Σαούλ·
2610 4808 2754 4874 Οὐχὶ
2791 4805 2916 4858 ἰδοὺ
2945 4806 3121 4861 Δαυτδ
3168 4806 3489 4875 κέκρυπται
3537 4804 3678 4871 παρ’
3716 4804 3883 4874 sntit»;

2336 4902 2541 4972 etpqro.
2574 4898 2683 4951 Kal
2718 4901 2747 4951 ό
2786 4904 2825 4949 ε’
2858 4898 2915 4953 δὲ
2952 4900 3045 4952 καὶ
3070 4906 3143 4952 ν’·
3172 4900 3309 4951 Ὀτε
3337 4895 3681 4964 ἐκράτησαν
3711 4898 3881 4950 αὐτὸν

2338 4994 2391 5044 ol
2428 4992 2771 5058 Ἁλλόφυλοι
2818 4991 2888 5044 ἐν
2925 4990 3063 5055 Γὲθ,
3101 4990 3529 5060 ἐπιγέγραπται·
3578 4985 3650 5060 ἦν
3692 4990 3750 5043 δὲ
3794 4988 3881 5043 καὶ

2337 5078 2485 5145 οὗτος
2517 5091 2545 5140 ό
2580 5081 2765 5153 χρόνος
2809 5082 2836 5133 ὁ
2877 5083 2981 5153 πρὸ
3025 5082 3124 5152 τῆς
3164 5079 3431 5149 βασιλείας
3460 5078 3553 5132 τοῦ
3594 5081 3778 5146 Δαυῒδ,
3806 5080 3878 5132 ἔτι

2335 5172 2427 5225 τοῦ
2460 5171 2629 5227 Σαοὺλ
2666 5172 2943 5244 περιόντος
2969 5170 3047 5243 τῷ
3084 5170 3199 5240 βίῳ,
3238 5170 3332 5222 καὶ
3364 5172 3392 5222 ὀ
3434 5175 3517 5233 νς¹
3561 5172 3877 5243 ἐπιγράφειν

2344 5264 2426 5329 Τῷ
2456 5265 2651 5328 Aavto,
2678 5265 2747 5318 ἐν
2767 5262 2845 5328 τῷ
2879 5264 3062 5316 αὑτὸν
3087 5259 3541 5328 ἀποδιδράσκειν
3561 5262 3682 5316 ἀπὸ
3704 5277 3878 5329 προσκ

2332 5354 2493 5410 ὠπου
2545 5356 2742 5410 Σαοὺλ
2791 5356 2877 5419 εις
2917 5352 2982 5406 τὸ
3028 5352 3346 5417 σπήλαιον.
3369 5352 3666 5415 ,Ὡσαύτως
3712 5352 3804 5404 καὶ
3853 5348 3879 5398 6

2336 5453 2412 5515 νη’
2476 5448 2701 5510 Ὁπότε,
2744 5445 2927 5513 φησιν,
2970 5444 3283 5498 ἀπέστειλε
3319 5444 3549 5507 Σαοὺλ,
3588 5443 3699 5497 καὶ
3748 5440 3876 5508 ἐφύ-

2337 5538 2481 5599 λαξε
2510 5538 2614 5591 τόν
2644 5534 2808 5589 οἷκον
2834 5535 3035 5597 αὑτοῦ,
3074 5535 3179 5589 τοῦ
3216 5534 3546 5615 θανατῶσαι
3579 5534 3789 5587 αὐτόν.
3816 5528 3876 5579 Ὃ

2338 5642 2399 5693 γε
2442 5626 2543 5696 μὴν
2589 5627 2683 5689 νϐ’,
2706 5628 2753 5678 εί
2786 5625 2878 5678 καὶ
2930 5624 3064 5693 μετὰ
3107 5625 3197 5677 τὸν
3238 5625 3461 5697 θάνατον
3486 5620 3659 5677 Σαοὺλ
3684 5619 3873 5691 εἴρητο,

2593 5781 2633 5809 απ
2676 5778 2851 5847 [tua
2890 5792 2998 5832 XXI.
3038 5779 3085 5831 ι.
3163 5780 3206 5810 οι
3244 5776 3375 5833 ibid.
3412 5775 3491 5827 ιι.
