  <div class='ocr_page' id='page_1' title='image "/cluster/home/n/w/nwhite01/storage/ocr_20150623/23/pst.000005712076/231.png"; bbox 0 0 3958 6340; ppageno 0'>
   <div class='ocr_carea' id='block_1_1' title="bbox 747 412 850 466">
    <p class='ocr_par' dir='ltr' id='par_1_1' title="bbox 747 412 850 466">
     <span class='ocr_line' id='line_1_1' title="bbox 747 412 850 466; baseline -0.01 0"><span class='ocrx_word' id='word_1_1' title='bbox 747 412 850 466; x_wconf 67' lang='grc' dir='ltr'><strong>4ιῖ</strong></span> 
     </span>
    </p>
   </div>
   <div class='ocr_carea' id='block_1_2' title="bbox 1413 408 3257 481">
    <p class='ocr_par' dir='ltr' id='par_1_2' title="bbox 1413 408 3257 481">
     <span class='ocr_line' id='line_1_2' title="bbox 1413 408 3257 481; baseline 0.005 -10"><span class='ocrx_word' id='word_1_2' title='bbox 1413 415 1675 473; x_wconf 74' lang='lat' dir='ltr'><strong>susse&quot;</strong></span> <span class='ocrx_word' id='word_1_3' title='bbox 1713 416 2193 474; x_wconf 60' lang='lat' dir='ltr'><strong>cmssmsxsus.</strong></span> <span class='ocrx_word' id='word_1_4' title='bbox 2218 415 2364 474; x_wconf 69' lang='lat' dir='ltr'><strong>ore.</strong></span> <span class='ocrx_word' id='word_1_5' title='bbox 2398 416 2573 475; x_wconf 66' lang='lat' dir='ltr'><strong>psus</strong></span> <span class='ocrx_word' id='word_1_6' title='bbox 2612 416 2698 474; x_wconf 90' lang='lat' dir='ltr'><strong>Ill.</strong></span> <span class='ocrx_word' id='word_1_7' title='bbox 2734 446 2809 463; x_wconf 87' lang='grc'><strong><em>-</em></strong></span> <span class='ocrx_word' id='word_1_8' title='bbox 2842 408 3257 481; x_wconf 71' lang='lat' dir='ltr'><strong>exscsncs.‘</strong></span> 
     </span>
    </p>
   </div>
   <div class='ocr_carea' id='block_1_3' title="bbox 3794 423 3887 486">
    <p class='ocr_par' dir='ltr' id='par_1_3' title="bbox 3794 423 3887 486">
     <span class='ocr_line' id='line_1_3' title="bbox 3794 423 3887 486; baseline 0 -5"><span class='ocrx_word' id='word_1_9' title='bbox 3794 423 3887 486; x_wconf 68' lang='grc' dir='ltr'><strong>ΗΒ</strong></span> 
     </span>
    </p>
   </div>
   <div class='ocr_carea' id='block_1_4' title="bbox 762 530 2293 605">
    <p class='ocr_par' dir='ltr' id='par_1_4' title="bbox 762 532 2289 604">
     <span class='ocr_line' id='line_1_4' title="bbox 762 532 2289 604; baseline 0.004 -21"><span class='ocrx_word' id='word_1_10' title='bbox 762 533 942 584; x_wconf 82' lang='lat' dir='ltr'><strong>luisse.</strong></span> <span class='ocrx_word' id='word_1_11' title='bbox 993 536 1172 586; x_wconf 78' lang='lat' dir='ltr'><strong>Potest</strong></span> <span class='ocrx_word' id='word_1_12' title='bbox 1204 532 1363 586; x_wconf 87' lang='lat' dir='ltr'><strong>etiam</strong></span> <span class='ocrx_word' id='word_1_13' title='bbox 1404 534 1533 596; x_wconf 90' lang='lat' dir='ltr'><strong>dici,</strong></span> <span class='ocrx_word' id='word_1_14' title='bbox 1563 550 1629 589; x_wconf 78' lang='lat' dir='ltr'><strong>ex</strong></span> <span class='ocrx_word' id='word_1_15' title='bbox 1669 533 1883 589; x_wconf 84' lang='lat' dir='ltr'><strong>sublimi</strong></span> <span class='ocrx_word' id='word_1_16' title='bbox 1915 535 2110 604; x_wconf 88' lang='lat' dir='ltr'><strong>pietate</strong></span> <span class='ocrx_word' id='word_1_17' title='bbox 2134 534 2289 589; x_wconf 83' lang='lat' dir='ltr'><strong>Davi-</strong></span> 
     </span>
    </p>
   </div>
   <div class='ocr_carea' id='block_1_5' title="bbox 2393 530 3897 605">
    <p class='ocr_par' dir='ltr' id='par_1_5' title="bbox 2393 530 3897 605">
     <span class='ocr_line' id='line_1_5' title="bbox 2393 530 3897 605; baseline 0.001 -17"><span class='ocrx_word' id='word_1_18' title='bbox 2393 535 2511 588; x_wconf 85' lang='grc' dir='ltr'><strong>καθ’</strong></span> <span class='ocrx_word' id='word_1_19' title='bbox 2538 535 2833 605; x_wconf 74' lang='grc' dir='ltr'><strong>ὑπερϐολὴν</strong></span> <span class='ocrx_word' id='word_1_20' title='bbox 2856 534 3131 595; x_wconf 81' lang='grc' dir='ltr'><strong>εὐλαϐείας</strong></span> <span class='ocrx_word' id='word_1_21' title='bbox 3155 530 3367 603; x_wconf 82' lang='grc' dir='ltr'><strong>πρώτας</strong></span> <span class='ocrx_word' id='word_1_22' title='bbox 3397 537 3583 589; x_wconf 74' lang='grc' dir='ltr'><strong>ἔταττε</strong></span> <span class='ocrx_word' id='word_1_23' title='bbox 3613 534 3709 598; x_wconf 65' lang='grc' dir='ltr'><strong>τὰς</strong></span> <span class='ocrx_word' id='word_1_24' title='bbox 3734 533 3897 603; x_wconf 67' lang='grc' dir='ltr'><strong>ἐξομο-</strong></span> 
     </span>
    </p>
   </div>
   <div class='ocr_carea' id='block_1_6' title="bbox 762 623 2291 694">
    <p class='ocr_par' dir='ltr' id='par_1_6' title="bbox 762 623 2291 694">
     <span class='ocr_line' id='line_1_6' title="bbox 762 623 2291 694; baseline 0.002 -18"><span class='ocrx_word' id='word_1_25' title='bbox 762 623 875 676; x_wconf 81' lang='lat' dir='ltr'><strong>dem</strong></span> <span class='ocrx_word' id='word_1_26' title='bbox 906 623 1273 678; x_wconf 73' lang='lat' dir='ltr'><strong>confessiones</strong></span> <span class='ocrx_word' id='word_1_27' title='bbox 1304 639 1432 680; x_wconf 83' lang='lat' dir='ltr'><strong>suas</strong></span> <span class='ocrx_word' id='word_1_28' title='bbox 1459 626 1663 693; x_wconf 87' lang='lat' dir='ltr'><strong>primas</strong></span> <span class='ocrx_word' id='word_1_29' title='bbox 1682 627 1954 689; x_wconf 72' lang='lat' dir='ltr'><strong>statuisse,</strong></span> <span class='ocrx_word' id='word_1_30' title='bbox 1975 627 2100 694; x_wconf 82' lang='lat' dir='ltr'><strong>quia</strong></span> <span class='ocrx_word' id='word_1_31' title='bbox 2114 626 2291 693; x_wconf 76' lang='lat' dir='ltr'><strong>justus</strong></span> 
     </span>
    </p>
   </div>
   <div class='ocr_carea' id='block_1_7' title="bbox 760 710 2293 781">
    <p class='ocr_par' dir='ltr' id='par_1_7' title="bbox 760 710 2293 781">
     <span class='ocr_line' id='line_1_7' title="bbox 760 710 2293 781; baseline 0.005 -17"><span class='ocrx_word' id='word_1_32' title='bbox 760 712 807 765; x_wconf 86' lang='lat' dir='ltr'><strong>in</strong></span> <span class='ocrx_word' id='word_1_33' title='bbox 840 714 1091 781; x_wconf 79' lang='lat' dir='ltr'><strong>principio</strong></span> <span class='ocrx_word' id='word_1_34' title='bbox 1118 715 1373 767; x_wconf 81' lang='lat' dir='ltr'><strong>sermonis</strong></span> <span class='ocrx_word' id='word_1_35' title='bbox 1402 723 1678 769; x_wconf 71' lang='lat' dir='ltr'><strong>accusator</strong></span> <span class='ocrx_word' id='word_1_36' title='bbox 1703 726 1780 770; x_wconf 77' lang='lat' dir='ltr'><strong>est</strong></span> <span class='ocrx_word' id='word_1_37' title='bbox 1806 717 1887 770; x_wconf 82' lang='lat' dir='ltr'><strong>sui</strong></span> <span class='ocrx_word' id='word_1_38' title='bbox 1902 716 1966 769; x_wconf 82' lang='grc'><strong>⁸⁷.</strong></span> <span class='ocrx_word' id='word_1_39' title='bbox 1990 710 2124 770; x_wconf 84' lang='lat' dir='ltr'><strong>Cum</strong></span> <span class='ocrx_word' id='word_1_40' title='bbox 2145 724 2293 771; x_wconf 81' lang='lat' dir='ltr'><strong>tanta</strong></span> 
     </span>
    </p>
   </div>
   <div class='ocr_carea' id='block_1_8' title="bbox 760 804 2293 877">
    <p class='ocr_par' dir='ltr' id='par_1_8' title="bbox 760 804 2293 877">
     <span class='ocr_line' id='line_1_8' title="bbox 760 804 2293 877; baseline 0.005 -22"><span class='ocrx_word' id='word_1_41' title='bbox 760 818 917 871; x_wconf 89' lang='lat' dir='ltr'><strong>porro</strong></span> <span class='ocrx_word' id='word_1_42' title='bbox 947 804 1013 858; x_wconf 89' lang='lat' dir='ltr'><strong>de</strong></span> <span class='ocrx_word' id='word_1_43' title='bbox 1037 804 1227 868; x_wconf 85' lang='lat' dir='ltr'><strong>ordine</strong></span> <span class='ocrx_word' id='word_1_44' title='bbox 1272 804 1597 872; x_wconf 82' lang='lat' dir='ltr'><strong>psalmorum</strong></span> <span class='ocrx_word' id='word_1_45' title='bbox 1632 821 1662 858; x_wconf 88' lang='lat' dir='ltr'><strong>a</strong></span> <span class='ocrx_word' id='word_1_46' title='bbox 1685 808 1840 861; x_wconf 90' lang='lat' dir='ltr'><strong>nobis</strong></span> <span class='ocrx_word' id='word_1_47' title='bbox 1871 808 2137 877; x_wconf 80' lang='lat' dir='ltr'><strong>exquisita</strong></span> <span class='ocrx_word' id='word_1_48' title='bbox 2178 808 2293 862; x_wconf 81' lang='lat' dir='ltr'><strong>fue-</strong></span> 
     </span>
    </p>
   </div>
   <div class='ocr_carea' id='block_1_9' title="bbox 759 895 2293 969">
    <p class='ocr_par' dir='ltr' id='par_1_9' title="bbox 759 895 2293 969">
     <span class='ocr_line' id='line_1_9' title="bbox 759 895 2293 969; baseline 0.005 -24"><span class='ocrx_word' id='word_1_49' title='bbox 759 895 891 955; x_wconf 86' lang='lat' dir='ltr'><strong>rint,</strong></span> <span class='ocrx_word' id='word_1_50' title='bbox 936 895 1048 962; x_wconf 84' lang='lat' dir='ltr'><strong>jam</strong></span> <span class='ocrx_word' id='word_1_51' title='bbox 1072 904 1282 963; x_wconf 81' lang='lat' dir='ltr'><strong>tempus</strong></span> <span class='ocrx_word' id='word_1_52' title='bbox 1307 905 1390 951; x_wconf 85' lang='lat' dir='ltr'><strong>est</strong></span> <span class='ocrx_word' id='word_1_53' title='bbox 1412 896 1477 951; x_wconf 87' lang='lat' dir='ltr'><strong>ad</strong></span> <span class='ocrx_word' id='word_1_54' title='bbox 1500 898 1803 969; x_wconf 86' lang='lat' dir='ltr'><strong>propositas</strong></span> <span class='ocrx_word' id='word_1_55' title='bbox 1835 912 1885 953; x_wconf 72' lang='grc' dir='ltr'><strong>ιι</strong></span> <span class='ocrx_word' id='word_1_56' title='bbox 1919 897 2110 967; x_wconf 82' lang='lat' dir='ltr'><strong>psalmi</strong></span> <span class='ocrx_word' id='word_1_57' title='bbox 2134 912 2293 953; x_wconf 84' lang='lat' dir='ltr'><strong>voces</strong></span> 
     </span>
    </p>
   </div>
   <div class='ocr_carea' id='block_1_10' title="bbox 760 987 1848 1049">
    <p class='ocr_par' dir='ltr' id='par_1_10' title="bbox 760 987 1848 1049">
     <span class='ocr_line' id='line_1_10' title="bbox 760 987 1848 1049; baseline 0.011 -12"><span class='ocrx_word' id='word_1_58' title='bbox 760 987 1032 1042; x_wconf 74' lang='lat' dir='ltr'><strong>accedere.</strong></span> <span class='ocrx_word' id='word_1_59' title='bbox 1841 1044 1848 1049; x_wconf 90' lang='lat'><strong>.</strong></span> 
     </span>
    </p>
   </div>
   <div class='ocr_carea' id='block_1_11' title="bbox 823 1065 2295 1152">
    <p class='ocr_par' dir='ltr' id='par_1_11' title="bbox 823 1065 2295 1152">
     <span class='ocr_line' id='line_1_11' title="bbox 823 1065 2295 1152; baseline 0.004 -22"><span class='ocrx_word' id='word_1_60' title='bbox 823 1074 948 1130; x_wconf 67' lang='lat' dir='ltr'><strong>Haae</strong></span> <span class='ocrx_word' id='word_1_61' title='bbox 997 1078 1176 1148; x_wconf 84' lang='lat' dir='ltr'><strong>itaque</strong></span> <span class='ocrx_word' id='word_1_62' title='bbox 1224 1080 1452 1144; x_wconf 84' lang='lat' dir='ltr'><strong>scribit,</strong></span> <span class='ocrx_word' id='word_1_63' title='bbox 1488 1095 1612 1135; x_wconf 90' lang='lat' dir='ltr'><strong>eum</strong></span> <span class='ocrx_word' id='word_1_64' title='bbox 1647 1065 1958 1152; x_wconf 79' lang='lat' dir='ltr'><strong>edidicisset</strong></span> <span class='ocrx_word' id='word_1_65' title='bbox 1997 1096 2117 1151; x_wconf 75' lang='lat' dir='ltr'><strong>quae</strong></span> <span class='ocrx_word' id='word_1_66' title='bbox 2155 1080 2295 1137; x_wconf 88' lang='lat' dir='ltr'><strong>Doee</strong></span> 
     </span>
    </p>
   </div>
   <div class='ocr_carea' id='block_1_12' title="bbox 758 1164 2294 1240">
    <p class='ocr_par' dir='ltr' id='par_1_12' title="bbox 758 1164 2294 1240">
     <span class='ocr_line' id='line_1_12' title="bbox 758 1164 2294 1240; baseline 0.004 -22"><span class='ocrx_word' id='word_1_67' title='bbox 758 1164 947 1237; x_wconf 75' lang='lat' dir='ltr'><strong>Sy‘rus,</strong></span> <span class='ocrx_word' id='word_1_68' title='bbox 966 1169 1186 1222; x_wconf 80' lang='lat' dir='ltr'><strong>structis</strong></span> <span class='ocrx_word' id='word_1_69' title='bbox 1200 1178 1387 1224; x_wconf 84' lang='lat' dir='ltr'><strong>contra</strong></span> <span class='ocrx_word' id='word_1_70' title='bbox 1408 1186 1466 1224; x_wconf 92' lang='lat' dir='ltr'><strong>se</strong></span> <span class='ocrx_word' id='word_1_71' title='bbox 1485 1169 1793 1233; x_wconf 85' lang='lat' dir='ltr'><strong>calumniis,</strong></span> <span class='ocrx_word' id='word_1_72' title='bbox 1808 1179 2064 1240; x_wconf 79' lang='lat' dir='ltr'><strong>gesserat.</strong></span> <span class='ocrx_word' id='word_1_73' title='bbox 2097 1171 2294 1237; x_wconf 85' lang='lat' dir='ltr'><strong>Quam-</strong></span> 
     </span>
    </p>
   </div>
   <div class='ocr_carea' id='block_1_13' title="bbox 759 1257 2293 1332">
    <p class='ocr_par' dir='ltr' id='par_1_13' title="bbox 759 1257 2293 1332">
     <span class='ocr_line' id='line_1_13' title="bbox 759 1257 2293 1332; baseline 0.004 -21"><span class='ocrx_word' id='word_1_74' title='bbox 759 1257 937 1313; x_wconf 87' lang='lat' dir='ltr'><strong>obrem</strong></span> <span class='ocrx_word' id='word_1_75' title='bbox 977 1274 1073 1314; x_wconf 92' lang='lat' dir='ltr'><strong>ceu</strong></span> <span class='ocrx_word' id='word_1_76' title='bbox 1120 1260 1294 1329; x_wconf 84' lang='lat' dir='ltr'><strong>ipsum</strong></span> <span class='ocrx_word' id='word_1_77' title='bbox 1342 1260 1625 1329; x_wconf 84' lang='lat' dir='ltr'><strong>alloquens</strong></span> <span class='ocrx_word' id='word_1_78' title='bbox 1653 1262 1766 1316; x_wconf 87' lang='lat' dir='ltr'><strong>ait:</strong></span> <span class='ocrx_word' id='word_1_79' title='bbox 1795 1261 1939 1330; x_wconf 70' lang='lat' dir='ltr'><strong>Quid</strong></span> <span class='ocrx_word' id='word_1_80' title='bbox 1970 1262 2211 1332; x_wconf 79' lang='lat' dir='ltr'><strong>gloriaris</strong></span> <span class='ocrx_word' id='word_1_81' title='bbox 2239 1267 2293 1317; x_wconf 83' lang='lat' dir='ltr'><strong>in</strong></span> 
     </span>
    </p>
   </div>
   <div class='ocr_carea' id='block_1_14' title="bbox 758 1340 2293 1420">
    <p class='ocr_par' dir='ltr' id='par_1_14' title="bbox 758 1340 2293 1420">
     <span class='ocr_line' id='line_1_14' title="bbox 758 1340 2293 1420; baseline 0.005 -19"><span class='ocrx_word' id='word_1_82' title='bbox 758 1349 989 1412; x_wconf 76' lang='lat' dir='ltr'><strong>malitia,</strong></span> <span class='ocrx_word' id='word_1_83' title='bbox 1031 1352 1120 1420; x_wconf 77' lang='lat' dir='ltr'><strong>qui</strong></span> <span class='ocrx_word' id='word_1_84' title='bbox 1149 1361 1327 1416; x_wconf 80' lang='lat' dir='ltr'><strong>potens</strong></span> <span class='ocrx_word' id='word_1_85' title='bbox 1374 1340 1469 1405; x_wconf 68' lang='lat' dir='ltr'><strong>es?</strong></span> <span class='ocrx_word' id='word_1_86' title='bbox 1519 1354 1629 1406; x_wconf 84' lang='lat' dir='ltr'><strong>sive</strong></span> <span class='ocrx_word' id='word_1_87' title='bbox 1658 1353 1817 1405; x_wconf 89' lang='lat' dir='ltr'><strong>etiam</strong></span> <span class='ocrx_word' id='word_1_88' title='bbox 1846 1354 2115 1407; x_wconf 84' lang='lat' dir='ltr'><strong>diabolum</strong></span> <span class='ocrx_word' id='word_1_89' title='bbox 2148 1369 2293 1408; x_wconf 81' lang='lat' dir='ltr'><strong>eom-</strong></span> 
     </span>
    </p>
   </div>
   <div class='ocr_carea' id='block_1_15' title="bbox 758 1441 2293 1511">
    <p class='ocr_par' dir='ltr' id='par_1_15' title="bbox 758 1441 2293 1511">
     <span class='ocr_line' id='line_1_15' title="bbox 758 1441 2293 1511; baseline 0.005 -19"><span class='ocrx_word' id='word_1_90' title='bbox 758 1441 934 1507; x_wconf 86' lang='lat' dir='ltr'><strong>pellat,</strong></span> <span class='ocrx_word' id='word_1_91' title='bbox 966 1442 1058 1509; x_wconf 86' lang='lat' dir='ltr'><strong>qui</strong></span> <span class='ocrx_word' id='word_1_92' title='bbox 1089 1442 1142 1493; x_wconf 87' lang='lat' dir='ltr'><strong>in</strong></span> <span class='ocrx_word' id='word_1_93' title='bbox 1171 1443 1287 1510; x_wconf 89' lang='lat' dir='ltr'><strong>ipso</strong></span> <span class='ocrx_word' id='word_1_94' title='bbox 1322 1443 1665 1511; x_wconf 69' lang='lat' dir='ltr'><strong>operabatur.</strong></span> <span class='ocrx_word' id='word_1_95' title='bbox 1713 1442 1831 1501; x_wconf 84' lang='lat' dir='ltr'><strong>Non</strong></span> <span class='ocrx_word' id='word_1_96' title='bbox 1858 1446 2133 1500; x_wconf 88' lang='lat' dir='ltr'><strong>nesciebat</strong></span> <span class='ocrx_word' id='word_1_97' title='bbox 2150 1446 2293 1500; x_wconf 93' lang='lat' dir='ltr'><strong>enim</strong></span> 
     </span>
    </p>
   </div>
   <div class='ocr_carea' id='block_1_16' title="bbox 757 1530 2295 1599">
    <p class='ocr_par' dir='ltr' id='par_1_16' title="bbox 757 1530 2295 1599">
     <span class='ocr_line' id='line_1_16' title="bbox 757 1530 2295 1599; baseline 0.007 -18"><span class='ocrx_word' id='word_1_98' title='bbox 757 1530 901 1583; x_wconf 82' lang='lat' dir='ltr'><strong>illum</strong></span> <span class='ocrx_word' id='word_1_99' title='bbox 941 1530 1043 1583; x_wconf 87' lang='lat' dir='ltr'><strong>sibi</strong></span> <span class='ocrx_word' id='word_1_100' title='bbox 1079 1545 1290 1599; x_wconf 88' lang='lat' dir='ltr'><strong>semper</strong></span> <span class='ocrx_word' id='word_1_101' title='bbox 1320 1532 1684 1588; x_wconf 85' lang='lat' dir='ltr'><strong>adversarium</strong></span> <span class='ocrx_word' id='word_1_102' title='bbox 1714 1549 1868 1597; x_wconf 87' lang='lat' dir='ltr'><strong>esse,</strong></span> <span class='ocrx_word' id='word_1_103' title='bbox 1895 1544 1948 1590; x_wconf 91' lang='lat' dir='ltr'><strong>et</strong></span> <span class='ocrx_word' id='word_1_104' title='bbox 1979 1536 2197 1591; x_wconf 89' lang='lat' dir='ltr'><strong>assidue</strong></span> <span class='ocrx_word' id='word_1_105' title='bbox 2236 1550 2295 1591; x_wconf 87' lang='lat' dir='ltr'><strong>se</strong></span> 
     </span>
    </p>
   </div>
   <div class='ocr_carea' id='block_1_17' title="bbox 758 1621 2291 1694">
    <p class='ocr_par' dir='ltr' id='par_1_17' title="bbox 758 1621 2291 1694">
     <span class='ocr_line' id='line_1_17' title="bbox 758 1621 2291 1694; baseline 0.003 -21"><span class='ocrx_word' id='word_1_106' title='bbox 758 1634 1085 1686; x_wconf 77' lang='lat' dir='ltr'><strong>impugnare,</strong></span> <span class='ocrx_word' id='word_1_107' title='bbox 1129 1623 1287 1674; x_wconf 91' lang='lat' dir='ltr'><strong>modo</strong></span> <span class='ocrx_word' id='word_1_108' title='bbox 1313 1638 1408 1692; x_wconf 88' lang='lat' dir='ltr'><strong>per</strong></span> <span class='ocrx_word' id='word_1_109' title='bbox 1433 1621 1672 1684; x_wconf 89' lang='lat' dir='ltr'><strong>Saulem,</strong></span> <span class='ocrx_word' id='word_1_110' title='bbox 1721 1628 1880 1678; x_wconf 78' lang='lat' dir='ltr'><strong>modo</strong></span> <span class='ocrx_word' id='word_1_111' title='bbox 1917 1640 2011 1694; x_wconf 89' lang='lat' dir='ltr'><strong>per</strong></span> <span class='ocrx_word' id='word_1_112' title='bbox 2038 1624 2291 1689; x_wconf 92' lang='lat' dir='ltr'><strong>Doecum,</strong></span> 
     </span>
    </p>
   </div>
   <div class='ocr_carea' id='block_1_18' title="bbox 758 1711 2296 1786">
    <p class='ocr_par' dir='ltr' id='par_1_18' title="bbox 758 1711 2296 1786">
     <span class='ocr_line' id='line_1_18' title="bbox 758 1711 2296 1786; baseline 0.008 -27"><span class='ocrx_word' id='word_1_113' title='bbox 758 1720 815 1759; x_wconf 81' lang='lat' dir='ltr'><strong>ac</strong></span> <span class='ocrx_word' id='word_1_114' title='bbox 847 1711 1157 1779; x_wconf 85' lang='lat' dir='ltr'><strong>plerumque</strong></span> <span class='ocrx_word' id='word_1_115' title='bbox 1178 1712 1402 1771; x_wconf 88' lang='lat' dir='ltr'><strong>aliorum</strong></span> <span class='ocrx_word' id='word_1_116' title='bbox 1437 1715 1757 1769; x_wconf 89' lang='lat' dir='ltr'><strong>ministerio.</strong></span> <span class='ocrx_word' id='word_1_117' title='bbox 1809 1714 1911 1784; x_wconf 83' lang='lat' dir='ltr'><strong>Qui</strong></span> <span class='ocrx_word' id='word_1_118' title='bbox 1941 1732 2068 1786; x_wconf 89' lang='lat' dir='ltr'><strong>ergo</strong></span> <span class='ocrx_word' id='word_1_119' title='bbox 2102 1718 2156 1771; x_wconf 91' lang='lat' dir='ltr'><strong>in</strong></span> <span class='ocrx_word' id='word_1_120' title='bbox 2182 1732 2296 1772; x_wconf 85' lang='lat' dir='ltr'><strong>ma-</strong></span> 
     </span>
    </p>
   </div>
   <div class='ocr_carea' id='block_1_19' title="bbox 757 1798 2296 1871">
    <p class='ocr_par' dir='ltr' id='par_1_19' title="bbox 757 1798 2296 1871">
     <span class='ocr_line' id='line_1_19' title="bbox 757 1798 2296 1871; baseline 0.008 -22"><span class='ocrx_word' id='word_1_121' title='bbox 757 1798 866 1851; x_wconf 79' lang='lat' dir='ltr'><strong>litia</strong></span> <span class='ocrx_word' id='word_1_122' title='bbox 901 1798 1167 1862; x_wconf 86' lang='lat' dir='ltr'><strong>inﬁrmus,</strong></span> <span class='ocrx_word' id='word_1_123' title='bbox 1202 1801 1469 1857; x_wconf 82' lang='lat' dir='ltr'><strong>invalidus</strong></span> <span class='ocrx_word' id='word_1_124' title='bbox 1500 1819 1563 1857; x_wconf 90' lang='lat' dir='ltr'><strong>ac</strong></span> <span class='ocrx_word' id='word_1_125' title='bbox 1590 1805 1781 1860; x_wconf 87' lang='lat' dir='ltr'><strong>debilis</strong></span> <span class='ocrx_word' id='word_1_126' title='bbox 1813 1815 1928 1871; x_wconf 89' lang='lat' dir='ltr'><strong>est,</strong></span> <span class='ocrx_word' id='word_1_127' title='bbox 1955 1823 2075 1861; x_wconf 91' lang='lat' dir='ltr'><strong>cum</strong></span> <span class='ocrx_word' id='word_1_128' title='bbox 2111 1809 2296 1863; x_wconf 83' lang='lat' dir='ltr'><strong>melio-</strong></span> 
     </span>
    </p>
   </div>
   <div class='ocr_carea' id='block_1_20' title="bbox 2389 620 3897 694">
    <p class='ocr_par' dir='ltr' id='par_1_20' title="bbox 2389 620 3897 694">
     <span class='ocr_line' id='line_1_20' title="bbox 2389 620 3897 694; baseline 0.003 -18"><span class='ocrx_word' id='word_1_129' title='bbox 2389 625 2631 694; x_wconf 79' lang='grc' dir='ltr'><strong>λογήσεις</strong></span> <span class='ocrx_word' id='word_1_130' title='bbox 2661 623 2879 676; x_wconf 80' lang='grc' dir='ltr'><strong>ἑαυτοῦ·</strong></span> <span class='ocrx_word' id='word_1_131' title='bbox 2915 620 3142 687; x_wconf 76' lang='grc' dir='ltr'><strong>Ἐπειδὴ</strong></span> <span class='ocrx_word' id='word_1_132' title='bbox 3170 621 3392 686; x_wconf 79' lang='grc' dir='ltr'><strong>δίκαιος</strong></span> <span class='ocrx_word' id='word_1_133' title='bbox 3425 623 3637 679; x_wconf 73' lang='grc' dir='ltr'><strong>ἑαυτοῦ</strong></span> <span class='ocrx_word' id='word_1_134' title='bbox 3678 626 3897 694; x_wconf 72' lang='grc' dir='ltr'><strong>κατήγο-</strong></span> 
     </span>
    </p>
   </div>
   <div class='ocr_carea' id='block_1_21' title="bbox 2380 713 3898 794">
    <p class='ocr_par' dir='ltr' id='par_1_21' title="bbox 2380 713 3898 794">
     <span class='ocr_line' id='line_1_21' title="bbox 2380 713 3898 794; baseline 0.003 -27"><span class='ocrx_word' id='word_1_135' title='bbox 2380 733 2489 784; x_wconf 85' lang='grc' dir='ltr'><strong>ρος</strong></span> <span class='ocrx_word' id='word_1_136' title='bbox 2508 716 2576 768; x_wconf 78' lang='grc' dir='ltr'><strong>ἐν</strong></span> <span class='ocrx_word' id='word_1_137' title='bbox 2597 714 2974 783; x_wconf 79' lang='grc' dir='ltr'><strong>πρωτολοτίᾳ.</strong></span> <span class='ocrx_word' id='word_1_138' title='bbox 3000 714 3156 768; x_wconf 78' lang='grc' dir='ltr'><strong>Ἀλλὰ</strong></span> <span class='ocrx_word' id='word_1_139' title='bbox 3172 713 3433 767; x_wconf 78' lang='grc' dir='ltr'><strong>τοσούτων</strong></span> <span class='ocrx_word' id='word_1_140' title='bbox 3453 714 3583 794; x_wconf 68' lang='grc' dir='ltr'><strong>ῄμῖν</strong></span> <span class='ocrx_word' id='word_1_141' title='bbox 3602 717 3677 778; x_wconf 79' lang='grc' dir='ltr'><strong>είς</strong></span> <span class='ocrx_word' id='word_1_142' title='bbox 3797 720 3898 771; x_wconf 78' lang='grc' dir='ltr'><strong>ἁπο-</strong></span> 
     </span>
    </p>
   </div>
   <div class='ocr_carea' id='block_1_22' title="bbox 2387 803 3898 875">
    <p class='ocr_par' dir='ltr' id='par_1_22' title="bbox 2387 803 3898 875">
     <span class='ocr_line' id='line_1_22' title="bbox 2387 803 3898 875; baseline 0 -16"><span class='ocrx_word' id='word_1_143' title='bbox 2387 806 2623 860; x_wconf 86' lang='grc' dir='ltr'><strong>δοθεῑσαν</strong></span> <span class='ocrx_word' id='word_1_144' title='bbox 2662 805 2812 868; x_wconf 81' lang='grc' dir='ltr'>τάξιν</span> <span class='ocrx_word' id='word_1_145' title='bbox 2853 803 3333 874; x_wconf 81' lang='grc' dir='ltr'><strong>γεγυμνασμένων,</strong></span> <span class='ocrx_word' id='word_1_146' title='bbox 3377 803 3561 874; x_wconf 80' lang='grc' dir='ltr'><strong>καιρὸς</strong></span> <span class='ocrx_word' id='word_1_147' title='bbox 3587 804 3688 875; x_wconf 65' lang='grc' dir='ltr'><strong>ἤδη</strong></span> <span class='ocrx_word' id='word_1_148' title='bbox 3717 808 3802 865; x_wconf 77' lang='grc' dir='ltr'><strong>καὶ</strong></span> <span class='ocrx_word' id='word_1_149' title='bbox 3824 808 3898 864; x_wconf 75' lang='grc' dir='ltr'><strong>ἐπὶ</strong></span> 
     </span>
    </p>
   </div>
   <div class='ocr_carea' id='block_1_23' title="bbox 2387 890 3651 968">
    <p class='ocr_par' dir='ltr' id='par_1_23' title="bbox 2387 890 3651 968">
     <span class='ocr_line' id='line_1_23' title="bbox 2387 890 3651 968; baseline -0.006 -17"><span class='ocrx_word' id='word_1_150' title='bbox 2387 897 2484 961; x_wconf 82' lang='grc' dir='ltr'><strong>τὰς</strong></span> <span class='ocrx_word' id='word_1_151' title='bbox 2512 893 2873 967; x_wconf 80' lang='grc' dir='ltr'><strong>προκειμένας</strong></span> <span class='ocrx_word' id='word_1_152' title='bbox 2903 893 3086 961; x_wconf 82' lang='grc' dir='ltr'><strong>φωνὰς</strong></span> <span class='ocrx_word' id='word_1_153' title='bbox 3108 891 3200 947; x_wconf 88' lang='grc' dir='ltr'><strong>τοῦ</strong></span> <span class='ocrx_word' id='word_1_154' title='bbox 3237 900 3315 952; x_wconf 73' lang='grc' dir='ltr'><strong>ναν</strong></span> <span class='ocrx_word' id='word_1_155' title='bbox 3346 890 3651 968; x_wconf 70' lang='grc' dir='ltr'><strong>παρελθεῖν.</strong></span> 
     </span>
    </p>
   </div>
   <div class='ocr_carea' id='block_1_24' title="bbox 2456 1075 3899 1149">
    <p class='ocr_par' dir='ltr' id='par_1_24' title="bbox 2456 1075 3899 1149">
     <span class='ocr_line' id='line_1_24' title="bbox 2456 1075 3899 1149; baseline 0.001 -21"><span class='ocrx_word' id='word_1_156' title='bbox 2456 1076 2657 1147; x_wconf 79' lang='grc' dir='ltr'><strong>Γράφει</strong></span> <span class='ocrx_word' id='word_1_157' title='bbox 2697 1075 2870 1131; x_wconf 82' lang='grc' dir='ltr'>τοίνυν</span> <span class='ocrx_word' id='word_1_158' title='bbox 2903 1076 3027 1145; x_wconf 74' lang='grc' dir='ltr'><strong>τοὺς</strong></span> <span class='ocrx_word' id='word_1_159' title='bbox 3070 1075 3452 1149; x_wconf 63' lang='grc' dir='ltr'><strong>προκειμένους</strong></span> <span class='ocrx_word' id='word_1_160' title='bbox 3498 1076 3706 1146; x_wconf 78' lang='grc' dir='ltr'><strong>λόγους,</strong></span> <span class='ocrx_word' id='word_1_161' title='bbox 3744 1076 3899 1148; x_wconf 77' lang='grc' dir='ltr'><strong>μαθὼν</strong></span> 
     </span>
    </p>
   </div>
   <div class='ocr_carea' id='block_1_25' title="bbox 2389 1169 3901 1242">
    <p class='ocr_par' dir='ltr' id='par_1_25' title="bbox 2389 1169 3901 1242">
     <span class='ocr_line' id='line_1_25' title="bbox 2389 1169 3901 1242; baseline 0.002 -20"><span class='ocrx_word' id='word_1_162' title='bbox 2389 1170 2545 1222; x_wconf 81' lang='grc' dir='ltr'><strong>ὁποῖα</strong></span> <span class='ocrx_word' id='word_1_163' title='bbox 2575 1169 2891 1241; x_wconf 77' lang='grc' dir='ltr'><strong>διεπράξατο</strong></span> <span class='ocrx_word' id='word_1_164' title='bbox 2929 1170 3083 1242; x_wconf 80' lang='grc' dir='ltr'><strong>Δωὴκ</strong></span> <span class='ocrx_word' id='word_1_165' title='bbox 3111 1173 3140 1225; x_wconf 91' lang='lat'><strong>6</strong></span> <span class='ocrx_word' id='word_1_166' title='bbox 3180 1171 3345 1242; x_wconf 85' lang='grc' dir='ltr'><strong>Σύρος</strong></span> <span class='ocrx_word' id='word_1_167' title='bbox 3380 1172 3437 1224; x_wconf 75' lang='grc' dir='ltr'><strong>ἐν</strong></span> <span class='ocrx_word' id='word_1_168' title='bbox 3474 1174 3591 1234; x_wconf 78' lang='grc' dir='ltr'><strong>ταῖς</strong></span> <span class='ocrx_word' id='word_1_169' title='bbox 3618 1174 3736 1233; x_wconf 74' lang='grc' dir='ltr'><strong>κατ’</strong></span> <span class='ocrx_word' id='word_1_170' title='bbox 3763 1173 3901 1225; x_wconf 83' lang='grc' dir='ltr'><strong>αὑτοῦ</strong></span> 
     </span>
    </p>
   </div>
   <div class='ocr_carea' id='block_1_26' title="bbox 2388 1260 3899 1332">
    <p class='ocr_par' dir='ltr' id='par_1_26' title="bbox 2388 1260 3899 1332">
     <span class='ocr_line' id='line_1_26' title="bbox 2388 1260 3899 1332; baseline 0.003 -21"><span class='ocrx_word' id='word_1_171' title='bbox 2388 1260 2674 1324; x_wconf 77' lang='grc' dir='ltr'><strong>διαϐολαῖς.</strong></span> <span class='ocrx_word' id='word_1_172' title='bbox 2724 1260 2813 1314; x_wconf 84' lang='grc' dir='ltr'><strong>Διδ</strong></span> <span class='ocrx_word' id='word_1_173' title='bbox 2857 1260 2932 1325; x_wconf 84' lang='grc' dir='ltr'><strong>ὡς</strong></span> <span class='ocrx_word' id='word_1_174' title='bbox 2974 1261 3107 1332; x_wconf 80' lang='grc' dir='ltr'><strong>πρὸς</strong></span> <span class='ocrx_word' id='word_1_175' title='bbox 3145 1262 3304 1315; x_wconf 82' lang='grc' dir='ltr'><strong>αὐτὸν</strong></span> <span class='ocrx_word' id='word_1_176' title='bbox 3348 1262 3683 1321; x_wconf 66' lang='grc' dir='ltr'><strong>ἀποτείνεται</strong></span> <span class='ocrx_word' id='word_1_177' title='bbox 3723 1262 3899 1330; x_wconf 80' lang='grc' dir='ltr'><strong>λέγων·</strong></span> 
     </span>
    </p>
   </div>
   <div class='ocr_carea' id='block_1_27' title="bbox 2398 1345 3903 1424">
    <p class='ocr_par' dir='ltr' id='par_1_27' title="bbox 2398 1345 3903 1424">
     <span class='ocr_line' id='line_1_27' title="bbox 2398 1345 3903 1424; baseline 0.003 -21"><span class='ocrx_word' id='word_1_178' title='bbox 2398 1351 2457 1403; x_wconf 86' lang='grc' dir='ltr'><strong>Τί</strong></span> <span class='ocrx_word' id='word_1_179' title='bbox 2498 1347 2756 1418; x_wconf 77' lang='grc' dir='ltr'><strong>ἐγκαυχᾷ</strong></span> <span class='ocrx_word' id='word_1_180' title='bbox 2793 1351 2863 1403; x_wconf 76' lang='grc' dir='ltr'><strong>ἐν</strong></span> <span class='ocrx_word' id='word_1_181' title='bbox 2884 1352 3077 1416; x_wconf 78' lang='grc' dir='ltr'><strong>κακίᾳ,</strong></span> <span class='ocrx_word' id='word_1_182' title='bbox 3114 1354 3146 1406; x_wconf 86' lang='grc' dir='ltr'><strong>ό</strong></span> <span class='ocrx_word' id='word_1_183' title='bbox 3181 1351 3462 1418; x_wconf 71' lang='grc' dir='ltr'><strong>δυνατόςξ</strong></span> <span class='ocrx_word' id='word_1_184' title='bbox 3492 1345 3640 1423; x_wconf 44' lang='grc' dir='ltr'><strong>ἢὼς</strong></span> <span class='ocrx_word' id='word_1_185' title='bbox 3674 1354 3801 1424; x_wconf 80' lang='grc' dir='ltr'><strong>πρὸς</strong></span> <span class='ocrx_word' id='word_1_186' title='bbox 3834 1354 3903 1407; x_wconf 75' lang='grc' dir='ltr'><strong>τὸν</strong></span> 
     </span>
    </p>
   </div>
   <div class='ocr_carea' id='block_1_28' title="bbox 2392 1442 3903 1515">
    <p class='ocr_par' dir='ltr' id='par_1_28' title="bbox 2392 1442 3903 1515">
     <span class='ocr_line' id='line_1_28' title="bbox 2392 1442 3903 1515; baseline 0.003 -21"><span class='ocrx_word' id='word_1_187' title='bbox 2392 1444 2752 1514; x_wconf 76' lang='grc' dir='ltr'><strong>ὲνεργήσαντα</strong></span> <span class='ocrx_word' id='word_1_188' title='bbox 2795 1444 2850 1495; x_wconf 78' lang='grc' dir='ltr'><strong>ὲν</strong></span> <span class='ocrx_word' id='word_1_189' title='bbox 2886 1442 3046 1515; x_wconf 78' lang='grc' dir='ltr'><strong>,αὐτῷ</strong></span> <span class='ocrx_word' id='word_1_190' title='bbox 3088 1442 3344 1501; x_wconf 78' lang='grc' dir='ltr'><strong>διάϐολον.</strong></span> <span class='ocrx_word' id='word_1_191' title='bbox 3378 1447 3451 1499; x_wconf 82' lang='grc' dir='ltr'><strong>Οὐ</strong></span> <span class='ocrx_word' id='word_1_192' title='bbox 3492 1445 3597 1515; x_wconf 78' lang='grc' dir='ltr'><strong>γὰρ</strong></span> <span class='ocrx_word' id='word_1_193' title='bbox 3625 1447 3797 1515; x_wconf 75' lang='grc' dir='ltr'><strong>ἠγνόει</strong></span> <span class='ocrx_word' id='word_1_194' title='bbox 3834 1446 3903 1499; x_wconf 68' lang='grc' dir='ltr'><strong>τὸν</strong></span> 
     </span>
    </p>
   </div>
   <div class='ocr_carea' id='block_1_29' title="bbox 2392 1533 3905 1607">
    <p class='ocr_par' dir='ltr' id='par_1_29' title="bbox 2392 1533 3905 1607">
     <span class='ocr_line' id='line_1_29' title="bbox 2392 1533 3905 1607; baseline 0.003 -21"><span class='ocrx_word' id='word_1_195' title='bbox 2392 1534 2614 1587; x_wconf 82' lang='grc' dir='ltr'><strong>πάντοτε</strong></span> <span class='ocrx_word' id='word_1_196' title='bbox 2662 1533 2807 1603; x_wconf 83' lang='grc' dir='ltr'><strong>αὑτῷ</strong></span> <span class='ocrx_word' id='word_1_197' title='bbox 2842 1533 3225 1605; x_wconf 81' lang='grc' dir='ltr'><strong>ἀντικείμενον,</strong></span> <span class='ocrx_word' id='word_1_198' title='bbox 3272 1537 3364 1590; x_wconf 78' lang='grc' dir='ltr'><strong>καὶ</strong></span> <span class='ocrx_word' id='word_1_199' title='bbox 3405 1537 3490 1591; x_wconf 75' lang='grc' dir='ltr'><strong>διὰ</strong></span> <span class='ocrx_word' id='word_1_200' title='bbox 3532 1538 3729 1607; x_wconf 81' lang='grc' dir='ltr'><strong>παντὸς</strong></span> <span class='ocrx_word' id='word_1_201' title='bbox 3772 1539 3905 1591; x_wconf 76' lang='grc' dir='ltr'><strong>αὐτὸν</strong></span> 
     </span>
    </p>
   </div>
   <div class='ocr_carea' id='block_1_30' title="bbox 2392 1622 3904 1693">
    <p class='ocr_par' dir='ltr' id='par_1_30' title="bbox 2392 1622 3904 1693">
     <span class='ocr_line' id='line_1_30' title="bbox 2392 1622 3904 1693; baseline 0.003 -18"><span class='ocrx_word' id='word_1_202' title='bbox 2392 1622 2741 1693; x_wconf 79' lang='grc' dir='ltr'><strong>πολεμοῦντα,</strong></span> <span class='ocrx_word' id='word_1_203' title='bbox 2771 1622 2900 1676; x_wconf 77' lang='grc' dir='ltr'><strong>ποτὲ</strong></span> <span class='ocrx_word' id='word_1_204' title='bbox 2931 1623 3026 1693; x_wconf 79' lang='grc' dir='ltr'><strong>μὲν</strong></span> <span class='ocrx_word' id='word_1_205' title='bbox 3056 1622 3142 1679; x_wconf 83' lang='grc' dir='ltr'><strong>διὰ</strong></span> <span class='ocrx_word' id='word_1_206' title='bbox 3172 1623 3263 1677; x_wconf 85' lang='grc' dir='ltr'><strong>τοῦ</strong></span> <span class='ocrx_word' id='word_1_207' title='bbox 3288 1626 3474 1690; x_wconf 78' lang='grc' dir='ltr'><strong>Σαοὺλ,</strong></span> <span class='ocrx_word' id='word_1_208' title='bbox 3497 1627 3613 1679; x_wconf 78' lang='grc' dir='ltr'><strong>νυνὶ</strong></span> <span class='ocrx_word' id='word_1_209' title='bbox 3639 1626 3696 1679; x_wconf 81' lang='grc' dir='ltr'><strong>δὲ</strong></span> <span class='ocrx_word' id='word_1_210' title='bbox 3723 1626 3804 1679; x_wconf 75' lang='grc' dir='ltr'><strong>διὰ</strong></span> <span class='ocrx_word' id='word_1_211' title='bbox 3828 1625 3904 1680; x_wconf 62' lang='grc' dir='ltr'><strong>τοῦ</strong></span> 
     </span>
    </p>
   </div>
   <div class='ocr_carea' id='block_1_31' title="bbox 2391 1712 3895 1787">
    <p class='ocr_par' dir='ltr' id='par_1_31' title="bbox 2391 1712 3895 1787">
     <span class='ocr_line' id='line_1_31' title="bbox 2391 1712 3895 1787; baseline 0.001 -20"><span class='ocrx_word' id='word_1_212' title='bbox 2391 1715 2566 1785; x_wconf 76' lang='grc' dir='ltr'><strong>Δωὴκ,</strong></span> <span class='ocrx_word' id='word_1_213' title='bbox 2597 1715 2687 1767; x_wconf 76' lang='grc' dir='ltr'><strong>καὶ</strong></span> <span class='ocrx_word' id='word_1_214' title='bbox 2710 1714 2891 1771; x_wconf 78' lang='grc' dir='ltr'><strong>ἄλλοτε</strong></span> <span class='ocrx_word' id='word_1_215' title='bbox 2920 1713 3087 1779; x_wconf 77' lang='grc' dir='ltr'><strong>ἄλλως</strong></span> <span class='ocrx_word' id='word_1_216' title='bbox 3118 1714 3183 1767; x_wconf 86' lang='grc' dir='ltr'><strong>δι’</strong></span> <span class='ocrx_word' id='word_1_217' title='bbox 3214 1716 3431 1787; x_wconf 73' lang='grc' dir='ltr'><strong>ἐτέρων.</strong></span> <span class='ocrx_word' id='word_1_218' title='bbox 3466 1718 3521 1772; x_wconf 91' lang='lat'><strong>&#39;0</strong></span> <span class='ocrx_word' id='word_1_219' title='bbox 3556 1717 3653 1787; x_wconf 78' lang='grc' dir='ltr'><strong>μὲν</strong></span> <span class='ocrx_word' id='word_1_220' title='bbox 3691 1712 3779 1770; x_wconf 80' lang='grc' dir='ltr'><strong>οὖν</strong></span> <span class='ocrx_word' id='word_1_221' title='bbox 3802 1717 3895 1769; x_wconf 76' lang='grc' dir='ltr'><strong>ἁδύ-</strong></span> 
     </span>
    </p>
   </div>
   <div class='ocr_carea' id='block_1_32' title="bbox 2392 1802 3906 1875">
    <p class='ocr_par' dir='ltr' id='par_1_32' title="bbox 2392 1802 3906 1875">
     <span class='ocr_line' id='line_1_32' title="bbox 2392 1802 3906 1875; baseline 0 -20"><span class='ocrx_word' id='word_1_222' title='bbox 2392 1820 2547 1866; x_wconf 88' lang='grc' dir='ltr'><strong>νατος</strong></span> <span class='ocrx_word' id='word_1_223' title='bbox 2578 1804 2668 1857; x_wconf 78' lang='grc' dir='ltr'><strong>καὶ</strong></span> <span class='ocrx_word' id='word_1_224' title='bbox 2691 1803 2871 1865; x_wconf 76' lang='grc' dir='ltr'><strong>ἄτονος</strong></span> <span class='ocrx_word' id='word_1_225' title='bbox 2904 1802 2995 1855; x_wconf 80' lang='grc' dir='ltr'><strong>καὶ</strong></span> <span class='ocrx_word' id='word_1_226' title='bbox 3029 1802 3203 1870; x_wconf 75' lang='grc' dir='ltr'><strong>ὀλίγος</strong></span> <span class='ocrx_word' id='word_1_227' title='bbox 3243 1806 3299 1856; x_wconf 74' lang='grc' dir='ltr'><strong>ὲν</strong></span> <span class='ocrx_word' id='word_1_228' title='bbox 3340 1804 3523 1875; x_wconf 79' lang='grc' dir='ltr'><strong>κακίᾳ,</strong></span> <span class='ocrx_word' id='word_1_229' title='bbox 3556 1802 3906 1867; x_wconf 76' lang='grc' dir='ltr'><strong>πλεονάζοντος</strong></span> 
     </span>
    </p>
   </div>
   <div class='ocr_carea' id='block_1_33' title="bbox 757 1883 2293 1966">
    <p class='ocr_par' dir='ltr' id='par_1_33' title="bbox 757 1889 2293 1966">
     <span class='ocr_line' id='line_1_33' title="bbox 757 1889 2293 1966; baseline 0.008 -28"><span class='ocrx_word' id='word_1_230' title='bbox 757 1902 838 1941; x_wconf 90' lang='lat' dir='ltr'><strong>res</strong></span> <span class='ocrx_word' id='word_1_231' title='bbox 868 1889 920 1939; x_wconf 90' lang='lat' dir='ltr'><strong>in</strong></span> <span class='ocrx_word' id='word_1_232' title='bbox 947 1890 1063 1957; x_wconf 80' lang='lat' dir='ltr'><strong>ipso</strong></span> <span class='ocrx_word' id='word_1_233' title='bbox 1094 1905 1271 1943; x_wconf 88' lang='lat' dir='ltr'><strong>mores</strong></span> <span class='ocrx_word' id='word_1_234' title='bbox 1307 1895 1649 1961; x_wconf 64' lang='lat' dir='ltr'><strong>prxvaleant,</strong></span> <span class='ocrx_word' id='word_1_235' title='bbox 1700 1903 1884 1963; x_wconf 86' lang='lat' dir='ltr'><strong>utpote</strong></span> <span class='ocrx_word' id='word_1_236' title='bbox 1916 1900 2009 1966; x_wconf 88' lang='lat' dir='ltr'><strong>qui</strong></span> <span class='ocrx_word' id='word_1_237' title='bbox 2050 1897 2105 1951; x_wconf 90' lang='lat' dir='ltr'><strong>in</strong></span> <span class='ocrx_word' id='word_1_238' title='bbox 2148 1898 2293 1951; x_wconf 88' lang='lat' dir='ltr'><strong>mali-</strong></span> 
     </span>
    </p>
   </div>
   <div class='ocr_carea' id='block_1_34' title="bbox 2393 1883 3906 1966">
    <p class='ocr_par' dir='ltr' id='par_1_34' title="bbox 2393 1893 3906 1966">
     <span class='ocr_line' id='line_1_34' title="bbox 2393 1893 3906 1966; baseline 0.002 -21"><span class='ocrx_word' id='word_1_239' title='bbox 2393 1896 2449 1945; x_wconf 82' lang='grc' dir='ltr'><strong>ὲν</strong></span> <span class='ocrx_word' id='word_1_240' title='bbox 2478 1893 2622 1961; x_wconf 73' lang='grc' dir='ltr'><strong>αὐτῷ</strong></span> <span class='ocrx_word' id='word_1_241' title='bbox 2655 1893 2746 1946; x_wconf 90' lang='grc' dir='ltr'><strong>τοῦ</strong></span> <span class='ocrx_word' id='word_1_242' title='bbox 2781 1893 3079 1963; x_wconf 88' lang='grc' dir='ltr'><strong>κρείττονος</strong></span> <span class='ocrx_word' id='word_1_243' title='bbox 3102 1894 3319 1963; x_wconf 78' lang='grc' dir='ltr'><strong>τρόπου,</strong></span> <span class='ocrx_word' id='word_1_244' title='bbox 3356 1895 3430 1958; x_wconf 82' lang='grc' dir='ltr'><strong>ὡς</strong></span> <span class='ocrx_word' id='word_1_245' title='bbox 3458 1894 3522 1951; x_wconf 77' lang='grc' dir='ltr'><strong>ἂν</strong></span> <span class='ocrx_word' id='word_1_246' title='bbox 3554 1895 3906 1966; x_wconf 79' lang='grc' dir='ltr'><strong>ἀσθενέστερος</strong></span> 
     </span>
    </p>
   </div>
   <div class='ocr_carea' id='block_1_35' title="bbox 756 1978 2292 2054">
    <p class='ocr_par' dir='ltr' id='par_1_35' title="bbox 756 1978 2292 2054">
     <span class='ocr_line' id='line_1_35' title="bbox 756 1978 2292 2054; baseline 0.008 -26"><span class='ocrx_word' id='word_1_247' title='bbox 756 1979 824 2029; x_wconf 84' lang='lat' dir='ltr'><strong>tia</strong></span> <span class='ocrx_word' id='word_1_248' title='bbox 869 1978 1130 2032; x_wconf 86' lang='lat' dir='ltr'><strong>inﬁrmior</strong></span> <span class='ocrx_word' id='word_1_249' title='bbox 1159 1980 1262 2043; x_wconf 86' lang='lat' dir='ltr'><strong>sit,</strong></span> <span class='ocrx_word' id='word_1_250' title='bbox 1304 1982 1430 2041; x_wconf 86' lang='lat' dir='ltr'><strong>dum</strong></span> <span class='ocrx_word' id='word_1_251' title='bbox 1478 1994 1663 2052; x_wconf 84' lang='lat' dir='ltr'><strong>peccat</strong></span> <span class='ocrx_word' id='word_1_252' title='bbox 1718 1982 1839 2041; x_wconf 86' lang='lat' dir='ltr'><strong>sese</strong></span> <span class='ocrx_word' id='word_1_253' title='bbox 1884 1986 2211 2054; x_wconf 90' lang='lat' dir='ltr'><strong>occultabit,</strong></span> <span class='ocrx_word' id='word_1_254' title='bbox 2240 1996 2292 2043; x_wconf 91' lang='lat' dir='ltr'><strong>et</strong></span> 
     </span>
    </p>
   </div>
   <div class='ocr_carea' id='block_1_36' title="bbox 672 2073 2294 2149">
    <p class='ocr_par' dir='ltr' id='par_1_36' title="bbox 672 2073 2294 2149">
     <span class='ocr_line' id='line_1_36' title="bbox 672 2073 2294 2149; baseline 0.01 -32"><span class='ocrx_word' id='word_1_255' title='bbox 672 2126 675 2147; x_wconf 34' lang='grc' dir='ltr'><strong>ε</strong></span> <span class='ocrx_word' id='word_1_256' title='bbox 755 2077 1020 2137; x_wconf 81' lang='lat' dir='ltr'><strong>pungente</strong></span> <span class='ocrx_word' id='word_1_257' title='bbox 1044 2073 1373 2126; x_wconf 87' lang='lat' dir='ltr'><strong>conscientia</strong></span> <span class='ocrx_word' id='word_1_258' title='bbox 1403 2074 1631 2132; x_wconf 78' lang='lat' dir='ltr'><strong>fortasse</strong></span> <span class='ocrx_word' id='word_1_259' title='bbox 1661 2079 1960 2148; x_wconf 89' lang='lat' dir='ltr'><strong>resipiscct,</strong></span> <span class='ocrx_word' id='word_1_260' title='bbox 1988 2088 2147 2149; x_wconf 88' lang='lat' dir='ltr'><strong>atque</strong></span> <span class='ocrx_word' id='word_1_261' title='bbox 2180 2095 2294 2133; x_wconf 85' lang='lat' dir='ltr'><strong>ma-</strong></span> 
     </span>
    </p>
   </div>
   <div class='ocr_carea' id='block_1_37' title="bbox 756 2154 2292 2239">
    <p class='ocr_par' dir='ltr' id='par_1_37' title="bbox 756 2154 2292 2239">
     <span class='ocr_line' id='line_1_37' title="bbox 756 2154 2292 2239; baseline 0.007 -25"><span class='ocrx_word' id='word_1_262' title='bbox 756 2156 881 2217; x_wconf 68' lang='lat' dir='ltr'><strong>litive</strong></span> <span class='ocrx_word' id='word_1_263' title='bbox 918 2180 1029 2218; x_wconf 73' lang='lat' dir='ltr'><strong>sua:</strong></span> <span class='ocrx_word' id='word_1_264' title='bbox 1067 2167 1360 2221; x_wconf 88' lang='lat' dir='ltr'><strong>remedium</strong></span> <span class='ocrx_word' id='word_1_265' title='bbox 1394 2154 1487 2239; x_wconf 81' lang='lat' dir='ltr'><strong>per</strong></span> <span class='ocrx_word' id='word_1_266' title='bbox 1515 2171 1909 2227; x_wconf 85' lang='lat' dir='ltr'><strong>confessionem</strong></span> <span class='ocrx_word' id='word_1_267' title='bbox 1942 2167 2005 2225; x_wconf 78' lang='lat' dir='ltr'><strong>ac</strong></span> <span class='ocrx_word' id='word_1_268' title='bbox 2028 2172 2292 2227; x_wconf 90' lang='lat' dir='ltr'><strong>sinceram</strong></span> 
     </span>
    </p>
   </div>
   <div class='ocr_carea' id='block_1_38' title="bbox 760 2259 2294 2331">
    <p class='ocr_par' dir='ltr' id='par_1_38' title="bbox 760 2259 2294 2331">
     <span class='ocr_line' id='line_1_38' title="bbox 760 2259 2294 2331; baseline 0.005 -23"><span class='ocrx_word' id='word_1_269' title='bbox 760 2259 1116 2325; x_wconf 68' lang='lat' dir='ltr'><strong>paenitentiam</strong></span> <span class='ocrx_word' id='word_1_270' title='bbox 1146 2261 1489 2329; x_wconf 80' lang='lat' dir='ltr'><strong>excogitabit.</strong></span> <span class='ocrx_word' id='word_1_271' title='bbox 1526 2260 1629 2315; x_wconf 86' lang='lat' dir='ltr'><strong>Sed</strong></span> <span class='ocrx_word' id='word_1_272' title='bbox 1661 2263 1750 2330; x_wconf 87' lang='lat' dir='ltr'><strong>qui</strong></span> <span class='ocrx_word' id='word_1_273' title='bbox 1783 2270 1976 2331; x_wconf 89' lang='lat' dir='ltr'><strong>potens</strong></span> <span class='ocrx_word' id='word_1_274' title='bbox 2008 2270 2091 2317; x_wconf 84' lang='lat' dir='ltr'><strong>est</strong></span> <span class='ocrx_word' id='word_1_275' title='bbox 2116 2265 2167 2316; x_wconf 92' lang='lat' dir='ltr'><strong>in</strong></span> <span class='ocrx_word' id='word_1_276' title='bbox 2192 2263 2294 2316; x_wconf 89' lang='lat' dir='ltr'><strong>ini-</strong></span> 
     </span>
    </p>
   </div>
   <div class='ocr_carea' id='block_1_39' title="bbox 758 2346 2296 2421">
    <p class='ocr_par' dir='ltr' id='par_1_39' title="bbox 758 2346 2296 2421">
     <span class='ocr_line' id='line_1_39' title="bbox 758 2346 2296 2421; baseline 0.006 -25"><span class='ocrx_word' id='word_1_277' title='bbox 758 2346 988 2413; x_wconf 79' lang='lat' dir='ltr'><strong>quitate,</strong></span> <span class='ocrx_word' id='word_1_278' title='bbox 1019 2347 1071 2399; x_wconf 90' lang='lat' dir='ltr'><strong>in</strong></span> <span class='ocrx_word' id='word_1_279' title='bbox 1110 2347 1227 2416; x_wconf 87' lang='lat' dir='ltr'><strong>ipsa</strong></span> <span class='ocrx_word' id='word_1_280' title='bbox 1256 2350 1500 2417; x_wconf 88' lang='lat' dir='ltr'><strong>superbit</strong></span> <span class='ocrx_word' id='word_1_281' title='bbox 1529 2358 1583 2403; x_wconf 92' lang='lat' dir='ltr'><strong>et</strong></span> <span class='ocrx_word' id='word_1_282' title='bbox 1613 2350 1907 2419; x_wconf 78' lang='lat' dir='ltr'><strong>gloriatur,</strong></span> <span class='ocrx_word' id='word_1_283' title='bbox 1932 2359 1986 2406; x_wconf 90' lang='lat' dir='ltr'><strong>et</strong></span> <span class='ocrx_word' id='word_1_284' title='bbox 2011 2353 2166 2421; x_wconf 87' lang='lat' dir='ltr'><strong>quasi</strong></span> <span class='ocrx_word' id='word_1_285' title='bbox 2188 2367 2296 2405; x_wconf 88' lang='lat' dir='ltr'><strong>ma-</strong></span> 
     </span>
    </p>
   </div>
   <div class='ocr_carea' id='block_1_40' title="bbox 758 2436 2292 2505">
    <p class='ocr_par' dir='ltr' id='par_1_40' title="bbox 758 2436 2292 2505">
     <span class='ocr_line' id='line_1_40' title="bbox 758 2436 2292 2505; baseline 0.003 -17"><span class='ocrx_word' id='word_1_286' title='bbox 758 2450 860 2505; x_wconf 76' lang='lat' dir='ltr'><strong>gno</strong></span> <span class='ocrx_word' id='word_1_287' title='bbox 893 2436 1303 2492; x_wconf 84' lang='lat' dir='ltr'><strong>editofacinore</strong></span> <span class='ocrx_word' id='word_1_288' title='bbox 1323 2454 1443 2493; x_wconf 88' lang='lat' dir='ltr'><strong>sese</strong></span> <span class='ocrx_word' id='word_1_289' title='bbox 1483 2446 1735 2493; x_wconf 83' lang='lat' dir='ltr'><strong>ostentat.</strong></span> <span class='ocrx_word' id='word_1_290' title='bbox 1785 2440 1863 2495; x_wconf 82' lang='lat' dir='ltr'><strong>Ae</strong></span> <span class='ocrx_word' id='word_1_291' title='bbox 1904 2442 2113 2495; x_wconf 85' lang='lat' dir='ltr'><strong>videtur</strong></span> <span class='ocrx_word' id='word_1_292' title='bbox 2141 2439 2292 2503; x_wconf 89' lang='lat' dir='ltr'><strong>mibi,</strong></span> 
     </span>
    </p>
   </div>
   <div class='ocr_carea' id='block_1_41' title="bbox 759 2526 2296 2597">
    <p class='ocr_par' dir='ltr' id='par_1_41' title="bbox 759 2526 2296 2597">
     <span class='ocr_line' id='line_1_41' title="bbox 759 2526 2296 2597; baseline 0.004 -20"><span class='ocrx_word' id='word_1_293' title='bbox 759 2542 809 2579; x_wconf 75' lang='lat' dir='ltr'><strong>in</strong></span> <span class='ocrx_word' id='word_1_294' title='bbox 838 2526 1086 2594; x_wconf 55' lang='lat' dir='ltr'><strong>praesenti</strong></span> <span class='ocrx_word' id='word_1_295' title='bbox 1110 2543 1356 2583; x_wconf 90' lang='lat' dir='ltr'><strong>sermone</strong></span> <span class='ocrx_word' id='word_1_296' title='bbox 1383 2528 1711 2585; x_wconf 83' lang='lat' dir='ltr'><strong>contrarium</strong></span> <span class='ocrx_word' id='word_1_297' title='bbox 1738 2530 1968 2597; x_wconf 87' lang='lat' dir='ltr'><strong>describi</strong></span> <span class='ocrx_word' id='word_1_298' title='bbox 1995 2545 2217 2594; x_wconf 86' lang='lat' dir='ltr'><strong>morem,</strong></span> <span class='ocrx_word' id='word_1_299' title='bbox 2245 2531 2296 2585; x_wconf 91' lang='lat' dir='ltr'><strong>ei</strong></span> 
     </span>
    </p>
   </div>
   <div class='ocr_carea' id='block_1_42' title="bbox 759 2616 2297 2700">
    <p class='ocr_par' dir='ltr' id='par_1_42' title="bbox 759 2616 2297 2700">
     <span class='ocr_line' id='line_1_42' title="bbox 759 2616 2297 2700; baseline 0.006 -33"><span class='ocrx_word' id='word_1_300' title='bbox 759 2616 843 2682; x_wconf 82' lang='lat' dir='ltr'><strong>qui</strong></span> <span class='ocrx_word' id='word_1_301' title='bbox 876 2616 929 2668; x_wconf 92' lang='lat' dir='ltr'><strong>in</strong></span> <span class='ocrx_word' id='word_1_302' title='bbox 959 2617 1164 2684; x_wconf 89' lang='lat' dir='ltr'><strong>psalmo</strong></span> <span class='ocrx_word' id='word_1_303' title='bbox 1192 2633 1222 2670; x_wconf 86' lang='grc' dir='ltr'><strong>ι.</strong></span> <span class='ocrx_word' id='word_1_304' title='bbox 1250 2618 1318 2673; x_wconf 91' lang='lat' dir='ltr'><strong>de</strong></span> <span class='ocrx_word' id='word_1_305' title='bbox 1363 2619 1651 2676; x_wconf 88' lang='lat' dir='ltr'><strong>conﬁtente</strong></span> <span class='ocrx_word' id='word_1_306' title='bbox 1698 2621 2035 2700; x_wconf 84' lang='lat' dir='ltr'><strong>designatur.</strong></span> <span class='ocrx_word' id='word_1_307' title='bbox 2098 2619 2156 2678; x_wconf 88' lang='lat' dir='ltr'><strong>In</strong></span> <span class='ocrx_word' id='word_1_308' title='bbox 2204 2621 2297 2676; x_wconf 91' lang='lat' dir='ltr'><strong>illo</strong></span> 
     </span>
    </p>
   </div>
   <div class='ocr_carea' id='block_1_43' title="bbox 758 2696 2296 2785">
    <p class='ocr_par' dir='ltr' id='par_1_43' title="bbox 758 2696 2296 2785">
     <span class='ocr_line' id='line_1_43' title="bbox 758 2696 2296 2785; baseline 0.007 -24"><span class='ocrx_word' id='word_1_309' title='bbox 758 2722 984 2776; x_wconf 84' lang='lat' dir='ltr'><strong>namque</strong></span> <span class='ocrx_word' id='word_1_310' title='bbox 1030 2709 1122 2777; x_wconf 89' lang='lat' dir='ltr'><strong>qui</strong></span> <span class='ocrx_word' id='word_1_311' title='bbox 1167 2709 1335 2764; x_wconf 90' lang='lat' dir='ltr'><strong>semel</strong></span> <span class='ocrx_word' id='word_1_312' title='bbox 1380 2709 1436 2765; x_wconf 86' lang='lat' dir='ltr'><strong>in</strong></span> <span class='ocrx_word' id='word_1_313' title='bbox 1463 2707 1746 2767; x_wconf 76' lang='lat' dir='ltr'><strong>malitiam</strong></span> <span class='ocrx_word' id='word_1_314' title='bbox 1789 2696 1973 2785; x_wconf 80' lang='lat' dir='ltr'><strong>lapsus</strong></span> <span class='ocrx_word' id='word_1_315' title='bbox 2024 2720 2160 2781; x_wconf 87' lang='lat' dir='ltr'><strong>erat,</strong></span> <span class='ocrx_word' id='word_1_316' title='bbox 2194 2714 2296 2771; x_wconf 89' lang='lat' dir='ltr'><strong>ali-</strong></span> 
     </span>
    </p>
   </div>
   <div class='ocr_carea' id='block_1_44' title="bbox 758 2797 2297 2867">
    <p class='ocr_par' dir='ltr' id='par_1_44' title="bbox 758 2797 2297 2867">
     <span class='ocr_line' id='line_1_44' title="bbox 758 2797 2297 2867; baseline 0.006 -20"><span class='ocrx_word' id='word_1_317' title='bbox 758 2797 968 2865; x_wconf 85' lang='lat' dir='ltr'><strong>quando</strong></span> <span class='ocrx_word' id='word_1_318' title='bbox 1002 2797 1383 2867; x_wconf 86' lang='lat' dir='ltr'><strong>resipiseebat,</strong></span> <span class='ocrx_word' id='word_1_319' title='bbox 1416 2813 1479 2856; x_wconf 89' lang='lat' dir='ltr'><strong>ac</strong></span> <span class='ocrx_word' id='word_1_320' title='bbox 1508 2814 1627 2854; x_wconf 86' lang='lat' dir='ltr'><strong>sese</strong></span> <span class='ocrx_word' id='word_1_321' title='bbox 1674 2803 1979 2856; x_wconf 87' lang='lat' dir='ltr'><strong>macerabat</strong></span> <span class='ocrx_word' id='word_1_322' title='bbox 2006 2802 2058 2856; x_wconf 93' lang='lat' dir='ltr'><strong>in</strong></span> <span class='ocrx_word' id='word_1_323' title='bbox 2085 2802 2297 2857; x_wconf 83' lang='lat' dir='ltr'><strong>confes-</strong></span> 
     </span>
    </p>
   </div>
   <div class='ocr_carea' id='block_1_45' title="bbox 757 2886 2297 2967">
    <p class='ocr_par' dir='ltr' id='par_1_45' title="bbox 757 2886 2297 2967">
     <span class='ocr_line' id='line_1_45' title="bbox 757 2886 2297 2967; baseline 0.003 -26"><span class='ocrx_word' id='word_1_324' title='bbox 757 2889 927 2949; x_wconf 81' lang='lat' dir='ltr'><strong>sione,</strong></span> <span class='ocrx_word' id='word_1_325' title='bbox 980 2901 1184 2956; x_wconf 85' lang='lat' dir='ltr'><strong>suaqne</strong></span> <span class='ocrx_word' id='word_1_326' title='bbox 1225 2886 1375 2941; x_wconf 89' lang='lat' dir='ltr'><strong>mala</strong></span> <span class='ocrx_word' id='word_1_327' title='bbox 1427 2886 1677 2967; x_wconf 77' lang='lat' dir='ltr'><strong>deﬂebat.</strong></span> <span class='ocrx_word' id='word_1_328' title='bbox 1733 2891 1803 2943; x_wconf 82' lang='lat' dir='ltr'><strong>At</strong></span> <span class='ocrx_word' id='word_1_329' title='bbox 1832 2892 1879 2945; x_wconf 90' lang='lat' dir='ltr'><strong>ei</strong></span> <span class='ocrx_word' id='word_1_330' title='bbox 1906 2890 1972 2945; x_wconf 92' lang='lat' dir='ltr'><strong>de</strong></span> <span class='ocrx_word' id='word_1_331' title='bbox 2000 2906 2107 2960; x_wconf 89' lang='lat' dir='ltr'><strong>quo</strong></span> <span class='ocrx_word' id='word_1_332' title='bbox 2154 2909 2297 2949; x_wconf 86' lang='lat' dir='ltr'><strong>nunc</strong></span> 
     </span>
    </p>
   </div>
   <div class='ocr_carea' id='block_1_46' title="bbox 757 2980 1768 3051">
    <p class='ocr_par' dir='ltr' id='par_1_46' title="bbox 757 2980 1768 3051">
     <span class='ocr_line' id='line_1_46' title="bbox 757 2980 1768 3051; baseline 0.004 -19"><span class='ocrx_word' id='word_1_333' title='bbox 757 2993 952 3041; x_wconf 83' lang='lat' dir='ltr'><strong>sermo,</strong></span> <span class='ocrx_word' id='word_1_334' title='bbox 984 2981 1039 3032; x_wconf 91' lang='lat' dir='ltr'><strong>in</strong></span> <span class='ocrx_word' id='word_1_335' title='bbox 1065 2980 1267 3034; x_wconf 83' lang='lat' dir='ltr'><strong>malitia</strong></span> <span class='ocrx_word' id='word_1_336' title='bbox 1291 2981 1502 3051; x_wconf 75' lang='lat' dir='ltr'><strong>degenti</strong></span> <span class='ocrx_word' id='word_1_337' title='bbox 1524 2981 1725 3036; x_wconf 85' lang='lat' dir='ltr'><strong>dicitur</strong></span> <span class='ocrx_word' id='word_1_338' title='bbox 1755 3000 1768 3036; x_wconf 93' lang='lat'><strong>:</strong></span> 
     </span>
    </p>
   </div>
   <div class='ocr_carea' id='block_1_47' title="bbox 827 3068 2296 3138">
    <p class='ocr_par' dir='ltr' id='par_1_47' title="bbox 827 3068 2296 3138">
     <span class='ocr_line' id='line_1_47' title="bbox 827 3068 2296 3138; baseline 0.005 -17"><span class='ocrx_word' id='word_1_339' title='bbox 827 3068 984 3124; x_wconf 72' lang='lat' dir='ltr'><strong>Vens.</strong></span> <span class='ocrx_word' id='word_1_340' title='bbox 1052 3070 1160 3125; x_wconf 87' lang='lat'><strong>7-9.</strong></span> <span class='ocrx_word' id='word_1_341' title='bbox 1222 3070 1292 3124; x_wconf 88' lang='lat' dir='ltr'><strong>Et</strong></span> <span class='ocrx_word' id='word_1_342' title='bbox 1353 3074 1529 3130; x_wconf 77' lang='lat' dir='ltr'><strong>eradet</strong></span> <span class='ocrx_word' id='word_1_343' title='bbox 1582 3081 1628 3125; x_wconf 84' lang='lat' dir='ltr'><strong>te</strong></span> <span class='ocrx_word' id='word_1_344' title='bbox 1675 3071 1760 3137; x_wconf 52' lang='lat' dir='ltr'><strong>de,</strong></span> <span class='ocrx_word' id='word_1_345' title='bbox 1795 3072 2125 3129; x_wconf 71' lang='lat' dir='ltr'><strong>tabernaculo</strong></span> <span class='ocrx_word' id='word_1_346' title='bbox 2187 3084 2296 3138; x_wconf 83' lang='lat' dir='ltr'><strong>tuo,</strong></span> 
     </span>
    </p>
   </div>
   <div class='ocr_carea' id='block_1_48' title="bbox 2395 1983 3902 2056">
    <p class='ocr_par' dir='ltr' id='par_1_48' title="bbox 2395 1983 3902 2056">
     <span class='ocr_line' id='line_1_48' title="bbox 2395 1983 3902 2056; baseline -0.003 -18"><span class='ocrx_word' id='word_1_347' title='bbox 2395 1986 2452 2038; x_wconf 82' lang='grc' dir='ltr'><strong>ὲν</strong></span> <span class='ocrx_word' id='word_1_348' title='bbox 2483 1985 2664 2055; x_wconf 80' lang='grc' dir='ltr'><strong>κακίᾳ,</strong></span> <span class='ocrx_word' id='word_1_349' title='bbox 2691 1983 3046 2052; x_wconf 76' lang='grc' dir='ltr'><strong>ὲγκαλύψεται</strong></span> <span class='ocrx_word' id='word_1_350' title='bbox 3073 1985 3411 2053; x_wconf 81' lang='grc' dir='ltr'><strong>ἁμαρτάνων,</strong></span> <span class='ocrx_word' id='word_1_351' title='bbox 3443 1987 3533 2051; x_wconf 73' lang='grc' dir='ltr'><strong>καὶ</strong></span> <span class='ocrx_word' id='word_1_352' title='bbox 3558 1987 3665 2039; x_wconf 79' lang='grc' dir='ltr'><strong>ὑπὸ</strong></span> <span class='ocrx_word' id='word_1_353' title='bbox 3693 1987 3788 2056; x_wconf 79' lang='grc' dir='ltr'><strong>τῆς</strong></span> <span class='ocrx_word' id='word_1_354' title='bbox 3813 2003 3902 2038; x_wconf 67' lang='grc' dir='ltr'><strong>σονς</strong></span> 
     </span>
    </p>
   </div>
   <div class='ocr_carea' id='block_1_49' title="bbox 2394 2075 3907 2146">
    <p class='ocr_par' dir='ltr' id='par_1_49' title="bbox 2394 2075 3907 2146">
     <span class='ocr_line' id='line_1_49' title="bbox 2394 2075 3907 2146; baseline 0 -19"><span class='ocrx_word' id='word_1_355' title='bbox 2394 2075 2646 2146; x_wconf 85' lang='grc' dir='ltr'><strong>ειδήσεως</strong></span> <span class='ocrx_word' id='word_1_356' title='bbox 2698 2076 3079 2146; x_wconf 80' lang='grc' dir='ltr'><strong>κεντούμενος,</strong></span> <span class='ocrx_word' id='word_1_357' title='bbox 3135 2078 3507 2145; x_wconf 84' lang='grc' dir='ltr'><strong>μετανοήσειεν</strong></span> <span class='ocrx_word' id='word_1_358' title='bbox 3556 2077 3656 2139; x_wconf 75' lang='grc' dir='ltr'><strong>ἂν,</strong></span> <span class='ocrx_word' id='word_1_359' title='bbox 3702 2079 3793 2131; x_wconf 69' lang='grc' dir='ltr'><strong>καὶ</strong></span> <span class='ocrx_word' id='word_1_360' title='bbox 3832 2076 3907 2145; x_wconf 62' lang='grc' dir='ltr'><strong>τῆς</strong></span> 
     </span>
    </p>
   </div>
   <div class='ocr_carea' id='block_1_50' title="bbox 2395 2163 3903 2236">
    <p class='ocr_par' dir='ltr' id='par_1_50' title="bbox 2395 2163 3903 2236">
     <span class='ocr_line' id='line_1_50' title="bbox 2395 2163 3903 2236; baseline -0.001 -19"><span class='ocrx_word' id='word_1_361' title='bbox 2395 2163 2582 2218; x_wconf 77' lang='grc' dir='ltr'><strong>ἑαυτοῦ</strong></span> <span class='ocrx_word' id='word_1_362' title='bbox 2620 2165 2810 2228; x_wconf 87' lang='grc' dir='ltr'><strong>κακίας</strong></span> <span class='ocrx_word' id='word_1_363' title='bbox 2841 2166 3204 2236; x_wconf 83' lang='grc' dir='ltr'><strong>περινοήσειεν</strong></span> <span class='ocrx_word' id='word_1_364' title='bbox 3235 2165 3408 2235; x_wconf 78' lang='grc' dir='ltr'><strong>ἑαυτῷ</strong></span> <span class='ocrx_word' id='word_1_365' title='bbox 3438 2164 3723 2236; x_wconf 80' lang='grc' dir='ltr'><strong>φάρμακον</strong></span> <span class='ocrx_word' id='word_1_366' title='bbox 3751 2167 3811 2218; x_wconf 80' lang='grc' dir='ltr'><strong>δι’</strong></span> <span class='ocrx_word' id='word_1_367' title='bbox 3840 2164 3903 2228; x_wconf 78' lang='grc' dir='ltr'><strong>ὲξο</strong></span> 
     </span>
    </p>
   </div>
   <div class='ocr_carea' id='block_1_51' title="bbox 2395 2253 3907 2333">
    <p class='ocr_par' dir='ltr' id='par_1_51' title="bbox 2395 2253 3907 2333">
     <span class='ocr_line' id='line_1_51' title="bbox 2395 2253 3907 2333; baseline -0.002 -24"><span class='ocrx_word' id='word_1_368' title='bbox 2395 2254 2759 2325; x_wconf 84' lang='grc' dir='ltr'><strong>ομολογήσεως</strong></span> <span class='ocrx_word' id='word_1_369' title='bbox 2909 2254 3223 2325; x_wconf 76' lang='grc' dir='ltr'><strong>εἰλικρινοῦς</strong></span> <span class='ocrx_word' id='word_1_370' title='bbox 3245 2253 3525 2324; x_wconf 80' lang='grc' dir='ltr'><strong>μετανοίας</strong></span> <span class='ocrx_word' id='word_1_371' title='bbox 3543 2270 3558 2285; x_wconf 73' lang='grc'><strong>⁸</strong></span> <span class='ocrx_word' id='word_1_372' title='bbox 3580 2257 3612 2307; x_wconf 98' lang='lat'><strong>6</strong></span> <span class='ocrx_word' id='word_1_373' title='bbox 3632 2255 3691 2307; x_wconf 77' lang='grc' dir='ltr'><strong>δὲ</strong></span> <span class='ocrx_word' id='word_1_374' title='bbox 3720 2256 3907 2309; x_wconf 71' lang='grc' dir='ltr'><strong>δυνατὸς</strong></span> 
     </span>
    </p>
   </div>
   <div class='ocr_carea' id='block_1_52' title="bbox 2396 2344 3907 2416">
    <p class='ocr_par' dir='ltr' id='par_1_52' title="bbox 2396 2344 3907 2416">
     <span class='ocr_line' id='line_1_52' title="bbox 2396 2344 3907 2416; baseline -0.001 -19"><span class='ocrx_word' id='word_1_375' title='bbox 2396 2346 2453 2398; x_wconf 74' lang='grc' dir='ltr'><strong>ὲν</strong></span> <span class='ocrx_word' id='word_1_376' title='bbox 2480 2344 2645 2415; x_wconf 80' lang='grc' dir='ltr'>κακίᾳ</span> <span class='ocrx_word' id='word_1_377' title='bbox 2665 2344 2919 2412; x_wconf 82' lang='grc' dir='ltr'><strong>τυφοῦται</strong></span> <span class='ocrx_word' id='word_1_378' title='bbox 2950 2346 3035 2396; x_wconf 70' lang='grc' dir='ltr'><strong>ἐπ’</strong></span> <span class='ocrx_word' id='word_1_379' title='bbox 3060 2345 3217 2416; x_wconf 75' lang='grc' dir='ltr'><strong>αὐτῇ,</strong></span> <span class='ocrx_word' id='word_1_380' title='bbox 3246 2345 3337 2398; x_wconf 82' lang='grc' dir='ltr'><strong>καὶ</strong></span> <span class='ocrx_word' id='word_1_381' title='bbox 3366 2345 3721 2414; x_wconf 79' lang='grc' dir='ltr'><strong>ὲγκαυχᾶται,</strong></span> <span class='ocrx_word' id='word_1_382' title='bbox 3747 2345 3816 2407; x_wconf 80' lang='grc' dir='ltr'><strong>ὡς</strong></span> <span class='ocrx_word' id='word_1_383' title='bbox 3841 2346 3907 2396; x_wconf 56' lang='grc' dir='ltr'><strong>ἐπὶ</strong></span> 
     </span>
    </p>
   </div>
   <div class='ocr_carea' id='block_1_53' title="bbox 2399 2434 3918 2507">
    <p class='ocr_par' dir='ltr' id='par_1_53' title="bbox 2399 2434 3918 2507">
     <span class='ocr_line' id='line_1_53' title="bbox 2399 2434 3918 2507; baseline 0 -19"><span class='ocrx_word' id='word_1_384' title='bbox 2399 2436 2615 2507; x_wconf 77' lang='grc' dir='ltr'><strong>μεγάλῳ</strong></span> <span class='ocrx_word' id='word_1_385' title='bbox 2646 2435 3019 2507; x_wconf 84' lang='grc' dir='ltr'><strong>κατορθώματι</strong></span> <span class='ocrx_word' id='word_1_386' title='bbox 3067 2436 3471 2507; x_wconf 81' lang='grc' dir='ltr'><strong>σεμνυνόμενος.</strong></span> <span class='ocrx_word' id='word_1_387' title='bbox 3518 2435 3628 2489; x_wconf 80' lang='grc' dir='ltr'><strong>Καί</strong></span> <span class='ocrx_word' id='word_1_388' title='bbox 3669 2453 3756 2507; x_wconf 87' lang='grc' dir='ltr'><strong>μοι</strong></span> <span class='ocrx_word' id='word_1_389' title='bbox 3794 2434 3918 2489; x_wconf 71' lang='grc' dir='ltr'><strong>δοκεῖ</strong></span> 
     </span>
    </p>
   </div>
   <div class='ocr_carea' id='block_1_54' title="bbox 2395 2525 3907 2598">
    <p class='ocr_par' dir='ltr' id='par_1_54' title="bbox 2395 2525 3907 2598">
     <span class='ocr_line' id='line_1_54' title="bbox 2395 2525 3907 2598; baseline 0.001 -20"><span class='ocrx_word' id='word_1_390' title='bbox 2395 2525 2487 2578; x_wconf 84' lang='grc' dir='ltr'><strong>τὸν</strong></span> <span class='ocrx_word' id='word_1_391' title='bbox 2532 2525 2768 2579; x_wconf 71' lang='grc' dir='ltr'><strong>ἐναντίον</strong></span> <span class='ocrx_word' id='word_1_392' title='bbox 2800 2527 3002 2597; x_wconf 77' lang='grc' dir='ltr'><strong>τρόπον</strong></span> <span class='ocrx_word' id='word_1_393' title='bbox 3043 2525 3354 2597; x_wconf 78' lang='grc' dir='ltr'><strong>διαγράφειν</strong></span> <span class='ocrx_word' id='word_1_394' title='bbox 3389 2528 3417 2577; x_wconf 93' lang='lat'><strong>6</strong></span> <span class='ocrx_word' id='word_1_395' title='bbox 3449 2525 3639 2598; x_wconf 86' lang='grc' dir='ltr'><strong>παρὼν</strong></span> <span class='ocrx_word' id='word_1_396' title='bbox 3678 2527 3825 2593; x_wconf 77' lang='grc' dir='ltr'><strong>λόγος</strong></span> <span class='ocrx_word' id='word_1_397' title='bbox 3851 2529 3907 2595; x_wconf 59' lang='grc' dir='ltr'><strong>τῇ</strong></span> 
     </span>
    </p>
   </div>
   <div class='ocr_carea' id='block_1_55' title="bbox 2398 2614 3908 2689">
    <p class='ocr_par' dir='ltr' id='par_1_55' title="bbox 2398 2614 3908 2689">
     <span class='ocr_line' id='line_1_55' title="bbox 2398 2614 3908 2689; baseline 0 -21"><span class='ocrx_word' id='word_1_398' title='bbox 2398 2614 3006 2689; x_wconf 82' lang='grc' dir='ltr'><strong>προεξομολογησαμένῳ</strong></span> <span class='ocrx_word' id='word_1_399' title='bbox 3037 2618 3095 2670; x_wconf 78' lang='grc' dir='ltr'><strong>ὲν</strong></span> <span class='ocrx_word' id='word_1_400' title='bbox 3118 2616 3194 2686; x_wconf 84' lang='grc' dir='ltr'><strong>τῷ</strong></span> <span class='ocrx_word' id='word_1_401' title='bbox 3225 2624 3264 2671; x_wconf 85' lang='grc' dir='ltr'><strong>ν’</strong></span> <span class='ocrx_word' id='word_1_402' title='bbox 3295 2615 3507 2687; x_wconf 69' lang='grc' dir='ltr'><strong>ψαλμῷ.</strong></span> <span class='ocrx_word' id='word_1_403' title='bbox 3525 2616 3612 2669; x_wconf 86' lang='lat' dir='ltr'><strong>&#39;Ev</strong></span> <span class='ocrx_word' id='word_1_404' title='bbox 3639 2617 3821 2686; x_wconf 75' lang='grc' dir='ltr'><strong>ἐκείνῳ</strong></span> <span class='ocrx_word' id='word_1_405' title='bbox 3837 2618 3908 2686; x_wconf 58' lang='grc' dir='ltr'><strong>μὲι</strong></span> 
     </span>
    </p>
   </div>
   <div class='ocr_carea' id='block_1_56' title="bbox 2396 2705 3901 2783">
    <p class='ocr_par' dir='ltr' id='par_1_56' title="bbox 2396 2705 3901 2783">
     <span class='ocr_line' id='line_1_56' title="bbox 2396 2705 3901 2783; baseline 0.001 -23"><span class='ocrx_word' id='word_1_406' title='bbox 2396 2707 2503 2777; x_wconf 80' lang='grc' dir='ltr'><strong>γὰρ</strong></span> <span class='ocrx_word' id='word_1_407' title='bbox 2543 2705 2825 2776; x_wconf 85' lang='grc' dir='ltr'><strong>ὀλισθήσας</strong></span> <span class='ocrx_word' id='word_1_408' title='bbox 2872 2710 2930 2763; x_wconf 81' lang='grc' dir='ltr'><strong>ὲν</strong></span> <span class='ocrx_word' id='word_1_409' title='bbox 2978 2708 3145 2783; x_wconf 87' lang='grc' dir='ltr'><strong>κακίᾳ</strong></span> <span class='ocrx_word' id='word_1_410' title='bbox 3185 2707 3347 2775; x_wconf 75' lang='grc' dir='ltr'><strong>ἅπαξ,</strong></span> <span class='ocrx_word' id='word_1_411' title='bbox 3385 2707 3514 2760; x_wconf 72' lang='grc' dir='ltr'><strong>ποτὲ</strong></span> <span class='ocrx_word' id='word_1_412' title='bbox 3558 2706 3901 2777; x_wconf 75' lang='grc' dir='ltr'><strong>μετεγίνωσκε</strong></span> 
     </span>
    </p>
   </div>
   <div class='ocr_carea' id='block_1_57' title="bbox 2397 2798 3910 2871">
    <p class='ocr_par' dir='ltr' id='par_1_57' title="bbox 2397 2798 3910 2871">
     <span class='ocr_line' id='line_1_57' title="bbox 2397 2798 3910 2871; baseline -0.001 -19"><span class='ocrx_word' id='word_1_413' title='bbox 2397 2801 2489 2852; x_wconf 75' lang='grc' dir='ltr'><strong>καὶ</strong></span> <span class='ocrx_word' id='word_1_414' title='bbox 2515 2800 2699 2852; x_wconf 76' lang='grc' dir='ltr'><strong>ἑαυτὸν</strong></span> <span class='ocrx_word' id='word_1_415' title='bbox 2729 2799 2954 2855; x_wconf 71' lang='grc' dir='ltr'><strong>ἔκοπτεν</strong></span> <span class='ocrx_word' id='word_1_416' title='bbox 2983 2798 3475 2871; x_wconf 72' lang='grc' dir='ltr'><strong>ἐξομολογούμενος,</strong></span> <span class='ocrx_word' id='word_1_417' title='bbox 3518 2799 3611 2852; x_wconf 79' lang='grc' dir='ltr'><strong>καὶ</strong></span> <span class='ocrx_word' id='word_1_418' title='bbox 3653 2799 3723 2853; x_wconf 82' lang='grc' dir='ltr'><strong>τὰ</strong></span> <span class='ocrx_word' id='word_1_419' title='bbox 3753 2799 3910 2852; x_wconf 71' lang='grc' dir='ltr'><strong>ἑαυωῖ</strong></span> 
     </span>
    </p>
   </div>
   <div class='ocr_carea' id='block_1_58' title="bbox 2398 2886 3925 2960">
    <p class='ocr_par' dir='ltr' id='par_1_58' title="bbox 2398 2886 3925 2960">
     <span class='ocr_line' id='line_1_58' title="bbox 2398 2886 3925 2960; baseline 0.001 -19"><span class='ocrx_word' id='word_1_420' title='bbox 2398 2890 2540 2941; x_wconf 83' lang='grc' dir='ltr'><strong>κακὰ</strong></span> <span class='ocrx_word' id='word_1_421' title='bbox 2572 2888 2969 2958; x_wconf 83' lang='grc' dir='ltr'><strong>άποκλαόμενος</strong></span> <span class='ocrx_word' id='word_1_422' title='bbox 2998 2888 3147 2959; x_wconf 75' lang='lat' dir='ltr'><strong>(sic)&#39;</strong></span> <span class='ocrx_word' id='word_1_423' title='bbox 3177 2890 3205 2941; x_wconf 90' lang='lat'><strong>6</strong></span> <span class='ocrx_word' id='word_1_424' title='bbox 3244 2888 3301 2943; x_wconf 72' lang='grc' dir='ltr'><strong>δὲ</strong></span> <span class='ocrx_word' id='word_1_425' title='bbox 3336 2886 3522 2959; x_wconf 85' lang='grc' dir='ltr'><strong>παρὼν</strong></span> <span class='ocrx_word' id='word_1_426' title='bbox 3564 2890 3624 2941; x_wconf 78' lang='grc' dir='ltr'><strong>ὲν</strong></span> <span class='ocrx_word' id='word_1_427' title='bbox 3675 2889 3833 2960; x_wconf 80' lang='grc' dir='ltr'><strong>κακίᾳ</strong></span> <span class='ocrx_word' id='word_1_428' title='bbox 3858 2890 3925 2943; x_wconf 65' lang='grc' dir='ltr'><strong>ὢν</strong></span> 
     </span>
    </p>
   </div>
   <div class='ocr_carea' id='block_1_59' title="bbox 2398 2993 2721 3048">
    <p class='ocr_par' dir='ltr' id='par_1_59' title="bbox 2398 2993 2721 3048">
     <span class='ocr_line' id='line_1_59' title="bbox 2398 2993 2721 3048; baseline 0.006 -2"><span class='ocrx_word' id='word_1_429' title='bbox 2398 2993 2563 3048; x_wconf 72' lang='grc' dir='ltr'><strong>φησι·</strong></span> <span class='ocrx_word' id='word_1_430' title='bbox 2720 3018 2721 3021; x_wconf 79' lang='lat'>~</span> 
     </span>
    </p>
   </div>
   <div class='ocr_carea' id='block_1_60' title="bbox 2466 3068 3901 3138">
    <p class='ocr_par' dir='ltr' id='par_1_60' title="bbox 2466 3068 3901 3138">
     <span class='ocr_line' id='line_1_60' title="bbox 2466 3068 3901 3138; baseline 0.002 -17"><span class='ocrx_word' id='word_1_431' title='bbox 2466 3070 2575 3122; x_wconf 78' lang='lat' dir='ltr'><strong>Kal</strong></span> <span class='ocrx_word' id='word_1_432' title='bbox 2641 3068 2931 3137; x_wconf 63' lang='lat' dir='ltr'><strong>dgto£daet</strong></span> <span class='ocrx_word' id='word_1_433' title='bbox 2980 3083 3054 3122; x_wconf 79' lang='grc' dir='ltr'><strong>σε</strong></span> <span class='ocrx_word' id='word_1_434' title='bbox 3117 3068 3235 3130; x_wconf 74' lang='grc' dir='ltr'><strong>ἀπὸ</strong></span> <span class='ocrx_word' id='word_1_435' title='bbox 3271 3069 3380 3137; x_wconf 81' lang='grc' dir='ltr'><strong>τῆς</strong></span> <span class='ocrx_word' id='word_1_436' title='bbox 3431 3069 3691 3138; x_wconf 79' lang='grc' dir='ltr'><strong>σκηνῆς,</strong></span> <span class='ocrx_word' id='word_1_437' title='bbox 3727 3070 3901 3124; x_wconf 74' lang='grc' dir='ltr'><strong>καιὲκ</strong></span> 
     </span>
    </p>
   </div>
   <div class='ocr_carea' id='block_1_61' title="bbox 758 3158 2293 3231">
    <p class='ocr_par' dir='ltr' id='par_1_61' title="bbox 758 3160 2293 3229">
     <span class='ocr_line' id='line_1_61' title="bbox 758 3160 2293 3229; baseline 0.003 -15"><span class='ocrx_word' id='word_1_438' title='bbox 758 3170 800 3214; x_wconf 80' lang='grc' dir='ltr'><strong>ει</strong></span> <span class='ocrx_word' id='word_1_439' title='bbox 830 3160 1112 3214; x_wconf 79' lang='lat' dir='ltr'><strong>eradicabit</strong></span> <span class='ocrx_word' id='word_1_440' title='bbox 1168 3171 1216 3215; x_wconf 89' lang='lat' dir='ltr'><strong>te</strong></span> <span class='ocrx_word' id='word_1_441' title='bbox 1246 3164 1308 3215; x_wconf 87' lang='lat' dir='ltr'><strong>de</strong></span> <span class='ocrx_word' id='word_1_442' title='bbox 1347 3171 1486 3219; x_wconf 82' lang='lat' dir='ltr'><strong>terra</strong></span> <span class='ocrx_word' id='word_1_443' title='bbox 1526 3165 1797 3218; x_wconf 78' lang='lat' dir='ltr'><strong>viventium</strong></span> <span class='ocrx_word' id='word_1_444' title='bbox 1843 3167 1899 3218; x_wconf 79' lang='lat' dir='ltr'><strong>in</strong></span> <span class='ocrx_word' id='word_1_445' title='bbox 1927 3174 2205 3229; x_wconf 72' lang='lat' dir='ltr'><strong>wternum;</strong></span> <span class='ocrx_word' id='word_1_446' title='bbox 2243 3175 2293 3219; x_wconf 90' lang='lat' dir='ltr'><strong>ut</strong></span> 
     </span>
    </p>
   </div>
   <div class='ocr_carea' id='block_1_62' title="bbox 2393 3158 3911 3231">
    <p class='ocr_par' dir='ltr' id='par_1_62' title="bbox 2393 3158 3911 3231">
     <span class='ocr_line' id='line_1_62' title="bbox 2393 3158 3911 3231; baseline 0.001 -19"><span class='ocrx_word' id='word_1_447' title='bbox 2393 3158 2617 3228; x_wconf 76' lang='grc' dir='ltr'><strong>ριζώσει</strong></span> <span class='ocrx_word' id='word_1_448' title='bbox 2642 3170 2716 3213; x_wconf 80' lang='grc' dir='ltr'><strong>σε</strong></span> <span class='ocrx_word' id='word_1_449' title='bbox 2753 3161 2821 3214; x_wconf 81' lang='grc' dir='ltr'><strong>ἐκ</strong></span> <span class='ocrx_word' id='word_1_450' title='bbox 2854 3158 2965 3228; x_wconf 72' lang='grc' dir='ltr'><strong>γῆς</strong></span> <span class='ocrx_word' id='word_1_451' title='bbox 3004 3158 3229 3220; x_wconf 78' lang='grc' dir='ltr'><em>ζώντων</em></span> <span class='ocrx_word' id='word_1_452' title='bbox 3252 3161 3461 3213; x_wconf 73' lang='lat' dir='ltr'><strong>eldasi&#39;.</strong></span> <span class='ocrx_word' id='word_1_453' title='bbox 3483 3160 3569 3215; x_wconf 90' lang='grc' dir='ltr'><strong>ῖνα</strong></span> <span class='ocrx_word' id='word_1_454' title='bbox 3597 3161 3795 3222; x_wconf 81' lang='grc' dir='ltr'><strong>δίκαιοι</strong></span> <span class='ocrx_word' id='word_1_455' title='bbox 3820 3162 3911 3231; x_wconf 64' lang='grc' dir='ltr'><strong>βλέ-</strong></span> 
     </span>
    </p>
   </div>
   <div class='ocr_carea' id='block_1_63' title="bbox 758 3252 2297 3328">
    <p class='ocr_par' dir='ltr' id='par_1_63' title="bbox 758 3252 2297 3328">
     <span class='ocr_line' id='line_1_63' title="bbox 758 3252 2297 3328; baseline 0.006 -28"><span class='ocrx_word' id='word_1_456' title='bbox 758 3252 999 3308; x_wconf 77' lang='lat' dir='ltr'><strong>videntes</strong></span> <span class='ocrx_word' id='word_1_457' title='bbox 1043 3253 1177 3322; x_wconf 91' lang='lat' dir='ltr'><strong>justi</strong></span> <span class='ocrx_word' id='word_1_458' title='bbox 1259 3270 1470 3325; x_wconf 85' lang='lat' dir='ltr'><strong>semper</strong></span> <span class='ocrx_word' id='word_1_459' title='bbox 1516 3257 1773 3321; x_wconf 88' lang='lat' dir='ltr'><strong>timeant,</strong></span> <span class='ocrx_word' id='word_1_460' title='bbox 1824 3259 2105 3328; x_wconf 90' lang='lat' dir='ltr'><strong>ipsumque</strong></span> <span class='ocrx_word' id='word_1_461' title='bbox 2155 3258 2297 3311; x_wconf 88' lang='lat' dir='ltr'><strong>deri-</strong></span> 
     </span>
    </p>
   </div>
   <div class='ocr_carea' id='block_1_64' title="bbox 758 3341 2296 3417">
    <p class='ocr_par' dir='ltr' id='par_1_64' title="bbox 758 3341 2296 3417">
     <span class='ocr_line' id='line_1_64' title="bbox 758 3341 2296 3417; baseline 0.003 -23"><span class='ocrx_word' id='word_1_462' title='bbox 758 3341 945 3405; x_wconf 85' lang='lat' dir='ltr'><strong>deant,</strong></span> <span class='ocrx_word' id='word_1_463' title='bbox 982 3357 1043 3397; x_wconf 91' lang='lat' dir='ltr'><strong>ac</strong></span> <span class='ocrx_word' id='word_1_464' title='bbox 1077 3345 1256 3397; x_wconf 87' lang='lat' dir='ltr'><strong>dicant</strong></span> <span class='ocrx_word' id='word_1_465' title='bbox 1288 3364 1301 3399; x_wconf 92' lang='lat'>:</span> <span class='ocrx_word' id='word_1_466' title='bbox 1338 3344 1470 3401; x_wconf 81' lang='lat' dir='ltr'><strong>Ecce</strong></span> <span class='ocrx_word' id='word_1_467' title='bbox 1497 3347 1669 3411; x_wconf 84' lang='lat' dir='ltr'><strong>homo,</strong></span> <span class='ocrx_word' id='word_1_468' title='bbox 1692 3347 1781 3417; x_wconf 75' lang='lat' dir='ltr'><strong>qui</strong></span> <span class='ocrx_word' id='word_1_469' title='bbox 1805 3364 1907 3400; x_wconf 80' lang='lat' dir='ltr'><strong>non</strong></span> <span class='ocrx_word' id='word_1_470' title='bbox 1933 3349 2102 3415; x_wconf 81' lang='lat' dir='ltr'><strong>posuit</strong></span> <span class='ocrx_word' id='word_1_471' title='bbox 2133 3346 2296 3399; x_wconf 85' lang='lat' dir='ltr'><strong>Deum</strong></span> 
     </span>
    </p>
   </div>
   <div class='ocr_carea' id='block_1_65' title="bbox 758 3438 2298 3507">
    <p class='ocr_par' dir='ltr' id='par_1_65' title="bbox 758 3438 2298 3507">
     <span class='ocr_line' id='line_1_65' title="bbox 758 3438 2298 3507; baseline 0.004 -20"><span class='ocrx_word' id='word_1_472' title='bbox 758 3438 991 3489; x_wconf 77' lang='lat' dir='ltr'><strong>uirtutem</strong></span> <span class='ocrx_word' id='word_1_473' title='bbox 1019 3454 1201 3503; x_wconf 85' lang='lat' dir='ltr'><strong>suam,</strong></span> <span class='ocrx_word' id='word_1_474' title='bbox 1249 3440 1353 3493; x_wconf 62' lang='lat' dir='ltr'><strong>sed</strong></span> <span class='ocrx_word' id='word_1_475' title='bbox 1382 3444 1604 3507; x_wconf 75' lang='lat' dir='ltr'><strong>speravit</strong></span> <span class='ocrx_word' id='word_1_476' title='bbox 1654 3441 1707 3493; x_wconf 80' lang='lat' dir='ltr'><strong>in</strong></span> <span class='ocrx_word' id='word_1_477' title='bbox 1734 3439 2060 3493; x_wconf 80' lang='lat' dir='ltr'><strong>multitudine</strong></span> <span class='ocrx_word' id='word_1_478' title='bbox 2086 3439 2298 3493; x_wconf 77' lang='lat' dir='ltr'><strong>divitia-</strong></span> 
     </span>
    </p>
   </div>
   <div class='ocr_carea' id='block_1_66' title="bbox 758 3512 2299 3597">
    <p class='ocr_par' dir='ltr' id='par_1_66' title="bbox 758 3512 2299 3597">
     <span class='ocr_line' id='line_1_66' title="bbox 758 3512 2299 3597; baseline 0.005 -19"><span class='ocrx_word' id='word_1_479' title='bbox 758 3543 872 3578; x_wconf 80' lang='lat' dir='ltr'><strong>rum</strong></span> <span class='ocrx_word' id='word_1_480' title='bbox 919 3512 1155 3590; x_wconf 81' lang='lat' dir='ltr'><strong>suarum,</strong></span> <span class='ocrx_word' id='word_1_481' title='bbox 1201 3530 1554 3597; x_wconf 70' lang='lat' dir='ltr'><strong>et‘praevaluit</strong></span> <span class='ocrx_word' id='word_1_482' title='bbox 1601 3531 1656 3587; x_wconf 72' lang='lat' dir='ltr'><strong>in</strong></span> <span class='ocrx_word' id='word_1_483' title='bbox 1702 3530 2001 3585; x_wconf 79' lang='lat' dir='ltr'><strong>calamitate</strong></span> <span class='ocrx_word' id='word_1_484' title='bbox 2028 3546 2143 3587; x_wconf 79' lang='lat' dir='ltr'><strong>sua.</strong></span> <span class='ocrx_word' id='word_1_485' title='bbox 2178 3529 2299 3585; x_wconf 62' lang='lat' dir='ltr'><strong>Haec</strong></span> 
     </span>
    </p>
   </div>
   <div class='ocr_carea' id='block_1_67' title="bbox 757 3619 2296 3693">
    <p class='ocr_par' dir='ltr' id='par_1_67' title="bbox 757 3619 2296 3693">
     <span class='ocr_line' id='line_1_67' title="bbox 757 3619 2296 3693; baseline 0.004 -24"><span class='ocrx_word' id='word_1_486' title='bbox 757 3632 916 3691; x_wconf 85' lang='lat' dir='ltr'><strong>porro</strong></span> <span class='ocrx_word' id='word_1_487' title='bbox 942 3619 1096 3688; x_wconf 90' lang='lat' dir='ltr'><strong>quasi</strong></span> <span class='ocrx_word' id='word_1_488' title='bbox 1126 3619 1193 3672; x_wconf 93' lang='lat' dir='ltr'><strong>de</strong></span> <span class='ocrx_word' id='word_1_489' title='bbox 1222 3619 1362 3674; x_wconf 89' lang='lat' dir='ltr'><strong>Doec</strong></span> <span class='ocrx_word' id='word_1_490' title='bbox 1392 3620 1532 3674; x_wconf 81' lang='lat' dir='ltr'><strong>dicta</strong></span> <span class='ocrx_word' id='word_1_491' title='bbox 1560 3631 1705 3684; x_wconf 89' lang='lat' dir='ltr'><strong>sunt,</strong></span> <span class='ocrx_word' id='word_1_492' title='bbox 1736 3622 1827 3691; x_wconf 90' lang='lat' dir='ltr'><strong>qui</strong></span> <span class='ocrx_word' id='word_1_493' title='bbox 1859 3622 2051 3693; x_wconf 82' lang='lat' dir='ltr'><strong>genere</strong></span> <span class='ocrx_word' id='word_1_494' title='bbox 2083 3622 2296 3691; x_wconf 89' lang='lat' dir='ltr'><strong>quidem</strong></span> 
     </span>
    </p>
   </div>
   <div class='ocr_carea' id='block_1_68' title="bbox 759 3706 2298 3777">
    <p class='ocr_par' dir='ltr' id='par_1_68' title="bbox 759 3706 2298 3777">
     <span class='ocr_line' id='line_1_68' title="bbox 759 3706 2298 3777; baseline 0.003 -17"><span class='ocrx_word' id='word_1_495' title='bbox 759 3706 928 3777; x_wconf 85' lang='lat' dir='ltr'><strong>Syrus</strong></span> <span class='ocrx_word' id='word_1_496' title='bbox 970 3715 1107 3771; x_wconf 88' lang='lat' dir='ltr'><strong>erat,</strong></span> <span class='ocrx_word' id='word_1_497' title='bbox 1138 3708 1231 3764; x_wconf 83' lang='lat' dir='ltr'><strong>sed</strong></span> <span class='ocrx_word' id='word_1_498' title='bbox 1274 3710 1327 3762; x_wconf 91' lang='lat' dir='ltr'><strong>in</strong></span> <span class='ocrx_word' id='word_1_499' title='bbox 1360 3710 1539 3763; x_wconf 91' lang='lat' dir='ltr'><strong>medio</strong></span> <span class='ocrx_word' id='word_1_500' title='bbox 1566 3711 1777 3765; x_wconf 82' lang='lat' dir='ltr'><strong>lsraclis</strong></span> <span class='ocrx_word' id='word_1_501' title='bbox 1811 3712 2153 3776; x_wconf 84' lang='lat' dir='ltr'><strong>versabatur;</strong></span> <span class='ocrx_word' id='word_1_502' title='bbox 2191 3713 2298 3764; x_wconf 90' lang='lat' dir='ltr'><strong>imo</strong></span> 
     </span>
    </p>
   </div>
   <div class='ocr_carea' id='block_1_69' title="bbox 758 3798 2299 3870">
    <p class='ocr_par' dir='ltr' id='par_1_69' title="bbox 758 3798 2299 3870">
     <span class='ocr_line' id='line_1_69' title="bbox 758 3798 2299 3870; baseline 0.003 -21"><span class='ocrx_word' id='word_1_503' title='bbox 758 3798 985 3851; x_wconf 78' lang='lat' dir='ltr'><strong>fortasse</strong></span> <span class='ocrx_word' id='word_1_504' title='bbox 1011 3800 1153 3867; x_wconf 86' lang='lat' dir='ltr'><strong>piam</strong></span> <span class='ocrx_word' id='word_1_505' title='bbox 1176 3799 1484 3870; x_wconf 81' lang='lat' dir='ltr'><strong>religionem</strong></span> <span class='ocrx_word' id='word_1_506' title='bbox 1520 3801 1801 3863; x_wconf 83' lang='lat' dir='ltr'><strong>simulans,</strong></span> <span class='ocrx_word' id='word_1_507' title='bbox 1832 3815 1937 3855; x_wconf 89' lang='lat' dir='ltr'><strong>una</strong></span> <span class='ocrx_word' id='word_1_508' title='bbox 1967 3816 2089 3855; x_wconf 89' lang='lat' dir='ltr'><strong>eum</strong></span> <span class='ocrx_word' id='word_1_509' title='bbox 2120 3802 2299 3854; x_wconf 89' lang='lat' dir='ltr'><strong>multi-</strong></span> 
     </span>
    </p>
   </div>
   <div class='ocr_carea' id='block_1_70' title="bbox 759 3888 2298 3947">
    <p class='ocr_par' dir='ltr' id='par_1_70' title="bbox 759 3888 2298 3947">
     <span class='ocr_line' id='line_1_70' title="bbox 759 3888 2298 3947; baseline 0.003 -6"><span class='ocrx_word' id='word_1_510' title='bbox 759 3888 943 3941; x_wconf 87' lang='lat' dir='ltr'><strong>tudine</strong></span> <span class='ocrx_word' id='word_1_511' title='bbox 992 3890 1044 3941; x_wconf 89' lang='lat' dir='ltr'><strong>in</strong></span> <span class='ocrx_word' id='word_1_512' title='bbox 1090 3890 1493 3944; x_wconf 81' lang='lat' dir='ltr'><strong>tabernaculum</strong></span> <span class='ocrx_word' id='word_1_513' title='bbox 1524 3890 1613 3947; x_wconf 90' lang='lat' dir='ltr'><strong>Dei</strong></span> <span class='ocrx_word' id='word_1_514' title='bbox 1647 3899 2006 3945; x_wconf 85' lang='lat' dir='ltr'><strong>concesserat.</strong></span> <span class='ocrx_word' id='word_1_515' title='bbox 2068 3892 2131 3944; x_wconf 86' lang='lat' dir='ltr'><strong>Et</strong></span> <span class='ocrx_word' id='word_1_516' title='bbox 2170 3907 2298 3946; x_wconf 92' lang='lat' dir='ltr'><strong>sane</strong></span> 
     </span>
    </p>
   </div>
   <div class='ocr_carea' id='block_1_71' title="bbox 758 3979 2294 4059">
    <p class='ocr_par' dir='ltr' id='par_1_71' title="bbox 758 3979 2294 4059">
     <span class='ocr_line' id='line_1_71' title="bbox 758 3979 2294 4059; baseline 0.001 -25"><span class='ocrx_word' id='word_1_517' title='bbox 758 3979 899 4059; x_wconf 80' lang='lat' dir='ltr'><strong>dicta</strong></span> <span class='ocrx_word' id='word_1_518' title='bbox 925 3990 1050 4034; x_wconf 88' lang='lat' dir='ltr'><strong>sunt</strong></span> <span class='ocrx_word' id='word_1_519' title='bbox 1079 3980 1264 4033; x_wconf 75' lang='lat' dir='ltr'><strong>ist.th</strong></span> <span class='ocrx_word' id='word_1_520' title='bbox 1294 3982 1356 4034; x_wconf 89' lang='lat' dir='ltr'><strong>ad</strong></span> <span class='ocrx_word' id='word_1_521' title='bbox 1401 3998 1664 4055; x_wconf 86' lang='lat' dir='ltr'><strong>quemque</strong></span> <span class='ocrx_word' id='word_1_522' title='bbox 1690 3985 1742 4036; x_wconf 90' lang='lat' dir='ltr'><strong>in</strong></span> <span class='ocrx_word' id='word_1_523' title='bbox 1774 3983 1977 4035; x_wconf 88' lang='lat' dir='ltr'><strong>malitia</strong></span> <span class='ocrx_word' id='word_1_524' title='bbox 2008 3990 2294 4051; x_wconf 87' lang='lat' dir='ltr'><strong>potentem,</strong></span> 
     </span>
    </p>
   </div>
   <div class='ocr_carea' id='block_1_72' title="bbox 758 4069 2299 4140">
    <p class='ocr_par' dir='ltr' id='par_1_72' title="bbox 758 4069 2299 4140">
     <span class='ocr_line' id='line_1_72' title="bbox 758 4069 2299 4140; baseline 0 -18"><span class='ocrx_word' id='word_1_525' title='bbox 758 4071 847 4139; x_wconf 87' lang='lat' dir='ltr'><strong>qui</strong></span> <span class='ocrx_word' id='word_1_526' title='bbox 876 4070 1052 4138; x_wconf 83' lang='lat' dir='ltr'><strong>lingua</strong></span> <span class='ocrx_word' id='word_1_527' title='bbox 1085 4084 1180 4139; x_wconf 93' lang='lat' dir='ltr'><strong>pro</strong></span> <span class='ocrx_word' id='word_1_528' title='bbox 1217 4069 1394 4139; x_wconf 80' lang='lat' dir='ltr'><strong>gladio</strong></span> <span class='ocrx_word' id='word_1_529' title='bbox 1440 4080 1618 4124; x_wconf 87' lang='lat' dir='ltr'><strong>utatur</strong></span> <span class='ocrx_word' id='word_1_530' title='bbox 1668 4071 1731 4124; x_wconf 91' lang='lat' dir='ltr'><strong>ad</strong></span> <span class='ocrx_word' id='word_1_531' title='bbox 1775 4072 2073 4124; x_wconf 86' lang='lat' dir='ltr'><strong>animarum</strong></span> <span class='ocrx_word' id='word_1_532' title='bbox 2120 4071 2299 4140; x_wconf 79' lang='lat' dir='ltr'><strong>perni-</strong></span> 
     </span>
    </p>
   </div>
   <div class='ocr_carea' id='block_1_73' title="bbox 756 4146 2295 4229">
    <p class='ocr_par' dir='ltr' id='par_1_73' title="bbox 756 4146 2295 4229">
     <span class='ocr_line' id='line_1_73' title="bbox 756 4146 2295 4229; baseline -0.002 -13"><span class='ocrx_word' id='word_1_533' title='bbox 756 4162 913 4225; x_wconf 89' lang='lat' dir='ltr'><strong>ciem,</strong></span> <span class='ocrx_word' id='word_1_534' title='bbox 938 4146 1093 4229; x_wconf 83' lang='lat' dir='ltr'><strong>qucm</strong></span> <span class='ocrx_word' id='word_1_535' title='bbox 1124 4176 1220 4214; x_wconf 87' lang='lat' dir='ltr'><strong>ceu</strong></span> <span class='ocrx_word' id='word_1_536' title='bbox 1246 4161 1528 4229; x_wconf 85' lang='lat' dir='ltr'><strong>quamdam</strong></span> <span class='ocrx_word' id='word_1_537' title='bbox 1565 4176 1798 4214; x_wconf 89' lang='lat' dir='ltr'><strong>amaram</strong></span> <span class='ocrx_word' id='word_1_538' title='bbox 1827 4172 1881 4215; x_wconf 90' lang='lat' dir='ltr'><strong>et</strong></span> <span class='ocrx_word' id='word_1_539' title='bbox 1905 4163 2182 4215; x_wconf 83' lang='lat' dir='ltr'><strong>exitiosam</strong></span> <span class='ocrx_word' id='word_1_540' title='bbox 2206 4176 2295 4214; x_wconf 90' lang='lat' dir='ltr'><strong>ra-</strong></span> 
     </span>
    </p>
   </div>
   <div class='ocr_carea' id='block_1_74' title="bbox 758 4249 2298 4318">
    <p class='ocr_par' dir='ltr' id='par_1_74' title="bbox 758 4249 2298 4318">
     <span class='ocr_line' id='line_1_74' title="bbox 758 4249 2298 4318; baseline -0.001 -13"><span class='ocrx_word' id='word_1_541' title='bbox 758 4250 952 4314; x_wconf 85' lang='lat' dir='ltr'><strong>dicem,</strong></span> <span class='ocrx_word' id='word_1_542' title='bbox 980 4254 1279 4311; x_wconf 81' lang='lat' dir='ltr'><strong>animarum</strong></span> <span class='ocrx_word' id='word_1_543' title='bbox 1315 4249 1548 4318; x_wconf 85' lang='lat' dir='ltr'><strong>agricola</strong></span> <span class='ocrx_word' id='word_1_544' title='bbox 1576 4250 1795 4314; x_wconf 85' lang='lat' dir='ltr'><strong>evellet,</strong></span> <span class='ocrx_word' id='word_1_545' title='bbox 1821 4250 2298 4304; x_wconf 65' lang='lat' dir='ltr'><strong>etiamsi‘videatur</strong></span> 
     </span>
    </p>
   </div>
   <div class='ocr_carea' id='block_1_75' title="bbox 758 4338 2294 4421">
    <p class='ocr_par' dir='ltr' id='par_1_75' title="bbox 758 4338 2294 4421">
     <span class='ocr_line' id='line_1_75' title="bbox 758 4338 2294 4421; baseline 0 -28"><span class='ocrx_word' id='word_1_546' title='bbox 758 4341 821 4394; x_wconf 86' lang='lat' dir='ltr'><strong>ad</strong></span> <span class='ocrx_word' id='word_1_547' title='bbox 862 4341 1025 4405; x_wconf 80' lang='lat' dir='ltr'><strong>breve</strong></span> <span class='ocrx_word' id='word_1_548' title='bbox 1055 4350 1261 4409; x_wconf 85' lang='lat' dir='ltr'><strong>tempus</strong></span> <span class='ocrx_word' id='word_1_549' title='bbox 1304 4340 1357 4392; x_wconf 89' lang='lat' dir='ltr'><strong>in</strong></span> <span class='ocrx_word' id='word_1_550' title='bbox 1399 4340 1745 4393; x_wconf 89' lang='lat' dir='ltr'><strong>tabernaculo</strong></span> <span class='ocrx_word' id='word_1_551' title='bbox 1778 4338 1865 4393; x_wconf 85' lang='lat' dir='ltr'><strong>Dei</strong></span> <span class='ocrx_word' id='word_1_552' title='bbox 1891 4347 1941 4393; x_wconf 93' lang='lat' dir='ltr'><strong>et</strong></span> <span class='ocrx_word' id='word_1_553' title='bbox 1977 4342 2030 4393; x_wconf 92' lang='lat' dir='ltr'><strong>in</strong></span> <span class='ocrx_word' id='word_1_554' title='bbox 2060 4338 2294 4421; x_wconf 41' lang='lat' dir='ltr'><strong>Eciclesia</strong></span> 
     </span>
    </p>
   </div>
   <div class='ocr_carea' id='block_1_76' title="bbox 758 4418 2295 4502">
    <p class='ocr_par' dir='ltr' id='par_1_76' title="bbox 758 4418 2295 4502">
     <span class='ocr_line' id='line_1_76' title="bbox 758 4418 2295 4502; baseline -0.001 -17"><span class='ocrx_word' id='word_1_555' title='bbox 758 4433 926 4502; x_wconf 71' lang='lat' dir='ltr'><strong>ipsius</strong></span> <span class='ocrx_word' id='word_1_556' title='bbox 957 4418 1235 4499; x_wconf 18' lang='lat' dir='ltr'><strong>plantatnsh</strong></span> <span class='ocrx_word' id='word_1_557' title='bbox 1264 4428 1446 4483; x_wconf 77' lang='lat' dir='ltr'><strong>fuis&#39;se.</strong></span> <span class='ocrx_word' id='word_1_558' title='bbox 1515 4428 1744 4485; x_wconf 80' lang='lat' dir='ltr'><strong>Evulsus</strong></span> <span class='ocrx_word' id='word_1_559' title='bbox 1779 4437 1953 4483; x_wconf 85' lang='lat' dir='ltr'><strong>autem</strong></span> <span class='ocrx_word' id='word_1_560' title='bbox 1988 4431 2108 4482; x_wconf 85' lang='lat' dir='ltr'><strong>talis</strong></span> <span class='ocrx_word' id='word_1_561' title='bbox 2132 4418 2295 4484; x_wconf 36' lang='lat' dir='ltr'><strong>&#39;bomo</strong></span> 
     </span>
    </p>
   </div>
   <div class='ocr_carea' id='block_1_77' title="bbox 2399 3250 3911 3320">
    <p class='ocr_par' dir='ltr' id='par_1_77' title="bbox 2399 3250 3911 3320">
     <span class='ocr_line' id='line_1_77' title="bbox 2399 3250 3911 3320; baseline 0.002 -17"><span class='ocrx_word' id='word_1_562' title='bbox 2399 3266 2587 3313; x_wconf 87' lang='grc' dir='ltr'><strong>ποντες</strong></span> <span class='ocrx_word' id='word_1_563' title='bbox 2622 3251 2708 3304; x_wconf 80' lang='grc' dir='ltr'><strong>ἀεὶ</strong></span> <span class='ocrx_word' id='word_1_564' title='bbox 2740 3250 3024 3320; x_wconf 78' lang='grc' dir='ltr'><strong>φοὸὦνται,</strong></span> <span class='ocrx_word' id='word_1_565' title='bbox 3056 3252 3147 3306; x_wconf 77' lang='grc' dir='ltr'><strong>καὶ</strong></span> <span class='ocrx_word' id='word_1_566' title='bbox 3182 3251 3546 3319; x_wconf 81' lang='grc' dir='ltr'><strong>καταγελῶσιν</strong></span> <span class='ocrx_word' id='word_1_567' title='bbox 3569 3252 3736 3305; x_wconf 76' lang='grc' dir='ltr'><strong>αὑτοῦ</strong></span> <span class='ocrx_word' id='word_1_568' title='bbox 3766 3251 3911 3319; x_wconf 77' lang='grc' dir='ltr'><strong>λέγον</strong></span> 
     </span>
    </p>
   </div>
   <div class='ocr_carea' id='block_1_78' title="bbox 2396 3341 3912 3411">
    <p class='ocr_par' dir='ltr' id='par_1_78' title="bbox 2396 3341 3912 3411">
     <span class='ocr_line' id='line_1_78' title="bbox 2396 3341 3912 3411; baseline 0.001 -18"><span class='ocrx_word' id='word_1_569' title='bbox 2396 3359 2527 3405; x_wconf 61' lang='grc' dir='ltr'><strong>τες·,</strong></span> <span class='ocrx_word' id='word_1_570' title='bbox 2549 3341 2689 3398; x_wconf 83' lang='grc' dir='ltr'><strong>Ἰδοὺ</strong></span> <span class='ocrx_word' id='word_1_571' title='bbox 2740 3342 3040 3411; x_wconf 76' lang='grc' dir='ltr'><strong>ἄνθρωπος</strong></span> <span class='ocrx_word' id='word_1_572' title='bbox 3062 3382 3077 3407; x_wconf 93' lang='grc'><strong>,</strong></span> <span class='ocrx_word' id='word_1_573' title='bbox 3133 3342 3201 3410; x_wconf 87' lang='grc' dir='ltr'><strong>ὃς</strong></span> <span class='ocrx_word' id='word_1_574' title='bbox 3236 3344 3307 3396; x_wconf 90' lang='grc' dir='ltr'><strong>οὐ</strong></span> <span class='ocrx_word' id='word_1_575' title='bbox 3351 3342 3625 3410; x_wconf 78' lang='grc' dir='ltr'><strong>προέθετο</strong></span> <span class='ocrx_word' id='word_1_576' title='bbox 3662 3342 3769 3396; x_wconf 74' lang='grc' dir='ltr'><strong>τὸν</strong></span> <span class='ocrx_word' id='word_1_577' title='bbox 3801 3342 3912 3396; x_wconf 64' lang='grc' dir='ltr'><strong>Θεὸν</strong></span> 
     </span>
    </p>
   </div>
   <div class='ocr_carea' id='block_1_79' title="bbox 2400 3433 3922 3502">
    <p class='ocr_par' dir='ltr' id='par_1_79' title="bbox 2400 3433 3922 3502">
     <span class='ocr_line' id='line_1_79' title="bbox 2400 3433 3922 3502; baseline 0.001 -17"><span class='ocrx_word' id='word_1_578' title='bbox 2400 3433 2578 3502; x_wconf 81' lang='grc' dir='ltr'><strong><em>ἰσχὺν</em></strong></span> <span class='ocrx_word' id='word_1_579' title='bbox 2617 3433 2829 3489; x_wconf 81' lang='grc' dir='ltr'><strong>αὑτοῦ·</strong></span> <span class='ocrx_word' id='word_1_580' title='bbox 2879 3436 3015 3488; x_wconf 73' lang='grc' dir='ltr'><strong>ἀλλ’</strong></span> <span class='ocrx_word' id='word_1_581' title='bbox 3060 3434 3415 3501; x_wconf 78' lang='grc' dir='ltr'><strong>ἐπεποιθησε</strong></span> <span class='ocrx_word' id='word_1_582' title='bbox 3459 3433 3538 3499; x_wconf 82' lang='grc' dir='ltr'><strong>τῷ</strong></span> <span class='ocrx_word' id='word_1_583' title='bbox 3583 3434 3801 3502; x_wconf 68' lang='grc' dir='ltr'><strong>πλήθει</strong></span> <span class='ocrx_word' id='word_1_584' title='bbox 3834 3435 3922 3487; x_wconf 80' lang='grc' dir='ltr'><strong>τοῦ</strong></span> 
     </span>
    </p>
   </div>
   <div class='ocr_carea' id='block_1_80' title="bbox 2396 3516 3925 3595">
    <p class='ocr_par' dir='ltr' id='par_1_80' title="bbox 2396 3516 3925 3595">
     <span class='ocr_line' id='line_1_80' title="bbox 2396 3516 3925 3595; baseline 0.004 -20"><span class='ocrx_word' id='word_1_585' title='bbox 2396 3525 2656 3578; x_wconf 76' lang='grc' dir='ltr'><strong>πλούτου</strong></span> <span class='ocrx_word' id='word_1_586' title='bbox 2696 3522 2897 3586; x_wconf 84' lang='grc' dir='ltr'><strong>αὐτοῦ,</strong></span> <span class='ocrx_word' id='word_1_587' title='bbox 2932 3524 3028 3578; x_wconf 75' lang='grc' dir='ltr'><strong>καὶ</strong></span> <span class='ocrx_word' id='word_1_588' title='bbox 3065 3524 3526 3595; x_wconf 77' lang='grc' dir='ltr'><strong>ἐνισχυρεύοάτο</strong></span> <span class='ocrx_word' id='word_1_589' title='bbox 3555 3520 3634 3593; x_wconf 74' lang='grc' dir='ltr'><strong>τῇ</strong></span> <span class='ocrx_word' id='word_1_590' title='bbox 3673 3516 3925 3592; x_wconf 65' lang='grc' dir='ltr'><strong>συμφροά</strong></span> 
     </span>
    </p>
   </div>
   <div class='ocr_carea' id='block_1_81' title="bbox 2396 3612 3925 3684">
    <p class='ocr_par' dir='ltr' id='par_1_81' title="bbox 2396 3612 3925 3684">
     <span class='ocr_line' id='line_1_81' title="bbox 2396 3612 3925 3684; baseline -0.003 -18"><span class='ocrx_word' id='word_1_591' title='bbox 2396 3612 2624 3667; x_wconf 80' lang='grc' dir='ltr'><strong>ἑαυτοῦ.</strong></span> <span class='ocrx_word' id='word_1_592' title='bbox 2648 3613 2903 3666; x_wconf 84' lang='grc' dir='ltr'><strong>Λέλεκται</strong></span> <span class='ocrx_word' id='word_1_593' title='bbox 2930 3614 2986 3666; x_wconf 80' lang='grc' dir='ltr'><strong>δὲ</strong></span> <span class='ocrx_word' id='word_1_594' title='bbox 3013 3613 3181 3666; x_wconf 87' lang='grc' dir='ltr'><strong>ταῦτα</strong></span> <span class='ocrx_word' id='word_1_595' title='bbox 3223 3613 3297 3675; x_wconf 83' lang='grc' dir='ltr'><strong>ὡς</strong></span> <span class='ocrx_word' id='word_1_596' title='bbox 3323 3612 3455 3684; x_wconf 81' lang='grc' dir='ltr'><strong>πρὸς</strong></span> <span class='ocrx_word' id='word_1_597' title='bbox 3485 3613 3573 3669; x_wconf 79' lang='grc' dir='ltr'><strong>τὸν</strong></span> <span class='ocrx_word' id='word_1_598' title='bbox 3615 3613 3793 3683; x_wconf 80' lang='grc' dir='ltr'><strong>Δωὴκ,</strong></span> <span class='ocrx_word' id='word_1_599' title='bbox 3816 3614 3925 3664; x_wconf 73' lang='grc' dir='ltr'><strong>ὂντα</strong></span> 
     </span>
    </p>
   </div>
   <div class='ocr_carea' id='block_1_82' title="bbox 2400 3700 3912 3775">
    <p class='ocr_par' dir='ltr' id='par_1_82' title="bbox 2400 3700 3912 3775">
     <span class='ocr_line' id='line_1_82' title="bbox 2400 3700 3912 3775; baseline -0.004 -18"><span class='ocrx_word' id='word_1_600' title='bbox 2400 3704 2496 3773; x_wconf 86' lang='grc' dir='ltr'><strong>μὲν</strong></span> <span class='ocrx_word' id='word_1_601' title='bbox 2523 3704 2688 3775; x_wconf 85' lang='grc' dir='ltr'><strong>Σύρον</strong></span> <span class='ocrx_word' id='word_1_602' title='bbox 2717 3704 2778 3755; x_wconf 81' lang='grc' dir='ltr'><strong>τὸ</strong></span> <span class='ocrx_word' id='word_1_603' title='bbox 2801 3704 2971 3770; x_wconf 82' lang='grc' dir='ltr'><strong>γένος,</strong></span> <span class='ocrx_word' id='word_1_604' title='bbox 3002 3703 3466 3773; x_wconf 81' lang='grc' dir='ltr'><strong>ἀναστρεφόμενον</strong></span> <span class='ocrx_word' id='word_1_605' title='bbox 3498 3701 3557 3761; x_wconf 64' lang='grc' dir='ltr'><strong>δὲ</strong></span> <span class='ocrx_word' id='word_1_606' title='bbox 3579 3703 3641 3753; x_wconf 71' lang='grc' dir='ltr'><strong>ὲν</strong></span> <span class='ocrx_word' id='word_1_607' title='bbox 3677 3703 3820 3772; x_wconf 72' lang='grc' dir='ltr'><strong>μέσῳ</strong></span> <span class='ocrx_word' id='word_1_608' title='bbox 3844 3700 3912 3753; x_wconf 63' lang='grc' dir='ltr'><strong>τοι</strong></span> 
     </span>
    </p>
   </div>
   <div class='ocr_carea' id='block_1_83' title="bbox 2408 3776 3911 3865">
    <p class='ocr_par' dir='ltr' id='par_1_83' title="bbox 2408 3776 3911 3865">
     <span class='ocr_line' id='line_1_83' title="bbox 2408 3776 3911 3865; baseline -0.003 -19"><span class='ocrx_word' id='word_1_609' title='bbox 2408 3776 2651 3865; x_wconf 74' lang='grc' dir='ltr'><strong>Ἰσραήλ·</strong></span> <span class='ocrx_word' id='word_1_610' title='bbox 2681 3794 2773 3846; x_wconf 90' lang='grc' dir='ltr'><strong>καί</strong></span> <span class='ocrx_word' id='word_1_611' title='bbox 2806 3810 2906 3847; x_wconf 88' lang='grc' dir='ltr'><strong>που</strong></span> <span class='ocrx_word' id='word_1_612' title='bbox 2935 3793 3073 3863; x_wconf 81' lang='grc' dir='ltr'><strong>τάχα</strong></span> <span class='ocrx_word' id='word_1_613' title='bbox 3119 3794 3210 3846; x_wconf 84' lang='grc' dir='ltr'><strong>καὶ</strong></span> <span class='ocrx_word' id='word_1_614' title='bbox 3243 3791 3654 3861; x_wconf 79' lang='grc' dir='ltr'><strong>παραδάλλοντα</strong></span> <span class='ocrx_word' id='word_1_615' title='bbox 3695 3793 3825 3861; x_wconf 82' lang='grc' dir='ltr'><strong>μετὰ</strong></span> <span class='ocrx_word' id='word_1_616' title='bbox 3849 3791 3911 3843; x_wconf 68' lang='lat' dir='ltr'><strong>rei</strong></span> 
     </span>
    </p>
   </div>
   <div class='ocr_carea' id='block_1_84' title="bbox 2396 3882 3906 3957">
    <p class='ocr_par' dir='ltr' id='par_1_84' title="bbox 2396 3882 3906 3957">
     <span class='ocr_line' id='line_1_84' title="bbox 2396 3882 3906 3957; baseline -0.003 -19"><span class='ocrx_word' id='word_1_617' title='bbox 2396 3888 2628 3957; x_wconf 82' lang='grc' dir='ltr'><strong>πλήθους</strong></span> <span class='ocrx_word' id='word_1_618' title='bbox 2648 3887 2724 3948; x_wconf 85' lang='grc' dir='ltr'><strong>είς</strong></span> <span class='ocrx_word' id='word_1_619' title='bbox 2750 3885 2848 3954; x_wconf 71' lang='grc' dir='ltr'><strong>τὴν</strong></span> <span class='ocrx_word' id='word_1_620' title='bbox 2874 3885 3073 3955; x_wconf 81' lang='grc' dir='ltr'><strong>σκηνὴν</strong></span> <span class='ocrx_word' id='word_1_621' title='bbox 3097 3883 3187 3939; x_wconf 85' lang='grc' dir='ltr'><strong>τοῦ</strong></span> <span class='ocrx_word' id='word_1_622' title='bbox 3220 3883 3372 3946; x_wconf 83' lang='grc' dir='ltr'><strong>Θεοῦ,</strong></span> <span class='ocrx_word' id='word_1_623' title='bbox 3403 3882 3675 3937; x_wconf 75' lang='grc' dir='ltr'><strong>θεοσεϐεῖν</strong></span> <span class='ocrx_word' id='word_1_624' title='bbox 3698 3900 3758 3937; x_wconf 86' lang='grc' dir='ltr'><strong>τε</strong></span> <span class='ocrx_word' id='word_1_625' title='bbox 3785 3900 3906 3953; x_wconf 76' lang='grc' dir='ltr'><strong>προσ</strong></span> 
     </span>
    </p>
   </div>
   <div class='ocr_carea' id='block_1_85' title="bbox 2396 3973 3922 4047">
    <p class='ocr_par' dir='ltr' id='par_1_85' title="bbox 2396 3973 3922 4047">
     <span class='ocr_line' id='line_1_85' title="bbox 2396 3973 3922 4047; baseline -0.003 -18"><span class='ocrx_word' id='word_1_626' title='bbox 2396 3978 2725 4047; x_wconf 84' lang='grc' dir='ltr'><strong>ποιούμενον.</strong></span> <span class='ocrx_word' id='word_1_627' title='bbox 2753 3975 3013 4030; x_wconf 79' lang='grc' dir='ltr'><strong>Λέλεκται</strong></span> <span class='ocrx_word' id='word_1_628' title='bbox 3046 3974 3099 4027; x_wconf 84' lang='grc' dir='ltr'><strong>δὲ</strong></span> <span class='ocrx_word' id='word_1_629' title='bbox 3149 3975 3239 4028; x_wconf 73' lang='lat' dir='ltr'><strong>ml</strong></span> <span class='ocrx_word' id='word_1_630' title='bbox 3272 3975 3403 4045; x_wconf 81' lang='grc' dir='ltr'><strong>πρὸς</strong></span> <span class='ocrx_word' id='word_1_631' title='bbox 3442 3973 3616 4027; x_wconf 87' lang='grc' dir='ltr'><strong>πάντα</strong></span> <span class='ocrx_word' id='word_1_632' title='bbox 3644 3974 3737 4027; x_wconf 81' lang='grc' dir='ltr'><strong>τὸν</strong></span> <span class='ocrx_word' id='word_1_633' title='bbox 3758 3976 3812 4026; x_wconf 84' lang='grc' dir='ltr'><strong>ὲν</strong></span> <span class='ocrx_word' id='word_1_634' title='bbox 3839 3990 3922 4026; x_wconf 77' lang='grc' dir='ltr'><strong>κα·</strong></span> 
     </span>
    </p>
   </div>
   <div class='ocr_carea' id='block_1_86' title="bbox 2396 4064 3917 4139">
    <p class='ocr_par' dir='ltr' id='par_1_86' title="bbox 2396 4064 3917 4139">
     <span class='ocr_line' id='line_1_86' title="bbox 2396 4064 3917 4139; baseline -0.007 -17"><span class='ocrx_word' id='word_1_635' title='bbox 2396 4070 2489 4139; x_wconf 78' lang='grc' dir='ltr'><strong>κίᾳ</strong></span> <span class='ocrx_word' id='word_1_636' title='bbox 2525 4069 2762 4132; x_wconf 82' lang='grc' dir='ltr'><strong>δυνατὸν,</strong></span> <span class='ocrx_word' id='word_1_637' title='bbox 2795 4070 2861 4137; x_wconf 83' lang='grc' dir='ltr'><strong>τῇ</strong></span> <span class='ocrx_word' id='word_1_638' title='bbox 2904 4066 3123 4138; x_wconf 77' lang='grc' dir='ltr'><strong>γλώσσῃ</strong></span> <span class='ocrx_word' id='word_1_639' title='bbox 3157 4064 3429 4139; x_wconf 84' lang='grc' dir='ltr'><strong>χρώμενον</strong></span> <span class='ocrx_word' id='word_1_640' title='bbox 3470 4065 3589 4119; x_wconf 56' lang='grc' dir='ltr'><strong>ἀντὶ⁸</strong></span> <span class='ocrx_word' id='word_1_641' title='bbox 3632 4064 3817 4135; x_wconf 80' lang='grc' dir='ltr'><strong>ξίφους</strong></span> <span class='ocrx_word' id='word_1_642' title='bbox 3848 4065 3917 4118; x_wconf 60' lang='lat' dir='ltr'><strong>iri.</strong></span> 
     </span>
    </p>
   </div>
   <div class='ocr_carea' id='block_1_87' title="bbox 2395 4157 3923 4235">
    <p class='ocr_par' dir='ltr' id='par_1_87' title="bbox 2395 4157 3923 4235">
     <span class='ocr_line' id='line_1_87' title="bbox 2395 4157 3923 4235; baseline -0.005 -24"><span class='ocrx_word' id='word_1_643' title='bbox 2395 4160 2576 4230; x_wconf 77' lang='grc' dir='ltr'>ψυχῶν</span> <span class='ocrx_word' id='word_1_644' title='bbox 2604 4160 2862 4231; x_wconf 82' lang='grc' dir='ltr'><strong>ἀπωλείᾳ,</strong></span> <span class='ocrx_word' id='word_1_645' title='bbox 2892 4159 3075 4228; x_wconf 83' lang='grc' dir='ltr'><strong>ὥσπερ</strong></span> <span class='ocrx_word' id='word_1_646' title='bbox 3106 4158 3226 4210; x_wconf 77' lang='grc' dir='ltr'><strong>τινὰ</strong></span> <span class='ocrx_word' id='word_1_647' title='bbox 3265 4157 3463 4227; x_wconf 84' lang='grc' dir='ltr'><strong>πικρὰν</strong></span> <span class='ocrx_word' id='word_1_648' title='bbox 3489 4159 3586 4213; x_wconf 72' lang='grc' dir='ltr'><strong>καὶ</strong></span> <span class='ocrx_word' id='word_1_649' title='bbox 3614 4157 3923 4235; x_wconf 64' lang='grc' dir='ltr'><strong>λυμαντικῂν</strong></span> 
     </span>
    </p>
   </div>
   <div class='ocr_carea' id='block_1_88' title="bbox 2397 4248 3924 4325">
    <p class='ocr_par' dir='ltr' id='par_1_88' title="bbox 2397 4248 3924 4325">
     <span class='ocr_line' id='line_1_88' title="bbox 2397 4248 3924 4325; baseline -0.001 -22"><span class='ocrx_word' id='word_1_650' title='bbox 2397 4253 2567 4325; x_wconf 77' lang='grc' dir='ltr'><strong>ῥίζαν,</strong></span> <span class='ocrx_word' id='word_1_651' title='bbox 2596 4254 2625 4304; x_wconf 95' lang='lat'><strong>6</strong></span> <span class='ocrx_word' id='word_1_652' title='bbox 2654 4253 2759 4305; x_wconf 85' lang='grc' dir='ltr'><strong>τῶν</strong></span> <span class='ocrx_word' id='word_1_653' title='bbox 2784 4252 2968 4321; x_wconf 81' lang='grc' dir='ltr'>ψυχῶν</span> <span class='ocrx_word' id='word_1_654' title='bbox 2993 4250 3229 4320; x_wconf 87' lang='grc' dir='ltr'><strong>γεωργὸς</strong></span> <span class='ocrx_word' id='word_1_655' title='bbox 3269 4248 3491 4310; x_wconf 82' lang='grc' dir='ltr'><strong>ὲκτίλαι,</strong></span> <span class='ocrx_word' id='word_1_656' title='bbox 3516 4249 3621 4302; x_wconf 76' lang='grc' dir='ltr'><strong>κᾶν</strong></span> <span class='ocrx_word' id='word_1_657' title='bbox 3654 4249 3783 4321; x_wconf 79' lang='grc' dir='ltr'><strong>δοκῇ</strong></span> <span class='ocrx_word' id='word_1_658' title='bbox 3812 4250 3924 4320; x_wconf 72' lang='grc' dir='ltr'><strong>πρὸς</strong></span> 
     </span>
    </p>
   </div>
   <div class='ocr_carea' id='block_1_89' title="bbox 2398 4336 3927 4417">
    <p class='ocr_par' dir='ltr' id='par_1_89' title="bbox 2398 4336 3927 4417">
     <span class='ocr_line' id='line_1_89' title="bbox 2398 4336 3927 4417; baseline -0.006 -22"><span class='ocrx_word' id='word_1_659' title='bbox 2398 4343 2597 4417; x_wconf 83' lang='grc' dir='ltr'><strong>βραχύν</strong></span> <span class='ocrx_word' id='word_1_660' title='bbox 2624 4360 2740 4395; x_wconf 90' lang='grc' dir='ltr'><strong>τινα</strong></span> <span class='ocrx_word' id='word_1_661' title='bbox 2771 4344 2955 4414; x_wconf 71' lang='grc' dir='ltr'><strong>χρόνον</strong></span> <span class='ocrx_word' id='word_1_662' title='bbox 2996 4344 3061 4395; x_wconf 83' lang='grc' dir='ltr'><strong>ὲν</strong></span> <span class='ocrx_word' id='word_1_663' title='bbox 3090 4340 3165 4409; x_wconf 83' lang='grc' dir='ltr'><strong>τῷ</strong></span> <span class='ocrx_word' id='word_1_664' title='bbox 3196 4338 3644 4409; x_wconf 77' lang='grc' dir='ltr'><strong>σκηνώματι¹τοῦ</strong></span> <span class='ocrx_word' id='word_1_665' title='bbox 3685 4339 3817 4398; x_wconf 77' lang='grc' dir='ltr'><strong>Θεοῦ</strong></span> <span class='ocrx_word' id='word_1_666' title='bbox 3850 4336 3927 4389; x_wconf 68' lang='grc' dir='ltr'><strong>καὶ</strong></span> 
     </span>
    </p>
   </div>
   <div class='ocr_carea' id='block_1_90' title="bbox 2396 4430 3913 4509">
    <p class='ocr_par' dir='ltr' id='par_1_90' title="bbox 2396 4430 3913 4509">
     <span class='ocr_line' id='line_1_90' title="bbox 2396 4430 3913 4509; baseline -0.005 -20"><span class='ocrx_word' id='word_1_667' title='bbox 2396 4441 2453 4489; x_wconf 81' lang='grc' dir='ltr'><strong>ἐν</strong></span> <span class='ocrx_word' id='word_1_668' title='bbox 2481 4439 2545 4509; x_wconf 78' lang='grc' dir='ltr'><strong>τῇ</strong></span> <span class='ocrx_word' id='word_1_669' title='bbox 2574 4436 2871 4508; x_wconf 81' lang='grc' dir='ltr'><strong>,Ἐκκλησίᾳ</strong></span> <span class='ocrx_word' id='word_1_670' title='bbox 2896 4433 3056 4489; x_wconf 80' lang='grc' dir='ltr'><strong>αὐτοῦ</strong></span> <span class='ocrx_word' id='word_1_671' title='bbox 3096 4430 3475 4507; x_wconf 85' lang='grc' dir='ltr'><strong>πεφυτεῦσθαι.</strong></span> <span class='ocrx_word' id='word_1_672' title='bbox 3516 4430 3798 4493; x_wconf 71' lang='grc' dir='ltr'><strong>Ἑκταλεὶς</strong></span> <span class='ocrx_word' id='word_1_673' title='bbox 3886 4430 3913 4481; x_wconf 84' lang='lat' dir='ltr'><strong>c‘</strong></span> 
     </span>
    </p>
   </div>
   <div class='ocr_carea' id='block_1_91' title="bbox 759 4502 2293 4596">
    <p class='ocr_par' dir='ltr' id='par_1_91' title="bbox 759 4520 2293 4593">
     <span class='ocr_line' id='line_1_91' title="bbox 759 4520 2293 4593; baseline -0.003 -15"><span class='ocrx_word' id='word_1_674' title='bbox 759 4538 819 4578; x_wconf 82' lang='lat' dir='ltr'><strong>ac</strong></span> <span class='ocrx_word' id='word_1_675' title='bbox 851 4522 1410 4593; x_wconf 81' lang='lat' dir='ltr'><strong>procullabernaculo</strong></span> <span class='ocrx_word' id='word_1_676' title='bbox 1460 4528 1767 4574; x_wconf 86' lang='lat' dir='ltr'><strong>sanctorum</strong></span> <span class='ocrx_word' id='word_1_677' title='bbox 1799 4520 2021 4586; x_wconf 85' lang='lat' dir='ltr'><strong>ejectns,</strong></span> <span class='ocrx_word' id='word_1_678' title='bbox 2055 4521 2109 4573; x_wconf 86' lang='lat' dir='ltr'><strong>in</strong></span> <span class='ocrx_word' id='word_1_679' title='bbox 2133 4521 2293 4573; x_wconf 85' lang='lat' dir='ltr'><strong>mise-</strong></span> 
     </span>
    </p>
   </div>
   <div class='ocr_carea' id='block_1_92' title="bbox 2393 4502 3912 4596">
    <p class='ocr_par' dir='ltr' id='par_1_92' title="bbox 2393 4502 3912 4593">
     <span class='ocr_line' id='line_1_92' title="bbox 2393 4502 3912 4593; baseline -0.005 -18"><span class='ocrx_word' id='word_1_680' title='bbox 2393 4524 2448 4575; x_wconf 83' lang='grc' dir='ltr'><strong>δὲ</strong></span> <span class='ocrx_word' id='word_1_681' title='bbox 2474 4526 2501 4577; x_wconf 87' lang='lat'><strong>6</strong></span> <span class='ocrx_word' id='word_1_682' title='bbox 2521 4502 2879 4586; x_wconf 38' lang='grc' dir='ltr'><strong>’τοιοῦτος-καὶ</strong></span> <span class='ocrx_word' id='word_1_683' title='bbox 2915 4520 3124 4593; x_wconf 84' lang='grc' dir='ltr'><strong>μακρὰν</strong></span> <span class='ocrx_word' id='word_1_684' title='bbox 3156 4504 3474 4592; x_wconf 72' lang='grc' dir='ltr'><strong>ἀπορριφεὶς</strong></span> <span class='ocrx_word' id='word_1_685' title='bbox 3498 4519 3595 4572; x_wconf 84' lang='grc' dir='ltr'><strong>τοῦ</strong></span> <span class='ocrx_word' id='word_1_686' title='bbox 3635 4519 3747 4573; x_wconf 78' lang='grc' dir='ltr'><strong>τῶν</strong></span> <span class='ocrx_word' id='word_1_687' title='bbox 3778 4520 3912 4585; x_wconf 74' lang='grc' dir='ltr'><strong>ἀγῐω·</strong></span> 
     </span>
    </p>
   </div>
   <div class='ocr_carea' id='block_1_93' title="bbox 759 4613 2294 4683">
    <p class='ocr_par' dir='ltr' id='par_1_93' title="bbox 759 4613 2294 4683">
     <span class='ocr_line' id='line_1_93' title="bbox 759 4613 2294 4683; baseline -0.007 -10"><span class='ocrx_word' id='word_1_688' title='bbox 759 4615 928 4673; x_wconf 90' lang='lat' dir='ltr'><strong>rabile</strong></span> <span class='ocrx_word' id='word_1_689' title='bbox 952 4616 1307 4682; x_wconf 84' lang='lat' dir='ltr'><strong>spectaculum</strong></span> <span class='ocrx_word' id='word_1_690' title='bbox 1338 4621 1563 4683; x_wconf 90' lang='lat' dir='ltr'><strong>ponetur</strong></span> <span class='ocrx_word' id='word_1_691' title='bbox 1585 4613 1651 4669; x_wconf 91' lang='lat' dir='ltr'><strong>ad</strong></span> <span class='ocrx_word' id='word_1_692' title='bbox 1680 4614 1960 4665; x_wconf 74' lang='lat' dir='ltr'><strong>utilitatem</strong></span> <span class='ocrx_word' id='word_1_693' title='bbox 1990 4622 2041 4665; x_wconf 91' lang='lat' dir='ltr'><strong>et</strong></span> <span class='ocrx_word' id='word_1_694' title='bbox 2067 4614 2294 4680; x_wconf 82' lang='lat' dir='ltr'><strong>castiga-</strong></span> 
     </span>
    </p>
   </div>
   <div class='ocr_carea' id='block_1_94' title="bbox 760 4703 2289 4773">
    <p class='ocr_par' dir='ltr' id='par_1_94' title="bbox 760 4703 2289 4773">
     <span class='ocr_line' id='line_1_94' title="bbox 760 4703 2289 4773; baseline -0.005 -10"><span class='ocrx_word' id='word_1_695' title='bbox 760 4709 961 4764; x_wconf 88' lang='lat' dir='ltr'><strong>tionem</strong></span> <span class='ocrx_word' id='word_1_696' title='bbox 988 4706 1277 4759; x_wconf 80' lang='lat' dir='ltr'><strong>videntium</strong></span> <span class='ocrx_word' id='word_1_697' title='bbox 1327 4722 1339 4757; x_wconf 89' lang='lat'><strong>:</strong></span> <span class='ocrx_word' id='word_1_698' title='bbox 1395 4706 1485 4773; x_wconf 89' lang='lat' dir='ltr'><strong>qui</strong></span> <span class='ocrx_word' id='word_1_699' title='bbox 1524 4706 1757 4758; x_wconf 83' lang='lat' dir='ltr'><strong>terribile</strong></span> <span class='ocrx_word' id='word_1_700' title='bbox 1785 4703 1873 4762; x_wconf 86' lang='lat' dir='ltr'><strong>Dei</strong></span> <span class='ocrx_word' id='word_1_701' title='bbox 1904 4704 2160 4757; x_wconf 81' lang='lat' dir='ltr'><strong>adversus</strong></span> <span class='ocrx_word' id='word_1_702' title='bbox 2186 4703 2289 4755; x_wconf 48' lang='lat' dir='ltr'><strong>bu.</strong></span> 
     </span>
    </p>
   </div>
   <div class='ocr_carea' id='block_1_95' title="bbox 760 4793 2291 4870">
    <p class='ocr_par' dir='ltr' id='par_1_95' title="bbox 760 4793 2291 4870">
     <span class='ocr_line' id='line_1_95' title="bbox 760 4793 2291 4870; baseline -0.003 -19"><span class='ocrx_word' id='word_1_703' title='bbox 760 4797 989 4870; x_wconf 81' lang='lat' dir='ltr'><strong>jnsmodi</strong></span> <span class='ocrx_word' id='word_1_704' title='bbox 1035 4797 1302 4850; x_wconf 85' lang='lat' dir='ltr'><strong>hominem</strong></span> <span class='ocrx_word' id='word_1_705' title='bbox 1331 4795 1590 4865; x_wconf 81' lang='lat' dir='ltr'><strong>judicium</strong></span> <span class='ocrx_word' id='word_1_706' title='bbox 1617 4796 1787 4849; x_wconf 88' lang='lat' dir='ltr'><strong>oculis</strong></span> <span class='ocrx_word' id='word_1_707' title='bbox 1823 4793 2209 4863; x_wconf 88' lang='lat' dir='ltr'><strong>percipientes,</strong></span> <span class='ocrx_word' id='word_1_708' title='bbox 2240 4794 2291 4846; x_wconf 92' lang='lat' dir='ltr'><strong>id</strong></span> 
     </span>
    </p>
   </div>
   <div class='ocr_carea' id='block_1_96' title="bbox 760 4884 2288 4953">
    <p class='ocr_par' dir='ltr' id='par_1_96' title="bbox 760 4884 2288 4953">
     <span class='ocr_line' id='line_1_96' title="bbox 760 4884 2288 4953; baseline -0.003 -11"><span class='ocrx_word' id='word_1_709' title='bbox 760 4890 1048 4947; x_wconf 88' lang='lat' dir='ltr'><strong>curabunt.</strong></span> <span class='ocrx_word' id='word_1_710' title='bbox 1086 4890 1136 4941; x_wconf 91' lang='lat' dir='ltr'><strong>id</strong></span> <span class='ocrx_word' id='word_1_711' title='bbox 1186 4887 1471 4948; x_wconf 79' lang='lat' dir='ltr'><strong>cavebunt,</strong></span> <span class='ocrx_word' id='word_1_712' title='bbox 1508 4893 1566 4937; x_wconf 90' lang='lat' dir='ltr'><strong>ut</strong></span> <span class='ocrx_word' id='word_1_713' title='bbox 1606 4899 1671 4938; x_wconf 90' lang='lat' dir='ltr'><strong>ne</strong></span> <span class='ocrx_word' id='word_1_714' title='bbox 1720 4886 1773 4939; x_wconf 91' lang='lat' dir='ltr'><strong>in</strong></span> <span class='ocrx_word' id='word_1_715' title='bbox 1826 4884 1975 4953; x_wconf 87' lang='lat' dir='ltr'><strong>paria</strong></span> <span class='ocrx_word' id='word_1_716' title='bbox 2028 4884 2288 4939; x_wconf 90' lang='lat' dir='ltr'><strong>incidant.</strong></span> 
     </span>
    </p>
   </div>
   <div class='ocr_carea' id='block_1_97' title="bbox 730 4974 2279 5048">
    <p class='ocr_par' dir='ltr' id='par_1_97' title="bbox 730 4974 2279 5048">
     <span class='ocr_line' id='line_1_97' title="bbox 730 4974 2279 5048; baseline 0.005 -25"><span class='ocrx_word' id='word_1_717' title='bbox 730 5020 731 5023; x_wconf 44' lang='grc' dir='ltr'><strong>η</strong></span> <span class='ocrx_word' id='word_1_718' title='bbox 762 4975 959 5029; x_wconf 88' lang='lat' dir='ltr'><strong>Deinde</strong></span> <span class='ocrx_word' id='word_1_719' title='bbox 994 4977 1267 5043; x_wconf 85' lang='lat' dir='ltr'><strong>pristinam</strong></span> <span class='ocrx_word' id='word_1_720' title='bbox 1301 4977 1530 5043; x_wconf 88' lang='lat' dir='ltr'><strong>potentis</strong></span> <span class='ocrx_word' id='word_1_721' title='bbox 1569 4974 1619 5027; x_wconf 93' lang='lat' dir='ltr'><strong>in</strong></span> <span class='ocrx_word' id='word_1_722' title='bbox 1662 4978 1857 5030; x_wconf 89' lang='lat' dir='ltr'><strong>malitia</strong></span> <span class='ocrx_word' id='word_1_723' title='bbox 1890 4981 2242 5048; x_wconf 82' lang='lat' dir='ltr'><strong>arrogantiam</strong></span> <span class='ocrx_word' id='word_1_724' title='bbox 2264 5017 2279 5042; x_wconf 92' lang='lat'><strong>,</strong></span> 
     </span>
    </p>
   </div>
   <div class='ocr_carea' id='block_1_98' title="bbox 764 5068 2279 5138">
    <p class='ocr_par' dir='ltr' id='par_1_98' title="bbox 764 5068 2279 5138">
     <span class='ocr_line' id='line_1_98' title="bbox 764 5068 2279 5138; baseline 0.001 -19"><span class='ocrx_word' id='word_1_725' title='bbox 764 5068 1135 5124; x_wconf 67' lang='lat' dir='ltr'><strong>sublimitatem</strong></span> <span class='ocrx_word' id='word_1_726' title='bbox 1183 5076 1233 5119; x_wconf 87' lang='lat' dir='ltr'><strong>et</strong></span> <span class='ocrx_word' id='word_1_727' title='bbox 1288 5068 1587 5135; x_wconf 86' lang='lat' dir='ltr'><strong>superbiam</strong></span> <span class='ocrx_word' id='word_1_728' title='bbox 1648 5071 1899 5121; x_wconf 85' lang='lat' dir='ltr'><strong>memoria</strong></span> <span class='ocrx_word' id='word_1_729' title='bbox 1953 5080 2279 5138; x_wconf 86' lang='lat' dir='ltr'><strong>repetentes,</strong></span> 
     </span>
    </p>
   </div>
   <div class='ocr_carea' id='block_1_99' title="bbox 760 5159 2297 5229">
    <p class='ocr_par' dir='ltr' id='par_1_99' title="bbox 760 5159 2297 5229">
     <span class='ocr_line' id='line_1_99' title="bbox 760 5159 2297 5229; baseline 0.001 -20"><span class='ocrx_word' id='word_1_730' title='bbox 760 5169 919 5227; x_wconf 82' lang='lat' dir='ltr'><strong>atque</strong></span> <span class='ocrx_word' id='word_1_731' title='bbox 963 5159 1291 5212; x_wconf 69' lang='lat' dir='ltr'><strong>advertentos</strong></span> <span class='ocrx_word' id='word_1_732' title='bbox 1323 5174 1461 5221; x_wconf 80' lang='lat' dir='ltr'><strong>eam,</strong></span> <span class='ocrx_word' id='word_1_733' title='bbox 1495 5174 1612 5229; x_wconf 70' lang='lat' dir='ltr'><strong>quae</strong></span> <span class='ocrx_word' id='word_1_734' title='bbox 1651 5170 1829 5227; x_wconf 83' lang='lat' dir='ltr'><strong>postea</strong></span> <span class='ocrx_word' id='word_1_735' title='bbox 1872 5161 2038 5228; x_wconf 85' lang='lat' dir='ltr'><strong>ipsum</strong></span> <span class='ocrx_word' id='word_1_736' title='bbox 2069 5162 2297 5221; x_wconf 64' lang='lat' dir='ltr'><strong>invasit,</strong></span> 
     </span>
    </p>
   </div>
   <div class='ocr_carea' id='block_1_100' title="bbox 700 5248 2280 5317">
    <p class='ocr_par' dir='ltr' id='par_1_100' title="bbox 700 5248 2280 5317">
     <span class='ocr_line' id='line_1_100' title="bbox 700 5248 2280 5317; baseline -0.001 -18"><span class='ocrx_word' id='word_1_737' title='bbox 700 5266 701 5269; x_wconf 43' lang='grc' dir='ltr'><strong>η</strong></span> <span class='ocrx_word' id='word_1_738' title='bbox 762 5248 1110 5317; x_wconf 70' lang='lat' dir='ltr'><strong>alijectioneni</strong></span> <span class='ocrx_word' id='word_1_739' title='bbox 1140 5263 1199 5299; x_wconf 89' lang='lat' dir='ltr'><strong>ac</strong></span> <span class='ocrx_word' id='word_1_740' title='bbox 1224 5250 1530 5315; x_wconf 82' lang='lat' dir='ltr'><strong>perniciem,</strong></span> <span class='ocrx_word' id='word_1_741' title='bbox 1551 5248 1653 5300; x_wconf 83' lang='lat' dir='ltr'><strong>risu</strong></span> <span class='ocrx_word' id='word_1_742' title='bbox 1680 5249 1895 5315; x_wconf 84' lang='lat' dir='ltr'><strong>dignum</strong></span> <span class='ocrx_word' id='word_1_743' title='bbox 1922 5251 2280 5312; x_wconf 75' lang='lat' dir='ltr'><strong>aestimabunt,</strong></span> 
     </span>
    </p>
   </div>
   <div class='ocr_carea' id='block_1_101' title="bbox 761 5338 2292 5409">
    <p class='ocr_par' dir='ltr' id='par_1_101' title="bbox 761 5338 2292 5409">
     <span class='ocr_line' id='line_1_101' title="bbox 761 5338 2292 5409; baseline 0 -16"><span class='ocrx_word' id='word_1_744' title='bbox 761 5341 1161 5393; x_wconf 78' lang='lat' dir='ltr'><strong>considerantes</strong></span> <span class='ocrx_word' id='word_1_745' title='bbox 1184 5353 1245 5391; x_wconf 79' lang='lat' dir='ltr'><strong>ex</strong></span> <span class='ocrx_word' id='word_1_746' title='bbox 1272 5338 1520 5407; x_wconf 87' lang='lat' dir='ltr'><strong>qualibus</strong></span> <span class='ocrx_word' id='word_1_747' title='bbox 1549 5338 1601 5391; x_wconf 93' lang='lat' dir='ltr'><strong>in</strong></span> <span class='ocrx_word' id='word_1_748' title='bbox 1627 5339 1807 5407; x_wconf 86' lang='lat' dir='ltr'><strong>qualia</strong></span> <span class='ocrx_word' id='word_1_749' title='bbox 1832 5339 2119 5407; x_wconf 88' lang='lat' dir='ltr'><strong>deciderit;</strong></span> <span class='ocrx_word' id='word_1_750' title='bbox 2147 5342 2292 5409; x_wconf 88' lang='lat' dir='ltr'><strong>judi-</strong></span> 
     </span>
    </p>
   </div>
   <div class='ocr_carea' id='block_1_102' title="bbox 762 5429 2289 5498">
    <p class='ocr_par' dir='ltr' id='par_1_102' title="bbox 762 5429 2289 5498">
     <span class='ocr_line' id='line_1_102' title="bbox 762 5429 2289 5498; baseline 0.002 -16"><span class='ocrx_word' id='word_1_751' title='bbox 762 5432 901 5483; x_wconf 87' lang='lat' dir='ltr'><strong>cium</strong></span> <span class='ocrx_word' id='word_1_752' title='bbox 939 5431 1027 5483; x_wconf 88' lang='lat' dir='ltr'><strong>Dei</strong></span> <span class='ocrx_word' id='word_1_753' title='bbox 1073 5430 1405 5498; x_wconf 71' lang='lat' dir='ltr'><strong>prubabunt,</strong></span> <span class='ocrx_word' id='word_1_754' title='bbox 1442 5429 1753 5498; x_wconf 88' lang='lat' dir='ltr'><strong>justumque</strong></span> <span class='ocrx_word' id='word_1_755' title='bbox 1801 5446 1919 5485; x_wconf 84' lang='lat' dir='ltr'><strong>esse</strong></span> <span class='ocrx_word' id='word_1_756' title='bbox 1964 5431 2289 5487; x_wconf 80' lang='lat' dir='ltr'><strong>fatebuntur.</strong></span> 
     </span>
    </p>
   </div>
   <div class='ocr_carea' id='block_1_103' title="bbox 765 5519 2291 5589">
    <p class='ocr_par' dir='ltr' id='par_1_103' title="bbox 765 5519 2291 5589">
     <span class='ocr_line' id='line_1_103' title="bbox 765 5519 2291 5589; baseline 0.003 -18"><span class='ocrx_word' id='word_1_757' title='bbox 765 5520 875 5572; x_wconf 87' lang='lat' dir='ltr'><strong>Sub</strong></span> <span class='ocrx_word' id='word_1_758' title='bbox 899 5519 1007 5571; x_wconf 65' lang='lat' dir='ltr'><strong>haec</strong></span> <span class='ocrx_word' id='word_1_759' title='bbox 1037 5519 1397 5573; x_wconf 80' lang='lat' dir='ltr'><strong>calamitatum</strong></span> <span class='ocrx_word' id='word_1_760' title='bbox 1422 5520 1570 5589; x_wconf 86' lang='lat' dir='ltr'><strong>impii</strong></span> <span class='ocrx_word' id='word_1_761' title='bbox 1614 5536 1807 5577; x_wconf 80' lang='lat' dir='ltr'><strong>causas</strong></span> <span class='ocrx_word' id='word_1_762' title='bbox 1846 5522 2174 5589; x_wconf 83' lang='lat' dir='ltr'><strong>expendent,</strong></span> <span class='ocrx_word' id='word_1_763' title='bbox 2211 5537 2291 5575; x_wconf 85' lang='lat' dir='ltr'><strong>re-</strong></span> 
     </span>
    </p>
   </div>
   <div class='ocr_carea' id='block_1_104' title="bbox 761 5611 2291 5683">
    <p class='ocr_par' dir='ltr' id='par_1_104' title="bbox 761 5611 2291 5683">
     <span class='ocr_line' id='line_1_104' title="bbox 761 5611 2291 5683; baseline 0.002 -21"><span class='ocrx_word' id='word_1_764' title='bbox 761 5620 905 5663; x_wconf 88' lang='lat' dir='ltr'><strong>ctum</strong></span> <span class='ocrx_word' id='word_1_765' title='bbox 958 5626 1076 5667; x_wconf 87' lang='lat' dir='ltr'><strong>esse</strong></span> <span class='ocrx_word' id='word_1_766' title='bbox 1114 5611 1373 5679; x_wconf 86' lang='lat' dir='ltr'><strong>judicium</strong></span> <span class='ocrx_word' id='word_1_767' title='bbox 1428 5611 1521 5681; x_wconf 85' lang='lat' dir='ltr'><strong>Dei</strong></span> <span class='ocrx_word' id='word_1_768' title='bbox 1562 5614 1931 5680; x_wconf 67' lang='lat' dir='ltr'><strong>prmdicantes.</strong></span> <span class='ocrx_word' id='word_1_769' title='bbox 1974 5612 2291 5683; x_wconf 88' lang='lat' dir='ltr'><strong>Oportuerat</strong></span> 
     </span>
    </p>
   </div>
   <div class='ocr_carea' id='block_1_105' title="bbox 833 5782 1400 5849">
    <p class='ocr_par' dir='ltr' id='par_1_105' title="bbox 833 5782 1400 5849">
     <span class='ocr_line' id='line_1_105' title="bbox 833 5782 1400 5849; baseline 0.007 -15"><span class='ocrx_word' id='word_1_770' title='bbox 833 5782 873 5812; x_wconf 85' lang='grc'><strong>⁶⁷</strong></span> <span class='ocrx_word' id='word_1_771' title='bbox 915 5782 1068 5835; x_wconf 78' lang='lat' dir='ltr'><strong>Prov.</strong></span> <span class='ocrx_word' id='word_1_772' title='bbox 1112 5800 1276 5849; x_wconf 75' lang='lat' dir='ltr'><strong>xvnl,</strong></span> <span class='ocrx_word' id='word_1_773' title='bbox 1314 5786 1400 5839; x_wconf 75' lang='grc'><strong>17.</strong></span> 
     </span>
    </p>
   </div>
   <div class='ocr_carea' id='block_1_106' title="bbox 2396 4608 3925 4685">
    <p class='ocr_par' dir='ltr' id='par_1_106' title="bbox 2396 4608 3925 4685">
     <span class='ocr_line' id='line_1_106' title="bbox 2396 4608 3925 4685; baseline -0.014 -10"><span class='ocrx_word' id='word_1_774' title='bbox 2396 4614 2775 4685; x_wconf 81' lang='grc' dir='ltr'><strong>σκηνώματος,</strong></span> <span class='ocrx_word' id='word_1_775' title='bbox 2824 4613 2997 4682; x_wconf 79' lang='grc' dir='ltr'><strong>θέαμα</strong></span> <span class='ocrx_word' id='word_1_776' title='bbox 3046 4611 3281 4665; x_wconf 81' lang='grc' dir='ltr'><strong>κείσεται</strong></span> <span class='ocrx_word' id='word_1_777' title='bbox 3325 4610 3539 4681; x_wconf 69' lang='grc' dir='ltr'><strong>οἰκτρὸν</strong></span> <span class='ocrx_word' id='word_1_778' title='bbox 3588 4610 3679 4664; x_wconf 69' lang='grc' dir='ltr'><strong>ἐπ’</strong></span> <span class='ocrx_word' id='word_1_779' title='bbox 3721 4608 3925 4676; x_wconf 69' lang='grc' dir='ltr'><strong>ὠφελείᾳ</strong></span> 
     </span>
    </p>
   </div>
   <div class='ocr_carea' id='block_1_107' title="bbox 2394 4688 3912 4775">
    <p class='ocr_par' dir='ltr' id='par_1_107' title="bbox 2394 4688 3912 4775">
     <span class='ocr_line' id='line_1_107' title="bbox 2394 4688 3912 4775; baseline -0.007 -17"><span class='ocrx_word' id='word_1_780' title='bbox 2394 4707 2486 4759; x_wconf 71' lang='grc' dir='ltr'><strong>καὶ</strong></span> <span class='ocrx_word' id='word_1_781' title='bbox 2516 4703 2869 4775; x_wconf 86' lang='grc' dir='ltr'><strong>σωφρονισμῷ</strong></span> <span class='ocrx_word' id='word_1_782' title='bbox 2894 4703 2999 4761; x_wconf 84' lang='grc' dir='ltr'><strong>τῶν</strong></span> <span class='ocrx_word' id='word_1_783' title='bbox 3030 4701 3293 4772; x_wconf 79' lang='grc' dir='ltr'><strong>ὁρώντων,</strong></span> <span class='ocrx_word' id='word_1_784' title='bbox 3317 4703 3388 4763; x_wconf 78' lang='grc' dir='ltr'><strong>οἳ,</strong></span> <span class='ocrx_word' id='word_1_785' title='bbox 3420 4700 3517 4769; x_wconf 76' lang='grc' dir='ltr'><strong>τὴν</strong></span> <span class='ocrx_word' id='word_1_786' title='bbox 3546 4688 3821 4769; x_wconf 56' lang='grc' dir='ltr'><strong>ἀπότομον</strong></span> <span class='ocrx_word' id='word_1_787' title='bbox 3848 4702 3912 4750; x_wconf 72' lang='grc' dir='ltr'><strong>τοι</strong></span> 
     </span>
    </p>
   </div>
   <div class='ocr_carea' id='block_1_108' title="bbox 2392 4789 3926 4863">
    <p class='ocr_par' dir='ltr' id='par_1_108' title="bbox 2392 4789 3926 4863">
     <span class='ocr_line' id='line_1_108' title="bbox 2392 4789 3926 4863; baseline -0.008 -14"><span class='ocrx_word' id='word_1_788' title='bbox 2392 4796 2524 4849; x_wconf 88' lang='grc' dir='ltr'><strong>Θεοῦ</strong></span> <span class='ocrx_word' id='word_1_789' title='bbox 2551 4795 2687 4849; x_wconf 83' lang='grc' dir='ltr'><strong>κατὰ</strong></span> <span class='ocrx_word' id='word_1_790' title='bbox 2718 4794 2809 4846; x_wconf 90' lang='grc' dir='ltr'><strong>τοῦ</strong></span> <span class='ocrx_word' id='word_1_791' title='bbox 2835 4793 3069 4845; x_wconf 83' lang='grc' dir='ltr'><strong>τοιούτου</strong></span> <span class='ocrx_word' id='word_1_792' title='bbox 3096 4792 3271 4863; x_wconf 85' lang='grc' dir='ltr'><strong>κρίσιν</strong></span> <span class='ocrx_word' id='word_1_793' title='bbox 3297 4789 3588 4859; x_wconf 81' lang='grc' dir='ltr'><strong>ὀφθαλμοῖς</strong></span> <span class='ocrx_word' id='word_1_794' title='bbox 3614 4789 3926 4861; x_wconf 76' lang='grc' dir='ltr'><strong>παραλαϐόν-</strong></span> 
     </span>
    </p>
   </div>
   <div class='ocr_carea' id='block_1_109' title="bbox 2391 4881 3915 4955">
    <p class='ocr_par' dir='ltr' id='par_1_109' title="bbox 2391 4881 3915 4955">
     <span class='ocr_line' id='line_1_109' title="bbox 2391 4881 3915 4955; baseline -0.007 -16"><span class='ocrx_word' id='word_1_795' title='bbox 2391 4905 2479 4950; x_wconf 86' lang='grc' dir='ltr'><strong>τες</strong></span> <span class='ocrx_word' id='word_1_796' title='bbox 2500 4928 2513 4953; x_wconf 92' lang='grc'><strong>,</strong></span> <span class='ocrx_word' id='word_1_797' title='bbox 2552 4887 2903 4955; x_wconf 83' lang='grc' dir='ltr'><strong>ἀγωνιάσηυσι</strong></span> <span class='ocrx_word' id='word_1_798' title='bbox 2957 4884 3048 4937; x_wconf 69' lang='grc' dir='ltr'><strong>καὶ</strong></span> <span class='ocrx_word' id='word_1_799' title='bbox 3090 4884 3404 4953; x_wconf 79' lang='grc' dir='ltr'><strong>φυλάξονται</strong></span> <span class='ocrx_word' id='word_1_800' title='bbox 3450 4882 3524 4952; x_wconf 81' lang='grc' dir='ltr'><strong>μὴ</strong></span> <span class='ocrx_word' id='word_1_801' title='bbox 3577 4884 3696 4943; x_wconf 83' lang='grc' dir='ltr'><strong>τοῖς</strong></span> <span class='ocrx_word' id='word_1_802' title='bbox 3744 4881 3915 4952; x_wconf 64' lang='grc' dir='ltr'><strong>ὁμοίοις</strong></span> 
     </span>
    </p>
   </div>
   <div class='ocr_carea' id='block_1_110' title="bbox 2392 4970 3901 5049">
    <p class='ocr_par' dir='ltr' id='par_1_110' title="bbox 2392 4970 3901 5049">
     <span class='ocr_line' id='line_1_110' title="bbox 2392 4970 3901 5049; baseline -0.005 -19"><span class='ocrx_word' id='word_1_803' title='bbox 2392 4981 2718 5049; x_wconf 86' lang='grc' dir='ltr'><strong>περιπεσεῖν.</strong></span> <span class='ocrx_word' id='word_1_804' title='bbox 2762 4972 2892 5028; x_wconf 75' lang='grc' dir='ltr'><strong>Εἶτα</strong></span> <span class='ocrx_word' id='word_1_805' title='bbox 2929 4976 3281 5046; x_wconf 81' lang='grc' dir='ltr'><strong>ἀναφέροντες</strong></span> <span class='ocrx_word' id='word_1_806' title='bbox 3306 4974 3369 5041; x_wconf 81' lang='grc' dir='ltr'><strong>τῇ</strong></span> <span class='ocrx_word' id='word_1_807' title='bbox 3403 4971 3588 5041; x_wconf 85' lang='grc' dir='ltr'><strong>μνήμῃ</strong></span> <span class='ocrx_word' id='word_1_808' title='bbox 3622 4973 3724 5042; x_wconf 84' lang='grc' dir='ltr'><strong>τὴν</strong></span> <span class='ocrx_word' id='word_1_809' title='bbox 3752 4970 3901 5043; x_wconf 61' lang='lat' dir='ltr'><strong>me</strong></span> 
     </span>
    </p>
   </div>
   <div class='ocr_carea' id='block_1_111' title="bbox 2395 5063 3915 5143">
    <p class='ocr_par' dir='ltr' id='par_1_111' title="bbox 2395 5063 3915 5143">
     <span class='ocr_line' id='line_1_111' title="bbox 2395 5063 3915 5143; baseline -0.005 -21"><span class='ocrx_word' id='word_1_810' title='bbox 2395 5086 2491 5139; x_wconf 83' lang='grc' dir='ltr'><strong>ραν</strong></span> <span class='ocrx_word' id='word_1_811' title='bbox 2537 5068 2628 5121; x_wconf 90' lang='grc' dir='ltr'><strong>τοῦ</strong></span> <span class='ocrx_word' id='word_1_812' title='bbox 2668 5066 2886 5120; x_wconf 86' lang='grc' dir='ltr'><strong>δυνατοῦ</strong></span> <span class='ocrx_word' id='word_1_813' title='bbox 2925 5070 2981 5119; x_wconf 85' lang='grc' dir='ltr'><strong>ὲν</strong></span> <span class='ocrx_word' id='word_1_814' title='bbox 3012 5066 3177 5136; x_wconf 84' lang='grc' dir='ltr'><strong>κακίᾳ</strong></span> <span class='ocrx_word' id='word_1_815' title='bbox 3208 5063 3592 5143; x_wconf 84' lang='grc' dir='ltr'><strong>μεγαλαυχίαν,</strong></span> <span class='ocrx_word' id='word_1_816' title='bbox 3619 5065 3683 5117; x_wconf 85' lang='grc' dir='ltr'><strong>τό</strong></span> <span class='ocrx_word' id='word_1_817' title='bbox 3722 5082 3783 5117; x_wconf 85' lang='grc' dir='ltr'><strong>τε</strong></span> <span class='ocrx_word' id='word_1_818' title='bbox 3812 5063 3915 5129; x_wconf 72' lang='grc' dir='ltr'><strong>ὓψοτ</strong></span> 
     </span>
    </p>
   </div>
   <div class='ocr_carea' id='block_1_112' title="bbox 2394 5154 3924 5231">
    <p class='ocr_par' dir='ltr' id='par_1_112' title="bbox 2394 5154 3924 5231">
     <span class='ocr_line' id='line_1_112' title="bbox 2394 5154 3924 5231; baseline -0.008 -17"><span class='ocrx_word' id='word_1_819' title='bbox 2394 5162 2485 5215; x_wconf 74' lang='grc' dir='ltr'><strong>καὶ</strong></span> <span class='ocrx_word' id='word_1_820' title='bbox 2514 5162 2609 5231; x_wconf 84' lang='grc' dir='ltr'><strong>τὴν</strong></span> <span class='ocrx_word' id='word_1_821' title='bbox 2637 5158 3002 5228; x_wconf 79' lang='grc' dir='ltr'><strong>ὑπερηφανίαν</strong></span> <span class='ocrx_word' id='word_1_822' title='bbox 3028 5155 3210 5215; x_wconf 81' lang='grc' dir='ltr'><strong>αὐτοῦ,</strong></span> <span class='ocrx_word' id='word_1_823' title='bbox 3235 5155 3459 5223; x_wconf 79' lang='grc' dir='ltr'><strong>ὁρῶντες</strong></span> <span class='ocrx_word' id='word_1_824' title='bbox 3479 5154 3537 5206; x_wconf 86' lang='grc' dir='ltr'><strong>δὲ</strong></span> <span class='ocrx_word' id='word_1_825' title='bbox 3568 5155 3668 5207; x_wconf 78' lang='grc' dir='ltr'><strong>καὶ</strong></span> <span class='ocrx_word' id='word_1_826' title='bbox 3687 5155 3785 5226; x_wconf 81' lang='grc' dir='ltr'><strong>τὴν</strong></span> <span class='ocrx_word' id='word_1_827' title='bbox 3808 5154 3924 5223; x_wconf 64' lang='grc' dir='ltr'><strong>μετὰ</strong></span> 
     </span>
    </p>
   </div>
   <div class='ocr_carea' id='block_1_113' title="bbox 2392 5241 3913 5318">
    <p class='ocr_par' dir='ltr' id='par_1_113' title="bbox 2392 5241 3913 5318">
     <span class='ocr_line' id='line_1_113' title="bbox 2392 5241 3913 5318; baseline -0.007 -15"><span class='ocrx_word' id='word_1_828' title='bbox 2392 5250 2561 5303; x_wconf 86' lang='grc' dir='ltr'><strong>ταῦτα</strong></span> <span class='ocrx_word' id='word_1_829' title='bbox 2602 5245 2952 5318; x_wconf 80' lang='grc' dir='ltr'><strong>μετελθοῦσαν</strong></span> <span class='ocrx_word' id='word_1_830' title='bbox 2992 5246 3149 5299; x_wconf 81' lang='grc' dir='ltr'><strong>αὐτὸν</strong></span> <span class='ocrx_word' id='word_1_831' title='bbox 3186 5243 3504 5297; x_wconf 80' lang='grc' dir='ltr'><strong>ταπείνωσίν</strong></span> <span class='ocrx_word' id='word_1_832' title='bbox 3545 5261 3607 5296; x_wconf 82' lang='grc' dir='ltr'><strong>τε</strong></span> <span class='ocrx_word' id='word_1_833' title='bbox 3657 5247 3753 5298; x_wconf 72' lang='grc' dir='ltr'><strong>καὶ</strong></span> <span class='ocrx_word' id='word_1_834' title='bbox 3794 5241 3913 5295; x_wconf 59' lang='lat' dir='ltr'><strong>diu}:</strong></span> 
     </span>
    </p>
   </div>
   <div class='ocr_carea' id='block_1_114' title="bbox 2354 5334 3924 5405">
    <p class='ocr_par' dir='ltr' id='par_1_114' title="bbox 2354 5334 3924 5405">
     <span class='ocr_line' id='line_1_114' title="bbox 2354 5334 3924 5405; baseline -0.006 -13"><span class='ocrx_word' id='word_1_835' title='bbox 2354 5343 2554 5403; x_wconf 51' lang='lat' dir='ltr'><strong>ista»),</strong></span> <span class='ocrx_word' id='word_1_836' title='bbox 2598 5338 2990 5404; x_wconf 84' lang='grc' dir='ltr'><strong>καταγέλαστον</strong></span> <span class='ocrx_word' id='word_1_837' title='bbox 3031 5335 3187 5389; x_wconf 67' lang='grc' dir='ltr'><strong>αὑτὸν</strong></span> <span class='ocrx_word' id='word_1_838' title='bbox 3236 5336 3546 5405; x_wconf 80' lang='grc' dir='ltr'><strong>ἡγήσονται,</strong></span> <span class='ocrx_word' id='word_1_839' title='bbox 3580 5335 3641 5401; x_wconf 72' lang='grc' dir='ltr'><strong>ἐξ</strong></span> <span class='ocrx_word' id='word_1_840' title='bbox 3691 5336 3816 5387; x_wconf 76' lang='grc' dir='ltr'><strong>οἴων</strong></span> <span class='ocrx_word' id='word_1_841' title='bbox 3860 5334 3924 5383; x_wconf 64' lang='grc' dir='ltr'><strong>εἰς</strong></span> 
     </span>
    </p>
   </div>
   <div class='ocr_carea' id='block_1_115' title="bbox 2388 5413 3924 5499">
    <p class='ocr_par' dir='ltr' id='par_1_115' title="bbox 2388 5413 3924 5499">
     <span class='ocr_line' id='line_1_115' title="bbox 2388 5413 3924 5499; baseline -0.009 -17"><span class='ocrx_word' id='word_1_842' title='bbox 2388 5426 2472 5483; x_wconf 79' lang='grc' dir='ltr'><strong>οἶα</strong></span> <span class='ocrx_word' id='word_1_843' title='bbox 2508 5427 2890 5499; x_wconf 83' lang='grc' dir='ltr'><strong>μεταπέπτωκε</strong></span> <span class='ocrx_word' id='word_1_844' title='bbox 2915 5426 3197 5494; x_wconf 80' lang='grc' dir='ltr'><strong>θεωμενοι’</strong></span> <span class='ocrx_word' id='word_1_845' title='bbox 3225 5422 3564 5487; x_wconf 75' lang='grc' dir='ltr'><strong>ἀποδέξονται</strong></span> <span class='ocrx_word' id='word_1_846' title='bbox 3598 5422 3662 5474; x_wconf 65' lang='grc' dir='ltr'><strong>δὲ</strong></span> <span class='ocrx_word' id='word_1_847' title='bbox 3692 5419 3784 5472; x_wconf 86' lang='grc' dir='ltr'><strong>τοῦ</strong></span> <span class='ocrx_word' id='word_1_848' title='bbox 3808 5413 3924 5469; x_wconf 63' lang='grc' dir='ltr'><strong>Θεοί</strong></span> 
     </span>
    </p>
   </div>
   <div class='ocr_carea' id='block_1_116' title="bbox 2388 5504 3921 5591">
    <p class='ocr_par' dir='ltr' id='par_1_116' title="bbox 2388 5504 3921 5591">
     <span class='ocr_line' id='line_1_116' title="bbox 2388 5504 3921 5591; baseline -0.007 -19"><span class='ocrx_word' id='word_1_849' title='bbox 2388 5524 2482 5591; x_wconf 80' lang='grc' dir='ltr'><strong>τὴν</strong></span> <span class='ocrx_word' id='word_1_850' title='bbox 2512 5520 2707 5591; x_wconf 82' lang='grc' dir='ltr'><strong>κρίσιν,</strong></span> <span class='ocrx_word' id='word_1_851' title='bbox 2736 5518 2945 5569; x_wconf 84' lang='grc' dir='ltr'><strong>δικαίαν</strong></span> <span class='ocrx_word' id='word_1_852' title='bbox 2991 5515 3158 5585; x_wconf 72' lang='grc' dir='ltr'><strong>αὐτὴν</strong></span> <span class='ocrx_word' id='word_1_853' title='bbox 3195 5508 3328 5565; x_wconf 82' lang='grc' dir='ltr'><strong>εἶναι</strong></span> <span class='ocrx_word' id='word_1_854' title='bbox 3370 5512 3775 5583; x_wconf 83' lang='grc' dir='ltr'><strong>ὁμολογοῦντες.</strong></span> <span class='ocrx_word' id='word_1_855' title='bbox 3809 5504 3921 5561; x_wconf 78' lang='grc' dir='ltr'><strong>Εἷτῐ</strong></span> 
     </span>
    </p>
   </div>
   <div class='ocr_carea' id='block_1_117' title="bbox 2390 5600 3911 5674">
    <p class='ocr_par' dir='ltr' id='par_1_117' title="bbox 2390 5600 3911 5674">
     <span class='ocr_line' id='line_1_117' title="bbox 2390 5600 3911 5674; baseline -0.007 -11"><span class='ocrx_word' id='word_1_856' title='bbox 2390 5614 2478 5665; x_wconf 67' lang='grc' dir='ltr'><strong>καὶ</strong></span> <span class='ocrx_word' id='word_1_857' title='bbox 2509 5612 2603 5674; x_wconf 85' lang='grc' dir='ltr'><strong>τὰς</strong></span> <span class='ocrx_word' id='word_1_858' title='bbox 2637 5610 2810 5671; x_wconf 77' lang='grc' dir='ltr'><strong>αἰτίας</strong></span> <span class='ocrx_word' id='word_1_859' title='bbox 2844 5606 3216 5670; x_wconf 74' lang='grc' dir='ltr'><strong>διελεύσονται,</strong></span> <span class='ocrx_word' id='word_1_860' title='bbox 3248 5605 3313 5657; x_wconf 86' lang='grc' dir='ltr'><strong>δι’</strong></span> <span class='ocrx_word' id='word_1_861' title='bbox 3355 5606 3419 5667; x_wconf 77' lang='grc' dir='ltr'><strong>ἃς</strong></span> <span class='ocrx_word' id='word_1_862' title='bbox 3454 5603 3631 5657; x_wconf 89' lang='grc' dir='ltr'><strong>ταῦτα</strong></span> <span class='ocrx_word' id='word_1_863' title='bbox 3679 5600 3911 5655; x_wconf 64' lang='grc' dir='ltr'><strong>πέπονθε*</strong></span> 
     </span>
    </p>
   </div>
  </div>
