3958 6340
706 436 802 492 tm
870 394 873 397 λ

1360 419 1627 477 EUSEBII
1664 412 2136 474 CESARIENSIS
2182 410 2331 467 OPP.
2377 407 2558 464 PARS
2618 406 2707 462 lll.
2747 432 2815 446 ~—
2854 400 3258 461 EXEGETICA.

708 556 953 622 signans,
992 558 1183 602 norum
1228 554 1449 597 causam
1482 539 1747 595 bonorum
1781 535 2024 589 omnium
2058 531 2265 587 submi—

2373 528 2767 595 τυπωσάμενος,
2815 523 2911 594 τὴν
2970 521 3147 575 αἰτίαν
3200 519 3416 584 ἐξάπτει
3447 518 3525 590 τῷ
3566 517 3775 571 πάντων
3807 517 3896 571 τῶν

710 635 988 694 nistratori
1033 631 1257 689 ascribit
1287 630 1521 685 dicens':
1564 623 1865 696 Conﬁtebor
1896 622 1991 677 tibi
2019 623 2073 676 in
2097 638 2267 675 sarcu—

713 729 841 789 lam,
869 725 995 795 quia
1027 720 1217 792 fecisti.
1248 718 1433 788 Neque
1453 716 1596 772 enim
1625 728 1749 784 ego,-
1777 712 1974 783 inquit,
2011 725 2098 765 me
2128 709 2270 765 sicut

713 812 1262 874 olivam-fructiferam
1293 808 1594 876 composui,
1630 805 1721 860 sed
1743 812 1801 858 tu
1831 801 2006 858 fecisti
2048 818 2060 853 :
2092 800 2187 855 abs
2216 808 2270 853 te

706 910 855 965 enim
881 908 1053 978 gratia
1079 923 1093 971 ;
1119 918 1287 975 quare
1325 914 1600 970 nunquam
1631 900 1790 965 linem
1815 895 2006 948 faciam
2030 891 2130 947 tibi
2148 906 2270 961 gra-

707 1004 818 1057 tias
848 998 1081 1055 habendi
1141 1011 1204 1051 ac
1246 986 1588 1050 confitendi:
1635 991 1726 1045 sed
1766 990 2070 1061 postquam
2104 984 2269 1040 semel

712 1093 926 1165 speravi
950 1094 1003 1145 in
1025 1087 1399 1144 misericordia
1443 1084 1557 1150 Dei,
1588 1081 1892 1149 exspectabo
1920 1096 2102 1135 nomen
2133 1078 2264 1147 ejus.

650 1232 655 1239 .
712 1185 847 1240 Nam
879 1198 1002 1237 cum
1029 1182 1171 1236 bona
1198 1195 1321 1250 spes
1363 1177 1559 1239 subsit,
1597 1175 1859 1246 patientia
1909 1172 2065 1227 nobis
2109 1185 2265 1241 opus.

712 1276 1053 1345 Quapropter
1082 1270 1386 1341 exspectabo
1438 1284 1623 1322 nomen
1679 1277 1845 1329 tuum,
1897 1264 1991 1327 ait,
2021 1264 2267 1334 quoniam

712 1370 904 1422 bonum
921 1376 997 1420 est
1026 1368 1080 1419 in
1110 1374 1381 1432 conspectu
1405 1371 1705 1416 sanctorum
1758 1368 2003 1419 tuorum;
2037 1356 2150 1412 sive
2172 1369 2267 1410 se-

715 1460 955 1514 cundum
996 1456 1405 1528 Symmachum,
1441 1454 1703 1519 Quoniam
1722 1450 1913 1503 bonum
1956 1456 2033 1503 est
2085 1462 2271 1502 nomen

717 1549 943 1618 tuumin
960 1556 1230 1616 conspectu
1245 1552 1544 1599 sanctorum
1568 1553 1793 1595 tuorum.
1819 1538 2033 1594 Gnarus
2088 1538 2271 1606 itaque

719 1639 894 1711 ipsum
922 1640 1123 1693 bonum
1165 1651 1286 1690 esse
1331 1643 1384 1689 et
1410 1635 1675 1688 bonorum
1694 1638 1991 1692 auctorem,
2032 1616 2151 1682 non
2175 1641 2270 1696 po-

713 1709 952 1787 nantibus
991 1730 1045 1783 in
1078 1728 1303 1789 malitia,
1353 1741 1465 1779 non
1512 1724 1739 1793 abjectis
1793 1709 2126 1782 hominibus,
2178 1716 2272 1771 sed

715 1824 956 1889 sanctis;
995 1822 1119 1892 jure
1157 1818 1461 1888 exspectabo
1506 1833 1690 1871 nomen
1749 1823 1925 1877 tuum,
1981 1812 2123 1866 bona
2179 1826 2275 1881 spe

2367 613 2583 682 ἀγαθῶν
2617 610 2836 683 χορηγῷ
2866 610 3059 679 λέγων·
3116 607 3659 678 Ἐξομολοτήσομαί
3711 622 3804 661 σοι
3828 611 3900 672 sic

2366 706 2471 759 τὸν
2502 704 2705 767 αἰῶνα,
2743 704 2834 757 ὅτι
2893 703 3202 771 ἐποίησας.
3260 703 3332 756 Ob
3391 700 3499 772 γὰρ
3556 698 3687 768 ἐγὼ,
3739 699 3897 770 φησὶν,

2367 800 2596 872 ἐποίησα
2630 798 2861 868 ἐμαυτὸν
2891 788 3023 849 ώσεὶ
3054 795 3234 848 ἐλαίαν
3270 793 3641 864 κατάκαρπον,
3696 792 3821 846 ἀλλά
3847 794 3901 845 σὺ

2366 890 2643 961 ἐποίησας’
2677 886 2821 959 ’ταρά
2858 885 2952 941 σοῦ
2973 886 3079 957 γάρ
3104 889 3137 956 ἡ
3171 886 3343 955 χάρις·
3376 884 3456 938 διὸ
3506 883 3759 937 οὐδέποτε
3782 883 3901 934 παύ-

2369 982 2529 1052 σομαί
2553 998 2637 1033 σοι
2669 979 2765 1051 τὴν
2792 979 2949 1050 χάριν
2979 977 3150 1041 εἰδὼς,
3178 977 3267 1030 καί
3314 993 3395 1028 σοι
3420 973 3901 1046 ἐξομολογούμενος·

2368 1074 2513 1140 ἅπαξ
2542 1074 2597 1127 δὲ
2621 1073 2843 1134 ἐλπίσας
2867 1070 2958 1122 ἐπὶ
2987 1069 3046 1122 τὸ
3075 1068 3219 1130 ἕλεος
3239 1065 3332 1119 τοῦ
3357 1064 3513 1129 Θεοῦ,
3550 1062 3820 1133 ὑπομενῶ
3850 1061 3905 1115 τὸ

2367 1167 2555 1235 ὄνομα
2585 1163 2789 1218 αὑτοῦ.
2807 1162 2919 1231 Τῆς
2942 1161 3049 1233 γὰρ
3073 1158 3282 1229 ἀγαθῆς
3310 1157 3519 1221 ἐλπίδος
3545 1156 3907 1226 ὑποκειμένης,

2367 1258 2641 1330 ὑπομονῆς
2669 1258 2801 1328 ἡμῖν
2832 1254 3006 1326 χρεία.
3032 1252 3125 1311 Διὸ
3146 1248 3422 1320 ὑπομενῶ
3460 1250 3529 1303 τὸ
3574 1247 3760 1319 ὄνομὰ
3789 1263 3907 1309 σου.

2369 1354 2550 1422 φησὶν,
2569 1349 2657 1402 ὅτι
2684 1347 2950 1418 χρηστόν
2966 1346 3135 1403 ἐστιν
3152 1342 3426 1397 ἐναντίον
3445 1340 3563 1394 τῶν
3594 1340 3777 1395 ὁσίων
3793 1356 3911 1393 σου’

2366 1443 2399 1515 ἢ
2431 1441 2569 1496 κατὰ
2591 1440 2680 1493 τὸν
2713 1438 3025 1508 Σύμμαχον,
3054 1435 3173 1487 Ὅτι
3208 1432 3432 1502 ἀγαθὸν
3458 1432 3523 1485 τὸ
3574 1429 3769 1500 ὄνομᾶ
3812 1446 3911 1483 σου

2368 1536 2648 1602 ἄντικρυς
2705 1530 2820 1585 τῶν
2856 1530 3042 1583 ὁσίων
3088 1541 3223 1580 σου.
3266 1524 3447 1587 Εἰδὼς
3474 1519 3588 1586 οὖν,
3614 1524 3697 1577 ὅτι
3728 1522 3910 1591 ἀγαθόν

2370 1628 2504 1689 ἐστι,
2536 1625 2625 1676 καὶ
2661 1621 2876 1691 ἀγαθῶν
2901 1618 3199 1691 ποιητικδν,
3235 1617 3295 1669 οὐ
3325 1618 3435 1679 τοῖς
3474 1612 3721 1679 δυνατοῖς
3748 1616 3804 1667 ὲν
3830 1632 3912 1666 κα-

2370 1718 2481 1788 κίᾳ,
2510 1715 2629 1769 οὐδὲ
2679 1717 2790 1777 τοῖς
2839 1712 3163 1784 ἀποόλήτοις
3213 1709 3321 1763 τῶν
3379 1708 3615 1774 ζώντων,
3667 1707 3803 1761 ἀλλά
3819 1709 3914 1767 τοῖς

2370 1808 2555 1869 ὁσίοις,
2584 1806 2805 1868 εἰκότως
2832 1802 3106 1873 ὑπομενῶ
3140 1802 3207 1856 τὸ
3231 1799 3415 1870 ὄνομά
3437 1816 3575 1865 σου,
3615 1798 3828 1862 εὔελπις
3852 1797 3914 1850 ὢν

712 1916 902 1970 fruens
933 1930 1017 1969 me
1055 1926 1332 1980 nunquam
1380 1911 1658 1978 lapsurum
1696 1921 1726 1959 a
1755 1903 2126 1960 misericordia
2156 1911 2267 1956 tua.

2377 1900 2583 1968 μήποτε
2637 1898 2887 1949 ἐκπεσεῖν
2941 1894 3033 1947 τοῦ
3070 1893 3162 1947 σοῦ
3226 1891 3427 1955 ἐλέους.
3471 1890 3633 1945 Οὖτω
3676 1890 3809 1960 γοῦν
3832 1890 3911 1959 ἦλα

709 2010 809 2066 Sic
838 2010 1020 2079 itaque
1051 2009 1106 2061 in
1134 2008 1255 2075 ipso
1288 2003 1499 2073 speravi
1547 2002 1601 2054 in
1632 2008 1893 2054 aeternum
1921 2008 1983 2053 et
2007 1997 2062 2051 in
2094 2012 2266 2052 saecu-

714 2102 825 2156 lum
854 2102 1060 2156 saeculi.
1182 2085 1189 2089 ’

715 2213 768 2266 1.
808 2210 875 2266 IN
926 2206 1170 2272 FINEM,
1206 2204 1346 2261 PRO
1384 2201 1792 2267 MAHELETH,
1832 2198 2271 2255 INTELLIGEN-

1232 2275 1367 2331 TUE
1395 2272 1611 2340 ,DAVlD
1651 2272 1758 2327 ιιι.

788 2374 951 2429 Vens.
977 2372 1095 2426 2-6.
1133 2370 1280 2425 Dixit
1309 2369 1556 2435 insipiens
1604 2368 1659 2421 in
1705 2365 1858 2420 corde
1880 2382 1975 2420 suo
2005 2381 2021 2417 :
2053 2362 2175 2418 Non
2192 2373 2269 2427 est

715 2469 876 2523 Deus.
906 2464 1293 2533 Corrupti‘sunt
1330 2472 1379 2515 et
1405 2458 1778 2513 abominabiles
1801 2457 1928 2526 facti
1948 2464 2068 2510 sunt
2090 2455 2146 2509 in
2170 2457 2273 2509 ini-

713 2560 1021 2633 quitatibus,
1042 2574 1146 2610 non
1191 2564 1269 2611 est
1307 2556 1395 2624 qui
1436 2551 1601 2622 faciat
1631 2550 1841 2605 bonum.
1874 2549 2272 2620 Quinquagesi-

712 2667 836 2706 mus
866 2650 1107 2719 psalmus
1139 2645 1495 2701 confessionis
1520 2644 1741 2699 modum
1785 2644 1924 2712 ejus,
1983 2658 2143 2714 quem
2177 2641 2272 2695 ad-

713 2742 865 2796 missi
905 2737 1109 2810 peccati
1150 2738 1392 2807 pcenilet,
1424 2734 1841 2805 complectitur;
1890 2747 2123 2803 sequens
2145 2747 2271 2787 vero

713 2836 770 2888 in
794 2834 997 2886 malitia
1016 2832 1246 2902 potentis
1273 2837 1326 2885 et
1359 2828 1509 2898 impii
1541 2828 1709 2883 moris
1771 2826 2040 2881 insaniam
2072 2825 2273 2880 descri-

712 2926 831 2991 bit;
861 2940 924 2979 ac
944 2925 1139 2994 qualis,
1168 2938 1291 2977 cum
1320 2920 1505 2984 istum,
1536 2929 1651 2974 tum
1678 2920 1939 2989 priorem,
1967 2917 2089 2973 linis
2115 2932 2273 2971 exce-

712 3021 873 3089 perit.
907 3018 1039 3071 Nam
1070 3018 1117 3071 ei
1138 3018 1229 3085 qui
1254 3018 1308 3070 in
1344 3015 1501 3069 malis
1532 3014 1647 3069 suis
1682 3014 2015 3084 gloriabatur
2068 3014 2274 3068 dictum

711 3120 797 3164 est
827 3127 838 3161 :
877 3107 1161 3175 Propterea
1196 3105 1331 3158 Deus
1357 3104 1587 3159 destruet
1626 3114 1674 3159 te
1702 3105 1756 3156 in
1790 3093 1968 3173 ﬁnem,
2000 3103 2181 3158 evellet
2205 3116 2271 3169 te,

711 3212 763 3257 et
785 3200 1058 3271 emigrabit
1089 3209 1135 3253 te
1152 3199 1215 3252 de
1260 3198 1596 3253 tabernaculo
1613 3199 1696 3262 7°;
1727 3214 1792 3253 ex
1823 3213 2056 3269 persona
2094 3208 2273 3254 autem

2370 2007 2503 2043 πισα
2537 1990 2621 2043 ἐπ’
2644 1987 2792 2059 αὐτῷ
2824 1990 2901 2051 εἰς
2954 1987 3045 2040 τὸν
3092 1985 3261 2039 αἰῶνα
3291 1986 3381 2037 καὶ
3411 1987 3492 2049 είς
3533 1984 3621 2038 τὸν
3647 1984 3813 2039 αἰῶνα
3837 1982 3915 2037 τοῦ

2370 2079 2583 2143 αἰῶνος.

3804 401 3894 461 ὅ,
3942 360 3943 365 ,

2373 2192 2481 2245 Eis
2518 2192 2604 2245 το
2645 2191 2890 2258 ΤΕΛΟΣ,
2928 2149 3110 2246 ΥΠΕΡ
3148 2185 3811 2248 ΜΑΕΑΕΘ.ΣΥΝΕΣΕΩΣ
3844 2186 3944 2239 του

2988 2260 3187 2314 ΔΑΥΙΔ
3224 2258 3327 2312 NB'

2439 2374 2622 2431 Εἶπεν
2658 2376 2861 2446 ἄφρων
2878 2378 2947 2429 ἐν
2978 2375 3184 2444 καρδίᾳ
3211 2376 3414 2430 αὐτοῦ·
3451 2376 3571 2429 Οὐκ
3598 2375 3732 2428 ἐστι
3772 2373 3917 2437 Θεὸς.

2372 2466 2781 2536 Διεφθάρττσαν
2806 2466 2902 2519 καὶ
2928 2466 3379 2533 ἐϐδελύχθησαν
3407 2466 3477 2519 ἐν
3503 2465 3796 2532 ἀνομίαις,
3826 2466 3921 2516 οὐκ

2371 2559 2503 2613 ἔστι
2524 2556 2713 2611 ’ποιῶν
2740 2558 2984 2628 ἀγαθόν.
3026 2558 3081 2609 '0
3118 2558 3215 2627 μὲν
3254 2563 3295 2610 v'
3320 2555 3707 2629 ἐξομολόγησιν
3736 2554 3921 2627 τρόπου

2375 2651 2865 2724 μεταγινώσκοντος
2919 2652 3003 2720 ἐφ’
3035 2646 3117 2714 οἷς
3171 2651 3439 2722 ἥμαρτεν,
3499 2653 3795 2723 περιεῖχεν’
3829 2648 3923 2702 ὁδὶ

2374 2744 2499 2813 ἑξῆς
2527 2742 2694 2814 αὐτῷ,
2725 2742 2979 2796 ἀπόνοιαν
3005 2742 3098 2796 τοῦ
3131 2744 3188 2796 ὲν
3217 2742 3382 2813 κακίᾳ
3403 2742 3628 2797 δυνατοῦ
3660 2742 3754 2796 καὶ
3779 2740 3925 2795 ἀθέου

2371 2837 2589 2909 τρόπου·
2638 2834 2818 2888 ὁποῖόν
2878 2852 2936 2887 τε
2984 2833 3169 2889 τοῦτον
3213 2834 3474 2905 διεδέχετο
3530 2834 3594 2887 τὸ
3645 2832 3814 2896 τέλος,
3848 2833 3927 2885 καὶ

2373 2929 2555 2981 ὁποῖον
2573 2927 2663 2980 τὸν
2707 2927 2987 2998 πρότερον.
3022 2925 3111 2996 Τῷ
3146 2926 3242 2997 μὲν
3264 2925 3370 2997 γὰρ
3409 2925 3813 2997 καυχησαμένῳ
3849 2924 3929 2975 ἐπὶ

2374 3020 2483 3080 τοῖς
2507 3015 2701 3070 ἑαυτοῦ
2726 3008 2913 3080 κακοῖς
2938 3015 3168 3085 ἐλέγετο·
3197 3014 3503 3069 Διὰ·τοῦτο
3547 3020 3580 3069 d
3630 3016 3775 3082 Θεὸς
3802 3016 3927 3067 καθ·

2384 3108 2516 3163 ελεῖ
2532 3124 2615 3161 σε
2634 3111 2721 3174 είς
2748 3106 2939 3172 τέλος,
2960 3107 3184 3161 exrnat
3212 3124 3285 3160 σε
3312 3106 3412 3160 καὶ
3457 3105 3929 3177 μετανασεεῦσοί

2373 3214 2449 3252 σε
2476 3197 2593 3251 ἀπὸ
2620 3195 3030 3265 σκηνώματοςο
3063 3198 3127 3249 ἐκ
3178 3196 3465 3268 προσώπου
3492 3198 3550 3250 δὲ
3579 3198 3673 3250 τοῦ
3697 3197 3929 3266 ἐξομολο-

710 3291 1026 3347 conlitentis
1044 3291 1406 3361 subjungitur,
1430 3289 1538 3361 Ego
1567 3299 1738 3344 autem
1766 3292 1899 3344 sicut
1917 3292 2053 3345 oliva
2084 3280 2270 3358 fructi-

2376 3290 2686 3362 γησαμένου
2716 3291 2953 3360 ἐπήγετο
2978 3288 3106 3360 ἑξῆς
3161 3290 3242 3355 τὸ,
3305 3290 3445 3359 Ἐγὼ
3479 3289 3548 3343 δὲ
3596 3291 3740 3344 ὡσεὶ
3772 3290 3929 3344 ἐλαία

716 3390 900 3455 ferain
919 3386 1071 3440 domo
1102 3383 1216 3457 Dei,
1249 3384 1449 3451 speravi
1468 3382 1525 3436 in
1557 3383 1921 3437 misericordia
1940 3383 2052 3452 ejus
2076 3386 2132 3438 in
2168 3402 2272 3440 sa:-

710 3477 982 3535 culum“.
1020 3475 1118 3529 Hic
1152 3490 1275 3531 vero
1341 3474 1435 3545 qui
1484 3474 1727 3545 psalmus
1780 3490 1888 3531 non
1942 3484 2047 3539 est,
2098 3492 2273 3546 neque

709 3575 856 3630 enim
888 3571 963 3626 ita
995 3569 1344 3635 inscribitur;
1392 3568 1488 3623 sed
1536 3583 1711 3638 neque
1743 3569 2013 3627 canticum
2038 3610 2053 3634 ,
2099 3586 2273 3640 neque

711 3668 842 3740 quid
878 3666 1087 3731 simile,
1147 3663 1407 3719 salutaris
1456 3661 1552 3717 Dei
1608 3663 1875 3719 adventus
1929 3664 2271 3735 prophetiam

712 3757 957 3815 continet
988 3794 1003 3814 .
1053 3769 1214 3824 quem
1249 3752 1403 3807 multi
1434 3753 1708 3822 pmpbetse
1742 3760 1795 3807 et
1820 3753 1952 3823 justi
1986 3755 2273 3809 voluerunt

712 3848 913 3904 videre.
944 3847 1190 3900 Praesens
1209 3846 1409 3915 itaque,
1436 3846 1593 3914 quasi
1624 3846 1678 3898 in
1719 3847 1962 3900 omnium
1991 3846 2269 3901 hominum

716 3937 898 4001 ruina,
926 3944 979 3990 et
1002 3935 1156 4005 quasi
1216 3935 1271 3988 in
1301 3937 1572 3990 communi
1604 3935 1887 4007 naufragio
1934 3937 2050 3992 haec
2080 3952 2271 4007 preca-

717 4038 807 4085 tur
832 4049 845 4083 :
877 4028 1008 4095 Quis
1028 4026 1174 4079 dabit
1198 4042 1268 4095 ea:
1298 4026 1426 4081 Sion
1456 4026 1703 4082 Salutare
1744 4027 1961 4084 Israel?
2001 4046 2118 4083 cum
2148 4046 2271 4083 con-

714 4123 921 4178 verterit
953 4120 1204 4174 Dominus
1251 4119 1601 4185 captivitatem
1623 4120 1786 4187 plebis
1822 4138 1953 4186 sum,
1984 4121 2272 4177 exsultabit

714 4215 879 4269 Iacob
912 4221 959 4267 et
990 4208 1451 4266 lwtabiturlsrael
1470 4225 1487 4263 :
1521 4212 1737 4280 quando
1786 4211 2051 4267 conﬁtens
2092 4213 2272 4267 decla-

718 4320 953 4375 ransque
977 4288 1198 4374 peccata
1222 4316 1339 4365 sua,
1373 4316 1467 4371 per
1494 4304 1787 4357 salutarem
1833 4300 1931 4357 Dei
1979 4301 2271 4356 adventum

713 4398 1087 4471 purgationem
1113 4390 1517 4449 consecuturus
1541 4401 1658 4449 erat
1682 4414 1697 4459 ;
1726 4392 1944 4463 quando
1966 4393 2116 4464 impii
2139 4405 2192 4449 et
2215 4395 2272 4449 in

713 4489 919 4543 malitia
949 4494 1194 4558 potentes
1243 4485 1520 4540 hominum
1578 4498 1781 4550 mores,
1830 4499 1938 4538 non
1983 4499 2079 4553 per
2106 4486 2270 4539 alium

713 4597 878 4654 quam
927 4596 1025 4651 per
1076 4594 1244 4636 unum
1298 4577 1658 4641 Salvatorem,
1719 4576 1811 4647 qui
1875 4575 2271 4633 insanabilibus

2374 3382 2750 3450 κατάκαρπος
2781 3381 2851 3435 ἐν
2880 3379 2961 3447 τῷ
2987 3381 3129 3446 οἴκῳ
3152 3381 3255 3435 τοῦ
3297 3379 3464 3445 Θεοῦ,
3492 3380 3731 3450 ἤλπισα
3751 3382 3845 3434 ἐπὶ
3872 3378 3943 3439 τὸ,

2370 3473 2540 3539 ἕλεος
2571 3472 2755 3527 αὑτοῦ
2777 3475 2864 3539 εἰς
2891 3471 2998 3526 τὸν
3047 3472 3247 3527 αἰῶνα.
3295 3470 3352 3527 '0
3399 3474 3456 3527 δὲ
3513 3474 3703 3547 παρὼν
3745 3474 3845 3527 οὐκ
3866 3473 3937 3547 ὣν,

2369 3566 2601 3637 ψαλμὸς,
2632 3567 2692 3619 ού
2738 3566 2847 3638 γάρ
2880 3564 3051 3631 οὕτως
3083 3567 3503 3639 ἐπιγέγραπται,
3536 3568 3652 3622 ἀλλ’
3673 3568 3792 3621 οὐδὲ
3811 3566 3928 3637 ᾠδὴν

2369 3660 2490 3713 οὐδέ
2514 3678 2563 3712 τι
2594 3658 2701 3713 τῶν
2725 3658 2999 3724 τοιούτων,
3046 3660 3652 3735 προφητείανπεριέχει
3698 3650 3803 3730 ⁴’τῆς
3840 3672 3933 3711 σω-

2369 3751 2557 3825 τηρίου
2585 3751 2917 3820 θεοφανείας,
2975 3754 3041 3824 ἣν
3070 3734 3259 3806 ’πολλοὶ
3304 3754 3577 3823 προφῆται
3636 3752 3730 3805 καὶ
3750 3752 3931 3805 δίκαιοι

2372 3843 2724 3915 ἐπεθύμησαν
2754 3846 2899 3899 ἰδεῖν.
2938 3847 3144 3916 Ὥσπερ
3172 3843 3263 3899 οὖν
3291 3846 3384 3899 καὶ
3412 3846 3441 3896 ὁ
3460 3845 3613 3915 ,μετά
3638 3847 3826 3916 χεῖρας
3855 3846 3934 3895 ἐπὶ

2371 3941 2437 4009 τῇ
2466 3938 2681 3991 πάντων
2732 3938 3029 4011 ἀνθρώπων
3088 3939 3413 4003 διαπτώσει,
3462 3939 3555 3992 καὶ
3611 3937 3803 4009 ῶσπερ
3851 3937 3932 3989 ἐπὶ

2373 4030 2536 4101 κοινῷ
2568 4031 2808 4102 ναυαγίῳ
2842 4032 3132 4103 εὐχόμενος
3165 4032 3257 4086 καὶ
3302 4030 3492 4101 λέγων·
3536 4032 3632 4096 Τῖς
3664 4031 3843 4086 δώσει
3872 4030 3932 4083 ἐκ

2373 4124 2527 4179 Σιὼν
2556 4124 2623 4177 τὸ
2656 4123 2954 4193 Σωτήρων
2978 4124 3084 4180 τοῦ
3126 4123 3400 4193 Ἰσραήλ;
3447 4124 3518 4177 ἐν
3563 4122 3645 4189 τῷ
3674 4124 3935 4192 ἐπιστρέ-

2371 4219 2482 4284 ψαι
2511 4218 2728 4285 Κύριον
2773 4218 2889 4287 τὴν
2933 4218 3349 4288 αἰχμαλωσίαν
3405 4217 3512 4271 τοῦ
3550 4217 3706 4272 λαοῦ
3738 4218 3933 4281 αὑτοῦ,

2380 4309 2809 4380 ἁταλλιάσεται
2832 4310 3049 4373 Ἰακὼϐ,
3068 4309 3163 4366 καί
3177 4302 3651 4380 εὐφρανθήσεται
3678 4310 3932 4380 Ἰσραῆλ⁶

2381 4402 2469 4455 δτε
2514 4401 2641 4473 γάρ,
2686 4403 3172 4475 ἐξομολογούμενος
3215 4405 3310 4459 καὶ
3357 4404 3694 4481 ἐξαγορεύων
3725 4406 3796 4459 τά
3824 4408 3934 4457 ἑαυ-

2372 4493 2465 4546 τοῦ
2494 4495 2865 4565 ἁμαρτήματα
2909 4495 2996 4549 διά
3027 4496 3125 4566 τῆς
3154 4496 3422 4569 σωτηρίου
3472 4497 3813 4568 θεοφανείας,
3846 4515 3935 4549 κα-

2375 4584 2616 4657 θάρσεως
2648 4586 2837 4657 ἔμελλε
2886 4587 3183 4653 τεύξεσθαι·
3221 4591 3309 4643 ὅτε
3355 4590 3509 4654 ἄθεος
3538 4594 3597 4645 ὲν
3639 4590 3936 4663 ἀνθρώπις

713 4674 912 4727 anima:
962 4673 1165 4727 morbis
1220 4670 1421 4725 mederi
1465 4669 1627 4737 valet,
1678 4669 1858 4725 curari
1893 4679 2163 4741 poterant.
2205 4671 2270 4725 Et

2375 4679 2467 4731 καὶ
2488 4680 2545 4731 ὲν
2569 4680 2734 4752 κακίᾳ
2785 4680 3007 4768 δυνατὸς
3036 4682 3234 4753 τρόπος
3270 4682 3376 4736 οὐδ’
3419 4682 3593 4744 ἄλλως
3635 4676 3749 4744 οἷός
3788 4699 3847 4735 τε
3876 4678 3937 4752 ἦν

716 4765 829 4820 hazc
855 4764 921 4818 de
947 4764 1086 4819 serie
1111 4764 1257 4817 dicta
1271 4764 1398 4821 sint.

785 5028 1023 5088 Observa
1086 5047 1245 5111 porro
1302 5032 1441 5088 hanc
1496 5035 1832 5105 prophetiam
1894 5039 1991 5097 bis'
2034 5057 2090 5095 in
2131 5040 2270 5096 libro

716 5117 1054 5179 Psalmorum
1091 5125 1239 5188 ferri,
1298 5123 1350 5177 in
1406 5125 1578 5194 prima
1613 5138 1783 5196 parte,
1840 5134 2049 5200 psalmo
2110 5134 2270 5193 tertio

696 5215 961 5289 decimo;
999 5217 1053 5270 in
1084 5216 1344 5304 secunda,
1367 5232 1432 5272 eo
1463 5233 1621 5289 quem
1640 5219 1751 5288 jam
1780 5230 2099 5281 tractamus.
2129 5224 2264 5280 Nam

715 5322 747 5361 a
780 5307 1048 5378 principio
1077 5309 1145 5363 ad
1176 5310 1355 5375 linem,
1386 5309 1590 5366 iisdem“
1607 5310 1717 5367 fere
1743 5315 1922 5372 verbis
1954 5318 2100 5388 jacet
2122 5318 2271 5374 deci-

714 5415 838 5455 mus
872 5400 1067 5454 tertius
1097 5415 1160 5455 ac
1213 5416 1448 5471 praesens
1478 5404 1754 5474 psalmus;
1791 5407 1880 5467 bis.
1914 5412 2093 5468 Verbis
2140 5411 2274 5466 inci-

715 5496 892 5563 piens,
925 5491 1071 5546 Dixit
1102 5494 1352 5564 insipiens
1378 5496 1432 5551 in
1471 5498 1626 5553 corde
1656 5517 1750 5555 suo
1775 5519 1792 5556 :
1819 5501 1943 5558 Non
1984 5514 2063 5561 est
2092 5505 2269 5570 Deus;

716 5585 801 5640 his
818 5600 945 5640 vero
960 5584 1235 5651 desinens,
1255 5589 1385 5655 Quis
1406 5588 1630 5645 dubites:
1650 5592 1777 5649 Sion
1789 5594 2034 5653 Salutare
2054 5598 2228 5654 Israel
2250 5600 2274 5652 ?

710 5690 833 5727 cum
856 5677 1161 5731 converterit
1188 5677 1442 5735 Dominus
1466 5685 1825 5757 captivitatem
1840 5688 2003 5757 plebis
2018 5706 2147 5759 suae,
2178 5706 2271 5747 ea:-

782 5833 829 5865 "
874 5831 1019 5890 Psal.
1054 5852 1141 5905 ιι,
1178 5835 1226 5892 7.
1304 5840 1347 5873 ⁷³
1384 5794 1639 5901 ibid.

2376 4770 2410 4840 ἢ
2443 4770 2529 4825 διὰ
2566 4772 2722 4842 μόνου
2750 4772 2846 4828 τοῦ
2881 4774 3129 4846 Σωτῆρος
3155 4774 3449 4847 θεραπείας
3479 4774 3683 4843 τυχεῖν,
3722 4773 3818 4826 τοῦ
3854 4776 3939 4827 καὶ

2374 4864 2442 4918 τά
2472 4864 2663 4919 ἀνίατα
2683 4867 2782 4938 τῆς
2809 4868 2983 4939 ψυχῆς
3016 4868 3159 4938 πάθη
3199 4860 3451 4921 ἰάσασθαι
3475 4865 3795 4937 δυναμένου.
3840 4868 3943 4921 Καὶ

2370 4958 2543 5011 ταῦτα
2578 4960 2674 5030 μὲν
2694 4962 2773 5024 εἰς
2792 4953 2888 5033 τὴν
2913 4962 3228 5016 ἀκολουθίαν
3262 4960 3517 5033 εἰρήσθω.

2446 5051 2731 5123 Σημειώσῃ
2755 5053 2832 5118 δὲ,
2870 5055 2950 5107 ὅτι
2982 5054 3230 5125 δεύτερον
3255 5053 3355 5123 ήδη
3379 5052 3413 5122 ἡ
3438 5054 3778 5125 προκειμένη
3814 5072 3938 5125 προσ

2376 5142 2571 5212 φητεία
2604 5141 2845 5211 ἔγκειται
2867 5145 2932 5213 τῇ
2966 5142 3131 5213 βίβλῳ
3162 5143 3271 5196 τῶν
3321 5143 3585 5214 Ψαλμῶν·
3622 5147 3679 5198 ὲν
3714 5147 3814 5215 μὲν
3870 5142 3938 5210 τῷ

2377 5237 2574 5309 πρώτῳ
2600 5237 2755 5308 μέρει
2805 5234 2946 5288 κατά
2981 5234 3071 5287 τὸν
3106 5242 3194 5304 ιγῒ
3237 5236 3294 5288 ἐν
3334 5236 3390 5289 δὲ
3415 5236 3493 5307 τῷ
3520 5236 3758 5309 δευτέρῳ
3807 5238 3936 5289 κατά

2377 5329 2443 5383 τά
2463 5327 2812 5400 προκείμενα.
2864 5325 3056 5396 Σχεδὸν
3084 5328 3191 5399 γὰρ
3229 5329 3409 5392 αὐτοῖς
3436 5331 3803 5401 ῥήμασιννὼτ*
3849 5331 3937 5398 ἀρ-

2378 5423 2477 5491 Χῆς
2506 5422 2663 5492 μέχρι
2704 5418 2889 5482 τέλους
2920 5420 3013 5473 καὶ
3048 5422 3076 5473 ὁ
3111 5428 3176 5491 ιγ’
3210 5420 3410 5493 ὁμοίως
3437 5422 3550 5493 ἔχει
3582 5421 3658 5493 τῷ
3688 5422 3931 5492 παρόντι’

2376 5512 2673 5582 ἀρχόμενος
2713 5510 2809 5582 μὲν
2834 5511 2940 5565 ἀπὸ
2979 5512 3094 5565 τοῦ·
3151 5511 3334 5569 Εἶπεν
3382 5513 3586 5583 ἄφρων
3626 5513 3700 5566 ἐν
3732 5510 3934 5579 καρδίᾳ

2376 5604 2579 5657 αὐτοῦ·
2615 5605 2738 5657 Οὐκ
2790 5603 2920 5659 ἐστι
2967 5607 3128 5674 Θεόςῖ
3192 5606 3458 5662 τελευτῶν
3510 5604 3674 5667 abiit
3704 5604 3803 5657 τό⁴
3849 5604 3935 5667 Τίς

2378 5692 2553 5749 δώσει
2582 5694 2651 5748 ἐκ
2685 5693 2836 5750 Σιὼν
2857 5697 2924 5749 τὸ
2958 5696 3257 5770 Σωτήρων
3278 5697 3403 5752 τοῦο
3436 5696 3686 5764 Ἰσραήᾷ
3705 5709 3835 5766 ελεγ
3861 5694 3934 5757 τῷ
