3966 6348
70 443 157 499 453

1160 427 1665 487 COMMENTARIA
1696 425 1762 480 IN
1801 425 2136 483 PSALMOS.

3148 428 3253 484 ιεῑι

68 555 395 625 ἐπιστρέψαι
454 555 673 622 Κύριον
702 548 815 617 τὴν
861 550 1271 620 αἰχμαλωσίαν
1311 547 1417 601 τοῦ
1446 546 1597 601 λαοῦ

1711 542 1917 599 tultabit
1948 542 2114 597 Jacob
2171 551 2221 597 et
2279 539 2547 610 (celabitur
2573 538 2765 597 Israel.
2817 539 3043 598 Modicis
3070 549 3253 598 autem
3282 580 3285 583 η

65 647 251 709 αὐτοῦ,
276 644 702 715 ἀταλλιάσεται
762 642 968 708 Ιακὼσ,
1007 641 1106 695 καί
1131 638 1599 709 εὐφρανθήσεται

75 737 320 803 Ἰσραήλ.
372 736 630 806 Βραχεῖαι
692 734 748 787 δέ
795 732 966 800 λέξεις
1005 731 1103 804 τὴν
1162 733 1220 785 ἐν
1273 730 1599 801 ἀμφοτέροις

64 825 301 898 διαφοράν
332 824 672 897 ἐργάζονται.
718 824 803 877 Ἑν
838 824 933 894 μὲν
984 821 1092 892 γάρ
1142 824 1208 893 τῇ
1259 821 1601 892 προγραφῇὸ

67 919 151 987 μὲν
180 924 243 986 ιγ’
266 918 352 983 εἰς
374 916 440 970 τὸ
468 918 643 981 τέλος
682 913 761 980 τῷ
797 914 973 970 Δαυῒδ
1000 912 1233 981 ἐλέγετο·
1271 915 1299 966 ὁ
1328 912 1385 965 δέ
1414 910 1600 983 παρὼν

63 1008 161 1079 ἔχει
184 1009 276 1079 μὲν
296 1007 393 1080 τὴν
418 1008 587 1080 αὐτὴν
621 1008 795 1079 ῥῆσιν,
832 1007 1111 1070 πλεονάζει
1131 1002 1189 1057 δὲ
1218 1006 1275 1058 ἐν
1303 1004 1380 1075 τῷ
1398 1002 1597 1071 λέγειν,

62 1101 198 1167 ὑπὲρ
220 1101 474 1164 Mitem,
506 1099 827 1166 συνέσεως.
848 1101 927 1154 -Ὃ
954 1098 1053 1170 μέν
1097 1096 1347 1159 Ἀκύλας,
1381 1096 1477 1149 ἐπὶ
1502 1114 1601 1165 χο-

59 1195 195 1261 ρείᾳ,
228 1195 584 1266 ἡρμήνευσεν·
620 1195 648 1246 ὁ
677 1194 732 1247 δὲ
771 1191 1085 1264 Σύμμαχος,
1121 1192 1218 1245 διὰ
1263 1189 1466 1261 χοροῦ·
1497 1191 1525 1242 ὁ
1546 1189 1603 1242 δὲ

65 1285 351 1349 Θεοδοτίων,
382 1286 532 1354 ὑπὲρ
560 1285 670 1354 τῆς
686 1286 940 1355 χορείας,
968 1286 1061 1337 καί
1088 1287 1121 1355 ἡ
1147 1284 1370 1355 πεμπτὴ
1398 1283 1603 1347 ἔκδοσις

1704 635 1886 691 verbis
1918 635 2075 691 ambo
2106 628 2382 697 differunt.
2429 633 2561 689 Nam
2595 634 2647 688 in
2679 634 2836 689 titulo
2874 634 3120 690 decimus
3146 640 3259 688 ter-

1705 728 1815 781 tius
1858 728 1913 780 in
1946 727 2103 795 finem
2142 724 2307 779 David
2353 708 2536 790 habet,
2585 726 2675 780 hic
2700 739 2830 781 vero
2850 724 3094 780 eamdem
3136 726 3285 796 quir

1702 818 1824 873 dem
1869 817 2188 873 sententiam
2221 816 2468 887 praefert;
2517 817 2610 873 sed
2659 817 2773 872 haec
2810 817 3033 887 insuper
3084 816 3257 881 addit,

1701 924 1795 978 pro
1813 908 1865 962 Μ
1872 910 2096 976 aheleth,
2114 910 2491 980 intelligentia
2524 910 2738 979 Aquila,
2769 924 2920 976 super
2937 909 3146 973 chorea,
3173 907 3257 961 in-

1704 1009 2031 1073 terpretatus
2054 1009 2135 1057 est
2162 1020 2174 1068 ;
2209 1000 2588 1073 Symmachus,
2618 1016 2708 1069 per
2740 1001 2951 1054 chorum
2969 1017 2987 1064 ;
3010 998 3259 1055 Theodo-

1702 1097 1800 1159 tio,
1836 1111 1931 1165 pro
1948 1095 2135 1149 chorea
2156 1136 2170 1159 ,
2192 1104 2245 1150 et
2268 1095 2456 1165 quinta
2491 1095 2659 1150 editio
2690 1095 2957 1151 similiter.
2991 1094 3258 1153 Necessa-

1705 1186 1786 1240 rio
1818 1196 1999 1241 autem
2049 1187 2407 1265 intelligentia:
2469 1185 2700 1252 dicitur;
2733 1186 2861 1255 quia
2907 1186 3259 1255 intelligentia

1704 1278 1864 1332 nobis
1886 1294 2045 1349 opus,
2072 1288 2132 1335 ut
2158 1280 2435 1350 capiamus
2456 1294 2575 1350 qua).
2605 1279 2676 1333 sit
2722 1278 2813 1331 illa
2844 1277 3059 1344 chorea,
3100 1278 3155 1332 in
3184 1277 3257 1330 ti-

66 1376 323 1441 ὡσαύτως.
372 1378 705 1448 ’Δναγκαίως
744 1377 800 1431 δέ
851 1377 1132 1449 πρόκειται
1174 1378 1255 1439 τὸ,
1278 1378 1601 1440 συνέσεως·

1711 1374 1819 1428 tulo
1850 1374 2126 1441 indicata;
2160 1385 2213 1429 et
2241 1360 2346 1445 qua
2374 1374 2442 1428 de
2475 1387 2660 1439 causa,
2711 1372 2875 1429 semel
2906 1372 3112 1441 prolata
3136 1385 3261 1442 pro-

62 1469 338 1540 ἐπειδήπερ
363 1472 625 1534 συνέσεως
644 1472 773 1541 ἡμῖν
797 1469 875 1522 δεῖ
892 1468 1025 1540 πρὸς
1052 1469 1109 1521 τὺ
1134 1465 1321 1538 νοῆσαι
1350 1468 1433 1530 τίς
1462 1470 1605 1520 ἐστιν

1711 1467 1887 1537 phetia
1934 1468 1987 1522 in
2011 1468 2223 1537 psalmo
2254 1467 2466 1521 decimo
2500 1466 2681 1530 tertio,
2713 1464 2951 1520 secundo
2992 1464 3079 1518 hic
3107 1478 3263 1533 repe-

67 1560 93 1630 ἡ
124 1562 295 1633 χορεία
326 1564 359 1633 ἡ
386 1562 472 1615 διὰ
514 1564 611 1633 τῆς
654 1560 975 1633 προγραφῆς
1038 1559 1358 1631 δηλουμένη,
1398 1561 1489 1613 καὶ
1524 1558 1608 1623 τίς

1711 1568 1870 1615 tatur.
1901 1557 2037 1614 illud
2069 1568 2268 1620 autem,
2312 1559 2366 1611 in
2400 1558 2576 1625 ﬁnem,
2606 1556 2752 1627 quod
2783 1557 2839 1609 in
2860 1561 3088 1623 utroque
3130 1552 3264 1623 legi-

67 1656 90 1706 ὸ
114 1656 277 1722 λόγος,
298 1655 419 1709 καθ’
448 1655 506 1707 ὃν
536 1653 678 1717 ἅπαξ
733 1650 1114 1725 προλεχθείσης
1138 1652 1235 1722 τῆς
1275 1640 1609 1722 προφητείας

1711 1659 1817 1718 tur,
1848 1658 2057 1720 tempus
2090 1663 2199 1719 quo
2244 1646 2452 1715 impleri
2490 1644 2688 1700 debent
2744 1659 2864 1714 quae
2906 1644 2960 1697 in
2982 1643 3263 1713 prophetia

66 1747 189 1800 κατὰ
218 1748 305 1799 τὸν
342 1746 409 1816 ιγ’
441 1745 706 1816 δεύτερον.
735 1742 967 1797 ἐνταῦθα
1010 1743 1395 1814 παρείληπται.
1428 1743 1500 1795 Τὸ
1529 1742 1607 1806 δὲ,

1711 1741 1955 1814 feruntur
1984 1738 2389 1811 signiﬁcaverit.
2444 1735 2582 1802 Quia
2632 1735 2776 1791 enim
2828 1736 2884 1789 in
2917 1749 3264 1790 consumma-

67 1843 139 1904 εἰς
156 1839 343 1903 τέλος,
366 1840 426 1900 ἐν
443 1837 766 1909 ἀμφοτέροις
783 1834 1048 1905 κείμενον,
1075 1835 1402 1905 σημαντικὸν
1428 1834 1492 1888 ἂν
1518 1833 1603 1906 εἴη

1711 1836 1858 1889 tione
1883 1834 2088 1897 saeculi,
2120 1831 2368 1886 Salutare
2388 1829 2484 1886 Dei
2508 1829 2649 1900 quod
2680 1829 2734 1882 in
2758 1837 2900 1903 terra
2952 1826 3264 1882 hominibus

66 1929 147 1983 τοῦ
169 1930 355 2001 χρόνου
381 1906 505 1984 καθ’
524 1906 581 1980 ὃν
606 1906 835 2001 ἤμελλεν
881 1925 1254 1981 ἀποτελεῖσθαι
1298 1925 1367 1979 τὰ
1399 1943 1607 1997 προφη-

1711 1925 1905 1989 illuxit,
1936 1923 2190 1978 cboream
2222 1920 2505 1976 constituit
2555 1934 2620 1975 ex
2646 1918 2898 1975 omnibus
2926 1918 3177 1989 gentibus
3206 1916 3264 1970 in

66 2023 329 2095 τευόμενα.
392 2021 610 2094 Ἐπειδὴ
652 2020 761 2092 γὰρ
808 2019 950 2075 κατὰ
993 2020 1093 2093 τὴν
1148 2018 1457 2073 συντέλειαν
1511 2019 1605 2073 τοῦ

1711 2015 1946 2073 Ecclesia
1975 2016 2144 2085 ipsius
2173 2022 2574 2085 congregatam,
2604 2010 2673 2067 ad
2698 2012 2928 2084 hymnos
2955 2020 3007 2065 et
3034 2009 3265 2081 gloriam

67 2113 260 2177 αἰῶνος,
280 2113 340 2165 τὸ
364 2114 638 2184 Σωτήρων
666 2108 759 2166 τοῦ
786 2110 942 2175 Θεοῦ,
969 2109 1230 2179 ἐπιφανὲν
1258 2111 1368 2172 τοῖς
1398 2110 1488 2162 ἐπὶ
1505 2108 1608 2179 γῆς

1711 2109 1851 2164 Patri
1880 2109 2052 2179 ipsius
2072 2106 2448 2174 referendam;
2474 2106 2597 2175 jure
2625 2105 2690 2160 ad
2715 2104 2841 2159 talis
2867 2104 3077 2158 choreae
3106 2102 3267 2156 intel-

69 2203 374 2276 ἁνθρώποις,
427 2204 642 2277 χορείαν
702 2204 1063 2275 συνεστήσατο
1109 2203 1207 2274 τὴν
1256 2201 1315 2267 ἐξ
1358 2203 1609 2257 ἁπάντων

70 2294 161 2347 τῶν
187 2296 349 2349 ἐθνῶν
378 2298 437 2349 ἐν
468 2299 534 2367 τῇ
581 2295 872 2369 Ἐκκλησίᾳ
894 2295 1062 2352 ἀὑτοῦ
1114 2294 1605 2365 συγκροτουμένην,

68 2388 137 2450 εἰς
155 2387 347 2459 ὕμνους
370 2389 466 2441 καί
507 2387 809 2458 δοξολογίας
834 2388 928 2443 τοῦ
954 2387 1115 2443 αὐτοῦ
1144 2388 1373 2460 Πατρόςο
1392 2388 1613 2451 εἰκότως

71 2478 149 2531 ἐπὶ
168 2478 373 2533 σύνεσιν
400 2480 548 2551 ἡμᾶς
568 2480 771 2551 ταύτης
798 2481 895 2551 τῆς
933 2480 1149 2552 χορείας
1168 2482 1197 2533 ὀ
1222 2479 1377 2549 λόγος
1407 2494 1611 2550 παρορ-

68 2571 155 2641 μᾷ.
176 2571 403 2643 Καίὂρα
428 2572 489 2626 τὺ
519 2572 842 2643 παράδοξον
866 2572 1173 2644 προγράφει
1210 2571 1307 2641 μὲν
1335 2570 1443 2642 γὰρ
1461 2569 1613 2638 ὑπὲρ

70 2659 164 2727 τῆς
188 2663 443 2730 χορείας,
470 2663 504 2735 ἢ
539 2662 691 2732 ὑπὲρ
730 2662 834 2717 τοῦ
845 2646 1076 2731 .χοροῦ,
1102 2662 1307 2731 εἰσάγει
1331 2661 1387 2715 δὲ
1422 2660 1611 2715 οὐδένα

72 2751 149 2804 ἐπὶ
177 2752 273 2825 γῆς
301 2754 585 2826 ἄνθρωπον
617 2754 975 2822 ἅγαθὸν,οὑδὲ
1001 2754 1254 2808 ποιοῦντα
1273 2752 1609 2826 χρηστότητα

66 2842 159 2906 ἕως
201 2845 334 2909 ἐνὸς,
385 2846 558 2914 λέγων
603 2843 744 2917 ἑξῆς·
796 2847 1014 2914 Κύριος
1064 2845 1132 2898 ἐκ
1183 2844 1288 2898 τοῦ
1350 2841 1609 2911 οὐρανοῦ

68 2932 338 3005 διέκυψε-ν
355 2937 455 2991 ἐπὶ
482 2936 621 3003 τοὺς
641 2927 808 3015 ὐίρὺς
835 2938 951 3001 τῶν
966 2920 1313 3006 ἀνθρώπων,
1336 2937 1439 2992 τοῦ
1463 2935 1610 2991 ἰδεῖν

1704 2201 1981 2273 iigentiam
2007 2216 2108 2256 nos
2132 2215 2311 2256 sermo
2356 2199 2610 2253 concitat.
2636 2197 2701 2251 Et
2728 2198 2851 2253 vide
2882 2196 3034 2259 mihi,
3058 2209 3263 2270 quaeso,

1705 2310 1821 2350 rem
1856 2294 2142 2365 parmiram
2169 2292 2515 2363 :‘dumenim
2543 2291 2689 2346 hunc
2714 2291 2931 2345 titulum
2981 2289 3094 2344 edit
3115 2328 3131 2354 ,
3171 2298 3269 2357 pro

1714 2388 1899 2441 chorea
1918 2369 2001 2441 vel
2023 2403 2116 2457 pro
2161 2385 2346 2454 choro,
2397 2383 2606 2438 milium
2656 2397 2779 2440 esse
2824 2384 2879 2437 in
2905 2392 3047 2438 terra
3069 2384 3270 2438 bonum

1714 2476 2010 2545 hominem,
2070 2492 2136 2534 ac
2169 2493 2238 2533 ne
2268 2478 2351 2532 vel
2384 2492 2549 2531 unum
2601 2476 2693 2547 qui
2752 2476 2913 2532 faciat
2974 2476 3270 2530 bonitatem

1712 2572 1980 2635 enuntiat,
2004 2571 2191 2627 dicens
2238 2572 2296 2627 in
2340 2571 2692 2642 sequentibus
2719 2587 2734 2622 :
2770 2570 3029 2624 Dominus
3052 2569 3117 2624 de
3144 2569 3272 2624 caelo

1711 2663 1976 2731 prospexit
1993 2678 2150 2732 super
2178 2664 2320 2732 filios
2352 2664 2640 2725 hominum,
2694 2672 2753 2715 ut
2800 2662 2972 2716 videat
3009 2661 3056 2715 si
3084 2669 3161 2714 est
3191 2660 3269 2713 in-
3379 2660 3382 2662 ⁷

1711 2754 1946 2825 telligens
1980 2765 2073 2809 aut
2104 2757 2371 2826 requirent
2425 2755 2608 2809 Deum.
2639 2755 2831 2809 Omnes
2859 2755 3269 2814 declinaverunt,

1710 2847 1870 2901 simul
1896 2847 2107 2901 inutiles
2132 2846 2262 2916 facti
2289 2855 2448 2909 sunt;
2482 2862 2585 2899 non
2613 2854 2690 2899 est
2723 2847 2811 2916 qui
2859 2846 3025 2915 faciat
3055 2845 3268 2906 bonum,

1710 2953 1814 2991 non
1850 2946 1929 2991 est
1966 2954 2125 3008 usque
2152 2937 2219 2991 ad
2246 2954 2427 2992 unum.

66 3030 115 3080 et
140 3028 260 3082 ἐστι
298 3028 529 3083 συνιὼν
588 3030 685 3089 καί
736 3028 992 3099 ἐκζητῶν·
1042 3029 1147 3085 τὸν
1197 3030 1359 3084 Θεὸν.
1428 3028 1655 3096 Πάντες
1690 3028 2042 3114 ἐξέκλιναν,
2096 3028 2216 3099 ἅμα
2263 3028 2673 3100 ἠχρεώθησαν
2693 3068 2709 3092 ,
2755 3028 2865 3082 οὐκ
2912 3026 3043 3081 ἐστι
3085 3022 3267 3080 ποιῶν

64 3123 292 3208 ἀγαθὸν,
339 3125 454 3178 οὐκ
477 3122 649 3186 ἐπιν
672 3124 783 3191 ἕως
800 3125 955 3190 ἑνός.

131 3239 187 3291 Εἰ
209 3237 265 3290 δέ
291 3231 384 3292 οὖν
402 3237 627 3292 τοιαῦτα
641 3226 708 3309 ἦν
731 3236 800 3291 τὰ
849 3238 906 3291 ἐν
946 3235 1270 3311 ἀνθρώποις,
1304 3238 1378 3301 ὡς
1412 3236 1611 3317 μηδένα

1785 3236 1846 3293 Si
1872 3238 2053 3307 itaque
2081 3234 2251 3292 sicae
2279 3251 2366 3291 res
2404 3234 2675 3291 habebant
2716 3235 2853 3305 apud
2891 3235 3138 3293 homines
3161 3277 3174 3299 ,
3214 3247 3270 3293 ut

70 3328 252 3397 ἀγαθὸν
276 3328 626 3402 εὑρίσκεσθαι
651 3331 709 3383 ἐν
729 3332 839 3394 τοῖς
868 3331 999 3393 υἱοῖς
1028 3330 1135 3383 τῶν
1150 3328 1468 3402 ἀνθρώπων,
1498 3330 1613 3395 πῶς

74 3420 193 3491 ὑπὲρ
221 3422 315 3493 τῆς
340 3422 560 3492 χορείας
594 3421 666 3474 τὰ
713 3421 812 3490 τῆς
862 3421 1183 3492 προγραφῆς
1240 3420 1490 3490 λέγεσθαι
1519 3437 1615 3491 ση-

75 3511 259 3580 μαίνει;
316 3512 457 3566 Ἀλλ’
515 3515 678 3581 ἐρεῖς,
719 3512 821 3577 ὅτι,
864 3510 1050 3583 ἐπειδὴ
1096 3512 1295 3575 πάντες
1343 3510 1613 3578 ἐξέκλιναν

72 3606 161 3669 ἓως
180 3608 311 3672 ἐνὸς,
338 3606 707 3680 διεφθάρησαν
728 3624 787 3660 τε
817 3609 867 3661 οἰ
917 3609 1009 3661 ἐπὶ
1033 3608 1136 3680 γῆς
1162 3608 1254 3662 καί⁵
1292 3607 1612 3679 ἐϐδελύχθη-

76 3713 159 3750 εαν
180 3699 232 3751 ἐν
262 3696 533 3770 άνομίαις,
580 3696 803 3762 εἰκότως
854 3700 884 3751 ὁ
932 3682 1213 3779 προφήτης
1265 3698 1533 3769 ἐπηύξατο
1557 3700 1614 3752 ἐν

74 3791 167 3853 τοῖς
187 3790 321 3861 μετὰ
357 3790 531 3845 ταῦτα
575 3788 763 3843 εἰπών·
794 3790 892 3857 Τίς
911 3789 1087 3845 δώσει
1128 3792 1197 3845 ἐκ
1224 3788 1377 3845 Σιὼν
1402 3790 1467 3844 τὸ
1492 3792 1611 3843 Σω-

72 3880 254 3951 τήρων
292 3884 399 3940 τοῦ
443 3883 716 3953 Ἰσραήλ;
756 3884 828 3938 ἐν
870 3882 967 3950 τῷ.
988 3882 1339 3953 ἐπιστρέψαι
1398 3884 1615 3951 Κύριον

68 3974 173 4043 τὴν
192 3977 601 4047 αἰχμαλωσίαν
622 3976 738 4031 τοῦ,
754 3976 909 4031 λαοῦ
938 3975 1141 4039 αὑτοῦ,
1190 3972 1615 4045 ἁταλλιάσεται

85 4064 279 4132 Ἰακὼϐ,
312 4066 414 4123 καὶ
451 4063 923 4137 εὐφρανθήσεται
959 4062 1209 4133 Ἰσραήλ.
1267 4064 1476 4117 Συνείδε
1505 4065 1613 4133 γὰρ

74 4160 131 4228 τῇ
180 4158 479 4231 προγνώσει
530 4157 624 4213 τοῦ
658 4159 963 4229 πνεύματος
1017 4157 1110 4211 τοῦ
1154 4156 1510 4228 πῳφητικοῦ,
1537 4157 1611 4220 ὡς

70 4249 168 4319 ἄρα
195 4249 281 4305 διὰ
328 4252 427 4305 τοῦ
454 4250 727 4322 Σωτηρίου
778 4248 1005 4321 ἧμελλεν
1048 4251 1082 4320 η
1131 4238 1473 4320 αἰχμαλωσία
1517 4249 1612 4307 τοῦ

77 4336 187 4392 λιοῦ
213 4340 554 4413 ἐπιστρέφειν
609 4341 701 4394 καὶ
727 4338 1137 4412 ἐλευθεροῦσθαι
1172 4341 1270 4413 τῆς
1308 4340 1417 4395 τῶν
1453 4340 1617 4415 πολε-ν

80 4433 197 4500 μίων
243 4433 572 4505 δυναστείας·
606 4429 682 4491 ὧν
703 4433 1149 4506 ἐπιτελουμένων,
1178 4435 1211 4506 ἡ
1239 4434 1332 4488 τοῦ
1360 4432 1493 4488 Θεοῦ
1526 4450 1615 4505 χο-

74 4524 182 4595 palo.
207 4525 482 4581 συνίστατο
500 4526 560 4593 ἐξ
585 4526 762 4582 αὐτῶν
781 4527 1002 4581 ἐκείνων
1026 4525 1133 4581 τῶν
1152 4526 1614 4598 ἐλευθερουμένων

76 4615 161 4687 τῆς
203 4619 593 4691 αἰχμαλωσίας.
646 4618 882 4682 Εἰκότως
932 4614 1023 4673 οὖν
1071 4620 1151 4684 εἰς
1181 4618 1242 4673 τὸ
1289 4618 1438 4683 τέλος
1487 4620 1614 4673 άνα-

78 4709 328 4780 πέμπεται
371 4712 441 4765 τὰ
489 4711 772 4783 λεγόμενα,
820 4713 915 4767 καὶ
948 4712 1101 4781 ὑπὲρ
1138 4706 1401 4783 Μαέλὲθ,
1460 4728 1612 4764 τουτ-

76 4800 206 4857 έστιν
234 4803 383 4874 ὑπὲρ
422 4803 531 4872 τῆς
556 4805 813 4874 χορείας,
836 4804 1098 4861 λέλεκται·
1126 4805 1255 4860 ὼσεί
1284 4805 1611 4877 σαφέστερον

77 4892 378 4965 ἡρμήνευτο,
397 4898 536 4969 ὑπὲρ
551 4896 658 4951 τῶν
684 4897 1263 4972 ἐλευθερωθησομένων
1290 4902 1387 4971 τῆς
1415 4900 1611 4970 αἰχμαο

77 4980 269 5052 λωσίαςο
301 4989 486 5063 διόπερ
545 4990 638 5043 καὶ
690 4992 768 5054 εἰς
814 4990 1023 5046 σύνεσιν
1087 4988 1230 5064 ἡμᾶς
1279 4991 1609 5061 ἀναπέμπει.
1642 5014 1653 5025 ν

80 5074 284 5146 Εἴρηται
326 5082 419 5147 δὲ,
467 5082 548 5148 τῷ
596 5084 793 5147 Δαυῒδ,
855 5088 889 5156 ἡ
936 5085 1265 5159 προφητεία,
1306 5085 1396 5138 ὑπ’
1448 5083 1612 5138 αὑτοῦ

80 5165 321 5237 λεχθεῖσα.
349 5174 442 5225 Διὸ
470 5176 623 5247 παρὰ
676 5180 787 5242 τοῖς
841 5178 1040 5243 λοιποῖς
1096 5178 1473 5249 ἐρμηνευταῖς,
1507 5176 1614 5232 τοῦ

80 5260 256 5325 Λουτδ,
281 5262 701 5335 ἐπιγέγραπται.
738 5272 846 5325 Καὶ
894 5270 1235 5336 ἐστινέἰπεῖν
1279 5270 1353 5333 ὡς
1378 5270 1484 5340 ἄρα
1515 5270 1613 5322 αὐ-

80 5350 155 5413 τὸς
180 5352 207 5404 ὁ
246 5352 425 5418 Δαυῒδ,
475 5361 764 5431 προφήσας-
812 5362 891 5415 τό·
931 5360 1085 5431 Ἐγὼ
1125 5360 1193 5413 δὲ
1241 5360 1382 5413 ὡσεὶ
1439 5360 1614 5412 ἐλαία

79 5441 430 5513 κατάκαρπος
452 5438 625 5515 ἐντῷ
651 5452 793 5517 oleam
821 5453 929 5507 τοῦ
960 5453 1128 5518 Θεοῦ,
1161 5452 1393 5521 ἤλπισα
1423 5451 1521 5506 ἐπὶ
1545 5451 1612 5507 τὸ

78 5535 357 5606 ﬂeuerat?
385 5542 556 5608 Θεοῦ,
599 5544 701 5599 οὐκ
746 5545 920 5611 ἄλλως
950 5546 1233 5611 τεύξεσθαι
1291 5544 1386 5597 τοῦ
1430 5544 1612 5610 ἐλέους

81 5629 321 5697 ἠπίστατο
346 5625 503 5704 ἢδιά
529 5635 623 5690 τοῦ
663 5638 1133 5710 προφητευομένου
1180 5636 1465 5708 σωτηρίου.
1523 5639 1613 5692 Διὸ

82 5722 129 5773 ἐν
152 5723 244 5794 μὶν
267 5727 343 5800 τῷ
367 5735 410 5785 ν’
433 5728 633 5800 ἔλεγεν·
680 5731 929 5799 Ἀπόδος
948 5738 951 5741 ’
968 5749 1067 5803 μοι
1110 5730 1223 5801 τὴν
1252 5730 1613 5801 ἀγαλλίασιν

144 5881 184 5910 ⁷³
220 5880 356 5937 Psal.
390 5901 454 5952 ι,
493 5886 577 5942 14.

1644 4667 1688 4721 Ι)

1718 3330 1900 3385 nullus
1927 3328 1984 3383 in
2018 3326 2143 3383 ﬁliis
2179 3325 2458 3381 hominum
2485 3323 2663 3379 bonus
2705 3327 3067 3394 reperiretur,
3104 3343 3271 3396 quare

1717 3437 1814 3494 pro
1844 3422 2041 3476 chorea
2072 3419 2337 3491 psalmum
2373 3416 2482 3471 dici
2512 3416 2794 3486 inscriptio
2826 3419 3126 3487 signiﬁcat?
3168 3417 3269 3474 Ve-
3306 3446 3307 3449 η

1676 3510 1836 3569 ιιιιη
1885 3514 2074 3578 dicas,
2121 3511 2249 3582 quia
2297 3524 2487 3565 omnes
2534 3508 2934 3564 declinaverant
2976 3526 3148 3579 usque.
3200 3510 3268 3564 ad

1718 3620 1905 3672 unum,
1939 3619 2005 3659 ac
2027 3601 2265 3672 corrupti
2305 3608 2459 3656 erant
2488 3582 2581 3670 qui
2612 3600 2667 3666 in
2695 3608 2840 3655 terra
2872 3592 3229 3655 versabantur
3249 3642 3267 3664 ,

1713 3706 1769 3754 et
1795 3694 2182 3762 abominabiles
2213 3692 2340 3746 lacti
2360 3697 2516 3746 erant
2547 3691 2602 3745 in
2633 3691 3044 3761 iniquitatibus;
3075 3694 3268 3748 merito

1714 3789 2029 3863 prophetam
2057 3787 2113 3841 in
2131 3782 2480 3854 sequentibus
2509 3792 2785 3853 precatum
2818 3782 2904 3840 his
2926 3785 3106 3840 verbis
3124 3801 3267 3852 esse,

1715 3883 1842 3949 Qui:
1862 3878 2007 3933 dabit
2044 3890 2108 3931 ea:
2137 3874 2265 3930 Sion
2292 3873 2539 3949 Salutare
2570 3872 2783 3929 Israel?
2808 3891 2927 3929 cum
2966 3879 3270 3933 converterit

1712 3974 1967 4028 Dominus
1990 3964 2342 4040 captivitatem
2389 3967 2550 4038 plebis
2575 3982 2706 4033 suae,
2747 3970 3033 4024 exsultabit
3070 3968 3268 4034 Iacob,

1712 4074 1761 4119 et
1798 4063 2062 4120 ltetabitur
2100 4060 2456 4117 Israel.-*Nam
2491 4056 2789 4132 prophetici
2821 4064 3046 4133 spiritus
3088 4064 3268 4119 aliiatu

1713 4164 1959 4221 noverat,
1989 4171 2085 4227 per
2120 4154 2369 4210 Salutare
2400 4154 2531 4209 illud
2551 4195 2566 4217 ,
2593 4155 2954 4225 captivitatem
2983 4158 3154 4227 plebis
3183 4173 3269 4212 re-

1714 4237 1990 4309 versuram
2023 4255 2076 4304 et
2103 4247 2439 4304 liberandam
2466 4263 2588 4303 esse
2613 4264 2677 4303 ex
2726 4249 3064 4308 inimicorum
3094 4248 3267 4303 domi-

1713 4351 1867 4399 natu.
1897 4340 2105 4409 Quibus
2136 4338 2398 4408 absolutis
2422 4379 2439 4403 ,
2489 4339 2582 4395 Dei
2615 4340 2870 4395 choreum
2914 4355 2978 4394 ex
3012 4340 3199 4393 iisdem
3234 4354 3266 4394 a

1714 4437 2026 4509 captivitate
2052 4435 2294 4490 liberatis
2316 4431 2747 4489 constituendam
2773 4446 2914 4487 esse.
2946 4429 3076 4506 Iure
3104 4432 3265 4503 igitur

1714 4528 1828 4585 haec
1843 4528 1987 4584 dicta
2001 4527 2067 4583 ad
2094 4526 2255 4582 linem
2277 4526 2640 4587 remittuntur,
2664 4537 2756 4591 pro
2776 4522 3055 4589 Maheleth,
3074 4524 3127 4579 id
3156 4531 3262 4589 est,

1714 4637 1809 4691 pro
1838 4621 2023 4674 chorea
2074 4617 2217 4673 dicta
2264 4624 2391 4672 sunt
2421 4636 2434 4670 :
2475 4631 2537 4670 ac
2566 4616 2610 4671 si
2641 4616 2841 4672 clarius
2876 4616 3264 4687 explicaretur,

1715 4729 1814 4785 pro
1845 4714 1913 4769 iis
1942 4712 2033 4782 qui
2065 4710 2326 4765 liberandi
2354 4714 2481 4763 sunt
2527 4724 2557 4763 a
2598 4709 2936 4780 captivitate;
2966 4696 3145 4780 quare
3163 4726 3266 4764 nos

1717 4807 1786 4862 ad
1813 4801 2219 4874 intelligentiam
2250 4801 2495 4855 remittit.
2528 4799 2678 4855 Dicta
2713 4810 2890 4856 autem
2913 4810 2997 4856 est
3029 4802 3263 4873 prophe-

1715 4899 1812 4964 tia,
1841 4896 2049 4959 Davidi,
2096 4895 2219 4965 quia
2255 4894 2322 4949 ab
2372 4894 2487 4965 ipso
2520 4893 2719 4951 Davide
2748 4888 2993 4965 prolata;
3028 4904 3266 4965 quapro-

1718 5000 1837 5064 pter
1867 4988 2009 5060 apud
2060 4988 2382 5057 interpretes
2405 5028 2419 5049 ,
2463 4986 2715 5053 Davidis,
2749 4987 3007 5057 inscripta
3045 4996 3143 5041 est.
3184 4986 3263 5045 Ac

1719 5084 1825 5139 dici
1853 5089 2031 5154 potest
2060 5077 2316 5134 Davidem
2339 5118 2356 5145 ,
2388 5080 2476 5150 qui
2510 5086 2635 5133 ante
2660 5078 2902 5144 dixerat,
2949 5076 3061 5148 Ego
3089 5087 3263 5131 autem

1718 5158 1853 5232 sicut
1882 5174 2018 5228 oliva
2067 5172 2343 5243 fructifera
2373 5173 2426 5227 in
2459 5170 2611 5225 domo
2644 5171 2764 5237 Dei,
2796 5172 2993 5241 speravi
3020 5171 3075 5223 in
3104 5170 3262 5224 mise-

1718 5267 1951 5324 ricordia
1981 5265 2099 5345 Dei,
2133 5266 2269 5344 bene
2298 5266 2512 5325 novisse
2548 5279 2608 5320 se
2639 5279 2747 5331 non
2769 5264 2880 5318 alio
2908 5261 3067 5315 modo
3095 5262 3263 5345 mise-

1716 5340 2471 5418 ricordiamb‘conse'cuturum
2501 5354 2677 5421 esse,
2709 5370 2868 5427 quam
2901 5370 2997 5425 per
3027 5340 3263 5411 salutare

1715 5450 1848 5507 illud
1875 5448 2018 5521 quod
2064 5450 2119 5504 in
2164 5448 2419 5505 vaticinio
2464 5444 3158 5511 ferebaturlQuamobrem
3208 5445 3261 5499 in

1716 5540 2437 5615 quinquagesimodicebat:
2473 5537 2644 5611 Redde
2670 5536 2797 5591 mihi
2847 5536 3082 5591 ιωιιιὶιυι
3102 5532 3261 5590 Salu-

1719 5636 1847 5693 taris
1880 5636 1956 5689 tui
1981 5634 2059 5700 ἠς
2102 5634 2157 5689 in
2186 5633 2289 5689 hoc
2315 5641 2516 5695 autem,
2544 5630 2673 5697 Quis
2688 5628 2831 5682 dabit
2858 5643 2922 5682 ea:
2949 5626 3074 5681 Sion
3103 5624 3262 5681 Salu-

1720 5738 1831 5783 tare
1863 5724 2076 5782 Israel!
2102 5723 2343 5797 Rogabat
2381 5721 2578 5793 quippe
2605 5730 2889 5775 commune
2914 5718 3118 5773 bonum
3160 5717 3263 5773 sibi
