3966 6348
103 433 198 487 ‘57

1202 439 1691 507 COMMENTARIA
1727 442 1791 498 IN
1833 441 2159 499 PSALMOS.

3151 437 3254 493 438

96 554 273 606 δευσαν
315 550 424 620 γὰρ
468 550 564 620 τὴν
611 549 906 621 βδελυρίαν,
948 551 1011 604 τὰ
1041 553 1115 622 μὴ
1145 553 1267 606 ὕντα
1299 554 1373 616 ὡς
1403 554 1529 608 ὅντα
1559 555 1624 609 ἂν

1726 557 1976 618 duerunt,
2008 557 2073 611 iis
2094 570 2212 625 qua
2243 570 2344 609 non
2367 528 2549 618 erant,
2573 567 2633 607 ac
2656 552 2697 607 si
2727 552 3065 614 exsisterent,
3085 551 3252 605 simu-

96 645 583 716 είδωλοποιήσαντες
609 647 744 717 μετὰ
766 648 862 718 τῆς
877 636 1130 702 ἀνωτάτω
1165 649 1390 712 ἀδικίας.
1407 651 1502 714 Τίς
1523 652 1628 724 γὰρ

96 736 152 788 ἂν
177 735 380 802 γένοιτο
411 736 614 808 ταύτης
636 738 794 808 ἑτέρα
823 740 1018 811 χείρων
1052 742 1249 803 ἀδικία.
1279 744 1397 797 καθ’
1437 746 1501 816 ἣν
1527 745 1628 815 φά-

97 842 300 888 σκοντες
323 822 458 879 εἶναι
478 828 647 895 σοφοὶ,
669 829 1105 898 ἐμοφὰνθησαν,
1123 834 1219 886 καί
1238 835 1508 902 ἤλλαξαν
1522 836 1631 904 τὴν

95 918 266 982 δόξαν
285 916 390 971 τοῦ
416 918 715 987 ἀφθάρτου
745 920 890 974 Θεοῦ
935 921 1004 973 ἐν
1032 923 1342 992 ὁμοιώματι
1401 927 1630 993 εἰκόνος

95 1009 342 1078 φθαρτοῦ
401 1011 730 1078 ἀνθρώπου,
791 1012 887 1065 καί
952 1014 1249 1078 πετεινῶν,
1284 1017 1380 1069 καί
1431 1034 1627 1084 τετρα-

94 1101 297 1165 πόδων,
352 1102 446 1155 καί
497 1103 782 1170 ἑρπετῶν,
838 1105 977 1158 κατὰ
1020 1105 1109 1159 τὸν
1177 1107 1317 1176 ἱερὸν
1379 1109 1627 1163 Ἀπόστρ-

94 1210 203 1253 sev;

154 1279 267 1335 Εἶτ’
291 1284 592 1348 ᾀκό.ἰουθα
611 1283 862 1353 δρῶντες
882 1285 1000 1350 τοῖς
1023 1286 1214 1352 ἀθέοις
1236 1288 1330 1340 καί
1355 1288 1626 1356 διαστρό-

92 1373 926 1444 φοιςὲαυτῶνέπιτηόεύμασιν,
943 1379 1026 1442 εἰς
1046 1373 1166 1430 πᾶν
1200 1373 1354 1442 εἶδος
1373 1379 1514 1440 ,βίου
1531 1397 1630 1451 μοι

92 1465 323 1532 χθηρίας
354 1466 845 1532 περιπεπτώκασι.
875 1468 963 1520 Διὸ
979 1467 1279 1535 ἑπιλὲγεται
1311 1469 1462 1537 ἑξῆςο
1509 1471 1627 1522 Οὐκ

93 1554 207 1605 ἔστι
221 1552 651 1624 nouis-der.
669 1557 721 1608 Ὀ
736 1559 876 1622 Θεὸς
889 1555 956 1610 ἐκ
972 1556 1073 1611 τοῦ
1087 1558 1337 1624 οὐρανοῦ
1350 1557 1629 1624 διέκυψεν

92 1644 175 1696 ixi
203 1647 340 1709 τοὺς
361 1647 527 1711 υἱοὺς
557 1644 672 1699 τῶν
702 1646 1038 1714 ἀνθρώπων,
1074 1647 1177 1702 τοῦ
1213 1647 1359 1701 ἰδεῖν
1395 1650 1447 1700 εἰ
1496 1647 1626 1700 ἔστι

91 1735 305 1786 συνιὼν
335 1737 374 1802 ἢ
397 1736 651 1804 ἐκζητῶν
693 1737 796 1790 τὸν
841 1739 1003 1792 Θεόν.
1049 1738 1268 1804 Πάντες
1295 1738 1626 1802 ἐξέκλιναν,

91 1825 198 1892 ἅμα
221 1826 649 1896 ἠχρεώθησαν,
702 1831 810 1882 οὐκ
870 1829 1000 1882 ἔστι
1045 1828 1226 1882 ποιῶν
1264 1829 1631 1898 χρηστότητα

91 1917 188 1981 ἕως
221 1917 376 1982 ἑνός.
417 1917 476 1970 '0
511 1917 608 1987 μὲν
629 1918 814 1988 ἄφρων
838 1920 1023 1988 ἠπάτα
1058 1919 1262 1981 ἑαυτὸν,
1294 1918 1464 1984 λέγων
1485 1920 1540 1970 ὲν
1565 1922 1628 1989 τῇ

92 2007 271 2078 καρδίᾳ
306 2006 495 2061 ἑαυτοῦ
530 2007 604 2079 μὴ
635 2005 768 2061 εἶναι
796 2009 947 2062 Θεὸνο
1003 2010 1097 2062 καὶ
1149 2010 1197 2062 οί
1227 2011 1397 2063 λοιποὶ
1418 2010 1472 2063 δὲ
1501 2011 1632 2063 πάν-

91 2114 168 2160 τες
191 2098 586 2171 ἑδδελύχθησαν
635 2100 910 2172 βδελυρίαν
967 2100 1423 2171 ἐπιτηδεύσαντες.
1472 2101 1527 2155 ’0
1574 2101 1630 2154 δὲ

91 2190 277 2261 αληθὴς
309 2190 467 2258 λόγος
502 2191 591 2244 τὸν
621 2194 716 2246 ἐπὶ
756 2182 969 2245 στάντων
998 2187 1129 2244 Θεὸν
1171 2191 1264 2245 καὶ
1293 2191 1492 2262 Κύριον
1534 2192 1629 2262 οὐχ

91 2279 373 2346 ὑφεστάναι
407 2280 566 2349 μόνον
594 2281 688 2350 καὶ
713 2281 780 2335 τὰ
829 2282 999 2335 πάντα
1056 2281 1347 2352 περιέχειν,
1377 2281 1509 2336 ἀλλὰ
1535 2283 1628 2335 καὶ

92 2371 275 2441 ἰτιρᾷν
301 2371 394 2424 καὶ
418 2371 855 2436 inueniri-resedi,
888 2373 946 2425 οὐ
1004 2371 1071 2426 τὰ
1097 2373 1319 2426 καθόλου
1344 2371 1480 2443 μέρη
1535 2372 1625 2425 τοῦ

91 2461 276 2522 παντὸς
309 2463 489 2532 μρνον,
519 2461 650 2516 ἀλλὰ
682 2464 773 2515 καὶ
800 2461 866 2515 τὰ
893 2461 1033 2515 κατὰ
1055 2462 1238 2534 μέρος,
1273 2463 1365 2515 καὶ
1389 2464 1512 2525 τοὺς
1531 2457 1627 2518 Ini

91 2551 176 2621 τῆς
200 2553 299 2622 γῆς
321 2552 422 2615 τὰς
449 2553 724 2625 διατριϐάς
751 2544 1098 2624 ποιουμένους
1117 2556 1265 2618 υἱοὺς
1291 2555 1398 2608 τῶν
1425 2554 1628 2625 ἀνθρὼ-

91 2656 212 2702 πων,
241 2640 501 2694 διδάσκει.
548 2641 659 2694 Εἶτ’
691 2642 981 2712 ἐπειδήπερ
1015 2643 1265 2713 πρόνοιαν
1315 2644 1627 2713 ποιούμενος

88 2727 182 2780 τῶν
205 2728 336 2782 υἱῶν
376 2729 489 2783 τῶν
543 2728 860 2800 ἀνθρώπων,
889 2730 980 2783 τοῦ
1023 2730 1150 2783 ἰδίου
1206 2730 1461 2800 μεγέθους
1494 2732 1624 2784 ὑπο-

88 2815 292 2881 σαίνων,
348 2819 443 2872 καὶ
495 2818 680 2889 ὥσπερ
707 2818 763 2884 ἐξ
808 2819 1142 2890 ὑψηλοτάτης
1183 2821 1483 2890 ἀκρωρείας
1530 2820 1626 2890 τῆς

88 2908 331 2961 ἀνωτάτω
365 2909 459 2963 καὶ
480 2909 618 2980 ὑπὲρ
649 2909 824 2963 πάντα
850 2909 1126 2980 δυνάμεως
1145 2910 1358 2974 ἑαυτοῦ,
1379 2911 1626 2981 καθίησιν

88 3000 173 3052 ἰπὶ
189 2999 285 3070 τὴν
314 2999 582 3072 διάκρισιν
611 3000 719 3053 τῶν
746 3002 836 3054 ἐπὶ
861 3001 965 3070 γῆς
985 3000 1302 3073 ἀνθρώπων,
1320 3000 1625 3056 ἐπισκοπῶν

88 3089 135 3140 sl
160 3088 256 3143 πού
297 3089 383 3153 τίς
423 3092 538 3144 ἐστι
563 3091 662 3162 τῆς
692 3091 854 3146 αὐτοῦ
903 3093 1156 3164 προνοίας
1209 3093 1306 3164 τὴν
1366 3093 1626 3164 διοίκησιν

90 3179 292 3245 συνιὼν,
347 3182 442 3235 καὶ
471 3181 525 3236 ει
546 3182 646 3236 πού
676 3200 778 3247 τις,
815 3183 989 3238 πάντα
1038 3184 1260 3255 δεύτερα
1293 3183 1516 3255 θέμενος
1559 3184 1628 3238 τὰ

88 3269 174 3342 τῆς
201 3270 293 3324 τοῦ
318 3271 433 3342 βίον
459 3271 692 3344 ἀπάτης,
713 3274 812 3345 τὴν
842 3275 968 3344 περὶ
997 3275 1158 3329 αὐτοῦ
1179 3273 1400 3347 ζήτησιν
1427 3275 1629 3346 ἀνείλη-

89 3377 180 3426 φε.
217 3363 329 3416 Καὶ
357 3363 566 3434 tamen,
598 3363 792 3433 ζητῶν,
820 3365 1010 3419 οὐδένα
1039 3365 1271 3420 τοιοῦτον
1317 3357 1490 3439 εὗρεν,
1549 3366 1628 3437 τῷ

89 3451 281 3515 πάντας
301 3453 568 3516 ικκλῖναι,
595 3453 729 3524 ὁμοῦ
754 3469 812 3506 τε
863 3455 958 3508 καὶ
984 3455 1123 3509 κατὰ
1159 3457 1221 3509 τὸ
1248 3456 1379 3511 αὐτὸ
1401 3459 1627 3528 ἁχρσιω-

89 3539 255 3609 θῆναι,
286 3543 365 3607 ὥς
388 3545 461 3614 μὴ
491 3543 744 3598 ποιοῦντα
764 3543 965 3612 άγαθδν
986 3545 1094 3608 ἕως
1116 3546 1232 3608 ἑνὸς
1258 3547 1451 3618 εὑρεῖψ
1484 3547 1626 3601 εἰκό-

88 3648 184 3694 τως
206 3634 488 3688 δπαπειλεϊ
512 3638 621 3699 τοῖς
650 3634 1012 3704 διαφθείρασιν
1043 3637 1254 3701 αὐτοὺς,
1287 3636 1354 3690 τὰ
1393 3636 1514 3708 ἑξῆς
1540 3637 1628 3693 λιν

87 3739 203 3789 γων·
240 3725 385 3794 Οὐχί
417 3723 744 3794 γνώσονται
791 3724 1008 3792 πάντες
1032 3729 1085 3780 οἰ
1119 3724 1482 3796 ἐργαζόμενοι
1504 3727 1618 3795 τὴν

87 3814 350 3886 ἀνομίαν,
378 3820 430 3871 οἰ
462 3817 764 3884 ἐσθίοντες
805 3817 910 3872 τὸν
953 3818 1104 3872 λαόν
1121 3835 1238 3886 μου
1274 3817 1493 3886 βρώσει
1521 3819 1625 3888 ἅρ-

87 3925 216 3974 του;
261 3909 609 3976 ΤὸνΚύριον
643 3910 754 3963 οὐκ
800 3908 1260 3964 ἐπεκαλέσαντοο
1293 3909 1417 3963 ἐκεῖ
1449 3912 1627 3979 φοϐη-

87 3997 364 4065 θήσονται
391 3999 551 4066 ςρόόῳ
582 3993 651 4053 οὗ
681 4001 789 4059 οὐκ
815 3994 894 4068 ἦν
912 3998 1131 4066 φόϐος.
1180 3997 1414 4069 Ἐπειδὴ,
1438 3998 1623 4052 διακύ-

86 4085 182 4153 ψας
214 4088 277 4140 ὲκ
304 4083 402 4139 τοῦ
425 4087 556 4140 ἰδίου
582 4087 994 4158 κατοικητηρίου
1018 4089 1045 4139 ὁ
1092 4086 1239 4151 Θεὸς,
1272 4089 1537 4142 τουτέστιν
1563 4092 1626 4144 ὲκ

85 4175 171 4228 τοῦ
196 4176 445 4248 οὐρανοῦ,
479 4176 605 4230 ἔνθα
637 4167 903 4246 ita-rotust
931 4178 1142 4246 λέγεται
1185 4177 1272 4230 διὰ
1296 4179 1419 4241 τοὺς
1445 4179 1624 4232 αὐτόθι

85 4267 382 4340 χωροῦντας
434 4266 596 4321 αὑτοῦ
645 4267 741 4338 τὴν
775 4268 1065 4338 βασιλείαν,
1117 4269 1320 4333 πάντας
1359 4266 1462 4323 εῐδε
1506 4272 1627 4334 τοὺς

85 4361 223 4424 υἱοὺς
245 4359 353 4423 τῶν
389 4357 687 4429 ἀνθρώπων
731 4358 1124 4428 ἁχρειωθέντας
1181 4356 1272 4413 καὶ
1297 4361 1393 4431 τῆς
1419 4361 1627 4426 εὐθείας

86 4453 171 4505 καὶ
195 4452 358 4524 ὀρθῆς
381 4449 774 4513 ἀποκλίναντας
791 4448 930 4503 δδοῦο
959 4451 1179 4515 εἰκότως
1203 4446 1292 4506 οἷά
1311 4469 1394 4515 τις
1426 4453 1624 4524 ποιμὴν

1731 646 1871 702 lacra
1901 646 2168 717 erigentes
2205 661 2326 700 cum
2374 661 2620 715 suprema
2669 645 2909 699 omnium
2954 643 3253 712 iniquitate.

1729 735 1907 807 Ecqua
1947 737 2086 792 enim
2119 736 2208 790 illa
2231 735 2462 792 deterior
2492 735 2764 806 iniquitas,
2795 749 2897 805 qua
2929 734 3172 788 dicentes
3198 746 3254 787 se

1728 829 1995 898 sapientes
2015 842 2154 891 esse,
2178 828 2326 896 stulti
2355 827 2483 896 [acti
2511 835 2647 891 sunt,
2675 838 2721 880 et
2769 833 3090 879 mutaverunt
3136 823 3253 894 gleo

1728 919 1862 971 riam
1916 918 2321 985 incorruptibilis
2377 917 2471 971 Dei
2511 918 2565 970 in
2596 913 2981 970 similitudinem
3009 911 3253 982 imaginis

1728 1009 1954 1076 corrupti
1969 1009 2209 1072 hominis,
2230 1017 2278 1061 et
2295 1008 2578 1073 volucrum,
2595 1016 2642 1059 et
2659 1003 3061 1076 quadrupedum,
3077 1014 3123 1057 et
3141 1019 3252 1056 ser-

1725 1101 1970 1168 pentium,
1994 1101 2284 1156 secundum
2329 1107 2572 1156 sanctum
2599 1097 2910 1169 Apostolum
2938 1096 3013 1148 "?

1798 1274 1996 1330 Deinde
2043 1283 2406 1344 consequenter
2459 1280 2661 1343 agentes
2719 1269 2786 1323 ad
2841 1270 2997 1338 impia
3043 1276 3092 1340 et
3136 1282 3253 1336 per-

1727 1382 1874 1420 versa
1918 1366 2094 1420 studia
2141 1383 2258 1432 sua,
2306 1367 2360 1419 in
2410 1381 2608 1419 omnem
2654 1361 3252 1431 improbitatis-speciem

1724 1457 1863 1525 lapsi
1898 1467 2040 1512 sunt.
2081 1456 2257 1524 Quare
2281 1458 2475 1512 dehinc
2507 1455 2846 1526 subiungitur
2877 1471 2889 1506 :
2928 1451 3045 1506 Non
3069 1450 3254 1518 estqui

1726 1547 1889 1616 faciat
1931 1545 2140 1602 bonum.
2192 1547 2327 1601 Deus
2363 1547 2427 1601 de
2463 1547 2587 1601 caelo
2625 1545 2884 1613 prospexit
2920 1558 3070 1610 super
3116 1541 3252 1609 ﬁlios

1727 1638 1991 1692 hominum
2010 1678 2025 1702 ,
2052 1648 2108 1692 ut
2136 1637 2302 1692 rideat
2325 1639 2370 1692 si
2395 1647 2472 1692 est
2499 1638 2807 1706 intelligam,
2862 1646 2952 1716 aut
2992 1634 3252 1702 requirens

1727 1732 1910 1787 Deum.
1965 1731 2152 1787 Omnes
2205 1731 2608 1791 declinaverunt,
2663 1726 2818 1781 simul
2865 1725 3070 1778 inutiles
3122 1724 3254 1792 facti

1729 1834 1869 1885 sunt,
1899 1838 1997 1874 non
2027 1832 2102 1876 est
2143 1822 2230 1892 qui
2266 1821 2427 1889 faciat
2472 1819 2748 1873 bonitatem
2789 1832 2945 1886 usque
2971 1817 3038 1868 ad
3070 1829 3249 1871 unum.

1664 1886 1704 1941 Β
1729 1912 1992 1982 insipiens
2037 1886 2168 1968 sane
2213 1886 2332 1967 sese
2375 1910 2602 1979 decepit,
2645 1909 2828 1963 dicens
2869 1908 2924 1960 in
2968 1905 3126 1960 corde
3153 1919 3252 1959 suo

1729 2019 1835 2057 non
1869 2018 1988 2058 esse
2034 2001 2199 2058 Deum
2236 2020 2249 2057 :
2290 2016 2354 2056 ac
2401 2002 2595 2071 reliqui
2641 2014 2828 2055 omnes
2867 1997 3250 2052 abominabiles

1729 2098 1855 2152 facti
1878 2107 2022 2166 sunt,
2057 2097 2441 2153 abominationi
2472 2095 2766 2152 studentes.
2801 2095 2866 2148 At
2888 2108 3062 2149 sermo
3091 2107 3250 2153 verus

1729 2190 1885 2244 docet
1912 2203 2057 2253 eum,
2090 2189 2182 2258 qui
2217 2203 2378 2259 supra
2419 2189 2598 2242 omnia
2626 2197 2727 2252 est,
2767 2185 2931 2240 Deum
2970 2199 3032 2238 ac
3074 2181 3252 2237 Domi-

1727 2297 1876 2344 num,
1907 2297 2014 2336 non
2047 2280 2309 2336 exsistere
2335 2280 2495 2336 modo
2522 2287 2575 2337 et
2613 2279 2790 2335 omnia
2819 2276 3094 2346 complecti
3119 2293 3133 2342 ;
3155 2273 3250 2330 sed

1725 2373 1886 2425 etiam
1918 2371 2224 2440 prospicere
2243 2379 2297 2427 et
2332 2369 2697 2432 considerare,
2723 2385 2829 2424 non
2863 2370 3033 2424 solum
3065 2365 3253 2436 praeei-

1726 2475 1860 2530 puas
1889 2460 2126 2515 universi
2158 2467 2358 2529 partes,
2381 2459 2476 2517 sed
2521 2461 2729 2530 singula
2777 2473 3006 2528 quoque,
3033 2466 3086 2511 et
3116 2456 3251 2510 lilios

1721 2555 1998 2609 hominum
2022 2555 2076 2609 in
2099 2564 2242 2610 terra
2273 2561 2567 2609 versantes.
2597 2551 2796 2608 Deinde
2819 2550 2942 2620 quia
2982 2549 3106 2603 ﬁliis
3151 2548 3250 2602 ho-

1725 2647 1927 2699 minum
1953 2645 2312 2717 prospiciens.
2331 2660 2396 2700 αι
2411 2644 2625 2713 propria
2644 2643 3008 2712 magnitudine
3027 2640 3252 2696 descen-

1722 2736 1877 2799 dens,
1905 2736 2059 2805 quasi
2086 2751 2149 2790 ex
2171 2735 2435 2790 altissimo
2462 2732 2740 2788 cacumine
2765 2732 2978 2786 virtutis
3005 2746 3116 2786 sua:
3135 2747 3252 2785 om-

1723 2827 1883 2881 nibus
1913 2826 2321 2897 praeminente,
2351 2823 2628 2880 descendit
2670 2823 2736 2877 ad
2765 2837 2878 2885 eos,
2913 2824 3001 2890 qui
3024 2821 3077 2875 in
3107 2833 3249 2876 terra

1722 2925 1913 2983 erant,
1969 2918 2214 2973 homines
2259 2913 2734 2979 internoscendos,
2780 2914 3066 2984 explorans
3119 2928 3248 2967 num

1722 3009 1846 3080 quis
1887 3015 2029 3064 esset
2071 3008 2160 3079 qui
2192 3006 2536 3079 providentia
2580 3019 2690 3061 suae
2732 3003 3243 3058 administrationem

1723 3100 2077 3171 intelligeret,
2105 3108 2159 3154 et
2187 3114 2312 3154 num
2343 3098 2497 3169 quis,
2529 3094 2839 3166 postpositis
2868 3094 3116 3149 omnibus
3147 3092 3249 3146 liu-

1653 3219 1694 3279 ο
1722 3192 1811 3263 jus
1841 3194 1964 3279 vita
1992 3189 2238 3254 fallaciis,
2262 3187 2348 3279 ad
2387 3183 2897 3279 se-perquirendum
2931 3181 3248 3279 attenderet.

1727 3275 1968 3351 (imaque
1994 3276 2298 3349 huiusmodi
2329 3275 2592 3332 neminem
2623 3272 2901 3330 lustranda
2934 3272 3246 3333 invenisset.

1724 3371 1869 3442 quod
1909 3384 2095 3426 omnes
2134 3367 2494 3424 declinassent
2543 3371 2598 3419 et
2651 3364 2809 3418 simul
2849 3364 3065 3418 inutiles
3122 3360 3248 3417 facti

1724 3461 1971 3526 fuissent,
2001 3462 2074 3516 ita
2107 3466 2167 3514 ut
2195 3474 2264 3515 ne
2290 3459 2374 3513 vel
2399 3471 2564 3512 unum
2598 3456 2688 3527 qui
2714 3455 2914 3509 laceret
2935 3453 3134 3507 bonum
3165 3468 3250 3508 re-

1722 3553 1958 3624 periret;
1985 3550 2107 3619 jure
2133 3548 2493 3604 comminatur
2519 3547 2584 3601 iis
2611 3545 2702 3615 qui
2726 3557 2845 3600 sese
2875 3551 3248 3612 corruperant,

1721 3657 1840 3712 quae
1861 3648 2162 3710 sequuntur
2189 3637 2468 3709 proferens
2500 3656 2515 3690 :
2551 3635 2735 3690 Nonne
2769 3636 2928 3690 scient
2963 3643 3140 3690 omnes
3163 3635 3251 3702 qui

1722 3740 2000 3800 operantur
2044 3731 2402 3800 iniquitatem,
2436 3729 2526 3798 qui
2556 3727 2802 3782 devorant
2843 3725 3040 3794 plebem
3083 3739 3249 3778 meam

1721 3825 2028 3878 comestione
2057 3823 2249 3891 panis?
2277 3821 2558 3876 Dominum
2590 3837 2693 3874 non
2723 3820 3082 3890 invocaverunt
3106 3831 3122 3870 :
3143 3816 3254 3870 illic

1723 3915 2104 3983 trepidaverunt
2147 3914 2333 3967 timore
2386 3911 2475 3966 ubi
2517 3928 2619 3966 non
2663 3920 2774 3966 erat
2815 3912 2988 3966 timor.
3014 3912 3150 3977 Quia
3184 3926 3248 3964 ex

1721 4004 1940 4074 pr0prio
1959 4003 2231 4059 domicilio
2253 4004 2584 4074 prospiciens
2611 4001 2770 4066 Deus,
2796 4002 2980 4066 idest,
3000 4017 3064 4058 ex
3092 4002 3252 4062 cmlo.

1724 4095 1811 4149 ubi
1831 4093 2080 4171 habitare
2103 4094 2300 4150 dicitur
2327 4101 2544 4164 propter
2565 4108 2660 4149 eos
2673 4093 2763 4164 qui
2792 4093 2865 4148 ibi
2893 4107 3112 4162 regnum
3134 4092 3252 4160 ejus

1723 4184 2039 4254 possident,
2098 4200 2287 4240 omnes
2331 4185 2469 4239 lilios
2522 4183 2796 4238 hominum
2855 4182 2991 4238 vidit-
3033 4181 3252 4236 inutiles

1724 4273 1914 4338 factos,
1969 4290 1996 4328 a
2047 4283 2192 4330 recta
2224 4275 2311 4330 via
2354 4274 2689 4340 declinasse;
2711 4273 2834 4342 jure
2878 4286 2976 4327 ceu
3032 4259 3251 4340 quidam

1724 4377 1908 4437 pastor
1940 4368 2112 4422 bonus
2145 4383 2355 4438 gregem
2385 4382 2540 4422 suum
2567 4367 2621 4420 in
2650 4363 3249 4419 hominibusexsisten-

1722 4467 1829 4514 tem
1875 4475 2095 4524 curans,
2145 4451 2502 4530 perversionis
2543 4455 2852 4510 auctoribus
2898 4454 3252 4509 comminatur

86 4549 273 4616 ἀγαθὸς
300 4551 594 4623 κηδόμενος
634 4550 730 4621 τῆς
784 4551 841 4602 ἐν
871 4548 1172 4619 ἀνθρώποις
1191 4551 1353 4605 αὑτοῦ
1404 4551 1622 4623 ἀγέλης,

1725 4551 1948 4606 dicens:
1988 4549 2174 4605 Nonne
2218 4539 2518 4619 cognoscent
2553 4547 2640 4614 qui
2679 4556 2957 4615 operantur
3001 4545 3253 4616 iniquita-

87 4640 353 4696 ἐπαπειλεί
394 4645 508 4706 τοῖς
535 4642 724 4705 αἰτίοις
751 4641 848 4711 τῆς
873 4640 1215 4712 διαστροφῆς,
1254 4643 1442 4710 λέγων’
1478 4645 1622 4714 Οὐχί

86 4730 400 4797 γνώσονται
429 4737 482 4788 οἰ
502 4731 866 4803 ἐργαζόμενοι
887 4730 1000 4799 τὴν
1022 4731 1297 4800 ἀνομίαν,
1316 4737 1370 4787 οἰ
1394 4735 1623 4790 ἐσθίον-

86 4837 176 4890 τες
201 4825 308 4880 τὸν
337 4829 492 4881 λαόν
531 4845 650 4896 μου
688 4824 908 4895 ,ϐρώσει
972 4823 1185 4891 ἆρτου;
1231 4825 1338 4877 Καί
1365 4843 1454 4894 μοι
1478 4825 1623 4880 δοκεῖ

86 4911 244 4967 ταῦτα
272 4917 398 4988 περὶ
456 4917 732 4988 δυνάμεων
789 4913 1169 4984 ἀντικειμένων
1221 4913 1471 4982 λέγεσθαι
1514 4916 1620 4970 τῶν

86 4998 318 5069 ἁ⁵τ³ί³άτιιιν
378 5007 587 5078 ἐχθρῶν
639 5007 733 5062 καὶ
777 5004 1047 5077 πολεμίων
1072 5001 1164 5056 τοῦ
1188 5002 1374 5071 γένους
1397 5004 1488 5058 τοῦ
1521 5007 1620 5059 ἀν-

87 5085 360 5158 optinuit».
387 5090 545 5151 οὗτοι
583 5097 690 5168 γὰρ
714 5095 775 5150 τὸ
810 5095 914 5148 τῶν
939 5091 1231 5165 ἀνθρώπων
1272 5093 1426 5160 γένος
1453 5096 1621 5149 κατά-

88 5177 269 5251 ϐρωμα
296 5186 507 5252 ἑαυτοῖς
527 5190 864 5260 ἐποιήσαντο,
891 5185 976 5244 οἷα
997 5189 1156 5242 δεινοὶ
1182 5188 1342 5259 θῆρες
1383 5187 1479 5251 τὰς
1514 5189 1618 5257 ψυ-

1723 4651 1845 4705 tem,
1877 4641 1966 4710 qui
2013 4639 2258 4693 devorant
2299 4636 2491 4705 plebem
2525 4653 2690 4690 meam
2730 4639 3037 4691 comestione
3061 4637 3253 4706 panis?

1722 4730 1788 4784 Et
1831 4731 1946 4784 bmc
1976 4729 2225 4784 videntur
2257 4729 2388 4782 mihi
2426 4728 2492 4782 de
2530 4728 2856 4785 adversariis
2899 4730 3251 4800 potestatibus

1725 4819 2074 4875 invisibilium
2092 4819 2427 4872 inimicorum
2456 4825 2510 4873 et
2535 4818 2767 4874 hostium
2796 4821 3006 4891 generis
3034 4821 3251 4874 humani

1729 4911 1872 4967 dicta
1901 4924 2040 4965 esse.
2079 4906 2142 4961 lii
2164 4909 2305 4963 enim
2328 4899 2604 4964 hominum
2624 4926 2793 4980 genus
2822 4911 2998 4966 cibum
3038 4910 3139 4966 sibi
3175 4910 3253 4964 fe-

1722 5008 1938 5065 cerunt,
1978 5015 2076 5055 ceu
2123 4995 2384 5058 immanes
2424 5003 2549 5059 ferte
2605 5005 2813 5058 animas
2854 5017 3039 5058 eorum
3084 4999 3252 5055 devo-

1721 5101 1922 5158 rantes,
1964 5101 2025 5146 ut
2065 5094 2119 5147 in
2155 5095 2452 5164 prophetiis
2489 5097 2690 5151 dictum
2726 5104 2806 5152 est
2837 5115 2850 5150 :
2876 5094 2979 5160 Qui
3004 5093 3252 5148 devorant

1723 5186 1966 5258 populum
1991 5202 2158 5239 meum
2187 5196 2292 5242 toto
2321 5205 2407 5242 ore
2426 5189 2495 5244 "‘.

87 5273 177 5340 χάς
243 5276 419 5330 αὐτῶν
477 5231 867 5348 ζιατεσθίοντες,
906 5279 1044 5335 κατά
1080 5265 1139 5333 τὸ
1190 5231 1477 5351 εἰρημένον
1501 5231 1557 5332 ἐξ
1591 5231 1954 5352 προφὲτέίαιςο
2003 5281 2065 5331 Οἰ
2108 5280 2515 5346 κατεσθίοντες
2539 5280 2644 5335 τὸν
2668 5280 2819 5334 λαόν
2851 5295 2968 5348 μου
3015 5277 3135 5342 ὅλῳ
3174 5278 3253 5344 τῷ

87 5365 340 5418 arduam.

150 5381 187 5417 ὀ
302 5384 340 5418 ι.

150 5381 300 5514 οἵτῗ
325 5452 417 5514 οὖν
456 5462 610 5516 αὐτοὶ
647 5464 743 5516 νῦν
775 5463 894 5535 μὲν,
942 5465 1134 5537 φησὶν,
1179 5463 1252 5528 ὡς
1281 5462 1380 5517 οὐκ
1409 5463 1474 5517 ἂν
1527 5465 1617 5519 τὸν

87 5548 208 5603 Θεδν
246 5550 348 5620 πρὸ
363 5549 655 5621 ὀφθαλμῶν
680 5550 915 5623 θέμενοι,
968 5555 1136 5609 ταῦτα
1169 5553 1306 5608 κατὰ
1350 5551 1442 5606 τοῦ
1487 5553 1613 5609 λαοῦ

88 5642 173 5696 καὶ
193 5640 330 5697 κατὰ
353 5642 450 5713 τῆς
480 5642 615 5713 ἐμῆς
656 5642 712 5695 ὲν
739 5641 1041 5715 ἀνθρώποις
1066 5644 1284 5714 λογικῆς
1315 5644 1511 5717 ἀγᾶλης
1538 5646 1615 5702 διο

154 5794 196 5825 "
236 5793 390 5850 Rom.
431 5818 481 5861 ι,
513 5793 605 5849 22.
678 5794 724 5827 ’⁸
763 5795 866 5850 lsa.
901 5814 985 5858 ιι,
1021 5798 1103 5854 ii.

385 5891 654 5954 ΡΑι-ιιοι..
679 5889 1062 5970 ΕκηΧΧίΠ.

1791 5460 1856 5516 Hi
1889 5461 2073 5532 igitur,
2106 5463 2298 5535 inquit,
2335 5472 2517 5536 utpote
2544 5465 2634 5535 qui
2666 5463 2827 5519 Deum
2851 5463 3120 5518 oboculos
3143 5479 3250 5518 non

1719 5564 1937 5626 ponant,
1967 5553 2080 5626 jam
2122 5566 2314 5630 contra
2367 5558 2617 5629 papulum
2668 5565 2722 5612 et
2756 5565 2942 5611 contra
2978 5570 3158 5612 meum
3195 5559 3247 5611 iu

1718 5648 2021 5705 hominibus
2058 5651 2426 5710 rationabilem
2448 5665 2657 5724 gregem
2698 5649 2811 5706 hac
2835 5657 3076 5723 egerunt.
3107 5649 3247 5706 Num

2981 5909 3056 5968 15
