3966 6348
717 407 816 484 159

1415 414 1679 477 EUSEBII
1714 412 2182 472 CIESARIENSIS
2204 412 2229 464 ί

2329 418 2354 470 ι.
2386 386 2563 467 eius
2600 413 2684 470 Ill.
2723 443 2788 455 -
2824 413 3221 474 exessum.
3803 424 3877 476 ωε

711 562 839 616 ergo
877 560 1088 615 semper
1127 545 1204 599 sic
1238 552 1454 614 agentes
1496 538 1952 611 perseverabunt?
1985 537 2112 592 Esto
2153 537 2229 604 jar

2329 564 2339 588 ι
2368 531 2683 600 επράξαντο.
2714 534 2857 602 Μήτι
2881 531 2970 587 οὖν
3001 538 3092 588 καὶ
3109 538 3185 597 εἰς
3207 537 3266 587 τὸ
3287 537 3542 599 παντελὲς
3557 538 3722 589 ταῦτα
3743 541 3880 606 πρᾶτ-

712 637 881 693 Deum
917 653 1023 691 non
1057 637 1478 699 invocaverunt,
1515 632 1622 687 Deo
1653 631 1920 684 contraria
1961 635 2012 682 et
2049 628 2262 680 inimica

709 733 937 798 operati,
974 742 1154 791 annon
1185 727 1419 796 quodam
1456 733 1693 793 tempore
1741 729 2068 791 cognoscent
2105 720 2262 771 ultio-

708 837 829 877 nem
879 821 1012 891 ipsis
1063 818 1430 875 inferendam?
1475 815 1616 870 Sane
1662 824 1871 883 tempus
1914 814 2016 869 erit
2053 814 2105 867 in
2153 825 2260 882 quo

707 912 1054 981 trepidabunt
1103 914 1318 965 timore.
1374 908 1656 974 Quodnam
1690 907 1855 969 illud,
1898 906 2002 961 nisi
2045 903 2258 974 quando

705 1003 1054 1056 illucescente
1095 999 1354 1063 Salutari,
1385 998 1569 1051 nullus
1600 997 1740 1050 ultra
1776 1003 1948 1049 metus
1971 994 2255 1063 pecoribus

705 1093 837 1148 meis
872 1092 1082 1156 aderit,
1117 1092 1236 1145 illas
1280 1097 1458 1144 autem
1503 1090 1767 1159 immanes
1807 1088 1967 1149 feras,
2012 1087 2254 1140 occultos

702 1190 755 1235 et
774 1181 1071 1236 invisibiles
1089 1181 1362 1234 dzemoncs
1390 1181 1550 1233 timor
1576 1169 1864 1247 corripiet,
1897 1178 1984 1232 ubi
2021 1193 2124 1231 non
2153 1177 2255 1231 erit

703 1273 926 1328 timendi
958 1273 1143 1327 locus?
1184 1270 1337 1325 Tunc
1383 1272 1524 1325 enim
1577 1271 1644 1325 iis
1685 1271 1900 1341 quidem
1956 1273 2047 1341 qui
2097 1271 2254 1325 bonis

703 1375 862 1418 erunt
905 1365 1051 1434 digni
1095 1366 1277 1420 nullus
1325 1363 1427 1417 erit
1459 1373 1667 1429 metus;
1697 1365 1764 1419 iis
1800 1378 1950 1430 vero,
2005 1365 2098 1434 qui
2139 1364 2251 1433 jam

702 1466 889 1511 contra
917 1458 1170 1527 populum
1194 1473 1368 1511 meum
1401 1458 1704 1522 eriguntur,
1730 1457 1940 1525 ingruat
1970 1457 2128 1509 timor
2159 1455 2250 1508 irae

701 1551 847 1618 ipsos
879 1549 1164 1608 invasuraa,
1197 1564 1315 1617 quae
1347 1553 1575 1608 instans.
1612 1545 2033 1616 dissipabit'ossa
2071 1561 2249 1599 eorum

697 1639 785 1709 qui
838 1638 1129 1692 hominibus
1170 1637 1410 1705 placent;
1461 1652 1565 1706 qua
1635 1633 2066 1696 confundentur;
2119 1631 2246 1700 quia

697 1744 826 1786 tunc
857 1732 1098 1786 omnium
1129 1731 1291 1799 judex
1325 1731 1468 1799 ipsas
1501 1729 1653 1784 nihili
1688 1727 1868 1781 faciet.
1891 1726 1995 1779 Pro
2030 1725 2120 1777 illo
2147 1739 2245 1776 au-

2363 643 2542 688 τοντες
2564 627 2992 692 διατελέσουσιν,;
3049 629 3225 681 Ἔστω
3266 627 3321 679 δὲ
3366 627 3488 690 νῦν,
3533 628 3621 680 τὸν
3655 628 3881 680 Sabaei-1

2365 718 2782 782 ἐπεκαλέσαντο,
2813 720 3070 773 τάναντία
3094 719 3172 789 τῷ
3209 719 3324 788 Θεῷ
3357 720 3448 771 καὶ
3479 720 3546 771 τά
3575 720 3740 789 ἐχθρά
3766 722 3882 789 αὐτῷ

2361 810 2725 881 ἐνεργοῦντες,
2753 811 2826 881 μὴ
2854 811 2972 880 οὐχὶ
3005 810 3295 878 γνώσονται
3321 810 3493 879 καιρῷ
3520 828 3624 862 τινι
3673 811 3766 881 τὴν
3810 814 3884 862 ἑπ-

2358 901 2717 972 ελευσομένην
2741 903 2918 964 αὐτοῖς
2943 902 3124 971 δίκην;
3158 903 3265 954 Καὶ
3300 903 3404 971 μὴν
3434 901 3594 957 ἔσται,
3618 904 3812 971 καιρὸς,
3841 907 3882 954 ὲν

2355 987 2398 1060 ᾧ
2429 995 2821 1064 φοϐηθήσονται
2871 993 3053 1062 φόϐον.
3108 995 3264 1056 Ποῖος
3325 995 3369 1046 δ’
3432 994 3495 1046 ἂν
3544 994 3627 1063 εἴη
3681 989 3821 1055 οὗτος
3859 997 3881 1062 ἦ

2356 1085 2558 1148 ἐκεῖνος
2598 1084 2717 1137 καθ’
2742 1086 2799 1138 ὂν
2843 1083 3244 1155 ἐπιλάμψαντος
3275 1083 3364 1136 τοῦ
3407 1084 3699 1154 Σωτηρίου,
3734 1085 3881 1135 οὐκέτι

2354 1179 2465 1239 τοῖς
2490 1179 2641 1246 ἐμοῖς
2685 1177 2963 1248 θρέμμασι
3003 1176 3162 1245 φόϐος
3203 1177 3571 1244 ἐπιστήσεται·
3620 1177 3805 1235 αὐτοὺς
3840 1177 3881 1226 6's

2351 1269 2475 1330 τοὺς
2503 1268 2705 1330 δεινοὺς
2739 1268 2910 1340 θῆρά
2957 1270 3053 1322 καὶ
3086 1270 3208 1332 τοὺς
3257 1269 3477 1336 ἀφανεῖς
3519 1268 3612 1319 κα).
3655 1267 3882 1336 ἁορὰτους

2351 1355 2606 1425 δαίμονας
2639 1357 2797 1425 φόϐος
2829 1357 3050 1427 λήψεται
3101 1359 3214 1410 ἐκεῖ
3271 1350 3330 1410 οὗ
3382 1358 3479 1409 οὐκ
3522 1357 3672 1409 ἔσται
3716 1356 3880 1423 edim;

2351 1448 2482 1498 Τότε
2507 1446 2615 1518 γὰρ
2643 1451 2753 1510 τοῖς
2787 1447 2882 1516 μὲν
2903 1447 3008 1498 τῶν
3059 1447 3274 1514 ἀγαθῶν
3304 1445 3472 1509 ἀξίοις
3497 1446 3596 1497 οὐκ
3639 1445 3780 1496 ἔσται
3813 1445 3881 1512 σὸ-

2350 1537 2460 1600 6ος,
2487 1541 2595 1601 τοῖς
2624 1537 2679 1592 δὲ
2711 1538 2802 1590 νῦν
2824 1539 3200 1608 ἐπαιρομένοις
3223 1538 3360 1590 κατὰ
3392 1537 3483 1590 τοῦ
3506 1536 3635 1590 λαοῦ
3670 1553 3766 1605 μου
3792 1538 3881 1586 ἐπι-

2349 1633 2589 1682 πεσεῖται
2630 1630 2789 1699 φόϐος
2828 1633 2854 1682 6
2882 1631 2980 1699 τῆς
3018 1630 3473 1700 μετελευσομένης
3506 1629 3701 1691 αὐτοὺς
3719 1628 3880 1698 ὀργῆς.

2348 1724 2467 1792 ἥτις
2533 1723 2801 1775 ἐπιστᾶσα
2875 1723 3291 1790 διασκορπίσει
3368 1722 3518 1776 ὀστᾶ
3597 1723 3879 1789 ἀνθρωπα-

695 1830 820 1887 tem,
852 1823 1111 1889 Quoniam
1144 1821 1275 1875 Deus
1305 1821 1580 1888 dissipavit
1630 1827 1750 1872 o'ssa
1787 1834 1988 1878 eorum,
2028 1815 2116 1885 qui
2156 1815 2229 1866 ho

2343 1812 2598 1880 ρέσκων·
2657 1815 2715 1864 ὲν
2802 1813 2893 1864 καὶ
2925 1813 3493 1883 καταισχυνθήσονται,
3545 1813 3732 1883 ἐπειδὴ
3783 1813 3878 1864 τότε

694 1881 917 1967 minibus
949 1915 1172 1981 placent.
1211 1910 1568 1981 Symmachus
1603 1909 1675 1962 ita
1715 1911 2097 1974 interpretatus
2123 1912 2229 1958 est:

2348 1904 2544 1966 αὐτοὺς
2574 1905 2602 1955 6
2642 1903 3018 1956 τῶνὰπάντων
3063 1903 3402 1968 ὲξουδενώσει
3431 1904 3642 1974 κριτής.
3685 1904 3881 1955 ’Δντὶόὲ

695 2000 836 2055 Nam
873 2003 1007 2056 Deus
1033 2000 1311 2067 dissipabit
1341 2013 1460 2052 ossa
1506 2011 1684 2049 eorum
1730 1995 1819 2065 qui
1857 2001 2242 2046 castrametan-

691 2105 776 2146 tur
807 2096 948 2147 circa
978 2104 1023 2145 te
1050 2107 1065 2145 :
1089 2089 1427 2158 confunderis
1457 2088 1578 2156 quia
1617 2085 1752 2139 Deus
1804 2084 2094 2151 reprobavit
2133 2099 2236 2137 eos.

689 2186 880 2254 Aquila
932 2191 1109 2236 autem
1185 2181 1358 2235 eidem
1446 2177 1730 2244 sententiae
1775 2176 1942 2230 haeret
2005 2174 2235 2229 dicens:

691 2275 951 2340 Quoniam
1002 2273 1137 2325 Deus
1188 2272 1459 2338 dissipavit
1511 2287 1632 2324 ossa
1676 2285 1854 2322 eorum
1894 2267 1982 2336 qui
2009 2270 2240 2321 'caslra-

687 2366 869 2418 metati
891 2374 1009 2417 sunt
1033 2367 1172 2416 circa
1197 2374 1241 2417 te
1265 2380 1282 2416 :
1306 2365 1550 2432 confusus
1572 2379 1645 2427 es,
1669 2363 1912 2432 quoniam
1929 2360 2065 2414 Deus
2097 2361 2239 2429 abje-

688 2459 757 2508 cit
789 2473 897 2510 eos.
927 2454 1202 2510 Sermonis
1228 2463 1404 2509 autem
1449 2455 1715 2510 sententia
1758 2453 2016 2516 declarat,
2044 2452 2236 2523 praedi-

687 2553 897 2597 ctorum
932 2544 1109 2612 populi
1160 2543 1561 2609 insidiatorum,
1585 2543 1836 2598 videlicet
1883 2542 2233 2596 invisibilium

684 2637 1025 2691 inimicorum
1078 2646 1131 2688 et
1177 2637 1513 2690 occultorum
1568 2636 1825 2699 hostium,
1867 2635 2095 2689 virtutes
2141 2632 2235 2687 de-

681 2729 870 2783 lendas
893 2745 1032 2782 esse.
1068 2727 1200 2781 Nam
1237 2743 1361 2783 ossa
1392 2728 1734 2782 inimicorum
1774 2727 2056 2795 dissipata,
2079 2724 2233 2777 mali-

677 2820 764 2876 tia:
807 2835 994 2874 eorum
1039 2821 1265 2875 virtutes
1303 2821 1533 2883 fuerint,
1585 2835 1720 2889 quas
1758 2827 1944 2872 notato
1992 2824 2233 2885 tempore

677 2912 842 2966 Deum
873 2911 1257 2981 dissipaturum
1295 2913 1675 2966 comminatur.
1701 2909 1852 2963 Tunc
1880 2922 2042 2977 porro
2068 2908 2230 2961 etiam

675 3002 1094 3062 confundentur,
1125 3017 1247 3055 cum
1292 3001 1430 3056 Deus
1473 3018 1566 3056 eos
1627 3001 2019 3070 reprobaverit,
2045 3015 2108 3054 ac
2137 3000 2230 3054 de-

673 3093 928 3163 spexerit.
976 3093 1111 3146 nihil
1146 3108 1241 3146 eos
1277 3107 1400 3146 esse
1441 3093 1819 3161 comprobans.
1865 3090 1987 3144 llaec
2037 3091 2228 3143 merito

675 3186 1057 3241 Interminatus
1103 3192 1184 3239 est
1231 3184 1508 3238 hominum
1554 3192 1775 3236 curator
1817 3182 1911 3237 Dei
1964 3183 2222 3248 verbum;

673 3276 928 3347 quoniam
977 3276 1312 3346 prospiciens
1359 3275 1424 3330 de
1466 3275 1602 3328 caelo
1651 3289 1816 3343 super
1867 3273 2006 3327 filios
2051 3273 2226 3327 homi-

672 3383 822 3429 num,
848 3383 912 3421 ac
951 3359 1285 3438 perlustrans
1325 3380 1453 3419 num
1493 3364 1616 3434 quis
1656 3371 1799 3420 esset
1845 3366 1987 3419 inter
2015 3380 2108 3420 eos
2144 3365 2226 3419 in-

671 3459 916 3533 telligens
953 3468 1043 3512 aut
1072 3460 1352 3528 requirens
1385 3457 1575 3522 Deum,
1614 3459 1820 3512 nullum
1857 3458 2092 3524 invenit;
2130 3457 2223 3513 sed

669 3549 1022 3624 deprehendit
1054 3567 1246 3614 omnes
1287 3550 1503 3606 insidiis
1542 3551 1885 3604 inimicorum
1918 3550 2223 3607 declinasse

668 3653 728 3690 ac
771 3638 988 3692 inutiles
1032 3639 1202 3693 factos
1245 3654 1385 3702 esse,
1429 3646 1487 3693 ut
1533 3656 1601 3694 ne
1645 3641 1729 3694 vel
1781 3655 1922 3695 unus
1969 3640 2221 3697 residuus

665 3737 809 3782 esset
837 3729 993 3783 bonis
1025 3731 1281 3799 Operibus
1307 3730 1544 3786 deditus.
1586 3731 1774 3786 Priora
1809 3733 1992 3803 itaque
2027 3733 2220 3788 tertius

664 3821 908 3874 decimus
950 3821 1111 3874 etiam
1147 3823 1525 3891 complectitur
1556 3844 1567 3877 :
1594 3839 1714 3894 quas
1755 3831 2059 3893 sequuntur
2093 3839 2220 3878 vero

665 3911 805 3964 inter
833 3926 890 3964 se
915 3910 1188 3966 dillerunt.
1213 3912 1346 3966 Nam
1372 3913 1425 3967 in
1456 3914 1667 3969 decimo
1689 3917 1849 3970 tertio
1877 3917 1962 3970 his
1992 3915 2218 3984 subju-

662 4002 806 4070 gitur
829 4000 990 4054 illud:
1023 4001 1281 4067 Quoniam
1312 4003 1453 4058 Deus
1484 4007 1538 4058 in
1560 4008 1892 4075 generatione
1932 4008 2085 4072 justa
2115 4016 2213 4070 est,

661 4093 937 4146 consilium
976 4095 1144 4162 inopis
1175 4095 1508 4163 confudistis,
1539 4098 1786 4166 quoniam
1821 4097 2075 4152 Dominus
2099 4115 2214 4167 spes

658 4185 772 4254 ejus
800 4186 967 4250 est”;
1016 4186 1102 4240 hic
1134 4201 1280 4250 vero,
1316 4187 1577 4252 Quoniam
1609 4188 1748 4242 Deus
1784 4188 2056 4257 dissipavit
2091 4207 2213 4244 ossa

2343 1996 2454 2047 τοῦ·
2491 1997 2618 2048 Ὅτι
2661 1998 2694 2048 ὀ
2741 1995 2885 2061 Θεὸς
2939 1995 3357 2062 διεσκόρπισεν
3411 1995 3561 2051 ὀστᾶ
3598 1998 3858 2063 ἀνθρωπα

2333 2088 2591 2153 ρέσκων,
2623 2086 2650 2136 ὁ
2682 2086 2970 2155 Σύμμαχος
3001 2084 3186 2138 τοῦτον
3214 2089 3520 2158 ἡρμήνευσε
3549 2089 3641 2140 τὸν
3682 2090 3876 2155 τρόπον·

2352 2177 2403 2229 ⁸0
2436 2177 2545 2246 γὰρ
2584 2176 2725 2242 Θεὸς
2764 2177 3177 2244 διασκορπίσει
3219 2175 3368 2231 ὀστᾶ
3406 2177 3524 2230 τῶν
3568 2181 3877 2248 παρεμϐαλ-

2337 2270 2567 2322 λόντων
2611 2269 2742 2335 περὶ
2800 2268 2889 2322 σέ·
2955 2268 3467 2336 καταισχυνθήσῃ,
3517 2269 3605 2321 ὅτι
3669 2272 3702 2321 ὀ
3759 2269 3878 2332 Θεὸς

2335 2359 2779 2427 ἀπεδοκίμασεν
2803 2360 3059 2424 αὐτούς..
3099 2359 3207 2412 Καὶ
3267 2361 3295 2413 6
3336 2358 3562 2421 Ἀκύλας
3589 2360 3645 2411 δὲ
3679 2359 3773 2429 τῆς
3803 2362 3877 2412 αὺ-

2334 2453 2431 2522 τῆς
2466 2452 2643 2522 ἔχεται
2675 2452 2910 2515 διανοίας
2939 2453 3129 2521 λέγων’
3165 2452 3282 2506 ’Ὁτὶ
3305 2455 3337 2505 ὀ
3371 2452 3512 2517 Θεὸς
3537 2452 3877 2520 ἑσκόρπισεν

2334 2542 2484 2598 ὀστᾶ
2512 2547 3074 2615 παρεμϐεϐληκότων
3097 2562 3231 2599 σουο
3263 2546 3561 2613 ᾔσχυνας.
3590 2544 3680 2597 ὄτι
3702 2549 3733 2598 ὀ
3756 2547 3876 2609 Θεές

2332 2636 2658 2705 ἀπέρριψεν
2687 2638 2924 2703 αὐτούς.
2967 2637 3032 2691 Ἠ
3085 2638 3141 2690 δὲ
3184 2636 3276 2690 τοῦ
3324 2637 3479 2705 λόγου
3523 2637 3728 2690 διάνοια
3767 2655 3874 2708 παρ

2335 2725 2513 2796 ίστησι
2535 2726 2642 2778 τῶν
2676 2726 3072 2797 προλεχθέντων
3106 2725 3398 2779 ἐπιϐούλων
3419 2726 3512 2779 τοῦ
3531 2726 3682 2790 λαοῦ,
3702 2726 3874 2798 δηλαδή

2331 2815 2437 2867 τῶν
2453 2816 2706 2885 ἀοράτων
2752 2815 2960 2886 ἐχθρῶν
2984 2817 3076 2868 καὶ
3107 2816 3216 2868 τῶν
3231 2816 3448 2885 ἀφανῶν
3480 2816 3771 2887 πολεμίων,
3796 2818 3874 2877 τὰς

2329 2907 2582 2977 δυνάμεις
2606 2907 3112 2977 καθαιρεθήσεσθαι.
3180 2910 3339 2961 Ὀστᾶ
3376 2909 3483 2978 γὰρ
3521 2908 3873 2978 διασκορπιζό-

2332 3003 2466 3068 μενα
2489 2999 2596 3052 τῶν
2626 2999 2833 3069 ἐχθρῶν
2858 2996 2964 3052 εἷεν
2991 2999 3056 3052 ἂν
3083 3001 3138 3053 αἱ
3160 3001 3257 3072 τῆς
3287 3001 3481 3064 κακίας
3524 3001 3703 3054 αὐτῶν
3734 3002 3874 3054 δυνα-

2332 3108 2470 3161 μεις,
2494 3091 2559 3154 ἃς
2584 3091 2985 3162 διασκορπίζειν
3013 3092 3152 3144 κατά
3199 3092 3289 3144 τὸν
3337 3093 3732 3162 σημαινόμενον
3779 3111 3858 3146 και

2332 3182 2421 3251 ρὸν
2451 3184 2478 3233 6
2499 3181 2653 3250 λόγος
2684 3183 2914 3235 ἀπειλεῖ.
2939 3182 3068 3234 Τότε
3100 3183 3155 3234 δὲ
3187 3185 3279 3236 καὶ
3322 3185 3872 3254 καταισχυνθήσονται,

2325 3272 2544 3327 ὲπειδάν
2565 3275 2937 3347 ἀποδοκιμάσῃ
2965 3277 3160 3340 αὐτοὺς
3183 3279 3212 3328 6
3230 3277 3359 3340 Θεὸς
3381 3278 3412 3348 ἢ
3442 3276 3790 3349 ἐξουθενήσῃ.
3820 3278 3870 3329 τὺ

2328 3367 2495 3438 μηθὲν
2525 3369 2722 3432 αὐτοὺς
2760 3364 2896 3423 εἶναι
2926 3369 3224 3433 ἀποδείξας.
3262 3369 3441 3422 Ταῦτα
3486 3369 3712 3432 εἰκότως
3738 3370 3869 3438 ἠπεί-

2323 3461 2482 3532 λησεν
2506 3463 2533 3514 6
2558 3459 2666 3513 τῶν
2712 3460 3008 3532 ἀνθρώπων
3067 3461 3313 3533 κηδεμὼν
3363 3460 3454 3514 τοῦ
3511 3462 3646 3515 Θεοῦ
3711 3463 3866 3529 λόγος’

2323 3551 2506 3621 ἐπειδὴ
2529 3551 2792 3620 διακύψας
2829 3556 2892 3606 ἐκ
2943 3554 3037 3606 τοῦ
3065 3553 3292 3622 ούρανοῦ
3318 3554 3409 3606 ἐπὶ
3443 3556 3567 3619 τοὺς
3607 3556 3756 3617 υἱοὺς
3780 3554 3868 3606 τῶν

2320 3642 2639 3714 ἀνθρώπων,
2674 3644 2908 3714 ζητήσας
2953 3662 3011 3696 τε
3062 3647 3120 3697 ὲν
3157 3645 3336 3708 αὐτοῖς
3362 3647 3411 3698 εί
3457 3646 3568 3698 ἔστι
3603 3647 3794 3699 συνιὼν
3839 3646 3865 3712 ἦ

2320 3734 2495 3804 ζητῶν
2525 3735 2614 3787 τὸν
2641 3735 2791 3799 Θεὸν,
2821 3736 3009 3790 οὐδένα
3041 3728 3184 3808 εὗρε·
3218 3735 3481 3790 κατέλαϐε
3519 3736 3574 3789 δὲ
3601 3739 3726 3799 τοὺς
3747 3737 3864 3788 πᾶν·

2317 3844 2415 3890 τας
2433 3829 2490 3893 ἐξ
2516 3828 2805 3898 ἐπιϐουλῆς
2832 3827 3040 3900 ἐχθρῶν
3062 3828 3402 3890 ὲκκλίνοντας
3439 3829 3530 3880 καὶ
3556 3828 3864 3898 ἀχρειωθέν-

2319 3935 2433 3981 τας,
2466 3921 2538 3983 ὼς
2577 3921 2710 3990 μηδὲ
2743 3921 2845 3983 ἕως
2881 3919 2996 3982 ἑνὸς
3020 3918 3424 3990 περιλείπεσθαι
3456 3918 3678 3985 ἀγαθῶν
3707 3920 3862 3991 ἔργων

2319 4013 2564 4081 ποιητήν.
2599 3998 2675 4063 Td
2710 4011 2806 4082 μὲν
2829 4007 2920 4063 οὖν
2943 4009 3131 4081 πρῶτα
3161 4009 3359 4079 ὁμοίως
3401 4011 3494 4062 καὶ
3541 4011 3570 4060 6
3617 4018 3686 4078 ιγ’
3727 4028 3862 4080 περι-

2319 4100 2449 4169 έχειο
2478 4101 2848 4172 παρήλλακται
2865 4102 2920 4154 δὲ
2943 4101 3010 4154 τὰ
3037 4100 3180 4171 ἑξῆς.
3198 4102 3284 4154 Ἐν
3305 4101 3400 4171 μὲν
3427 4100 3534 4171 γὰρ
3553 4101 3630 4172 τῷ
3659 4110 3726 4170 ιγ’
3756 4119 3861 4154 συν-

2314 4187 2480 4255 ῆπται
2527 4190 2734 4253 τούτοις
2789 4192 2869 4254 τὸ,
2911 4191 3035 4244 ’Ότι
3081 4193 3112 4244 ὀ
3142 4189 3380 4255 Θεὸςέν
3433 4187 3605 4258 γενεᾷ
3655 4189 3856 4255 δικαίᾳ.

658 4291 835 4327 eorum
862 4273 959 4344 qui
985 4275 1279 4329 hominibus
1304 4277 1528 4344 placent,
1560 4279 1766 4345 confusi
1799 4289 1920 4333 sunt
1963 4282 2212 4350 quoniam

2329 4277 2553 4346 Βουλὴν
2581 4281 2816 4350 πτωχοῦ
2865 4283 3299 4348 κατῃσχύνατε,
3331 4279 3420 4332 ὅτι
3459 4281 3672 4347 Κύριος
3701 4282 3857 4345 ἐλπὶς

657 4362 797 4416 Deus
850 4366 1038 4430 sprevit
1078 4382 1184 4420 eos.
1219 4364 1322 4420 Sed
1353 4383 1473 4436 quae
1515 4368 1732 4422 tertium
1772 4370 2040 4425 decimum
2090 4387 2212 4440 spe-

655 4461 805 4509 ctant
835 4456 947 4510 suis
977 4457 1107 4510 locis
1131 4460 1347 4527 propria
1368 4459 1808 4528 interpretatione
1840 4463 2038 4517 donata
2059 4471 2207 4518 sunt.

2313 4369 2497 4423 αὐτοῦ
2538 4371 2724 4424 ἐστιν’
2762 4372 2994 4426 ἐνταῦθα
3019 4373 3097 4435 δὲ,
3135 4375 3254 4426 Ὅτι
3282 4376 3314 4425 ὀ
3363 4370 3506 4436 Θεὸς
3537 4371 3858 4439 διεσκόρπι-

2312 4472 2424 4510 σεν
2452 4459 2599 4514 ὀστᾶ
2632 4462 3161 4532 ἀνθρωπαρέσκων,
3196 4463 3739 4530 κατῃσχύνθησαν,
3783 4465 3855 4516 ὅτι

655 4542 785 4607 Quae
812 4559 940 4598 vero
966 4545 1076 4612 jam
1111 4554 1432 4612 tractantur,
1466 4566 1572 4620 qua
1608 4552 1819 4608 ratione
1849 4555 2203 4624 explicaveri-

2329 4552 2344 4602 5
2383 4549 2526 4616 Θεὸς
2544 4551 2950 4615 ἐξουδένωσεν
2970 4556 3205 4618 αὐτούς.
3249 4551 3405 4606 Ἀλλά
3435 4553 3531 4622 μὲν
3567 4555 3646 4616 είς
3665 4555 3756 4607 τὸν
3803 4561 3854 4621 ιγ’

655 4651 799 4698 mus,
832 4636 1025 4703 cuique
1052 4637 1240 4707 legenti
1272 4642 1444 4710 palam
1471 4653 1570 4699 est.

723 4894 887 4950 Vsus.
925 4895 972 4951 7.
995 4894 1124 4962 Quis
1151 4897 1294 4977 dabit
1323 4915 1385 4953 ex
1416 4900 1542 4956 Sion
1571 4903 1819 4959 Salutare
1849 4905 2062 4962 Israel?
2089 4924 2206 4961 eum

650 4989 955 5041 converterit
991 4988 1130 5042 Deus
1161 4991 1511 5054 captivitatem
1543 4997 1704 5062 plebis
1740 5015 1850 5054 sua:
1871 5042 1885 5064 ,
1920 5001 2205 5056 exsultabit

649 5078 814 5132 Iacob
848 5091 898 5133 et
931 5081 1197 5134 laetabitur
1232 5082 1424 5139 Israel.
1460 5086 1595 5140 Cum
1638 5087 1908 5162 Propheta
1947 5110 2011 5148 ex
2052 5109 2202 5148 reve-

649 5174 846 5227 latione
891 5172 1126 5243 Spiritus
1175 5179 1350 5232 sancti
1401 5193 1593 5248 magna
1637 5186 1973 5253 concepisset
2015 5186 2199 5240 animo

648 5261 715 5317 de
763 5265 1003 5332 pernicie
1040 5266 1383 5321 inimicorum
1430 5268 1654 5323 humani
1706 5277 1957 5340 generis,
2007 5275 2202 5330 deinde

645 5355 849 5410 addidit
893 5357 1057 5421 illud,
1092 5359 1222 5424 Quis
1265 5361 1410 5413 dabit
1454 5379 1516 5414 ex
1562 5364 1688 5418 Sion
1717 5367 2012 5422 Salutare?
2056 5385 2117 5421 ac
2149 5369 2194 5421 si

643 5446 881 5510 diceret,
912 5449 1036 5518 quis
1073 5449 1224 5504 dabit
1255 5453 1367 5506 haec
1392 5454 1502 5522 jam
1536 5470 1697 5524 opere
1739 5461 2041 5528 compleri?
2082 5459 2197 5512 Non

643 5543 785 5595 enim
820 5543 925 5596 alia
961 5541 1169 5600 ratione
1201 5549 1451 5603 liheratio
1502 5565 1529 5602 a
1576 5553 1731 5606 malis
1773 5565 1888 5606 rata
1933 5556 2036 5608 erit
2072 5553 2196 5608 ﬁliis

646 5632 920 5687 hominum
945 5677 958 5701 ,
989 5638 1089 5692 nisi
1120 5653 1213 5708 per
1238 5642 1410 5696 solum
1437 5641 1726 5698 adventum
1760 5646 2029 5703 Salutaris
2061 5645 2152 5700 Dei
2176 5686 2190 5707 .

709 5811 750 5840 ⁷⁸
795 5809 934 5866 Psal.
974 5829 1105 5878 χιιι,
1142 5813 1192 5870 6.

2312 4641 2515 4704 οἰκείας
2543 4643 2728 4714 ἔτυχεν
2754 4647 3046 4716 ἑρμηνείας
3076 4645 3215 4699 κατά
3241 4645 3364 4705 τοὺς
3393 4644 3625 4707 οἰκείους
3649 4646 3852 4707 τόπους·

2312 4731 2380 4784 τὰ
2435 4733 2490 4785 δὲ
2547 4737 2902 4806 προκείμενα,
2936 4737 3082 4799 ὅπως
3115 4738 3245 4806 ἡμῖν
3287 4733 3550 4805 παρέστη,
3587 4737 3851 4806 πρόκειται

2308 4828 2420 4887 τοῖς
2448 4827 2885 4897 ἐντυγχάνουσιν.
3177 4896 3184 4902 ¹

2382 4917 2475 4981 Τίς
2502 4916 2676 4972 δώσει
2696 4920 2763 4971 ἐκ
2793 4918 2945 4972 Σιὼν
2966 4918 3028 4970 τὸ
3053 4915 3346 4983 Σωτήριον
3363 4916 3467 4971 τοῦ
3512 4919 3778 4986 Ἰσραήλ;
3795 4922 3852 4972 ἐν

2305 5001 2383 5067 τῷ
2418 5005 2772 5075 ἐπιστρέψαι
2805 5006 2911 5060 τὸν
2943 5006 3088 5059 Θεὸν
3133 5004 3247 5072 τὴν
3290 5009 3708 5075 αἰχμαλωσίαν
3761 5010 3850 5062 τοῦ

2303 5097 2454 5151 λαοῦ
2477 5099 2680 5162 αὐτοῦ,
2702 5098 3124 5166 άγηλλιάσεται
3153 5097 3376 5162 Ἰακὼϐ,
3412 5101 3507 5152 καί
3531 5103 3849 5170 εὐφρανῶὶ-

2305 5204 2471 5241 σεται
2509 5190 2774 5257 Ἰσραήλ.
2819 5189 3042 5256 Μεγάλα
3068 5190 3388 5257 φαντασθεὶς
3424 5193 3452 5243 6
3481 5192 3771 5264 Προφήτης
3796 5196 3846 5243 ὲκ

2300 5280 2396 5349 τῆς
2434 5282 2526 5333 τοῦ
2554 5283 2706 5349 ἁγίου
2730 5280 3041 5349 Πνεύματος
3078 5282 3461 5351 ἀποκαλύψεως
3494 5287 3621 5355 περὶ
3647 5287 3743 5355 τῆς
3766 5289 3846 5336 ἀπ·

2301 5371 2492 5434 ωλείας
2518 5372 2624 5423 τῶν
2652 5370 2862 5441 ,ἐχθρῶν
2892 5371 2982 5422 τοῦ
3021 5371 3126 5424 τῶν
3167 5373 3464 5444 ἀνθρώπων
3494 5377 3705 5443 γένους,
3740 5375 3844 5441 ὲῇς

2301 5464 2546 5534 ἐπήγαγε
2573 5465 2654 5527 τὸ,
2692 5464 2785 5529 Τίς
2807 5462 2982 5516 δώσει
3011 5464 3077 5517 ἑκ
3107 5465 3253 5518 Σιὼν
3275 5467 3336 5519 τὸ
3363 5468 3692 5534 Σωτήρων;
3729 5467 3842 5517 ὡσεὶ

2299 5553 2481 5622 ι’ἐλεγε⁸
2515 5556 2608 5618 Τίς
2650 5553 2808 5606 δώσει
2849 5553 2946 5624 ἠδη
2993 5555 3120 5607 ποτὲ
3160 5547 3436 5630 ταύταδι⁸
3477 5556 3658 5626 ἔργων
3683 5555 3842 5624 χωρῆυ

2301 5664 2416 5711 σαι;
2453 5647 2525 5700 Ού
2553 5648 2661 5717 γὰρ
2690 5647 2862 5709 ἄλλως
2902 5647 3170 5703 σεσῶσθαι
3193 5648 3379 5703 κακῶν
3405 5647 3718 5717 ἐλευθερίαν
3749 5647 3840 5706 τοῖς
