3958 6340
740 468 845 523 465

1437 464 1704 523 EUSEBII
1741 457 2213 524 CESARIEN'SIS
2248 469 2399 526 OPP.
2437 467 2615 524 PARS
2644 445 2730 523 Ill.
2767 498 2833 508 —
2873 465 3269 522 EXEGETICA.

3826 473 3915 527 ισι

741 594 857 647 rat,
890 583 1050 636 alium
1079 596 1265 636 eorum
1296 582 1385 652 qui
1420 582 1472 635 in
1515 582 1882 652 captivitatem
1921 584 2137 638 abducti
2178 601 2267 639 nor

2387 577 2543 637 Οὗτοι
2578 582 2684 654 γὰρ
2726 582 3184 654 εὐφρανθήσονται
3225 583 3283 635 ἑν
3326 581 3402 651 τῷ
3441 583 3786 654 ἑπιστρέφτιν
3819 587 3915 639 Κύ-

739 682 896 739 sunt;
928 675 1087 726 alium
1117 688 1303 727 eorum
1319 673 1410 742 qui
1433 673 1647 728 abducti
1673 673 1888 742 quidem
1908 685 2054 736 sunt,
2073 676 2169 730 sed
2189 692 2284 747 per

740 765 983 821 Salutate
1009 763 1309 820 libertatem
1339 770 1464 820 sunt
1480 763 1776 820 consecuti.
1800 761 1956 820 Dicas
1981 765 2143 836 igitur
2163 766 2282 823 illos

737 858 862 909 olim
898 855 1187 926 prophetas
1209 897 1224 921 ,
1262 857 1441 925 justos
1467 895 1482 918 ,
1520 856 1892 926 patriarchas,
1924 865 1977 912 et
2021 865 2283 928 quotquot

736 949 802 1002 ab
845 963 1027 1004 errore
1057 947 1372 1002 idololatria:
1404 947 1526 1017 puri
1556 946 1804 1008 fuerunt.
1837 947 1984 1018 ipsos
2029 964 2150 1004 esse
2191 949 2281 1019 qui

735 1040 789 1093 in
838 1041 1206 1109 captivitatem
1258 1053 1289 1093 a
1346 1038 1721 1108 spiritualibus
1778 1040 2014 1095 inimicis
2064 1041 2280 1095 abducti

735 1147 840 1186 non
873 1142 999 1187 sunt
1026 1150 1039 1186 :
1075 1146 1170 1187 eos
1201 1146 1332 1187 vero
1360 1145 1424 1184 ex
1460 1131 1710 1201 gentibus
1737 1132 1828 1202 qui
1863 1131 1917 1185 in
1956 1131 2158 1188 nullius
2187 1132 2279 1189 Dei

734 1225 942 1280 cultum
988 1237 1110 1279 sese
1156 1230 1477 1306 verterunt;
1523 1236 1618 1276 eos
1668 1222 1795 1276 item
1844 1222 1937 1291 qui
1987 1223 2278 1276 multorum

732 1315 1015 1369 numinum
1058 1313 1230 1369 errori
1269 1328 1329 1369 se
1368 1313 1700 1379 subdidere;
1746 1313 1860 1368 sive
1895 1313 2055 1368 etiam
2089 1314 2181 1384 qui
2211 1330 2274 1370 ex

730 1405 1145 1462 circumcisione
1174 1404 1414 1475 peccatis
1443 1403 1559 1459 suis
1591 1403 1790 1460 venditi
1827 1414 1992 1468 sunt;
2028 1413 2189 1476 atque
2223 1407 2277 1459 in

731 1512 942 1551 summa
969 1511 1187 1561 omnes,
1222 1495 1289 1551 de
1315 1496 1513 1565 quibus
1540 1496 1790 1565 superius
1819 1496 2020 1551 dictum
2047 1507 2158 1562 est,
2192 1497 2278 1552 Di-

731 1589 813 1642 xit
844 1589 1090 1657 insipiens
1125 1589 1179 1641 in
1208 1588 1360 1642 corde
1393 1604 1489 1641 suo
1513 1604 1531 1640 :
1575 1586 1698 1642 Non
1727 1597 1805 1641 est
1841 1587 2014 1652 Deus;
2048 1589 2279 1657 corrupti

729 1689 852 1734 sunt
887 1690 935 1734 et
978 1679 1351 1734 abominabiles
1390 1679 1522 1749 {acti
1555 1690 1676 1734 sunt
1715 1682 1770 1733 in
1803 1681 2114 1750 iniquitate,
2146 1696 2275 1746 eos,

728 1771 985 1841 inquam,
1015 1786 1137 1826 esse
1161 1770 1252 1840 qui
1295 1771 1656 1840 captivitatem
1700 1771 1850 1842 passi
1891 1779 2038 1826 sunt.
2070 1769 2277 1836 Quibus

727 1879 822 1933 per
853 1863 1143 1919 salutarem
1175 1862 1468 1918 adventum
1497 1864 1744 1919 liberatis
1765 1903 1780 1929 ,
1811 1862 2014 1918 chorus
2043 1862 2277 1932 prophe-

2385 693 2496 747 ριον
2519 674 2616 746 τὴν
2642 673 3010 745 αἰχμαλωσίαν
3038 673 3129 727 τοῦ
3162 673 3286 728 λαοῦ
3319 674 3496 728 αὑτοῦ.
3531 676 3635 729 Δύο
3652 677 3824 731 τοίνυν
3843 677 3917 731 διὰ

2381 767 2582 822 τούτων
2624 767 2947 839 παρίσταται
2975 767 3246 836 τάγματα,
3281 766 3341 819 τὸ
3369 767 3465 837 μὲν
3494 766 3601 819 τῶν
3633 767 3708 838 μὴ
3733 768 3917 824 ὑποπε-

2383 859 2670 912 πτωκότων
2701 861 2767 929 τῇ
2792 857 3155 928 αἰχμαλωσίᾳ,
3182 858 3244 910 τὸ
3267 857 3322 910 δὲ
3342 859 3448 911 τῶν
3465 860 3916 915 ὑποπεπτωκότων

2386 949 2504 1019 μὲν,
2532 947 2841 1019 ἐλευθερίας
2876 947 2933 1001 δὲ
2967 948 3338 1018 τετυχηκότων
3382 947 3468 1001 διὰ
3507 948 3599 1001 τοῦ
3634 949 3914 1020 Σωτηρίου.

2396 1042 2567 1111 Ἐρεῖς
2611 1035 2701 1094 οὖν
2741 1041 2865 1102 τοὺς
2902 1040 2997 1110 μὲν
3033 1039 3198 1092 πάλαι
3232 1043 3510 1112 προφήτας
3539 1041 3632 1093 καὶ
3668 1039 3912 1104 δικαίους,

2381 1132 2473 1184 καὶ
2499 1131 2857 1203 πατριάρχας,
2876 1131 2968 1183 καὶ
2997 1131 3200 1194 πάντας
3215 1132 3337 1195 τοὺς
3367 1130 3634 1202 καθαροὺς
3665 1130 3762 1201 τῆς
3785 1130 3917 1184 εἰδω-

2383 1223 2642 1295 λολάτρου
2679 1223 2884 1292 πλάνης
2912 1223 3252 1294 γενομένους,
3286 1223 3480 1287 αὐτοὺς
3517 1218 3654 1276 εἶναι
3701 1223 3821 1285 τοὺς
3853 1225 3915 1292 μὴ

2379 1315 2839 1378 ὑποπεπτωκότας
2878 1317 2943 1386 τῇ
2987 1315 3092 1367 τῶν
3139 1313 3341 1384 νοητῶν
3393 1314 3662 1385 πολεμίων
3705 1306 3914 1387 ἁλώσει·

2377 1405 2502 1468 τοὺς
2526 1405 2582 1458 δὲ
2611 1403 2671 1468 ἐξ
2713 1404 2879 1457 ἑθνῶν
2917 1407 2997 1467 είς
3028 1404 3291 1474 ἀθεότητα
3333 1405 3784 1477 περιτραπέντας,
3810 1404 3918 1468 τούς

2376 1509 2436 1545 τε
2475 1495 2539 1564 τῇ
2571 1493 2810 1565 πολυθέῳ
2839 1493 3011 1564 πλάνῃ
3040 1492 3555 1557 καταδουλωθέντας,
3587 1495 3621 1564 ἢ
3673 1497 3767 1556 καὶ
3809 1495 3919 1557 τοὺς

2378 1584 2440 1637 ἑκ
2467 1586 2765 1658 περιτομῆς
2788 1586 2912 1649 τοὺς
2955 1587 3073 1649 ταῖς
3110 1584 3316 1638 ἑαυτῶν
3363 1586 3654 1658 ἁμαρτίαις
3700 1585 3917 1657 πραθέν-

2375 1695 2493 1742 τας,
2519 1678 2609 1731 καὶ
2637 1677 2967 1744 ἁπαξαπλῶς
2988 1679 3247 1750 ἅπαντας,
3282 1680 3407 1749 περὶ
3432 1672 3505 1732 ὧν
3541 1679 3795 1750 ἀνωτέρω
3818 1679 3918 1732 ἑλέ-

2378 1785 2500 1836 γετο
2520 1786 2533 1798 ·
2579 1764 2764 1822 Εἶπεν
2790 1767 2992 1836 ἄφρων
3017 1767 3086 1821 ἐν
3117 1767 3328 1836 καρδίᾳ
3365 1769 3548 1830 αὑτοῦ
3568 1786 3582 1798 ο
3637 1771 3760 1822 Οὐκ
3803 1769 3919 1825 ἐστι

2379 1859 2544 1924 Θεὸς,
2595 1857 2929 1927 διέφθειραν
2955 1859 3062 1912 καί
3105 1859 3552 1930 ἐϐδελύχθησαν
3592 1862 3662 1914 ἐν
3686 1862 3918 1930 ἀνομίᾳ,

725 1955 868 2032 ticus
897 1955 989 2025 qui
1020 1955 1131 2024 jam
1167 1954 1297 2009 olim
1329 1953 1386 2007 in
1426 1951 1535 2008 Deo
1566 1951 1866 2023 requievit,
1899 1951 2101 2023 quippe
2148 1966 2267 2022 pro-

2375 1951 2590 2013 τούτους
2617 1951 2902 2021 τυγχάνειν
2928 1953 3051 2013 τοὺς
3071 1951 3167 2021 τὴν
3188 1951 3554 2022 αἰχμαλωσίαν
3576 1952 3918 2015 πεπονθότας.

724 2046 842 2115 prie
867 2046 1034 2102 Jacob
1061 2055 1114 2102 et
1145 2043 1310 2100 lsrael
1330 2083 1343 2107 ,
1376 2043 1446 2099 ob
1475 2059 1562 2101 res
1594 2059 1689 2114 per
1719 2043 1938 2099 nomina
1965 2043 2276 2113 huiusmodi

722 2137 1086 2206 signiﬁcatas,
1124 2137 1446 2207 appellatur,
1477 2135 1770 2191 exsultabit
1799 2142 1854 2189 et
1897 2134 2185 2197 laetabitur,
2219 2142 2276 2188 ut

723 2229 959 2299 propriis
1005 2229 1262 2284 membris
1303 2227 1605 2298 gratulatus
1649 2226 1716 2283 iis
1759 2228 1852 2298 qui
1887 2242 1984 2298 per
2027 2226 2274 2282 Salutare

723 2319 1024 2375 libertatem
1052 2320 1200 2374 nacti
1231 2327 1380 2374 sunt.

2380 2037 2482 2094 Ἦν
2515 2042 2977 2114 ἐλευθερουμένων
3015 2044 3103 2098 διὰ
3129 2045 3226 2113 τῆς
3255 2043 3348 2096 τοῦ
3383 2045 3657 2117 Σωτηρίω
3702 2045 3920 2113 ἐπιλάμ-

2378 2133 2540 2203 ῲεως,
2572 2137 2601 2188 ό
2630 2135 2794 2188 πάλαι
2831 2135 2980 2206 παρὰ
3016 2135 3132 2206 Θεῷ
3163 2137 3262 2208 ήδη
3305 2138 3755 2207 ἀναπεπαυμένος
3802 2154 3921 2207 προ-

2380 2230 2604 2299 κρητικὸς
2630 2228 2808 2301 χορὸς.
2854 2227 3043 2282 Ἰακὼὸ
3074 2230 3166 2284 καὶ
3205 2229 3415 2302 Ἰσραὴλ
3445 2231 3648 2301 κυρίως
3680 2230 3921 2301 ὀνομαζό-

2381 2337 2534 2390 μενος
2564 2319 2650 2373 διά
2679 2319 2746 2373 τά
2767 2323 2830 2373 ἑκ
2861 2320 2964 2372 τῶν
2979 2320 3252 2391 ὀνομάτων
3274 2321 3643 2392 σημαινόμενα
3674 2321 3921 2392 πράγμα-

721 2427 824 2476 τα,
869 2410 1254 2480 ἀγαλλιάσεται
1284 2411 1378 2465 καὶ
1401 2410 1861 2482 εὐφρανθήσεται,
1900 2411 2200 2484 συγχαίρων
2219 2411 2293 2476 ὼς
2329 2415 2542 2477 οἰκείοις
2573 2414 2752 2486 μέλεσι
2772 2417 2880 2478 τοῖς
2909 2414 2994 2468 διὰ
3020 2415 3111 2468 τοῦ
3143 2416 3412 2485 Σωτηρίου
3447 2414 3920 2486 ἐλευθερουμένοις.

723 2553 773 2608 4.
816 2551 882 2606 ΙΝ
921 2551 1128 2608 FINEM
1165 2554 1232 2608 IN
1273 2552 2051 2618 ΗῩΜΝ15,1ΝΤΕιιΕΟΤυ8
2089 2553 2277 2609 DAVI-

789 2623 877 2679 Dl.
918 2624 971 2680 Ξ.
1013 2623 1156 2679 CUM
1199 2625 1576 2680 VENISSENT
1617 2624 1897 2688 ΖΙΡΗᾸΕΙ,
1942 2624 2026 2680 ΕΤ
2069 2625 2275 2680 DIXlS—

791 2692 967 2748 SENT
1013 2695 1105 2748 AD
1160 2695 1335 2750 SAUL
1379 2716 1391 2750 :
1434 2695 1662 2750 NONNE
1717 2694 1921 2749 DAVID
1976 2695 2268 2753 ABSCON-

793 2763 995 2820 DITUS
1032 2763 1162 2819 EST
1200 2765 1384 2822 APUD
1422 2765 1596 2822 NOS?
1629 2765 1760 2821 Llll.
1814 2805 1815 2812 η

789 2877 954 2937 Vsus.
986 2880 1039 2947 3,
1063 2882 1118 2937 ι.
1158 2880 1298 2936 Deus
1334 2882 1390 2935 in
1431 2884 1638 2937 nomine
1675 2891 1763 2938 tuo
1797 2883 1999 2937 salvum
2034 2899 2114 2938 me
2147 2884 2266 2952 fac,

715 2981 764 3025 et
797 2974 852 3026 in
889 2974 1080 3029 virtute
1114 2985 1206 3028 tua
1238 2974 1426 3044 judico
1460 2991 1562 3030 me.
1609 2973 1779 3029 Sicuti
1822 2974 2062 3045 psalmos
2089 2975 2183 3045 qui
2212 2976 2270 3029 in

718 3065 894 3133 prima
942 3075 1092 3134 parte
1142 3065 1266 3120 libri
1317 3073 1483 3132 sunt,
1527 3073 1649 3136 post
1687 3064 1902 3135 lapsum
1942 3066 2000 3120 in
2045 3080 2266 3121 uxorem

718 3155 868 3211 Uria
896 3157 1276 3227 pronuntiatos
1307 3156 1479 3214 fuisse
1511 3174 1576 3213 ex
1611 3156 1947 3226 singulorum
1988 3157 2148 3212 titulo
2175 3156 2268 3212 de~

719 3254 1078 3302 monstratum
1135 3259 1262 3314 est;
1323 3249 1398 3304 ita
1450 3264 1598 3304 nunc
1649 3262 1866 3318 quoque
1929 3249 2264 3320 singulorum

2377 2558 2484 2612 ΕΙΣ
2537 2559 2624 2611 ΤΟ
2677 2559 2895 2612 ΤΕΔοΣ
3092 2558 3387 2620 ΥΜΝΟΙΣ,
3441 2557 3794 2610 ΣΥΝΕΣΕΩΣ
3848 2555 3922 2609 TD

2444 2631 2639 2682 ΔΑΥΙΔ
2663 2668 2677 2690 ,
2715 2631 2806 2682 ΕΝ
2845 2630 2929 2682 ΤΩ
2967 2629 3214 2683 ΕΛΘΕΙΝ
3255 2629 3428 2682 ΤΟΥΣ
3465 2627 3780 2681 ΖΙΦΑΙΟΥΣ
3817 2626 3920 2678 ΚΑΙ

2443 2699 2674 2752 ΕΙΠΕΙΝ
2727 2700 2812 2752 ΤΩ
2865 2700 3114 2754 ΣΔΟΥΛ·
3156 2699 3294 2754 υΥΚ
3345 2697 3498 2752 ιΔοΥ
3554 2697 3757 2752 ΔΑΥΙΔ
3812 2696 3920 2748 ΚΕ-

2445 2770 2751 2823 ΚΡΥΠΤΛΙ
2791 2771 2941 2824 ΠΑΡ’
2980 2771 3157 2824 HMIN
3177 2788 3192 2836 ;
3235 2771 3355 2823 Nl".

2454 2879 2508 2930 '0
2538 2879 2699 2945 Θεὸς,
2721 2880 2792 2933 ἐν
2817 2880 2896 2946 τῷ
2923 2881 3164 2950 ὀνόματί
3190 2897 3305 2935 σου
3347 2880 3550 2936 σῶσον
3587 2898 3685 2951 με,
3733 2882 3828 2935 καὶ
3861 2882 3921 2933 ἐν

2375 2967 2448 3037 τῇ
2479 2969 2804 3039 δυναστείᾳ
2826 2987 2942 3026 σου
2972 2973 3176 3040 κρῖνόν
3191 2991 3287 3043 με.
3311 2974 3517 3044 Ὠσπερ
3549 2973 3921 3026 ἀπεδείκνυντο

2373 3064 2421 3116 oi
2478 3064 2618 3117 κατὰ
2664 3064 2724 3117 τὸ
2747 3055 2959 3135 πρῶτον
3005 3065 3166 3138 μέρος
3198 3066 3298 3134 τῆς
3329 3065 3506 3136 βίϐλου
3549 3067 3658 3120 τῶν
3685 3067 3919 3137 Ψαλμῶν

2376 3156 2511 3225 μετὰ
2542 3156 2604 3208 τὸ
2634 3160 2877 3228 πταῖσμα
2907 3158 2965 3211 τὸ
2999 3160 3077 3222 είς
3100 3157 3196 3229 τὴν
3228 3157 3320 3211 τοῦ
3351 3158 3544 3230 Οὐρίου
3590 3160 3815 3227 γεγονὸς
3843 3161 3919 3211 ls-

2373 3246 2622 3316 λεγμένοι
2667 3249 2730 3302 ἑκ
2777 3250 2877 3318 τῆς
2921 3249 3004 3317 ἐφ’
3029 3249 3239 3321 ἑκάστῳ
3272 3250 3525 3320 κειμένης
3571 3249 3917 3321 προγραφῆς”

712 3338 1050 3408 psalmorum
1119 3340 1534 3412 inscriptiones,
1597 3349 1781 3396 notam
1841 3341 2099 3412 temporis
2159 3355 2267 3412 quo

2371 3340 2512 3393 οὓτω
2537 3341 2630 3394 καὶ
2658 3340 2751 3394 νῦν
2787 3343 2842 3395 αί
2865 3341 2987 3394 καθ’
3010 3341 3234 3395 ἕκαστον
3257 3340 3465 3411 ψαλμὸν
3493 3342 3812 3411 προγραφαὶ
3833 3342 3917 3409 δηο

641 3462 646 3471 -
715 3430 926 3486 recitati
967 3438 1111 3498 sint,
1154 3433 1467 3503 praeferunt.
1517 3430 1767 3488 Praesens
1805 3431 1988 3502 itaque
2027 3431 2268 3503 psalmus

715 3536 816 3578 nos
853 3523 1037 3579 statim
1075 3523 1302 3580 remittit
1331 3524 1397 3580 ad
1427 3524 1661 3596 primum
1692 3521 2001 3594 Regnorum
2037 3524 2266 3590 librum,

714 3622 774 3671 ut
811 3615 935 3671 inde
975 3615 1288 3684 discamus,
1332 3617 1530 3688 quibus
1571 3617 1640 3673 de
1683 3618 1852 3674 rebus
1905 3616 2050 3672 hunc
2108 3617 2264 3690 hym~

714 3723 843 3762 num
873 3705 1038 3761 David
1066 3708 1324 3764 emiserit.
1361 3707 1596 3764 Historia
1626 3724 1790 3778 porro
1822 3709 1903 3766 sic
1948 3708 2110 3765 habet
2146 3728 2158 3764 :
2199 3707 2266 3762 Et

712 3798 860 3852 sedes
879 3796 1100 3852 habebat
1131 3797 1298 3853 David
1322 3799 1376 3854 in
1398 3799 1599 3853 deserto
1628 3798 1872 3855 Hasedec
1901 3799 1957 3854 in
1982 3802 2218 3870 angustis
2246 3817 2264 3854 :

712 3899 763 3942 et
789 3888 1097 3944 morabatur
1113 3891 1168 3945 in
1193 3901 1385 3955 monte,
1419 3892 1474 3962 in
1497 3891 1700 3947 deserto
1733 3891 1866 3961 Ziph
1891 3893 1956 3949 ".
1980 3891 2183 3948 Deinde
2208 3903 2268 3948 ut

715 3982 854 4057 venit
881 3979 1152 4036 Ionathan
1182 3982 1327 4058 filius
1371 3981 1503 4038 Saut
1550 3983 1620 4037 ad
1663 3985 1853 4052 ipsum,
1888 3992 1937 4039 et
1967 3984 2106 4038 dixit
2135 3985 2218 4039 illi
2247 4001 2264 4038 .-

718 4073 801 4130 Ne
826 4075 1042 4137 timeas;
1063 4091 1222 4146 neque
1240 4077 1377 4128 enim
1403 4084 1450 4128 te
1479 4075 1699 4131 inveniet
1727 4094 1915 4133 manus
1945 4076 2076 4133 δοκι
2099 4079 2267 4145 patris

712 4167 818 4220 mei
850 4181 867 4219 :
895 4176 944 4220 et
987 4176 1042 4220 tu
1067 4165 1306 4236 regnabis
1333 4180 1488 4234 super
1519 4164 1713 4231 Israel,
1735 4177 1784 4220 et
1808 4185 1900 4237 ego
1935 4185 2025 4222 ero
2055 4167 2152 4222 tibi
2184 4183 2266 4221 se-

708 4255 992 4319 cundus,et
1015 4257 1147 4313 Saul
1170 4267 1319 4324 pater
1344 4273 1486 4312 meus
1508 4257 1606 4311 scit
1621 4258 1715 4311 hoc
1726 4258 1789 4310 ⁸⁸.
1810 4256 1877 4312 Et
1903 4265 2267 4327 percusserunt

708 4348 862 4405 ambo
884 4349 1052 4418 [tedas
1080 4366 1257 4403 coram
1287 4347 1530 4411 Domino,
1555 4348 1846 4418 mansitque
1870 4347 2060 4413 David,
2089 4357 2140 4402 et
2166 4346 2266 4401 Jo-

705 4440 907 4497 nathan
942 4440 1071 4495 abiit
1116 4443 1170 4494 in
1200 4440 1409 4496 domum
1446 4457 1617 4496 suam.
1653 4439 1862 4506 Quibus
1894 4440 2086 4494 deinde
2131 4440 2264 4495 sub-

702 4533 882 4605 iungit
908 4552 921 4587 :
954 4531 1019 4586 Et
1051 4534 1394 4588 ascenderunt
1420 4532 1619 4602 Zipluei
1646 4548 1710 4586 ex
1729 4531 1881 4587 arido
1903 4532 2016 4586 loco
2040 4531 2107 4585 ad
2131 4531 2266 4587 Saul

705 4629 762 4679 in
787 4623 972 4678 collem
1018 4624 1245 4680 dicentes
1276 4641 1293 4679 :
1327 4625 1513 4680 Nonne
1544 4641 1657 4681 ecce
1703 4625 1873 4680 David
1913 4625 2090 4678 latitat
2121 4624 2260 4693 apud

2370 3433 2594 3486 λωτικαὶ
2624 3433 2948 3504 τυγχάνουσι
2976 3433 3068 3487 τοῦ
3112 3434 3300 3505 χρόνου
3333 3432 3453 3487 καθ’
3505 3432 3563 3485 ὃν
3608 3432 3913 3503 ἐλέχθησαν.

2367 3525 2574 3579 Λύτίκα
2608 3523 2736 3595 γοῦν
2760 3527 2854 3580 καὶ
2884 3527 2912 3578 ό
2947 3527 3297 3598 προκείμενος
3350 3524 3661 3596 ἀνέπεμψεν
3708 3526 3801 3577 ἑπὶ
3831 3524 3916 3595 τὴν

2367 3618 2587 3690 πρώτην
2615 3618 2790 3689 βίϐλον
2811 3619 2916 3673 τῶν
2947 3619 3234 3673 Βασιλειῶν
3253 3636 3266 3650 ο
3295 3619 3370 3682 ὠς
3401 3617 3466 3672 ἂν
3500 3618 3711 3672 ἑκεῖθεν
3741 3618 3914 3690 μάθοι-

2369 3727 2488 3779 μεν,
2520 3711 2603 3779 ἑφ*
2650 3710 2782 3773 οἵοις
2822 3709 3111 3779 ,πράγμασι
3143 3709 3234 3762 τὸν
3289 3707 3646 3780 προκείμενον
3684 3708 3848 3779 ὕμνον
3893 3709 3916 3759 6

2365 3800 2528 3854 Δαυῒδ
2549 3801 2881 3871 ἀνέπεμψεν.
2904 3803 3054 3870 Ἔχει
3086 3801 3197 3872 δὲή
3232 3802 3438 3871 ἱστορία
3469 3802 3656 3855 τοῦτον
3687 3803 3779 3855 τὸν
3807 3802 3916 3866 τρό-

2365 3908 2462 3944 πον
2484 3909 2496 3921 ’
2527 3891 2636 3945 Καὶ
2665 3891 2905 3954 ἐκάθισε
2927 3889 3105 3943 Δαυΐό
3135 3887 3205 3957 ἐν
3226 3888 3300 3959 τῇ
3317 3889 3524 3969 epeia?
3552 3890 3831 3945 Μασεδὲκ
3859 3890 3916 3941 ἐγ

2364 3981 2486 4046 τοῖς
2512 3980 2747 4047 στενοῖς
2765 3996 2778 4009 ο
2808 3979 2905 4032 καὶ
2928 3976 3179 4046 ἐκάθητο
3199 3978 3270 4032 ἐν
3285 3978 3370 4044 ,τῷ
3393 3978 3511 4047 ὄρει
3532 3978 3606 4032 ὲν
3629 3978 3706 4048 τῇ
3735 3979 3916 4048 ἐρήμῳ

2365 4073 2531 4141 Ζείςρ.
2561 4069 2673 4125 Εἶθ’
2702 4072 2776 4134 ὡς
2794 4067 2981 4141 ἦλθεν
3018 4071 3289 4126 Ἰωνάθαγ
3308 4073 3341 4124 ό
3370 4069 3501 4137 υἱὸς
3534 4071 3742 4125 Σαοὺλ
3780 4071 3913 4138 πρὸς

2363 4164 2567 4227 αὐτὸν,
2591 4164 2687 4218 καὶ
2711 4164 2879 4218 εἶπεν
2898 4162 3056 4228 αὐτῷ
3072 4179 3086 4192 ·
3110 4162 3207 4231 Μὴ
3233 4162 3437 4232 φοϐοῦ,
3460 4161 3548 4216 ὅτι
3581 4165 3654 4217 οὐ
3669 4163 3760 4234 μὴ
3783 4163 3911 4228 εὕρῃ

2364 4269 2438 4308 σε
2469 4256 2508 4322 ἡ
2534 4255 2663 4324 χεὶρ
2691 4255 2890 4309 Σαοὺλ
2925 4254 3030 4309 τοῦ
3059 4257 3278 4324 πατρός
3297 4273 3436 4325 μου,
3464 4256 3564 4310 καὶ
3612 4239 3697 4310 σὺ
3732 4256 3910 4320 ﬁat-t-

2363 4348 2605 4419 ,πεύσεις
2625 4347 2724 4400 ἐπὶ
2767 4346 3027 4414 Ἰσραὴλ,
3061 4348 3156 4401 καὶ
3181 4346 3295 4418 ἐγὼ
3319 4348 3535 4417 ἔσομαί
3567 4364 3671 4403 σοι
3694 4351 3778 4414 εις
3801 4347 3915 4400 δεύ-

2363 4455 2553 4514 τερον,
2590 4437 2688 4490 καὶ
2718 4437 2915 4491 Σαοὺλ
2946 4441 2978 4492 ό
3006 4437 3196 4506 πατήρ
3213 4455 3328 4507 μου
3369 4433 3532 4491 οἶδεν
3563 4437 3776 4503 οὕτως.
3815 4434 3912 4489 Καὶ

2363 4528 2688 4584 συνέθεντο
2718 4529 3032 4598 ἀμφότεροι
3060 4527 3351 4596 διαθήκην
3381 4526 3638 4581 ἐνώπιον
3680 4522 3921 4600 Κύρίουη

2363 4620 2462 4674 καὶ
2487 4618 2664 4674 Δαυῒδ
2684 4619 2957 4688 ἐκάθητο,
2985 4620 3084 4674 καί
3115 4617 3393 4675 Ἰωνάθαν
3412 4615 3688 4685 ἀπῆλθεν
3708 4603 3796 4684 εις
3818 4617 3919 4688 Idri

705 4734 800 4773 nos
845 4718 901 4772 in
941 4716 1155 4772 κείατο
1190 4720 1244 4772 in
1272 4721 1529 4789 angustis,
1554 4721 1608 4774 in
1646 4737 1779 4775 nova
1809 4720 1898 4775 ⁸⁹ἳ
1947 4718 2102 4786 Quod
2131 4734 2256 4774 cum

2370 4709 2527 4768 οἶκον
2553 4712 2735 4767 αὑτοῦ
2756 4730 2769 4743 ο
2794 4708 2873 4780 οἷς
2903 4712 3030 4783 ἑξῆς
3061 4710 3326 4779 ἐπιλέγει·
3360 4709 3467 4763 Kal
3492 4708 3824 4778 ,ἀνέϐησαν

704 4809 987 4864 didicisset
1033 4806 1184 4872 Saul,
1221 4809 1308 4864 ad'
1333 4809 1584 4865 Davidem
1633 4811 2028 4882 insequendum
2066 4825 2259 4864 versus

703 4910 809 4958 est.
832 4900 1060 4971 Jamque
1081 4900 1384 4970 proximum
1413 4909 1529 4956 erat
1557 4909 1616 4956 ut
1657 4919 1779 4960 eum
1811 4910 2068 4973 caperet;
2122 4901 2259 4956 scri-

702 5001 854 5066 ptum
880 4994 1023 5048 enim
1054 5001 1138 5047 est
1163 5011 1176 5046 :
1208 4992 1359 5059 Quod
1381 5009 1500 5048 eum
1522 4994 1752 5050 audisset
1783 4994 1935 5059 Saul,
1958 5002 2255 5062 persecutus

700 5097 780 5141 est
815 5087 986 5142 Dauid
1028 5088 1080 5140 in
1130 5087 1332 5140 deserto
1383 5086 1564 5142 Haon.
1612 5088 1682 5142 Et
1727 5089 1873 5144 ibant
1908 5089 2040 5145 Saul
2080 5099 2130 5144 et
2157 5087 2257 5141 viri

701 5182 816 5250 ejus
849 5195 916 5233 ea:
941 5189 1089 5248 parte
1113 5181 1302 5236 montis
1330 5180 1485 5251 hujus
1515 5198 1533 5235 :
1563 5189 1611 5236 et
1649 5191 1764 5237 erat
1798 5181 1967 5236 David
2001 5183 2254 5245 obtectus,

701 5279 758 5323 ut
787 5269 955 5323 abiret
985 5286 1018 5322 α
1038 5269 1172 5339 facie
1202 5269 1363 5335 Saul;
1386 5279 1434 5325 et
1459 5270 1594 5326 Saul
1621 5281 1670 5326 et
1706 5271 1803 5325 uiri
1827 5272 1947 5341 pejus
1969 5280 2255 5326 castrame-

701 5357 954 5415 tabantur
975 5369 1159 5414 contra
1191 5360 1359 5416 David
1383 5371 1430 5415 et
1461 5361 1599 5415 viros
1627 5356 1764 5430 ejus,
1789 5370 1845 5414 ut
1877 5367 2114 5431 caperent
2142 5376 2249 5415 eos.

702 5450 772 5508 Et
803 5452 1019 5507 nuntius
1057 5454 1192 5508 venit
1229 5454 1298 5509 ad
1334 5454 1468 5511 Santi
1502 5453 1678 5508 dicens
1719 5467 1736 5506 :
1771 5451 1990 5509 Festina
2015 5464 2064 5510 et
2117 5453 2252 5519 aeni,

696 5549 825 5614 quia
879 5547 1177 5614 irruperunt
1233 5546 1486 5616 altopltyli
1526 5547 1581 5600 in
1642 5547 1866 5600 terram!
1913 5545 1981 5601 Et
2017 5563 2251 5602 reuersus

697 5647 774 5691 est
803 5626 957 5706 Sani,
983 5637 1235 5694 desistens
1258 5640 1494 5710 persequi
1521 5637 1691 5693 Dauid
1721 5651 1740 5690 :
1763 5646 1813 5692 et
1837 5641 2059 5707 perrexit
2086 5639 2140 5693 in
2165 5655 2255 5692 oc-

698 5744 906 5782 cursum
947 5730 1331 5803 allophylorum
1367 5732 1434 5785 ὀ.
1472 5716 1598 5785 Haec
1629 5736 1756 5784 sunt
1805 5745 1925 5801 quae
1969 5731 2251 5787 historiam

2359 4805 2587 4875 Ζιφαῖοι
2611 4807 2678 4860 ἐκ
2705 4804 2812 4875 τῆς
2837 4759 3192 4875 Ῡαὺὶμώόους
3226 4759 3379 4870 πρὸς
3421 4801 3621 4855 Σαοὺλ
3666 4803 3768 4856 ἐπὶ
3817 4759 3917 4862 re»!J

2364 4897 2581 4929 Ωικιυλμ
2636 4898 2921 4929 ’μκηιυη
2939 4899 3058 4929 n2...
3085 4892 3209 4929 ιληέι
3235 4891 3407 4929 Ληοιῒδ
3435 4891 3762 4929 uesanam-1'1"
3793 4843 3915 4929 σηηδί

2350 4897 2600 4962 βουνὸν,
2617 4898 2921 4967 λέγοντες·
2938 4899 3059 4950 οὐκ
3082 4892 3209 4965 ίδοὺ
3229 4891 3407 4946 Δαυῒδ
3434 4891 3764 4961 κέκρυπται
3787 4891 3913 4970 παρτ

2356 4987 2498 5057 ἡμῖν
2527 4989 2598 5042 ἐν
2624 4987 2869 5057 Μεσαρὰ
2887 4977 2957 5041 ἐν
2979 4983 3102 5050 τοῖς
3125 4981 3380 5048 στενοῖς,
3407 4982 3478 5035 ἐν
3500 4981 3577 5052 τῇ
3605 4984 3788 5053 καινῇ
3809 5006 3825 5047 ;

2356 5080 2418 5152 δὴ
2444 5081 2626 5152 μαθὼν
2650 5083 2823 5136 Σαοὺλ
2848 5082 2941 5134 ἐπὶ
2965 5076 3143 5141 δίωξιν
3190 5075 3402 5149 ἐτράπη
3434 5076 3524 5130 τοῦ
3562 5079 3750 5136 Δαυϊδ.
3780 5075 3911 5152 Ἦᾶῷ

2353 5188 2414 5226 τε
2444 5174 2625 5228 λοιπὸν
2657 5175 2822 5243 ἔγγὺς
2851 5169 2918 5244 ἦν
2947 5171 3042 5225 τοῦ
3073 5171 3254 5225 λαϐεῖν
3274 5171 3434 5225 αὑτὸν
3457 5170 3798 5244 ὑποχείριον·
3825 5169 3909 5244 γέή

2354 5285 2592 5338 γραπται
2613 5270 2720 5340 γάρ
2743 5285 2756 5299 ’
2783 5266 2895 5322 Καὶ
2921 5265 3148 5334 ἤκουσε
3174 5265 3371 5320 Σαοὺλ
3410 5265 3507 5320 καὶ
3561 5267 3907 5340 κατεδίωξεη

2356 5358 2544 5411 ὀπίσω
2573 5356 2752 5412 Δαυῒδ
2784 5360 2872 5422 εις
2897 5355 3011 5424 τὴν
3030 5356 3253 5425 ἔρημον
3272 5355 3467 5410 Mater.
3497 5357 3610 5412 Kal
3640 5358 3905 5425 πορεύονῆ

2354 5465 2445 5503 ται
2471 5451 2668 5504 Σαοὺλ
2716 5449 2812 5505 καὶ
2843 5451 2910 5502 οί
2931 5446 3143 5517 ἄνδρες
3187 5448 3371 5505 αὐτοῦ
3416 5449 3484 5503 ἐκ
3527 5449 3756 5519 μέρους
3812 5439 3905 5519 toni

2353 5541 2529 5612 ὅρους
2574 5545 2817 5598 τούτου·
2866 5540 2962 5595 καί
2993 5540 3223 5611 ἐγένετο
3259 5541 3437 5596 Δαυΐό
3476 5527 3898 5612 σκεπαζόΜ

2353 5638 2707 5705 πορεύεσθαι
2733 5632 2850 5688 ἀπὸ
2876 5633 3193 5701 προσώπου
3215 5635 3413 5688 Σαούλ
3437 5647 3450 5661 ο
3478 5622 3581 5686 καὶ
3600 5630 3800 5685 Σαοὺλ

2351 5731 2404 5783 οι
2446 5727 2657 5798 ἄνδρες
2699 5723 2882 5781 αὐτοῦ
2935 5718 3382 5795 παρενέϐαλλον
3433 5723 3533 5777 ἐπὶ
3583 5719 3771 5777 Δαυῒδ

3901 5051 3911 5152 l

3901 5185 3909 5304 ³

3901 5371 3905 5508 ³

769 5904 854 5959 ⁸τι
885 5904 1016 5977 αρε.
1043 5924 1196 5975 mn,
1223 5885 1317 5963 μζ
1366 5909 1422 5942 ν
1462 5908 1594 5966 ibid.
1625 5907 1809 5964 16.18.
1891 5909 1935 5942 σο
1973 5907 2105 5965 ibid.
2140 5908 2226 5963 ιθ.

2384 5906 2511 5964 ibid.
2543 5905 2732 5962 25-28.
