3966 6348
90 354 187 405 465
226 392 229 395 -

1205 360 1703 418 COMMENTARIA
1743 361 1809 418 IN
1847 363 2181 421 PSALMOS.

3184 370 3287 425 ιοο

88 479 221 543 τοὺς
243 478 472 548 ἄνδρας
500 480 707 544 αὐτοῦ.
728 481 1055 558 συλλαϐεῖν
1098 485 1338 550 αὐτούς.
1390 485 1502 539 Kal
1543 484 1620 555 ἄν

1747 496 2006 557 spectant.
2037 486 2246 554 Quibus
2278 486 2346 545 de
2367 488 2547 544 causis
2575 495 2790 560 ereptus
2822 486 2985 547 David
3017 506 3085 546 ex
3126 505 3286 546 manu

86 572 254 637 τέλος
269 565 424 640 ἦλθε
442 570 592 640 πρὸς
610 572 806 626 Σαοὺλ
820 571 1013 640 λέγων
1029 590 1042 604 ο
1074 572 1301 627 Σπεῦδε
1323 573 1417 627 καί
1446 572 1642 641 δεῦρο,

86 660 167 713 ὅτι
196 659 482 715 ἐπέθεντο
527 663 862 732 ἀλλόφυλοι
892 662 991 716 ἐπὶ
1040 661 1152 730 τὴν
1194 660 1326 732 γῆν.
1394 662 1501 715 Kal
1536 663 1642 717 dr-

85 751 335 821 έστρεψε
364 755 563 810 Σαοὺλ
581 754 666 824 μὴ
695 753 1076 809 καταδιώκειν
1094 754 1283 808 ὀπίσω
1303 754 1478 809 Δαυῒδ
1497 793 1512 817 ,
1542 757 1639 811 καί

83 844 369 911 ἐπορεύθη
390 848 477 913 είς
506 845 882 913 συνάντησιν
904 842 1034 913 τῶν-ξ
1055 846 1435 913 ἀλλοφύλων.
1456 846 1638 902 Ταῦτα

88 934 175 1002 μὲν
198 933 269 987 τὰ
301 936 413 989 ἀπὸ
446 936 545 1005 τῆς
584 936 839 1008 ἱστορίας.
888 936 999 1005 Ἐφ’
1034 932 1117 1001 οἷς
1160 937 1250 990 τὸν
1279 937 1637 1008 προκείμενον

87 1026 243 1095 ὕμνον
273 1027 561 1091 διασωθεὶς
586 1030 650 1081 ὲκ
676 1028 855 1101 χειρὸς
879 1028 1047 1103 ξαοῦλ
1073 1030 1102 1082 δ
1136 1028 1295 1083 Δαυῖδ
1325 1032 1507 1099 γραφῇ
1536 1046 1637 1083 πα-

89 1118 387 1188 ραδίδωσιν,
405 1120 878 1190 ἐπισημηνάμενος
898 1120 987 1174 τὸν
1008 1120 1195 1192 καιρὸν
1220 1120 1313 1173 καὶ
1335 1120 1395 1174 τὸ
1410 1123 1637 1192 πρᾶγμα

85 1208 321 1279 δηλώσας
373 1208 459 1263 διὰ
490 1209 588 1279 τῆς
622 1210 963 1283 προγραφῆς.
1024 1211 1113 1264 Διὸ
1144 1212 1236 1264 καὶ
1287 1211 1378 1264 ἐπὶ
1424 1211 1636 1265 σύνεσιν

85 1298 218 1366 ﬁgi;
243 1298 505 1369 παρορμᾷ
525 1296 631 1350 τῶν
646 1300 1052 1370 ἐμφερομένων,
1078 1300 1249 1369 λέγων
1272 1319 1285 1331 ·
1318 1303 1419 1366 Είς
1436 1300 1501 1353 τὸ
1539 1300 1635 1355 τέ-

79 1391 178 1453 loc
199 1388 269 1441 ἐν
317 1390 526 1458 ὕμνοις
554 1389 859 1456 συνέσεως
889 1389 968 1456 τῷ
993 1392 1190 1446 Δαυῖὸ.
1242 1392 1394 1446 Κατὰ
1435 1392 1493 1446 δὲ
1539 1393 1629 1446 τὸν

92 1479 310 1533 Ἀκύλαν
329 1498 343 1512 ·
383 1480 467 1546 Τῷ
499 1481 779 1546 νικοποιῷ
824 1482 895 1542 ἐν
930 1483 1190 1553 ψαλμοῖς
1233 1481 1630 1553 ἐπιστήμονος

81 1568 175 1622 τοῦ
202 1570 411 1623 Δαυτδ·
440 1574 578 1624 κατὰ
602 1572 658 1625 δὲ
684 1572 776 1625 τὸν
805 1573 1095 1646 Σύμμαχον
1114 1591 1127 1605 ·
1186 1576 1509 1629 Ἐπινικιον
1534 1574 1630 1656 διὰ

81 1665 416 1733 ψαλτηρίων
443 1666 572 1733 περὶ
606 1665 907 1733 συνέσεως
935 1668 1040 1725 τοῦ
1056 1668 1253 1723 Δαυτδ.
1298 1668 1509 1741 Ἐπειδὴ
1537 1669 1630 1722 καὶ

1724 574 1924 633 Saulis
1958 578 2112 633 hunc
2152 577 2410 649 hymnum
2454 578 2655 649 scripto
2694 579 2936 643 tradidit,
2972 588 3169 637 uetans
3196 596 3290 651 per

1740 669 2148 740 inscriptionem
2183 678 2398 741 tempus
2427 686 2491 727 ac
2526 685 2637 727 rem
2667 676 2858 743 ipsam.
2894 669 3072 738 Quare
3099 673 3165 728 ad
3204 673 3289 727 in-

1737 758 2006 815 tellectum
2036 758 2114 813 rei
2149 774 2269 829 quae
2296 768 2549 815 narratur
2578 774 2678 817 nos
2728 766 3003 830 provocat,
3038 760 3227 817 dicens
3264 780 3277 815 :

1737 849 1803 904 In
1828 852 2005 921 ﬁnem,
2034 852 2089 905 in
2133 850 2360 922 hymnis,
2391 852 2685 909 intellectus
2706 852 2926 910 Davidi.
2979 851 3283 909 Secundum

1730 942 1978 1013 Aquilam
2006 957 2157 1006 vero,
2204 941 2439 1017 Victoria:
2468 945 2693 1006 auctari,
2728 946 2784 999 in
2810 945 3046 1014 psalmis,
3074 944 3283 1001 scienti:

1730 1030 2335 1096 Davidisrsecundum
2385 1031 2763 1103 Symmachum
2810 1042 3012 1099 autem,
3075 1033 3287 1088 Trium-

1728 1120 1901 1190 phale,
1938 1136 2029 1190 per
2056 1121 2328 1191 psalteria,
2378 1120 2441 1176 de
2486 1122 2828 1192 intelligentia
2865 1122 3105 1180 Davidis.
3147 1121 3285 1191 Quia

1731 1213 1967 1284 fugiens,
2015 1222 2072 1269 et
2119 1212 2393 1269 desertum
2450 1220 2853 1279 transcurrens,
2900 1229 3000 1285 pro
3030 1215 3283 1286 prasidio

1730 1304 1968 1375 psalterii
2030 1305 2450 1361 instrumentum
2488 1320 2671 1360 secum
2721 1304 2930 1374 agebat,
2981 1304 3104 1374 ipso
3124 1322 3279 1371 usus,

1730 1403 1893 1465 atque
1925 1396 2155 1465 hymnos
2183 1411 2278 1465 per
2324 1395 2456 1451 illud
2503 1394 2613 1450 Deo
2643 1395 2894 1450 emittens
2924 1413 2937 1447 :
2970 1396 3180 1451 cantica
3226 1404 3281 1452 et

1730 1486 1971 1557 psalmos
2003 1486 2313 1556 spirituales
2347 1500 2445 1555 pro
2487 1484 3139 1555 sacriﬁciopersulvens;
3179 1500 3280 1555 pro

1730 1577 2077 1648 thymiamate
2109 1583 2288 1633 autem
2321 1576 2444 1631 boni
2471 1576 2676 1641 odoris,
2702 1591 2799 1646 per
2817 1577 3089 1634 orationes
3118 1575 3278 1647 spiri-

1730 1668 1878 1723 tuale
1904 1667 2267 1723 ministerium
2298 1666 2508 1723 obiens.

82 1750 282 1822 φεύγων
310 1758 405 1810 καὶ
440 1758 536 1829 τὴν
565 1757 764 1830 ἔρημον
799 1758 1159 1830 μεταδιώκων,
1194 1763 1311 1815 ἀντὶ
1350 1751 1718 1832 φυλακτηρίού
1773 1761 2005 1832 ἐπήγετο
2061 1760 2123 1813 τὸ
2180 1758 2273 1813 τοῦ
2334 1758 2626 1831 ψαλτηρίου
2648 1758 2894 1831 ὄργανον,
2935 1759 3082 1831 αὐτῷ
3132 1758 3278 1833 χρώ*

84 1861 223 1913 μενος
276 1847 374 1898 καὶ
412 1850 522 1910 τοῖς
557 1848 623 1901 δι’
683 1849 847 1903 αὐτοῦ
893 1852 973 1913 είς
1012 1850 1143 1903 Θεὸν
1210 1850 1679 1919 ἀναπεμπομένας
1716 1848 1902 1920 ὕμνοις
1928 1865 1943 1879 ’
1996 1848 2091 1901 καὶ
2146 1847 2308 1919 ᾠδαῖς
2342 1847 2440 1917 μὶν
2493 1848 2587 1900 καὶ
2615 1846 2847 1917 ψαλμοῖς
2888 1850 3275 1918 πνευματικοῖς

81 1940 188 1993 ἀντὶ
215 1939 406 2003 θυσίας
432 1940 727 2014 χρώμενος,
760 1944 879 1997 ἀντὶ
916 1944 971 1997 δὲ
1016 1943 1245 2007 εὐώδους
1285 1942 1623 2014 θυμιάματος
1658 1943 1724 1997 δι’
1762 1942 1935 2013 εὐχῶν
1972 1942 2069 2013 τὴν
2098 1941 2469 2013 πνευματικὴν
2516 1942 2787 1997 ἀποτελῶν
2815 1943 3167 2016 λειτουργίαν.

154 2033 243 2083 Ἐν
271 2030 355 2100 τῷ
372 2031 574 2086 ἐλθεῖν
598 2034 804 2087 τοίνυν
821 2034 1269 2103 τοὺς-Ζιφαιους
1309 2034 1405 2088 καὶ
1441 2032 1620 2087 εἰπεῖν

1790 2032 1931 2095 Cum
1954 2033 2205 2086 venissent
2233 2048 2357 2102 ergo
2385 2031 2604 2101 Ziphazi,
2638 2049 2701 2087 ac
2726 2032 2977 2088 dixissent
3002 2032 3069 2087 ad
3096 2033 3226 2090 ϐοαί
3252 2048 3274 2088 :

80 2123 151 2189 τῷ
184 2126 383 2179 Σαούλ
402 2140 419 2156 ⁸
444 2128 567 2180 Οὐκ
597 2125 723 2181 laci:
744 2127 923 2181 Δαυῒδ
956 2128 1277 2196 κέκρυπται
1302 2128 1437 2195 παρ’
1460 2126 1624 2194 matr;

82 2216 236 2269 Τοῦτο
260 2217 448 2287 μαθὼν
468 2221 497 2272 ὁ
527 2218 689 2272 Δαυῒδ
717 2220 833 2291 ἤτοι
856 2219 913 2284 ἐξ
932 2219 1321 2289 ἀποκαλύψεως
1346 2218 1439 2273 τοῦ
1474 2219 1626 2273 πνεύ-

85 2324 233 2376 ματος
260 2308 357 2361 τοῦ
387 2308 723 2381 προφητικοῦ
756 2310 789 2379 ἢ
822 2310 886 2363 ἐκ
916 2327 1056 2374 τινος
1086 2311 1192 2365 τῶν
1234 2310 1347 2374 τὰς
1374 2311 1624 2374 τοιαύτας

81 2398 405 2467 ἀπαγγελίας
426 2400 694 2455 διακονεῖν
720 2401 1017 2466 εἰωθότων,
1063 2402 1133 2455 es
1167 2401 1459 2475 ψαλτήριον
1487 2402 1624 2473 μετὰ

81 2492 248 2559 χεῖρας
271 2490 834 2561 παραχρῆμανλαδὼν,
865 2493 931 2545 δι’
955 2492 1117 2545 αὑτοῦ
1132 2494 1208 2563 τῷ
1223 2492 1340 2563 Θεῷ
1358 2492 1453 2563 τὴν
1478 2493 1622 2561 λογι-

84 2582 170 2649 κὴν
189 2583 447 2652 ἀναφέρει
473 2582 659 2636 θυσίαν
673 2582 842 2650 λέγων
858 2584 925 2636 τὰ
943 2584 1373 2654 προκείμενα,.δι’
1393 2578 1466 2637 ὧν
1488 2584 1627 2649 ἀξιοῖ

86 2671 303 2741 σωθῆναι
328 2672 433 2726 saw
458 2671 550 2726 τοῦ
581 2671 735 2738 Θεοῦ,
759 2673 857 2726 οὑκ
883 2674 1054 2737 ἄλλως
1087 2674 1118 2745 ἢ
1147 2674 1233 2727 διὰ
1258 2674 1350 2728 τοῦ
1365 2675 1622 2746 ὀνόματος

84 2762 225 2815 αὑτοῦ
239 2780 252 2792 ·
275 2759 355 2816 διό
375 2779 557 2833 φησιν’
594 2762 654 2816 '0
682 2764 926 2829 Θεὸς,ἐν
940 2762 1019 2828 τῷ
1031 2748 1268 2832 ὀνόματί
1288 2780 1401 2818 σου
1420 2764 1623 2819 σῶσόν

83 2868 141 2919 με
157 2870 168 2880 ·
196 2852 307 2922 ᾔδει
324 2852 436 2923 γὰρ
450 2847 585 2905 εἷναί
603 2871 654 2906 τι
673 2854 840 2929 ὄνομα
856 2854 913 2907 τὺ
934 2854 1070 2926 ὑπὲρ
1085 2857 1191 2907 πᾶν
1204 2854 1388 2925 ὄνομα.
1417 2856 1621 2927 Ὥσπερ

85 2946 176 3012 γάρ
188 2945 301 2998 ἐστί
324 2962 445 2997 τινα
462 2948 520 3000 ὲν
545 2948 664 3009 ταῖς
689 2946 920 3015 ἐπῳδαῖς
937 2945 1075 3000 κατὰ
1091 2947 1196 2999 τῶν
1228 2946 1443 3000 ἰοϐόλων
1470 2949 1624 3020 ἑρπε-

84 3034 175 3085 τῶν
197 3036 410 3105 ῥήματα
429 3037 523 3089 καὶ
549 3035 805 3106 ὀνόματα,
829 3036 1091 3108 τοσαύτην
1117 3038 1442 3108 ἐμφαίνοντα
1470 3038 1621 3092 δυνά-

88 3138 213 3190 μεως
235 3124 406 3193 ἰσχὺν,
441 3124 517 3187 ὡς
537 3124 938 3196 κατακοιμίζειν
971 3127 1113 3197 ἣκαὶ
1137 3128 1359 3199 νεκροῦν
1382 3128 1449 3182 τὰ
1466 3128 1621 3197 φοὸε-

88 3209 277 3280 ρὼτατα
298 3212 407 3265 τῶν
431 3213 673 3285 ἑρπετῶν
689 3231 706 3244 ’
737 3214 826 3269 τὸν
854 3215 1015 3269 αὑτὸν
1034 3216 1232 3287 τρόπον
1269 3218 1437 3270 καὶτὸ
1454 3218 1620 3289 ὄνομα

86 3302 137 3352 τὸ
164 3302 292 3373 ὑπὲρ
323 3306 434 3357 πᾶν
466 3305 633 3375 ὄνομα
664 3304 929 3373 ἠπίστατο
961 3308 1223 3376 σωτήριον
1268 3308 1366 3376 μὲν
1413 3309 1617 3379 τυγχά-

85 3410 179 3445 νιιν
215 3393 321 3447 τῶν
364 3396 637 3466 σωτηρίας
662 3394 844 3459 ἀξίων,
869 3396 973 3449 τῶν
1004 3397 1060 3449 δὲ
1090 3399 1297 3469 ἐχθρῶν
1326 3402 1420 3454 καὶ
1467 3404 1615 3455 ὲναν-
1642 3392 1683 3448 C

88 3485 196 3536 τίων
220 3483 493 3555 δυνάμεων
516 3484 859 3539 ἁπελατικόν.
898 3486 1176 3540 Ἐϐούλετο
1221 3488 1397 3542 τοίνυν
1442 3491 1616 3562 σωθῆ-

89 3592 158 3625 ναι
183 3576 236 3627 ὲν
264 3575 339 3645 τῷ
362 3576 584 3645 ὀνόματι
606 3574 699 3628 τοῦ
718 3570 873 3638 Θεοῦ,
900 3576 992 3628 καὶ
1010 3577 1108 3629 οὐκ
1135 3576 1368 3647 ἀκρίτως
1389 3593 1447 3631 τε
1469 3578 1615 3631 £606-

88 3665 218 3718 λετο·
243 3666 351 3721 ἀλλ’
368 3669 426 3745 εί
448 3668 594 3734 ἄξιος
618 3669 921 3741 εὑρίσκοιτο
944 3668 1042 3740 τῆς
1063 3670 1349 3741 σωτηρίας.
1378 3671 1467 3724 Διὸ
1493 3674 1611 3725 ὲπι-

88 3756 236 3825 λέγει’
266 3760 373 3813 Καὶ
423 3760 492 3813 ἐν
539 3760 613 3829 τῇ
643 3760 965 3829 δυναστείᾳ
1000 3779 1114 3816 σου
1170 3762 1385 3830 κρινεῖς
1424 3765 1608 3835 μοιοῆ

90 3847 209 3899 κατὰ
228 3851 347 3912 τοὺς
377 3848 595 3914 λοιποὺς
621 3852 973 3922 ἐρμηνευτὰς,
1019 3851 1282 3919 δικάσεις
1314 3870 1431 3923 μοι.
1474 3853 1611 3923 Πρό-

88 3951 221 4008 τερον
245 3939 348 4010 γὰρ
387 3938 527 4005 ἀξιοῖ
553 3940 825 4012 κρίνεσθαι
854 3943 946 3994 καὶ
969 3942 1280 4007 δικάζεσθαι
1324 3944 1456 4013 πρὸς
1487 3945 1611 4005 τοὺς

92 4026 379 4092 ἐλαύνοντας
412 4029 445 4098 ἦ
468 4030 561 4082 καὶ
589 4029 1005 4100 διαδεδληκότας
1028 4034 1187 4087 αὐτόν
1204 4052 1217 4065 ·
1247 4032 1344 4089 εἷθ’
1367 4033 1534 4098 οὓτως
1562 4037 1610 4086 εί

90 4116 247 4182 φάνειε
271 4119 618 4190 ἀδικούμενος
643 4119 971 4191 ἐκδικήσεως
994 4128 1174 4194 τυχεῖν
1195 4126 1292 4195 τῆς
1335 4126 1483 4196 παρὰ
1515 4125 1608 4179 τοῦ

90 4206 273 4275 κριτοῦ.
301 4202 692 4281 μετερχομένου
718 4215 842 4277 τοὺς
860 4213 1193 4279 ἀδικοῦντας.
1226 4216 1388 4273 Ταῦτ’
1418 4216 1605 4280 εἰπὼν,

91 4298 377 4370 προστίθησι
409 4301 581 4369 λέγων
602 4318 615 4332 ’
653 4303 705 4355 '0
736 4303 897 4365 Θεὸς,
915 4304 1278 4360 εἰσάκουσον
1300 4306 1408 4375 τῆς
1428 4323 1610 4373 προσ-

92 4387 249 4457 ευχῆς
285 4410 424 4460 μου,
468 4390 741 4449 ὲνώτισαι
785 4394 857 4448 τὰ
893 4395 1130 4464 ῥήματα
1173 4398 1276 4451 τοῦ
1318 4399 1608 4467 στόματός

89 4495 213 4543 μσυ’
260 4482 447 4555 ὥσπερ
478 4484 834 4553 δικαιολογίαν
880 4485 1191 4555 ποιούμενος
1246 4487 1473 4541 ἐνώπιον
1514 4488 1607 4541 τοῦ

96 4570 334 4639 κρίνοντος
366 4573 514 4645 αὐτῷ
541 4592 602 4647 τε
635 4568 863 4641 καίτοϊς
892 4576 1159 4632 ἀδικοῦσιν
1186 4580 1367 4633 αὐτόν.
1390 4579 1497 4633 Καὶ
1524 4580 1608 4632 ἵνα

97 4677 147 4725 γε
176 4663 235 4717 τὰ
257 4666 349 4737 τῆς
372 4667 729 4736 δικαιολογίας
754 4669 1083 4741 Μραδεχθῇ,
1128 4670 1223 4741 τὴν
1263 4672 1427 4742 εὐχὴν
1475 4672 1607 4724 ἀνα-

1728 2124 1913 2180 Nonne
1953 2139 2066 2187 ecce
2097 2122 2265 2177 David
2301 2123 2635 2179 absconditus
2673 2134 2752 2179 est
2801 2125 2938 2193 apud
2972 2140 3063 2181 nos
3085 2128 3110 2180 .’
3148 2125 3274 2183 Hac

1723 2230 1845 2269 cum
1879 2214 2067 2279 David,
2092 2214 2206 2271 sive
2229 2229 2295 2270 ex
2336 2215 2662 2271 revelatione
2695 2215 2920 2285 spiritus
2951 2217 3271 2286 prophetici,

1724 2309 1836 2363 sive
1876 2290 1941 2361 es
1989 2308 2242 2377 quopiam
2282 2306 2407 2361 talia
2455 2306 2704 2362 nuntiare
2752 2307 2913 2362 solito
2938 2308 3269 2372 edidicisset,

1724 2410 1947 2472 accepto
1980 2401 2160 2455 statim
2201 2416 2310 2469 prae
2359 2400 2608 2454 manibus
2659 2399 2934 2468 psalterio,
2991 2415 3085 2469 per
3136 2399 3270 2456 illud

1723 2478 1834 2547 Deo
1868 2491 2186 2546 rationabile
2241 2490 2566 2545 sacriﬁcium
2627 2480 2803 2555 oﬂ'ert,
2854 2491 2967 2546 haec
3022 2492 3268 2561 loquens,

1722 2582 1917 2653 quibus
1940 2600 1970 2636 ιι
1999 2582 2107 2637 Deo
2134 2582 2358 2636 salutem
2382 2582 2642 2646 obtinere,
2675 2597 2784 2636 non
2815 2598 2908 2652 per
2927 2582 3069 2638 aliud
3098 2571 3270 2654 quod-

1721 2676 1885 2743 piam.
1921 2688 2082 2744 quam
2124 2687 2219 2742 per
2269 2686 2463 2727 nomen
2504 2672 2621 2742 ejus
2667 2675 2922 2742 postulat,
2952 2690 3120 2744 quare
3146 2676 3220 2730 ait
3251 2695 3265 2731 :

1721 2763 1879 2826 Deus,
1912 2765 1964 2818 in
1991 2764 2195 2817 nomine
2227 2771 2315 2816 tuo
2343 2762 2543 2817 salvum
2565 2778 2645 2818 me
2672 2762 2795 2832 fac;
2826 2778 3026 2834 gnarus
3059 2766 3267 2823 scilicet

1718 2870 1840 2909 esse
1869 2853 2139 2923 quoddam
2179 2868 2375 2908 nomen
2398 2894 2413 2919 ,
2456 2854 2598 2924 quod
2635 2862 2718 2909 est
2764 2869 2927 2925 super
2959 2869 3118 2912 omne
3170 2873 3269 2913 no-

1721 2960 1864 3000 men.
1903 2944 2367 3011 Quemadmodum
2395 2944 2539 3000 enim
2567 2946 2620 2999 in
2650 2945 3107 3001 incantationibus
3132 2962 3265 3002 con.-

1719 3044 1801 3090 tra
1835 3036 2046 3106 reptilia
2081 3051 2371 3102 venenosa,
2403 3036 2644 3107 quaedam
2694 3035 2964 3105 assignata
3005 3036 3265 3091 vocabula

1718 3137 1774 3184 et
1823 3130 2039 3183 nomina
2098 3137 2244 3191 sunt,
2296 3135 2445 3181 tanta
2475 3128 2525 3181 vi
2560 3126 2840 3197 potestatis
2888 3125 3170 3188 instructa,
3209 3132 3267 3180 ut

1722 3221 1990 3291 reptilium
2015 3218 2410 3275 terribilissima
2432 3218 2516 3272 vel
2543 3217 2758 3288 sopiant
2782 3218 2863 3271 vel
2889 3217 3263 3287 exstinguant;

1719 3313 1799 3367 sic
1825 3320 1880 3367 et
1920 3311 2009 3366 ille
2047 3311 2215 3381 probe
2257 3310 2461 3364 sciebat
2502 3324 2694 3363 nomen
2730 3308 2860 3361 illud
2911 3323 3072 3376 super
3106 3314 3285 3362 omne‘

1717 3418 1934 3468 nomen,
1971 3403 2206 3458 salutare
2233 3400 2449 3471 quidem
2499 3400 2565 3454 iis
2595 3414 2717 3453 esse
2757 3398 2848 3467 qui
2895 3398 3068 3453 salute
3114 3397 3262 3467 digni

1719 3504 1881 3560 sunt,
1916 3494 2161 3548 inimicos
2201 3506 2329 3546 vero
2368 3499 2420 3546 et
2464 3489 2803 3545 adversarius
2842 3496 3133 3558 potestates
3174 3486 3264 3541 fu-

1716 3600 1860 3655 gare.
1891 3580 2115 3637 Volebat
2150 3581 2334 3651 itaque
2360 3581 2586 3635 salutem
2614 3581 2669 3635 in
2699 3580 2915 3634 nomine
2948 3577 3038 3633 Dei
3067 3592 3261 3634 conse-

1716 3675 1830 3743 qui,
1877 3674 2034 3744 idque
2060 3688 2167 3727 non
2199 3675 2317 3732 sine
2347 3674 2634 3739 examine;
2666 3672 2758 3728 sed
2794 3672 2839 3726 si
2864 3671 3059 3749 dignus
3087 3669 3260 3724 salute

1715 3752 2217 3831 deprehenderetur.
2257 3761 2616 3829 Quamobrem
2659 3760 2825 3825 addit,
2864 3758 2929 3812 Et
2972 3760 3028 3813 in
3073 3760 3260 3813 virtute

1715 3864 1805 3906 tua
1834 3852 2087 3916 iudicabis
2119 3853 2283 3915 mihi;
2320 3853 2433 3908 sive
2466 3852 2765 3911 secundum
2808 3851 3047 3921 reliquos
3085 3851 3239 3906 inter-

1714 3949 1891 4012 pretes
1925 3960 1939 3997 :
1957 3926 2050 4009 jus
2090 3942 2228 3996 dices
2270 3943 2415 4012 mihi.
2451 3940 2585 3995 Nam
2637 3941 2787 4009 prius
2828 3945 2983 4009 rogat
3024 3936 3255 4006 judicari

1713 4051 1772 4091 se
1808 4043 1861 4087 et
1884 4034 1973 4103 jus
2013 4034 2120 4087 dici
2165 4033 2266 4088 sibi
2326 4032 2588 4087 adversus
2614 4030 2930 4099 impulsores
2958 4035 3011 4081 et
3051 4025 3256 4080 calum-

1713 4124 1950 4177 niatores
2014 4142 2028 4177 :
2080 4137 2144 4176 ac
2172 4122 2365 4177 deinde
2409 4121 2456 4176 si
2493 4119 2688 4188 injuria
2718 4117 2938 4171 aﬂ‘ectus
2960 4114 3253 4178 videretur,

1712 4227 1743 4266 a
1781 4212 1962 4281 judice
1998 4211 2281 4275 vindicari,
2316 4212 2408 4280 qui
2438 4210 2636 4279 injuria
2666 4223 2725 4263 se
2752 4205 3045 4260 allicientes
3070 4204 3251 4259 adori-

1712 4311 1881 4357 retur.
1926 4300 2022 4361 llis
2053 4302 2214 4358 dictis
2261 4301 2493 4370 adjicit:
2526 4299 2686 4361 Deus,
2731 4296 2923 4350 exaudi
2965 4296 3253 4349 orationem

1711 4409 1900 4457 meam,
1932 4393 2149 4447 auribus
2176 4395 2379 4461 percipe
2414 4388 2565 4443 verba
2586 4389 2692 4442 oris
2721 4388 2861 4450 mei;
2893 4385 3053 4455 quasi
3077 4386 3257 4441 disce-

1710 4486 1870 4555 pta'ns
1897 4501 1993 4557 pro
2022 4500 2185 4539 causa
2213 4499 2309 4539 sua
2358 4482 2411 4535 in
2459 4486 2764 4549 conspectu:
2788 4478 2873 4533 sui
2914 4485 2970 4532 et
3004 4476 3255 4531 inimico-

1711 4592 1830 4631 rum
1863 4590 2083 4631 suorum
2107 4574 2326 4645 judicia.
2351 4572 2429 4647 .Ut
2458 4580 2633 4626 autem
2658 4569 2902 4626 defensio
2924 4584 3021 4625 sua
3055 4568 3254 4623 admit-

1713 4675 1876 4730 tatur,
1911 4664 2234 4732 orationem,
2275 4679 2436 4734 quam
2463 4660 2709 4718 exaudiri
2741 4668 2918 4732 rogat,
2945 4660 3143 4715 emittit
3164 4656 3252 4710 di-

94 4749 287 4821 πέμπει,
301 4758 367 4829 ἢν
396 4758 491 4810 καὶ
509 4737 920 4830 είσακουσθῆναι
949 4737 1090 4831 ἀξιοῖ
1105 4737 1275 4829 λέῆων
1297 4779 1311 4792 ·
1441 4762 1601 4826 Θεὸς,

1718 4771 1837 4811 cens
1879 4775 1893 4810 :
1938 4754 2100 4818 Deus,
2151 4753 2516 4825 exaudi,‘etc.
2570 4751 2708 4820 Quid
2735 4762 2895 4821 porro
2941 4749 3043 4804 sibi
3095 4747 3252 4802 vellet

93 4838 559 4909 εἰσάκουσον-,καὶ
587 4845 654 4899 τὰ
683 4846 829 4917 ἑξῆς.
860 4849 923 4901 Τί
943 4849 986 4900 δ’
1009 4847 1075 4902 ἂν
1104 4848 1350 4903 ἐϐούλετο
1377 4852 1408 4919 ἡ
1436 4866 1601 4920 προσ-

1708 4848 1903 4909 oratio,
1932 4854 1987 4901 et
2011 4859 2172 4916 quam
2218 4845 2591 4914 defensionem
2634 4843 2959 4905 institueret,
2998 4838 3099 4893 sub
3136 4838 3251 4893 haec

94 4927 219 4999 ευχὴ,
256 4933 344 4986 καὶ
376 4932 533 4986 ποίαν
571 4931 930 5003 δικαιολογίαν
956 4932 1100 5006 εἷχεζ
1139 4935 1263 5007 ἑξῆς
1310 4935 1599 5007 παρίστησι

1718 4939 1935 5008 :xpliCat
1965 4937 2052 4992 his
2079 4937 2257 4994 verbis
2282 4957 2295 4993 :

96 5015 261 5083 λέγων·
292 5036 293 5039 ‘

141 5108 250 5163 ὀτι
271 5114 567 5184 ἀλλότριοι
598 5115 1017 5185 ἐπανέστησαν
1053 5117 1141 5170 ἐπ’
1171 5116 1297 5197 ἐμὲ,
1333 5118 1428 5170 καί
1458 5134 1598 5185 κρα-
1645 5153 1647 5157 ς

93 5201 214 5255 nuol
262 5202 555 5273 ἐζήτησαν
620 5207 734 5275 τὴν
762 5208 999 5277 ,ψυχήν
1038 5225 1177 5278 μου,
1211 5206 1308 5259 καί
1353 5208 1424 5260 σὺ
1456 5223 1600 5275 προ-

94 5290 261 5347 έθεντο
277 5295 382 5350 τὸν
414 5296 826 5364 Θεὸνᾼὲνώπιον
854 5297 1069 5352 αὐτῶν.
1098 5296 1257 5350 Ταῦτ’
1286 5292 1353 5367 ἦν
1380 5295 1447 5350 τὰ
1502 5299 1600 5369 τῆς

95 5382 435 5458 δικαιολογίας.
466 5391 575 5445 Καὶ
599 5392 699 5462 δρα
731 5389 846 5453 πῶς
874 5388 935 5442 οὑ
984 5390 1074 5444 διὰ
1111 5388 1330 5462 μακρῶν
1373 5390 1600 5445 ἐκτείνει

96 5476 406 5549 τοὺςλόγους,
429 5480 542 5535 ἀλλ’
561 5480 667 5553 ’ἁτε
702 5478 816 5549 Θεῷ
847 5477 925 5549 τῷ
954 5479 1127 5532 πάντα
1162 5479 1321 5533 εἰδότι
1356 5478 1597 5547 διαλεγό-

102 5578 247 5635 μενος,
276 5570 419 5642 αὐτῷ
448 5572 604 5642 μόνον
632 5570 930 5642 ὑπόμνησιν
957 5574 1202 5635 ποιεῖται,
1250 5570 1339 5642 τὴν
1385 5570 1597 5641 μακρὰν

100 5652 526 5733 τῶνλιραγμὰτων
558 5661 881 5715 ἀποσιωπῶν
900 5653 1258 5713 διδατκαλίανί.
1283 5662 1506 5730 Μήποτε
1537 5659 1595 5712 δὲ

106 5743 202 5802 τοὺς
224 5750 304 5803 ιιὲν
319 5751 625 5813 ἀλλοτοίους
640 5751 884 5812 ὴνίσσετο
904 5752 1027 5815 τοὺς
1047 5752 1296 5815 Ζιιραίους
1316 5752 1437 5815 τοὺς
1464 5749 1595 5817 ποδς

1771 5112 1933 5169 Vens.
1968 5113 2105 5168 5-7.
2143 5116 2402 5182 Quoniam
2445 5112 2604 5166 alieni
2634 5110 3033 5165 insurrexerunt
3065 5104 3248 5159 adver-

1703 5222 1819 5259 sum
1851 5221 1951 5267 me,
1983 5215 2032 5259 et
2061 5206 2221 5275 fortes
2240 5203 2555 5275 quasierunt
2582 5202 2812 5255 animam
2845 5212 3035 5261 meam,
3068 5205 3118 5250 et
3146 5212 3247 5249 non

1703 5305 2075 5366 proposuerunt
2124 5295 2290 5349 Deum
2340 5303 2461 5348 ante
2513 5299 2839 5360 coraspectum
2895 5302 3060 5342 suum
3125 5284 3247 5341 Haec

1704 5396 1820 5443 erat
1852 5387 2193 5463 disceptatio.
2229 5384 2307 5439 Ac
2342 5386 2464 5441 vide
2492 5384 2622 5439 mihi
2654 5397 2761 5453 quo
2788 5388 2945 5452 pacto
2970 5392 3096 5435 ,non
3127 5378 3247 5431 lon-

1708 5492 1833 5550 gum
1865 5477 2103 5547 proferat
2140 5492 2479 5543 sermonem;
2515 5476 2835 5556 sed'utpos‘e
2861 5472 3028 5527 Deum
3072 5468 3244 5522 omni-

1706 5568 1878 5621 scium
1930 5566 2231 5636 alloquens,
2288 5581 2400 5621 rem
2463 5565 2567 5635 ipsi
2608 5565 2781 5619 solum
2834 5566 3241 5620 commemorat,

1706 5660 2029 5733 longamque
2078 5656 2278 5727 negotii
2320 5649 2727 5733 explicationem
2773 5642 2987 5706 silentio
3025 5648 3240 5719 premit.

1701 5730 1837 5803 Num
1887 5762 2010 5804 vero
2068 5762 2164 5816 per
2219 5746 2423 5801 alienos
2480 5730 2786 5800 subindicat
2833 5740 3102 5813 Ziphueos,
3144 5738 3237 5809 qui
