3958 6340
688 383 781 438 ‘11

1359 379 1625 437 EUSEBII
1651 380 2130 462 .CIESARIENSIS
2165 381 2312 437 OPP.
2354 381 2532 439 PARS
2569 381 2654 439 Ill.
2695 415 2762 425 —
2800 382 3199 440 EXEGETICA.

3745 389 3842 443 471

685 502 864 556 storias
895 505 1152 556 rationem
1181 501 1295 556 haec
1318 502 1567 556 videnlur
1597 517 1625 554 a
1660 501 1860 558 Davide
1884 503 2024 558 dicta
2056 503 2222 564 fuisse

2330 505 2458 574 ρίαν,
2486 505 2680 570 δόξειεν
2714 505 2779 558 ἂν
2818 504 2883 558 τὰ
2929 504 3254 575 προκείμενα
3299 505 3542 576 εἰρῆσθαι
3579 506 3658 576 τῷ
3693 507 3844 560 Δαυῖδ

685 606 793 660 quo
829 598 1068 662 tempore
1103 591 1314 663 fugiens
1341 608 1371 645 a
1408 592 1544 646 facie
1581 590 1759 646 Saulis
1788 594 1841 645 in
1871 594 2085 648 deserto
2126 609 2213 648 se-

685 684 779 736 des
804 681 1049 735 habebat.
1080 683 1135 736 In
1168 682 1517 752 sequentibus
1555 683 1732 751 itaque
1769 684 1881 735 ait:
1920 681 2052 735 Ecce
2076 682 2217 735 elon-

684 773 800 840 gari
828 773 1048 841 fugiens,
1071 782 1120 826 et
1159 775 1330 826 mansi
1375 774 1427 826 in
1457 771 1750 826 solitudine.
1791 772 2051 837 Quoniam
2093 787 2220 826 vero

690 861 817 915 Saul
852 878 1022 932 usque
1046 863 1110 915 ad
1146 871 1368 916 mortem
1396 863 1497 933 ipsi
1539 863 1823 935 insidiatus
1848 871 1932 918 est
1961 878 2084 917 cum
2125 865 2220 917 ad-

689 947 949 1006 ministris
975 953 1109 1016 suis,
1142 953 1341 1007 dixisse
1363 953 1571 1007 videtur
1599 970 1663 1008 ex
1703 969 1932 1028 persona
1965 955 2173 1022 propria
2204 971 2217 1008 :

688 1039 1037 1097 Conlristatus
1066 1060 1176 1097 sum
1214 1046 1267 1096 in
1298 1046 1663 1106 exercitatione
1692 1061 1824 1106 mea,
1868 1053 1915 1097 et
1949 1037 2222 1097 conturba-

689 1142 772 1186 tus
808 1149 921 1185 sum
953 1150 983 1186 a
1027 1151 1142 1188 voce
1173 1135 1370 1187 inimici
1401 1145 1511 1205 et‘a
1551 1134 1884 1186 tribulatione
1913 1133 2218 1202 peccatoris.

690 1219 946 1284 Quoniam
982 1221 1363 1276 declinaverunt
1396 1224 1450 1274 in
1489 1239 1567 1276 me
1611 1224 1953 1291 iniquitatem,
1978 1233 2026 1276 et
2053 1225 2111 1291 in
2141 1224 2222 1275 ira

687 1312 891 1367 molesti
920 1322 1068 1365 erant
1098 1313 1244 1365 mihi.
1283 1311 1403 1365 lizec
1447 1326 1575 1367 sane
1608 1312 1820 1380 quidem
1855 1311 2224 1382 Davidisper-

689 1418 833 1458 sonat
865 1409 1134 1469 coaptare,
1172 1417 1275 1455 non
1305 1403 1400 1456 abs
1433 1418 1491 1456 re
1538 1410 1709 1464 esset;
1763 1412 1816 1456 at
1861 1419 1964 1456 non
2008 1419 2070 1456 ea
2101 1419 2221 1472 qua:

688 1501 810 1562 post
881 1492 1156 1562 subjungit
1214 1511 1225 1546 :
1298 1492 1559 1558 Quoniam
1627 1492 1730 1545 nidi
1801 1494 2124 1562 iniquitatem
2178 1501 2226 1545 et

688 1583 1152 1638 contradictionem
1231 1585 1286 1639 in
1357 1585 1564 1637 civitate
1621 1584 1704 1637 die
1780 1601 1842 1638 ac
1907 1584 2226 1638 nocte:cir—

634 1661 637 1666 i
691 1676 954 1730 cumdabit
999 1693 1109 1730 eam
1145 1694 1298 1746 super
1326 1694 1501 1730 muros
1545 1677 1680 1743 ejus,
1715 1685 1762 1731 et
1792 1678 2037 1746 iniquitas
2067 1687 2115 1730 et
2148 1675 2228 1728 la-

693 1766 784 1818 bor
826 1768 880 1818 in
924 1767 1089 1818 medio
1141 1766 1272 1834 ejus.
1340 1765 1407 1818 Et
1438 1784 1538 1820 non
1573 1767 1758 1832 defecit
1804 1765 1865 1818 de
1901 1766 2085 1833 plateis
2117 1766 2228 1832 ejus

693 1872 851 1909 usura
893 1865 940 1910 et
972 1833 1170 1908 dolusr
1203 1856 1462 1920 Quoniam
1509 1856 1553 1907 si
1597 1856 1835 1907 inimicus
1883 1853 2229 1908 maledixisset
2262 1833 2300 1884 Β

691 1945 840 2009 mihi,
898 1946 1258 1998 sustinuissem
1295 1945 1486 2012 utique,
1523 1952 1573 1997 et
1601 1952 1808 1997 uetera.
1857 1941 2024 2006 Quam
2054 1942 2234 1994 civita-

693 2045 796 2088 tem
829 2034 1129 2103 significare
1158 2034 1311 2099 velit,
1341 2033 1394 2086 in
1419 2048 1522 2102 qua
1567 2035 1676 2086 haec
1697 2034 1809 2086 visa
1848 2033 1982 2099 sint,
2013 2047 2130 2102 quae
2145 2033 2228 2086 vi—

690 2126 838 2179 disse
876 2139 935 2178 se
972 2134 1380 2187 commemorat,
1436 2140 1542 2178 non
1584 2132 1756 2194 potest
1779 2125 1900 2194 quis
1923 2139 1986 2178 ex
2010 2125 2231 2178 historia

695 2214 977 2283 expiscari.
1033 2214 1167 2280 Quis
1211 2229 1338 2268 vero
1377 2214 1465 2267 ille
1503 2228 1660 2282 quem
1700 2212 1780 2266 sic
1816 2212 2122 2281 alloquitur,
2155 2213 2231 2266 Tu

693 2319 810 2356 uero
849 2302 998 2356 homo
1040 2304 1300 2355 unanimis
1323 2342 1337 2366 ,
1372 2302 1480 2354 dux
1510 2317 1652 2354 meus
1691 2311 1739 2353 et
1770 2311 1919 2354 notus
1947 2317 2118 2363 meus,
2145 2302 2234 2369 qui

693 2396 852 2447 simul
893 2410 1089 2446 mecum
1137 2393 1312 2448 dulces
1363 2393 1602 2463 cupiebas
1634 2389 1826 2448 cibos?
1868 2392 1924 2446 Si
1963 2391 2126 2455 enim,
2157 2391 2234 2444 in-

695 2487 833 2556 quit,
861 2485 992 2550 haec,
1025 2486 1242 2540 inimico
1265 2485 1545 2548 inferente,
1567 2485 1704 2538 mala
1721 2499 2007 2553 perpessus
2022 2497 2193 2537 essem
2215 2499 2228 2546 ;

697 2585 791 2630 aut
836 2577 881 2630 si
921 2576 1041 2644 quis
1083 2576 1206 2630 odio
1235 2591 1318 2631 me
1352 2576 1550 2630 habere
1578 2574 1853 2644 professus
1880 2574 2230 2643 designasset,

697 2666 774 2719 nil
801 2665 994 2719 mirum
1015 2675 1177 2722 esset.
1209 2665 1361 2721 Nunc
1390 2675 1567 2720 autem
1595 2681 1766 2735 neque
1793 2667 2034 2720 infensus
2062 2679 2231 2734 neque

700 2755 949 2811 inimicus
970 2755 1121 2820 mihi,
1139 2756 1232 2810 sed
1258 2771 1483 2812 consors
1507 2764 1559 2810 et
1584 2757 1806 2819 amicus,
1830 2758 1936 2810 imo
1960 2771 2083 2810 vero
2108 2770 2233 2808 una-

699 2844 878 2906 nimis.
913 2855 964 2899 et
1004 2846 1110 2899 dux
1159 2860 1188 2897 a
1234 2862 1319 2898 me
1343 2846 1686 2907 constitutus,
1733 2846 2001 2898 communi
2049 2859 2230 2898 mensa

699 2933 967 3002 dignatus,
992 2942 1044 2986 et
1085 2933 1334 2995 fortasse,
1368 2935 1459 3001 qui
1489 2948 1592 2986 una
1640 2948 1845 2987 mecum
1874 2933 2144 3001 ingressus
2178 2935 2231 2986 in

702 3023 916 3074 domum
954 3022 1042 3076 Dei
1087 3031 1140 3077 et
1180 3023 1436 3077 orationis
1483 3038 1707 3077 consors
1747 3031 1892 3088 erat,
1926 3025 2118 3077 taliane
2147 3025 2236 3077 ad-

700 3125 917 3164 versum
949 3125 1034 3163 me
1075 3111 1287 3180 aggredi
1337 3126 1500 3166 ausus
1528 3112 1622 3165 es?
1650 3109 1772 3164 Haec
1792 3109 1978 3180 {autem
2020 3109 2231 3181 propria
2259 3140 2300 3196 ο

701 3215 928 3268 persona
963 3200 1139 3276 dicere
1161 3200 1428 3267 Davldem,
1454 3218 1558 3255 non
1584 3202 1738 3255 video
1759 3215 1863 3270 qua
1887 3203 2091 3255 ratione
2114 3216 2236 3254 con-

702 3297 847 3342 stare
895 3290 1081 3357 possit.
1133 3289 1313 3359 Neque
1358 3291 1498 3344 enim
1546 3289 1672 3344 Saul
1709 3291 1978 3344 unanimis
2009 3291 2109 3360 ipsi
2147 3297 2236 3344 aut

701 3379 910 3432 amicus
962 3387 1108 3445 erat;
1152 3381 1263 3433 sive
1301 3381 1613 3434 secundum.
1643 3380 2039 3451 Symmachum,
2085 3383 2234 3435 unius

706 3467 886 3519 moris.
919 3465 1172 3530 Quanam
1201 3481 1408 3520 morum
1431 3469 1724 3522 similitudo
1761 3469 1920 3523 fuerit
1945 3471 2080 3524 inter
2104 3472 2236 3525 duo-

705 3572 822 3610 rum
851 3559 1036 3620 vitam,
1065 3560 1155 3626 qui
1203 3565 1407 3610 tantum
1437 3558 1576 3612 inter
1598 3575 1655 3612 se
1680 3559 1968 3612 dill‘erunt?
2013 3559 2115 3614 Sed
2144 3578 2237 3615 ne-

705 3662 808 3715 que
841 3648 1108 3701 unanimis
1157 3646 1340 3700 Davidi
1389 3663 1620 3717 unquam
1654 3647 1751 3700 fuit
1783 3647 1930 3710 Saul,
1969 3665 2138 3717 neque
2165 3653 2238 3704 le-

704 3723 846 3804 gitur
890 3737 1095 3803 uspiam
1145 3737 1199 3790 in
1246 3737 1488 3800 historia,
1527 3738 1670 3806 ipsos
1711 3753 1832 3790 cum
1877 3753 2140 3793 consensu
2183 3740 2238 3792 in

707 3826 867 3878 domo
891 3824 983 3878 Dei
1007 3826 1326 3882 ambulasse.
1363 3825 1465 3881 Sed
1489 3828 1650 3896 liquet
1670 3826 1882 3882 Saulem
1906 3844 2113 3896 semper
2135 3828 2237 3881 Da-

705 3915 812 3967 vidi
843 3922 1024 3984 aperte
1067 3915 1341 3969 inimicum
1378 3916 1575 3983 fuisse;
1625 3917 1745 3984 jure
1770 3933 1895 3986 ergo
1930 3917 2164 3987 fugiebat
2187 3926 2240 3971 et

707 4006 1067 4060 abscondehat
1107 4021 1178 4076 se.
1211 4007 1276 4060 ab
1316 4008 1440 4069 illo,
1485 4010 1636 4076 quasi
1669 4024 1696 4061 a
1725 4010 2240 4066 manifestoinimico

707 4104 904 4145 cavens
947 4091 1068 4144 sibi.
1125 4089 1226 4145 Sed
1245 4092 1413 4144 etiam
1461 4109 1577 4160 quae
1606 4096 1669 4146 de
1699 4106 1985 4148 memorata
2014 4098 2143 4149 urbe
2172 4097 2243 4152 fe-

706 4188 919 4245 runtur,
952 4197 1283 4252 nequaquam
1311 4181 1524 4237 Davidis
1549 4184 1785 4258 historiae
1813 4188 2146 4240 conveniant.
2179 4189 2238 4241 ln

708 4285 812 4338 qua
845 4271 986 4323 enim
1035 4273 1249 4325 civitate
1301 4272 1469 4337 illam,
1504 4287 1662 4342 quam
1711 4275 1862 4335 dicit,
1911 4276 2237 4344 iniquitatem

708 4357 841 4411 vidit
867 4367 920 4412 et
947 4360 1444 4426 contradictionem,
1472 4378 1576 4416 non
1607 4363 1692 4416 die
1725 4364 1918 4425 solum,
1951 4366 2041 4419 sed
2081 4368 2239 4420 etiam

2314 595 2430 648 καθ’
2454 595 2545 660 οὓς
2567 597 2917 666 ἀπεδίδρασκε
2945 596 3181 666 χρόνους,
3205 594 3413 662 φεύγων
3441 595 3544 648 ἀπὺ
3565 598 3842 667 προσώπου

2318 686 2483 739 Σαοὺλ
2504 727 2518 750 ,
2569 689 2626 739 ἐν
2656 690 2771 750 ταῖς
2806 688 3026 758 ἐρήμοις
3069 686 3166 749 τὰς
3199 685 3472 755 διατριϐὰς
3519 686 3839 757 ποιούμενος.

2314 777 2472 844 Λέγει
2495 777 2537 830 δ’
2565 772 2654 828 οὖν
2688 775 2812 845 ἑξῆς
2846 775 3072 845 προῖώνο
3130 774 3272 830 Ἰδοὺ
3315 775 3614 843 ἐμὰκρυνα
3666 794 3842 845 φυγα-

2315 866 2520 925 δεύων.
2575 867 2668 918 καὶ
2710 868 3010 933 neutram-
3050 867 3118 918 ἐν
3157 864 3232 933 τῇ
3273 865 3481 933 ἐρήμῳ.
3529 867 3638 918 Καὶ
3669 867 3842 938 ἐπειδὴ

2323 959 2480 1030 μέχρι
2504 958 2730 1010 θανάτου
2758 956 3109 1010 ἐπεϐούλευεν
3147 955 3291 1025 αὑτῷ
3314 956 3480 1009 Σαοὺλ
3517 956 3610 1008 καὶ
3641 956 3690 1008 oi
3721 974 3844 1025 συμ-

2320 1047 2640 1116 πράττοντες
2668 1045 2832 1115 αύτῷ,
2865 1043 3012 1098 εἶπεν
3038 1045 3102 1098 ἂν
3133 1045 3188 1110 ἐξ
3217 1047 3410 1097 οἰκείου
3451 1044 3738 1116 προσώπου
3761 1048 3845 1099 καί

2318 1137 2397 1200 τὸ,
2440 1136 2774 1204 Ἐλυπήθην
2799 1137 2869 1189 ἐν
2888 1134 2961 1202 τῇ
2991 1134 3314 1203 ἀδολεσχίᾳ
3341 1153 3478 1203 μου,
3519 1137 3614 1188 καὶ
3647 1136 3845 1202 ἐναρά-

2319 1231 2470 1296 χθην
2510 1227 2623 1280 ἀπὸ
2648 1227 2847 1295 φωνῆς
2870 1225 3083 1295 ἐχθροῦ
3116 1227 3211 1278 καὶ
3244 1227 3360 1280 ἀπὸ
3395 1227 3649 1294 θλίψεως
3677 1227 3848 1293 ἁμαρ⁴

2320 1317 2538 1371 τωλοῦ.·
2571 1319 2694 1370 Ὅτι
2732 1317 3044 1380 ἐξέκλιναν
3083 1317 3172 1368 ἐπ’
3204 1317 3305 1384 ἐμε
3343 1318 3610 1384 ἀνομίαν,
3655 1317 3749 1368 καὶ
3787 1317 3849 1369 ἐν

2321 1407 2464 1477 ὀργῇ
2478 1408 2790 1466 ἐνεκότουν
2801 1423 2917 1474 μοι.
2940 1395 3130 1457 ’Ταῦτα
3167 1406 3263 1474 μὲν
3290 1402 3379 1458 οὖν
3409 1407 3641 1476 ἁρμόσαι
3661 1405 3738 1474 τῷ
3765 1407 3849 1458 τοῦ

2321 1497 2476 1550 Δαυῖδ
2507 1495 2774 1567 προσώπῳ
2802 1495 2859 1548 ού
2882 1495 3130 1566 δυσχερές
3148 1513 3161 1526 ·
3194 1495 3252 1548 οὐ
3287 1495 3388 1566 μὴν
3412 1498 3502 1548 καὶ
3522 1496 3589 1548 τὰ
3618 1494 3763 1565 ἑξῆς,
3799 1499 3850 1548 ὲν

2321 1580 2398 1648 οἷς
2423 1584 2686 1651 ἐςπιλιὲγει⁶
2727 1585 2850 1634 Ὅτι
2879 1579 3038 1636 εἶδον
3077 1584 3327 1651 ἀνομίαν
3372 1584 3469 1636 καὶ
3515 1584 3853 1654 ἀντιλογίαν

2321 1675 2390 1727 ἐν
2416 1673 2489 1742 τῇ
2519 1675 2688 1727 πόλει
2711 1672 2929 1741 ἡμέρας
2957 1674 3051 1727 καί
3070 1675 3284 1740 νυκτός
3303 1692 3314 1704 ·
3337 1675 3632 1730 κυκλώσει
3668 1676 3854 1740 αὐτὴν

2324 1763 2417 1816 ἐπὶ
2439 1763 2510 1816 τὰ
2535 1763 2699 1830 τείχη
2720 1761 2923 1827 αὐτῆς,
2951 1762 3045 1813 καὶ
3063 1762 3275 1830 ἀνομία
3295 1763 3387 1815 καί
3411 1765 3591 1828 κόπος
3609 1763 3855 1833 ἐνμέσῳ

2328 1854 2528 1922 αὐτῆς.
2556 1858 2662 1908 Kal
2688 1857 2793 1907 οὐκ
2815 1854 3087 1918 ἐξέλιπεν
3115 1854 3181 1906 ἐκ
3212 1854 3326 1907 τῶν
3351 1855 3643 1908 πλατειῶν
3672 1854 3856 1920 αὐτῆς

2328 1945 2498 2009 τόκος
2553 1944 2650 1997 καὶ
2705 1944 2898 2009 δόλος.
2941 1945 3077 2007 Ὅτι,
3133 1945 3182 1995 εἰ
3208 1943 3413 2011 ἐχθρὸς
3448 1944 3715 1998 ὠνείδισέ
3764 1962 3853 2013 με,

2329 2031 2628 2099 ὑπήνεγκα
2658 2032 2750 2095 ἂν,
2782 2034 2871 2084 καὶ
2899 2032 2964 2084 τὰ
2996 2031 3136 2100 ἑξῆς.
3173 2031 3332 2084 Ποίαν
3360 2032 3464 2101 γὰρ
3491 2033 3642 2085 πόλιν
3681 2033 3857 2102 βούλε-

2328 2139 2413 2174 ται
2439 2124 2732 2192 σημαίνειν,
2764 2123 2846 2191 ἐφ’
2865 2118 2931 2193 ἦς
2958 2122 3124 2174 ταῦτα
3148 2120 3411 2182 τεθέαται,
3439 2121 3472 2173 ἃ.
3497 2139 3656 2188 φησιν
3688 2123 3856 2191 ἑωρα-

2329 2213 2498 2276 κέναι,
2519 2214 2615 2263 οὑκ
2647 2213 2709 2264 ἂν
2734 2212 2843 2280 ἔχοι
2876 2229 2957 2274 τις
2999 2212 3104 2263 ἀπὸ
3131 2211 3226 2280 τῆς
3275 2212 3505 2280 ἱστορίας
3541 2213 3732 2266 εἰπεῖν.
3769 2211 3855 2274 Τίς

2327 2302 2381 2353 δὲ
2399 2296 2550 2363 οὗτος
2574 2298 2638 2372 ἦν
2670 2296 2712 2369 ᾧ
2744 2291 3074 2371 προσεφώνει
3101 2301 3270 2369 λέγων
3290 2319 3302 2334 ·
3335 2301 3416 2354 Σὺ
3448 2300 3510 2354 δὲ
3539 2343 3552 2365 ,
3597 2301 3857 2369 ἄνθρωπε

2331 2394 2602 2460 ὶσόψ-υχε,
2631 2392 2859 2465 ἡγεμών
2878 2410 2993 2461 μου
3020 2392 3118 2445 καὶ
3141 2393 3367 2461 γνωστέ
3391 2411 3526 2461 μου,
3569 2393 3637 2458 ὃς
3663 2393 3760 2446 ἐπὶ
3796 2393 3858 2446 τό

2329 2484 2467 2534 αὐτὸ
2505 2483 2832 2550 ἑγλὺκανάς
2872 2502 2969 2551 μοι
2998 2483 3325 2551 ἐόέσματα;
3358 2485 3420 2536 El
3471 2484 3566 2554 μὲν
3615 2485 3724 2554 γὰρ
3774 2483 3858 2536 ὑπ’

2328 2573 2516 2643 ἐχθροῦ
2554 2574 2702 2626 ταῦτ’
2749 2574 2998 2644 ἔπασχον,
3051 2573 3290 2644 φησίν,ῆ
3336 2576 3382 2626 εἰ
3415 2576 3566 2641 μῖσος
3593 2573 3861 2643 ὁμολογῶν

2327 2680 2407 2727 τις
2437 2665 2575 2733 ἔχειν
2600 2665 2732 2735 πρός
2770 2683 2834 2735 με
2869 2665 3014 2718 ταῦτ’
3046 2666 3234 2730 ἐποίει,
3267 2664 3416 2717 οὐδὲν
3439 2661 3504 2734 ἦν
3535 2663 3857 2734 Θαυμαστόν

2328 2756 2441 2807 νυνὶ
2471 2755 2525 2807 δὲ
2562 2754 2682 2806 οὕτε
2715 2756 2880 2824 μισῶν
2903 2754 3021 2807 οὔτε
3045 2753 3262 2825 ἐχθρὸς,
3295 2755 3528 2824 συνήθης
3569 2755 3625 2806 δὲ
3666 2754 3742 2806 ὼν
3775 2756 3864 2806 καὶ

2329 2845 2494 2913 φίλος,
2533 2844 2776 2913 ἰσόψυχός
2799 2861 2856 2896 τε
2889 2845 2980 2897 καὶ
3008 2845 3222 2913 ἡγεμὼν
3251 2844 3338 2896 ὑπ’
3365 2844 3495 2912 ἐμοῦ
3529 2843 3862 2912 καθεσταμέ-

2329 2951 2435 2998 νος,
2466 2934 2646 3001 κοινῆς
2674 2951 2729 2984 τε
2768 2933 3039 3003 τραπέζης
3072 2933 3280 3002 ἀξίωμα
3304 2933 3458 3001 ἔχων,
3511 2933 3624 2984 ἴσον
3659 2934 3787 3001 μιᾶς
3811 2949 3864 2983 τε

2330 3025 2419 3076 καί
2447 3023 2540 3092 τῆς
2579 3024 2741 3092 αὐτῆς
2786 3024 2840 3072 ὲν
2869 3021 2944 3090 τῷ
2967 3021 3096 3090 οἴκῳ
3127 3021 3216 3072 τοῦ
3245 3020 3376 3072 Θεοῦ
3410 3020 3610 3083 εἰσόδου
3651 3037 3740 3087 μοι
3779 3023 3865 3071 καὶ

2331 3113 2491 3182 εὐχῆς
2527 3112 2925 3182 κεκοινωνηκὼς
2951 3154 2964 3176 ,
3013 3112 3230 3164 τοιαῦτα
3257 3113 3335 3174 εἰς
3365 3111 3462 3181 ἐμὲ
3494 3111 3863 3181 τετόλμηκας;

2333 3203 2511 3257 Ταῦτα
2536 3204 2590 3256 δὲ
2624 3204 2712 3257 τὸν
2744 3203 2899 3256 Δαυῖδ
2924 3198 3097 3270 λέχειν
3119 3199 3176 3266 ἐξ
3203 3202 3396 3254 οἰκείου
3426 3200 3734 3272 προσώπου,
3773 3202 3867 3251 οὐκ

2331 3286 2422 3342 οἷδ’
2440 3290 2495 3342 εἴ
2518 3309 2634 3343 τινα
2661 3291 2768 3359 ἔχοι
2799 3291 2970 3358 λόγον.
3003 3289 3134 3342 Oli-rs
3164 3289 3268 3361 γὰρ
3295 3290 3460 3342 Σαοὺλ
3503 3289 3752 3359 ἰσόψυχος
3779 3290 3868 3341 αὺ-

2331 3379 2422 3431 τοῦ
2457 3380 2488 3449 ἦ
2519 3381 2685 3447 φίλος,
2713 3382 2768 3448 ἢ,
2800 3380 2936 3432 κατὰ
2966 3381 3053 3432 τὸν
3080 3381 3388 3450 Σύμμαχον,
3424 3381 3749 3447 ὁμότροπος
3777 3374 3860 3450 ἦν.

2332 3470 2464 3528 Ποία
2506 3469 2611 3539 γὰρ
2647 3472 2988 3541 όμοιοτροπία
3017 3471 3208 3538 γένοιτ’
3260 3470 3324 3523 ἂν
3373 3472 3429 3521 ὲν
3463 3473 3571 3531 τοίς
3601 3469 3868 3539 ἑκατέρων

2337 3557 2466 3626 βίοις
2514 3560 2765 3627 πάμπολυ
2801 3560 3225 3624 διαλλάττουσινς
3281 3559 3414 3610 Ἀλλ’
3460 3561 3578 3611 οὐδὲ
3625 3561 3867 3629 ἰσόψυχος

2336 3647 2546 3699 πώποτε
2586 3649 2767 3715 γέγονε
2799 3648 2874 3717 τῷ
2903 3647 3060 3700 Δαυῒδ
3086 3651 3113 3700 ό
3143 3647 3309 3700 Σαοὺλ
3327 3687 3341 3710 ,
3371 3648 3488 3699 οὐδὲ
3526 3649 3582 3698 ὲν
3614 3648 3691 3716 τῷ
3742 3648 3870 3715 οἴκῳ

2334 3737 2424 3789 τοῦ
2455 3737 2585 3789 Θεοῦ
2619 3738 2946 3807 ἱστοροῦνται
2977 3736 3190 3788 πώποτε
3224 3735 3615 3806 πεπορευμένοι
3654 3738 3710 3786 ὲν
3743 3738 3870 3804 ὁμο⁹

2337 3833 2466 3900 νοίᾳ.
2505 3830 2793 3901 Προφανῶς
2820 3830 2862 3882 δ’
2892 3828 3078 3899 ἐχθρὸς
3104 3831 3130 3880 ό
3154 3827 3320 3880 Σαοὺλ
3339 3828 3429 3879 τοῦ
3457 3827 3614 3879 Δαυῖδ
3646 3829 3870 3880 πάντοτε

2337 3920 2577 3986 φαίνεται
2612 3918 2840 3987 γεγονὼς
2866 3935 2878 3948 ’
2909 3918 3101 3984 ἔφευγε
3125 3916 3168 3968 δ’
3187 3911 3276 3968 οὖν
3305 3915 3462 3967 αὐτὸν
3493 3915 3714 3976 εἰκότως
3736 3955 3749 3973 ,
3784 3914 3871 3964 καὶ

2337 4011 2648 4076 ἐκρύπτετο,
2691 4009 2762 4071 ὡς
2795 4009 3022 4078 φανερὸν
3054 4007 3239 4077 ἐχθρὸν
3270 4006 3676 4074 φυλαττόμενος.
3737 4005 3871 4082 Ἀλλ’

2335 4099 2452 4150 οὐδὲ
2476 4099 2542 4150 τὰ
2566 4100 2688 4167 περὶ
2715 4099 2811 4167 τῆς
2845 4100 3131 4168 εἰρημένης
3161 4099 3361 4160 πόλεως
3383 4098 3680 4168 ἐφαρμόσαι
3708 4096 3773 4148 ἄν
3795 4112 3874 4155 τις

2337 4191 2399 4258 τῇ
2425 4189 2561 4241 κατὰ
2595 4189 2682 4240 τὸν
2720 4187 2876 4240 Δαυῒδ
2912 4189 3134 4259 ἱστορίᾳ.
3178 4190 3263 4240 Ἐν
3289 4188 3414 4256 ποία
3445 4185 3550 4252 γὰρ
3585 4182 3690 4236 εἶδε
3726 4184 3872 4235 πόλει

2337 4279 2401 4344 ἦν
2430 4293 2588 4346 φησιν
2611 4277 2832 4346 ἀνομίαν
2863 4278 2952 4329 καί
2976 4277 3271 4344 ἀντιλογίαν
3290 4316 3305 4338 ,
3347 4277 3406 4327 οὐ
3451 4275 3606 4344 μόνον
3645 4273 3870 4344 ἡμέρας,

2339 4368 2470 4421 ἀλλὰ
2499 4369 2590 4418 καί
2612 4367 2817 4430 νυκτὸς,
2844 4368 3006 4421 κόπον
3038 4385 3096 4419 τε
3135 4369 3228 4419 καὶ
3261 4367 3437 4428 πόνον,
3463 4365 3670 4418 ἀδικίαν
3695 4381 3758 4416 τε
3789 4365 3874 4415 καὶ

709 4454 898 4513 nocte;
952 4449 1184 4515 laborem
1239 4452 1362 4505 item
1404 4437 1456 4506 et
1500 4454 1758 4514 dolorem,
1813 4454 2147 4525 iniquitatem
2189 4468 2235 4511 et

2336 4459 2488 4510 τόκον
2519 4459 2582 4508 ἐκ
2602 4457 2705 4508 τῶν
2730 4456 2992 4510 πλατειῶν
3015 4457 3182 4524 αὐτῆς
3210 4456 3281 4525 μὴ
3310 4455 3656 4518 ἐκλείποντας
3685 4457 3750 4506 Ἠ
3783 4455 3874 4522 μὲν

710 4549 928 4589 usmam
957 4550 1020 4588 ex
1046 4538 1231 4604 plateis
1261 4540 1377 4608 ejus
1399 4554 1508 4593 non
1545 4540 1912 4595 deiicientem?
1954 4541 2084 4595 Nam
2113 4543 2241 4598 urbs

712 4624 923 4692 quidem
957 4623 1156 4688 Saulis,
1207 4626 1372 4680 Rama
1415 4629 1692 4683 dicebatur
1716 4648 1865 4695 esse;
1915 4634 2238 4687 domicilium

710 4715 847 4780 ejus,
875 4712 1069 4778 Gabee,
1097 4731 1215 4768 cum
1249 4719 1482 4770 nondum
1506 4717 1797 4775 Jerusalem
1821 4721 2001 4778 lsraeli
2031 4723 2240 4778 subdita

712 4815 871 4868 esset,
905 4806 994 4860 sed
1020 4806 1082 4858 ad
1107 4807 1399 4876 allophylos
1429 4809 1735 4876 pertineret.

780 4892 929 4957 Quod
979 4905 1154 4948 autem
1191 4897 1433 4950 videatur
1475 4897 1639 4950 David
1671 4899 1818 4954 diras
1859 4900 2141 4971 imprecari
2167 4901 2242 4953 di-

714 4998 843 5037 cens
877 5001 889 5035 :
932 4984 1115 5038 Veniat
1145 5003 1281 5039 mors
1315 5003 1468 5054 super
1500 4988 1640 5051 illos,
1671 4997 1718 5041 et
1752 4988 2057 5044 descendant
2094 4997 2145 5044 in
2170 4992 2244 5045 in-

715 5073 914 5142 fernum
947 5075 1191 5141 virentes,
1220 5092 1377 5144 quam
1407 5077 1712 5134 aliinitatem
1746 5080 1934 5134 habeat
1961 5097 2079 5137 cum
2111 5097 2244 5150 prae—

715 5166 857 5217 clara
876 5165 964 5217 illa
986 5165 1102 5231 ejus
1124 5167 1494 5236 celebrataque
1523 5171 1736 5231 virtute,
1763 5185 1869 5238 qua
1895 5171 2095 5225 dixisse
2118 5172 2244 5226 scri-

716 5249 859 5303 bitur
891 5269 902 5302 :
934 5249 992 5304 Si
1021 5252 1219 5304 reddidi
1243 5255 1638 5310 retribuentibus
1664 5259 1786 5311 mihi
1816 5259 1984 5322 mala,
2012 5261 2244 5313 decidam

2338 4550 2443 4618 γὰρ
2476 4549 2625 4608 πόλις
2670 4547 2760 4598 τοῦ
2789 4548 2978 4604 ⁴Σαοὺλ
3012 4548 3222 4614 ἐλέγετο
3254 4542 3387 4598 εἶναι
3415 4549 3447 4616 ὴ
3490 4547 3664 4616 Ῥαμὰ
3687 4585 3702 4609 ,
3734 4546 3795 4597 τὸ
3833 4545 3875 4595 δ’

2339 4641 2642 4708 οἰκητήριον
2685 4637 2900 4706 αὑτοῦὴ
2945 4637 3143 4698 Γαϐεὲ,
3192 4634 3338 4688 οῠπω
3383 4638 3475 4704 τῆς
3531 4635 3876 4704 Ἰερουσαλὴμ

2341 4730 2442 4780 ὑπὸ
2491 4727 2567 4797 τῷ
2630 4728 2837 4798 Ἰσραὴλ
2901 4725 3227 4796 γενομένης,
3291 4726 3399 4778 ἀλλ’
3453 4726 3532 4776 ἔτι
3569 4725 3865 4790 anesum

2339 4818 2396 4868 ού
2406 4835 2518 4887 της.
3629 4849 3633 4852 .

2408 4910 2448 4959 Τ
2452 4909 2478 4960 ὸ
2502 4910 2544 4961 δ’
2570 4910 2872 4978 ἐπαρᾶσθαι
2893 4907 3064 4959 δοκεῖν
3091 4906 3177 4958 τὸν
3201 4905 3377 4966 Δαυῒδ,
3399 4905 3488 4957 καὶ
3518 4903 3717 4968 λέγειν·
3751 4905 3864 4958 Ἔλ-

2341 5001 2482 5052 θέτω
2513 4998 2761 5062 θάνατος
2787 4998 2876 5048 ἐπ’
2901 4995 3142 5060 αὐτοὺς,
3187 4997 3279 5049 καὶ
3325 4993 3751 5064 κατασιίτωαν
3797 4996 3874 5058 εὶς

2342 5089 2484 5153 ᾅδου
2517 5088 2721 5151 ζῶντες
2745 5125 2759 5147 ,
2792 5086 2944 5137 ποίαν
2967 5084 3075 5152 ἔχοι
3112 5082 3420 5152 συμφωνίαν
3454 5081 3584 5151 πρὸς
3605 5084 3665 5134 τὸ
3696 5100 3876 5151 σεμνο-

2341 5175 2554 5244 λόγημα
2583 5175 2677 5242 τῆς
2704 5172 3039 5242 ὑμνουμένης
3064 5171 3224 5223 αὑτοῦ
3257 5169 3469 5239 ἀρετῆς,
3505 5169 3588 5234 ἐφ’
3615 5164 3681 5238 ἧς
3708 5169 3877 5234 λέγων

2342 5262 2740 5330 ἀναγέγραπται
2761 5277 2771 5287 ·
2798 5261 2863 5309 Εἰ
2881 5258 3257 5310 ἀνταπέδωκα
3272 5254 3390 5320 τοῖς
3413 5255 3597 5309 Cirtae.
3609 5254 3878 5308 οδιδοῦσί

718 5347 779 5391 at
807 5341 1029 5394 mimicis
1067 5343 1188 5393 meis
1221 5343 1434 5399 inanis?
1493 5344 1625 5397 Nam
1654 5348 1788 5400 tales
1839 5349 2235 5414 imprecationes

2338 5366 2432 5415 μοι
2453 5355 2622 5409 κακὰ,
2653 5347 3016 5413 ἀποπεσείην
3053 5347 3162 5413 ἄρα
3199 5344 3313 5397 ἀπὸ
3353 5344 3466 5398 τῶν
3501 5343 3736 5413 ἐχθρῶν
3763 5360 3876 5410 μου

719 5428 771 5479 in
797 5429 978 5482 hostes
1004 5430 1192 5492 edere.
1230 5447 1334 5486 non
1378 5433 1692 5502 iniuriarum
1746 5436 2072 5490 immemoris
2096 5437 2246 5489 Davi-

718 5518 803 5570 dis
830 5518 1006 5573 fuerit.
1033 5520 1154 5584 Qui,
1181 5529 1238 5574 ut
1261 5523 1311 5574 in
1338 5524 1559 5579 historia
1589 5536 1856 5592 narratur,
1887 5543 2095 5596 semper
2119 5528 2247 5581 Sau-

720 5607 823 5659 lem
852 5607 905 5660 in
931 5608 1130 5664 honore
1158 5622 1208 5664 et
1235 5614 1403 5680 pretio
1448 5615 1650 5676 habuit,
1691 5624 1748 5667 ut
1779 5632 1845 5670 ne
1877 5617 2095 5671 auderet
2127 5619 2244 5686 qui-

721 5695 837 5748 dem
888 5696 987 5765 ipsi
1028 5714 1217 5754 manus
1246 5701 1462 5767 inferre,
1511 5707 1666 5758 etiam
1693 5721 1813 5759 cum
1846 5708 1990 5761 illum
2021 5709 2073 5762 in
2108 5718 2245 5777 pote-

2345 5441 2549 5504 κενόςὶ
2580 5439 2639 5490 τὸ
2666 5438 2769 5507 γὰρ
2797 5437 3043 5499 τοιαύτας
3083 5435 3218 5504 ἀρὰς
3257 5433 3608 5502 κατεύχεσθαι
3643 5433 3756 5483 τῶν
3791 5433 3876 5502 ἐχ-

2344 5530 2500 5600 θρῶν,
2532 5532 2628 5583 οὐκ
2656 5529 2719 5581 ἂν
2746 5530 2829 5595 εἴη
2856 5526 2945 5580 τοῦ
2973 5525 3283 5590 ἀνεξικάκου
3322 5524 3476 5578 Δαυῖδ
3501 5565 3514 5585 ,
3546 5524 3604 5584 ὃς
3650 5521 3876 5576 πάντοτε

2342 5621 2510 5689 τιμῶν
2554 5622 2646 5673 καὶ
2683 5618 2838 5679 σέϐας
2875 5617 3008 5687 ἔχων
3057 5614 3148 5666 τοῦ
3181 5615 3364 5673 Σαοὺλ,
3400 5614 3474 5675 ὡς
3523 5613 3654 5685 μηδὲ
3678 5613 3873 5683 τολμᾷν

2345 5711 2646 5766 ἐπιϐάλλειν
2676 5708 2817 5778 αὐτῷ
2840 5713 3038 5779 χεῖρας,
3062 5709 3147 5760 ὅτε
3173 5708 3262 5762 καί
3284 5723 3407 5760 ποτε
3447 5705 3752 5776 ὑποχείριον
3789 5706 3870 5756 αὐ-
