3966 6348
83 418 178 474 ιπ

1182 413 1676 473 COMMENTABIA
1715 412 1779 466 IN
1818 410 2150 470 PSALMOS.

3159 411 3264 466 ιτι

85 534 165 584 τὸν
188 532 424 604 εἴληφεν,
474 535 531 601 ἐξ
563 536 732 606 αὐτῆς
754 536 1023 590 δείκνυται
1071 535 1169 604 τῆς
1197 535 1449 606 ἱστορίας.
1505 532 1612 585 Καὶ

1718 535 1850 582 state
1876 528 2081 582 habuit.
2148 526 2211 582 Et
2240 526 2291 579 in
2315 527 2663 596 sequentibus
2695 525 2844 580 addit
2877 546 2889 580 :
2921 523 3117 579 Molliti
3144 534 3266 577 sunt

84 622 280 692 προῖὼν
310 624 365 676 δὲ
395 625 630 693 ὲπιλέγει
653 643 666 655 ·
703 626 1152 690 Ἡπαλὺνθησαν
1183 626 1236 677 οἱ
1253 625 1415 693 λόγοι
1438 621 1620 676 αὐτοῦ

86 711 227 779 ὑπὲρ
253 713 481 776 ἔλαιον,
505 715 601 770 καὶ
622 715 789 769 αὐτοί
820 717 936 766 εισι
977 712 1240 778 βολίόες.
1271 714 1401 766 Τίνα
1437 709 1528 765 οὖν
1556 712 1621 765 ἀν

83 819 159 864 τις
183 803 293 873 ἔχοι
331 803 497 871 δείξαι
523 806 611 857 τὸν
639 804 806 858 ταῦτα
832 803 1090 873 τῷΔαυτδ
1120 804 1479 874 πεποιηκότα;
1533 801 1620 867 Ἐξ

85 887 151 946 ὧν
174 894 426 947 ἀπάντων
457 895 689 965 ἡγοῦμαι
731 895 805 965 μὴ
856 894 1036 972 χώραν
1071 894 1211 965 ἔχειν
1255 893 1618 966 ἀναφέρεσθαι

84 986 146 1038 τὰ
178 987 510 1056 προκείμενα
542 988 632 1040 ἐπὶ
656 988 716 1039 τὺ
741 988 833 1040 τοῦ
865 987 1023 1042 Δαυῖδ
1052 989 1333 1058 πρόσωπον
1357 1007 1370 1019 ·
1409 1006 1621 1061 προφη-

85 1081 201 1149 mg
231 1079 288 1132 st
316 1076 468 1151 οἶμαι
489 1081 708 1151 δυνάμει
735 1080 976 1150 λελέχθαι
1012 1080 1145 1134 αὐτά
1169 1119 1182 1141 ,
1213 1083 1302 1133 καὶ
1341 1083 1431 1133 ἐπὶ
1463 1083 1618 1151 μόνον

85 1169 166 1219 τὸν
198 1169 422 1242 Σωτῆρα
443 1171 538 1224 καὶ
566 1169 763 1240 Κύριον
788 1170 939 1239 ἡμῶν
962 1170 1302 1224 συνίστασθαι
1329 1172 1617 1240 πεπληρω-

87 1259 234 1327 μένα,
257 1262 368 1323 ὅτε,
399 1263 535 1315 κατὰ
553 1260 612 1314 τὸ
645 1261 774 1314 αὐτὸ
795 1261 1136 1330 συναχθέντες
1158 1264 1205 1313 ot
1233 1262 1322 1315 τοῦ
1358 1263 1618 1314 Ἰουδαίων

83 1349 256 1414 ἔθνους
313 1352 568 1421 ἄρχοντες
621 1353 711 1404 ἐπὶ
759 1352 856 1422 τῆς
919 1352 1284 1422 Ἰερουσαλὴμ,
1350 1352 1618 1424 συνέδριον

84 1443 394 1511 ἐποιήσαντο
421 1443 514 1495 καὶ
545 1443 752 1512 σκέψιν,
795 1445 938 1507 ὅπως
971 1444 1130 1496 αὑτὸν
1159 1445 1486 1498 ἀπολέσωσιν
1509 1461 1520 1473 ·
1559 1447 1616 1496 ὲν

81 1526 120 1596 ᾧ
147 1535 190 1583 oi
225 1533 322 1600 μὲν
366 1532 590 1586 θάνατον
621 1534 781 1587 αὑτοῦ
831 1536 1292 1606 κατεψηφίσαντοο
1334 1535 1510 1607 ἕτεροι
1563 1535 1616 1588 δὲ

82 1626 375 1692 ἀντέλεγον,
431 1627 506 1688 ὡς
556 1629 584 1679 ὁ
629 1627 929 1698 Νικόδημος
983 1627 1181 1694 λέγων’
1229 1626 1324 1694 Μὴ
1366 1630 1397 1680 d
1441 1628 1619 1695 νόμος

84 1713 238 1780 ἡμῶν
259 1717 595 1782 κατακρίνει
623 1716 727 1768 τὸν
764 1716 1090 1785 ἄνθρωπον,
1125 1719 1174 1769 εί
1190 1718 1273 1785 μή
1306 1735 1357 1769 τι
1389 1717 1617 1783 ἀκούσῃ

1721 636 1978 673 sermones
1994 619 2105 688 ejus
2124 633 2274 687 super
2297 616 2486 680 oleum,
2505 627 2551 671 et
2579 618 2675 684 ipsi
2691 627 2808 670 sunt
2826 615 3032 684 jacula.
3067 613 3266 681 Quem-

1693 707 1844 761 nam
1879 706 2119 775 proferre
2148 708 2272 776 quis
2302 708 2476 762 valeat
2503 707 2592 776 qui
2636 706 2747 760 haec
2779 706 2831 759 in
2869 704 3119 758 Davidem
3151 719 3268 773 ege-

1719 798 1822 852 rit?
1849 797 1922 851 Ex
1950 798 2148 866 quibus
2171 798 2421 852 omnibus
2452 803 2659 852 testimo
2689 812 2795 849 non
2829 811 2986 864 posse
3017 795 3083 847 ad
3114 792 3268 846 Davi-

1717 890 1802 945 dis
1829 901 2111 956 personam
2156 890 2267 944 haec
2299 888 2522 955 relerri;
2564 889 2656 944 sed
2711 887 3019 958 prophetica
3047 886 3099 938 vi
3127 886 3266 940 arbi-

1717 989 1832 1035 tror
1881 981 2024 1035 dicta
2074 984 2214 1043 esse,
2267 990 2318 1033 et
2367 981 2418 1049 in
2475 996 2579 1032 uno
2611 979 2886 1033 Salvatore
2940 987 2992 1031 et
3036 976 3264 1030 Domino

1716 1082 1905 1126 nostro
1932 1072 2216 1140 completa,
2247 1071 2464 1140 quando
2495 1069 2731 1144 Judaicaa
2758 1070 2934 1139 gentis
2969 1069 3277 1138 principes,-

1717 1167 2098 1237 Hierosolyma)
2121 1167 2173 1218 in
2191 1181 2354 1219 unum
2378 1165 2709 1234 congregati,
2727 1177 3041 1217 consessum
3065 1176 3127 1214 ac
3140 1176 3266 1214 eon-

1717 1259 1894 1312 silium
1948 1259 2216 1318 inierunt,
2243 1256 2512 1325 quomodo
2548 1271 2667 1308 eum
2700 1255 2985 1324 perderent
3020 1272 3033 1306 :
3080 1253 3132 1307 in
3157 1267 3265 1320 quo

1717 1348 1805 1400 alii
1835 1347 2048 1416 quidem
2087 1348 2283 1417 capitis
2308 1347 2666 1409 damnabant;
2700 1346 2789 1398 alii
2819 1345 3173 1404 obsistebant,
3209 1351 3266 1396 ut

1716 1438 2040 1492 Nicodemus
2061 1439 2150 1504 qui
2181 1437 2392 1490 dicebat
2424 1456 2436 1491 :
2475 1435 2724 1503 Nunquid
2752 1436 2832 1487 lea:
2856 1445 3039 1488 nostra
3057 1433 3265 1501 judicat

1715 1531 1992 1590 hominem,
2026 1531 2129 1581 nisi
2157 1530 2302 1596 prius
2328 1528 2552 1580 audierit
2588 1528 2650 1580 ab
2677 1530 2784 1594 ipso
2806 1528 2892 1581 "?
2937 1525 3056 1580 Haec
3087 1527 3265 1594 itaque

1717 1623 2023 1693 prophetice
2056 1623 2290 1689 Spiritus
2332 1628 2554 1674 sanctus
2589 1621 2737 1672 hisce
2783 1619 2963 1672 verbis
3009 1618 3265 1670 vaticina-

1719 1727 1823 1773 tur.
1861 1706 2118 1781 Quoniain
2143 1715 2247 1768 vidi
2279 1714 2600 1781 iniquitatem
2628 1720 2673 1764 et
2717 1708 3175 1762 contradictionem
3209 1708 3265 1760 in

82 1804 204 1868 παρ’
232 1805 456 1866 uinci);
490 1806 650 1859 Ταῦτ’
695 1804 787 1859 οὖν
820 1807 1167 1878 προφητικῶς
1197 1809 1270 1860 τὸ·
1309 1807 1527 1878 Πνεῦμα
1557 1806 1616 1860 τὸ

1719 1810 1924 1862 civitate
1959 1807 2042 1860 die
2084 1823 2146 1859 ac
2187 1815 2350 1858 nocte.
2397 1805 2590 1873 Aperte
2635 1815 2792 1870 porro
2825 1798 3095 1868 Evangelii
3133 1801 3267 1852 scri-

84 1894 224 1957 Ξιγιον
255 1893 609 1957 ἀποθεσπίζει
639 1894 725 1947 διὰ
755 1896 861 1947 τῶν
888 1897 1251 1966 προκειμένων
1277 1897 1457 1962 λέγον·
1492 1898 1616 1949 Ὀτι

79 1978 227 2032 εἶδον
249 1984 506 2050 ἀνομίαν
527 1987 620 2038 καὶ
642 1987 985 2056 ἀντιλογίαν
1009 1988 1078 2039 ἐν
1104 1986 1177 2054 τῇ
1203 1990 1369 2046 πόλει
1399 1986 1617 2056 ἡμέρας

81 2074 164 2122 καὶ
191 2076 429 2138 νυκτός.
464 2077 650 2144 Σαφῶς
671 2078 726 2130 δὲ
767 2081 858 2130 καὶ
891 2079 921 2147 ἡ
949 2077 1039 2129 τοῦ
1078 2078 1402 2144 Εὐαγγελίου
1435 2080 1616 2150 γραφὴ

85 2168 335 2236 μαρτυρεῖ
382 2171 446 2238 τῇ
499 2171 832 2240 προφητείᾳ,
870 2171 959 2222 ἐπὶ
988 2170 1078 2221 τὸν
1123 2169 1380 2240 προδότην
1421 2169 1616 2221 Ἰούδαν

81 2255 373 2309 ὲκλαϐοῦσα
395 2257 475 2320 τὸ,
500 2260 565 2310 Ei
599 2263 629 2312 ὀ
661 2259 868 2326 ἐχθρὸς
897 2258 1164 2310 ὠνείδισέ
1181 2274 1256 2325 με
1276 2298 1288 2320 ,
1314 2257 1617 2324 ὑπήνεγκα

79 2347 172 2395 ἀν·
208 2347 302 2398 καί
341 2349 394 2400 el
416 2351 448 2400 ό
471 2347 666 2414 μισῶν
695 2365 790 2416 με,
821 2348 910 2399 ἐπ’
941 2346 1043 2415 ἐμὲ
1079 2347 1616 2415 ἐμεγαλορρημόνηυ

78 2453 196 2499 cer,
224 2438 488 2505 ἐκρύϐην
521 2438 596 2490 ἂν
623 2439 721 2491 ἀπ’
745 2437 947 2490 αὐτοῦ.
979 2438 1059 2489 Σὺ
1087 2437 1172 2499 δὲ,
1209 2437 1473 2504 ἄνθρωπε
1503 2439 1616 2490 ίσό-

79 2532 245 2594 ιέύχε.
272 2528 368 2581 καὶ
397 2528 463 2580 τὰ
504 2527 646 2596 ἑξῆς.
696 2530 844 2580 Ἐπεὶ
873 2528 1048 2580 τοίνυν
1093 2529 1184 2580 καὶ
1225 2530 1255 2597 ή
1311 2529 1616 2597 σύμφρασις
1662 2530 1664 2533 ’

80 2615 175 2664 τῶν
199 2615 371 2681 λόγων
407 2616 507 2667 οὐκ
553 2616 722 2678 ἄλλως
766 2616 1148 2687 πεπληρῶσθαι
1185 2617 1611 2687 ἀποδείκνυταιῆ

79 2704 155 2754 διὰ
174 2703 276 2754 τῶν
301 2706 383 2766 είς
407 2705 496 2755 τὸν
522 2705 744 2774 Σωτῆρα
767 2706 1182 2776 πεπραγμένων,
1207 2707 1240 2776 ἦ
1261 2723 1319 2758 τε
1351 2709 1614 2778 μαρτυρία

81 2794 166 2862 τῆς
192 2794 549 2863 εὐαγγελικῆς
578 2798 924 2866 παραθέσεως
950 2798 1041 2849 ἐπὶ
1077 2799 1164 2850 τὸν
1191 2799 1447 2870 προδότην
1493 2801 1617 2852 ἀνα-

81 2883 299 2951 φέρειτὺ
324 2883 613 2952 προλεχθὲν
655 2885 815 2955 μέρος
858 2884 950 2936 τοῦ
991 2883 1441 2954 ἀναγνώσματος·
1492 2886 1618 2938 ἀκό-

82 2969 250 3023 λουθον
277 2973 343 3024 ἂν
378 2973 461 3041 εἴη
489 2972 581 3024 καὶ
605 2974 748 3041 ἡμᾶς
776 2974 867 3025 ἐπὶ
891 2973 980 3025 τὸν
1011 2974 1194 3044 καιρὸν
1227 2975 1316 3027 τοῦ
1344 2975 1614 3047 Σωτηρίου

83 3062 267 3123 πάθους
295 3063 395 3132 τὴν
423 3061 699 3130 παροῦσαν
724 3063 965 3115 ὲκλαὸεἰν
993 3064 1338 3132 προφητείαν,
1367 3065 1529 3128 δεῖξαί
1556 3083 1614 3118 τε

1719 1907 1869 1966 ptura
1899 1895 2230 1964 prophetiam
2257 1893 2467 1953 asserit,
2493 1891 2602 1943 haec
2627 1891 2691 1943 de
2713 1888 2987 1958 proditore
3007 1885 3142 1939 Juda
3175 1901 3266 1938 ac-

1715 1989 1919 2058 cipiens
1940 2027 1955 2050 ,
2005 1988 2065 2040 Si
2089 1986 2329 2038 inimicus
2355 2000 2494 2036 meus
2526 1979 2882 2034 ntaledixisset
2925 1979 3072 2039 mihi,
3111 1980 3267 2032 susti-

1716 2081 1939 2132 nuissem
1955 2077 2130 2145 utique
2156 2092 2172 2126 :
2203 2083 2251 2128 et
2276 2075 2320 2126 si
2346 2075 2388 2126 is
2411 2074 2498 2146 qui
2529 2073 2707 2125 oderat
2737 2087 2834 2134 me,
2867 2086 3019 2137 super
3046 2085 3124 2121 me
3150 2087 3265 2121 nta-

1715 2189 1816 2239 gna
1877 2171 2080 2224 locutus
2141 2168 2358 2235 fuisset,
2395 2163 2776 2216 abscondissem
2825 2179 2904 2215 me
2949 2163 3169 2229 forsitan
3201 2161 3263 2213 ab

1714 2277 1792 2313 eo.
1860 2260 1935 2313 Tu
1965 2275 2078 2312 vero
2108 2257 2258 2310 homo
2303 2255 2598 2316 unanimis,
2651 2262 2703 2305 et
2727 2260 2941 2304 caetera.
2999 2250 3261 2315 Quoniam

1714 2364 1843 2415 ergo
1871 2349 2156 2402 verborum
2195 2345 2385 2400 seriem
2418 2359 2522 2397 non
2551 2343 2655 2395 alio
2687 2341 2866 2403 modo,
2900 2356 3059 2410 quam
3089 2344 3140 2392 in
3169 2343 3264 2394 ad-

1715 2438 1898 2492 missis
1941 2447 2128 2490 contra
2188 2436 2518 2490 Salvatorem
2569 2432 2937 2494 facinoribus,
2991 2432 3261 2501 impletam

1714 2543 1834 2581 esse
1861 2528 2275 2596 comprobatur;
2322 2533 2483 2594 atque
2511 2524 2832 2594 evangelicae
2876 2524 3152 2578 sententia;
3184 2530 3265 2575 te-

1715 2618 2024 2672 stimonium
2080 2626 2429 2671 memoratam
2482 2617 2728 2670 lectionis
2762 2624 2967 2685 partem
3002 2616 3064 2668 ad
3091 2615 3260 2683 prodi-
3331 2655 3340 2672 ι

1715 2720 1880 2762 torem
1913 2709 2103 2771 refert;
2134 2715 2552 2761 consentaneum
2587 2723 2717 2760 sane
2741 2707 2902 2759 fuerit
2923 2721 3022 2758 nos
3049 2721 3264 2773 quoque

1715 2796 1780 2850 de
1803 2805 2042 2865 tempore
2065 2794 2327 2848 Salutaris
2357 2794 2625 2863 passionis
2646 2794 2783 2846 hanc
2807 2793 3139 2861 prophetiam
3171 2807 3266 2845 ac-

1715 2896 2089 2954 etpere,atque
2118 2892 2544 2937 commonstrare
2571 2883 2777 2951 singula
2812 2882 2884 2935 ibi
2920 2882 3098 2944 allata,
3127 2889 3265 2934 tem--

1715 2993 1843 3045 pore
1870 2976 2185 3029 insidiarum
2215 2981 2402 3048 ‘coptra
2433 2974 2763 3027 Salvatorem
2792 2979 3070 3032 nostrum,
3106 2970 3262 3024 linem

1717 3067 2008 3134 accepisse.
2043 3063 2415 3134 lnscriptionis
2447 3065 2626 3131 itaque
2654 3062 2813 3116 verba
2834 3061 2943 3130 jam
2975 3062 3041 3114 ad
3067 3061 3266 3115 intelli-

81 3152 270 3203 ἕκαστα
301 3152 410 3202 τῶν
446 3154 503 3204 ὲν
533 3151 701 3223 ταύτῃ
722 3153 1027 3222 φερομένων
1056 3155 1111 3206 ὲν
1153 3154 1323 3224 καιρῷ
1353 3155 1448 3223 τῆς
1479 3156 1614 3207 κατὰ

1718 3157 1946 3224 gentiam
1981 3158 2245 3210 dictorum
2293 3170 2393 3209 nos
2441 3162 2750 3224 provocant,
2787 3162 2947 3223 atque
2993 3152 3060 3206 ad
3107 3153 3265 3206 littcm

80 3241 162 3292 τοῦ
190 3242 436 3312 Σωτῆρος
460 3241 612 3311 ἡμῶν
638 3241 921 3310 ἐπιϐουλῆς
951 3243 1131 3304 τέλους
1155 3245 1501 3314 τετυχηκότα.
1538 3245 1618 3298 Τά

84 3329 170 3394 μὲν
213 3325 305 3380 οὖν
349 3330 449 3397 τῆς
480 3329 793 3397 προγραφῆς
838 3330 930 3379 καὶ
976 3329 1068 3380 νῦν
1108 3333 1251 3399 ἡμᾶς
1283 3333 1374 3384 ἐπὶ
1409 3333 1618 3385 σύνεσιν

81 3418 315 3488 διεγείρει
344 3420 454 3471 τῶν
493 3418 891 3490 ἐμφερομένων,
933 3420 1024 3470 καὶ
1053 3423 1129 3482 είς
1163 3422 1222 3472 τὸ
1254 3422 1401 3484 τέλος
1424 3424 1478 3475 δὲ
1513 3441 1616 3475 πα-

85 3508 367 3576 ραπέμπει,
403 3508 491 3560 διὰ
517 3510 574 3560 τὸ
603 3510 690 3560 ἐπὶ
714 3509 985 3579 συντελείᾳ
1014 3508 1106 3560 τοῦ
1136 3510 1325 3571 αἰῶνος
1351 3513 1416 3563 δι’
1444 3512 1619 3583 ἔργων

85 3598 210 3649 αὐτά
235 3597 644 3668 πεπληρῶσθαι.
672 3600 894 3669 Εἴρηται
951 3599 1007 3651 δὲ
1055 3600 1147 3650 καὶ
1185 3599 1252 3651 ἐν
1288 3600 1525 3666 ὕμνοις⁸
1559 3604 1611 3671 ἢ,

87 3688 328 3742 κατά”τὸν
371 3691 620 3756 Ἀκύλαν,
649 3694 715 3745 ἐν
751 3692 1005 3761 ψαλμοῖς
1029 3712 1040 3723 ·
1071 3694 1125 3764 ἢ,
1156 3693 1292 3746 κατὰ
1344 3696 1431 3746 τὸν
1471 3697 1612 3766 Σύμ-

88 3796 262 3849 μαχον,
294 3780 392 3834 διὰ
420 3784 761 3850 ψαλτηρίων
779 3800 790 3812 ·
828 3783 1011 3852 ἐπειδὴ
1038 3784 1096 3835 τὸ
1125 3783 1270 3845 τέλος
1297 3784 1385 3835 τοῦ
1418 3787 1616 3852 πάθους

1718 3249 2012 3309 remittunt,
2047 3247 2172 3315 quia
2208 3246 2317 3298 haec
2351 3247 2401 3297 in
2430 3245 2894 3297 consummatione
2925 3244 3104 3298 saeculi
3147 3244 3265 3312 ipSu

1719 3352 1881 3406 opere
1914 3335 2150 3406 perfecta
2186 3345 2329 3389 sunt.
2396 3333 2603 3386 Dictum
2639 3348 2764 3386 vero
2792 3330 2910 3395 est,
2943 3335 2996 3386 in
3020 3333 3263 3401 hymnis;

1718 3431 1849 3490 sive,
1889 3428 2182 3482 secundum
2216 3425 2493 3494 Aquilam,
2530 3424 2582 3475 in
2611 3424 2862 3489 psalmis;
2898 3424 3044 3486 sive,
3071 3438 3267 3478 secun-

1721 3522 1846 3574 dum
1879 3517 2282 3588 Symmachum,
2315 3529 2403 3581 per
2431 3514 2682 3580 psalteria
2703 3553 2717 3575 ,
2757 3513 2881 3581 quia
2908 3513 3028 3566 linis
3055 3513 3265 3581 passio-

1721 3611 1804 3663 nis
1835 3607 2118 3663 Salutaris,
2149 3613 2363 3672 propter
2400 3604 2851 3656 resurrectionem
2885 3617 2945 3655 ac
2970 3602 3268 3670 redempto-

1723 3716 1838 3752 rum
1864 3698 2111 3758 salutem,
2145 3694 2377 3761 hymnis,
2403 3692 2671 3759 psalteriis
2692 3699 2743 3744 et
2776 3680 3001 3744 canticis
3026 3691 3267 3745 celebra-

1725 3799 1828 3842 tur.
1866 3785 1929 3837 Et
1963 3785 2073 3837 haec
2102 3782 2317 3852 quidem
2349 3783 2414 3835 de
2439 3783 2810 3856 inscriptione.

84 3872 167 3925 τοῦ
196 3874 469 3944 Σωτηρίου
496 3875 674 3945 ὕμνων
697 3878 787 3930 καὶ
811 3877 1138 3948 ψαλτηρίων,
1179 3876 1271 3929 καὶ
1302 3877 1449 3946 ᾠδῶν
1498 3886 1706 3952 μετεῖχε
1766 3882 1862 3949 τῆς
1910 3895 1968 3930 τε
2033 3876 2374 3938 ἀναστάσεως
2415 3876 2577 3929 αὑτοῦ
2638 3877 2796 3928 ἕνεκα
2830 3878 2922 3929 καὶ
2958 3877 3058 3946 τῆς
3097 3893 3265 3949 σωτηιο

88 3965 196 4032 pla;
223 3969 327 4021 τῶν
355 3969 424 4020 δι’
453 3971 620 4039 αὐτῆς
646 3970 1074 4040 λελυτρωμένων.
1119 3972 1225 4022 Καὶ
1265 3972 1481 4031 τοιαῦτα
1522 3977 1617 4044 μὲν
1655 3977 1719 4028 τά
1746 3976 1839 4043 τῆς
1862 3972 2202 4043 προγραφῆς.

149 4059 226 4112 Τά
249 4062 304 4114 δὲ
331 4064 432 4131 τῆς
453 4063 783 4131 προφητείας
815 4063 1116 4134 παρακαλεῖ
1137 4062 1225 4114 τὸν
1268 4064 1397 4116 Θεὸν
1439 4067 1622 4120 ἐνωτί-

91 4151 269 4203 σασθαι
301 4153 395 4204 τοῦ
429 4152 692 4219 λέγοντος,
721 4154 812 4205 καὶ
844 4154 984 4207 τοῦτ’
1011 4155 1156 4223 αὐτῷ
1193 4155 1403 4226 πρῶτον
1450 4176 1623 4228 παρα-

91 4243 222 4308 σχεῖν
244 4259 256 4270 ·
289 4239 406 4294 εἶτα
438 4242 700 4311 δεύτερον,
730 4243 928 4308 γνῶναι
957 4245 1051 4315 τὴν
1079 4244 1163 4297 διὰ
1192 4246 1287 4314 τῆς
1319 4251 1620 4320 προσευχῆς

1791 4066 1942 4131 Quod
1971 4064 2302 4133 prophetiam
2333 4079 2461 4118 vero
2489 4071 2728 4132 spectat,
2766 4069 2916 4132 rogat
2950 4062 3112 4115 Deum
3135 4100 3150 4124 ,
3187 4061 3263 4115 uti

1725 4173 1782 4211 se
1812 4157 2114 4224 loquentem
2146 4154 2434 4216 exaudiat,
2467 4164 2520 4208 et
2550 4154 2649 4205 hoc
2677 4153 2904 4221 primmn
2950 4150 3052 4204 sibi
3083 4150 3265 4204 confe-

1727 4258 1836 4314 rut;
1866 4246 2125 4306 secundo,
2154 4256 2211 4298 ut
2239 4246 2478 4299 attendat
2497 4242 2865 4297 ‘obsecrationi
2903 4257 2964 4296 ac
2994 4242 3261 4311 supplica-

88 4331 535 4399 ἀναπεμπομένην
562 4329 739 4397 δέησιν
768 4332 858 4382 καὶ
891 4333 1164 4403 ἱκετηρίαν
1189 4370 1202 4393 ,
1241 4333 1312 4402 μὴ
1352 4335 1619 4404 ὑπεριδεῖν

1725 4337 1856 4389 tioni
1886 4337 1954 4388 ab
1977 4351 2033 4388 se
2063 4350 2156 4402 per
2197 4335 2491 4387 orationem
2526 4330 2755 4392 emissa,
2793 4345 2889 4382 nec
2917 4344 3034 4382 eam
3083 4331 3262 4398 despi-

89 4434 140 4469 τε
165 4421 327 4490 αὐτήν
350 4438 363 4450 -
398 4421 491 4472 καὶ
513 4421 708 4489 τρίτον,
739 4423 834 4492 τὴν
864 4423 1189 4475 κατάστασιν
1217 4421 1504 4478 θεάσασθαι
1528 4425 1618 4479 τοῦ

90 4510 178 4576 τὴν
209 4510 510 4579 προσευχὴν
535 4510 957 4579 ἀναπέμποντος,
991 4515 1082 4566 καὶ
1106 4512 1273 4573 οὕτως
1301 4514 1455 4565 αὑτὸν
1493 4532 1619 4567 κατ-

92 4597 301 4661 ἀξιῶσαι
334 4601 436 4669 τῆς
473 4599 666 4652 ἑαυτοῦ
698 4603 860 4671 ἀκοῆς
880 4621 892 4632 ⁸
929 4605 1008 4656 διὸ
1049 4605 1284 4670 ἐπιλέγει
1309 4621 1321 4632 ·
1353 4605 1620 4672 Πρόσχες

89 4706 177 4753 μοι
206 4691 300 4743 καὶ
335 4690 698 4743 είσάκουσόν
728 4708 862 4758 μου.
900 4695 1104 4764 Ὥσπερ
1134 4696 1238 4764 γάρ
1273 4694 1506 4746 δυσωπεῖ
1532 4697 1620 4748 τὸν

93 4779 210 4832 Θεὸν
260 4783 448 4834 ἑαυτὸν
495 4781 697 4844 δεικνὺς
729 4783 756 4833 ὁ
791 4782 885 4850 τὴν
921 4787 1222 4854 προσευχὴν
1269 4785 1620 4853 ἀναπέμπων,

95 4873 176 4922 καὶ
218 4873 388 4939 λέγων
432 4873 510 4943 τῷ
542 4873 689 4943 Θεῷ’
728 4875 993 4941 Πρὸσχες
1028 4892 1161 4944 μοι·
1211 4876 1305 4946 τὴν
1338 4875 1390 4926 δὲ
1435 4877 1620 4930 ἑαυτοῦ

97 4960 408 5014 κατάστασιν
434 4964 724 5033 παρίστησι
753 4964 840 5015 καὶ
879 4964 1002 5031 ἑξῆς
1040 4966 1239 5032 λέγων·
1289 4966 1623 5034 Ἐλυπήθην

96 5049 156 5098 ἐν
185 5049 254 5115 τῇ
279 5050 604 5120 ἀδολεσχίᾳ
628 5041 767 5120 μου,
799 5054 893 5105 καὶ
919 5055 1244 5123 ἐταράχθην
1273 5057 1386 5108 ἀπὸ
1427 5057 1623 5125 φωνῆς

97 5140 314 5205 ἐχθροῦ,
342 5143 440 5194 καί
462 5143 578 5195 ἀπὸ
609 5146 862 5212 θλίψεως
885 5145 1244 5214 ἁμαρτωλοῦ.
1273 5145 1378 5216 Τὴν
1409 5148 1514 5218 γὰρ
1537 5148 1624 5200 λύ-

100 5245 194 5297 πην
225 5231 415 5284 ἑαυτοῦ
443 5232 676 5284 δείκνυσι
702 5235 778 5304 τῷ
803 5235 918 5305 Θεῷ
947 5238 1038 5288 καὶ
1083 5238 1179 5308 τὴν
1218 5241 1455 5309 ταραχὴν
1475 5279 1490 5303 ,
1533 5242 1625 5293 καὶ

99 5319 156 5386 ἦν
179 5337 332 5389 φησιν
353 5322 659 5392 ἀδολεσχίαν
685 5365 699 5390 ,
733 5327 823 5378 καὶ
855 5328 928 5389 ὡς
957 5327 1080 5391 ἀξια
1128 5329 1224 5397 τῆς
1266 5329 1454 5382 ἑαυτοῦ
1497 5331 1626 5383 θεω-

103 5413 227 5478 ρίας.
257 5413 365 5476 Διὸ,
394 5413 618 5478 τούτοις,
659 5417 838 5486 φησὶν,
863 5420 1110 5487 πρόσχες,
1152 5421 1295 5480 ὅπως
1323 5419 1613 5490 ἐλυπήθην,

101 5502 232 5564 ὅπως
277 5505 600 5575 ἐταράχθην,
654 5507 798 5568 ὅπως
863 5508 1165 5578 ἀδολεσχίας
1231 5508 1622 5581 πεπλήρωμαι·

103 5590 480 5663 ἀποδεξάμενος
525 5613 583 5649 τε
626 5597 811 5663 ταῦτα,
854 5598 1149 5652 ἐπάκουσόν
1204 5617 1322 5668 μου.
1373 5600 1529 5668 Λέγει
1573 5601 1648 5674 δὲκ

167 5745 209 5776 ⁸³
245 5745 398 5814 Joan.
426 5765 502 5804 vn
525 5790 539 5815 ,
573 5752 658 5807 Si.

1721 4428 1856 4490 ciat;
1889 4427 2076 4486 tertio,
2111 4425 2316 4477 orantis
2359 4420 2602 4474 allectum
2644 4421 2980 4482 consideret,
3008 4427 3059 4474 et
3085 4423 3156 4474 ita
3180 4424 3264 4476 di-

1722 4527 1917 4585 gnetur
1953 4527 2132 4569 aurem
2166 4513 2397 4580 praebere
2419 4550 2433 4571 ,
2466 4525 2632 4578 quare
2661 4511 2738 4563 sic
2767 4511 3003 4575 claudit,
3047 4512 3260 4575 Intende

1721 4607 1847 4659 muti
1892 4616 1940 4659 et
1985 4603 2175 4657 exaudi
2225 4618 2323 4655 me.
2373 4600 2504 4654 Nam
2548 4602 2639 4670 qui
2680 4604 2975 4655 orationem
3014 4602 3256 4666 ellundit,

1721 4700 1872 4766 quasi
1901 4697 2008 4748 Deo
2033 4709 2150 4747 sese
2178 4692 2614 4760 conspiciendum
2639 4693 2900 4761 praebens,
2933 4695 3177 4747 obsecrat
3205 4705 3257 4747 et

1723 4786 1796 4838 ait
1826 4785 1947 4852 ipsi;
1986 4781 2200 4834 Intende
2229 4782 2741 4853 miltic-stutumque
2771 4797 2924 4834 suum
2957 4792 3140 4851 postea
3162 4784 3256 4837 de-

1722 4876 1890 4930 clarat
1933 4875 2115 4928 dicens
2157 4893 2171 4929 :
2219 4873 2572 4927 Contristatus
2607 4891 2730 4926 sum
2778 4876 2831 4926 in
2887 4875 3255 4930 exercitatione

1722 4982 1854 5024 mea,
1884 4974 1930 5017 et
1961 4965 2293 5020 conturbatus
2325 4981 2438 5018 sum
2468 4982 2499 5016 a
2533 4981 2647 5018 race
2668 4964 2884 5026 inimici,
2911 4974 2957 5016 et
2987 4981 3019 5015 a
3045 4966 3265 5018 tribula-

1726 5059 1860 5109 tione
1900 5058 2204 5124 peccatoris.
2265 5055 2396 5109 Nam
2442 5056 2680 5110 dolorem
2710 5069 2863 5110 suum
2892 5053 3000 5109 Deo
3033 5058 3250 5110 exhibet

1728 5161 1936 5200 necnon
1992 5148 2451 5200 conturbationem
2475 5186 2490 5208 ,
2522 5156 2574 5201 ct
2598 5162 2714 5201 eam
2739 5161 2898 5214 quam
2930 5154 3084 5200 vocat
3108 5163 3258 5200 εχει-ο

1724 5237 2069 5302 citationem,
2116 5246 2296 5307 utpote
2343 5253 2460 5305 qua:
2503 5238 2664 5307 digna
2722 5238 2829 5290 sint
2881 5235 3262 5306 conspecti-bus

1724 5329 1861 5396 ejus.
1899 5328 2098 5397 Quare,
2133 5331 2238 5392 his,
2272 5331 2466 5398 inquit,
2498 5328 3032 5398 intende,-quomodo
3063 5330 3255 5380 contri-

1726 5428 1899 5473 status
1930 5420 2054 5482 sim,
2091 5419 2360 5489 quomodo
2395 5422 2766 5485 conturbatus,
2802 5428 2854 5474 et
2883 5418 3264 5475 exercitatione

1727 5509 1960 5577 repletus
1995 5527 2008 5562 :
2045 5519 2204 5580 atque
2256 5509 2340 5564 his
2390 5511 2700 5578 acceptatis,
2744 5508 2936 5564 exaudi
2980 5501 3081 5561 me.
3143 5506 3265 5560 llaec

1732 5613 1893 5668 porro
1926 5595 2142 5671 Spiritu'
2165 5601 2348 5655 divino
2376 5601 2583 5656 amatus
2625 5602 2877 5670 propheta
2911 5601 3073 5666 dicit,
3122 5601 3265 5654 futu-
