3966 6348
715 401 818 456 £79

1371 397 1636 454 EUSEBll
1673 396 2135 454 ΕΑΕΒΑΒΙΕΝΞΙΒ
2163 396 2249 452 ΟΡ

2351 395 2531 450 PARS
2567 393 2654 449 ΙΙΙ.
2695 425 2764 436 —
2805 389 3208 448 EXEGETICA.
3784 387 3862 442 ιεο

711 535 812 573 me.
863 517 1182 585 Aperuerunt
1211 524 1362 582 super
1392 532 1470 568 me
1496 532 1552 568 as
1597 531 1750 568 suum
1778 517 1911 568 sicut
1943 515 2021 569 leo
2050 517 2253 584 rapiant

2360 531 2494 584 μων,
2539 510 2704 575 λαϐὰς
2754 509 3056 581 Θηρώμενοι
3080 547 3095 570 ,
3140 507 3234 559 καὶ
3266 503 3554 566 ἐπιϐουλὰς
3598 504 3710 558 κατ’
3736 503 3863 556 αὐτοῦ

710 614 760 660 et
793 605 996 674 rugiens
1014 607 1080 657 ".
1102 603 1230 657 Nam
1251 603 1318 657 ibi
1347 617 1560 671 quoque
1588 605 1856 672 principes
1873 605 2048 674 populi
2065 605 2256 659 adum-

712 695 902 749 brabat
946 713 960 749 :
1011 695 1365 764 quamobrem
1405 706 1594 747 rursus
1638 708 1701 748 os
1745 709 1931 747 eorum
1974 703 2255 760 memorat,

713 783 784 838 ob
824 784 1048 838 consilia
1096 792 1148 837 et
1196 783 1422 837 insidias
1468 796 1653 836 eorum
1702 781 1984 838 adversum
2014 798 2074 839 se
2113 794 2260 840 stru-

713 883 850 928 ctss.

2361 605 2831 674 συσκευαζόμενοι.
2867 603 2931 654 '0
2977 599 3041 671 δὴ
3071 600 3164 652 καὶ
3201 599 3384 672 ἕτερος
3413 597 3658 666 ,ᾐνίττετο
3692 595 3867 664 ψαλμὸς

2359 694 2418 759 ἐξ
2437 694 2598 748 αὐτοῦ
2620 692 2905 765 προσώπου
2931 695 3105 763 φήσας
3122 709 3136 722 ·
3161 685 3650 759 Περιεκύκλωσάγ
3672 704 3744 755 με
3763 688 3867 741 ταί-

2353 803 2448 853 ροι
2474 786 2708 848 πολλοὶ,
2731 786 2949 853 μόσχοι
2986 784 3190 848 πίονες
3228 780 3548 850 περιέσχον
3581 795 3677 846 με.
3712 780 3864 830 Ἦνοι-

2361 877 2476 941 ξαν
2500 877 2592 928 ἐπ’
2620 876 2722 946 ἐμὲ
2752 876 2817 929 τὸ
2860 877 3052 944 στόμα
3082 873 3278 927 αὐτῶν
3319 873 3398 938 ὠς
3443 872 3598 925 λέων
3639 867 3868 936 ἁρπάζων

712 969 806 1020 καὶ
839 968 1188 1036 (ἱδρυόμενος.
1213 969 1388 1019 Κάκεῖ
1417 967 1522 1040 γὰρ
1557 970 1679 1032 τοὺς
1715 969 1979 1040 ἄρχοντας
2017 969 2258 1041 ᾐνίττετο
2285 971 2378 1024 τοῦ
2410 972 2537 1026 λαοῦ
2565 989 2576 1002 ο
2607 972 2684 1026 διὸ
2739 973 2897 1027 πάλιν
2951 972 3043 1025 τοῦ
3073 971 3336 1042 στόματος
3365 969 3539 1023 αὐτῶν
3571 966 3868 1037 ὲμνημόνευι

710 1059 797 1113 διὰ
826 1060 920 1121 τὰς
954 1061 1070 1112 κατ’
1095 1058 1256 1111 αὑτοῦ
1288 1059 1571 1123 ἐπιϐουλάς
1598 1078 1657 1113 τε
1686 1063 1776 1114 καὶ
1811 1061 2059 1128 σκέψεις.-

783 1148 846 1203 Ει
866 1165 997 1204 sane
1022 1150 1323 1218 cuiusmodi
1356 1167 1515 1206 voces
1539 1153 1602 1206 ad
1631 1151 1880 1206 Pontium
1913 1152 2144 1208 Pilatum
2168 1161 2256 1208 to-

710 1248 798 1293 tus
829 1238 1134 1293 Judaeorum
1169 1243 1398 1311 populus
1437 1252 1625 1295 contra
1669 1258 1790 1297 eum
1835 1245 2084 1309 ediderit,
2129 1261 2252 1299 nar-

712 1339 833 1384 rant
889 1331 1200 1401 Evangelia.
1261 1333 1411 1398 Quod
1446 1333 1585 1408 item
1655 1335 1709 1388 in
1765 1336 2023 1391 vicesimo
2079 1339 2253 1408 primo

710 1422 916 1491 psalmo
943 1421 1250 1476 declarabat
1272 1405 1456 1478 dicens
1484 1443 1497 1476 :
1524 1424 1783 1490 Quoniam
1803 1405 2252 1482 circumdederunt

708 1529 788 1567 me
837 1530 988 1567 canes
1041 1514 1220 1576 multi.
1279 1516 1553 1569 concilium
1599 1519 2003 1587 malignantium
2055 1520 2254 1576 obsedit

615 1616 619 1622 '
709 1621 788 1658 me
808 1605 872 1658 ".
903 1603 967 1657 Et
990 1604 1102 1659 haec
1121 1609 1298 1660 omnia
1326 1607 1378 1660 in
1411 1617 1701 1661 memorata
1731 1610 1862 1664 urbe
1893 1611 2245 1681 gerebantur:

707 1712 873 1766 quare
915 1698 967 1751 in
1015 1699 1262 1767 praesenti
1302 1700 1520 1764 dicitur,
1571 1700 1873 1770 Prwcipita,
1915 1702 2156 1767 Domine,
2199 1713 2249 1758 et

2424 1153 2531 1206 Καὶ
2545 1156 2573 1205 6
2595 1155 2699 1216 πᾶς
2714 1154 2771 1206 δὲ
2785 1153 2890 1205 τῶν
2918 1151 3177 1212 Ἰουδαίων
3191 1149 3315 1213 λαὸς
3335 1148 3524 1210 ὁποίας
3543 1147 3633 1200 ἐπὶ
3659 1146 3747 1198 τοῦ
3764 1147 3865 1198 Πον-

2355 1245 2466 1296 τίου
2494 1245 2720 1298 Πιλάτου
2751 1247 2867 1298 κατ’
2885 1242 3045 1296 αὐτοῦ
3068 1245 3376 1312 προσήκατο
3396 1239 3596 1311 φωνὰς,
3618 1240 3803 1308 ἱστορεῖ
3820 1239 3870 1291 τὰ

2355 1339 2673 1407 Εὐαγγὲλια.
2715 1340 2778 1392 Ὃ
2815 1337 2876 1406 δὴ
2909 1336 2999 1389 καὶ
3030 1335 3159 1387 αὐτὸ
3191 1334 3421 1404 παρίστη
3450 1335 3505 1384 ἐν
3533 1336 3629 1385 κα¹
3653 1329 3870 1399 ψύμῷό

2355 1428 2547 1483 εἰπών’
2594 1431 2718 1482 Ὀτι
2761 1425 3109 1481 ἐκύκλωσὰν
3145 1443 3221 1494 με
3248 1427 3426 1491 κύνες
3455 1424 3668 1478 πολλοὶ
3695 1463 3708 1487 ,
3752 1439 3868 1475 cvr-

2356 1519 2549 1590 αγωγὴ
2593 1516 3081 1585 πονηρευομένων
3131 1517 3449 1586 περιέσχον
3473 1533 3565 1584 με.
3597 1516 3704 1567 Καὶ
3732 1513 3868 1565 ταῦτα

2355 1613 2527 1666 πάντα
2551 1615 2608 1666 ὲν
2624 1615 2688 1682 τῇ
2710 1610 3004 1682 δηλουμένη
3028 1611 3320 1681 ἐπράττετο
3344 1608 3527 1660 πόλει·
3556 1607 3633 1658 διὸ
3659 1606 3868 1658 λέλεκται

2351 1707 2408 1759 ὲν
2436 1709 2543 1769 τοῖς
2573 1706 2979 1776 προκειμένοιςο
3028 1706 3505 1764 Καταπόντισον,
3554 1702 3751 1768 Κύριε,
3797 1700 3869 1749 mi

710 1791 879 1843 divide
912 1790 1114 1861 linguas
1157 1807 1356 1845 eorum.
1405 1791 1604 1845 Deinde
1636 1795 1914 1863 subjungit
1944 1813 1956 1847 :
1982 1795 2246 1860 Quoniam

2351 1798 2655 1852 καταδίελε
2687 1796 2790 1864 τὰς
2813 1796 3092 1866 γλώσσας
3111 1794 3334 1848 αὐτῶν-
3355 1791 3462 1848 Εἶτ’
3487 1793 3718 1860 ἐπιλέγει
3741 1808 3754 1821 ·
3779 1793 3869 1841 Ὀτι

708 1883 811 1937 vidi
850 1885 1174 1952 iniquitatem
1215 1893 1262 1935 et
1307 1883 1770 1936 contradictionem
1799 1885 1854 1937 in
1894 1887 2140 1940 civitate:
2167 1887 2250 1941 die

708 1989 769 2026 ac
821 1982 968 2026 nocte
1005 1973 1350 2026 circumdabit
1383 1991 1518 2040 eam,
1561 1982 1615 2030 et
1653 1983 1872 2042 extera;
1919 1992 2015 2046 pro
2051 1979 2250 2047 quibus

711 2063 1065 2134 Symmachus
1087 2065 1165 2118 sic
1189 2065 1680 2134 intet'pretatusiest
1704 2087 1716 2121 ε
1743 2067 2001 2132 Quoniam
2025 2070 2130 2123 vidi
2146 2071 2251 2124 vio-

709 2155 900 2208 lentam
931 2155 1254 2224 iniquitatem
1284 2164 1332 2209 et
1369 2157 1680 2223 injustitiam
1723 2159 1777 2210 in
1823 2159 2047 2223 civitate,
2070 2160 2153 2213 die
2190 2178 2250 2214 ac

707 2255 851 2300 nocte
871 2247 1273 2301 circumdantem
1301 2265 1474 2303 muros
1496 2249 1628 2317 ejus,
1651 2248 1884 2303 dolorem
1917 2260 1964 2303 et
1988 2252 2250 2304 miseriam

707 2346 846 2397 intra
878 2346 1064 2412 ipsam,
1097 2346 1454 2413 improbitates
1496 2346 1637 2397 intra
1676 2346 1864 2412 ipsa‘m,
1902 2346 2251 2414 inseparabile

707 2452 740 2488 a
768 2435 955 2503 plateis
981 2435 1093 2502 ejus
1127 2434 1380 2486 damnum
1429 2445 1476 2488 et
1506 2435 1781 2488 insultum.
1823 2435 2126 2504 lniquitatis
2156 2454 2250 2490 au-

707 2531 814 2578 tem
862 2538 1022 2590 opera
1061 2531 1236 2584 erant,
1275 2523 1512 2596 admissa
1553 2523 1606 2576 in
1657 2523 1988 2578 Salvatorem
2023 2527 2247 2592 scelera,

706 2622 760 2666 et
788 2613 1022 2666 violenta
1069 2627 1192 2667 vere
1227 2613 1500 2682 iniquitas.
1531 2611 1672 2673 Nam,
1701 2630 1793 2691 pro
1818 2631 1876 2668 eo
1925 2627 1979 2668 ut
2017 2634 2093 2671 me
2127 2619 2252 2671 dilf-

707 2712 899 2774 gerent,
929 2702 1119 2772 inquit,
1141 2702 1476 2756 detrahebant
1507 2701 1665 2788 milii;
1699 2715 1747 2758 et
1771 2712 2052 2774 posuerunt
2078 2708 2250 2762 adver-

708 2812 823 2849 sum
868 2812 946 2849 me
994 2796 1134 2848 mala
1193 2811 1285 2862 pro
1336 2794 1502 2859 bonis,
1545 2807 1594 2850 et
1632 2797 1806 2850 odium
1844 2815 1938 2866 pro
1980 2799 2251 2852 dilectione

709 2903 822 2940 mea
843 2887 908 2941 ".
942 2884 1310 2940 Contradictio
1357 2896 1534 2939 autem
1576 2894 1629 2940 et
1663 2888 1928 2954 iniustitia
1963 2889 2100 2956 apud
2132 2890 2250 2944 illos

672 2982 675 2985 ’
707 2987 842 3043 erat,
874 2979 1058 3033 multis
1094 2977 1322 3031 testibus
1353 2986 1546 3032 contra
1580 2993 1700 3030 eum
1733 2979 2130 3045 accedentibus,
2171 2984 2252 3034 ni-

712 3069 890 3138 hilque
929 3082 1113 3121 verum
1165 3073 1256 3118 aut
1303 3074 1726 3120 consentaneum
1775 3068 2098 3125 dicentibus.
2129 3069 2251 3125 Haec

707 3172 838 3212 vero
877 3171 981 3210 non
1015 3154 1101 3207 die
1144 3154 1336 3209 solum.
1393 3158 1485 3208 sed
1525 3165 1690 3208 noctu
1741 3172 1953 3227 quoque
1992 3161 2249 3229 gereban-
2278 3185 2317 3238 ρ

711 3260 818 3300 tur.
852 3245 942 3300 Sic
965 3246 1106 3300 enim
1129 3254 1288 3299 noctu
1315 3261 1527 3311 quoque
1548 3244 1740 3300 Petrus
1765 3249 2011 3318 abnegat,
2038 3250 2252 3319 quando

708 3335 875 3391 Judas
922 3351 1043 3389 cum
1090 3335 1307 3390 laternis
1357 3332 1408 3386 et
1454 3336 1791 3403 lampadibus
1835 3339 2083 3392 accessit.
2136 3337 2252 3391 Nox

711 3428 836 3481 item
870 3435 984 3481 erat
1018 3443 1138 3481 cum
1176 3428 1335 3482 modo
1357 3430 1422 3479 ad
1450 3428 1680 3487 Annam,
1714 3427 1872 3480 modo
1903 3429 1968 3481 ad
1996 3415 2250 3498 Gaiphani

712 3518 1050 3572 adducebant
1072 3534 1214 3580 eum,
1245 3520 1408 3572 nullis
1439 3533 1544 3571 non
1569 3519 1911 3571 contumeliis
1939 3519 2248 3573 allicientes.

717 3603 868 3657 Mane
897 3615 1068 3658 autem
1097 3608 1256 3673 facto,
1291 3607 1505 3675 ligantes
1531 3608 1855 3659 adduxerunt
1881 3623 1994 3660 eum
2013 3617 2059 3660 et
2086 3607 2253 3659 tradi-

716 3695 897 3750 derunt
931 3695 1103 3748 Pilato
1125 3699 1189 3758 ’⁷,
1208 3706 1259 3750 et
1292 3705 1483 3750 caetera
1507 3713 1622 3764 quae
1649 3699 1949 3764 passionem
1982 3704 2251 3767 spectant,

638 3815 641 3817 -
716 3795 964 3855 egerunt.
996 3785 1124 3850 Qua:
1169 3787 1346 3862 omnia
1397 3788 1587 3856 spiritu
1619 3789 1956 3856 prostiiciens
1996 3789 2253 3856 propheta

717 3878 796 3931 sic
828 3875 1216 3929 vociferabatur
1246 3897 1258 3931 :
1292 3879 1545 3943 Quoniam
1577 3880 1679 3932 vidi
1706 3880 2027 3949 iniquitatem
2058 3890 2104 3933 et
2132 3897 2255 3932 con-

718 3966 1075 4020 tradictionem
1127 3969 1178 4020 in
1212 3969 1437 4032 civitate,
1481 3970 1563 4022 die
1603 3987 1663 4022 ac
1700 3979 1843 4023 nocte
1871 3957 2252 4023 circumdantes

718 4062 903 4128 ipsam,
940 4059 1235 4115 secundum
1268 4059 1668 4131 Symmachum.
1701 4061 1763 4114 Et
1803 4065 1915 4116 haec
1946 4063 2160 4131 quidem
2197 4064 2251 4115 in

717 4154 949 4208 civitate.
994 4153 1151 4208 Circa
1193 4168 1377 4206 muros
1409 4151 1528 4220 ejus
1577 4161 1749 4205 autem
1791 4154 2047 4222 iniquitas
2095 4165 2146 4209 et
2175 4158 2252 4208 la-

719 4245 844 4306 bor;
875 4244 986 4297 sive
1016 4243 1309 4299 secundum
1334 4241 1736 4313 Symmachum,
1761 4245 1911 4296 dolor
1935 4254 1982 4296 et
2005 4236 2254 4301 miseria:

718 4333 1090 4402 signillcalque
1115 4348 1176 4386 ea
1204 4348 1322 4401 qua:
1359 4340 1509 4386 extra
1541 4317 1726 4385 urbem
1757 4345 1905 4402 gesta
1952 4344 2100 4397 sunt,
2132 4352 2253 4389 cum

717 4426 1002 4480 eilucenles
1057 4427 1231 4494 ipsum
1257 4425 1594 4480 adduxerunt
1620 4425 1672 4478 in
1709 4425 1884 4479 locum
1910 4425 2109 4480 dictum
2132 4427 2254 4482 Gol-

2347 1885 2506 1943 εἶδον
2534 1889 2788 1957 ἀνομίαν
2814 1889 2908 1940 καὶ
2947 1887 3291 1954 ἀντιλογίαν
3325 1886 3394 1938 ἐν
3420 1883 3493 1953 τῇ
3525 1886 3723 1937 πόλει·
3756 1881 3869 1950 ἠμέ-

2340 1997 2452 2047 ρας
2473 1981 2568 2035 καί
2596 1979 2815 2046 νυκτὸς
2840 1977 3135 2032 κυκλώσει
3156 1975 3348 2042 αὐτὴν
3363 2015 3377 2038 ,
3405 1975 3499 2028 καὶ
3515 1975 3584 2026 τὰ
3606 1975 3726 2044 ἑξῆς
3744 1991 3756 2002 ·
3779 1971 3868 2024 ἀνθ’

2348 2065 2421 2125 ὧν
2448 2074 2475 2124 6
2515 2071 2803 2142 Σύμμαχος
2836 2069 3022 2123 τοῦτον
3055 2069 3360 2139 ἡρμήνευσε
3395 2065 3485 2118 τὸν
3507 2064 3703 2136 τρόπον
3723 2080 3736 2093 ο
3768 2064 3868 2115 Ὀτι

2349 2163 2644 2231 ἐθεώρησα
2682 2163 2886 2226 βίαιον
2938 2161 3176 2214 ἀδικίαν
3229 2157 3328 2211 καί
3379 2155 3696 2210 ἀδικασίαν
3722 2155 3785 2207 ἐν
3815 2152 3868 2218 τῇ

2348 2255 2513 2306 πόλει
2539 2293 2552 2317 ,
2610 2253 2832 2321 ἡμέρας
2863 2252 2959 2305 καὶ
2992 2249 3211 2315 νυκτὸς
3245 2247 3583 2314 κυκλοῦντα
3609 2243 3784 2311 αὐτῆς
3818 2249 3869 2297 τὰ

2347 2347 2532 2414 τείχη,
2560 2344 2782 2411 ὀδύνην
2799 2345 2893 2396 καὶ
2923 2339 3314 2408 ταλαιπωρίαν
3334 2338 3511 2393 ἔνδον
3533 2334 3733 2403 αὐτῆς,
3754 2337 3868 2399 tan-

2341 2437 2507 2503 ρειάς
2529 2434 2706 2489 ἔνδον
2729 2431 2916 2500 αὐτῆς
2942 2473 2956 2496 ,
2979 2429 3308 2499 ἀχώριστον
3331 2427 3447 2481 ἀπὸ
3475 2425 3592 2480 τῶν
3614 2423 3870 2478 πλατειῶν

2347 2527 2534 2595 αὐτῆς
2580 2525 2789 2595 ξιιμίαν
2817 2523 2922 2576 καὶ.
2942 2523 3230 2575 ἐπίθεσιν.
3307 2517 3558 2588 Ἀνομίας
3589 2516 3643 2570 δὲ
3674 2517 3794 2587 ἔργα
3821 2512 3868 2584 ἦν

2347 2620 2413 2673 τὰ
2442 2619 2578 2671 κατὰ
2605 2615 2695 2669 τοῦ
2726 2615 2971 2684 Σωτῆρος
2998 2610 3338 2681 τολμώμενα.
3366 2609 3456 2662 καὶ
3490 2609 3660 2678 βίαιος
3683 2608 3751 2670 ὡς
3774 2608 3870 2675 ἁλη-

2350 2711 2454 2773 Θῶς
2481 2710 2675 2762 ἀδικία.
2719 2707 2864 2760 Ἀντί
2882 2707 2986 2777 γὰρ
3010 2702 3114 2758 τοῦ
3146 2689 3398 2772 ἀγαπᾷν,
3415 2703 3595 2773 φησιν,
3616 2700 3871 2754 ἐνδιέὄαῖ-

2347 2804 2460 2853 λόν
2486 2816 2585 2868 με·
2623 2799 2717 2851 καὶ
2751 2798 2950 2852 ἔθεντο
2984 2797 3111 2848 κατ’
3141 2793 3280 2864 ἐμοῦ
3309 2793 3458 2846 κακὰ
3489 2793 3622 2847 ἀντὶ
3650 2793 3867 2861 ἀγαθῶν,

2349 2890 2443 2944 καὶ
2461 2890 2636 2959 μῖσος
2654 2889 2784 2941 ἀντὶ
2805 2886 2912 2954 τῆς
2932 2884 3280 2955 ἀγαπήσεως
3301 2902 3430 2951 μου.
3461 2885 3578 2937 Ἀντ
3587 2885 3748 2952 ιλογία
3761 2885 3808 2936 δὲ
3819 2880 3869 2951 ἦν

2349 2982 2405 3033 ἐν
2423 2981 2601 3042 αὐτοῖς
2630 2979 2721 3031 καὶ
2741 2976 2992 3030 ἀδικασία
3018 3014 3031 3036 ,
3063 2975 3268 3027 πολλῶν
3283 2959 3368 3044 ’μα
3377 2973 3468 3044 ρτύ
3477 2991 3584 3044 ρων
3603 2974 3869 3044 παριόντων

2351 3070 2468 3120 κατ’
2484 3066 2665 3129 αὑτοῦ,
2688 3066 2779 3118 καὶ
2801 3065 2964 3136 μηδὲν
2985 3063 3176 3134 ἀληθὲς
3191 3063 3474 3133 σύμφωνον
3489 3063 3763 3131 λεγόντων.
3786 3064 3869 3114 Καὶ

2350 3157 2519 3211 ταῦτα
2553 3156 2845 3227 ἐπράττετο
2888 3156 2946 3207 οὐ
2981 3153 3045 3206 δι’
3079 3153 3286 3223 ἡμέρας
3319 3153 3501 3222 μόνον,
3538 3152 3670 3205 ἀλλά
3695 3151 3779 3204 καί
3805 3151 3870 3202 διὰ

2358 3248 2569 3309 νυκτός.
2605 3245 2758 3298 Οὕτω
2777 3245 2882 3315 γὰρ
2905 3245 2961 3297 ὲν
2981 3244 3130 3297 νυκτὶ
3148 3243 3346 3312 Πέτρος
3372 3245 3608 3312 ἀρνεῖται
3629 3282 3643 3305 ,
3668 3243 3748 3294 ὅτε
3776 3241 3870 3301 Ἰού,

2349 3338 2440 3399 δας
2472 3325 2602 3407 μετὰ
2636 3334 2812 3405 φανῶν
2837 3337 2927 3388 καὶ
2956 3335 3251 3404 λαμπάδων
3279 3333 3452 3404 ἐπῄει.
3502 3332 3658 3403 Ἀλλὰ
3685 3333 3769 3385 καὶ
3797 3329 3868 3394 νὺξ

2349 3425 2414 3498 ἦν
2458 3428 2541 3478 ὅτε
2570 3428 2776 3496 ἀπῆγον
2805 3427 2960 3480 αὺτὸν
2989 3427 3114 3480 ποτὲ
3149 3427 3244 3497 μὲν
3273 3426 3407 3496 πρὸς
3434 3427 3660 3487 Ἀνναν,
3690 3425 3804 3476 ποτὲ
3827 3423 3866 3473 δὲ

2352 3520 2443 3570 καὶ
2483 3519 2616 3588 πρὸς
2647 3518 2929 3585 Καϊάφαν,
2981 3517 3165 3588 ὕϐρεσι
3210 3517 3480 3581 παντοίαις
3532 3515 3863 3587 ἀτιμάζοντες.

2353 3613 2574 3677 Πρωΐας
2591 3627 2651 3663 τε
2679 3610 3017 3679 γενομένης,
3037 3608 3329 3674 δήσαντες
3352 3610 3536 3662 αὐτὸν
3559 3609 3772 3678 ἤγαγον
3793 3609 3861 3658 xa}

2353 3701 2695 3769 παρέδωκαν
2714 3700 2964 3764 Πιλὰτῳ,
2988 3700 3053 3752 τά
3079 3716 3132 3750 τε
3167 3699 3303 3751 κατὰ
3333 3699 3393 3751 τὸ
3425 3699 3589 3762 πάθος
3625 3702 3861 3768 ἐνήργουν.

2359 3793 2422 3843 Ἀ
2452 3793 2514 3862 δὴ
2544 3793 2716 3846 πάντα
2745 3789 2821 3861 τῷ
2868 3789 3130 3858 πνεύματι
3162 3787 3387 3858 προϊδὼν
3423 3791 3449 3840 ὁ
3476 3792 3746 3858 προφήτης
3764 3827 3775 3845 ,
3799 3788 3858 3838 ἀν

2353 3883 2543 3952 εφώνει
2572 3884 2759 3951 λέγων’
2815 3884 2940 3934 Ὅτι
2981 3877 3140 3933 εἶδον
3165 3881 3412 3950 ἀνομίαν
3437 3881 3534 3933 καί
3559 3881 3866 3947 ἀντιλογίαν

2352 3973 2419 4026 ἐν
2444 3971 2514 4040 τῇ
2531 3975 2698 4026 πόλει
2716 3972 2933 4042 ἡμέρας
2957 3973 3052 4026 καὶ
3080 3972 3293 4036 νυκτὸς
3318 3972 3657 4026 κυκλοῦντα
3683 3972 3861 4035 αὐτὴν,

2353 4063 2490 4116 κατά
2509 4065 2598 4116 τὸν
2616 4065 2923 4135 Σύμμαχον.
2952 4065 3058 4115 Καὶ
3077 4063 3242 4116 ταῦτα
3273 4065 3366 4134 μὲν
3394 4067 3450 4116 ὲν
3472 4067 3535 4134 τῇ
3567 4065 3710 4116 πόλει
3729 4080 3740 4092 ’
3763 4064 3861 4132 περὶ

2353 4153 2409 4204 δὲ
2440 4152 2504 4204 τὰ
2524 4153 2672 4223 τείχη
2702 4153 2870 4222 αὐτῆς
2897 4154 3090 4222 ἀνομία
3111 4155 3202 4206 καί
3221 4155 3399 4218 κόπος,
3424 4154 3478 4223 ἢ,
3496 4154 3634 4207 κατὰ
3656 4153 3738 4206 τὸν
3756 4154 3862 4219 Σύμ-

2356 4260 2523 4312 μαχον
2547 4283 2560 4307 ,
2609 4243 2790 4311 ὀδύνη
2821 4245 2918 4296 καὶ
2949 4245 3322 4310 ταλαιπωρία.
3350 4244 3607 4314 Σημαίνει
3639 4244 3693 4297 δὲ
3715 4245 3772 4296 τὰ
3801 4246 3863 4294 ὲκ-

2352 4335 2440 4398 τὸς
2470 4333 2566 4402 τῆς
2595 4335 2796 4397 πόλεως
2825 4333 3178 4404 πεπραγμένα
3199 4371 3212 4394 ,
3251 4334 3480 4403 ὁπηνίκα
3508 4334 3862 4400 κατεξαγαγόην-

2352 4443 2440 4489 τες
2485 4425 2640 4479 αὑτὸν
2672 4426 2870 4496 ἦγαγον
2902 4426 2980 4487 εἰς
3009 4424 3096 4477 τὸν
3146 4424 3426 4492 λεγόμενον
3458 4425 3619 4478 τόπον
3645 4422 3858 4491 Γολγοθά.

718 4516 896 4584 gotlia.
940 4513 1005 4566 Et
1037 4529 1155 4582 quae
1196 4515 1330 4569 loris
1378 4525 1495 4568 acta
1540 4523 1666 4571 sunt
1719 4516 1845 4569 talia
1885 4527 2057 4582 erant,
2099 4520 2248 4586 plena

2353 4521 2460 4572 Kal.
2477 4519 2542 4572 τὰ
2572 4520 2666 4589 μὲν
2691 4517 2794 4585 ἔξω
2813 4517 3033 4570 τοιαῦτα
3052 4513 3139 4586 ἦν,
3169 4515 3338 4586 μεστά
3363 4516 3573 4586 ἀληθῶς
3598 4516 3773 4584 ὀδύνης
3792 4515 3860 4564 καὶ

719 4618 847 4656 sane
882 4601 1068 4655 dolore
1108 4617 1170 4654 ac
1205 4604 1417 4673 miseria
1447 4621 1600 4673 :quze
1630 4621 1754 4659 vero
1788 4607 1953 4667 intus.
1996 4608 2252 4675 improbi-

722 4699 851 4753 tate.
887 4692 1080 4758 inquit,
1107 4692 1304 4744 damno
1332 4700 1384 4746 et
1416 4693 1616 4747 insultu
1643 4697 1836 4763 repleta
1866 4697 2005 4766 vidi;
2037 4698 2250 4764 injusti-

722 4780 792 4832 tia
817 4780 940 4833 item
971 4781 1024 4833 in
1056 4780 1232 4833 medio
1254 4781 1391 4849 ejus,
1422 4795 1469 4835 et
1499 4799 1599 4834 non
1635 4784 1817 4850 defecit
1847 4801 1909 4837 ex
1931 4786 2113 4852 plateis
2142 4786 2252 4854 ejus

723 4885 882 4923 usura
897 4881 944 4923 et
975 4870 1161 4932 dolus;
1187 4886 1281 4940 pro
1307 4889 1414 4942 quo
1437 4873 1648 4942 Aquila,
1681 4873 1904 4926 debitum
1931 4885 1978 4928 et
2008 4876 2254 4928 insultum

724 4960 1104 5030 interpretatus
1127 4971 1244 5025 est;
1277 4962 1630 5032 Symmachus
1653 4979 1802 5025 vero,
1827 4964 2073 5018 damnum
2101 4979 2150 5019 et
2173 4968 2254 5019 in-

725 5047 940 5106 tuitum.
971 5049 1126 5106 Omni
1159 5055 1355 5123 quippe
1386 5056 1646 5107 malorum
1681 5070 1873 5123 genere
1904 5057 2254 5124 implebantur

727 5141 817 5210 qui
846 5140 1071 5197 insidias
1097 5145 1151 5199 iu
1176 5143 1508 5198 Szilvatorem
1538 5152 1778 5199 nostrum
1809 5156 2138 5203 struxerunt.

795 5314 958 5374 Vens.
990 5321 1173 5374 13-15.
1235 5323 1494 5386 Quoniam
1539 5322 1586 5374 si
1624 5323 1864 5375 inimicus
1911 5338 2050 5375 meus
2096 5325 2258 5377 male-

726 5408 942 5464 dixisset
980 5412 1127 5476 mihi,
1166 5414 1524 5486 sustinuissent
1551 5413 1754 5480 utique;
1780 5422 1827 5466 et
1855 5413 1900 5465 si
1928 5413 1993 5473 is,
2027 5415 2112 5482 qui
2142 5415 2256 5468 ode-

729 5510 812 5552 rat
846 5516 942 5562 me,
975 5518 1125 5570 super
1152 5517 1230 5554 me
1270 5517 1454 5566 magna
1489 5501 1688 5555 locutus
1721 5504 1922 5570 luisset,
1954 5503 2252 5558 abscondis-

731 5607 836 5645 sem
857 5608 935 5645 me
951 5594 1170 5660 forsitan
1199 5591 1263 5645 ab
1285 5608 1365 5646 eo.
1390 5592 1468 5646 Tu
1496 5608 1632 5656 vero,
1659 5593 1806 5655 homo
1843 5593 2120 5659 unanimis,
2149 5595 2255 5648 dua:

2345 4608 2709 4678 ταλαιπωρίας
2733 4624 2744 4636 ·
2767 4607 2924 4659 πάλιν
2939 4605 2992 4658 δὲ
3007 4605 3072 4657 τά
3089 4604 3229 4657 ἔνδον
3243 4607 3410 4676 αὐτῆς
3429 4645 3442 4666 ,
3465 4605 3736 4674 ἐπηρείας.
3758 4602 3859 4668 φησὶ

2347 4701 2440 4752 καὶ
2490 4698 2685 4769 ζημίας
2715 4680 2807 4751 καὶ
2852 4696 3140 4760 ἐπιθέσεως
3185 4692 3322 4748 εἶδον
3368 4686 3570 4765 μεστά·
3609 4694 3775 4746 ἀδικία
3816 4705 3856 4739 τε

2347 4782 2412 4855 ἦν
2438 4787 2493 4836 ὲν
2519 4787 2663 4854 μέσῳ
2688 4785 2858 4853 αὐτῆς
2878 4823 2892 4846 ,
2933 4784 3166 4837 καὶούκ
3197 4783 3470 4846 ἐξέλιπεν
3505 4782 3572 4834 ἐκ
3605 4780 3855 4846 τῶνβαρ-

2350 4873 2516 4928 τειῶν
2529 4874 2710 4942 αὐτῆς
2736 4876 2907 4939 τόκος
2923 4873 3021 4927 καὶ
3035 4873 3212 4938 δόλος
3231 4891 3243 4904 ⁸
3264 4872 3380 4926 ἀνθ’
3394 4866 3455 4924 οὗ
3475 4873 3502 4923 6
3524 4873 3619 4942 μὲν
3648 4869 3855 4929 Ἀκύλας,

2352 4962 2584 5032 ὄφλημα
2612 4965 2707 5017 καί
2738 4965 3020 5027 ἐπίθεσιν,
3053 4965 3418 5034 ἡρμήνευσενο
3454 4965 3483 5014 6
3509 4961 3562 5013 δὲ
3589 4960 3854 5032 Σύμμαχος.

2355 5051 2557 5121 ζημίαν
2570 5056 2663 5107 καὶ
2686 5055 2968 5108 ἐπίθεσιν.
2996 5053 3214 5106 Πάντων
3233 5052 3337 5121 γὰρ
3355 5050 3526 5121 πεπλή
3536 5068 3698 5122 ρωντο
3710 5050 3855 5103 κακῶν

2354 5144 2400 5194 οἱ
2433 5143 2528 5213 τὴν
2569 5146 2706 5197 κατὰ
2741 5145 2830 5198 τοῦ
2861 5144 3104 5215 Σωτῆρος
3141 5143 3292 5214 ἡμῶν
3319 5142 3599 5215 ἐπιϐουλὴν
3633 5157 3853 5196 συσκευα-

2358 5235 2592 5303 σάμενοι.
2847 5241 2850 5244 ’

2429 5327 2572 5387 Ὅτι,
2605 5330 2652 5379 εί
2676 5327 2882 5395 ἐχθρὸς
2910 5325 3174 5379 ὠνείδισέ
3205 5342 3308 5393 με,
3339 5325 3641 5395 ὑπήνεγκα
3671 5325 3755 5384 ἂν,
3783 5320 3852 5374 καὶ

2356 5419 2406 5469 εί
2433 5419 2464 5469 δ
2489 5417 2680 5486 μισῶν
2701 5436 2777 5488 με
2805 5419 2894 5470 ἐπ’
2925 5416 3026 5485 ἐμὲ
3051 5418 3698 5486 ἐμεγαλορῤτυιόνησεν,
3723 5412 3850 5478 ἐκρύ-

2361 5509 2471 5573 ϐην
2496 5505 2571 5560 ἂν
2600 5507 2917 5561 (tractos.
2941 5506 3022 5558 Σὺ
3053 5506 3137 5572 δὲ,
3167 5507 3430 5574 ἄνθρωπε
3463 5508 3727 5574 ισόψυχε.
3753 5504 3849 5566 ἣτε·

2355 5596 2480 5666 μων
2672 5597 2766 5652 καὶ
2797 5596 3020 5666 γνωστέ
3037 5615 3174 5666 μου,
3209 5598 3275 5661 ὃς
3302 5598 3398 5650 ἐπὶ
3423 5597 3486 5651 τὸ
3523 5595 3667 5651 αὐτὸ
3686 5594 3846 5648 elixa-

773 5769 842 5828 ,”
882 5767 1023 5824 Psal.
1055 5785 1178 5834 ut,
1213 5772 1296 5833 i3,
1329 5774 1408 5826 14.
1484 5774 1527 5804 ’⁸
1567 5772 1692 5837 ibid.
1736 5775 1812 5829 l7.
1889 5776 1932 5806 9‘
1972 5774 2113 5830 Psal.
2148 5792 2306 5844 cmi,
2340 5778 2467 5843 4,5.
2543 5781 2584 5810 ’⁷
2630 5777 2814 5834 Matth.
2852 5791 3019 5839 xxvii,
3068 5776 3116 5840 i,
3151 5773 3203 5826 2.
