3958 6340
637 435 740 489 488

1306 436 1570 495 EUSEBll
1606 440 2074 498 CESARIENSIS
2110 443 2256 499 OI’P.
2303 443 2479 500 PARS
2515 437 2602 500 ΙΙΙ.
2641 471 2708 488 -υ
2743 443 3150 500 EXEGETICA.

3738 448 3840 504 ιει

636 549 745 600 vita
799 545 1007 618 seipsos
1047 558 1419 618 segregarunt,
1455 535 1814 621 Salvatorque
1859 563 2055 610 noster
2072 555 2156 608 vit:

2282 558 2459 610 τοίνυν
2491 558 2711 619 ἑαυτοὺς
2741 556 2838 626 τῆς
2870 555 3013 627 ζωῆς
3034 557 3083 609 oi
3113 555 3426 628 δηλούμενοι
3453 557 3835 628 κεχωρίιοασινν

633 646 787 705 erat;
820 655 942 694 nam
971 640 1107 709 quod
1140 641 1338 709 factum
1368 654 1445 696 est
1477 646 1533 696 in
1560 646 1672 712 ipso
1704 647 1811 698 uita
1839 657 1973 707 erat,
1995 657 2045 701 st
2074 650 2179 702 uita

631 739 746 783 erat
777 729 868 782 lux
886 730 1152 783 hominum
1178 733 1192 762 ⁸
1219 751 1234 797 ;
1264 732 1386 801 jure
1422 748 1544 786 cum
1574 750 1692 789 sese
1721 737 1788 790 ab
1813 737 1931 805 ipso
1964 753 2180 807 separa-

632 820 825 884 verint,
867 822 1026 874 morti
1075 822 1269 876 anima!
1323 823 1518 876 traditi
1548 831 1849 879 suntxnon
1878 826 2019 894 quod
2062 819 2179 896 ipsa

631 921 1008 981 corrumpatur
1036 921 1130 966 aut
1161 914 1425 972 deleatur.
1462 914 1515 967 in
1548 916 1775 969 nihilum
1811 917 2055 985 redacta;
2086 919 2177 974 sed

629 1001 771 1070 quod
808 1004 995 1058 vivens
1041 1003 1132 1056 illa
1174 1014 1227 1058 et
1269 1004 1561 1058 immortali
1611 1013 1801 1058 natura
1837 1009 2080 1076 praedita,
2125 1010 2178 1063 in

629 1092 882 1161 praedicta
910 1102 1083 1148 morte
1110 1101 1378 1148 versetur.
1407 1093 1585 1160 Quare
1618 1096 1821 1150 dictum
1846 1106 1928 1152 est
1957 1117 1969 1152 :
2000 1098 2066 1150 Et
2088 1099 2178 1153 de-

627 1170 874 1240 scendant
897 1188 951 1240 in
983 1188 1510 1263 infernumuiuentes.
1548 1187 1664 1244 Non
1693 1190 1834 1244 enim
1873 1192 2174 1245 animarum

625 1275 1048 1331 destructionem
1085 1278 1166 1331 his
1217 1279 1554 1348 signiﬁcabat
1588 1299 1599 1333 :
1640 1280 1823 1334 Veniat
1849 1299 1988 1336 mors
2025 1299 2175 1351 super

625 1367 778 1432 illos;
832 1369 924 1424 sed
978 1370 1374 1438 separationem
1434 1387 1462 1425 a
1514 1373 1642 1433 vita,
1701 1389 1819 1442 quae
1879 1375 2172 1428 secundum

627 1457 788 1512 Deum
827 1466 928 1523 est,
976 1468 1029 1514 et
1061 1461 1452 1516 habitationem
1499 1461 1553 1515 in
1600 1461 1833 1517 inferno.
1867 1463 2001 1517 Num
2039 1465 2173 1519 forte

625 1549 851 1611 dicatur,
892 1550 998 1604 alio
1042 1551 1203 1604 modo
1230 1552 1472 1607 viventes
1502 1555 1651 1624 ipsos
1694 1557 1746 1608 in
1780 1555 2047 1609 infernum
2081 1557 2200 1613 ἀει.

622 1640 916 1703 scendisse,
953 1641 1004 1694 in
1031 1641 1219 1695 nOtitia
1249 1642 1456 1698 scilicet
1489 1651 1800 1713 peccantes,
1833 1660 1895 1698 ac
1937 1645 2171 1700 scientes

620 1732 832 1800 quidem
878 1733 1211 1787 Salvatorem
1251 1748 1374 1790 esse
1415 1734 1692 1790 Christum
1750 1735 1876 1798 Dei,
1903 1737 2016 1790 sed
2063 1752 2170 1791 non

617 1824 1128 1880 essesimulantes?
1158 1825 1338 1899 Quare
1390 1827 1614 1896 perinde
1661 1837 1823 1896 atque
1865 1828 2074 1882 Dathan
2117 1837 2171 1884 et

2279 645 2345 719 ἦν
2376 650 2431 702 δὲ
2453 651 2480 701 6
2508 649 2694 719 Σωτὴρ
2720 647 2872 717 ἡμῶν
2904 651 2936 718 ἠ
2961 648 3071 720 ζωή
3090 666 3103 678 ο
3143 651 3209 700 Ὃ
3231 648 3434 718 γέγονε
3456 649 3562 720 γὰρ
3587 649 3656 702 ὲν
3681 651 3838 715 αὐτῷ

2281 740 2392 806 ζωὴ
2426 737 2541 810 ἦν,
2593 723 2703 794 καί
2736 742 2774 808 τ)
2816 739 2925 808 ζωὴ
2974 731 3056 810 ἦν·
3078 745 3142 792 τὸ
3178 741 3298 809 φῶς
3335 741 3453 794 τῶν
3477 730 3833 806 ἀνθρώπων

2281 832 2528 893 εἰκότως,
2555 829 2953 900 ἀποτμηθέντες
2983 830 3144 883 αύτοῦ
3163 870 3176 894 ,
3207 830 3282 901 τῷ
3307 830 3407 900 τῆς
3428 830 3601 902 ψυχῆς
3625 832 3835 902 Θανάτῳ

2280 920 2646 991 παρεδόθησαν
2665 937 2678 950 ο
2697 921 2793 991 οὐχ
2811 919 2949 973 ὥστε
2968 918 3237 990 φθαρῆναι
3252 921 3418 992 αὐτὴν
3436 923 3527 974 καί
3541 922 3834 991 ἀφανισθῆ-

2278 1031 2362 1065 ναι
2391 1014 2469 1075 εἰς
2491 1012 2552 1064 τὸ
2581 1010 2653 1082 μὴ
2674 1011 2731 1064 ὃν
2753 1012 3076 1082 χωρήσασαν
3097 1048 3111 1072 ,
3145 1010 3256 1063 ἀλλ’
3290 1009 3428 1062 ὥστε
3460 1011 3639 1074 ζῶσαν
3667 1012 3833 1084 αὐτὴν

2278 1105 2370 1158 καὶ
2402 1104 2659 1156 ἀθάνατον
2690 1103 2788 1174 τὴν
2818 1103 3001 1156 οὐσίαν
3035 1101 3374 1172 κεκτημένην
3406 1104 3462 1154 ὲν
3488 1101 3565 1172 τῷ
3591 1101 3832 1172 λεχθέντι

2277 1195 2488 1265 θανάτῳ
2519 1195 2742 1263 διάγειν.
2808 1194 2900 1246 Διὸ
2933 1192 3218 1246 λέλεκται·
3272 1193 3378 1246 Kal
3405 1193 3832 1262 καταόήτωσαν

2276 1290 2357 1352 εὶς
2390 1287 2533 1352 ᾅδου
2565 1285 2789 1351 ζῶντες.
2838 1286 2910 1338 Ού
2968 1285 3056 1338 τὸν
3087 1283 3387 1355 ἀφανισμὸν
3416 1283 3600 1355 ψυχῶν
3643 1283 3831 1353 ἐδήλου

2275 1378 2443 1446 λέγων
2465 1395 2477 1407 ’
2518 1376 2769 1430 Ἐλθέτω
2794 1375 3046 1441 θάνατος
3070 1376 3160 1429 ἐπ’
3186 1375 3402 1442 αὐτοὺς
3422 1415 3436 1437 ,
3461 1375 3593 1427 ἀλλὰ
3615 1375 3706 1427 τὸν
3728 1376 3832 1427 ἀπὸ

2275 1470 2370 1538 τῆς
2398 1467 2534 1521 κατὰ
2563 1466 2693 1520 Θεὸν
2723 1464 2866 1537 ζωῆς
2894 1466 3166 1536 χωρισμὸν
3188 1504 3202 1527 ,
3231 1466 3325 1518 καὶ
3356 1465 3454 1535 τὴν
3479 1466 3557 1528 είς
3583 1465 3674 1516 τὸν
3701 1463 3832 1534 ᾅδην

2274 1561 2603 1630 κατοίκησιν.
2653 1561 2874 1629 Μήποτε
2916 1557 2972 1610 δὲ
3003 1558 3096 1610 καὶ
3126 1556 3297 1620 ἄλλως
3342 1556 3538 1621 ζῶντες
3568 1559 3648 1620 είς
3702 1557 3832 1627 ᾅδου

2271 1649 2538 1719 κατῄεσαν
2562 1687 2574 1710 ,
2609 1650 2664 1700 ὲν
2695 1646 2891 1714 γνώσει
2914 1647 3310 1718 ἁμαρτάνοντες
3328 1677 3346 1712 ,
3376 1648 3469 1699 καὶ
3495 1646 3698 1708 ειδότες
3734 1645 3833 1715 μὲν

2269 1741 2358 1794 τὸν
2388 1741 2611 1811 Σωτῆρα
2635 1739 2710 1802 ὡς
2740 1739 2900 1802 αὐτὸς
2924 1734 2976 1805 εἴ
2999 1740 3028 1791 6
3059 1739 3288 1809 Χριστὸς
3317 1737 3409 1790 τοῦ
3437 1737 3572 1790 Θεοῦ
3597 1778 3611 1801 ,
3665 1753 3832 1807 προσι

2271 1833 2576 1902 ποιούμενοι
2600 1830 2655 1883 δὲ
2685 1831 2758 1900 μὴ
2787 1825 2925 1883 εἶναι
2947 1847 2960 1894 ;
2989 1829 3079 1882 Διὸ
3100 1831 3190 1883 καὶ
3217 1830 3414 1899 ὁμοίως
3438 1831 3552 1892 τοῖς
3578 1828 3710 1900 περὶ
3728 1831 3830 1880 Acs-'-

616 1914 816 1989 Abiron
838 1916 857 1945 ²
883 1917 1030 1985 ipsos
1068 1914 1464 1985 deglutiendos,
1496 1925 1659 1985 atque
1701 1919 1756 1970 in
1786 1917 2057 1994 infernum
2091 1920 2156 1972 vi-

2268 1925 2364 1977 θὰν
2395 1925 2488 1977 καὶ
2532 1921 2774 1994 Ἀσηρὼν
2828 1921 3296 1992 καταποθήσεσθαι
3327 1923 3420 1974 καὶ
3468 1922 3698 1985 αὐτοὺς,
3753 1921 3834 1982 είς

615 2014 798 2058 ventes
831 2003 1193 2059 descensuros
1234 2019 1359 2059 esse
1390 2005 1732 2074 pmuntiat.
1782 2005 1888 2060 Pro
1935 1991 2027 2061 illo
2067 2023 2165 2062 au-

613 2104 739 2162 tem,
767 2095 1030 2166 Nequitia:
1056 2097 1110 2149 in
1137 2095 1550 2151 habitationibus
1579 2115 1779 2162 eorum,
1807 2101 1859 2153 in
1890 2100 2058 2154 medio
2083 2118 2170 2154 eo-

612 2203 729 2240 rum
753 2204 771 2251 ;
800 2202 926 2241 nam
968 2197 1268 2243 conventus
1293 2196 1348 2242 et
1373 2190 1602 2244 concilia
1629 2189 1892 2245 adversus
1926 2189 2167 2246 Salvato-

611 2293 726 2331 rem
761 2278 1005 2347 improba
1046 2277 1216 2341 fuere,
1250 2278 1445 2348 Aquila
1489 2280 1621 2339 dicit
1653 2300 1664 2334 :
1699 2280 1959 2347 Quoniam
1993 2285 2168 2353 nequi-

610 2370 700 2421 tia.-
725 2369 776 2421 in
803 2370 1190 2423 conuersatione
1213 2387 1412 2427 eorum.
1439 2371 1575 2438 Quia
1605 2389 1733 2443 ergo
1761 2389 1868 2427 non
1904 2391 2000 2444 pro
2020 2376 2165 2430 bono

609 2463 1032 2529 conveniebant,
1083 2473 1137 2517 et
1182 2464 1626 2519 conversationes
1673 2465 2012 2535 conciliaque
2061 2465 2164 2520 im-

610 2547 774 2617 proba
806 2547 1036 2616 inibant,
1063 2550 1188 2618 jure
1212 2550 1540 2626 vaticinatur
1578 2551 1668 2621 qui
1720 2551 1844 2609 ﬁnis
1881 2569 1974 2610 eos
2009 2568 2162 2610 exce-

609 2646 800 2707 pturus
830 2640 927 2696 'sit.

676 2838 838 2895 Vens.
873 2841 1052 2896 17-20.
1097 2840 1207 2913 Ego
1245 2837 1316 2896 ad
1345 2839 1508 2895 Deum
1530 2841 1777 2909 clamaui,
1808 2851 1860 2896 et
1902 2841 2156 2896 Dominus

602 2933 822 2986 saluauit
857 2950 955 2998 me,
982 2941 1035 2988 et
1062 2941 1277 2988 caetera.
1311 2929 1560 2997 Etiamsi,
1598 2933 1796 3003 inquit,
1823 2933 2016 3002 spiritu
2041 2947 2158 3002 pro-

603 3025 817 3092 phetico
868 3025 1195 3087 illustrante,
1248 3022 1486 3078 futuram
1525 3023 1580 3076 in
1624 3030 1920 3078 memorata
1943 3023 2159 3077 civitate

601 3113 939 3185 iniquitatem
976 3114 1332 3186 prospiciens,
1379 3113 2065 3170 admodum'contristatus
2098 3114 2155 3168 in

599 3209 989 3265 exercitatione
1014 3218 1235 3273 mea,et
1265 3208 1628 3264 conturbatus
1657 3208 1796 3274 sim;
1823 3215 2060 3264 attamen
2093 3201 2162 3266 θ-

2273 2013 2397 2084 ᾇδου
2427 2030 2486 2065 τε
2516 2013 2721 2077 ζῶντας
2752 2011 3148 2082 καταϐήσεσθαι
3181 2011 3556 2083 προαγορεύει.
3599 2011 3746 2064 ’Δντὶ
3775 2011 3830 2063 δὲ

2271 2104 2364 2156 τοῦ
2385 2146 2398 2170 ,
2431 2091 2713 2172 Πονηριαι
2742 2103 2812 2156 ἐν
2833 2102 2962 2167 ταῖς
2992 2101 3320 2169 παροικίαις
3350 2099 3544 2156 αὐτῶν
3574 2100 3643 2153 ἐν
3662 2099 3833 2169 μέσῳ

2270 2191 2493 2248 αὺτῶνο
2528 2184 2636 2246 τ’ὦν
2686 2192 2794 2264 γὰρ
2842 2190 2980 2244 κατὰ
3018 2188 3113 2242 τοῦ
3149 2189 3398 2260 Σωτῆρος
3429 2187 3743 2259 γινομένων
3775 2190 3830 2242 al

2272 2282 2557 2344 συστάσεις
2588 2281 2762 2345 καὶαι
2795 2282 2935 2334 κατὰ
2982 2277 3042 2331 τὸ
3072 2278 3204 2332 αὐτὸ
3228 2277 3430 2330 σύνοδοι
3463 2278 3701 2349 πονηραὶ
3733 2292 3842 2346 γε·-

2268 2373 2455 2441 γόνασι
2476 2411 2491 2435 ,
2519 2371 2598 2425 διὸ
2625 2373 2720 2425 καὶ
2747 2373 2776 2424 6
2815 2370 3047 2433 ’Δκύλας
3073 2370 3269 2441 φησίνέ
3301 2369 3418 2423 Ὀτι
3453 2370 3734 2437 πονηρίαι
3761 2369 3833 2424 ἐν

2266 2461 2604 2532 συστροφῇ
2637 2461 2850 2516 αὐτῶν.
2927 2461 3077 2515 Ἐπεί
3120 2460 3317 2514 τοίνυν
3379 2461 3478 2514 οὐκ
3518 2461 3614 2512 ἐπὶ
3676 2458 3831 2530 καλῷ

2268 2555 2610 2624 συνήρχοντο,
2669 2553 2972 2625 συστροφάς
3018 2569 3079 2606 τε
3124 2553 3219 2606 καὶ
3256 2551 3538 2614 συστάσεις
3584 2550 3831 2622 πονηρὰς

2264 2644 2572 2710 ἐποιοῦντο,
2629 2644 2850 2709 εἰκότως
2906 2644 3196 2701 ἐθέσπισεν
3225 2643 3407 2699 ὁποῖον
3463 2643 3661 2709 αὐτοὺς
3709 2642 3828 2696 δια-

2264 2734 2487 2806 λήψεται
2520 2736 2688 2799 τέλος.
3187 2735 3190 2739 ’

2345 2848 2490 2918 Ἐγὼ
2516 2849 2665 2917 πρὸς
2686 2851 2834 2902 Θεὸν
2859 2848 3169 2917 ἐκέκραξα,
3199 2853 3297 2902 και
3326 2852 3359 2904 ὁ
3387 2853 3603 2918 Κυριος·
3625 2855 3828 2904 ἔσωσέ

2257 2956 2332 3008 με
2352 2979 2368 3005 ,
2397 2940 2490 2992 καὶ
2522 2940 2590 2992 τὰ
2618 2937 2763 3010 ἑξῆς.
2799 2940 2862 2993 Ei
2891 2942 2981 2993 καὶ
3007 2941 3076 2994 τὰ
3105 2941 3355 3011 μάλιστα,
3388 2922 3541 3011 φησι,
3565 2942 3644 3013 τῷ
3667 2940 3830 2995 πνεύ-

2264 3048 2392 3102 ματι
2436 3031 2513 3102 τῷ
2545 3032 2863 3104 προφητικῷ
2889 3034 2986 3104 τὴν
3019 3029 3311 3103 μέλλουσαν
3342 3032 3664 3104 γενήσεσθαι
3698 3035 3826 3088 ἀνο-

2263 3121 2390 3191 μίαν
2422 3123 2478 3175 ὲν
2499 3124 2564 3192 τῇ
2589 3121 2942 3193 προλεχθείσῃ
2972 3121 3122 3175 πόλει
3149 3120 3507 3190 θεασάμενος,
3535 3119 3823 3193 ἐλυπήθην

2258 3214 2316 3266 ἐν
2348 3216 2410 3284 τῇ
2457 3213 2738 3284 ἀδολεσχίᾳ
2768 3230 2883 3283 ,μου
2903 3252 2918 3278 ,
2954 3214 3046 3265 καὶ
3076 3211 3416 3284 ἐταράχθηνο·
3437 3212 3587 3283 ὅμως
3619 3211 3662 3264 δ’
3699 3200 3818 3279 οὖν,

601 3315 724 3354 nem
751 3300 1062 3370 exitumque
1101 3315 1282 3354 rerum
1323 3299 1692 3370 conspicatus,
1734 3300 1871 3356 bene
1901 3301 2026 3355 novi
2065 3315 2152 3356 me

2258 3302 2320 3356 τὰ
2353 3302 2478 3372 τέλη
2512 3301 2734 3356 συνιδὼν
2760 3301 2866 3354 τῶν
2897 3290 3228 3372 πραγμάτων
3247 3339 3262 3365 ,
3292 3295 3350 3352 εὖ
3382 3294 3498 3364 οἷδ’,
3535 3299 3619 3352 δτι
3640 3338 3654 3362 ,
3691 3297 3831 3370 βοή·-

601 3395 922 3448 clamantem
953 3393 1019 3446 ad
1050 3384 1235 3456 Deum,
1269 3407 1375 3446 non
1402 3393 1718 3448 derelictum
1743 3393 1845 3458 iri;
1881 3393 1976 3449 sed
2004 3407 2158 3448 com-

603 3485 784 3539 munis
829 3482 1124 3540 Salvatoris
1151 3485 1327 3555 gratia
1357 3484 1423 3538 ad
1450 3501 1536 3541 me
1568 3501 1742 3555 usque
1783 3485 2150 3556 perveniente,

599 3576 824 3630 salutem
866 3590 1142 3646 assequar.
1180 3576 1303 3632 Haec
1345 3586 1524 3646 autem
1552 3576 1821 3648 Propheta
1854 3577 2152 3645 secundum

597 3664 738 3719 LXX
763 3665 913 3733 dicit,
943 3668 1087 3738 quod
1116 3667 1354 3722 futurum
1379 3676 1496 3722 erat
1523 3670 1675 3738 quasi
1703 3668 2034 3739 praeteritum
2059 3683 2154 3739 ex—

597 3758 843 3828 plicans;
870 3769 1037 3828 quare
1063 3758 1268 3814 dictum
1312 3766 1395 3815 est
1421 3777 1433 3811 :
1457 3759 1566 3830 Ego
1608 3759 1677 3813 ad
1707 3738 1874 3814 Deum
1902 3738 2148 3826 οιαηιαῦί,

595 3856 645 3900 ιι
671 3846 926 3901 Dominus
956 3848 1174 3910 saluauit
1208 3864 1288 3902 me
1321 3863 1349 3902 :'
1365 3855 1420 3902 at
1461 3849 1760 3904 secundum
1793 3851 2030 3920 reliquos
2064 3850 2152 3904 in-

596 3947 881 4011 terpretes,
913 3941 1027 3994 haec
1060 3941 1239 3995 futura
1269 3943 1612 3997 vaticinatur.
1644 3942 1837 4013 Aquila
1867 3951 2013 3997 certe
2036 3943 2146 3996 ait:

590 4031 709 4102 Ego
730 4031 798 4084 ad
822 4031 986 4085 Deum
1009 4035 1217 4098 uocabo,
1241 4026 1290 4087 οἳ
1313 4033 1565 4087 Dominus
1589 4034 1812 4088 saluabit
1837 4050 1948 4097 me;
1973 4033 2153 4088 Theo-

593 4127 748 4180 dotio
791 4133 972 4180 autem
1008 4124 1153 4196 :Ego
1189 4124 1258 4178 ad
1290 4124 1455 4179 Deum
1491 4126 1750 4189 clamabo,
1799 4135 1848 4179 et
1890 4125 2148 4199 Dominus

593 4216 815 4272 saluabit
875 4233 974 4270 me.
1020 4215 1155 4270 Cum
1204 4216 1346 4270 enim
1393 4215 1520 4269 talia
1573 4225 1762 4269 contra
1811 4214 2146 4270 Salvatorem

2257 3411 2355 3458 σας
2386 3393 2521 3465 πρὸς
2546 3393 2635 3448 τὸν
2659 3392 2825 3456 Θεὸν,
2875 3393 2934 3445 ού
2968 3391 3464 3464 καταλειφθήσομαι
3485 3429 3500 3457 ,
3552 3392 3818 3463 τεύξομαι

2251 3486 2308 3539 δὲ
2343 3486 2643 3557 σωτηρίας,
2687 3484 2786 3556 τῆς
2831 3484 2926 3538 τοῦ
2957 3484 3131 3538 κοινοῦ
3170 3485 3416 3555 Σωτῆρος
3445 3484 3665 3554 χάριτος
3721 3485 3819 3539 καὶ

2254 3578 2443 3650 μέχρις
2470 3563 2604 3649 ἐμοῦ
2637 3576 3044 3648 διασησομὲνης.
3079 3578 3240 3646 Λέγει
3267 3577 3323 3630 δὲ
3348 3575 3518 3630 ταῦτα
3549 3577 3579 3629 6
3609 3577 3819 3647 προφή·

2250 3686 2348 3740 της
2366 3708 2380 3725 .
2409 3669 2548 3724 κατὰ
2572 3670 2668 3739 μὲν
2697 3669 2822 3732 τοὺς
2853 3668 3274 3740 Ἐὁδομήκοντα,
3296 3667 3355 3720 τὺ
3386 3667 3574 3738 μέλλον
3593 3665 3817 3721 ἔσεσθαι

2249 3759 2326 3823 ὡς
2357 3757 2681 3832 παρῳχηκδς
2705 3757 3018 3830 ἑρμηνεύων
3035 3775 3050 3787 ο
3081 3757 3160 3810 διὸ
3187 3757 3450 3810 λέλεκταιο
3498 3755 3637 3826 Ἐγὼ
3661 3755 3817 3823 πρὸς

2248 3851 2353 3903 τὸν
2378 3851 2526 3905 Θεὸν
2548 3850 2858 3918 ἐκέκραξα,
2887 3847 2984 3902 καὶ
3010 3851 3042 3918 ῤ
3072 3849 3284 3914 Κύριος
3307 3846 3501 3917 ἔσωσέ
3522 3863 3599 3915 με
3617 3859 3631 3876 ⁸
3668 3845 3818 3899 κατὰ

2247 3941 2304 3994 δὲ
2329 3942 2453 4004 τοὺς
2473 3940 2690 4003 λοιποὺς
2711 3937 3048 4011 ἑρμηνευτᾶς
3063 3959 3086 4003 ι,
3119 3936 3452 4008 μελλητικῶς
3476 3937 3817 4008 προφητεύει

2247 4034 2341 4083 καὶ
2369 4031 2559 4084 ταῦτα.
2616 4030 2673 4082 ’0
2703 4028 2832 4097 γοῦν
2877 4027 3104 4090 Ἀκύλας
3132 4013 3292 4100 φησίν
3311 4044 3324 4058 ⁸
3360 4025 3506 4095 Ἐγὼ
3524 4026 3678 4094 πρὸς
3706 4027 3817 4081 τὸν

2249 4124 2396 4177 Θεὸν
2413 4121 2668 4187 καλέσω,
2681 4121 2779 4174 καὶ
2795 4122 3006 4188 Κύριος
3025 4121 3208 4175 σώσει
3221 4137 3317 4190 με’
3334 4120 3428 4172 καὶ
3440 4121 3470 4172 6
3481 4118 3779 4172 Θεοδοτίων
3796 4136 3812 4151 ·

2257 4215 2404 4284 Ἐγὼ
2419 4214 2568 4283 πρὸς
2586 4214 2691 4267 τὸν
2706 4213 2847 4269 Θεὸν
2865 4213 3219 4284 κεκράξομαι
3233 4252 3248 4277 ,
3269 4212 3373 4271 καὶ,
3387 4213 3604 4279 Κύριος
3623 4210 3814 4266 σώσει

592 4307 951 4378 perpetranda
975 4309 1104 4374 sint,
1127 4325 1227 4381 ego
1251 4308 1343 4379 qui
1367 4310 1517 4377 prius
1535 4307 1797 4370 dixeram,
1857 4304 1958 4360 Cor
1981 4319 2147 4360 meum

2258 4325 2334 4361 us.
2390 4306 2510 4360 Τῶν
2554 4306 2840 4379 γὰρ-κατὰ
2879 4297 2982 4359 ’τοῦ
3024 4305 3274 4377 Σωτῆρος
3317 4305 3815 4378 τολμηθησομένων

591 4399 958 4451 conturbatum
985 4409 1062 4453 est
1091 4402 1145 4454 in
1171 4416 1269 4465 me,
1297 4411 1342 4453 et
1372 4397 1601 4468 formido
1626 4397 1810 4449 mortis
1844 4395 2027 4449 cecidit
2055 4412 2146 4449 su-

586 4504 678 4559 per
710 4507 790 4545 me
811 4505 830 4543 :
859 4492 1014 4545 timor
1045 4500 1093 4546 et
1125 4501 1318 4545 tremor
1343 4498 1589 4548 uenerunt
1627 4504 1783 4558 super
1818 4505 1918 4552 me,
1950 4499 1998 4541 et
2025 4504 2146 4542 con-

589 4592 828 4637 temnt
858 4600 938 4636 me
969 4584 1216 4648 tenebris;
1251 4583 1365 4637 haec
1398 4597 1593 4651 passus
1622 4582 1691 4635 ob
1717 4580 2140 4651 speculationem

2244 4399 2494 4453 τοιούτων
2517 4399 2682 4452 ὄντων
2699 4441 2714 4464 ,
2739 4397 2849 4467 ἐγὼ
2873 4399 2901 4452 6
2929 4398 3188 4470 πρότερον
3207 4394 3440 4467 εἰρηκὼς
3460 4434 3476 4459 ,
3506 4397 3578 4451 Ἦ
3592 4396 3815 4464 καρδία

2237 4508 2357 4561 μου
2381 4489 2671 4559 ἐταράχθη
2697 4490 2768 4543 ἐν
2793 4488 2943 4559 ἐμοὶ,
2972 4489 3071 4542 καὶ
3092 4488 3285 4547 δειλία
3311 4485 3569 4541 θανάτου
3589 4486 3812 4542 ἐπέπε-

2244 4597 2358 4635 σεν
2378 4581 2471 4634 ἐπ’
2486 4579 2618 4649 ἐμέ·
2663 4581 2846 4649 φόϐος
2866 4579 2964 4634 καὶ
2990 4580 3203 4648 τρόμος
3219 4575 3407 4648 ἦλθεν
3426 4577 3519 4630 ἐπ’
3537 4577 3644 4645 ἐμὲ
3663 4618 3683 4645 ,
3708 4578 3811 4633 m1

588 4676 947 4730 revelatarum
991 4690 1198 4738 rerum,
1250 4675 1319 4728 ad
1367 4673 1533 4728 Deum
1587 4672 1838 4728 clamavi.
1881 4671 1974 4727 Ille
2016 4687 2143 4727 vero

2258 4670 2509 4741 ὲκάλυψέ
2522 4688 2599 4741 με
2615 4674 2837 4738 ’σκότος
2851 4711 2866 4737 ,
2890 4669 3063 4725 ταῦτα
3086 4669 3269 4726 παθὼν
3292 4669 3378 4724 διὰ
3403 4669 3504 4740 τὴν
3529 4669 3640 4724 τῶν
3670 4673 3812 4723 ἀπο-

588 4778 697 4817 non
743 4762 1070 4832 despiciens,
1103 4761 1358 4831 dignatus
1388 4769 1473 4816 est
1516 4762 1630 4817 haec
1664 4761 1795 4816 mihi
1845 4762 2142 4832 conspicua

587 4869 809 4924 ponere,
852 4862 911 4908 ut
940 4854 1183 4908 tristiora
1216 4855 1366 4923 prius
1395 4853 1785 4922 declaraverat,
1825 4855 1904 4910 sic
1935 4856 2141 4910 laetiora

582 4947 695 5015 jam
726 4946 955 5011 obtulit;
996 4959 1189 5013 nempe
1213 4942 1540 5023 _Salvatoris
1571 4946 2051 5009 resurrectionem,
2085 4955 2142 5001 et

586 5039 704 5108 ejus
740 5037 882 5108 apud
913 5035 1129 5097 Patrem
1168 5036 1415 5105 gloriam.
1448 5034 1628 5104 Atque
1662 5035 1775 5110 haec
1800 5037 2011 5104 videns,
2045 5052 2136 5093 sa-

586 5130 749 5194 lutem
779 5137 971 5182 nactus
1012 5141 1132 5182 sum
1159 5144 1172 5179 :
1198 5139 1367 5195 quare
1394 5125 1534 5184 dico,
1569 5119 1678 5194 Ego
1708 5127 1776 5177 ad
1821 5125 1987 5179 Deum
2019 5127 2133 5182 cla-

585 5220 742 5281 mari,
770 5227 819 5273 et
848 5217 1099 5271 Dominus
1122 5217 1342 5271 saluauit
1366 5233 1464 5270 me.
1491 5214 1736 5274 Salutem
1761 5233 1888 5272 vero
1915 5227 2131 5284 nactus,

581 5311 819 5366 nondum
870 5319 1048 5365 tametl
1104 5310 1346 5382 quiesco,
1403 5325 1575 5378 neque
1625 5324 1841 5364 cessare
1877 5326 2131 5380 possum;

581 5406 674 5460 sui
707 5403 943 5473 praedico
963 5403 1321 5470 omnibusque
1352 5400 1662 5456 hominibus
1684 5402 1967 5464 annuntio,
1999 5418 2128 5454 nar.

578 5512 706 5551 rans
749 5495 979 5564 singulis
1027 5493 1218 5547 diebus
1253 5499 1308 5546 et
1336 5492 1505 5553 boris.
1546 5501 1709 5562 atque
1740 5495 1992 5548 omnibus
2045 5509 2130 5547 rc-

578 5589 831 5642 nuntians
875 5584 1144 5639 mirabilia
1181 5593 1234 5638 et
1268 5584 1556 5653 stupenda,
1585 5600 1705 5655 quae
1751 5585 1805 5638 in
1855 5596 2044 5640 sancto
2074 5593 2129 5641 et

577 5678 891 5749 prophetico
921 5676 1118 5747 Spiritu
1146 5676 1541 5745 contemplatus
1585 5675 2127 5744 sum.'Quamobrcm

650 5835 662 5863 '
705 5829 856 5883 Joan.
895 5847 945 5895 ι,
984 5830 1036 5896 3,
1062 5830 1113 5884 4.
1191 5832 1210 5860 ²
1249 5829 1404 5886 Νυω.
1437 5844 1597 5896 xxvi,
1632 5829 1710 5901 9.}

2243 4761 2615 4839 καλυφθέντων
2650 4780 2738 4834 μοι
2769 4763 2894 4816 θέαν
2920 4802 2935 4827 ,
2965 4762 3100 4833 πρὸς
3129 4759 3220 4814 τὸν
3240 4759 3371 4813 Θεὸν
3406 4757 3700 4831 ἐκέκραξα.
3750 4760 3809 4813 ὐ

2240 4856 2316 4919 δὲ,
2354 4855 2428 4927 μὴ
2452 4840 2695 4929 παριδών
2726 4873 2813 4926 με,
2847 4853 3146 4924 κατηξίωσε
3168 4852 3378 4924 φανερά
3411 4867 3500 4922 μοι
3527 4852 3809 4922 καταστῆ-

2242 4964 2362 5012 σαι,
2385 4945 2571 5020 ὥσπερ
2588 4948 2659 5002 τὰ
2680 4945 2976 5018 σκυθρωπὰ
3000 4944 3262 5015 πρότερον
3284 4942 3491 4996 ἐδείκνυ
3510 4982 3526 5006 ,
3543 4942 3689 4996 οὕτω
3709 4945 3806 4998 καὶ

2239 5040 2307 5092 τὰ
2337 5041 2659 5111 φαιδρότερα
2681 5055 2695 5069 ο
2730 5038 2870 5107 λέγω
2896 5037 2953 5090 δὲ
2982 5036 3076 5088 καὶ
3110 5034 3207 5105 τὴν
3238 5034 3530 5088 ἀνάστασιν
3559 5034 3651 5088 τοῦ
3684 5035 3803 5089 Σωδ

2239 5131 2398 5200 τῆρος
2428 5132 2521 5184 καὶ
2556 5129 2651 5201 τὴν
2682 5128 2831 5200 παρὰ
2861 5126 2938 5196 τῷ
2970 5125 3144 5215 Haupt
3167 5124 3342 5215 δόξαν.
3399 5125 3508 5215 Καὶ
3538 5125 3713 5180 ταῦτα
3745 5128 3805 5180 δὲ

2243 5217 2364 5272 ἰδὼν
2383 5259 2398 5282 ,
2427 5219 2632 5290 ἐσώθην
2652 5236 2665 5248 ‘
2694 5219 2774 5271 διό
2803 5233 2941 5286 φημι
2962 5231 2976 5246 ⁸
3022 5214 3167 5284 Ἐγὼ
3193 5213 3341 5283 ,πρὸς
3366 5213 3472 5269 τὸν
3499 5218 3649 5270 Θεὸν

2239 5309 2445 5376 κραξα,
2474 5312 2570 5364 καὶ
2591 5311 2804 5378 Κύριος
2825 5307 3019 5361 ἔσωσέ
3037 5323 3131 5376 με.
3151 5305 3348 5370 Σωθεὶς
3375 5307 3430 5359 δὲ
3453 5308 3635 5361 οὐκέτι
3662 5309 3802 5379 ἦρε*

2239 5401 2322 5472 μῶ
2345 5443 2361 5467 ,
2395 5401 2513 5456 οὐδὲ
2538 5401 2763 5472 ἡσυχίαν
2781 5401 2933 5467 ἄγειν
2958 5399 3190 5471 δύναμαι
3206 5415 3228 5428 ·’
3270 5398 3406 5454 ἀλλὰ
3425 5399 3681 5470 κηρύττω
3704 5398 3802 5453 καὶ
3820 5433 3835 5460 ρ

2234 5494 2437 5556 πάντας
2462 5491 2779 5563 ἀνθρώπους
2818 5473 3270 5562 εὐαγγελίζομαι,
3315 5489 3671 5560 διηγούμενος
3708 5491 3800 5558 ιφ’
3849 5481 3852 5484 ’

2234 5585 2465 5654 ἑκάστης
2495 5584 2704 5655 ἡμέρας
2735 5583 2830 5637 καὶ
2855 5582 3000 5655 ὧρας
3025 5596 3048 5648 ,,
3073 5577 3428 5652 ἀπαγγέλλων
3457 5598 3517 5635 τε
3549 5585 3628 5645 είς
3654 5581 3806 5634 πάν-

2231 5692 2328 5739 τας
2356 5675 2495 5747 ᾇπερ
2528 5679 2585 5731 ἐν
2619 5677 2756 5744 ἁγίῳ
2783 5675 3050 5748 πνεύματι
3075 5675 3154 5748 τῷ
3180 5672 3795 5748 «memissth
