3966 6348
43 444 141 500 485

1146 433 1642 497 (ἸΟΜΗΕΝΤΑΒΙᾹ
1681 433 1744 486 IN
1772 435 2108 493 PSALMOS.

3121 448 3224 503 £80

46 569 324 639 θαυμαστὰ
353 568 451 622 καὶ
474 565 762 644 παράδοξα.
816 565 904 618 Διό
936 581 1102 636 φημιο
1164 565 1446 631 Ἐσπέρας
1482 561 1576 614 καὶ

1690 558 1804 611 dico
1830 579 1841 613 :
1873 560 2086 630 Vespere
2112 571 2162 615 et
2190 561 2339 627 mane
2365 572 2412 617 et
2437 562 2664 629 meridie,
2697 567 2925 621 narrabo
2952 578 3002 622 et
3023 586 3226 624 annun-

46 663 183 729 πρωί
216 661 317 715 καὶ
342 660 709 730 μεσημϐρίας
736 657 1092 726 διηγήσομαι
1124 656 1219 712 καὶ
1252 655 1582 722 ἀπαγγελῶ.

58 757 213 825 Ἑμοῦ
241 755 297 808 δέ
327 755 504 808 ταῦτα,
523 751 746 822 βοῶντος
774 754 850 814 είς
876 752 1077 812 πάντας
1104 749 1246 815 ἐξότε
1276 750 1367 803 καὶ
1401 749 1589 818 μέχρις

48 848 275 915 ἑσπέρας
298 887 312 904 _.
346 847 404 897 ἐν
446 847 590 918 αὐτῷ
628 865 686 898 τε
717 844 792 913 τῷ
829 843 1173 912 ἀκμαιοτάτῳ
1204 841 1340 908 φωτὶ⁵
1368 841 1465 911 τῆς
1503 857 1589 909 με-

50 935 342 1004 ημόρινῆς
398 935 607 1005 ἡμέρας
639 934 704 986 τὰ
757 933 996 1000 σωτήρια
1044 931 1171 998 τέλη
1203 930 1586 1001 κηρύττοντος,

47 1028 451 1079 είσακούσεται
470 1027 578 1093 τῆς
603 1026 802 1093 φωνῆς
821 1041 936 1091 μου
955 1026 982 1075 6
1007 1022 1204 1091 ταύτης
1225 1021 1322 1088 τῆς
1342 1019 1591 1089 γνώσεως

50 1116 404 1181 καταξιώσαςο
424 1116 517 1168 καὶ
537 1114 714 1167 οὐκέτι
740 1115 836 1183 μὲν
850 1111 1202 1182 ταράττεσθαι
1224 1112 1277 1162 ὲν
1302 1111 1422 1180 ἐμοὶ
1443 1110 1590 1161 ἐάσει

48 1207 136 1272 τὴν
165 1205 391 1274 καρδίαν
427 1222 526 1274 μου
547 1244 560 1267 ,
603 1203 722 1256 οὐδὲ
753 1202 849 1271 τὴν
876 1200 1069 1253 δειλίαν
1094 1199 1184 1251 τοῦ
1218 1198 1441 1251 θανάτου
1471 1200 1590 1248 ὲπι-

51 1297 249 1349 κεῖσθαί
284 1314 393 1366 μοι.
424 1294 604 1348 Ταῦτα
622 1295 676 1347 δὲ
693 1295 864 1347 πάντα
883 1290 1212 1362 παραγαγὼν
1235 1332 1247 1353 ,
1269 1293 1359 1342 καὶ
1380 1291 1592 1343 διασκε-
1609 1315 1623 1328 ο

49 1389 201 1450 δάσας
224 1388 325 1457 τῆς
362 1389 496 1459 ἐμῆς
533 1387 738 1457 ψυχῆς,
773 1385 1097 1465 λυτρώσεται
1124 1383 1288 1454 αὐτὴν
1315 1384 1370 1433 ὲν
1403 1384 1589 1454 εἰρήνῃ

49 1484 145 1533 ἀπὸ
163 1481 268 1532 τῶν
287 1480 529 1551 θορυϐεῖν
547 1479 714 1549 αὐτὴν
731 1477 1032 1531 ἐθελόντων.
1057 1475 1145 1527 Διό
1177 1492 1333 1544 φημι·
1365 1473 1590 1541 Avi-pdi-

50 1588 203 1626 σεται
227 1571 344 1638 τὴν
363 1570 568 1638 ψυχήν
589 1586 708 1638 μου
733 1569 800 1620 ὲν
828 1569 1029 1635 ειρήνῃ
1058 1565 1172 1619 ἀπὸ
1203 1565 1316 1617 τῶν
1342 1565 1590 1633 ἐγγιζόν-

53 1681 156 1716 των
178 1679 280 1732 μοι
301 1677 316 1691 ⁸
351 1661 438 1713 ὅτι
461 1661 529 1713 έν
573 1658 823 1723 πολλοῖς
851 1655 1010 1727 ἦσαν
1054 1656 1172 1710 σὺν
1201 1655 1357 1722 ἐμοί·
1389 1653 1501 1704 ἀνθ’
1531 1648 1590 1706 οὗ

52 1753 294 1818 ἐξέδωκεν
307 1755 335 1805 6
351 1750 637 1820 Σύμμαχος
653 1767 668 1780 ο
687 1748 1020 1803 Πολλοοτοὶ
1035 1747 1142 1816 γὰρ
1157 1745 1426 1817 ἐγένοντο
1446 1742 1592 1810 πρὸς

51 1846 160 1913 ἐμέ.
219 1847 284 1897 Ol
309 1844 420 1913 τὰρ
465 1842 732 1910 θορυϐεῖν
764 1822 1069 1903 ἐθέλοντές
1092 1857 1209 1906 μου
1236 1836 1349 1904 τὴν
1385 1834 1592 1904 ψυχήν

46 1953 152 2001 μου
176 1932 426 2002 ,βραχεῖς
469 1949 625 1997 τινες
654 1927 847 2000 ἦσαν,
880 1930 985 1994 οὓς
1016 1933 1047 1982 ό
1078 1929 1219 1995 Θεὸς
1249 1933 1280 1982 ό
1310 1928 1422 1995 πρὸ
1473 1925 1588 1980 τῶν

52 2019 576 2092 αίώνωνῶπάρχων
604 2020 947 2077 ταπεινώσει
969 2059 983 2085 ,
1018 2017 1126 2088 τῆς
1154 2019 1301 2089 ἐμῆς
1329 2017 1586 2088 κραυγῆς

53 2118 404 2180 ἐπακούσας.

114 2206 289 2260 Ταῦτα
324 2206 424 2277 μὲν
448 2199 540 2259 οὖν
569 2204 644 2268 ὼς
675 2202 767 2257 τοῦ
798 2204 1076 2274 Προφήτου
1108 2199 1167 2267 ἐξ
1196 2201 1393 2254 οἰκείου
1425 2215 1592 2271 προσ-
1626 2187 1637 2210 ’

55 2299 188 2352 ώπου
215 2299 315 2363 τὰς
351 2298 708 2370 προκειμένας
743 2296 921 2364 φωνὰς
947 2293 1428 2364 προενηνεγμένου.
1454 2293 1517 2345 Ei
1537 2292 1594 2359 δὲ

57 2391 106 2455 ὲξ
134 2390 290 2444 αὐτοῦ
315 2389 412 2443 τοῦ
442 2388 688 2459 Σωτῆρος
709 2385 878 2440 ταῦτα
908 2386 1114 2453 λέγοιτο
1145 2384 1230 2438 διὰ
1260 2383 1352 2442 τοῦ
1384 2399 1594 2454 προφη-

56 2479 191 2534 τιιυῦ
217 2479 544 2548 πνεύματος.
573 2475 867 2546 ἐπειδήπερ
896 2473 954 2539 ἐξ
984 2473 1148 2539 αὑτοῦ
1178 2472 1388 2539 ἐλέγετο
1417 2473 1496 2532 τὸ,
1527 2472 1596 2524 Εἰ

55 2571 247 2639 ἐχθρὸς
290 2567 564 2623 ὠνείδισέ
587 2584 663 2636 με
685 2606 700 2630 ,
733 2565 1040 2634 ὑπήνεγκα
1069 2565 1146 2618 ἂν
1169 2605 1182 2626 ,
1229 2564 1322 2615 καὶ
1353 2564 1422 2616 τὰ
1450 2563 1592 2631 ἑξῆς,

56 2662 344 2722 ἀκολούθως
376 2661 470 2712 καὶ
505 2656 674 2711 ταῦτα
713 2658 934 2726 φήσειεν
979 2654 1045 2708 ἂν
1084 2653 1112 2704 6
1142 2653 1358 2729 Σωτήρ·
1420 2652 1538 2702 Ὄτι
1565 2652 1593 2701 6

59 2753 141 2821 μὲν
164 2753 257 2804 οὐκ
282 2749 476 2822 ἐχθρὸς
494 2788 508 2812 ,
541 2747 674 2802 ἀλλὰ
703 2745 854 2814 φίλος
873 2762 887 2776 ⁸
920 2745 1011 2798 καὶ
1036 2744 1132 2814 οὐχ
1160 2743 1190 2793 6
1224 2741 1392 2811 μισῶν
1417 2779 1431 2802 ,
1479 2738 1592 2791 ἀλλ’

57 2846 79 2893 ὁ
110 2841 276 2912 μικρῷ
309 2838 542 2912 πρόσθεν
579 2828 833 2907 ἁγαπῷν,
859 2833 1084 2888 τοιαῦτα
1107 2832 1224 2904 κατ’
1254 2829 1383 2901 ἐμοῦ
1415 2829 1593 2881 τετόλ-

62 2949 231 3003 μηκεν.
299 2930 445 3001 Ἐγὼ
485 2930 542 2983 δέ
573 2927 730 2982 πλέον
771 2927 923 2980 οὐδὲν
950 2926 1214 2997 ἔπραττον
1236 2967 1250 2990 ,
1286 2923 1398 2976 ἀλλ’
1428 2921 1593 2974 ἐϐόων

61 3025 176 3094 πρὸς
205 3024 296 3076 τὸν
325 3023 456 3076 Θεόν
474 3040 487 3052 ·
517 3017 657 3091 εἶχόν
689 3037 746 3073 τε
777 3020 936 3073 αὑτὸν
963 3015 1049 3070 οἷα
1091 3016 1308 3086 Πατέρα
1335 3014 1586 3083 ἐπήκοον..

233 3113 331 3168 καὶ
359 3115 407 3166 oi
436 3113 530 3182 μὲν
554 3109 902 3164 ἐπεὸούλευον
923 3107 1066 3178 ἐμοὶ,
1083 3112 1112 3160 6
1136 3105 1192 3159 δέ
1214 3103 1379 3168 ἔσωζέ
1407 3117 1492 3171 με·
1515 3102 1595 3155 διὸ

58 3207 109 3256 οὐ
137 3204 407 3274 παύσομαι
439 3201 674 3273 ἐσπὲρας
702 3199 794 3253 καὶ
824 3199 967 3269 πριιῶ⁴
1004 3195 1098 3250 καὶ
1129 3193 1468 3266 μεσημϐρίας
1498 3190 1594 3253 τὰς

58 3295 138 3348 τοῦ
159 3293 365 3366 [ἰατρὸς
387 3293 584 3364 ἀρετὰς
609 3290 958 3361 διηγούμενος
985 3291 1063 3351 είς
1093 3287 1322 3351 πάντας,
1355 3286 1593 3337 εἰσακου-

60 3386 166 3436 στόν
210 3402 266 3437 τε
325 3386 490 3437 πᾶσιν
537 3381 836 3452 ἀνθρώποις
883 3380 1162 3451 κηρύττων
1219 3378 1279 3431 τὸ
1333 3378 1592 3448 σωτήριον

61 3475 363 3543 Εὑαγγέλιον
381 3489 405 3506 ··
430 3477 521 3527 καὶ
551 3473 751 3542 ταύτης
787 3489 886 3540 μου
915 3472 1012 3540 τῆς
1036 3470 1215 3540 φωνῆς
1236 3468 1539 3530 ἐπακούσας
1563 3468 1592 3518 6
1618 3483 1622 3486 ‘

62 3566 226 3636 Πατὴρ
244 3608 258 3629 ,
287 3554 652 3631 λυτρώσεται
672 3562 740 3614 ἐν
755 3559 960 3627 εἰρήνῃ
982 3558 1094 3626 τὴν
1113 3545 1320 3625 ψυχήν
1334 3573 1451 3623 μου
1475 3554 1590 3608 ἀπὸ

59 3657 162 3709 τῶν
180 3655 519 3728 ἐγγιζόντων
539 3671 658 3723 μοι,
694 3651 967 3705 τουτέστιν
988 3648 1096 3702 ἀπὸ
1115 3647 1220 3699 τῶν
1243 3645 1467 3715 ἐγγύθεν
1497 3645 1591 3698 καὶ

61 3753 110 3804 οὐ
124 3748 390 3820 πόρρωθέν
417 3764 482 3817 με
520 3744 888 3814 πολεμούντων
905 3757 919 3770 ·
934 3733 1267 3809 οἵτινεςῆσαν
1285 3735 1558 3822 πολλοστοί
1572 3751 1587 3766 ο

60 3845 140 3908 οὓς
181 3846 268 3898 καὶ
314 3839 637 3896 ταπεινώσει
666 3841 694 3891 6
726 3835 1086 3909 προῦπάρχων
1115 3832 1218 3903 πρὸ
1244 3832 1350 3884 τῶν
1383 3830 1590 3885 αἰώνων

62 3937 192 3999 Θεὸς.
222 3936 354 3990 Οὐδὲ
378 3933 485 4004 γὰρ
512 3934 546 4003 ή
570 3931 703 4002 πρὸς
725 3930 899 3997 ὀλίγον
919 3928 1097 3988 αὐτοῖς
1124 3923 1381 3994 γενομένη
1405 3922 1590 3975 εὐκαι-

64 4034 172 4102 ρία,
220 4031 340 4096 καθ’
367 4031 435 4100 ἢν
488 4025 932 4097 ἐμεγαλαύχησαν
956 4062 972 4085 ,
1022 4021 1114 4074 καὶ
1146 4018 1460 4090 ἐπλήρωσαν
1493 4017 1590 4088 τὴν

64 4126 248 4178 ἑαυτῶν
299 4124 455 4177 πόλιν
490 4119 715 4191 ἀνομίας
763 4119 855 4170 καὶ
904 4113 1237 4181 ἀντιλογίας,
1293 4111 1593 4180 παραμενεῖ

64 4219 256 4280 αὐτοῖς·
295 4219 418 4269 ὅσον
446 4214 502 4266 δὲ
527 4211 678 4265 οῦπω
703 4205 1190 4278 ταπεινωθήσονται
1206 4243 1220 4266 ,
1256 4202 1352 4273 τῆς
1375 4205 1438 4254 ἐκ
1456 4198 1588 4252 Θεοῦ

66 4310 213 4379 ὀργῆς
243 4304 699 4378 μετελευσομένης
733 4301 927 4362 αὐτοὺς
953 4298 1045 4350 καὶ
1073 4297 1171 4367 τὴν
1196 4294 1344 4347 πόλιν
1383 4292 1587 4354 αὐτῶν,

63 4401 126 4462 ὡς
152 4403 236 4452 καὶ
259 4400 347 4452 τὺν
373 4400 430 4450 ἐν
460 4396 597 4464 αὐτῇ
638 4391 916 4460 διαϐόητον
943 4389 1074 4443 νεὼν
1118 4384 1469 4456 ἀφανισθῆναι
1499 4383 1592 4435 καὶ

68 4496 220 4546 πᾶσαν
251 4493 344 4563 τὴν
382 4492 441 4543 ἐν
480 4484 626 4554 αὐτῷ
655 4482 1068 4552 ἐπιτελουμένην
1097 4479 1344 4563 λατρείαν
1372 4474 1593 4529 καταλυ-

1686 647 1847 701 tiabo.
1895 648 1974 702 Me
2023 659 2200 704 autem
2247 653 2374 705 talia
2421 654 2671 709 omnibus
2712 655 2976 709 clamante
3018 673 3081 711 ex
3128 660 3227 712 hac

1687 732 2017 804 hora'usque
2057 738 2122 790 ad
2156 754 2454 808 vesperam,
2496 749 2656 811 atque
2689 743 2742 795 in
2789 744 3226 812 splendidissima

1685 822 1810 878 luce
1859 833 1912 877 et
1967 827 2018 879 in
2067 829 2291 883 meridie
2328 829 2616 884 salutarem
2667 830 2822 884 ﬁnem
2877 836 3222 900 praedicante,

1685 915 1926 968 exaudiet
1964 933 2131 969 vocem
2163 934 2351 983 meam,
2394 922 2485 989 qui
2517 921 2610 974 tali
2640 938 2722 977 me
2750 925 2938 977 notitia
2970 925 3225 995 dignatus

1687 1013 1769 1059 est
1796 1025 1806 1036 ·
1834 1022 2004 1075 neque
2056 1009 2195 1063 sinet
2227 1011 2365 1064 ultra
2395 1012 2600 1065 turbari
2649 1013 2702 1066 in
2752 1029 2836 1067 me
2885 1029 2980 1068 cor
3024 1033 3222 1079 mettm,

1687 1111 1863 1165 neque
1915 1097 2252 1152 formidinem
2294 1102 2482 1157 mortis
2522 1103 2724 1158 instare
2754 1107 2902 1162 mihi.
2944 1106 3039 1161 His
3064 1120 3230 1176 porro

1687 1186 1941 1240 onmibus
1967 1187 2212 1242 abductis
2229 1190 2576 1260 etdissipatis
2612 1209 2678 1247 ex
2715 1196 2891 1249 anima
2917 1212 3052 1260 mea,
3081 1198 3228 1252 redi-

1688 1282 1795 1328 met
1827 1291 1944 1329 eam
1984 1278 2036 1329 in
2080 1291 2210 1353 pace
2275 1280 2341 1331 ab
2375 1281 2443 1333 iis
2486 1283 2577 1352 qui
2619 1298 2735 1337 eam
2779 1287 3097 1343 conturbare
3139 1303 3245 1341 vo-~

1690 1366 1904 1422 iuerint.
1937 1367 2116 1432 Quare
2137 1371 2259 1424 dico
2285 1391 2296 1424 :
2326 1370 2551 1426 Redimet
2586 1376 2638 1427 in
2658 1391 2782 1442 pace
2810 1380 3037 1431 animam
3062 1397 3228 1433 meam

1690 1454 1753 1506 ab
1784 1455 1870 1517 iis,
1909 1457 1997 1524 qui
2039 1460 2457 1530 appropinquant
2482 1462 2640 1526 mihi;
2668 1469 2912 1533 quoniam
2942 1468 3074 1520 inter
3093 1469 3229 1520 mul-

1690 1554 1767 1596 tos
1797 1554 1947 1597 erant
1968 1548 2297 1603 mecum.Pro
2321 1566 2428 1619 quo
2459 1550 2811 1621 Symmachus
2840 1558 3007 1610 edidit
3031 1573 3043 1607 :
3070 1557 3228 1612 Multi

1687 1634 1824 1705 enim
1871 1635 2180 1690 accedebant
2213 1638 2281 1690 ad
2317 1655 2414 1694 me.
2446 1639 2587 1693 Nam
2626 1644 2714 1712 qui
2745 1645 2954 1699 turbare
2994 1648 3227 1701 volebant

1691 1725 1919 1777 animam
1950 1729 2157 1788 'meam,
2199 1730 2399 1782 minimi
2430 1731 2642 1800 quidam
2688 1745 2857 1799 erant,
2897 1752 3023 1806 quos
3062 1737 3223 1802 Deus,

1689 1817 1777 1885 qui
1829 1827 1947 1871 ante
1986 1820 2179 1873 secula
2223 1831 2322 1886 est,
2369 1821 2682 1889 humiliabit,
2727 1827 3006 1888 clamorem
3056 1844 3226 1884 meum

1687 1905 1992 1960 exaudiens.
2082 1926 2084 1929 ·

1763 2190 1885 2246 Haec
1917 2193 2100 2263 itaque
2137 2197 2294 2265 quasi
2325 2211 2355 2250 a
2388 2194 2654 2264 Propheta
2690 2199 2831 2256 dicta
2871 2201 3089 2270 fuerint,
3128 2220 3234 2262 ceu‘

1692 2295 1757 2334 ex
1809 2282 2024 2361 propria
2069 2297 2298 2350 persona
2345 2300 2507 2341 voces
2553 2290 2854 2358 propositas
2905 2291 3226 2361 proferente.

1695 2369 1848 2436 Quod
1886 2372 1929 2424 si
1963 2372 2030 2425 ab
2061 2373 2180 2444 ipso
2223 2372 2502 2431 Salvatore
2531 2393 2626 2445 per
2655 2379 3025 2448 propheticum
3071 2382 3233 2451 spiri-

1696 2474 1806 2516 tum
1841 2462 1952 2515 haec
1975 2457 2119 2518 dicta
2150 2466 2382 2529 fuerint;
2416 2467 2678 2536 siquidem
2713 2485 2777 2524 ex
2808 2470 2977 2540 ipsius
3002 2487 3231 2541 persona

1694 2551 1973 2606 dicebatur
2004 2554 2156 2618 illud,
2182 2554 2241 2610 Si
2275 2557 2516 2612 inimicus
2553 2560 2907 2616 maiedixiuet
2935 2564 3082 2631 mihi,
3115 2581 3234 2618 sus-

1695 2641 1962 2695 tinuissem
2016 2646 2210 2714 utique.
2272 2655 2327 2702 et
2374 2657 2596 2717 caetera;
2664 2666 3056 2722 consequenter
3102 2670 3233 2711 sane

1695 2731 1808 2786 haec
1843 2732 2090 2789 Salvator
2121 2737 2318 2792 dixerit
2350 2738 2651 2804 :Quoniam
2683 2757 2791 2796 non
2823 2745 3098 2810 inimicus,
3133 2743 3234 2801 sed

1694 2823 1931 2889 amicus;
1966 2840 2073 2879 non
2105 2828 2194 2895 qui
2228 2828 2351 2882 odio
2391 2829 2631 2883 haberet.
2667 2831 2757 2884 sed
2791 2833 2882 2893 qui
2912 2834 3072 2900 paulo
3106 2842 3234 2891 ante

1694 2913 1960 2985 diligeret,
1993 2917 2121 2970 talia
2147 2930 2333 2972 contra
2368 2935 2453 2975 me
2477 2936 2644 2976 ausus
2673 2929 2774 2976 est.
2807 2921 2914 2992 Ego
2942 2932 3121 2984 autem
3145 2926 3233 2980 ni-

1692 3005 1769 3058 hil
1807 3006 1929 3073 plus
1972 3007 2212 3076 agebam,
2243 3024 2400 3077 quam
2428 3009 2570 3080 quod
2612 3009 2905 3064 clamabam
2935 3010 3003 3065 ad
3035 3012 3234 3082 Deum;

1694 3108 1925 3164 eumque
1965 3103 2150 3165 utpote
2183 3095 2416 3161 Patrem,
2458 3097 2745 3169 propitium
2797 3096 3078 3154 habebam;
3129 3099 3236 3156 Sed

1620 3225 1664 3284 α
1696 3186 1772 3239 illi
1817 3187 2033 3256 quidem
2081 3187 2476 3244 insidiabantur
2524 3191 2684 3256 mihi;
2732 3190 2820 3245 hic
2844 3206 2975 3246 vero
3024 3192 3234 3247 salvum

1697 3277 1928 3332 faciebat
1960 3294 2046 3332 me
2079 3297 2091 3332 :
2118 3293 2287 3348 quare
2315 3294 2558 3349 vespere,
2590 3294 2748 3334 mane
2775 3289 2831 3334 et
2873 3280 3095 3336 meridie
3126 3297 3235 3335 non

1697 3369 1857 3423 ﬁnem
1905 3368 2097 3423 iaciam
2147 3367 2324 3423 Patris
2364 3371 2591 3423 virtutés
2637 3369 2922 3424 enarrandi
2951 3371 3232 3436 omnibus;

1696 3468 1857 3530 atque
1897 3462 2133 3516 salutare
2173 3459 2517 3530 Evangelium
2563 3459 2630 3513 ad
2672 3464 2830 3516 aures
2862 3463 3240 3516 universorum.

1694 3548 1972 3608 hominum
2019 3550 2340 3621 pmdicandi
2384 3570 2396 3604 :
2431 3565 2663 3618 eamque
2706 3565 2892 3603 vocem
2941 3552 3234 3605 exaudiens

1691 3644 1877 3710 Pater,
1922 3643 2138 3696 redimet
2165 3644 2219 3694 in
2265 3657 2392 3709 pace
2432 3642 2664 3694 animam
2711 3657 2878 3696 meam
2923 3641 2986 3693 ab
3026 3644 3110 3703 iis,
3143 3644 3232 3712 qui

1695 3738 2109 3805 appropinquant
2137 3734 2284 3799 mihi,
2316 3735 2366 3787 id
2400 3740 2483 3787 est
2519 3732 2588 3786 ab
2618 3733 2685 3787 iis
2708 3719 2802 3801 qui
2837 3734 3104 3802 proxime,
3122 3749 3232 3788 non

1695 3826 1905 3896 procul,
1944 3827 2260 3894 impugnant
2305 3837 2425 3889 me;
2457 3823 2606 3876 multi
2647 3838 2776 3876 sane
2812 3838 3060 3890 numero,
3093 3840 3233 3893 quos

1696 3916 2017 3970 humiliabit.
2037 3916 2127 3985 qui
2152 3922 2244 3969 est
2267 3921 2408 3970 ante
2436 3914 2634 3969 mula
2679 3911 2840 3970 Deus.
2871 3912 3056 3984 Neque
3087 3929 3232 3972 enim

1695 4007 1784 4061 illa
1806 4005 1873 4060 ad
1898 4006 2060 4060 breve
2081 4012 2290 4074 tempus
2320 4003 2454 4073 ipsis
2479 4003 2601 4056 data
2622 4003 3018 4071 opportunitas,
3048 4003 3102 4057 in
3126 4002 3232 4073 qua

1695 4098 1905 4168 gloriati
1937 4103 2084 4156 sunt,
2121 4101 2176 4148 et
2199 4094 2467 4149 civitatem
2504 4108 2656 4148 suam
2686 4093 2980 4163 iniquitate
3009 4103 3063 4148 et
3099 4108 3233 4146 con-

1693 4191 2012 4247 tradictione
2033 4189 2394 4259 repleverunt,
2417 4186 2513 4241 diu
2536 4187 2894 4257 permanebit;
2920 4186 3013 4240 sed
3038 4201 3234 4256 prope-

1695 4282 1836 4339 diem
1861 4281 2310 4343 humiliabuntur,
2344 4280 2424 4333 ira
2455 4277 2550 4331 Dei
2581 4278 2728 4346 ipsos
2757 4284 2810 4331 et
2837 4277 3108 4348 civitatem
3135 4292 3233 4332 eo-

1696 4391 1813 4429 rum
1843 4373 2147 4436 invadente,
2178 4372 2252 4425 ita
2288 4377 2354 4425 nt-
2376 4369 2633 4438 templum
2663 4367 2794 4422 illud
2832 4367 3040 4436 insigne
3079 4367 3131 4420 in
3166 4383 3230 4421 ea

1695 4463 1928 4534 positum
1957 4462 2223 4522 diruatur,
2263 4468 2316 4514 et
2339 4460 2514 4512 cultus
2552 4456 2746 4511 ibidem
2778 4457 3002 4527 persolvi
3036 4457 3231 4512 solitus

69 4544 219 4655 Θηναι.
247 4544 429 4644 Οῦτως
460 4575 572 4640 οὖν,
598 4544 698 4647 τῆς
733 4573 868 4642 ὲμῆς
900 4544 1207 4633 ἐπαέοῦσαέ
1232 4572 1260 4621 ὁ
1281 4561 1411 4630 Θεὸς
1441 4565 1589 4637 βοῆς,

1694 4553 1761 4607 de
1807 4552 1985 4606 medio
2017 4551 2253 4604 tollatur.
2289 4547 2378 4602 Sic
2410 4546 2593 4616 itaque
2641 4544 2783 4601 Deus
2821 4561 2905 4601 me
2936 4546 3229 4602 exaudiens

68 4675 358 4728 ταπεινώσει
383 4669 593 4731 αὐτούς.

131 4768 203 4818 Οὐ
250 4764 359 4832 γάρ
408 4762 578 4814 ἐστιν
616 4752 816 4816 αὐτοις
859 4747 1264 4814 ἀντάλλαγμα,
1328 4744 1426 4797 καί
1483 4744 1593 4796 οὐκ

71 4860 428 4926 ἐφοϐήθησαν
477 4853 580 4907 τὸν
621 4850 786 4910 Θεὸν,
821 4845 912 4899 καὶ
957 4841 1022 4894 τὰ
1070 4841 1212 4910 ἐξῆς.
1258 4836 1591 4891 Ταπεινώσει

70 4951 173 5012 τοὺς
203 4947 586 5021 πφλεχθέντας
629 4940 839 5002 ἀσεόεῖς
872 4939 900 4989 6
932 4930 1294 5005 προῦπάρχων
1339 4929 1444 4999 πρὸ
1477 4929 1592 5021 τῶν

73 5018 256 5093 αἰώνων
282 5018 445 5102 Θεύς·
497 5033 705 5088 ἔσονταί
740 5047 800 5083 τε
845 5025 1086 5080 ταπεινοὶ
1129 5024 1219 5074 καὶ
1257 5018 1591 5090 διαμενοῦσιν

74 5130 150 5181 ἐπὶ
167 5134 432 5200 ’μήκιστον
452 5127 681 5182 τοιοῦτοι
704 5139 717 5154 ·
747 5121 864 5175 ἐπεὶ
893 5118 1072 5189 μηδεὶς
1097 5113 1246 5166 ἔσται
1273 5114 1300 5164 6
1331 5111 1467 5182 ὑπὲρ
1496 5111 1590 5162 αὑ-

74 5221 162 5272 τῶν
183 5222 342 5286 διδοὺς
371 5218 742 5286 ἀντάλλαγμα.
780 5210 958 5276 ’Δπαξ
984 5210 1093 5278 γὰρ
1119 5206 1147 5257 6
1179 5203 1305 5266 Υἱὸς
1338 5202 1431 5288 τοῦ
1457 5201 1589 5256 Θεοῦ

72 5309 238 5383 λύτρον
259 5311 446 5365 ἑαυτὸν
465 5311 634 5373 διδοὺς
657 5309 748 5361 καὶ
767 5304 1112 5372 ἀντάλλαγμα
1138 5297 1273 5367 ὑπὲρ
1296 5295 1401 5348 τῶν
1425 5297 1593 5367 ἀμαρ-

75 5403 250 5468 τωλιῖιν,
270 5405 394 5466 τοὺς
425 5403 522 5472 μὲν
549 5402 626 5464 είς
649 5398 806 5452 αὑτὸν
835 5389 1252 5451 πεπιστευκότας
1275 5387 1589 5458 ἐξηγόρασε,

77 5494 262 5548 πάντων
285 5512 342 5548 τε
363 5492 559 5553 αὐτοὺς
580 5488 688 5541 τῶν
718 5486 993 5558 προτέρων
1019 5478 1423 5553 ἁμαρτημάτων
1449 5477 1594 5547 ἠλευ-

80 5586 313 5657 θέρωσεν·
348 5587 475 5647 τοὺς
509 5583 566 5635 δέ
599 5580 748 5633 εἴασε
778 5577 1085 5637 ταπεινοὺς,
1140 5570 1261 5623 ἐπεὶ
1309 5570 1380 5639 μὴ
1422 5585 1590 5638 προσ-

80 5682 249 5749 ﬁxam
291 5682 388 5754 τὴν
419 5677 554 5747 ὑπὲρ
603 5671 778 5725 αὐτῶν
807 5668 1046 5722 δοθεῖσαν
1081 5665 1261 5734 τιμὴν,
1299 5660 1591 5754 μηδὲ-ἐπί-

87 5786 281 5824 στευσαν
317 5750 395 5834 είς
437 5768 499 5821 τὸ
533 5764 710 5832 τίμιον
743 5758 879 5830 αἷμα
915 5758 1008 5810 τοῦ
1053 5757 1266 5809 πάντων
1297 5750 1590 5821 ἀνθρώπων

87 5864 335 5928 Α’πρωτοῦ
365 5863 455 5915 καὶ
488 5858 750 5923 Σωτῆρος.
788 5853 874 5904 Διό
917 5865 1043 5918 φησι
1080 5849 1204 5914 περὶ
1247 5843 1420 5898 αὐτῶν
1447 5844 1472 5893 6
1506 5842 1588 5892 λό-

1692 4641 1996 4697 humiliabit
2021 4654 2135 4694 eos.

1765 4730 1925 4786 Vens.
1957 4730 2045 4790 ΩΙ,
2071 4727 2160 4781 22.
2199 4725 2322 4780 Non
2357 4726 2492 4779 enim
2521 4734 2597 4780 est
2629 4725 2735 4780 illis
2767 4727 3134 4788 commutatio,
3179 4734 3231 4779 et

1691 4842 1794 4880 non
1823 4826 2098 4876 timuerunt
2154 4816 2337 4881 Deum,
2368 4825 2421 4873 et
2448 4825 2661 4872 caetera.
2691 4817 3010 4872 Memoratos
3039 4818 3234 4886 impios

1690 4910 1993 4971 bumiliabit
2019 4910 2110 4978 qui
2138 4915 2221 4965 est
2262 4917 2386 4963 ante
2415 4910 2608 4963 saecula
2645 4908 2807 4973 Deus,
2839 4917 3101 4977 eruntque
3131 4909 3231 4963 hu-

1690 5007 1863 5067 miles,
1889 5018 1952 5056 ac
1981 5002 2116 5055 tales
2167 5000 2259 5053 diu
2316 4999 2726 5068 permanebunt,
2767 5001 2891 5068 quia
2922 4998 3100 5053 nullus
3126 4999 3231 5054 erit

1691 5098 1783 5168 qui
1813 5096 1901 5149 det
1939 5108 2036 5163 pro
2074 5091 2180 5144 illis
2207 5091 2702 5144 commutationem.
2745 5088 2876 5143 Nam
2909 5104 3031 5142 cum
3065 5091 3228 5144 semel

1691 5191 1783 5244 Dei
1816 5185 1983 5240 Filius
2007 5200 2125 5239 sese
2155 5181 2361 5236 dederit
2383 5181 2435 5233 in
2466 5180 2883 5250 redemptionem
2915 5186 2968 5232 et
2988 5193 3232 5233 commu-

1691 5283 1942 5336 tationem
1968 5276 2089 5347 '_pro
2140 5274 2545 5347 peccatoribus;
2599 5285 2694 5326 eos
2719 5272 2932 5339 quidem
2961 5271 3051 5339 qui
3086 5269 3140 5323 in
3171 5287 3230 5326 se

1691 5372 2031 5430 crediderunt
2061 5369 2276 5430 exemit,
2303 5378 2460 5436 atque
2492 5380 2521 5417 a
2556 5362 2793 5431 pristinis
2823 5361 3036 5416 delictis
3062 5362 3231 5415 omni-

1689 5467 1792 5521 bus
1842 5463 2125 5529 liberavit;
2177 5463 2312 5515 alios
2367 5473 2495 5512 vero
2550 5453 2765 5522 reliquit
2811 5453 3071 5522 abiectos,
3103 5453 3229 5521 quia

1693 5560 1919 5630 pretium
1955 5571 2051 5625 pro
2081 5572 2139 5610 se
2165 5553 2348 5608 datum
2376 5567 2482 5605 non
2523 5545 2874 5609 admiserunt,
2902 5558 3073 5612 neque
3104 5557 3229 5597 cre-

1692 5651 1943 5704 diderunt
1985 5649 2038 5701 in
2069 5647 2361 5716 pretiosum
2405 5639 2717 5709 sanguinem
2754 5634 3123 5703 Redemptoris
3174 5646 3229 5688 et

1696 5740 1988 5794 Saivatoris
2021 5739 2258 5791 omnium
2295 5734 2586 5788 hominum.
2636 5726 2987 5791 Quamobrem
3025 5725 3090 5777 de
3125 5725 3228 5778 illis

1694 5833 1918 5886 dicitur:
1957 5828 2073 5883 Non
2100 5829 2231 5884 enim
2260 5836 2332 5881 est
2359 5825 2463 5877 illis
2480 5818 2829 5875 commutatio.
2849 5813 3024 5880 Quare
3047 5821 3224 5867 autem
