3966 6348
87 433 179 488 I99

1179 432 1675 491 COMMENTABIA
1712 436 1779 492 IN
1818 427 2151 494 PSAIIMOS.

3152 452 3255 507 ‘90

85 548 168 601 καὶ
198 544 474 615 ὑποκρίσει
517 543 876 611 ἁπαλύνοντες
923 546 1131 601 ἐαυτῶν
1172 550 1297 614 τοὺς
1337 548 1527 619 λόγους
1555 551 1620 604 ἐκ

1721 553 1864 610 tione
1893 554 2196 619 mollientes
2226 557 2399 627 palam
2454 575 2730 618 sermones
2761 577 2915 629 suos,
2955 564 3081 621 dum
3102 566 3255 624 intus

86 637 167 690 τοῦ
204 634 455 705 φανεροῦ,
489 635 686 690 ἔσωθεν
723 637 780 691 δὲ
823 634 1018 703 αὐτοὺς
1061 641 1435 707 ἀκοντίσαντες
1480 644 1619 716 ὑπὲρ

87 728 305 799 βολίδας,
350 725 487 781 ἀλλὰ
533 728 624 781 καὶ
661 729 820 793 αὐτὸς
860 732 889 783 ὁ
927 730 1189 802 προδότης
1233 733 1468 801 γεγονὼς
1523 734 1618 788 τοῦ

83 821 339 891 Σωτῆρος,
371 819 557 894 ὁποίου
581 820 765 886 τέλους
800 821 1076 887 τεύξονται
1108 822 1429 894 δεδήλωται·
1458 826 1522 879 σὺ
1561 824 1619 879 δὲ

82 915 106 965 ὁ
151 910 345 964 τούτων
388 892 751 983 ἁκροῶμενος,
803 912 1183 984 σωφρονισθεὶς
1218 892 1330 969 απὸ
1372 914 1465 969 τοῦ
1510 914 1620 970 τῶν

84 994 509 1071 προλελεγμένων
558 1002 768 1066 τέλους,
820 1004 911 1056 καὶ
955 1005 983 1057 ὁ
1034 1003 1112 1073 τῷ
1166 1007 1618 1076 προφητεύομενῳ

82 1092 188 1145 ὅλον
217 1091 409 1145 σαυτὸν
448 1092 736 1157 ἐπιδιδοὺς,
769 1094 976 1169 θάρσει,
1005 1094 1103 1166 τὴν
1137 1095 1333 1150 σαυτοῦ
1364 1096 1621 1169 ’φροντίδα

84 1182 359 1254 ὲπιρριψας
392 1184 479 1237 ἐπ’
525 1185 707 1250 αὐτὸν,
740 1168 828 1239 οἷα
870 1186 1044 1257 Καινῇ
1072 1175 1312 1259 Διαθήκῃ
1355 1168 1621 1259 μαθητευο

83 1274 202 1338 θεὶς,
234 1275 299 1327 δι’
327 1270 394 1348 ἧς
422 1276 580 1340 αὐτὸς
616 1279 644 1331 ὁ
667 1277 856 1350 Σωτὴρ
883 1277 1124 1332 παιδεύει
1145 1278 1315 1348 λέγων
1334 1297 1348 1312 ’
1382 1279 1480 1347 Μὴ
1524 1297 1623 1350 με·

80 1365 388 1435 ρψνήσητε
436 1368 495 1421 τι
542 1366 784 1437 φάγητε,
824 1367 977 1438 μηδὲ
1022 1370 1078 1423 τι
1128 1368 1326 1438 πίητεο
1369 1360 1482 1435 καὶ,
1522 1370 1619 1439 Μὴ

84 1456 370 1523 κτήσησθε
408 1443 639 1526 χρυσὸν
677 1458 832 1528 μηδὲ
864 1460 1155 1531 ἄργυρον,
1197 1460 1350 1530 μηδὲ
1393 1462 1622 1531 χαλκὸν

84 1551 161 1615 εις
210 1547 523 1616 τὰς-,ζώνας
565 1548 747 1619 ὑμῶν.
785 1549 945 1605 Ταῦτ’
979 1549 1070 1606 οὖν
1114 1552 1370 1621 φυλάξας,
1402 1553 1621 1622 ἐπιρρι-

84 1645 192 1709 ψον
214 1639 309 1693 ἐπὶ
342 1638 559 1707 Κύρων
582 1639 697 1707 τὴν
730 1641 1021 1711 μέριμναν
1050 1657 1186 1707 σου,
1212 1641 1308 1696 καὶ
1346 1643 1525 1710 αὐτός
1547 1658 1622 1697 σε

83 1730 383 1799 διαθρέψει,
413 1730 502 1784 τὸν
533 1730 695 1803 ἄρτον
740 1750 822 1786 σοι
854 1732 1027 1798 διδοὺς
1068 1733 1159 1787 τὸν
1200 1733 1490 1799 ἐπιούσιον,
1528 1734 1621 1789 καὶ

86 1822 169 1890 τὴν
208 1821 424 1891 λογικὴν
474 1820 567 1873 καὶ
610 1822 925 1893 ἐπουράνιον
981 1822 1217 1895 τροφήν·
1266 1822 1521 1896 ἐπαρκῶν
1564 1822 1619 1877 δὲ

85 1884 161 1970 καὶ
179 1915 240 1969 τὰ
404 1917 496 1971 τὸν
516 1917 627 1987 βίον
644 1884 894 1988 χρειώδη.
914 1884 1105 1987 Τούτω
1114 1884 1190 1988 (I)
1206 1915 1315 1987 γὰρ
1353 1884 1618 1988 ἐστήγγελ-
1650 1884 1693 1940 Β

82 2025 157 2059 ται
194 2008 395 2077 φήσας’
442 2004 578 2063 Οἵδε
619 2009 728 2087 γὰρ
768 2011 801 2062 ὁ
840 2006 1041 2076 Πατὴρ
1072 2008 1236 2077 ὑμῶν
1277 2010 1309 2063 ό
1343 2007 1616 2077 οὐράνιος

82 2094 155 2153 ὧν
177 2100 379 2168 χρείαν
403 2100 573 2169 ἔχετε
602 2100 714 2167 πρὸ
745 2097 851 2153 τοῦ
881 2116 935 2152 τι
959 2098 1143 2153 αὑτὸν
1171 2097 1408 2167 αἰτῆσαι
1441 2097 1612 2168 unde.

84 2192 251 2257 Δῠτός
286 2204 363 2243 σε
403 2190 471 2245 δὲ
510 2189 830 2259 διαθρέψει,
876 2189 951 2253 ὡς
1009 2189 1103 2243 καὶ
1154 2190 1329 2244 πάντα
1373 2189 1575 2246 δίκαιον
1599 2206 1613 2221 θ

84 2280 248 2335 ούδένα
285 2282 392 2354 γὰρ
438 2281 654 2335 πώποτε
701 2280 808 2333 τῶν
839 2278 1058 2332 δικαίων
1091 2279 1494 2359 καταλέλοιπεν,
1544 2280 1619 2343 ὡς

86 2375 349 2447 ὑπομεῖναι
381 2377 542 2432 αὑτὸν
577 2375 736 2430 σάλον
773 2372 908 2445 πρὸς
948 2371 1009 2426 τὸ
1054 2373 1376 2444 σαλευθῆναι
1412 2373 1505 2426 καὶ
1536 2374 1621 2425 ἐκ·

85 2470 266 2522 πεσεῖν.
296 2468 387 2523 Διὸ
420 2467 663 2523 λέλεκται
693 2464 819 2534 ἑξῆς
842 2481 855 2494 °
891 2466 972 2518 Οὐ
995 2463 1173 2517 δώσει
1201 2467 1287 2531 εὶς
1309 2463 1413 2518 τὸν
1438 2463 1621 2518 αὶῶνα

86 2557 259 2611 σάλον
296 2559 376 2626 τῷ
422 2558 658 2623 δικαίῳ·
706 2555 739 2625 ἦ
785 2553 925 2609 κατὰ
974 2553 1066 2609 τὸν
1110 2554 1437 2625 Σύμμαχον·
1496 2557 1619 2609 Οὐκ

86 2646 310 2702 ἐκδώσει
351 2650 439 2714 εὶς
465 2646 649 2700 αἰῶνα
690 2644 1042 2713 κλεισθῆναι
1091 2643 1338 2699 δίκαιον.
1396 2644 1486 2697 Διὸ
1534 2646 1622 2698 λέ-

88 2736 249 2792 λεκται
293 2740 349 2790 ἐν
391 2738 595 2807 ἑτέροις
620 2754 631 2765 ·
681 2735 971 2803 Νεώτερος
1012 2735 1320 2804 ἐγενόμην,
1368 2734 1464 2789 καὶ
1512 2734 1619 2803 γὰρ

86 2830 346 2898 impacti,
385 2830 486 2885 καὶ
515 2831 627 2891 οὐκ,
664 2824 824 2893 εἶδον
849 2827 1078 2882 δίκαιον
1101 2826 1620 2897 ἐγκαταλελειμμέ-

87 2937 199 2982 νον,
231 2920 369 2974 οὐδὲ
394 2920 462 2973 τὸ
489 2910 729 2989 σπέρμᾶ
746 2918 929 2976 αὐτοῦ
960 2919 1169 2988 ζητοῦν
1192 2919 1426 2987 ἄρτους.
1456 2917 1617 2971 Ταῦτ’

88 3010 254 3074 εἰπὼν,
282 3010 409 3080 ἐξῆς
450 3010 643 3079 ἐπάγει
674 3011 802 3082 περὶ
846 3010 952 3063 τῶν
998 3010 1293 3064 ἐπιϐούλων
1320 3010 1416 3063 τοῦ
1442 3006 1631 3081 Σωτῆτ

93 3119 168 3169 ρος
189 3102 263 3167 τὺ,
294 3102 378 3157 Σὺ
411 3103 480 3155 δὲ
521 3105 553 3157 ό
598 3102 739 3167 Θεὸς
777 3101 1049 3169 κατάξεις
1077 3102 1295 3170 αὐτοὺς
1321 3104 1406 3169 εὶς
1440 3102 1621 3172 φρέαρ

1719 654 2040 701 exacuerent
2074 647 2193 716 plus
2217 664 2376 717 quam
2406 650 2540 717 tela,
2570 652 2679 706 imo
2711 654 2871 708 etiam
2922 655 3038 726 ipse
3072 658 3256 713 Salva-

1719 734 1853 791 tOris
1880 736 2144 806 proditor,
2179 753 2337 809 quem
2371 739 2529 795 linem
2569 745 2779 799 nacturi
2805 745 2914 799 sint
2953 747 3058 813 iam
3089 750 3261 805 decla-

1716 832 1891 879 ratum
1921 834 2039 893 est;
2075 837 2131 882 tu
2161 843 2291 883 vero
2315 830 2407 899 qui
2447 829 2559 884 haec
2587 834 2879 899 auscultas,
2904 849 3091 890 eorum
3121 855 3260 907 quos

1717 916 2054 973 narravimus
2081 919 2227 974 exitu
2262 920 2500 989 prudens
2521 921 2744 979 effectus
2767 965 2783 990 ,
2825 932 2878 979 et
2913 926 3158 997 quisquis
3206 928 3255 983 ei

1717 1005 1809 1072 qui
1850 1006 1906 1058 in
1936 1006 2188 1062 valicinio
2223 1007 2390 1063 fertur
2440 1014 2493 1064 te
2548 1017 2718 1066 totum
2749 1010 2980 1078 dedisti,
3025 1014 3256 1080 confide,

1716 1093 1939 1149 edoctus
1955 1109 1983 1148 a
1998 1094 2146 1150 Novo
2174 1095 2515 1152 Testamento
2545 1114 2728 1154 curam
2747 1106 2892 1155 tuam
2925 1116 3084 1172 super
3108 1103 3259 1157 illum

1712 1182 1940 1252 jactare,
1974 1185 2063 1239 ubi
2096 1186 2211 1255 ipse
2246 1185 2490 1241 Salvator
2539 1189 2680 1245 hanc
2716 1189 3014 1246 doctrinam
3054 1191 3256 1248 tradit:

1721 1271 1899 1327 Nolite
1930 1275 2144 1328 solliciti
2174 1293 2285 1331 esse
2309 1279 2430 1348 quid
2463 1279 2806 1347 manducetis,
2842 1293 2932 1337 aut
2963 1282 3085 1355 quid
3114 1282 3259 1337 biba-

1720 1364 1788 1418 tis
1818 1365 1879 1429 ';
1935 1372 1987 1419 et
2030 1383 2043 1419 :
2085 1364 2264 1421 Nolite
2286 1369 2548 1438 possidere
2585 1387 2804 1438 aurum,
2836 1390 2926 1427 nec
2961 1374 3258 1444 argentum,

1719 1472 1877 1527 neque
1906 1473 1976 1511 ass
2006 1458 2059 1510 in
2107 1460 2249 1512 zonis
2279 1470 2462 1515 uestris
2494 1463 2533 1517 ⁸.
2567 1461 2690 1519 Haec
2721 1464 2900 1535 itaque
2928 1480 3049 1521 cum
3079 1481 3261 1522 serva-

1718 1549 1880 1611 veris,
1906 1548 2058 1617 jacta
2092 1565 2245 1617 super
2267 1550 2546 1605 Dominum
2573 1569 2751 1608 curam
2778 1565 2942 1620 tuam,
2983 1568 3031 1612 et
3069 1559 3176 1627 ipse
3212 1546 3262 1612 te

1718 1641 1943 1693 eauti-iet
1972 1679 1986 1703 ,
2034 1640 2170 1696 dans
2200 1642 2295 1695 tibi
2342 1657 2531 1712 panem
2568 1647 3136 1715 supersubstantialem
3161 1689 3176 1714 ,
3209 1660 3264 1705 et

1719 1730 2033 1786 rationalem
2097 1732 2477 1804 ctelestemque
2547 1735 2774 1803 cibum;
2841 1738 3262 1795 subministrans

1721 1837 1937 1893 quoque
1968 1838 2030 1878 ea
2070 1838 2190 1892 qua:
2225 1834 2351 1879 sunt
2375 1826 2443 1881 ad
2470 1827 2629 1882 vitam
2660 1829 2964 1885 necessaria
2990 1848 3002 1883 :
3039 1829 3091 1884 id
3116 1831 3259 1885 enim

1719 1910 1989 1982 pollicitus
2010 1900 2094 1968 bis
2124 1914 2304 1970 verbis
2336 1924 2418 1970 est
2445 1934 2457 1969 :
2486 1915 2596 1970 Scit
2632 1920 2767 1972 enim
2802 1919 2963 1974 Pater
2986 1930 3149 1976 vester
3170 1939 3265 1977 cat-

1716 2002 1860 2056 lestis
1882 2018 2102 2073 quorum
2131 2019 2257 2072 opus
2293 2004 2513 2071 habetis,
2538 2018 2809 2080 antequam
2830 2011 2950 2081 quid
2969 2028 3053 2066 vos
3076 2014 3261 2080 petatis

1717 2093 1783 2147 ab
1812 2094 1921 2163 ipso
1950 2096 1992 2149 ⁷.
2025 2093 2144 2164 Ipse
2178 2106 2225 2152 te
2243 2099 2485 2162 enutriet,
2519 2107 2578 2155 ut
2621 2109 2674 2155 et
2707 2103 2997 2171 quemlibet
3029 2103 3258 2175 justum;
3328 2114 3333 2115 ’

1717 2187 1985 2243 neminem
2014 2189 2157 2244 enim
2195 2189 2468 2259 justorum
2512 2207 2747 2262 unquam
2802 2195 2875 2248 ita
2920 2195 3164 2267 reliquit,
3203 2206 3264 2251 ut

1718 2278 2120 2336 ﬂuctuationem
2162 2291 2456 2353 pateretur,
2494 2298 2555 2339 ac
2605 2286 2882 2341 vacillaret
2934 2296 2987 2342 et
3028 2286 3261 2343 caderet.

1719 2370 1897 2438 Quare
1920 2372 2021 2428 sub
2049 2372 2163 2429 haec
2188 2373 2390 2429 dictum
2426 2383 2546 2430 est:
2588 2374 2709 2431 Non
2749 2377 2894 2431 dabit
2925 2380 2979 2432 in
3016 2388 3265 2433 (sternunt

1718 2447 2109 2529 ﬂuctuationem
2129 2463 2302 2529 iusto;
2326 2464 2440 2520 sive
2465 2472 2520 2518 ut
2549 2464 2937 2537 Symmachus:
2970 2467 3090 2522 Non
3121 2469 3265 2523 dabit

1720 2554 1774 2605 in
1802 2562 2049 2608 (sternunt
2068 2554 2244 2607 claudi
2254 2554 2482 2622 justum.
2511 2554 2634 2611 Ideo
2662 2556 2788 2611 alibi
2811 2557 3009 2612 dicitur
3032 2576 3047 2613 :
3075 2557 3266 2613 Iunior

1718 2639 1817 2706 fui,
1843 2641 2029 2693 etenim
2057 2643 2233 2708 senui,
2277 2652 2327 2695 et
2368 2658 2468 2695 non
2522 2644 2625 2697 vidi
2664 2645 2875 2712 justum
2926 2645 3262 2714 derelictum,

1718 2743 1809 2781 nec
1837 2744 2005 2783 semen
2033 2729 2144 2798 ejus
2173 2746 2405 2801 quterens
2448 2748 2609 2798 panes
2656 2734 2697 2786 ⁸.
2756 2731 2849 2789 His
2880 2734 3101 2803 prolatis
3125 2776 3140 2801 ,
3195 2734 3265 2792 de

1719 2816 2124 2875 insidiatoribus
2149 2819 2445 2878 Salvatoris
2464 2824 2567 2877 hoc
2588 2822 2772 2892 adjicit
2796 2842 2809 2877 :
2844 2823 2923 2877 Τιι
2941 2840 3075 2891 vero,
3105 2824 3262 2891 Deus,

1718 2910 1935 2965 deducas
1976 2927 2062 2966 eos
2107 2913 2162 2966 in
2199 2922 2409 2981 puteum
2457 2914 2731 2978 interitus;
2770 2915 2910 2980 sive,
2966 2916 3264 2984 secundum

1721 2998 2122 3072 Symmachum,
2156 3002 2234 3056 Tu
2264 3020 2399 3069 vero,
2431 2988 2605 3069 Deus,
2646 3004 2854 3073 dejicies
2882 3021 2967 3059 eos
2994 3006 3047 3058 in
3089 3005 3265 3059 lacum

1720 3093 1960 3147 interitus
1991 3095 2051 3148 οε
2105 3093 2173 3150 de
2218 3110 2326 3165 quo
2364 3095 2483 3151 lacu
2535 3105 2784 3152 sexcenta
2837 3095 3083 3166 superius
3122 3095 3265 3151 dicta

90 3192 384 3263 διαφθορᾶς
406 3212 420 3225 ·
454 3195 489 3266 ἢ
521 3193 663 3248 κατὰ
688 3193 777 3257 τὸν
817 3194 1138 3266 Σύμμαχον·
1170 3196 1255 3250 Σὺ
1294 3196 1362 3250 δὲ
1404 3199 1437 3251 ὁ
1478 3198 1619 3265 θεὸς

1724 3192 1884 3253 sunt,
1919 3186 2147 3256 exempli
2175 3186 2348 3258 gratia
2374 3206 2385 3242 :
2421 3186 2739 3257 Exspectans
2770 3188 3055 3261 exspectavi
3084 3186 3268 3241 Domi—

91 3283 436 3353 κατενέτκεις
470 3284 695 3350 αὐτοὺς
723 3286 808 3351 εὶς
833 3284 1064 3338 λάκκον
1104 3285 1453 3355 διαφθορᾶς·
1500 3288 1627 3357 περὶ

89 3367 139 3424 οὗ
163 3373 350 3428 λάκκου
384 3375 553 3446 μυρία
580 3375 669 3429 διὰ
695 3374 800 3428 τῶν
833 3374 1136 3447 ἔμπροσθεν
1168 3370 1378 3448 εἴρηται
1397 3393 1411 3408 ο
1435 3375 1622 3449 ὥσπερ

94 3466 142 3515 ἐν
180 3465 277 3536 τῷν
335 3466 665 3536 Ὑπομένων
712 3466 998 3535 ὑπέμεινα
1052 3467 1157 3520 τὸν
1213 3470 1431 3536 Κύριον
1452 3510 1467 3534 ,
1527 3469 1625 3524 καὶ

93 3557 371 3628 προσέσχε
399 3576 521 3627 μοι,
565 3559 664 3613 καὶ
700 3557 958 3629 άνήταγέ
985 3574 1060 3627 με
1082 3558 1151 3612 ἐκ
1172 3559 1399 3615 λάκκου
1428 3565 1626 3617 ταλαι-

93 3650 306 3716 πωρίας,
354 3649 455 3704 καὶ
486 3650 604 3705 άπὸ
636 3649 832 3719 πηλοῦ
878 3652 1077 3717 ἰλύος*
1129 3651 1221 3704 καὶ
1258 3651 1418 3705 πάλιν
1440 3670 1453 3683 ·
1503 3654 1625 3723 Μή-

94 3755 219 3794 ποτε
250 3741 722 3812 παρασιωπήσῃς
746 3742 845 3814 ἄξι’
872 3742 1036 3811 ἐμοῦ,
1066 3743 1164 3797 καὶ
1194 3744 1626 3814 όμοιωθήσομαι

92 3831 198 3899 τοῖς
235 3835 690 3889 καταϐαίνουσιν
731 3837 817 3900 εἱς
848 3835 1102 3889 λάκκον·
1142 3835 1234 3889 καὶ
1284 3830 1466 3898 αὖθις·
1504 3837 1623 3892 Κύ-

92 3937 183 3985 ριε,
206 3923 496 3995 ἀνήγαγες
529 3924 599 3990 ἐξ
629 3924 775 3992 ᾅδου
814 3924 928 3993 τὴν
964 3924 1174 3994 ψυχήν
1213 3942 1351 3994 μου,
1387 3924 1625 3991 ἕσωσάς

92 4013 286 4077 κάπὸ
321 4014 440 4069 τῶν
484 4016 958 4069 καταϐαινόντων
991 4017 1076 4079 εὶς
1119 4013 1368 4068 λάκκον.
1429 4014 1565 4068 Ἀλλ’
1597 4017 1625 4068 ὁ

96 4103 180 4168 μεὲν
207 4103 403 4169 δίκαιος
430 4104 749 4171 διασώζεται
781 4104 915 4176 πρὸς
943 4105 1003 4158 τὸ
1037 4104 1110 4175 μὴ
1143 4103 1527 4177 κατενεχθῆναι
1547 4107 1626 4170 εἰς

91 4192 170 4245 τὸν
193 4194 509 4266 δηλούμενον
531 4196 731 4249 λάκκον
748 4212 761 4225 ·
792 4196 840 4247 οἱ
866 4192 922 4248 δὲ
950 4195 1166 4260 ἀσεϐεῖς
1198 4195 1346 4251 κάτω
1375 4196 1625 4269 φέρονται

93 4285 161 4347 εἰς
182 4285 350 4349 αὐτὸν,
378 4286 482 4340 ὑπὸ
506 4286 598 4340 τοῦ
622 4285 757 4339 Θεοῦ
780 4287 1356 4359 καταρασσόμενοι,ίὼς
1384 4290 1465 4354 εἰς
1496 4308 1625 4344 κατ⁶

95 4376 510 4447 ἁλληλοναύτοῖς
545 4377 765 4448 χωρίον.
798 4377 1012 4450 Λάκκον
1050 4379 1107 4433 δὲ
1129 4380 1501 4452 ταλαιπωρίας
1535 4381 1624 4434 καὶ

96 4469 243 4538 πηλὸν
284 4470 444 4534 ἰλύος,
489 4471 582 4524 καὶ
615 4471 791 4543 φρέαρ
816 4472 1109 4544 διαφθορᾶς
1143 4473 1233 4527 τὸν
1258 4473 1350 4527 τοῦ
1394 4473 1621 4528 θανάτου

95 4556 238 4615 τόξων
266 4562 444 4617 καλεῖν
494 4563 679 4617 εἴωθεν
708 4564 735 4617 ὁ
779 4562 963 4633 λόγος’
992 4567 1070 4629 εὶς
1110 4565 1169 4619 ὃν
1202 4565 1637 4621 καταϐάλλονται.

96 4649 231 4720 δίκην
266 4654 371 4708 τῶν
419 4653 623 4707 ἄνωθεν
663 4655 1115 4728 καταφερομένων
1156 4656 1212 4710 ἐν
1252 4658 1363 4720 τοῖς
1404 4655 1623 4719 λάκκοις

97 4738 279 4795 ὑδάτων
321 4746 375 4797 αἱ
420 4743 528 4797 τῶν
572 4744 780 4798 ἀσεϐῶν
809 4744 995 4815 ψυχαί.
1048 4748 1157 4800 Καὶ
1197 4747 1490 4817 ἐπειδήπερ
1538 4745 1623 4798 διὰ

95 4826 188 4883 τῶν
225 4830 522 4903 ἔμπροσθεν
563 4832 688 4896 τοὺς
730 4832 988 4902 φονευτὰς
1032 4834 1127 4888 τοῦ
1175 4835 1421 4906 Σωτῆρος
1468 4834 1622 4904 ἡμῶν

99 4918 278 4988 ἐδήλου,
309 4922 615 4987 ἀκολούθως
647 4924 739 4977 καὶ
770 4923 864 4981 νῦν
892 4925 1019 4997 περὶ
1062 4926 1170 4980 τῶν
1202 4924 1377 4981 αὐτῶν
1424 4936 1616 4995 φησιν·

100 5007 310 5077 Ἄνδρες
337 5013 595 5083 αἱμάτων
620 5016 717 5069 καὶ
743 5015 1082 5085 δολιότητος
1104 5034 1117 5046 ·
1148 5020 1219 5072 οὐ
1245 5017 1330 5086 μὴ
1375 5017 1621 5085 ἠμτσεύ-

98 5114 229 5154 σωσι
267 5101 368 5169 τὰς
398 5104 618 5173 ἡμέρας
654 5107 881 5162 αὐτῶνθ
993 5108 1131 5163 κατὰ
1162 5109 1250 5163 τὸν
1290 5106 1578 5179 Σύμμαχον
1603 5125 1615 5138 ·

101 5192 384 5261 Μιαιφόνοι
430 5193 530 5248 καὶ
558 5194 748 5250 δόλιοι
776 5200 889 5267 οὐχ
923 5200 1295 5268 ἡμισεύσωσι
1341 5198 1445 5264 τὰς
1486 5200 1623 5268 ἠμέ-

97 5297 194 5347 ρας
216 5282 433 5337 αὐτῶν·
462 5284 495 5356 ἢ
524 5285 663 5338 κατὰ
685 5285 774 5338 τὸν
810 5286 1033 5341 ’Δκύλαν
1054 5307 1066 5319 ·
1104 5288 1342 5356 Ἄνδρες
1366 5287 1624 5357 αἱμάτων

104 5372 185 5425 aut
221 5370 526 5441 ἐπιθέσεως
567 5377 679 5443 οὐχ
716 5375 1124 5444 ἡμισεύσωσιν
1152 5377 1372 5448 ἡμέρας
1392 5380 1619 5437 ¹αὐτῶν.

104 5461 306 5535 Νοήσεις
333 5466 388 5521 δέ
416 5467 563 5530 ὅπως
604 5465 933 5539 ἐπληροῦντο
959 5470 1063 5523 καὶ
1088 5469 1259 5525 ταῦτα
1304 5470 1623 5542 ἐπιστήσας,

107 5552 170 5618 ὡς
196 5559 516 5631 παραχρῆμα
548 5558 644 5612 καὶ
671 5560 785 5629 μετ’
812 5558 872 5613 οὐ
907 5559 1071 5615 πολὺν
1115 5562 1302 5633 χρόνον
1342 5568 1440 5634 τῆς
1484 5565 1627 5628 κατὰ

165 5670 183 5700 ⁸
220 5668 396 5727 Matth.
429 5687 485 5725 vr
520 5670 610 5741 25.
688 5669 715 5738 ἔ
752 5670 945 5726 Matth.
980 5669 1101 5741 x,9.
1209 5673 1228 5704 '
1267 5671 1397 5730 Luc.
1433 5638 1640 5739 311.30:

109 5748 268 5804 um,
322 5743 371 5796 t.
447 5742 490 5774 “
526 5739 666 5796 Psal.
703 5734 863 5807 ειη,
897 5742 952 5796 ι.

170 5828 239 5899 (ι)
271 5831 473 5896 Τούτῳ.
514 5831 782 5903 interpres
807 5832 1003 5903 legisse
1031 5831 1245 5889 videtur
1278 5847 1452 5886 τουτο.
1496 5827 1652 5887 Eutr.

402 5926 677 5991 Panos.
709 5928 825 5991 Gn.
860 5926 1096 5991 XXIII.

1651 4607 1700 4667 D

1719 3294 1863 3341 num,
1888 3286 1937 3331 et
1960 3278 2183 3332 intendit
2210 3278 2357 3343 mihi,
2373 3289 2421 3334 et
2448 3279 2625 3335 eduxit
2654 3295 2733 3334 me
2757 3278 2819 3333 de
2838 3279 2954 3334 lacu
2979 3278 3196 3337 miserim
3215 3290 3266 3334 et

1724 3366 1787 3419 de
1812 3370 1920 3419 luto
1941 3365 2089 3434 {teris
2122 3367 2197 3433 ’°;
2219 3382 2289 3421 ac
2312 3382 2527 3423 rursum
2559 3384 2573 3417 :
2606 3365 2893 3437 Nequando
2919 3377 3090 3421 taceas
3112 3360 3145 3420 ο
3164 3383 3264 3430 me,

1722 3465 1772 3511 et
1797 3456 2128 3512 assimilabor
2149 3456 2572 3513 descendentibus
2602 3458 2655 3512 in
2692 3458 2864 3533 lacum
2908 3458 2982 3520 ";
3020 3457 3267 3511 iterum-

1721 3565 1862 3620 que:
1896 3548 2131 3613 Domine,
2165 3549 2390 3603 eduxiin
2422 3536 2489 3602 ab
2534 3550 2733 3617 inferno
2774 3550 3003 3602 animam
3059 3552 3224 3629 meam
3244 3587 3260 3611 ,

1723 3640 1940 3694 salvasti
1970 3654 2050 3693 me
2080 3656 2113 3691 a
2141 3636 2560 3693 descendentibus
2603 3639 2658 3691 in
2706 3638 2897 3691 lacum.
2946 3634 3049 3691 Sed
3083 3637 3265 3707 justus

1724 3732 1936 3804 quidem
1960 3732 2188 3796 eruitur,
2218 3737 2371 3785 utne
2418 3729 2473 3783 in
2520 3737 2871 3785 memoratum
2906 3729 3079 3784 lacum
3117 3728 3267 3785 defe—

1722 3831 1905 3890 ratur;
1934 3804 2082 3892 impii
2112 3835 2238 3876 vero
2284 3819 2336 3874 in
2362 3820 2535 3891 ipsum
2567 3820 2913 3889 dejiciuntur,
2941 3835 2971 3875 a
2996 3819 3104 3877 Deo
3137 3836 3269 3893 pra-

1724 3914 1930 3987 cipitati
1957 3912 2112 3985 quasi
2160 3912 2217 3967 in
2260 3922 2639 3985 congruentem
2672 3912 2773 3968 sibi
2806 3912 3004 3968 locum.
3065 3911 3265 3967 Lacum

1726 4016 1899 4063 autem
1931 4005 2189 4069 miseriae,
2221 4006 2389 4060 lutum
2424 4005 2570 4060 faecis
2622 4011 2675 4060 et
2722 4012 2944 4075 puteum
2974 4005 3224 4060 interitus
3245 4044 3263 4065 .

1725 4100 1913 4155 mortis
1953 4098 2129 4153 locum
2158 4112 2354 4154 vocare
2406 4098 2540 4153 solet
2575 4095 2871 4167 Scriptura,
2904 4097 2959 4150 in
2989 4111 3145 4167 quem
3176 4094 3269 4149 dce

1720 4192 1981 4261 jiciuntur
2028 4189 2220 4244 anima:
2254 4188 2568 4260 impiorum,
2612 4190 2783 4244 instar
2817 4201 3003 4242 eorum
3057 4184 3149 4254 qui
3195 4183 3267 4238 ab

1724 4283 1834 4338 alto
1867 4282 1984 4336 loco
2036 4280 2092 4335 in
2136 4280 2333 4349 lacum,
2360 4294 2618 4352 aquarum
2666 4277 3089 4347 praecipitantur.
3128 4274 3264 4340 Quia

1724 4354 1857 4430 vero
1882 4372 2130 4443 superius
2154 4372 2449 4443 Salvatoris
2472 4370 2645 4441 nostri
2671 4367 3044 4423 interfectores
3068 4382 3263 4423 memo—

1722 4466 1885 4531 ravit,
1908 4472 2301 4535 consequenter
2325 4463 2436 4532 jam
2464 4461 2529 4515 de
2554 4458 2745 4515 iisdem
2769 4459 2843 4511 ait
2868 4475 2880 4510 :
2924 4456 3034 4510 Viri
3062 4458 3267 4544 sangui-

1725 4574 1849 4611 num
1878 4567 1927 4611 et
1953 4557 2122 4615 dolosi
2153 4573 2255 4610 non
2276 4550 2625 4606 dimidiabunt
2652 4549 2760 4604 dies
2790 4564 2943 4613 suos;
2988 4548 3131 4612 sive,
3183 4564 3269 4603 se-

1726 4648 1963 4704 cundum
1998 4648 2407 4719 Symmacaum,
2445 4641 2783 4713 Sanguinarii
2810 4651 2856 4696 et
2880 4640 3049 4696 dolosi
3070 4657 3172 4695 non
3196 4640 3270 4691 di-

1724 4740 2019 4795 midiabunt
2046 4738 2156 4791 dies
2179 4750 2330 4799 suos;
2369 4734 2453 4789 vel
2497 4733 2795 4795 secundum
2846 4732 3123 4804 Aquilam,
3157 4730 3271 4785 Viri

1727 4832 2032 4902 sanguinum
2059 4836 2106 4882 et
2124 4826 2346 4880 insultus
2366 4841 2468 4878 non
2484 4824 2830 4879 dimidiabunt
2849 4823 2957 4878 dies
2980 4838 3122 4878 suos.
3145 4819 3270 4874 Haec

1728 4933 1787 4978 ut
1816 4922 2030 4993 impleta
2060 4918 2282 4984 fuerint,
2315 4917 2603 4989 intelliges,
2633 4917 2676 4972 si
2707 4915 3033 4986 perpendas,
3064 4912 3266 4974 statim,

1727 5028 1826 5069 nec
1853 5011 2032 5079 elapso
2058 5006 2227 5062 multo
2246 5016 2485 5078 tempore
2513 5006 2582 5061 ab
2604 5003 2811 5060 insidiis
2830 5010 3014 5057 contra
3028 4998 3257 5053 Salvator

1727 5119 1839 5159 rem
1862 5108 2126 5166 nostrum,
2149 5106 2320 5154 totum
2343 5113 2511 5170 genus
2550 5102 2965 5151 memoratorum
2990 5089 3267 5144 hominum.

1728 5192 1981 5267 perniciei
2013 5191 2258 5247 funditus
2287 5192 2543 5246 traditum
2565 5203 2714 5251 esse,
2749 5182 3029 5240 invadente
3068 5193 3163 5235 eos
3190 5179 3273 5235 ira

1729 5287 1784 5340 in
1833 5281 2110 5339 obsidione
2165 5282 2425 5340 Romanis
2468 5280 2666 5336 bellum
2725 5269 3072 5331 inferentibus
3104 5267 3267 5322 facta.

1730 5377 1841 5433 lmo
1880 5374 2045 5432 etiam
2085 5374 2140 5430 in
2200 5372 2454 5447 praesenti
2482 5382 2722 5441 tempore
2758 5361 2998 5425 mortalis
3046 5357 3272 5428 hujusce

1731 5473 1871 5532 vita,
1900 5481 2023 5521 cum
2043 5482 2111 5522 ne
2144 5467 2425 5524 dimidium
2458 5463 2672 5536 quidem
2703 5455 2909 5511 dierum
2942 5457 3270 5520 exegissent,

1731 5557 2037 5629 hujusmodi
2072 5559 2329 5629 perniciei
2359 5555 2456 5613 viri
2512 5554 2588 5610 illi
2623 5546 2941 5620 sanguinem
2993 5548 3048 5598 et
3077 5539 3276 5599 "dolosi

1754 5672 1775 5702 ⁸
1812 5668 1955 5727 Psal.
1989 5669 2277 5739 xxxvt,25.
2375 5669 2396 5701 ’
2434 5663 2576 5722 Psal.
2611 5672 2848 5724 Lxxxvu,
2880 5654 2936 5712 ’1.

2918 5912 2991 5972 16

3041 5652 3083 5685 ¹⁰
3122 5644 3275 5713 Psai.
3362 5646 3367 5651 ’
