3966 6348
3557 154 3949 404 η

719 402 828 457 491
1403 399 1670 457 EUSEBH
1710 399 2183 456 CESARIENSIS
2222 400 2369 454 OPP.
2412 401 2589 456 PARS
2625 399 2710 457 Ill.
2752 433 2820 443 —-
2856 402 3258 460 EXEGETICA.
3799 415 3878 469 ιρι

735 515 917 570 traditi
941 523 1086 571 sunt.
1118 513 1244 570 Post
1274 524 1498 571 mortem
1546 532 1676 572 vero
1702 532 1949 586 quaenam
1991 517 2137 586 ipsos
2165 532 2250 571 ma

2377 517 2468 571 τοῦ
2516 519 2760 589 Σωτῆρος
2801 519 2954 589 ἡμῶν
2997 519 3278 592 ἐπιϐουλῆς
3315 523 3477 594 ἄρδην
3520 522 3580 575 τὸ
3612 524 3716 577 πᾶν
3758 526 3876 591 γένος

733 612 912 672 neant,
930 616 1052 662 ante
1074 608 1404 662 declaratum
1427 615 1512 662 est
1531 607 1616 662 his
1632 609 1839 662 verbis:
1866 607 1941 660 Tu
1963 594 2102 670 uero,
2118 607 2254 660 Deus

2378 609 2482 661 τῶν
2529 608 2927 679 προλεχθέντων
2968 608 3167 681 ὀλέθρῳ
3223 611 3509 682 παρεδόθη,
3562 613 3876 686 μετελθούσης

731 701 944 757 deducor
993 720 1079 757 eos
1121 704 1173 757 in
1219 711 1428 772 puteum
1476 704 1734 756 interitus.
1777 700 1899 756 Haec
1939 702 2154 771 quidem
2202 701 2256 754 ill

2376 699 2568 761 αὐτοὺς
2594 697 2692 768 τῆς
2713 700 2877 769 ὀργῆς
2898 701 2955 752 ὲν
2986 701 3050 769 τῇ
3078 699 3451 773 καταλαϐούσῃ
3480 701 3675 763 αὐτοὺς
3706 704 3876 774 πολιορ-

728 795 1040 865 patientur:
1083 794 1193 864 Ego
1254 804 1428 848 autem
1484 796 1699 863 sperabo
1737 794 1791 846 in
1823 803 1902 856 te;
1942 793 2054 848 sive
2087 793 2132 847 is
2187 807 2251 859 qu

2375 788 2466 858 κία
2508 787 2647 841 κατά
2696 789 2784 840 τὸν
2824 789 3122 859 Ῥωμαϊκὸν
3167 789 3415 859 πόλεμον.
3474 793 3584 844 Καὶ
3630 791 3762 854 τέως
3801 795 3875 860 μὲν

729 874 1075 940 vaticinatur
1115 884 1418 956 Propheta,
1486 885 1600 940 sive
1640 885 1696 952 ris
1759 884 1853 954 qui
1909 885 1965 939 in
2021 881 2256 937 vaticinit

2374 880 2510 933 κατά
2546 878 2635 932 τὸν
2661 879 2898 950 παρόντα
2925 879 3130 949 καιρὸν,
3163 880 3255 933 καὶ
3277 881 3367 933 τὸν
3402 881 3592 952 θνητὸν
3621 885 3679 934 ὲν
3705 881 3873 952 Mp1»-

730 973 924 1031 fertur.
2236 977 2238 979 ’
2371 987 2492 1033 ποις
2521 969 2650 1040 βίον,
2685 969 2815 1040 μηδὲ
2833 969 3217 1040 ήμισεύσαντες
3235 970 3331 1033 τάς
3362 972 3570 1043 ἡμέρας
3602 972 3767 1024 αὐτιῖιν
3790 990 3872 1024 τοι·

685 1083 690 1087 '
731 1065 864 1136 αὐτη
935 1067 1302 1139 παρεδόθησαν
1343 1067 1584 1136 ἀπωλείᾳ
1613 1067 1661 1119 οἱ
1706 1065 1893 1137 ἄνδρες
1927 1065 2169 1135 αἱμάτων
2220 1063 2312 1117 καὶ
2349 1063 2676 1132 δολιότητος·
2726 1062 2860 1132 μετά
2930 1062 2986 1115 δὲ
3033 1062 3130 1134 τὴν
3181 1062 3408 1117 ἐνταῦθα
3449 1064 3718 1134 τελευτὴν,
3754 1065 3872 1115 ὁποῖα

728 1149 921 1219 αὐτοὺς
967 1156 1280 1222 διαδέξεται,
1317 1157 1708 1228 προδεδήλωται
1756 1156 1842 1210 διά
1877 1157 1990 1218 τοῦ,
2023 1155 2104 1209 Σὺ
2144 1153 2212 1207 δὲ
2241 1157 2272 1208 ό
2311 1153 2455 1218 Θεὸς
2472 1153 2744 1218 κατάξεις
2761 1151 2978 1218 αὐτοὺς
2999 1155 3083 1219 εὶς
3103 1152 3282 1222 φρέαρ
3341 1152 3675 1222 διαφθορᾶς.
3730 1153 3871 1204 Ταῦτα

733 1251 830 1316 μὲν
857 1245 948 1304 οὗν
981 1251 1173 1304 ἐκεῖνοι
1208 1253 1515 1305 πείσονται·
1565 1244 1702 1321 Ἐγὼ
1730 1251 1797 1304 δὲ
1821 1249 2002 1305 ἐλπιῶ
2036 1243 2133 1302 ἐπὶ
2169 1247 2268 1302 σέ·
2308 1249 2424 1318 ἦτοι
2447 1250 2475 1300 ὁ
2498 1246 2666 1302 ταῦτα
2698 1246 2960 1311 θεσπίζων
2979 1247 3332 1318 «pupils-ch
3360 1247 3451 1300 καὶ
3475 1245 3634 1307 αὐτὸς
3695 1246 3721 1296 ό
3773 1261 3872 1313 προ-

729 1344 1109 1413 φητευόμενος.

729 1457 1157 1531 i._1u__F_LNsM,
1212 1461 1346 1517 pno
1402 1463 1689 1525 POPULO,
1738 1462 1854 1531 QUI
1893 1464 1936 1516 A
1974 1460 2260 1531 SANCTIS

797 1527 1020 1583 LONGE
1055 1529 1324 1587 FACTUS
1369 1534 1520 1594 EST.
1562 1527 1780 1587 DAVle
1805 1534 1870 1587 ΙΝ
1909 1531 2136 1590 TITULI
2169 1530 2262 1584 ΙΝ-

798 1597 1265 1660 SCRIPTIONEM.
1328 1603 1471 1658 CUM
1510 1602 1925 1660 TENUERUNT
1962 1602 2105 1658 EUM
2141 1600 2259 1655 AL—

754 1667 1085 1730 ;LOPHYLI
1107 1670 1173 1724 IN
1205 1672 1408 1728 GETH.
1438 1673 1544 1728 LV.

678 1794 684 1799 '
789 1777 954 1835 Vens.
994 1780 1115 1837 2-4.
1158 1782 1403 1839 Miserere
1429 1789 1549 1850 mei,
1580 1787 1718 1842 Deus
1744 1830 1758 1855 ,
1785 1790 2028 1858 quoniam
2057 1807 2266 1846 concut-

2366 1453 2475 1507 ΕΙΣ
2499 1452 2583 1503 T0
2612 1450 2827 1502 TEAOE
2853 1449 3032 1502 ΥΠΕΡ
3062 1449 3195 1502 ΤΟΥ
3216 1450 3417 1512 ΛΑΟΥ,
3449 1451 3584 1504 ΤΟΥ
3606 1451 3739 1506 ΑΠΟ
3767 1455 3870 1508 τΩΝ

2433 1520 2630 1574 ΑΓΙΩΝ
2677 1517 3332 1582 ΜΕΜΑΚΡΥΜΜΕΝΟΥ,
3379 1521 3512 1574 ΤΟΥ
3556 1523 3745 1574 ΔΑΥΙΔ
3791 1525 3871 1576 ΕΙΣ

2437 1587 2974 1650 ΣἹῊΛΟΓΡΔΦΙΔΝ,
3000 1588 3219 1640 υΠΟΤΕ
3240 1589 3649 1644 ΕΚΡΔΤΗΣΑΝ
3679 1593 3871 1646 ΔΥΤυΝ

2438 1661 2501 1713 01
2535 1657 2920 1711 ΑΛΛΟΦΥΛΟΙ
2958 1657 3048 1710 ΕΝ
3072 1657 3220 1711 ΓΕΘ.
3246 1659 3369 1711 NE’.

2452 1799 2736 1866 Ἐλέησόν
2758 1813 2852 1866 με,
2890 1799 2924 1848 ὀ
2973 1795 3132 1863 Θεὸς,
3171 1796 3260 1850 ὅτι
3292 1796 3663 1863 κατεπάτησε
3695 1812 3764 1864 με
3793 1796 3872 1848 dr-

721 1871 855 1923 cavit
883 1887 962 1924 me
1000 1872 1152 1927 homo
1176 1914 1191 1938 ,
1224 1883 1334 1928 tota
1383 1875 1467 1931 die
1509 1881 1816 1948 impugnans
1868 1882 2134 1938 tribulavit
2165 1903 2256 1942 me.

2368 1893 2611 1957 θρωπος,
2647 1890 2796 1956 ὅλην
2840 1887 2954 1954 τὴν
2995 1887 3216 1955 ἡμέραν
3259 1887 3530 1956 πολεμῶν
3559 1886 3760 1954 ἐθλιψέ
3793 1903 3868 1953 με.

719 1959 958 2032 Populus
991 1966 1140 2033 quia
1187 1969 1389 2022 sanctis
1422 1969 1577 2040 longe
1629 1971 1805 2027 factus
1847 1982 1962 2040 est,
2005 1985 2265 2045 quantum

720 2052 789 2105 ad
821 2053 1126 2120 historiam,
1156 2057 1370 2113 videtur
1413 2060 1460 2115 is
1501 2076 1622 2116 esse
1650 2064 1742 2134 qui
1771 2079 1892 2119 cum
1950 2065 2148 2122 Davide
2176 2066 2264 2123 fu-

718 2144 894 2213 giebat
925 2159 954 2198 a
977 2143 1116 2200 facie
1143 2145 1355 2214 Saulis;
1391 2159 1736 2208 erantautem
1767 2155 1868 2209 viri
1898 2173 2121 2212 numero
2143 2174 2266 2214 sex-

719 2234 883 2298 centi,
917 2243 974 2288 ut
1029 2243 1256 2291 testatur
1308 2238 1611 2309 Regnorum
1667 2246 1951 2314 scriptura.
2002 2246 2264 2312 Quoniam

717 2337 848 2377 vero
876 2325 960 2379 bis
988 2327 1129 2396 apud
1150 2325 1394 2386 Gethteos
1429 2332 1724 2405 allophylos
1754 2335 1886 2403 fuit;
1923 2339 2115 2408 primo,
2138 2355 2262 2394 cum

718 2415 868 2469 solus
895 2416 1258 2487 deprehensus
1285 2414 1422 2475 intra
1446 2432 1648 2492 portas,
1677 2427 1938 2480 insaniam
1970 2430 2260 2498 simulavit,

717 2505 934 2574 quando
963 2523 1058 2562 ceu
1093 2519 1344 2580 tympano
1377 2514 1624 2582 pulsabat
1669 2517 1724 2570 in
1774 2518 1943 2587 portis
1990 2520 2140 2574 urbis
2163 2559 2178 2584 ,
2208 2527 2262 2575 et

714 2596 1016 2652 deﬂuebant
1071 2602 1249 2657 saliva:
1299 2603 1418 2672 ejus
1475 2606 1530 2659 in
1574 2607 1793 2662 barbam
1828 2610 1906 2676 ";
1951 2610 2085 2666 alias
2132 2626 2261 2666 vero

714 2693 930 2762 quando
955 2709 1076 2748 cum
1102 2698 1369 2752 sexcentis
1389 2699 1518 2754 viris
1542 2699 1608 2753 ad
1653 2714 1830 2770 regem
1881 2699 2015 2755 Geth
2067 2701 2259 2757 coniuv

715 2782 792 2853 git
812 2782 875 2846 ¹³,
918 2784 1008 2852 qui
1027 2787 1320 2856 assignavit
1339 2789 1415 2844 illi
1443 2790 1496 2843 in
1518 2790 1882 2846 habitaculum
1908 2791 2261 2848 Sicela.Vide-

714 2883 804 2928 tur
828 2889 1067 2943 presens
1106 2876 1389 2947 inscriptio
1411 2878 1523 2933 haec
1538 2875 1718 2933 Davidi
1735 2882 2023 2947 ascribere,
2046 2882 2260 2950 quando

714 2979 838 3018 cum
863 2965 1132 3021 sexcentis
1151 2969 1282 3022 viris
1308 2984 1490 3043 secum
1510 2954 1838 3040 fugientibus
1853 2972 1991 3042 apud
2014 2971 2258 3028 Gethazos

717 3057 1158 3128 peregrinabatur
1184 3097 1200 3122 ,
1231 3059 1322 3128 qui
1353 3059 1528 3129 ipsum
1563 3070 1887 3131 exceperunt
1925 3071 1978 3118 et
2018 3063 2158 3132 apud
2200 3080 2258 3119 se

717 3155 774 3200 ut
803 3148 1034 3202 amicum
1061 3149 1407 3206 detinuerunt
1428 3191 1443 3214 ,
1487 3167 1594 3222 quo
1645 3160 1882 3222 tempore
1912 3168 1942 3207 a
1970 3163 2094 3220 rege
2121 3153 2257 3210 Geth

713 3236 770 3292 in
804 3239 972 3307 pretio
1016 3238 1232 3293 habitus
1262 3246 1363 3294 est.
1406 3238 1583 3304 Quare
1615 3239 1896 3306 inscriptio
1927 3242 2006 3295 sic
2051 3240 2210 3297 habet
2237 3261 2249 3296 :
2281 3231 2322 3288 C

713 3327 779 3384 In
808 3330 982 3399 ﬁnem,
1009 3347 1100 3399 pro
1131 3331 1340 3401 populo,
1372 3333 1460 3401 qui
1495 3348 1526 3384 a
1558 3333 1753 3386 sanctis
1779 3331 1928 3403 longe
1956 3332 2125 3400 factus
2157 3343 2252 3399 est,

711 3418 901 3475 ι)αυὶάί
939 3422 992 3474 in
1029 3421 1169 3475 tituli
1197 3422 1610 3491 inscriptionem,
1659 3439 1776 3476 cum
1827 3432 2094 3477 tenuerunt
2139 3439 2255 3476 eum

711 3512 960 3582 allophyli
983 3515 1038 3566 in
1072 3511 1219 3569 Cella.
1249 3511 1552 3568 Secundum
1584 3513 1828 3584 Aquilam
1871 3529 1998 3569 vero
2018 3515 2251 3569 dicitur:

722 3602 961 3656 Victoria,
988 3604 1189 3657 auctori
1218 3619 1312 3672 pro
1332 3602 1569 3658 columba
1592 3614 1756 3667 muta,
1786 3605 2254 3675 peregrinationum

710 3687 926 3750 Doridis
958 3697 1169 3750 humilis
1202 3697 1442 3766 perfecti,
1488 3714 1603 3752 cum
1647 3707 1916 3753 tenuerunt
1955 3715 2068 3752 eum
2115 3699 2255 3768 Phy-

712 3789 866 3844 listwi
893 3791 945 3843 in
967 3788 1091 3842 Geth
1107 3792 1443 3867 ;'secunduni
1464 3789 1842 3862 Symmachum
1862 3807 2022 3847 vero:
2053 3793 2256 3847 Trium-

709 3882 862 3952 phals
893 3897 984 3948 pro
1018 3880 1284 3944 columba,-
1306 3897 1399 3950 pro
1427 3891 1572 3952 gente
1593 3885 1800 3953 repulsa
1823 3883 2060 3948 Daoidis,
2090 3883 2255 3937 humi-

711 3973 777 4026 lis
811 3982 857 4024 ct
891 3971 1173 4038 inculpali:
1204 3971 1410 4040 quando
1457 3972 1783 4027 detinuerunt
1814 3991 1928 4028 eum
1979 3973 2255 4044 Phylista’i

709 4063 762 4116 in
793 4061 939 4118 Geth.
973 4062 1169 4128 Quinta
1200 4070 1378 4116 autem
1408 4063 1573 4117 editio
1603 4081 1616 4118 :
1651 4063 1894 4120 Victoria
1923 4069 2130 4120 auctori
2159 4084 2253 4137 pro

709 4155 946 4208 columba
978 4153 1233 4224 impedita:
1264 4155 1473 4224 lingua,
1501 4155 1921 4209 absconditorum
1956 4157 2166 4222 Davidi,
2198 4160 2254 4211 in

710 4247 848 4300 tituli
879 4247 1286 4316 inscriptionem,
1310 4245 1518 4318 quando
1543 4255 1812 4300 tenuerunt
1839 4262 1954 4299 eum
1996 4247 2254 4317 allophyli

705 4339 762 4392 in
799 4337 925 4393 Geth
952 4355 969 4400 ;
1003 4337 1299 4394 Theodotio
1328 4340 1448 4394 loco
1481 4338 1656 4404 illius,
1697 4337 1802 4391 Pro
1833 4337 2049 4405 populo,
2101 4341 2189 4410 qui
2221 4357 2252 4392 a

707 4430 901 4483 sanctis
935 4429 1084 4499 longe
1111 4429 1283 4498 factus
1311 4444 1409 4489 est.
1435 4431 1635 4499 pariter
1679 4444 1800 4483 cum
1834 4428 1978 4494 aliis,
2022 4443 2115 4498 pro
2160 4446 2249 4484 co-

705 4519 885 4572 lumba
929 4519 1309 4589 interpretatus
1341 4529 1442 4576 est.
1476 4518 1727 4577 Fortasse
1757 4535 1885 4575 vero
1912 4523 2004 4591 qui
2041 4523 2250 4577 colum-

706 4610 830 4668 bam
866 4618 1088 4674 mutam,
1117 4619 1207 4664 aut
1235 4611 1426 4681 linguae
1451 4611 1716 4682 impeditae
1742 4614 2046 4679 ediderunt,
2074 4615 2249 4686 ipsum

708 4697 961 4755 Davidem
991 4701 1131 4769 apud
1179 4700 1473 4770 allophylos
1519 4711 1818 4758 versantem
1874 4703 2251 4777 subindicant;

709 4791 798 4846 ubi
833 4798 1096 4846 consueto
1143 4805 1290 4844 more
1331 4805 1438 4844 non
1494 4799 1702 4860 poterat
1735 4793 1790 4847 in
1831 4794 2032 4865 Spiritu
2065 4803 2252 4850 sancto

706 4885 1014 4955 prophetias
1031 4897 1205 4951 neque
1218 4881 1544 4936 conﬁdenter
1560 4881 1784 4952 hymnos
1800 4885 2056 4954 proferre.
2076 4884 2252 4951 Quare

707 4976 1009 5036 columbam
1029 4977 1222 5046 linguae
1240 4974 1505 5042 impeditae
1521 4976 1632 5030 sive
1648 4983 1850 5030 mutam
1868 4993 2082 5048 quoque
2098 4991 2248 5031 voca-

664 5113 666 5116 ,
708 5068 842 5121 bant
864 5067 1062 5135 ipsum.
1084 5064 1140 5119 In
1161 5063 1481 5134 praecedenti
1503 5067 1852 5134 sanepsalmo
1879 5067 2083 5121 dictum
2117 5075 2199 5121 est
2230 5086 2240 5120 :

709 5158 840 5225 Quis
890 5155 1034 5209 dabit
1062 5157 1190 5209 mihi
1218 5171 1412 5223 pennas
1469 5157 1605 5210 sicut
1639 5157 1929 5214 columbae?
1961 5158 2028 5213 Et
2065 5157 2245 5213 volabo

701 5255 751 5298 et
797 5246 1134 5314 requiescam.
1185 5243 1353 5316 Longe
1394 5245 1623 5314 fecissem
1670 5249 2004 5303 secessionem
2048 5265 2244 5314 meam,

706 5335 1021 5388 habitassem
1060 5334 1114 5386 in
1158 5333 1355 5388 deserto
1389 5335 1465 5399 “,
1499 5337 1790 5391 secundum
1843 5337 2241 5408 Symmachum.

710 5425 973 5490 Quoniam
1022 5425 1187 5494 igitur
1216 5425 1449 5497 Spiritus
1478 5438 1717 5494 sanctus,
1747 5417 1840 5499 qui
1881 5430 1934 5484 in
1977 5429 2245 5501 Propheta

705 5515 1064 5583 operabatur,
1110 5514 1308 5584 quique
1353 5518 1406 5570 in
1439 5515 1697 5572 columba
1753 5518 1929 5587 specie
1961 5519 2014 5572 in
2050 5516 2243 5573 Serva-

2365 1983 2505 2046 Λαὺς
2534 1984 2638 2036 ἀπὸ
2680 1983 2787 2035 τῶν
2823 1983 2992 2049 ἀγίων
3022 1982 3494 2052 μεμακρυμμένος,
3523 1983 3643 2034 ὅσον
3683 1983 3766 2033 ἐπὶ
3795 1981 3872 2048 τῆς

2368 2074 2618 2146 ἱστορίας,
2649 2074 2820 2128 ἔοικεν
2865 2071 2998 2125 εἶναι
3045 2075 3073 2125 ό
3101 2074 3195 2126 σὺν
3240 2071 3317 2140 τῷ
3363 2072 3518 2124 Δαυῒδ
3559 2070 3761 2141 φεύγων
3787 2071 3872 2122 ἀπὸ

2365 2164 2649 2236 προσώπου
2691 2165 2860 2216 Σαούλ
2879 2181 2892 2194 ο
2927 2161 3064 2235 ἦσαν
3096 2163 3150 2215 δὲ
3180 2162 3268 2214 τὸν
3297 2161 3522 2232 ἀριθμὸν
3561 2160 3744 2232 ἄνδρες
3771 2160 3872 2226 ἐξα-

2363 2256 2551 2318 κόσιοι,
2573 2255 2709 2326 ὼξη
2745 2254 2931 2324 Γραφὴ
2973 2255 3234 2324 μαρτυρεῖ
3262 2251 3368 2304 τῶν
3407 2250 3711 2304 Βασιλειῶν.
3750 2252 3872 2328 Ἐπεὶ

2361 2345 2418 2399 δὲ
2449 2346 2532 2408 δἰς
2561 2345 2777 2413 γέγονεν
2812 2343 2960 2415 παρά
2990 2346 3100 2406 τοῖς
3128 2344 3183 2394 ἐν
3213 2342 3312 2395 ree
3353 2340 3692 2410 ἀλλοφύλοις’
3731 2341 3869 2401 ἅπαξ,

2361 2433 2448 2486 ὅτε
2491 2433 2648 2503 μόνος
2688 2430 3016 2501 ἀποληφθεὶς
3056 2429 3184 2482 εἴσω
3238 2429 3448 2495 πυλῶν,
3496 2429 3686 2500 μανίαν
3734 2445 3872 2498 προσ-

2361 2523 2706 2594 εποιήθη,ὃτε
2732 2523 2826 2576 καὶ
2854 2520 3215 2593 ὲτυμπάνιζεν
3241 2523 3298 2574 ὲν
3324 2524 3442 2584 ταῖς
3469 2520 3660 2583 πύλαις
3686 2520 3774 2588 τῆς
3797 2520 3873 2570 πό-

2359 2615 2513 2678 λεως,
2540 2616 2632 2668 καὶ
2669 2614 2921 2686 κατέρρει
2959 2614 3028 2668 τὰ
3067 2613 3214 2667 σίελα
3242 2613 3400 2666 αὐτοῦ
3432 2614 3520 2666 ἐπὶ
3551 2612 3639 2665 τὸν
3669 2610 3872 2679 subwa

2358 2703 2546 2759 αὐτοῦ·
2571 2697 2756 2759 ἄλλοτε
2786 2706 2860 2772 δὲ,
2893 2706 2980 2758 ὅτε
3012 2706 3105 2759 σὺν
3138 2704 3386 2774 ἀνδράσιν
3413 2710 3459 2773 χ’
3493 2702 3786 2774 προσέφυγε
3811 2699 3873 2768 τῷ

2361 2793 2704 2865 βασιλεῖτῆς
2743 2795 2866 2859 rso,
2896 2794 3135 2866 ἀφώρισε
3178 2811 3234 2847 τε
3273 2793 3419 2862 αὐτῷ
3449 2792 3753 2863 οίκητήριον
3791 2792 3873 2857 τὴν

2358 2881 2569 2935 Σίκελα.
2610 2882 2769 2935 Ταῦτ’
2797 2883 2966 2936 ἔοικεν
2993 2885 3026 2951 ἡ
3057 2883 3382 2952 προκειμένη
3417 2881 3774 2952 στηλογραφία
3808 2883 3871 2931 εί-

2361 2972 2554 3043 ρῆσθαι
2577 2972 2654 3043 τῷ
2686 2973 2864 3039 Δαυῖδ,
2889 2973 3008 3026 καθ’
3034 2974 3092 3026 δν
3125 2973 3309 3042 καιρὸν
3327 2972 3439 3039 ἀμα
3469 2975 3579 3034 eoi;
3609 2979 3652 3040 χ’
3673 2975 3775 3032 τοῖς
3796 2971 3873 3022 σὺν

2357 3065 2503 3136 αὑτῷ
2547 3067 2834 3135 φεύγουσιν
2873 3067 3129 3136 ἐπεδήμει
3172 3070 3281 3129 τοῖς
3327 3068 3382 3118 ἐν
3413 3067 3510 3120 Γέθ
3535 3084 3548 3096 ·
3587 3067 3873 3132 ὑπεδέξαντό

2357 3173 2416 3210 τε
2459 3157 2618 3210 αὐτὸν
2666 3157 2755 3211 καὶ
2805 3157 3064 3226 κατέσχον
3107 3158 3235 3228 παρ’
3266 3158 3471 3218 ἑαυτοῖς
3501 3156 3575 3219 ὼς
3607 3156 3768 3224 φίλον,
3803 3156 3872 3208 θα

2354 3248 2446 3301 καὶ
2467 3248 2630 3317 τιμῆς
2655 3245 2895 3311 ἀξιοῦται
2922 3247 3069 3317 παρά
3099 3246 3176 3316 τῷ
3202 3241 3407 3316 βασιλέϊ
3436 3246 3555 3299 Γέθ.
3589 3247 3678 3299 Διὸ
3705 3247 3767 3299 τὰ
3795 3247 3871 3314 τῆς

2355 3338 2672 3409 προγραφῆς
2699 3337 2935 3408 περιέχει
2952 3355 2964 3368 ο
2995 3340 3097 3404 Είς
3119 3336 3185 3390 τὸ
3211 3337 3396 3404 τέλος,
3415 3337 3564 3406 ὑπὲρ
3596 3336 3699 3392 τοῦ
3725 3338 3870 3401 λαοῦ,

2352 3428 2458 3483 τοῦ
2501 3427 2620 3481 ἀπὸ
2670 3425 2779 3480 τῶν
2821 3427 2999 3495 ἁγίων
3039 3426 3549 3496 μεμακρυμμένου,
3602 3427 3675 3496 τῷ
3718 3427 3868 3486 Δαυῖὄ,

2355 3519 2738 3592 στηλογραφία,
2767 3519 2854 3572 ὅτε
2893 3519 3198 3590 ἐκράτησαν
3244 3519 3402 3571 αὑτὸν
3449 3519 3497 3571 oi
3528 3517 3797 3586 ἀλλόφυλοι
3828 3520 3870 3570 ὲν

2355 3610 2477 3672 Γέθ,
2523 3609 2679 3664 Κατά
2725 3609 2780 3662 δὲ
2829 3610 2919 3662 τὸν
2956 3604 3184 3664 ’Δκύλαν
3223 3611 3430 3681 εἴρηται
3458 3630 3470 3642 ·
3502 3597 3596 3676 ’Τῷ
3627 3610 3869 3673 naccam?

2352 3681 2502 3766 ὑπὲρ
2527 3696 2879 3766 περιστερᾶς
2904 3697 3153 3763 ἀλάλου,
3181 3700 3548 3768 μακρυσμῶν
3589 3700 3694 3754 τοῦ
3723 3700 3868 3754 Δαυτὸ

2352 3790 2650 3854 ταπεινοῦ,
2673 3791 2924 3854 τελείου,
2946 3777 3033 3843 εν
3061 3789 3139 3855 τῷ
3182 3776 3473 3857 κρατῆσαι
3513 3790 3698 3844 αὐτὸν
3722 3793 3868 3844 diull-

2351 3881 2595 3946 σταίους
2623 3881 2692 3935 ἐν
2717 3881 2833 3937 rso
2856 3899 2868 3912 ·
2904 3881 3043 3935 κατά
3081 3881 3138 3933 δὲ
3187 3880 3278 3933 τὸν
3315 3880 3606 3950 Σύμμαχον
3626 3898 3660 3945 ο,
3687 3880 3867 3932 Ἐπιγί-

2351 3990 2483 4027 κιον
2504 3973 2653 4042 ὑπὲρ
2681 3971 2792 4042 τῆς
2831 3971 3196 4041 περιστερᾶς,
3224 3970 3373 4041 ὑπὲρ
3397 3971 3501 4024 τοῦ
3533 3973 3728 4039 φύλου
3749 3972 3868 4025 ἀπω-

2350 4063 2576 4133 σμένου
2617 4066 2722 4120 τοῦ
2756 4065 2953 4130 Δαυῒδ,
3001 4064 3104 4118 τοῦ
3159 4065 3620 4132 ταπεινόφρονος
3663 4064 3753 4117 καὶ
3793 4065 3867 4132 ἀμ-

2348 4154 2525 4221 ώμου,
2555 4154 2651 4209 ὅτε
2679 4157 2973 4226 κατέσχον
2989 4155 3170 4210 αὑτὸν
3196 4158 3250 4208 οί
3288 4154 3627 4208 Φυλισταῖοι
3655 4155 3721 4207 ἐν
3745 4154 3861 4207 Γέθ·

2349 4246 2382 4314 ἡ
2414 4243 2470 4296 δὲ
2495 4244 2714 4317 πέμπτη
2750 4247 2954 4311 ἔκδοσις
2970 4264 2983 4276 ·
3026 4245 3107 4311 Τῷ
3130 4244 3410 4311 νικοποιῷ
3439 4244 3591 4312 ὑπὲρ
3614 4244 3718 4312 τῆς
3743 4261 3864 4310 περι·

2350 4332 2566 4401 στερᾶς
2609 4334 2715 4404 τῆς
2745 4337 3092 4406 μογιλάλον,
3115 4337 3529 4406 κεκρυμμένων
3578 4337 3658 4402 τῷ
3699 4336 3860 4395 Δαυῒδ,

2348 4427 2435 4490 είς
2481 4429 2944 4496 στηλογραερίαν,
2996 4431 3172 4482 ὁπότε
3221 4428 3557 4496 ἐκράτησαν
3614 4428 3785 4483 αὐτὸν
3825 4430 3862 4478 cl

2350 4513 2682 4583 ἀλλόφυλοι
2717 4516 2786 4569 ἐν
2820 4517 2962 4570 Γέθ·
3011 4519 3102 4570 καὶ
3139 4521 3167 4570 ό
3210 4516 3496 4570 Θεοδοτίων
3537 4516 3594 4570 δὲ
3640 4519 3753 4570 ἀντὶ
3774 4514 3860 4576 τοῦ,

2281 4578 2323 4634 D
2364 4578 2525 4692 νηξὲρ
2563 4607 2667 4660 τοῦ
2705 4607 2858 4661 λαοῦ
2887 4609 3001 4662 ἀπὸ
3041 4610 3156 4665 τῶν
3185 4611 3365 4678 ἁγίων
3384 4608 3859 4678 μεμακρυμμένου,

2349 4697 2499 4766 ὑπὲρ
2527 4697 2633 4767 τῆς
2660 4699 3022 4768 περιστερᾶς,
3054 4700 3251 4770 ὁμοίως
3278 4702 3387 4764 τοῖς
3419 4700 3622 4764 λοιποῖς
3651 4701 3857 4764 ἐξέδωκε.

2351 4788 2500 4858 Τάχα
2549 4788 2605 4841 δέ
2652 4807 2753 4842 που
2797 4790 3119 4843 αίνίττονται
3169 4791 3218 4842 oi
3274 4791 3596 4862 περιστερὰν
3646 4789 3856 4853 ἄλαλογῆ

2354 4879 2634 4947 μογιλάλον
2665 4880 2941 4951 εἰρηκότες
2969 4879 3128 4932 αὐτὸν
3158 4879 3247 4931 τὸν
3275 4879 3432 4932 Δαυῖδ
3472 4881 3624 4949 παρά
3666 4884 3766 4944 τοῖς
3787 4877 3855 4930 n-

2352 4970 2595 5039 λοφύλοις
2621 4971 2767 5032 ὅντα,
2797 4970 2889 5023 καὶ
2922 4968 2994 5040 μὴ
3017 4969 3305 5040 δυνάμενον
3329 4969 3504 5024 λαλεῖν
3539 4973 3769 5044 συνήθως
3785 4969 3855 5030 τὰς

2351 5065 2408 5115 ὲν
2441 5063 2580 5132 ἁγίῳ
2617 5061 2891 5131 Πνεύματι
2925 5061 3271 5132 προφητείας,
3317 5063 3446 5134 μηδὲ
3483 5065 3581 5118 σὺν
3620 5060 3854 5135 παρρησίᾳ

2350 5153 2471 5217 τοὺς
2492 5153 2689 5224 ὕμνους
2702 5152 3096 5222 προσφέρεσθαι
3115 5153 3211 5224 (l).
3231 5155 3322 5207 Διὸ
3340 5153 3624 5226 μογιλάλον
3648 5166 3854 5225 περιστεσ

2353 5244 2450 5313 ράν
2477 5245 2513 5315 ἢ
2550 5245 2642 5297 καὶ
2687 5243 2877 5297 ἄλαλον
2911 5244 3069 5296 αὐτὸν
3110 5245 3557 5316 ὡνὸμαζον..Καὶ
3599 5249 3659 5300 ὲν
3776 5240 3851 5308 πρὸ

2328 5335 2533 5388 τούτου
2561 5335 2616 5388 δὲ
2647 5333 2844 5404 ψαλμῷ
2866 5334 3077 5414 λέλεκτο
3095 5354 3108 5366 ·
3146 5338 3240 5402 Τις
3269 5337 3443 5391 δώσει
3473 5354 3576 5408 μοι
3601 5337 3850 5401 πτέρυγας

2349 5426 2486 5480 ὡσεὶ
2516 5419 2897 5494 περιστερᾶς
2924 5429 3029 5481 Kal
3055 5427 3499 5498 πετασθήσομαι
3533 5429 3575 5496 ἢ
3599 5428 3698 5482 καὶ
3724 5421 3848 5488 ἕδραν

2349 5518 2663 5587 σθήσομαι.
2715 5517 2910 5586 nemo
2953 5517 3028 5572 ἂν
3069 5520 3322 5589 ἐποίησα
3371 5520 3483 5588 τὴν
3516 5507 3848 5586 ἀναχώρησιν

706 5613 875 5659 torem
930 5605 1272 5662 descendisse
1321 5618 1609 5672 narratur,
1676 5622 1800 5663 cum
1846 5609 2110 5665 delicatus
2163 5611 2245 5663 in-

2352 5628 2477 5678 μου,
2507 5607 2826 5680 ηὐλιξόμην
2856 5609 2932 5665 ἂν
2953 5612 3023 5665 ἐν
3048 5611 3120 5684 τῇ
3143 5612 3358 5685 ἐρήμῳ,
3384 5609 3526 5668 κατά
3671 5603 3846 5676 Σύμμα-

781 5718 822 5748 ¹¹
859 5716 877 5770 1
915 5715 1045 5790 Reg.
1083 5736 1208 5784 ιιι,
1247 5720 1332 5774 13.
1410 5722 1451 5752 ¹³
1491 5704 1670 5790 l’Reg.
1709 5737 1885 5785 xxv",
1922 5721 1976 5773 2.
2053 5723 2096 5752 ¹⁶
2136 5720 2255 5777 Psal

2352 5740 2402 5778 Iv
2421 5762 2451 5790 ,.
2472 5725 2524 5787 7,
2559 5723 2610 5778 8.

776 5813 852 5876 (il
883 5813 1343 5880 Προσφέρεσθαι.
1380 5813 1538 5870 Forte
1568 5813 1945 5882 προφέρεσθαι,
1980 5823 2037 5870 ιιι
2073 5823 2124 5872 et
2162 5816 2256 5871 iult

2352 5831 2424 5872 rcs
2449 5815 2641 5879 legisse
2668 5812 2895 5872 videtur.
2925 5815 3078 5874 Ευιτ.
