3966 6348
71 444 162 498 ιη
1161 445 1663 509 COMMENTABIA
1699 448 1764 504 IN
1803 449 2136 507 PSALMOS.
3148 458 3252 513 ιρι

69 577 166 630 χον.
204 560 356 613 Ἐπεί
392 559 568 613 τοίνυν
591 561 651 612 τὸ
674 559 893 630 Πνεῦμα
918 559 979 614 τὸ
1020 562 1169 630 ᾶγιον
1197 564 1258 616 τὸ
1289 565 1347 616 ὲν
1376 565 1453 635 τῷ
1477 566 1607 636 Προ-

1710 582 2021 640 nocensque
2048 570 2138 631 sit,
2175 583 2204 622 a
2241 567 2401 623 Saule
2430 566 2684 624 Davidem
2731 567 3051 639 insequente
3092 573 3257 641 pelle-

68 651 198 720 φήτῃ
221 648 495 720 ἕνεργοῦν,
522 649 552 702 δ
574 652 668 703 καὶ
688 652 748 702 ἂν
771 650 900 704 εῖδει
924 654 1248 726 περιστερᾶς
1275 653 1368 706 ἐπὶ
1388 656 1607 709 resilu-

1709 659 1884 722 batur,
1912 661 2212 730 pulsusque
2254 674 2363 714 non
2410 659 2707 715 obsistebat
2728 697 2744 722 ,
2792 659 2887 714 sed
2919 661 3111 716 similis
3140 671 3257 718 erat

65 744 190 812 τῆρα
229 741 650 812 κατεληλυθέναι
683 746 1058 814 μαρτυρεῖται,
1102 746 1368 819 τρυφερὸν
1410 747 1469 801 ὃν
1514 749 1607 801 καὶ

1709 749 1967 804 columbae
1995 757 2157 803 mutae
2185 750 2375 818 procul
2404 749 2626 813 abactae,
2653 756 2707 803 et
2733 750 2800 804 ab
2841 749 3258 820 insequentibus

65 835 273 896 ἄκακον,
327 833 591 902 ἠλαύνετο
639 835 745 888 ὑπὸ
790 835 884 890 τοῦ
933 836 1104 890 Σαοὺλ
1138 837 1468 910 διωκομένου
1514 839 1605 893 τοῦ

1709 840 1944 909 depulsae
1966 856 1982 907 ;
2007 841 2128 895 ideo
2156 855 2186 894 a
2211 840 2436 910 reliquis
2459 840 2840 910 interpretibus
2877 856 2969 910 pro
3017 842 3259 898 columba

64 922 226 985 Δαυτδ,
259 922 610 994 ὲλαυνόμενόν
629 940 691 976 τε
721 925 820 978 οὐκ
846 924 1098 995 ἠμύνετο,
1125 925 1236 978 ἀλλ’
1261 926 1420 997 ἐῴκει
1450 945 1609 999 περι-

64 1016 212 1084 περᾷ
234 1013 417 1085 ἅλάλῳ
458 1015 840 1089 μακρυνομένῃ
872 1018 966 1070 καὶ
986 1017 1343 1090 ἀπωθουμένῃ
1374 1020 1477 1073 ὑπὸ
1498 1020 1605 1076 τῶν

63 1107 350 1160 διωκόντων
372 1124 383 1136 ·
419 1106 609 1159 τούτου
645 1108 799 1178 χάριν
829 1104 971 1163 κατὰ
1021 1109 1148 1173 τοὺς
1183 1108 1401 1173 λοιποὺς
1434 1112 1606 1182 ἑρμη-

68 1199 258 1262 δευτὰς,
279 1198 434 1266 ὑπὲρ
458 1196 564 1265 τῆς
583 1184 950 1268 περιστερᾶς,
973 1200 1201 1273 εἴρηται.
1237 1202 1379 1254 Ἀντὶ
1404 1203 1460 1256 δὲ
1488 1203 1603 1268 τοῦ,

64 1293 136 1355 είς
170 1291 637 1360 arula-magiam
682 1291 710 1342 ὁ
756 1293 853 1363 μὲν
901 1293 1147 1357 Ἀκύλας,
1198 1296 1475 1349 ταπεινοῦ
1510 1313 1602 1348 τε-

65 1383 248 1435 λείου·
306 1383 336 1434 ὁ
363 1383 440 1459 ,δὲ
485 1382 794 1453 Σύμμαχος,
843 1384 949 1438 τοῦ
994 1387 1449 1454 ταπεινόφρονος
1505 1388 1604 1442 καὶ

65 1477 306 1544 ἀμώμου,
338 1476 699 1546 ἠρμήνευσεν,
743 1475 833 1528 τὸν
876 1477 1073 1546 τρόπον
1117 1477 1394 1548 δηλοῦντες
1437 1479 1502 1533 δι’
1543 1480 1601 1532 ὃν

64 1565 234 1637 ὥσπερ
260 1567 459 1636 στήλης
489 1567 582 1620 καὶ
607 1566 827 1630 αίωνίας
862 1568 1082 1640 μνήμης
1107 1568 1318 1640 ἠξιοῦτο
1354 1569 1500 1640 παρὰ
1524 1569 1602 1641 τῷ

64 1658 166 1727 Θεῷ
207 1660 240 1729 ἡ
273 1657 366 1710 τοῦ
415 1659 699 1729 Προφήτου
729 1658 914 1730 ἀρετή.
958 1659 1032 1713 Τὸ
1074 1660 1180 1732 γὰρ
1222 1661 1471 1732 μέγιστον
1506 1662 1600 1714 τοῦ

63 1747 206 1799 Δαυῖδ
233 1748 564 1820 κατόρθωμα
589 1752 622 1820 ἡ
649 1751 969 1822 ταπεινότης
988 1747 1057 1822 ἦν
1079 1751 1170 1806 καὶ
1198 1754 1602 1823 ήταπεινοφρο-

1708 931 1911 986 dictum
1942 942 2045 989 est.
2072 931 2177 987 Pro
2210 932 2302 987 illo
2325 940 2534 994 autem,
2561 934 2616 987 in
2647 932 2787 987 tituli
2831 934 3220 1003 inscriptionem
3240 974 3257 998 ,

1708 1022 1920 1092 Aquila,
1957 1023 2166 1078 humilis
2199 1024 2450 1092 perfecti;
2485 1022 2841 1095 Symmachus
2868 1040 3017 1090 vero,
3046 1025 3258 1080 humilis

1705 1124 1754 1169 et
1789 1115 2059 1183 inculpati,
2085 1116 2420 1186 interpretati
2450 1125 2608 1183 sunt;
2642 1117 3006 1188 signiﬁcantes
3036 1133 3142 1188 qua
3170 1133 3259 1172 ra-

1703 1207 1850 1261 tione
1869 1205 2148 1275 Prophetas
2175 1209 2367 1273 virtus,
2388 1211 2542 1279 quasi
2563 1210 2739 1278 cippo,
2772 1211 2840 1265 ad
2867 1218 3120 1266 sternam
3144 1226 3259 1266 me-

1705 1300 1932 1354 moriam
1957 1300 2098 1369 apud
2129 1299 2296 1355 Deum
2327 1299 2522 1357 donata
2555 1301 2644 1356 sit.
2672 1300 2960 1358 Enimvero
2989 1301 3258 1372 praecipua

1707 1389 1922 1446 Davidis
1961 1391 2219 1460 perfectio
2269 1399 2386 1447 erat
2439 1392 2714 1447 humilitas
2770 1400 2824 1447 et
2869 1393 3118 1463 abjectio,
3153 1407 3260 1463 qua

1707 1483 2006 1537 absolutam
2043 1484 2295 1538 virtutem
2341 1485 2476 1539 nulli
2520 1485 2925 1554 reprehensioni
2971 1485 3258 1540 obnoxiam

1705 1573 2010 1628 exhibebat.
2053 1572 2231 1639 Quare
2257 1574 2356 1629 hos
2398 1589 2695 1638 sermones,
2722 1575 3012 1630 eminentis
3038 1589 3101 1630 ac
3137 1590 3260 1644 per-

1706 1664 1857 1720 lecta:
1922 1665 2242 1720 humilitatis
2297 1667 2561 1720 rationem
2631 1665 3049 1733 complectentes
3074 1704 3091 1731 ,
3151 1665 3258 1721 Deo

1704 1757 1899 1810 emittit
1911 1795 1925 1816 .

64 1839 199 1910 σύνη,
233 1840 356 1893 καθ’
425 1843 489 1911 ἦν
523 1841 731 1894 τελείαν
797 1842 1138 1898 ἐπεδείκνυτο
1183 1842 1401 1915 ἀρετὴν,
1447 1843 1632 1897 οὐδένα
1671 1846 1858 1917 μῶμον
1912 1848 2269 1920 ἐπαγομένην.
2308 1849 2397 1902 Διὸ
2429 1850 2552 1912 τοὺς
2613 1849 2994 1920 προκειμένους
3044 1848 3253 1916 λόγους,

62 1929 488 2001 ὑπερϐαλλούσης
546 1931 639 1984 καὶ
687 1930 898 1994 τελείας
947 1932 1444 2004 ταπεινοφροσύνης
1495 1933 1761 2005 δείγματα
1791 1938 2157 2009 περιέχοντας,
2195 1940 2474 2010 ἀνέπεμπε
2517 1940 2594 2012 τῷ
2626 1941 2742 2012 Θεῷ
2778 1942 2948 2010 λέγων
2971 1959 2984 1971 ³

133 2024 415 2092 Ἐλέησόν
449 2041 545 2095 με,
594 2029 627 2079 ὁ
665 2025 828 2092 Θεὸς,
864 2026 951 2079 ὅτι
996 2026 1367 2097 κατεπάτησέ
1391 2045 1467 2096 με
1503 2027 1607 2081 ἆν-

1778 2032 2025 2088 Miserere
2051 2035 2172 2097 mei,
2191 2033 2351 2097 Deus,
2369 2035 2614 2102 quoniam
2639 2036 2959 2090 conculcavit
2979 2053 3055 2090 me
3077 2035 3252 2090 homov

65 2112 294 2184 θρωάος,
333 2118 410 2181 ὡς
447 2117 584 2190 πρὸς
626 2117 723 2188 τὴν
765 2117 910 2183 λέξιν
954 2119 1044 2170 τὸν
1088 2119 1258 2172 Σαοὺλ
1307 2119 1606 2190 σημαίνων,

1710 2123 1910 2181 diserte
1940 2127 2094 2197 quasi
2124 2125 2338 2182 Saulem
2378 2128 2649 2190 indicans,
2681 2129 2774 2198 qui
2823 2129 2874 2182 in
2911 2143 2968 2184 se
2998 2128 3254 2198 impetum

63 2209 394 2262 ὲπαναδάντα
437 2209 604 2279 αύτῷ,
655 2209 749 2262 καὶ
781 2210 840 2288 ού
893 2210 1020 2279 μίαν
1061 2210 1294 2283 ἡμέραν,
1341 2211 1478 2265 ἀλλὰ
1519 2213 1607 2284 καὶ

1711 2217 1958 2280 faciebat,
1989 2234 2164 2288 neque
2201 2235 2311 2274 uno
2340 2228 2570 2284 tantum,
2603 2221 2698 2277 sed
2731 2221 2914 2276 multis
2960 2220 3150 2276 diebus
3187 2218 3255 2276 ad

67 2299 243 2363 πολλὰς
272 2301 595 2370 ἐπιθέμενον
618 2299 696 2370 τῷ
737 2302 852 2353 κατ’
888 2299 1054 2353 αὐτοῦ
1087 2301 1306 2372 πολέμῳ
1328 2320 1342 2334 ·
1377 2302 1455 2356 διδ
1495 2305 1607 2356 επι-

1709 2309 1908 2363 bellum
1957 2310 2060 2365 sibi
2110 2310 2450 2368 inferendum
2497 2313 2879 2387 incumbebat;
2928 2327 3097 2384 quare
3129 2312 3259 2369 sub-

64 2391 218 2458 λέγει·
267 2394 454 2460 Ὅλην
500 2393 612 2461 τὴν
659 2392 886 2462 ἡμέραν
937 2393 1227 2472 ποθεμῶν.
1260 2395 1472 2464 ἐθλιψέ
1510 2413 1606 2465 με.

65 2483 161 2538 Εἶτ’
193 2486 490 2557 ἐπειδήπερ
524 2485 602 2556 τῷ
641 2486 775 2556 ,θείῳ
808 2485 1084 2556 Πνεύματι
1113 2486 1357 2558 συνεώρα
1387 2489 1484 2556 οὐχ
1521 2487 1609 2540 οῦ-

63 2593 156 2639 τως
179 2577 265 2629 τὸν
298 2578 474 2631 Σαοὺλ
503 2576 674 2631 αἴτιον
705 2577 832 2630 ὕντα
855 2578 956 2646 τῆς
991 2579 1263 2648 τοσαύτης
1300 2580 1416 2631 κατ’
1446 2577 1607 2631 αὑτοῦ

66 2669 298 2738 σπουδῆς,
349 2671 473 2722 ὅσον
513 2669 736 2737 ἀφανεῖς
782 2685 933 2731 τινας
982 2668 1075 2720 καὶ
1125 2669 1346 2738 νοητοὺς
1384 2667 1608 2738 ἐχθροὺς

65 2762 328 2831 ἀοράτους,
353 2761 563 2832 δηλαδὴ
601 2761 857 2832 δυνάμεις
907 2762 1000 2814 καὶ
1037 2759 1321 2830 πνεύματα
1376 2758 1602 2830 πονηρὰ,

62 2851 140 2903 τὸν
170 2852 335 2904 Σαοὺλ
380 2851 705 2922 ἐνεργοῦντα
742 2853 835 2906 καὶ
869 2851 1198 2922 διεγείροντα
1229 2851 1321 2904 ἐπὶ
1359 2851 1448 2904 τὸν
1487 2853 1605 2904 κατ’

65 2945 207 2997 αὐτοῦ
266 2946 533 3016 πόλεμον,
583 2945 806 3010 εἰκότως
849 2945 1115 3014 ἐπιλέγει·
1175 2941 1609 3012 Κατεπάτησάν

62 3054 128 3105 με
154 3043 202 3093 ol
241 3038 444 3106 ἐχθροί
477 3054 595 3107 μου
636 3036 788 3105 ὅλην
817 3039 931 3106 τὴν
974 3036 1226 3106 ἡμέραν·
1263 3035 1295 3105 ἢ
1342 3034 1482 3089 κατὰ
1521 3034 1609 3087 τὸν

66 3128 338 3200 Σύμμαχον
356 3145 371 3160 ·
421 3127 750 3197 Ἐπέτριϐον
779 3132 832 3184 οἱ
861 3128 1164 3195 θλίϐοντές
1203 3146 1280 3198 με
1321 3130 1468 3182 κατὰ
1495 3125 1607 3182 πᾶ·-

62 3234 170 3273 σαν
199 3220 448 3292 ἡμέραν.
476 3222 632 3285 Τίνες
657 3221 712 3274 δὲ
740 3223 786 3274 οἱ
821 3220 1002 3294 ἐχθροὶ
1034 3221 1128 3274 καὶ
1149 3221 1197 3272 oi
1222 3220 1491 3283 θλίϐοντες
1514 3219 1610 3272 αὐ-

64 3311 160 3375 τὸν,
187 3311 237 3364 οῑ
263 3312 353 3364 τὸν
382 3311 555 3365 Σαοὺλ
579 3311 942 3384 ἐνεργοῦντες,
976 3311 1228 3378 διασαφεῖ
1259 3309 1385 3381 ἑξῆς
1405 3310 1603 3379 λέγων·

67 3404 170 3454 Ὀτι
205 3403 420 3463 πολλοὶ
464 3407 518 3457 οἱ
560 3401 960 3472 πολεμοῦντές
993 3419 1070 3470 με
1112 3401 1231 3455 ἀπὸ
1263 3401 1477 3468 ὕψους.
1531 3402 1604 3455 Ού

66 3493 159 3563 γὰρ
191 3495 393 3563 ἠγνόει,
420 3493 496 3557 ὡς
532 3495 631 3546 οὐκ
657 3489 724 3564 ἦν
758 3492 903 3563 αὐτῷ
930 3494 962 3562 ἠ
997 3492 1140 3563 πάλη
1176 3491 1309 3563 πρὸς
1343 3487 1480 3561 αἷμα
1513 3494 1607 3545 καὶ

68 3586 245 3656 σάρκα,
267 3585 404 3644 ἀλλὰ
427 3586 561 3658 πρὸς
588 3583 685 3648 τὰς
711 3584 883 3656 ἀρχὰς
911 3585 1005 3637 καὶ
1032 3583 1296 3650 ἐξουσίας,
1324 3585 1460 3654 πρὸς
1481 3584 1607 3646 τοὺς

66 3679 491 3750 κοσμοκράτορας
520 3677 613 3730 τοῦ
653 3677 874 3739 σκότους
917 3674 1127 3738 τούτου,
1162 3660 1298 3745 πρδς
1347 3673 1414 3726 τὰ
1447 3690 1607 3725 πνευ-

70 3771 250 3837 ματικὰ
279 3771 381 3841 τῆς
424 3769 703 3842 πονηρίας,
734 3768 824 3836 ὑφ’
849 3760 924 3821 ὧν
953 3769 981 3821 ὁ
1031 3766 1202 3820 Σαοὺλ
1240 3764 1602 3836 ἀκονώμενος,

67 3861 143 3913 τὸν
171 3862 329 3933 μηδὲν
370 3860 519 3932 αὑτῷ
555 3858 890 3932 λελυπηκότα
931 3858 1147 3911 πώποτε
1190 3859 1362 3929 μάτην
1412 3858 1605 3927 ἦλαυνε

69 3954 148 4006 καὶ
178 3953 448 4024 ἐπολέμει.
484 3949 598 4006 Εἴθ’
623 3951 748 4024 ἑξῆς
771 3947 962 4022 φησιν·
1006 3949 1245 4019 Ἡμέρας
1276 3948 1608 4018 φοϐηθήσο-

64 4061 172 4111 μαι,
197 4045 308 4114 ἐγὼ
330 4045 399 4098 δὲ
426 4044 610 4098 suis
636 4044 734 4098 ἐπὶ
761 4044 854 4098 σέ.
898 4045 963 4095 Ὃ
992 4041 1056 4112 δὴ
1079 4041 1401 4111 διεσάφησεν
1425 4042 1453 4092 ὁ
1475 4039 1543 4092 Σύ
1553 4059 1609 4111 μ-

72 4155 220 4207 μαχος
262 4136 466 4190 εἰπών·
512 4130 667 4208 Ἐνῇ
711 4136 787 4189 ἂν
825 4136 1012 4204 ἡμέρᾳ
1056 4133 1309 4202 φοϐηθῶ,
1359 4131 1455 4185 σοὶ
1504 4132 1608 4185 πέ-

69 4233 242 4283 ποιθα.
282 4230 345 4282 Et
387 4228 497 4300 γὰρ
528 4230 620 4282 καὶ
650 4228 717 4281 τὰ
764 4227 991 4297 μάλιστα
1033 4225 1176 4278 δοκεῖ
1219 4225 1502 4295 ἄνθρωπός
1543 4242 1609 4295 με

71 4320 584 4392 καταπεπατηκέναι,
643 4317 807 4380 πολὺς
869 4317 1154 4388 γενόμενος
1213 4317 1333 4369 κατ’
1389 4316 1521 4389 ἐμοῦ
1579 4319 1608 4371 ὁ

72 4410 244 4476 Σαοὺλ,
288 4411 402 4464 ἀλλ’
451 4412 498 4462 οὶ
544 4408 727 4480 ἐχθροί
775 4425 874 4480 μου
919 4409 1013 4462 καὶ
1052 4410 1101 4461 οἱ
1145 4407 1502 4480 πολεμοῦντες
1543 4426 1611 4480 με

73 4501 274 4567 ἄνωθεν,
309 4501 418 4554 ἁπδ
463 4500 629 4569 ῦψους
660 4498 730 4551 τὰ
773 4499 978 4552 ἑαυτῶν
1015 4498 1140 4569 βέλη
1174 4499 1315 4554 κατὰ
1347 4501 1445 4570 τῆς
1474 4499 1610 4570 ὲμῆς

76 4594 338 4664 βάλλοντες
388 4591 563 4664 ψυχῆς
615 4591 851 4644 πλεῖστοι
897 4592 1237 4661 τυγχάνουσι.
1285 4591 1501 4646 Τούτων
1555 4592 1616 4646 δὲ

1704 2401 1905 2471 jungit,
1938 2401 2161 2458 dicens:
2213 2402 2346 2458 Tota
2388 2405 2474 2460 die
2508 2405 2817 2480 impugnans
2855 2405 3126 2459 tribulavit
3155 2420 3254 2458 me.

1708 2491 1912 2547 Deinde
1965 2495 2093 2563 quia
2141 2493 2346 2564 Spiritu
2408 2503 2598 2552 sancto
2632 2506 2972 2553 monstrante
3019 2495 3254 2556 videbat.

1707 2599 1815 2637 non
1838 2591 1945 2637 tam
1977 2583 2195 2640 Saulem
2243 2587 2377 2640 tanti
2410 2586 2698 2641 adversum
2741 2602 2799 2642 se
2829 2570 3124 2641 moliminis
3159 2600 3254 2639 au-

1706 2681 1913 2728 ctorem
1943 2689 2086 2738 esse,
2116 2690 2277 2744 quam
2303 2675 2547 2729 occultos
2577 2675 2837 2744 quosdam
2866 2682 2920 2729 et
2948 2674 3255 2744 spirituales

1707 2765 2117 2836 invisibilesque
2181 2765 2451 2830 inimicos,
2520 2764 2772 2819 videlicet
2833 2773 3130 2834 potestates
3189 2779 3255 2817 ac

1707 2857 1931 2926 spiritus
1970 2856 2237 2927 malignos
2263 2855 2478 2911 Saulem
2508 2855 2842 2926 exagitantes
2870 2862 2924 2909 et
2953 2855 3254 2909 excitantes

1707 2950 1774 3004 ad
1805 2949 2006 3005 bellum
2053 2947 2154 3004 sibi
2194 2948 2553 3011 movendum,
2593 2947 2716 3016 jure
2764 2946 2845 3000 sic
2883 2945 3089 3017 pergit:
3123 2944 3256 3000 Con-

1707 3041 2043 3094 culcaverunt
2063 3055 2144 3094 me
2163 3040 2362 3093 inimici
2391 3040 2491 3093 mei
2511 3047 2623 3093 tota
2649 3038 2768 3105 diei;
2802 3039 2935 3103 sive,
2958 3037 3254 3092 secundum

1710 3133 2114 3204 Symmachum,
2148 3132 2456 3186 Atterebant
2495 3148 2576 3185 me
2602 3130 2691 3202 qui
2721 3129 3042 3184 tribulabant
3072 3143 3259 3196 meper

1709 3241 1910 3279 omnem
1953 3225 2110 3279 diem.
2169 3221 2401 3289 Quinam
2435 3236 2563 3277 vero
2600 3215 2806 3275 inimici
2857 3227 3040 3277 essent
3079 3221 3257 3274 tribuo

1709 3319 1884 3373 iantes
1939 3318 2138 3387 ipsum,
2194 3317 2289 3386 qui
2344 3314 2562 3368 Saulcm
2623 3313 2956 3379 excitabant,
3005 3312 3258 3382 deinceps

1698 3406 1969 3471 declarat,
1998 3407 2184 3461 dicens
2212 3424 2224 3460 :
2259 3405 2519 3470 Quoniam
2543 3404 2694 3457 multi
2709 3403 2960 3458 bellantes
2983 3403 3257 3458 adversum

1708 3516 1790 3553 me
1836 3498 1899 3551 ab
1957 3497 2256 3551 altitudine.
2299 3495 2415 3550 Non
2449 3496 2593 3550 enim
2630 3487 2915 3566 ignorabat
2965 3511 3073 3550 non
3128 3509 3254 3558 esse

1709 3589 1812 3644 sibi
1846 3589 2046 3642 luctam
2094 3588 2356 3642 adversus
2388 3593 2603 3643 carnem
2647 3593 2702 3640 et
2747 3585 3098 3656 sanguinem;
3158 3584 3256 3640 sed

1708 3682 1969 3735 adversus
2012 3679 2347 3750 principatus
2374 3686 2428 3733 et
2451 3684 2766 3748 potestates,
2803 3685 3046 3733 rectores
3068 3676 3257 3730 mundi

1708 3772 2056 3827 tenebrarum
2088 3770 2302 3831 barum,
2334 3777 2524 3824 contra
2570 3767 2871 3839 spiritualia
2911 3767 3188 3838 nequitia,
3223 3783 3256 3821 a

1710 3861 1909 3932 quibus
1952 3859 2079 3914 Saul
2113 3859 2433 3922 concitatus,
2483 3873 2604 3913 eum
2636 3858 2728 3928 qui
2769 3859 2873 3914 sibi
2901 3859 3040 3914 nihil
3069 3858 3256 3914 damni

1709 3952 2003 4016 intulisset,
2027 3951 2144 4005 sine
2158 3963 2320 4005 causa
2336 3948 2568 4019 pellebat
2586 3957 2639 4004 et
2667 3949 3033 4019 impugnabat.
3060 3948 3259 4005 Deinde

1710 4045 1786 4098 ait
1825 4062 1838 4096 :
1883 4041 1980 4096 Die
2003 4041 2211 4107 timebo,
2238 4058 2330 4112 ego
2360 4058 2476 4096 vero
2503 4044 2558 4096 in
2602 4050 2649 4095 te
2676 4041 2914 4111 sperabo.
2962 4040 3116 4108 Quod
3146 4042 3258 4097 cla-

1710 4138 1826 4190 rius
1851 4134 2210 4207 Symmachus
2243 4132 2533 4204 explicavit
2556 4132 2643 4188 his
2671 4133 2852 4187 verbis
2886 4148 2902 4183 :
2941 4131 3006 4184 In
3031 4147 3259 4202 quacun-

1709 4246 1806 4300 que
1828 4228 1911 4283 die
1940 4227 2145 4291 timebo,
2193 4228 2249 4280 in
2294 4234 2340 4280 te
2366 4225 2585 4294 sperati.
2638 4222 2861 4278 Etiamsi
2900 4222 3042 4277 enim
3072 4222 3244 4276 homo

1711 4337 1796 4376 me
1829 4322 2166 4391 impugnare,
2219 4317 2458 4386 Saulque
2500 4315 2668 4369 multa
2723 4321 2914 4368 contra
2947 4328 3034 4369 me
3076 4314 3254 4369 moliri

1711 4412 1999 4479 videatur;
2041 4412 2135 4467 sed
2184 4403 2392 4464 inimici
2431 4405 2558 4471 mei,
2591 4413 2646 4460 et
2685 4405 2777 4474 qui
2812 4406 2879 4461 ab
2906 4405 3016 4459 alto
3042 4421 3128 4461 me
3151 4406 3255 4460 im-

1713 4512 1975 4575 pugnant,
2019 4504 2120 4558 tela
2167 4516 2265 4557 sua
2296 4499 2554 4553 adversus
2585 4497 2816 4550 animam
2849 4511 3022 4552 meam
3055 4498 3259 4550 immit-

1712 4597 1911 4662 tentes,
1941 4597 2093 4650 multi
2128 4605 2353 4647 numero
2401 4598 2548 4646 sunt.
2583 4587 2693 4644 llos
2722 4603 2887 4659 porro
2918 4603 3108 4643 omnes
3133 4602 3262 4658 pro-
3321 4647 3324 4651 _

75 4686 267 4738 πάντων
295 4682 650 4754 καταφρονεῖν
680 4678 969 4751 μεμάθηκα
997 4680 1084 4734 διὰ
1115 4681 1174 4732 σὲ
1199 4680 1289 4744 τὸν
1323 4680 1454 4751 ὲμδν
1479 4681 1607 4753 πρό-

1715 4675 1835 4759 pter
1876 4697 1927 4741 te
1954 4689 2410 4755 propugnatorem
2461 4686 2514 4734 et
2555 4687 2914 4749 protectorem
2944 4691 3124 4732 meum
3160 4675 3257 4729 de-

78 4791 228 4844 μαχον
258 4776 352 4829 καὶ
389 4773 816 4847 ύπερασπιστήν.
848 4771 937 4823 Σοὶ
967 4769 1074 4842 γὰρ
1092 4770 1399 4850 -πεποιοὼς,
1426 4770 1610 4829 εἴποτε

75 4866 281 4934 ἐμπέσοι
315 4866 476 4936 φόϐος
503 4868 570 4937 τῇ
603 4865 709 4937 ἐμῇ
737 4861 1267 4936 ψυχῇ,διακρούομαι
1289 4863 1494 4930 τοῦτον,
1528 4867 1610 4921 σοὶ

64 4955 124 5026 τῷ
169 4957 542 5030 ὑπερασπιστῇ
583 4976 682 5029 μου
710 4957 945 5031 θαῤῥῶν.

98 5044 123 5071 ·’
144 5053 232 5105 Ἐν
260 5049 340 5115 τῷ
379 5053 576 5120 Κυρίῳ
605 5050 899 5105 ἐπαινέσω
927 5048 1068 5118 τοὺς
1097 5049 1314 5120 λόγους
1350 5067 1490 5118 μου,
1513 5049 1612 5104 ἐπὶ

63 5142 128 5207 τῷ
171 5142 285 5210 Θεῷ
326 5145 588 5213 ἤλπισα·
623 5145 695 5198 οὐ
727 5142 1134 5214 φοϐηθήσομαι
1167 5143 1224 5195 τι
1252 5140 1488 5208 ποιήσει
1511 5147 1634 5212 μοί

66 5251 100 5288 σ
116 5235 234 5304 ἀρε.
271 5235 414 5289 ’Δντὶ
460 5236 577 5300 τοῦ,
619 5238 689 5290 ἐν
725 5235 805 5303 τῷ
838 5236 959 5302 Θεῷ
993 5235 1285 5290 ἐπαινέσω
1323 5233 1464 5300 τοὺς
1510 5236 1611 5288 λό-

80 5344 205 5393 τους
229 5345 364 5396 μου,
392 5327 421 5380 ὁ
453 5327 551 5397 μὲν
579 5327 891 5399 Σύμμαχος,
923 5327 1018 5381 διὰ
1044 5328 1148 5382 τοῦ
1183 5323 1328 5380 Θεοῦ
1364 5324 1613 5394 ὑμνήσω

79 5418 171 5471 τὸν
214 5419 394 5487 λόγον
443 5418 659 5472 αὐτοῦ·
715 5420 746 5473 ὁ
795 5419 852 5473 δὲ
923 5419 1150 5482 ’Δκύλας
1178 5436 1191 5448 ·
1242 5416 1312 5471 ἐν
1365 5415 1447 5480 τῷ
1494 5417 1615 5484 θεῷ

79 5508 308 5576 ὑμνήσω
352 5507 590 5579 ῥήματα
619 5505 838 5564 αὐτοῦ·
887 5510 1059 5581 καὶ“ὴ
1098 5509 1319 5580 πέμπτη
1365 5505 1572 5570 ἔκδυσις
1596 5525 1608 5537 ·

85 5597 143 5650 ἂν
179 5599 255 5666 τῷ
297 5599 418 5666 Θεῷ
445 5599 745 5656 ἐπαινέαι)
791 5602 898 5656 τὸν
934 5603 1119 5670 λόγον
1145 5617 1280 5670 μου,
1311 5598 1609 5653 ὲκδεδώκα-

85 5703 174 5744 σιν.
201 5690 266 5747 Et
297 5709 445 5755 ποτε,
492 5694 645 5764 φησὶ,
679 5692 840 5762 φόϐος
863 5694 928 5746 tat
969 5692 1071 5762 τῆς
1103 5690 1208 5745 τῶν
1239 5687 1611 5758 πολεμούντων

88 5795 144 5846 με
167 5783 398 5854 ταραχῆς
437 5777 692 5838 ἐνέπιπτέ
728 5800 836 5855 μοι,
877 5783 1228 5856 διεκρουόμην
1263 5781 1423 5835 αὑτὸν
1465 5783 1613 5836 Hrcl-

88 5863 182 5927 ζων
225 5871 314 5925 ἰπὶ
359 5874 416 5926 σί
439 5891 454 5906 ο
501 5874 594 5930 καὶ
644 5876 762 5930 ἀντὶ
810 5875 1023 5946 ὶπῳδῆς
1065 5875 1158 5929 καὶ
1212 5872 1608 5944 φυλακττιρίων,

1711 4779 1921 4849 spicere
1948 4774 2128 4848 didici.
2164 4771 2299 4827 Nam
2331 4773 2384 4826 in
2413 4779 2466 4826 te
2491 4770 2749 4835 conlisus,
2775 4771 2819 4825 si
2843 4768 3061 4840 quando
3080 4774 3259 4821 metus

1711 4871 1767 4925 in
1790 4867 2021 4920 animam
2054 4861 2259 4916 incidat
2297 4876 2495 4924 meam,
2546 4859 2691 4914 hunc
2737 4858 2966 4929 depello,
2999 4856 3099 4910 tibi
3129 4869 3258 4925 pro-

1715 4956 1999 5031 pugnatori
2027 4969 2147 5010 meo
2174 4953 2414 5010 innixus.

1784 5048 1942 5102 Vsus.
1978 5046 2030 5108 5,
2062 5043 2115 5100 6.
2154 5044 2218 5100 In
2271 5045 2485 5099 Domino
2517 5041 2743 5097 laudabo
2781 5052 3044 5093 sermones
3089 5052 3254 5098 meos,

1713 5143 1766 5195 in
1793 5139 1900 5193 Deo
1937 5139 2157 5207 sperari,
2190 5153 2291 5191 non
2320 5136 2503 5190 timebo
2555 5131 2678 5204 quid
2716 5130 2880 5201 faciat
2934 5127 3062 5182 mihi
3107 5143 3252 5181 caro.

1713 5231 1822 5287 Pro
1849 5231 1961 5292 illo,
1996 5230 2051 5282 in
2096 5229 2207 5283 Deo
2237 5227 2462 5282 laudabo
2492 5239 2748 5280 sermones
2778 5237 2961 5286 meos;
3006 5217 3255 5291 Symma-

1711 5323 1867 5385 chus,
1892 5337 1983 5390 per
2008 5319 2175 5374 Deum
2227 5318 2495 5374 celebrabo
2535 5331 2820 5370 sermonem
2859 5313 3012 5383 ejus;
3062 5307 3255 5378 Aquila

1711 5425 1858 5472 vero,
1895 5409 1948 5463 in
1978 5407 2104 5464 σι)αο
2153 5408 2418 5463 celebrabo
2449 5407 2601 5462 verba
2656 5406 2808 5474 ejus;
2851 5404 3039 5474 quinta
3063 5397 3253 5463 editio,

1710 5505 1765 5556 in
1817 5500 1925 5566 ,ορο
1974 5500 2201 5555 laudabo
2261 5514 2542 5554 sermonem
2579 5494 3134 5561 meum;ediderunt.
3196 5488 3256 5546 Si

1711 5594 1950 5668 quando,
2003 5595 2196 5665 inquit,
2225 5610 2291 5649 ex
2324 5592 2664 5646 inimicorum
2698 5602 2937 5646 meorum
2974 5584 3257 5655 perturba-
3287 5623 3289 5626 .

1719 5667 1864 5743 tione
1892 5694 2068 5742 metus
2108 5686 2336 5740 instaret
2384 5681 2536 5745 mihi,
2597 5682 2776 5751 ipsum
2814 5679 2872 5734 in
2897 5667 2949 5732 te
2989 5674 3258 5745 sperando

1722 5778 2132 5850 propulsabam.
2191 5790 2255 5830 ac
2307 5789 2405 5844 pro
2458 5772 2827 5827 incantatione
2874 5776 2927 5824 et
2986 5765 3255 5848 amuletis,

1716 5872 1948 5944 hymnos
1973 5867 2381 5941 persolvebam;
2423 5879 2546 5921 nam
2591 5879 2715 5920 cum
2768 5862 3094 5922 celebrarem
3129 5866 3256 5928 ἐει-
