3958 6340
706 399 808 453 495

1396 393 1660 450 EL'SEBII
1695 393 2162 450 CAESARIENSIS
2200 394 2344 449 OPP.
2388 393 2562 448 PARS
2601 393 2685 449 ΙΙΙ.
2726 426 2794 436 —
2833 395 3229 453 EXEGETICA.

3760 392 3836 464 ne

704 503 1109 573 monem'tuum',
1140 508 1366 577 juvabar
1397 519 1457 564 ut
1498 526 1527 565 a
1555 516 1991 581 persequentium
2024 513 2210 568 nemini

2307 568 2308 571 η
2338 512 2534 583 ὕμνους
2568 512 2792 584 διεξῄειν
2814 530 2825 542 '
2863 515 3041 584 ύμνῶν
3070 515 3174 585 γὰρ
3200 515 3288 569 τὸν
3319 517 3472 585 λόγον
3508 534 3598 571 σου
3628 520 3833 593 ὲϐοηθούε

2340 594 2465 674 μην,
2510 604 2584 667 ὡς
2618 604 2817 675 μηδένα
2848 606 2953 659 τῶν
2981 606 3278 661 διωκόντων
3309 609 3729 679 ἐπιστρέφεσθαι.
3759 616 3827 668 Οὔ-
3904 616 3905 683 ξ

703 607 996 655 averterem
1046 614 1147 654 me.
1192 596 1267 651 Ita
1319 614 1552 669 sperans
1600 599 1658 654 in
1682 598 1810 667 Deo,
1856 612 1910 655 et
1959 613 2236 656 sermones

682 691 819 759 .cius
853 692 905 744 in
935 705 1028 746 ore
1057 705 1176 746 meo
1209 689 1408 753 ferens,
1457 703 1643 745 omnes
1682 690 1963 746 hominum
2005 691 2234 746 insidias

657 799 660 802 ’
700 781 1085 852 despiciebam,
1127 797 1233 837 non
1279 782 1474 837 timens
1525 781 1649 852 quid
1693 782 1857 851 faciat
1910 783 2037 837 mihi
2088 800 2231 843 caro.

698 874 836 940 Quid
883 875 1025 930 enim
1059 876 1232 945 possit
1258 889 1386 930 caro
1424 883 1478 929 et
1530 876 1752 946 sanguis
1806 884 1995 931 contra
2063 875 2231 931 Deum

697 965 1089 1035 opitulantem?
1122 965 1256 1019 Nam
1294 967 1339 1019 si
1386 965 1523 1019 Deus
1560 982 1652 1034 pro
1692 966 1859 1031 nobis,
1909 967 2023 1037 quis
2051 974 2231 1020 contra

693 1073 785 1110 nos
805 1057 906 1111 ““l
948 1059 1122 1128 inquit
1170 1059 1479 1129 Apostolus.
1529 1057 1669 1114 Caro
1719 1066 1898 1115 autem
1938 1070 2051 1115 erat
2079 1058 2226 1127 Saul,

670 1150 781 1216 qui
828 1163 888 1203 ea
912 1164 1031 1217 qua:
1059 1150 1239 1205 carnis
1268 1157 1392 1204 sunt
1422 1150 1695 1220 sapiebat:
1726 1151 1869 1221 quod
1892 1166 2021 1206 sane
2051 1152 2228 1207 decla-

691 1247 776 1292 rat
804 1238 1096 1310 Apostolus
1126 1226 1192 1296 ad
1222 1243 1533 1298 Corinthios
1580 1244 1856 1300 scribens:
1913 1243 2043 1299 Cum
2090 1244 2227 1299 enim

690 1331 757 1382 sit
794 1331 925 1384 inter
953 1347 1038 1384 vos
1073 1332 1213 1385 zelus
1240 1341 1286 1385 et
1310 1336 1589 1398 contentio,
1621 1350 1788 1389 nonne
1818 1336 2056 1390 carnales
2077 1338 2222 1401 estis,

688 1429 736 1474 et
770 1421 1058 1487 secundum
1093 1422 1351 1478 hominem
1385 1404 1665 1480 ambulatis
1687 1427 1765 1480 u‘?
1817 1425 1915 1482 Hic
1942 1443 2069 1483 vero
2092 1427 2226 1482 Sau-

688 1514 793 1567 lem
830 1529 1042 1584 quoque
1072 1516 1186 1570 zelo
1224 1524 1277 1569 et
1308 1519 1653 1573 contentione
1681 1520 1920 1588 plenum,
1971 1521 2067 1591 qui
2101 1520 2222 1576 ideo

686 1602 937 1658 Davidem
978 1606 1224 1674 pellebat,
1272 1621 1485 1662 carnem
1522 1610 1752 1674 vocavit,
1790 1610 1975 1665 dicens
2027 1629 2041 1663 :
2101 1609 2222 1663 Non

687 1692 870 1744 timebo
898 1692 1020 1761 quid
1056 1693 1218 1762 faciat
1253 1694 1380 1748 mihi
1409 1712 1551 1752 caro.
1591 1696 1792 1752 Deinde
1817 1698 1924 1751 ait:
1963 1698 2099 1751 Tota
2139 1697 2221 1752 die

683 1783 833 1836 verba
858 1800 973 1838 mea
999 1786 1423 1853 exsecrabantur,
1465 1786 1737 1840 adversum
1771 1804 1850 1841 me
1870 1804 2053 1843 omnes
2080 1791 2221 1859 cogi-

2333 713 2438 758 τως
2468 695 2559 747 ἐπὶ
2587 696 2664 765 τῷ
2690 694 2805 765 Θεῷ
2831 696 3079 761 ἐλπίζων,
3110 697 3200 751 καὶ
3226 700 3347 761 τοὺς
3372 698 3559 766 λόγους
3588 701 3735 755 αὑτοῦ
3765 707 3835 773 φί-

2335 803 2439 857 ρων
2472 788 2529 840 ἐν
2569 785 2646 857 τῷ
2691 788 2915 857 στόματί
2963 805 3083 859 μου,
3127 789 3302 860 πάσης
3348 790 3445 859 τῆς
3490 790 3549 858 ἐξ
3579 793 3835 863 ἀνθρώπων
3904 806 3905 811 ‘

2331 878 2615 950 ἐπιϐουλῆς
2658 880 3035 949 κατεφρόνουν,
3081 881 3139 932 οὐ
3174 880 3496 950 φοϐούμενος
3544 884 3599 935 τί
3636 884 3834 950 ποιήσει

2323 987 2423 1037 μοι
2454 945 2627 1038 σάρξ.
2677 971 2741 1023 Τί
2945 970 3010 1024 ἂν
3058 972 3147 1024 καὶ
3186 945 3393 1024 δύναιτο
3441 972 3573 1043 σὰρξ
3605 974 3693 1027 καὶ
3725 945 3834 1044 αἷμα

2329 1058 2463 1129 πρὸς
2493 1060 2622 1113 Θεὸν
2655 1060 2877 1132 βοηθόν;
2910 1062 2978 1114 El
3009 1060 3114 1132 γὰρ
3156 1064 3186 1114 ὀ
3217 1060 3358 1127 Θεὸς
3384 1060 3533 1129 ὑπὲρ
3566 1061 3737 1131 ἡμῶν,
3766 1068 3834 1130 τίς

2326 1150 2452 1203 καθ’
2474 1149 2666 1219 ὴμῶν;
2694 1150 2851 1221 φησὶν
2869 1152 2899 1202 6
2930 1147 3263 1212 Ἀπόστολος.
3294 1147 3435 1218 Σὰρξ
3458 1148 3514 1201 δὲ
3538 1145 3605 1219 ἦν
3625 1151 3652 1201 6
3673 1151 3833 1213 Σαοὺλ,

2324 1241 2390 1294 τὰ
2419 1242 2517 1309 τῆς
2552 1242 2749 1313 σαρκὸς
2777 1240 3014 1310 φρονῶν”
3044 1240 3072 1291 6
3106 1238 3167 1309 δὴ
3201 1240 3518 1310 παρίστησιν
3552 1242 3579 1293 6
3618 1240 3836 1293 Ἀπὸστο-

2324 1330 2411 1393 λος
2443 1308 2664 1402 γράφιυν
2692 1308 2991 1404 Κορινθίοις
3013 1348 3026 1361 ο
3062 1331 3247 1385 ’Ὅπου
3279 1308 3387 1400 γὰρ
3513 1330 3651 1399 ὑμῖν
3683 1330 3834 1397 ζῆλος
3904 1308 3905 1347 1

2323 1419 2419 1473 καὶ
2446 1420 2585 1487 ἔρις,
2610 1421 2743 1489 οὐχὶ
2782 1419 3050 1487 σάρκινοί
3074 1420 3229 1484 ἐστε,
3263 1420 3359 1473 καὶ
3392 1422 3539 1474 κατὰ
3560 1420 3837 1488 ἄνθρωπον

2322 1511 2723 1579 περιπατεῖτε;
2759 1512 2816 1563 Ὀ
2847 1512 2902 1564 δὲ
2936 1512 3025 1565 καὶ
3056 1511 3143 1564 τὸν
3176 1511 3344 1564 Σαοὺλ
3378 1510 3539 1582 ζήλου
3576 1512 3834 1582 πεπληρω-

2325 1603 2481 1671 μένον
2518 1604 2611 1656 καὶ
2660 1602 2848 1673 ἔριδος,
2890 1603 2982 1656 καὶ
3031 1602 3116 1657 διὰ
3156 1603 3326 1657 ταῦτα
3371 1603 3462 1656 τὸν
3506 1602 3663 1657 Δαυῒδ
3703 1602 3835 1657 ἐλαύσ
3904 1670 3905 1675 η

2319 1709 2504 1756 νοντα,
2552 1692 2727 1764 σάρκα
2771 1693 3045 1764 ὠνόμασεν
3091 1694 3289 1747 είπὼν·
3335 1697 3415 1749 Οὐ
3459 1695 3833 1764 φοϐηθήσομαι

2320 1780 2377 1833 τί
2407 1780 2639 1846 ποιήσει
2663 1799 2761 1850 μοι
2794 1781 2947 1849 σάρξ
2955 1825 2966 1837 .
2998 1778 3130 1836 Εἶτά
3159 1800 3349 1852 φησιν’
3383 1786 3563 1852 Ὅλην
3587 1785 3696 1852 τὴν
3717 1785 3837 1853 ἡμέ.

684 1874 902 1928 tationes
929 1890 1108 1929 eorum
1133 1876 1188 1929 in
1217 1876 1436 1931 malum.
1477 1874 1631 1940 Quod
1656 1892 1786 1933 sane
1824 1879 2027 1949 clarius
2053 1880 2210 1935 inter-

2310 1888 2429 1938 ραν
2459 1871 2597 1937 τοὺς
2633 1873 2850 1941 λόγους
2893 1891 3010 1942 μου
3057 1872 3509 1941 ἐϐδελύσσοντο,
3556 1876 3678 1929 κατ’
3710 1875 3833 1944 ἐμοῦ

680 1973 923 2037 pretatus
950 1974 1034 2022 est
1067 1952 1443 2038 Symmachus,
1470 1966 1654 2023 dicens
1678 1987 1690 2023 :
1726 1967 1829 2022 Per
1850 1986 2051 2024 omnem
2082 1971 2219 2025 diem

679 2072 937 2111 sermones
966 2054 1029 2110 de
1057 2073 1134 2111 me
1162 2056 1415 2111 curabant
1442 2074 1459 2110 :
1498 2068 1680 2113 contra
1710 2076 1789 2114 me
1810 2061 1983 2114 omnis
2006 2050 2217 2132 cogita-

681 2149 755 2202 tio
782 2166 962 2203 eorum
992 2150 1046 2202 in
1075 2150 1293 2204 malum.
1345 2150 1422 2203 Ac
1456 2150 1502 2207 si
1539 2152 1683 2205 enim
1716 2150 1853 2205 nihil
1885 2152 2033 2208 aliud
2084 2153 2216 2223 ipsis

677 2237 946 2308 agendum
980 2247 1313 2309 suppeteret,
1349 2256 1523 2312 neque
1580 2242 1647 2297 de
1693 2241 1818 2298 aliis
1867 2257 2049 2298 sermo
2101 2258 2217 2298 mo-

678 2326 882 2383 vendus
925 2336 1099 2395 esset;
1153 2329 1324 2384 otium
1354 2345 1512 2385 suum
1553 2337 1723 2387 totum
1764 2331 1820 2386 in
1866 2332 2132 2403 loquendo
2162 2341 2216 2389 et

675 2417 964 2489 cogitando
1001 2418 1067 2473 de
1098 2435 1183 2474 me
1207 2421 1569 2489 insumebant,
1596 2422 1728 2477 nihil
1758 2422 1884 2479 boni
1911 2424 1966 2478 in
1996 2440 2080 2479 me
2104 2440 2216 2481 mo-

674 2508 896 2575 lientes;
925 2510 1018 2565 sed
1046 2511 1101 2564 in
1132 2510 1331 2567 malum
1381 2522 1433 2568 et
1475 2528 1578 2584 pro
1620 2514 1762 2569 malo
1818 2523 1984 2570 totam
2024 2531 2210 2573 curam

675 2600 1051 2668 impendebant
1084 2615 1263 2661 suam.

740 2773 906 2832 Vsus.
942 2777 991 2842 7,
1021 2777 1074 2833 8.
1108 2777 1484 2836 Inhabitabunt
1516 2791 1566 2837 et
1597 2784 1937 2852 abscondent,
1969 2785 2072 2856 ipsi
2098 2786 2210 2840 cal-

667 2882 885 2921 caneum
914 2885 1083 2923 meum
1124 2870 1483 2927 observabant.
1519 2872 1666 2927 Sicut
1694 2877 2051 2930 sustinuerunt
2093 2878 2234 2945 ani:

668 2974 810 3010 mam
838 2975 1001 3012 meam
1033 2976 1127 3028 pro
1151 2960 1313 3015 nihilo
1340 2962 1512 3016 salvos
1543 2962 1704 3030 facies
1734 2965 1886 3029 illos;
1918 2968 1973 3019 in
2014 2967 2095 3019 ira
2124 2982 2210 3033 po-

663 3047 1160 3119 pulos-confringes,
1194 3049 1354 3117 Deus,
1405 3050 1529 3107 Haec
1562 3053 1794 3111 obscure
1811 3055 1957 3125 apud
1983 3053 2208 3126 Septua-

667 3138 815 3209 ginta
857 3138 1179 3211 lnterpretes
1211 3142 1375 3210 dicta,
1406 3145 1649 3214 apertius
1684 3148 2070 3217 interpretatus
2122 3134 2206 3203 est

2317 1960 2535 2029 πάντες
2554 1965 2607 2016 ol
2631 1961 2998 2032 διαλογισμοὶ
3036 1962 3231 2017 αὐτῶν
3256 1966 3339 2029 είς
3370 1966 3584 2017 κακόν·
3613 1964 3641 2019 ὃ
3670 1964 3728 2035 δὴ
3754 1982 3833 2018 σα-

2316 2052 2571 2123 φέστερον
2598 2054 2935 2124 ἡρμήνευσεν
2958 2054 2985 2104 6
3010 2053 3296 2124 Σύμμαχος
3320 2054 3511 2109 εἰπών’
3538 2056 3637 2109 Διὰ
3657 2056 3837 2122 πάσης

2314 2144 2535 2212 ἡμέρας
2561 2145 2780 2213 λόγους
2818 2143 2948 2212 περὶ
2988 2144 3132 2214 ἐμοῦ
3160 2145 3517 2217 ἐφρόντιζον·
3561 2148 3682 2200 κατ’
3709 2146 3834 2216 ἐμοῦ

2313 2231 2430 2299 πᾶς
2454 2233 2835 2304 διαλογισμὸς
2861 2236 3053 2290 αὐτῶν
3078 2238 3163 2303 εὶς
3190 2239 3390 2291 κακόν.
3434 2238 3519 2302 Ὠς
3551 2239 3657 2310 γὰρ
3691 2239 3835 2310 μηδὲν

2313 2323 2522 2393 ἔχοντες
2553 2323 2736 2395 ἕτερον
2775 2326 3049 2397 πράττειν,
3088 2326 3218 2396 μηδὲ
3259 2325 3385 2397 περὶ
3424 2327 3623 2397 ἐτέρων
3667 2328 3835 2395 λόγους

2311 2418 2496 2480 κινεῖν,
2526 2415 2621 2487 τὴν
2653 2418 2827 2471 πᾶσαν
2856 2415 3060 2470 ἑαυτῶν
3088 2418 3277 2487 σχολὴν
3305 2420 3416 2480 τοῖς
3449 2417 3574 2489 περὶ
3605 2417 3731 2489 ἐμοῦ
3760 2418 3835 2471 λό-

2309 2525 2423 2577 γοις
2454 2508 2545 2562 καὶ
2581 2510 2689 2573 τοῖς
2730 2509 2847 2562 κατ’
2886 2508 3017 2579 ὲμοῦ
3049 2509 3319 2581 λογισμοῖς
3350 2510 3673 2575 ἀνετίθεσαν,
3704 2510 3835 2565 οῦδὲν

2308 2599 2507 2668 ἀγαθὸν
2560 2601 2685 2671 περὶ
2731 2600 2864 2672 ἐμοῦ
2917 2600 3303 2672 βουλευόμενοι.
3366 2601 3507 2654 Ἀλλ’
3562 2604 3641 2665 είς
3684 2600 3833 2655 κακὸν

2308 2691 2401 2745 καὶ
2434 2692 2525 2745 ἐπὶ
2551 2686 2703 2762 κακῷ
2731 2692 2827 2765 τὴν
2853 2692 3060 2747 ἑαυτῶν
3094 2692 3471 2763 ἀναλίσκοντες
3494 2693 3739 2765 σπουδήν.

2374 2769 2817 2849 Παροικήσουσι
2857 2782 2952 2835 καὶ
2995 2784 3495 2852 κατακρύψουσιν,
3533 2783 3696 2839 αὐτοὶ
3734 2783 3835 2851 τὴν

2307 2871 2563 2939 πτέρναν
2618 2890 2733 2942 μου
2792 2871 3144 2942 φυλάξουσι.
3206 2873 3479 2942 Καθάπερ
3530 2874 3833 2945 ὑπέμειναν

2304 2959 2418 3027 τὴν
2452 2960 2661 3030 ψυχήν
2698 2953 2834 3031 μου,
2881 2962 3029 3031 ὑπὲρ
3057 2962 3161 3016 τοῦ
3199 2962 3455 3033 μηδενὸς
3494 2963 3708 3031 σώσεις
3742 2966 3835 3016 αὐε-

2305 3051 2444 3117 τούς
2464 3068 2476 3081 ·
2502 3052 2573 3105 ἐν
2595 3051 2740 3122 ὀργῇ
2766 3052 2951 3119 λαοὺς
2982 3053 3271 3121 κατάξεις,
3296 3057 3329 3108 ό
3355 3055 3516 3120 Θεός.
3549 3056 3656 3109 Καὶ
3677 3053 3834 3107 ταῦτα

2304 3144 2525 3214 ἀσαφῶς
2556 3145 2812 3217 εἰρημένα
2841 3147 2987 3218 παρὰ
3005 3150 3113 3212 τοῖς
3148 3148 3557 3219 Ἐὅδομήκοντα,
3599 3146 3833 3200 λευκότε-

662 3230 1024 3303 Symmachus
1071 3234 1162 3290 his
1183 3235 1362 3291 verbis
1396 3255 1413 3291 :
1442 3234 1822 3293 Conveniebant
1860 3238 2018 3299 clam,
2050 3248 2098 3293 et
2124 3256 2207 3293 ve-

2308 3251 2399 3305 ρον
2437 3234 2825 3307 διηρμήνευσεν
2864 3238 2891 3289 6
2928 3237 3233 3310 Σύμμαχος,
3271 3236 3468 3292 εἰπών·
3512 3237 3834 3307 Συνήγυντο

661 3324 822 3397 stigia
852 3342 965 3379 mea
998 3324 1360 3394 observabant,
1386 3340 1737 3398 exspectantes
1766 3331 1997 3384 animam
2039 3348 2206 3387 meam

660 3426 874 3485 propter
905 3418 1257 3488 iniquitatem.
1309 3420 1496 3476 Libera
1520 3421 1582 3475 ab
1624 3422 1756 3488 illis,
1795 3423 1849 3477 in
1879 3424 1961 3477 ira
1988 3424 2204 3493 populos

658 3509 913 3577 deprime,
972 3509 1136 3569 Deus.
1184 3513 1263 3568 Ita
1303 3514 1466 3579 enim,
1510 3515 1705 3585 inquit,
1760 3523 1872 3571 tota
1934 3516 2020 3572 die
2072 3516 2203 3571 mihi

657 3588 1047 3678 {Observatum}
1090 3606 1373 3671 vacabant,
1397 3622 1672 3663 sermones
1694 3606 1758 3663 de
1787 3624 1872 3664 me
1902 3616 2200 3674 moventes,

662 3701 719 3746 et
749 3702 862 3749 tota
885 3698 1140 3768 cogitatio
1169 3713 1360 3754 eorum
1402 3706 1590 3755 contra
1638 3715 1724 3755 me
1748 3708 1897 3767 erat;
1934 3707 1994 3756 ut
2014 3700 2221 3755 stude-'

633 3808 635 3811 τ
661 3788 783 3835 rent
825 3798 932 3838 una
966 3785 1126 3839 simul
1164 3787 1451 3843 adversum
1472 3803 1558 3842 me
1584 3789 2045 3859 conspirationem
2077 3805 2203 3845 con-

652 3872 827 3929 ﬂare:
865 3889 1039 3944 neque
1067 3891 1131 3931 eo
1164 3876 1425 3934 sisterent
1463 3879 1727 3950 gradum;
1762 3879 1857 3937 sed
1895 3882 2055 3937 etiam
2088 3882 2201 3937 cal-

658 3979 888 4020 caneum
932 3966 1047 4022 sive
1076 3968 1200 4037 vitae
1230 3982 1475 4038 gressum
1508 3970 1879 4041 observarent,
1908 3988 2036 4031 num
2069 3988 2200 4044 sup-

658 4056 952 4127 plantando
1001 4056 1236 4128 dejicere
1288 4072 1375 4113 me
1414 4067 1655 4127 possent.
1710 4058 1948 4132 Vestigia
1981 4078 2200 4135 quoque

657 4161 799 4211 mea,
828 4156 883 4202 et
934 4162 1041 4218 quo
1089 4157 1389 4219 pergerem,
1447 4148 1839 4219 observabant,
1877 4162 1936 4208 ut
1982 4170 2197 4227 quoquo

656 4236 818 4291 modo
864 4252 948 4293 me
981 4237 1518 4309 comprehenderent.
1564 4238 1691 4295 Haec
1726 4240 1803 4296 illi
1840 4244 1932 4313 qui
1964 4260 2051 4301 me
2081 4230 2219 4303 sine

652 4337 822 4383 causa
846 4329 1309 4401 persequebantur
1335 4338 1526 4386 contra
1569 4345 1656 4386 me
1689 4332 2057 4403 designabant.
2114 4335 2196 4393 Tu

654 4426 867 4485 autem,
891 4417 1135 4485 Domine,
1165 4437 1289 4491 spes
1343 4436 1483 4487 mea,
1515 4436 1606 4477 me
1657 4421 1726 4477 ab
1775 4422 1981 4492 injusta
2008 4440 2195 4482 eorum

651 4509 1052 4580 conspiratione
1088 4512 1329 4580 liberes;
1383 4513 1531 4583 ipsos
1572 4521 1751 4569 autem
1797 4514 1881 4569 ira
1910 4521 2002 4570 tua
2043 4517 2196 4572 inva-

651 4602 807 4668 dens,
838 4617 901 4656 ex
925 4618 989 4658 ea
1017 4606 1321 4675 arrogantia
1344 4614 1398 4662 et
1426 4608 1684 4679 superbia
1724 4607 1897 4678 dejice
1924 4626 1937 4662 :
1962 4608 2017 4663 id
2050 4608 2194 4663 enim

650 4694 786 4764 ipsis
820 4694 949 4750 utile
969 4696 1093 4750 erit.
1145 4694 1420 4766 Siquidem
1450 4686 1579 4756 elati
1606 4714 1668 4755 ac
1692 4706 1999 4764 tumentes,
2039 4698 2093 4754 id
2133 4700 2190 4755 in

648 4800 805 4839 suam
847 4785 1141 4857 perniciem
1184 4788 1453 4858 agebant;
1509 4791 1709 4845 etenim
1763 4791 1906 4847 Deus
1957 4789 2192 4859 superbis

650 4878 868 4947 resistit,
898 4878 1181 4932 humilibus
1206 4889 1379 4933 autem
1400 4879 1494 4933 dat
1520 4882 1746 4950 gratiam
1763 4882 1841 4938 ηε
1872 4897 2039 4951 quare
2059 4896 2192 4951 rogo

648 4982 840 5022 omnes
887 4970 1228 5041 insurgentes
1270 4969 1329 5025 in
1368 4985 1455 5027 me
1494 4970 1958 5041 deprimas;sive,
1995 4987 2191 5029 secun-

650 5058 778 5112 dum
811 5058 1079 5129 Aquilam,
1131 5061 1349 5132 dejicias
1366 5080 1385 5127 ;
1410 5070 1470 5117 ut
1496 5061 1794 5120 modestius
1821 5072 1981 5136 atque
2010 5065 2192 5120 humi-

650 5151 756 5208 lius
788 5153 1106 5223 sentientes,
1137 5160 1399 5227 magnam,
1425 5156 1715 5213 utilitatem
1750 5159 2075 5230 percipiant.

700 5345 880 5403 avens.
913 5346 971 5417 9,
1017 5348 1101 5404 10.
1147 5349 1319 5404 Vitam
1366 5364 1537 5404 meam
1574 5343 1883 5404 annuntitwi
1937 5349 2053 5415 tibi,
2096 5364 2190 5418 Po‘

2305 3324 2511 3393 λάθρα,
2547 3326 2649 3380 καὶ
2670 3328 2739 3381 τὰ
2771 3328 2907 3398 ἴχνη
2926 3347 3043 3399 μου
3085 3327 3453 3398 παρετήρουν
3477 3325 3837 3396 προσδοκῶν·-

2304 3432 2400 3493 τες
2434 3415 2547 3485 τὴν
2583 3418 2791 3487 ψυχήν
2819 3437 2935 3489 μου
2968 3420 3063 3474 διὰ
3093 3421 3207 3489 τὴν
3230 3420 3483 3475 ἀδικίαν.
3524 3419 3718 3474 Ῥῦσαι
3742 3417 3833 3472 ἀπ’

2304 3506 2517 3574 αὐτῶν,
2556 3510 2623 3564 ἐν
2666 3510 2810 3581 ὀργῇ
2848 3512 3035 3578 λαοὺς
3067 3511 3373 3582 κατάτατε,
3420 3515 3453 3565 ὁ
3482 3513 3640 3577 Θεός.
3664 3510 3837 3571 ὓῦτως

2302 3598 2429 3671 γὰρ,
2466 3601 2617 3672 φησὶ,
2652 3602 2739 3656 διὰ
2781 3604 2957 3675 πάσης
2987 3603 3196 3676 ἡμέρας
3232 3603 3353 3674 ἐμοὶ
3384 3590 3688 3671 ἐσχόλαζον,
3722 3601 3836 3661 τοὺς

2303 3692 2429 3763 ’περὶ
2452 3691 2580 3763 ἐμοῦ
2611 3692 2795 3761 λόγους
2825 3693 3113 3757 κινοῦντες,
3133 3693 3234 3746 καὶ
3256 3694 3361 3755 πᾶς
3387 3692 3729 3762 διαλογισμὸς
3750 3690 3836 3743 αὐτ

2298 3781 2405 3832 τῶν
2433 3782 2551 3834 κατ’
2592 3780 2725 3850 ἐμοῦ
2760 3781 3028 3849 ἐγίγνετο·
3060 3780 3135 3843 ὡς
3167 3779 3481 3844 σπουδάζειν
3523 3778 3835 3849 συνάγεσθαι

2300 3871 2494 3935 αὐτοὺς
2517 3871 2649 3943 ὁμοῦ
2678 3872 2941 3935 συσκευάς
2963 3887 2977 3901 ο
3002 3870 3199 3943 καὶμὴ
3237 3870 3393 3945 μέχρι
3415 3872 3599 3926 τούτου
3626 3872 3836 3943 χωρεῖν,

2298 3961 2431 4015 ἀλλὰ
2463 3963 2554 4035 καὶ
2586 3948 3035 4035 περιεργάζεσθαι
3064 3979 3163 4033 μου
3184 3962 3286 4033 τὴν
3317 3962 3569 4034 πτέρναν,
3600 3960 3836 4015 τουτέστι

2295 4052 2393 4122 τὴν
2416 4051 2508 4105 τοῦ
2543 4052 2672 4124 βίου,
2698 4055 2942 4126 πορείαν,
2978 4053 3031 4106 εί
3059 4071 3174 4117 πως
3201 4052 3540 4117 σκελίσαντες
3575 4052 3837 4124 δυνηθεῖεν

2298 4130 2614 4207 καταϐαλεῖν
2644 4164 2730 4217 με.
2762 4148 2871 4200 Καὶ
2893 4145 2963 4201 τὰ
2992 4145 3314 4218 ῐχνηδάμου
3340 4149 3703 4219 παρετήρουν,
3723 4146 3835 4199 ὅποι

2297 4238 2362 4292 ἂν
2403 4224 2687 4307 βαδίζοιμι,
2721 4240 2813 4293 καὶ
2854 4240 2918 4292 ἶν’
2948 4222 3103 4302 ὅπως
3131 4237 3465 4293 ὲπιλάδοιντό
3507 4256 3627 4309 μου.
3661 4237 3836 4293 Ταῦτα

2296 4329 2394 4400 μὲν
2422 4322 2512 4381 οὖν
2531 4328 2589 4380 ὀἷ
2618 4328 2791 4400 μάτην
2823 4330 3102 4396 διώκοντες
3128 4335 3247 4386 κατ’
3272 4331 3410 4405 ἐμοῦ
3450 4332 3736 4404 ἔπραττον.
3769 4330 3835 4382 Σὺ

2294 4419 2371 4484 δὲ,
2420 4417 2608 4489 Κύριε,
2641 4421 2673 4488 ἡ
2705 4419 2810 4491 ἐμὴ
2839 4421 3009 4488 ἐλπὶς,
3040 4424 3138 4495 ἐμὲ
3170 4426 3266 4496 μὲν
3304 4424 3403 4495 τῆς
3444 4424 3630 4478 ἀδίκου
3665 4420 3836 4477 αὐτῶν

2299 4509 2561 4580 συσκευῆς
2616 4508 2795 4581 ῥῦσαι,
2842 4513 3034 4579 αὐτοὺς
3081 4514 3137 4569 δὲ
3188 4514 3454 4586 μετελθὼν
3499 4516 3564 4586 τῇ
3613 4511 3837 4569 σεαυτοῦ

2225 4568 2274 4629 D
2295 4599 2451 4671 ὀργῇ,
2484 4568 2750 4653 κατέϐαλε
2778 4568 2876 4672 τῆς
2908 4568 3385 4675 μεγαλαυχίαςψκαὶ
3409 4603 3509 4674 τῆς
3538 4568 3841 4676 ῦψηλοφρο-

2296 4690 2486 4761 σύνης·
2534 4691 2687 4745 τοῦτο
2718 4690 2824 4763 γὰρ
2862 4694 3041 4759 αὐτοῖς
3092 4695 3340 4753 συνοίσει.
3375 4694 3699 4765 Ὑψούμενοι
3737 4694 3840 4764 γὰρ

2295 4780 2387 4835 καὶ
2419 4782 2783 4854 ἐπαιρόμενοι,
2815 4770 2899 4835 ἐπ’
2923 4783 3131 4854 ὀλέθρῳ
3145 4782 3221 4854 τῷ
3242 4782 3447 4847 ἑαυτῶν
3471 4783 3625 4837 ταῦτ’
3654 4785 3841 4855 ἔπρατ-

2292 4887 2381 4922 τον
2400 4888 2412 4899 ·
2428 4874 2465 4943 ὀ,
2473 4871 2578 4943 γὰρ
2610 4870 2750 4937 Θεὸς
2763 4871 3159 4941 ὑπερηφάνοις
3173 4869 3614 4937 ἀντιτάσσεται,
3647 4888 3841 4927 taxat-

2291 4961 2717 5027 ναῖςδὲδιδωσι
2740 4962 2942 5031 χάριν·
2996 4962 3096 5026 διὸ,
3149 4962 3394 5027 ἱκετεύω,
3445 4963 3663 5031 πάντας
3723 4966 3841 5027 τοὺς

2293 5038 2742 5127 ἐπανισταμένους
2772 5071 2860 5126 μοι
2878 5054 3147 5123 κατάγαγε
3169 5070 3184 5086 ο
3212 5054 3268 5127 ἢ,
3299 5054 3438 5110 κατὰ
3463 5054 3554 5111 τὸν
3595 5058 3840 5120 Ἀκύλαν,

2292 5147 2683 5201 καταϐίϐασον
2700 5163 2713 5176 ’
2760 5147 2846 5208 ὡς,
2878 5146 2964 5212 ἂν,
3015 5145 3228 5219 μέτριον
3276 5147 3529 5220 φρόνημα
3588 5150 3841 5209 λαϐόντες

2290 5239 2382 5292 καί
2407 5240 2636 5295 ταπεινὰ
2667 5238 3005 5312 φρονοῦντες,
3044 5238 3111 5293 τὰ
3145 5240 3353 5311 μεγάλα
3382 5239 3743 5312 ὠφεληθεῑεν.

2363 5352 2480 5423 Τὴν
2502 5354 2650 5422 ζωήν
2674 5372 2790 5425 μου
2818 5354 3133 5426 ἐξήγγειλά
3161 5354 3276 5419 σοι,
3325 5356 3464 5410 ἔθου
3503 5358 3579 5412 τὰ
3617 5354 3843 5424 δάκρυὰ

647 5439 799 5493 suisti
829 5438 1087 5509 lacrymas
1126 5456 1266 5495 meas
1310 5442 1364 5495 in
1402 5448 1683 5508 conspectu
1714 5449 1837 5504 tuo;
1860 5440 1991 5493 sicut
2031 5447 2083 5495 et
2131 5439 2185 5493 in

2307 5462 2400 5499 ιου
2428 5445 2679 5501 ἐνώπιόν
2713 5462 2847 5501 σου’
2895 5448 2975 5514 ὡς
3011 5446 3111 5501 καὶ
3153 5447 3222 5501 ἐν
3248 5445 3324 5515 τῇ
3354 5448 3688 5518 ἐπαγγελίᾳ
3709 5460 3839 5509 σου,

644 5530 996 5597 promissione,
1008 5539 1119 5595 tua,
1149 5541 1501 5587 convertentur
1533 5530 1730 5585 inimici
1757 5531 1854 5586 mei
1878 5542 2181 5596 retrorsum,

642 5621 699 5677 in
725 5637 1023 5695 quacunque
1044 5624 1127 5680 die
1144 5624 1443 5680 invocarem
1468 5633 1536 5680 te.
1710 5623 1910 5681 clarius
1941 5623 2186 5698 Symma-

714 5776 763 5845 υ
801 5776 961 5836 80m.
990 5795 1103 5846 vm,
1134 5780 1223 5837 Si.

1314 5780 1356 5812 "
1390 5778 1558 5837 lCor.
1593 5779 1763 5867 ui,_5.
1843 5782 1859 5816 ⁸
1900 5780 1920 5836 1
1952 5780 2101 5839 Pelr.
2139 5798 2193 5849 ν,
2230 5783 2278 5838 5.

2286 5536 2753 5605 ἐπιστρέφουσιν
2782 5542 2833 5592 ol
2861 5539 3059 5609 ἐχθροί
3092 5557 3210 5610 μου
3239 5542 3325 5607 εὶς
3347 5538 3419 5594 τὰ
3445 5541 3667 5606 ὀπίσω,
3704 5539 3774 5611 ἐν
3805 5532 3842 5609 ᾖ

2288 5627 2367 5681 ἂν
2402 5626 2585 5697 ἡμέρᾳ
2606 5628 3037 5701 ἐπικαλέσωμαι
3052 5640 3143 5687 σε.
3164 5632 3273 5688 Καὶ
3289 5630 3462 5689 ταῦτα
3488 5634 3516 5685 6
3548 5630 3842 5703 Σύμμαχος
