3966 6348
98 448 195 503 497

1202 439 1696 497 COMMENTARIA
1739 444 1804 498 IN
1845 441 2177 498 PSALMOS.

3170 440 3279 495 498v

96 562 418 631 σαφέστερον
439 560 795 631 ήρμήνευσεν,
824 559 991 623 οὕτως
1031 557 1301 612 εἰπώψτὰ
1326 558 1508 648 ἔνδον
1514 577 1631 625 μου

1748 563 1868 617 :hus
1923 562 2305 630 interpretatus
2347 563 2430 611 est
2474 555 2559 611 his
2588 555 2765 610 verbis
2802 574 2814 609 :
2857 553 3115 612 Interiora
3165 574 3277 610 mea

96 654 497 721 ἐξηρίθμησας
520 668 533 681 ·
595 651 675 705 σὺ
733 651 869 707 ἔθου
902 651 971 704 τὰ
998 650 1222 718 δάκρυά
1244 666 1361 719 μου
1392 650 1642 705 ἐνώπιόν

96 758 225 797 σου.
255 741 353 810 Μὴ
380 742 515 810 οὐχί
568 740 712 794 ὅταν
748 737 1083 807 ἐξαριθμῇς,
1112 739 1242 791 τότε
1266 738 1643 807 ἀποστραφή-

98 850 297 889 amat
329 837 383 888 ol
419 834 617 903 ἐχθροί
662 850 777 901 μου
822 833 1029 896 ὀπίσω,
1056 824 1097 902 ᾗ
1128 830 1204 884 ἂν
1234 830 1420 899 ἡμέρᾳ
1440 832 1641 885 estma-

98 926 354 994 λέσωμαί
381 941 453 978 σε
475 941 495 988 ;
542 925 603 977 Ol
629 924 724 993 μὲν
770 922 948 993 ἐχθροί
979 939 1098 992 μου,
1124 922 1273 991 φησι,
1324 922 1410 974 διὰ
1467 921 1643 990 πάσης

98 1019 300 1087 ημὲρας
324 1012 511 1082 λόγους
536 1015 663 1084 περὶ
710 1012 843 1083 ἐμοῦ
874 1013 1169 1075 ἀνεκίνουν,
1217 1013 1308 1065 καὶ
1366 1014 1482 1065 κατ’
1511 1010 1642 1081 ἐμοῦ

100 1105 289 1169 πάντες
312 1106 360 1158 οἰ
387 1104 717 1172 διαλογισμοὶ
774 1102 947 1156 αὐτῶν
992 1099 1149 1173 ἦσαν·
1199 1102 1306 1171 ἐγὼ
1351 1104 1404 1155 δὲ
1432 1104 1643 1166 ὁποίους

100 1196 152 1246 ἐν
177 1194 394 1265 ἐμαυτῷ
424 1193 649 1261 συνῆγον
676 1193 963 1263 λογισμοὺς
994 1194 1086 1245 καὶ
1109 1193 1297 1255 ὁποίας
1325 1193 1644 1263 ἐνθυμήσεις

98 1281 257 1355 εἶχον,
285 1286 349 1349 σὺ
405 1284 584 1347 αὐτὸς,
623 1284 696 1346 ώς
729 1281 1159 1353 καρδιογνώστης
1198 1282 1347 1345 Θεὸς,
1376 1279 1539 1346 σίδας.
1567 1282 1647 1335 Τὰ

101 1378 199 1447 γὰρ
221 1377 367 1428 ἔνδον
404 1392 502 1445 μου
528 1373 891 1445 ἐξηρίθμησας
912 1374 1105 1436 πάντα,
1128 1375 1217 1426 καὶ⁸
1236 1374 1302 1427 τὰ
1326 1375 1528 1445 κρύφια
1546 1393 1644 1445 μου

100 1469 187 1520 καὶ
210 1468 306 1529 τὰς
330 1466 646 1536 ἐνθυμήσεις
672 1466 769 1533 τῆς
792 1464 964 1535 ψυχῆς
1002 1482 1099 1536 μου
1126 1463 1404 1532 γινώσκεις
1422 1482 1433 1494 ·
1459 1465 1646 1535 διόπερ

99 1559 211 1611 ἔθου
232 1558 302 1609 τὰ
324 1556 534 1625 δάκρυά
570 1570 668 1624 μου
696 1552 918 1608 ἐνώπιόν
955 1572 1069 1616 σου,
1109 1554 1197 1606 καὶ
1240 1554 1337 1606 οὐκ
1380 1554 1649 1623 ἀπεστρά-

102 1665 198 1717 φης
226 1648 380 1700 αὐτά·
414 1646 525 1698 ἀλλ’
552 1643 749 1712 ὥσπερ
782 1646 837 1697 ἐν
860 1648 923 1715 τῇ
946 1643 1242 1714 ἐπαγγελία
1274 1662 1364 1696 σου
1388 1643 1647 1714 ὑπισχνοῦ

100 1733 276 1800 λέγων·
305 1732 425 1782 Ἔτι
474 1731 805 1796 λαλοῦντός
846 1746 959 1784 σου
997 1731 1123 1799 ἐρῶ·
1199 1731 1347 1785 Ἰδοὺ
1396 1731 1646 1800 πάρειμι,

101 1821 258 1883 οὕτως
284 1819 551 1872 ἀκόλουθα
575 1821 823 1889 πράττων
848 1823 965 1883 ταῖς
989 1825 1104 1885 σαῖς
1127 1821 1495 1889 ἐπαγγελίαις,
1510 1823 1647 1876 ἕθου

1739 652 2099 705 enumerasti:
2140 656 2193 700 tu
2233 645 2453 714 posuisti
2498 645 2756 735 lacr‘ymas
2802 660 2941 698 meas
2999 661 3173 698 coram
3208 655 3272 697 te-

1739 744 1924 796 Annon
1953 757 2069 794 cum
2115 738 2508 801 enumeraveris,
2536 746 2655 789 tunc
2696 744 3046 790 convertentur
3083 737 3278 790 inimici

1740 835 1839 888 mei
1870 844 2173 895 retrorsum,
2208 832 2265 883 in
2302 845 2602 899 quacunque
2626 828 2717 882 die
2740 830 3036 882 invocavero
3064 836 3109 881 te
3124 831 3155 884 ἵ
3191 827 3278 883 ln-

1742 924 1884 979 imici
1914 922 2127 993 quidem
2162 923 2288 985 mei,
2322 921 2517 991 inquit,
2540 926 2659 973 .tota
2690 920 2775 975 die
2797 934 3072 975 sermones
3103 918 3170 974 de
3194 934 3279 974 me

1742 1017 2049 1079 movebant,
2075 1022 2127 1070 et
2152 1022 2339 1069 contra
2379 1028 2461 1067 me
2488 1012 2846 1081 cogitationes
2882 1026 3063 1066 eorum
3088 1018 3276 1076 erant;

1740 1124 1838 1179 ego
1861 1122 1987 1162 vero
2013 1106 2190 1177 qualia
2212 1106 2264 1160 in
2297 1121 2383 1177 me
2412 1106 2693 1159 ratiocinia
2722 1105 3050 1175 collegerim,
3075 1114 3125 1159 et
3147 1118 3282 1175 qua-

1742 1199 1820 1254 les
1857 1198 2209 1268 cogitationes
2239 1196 2535 1260 habuerim,
2572 1202 2650 1259 tu,
2687 1203 2870 1267 utpote
2904 1196 3145 1253 cordium
3190 1211 3291 1273 εοη

1744 1292 1923 1359 gnitor
1964 1289 2129 1353 Deus,
2162 1288 2327 1342 nosti.
2357 1286 2487 1340 Nam
2522 1302 2652 1357 quae
2707 1287 2843 1340 intra
2875 1302 2958 1340 me
2992 1295 3118 1340 sunt
3148 1301 3281 1341 enu-

1743 1378 1963 1433 merasti
1993 1378 2193 1440 omnia,
2225 1384 2277 1431 et
2304 1377 2512 1431 occulta
2536 1390 2652 1430 mea
2682 1376 3139 1446 cogitationesque
3164 1375 3280 1428 ani-

1743 1483 1842 1523 ma:
1870 1483 2000 1523 mea:
2027 1470 2307 1537 cognoscis
2341 1488 2353 1521 :
2380 1466 2724 1537 quamobrem
2762 1466 2988 1535 posuisti
3018 1466 3280 1536 lacrymas

1744 1572 1891 1612 meas
1923 1557 1975 1610 in
2003 1564 2295 1625 conspectu
2325 1564 2438 1619 tuo,
2472 1571 2574 1610 nec
2619 1563 2898 1609 aversatus
2938 1569 3030 1609 eas
3058 1571 3150 1619 es;
3186 1554 3280 1608 sed

1746 1651 1877 1705 sicut
1919 1657 1972 1704 et
2022 1649 2078 1702 in
2100 1638 2484 1717 .promissione
2513 1658 2602 1701 tua
2644 1647 2921 1716 professus
2941 1662 3019 1712 es,
3050 1647 3232 1701 dicens
3262 1661 3277 1695 :

1747 1740 1926 1794 Adhuc
1958 1750 2004 1794 te
2035 1740 2268 1808 loquente
2300 1738 2472 1791 dicam
2508 1754 2523 1790 :
2566 1736 2697 1789 Ecce
2740 1737 2923 1790 adsum
2950 1738 3022 1802 ‘7;
3052 1737 3130 1792 sic
3154 1751 3282 1791 con-

1748 1835 2032 1898 sequenter
2061 1827 2126 1881 ad
2154 1827 2419 1897 promissa
2454 1834 2562 1890 tua,
2590 1826 2807 1894 posuisti
2850 1825 3111 1895 lacrymas
3142 1842 3281 1880 meas

102 1914 165 1963 τὰ
184 1910 409 1978 δάκρυὰ
453 1929 570 1979 μου
620 1910 872 1965 ἐνώπιόν
924 1928 1057 1966 σου.
1092 1914 1197 1966 Καὶ
1249 1913 1387 1966 κατὰ
1410 1914 1509 1983 τὴν
1534 1913 1642 1965 τῶν

1748 1918 1799 1970 in
1833 1926 2104 1985 conspectu
2166 1925 2269 1972 tuo.
2328 1915 2405 1969 Ac
2454 1914 2747 1970 secundum
2791 1915 3280 1983 interpretationem

114 1999 500 2069 Έδδομήκοντα
546 1999 601 2052 δὲ
632 1998 941 2069 ἑρμηνείαν,
974 1998 1090 2065 Τὴν
1115 1999 1264 2064 ζωήν
1282 2017 1419 2067 μου,
1458 2001 1640 2069 φησιν,

102 2088 405 2157 ἐξήγγειλά
456 2104 573 2153 σοι,
629 2091 703 2153 ώς
748 2090 812 2144 ἂν
875 2090 1173 2159 παρρησίαν
1230 2088 1373 2157 ἄγων
1433 2092 1521 2141 καὶ¹
1569 2090 1642 2160 μὴ

106 2180 542 2250 ἐπαισχυνόμενος
567 2180 655 2232 ἐπὶ
678 2182 743 2250 τῇ
768 2178 998 2250 ἐμαυτοῦ
1028 2179 1158 2248 ζωῇ.
1194 2177 1264 2230 Σύ
1306 2196 1363 2231 τε
1384 2179 1640 2249 ἀποδεχό-

108 2271 248 2339 μενός
272 2289 373 2340 μου
406 2272 503 2343 τὴν
526 2272 690 2342 ζωὴν,
741 2270 807 2324 τὰ
839 2271 1046 2341 δάκρυά
1078 2288 1176 2340 μου
1206 2271 1305 2323 οὐκ
1352 2270 1640 2333 ἀπεσείσω,

109 2361 224 2414 ἀλλὰ
248 2360 352 2433 πρὸ
378 2361 488 2413 τῶν
516 2362 621 2415 σῶν
644 2359 927 2430 ὀφθαλμῶν
961 2360 1080 2414 ἔθου
1109 2362 1262 2425 αὐτὰ,
1295 2360 1643 2430 πιστούμενος

107 2452 191 2514 τὰς
213 2452 306 2515 σὰς
329 2450 674 2520 ἐπαγγελίας.
693 2450 780 2503 Διὸ
803 2449 1126 2514 συνέϐαινεν,
1153 2450 1282 2522 ἐμοῦ
1305 2450 1645 2517 είσακουομὲ-

109 2558 209 2605 νου,
240 2542 364 2604 τοὺς
412 2540 633 2611 ἐχθρούς
698 2556 795 2609 μου
831 2542 908 2602 είς
934 2540 1003 2592 τὰ
1052 2540 1223 2593 ὀπίσω
1272 2542 1480 2609 χωρεῖν·
1525 2539 1644 2591 ὅθεν

110 2629 252 2698 φημι·
291 2631 387 2681 Ἐν
406 2624 445 2698 ᾗ
477 2628 552 2681 ἀν
588 2625 773 2693 ἡμέρᾳ
799 2626 1232 2695 ἐπικαλέσωμαι
1255 2642 1347 2689 σε,
1381 2627 1645 2695 ἐπιστρέ-

110 2721 317 2783 φουσιν
340 2721 391 2769 οί
414 2716 611 2785 ἐχθροί
632 2732 749 2784 μου
797 2717 882 2779 είς
906 2715 977 2768 τὰ
1014 2716 1219 2769 ὀπίσω·
1256 2715 1396 2768 κατὰ
1441 2716 1496 2768 δὲ
1551 2716 1651 2768 τὸν.

110 2806 403 2876 Σύμμαχον·
441 2804 537 2871 Μὴ
576 2804 708 2873 οὐχὶ
742 2803 905 2865 ὅταν,
935 2806 1116 2874 φησιν,
1149 2802 1485 2873 ἐξαριθμῇς,
1517 2806 1645 2859 τότε

110 2892 659 2962 ἆποστραφήσονται
684 2895 735 2944 ot
760 2892 956 2961 εγθοοί
990 2908 1107 2960 μου
1142 2892 1363 2953 dalata;
1402 2892 1646 2946 Ἐπειδὰν

111 2983 425 3053 φυλοκρινῶν
442 2981 771 3053 διακαθάρῃς
785 2981 1051 3051 ἀφορίζων
1063 2982 1187 3044 τοὺς
1208 2981 1429 3034 σεαυτοῦ
1447 2982 1653 3049 ἀξίους,

114 3073 195 3125 nul
222 3073 571 3145 ἐξαρίθμησιν
612 3072 923 3141 ποιούμενος
974 3071 1078 3125 τῶν
1119 3073 1413 3142 μελλόντων
1464 3075 1540 3136 είς
1582 3073 1649 3126 τὰ

109 3159 240 3224 δεξιὰ
294 3162 559 3226 ἵστασθαι,
616 3160 842 3213 καὶτῶν
896 3160 973 3222 είς
1017 3160 1274 3230 ἀριστερὰ
1317 3161 1646 3231 χωρούντων,

1745 2007 1883 2061 LXX
1907 2047 1921 2070 ,
1969 2006 2140 2060 Vitam
2168 2022 2354 2071 meam,
2390 2007 2584 2075 inquit,
2612 2006 2914 2059 annuntiavi
2956 2005 3064 2067 tibi,
3100 2011 3284 2074 utpote

1747 2098 1837 2169 qui
1867 2114 1988 2151 cum
2024 2097 2214 2152 ﬁducia
2234 2112 2466 2167 agerem,
2488 2112 2602 2151 nec
2634 2097 2705 2151 de
2720 2098 2829 2151 vita
2865 2110 2981 2150 mea
3002 2096 3283 2153 erubesce-

1747 2203 1881 2242 rem.
1916 2186 1996 2239 Tu
2026 2201 2153 2239 vero
2181 2200 2303 2239 cum
2334 2185 2500 2239 vitam
2529 2187 2859 2255 approbares
2886 2203 3081 2253 meam,
3113 2189 3284 2259 lacry-

1747 2292 1865 2332 mas
1917 2291 2066 2330 meas
2115 2291 2221 2330 non
2270 2275 2536 2345 repulisti,
2569 2276 2662 2330 sed
2712 2277 2783 2331 ob
2827 2277 3012 2332 oculos
3056 2278 3283 2348 posuisti

1746 2375 1887 2428 tuos,
1923 2366 2002 2421 sic
2035 2366 2317 2436 promissis
2366 2350 2482 2420 tuis.
2525 2366 2680 2421 ﬁdem
2732 2367 3046 2422 concilians.
3108 2366 3287 2433 Quare

1748 2457 1991 2526 contigit,
2024 2471 2146 2510 cum
2178 2458 2459 2513 exauditus
2506 2471 2700 2524 essem,
2730 2457 2978 2512 inimicos
3026 2473 3172 2513 meos
3198 2474 3284 2513 re-

1749 2553 1832 2597 tro
1863 2544 2052 2598 cedere
2078 2562 2093 2612 ;
2127 2544 2245 2599 ideo
2274 2545 2395 2599 dico
2427 2564 2442 2600 :
2470 2545 2534 2599 In
2554 2563 2851 2615 quacunque
2879 2548 2961 2601 die
2988 2548 3284 2602 invocavero

1751 2644 1814 2697 te,
1872 2644 2227 2688 convertentur
2261 2636 2458 2689 inimici
2502 2639 2600 2690 mei
2636 2650 2948 2703 retrorsum;
2989 2640 3284 2695 secundum

1751 2724 2127 2795 Symmachum
2145 2742 2270 2780 vero
2299 2747 2311 2780 :
2335 2728 2521 2780 Annon
2540 2743 2654 2780 cum
2674 2732 3069 2789 enumeraveris.
3089 2730 3283 2799 inquit,

1749 2827 2102 2870 convertentur
2121 2818 2320 2871 mimici
2347 2818 2445 2871 mei
2472 2820 2796 2873 retrorsum?
2823 2817 2955 2872 Cum
2978 2826 3083 2888 per‘
3100 2820 3286 2889 singu-

1751 2907 1830 2961 las
1862 2907 2033 2961 tribus
2062 2922 2371 2971 secernens,
2396 2922 2489 2961 eos
2518 2906 2611 2977 qui
2638 2914 2691 2961 te
2720 2907 2865 2976 digni
2915 2916 3039 2962 sunt
3085 2908 3286 2979 selege-

1750 2998 1848 3062 ris,
1868 3004 1923 3053 et
1946 2998 2351 3053 enumeraveris
2378 3011 2471 3051 eos
2498 2997 2586 3067 qui
2607 2997 2672 3051 ad
2697 2998 2970 3053 dexteram
2992 2989 3283 3061 statuendi,

1752 3097 1805 3144 et
1832 3103 1925 3143 eos
1958 3089 2049 3160 qui
2080 3089 2153 3142 ad
2177 3088 2451 3144 sinistram
2500 3089 2769 3143 recessuri
2820 3097 2966 3152 sunt,
2991 3098 3131 3152 tunc,
3162 3104 3284 3142 cum

1753 3181 1915 3235 talem
1958 3181 2418 3236 enumerationem
2458 3179 2657 3244 facies,
2702 3189 3057 3234 convertentur
3092 3178 3287 3234 inimici

114 3252 258 3321 τότε,
318 3254 373 3304 ἐν
430 3252 509 3322 τῷ
564 3252 623 3303 σὲ
674 3252 770 3320 τὴν
812 3248 1159 3320 ἐξαρίθμησιν
1217 3251 1414 3321 ταύτην
1485 3254 1647 3304 ποιεῖ-

1750 3272 1851 3325 mei
1883 3279 2189 3325 retrorsum.

115 3342 254 3409 σθαι,
302 3340 865 3410 ἁποστριιφήσονται
919 3343 969 3392 οὶ
1028 3341 1226 3408 ἐχθροί
1274 3358 1389 3410 μου
1442 3343 1527 3406 είς
1573 3330 1656 3395 τά

115 3428 307 3485 ὀπίσω.

186 3542 319 3596 Ἰδοὺ
347 3534 557 3610 ἔγνων,
586 3540 674 3594 ὅτι
699 3543 839 3605 Θεός
863 3542 966 3609 μοί
996 3540 1181 3595 ἐστιν.
1242 3541 1371 3596 Ἐπί
1419 3541 1498 3607 τῷ
1526 3542 1645 3608 Θεῷ

116 3632 312 3685 αίνέσω
332 3632 516 3700 ῥῆμα,
540 3632 637 3684 ἐπὶ
673 3632 751 3696 τῷ
793 3634 984 3697 Κυρίῳ
1022 3632 1235 3687 αίνέσω
1292 3635 1490 3702 λόγον·
1546 3636 1643 3687 ἐπὶ

120 3722 185 3786 τῷ
208 3724 389 3794 Κυρίῳ
425 3722 673 3789 ἤλπισα,
692 3725 761 3777 οὺ
787 3721 1191 3791 φοϐηθήσομαι
1214 3723 1270 3777 τί
1291 3722 1526 3791 ποιήσει
1546 3742 1647 3794 μοι

119 3812 421 3881 ἅνθρωπος.
469 3814 623 3867 Κατὰ
683 3814 739 3867 δὲ
771 3814 859 3867 τὸν
908 3813 1198 3884 Σύμμαχον
1251 3814 1408 3867 τοῦτό
1464 3832 1641 3886 φησιν·

124 3900 265 3967 Οἶδα,
290 3907 377 3959 ὅτι
401 3907 532 3960 ἔστι
560 3906 698 3970 Θεός
725 3924 843 3974 μοι.
884 3904 992 3958 Τὸν
1039 3905 1184 3959 Θεὸν
1236 3908 1651 3976 ὐμνολογήσω,

121 3994 205 4048 διὰ
257 3996 357 4050 τοῦ
427 3996 572 4049 Θεοῦ
629 3994 1098 4063 ὺμνοποιήσομαι
1145 3998 1345 4063 ⁶ίόγον·
1386 3996 1464 4061 τῷ
1531 3998 1649 4063 Θεῷ

124 4086 370 4145 πέποιθα,
403 4088 475 4138 οὑ
502 4085 907 4153 φοϐηθήσομαι
939 4086 995 4138 τί
1037 4085 1272 4151 ποιήσει
1299 4104 1397 4154 μοι
1434 4087 1649 4155 ἅνθρω-

124 4189 238 4238 πος.
263 4174 448 4234 Αὑτοῖς
472 4171 670 4241 ἔργοις,
694 4174 843 4241 φησὶ,
866 4173 1189 4244 παρείληφα,
1209 4175 1301 4227 καὶ
1330 4175 1497 4242 ἔγνων
1527 4176 1659 4247 ἁληα

126 4264 330 4327 θῶς,ὄτι
355 4266 455 4317 οὐκ
479 4264 569 4316 ἐπὶ
604 4264 809 4333 ματαίῳ
860 4264 1078 4333 ἤλπισα·
1127 4264 1260 4317 ἀλλὰ
1304 4266 1433 4318 Θεὸν
1465 4266 1650 4336 βοηθὸν

126 4348 432 4431 ἐκτησάμην.
459 4356 656 4408 Τούτου
678 4356 731 4407 δὲ
758 4354 991 4423 ἔλεγχος,
1024 4357 1141 4407 ἐπεὶ
1165 4356 1302 4409 ἔθου
1334 4356 1405 4409 τὰ
1426 4355 1663 4423 δάκρυά

126 4462 223 4513 μου
253 4446 500 4501 ἐνώπιόν
529 4462 662 4501 σου.
694 4441 823 4498 Εἶτα
869 4444 1001 4514 ἐμοῦ
1034 4446 1128 4514 μὲν
1159 4447 1388 4516 ἐπήκοος
1411 4447 1645 4513 ἐγίγνου,

128 4539 168 4586 ot
191 4535 240 4588 δὲ
263 4537 436 4608 ἐχθροί
487 4556 586 4607 μου
615 4535 847 4607 ἐχώρουν
889 4537 967 4597 είς
1016 4535 1083 4588 τὰ
1108 4537 1296 4588 ὀπίσω·
1329 4536 1407 4587 διὸ
1443 4535 1540 4587 ἐπὶ
1573 4534 1649 4599 τῷ

132 4625 234 4690 Θεῷ
254 4627 465 4681 αἰνέσω
478 4627 660 4695 ῥῆμα·
720 4628 775 4697 ἢ,
810 4626 945 4689 κατὰ
974 4626 1063 4678 τὸν
1103 4627 1327 4679 Ἀκύλαν
1351 4644 1363 4656 ·
1407 4626 1506 4678 Ἑν
1538 4610 1656 4689 Θὲῷ

132 4716 479 4785 καυχήσομαι
525 4716 705 4784 ῥῆμα·
766 4717 904 4769 κατὰ
960 4715 1015 4768 δὲ
1062 4716 1149 4769 τὸν
1188 4716 1509 4786 Σύμμαχον·
1546 4713 1654 4766 Τὸν

136 4806 262 4858 Θεὸν
283 4805 684 4875 ὑμνολογήσω·
699 4808 832 4860 ἀλλὰ
856 4808 943 4860 καὶ
965 4808 1059 4859 ἐπι
1090 4807 1191 4859 τὸν
1207 4808 1416 4873 Κύριον
1440 4803 1653 4857 αἰνέσω

134 4893 307 4958 λόγον·
341 4893 398 4962 ἢ,
433 4892 583 4945 ’κατὰ
626 4893 715 4947 τὸν
774 4895 1017 4958 Ἀκύλαν,
1067 4894 1136 4946 ἐν
1175 4895 1365 4961 Κυρίῳ
1408 4891 1651 4961 ὑμνήσω

136 4983 309 5050 λόγον·
338 4986 391 5055 ἢ,
416 4983 556 5038 κατὰ
576 4984 982 5057 τὸνοΣύμμαχον,
1006 4987 1101 5039 διὰ
1122 4985 1226 5038 τοῦ
1248 4986 1463 5053 Κυρίου
1484 4987 1653 5051 ὑμνο-

139 5074 427 5143 ποιήσομαι
452 5076 652 5144 λόγον·
697 5077 789 5128 καὶ
812 5078 988 5142 πάλιν,
1015 5077 1088 5140 ώς
1120 5078 1368 5148 ἀνωτέρω
1394 5093 1477 5145 μοι
1502 5074 1647 5145 εἴρη-

138 5175 230 5212 ται·
272 5164 387 5217 Ἐπὶ
430 5165 508 5231 τῷ
566 5163 685 5229 Θεῷ
743 5165 990 5232 ἤλπισα,
1038 5170 1109 5221 οὐ
1142 5166 1545 5236 φοϐηθήσομαι
1593 5166 1649 5217 τί

142 5250 345 5313 ποιήσει
365 5270 464 5320 μοι
512 5254 684 5322 σάρξ·
744 5255 832 5307 καὶ
884 5257 976 5308 νῦν
1029 5276 1186 5328 φημι,
1242 5258 1361 5310 Ἐπὶ
1412 5255 1489 5320 τῷ
1533 5254 1652 5319 Θεῷ

143 5335 364 5405 ἤλπισα,
402 5344 473 5393 οὐ
506 5344 909 5413 φοϐηθήσομαι
942 5346 996 5397 τί
1022 5347 1257 5412 ποιήσει
1310 5362 1404 5414 μοι
1438 5344 1655 5410 ἄνθρω-

144 5441 254 5491 πος.
287 5428 421 5499 Σὰρξ
441 5430 548 5501 γὰρ
596 5434 687 5485 καὶ
736 5434 1015 5505 ἄνθρωπος
1045 5437 1107 5489 ἓν
1134 5438 1224 5489 καὶ
1275 5435 1464 5488 ταυτὸν
1490 5434 1653 5495 ἐστιν,

147 5514 302 5587 ἐπειδὴ
332 5517 589 5572 λέλεκται·
634 5522 825 5591 Ὑμεῖς
864 5524 930 5577 δὲ
974 5526 1053 5589 ώς
1084 5526 1371 5593 ἂνθρωποι
1401 5522 1656 5587 ἀποθνή-

148 5618 315 5660 σκετε·
357 5610 463 5673 καὶ,
506 5612 677 5665 Ὅταν
708 5614 814 5683 γὰρ
842 5610 882 5686 ᾖ
907 5615 1143 5691 eorum
1180 5614 1350 5682 ζῆλος
1390 5614 1481 5669 καί
1514 5615 1652 5681 ἔρις,

210 5762 244 5791 ³⁷
276 5763 387 5822 lsai.
423 5784 581 5838 ιγιιι,
615 5771 664 5826 9.
744 5774 803 5805 ‘7'
832 5771 971 5828 Psal.
1002 5788 1177 5837 um,
1208 5773 1255 5827 7.

1819 3558 1980 3614 Vsus.
2008 3561 2092 3616 Η.
2118 3560 2250 3615 Ecce
2280 3576 2489 3631 cognovi
2509 3562 2750 3632 quoniam
2782 3558 2919 3613 Deus
2946 3557 3070 3612 mihi
3091 3565 3184 3611 est.
3218 3552 3287 3610 In

1747 3659 1858 3715 Deo
1886 3660 2112 3715 laudabo
2142 3663 2369 3727 verbum,
2395 3662 2447 3715 in
2472 3661 2695 3715 Domino
2716 3660 2940 3713 laudabo
2962 3671 3241 3711 sermonem
3266 3670 3283 3707 :

1749 3762 1805 3814 in
1830 3759 2049 3815 Domino
2066 3763 2282 3830 speravi,
2306 3777 2408 3815 non
2425 3760 2605 3813 timebo
2633 3757 2755 3829 quid
2779 3742 3090 3825 [aciatxmi/ii
3113 3755 3285 3808 homo.

1753 3857 2061 3915 Secundum
2095 3858 2468 3930 Symmachum
2514 3864 2688 3911 autem
2723 3857 2800 3911 sic
2842 3856 2915 3909 ait
2947 3876 2959 3910 :
2987 3854 3120 3909 Novi
3152 3854 3288 3924 quod

1751 3956 1819 4009 sit
1851 3948 1987 4009 Deus
2018 3954 2163 4007 mihi.
2202 3953 2362 4005 Deum
2385 3953 2668 4017 celebrabo,
2697 3970 2786 4022 per
2815 3951 2977 4006 Deum
3006 3967 3289 4005 sermonem

1753 4047 1807 4100 in
1837 4047 2083 4115 hymnum
2117 4052 2447 4107 convertam;
2477 4047 2529 4098 in
2555 4044 2661 4098 Deo
2695 4045 2913 4112 speravi,
2964 4059 3075 4096 non
3105 4042 3288 4093 timebo

1752 4136 1873 4207 quid
1903 4132 2058 4202 faciet
2090 4134 2215 4187 mihi
2240 4136 2407 4190 homo.
2434 4136 2568 4205 Ipsis
2594 4136 2865 4207 operibus,
2890 4133 3080 4201 inquit,
3108 4132 3293 4199 accepi

1753 4238 1805 4284 et
1832 4244 1956 4283 vere
1988 4228 2111 4282 novi
2157 4244 2245 4283 me
2290 4243 2400 4282 non
2438 4228 2638 4282 frustra
2689 4241 2936 4295 sperasse
2961 4266 2975 4290 ,
3007 4224 3096 4278 sed
3122 4222 3289 4277 Deum

1754 4315 2053 4384 adjutorem
2104 4316 2424 4371 obtinuisse.
2451 4314 2735 4383 Cujus-rei
2785 4320 3154 4381 argumentum
3184 4318 3288 4375 est,

1754 4409 1896 4477 quod
1926 4410 2145 4477 posuisti
2171 4411 2429 4479 lacrymas
2452 4423 2589 4460 meas
2613 4407 2665 4459 in
2691 4412 2962 4473 conspectu
3000 4413 3107 4457 tuo.
3131 4402 3288 4455 Dein-

1755 4496 1822 4550 de
1852 4497 1985 4552 mihi
2014 4497 2232 4567 quidem
2281 4497 2547 4567 prepitius
2584 4494 2768 4559 fuisti;
2798 4493 3001 4547 inimici
3041 4508 3166 4547 vero
3188 4494 3293 4547 mei

1684 4600 1728 4654 ι)
1756 4594 1902 4642 retro
1957 4595 2279 4644 cesserunt:
2329 4601 2495 4655 quare
2542 4586 2598 4639 in
2642 4584 2746 4638 Deo
2780 4584 3004 4637 laudabo
3054 4583 3290 4643 verbum;

1759 4677 1892 4742 sive,
1910 4678 2204 4732 secundum
2224 4677 2499 4745 Aquilam:
2526 4673 2591 4728 In
2607 4674 2712 4729 Deo
2730 4674 3029 4744 gloriﬁcabo
3052 4672 3253 4727 verbum
3274 4689 3290 4732 ;

1758 4768 2052 4821 secundum
2104 4764 2479 4836 Symmachum
2533 4774 2709 4825 autem
2744 4783 2755 4817 :
2799 4763 2963 4817 Deum
2991 4760 3292 4813 celebrabo:

1755 4855 1848 4909 sed
1891 4858 2062 4909 etiam
2083 4855 2137 4907 in
2183 4854 2404 4909 Domino
2444 4840 2668 4908 laudabo
2700 4864 3015 4911 sermonem;
3046 4854 3157 4910 aut,
3208 4861 3296 4900 se-

1755 4950 1989 4997 cundum
2018 4944 2290 5012 Aquilam,
2317 4946 2370 4998 in
2403 4943 2626 4996 Domino
2669 4940 2931 4993 celebrabo
2985 4953 3291 4998 sermonem,

1752 5034 1883 5100 sive,
1902 5035 2191 5089 secundum
2212 5036 2603 5107 Symmachum.
2617 5049 2704 5102 per
2720 5032 2995 5085 Dominum
3012 5045 3292 5084 sermonem

1751 5126 1803 5174 in
1855 5124 2098 5190 hymnum
2156 5134 2443 5177 convertam
2478 5138 2506 5174 ,ν
2556 5138 2617 5175 ac
2660 5135 2894 5183 rursum,
2954 5124 3012 5171 ut
3047 5118 3293 5186 superius

1752 5212 1861 5266 dixi
1896 5231 1909 5264 :
1945 5210 2009 5265 In
2056 5212 2164 5267 Deo
2198 5214 2417 5282 speravi,
2453 5229 2554 5265 non
2585 5211 2768 5265 timebo
2810 5208 2931 5278 quid
2969 5207 3132 5277 faciat
3168 5207 3293 5259 mihi

1756 5316 1911 5354 caro:
1954 5300 2033 5355 sic
2070 5303 2181 5371 jam
2223 5303 2343 5355 dico
2384 5319 2395 5353 :
2435 5299 2499 5353 In
2556 5301 2662 5353 Deo
2710 5299 2929 5367 speravi,
2961 5314 3060 5350 non
3110 5295 3292 5347 timebo

1758 5401 1879 5472 quid
1903 5402 2057 5469 faciet
2091 5403 2216 5456 mihi
2241 5403 2411 5460 homo.
2443 5404 2584 5457 Caro
2626 5402 2767 5456 enim
2789 5409 2841 5453 et
2878 5398 3034 5452 homo
3062 5396 3291 5464 idipsum

1762 5513 1904 5570 sunt,
1930 5506 2359 5575 quandoquidem
2390 5505 2593 5559 dictum
2632 5512 2713 5559 est
2742 5522 2753 5556 :
2803 5502 2902 5556 Vos
2942 5508 3137 5575 autem,
3160 5498 3291 5550 sicut

1761 5611 1985 5666 homines
2010 5612 2299 5667 moriemini
2334 5611 2437 5675 Ἑν,
2488 5616 2558 5675 et,
2607 5606 2735 5664 Cum
2786 5608 2916 5662 enim
2955 5606 3022 5659 sit
3065 5602 3202 5656 zelus
3241 5616 3292 5659 et
