3966 6348
738 443 843 500 ⁵θὸ
1425 458 1694 517 EUSEBII
1729 454 2193 515 CESARIENSIS
2223 454 2370 514 OPP.
2404 457 2583 514 PARS
2617 458 2705 517 Ill.
2735 489 2807 501 —
2842 460 3242 526 EXEGETICA.
3637 465 3640 467 λ
3811 463 3886 519 516

738 569 965 627 Videtur
991 586 1119 644 ergo
1157 573 1311 639 mihi,
1362 577 1708 633 moventibus
1746 575 2032 650 utriusque
2084 574 2248 647 psalm

2346 575 2457 648 ⁵τῷ
2485 578 2729 649 σπηλαίῳ
2787 578 2869 649 τῷ
2941 578 3218 651 Ὀδολλὰμ,
3260 580 3293 651 ἢ
3350 580 3411 634 ὲν
3449 581 3527 650 τῷ
3573 582 3887 653 art-quitqu

735 662 934 730 verbis,
963 664 1102 720 banc
1129 664 1268 719 tituli
1302 665 1711 736 inscriptionem
1741 666 1798 722 in
1823 667 2081 737 spelunca
2118 664 2248 722 Odol

2383 667 2638 739 Ἐνγαδδί.
2712 669 2868 723 Ἀλλά
2912 670 3007 724 καὶ
3053 670 3233 742 ἐπειδὴ
3286 669 3377 724 δύο
3426 671 3668 742 εἰρηνται
3720 674 3887 745 ww

732 755 839 808 lam
866 754 1061 810 dictam
1092 754 1299 822 fuisse;
1336 758 1636 813 orationem
1679 772 1806 813 vero
1825 759 1882 813 in
1918 772 2040 812 cm
2066 758 2248 828 psalmt

2372 757 2516 829 αὐτῷ
2537 761 2593 812 ιν
2618 757 2693 829 τῷ
2718 760 2983 831 σπηλαίῳ,
3003 762 3032 813 ό
3057 760 3155 831 μὲν
3182 760 3535 831 προκείμενος
3552 762 3886 834 στηλογραφία

729 845 980 913 pesitam,
1005 842 1062 899 in
1091 846 1347 914 spelunca
1371 844 1633 919 Engaddi,
1654 861 1800 912 cum,
1834 847 1999 903 Saule
2021 863 2144 902 sese
2177 862 2248 917 ap

2370 847 2667 917 τυγχάνων,
2715 851 2744 902 ὁ
2789 850 2845 903 δὲ
2878 857 3004 920 ρμα⁸
3052 851 3553 925 ἐπιγεγραμμένος,
3610 854 3885 921 Συνέσεως

716 942 973 1003 parante,
1006 936 1061 989 in
1100 936 1357 1005 spelunca
1406 939 1579 994 latens
1611 939 1981 1019 deprehensus
2012 950 2115 996 est.
2157 939 2273 994 Sic-

711 1044 744 1097 q
764 1042 830 1082 ue
859 1027 988 1081 mihi
1021 1042 1334 1096 persuasum
1363 1036 1535 1085 estex
1556 1031 1716 1085 dictis
1742 1032 2023 1112 utriusque
2054 1030 2265 1101 psalmi.

715 1116 778 1170 Et
830 1116 1047 1186 quidem
1095 1132 1217 1171 σιω
1252 1119 1465 1185 videtur
1503 1122 1634 1176 mihi
1684 1130 1816 1175 tunc
1852 1121 2116 1191 prolatus,
2145 1136 2268 1176 cum

714 1206 893 1263 David
915 1209 971 1263 in
1002 1210 1251 1281 angustia
1284 1226 1476 1283 magna
1505 1219 1560 1267 et
1588 1214 1990 1268 concertatione
2018 1212 2265 1283 degeret;

715 1298 797 1353 sic
830 1299 973 1353 enim
998 1300 1071 1354 ibi
1101 1301 1342 1371 loquitur
1373 1321 1385 1355 :
1424 1300 1557 1355 Voce
1589 1318 1705 1355 mea
1742 1301 1811 1355 ad
1840 1301 2118 1356 Dominum
2157 1302 2270 1355 cla-

2368 935 2448 1008 τῷ
2483 942 2660 995 Δαυῒό
2698 943 2768 995 ἐν
2812 937 2893 1010 τῷ
2936 945 3212 1011 σπηλαίῳ
3242 943 3567 1015 προσευχή’
3590 944 3811 1016 ζητήσαι
3837 949 3884 1000 ἂν

2367 1048 2451 1094 τις
2497 1030 2727 1099 εὐλόγως
2750 1034 2798 1084 εί
2830 1032 2967 1087 κατὰ
3000 1033 3087 1087 τὸν
3117 1034 3275 1088 αὐτὸν
3318 1036 3557 1106 εῐρηνται
3589 1036 3792 1107 χρόνον,
3815 1037 3885 1091 λεὶ

2367 1124 2414 1175 εί
2434 1125 2488 1174 ἐν
2513 1123 2590 1193 τῷ
2612 1124 2860 1195 σπηλαίῳ
2887 1125 3165 1195 τυγχάνων
3216 1128 3553 1198 ἀμφοτέρους
3608 1128 3881 1192 συνέταξεν.

2366 1212 2520 1263 Δοκεῖ
2542 1212 2715 1266 τοίνυν
2741 1214 2884 1284 ἐμοὶ,
2920 1215 3214 1285 κινουμένῳ
3240 1216 3303 1268 ὲκ
3325 1216 3431 1270 τῶν
3458 1218 3515 1270 ὲν
3543 1218 3784 1289 ἐκατέρῳ
3809 1236 3882 1286 φε-

2369 1306 2605 1375 ρομένων
2624 1305 2813 1374 λόγων,
2854 1308 2887 1376 ἡ
2921 1306 3018 1376 μὲν
3052 1306 3189 1376 μετὰ
3232 1309 3419 1378 χεῖρας
3456 1309 3818 1380 στηλογραφῐα
3842 1314 3884 1362 ἐν

714 1391 877 1457 mani,
907 1405 1024 1444 voce
1041 1406 1155 1445 mea.
1180 1392 1248 1444 ad
1279 1390 1561 1445 Dominum
1583 1390 1887 1461 deprecatus
1915 1409 2050 1448 sum.
2079 1391 2248 1461 Eﬂ’un-

2362 1394 2439 1463 τῷ
2469 1395 2713 1466 σπηλαίῳ
2732 1396 2810 1467 τῷ
2840 1394 3099 1467 Ὀδολλὰμ
3126 1397 3390 1467 εἰρῆσθαι,
3422 1400 3454 1468 ἡ
3481 1399 3539 1452 δὲ
3577 1400 3636 1451 ὲν
3662 1398 3741 1468 τῷ
3765 1407 3881 1469 ρμα’,

713 1476 780 1531 do
828 1478 883 1531 in
931 1478 1358 1546 conspectu'ejus
1389 1479 1676 1534 orationem
1719 1496 1888 1535 meam
1917 1495 1934 1533 :
1965 1480 2263 1535 tribulatio-

714 1582 832 1619 nem
891 1582 1061 1619 meam
1105 1576 1225 1621 ante
1254 1569 1423 1635 ipsum
1452 1568 1822 1637 pronuntiabo.
1879 1568 1945 1624 In
1981 1570 2263 1639 deﬁciendo

715 1669 779 1705 es
809 1652 887 1706 me
907 1655 1149 1722 spiritum
1177 1671 1364 1721 meum,
1384 1665 1432 1711 et
1455 1665 1509 1710 tu
1547 1659 1828 1729 cognovisti
1858 1660 2069 1713 semitas
2098 1678 2258 1715 meas.

720 1741 785 1796 In
814 1745 899 1797 uia
943 1744 1061 1809 hac,
1087 1762 1189 1816 qua
1218 1746 1576 1814 ambulabam,
1604 1740 1986 1804 abscOnderunt
2022 1752 2262 1822 laqueum

716 1832 844 1887 mihi
867 1835 932 1891 ”.
972 1833 1068 1891 His
1103 1837 1301 1907 quippe
1330 1839 1637 1909 angustiam
1660 1855 1767 1910 qua
1796 1843 2141 1911 premebatur
2167 1842 2258 1897 de-

714 1922 1165 1990 clarat;maxime
1187 1934 1365 2001 autem
1387 1927 1444 1980 in
1478 1929 1828 1998 sequentibus
1860 1930 2009 1985 hisce
2032 1931 2209 1986 verbis
2241 1949 2253 1984 :

2364 1486 2653 1563 προσευχὴ,
2682 1487 2739 1539 ἐν
2764 1486 2841 1557 τῷ
2864 1488 3106 1559 σπηλαίῳ
3129 1489 3475 1560 τῷἘνγαδδὶ,
3492 1492 3602 1554 ὅτε,
3631 1489 3723 1543 τοῦ
3744 1491 3883 1545 Σαοὺλ

2361 1578 2927 1650 παρασκευαζομένου,
2955 1580 3011 1633 ὲν
3034 1580 3111 1649 τῷ
3155 1580 3397 1651 σπηλαίῳ
3426 1581 3571 1634 ἔνδον
3601 1580 3881 1652 κρυπτόμε-

2358 1683 2446 1729 νος
2471 1666 2714 1743 εὖρηται.
2740 1668 2891 1722 Οὕτω
2912 1669 2972 1722 δέ
3000 1689 3087 1741 μοι
3115 1672 3356 1743 παρέστη
3405 1672 3676 1742 κινηθέντι
3706 1675 3767 1726 ἐκ
3798 1673 3882 1727 τῶν

2359 1759 2486 1827 παρ’
2519 1758 2760 1829 ἐκατέρῳ
2788 1760 3095 1831 φερομένων
3129 1761 3317 1831 λόγων.
3361 1764 3417 1816 '0
3447 1763 3543 1832 μὲν
3572 1770 3698 1834 ρμα¹
3730 1765 3882 1830 φαίνε-

2356 1859 2445 1897 ται
2466 1845 2748 1917 εἰρημένος
2778 1848 2834 1899 ἐν
2860 1846 3021 1918 πολλῇ
3044 1852 3236 1919 συνοχῇ
3261 1850 3352 1903 καὶ
3400 1852 3569 1919 ἀγῶνι
3596 1853 3882 1922 τυγχάνοντι

2357 1932 2433 2005 τῷ
2454 1936 2632 1989 Δαυῖδ·
2666 1938 2799 2008 φησὶ
2818 1932 2951 2007 γοῦν
2977 1940 3033 1991 ὲν
3060 1939 3221 2010 αὐτῷ·
3262 1942 3434 2011 Φωνῇ
3464 1961 3582 2012 μου
3620 1944 3765 2012 πρὸς
3787 1947 3881 1997 Κύ-

714 2012 880 2067 Periit
906 2014 1034 2085 fuga
1057 2032 1089 2068 a
1111 2032 1209 2069 me.
1232 1998 1529 2075 Obsidente
1545 2033 1778 2089 namque
1803 2018 1962 2076 Saule
1989 2022 2248 2091 spelunca

2347 1998 2482 2091 pter
2523 1998 2848 2096 ἐκέκραξα.
2874 2027 3041 2098 φωνῇ
3253 1998 3535 2099 πρόςητόν
3575 1998 3724 2089 83bi-
3740 1998 3881 2099 εόεήο

713 2104 934 2167 ostium,
968 2106 1114 2160 intus
1149 2107 1322 2164 latens
1357 2109 1493 2180 ipse,
1532 2108 1767 2182 elfugcre
1793 2127 1852 2175 sc
1881 2126 2041 2180 posse
2070 2112 2260 2182 despe-

712 2193 886 2247 rabat.
917 2192 1181 2249 Caeterum
1203 2211 1323 2251 cum
1346 2198 1412 2253 de
1444 2198 1570 2269 fuga
1591 2200 1924 2270 desperaret,
1958 2202 2024 2256 ad
2054 2203 2257 2257 saluta~

711 2295 826 2336 rem
855 2290 1071 2352 portum
1119 2286 1393 2359 confugit;
1428 2305 1598 2359 quare
1639 2290 1925 2362 subjungit
1957 2310 1969 2345 :
2018 2292 2259 2349 Clamavi

710 2372 791 2426 ad
829 2381 897 2439 te,
941 2374 1181 2442 Domine,
1226 2378 1338 2433 dixi
1383 2396 1401 2433 :
1453 2381 1533 2434 Tu
1578 2396 1631 2435 es
1666 2397 1778 2449 spes
1832 2398 1981 2445 mea;
2036 2395 2088 2438 et
2142 2384 2256 2440 haec

709 2461 896 2533 adjicit
929 2482 941 2519 :
975 2464 1123 2520 Educ
1152 2466 1213 2521 de
1254 2468 1498 2522 custodia
1553 2470 1785 2524 animam
1844 2487 2032 2529 meam.
2064 2472 2253 2528 Viden’

708 2554 978 2622 quomodo
1031 2571 1187 2610 suam
1237 2558 1292 2612 in
1354 2561 1610 2629 spelunca
1664 2563 2066 2619 conclusionem
2116 2565 2256 2620 indi-

707 2643 833 2697 cat?
864 2642 993 2701 lure
1043 2646 1225 2718 itaque
1275 2649 1390 2705 haec
1433 2651 1577 2727 dicta
1630 2655 1930 2717 orationem
1983 2657 2251 2723 inscribit,

705 2742 919 2806 tempus
948 2736 1297 2810 inscriptione
1335 2742 1426 2798 illa
1455 2743 1753 2803 declarans.
1779 2748 1869 2803 Ait
1920 2749 2125 2822 igitur:
2161 2749 2252 2805 In-

707 2824 938 2882 tellectus
966 2827 1178 2897 Davidi,
1226 2848 1344 2887 cum
1370 2845 1504 2889 esset
1554 2836 1607 2889 in
1653 2837 1919 2905 spelunca,
1965 2842 2154 2896 oratio.
2186 2840 2252 2895 Et

702 2915 821 2972 haec
853 2920 1069 2998 quidem
1101 2930 1288 2978 notato
1333 2932 1575 2995 tempore
1608 2938 1859 2998 precatus
1902 2939 2006 3004 est,
2057 2948 2251 3011 magno

705 3006 760 3061 in
796 3010 1036 3078 periculo
1081 3014 1434 3070 constitutus.
1475 3015 1600 3072 Haec
1631 3033 1761 3075 vero
1797 3020 1939 3075 tituli
1968 3006 2250 3094 inscriptio

704 3097 776 3152 ab
802 3113 866 3153 eo
891 3100 1113 3156 recitata
1138 3109 1241 3167 est,
1269 3113 1327 3159 ut
1353 3106 1580 3172 aestimo,
1604 3122 1725 3163 cum
1748 3117 1892 3167 esset
1917 3111 1973 3166 in
1994 3113 2249 3184 spelunca

706 3186 972 3254 Odollam,
1005 3206 1068 3246 ac
1093 3195 1599 3265 recepissetomnes
1625 3198 1820 3257 fratres
1861 3216 2012 3268 suos,
2043 3217 2247 3274 cogna-

2354 2119 2483 2185 θην.
2529 2118 2739 2188 Ἑκχεῶ
2762 2119 3012 2175 ἐνώπιον
3053 2122 3234 2176 αὐτοῦ
3254 2122 3364 2190 τὴν
3389 2123 3602 2192 δέησίν
3633 2143 3766 2195 μου·
3790 2125 3883 2193 τὴν

2353 2208 2561 2275 θλίψιν
2605 2227 2723 2278 μου
2771 2210 3023 2266 ἐνώπιον
3072 2214 3255 2268 αὑτοῦ
3317 2216 3647 2284 ἀπαγγελῶ.
3700 2220 3795 2272 Ἐν
3819 2218 3882 2283 τῷ

2350 2302 2650 2357 ἐκλείπειν
2687 2303 2755 2369 ἐξ
2777 2305 3023 2373 ἐμοῡητὸ
3058 2307 3290 2376 πνεῦμά
3332 2325 3470 2377 μου,
3516 2309 3615 2362 καὶ
3666 2310 3743 2363 σὺ
3787 2312 3882 2377 ἐγί-

2350 2407 2580 2459 νωσκες
2627 2392 2734 2461 τὰς
2791 2386 3025 2464 τρίϐὁυς
3070 2416 3205 2467 μου.
3248 2400 3375 2465 ,Ἐν
3440 2390 3558 2467 ὁδῷ
3609 2403 3806 2469 ταύτῃ,
3850 2396 3881 2469 ᾖ

2348 2486 2736 2558 ἐπορευόμην,
2762 2490 3035 2560 ἔκρυψαν
3057 2490 3273 2567 πατίδα
3294 2508 3413 2560 μοι.
3448 2492 3546 2547 Διά
3568 2492 3770 2546 τούτων
3794 2494 3882 2562 γὰρ

2349 2577 2444 2651 τὴν
2474 2578 2697 2651 συνοχὴν
2725 2583 2783 2635 ὲν
2898 2581 3183 2652 ἐξητάζετο
3210 2583 3518 2655 «rapimur
3550 2584 3643 2637 καὶ
3667 2584 3745 2636 ἔτι
3769 2585 3882 2654 μᾶλ-

2348 2672 2436 2725 λον
2464 2672 2529 2726 δι’
2556 2666 2630 2728 ὧν
2657 2673 2848 2742 ἐπάγει
2872 2674 3041 2744 λέγων
3090 2674 3235 2744 ὲξῆςο
3274 2674 3556 2729 Ἆπώλετο
3615 2675 3772 2745 φυγὴ
3798 2676 3880 2729 ἀπ’

2345 2762 2507 2831 ἐμοῦ·
2525 2764 2629 2835 πρὸ
2650 2764 2756 2818 τῶν
2780 2764 2956 2837 θυρῶν
2984 2764 3091 2838 γὰρ
3113 2764 3206 2819 τοῦ
3240 2766 3501 2837 σπηλαίου
3535 2767 3879 2837 καθεζομένου

2347 2853 2439 2907 τοῦ
2462 2855 2649 2918 Σαοὺλ,
2675 2855 2819 2909 ἔνδον
2874 2856 3264 2927 κρυπτόμενος,
3298 2856 3606 2925 ἀπεγνώκει
3648 2858 3743 2928 τὴν
3772 2858 3878 2909 ἐαυ-

2346 2944 2438 3000 τοῦ
2461 2946 2661 3016 φυγήν.
2682 2946 2829 3013 Πλὴν
2848 2946 2945 3016 τὴν
2974 2947 3147 3017 φυγὴν
3167 2948 3455 3015 ἀπογνοὺς,
3486 2948 3580 3000 ἐπὶ
3608 2947 3698 3000 τὸν
3728 2948 3877 3013 σωτὴ-

2349 3034 2681 3107 ριοψλιμένα
2726 3037 3088 3105 καταφεύγει·
3135 3037 3214 3089 διὸ
3262 3037 3517 3104 ὲπιλέγει’
3581 3037 3879 3105 Ἑκέκραξα

2347 3124 2495 3193 πρὸς
2525 3125 2617 3189 σὲ,
2677 3128 2888 3194 Κύριε,
2945 3123 3109 3180 εἶπα·
3173 3126 3257 3179 Σὺ
3296 3126 3352 3179 εἷ
3401 3126 3579 3190 ἐλπίς
3624 3143 3773 3195 μου·
3801 3126 3875 3177 καὶ

2347 3215 2665 3297 προστίθησι
2738 3204 2930 3283 λέγων·
3012 3210 3286 3285 Ἐξάγαγε
3339 3216 3408 3268 ἐκ
3464 3214 3743 3283 φυλακῆς
3782 3214 3878 3279 τὴν

703 3285 791 3335 tos
834 3280 961 3337 item
1015 3298 1081 3340 ac
1123 3287 1360 3364 reliquos
1413 3289 1705 3362 fugitivos;
1752 3293 1853 3365 qui
1897 3293 2129 3351 fortasse
2159 3298 2244 3353 sui

2346 3280 2552 3376 ψυχήν
2788 3280 2949 3378 ’ὁρᾷς
2989 3280 3256 3371 ὅπωςντὸν
3311 3305 3438 3372 εἴσω
3467 3280 3584 3360 ⁷τοῢ
3638 3280 3874 3376 σπηλαίου

702 3387 868 3457 causa
896 3375 1109 3432 insidiis
1140 3378 1319 3437 Saulis
1344 3383 1771 3451 appetebantur;
1803 3387 2246 3459 quinetiam-qui-

700 3462 787 3518 vis
816 3454 1046 3536 aMictus
1071 3468 1249 3523 animo
1272 3477 1327 3547 et
1350 3470 1604 3540 injuriam
1628 3454 1841 3544 passus,
1874 3474 2009 3547 fugae
2029 3454 2242 3533 Davidis

702 3568 927 3610 consors
959 3564 1093 3611 erat.
1132 3557 1265 3611 Nam
1296 3574 1417 3616 eum
1477 3563 1650 3617 virum
1675 3566 1905 3637 justum,
1934 3583 1981 3622 Ia
2010 3567 2119 3624 Deo
2146 3569 2253 3625 bo--

702 3650 974 3708 noratum,
1028 3644 1227 3715 injuria
1276 3660 1307 3701 a
1354 3646 1517 3705 Saule
1546 3653 1759 3721 pulsum
1802 3646 2131 3723 videntibus,
2179 3674 2249 3715 ea.

660 3798 667 3804 γ
702 3731 838 3801 ipsis
862 3736 1162 3793 consolatio
1184 3738 1237 3793 in
1266 3740 1424 3796 malis
1446 3749 1583 3797 erat.
1617 3742 1752 3798 Tum
1779 3746 1881 3815 ipsi
1908 3763 2122 3818 quoque
2149 3752 2241 3821 qui

703 3839 735 3876 a
768 3823 1087 3883 laedentibus
1115 3844 1172 3884 se
1196 3829 1492 3902 fugiebant,
1532 3831 1720 3888 Davidi
1760 3835 2066 3902 studebant,
2097 3840 2243 3909 ejus-

700 3928 806 3983 que
831 3923 1011 3985 partes
1042 3919 1540 3990 amplectebantur;
1566 3924 1941 3997 malebantque
1964 3928 2087 3997 pelli
2112 3944 2240 3985 .cum

599 4008 606 4017 ‘
698 4002 841 4073 ipso,
886 4018 1048 4073 quam
1092 4006 1397 4077 insequenti
1455 4012 1674 4069 haerere.
1726 4014 1862 4071 Cum
1898 4033 2027 4089 ergo
2070 4019 2241 4076 otium

699 4102 881 4164 ageret
915 4095 971 4150 in
1008 4096 1265 4167 spelunca
1310 4098 1571 4169 Odollam,
1620 4115 1937 4174 praesentem
1986 4110 2129 4167 tituli
2159 4113 2242 4167 in-

696 4186 1057 4258 scriptionem.
1077 4193 1335 4247 exaravit;
1359 4193 1513 4259 Quod
1537 4211 1666 4254 sane
1693 4199 1967 4257 declarant
1995 4212 2105 4259 tum
2136 4206 2239 4261 alia

697 4292 818 4348 quae
852 4279 1055 4349 adjicit.
1088 4290 1202 4337 tum
1231 4284 1418 4341 isthmc
1447 4304 1459 4339 :
1488 4284 1636 4341 Misit
1664 4288 1901 4360 decreto.
1926 4303 1975 4348 et
2004 4293 2239 4351 liberavit

696 4386 779 4427 mc
798 4383 818 4424 .'
843 4385 907 4426 ac
931 4388 1147 4432 rursum
1180 4395 1191 4429 :
1223 4375 1371 4431 Misit
1396 4377 1535 4432 Deus
1563 4381 1973 4439 misericordiam
2015 4404 2163 4442 suam
2191 4399 2241 4443 et

700 4460 965 4516 ceritatem
992 4478 1165 4529 suam,
1210 4473 1260 4518 et
1283 4468 1474 4536 eripuit
1506 4470 1738 4537 animam
1774 4489 1944 4538 meam,
1982 4476 2045 4529 de
2075 4478 2239 4532 medio

700 4548 992 4605 catulorum
1020 4552 1245 4610 leonum.
1286 4554 1448 4615 Vides
1474 4575 1620 4625 eum,
1666 4577 1788 4618 cum
1820 4562 2069 4622 Gethaaos
2107 4569 2241 4623 διιο-

700 4637 890 4709 pbylos
918 4639 1215 4712 effugisset,
1248 4655 1431 4718 utpote
1455 4650 1507 4702 in
1540 4644 1658 4707 tuto
1688 4640 1944 4723 positum,
1977 4672 2041 4712 ac
2068 4656 2235 4712 otium
2269 4686 2311 4739 υ

699 4738 963 4801 agentem,
1012 4731 1322 4803 hujusmodi
1374 4752 1537 4794 voces
1574 4740 1842 4810 emisisse,
1892 4761 1955 4802 ae
2001 4748 2234 4804 maxime

674 4810 932 4877 "omnium
960 4837 1054 4879 eas
1077 4840 1203 4894 qua
1237 4836 1555 4896 sequuntur,
1590 4837 1643 4884 et
1683 4833 1761 4889 sic
1788 4834 2024 4893 habent:
2061 4839 2234 4893 Para-

696 4922 803 4969 tum
837 4926 926 4973 cor
954 4932 1145 4980 meum,
1184 4916 1345 4984 Deus,
1378 4921 1599 4974 cantabo
1644 4931 1694 4976 et
1735 4918 1993 4993 psalmum
2036 4929 2229 4985 dicam.

697 4999 950 5072 Exsurge,
981 5006 1153 5075 gloria
1177 5023 1309 5072 mea,
1333 5026 1571 5081 exsurge,
1597 5012 1905 5081 psalterium
1932 5028 1982 5073 et
2004 5019 2228 5083 cithara,

694 5105 970 5163 exsurgant
999 5092 1253 5151 dimculo.
1284 5097 1579 5169 Couﬁtebor
1608 5104 1661 5157 in
1708 5108 1941 5174 populis,
1988 5109 2228 5180 Domine,

694 5183 951 5241 psalmum
978 5184 1150 5243 dicam
1185 5190 1279 5244 tibi
1312 5191 1366 5245 in
1390 5194 1643 5263 gentibus.
1677 5196 1801 5253 Hac
1827 5199 1969 5254 enim
2003 5202 2227 5257 multum

688 5273 884 5337 otium,
934 5274 1043 5330 imo
1088 5280 1248 5333 etiam
1296 5282 1461 5349 animi
1511 5287 1857 5358 voluptatem,
1906 5291 2227 5362 signiﬁcant.

697 5362 783 5435 Ait
808 5364 971 5434 igitur
1003 5380 1154 5423 sacer
1182 5372 1457 5442 apostolus
1482 5392 1494 5426 :
1526 5374 1884 5433 Contristatur
1909 5382 2025 5449 quis
2056 5383 2109 5435 in
2139 5398 2229 5436 vo-

696 5451 822 5511 bis!
864 5466 991 5511 oret.
1025 5455 1197 5527 Αἱᾳιιο
1239 5463 1411 5519 animo
1454 5469 1574 5520 est?
1602 5469 1796 5525 osalla:
1817 5470 1863 5500 “
1921 5468 2023 5525 Sed
2058 5487 2234 5541 neque

696 5549 914 5611 poterat'
934 5546 1047 5617 hac
1072 5549 1268 5619 dicere,
1296 5568 1418 5609 cum
1446 5556 1500 5611 in
1533 5560 1785 5628 spelunca
1815 5560 2056 5632 Engaddi
2093 5563 2231 5617 deti-

692 5644 914 5691 neretur
946 5652 977 5691 a
1027 5636 1187 5697 Saule
1234 5651 1356 5700 ante
1402 5650 1597 5704 ostium
1645 5650 1881 5707 sedente.
1913 5651 2041 5719 Qua
2088 5653 2229 5714 enim

766 5814 809 5849 ⁸⁸
846 5813 988 5873 Paul.
1025 5835 1177 5897 cm,
1208 5822 1320 5881 2-4.
1433 5828 1475 5867 ⁸³
1514 5827 1625 5887 Jac.
1663 5842 1712 5901 ν,
1751 5832 1833 5890 15.

2343 3398 2704 3470 ἀποκλεισμὸν
2730 3398 3013 3470 σημαίνεις
3062 3399 3297 3463 Εἰκότως
3319 3393 3408 3451 οὖν
3440 3397 3531 3451 καὶ
3596 3397 3875 3469 προσευχὴν

2341 3490 2630 3568 ἐπιγράφει
2676 3490 2801 3555 τοὺς
2842 3490 3051 3559 λόγους,
3077 3490 3250 3561 δηλῶν
3297 3488 3387 3543 διὰ
3442 3487 3541 3558 τῆς
3577 3487 3875 3561 προγραφῆς

2340 3581 2430 3634 τὸν
2470 3579 2679 3651 καιρόν.
2737 3581 2896 3649 Λέγει
2928 3580 3076 3648 γοῦν¹
3112 3576 3416 3645 Συνέσεως
3468 3573 3547 3646 τῷ
3586 3578 3781 3638 Δαυῒδ,
3818 3577 3874 3629 ἐν

2340 3665 2417 3737 τῷ
2442 3666 2591 3724 εἶναι
2617 3669 2801 3724 αὑτὸν
2834 3670 2903 3723 ἐν
2929 3660 3008 3734 τῷ
3037 3669 3312 3737 σπηλαίῳ
3330 3708 3344 3731 ,
3372 3668 3699 3736 προσευχή.
3736 3666 3873 3719 Ἀλλὰ

2338 3760 2631 3829 ταῦταμὲν
2687 3758 3024 3831 προσηύξατο
3084 3760 3141 3812 ὲν
3196 3758 3692 3831 μεγάλῳπεριστὰς
3722 3758 3871 3826 ἀγῶνι

2341 3851 2481 3906 κατὰ
2510 3852 2599 3905 τὸν
2621 3851 2923 3922 δηλωθέντα
2968 3849 3174 3921 χρόνον·
3218 3850 3252 3918 ἠ
3307 3850 3364 3902 δὲ
3395 3849 3529 3918 μετὰ
3556 3852 3740 3920 χεῖρας
3767 3866 3872 3917 στη-

2340 3941 2605 4013 λογραφία
2631 3940 2847 3994 λέλεκτο
2892 3937 3070 4008 αὐτῷ,
3101 3938 3175 4001 ὡς
3216 3933 3388 4009 οἶμαι,
3416 3936 3529 3991 ὄντι
3553 3940 3613 3989 ὲν
3644 3937 3719 4007 τῷ
3752 3953 3871 4002 σπη-

2341 4032 2473 4103 λαίῳ
2518 4032 2595 4103 τῷ
2636 4031 2912 4102 Ὀδολλὰμ,
2941 4031 3145 4094 πάντας
3184 4047 3241 4084 τε
3269 4029 3642 4099 ὑποδεχομένῳ
3678 4027 3796 4089 τούς
3823 4042 3869 4075 τε

2314 4150 2315 4153 η
2342 4120 2598 4191 ἀδελφοὺς
2624 4121 2785 4176 αὑτοῦ
2833 4124 2925 4175 καὶ
2966 4123 3090 4185 τοὺς
3118 4123 3390 4189 συγγενεῖς
3417 4120 3508 4173 καὶ
3530 4118 3655 4182 τοὺς
3676 4118 3870 4176 λοιποὺς

2343 4210 2600 4279 φυγάδας,
2631 4212 2769 4281 τάχα
2796 4229 2897 4264 που
2946 4211 3011 4264 δι’
3041 4211 3199 4264 αὐτὸν
3243 4208 3750 4277 ὲπιόουλευομένους
3781 4202 3871 4257 ὑπὸ

2340 4300 2433 4354 τοῦ
2458 4300 2648 4355 Σαούλ’
2693 4300 2826 4354 ἀλλὰ
2860 4301 2952 4353 καὶ
2996 4302 3101 4365 πᾶς
3142 4299 3439 4361 κατώδυνος
3470 4298 3614 4368 ψυχὴ
3644 4298 3735 4351 καὶ
3780 4295 3874 4353 πᾶς

2341 4390 2683 4461 ἀδικούμενος
2706 4390 2953 4453 κοινωνὸς
2974 4390 3213 4458 ἐγίγνετο
3251 4390 3346 4458 τῆς
3374 4388 3466 4440 τοῦ
3503 4387 3663 4439 Δαυῒδ
3692 4385 3867 4455 φυγῆς.

2342 4479 2553 4533 Δίκαιον
2581 4477 2687 4549 γὰρ
2709 4478 2873 4549 ἄνδρα
2923 4480 3014 4534 καὶ⁴
3066 4480 3218 4551 παρὰ
3237 4480 3314 4547 τῷ
3345 4477 3462 4546 Θεῷ
3508 4478 3873 4548 τετιμημένονι

2343 4569 2688 4640 ἐλαυνόμενον
2719 4570 2822 4622 ὑπὸ
2848 4571 2939 4623 τοῦ
2970 4572 3138 4625 Σαοὺλ
3168 4571 3361 4632 ἀδίκως
3397 4567 3648 4640 ὁρῶντες,
3678 4569 3743 4620 τὰ
3761 4569 3864 4619 tau-

2341 4662 2447 4715 τῶν
2481 4660 2885 4733 παρεμυθοῦντο
2926 4662 3086 4717 κακά.
3130 4656 3260 4715 Εῖτα
3288 4661 3380 4712 καὶ
3431 4659 3583 4713 αὐτοὶ
3619 4660 3741 4721 τοὺς
3767 4657 3863 4709 ἁδι-

2338 4752 2562 4816 κοῦντας
2624 4751 2815 4814 αὐτοὺς
2864 4751 3150 4821 φεύγοντές
3183 4767 3262 4813 τε,
3316 4750 3408 4803 τὸν
3452 4748 3612 4802 Δαυῖδ
3642 4746 3867 4816 ἐζήλουν,

2334 4841 2631 4911 ἠσπάζθντό
2657 4857 2717 4893 τε
2740 4840 2835 4912 τὴν
2861 4843 2954 4895 σὺν
2987 4840 3132 4910 αὐτῷ
3166 4840 3374 4911 μερίδα,
3415 4839 3613 4910 μᾶλλον
3632 4836 3860 4907 ἀγαπῶν-

2335 4946 2424 4991 τες
2450 4928 2761 4982 ἐλαύνεσθαι
2792 4932 2884 4984 σὺν
2906 4929 3073 4998 αὐτῷ,
3118 4928 3150 4998 ἢ
3194 4926 3270 5003 τῷ
3302 4927 3592 4981 ἐλαύνοντι
3622 4930 3861 4980 συνεῖναι.

2349 5017 2468 5070 Ἐπὶ
2506 5016 2695 5088 σχολῆς
2718 5018 2892 5072 τοίνυν
2920 5018 3118 5085 διάγων
3150 5018 3207 5069 ὲν
3224 5016 3301 5087 τῷ
3322 5015 3565 5086 σπηλαίῳ
3586 5016 3663 5085 τῷ
3706 5016 3858 5081 Ὀδολ-

2333 5109 2443 5179 λὰμ
2465 5110 2561 5181 τὴν
2583 5110 2857 5181 παροῦσαν
2891 5110 3094 5181 ἔγραφε
3129 5108 3544 5180 στηλογραφίαν.
3585 5108 3861 5177 Παρίστησι

2334 5199 2389 5252 δὲ
2414 5199 2570 5254 τοῦτο
2598 5202 2666 5256 τὰ
2698 5200 3073 5270 ἐπιλεγόμενα,
3108 5202 3177 5254 τά
3200 5216 3260 5253 τε
3301 5198 3433 5253 ἄλλα
3466 5198 3561 5251 καὶ
3585 5199 3651 5251 δι’
3673 5192 3745 5253 ὧν
3770 5214 3856 5266 φη·

2337 5306 2436 5344 σιν·
2477 5291 2922 5357 Ἐεαπέστειλεν
2963 5291 3030 5355 ἐξ
3074 5290 3349 5358 οὐρανοῦ,
3396 5289 3492 5343 καὶ
3542 5288 3735 5362 ἔσωσέ
3776 5302 3858 5359 με·

2335 5382 2427 5445 καὶ
2456 5381 2631 5435 πάλιν·
2679 5382 3130 5446 Ἐξαπέστειλεν
3170 5384 3203 5435 ὁ
3243 5379 3383 5445 Θεὸς
3406 5379 3473 5434 τὸ
3493 5380 3663 5448 ἕλεος
3690 5375 3856 5435 αὐτοῦ

2338 5471 2432 5525 καὶ
2459 5472 2571 5539 τὴν
2611 5473 2891 5540 ἀλήθειαν
2923 5472 3127 5536 αὑτοῦ,
3155 5470 3253 5525 καὶ
3287 5470 3573 5539 ἐῤῥύσατο
3606 5472 3722 5537 τὴν
3758 5472 3856 5535 νέν-

2336 5561 2453 5632 χήν
2484 5582 2617 5634 ’μου
2641 5566 2708 5618 ἐκ
2740 5565 2940 5631 μέσου·
2969 5566 3268 5633 σκύμνων.
3305 5565 3481 5635 Ὁρᾷς,
3532 5564 3601 5627 ὡς
3649 5564 3768 5623 τοὺς
3806 5560 3854 5609 ἰν

2336 5653 2439 5708 ne
2487 5655 2807 5726 ἀλλοφύλους
2860 5655 3160 5728 διαφυγὼν,
3231 5654 3323 5711 ἅτε
3380 5653 3442 5725 δὴ
3502 5656 3562 5709 ἐν
3612 5648 3854 5722 ἀσφαλείᾳ
