3966 6348
89 458 179 515 505

1172 444 1662 504 COMMENTABIA
1699 445 1767 502 1N
1806 444 2143 505 PSALMOS.

3152 452 3259 509 506

82 564 361 635 τυγχάνων,
408 564 500 618 καὶ
523 565 581 617 ἐν
622 563 802 617 ἀνέσει
832 560 928 625 ὢν,
956 562 1203 625 τοιαύτας
1232 560 1377 630 ἠφίει
1406 560 1580 629 φωνάς

1710 568 1840 618 tunc
1889 560 2268 631 opportunitas
2311 560 2379 617 ad
2425 560 2740 632 psalterium
2799 562 3167 635 accipiendum
3206 578 3262 623 et

82 660 165 714 καὶ
186 660 260 711 ἐτι
290 657 487 728 μᾶλλον
509 658 605 720 τάς
631 656 755 727 ἐξῆς
784 654 1176 727 ἐπιφερομένας
1202 653 1267 707 δι’
1287 648 1359 706 ὧν
1378 654 1605 724 simcui-

80 748 304 815 ~'Erol_un
324 748 362 814 ἠ
384 744 594 814 καρδία
611 762 749 814 μου,
772 747 804 798 ό
826 744 990 809 Θεὸς,
1032 743 1249 811 ᾄσομαι
1282 743 1379 796 καί
1413 740 1607 811 ψαλῶ.

92 835 439 907 Ἐξενήρθητι
474 837 513 903 ἠ
550 834 697 899 δόξα
731 852 868 905 μου,
907 832 1241 904 ἐξετέρθητι
1283 830 1613 901 ψαλτήριον

80 929 164 981 καὶ
189 930 415 996 κιθάρα,
458 925 911 996 ἐξετερθήσομιιι
952 927 1183 994 ὄρθρου.
1224 923 1610 993 Ἐξομολογή-

79 1014 240 1089 caput
278 1020 347 1073 ἐν
398 1018 585 1083 λαοῖς,
642 1019 835 1085 Κύριε,
883 1016 1056 1087 ψαλῶ
1111 1032 1208 1070 σοι
1262 1015 1330 1075 ἐν
1390 1016 1607 1069 ἔθνεσι.

1708 652 1970 705 citharam
1996 652 2067 712 ei,
2104 650 2195 720 qui
2246 651 2301 705 in
2349 652 2620 722 speluncae
2651 655 2842 709 intimo
2878 654 3119 710 latebat?
3144 666 3201 711 ut
3228 672 3260 713 ο

1710 743 1986 797 contrario
2015 743 2162 797 nulla
2190 742 2333 817 ratio
2384 742 2589 807 fuisset,
2638 745 2690 797 in
2730 745 2840 799 otio
2868 752 2921 799 et
2949 747 3260 817 tranquilli-

1710 841 1819 888 tate
1847 832 2125 902 degentem
2156 834 2211 887 in
2254 834 2508 903 spelunca
2542 832 2805 901 Odollam,
2834 850 2957 888 cum
3003 838 3261 905 quadrin-

1710 924 1885 993 gentis
1915 924 2067 987 viris,
2099 925 2279 979 dicere
2314 942 2326 978 :
2358 922 2523 978 Periit
2540 928 2670 996 luga
2709 944 2741 980 a
2768 943 2845 982 me
2872 927 2914 958 "'
2941 946 2954 994 ;
2987 938 3078 984 et:
3112 929 3260 986 Edric

1709 1014 1771 1067 de
1800 1012 2041 1068 custodia
2072 1016 2300 1067 animam
2327 1031 2490 1069 meum
2515 1016 2578 1070 ".

78 1110 243 1165 ταῦτα
276 1110 386 1181 γάρ
443 1109 636 1179 πολλῆς
686 1108 878 1178 σχολῆς
918 1094 1202 1178 ¹ἐμφατικά
1232 1105 1501 1175 τυγχάνει,
1534 1104 1667 1158 ἀλλά
1704 1104 1795 1157 καὶ
1818 1104 2097 1175 Θυμηδίας.
2127 1104 2287 1172 Λέγει
2316 1105 2442 1172 γοῦν
2473 1108 2501 1158 6
2533 1106 2672 1177 ἱερὸς
2733 1107 3042 1171 ἀπόστολοςο
3074 1111 3257 1162 Κακο-

76 1204 237 1259 παθεῖ
258 1221 347 1271 τις
389 1205 459 1257 ἐν
507 1202 683 1271 ὐμῖν;
733 1202 1170 1270 προσευχέσθωο
1224 1198 1464 1268 εὐθυμεῖ
1486 1214 1607 1263 τις;
1643 1196 1909 1266 ψαλὰτω.
1956 1195 2093 1248 Ἀλλ’
2122 1196 2241 1248 οὐδὲ
2268 1190 2376 1257 οἶός
2414 1213 2472 1248 τε
2513 1192 2579 1266 ἦν
2601 1196 2769 1249 ταῦτα
2798 1197 2971 1266 λέγειν
3058 1200 3114 1251 ἐν
3182 1199 3257 1269 τῷ

78 1294 304 1364 σπηλαίῳ
356 1294 435 1364 τῷ
478 1292 712 1360 Ἐνγαδδὶ
769 1294 1114 1363 συνεχόμενος
1149 1291 1252 1344 ὑπὸ
1307 1289 1399 1341 τοῦ
1430 1288 1597 1341 Σαοὺλ
1634 1288 1739 1358 πρὸ
1768 1286 1866 1356 τῆς
1898 1286 2100 1340 είσόδου
2159 1287 2538 1357 καθεζομένου.
2582 1288 2714 1340 Ποία
2742 1287 2848 1359 γάρ
2880 1285 2946 1358 ἦν
3008 1289 3255 1360 εὐκαιρία

74 1390 198 1453 τότε,
228 1389 615 1459 ὼςψαλτήριον
637 1386 1030 1457 ἀναλαμϐάνειν
1088 1388 1180 1439 καὶ
1235 1384 1479 1453 κιθάραν,
1547 1380 1983 1453 κρυπταξόμενον
2031 1381 2292 1433 ἐνδοτάτω
2335 1380 2429 1435 τοῦ
2484 1382 2782 1451 σπηλαίου;
2836 1384 2909 1446 ὼς
2964 1379 3027 1437 αὖ
3096 1383 3256 1438 πάλιν

74 1483 157 1535 οὐκ
181 1478 286 1551 εἶχε
312 1480 487 1548 λόγον,
522 1482 579 1531 ἐν
628 1478 787 1549 σχολῇ
835 1477 925 1532 καὶ
959 1478 1135 1531 ἀνέσει
1168 1478 1410 1544 διάγοντα
1478 1473 1633 1526 αὑτὸν
1669 1473 1725 1525 ἐν
1756 1471 1833 1541 τῷ
1865 1471 2107 1540 σπηλαίῳ
2136 1470 2211 1540 τῷ
2260 1471 2513 1542 Ὀδολλὰμ
2563 1473 2697 1542 μετά
2752 1474 3105 1544 τετρακοσίων
3165 1476 3255 1528 ἀν·

72 1577 189 1646 δρῶν
252 1575 358 1627 τῶν
425 1572 685 1629 συνόντων
739 1573 905 1643 αὐτῷ,
949 1573 1143 1642 λέγειν·
1191 1570 1467 1626 Ἀπώλετο
1504 1567 1662 1638 φυγὴ
1699 1568 1798 1623 ἀπ’
1841 1566 2008 1636 ἐμοῦ,
2058 1567 2170 1632 καὶ,
2217 1567 2496 1637 Ἐξάγαγε
2541 1569 2609 1621 ἐκ
2650 1570 2922 1638 φυλακῆς
2978 1571 3091 1640 τὴν

74 1666 175 1733 κήν
197 1682 327 1731 μου·

130 1776 301 1831 Ταῦτα
354 1778 451 1847 μὲν
497 1773 586 1831 οὖν
614 1779 847 1849 είρήσθω
895 1781 974 1843 είς
1018 1780 1115 1849 τὴν
1174 1778 1429 1851 διαφορὰν
1494 1776 1580 1830 τῶι

1773 1771 1895 1827 Haec
1914 1787 2075 1843 porro
2096 1772 2237 1827 dicta
2262 1770 2370 1827 sint
2398 1770 2462 1826 de
2485 1771 2799 1827 discrimine
2822 1784 3247 1844 praposuorum.

72 1868 435 1939 προκειμένων.
484 1873 679 1941 Ἴωμεν
728 1871 784 1923 δὲ
846 1872 936 1924 ἐπὶ
986 1872 1079 1942 τὴν
1112 1870 1202 1924 τοῦ
1236 1872 1367 1942 μετά
1417 1874 1580 1942 χεῖραέ

1700 1862 1816 1919 Jam
1841 1864 2182 1933 praesentium
2208 1878 2397 1916 vocum
2420 1863 2827 1931 explicationem
2850 1860 3246 1936 aggrediamur.

68 1960 316 2029 ἐξήγησιν.
354 1962 459 2025 είς
490 1959 555 2013 τὸ
591 1960 780 2026 τέλος,
802 1961 887 2030 μὴ
919 1961 1278 2029 διαφθείρῃς,
1309 1954 1386 2028 τῷ
1415 1958 1580 2013 Δαυῒδ

1701 1956 1767 2011 1η
1796 1958 1972 2025 ﬁnem,
2024 1972 2085 2008 ne
2114 1954 2406 2023 disperdas,
2438 1953 2624 2007 Davidi
2671 1957 2723 2007 in
2764 1957 2903 2009 tituli
2951 1960 3248 2026 inscriptio-

68 2054 139 2115 εἰς
187 2053 646 2122 στηλοῃοαςριάν,
701 2054 792 2107 καὶ
844 2055 909 2110 τὰ
973 2054 1114 2123 ἑξῆς.
1172 2053 1401 2105 Ἦλαυνε
1448 2053 1580 2122 μένί

1700 2064 1834 2110 nem,
1869 2057 1923 2101 et
1956 2055 2167 2101 caetera.
2220 2045 2459 2100 Pellebat
2489 2046 2617 2100 Saul
2660 2045 2911 2100 Davitlem
2964 2049 3054 2118 qui
3111 2051 3245 2107 illud

69 2141 216 2193 Σαοὺλ
245 2143 335 2195 τὸν
369 2144 547 2197 Δαυῖδ·
569 2145 597 2196 6
618 2145 662 2197 δ’
697 2145 873 2216 ἐργοις
898 2144 1156 2198 ἐπιτελῶν
1188 2144 1267 2207 τὸ,
1303 2145 1440 2197 Ἐὰν
1467 2144 1597 2196 διώ-

67 2247 229 2285 κωσιν
252 2232 409 2302 ὑμᾶς
435 2235 504 2288 ἐκ
554 2234 665 2303 τῆς
694 2238 920 2300 πόλεως
966 2236 1200 2302 ταύτης,
1228 2236 1471 2303 φεύγετε
1512 2239 1599 2301 είς

67 2322 161 2390 τὴν
182 2324 405 2392 ἑτέραν,
432 2326 837 2397 ἀπεδίδρασκεν,
872 2326 946 2389 ὼς
987 2326 1053 2379 ἂν
1092 2327 1164 2397 μὴ
1207 2327 1393 2399 παρὼν
1420 2326 1597 2395 ἐρεθί-

66 2414 131 2476 ζοι
152 2416 235 2468 τὸν
265 2416 478 2487 ἐχθρὸν,
513 2418 680 2480 αῐτιὸς
708 2433 767 2469 τε
812 2416 957 2487 αύτῷ
987 2418 1224 2485 γίγνοιτο
1272 2417 1593 2487 μιαιφονίας.

64 2506 124 2557 Τὺ
150 2507 268 2577 γὰρ,
296 2508 394 2575 Μὴ
422 2509 621 2562 ἕκκαιε
649 2508 944 2575 ἄνθρακας
993 2509 1359 2577 ἁμαρτωλοῦ,
1385 2509 1596 2561 πάντων

66 2598 238 2675 μᾶλλον
266 2598 429 2651 Δαυῒδ
451 2599 731 2666 ἠπίστατοο
757 2598 845 2650 διὸ
862 2599 1137 2670 ὑπεχώρει
1155 2602 1247 2652 καὶ
1268 2599 1591 2671 παρεχώρει,

65 2689 241 2759 καίπερ
263 2688 625 2759 ἀγαπώμενος
643 2690 745 2742 ὑπὸ
759 2690 954 2753 παντὸς
974 2689 1067 2743 τοῦ
1092 2691 1294 2754 ἔθνους,
1315 2691 1593 2753 πλείστους

62 2794 110 2829 τε
138 2778 262 2847 ἔχων
283 2782 411 2842 τοὺς
448 2780 859 2849 συμπάσχοντας
884 2781 975 2833 καὶ
1003 2781 1411 2848 συναλγοῦντας,
1438 2782 1593 2834 δυνα-

64 2871 230 2935 μένους
255 2887 313 2922 τε
347 2870 510 2923 αὑτὸν
535 2870 669 2923 οίκοι
703 2874 831 2942 παρ’
863 2873 1071 2935 ἑαυτοῖς
1096 2872 1441 2942 ὑποδέχεσθαι
1499 2875 1592 2927 καὶ

61 2964 311 3032 κρύπτειν.
359 2964 519 3019 Ἀλλά
547 2964 631 3018 ἵνα
678 2965 750 3035 μὴ
793 2967 885 3019 καὶ
914 2965 1115 3037 ἑτέροις
1140 2964 1307 3031 αἴτιος
1357 2968 1590 3035 γίγνοιτο

61 3056 308 3120 κινδύνων,
343 3056 542 3127 ἔφυγεν
563 3058 655 3110 ἐπὶ
694 3056 791 3120 τὰς
832 3057 1069 3127 ἐρήμους
1126 3056 1325 3129 χώρας,
1361 3060 1453 3113 καὶ
1490 3060 1588 3122 τὰς

60 3146 105 3196 ὲν
128 3150 228 3209 τοίς
250 3147 533 3219 σπηλαίοις
555 3146 824 3217 ἠσπάζετο
848 3147 1138 3219 διατριϐάς.
1170 3149 1277 3201 Καί
1312 3166 1400 3219 μοι
1441 3151 1585 3204 δοκεῖ

1697 2156 1856 2210 opere
1882 2132 2177 2209 complens,
2204 2136 2261 2191 Si
2291 2156 2376 2191 vos
2399 2149 2773 2207 persequantur
2794 2156 2858 2193 ea:
2888 2140 2984 2193 hac
3014 2143 3240 2207 civitate,

1697 2228 1857 2299 fugite
1891 2231 1945 2281 in
1986 2229 2146 2281 aliam
2190 2228 2256 2291 ”,
2294 2228 2523 2298 aufugit,
2570 2245 2637 2283 ne
2684 2245 2919 2298 praesens
2963 2230 3242 2287 inimicum

1696 2322 1953 2384 irritaret,
1985 2318 2383 2392 ipsique-caedis
2415 2333 2576 2372 causa
2608 2327 2769 2374 esset.
2800 2319 2935 2374 lllttd
2963 2322 3126 2384 enim,
3160 2321 3243 2378 Ne

1695 2407 1949 2461 accendas
1996 2408 2243 2460 carbones
2290 2409 2576 2475 peccatoris
2622 2408 2686 2471 ³ο,
2748 2409 2941 2464 melius
2990 2412 3241 2467 omnibus

1694 2498 1897 2551 sciebat
1922 2496 2089 2551 David
2117 2515 2130 2549 :
2156 2512 2324 2566 quare
2355 2497 2580 2550 cedebat
2607 2505 2660 2550 et
2694 2498 2995 2562 secedebat,
3023 2502 3238 2558 etiamsi

1691 2602 1721 2641 a
1754 2593 1865 2639 tota
1902 2594 2059 2653 gente
2126 2586 2459 2656 diligeretur,
2510 2595 2563 2640 et
2609 2588 2805 2641 multos
2874 2587 3094 2643 haberet
3142 2590 3236 2659 qui

1692 2680 1745 2734 in
1779 2687 1983 2749 partem
2018 2679 2220 2735 doloris
2257 2681 2667 2750 aﬂlictionisque
2714 2683 2832 2751 ejus
2864 2685 3128 2747 venirent,
3178 2693 3235 2740 et

1689 2777 1909 2838 possent
1948 2784 2069 2822 eum
2105 2769 2247 2823 domi
2282 2768 2421 2837 apud
2477 2785 2534 2823 se
2562 2772 2826 2838 excipere,
2859 2781 2911 2826 et
2941 2775 3233 2828 occultare.

1690 2856 1793 2912 Sed
1820 2859 1866 2911 is
1893 2872 1958 2913 ne
1984 2869 2036 2912 et
2066 2857 2187 2911 aliis
2216 2857 2509 2926 periculum
2544 2867 2769 2921 crearet,
2798 2861 2852 2913 in
2882 2860 3092 2914 deserta
3115 2863 3234 2915 loca

1690 2947 1947 3018 fugiebat,
1974 2957 2027 3003 et
2054 2948 2109 3002 in
2143 2949 2411 3019 specubus
2458 2948 2701 3003 habitare
2729 2951 3038 3020 cooptabat.
3071 2951 3233 3026 Vide-

1686 3050 1885 3111 turque
1939 3041 2072 3096 mihi
2128 3040 2439 3095 memoriam
2509 3040 2626 3110 ejus
2687 3041 2942 3095 refricare
3009 3050 3232 3098 sanctus

1690 3131 1981 3201 Apostolus
2026 3116 2112 3187 his
2139 3131 2354 3185 verbis:
2393 3129 2458 3183 In
2491 3130 2855 3183 solitudinibus
2885 3143 3135 3195 errantes,
3180 3141 3232 3184 et

59 3237 136 3288 xui
161 3236 312 3289 αὑτοῦ
352 3218 464 3307 τὴν
516 3239 731 3308 μνήμην
784 3218 1107 3291 αἰνίττεσθαι
1160 3218 1329 3305 λέγων
1382 3241 1409 3291 6
1444 3240 1580 3310 ίερὸς

1685 3220 1981 3283 montibus,
2039 3229 2089 3273 et
2141 3222 2418 3286 speluncis,
2446 3228 2494 3272 et
2559 3218 2904 3289 foraminibus
2974 3232 3124 3275 terra:
3159 3221 3228 3278 ⁸⁸.

70 3325 382 3391 Ἀπόστολος·
425 3329 526 3381 Ἐν
566 3328 828 3396 ἐρημίαις
858 3326 1231 3395 πλανώμενοι
1280 3330 1374 3381 καὶ
1421 3328 1583 3398 ὄρεσι

60 3418 139 3469 καὶ
159 3420 474 3485 σπηλαίοις
510 3418 606 3471 καὶ
648 3416 772 3482 ταῖς
795 3417 965 3482 ὀπαῖς
990 3416 1097 3483 τῆς
1125 3417 1256 3485 γῆς.
1301 3419 1503 3491 Ὠσπερ
1526 3420 1581 3472 δὲ

57 3500 514 3578 ὀπροτεταγμένος
538 3506 630 3559 τοῦ
657 3506 940 3577 παρόντος,
964 3506 1172 3576 ψαλμὸς
1188 3508 1285 3561 οὐκ
1324 3505 1412 3580 ἦν,
1450 3508 1583 3562 ἀλλὰ

56 3599 456 3667 οτηλοτραφία,
473 3598 606 3669 ὅπερ
626 3598 959 3669 ἡρμήνευσεν
977 3600 1005 3651 6
1039 3600 1284 3665 Ἀκύλας,
1306 3600 1578 3653 ταπεινοῦ

56 3688 279 3761 τελείους
319 3690 348 3741 6
373 3689 433 3742 δέ
467 3688 776 3759 Σύμμαχος,
822 3688 926 3743 τοῦ
982 3692 1442 3760 ταπεινόφρονος
1482 3690 1576 3742 καὶ

56 3775 283 3845 ἀμώμου·
337 3777 513 3841 οὕτως
544 3782 638 3832 καὶ
667 3781 695 3831 6
728 3780 913 3853 παρὼν
976 3780 1149 3850 λόγος,
1179 3784 1276 3853 τὴν
1311 3784 1388 3844 είς
1414 3781 1577 3851 ἄκρον

54 3869 327 3939 πραότητος
359 3871 455 3923 καὶ
483 3870 821 3937 ἀνεξικακίας
849 3870 940 3925 τοῦ
962 3873 1119 3925 Δαυῒδ
1150 3870 1363 3941 ἀρετὴν,
1390 3887 1575 3923 ταπει-

54 3957 130 4011 νοῦ
160 3960 375 4025 τελείου,
412 3962 819 4033 ταπεινόφρονος
856 3964 948 4017 καὶ
980 3962 1227 4032 ἀμώμου·
1250 3957 1345 4013 εἷθ’
1392 3960 1575 4033 ὥσπερ

54 4051 242 4105 αἰωνίου
281 4056 501 4124 μνήμης
549 4054 647 4123 τὴν
677 4053 1165 4124 ταπεινοφροσύνην
1206 4052 1359 4117 ἀξίαν
1395 4053 1576 4105 ἀνατί-

54 4138 157 4210 θησι
187 4141 566 4212 στηλογραφία.
601 4142 719 4193 Ἐπὶ
740 4142 906 4213 ταύτῃ
938 4143 995 4194 δὲ
1022 4145 1086 4213 τῇ
1121 4144 1284 4214 ἀρετῇ
1308 4142 1401 4196 καὶ
1415 4145 1574 4197 Maii)-

56 4230 135 4299 σῆς
155 4232 521 4301 ἐμαρτυρεῖτο,
558 4231 649 4282 καὶ
678 4232 706 4283 6
731 4231 917 4302 Σωτὴρ
947 4231 1001 4284 δὲ
1036 4232 1129 4285 καὶ
1162 4232 1360 4304 Κύριος
1418 4235 1572 4304 ήμῶν

52 4322 127 4373 ἐπὶ
150 4320 339 4391 ταύτην
365 4320 656 4391 παρεκάλει
694 4318 882 4387 λέγων’
915 4322 1140 4377 Μάθετε
1166 4324 1266 4377 ἀπ’
1299 4325 1461 4392 ἐμοῦ,
1485 4316 1572 4378 ὅτι

51 4409 211 4477 πρᾶός
268 4413 382 4480 εἰμι
438 4411 536 4464 καὶ
598 4411 872 4479 ταπεινὸς
921 4412 997 4481 τῇ
1038 4413 1269 4480 καρδίᾳ.
1316 4415 1464 4466 Ἐπεὶ
1513 4415 1569 4466 δὲ

50 4502 193 4553 ἐδεξτο
210 4502 528 4573 παραμονῆς
549 4505 642 4557 καὶ
692 4505 789 4575 τῆς
813 4503 903 4557 ἐπὶ
953 4506 1209 4575 μήκιστον
1239 4506 1477 4574 φυλακῆς
1535 4506 1568 4574 ἡ

1684 3309 2143 3377 Quemadmodum
2173 3323 2301 3364 vero
2326 3310 2417 3378 qui
2447 3309 2589 3365 hunc
2618 3312 2889 3379 praecedit,
2934 3328 3040 3367 non
3084 3318 3229 3384 psal-

1681 3414 1804 3453 mus
1841 3406 1976 3463 erat,
2010 3398 2101 3453 sed
2132 3399 2274 3450 tituli
2317 3400 2608 3468 inscriptio,
2644 3402 2786 3470 quod
2838 3403 3029 3472 Aquila
3060 3386 3227 3462 inter-

1680 3497 1938 3560 pretatur,
1970 3489 2179 3542 humilis
2207 3490 2459 3558 perfecti;
2492 3490 2845 3561 Symmachus
2871 3511 3015 3557 vero,
3050 3497 3225 3551 Immi-

1678 3580 1744 3633 lis
1773 3587 1821 3633 et
1866 3579 2161 3647 inculpati;
2216 3581 2287 3633 ita
2322 3579 2411 3635 hic
2443 3597 2640 3645 sermo,
2690 3599 2950 3637 summam
3005 3585 3222 3642 Davidis

1677 3672 2108 3726 mansuetudinis
2130 3679 2182 3725 et
2208 3673 2506 3727 tolerantia:
2541 3674 2788 3726 virtutem
2824 3674 3087 3737 indicans,
3120 3674 3221 3728 btt-

1677 3763 1817 3818 mllis
1856 3763 2080 3833 perfecti
2130 3771 2233 3825 est,
2288 3773 2341 3817 et
2374 3764 2589 3818 humilis
2621 3770 2675 3817 et
2721 3764 3050 3815 immaculati
3085 3781 3099 3827 ;
3154 3780 3219 3819 ac

1676 3853 1915 3922 insuper,
1944 3852 2098 3922 quasi
2121 3863 2320 3907 aeterna
2346 3853 2597 3908 memoria
2625 3850 2838 3920 dignam
2864 3851 3216 3909 humilitatem

1674 3944 2059 3999 exhibet‘tituli
2089 3942 2391 4011 inscriptio.
2419 3941 2529 3995 Hac
2555 3942 2677 3996 item
2706 3945 2900 3995 virtute
2932 3946 3214 4012 praeditum

1675 4036 1895 4105 Moysen
1930 4033 2099 4088 fuisse
2140 4033 2451 4087 testimonio
2492 4033 2683 4099 fertur,
2718 4033 2783 4088 ad
2816 4049 3037 4104 eamque
3087 4036 3213 4089 hor-

1674 4127 1884 4181 tabatur
1930 4124 2179 4179 Salvator
2225 4134 2277 4179 et
2328 4124 2584 4180 Dominus
2632 4136 2814 4180 noster
2856 4127 2959 4179 his
2990 4127 3204 4181 verbis:

1671 4217 1869 4270 Discite
1916 4233 1946 4268 a
1996 4233 2075 4270 me
2122 4217 2247 4285 quia
2284 4218 2424 4270 mitis
2479 4232 2591 4270 sum
2638 4226 2685 4270 et
2720 4216 2929 4268 humilis
2965 4217 3117 4270 corde
3140 4216 3205 4270 ³¹.

1670 4308 1804 4376 Quia
1833 4322 1963 4362 vero
2010 4310 2407 4377 perseverantia
2437 4317 2490 4362 et
2532 4307 2783 4359 diuturna
2814 4308 3057 4359 custodia
3092 4307 3207 4362 haec

1669 4401 1842 4455 virtus
1858 4414 1993 4469 opus
2023 4398 2251 4453 habebat
2273 4400 2417 4465 (nam
2441 4397 2527 4466 qui
2553 4396 2945 4464 perseveraverit
2973 4412 3129 4466 usque
3150 4398 3205 4450 in

1668 4490 1843 4559 ﬁnem,
1878 4490 1958 4543 hic
1986 4490 2159 4543 sal‘vus
2206 4490 2303 4541 erit
2321 4488 2416 4556 ³⁸),
2453 4486 2573 4539 ideo
2615 4485 2931 4556 inscriptum
2960 4495 3083 4540 est:
3137 4486 3204 4540 In

50 4590 243 4661 τοιαύτη
263 4593 445 4665 ἀρετὴ-
462 4595 517 4661 (ό
557 4594 663 4666 γὰρ
685 4596 1007 4663 ὑπομείνας
1035 4596 1121 4657 είς
1146 4593 1319 4658 τέλος
1335 4636 1349 4658 ,
1395 4590 1565 4659 οὗτος

1679 4583 1844 4645 linem,
1874 4598 1933 4634 ne
1973 4579 2263 4648 disperdas.
2298 4576 2446 4629 Multi
2496 4590 2727 4645 namque
2754 4592 2811 4631 re
2845 4577 2978 4630 bene
3026 4586 3202 4643 empta

48 4681 351 4747 σωθήσεται
439 4683 526 4736 διά
548 4684 701 4737 τοῦτο
723 4686 1137 4755 ἐπιγέγραπται,
1166 4686 1268 4748 Εὶς
1289 4684 1349 4735 τὸ
1372 4681 1559 4748 τέλος,

46 4767 115 4835 μὴ
152 4770 500 4841 διαφθείρῃς.
547 4775 733 4828 Πολλοὶ
787 4776 913 4846 γὰρ,
960 4773 1136 4835 καλῶς
1161 4774 1468 4843 ἀρξάμενοι,
1500 4774 1559 4825 ού

47 4855 302 4926 διήρκεσαν
326 4861 407 4923 εἰς
434 4859 601 4924 τέλος.
642 4862 799 4915 Ἀλλά
823 4863 883 4916 τὸ
933 4861 1154 4932 Πνεῦμα
1178 4862 1236 4915 τὸ
1272 4864 1440 4929 διγιον,
1466 4862 1558 4915 τοῦ

49 4946 181 4999 Δαυῖδ
208 4949 299 5017 τὴν
332 4948 507 5019 φυγὴν
537 4952 627 5003 καὶ
651 4952 749 5022 τὴν
773 4955 829 5006 ἐν
853 4951 1103 5023 ἐρημίαις
1133 4951 1425 5020 διατριϐὴν,
1459 4954 1557 5021 τήν

49 5048 94 5083 τε
114 5035 164 5087 ἐν
192 5037 467 5107 σπηλαίοις
518 5042 984 5111 καρτερικιιηάτην
1008 5041 1214 5109 οἴκησιν
1238 5038 1562 5109 ἀποδεχόμεο

49 5137 139 5187 νον,
164 5127 317 5195 φησὶν
358 5125 521 5197 αὐτῷ,
560 5110 681 5194 θείς
713 5130 778 5182 τὸ
842 5130 1031 5195 τέλος,
1075 5130 1159 5198 μὴ
1198 5129 1555 5195 διαφθείρῃς.

51 5210 155 5277 μένε
183 5213 234 5265 δέ
259 5214 322 5267 δι’
338 5214 457 5268 ὅλου
487 5213 739 5278 τοιοῦτος,
769 5218 841 5279 ὡς
864 5217 928 5270 ἂν
958 5217 1139 5287 τύχοις
1163 5215 1557 5285 στηλογραφίας

48 5301 124 5353 καὶ
150 5304 352 5373 μνήμης
376 5305 609 5359 αἰωνίου.
646 5306 704 5359 Ὀ
733 5305 787 5359 δὲ
818 5310 909 5359 ἐπὶ
949 5308 1173 5369 τούτοις,
1197 5308 1255 5358 ού
1282 5306 1419 5358 κατὰ
1444 5308 1553 5359 Kh-

48 5395 201 5456 ιικοὺς
227 5394 331 5446 τῶν
356 5395 452 5464 τὴν
486 5397 675 5465 σοφίαν
711 5397 803 5450 τοῦ
858 5400 1047 5461 αἰῶνος
1076 5398 1260 5451 τούτου
1300 5414 1553 5468 μετερχο-

49 5481 199 5548 μένων
225 5484 547 5552 τυφούμενος
574 5486 710 5555 (sic),
735 5486 854 5540 οὐδὲ
886 5488 1027 5557 μέγα
1054 5485 1257 5558 φρονῶν
1287 5487 1377 5538 καὶ
1399 5486 1552 5556 βρεν-
1606 5478 1613 5489 ’

47 5572 270 5642 θυόμενος
293 5574 383 5626 ἐπὶ
404 5578 468 5645 τῇ
500 5576 592 5630 τοῦ
623 5578 734 5647 βίου
764 5580 1044 5651 καρτερία,
1070 5579 1175 5632 οὐδ’
1206 5579 1284 5631 ὅτι
1340 5578 1551 5641 πλείους

1666 4689 1772 4728 non
1819 4677 2231 4743 perseverantur
2282 4681 2452 4735 usque
2503 4665 2558 4719 in
2594 4667 2793 4731 linem;
2843 4666 2935 4721 sed
2971 4664 3202 4734 Spiritus

1665 4776 1883 4819 sanctus
1910 4761 2125 4815 Davidis
2151 4759 2349 4827 fugam,
2373 4770 2549 4811 moras
2578 4756 2631 4809 in
2661 4756 2906 4821 desertis,
2940 4756 3199 4811 diutinam

1663 4855 1807 4908 illam
1839 4862 1892 4907 et
1925 4857 2259 4906 constantem
2292 4850 2669 4904 habitationem
2707 4848 2758 4900 in
2793 4847 3066 4916 speluncis
3103 4860 3200 4913 ap-

1661 4944 1916 5013 probans,
1970 4941 2043 4993 ait
2087 4939 2191 4992 illi:
2228 4936 2292 4991 In
2339 4938 2512 5015 ﬁnem,
2560 4954 2620 4991 ne
2662 4937 2950 4999 disperdas,
2988 4949 3197 5002 semper

1662 5037 1785 5089 talis
1815 5048 2052 5097 maneas,
2086 5040 2143 5085 ut
2183 5034 2322 5087 tituli
2364 5031 2766 5098 inscriptionem
2798 5035 2849 5080 et
2881 5020 3195 5079 memoriam

1658 5132 1907 5178 aeternam
1936 5124 2198 5178 obtinens.
2232 5122 2333 5187 Qui
2363 5129 2536 5172 autent
2586 5119 2637 5171 in
2671 5119 2753 5171 his
2790 5123 3034 5169 versatur
3087 5130 3194 5169 non

1659 5215 1980 5284 Cynicorum
2014 5229 2181 5276 more,
2216 5214 2304 5282 qui
2334 5209 2648 5279 sapientiam
2676 5206 2836 5273 hujus
2867 5206 3044 5259 saeculi
3078 5220 3196 5281 pro-

1660 5305 1898 5366 ﬁtentur,
1960 5310 2170 5357 tumore
2222 5303 2457 5365 elatus;_
2489 5314 2664 5367 neque
2712 5296 2876 5348 altum
2933 5294 3188 5363 sapiens,

1654 5393 2082 5464 superbiensque
2105 5394 2169 5447 de
2187 5391 2467 5446 tolerantia
2499 5391 2652 5454 vitae;
2676 5401 2849 5457 neque
2874 5386 2942 5439 ob
3001 5392 3187 5437 astan-

1652 5493 1759 5538 tem
1790 5494 2112 5541 sectatorum
2142 5493 2194 5539 et
2222 5483 2605 5550 discipulorum
2634 5476 2861 5532 instituti
2899 5474 2980 5528 sui
3010 5473 3191 5526 multi-

1656 5579 1893 5632 tudinem
1928 5577 2161 5644 inllatus,
2196 5590 2364 5644 neque
2396 5574 2463 5628 iis
2486 5586 2581 5626 ceu
2613 5568 2931 5625 satellitibus
2958 5570 3015 5618 et
3032 5578 3184 5617 com-

108 5728 151 5797 {'_
179 5724 315 5781 Psal.
346 5729 557 5788 cxu.5.
633 5730 676 5763 “
716 5728 844 5787 ibid.
882 5731 934 5788 8.
1011 5733 1053 5766 ²⁹
1098 5729 1281 5787 Matth.
1317 5729 1473 5786 x.23.
1552 5732 1596 5764 ³ο
1639 5731 1801 5788 Eccli.
1838 5748 1963 5797 vni,
2004 5732 2084 5787 15.
2164 5730 2200 5761 ³⁸
2246 5726 2403 5783 llcbr.
2446 5724 2624 5795 11,138.
2700 5723 2744 5756 ³³
2782 5719 3062 5782 ΜειιιΙιοιιν
3092 5715 3183 5773 ἳθο

50 5795 85 5825 υ
113 5793 283 5850 Matth.
319 5813 351 5853 ι
368 5836 383 5862 ,
414 5798 502 5854 22.
