3966 6348
68 449 160 506 ιω

1162 421 1658 501 contmnam
1694 442 1761 497 IN
1799 443 2131 499 nsanos.

3141 445 3246 502 510

64 565 176 636 φῶς
195 577 310 618 σου
335 578 431 616 κα.
461 561 572 631 τὴν
599 560 884 626 ἀλήθειάν
918 573 1056 623 σου,
1105 559 1258 614 αὑτά
1287 577 1366 630 με
1385 556 1591 627 damn}

1701 555 1818 611 sine
1869 555 2141 634 essentia,
2182 566 2282 610 nec
2339 555 2457 613 sine
2509 557 2811 613 substantia
2849 567 3018 617 sunt:
3073 575 3247 631 neque

61 673 163 711 σει.
189 653 305 716 Οῶς
336 654 392 707 δὲ
435 655 528 706 καὶ
575 652 799 724 ἀλήθεια
839 653 933 706 καὶ
984 650 1138 719 λόγος
1169 651 1597 721 ἀποπαλλόμενα

62 745 198 816 παρὰ
220 748 314 798 τοῦ
373 743 592 813 ὑψίστου
649 741 803 807 θεοῦ,
835 743 935 795 οὐκ
966 742 1214 808 άνούσια,
1252 741 1372 795 οὑδὶ
1398 742 1595 796 ἀνυπό-

66 852 235 889 στατα·
263 834 325 888 οὐ
357 834 466 905 γὰρ
488 830 596 887 οἷόν
616 851 676 887 τι
697 830 766 904 ἢν
813 834 1040 905 πρᾶγμα
1082 833 1444 886 ἀνυπόστατον
1469 833 1598 886 ἁπο-

63 923 377 976 στέλλεσθαι.
407 924 612 994 Ὥσπερ
630 924 686 975 δὲ
714 923 882 992 Λόγος
918 925 1111 976 νοεῖται
1155 921 1346 984 ἰάσεως
1378 921 1469 974 καὶ
1491 939 1595 974 σω·-

61 1015 237 1083 τηρίας
263 1015 560 1085 ποιητικὸς,
615 1013 786 1079 οὔτως
819 1015 910 1067 ἐπὶ
951 1012 1045 1067 τού
1085 1011 1349 1083 παρόντος
1376 1016 1404 1066 ό
1435 1013 1596 1076 αὐτὸς

59 1102 192 1167 ίλεος
219 1105 549 1174 ὠνόμασται,
570 1104 646 1168 ὡς
674 1104 738 1158 ἂν
775 1105 1098 1176 ὑπηρετικὸς
1123 1103 1197 1157 ὢν
1238 1104 1336 1173 τῆς
1366 1103 1460 1156 τοῦ
1485 1105 1595 1157 Πα-

61 1192 171 1262 spe;
195 1193 616 1264 φιλανθρωπίας·
660 1193 858 1263 ὁμοίως
901 1195 958 1248 δι
1004 1195 1096 1247 καὶ
1129 1192 1369 1264 ἀλήθεια,
1423 1194 1498 1256 ὡς
1529 1193 1594 1247 ἂν

61 1285 256 1353 άληθῶς
287 1285 530 1352 ὑφεστὼς
555 1286 648 1338 καὶ
680 1287 800 1338 κατ’
829 1287 1104 1356 ἐνέργειαν
1148 1281 1493 1356 οὑσιωμένος.
1538 1286 1594 1338 '0

60 1374 174 1441 γοῦν
196 1375 460 1444 ἡμέτερος
483 1375 637 1444 λόγος
671 1375 768 1436 ὢν.
795 1375 1079 1440 συλλαϐαῖς
1126 1377 1216 1431 καὶ
1243 1379 1444 1449 ῥήμασι
1500 1377 1592 1429 καὶ

57 1466 262 1534 ὀνόμασι
293 1466 392 1536 τὴν
420 1466 710 1520 ὑπόστασιν
760 1466 918 1538 ἔχων,
949 1468 1043 1531 καὶ⁵
1091 1468 1177 1522 διὰ
1234 1468 1473 1538 γλώττης
1499 1468 1594 1520 καὶ

57 1556 221 1625 φωνῆς
248 1555 624 1627 ἐξηχούμενος,
656 1558 850 1612 οὐκᾶν
883 1557 1094 1628 λεχθείη
1119 1559 1319 1630 κυρίως
1345 1559 1434 1611 καὶ
1458 1558 1589 1627 ἀλη-

58 1644 150 1707 θῶς
186 1643 356 1711 λόγος.
394 1646 545 1715 Ἔχει
591 1645 719 1714 γοῦν
779 1645 960 1716 ἕτερον
990 1646 1080 1698 τὸν
1115 1643 1384 1714 γεννῶντα
1412 1646 1588 1706 αὑτὸν,

58 1735 107 1787 δν
132 1736 217 1788 καὶ
250 1737 453 1808 κυρίως
511 1739 575 1792 ἂν
608 1754 692 1802 τις
720 1739 860 1792 εῐποι
902 1736 1075 1809 άληθῆ
1120 1737 1292 1805 λόγον’
1339 1737 1524 1792 τοῦτον
1547 1739 1590 1791 δ’

59 1822 176 1879 εἶναι
199 1845 327 1895 φασι
383 1829 474 1882 τὸν
502 1829 818 1883 ἐνδιάθετον.
847 1830 1057 1900 Ὥσπερ
1081 1825 1174 1882 οὖν
1209 1831 1238 1883 ό
1268 1832 1324 1882 ἐν
1354 1830 1482 1898 ἡμῖν
1515 1831 1593 1880 ἐν-

1699 647 1844 702 enim
1878 655 2091 718 poterat
2118 663 2207 702 res
2239 649 2356 704 sine
2391 649 2688 704 substantia
2711 650 2872 706 mitti.
2895 649 3252 716 Quemadmo-

1699 735 1829 790 dum
1882 745 2061 790 autem
2104 735 2341 792 Verbum
2373 735 2693 808 intelligitur
2725 739 3024 793 curationis
3055 747 3111 794 et
3161 756 3252 795 sa-

1700 823 1830 894 lutis
1859 823 2120 890 eﬂector;
2171 827 2250 881 sic
2279 836 2333 882 et
2370 827 2424 880 in
2467 827 2715 896 praesenti
2755 827 2894 882 idem
2938 829 3250 882 misericor-

1698 915 1787 969 dia
1807 923 2048 977 vocatur,
2069 925 2254 985 utpote
2274 927 2508 986 paternae
2537 933 2661 988 erga
2690 920 2933 974 homines
2955 919 3252 974 clementiae

1700 1008 1984 1064 minister:
2017 1010 2264 1064 similiter
2290 1017 2344 1063 et
2376 1011 2575 1064 veritas
2603 1011 2820 1072 dicitur,
2853 1019 2910 1064 ut
2956 1026 3080 1064 vere
3118 1010 3246 1065 sub-

1699 1089 1921 1164 sistens,
1966 1101 2344 1166 etsecundum
2386 1103 2575 1172 agendi
2611 1104 2718 1156 vim
2770 1104 3066 1158 substantia
3113 1117 3249 1170 prie.

1698 1194 1752 1247 di
1781 1208 1892 1247 um.
1922 1180 2177 1246 Natarum
2216 1194 2395 1260 itaque
2425 1194 2669 1256 verbum,
2707 1194 2949 1262 syllabis,
2988 1193 3163 1248 verbis
3195 1201 3249 1245 et

1700 1286 2010 1340 nominibus
2071 1285 2426 1341 substantiam
2481 1285 2703 1349 habens,
2767 1286 2944 1354 lingua
3001 1293 3053 1340 et
3113 1299 3246 1340 voce

1696 1376 1977 1439 emissum,
2029 1393 2138 1432 non
2199 1379 2413 1446 proprie
2461 1391 2523 1430 ac
2573 1391 2696 1429 vere
2749 1376 2971 1430 verbum
3013 1376 3242 1432 dicatur.

1701 1465 1868 1520 liabet
1919 1468 2062 1520 enim
2098 1468 2242 1522 aliud
2283 1484 2341 1524 se
2375 1469 2618 1537 gignens.
2675 1468 2818 1536 quod
2867 1469 2990 1537 quis
3036 1469 3249 1538 proprie

1696 1571 1760 1610 ac
1811 1572 1936 1612 vere
1982 1559 2206 1612 verbum
2259 1559 2624 1627 appellaverit,
2657 1560 2798 1628 quod
2836 1560 2988 1612 aiunt
3024 1560 3244 1613 insitum

1694 1664 1836 1703 esse.
1873 1647 2026 1702 Sicut
2056 1649 2276 1704 insitum
2309 1649 2362 1701 in
2393 1650 2550 1704 nobis
2584 1651 2829 1717 verbum,
2861 1651 3005 1720 quod
3029 1651 3246 1720 proprie

1696 1741 1917 1795 verbum
1949 1741 2164 1805 dicitur,
2196 1741 2553 1795 substantiam
2584 1741 2762 1806 habet,
2792 1757 2914 1795 cum
2952 1742 3246 1796 secundum

1693 1833 1985 1886 essentiam
2018 1831 2308 1894 subsistat,
2351 1831 2604 1899 aliudque
2649 1831 2720 1884 sit
2771 1831 2838 1884 ab
2871 1847 2937 1885 eo
2976 1833 3071 1900 qui
3102 1834 3248 1886 misit

59 1916 274 1979 διάθετος
295 1917 452 1992 λόγος
467 1916 565 1986 (1),
579 1920 607 1971 ό
627 1918 720 1970 καὶ
752 1918 954 1990 κυρίως
980 1918 1044 1972 ἂν
1063 1917 1245 1990 ῥηθεὶς
1265 1916 1476 1988 άληθῶς
1506 1917 1591 1970 λό-

1693 1925 1867 1992 ipsum
1896 1965 1910 1978 .
1946 1939 2115 1994 quare
2146 1923 2721 1992 superiusdicebatur,
2760 1923 2907 1974 Misit
2931 1921 2993 1974 de
3020 1925 3166 1986 calo,
3190 1934 3248 1978 ἀ

59 2021 155 2072 τος,
178 2006 474 2069 ὑπόστατος
507 2008 781 2075 τυγχάνει,
823 2010 941 2061 κατ’
972 2008 1156 2063 οὐσίαν
1191 2008 1456 2076 ὑφεστὼς,
1479 2008 1594 2060 ἐτε-

58 2095 137 2162 ρός
163 2111 218 2179 τε
257 2094 334 2148 ὣν
371 2094 521 2166 παρὰ
548 2097 638 2149 τὸν
689 2099 1079 2162 ἀποστέλλοντα
1111 2099 1291 2153 αὐτόν·
1330 2099 1410 2152 διὸ
1459 2099 1594 2151 ἀνω-

58 2186 179 2256 τέρω
201 2186 298 2256 μὲν
347 2188 579 2256 ἐλέγετο,
625 2188 1072 2253 Ἐ’ξαπέστειλεν
1106 2190 1174 2254 ἐξ
1202 2189 1457 2259 οὐρανοῦ
1497 2191 1594 2244 καί

56 2275 228 2328 laws
277 2293 375 2346 με.
414 2279 548 2332 Τίνα
573 2279 630 2332 δὲ
681 2279 1041 2346 ἐξαπέστειλε,
1083 2283 1176 2336 ἐπὶ
1206 2281 1298 2335 τοῦ
1333 2281 1592 2352 παρόντος

57 2366 265 2423 διδάσκει
327 2371 572 2438 φάσκωνο
619 2372 1031 2440 Ἐεαπέστειλσ
1085 2373 1152 2427 τὸ
1205 2374 1374 2439 ἕλεος
1408 2374 1593 2428 αὐτοῦ

59 2460 139 2512 uol
173 2460 280 2528 τὴν
304 2461 591 2528 ἀλήθειαν
619 2464 821 2527 αὑτοῦ,
869 2465 968 2519 καὶ
1010 2464 1297 2533 ἑρῤύσατο
1337 2464 1462 2532 τὴν⁵
1480 2469 1594 2533 ψυ-

58 2550 159 2618 χήν
185 2568 292 2620 μου
340 2553 411 2606 ἐκ
453 2551 639 2620 μέσου
666 2554 964 2623 σκύμνων
994 2548 1068 2608 ὧν
1125 2554 1284 2623 μέσος
1310 2555 1592 2623 γενόμενος

55 2644 370 2711 mimum,
401 2644 554 2715 φησὶ,
611 2645 1260 2715 τπαρατμένος.-Μέσος
1316 2645 1420 2714 γάρ
1460 2645 1592 2699 ἀπο-

57 2732 254 2802 ληφθεὶς
287 2734 542 2803 σκύμνων
566 2734 674 2788 τῶν
704 2736 761 2788 ἐν
811 2734 912 2789 Γὲθ
947 2734 1273 2803 ἀλλοφύλων,
1299 2735 1331 2804 ἢ
1363 2735 1467 2787 τῶν
1495 2734 1590 2788 άλ-

57 2825 538 2896 λωςπολεμούντων
582 2843 646 2896 με
691 2825 919 2896 ἐχθρῶν,
970 2827 1032 2878 τὸ
1080 2827 1200 2879 ὅσον
1235 2825 1318 2877 ἐπ’
1346 2824 1466 2894 ἐμοὶ
1499 2826 1591 2878 καί

58 2919 110 2986 τῇ
137 2915 438 2990 ἀνθρωπίνῃ
488 2917 756 2989 ἀσθενείᾳ,
788 2917 1107 2986 suo.an
1143 2915 1588 2984 τεταραγμένος.

68 3006 116 3060 '0
139 3008 190 3060 δὲ
219 3008 440 3078 ῦψισιτος
484 3009 633 3072 Θεὸς.
691 3009 781 3064 τὸν
846 3008 1206 3082 προλεχθέντα
1250 3007 1404 3077 λόγον
1427 3007 1588 3060 αὐτοῦ

59 3095 136 3148 καὶ
162 3097 255 3167 τὴν
286 3097 546 3168 ἀλήθειαν
576 3107 668 3153 καὶ
690 3101 780 3153 τὸν
798 3098 946 3152 ἔλεον
996 3098 1397 3165 ἐξαποστείλας,
1432 3097 1591 3170 ὲρῤύσ

1691 2015 1914 2068 saluauit
1940 2032 2037 2069 me.
2083 2013 2252 2081 Quem
2283 2011 2410 2069 vero
2437 2014 2667 2080 miserit,
2719 2014 2771 2082 in
2802 2015 3049 2082 praesenti
3089 2013 3246 2067 docet

1689 2106 1918 2162 dicens:
1974 2107 2127 2161 Misit
2181 2107 2598 2160 misericordiam
2648 2122 2830 2168 suam,
2879 2116 2926 2158 et
2980 2105 3245 2158 veritatem

1690 2213 1862 2260 suam,
1891 2199 2122 2252 animum
2147 2214 2311 2250 meam
2331 2198 2521 2264 eripuit
2538 2196 2602 2249 de
2631 2196 2798 2250 medio
2821 2196 3114 2250 catulorum
3139 2196 3246 2249 leo-

1690 2305 1814 2342 num
1837 2304 1855 2340 :
1902 2289 1955 2341 in
1989 2303 2220 2357 quorum
2275 2287 2456 2341 medio
2489 2288 2818 2350 consistens,
2865 2287 2977 2340 ait:
3009 2286 3244 2340 Dormiri

1689 2378 2048 2432 conturbatus.
2111 2377 2352 2432 Namin
2417 2377 2596 2432 medio
2650 2377 2951 2431 catulorum
3023 2377 3243 2432 leonum

1689 2465 2266 2523 Gethzorum’scilicet
2308 2468 2697 2537 allopliylorum
2726 2464 3116 2534 deprehensus,
3145 2481 3244 2521 seu

1691 2557 2036 2611 inimicorum
2064 2573 2150 2612 me
2180 2558 2284 2611 alia
2331 2559 2541 2612 ratione
2571 2557 3022 2625 impugnantium,
3072 2552 3246 2623 quan-

1692 2654 1806 2700 ttln
1837 2646 1968 2700 mihi
2002 2660 2095 2715 per
2121 2647 2409 2701 humanam
2437 2646 2800 2700 inﬁrmitatem
2829 2643 3001 2707 licuit,
3025 2643 3246 2699 dormivi

1689 2736 2052 2791 conturbatus.
2093 2737 2409 2791 Altissimus
2445 2751 2575 2790 vero
2605 2734 2748 2790 Deus
2778 2736 3090 2803 praedictum
3125 2751 3247 2790 vero

1688 2824 1846 2888 bum,
1891 2825 2316 2879 misericordiam
2372 2831 2428 2878 et
2474 2824 2754 2877 veritatem
2805 2839 2958 2878 suam
3003 2825 3242 2889 mittens,

1688 2914 1890 2984 eripuit
1920 2913 2153 2966 animam
2190 2927 2385 2977 meam,
2416 2921 2475 2966 ut
2504 2927 2569 2966 ex
2599 2911 3003 2982 perturbatione
3030 2912 3244 2966 catulo-

1689 3019 1808 3057 rum
1858 3005 2070 3059 leonum
2127 3003 2260 3057 nihil
2311 3011 2606 3072 pateretur.
2658 3001 2967 3058 Secundum
3006 3003 3244 3071 reliquos

1690 3102 1869 3148 autem
1906 3094 2230 3163 interpretes
2259 3111 2270 3146 :
2310 3093 2426 3147 Non
2459 3093 2844 3156 conturbatus,
2879 3092 3071 3160 inquit,
3115 3086 3242 3145 dor-

60 3201 170 3241 σστο
196 3188 290 3259 τὴν
309 3189 490 3262 ψυχήν
518 3207 639 3260 μου,
670 3191 744 3254 ὡς
772 3190 931 3262 μηδὲν
949 3188 1116 3259 αὐτὴν
1142 3188 1331 3257 παθεῖν
1375 3191 1439 3242 ὲκ
1495 3189 1591 3258 τῆς

1692 3185 1921 3240 miebam
1955 3186 2010 3239 in
2039 3185 2213 3240 medio
2234 3185 2451 3239 leonum
2481 3184 2890 3254 deprehensus;
2923 3182 3016 3238 sed
3045 3183 3241 3252 imper-

58 3281 270 3351 ταραχῆς
312 3282 421 3336 τῶν
452 3283 722 3352 σκύμνων.
765 3281 920 3335 Κατὰ
945 3282 1000 3335 δὲ
1024 3284 1150 3345 τοὺς
1179 3281 1392 3344 λοιποὺς
1414 3283 1585 3352 ἑρμη-

59 3371 240 3434 νευτάς’
279 3373 352 3425 Ού
407 3372 824 3454 τεταραγμένος,
866 3372 1049 3442 φησὶν,
1100 3372 1382 3426 ἐκάθευδον
1429 3372 1591 3440 μέσος

59 3460 362 3532 ἀποληφθεὶς
422 3464 667 3526 λεόντων,
718 3462 833 3518 ἀλλ’
867 3463 1132 3531 άπτόητος
1170 3464 1314 3534 ἥμην
1383 3464 1474 3515 καὶ
1502 3463 1590 3514 εὑ-

60 3548 255 3623 Θαρσής.
289 3553 451 3621 Λέγει
483 3549 610 3620 γοῦν
635 3554 665 3605 ό
702 3551 946 3614 Ἀκύλας
993 3553 1088 3605 Ἐν
1134 3552 1300 3621 μέσῳ
1337 3550 1590 3606 Jecur-(Iw

60 3643 463 3712 κοιμηθήσομαι
499 3643 747 3711 λάϐρων·
775 3645 804 3697 ό
830 3643 888 3697 δὲ
936 3643 1247 3714 Σύμμαχοςο
1288 3645 1391 3698 Ἔν
1421 3645 1588 3713 μέσῳ

60 3735 289 3790 λεόντων
307 3734 616 3803 εὐθαρσῶν
647 3733 987 3804 ἐκοιμήθην.
1035 3735 1190 3799 Τίνες
1243 3736 1299 3789 δὲ
1355 3732 1493 3808 ἦσαν
1533 3739 1584 3790 οἱ

61 3818 260 3886 λέοντες,
289 3824 322 3894 ἢ
350 3825 400 3877 οἱ
446 3824 674 3895 σκύμνοι
730 3827 824 3880 καὶ
853 3827 910 3880 at
933 3824 1160 3892 λέαιναι,
1186 3826 1436 3898 διασαφεῖ
1464 3827 1589 3896 ἑξῆς

61 3913 221 3980 λέγων·
249 3917 368 3970 Υἱοὶ
399 3917 721 3986 ἀνθρώπων
764 3921 820 3972 οι
870 3918 1110 3987 ὀδόντες
1160 3920 1356 3974 αὐτῶν
1399 3920 1590 3973 ὅπλον

61 4004 140 4056 καί
163 4005 334 4073 βέλη,
363 4005 461 4060 καί
487 4009 524 4076 ἠ
581 4005 830 4078 γλῶσσα
869 4007 1064 4063 αὐτῶν
1084 4009 1348 4079 μάχαιρα
1404 4008 1583 4073 ὀξεῖα.

62 4094 236 4158 Παντὸς
255 4099 360 4167 γάρ
395 4097 558 4168 θηρὸς
583 4097 771 4168 ἀγρίου
807 4097 1007 4151 ίοϐόλου
1034 4116 1096 4151 τε
1119 4099 1366 4170 ἑρπετοῦ,
1396 4099 1588 4170 χείρων

59 4181 116 4233 ἂν
145 4185 339 4250 γένοιτο
365 4186 567 4254 φαῦλος
592 4188 684 4240 καί⁵
710 4187 942 4258 πονηρὸς
973 4176 1277 4258 ἄνθρωπος,
1308 4173 1537 4261 μάλιστα
1560 4195 1588 4245 ὁ

62 4271 298 4340 διαϐολαῖς
353 4277 447 4331 καὶ
501 4279 846 4358 καταλαλιαῖς
879 4280 1168 4350 σχολάζων,
1207 4284 1298 4336 καὶ
1339 4287 1458 4348 ταῖς
1482 4285 1587 4338 τῶν

62 4359 290 4431 θεοφιλῶν
313 4365 508 4438 ψυχαῖς
530 4367 909 4433 ἐπιϐουλεύων,
958 4370 1056 4440 οὐχ
1081 4371 1263 4435 ὅπλοις
1293 4372 1350 4425 δὲ
1378 4374 1470 4426 καὶ
1498 4374 1585 4426 δό-

65 4469 189 4524 ρασι,
217 4459 605 4531 κεκρυμμένοις
625 4461 682 4515 δὲ
703 4461 796 4515 καὶ
825 4461 1140 4517 λανθάνουσι
1171 4467 1280 4528 τοῖς
1305 4464 1391 4518 διὰ
1417 4464 1584 4532 λόγων

1692 3277 1914 3331 territus
1956 3284 2010 3330 et
2039 3273 2314 3330 conlidens
2364 3288 2531 3328 eram.
2568 3274 2659 3327 Ait
2705 3274 2870 3343 igitur
2914 3273 3104 3343 Aquila
3133 3291 3148 3329 :
3173 3271 3241 3328 lu

1691 3365 1856 3418 medio
1902 3365 2185 3418 lamnarum
2231 3363 2496 3417 dormiam
2527 3355 2834 3426 carnrium;
2885 3362 3238 3432 Symmachus

1688 3472 1815 3513 vero
1845 3474 1858 3509 :
1895 3454 1960 3508 In
2001 3452 2169 3507 medio
2202 3457 2407 3506 leonum
2435 3453 2696 3520 conﬁdens
2739 3452 2977 3510 dormivi.
3011 3451 3239 3516 Quinam

1685 3555 1871 3604 essent
1899 3549 2107 3611 leones,
2157 3545 2240 3600 vel
2269 3544 2434 3598 catuli
2480 3545 2698 3598 leonum
2742 3551 2796 3597 et
2828 3543 3023 3604 leaenae,
3057 3551 3242 3611 postea

1687 3639 1948 3700 declarat,
1969 3638 2157 3692 dicens
2181 3654 2192 3689 :
2225 3635 2353 3690 Filii
2382 3635 2647 3688 hominum
2674 3633 2849 3687 dentes
2875 3649 3052 3685 eorum
3085 3632 3240 3684 telum

1688 3741 1736 3784 et
1771 3731 2001 3800 sagitta,
2029 3738 2081 3783 et
2125 3728 2304 3796 lingua
2345 3743 2521 3782 eorum
2551 3725 2757 3796 gladius
2797 3733 2998 3776 acutus.
3056 3720 3241 3789 Siqui-

1688 3821 1808 3878 dem
1837 3821 1984 3875 omni
2021 3819 2133 3874 fera
2160 3818 2382 3888 agresti,
2415 3802 2685 3871 venenosa
2711 3821 2765 3867 et
2805 3812 2979 3879 reptili
3011 3810 3246 3864 deterior

1689 3914 1853 3979 luerit
1879 3911 2160 3982 improbus
2187 3917 2240 3962 et
2270 3922 2501 3978 nequam
2525 3907 2707 3967 homo,
2759 3904 3100 3970 maximeque
3147 3902 3242 3970 qui

1688 4003 1976 4058 calumniis
2003 4007 2056 4054 et
2085 3996 2385 4052 maledictis
2418 4005 2595 4060 vacat,
2622 4002 2676 4049 et
2696 3993 2796 4063 qui
2832 3991 3098 4060 religiosis
3127 3991 3243 4048 ani-

1688 4095 1881 4147 mabus
1913 4087 2222 4150 insidiatur,
2259 4102 2367 4141 non
2403 4086 2522 4140 telis
2559 4093 2612 4138 et
2646 4083 2838 4144 hastis.
2887 4081 2983 4136 sed
3016 4081 3243 4136 occultis

1687 4191 1742 4239 et
1790 4181 2084 4236 latentibus
2135 4179 2424 4235 verborum
2476 4176 2796 4246 perniciosis
2841 4173 3238 4228 instrumentis.

1688 4274 1752 4328 lii
1779 4275 1961 4343 itaque
1994 4273 2237 4326 dentium
2265 4270 2467 4324 ambitu
2498 4269 2654 4338 quasi
2689 4265 2854 4318 armis
2889 4269 3115 4315 utuntur
3141 4261 3243 4314 cir-

1687 4357 2222 4424 ctunmuniéntibus,
2273 4366 2326 4413 et
2377 4354 2827 4412 concludenlibus
2877 4351 3037 4404 verba
3100 4352 3240 4404 intra

1687 4451 1928 4507 dentiqu
1959 4461 2170 4522 septum
2198 4450 2450 4512 latentia;
2481 4448 2661 4515 lingua
2691 4457 2820 4497 vero
2845 4441 3242 4510 calumniisqus

63 4529 395 4618 ἀναιρετικοῖς
413 4529 680 4630 όργάνοις.
714 4553 1019 4625 Κέχρηνται
1049 4553 1175 4623 γοῦν
1201 4558 1249 4608 ot
1281 4529 1584 4624 τοιοῦτοιτῇ

1692 4558 1756 4598 ex
1781 4559 1844 4598 ea
1872 4543 2108 4607 emissis,
2139 4555 2234 4595 ceu
2279 4531 2601 4609 quibusdam
2649 4534 2772 4589 telis
2803 4531 3126 4600 iaculantur.
3165 4529 3265 4619 Ea.

69 4639 150 4706 μὲν
173 4641 270 4694 τῶν
293 4642 517 4697 ὀδόντων
565 4643 817 4714 περιϐολῇ
864 4643 1050 4716 ὥσπερ
1095 4647 1202 4700 τινὶ
1249 4646 1397 4716 ὅπλῳ
1439 4662 1593 4716 περι-

67 4727 343 4794 φράπσντι,
372 4732 466 4784 καὶ
498 4731 852 4801 περικλείοντι
879 4734 1003 4796 τοὺς
1055 4735 1184 4787 εῐσω
1227 4733 1336 4786 τῶν
1369 4735 1593 4788 ὀδόντων

68 4819 442 4888 κρυπτομένους
477 4821 680 4889 λόγους·
709 4823 774 4892 τῇ
799 4820 854 4874 δέ
877 4820 1088 4893 γλώττῃ
1123 4822 1216 4875 καὶ
1240 4827 1356 4886 ταῖς
1379 4825 1442 4876 ἐκ
1463 4824 1592 4877 ταύ-

68 4917 149 4970 της
174 4904 624 4979 διαπεμπομέναις
653 4909 951 4974 διαϐολαῖς,
996 4908 1182 4981 ὥσπερ
1215 4913 1323 4964 τισὶ
1387 4911 1592 4980 βέλεσιν

71 4989 486 5067 ἀκοντιζομένοις.
535 5001 599 5052 Ἦ
659 5001 705 5053 δ’
731 5001 868 5070 αὑτὴ
925 4999 1034 5053 τῶν
1079 5000 1332 5053 τοιούτων
1384 5001 1594 5070 γλῶττα

72 5083 314 5153 μαχαίρας
342 5086 602 5157 ὀξυτάτης
623 5091 771 5144 οὐδὲν
796 5091 859 5145 ἂν
887 5091 1134 5162 διαφέροι
1162 5091 1465 5164 κεντούσης,
1502 5098 1593 5147 καὶ

70 5169 126 5221 τὰ
148 5173 268 5242 πρὸς
295 5175 517 5231 θάνατον
549 5182 887 5253 ἐνεργούσης.
930 5181 1066 5234 Ἀλλ’
1099 5183 1147 5234 οἱ
1183 5183 1280 5252 μὲν
1324 5183 1593 5254 ἀνθρώπι-

73 5276 138 5316 νοι
163 5263 359 5332 λέοντες
382 5269 473 5322 καὶ
493 5270 862 5343 ὠνομασμένοι
890 5273 1114 5343 σκύμνοι
1156 5272 1401 5327 τοιοῦτοι.
1452 5277 1590 5344 Ἐγὼ

74 5350 296 5412 ἂαύτῶν
339 5358 581 5432 διέφερον
610 5362 729 5433 ,τὴν
776 5364 1082 5436 ἐπιϐουλὴν,
1130 5363 1216 5418 διά
1264 5365 1352 5418 τὸν
1405 5368 1470 5420 ἐκ
1497 5368 1590 5421 τοῦ

1692 4655 1821 4695 vero
1848 4626 1963 4708 ipsa
1986 4652 2172 4693 eorum
2203 4635 2405 4702 lingua,
2435 4646 2463 4683 a
2496 4629 2674 4700 gladio
2703 4634 2863 4682 acuto
2891 4633 2944 4679 et
2974 4630 3248 4694 pungente

1693 4730 1997 4798 caedemque
2018 4730 2388 4800 perpetrante,
2419 4723 2552 4776 nihil
2587 4719 2816 4774 dilicrat.
2854 4717 2995 4774 Sane
3024 4714 3240 4785 quidem

1694 4820 1829 4874 tales
1857 4823 1985 4872 sunt
2013 4813 2237 4867 humani
2271 4813 2474 4871 leones.
2517 4818 2570 4865 et
2606 4809 2888 4863 memorati
2931 4805 3093 4858 catuli
3126 4804 3242 4883 leo-5

1695 4896 1843 4964 num.
1877 4905 1988 4975 Ego
2015 4919 2146 4959 vero
2169 4918 2356 4958 eorum
2391 4900 2616 4956 insidias
2644 4885 2909 4954 declinavi
2944 4892 3242 4947 Salvatoris

1696 5016 1726 5053 a
1751 4999 1859 5052 Deo
1891 4997 2044 5050 missi
2083 5009 2267 5064 opera,
2317 4995 2408 5064 qui
2459 4993 2658 5062 eripuit
2690 4980 2921 5043 animam
2969 5000 3141 5040 meam
3171 4985 3253 5040 de

1696 5089 1871 5144 medio
1897 5088 2200 5140 catulorum
2237 5087 2471 5140 leonum.
2506 5086 2587 5137 An
2615 5083 2729 5135 hac
2763 5079 2829 5133 de
2861 5076 3022 5132 Sau’le
3048 5078 3238 5131 dican-

1693 5192 1800 5244 tur,
1851 5179 1964 5234 sive
1994 5179 2059 5233 de
2085 5178 2168 5232 iis.
2191 5177 2283 5247 qui
2330 5173 2581 5227 Davidem
2612 5171 2751 5241 apud
2790 5169 3004 5222 Saulem
3032 5168 3238 5221 calum-

1690 5272 1819 5328 niati
1870 5276 2036 5333 sunt,
2095 5271 2208 5324 sive
2257 5267 2322 5321 de
2379 5263 2666 5332 allophylis
2733 5257 2986 5321 Gctbteis,
3034 5255 3250 5312 seuie-

1693 5359 2057 5417 invisibilibus
2093 5357 2324 5412 inimicis
2351 5373 2364 5420 ;
2391 5365 2444 5408 tu
2479 5355 2593 5422 ipse
2623 5349 2922 5420 perpendas
2953 5347 3132 5401 velim.

74 5444 594 5523 Θεοῦάπεσταλμένον
621 5473 710 5526 μοι
762 5457 1009 5529 Σωτῆρα,
1039 5459 1128 5511 τὸν
1158 5459 1452 5528 ῥυσάμενον
1483 5462 1579 5533 τὴν
1615 5459 1789 5529 ψυχήν
1816 5470 1914 5532 μου
1938 5455 2002 5506 ὲκ
2031 5454 2193 5525 μέσου
2219 5451 2486 5520 σκύμνων.
2516 5446 2638 5498 Εἴτε
2660 5445 2716 5498 δὲ
2765 5444 2939 5533 ταῦτα

76 5535 222 5592 Σαοὺλ
243 5540 473 5610 ἐλέγετο,
503 5543 613 5597 εἶτε
631 5547 759 5617 περὶ
788 5545 892 5600 τῶν
942 5547 1326 5601 διαϐαλλόντων
1378 5549 1465 5602 τὸν
1481 5529 1640 5605 Αάυιδ
1678 5529 1824 5617 παρὰ
1862 5544 1954 5597 τδν
2003 5543 2194 5608 Σαοὺλ,
2255 5543 2363 5594 εῖτε
2418 5539 2544 5611 περ)
2599 5537 2706 5590 τῶν
2753 5537 2811 5588 ἐν
2854 5532 2951 5585 Γέθ
3006 5529 3237 5598 ἀλλοφύ-

76 5629 180 5697 λων,
204 5637 304 5690 sl‘rs
349 5635 479 5707 περὶ
533 5634 776 5706 ἀοράτων
825 5636 1050 5716 ἐχθρῶν,
1111 5639 1204 5691 καὶ
1259 5639 1418 5703 αὐτὸς
1479 5642 1808 5717 ἐπιστῄσεις.
2073 5683 2079 5691 .
2259 5627 2266 5632 ’

135 5776 202 5844 ll)
223 5777 601 5847 _’Er6tdoetoc
614 5780 811 5846 λόγος,
844 5778 1054 5832 insitum
1072 5776 1298 5842 uerbum,
1317 5758 1513 5835 dicitur
1541 5781 1591 5835 at

1700 5777 1994 5833 ﬂ‘crcntiam
2023 5775 2112 5829 τοῦ
2142 5772 2488 5847 προφορικοῦ,
2517 5770 2729 5843 prolati.
2751 5767 2951 5824 [lorum
2983 5763 3239 5834 frequens

81 5850 198 5912 apud
223 5843 399 5910 Patres
417 5843 587 5928 usus.
611 5843 770 5905 Epit.
