3958 6340
731 432 831 489 511

800 546 969 603 Vsus.
1002 546 1054 613 6,
1082 547 1131 602 7.
1170 524 1422 601 Exaltare
1460 562 1613 616 super
1638 546 1814 609 calas,
1848 544 2008 610 Deus,
2039 553 2087 599 et
2116 560 2267 615 super
2296 557 2341 610 Α

738 654 933 693 omnem
959 647 1168 703 terram,
1200 639 1371 708 gloria
1415 649 1525 702 tua,
1555 645 1610 692 et
1647 643 1859 691 caetera.
1890 634 2130 701 ,Missum
2163 637 2265 691 sibi

732 730 801 784 ab
830 728 1107 784 Altissimo
1144 729 1443 799 adjutorem
1472 734 1526 782 et
1556 714 1915 793 Servatorem,
1951 732 2136 795 utpote
2174 727 2266 795 qui

731 836 792 877 se
828 820 1189 875 humiliaverit
1217 837 1310 890 per
1341 834 1499 875 suum
1529 818 1592 873 ad
1634 818 1879 873 homines
1923 817 2265 883 descensum,

729 919 786 966 et
836 910 1069 964 animam
1121 924 1274 965 suam
1320 909 1577 978 eripuerit
1622 906 1917 963 de‘medio
1966 908 2268 962 catulorum

729 1003 970 1067 leonum,
1004 1003 1089 1059 his
1126 1002 1304 1057 verbis
1336 999 1599 1071 Propheta
1647 1002 1931 1071 compellat
1962 1020 1974 1055 :
2005 1001 2268 1067 Quoniam

729 1108 795 1147 ex
825 1095 1039 1164 propria
1082 1093 1446 1163 magnitudine
1493 1093 1845 1156 descendens,
1883 1088 2038 1161 teque
2092 1093 2266 1163 ipsum

729 1200 953 1254 parvum
1000 1184 1253 1248 elﬁciens,
1303 1175 1633 1238 humilitatis
1673 1186 1804 1238 meae
1844 1198 2027 1237 curam
2085 1199 2270 1239 susce-

728 1274 881 1341 pisti,
908 1283 962 1329 et
995 1275 1238 1343 eripuisti
1270 1274 1503 1327 animam
1550 1288 1722 1327 meam
1774 1275 1839 1330 de
1870 1275 2041 1329 medio
2072 1276 2266 1344 praedi-

729 1372 963 1427 ctorum,
1017 1366 1252 1420 exaltare
1296 1364 1537 1429 demum,
1593 1366 1865 1433 proprium
1902 1365 2151 1420 thronum
2204 1381 2267 1421 ac

727 1454 825 1508 tibi
870 1465 1181 1525 competens
1215 1469 1459 1524 regnum
1518 1456 1776 1509 caelorum
1834 1468 2031 1529 repete.
2084 1459 2265 1531 Neque

728 1546 870 1600 enim
918 1555 1057 1598 terra
1095 1546 1265 1615 gloria
1320 1554 1406 1599 tua
1441 1545 1758 1614 privabitur,
1788 1549 2000 1606 etiamsi
2046 1553 2101 1605 in
2130 1553 2265 1607 caelo

728 1634 912 1703 degas.
945 1633 1400 1698 Quemadmodum
1430 1636 1571 1690 enim
1628 1637 1707 1691 sol
1739 1641 2013 1708 proprium
2046 1656 2265 1698 cursum

727 1726 1043 1789 conﬁciens,
1075 1740 1168 1781 eos
1196 1727 1287 1797 qui
1323 1727 1377 1780 in
1422 1734 1566 1781 terra
1592 1739 1878 1784 versantur
1914 1733 2120 1805 fulgore
2167 1749 2266 1788 suo

729 1836 837 1874 non
866 1820 1095 1885 fraudat,
1129 1822 1314 1876 eodem
1359 1822 1518 1875 modo
1561 1829 1615 1876 et
1650 1831 1728 1887 tu,
1770 1822 2011 1887 Domine,
2057 1825 2266 1881 etiamsi

729 1912 800 1965 ob
826 1926 1072 1981 magnam
1102 1912 1368 1964 mittentis
1399 1918 1453 1965 te
1496 1908 1673 1975 Patris
1725 1926 1851 1980 erga
1882 1911 2125 1969 homines
2156 1914 2266 1969 cle-

726 2001 1002 2077 mentiam,
1024 2016 1196 2077 usque
1219 2001 1285 2054 ad
1308 2001 1625 2069 parvitatem
1650 2016 1821 2055 meam
1847 2009 1898 2056 te
1925 2004 2263 2071 extenderis;

728 2103 781 2146 at
810 2076 1046 2146 exaltare
1069 2091 1281 2145 demum
1310 2105 1469 2159 super
1499 2092 1687 2154 caelos,
1719 2100 1773 2145 et
1801 2091 1853 2145 in
1883 2093 2004 2146 sinu
2027 2096 2268 2149 Paterna:

730 2182 948 2237 deitatis
983 2180 1247 2244 residens,
1282 2195 1495 2234 omnem
1529 2189 1724 2235 terram
1772 2182 1941 2251 gloria
1977 2191 2066 2236 tua
2100 2185 2263 2252 reple.

730 2272 851 2327 llaec
894 2286 1054 2341 porro
1098 2271 1220 2340 jure
1260 2268 1496 2340 profero,
1552 2270 1607 2323 in
1659 2279 1775 2324 tuto
1827 2281 2016 2325 contra
2070 2273 2267 2326 malum

728 2364 1004 2433 quodlibet
1028 2364 1257 2432 positus,
1286 2372 1338 2417 et
1367 2376 1397 2414 a
1426 2361 1696 2432 praedictis
1717 2362 1909 2417 catulis
1942 2369 1994 2417 et
2024 2363 2266 2418 leonibus

726 2462 823 2508 tua
857 2452 1171 2507 visitatione
1199 2458 1436 2520 ereptus,
1470 2452 1560 2520 qui
1596 2451 1803 2519 laqueos
1840 2462 2150 2519 paraverunt
2180 2469 2267 2521 pe-

726 2543 877 2597 dibus
909 2542 1057 2604 meis,
1089 2550 1161 2605 et,
1190 2547 1453 2609 quantum
1484 2541 1538 2592 in
1564 2540 1695 2609 ipsis
1716 2548 1851 2603 erat,
1874 2543 2265 2597 incurvaverunt

729 2629 957 2687 animam
1012 2647 1221 2707 meamj
1276 2631 1370 2685 sed
1416 2631 1578 2686 etiam
1626 2630 1866 2699 foderunt
1916 2643 2034 2687 ante
2080 2634 2265 2703 faciem

728 2738 897 2777 meam
934 2722 1153 2791 foveam.
1188 2718 1292 2775 Sed
1322 2721 1431 2775 haec
1458 2722 1511 2775 in
1535 2737 1685 2776 suam
1717 2723 2031 2791 perniciem,
2063 2740 2169 2777 non
2210 2724 2263 2777 in

726 2830 923 2877 meam,
954 2823 1044 2869 tua
1073 2815 1426 2885 protectione,
1482 2813 1850 2882 designarunt.
1898 2812 2006 2883 Ipsi
2034 2828 2264 2881 namque

727 2910 782 2961 2n
814 2908 951 2961 hanc
976 2906 1182 2960 foveam
1213 2920 1363 2960 suam
1392 2904 1549 2975 primi
1574 2904 1903 2958 ceciderunt.
1928 2905 2265 2973 Quapropter

723 3000 850 3069 quia
884 3006 939 3051 tu
969 3013 998 3050 a
1025 2996 1182 3053 Patre
1214 2997 1413 3051 missus
1463 2996 1590 3048 talia
1619 2994 1854 3061 edidisti,
1901 2995 2136 3049 exaltare
2167 2993 2262 3047 de-

724 3104 893 3153 mum,
928 3103 991 3143 ac
1014 3088 1261 3142 emlestes
1286 3087 1407 3139 illas
1437 3086 1767 3151 mansiones,
1800 3092 1860 3139 ut
1889 3084 1987 3139 tibi
2020 3084 2263 3154 proprias

722 3188 779 3237 et
804 3179 986 3235 deitati
1017 3188 1119 3229 tum
1144 3185 1429 3231 mnsuetas
1460 3176 1657 3246 recipe.

797 3487 1124 3562 “113.8512.
1150 3487 1402 3541 Paratum
1425 3500 1514 3542 car
1530 3500 1717 3550 meum,
1737 3484 1897 3551 Deus,
1914 3494 2154 3555 paratum
2171 3503 2260 3539 cor

723 3596 914 3644 meum,
938 3582 1156 3632 cantabo
1194 3588 1243 3631 et
1269 3580 1528 3647 psalmum
1558 3576 1751 3639 dicam,
1786 3583 1889 3630 etc.
1923 3574 2166 3630 Salvator
2203 3577 2257 3629 in

725 3682 823 3723 sua
857 3667 922 3721 ad
957 3667 1251 3736 discipulos
1274 3666 1519 3721 doctrina
1563 3667 1676 3719 haec
1722 3666 1788 3718 de
1829 3664 2030 3734 Spiritu
2072 3673 2259 3720 sancto

721 3758 893 3811 dixit:
922 3756 981 3810 Si
1010 3755 1228 3825 diligitis
1266 3771 1342 3808 me
1362 3795 1377 3819 ,
1402 3755 1655 3808 mandata
1692 3771 1803 3807 mea
1838 3764 2054 3822 servate,
2085 3764 2133 3808 et
2169 3773 2258 3825 ego

723 3848 915 3917 rogabo
955 3846 1185 3909 Patrem,
1234 3854 1282 3899 et
1322 3845 1482 3899 alium
1520 3845 1851 3898 Paracletum
1892 3845 2038 3898 dabit
2096 3846 2255 3910 vobis,

724 3947 783 3992 ut
821 3940 889 3990 sit
927 3939 1187 3991 uobiscum
1213 3939 1269 3991 in
1298 3948 1579 3998 internum,
1620 3936 1875 4004 Spiritum
1915 3938 2207 3991 veritatis”
2242 3958 2256 3993 ι

722 4038 779 4084 et
806 4043 1059 4083 rursum:
1101 4025 1225 4082 Haec
1271 4030 1472 4082 locutus
1511 4045 1624 4082 sum
1659 4027 1797 4081 vobis
1844 4028 1981 4095 apud
2024 4044 2110 4085 vos
2153 4046 2260 4082 ma-

724 4135 896 4183 nens;
935 4118 1238 4171 Paraclelus
1279 4128 1485 4181 autem,
1543 4118 1769 4186 Spiritus
1842 4129 2052 4173 sanctus
2112 4137 2259 4190 quem

721 4211 889 4264 mittet
930 4209 1090 4262 Pater
1116 4210 1171 4263 in
1201 4209 1405 4263 nomine
1432 4224 1561 4269 meo,
1593 4208 1682 4261 ille
1712 4227 1797 4263 vos
1837 4195 2035 4262 docebit
2060 4213 2253 4274 omnia,

719 4312 770 4355 et
793 4311 1024 4372 suggeret
1044 4302 1124 4366 38;
1159 4317 1222 4363 ac
1246 4300 1470 4353 iterum:
1514 4298 1692 4351 Adhuc
1720 4301 1885 4353 multa
1917 4301 2075 4355 habeo
2117 4302 2254 4358 vobis

720 4393 909 4449 dicere.
939 4391 1026 4446 sed
1067 4408 1167 4457 non
1204 4390 1417 4460 potestis
1447 4398 1656 4457 portare
1689 4377 1859 4445 modo.
1914 4389 2045 4445 Cum
2082 4404 2255 4447 autem

719 4484 911 4537 uenerit
941 4482 1028 4535 ille
1064 4481 1289 4549 Spiritus
1312 4481 1545 4534 veritatis
1568 4518 1581 4542 ,
1624 4479 1861 4531 narrabit
1893 4480 2032 4533 vobis
2064 4484 2253 4536 verita-

1402 430 1665 487 EUSEBII
1699 428 2168 486 CESARIENSIS
2203 429 2349 485 OPP.
2388 397 2563 487 PARS
2592 429 2681 486 Ill.
2715 450 2783 473 -ι
2820 430 3219 490 EXEGETICA.
3775 439 3847 493 512

2449 546 2724 616 Ὑψώθητι
2750 547 2845 602 ἐπὶ
2902 548 3042 615 τοὺς
3096 549 3401 617 οἰψανοὺς,
3435 552 3468 604 ὁ
3494 552 3654 618 Θεὸς,
3682 555 3759 608 και
3780 557 3849 610 ἐπὶ

2366 638 2567 692 πᾶσαν
2589 638 2700 706 τὴν
2735 638 2851 708 γῆν
2894 641 2933 706 ή
2988 639 3136 703 δόξα
3189 654 3323 704 σου,
3358 642 3448 694 καὶ
3505 643 3574 695 τά
3630 643 3755 713 ἑξῆς.
3787 648 3849 715 Τῷ

2365 729 2775 795 ἐξαποσταλέντι
2797 732 2899 783 ὑπὸ
2946 731 3038 783 τοῦ
3073 730 3321 800 Ὑψίστου
3366 730 3542 803 βοηθῷ
3594 734 3762 787 ἑαυτοῦ
3782 738 3850 791 καὶ

2364 822 2588 892 Σωτῆρι,
2615 821 2689 884 ὡς
2714 821 2779 876 ἂν
2824 822 3008 875 ἑαυτὸν
3038 822 3440 877 ταπεινώσαντα
3482 824 3569 877 διὰ
3592 825 3689 895 τῆς
3712 829 3851 898 μέχρις

2363 909 2657 980 ἀνθρώπων
2689 909 2931 977 καθόδου,
2958 910 3240 982 ῥυσαμένῳ
3293 929 3352 965 τε
3391 913 3490 983 τὴν
3532 913 3702 983 ψυχὴν
3729 918 3848 971 αὐτοῦ

2365 1001 2427 1053 ὲκ
2455 1001 2615 1070 μέσου
2662 1000 2929 1070 σκύμνων,
2958 1003 3241 1071 [ἐπιφωνεῖ
3292 1002 3463 1071 λέγων
3517 1006 3545 1057 ὁ
3597 1005 3849 1077 Προφήτης·

2377 1091 2616 1162 Ἐπειδὴ,
2638 1090 2729 1144 τοῦ
2752 1093 2946 1145 οἰκείου
2977 1093 3230 1164 μεγέθους
3244 1094 3604 1159 ὑποκαταϐὰς,
3632 1099 3716 1148 καὶ
3740 1114 3851 1150 σεαυ-

2364 1182 2453 1235 τὸν
2481 1182 2795 1253 σμικρύνας,
2845 1184 2940 1252 τῆς
2993 1183 3131 1253 ὲμῆς
3160 1184 3533 1256 ταπεινότητος
3570 1185 3853 1255 ἐφρόντισας,

2366 1270 2576 1341 ὲρῤύσω
2600 1289 2659 1324 τε
2684 1272 2779 1342 τὴν
2799 1270 2975 1341 ψυχήν
3010 1288 3107 1341 μου
3136 1275 3198 1325 ὲκ
3233 1275 3393 1345 μέσου
3430 1274 3536 1328 τῶν
3588 1270 3855 1346 προλεχθέν-

2364 1377 2488 1425 των,
2520 1361 2758 1431 ὑψώθητι
2798 1362 2995 1427 λοιπὸν,
3055 1363 3146 1416 καὶ
3195 1365 3538 1436 ἀπολάμϐανε
3558 1394 3563 1397 ι
3586 1366 3676 1419 τὸν
3704 1368 3856 1421 σαυτοῦ

2366 1450 2546 1521 θρόνον
2575 1453 2666 1505 καὶ
2696 1452 3122 1523 τὴνηπρέπουσάν
3148 1471 3229 1507 σοι
3262 1457 3319 1509 ὲν
3369 1456 3577 1527 οὐρανῷ
3612 1457 3855 1526 βασιλείαν.

2366 1544 2496 1596 Οὐδὲ
2533 1543 2701 1607 οὕτως
2725 1544 2830 1615 γὰρ
2882 1546 3369 1617 ἀποστερηθήσεται
3395 1550 3426 1618 ἡ
3454 1549 3522 1617 γῆ
3548 1548 3646 1617 τῆς
3674 1548 3759 1617 σῆς
3794 1548 3857 1601 δό-

2368 1632 2479 1703 ξης,
2508 1633 2607 1687 κᾶν
2632 1636 2688 1687 ὲν
2721 1635 2925 1706 οὐρανῷ
2946 1636 3236 1708 διατρίϐῃς.
3266 1636 3467 1709 ’Ὠσπερ
3495 1638 3601 1709 γὰρ
3626 1639 3774 1707 ἣλιος,
3793 1639 3859 1690 τὸν

2364 1730 2558 1779 οἰκεῖον
2590 1726 2859 1780 ἀποτελῶν
2910 1727 3122 1796 δρόμον,
3177 1729 3276 1780 οὐκ
3308 1729 3599 1800 ἀποστερεῖ
3632 1730 3745 1792 τοὺς
3793 1729 3861 1781 ἐπὶ

2366 1818 2468 1889 γῆς
2486 1819 2581 1889 τῆς
2639 1818 2828 1871 ἑαυτοῦ
2862 1819 3212 1889 λαμπηδόνος·
3275 1820 3365 1874 τὸν
3394 1820 3553 1874 αὐτὸν
3582 1822 3765 1891 τρόπον
3793 1822 3861 1873 καὶ

2368 1910 2451 1971 σὺ,
2469 1903 2513 1961 ὦ
2545 1909 2735 1979 Κύριε,
2770 1911 2815 1961 εί
2841 1909 2931 1962 καὶ
2954 1909 3020 1962 τά
3051 1909 3277 1979 μάλιστα
3302 1910 3368 1963 δι’
3401 1911 3694 1982 ὑπερϐολὴν
3723 1913 3861 1979 φιλαν

2366 1998 2607 2070 θρωπίας
2636 2000 2728 2053 τοῦ
2757 2001 3205 2071 καταπέμψαντός
3233 2019 3289 2055 σε
3348 2004 3558 2074 Πατρὺς
3607 2005 3753 2075 μέχρι
3790 2004 3862 2070 τῆς

2365 2090 2502 2159 ὲμῆς
2525 2092 2876 2162 σμικρότητος
2929 2091 3244 2161 ἐξητάσθης,
3298 2092 3408 2145 ἀλλ’
3454 2094 3689 2164 ὑψώθητι
3717 2094 3863 2147 λοιπὸν

2364 2181 2454 2231 ἐπὶ
2496 2182 2619 2244 τοὺς
2637 2183 2909 2253 οὐρανοὺς,
2953 2182 3047 2235 καὶ
3082 2183 3193 2243 τοῖς
3238 2180 3453 2244 κόλποις
3475 2184 3573 2252 τῆς
3630 2183 3865 2255 Πατρικῆς

2366 2268 2609 2340 θεότητος
2631 2272 2867 2333 ὲνοικῶν,
2904 2272 3106 2341 πλήρου
3163 2272 3258 2341 τῆς
3285 2270 3475 2324 σαυτοῦ
3526 2273 3678 2343 δόξης
3726 2276 3864 2326 πᾶσαν

2363 2360 2459 2430 τὴν
2484 2361 2603 2430 γῆν.
2628 2362 2781 2430 Λέγω
2810 2362 2864 2414 δὲ
2891 2363 3058 2425 ταῦτα
3092 2362 3326 2426 εἰκότως,
3356 2363 3411 2415 ὲν
3445 2364 3734 2433 ἀμεριμνίᾳ
3760 2381 3866 2417 παν-

2364 2451 2451 2514 τὸς
2474 2452 2638 2505 κακοῦ
2680 2451 2933 2520 γεγονὼς,
2955 2453 3047 2504 καὶ
3082 2452 3188 2504 τῶν
3228 2452 3622 2524 προλεχθέντων
3655 2453 3867 2522 σκύμνων

2366 2544 2457 2596 κα)⁵
2475 2542 2699 2595 λεόντων
2723 2543 2809 2597 διά
2837 2542 2935 2611 τῆς
2961 2544 3056 2614 σῆς
3108 2545 3403 2614 ἐπισκοπῆς
3447 2544 3678 2615 ρυσθείς·
3713 2546 3869 2606 οἵτινες

2364 2631 2611 2701 παγίδας
2649 2632 2976 2701 ἡτοίμασαν
3005 2633 3125 2698 τοῖς
3176 2635 3318 2687 ποσί
3342 2652 3478 2703 μου,
3538 2637 3648 2700 καὶ,
3691 2634 3748 2689 τὸ
3775 2637 3869 2687 ὅσον

2362 2726 2446 2777 ἐπ’
2472 2725 2666 2788 αὐτοῖς,
2692 2726 3071 2793 κατέκαμψαν
3100 2725 3212 2793 τὴν
3246 2725 3453 2794 ψυχήν
3475 2743 3613 2795 μου·
3654 2724 3777 2780 ἀλλά
3798 2726 3873 2779 καὶ

2362 2815 2594 2883 ὤρυξαν
2621 2818 2732 2885 πρὸ
2764 2816 3080 2885 προσώπου
3106 2836 3220 2887 μου
3237 2818 3479 2886 βόθρον.
3497 2818 3680 2873 Ταῦτα
3703 2819 3755 2873 δὲ
3775 2817 3872 2871 καθ’

2363 2906 2586 2970 ἑαυτῶν,
2613 2908 2723 2961 ἀλλ’
2742 2910 2801 2960 ού
2833 2908 2949 2960 κατ’
2968 2908 3097 2978 ἐμοῦ
3128 2906 3213 2961 διὰ
3245 2910 3344 2979 τὴν
3366 2909 3461 2978 σὴν
3491 2910 3697 2985 σκέπην
3719 2908 3875 2983 εἰργά-

2363 3012 2539 3049 σαντο.
2579 2996 2854 3069 Ἐφθασαν
2877 2996 2983 3068 γὰρ
3027 3000 3177 3052 αὐτοὶ
3204 3000 3394 3069 μᾶλλον
3427 2988 3507 3063 είς
3560 3000 3650 3053 τὸν
3697 2998 3875 3052 ἑαυτῶν

2361 3090 2751 3152 καταπεσόντες
2782 3089 2986 3160 βόθρον.
3034 3090 3227 3161 Διόπερ
3250 3090 3433 3160 ἐπειδὴ
3467 3092 3639 3149 ταῦτα
3669 3091 3878 3161 είργάσω

2286 3200 2330 3258 C
2363 3181 2424 3234 σὺ
2458 3183 2485 3234 ό
2514 3180 2911 3250 ἀπεσταλμένος
2933 3181 3034 3233 ὑπὸ
3060 3181 3150 3234 τοῦ
3174 3181 3400 3250 Πατρὸς,
3430 3180 3671 3252 ὑψώθητι
3701 3182 3876 3244 λοιπὸν,

2358 3272 2450 3325 καὶ
2482 3271 2826 3342 ἀπολάμϐανε
2851 3271 2950 3334 τὰς
2969 3268 3264 3341 οὐρανίους,
3289 3271 3363 3332 ὡς
3392 3271 3593 3336 οἰκείας
3637 3272 3731 3327 καὶ
3776 3288 3877 3323 συν-

2357 3363 2504 3434 ήθεις
2529 3367 2591 3435 τῇ
2624 3367 2687 3435 σῇ
2724 3363 2931 3433 θεότητι
2958 3363 3246 3435 διατριϐάς.

2438 3473 2661 3542 Ἐτοίμη
2698 3475 2737 3541 ή
2775 3474 2982 3548 καρδία
3008 3491 3145 3543 μου,
3190 3476 3221 3526 ό
3251 3473 3424 3539 Θεὸς,
3470 3474 3673 3544 ἑτοίμη
3702 3474 3739 3541 ἡ
3768 3488 3881 3538 καρο

2356 3564 2453 3619 δία
2468 3582 2605 3633 μου,
2633 3563 2848 3632 ᾄσομαι
2872 3565 2967 3617 καὶ
3004 3563 3199 3632 ψαλῶ,
3230 3556 3331 3616 καὶ
3358 3563 3421 3617 τά
3446 3564 3588 3633 ἑξῆς.
3636 3565 3693 3617 '0
3719 3562 3881 3630 Σωτὴρ

2358 3658 2414 3709 ὲν
2433 3656 2547 3717 ταῖς
2570 3654 2701 3724 πρὸς
2729 3657 2850 3718 τοὺς
2892 3655 3133 3726 μαθητὰς
3186 3655 3547 3719 διδασκαλίαις
3578 3654 3728 3708 ταῦτ’
3760 3656 3881 3721 sign-

2358 3741 2466 3805 κὼς
2499 3742 2734 3812 περὶτοῦ
2765 3741 2916 3809 ἁγίου
2942 3743 3272 3813 Πνεύματος⁸
3320 3743 3452 3796 Ἐὰν
3487 3743 3752 3813 ἀγαπᾶτε
3777 3742 3883 3809 ἐμὲ,

2356 3832 2459 3898 τὰς
2488 3828 2734 3897 ἐντολὰς
2761 3832 2865 3897 τὰς
2891 3831 3034 3899 ἐμὰς
3054 3831 3364 3898 τηρήσατε·
3383 3832 3478 3884 καὶ
3495 3830 3609 3900 ἐγὼ
3635 3830 3885 3899 ἐρωτήσω

2354 3924 2459 3977 τόν
2483 3923 2725 3991 Πατέρα,
2770 3923 2866 3978 καὶ
2911 3923 3098 3977 ἄλλον
3125 3922 3507 3991 Παρὰκλητον
3532 3922 3727 3976 δώσει
3746 3921 3885 3989 ὑμῖν,

2356 4016 2453 4067 ἵνα
2478 4010 2517 4085 ᾖ
2545 4016 2669 4083 μεθ’
2707 4012 2869 4082 ὑμῶν
2890 4015 2974 4079 εὶς
3028 4012 3132 4065 τόν
3164 4012 3364 4075 αἰῶνα,
3397 4012 3460 4065 τὸ
3508 4012 3755 4081 Πνεῦμα
3794 4010 3884 4076 τῆς

2354 4106 2651 4171 ἀληθείαςο
2698 4107 2789 4158 καὶ
2820 4103 2996 4159 πάλιν·
3058 4104 3241 4156 Ταῦτα
3264 4101 3571 4169 λελάληκα
3603 4102 3748 4171 ὑμῖν
3769 4099 3886 4165 παρ’

2353 4196 2493 4263 ὑμῖν
2537 4196 2747 4264 μένων·
2804 4199 2835 4248 d
2883 4194 2949 4247 δὲ
2994 4194 3397 4262 Παράκλητος,
3446 4193 3513 4246 τὸ
3540 4192 3789 4260 Πνεῦμα
3831 4187 3886 4239 τό

2354 4294 2519 4361 ἅγιον
2556 4292 2585 4345 ὅ
2607 4292 2821 4360 πέμψει
2851 4295 2882 4344 ό
2910 4290 3105 4357 Πατήρ
3133 4308 3248 4358 μου
3277 4290 3344 4341 ἐν
3374 4288 3452 4354 τῷ
3488 4282 3740 4358 ὀνόματί
3763 4304 3887 4355 μου,

2353 4384 2575 4448 ἐκεῖνος
2605 4381 2758 4451 ὑμᾶς
2782 4380 3001 4444 διδάξει
3032 4380 3222 4434 πάντα
3249 4378 3347 4431 καὶ
3399 4379 3759 4445 ὑπομνήσει·
3811 4376 3890 4427 καὶ

2353 4471 2523 4536 αὖθις·
2559 4474 2677 4524 Ἔτι
2712 4471 2908 4525 πολλὰ
2934 4471 3049 4538 ἔχω
3100 4468 3296 4537 λέγειν
3324 4466 3483 4535 ὑμῖν,
3527 4467 3671 4519 ἀλλ’
3702 4470 3770 4521 οὐ
3805 4464 3891 4517 δύ-

720 4584 843 4639 tem,
873 4573 994 4641 quia
1025 4572 1086 4624 de
1124 4588 1234 4626 meo
1282 4571 1518 4638 accipiet,
1562 4577 1611 4622 et
1667 4556 1996 4622 annuntiabit
2029 4573 2248 4625 vobis".

2357 4570 2535 4621 νασθε
2559 4562 2879 4630 βαστάζειν
2916 4562 3063 4630 ἄρτι.
3103 4560 3275 4612 Ὅταν
3300 4556 3366 4610 δὲ
3401 4556 3547 4623 ἔλθῃ
3580 4544 3810 4620 ἐκεῖνος
3835 4554 3890 4605 τό

721 4663 930 4729 Quibus
960 4662 1195 4714 declarat
1227 4661 1430 4728 majora
1465 4661 1553 4713 illa
1588 4676 1684 4714 sua
1715 4676 1855 4724 esse,
1892 4675 2051 4730 quam
2086 4669 2145 4713 ut
2186 4662 2252 4716 ab

720 4749 980 4821 apostolis
1024 4756 1373 4817 caperentur:
1412 4746 1528 4801 Non
1562 4748 1702 4802 enim
1744 4750 2002 4818 potestis,
2042 4748 2247 4818 inquit,

717 4850 934 4914 portare
967 4861 979 4895 :
1013 4841 1105 4896 sed
1157 4842 1415 4911 Spiritum
1472 4843 1714 4898 veritatis
1760 4859 1827 4897 ex
1879 4859 1938 4899 se
1970 4844 2153 4897 datum
2189 4851 2259 4898 et

720 4931 978 5000 apostolis
1024 4929 1093 4983 ab
1129 4945 1186 4983 se
1227 4930 1470 4991 missum,
1518 4931 1963 4984 annuntiaturum
2003 4932 2079 4984 ait
2118 4929 2250 5001 ipsis

718 5037 931 5094 omnem
957 5022 1255 5077 veritatem.
1295 5018 1447 5084 Quod
1485 5020 1531 5074 si
1578 5020 1693 5074 haec
1734 5021 1813 5074 sic
1848 5022 2246 5094 intelligantur,

717 5110 836 5181 iure
870 5110 1056 5170 David,
1095 5112 1379 5179 postquam
1402 5110 1510 5164 Deo
1553 5110 1609 5163 in
1658 5110 1742 5165 sui
1786 5112 2041 5165 auxilium
2082 5112 2250 5166 misso

718 5200 951 5261 dixerat,
984 5199 1235 5252 Exaltare
1273 5214 1423 5265 super
1448 5200 1629 5263 oculos,
1662 5199 1821 5262 Deus,
1854 5210 1902 5253 et
1940 5217 2090 5269 super
2139 5218 2250 5255 om-

688 5308 833 5344 anem
884 5301 1074 5343 terram
1103 5291 1271 5359 gloria
1316 5300 1438 5353 tua;
1469 5298 1622 5360 rogat
1669 5291 1861 5346 exinde
1900 5294 2141 5347 eumdem
2189 5300 2249 5346 ut

716 5383 821 5437 sibi
853 5382 1031 5435 mittat
1049 5380 1303 5450 Spiritum
1332 5366 1689 5444 Paracletum,
1724 5382 2127 5451 propheticum;
2153 5398 2247 5452 pa-

717 5483 894 5529 ratum
926 5487 1047 5527 sese
1071 5472 1253 5527 dicens
1283 5471 1346 5524 ad
1369 5471 1737 5539 excipiendum
1762 5487 1882 5526 eum
1914 5490 1927 5526 :
1962 5480 2243 5541 purgatum

719 5566 923 5624 scilicet
941 5578 1063 5619 esse
1095 5563 1349 5631 templum
1373 5562 1426 5615 in
1455 5578 1511 5616 se
1546 5563 1801 5630 positum,
1829 5569 1882 5615 et
1918 5563 2109 5617 animae
2134 5580 2245 5619 sum

716 5652 1147 5721 receptaculum;
1178 5649 1429 5704 nimirum
1464 5650 1635 5719 ipsam
1666 5656 1916 5715 mentem,
1953 5665 2112 5720 quam
2140 5657 2242 5703 tro-

2355 4660 2592 4727 Πνεῦμα
2616 4656 2722 4726 τῆς
2752 4655 3051 4723 ἀληθείας,
3080 4650 3417 4720 διηγήσεται
3443 4647 3590 4716 ὑμῖν
3613 4648 3732 4715 τὴν
3763 4646 3893 4713 alii»

2357 4753 2536 4815 θειαν,
2572 4749 2658 4803 ὅτι
2702 4749 2770 4801 ἐκ
2813 4746 2920 4799 τοῦ
2968 4743 3111 4814 ἐμοῦ
3174 4739 3374 4808 λήψει,
3431 4739 3528 4791 καὶ
3590 4737 3899 4806 ἀναγγελεῖ

2354 4841 2509 4909 ὑμῖν.
2544 4842 2619 4891 Δι’
2654 4834 2728 4892 ὧν
2758 4837 3047 4908 παρίστησι
3101 4832 3312 4902 μείζονα
3357 4830 3452 4900 μὲν
3474 4825 3621 4881 εἶναι
3680 4828 3748 4881 τά
3780 4828 3893 4896 παρ’

2354 4930 2511 4983 αὐτοῦ
2557 4930 2651 4983 mi.
2686 4930 2759 5000 μὴ
2820 4927 3133 4998 χωρούμενα
3160 4923 3261 4974 ὑπὸ
3301 4921 3406 4973 τῶν
3460 4920 3795 5003 ἀποστόλων·
3830 4918 3893 4970 0τό

2354 5023 2458 5094 γὰρ
2506 5023 2747 5083 δύνασθε,
2801 5022 2950 5090 φησὶ,
3014 5015 3312 5086 βαστάζειν·
3359 5012 3419 5065 τὸ
3446 5011 3503 5062 δὲ
3536 5011 3771 5081 Πνεῦμα
3806 5009 3892 5075 τῆς

2352 5112 2601 5183 ἀληθείας
2624 5112 2682 5164 τὸ
2705 5112 2763 5175 ἐξ
2788 5109 2945 5163 αὑτοῦ
2990 5106 3378 5178 χορηγούμενον
3417 5103 3511 5155 καὶ
3533 5107 3650 5165 τοῖς
3684 5102 3899 5155 ἀποστό-

2350 5200 2458 5264 λοις
2482 5203 2568 5253 ὑπ’
2585 5201 2742 5253 αὐτοῦ
2769 5199 3108 5269 πεμπόμενον
3140 5192 3487 5261 ἁναγγέλλειν
3515 5191 3709 5255 αὐτοῖς
3732 5193 3893 5245 πᾶσαν

2351 5284 2444 5355 τὴν
2472 5286 2736 5355 ἀλήθειαν.
2772 5287 2833 5337 Εἰ
2856 5284 2918 5353 δὴ
2947 5279 3035 5336 οὖν
3063 5282 3229 5335 ταῦτα
3261 5278 3519 5347 νενόηται,
3562 5280 3794 5343 εἰκότως
3816 5282 3899 5331 καὶ

2351 5376 2378 5426 ὁ
2403 5375 2559 5428 Δαυῖδ
2580 5376 2655 5445 τῷ
2688 5373 3067 5442 ἀπεσταλμένη)
3100 5370 3215 5439 Θεῷ
3237 5370 3311 5430 είς
3330 5367 3424 5436 τὴν
3450 5367 3620 5420 αὐτοῦ
3663 5368 3899 5440 ϐοήθειαν

2351 5470 2648 5538 προφήσας,
2687 5466 2973 5534 Ὑψώθητι
3012 5463 3107 5517 ἐπὶ
3160 5460 3297 5524 τοὺς
3325 5457 3646 5524 οὐρανοὺς,
3678 5465 3713 5512 ὁ
3746 5462 3899 5521 Θεὸς,

2350 5558 2598 5615 κα1,ἐπὶ
2651 5553 2851 5610 πᾶσαν
2904 5554 3015 5622 τὴν
3047 5551 3160 5622 γῆν
3196 5547 3232 5618 ή
3292 5547 3437 5610 δόξα
3493 5562 3639 5610 σου,
3681 5546 3900 5599 ἱκετεύει

2350 5649 2473 5718 ἑξῆς
2503 5648 2591 5702 τὸν
2647 5647 2804 5701 αὑτὸν
2853 5645 3196 5717 καταπέμψαι
3247 5638 3390 5709 αύτῷ
3442 5640 3502 5693 τὸ
3552 5638 3790 5710 Πνεῦμα
3823 5639 3900 5689 τω

815 5803 1027 5858 "'Joan.
1066 5818 1173 5869 xw,
1212 5803 1389 5857 13-17.
1468 5805 1507 5837 ³⁸
1548 5804 1674 5860 ibid.
1708 5806 1898 5869 25,20.
1977 5803 2193 5859 “Joan.
2232 5819 2339 5867 xvi,
2369 5800 2560 5868 1·2,15.
