3966 6348
88 406 178 461 513
1180 400 1672 458 COMMENTARIA
1711 402 1774 456 lN
1815 402 2146 459 PSALMOS.

3160 417 3261 472 5N.

92 518 442 590 ίῐαράκλητον,
490 518 549 571 τὸ
600 517 961 588 προφητικὸν,
992 518 1203 589 ἕτοιμον
1253 515 1387 572 εἶναι
1437 519 1614 573 tauro»

1726 521 1843 587 pice
1880 535 1974 572 cor
2002 519 2280 591 Scriptura
2311 523 2447 578 solet
2468 524 2737 594 appellare
2764 544 2777 581 :
2807 527 2948 596 quod
2978 529 3063 585 bis
3095 533 3265 603 signi-

88 611 292 679 1ιέισκων
322 610 400 671 είς
423 607 685 679 ’ὑποδοχήν
706 605 884 660 αὐτοῦ·
923 607 1253 683 κεκαθάρθαι
1282 608 1388 679 γὰρ
1413 608 1502 661 τὸν
1559 608 1617 661 ὲν

84 700 214 770 αὺτῷ
238 700 360 753 ναὸν
388 702 480 753 καὶ
530 699 590 753 τὸ
620 699 819 770 δοχεῖον
868 699 962 769 τῆς
1003 698 1164 751 αὑτοῦ
1195 698 1389 769 ψυχῆςο
1419 699 1615 770 δηλαδὴ

83 795 165 863 τὴν
191 791 353 864 αὐτὴν
377 792 630 856 διάνοιαν,
660 793 724 862 ἣν
744 790 1010 861 τροπικῶς
1036 790 1257 862 καρδίαν
1297 788 1479 843 εῐωθεν
1505 790 1617 843 ὀνο-

82 882 257 953 μάζειν
310 886 339 936 ὀ
399 883 570 953 λόγος’
614 882 641 935 ὅ
686 882 749 953 δὴ
802 882 1089 953 παρίστησι
1138 881 1325 947 λέγων’
1384 881 1613 949 Ἐτοίμη

82 981 112 1045 ἡ
139 975 344 1044 καρδία
385 994 525 1044 μου,
562 979 593 1029 ό
633 975 792 1040 Θεὸς,
828 975 1028 1044 ἑτοίμη
1056 976 1092 1042 ἡ
1121 973 1328 1041 καρδία
1366 991 1510 1054 μου..
1552 974 1615 1025 Ἠ

81 1071 167 1137 μὲν
221 1063 311 1120 οὖν
357 1067 463 1137 ἐμὴ
522 1067 714 1137 καρδία
770 1068 863 1120 καὶ
919 1068 978 1118 τὸ
1025 1067 1355 1137 διανοητικὺν
1404 1067 1614 1135 ἕτοιμον

82 1158 335 1227 unum,
384 1157 534 1227 φησί.
600 1158 671 1210 Σὺ
720 1158 775 1210 δὲ
819 1158 999 1211 λοιπὸν
1045 1157 1365 1227 κατάπεμπέ
1414 1174 1506 1210 σου
1558 1157 1617 1210 τὸ

81 1250 304 1318 Πνεῦμα.
368 1248 710 1311 Ἐπιστάντος
754 1250 859 1319 γάρ
891 1248 1052 1302 αὑτοῦ
1107 1250 1197 1302 καὶ
1260 1248 1614 1319 ὲποχουμένου

79 1344 136 1411 τῇ
169 1344 269 1411 ἐμῇ
290 1342 454 1411 ψυχῇ,
488 1340 731 1411 συνήθως
749 1340 965 1409 ᾄσομαι
989 1341 1083 1393 καὶ
1110 1341 1302 1409 ψαλῶ,
1334 1342 1428 1411 τὴν
1451 1342 1618 1410 ἐμαυ-

79 1430 162 1483 τοῦ
180 1431 441 1485 διακονίαν
466 1432 557 1484 καὶ
598 1431 890 1502 ὑπηρεσίαν
918 1431 1162 1502 παρέχων
1188 1434 1253 1501 τῇ
1275 1430 1494 1499 δυνάμει
1524 1430 1615 1482 τοῦ

80 1519 398 1592 προφητικοῦ
424 1519 874 1591 Πνεύματος.Καὶ
905 1522 1054 1574 ταῦτ’
1072 1519 1256 1583 εἰπὼν,
1281 1520 1617 1591 παραχρῆμά

80 1627 133 1663 τε
188 1611 551 1674 εἰσακουσθεὶς
603 1612 741 1665 κατὰ
788 1613 880 1676 τὸ,
935 1614 1061 1677 Ἔτι
1107 1612 1440 1678 λαλοῦντός
1501 1630 1614 1667 σου

80 1700 193 1770 ἐρεῖν
241 1704 378 1757 Ἰδοὺ
407 1703 661 1773 πάρειμι,
687 1703 975 1774 συνήσθετο
1017 1704 1114 1773 τῆς
1154 1703 1245 1756 τοῦ
1270 1705 1420 1772 ἁγίου
1450 1703 1617 1756 Πνεύ-

84 1808 235 1862 ματος
264 1792 578 1862 παρουσίας.
614 1788 724 1845 Εἶθ’
774 1792 958 1862 ὥσπερ
998 1790 1088 1845 ἐπὶ
1140 1790 1327 1863 θύραις
1366 1790 1614 1853 ἑστῶτος,

1722 612 1865 677 licat,
1899 610 2151 667 Paratum
2178 631 2267 668 cor
2291 632 2481 679 meum,
2501 615 2660 681 Deus,
2690 630 2936 687 paratum
2959 638 3049 675 cor
3073 640 3262 682 meum.

1721 702 1827 758 Cor
1891 704 2052 773 igitur
2095 722 2293 772 meum,
2327 722 2389 762 ac
2436 708 2519 761 vis
2568 710 2898 781 intelligendi
2935 724 3120 782 parata
3159 727 3263 773 est.
3297 702 3306 713 ’

1722 794 1802 849 Tu
1842 812 1970 850 vero
2021 798 2235 853 tandem
2283 800 2469 853 emitte
2505 798 2761 868 Spiritum
2816 810 2991 857 tuum.
3036 803 3261 862 Astante

1720 889 1919 957 quippe
1952 889 2061 955 illo,
2082 899 2135 943 et
2166 890 2358 946 animae
2385 906 2516 947 mea:
2547 894 2831 957 insidente,
2868 910 2968 963 pro
3000 907 3264 951 consueto

1719 996 1869 1037 more
1891 983 2111 1036 cantabo
2142 994 2189 1038 et
2228 985 2487 1054 psalmum
2516 986 2711 1050 dicam,
2734 1003 2995 1057 Opemque
3016 998 3265 1043 meamet

1720 1074 2081 1128 ministerium
2136 1077 2321 1130 virtuti
2372 1078 2672 1148 prophetici
2710 1079 2931 1148 spiritus
2977 1081 3260 1147 prmstabo.

1720 1162 1924 1234 Hisque
1956 1168 2137 1228 dictis,
2181 1173 2361 1223 statim
2411 1170 2717 1235 exauditus,
2768 1172 3060 1226 secundum
3108 1172 3261 1236 illud,

1720 1257 1900 1310 Adhuc
1937 1267 1984 1311 te
2023 1258 2280 1328 loquente,
2305 1260 2521 1314 dicam:
2554 1260 2685 1316 Ecce
2724 1260 2988 1324 adsum”,
3028 1260 3264 1331 Spiritus

1720 1347 1893 1401 sancti
1923 1337 2265 1416 praesentiam
2299 1351 2696 1406 animadvertit.
2728 1350 2930 1406 Deinde
2959 1332 3110 1421 quasi
3146 1353 3263 1422 ipso

1720 1440 1773 1493 in
1799 1440 1981 1506 januis
2014 1449 2213 1503 stante,
2246 1444 2582 1497 convertitur
2615 1436 2904 1511 Propheta,
2934 1459 3158 1510 seseque
3192 1443 3260 1497 ad
3332 1493 3339 1500 .

1720 1531 2080 1585 ministerium
2116 1532 2407 1602 prophetia:
2436 1534 2635 1587 excitat
2666 1552 2678 1586 :
2716 1548 2885 1602 quare
2931 1533 3208 1603 subjungit
3241 1552 3258 1588 :

1720 1618 1977 1695 Exsurge,
2022 1622 2189 1689 gloria
2234 1639 2368 1676 mea.
2404 1621 2586 1676 Gloria
2634 1638 2750 1675 mea
2796 1632 2879 1677 est
2920 1624 3261 1694 prophetare.

1720 1711 1881 1766 Addit
1912 1722 2117 1782 postea,
2153 1712 2407 1783 Exsurge,
2439 1714 2745 1783 psalterium
2772 1726 2819 1768 et
2845 1716 3050 1770 cithara
3070 1734 3088 1771 :
3115 1718 3263 1787 psal-

1720 1803 1858 1856 terio
1922 1804 2180 1866 animam,
2222 1794 2443 1857 cithara'
2484 1818 2679 1873 corpus
2734 1806 3119 1873 subindicans;
3149 1808 3264 1862 sive

82 1885 444 1957 ἐπιστρέφεται
476 1887 504 1937 ὁ
534 1885 842 1957 Προφήτης,
861 1884 951 1936 καὶ
970 1882 1216 1954 διεγείρει
1244 1884 1402 1945 αὐτὸς
1430 1883 1614 1936 ἑαυτὸν

1722 1894 1835 1947 hate
1869 1894 1980 1963 ipsa
2004 1895 2163 1949 solita
2189 1894 2546 1948 instrumenta
2581 1896 2829 1949 manibus
2872 1898 3161 1966 arripiens,
3192 1899 3261 1954 ad

81 1976 163 2028 ἐπὶ
207 1975 302 2047 τὴν
355 1975 626 2028 διακονίαν
668 1976 765 2045 τῆς
819 1975 1168 2046 προφητείας
1217 1974 1295 2028 διὸ
1350 1974 1615 2046 ἐπιφέρει·

94 2066 459 2140 νιξιίξι-τγέρθητι,
494 2067 532 2134 ἠ
558 2066 704 2130 δόξα
717 2083 853 2136 μου.
887 2065 1019 2129 Δόξα
1052 2081 1149 2137 μου
1179 2066 1291 2118 ἐστὶ
1325 2064 1383 2117 τὸ
1412 2081 1621 2135 προφη-

82 2159 261 2212 τεύειν.
293 2156 402 2213 Εἶτ’
428 2159 684 2227 ἐπιλέγει·
725 2157 1106 2227 Ἐξετέρθητι,
1151 2157 1483 2227 ψαλτήριον
1521 2156 1619 2210 καί

84 2250 290 2319 κιθάρα·
332 2253 425 2323 τὴν
458 2252 556 2322 μὲν
583 2251 758 2322 ψυχὴν
790 2251 877 2303 διὰ
927 2249 1019 2303 τοῦ
1071 2249 1386 2321 ψαλτηρίου,
1418 2249 1514 2320 τὴν
1564 2249 1619 2301 δὲ

83 2344 294 2415 κιθάραν
320 2344 406 2398 διὰ
456 2342 550 2396 τοῦ
581 2342 828 2414 σώματος
877 2341 1257 2412 αἰνιττόμενος
1294 2341 1447 2411 ἢκαὶ
1485 2340 1621 2393 αὺτά

84 2436 141 2488 τὰ
172 2436 366 2506 συνήθη
390 2436 592 2507 δργανα
621 2437 739 2497 ταῖς
766 2434 952 2504 χερσὶν
982 2432 1393 2503 ἀναλαμϐάνων,
1423 2433 1513 2485 ἐπὶ
1543 2430 1619 2501 τῷ

83 2525 495 2597 ἀνακρούσασθαι
513 2525 582 2577 τὰ
605 2524 708 2577 ὑπὸ
735 2523 827 2576 τοῦ
854 2522 1164 2593 Πνεύματος
1194 2523 1614 2592 ὺποϐαλλόμενα.

85 2618 179 2670 Καὶ
199 2618 401 2680 τούτοις
432 2614 750 2686 προστίθησι
772 2614 961 2681 λέγων’
1007 2614 1486 2684 Ἑξετερθήσομιιι
1524 2598 1617 2682 ὄλ)-

86 2714 228 2777 θρου.
259 2711 411 2781 ’Δρτι
442 2708 551 2779 γὰρ
601 2704 885 2774 φωτισθεὶς
913 2706 997 2759 διά
1040 2706 1137 2777 τῆς
1163 2705 1257 2759 τοῦ
1304 2704 1616 2775 Πνεύματος

86 2801 382 2870 παρουσίας.
436 2803 493 2852 ὲν
537 2799 715 2876 quia;
769 2815 828 2851 τε
881 2798 1022 2851 θείου
1078 2798 1249 2866 φωτὸς
1310 2798 1613 2866 γενόμενος,

86 2893 277 2963 ἕτοιμός
303 2894 414 2963 είμι
438 2880 815 2963 προφητεύειν.
848 2892 956 2943 Καὶ
980 2889 1127 2943 ταῦτ’
1153 2887 1342 2955 είπὼν,
1367 2887 1617 2959 ἀνατίθη-

89 3003 160 3037 σιν
182 2986 291 3038 δλον
320 2985 506 3037 ἑαυτὸν
538 2984 614 3055 τῷ
657 2982 947 3052 Πνεύματι·
992 2983 1054 3035 τὸ
1082 2981 1137 3035 δὲ
1174 2983 1249 3046 ὡς
1302 2981 1366 3035 δι’
1388 2982 1614 3053 ὀργάνου

86 3077 162 3129 διὰ
190 3077 274 3133 τοῦ
304 3078 577 3149 προφήτου
627 3073 843 3144 ἀγαθῶν
892 3074 1239 3143 ἀπαγγέλλει,
1294 3072 1396 3127 ἀνὰ
1454 3074 1615 3126 πᾶσιν

88 3169 467 3238 εὐαγγελίζεται
507 3170 638 3234 τοῖς,
670 3166 843 3220 ἔθνεσι
879 3165 1105 3233 φάσκον·
1150 3161 1615 3234 Ἐξομολογὴονοο

84 3264 177 3329 μαι
198 3276 292 3316 σοι
324 3263 392 3315 ἐν
433 3260 621 3327 λαοῖς,
674 3261 867 3327 Κύριε,
909 3258 1083 3325 ψαλῶ
1137 3274 1232 3311 σοι
1258 3257 1327 3309 ἐν
1355 3256 1611 3311 ἔθνεσιν.

99 3352 295 3423 Ἐπειδὴ
319 3351 424 3421 γὰρ
461 3350 554 3403 ἐπὶ
610 3348 702 3402 τοῦ
762 3346 1023 3419 παρόντος
1062 3346 1122 3399 τὸ
1180 3346 1440 3400 Ἰουδαίων
1468 3345 1615 3409 ἔθνος

89 3446 168 3497 καὶ
198 3446 225 3496 ό
252 3443 448 3496 τούτων
501 3441 625 3504 λαὸς
644 3440 767 3503 τοὺς
792 3440 915 3501 σοὺς
940 3437 1149 3491 ἐλαύνει
1183 3440 1483 3509 προφήτας,
1542 3438 1617 3500 ὡς
1642 3492 1645 3495 λ

91 3536 294 3604 μηδενὸς
316 3534 479 3587 τόπου
529 3532 868 3603 παραχωρεῖν
915 3531 1110 3593 αὐτοῖς·
1142 3528 1290 3581 ἔσται
1333 3528 1390 3581 δὲ
1429 3530 1616 3600 καιρὸς

88 3624 195 3679 καθ’
224 3626 275 3678 δν
304 3627 477 3679 πάντα
504 3624 571 3677 τά
596 3625 686 3676 ἐπὶ
719 3626 822 3694 γῆς
851 3621 975 3693 ἔθνη
1002 3622 1093 3673 καὶ
1126 3621 1322 3682 πάντες
1348 3621 1393 3671 οἱ
1437 3622 1493 3674 ὲν
1524 3621 1616 3673 ἀν-

88 3716 303 3788 θρώποις
330 3716 445 3770 λαοὶ
475 3715 568 3769 τοῦ
604 3714 696 3768 σοῦ
743 3714 888 3767 ἐλέου
947 3712 1275 3784 μεθέξουσιν,
1310 3710 1383 3773 ὡς
1410 3711 1508 3780 ἐμὲ
1555 3712 1616 3763 τὸ

88 3810 395 3881 προφητικὸν
421 3807 643 3879 Πνεῦμα
667 3807 873 3868 πάντας
891 3805 1097 3877 ἀθρόως
1137 3802 1293 3865 λαοὺς
1336 3801 1614 3872 πληρῶσαι

88 3901 248 3973 καιρῷ
275 3902 347 3974 τῷ
396 3900 784 3972 θεσπιζομένῳ,
843 3900 1127 3969 γενόμενον
1176 3900 1233 3950 ὲν
1287 3897 1486 3958 αὐτοῖς,
1523 3898 1614 3948 καὶ

88 3990 556 4064 ἐξομολογήσασθαι
588 4009 667 4045 σοι
687 3994 778 4045 καὶ
794 3990 1197 4061 εὐχαριστῆσαι,
1239 3988 1325 4043 ὅτε
1351 3988 1443 4041 καὶ⁷
1461 3986 1613 4056 ψαλῶ

88 4098 181 4145 σοι,
212 4084 302 4137 οὐκ
328 4086 384 4137 ὲν
413 4083 492 4154 τῷ
528 4082 792 4137 Ἰουδαίων
820 4080 952 4150 λαῷ,
975 4079 1087 4133 ἀλλ’
1112 4080 1169 4131 ὲν
1197 4079 1328 4131 πᾶσι
1357 4080 1465 4141 τοῖς
1493 4078 1611 4131 καθ’

86 4172 201 4244 ὅλης
248 4177 337 4246 τῆς
381 4175 699 4244 οἰκουμένης
763 4171 969 4226 ἔθνεσι·
1028 4170 1215 4223 τούτου
1270 4170 1427 4242 χάριν
1451 4169 1611 4241 φημίο

99 4265 605 4336 Ἐξομολογήονομαί
647 4280 743 4319 σοι
782 4265 851 4318 ἐν
877 4263 1064 4330 λαοῖς,
1099 4264 1291 4331 Κύριε,
1323 4262 1496 4332 ψαλῶ
1519 4278 1617 4318 σοι

87 4357 147 4411 ἐν
170 4354 379 4414 ἔθνεσι.
413 4359 487 4413 Τὸ
510 4359 567 4412 δὲ
594 4356 784 4410 τούτου
806 4358 998 4420 αἴτιον,
1028 4357 1171 4426 λέγω
1227 4356 1284 4410 δὲ
1308 4358 1367 4410 τὸ
1400 4358 1457 4409 ὲν
1481 4358 1613 4410 πᾶσι

86 4449 185 4511 τοῖς
214 4448 325 4502 καθ’
352 4448 479 4520 ὅλης
502 4447 600 4518 τῆς
623 4446 940 4518 οἰκουμένης
988 4447 1132 4510 λαοῖς
1176 4445 1270 4500 καὶ
1305 4447 1454 4518 παρὰ
1481 4446 1613 4498 πᾶσι

1720 1998 1782 2037 ea
1804 1984 2064 2052 pulsanda
2099 2000 2217 2055 qua:
2252 1982 2483 2054 Spiritus
2529 1987 2871 2055 suggesserit.
2914 1985 3009 2043 His
3052 1988 3258 2058 adjicit,

1721 2073 2017 2146 Exsurgam
2040 2077 2293 2132 diluculo.
2331 2076 2487 2130 Modo
2510 2078 2652 2131 enim
2702 2075 2933 2147 Spiritus
2975 2082 3261 2149 praesentia

1718 2164 2074 2226 illuminat'us.
2101 2174 2156 2221 et
2184 2167 2237 2219 in
2261 2164 2349 2221 die
2389 2164 2586 2222 divina:
2609 2166 2747 2219 lucis
2776 2167 3004 2235 positus,
3038 2173 3258 2236 paratus

1717 2271 1834 2311 sum
1866 2258 1930 2311 ad
1988 2258 2440 2327 prophetandum.
2476 2256 2678 2328 Hisque
2704 2256 2886 2324 dictis,
2940 2273 3059 2313 sese
3084 2265 3259 2312 totum

1719 2342 1940 2413 Spiritui
1967 2346 2167 2401 addicit
2206 2365 2219 2401 :
2258 2347 2345 2402 ille
2375 2362 2503 2402 vero
2529 2362 2622 2417 per
2665 2346 2986 2416 Prophetam
3030 2362 3128 2401 ceu
3166 2360 3263 2417 per

1715 2436 2159 2499 instrumentum,
2196 2438 2336 2492 bona
2364 2438 2669 2499 annuntiat,
2699 2436 3059 2506 omnibusque
3093 2437 3264 2507 gentio

1714 2527 1816 2581 bus
1847 2528 2181 2596 evangelizat
2213 2528 2401 2584 dicens
2435 2548 2447 2582 :
2479 2515 2776 2597 Conﬁtebor
2813 2528 2909 2581 tibi
2947 2530 3002 2582 in
3032 2529 3260 2598 populis,

1714 2616 1951 2679 Domine,
1981 2616 2207 2684 psallam
2232 2617 2324 2669 tibi
2354 2618 2405 2669 iu
2430 2617 2688 2687 gentibus.
2718 2617 2855 2681 Quia
2885 2617 3028 2672 enim
3054 2619 3107 2672 in
3127 2634 3265 2688 prae-

1713 2707 1852 2761 senti
1884 2705 2107 2762 Iudaica
2136 2722 2268 2778 gens
2297 2716 2349 2762 et
2369 2707 2601 2777 populus
2628 2707 2919 2775 prophetas
2945 2708 3091 2777 pellit
3112 2715 3258 2772 tuos,

1713 2807 1773 2851 ut
1836 2798 2017 2853 nullus
2068 2799 2135 2853 iis
2180 2800 2331 2853 locus
2375 2798 2601 2869 perfugii
2654 2798 3261 2869 relinquatur;eritque

1714 2894 1923 2959 tempus
1952 2905 2060 2961 quo
2090 2906 2277 2946 omnes
2307 2892 2571 2946 universae
2589 2899 2745 2947 terra:
2772 2898 2959 2962 gentes
2985 2900 3039 2945 et
3068 2906 3259 2947 omnes

1714 2982 1770 3037 in
1814 2983 2124 3039 hominibus
2154 2983 2358 3053 populi,
2387 2983 2771 3039 misericordiae
2816 2991 2921 3038 tua:
2968 2983 3261 3053 participes

1712 3083 1893 3139 erunt,
1929 3075 2001 3129 ita
2034 3083 2097 3128 ut
2119 3090 2217 3146 ego
2245 3075 2592 3147 prepbeticus
2638 3075 2862 3146 spiritus
2904 3082 3260 3144 praenuntiam

1716 3152 1956 3237 tempore
1979 3179 2167 3223 omnes
2201 3182 2307 3221 una
2328 3169 2557 3237 pepulos
2588 3168 2774 3223 adiens
2808 3168 3063 3237 repleam,
3091 3167 3262 3223 conli-

1716 3266 1938 3327 tearque
1967 3273 2030 3313 ac
2064 3259 2265 3327 gratias
2295 3259 2600 3327 agamitibi,
2631 3259 2849 3327 quando
2881 3259 3106 3328 psallam
3140 3258 3259 3323 tibi,

1714 3364 1823 3402 non
1846 3349 1898 3402 in
1924 3349 2120 3418 populo
2141 3347 2390 3413 Iudaico,
2429 3349 2522 3403 sed
2550 3349 2604 3403 in
2633 3348 2886 3403 omnibus
2916 3365 3010 3419 per
3040 3351 3261 3406 univer-

1715 3457 1833 3497 sum
1872 3441 2056 3495 orbem
2100 3440 2384 3509 gentibus;
2412 3439 2531 3494 ideo
2553 3440 2699 3504 dico,
2748 3439 3044 3509 Couﬁtebor
3069 3443 3163 3497 tibi
3202 3444 3261 3497 in

1714 3534 1939 3603 populis,
1971 3531 2208 3596 Domine,
2238 3530 2463 3599 psallam
2489 3530 2667 3584 tibiin
2700 3531 3259 3603 gentibus.Hujusque

1714 3627 1793 3682 rei
1826 3640 2049 3681 causam
2082 3639 2201 3679 esse
2232 3624 2373 3686 dico,
2408 3622 2548 3692 quod
2604 3623 2658 3677 in
2690 3623 2939 3679 omnibus
2962 3638 3056 3693 per
3073 3624 3257 3679 orbem

1713 3717 1929 3786 populis
1959 3723 2012 3770 et
2046 3713 2186 3784 apud
2221 3728 2409 3769 omnes
2439 3722 2627 3783 gentes
2661 3714 3009 3784 propheticus
3032 3714 3256 3785 spiritus

1713 3815 1978 3863 versetur.
2013 3806 2364 3877 PrOpheticos
2408 3814 2587 3891 aptem
2621 3806 2749 3860 olim
2779 3807 3018 3877 prolatos
3046 3821 3255 3862 sermo.

1712 3917 1810 3956 nes
1856 3914 2017 3968 opere
2068 3899 2415 3968 complendos
2444 3914 2563 3954 esse
2602 3906 2723 3969 post
2754 3900 2992 3954 declarat
3020 3900 3205 3957 dicens
3236 3920 3251 3957 :

1713 3993 1973 4059 Quoniam
2010 3992 2347 4061 magniﬁcam
2377 4000 2637 4061 estusque
2660 3992 2727 4045 ad
2767 3984 2919 4047 caelos
2958 3995 3256 4050 misericor-

1712 4084 1803 4138 dia
1831 4093 1941 4146 tua,
1965 4092 2013 4137 et
2029 4099 2188 4153 usque
2209 4082 2277 4136 ad
2306 4083 2462 4139 nubes
2488 4087 2676 4139 veritas
2701 4093 2809 4137 tua.
2839 4083 2971 4137 Nam
3000 4086 3142 4155 quod
3168 4086 3255 4141 in-

1713 4174 1972 4230 credibile
2014 4174 2293 4240 videatur,
2339 4176 2577 4231 coelestia
2625 4174 2993 4231 misericordia
3034 4176 3253 4245 dignata

1714 4265 1881 4323 fuisse
1903 4264 2049 4330 dixit;
2076 4272 2313 4330 terrena,
2340 4267 2582 4321 veritate.
2616 4265 2727 4320 Etsi
2757 4266 2897 4319 enim
2934 4280 2997 4319 ea
3026 4279 3252 4336 praeser-

1714 4359 1833 4423 tim,
1869 4374 1988 4429 quaa
2021 4359 2078 4413 in
2108 4359 2246 4413 caelo
2268 4366 2415 4422 sunt,
2450 4364 2675 4428 purgata
2700 4354 3005 4420 videantur,
3042 4357 3252 4425 omnia-

1713 4467 1818 4522 que
1842 4450 2098 4521 perlecta,
2126 4459 2179 4507 et
2202 4450 2268 4505 ad
2304 4440 2521 4503 virtutis
2538 4462 2805 4503 summum
2826 4460 3145 4519 progressa;
3176 4459 3254 4503 at.

88 4543 185 4604 τοῖς
202 4540 394 4595 ἔθνεσιν
427 4539 869 4608 ἐμπολιτεύεσθαι
898 4540 958 4593 τὸ
993 4539 1323 4612 προφητικὸν
1378 4535 1606 4607 πνεῦμα.

1716 4550 1891 4596 tamen
1922 4542 2039 4611 ipsa
2072 4557 2167 4611 per
2197 4537 2619 4595 misericordiam
2646 4543 2794 4590 tuam
2830 4538 2923 4591 tali
2967 4542 3022 4602 in
3062 4538 3270 4599 condi-‘

88 4629 183 4685 Καὶ
204 4633 321 4698 τοὺς
359 4633 526 4688 πάλαι
568 4632 1010 4703 ἀναφωνηθέντας
1035 4630 1400 4702 προφητικοὺς
1424 4628 1611 4695 λόγους

89 4722 156 4785 είς
173 4721 296 4795 ἔργα
321 4725 587 4796 χωρήσειν
615 4723 739 4789 ἑξῆς
777 4712 1027 4791 διασαφεῖ
1070 4721 1295 4790 φάσκονο
1329 4719 1455 4770 Ὀτι
1483 4717 1611 4784 ἐμε-

89 4817 324 4885 τολύνθη
374 4818 485 4882 ἕως
530 4814 647 4869 τῶν
681 4815 949 4885 οὐρανῶν
1000 4812 1065 4865 τὸ
1121 4811 1292 4877 ἔλεός
1322 4826 1470 4889 σου,
1512 4808 1609 4863 καί

87 4903 180 4971 ἕως
210 4907 322 4962 τῶν
343 4906 616 4978 νεφελῶν
646 4909 685 4978 ἡ
728 4905 974 4973 ἀλήθειά
1011 4920 1147 4961 σου·
1197 4902 1269 4955 Τδ
1304 4900 1408 4973 γὰρ
1434 4899 1611 4973 παρά·

86 4995 212 5062 δοξον
272 4999 411 5053 τοῦτ’
457 4996 544 5072 ἦν,
587 5001 669 5054 ὅτι
723 4999 791 5053 τά
842 4998 939 5069 μὲν
967 4997 1189 5067 οὐράνια
1240 4993 1419 5056 ἐλέους
1469 4993 1609 5063 φημὶ

90 5091 356 5157 ἀξιοῦσθαι,
378 5092 449 5147 τὰ
478 5094 533 5147 δὲ
554 5094 765 5163 ἐπίγεια
812 5092 911 5163 τῆς
942 5089 1213 5161 ἀληθείας.
1248 5087 1311 5140 Ei
1352 5086 1457 5158 γὰρ
1515 5086 1609 5139 καὶ

90 5183 143 5235 τὰ
177 5184 396 5254 μάλιστα
460 5186 605 5239 δοκεῖ
675 5186 745 5239 τά
809 5186 865 5239 ὲν
922 5186 1166 5255 οὐρανοῖς
1228 5178 1608 5250 κεκαθαρμένα

89 5275 360 5346 τυγχάνειν,
411 5276 508 5329 καὶ
543 5274 717 5330 πάντα
754 5275 933 5328 τέλεια
967 5276 1060 5329 καὶ¹
1100 5276 1178 5338 είς
1219 5274 1382 5343 ἀκρον
1408 5270 1607 5341 ἀρετῆς

91 5366 372 5437 ἐληλακότα·
408 5369 557 5439 ὅμως
579 5367 622 5421 δ’
652 5363 743 5421 οὖν
783 5369 876 5422 καὶ
902 5367 1042 5422 αὐτὰ
1074 5368 1162 5421 διὰ
1218 5366 1306 5419 τὸν
1348 5363 1435 5417 σὺν
1462 5357 1607 5417 ἔλεον

91 5459 280 5515 τοιαῦτα
312 5461 438 5515 ὄντα
490 5457 839 5528 καθέστηκεν.
869 5459 942 5511 Οὐ
992 5458 1100 5530 γὰρ
1147 5458 1207 5523 ἐξ
1254 5454 1450 5520 αὐτῶν,
1484 5455 1605 5509 οὐδὲ

89 5554 196 5624 παρ’
229 5551 426 5607 ἑαυτῶν
465 5553 565 5622 τῆς
612 5538 864 5621 τοιαύτης
922 5550 1136 5623 μετέχει
1186 5550 1602 5622 μακαριότητος,

90 5642 204 5696 me
227 5645 370 5717 παρὰ
418 5642 514 5699 σοῦ
542 5640 634 5697 τοῦ
685 5641 898 5697 πάντων
960 5640 1177 5711 ἀγαθῶν
1234 5640 1484 5715 χορηγοῦ.
1534 5642 1605 5697 Ἦ

149 5823 189 5855 ⁸⁸
222 5824 317 5883 ise.
354 5840 514 5894 unt,
550 5826 602 5884 9.

1714 4635 1857 4688 tione
1889 4635 2062 4703 posita
2102 4628 2452 4705 sunt._Neque
2474 4629 2616 4683 enim
2648 4644 2714 4685 ex
2743 4644 2801 4684 se
2838 4637 2901 4695 et
2926 4645 3025 4685 sua
3059 4632 3110 4688 vi
3157 4633 3251 4687 tali

1694 4722 1946 4793 gaudent
1974 4722 2245 4788 felicitate,
2272 4719 2363 4774 sed
2382 4720 2478 4773 abs
2499 4726 2552 4774 te
2579 4720 2817 4773 omnium
2841 4719 3103 4775 bonorum
3122 4714 3278 4777 sub?
3306 4754 3309 4757 η

1712 4816 2094 4870 ministratore.
2130 4811 2253 4867 Sive
2283 4812 2386 4866 alio
2419 4811 2598 4876 modo,
2622 4810 2883 4878 Quoniam
2911 4815 3248 4883 magniﬁcam

1710 4916 1787 4962 est
1809 4921 1966 4975 usque
1996 4903 2062 4957 ad
2092 4903 2244 4958 caelos
2277 4904 2637 4959 misericordia
2664 4912 2773 4966 tua.
2799 4902 2963 4959 eﬂ'usa
2993 4904 3045 4957 in
3076 4902 3250 4957 homi-

1709 5013 1805 5053 nes
1841 5010 2047 5051 omnes.
2084 4993 2255 5059 Quam
2279 4995 2405 5049 item
2437 4994 2685 5064 superius
2717 4994 2935 5048 missam
2960 5008 3079 5047 esse
3104 4993 3250 5049 dice-

1710 5088 1866 5143 batur
1898 5086 1982 5141 his
2009 5086 2207 5149 verbis,
2237 5085 2385 5141 Misit
2413 5086 2549 5141 Deus
2583 5084 2994 5141 miscricordiam
3024 5100 3171 5138 suam
3195 5097 3247 5141 et

1709 5180 1972 5233 ceritatem
2006 5193 2175 5231 suam.
2207 5175 2381 5232 Tanta
2407 5178 2550 5232 enim
2603 5176 2659 5230 in
2693 5174 2999 5229 hominibus
3035 5174 3250 5229 miseri-

1709 5271 1890 5328 cordia
1922 5269 2009 5322 illa
2040 5270 2205 5324 missa
2242 5270 2432 5333 edidit,
2467 5276 2524 5324 ut
2555 5270 2610 5323 in
2639 5266 2889 5329 omnibus
2911 5265 3123 5335 populis
3146 5282 3248 5337 ego

1710 5361 1945 5433 Spiritus
1966 5366 2191 5415 sanctus
2210 5360 2479 5438 [conﬁtear
2510 5359 2630 5421 tibi,
2659 5365 2712 5411 et
2750 5357 2802 5410 in
2832 5354 3084 5410 omnibus
3109 5370 3244 5425 gen-

1706 5459 1849 5513 tibus
1879 5454 2103 5525 psallam
2131 5454 2227 5509 tibi
2257 5470 2274 5507 :
2299 5452 2442 5509 unde
2467 5452 2662 5507 factum
2697 5457 2755 5504 ut
2778 5449 3118 5519 magniﬁcam
3155 5449 3246 5503 illa

1706 5549 1777 5605 sit
1810 5560 1980 5618 usque
2013 5544 2082 5599 ad
2120 5544 2323 5610 oculos;
2348 5543 2472 5613 quia
2503 5554 2672 5610 usque
2696 5539 2763 5593 ad
2789 5538 2954 5593 caelos
2982 5538 3246 5617 pertrasit

1705 5640 1951 5697 homines
1977 5641 2069 5711 qui
2093 5634 2463 5709 proﬁciebant;
2486 5634 2559 5688 ita
2580 5639 2637 5687 ut
2658 5630 2790 5704 ipsis
2814 5628 2963 5703 regni
2982 5627 3247 5685 calorum
