3966 6348
691 429 802 492 518

1355 429 1623 489 EUSEBH
1663 428 2137 485 CAESaRlENSIS
2177 430 2326 487 OPP.
2379 430 2560 488 PARS
2600 409 2685 487 lli.
2715 464 2784 475 —
2813 426 3218 493 EXEGETICA.
3791 439 3872 495 516

687 550 980 622 promissio
1031 549 1174 606 data
1208 550 1299 608 sit.
1335 549 1441 605 Sed
1482 552 1671 614 etiam,
1711 552 1907 622 inquit,
1952 566 2124 621 usque
2177 552 2241 606 ad

2345 551 2538 616 ἄλλως,
2572 554 2708 634 Ὅτι.
2760 554 3129 622 ἐμεταλύνθη
3185 555 3295 624 ἓως
3347 574 3466 612 των
3522 554 3786 626 οὐρανῶν
3824 561 3873 612 τὸ

667 641 860 710 nubes
891 641 1089 697 veritas
1121 635 1444 697 tua.‘Nubes
1476 653 1675 709 autem,
1717 643 1911 697 divina;
1958 641 2251 698 Providen-

684 737 772 787 tia:
788 717 1047 786 voluntati
1063 749 1281 803 operam
1297 731 1704 804 dantes,pluvia:
1720 733 2035 788 inserviunt.
2061 731 2139 788 Eo
2160 748 2249 786 au-

684 831 788 879 tem
806 819 1262 915 eommonstﬁttur
1286 825 1425 880 Deus
1449 825 1754 881 hominibus
1772 825 2071 896 providere,
2107 827 2248 896 quod

684 915 1040 984 dispensatio,
1079 925 1135 971 et
1164 918 1363 971 veritas
1414 917 1766 987 inspectionis
1811 919 1930 987 ejus
1971 936 2142 989 usque
2183 921 2248 976 ad

679 1006 908 1084 nubium
952 1007 1310 1062 ministerium
1345 1008 1630 1078 pertingat.
1670 1008 1817 1063 Alias
1846 1026 2080 1080 quoque,
2124 1029 2248 1083 per-

687 1098 854 1153 fectas
885 1100 938 1152 in
982 1099 1294 1162 hominibus
1349 1100 1583 1161 animas,
1634 1101 1980 1170 propheticas
2016 1103 2244 1168 scilicet,

686 1205 806 1259 qua
832 1189 924 1244 Dei
958 1189 1259 1243 doctrinam
1293 1206 1389 1245 ceu
1439 1191 1672 1260 pluviam
1714 1193 1999 1261 egentibus
2034 1196 2242 1248 anima-

689 1282 789 1337 bus
836 1282 1278 1342 subministrant.
1316 1283 1486 1337 nubes
1535 1285 1671 1337 solet
1733 1283 2016 1353 Scriptura
2057 1287 2242 1356 appel-

687 1375 818 1428 lare.
887 1373 1020 1426 Cum
1072 1388 1200 1442 ergo
1239 1372 1410 1440 Isaias
1467 1374 1726 1443 propheta
1797 1377 2102 1429 vastitatem
2147 1377 2242 1431 Ju-

687 1464 842 1517 daieo
889 1464 1085 1532 popqu
1119 1464 1448 1524 minabatur,
1484 1462 1648 1518 Deum
1702 1464 1774 1517 ita
1819 1460 2124 1533 loquentem
2159 1467 2243 1520 in—

687 1555 872 1609 duxit.
917 1555 1189 1608 Destruam
1216 1572 1385 1624 sepem
1410 1556 1543 1623 ejus,
1579 1567 1627 1610 et
1655 1559 1754 1609 erit
1777 1558 1831 1610 in
1864 1556 2238 1625 direptionem;

687 1654 735 1698 et
763 1646 1029 1698 destruant
1068 1662 1273 1697 murum
1306 1645 1439 1714 ejus,
1466 1655 1516 1700 et
1546 1648 1644 1699 erit
1677 1648 1729 1699 in
1769 1647 2235 1702 conculcationem.

685 1733 755 1788 Et
779 1736 1046 1788 dimittam
1069 1738 1270 1789 vineam
1307 1753 1495 1800 meam,
1519 1747 1580 1808 tet
1614 1754 1715 1790 non
1752 1739 2044 1805 putabitur,
2078 1755 2240 1808 neque

685 1827 943 1897 fodietur:
975 1836 1024 1882 et
1072 1827 1313 1881 ascendet
1356 1829 1412 1880 in
1444 1830 1558 1892 ipsa
1596 1829 1749 1896 quasi
1794 1829 2018 1902 inculta,
2060 1831 2234 1898 spina.

2351 643 2522 708 ἔλεός
2559 656 2694 707 σου,
2715 643 2774 696 τὸ
2800 644 2957 714 χυθὲν
2986 635 3064 708 εἰς
3123 646 3328 709 πάντας
3350 643 3690 720 ἀνθρώπους.
3734 649 3792 701 ’0
3824 648 3871 721 δὴ

2351 731 2442 787 καὶ
2466 733 2720 804 ἀνωτέρω
2741 734 3070 789 ἀπεστάλθαί
3095 736 3308 804 ἐλέγετο
3326 737 3380 788 ὲν
3403 737 3502 806 τῷ,
3549 737 3874 800 Ἑξαπέστει·

2348 826 2457 876 λεν
2480 825 2513 876 ό
2541 824 2684 889 Θεὸς
2714 824 2779 876 τὸ
2803 824 2975 890 ἕλεος
3005 825 3188 879 αὐτοῦ
3219 825 3318 879 καὶ
3349 825 3465 892 τὴν
3487 825 3771 889 ἀλήθειαν
3793 829 3873 879 αὑ-

2348 914 2473 969 τοῦ.
2506 912 2737 966 Τοιαῦτα
2768 914 2874 984 γὰρ
2903 916 2960 967 ὲν
3001 914 3306 985 ἀνθρώποις
3328 914 3659 986 κατώρθωσε
3688 917 3746 968 τὸ
3771 919 3874 970 ἀπο-

2349 1004 2534 1063 σταλὲν
2554 1003 2718 1070 ἔλεος,
2746 1006 2821 1068 ὡς
2847 1007 2903 1058 ὲν
2959 1008 3090 1058 πᾶσι
3121 1009 3233 1068 τοῖς
3279 1006 3424 1070 λαοῖς
3475 1008 3575 1077 ἐμὲ
3605 1007 3665 1060 τὸ
3692 1008 3888 1080 Πνεῦμα

2345 1096 2405 1150 τὸ
2443 1096 2595 1164 ἅγιον
2617 1087 3105 1168 ὲξομολόγήσασθαί
3127 1099 3335 1162 σοι,κα)⁸
3360 1100 3416 1152 ἐν
3441 1088 3576 1158 πᾶσι
3601 1103 3714 1162 τοῖς
3735 1083 3889 1152 ἑθνεσιι

2344 1173 2508 1256 ψάλαι
2531 1202 2632 1240 σοι·
2668 1188 2788 1240 ὅθεν
2816 1188 3150 1259 ὲμεγαλύνθη
3202 1189 3304 1252 ἕως
3335 1189 3443 1242 τῶν
3490 1191 3750 1261 οὐρανῶν
3782 1192 3876 1244 ἐπεὶ

2331 1278 2504 1351 μέχρι
2536 1277 2643 1331 τῶν
2668 1279 2910 1351 οὐρανῶν
2940 1281 3065 1344 τοὺς
3097 1283 3154 1335 ὲν
3179 1280 3481 1354 ἀνθρώποις
3533 1283 3874 1354 προκόψαντος

2343 1371 2604 1434 εἵλκυσεν,
2632 1371 2708 1434 ὡς
2731 1371 2825 1424 καὶ
2878 1371 3205 1447 ἐπαγγελίαν
3251 1375 3431 1437 αὐτοῖς
3488 1373 3730 1427 δεδόσθαι
3756 1375 3876 1446 βασι-

2341 1462 2487 1526 λείας
2525 1463 2787 1535 οὐρανῶν.
2823 1463 2984 1515 Ἀλλὰ
3006 1463 3098 1515 καὶ
3120 1464 3223 1527 ἓως
3256 1464 3362 1516 τῶν
3389 1465 3648 1533 νεφελῶν,
3673 1466 3875 1535 φησὶν,ἡ

2339 1551 2564 1621 ἀλήθειά
2583 1567 2695 1605 σου.
2715 1549 2950 1618 Νεφέλαι
2965 1550 3022 1603 δὲ
3039 1551 3361 1622 ὑπηρετικαὶ
3375 1550 3732 1621 τυγχάνουσιν
3747 1551 3875 1619 ὐετῷ,

2338 1641 2414 1712 τῷ
2429 1643 2525 1712 τῆς
2541 1642 2685 1704 θείας
2712 1641 2968 1712 Προνοίας
2996 1641 3291 1714 βουλήματι
3305 1643 3734 1714 διακονούμεναι.
3753 1643 3878 1697 Οὐτω

2337 1734 2394 1786 δὲ
2414 1733 2740 1803 παρίστησιν
2762 1735 2789 1786 ό
2802 1734 2954 1802 λόγος
2983 1738 3229 1806 προνοεῖν
3249 1735 3548 1806 ἀνθρώπων
3563 1735 3652 1787 τὸν
3673 1735 3810 1796 θεὸν,
3831 1737 3878 1789 ἐκ

2336 1823 2607 1894 τοῦμέχρι
2618 1823 2724 1877 τῶν
2742 1823 2974 1893 νεφελῶν
2989 1825 3313 1880 ἐκτείνεσθαι
3334 1827 3498 1880 αὐτοῦ
3513 1826 3610 1896 τὴν
3629 1827 3876 1896 διοίκησιν,

687 1918 753 1975 Et
783 1919 1002 1973 nubibus
1035 1918 1296 1972 mandabo
1337 1934 1397 1970 ne
1418 1919 1602 1985 pluaut
1626 1934 1776 1986 super
1807 1935 1922 1971 eam
1944 1919 2157 1974 imbrem
2173 1921 2236 1977 δ’.

2345 1917 2437 1969 καὶ
2462 1915 2559 1988 τὴν
2591 1916 2844 1987 ἀλήθειαν
2893 1917 2992 1986 τῆς
3043 1919 3347 1989 ἐπισκοπῆς
3402 1917 3568 1972 αὐτοῦ
3615 1919 3767 1990 μέχρι
3802 1919 3878 1987 τῆς

685 2009 867 2064 Palam
896 2012 1045 2065 hisee
1077 2009 1261 2063 verbis
1297 2008 1468 2061 divini
1499 2008 1777 2076 propheta:
1823 2009 1992 2064 nubes
2043 2025 2242 2064 vocan-

621 2131 626 2138 ι
686 2112 816 2156 tur:
853 2086 977 2170 qui,
1009 2102 1202 2170 spiritu
1235 2099 1448 2154 caelesti
1481 2099 1685 2168 repleti,
1735 2100 2020 2155 animabus
2071 2102 2244 2155 homi-

683 2209 812 2251 num
845 2193 1197 2248 rationabiles
1227 2192 1438 2260 pluvias
1482 2193 1922 2262 suppeditabant.
1973 2193 2240 2260 Quoniam

683 2286 848 2358 igitur
884 2285 1085 2338 veritas
1116 2283 1207 2337 Dei
1242 2291 1296 2338 et
1327 2281 1702 2337 misericordia
1752 2284 1892 2352 ejus,
1943 2281 2010 2339 de
2041 2287 2241 2355 quibus

684 2377 848 2447 paulo
881 2384 1004 2430 ante
1031 2374 1445 2440 dicebat,Misit
1474 2374 1615 2428 Deus
1648 2375 2063 2429 misericordiam
2087 2393 2240 2430 suam

679 2476 734 2521 et
764 2467 1032 2521 veritatem
1055 2482 1230 2527 suam,
1268 2475 1315 2519 et
1341 2467 1536 2534 eripuit
1570 2467 1805 2520 animum
1838 2473 2006 2520 meam
2043 2467 2104 2521 de
2129 2448 2240 2522 me:

682 2558 773 2612 dio
801 2548 1097 2610 catulorum
1128 2558 1356 2621 leonum,
1397 2558 1527 2612 olim
1556 2558 1772 2628 quidem
1815 2561 2050 2612 animam
2084 2558 2242 2613 Davi-

685 2647 771 2701 dis
810 2628 1038 2716 eripuit,
1090 2646 1444 2716 futurumque
1477 2660 1596 2703 erat
1644 2656 1702 2701 ut
1760 2655 1947 2718 postea
1995 2649 2239 2705 visitaret

683 2754 876 2794 omnes
908 2747 1130 2810 gentes;
1163 2739 1286 2809 jure
1319 2738 1560 2809 Spiritus
1610 2749 1837 2796 sanctus
1869 2742 1961 2810 qui
1992 2741 2111 2797 haec
2143 2756 2241 2795 an-

684 2833 919 2896 nuntiat,
977 2838 1030 2885 et
1075 2831 1149 2886 ait
1205 2830 1320 2886 fore
1355 2839 1411 2886 ot
1447 2833 1499 2886 in
1534 2833 1750 2902 populis
1793 2831 2144 2898 conﬁteatur,
2188 2837 2242 2887 et

684 2926 878 2996 psallat
915 2923 1020 2980 Deo
1070 2924 1126 2978 in
1180 2925 1433 2979 omnibus
1478 2927 1764 2993 gentibus;
1800 2924 1966 2993 hujus
1992 2925 2073 2980 rei
2106 2939 2241 2978 cau-

679 3032 798 3072 sam
831 3018 1056 3087 apponit
1106 3017 1326 3070 dicens:
1376 3015 1638 3080 Quoniam
1675 3015 2018 3085 magniﬁcam
2047 3025 2122 3068 est
2153 3031 2245 3068 us—

683 3122 780 3176 que
807 3105 874 3158 ad
920 3104 1074 3158 cwlos
1104 3103 1469 3157 misericordia
1516 3112 1628 3167 tua,
1659 3111 1712 3158 et
1759 3114 1976 3158 caetera.
2037 3103 2244 3169 Deinde

687 3197 772 3251 his
796 3212 896 3251 ceu
931 3197 1168 3266 sigillum
1200 3195 1501 3264 adjicithis
1533 3196 1751 3251 verbis:
1802 3196 2058 3250 Exaltare
2089 3210 2244 3265 super

2339 2006 2446 2058 τῶν
2479 2006 2718 2076 νεφελῶν
2749 2007 3049 2077 ὑπηρεσίας
3093 2008 3332 2078 φθάνειν.
3366 2009 3476 2061 Καὶ
3510 2007 3685 2072 άλλως
3718 2007 3770 2060 δὲ
3805 2007 3880 2068 τὰς

2342 2100 2398 2150 ὲν
2421 2097 2724 2169 ἀνθρώποις
2756 2098 2966 2161 τελείας
2995 2098 3190 2169 ψυχὰς,
3227 2101 3323 2161 τὰς
3354 2099 3699 2170 προφητικὰς
3726 2099 3881 2166 ῶσπερ

2342 2187 2529 2250 ὐετοὺς
2580 2187 2678 2249 τὰς
2737 2189 2800 2240 ὲκ
2847 2187 2980 2241 Θεοῦ
3024 2188 3367 2251 διδασκαλίας
3412 2191 3752 2261 χορηγούσας
3788 2194 3881 2250 ταῖς

2340 2278 2542 2330 τούτων
2572 2278 2836 2349 δεομένων
2867 2279 3084 2349 ψυχαῖς,
3128 2280 3350 2347 νεφέλας
3381 2280 3571 2333 εἴωθεν
3627 2279 3881 2350 ὀνομάζειν

2340 2358 2372 2438 ὴ
2409 2369 2618 2441 Γραφή.
2646 2371 2773 2424 Ὅτε
2806 2369 2935 2438 γοῦν
2960 2371 3170 2440 ἠπείλει
3197 2371 3275 2442 τῷ
3319 2373 3586 2426 Ἰουδαίων
3616 2372 3754 2425 ἔθνει
3775 2375 3877 2442 ipa-

2344 2460 2469 2530 μίαν
2496 2461 2524 2514 ό
2558 2462 2838 2532 προφήτης
2879 2461 3124 2526 Ἡσαΐας,
3150 2463 3404 2523 τὸν,Θεδν
3438 2464 3627 2533 εἰσῆγε
3655 2463 3879 2532 λέγονταο

2343 2549 2581 2605 Καθελῶ
2629 2551 2736 2605 τὸν
2772 2553 3044 2622 φραγμὸν
3076 2554 3280 2618 αὐτοῦ,
3312 2553 3407 2607 καὶ
3438 2554 3612 2607 ἐσται
3636 2556 3724 2620 εἰς
3749 2553 3883 2620 διαρ-

2341 2645 2566 2713 παγήν·
2605 2644 2702 2697 καὶ
2746 2644 2976 2699 καθελῶ
3009 2646 3117 2699 τὸν
3147 2646 3348 2716 τοῖχον
3370 2646 3577 2710 αὐτοῦ,
3611 2646 3710 2700 καὶ
3743 2647 3884 2700 ἔσται

2339 2738 2426 2801 εἰς
2469 2735 2882 2806 καταπάτημα.
2916 2737 3025 2790 Kal
3054 2736 3259 2803 ἀνήσω
3283 2737 3389 2792 τὸν
3414 2737 3739 2806 ἀμπελῶνὰ
3768 2754 3881 2806 μου.

2341 2824 2439 2878 καὶ
2469 2827 2541 2879 οὐ
2566 2825 2653 2895 μὴ
2689 2824 2902 2894 τμηθῇ,
2931 2825 3073 2880 οὐδὲ
3103 2827 3189 2896 μὴ
3220 2827 3426 2896 σκαφῇ
3446 2845 3460 2859 ι
3491 2828 3587 2881 καὶ
3620 2829 3884 2892 ἀναεήσε-

2340 2931 2434 2969 ται
2477 2917 2562 2981 εἰς
2608 2915 2794 2970 αὐτὸν
2851 2917 2995 2970 ὡσεὶ
3051 2917 3273 2986 χέρσον
3325 2918 3572 2971 ἄκανθα.
3630 2918 3739 2971 Kal
3783 2915 3885 2980 ταῖς

2340 3003 2622 3072 νεφέλαις
2678 3005 3031 3075 ὲντελοῦμαι
3083 3008 3188 3061 τοῦ
3239 3008 3324 3077 μὴ
3364 3007 3577 3075 βρέξαι
3606 3008 3699 3061 ἐπ’
3731 3009 3885 3065 αὐτὸν

2341 3093 2537 3148 ὑετόν.
2575 3095 2866 3167 ’Δντικρυς
2896 3094 2986 3149 διὰ
3029 3097 3232 3149 τούτων
3255 3096 3362 3150 τῶν
3397 3096 3555 3150 θείων
3595 3094 3883 3167 προφητεῖαι

2344 3185 2579 3255 νεφελῶν
2611 3187 3031 3258 ὠνομασμένων,
3055 3189 3104 3241 οἰ
3141 3189 3448 3260 πνεύματος
3484 3189 3738 3260 οὐρανίου
3773 3186 3884 3257 πλη-

684 3287 862 3350 caelos,
916 3287 1077 3354 Deus,
1121 3296 1169 3341 et
1212 3295 1366 3357 super
1415 3304 1619 3342 omnem
1660 3297 1857 3342 terram
1907 3289 2080 3360 gloria
2124 3299 2233 3356 tua,

2343 3276 2591 3349 ρούμενοι
2618 3278 2865 3348 λογικοὺς
2888 3279 3074 3352 ὑετοὺς
3098 3283 3217 3345 ταῖς
3242 3281 3350 3334 τῶν
3378 3279 3678 3352 ἀνθρώπιον
3712 3280 3881 3350 ἐχορή-

685 3379 932 3434 cumdem
989 3381 1057 3434 de
1115 3378 1226 3434 Deo
1281 3397 1586 3436 sermonem
1661 3380 1903 3437 secundo
1966 3390 2234 3453 repetens.

686 3468 828 3534 Tibi,
863 3473 1059 3542 inquit,
1107 3474 1364 3528 convenit
1400 3475 1651 3540 exaltari,
1696 3477 1914 3530 tametsi
1953 3475 2235 3529 hominum

684 3578 850 3617 causa
910 3571 961 3617 te
1024 3571 1224 3618 nostrae
1267 3563 1556 3632 abjectioni
1603 3567 1955 3634 'attemperas,
2012 3567 2239 3635 populos

686 3668 849 3726 atque
905 3665 1090 3728 gentes
1117 3656 1289 3724 gratia
1340 3663 1431 3708 tua
1465 3671 1687 3711 vocans.
1732 3654 1932 3711 Verum
1980 3660 2236 3719 exaltare,

688 3748 942 3800 thronum
999 3755 1179 3817 repete
1219 3756 1392 3801 tuum.
1468 3746 1558 3802 Sic
1596 3750 1740 3803 enim
1791 3749 1846 3802 in
1881 3750 2037 3804 caalis
2086 3764 2238 3802 man-

691 3837 895 3892 sionem
952 3837 1177 3899 habens,
1239 3839 1291 3892 in
1351 3847 1551 3908 tuaque
1583 3839 1807 3904 deitate,
1849 3839 1903 3894 in
1949 3847 2043 3892 tuo
2075 3855 2241 3910 regno

691 3927 1018 3988 consistens,
1060 3929 1228 3996 gloria
1257 3929 1353 3983 tua
1416 3931 1727 3985 universam
1778 3938 1978 3983 terram
2034 3931 2241 3999 replere

691 4018 913 4072 valebis.
950 4016 1103 4083 Quod
1135 4019 1258 4073 item
1306 4019 1517 4090 Moyses
1550 4021 1832 4086 describit,
1877 4019 2043 4097 Deum
2074 4021 2237 4075 indu-

690 4126 819 4166 cens
847 4113 912 4167 de
947 4110 1147 4165 ludatis
1192 4113 1405 4181 quidem
1445 4113 1514 4167 ob
1539 4114 1826 4167 conﬂatum
1853 4115 2079 4169 vitulum
2129 4116 2240 4168 huic

690 4203 983 4258 dicentem:
1045 4203 1263 4256 Dimitte
1297 4203 1398 4266 me,
1451 4212 1498 4256 et
1540 4204 1781 4255 incensus
1840 4206 1922 4257 ira
1976 4215 2240 4260 conteram

688 4297 916 4365 ipsos“;
948 4296 1015 4350 de
1052 4296 1335 4350 vocatione
1393 4303 1573 4348 autem
1600 4295 1839 4363 gentium
1897 4296 2240 4363 adjicientem

691 4388 843 4452 illud,
884 4385 1006 4441 Vivo
1035 4395 1200 4457 ego-et
1224 4388 1346 4441 vivit
1383 4401 1566 4439 nomen
1604 4401 1794 4447 meum,
1838 4386 1962 4454 quia
2005 4386 2244 4455 implebi-

691 4457 995 4548 tur~gloria
1046 4493 1160 4530 mea
1201 4478 1443 4530 universa
1491 4485 1650 4528 terra.
1692 4472 1848 4544 Apud
1891 4471 2083 4527 Isaiam
2117 4490 2243 4529 vero

685 4556 980 4641 seraphim,
1036 4587 1154 4641 qua:
1209 4570 1493 4625 Dominum
1556 4568 1796 4623 Sabaoth
1879 4567 2240 4630 circumdant,

2341 3386 2469 3439 γουν
2495 3369 2710 3442 ψυχαῖς.
2760 3371 2973 3442 Ἐπειδὴ
2998 3373 3176 3427 τοίνυν
3209 3374 3241 3443 ἡ
3269 3372 3495 3444 ἀλήθεια
3522 3371 3617 3426 τοῦ
3651 3371 3782 3426 Θεοῦ
3807 3370 3882 3423 καὶ

2341 3465 2402 3516 τὸ
2435 3464 2581 3527 ἔλεος
2613 3463 2794 3530 αὐτοῦ,
2815 3465 2942 3536 περὶ
2967 3458 3042 3519 ὧν
3066 3467 3258 3538 μικρὸν
3287 3466 3519 3538 πρόσθεν
3546 3465 3748 3532 ἔλεγεν,
3784 3462 3886 3525 Ἔξ-

2343 3557 2700 3613 απέστειλεν
2721 3561 2754 3612 ό
2784 3559 2929 3626 Θεὸς
2972 3557 3039 3611 τὸ
3071 3558 3242 3625 ἕλεος
3268 3559 3453 3613 αὑτοῦ
3485 3558 3583 3613 καί
3607 3558 3723 3628 τὴν
3761 3557 3885 3620 ἁλή-

2345 3652 2507 3703 θειαν
2560 3648 2769 3713 αὐτοῦ,
2805 3649 2902 3702 καί
2953 3651 3246 3718 ἐρρύσατο
3287 3651 3402 3719 τὴν
3441 3650 3655 3720 ψυχή.τέ
3689 3667 3802 3718 μου
3834 3648 3886 3699 ἐκ

2341 3741 2533 3812 μέσου
2580 3743 2898 3808 σκύμνων·
2949 3742 3116 3794 πάλαι
3152 3741 3250 3811 μὲν
3297 3743 3397 3811 τὴν
3428 3741 3605 3813 ψυχὴν
3649 3740 3886 3813 ἐρρύσατο

2344 3833 2438 3886 τοῦ
2465 3831 2648 3896 Δαυῒδ,
2671 3831 2870 3902 ἢμελλε
2901 3832 2957 3884 δὲ
2984 3824 3078 3887 παὶ
3114 3833 3249 3902 μετὰ
3271 3831 3442 3886 ταῦτα
3468 3833 3563 3885 καὶ
3594 3834 3766 3885 πάντα
3791 3833 3888 3882 ἑπι-

2348 3927 2567 3978 σκοπεῖν
2592 3923 2662 3976 τὰ
2689 3922 2846 3995 ἔθνη·
2872 3925 3093 3986 εἰκότως
3114 3923 3174 3976 τὸ
3202 3924 3423 3995 Πνεῦμα
3453 3924 3513 3978 τὺ
3539 3925 3713 3992 ἅγιον,
3743 3923 3885 3977 ταῦτα

2346 4015 2845 4088 εὐαγγελιζόμενον,
2876 4016 2968 4095 καὶ
3019 4017 3100 4069 ὅτι
3156 4019 3220 4071 ὲν.
3262 4016 3409 4080 λαοῖς
3436 4015 3884 4088 ἐξομολογήσεται,

2346 4110 2437 4162 καὶ
2480 4110 2538 4161 ὲν
2586 4110 2717 4162 πᾶσι
2766 4110 2876 4171 τοῖς
2914 4104 3088 4160 ἔθνεσι
3125 4106 3284 4182 ψαλεῖ
3315 4105 3390 4182 τῷ
3415 4106 3554 4177 Θεῷ,
3598 4105 3696 4177 τὴν
3734 4107 3884 4159 αἰτίαν

2348 4201 2664 4273 προστίθησι
2701 4200 2884 4269 λέγον·
2924 4201 3050 4254 Ὀτι
3095 4200 3465 4270 ὲμεγαλύνθη
3495 4200 3606 4267 ἕως
3644 4199 3768 4253 τῶν
3804 4199 3884 4252 οὐ·

2339 4293 2542 4362 ρανῶν
2591 4293 2658 4346 τὸ
2703 4294 2872 4358 ἔλεός
2901 4307 3040 4356 σου,
3093 4295 3186 4346 καὶ
3233 4292 3302 4346 τὰ
3344 4291 3489 4362 ἑξῆς.
3523 4287 3660 4344 Εἶτα
3701 4290 3884 4349 τούτοις

2349 4387 2518 4440 άπασι
2560 4384 2622 4437 τὺ
2661 4385 3082 4457 ὲπισφράγισμαι
3124 4384 3319 4453 ἐπάγει
3371 4384 3558 4453 λέγον·
3619 4383 3883 4452 ’Υψύθητι

2347 4478 2442 4530 ἐπὶ
2482 4476 2621 4542 τοὺς
2655 4477 2966 4544 οὐρανοὺς,
3000 4482 3033 4532 ὁ
3074 4477 3236 4544 Θεὸς,
3282 4477 3380 4531 καὶ
3410 4476 3509 4530 ἐπὶ
3549 4475 3754 4531 πᾶσαν
3791 4473 3884 4540 τὴν

2350 4567 2464 4637 γῆν
2508 4569 2546 4637 ὴ
2597 4566 2744 4632 δόξα
2791 4583 2927 4633 σου,
2958 4567 3206 4641 δεύτερον
3230 4565 3584 4622 ὲπαναλαόὼν
3614 4566 3714 4636 τὴν
3743 4562 3884 4631 αὐτὴν

684 4665 1022 4721 clamabant:
1050 4661 1296 4726 Sanctus,
1325 4672 1559 4724 sanctus,
1590 4671 1814 4714 sanctus-
1827 4659 2076 4714 Dominus
2104 4657 2241 4712 Deus

2346 4632 2638 4726 θεολογίαν.
2675 4661 2765 4714 Σοὶ
2803 4661 2946 4732 γὰρ,
2972 4632 3128 4734 φησὶ,
3157 4661 3353 4733 πρέπει
3404 4632 3690 4726 ὑψοῦσθαι,
3735 4658 3782 4709 sl
3807 4657 3883 4706 καὶ

691 4752 944 4814 Sabaoth,
975 4753 1129 4821 plena
1163 4761 1239 4804 est
1286 4752 1454 4804 omnis
1489 4763 1631 4805 terra
1668 4753 1841 4822 gloria
1885 4751 1997 4820 ejus
2013 4749 2076 4803 "'.
2110 4749 2246 4813 Qni-

693 4852 796 4905 bus
823 4844 997 4902 aﬂinia
1034 4849 1086 4901 in
1111 4862 1232 4900 un
1291 4847 1515 4914 psalmo,
1555 4847 1623 4901 de
1667 4846 1886 4902 Christo
1924 4847 2070 4912 clare
2109 4859 2238 4897 nar-

693 4952 865 5002 rante.
883 4941 1024 4994 dicta
1051 4946 1178 4995 sunt
1193 4932 1242 4968 ⁸⁸
1258 4957 1269 4991 :
1287 4935 1595 4990 Benedictus
1616 4936 1865 4990 Dominus
1886 4934 2026 4989 Deus
2051 4932 2241 4998 Israel,

693 5044 743 5092 et
776 5033 1092 5088 benedictum
1129 5048 1311 5086 nomen
1340 5031 1524 5102 gloria:
1560 5029 1700 5099 ejus,
1727 5039 1779 5082 et
1816 5028 2100 5097 replebitur
2131 5041 2242 5079 om-

695 5103 776 5180 nis
800 5134 934 5178 terra
961 5123 1129 5196 gloria
1177 5124 1310 5194 ejus.
1358 5121 1480 5177 Hac
1525 5122 1692 5192 igitur
1722 5121 1971 5189 obsignat
2007 5129 2244 5188 praesens

696 5217 974 5291 prophetia
1002 5216 1226 5276 dicens:
1265 5213 1518 5268 Exaltare
1559 5227 1714 5280 super
1744 5211 1923 5274 castos,
1974 5207 2138 5272 Deus,
2191 5214 2245 5260 et

698 5325 848 5378 super
875 5324 1072 5364 omnem
1104 5319 1294 5361 terram
1317 5305 1486 5377 gloria
1527 5314 1638 5358 tua.

2345 4751 2413 4805 τὰ
2445 4752 2672 4823 μάλιστα
2691 4754 2758 4807 δι’
2784 4752 3097 4827 ἀνθρώπους
3114 4750 3560 4822 συγκαταϐαίνεις
3581 4753 3646 4820 τῇ
3671 4749 3882 4820 ἡμετέρᾳ

2345 4844 2865 4917 ταπεινώσει,λαοὺς
2892 4845 2988 4899 καὶ⁸
3018 4844 3143 4917 ἔθνη
3173 4841 3647 4914 προσκαλούμενος
3683 4843 3752 4912 τῇ
3775 4857 3881 4892 σαυ-

2344 4935 2436 4989 τοῦ
2459 4909 2657 5011 χάριτι.
2677 4909 2682 4910 ν
2700 4909 3143 5008 Ἀλλ’ὐιιιώθητι,⁷
3166 4909 3259 4989 καὶ
3285 4909 3639 5004 ἀπολάμϐανε
3666 4909 3753 4986 τὸν
3777 4949 3882 4985 σαυ-

2345 5029 2437 5081 τοῦ
2475 5030 2679 5102 θρόνον.
2713 5029 2820 5082 Καὶ
2862 5028 3030 5090 οὕτως
3063 5027 3169 5098 γὰρ
3215 5027 3273 5079 ὲν
3299 5026 3547 5098 οὐρανοῖς
3577 5024 3676 5088 τὰς
3708 5025 3881 5093 διατρι-

2350 5119 2448 5184 ϐὰς
2477 5121 2812 5191 ποιούμενος,
2843 5121 2938 5173 καὶ
2974 5121 3031 5172 ὲν
3053 5122 3120 5190 τῇ
3152 5107 3346 5171 σᾶυτοῦ
3381 5117 3663 5187 τυγχάνων
3697 5110 3882 5180 θεότητί

2347 5225 2403 5263 τε
2459 5216 2552 5264 καὶ
2605 5211 2880 5282 βασιλείᾳ,
2930 5212 3110 5267 πᾶσαν
3152 5209 3252 5280 τὴν
3292 5210 3394 5280 γῆν
3429 5209 3670 5281 πληροῦν
3709 5206 3881 5274 δυνήσῃ

2347 5303 2442 5373 τῆς
2489 5302 2684 5356 σαυτοῦ
2737 5302 2910 5370 δόξης.
2948 5302 3013 5357 ⁸0
3052 5301 3116 5374 δὴ
3146 5301 3240 5354 καὶ
3261 5300 3470 5372 Μωσῆς
3491 5300 3788 5373 ἀναγράφει
3812 5294 3880 5346 τὸν

700 5405 827 5460 Θεὸν
869 5403 1097 5467 εἰσάγων
1149 5400 1272 5473 περὶ
1311 5401 1406 5471 μὲν
1445 5398 1709 5452 Ἰουδαίων
1774 5394 1996 5462 λέγοντα
2050 5393 2116 5447 δι’
2172 5392 2239 5465 ἠν
2286 5395 2605 5464 εἰργάσαντο
2657 5395 3007 5467 μοσχοποιίαν
3029 5408 3044 5425 ⁸
3083 5394 3303 5450 Ἐἀσόν
3350 5411 3442 5463 με,
3479 5394 3575 5448 καὶ
3626 5388 3880 5463 θυμωθεὶς

721 5498 842 5569 ’ρτῇ
872 5497 1124 5564 ἐπιτρίψω
1157 5496 1373 5559 αὐτούς
1393 5511 1406 5523 ·
1437 5492 1562 5562 περὶ
1585 5492 1639 5544 δὲ
1669 5490 1769 5560 τῆς
1789 5489 1895 5542 τῶν
1915 5489 2082 5543 ὲθνῶν
2123 5489 2362 5559 κλήσεως
2407 5491 2675 5559 ἐπάγοντα
2697 5489 2776 5555 τὸ,
2823 5489 2913 5543 Ζῶ
2951 5491 3084 5561 ἐγὼ,
3125 5489 3224 5544 καί
3285 5488 3357 5558 ζῇ
3415 5488 3483 5543 τὸ
3517 5487 3702 5560 ὄνομά
3761 5499 3874 5554 μου,

718 5590 790 5646 in
812 5586 1254 5657 πληρωθήσεται
1280 5585 1389 5655 τῆς
1417 5584 1599 5652 δόξης
1629 5601 1746 5654 μου
1771 5582 1936 5638 πᾶσα
1958 5585 1996 5652 ἡ
2023 5582 2247 5653 τῆ.Καὶ
2283 5585 2430 5656 παρά
2463 5585 2540 5656 τῷ
2583 5587 2775 5655 Ἡσαΐᾳ
2805 5586 2862 5639 δὲ
2889 5585 2958 5640 τὰ
2993 5587 3249 5656 σεραφίμ,
3284 5583 3586 5638 κυκλοῦντα
3647 5581 3734 5635 τὸν
3789 5576 3876 5631 Κύ-

704 5704 818 5758 μοο
848 5681 1087 5750 Σαϐαὼθ,
1126 5682 1281 5737 ἐθόα·
1308 5683 1521 5750 Ἄγιος,
1546 5681 1727 5751 ἅγιος,
1753 5681 1917 5750 ἅγιος
1953 5680 2163 5747 Κύριος
2201 5678 2342 5745 Θεὸς
2378 5682 2637 5747 Σαϐαὼθ,
2678 5681 2912 5750 πλήρης
2949 5681 3115 5738 πᾶσα
3146 5683 3182 5750 ἡ
3224 5678 3299 5750 τῆ
3332 5679 3449 5750 τῆς
3485 5679 3671 5748 δόξης
3698 5671 3873 5733 αὐτοῦ.

777 5844 819 5875 δι
860 5837 960 5896 lsa.
994 5853 1046 5902 v,
1079 5837 1201 5903 5,6.
1275 5837 1318 5872 δ’
1357 5835 1521 5894 Exod.
1559 5852 1730 5900 xxxii,
1772 5835 1855 5892 l6.
1940 5837 1983 5867 ⁸³
2023 5833 2124 5890 lsa.
2162 5851 2241 5903 vi,

2403 5836 2446 5873 ⁵⁸
2485 5832 2627 5893 Psal.
2664 5852 2820 5902 uri,
2869 5834 3067 5898 18,19,
