3966 6348
702 433 821 490 ’519

1364 419 1629 477 EUSEBll
1646 409 1652 416 ’
1667 412 2142 476 CESARYENSIS
2177 413 2244 499 0i

2360 411 2542 469 PARS
2577 410 2666 466 lli.
2708 441 2775 453 -—
2812 407 3216 469 EXEGETICA.
3804 419 3881 472 520

718 552 921 605 stitiam
956 560 1140 598 manus
1173 551 1352 596 uestrae
1398 539 1727 608 complicant.
1777 535 1944 590 Recta
1996 549 2128 604 ergo
2166 533 2244 602 ju-

2356 530 2671 599 λογίζονται,
2702 530 2964 599 ἐπιλέγει·
2997 531 3104 585 Καὶ
3149 530 3256 600 τὰρ
3299 529 3367 584 ἐν
3407 528 3615 599 καρδίᾳ
3669 531 3882 599 ἀνομίας

715 641 926 701 dicate,
961 634 1056 688 lilii
1086 633 1390 693 hominum,
1436 637 1488 683 et
1531 627 1809 690 vobiscum
1841 631 2106 694 reputate,
2134 638 2244 676 nun

2355 620 2660 692 ἐργάζεσθε
2697 622 2765 674 ἐν
2800 620 2876 690 τῇ
2925 621 3030 693 τῇ·
3059 622 3246 676 τούτου
3272 622 3349 689 δὲ,
3383 623 3566 692 φησὶν,
3607 622 3816 691 ἐλεγχος
3843 628 3880 676 αἱ

713 743 993 804 sermones
1040 728 1206 781 veStri
1249 740 1370 778 cum
1418 721 1672 793 operibus
1719 723 2040 770 consonent.
2117 712 2254 766 Nam

713 826 758 878 si
791 820 1054 891 justitiam
1093 816 1394 886 loquimini,
1431 829 1530 866 cur
1570 827 1762 865 manus
1801 816 1998 864 vestra!
2041 805 2258 874 injusti-

712 915 840 967 tiam
872 909 1233 978 complicant?
1285 906 1357 958 Ex
1403 918 1510 973 quo
1539 918 1668 956 sane
1691 901 1866 970 palam
1912 907 1994 953 est
2026 912 2121 951 vos
2157 895 2258 949 ini-

709 1007 943 1076 quitates
988 976 1040 1054 in
1092 999 1256 1054 corde
1306 996 1560 1065 cogitare.
1592 1000 1640 1046 et
1683 991 1785 1044 alia
1817 987 2030 1059 quidem
2077 976 2256 1038 mente

709 1110 912 1162 tenere,
957 1097 1061 1150 alia
1099 1108 1194 1147 ore
1225 1089 1489 1160 proloqui.
1551 1085 1610 1139 Si
1660 1098 1788 1152 ergo
1838 1096 1949 1134 vere
1982 1078 2251 1146 justitiam

709 1190 999 1262 loquimini.
1032 1189 1165 1242 heus
1191 1183 1316 1238 vos!
1363 1189 1501 1235 recta
1525 1177 1781 1247 judicate,
1835 1181 1887 1227 et
1931 1185 2048 1240 qua:
2081 1167 2254 1236 loqui-

707 1287 839 1339 mini
869 1284 1343 1354 peragitepneque
1390 1275 1444 1327 in
1500 1274 1662 1325 corde
1706 1269 2014 1338 iniquitates
2068 1275 2254 1329 opere-

707 1350 886 1440 mini,‘
929 1350 1029 1428 nec
1091 1382 1283 1424 manus
1314 1371 1502 1420 vestra:
1559 1358 1874 1430 injustitiam
1906 1350 2249 1420 complicent.

2357 713 2614 785 ὑμέτεραι
2665 712 2916 785 πράξεις’
2965 712 3227 767 Ἀδικίαν
3257 716 3314 766 al
3345 712 3538 780 χεῖρες
3563 711 3730 781 ὑμῶν
3763 725 3883 779 συμ-

2361 803 2668 855 πλέκουσι.
2715 801 2947 871 Κρίνατε
2989 797 3080 855 οὖν
3103 800 3280 864 εὐθέα,
3312 801 3416 853 υἱοὶ
3446 800 3552 852 τῶν
3595 798 3881 869 ἀνθρώπων,

2365 895 2458 947 καὶ
2501 893 2784 961 λογίσασθε
2818 893 2942 962 παρ’
2966 895 3192 956 ἑαυτοῖς,
3233 894 3280 945 εί
3303 893 3413 954 τοῖς
3439 891 3726 960 ὑμετέροις
3743 891 3883 958 λόγοις

2364 985 2642 1054 συμφωνεῖ
2685 982 2751 1036 τὰ
2794 982 2946 1052 ἔργα.
2976 983 3037 1034 Εί
3066 982 3172 1053 γὰρ
3198 979 3533 1048 δικαιοσύνην
3555 979 3880 1042 λαλεῖτε,πῇ

2359 1074 2415 1128 αἱ
2447 1076 2619 1144 χεῖρες
2669 1071 2816 1142 ὑμῶν
2853 1072 3061 1126 ἀδικίαν
3103 1059 3530 1141 συμπλέκουσιν;
3560 1071 3676 1139 ’Δφ’
3708 1065 3765 1124 οὗ
3798 1071 3878 1123 δεί-

2360 1163 2556 1217 κνυσθε
2580 1164 2804 1233 ἀνομίας
2837 1164 2891 1216 ἐν
2921 1165 2984 1232 τῇ
3019 1162 3212 1233 καρδίᾳ
3240 1160 3588 1240 λογιζόμενοι,
3625 1161 3719 1212 καὶ
3749 1159 3881 1229 ἕτερα

2369 1254 2468 1313 μὲν
2498 1253 2879 1322 διανοούμενοι,
2909 1253 3071 1323 ἕτερα
3113 1251 3170 1303 δὲ
3213 1250 3289 1320 τῷ
3340 1250 3564 1320 στόματι
3610 1247 3880 1309 λαλοῦντες.

2359 1347 2427 1416 El
2461 1344 2534 1412 δὴ
2569 1340 2659 1398 οὖν
2684 1343 2918 1412 άληθῶς
2945 1342 3331 1408 (Sarsinatis-nr
3369 1324 3636 1404 λαλεῖτε,
3677 1340 3882 1407 κρίνατε

706 1470 777 1523 τὰ
825 1430 1020 1528 εὐθέα,
1083 1457 1125 1515 ὧ
1178 1455 1339 1520 οὗτοι,
1376 1455 1469 1508 καὶ
1507 1453 1647 1522 άπερ
1689 1450 1915 1509 λαλεῖτε,
1950 1442 2120 1497 ταῦτα
2163 1439 2256 1492 καὶ
2294 1440 2580 1507 πράττετε,
2627 1436 2759 1507 μηδέ
2794 1437 2851 1489 ὲν
2901 1435 3095 1507 καρδίᾳ.
3124 1434 3347 1504 ἀνομίας
3401 1431 3716 1503 ἐργάζεσθε,
3777 1430 3881 1500 μηδὲ

701 1563 761 1616 αἱ
799 1565 977 1630 χεῖρες
1008 1554 1159 1627 ὑμῶν
1193 1551 1415 1620 ἀνομίαν
1454 1545 1926 1617 συμπλεκέτωσαν.
2260 1611 2263 1613 _

771 1613 934 1707 Vneris.
1109 1647 1336 1701 Alienati
1370 1652 1488 1697 sunt
1517 1648 1808 1708 peccatores
1843 1653 1874 1690 a
1909 1633 2080 1694 vulva,
2107 1643 2244 1684 erra-

2439 1617 3027 1685 Ἀπηλλοτριώθησαν
3062 1619 3115 1670 οἱ
3147 1615 3474 1685 ἁμαρτωλοὶ
3507 1615 3622 1669 -.πὸ
3644 1613 3878 1684 μήτρας,

700 1754 882 1803 verunt
913 1746 974 1798 ab
999 1752 1165 1806 utero,
1192 1738 1351 1792 locuti
1387 1743 1508 1791 sunt
1540 1735 1701 1804 falsa.
1747 1730 1871 1786 Ηιεε
1893 1738 2106 1797 quoque
2131 1722 2244 1775 [iliis

2349 1705 2781 1774 ἐπλανήθησαν
2829 1707 2944 1761 ἀπὸ
2989 1707 3244 1776 γαστρὸς
3265 1699 3299 1770 ,’
3331 1705 3642 1769 ἐλάλησαν
3688 1706 3878 1774 ψευδῆ.

697 1840 977 1894 hominum
1002 1834 1254 1904 applicat,
1284 1829 1376 1900 qui
1420 1843 1478 1882 se
1527 1827 1693 1879 Deum
1718 1821 1916 1884 colere,
1949 1824 2004 1872 et
2027 1812 2244 1885 justitize

2350 1801 2458 1853 Καὶ
2496 1798 2666 1852 ταῦτα
2712 1799 2846 1870 πρὸς
2880 1799 3180 1862 τοὺςύίοὺς
3223 1797 3332 1850 τῶν
3362 1796 3661 1869 ἀνθρώπων
3694 1795 3882 1850 ἀποτεί-

698 1932 844 2000 leges
865 1928 1012 1983 adire
1035 1892 1382 1996 proﬁtemur,
1413 1931 1590 1987 neque
1607 1924 1786 1968 tamen
1810 1917 1957 1965 recte
1978 1907 2244 1977 judicant.
2280 1892 2324 1968 Β
2351 1908 2441 2000 εξιετ

696 1997 802 2078 Eos
834 2022 995 2093 igitur
1052 2018 1132 2074 sic
1171 2013 1458 2084 compellat
1493 2030 1504 2064 :
1539 2007 1683 2062 Heus
1728 2005 1857 2059 vos!
1920 1999 2120 2060 audite,
2154 1997 2247 2066 qui

692 2117 960 2185 justitiam
983 2128 1076 2167 ore
1106 2119 1265 2165 tenus
1315 2101 1618 2174 loquimini,
1647 2098 1897 2152 manibus
1930 2106 2058 2147 vero
2108 2086 2249 2156 inju-

694 2209 899 2265 stitiam
923 2201 1245 2275 operamini,
1308 2199 1583 2264 multaque
1633 2191 1794 2247 simul
1844 2195 2061 2258 peccata
2099 2197 2248 2237 com-

694 2303 909 2375 plicatis
930 2274 1347 2368 ;magnojudici
1372 2294 1499 2346 latet
1528 2287 1661 2343 nihil
1686 2299 1872 2340 eorum
1907 2295 2024 2351 quae
2047 2274 2246 2375 singuli

693 2360 749 2446 in
768 2397 946 2445 mente
975 2392 1214 2442 versant.
1247 2382 1470 2437 Etiamsi
1520 2377 1662 2432 enim
1710 2375 1832 2444 quis
1856 2370 2046 2425 oculis
2079 2360 2246 2420 homi-

693 2495 824 2534 num
881 2479 1046 2532 latere
1098 2475 1381 2545 videatur;
1432 2479 1485 2524 at
1539 2469 1676 2525 sciat
1728 2463 1950 2520 immani
1977 2476 2036 2516 se
2063 2471 2246 2513 errore

695 2571 820 2626 duci
838 2583 1062 2639 seseque
1113 2567 1378 2635 decipere.
1409 2562 1593 2632 Neque
1613 2559 1756 2615 enim
1788 2569 1981 2625 magno
2034 2551 2246 2606 univer-

691 2678 874 2718 sorum
898 2660 1069 2731 judlci
1107 2661 1350 2715 occultus
1374 2658 1496 2720 erit,
1528 2653 1595 2710 ad
1614 2652 1771 2723 cujus
1792 2647 2242 2704 tribunalomnes

689 2757 966 2810 sistemur.
995 2750 1276 2819 Quomodo
1304 2756 1482 2802 autem
1510 2746 1618 2800 Deo
1647 2745 1816 2798 latere
1853 2739 2084 2811 possint,
2117 2749 2241 2790 cum

689 2850 1005 2919 priusquam
1031 2846 1083 2897 in
1131 2845 1303 2898 lucem
1334 2840 1630 2910 prodirent,
1658 2836 1729 2898 ei,
1765 2833 1857 2904 qui
1886 2831 2069 2886 omnia
2093 2828 2244 2902 novit

689 2948 977 3010 antequam
1021 2939 1178 2999 ﬁant,
1237 2935 1438 3005 cogniti
1481 2929 1703 2987 essent?
1756 2927 1935 2992 Quare
1955 2930 2242 2990 antequam

688 3034 898 3094 ﬁerent,
926 3045 1041 3092 eos,
1074 3028 1227 3098 quasi
1248 3027 1357 3094 jam
1389 3023 1728 3082 exsisterent.
1753 3017 1885 3072 tales
1909 3012 2024 3068 fore
2056 3011 2244 3081 quales

683 3127 794 3196 jam
812 3131 937 3177 sunt
967 3117 1357 3190 prospiciebat:
1389 3114 1582 3168 exinde
1618 3109 1878 3177 verojam
1899 3104 2242 3176 apudipsum

687 3213 957 3285 reprobati
1009 3217 1184 3267 erant.
1228 3206 1456 3274 Alienati
1510 3211 1631 3257 sunt
1675 3201 1839 3271 igitur
1880 3205 2170 3267 peccatores
2209 3209 2242 3246 a
2267 3231 2309 3290 Ο

686 3306 856 3358 vulva.
888 3302 964 3355 Ac
980 3298 1192 3355 etiamsi
1220 3295 1383 3350 hodie
1411 3292 1673 3365 justitiam
1727 3289 1978 3344 simulate
2011 3286 2240 3355 loquan-

688 3393 1082 3463 tur,.operibus
1123 3389 1395 3444 contraria
1443 3384 1847 3456 aggredientes;
1882 3388 1936 3433 at
1984 3393 2092 3433 non
2128 3377 2238 3445 jam

687 3491 927 3560 prinum
955 3487 1093 3556 apud
1117 3483 1282 3539 Deum
1310 3483 1450 3536 tales
1482 3495 1604 3535 esse
1628 3477 1877 3532 videntur
1900 3495 1913 3529 :
1938 3473 2029 3528 sed
2061 3471 2239 3542 prius-

684 3596 845 3649 quam
906 3595 972 3634 ex
1020 3586 1175 3634 utero
1232 3577 1543 3646 prodirent;
1577 3575 1709 3642 quin
1743 3578 1797 3625 et
1839 3576 2128 3636 antequam
2182 3562 2237 3616 in

684 3674 856 3727 vulva:
885 3670 1224 3741 receptaculo
1244 3669 1692 3738 conciperentur,
1719 3681 1782 3719 ex
1805 3676 2030 3728 numero
2051 3674 2240 3715 erran-

687 3767 820 3818 tium
846 3766 912 3818 ab
932 3779 996 3818 eo
1045 3764 1452 3832 reputabantur,
1487 3768 1540 3815 et
1567 3758 1711 3829 quod
1753 3758 1885 3812 tales
1936 3753 2103 3809 futuri
2153 3769 2238 3809 es-

687 3861 809 3908 sent
860 3870 967 3908 non
1007 3854 1284 3922 ignorabat
1338 3853 1470 3921 ipse.
1517 3848 1620 3903 Sed
1656 3849 1723 3902 ab
1764 3863 1828 3915 eo
1858 3848 1968 3917 jam
2000 3855 2239 3913 tempore

685 3946 909 4001 noverat
930 3960 1022 3998 eos
1047 3945 1181 3997 falsa
1201 3945 1497 4005 locuturos,
1537 3949 1591 3996 et
1629 3939 1864 3995 furorem
1897 3941 2028 4008 ipsis
2056 3953 2239 3991 secun-

682 4041 808 4092 dum
831 4036 1222 4093 similitudinem
1238 4027 1484 4102 serpentis
1511 4033 1643 4088 fore.
1671 4032 1850 4101 Θυμὸν
1864 4040 2040 4086 autem
2067 4029 2238 4086 Graeci

685 4130 1048 4187 solentetiam
1075 4129 1312 4183 animam
1343 4123 1925 4195 appellare.»Quoniam
1951 4123 2115 4194 igitur
2138 4137 2237 4175 an-

682 4227 868 4296 tiqttus
883 4238 1106 4292 serpens
1155 4221 1248 4291 qui
1279 4219 1446 4273 Evam
1478 4218 1719 4288 decepit,
1743 4219 1898 4273 suavi
1929 4217 2147 4287 quidem
2182 4224 2235 4271 et

683 4319 856 4372 amica
887 4319 1133 4372 oratione
1183 4314 1434 4370 simulate
1460 4311 1732 4373 utebatur,
1766 4311 1859 4364 Ziei
1907 4312 2233 4364 mentionem

683 4408 935 4472 faciebat,
1000 4415 1054 4462 et
1095 4421 1220 4461 cum
1283 4403 1518 4475 quadam
1578 4400 1792 4471 pietatis
1825 4401 2001 4469 specie
2024 4400 2234 4454 mulieri

683 4501 933 4554 dicebat:
968 4499 1142 4564 Quare
1165 4498 1299 4552 dixit
1336 4495 1473 4550 Deus
1502 4511 1514 4546 :
1553 4493 1631 4548 Ne
1659 4491 1944 4546 comedatis
1985 4505 2048 4543 ex
2095 4493 2236 4545 omni

681 4591 844 4662 ligno,
865 4591 998 4660 quod
1031 4601 1106 4645 est
1130 4593 1183 4644 in
1216 4589 1465 4660 paradiso
1495 4588 1574 4642 ’θεῖ
1609 4601 1673 4642 ac
1730 4599 1948 4639 rursum
1978 4601 1990 4636 :
2025 4581 2229 4637 Sciebat
2262 4577 2309 4636 ι)

681 4686 820 4740 enim
835 4683 995 4748 Deus,
1016 4683 1151 4752 quod
1165 4699 1463 4753 quacunque
1484 4683 1566 4748 die
1582 4678 1906 4735 comederitis
1932 4692 1995 4730 ea:
2015 4692 2094 4741 eo,
2115 4691 2234 4742 ape-

683 4782 885 4834 rientur
901 4777 1037 4831 oculi
1066 4777 1239 4839 vestri,
1265 4785 1314 4829 et
1333 4778 1476 4830 eritis
1493 4776 1627 4829 sicut
1663 4774 1761 4839 dii,
1787 4772 2002 4827 scientes
2045 4769 2235 4825 bonum

685 4881 733 4926 et
764 4871 1037 4925 malum".
1079 4872 1143 4923 Et
1195 4870 1390 4924 talibus
1422 4871 1637 4940 quidem
1668 4869 1828 4925 dictis
1855 4867 2138 4929 simulans,
2182 4875 2234 4923 et

681 4964 849 5019 Deum
872 4980 928 5018 se
945 4978 1108 5019 nosse
1156 4962 1467 5033 praeferens,
1509 4964 1784 5019 mulierem
1822 4963 2232 5035 alloquebatur;

681 5058 738 5112 in
756 5057 920 5111 corde
940 5063 1125 5111 autem‘
1146 5055 1461 5126 iniquitates
1503 5057 1850 5125 operabatur,
1893 5072 1954 5112 ac
1977 5058 2232 5127 operibus

681 5148 1002 5218 injustitiam
1032 5149 1408 5219 complicabat.
1444 5146 1633 5203 Merito
1653 5149 1706 5202 lii
1738 5165 1952 5220 quoque
1981 5152 2236 5205 dicuntur

681 5241 926 5295 furorem
943 5247 996 5293 et
1026 5242 1260 5295 animam
1291 5241 1490 5296 habere
1546 5251 1844 5298 memorato
1890 5245 2125 5315 serpenti
2160 5247 2235 5300 si-

681 5332 882 5387 milem.
905 5327 1057 5397 Quod
1087 5331 1261 5400 ipsum
1293 5332 1433 5389 Deus
1459 5334 1796 5403 pmscientia
1827 5352 1921 5391 sua
1956 5353 2232 5408 ιιι-ποθου-

681 5424 847 5490 pavit.
865 5420 999 5477 Nam
1021 5421 1099 5488 hi,
1122 5425 1321 5481 auditis
1345 5426 1541 5482 divinis
1572 5427 1932 5492 sermonibus,
1954 5432 2234 5501 sacrisque

681 5515 861 5577 verbis
914 5510 1136 5598 eruditi,
1173 5516 1310 5577 nihil
1368 5518 1436 5573 ad
1492 5517 1776 5573 utilitatem
1832 5525 2062 5590 parient,
2104 5525 2232 5594 quia

683 5622 843 5664 aures
887 5609 1217 5674 occludunt,
1242 5625 1416 5680 neque
1457 5609 1765 5692 divinarum
1805 5614 2230 5675 iucantationum

681 5698 912 5758 virtutes
943 5701 1238 5774 recipiunt,
1268 5701 1588 5762 sedsimiles‘
1617 5711 1744 5762 sunt
1775 5707 1947 5779 aspidi
1974 5711 2232 5768 surdae-et

753 5857 798 5890 “
835 5825 966 5914 Ceu.
1004 5876 1101 5927 ιιι,
1137 5861 1185 5917 1.
1258 5862 1304 5894 ⁸⁸
1343 5861 1474 5921 ibid.
1511 5865 1565 5921 5.

2447 1905 2502 1944 αι
2529 1891 2653 1952 τοὺς
2684 1887 3175 1958 ἐπαγγελλομένους
3202 1887 3470 1941 θεοσεϐεῖν
3488 1928 3502 1950 ,
3545 1888 3639 1941 καὶ
3663 1888 3783 1950 τοὺς
3804 1887 3882 1955 τῆς

2346 1980 2689 2051 δικαιοσύνης
2735 1977 3089 2050 μετέρχεσθαι
3131 1977 3325 2048 νόμους
3349 2016 3364 2041 ,
3401 1978 3474 2048 μὴ
3524 1979 3801 2050 κρίνοντας
3838 1977 3880 2028 δὲ

2346 2071 2536 2143 ὀρθῶς.
2566 2071 2732 2142 Φησὶν
2757 2065 2848 2123 οὖν
2878 2070 3012 2140 πρὸς
3039 2067 3266 2131 αὐτούς’
3305 2069 3598 2121 ’Δκούσατε
3617 2111 3632 2135 ,
3654 2062 3699 2122 ὧ
3729 2063 3879 2131 οὗτοι,

2345 2165 2394 2216 oi.
2435 2161 2719 2224 λαλοῦντες
2757 2161 2854 2232 μέν
2884 2158 3223 2229 δικαιοσύνην
3250 2157 3326 2228 τῷ
3369 2158 3635 2227 στόματι,
3681 2159 3880 2230 ἐργαξὸ-

2351 2270 2499 2326 μενοι
2540 2254 2595 2306 δὲ
2620 2256 2737 2316 ταῖς
2777 2253 2960 2324 χερσὶν
3001 2249 3241 2313 ἀδικίαν,
3295 2249 3389 2302 καὶ
3432 2249 3630 2313 πολλὰς
3668 2251 3801 2303 κατὰ
3831 2251 3878 2303 τὸ

2345 2347 2472 2399 αὐτὸ
2507 2345 2903 2416 συμπλέκοντες
2932 2341 3203 2413 ἁμαρτίας
3224 2358 3236 2370 ·
3263 2341 3351 2394 τὸν
3385 2340 3560 2411 μέγαν
3589 2342 3778 2410 κριτὴν
3805 2341 3877 2392 οὐι-

2343 2437 2428 2492 δὲν
2457 2437 2702 2493 λανθάνει
2724 2436 2827 2489 τῶν
2848 2434 2988 2488 κατά
3019 2434 3250 2488 διάνοιαν
3275 2431 3487 2502 ἑκάστῳ
3515 2430 3874 2500 λογιζομένων.

2342 2528 2460 2583 Κᾶν
2487 2529 2594 2601 γάρ
2622 2529 2750 2600 δοκῇ
2790 2545 2872 2590 τις
2918 2510 3218 2598 ἀνθρώπων
3257 2522 3566 2596 ὀφθαλμοὺς
3607 2524 3876 2596 κρύπτειν,

2343 2623 2455 2676 ἀλλ’
2509 2621 2639 2675 ἵστω
2658 2661 2672 2686 ,
2727 2623 2806 2675 ὅτι
2850 2620 3028 2691 δεινὴν
3073 2619 3280 2691 πλάνην
3325 2618 3660 2688 πεπλάνηται
3712 2615 3879 2670 ἑαυτὸν

2342 2714 2582 2767 ἀπατῶν.
2623 2713 2695 2766 Οὐ
2727 2711 2833 2783 γὰρ
2877 2712 2967 2764 τὸν
3000 2711 3170 2782 μέγαν
3208 2709 3316 2764 τῶν
3345 2709 3479 2763 ὅλων
3511 2707 3703 2782 κριτὴν
3725 2708 3878 2779 ,λήσε-

2340 2823 2462 2868 ται,
2509 2798 2568 2859 οὗ
2612 2805 2806 2865 πάντες
2854 2803 2959 2874 πρὸ
2994 2802 3086 2854 τοῦ
3131 2801 3368 2872 βήματος
3413 2798 3873 2872 παραστησόμεθα.

2342 2897 2464 2958 Πῶς
2485 2897 2528 2949 δ’
2554 2895 2616 2949 ἂν
2645 2895 2736 2948 καὶ
2772 2894 2980 2949 λάθοιεν
3003 2894 3090 2948 τὸν
3121 2894 3249 2946 Θεὸν
3276 2889 3436 2956 οὗτοι,
3469 2895 3631 2947 ὁπότε
3654 2893 3748 2947 καὶ
3769 2894 3875 2962 πρὶν

2289 2993 2295 3000 ’
2343 2987 2419 3048 είς
2446 2987 2558 3054 φῶς
2581 2985 2855 3056 προελθεῖν
2876 2985 3088 3049 αὐτοὺς,
3116 2985 3294 3038 πάντα
3319 2985 3479 3037 είδότι
3509 2985 3614 3055 πρὸ
3635 2983 3875 3052 γενέσεως

2342 3077 2518 3131 αὐτῶν
2559 3077 2947 3147 ἐγνωρίζοντο;
2985 3076 3075 3128 Διὸ
3124 3077 3251 3147 πρὶν
3294 3073 3620 3144 γεννηθῆναι
3667 3073 3874 3134 αὐτοὺς,

2342 3168 2415 3232 ὡς
2442 3167 2540 3239 ἥδη
2569 3168 2877 3237 ὑφεστῶτας
2897 3208 2910 3233 ,
2941 3169 3034 3221 καὶ
3058 3166 3326 3229 τοιούτους
3362 3165 3516 3228 ὄντας
3549 3159 3651 3218 οἷοι
3674 3163 3766 3216 νῦν
3789 3165 3874 3215 εἰσι

2343 3258 2624 3330 προεώρα·
2665 3259 2761 3330 ἢδη
2802 3276 2862 3311 τε
2909 3258 2966 3322 ἐξ
3009 3260 3215 3312 ἐκείνου
3258 3257 3548 3327 ἀπόϐλητοι
3591 3249 3727 3324 ἦσαν
3763 3255 3871 3322 παρ’

2339 3349 2504 3420 αὐτῷ.
2542 3349 3123 3418 Ἀπηλλοτριώθησαν
3149 3349 3277 3418 γοῦν
3309 3351 3361 3402 oi
3399 3344 3730 3417 ἁμαρτωλοί
3774 3341 3871 3395 ἀπὸ

2334 3444 2582 3513 μήτρας.
2606 3444 2786 3502 Καὶλεί
2809 3444 2901 3497 καὶ
2931 3443 2998 3495 τὰ
3030 3441 3261 3511 μάλιστα
3291 3442 3526 3512 σήμερον
3554 3434 3872 3504 δικαιοσύνην

2338 3535 2514 3588 λαλεῖν
2541 3535 2976 3607 προσποιοῦνται,
3004 3538 3115 3598 τοῖς
3139 3534 3320 3605 ἔργοις
3348 3532 3415 3584 τὰ
3453 3531 3671 3583 ἐναντία
3704 3544 3872 3599 μετερ-

2338 3629 2575 3699 χόμενοι,
2611 3628 2722 3681 ἀλλ’
2750 3628 2808 3680 ού
2846 3627 2939 3680 καὶ
2973 3627 3119 3697 παρὰ
3147 3624 3262 3695 Θεῷ
3295 3624 3388 3676 νῦν
3420 3623 3696 3693 ἐφάνησαν
3718 3620 3870 3673 τοιοί-

2338 3737 2416 3773 τοι
2442 3737 2453 3751 ·
2483 3721 2608 3791 πρὶν
2635 3720 2691 3772 δέ
2730 3719 2836 3772 άπὸ
2869 3718 3102 3788 γαστρὸς
3131 3715 3406 3786 προελθεῖν
3441 3715 3657 3777 αὐτοὺς,
3688 3712 3871 3782 μᾶλλον

2337 3812 2392 3865 δὲ
2421 3814 2515 3865 καὶ
2541 3813 2646 3884 πρὸ
2685 3811 2777 3864 τοῦ
2819 3809 3180 3878 συλληφθῆναι
3215 3811 3271 3861 ἐν
3315 3805 3395 3875 τῷ
3429 3805 3527 3875 τῆς
3566 3806 3772 3874 μήτρας
3800 3803 3872 3854 δο-

2337 3904 2496 3974 χείῳ,
2525 3905 2582 3957 ἐν
2614 3900 3042 3971 πεπλανημένοις
3072 3884 3422 3968 ἐλογίσθησαν
3453 3895 3580 3965 παρ’
3605 3893 3770 3962 αὐτῷ,
3793 3891 3871 3944 καὶ

2339 3995 2616 4063 μέλλοντες
2648 3994 2862 4047 ἔσεσθαι
2895 3989 3119 4044 τοιοῦτοι
3146 3989 3244 4042 οὐκ
3276 3984 3729 4058 ὴγνοοῦντο.Ἥδη
3749 3983 3802 4036 δὲ
3823 3983 3868 4048 ἐξ

2336 4085 2540 4138 ἐκείνου
2588 4085 2662 4150 ὡς
2704 4085 2768 4139 ἂν
2815 4084 3096 4156 μέλλοντες
3144 4081 3210 4134 τὰ
3264 4079 3430 4151 ψευδῆ
3481 4077 3661 4131 λαλεῖν
3707 4073 3871 4144 ἐγινώ-

2338 4185 2524 4228 σκοντο
2543 4215 2556 4239 ,
2592 4176 2685 4229 καὶ
2707 4175 2782 4240 ὡς
2812 4176 2980 4246 θυμὸς
3012 4174 3192 4237 αὐτοῖς
3213 4174 3340 4226 ⁵ἐστι
3373 4170 3522 4224 κατὰ
3548 4168 3662 4236 τὴν
3689 4166 3870 4236 ὁμοίω-

2329 4279 2437 4321 σιν
2461 4267 2566 4321 τοῦ
2604 4267 2807 4336 ὄφεως.
2838 4267 3017 4337 Θυμὸν
3046 4268 3102 4319 οὲ
3127 4266 3220 4319 καὶ
3248 4264 3346 4336 τὴν
3381 4261 3556 4334 ψυχὴν
3588 4260 3679 4314 καὶ
3706 4258 3868 4318 παῖδες

2346 4358 2606 4429 Ἑλλήνων
2642 4357 2822 4410 καλεῖν
2865 4354 3137 4412 είώθασιν.
3188 4356 3339 4409 Ἐπεὶ
3377 4354 3556 4407 τοίνυν
3586 4354 3681 4407 καὶ
3724 4353 3753 4404 ὁ
3783 4367 3868 4401 πα-

2333 4450 2480 4512 λαιὸς
2515 4447 2666 4518 ὄφις,
2711 4447 2809 4519 τὴν
2842 4437 2984 4502 Εὕαν
3016 4449 3328 4520 ἀπατήσας,
3376 4447 3752 4515 προσεποιεῖτο
3785 4441 3867 4511 μὲν

2334 4541 2557 4612 γλυκείᾳ
2607 4541 2698 4592 καὶ
2750 4539 2935 4614 φιλικῇ
2985 4535 3279 4608 κεχρῆσθαι
3323 4536 3537 4607 ὁμιλίᾳ,
3575 4539 3787 4607 μνήμην
3819 4550 3864 4586 τε

2336 4629 2470 4684 Θεοῦ
2519 4628 2814 4691 ποιεῖσθαι,
2848 4629 2938 4681 καί
2983 4644 3101 4680 τινα
3125 4625 3522 4679 ἐπιδείκνυσθαι
3566 4627 3860 4688 εὐλάϐειαν,

2335 4722 2502 4792 λέγων
2551 4725 2616 4794 τῇ
2663 4721 2910 4790 γυναικί⁸
2962 4721 3021 4774 Τί
3052 4719 3141 4772 ὅτι
3176 4713 3342 4772 εἶπεν
3376 4720 3408 4769 ό
3453 4719 3630 4784 Θεός·
3675 4723 3754 4774 Οὐ
3793 4718 3864 4788 μὴ

2336 4812 2555 4880 φάγητε
2581 4812 2696 4866 ἀπὸ
2722 4811 2946 4878 παντὸς
2971 4810 3159 4874 ξύλου
3193 4808 3381 4863 τοῦέν
3401 4805 3498 4872 τῷ,
3515 4808 3866 4876 παραδείσοις

2335 4905 2427 4956 καὶ⁸
2458 4889 2648 4957 πάλιν*
2677 4902 2847 4975 ,νῌδει
2889 4903 2999 4971 τὰρ
3036 4906 3067 4956 ό
3093 4901 3236 4966 Θεὸς
3255 4940 3269 4964 ,
3300 4899 3389 4952 ὅτι
3419 4893 3458 4970 ᾗ
3489 4898 3547 4975 δ’
3583 4899 3660 4953 ἂν
3699 4900 3866 4969 ἡμέρᾳ

2333 4993 2554 5062 φάγητε
2602 4973 2734 5049 ἀπ(
2764 4991 2980 5058 αὑτοῦ,
3041 4973 3556 5057 διανοιχθήσονέαι
3613 4987 3774 5056 ὑμῶν
3823 4989 3866 5040 οι

2335 5085 2621 5154 ὀφθαλμοί
2641 5123 2657 5148 ,
2700 5084 2797 5138 καὶ
2821 5084 3038 5138 ἔσεσθε
3070 5079 3149 5145 ὡς
3170 5080 3320 5144 θεοί,
3351 5077 3741 5153 γινώσκοντες
3781 5094 3866 5133 κα·

2332 5175 2445 5228 λὸν
2469 5176 2565 5230 καὶ
2592 5176 2879 5242 πονηρόν·
2910 5172 3002 5226 καὶ
3028 5156 3260 5224 ’τοιαῦτα
3295 5171 3391 5240 μὲν
3428 5171 3862 5243 ὑποκρινόμενος.

2333 5266 2425 5318 καὶ
2455 5266 2542 5319 τὸν
2571 5265 2702 5319 Θεὸν
2733 5263 2927 5318 εἰδέναι
2956 5259 3415 5332 προσποιούμενος
3433 5302 3447 5326 ,
3479 5262 3670 5332 ὡμίλει
3701 5265 3763 5332 τῇ
3786 5277 3865 5328 γν-

2333 5358 2508 5421 ναικὶ,
2556 5361 2612 5437 ἐν
2655 5354 2850 5428 καρδίᾳ
2893 5353 2951 5407 δὲ
3004 5353 3230 5426 ἀνομίας
3273 5353 3584 5426 εἰργάζετο,
3632 5357 3727 5408 καὶ
3769 5353 3866 5410 τοῖς

2333 5449 2508 5520 ἔργοις
2529 5450 2738 5505 ἀδικίαν
2763 5447 3089 5502 συνέπλεκεν
3108 5446 3358 5510 ἐἰκότως
3381 5448 3476 5501 καὶ
3503 5447 3612 5500 οἶδε
3639 5447 3863 5513 λέγονται

2333 5540 2499 5611 θυμὸν
2525 5542 2670 5613 ἔχειν
2698 5543 2790 5595 καὶ
2816 5539 2990 5611 ψυχὴν
3020 5539 3210 5610 ὁμοίαν
3238 5539 3316 5612 τῷ
3343 5523 3694 5613 προλεχθέντι
3725 5537 3858 5604 δφειο

2330 5631 2360 5684 δ
2390 5632 2451 5703 δὴ
2478 5633 2569 5686 καὶ⁵
2596 5630 2730 5686 αὐτὸ
2753 5631 3077 5702 προείληφεν
3095 5631 3285 5696 ὁΘεδς
3314 5633 3379 5703 τῇ
3416 5622 3738 5702 προγνώσει.
3761 5615 3861 5679 Τῶν

2263 5784 2270 5787 ,
2333 5724 2438 5796 γὰρ
2461 5723 2618 5782 θείων
2651 5722 3021 5787 είσακούοντες
3059 5724 3230 5793 λόγων
3257 5725 3352 5781 καὶ
3377 5726 3487 5790 τοῖς
3520 5724 3685 5797 ἱεροῖς
3712 5719 3860 5805 μιθη·
