3976 6348
82 486 177 559 555
216 546 224 553 .

79 793 192 863 ἑξῆς
247 791 385 862 μετά
440 790 644 861 βραχέα
699 788 1039 855 ἐπιλέγεται’
1088 804 1106 836 ι
1148 785 1254 837 Καὶ
1303 784 1616 839 ἐϐασίλευσε

77 883 223 938 Δαυῒδ
266 884 358 937 ἐπὶ
400 880 645 954 Ἰσραήλ·
679 881 771 934 καὶ
796 875 862 949 ἦν
903 876 1063 939 Δαυῖδ
1105 864 1273 930 ποιῶν
1311 880 1482 948 κρῖμα
1525 878 1618 931 καὶ

76 974 403 1046 δικαιοσύνην
453 975 545 1028 ἐπὶ
581 973 754 1026 πάντα
778 972 869 1024 τὸν
908 970 1032 1024 λαὸν
1082 968 1263 1024 αὐτοῦ.
1315 970 1423 1023 Kal
1460 969 1616 1023 Ἰωάθ

77 1068 175 1130 υἱὸς
201 1068 465 1138 Σαρουῖας
497 1065 589 1118 ἐπὶ
633 1064 731 1134 τῆς
761 1062 1068 1134 στρατείας.
1109 1079 1127 1112 ι
1161 1062 1271 1115 Καὶ
1315 1056 1469 1123 αὖθις
1500 1060 1616 1131 μεθ’

77 1160 224 1230 ἐτερα
259 1157 506 1230 εἴρηται’
555 1175 574 1208 ι
615 1156 722 1209 Kal
755 1153 1075 1208 ἀπέστειλαν
1118 1155 1165 1206 οἱ
1208 1152 1311 1206 υίοὶ
1371 1151 1615 1223 Ἀμμὼν,

76 1255 155 1307 καὶ
204 1250 572 1323 ἐμισθώσαντο
613 1249 710 1316 τὴν
734 1247 931 1319 Συρίαν
972 1244 1139 1299 Ῥοὼδ
1168 1245 1260 1299 καὶ
1296 1243 1393 1315 τὴν
1420 1244 1618 1316 Συρίαν

77 1344 229 1397 Σοδάλ
259 1342 431 1396 εῐκοσι
464 1339 698 1411 χιλιάδας
733 1338 946 1403 πεζῶν,
991 1338 1083 1391 κα)⁵
1112 1337 1202 1390 τὸν
1241 1335 1456 1406 βασιλέα
1502 1339 1618 1391 Μα-

75 1434 170 1505 χαά
195 1434 394 1505 χιλίους
422 1428 638 1503 ἄνδρας,
671 1431 763 1485 καὶ
799 1430 1003 1485 Βίστὼό
1039 1430 1104 1483 ι6¹
1124 1429 1361 1501 χιλιάδας
1387 1429 1627 1500 ἀνδρῶνι

78 1530 173 1583 Καὶ
196 1530 393 1599 ἢκουσε
429 1525 604 1589 Δαυῒδ,
646 1527 738 1579 καὶ
766 1523 1047 1579 ἀπέστειλε
1075 1522 1171 1593 τὴν
1217 1521 1461 1592 δύναμιν,
1494 1522 1617 1584 τοὺς

76 1620 329 1682 δυνατούς.
350 1618 461 1672 Καὶ
486 1616 705 1687 ἐξῆλθον
735 1616 839 1671 υίοὶ
870 1613 1109 1686 Ἀμμὼν,
1134 1614 1227 1667 καὶ
1249 1611 1618 1684 παρετάξαντο

78 1714 290 1782 πόλεμον
326 1708 478 1779 παρά
506 1711 571 1779 τῇ
601 1708 738 1779 θύρᾳ
765 1708 860 1778 τῆς
893 1706 1065 1775 πύλης
1091 1703 1288 1775 Συρίας
1324 1703 1482 1757 Σωόᾶ
1522 1705 1617 1756 καὶ

87 1802 237 1856 Ῥοὼϐ
252 1802 344 1855 καὶ
370 1798 598 1855 Είστώὅ.
630 1801 734 1852 Καὶ
755 1795 891 1852 εἶδεν
932 1796 1107 1861 Ἰωάϐ,
1134 1797 1217 1850 ὃτι
1239 1793 1467 1865 ἐγενήθη
1482 1793 1617 1864 πρὸς

76 1896 217 1949 αὐτὸν
239 1894 648 1964 ἀντιπρόσωπον
673 1890 765 1943 τοῦ
792 1888 1030 1959 πολέμου
1057 1889 1121 1940 ἐκ
1151 1886 1246 1940 τοῦ
1276 1884 1416 1939 κατὰ
1451 1884 1617 1955 πρόσ-

1173 489 1670 547 COMMENTARIA
1713 501 1774 549 IN
1811 485 2143 545 PSALMOS.

83 629 166 684 ρος
194 610 270 680 τῷ
297 605 457 661 Δαυῖδ
481 608 559 669 είς
586 603 797 666 δούλους
824 604 1085 674 φέροντας
1116 601 1280 666 ξένια.
1316 601 1424 655 Καὶ
1446 600 1612 653 ἔσωσε

1716 600 1796 656 cis
1843 599 2140 669 interiectis
2177 598 2391 654 additur
2438 619 2449 653 :

80 704 268 771 Κύριος
309 700 399 754 τὸν
426 697 586 752 Δαυῒδ
617 698 674 750 ἐν
700 700 862 748 πᾶσιν
884 691 964 757 οἷς
991 694 1297 765 ἐπορεύετο.
1348 713 1366 744 ι
1400 692 1616 756 Τούτοις
1658 710 1659 713 ‘

3157 496 3267 555 556

2520 622 2536 651 ε
2576 600 2637 656 Ει
2697 605 2943 673 regnavit
2996 604 3160 663 David
3213 608 3267 664 in

1720 686 1921 744 lsrael:
1951 686 2179 744 faciebat
2206 702 2420 758 quoque
2444 688 2607 744 David
2633 690 2895 759 judicium
2925 701 2978 747 et
3002 694 3268 765 justitiam

1717 779 1864 835 omni
1886 780 2083 850 populo
2108 796 2229 836 suo.
2255 779 2391 836 Joab
2415 791 2592 837 autem
2630 781 2773 837 ﬁlius
2802 781 3007 839 Sarviat
3034 794 3154 841 erat
3181 803 3269 842 su-

1718 886 1814 941 per
1842 874 2162 927 exercitum.
2200 893 2219 926 ι
2260 873 2605 947 Rursumque
2650 883 2836 945 postea
2880 876 3120 931 dicitur:
3159 897 3177 929 ι
3210 876 3272 932 Et

1716 963 1984 1018 miserunt
2012 962 2107 1021 lilii
2130 962 2380 1029 Ammon,
2404 972 2457 1019 et
2487 966 2862 1021 conduxerunt
2891 966 3140 1023 mercede
3173 965 3271 1038 Sy-

1716 1051 1851 1105 riam
1885 1050 2040 1105 Roob
2066 1058 2121 1106 et
2152 1048 2363 1123 Syriam
2396 1050 2578 1116 Sobal,
2603 1053 2793 1125 viginti
2820 1052 2984 1106 millia
3008 1051 3273 1121 peditum,

1716 1148 1769 1196 et
1822 1156 1853 1195 a
1904 1155 2029 1211 rege
2064 1140 2292 1206 Mecbaa
2342 1142 2488 1197 mille
2514 1142 2684 1206 viros,
2734 1150 2789 1197 et
2817 1142 2962 1197 lstob
2988 1138 3270 1195 duodecim

1716 1231 1883 1286 millia
1938 1231 2197 1295 virorum.
2240 1231 2408 1297 Quod
2440 1247 2563 1287 cum
2614 1232 2854 1300 audisset
2894 1231 3081 1294 David,
3124 1231 3272 1285 misit

1717 1322 2015 1377 exercitum
2045 1333 2098 1378 et
2128 1322 2296 1377 fortes
2321 1322 2533 1395 [viros].
2566 1322 2632 1377 Et
2657 1324 2858 1395 egressi
2882 1332 3006 1379 sunt
3033 1322 3124 1376 lilii
3151 1322 3271 1374 Am-

1715 1426 1862 1478 mon,
1914 1419 1968 1467 et
2014 1412 2329 1468 direserunt
2363 1413 2531 1469 aciem
2567 1416 2632 1469 ad
2656 1416 2876 1484 januam
2906 1423 3073 1484 portae
3104 1411 3272 1483 Syriae

1718 1502 1861 1557 Soba
1911 1510 1965 1556 ct
1996 1502 2147 1560 Roob
2178 1512 2241 1559 et
2266 1507 2427 1561 lstob.
2498 1504 2701 1561 Videas
2740 1517 2917 1561 autem
2968 1503 3104 1560 Joab
3130 1502 3272 1573 quod

1714 1600 1860 1649 esset
1904 1593 2007 1649 sibi
2035 1595 2276 1664 praelium
2305 1610 2368 1650 ex
2401 1594 2627 1673 adverso
2656 1605 2708 1649 et
2738 1612 2767 1648 a
2794 1603 2967 1665 tergo,
3004 1595 3166 1664 elegit
3205 1608 3271 1647 ex

1686 1685 1969 1740 'omnibus
1997 1685 2289 1755 juvenibus
2342 1686 2528 1749 Israel,
2562 1694 2615 1740 et
2641 1686 2900 1740 instruxit
2934 1687 3104 1741 aciem
3138 1701 3272 1740 con-

1716 1785 1798 1831 tra
1829 1778 2041 1849 Syriam
2071 1777 2245 1843 'f-“n
2283 1784 2337 1831 et
2364 1785 2577 1832 caetera.
2598 1776 2805 1843 Quibus
2828 1774 3022 1832 deinde
3047 1776 3273 1844 subjun-

1710 1869 1900 1938 gitur:
1940 1886 1960 1921 ε
1991 1867 2056 1922 Ει
2078 1868 2329 1923 viderunt
2363 1869 2505 1923 servi
2547 1867 2787 1922 Adrazar
2815 1867 2957 1938 quod
2986 1864 3273 1920 cecidisset

77 1940 211 1949 ’⁷⁷⁷⁷
241 1940 638 1964 ’“”’“Τ“””““”“
686 1940 758 1943 ’⁷⁷
801 1940 856 1945 "‘
902 1940 985 1959 'I"’
1012 1940 1019 1941 ’
1498 1940 1509 1955 ι

76 2004 204 2039 ωπον
224 2001 238 2015 ’
268 1986 362 2037 καὶ
401 1982 650 2047 ἐπέλεξεν
679 1984 742 2035 ἐκ
771 1982 983 2034 πάντων
1027 1979 1135 2034 τῶν
1166 1978 1461 2032 νεανίσκων
1514 1977 1612 2029 Ἰσ-

1714 1974 1742 2011 a
1769 1958 1905 2013 facie
1942 1958 2108 2013 Israel
2135 1998 2149 2023 ,
2182 1967 2235 2012 et
2260 1956 2668 2028 transfugerunt
2689 1957 2753 2011 ad
2776 1957 2963 2023 Israel,
2992 1965 3046 2011 et
3074 1940 3272 2011 servie-

80 2078 214 2148 ραὴλ,
241 2078 334 2129 καὶ
364 2074 732 2146 παρετάξαντο
756 2071 1060 2137 ἐξεναντίας
1110 2070 1336 2141 Συρίας,
1378 2087 1397 2120 ι
1432 2067 1525 2120 καὶ
1548 2066 1615 2119 τά

77 2170 263 2231 τούτοις
312 2168 456 2235 ἑξῆς.
498 2161 591 2228 Οἷς
636 2165 761 2235 ἑξῆς
803 2163 1155 2233 ἐπιφέρεται’
1205 2180 1223 2211 ι
1259 2160 1367 2214 Kal
1398 2153 1535 2211 εἶδον
1566 2159 1615 2211 οἱ

76 2261 228 2313 δοῦλοι
290 2258 589 2328 Ἀδραςάρ,
624 2258 702 2309 ὃτι
755 2255 1007 2309 ἔπταισεν
1038 2251 1342 2325 ἔμπροσθεν
1381 2249 1614 2321 Ἰσραὴλ,

78 2353 156 2404 καὶ
185 2350 555 2421 ηὐτομόλησαν
592 2346 729 2417 μετὰ
772 2345 1007 2417 Ἰσραὴλ,
1041 2345 1133 2421 καὶ
1164 2341 1478 2395 ἐδούλευσαν
1519 2340 1615 2392 αὐ-

76 2418 245 2506 τοῖς.-)
278 2418 377 2496 Διά
398 2418 598 2494 τούτων
627 2442 660 2511 η
691 2438 897 2509 ἱστορία
941 2438 1036 2491 καὶ
1071 2418 1164 2489 τοῦ
1209 2433 1490 2505 Εὐφράτου
1525 2432 1617 2483 καὶ

77 2533 358 2604 τῆςΣωῦἀλ
396 2533 489 2585 καὶ
520 2532 617 2600 τῆς
648 2529 844 2599 Συρίας
877 2528 970 2581 καὶ
1005 2525 1099 2579 τοῦ
1145 2523 1334 2587 Ἰωάδ,
1379 2524 1471 2576 καὶ
1509 2521 1616 2572 τῶν

80 2626 134 2679 ιθ
177 2625 425 2696 χιλιάδων
473 2622 863 2693 ἐμνημόνευσε,
924 2620 1017 2673 καί⁵
1067 2618 1143 2678 ὼς
1196 2616 1300 2669 τῶν
1348 2613 1616 2682 πολεμίων

76 2716 308 2768 ἁπάντων
360 2711 696 2783 περικρατὴς
749 2709 967 2778 γέγονεν
1014 2710 1041 2760 ὁ
1074 2705 1265 2759 Δαυῖδ·
1309 2706 1456 2767 ὅπως
1497 2720 1557 2755 τε
1588 2703 1617 2755 ὁ

78 2791 497 2875 ἀρχιστράτηγος
548 2799 708 2853 αὐτοῦ
771 2799 955 2861 Ἰωάϐ,
1010 2796 1456 2867 παραταξάμενος
1506 2797 1616 2857 τοῖς

75 2893 389 2962 ἀλλοφύλοις,
423 2891 762 2962 ὑποχειρίους
793 2891 988 2953 αὐτοὺς
1033 2888 1259 2957 εἰλήφει.
1302 2886 1507 2946 Αὐτοὺς
1552 2883 1615 2955 δὴ

76 2981 154 3037 οὖν
183 2972 439 3047 ἐκείνους,
468 2981 587 3035 καθ’
608 2980 700 3045 οὓς
724 2980 892 3036 ταῦτα
923 2980 1250 3050 ἐπράττετο,
1296 2976 1549 3048 σημαίνει
1581 2977 1613 3046 ἡ

79 3076 198 3145 μετὰ
213 3079 396 3148 χεῖρας
422 3074 809 3146 στηλογραιρία.
838 3073 992 3127 Κττά
1020 3072 1075 3125 δὲ
1100 3072 1191 3126 τὸν
1232 3070 1521 3142 Σύμμαχον
1549 3068 1618 3123 τά

74 3170 158 3239 τῆς
187 3169 514 3241 προγραφῆς
550 3168 717 3231 οὕτως
746 3166 887 3236 ἔχει·
926 3186 944 3217 ι
998 3164 1286 3239 Ἐπινίκιον
1334 3163 1474 3235 ὑπὲρ
1510 3161 1618 3215 τῶν

76 3259 232 3312 ἀνθῶν
253 3259 347 3313 τοῦ
372 3258 788 3328 ταπεινόφρονος
812 3259 902 3309 κςεὶ
950 3254 1180 3325 ἀμώμου
1212 3253 1305 3307 τοῦ
1328 3251 1510 3316 Δαυῒδ,
1538 3253 1618 3315 εἰς
1641 3294 1683 3351 C

74 3348 315 3419 διαδοχὴν,
343 3347 527 3400 ὁπότε.
558 3348 843 3418 ἐμπρήσας
877 3345 974 3412 τὴν
1000 3344 1196 3414 Συρίαν
1225 3343 1322 3413 τῆς
1370 3343 1615 3395 Μεσοπο-

74 3442 272 3512 ταμὶας,
300 3442 395 3494 καὶ
424 3439 520 3507 τὴν
549 3437 743 3507 Συρίαν
765 3435 969 3496 Σωϐὰλ,
996 3435 1086 3489 καὶ
1113 3432 1407 3505 ἀνέστρεψε
1436 3430 1610 3492 Ἰωάϐ,

75 3534 156 3584 καὶ
183 3529 414 3594 ἐπάταξε
470 3531 557 3582 τὸν
601 3526 777 3587 Ἐδὼμ
809 3528 867 3579 ἐν
911 3529 977 3595 τῇ
1033 3526 1276 3595 φάραγγι
1318 3521 1411 3574 τοῦ
1464 3520 1611 3583 ’Δλὺς

77 3621 133 3673 ιθ
160 3620 411 3691 χιλιάδας.
450 3639 468 3670 ι
521 3618 677 3688 Δηλοῖ
721 3616 778 3670 δὲ
808 3618 836 3669 ὁ
868 3616 1055 3685 χρόνος
1099 3610 1344 3684 εἰρῆσθαι
1378 3610 1445 3663 τὰ
1478 3626 1610 3680 προ-

75 3712 300 3782 κείμενα,
337 3714 395 3765 ἐν
421 3708 500 3780 τῷ
529 3707 852 3779 διαπρέπειν
877 3705 969 3759 καὶ
983 3703 1050 3757 τὰ
1080 3702 1289 3774 μεγάλα
1318 3699 1611 3771 κατορθοῦν

77 3804 405 3872 βασιλεύοντα
436 3801 527 3855 τὸν
556 3797 867 3869 Δαυῖδ,ττρὸ
899 3796 996 3866 τῆς
1036 3794 1175 3848 κατὰ
1202 3794 1299 3865 τὴν
1341 3790 1613 3861 Βηθσαϐεὲ

75 3896 314 3967 ἱστορίας,
342 3897 433 3950 ὅτε
459 3893 637 3957 καλῶς
666 3890 812 3961 αὐτῷ
854 3890 920 3945 τὰ
968 3889 1267 3961 πράγματα
1309 3883 1611 3957 προύχώρει

75 3987 425 4059 εὐδοκιμοῦντι
454 3986 603 4057 παρὰ
632 3985 713 4056 τῷ
728 3982 845 4053 Θεῷ
874 3983 967 4037 καὶ
990 3980 1137 4050 παρὰ
1166 3982 1278 4041 τοῖς
1312 3979 1473 4029 πᾶσιν
1493 3990 1505 4002 ·
1538 3975 1612 4038 ὡς

77 4079 453 4151 μαρτυρεῖσθαι
475 4117 490 4143 ,
518 4079 600 4131 ὅτι
640 4074 708 4148 ἦν
743 4076 907 4130 ποιῶν
936 4076 1105 4146 κρῖμα
1152 4073 1245 4124 καὶ
1273 4066 1612 4136 δικαιοσύνην

74 4172 123 4222 ἐν
150 4170 222 4239 τῷ
258 4170 491 4241 Ἰσραήλ.
538 4168 696 4221 ’Δλλὰ
728 4166 837 4236 γὰρ
869 4165 1015 4229 ἀξιον
1056 4164 1114 4214 ἐν
1151 4160 1356 4223 τούτοις
1384 4160 1611 4230 -ἁπορῆ-

76 4276 172 4323 σαι,
203 4260 345 4324 πῶς,
396 4262 454 4313 ἐν
486 4259 707 4329 τοιαύτῃ
750 4256 1029 4326 τυγχάνων
1057 4252 1415 4317 καταστάσει,
1450 4252 1613 4323 ἀρχό-

77 4366 218 4419 μενος
242 4353 341 4420 τῆς
385 4347 783 4418 στηλογραφίας
820 4344 1014 4414 φάσκει
1033 4331 1055 4387 ’ζ
1087 4360 1105 4393 ι
1152 4341 1209 4395 ’0
1233 4340 1382 4405 Θεὸς,
1408 4339 1613 4395 ἀπώσω

74 4441 205 4509 ἡμᾶς
235 4441 327 4493 καὶ
360 4438 605 4501 καθεῖλες
644 4437 809 4508 ἡμᾶς.
848 4454 869 4485 ο
914 4434 1022 4488 Καὶ
1067 4432 1171 4505 μὴν
1217 4433 1448 4503 τρόπαια
1491 4430 1609 4483 κατ’

74 4528 265 4599 ἐχθρῶν
314 4528 540 4597 ἀνίστη,
582 4525 674 4579 καὶ
712 4524 867 4587 νίκας
912 4522 1053 4577 κατά
1108 4522 1375 4592 πολεμίων
1412 4520 1607 4591 ᾕρητο·

1716 2060 1844 2107 runt
1875 2050 2010 2122 ipsis
2034 2052 2101 2105 ’⁷.
2139 2070 2157 2103 ›
2191 2048 2286 2105 His
2309 2048 2559 2111 historia,
2592 2046 2772 2111 Sobal,
2803 2035 3035 2117 Syriam,
3066 2043 3201 2100 Joab
3221 2054 3275 2097 et

1714 2141 1997 2197 duodecim
2031 2142 2199 2196 millia
2242 2149 2538 2205 memorat,
2572 2145 2867 2212 nan-atque
2894 2138 3148 2192 Davidem
3180 2136 3274 2191 ini-

1714 2236 1885 2288 mices
1927 2249 2115 2288 omnes
2143 2233 2442 2287 debellasse
2462 2272 2475 2297 ,
2525 2246 2589 2285 ac
2638 2231 2828 2285 ducem
2857 2230 3128 2284 exercitus
3152 2229 3273 2298 ejus

1713 2322 1846 2377 Joab
1874 2324 2139 2377 instructa
2173 2329 2361 2376 contra
2405 2320 2702 2392 allophylos
2734 2322 2866 2383 acie,
2912 2320 3059 2389 ipsos
3111 2321 3273 2389 capti-

1713 2429 1811 2468 vos
1840 2415 2035 2484 egisse.
2085 2414 2316 2469 Eosdem
2348 2415 2528 2487 itaque
2556 2414 2642 2469 bis
2672 2414 2888 2467 attritos
2910 2411 3154 2467 cladibus
3191 2413 3274 2465 in-

1714 2505 1861 2559 dicat
1888 2521 2127 2576 praesens
2160 2506 2300 2560 tituli
2330 2504 2632 2575 inscriptio.
2688 2503 2994 2559 Secundum
3026 2500 3271 2574 Symma-

1714 2596 1875 2651 chum
1926 2607 2104 2654 autem
2156 2600 2237 2653 sic
2279 2599 2469 2654 titulus
2501 2598 2660 2653 habet
2690 2617 2702 2652 :
2745 2615 2765 2648 ι
2796 2596 3143 2665 Triumphale
3177 2584 3274 2665 pro

1713 2686 1936 2743 ﬂoribus
1967 2688 2188 2743 humilis
2217 2696 2271 2743 et
2296 2688 2554 2757 inculpati
2588 2687 2823 2749 Davidis.
2852 2686 3270 2746 ad'doctrinam,

1714 2793 1837 2833 cum
1873 2779 2095 2833 incensa
2127 2777 2279 2849 Syria
2311 2777 2742 2847 Mesomtamiua,
2787 2784 2841 2830 et
2889 2775 3042 2846 Syria
3087 2775 3269 2839 Sobal,

1714 2884 1966 2925 reversus
2008 2868 2145 2922 Joab
2192 2867 2462 2938 percussit
2488 2866 2655 2920 Edoni
2690 2868 2741 2919 in
2780 2867 2919 2920 valle
2950 2863 3092 2920 Salis
3137 2866 3273 2919 duo»

1714 2956 1888 3014 decim
1916 2956 2104 3010 millia.
2144 2976 2163 3009 ι
2233 2955 2308 3010 Ex
2340 2956 2597 3024 temporis
2627 2970 2787 3025 porro
2820 2962 2949 3007 nota
2978 2953 3272 3027 deprchen-

1716 3047 1863 3103 ditur
1889 3047 2002 3101 hate
2022 3047 2166 3101 dicta
2202 3044 2391 3111 fuisse,
2413 3060 2535 3098 cum
2567 3043 2729 3097 David
2759 3057 2993 3116 regnans
3018 3048 3281 3111 prospere

1717 3148 1923 3213 ageret,
1957 3138 2152 3209 resque
2190 3151 2413 3209 magnas
2446 3143 2799 3207 perpetraret,
2854 3143 2978 3189 ante
3013 3133 3275 3189 Bersabee

1720 3232 2033 3296 historiam;
2070 3245 2192 3283 cum
2228 3227 2395 3299 probe
2416 3236 2468 3282 et
2498 3243 2559 3281 ex
2598 3236 2721 3280 volo
2752 3241 2839 3280 res
2870 3225 2970 3295 ipsi
3001 3224 3273 3287 cederent,

1716 3325 1941 3395 ipseque
1985 3320 2094 3375 Deo
2120 3330 2174 3374 et
2212 3320 2468 3374 omnibus
2504 3317 2816 3386 spectabilis
2857 3322 3034 3381 esset;
3083 3317 3157 3369 ita
3191 3323 3271 3378 ut.

1715 3414 1994 3482 Scriptura
2047 3420 2205 3474 teste,
2251 3411 2451 3465 faceret
2493 3408 2755 3476 judicium
2803 3419 2858 3464 et
2897 3409 3164 3479 justitiam
3217 3409 3270 3461 in

1712 3504 1898 3565 Israel.
1956 3503 2153 3558 Verum
2201 3501 2289 3555 hic
2333 3502 2684 3571 quaestionem
2729 3515 2943 3555 movere
2987 3506 3274 3554 consenta-

1711 3611 1869 3651 neum
1899 3603 2002 3659 est,
2034 3583 2131 3649 cur
2163 3596 2219 3649 in
2246 3595 2339 3648 tali
2372 3593 2682 3649 conditione
2702 3592 2999 3656 rerum,sic
3026 3591 3165 3646 tituli
3190 3589 3273 3646 In-

1711 3686 2062 3755 scriptionem
2087 3685 2332 3740 ordiatur
2375 3702 2389 3739 :
2437 3703 2456 3736 ι
2491 3680 2650 3748 Deus,
2685 3683 2928 3753 repulisti
2971 3696 3071 3736 nos
3098 3686 3154 3735 et
3178 3677 3224 3733 da

1712 3778 1958 3834 struxisti
1986 3793 2105 3833 nos.
2141 3797 2160 3831 ι
2198 3778 2356 3849 Atqui
2394 3784 2516 3847 post
2549 3785 2752 3846 tropaea
2778 3777 2843 3829 de
2876 3769 3129 3830 hostibus
3154 3790 3271 3830 ere-

1710 3878 1819 3936 cta,
1856 3878 1909 3925 et
1943 3870 2225 3925 victoriam
2255 3870 2321 3923 de
2351 3868 2586 3923 inimicis
2620 3875 2850 3936 partam,
2897 3866 3136 3935 oportuit
3168 3864 3272 3920 hac

1711 3966 1779 4021 de
1809 3981 1867 4020 re
1897 3962 2245 4032 triumphalia
2279 3960 2488 4014 cantica
2519 3960 2783 4022 emittere,
2818 3957 3033 4035 Deoque
3064 3958 3117 4012 in
3150 3972 3265 4028 gra-

1712 4059 1909 4112 tiarum
1936 4055 2199 4115 actionem
2238 4050 2636 4106 imniolare.\At
2666 4051 2753 4105 ille
2774 4050 2905 4104 nihil
2929 4056 3147 4120 praestat
3177 4048 3271 4101 hu-

1708 4146 1982 4220 jusmodi;
2018 4146 2127 4200 imo
2156 4159 2284 4199 vero
2328 4158 2415 4198 res
2450 4142 2705 4198 adversas
2752 4141 3120 4213 dcplorathis
3146 4156 3268 4194 ver-

1713 4241 1798 4295 bis
1824 4258 1837 4293 :
1879 4255 1898 4288 ι
1933 4235 2097 4301 Deus,
2117 4234 2362 4304 repulisti
2392 4250 2493 4289 nos
2522 4242 2574 4288 et
2603 4233 2918 4288 destruxisti
2950 4246 3071 4294 nos,
3098 4231 3269 4283 iratus

1711 4345 1797 4395 es,
1829 4336 1883 4383 et
1908 4327 2164 4383 misertus
2193 4341 2253 4381 es
2276 4326 2455 4380 nobis.
2496 4342 2514 4375 ι
2550 4322 2654 4377 Pro
2684 4323 2776 4378 illo
2801 4331 3002 4385 autem,
3038 4340 3057 4371 ε
3084 4329 3137 4377 et
3170 4322 3269 4375 mi-

1713 4428 1901 4477 sertus‘
1921 4436 1981 4477 es
2018 4418 2211 4481 nobis,
2246 4437 2265 4469 ι
2300 4414 2686 4487 Symmachus,
2720 4431 2738 4463 ι
2772 4420 2825 4467 et
2858 4412 3267 4467 circumduxisti

1712 4529 1843 4576 nos,
1874 4531 1891 4565 ι
1929 4512 2317 4581 interpretatus
2360 4514 2475 4573 est,
2527 4505 2716 4574 quinta
2759 4518 2888 4559 vero
2925 4503 3124 4566 editio,
3154 4522 3177 4555 ι
3215 4512 3269 4557 et

73 4619 176 4673 δέον
195 4614 284 4672 οὖν
312 4618 405 4672 ἐπὶ
425 4617 633 4679 τούτοις
660 4612 799 4685 ᾠδὰς
836 4613 1129 4678 ἐπινικίους
1161 4613 1306 4684 ᾅδειν
1324 4650 1341 4674 ,
1382 4608 1527 4662 θύειν
1551 4622 1609 4658 τε

1714 4603 2183 4659 circumdederunt
2211 4614 2338 4664 nos;
2379 4617 2397 4649 ι
2429 4596 2621 4665 Aquila
2643 4633 2658 4657 ,
2694 4612 2712 4645 ι
2751 4594 2924 4650 iratus
2948 4597 3264 4649 convertisti

74 4695 447 4781 εὐχαρὶστήρια
469 4706 546 4777 τῷ
576 4706 711 4777 Θεῷ.
757 4706 814 4760 '0
839 4706 895 4760 δέ
920 4705 1123 4759 τούτων
1156 4704 1252 4774 μὲν
1280 4700 1428 4754 οὐδὲν
1452 4697 1615 4767 πράτ-

74 4818 165 4869 τει,
204 4802 459 4858 τάναντία
504 4800 559 4852 δὲ
599 4797 994 4868 ἀπολοφύρεται
1044 4796 1241 4864 λέγων·
1294 4811 1312 4843 ‹
1363 4792 1419 4843 ’0
1447 4789 1574 4851 Θεὸς
1597 4829 1612 4853 .

76 4892 264 4947 ἀπώσω
291 4894 438 4963 ἡμᾶς
469 4891 561 4943 καὶ
583 4886 826 4950 καθεῖλες
847 4887 1013 4956 ἡμᾶς,
1036 4882 1308 4955 ὼργίσθης
1326 4919 1340 4944 ,
1380 4878 1473 4931 καὶ
1500 4876 1612 4946 ᾠκ-

76 4984 317 5055 τείρησας
346 4985 511 5055 ἡμᾶς.
571 5000 589 5032 ι
610 4979 775 5032 ’Ἀντὶ
804 4977 859 5029 δέ
904 4976 995 5029 τοῦ
1022 5014 1037 5039 ,
1095 4992 1113 5025 t
1150 4974 1242 5028 καὶ
1277 4968 1611 5041 ᾡκτείρησας

76 5077 312 5157 inde,”
336 5077 426 5130 καὶ
458 5069 973 5144 περιήγαγεςὴμᾶςν
1006 5087 1024 5119 ³
1055 5070 1085 5120 ὁ
1116 5066 1406 5157 Σύμμαχος
1431 5061 1611 5157 Ῠλρμή·

79 5182 250 5217 νευσεν
272 5156 284 5193 έ
319 5170 350 5235 ἡ
372 5166 429 5218 δέ
457 5166 677 5235 πέμπτη
700 5161 907 5224 ἐκδοσις
930 5200 945 5224 ,
987 5177 1005 5209 ι
1056 5158 1149 5212 καὶ
1168 5150 1611 5225 περιεκύκλωσαν

81 5260 212 5327 ἡμᾶς
231 5274 243 5286 ·
270 5276 289 5308 ι
312 5258 341 5309 ὁ
358 5257 416 5310 δὶ
436 5257 681 5323 Ἀκύλας,
709 5242 727 5308 ὰ
756 5251 1022 5326 θυμωθεὶς
1044 5245 1407 5321 μετέστρεψας
1428 5244 1575 5314 ἡμῖν.
1592 5261 1611 5292 ι

81 5346 199 5401 Εἶτα
224 5346 460 5415 ἐπιλέγει
507 5347 657 5418 ἑξῆς·
690 5368 708 5400 ε
745 5345 989 5411 Ἔδειξας
1013 5339 1090 5412 τῷ
1118 5338 1228 5408 λαῷ
1262 5352 1355 5389 σου
1386 5332 1612 5404 σκληρά·

81 5440 318 5499 ἐπότισας
359 5436 517 5508 ἡμᾶς
539 5434 677 5491 οῐνον
698 5434 1055 5499 κατανύξεως.
1088 5449 1106 5481 ι
1140 5425 1321 5481 Ταῦτα
1363 5424 1420 5477 δὲ
1451 5425 1616 5480 ἀκατ-

83 5529 269 5599 άλληλα
288 5528 382 5582 καὶ
406 5527 715 5598 ἀνάρμοστα
736 5525 882 5590 δόξαι
906 5524 970 5576 ἂν
1001 5516 1139 5573 εἶναι
1176 5518 1287 5579 τοῖς
1312 5515 1369 5567 ἐν
1398 5517 1463 5587 τῇ
1485 5532 1617 5588 προ.

83 5625 253 5693 γραφῇ
276 5618 634 5691 δηλουμένοις.
679 5616 835 5671 Ἀλλά
855 5606 962 5683 γὰρ
981 5612 1080 5664 οὐκ
1104 5608 1355 5669 ἀσκόπως
1378 5605 1614 5679 ἠγοῦμαι

84 5713 172 5782 τὴν
197 5708 512 5784 προγραφὴν
549 5712 627 5775 είς
659 5710 719 5764 τὸ
753 5705 902 5771 τέλος
944 5705 1087 5777 ἡμᾶς
1125 5699 1499 5770 ἀναπέμπειν,
1522 5702 1616 5754 καὶ

146 5914 259 5954 ...η
295 5912 336 5967 ιι
368 5906 605 5983 nega,“
625 5912 742 5968 6-9.
779 5865 781 5867 ’
817 5911 860 5943 οτ
901 5910 1032 5964 ibid.
1067 5908 1153 5964 ιο.

382 6005 645 6067 Panos.
677 6008 791 6100 (in.
816 6003 1069 6087 XXIII.

1719 4694 1897 4749 nobis.
1929 4713 1946 4745 ι
1987 4690 2180 4746 Subdit
2208 4696 2330 4758 post
2356 4686 2469 4740 hzec
2499 4704 2513 4739 :
2562 4705 2579 4736 ι
2620 4684 2921 4741 Ostendisti
2953 4686 3152 4755 populo
3175 4695 3268 4739 tuo

1718 4785 1853 4840 dura
1892 4804 1905 4838 :
1942 4780 2139 4855 potasti
2168 4793 2266 4832 nos
2293 4777 2420 4831 vino
2443 4778 2930 4847 c’ompuncﬁonis.»
2964 4775 3083 4829 Haec
3105 4790 3267 4844 porro

1716 4877 1888 4934 videri
1923 4872 2133 4945 possint
2157 4870 2479 4927 inconcinne
2500 4871 2674 4934 dicta,
2693 4885 2791 4927 nec
2820 4878 3115 4941 congruere
3141 4882 3263 4920 cum

1718 4970 1787 5024 iis
1819 4979 1939 5036 quae
1968 4964 2020 5018 in
2043 4961 2202 5015 titulo
2229 4948 2506 5017 notantur.
2543 4962 2646 5021 Sed
2674 4962 2884 5017 restituo
2915 4958 3122 5014 titulum
3157 4972 3264 5011 non

1719 5061 1834 5115 sine
1864 5053 2061 5127 prmio
2088 5067 2253 5121 scopo
2285 5068 2388 5109 nos
2416 5052 2480 5107 ad
2518 5052 2677 5108 linem
2706 5049 3003 5111 remittere,
3023 5060 3120 5102 nec
3148 5048 3264 5119 sine

1718 5163 1882 5205 causa
1902 5187 1917 5214 ,
1962 5164 1981 5197 ι
2014 5158 2111 5214 pro
2143 5143 2211 5198 iis
2237 5145 2329 5213 qui
2373 5143 2797 5198 immutabuntur
2819 5181 2834 5206 ,
2869 5156 2889 5190 ι
2942 5138 3262 5208 inscriptmu
3322 5172 3325 5175 -

1719 5254 1859 5303 esse,
1911 5243 2071 5305 atque
2099 5248 2377 5290 sermones
2399 5234 2536 5289 istos
2565 5232 2705 5289 tituli
2736 5229 3139 5299 inscriptionem
3168 5244 3261 5279 vo-

1720 5339 1871 5387 catos
1902 5327 2086 5382 luisse.
2112 5324 2246 5379 Nam
2281 5342 2299 5374 ι
2325 5325 2380 5378 in
2408 5322 2563 5378 tinem
2583 5340 2604 5373 ι
2638 5316 2857 5384 dicitur,
2887 5321 3013 5391 quia
3035 5332 3118 5381 ea,
3144 5332 3261 5385 quae

1720 5424 1773 5477 in
1800 5418 2054 5474 vaticinio
2078 5415 2347 5478 feruntur,
2386 5414 2440 5468 in
2465 5413 2921 5469 consummatione
2942 5408 3258 5465 saculorum

1720 5509 1987 5582 implenda
2034 5516 2179 5565 sunt.
2247 5504 2566 5561 Necessario
2608 5502 2850 5566 additur,
2892 5520 2910 5553 ι
2947 5513 3044 5570 pro
3071 5498 3138 5551 iis
3164 5497 3257 5567 qui

1720 5602 2168 5663 immutabuntur,
2199 5620 2218 5653 ι
2254 5608 2470 5670 prepter
2495 5596 2922 5651 immutationem
2953 5592 3099 5647 illius
3119 5595 3277 5645 tem-‘

1721 5694 1867 5767 poris
1910 5691 2071 5748 rebus
2104 5687 2463 5746 inferendam.
2511 5672 2793 5755 Siquidem
2822 5695 2943 5735 cum
2978 5679 3090 5734 hac
3111 5678 3257 5735 dice-

2880 5972 2953 6031 18
