3966 6340
735 476 838 534 εῆθ

1387 461 1650 521 EUSEBII
1688 414 2158 518 CESARIENSIS
2204 457 2356 512 OPP.
2397 457 2574 515 PARS
2612 458 2696 517 Ill.
2742 490 2810 499 —
2847 458 3252 515 EXEGETICA.

3798 460 3875 516 560

802 583 1228 646 PostSalvatoris
1248 585 1424 652 itaque
1444 583 1615 637 nostri
1638 581 1700 635 ad
1710 588 1943 640 ventum,
1960 579 2173 650 quando
2195 579 2269 630 in-

2438 580 2588 633 Μετὰ
2640 579 2766 648 γοῦν
2817 580 2913 646 τὴν
2968 579 3060 632 τοῦ
3414 578 3571 649 ημῶν
3621 582 3876 650 παρουσίαν

732 678 869 734 vasi!
894 690 988 731 eos
1018 675 1094 728 ira
1124 673 1178 728 in
1205 672 1384 737 finem,
1415 673 1525 726 haec
1543 673 1723 725 omnia
1748 671 1911 739 passi,
1935 670 2154 738 repulsi,
2187 670 2274 721 de-

731 767 920 841 structi
939 774 990 820 et
1003 764 1199 833 ab'jecti
1229 771 1384 827 sunt;
1413 762 1638 817 abscissi
1667 761 1792 814 item
1816 769 1867 815 et
1895 759 2266 824 circumducti,

730 859 785 913 in
813 869 1102 922 omnesque
1150 862 1334 920 gentes
1364 850 1614 919 dispersi.
1645 847 1751 902 Sed
1782 849 1964 914 etiam,
1991 866 2008 898 ι
2029 862 2270 901 comnio-

730 942 872 1004 visti,
912 940 1102 1007 inquit,
1129 944 1327 991 terram
1364 947 1411 991 et
1456 936 1785 988 conturbasti
1804 950 1943 996 eam.
1987 936 2115 1004 quia
2146 950 2271 988 sex-

727 1041 881 1085 centa
906 1030 974 1083 ibi
1005 1028 1143 1082 mala
1159 1028 1396 1092 inerant;
1422 1026 1474 1079 in
1508 1036 1648 1080 terra
1681 1026 1801 1079 dico
1825 1041 2034 1087 eorum,
2064 1025 2270 1080 scilicet

727 1121 1042 1184 Jerusalem,
1076 1119 1166 1173 ubi
1197 1118 1343 1187 regia
1375 1125 1425 1171 et
1456 1119 1848 1178 sanctuarium,
1882 1117 1971 1170 ubi
2006 1118 2184 1170 omnia
2214 1118 2268 1171 in

728 1214 840 1281 lege
865 1209 1168 1266 veneranda
1196 1208 1671 1276 persolvehautur:
1703 1208 1818 1262 sive
1859 1208 2022 1261 etiam
2074 1209 2126 1261 in
2158 1216 2267 1262 tota

727 1300 939 1351 illorum
982 1298 1233 1367 regione;
1277 1299 1388 1350 sive
1417 1298 1471 1350 in
1517 1297 1802 1349 animabus
1831 1310 2017 1351 eorum
2066 1298 2269 1365 tropice

727 1399 868 1443 terra
893 1390 1235 1457 nuncupatis.
1267 1387 1395 1452 Qua:
1422 1387 1602 1441 omnia
1631 1385 1916 1441 confertim
1942 1387 2010 1440 ob
2029 1386 2268 1454 improha

725 1496 910 1534 eorum
943 1478 1202 1544 facinora,
1229 1486 1496 1531 commota
1521 1485 1573 1531 et
1597 1478 1914 1532 conturbata
1944 1486 2090 1532 sunt.
2119 1478 2270 1531 Atta-

726 1586 846 1624 men
874 1578 1024 1639 rogat
1054 1569 1320 1638 Propheta
1362 1570 1417 1621 in
1454 1569 1805 1638 sequentibus
1836 1587 1848 1622 :
1887 1587 1905 1617 ι
1941 1568 2084 1622 Sana
2139 1583 2270 1622 con-
2313 1623 2316 1626 .

723 1660 969 1712 tritiones
991 1658 1128 1726 ejus,
1165 1658 1289 1726 quia
1319 1669 1586 1711 commota
1611 1663 1711 1710 est.
1749 1674 1768 1706 ο
1803 1657 1844 1708 Α
1870 1657 2088 1726 proprio
2116 1670 2270 1710 nam-

722 1766 826 1819 que
857 1750 972 1804 loco
1002 1757 1056 1804 et
1101 1749 1209 1802 situ
1251 1758 1522 1802 commota
1583 1757 1638 1802 et
1691 1762 1958 1818 concussa
2016 1746 2268 1815 praedicta

723 1851 888 1902 terra,
913 1839 1327 1894 contritionibus
1378 1847 1431 1891 et
1467 1838 1637 1892 ruinze
1667 1838 1906 1890 suberat.
1955 1836 2133 1902 Quare
2167 1838 2268 1891 sub

727 1934 839 1984 haec
867 1931 1126 1984 additur:
1167 1947 1185 1979 ι
1233 1928 1528 1984 Ostendisti
1588 1928 1786 1998 p0pulo
1819 1935 1911 1981 tuo
1945 1929 2118 1980 dura:
2161 1947 2178 1979 ι
2216 1938 2269 1982 ct
2303 1907 2340 1960 Β

723 2023 849 2073 vino
902 2019 1335 2087 compunctionis
1389 2026 1537 2087 potat
1594 2018 1749 2083 illos;
1797 2018 1912 2072 sive
1972 2017 2267 2073 secundum

721 2112 993 2181 Aquilam,
1027 2129 1045 2162 ι
1083 2111 1204 2164 vino
1239 2111 1483 2178 superis;
1521 2129 1539 2160 ι
1589 2110 1706 2164 sive
1761 2110 2060 2163 secundum
2113 2108 2270 2181 Syma

722 2203 992 2266 machum,
1045 2220 1064 2252 ι
1102 2203 1227 2258 vino
1282 2201 1613 2270 jactationis.
1654 2218 1672 2251 ι
1728 2199 1806 2255 Ac
1865 2200 2046 2255 dicere
2101 2202 2266 2262 licet,

722 2292 1024 2358 divinarum
1085 2289 1484 2359 Scripturarum
1539 2288 1784 2355 verbum,
1838 2304 1946 2358 quo
1982 2304 2172 2345 eorum
2216 2290 2267 2342 in

720 2382 994 2438 Christum
1049 2381 1398 2435 incredulitas
1457 2380 1722 2448 arguitur,
1756 2380 1940 2435 vinum
1969 2396 2089 2435 esse
2121 2396 2267 2435 como

721 2473 1048 2541 pmctionis,
1081 2486 1267 2524 eorum
1312 2469 1643 2523 conscientia
1694 2485 1790 2539 per
1835 2472 2142 2541 prophetias
2204 2473 2272 2526 de

721 2563 958 2625 Christo,
1003 2577 1208 2616 necnon
1261 2578 1355 2630 per
1395 2570 1711 2630 praesentem
1763 2577 1942 2624 rerum
2004 2565 2270 2618 conditio-

723 2669 844 2710 nem
877 2692 892 2717 ,
946 2668 1007 2707 ac
1052 2669 1144 2724 per
1194 2655 1601 2706 conversionem
1658 2653 1891 2721 gentium
1948 2666 2269 2721 compuncta

721 2758 772 2802 et
797 2746 1097 2801 vulnerata.
1132 2744 1254 2799 Haec
1281 2747 1502 2815 quippe,
1564 2745 1776 2805 etiamsi
1821 2761 1937 2800 non.
1987 2746 2155 2800 fucati
2187 2748 2293 2800 vi»

721 2839 945 2892 deantur
962 2851 1101 2903 esse,
1128 2851 1316 2891 eorum
1334 2837 1719 2892 conscientiam
1752 2843 2017 2907 pungunt,
2043 2836 2264 2901 feriunt,

719 2936 773 3006 et
804 2930 869 2983 ad
899 2943 1117 2984 sensum
1158 2943 1270 2982 sua:
1322 2915 1448 2998 erga
1501 2927 1832 2983 Salvatorem
1863 2937 1918 2983 et
1973 2927 2265 2984 Dominum

720 3030 964 3074 nostrum
997 3019 1328 3074 infidelitatis
1383 3018 1677 3072 adducunt.
1733 3017 1838 3073 Sed
1889 3019 1996 3072 illis
2051 3020 2265 3087 quidem

722 3110 835 3163 haec
859 3116 1115 3163 eventura
1141 3122 1264 3162 esse
1309 3107 1656 3162 vaticinatur.
1705 3108 1774 3163 Iis
1821 3116 2002 3165 autem
2053 3111 2145 3178 qui
2197 3107 2265 3163 ad

720 3199 993 3275 Christum
1022 3197 1115 3252 Dei
1148 3201 1485 3262 conventuri,
1532 3199 1757 3270 ejusque
1793 3201 2020 3256 salutem
2078 3216 2266 3257 susce-

722 3290 864 3362 pturi
889 3299 1032 3353 sunt,
1079 3290 1191 3344 haec
1242 3294 1431 3359 postea
1483 3293 1815 3345 annuntiat:
1849 3309 1868 3342 ι
1905 3291 2107 3346 Dedisti
2148 3307 2263 3362 me:-

723 3360 997 3438 tuentibus
1028 3389 1078 3435 te
1101 3382 1568 3451 significationem,
1624 3391 1682 3436 ut
1710 3382 1916 3452 fugiant
1948 3398 1978 3436 a
2005 3383 2142 3438 facie
2183 3360 2267 3438 ar,-

721 3487 852 3538 cus;
887 3490 904 3524 ι
939 3452 1231 3527 εἰοιιηάυηι
1261 3469 1509 3539 Aquilam
1541 3486 1686 3535 vero,
1739 3489 1758 3522 ι
1799 3471 2001 3526 Dedisti
2024 3483 2266 3527 metuen-

720 3564 865 3619 tibus
889 3570 942 3617 te
970 3564 1202 3630 signum,
1233 3567 1294 3613 ut
1314 3559 1733 3629 significentura
1754 3562 1889 3616 facie
1917 3562 2187 3618 firmitatis
2205 3567 2259 3628 ;-i

721 3653 1017 3709 secundum
1045 3649 1427 3722 Symmachum
1455 3659 1656 3713 autem,
1695 3669 1715 3702 ι
1752 3651 1957 3707 Dedisti
1979 3655 2267 3708 metuenti-

714 3743 822 3798 ‘bus
844 3751 897 3796 te
930 3744 1165 3812 signum,
1188 3751 1248 3795 ut
1291 3740 1497 3811 fugiant
1532 3756 1560 3795 a
1590 3739 1726 3795 facie
1771 3729 2108 3812 sagittarum.
2153 3763 2172 3796 ›
2210 3743 2267 3798 Si

722 3834 822 3896 illi,
848 3833 914 3886 de
940 3834 1136 3900 quibus
1161 3833 1432 3902 superius,
1468 3835 1572 3890 hoc
1595 3836 1747 3904 signo
1781 3835 1952 3898 notati
2013 3835 2264 3896 fuissent,

723 3937 828 3976 non
859 3921 1169 3998 repellendi,
1207 3937 1306 3978 nec
1352 3924 1689 3987 destruendi,
1738 3940 1837 3980 nec
1890 3926 1983 3980 ira:
2018 3926 2263 3980 tradendi

719 4021 894 4065 erant.
931 4010 1036 4065 Sed
1063 4013 1188 4080 quia
1223 4013 1436 4082 signum
1472 4015 1602 4070 illud
1637 4016 1874 4070 salutare
1904 4020 2144 4086 recipere
2169 4033 2267 4071 no-

722 4102 958 4162 luerunt,
982 4101 1105 4166 jure
1138 4101 1193 4155 in
1224 4100 1336 4156 haec
1361 4103 1682 4159 inciderunt.
1717 4106 1786 4160 At
1812 4108 1904 4178 qui
1937 4109 2127 4164 timent
2162 4107 2268 4164 Do-

720 4191 954 4255 minum,
981 4192 1199 4261 (siccos
1226 4193 1316 4260 qui
1351 4193 1578 4248 credunt
1626 4211 1693 4249 ex
1741 4200 2011 4267 gentibus,
2048 4210 2105 4256 ut
2153 4203 2266 4274 ple-
2312 4277 2314 4279 ς

720 4294 947 4349 rumque
972 4280 1484 4348 demonstravimus,
1544 4283 1823 4355 Scriptura
1853 4292 1992 4347 solet
2021 4296 2262 4364 appella-

720 4376 824 4441 re.)
848 4379 1068 4441 accepto
1083 4373 1258 4443 signo,
1284 4374 1486 4445 illoque
1503 4376 1610 4440 usi,
1637 4391 1698 4431 ac
1714 4378 1770 4433 in
1793 4380 1944 4435 vultu
1969 4383 2261 4456 obsignati,

721 4464 897 4518 locum
925 4464 1243 4519 invenerunt
1277 4465 1513 4535 fugiendi
1543 4483 1572 4521 a
1601 4467 1736 4523 facie
1764 4484 1945 4534 arcus,
1977 4475 2126 4530 nullo
2153 4480 2266 4547 spi-

2290 3242 2338 3304 C

2373 671 2546 724 πάντα
2595 670 2761 722 ταῦτα
2795 669 3148 733 πεπόνθασιν,
3203 670 3289 721 ὅτε
3343 669 3572 738 ἔφθασεν
3615 671 3696 722 ἐπ’
3724 673 3877 734 αὐτοὺς

2370 761 2503 830 ὀργὴ
2530 761 2607 822 είς
2637 759 2805 821 τέλος,
2833 757 3159 826 ἀπώσθησάν
3187 775 3244 810 τε
3289 759 3381 811 καὶ
3412 758 3775 828 καθῃρέθησαν
3808 762 3877 812 καὶ

2371 851 2779 921 ἀπεϐλήθησαν·
2817 849 3139 920 διεκόπησάν
3172 863 3231 900 τε
3270 849 3361 901 καὶ
3402 848 3762 919 περιήχθησαν
3788 850 3874 901 δια-

2371 942 2782 1013 σκορπισθέντες
2829 943 2909 1003 εἰς
2942 941 3114 993 πάντα
3146 940 3211 993 τὰ
3243 939 3386 1009 ἔθνη.
3426 940 3584 1008 Ἀλλὰ
3617 941 3706 994 καὶ
3735 959 3750 991 ι
3785 958 3876 993 συν·

2371 1035 2604 1096 έσεισας,
2634 1033 2782 1102 φησὶ,
2811 1031 2910 1102 τὴν
2931 1033 3051 1101 γῆν,
3081 1033 3173 1084 καὶ
3195 1029 3558 1102 συνετάραξας
3579 1032 3758 1102 αὐτὴν,
3783 1032 3876 1083 »διὰ

2326 1196 2327 1199 η
2367 1125 2426 1177 τὸ
2458 1125 2630 1195 μυρία
2660 1122 2802 1176 κακὰ
2831 1124 2886 1174 ὲν
2909 1123 3044 1192 αὐτῇ
3066 1121 3369 1190 γίγνεσθαι·
3399 1121 3540 1190 λέγω
3567 1123 3623 1176 δὲ
3646 1126 3708 1193 τῇ
3739 1124 3876 1174 αὐτῶν

2367 1223 2458 1290 γῇ,
2495 1221 2610 1290 ἦτοι
2642 1222 2706 1290 τῇ
2746 1217 3106 1288 Ἰερουσαλὴμ,
3140 1220 3197 1270 ὲν
3291 1218 3381 1270 καὶ
3412 1218 3470 1269 τὸ
3505 1217 3779 1288 βασίλειον,
3808 1218 3878 1269 καὶ

2367 1309 2427 1361 τὸ
2455 1309 2718 1378 άγίασμα,
2744 1308 2835 1361 καὶ
2867 1307 3040 1360 πάντα
3067 1307 3132 1360 τὰ
3161 1323 3260 1377 cep.
3286 1306 3331 1360 νὰ
3361 1304 3453 1360 τοῦ
3498 1307 3660 1377 νόμου
3702 1325 3877 1358 cavera-

2367 1399 2532 1455 λεῖτο·
2560 1401 2591 1470 ἥ
2626 1400 2717 1452 καὶ
2759 1399 2906 1472 πάσῃ
2936 1399 3114 1452 αὐτῶν
3145 1401 3209 1469 τῇ
3237 1399 3407 1470 χώρᾳ,
3443 1401 3475 1468 ἢ
3517 1401 3608 1452 καὶ
3653 1402 3764 1461 ταῖς
3800 1401 3880 1468 ψυ-

2366 1497 2487 1562 χαῖς
2507 1493 2680 1545 αὐτῶν
2701 1494 2971 1563 τροπικῶς
2992 1493 3090 1562 γῆν
3105 1491 3528 1562 ὠνομασμέναις.
3564 1494 3628 1544 Ἀ
3661 1492 3720 1562 δὴ
3741 1495 3880 1546 πάντα

2367 1585 2574 1655 ἁθρόως
2599 1585 2686 1638 διὰ
2710 1585 2806 1647 τὰς
2834 1586 3178 1656 παρανόμους
3205 1584 3379 1637 αὐτῶν
3424 1584 3650 1654 πράξεις
3684 1584 3883 1636 συνεσεῐ-

2369 1676 2468 1744 σθη
2502 1677 2593 1728 καὶ
2622 1675 3013 1745 συνεταράχθη.
3053 1676 3239 1744 Ὅμως
3268 1674 3314 1726 δ’
3351 1669 3442 1727 οὖν
3484 1674 3712 1726 ἱκετεύει
3733 1677 3758 1725 ὁ
3781 1681 3883 1743 προ-

2368 1766 2540 1834 φήτης
2571 1765 2740 1832 λέγων
2774 1765 2917 1834 ἑξῆς·
2954 1785 2970 1813 ι
3013 1766 3185 1817 Ἰασαι
3216 1761 3281 1815 τὰ
3317 1762 3694 1833 συντρίμματα
3729 1763 3881 1830 αὐτῆς,

2369 1857 2446 1906 ὅτι
2468 1854 2709 1924 ἐκινήθη.
2745 1872 2763 1904 ι
2796 1853 3084 1922 Κινηθεῖσα
3112 1852 3217 1923 γὰρ
3249 1854 3342 1907 καὶ
3378 1852 3694 1917 σαλευθεῖσα
3721 1855 3804 1922 τῆς
3825 1854 3884 1902 ol-

2370 1943 2519 2005 κείας
2551 1943 2713 2012 μονῆς
2736 1941 2826 1995 καὶ
2857 1942 3139 2011 στάσεωςή
3169 1942 3519 2012 προλεχθεῖσα
3549 1942 3638 2011 γῆ,
3663 1942 3884 2010 συγκρίμ-

2360 2025 2514 2106 ’ματα
2545 2035 2636 2087 καὶ
2662 2035 2982 2104 κατάγματα
3010 2035 3290 2103 ἐκτήσατο.
3339 2034 3533 2104 Διόπερ
3576 2033 3700 2103 ἑξῆς
3735 2032 3883 2085 Emit.

2369 2143 2520 2194 γεται
2541 2142 2552 2154 ·
2596 2145 2614 2175 ι
2644 2124 2887 2190 Ἔδειξας
2911 2123 3126 2194 τῷλαῷ
3147 2141 3238 2176 σου
3262 2123 3470 2196 σκληρά
3492 2143 3503 2156 ·
3544 2145 3564 2177 ι
3596 2126 3691 2199 καὶ
3714 2123 3887 2187 ποτίζει

2367 2216 2422 2268 δὲ
2454 2216 2646 2278 αὐτοὺς
2675 2212 2812 2270 οἶνον
2859 2215 3189 2290 κατανύξεως
3209 2233 3224 2248 ·
3275 2216 3332 2286 ἢ,
3363 2216 3500 2269 κατὰ
3525 2217 3615 2269 τὸν
3659 2216 3884 2272 ’Δκύλανο

2375 2328 2392 2360 ι
2420 2302 2565 2360 ὀἶνον
2585 2306 2903 2378 καρώσεως·
2945 2327 2964 2358 ι
2993 2306 3049 2376 ἢ,
3083 2305 3220 2375 κατὰ
3246 2306 3337 2361 τὸν
3362 2307 3680 2377 Σύμμαχον,
3720 2328 3737 2360 ι
3773 2305 3886 2361 οἶνον

2370 2401 2548 2452 σάλου.
2585 2419 2602 2452 ι
2637 2400 2743 2450 Καὶ
2768 2398 2881 2451 ἔστι
2909 2415 2971 2466 γε
2997 2400 3165 2451 εἰπεῖν
3196 2399 3284 2451 τὸν
3310 2399 3414 2454 ἀπὸ
3443 2400 3549 2452 τῶν
3593 2401 3745 2453 θείων
3777 2401 3884 2469 rpr-

2369 2491 2482 2560 φῶν
2508 2491 2662 2559 λόγον
2688 2531 2702 2553 ,
2728 2490 3034 2558 ἐλεγκτικὸν
3065 2492 3189 2546 ὅντα
3211 2490 3384 2543 αὐτῶν
3408 2492 3505 2561 τῆς
3551 2492 3630 2553 είς
3661 2492 3745 2544 τὸν
3775 2493 3882 2560 Χρι-

2369 2579 2489 2633 στὸν
2518 2579 2610 2632 τοῦ
2639 2579 2771 2633 Θεοῦ
2798 2580 3069 2644 ἀπιστίας,
3099 2577 3237 2635 οἶνον
3265 2564 3524 2652 ὑπάρχειν
3555 2582 3885 2646 κατανύξεως,

2367 2669 2692 2740 νυττομένης
2705 2670 2879 2723 αὐτῶν
2896 2670 2989 2724 καὶ
3003 2671 3435 2741 τιτρωσκομένης
3449 2672 3550 2741 τῆς
3567 2673 3889 2733 συνειδήσεως

2367 2759 2473 2815 ἀπὺ
2499 2759 2607 2812 τῶν
2653 2762 2900 2832 περὶτοῦ
2955 2763 3203 2832 Σωτῆρος
3240 2763 3610 2834 προφητειιῖη·
3645 2763 3704 2828 ἐξ
3737 2763 3890 2816 αὐτῶν

2366 2866 2425 2907 τε
2452 2851 2558 2904 τῶν
2609 2853 2964 2923 περιεχόντων
3001 2854 3195 2916 αὐτοὺς
3236 2845 3568 2926 πραγμάτων
3601 2855 3692 2908 καὶ
3721 2857 3778 2907 ὲκ
3812 2853 3890 2922 τῆς

2366 2943 2472 2996 τῶν
2499 2944 2664 2996 ἐθνῶν
2679 2946 3029 3017 ἐπιστροφῆς.
3054 2947 3382 3018 Ταῦταγγὰρ,
3408 2947 3508 2999 κᾶν
3531 2947 3890 3018 ἀπροσποίητο.

2368 3031 2502 3089 εἶναι
2526 3037 2772 3099 δοκῶσιν,
2801 3038 2948 3107 ὅμως
2961 3039 3060 3107 τὴν
3088 3038 3382 3108 συνείδησιν
3401 3038 3580 3091 αὐτῶν
3602 3038 3888 3112 τιτρώσκει,

2369 3128 2666 3198 πλήττοντα
2698 3130 2789 3182 καὶ
2823 3131 2899 3191 εἰς
2925 3129 3265 3200 συναίσθησιν
3284 3129 3478 3199 αὐτοὺς
3503 3129 3704 3197 ἄγοντα
3722 3131 3811 3200 τῆς
3829 3131 3893 3192 εἰς

2367 3220 2455 3272 τὸν
2485 3221 2710 3291 Σωτῆρα
2738 3221 2830 3273 καὶ
2859 3219 3060 3292 Κύριον
3090 3219 3242 3291 ἡμῶν
3267 3219 3539 3283 ἀπιστίας.
3597 3219 3735 3273 Ἀλλ’
3774 3220 3895 3273 ὲκεί-

2367 3328 2477 3372 νοις
2515 3311 2610 3379 μὲν
2659 3312 2880 3365 τοιαῦτα
2908 3310 3116 3382 μέλλειν
3145 3309 3357 3364 ἔσεσθαι
3384 3310 3646 3376 θεσπίζει.
3691 3311 3820 3373 Τοὺς
3849 3309 3893 3361 δὲ

2370 3398 2654 3469 μέλλοντας
2676 3400 3023 3473 προστρέχειν
3053 3400 3129 3470 τῷ
3155 3399 3372 3472 Χριστῷ
3394 3401 3488 3454 τοῦ
3518 3401 3673 3468 Θεοῦ,
3709 3403 3796 3454 καὶ
3818 3402 3896 3468 τὴν

2366 3491 2432 3543 δι’
2452 3490 2614 3547 αὐτοῦ
2637 3492 2902 3564 σωτηρίαν
2932 3491 3343 3564 παραδέχεσθαι,
3363 3493 3770 3562 εὐαγγελίζεται
3792 3494 3898 3562 ἑξῆς

2366 3583 2568 3651 λέγων·
2615 3602 2633 3634 ι
2672 3583 2913 3648 Ἐδωκας
2951 3587 3061 3648 τοῖς
3108 3584 3457 3655 φοϐουμένοις
3509 3603 3569 3640 σε
3622 3588 3896 3657 σημείωσιν

2366 3673 2458 3726 τοῦ
2484 3677 2671 3742 φυγεῖν
2695 3674 2801 3728 ἀπὸ
2828 3676 3112 3747 προσώπου
3132 3675 3304 3742 τόξου.
3326 3695 3346 3728 ι
3379 3677 3535 3732 Κατὰ
3561 3677 3618 3732 δὲ
3645 3679 3738 3733 τόν
3764 3678 3900 3731 ’Δκύο

2367 3763 2489 3816 λαν⁸
2528 3780 2545 3813 ι
2590 3759 2832 3826 Ἐδωκας
2858 3803 2872 3826 ,
2908 3763 3038 3833 φησὶ
3059 3802 3075 3827 ,
3119 3767 3231 3829 τοῖς
3257 3763 3607 3836 φοϐουμένοις
3634 3781 3696 3818 σε
3724 3765 3897 3829 σύσση-

2371 3869 2488 3922 μον,
2514 3852 2604 3905 τοῦ
2632 3850 2979 3922 σημειοῦσθαι
3011 3852 3117 3907 ἀπὸ
3148 3853 3806 3926 προσώπουίβεόαιὰτητος
3827 3873 3838 3887 ο
3880 3871 3896 3905 ι

2368 3945 2504 3997 κατὰ
2526 3944 2582 3997 δὲ
2608 3944 2698 3996 τὸν
2731 3941 3044 4014 Σύμμαχονέ
3069 3962 3107 3998 ,ι
3144 3944 3388 4008 Ἐδωκας
3411 3949 3522 4009 τοῖς
3567 3948 3899 4017 φοϐουμένοις

2370 4051 2428 4087 σε
2453 4039 2691 4107 σημεῖον,
2723 4037 2801 4097 είς
2823 4035 2883 4088 τὺ
2907 4037 3160 4104 ἐκφυγεῖν
3185 4037 3292 4090 ἀπὸ
3329 4039 3620 4108 προσώπου
3653 4038 3897 4109 τοξεύμα-

2367 4143 2475 4190 τος.
2514 4146 2532 4178 ι
2565 4128 2627 4180 Εί
2654 4127 2751 4198 μὲν
2775 4123 2867 4182 οὖν
2889 4122 3029 4198 ἦσαν
3058 4127 3150 4182 καὶ
3167 4128 3214 4181 οί
3236 4126 3322 4182 διὰ
3347 4129 3457 4181 τῶν
3499 4129 3804 4202 ἔμπροσθεν
3827 4129 3900 4180 δε-

2365 4215 2657 4286 δηλωμένοι
2680 4215 2756 4286 τῷ
2789 4216 2994 4287 σημείῳ
3015 4215 3206 4286 τούτῳ,
3232 4217 3331 4268 οὐκ
3351 4214 3414 4268 ἂν
3431 4215 3783 4285 ἀπώσθησαν,
3807 4210 3898 4266 οὐδ’

2368 4309 2433 4364 ἂν
2461 4301 2859 4378 καθῃρέθησαν,
2885 4309 2996 4362 οὐδ’
3016 4307 3080 4362 ἂν
3107 4311 3172 4379 τῇ
3199 4307 3334 4379 ὀργῇ
3365 4310 3741 4382 παρεδόθησαν
3759 4327 3773 4341 ·
3800 4306 3898 4364 ἀλλ’

2366 4402 2485 4453 ἐπεὶ
2514 4399 2587 4471 μὴ
2611 4383 2982 4468 ἡδουλήθησαν
3011 4399 3400 4466 καταδέξασθαι
3433 4400 3493 4454 τὺ
3524 4403 3785 4472 σωτήριον
3818 4415 3901 4468 οη-

2371 4493 2539 4562 μεῖον,
2585 4487 2803 4552 εἰκότως
2825 4489 3032 4551 τούτοις
3079 4477 3576 4561 περιπεπτώκασιν.
3629 4495 3698 4547 Οί
3754 4494 3807 4547 δέ
3849 4508 3902 4559 γε

723 4553 998 4616 ritualium
1024 4563 1078 4609 et
1099 4555 1451 4614 invisibilium
1501 4559 1841 4630 inimicorum
1886 4564 2055 4633 ipsos,
2090 4566 2160 4621 ob
2190 4568 2263 4622 si-

2367 4553 2683 4652 ξροεούμενοι
2703 4578 2794 4632 τὸν
2818 4579 3016 4650 Κύριον
3043 4553 3204 4649 (οὕτω
3228 4581 3284 4633 δι
3311 4581 3469 4634 εῐωθι
3496 4584 3685 4640 καλεῖν
3712 4587 3742 4639 ι
3767 4553 3902 4652 λιτὸς

723 4655 887 4713 gnum
906 4657 1030 4703 cum
1051 4643 1162 4703 illis,
1176 4654 1288 4702 tum
1309 4647 1547 4718 antiquis
1564 4649 1814 4715 inditum,
1833 4651 1995 4709 ferire
2009 4657 2260 4714 audente.

721 4744 933 4807 moyses
986 4734 1251 4804 siquidem
1297 4737 1580 4794 domorum
1613 4740 1799 4797 llmina
1851 4747 2114 4814 sanguine
2143 4749 2266 4820 agni

723 4825 995 4894 paschalis
1022 4825 1294 4895 obsignari
1322 4826 1576 4884 lsraelitis
1601 4835 1870 4901 praecepit,
1919 4845 1978 4891 ut
2006 4842 2265 4893 exterrui-

722 4923 879 4973 nator
908 4922 1240 4969 averteretur
1263 4915 1307 4980 ,⁸.
1343 4914 1399 4970 ln
1425 4915 1706 4976 Ezechiele
1744 4923 1949 4992 itidem,
1973 4942 2096 4982 cum
2115 4943 2265 4983 ever.

723 5005 884 5059 tenda
906 5008 1038 5062 urbs
1060 5013 1224 5082 esset,
1245 5001 1447 5063 dixisse
1467 5011 1724 5065 scribitur
1753 5011 1892 5070 Deus
1920 5016 1992 5080 ei,
2022 5021 2112 5088 qui
2139 5029 2270 5074 tunc

725 5099 983 5167 temporis
1012 5099 1208 5168 podere
1235 5099 1559 5157 induebatur
1586 5122 1599 5157 :
1641 5121 1660 5153 ι
1689 5101 1881 5161 Transi
1916 5122 2011 5178 per
2033 5111 2266 5167 mediam

666 5252 669 5256 η
723 5186 1338 5256 civitatemlerusalem,
1380 5199 1433 5245 et
1459 5191 1529 5246 da
1560 5194 1714 5266 signa
1738 5211 1900 5265 super
1934 5199 2140 5258 frontes
2187 5205 2267 5256 vi-

725 5293 906 5334 rorum
942 5281 1267 5348 gementium
1292 5289 1345 5336 et
1369 5282 1681 5339 dolentium
1707 5301 1879 5356 super
1918 5294 2130 5350 cunctis
2162 5295 2268 5349 ini-

725 5365 1168 5441 quitatibus-quae
1216 5372 1350 5435 fiunt
1379 5373 1433 5428 in
1464 5373 1641 5431 medio
1670 5376 1911 5446 ipsorum
1936 5379 1996 5434 ⁷..
2019 5400 2038 5433 ο
2069 5381 2268 5440 Deinde

725 5462 846 5516 aliis
877 5461 1077 5518 dicitur
1102 5481 1114 5516 :
1141 5481 1156 5512 ι
1185 5461 1260 5518 Ite
1290 5464 1344 5520 in
1370 5464 1645 5524 civitatem
1664 5476 1787 5536 post
1807 5484 1954 5536 eum,
1985 5484 2038 5527 et
2056 5489 2265 5543 .percu-

726 5553 820 5606 tite
844 5572 857 5606 :
892 5569 958 5608 ne
986 5555 1220 5624 parcatis
1248 5557 1420 5612 oculis
1442 5557 1658 5622 vestris,
1682 5573 1859 5630 neque
1907 5564 2266 5623 misereamini

727 5659 906 5700 senem
934 5656 987 5700 et
1021 5648 1436 5715 adolescentem,
1481 5652 1756 5720 parvulos,
1809 5661 1859 5710 et
1898 5658 2179 5729 virginem,
2211 5675 2264 5718 et

797 5817 818 5850 ‘
845 5821 1010 5877 Exod.
1051 5841 1142 5893 xu,
1193 5829 1242 5888 7.
1317 5830 1548 5888 'Ezech.
1592 5849 1666 5896 lx.
1703 5837 1786 5893 4.’

2364 4676 2488 4737 τοὺς
2507 4673 2563 4741 ἐξ
2593 4670 2760 4726 ὲθνῶν
2787 4671 3152 4736 πιστεύοντας,
3172 4671 3248 4736 ὡς
3270 4673 3526 4739 πολλάκις
3549 4676 3641 4733 διὰ
3654 4679 3903 4732 πλειόνων

2368 4765 2539 4833 ὲδείξα
2547 4764 2686 4836 μεν),
2709 4763 2959 4827 λαϐόντες
2985 4764 3045 4817 τὸ
3070 4767 3288 4835 σημεῖον
3309 4766 3645 4838 χρησάμενοί
3670 4787 3731 4823 τε
3754 4767 3902 4836 αὐτῷ.

2365 4858 2458 4910 καὶ
2485 4857 2625 4910 κατὰ
2649 4856 2740 4910 τοῦ
2776 4856 3074 4928 προσώπου
3093 4846 3530 4929 σφραγιζόμενοι,
3559 4858 3792 4930 εὕραντο
3818 4878 3906 4931 φυ-

2365 4947 2465 5018 γὴν
2488 4949 2593 5001 ἀπὸ
2611 4946 2898 5019 προσώπου
2921 4947 3095 5014 τόξου,
3118 4948 3342 5020 μηδενὸς
3356 4949 3544 5020 νοητοῦ
3564 4953 3668 5004 καὶ
3693 4952 3906 5022 ἀοράτου

2367 5039 2621 5108 πολεμίου
2652 5036 2864 5108 βάλλειν
2891 5038 3084 5102 αὐτοὺς
3109 5039 3408 5110 τολμῶντος
3429 5040 3518 5094 διὰ
3546 5039 3612 5093 τὺ
3642 5044 3908 5113 ἐπικείμε-

2366 5146 2454 5182 νον
2477 5131 2655 5192 αύτοῖς
2681 5131 2898 5200 σημεῖον
2923 5130 3140 5194 καὶτοξς
3161 5115 3728 5202 παλαιοῖς-δεδομένον.
3762 5136 3908 5189 Men-3-

2369 5221 2467 5290 σῆς
2521 5222 2616 5292 μὲν
2655 5221 2764 5292 γὰρ
2786 5220 2884 5283 τὰς
2913 5217 3069 5289 φλιὰς
3097 5221 3204 5275 τῶν
3221 5221 3382 5276 οῖκων
3408 5221 3520 5277 τῶν
3561 5225 3909 5298 Ἰσραηλιτῶν

2366 5309 2555 5380 αἵματι
2594 5310 2688 5364 τοῦ
2716 5310 2985 5382 προϐάτου
3015 5306 3127 5366 ’τοῦ
3174 5312 3366 5383 Πάσχα
3412 5317 3907 5389 κατασημαίνεσθαι

2365 5400 2638 5466 διετάξατο
2657 5402 2740 5464 είς
2768 5403 3079 5474 ἀποτροπὴν
3099 5402 3193 5458 τοῦ
3238 5403 3557 5476 ὀλοθρευτοῦ
3579 5424 3595 5439 °
3637 5411 3734 5464 καὶ
3764 5410 3818 5463 ὲν
3843 5406 3908 5475 τῷ

2377 5489 2620 5564 Ἔζεκιὴλ
2672 5493 2769 5560 δὲ,
2825 5483 3122 5568 μελλούσης
3154 5497 3506 5565 ἀφανίζεσθαι
3545 5502 3649 5573 τῆς
3697 5502 3909 5562 πόλεως.

2363 5586 2815 5658 ἀναγέγραπταιό
2839 5588 2970 5652 Θεὸς
3009 5586 3242 5660 εἰρηκὼς
3273 5591 3406 5662 πρὸς
3443 5592 3539 5646 τὸν
3571 5594 3908 5665 ἐνδεδυμένον

2366 5677 2456 5729 τὸν
2487 5674 2711 5749 ποδήρη,
2735 5675 2886 5740 om;
2913 5679 3028 5731 ποτ’
3053 5673 3146 5749 ἦν·
3185 5699 3204 5731 ι
3223 5679 3404 5743 ante;
3440 5681 3614 5756 μέσην
3637 5684 3742 5757 τὴν
3772 5684 3911 5738 πόλιν
