3976 6348
79 400 174 459 581

1189 385 1686 449 ΩΟΜΠΕΝΤΑΒΙΑ
1717 360 1785 440 ιιι
1819 381 2153 439 ρειιιιοε.

3171 376 3275 433 562

78 515 170 584 τήν
213 508 585 583 Ἰερουσαλὴμ,
615 510 709 562 καὶ
732 507 820 571 δὸς
850 506 921 560 τὰ
953 507 1149 576 σημεῖα
1177 504 1269 557 ἐπὶ
1298 502 1365 557 τὰ
1392 500 1621 572 μέτωπα

1725 492 1975 555 mulieres
2007 495 2240 550 occidite
2261 492 2327 548 ad
2360 492 2780 549 internecionem
2817 510 2833 548 :
2871 490 2938 548 ad
2968 466 3064 550 eos
3095 498 3271 544 autem

78 606 177 659 τῶν
198 600 409 673 ἀνδρῶν
449 599 558 654 τῶν
574 596 1085 661 ηκαταστεναζόντων
1123 593 1215 647 καὶ⁵
1258 588 1366 645 τῶν
1402 589 1621 643 κατοδυ-

79 694 329 767 νωμένων
373 691 468 746 ἐπὶ
504 691 702 753 πάσαις
743 690 862 750 ταῖς
893 684 1138 755 ἀνομίαις
1170 684 1291 745 ταῖς
1313 679 1622 751 γινομέναις

80 791 130 842 ἐν
165 786 316 859 μέσῳ
346 783 545 837 αὐτῶν.
572 801 593 833 ι
625 776 735 834 Εἶθ’
764 779 966 851 ἑτέροις
1002 774 1193 845 ἐλέχθη
1213 788 1226 802 ·
1264 792 1283 824 ι
1321 767 1623 841 Πορεύεσθε

79 883 150 941 εὶς
180 871 282 947 τὴν
315 874 467 929 πόλιν
497 872 670 925 ὀπίσω
695 864 860 923 αὑτοῦ
879 911 892 933 ,
910 896 913 899 η
934 867 1027 921 καὶ
1055 865 1279 919 κόπτετε
1299 879 1313 892 ·
1351 861 1424 932 μὴ
1451 860 1623 930 φείδε-

80 967 166 1020 σθε
188 967 302 1029 τοῖς
328 962 623 1033 ὀφθαλμοῖς
654 959 828 1031 ὑμῶν,
853 958 946 1011 καὶ
981 955 1053 1026 μὴ
1097 954 1349 1025 ἐλεήσητε
1384 949 1622 1022 πρεσϐύ-

77 1070 227 1126 τερον
258 1054 354 1106 καὶ
393 1051 693 1115 νεανίσκον,
726 1049 821 1103 κα)⁸
846 1048 1012 1117 νήπια
1054 1047 1148 1101 καλ⁵
1185 1042 1487 1125 παρθένον,
1531 1043 1624 1095 καὶ

78 1120 331 1214 ria-vain;
358 1143 709 1197 ἀποκτείνατε
736 1126 835 1205 εἰς’
851 1138 1118 1207 ἐξάλειψιν
1142 1154 1157 1168 ·
1184 1120 1275 1191 ἐπὶ
1327 1134 1384 1188 δὲ
1421 1134 1623 1213 πάντας

80 1210 156 1304 ἐφ’
184 1234 278 1298 οὓς
320 1234 437 1286 ἐστι
484 1232 544 1285 τὸ
572 1231 791 1301 σημεῖον
823 1228 897 1299 μὴ
924 1228 1198 1296 ἐγγίσητε,
1246 1224 1338 1278 καὶ
1381 1223 1487 1277 ἀπὸ
1518 1210 1623 1275 τῶν

81 1325 237 1391 ἁγίων
280 1340 381 1394 μου
412 1318 665 1391 ἄρξασθε.
704 1337 723 1370 ι
767 1319 929 1389 Ὁρᾷς
950 1317 1096 1379 ὅπως
1123 1316 1169 1368 oi
1206 1314 1303 1384 μὲν
1330 1311 1621 1366 ἀπώλοντο·

81 1417 125 1469 οἱ
154 1415 207 1467 δέ
240 1414 299 1467 τὸ
335 1414 557 1482 σημεῖον
600 1410 693 1462 ἐπὶ
717 1407 810 1461 τοῦ
846 1406 1092 1477 μετώπου
1140 1404 1391 1475 φέροντες
1440 1398 1625 1454 διεσώ-

82 1508 256 1570 (cvm;
288 1501 516 1556 τοιοῦτοί
547 1516 691 1561 τινες
709 1494 845 1569 ἦσαν
875 1496 969 1549 καὶ
989 1495 1085 1557 οὓς
1107 1497 1140 1565 ή
1169 1494 1417 1564 παροῦσα
1439 1490 1625 1560 στηλο-

83 1597 279 1668 γραφία
302 1593 598 1666 παρίστησι
637 1591 898 1658 λέγουσα·
932 1606 951 1639 ι
987 1586 1233 1647 Ἐδωκας
1279 1586 1393 1647 τοῖς
1438 1584 1625 1652 φοϐου-

86 1689 253 1758 μένοις
273 1702 334 1739 σε
358 1685 653 1755 σημείωσιν
669 1680 762 1733 τοῦ
780 1681 966 1748 φυγεῖν
987 1677 1095 1731 ἀπὸ
1110 1673 1400 1747 προσώπου
1416 1673 1587 1737 τόξου·
1600 1691 1618 1724 ι

84 1780 136 1831 οὐ
162 1778 266 1850 γὰρ
286 1777 363 1847 τῷ
402 1773 614 1845 Ἰσραὴλ
633 1814 648 1838 ,
671 1772 852 1842 φησιν,
883 1771 1106 1831 ἔδωκας,
1134 1765 1269 1819 ἀλλὰ
1302 1767 1412 1829 τοῖς
1442 1763 1625 1832 φοϐου-

89 1844 252 1936 μένοις
407 1844 527 1917 Ὅτι
555 1844 610 1915 δὲ
640 1862 759 1925 ἔθος
784 1860 899 1913 ἐστὶ
922 1860 987 1927 τῇ
1025 1854 1326 1925 προφητείᾳ
1369 1850 1633 1921 φοϐουμέ-
1668 1844 1671 1849 ’

85 1975 193 2020 νους
215 1958 305 2010 τὸν
343 1956 548 2025 Κύριον
569 1953 749 2006 καλεῖν
777 1953 901 2014 τοὺς
932 1948 991 2013 ἐξ
1028 1945 1194 2001 ἐθνῶν
1223 1945 1313 1997 ἐπὶ
1360 1943 1449 1994 τὸν
1491 1940 1620 1993 Θεὸν

1720 604 1886 659 super
1909 602 2048 658 quos
2068 594 2153 642 est
2203 588 2415 656 signum
2449 600 2516 640 ne
2549 583 2840 647 accedstis,
2890 595 2943 640 et
2986 599 3016 639 a
3064 580 3273 639 sanctis

1719 681 1855 735 meis
1883 679 2101 749 incipite
2129 678 2169 730 ⁸.
2212 696 2231 729 ι
2266 675 2455 731 Viden'
2485 690 2593 746 quo
2620 683 2780 745 pacto
2808 674 2898 728 alii
2924 674 3145 744 quidem
3181 685 3275 726 oc-

1719 771 1857 835 cisi;
1889 771 1927 825 ii
1972 785 2102 827 vero
2130 770 2222 840 qui
2255 770 2468 839 signum
2513 769 2569 824 in
2612 766 2787 822 fronte
2832 766 3034 822 ferrent
3067 764 3269 825 servati

1721 857 1961 913 fuerint?
1987 856 2147 911 Tales
2203 856 2239 910 ii
2286 864 2463 922 erant,
2502 870 2640 927 quos
2668 855 2781 909 bzec
2809 854 2950 908 tituli
2984 853 3269 923 inscriptio

1722 949 1923 1004 indicat
1943 949 2029 1002 his
2058 950 2239 1026 verbis
2274 967 2291 1003 ι
2323 965 2341 998 ι
2374 947 2574 1002 Dedisti
2606 946 2968 1001 metuentibus
2988 953 3038 998 te
3062 946 3267 1014 signiti-

1719 1041 2011 1111 cationem,
2037 1049 2095 1094 ut
2126 1039 2334 1109 fugiant
2360 1053 2391 1092 a
2415 1036 2553 1095 facie
2581 1054 2760 1094 arcus.
2802 1056 2820 1088 ι
2850 1036 2966 1091 Non
2994 1037 3138 1091 enim
3166 1038 3268 1099 ait,

1722 1132 1910 1201 Israeli
1942 1124 2158 1194 dedisti,
2196 1130 2288 1186 sed
2322 1130 2632 1185 timentibus
2663 1136 2736 1184 te.
2764 1127 2918 1194 Quod
2939 1111 3114 1180 autem
3140 1140 3267 1195 pro-

1721 1220 1913 1291 pbetiaa
1933 1229 2252 1276 consuetum
2285 1220 2356 1275 sit
2375 1221 2625 1274 timentes
2649 1216 2930 1272 Dominum
2958 1228 3150 1270 vocare
3170 1229 3267 1271 eos

1720 1326 1786 1365 ex
1809 1312 2081 1382 gentibus,
2110 1312 2202 1382 qui
2231 1310 2299 1365 ad
2345 1309 2511 1364 Deum
2545 1308 2922 1378 confugerunt,
2952 1306 3267 1377 plerumque
3304 1314 3311 1317 "

1721 1396 2229 1466 demonstravimus,
2262 1402 2339 1457 uti
2366 1414 2531 1470 supra
2554 1398 2753 1453 dictum
2771 1406 2874 1455 est.
2907 1397 3266 1464 Quemadmo-

1720 1491 1849 1546 dum
1881 1492 2047 1562 igitur
2078 1490 2520 1548 exterminatoris
2570 1491 2778 1560 plagas,
2814 1490 2967 1560 signo
2986 1491 3266 1561 sanguinis

1721 1582 1827 1647 usi,
1862 1580 2137 1652 fugiebant
2164 1582 2255 1651 qui
2292 1581 2345 1634 in
2379 1580 2611 1649 Egypto
2657 1589 2812 1634 erant
2856 1582 2898 1644 ',
2946 1581 3133 1635 eadem
3180 1594 3266 1634 ra-

1722 1673 1869 1726 tione
1891 1674 1955 1727 ad
1983 1672 2331 1727 avertendum
2350 1671 2705 1724 humanarum
2735 1669 3033 1724 animarum
3057 1670 3270 1726 husth

1722 1772 1775 1818 et
1805 1764 2101 1828 inimicum,
2133 1763 2225 1834 qui
2259 1762 2394 1816 solet
2413 1774 2506 1815 eas
2533 1760 2650 1815 telis
2680 1761 2955 1835 impetere,
2988 1767 3043 1813 et
3070 1761 3121 1812 in
3155 1760 3270 1815 ido-

1724 1852 1950 1908 lolatriae
1982 1868 2220 1907 errorem
2243 1850 2531 1911 deducere,
2556 1849 2768 1917 signum
2801 1849 2887 1901 hic
2910 1856 3267 1902 memoratum

1725 1944 2087 1998 metuentibus
2113 1943 2393 1999 Dominum
2428 1940 2681 1994 collatum
2701 1947 2804 1993 est.
2880 1985 2887 1993 ,

86 2019 534 2116 καταφεύγοντας,
564 2043 817 2102 πολλάκις
857 2036 1233 2105 ἀπεδείξαμεν,
1257 2032 1436 2094 καθὼς
1473 2030 1803 2101 προείρηται.
1832 2033 2036 2103 Ὠσπερ
2074 2029 2164 2085 οὗν
2202 2032 2307 2084 ἀπὸ
2350 2029 2637 2099 προσώπου
2682 2028 2775 2083 τοῦ
2797 2019 3123 2099 ’ὀλοθρευτοῦ
3184 2026 3265 2082 δι-

88 2138 267 2208 έφυγόν
304 2153 437 2191 ποτε
474 2136 521 2187 oi
546 2136 603 2186 ἐν
629 2130 883 2199 Αἰγύπτῳ
911 2128 1009 2190 τὰς
1038 2124 1246 2193 πληγὰς
1272 2162 1291 2187 ,ν
1328 2122 1625 2197 χρήσαντες
1659 2119 1734 2189 τῷ
1762 2122 1968 2190 σημείῳ
2031 2121 2123 2173 τοῦ
2159 2121 2402 2190 αἵματος,
2435 2123 2524 2175 τὸν
2561 2120 2720 2175 αὐτὸν
2756 2120 2951 2207 τρόπον
2994 2121 3071 2183 είς
3132 2119 3267 2173 ἀπο-

87 2198 403 2299 τροπιασμὸν
426 2224 519 2279 τοῦ
541 2222 795 2293 πολεμίου
821 2198 912 2272 καὶ
932 2214 1122 2286 ἐχθροῦ
1146 2214 1254 2266 τῶν
1307 2210 1654 2281 ἀνθρωπίνων
1690 2208 1892 2277 ψυχῶν,
1921 2209 2013 2261 τοῦ
2045 2209 2279 2273 τοξεύειν
2308 2211 2400 2263 καὶ
2428 2209 2781 2264 καταϐάλλειν
2821 2198 2987 2273 αὐτας
3021 2209 3115 2261 ἐπὶ
3164 2206 3265 2279 τὴν

88 2323 174 2393 τῆς
196 2319 630 2391 είδωλολατρείας
654 2316 857 2387 πλάνην
897 2311 1162 2381 εἰωθότος,
1222 2307 1423 2361 δέδοται
1452 2306 1511 2358 τὸ
1546 2303 1830 2372 λεγόμενον
1855 2306 2082 2359 ἐνταῦθα
2128 2309 2346 2378 σημεῖον
2385 2310 2495 2371 τοῖς
2539 2305 2889 2377 φοϐουμένοις
2914 2305 3005 2358 τὸν
3040 2304 3260 2377 Κύριον.

129 2439 172 2469 ,ι
210 2406 397 2480 Ὅπως
434 2418 499 2469 ἂν
536 2411 800 2485 ρυσθῶσιν
824 2410 874 2462 οἱ
902 2404 1168 2477 ἀγαπητοί
1203 2420 1317 2466 σου,
1362 2400 1530 2454 σῶσον
1558 2400 1621 2467 τῇ

90 2508 221 2580 δεξιᾷ
238 2526 355 2566 σου.
381 2507 476 2561 καὶ
501 2502 800 2564 ἐπακουσόν⁵
822 2514 943 2571 μου.
974 2516 992 2549 ι
1018 2496 1201 2551 Ταῦτα
1221 2492 1401 2547 καὶτὰ
1421 2488 1626 2550 τούτοις

92 2579 334 2655 ἀκόλουθα
370 2598 531 2670 μέχρι
554 2594 647 2648 τοῦ
684 2593 867 2655 τέλους
906 2590 999 2643 καὶ
1033 2591 1061 2641 6
1106 2585 1181 2658 ρξ’
1218 2584 1458 2653 περιέχει
1487 2579 1623 2651 ψαλ-

94 2692 196 2761 μός.
231 2688 368 2741 Ἀλλ’
406 2689 463 2750 ὲν
492 2685 588 2756 μὲν
614 2678 1127 2752 τοῖςπροκειμὲνοις
1163 2674 1231 2728 τὰ
1270 2670 1626 2744 πρώεχθέντα

92 2778 340 2848 ἀποϐολὴν
361 2776 549 2846 ἐδήλου
584 2772 678 2827 τοῦ
721 2770 936 2843 Ἰσραήλ
955 2787 969 2800 ·
1017 2766 1110 2821 τοῦ
1142 2765 1218 2836 ρξ’
1246 2764 1315 2818 τὰ
1356 2763 1462 2834 πρὸ
1505 2762 1626 2816 τού-

92 2888 193 2933 του,
207 2887 239 2930 ,ι
256 2869 402 2930 ὅπως
417 2865 482 2919 ἂν
501 2862 763 2936 ρυσθῶσιν
773 2864 820 2914 οἱ
843 2857 1110 2929 ἀγαπητοί
1126 2873 1219 2910 σου
1244 2875 1263 2909 ι
1279 2852 1492 2908 καὶτῶν
1514 2855 1629 2905 ἐπι-

94 2962 416 3033 φερομένων,
455 2962 597 3031 σαφῆ
627 2959 815 3029 κλῆσιν
847 2954 1014 3011 ἐθνῶν
1055 2953 1317 3018 θεσπίζει.
1348 2949 1629 3024 Προειπὼν

1790 2398 1955 2456 Vens.
1983 2402 2037 2457 ’7.
2068 2419 2087 2453 ι
2114 2399 2183 2455 Ut
2223 2401 2518 2455 liberentur
2543 2400 2725 2454 dilecti
2779 2398 2879 2462 tui,
2934 2399 3140 2454 salvum
3177 2400 3283 2463 fac~

1720 2492 1941 2547 dextera
1963 2499 2076 2555 tua,
2111 2501 2164 2545 et
2211 2491 2404 2545 exaudi
2434 2506 2540 2546 me.
2584 2509 2604 2543 ι
2638 2488 2761 2544 llaec
2796 2496 2850 2543 et
2879 2490 3158 2555 sequentia
3193 2491 3259 2544 ad

1724 2581 1881 2635 linem
1916 2596 2085 2651 usque
2104 2595 2210 2635 cvn
2236 2580 2358 2635 item
2390 2581 2629 2650 psalmus
2656 2580 3046 2647 complectitur.
3084 2577 3187 2633 Sed
3209 2579 3261 2633 in

1722 2674 1970 2742 praesenti
1992 2687 2110 2741 qua:
2139 2673 2412 2741 praemissa
2435 2678 2581 2734 sunt,
2614 2671 2967 2738 abjectionem
3013 2669 3265 2736 lsraelis;

1721 2778 1840 2833 quae
1860 2762 2046 2816 isthmc
2075 2761 2236 2814 verba
2265 2758 2459 2830 psalmi
2487 2773 2616 2823 cvn,
2655 2777 2674 2810 ι
2709 2768 2765 2812 ιιι
2812 2758 3109 2812 liberentur
3133 2758 3263 2812 dile-

1720 2853 1790 2908 cti
1825 2854 1925 2917 tui,
1964 2870 1982 2903 ι
2016 2858 2068 2905 et
2100 2850 2379 2921 sequentia
2417 2844 2743 2920 praecedunt,
2767 2848 3101 2902 vocationem
3139 2863 3262 2917 gen-

1722 2945 1853 2998 tium
1906 2943 2191 2999 manifeste
2221 2940 2606 2996 vaticinantur.
2659 2938 2793 2992 Nam
2824 2954 2945 2992 cum
2973 2939 3030 2992 in
3057 2940 3265 3007 psalmo

94 2997 425 3125 ζὶῗῖλόγος
446 3054 504 3105 ἐν
526 2997 614 3122 ζῶ
651 2997 747 3122 pa,
784 3068 803 3100 ι
862 3046 1079 3117 Ἐτοίμη
1124 3046 1157 3115 ή
1193 2997 1569 3114 καρδίαι-μου,
1597 3040 1626 3092 ὁ

1725 3047 1830 3087 cm
1857 3030 2105 3099 dixisset,
2139 3049 2159 3080 ι
2200 3029 2450 3084 Paratum
2473 3042 2568 3082 cor
2600 3044 2797 3089 meum,
2821 3025 2982 3094 Deus,
3012 2997 3297 3097 paratum/

94 3145 230 3207 Θεὸς,
264 3144 518 3214 ἐτοίμηή
555 3141 749 3214 καρδία
782 3157 880 3211 μου
906 3157 920 3170 ·
953 3138 1151 3209 ᾄσομαι
1185 3136 1278 3191 καὶ
1311 3131 1481 3203 ψαλῶ.
1520 3129 1629 3195 Ἐξ-

96 3235 345 3305 εγέρθητι,
378 3235 413 3304 ὴ
442 3234 569 3297 δόξα
598 3249 718 3303 μου,
748 3229 1075 3299 ἐξεγέρθητι,
1103 3226 1392 3296 ψαλτήριον
1416 3222 1507 3275 καὶ
1546 3237 1628 3273 κι-

98 3325 241 3396 θάρα,
272 3324 695 3396 ἐξεγερθήσομαι
725 3322 940 3391 δρθρου,
976 3340 994 3371 ι
1027 3316 1271 3389 ἐπιφέρει
1294 3331 1307 3347 ·
1348 3333 1369 3365 ι
1414 3312 1626 3388 Ἐξομο-

97 3415 375 3486 λογήσομαί
398 3432 482 3468 σοι
513 3417 569 3466 ἐν
600 3413 765 3476 λαοῖς,
800 3410 991 3481 Κύριε,
1018 3408 1170 3479 ψαλῶ
1193 3423 1269 3458 σοι
1298 3408 1355 3458 ἐν
1382 3403 1585 3457 ἔθνεσιν
1608 3418 1623 3432 ·

100 3509 170 3559 ὅτι
215 3506 351 3575 μέγα
405 3505 591 3557 ἐπάνω
628 3502 735 3555 τῶν
761 3500 1003 3569 οὐρανῶν
1043 3498 1105 3551 τὸ
1150 3496 1299 3559 ἔλεός.
1321 3509 1434 3559 σου,
1468 3495 1560 3547 καὶ
1589 3496 1622 3564 ή

98 3596 301 3666 ἀλήθειά
349 3612 444 3648 σου
475 3594 579 3657 ἓως
615 3591 722 3646 τῶν
746 3590 998 3660 νεφελῶν.
1058 3584 1328 3661 Ὑψώθητι
1380 3584 1473 3638 ἐπὶ
1503 3584 1627 3647 τοὺς

100 3689 356 3759 οὐρανοὺς,
404 3688 436 3740 6
472 3685 631 3749 Θεὸς.
666 3683 878 3738 καὶέπὶ
904 3674 1085 3736 πᾶσαν
1125 3680 1221 3752 τὴν
1264 3682 1366 3751 γῆν
1416 3680 1449 3748 ή
1504 3677 1628 3742 δόξα

102 3795 202 3833 σου.
233 3769 393 3832 ι”Εῐτ’
433 3777 669 3844 ἐπιλέγει
710 3774 780 3828 τὰ
809 3776 866 3827 ἐν
895 3772 973 3843 τῷ
1017 3773 1152 3844 μετὰ
1184 3774 1369 3841 χεῖρας
1412 3768 1630 3839 προκεί-

105 3885 223 3938 μενα
251 3868 419 3940 λόγῳ·
462 3886 480 3919 ι
516 3867 701 3930 Ὅπως
726 3866 793 3919 ἂν
816 3864 1080 3936 ρυσθῶσιν
1116 3864 1165 3915 ot
1204 3859 1473 3929 ἀγαπητοί
1511 3874 1626 3921 σου,

102 3959 255 4013 σῶσον
286 3962 353 4031 τῇ
382 3958 535 4029 δεξιᾷ
557 3974 675 4019 σου,
701 3957 796 4010 καὶ
841 3944 1140 4009 ἐπάκουσόν
1183 3969 1283 4023 μου
1307 3990 1323 4015 ,
1366 3969 1384 4001 ι
1421 3949 1514 4003 καὶ
1561 3948 1630 4002 τὰ

101 4049 243 4103 λοιπὰ
272 4049 574 4121 συμφώνως
600 4050 708 4111 τοῖς
728 4045 1118 4117 προκειμένοις.
1160 4042 1370 4113 Σφόδρα
1389 4041 1445 4093 δὲ
1472 4039 1630 4093 ἐθαύ-

105 4155 233 4207 μασα
250 4139 339 4208 τοῦ
368 4137 525 4206 ἁγίου
558 4136 871 4206 Πνεύματος
895 4134 993 4203 τὴν
1022 4132 1328 4201 οἰκονομίαν
1347 4149 1360 4162 ·
1390 4131 1495 4184 ἀπὸ
1521 4131 1629 4199 γὰρ

102 4229 182 4282 δύο
210 4226 606 4299 στηλογραφιῶν
634 4226 728 4281 ἐνα
750 4224 959 4295 ψαλμὸν
988 4222 1272 4291 πεποίηκε,
1302 4222 1391 4274 τὸν
1420 4221 1515 4292 ρξ’.
1550 4220 1629 4293 Ta

106 4321 189 4390 μὲν
213 4320 315 4391 γὰρ
340 4318 552 4393 πρῶτα,
584 4317 643 4371 ἐν
672 4311 753 4380 οἷς
785 4315 1028 4381 ἐλέγετο·
1068 4332 1086 4363 ι
1136 4313 1354 4383 Ἐτοίμη
1377 4314 1409 4384 ή
1435 4313 1627 4383 καρδία

107 4412 251 4479 μου,ό
262 4409 411 4477 Θεὸς,
433 4410 528 4463 καὶ⁵
539 4409 607 4462 τὰ
623 4406 767 4477 ἑξῆς,
786 4405 891 4459 ἀπὸ
904 4405 1003 4473 τῆς
1019 4403 1113 4457 τοῦ
1132 4411 1216 4468 νς¹
1232 4403 1625 4474 στηλογραφίας

103 4500 183 4553 τοῦ
196 4500 346 4555 Δαυϊδ
368 4499 580 4566 ἐξελὼν,
597 4492 702 4576 ἐ.νῇ
722 4497 975 4565 καὶαὺτῇ
998 4491 1232 4548 λέλεκτο·
1252 4495 1481 4564 ἐτοίμηὴ
1501 4508 1644 4561 καιρ-Δ

104 4588 175 4641 δία
194 4606 302 4659 μου,
317 4591 345 4644 6
358 4589 509 4652 Θεὸς,
527 4585 757 4658 ἐτοίμήή
772 4582 961 4657 καρδία
978 4596 1095 4654 μου·
1113 4584 1309 4655 ᾄσομαι
1320 4582 1411 4634 καὶ
1423 4580 1592 4649 ψαλῶ,
1607 4600 1624 4629 ι

107 4677 275 4747 nigra
298 4668 655 4746 ἐπιλεγόμενα
683 4676 725 4728 δ’
748 4672 873 4743 ἐξῆς
905 4670 1202 4741 συμφώνως
1230 4674 1342 4733 τοῖς
1368 4673 1425 4722 ἐν
1447 4667 1523 4737 τῷ
1550 4668 1627 4738 ρξ’

111 4761 248 4831 μέχρι
270 4763 389 4816 τοῦ·
421 4781 441 4813 ι
484 4760 750 4832 ’Υψώθητι
789 4761 880 4813 ἐπὶ
927 4762 1049 4823 τοὺς
1076 4759 1333 4829 οὐρανοὺς
1356 4798 1370 4821 ,
1413 4758 1441 4808 6
1474 4756 1623 4820 Θεὸς,

108 4850 186 4901 καὶ
214 4852 299 4904 imi.
332 4854 509 4904 πᾶσαν
529 4851 623 4920 τὴν
645 4850 750 4920 γῆν
772 4853 804 4921 ή
829 4849 952 4914 δόξα
987 4865 1109 4902 σου·
1150 4869 1168 4901 ι
1212 4848 1277 4902 τὰ
1314 4847 1369 4900 δὲ
1407 4845 1628 4925 δεύτεραι.

106 4936 164 4989 τὰ
193 4942 293 4994 ἀπὸ
316 4941 430 5003 τοῦ,
466 4959 485 4991 ι
527 4942 712 5003 Ὅπως
741 4940 806 4993 ἂν
842 4940 1103 5011 ρυσθῶσιν
1132 4942 1179 4992 οἱ
1209 4934 1476 5007 ἀγαπητοί
1512 4952 1623 5000 σου,

111 5025 262 5085 σῶσον
287 5029 512 5101 τῇδεξιᾷ
545 5045 635 5081 σου
655 5030 747 5081 καὶ
772 5030 1070 5083 ἐπάκουσόν
1103 5047 1257 5100 μου,›
1290 5028 1385 5080 σὺν
1409 5027 1519 5087 τοῖς
1544 5026 1632 5095 μέ·

111 5135 187 5189 Χρι
214 5121 390 5185 τέλους
412 5122 859 5190 ἐπενηνεγμένοις
901 5120 1008 5176 ἀπὸ
1021 5122 1116 5190 τῆς
1142 5118 1275 5190 μετὰ
1296 5119 1478 5187 χεῖρας
1505 5125 1655 5187 στη-’

111 5205 401 5278 λογραφίας,
438 5209 773 5270 διδάσκοντος
804 5211 948 5279 ἡμᾶς
979 5209 1120 5262 θείου
1152 5206 1459 5275 Πνεύματος
1505 5204 1630 5273 μίαν

116 5296 193 5347 καὶ
234 5297 326 5367 τὴν
354 5299 517 5371 αὐτὴν
544 5301 776 5356 διάνοιαν
818 5300 1145 5371 ὲμφέρεσθαι
1187 5300 1245 5350 ἐν
1285 5295 1626 5365 ἀμφοτέροιςι

128 5384 202 5439 Ἐν
227 5386 315 5455 μὲν
349 5386 452 5459 γὰρ
477 5388 554 5458 τῷ
579 5397 665 5455 νς¹
707 5386 1191 5459 ἐξομολογήσασθαι
1226 5384 1303 5455 τῷ
1344 5382 1528 5453 Κυρίῳ
1573 5384 1629 5435 ἐν

119 5472 247 5537 λαοῖς
270 5476 357 5528 καὶ
379 5466 595 5545 ψάλλειν
623 5478 768 5548 αὐτῷ
795 5479 853 5530 ἐν
887 5476 1093 5529 ἔθνεσιν
1130 5472 1501 5545 εὐηγγελίζετο
1521 5489 1532 5500 ·
1572 5474 1629 5523 ἐν

120 5558 168 5610 δὲ
195 5560 265 5637 τῷ
300 5564 428 5632 μετὰ
458 5566 643 5635 χεῖρας
672 5564 936 5636 ἀποϐολὴν
970 5562 1219 5637 σημαίνει
1256 5560 1349 5614 τοῦ
1398 5560 1628 5631 Ἰσραὴλ)

184 5762 201 5792 ⁸
235 5761 412 5819 Ezccli.
437 5781 508 5828 ix,
538 5765 588 5828 5,
620 5764 672 5820 6.
721 5766 1106 5832 ’Exod.xu,7.
1147 5764 1347 5822 “Psal.
1371 5756 1502 5827 cvn,
1532 5760 1650 5829 2,5.

1724 3137 1819 3178 cor
1845 3137 2043 3187 meum,
2062 3122 2292 3177 cantabo
2317 3128 2369 3175 et
2391 3120 2637 3190 psallam.
2660 3117 2920 3188 Exsurge,
2938 3118 3105 3188 gloria
3122 3132 3263 3181 mea,

1724 3229 1975 3286 exsurge,
2034 3212 2345 3284 psalterium
2376 3221 2429 3265 et
2477 3210 2706 3271 cithara,
2741 3224 3024 3279 exsurgam
3061 3209 3264 3263 dilucu-

1726 3307 1779 3360 lo
1806 3307 1869 3370 ",
1900 3325 1919 3357 ι
1946 3304 2132 3373 adjicit
2166 3318 2178 3353 :
2220 3321 2237 3353 ι
2272 3300 2581 3356 Conlitebor
2601 3300 2699 3353 tibi
2721 3302 2775 3353 in
2825 3301 3059 3370 populis,
3083 3298 3266 3355 Domi-

1725 3412 1811 3459 ne,
1838 3396 2060 3466 psallam
2090 3394 2182 3448 tibi
2233 3393 2289 3445 in
2317 3390 2565 3461 gentibus
2594 3406 2606 3441 :
2637 3389 2891 3459 quoniam
2948 3393 3139 3459 magna
3180 3399 3264 3444 est

1702 3502 1885 3565 super
1912 3485 2081 3541 oculos
2112 3481 2480 3537 misericordia
2510 3492 2621 3545 tua,
2652 3488 2705 3536 et
2751 3480 2952 3535 veritas
2981 3489 3070 3534 tua
3092 3495 3264 3550 usque

1726 3576 1793 3630 ad
1825 3568 2014 3629 nubes.
2046 3572 2293 3626 Exaltare
2326 3586 2489 3641 super
2533 3571 2723 3635 caelos,
2786 3568 2949 3636 Deus,
2997 3578 3050 3624 et
3102 3584 3264 3639 super

1725 3678 1937 3719 omnem
1960 3674 2156 3718 terram
2209 3662 2378 3733 gloria
2410 3667 2502 3712 tua
2532 3660 2595 3711 “.
2643 3678 2662 3710 ι
2717 3658 2915 3727 Deinde
2975 3658 3160 3727 adjicit
3197 3673 3262 3713 ea
3342 3663 3347 3667 ’

1724 3754 1845 3825 quae
1867 3756 1923 3809 in
1950 3754 2201 3824 pratsenti
2238 3752 2526 3807 feruntur:
2564 3766 2583 3798 ι
2632 3746 2703 3803 Ut
2751 3749 3047 3801 liberentur
3086 3747 3265 3803 dilecti

1725 3847 1824 3909 tui,
1848 3846 2060 3903 salvum
2092 3846 2178 3899 lae
2206 3844 2426 3899 dextera
2447 3852 2559 3907 tua,
2588 3848 2642 3895 et
2691 3839 2884 3895 exaudi
2930 3855 3016 3894 me
3043 3841 3106 3901 “,
3139 3858 3159 3889 ι
3210 3847 3265 3895 et

1726 3922 1918 3993 extera
1949 3934 2304 4005 praesentibus
2333 3932 2549 3986 similia.
2595 3930 2909 3985 Admodum,
2934 3944 3059 3982 vero
3082 3928 3266 3982 mirari

1727 4027 1872 4083 subit
1913 4024 2146 4095 Spiritus
2198 4022 2375 4077 sancti
2417 4020 2872 4091 dispensationem
2913 4030 3020 4094 τοι
3054 4018 3265 4073 duabus

1729 4109 1958 4186 namque
1996 4115 2137 4168 tituli
2159 4112 2605 4182 inscriptionibus
2637 4126 2802 4165 unum
2847 4109 3111 4179 psalmum
3142 4122 3273 4164 con-'

1726 4207 1981 4269 cinnavit,
2017 4205 2225 4261 scilicet
2251 4219 2377 4259 cvu.
2403 4204 2587 4257 Priora
2603 4204 2767 4263 enim,
2785 4215 2906 4270 qua!
2925 4200 3004 4254 sic
3034 4199 3262 4254 habent:

1734 4318 1752 4350 ι
1786 4298 2037 4352 Paratum
2066 4313 2162 4353 cor
2190 4312 2388 4359 meum,
2420 4296 2580 4359 Deus,
2612 4312 2631 4345 ι
2665 4303 2717 4347 et
2763 4301 2975 4357 caetera,
3018 4308 3090 4348 ex
3122 4294 3266 4346 tituli

1732 4387 2080 4458 inscriptione
2107 4386 2320 4455 Davidis
2345 4400 2433 4440 ινι
2478 4385 2796 4454 exsumpsit,
2823 4384 2878 4436 in
2904 4383 3156 4451 quaitem
3184 4382 3265 4437 di-

1731 4464 1876 4532 ctum
1911 4477 2125 4533 fuerat:
2159 4494 2178 4527 ι
2215 4475 2461 4529 Paratum
2495 4490 2587 4529 cor
2608 4489 2805 4537 meum,
2833 4471 2991 4536 Deus,
3021 4480 3265 4541 paratum

1733 4582 1828 4622 cor
1852 4581 2052 4631 meum,
2075 4562 2303 4619 cantabo
2330 4568 2383 4615 et
2415 4562 2677 4631 psalmum
2709 4559 2882 4613 dicam
2920 4558 2981 4624 ⁸³,
3023 4577 3040 4609 ι
3075 4565 3127 4611 et
3149 4572 3269 4624 quae

1731 4664 2049 4727 sequuntur,
2081 4655 2147 4709 iis
2176 4666 2293 4722 quae
2330 4651 2385 4705 in
2414 4665 2523 4705 cvu
2574 4651 2821 4705 feruntur
2846 4648 3065 4711 similia,
3096 4661 3269 4715 usque

1733 4749 1799 4803 ad
1831 4747 1982 4807 illud,
2008 4764 2025 4796 ι
2052 4743 2297 4796 Exaltare
2324 4757 2485 4811 super
2506 4743 2693 4803 cwlos,
2717 4740 2878 4803 Deus,
2897 4747 2949 4794 et
2978 4753 3140 4807 super
3159 4751 3270 4790 om-

1732 4853 1857 4894 nem
1892 4844 2089 4889 terram
2124 4833 2291 4901 gloria
2314 4832 2479 4897 tua“
2508 4849 2524 4885 :
2565 4850 2583 4881 ι
2640 4827 2937 4898 posteriora
2992 4833 3169 4879 autem
3201 4824 3270 4878 ab

1733 4930 1845 4991 illo,
1880 4944 1899 4975 ι
1940 4923 2010 4978 Ut
2039 4924 2335 4983 liberentur
2360 4920 2541 4974 dilecti
2562 4918 2661 4980 tui,
2694 4919 2899 4972 salvum
2932 4914 3016 4967 fac
3047 4914 3269 4969 dextera

1731 5026 1843 5080 tua,
1874 5022 1928 5069 et
1954 5013 2146 5067 exaudi
2168 5027 2273 5076 me,
2323 5030 2342 5062 ι
2370 5024 2491 5063 cum
2523 5006 2590 5061 iis
2644 5021 2763 5076 quae
2814 4994 2877 5057 ad
2905 5004 3062 5056 linem
3099 5019 3270 5070 usque

1729 5111 2014 5170 habentur,
2043 5123 2106 5161 ex
2137 5104 2382 5175 praesenti
2422 5100 2564 5154 tituli
2613 5096 2964 5166 inscriptione
2992 5102 3281 5147 mutuatus

1728 5198 2091 5261 est;docente
2112 5212 2211 5249 nos
2251 5191 2454 5262 Spiritu
2481 5192 2666 5245 divino
2715 5202 2874 5241 unam
2922 5184 3270 5250 eamdemque

1734 5289 1785 5341 in
1813 5286 2039 5356 utroque
2064 5283 2382 5353 sententiam
2406 5280 2562 5345 ferri;
2589 5293 2712 5332 nam
2734 5278 2788 5330 in
2821 5291 2906 5330 LVI
2936 5289 2994 5328 se
3025 5272 3271 5327 conﬁteri

1731 5377 1959 5430 Domino
1988 5377 2043 5429 in
2071 5373 2283 5445 populis
2307 5379 2361 5427 et
2404 5372 2630 5442 psallere
2661 5369 2760 5437 ipsi
2798 5367 2863 5419 in
2896 5362 3145 5434 gentibus
3177 5375 3274 5412 an—

1736 5466 2054 5531 nuntiabat;
2078 5466 2129 5518 in
2160 5464 2408 5533 praesenti
2436 5468 2616 5517 autem
2658 5458 2961 5513 Judaeorum
3012 5451 3273 5521 abjectio-

1736 5572 1857 5617 nem
1890 5557 2174 5628 significat,
2206 5563 2263 5608 ut
2300 5555 2353 5607 in
2386 5552 2680 5621 praemissis
2721 5550 2989 5631 docetur”
3021 5540 3098 5598 Ᾱο
3150 5547 3275 5611 past.

1690 5727 1876 5813 ιιιυίιι.
1912 5757 2026 5811 4-6.
2062 5755 2266 5837 "ibid.
2305 5754 2356 5809 ι.
2394 5753 2437 5785 η
2474 5751 2615 5808 Psal.
2652 5765 2774 5814 m,
2810 5749 2863 5804 8.
2941 5748 2985 5778 ιι
3016 5744 3145 5800 ibid.
3182 5739 3266 5819 to.
