3976 6348
75 399 172 457 ωδ

1186 383 1686 445 couuwnms
1726 381 1795 439 IN
1834 379 2169 448 nsanos.
2277 340 2281 346 ’

3178 365 3281 424 ὗίὶϐ

76 515 274 578 παῖδες,
329 513 424 568 νῦν
476 512 531 566 δὲ
580 513 639 565 τὸ
671 507 1022 583 Σαμαρειτῶν
1071 506 1250 574 φῦλον.
1293 507 1357 561 Ἦ
1408 506 1544 576 αὐτὴ
1580 505 1638 558 δέ

1749 519 1858 573 quae
1886 501 2123 562 Sichem,
2153 512 2314 568 quam
2335 493 2569 583 tosepho
2599 494 2745 549 dedit
2769 492 2957 553 hcob,
2975 489 3065 545 ubi
3092 498 3285 559 puteus

77 610 181 659 ἐστι
209 607 409 678 Σίκιμα
431 609 496 676 τῇ
519 606 718 675 Συχὲμ,
742 605 808 672 ην
839 602 1034 656 ἔδωκεν
1062 599 1255 655 Ἰακὼϐ
1281 599 1359 670 τῷ
1397 600 1594 668 Ἰωσήφ
1613 613 1626 626 ·

76 698 195 751 Ινθα
223 696 403 750 καὶτὸ
428 695 602 767 φρέαρ
629 696 720 748 καὶ
749 695 782 763 ἡ
814 693 962 764 πηγὴ
993 691 1086 745 τοῦ
1128 689 1323 744 Ἰακὼϐ
1354 688 1630 758 τυγχάνει,

76 784 145 841 ὧν
177 787 446 857 μέμνηται
477 786 534 839 τὸ
559 783 904 852 Εὑαγγέλιον,
929 783 1019 835 τὸν
1049 781 1276 852 Σωτῆρα
1296 779 1499 848 φάσκον
1519 780 1636 831 επι-

76 877 450 949 δεδημηκέναι,
496 875 718 938 πολλούς
744 891 805 927 τε
835 873 1012 927 αὐτῶν
1050 875 1128 936 εἰς
1155 871 1316 924 αὑτὸν
1347 886 1637 924 πεπιστευ-

79 971 245 1024 κέναι.
279 968 440 1021 una;
466 968 559 1022 καὶ
588 967 725 1038 μετὰ
749 963 847 1038 τὴν
865 965 1128 1036 ἀνάληψιν
1145 961 1308 1016 αὑτοῦ
1334 963 1387 1014 οἰ
1407 962 1637 1016 ἀπόστο-

80 1060 174 1122 λοι,
207 1060 264 1111 ἰν
305 1060 372 1127 τῇ
420 1056 699 1127 Σαμαρείᾳ
730 1056 1027 1127 γενόμενοι,
1065 1056 1264 1124 σημεῖα
1307 1052 1400 1106 καὶ
1436 1051 1637 1122 τέρατα

81 1149 287 1202 ἰποίουν
334 1149 392 1200 έν
441 1148 598 1217 αὐτῇ,
648 1145 723 1210 ὡς
763 1145 1086 1218 ἱστορεῖσθαι
1136 1148 1193 1198 ἐν
1242 1147 1363 1208 ταῖς
1404 1140 1638 1212 Πράξεσι

80 1240 179 1292 τῶν
208 1236 519 1290 ἀποστόλων
547 1237 607 1289 τὸ
639 1237 860 1308 Πνεῦμα
891 1237 952 1290 τὸ
974 1235 1126 1305 ἅγιον
1157 1233 1396 1288 δεδόσθαι
1418 1237 1528 1296 τοῖς
1551 1232 1641 1285 τὸν

84 1329 234 1383 τόπον
281 1326 514 1390 οἰκοῦσι,
562 1328 733 1399 χαράν
760 1344 819 1381 τε
863 1327 1103 1397 μεγάλην
1135 1325 1410 1395 γεγονέναι
1435 1323 1639 1377 αὐτόθι.

86 1420 387 1490 Γέγραπται
444 1419 594 1486 γοῦν,
640 1420 722 1473 ὅτι
775 1417 1056 1480 Φίλιππος,
1113 1414 1386 1469 κατελθὼν
1431 1416 1510 1476 εἰς
1547 1413 1643 1483 τὴν

86 1509 224 1562 πόλιν
251 1508 352 1578 τῆς
380 1507 709 1579 Σαμαρείας,
733 1507 1034 1577 ικήρυσσεν
1061 1505 1241 1568 αὐτοῖς
1273 1503 1363 1557 τὸν
1391 1502 1641 1573 Χριστόν.

88 1600 370 1669 Προσείχον
395 1598 452 1651 δὲ
498 1599 549 1650 οἰ
596 1597 742 1668 δχλοι
785 1599 898 1660 τοῖς
945 1596 1250 1667 λεγομένοις
1287 1595 1391 1647 ὑπὸ
1422 1593 1515 1646 τοῦ
1553 1594 1644 1645 Φι-

86 1691 271 1743 λίππου
320 1688 683 1760 ὁμοθυμαδὸν,
716 1690 775 1740 tv
826 1688 903 1760 τῷ
935 1687 1152 1742 ἀκούειν
1194 1688 1389 1750 αὐτοὺς
1415 1687 1507 1758 καί⁵
1528 1685 1644 1755 βλέ-

90 1799 199 1836 πειν
248 1782 318 1836 τὰ
365 1785 566 1854 σημεῖα
613 1781 650 1837 ἃ
694 1781 895 1836 ἐποίει·
928 1780 1144 1850 ἐγένετο
1179 1780 1236 1834 δὲ
1281 1780 1431 1851 φωνὴ
1475 1780 1648 1849 χαρᾶς

93 1873 286 1942 μεγάλη
339 1875 399 1926 έν
463 1876 528 1944 τῇ
578 1874 726 1926 πόλει
787 1873 990 1946 ἐκείνῃ.
1056 1872 1168 1926 Καὶ
1223 1870 1348 1941 ἑξῆς
1401 1871 1646 1941 εἰρηται·

95 1982 110 2011 ι
131 1962 482 2024 ’Δκούσαντες
509 1962 566 2019 δὲ
616 1966 666 2017 οἰ
703 1966 760 2018 ἰν
831 1961 1215 2034 Ἰεροσολύμοις
1250 1962 1650 2021 ἀπόστολοι,ὃτι

90 2051 316 2105 δέδεκται
338 2054 373 2122 ἡ
403 2053 682 2126 Σαμάρεια
709 2055 803 2108 τὸν
831 2055 987 2123 λόγον
1023 2053 1116 2107 τοῦ
1141 2053 1296 2115 Θεοῦ,
1333 2053 1652 2106 ἀπέστειλαν

95 2139 216 2210 πρὸς
269 2142 471 2204 αὐτοὺς
525 2143 729 2210 Πέτρον
788 2146 882 2196 καὶ
921 2142 1197 2213 Ἰωάννην·
1245 2142 1437 2205 οἵτινες
1483 2158 1652 2195 κατα-

96 2231 271 2295 ϐάντες
299 2232 674 2304 προσηύξαντο
707 2235 835 2305 περὶ
860 2233 1037 2288 αὐτῶν
1075 2235 1223 2297 ὅπως
1253 2232 1456 2286 λάϐωσι
1486 2230 1654 2285 Πνεῦ-

98 2339 164 2391 μα
202 2324 388 2392 ἅγιον·
433 2343 452 2376 ι
505 2326 600 2379 καὶ
643 2324 912 2394 ιπιλέγει·
940 2341 979 2376 ἰ
1011 2326 1143 2408 Τότε
1194 2323 1508 2378 ἐπετίθεσαν
1557 2323 1655 2387 τὰς

106 2417 279 2484 χεῖρας
308 2415 398 2466 ἐπ’
428 2415 642 2478 αὐτοὺς,
687 2415 780 2470 καὶ
825 2414 1125 2488 ελάμδανον
1173 2414 1394 2484 Πνεῦμα
1427 2414 1594 2482 ἅγιον.
1630 2433 1649 2465 ι

110 2501 259 2556 Ταῦτ’
292 2499 389 2556 οὖν
419 2505 630 2571 ἐγένετο
657 2507 714 2557 έν
747 2505 1136 2576 τῇνΣαμαρείᾳ,
1159 2502 1532 2574 πληρουμένης
1557 2502 1655 2571 τῆς

103 2596 222 2665 μετὰ
256 2600 444 2667 χεῖρας
474 2596 822 2664 ἐπαγγελίας,
847 2595 1189 2665 φασκούσης·
1220 2613 1239 2644 ι
1272 2593 1654 2663 Ὑψωθήσομαι

99 2688 180 2739 καὶ
203 2686 464 2757 διαμεριῶ
514 2686 734 2756 Σίκιμα.
783 2686 907 2754 Τοῖς
941 2686 1048 2756 γὰρ
1095 2686 1186 2738 ἐπὶ
1220 2685 1318 2754 τῆς
1349 2682 1656 2755 Σαμαρείας

99 2777 352 2850 διεμέρισε
394 2779 455 2831 τὸ
493 2776 716 2847 Πνεῦμα
756 2775 817 2829 τδ
855 2777 1007 2844 άγιον
1055 2775 1191 2845 μετὰ
1235 2774 1332 2844 τὴν
1393 2773 1655 2844 ἀνάληψιν

101 2869 265 2935 αὑτοῦ,
290 2871 388 2923 καὶ
425 2868 651 2939 petaso
677 2867 952 2937 ὑψωθῆναι
995 2866 1174 2931 αὑτὸν,
1188 2866 1275 2920 ὅτε
1301 2884 1318 2915 ι
1348 2865 1552 2927 ἀναϐὰς
1577 2865 1656 2927 εἰς

105 2958 216 3027 ὕψος
253 2957 670 3029 ᾐχμαλώτευσεν
699 2956 1095 3026 αἰχμαλωσίαν,
1129 2956 1223 3009 καὶ
1253 2955 1418 3009 ἔδωκε
1449 2954 1655 3025 δόματα

104 3052 151 3105 ιν
176 3050 490 3120 ἀνθρώποις.
533 3068 552 3100 ι
590 3050 700 3102 Καὶ
740 3046 913 3101 ταῦτα
943 3047 1150 3116 ἐγίνετο
1174 3045 1313 3116 μετὰ
1333 3046 1396 3098 τὺ
1423 3045 1656 3115 διωχθῆ-

104 3158 179 3194 ναι
237 3144 358 3205 τοὺς
405 3138 654 3212 μαθητὰς
686 3140 780 3194 τοῦ
821 3140 1070 3212 Σωτῆρος
1106 3141 1212 3192 ἀπὸ
1251 3139 1650 3209 Ἰεροσολύμων.

106 3230 250 3299 Λέγει
283 3232 415 3300 γοῦν
456 3233 489 3302 ἡ
532 3231 719 3302 Γραφή
740 3247 753 3260 ·
792 3249 811 3280 ι
861 3230 1105 3299 Ἐγένετο
1131 3228 1188 3282 δὲ
1213 3227 1446 3298 διωγμὸς
1477 3227 1647 3297 μέγας

106 3322 187 3374 hri
226 3322 319 3394 τὴν
367 3321 690 3391 Ἐκκλησίαν
728 3322 826 3391 τὴν
871 3323 928 3373 ὲν
988 3319 1400 3394 Ἰεροσολύμοις·
1453 3319 1649 3380 πάντες

106 3410 157 3464 δὲ
181 3412 540 3485 διεσπάρησαν
560 3431 574 3443 ν
616 3433 635 3464 ι
666 3413 758 3464 καί
787 3412 945 3464 πάλιν
968 3429 981 3441 ·
1027 3429 1046 3461 ι
1084 3411 1146 3463 οἰ
1175 3411 1272 3480 μὲν
1297 3405 1390 3464 οῦν
1422 3410 1651 3463 διασπα-

112 3499 276 3570 ρέντες
312 3501 528 3570 διῆλθον
566 3499 1053 3574 εὐαγγελιζόμενοι
1093 3502 1186 3552 τὸν
1220 3499 1396 3567 λόγον.
1448 3501 1472 3550 ι’
1534 3496 1648 3552 Εῐθ’

111 3591 221 3661 ἑξῆς
275 3591 488 3663 εἴρηται
531 3593 675 3654 ὅπως
714 3593 823 3654 τοῖς
857 3593 914 3644 ὲν
945 3593 1010 3661 τῇ
1061 3590 1342 3661 Σαμαρείᾳ
1369 3591 1649 3661 εὐηγγελί-

112 3681 264 3749 ζοντο,
296 3685 392 3737 καὶ
420 3683 496 3746 ὡς
521 3682 614 3737 τοῦ
646 3683 960 3754 Πνεύματος
990 3681 1085 3734 τοῦ
1126 3682 1276 3750 ἁγίου
1315 3682 1651 3753 μετεδίδοσαν

113 3774 275 3838 αὐτοῖς
304 3777 351 3827 οἰ
384 3774 688 3829 ἀπόστολοι.
745 3775 1019 3827 Δέδεικται
1063 3774 1240 3826 τοίνυν
1267 3774 1414 3836 ὅπως
1439 3774 1651 3849 εἰρηται

113 3865 182 3928 τὸ,
211 3885 228 3917 ι
251 3867 631 3938 ’Υψωθήσομαι
661 3867 753 3920 καὶ
773 3865 1033 3936 διαμεριῶ
1054 3865 1276 3934 Σίκιμα·
1312 3885 1330 3916 ι
1376 3865 1511 3934 μετὰ
1546 3866 1652 3938 γὰρ

113 3954 167 4006 τὸ
207 3957 479 4027 ὑψωθῆναι
516 3959 608 4010 τὸν
645 3957 868 4027 Σωτῆρα
919 3957 1091 4009 πάντα
1121 3955 1291 4008 ταῦτα
1331 3956 1649 4027 ἐπληροῦτο.

117 4045 287 4110 ’Δλλος
331 4048 375 4100 δ’
409 4047 476 4101 ἂν
502 4049 666 4111 εἴποι,
706 4047 794 4100 διὰ
821 4046 881 4099 τὸ
914 4046 1079 4099 πάλαι
1109 4046 1205 4114 μὲν
1235 4045 1343 4098 τῶν
1388 4046 1654 4101 Ἰουδαίων

116 4131 234 4187 εἶναι
256 4137 551 4218 rev-16mm
581 4137 698 4188 νυνί
727 4136 783 4188 δὲ
813 4136 948 4206 μετὰ
985 4134 1079 4205 τὴν
1103 4134 1196 4186 τοῦ
1225 4132 1471 4206 Σωτῆρος
1500 4138 1654 4207 ἡμῶν

114 4227 358 4298 ἀνάληψιν
376 4226 600 4297 Ἕλλησι
631 4227 725 4280 καὶ
741 4226 1103 4296 Σαμαρείταις
1119 4225 1440 4289 ἐκδεδόσθαι,
1468 4229 1654 4281 τούτου

121 4315 261 4385 χάριν
293 4313 542 4387 εἰρῆσθαι
569 4311 650 4376 τὸ,
699 4329 717 4363 ι
759 4311 1139 4382 ’Υψωθήσομαι
1169 4300 1260 4366 καὶ
1287 4313 1547 4384 διαμεριῶ
1573 4313 1658 4364 Σί-

117 4419 265 4472 κιμα·
295 4422 314 4456 i
339 4402 474 4458 ἀλλὰ
511 4403 604 4455 καὶ
635 4420 653 4452 ι
699 4399 796 4471 τὴν
834 4400 1054 4455 κοιλάδα
1081 4401 1189 4455 τῶν
1230 4403 1443 4474 σκηνῶν
1470 4403 1656 4471 διαμεη

1731 604 1784 648 ει
1817 593 1936 647 fons
1963 588 2133 644 Iacob
2164 593 2269 642 est.
2332 582 2574 650 Quorum
2608 582 2853 637 meminit
2903 577 3250 649 Evangelium
3270 611 3285 635 .

1732 684 1919 738 dicens
1953 679 2287 734 Salvatorem
2317 689 2381 730 eo
2413 672 2695 728 advenisse
2715 714 2729 739 ,
2770 684 3063 741 eorumque
3091 668 3290 724 multos

1734 773 1790 826 in
1824 756 2000 841 ipsum
2025 766 2347 824 credidisse.
2379 763 2521 830 Quin
2551 763 2712 817 etiam
2765 769 2888 832 post
2931 761 3050 830 ejus
3077 773 3292 814 assum-

1737 861 2004 931 ptionem,
2069 856 2300 928 apostoli
2353 855 2652 910 Samariam
2711 860 2991 924 petentes,
3045 850 3201 919 signa
3238 856 3294 902 et

1731 952 1979 1022 prodigia
2009 949 2370 1020 operabantur
2414 949 2471 1001 in
2523 948 2664 1016 ipsa,
2721 944 2793 999 ita
2849 950 2917 997 ut
2956 943 3012 996 in
3066 941 3292 994 Actibus

1739 1044 2105 1115 apostolorum
2132 1048 2379 1094 narretur
2415 1037 2674 1107 Spiritum
2718 1043 2964 1090 sanctum
2995 1032 3112 1100 ejus
3142 1032 3295 1084 inco-

1740 1125 1806 1190 lis
1844 1135 2030 1190 datum
2084 1131 2289 1196 fuisse,
2334 1130 2517 1199 ibique
2561 1141 2812 1197 magnum
2866 1123 3137 1179 exstitisse
3162 1135 3298 1190 gau-

1740 1225 1908 1280 dium.
1948 1222 2216 1277 Scribitur
2242 1233 2463 1290 quoque
2490 1214 2800 1285 Philippum
2853 1210 3198 1267 descendisse
3240 1209 3295 1262 in

1741 1317 1928 1371 urbem
1957 1312 2255 1368 Samariam
2283 1348 2299 1375 ,
2358 1309 2599 1380 ipsisque
2643 1303 2968 1376 praedicasse
2997 1300 3292 1356 Christum.

1742 1405 1938 1461 Turba:
1961 1419 2123 1476 porro
2164 1403 2327 1458 dictis
2354 1399 2586 1471 Philippi
2613 1397 2945 1454 unanimiter
2997 1393 3298 1455 haerebant,

1742 1513 1866 1552 cum
1893 1497 2142 1552 audirent
2173 1509 2237 1549 ac
2253 1494 2500 1549 viderent
2517 1492 2671 1560 signa
2698 1504 2818 1559 qua:
2844 1487 3070 1541 faciebat
3103 1504 3120 1538 ί
3142 1500 3300 1539 exor-

1744 1596 1907 1658 taque
1938 1599 2132 1656 magna
2161 1599 2262 1638 vox
2296 1581 2491 1642 latitia:
2515 1586 2599 1634 est
2641 1579 2696 1631 in
2744 1579 2964 1631 civitate
2994 1576 3104 1629 illa.
3148 1573 3301 1628 Dein-

1746 1680 1919 1750 deque
1949 1678 2191 1732 dicitur:
2232 1694 2250 1727 (
2303 1673 2436 1728 Cum
2495 1678 2672 1726 autem
2726 1668 3007 1747 audissent
3047 1667 3296 1735 apostoli,

1749 1772 1840 1841 qui
1880 1777 2035 1825 erant
2065 1765 2450 1835 Hierosolymis
2479 1801 2493 1826 ,
2525 1759 2670 1830 quod
2711 1757 3006 1825 rectpisset
3054 1754 3300 1808 Samaria

1681 1842 1722 1896 Β
1753 1861 1974 1917 verbum
2004 1859 2120 1922 Dei,
2149 1857 2415 1914 miserunt
2446 1853 2520 1908 ad
2555 1865 2649 1906 eos
2691 1848 2909 1905 Petrum
2937 1853 2989 1902 et
3017 1843 3294 1899 Joannem.

1750 1952 1851 2020 Qui
1873 1966 1996 2005 cum
2027 1949 2324 2010 venissent,
2354 1949 2641 1998 oraverunt
2688 1938 2948 2009 proripsis
2986 1943 3045 1989 ut
3096 1934 3303 2003 accipe-

1749 2048 1870 2097 rent
1896 2037 2155 2108 Spiritum
2180 2044 2460 2097 sanctutn;
2493 2049 2512 2082 ι
2550 2044 2614 2083 ac
2657 2027 3004 2097 subjungitur
3043 2042 3056 2077 :
3087 2041 3104 2074 ι
3146 2020 3300 2076 Tunc

1752 2133 2098 2203 imponebant
2126 2143 2321 2183 manus
2361 2139 2523 2194 super
2549 2124 2693 2186 illos,
2727 2129 2781 2177 et
2812 2119 3145 2188 accipiebant
3181 2113 3301 2185 Spi-

1751 2227 1914 2279 ritum
1942 2227 2190 2277 sanctum
2222 2218 2287 2271 “.
2326 2237 2344 2270 ›
2369 2215 2492 2271 Hac
2518 2215 2683 2286 igitur
2704 2210 2960 2265 Samaria:
2979 2207 3120 2261 facta
3153 2214 3298 2269 sunt,

1751 2317 1827 2370 ita
1857 2322 1914 2367 ut
1946 2313 2060 2368 hac
2086 2309 2374 2382 promissio
2398 2307 2739 2377 impleretur:
2762 2319 2784 2354 ι
2823 2300 3113 2354 Exsitabor
3142 2304 3196 2358 et
3219 2297 3303 2351 di-

1754 2407 1931 2462 vidam
1973 2404 2231 2460 Sichima.
2269 2422 2288 2454 ι
2337 2399 2469 2455 Nam
2495 2393 2850 2453 Samaritanis
2884 2390 3146 2462 Spiritum
3185 2404 3305 2443 san-

1751 2507 1898 2554 ctum
1934 2496 2211 2552 distribuit
2247 2500 2369 2564 post
2413 2490 2834 2558 assumptionem
2887 2497 3040 2538 suam
3073 2489 3126 2535 et
3162 2489 3304 2549 post-

1753 2605 1914 2661 quam
1941 2588 2211 2643 exaltatus
2240 2591 2324 2639 est
2347 2623 2362 2647 ,
2415 2580 2631 2652 quando
2669 2597 2687 2629 ι
2727 2575 3024 2631 ascendens
3053 2573 3106 2627 in
3138 2572 3302 2624 altum

1752 2680 2017 2750 captivam
2060 2674 2216 2730 duxit
2241 2671 2634 2740 captivitatem,
2654 2674 2708 2724 et
2729 2666 2878 2722 dedit
2904 2664 3045 2718 dona
3072 2662 3304 2716 homini-

1753 2772 1855 2826 bus
1876 2770 1942 2824 “.
1981 2787 2000 2820 ι
2035 2765 2158 2821 Haec
2189 2777 2354 2833 porro
2394 2754 2699 2815 facta'sunt
2725 2764 3007 2827 postquam
3050 2752 3309 2821 discipuli

1755 2859 2052 2916 Salratoris
2085 2854 2470 2924 Hierosolyma
2493 2847 2922 2922 persecutionem
2969 2844 3114 2916 passi
3156 2850 3300 2897 sunt.

1753 2952 1842 3006 Ait
1869 2951 2050 3020 itaque
2076 2945 2356 3016 Scriptura
2383 2962 2399 2999 :
2432 2962 2450 2996 ι
2491 2941 2654 2997 Facta
2675 2947 2758 2996 est
2787 2935 3090 3009 persecutio
3114 2947 3324 3003 magna-

1754 3043 1810 3098 in
1828 3042 2066 3096 Ecclesia
2079 3055 2197 3110 quae
2218 3047 2334 3093 erat
2359 3033 2766 3104 Hierosolymis,
2789 3039 2842 3086 et
2866 3042 3055 3085 omnes
3075 3025 3304 3095 dispersi

1756 3142 1883 3192 sunt
1904 3134 1987 3198 “;
2022 3152 2040 3183 ›
2068 3145 2130 3184 ac
2159 3143 2374 3184 rursum
2406 3145 2419 3180 :
2453 3144 2471 3177 ι
2508 3124 2674 3196 Igitur
2725 3122 2819 3193 qui
2867 3118 3106 3189 dispersi
3151 3124 3306 3171 erant

1756 3223 2184 3296 pertransibant,
2211 3218 2644 3289 evangelizantes
2673 3214 2897 3269 verbum
2932 3213 3000 3268 ”.
3039 3229 3058 3261 ι
3107 3207 3306 3262 Deinde

1751 3317 1955 3372 dictum
1988 3321 2092 3377 est,
2113 3326 2219 3381 qua
2244 3309 2453 3363 ratione
2479 3303 2832 3360 Samaritanis
2854 3300 3303 3371 evangeliurent,

1749 3414 1803 3461 et
1835 3402 2108 3476 quomodo
2140 3398 2371 3471 apostoli
2406 3395 2668 3467 Spiritum
2717 3400 2980 3447 sanctum
3019 3390 3152 3458 ipsis
3205 3389 3306 3442 im-

1752 3486 2033 3569 pertirent.
2068 3490 2508 3546 Demonstratum
2543 3499 2674 3555 ergo
2701 3492 2784 3539 est
2809 3497 2976 3553 quare
3004 3479 3208 3534 dictum
3233 3479 3306 3534 si;

1752 3587 1905 3650 illud,
1940 3604 1958 3636 ι
1994 3581 2311 3645 Exaltabor,
2337 3587 2390 3635 et
2428 3577 2663 3633 dividam
2687 3575 2946 3629 Siohima.
2981 3592 3000 3623 ι
3033 3570 3166 3624 Nam
3193 3569 3306 3624 hac

1750 3677 1932 3734 omnia
1983 3672 2342 3742 implebantur
2383 3678 2667 3742 postquam
2725 3666 2972 3720 Salvator
3035 3661 3306 3715 exaltatns

1750 3776 1852 3825 est.
1878 3765 2084 3820 Dixerit
2113 3762 2299 3818 forsan
2325 3763 2486 3825 alius,
2511 3760 2636 3829 quia
2666 3758 2793 3812 olim
2823 3754 3130 3809 Judzeorum
3153 3752 3308 3807 locus

1751 3868 1888 3924 erat,
1928 3872 2075 3912 nunc
2129 3865 2309 3910 autem
2358 3859 2479 3923 post
2525 3849 2822 3904 Salvatoris
2871 3847 3041 3901 nostri
3094 3859 3308 3900 assum-

1753 3951 2014 4021 ptionem,
2072 3947 2274 4004 Grecis
2321 3953 2375 3999 et
2429 3941 2786 3996 Samaritanis
2845 3952 3136 3994 concessus
3189 3934 3310 3989 fue-

1753 4051 1858 4106 rat,
1892 4043 2018 4096 ideo
2034 4041 2258 4102 dictum,
2287 4055 2306 4087 ι
2333 4035 2642 4098 Exaltabor,
2660 4032 2958 4089 etdividam
2984 4027 3222 4082 Sichima
3245 4044 3260 4092 ;
3280 4045 3301 4077 ε

1755 4134 1849 4189 sed
1870 4134 2062 4197 etiam,
2094 4148 2113 4182 ι
2159 4129 2456 4184 convallem
2491 4125 2958 4181 tabernaculorum
2985 4118 3247 4174 dimetiar.
3282 4135 3302 4167 ι

1753 4225 2061 4283 Convallem
2109 4223 2484 4277 universorum
2523 4219 2801 4273 hominum
2843 4210 3176 4268 domicilium
3213 4222 3308 4260 vo-

1755 4331 1881 4370 care
1917 4314 2200 4368 consuevit
2239 4311 2583 4382 propheticus
2607 4319 2816 4361 sermo:
2854 4316 3020 4372 quare
3050 4297 3175 4352 alibi
3224 4296 3308 4352 di-

1757 4417 1904 4461 ctum
1943 4414 2066 4459 est:
2106 4423 2124 4455 ι
2179 4401 2454 4472 Disposuit
2504 4400 2559 4452 in
2587 4397 2741 4451 .valle
2783 4395 3144 4463 lacrymarum
3167 4388 3301 4442 ".‘i

117 4495 302 4565 τρήσω.
339 4514 358 4547 θ
393 4493 629 4549 Κοιλάδα
658 4494 715 4546 δὲ
755 4493 942 4546 εἰωθεν
970 4493 1251 4564 ὀνομάζειν
1277 4497 1304 4546 ό
1325 4492 1649 4564 προφητικδς

1762 4497 1873 4552 Ηοε
1901 4497 2082 4566 itaque
2107 4496 2383 4557 hominum
2421 4490 2664 4544 omnium
2702 4484 3059 4545 domicilium,
3091 4491 3144 4536 et
3171 4495 3306 4535 cono

117 4579 256 4651 λόγος
284 4584 341 4636 τὸ
368 4584 583 4640 πάντων
610 4581 909 4652 ἀνθρώπων
947 4584 1284 4653 οἰκητήριον·
1313 4581 1654 4640 διὸτλέλεκται

117 4673 360 4744 άλλαχοῦ·
406 4690 425 4725 ι
472 4672 683 4726 Διέθετο
727 4674 807 4735 εἰς
847 4675 944 4744 τὴν
986 4674 1205 4729 κοιλάδα
1243 4671 1347 4729 τοῦ.
1367 4671 1654 4742 κλαυθμῶ-

119 4781 213 4828 νος.
243 4787 260 4818 ι
283 4767 458 4843 ’Τοῦτο
498 4765 564 4836 δὴ
608 4759 700 4816 οῦν
730 4763 790 4816 τὸ
833 4766 1048 4819 πάντων
1095 4765 1392 4836 ἀνθρώπιον
1431 4765 1655 4834 οἰκητή-

122 4872 240 4925 ρων,
285 4861 376 4913 καὶ
430 4859 529 4930 τὴν
575 4856 801 4913 κοιλάδα
850 4858 1055 4926 ταύτην
1107 4855 1425 4928 ἐκκλησιῶν,
1471 4857 1657 4926 φησὶν,

119 4951 336 5018 δμαυτοῦ
389 4951 687 5024 πληρώσω·
736 4949 765 5005 ὃ
806 4950 872 5023 δὴ
904 4951 1194 5008 αἰνίττεται
1221 4950 1411 5017 λέγων,
1445 4968 1464 5000 ι
1515 4949 1655 5020 Σκη-

122 5037 215 5090 νιῖιν
241 5040 596 5115 διαμετρήσει.
638 5061 658 5094 ›
709 5042 820 5099 Καὶ
841 5044 869 5095 ό
905 5043 1137 5105 Ἀκύλας
1167 5042 1225 5095 δὲ
1272 5040 1457 5094 τοῦτον
1477 5043 1657 5111 ἡρμή-

123 5143 264 5182 νευσε
308 5132 398 5186 τὸν
444 5133 715 5204 «po-trav”
757 5134 992 5191 Κοιλάδα
1039 5133 1385 5204 συσκιασμῶν
1421 5149 1660 5202 καταμε-

125 5221 310 5290 τρήσω.
339 5239 358 5274 t
392 5219 504 5277 Εἶθ’
534 5223 720 5294 ὥσπερ
744 5225 908 5294 ,ἐμὸς
943 5225 1090 5294 φησι,
1124 5224 1341 5292 γέγονεν
1373 5224 1400 5274 ό
1427 5223 1659 5290 Γαλαὰδ,

128 5311 354 5381 uituli;
383 5312 571 5380 γέγονέ
601 5329 730 5366 ποτε
761 5316 790 5366 ό
828 5314 1141 5384 Μανασσῆς,
1188 5314 1280 5366 καὶ
1318 5313 1555 5384 Ἐφραίμ
1593 5311 1660 5385 ἦν

128 5401 377 5466 armis:
413 5402 648 5474 ὑπῆρχε,
683 5421 703 5454 ι
737 5407 1068 5476 κραταίωσις
1089 5405 1188 5474 τῆς
1207 5402 1449 5472 κεφαλῆς
1479 5421 1599 5474 μου,
1635 5426 1654 5458 ›

127 5491 178 5562 ἦ,
214 5493 348 5546 κατὰ
395 5495 492 5549 τὸν
523 5492 840 5577 Σύμμαχον,
870 5515 890 5548 ι
928 5499 1077 5568 ἰσχὺς
1121 5496 1218 5566 τῆς
1263 5495 1435 5565 ἀρχῆς
1466 5513 1567 5568 μου
1590 5514 1603 5527 ·
1636 5517 1655 5549 ι

130 5581 595 5660 δμοίυςτεῶσπερ,
621 5581 835 5658 ἧνπητε
866 5606 886 5640 ε
919 5589 948 5639 ό
977 5585 1171 5650 Ἰούδας
1205 5584 1453 5656 βασιλεύς
1497 5605 1655 5660 pou,»

1711 4566 1719 4662 ξ
1761 4586 1950 4641 vallem
1981 4587 2160 4647 istam,
2192 4579 2455 4643 ecclesiis,
2485 4577 2693 4646 inquit,
2724 4575 2860 4630 meis
2888 4571 3124 4642 replebo.
3156 4566 3307 4634 Quod

1761 4679 1846 4737 bis
1875 4678 2054 4733 verbis
2076 4672 2402 4732 subindicat,
2426 4688 2444 4720 ι
2475 4667 2965 4724 Tabernaculorum
2991 4662 3257 4718 dimetiar.
3283 4679 3302 4711 ο

1761 4769 1953 4837 Aquila
1978 4780 2112 4835 γενοΔ
2127 4761 2206 4818 sic
2240 4762 2628 4832 interpretatus
2657 4767 2759 4822 est,
2805 4773 2824 4806 ι
2856 4753 3165 4810 Convallem
3190 4764 3311 4804 um-

1762 4857 2104 4912 braculorum
2134 4850 2345 4906 metiar.
2382 4869 2400 4902 ι
2435 4848 2730 4913 Deinde,ut
2758 4845 2905 4908 olim,
2931 4842 3123 4911 inquit,
3155 4853 3308 4894 meus

1761 4947 1864 5002 fuit
1912 4944 2109 5000 Galaad
2139 4982 2154 5007 ,
2209 4956 2361 4996 meus
2391 4943 2518 4995 item
2549 4938 2825 4993 Manasses
2851 4975 2866 4999 ,
2905 4942 2958 4988 et
3012 4928 3265 5001 Ephraim
3288 4970 3324 4995 ,κ

1767 5059 1785 5090 ι
1825 5035 2080 5092 fortitudo
2102 5034 2292 5102 capitis
2318 5033 2424 5087 mei
2456 5051 2474 5084 ι
2504 5029 2774 5100 quondam
2793 5032 2939 5091 erat;
2971 5022 3103 5089 sive,
3121 5034 3311 5077 secun-

1761 5129 1885 5182 dum
1912 5123 2313 5195 Symmachum,
2342 5141 2361 5173 ι
2393 5121 2558 5175 robur
2587 5119 2917 5186 principatus
2945 5113 3072 5178 mei;
3105 5129 3122 5164 ο
3158 5112 3306 5174 item,

1764 5228 1821 5272 ut
1845 5217 1971 5270 olim
2000 5233 2018 5265 ε
2057 5214 2371 5270 Judasrex
2403 5225 2569 5278 meus
2611 5227 2631 5260 ι
2676 5206 2810 5267 fuit:
2864 5213 2956 5258 aut
3011 5199 3306 5259 secundum

1763 5305 2030 5375 Aquilam,
2068 5322 2087 5356 ι
2125 5302 2294 5358 ludas
2323 5301 2549 5370 diligens
2599 5294 2884 5365 inquisitor
2917 5306 3099 5355 meus;
3145 5307 3164 5339 ›
3211 5302 3306 5341 ea-

1764 5400 1882 5454 dem
1911 5411 2137 5468 prorsus
2165 5394 2474 5450 conditione
2501 5390 2605 5445 erit
2627 5388 3045 5458 alienigenarum
3081 5380 3229 5450 regio
3254 5390 3308 5434 et

1765 5491 1914 5556 urbs,
1945 5505 2065 5559 quae
2094 5489 2295 5544 dicitur
2339 5483 2533 5539 Moab:
2582 5481 2843 5537 efﬁcietur
2890 5479 3033 5532 enim
3093 5492 3113 5525 ι
3160 5474 3312 5530 lebes

1765 5583 1878 5654 spei
1907 5597 2072 5649 meae;
2113 5602 2131 5634 ›
2173 5581 2277 5645 vel,
2329 5577 2626 5633 secundum
2657 5571 2944 5642 Aquilam,
2987 5587 3007 5621 ι
3044 5567 3195 5624 lebcs
3228 5568 3310 5622 la-

113 5795 115 5798 ‹
198 5755 238 5788 ⁸⁸
266 5756 511 5826 Δει.νιιι,
545 5760 726 5819 14-17.
802 5758 1007 5820 κΡεει.
1034 5776 1208 5829 tam,
1248 5764 1332 5821 l9.
1408 5766 1448 5798 ⁸³
1471 5765 1590 5822 Act.
1625 5782 1649 5821 ι

1759 5763 1820 5822 ι.
1886 5762 1930 5794 ι·
2004 5760 2134 5817 ibid.
2165 5745 2218 5816 ἰ.
2295 5754 2501 5810 "Pw.
2539 5762 2728 5819 ιιηιι,
2765 5749 2822 5807 ε.
2875 5789 2884 5798 .
