3966 6340
703 387 809 444 567

1357 388 1624 446 EUSEBII
1659 386 2127 444 CESARIENSIS
2158 388 2305 445 OPP.
2344 386 2524 441 PARS
2555 385 2642 441 Ill.
2662 418 2732 427 -—
2754 384 3167 442 EXEGETICA.

3788 384 3878 440 568

701 502 848 558 vacri
877 502 1017 570 mei;
1055 521 1073 554 ι
1108 510 1197 557 aut
1227 521 1247 554 ι
1284 504 1427 559 lebes
1462 505 1768 565 securitatis
1797 520 1947 569 mete,
1986 524 2005 558 ι
2048 520 2209 561 secun

2311 556 2313 563 .
2340 503 2395 573 ἢ,
2421 503 2562 558 κατὰ
2589 503 2678 557 τὸν
2704 503 2999 566 Ἀκύλαν,ἰ
3022 504 3216 567 Ἰούδας
3248 474 3577 575 ἀκριϐαστής
3601 521 3728 574 μου·
3757 524 3777 557 ι
3798 503 3876 557 τὸν

698 593 826 647 dum
864 591 1260 664 Symmachum,
1299 595 1551 666 Ephraim
1590 611 1717 652 vero
1743 596 2110 652 fortitudinem
2139 613 2231 655 ca-

694 685 823 754 pitis
848 685 952 743 sui.
986 686 1099 741 sive
1128 686 1296 742 robur
1319 688 1651 757 principatus
1680 688 1793 750 sui,
1818 687 2027 753 vocavit
2052 705 2065 741 :
2098 701 2234 757 quo-

695 776 835 829 niam
859 776 949 845 qui
969 791 1034 831 ex
1061 777 1202 832 tribu
1230 777 1484 850 Ephraim
1509 778 1636 833 olim
1690 786 2001 847 regnarunt,
2040 779 2091 831 in
2138 792 2235 831 no-

693 870 807 920 rem
833 873 886 920 et
907 866 1187 921 dimidiam
1242 884 1309 923 ex
1353 868 1600 923 tribubus
1652 867 1813 924 Israel
1849 869 2130 940 imperium
2176 867 2230 921 in

693 954 933 1009 Samaria
963 944 1334 1013 obtinuerunt.

2338 587 2719 666 αὐτὸντρόπον
2743 594 2892 647 ἔσται
2918 595 3009 647 καί
3036 597 3068 665 ὴ
3096 593 3203 647 τῶν
3222 594 3527 663 ἀλλοφύλων
3542 593 3689 667 χώρα
3715 611 3772 647 τε
3796 597 3875 647 καὶ

2338 684 2491 747 πόλις
2543 686 2575 753 ἡ
2621 684 2927 754 καλουμένη
2970 684 3173 738 Μωάϐο
3208 686 3489 755 γενήσεται
3543 685 3653 755 γὰρ
3681 705 3698 735 ι
3731 684 3875 755 λέϐης

2334 774 2431 843 τῆς
2486 774 2694 838 ἐλπίδος
2729 792 2849 846 μου,
2889 794 2907 827 ι
2940 776 2995 847 ἢ,
3029 775 3165 828 κατά
3218 775 3306 829 τὸν
3370 774 3629 827 ’Δκύλανο
3676 794 3694 827 ι
3731 775 3877 847 λέϐης

2335 863 2558 936 λουτροῦ
2600 883 2699 935 μου
2723 882 2735 896 υ
2776 885 2795 917 ι
2828 867 2883 937 ἢ,
2918 884 2936 917 ι
2972 864 3131 935 λέϐης
3176 866 3499 937 ἀμεριμνίας
3534 884 3655 937 μου,
3693 887 3713 918 ι
3751 869 3876 921 κατά

2332 954 2423 1007 τὸν
2470 954 2777 1026 Σύμμαχον.
2812 957 2913 1009 Τὸν
2941 956 2997 1011 δέ
3029 955 3275 1027 ,Ἐφραίμ
3305 957 3635 1026 κραταίωσιν
3670 957 3769 1028 τῆς
3798 976 3875 1010 κε-

668 1052 859 1122 φαλῆς
893 1051 1081 1110 ἐαυτοῦ
1126 1051 1420 1122 ὠνόμασεν,
1456 1051 1491 1122 ἦ
1552 1052 1701 1123 ίσχὺν
1728 1053 1827 1124 τῆς
1854 1053 2024 1127 ἀρχῆς
2055 1049 2267 1106 ἐαυτοῦ·
2308 1048 2599 1121 ἐπειδήπερ
2624 1051 2672 1102 οἱ
2694 1051 2758 1103 ἐκ
2784 1050 2954 1120 φυλῆς
2992 1050 3225 1122 Ἐφραῖμ
3250 1049 3661 1120 βασιλεύσαντες
3719 1046 3874 1122 ἧρξαν

687 1159 813 1198 ποτε
851 1147 909 1200 ἐν
939 1150 1004 1218 τῇ
1039 1145 1317 1217 Σαμαρείᾳ
1359 1144 1466 1200 τῶν
1503 1146 1656 1199 ἐννέα
1700 1147 1868 1218 ἥμισυ
1913 1147 2091 1216 φυλῶν
2118 1146 2208 1200 τοῦ
2246 1144 2475 1215 Ἰσραήλ.
3481 1176 3484 1179 λ

724 1242 727 1245 ‘
756 1234 890 1288 Cum
919 1244 1097 1289 autem
1125 1233 1234 1287 duo
1258 1231 1476 1305 Iosephi
1508 1234 1601 1288 ﬁlii
1630 1234 1851 1298 fuerint,
1888 1234 2138 1305 Epitraim
2182 1249 2209 1289 e

2375 1268 2377 1271 ι
2402 1232 2505 1286 Δύο
2529 1234 2585 1287 δὲ
2629 1235 2830 1288 παίδων
2856 1236 3155 1305 γενομένων
3173 1235 3250 1306 τῷ
3281 1236 3493 1309 Ἰωσὴφ,
3516 1236 3611 1291 τοῦ
3653 1237 3874 1309 Ἐφραῖμ

688 1323 961 1380 Manasses
993 1344 1006 1379 :
1047 1324 1393 1394 prraimitaa
1420 1341 1541 1381 sese
1575 1327 1643 1380 ab
1698 1324 1995 1382 Jerusalem
2047 1342 2209 1396 segre

2332 1325 2424 1377 καὶ
2448 1323 2540 1377 τοῦ
2566 1325 2850 1395 Μανασσῆ,
2868 1328 2926 1379 »οί
2961 1327 3056 1396 μὲν
3084 1326 3176 1379 τοῦ
3217 1327 3471 1398 Ἐφραῖμ,
3490 1329 3873 1396 ἀποσχίσαντες

684 1418 894 1478 gantes,
927 1413 983 1465 in
1013 1410 1275 1475 Samaria,
1310 1412 1423 1468 sive
1468 1414 1523 1467 in
1562 1416 1811 1482 praedicta
1844 1413 2068 1485 Sychem
2115 1431 2209 1485 qua

2331 1416 2427 1484 τῆς
2468 1414 2833 1486 Ἰερουσαλὴμ,
2860 1418 2914 1469 ἐν
2937 1420 3000 1488 τῇ
3026 1416 3303 1488 Σαμαρείᾳ
3322 1420 3414 1471 καὶ
3437 1420 3503 1488 τῇ
3530 1418 3871 1491 προλεχθείσῃ

682 1507 737 1552 et
802 1498 1076 1567 Sichima,
1144 1504 1344 1573 regiam
1398 1506 1815 1561 constituerunt.
1874 1507 2209 1573 Quamobren

2330 1505 2512 1576 Συχὲμ.
2544 1508 2609 1576 τῇ
2645 1507 2737 1560 καὶ
2764 1507 2959 1577 Σίκιμα
3007 1508 3337 1578 συνέστησαν
3374 1509 3434 1561 τὸ
3476 1509 3777 1579 βασίλειον·
3802 1509 3870 1561 se

682 1591 884 1647 dictum
937 1602 1058 1648 est:
1099 1611 1119 1645 ι
1163 1592 1415 1664 Ephraim
1474 1595 1734 1652 fortitudo
1788 1599 1981 1667 capitis
2019 1598 2162 1661 mei,
2208 1646 2209 1649 η

2328 1595 2600 1650 λέλεκται·
2625 1614 2643 1647 ι
2684 1597 2918 1668 Ἐφρατμ
2946 1598 3273 1668 κραταίωσις
3300 1599 3400 1668 τῆς
3432 1600 3674 1669 κεφαλῆς
3704 1617 3823 1669 μου,
3851 1621 3867 1651 ι

682 1683 818 1747 sive,
858 1702 876 1734 ι
932 1685 1097 1739 robur
1153 1686 1486 1756 principatus
1542 1690 1667 1743 mei.
1721 1707 1740 1741 ο
1781 1688 1882 1756 Qui
1939 1697 2116 1744 autem
2165 1704 2209 1744 e1

2327 1686 2383 1755 ἢ,
2420 1703 2438 1736 ι
2483 1687 2632 1756 ἰσχὺς
2657 1685 2754 1756 τῆς
2786 1686 2957 1756 ἀρχῆς
2990 1702 3119 1755 μου·
3157 1704 3176 1737 ι
3214 1687 3259 1736 οί
3291 1685 3346 1736 δὲ
3375 1688 3439 1738 ἐκ
3476 1684 3568 1737 τοῦ
3615 1686 3869 1754 Μανασσῆ

682 1775 823 1829 tribu
850 1775 1094 1831 Manasse
1140 1777 1378 1843 fuerunt,
1422 1778 1621 1835 Galaad
1656 1781 1989 1836 obtinebant.
2054 1779 2230 1847 Quare

678 1866 880 1920 dictum
907 1876 989 1922 est
1014 1886 1026 1923 :
1069 1887 1086 1919 ι
1125 1867 1271 1923 Meus
1300 1876 1383 1925 est
1404 1870 1626 1934 Galaad,
1647 1878 1703 1924 et
1731 1886 1884 1926 meus
1916 1878 1999 1927 est
2025 1870 2230 1927 Manas-

676 1972 783 2012 ses.
825 1975 843 2007 ι
878 1957 1012 2012 Nam
1045 1958 1195 2014 locus
1218 1959 1419 2014 Galaad
1440 1969 1662 2017 vocatus
1682 1970 1786 2027 est,
1821 1972 1873 2018 et
1900 1962 2228 2021 habitatores

673 2046 949 2103 Manasses
978 2050 1228 2118 appellati
1284 2059 1433 2106 sunt.
1474 2050 1543 2106 Ut
1595 2053 1756 2122 igitur
1797 2054 1872 2108 illi
1899 2092 1914 2115 .
1955 2055 2061 2118 ait,
2122 2057 2227 2112 mei

674 2137 843 2207 tuere,
878 2140 1085 2195 scilicet
1136 2141 1229 2195 ﬁlii
1262 2140 1529 2207 Manasse,
1554 2142 1755 2199 Galaad
1804 2146 2101 2203 incolentes
2125 2188 2140 2211 ,
2172 2132 2226 2205 et

672 2230 764 2299 qui
804 2231 859 2285 in
896 2231 1149 2287 Sichimis
1190 2233 1371 2304 populi
1430 2233 1791 2303 principatum
1826 2245 2045 2293 tenuere
2069 2279 2084 2302 ,
2129 2240 2222 2294 ﬁlii

672 2319 955 2389 Ephraim;
986 2321 1117 2391 quin
1146 2323 1309 2375 etiam
1348 2330 1407 2376 ut
1462 2323 1497 2378 ii
1557 2324 1649 2393 qui
1698 2324 1751 2379 in
1784 2326 1896 2396 ipsa
1923 2325 2220 2383 Jerusalem

672 2410 969 2478 regnabant
1018 2426 1085 2465 ex
1143 2412 1285 2466 tribu
1334 2410 1491 2477 Juda,
1528 2416 1631 2469 mei
1668 2424 1721 2471 et
1778 2432 1910 2472 mete
1958 2420 2219 2489 portionis

670 2503 827 2551 erant
870 2512 1051 2568 reges;
1091 2499 1171 2554 sic
1216 2500 1505 2570 aliquando
1552 2519 1682 2559 mete
1708 2515 1867 2561 erunt
1908 2509 2220 2579 alienigenae

671 2593 877 2653 gentes.
924 2587 1120 2644 Omnes
1147 2606 1307 2659 porro
1352 2592 1679 2664 alienigenas
1705 2613 1800 2667 per
1824 2599 1979 2654 Moab
2005 2612 2054 2655 et
2096 2599 2218 2655 ldu-

671 2690 856 2731 luteam
887 2678 1120 2745 indicat,
1173 2681 1227 2735 in
1266 2681 1477 2752 duabus
1529 2685 1637 2741 illis
1674 2690 1961 2758 gentibus,
2019 2691 2216 2761 quibus

673 2767 994 2836 prohibitum
1026 2780 1143 2826 erat
1173 2773 1378 2843 ingredi
1419 2775 1475 2829 in
1496 2775 1789 2833 Ecclesiam
1824 2779 1937 2845 Dei,
1976 2774 2215 2852 reliquas

668 2871 854 2914 omnes
902 2875 1005 2914 una
1064 2863 1396 2931 complexus.
1469 2863 1739 2935 Scriptum
1794 2883 2027 2938 namque
2085 2881 2209 2941 est:

673 2964 691 2995 ι
726 2946 1044 3006 Ammonita:
1073 2958 1125 3004 et
1152 2950 1395 3004 Moabitae
1424 2967 1529 3005 non
1554 2951 1923 3021 ingredientur
1943 2956 1996 3010 in
2029 2957 2213 3011 Eccle-

668 3036 801 3091 siam
829 3032 1058 3104 Domini,
1099 3056 1267 3109 usque
1289 3040 1355 3094 ad
1387 3042 1593 3097 tertiam
1630 3050 1682 3099 et
1713 3053 1957 3114 quartam
1984 3062 2222 3116 genera-.

2327 1777 2604 1845 γενόμενοι
2660 1777 2813 1848 ἔσχον
2858 1780 2956 1847 τὴν
2994 1777 3231 1831 Γαλαὰδ·
3270 1776 3349 1830 διὸ
3398 1777 3639 1849 εἴρηται·
3666 1797 3684 1827 ι
3722 1778 3869 1847 Ἐμός

2329 1870 2442 1921 ἐστι
2467 1869 2692 1933 Γαλαὰδ,
2722 1871 2813 1924 καὶ
2846 1869 2975 1939 ἐμός
3004 1872 3117 1921 ἐστι
3145 1869 3452 1938 Μανασσῆς.
3489 1890 3507 1921 ι
3555 1870 3611 1931 Ὁ
3643 1870 3739 1939 μὲν
3771 1870 3869 1939 γὰρ

2325 1960 2485 2024 τόπος
2514 1963 2578 2014 ἐκ
2609 1963 2702 2015 τοῦ
2739 1962 2947 2016 Γαλαὰδ
2980 1962 3317 2033 ἐσημαίνετο,
3343 1965 3391 2015 οί
3426 1963 3481 2015 δὲ
3507 1965 3786 2034 οἰκήτορες
3813 1966 3868 2019 ἐκ

2324 2050 2416 2102 τοῦ
2468 2051 2748 2121 Μανασσῆ.
2808 2048 3013 2123 Ὥσπερ
3055 2046 3147 2103 οῦν
3200 2046 3360 2113 οὗτοι,
3400 2052 3564 2119 φησὶ,
3592 2055 3867 2121 γεγόνασιν

2323 2141 2466 2210 ἐμοὶ,
2492 2141 2545 2193 οἵ
2566 2158 2625 2193 τε
2658 2140 2753 2212 τὴν
2776 2128 2984 2195 Γαλαὰδ
3007 2144 3319 2211 οἰκήσαντες
3345 2142 3447 2194 υἱοὶ
3474 2144 3766 2213 Μανασσῆ,
3784 2145 3869 2197 καὶ

2321 2230 2369 2280 οἰ
2416 2234 2471 2281 ἐν
2515 2231 2757 2300 Σικίμοις
2805 2231 3063 2302 ἄρξαντες
3112 2232 3206 2285 τοῦ
3243 2232 3371 2283 λαοῦ
3427 2232 3533 2284 υἱοὶ
3601 2234 3865 2304 Ἐφραίμ*

2320 2319 2453 2373 ἀλλὰ
2505 2324 2598 2373 καὶ
2644 2321 2718 2384 ὡς
2766 2323 2824 2374 ἐν
2870 2323 3003 2393 αὐτῇ
3051 2325 3115 2393 τῇ
3154 2322 3501 2393 Ἰερουσαλὴμ
3538 2323 3586 2374 οἱ
3612 2325 3677 2376 ἐκ
3705 2322 3866 2391 φυλῆς

2332 2413 2497 2466 Ἰούδα
2521 2413 2930 2483 βασιλεύσαντες
2949 2410 3087 2485 ἦσαν
3111 2416 3250 2485 ἐμοὶ,
3267 2414 3469 2485 καὶτῆς
3493 2416 3635 2484 ἐμῆς
3661 2415 3867 2485 μερίδος

2319 2504 2551 2573 βασιλεῖς
2574 2522 2586 2534 ·
2615 2504 2785 2569 οὕτως
2822 2506 2972 2559 ἔσται
3010 2507 3138 2559 ποτέ
3196 2505 3303 2577 ἐμὰ
3348 2508 3441 2558 καὶ
3484 2507 3553 2557 τὰ
3583 2506 3690 2558 τῶν
3719 2505 3867 2559 ἀλλο-

2330 2597 2509 2664 φύλων
2555 2596 2701 2668 ἔθνη.
2754 2598 2916 2669 Δηλοῖ
2956 2598 3012 2651 δέ
3046 2600 3260 2662 πάντας
3290 2598 3615 2666 ἀλλοφύλους
3654 2598 3741 2651 διὰ
3780 2596 3867 2651 τοῦ

2321 2688 2496 2741 Μωάϐ
2555 2689 2647 2741 καὶ
2719 2688 2808 2743 διὰ
2882 2689 2980 2760 τῆς
3045 2690 3362 2761 Ἰδουμαίας,
3408 2690 3470 2742 ἐκ
3524 2689 3618 2742 δύο
3669 2689 3867 2741 τούτων

2318 2783 2488 2837 ἐθνῶν
2538 2783 2646 2837 τῶν
2682 2785 3136 2856 ἀπηγορευμένων
3184 2785 3403 2837 εἰσιέναι
3453 2786 3531 2846 εἰς
3586 2784 3686 2855 τὴν
3751 2785 3866 2835 Ἑκ-

2312 2872 2541 2943 κλησίαν
2594 2872 2685 2925 τοῦ
2744 2873 2878 2927 Θεοῦ
2930 2876 3024 2927 καὶ
3052 2874 3121 2926 τά
3144 2874 3302 2926 λοιπὰ
3340 2873 3514 2927 πάντα
3565 2873 3865 2953 παραδεξά-

2313 2982 2489 3036 μενος.
2522 2966 2833 3036 Γέγραπται
2857 2966 3015 3034 γοῦν·
3049 2986 3068 3016 ι
3115 2966 3436 3035 Ἀμμανῖται
3469 2965 3558 3017 καὶ
3585 2964 3866 3019 Μωαϐῖται

2308 3059 2406 3111 οὐκ
2439 3057 2828 3111 εἰσελεύσονται
2866 3058 2944 3119 είς
2978 3056 3297 3127 Ἐκκλησίαν
3324 3057 3525 3128 Κυρίου
3553 3056 3659 3120 ἓως
3685 3058 3869 3126 τρίτης

669 3129 888 3198 tionem,
911 3140 964 3186 et
994 3147 1165 3201 usque
1204 3133 1259 3186 in
1305 3136 1560 3188 saeculum
1605 3136 1671 3191 “.
1702 3157 1720 3189 ι
1757 3137 1911 3193 Moab
1943 3152 2119 3197 autem
2158 3149 2209 3197 et

2311 3148 2415 3201 ttat
2436 3148 2697 3217 τετάρτης
2736 3146 2945 3214 γενεᾶς,
2972 3147 3063 3199 καὶ
3087 3146 3189 3209 ἓως
3212 3149 3291 3210 είς
3315 3146 3414 3217 τὸν,
3433 3145 3623 3200 αίῶνα.
3654 3165 3673 3198 ι
3697 3146 3867 3201 Μωάϐ

668 3221 894 3276 Ammon
940 3222 1034 3276 ﬁlii
1077 3222 1176 3277 Lot
1214 3224 1391 3293 luere,
1421 3242 1484 3281 ex
1521 3227 1785 3283 scelerata
1832 3230 1925 3283 illa
1979 3222 2208 3288 ﬁliarum

665 3323 884 3365 suarum
906 3312 1301 3378 commistione,
1332 3323 1492 3387 atque
1514 3334 1579 3375 ex
1607 3316 1938 3375 Sodomitico
1966 3324 2205 3382 semine:

664 3406 1351 3485 quorum\successionem,
1392 3406 1656 3467 Moabitas
1710 3413 1962 3468 nimirum
1995 3422 2049 3469 et
2076 3417 2207 3471 Am-

664 3494 913 3558 tnonitas,
948 3494 1031 3550 lex
1070 3495 1269 3567 Moysis
1299 3502 1565 3569 repudiat.
1597 3503 1665 3557 At
1710 3504 1794 3559 lex
1831 3521 2069 3575 praesens
2107 3508 2208 3579 ipsi

662 3584 817 3641 Moab
845 3587 1210 3657 pulcherrima
1265 3595 1585 3659 annuntiat,
1616 3596 1843 3653 dicens:
1886 3617 1905 3651 ι
1945 3598 2100 3655 Moab
2128 3601 2207 3656 le-

663 3677 760 3732 bes
784 3680 896 3749 spei
929 3695 1099 3747 mete;
1146 3701 1165 3733 ι
1203 3683 1353 3739 alteri
1383 3702 1513 3741 vero
1538 3690 1683 3758 genti
1712 3688 1853 3746 Esau
1883 3700 2017 3747 ortae
2068 3693 2208 3748 bona

660 3769 964 3833 denuntiat,
988 3772 1100 3825 haec
1128 3773 1391 3842 adjiciens
1423 3796 1435 3831 :
1475 3795 1493 3829 ι
1524 3781 1583 3833 ln
1604 3777 1888 3836 ldumaeam
1917 3784 2205 3839 extendam

663 3859 1085 3915 calceamentum
1133 3881 1330 3921 meum.
1382 3886 1402 3920 ι
1447 3869 1677 3924 ldumaza
1725 3886 1888 3940 porro
1923 3874 1990 3929 ab
2037 3873 2205 3930 Edom

657 3964 856 4005 nomen
888 3953 1098 4009 sortita.
1129 3954 1228 4011 Hic
1257 3966 1374 4013 crat
1417 3960 1557 4015 Esau
1603 3962 1669 4018 de
1699 3981 1807 4034 quo
1844 3966 2045 4021 dictum
2077 3975 2160 4023 est
2189 3988 2201 4021 :

668 4062 685 4092 ι
722 4041 797 4098 Ne
846 4045 968 4114 quis
1016 4047 1281 4113 moechus,
1319 4058 1412 4104 aut
1460 4052 1739 4121 profanus,
1777 4064 1834 4110 ut
1886 4057 2027 4115 Esau
2057 4060 2122 4115 ’⁵.
2181 4077 2199 4110 ι

662 4133 939 4191 Sexcenta:
975 4152 1188 4208 quoque
1226 4141 1343 4197 alite
1394 4137 1689 4213 prophetiae
1719 4150 1908 4203 contra
1941 4144 2203 4207 Idumaeos

655 4235 709 4280 et
755 4226 1041 4286 ldumazam
1102 4232 1365 4290 feruntur.
1421 4234 1525 4290 Sed
1580 4238 1646 4293 iis
1707 4254 1919 4309 quoque
1966 4251 2202 4311 praesens

654 4333 832 4374 sermo
875 4322 1235 4391 pulcherrima
1270 4327 1584 4392 annuntiat,
1625 4328 1836 4384 dicente
1886 4329 2029 4389 Deo:
2070 4355 2088 4385 ι
2142 4337 2200 4391 ln

657 4414 935 4473 ldumaeam
963 4421 1244 4475 extendam
1266 4422 1684 4480 calceamentum
1723 4440 1921 4482 meum.
1953 4447 1973 4479 ι
2001 4428 2201 4488 Deinde

2308 3238 2363 3292 δὲ
2396 3239 2487 3291 καὶ
2526 3237 2737 3310 Ἀμμὰν
2797 3238 3078 3305 γεγόνασιν
3134 3238 3237 3291 υἱοὶ
3290 3237 3411 3291 Λὼτ
3449 3238 3511 3289 ἐκ
3552 3241 3867 3310 παρανόμου

2311 3330 2506 3401 μίξεως
2537 3331 2644 3383 τῶν
2677 3330 2839 3383 αὑτοῦ
2874 3328 3202 3401 θυγατέρων,
3236 3330 3298 3382 ἐκ
3316 3346 3373 3381 τε
3395 3328 3487 3381 τοῦ
3522 3327 3867 3399 Σοδομιτικοῦ

2308 3424 2616 3495 σπέρματος
2635 3442 2648 3454 ο
2682 3416 2756 3477 ὧν
2781 3422 2877 3493 τὴν
2908 3422 3173 3493 διαδοχὴν,
3202 3420 3492 3484 Μωαϐίτας
3521 3422 3615 3474 καὶ
3656 3423 3866 3491 Ἀμμα-

2305 3513 2473 3579 νίτας,
2506 3504 2841 3584 ἀποϐλήτους
2866 3516 3093 3567 ποιεῖται
3115 3515 3143 3566 ό
3165 3512 3435 3576 Μωῡσέως
3461 3514 3641 3583 νόμος.
3676 3514 3813 3566 Ἀλλ’
3838 3516 3865 3567 ό

2307 3604 2493 3675 παρὼν
2528 3607 2689 3676 νόμος
2718 3606 2795 3677 τῷ
2830 3608 2925 3677 μὲν
2945 3605 3116 3659 Μωάϐ
3151 3604 3553 3671 εὐαγγελίζεται
3604 3604 3863 3658 κάλλιστα

2304 3696 2498 3765 λέγων·
2533 3716 2550 3748 ι
2588 3696 2965 3765 Μωὰϐ,λέ6ης
2986 3696 3085 3765 τῆς
3115 3695 3325 3756 ἐλπίδος
3370 3712 3467 3763 μου
3492 3712 3506 3726 ·
3546 3715 3563 3746 ι
3604 3696 3779 3766 ἑτέρῳ
3809 3694 3862 3748 δὲ

2304 3785 2441 3840 ἔθνει
2472 3788 2547 3859 τῷ
2574 3788 2680 3841 ἀπὸ
2703 3786 2794 3840 τοῦ
2835 3785 3001 3839 Ἡσαῦ
3031 3784 3296 3854 ύφεστῶτι
3327 3784 3395 3836 τὰ
3421 3784 3634 3855 χρηστὰ
3663 3785 3862 3856 σημαί-

2302 3896 2401 3943 νει,
2449 3880 2721 3951 ἐπιφέρων
2770 3878 2924 3948 ἐξῆς’
2965 3896 2984 3927 ι
3032 3876 3150 3930 Ἐπὶ
3190 3877 3287 3946 τὴν
3320 3875 3632 3944 Ἰδουμαίαν
3662 3874 3863 3929 ἐκτενῶ

2301 3972 2360 4025 τὸ
2406 3971 2655 4043 ὑπόδημά
2689 3988 2808 4041 μου.
2842 3989 2859 4021 ι
2910 3968 3172 4039 Ἰδουμαία
3216 3967 3259 4020 δ’
3314 3966 3569 4036 ἐκέκλητο
3615 3968 3728 4019 ἀπὸ
3771 3966 3859 4019 106

2314 4062 2521 4133 Ἐδώμ·
2558 4056 2708 4124 οὗτος
2736 4061 2793 4114 δὲ
2820 4056 2888 4131 ἦν
2916 4063 2944 4113 ὁ
2977 4058 3141 4113 Ἠσαῦ
3174 4058 3297 4131 περὶ
3328 4050 3387 4110 οὗ
3408 4056 3656 4111 λέλεκται
3676 4073 3688 4084 ·
3720 4075 3739 4105 ι
3772 4056 3857 4124 Μή

2300 4168 2380 4214 τις
2408 4152 2622 4222 πόρνος,
2653 4152 2686 4221 ἢ
2731 4150 2972 4221 βέϐηλος,
3006 4150 3081 4214 ὡς
3116 4148 3303 4203 Ἡσαῦ.
3337 4168 3355 4200 ι
3388 4147 3590 4220 Μυρίαι
3618 4164 3683 4200 τε
3711 4146 3858 4202 ἄλλαι

2301 4244 2623 4314 προφητεῖαι
2657 4242 2795 4295 κατὰ
2814 4242 2921 4296 τῶν
2962 4244 3269 4313 Ἰδουμαίων
3297 4244 3387 4296 καὶ
3411 4242 3549 4296 κατά
3572 4243 3677 4313 τῆς
3714 4242 3858 4295 Ἰδού⁴

2303 4334 2464 4405 μαίας
2503 4334 2760 4405 εἴρηνται.
2808 4333 2940 4387 Ἀλλ’
2980 4335 3008 4386 ὁ
3041 4332 3228 4405 παρὼν
3260 4335 3427 4401 ,λόγος
3470 4333 3538 4387 τὰ
3594 4333 3858 4387 κάλλιστα

2300 4423 2392 4476 καὶ
2420 4421 2624 4487 τούτοις
2651 4424 3073 4493 εὐαγγελίζεται,
3099 4425 3342 4495 λέγοντος
3368 4425 3457 4479 τοῦ
3488 4425 3648 4480 Θεοῦο
3684 4445 3703 4476 ι
3741 4425 3858 4479 Ἐπὶ

652 4523 779 4563 vero
808 4510 874 4564 de
906 4511 1130 4581 reliquis
1167 4514 1415 4583 gentibus
1457 4515 1926 4573 indiscriminatim
1972 4522 2198 4591 subjun-

2311 4517 2395 4585 τὴν
2442 4515 2736 4587 Ἰδουμαίαν
2762 4518 2962 4572 ἐκτενῶ
2994 4517 3054 4572 τὸ
3090 4518 3337 4589 ὑπόδημα
3371 4536 3490 4589 μου.
3528 4538 3546 4570 ι
3577 4516 3698 4571 Εἶθ’
3736 4519 3857 4589 ἐξῆς

653 4602 766 4667 git:
805 4619 824 4651 ι
858 4599 985 4656 Mihi
1008 4594 1320 4675 alienigenae
1345 4609 1543 4665 subditi
1571 4621 1718 4674 sunt,
1754 4629 1775 4663 ι
1807 4612 1940 4676 sive,
1981 4632 2000 4665 ι
2039 4616 2197 4670 amici

2311 4608 2391 4663 ἰαὶ
2458 4610 2582 4679 περὶ
2632 4608 2738 4661 τῶν
2784 4610 2980 4663 λοιπῶν
3030 4610 3194 4663 ἐθνῶν
3221 4611 3531 4683 ἀδιορίστως
3575 4610 3855 4677 ἐπιλέγει⁸

656 4693 780 4747 ιπειί
811 4700 971 4749 sunt...
990 4713 1010 4745 ι
1046 4694 1201 4751 Moab
1219 4713 1347 4753 vero
1380 4700 1603 4760 lebetem
1633 4704 1746 4773 spei
1769 4720 1879 4760 suae
1907 4714 2083 4771 vocat,
2103 4722 2197 4763 seu

2311 4720 2324 4751 r
2371 4701 2523 4773 Ἐμοὶ
2578 4702 2861 4771 ἀλλόφυλοι
2912 4702 3279 4770 ὑπετάγησαν,
3306 4721 3323 4753 ι
3361 4702 3393 4771 ἢ
3427 4724 3444 4751 ε
3483 4700 3790 4770 ἐφιλίασαν.
3832 4720 3851 4751 ι

654 4786 875 4840 lehetem
901 4786 1099 4841 lavacri
1139 4790 1241 4851 sui,
1276 4795 1368 4843 aut
1408 4794 1715 4851 securitatis
1765 4812 1895 4861 sua),
1927 4798 2053 4868 quia
2091 4800 2197 4854 alio

2311 4791 2511 4863 Κέϐητα
2555 4791 2613 4844 δὲ
2650 4792 2739 4846 τὸν
2783 4792 2955 4847 Μωάϐ
2982 4791 3309 4861 τῆςέαυτοῦ
3351 4792 3558 4853 ἐλπίδος
3617 4790 3852 4862 καλεῖ,ἢ

652 4876 812 4930 modo
844 4892 951 4934 non
982 4878 1188 4933 licitum
1216 4882 1316 4951 ipsi
1361 4882 1573 4950 fuisset,
1611 4894 1791 4958 utpote
1832 4892 1997 4947 semel
2029 4907 2194 4962 repu-

2311 4885 2492 4958 té6q1a
2522 4883 2614 4937 τοῦ
2648 4884 2869 4957 λουτροῦ
2919 4881 3130 4945 ἑαυτοῦ,
3158 4882 3193 4954 ἢ
3225 4883 3323 4952 τῆς
3354 4882 3689 4954 ἀμεριμνίας
3728 4884 3854 4937 ἐαυ-

648 4966 817 5033 diato,
858 4968 913 5022 in
961 4966 1257 5025 Ecclesiam
1284 4971 1375 5029 Dei
1406 4975 1721 5042 concedere,
1753 4979 1857 5034 nisi
1900 4994 1996 5051 per
2040 4982 2191 5037 lava-

649 5071 799 5111 crum
832 5060 1278 5127 regenerationis.
1320 5058 1504 5135 Itaque
1537 5082 1636 5123 ceu
1676 5068 1731 5122 in
1763 5069 1938 5126 lebete
1975 5068 2193 5131 ablutus

645 5156 700 5201 et
734 5156 991 5219 purgatus
1020 5165 1049 5204 a
1083 5151 1314 5220 pristina
1372 5156 1667 5226 impietate,
1712 5162 1883 5231 gratia
1921 5161 2192 5231 donatur,

646 5248 809 5310 atque
839 5241 911 5293 ita
960 5244 1308 5299 securitatem
1346 5245 1572 5303 obtinet.
1606 5249 1669 5306 Et
1703 5251 1814 5307 haec
1842 5266 2004 5323 opere
2046 5269 2194 5310 como

643 5328 788 5400 pleta
818 5329 942 5385 licet
974 5330 1106 5401 ipsis
1133 5335 1306 5391 oculis
1335 5338 1612 5408 percipere
1652 5341 1723 5398 iis
1747 5330 1838 5413 qui
1872 5342 1925 5398 in
1952 5342 2188 5400 Arabum

642 5421 863 5490 regione
916 5426 1355 5495 peregrinantur,
1413 5433 1803 5490 cum-videant
1852 5434 2111 5493 Moabitas
2139 5447 2193 5493 et

642 5511 977 5569 Ammanitae
1004 5555 1018 5577 ,
1070 5517 1161 5586 qui
1194 5534 1357 5587 penes
1388 5521 1510 5576 illos
1543 5538 1736 5592 magno
1764 5541 1992 5581 numero
2022 5538 2186 5593 sunt,

643 5598 915 5661 Ecclesias
959 5607 1055 5662 Dei
1108 5608 1351 5679 implere.
1420 5611 1825 5688 Similiterque,
1880 5638 1899 5670 ι
1959 5619 2018 5674 In
2064 5621 2188 5676 ldu-

643 5711 693 5749 m
746 5711 867 5763 am,
903 5701 1109 5772 inquit,
1156 5706 1517 5762 conscendam
1568 5710 1931 5768 calceamento
1964 5730 2115 5781 meo,
2155 5734 2173 5769 ι

731 5809 774 5838 ³⁵
816 5808 969 5864 Deut.
1008 5824 1177 5875 χχιιι,
1214 5810 1266 5865 3.
1344 5816 1387 5847 ’⁵
1425 5814 1592 5872 Hebr.
1630 5835 1736 5882 χιι,
1763 5820 1859 5889 ⁵16.

2296 4976 2385 5030 τοῦ
2406 4995 2420 5007 θ
2455 4977 2637 5048 ἐπειδὴ
2663 4978 2765 5031 οὐκ
2796 4976 2966 5038 ἄλλως
3016 4973 3141 5045 ἐξῆν
3179 4975 3341 5045 αὐτῷ,
3375 4972 3519 5039 ἅπαξ
3561 4972 3857 5044 ἀποϐλήτῳ

2296 5069 2589 5140 γενομένῳ,
2632 5073 2710 5133 είς
2753 5071 2849 5141 τὴν
2910 5067 3228 5137 Ἐκκλησίαν
3259 5066 3354 5120 τοῦ
3383 5063 3517 5118 Θεοῦ
3568 5066 3855 5138 παραϐάλ-

2294 5158 2422 5225 λειν,
2455 5162 2527 5233 μὴ
2557 5162 2675 5233 οὐχὶ
2700 5161 2787 5215 διὰ
2811 5158 3032 5230 λουτροῦ
3062 5155 3490 5228 παλιγγενεσίας.
3520 5157 3740 5230 Ὠσπερ
3764 5154 3853 5212 οῦν

2294 5252 2475 5323 λέϐητι
2509 5254 2943 5325 ἀπολουσάμενος
2979 5253 3071 5306 καὶ
3109 5249 3507 5321 ἀποκαθαρθεὶς
3528 5250 3640 5321 τῆς
3660 5252 3854 5323 προτέ-

2296 5361 2395 5415 ρας
2418 5345 2753 5409 δυσσεϐείας,
2787 5341 3130 5408 καταξιοῦται
3154 5345 3253 5414 τῆς
3288 5343 3522 5412 χάριτος,
3553 5343 3655 5398 καὶ
3682 5343 3855 5407 οὕτως

2290 5436 2615 5508 ἀμεριμνίας
2636 5436 2908 5507 τυγχάνει.
2944 5437 3052 5489 Καὶ
3082 5434 3253 5490 ταῦτα
3290 5434 3354 5486 δι’
3379 5435 3550 5506 ἔργων
3592 5452 3851 5507 κεχωρη-

2290 5532 2421 5580 κότα
2441 5529 2698 5600 πάρεστιν
2718 5527 3006 5598 ὀφθαλμοῖς
3022 5525 3371 5598 παραλαϐεῖν,
3391 5528 3456 5598 τῇ
3476 5525 3581 5580 τῶν
3602 5525 3852 5597 Ἀράϐων

2291 5621 2724 5694 ἐπιδημήσαντας
2765 5621 2934 5693 χώρᾳ,
2978 5620 3283 5689 θεωμένους
3316 5635 3374 5671 τε
3405 5619 3531 5680 τοὺς
3568 5619 3705 5689 παρ’
3752 5618 3850 5669 αύ-

2287 5721 2399 5781 τοῖς
2430 5718 2794 5790 πληθύνοντας
2836 5715 3013 5780 λαοὺς,
3051 5713 3341 5778 Μωαϐίτας
3370 5715 3460 5769 καὶ
3502 5711 3851 5785 Ἀμμανίτας
