3976 6348
94 416 193 475 509

1205 416 1704 476 COMMENTAHIA
1738 421 1803 477 IN
1834 421 2168 481 PSALNOS.

3170 431 3275 489 570

94 528 419 607 πληροῦντας
439 534 539 599 τὰς
587 535 902 606 Ἑκκλησίας
923 535 1017 589 τοῦ
1066 536 1219 590 Θεοῦ.
1264 537 1530 601 Ὡσαύτως
1581 537 1623 591 δὲ

1738 540 2033 596 secundum
2068 541 2467 620 Symmachum.
2517 541 2687 610 Quam
2717 548 2842 601 item
2874 549 3272 617 praedictionem

94 627 199 691 καὶ,
236 647 255 675 ε
312 627 434 679 Ἐπὶ
459 626 762 697 Ἰδουμαίαν
794 629 1139 698 ἐπιϐήσομαι,
1184 630 1350 699 φησὶ,
1397 630 1474 699 τῷ
1508 630 1635 683 ὑπο-

90 717 283 788 δήματί
325 735 448 789 μου,
490 737 508 768 ι
539 716 680 771 κατά
722 719 813 771 τὸν
863 718 1171 789 Σύμμαχον.
1227 720 1334 773 Καὶ
1361 719 1559 790 ταύτην
1577 720 1634 772 δὲ

90 809 177 879 τὴν
225 810 528 880 πρόρρησιν
566 809 715 863 οὐδὲν
757 810 821 863 ἂν
856 810 939 881 εἴη
973 810 1228 880 δυσχερὲς
1266 810 1411 875 ἰδεῖν,
1441 814 1506 881 τῇ
1528 812 1635 864 τῶν

99 902 403 973 Ἰδουμαίων
432 904 754 965 ὲπιστάντας
777 899 926 971 χώρᾳ
968 903 1060 954 καὶ
1089 902 1157 953 τά
1194 900 1366 973 πλήθη
1396 902 1500 954 τῶν
1536 902 1632 955 αὖ·

85 992 192 1045 τόθι
220 991 556 1063 Ἑκκλησιῶν
583 992 673 1045 τοῦ
700 991 832 1044 Θεοῦ
858 992 977 1060 ὄψει
995 992 1401 1063 παραλαϐόντας
1421 1010 1433 1024 ·
1451 992 1540 1061 ὡς,
1562 993 1634 1064 μὴ

85 1084 301 1154 ὀκνῆσαί
324 1100 445 1138 τινα
476 1083 688 1154 ἀληθῶς
719 1081 969 1136 ἐπίϐασιν
1001 1084 1279 1151 γεγονέναι
1310 1086 1422 1146 τοῖς
1452 1083 1635 1146 τόποις

84 1174 301 1238 ἐκείνοις
326 1175 676 1245 ὁμολογῆσαι.
698 1172 795 1227 Διά
818 1175 881 1245 δὴ
906 1175 1077 1227 ταῦτα
1112 1174 1364 1245 ἀνωτέρω
1391 1173 1630 1242 ὲλέγετο·

88 1289 103 1315 ι
160 1267 217 1319 '0
255 1266 389 1330 Θεὸς
428 1266 685 1336 ἐλάλησεν
716 1269 773 1318 ὲν
800 1266 877 1336 τῷ
909 1266 1045 1336 ἁγίῳ
1071 1266 1253 1320 αὑτοῦ·
1292 1263 1634 1333 Ἀγαλλιάσο-

83 1375 189 1423 μαι.
240 1377 259 1409 ι
285 1356 496 1411 Μέλλον
532 1356 640 1428 γὰρ
674 1358 782 1411 πᾶν
812 1358 873 1410 τὸ
903 1357 1009 1410 τῶν
1042 1358 1338 1430 ἀνθρώπων
1368 1358 1519 1426 γένος
1544 1357 1634 1410 ἐπὶ

84 1447 315 1517 σωτηρίᾳ
362 1446 765 1513 ἀνακαλεῖσθαι,
796 1449 1108 1519 ,πρεπόντως
1149 1448 1310 1501 αὐτοῦ
1340 1451 1402 1519 τῇ
1446 1448 1631 1517 φιλαν-

82 1538 305 1608 σλρωπίᾳ,
334 1538 618 1610 συνέχαιρε
648 1543 715 1611 τῇ
742 1539 848 1592 τῶν
885 1538 1201 1610 σωζομένων
1231 1540 1505 1611 σωτηρίᾳ.»
1525 1541 1630 1592 Καὶ

80 1630 239 1694 ἄλλως
265 1632 321 1685 δὲ
348 1634 598 1703 ὑπόδημα
625 1636 688 1687 αὑ
699 1633 787 1687 τοῦ
813 1635 911 1686 οὐκ
940 1633 1003 1687 ἂν
1036 1633 1295 1707 ἁμάρτοις
1318 1631 1486 1700 λέγων
1507 1636 1630 1696 τοὺς

80 1722 417 1787 ἀποστόλους,
453 1724 485 1794 ἢ
517 1726 641 1788 τοὺς
672 1725 749 1787 είς
789 1724 865 1776 ἔτι
893 1723 1050 1791 δεῦρο
1076 1722 1153 1792 τῷ
1182 1723 1308 1793 περὶ
1340 1722 1502 1777 αὐτοῦ
1533 1742 1629 1795 κη-

84 1811 302 1881 ρύγματι
333 1812 796 1882 διακονουμένους.
828 1811 1008 1865 Ταῦτα
1037 1805 1102 1882 ’δὴ
1120 1808 1211 1865 οὖν
1240 1812 1415 1865 πάντα
1444 1814 1627 1884 εἰργά-

1737 634 1789 687 in
1812 640 2061 703 promptu
2088 641 2171 689 est
2186 635 2503 703 completam
2527 636 2707 691 videre
2732 636 2797 690 iis
2812 638 2903 705 qui
2923 638 2975 691 in
2994 635 3274 693 Idumaeam

1735 723 2058 788 concedunt,
2093 734 2148 781 et
2202 724 2593 781 multitudinem
2646 724 3007 791 Ecclesiarum
3065 726 3160 783 Dei
3202 726 3276 782 ibi

1735 816 2106 885 conspiciunt;
2139 824 2198 870 ut
2222 824 2507 873 cunctetur
2545 832 2698 871 nemo
2734 818 2977 873 conllteri
3002 860 3017 883 ,
3048 835 3174 875 vere
3220 820 3275 874 in

1734 905 1849 959 loca
1875 905 1962 959 illa
1988 920 2344 961 conscensum
2375 906 2573 961 factum
2602 922 2741 962 esse.
2795 905 3082 977 Pr0pterea
3115 924 3277 978 supe-

1734 996 1849 1049 rius
1882 994 2085 1050 dictum
2114 1006 2195 1051 est
2221 1015 2233 1050 :
2260 1015 2277 1048 ι
2316 995 2455 1062 Deus
2485 998 2696 1053 locutus
2722 1004 2804 1053 est
2835 1001 2890 1051 in
2921 1007 3110 1053 sancto
3139 1014 3272 1055 suo:

1733 1085 2046 1143 Exsultabo.
2079 1107 2097 1138 ι
2124 1086 2257 1142 Nam
2277 1104 2398 1144 cum
2438 1090 2729 1145 humanum
2758 1104 2925 1160 genus
2965 1090 3272 1145 universum

1733 1178 1797 1230 ad
1828 1178 2054 1232 salutem
2088 1179 2445 1233 revocandum
2463 1188 2629 1244 esset,
2659 1187 2718 1233 ut
2736 1180 2854 1247 ejus
2878 1194 3001 1248 erga
3027 1178 3275 1233 homines
3300 1206 3303 1209 -

1732 1267 2259 1332 amoremdecebat,
2311 1268 2539 1323 salutem
2575 1269 2749 1323 nactis
2784 1269 3099 1338 gratulatur.
3153 1268 3271 1321 Alia

1730 1369 1909 1415 autem
1936 1358 2145 1413 ratione
2158 1357 2302 1412 .nihil
2327 1359 2549 1414 aberres
2577 1360 2621 1413 si
2659 1356 2827 1421 dicas,
2852 1360 3270 1433 calceamentum

1727 1449 1847 1517 ejus
1877 1448 2046 1527 fuisse
2070 1448 2364 1516 apostolos,
2388 1449 2501 1502 sive
2528 1449 2686 1501 etiam
2717 1449 2834 1516 ejus
2855 1442 2920 1501 ad
2943 1448 3078 1501 hanc
3101 1461 3274 1517 usque

1727 1539 1867 1593 diem
1904 1538 2305 1615 pradicationis
2364 1539 2666 1594 ministros.
2704 1538 2827 1593 Haec
2867 1539 3045 1607 itaque
3090 1540 3272 1596 omnia

1724 1642 1974 1700 operatus
2005 1640 2089 1685 est
2121 1629 2258 1685 Deus
2284 1670 2299 1693 ,
2360 1631 2573 1700 quando
2628 1632 2681 1684 in
2736 1632 3029 1687 novissimo
3061 1631 3269 1686 dierum

1694 1756 1695 1759 η
1727 1723 1939 1777 locutus
1980 1731 2064 1777 est
2096 1723 2250 1776 nobis
2287 1722 2338 1775 in
2370 1720 2569 1775 Sancto
2603 1736 2722 1775 suo.
2760 1721 3073 1789 Secundum,
3108 1723 3269 1777 aliam

1728 1829 1854 1869 vero
1885 1814 2313 1883 explicationem,
2359 1815 2572 1868 locutus
2608 1813 2745 1867 Deus
2791 1815 2845 1867 in
2900 1812 3099 1867 Sancto
3138 1828 3265 1877 suo,

81 1919 197 1954 σατο
243 1905 271 1955 6
303 1903 458 1966 Θεὸς,
499 1905 586 1957 ὅτε
632 1905 715 1956 ἐπ’
755 1903 965 1973 ἐσχάτῳ
992 1902 1099 1955 τῶν
1128 1904 1346 1975 ἡμερῶν
1372 1903 1623 1976 ἐλάλησεν

1727 1921 1916 1961 omnes
1961 1906 2182 1959 omnino
2230 1903 2443 1958 Iudaeos
2490 1915 2542 1958 et
2575 1903 2789 1960 Graecos
2821 1944 2834 1967 ,
2891 1905 3130 1975 aliasque
3177 1921 3271 1974 per

82 1994 194 2061 ἡμῖν
226 1994 283 2045 ὲν
308 1993 390 2064 τῷ
427 1994 563 2063 ἁγίῳ
590 1992 773 2047 αὐτοῦ.
813 1992 948 2046 Καθ’
978 1994 1166 2067 ἑτέραν
1188 1993 1242 2045 δὲ
1277 1993 1498 2064 ἐκδοχὴν
1532 1994 1627 2047 λα-

76 2082 130 2151 λή
139 2099 233 2147 σας
260 2086 290 2138 6
329 2084 464 2147 Θεὸς
489 2087 546 2137 ὲν
574 2085 652 2155 τῷ
678 2085 813 2153 ἁγίῳ
839 2084 1026 2145 αὐτοῦ,
1060 2085 1627 2150 πάντας-ἁπαξαπλῶς

78 2174 361 2239 οἸουδαίους
383 2194 443 2229 τε
470 2177 561 2229 καὶ
578 2177 861 2247 Ἕλληνας,
884 2176 954 2229 τά.
967 2184 1023 2229 τε
1046 2176 1165 2229 καθ’
1188 2176 1312 2247 ὅλης
1332 2177 1430 2247 τῆς
1453 2179 1627 2230 οἰκου·

80 2264 234 2336 μένης
276 2266 405 2337 ἔθνη
438 2270 519 2331 είς
559 2267 656 2338 τὴν
691 2266 883 2320 ἑαυτοῦ
932 2271 1089 2338 χάριν
1126 2270 1505 2323 ἀνεκαλέσατο·
1546 2270 1625 2325 διὸ

78 2358 158 2408 καὶ
176 2358 271 2429 τὴν
301 2360 504 2429 Σίκιμα
523 2361 613 2412 καὶ
644 2361 735 2413 τὸν
760 2360 969 2414 Γαλαὰδ
991 2361 1088 2431 (l),
1106 2360 1198 2413 καὶ
1223 2362 1311 2414 τὸν
1334 2362 1625 2431 Μανασσῆν

78 2448 160 2501 καὶ
182 2449 271 2501 τὸν
308 2450 547 2521 Ἐφραῖμ
574 2452 668 2504 καὶ
698 2452 786 2505 τὸν
832 2450 1030 2504 Ἰούδαν
1072 2453 1164 2504 καὶ
1206 2453 1296 2506 τὸν
1328 2452 1499 2506 Μωάϐ
1532 2454 1623 2505 καὶ

76 2540 163 2609 τὴν
205 2541 505 2610 Ἰδουμαίαν
559 2544 651 2596 καὶ
686 2545 811 2606 τοὺς
859 2544 1184 2612 ἀλλοφύλους
1224 2547 1466 2608 ἅπαντας
1498 2563 1625 2599 κατ-

76 2627 423 2700 ηριθμήσατο.
457 2628 515 2692 ἐξ
546 2628 657 2681 ίσου
690 2631 786 2700 τῆς
816 2632 1003 2707 ὁμοίας
1028 2632 1266 2702 κλήσεως
1285 2632 1621 2699 καταξιώσας

74 2720 206 2773 ἆπαν
235 2721 296 2773 τὸ
328 2720 435 2772 τῶν
466 2719 761 2792 ἀνθρώπιον
791 2720 945 2788 γένος
967 2737 980 2751 ·
1014 2721 1149 2793 πλὴν
1196 2722 1328 2775 ἀλλά
1378 2724 1621 2794 πρώτους

73 2813 185 2873 τοὺς
203 2810 308 2863 ἀπὸ
339 2810 433 2862 τοῦ
475 2810 685 2881 Ἰσραὴλ
724 2811 895 2865 καλεῖ.
939 2811 1131 2881 Ἐχρῆν
1159 2796 1265 2882 γάρ
1291 2810 1356 2865 τά
1381 2816 1618 2884 πρωτεῖα

75 2904 156 2954 καὶ
182 2902 559 2973 τάςάπαρχάς
586 2901 678 2954 τοῦ
711 2901 1061 2971 εύαγγελικοῦ
1087 2903 1436 2976 κηρύγματος
1470 2905 1619 2975 πρώ-

75 3009 172 3055 τοις
198 2994 379 3058 αὺτοίς
404 2994 692 3067 ἀπονεῖμαι
716 2993 802 3046 διά
829 2993 923 3055 τὰς
946 2993 1080 3063 πρὸς
1104 2997 1227 3058 τοὺς
1254 2994 1429 3047 αὐτῶν
1455 2996 1621 3050 πατέ-

77 3101 164 3153 ρας
214 3086 567 3154 ἐπαγγελίας,
603 3085 667 3138 δι’
717 3085 783 3148 ἃς
817 3088 909 3140 καὶ
934 3088 1092 3150 αὐτὸς
1118 3088 1146 3139 6
1176 3086 1362 3158 Σωτὴρ
1387 3086 1619 3159 πρώτοις

72 3179 237 3241 αὐτοῖς
315 3177 693 3251 εὐηγγελίζετο
764 3181 1166 3252 μαρτυρόμενος
1245 3181 1340 3257 καὶ
1410 3180 1613 3249 λέγων·
1644 3213 1688 3273 C

80 3288 93 3317 ο
129 3268 235 3324 Οὐκ
259 3268 423 3342 ἦλθον
460 3273 506 3323 εί
544 3270 616 3342 μὴ
664 3273 742 3334 είς
790 3273 857 3325 τὰ
901 3272 1147 3343 πρόϐατα
1192 3271 1259 3325 τὰ
1308 3256 1617 3325 ἀπολωλότα

71 3360 205 3414 οἴκου
234 3361 469 3433 Ἰσραήλ.
487 3381 504 3412 ι
538 3364 646 3415 Καὶ
667 3366 778 3425 τοῖς
800 3364 1115 3426 ἀποστόλοις
1129 3363 1183 3415 δὲ
1207 3364 1367 3417 αὐτοῦ
1384 3360 1615 3434 πρώτοις

72 3452 237 3515 αὐτοῖς
280 3452 573 3521 κηρύσσειν
620 3451 679 3504 τὸ
737 3454 1060 3521 Εὐαγγέλιον
1101 3456 1328 3526 παρῄνει
1366 3456 1610 3523 φάσκων·

76 3561 91 3590 ι
122 3543 207 3605 Ei;
230 3543 346 3596 ὁδὸν
370 3543 541 3596 ἐθνῶν
566 3543 637 3613 μὴ
665 3543 949 3613 ἀπέλθητε,
986 3544 1077 3597 καὶ
1107 3547 1185 3608 εἰς
1230 3545 1379 3598 πόλιν
1434 3547 1614 3616 Σαμαὲ

74 3633 253 3703 ρειτῶν
286 3635 361 3705 μὴ
415 3633 689 3705 εἰσέλθητε
712 3652 724 3665 ·
756 3635 1045 3707 πορεύεσθε
1079 3635 1134 3688 δὲ
1162 3636 1357 3705 μᾶλλον
1387 3637 1520 3708 πρὸς
1546 3636 1613 3691 τὰ

71 3724 297 3794 πρόϐατα
324 3727 395 3779 τὰ
426 3725 737 3779 ἀπολωλότα
763 3726 908 3779 οῐκου
969 3725 1205 3799 Ἰσραήλ.
1246 3748 1265 3780 ι
1308 3724 1438 3781 Εἶτα
1498 3730 1637 3800 μετ’·

70 3818 290 3881 ἐκείνους
332 3817 659 3888 προσέταττε
703 3821 811 3882 τοῖς
853 3818 1044 3872 ἑαυτοῦ
1089 3818 1354 3890 μαθηταῖς
1386 3820 1616 3890 εὐαγγε-

69 3908 294 3972 λίζεσθαι
325 3909 505 3962 πάντα
532 3908 599 3962 τὰ
624 3908 747 3981 ἔθνη
774 3912 831 3963 ὲν
868 3909 945 3979 τῷ
975 3910 1194 3981 ὀνόματι
1217 3909 1398 3964 αὐτοῦ.
1430 3911 1614 3978 Οὕτως

69 3996 155 4067 οὖν
172 4001 261 4055 καὶ
290 4003 385 4054 ἐπὶ
408 4002 502 4054 τοῦ
533 4003 793 4073 παρόντος
820 4004 848 4054 6
878 4002 987 4055 τῶν
1012 4002 1143 4055 ὅλων
1168 4001 1297 4066 Θεὸς
1315 4004 1614 4075 ὲνοικήσειν

70 4096 119 4145 ὲν
146 4090 220 4163 τῷ
252 4093 391 4164 ἀγίῳ
420 4093 606 4155 αὑτοῦ,
640 4096 696 4146 ὲν
714 4093 860 4163 αὐτῷ
891 4111 951 4146 τε
976 4094 1069 4147 καὶ
1096 4094 1160 4146 δι’
1183 4095 1342 4148 αὐτοῦ
1366 4094 1613 4167 λαλήσειν

68 4182 366 4253 ἀνθρώποις
425 4183 765 4246 θεσπίζεται·
821 4186 915 4237 καὶ
959 4186 1033 4249 ὡς
1078 4186 1209 4256 ὁμοῦ
1244 4190 1337 4241 καὶ
1382 4188 1521 4242 κατά
1554 4189 1613 4241 τὺ

69 4274 185 4326 αὐτὸ
210 4276 299 4327 τὸν
343 4274 579 4346 Ἐςρραῒμ
605 4274 698 4327 καὶ
727 4275 816 4327 τὸν
852 4277 1147 4348 Μανασσῆν
1172 4279 1265 4331 καὶ
1292 4279 1381 4332 τὸν
1418 4279 1611 4332 Ἰούδαν

66 4366 374 4432 είσδέξεται·
438 4367 486 4419 οἳ
546 4366 709 4418 πάλαι
764 4367 860 4436 μὲν
896 4363 1043 4439 ἦσαν
1100 4369 1399 4433 διεστῶτες,
1447 4371 1534 4423 ὅτε
1582 4372 1611 4422 6

68 4457 159 4526 μὲν
188 4456 387 4521 Ἰούδας
415 4457 724 4511 ἐϐασίλευεν
747 4460 803 4510 ὲν
836 4458 1203 4531 Ἰερουσαλὴμ,
1221 4462 1248 4514 6
1270 4460 1324 4513 δὲ
1355 4459 1606 4530 Ἐφραῒμ,

1730 1992 2035 2045 universum
2059 1992 2246 2045 orbem
2276 1999 2462 2062 gentes
2501 1991 2566 2045 ad
2602 1993 2825 2062 gratiam
2859 2008 3009 2045 suam
3044 1980 3268 2047 revoca-

1727 2084 1821 2135 vit.
1861 2080 2042 2146 Quare
2072 2079 2331 2142 Sichima,
2362 2080 2583 2147 Galaad,
2614 2081 2895 2137 Manassen
2919 2123 2933 2147 ,
2979 2081 3266 2155 Epilrailll‘,

1722 2175 1952 2239 Judam,
1990 2176 2181 2239 Moab,
2233 2176 2519 2231 ldunizeam
2547 2215 2563 2242 ,
2613 2184 2666 2230 et
2717 2177 3042 2246 alienigenas
3083 2189 3279 2231 omnes

1723 2267 2074 2330 enumeravit,
2092 2268 2257 2322 simili
2288 2268 2567 2321 vocatione
2595 2274 2763 2321 totum
2786 2282 2953 2336 genus
2977 2267 3267 2320 humanum

1722 2374 1871 2428 reque
1893 2358 2182 2427 dignatus;
2220 2359 2313 2415 sed
2344 2360 2551 2429 priores
2578 2361 2666 2428 qni
2693 2374 2757 2413 ex
2781 2359 2943 2412 lsrael
2975 2344 3128 2433 erant
3159 2372 3271 2419 me-

1722 2450 1968 2503 moravit.
2009 2449 2259 2519 Oportuit
2296 2452 2445 2511 enim
2479 2450 2745 2520 primitias
2769 2444 3086 2519 evangelica:
3134 2463 3270 2520 prae-

1720 2540 2007 2597 dicationis
2037 2543 2170 2611 ipsis
2198 2542 2472 2611 impertire
2495 2580 2509 2604 ,
2555 2541 2632 2597 'ob
2688 2540 3072 2610 promissiones
3102 2540 3271 2610 patri-

1719 2631 1820 2685 bus
1849 2647 2035 2685 eorum
2072 2630 2277 2693 factas,
2340 2647 2568 2700 quarum
2628 2646 2789 2685 causa
2840 2629 3083 2684 Salvator
3136 2630 3270 2699 ipsis

1719 2722 1991 2791 prioribus
2034 2721 2379 2792 Evangelium
2410 2721 2751 2789 prazdicabat.
2781 2722 2891 2774 haec
2918 2719 3264 2774 testiﬁcatus:

1724 2830 1741 2862 ι
1754 2810 1869 2865 Non
1885 2812 2003 2865 veni
2021 2811 2121 2864 nisi
2140 2811 2203 2863 ad
2219 2824 2345 2862 ονε-ε
2362 2824 2478 2877 qua:
2495 2809 2766 2878 perierunt
2782 2810 2973 2861 domus
2988 2808 3147 2863 Israel
3163 2810 3228 2861 “.
3242 2820 3262 2861 ι

1717 2901 1993 2971 Apostolis
2024 2916 2238 2970 quoque
2267 2902 2379 2956 suis
2402 2899 2763 2969 pmeipiebat,
2783 2908 2839 2951 ut
2876 2898 3008 2966 ipsis
3035 2900 3266 2969 primum

1720 2993 2065 3062 Evangelium
2088 2983 2656 3061 prmdicarentdicens
2682 3008 2694 3043 :
2732 3008 2749 3039 ι
2782 2987 2839 3042 1η
2858 2990 3001 3043 viam
3026 2991 3264 3060 gentium

1719 3099 1787 3138 ne
1818 3082 2081 3147 abieritis,
2117 3090 2169 3136 et
2208 3081 2264 3135 in
2294 3081 2564 3135 civitatem
2593 3078 3054 3134 Samaritanorum
3086 3097 3153 3135 ne
3184 3083 3267 3134 in-

1719 3175 2027 3241 traveritis;
2060 3175 2152 3251 sed
2171 3175 2242 3229 ite
2270 3174 2450 3244 potius
2467 3172 2533 3228 ad
2553 3187 2701 3236 oves,
2718 3188 2837 3241 quae
2858 3174 3151 3242 perierunt,
3170 3171 3273 3225 do;

1721 3284 1841 3327 mns
1858 3267 2096 3322 Israel".
2126 3285 2143 3317 ι
2163 3264 2467 3320 Secundum
2491 3265 2610 3318 illos
2622 3272 2796 3318 autem
2812 3262 3269 3333 jubetdiscipulos

1718 3374 1845 3414 suos
1879 3357 2225 3426 Evangelium
2269 3356 2562 3426 praedicare
2613 3355 2863 3409 omnibus
2922 3356 3170 3424 gentibus
3211 3355 3266 3408 in

1716 3447 1933 3500 nomine
1959 3461 2077 3499 suo.
2106 3444 2196 3498 Sic
2222 3445 2419 3514 ergoin
2453 3445 2702 3514 praesenti
2726 3446 3100 3500 universorum
3125 3443 3267 3500 Deus

1716 3537 1770 3590 in
1804 3536 2003 3590 Sancto
2023 3551 2121 3590 suo
2153 3535 2518 3589 habitaturum
2550 3550 2629 3601 se,
2662 3543 2821 3604 atque
2850 3536 2904 3589 in
2937 3535 3053 3605 ipso
3091 3546 3143 3589 et
3170 3549 3266 3604 pir

1716 3628 1893 3698 ipsum
1924 3626 2229 3682 locuturum
2257 3642 2377 3681 esse
2398 3627 2708 3681 hominibus
2726 3628 3078 3693 vaticinatur“:
3108 3634 3162 3680 et
3190 3628 3265 3680 ait

1716 3731 1776 3772 se
1818 3714 1979 3771 simul
2011 3716 2319 3785 pariterque
2345 3714 2622 3785 Ephraim,
2653 3714 2933 3768 Manassen
2977 3721 3031 3767 et
3069 3712 3263 3768 Judam

1718 3814 2069 3877 excepturum
2107 3822 2265 3873 esse;
2302 3808 2392 3877 qui
2436 3808 2563 3860 olim
2594 3807 2805 3875 quidem
2857 3806 3034 3861 dissiti
3067 3816 3219 3862 erant
3246 3848 3262 3869 ,

1714 3899 1933 3971 quando
1957 3897 2095 3953 Juda
2117 3900 2373 3969 regnabat
2395 3900 2446 3953 in
2474 3888 2793 3962 Jerusalem,
2817 3896 3069 3968 Ephraim
3094 3899 3148 3953 in
3180 3897 3269 3953 Si-

1716 3991 1908 4046 chimis
1940 3998 1993 4044 et
2015 3989 2282 4055 Samaria,
2306 3989 2579 4047 Manasses
2607 4004 2732 4043 vero
2762 3989 3037 4065 habitabat
3074 3991 3129 4045 in
3156 3988 3262 4045 Ga-

1715 4085 1853 4141 laad.
1891 4082 1962 4139 Ut
1992 4080 2142 4139 nullo
2184 4086 2349 4155 igitur
2379 4083 2603 4137 ulterius
2636 4081 2947 4138 discrimine
3003 4083 3264 4155 interces-

1714 4193 1863 4243 suro,
1893 4177 2149 4248 nullaque
2180 4178 2317 4231 inter
2345 4190 2437 4229 eos
2467 4175 2827 4245 diaerepantia
2866 4174 3079 4239 futura,
3106 4176 3263 4244 ipsos

1713 4270 1922 4339 priores
1986 4270 2250 4336 advocat;
2307 4266 2498 4321 deinde
2553 4264 2851 4330 Moabitas,
2904 4266 3261 4330 Ammonitas,

1714 4362 1999 4429 ld’umteos,
2031 4375 2363 4431 caaterosque
2397 4360 2642 4415 homines
2676 4373 2917 4442 omnesL
2950 4359 3259 4413 universum

1712 4456 1896 4509 orbem
1927 4426 2244 4509 incolentes.
2266 4426 2350 4517 Ex
2391 4450 2613 4504 historia
2652 4426 3259 4519 porrmangeliorum

65 4550 116 4599 ἐν
144 4549 385 4620 Σικίμοις
417 4551 509 4604 καὶ
537 4549 839 4621 Σαμαρείᾳ,
874 4551 902 4603 6
945 4551 1001 4603 δὲ
1026 4552 1316 4621 Μανασσῆς
1345 4550 1476 4620 ᾦκει
1507 4551 1606 4622 τὴν

1719 4545 1938 4609 ediscas,
1978 4561 2084 4614 quo
2111 4547 2362 4612 tempore}
2386 4539 2617 4594 Sanctus
2650 4540 2737 4594 Dei
2786 4542 2839 4593 in
2885 4539 3135 4593 Sichimis
3167 4554 3260 4610 pe-

65 4640 277 4695 Γαλαάδ.
327 4642 412 4705 Ὠς
444 4643 638 4711 μηκέτι
666 4642 843 4694 τοίνυν
866 4640 1189 4712 ἀφορισμοῦ,
1228 4643 1359 4711 μήτε
1386 4640 1604 4693 διαστά-

66 4748 189 4797 σεως
218 4731 384 4803 οὔσης
425 4733 482 4785 ὲν
513 4732 712 4794 αὐτοῖς,
740 4730 985 4801 πρώτους
1020 4731 1213 4792 αὐτοὺς
1248 4728 1569 4782 είσκαλείται
1591 4747 1605 4760 ·

64 4818 167 4875 εἶτα
198 4823 492 4887 Μωαϐίτας
526 4822 621 4875 καὶ
661 4822 1012 4893 Ἀμμανίτας,
1056 4820 1378 4900 Ἰδουμαίους
1411 4836 1469 4872 τε
1514 4822 1608 4875 καὶ

64 4916 176 4978 τοὺς
204 4916 421 4980 λοιποὺς
451 4915 698 4977 ἅπαντας
727 4913 1043 4985 ἀνθρώπους
1072 4914 1194 4976 τοὺς
1220 4911 1343 4965 καθ’
1360 4912 1485 4981 ὅλης
1510 4916 1609 4985 τῆς

65 5004 370 5077 οἰκουμένης
394 4994 691 5068 οἰκοῦντας.
724 5002 957 5067 Γνώσεις
983 5004 1027 5057 δ’
1056 5003 1131 5057 ἂν
1151 5004 1213 5055 ὲκ
1238 5002 1335 5072 τῆς
1372 5004 1624 5075 ἱστορίας

62 5093 161 5146 τῶν
186 5096 549 5166 Εὑαγγελίων,
583 5098 729 5160 ὅπως
768 5093 890 5149 καθ’
915 5094 1005 5157 οὓς
1036 5096 1252 5165 χρόνους
1281 5096 1309 5147 6
1342 5093 1492 5162 ἅγιος
1512 5094 1605 5147 τοῦ

64 5182 183 5237 Θεοῦ
214 5187 308 5241 καὶ
343 5192 453 5253 τοῖς
485 5189 729 5259 Σικίμοις
783 5188 1060 5260 ἐπεδήμει,
1091 5188 1182 5241 καὶ
1239 5186 1376 5259 αὐτῇ
1424 5188 1606 5260 Σαμα-

68 5279 197 5348 ρείᾳ,
222 5282 289 5350 τῇ
318 5296 379 5331 τε
414 5281 782 5353 Ἰερουσαλὴμ,
809 5281 1082 5351 ήνωμένου
1135 5279 1253 5332 τότε
1286 5280 1379 5331 τοῦ
1415 5281 1647 5352 Ἰσραὴλ,

1711 4638 2110 4708 regrinabatur,
2144 4641 2195 4689 et
2215 4636 2271 4688 in
2292 4635 2407 4704 ipsa
2436 4633 2696 4694 Samaria,
2721 4646 2930 4687 necnon
2952 4632 3005 4685 in
3040 4630 3261 4686 Jerusa-

1679 4730 1837 4797 lem,
1868 4729 2113 4785 lsraelem
2162 4736 2276 4780 tum
2327 4724 2905 4796 conjunctum'l‘uisse,
2952 4724 3259 4793 nullamque

1698 4807 2084 4876 intercessisse
2112 4817 2578 4883 divisionemasic
2599 4827 2651 4873 et
2684 4818 2959 4887 apostolos
2990 4831 3115 4873 suos
3148 4818 3259 4886 pri-

1712 4926 1800 4967 mo
1858 4913 1923 4965 ad
1972 4926 2099 4966 oves
2132 4925 2251 4980 qua:
2303 4911 2571 4981 perierant
2622 4910 2816 4965 domus
2863 4909 3025 4964 Israel
3071 4909 3255 4971 misit;

1714 5011 2124 5076 postea'autem,
2162 5003 2351 5058 iisdem
2388 5018 2520 5058 usus
2544 5018 2642 5057 ceu
2672 5001 3082 5082 calceamentis,
3132 5002 3255 5055 uni—

1712 5109 1927 5165 versum
1956 5092 2237 5149 hominum
2280 5109 2446 5167 genus
2499 5094 2721 5149 salutari
2778 5090 2948 5164 gratia
3007 5091 3257 5164 dignatus

1709 5191 1811 5239 cst.

1706 5278 1797 5330 καὶ
1847 5276 2113 5347 μηδεμιᾶς
2143 5275 2308 5347 οὔσης
2341 5278 2397 5329 ὲν
2429 5275 2574 5355 αὐτῷ
2606 5275 2965 5342 διαστάσεως·
3012 5273 3152 5327 οὕτω
3198 5275 3255 5328 δὲ

65 5371 303 5436 καὶτοὺς
355 5372 545 5426 ἑαυτοῦ
572 5373 897 5437 ἀποστόλους
923 5374 1057 5445 πρὸς
1086 5373 1154 5426 τά
1193 5370 1436 5443 πρόϐατα
1467 5370 1774 5425 ἀπολωλότα
1821 5368 1967 5421 οἴκου
2020 5368 2230 5441 Ἰσραὴλ
2282 5369 2339 5422 ὲν
2386 5368 2637 5439 πρώτοις
2699 5366 3055 5437 διεπέμπετο·
3120 5369 3257 5437 μετά

65 5460 113 5513 δὲ
130 5461 316 5526 ταῦτα,
331 5465 442 5525 τοῖς
456 5464 636 5527 αὐτοῖς
669 5462 856 5537 ὥσπερ
882 5466 1184 5537 ὑποδήμασι
1216 5463 1513 5535 χρώμενος,
1530 5465 1593 5518 τὸ
1606 5458 1817 5518 πάντων
1833 5461 2132 5536 ἀνθρώπων
2158 5464 2310 5532 γένος
2338 5464 2434 5535 τῆς
2462 5461 2723 5539 σωτηρίου
2741 5461 2993 5533 κατηξίου
3016 5459 3252 5531 χάριτος.

137 5575 153 5607 ι
188 5558 280 5621 Τίς
312 5555 506 5621 ἀπάξει
542 5574 608 5623 με
630 5562 707 5629 είς
733 5562 884 5615 πόλιν
913 5560 1201 5634 περιοχῆς;
1235 5559 1266 5630 ἢ
1302 5559 1385 5622 τίς
1416 5562 1610 5633 ὁδηγή-
1648 5592 1655 5599 ι

68 5646 141 5703 σει
175 5667 238 5721 με
269 5649 372 5712 ἕως
404 5650 500 5719 τῆς
556 5649 884 5733 Ἰδουμαίας;
919 5654 1052 5724 Οὐχὶ
1096 5652 1159 5704 σὺ
1212 5652 1241 5703 6
1284 5650 1411 5714 Θεὸς
1443 5654 1470 5705 6
1503 5654 1608 5705 ἀπ-

134 5762 173 5791 "
210 5761 400 5816 Matth.
439 5779 529 5823 xv,
562 5762 652 5817 24.
728 5766 770 5797 ³⁷
805 5763 993 5819 Matth.
1032 5781 1085 5828 Σ,
1121 5762 1243 5830 5,6.
1266 5834 1279 5850 χ

1788 5556 1953 5616 Vens.
1990 5562 2076 5616 ll.
2135 5579 2153 5611 ι
2184 5559 2316 5626 Quis
2343 5561 2568 5633 abducet
2598 5573 2681 5612 me
2707 5558 2759 5611 in
2782 5558 3048 5611 civitatem
3078 5557 3250 5608 muni-

1716 5652 1863 5705 tam?
1896 5660 1989 5707 ant
2024 5634 2156 5723 .quis
2195 5636 2420 5710 deducet
2481 5668 2565 5707 me
2612 5665 2782 5721 uSque
2810 5652 2872 5704 ‘in
2930 5643 3243 5702 ldumaiam‘

131 5874 203 5940 (ι,
237 5874 349 5943 Τὴν
381 5863 599 5931 Σίκυιια
618 5876 714 5933 καί
744 5878 845 5935 τὸν
871 5878 1130 5954 Γαλαιὶηῗ.
1169 5878 1327 5937 Forte
1360 5879 1424 5935 τὰ
1451 5882 1507 5937 Σ.
1540 5898 1592 5934 κ.

1719 5880 1804 5934 ιΓ.
1829 5877 1953 5934 Elui
