3976 6348
140 401 246 458 873
1259 394 1688 454 COIIEN'I’ABI

1786 395 1852 451 IN
1888 395 2222 454 mnos.
3229 402 3332 457 διε

137 522 435 592 λογραφίας
467 518 667 586 ἔλεγεν·
699 535 716 568 ι
763 516 820 570 '0
846 515 996 580 θεὸς,
1021 513 1226 568 ἀπώσω
1259 515 1402 584 ἡμᾶς
1434 513 1528 566 καὶ
1559 511 1688 566 καθ-

1797 528 1920 567 cum
1975 512 2141 569 semel
2177 518 2230 566 et
2263 511 2500 565 secundo
2530 510 2775 576 dixisset,
2795 530 2813 563 ι
2833 510 3008 579 Quis?
3037 533 3056 566 ι
3091 528 3211 568 eum
3239 518 3330 584 qui

135 614 279 677 είλες
317 613 482 684 ἡμᾶς.
531 631 549 664 ι
591 611 681 664 Διὸ
732 609 868 683 πρὸς
909 605 1252 676 ἐκείνηντὴν
1294 601 1472 674 φωνὴν
1512 604 1688 657 ἀποδί-

1793 605 1952 684 solus
1980 603 2110 656 talia
2149 601 2436 658 ostendere
2481 603 2653 672 possit
2701 617 3028 672 cognoscere
3064 620 3123 658 se
3165 605 3334 658 conli-

133 705 302 760 δωσιν
339 682 571 757 ἀνταῦθα
596 703 694 773 τὴν
719 682 885 771 αὐτὴν
904 699 1137 753 διάνοιαν
1172 696 1370 764 λέγων⁹
1411 713 1430 744 ι
1459 695 1591 764 οὐχὶ
1629 695 1688 748 σὺ

1791 682 1967 763 ιοιυιξ
2003 696 2090 750 bic
2112 709 2272 766 porro
2306 692 2450 749 Deus
2477 703 2625 759 erat;
2657 692 2798 763 quod
2833 693 2997 747 etiam
3051 695 3204 750 initio
3233 695 3335 749 bu-

133 798 164 846 6
189 795 324 859 Θεδς
369 796 400 847 6
423 794 777 864 διωσάμενος
816 791 990 862 ﬁnds;
1025 808 1042 840 ι
1082 787 1178 850 Τίς
1202 786 1308 856 γὰρ
1335 784 1510 848 ἄλλος,
1539 786 1689 854 φησὶ,

135 885 360 939 δύναται
384 885 552 950 δεῖξαι
577 885 708 956 ἡμίν
737 881 833 945 τὰς
859 877 1186 948 ἀπαγγελίας
1217 877 1314 940 τάς
1343 877 1440 940 σάς
1473 878 1564 928 καὶ
1586 876 1692 930 τῦν

142 974 249 1028 σῶν
273 976 447 1044 λόγων
477 975 544 1029 τά
575 972 1003 1042 ἀποτελέσματα,
1037 971 1084 1022 εί
1119 970 1192 1040 μὴ
1221 969 1284 1022 σὺ
1314 966 1472 1029 αὐτὸς
1518 969 1548 1019 6
1587 968 1692 1020 ἀπο

138 1065 422 1133 ωσάμενος
455 1065 635 1134 ἡμάςς
661 1063 716 1132 ἢ,
747 1059 887 1114 κατά
920 1057 1011 1112 τὸν
1038 1057 1348 1130 Σύμμαχον,
1376 1065 1396 1106 ι
1429 1056 1492 1108 El
1523 1055 1596 1126 μὴ
1627 1056 1690 1108 σὺ

137 1152 165 1202 6
196 1149 333 1214 Θεὸς
361 1153 392 1204 6
421 1150 849 1220 ἀποδαλλόμενος
871 1149 1039 1220 ἡμᾶς,
1066 1147 1159 1201 καὶ
1191 1147 1265 1217 μὴ
1300 1145 1605 1215 προσελθὼν
1635 1148 1691 1199 ἐν

136 1241 258 1305 ταῖς
305 1242 683 1313 στρατεύσεσιν
720 1240 908 1311 ὴμῶνς
951 1260 970 1292 s
1017 1237 1243 1294 ’Δπώσω
1272 1239 1377 1308 γὰρ
1417 1237 1562 1307 ἡμᾶς
1603 1234 1709 1301 σὺ(

138 1335 333 1406 Κύριε,
369 1335 459 1387 καὶ
495 1331 948 1403 καθεῖλες-ἡμᾶς’
982 1329 1115 1385 ἀλλά
1147 1329 1240 1381 καὶ
1281 1327 1444 1380 πάλαι
1489 1324 1690 1390 ειωθὼς

65 1401 88 1430 ⁸
139 1401 443 1486 συνεξιέναι
485 1423 576 1474 καὶ
626 1401 989 1493 συμιῶλεμεῐν
1032 1421 1152 1482 ταῖς
1201 1417 1493 1489 ἡμετέραις
1536 1417 1692 1470 δυνά-

140 1530 287 1585 μεσι.
309 1513 404 1567 νῦν
423 1515 509 1567 δτε
536 1514 634 1583 τὴν
659 1513 850 1584 κλῆσιν
869 1512 1107 1580 ἀποιήσω
1136 1509 1246 1562 τῶν
1271 1507 1458 1575 MV,
1489 1505 1692 1561 ἀπώσω

139 1607 288 1676 ἡμᾶς
313 1605 406 1658 καὶ
433 1604 613 1658 οὐκέτι
640 1603 926 1675 metm
950 1605 1068 1666 ταῖς
1092 1601 1387 1673 ἡμετέραις
1411 1600 1685 1671 δυνάμεσι.

139 1695 308 1766 ’Δλλη
358 1693 450 1751 οὖν
481 1699 579 1751 οὐκ
610 1697 753 1750 εστιν
800 1697 930 1766 ἡμίν
953 1695 1112 1758 ιλπὶςρ
1136 1695 1271 1766 πρὸς
1302 1692 1361 1746 τὸ
1399 1687 1689 1746 θεάσασθαί

136 2063 332 2136 γμένῃ,
368 2062 462 2115 ut
491 2061 835 2134 .“qmbﬂvat
862 2060 965 2123 ῐως
989 2058 1090 2129 τῆς
1115 2056 1517 2128 ἀποδειχθείσης
1541 2054 1688 2108 Ἰδου-

137 2155 303 2226 μαίας

209 2439 230 2473 ι
272 2420 375 2483 Δὸς
409 2420 538 2489 ἡμῖν
571 2416 818 2488 βοήθειαν
856 2415 922 2469 ἐκ
954 2411 1201 2484 θλιψόως,
1231 2415 1324 2468 καὶ
1352 2413 1550 2485 ματαία
1582 2429 1684 2466 σω-

133 2503 296 2585 τηρία
339 2510 656 2581 ἀνθρώπων.
698 2507 786 2560 ἐν
943 2505 1063 2577 Θεῷ
1107 2509 1399 2577 ποιήσομεν
1441 2505 1684 2576 δύναμιν,

147 2603 236 2656 καὶ
257 2601 418 2663 αὺτδς
437 2596 778 2664 έεουδενώσει
801 2598 925 2661 τοὺς
949 2596 1223 2668 θλίδοντας
1251 2597 1415 2665 ἡμᾶς.
1449 2613 1468 2646 ι
1495 2597 1558 2648 Oi
1580 2593 1686 2648 τῶν

142 2689 482 2760 ἀπαγγελιῶν
509 2686 928 2753 καταξανθέντες
958 2685 1289 2754 διδάσκονται
1319 2683 1406 2738 διά
1427 2683 1532 2737 τῶν
1560 2702 1689 2756 προ-

137 2781 398 2852 κειμένων
428 2783 613 2851 νήφειν
645 2778 736 2832 καὶ
767 2776 1140 2848 ιγρηγορέναι,
1182 2773 1686 2844 ’παρασκευάζεσθαι

133 2889 191 2925 τε
220 2875 298 2936 είς
347 2870 574 2940 θλίψεις,
603 2869 696 2922 καὶ
725 2868 792 2921 δι’
821 2866 993 2938 εὐχῶν
1035 2866 1207 2935 λέγειν
1233 2865 1311 2938 τῷ
1344 2867 1549 2919 ιαυτῶν
1593 2866 1688 2936 βα-

138 2965 300 3020 σιλεῖ’
335 2982 356 3017 ι
391 2964 489 3027 Δὸς
525 2964 656 3034 ἡμῖν
684 2958 930 3030 βοήθειαν
967 2959 1031 3010 ικ
1081 2955 1344 3026 θλίψεως·
1384 2976 1402 3008 ι
1456 2956 1686 3027 ματαίαν

138 3057 242 3128 γάρ
282 3051 424 3110 εῐναι
457 3057 635 3108 πᾶσαν
663 3051 758 3122 τὴν
794 3049 853 3116 te
883 3046 1177 3120 ἀνθρώπων
1209 3046 1415 3102 ἑλπίδα.
1453 3044 1567 3101 Εἶτ’
1593 3047 1685 3100 s6-

139 3148 356 3219 ξάμενοι
381 3144 573 3206 ταῦτα,
601 3143 700 3213 τὴν
727 3137 933 3209 ἀγαθὴν
959 3136 1348 3200 ἐπιδείκνυνται
1381 3136 1683 3241 προθυμίαν
1710 3186 1752 3241 c

140 3238 412 3307 λέγοντεςο
462 3252 480 3285 ι
526 3234 612 3286 Ἑν
649 3230 764 3300 Θεῷ
803 3231 1096 3300 ποιήσομεν
1129 3228 1372 3296 δύναμιν,
1402 3228 1493 3279 καὶ
1526 3225 1684 3288 αὐτὸς

138 3323 475 3391 ιξωδενώσει
521 3322 645 3384 τοὺς
691 3318 964 3382 θλίὸοντας
1004 3320 1167 3390 ἡμᾶς.
1210 3337 1231 3374 ι
1275 3317 1520 3380 Τοιοῦτος
1557 3312 1623 3386 ἦν
1658 3318 1686 3368 6

143 3416 348 3478 Παῦλος
378 3413 550 3481 λέγων
568 3428 581 3440 ·
636 3430 654 3461 ι
682 3410 864 3465 Πάντα
885 3407 1065 3478 τίσχύω
1095 3411 1151 3460 εν
1190 3406 1268 3478 τῷ
1305 3405 1685 3476 ένδυναμοῦντί

144 3519 237 3572 με’
283 3521 302 3553 ι
370 3500 466 3554 καὶ
522 3499 711 3551 πόλιν·
777 3515 796 3573 ι
841 3498 953 3550 Οὐκ
973 3495 1082 3563 ἐγὼ
1101 3496 1180 3558 δὲ,
1251 3497 1432 3565 φησιν,
1497 3493 1684 3564 ἀλλ“ή

141 3594 292 3663 χάρις
328 3593 370 3661 ἡ
402 3592 495 3644 σὺν
521 3589 661 3658 ἐμοί.
699 3606 717 3639 ι
759 3586 941 3639 Ταῦτα
978 3586 1034 3638 δὲ
1061 3587 1234 3655 λέγειν
1268 3588 1600 3640 παιδεύονται
1635 3589 1684 3640 oi

142 3687 202 3738 έκ
240 3684 338 3753 τῆς
378 3679 675 3750 Ἰδουμαίας
705 3677 796 3731 καὶ
839 3679 900 3728 ἐκ
942 3677 1046 3728 τῶν
1079 3677 1383 3746 ἀλλοφύλων
1428 3677 1591 3731 ὲθνῶν
1618 3682 1684 3750 τῇ

142 3773 230 3828 τοῦ
258 3768 392 3827 Θεοῦ
425 3772 602 3842 χάριτι
631 3766 1101 3838 προσεληλυθότες.
1138 3768 1197 3821 Εί
1224 3769 1280 3821 δὲ
1312 3771 1374 3822 ἐκ
1398 3769 1685 3840 προσώπου

139 3859 586 3935 τοῦπροφητιιιοῦ
614 3858 772 3931 χοροῦ
809 3858 1014 3925 λέγοιτο
1055 3858 1359 3922 καὶταῦτα,
1391 3859 1590 3928 πρέποι
1622 3858 1686 3912 ἀν

138 3958 350 4020 αὐτοὺς,
382 3952 889 4022 ἀποκλαυσαμένους
915 3949 1003 4003 τὸν
1032 3950 1289 4019 ἀπωσμὸν
1318 3949 1409 4000 καὶ
1441 3948 1537 4020 τὴν
1561 3950 1690 4008 καθ-

139 4045 342 4118 αίρεσιν
380 4043 474 4098 τοῦ
508 4042 771 4113 προτέρου
817 4038 966 4102 λαοῦ,
993 4039 1154 4108 εὐχὴν
1191 4040 1524 4108 ἀναπέμπειν
1551 4043 1688 4112 ὑπὲρ

139 4137 230 4193 τοῦ
275 4135 456 4191 κοινοῦ
491 4135 706 4187 πάντων
731 4130 908 4186 αὐτῶν
949 4130 1215 4201 σώματος,
1258 4130 1351 4183 καὶ
1390 4131 1566 4200 λέγειν
1611 4132 1688 4202 τῷ

139 4226 256 4297 Θεῷ
283 4226 354 4280 τά
376 4223 728 4295 προκείμενα.

200 4338 250 4392 1.
290 4335 398 4390 ΕΙΣ
424 4334 512 4388 ΤΟ
542 4332 761 4400 ΤΕΔΟΣ
784 4331 878 4386 IN
906 4326 1182 4396 111N012,
1215 4331 1301 4386 T0
1330 4335 1523 4388 ΔΔΥίΔ
1553 4335 1626 4390 Ξ.

214 4467 235 4502 ε
277 4447 624 4507 Είσάιιουσον,
653 4443 683 4495 6
705 4442 853 4508 Θεὸς,
890 4447 990 4517 τῆς
1030 4443 1260 4517 δεήσεὼς
1296 4462 1435 4516 μου,.
1459 4445 1686 4515 πρόσχες

1786 787 1876 856 jus
1907 786 2054 840 tituli
2103 785 2478 856 inscriptionis
2526 785 2740 840 dicebat
2771 805 2785 840 :
2821 804 2839 836 ι
2879 783 3041 846 Deus.
3086 788 3332 857 repulisti

1789 895 1889 936 nos
1915 888 1968 934 et
1990 877 2310 934 destruxisti
2339 892 2494 934 nos.»
2521 878 2704 945 Quare
2736 877 2801 932 ad
2831 877 2971 931 illam
2990 893 3177 934 vocem
3205 895 3327 949 spe-

1789 979 1964 1035 ctans,
2003 968 2252 1025 eamdem
2303 969 2392 1025 hic
2455 968 2656 1042 profert
2715 971 3032 1025 sententiam
3101 967 3326 1026 dicens:

1795 1082 1813 1115 ι
1839 1063 2028 1118 Nonne
2049 1060 2331 1142 tu,;Deus,
2368 1065 2461 1131 qui
2507 1064 2754 1134 repulisti
2781 1062 2917 1118 nos?
2940 1082 2960 1114 ι
3013 1061 3144 1128 Quis
3183 1062 3328 1116 enini

1791 1155 1953 1215 alius,
2003 1156 2200 1224 inquit,
2250 1155 2512 1224 promissa
2542 1161 2655 1219 tua,
2703 1162 2760 1208 et
2800 1155 3086 1209 verborum
3114 1164 3327 1207 tuorum

1788 1246 1991 1299 exitum
2055 1246 2308 1300 exhibere
2361 1244 2516 1299 nobis
2575 1243 2768 1304 valeat.
2833 1245 2938 1299 nisi
2990 1253 3045 1297 tu
3089 1243 3201 1314 ipse
3234 1245 3327 1312 qui

1789 1334 2033 1402 repulisti
2067 1334 2212 1412 nos?
2242 1334 2376 1398 sive,
2411 1333 2710 1389 secundum
2741 1330 3140 1404 Symmachum,
3171 1350 3189 1384 ι
3211 1329 3328 1388 Nisi

1793 1434 1873 1487 tu,
1905 1424 2066 1488 Deus,
2089 1426 2181 1495 qui
2214 1426 2410 1494 abjicis
2443 1440 2565 1489 nos,
2611 1433 2666 1479 et
2693 1439 2801 1499 non
2829 1424 3044 1480 accedis
3080 1425 3148 1479 ad
3176 1439 3328 1481 exer-

1790 1517 1931 1571 citus
1965 1516 2219 1570 nostros?
2248 1536 2267 1568 ι
2341 1515 2615 1586 Siquidem
2643 1515 2890 1586 repuliin
2945 1530 3066 1582 nos,
3118 1523 3176 1570 tu
3222 1514 3328 1569 Do-

1789 1607 1956 1668 mine,
1985 1613 2039 1659 et
2069 1606 2259 1660 destru
2275 1606 2399 1662 sisti
2430 1621 2568 1660 nos:
2604 1606 2700 1661 sed
2731 1606 2824 1675 qui
2850 1606 2978 1659 olim
3012 1621 3118 1660 una
3147 1606 3322 1663 nobise

1791 1713 1913 1752 cum
1957 1699 2126 1760 exire,
2197 1705 2410 1752 etcum
2462 1697 2792 1752 exercitibus
2843 1697 3046 1752 nostris
3092 1710 3331 1767 pugnare

1794 1788 2025 1851 solebas,
2057 1802 2204 1841 nunc
2245 1797 2366 1856 post
2396 1797 2666 1857 peractam
2698 1787 2936 1858 gentium
2966 1787 3326 1851 vocationem,

1717 1858 1762 1918 Β
1789 1877 2039 1948 repulisti
2069 1892 2191 1941 nos,
2250 1892 2424 1946 neque
2451 1877 2592 1930 ultra
2642 1877 2917 1946 egrederis
2962 1892 3084 1931 cum
3113 1878 3328 1932 virtuti-

1658 1993 1684 2005 -
1794 1968 1897 2025 bus
1945 1969 2170 2026 nostris.
2226 1965 2345 2021 Non
2397 1969 2502 2024 alia
2552 1969 2732 2038 itaque
2760 1968 2946 2024 subest
2991 1968 3150 2022 nobis
3201 1981 3327 2038 spes

1789 2059 2005 2113 videndi
2042 2061 2305 2129 promissa
2343 2071 2456 2122 tua.
2509 2059 2615 2114 nisi
2672 2072 2728 2114 tu
2768 2060 2884 2130 ipse
2929 2061 3180 2116 volueris.
3247 2057 3327 2116 'l‘e

1787 2142 2249 2220 quippe'volente,
2281 2165 2574 2219 possumus
2597 2165 2696 2204 nos
2725 2152 2997 2221 propheta:
3027 2151 3106 2206 tui
3143 2151 3196 2206 in
3221 2153 3326 2205 clr-

1786 2248 2065 2308 cumsepta
2099 2239 2314 2294 civitate
2346 2248 2437 2292 tua
2487 2241 2854 2306 annumerari,
2893 2255 2955 2295 ac
2996 2241 3189 2297 deduci
3232 2257 3326 2296 us-

1787 2347 1893 2400 que
1918 2330 2249 2384 declaratam
2278 2331 2437 2384 illam
2469 2328 2773 2385 ldumaam.

1860 2419 2022 2476 Vsus.
2052 2422 2140 2483 13,
2171 2419 2260 2474 H.
2307 2438 2325 2470 ι
2351 2419 2426 2474 Da
2475 2422 2632 2476 nobis
2671 2422 2932 2476 auxilium
2981 2422 3047 2478 de
3099 2423 3326 2478 tribula-

1787 2510 1953 2573 tione,
2005 2521 2058 2565 et
2100 2526 2238 2566 vana
2287 2510 2435 2567 salus
2469 2510 2768 2568 hominum.
2822 2511 2881 2566 ln
2913 2510 3018 2567 Deo
3061 2509 3322 2567 faciemus

1788 2602 2062 2665 virtutem,
2089 2611 2144 2656 et
2191 2603 2308 2672 ipse
2355 2601 2423 2656 ad
2470 2602 2696 2657 nihilum
2741 2601 2968 2658 deducet
3003 2603 3324 2660 tribulantes

1788 2709 1908 2748 nos.
1933 2713 1950 2745 ι
2009 2691 2113 2758 Qui
2145 2695 2430 2762 promissis
2454 2693 2657 2762 dignati
2710 2701 2858 2760 sunt,
2913 2695 2998 2748 his
3030 2694 3324 2749 edocentur

1789 2785 1967 2839 sobrie
1991 2784 2256 2853 agendum
2283 2791 2336 2838 et
2363 2783 2690 2854 vigilandum
2707 2799 2847 2849 esse,
2867 2793 3028 2854 atque
3045 2785 3110 2838 ad
3129 2774 3328 2840 atrum-

1789 2891 1888 2929 nas
1942 2884 2159 2945 paratos
2198 2889 2319 2930 esse
2370 2885 2636 2945 oportere,
2672 2891 2734 2930 ac
2767 2876 2946 2931 dicere
2979 2877 3087 2945 regi
3117 2891 3215 2930 suo
3269 2879 3323 2930 in

1787 2966 2139 3030 orationibus,
2188 2984 2208 3016 ι
2227 2965 2301 3019 Da
2333 2967 2490 3021 nobis
2518 2967 2774 3022 auxilium
2800 2967 2866 3022 de
2889 2969 3234 3022 tribulatione
3257 2987 3270 3021 :
3297 2988 3318 3021 ε

1786 3071 1925 3111 vana
1972 3058 2170 3127 quippe
2201 3066 2285 3113 est
2343 3074 2468 3128 spes
2508 3059 2562 3113 in
2613 3059 2828 3114 homine
2878 3059 3074 3129 posita.
3122 3046 3324 3113 Deinde

1788 3149 1903 3204 haec
1917 3152 2141 3219 precati,
2164 3150 2460 3205 alacritatis
2480 3165 2592 3205 suae
2614 3151 2766 3222 signa
2788 3153 3027 3221 praebent
3046 3151 3320 3209 dicentes:

1793 3259 1810 3290 ι
1836 3241 1892 3294 1η
1923 3241 2029 3295 Deo
2063 3240 2321 3296 faciemus
2345 3242 2618 3305 virtutem,
2651 3251 2703 3297 et
2726 3244 2838 3310 ipse
2871 3243 2938 3296 ad
2975 3241 3203 3296 nihilum
3228 3240 3322 3296 de-

1781 3333 1941 3388 ducet
1993 3335 2313 3389 tribulantes
2370 3349 2490 3388 nos.
2520 3351 2539 3384 ι
2615 3330 2761 3387 Talis
2806 3340 2924 3387 erat
2957 3332 3186 3396 Paulus,
3229 3333 3322 3402 qui

1783 3425 2026 3480 dicebat:
2061 3445 2080 3477 ι
2120 3427 2310 3481 Omnia
2339 3440 2558 3496 possum
2614 3423 2670 3478 in
2710 3439 2776 3479 eo
2831 3427 2922 3494 qui
2971 3440 3055 3478 me
3104 3423 3320 3479 confor-

1784 3517 1915 3570 tat"
1942 3535 1958 3581 ;
1988 3536 2006 3568 ι
2063 3532 2125 3571 ac
2170 3533 2425 3582 rursum;
2483 3515 2599 3570 Non
2644 3530 2763 3587 ego,
2811 3516 3004 3584 inquit,
3062 3515 3156 3570 sed
3198 3530 3323 3585 gra-

1785 3609 1858 3661 tia
1901 3623 2020 3678 quae
2063 3615 2144 3662 est
2198 3608 2536 3663 mecum”.i
2603 3603 2685 3661 Ad
2744 3606 2858 3661 haec
2915 3604 3140 3660 dicenda
3191 3618 3320 3666 eru-

1783 3700 2027 3764 diuntur,
2062 3700 2154 3768 qui
2177 3714 2245 3753 ex
2283 3699 2517 3752 ldumzea
2543 3704 2597 3751 et
2629 3712 2693 3752 ex
2721 3695 3036 3764 alienigenis
3067 3695 3320 3764 gentibus

1785 3790 1852 3844 ad
1913 3789 2007 3843 Dei
2069 3790 2299 3859 gratiam
2351 3801 2649 3842 accessere.
2695 3784 2859 3850 Quod
2892 3786 2938 3840 si
2967 3801 3049 3840 ex
3093 3799 3320 3854 persona

1786 3879 2084 3952 prophetici
2115 3879 2269 3933 chori
2309 3878 2577 3938 dicantur.
2610 3891 2741 3930 sane
2782 3876 2936 3930 decet
2963 3876 3108 3946 ipsos
3139 3877 3320 3945 repul-

1788 3987 1902 4025 sam
1944 3971 1998 4025 et
2023 3972 2236 4025 ruinam
2276 3968 2474 4038 prioris
2505 3968 2686 4038 p0puli
2725 3968 3091 4038 deplorantes,
3120 3968 3321 4020 oratio-

1785 4076 1907 4115 nem
1950 4060 2225 4122 edundere
2250 4072 2349 4127 pro
2379 4057 2654 4113 communi
2692 4073 2792 4114 suo
2831 4073 3077 4128 corpore,
3114 4067 3170 4112 et
3205 4057 3319 4110 hac

1785 4151 1948 4206 verba
1970 4150 2080 4206 Deo
2108 4149 2367 4220 proferre.

1925 4304 1973 4357 Ι.
2008 4300 2074 4355 IN
2104 4301 2331 4369 FINEM,
2370 4299 2438 4355 ΙΝ
2472 4298 2748 4368 ΗιιιΝιδ,
2789 4297 3032 4355 DAVIDI.
3076 4299 3184 4354 LX.

1858 4435 2023 4492 Vens.
2074 4435 2143 4501 ι,
2183 4437 2236 4490 s.
2286 4452 2306 4486 ι
2356 4417 2602 4496 Exaudi,
2662 4429 2840 4494 Deus,
2897 4431 3322 4500 deprecationem

139 4543 204 4612 τῇ
235 4541 502 4612 προσευχῇ
537 4554 656 4607 μου.
704 4557 723 4588 ι
771 4538 830 4590 οι
873 4537 969 4606 μὲν
1001 4535 1462 4608 ἐπιγεγραμμένοι
1499 4535 1684 4604 στηλο-

1794 4543 1968 4583 meam
1992 4567 2007 4591 ,
2055 4526 2274 4590 intende
2313 4522 2546 4578 orationi
2589 4537 2740 4579 mete.
2777 4541 2797 4575 ι
2828 4521 2932 4588 Qui
2959 4523 3099 4576 tituli
3129 4522 3322 4576 inscri-

140 4631 375 4700 γραφίας
407 4627 599 4698 ἑφεξῆς
634 4626 793 4679 πέντε
824 4626 982 4697 μέχρι
1016 4626 1108 4679 τοῦ
1137 4627 1211 4680 νθ¹
1253 4627 1400 4689 τέλος
1440 4626 1677 4695 ἔχουσιν·

142 4723 244 4776 sict
267 4722 324 4776 δι
357 4721 554 4781 πάντες
575 4719 624 4770 ol
644 4716 844 4786 ταύτην
873 4716 1083 4785 ἔχοντες
1106 4718 1202 4787 τὴν
1247 4715 1564 4788 προγραφὴν
1588 4715 1676 4780 ἐξ·

141 4811 267 4864 οττε
302 4807 682 4882 προλεχθέντες
713 4805 806 4858 καὶ
825 4807 854 4857 6
880 4810 940 4857 ιε’
972 4806 1030 4858 ἑν
1052 4805 1129 4875 τῷ
1169 4805 1364 4877 πρώτῳ
1403 4805 1556 4874 μέρει
1585 4808 1683 4875 τῆς

144 4903 325 4973 βίϐλου
350 4901 458 4955 τῶν
485 4898 729 4969 Ψαλμῶν
749 4895 1014 4966 κείμενος.
1044 4896 1110 4950 ’0
1135 4915 1197 4966 γε
1230 4897 1332 4968 μὴν
1358 4897 1490 4968 μετά
1502 4899 1684 4968 χεῖρας

143 4991 306 5064 ὕμνος
333 4992 406 5046 ὣν
451 4991 544 5046 καὶ
575 4988 735 5049 αὐτὸς
764 4989 841 5049 είς
881 4985 940 5038 τό
967 4987 1117 5050 τέλος
1149 4988 1235 5042 διά
1277 4987 1375 5050 τάς
1417 4988 1506 5038 έπὶ
1548 4987 1684 5040 τέλει

143 5082 233 5136 τοῦ
278 5083 444 5153 ὖμνου
485 5079 783 5154 φερομένας
821 5079 1150 5147 ὲπιχρήστας
1200 5077 1522 5146 ἐπαγγελίας
1558 5079 1684 5132 ἀνα-

144 5175 367 5242 πέμπει.
422 5174 542 5226 Eiet
591 5173 648 5226 δέ
706 5173 900 5234 πάντες
948 5172 996 5224 οί
1053 5168 1511 5242 ἐπιγεγραμμένοι
1546 5189 1564 5220 ι
1597 5170 1683 5222 Ἐν

144 5263 330 5332 ὕμνοις
361 5282 382 5314 ι
422 5263 613 5316 πέντεο
661 5264 753 5317 δύο
802 5264 897 5334 μὶν
940 5265 997 5316 έν
1039 5263 1117 5332 τῷ
1166 5259 1365 5330 πρώτῳ
1397 5260 1548 5331 μέρει
1586 5264 1684 5331 τῆς

153 5355 350 5426 βίϐλου,
385 5356 415 5406 6
453 5356 704 5426 τέταρτος
744 5355 836 5409 καὶ
877 5356 907 5408 6
950 5359 1020 5418 ς’.
1061 5351 1199 5404 Ἀλλ’
1237 5345 1378 5404 οὗτοι
1405 5351 1506 5420 μὲν
1545 5371 1564 5407 ι
1601 5353 1686 5405 Ἑν

149 5447 333 5517 ὕμνοις
594 5466 612 5499 ι
643 5447 883 5516 λέγονται
906 5463 920 5477 ·
943 5447 994 5498 οι
1013 5444 1068 5498 δὲ
1092 5445 1149 5495 έν
1177 5442 1254 5512 τῷ
1278 5442 1508 5515 δευτέρῳ
1535 5444 1684 5515 μέρει

472 5522 616 5608 τρεῖς
646 5558 664 5590 ι
688 5539 774 5592 Ἐν
805 5537 992 5607 ὕμνοις
1024 5553 1042 5586 ι
1089 5535 1474 5604 ἐπιγράφονται
1506 5535 1682 5605 μόνον,

145 5617 428 5696 θ’νῇίήὶ
457 5629 487 5681 6
507 5629 598 5694 νδν,
624 5631 759 5685 καϊὸ
786 5623 925 5700 μετά
945 5629 1145 5698 κείρας.
1201 5627 1262 5680 Οί
1291 5627 1386 5694 μὲν
1409 5623 1501 5682 οὖν
1534 5634 1551 5679 ι
1597 5625 1683 5680 Ἔν

223 5783 261 5817 ’ί
297 5765 496 5855 ἰηιιιίρ.
533 5800 602 5851 ιν,
637 5786 720 5844 ιε.
799 5789 840 5820 δ’
881 5787 899 5842 ι
936 5783 1060 5841 Cor.
1099 5799 1190 5851 xv,
1225 5783 1313 5841 to.

1789 4622 2003 4689 ptiones
2062 4619 2351 4681 dicuntur,
2413 4621 2806 4684 consequenter
2873 4612 3036 4682 positi
3097 4626 3321 4666 numero

1785 4711 2056 4780 quinque,
2097 4710 2151 4762 in
2199 4723 2293 4761 ιιι.
2343 4705 2616 4761 desinunt.
2663 4701 2802 4758 Sunt
2875 4711 3055 4759 autem
3095 4717 3317 4764 omnes.

1787 4805 1878 4872 qui
1925 4801 2234 4871 hujusmodi
2283 4798 2441 4854 titulo
2488 4797 2881 4858 inscribuntur,
2929 4807 3156 4858 numero
3183 4807 3318 4858 sex;

1788 4909 1977 4962 nempe
2019 4893 2111 4962 qui
2138 4892 2249 4960 jam
2281 4891 2564 4953 memorati
2605 4895 2732 4944 sunt
2755 4927 2768 4950 ,
2799 4895 2853 4941 et
2895 4884 3136 4943 decimus
3162 4884 3323 4954 quin-

1789 4997 1908 5047 tus,
1960 4985 2016 5037 in
2065 4986 2237 5053 prima
2281 4993 2432 5053 parte
2478 4980 2599 5034 libri
2636 4978 2971 5033 Psalmorum
3021 4977 3178 5032 situs.
3223 4975 3323 5029 llic

1786 5091 1912 5132 vero
1941 5089 2099 5144 quem
2143 5077 2266 5144 jam
2304 5083 2600 5129 tractamus
2639 5070 2901 5140 hymnus,
2933 5068 2998 5120 ad
3028 5065 3185 5120 linem
3205 5105 3222 5130 ,
3253 5065 3322 5120 ob

1785 5166 2032 5238 perutilia
2064 5166 2154 5219 illa
2195 5167 2462 5235 promissa
2485 5205 2500 5230 ,
2533 5178 2652 5233 qua
2681 5163 2734 5216 in
2775 5162 2878 5215 line
2924 5158 3189 5220 feruntur,
3235 5171 3323 5210 re-

1786 5258 1968 5311 mittit.
2008 5255 2145 5311 Sunt
2174 5265 2352 5310 autem
2385 5273 2402 5304 ι
2432 5255 2491 5331 in
2521 5255 2734 5325 hymnis
2767 5273 2785 5304 ι
2815 5249 3057 5318 inscripti
3086 5247 3323 5316 quinque

1789 5360 2051 5401 numero:
2095 5360 2324 5414 quorum
2368 5345 2477 5399 duo
2516 5346 2571 5398 in
2617 5357 2786 5414 prima
2827 5347 2975 5409 parte
3012 5336 3130 5390 libri
3159 5342 3318 5400 sunt,

1784 5445 2012 5508 quartus
2030 5453 2242 5508 nempe,
2266 5446 2317 5490 et
2346 5447 2548 5492 sextus.
2581 5435 2684 5490 Sed
2709 5435 2782 5487 illi
2803 5431 3018 5503 quidem
3047 5448 3065 5480 ι
3092 5430 3149 5484 in
3169 5429 3322 5508 hym-

1790 5532 1880 5586 nis-
1906 5531 2097 5600 psalmi
2125 5547 2144 5581 ι
2173 5529 2471 5594 dicuntur;
2518 5527 2611 5596 qui
2653 5541 2777 5580 vero
2807 5527 2860 5578 in
2901 5521 3133 5578 secunda
3173 5528 3322 5592 parte

1770 5609 1915 5678 libri
1956 5631 2124 5688 sunt,
2165 5626 2277 5676 tres
2317 5633 2575 5686 numero,
2607 5636 2626 5670 ι
2657 5617 2715 5675 ln
2745 5616 2962 5689 hymnis
2980 5634 3003 5668 ι.
3029 5612 3200 5669 solum
3238 5609 3324 5667 ln-
