  <div class='ocr_page' id='page_1' title='image "/cluster/home/n/w/nwhite01/storage/ocr_20150623/23/pst.000005712076/295.png"; bbox 0 0 3966 6340; ppageno 0'>
   <div class='ocr_carea' id='block_1_1' title="bbox 687 382 792 442">
    <p class='ocr_par' dir='ltr' id='par_1_1' title="bbox 687 382 792 442">
     <span class='ocr_line' id='line_1_1' title="bbox 687 382 792 442; baseline -0.029 -1"><span class='ocrx_word' id='word_1_1' title='bbox 687 384 718 442; x_wconf 70' lang='grc' dir='ltr'><strong>ξ’</strong></span> <span class='ocrx_word' id='word_1_2' title='bbox 725 382 792 439; x_wconf 82' lang='lat'><strong>75</strong></span> 
     </span>
    </p>
   </div>
   <div class='ocr_carea' id='block_1_2' title="bbox 1347 372 3181 434">
    <p class='ocr_par' dir='ltr' id='par_1_2' title="bbox 1347 372 3181 434">
     <span class='ocr_line' id='line_1_2' title="bbox 1347 372 3181 434; baseline -0.003 -2"><span class='ocrx_word' id='word_1_3' title='bbox 1347 376 1609 434; x_wconf 80' lang='lat' dir='ltr'><strong>EUSEBII</strong></span> <span class='ocrx_word' id='word_1_4' title='bbox 1645 375 2123 432; x_wconf 66' lang='lat' dir='ltr'><strong>CESARlENSlS</strong></span> <span class='ocrx_word' id='word_1_5' title='bbox 2164 374 2312 430; x_wconf 82' lang='lat' dir='ltr'><strong>OPP.</strong></span> <span class='ocrx_word' id='word_1_6' title='bbox 2358 374 2532 428; x_wconf 76' lang='lat' dir='ltr'><strong>PARS</strong></span> <span class='ocrx_word' id='word_1_7' title='bbox 2569 373 2655 429; x_wconf 91' lang='lat' dir='ltr'><strong>Ill.</strong></span> <span class='ocrx_word' id='word_1_8' title='bbox 2700 406 2766 416; x_wconf 89' lang='lat'><strong>-—</strong></span> <span class='ocrx_word' id='word_1_9' title='bbox 2795 372 3181 430; x_wconf 76' lang='lat' dir='ltr'><strong>EXEGETICA</strong></span> 
     </span>
    </p>
   </div>
   <div class='ocr_carea' id='block_1_3' title="bbox 3777 374 3862 429">
    <p class='ocr_par' dir='ltr' id='par_1_3' title="bbox 3777 374 3862 429">
     <span class='ocr_line' id='line_1_3' title="bbox 3777 374 3862 429; baseline -0.024 -1"><span class='ocrx_word' id='word_1_10' title='bbox 3777 374 3862 429; x_wconf 73' lang='grc' dir='ltr'>εἶθ</span> 
     </span>
    </p>
   </div>
   <div class='ocr_carea' id='block_1_4' title="bbox 691 486 2195 579">
    <p class='ocr_par' dir='ltr' id='par_1_4' title="bbox 691 510 2195 579">
     <span class='ocr_line' id='line_1_4' title="bbox 691 510 2195 579; baseline -0.004 -10"><span class='ocrx_word' id='word_1_11' title='bbox 691 514 1047 577; x_wconf 86' lang='lat' dir='ltr'><strong>scribuntur;</strong></span> <span class='ocrx_word' id='word_1_12' title='bbox 1079 525 1269 579; x_wconf 84' lang='lat' dir='ltr'><strong>nempe</strong></span> <span class='ocrx_word' id='word_1_13' title='bbox 1299 525 1392 563; x_wconf 84' lang='lat' dir='ltr'><strong>Llll</strong></span> <span class='ocrx_word' id='word_1_14' title='bbox 1419 549 1433 570; x_wconf 86' lang='lat'><strong>.</strong></span> <span class='ocrx_word' id='word_1_15' title='bbox 1465 526 1574 573; x_wconf 83' lang='lat' dir='ltr'><strong>Liv,</strong></span> <span class='ocrx_word' id='word_1_16' title='bbox 1605 519 1656 562; x_wconf 90' lang='lat' dir='ltr'><strong>et</strong></span> <span class='ocrx_word' id='word_1_17' title='bbox 1697 510 1784 563; x_wconf 89' lang='lat' dir='ltr'><strong>hic</strong></span> <span class='ocrx_word' id='word_1_18' title='bbox 1824 525 1984 579; x_wconf 87' lang='lat' dir='ltr'><strong>quem</strong></span> <span class='ocrx_word' id='word_1_19' title='bbox 2033 519 2195 564; x_wconf 83' lang='lat' dir='ltr'><strong>tracta</strong></span> 
     </span>
    </p>
   </div>
   <div class='ocr_carea' id='block_1_5' title="bbox 2293 486 3861 579">
    <p class='ocr_par' dir='ltr' id='par_1_5' title="bbox 2293 486 3861 579">
     <span class='ocr_line' id='line_1_5' title="bbox 2293 486 3861 579; baseline 0.003 -39"><span class='ocrx_word' id='word_1_20' title='bbox 2293 512 2306 548; x_wconf 65' lang='grc' dir='ltr'><strong>ι</strong></span> <span class='ocrx_word' id='word_1_21' title='bbox 2335 486 2521 557; x_wconf 79' lang='grc' dir='ltr'><strong>ὕμνοις</strong></span> <span class='ocrx_word' id='word_1_22' title='bbox 2546 487 2749 558; x_wconf 73' lang='grc' dir='ltr'>ψαλμοὶ</span> <span class='ocrx_word' id='word_1_23' title='bbox 2789 506 2807 538; x_wconf 79' lang='grc' dir='ltr'><strong>ι</strong></span> <span class='ocrx_word' id='word_1_24' title='bbox 2842 488 3047 542; x_wconf 80' lang='grc' dir='ltr'>ἐοίκασι</span> <span class='ocrx_word' id='word_1_25' title='bbox 3083 490 3178 542; x_wconf 85' lang='grc' dir='ltr'><strong>σὺν</strong></span> <span class='ocrx_word' id='word_1_26' title='bbox 3200 490 3276 558; x_wconf 84' lang='grc' dir='ltr'><strong>τῷ</strong></span> <span class='ocrx_word' id='word_1_27' title='bbox 3305 489 3544 579; x_wconf 66' lang='grc' dir='ltr'>μουσικῷ</span> <span class='ocrx_word' id='word_1_28' title='bbox 3567 491 3773 562; x_wconf 82' lang='grc' dir='ltr'><strong>ὀργάνῳ</strong></span> <span class='ocrx_word' id='word_1_29' title='bbox 3799 493 3861 564; x_wconf 82' lang='grc' dir='ltr'><strong>τῷ</strong></span> 
     </span>
    </p>
   </div>
   <div class='ocr_carea' id='block_1_6' title="bbox 686 599 2229 672">
    <p class='ocr_par' dir='ltr' id='par_1_6' title="bbox 686 599 2229 672">
     <span class='ocr_line' id='line_1_6' title="bbox 686 599 2229 672; baseline -0.001 -15"><span class='ocrx_word' id='word_1_30' title='bbox 686 619 826 659; x_wconf 87' lang='lat' dir='ltr'><strong>mus.</strong></span> <span class='ocrx_word' id='word_1_31' title='bbox 861 603 961 669; x_wconf 88' lang='lat' dir='ltr'><strong>Qui</strong></span> <span class='ocrx_word' id='word_1_32' title='bbox 991 602 1155 672; x_wconf 78' lang='lat' dir='ltr'><strong>igitur</strong></span> <span class='ocrx_word' id='word_1_33' title='bbox 1184 619 1202 652; x_wconf 84' lang='grc' dir='ltr'><strong>ι</strong></span> <span class='ocrx_word' id='word_1_34' title='bbox 1231 600 1291 655; x_wconf 85' lang='lat' dir='ltr'><strong>In</strong></span> <span class='ocrx_word' id='word_1_35' title='bbox 1336 602 1550 671; x_wconf 84' lang='lat' dir='ltr'><strong>hymnis</strong></span> <span class='ocrx_word' id='word_1_36' title='bbox 1573 601 1766 669; x_wconf 84' lang='lat' dir='ltr'><strong>psalmi</strong></span> <span class='ocrx_word' id='word_1_37' title='bbox 1798 620 1817 653; x_wconf 72' lang='grc' dir='ltr'><strong>ι</strong></span> <span class='ocrx_word' id='word_1_38' title='bbox 1842 599 2118 664; x_wconf 82' lang='lat' dir='ltr'><strong>dicuntur,</strong></span> <span class='ocrx_word' id='word_1_39' title='bbox 2149 603 2229 656; x_wconf 85' lang='lat' dir='ltr'><strong>vi-</strong></span> 
     </span>
    </p>
   </div>
   <div class='ocr_carea' id='block_1_7' title="bbox 683 689 2229 758">
    <p class='ocr_par' dir='ltr' id='par_1_7' title="bbox 683 689 2229 758">
     <span class='ocr_line' id='line_1_7' title="bbox 683 689 2229 758; baseline -0.003 -10"><span class='ocrx_word' id='word_1_40' title='bbox 683 693 880 747; x_wconf 88' lang='lat' dir='ltr'><strong>dentur</strong></span> <span class='ocrx_word' id='word_1_41' title='bbox 907 706 1031 746; x_wconf 92' lang='lat' dir='ltr'><strong>cum</strong></span> <span class='ocrx_word' id='word_1_42' title='bbox 1060 691 1272 746; x_wconf 87' lang='lat' dir='ltr'><strong>musico</strong></span> <span class='ocrx_word' id='word_1_43' title='bbox 1312 690 1705 755; x_wconf 65' lang='lat' dir='ltr'><strong>instrunmento,</strong></span> <span class='ocrx_word' id='word_1_44' title='bbox 1734 689 1880 758; x_wconf 89' lang='lat' dir='ltr'><strong>quod</strong></span> <span class='ocrx_word' id='word_1_45' title='bbox 1919 689 2229 758; x_wconf 90' lang='lat' dir='ltr'><strong>psalterium</strong></span> 
     </span>
    </p>
   </div>
   <div class='ocr_carea' id='block_1_8' title="bbox 684 773 2227 853">
    <p class='ocr_par' dir='ltr' id='par_1_8' title="bbox 684 773 2227 853">
     <span class='ocr_line' id='line_1_8' title="bbox 684 773 2227 853; baseline -0.003 -15"><span class='ocrx_word' id='word_1_46' title='bbox 684 785 904 847; x_wconf 83' lang='lat' dir='ltr'><strong>dicunt,</strong></span> <span class='ocrx_word' id='word_1_47' title='bbox 934 781 1273 853; x_wconf 73' lang='lat' dir='ltr'><strong>pronuntiati</strong></span> <span class='ocrx_word' id='word_1_48' title='bbox 1317 779 1527 835; x_wconf 82' lang='lat' dir='ltr'><strong>fuisse:</strong></span> <span class='ocrx_word' id='word_1_49' title='bbox 1569 773 1823 850; x_wconf 81' lang='lat' dir='ltr'><strong>quoniam</strong></span> <span class='ocrx_word' id='word_1_50' title='bbox 1870 781 1963 850; x_wconf 89' lang='lat' dir='ltr'><strong>qui</strong></span> <span class='ocrx_word' id='word_1_51' title='bbox 2012 782 2227 850; x_wconf 89' lang='lat' dir='ltr'><strong>psallit,</strong></span> 
     </span>
    </p>
   </div>
   <div class='ocr_carea' id='block_1_9' title="bbox 681 872 2229 943">
    <p class='ocr_par' dir='ltr' id='par_1_9' title="bbox 681 872 2229 943">
     <span class='ocr_line' id='line_1_9' title="bbox 681 872 2229 943; baseline 0.001 -16"><span class='ocrx_word' id='word_1_52' title='bbox 681 876 924 943; x_wconf 85' lang='lat' dir='ltr'><strong>corporis</strong></span> <span class='ocrx_word' id='word_1_53' title='bbox 948 912 963 935; x_wconf 88' lang='lat'><strong>,</strong></span> <span class='ocrx_word' id='word_1_54' title='bbox 996 873 1139 942; x_wconf 87' lang='lat' dir='ltr'><strong>quod</strong></span> <span class='ocrx_word' id='word_1_55' title='bbox 1174 873 1599 926; x_wconf 91' lang='lat' dir='ltr'><strong>instrumentum</strong></span> <span class='ocrx_word' id='word_1_56' title='bbox 1641 873 1834 926; x_wconf 81' lang='lat' dir='ltr'><strong>animae</strong></span> <span class='ocrx_word' id='word_1_57' title='bbox 1869 878 1986 936; x_wconf 88' lang='lat' dir='ltr'><strong>est,</strong></span> <span class='ocrx_word' id='word_1_58' title='bbox 2017 872 2229 928; x_wconf 84' lang='lat' dir='ltr'><strong>actione</strong></span> 
     </span>
    </p>
   </div>
   <div class='ocr_carea' id='block_1_10' title="bbox 681 962 2224 1035">
    <p class='ocr_par' dir='ltr' id='par_1_10' title="bbox 681 962 2224 1035">
     <span class='ocr_line' id='line_1_10' title="bbox 681 962 2224 1035; baseline 0.002 -19"><span class='ocrx_word' id='word_1_59' title='bbox 681 964 900 1035; x_wconf 91' lang='lat' dir='ltr'><strong>indiget.</strong></span> <span class='ocrx_word' id='word_1_60' title='bbox 948 963 1052 1030; x_wconf 86' lang='lat' dir='ltr'><strong>Qui</strong></span> <span class='ocrx_word' id='word_1_61' title='bbox 1104 972 1283 1017; x_wconf 88' lang='lat' dir='ltr'><strong>autem</strong></span> <span class='ocrx_word' id='word_1_62' title='bbox 1333 963 1518 1033; x_wconf 85' lang='lat' dir='ltr'><strong>hymni</strong></span> <span class='ocrx_word' id='word_1_63' title='bbox 1564 962 1738 1018; x_wconf 86' lang='lat' dir='ltr'><strong>solum</strong></span> <span class='ocrx_word' id='word_1_64' title='bbox 1777 964 2066 1028; x_wconf 86' lang='lat' dir='ltr'><strong>dicuntur,</strong></span> <span class='ocrx_word' id='word_1_65' title='bbox 2111 966 2224 1019; x_wconf 75' lang='lat' dir='ltr'><strong>sola</strong></span> 
     </span>
    </p>
   </div>
   <div class='ocr_carea' id='block_1_11' title="bbox 671 1051 2222 1123">
    <p class='ocr_par' dir='ltr' id='par_1_11' title="bbox 671 1051 2222 1123">
     <span class='ocr_line' id='line_1_11' title="bbox 671 1051 2222 1123; baseline 0.002 -18"><span class='ocrx_word' id='word_1_66' title='bbox 671 1068 808 1120; x_wconf 84' lang='lat' dir='ltr'><strong>voce</strong></span> <span class='ocrx_word' id='word_1_67' title='bbox 853 1053 1114 1123; x_wconf 87' lang='lat' dir='ltr'><strong>hymnum</strong></span> <span class='ocrx_word' id='word_1_68' title='bbox 1155 1051 1462 1118; x_wconf 77' lang='lat' dir='ltr'><strong>olferentis,</strong></span> <span class='ocrx_word' id='word_1_69' title='bbox 1513 1053 1661 1106; x_wconf 91' lang='lat' dir='ltr'><strong>nulla</strong></span> <span class='ocrx_word' id='word_1_70' title='bbox 1703 1053 1943 1106; x_wconf 84' lang='lat' dir='ltr'><strong>adhibita</strong></span> <span class='ocrx_word' id='word_1_71' title='bbox 1984 1057 2222 1123; x_wconf 89' lang='lat' dir='ltr'><strong>psalterii</strong></span> 
     </span>
    </p>
   </div>
   <div class='ocr_carea' id='block_1_12' title="bbox 681 1141 2224 1213">
    <p class='ocr_par' dir='ltr' id='par_1_12' title="bbox 681 1141 2224 1213">
     <span class='ocr_line' id='line_1_12' title="bbox 681 1141 2224 1213; baseline 0.001 -16"><span class='ocrx_word' id='word_1_72' title='bbox 681 1143 1019 1212; x_wconf 87' lang='lat' dir='ltr'><strong>pulsatione,</strong></span> <span class='ocrx_word' id='word_1_73' title='bbox 1050 1143 1178 1197; x_wconf 88' lang='lat' dir='ltr'><strong>dicti</strong></span> <span class='ocrx_word' id='word_1_74' title='bbox 1211 1152 1335 1198; x_wconf 81' lang='lat' dir='ltr'><strong>sunt</strong></span> <span class='ocrx_word' id='word_1_75' title='bbox 1364 1162 1378 1208; x_wconf 91' lang='lat'><strong>;</strong></span> <span class='ocrx_word' id='word_1_76' title='bbox 1407 1144 1501 1213; x_wconf 89' lang='lat' dir='ltr'><strong>qui</strong></span> <span class='ocrx_word' id='word_1_77' title='bbox 1531 1141 1807 1198; x_wconf 85' lang='lat' dir='ltr'><strong>sermones</strong></span> <span class='ocrx_word' id='word_1_78' title='bbox 1838 1143 2031 1198; x_wconf 88' lang='lat' dir='ltr'><strong>ibidem</strong></span> <span class='ocrx_word' id='word_1_79' title='bbox 2064 1146 2224 1213; x_wconf 84' lang='lat' dir='ltr'><strong>positi</strong></span> 
     </span>
    </p>
   </div>
   <div class='ocr_carea' id='block_1_13' title="bbox 678 1233 2224 1303">
    <p class='ocr_par' dir='ltr' id='par_1_13' title="bbox 678 1233 2224 1303">
     <span class='ocr_line' id='line_1_13' title="bbox 678 1233 2224 1303; baseline 0.001 -17"><span class='ocrx_word' id='word_1_80' title='bbox 678 1234 794 1286; x_wconf 86' lang='lat' dir='ltr'><strong>sola</strong></span> <span class='ocrx_word' id='word_1_81' title='bbox 837 1234 1031 1287; x_wconf 87' lang='lat' dir='ltr'><strong>mentis</strong></span> <span class='ocrx_word' id='word_1_82' title='bbox 1071 1235 1438 1303; x_wconf 84' lang='lat' dir='ltr'><strong>speculatione</strong></span> <span class='ocrx_word' id='word_1_83' title='bbox 1481 1249 1619 1303; x_wconf 91' lang='lat' dir='ltr'><strong>opus</strong></span> <span class='ocrx_word' id='word_1_84' title='bbox 1661 1233 1912 1288; x_wconf 83' lang='lat' dir='ltr'><strong>habeant.</strong></span> <span class='ocrx_word' id='word_1_85' title='bbox 1942 1233 2105 1302; x_wconf 86' lang='lat' dir='ltr'><strong>quue</strong></span> <span class='ocrx_word' id='word_1_86' title='bbox 2131 1235 2224 1288; x_wconf 90' lang='lat' dir='ltr'><strong>de-</strong></span> 
     </span>
    </p>
   </div>
   <div class='ocr_carea' id='block_1_14' title="bbox 675 1322 2219 1393">
    <p class='ocr_par' dir='ltr' id='par_1_14' title="bbox 675 1322 2219 1393">
     <span class='ocr_line' id='line_1_14' title="bbox 675 1322 2219 1393; baseline 0.001 -19"><span class='ocrx_word' id='word_1_87' title='bbox 675 1322 846 1375; x_wconf 81' lang='lat' dir='ltr'><strong>clarat</strong></span> <span class='ocrx_word' id='word_1_88' title='bbox 876 1337 1116 1391; x_wconf 65' lang='lat' dir='ltr'><strong>praasens</strong></span> <span class='ocrx_word' id='word_1_89' title='bbox 1148 1323 1379 1393; x_wconf 87' lang='lat' dir='ltr'><strong>hymnus</strong></span> <span class='ocrx_word' id='word_1_90' title='bbox 1409 1323 1504 1392; x_wconf 92' lang='lat' dir='ltr'><strong>qui</strong></span> <span class='ocrx_word' id='word_1_91' title='bbox 1548 1323 1625 1376; x_wconf 85' lang='lat' dir='ltr'><strong>sic</strong></span> <span class='ocrx_word' id='word_1_92' title='bbox 1673 1322 1832 1376; x_wconf 90' lang='lat' dir='ltr'><strong>habet</strong></span> <span class='ocrx_word' id='word_1_93' title='bbox 1861 1343 1872 1377; x_wconf 91' lang='lat'><strong>:</strong></span> <span class='ocrx_word' id='word_1_94' title='bbox 1903 1342 1920 1373; x_wconf 79' lang='grc' dir='ltr'><strong>ι</strong></span> <span class='ocrx_word' id='word_1_95' title='bbox 1950 1322 1994 1374; x_wconf 81' lang='grc' dir='ltr'><strong>Α</strong></span> <span class='ocrx_word' id='word_1_96' title='bbox 2025 1323 2219 1376; x_wconf 89' lang='lat' dir='ltr'><strong>ﬁnibus</strong></span> 
     </span>
    </p>
   </div>
   <div class='ocr_carea' id='block_1_15' title="bbox 674 1410 2216 1482">
    <p class='ocr_par' dir='ltr' id='par_1_15' title="bbox 674 1410 2216 1482">
     <span class='ocr_line' id='line_1_15' title="bbox 674 1410 2216 1482; baseline 0.003 -18"><span class='ocrx_word' id='word_1_97' title='bbox 674 1419 833 1465; x_wconf 69' lang='lat' dir='ltr'><strong>terrae</strong></span> <span class='ocrx_word' id='word_1_98' title='bbox 873 1410 941 1471; x_wconf 77' lang='lat' dir='ltr'><strong>ad</strong></span> <span class='ocrx_word' id='word_1_99' title='bbox 984 1419 1038 1464; x_wconf 92' lang='lat' dir='ltr'><strong>te</strong></span> <span class='ocrx_word' id='word_1_100' title='bbox 1085 1412 1358 1477; x_wconf 82' lang='lat' dir='ltr'><strong>clamavi;</strong></span> <span class='ocrx_word' id='word_1_101' title='bbox 1392 1426 1545 1481; x_wconf 70' lang='lat' dir='ltr'><strong>rquo</strong></span> <span class='ocrx_word' id='word_1_102' title='bbox 1591 1412 1856 1482; x_wconf 89' lang='lat' dir='ltr'><strong>signiﬁcat</strong></span> <span class='ocrx_word' id='word_1_103' title='bbox 1897 1412 2216 1482; x_wconf 76' lang='lat' dir='ltr'><strong>Prophetam</strong></span> 
     </span>
    </p>
   </div>
   <div class='ocr_carea' id='block_1_16' title="bbox 651 1503 2216 1575">
    <p class='ocr_par' dir='ltr' id='par_1_16' title="bbox 651 1503 2216 1575">
     <span class='ocr_line' id='line_1_16' title="bbox 651 1503 2216 1575; baseline 0.004 -23"><span class='ocrx_word' id='word_1_104' title='bbox 651 1503 826 1568; x_wconf 79' lang='lat' dir='ltr'><strong>.quasi</strong></span> <span class='ocrx_word' id='word_1_105' title='bbox 853 1510 1008 1555; x_wconf 80' lang='lat' dir='ltr'><strong>extra</strong></span> <span class='ocrx_word' id='word_1_106' title='bbox 1055 1503 1298 1571; x_wconf 90' lang='lat' dir='ltr'><strong>corporis</strong></span> <span class='ocrx_word' id='word_1_107' title='bbox 1344 1504 1674 1557; x_wconf 83' lang='lat' dir='ltr'><strong>ambitum-a</strong></span> <span class='ocrx_word' id='word_1_108' title='bbox 1721 1503 1831 1558; x_wconf 83' lang='lat' dir='ltr'><strong>Deo</strong></span> <span class='ocrx_word' id='word_1_109' title='bbox 1863 1517 2216 1575; x_wconf 89' lang='lat' dir='ltr'><strong>assumptum</strong></span> 
     </span>
    </p>
   </div>
   <div class='ocr_carea' id='block_1_17' title="bbox 625 1576 2217 1665">
    <p class='ocr_par' dir='ltr' id='par_1_17' title="bbox 625 1576 2217 1665">
     <span class='ocr_line' id='line_1_17' title="bbox 625 1576 2217 1665; baseline 0.007 -21"><span class='ocrx_word' id='word_1_110' title='bbox 625 1576 650 1604; x_wconf 55' lang='grc'><strong>³</strong></span> <span class='ocrx_word' id='word_1_111' title='bbox 670 1591 856 1646; x_wconf 76' lang='lat' dir='ltr'><strong>fuisse.</strong></span> <span class='ocrx_word' id='word_1_112' title='bbox 885 1590 992 1646; x_wconf 84' lang='lat' dir='ltr'><strong>Nec</strong></span> <span class='ocrx_word' id='word_1_113' title='bbox 1022 1593 1209 1662; x_wconf 89' lang='lat' dir='ltr'><strong>ignoro</strong></span> <span class='ocrx_word' id='word_1_114' title='bbox 1238 1595 1475 1663; x_wconf 89' lang='lat' dir='ltr'><strong>reliquos</strong></span> <span class='ocrx_word' id='word_1_115' title='bbox 1501 1596 1819 1665; x_wconf 77' lang='lat' dir='ltr'><strong>interpretes</strong></span> <span class='ocrx_word' id='word_1_116' title='bbox 1849 1597 1954 1650; x_wconf 89' lang='lat' dir='ltr'><strong>alia</strong></span> <span class='ocrx_word' id='word_1_117' title='bbox 1981 1597 2217 1654; x_wconf 87' lang='lat' dir='ltr'><strong>edidisse</strong></span> 
     </span>
    </p>
   </div>
   <div class='ocr_carea' id='block_1_18' title="bbox 668 1677 2210 1744">
    <p class='ocr_par' dir='ltr' id='par_1_18' title="bbox 668 1677 2210 1744">
     <span class='ocr_line' id='line_1_18' title="bbox 668 1677 2210 1744; baseline 0.005 -9"><span class='ocrx_word' id='word_1_118' title='bbox 668 1683 895 1738; x_wconf 79' lang='lat' dir='ltr'><strong>ratione.</strong></span> <span class='ocrx_word' id='word_1_119' title='bbox 954 1682 1053 1736; x_wconf 88' lang='lat' dir='ltr'><strong>Hic</strong></span> <span class='ocrx_word' id='word_1_120' title='bbox 1103 1690 1282 1739; x_wconf 81' lang='lat' dir='ltr'><strong>autem</strong></span> <span class='ocrx_word' id='word_1_121' title='bbox 1335 1685 1584 1741; x_wconf 88' lang='lat' dir='ltr'><strong>obsecrat</strong></span> <span class='ocrx_word' id='word_1_122' title='bbox 1640 1685 1806 1741; x_wconf 82' lang='lat' dir='ltr'><strong>David</strong></span> <span class='ocrx_word' id='word_1_123' title='bbox 1857 1687 1941 1742; x_wconf 90' lang='lat' dir='ltr'><strong>his</strong></span> <span class='ocrx_word' id='word_1_124' title='bbox 1991 1677 2210 1744; x_wconf 84' lang='lat' dir='ltr'><strong>verbis:</strong></span> 
     </span>
    </p>
   </div>
   <div class='ocr_carea' id='block_1_19' title="bbox 655 1771 2211 1844">
    <p class='ocr_par' dir='ltr' id='par_1_19' title="bbox 655 1771 2211 1844">
     <span class='ocr_line' id='line_1_19' title="bbox 655 1771 2211 1844; baseline 0.007 -23"><span class='ocrx_word' id='word_1_125' title='bbox 655 1790 689 1842; x_wconf 32' lang='lat' dir='ltr'><strong>to</strong></span> <span class='ocrx_word' id='word_1_126' title='bbox 718 1771 955 1836; x_wconf 88' lang='lat' dir='ltr'><strong>Exaudi,</strong></span> <span class='ocrx_word' id='word_1_127' title='bbox 984 1772 1127 1829; x_wconf 90' lang='lat' dir='ltr'><strong>Deus</strong></span> <span class='ocrx_word' id='word_1_128' title='bbox 1146 1812 1161 1839; x_wconf 89' lang='lat'><strong>,</strong></span> <span class='ocrx_word' id='word_1_129' title='bbox 1188 1775 1622 1844; x_wconf 89' lang='lat' dir='ltr'><strong>deprecationem</strong></span> <span class='ocrx_word' id='word_1_130' title='bbox 1652 1791 1846 1830; x_wconf 90' lang='lat' dir='ltr'><strong>meam.</strong></span> <span class='ocrx_word' id='word_1_131' title='bbox 1869 1795 1889 1828; x_wconf 75' lang='grc' dir='ltr'><strong>ι</strong></span> <span class='ocrx_word' id='word_1_132' title='bbox 1915 1779 2046 1831; x_wconf 86' lang='lat' dir='ltr'><strong>Cum</strong></span> <span class='ocrx_word' id='word_1_133' title='bbox 2069 1780 2211 1832; x_wconf 90' lang='lat' dir='ltr'><strong>enim</strong></span> 
     </span>
    </p>
   </div>
   <div class='ocr_carea' id='block_1_20' title="bbox 663 1865 2209 1939">
    <p class='ocr_par' dir='ltr' id='par_1_20' title="bbox 663 1865 2209 1939">
     <span class='ocr_line' id='line_1_20' title="bbox 663 1865 2209 1939; baseline 0.007 -25"><span class='ocrx_word' id='word_1_134' title='bbox 663 1865 874 1934; x_wconf 85' lang='lat' dir='ltr'><strong>magnis</strong></span> <span class='ocrx_word' id='word_1_135' title='bbox 913 1866 1221 1935; x_wconf 83' lang='lat' dir='ltr'><strong>divinisque</strong></span> <span class='ocrx_word' id='word_1_136' title='bbox 1260 1866 1421 1921; x_wconf 89' lang='lat' dir='ltr'><strong>rebus</strong></span> <span class='ocrx_word' id='word_1_137' title='bbox 1457 1874 1647 1935; x_wconf 82' lang='lat' dir='ltr'><strong>egeat,</strong></span> <span class='ocrx_word' id='word_1_138' title='bbox 1688 1867 1802 1921; x_wconf 71' lang='lat' dir='ltr'><strong>haec</strong></span> <span class='ocrx_word' id='word_1_139' title='bbox 1845 1871 2104 1939; x_wconf 89' lang='lat' dir='ltr'><strong>consequi</strong></span> <span class='ocrx_word' id='word_1_140' title='bbox 2152 1887 2209 1926; x_wconf 89' lang='lat' dir='ltr'><strong>se</strong></span> 
     </span>
    </p>
   </div>
   <div class='ocr_carea' id='block_1_21' title="bbox 661 1954 2208 2028">
    <p class='ocr_par' dir='ltr' id='par_1_21' title="bbox 661 1954 2208 2028">
     <span class='ocr_line' id='line_1_21' title="bbox 661 1954 2208 2028; baseline 0.006 -23"><span class='ocrx_word' id='word_1_141' title='bbox 661 1955 920 2022; x_wconf 82' lang='lat' dir='ltr'><strong>postulat.</strong></span> <span class='ocrx_word' id='word_1_142' title='bbox 965 1954 1171 2010; x_wconf 90' lang='lat' dir='ltr'><strong>Deinde</strong></span> <span class='ocrx_word' id='word_1_143' title='bbox 1213 1962 1272 2009; x_wconf 89' lang='lat' dir='ltr'><strong>ut</strong></span> <span class='ocrx_word' id='word_1_144' title='bbox 1314 1971 1372 2010; x_wconf 91' lang='lat' dir='ltr'><strong>se</strong></span> <span class='ocrx_word' id='word_1_145' title='bbox 1412 1956 1634 2025; x_wconf 86' lang='lat' dir='ltr'><strong>dignum</strong></span> <span class='ocrx_word' id='word_1_146' title='bbox 1660 1956 1894 2012; x_wconf 87' lang='lat' dir='ltr'><strong>declaret</strong></span> <span class='ocrx_word' id='word_1_147' title='bbox 1921 1961 2013 2028; x_wconf 91' lang='lat' dir='ltr'><strong>qui</strong></span> <span class='ocrx_word' id='word_1_148' title='bbox 2044 1976 2208 2014; x_wconf 87' lang='lat' dir='ltr'><strong>exau-</strong></span> 
     </span>
    </p>
   </div>
   <div class='ocr_carea' id='block_1_22' title="bbox 611 2041 2206 2115">
    <p class='ocr_par' dir='ltr' id='par_1_22' title="bbox 611 2041 2206 2115">
     <span class='ocr_line' id='line_1_22' title="bbox 611 2041 2206 2115; baseline 0.006 -22"><span class='ocrx_word' id='word_1_149' title='bbox 611 2089 613 2093; x_wconf 17' lang='grc' dir='ltr'><em>Α</em></span> <span class='ocrx_word' id='word_1_150' title='bbox 660 2041 861 2106; x_wconf 71' lang='grc' dir='ltr'>ἀίειιυτ,</span> <span class='ocrx_word' id='word_1_151' title='bbox 895 2044 1209 2115; x_wconf 84' lang='lat' dir='ltr'><strong>subjungit:</strong></span> <span class='ocrx_word' id='word_1_152' title='bbox 1241 2063 1259 2096; x_wconf 81' lang='grc' dir='ltr'><strong>ι</strong></span> <span class='ocrx_word' id='word_1_153' title='bbox 1289 2043 1510 2100; x_wconf 83' lang='lat' dir='ltr'><strong>Intende</strong></span> <span class='ocrx_word' id='word_1_154' title='bbox 1534 2047 1767 2100; x_wconf 87' lang='lat' dir='ltr'><strong>orationi</strong></span> <span class='ocrx_word' id='word_1_155' title='bbox 1812 2063 1961 2102; x_wconf 89' lang='lat' dir='ltr'><strong>meae.</strong></span> <span class='ocrx_word' id='word_1_156' title='bbox 1995 2069 2013 2100; x_wconf 77' lang='grc' dir='ltr'><strong>ι</strong></span> <span class='ocrx_word' id='word_1_157' title='bbox 2045 2048 2206 2103; x_wconf 90' lang='lat' dir='ltr'><strong>Suam</strong></span> 
     </span>
    </p>
   </div>
   <div class='ocr_carea' id='block_1_23' title="bbox 659 2132 2206 2206">
    <p class='ocr_par' dir='ltr' id='par_1_23' title="bbox 659 2132 2206 2206">
     <span class='ocr_line' id='line_1_23' title="bbox 659 2132 2206 2206; baseline 0.008 -27"><span class='ocrx_word' id='word_1_158' title='bbox 659 2132 804 2184; x_wconf 71' lang='lat' dir='ltr'><strong>enim</strong></span> <span class='ocrx_word' id='word_1_159' title='bbox 836 2133 1131 2187; x_wconf 87' lang='lat' dir='ltr'><strong>orationem</strong></span> <span class='ocrx_word' id='word_1_160' title='bbox 1159 2148 1350 2203; x_wconf 87' lang='lat' dir='ltr'><strong>magna</strong></span> <span class='ocrx_word' id='word_1_161' title='bbox 1379 2142 1433 2188; x_wconf 90' lang='lat' dir='ltr'><strong>et</strong></span> <span class='ocrx_word' id='word_1_162' title='bbox 1459 2134 1721 2203; x_wconf 86' lang='lat' dir='ltr'><strong>profunda</strong></span> <span class='ocrx_word' id='word_1_163' title='bbox 1748 2138 1982 2206; x_wconf 89' lang='lat' dir='ltr'><strong>quadam</strong></span> <span class='ocrx_word' id='word_1_164' title='bbox 2011 2138 2206 2192; x_wconf 91' lang='lat' dir='ltr'><strong>intelli-</strong></span> 
     </span>
    </p>
   </div>
   <div class='ocr_carea' id='block_1_24' title="bbox 660 2223 2205 2300">
    <p class='ocr_par' dir='ltr' id='par_1_24' title="bbox 660 2223 2205 2300">
     <span class='ocr_line' id='line_1_24' title="bbox 660 2223 2205 2300; baseline 0.005 -24"><span class='ocrx_word' id='word_1_165' title='bbox 660 2223 839 2289; x_wconf 82' lang='lat' dir='ltr'><strong>gentia</strong></span> <span class='ocrx_word' id='word_1_166' title='bbox 883 2225 1142 2293; x_wconf 85' lang='lat' dir='ltr'><strong>repletam</strong></span> <span class='ocrx_word' id='word_1_167' title='bbox 1178 2240 1297 2280; x_wconf 88' lang='lat' dir='ltr'><strong>esse</strong></span> <span class='ocrx_word' id='word_1_168' title='bbox 1335 2226 1608 2293; x_wconf 82' lang='lat' dir='ltr'><strong>conlisus,</strong></span> <span class='ocrx_word' id='word_1_169' title='bbox 1656 2230 1881 2300; x_wconf 76' lang='lat' dir='ltr'><strong>rogabat</strong></span> <span class='ocrx_word' id='word_1_170' title='bbox 1929 2228 2098 2284; x_wconf 88' lang='lat' dir='ltr'><strong>Deum</strong></span> <span class='ocrx_word' id='word_1_171' title='bbox 2146 2241 2205 2283; x_wconf 90' lang='lat' dir='ltr'><strong>ut</strong></span> 
     </span>
    </p>
   </div>
   <div class='ocr_carea' id='block_1_25' title="bbox 659 2314 2204 2385">
    <p class='ocr_par' dir='ltr' id='par_1_25' title="bbox 659 2314 2204 2385">
     <span class='ocr_line' id='line_1_25' title="bbox 659 2314 2204 2385; baseline 0.007 -22"><span class='ocrx_word' id='word_1_172' title='bbox 659 2314 954 2382; x_wconf 87' lang='lat' dir='ltr'><strong>respiceret</strong></span> <span class='ocrx_word' id='word_1_173' title='bbox 993 2321 1048 2368; x_wconf 89' lang='lat' dir='ltr'><strong>et</strong></span> <span class='ocrx_word' id='word_1_174' title='bbox 1079 2314 1243 2369; x_wconf 86' lang='lat' dir='ltr'><strong>verba</strong></span> <span class='ocrx_word' id='word_1_175' title='bbox 1275 2331 1371 2369; x_wconf 89' lang='lat' dir='ltr'><strong>sua</strong></span> <span class='ocrx_word' id='word_1_176' title='bbox 1401 2318 1794 2385; x_wconf 86' lang='lat' dir='ltr'><strong>specularetur,</strong></span> <span class='ocrx_word' id='word_1_177' title='bbox 1822 2318 1965 2372; x_wconf 79' lang='lat' dir='ltr'><strong>dicta</strong></span> <span class='ocrx_word' id='word_1_178' title='bbox 1994 2322 2204 2374; x_wconf 86' lang='lat' dir='ltr'><strong>exami-</strong></span> 
     </span>
    </p>
   </div>
   <div class='ocr_carea' id='block_1_26' title="bbox 655 2405 2204 2476">
    <p class='ocr_par' dir='ltr' id='par_1_26' title="bbox 655 2405 2204 2476">
     <span class='ocr_line' id='line_1_26' title="bbox 655 2405 2204 2476; baseline 0.008 -23"><span class='ocrx_word' id='word_1_179' title='bbox 655 2409 838 2464; x_wconf 90' lang='lat' dir='ltr'><strong>naret,</strong></span> <span class='ocrx_word' id='word_1_180' title='bbox 868 2411 1050 2473; x_wconf 89' lang='lat' dir='ltr'><strong>utpote</strong></span> <span class='ocrx_word' id='word_1_181' title='bbox 1076 2405 1191 2458; x_wconf 87' lang='lat' dir='ltr'><strong>suis</strong></span> <span class='ocrx_word' id='word_1_182' title='bbox 1217 2406 1441 2459; x_wconf 88' lang='lat' dir='ltr'><strong>auribus</strong></span> <span class='ocrx_word' id='word_1_183' title='bbox 1485 2406 1667 2476; x_wconf 90' lang='lat' dir='ltr'><strong>digna.</strong></span> <span class='ocrx_word' id='word_1_184' title='bbox 1715 2406 1915 2463; x_wconf 88' lang='lat' dir='ltr'><strong>Deinde</strong></span> <span class='ocrx_word' id='word_1_185' title='bbox 1958 2425 2067 2463; x_wconf 89' lang='lat' dir='ltr'><strong>rem</strong></span> <span class='ocrx_word' id='word_1_186' title='bbox 2111 2412 2204 2466; x_wconf 86' lang='lat' dir='ltr'><strong>de-</strong></span> 
     </span>
    </p>
   </div>
   <div class='ocr_carea' id='block_1_27' title="bbox 654 2493 2203 2570">
    <p class='ocr_par' dir='ltr' id='par_1_27' title="bbox 654 2493 2203 2570">
     <span class='ocr_line' id='line_1_27' title="bbox 654 2493 2203 2570; baseline 0.008 -24"><span class='ocrx_word' id='word_1_187' title='bbox 654 2493 826 2546; x_wconf 88' lang='lat' dir='ltr'><strong>clarat</strong></span> <span class='ocrx_word' id='word_1_188' title='bbox 851 2494 1007 2562; x_wconf 86' lang='lat' dir='ltr'><strong>cujus</strong></span> <span class='ocrx_word' id='word_1_189' title='bbox 1046 2509 1212 2551; x_wconf 91' lang='lat' dir='ltr'><strong>causa</strong></span> <span class='ocrx_word' id='word_1_190' title='bbox 1240 2495 1406 2551; x_wconf 91' lang='lat' dir='ltr'><strong>Deum</strong></span> <span class='ocrx_word' id='word_1_191' title='bbox 1449 2500 1712 2556; x_wconf 88' lang='lat' dir='ltr'><strong>orationis</strong></span> <span class='ocrx_word' id='word_1_192' title='bbox 1748 2518 1862 2557; x_wconf 69' lang='lat' dir='ltr'><strong>suae</strong></span> <span class='ocrx_word' id='word_1_193' title='bbox 1903 2507 2203 2570; x_wconf 78' lang='lat' dir='ltr'><strong>speculato-</strong></span> 
     </span>
    </p>
   </div>
   <div class='ocr_carea' id='block_1_28' title="bbox 655 2575 2200 2658">
    <p class='ocr_par' dir='ltr' id='par_1_28' title="bbox 655 2575 2200 2658">
     <span class='ocr_line' id='line_1_28' title="bbox 655 2575 2200 2658; baseline 0.01 -23"><span class='ocrx_word' id='word_1_194' title='bbox 655 2575 770 2636; x_wconf 80' lang='lat' dir='ltr'><strong>rem</strong></span> <span class='ocrx_word' id='word_1_195' title='bbox 797 2584 1115 2650; x_wconf 86' lang='lat' dir='ltr'><strong>advocaret,</strong></span> <span class='ocrx_word' id='word_1_196' title='bbox 1145 2602 1268 2642; x_wconf 89' lang='lat' dir='ltr'><strong>cum</strong></span> <span class='ocrx_word' id='word_1_197' title='bbox 1299 2589 1520 2658; x_wconf 91' lang='lat' dir='ltr'><strong>adjicit:</strong></span> <span class='ocrx_word' id='word_1_198' title='bbox 1555 2610 1573 2642; x_wconf 79' lang='grc' dir='ltr'><strong>ι</strong></span> <span class='ocrx_word' id='word_1_199' title='bbox 1607 2594 1649 2645; x_wconf 85' lang='grc' dir='ltr'>Α</span> <span class='ocrx_word' id='word_1_200' title='bbox 1694 2593 1891 2650; x_wconf 90' lang='lat' dir='ltr'><strong>ﬁnibus</strong></span> <span class='ocrx_word' id='word_1_201' title='bbox 1937 2605 2092 2651; x_wconf 66' lang='lat' dir='ltr'><strong>terra:</strong></span> <span class='ocrx_word' id='word_1_202' title='bbox 2135 2599 2200 2651; x_wconf 90' lang='lat' dir='ltr'><strong>ad</strong></span> 
     </span>
    </p>
   </div>
   <div class='ocr_carea' id='block_1_29' title="bbox 653 2675 2200 2753">
    <p class='ocr_par' dir='ltr' id='par_1_29' title="bbox 653 2675 2200 2753">
     <span class='ocr_line' id='line_1_29' title="bbox 653 2675 2200 2753; baseline 0.011 -28"><span class='ocrx_word' id='word_1_203' title='bbox 653 2679 707 2726; x_wconf 90' lang='lat' dir='ltr'><strong>te</strong></span> <span class='ocrx_word' id='word_1_204' title='bbox 732 2675 979 2730; x_wconf 86' lang='lat' dir='ltr'><strong>clamavi.</strong></span> <span class='ocrx_word' id='word_1_205' title='bbox 1009 2675 1110 2730; x_wconf 71' lang='lat' dir='ltr'><strong>iEt</strong></span> <span class='ocrx_word' id='word_1_206' title='bbox 1135 2680 1261 2747; x_wconf 90' lang='lat' dir='ltr'><strong>quia</strong></span> <span class='ocrx_word' id='word_1_207' title='bbox 1288 2682 1478 2751; x_wconf 89' lang='lat' dir='ltr'><strong>reliqui</strong></span> <span class='ocrx_word' id='word_1_208' title='bbox 1506 2685 1826 2753; x_wconf 86' lang='lat' dir='ltr'><strong>interpretes</strong></span> <span class='ocrx_word' id='word_1_209' title='bbox 1853 2687 2012 2742; x_wconf 85' lang='lat' dir='ltr'><strong>simili</strong></span> <span class='ocrx_word' id='word_1_210' title='bbox 2041 2689 2200 2742; x_wconf 91' lang='lat' dir='ltr'><strong>modo</strong></span> 
     </span>
    </p>
   </div>
   <div class='ocr_carea' id='block_1_30' title="bbox 652 2765 2198 2840">
    <p class='ocr_par' dir='ltr' id='par_1_30' title="bbox 652 2765 2198 2840">
     <span class='ocr_line' id='line_1_30' title="bbox 652 2765 2198 2840; baseline 0.012 -22"><span class='ocrx_word' id='word_1_211' title='bbox 652 2765 988 2834; x_wconf 83' lang='lat' dir='ltr'><strong>interpretati</strong></span> <span class='ocrx_word' id='word_1_212' title='bbox 1037 2777 1198 2834; x_wconf 92' lang='lat' dir='ltr'><strong>sunt,</strong></span> <span class='ocrx_word' id='word_1_213' title='bbox 1249 2772 1441 2840; x_wconf 81' lang='lat' dir='ltr'><strong>Aquila</strong></span> <span class='ocrx_word' id='word_1_214' title='bbox 1493 2775 1733 2840; x_wconf 90' lang='lat' dir='ltr'><strong>scilicet,</strong></span> <span class='ocrx_word' id='word_1_215' title='bbox 1783 2797 1801 2827; x_wconf 83' lang='lat'><strong>(</strong></span> <span class='ocrx_word' id='word_1_216' title='bbox 1832 2778 1914 2833; x_wconf 85' lang='lat' dir='ltr'><strong>Ab</strong></span> <span class='ocrx_word' id='word_1_217' title='bbox 1957 2788 2198 2836; x_wconf 89' lang='lat' dir='ltr'><strong>extremo</strong></span> 
     </span>
    </p>
   </div>
   <div class='ocr_carea' id='block_1_31' title="bbox 650 2856 2198 2936">
    <p class='ocr_par' dir='ltr' id='par_1_31' title="bbox 650 2856 2198 2936">
     <span class='ocr_line' id='line_1_31' title="bbox 650 2856 2198 2936; baseline 0.012 -29"><span class='ocrx_word' id='word_1_218' title='bbox 650 2862 810 2909; x_wconf 81' lang='lat' dir='ltr'><strong>teme</strong></span> <span class='ocrx_word' id='word_1_219' title='bbox 837 2856 905 2909; x_wconf 89' lang='lat' dir='ltr'><strong>ad</strong></span> <span class='ocrx_word' id='word_1_220' title='bbox 934 2865 986 2911; x_wconf 92' lang='lat' dir='ltr'><strong>te</strong></span> <span class='ocrx_word' id='word_1_221' title='bbox 1009 2858 1292 2928; x_wconf 86' lang='lat' dir='ltr'><strong>clamabo;</strong></span> <span class='ocrx_word' id='word_1_222' title='bbox 1321 2882 1339 2914; x_wconf 73' lang='grc' dir='ltr'><strong>ι</strong></span> <span class='ocrx_word' id='word_1_223' title='bbox 1373 2862 1729 2936; x_wconf 88' lang='lat' dir='ltr'><strong>Symmachus</strong></span> <span class='ocrx_word' id='word_1_224' title='bbox 1757 2884 1888 2922; x_wconf 91' lang='lat' dir='ltr'><strong>vero</strong></span> <span class='ocrx_word' id='word_1_225' title='bbox 1911 2908 1925 2932; x_wconf 97' lang='lat'><strong>,</strong></span> <span class='ocrx_word' id='word_1_226' title='bbox 1955 2887 1973 2919; x_wconf 82' lang='grc' dir='ltr'><strong>ι</strong></span> <span class='ocrx_word' id='word_1_227' title='bbox 2000 2870 2045 2922; x_wconf 83' lang='grc' dir='ltr'>Α</span> <span class='ocrx_word' id='word_1_228' title='bbox 2079 2871 2198 2924; x_wconf 84' lang='lat' dir='ltr'><strong>ﬁni-</strong></span> 
     </span>
    </p>
   </div>
   <div class='ocr_carea' id='block_1_32' title="bbox 647 2943 2195 3027">
    <p class='ocr_par' dir='ltr' id='par_1_32' title="bbox 647 2943 2195 3027">
     <span class='ocr_line' id='line_1_32' title="bbox 647 2943 2195 3027; baseline 0.013 -31"><span class='ocrx_word' id='word_1_229' title='bbox 647 2943 748 2997; x_wconf 91' lang='lat' dir='ltr'><strong>bus</strong></span> <span class='ocrx_word' id='word_1_230' title='bbox 777 2953 935 3001; x_wconf 67' lang='lat' dir='ltr'><strong>terra</strong></span> <span class='ocrx_word' id='word_1_231' title='bbox 961 2953 1012 3002; x_wconf 91' lang='lat' dir='ltr'><strong>te</strong></span> <span class='ocrx_word' id='word_1_232' title='bbox 1041 2948 1302 3006; x_wconf 90' lang='lat' dir='ltr'><strong>invocabo</strong></span> <span class='ocrx_word' id='word_1_233' title='bbox 1329 2970 1344 3014; x_wconf 87' lang='lat'><strong>;</strong></span> <span class='ocrx_word' id='word_1_234' title='bbox 1377 2973 1396 3006; x_wconf 73' lang='grc' dir='ltr'><strong>ι</strong></span> <span class='ocrx_word' id='word_1_235' title='bbox 1423 2956 1608 3024; x_wconf 90' lang='lat' dir='ltr'><strong>quinta</strong></span> <span class='ocrx_word' id='word_1_236' title='bbox 1647 2967 1822 3011; x_wconf 88' lang='lat' dir='ltr'><strong>autem</strong></span> <span class='ocrx_word' id='word_1_237' title='bbox 1866 2959 2033 3014; x_wconf 87' lang='lat' dir='ltr'><strong>editio</strong></span> <span class='ocrx_word' id='word_1_238' title='bbox 2055 3002 2070 3027; x_wconf 91' lang='lat'><strong>,</strong></span> <span class='ocrx_word' id='word_1_239' title='bbox 2104 2982 2121 3013; x_wconf 78' lang='grc' dir='ltr'><strong>ι</strong></span> <span class='ocrx_word' id='word_1_240' title='bbox 2151 2963 2195 3016; x_wconf 84' lang='grc' dir='ltr'><strong>Α</strong></span> 
     </span>
    </p>
   </div>
   <div class='ocr_carea' id='block_1_33' title="bbox 637 3031 2195 3115">
    <p class='ocr_par' dir='ltr' id='par_1_33' title="bbox 637 3031 2195 3115">
     <span class='ocr_line' id='line_1_33' title="bbox 637 3031 2195 3115; baseline 0.013 -30"><span class='ocrx_word' id='word_1_241' title='bbox 637 3031 846 3089; x_wconf 79' lang='lat' dir='ltr'><strong>ﬁnibus</strong></span> <span class='ocrx_word' id='word_1_242' title='bbox 887 3041 1052 3110; x_wconf 77' lang='lat' dir='ltr'><strong>terrae</strong></span> <span class='ocrx_word' id='word_1_243' title='bbox 1085 3038 1150 3092; x_wconf 90' lang='lat' dir='ltr'><strong>ad</strong></span> <span class='ocrx_word' id='word_1_244' title='bbox 1202 3048 1253 3094; x_wconf 88' lang='lat' dir='ltr'><strong>te</strong></span> <span class='ocrx_word' id='word_1_245' title='bbox 1275 3042 1556 3111; x_wconf 84' lang='lat' dir='ltr'><strong>clamabo;</strong></span> <span class='ocrx_word' id='word_1_246' title='bbox 1593 3066 1610 3095; x_wconf 75' lang='grc' dir='ltr'><strong>ι</strong></span> <span class='ocrx_word' id='word_1_247' title='bbox 1637 3047 1759 3115; x_wconf 86' lang='lat' dir='ltr'><strong>quis</strong></span> <span class='ocrx_word' id='word_1_248' title='bbox 1785 3064 1894 3102; x_wconf 93' lang='lat' dir='ltr'><strong>non</strong></span> <span class='ocrx_word' id='word_1_249' title='bbox 1922 3050 2048 3104; x_wconf 85' lang='lat' dir='ltr'><strong>dicti</strong></span> <span class='ocrx_word' id='word_1_250' title='bbox 2079 3068 2195 3106; x_wconf 81' lang='lat' dir='ltr'><strong>sen-</strong></span> 
     </span>
    </p>
   </div>
   <div class='ocr_carea' id='block_1_34' title="bbox 647 3115 2186 3211">
    <p class='ocr_par' dir='ltr' id='par_1_34' title="bbox 647 3115 2186 3211">
     <span class='ocr_line' id='line_1_34' title="bbox 647 3115 2186 3211; baseline 0.015 -37"><span class='ocrx_word' id='word_1_251' title='bbox 647 3115 870 3178; x_wconf 79' lang='lat' dir='ltr'><strong>tentiam</strong></span> <span class='ocrx_word' id='word_1_252' title='bbox 896 3128 1090 3181; x_wconf 88' lang='lat' dir='ltr'><strong>merito</strong></span> <span class='ocrx_word' id='word_1_253' title='bbox 1117 3133 1395 3199; x_wconf 84' lang='lat' dir='ltr'><strong>requirat?</strong></span> <span class='ocrx_word' id='word_1_254' title='bbox 1420 3133 1522 3200; x_wconf 92' lang='lat' dir='ltr'><strong>Qui</strong></span> <span class='ocrx_word' id='word_1_255' title='bbox 1551 3138 1694 3190; x_wconf 89' lang='lat' dir='ltr'><strong>enim</strong></span> <span class='ocrx_word' id='word_1_256' title='bbox 1723 3141 1897 3208; x_wconf 91' lang='lat' dir='ltr'><strong>possit</strong></span> <span class='ocrx_word' id='word_1_257' title='bbox 1920 3142 2186 3211; x_wconf 83' lang='lat' dir='ltr'><strong>quispiam</strong></span> 
     </span>
    </p>
   </div>
   <div class='ocr_carea' id='block_1_35' title="bbox 645 3216 2188 3301">
    <p class='ocr_par' dir='ltr' id='par_1_35' title="bbox 645 3216 2188 3301">
     <span class='ocr_line' id='line_1_35' title="bbox 645 3216 2188 3301; baseline 0.015 -37"><span class='ocrx_word' id='word_1_258' title='bbox 645 3223 819 3268; x_wconf 89' lang='lat' dir='ltr'><strong>totum</strong></span> <span class='ocrx_word' id='word_1_259' title='bbox 873 3216 1060 3272; x_wconf 89' lang='lat' dir='ltr'><strong>orbem</strong></span> <span class='ocrx_word' id='word_1_260' title='bbox 1113 3231 1558 3292; x_wconf 74' lang='lat' dir='ltr'><strong>praetergressus,</strong></span> <span class='ocrx_word' id='word_1_261' title='bbox 1616 3243 1737 3281; x_wconf 86' lang='lat' dir='ltr'><strong>cum</strong></span> <span class='ocrx_word' id='word_1_262' title='bbox 1801 3246 1965 3299; x_wconf 85' lang='lat' dir='ltr'><strong>super</strong></span> <span class='ocrx_word' id='word_1_263' title='bbox 2015 3234 2188 3301; x_wconf 88' lang='lat' dir='ltr'><strong>ipsum</strong></span> 
     </span>
    </p>
   </div>
   <div class='ocr_carea' id='block_1_36' title="bbox 645 3302 2195 3381">
    <p class='ocr_par' dir='ltr' id='par_1_36' title="bbox 645 3302 2195 3381">
     <span class='ocr_line' id='line_1_36' title="bbox 645 3302 2195 3381; baseline 0.015 -25"><span class='ocrx_word' id='word_1_264' title='bbox 645 3302 922 3380; x_wconf 0' lang='lat' dir='ltr'><strong>Oceanum;</strong></span> <span class='ocrx_word' id='word_1_265' title='bbox 965 3306 1270 3375; x_wconf 87' lang='lat' dir='ltr'><strong>devenerit,</strong></span> <span class='ocrx_word' id='word_1_266' title='bbox 1323 3314 1434 3368; x_wconf 70' lang='lat' dir='ltr'><strong>hanc</strong></span> <span class='ocrx_word' id='word_1_267' title='bbox 1489 3317 1811 3374; x_wconf 80' lang='lat' dir='ltr'><strong>vociferari:</strong></span> <span class='ocrx_word' id='word_1_268' title='bbox 1858 3340 1876 3371; x_wconf 87' lang='grc' dir='ltr'><strong>ι</strong></span> <span class='ocrx_word' id='word_1_269' title='bbox 1911 3321 1954 3375; x_wconf 85' lang='grc' dir='ltr'><strong>Α</strong></span> <span class='ocrx_word' id='word_1_270' title='bbox 1999 3323 2195 3381; x_wconf 92' lang='lat' dir='ltr'><strong>ﬁnibus</strong></span> 
     </span>
    </p>
   </div>
   <div class='ocr_carea' id='block_1_37' title="bbox 644 3397 2193 3478">
    <p class='ocr_par' dir='ltr' id='par_1_37' title="bbox 644 3397 2193 3478">
     <span class='ocr_line' id='line_1_37' title="bbox 644 3397 2193 3478; baseline 0.015 -32"><span class='ocrx_word' id='word_1_271' title='bbox 644 3402 802 3449; x_wconf 63' lang='lat' dir='ltr'><strong>terra:</strong></span> <span class='ocrx_word' id='word_1_272' title='bbox 825 3397 892 3448; x_wconf 89' lang='lat' dir='ltr'><strong>ad</strong></span> <span class='ocrx_word' id='word_1_273' title='bbox 920 3407 971 3452; x_wconf 86' lang='lat' dir='ltr'><strong>te</strong></span> <span class='ocrx_word' id='word_1_274' title='bbox 996 3401 1223 3455; x_wconf 89' lang='lat' dir='ltr'><strong>clamavi</strong></span> <span class='ocrx_word' id='word_1_275' title='bbox 1247 3404 1269 3455; x_wconf 87' lang='lat'><strong>?</strong></span> <span class='ocrx_word' id='word_1_276' title='bbox 1303 3424 1320 3454; x_wconf 71' lang='grc' dir='ltr'><strong>ι</strong></span> <span class='ocrx_word' id='word_1_277' title='bbox 1353 3405 1419 3457; x_wconf 87' lang='lat' dir='ltr'><strong>At</strong></span> <span class='ocrx_word' id='word_1_278' title='bbox 1448 3409 1756 3465; x_wconf 70' lang='lat' dir='ltr'><strong>consideres</strong></span> <span class='ocrx_word' id='word_1_279' title='bbox 1789 3414 1944 3467; x_wconf 86' lang='lat' dir='ltr'><strong>velim</strong></span> <span class='ocrx_word' id='word_1_280' title='bbox 1968 3455 1984 3478; x_wconf 94' lang='lat'><strong>,</strong></span> <span class='ocrx_word' id='word_1_281' title='bbox 2016 3431 2193 3470; x_wconf 90' lang='lat' dir='ltr'><strong>annon</strong></span> 
     </span>
    </p>
   </div>
   <div class='ocr_carea' id='block_1_38' title="bbox 646 3486 2188 3569">
    <p class='ocr_par' dir='ltr' id='par_1_38' title="bbox 646 3486 2188 3569">
     <span class='ocr_line' id='line_1_38' title="bbox 646 3486 2188 3569; baseline 0.017 -33"><span class='ocrx_word' id='word_1_282' title='bbox 646 3487 825 3541; x_wconf 89' lang='lat' dir='ltr'><strong>omnis</strong></span> <span class='ocrx_word' id='word_1_283' title='bbox 855 3486 949 3542; x_wconf 89' lang='lat' dir='ltr'><strong>Dei</strong></span> <span class='ocrx_word' id='word_1_284' title='bbox 980 3491 1188 3566; x_wconf 82' lang='lat' dir='ltr'><strong>amicus</strong></span> <span class='ocrx_word' id='word_1_285' title='bbox 1217 3493 1349 3550; x_wconf 86' lang='lat' dir='ltr'><strong>lines</strong></span> <span class='ocrx_word' id='word_1_286' title='bbox 1378 3503 1535 3554; x_wconf 74' lang='lat' dir='ltr'><strong>terra:</strong></span> <span class='ocrx_word' id='word_1_287' title='bbox 1563 3512 1922 3569; x_wconf 83' lang='lat' dir='ltr'><strong>congruenter</strong></span> <span class='ocrx_word' id='word_1_288' title='bbox 1947 3518 2188 3563; x_wconf 88' lang='lat' dir='ltr'><strong>vocetur.</strong></span> 
     </span>
    </p>
   </div>
   <div class='ocr_carea' id='block_1_39' title="bbox 640 3572 2188 3673">
    <p class='ocr_par' dir='ltr' id='par_1_39' title="bbox 640 3572 2188 3673">
     <span class='ocr_line' id='line_1_39' title="bbox 640 3572 2188 3673; baseline 0.019 -47"><span class='ocrx_word' id='word_1_289' title='bbox 640 3572 774 3629; x_wconf 82' lang='lat' dir='ltr'><strong>Nam</strong></span> <span class='ocrx_word' id='word_1_290' title='bbox 805 3578 1081 3648; x_wconf 89' lang='lat' dir='ltr'><strong>improbus</strong></span> <span class='ocrx_word' id='word_1_291' title='bbox 1121 3584 1285 3638; x_wconf 82' lang='lat' dir='ltr'><strong>homo</strong></span> <span class='ocrx_word' id='word_1_292' title='bbox 1325 3588 1428 3673; x_wconf 68' lang='lat' dir='ltr'><strong>qui</strong></span> <span class='ocrx_word' id='word_1_293' title='bbox 1471 3589 1644 3646; x_wconf 81' lang='lat' dir='ltr'><strong>forum</strong></span> <span class='ocrx_word' id='word_1_294' title='bbox 1675 3605 1727 3649; x_wconf 89' lang='lat' dir='ltr'><strong>et</strong></span> <span class='ocrx_word' id='word_1_295' title='bbox 1757 3600 1941 3654; x_wconf 87' lang='lat' dir='ltr'><strong>turbas</strong></span> <span class='ocrx_word' id='word_1_296' title='bbox 1962 3603 2188 3662; x_wconf 16' lang='lat' dir='ltr'><strong>,Icurias</strong></span> 
     </span>
    </p>
   </div>
   <div class='ocr_carea' id='block_1_40' title="bbox 641 3666 2186 3760">
    <p class='ocr_par' dir='ltr' id='par_1_40' title="bbox 641 3666 2186 3760">
     <span class='ocr_line' id='line_1_40' title="bbox 641 3666 2186 3760; baseline 0.02 -44"><span class='ocrx_word' id='word_1_297' title='bbox 641 3675 692 3717; x_wconf 91' lang='lat' dir='ltr'><strong>et</strong></span> <span class='ocrx_word' id='word_1_298' title='bbox 738 3666 1030 3724; x_wconf 87' lang='lat' dir='ltr'><strong>tribunalia</strong></span> <span class='ocrx_word' id='word_1_299' title='bbox 1079 3666 1506 3744; x_wconf 68' lang='lat' dir='ltr'><strong>circumcursat,</strong></span> <span class='ocrx_word' id='word_1_300' title='bbox 1543 3690 1797 3755; x_wconf 91' lang='lat' dir='ltr'><strong>totusque</strong></span> <span class='ocrx_word' id='word_1_301' title='bbox 1828 3690 1883 3742; x_wconf 93' lang='lat' dir='ltr'><strong>in</strong></span> <span class='ocrx_word' id='word_1_302' title='bbox 1911 3693 2186 3760; x_wconf 88' lang='lat' dir='ltr'><strong>corporeis</strong></span> 
     </span>
    </p>
   </div>
   <div class='ocr_carea' id='block_1_41' title="bbox 638 3757 2188 3847">
    <p class='ocr_par' dir='ltr' id='par_1_41' title="bbox 638 3757 2188 3847">
     <span class='ocr_line' id='line_1_41' title="bbox 638 3757 2188 3847; baseline 0.021 -41"><span class='ocrx_word' id='word_1_303' title='bbox 638 3757 1006 3825; x_wconf 83' lang='lat' dir='ltr'><strong>voluptatibus</strong></span> <span class='ocrx_word' id='word_1_304' title='bbox 1035 3763 1285 3822; x_wconf 80' lang='lat' dir='ltr'><strong>defossus</strong></span> <span class='ocrx_word' id='word_1_305' title='bbox 1315 3778 1434 3834; x_wconf 91' lang='lat' dir='ltr'><strong>est,</strong></span> <span class='ocrx_word' id='word_1_306' title='bbox 1463 3771 1585 3840; x_wconf 87' lang='lat' dir='ltr'><strong>jure</strong></span> <span class='ocrx_word' id='word_1_307' title='bbox 1623 3776 1674 3829; x_wconf 93' lang='lat' dir='ltr'><strong>in</strong></span> <span class='ocrx_word' id='word_1_308' title='bbox 1719 3779 1986 3847; x_wconf 83' lang='lat' dir='ltr'><strong>profundo</strong></span> <span class='ocrx_word' id='word_1_309' title='bbox 2009 3757 2188 3838; x_wconf 46' lang='lat' dir='ltr'><strong>terra:</strong></span> 
     </span>
    </p>
   </div>
   <div class='ocr_carea' id='block_1_42' title="bbox 640 3845 2183 3930">
    <p class='ocr_par' dir='ltr' id='par_1_42' title="bbox 640 3845 2183 3930">
     <span class='ocr_line' id='line_1_42' title="bbox 640 3845 2183 3930; baseline 0.021 -33"><span class='ocrx_word' id='word_1_310' title='bbox 640 3845 888 3903; x_wconf 82' lang='lat' dir='ltr'><strong>habitare</strong></span> <span class='ocrx_word' id='word_1_311' title='bbox 918 3851 1165 3922; x_wconf 89' lang='lat' dir='ltr'><strong>dicatur;</strong></span> <span class='ocrx_word' id='word_1_312' title='bbox 1197 3859 1289 3926; x_wconf 93' lang='lat' dir='ltr'><strong>qui</strong></span> <span class='ocrx_word' id='word_1_313' title='bbox 1320 3875 1448 3914; x_wconf 88' lang='lat' dir='ltr'><strong>vero</strong></span> <span class='ocrx_word' id='word_1_314' title='bbox 1473 3882 1491 3913; x_wconf 83' lang='grc' dir='ltr'><strong>ι</strong></span> <span class='ocrx_word' id='word_1_315' title='bbox 1521 3865 1838 3924; x_wconf 90' lang='lat' dir='ltr'><strong>circuierint</strong></span> <span class='ocrx_word' id='word_1_316' title='bbox 1870 3873 1924 3925; x_wconf 94' lang='lat' dir='ltr'><strong>in</strong></span> <span class='ocrx_word' id='word_1_317' title='bbox 1972 3877 2183 3930; x_wconf 87' lang='lat' dir='ltr'><strong>melotis</strong></span> 
     </span>
    </p>
   </div>
   <div class='ocr_carea' id='block_1_43' title="bbox 637 3940 2182 4031">
    <p class='ocr_par' dir='ltr' id='par_1_43' title="bbox 637 3940 2182 4031">
     <span class='ocr_line' id='line_1_43' title="bbox 637 3940 2182 4031; baseline 0.019 -41"><span class='ocrx_word' id='word_1_318' title='bbox 637 3945 690 3991; x_wconf 88' lang='lat' dir='ltr'><strong>et</strong></span> <span class='ocrx_word' id='word_1_319' title='bbox 732 3940 787 3993; x_wconf 92' lang='lat' dir='ltr'><strong>in</strong></span> <span class='ocrx_word' id='word_1_320' title='bbox 832 3942 1074 4023; x_wconf 78' lang='lat' dir='ltr'><strong>pellibus</strong></span> <span class='ocrx_word' id='word_1_321' title='bbox 1101 3949 1339 4017; x_wconf 90' lang='lat' dir='ltr'><strong>caprinis</strong></span> <span class='ocrx_word' id='word_1_322' title='bbox 1385 3961 1632 4024; x_wconf 75' lang='lat' dir='ltr'><strong>egentes,</strong></span> <span class='ocrx_word' id='word_1_323' title='bbox 1680 3963 2007 4031; x_wconf 88' lang='lat' dir='ltr'><strong>angustiati,</strong></span> <span class='ocrx_word' id='word_1_324' title='bbox 2048 3966 2182 4019; x_wconf 74' lang='lat' dir='ltr'><strong>allii-</strong></span> 
     </span>
    </p>
   </div>
   <div class='ocr_carea' id='block_1_44' title="bbox 635 4031 2180 4118">
    <p class='ocr_par' dir='ltr' id='par_1_44' title="bbox 635 4031 2180 4118">
     <span class='ocr_line' id='line_1_44' title="bbox 635 4031 2180 4118; baseline 0.021 -35"><span class='ocrx_word' id='word_1_325' title='bbox 635 4031 709 4084; x_wconf 89' lang='lat' dir='ltr'><strong>cti</strong></span> <span class='ocrx_word' id='word_1_326' title='bbox 740 4032 804 4095; x_wconf 82' lang='lat'><strong>”.</strong></span> <span class='ocrx_word' id='word_1_327' title='bbox 831 4053 851 4086; x_wconf 83' lang='grc'><strong><em>›</em></strong></span> <span class='ocrx_word' id='word_1_328' title='bbox 875 4042 928 4088; x_wconf 92' lang='lat' dir='ltr'><strong>et</strong></span> <span class='ocrx_word' id='word_1_329' title='bbox 958 4051 987 4089; x_wconf 93' lang='lat' dir='ltr'><strong>a</strong></span> <span class='ocrx_word' id='word_1_330' title='bbox 1015 4038 1191 4093; x_wconf 90' lang='lat' dir='ltr'><strong>medio</strong></span> <span class='ocrx_word' id='word_1_331' title='bbox 1221 4043 1432 4097; x_wconf 88' lang='lat' dir='ltr'><strong>urbium</strong></span> <span class='ocrx_word' id='word_1_332' title='bbox 1469 4045 1752 4118; x_wconf 81' lang='lat' dir='ltr'><strong>fugerunt,</strong></span> <span class='ocrx_word' id='word_1_333' title='bbox 1783 4068 1845 4108; x_wconf 87' lang='lat' dir='ltr'><strong>ac</strong></span> <span class='ocrx_word' id='word_1_334' title='bbox 1874 4056 1926 4108; x_wconf 93' lang='lat' dir='ltr'><strong>in</strong></span> <span class='ocrx_word' id='word_1_335' title='bbox 1955 4045 2180 4115; x_wconf 80' lang='lat' dir='ltr'><strong>desertis</strong></span> 
     </span>
    </p>
   </div>
   <div class='ocr_carea' id='block_1_45' title="bbox 633 4129 2178 4206">
    <p class='ocr_par' dir='ltr' id='par_1_45' title="bbox 633 4129 2178 4206">
     <span class='ocr_line' id='line_1_45' title="bbox 633 4129 2178 4206; baseline 0.019 -29"><span class='ocrx_word' id='word_1_336' title='bbox 633 4129 953 4182; x_wconf 87' lang='lat' dir='ltr'><strong>commorati</strong></span> <span class='ocrx_word' id='word_1_337' title='bbox 996 4139 1123 4185; x_wconf 92' lang='lat' dir='ltr'><strong>sunt</strong></span> <span class='ocrx_word' id='word_1_338' title='bbox 1153 4171 1168 4194; x_wconf 90' lang='lat'><strong>,</strong></span> <span class='ocrx_word' id='word_1_339' title='bbox 1217 4134 1273 4188; x_wconf 84' lang='lat' dir='ltr'><strong>in</strong></span> <span class='ocrx_word' id='word_1_340' title='bbox 1321 4141 1628 4204; x_wconf 89' lang='lat' dir='ltr'><strong>montibus,</strong></span> <span class='ocrx_word' id='word_1_341' title='bbox 1663 4143 1718 4198; x_wconf 91' lang='lat' dir='ltr'><strong>in</strong></span> <span class='ocrx_word' id='word_1_342' title='bbox 1750 4149 1997 4204; x_wconf 88' lang='lat' dir='ltr'><strong>cavernis</strong></span> <span class='ocrx_word' id='word_1_343' title='bbox 2041 4159 2093 4204; x_wconf 91' lang='lat' dir='ltr'><strong>et</strong></span> <span class='ocrx_word' id='word_1_344' title='bbox 2124 4153 2178 4206; x_wconf 91' lang='lat' dir='ltr'><strong>in</strong></span> 
     </span>
    </p>
   </div>
   <div class='ocr_carea' id='block_1_46' title="bbox 635 4217 2176 4297">
    <p class='ocr_par' dir='ltr' id='par_1_46' title="bbox 635 4217 2176 4297">
     <span class='ocr_line' id='line_1_46' title="bbox 635 4217 2176 4297; baseline 0.018 -27"><span class='ocrx_word' id='word_1_345' title='bbox 635 4217 990 4278; x_wconf 79' lang='lat' dir='ltr'><strong>foraminibus</strong></span> <span class='ocrx_word' id='word_1_346' title='bbox 1030 4231 1219 4288; x_wconf 73' lang='lat' dir='ltr'><strong>terrae,</strong></span> <span class='ocrx_word' id='word_1_347' title='bbox 1265 4231 1456 4283; x_wconf 90' lang='lat' dir='ltr'><strong>merito</strong></span> <span class='ocrx_word' id='word_1_348' title='bbox 1497 4230 1746 4289; x_wconf 84' lang='lat' dir='ltr'><strong>dicantur</strong></span> <span class='ocrx_word' id='word_1_349' title='bbox 1786 4250 1939 4292; x_wconf 82' lang='lat' dir='ltr'><strong>extra</strong></span> <span class='ocrx_word' id='word_1_350' title='bbox 1983 4251 2176 4297; x_wconf 89' lang='lat' dir='ltr'><strong>terram</strong></span> 
     </span>
    </p>
   </div>
   <div class='ocr_carea' id='block_1_47' title="bbox 2332 570 3863 654">
    <p class='ocr_par' dir='ltr' id='par_1_47' title="bbox 2332 570 3863 654">
     <span class='ocr_line' id='line_1_47' title="bbox 2332 570 3863 654; baseline 0.003 -22"><span class='ocrx_word' id='word_1_351' title='bbox 2332 579 2644 649; x_wconf 80' lang='grc' dir='ltr'><strong>καλουμένῳ</strong></span> <span class='ocrx_word' id='word_1_352' title='bbox 2671 570 2949 651; x_wconf 77' lang='grc' dir='ltr'>ψαλτηρίῳ</span> <span class='ocrx_word' id='word_1_353' title='bbox 2980 578 3244 649; x_wconf 83' lang='grc' dir='ltr'><strong>λελέχθαι,</strong></span> <span class='ocrx_word' id='word_1_354' title='bbox 3277 579 3350 643; x_wconf 87' lang='grc' dir='ltr'><strong>ὡς</strong></span> <span class='ocrx_word' id='word_1_355' title='bbox 3372 570 3652 650; x_wconf 46' lang='lat' dir='ltr'><strong>594mm;</strong></span> <span class='ocrx_word' id='word_1_356' title='bbox 3677 586 3770 654; x_wconf 77' lang='grc' dir='ltr'>τῆς</span> <span class='ocrx_word' id='word_1_357' title='bbox 3791 584 3863 638; x_wconf 74' lang='grc' dir='ltr'><strong>δια</strong></span> 
     </span>
    </p>
   </div>
   <div class='ocr_carea' id='block_1_48' title="bbox 2328 670 3858 744">
    <p class='ocr_par' dir='ltr' id='par_1_48' title="bbox 2328 670 3858 744">
     <span class='ocr_line' id='line_1_48' title="bbox 2328 670 3858 744; baseline 0.003 -21"><span class='ocrx_word' id='word_1_358' title='bbox 2328 670 2418 724; x_wconf 78' lang='grc' dir='ltr'>τοῦ</span> <span class='ocrx_word' id='word_1_359' title='bbox 2449 670 2715 740; x_wconf 82' lang='grc' dir='ltr'>σώματος,</span> <span class='ocrx_word' id='word_1_360' title='bbox 2758 671 2893 741; x_wconf 85' lang='grc' dir='ltr'>ὅπερ</span> <span class='ocrx_word' id='word_1_361' title='bbox 2936 671 3082 723; x_wconf 76' lang='grc' dir='ltr'>ἐστὶν</span> <span class='ocrx_word' id='word_1_362' title='bbox 3110 672 3335 744; x_wconf 73' lang='grc' dir='ltr'>ὄργανον</span> <span class='ocrx_word' id='word_1_363' title='bbox 3378 672 3474 741; x_wconf 83' lang='grc' dir='ltr'>τῆς</span> <span class='ocrx_word' id='word_1_364' title='bbox 3517 671 3711 744; x_wconf 77' lang='grc' dir='ltr'>ψυχῆς,</span> <span class='ocrx_word' id='word_1_365' title='bbox 3742 691 3858 744; x_wconf 87' lang='grc' dir='ltr'>πρα-</span> 
     </span>
    </p>
   </div>
   <div class='ocr_carea' id='block_1_49' title="bbox 2329 763 3859 843">
    <p class='ocr_par' dir='ltr' id='par_1_49' title="bbox 2329 763 3859 843">
     <span class='ocr_line' id='line_1_49' title="bbox 2329 763 3859 843; baseline 0.004 -27"><span class='ocrx_word' id='word_1_366' title='bbox 2329 764 2519 833; x_wconf 82' lang='grc' dir='ltr'>κτικῆς</span> <span class='ocrx_word' id='word_1_367' title='bbox 2550 763 2826 835; x_wconf 80' lang='grc' dir='ltr'><strong>ἐνεργείας</strong></span> <span class='ocrx_word' id='word_1_368' title='bbox 2855 763 2946 816; x_wconf 84' lang='grc' dir='ltr'>τοῦ</span> <span class='ocrx_word' id='word_1_369' title='bbox 2979 764 3285 843; x_wconf 77' lang='grc' dir='ltr'>ψάλλοντος.</span> <span class='ocrx_word' id='word_1_370' title='bbox 3323 767 3386 819; x_wconf 86' lang='grc' dir='ltr'><strong>Οἱ</strong></span> <span class='ocrx_word' id='word_1_371' title='bbox 3414 766 3469 818; x_wconf 85' lang='grc' dir='ltr'>δὲ</span> <span class='ocrx_word' id='word_1_372' title='bbox 3510 766 3695 829; x_wconf 87' lang='grc' dir='ltr'>ἁπλῶς</span> <span class='ocrx_word' id='word_1_373' title='bbox 3725 767 3859 838; x_wconf 84' lang='grc' dir='ltr'>ὐμνοι</span> 
     </span>
    </p>
   </div>
   <div class='ocr_carea' id='block_1_50' title="bbox 2324 855 3858 929">
    <p class='ocr_par' dir='ltr' id='par_1_50' title="bbox 2324 855 3858 929">
     <span class='ocr_line' id='line_1_50' title="bbox 2324 855 3858 929; baseline 0.003 -22"><span class='ocrx_word' id='word_1_374' title='bbox 2324 855 2409 908; x_wconf 84' lang='grc' dir='ltr'>διὰ</span> <span class='ocrx_word' id='word_1_375' title='bbox 2434 857 2596 926; x_wconf 89' lang='grc' dir='ltr'>μόνης</span> <span class='ocrx_word' id='word_1_376' title='bbox 2625 858 2805 926; x_wconf 79' lang='grc' dir='ltr'>φωνῆς</span> <span class='ocrx_word' id='word_1_377' title='bbox 2829 855 2924 909; x_wconf 79' lang='grc' dir='ltr'>τοῦ</span> <span class='ocrx_word' id='word_1_378' title='bbox 2951 857 3043 910; x_wconf 90' lang='grc' dir='ltr'><strong>τὸν</strong></span> <span class='ocrx_word' id='word_1_379' title='bbox 3072 857 3236 928; x_wconf 86' lang='grc' dir='ltr'>ὐμνον</span> <span class='ocrx_word' id='word_1_380' title='bbox 3260 857 3677 928; x_wconf 70' lang='grc' dir='ltr'>ἀναπέμψαντος</span> <span class='ocrx_word' id='word_1_381' title='bbox 3703 858 3858 929; x_wconf 82' lang='grc' dir='ltr'>εῐρην-</span> 
     </span>
    </p>
   </div>
   <div class='ocr_carea' id='block_1_51' title="bbox 2324 947 3854 1021">
    <p class='ocr_par' dir='ltr' id='par_1_51' title="bbox 2324 947 3854 1021">
     <span class='ocr_line' id='line_1_51' title="bbox 2324 947 3854 1021; baseline 0.004 -24"><span class='ocrx_word' id='word_1_382' title='bbox 2324 963 2432 1011; x_wconf 87' lang='grc' dir='ltr'>ται,</span> <span class='ocrx_word' id='word_1_383' title='bbox 2466 947 2524 997; x_wconf 87' lang='grc' dir='ltr'><strong>οὐ</strong></span> <span class='ocrx_word' id='word_1_384' title='bbox 2576 947 3132 1020; x_wconf 82' lang='grc' dir='ltr'>συμπαραληφθείσης</span> <span class='ocrx_word' id='word_1_385' title='bbox 3179 948 3278 1018; x_wconf 80' lang='grc' dir='ltr'>τῆς</span> <span class='ocrx_word' id='word_1_386' title='bbox 3324 949 3410 1002; x_wconf 87' lang='grc' dir='ltr'>διὰ</span> <span class='ocrx_word' id='word_1_387' title='bbox 3439 948 3532 1001; x_wconf 78' lang='grc' dir='ltr'>τοῦ</span> <span class='ocrx_word' id='word_1_388' title='bbox 3582 948 3854 1021; x_wconf 76' lang='grc' dir='ltr'><strong>ψαλτηρίου</strong></span> 
     </span>
    </p>
   </div>
   <div class='ocr_carea' id='block_1_52' title="bbox 2325 1035 3856 1111">
    <p class='ocr_par' dir='ltr' id='par_1_52' title="bbox 2325 1035 3856 1111">
     <span class='ocr_line' id='line_1_52' title="bbox 2325 1035 3856 1111; baseline 0.006 -25"><span class='ocrx_word' id='word_1_389' title='bbox 2325 1035 2616 1105; x_wconf 82' lang='grc' dir='ltr'><strong>κρούσεως,</strong></span> <span class='ocrx_word' id='word_1_390' title='bbox 2653 1035 2729 1105; x_wconf 87' lang='grc' dir='ltr'><strong>τῷ</strong></span> <span class='ocrx_word' id='word_1_391' title='bbox 2765 1037 2928 1106; x_wconf 85' lang='grc' dir='ltr'>μόνης</span> <span class='ocrx_word' id='word_1_392' title='bbox 2958 1040 3055 1108; x_wconf 80' lang='grc' dir='ltr'>τῆς</span> <span class='ocrx_word' id='word_1_393' title='bbox 3085 1040 3224 1093; x_wconf 87' lang='grc' dir='ltr'><strong>κατά</strong></span> <span class='ocrx_word' id='word_1_394' title='bbox 3260 1040 3495 1093; x_wconf 87' lang='grc' dir='ltr'>διάνοιαν</span> <span class='ocrx_word' id='word_1_395' title='bbox 3527 1039 3753 1111; x_wconf 77' lang='grc' dir='ltr'><strong>θεωρίας</strong></span> <span class='ocrx_word' id='word_1_396' title='bbox 3783 1042 3856 1095; x_wconf 79' lang='grc' dir='ltr'>δε-</span> 
     </span>
    </p>
   </div>
   <div class='ocr_carea' id='block_1_53' title="bbox 2323 1123 3857 1202">
    <p class='ocr_par' dir='ltr' id='par_1_53' title="bbox 2323 1123 3857 1202">
     <span class='ocr_line' id='line_1_53' title="bbox 2323 1123 3857 1202; baseline 0.007 -28"><span class='ocrx_word' id='word_1_397' title='bbox 2323 1123 2539 1192; x_wconf 82' lang='grc' dir='ltr'>δεῆσθαι</span> <span class='ocrx_word' id='word_1_398' title='bbox 2570 1126 2693 1188; x_wconf 86' lang='grc' dir='ltr'>τοὺς</span> <span class='ocrx_word' id='word_1_399' title='bbox 2717 1127 2773 1177; x_wconf 82' lang='grc' dir='ltr'><strong>ἐν</strong></span> <span class='ocrx_word' id='word_1_400' title='bbox 2815 1128 2994 1190; x_wconf 90' lang='grc' dir='ltr'>αὐτοῖς</span> <span class='ocrx_word' id='word_1_401' title='bbox 3034 1128 3241 1198; x_wconf 84' lang='grc' dir='ltr'>λόγους.</span> <span class='ocrx_word' id='word_1_402' title='bbox 3271 1129 3437 1183; x_wconf 81' lang='grc' dir='ltr'>Τοῦτο</span> <span class='ocrx_word' id='word_1_403' title='bbox 3461 1131 3590 1198; x_wconf 80' lang='grc' dir='ltr'>γοῦν</span> <span class='ocrx_word' id='word_1_404' title='bbox 3617 1133 3857 1202; x_wconf 81' lang='grc' dir='ltr'>παρίστη-</span> 
     </span>
    </p>
   </div>
   <div class='ocr_carea' id='block_1_54' title="bbox 2325 1213 3856 1293">
    <p class='ocr_par' dir='ltr' id='par_1_54' title="bbox 2325 1213 3856 1293">
     <span class='ocr_line' id='line_1_54' title="bbox 2325 1213 3856 1293; baseline 0.01 -31"><span class='ocrx_word' id='word_1_405' title='bbox 2325 1229 2404 1263; x_wconf 92' lang='grc' dir='ltr'><strong>σιν</strong></span> <span class='ocrx_word' id='word_1_406' title='bbox 2431 1215 2458 1265; x_wconf 99' lang='lat'><strong>6</strong></span> <span class='ocrx_word' id='word_1_407' title='bbox 2489 1213 2624 1282; x_wconf 86' lang='grc' dir='ltr'>μετὰ</span> <span class='ocrx_word' id='word_1_408' title='bbox 2647 1218 2830 1286; x_wconf 88' lang='grc' dir='ltr'>χεῖρας</span> <span class='ocrx_word' id='word_1_409' title='bbox 2862 1216 3025 1286; x_wconf 81' lang='grc' dir='ltr'>ὕμνος</span> <span class='ocrx_word' id='word_1_410' title='bbox 3056 1219 3226 1288; x_wconf 81' lang='grc' dir='ltr'>λέγων</span> <span class='ocrx_word' id='word_1_411' title='bbox 3253 1237 3266 1250; x_wconf 90' lang='grc'><strong>·</strong></span> <span class='ocrx_word' id='word_1_412' title='bbox 3305 1239 3324 1270; x_wconf 77' lang='grc' dir='ltr'><strong>ι</strong></span> <span class='ocrx_word' id='word_1_413' title='bbox 3359 1221 3465 1274; x_wconf 75' lang='grc' dir='ltr'><strong>ἀπὸ</strong></span> <span class='ocrx_word' id='word_1_414' title='bbox 3493 1221 3600 1274; x_wconf 86' lang='grc' dir='ltr'><strong>τῶν</strong></span> <span class='ocrx_word' id='word_1_415' title='bbox 3630 1224 3856 1293; x_wconf 81' lang='grc' dir='ltr'><strong>περάτων</strong></span> 
     </span>
    </p>
   </div>
   <div class='ocr_carea' id='block_1_55' title="bbox 2321 1302 3874 1394">
    <p class='ocr_par' dir='ltr' id='par_1_55' title="bbox 2321 1302 3874 1394">
     <span class='ocr_line' id='line_1_55' title="bbox 2321 1302 3874 1394; baseline 0.008 -42"><span class='ocrx_word' id='word_1_416' title='bbox 2321 1303 2416 1368; x_wconf 83' lang='grc' dir='ltr'>τῆς</span> <span class='ocrx_word' id='word_1_417' title='bbox 2443 1304 2543 1371; x_wconf 81' lang='grc' dir='ltr'><strong>γῆς</strong></span> <span class='ocrx_word' id='word_1_418' title='bbox 2565 1302 2699 1372; x_wconf 86' lang='grc' dir='ltr'>πρὸς</span> <span class='ocrx_word' id='word_1_419' title='bbox 2732 1306 2790 1356; x_wconf 85' lang='grc' dir='ltr'><strong>σὲ</strong></span> <span class='ocrx_word' id='word_1_420' title='bbox 2822 1306 3092 1372; x_wconf 78' lang='grc' dir='ltr'>ἐκέκραξα</span> <span class='ocrx_word' id='word_1_421' title='bbox 3118 1325 3130 1337; x_wconf 92' lang='grc'><strong>·</strong></span> <span class='ocrx_word' id='word_1_422' title='bbox 3168 1327 3184 1357; x_wconf 79' lang='grc' dir='ltr'><strong>ι</strong></span> <span class='ocrx_word' id='word_1_423' title='bbox 3222 1309 3289 1361; x_wconf 85' lang='grc' dir='ltr'>δι’</span> <span class='ocrx_word' id='word_1_424' title='bbox 3316 1304 3376 1363; x_wconf 81' lang='grc' dir='ltr'><strong>οὗ</strong></span> <span class='ocrx_word' id='word_1_425' title='bbox 3403 1311 3654 1379; x_wconf 80' lang='grc' dir='ltr'>σημαίνει</span> <span class='ocrx_word' id='word_1_426' title='bbox 3691 1310 3874 1394; x_wconf 60' lang='lat' dir='ltr'><strong>«homo</strong></span> 
     </span>
    </p>
   </div>
   <div class='ocr_carea' id='block_1_56' title="bbox 2318 1391 3857 1468">
    <p class='ocr_par' dir='ltr' id='par_1_56' title="bbox 2318 1391 3857 1468">
     <span class='ocr_line' id='line_1_56' title="bbox 2318 1391 3857 1468; baseline 0.01 -26"><span class='ocrx_word' id='word_1_427' title='bbox 2318 1391 2420 1454; x_wconf 78' lang='grc' dir='ltr'>ἔξω</span> <span class='ocrx_word' id='word_1_428' title='bbox 2455 1394 2774 1464; x_wconf 81' lang='grc' dir='ltr'>γεγενῆσθαι</span> <span class='ocrx_word' id='word_1_429' title='bbox 2808 1397 2919 1465; x_wconf 78' lang='grc' dir='ltr'>τῆς</span> <span class='ocrx_word' id='word_1_430' title='bbox 2940 1397 3034 1450; x_wconf 81' lang='grc' dir='ltr'>τοῦ</span> <span class='ocrx_word' id='word_1_431' title='bbox 3067 1398 3311 1468; x_wconf 82' lang='grc' dir='ltr'>σώματος</span> <span class='ocrx_word' id='word_1_432' title='bbox 3341 1403 3723 1466; x_wconf 82' lang='grc' dir='ltr'>καταστάσεως</span> <span class='ocrx_word' id='word_1_433' title='bbox 3762 1403 3857 1457; x_wconf 79' lang='grc' dir='ltr'>θεο-</span> 
     </span>
    </p>
   </div>
   <div class='ocr_carea' id='block_1_57' title="bbox 2316 1477 3829 1557">
    <p class='ocr_par' dir='ltr' id='par_1_57' title="bbox 2316 1477 3829 1557">
     <span class='ocr_line' id='line_1_57' title="bbox 2316 1477 3829 1557; baseline 0.013 -29"><span class='ocrx_word' id='word_1_434' title='bbox 2316 1477 2680 1557; x_wconf 81' lang='grc' dir='ltr'>ληπτούμενον</span> <span class='ocrx_word' id='word_1_435' title='bbox 2712 1482 2801 1535; x_wconf 89' lang='grc' dir='ltr'><strong>τὸν</strong></span> <span class='ocrx_word' id='word_1_436' title='bbox 2834 1485 3143 1556; x_wconf 85' lang='grc' dir='ltr'>Προφήτην.</span> <span class='ocrx_word' id='word_1_437' title='bbox 3174 1488 3285 1542; x_wconf 86' lang='grc' dir='ltr'>Οὐκ</span> <span class='ocrx_word' id='word_1_438' title='bbox 3317 1490 3490 1557; x_wconf 80' lang='grc' dir='ltr'>ἀγνοῶ</span> <span class='ocrx_word' id='word_1_439' title='bbox 3521 1491 3577 1544; x_wconf 84' lang='grc' dir='ltr'>δὲ</span> <span class='ocrx_word' id='word_1_440' title='bbox 3609 1494 3731 1556; x_wconf 79' lang='grc' dir='ltr'>τοὺς</span> <span class='ocrx_word' id='word_1_441' title='bbox 3759 1494 3829 1548; x_wconf 76' lang='grc' dir='ltr'><strong>λοι</strong></span> 
     </span>
    </p>
   </div>
   <div class='ocr_carea' id='block_1_58' title="bbox 2317 1553 3855 1657">
    <p class='ocr_par' dir='ltr' id='par_1_58' title="bbox 2317 1553 3855 1657">
     <span class='ocr_line' id='line_1_58' title="bbox 2317 1553 3855 1657; baseline 0.013 -36"><span class='ocrx_word' id='word_1_442' title='bbox 2317 1571 2448 1633; x_wconf 82' lang='grc' dir='ltr'>ποὺς</span> <span class='ocrx_word' id='word_1_443' title='bbox 2473 1553 2809 1642; x_wconf 82' lang='grc' dir='ltr'>ἑρμηνευτάς</span> <span class='ocrx_word' id='word_1_444' title='bbox 2839 1553 2934 1647; x_wconf 84' lang='grc' dir='ltr'><strong>οὐχ</strong></span> <span class='ocrx_word' id='word_1_445' title='bbox 2979 1553 3180 1648; x_wconf 80' lang='grc' dir='ltr'>ἑτέρως</span> <span class='ocrx_word' id='word_1_446' title='bbox 3205 1553 3572 1635; x_wconf 77' lang='grc' dir='ltr'>ἐκδεδωκέναι.</span> <span class='ocrx_word' id='word_1_447' title='bbox 3617 1553 3855 1657; x_wconf 81' lang='grc' dir='ltr'>Παρακα-</span> 
     </span>
    </p>
   </div>
   <div class='ocr_carea' id='block_1_59' title="bbox 2314 1659 3852 1742">
    <p class='ocr_par' dir='ltr' id='par_1_59' title="bbox 2314 1659 3852 1742">
     <span class='ocr_line' id='line_1_59' title="bbox 2314 1659 3852 1742; baseline 0.013 -33"><span class='ocrx_word' id='word_1_448' title='bbox 2314 1659 2395 1711; x_wconf 90' lang='grc' dir='ltr'><strong>λεῖ</strong></span> <span class='ocrx_word' id='word_1_449' title='bbox 2429 1660 2484 1712; x_wconf 83' lang='grc' dir='ltr'>δὲ</span> <span class='ocrx_word' id='word_1_450' title='bbox 2516 1661 2602 1714; x_wconf 86' lang='grc' dir='ltr'><strong>διά</strong></span> <span class='ocrx_word' id='word_1_451' title='bbox 2626 1664 2731 1717; x_wconf 88' lang='grc' dir='ltr'><strong>τῶν</strong></span> <span class='ocrx_word' id='word_1_452' title='bbox 2765 1669 2899 1735; x_wconf 85' lang='grc' dir='ltr'><strong>μετά</strong></span> <span class='ocrx_word' id='word_1_453' title='bbox 2938 1672 3124 1739; x_wconf 78' lang='grc' dir='ltr'>χεῖρας</span> <span class='ocrx_word' id='word_1_454' title='bbox 3165 1672 3192 1722; x_wconf 93' lang='lat'><strong>6</strong></span> <span class='ocrx_word' id='word_1_455' title='bbox 3248 1670 3407 1724; x_wconf 78' lang='grc' dir='ltr'>Δαυῒδ</span> <span class='ocrx_word' id='word_1_456' title='bbox 3453 1673 3654 1742; x_wconf 77' lang='grc' dir='ltr'>λέγων’</span> <span class='ocrx_word' id='word_1_457' title='bbox 3693 1695 3711 1727; x_wconf 81' lang='grc' dir='ltr'><strong>ι</strong></span> <span class='ocrx_word' id='word_1_458' title='bbox 3745 1677 3852 1730; x_wconf 70' lang='lat' dir='ltr'><strong>Elo-</strong></span> 
     </span>
    </p>
   </div>
   <div class='ocr_carea' id='block_1_60' title="bbox 2314 1750 3851 1837">
    <p class='ocr_par' dir='ltr' id='par_1_60' title="bbox 2314 1750 3851 1837">
     <span class='ocr_line' id='line_1_60' title="bbox 2314 1750 3851 1837; baseline 0.012 -36"><span class='ocrx_word' id='word_1_459' title='bbox 2314 1750 2559 1816; x_wconf 89' lang='grc' dir='ltr'>άκουσον,</span> <span class='ocrx_word' id='word_1_460' title='bbox 2585 1753 2613 1804; x_wconf 83' lang='grc' dir='ltr'>ὁ</span> <span class='ocrx_word' id='word_1_461' title='bbox 2642 1753 2791 1820; x_wconf 85' lang='grc' dir='ltr'>Θεὸς,</span> <span class='ocrx_word' id='word_1_462' title='bbox 2817 1758 2914 1827; x_wconf 86' lang='grc' dir='ltr'>τῆς</span> <span class='ocrx_word' id='word_1_463' title='bbox 2941 1758 3175 1828; x_wconf 77' lang='grc' dir='ltr'>δεήσεως</span> <span class='ocrx_word' id='word_1_464' title='bbox 3204 1778 3325 1831; x_wconf 87' lang='grc' dir='ltr'>μου.</span> <span class='ocrx_word' id='word_1_465' title='bbox 3357 1783 3375 1812; x_wconf 75' lang='grc' dir='ltr'><strong>ι</strong></span> <span class='ocrx_word' id='word_1_466' title='bbox 3423 1763 3636 1836; x_wconf 81' lang='grc' dir='ltr'>Ἐνδεὴς</span> <span class='ocrx_word' id='word_1_467' title='bbox 3667 1767 3768 1837; x_wconf 75' lang='grc' dir='ltr'>γὰρ</span> <span class='ocrx_word' id='word_1_468' title='bbox 3787 1768 3851 1820; x_wconf 78' lang='grc' dir='ltr'>ὢν</span> 
     </span>
    </p>
   </div>
   <div class='ocr_carea' id='block_1_61' title="bbox 2315 1845 3851 1928">
    <p class='ocr_par' dir='ltr' id='par_1_61' title="bbox 2315 1845 3851 1928">
     <span class='ocr_line' id='line_1_61' title="bbox 2315 1845 3851 1928; baseline 0.012 -34"><span class='ocrx_word' id='word_1_469' title='bbox 2315 1845 2560 1913; x_wconf 84' lang='grc' dir='ltr'>μεγάλων</span> <span class='ocrx_word' id='word_1_470' title='bbox 2586 1846 2749 1900; x_wconf 88' lang='grc' dir='ltr'>τινῶν</span> <span class='ocrx_word' id='word_1_471' title='bbox 2784 1848 2878 1900; x_wconf 60' lang='grc' dir='ltr'><strong>καὶ⁸</strong></span> <span class='ocrx_word' id='word_1_472' title='bbox 2923 1848 3103 1915; x_wconf 81' lang='grc' dir='ltr'>θείων,</span> <span class='ocrx_word' id='word_1_473' title='bbox 3135 1852 3336 1905; x_wconf 88' lang='grc' dir='ltr'>τούτων</span> <span class='ocrx_word' id='word_1_474' title='bbox 3379 1858 3665 1924; x_wconf 83' lang='grc' dir='ltr'>τυγχάνειν</span> <span class='ocrx_word' id='word_1_475' title='bbox 3695 1874 3851 1928; x_wconf 83' lang='grc' dir='ltr'>παρα-</span> 
     </span>
    </p>
   </div>
   <div class='ocr_carea' id='block_1_62' title="bbox 2314 1931 3849 2020">
    <p class='ocr_par' dir='ltr' id='par_1_62' title="bbox 2314 1931 3849 2020">
     <span class='ocr_line' id='line_1_62' title="bbox 2314 1931 3849 2020; baseline 0.012 -35"><span class='ocrx_word' id='word_1_476' title='bbox 2314 1934 2483 1988; x_wconf 87' lang='grc' dir='ltr'>καλεῖ.</span> <span class='ocrx_word' id='word_1_477' title='bbox 2531 1931 2644 1988; x_wconf 75' lang='grc' dir='ltr'><strong>Εἶθ’</strong></span> <span class='ocrx_word' id='word_1_478' title='bbox 2693 1937 2879 2009; x_wconf 81' lang='grc' dir='ltr'>ὥσπερ</span> <span class='ocrx_word' id='word_1_479' title='bbox 2920 1939 3067 2003; x_wconf 81' lang='grc' dir='ltr'>άξιον</span> <span class='ocrx_word' id='word_1_480' title='bbox 3099 1943 3286 1996; x_wconf 78' lang='grc' dir='ltr'>ἑαυτὸν</span> <span class='ocrx_word' id='word_1_481' title='bbox 3325 1945 3418 1998; x_wconf 83' lang='grc' dir='ltr'>τοῦ</span> <span class='ocrx_word' id='word_1_482' title='bbox 3459 1950 3849 2020; x_wconf 81' lang='grc' dir='ltr'>είσακουσθῆναι</span> 
     </span>
    </p>
   </div>
   <div class='ocr_carea' id='block_1_63' title="bbox 2215 2028 3845 2117">
    <p class='ocr_par' dir='ltr' id='par_1_63' title="bbox 2215 2028 3845 2117">
     <span class='ocr_line' id='line_1_63' title="bbox 2215 2028 3845 2117; baseline 0.01 -43"><span class='ocrx_word' id='word_1_483' title='bbox 2215 2042 2221 2051; x_wconf 62' lang='grc' dir='ltr'><strong>ι</strong></span> <span class='ocrx_word' id='word_1_484' title='bbox 2312 2028 2680 2096; x_wconf 80' lang='grc' dir='ltr'>παραστήσας,</span> <span class='ocrx_word' id='word_1_485' title='bbox 2705 2029 2966 2097; x_wconf 65' lang='grc' dir='ltr'>ἐπιλέγειν</span> <span class='ocrx_word' id='word_1_486' title='bbox 3003 2048 3020 2080; x_wconf 80' lang='grc' dir='ltr'><strong>ι</strong></span> <span class='ocrx_word' id='word_1_487' title='bbox 3051 2031 3289 2117; x_wconf 86' lang='grc' dir='ltr'>Πρόσχες</span> <span class='ocrx_word' id='word_1_488' title='bbox 3315 2038 3378 2105; x_wconf 81' lang='grc' dir='ltr'><strong>τῇ</strong></span> <span class='ocrx_word' id='word_1_489' title='bbox 3405 2041 3676 2107; x_wconf 80' lang='grc' dir='ltr'>προσευχῇ</span> <span class='ocrx_word' id='word_1_490' title='bbox 3701 2055 3811 2107; x_wconf 89' lang='grc' dir='ltr'>μου.</span> <span class='ocrx_word' id='word_1_491' title='bbox 3829 2059 3845 2090; x_wconf 77' lang='lat' dir='ltr'><strong>i</strong></span> 
     </span>
    </p>
   </div>
   <div class='ocr_carea' id='block_1_64' title="bbox 2312 2114 3849 2198">
    <p class='ocr_par' dir='ltr' id='par_1_64' title="bbox 2312 2114 3849 2198">
     <span class='ocr_line' id='line_1_64' title="bbox 2312 2114 3849 2198; baseline 0.012 -34"><span class='ocrx_word' id='word_1_492' title='bbox 2312 2114 2513 2184; x_wconf 85' lang='grc' dir='ltr'>Πολλῆς</span> <span class='ocrx_word' id='word_1_493' title='bbox 2540 2117 2646 2187; x_wconf 90' lang='grc' dir='ltr'><strong>γάρ</strong></span> <span class='ocrx_word' id='word_1_494' title='bbox 2693 2119 2785 2170; x_wconf 74' lang='grc' dir='ltr'><strong>καὶ</strong></span> <span class='ocrx_word' id='word_1_495' title='bbox 2821 2118 3039 2188; x_wconf 87' lang='grc' dir='ltr'>βαθείας</span> <span class='ocrx_word' id='word_1_496' title='bbox 3082 2114 3315 2185; x_wconf 80' lang='grc' dir='ltr'>διανοίας</span> <span class='ocrx_word' id='word_1_497' title='bbox 3356 2127 3740 2198; x_wconf 80' lang='grc' dir='ltr'>πεπληρῶσθαι</span> <span class='ocrx_word' id='word_1_498' title='bbox 3766 2132 3849 2182; x_wconf 79' lang='grc' dir='ltr'>αὐ·</span> 
     </span>
    </p>
   </div>
   <div class='ocr_carea' id='block_1_65' title="bbox 2309 2201 3849 2280">
    <p class='ocr_par' dir='ltr' id='par_1_65' title="bbox 2309 2201 3849 2280">
     <span class='ocr_line' id='line_1_65' title="bbox 2309 2201 3849 2280; baseline 0.012 -28"><span class='ocrx_word' id='word_1_499' title='bbox 2309 2201 2399 2253; x_wconf 79' lang='grc' dir='ltr'>τοῦ</span> <span class='ocrx_word' id='word_1_500' title='bbox 2429 2203 2525 2271; x_wconf 82' lang='grc' dir='ltr'>τὴν</span> <span class='ocrx_word' id='word_1_501' title='bbox 2564 2206 2866 2276; x_wconf 82' lang='grc' dir='ltr'>προσευχὴν</span> <span class='ocrx_word' id='word_1_502' title='bbox 2909 2208 3142 2280; x_wconf 83' lang='grc' dir='ltr'>θαρσῶν,</span> <span class='ocrx_word' id='word_1_503' title='bbox 3176 2201 3325 2280; x_wconf 57' lang='grc' dir='ltr'>ἠξίου</span> <span class='ocrx_word' id='word_1_504' title='bbox 3365 2213 3456 2265; x_wconf 81' lang='grc' dir='ltr'><strong>τόν</strong></span> <span class='ocrx_word' id='word_1_505' title='bbox 3497 2215 3626 2268; x_wconf 84' lang='grc' dir='ltr'>Θεὸν</span> <span class='ocrx_word' id='word_1_506' title='bbox 3653 2219 3849 2271; x_wconf 77' lang='grc' dir='ltr'>ἐπιϐλέ-</span> 
     </span>
    </p>
   </div>
   <div class='ocr_carea' id='block_1_66' title="bbox 2307 2291 3848 2380">
    <p class='ocr_par' dir='ltr' id='par_1_66' title="bbox 2307 2291 3848 2380">
     <span class='ocr_line' id='line_1_66' title="bbox 2307 2291 3848 2380; baseline 0.016 -39"><span class='ocrx_word' id='word_1_507' title='bbox 2307 2291 2424 2360; x_wconf 71' lang='grc' dir='ltr'>ψαι,</span> <span class='ocrx_word' id='word_1_508' title='bbox 2451 2293 2541 2344; x_wconf 75' lang='grc' dir='ltr'><strong>καὶ</strong></span> <span class='ocrx_word' id='word_1_509' title='bbox 2571 2297 2678 2380; x_wconf 70' lang='grc' dir='ltr'>τοῖς</span> <span class='ocrx_word' id='word_1_510' title='bbox 2703 2299 2932 2370; x_wconf 59' lang='grc' dir='ltr'>έν--αὐτῇ</span> <span class='ocrx_word' id='word_1_511' title='bbox 2968 2301 3142 2368; x_wconf 90' lang='grc' dir='ltr'>λόγοις</span> <span class='ocrx_word' id='word_1_512' title='bbox 3179 2305 3499 2369; x_wconf 77' lang='grc' dir='ltr'>ἐνατενίσαι,</span> <span class='ocrx_word' id='word_1_513' title='bbox 3530 2312 3622 2362; x_wconf 77' lang='grc' dir='ltr'>καὶ</span> <span class='ocrx_word' id='word_1_514' title='bbox 3644 2311 3848 2380; x_wconf 84' lang='grc' dir='ltr'>δοκιμά-</span> 
     </span>
    </p>
   </div>
   <div class='ocr_carea' id='block_1_67' title="bbox 2310 2368 3846 2466">
    <p class='ocr_par' dir='ltr' id='par_1_67' title="bbox 2310 2368 3846 2466">
     <span class='ocr_line' id='line_1_67' title="bbox 2310 2368 3846 2466; baseline 0.015 -33"><span class='ocrx_word' id='word_1_515' title='bbox 2310 2398 2396 2434; x_wconf 90' lang='grc' dir='ltr'><strong>σαι</strong></span> <span class='ocrx_word' id='word_1_516' title='bbox 2420 2383 2485 2436; x_wconf 77' lang='grc' dir='ltr'>τὰ</span> <span class='ocrx_word' id='word_1_517' title='bbox 2513 2368 2795 2454; x_wconf 60' lang='grc' dir='ltr'>λεγόμενα,</span> <span class='ocrx_word' id='word_1_518' title='bbox 2834 2368 3009 2451; x_wconf 14' lang='grc' dir='ltr'>ὼςνᾶν</span> <span class='ocrx_word' id='word_1_519' title='bbox 3036 2393 3140 2446; x_wconf 90' lang='grc' dir='ltr'><strong>τῶν</strong></span> <span class='ocrx_word' id='word_1_520' title='bbox 3169 2394 3329 2448; x_wconf 82' lang='grc' dir='ltr'>αὐτοῦ</span> <span class='ocrx_word' id='word_1_521' title='bbox 3361 2398 3537 2452; x_wconf 84' lang='grc' dir='ltr'>ἀκοῶν</span> <span class='ocrx_word' id='word_1_522' title='bbox 3562 2400 3704 2466; x_wconf 79' lang='grc' dir='ltr'>ἀξια.</span> <span class='ocrx_word' id='word_1_523' title='bbox 3730 2368 3846 2456; x_wconf 48' lang='lat' dir='ltr'><strong>Elia</strong></span> 
     </span>
    </p>
   </div>
   <div class='ocr_carea' id='block_1_68' title="bbox 2307 2473 3846 2561">
    <p class='ocr_par' dir='ltr' id='par_1_68' title="bbox 2307 2473 3846 2561">
     <span class='ocr_line' id='line_1_68' title="bbox 2307 2473 3846 2561; baseline 0.016 -38"><span class='ocrx_word' id='word_1_524' title='bbox 2307 2475 2400 2525; x_wconf 73' lang='grc' dir='ltr'><strong>καὶ</strong></span> <span class='ocrx_word' id='word_1_525' title='bbox 2441 2474 2498 2525; x_wconf 89' lang='grc' dir='ltr'><strong>τὸ</strong></span> <span class='ocrx_word' id='word_1_526' title='bbox 2532 2473 2690 2544; x_wconf 79' lang='grc' dir='ltr'>ἔργον</span> <span class='ocrx_word' id='word_1_527' title='bbox 2734 2476 3026 2544; x_wconf 87' lang='grc' dir='ltr'>δείκνυσιν,</span> <span class='ocrx_word' id='word_1_528' title='bbox 3068 2478 3130 2538; x_wconf 79' lang='grc' dir='ltr'>οὗ</span> <span class='ocrx_word' id='word_1_529' title='bbox 3177 2488 3338 2558; x_wconf 78' lang='grc' dir='ltr'>χάριν</span> <span class='ocrx_word' id='word_1_530' title='bbox 3371 2489 3570 2561; x_wconf 80' lang='grc' dir='ltr'>θεωρὸν</span> <span class='ocrx_word' id='word_1_531' title='bbox 3609 2494 3700 2547; x_wconf 90' lang='grc' dir='ltr'><strong>τὸν</strong></span> <span class='ocrx_word' id='word_1_532' title='bbox 3729 2495 3846 2550; x_wconf 82' lang='grc' dir='ltr'>Θεὸν</span> 
     </span>
    </p>
   </div>
   <div class='ocr_carea' id='block_1_69' title="bbox 2303 2563 3842 2655">
    <p class='ocr_par' dir='ltr' id='par_1_69' title="bbox 2303 2563 3842 2655">
     <span class='ocr_line' id='line_1_69' title="bbox 2303 2563 3842 2655; baseline 0.018 -41"><span class='ocrx_word' id='word_1_533' title='bbox 2303 2563 2399 2632; x_wconf 84' lang='grc' dir='ltr'><strong>τῆς</strong></span> <span class='ocrx_word' id='word_1_534' title='bbox 2449 2566 2639 2620; x_wconf 82' lang='grc' dir='ltr'>ἑαυτοῦ</span> <span class='ocrx_word' id='word_1_535' title='bbox 2695 2572 2996 2641; x_wconf 80' lang='grc' dir='ltr'>προσευχῆς</span> <span class='ocrx_word' id='word_1_536' title='bbox 3055 2575 3398 2633; x_wconf 84' lang='grc' dir='ltr'>ἀνεκαλεῖτο·</span> <span class='ocrx_word' id='word_1_537' title='bbox 3454 2583 3531 2636; x_wconf 89' lang='grc' dir='ltr'><strong>διὸ</strong></span> <span class='ocrx_word' id='word_1_538' title='bbox 3584 2586 3842 2655; x_wconf 70' lang='grc' dir='ltr'>ἐπιλέγει·</span> 
     </span>
    </p>
   </div>
   <div class='ocr_carea' id='block_1_70' title="bbox 2311 2652 3839 2745">
    <p class='ocr_par' dir='ltr' id='par_1_70' title="bbox 2311 2652 3839 2745">
     <span class='ocr_line' id='line_1_70' title="bbox 2311 2652 3839 2745; baseline 0.017 -45"><span class='ocrx_word' id='word_1_539' title='bbox 2311 2669 2328 2700; x_wconf 79' lang='grc' dir='ltr'><strong>ι</strong></span> <span class='ocrx_word' id='word_1_540' title='bbox 2377 2652 2505 2706; x_wconf 82' lang='grc' dir='ltr'>Ἀπὸ</span> <span class='ocrx_word' id='word_1_541' title='bbox 2532 2655 2638 2710; x_wconf 84' lang='grc' dir='ltr'><strong>τῶν</strong></span> <span class='ocrx_word' id='word_1_542' title='bbox 2685 2659 2933 2729; x_wconf 84' lang='grc' dir='ltr'>περάτων</span> <span class='ocrx_word' id='word_1_543' title='bbox 2965 2661 3064 2730; x_wconf 84' lang='grc' dir='ltr'><strong>τῆς</strong></span> <span class='ocrx_word' id='word_1_544' title='bbox 3107 2665 3208 2732; x_wconf 83' lang='grc' dir='ltr'>γῆς</span> <span class='ocrx_word' id='word_1_545' title='bbox 3239 2669 3372 2738; x_wconf 83' lang='grc' dir='ltr'>πρὸς</span> <span class='ocrx_word' id='word_1_546' title='bbox 3405 2670 3464 2722; x_wconf 87' lang='grc' dir='ltr'>σὲ</span> <span class='ocrx_word' id='word_1_547' title='bbox 3512 2652 3793 2745; x_wconf 76' lang='grc' dir='ltr'>ἐκέκραξα.</span> <span class='ocrx_word' id='word_1_548' title='bbox 3825 2698 3839 2726; x_wconf 80' lang='grc' dir='ltr'><strong>ι</strong></span> 
     </span>
    </p>
   </div>
   <div class='ocr_carea' id='block_1_71' title="bbox 2303 2739 3846 2831">
    <p class='ocr_par' dir='ltr' id='par_1_71' title="bbox 2303 2739 3846 2831">
     <span class='ocr_line' id='line_1_71' title="bbox 2303 2739 3846 2831; baseline 0.021 -42"><span class='ocrx_word' id='word_1_549' title='bbox 2303 2739 2410 2791; x_wconf 75' lang='grc' dir='ltr'><strong>Καὶ</strong></span> <span class='ocrx_word' id='word_1_550' title='bbox 2435 2743 2726 2816; x_wconf 76' lang='grc' dir='ltr'>ἐπειδήπερ</span> <span class='ocrx_word' id='word_1_551' title='bbox 2759 2751 3059 2817; x_wconf 83' lang='grc' dir='ltr'>συμφώνως</span> <span class='ocrx_word' id='word_1_552' title='bbox 3087 2754 3132 2804; x_wconf 79' lang='lat' dir='ltr'><strong>oi</strong></span> <span class='ocrx_word' id='word_1_553' title='bbox 3159 2752 3331 2808; x_wconf 78' lang='grc' dir='ltr'>λοιποὶ</span> <span class='ocrx_word' id='word_1_554' title='bbox 3359 2739 3684 2831; x_wconf 73' lang='grc' dir='ltr'>ἑρμηνευταὶ</span> <span class='ocrx_word' id='word_1_555' title='bbox 3711 2739 3846 2820; x_wconf 62' lang='grc' dir='ltr'>ἐκδε-</span> 
     </span>
    </p>
   </div>
   <div class='ocr_carea' id='block_1_72' title="bbox 2301 2827 3844 2930">
    <p class='ocr_par' dir='ltr' id='par_1_72' title="bbox 2301 2827 3844 2930">
     <span class='ocr_line' id='line_1_72' title="bbox 2301 2827 3844 2930; baseline 0.021 -50"><span class='ocrx_word' id='word_1_556' title='bbox 2301 2827 2549 2894; x_wconf 84' lang='grc' dir='ltr'>δὼκασιν,</span> <span class='ocrx_word' id='word_1_557' title='bbox 2580 2835 2608 2885; x_wconf 90' lang='grc' dir='ltr'><strong>ό</strong></span> <span class='ocrx_word' id='word_1_558' title='bbox 2636 2836 2732 2904; x_wconf 86' lang='grc' dir='ltr'>μὲν</span> <span class='ocrx_word' id='word_1_559' title='bbox 2759 2837 2985 2902; x_wconf 80' lang='grc' dir='ltr'>’Δκύλας</span> <span class='ocrx_word' id='word_1_560' title='bbox 3016 2840 3203 2907; x_wconf 85' lang='grc' dir='ltr'>είπὼν,</span> <span class='ocrx_word' id='word_1_561' title='bbox 3233 2864 3250 2896; x_wconf 83' lang='grc' dir='ltr'><strong>ι</strong></span> <span class='ocrx_word' id='word_1_562' title='bbox 3279 2827 3407 2901; x_wconf 79' lang='grc' dir='ltr'>Ἀπὸ</span> <span class='ocrx_word' id='word_1_563' title='bbox 3428 2827 3735 2910; x_wconf 79' lang='grc' dir='ltr'>τελευταίου</span> <span class='ocrx_word' id='word_1_564' title='bbox 3759 2863 3844 2930; x_wconf 82' lang='grc' dir='ltr'><strong>τῆς</strong></span> 
     </span>
    </p>
   </div>
   <div class='ocr_carea' id='block_1_73' title="bbox 2300 2918 3843 3012">
    <p class='ocr_par' dir='ltr' id='par_1_73' title="bbox 2300 2918 3843 3012">
     <span class='ocr_line' id='line_1_73' title="bbox 2300 2918 3843 3012; baseline 0.019 -42"><span class='ocrx_word' id='word_1_565' title='bbox 2300 2918 2401 2989; x_wconf 83' lang='grc' dir='ltr'>γῆς</span> <span class='ocrx_word' id='word_1_566' title='bbox 2429 2922 2562 2992; x_wconf 89' lang='grc' dir='ltr'>πρὸς</span> <span class='ocrx_word' id='word_1_567' title='bbox 2595 2925 2653 2976; x_wconf 80' lang='grc' dir='ltr'>σὲ</span> <span class='ocrx_word' id='word_1_568' title='bbox 2685 2927 3091 3000; x_wconf 69' lang='grc' dir='ltr'>ὲπικαλέσομαν</span> <span class='ocrx_word' id='word_1_569' title='bbox 3128 2953 3148 2984; x_wconf 71' lang='grc' dir='ltr'><strong>ι</strong></span> <span class='ocrx_word' id='word_1_570' title='bbox 3185 2937 3212 2987; x_wconf 91' lang='lat'><strong>6</strong></span> <span class='ocrx_word' id='word_1_571' title='bbox 3240 2935 3295 2988; x_wconf 85' lang='grc' dir='ltr'>δὲ</span> <span class='ocrx_word' id='word_1_572' title='bbox 3326 2939 3635 3012; x_wconf 77' lang='grc' dir='ltr'>Σύμμαχος,</span> <span class='ocrx_word' id='word_1_573' title='bbox 3675 2968 3694 2998; x_wconf 77' lang='grc' dir='ltr'><strong>ι</strong></span> 
     </span>
    </p>
   </div>
   <div class='ocr_carea' id='block_1_74' title="bbox 2302 3011 3842 3111">
    <p class='ocr_par' dir='ltr' id='par_1_74' title="bbox 2302 3011 3842 3111">
     <span class='ocr_line' id='line_1_74' title="bbox 2302 3011 3842 3111; baseline 0.021 -50"><span class='ocrx_word' id='word_1_574' title='bbox 2302 3011 2545 3081; x_wconf 85' lang='grc' dir='ltr'>περάτων</span> <span class='ocrx_word' id='word_1_575' title='bbox 2586 3016 2684 3085; x_wconf 86' lang='grc' dir='ltr'>τῆς</span> <span class='ocrx_word' id='word_1_576' title='bbox 2714 3019 2814 3089; x_wconf 84' lang='grc' dir='ltr'>γῆς</span> <span class='ocrx_word' id='word_1_577' title='bbox 2861 3019 2917 3073; x_wconf 81' lang='grc' dir='ltr'>σὲ</span> <span class='ocrx_word' id='word_1_578' title='bbox 2960 3023 3352 3097; x_wconf 74' lang='grc' dir='ltr'>ἐπικαλοῦμαιο</span> <span class='ocrx_word' id='word_1_579' title='bbox 3400 3051 3418 3082; x_wconf 76' lang='grc' dir='ltr'><strong>ι</strong></span> <span class='ocrx_word' id='word_1_580' title='bbox 3458 3036 3488 3104; x_wconf 81' lang='grc' dir='ltr'><strong>ὴ</strong></span> <span class='ocrx_word' id='word_1_581' title='bbox 3632 3040 3842 3111; x_wconf 80' lang='grc' dir='ltr'>πέμπτη</span> 
     </span>
    </p>
   </div>
   <div class='ocr_carea' id='block_1_75' title="bbox 2298 3100 3842 3200">
    <p class='ocr_par' dir='ltr' id='par_1_75' title="bbox 2298 3100 3842 3200">
     <span class='ocr_line' id='line_1_75' title="bbox 2298 3100 3842 3200; baseline 0.022 -48"><span class='ocrx_word' id='word_1_582' title='bbox 2298 3100 2523 3168; x_wconf 81' lang='grc' dir='ltr'>ἔκδοσις,</span> <span class='ocrx_word' id='word_1_583' title='bbox 2565 3123 2583 3156; x_wconf 79' lang='grc' dir='ltr'><strong>ι</strong></span> <span class='ocrx_word' id='word_1_584' title='bbox 2626 3107 2757 3160; x_wconf 82' lang='grc' dir='ltr'>Ἀπὸ</span> <span class='ocrx_word' id='word_1_585' title='bbox 2795 3112 3045 3181; x_wconf 87' lang='grc' dir='ltr'>περάτων</span> <span class='ocrx_word' id='word_1_586' title='bbox 3074 3118 3173 3186; x_wconf 85' lang='grc' dir='ltr'>τῆς</span> <span class='ocrx_word' id='word_1_587' title='bbox 3201 3121 3303 3188; x_wconf 87' lang='grc' dir='ltr'>γῆς</span> <span class='ocrx_word' id='word_1_588' title='bbox 3346 3100 3487 3194; x_wconf 26' lang='grc' dir='ltr'>πρὸς*</span> <span class='ocrx_word' id='word_1_589' title='bbox 3506 3127 3563 3180; x_wconf 86' lang='grc' dir='ltr'>σὲ</span> 
     </span>
    </p>
   </div>
   <div class='ocr_carea' id='block_1_76' title="bbox 2219 3190 3840 3286">
    <p class='ocr_par' dir='ltr' id='par_1_76' title="bbox 2219 3190 3840 3286">
     <span class='ocr_line' id='line_1_76' title="bbox 2219 3190 3840 3286; baseline 0.02 -43"><span class='ocrx_word' id='word_1_590' title='bbox 2219 3190 2260 3244; x_wconf 87' lang='lat' dir='ltr'>C</span> <span class='ocrx_word' id='word_1_591' title='bbox 2297 3211 2391 3262; x_wconf 86' lang='grc' dir='ltr'><strong>μαι</strong></span> <span class='ocrx_word' id='word_1_592' title='bbox 2414 3211 2429 3226; x_wconf 80' lang='grc' dir='ltr'><strong>ο</strong></span> <span class='ocrx_word' id='word_1_593' title='bbox 2463 3215 2482 3246; x_wconf 71' lang='grc' dir='ltr'><strong>ι</strong></span> <span class='ocrx_word' id='word_1_594' title='bbox 2511 3197 2594 3260; x_wconf 88' lang='grc' dir='ltr'><strong>τίς</strong></span> <span class='ocrx_word' id='word_1_595' title='bbox 2618 3199 2717 3252; x_wconf 87' lang='grc' dir='ltr'><strong>οὐκ</strong></span> <span class='ocrx_word' id='word_1_596' title='bbox 2758 3199 2824 3254; x_wconf 80' lang='grc' dir='ltr'><strong>ἂν</strong></span> <span class='ocrx_word' id='word_1_597' title='bbox 2855 3203 3086 3272; x_wconf 84' lang='grc' dir='ltr'>εὐλόγως</span> <span class='ocrx_word' id='word_1_598' title='bbox 3107 3207 3196 3262; x_wconf 83' lang='grc' dir='ltr'><strong>τὸν</strong></span> <span class='ocrx_word' id='word_1_599' title='bbox 3220 3212 3341 3266; x_wconf 80' lang='grc' dir='ltr'>νοῦν</span> <span class='ocrx_word' id='word_1_600' title='bbox 3373 3190 3472 3286; x_wconf 80' lang='grc' dir='ltr'>τῆς</span> <span class='ocrx_word' id='word_1_601' title='bbox 3499 3190 3840 3284; x_wconf 49' lang='grc' dir='ltr'>λέξεως-ἐπι-</span> 
     </span>
    </p>
   </div>
   <div class='ocr_carea' id='block_1_77' title="bbox 2299 3285 3840 3382">
    <p class='ocr_par' dir='ltr' id='par_1_77' title="bbox 2299 3285 3840 3382">
     <span class='ocr_line' id='line_1_77' title="bbox 2299 3285 3840 3382; baseline 0.019 -46"><span class='ocrx_word' id='word_1_602' title='bbox 2299 3285 2581 3382; x_wconf 47' lang='grc' dir='ltr'>ζητήσεις</span> <span class='ocrx_word' id='word_1_603' title='bbox 2624 3292 2745 3355; x_wconf 85' lang='grc' dir='ltr'>Πῶς</span> <span class='ocrx_word' id='word_1_604' title='bbox 2786 3293 2891 3367; x_wconf 85' lang='grc' dir='ltr'>γὰρ</span> <span class='ocrx_word' id='word_1_605' title='bbox 2932 3297 2996 3351; x_wconf 81' lang='grc' dir='ltr'>ἄν</span> <span class='ocrx_word' id='word_1_606' title='bbox 3041 3315 3122 3363; x_wconf 90' lang='grc' dir='ltr'><strong>τις</strong></span> <span class='ocrx_word' id='word_1_607' title='bbox 3167 3302 3405 3370; x_wconf 88' lang='grc' dir='ltr'>δύναται,</span> <span class='ocrx_word' id='word_1_608' title='bbox 3433 3310 3531 3380; x_wconf 80' lang='grc' dir='ltr'>τὴν</span> <span class='ocrx_word' id='word_1_609' title='bbox 3559 3310 3840 3382; x_wconf 80' lang='grc' dir='ltr'>σύμπασαν</span> 
     </span>
    </p>
   </div>
   <div class='ocr_carea' id='block_1_78' title="bbox 2299 3373 3840 3465">
    <p class='ocr_par' dir='ltr' id='par_1_78' title="bbox 2299 3373 3840 3465">
     <span class='ocr_line' id='line_1_78' title="bbox 2299 3373 3840 3465; baseline 0.023 -42"><span class='ocrx_word' id='word_1_610' title='bbox 2299 3373 2536 3445; x_wconf 78' lang='grc' dir='ltr'>ὐπερὸἀς</span> <span class='ocrx_word' id='word_1_611' title='bbox 2587 3381 2930 3452; x_wconf 75' lang='grc' dir='ltr'>οἰκουμένην,</span> <span class='ocrx_word' id='word_1_612' title='bbox 2984 3389 3077 3441; x_wconf 71' lang='grc' dir='ltr'>καὶ</span> <span class='ocrx_word' id='word_1_613' title='bbox 3133 3392 3270 3465; x_wconf 86' lang='grc' dir='ltr'>ὑπὲρ</span> <span class='ocrx_word' id='word_1_614' title='bbox 3325 3373 3497 3451; x_wconf 42' lang='grc' dir='ltr'>αὐτὸν.</span> <span class='ocrx_word' id='word_1_615' title='bbox 3540 3373 3712 3457; x_wconf 63' lang='grc' dir='ltr'>ὲλθῶν</span> <span class='ocrx_word' id='word_1_616' title='bbox 3760 3407 3840 3459; x_wconf 81' lang='grc' dir='ltr'><strong>τὸν</strong></span> 
     </span>
    </p>
   </div>
   <div class='ocr_carea' id='block_1_79' title="bbox 2307 3467 3839 3566">
    <p class='ocr_par' dir='ltr' id='par_1_79' title="bbox 2307 3467 3839 3566">
     <span class='ocr_line' id='line_1_79' title="bbox 2307 3467 3839 3566; baseline 0.025 -51"><span class='ocrx_word' id='word_1_617' title='bbox 2307 3467 2572 3532; x_wconf 86' lang='grc' dir='ltr'>Ὠκεανὸν,</span> <span class='ocrx_word' id='word_1_618' title='bbox 2608 3491 2626 3521; x_wconf 77' lang='grc' dir='ltr'><strong>ι</strong></span> <span class='ocrx_word' id='word_1_619' title='bbox 2665 3474 2793 3527; x_wconf 77' lang='grc' dir='ltr'><strong>Ἀπὸ</strong></span> <span class='ocrx_word' id='word_1_620' title='bbox 2815 3477 2920 3530; x_wconf 90' lang='grc' dir='ltr'><strong>τῶν</strong></span> <span class='ocrx_word' id='word_1_621' title='bbox 2944 3483 3190 3552; x_wconf 82' lang='grc' dir='ltr'>περάτων</span> <span class='ocrx_word' id='word_1_622' title='bbox 3215 3489 3314 3558; x_wconf 84' lang='grc' dir='ltr'><strong>τῆς</strong></span> <span class='ocrx_word' id='word_1_623' title='bbox 3343 3491 3446 3562; x_wconf 85' lang='grc' dir='ltr'>γῆς</span> <span class='ocrx_word' id='word_1_624' title='bbox 3474 3495 3604 3566; x_wconf 88' lang='grc' dir='ltr'>πρὸς</span> <span class='ocrx_word' id='word_1_625' title='bbox 3636 3500 3695 3551; x_wconf 88' lang='grc' dir='ltr'>σὲ</span> <span class='ocrx_word' id='word_1_626' title='bbox 3729 3501 3839 3552; x_wconf 80' lang='grc' dir='ltr'><strong>ἐκέ-</strong></span> 
     </span>
    </p>
   </div>
   <div class='ocr_carea' id='block_1_80' title="bbox 2293 3556 3836 3659">
    <p class='ocr_par' dir='ltr' id='par_1_80' title="bbox 2293 3556 3836 3659">
     <span class='ocr_line' id='line_1_80' title="bbox 2293 3556 3836 3659; baseline 0.025 -53"><span class='ocrx_word' id='word_1_627' title='bbox 2293 3556 2488 3625; x_wconf 78' lang='grc' dir='ltr'>κραξα,</span> <span class='ocrx_word' id='word_1_628' title='bbox 2523 3579 2540 3609; x_wconf 75' lang='grc' dir='ltr'><strong>ι</strong></span> <span class='ocrx_word' id='word_1_629' title='bbox 2580 3559 2738 3632; x_wconf 84' lang='grc' dir='ltr'>βοᾷν;</span> <span class='ocrx_word' id='word_1_630' title='bbox 2782 3566 2917 3619; x_wconf 79' lang='grc' dir='ltr'>Ἀλλ’</span> <span class='ocrx_word' id='word_1_631' title='bbox 2948 3571 3047 3641; x_wconf 79' lang='grc' dir='ltr'>ὅρα</span> <span class='ocrx_word' id='word_1_632' title='bbox 3075 3577 3121 3626; x_wconf 89' lang='grc' dir='ltr'><strong>εί</strong></span> <span class='ocrx_word' id='word_1_633' title='bbox 3167 3577 3238 3647; x_wconf 81' lang='grc' dir='ltr'>μὴ</span> <span class='ocrx_word' id='word_1_634' title='bbox 3272 3556 3446 3644; x_wconf 42' lang='lat'><em>‘6</em></span> <span class='ocrx_word' id='word_1_635' title='bbox 3755 3592 3836 3659; x_wconf 85' lang='grc' dir='ltr'>φί-</span> 
     </span>
    </p>
   </div>
   <div class='ocr_carea' id='block_1_81' title="bbox 2288 3648 3836 3753">
    <p class='ocr_par' dir='ltr' id='par_1_81' title="bbox 2288 3648 3836 3753">
     <span class='ocr_line' id='line_1_81' title="bbox 2288 3648 3836 3753; baseline 0.024 -54"><span class='ocrx_word' id='word_1_636' title='bbox 2288 3648 2377 3712; x_wconf 88' lang='grc' dir='ltr'><strong>λος</strong></span> <span class='ocrx_word' id='word_1_637' title='bbox 2405 3651 2637 3720; x_wconf 79' lang='grc' dir='ltr'>εὐλόγως</span> <span class='ocrx_word' id='word_1_638' title='bbox 2678 3656 2742 3709; x_wconf 85' lang='grc' dir='ltr'><strong>ἂν</strong></span> <span class='ocrx_word' id='word_1_639' title='bbox 2780 3660 2847 3713; x_wconf 89' lang='grc' dir='ltr'><strong>τά</strong></span> <span class='ocrx_word' id='word_1_640' title='bbox 2893 3663 3098 3734; x_wconf 82' lang='grc' dir='ltr'>πέρατα</span> <span class='ocrx_word' id='word_1_641' title='bbox 3140 3670 3240 3737; x_wconf 82' lang='grc' dir='ltr'>τῆς</span> <span class='ocrx_word' id='word_1_642' title='bbox 3279 3675 3380 3742; x_wconf 80' lang='grc' dir='ltr'>γῆς</span> <span class='ocrx_word' id='word_1_643' title='bbox 3409 3648 3614 3749; x_wconf 74' lang='grc' dir='ltr'>ῥηθείη.</span> <span class='ocrx_word' id='word_1_644' title='bbox 3746 3648 3836 3753; x_wconf 69' lang='grc' dir='ltr'>μὲν</span> 
     </span>
    </p>
   </div>
   <div class='ocr_carea' id='block_1_82' title="bbox 2287 3741 3836 3844">
    <p class='ocr_par' dir='ltr' id='par_1_82' title="bbox 2287 3741 3836 3844">
     <span class='ocr_line' id='line_1_82' title="bbox 2287 3741 3836 3844; baseline 0.024 -54"><span class='ocrx_word' id='word_1_645' title='bbox 2287 3741 2391 3812; x_wconf 82' lang='grc' dir='ltr'><strong>γὰρ</strong></span> <span class='ocrx_word' id='word_1_646' title='bbox 2421 3742 2620 3844; x_wconf 52' lang='grc' dir='ltr'>φαύλος</span> <span class='ocrx_word' id='word_1_647' title='bbox 2655 3747 2813 3819; x_wconf 85' lang='grc' dir='ltr'>ἀνὴρ,</span> <span class='ocrx_word' id='word_1_648' title='bbox 2857 3753 3061 3822; x_wconf 84' lang='grc' dir='ltr'>ἀγορὰς</span> <span class='ocrx_word' id='word_1_649' title='bbox 3093 3761 3184 3811; x_wconf 81' lang='grc' dir='ltr'><strong>καὶ</strong></span> <span class='ocrx_word' id='word_1_650' title='bbox 3228 3741 3473 3833; x_wconf 27' lang='grc' dir='ltr'>δήμους(</span> <span class='ocrx_word' id='word_1_651' title='bbox 3492 3741 3836 3844; x_wconf 68' lang='grc' dir='ltr'>βουλευτήριά</span> 
     </span>
    </p>
   </div>
   <div class='ocr_carea' id='block_1_83' title="bbox 2282 3834 3836 3924">
    <p class='ocr_par' dir='ltr' id='par_1_83' title="bbox 2282 3834 3836 3924">
     <span class='ocr_line' id='line_1_83' title="bbox 2282 3834 3836 3924; baseline 0.023 -41"><span class='ocrx_word' id='word_1_652' title='bbox 2282 3847 2340 3883; x_wconf 87' lang='grc' dir='ltr'><strong>τε</strong></span> <span class='ocrx_word' id='word_1_653' title='bbox 2369 3834 2461 3887; x_wconf 76' lang='grc' dir='ltr'><strong>καὶ</strong></span> <span class='ocrx_word' id='word_1_654' title='bbox 2487 3835 2807 3911; x_wconf 84' lang='grc' dir='ltr'>δικαστήρια</span> <span class='ocrx_word' id='word_1_655' title='bbox 2840 3850 3188 3919; x_wconf 78' lang='grc' dir='ltr'>περιτρέχων,</span> <span class='ocrx_word' id='word_1_656' title='bbox 3214 3853 3348 3918; x_wconf 82' lang='grc' dir='ltr'>ὅλως</span> <span class='ocrx_word' id='word_1_657' title='bbox 3373 3874 3432 3909; x_wconf 89' lang='grc' dir='ltr'><strong>τε</strong></span> <span class='ocrx_word' id='word_1_658' title='bbox 3459 3864 3578 3924; x_wconf 86' lang='grc' dir='ltr'>ταῖς</span> <span class='ocrx_word' id='word_1_659' title='bbox 3611 3862 3711 3916; x_wconf 81' lang='grc' dir='ltr'>τοῦ</span> <span class='ocrx_word' id='word_1_660' title='bbox 3742 3865 3836 3917; x_wconf 83' lang='grc' dir='ltr'><strong>σώ-</strong></span> 
     </span>
    </p>
   </div>
   <div class='ocr_carea' id='block_1_84' title="bbox 2286 3926 3833 4025">
    <p class='ocr_par' dir='ltr' id='par_1_84' title="bbox 2286 3926 3833 4025">
     <span class='ocr_line' id='line_1_84' title="bbox 2286 3926 3833 4025; baseline 0.025 -52"><span class='ocrx_word' id='word_1_661' title='bbox 2286 3937 2450 4024; x_wconf 69' lang='grc' dir='ltr'>ματος</span> <span class='ocrx_word' id='word_1_662' title='bbox 2490 3926 2840 3997; x_wconf 75' lang='grc' dir='ltr'>ἡδυπαθείαις</span> <span class='ocrx_word' id='word_1_663' title='bbox 2885 3945 3396 4014; x_wconf 80' lang='grc' dir='ltr'>κατορωρυγμένος,</span> <span class='ocrx_word' id='word_1_664' title='bbox 3445 3950 3501 4002; x_wconf 79' lang='grc' dir='ltr'>ἐν</span> <span class='ocrx_word' id='word_1_665' title='bbox 3547 3951 3696 4025; x_wconf 83' lang='grc' dir='ltr'>βυθῷ</span> <span class='ocrx_word' id='word_1_666' title='bbox 3739 3956 3833 4025; x_wconf 73' lang='grc' dir='ltr'>τῆς</span> 
     </span>
    </p>
   </div>
   <div class='ocr_carea' id='block_1_85' title="bbox 2281 4013 3833 4117">
    <p class='ocr_par' dir='ltr' id='par_1_85' title="bbox 2281 4013 3833 4117">
     <span class='ocr_line' id='line_1_85' title="bbox 2281 4013 3833 4117; baseline 0.024 -52"><span class='ocrx_word' id='word_1_667' title='bbox 2281 4013 2382 4082; x_wconf 84' lang='grc' dir='ltr'>γῆς</span> <span class='ocrx_word' id='word_1_668' title='bbox 2403 4018 2571 4073; x_wconf 82' lang='grc' dir='ltr'>οἰκεῖν</span> <span class='ocrx_word' id='word_1_669' title='bbox 2591 4020 2784 4088; x_wconf 85' lang='grc' dir='ltr'>λέγοιτ’</span> <span class='ocrx_word' id='word_1_670' title='bbox 2808 4026 2872 4079; x_wconf 85' lang='grc' dir='ltr'><strong>ἂν</strong></span> <span class='ocrx_word' id='word_1_671' title='bbox 2900 4031 3122 4097; x_wconf 84' lang='grc' dir='ltr'>εἰκότως</span> <span class='ocrx_word' id='word_1_672' title='bbox 3143 4052 3154 4063; x_wconf 88' lang='grc'><strong>·</strong></span> <span class='ocrx_word' id='word_1_673' title='bbox 3178 4013 3226 4088; x_wconf 82' lang='lat' dir='ltr'><strong>oi</strong></span> <span class='ocrx_word' id='word_1_674' title='bbox 3253 4037 3307 4089; x_wconf 86' lang='grc' dir='ltr'><strong>δὲ</strong></span> <span class='ocrx_word' id='word_1_675' title='bbox 3344 4057 3363 4089; x_wconf 78' lang='grc' dir='ltr'><strong>ι</strong></span> <span class='ocrx_word' id='word_1_676' title='bbox 3383 4013 3754 4112; x_wconf 63' lang='grc' dir='ltr'>περιελθόντες</span> 
     </span>
    </p>
   </div>
   <div class='ocr_carea' id='block_1_86' title="bbox 2283 4104 3827 4207">
    <p class='ocr_par' dir='ltr' id='par_1_86' title="bbox 2283 4104 3827 4207">
     <span class='ocr_line' id='line_1_86' title="bbox 2283 4104 3827 4207; baseline 0.026 -54"><span class='ocrx_word' id='word_1_677' title='bbox 2283 4104 2553 4207; x_wconf 56' lang='grc' dir='ltr'>μηλωταῖς</span> <span class='ocrx_word' id='word_1_678' title='bbox 2599 4115 2691 4166; x_wconf 88' lang='grc' dir='ltr'>καὶ</span> <span class='ocrx_word' id='word_1_679' title='bbox 2736 4116 2793 4168; x_wconf 73' lang='grc' dir='ltr'>ἐν</span> <span class='ocrx_word' id='word_1_680' title='bbox 2834 4120 3060 4187; x_wconf 78' lang='grc' dir='ltr'>αἰγίνοις</span> <span class='ocrx_word' id='word_1_681' title='bbox 3102 4126 3381 4199; x_wconf 80' lang='grc' dir='ltr'>δέρμασιν,</span> <span class='ocrx_word' id='word_1_682' title='bbox 3430 4104 3827 4207; x_wconf 64' lang='grc' dir='ltr'>ὑστερούμενοι,</span> 
     </span>
    </p>
   </div>
   <div class='ocr_carea' id='block_1_87' title="bbox 2239 4194 3831 4298">
    <p class='ocr_par' dir='ltr' id='par_1_87' title="bbox 2239 4194 3831 4298">
     <span class='ocr_line' id='line_1_87' title="bbox 2239 4194 3831 4298; baseline 0.026 -56"><span class='ocrx_word' id='word_1_683' title='bbox 2239 4196 2244 4201; x_wconf 73' lang='grc'><strong>”</strong></span> <span class='ocrx_word' id='word_1_684' title='bbox 2278 4194 2594 4298; x_wconf 68' lang='grc' dir='ltr'>θλιϐόμενοι,</span> <span class='ocrx_word' id='word_1_685' title='bbox 2624 4209 3065 4295; x_wconf 81' lang='grc' dir='ltr'>κακουχούμενοι,</span> <span class='ocrx_word' id='word_1_686' title='bbox 3102 4235 3119 4266; x_wconf 73' lang='grc' dir='ltr'><strong>ι</strong></span> <span class='ocrx_word' id='word_1_687' title='bbox 3164 4194 3456 4287; x_wconf 78' lang='grc' dir='ltr'>φεύγοντές</span> <span class='ocrx_word' id='word_1_688' title='bbox 3488 4194 3678 4280; x_wconf 39' lang='grc' dir='ltr'>τεΙτάι</span> <span class='ocrx_word' id='word_1_689' title='bbox 3697 4194 3831 4298; x_wconf 67' lang='grc' dir='ltr'>μέσα</span> 
     </span>
    </p>
   </div>
   <div class='ocr_carea' id='block_1_88' title="bbox 625 4285 2195 4467">
    <p class='ocr_par' dir='ltr' id='par_1_88' title="bbox 625 4301 2174 4467">
     <span class='ocr_line' id='line_1_88' title="bbox 632 4301 2174 4402; baseline 0.018 -40"><span class='ocrx_word' id='word_1_690' title='bbox 632 4325 795 4366; x_wconf 86' lang='lat' dir='ltr'><strong>esse:</strong></span> <span class='ocrx_word' id='word_1_691' title='bbox 851 4327 917 4385; x_wconf 78' lang='lat' dir='ltr'><strong>ac</strong></span> <span class='ocrx_word' id='word_1_692' title='bbox 965 4301 1180 4374; x_wconf 83' lang='lat' dir='ltr'><strong>etiamsi</strong></span> <span class='ocrx_word' id='word_1_693' title='bbox 1231 4333 1339 4372; x_wconf 90' lang='lat' dir='ltr'><strong>non</strong></span> <span class='ocrx_word' id='word_1_694' title='bbox 1395 4331 1820 4390; x_wconf 67' lang='lat' dir='ltr'><strong>prorsus’erant</strong></span> <span class='ocrx_word' id='word_1_695' title='bbox 1870 4345 1899 4382; x_wconf 91' lang='lat' dir='ltr'><strong>a</strong></span> <span class='ocrx_word' id='word_1_696' title='bbox 1948 4347 2174 4402; x_wconf 85' lang='lat' dir='ltr'><strong>corpore</strong></span> 
     </span>
     <span class='ocr_line' id='line_1_89' title="bbox 625 4399 2168 4467; baseline 0.013 -20"><span class='ocrx_word' id='word_1_697' title='bbox 625 4399 901 4467; x_wconf 66' lang='lat' dir='ltr'><strong>exempti,</strong></span> <span class='ocrx_word' id='word_1_698' title='bbox 931 4402 1036 4456; x_wconf 86' lang='lat' dir='ltr'><strong>etsi</strong></span> <span class='ocrx_word' id='word_1_699' title='bbox 1080 4411 1236 4457; x_wconf 84' lang='lat' dir='ltr'><strong>extra</strong></span> <span class='ocrx_word' id='word_1_700' title='bbox 1277 4407 1408 4460; x_wconf 93' lang='lat' dir='ltr'><strong>illud</strong></span> <span class='ocrx_word' id='word_1_701' title='bbox 1456 4422 1675 4467; x_wconf 90' lang='lat' dir='ltr'><strong>essent.</strong></span> <span class='ocrx_word' id='word_1_702' title='bbox 1722 4421 1851 4467; x_wconf 90' lang='lat' dir='ltr'><strong>tunc</strong></span> <span class='ocrx_word' id='word_1_703' title='bbox 1891 4426 2070 4467; x_wconf 82' lang='lat' dir='ltr'><strong>tamen</strong></span> <span class='ocrx_word' id='word_1_704' title='bbox 2116 4423 2168 4467; x_wconf 82' lang='lat' dir='ltr'><strong>in</strong></span> 
     </span>
    </p>
   </div>
   <div class='ocr_carea' id='block_1_89' title="bbox 2293 4285 3832 4467">
    <p class='ocr_par' dir='ltr' id='par_1_89' title="bbox 2293 4285 3832 4467">
     <span class='ocr_line' id='line_1_90' title="bbox 2293 4285 3832 4389; baseline 0.026 -56"><span class='ocrx_word' id='word_1_705' title='bbox 2293 4285 2377 4335; x_wconf 77' lang='grc' dir='ltr'><strong>τῶν</strong></span> <span class='ocrx_word' id='word_1_706' title='bbox 2401 4285 2622 4353; x_wconf 86' lang='grc' dir='ltr'>πόλεων,</span> <span class='ocrx_word' id='word_1_707' title='bbox 2651 4294 2743 4346; x_wconf 81' lang='grc' dir='ltr'><strong>καὶ</strong></span> <span class='ocrx_word' id='word_1_708' title='bbox 2776 4297 2874 4359; x_wconf 83' lang='grc' dir='ltr'>τὰς</span> <span class='ocrx_word' id='word_1_709' title='bbox 2903 4289 3180 4372; x_wconf 73' lang='grc' dir='ltr'>διατριϐὰς</span> <span class='ocrx_word' id='word_1_710' title='bbox 3207 4308 3264 4361; x_wconf 86' lang='grc' dir='ltr'>ὲν</span> <span class='ocrx_word' id='word_1_711' title='bbox 3284 4285 3546 4382; x_wconf 29' lang='grc' dir='ltr'>’ἐρημίαις</span> <span class='ocrx_word' id='word_1_712' title='bbox 3577 4285 3832 4389; x_wconf 66' lang='grc' dir='ltr'>ποιούμε-</span> 
     </span>
     <span class='ocr_line' id='line_1_91' title="bbox 2293 4376 3825 4467; baseline 0.028 -45"><span class='ocrx_word' id='word_1_713' title='bbox 2293 4390 2348 4424; x_wconf 75' lang='grc' dir='ltr'>νοι</span> <span class='ocrx_word' id='word_1_714' title='bbox 2385 4376 2475 4428; x_wconf 80' lang='grc' dir='ltr'>καὶ</span> <span class='ocrx_word' id='word_1_715' title='bbox 2508 4376 2655 4448; x_wconf 79' lang='grc' dir='ltr'>ὄρεσι</span> <span class='ocrx_word' id='word_1_716' title='bbox 2685 4385 2778 4435; x_wconf 79' lang='grc' dir='ltr'><strong>καὶ</strong></span> <span class='ocrx_word' id='word_1_717' title='bbox 2805 4387 3091 4458; x_wconf 88' lang='grc' dir='ltr'>σπηλαίοις</span> <span class='ocrx_word' id='word_1_718' title='bbox 3125 4397 3216 4448; x_wconf 73' lang='grc' dir='ltr'><strong>καὶ</strong></span> <span class='ocrx_word' id='word_1_719' title='bbox 3249 4402 3369 4464; x_wconf 87' lang='grc' dir='ltr'>ταῖς</span> <span class='ocrx_word' id='word_1_720' title='bbox 3397 4402 3552 4467; x_wconf 89' lang='grc' dir='ltr'>όπαῖς</span> <span class='ocrx_word' id='word_1_721' title='bbox 3579 4407 3681 4467; x_wconf 80' lang='grc' dir='ltr'>τῆς</span> <span class='ocrx_word' id='word_1_722' title='bbox 3709 4409 3825 4467; x_wconf 82' lang='grc' dir='ltr'>γῆς.</span> 
     </span>
    </p>
   </div>
   <div class='ocr_carea' id='block_1_90' title="bbox 630 4406 2195 4479">
    <p class='ocr_par' dir='ltr' id='par_1_90' title="bbox 630 4406 2172 4479">
     <span class='ocr_line' id='line_1_92' title="bbox 630 4406 2172 4479; baseline 0.019 -32"><span class='ocrx_word' id='word_1_723' title='bbox 630 4406 901 4468; x_wconf 76' lang='lat' dir='ltr'><strong>exempti,</strong></span> <span class='ocrx_word' id='word_1_724' title='bbox 931 4406 1036 4456; x_wconf 86' lang='lat' dir='ltr'><strong>etsi</strong></span> <span class='ocrx_word' id='word_1_725' title='bbox 1080 4411 1236 4457; x_wconf 87' lang='lat' dir='ltr'><strong>extra</strong></span> <span class='ocrx_word' id='word_1_726' title='bbox 1277 4407 1408 4460; x_wconf 93' lang='lat' dir='ltr'><strong>illud</strong></span> <span class='ocrx_word' id='word_1_727' title='bbox 1456 4422 1675 4479; x_wconf 89' lang='lat' dir='ltr'><strong>essent,</strong></span> <span class='ocrx_word' id='word_1_728' title='bbox 1722 4421 1851 4469; x_wconf 91' lang='lat' dir='ltr'><strong>tunc</strong></span> <span class='ocrx_word' id='word_1_729' title='bbox 1891 4426 2072 4474; x_wconf 89' lang='lat' dir='ltr'><strong>tamen</strong></span> <span class='ocrx_word' id='word_1_730' title='bbox 2116 4423 2172 4476; x_wconf 91' lang='lat' dir='ltr'><strong>in</strong></span> 
     </span>
    </p>
   </div>
   <div class='ocr_carea' id='block_1_91' title="bbox 2293 4406 3825 4479">
    <p class='ocr_par' dir='ltr' id='par_1_91' title="bbox 2293 4406 3825 4478">
     <span class='ocr_line' id='line_1_93' title="bbox 2293 4406 3825 4478; baseline 0.031 -59"><span class='ocrx_word' id='word_1_731' title='bbox 2293 4406 2348 4424; x_wconf 63' lang='grc' dir='ltr'><strong>πη</strong></span> <span class='ocrx_word' id='word_1_732' title='bbox 2386 4406 2475 4428; x_wconf 62' lang='grc' dir='ltr'>και.</span> <span class='ocrx_word' id='word_1_733' title='bbox 2508 4406 2655 4448; x_wconf 72' lang='grc' dir='ltr'>υρεοι</span> <span class='ocrx_word' id='word_1_734' title='bbox 2685 4406 2778 4435; x_wconf 82' lang='grc' dir='ltr'><strong>και</strong></span> <span class='ocrx_word' id='word_1_735' title='bbox 2805 4406 3091 4458; x_wconf 69' lang='grc' dir='ltr'>σπηλαιοις</span> <span class='ocrx_word' id='word_1_736' title='bbox 3125 4406 3216 4448; x_wconf 79' lang='grc' dir='ltr'>καὶ</span> <span class='ocrx_word' id='word_1_737' title='bbox 3249 4406 3369 4464; x_wconf 86' lang='grc' dir='ltr'>ταῖς</span> <span class='ocrx_word' id='word_1_738' title='bbox 3397 4406 3552 4467; x_wconf 87' lang='grc' dir='ltr'>όπαῖς</span> <span class='ocrx_word' id='word_1_739' title='bbox 3579 4407 3681 4477; x_wconf 81' lang='grc' dir='ltr'>τῆς</span> <span class='ocrx_word' id='word_1_740' title='bbox 3709 4409 3825 4478; x_wconf 79' lang='grc' dir='ltr'>γῆς,</span> 
     </span>
    </p>
   </div>
   <div class='ocr_carea' id='block_1_92' title="bbox 630 4484 2248 4598">
    <p class='ocr_par' dir='ltr' id='par_1_92' title="bbox 630 4484 2248 4598">
     <span class='ocr_line' id='line_1_94' title="bbox 630 4484 2248 4598; baseline 0.016 -59"><span class='ocrx_word' id='word_1_741' title='bbox 630 4484 749 4552; x_wconf 82' lang='lat' dir='ltr'><strong>ipso</strong></span> <span class='ocrx_word' id='word_1_742' title='bbox 790 4487 1059 4552; x_wconf 76' lang='lat' dir='ltr'><strong>viventes,</strong></span> <span class='ocrx_word' id='word_1_743' title='bbox 1091 4491 1290 4562; x_wconf 85' lang='lat' dir='ltr'><strong>illoque</strong></span> <span class='ocrx_word' id='word_1_744' title='bbox 1319 4505 1376 4548; x_wconf 91' lang='lat' dir='ltr'><strong>ut</strong></span> <span class='ocrx_word' id='word_1_745' title='bbox 1406 4498 1766 4556; x_wconf 89' lang='lat' dir='ltr'><strong>instrumento</strong></span> <span class='ocrx_word' id='word_1_746' title='bbox 1800 4511 2042 4571; x_wconf 88' lang='lat' dir='ltr'><strong>utentes,</strong></span> <span class='ocrx_word' id='word_1_747' title='bbox 2076 4524 2164 4564; x_wconf 88' lang='lat' dir='ltr'><strong>ne-</strong></span> <span class='ocrx_word' id='word_1_748' title='bbox 2201 4541 2248 4598; x_wconf 70' lang='grc' dir='ltr'>υ</span> 
     </span>
    </p>
   </div>
   <div class='ocr_carea' id='block_1_93' title="bbox 628 4577 2169 4669">
    <p class='ocr_par' dir='ltr' id='par_1_93' title="bbox 628 4577 2169 4669">
     <span class='ocr_line' id='line_1_95' title="bbox 628 4577 2169 4669; baseline 0.018 -42"><span class='ocrx_word' id='word_1_749' title='bbox 628 4589 907 4643; x_wconf 77' lang='lat' dir='ltr'><strong>quaquam</strong></span> <span class='ocrx_word' id='word_1_750' title='bbox 925 4577 977 4630; x_wconf 91' lang='lat' dir='ltr'><strong>in</strong></span> <span class='ocrx_word' id='word_1_751' title='bbox 1007 4580 1129 4635; x_wconf 71' lang='lat' dir='ltr'><strong>vitae</strong></span> <span class='ocrx_word' id='word_1_752' title='bbox 1154 4585 1291 4637; x_wconf 88' lang='lat' dir='ltr'><strong>mala</strong></span> <span class='ocrx_word' id='word_1_753' title='bbox 1317 4586 1763 4660; x_wconf 82' lang='lat' dir='ltr'><strong>demergebantur</strong></span> <span class='ocrx_word' id='word_1_754' title='bbox 1785 4612 1799 4661; x_wconf 91' lang='lat'><strong>;</strong></span> <span class='ocrx_word' id='word_1_755' title='bbox 1825 4598 1915 4651; x_wconf 87' lang='lat' dir='ltr'><strong>sed</strong></span> <span class='ocrx_word' id='word_1_756' title='bbox 1945 4603 2169 4669; x_wconf 89' lang='lat' dir='ltr'><strong>carptim</strong></span> 
     </span>
    </p>
   </div>
   <div class='ocr_carea' id='block_1_94' title="bbox 626 4667 2166 4758">
    <p class='ocr_par' dir='ltr' id='par_1_94' title="bbox 626 4667 2166 4758">
     <span class='ocr_line' id='line_1_96' title="bbox 626 4667 2166 4758; baseline 0.019 -40"><span class='ocrx_word' id='word_1_757' title='bbox 626 4667 964 4723; x_wconf 71' lang='lat' dir='ltr'><strong>solummodo</strong></span> <span class='ocrx_word' id='word_1_758' title='bbox 985 4679 1348 4733; x_wconf 88' lang='lat' dir='ltr'><strong>necessarium</strong></span> <span class='ocrx_word' id='word_1_759' title='bbox 1380 4682 1579 4750; x_wconf 86' lang='lat' dir='ltr'><strong>cibum,</strong></span> <span class='ocrx_word' id='word_1_760' title='bbox 1615 4695 1667 4740; x_wconf 92' lang='lat' dir='ltr'><strong>et</strong></span> <span class='ocrx_word' id='word_1_761' title='bbox 1693 4688 1897 4758; x_wconf 88' lang='lat' dir='ltr'><strong>reliqua</strong></span> <span class='ocrx_word' id='word_1_762' title='bbox 1922 4691 1988 4744; x_wconf 88' lang='lat' dir='ltr'><strong>ad</strong></span> <span class='ocrx_word' id='word_1_763' title='bbox 2014 4709 2166 4748; x_wconf 90' lang='lat' dir='ltr'><strong>usum</strong></span> 
     </span>
    </p>
   </div>
   <div class='ocr_carea' id='block_1_95' title="bbox 627 4760 2169 4846">
    <p class='ocr_par' dir='ltr' id='par_1_95' title="bbox 627 4760 2169 4846">
     <span class='ocr_line' id='line_1_97' title="bbox 627 4760 2169 4846; baseline 0.019 -36"><span class='ocrx_word' id='word_1_764' title='bbox 627 4760 886 4827; x_wconf 85' lang='lat' dir='ltr'><strong>requisita</strong></span> <span class='ocrx_word' id='word_1_765' title='bbox 927 4764 1296 4834; x_wconf 90' lang='lat' dir='ltr'><strong>contingentes</strong></span> <span class='ocrx_word' id='word_1_766' title='bbox 1339 4771 1639 4841; x_wconf 84' lang='lat' dir='ltr'><strong>degebant;</strong></span> <span class='ocrx_word' id='word_1_767' title='bbox 1667 4778 1792 4846; x_wconf 90' lang='lat' dir='ltr'><strong>jure</strong></span> <span class='ocrx_word' id='word_1_768' title='bbox 1829 4781 1885 4834; x_wconf 89' lang='lat' dir='ltr'><strong>in</strong></span> <span class='ocrx_word' id='word_1_769' title='bbox 1915 4786 2169 4840; x_wconf 78' lang='lat' dir='ltr'><strong>extremis</strong></span> 
     </span>
    </p>
   </div>
   <div class='ocr_carea' id='block_1_96' title="bbox 626 4849 2169 4942">
    <p class='ocr_par' dir='ltr' id='par_1_96' title="bbox 626 4849 2169 4942">
     <span class='ocr_line' id='line_1_98' title="bbox 626 4849 2169 4942; baseline 0.02 -43"><span class='ocrx_word' id='word_1_770' title='bbox 626 4854 680 4900; x_wconf 91' lang='lat' dir='ltr'><strong>et</strong></span> <span class='ocrx_word' id='word_1_771' title='bbox 706 4850 760 4902; x_wconf 90' lang='lat' dir='ltr'><strong>in</strong></span> <span class='ocrx_word' id='word_1_772' title='bbox 789 4849 987 4907; x_wconf 85' lang='lat' dir='ltr'><strong>ﬁnibus</strong></span> <span class='ocrx_word' id='word_1_773' title='bbox 1013 4859 1255 4925; x_wconf 87' lang='lat' dir='ltr'><strong>corporis</strong></span> <span class='ocrx_word' id='word_1_774' title='bbox 1294 4861 1384 4915; x_wconf 92' lang='lat' dir='ltr'><strong>siti</strong></span> <span class='ocrx_word' id='word_1_775' title='bbox 1427 4865 1779 4924; x_wconf 89' lang='lat' dir='ltr'><strong>videbantur:</strong></span> <span class='ocrx_word' id='word_1_776' title='bbox 1827 4876 2004 4942; x_wconf 86' lang='lat' dir='ltr'><strong>qualis</strong></span> <span class='ocrx_word' id='word_1_777' title='bbox 2048 4888 2169 4931; x_wconf 85' lang='lat' dir='ltr'><strong>erat</strong></span> 
     </span>
    </p>
   </div>
   <div class='ocr_carea' id='block_1_97' title="bbox 627 4933 2164 5031">
    <p class='ocr_par' dir='ltr' id='par_1_97' title="bbox 627 4933 2164 5031">
     <span class='ocr_line' id='line_1_99' title="bbox 627 4933 2164 5031; baseline 0.025 -44"><span class='ocrx_word' id='word_1_778' title='bbox 627 4933 849 5005; x_wconf 88' lang='lat' dir='ltr'><strong>Paulus,</strong></span> <span class='ocrx_word' id='word_1_779' title='bbox 879 4943 973 5011; x_wconf 89' lang='lat' dir='ltr'><strong>qui</strong></span> <span class='ocrx_word' id='word_1_780' title='bbox 1021 4941 1233 5002; x_wconf 88' lang='lat' dir='ltr'><strong>dicebat</strong></span> <span class='ocrx_word' id='word_1_781' title='bbox 1283 4971 1295 5004; x_wconf 96' lang='lat'>:</span> <span class='ocrx_word' id='word_1_782' title='bbox 1343 4972 1361 5002; x_wconf 80' lang='grc' dir='ltr'><strong>ι</strong></span> <span class='ocrx_word' id='word_1_783' title='bbox 1414 4956 1472 5009; x_wconf 90' lang='lat' dir='ltr'><strong>ln</strong></span> <span class='ocrx_word' id='word_1_784' title='bbox 1503 4972 1664 5012; x_wconf 90' lang='lat' dir='ltr'><strong>carne</strong></span> <span class='ocrx_word' id='word_1_785' title='bbox 1701 4961 1843 5016; x_wconf 91' lang='lat' dir='ltr'><strong>enim</strong></span> <span class='ocrx_word' id='word_1_786' title='bbox 1889 4967 2164 5031; x_wconf 88' lang='lat' dir='ltr'><strong>viventes,</strong></span> 
     </span>
    </p>
   </div>
   <div class='ocr_carea' id='block_1_98' title="bbox 625 5035 2164 5118">
    <p class='ocr_par' dir='ltr' id='par_1_98' title="bbox 625 5035 2164 5118">
     <span class='ocr_line' id='line_1_100' title="bbox 625 5035 2164 5118; baseline 0.025 -40"><span class='ocrx_word' id='word_1_787' title='bbox 625 5041 735 5080; x_wconf 91' lang='lat' dir='ltr'><strong>non</strong></span> <span class='ocrx_word' id='word_1_788' title='bbox 776 5035 1071 5090; x_wconf 82' lang='lat' dir='ltr'><strong>secundum</strong></span> <span class='ocrx_word' id='word_1_789' title='bbox 1113 5053 1328 5096; x_wconf 87' lang='lat' dir='ltr'><strong>carnem</strong></span> <span class='ocrx_word' id='word_1_790' title='bbox 1370 5047 1668 5104; x_wconf 90' lang='lat' dir='ltr'><strong>militamus</strong></span> <span class='ocrx_word' id='word_1_791' title='bbox 1708 5052 1787 5118; x_wconf 74' lang='lat'><strong>“;</strong></span> <span class='ocrx_word' id='word_1_792' title='bbox 1819 5074 1836 5102; x_wconf 72' lang='grc' dir='ltr'><strong>ι</strong></span> <span class='ocrx_word' id='word_1_793' title='bbox 1860 5064 1944 5112; x_wconf 90' lang='lat' dir='ltr'><strong>et:</strong></span> <span class='ocrx_word' id='word_1_794' title='bbox 1979 5076 1998 5108; x_wconf 79' lang='grc' dir='ltr'><strong>ι</strong></span> <span class='ocrx_word' id='word_1_795' title='bbox 2032 5060 2164 5114; x_wconf 86' lang='lat' dir='ltr'><strong>Cum</strong></span> 
     </span>
    </p>
   </div>
   <div class='ocr_carea' id='block_1_99' title="bbox 625 5118 2160 5224">
    <p class='ocr_par' dir='ltr' id='par_1_99' title="bbox 625 5118 2160 5224">
     <span class='ocr_line' id='line_1_101' title="bbox 625 5118 2160 5224; baseline 0.022 -50"><span class='ocrx_word' id='word_1_796' title='bbox 625 5118 844 5178; x_wconf 88' lang='lat' dir='ltr'><strong>Christo</strong></span> <span class='ocrx_word' id='word_1_797' title='bbox 869 5129 1161 5187; x_wconf 84' lang='lat' dir='ltr'><strong>cruciﬁxus</strong></span> <span class='ocrx_word' id='word_1_798' title='bbox 1187 5149 1304 5188; x_wconf 89' lang='lat' dir='ltr'><strong>sum</strong></span> <span class='ocrx_word' id='word_1_799' title='bbox 1334 5155 1346 5202; x_wconf 95' lang='lat'><strong>;</strong></span> <span class='ocrx_word' id='word_1_800' title='bbox 1379 5138 1501 5193; x_wconf 89' lang='lat' dir='ltr'><strong>vivo</strong></span> <span class='ocrx_word' id='word_1_801' title='bbox 1529 5150 1709 5196; x_wconf 90' lang='lat' dir='ltr'><strong>autem</strong></span> <span class='ocrx_word' id='word_1_802' title='bbox 1729 5185 1741 5206; x_wconf 94' lang='lat'><strong>,</strong></span> <span class='ocrx_word' id='word_1_803' title='bbox 1769 5145 1879 5213; x_wconf 85' lang='lat' dir='ltr'><strong>jam</strong></span> <span class='ocrx_word' id='word_1_804' title='bbox 1908 5166 2015 5205; x_wconf 89' lang='lat' dir='ltr'><strong>non</strong></span> <span class='ocrx_word' id='word_1_805' title='bbox 2044 5170 2160 5224; x_wconf 87' lang='lat' dir='ltr'><strong>ego,</strong></span> 
     </span>
    </p>
   </div>
   <div class='ocr_carea' id='block_1_100' title="bbox 623 5210 2164 5304">
    <p class='ocr_par' dir='ltr' id='par_1_100' title="bbox 623 5210 2164 5304">
     <span class='ocr_line' id='line_1_102' title="bbox 623 5210 2164 5304; baseline 0.027 -45"><span class='ocrx_word' id='word_1_806' title='bbox 623 5210 756 5265; x_wconf 85' lang='lat' dir='ltr'><strong>vivit</strong></span> <span class='ocrx_word' id='word_1_807' title='bbox 783 5229 910 5268; x_wconf 87' lang='lat' dir='ltr'><strong>vero</strong></span> <span class='ocrx_word' id='word_1_808' title='bbox 939 5219 994 5272; x_wconf 89' lang='lat' dir='ltr'><strong>in</strong></span> <span class='ocrx_word' id='word_1_809' title='bbox 1023 5237 1108 5276; x_wconf 89' lang='lat' dir='ltr'><strong>me</strong></span> <span class='ocrx_word' id='word_1_810' title='bbox 1133 5221 1382 5281; x_wconf 90' lang='lat' dir='ltr'><strong>Christus</strong></span> <span class='ocrx_word' id='word_1_811' title='bbox 1414 5229 1476 5282; x_wconf 78' lang='grc'><strong>³⁵.</strong></span> <span class='ocrx_word' id='word_1_812' title='bbox 1508 5248 1527 5281; x_wconf 72' lang='grc' dir='ltr'><strong>ι</strong></span> <span class='ocrx_word' id='word_1_813' title='bbox 1557 5231 1658 5295; x_wconf 86' lang='lat' dir='ltr'><strong>Qui</strong></span> <span class='ocrx_word' id='word_1_814' title='bbox 1689 5251 1816 5304; x_wconf 81' lang='lat' dir='ltr'><strong>ergo</strong></span> <span class='ocrx_word' id='word_1_815' title='bbox 1841 5238 1919 5292; x_wconf 88' lang='lat' dir='ltr'><strong>sic</strong></span> <span class='ocrx_word' id='word_1_816' title='bbox 1942 5210 2164 5300; x_wconf 53' lang='lat' dir='ltr'><strong>allectus</strong></span> 
     </span>
    </p>
   </div>
   <div class='ocr_carea' id='block_1_101' title="bbox 624 5304 2164 5388">
    <p class='ocr_par' dir='ltr' id='par_1_101' title="bbox 624 5304 2164 5388">
     <span class='ocr_line' id='line_1_103' title="bbox 624 5304 2164 5388; baseline 0.023 -33"><span class='ocrx_word' id='word_1_817' title='bbox 624 5313 738 5360; x_wconf 79' lang='lat' dir='ltr'><strong>est.</strong></span> <span class='ocrx_word' id='word_1_818' title='bbox 765 5304 887 5371; x_wconf 91' lang='lat' dir='ltr'><strong>jure</strong></span> <span class='ocrx_word' id='word_1_819' title='bbox 917 5307 1058 5363; x_wconf 86' lang='lat' dir='ltr'><strong>dicat</strong></span> <span class='ocrx_word' id='word_1_820' title='bbox 1083 5311 1223 5367; x_wconf 90' lang='lat' dir='ltr'><strong>Deo:</strong></span> <span class='ocrx_word' id='word_1_821' title='bbox 1252 5315 1518 5375; x_wconf 58' lang='lat' dir='ltr'><strong>(Intende</strong></span> <span class='ocrx_word' id='word_1_822' title='bbox 1546 5325 1777 5378; x_wconf 87' lang='lat' dir='ltr'><strong>orationi</strong></span> <span class='ocrx_word' id='word_1_823' title='bbox 1810 5342 1957 5384; x_wconf 61' lang='lat' dir='ltr'><strong>meae.</strong></span> <span class='ocrx_word' id='word_1_824' title='bbox 1989 5351 2006 5382; x_wconf 75' lang='grc' dir='ltr'><strong>ι</strong></span> <span class='ocrx_word' id='word_1_825' title='bbox 2031 5333 2164 5388; x_wconf 72' lang='grc' dir='ltr'>Μυί-</span> 
     </span>
    </p>
   </div>
   <div class='ocr_carea' id='block_1_102' title="bbox 627 5393 2163 5496">
    <p class='ocr_par' dir='ltr' id='par_1_102' title="bbox 627 5393 2163 5496">
     <span class='ocr_line' id='line_1_104' title="bbox 627 5393 2163 5496; baseline 0.027 -54"><span class='ocrx_word' id='word_1_826' title='bbox 627 5393 839 5462; x_wconf 85' lang='lat' dir='ltr'><strong>tamque</strong></span> <span class='ocrx_word' id='word_1_827' title='bbox 867 5399 920 5450; x_wconf 89' lang='lat' dir='ltr'><strong>in</strong></span> <span class='ocrx_word' id='word_1_828' title='bbox 948 5399 1252 5468; x_wconf 88' lang='lat' dir='ltr'><strong>hujusmodi</strong></span> <span class='ocrx_word' id='word_1_829' title='bbox 1277 5407 1384 5460; x_wconf 87' lang='lat' dir='ltr'><strong>vita</strong></span> <span class='ocrx_word' id='word_1_830' title='bbox 1416 5409 1662 5466; x_wconf 88' lang='lat' dir='ltr'><strong>ﬁduciam</strong></span> <span class='ocrx_word' id='word_1_831' title='bbox 1695 5417 1929 5482; x_wconf 79' lang='lat' dir='ltr'><strong>habens.</strong></span> <span class='ocrx_word' id='word_1_832' title='bbox 1960 5440 2163 5496; x_wconf 83' lang='lat' dir='ltr'><strong>nequa-</strong></span> 
     </span>
    </p>
   </div>
   <div class='ocr_carea' id='block_1_103' title="bbox 629 5489 2161 5575">
    <p class='ocr_par' dir='ltr' id='par_1_103' title="bbox 629 5489 2161 5575">
     <span class='ocr_line' id='line_1_105' title="bbox 629 5489 2161 5575; baseline 0.031 -48"><span class='ocrx_word' id='word_1_833' title='bbox 629 5493 786 5545; x_wconf 85' lang='lat' dir='ltr'><strong>qnam</strong></span> <span class='ocrx_word' id='word_1_834' title='bbox 834 5489 1090 5541; x_wconf 85' lang='lat' dir='ltr'><strong>mentitur</strong></span> <span class='ocrx_word' id='word_1_835' title='bbox 1134 5507 1252 5546; x_wconf 90' lang='lat' dir='ltr'><strong>cum</strong></span> <span class='ocrx_word' id='word_1_836' title='bbox 1294 5496 1461 5551; x_wconf 83' lang='lat' dir='ltr'><strong>dicit:</strong></span> <span class='ocrx_word' id='word_1_837' title='bbox 1490 5517 1508 5550; x_wconf 77' lang='grc' dir='ltr'><strong>ι</strong></span> <span class='ocrx_word' id='word_1_838' title='bbox 1537 5501 1580 5553; x_wconf 81' lang='grc' dir='ltr'><strong>Α</strong></span> <span class='ocrx_word' id='word_1_839' title='bbox 1611 5506 1803 5561; x_wconf 82' lang='lat' dir='ltr'><strong>ﬁnibus</strong></span> <span class='ocrx_word' id='word_1_840' title='bbox 1835 5520 1987 5567; x_wconf 60' lang='lat' dir='ltr'><strong>terra;</strong></span> <span class='ocrx_word' id='word_1_841' title='bbox 2014 5489 2078 5572; x_wconf 68' lang='lat' dir='ltr'><strong>ad</strong></span> <span class='ocrx_word' id='word_1_842' title='bbox 2109 5528 2161 5575; x_wconf 90' lang='lat' dir='ltr'><strong>te</strong></span> 
     </span>
    </p>
   </div>
   <div class='ocr_carea' id='block_1_104' title="bbox 628 5569 2158 5665">
    <p class='ocr_par' dir='ltr' id='par_1_104' title="bbox 628 5569 2158 5665">
     <span class='ocr_line' id='line_1_106' title="bbox 628 5569 2158 5665; baseline 0.032 -48"><span class='ocrx_word' id='word_1_843' title='bbox 628 5569 870 5626; x_wconf 86' lang='lat' dir='ltr'><strong>clamavi.</strong></span> <span class='ocrx_word' id='word_1_844' title='bbox 902 5596 918 5626; x_wconf 76' lang='grc' dir='ltr'><strong>ι</strong></span> <span class='ocrx_word' id='word_1_845' title='bbox 946 5578 1179 5634; x_wconf 84' lang='lat' dir='ltr'><strong>Causam</strong></span> <span class='ocrx_word' id='word_1_846' title='bbox 1211 5599 1337 5636; x_wconf 84' lang='lat' dir='ltr'><strong>vero</strong></span> <span class='ocrx_word' id='word_1_847' title='bbox 1369 5589 1550 5657; x_wconf 87' lang='lat' dir='ltr'><strong>adjicit</strong></span> <span class='ocrx_word' id='word_1_848' title='bbox 1595 5593 1676 5648; x_wconf 87' lang='lat' dir='ltr'><strong>his</strong></span> <span class='ocrx_word' id='word_1_849' title='bbox 1726 5602 1936 5664; x_wconf 86' lang='lat' dir='ltr'><strong>verbis,</strong></span> <span class='ocrx_word' id='word_1_850' title='bbox 1971 5623 1988 5653; x_wconf 72' lang='grc' dir='ltr'><strong>ι</strong></span> <span class='ocrx_word' id='word_1_851' title='bbox 2025 5606 2158 5665; x_wconf 88' lang='lat' dir='ltr'><strong>Dum</strong></span> 
     </span>
    </p>
   </div>
   <div class='ocr_carea' id='block_1_105' title="bbox 700 5765 1512 5844">
    <p class='ocr_par' dir='ltr' id='par_1_105' title="bbox 700 5765 1512 5844">
     <span class='ocr_line' id='line_1_107' title="bbox 700 5765 1512 5844; baseline 0.034 -28"><span class='ocrx_word' id='word_1_852' title='bbox 700 5765 740 5794; x_wconf 70' lang='grc'><strong>³³</strong></span> <span class='ocrx_word' id='word_1_853' title='bbox 782 5769 910 5826; x_wconf 49' lang='grc' dir='ltr'><strong>έίγί).</strong></span> <span class='ocrx_word' id='word_1_854' title='bbox 956 5794 1041 5843; x_wconf 62' lang='grc' dir='ltr'>λι,</span> <span class='ocrx_word' id='word_1_855' title='bbox 1075 5781 1156 5834; x_wconf 77' lang='lat'><strong>57.</strong></span> <span class='ocrx_word' id='word_1_856' title='bbox 1240 5787 1279 5816; x_wconf 70' lang='grc'><strong>³³</strong></span> <span class='ocrx_word' id='word_1_857' title='bbox 1322 5788 1359 5838; x_wconf 75' lang='grc' dir='ltr'>Η</span> <span class='ocrx_word' id='word_1_858' title='bbox 1396 5790 1512 5844; x_wconf 67' lang='lat' dir='ltr'><strong>Cor.</strong></span> 
     </span>
    </p>
   </div>
   <div class='ocr_carea' id='block_1_106' title="bbox 1561 5797 2204 5874">
    <p class='ocr_par' dir='ltr' id='par_1_106' title="bbox 1561 5797 2204 5874">
     <span class='ocr_line' id='line_1_108' title="bbox 1561 5797 2204 5874; baseline 0.023 -27"><span class='ocrx_word' id='word_1_859' title='bbox 1561 5811 1618 5859; x_wconf 53' lang='grc' dir='ltr'>κ,</span> <span class='ocrx_word' id='word_1_860' title='bbox 1651 5797 1699 5849; x_wconf 79' lang='lat'><strong>5.</strong></span> <span class='ocrx_word' id='word_1_861' title='bbox 1782 5800 1822 5830; x_wconf 64' lang='grc' dir='ltr'><strong>αδ</strong></span> <span class='ocrx_word' id='word_1_862' title='bbox 1865 5801 1976 5857; x_wconf 80' lang='lat' dir='ltr'><strong>Gal.</strong></span> <span class='ocrx_word' id='word_1_863' title='bbox 2019 5824 2082 5874; x_wconf 85' lang='grc' dir='ltr'><strong>ιι,</strong></span> <span class='ocrx_word' id='word_1_864' title='bbox 2118 5813 2204 5868; x_wconf 65' lang='lat'><strong>~20.</strong></span> 
     </span>
    </p>
   </div>
   <div class='ocr_carea' id='block_1_107' title="bbox 2271 4467 3929 4566">
    <p class='ocr_par' dir='ltr' id='par_1_107' title="bbox 2271 4467 3929 4566">
     <span class='ocr_line' id='line_1_109' title="bbox 2271 4467 3929 4566; baseline 0.021 -50"><span class='ocrx_word' id='word_1_865' title='bbox 2271 4467 2502 4536; x_wconf 76' lang='grc' dir='ltr'>εὐλόγως</span> <span class='ocrx_word' id='word_1_866' title='bbox 2531 4470 2596 4523; x_wconf 83' lang='grc' dir='ltr'><strong>ἂν</strong></span> <span class='ocrx_word' id='word_1_867' title='bbox 2633 4473 2863 4566; x_wconf 76' lang='grc' dir='ltr'>λεχθεῖεν</span> <span class='ocrx_word' id='word_1_868' title='bbox 2895 4478 3000 4544; x_wconf 79' lang='grc' dir='ltr'>ἔξω</span> <span class='ocrx_word' id='word_1_869' title='bbox 3047 4487 3335 4558; x_wconf 85' lang='grc' dir='ltr'>τυγχάνειν</span> <span class='ocrx_word' id='word_1_870' title='bbox 3363 4494 3460 4565; x_wconf 85' lang='grc' dir='ltr'>τῆς</span> <span class='ocrx_word' id='word_1_871' title='bbox 3485 4496 3588 4566; x_wconf 84' lang='grc' dir='ltr'>γῆς</span> <span class='ocrx_word' id='word_1_872' title='bbox 3928 4547 3929 4550; x_wconf 45' lang='grc' dir='ltr'><strong>η</strong></span> 
     </span>
    </p>
   </div>
   <div class='ocr_carea' id='block_1_108' title="bbox 2275 4558 3825 4658">
    <p class='ocr_par' dir='ltr' id='par_1_108' title="bbox 2275 4558 3825 4658">
     <span class='ocr_line' id='line_1_110' title="bbox 2275 4558 3825 4658; baseline 0.024 -50"><span class='ocrx_word' id='word_1_873' title='bbox 2275 4558 2371 4626; x_wconf 86' lang='grc' dir='ltr'>μὲν</span> <span class='ocrx_word' id='word_1_874' title='bbox 2404 4561 2476 4631; x_wconf 85' lang='grc' dir='ltr'><strong>μὴ</strong></span> <span class='ocrx_word' id='word_1_875' title='bbox 2511 4565 2784 4658; x_wconf 62' lang='grc' dir='ltr'>παντελῶς</span> <span class='ocrx_word' id='word_1_876' title='bbox 2815 4564 2953 4638; x_wconf 84' lang='grc' dir='ltr'>ἦσαν</span> <span class='ocrx_word' id='word_1_877' title='bbox 2995 4574 3397 4652; x_wconf 81' lang='grc' dir='ltr'>ἀπηλλαγμένοι</span> <span class='ocrx_word' id='word_1_878' title='bbox 3417 4558 3522 4638; x_wconf 45' lang='grc' dir='ltr'>’τού</span> <span class='ocrx_word' id='word_1_879' title='bbox 3545 4558 3825 4658; x_wconf 63' lang='grc' dir='ltr'>σώματος,</span> 
     </span>
    </p>
   </div>
   <div class='ocr_carea' id='block_1_109' title="bbox 2275 4651 3826 4747">
    <p class='ocr_par' dir='ltr' id='par_1_109' title="bbox 2275 4651 3826 4747">
     <span class='ocr_line' id='line_1_111' title="bbox 2275 4651 3826 4747; baseline 0.022 -46"><span class='ocrx_word' id='word_1_880' title='bbox 2275 4651 2375 4703; x_wconf 75' lang='grc' dir='ltr'>κᾶν</span> <span class='ocrx_word' id='word_1_881' title='bbox 2401 4653 2551 4715; x_wconf 78' lang='grc' dir='ltr'>ἐκτὸς</span> <span class='ocrx_word' id='word_1_882' title='bbox 2582 4651 2719 4725; x_wconf 84' lang='grc' dir='ltr'>ἦσαν</span> <span class='ocrx_word' id='word_1_883' title='bbox 2752 4661 2910 4714; x_wconf 83' lang='grc' dir='ltr'>αὐτοῦ</span> <span class='ocrx_word' id='word_1_884' title='bbox 2930 4679 2943 4693; x_wconf 90' lang='grc'><strong>·</strong></span> <span class='ocrx_word' id='word_1_885' title='bbox 2979 4665 3070 4720; x_wconf 83' lang='grc' dir='ltr'>νῦν</span> <span class='ocrx_word' id='word_1_886' title='bbox 3095 4669 3152 4722; x_wconf 86' lang='grc' dir='ltr'>δὲ</span> <span class='ocrx_word' id='word_1_887' title='bbox 3183 4651 3364 4745; x_wconf 77' lang='grc' dir='ltr'>ἐπειδὴ</span> <span class='ocrx_word' id='word_1_888' title='bbox 3397 4678 3452 4728; x_wconf 76' lang='grc' dir='ltr'>ὲν</span> <span class='ocrx_word' id='word_1_889' title='bbox 3481 4677 3628 4746; x_wconf 85' lang='grc' dir='ltr'>αὐτῷ</span> <span class='ocrx_word' id='word_1_890' title='bbox 3643 4651 3826 4747; x_wconf 42' lang='grc' dir='ltr'>’βιοῦν-λ</span> 
     </span>
    </p>
   </div>
   <div class='ocr_carea' id='block_1_110' title="bbox 2272 4744 3826 4831">
    <p class='ocr_par' dir='ltr' id='par_1_110' title="bbox 2272 4744 3826 4831">
     <span class='ocr_line' id='line_1_112' title="bbox 2272 4744 3826 4831; baseline 0.019 -39"><span class='ocrx_word' id='word_1_891' title='bbox 2272 4757 2378 4803; x_wconf 89' lang='grc' dir='ltr'>τες,</span> <span class='ocrx_word' id='word_1_892' title='bbox 2406 4744 2617 4814; x_wconf 81' lang='grc' dir='ltr'>ὀργάνῳ</span> <span class='ocrx_word' id='word_1_893' title='bbox 2654 4764 2712 4798; x_wconf 90' lang='grc' dir='ltr'><strong>τε</strong></span> <span class='ocrx_word' id='word_1_894' title='bbox 2758 4750 2905 4821; x_wconf 87' lang='grc' dir='ltr'>αὐτῷ</span> <span class='ocrx_word' id='word_1_895' title='bbox 2949 4756 3236 4828; x_wconf 84' lang='grc' dir='ltr'>χρώμενοι,</span> <span class='ocrx_word' id='word_1_896' title='bbox 3278 4744 3375 4815; x_wconf 84' lang='grc' dir='ltr'><strong>οὐκ</strong></span> <span class='ocrx_word' id='word_1_897' title='bbox 3419 4744 3826 4831; x_wconf 78' lang='grc' dir='ltr'>ὲνεὸαπτίζοντο</span> 
     </span>
    </p>
   </div>
   <div class='ocr_carea' id='block_1_111' title="bbox 2272 4831 3824 4931">
    <p class='ocr_par' dir='ltr' id='par_1_111' title="bbox 2272 4831 3824 4931">
     <span class='ocr_line' id='line_1_113' title="bbox 2272 4831 3824 4931; baseline 0.023 -52"><span class='ocrx_word' id='word_1_898' title='bbox 2272 4831 2380 4892; x_wconf 86' lang='grc' dir='ltr'>τοῖς</span> <span class='ocrx_word' id='word_1_899' title='bbox 2405 4831 2498 4884; x_wconf 83' lang='grc' dir='ltr'>τοῦ</span> <span class='ocrx_word' id='word_1_900' title='bbox 2548 4833 2662 4902; x_wconf 85' lang='grc' dir='ltr'>βίου</span> <span class='ocrx_word' id='word_1_901' title='bbox 2713 4844 2921 4904; x_wconf 85' lang='grc' dir='ltr'>κακοῖς,</span> <span class='ocrx_word' id='word_1_902' title='bbox 2953 4846 3250 4917; x_wconf 79' lang='grc' dir='ltr'>ἀκροθίνως</span> <span class='ocrx_word' id='word_1_903' title='bbox 3291 4852 3347 4904; x_wconf 88' lang='grc' dir='ltr'>δὲ</span> <span class='ocrx_word' id='word_1_904' title='bbox 3377 4855 3506 4907; x_wconf 86' lang='grc' dir='ltr'>αὐτὸ</span> <span class='ocrx_word' id='word_1_905' title='bbox 3537 4857 3702 4925; x_wconf 90' lang='grc' dir='ltr'>μόνον</span> <span class='ocrx_word' id='word_1_906' title='bbox 3733 4863 3824 4931; x_wconf 81' lang='grc' dir='ltr'>τῆς</span> 
     </span>
    </p>
   </div>
   <div class='ocr_carea' id='block_1_112' title="bbox 2274 4919 3826 5016">
    <p class='ocr_par' dir='ltr' id='par_1_112' title="bbox 2274 4919 3826 5016">
     <span class='ocr_line' id='line_1_114' title="bbox 2274 4919 3826 5016; baseline 0.023 -47"><span class='ocrx_word' id='word_1_907' title='bbox 2274 4919 2567 5016; x_wconf 73' lang='grc' dir='ltr'>ἀναγκαίας</span> <span class='ocrx_word' id='word_1_908' title='bbox 2604 4927 2826 4997; x_wconf 81' lang='grc' dir='ltr'>τροφῆς,</span> <span class='ocrx_word' id='word_1_909' title='bbox 2857 4934 2946 4986; x_wconf 79' lang='grc' dir='ltr'>καὶ</span> <span class='ocrx_word' id='word_1_910' title='bbox 2974 4937 3082 4990; x_wconf 89' lang='grc' dir='ltr'><strong>τῶν</strong></span> <span class='ocrx_word' id='word_1_911' title='bbox 3120 4939 3316 4994; x_wconf 88' lang='grc' dir='ltr'>λοιπῶν</span> <span class='ocrx_word' id='word_1_912' title='bbox 3360 4919 3554 5013; x_wconf 79' lang='grc' dir='ltr'>χρειῶν</span> <span class='ocrx_word' id='word_1_913' title='bbox 3585 4919 3826 5016; x_wconf 52' lang='lat' dir='ltr'><strong>sapam-6:-</strong></span> 
     </span>
    </p>
   </div>
   <div class='ocr_carea' id='block_1_113' title="bbox 2276 5009 3823 5101">
    <p class='ocr_par' dir='ltr' id='par_1_113' title="bbox 2276 5009 3823 5101">
     <span class='ocr_line' id='line_1_115' title="bbox 2276 5009 3823 5101; baseline 0.025 -44"><span class='ocrx_word' id='word_1_914' title='bbox 2276 5024 2421 5074; x_wconf 91' lang='grc' dir='ltr'>μενοι</span> <span class='ocrx_word' id='word_1_915' title='bbox 2447 5009 2710 5068; x_wconf 78' lang='grc' dir='ltr'>διετέλουν</span> <span class='ocrx_word' id='word_1_916' title='bbox 2727 5032 2741 5045; x_wconf 79' lang='grc'><strong>⁸</strong></span> <span class='ocrx_word' id='word_1_917' title='bbox 2771 5020 2995 5088; x_wconf 77' lang='grc' dir='ltr'>εἰκότως</span> <span class='ocrx_word' id='word_1_918' title='bbox 3026 5028 3082 5079; x_wconf 86' lang='grc' dir='ltr'>ὲν</span> <span class='ocrx_word' id='word_1_919' title='bbox 3110 5028 3296 5101; x_wconf 76' lang='grc' dir='ltr'>ἄκροις</span> <span class='ocrx_word' id='word_1_920' title='bbox 3325 5009 3536 5088; x_wconf 77' lang='grc' dir='ltr'>ἐδόκουν</span> <span class='ocrx_word' id='word_1_921' title='bbox 3565 5009 3707 5095; x_wconf 73' lang='grc' dir='ltr'>εἶναι</span> <span class='ocrx_word' id='word_1_922' title='bbox 3735 5043 3823 5095; x_wconf 81' lang='grc' dir='ltr'><strong>καὶ</strong></span> 
     </span>
    </p>
   </div>
   <div class='ocr_carea' id='block_1_114' title="bbox 2273 5098 3820 5195">
    <p class='ocr_par' dir='ltr' id='par_1_114' title="bbox 2273 5098 3820 5195">
     <span class='ocr_line' id='line_1_116' title="bbox 2273 5098 3820 5195; baseline 0.025 -48"><span class='ocrx_word' id='word_1_923' title='bbox 2273 5098 2328 5148; x_wconf 81' lang='grc' dir='ltr'><strong>ἐν</strong></span> <span class='ocrx_word' id='word_1_924' title='bbox 2369 5102 2477 5163; x_wconf 89' lang='grc' dir='ltr'>τοῖς</span> <span class='ocrx_word' id='word_1_925' title='bbox 2506 5106 2701 5172; x_wconf 83' lang='grc' dir='ltr'>πέρασι</span> <span class='ocrx_word' id='word_1_926' title='bbox 2744 5108 2834 5161; x_wconf 85' lang='grc' dir='ltr'>τοῦ</span> <span class='ocrx_word' id='word_1_927' title='bbox 2875 5116 3120 5185; x_wconf 86' lang='grc' dir='ltr'>σώματος</span> <span class='ocrx_word' id='word_1_928' title='bbox 3143 5135 3156 5148; x_wconf 74' lang='grc' dir='ltr'><strong><em>ο</em></strong></span> <span class='ocrx_word' id='word_1_929' title='bbox 3188 5098 3304 5185; x_wconf 22' lang='grc' dir='ltr'>*οἷος</span> <span class='ocrx_word' id='word_1_930' title='bbox 3333 5117 3398 5194; x_wconf 79' lang='grc' dir='ltr'>ἦν</span> <span class='ocrx_word' id='word_1_931' title='bbox 3431 5127 3460 5178; x_wconf 91' lang='grc' dir='ltr'><strong>ό</strong></span> <span class='ocrx_word' id='word_1_932' title='bbox 3490 5127 3705 5195; x_wconf 76' lang='grc' dir='ltr'>Παῦλος</span> <span class='ocrx_word' id='word_1_933' title='bbox 3737 5132 3820 5184; x_wconf 85' lang='grc' dir='ltr'><strong>λέ-</strong></span> 
     </span>
    </p>
   </div>
   <div class='ocr_carea' id='block_1_115' title="bbox 2209 5193 3820 5295">
    <p class='ocr_par' dir='ltr' id='par_1_115' title="bbox 2209 5193 3820 5295">
     <span class='ocr_line' id='line_1_117' title="bbox 2209 5193 3820 5295; baseline 0.029 -60"><span class='ocrx_word' id='word_1_934' title='bbox 2209 5208 2211 5210; x_wconf 89' lang='grc'>·</span> <span class='ocrx_word' id='word_1_935' title='bbox 2270 5203 2408 5295; x_wconf 31' lang='grc' dir='ltr'>γωνς</span> <span class='ocrx_word' id='word_1_936' title='bbox 2439 5193 2581 5295; x_wconf 49' lang='grc' dir='ltr'><strong>«ΑῈν</strong></span> <span class='ocrx_word' id='word_1_937' title='bbox 2613 5197 2774 5267; x_wconf 74' lang='grc' dir='ltr'>σαρκὶ</span> <span class='ocrx_word' id='word_1_938' title='bbox 2800 5200 2904 5272; x_wconf 89' lang='grc' dir='ltr'><strong>γάρ</strong></span> <span class='ocrx_word' id='word_1_939' title='bbox 2934 5205 3150 5276; x_wconf 77' lang='grc' dir='ltr'>ζῶντες,</span> <span class='ocrx_word' id='word_1_940' title='bbox 3176 5214 3237 5265; x_wconf 86' lang='grc' dir='ltr'><strong>οὐ</strong></span> <span class='ocrx_word' id='word_1_941' title='bbox 3271 5193 3412 5269; x_wconf 82' lang='grc' dir='ltr'>κατὰ</span> <span class='ocrx_word' id='word_1_942' title='bbox 3444 5193 3820 5295; x_wconf 89' lang='grc' dir='ltr'>σάρκα</span> 
     </span>
    </p>
   </div>
   <div class='ocr_carea' id='block_1_116' title="bbox 2271 5281 3819 5380">
    <p class='ocr_par' dir='ltr' id='par_1_116' title="bbox 2271 5281 3819 5380">
     <span class='ocr_line' id='line_1_118' title="bbox 2271 5281 3819 5380; baseline 0.026 -52"><span class='ocrx_word' id='word_1_943' title='bbox 2271 5281 2564 5350; x_wconf 79' lang='grc' dir='ltr'>τευόμεθα’</span> <span class='ocrx_word' id='word_1_944' title='bbox 2596 5305 2615 5338; x_wconf 81' lang='grc'>›</span> <span class='ocrx_word' id='word_1_945' title='bbox 2653 5290 2764 5354; x_wconf 82' lang='grc' dir='ltr'>καὶ,</span> <span class='ocrx_word' id='word_1_946' title='bbox 2802 5310 2821 5342; x_wconf 75' lang='grc' dir='ltr'><strong>ι</strong></span> <span class='ocrx_word' id='word_1_947' title='bbox 2865 5295 3080 5368; x_wconf 84' lang='grc' dir='ltr'>Χριστῷ</span> <span class='ocrx_word' id='word_1_948' title='bbox 3123 5281 3564 5380; x_wconf 76' lang='grc' dir='ltr'>συνεσταύρωμαι</span> <span class='ocrx_word' id='word_1_949' title='bbox 3589 5331 3601 5343; x_wconf 87' lang='grc'><strong>·</strong></span> <span class='ocrx_word' id='word_1_950' title='bbox 3651 5281 3736 5378; x_wconf 63' lang='grc' dir='ltr'>ζῶ</span> <span class='ocrx_word' id='word_1_951' title='bbox 3767 5317 3819 5367; x_wconf 74' lang='grc' dir='ltr'>δὲ</span> 
     </span>
    </p>
   </div>
   <div class='ocr_carea' id='block_1_117' title="bbox 2267 5372 3820 5474">
    <p class='ocr_par' dir='ltr' id='par_1_117' title="bbox 2267 5372 3820 5474">
     <span class='ocr_line' id='line_1_119' title="bbox 2267 5372 3820 5474; baseline 0.024 -52"><span class='ocrx_word' id='word_1_952' title='bbox 2267 5372 2444 5474; x_wconf 70' lang='grc' dir='ltr'>οὐκέτι</span> <span class='ocrx_word' id='word_1_953' title='bbox 2469 5377 2595 5445; x_wconf 81' lang='grc' dir='ltr'>ἐγὼ,</span> <span class='ocrx_word' id='word_1_954' title='bbox 2625 5379 2768 5474; x_wconf 55' lang='lat' dir='ltr'><strong>(ne;</strong></span> <span class='ocrx_word' id='word_1_955' title='bbox 2796 5385 2850 5436; x_wconf 79' lang='grc' dir='ltr'>ἐν</span> <span class='ocrx_word' id='word_1_956' title='bbox 2876 5388 2996 5455; x_wconf 69' lang='grc' dir='ltr'>ἂμοὶ</span> <span class='ocrx_word' id='word_1_957' title='bbox 3029 5392 3253 5464; x_wconf 79' lang='grc' dir='ltr'>Χριστός</span> <span class='ocrx_word' id='word_1_958' title='bbox 3278 5417 3290 5429; x_wconf 90' lang='grc'><strong>·</strong></span> <span class='ocrx_word' id='word_1_959' title='bbox 3332 5421 3350 5451; x_wconf 81' lang='grc'><strong>›</strong></span> <span class='ocrx_word' id='word_1_960' title='bbox 3387 5372 3446 5454; x_wconf 56' lang='grc'><strong>;0</strong></span> <span class='ocrx_word' id='word_1_961' title='bbox 3554 5372 3820 5459; x_wconf 49' lang='grc' dir='ltr'>οὗν-ούτω</span> 
     </span>
    </p>
   </div>
   <div class='ocr_carea' id='block_1_118' title="bbox 2265 5463 3818 5565">
    <p class='ocr_par' dir='ltr' id='par_1_118' title="bbox 2265 5463 3818 5565">
     <span class='ocr_line' id='line_1_120' title="bbox 2265 5463 3818 5565; baseline 0.029 -52"><span class='ocrx_word' id='word_1_962' title='bbox 2265 5463 2597 5565; x_wconf 45' lang='grc' dir='ltr'>διακείμενος</span> <span class='ocrx_word' id='word_1_963' title='bbox 2634 5471 2865 5542; x_wconf 77' lang='grc' dir='ltr'>εὐλόγως</span> <span class='ocrx_word' id='word_1_964' title='bbox 2897 5477 2961 5531; x_wconf 82' lang='grc' dir='ltr'><strong>ἂν</strong></span> <span class='ocrx_word' id='word_1_965' title='bbox 3003 5483 3142 5538; x_wconf 73' lang='grc' dir='ltr'>εἴποι</span> <span class='ocrx_word' id='word_1_966' title='bbox 3187 5489 3265 5560; x_wconf 81' lang='grc' dir='ltr'><strong>τῷ</strong></span> <span class='ocrx_word' id='word_1_967' title='bbox 3304 5492 3458 5563; x_wconf 80' lang='grc' dir='ltr'>Θεῷ·</span> <span class='ocrx_word' id='word_1_968' title='bbox 3572 5496 3818 5565; x_wconf 71' lang='grc' dir='ltr'>Πρόσχεξ</span> 
     </span>
    </p>
   </div>
   <div class='ocr_carea' id='block_1_119' title="bbox 2266 5553 3814 5657">
    <p class='ocr_par' dir='ltr' id='par_1_119' title="bbox 2266 5553 3814 5657">
     <span class='ocr_line' id='line_1_121' title="bbox 2266 5553 3814 5657; baseline 0.026 -56"><span class='ocrx_word' id='word_1_969' title='bbox 2266 5553 2328 5619; x_wconf 82' lang='grc' dir='ltr'>τῇ</span> <span class='ocrx_word' id='word_1_970' title='bbox 2365 5562 2630 5657; x_wconf 60' lang='grc' dir='ltr'>προσευχῇ</span> <span class='ocrx_word' id='word_1_971' title='bbox 2664 5579 2796 5657; x_wconf 76' lang='grc' dir='ltr'>μου,</span> <span class='ocrx_word' id='word_1_972' title='bbox 2823 5585 2856 5657; x_wconf 51' lang='lat' dir='ltr'><strong>_i</strong></span> <span class='ocrx_word' id='word_1_973' title='bbox 2896 5573 3088 5645; x_wconf 80' lang='grc' dir='ltr'>πολλὴν</span> <span class='ocrx_word' id='word_1_974' title='bbox 3114 5553 3259 5646; x_wconf 77' lang='grc' dir='ltr'>ἄγων</span> <span class='ocrx_word' id='word_1_975' title='bbox 3292 5553 3599 5656; x_wconf 67' lang='grc' dir='ltr'>παρρησίαν</span> <span class='ocrx_word' id='word_1_976' title='bbox 3624 5553 3814 5657; x_wconf 45' lang='grc' dir='ltr'>λιτὶἎῆ</span> 
     </span>
    </p>
   </div>
   <div class='ocr_carea' id='block_1_120' title="bbox 2266 5641 3813 5744">
    <p class='ocr_par' dir='ltr' id='par_1_120' title="bbox 2266 5641 3813 5744">
     <span class='ocr_line' id='line_1_122' title="bbox 2266 5641 3813 5744; baseline 0.026 -53"><span class='ocrx_word' id='word_1_977' title='bbox 2266 5641 2480 5714; x_wconf 84' lang='grc' dir='ltr'>τοιαύτῃ</span> <span class='ocrx_word' id='word_1_978' title='bbox 2525 5648 2616 5701; x_wconf 80' lang='grc' dir='ltr'>τοῦ</span> <span class='ocrx_word' id='word_1_979' title='bbox 2659 5651 2772 5719; x_wconf 83' lang='grc' dir='ltr'>βίου</span> <span class='ocrx_word' id='word_1_980' title='bbox 2814 5655 2946 5730; x_wconf 74' lang='grc' dir='ltr'><strong>ζωῇσ</strong></span> <span class='ocrx_word' id='word_1_981' title='bbox 2990 5666 3093 5718; x_wconf 84' lang='grc' dir='ltr'>οὐδ’</span> <span class='ocrx_word' id='word_1_982' title='bbox 3141 5670 3206 5724; x_wconf 79' lang='grc' dir='ltr'><strong>ἀν</strong></span> <span class='ocrx_word' id='word_1_983' title='bbox 3249 5674 3506 5740; x_wconf 75' lang='grc' dir='ltr'>ψεύσαιτο</span> <span class='ocrx_word' id='word_1_984' title='bbox 3549 5676 3813 5744; x_wconf 75' lang='grc' dir='ltr'>φάσκωνο</span> 
     </span>
    </p>
   </div>
  </div>
