3966 6340
653 448 758 504 579

1343 450 1611 508 susum
1651 449 2125 506 cmssmsusxs
2156 445 2303 506 ore.
2344 416 2523 504 rans
2578 447 2666 504 in.
2697 452 2765 490 4.
2806 447 3214 503 exsomnes.

3733 457 3823 510 Μ
3928 427 3929 430 γ

643 561 941 620 secundum
971 549 1238 633 Aquifam,
1269 565 1515 618 «turrim
1549 564 1795 630 roboris;
1828 582 1847 616 ι
1873 573 1965 618 aut
1995 577 2173 619 secun

2287 563 2353 634 ἦ,
2394 582 2412 614 ι
2438 563 2643 633 πύργον
2669 562 2862 634 ὀχυρὸν
2884 602 2898 625 ,
2927 579 2944 614 ι
2996 563 3133 618 κατὰ
3180 563 3272 616 τὸν
3302 562 3596 636 Σύμμαχον
3615 585 3628 596 ·
3693 569 3819 640 ipsi;

641 653 770 710 dum
827 652 1230 724 Symmachum,
1273 673 1290 705 ι
1338 656 1533 708 turrim
1589 647 1885 719 munitam;
1914 674 1934 706 ι
1978 655 2047 718 is,
2101 655 2186 708 in-

641 758 820 815 quam,
851 742 993 799 dicet
1026 763 1037 798 :
1070 762 1089 795 ‹
1123 745 1442 801 Inhabitabo
1488 747 1542 800 in
1600 746 1950 800 tabernaculo
1999 755 2094 799 tuo
2135 747 2188 799 in

640 836 860 900 saecula,
891 845 1144 907 protegar
1185 839 1238 891 in
1290 838 1591 892 velamento
1649 839 1856 892 alarum
1898 846 2130 893 tuarum.
2165 859 2184 889 ι

644 924 828 994 Neque
890 930 1056 992 enim,
1093 928 1187 992 ait,
1229 929 1284 982 in
1337 943 1423 982 me
1483 927 1770 1003 conﬁdam,
1812 926 1906 982 sed
1940 927 1995 981 in
2043 919 2191 982 rela-

641 1026 821 1071 mento
845 1018 1052 1072 alarum
1078 1029 1316 1073 tuarum.
1361 1017 1438 1072 Ita
1487 1035 1650 1088 porro
1682 1035 1878 1074 vocare
1909 1018 2188 1090 Scriptura

574 1121 577 1128 '
636 1111 771 1163 solet
814 1110 1044 1164 virtutes
1073 1111 1165 1164 Dei
1196 1111 1547 1178 providentia
1567 1111 1958 1174 administras,
1991 1111 2186 1182 quibus

635 1199 903 1268 obtegitur
949 1200 1236 1270 religiosus
1286 1199 1470 1262 homo,
1508 1201 1601 1268 qui
1655 1215 1686 1253 a
1743 1205 2044 1255 velamento
2075 1200 2184 1256 .Dei

633 1305 906 1360 nunquam
943 1290 1167 1353 recedit,
1196 1291 1288 1345 sed
1323 1290 1464 1344 intra
1496 1293 1671 1360 ipsum
1724 1291 1778 1344 in
1807 1292 2061 1346 saeculum
2088 1292 2184 1346 ha-

633 1378 767 1434 bitat
795 1400 807 1434 :
839 1381 1061 1452 jamque
1105 1381 1345 1436 Ecclesia
1377 1382 1495 1450 ejus
1529 1389 1583 1436 et
1633 1382 1829 1438 decore
1851 1383 2044 1436 domus
2068 1383 2185 1450 ejus

633 1470 850 1536 fruitur,
880 1480 937 1525 ut
965 1472 1109 1526 dicat
1135 1493 1149 1526 :
1187 1491 1203 1522 ι
1240 1471 1483 1536 Domine,
1509 1472 1671 1527 dilexi
1718 1473 1966 1527 decorem
1992 1473 2183 1528 domus

632 1573 754 1623 tuae,
805 1571 860 1617 et
920 1565 1095 1617 locum
1132 1564 1487 1618 habitationis
1519 1565 1699 1633 gloriae
1743 1571 1849 1618 tuae
1895 1564 1972 1630 ης
2007 1585 2025 1617 ι
2082 1575 2177 1618 et:

635 1671 655 1704 ε
699 1653 870 1708 Unam
899 1656 1026 1725 petii
1059 1672 1087 1709 a
1123 1655 1372 1720 Domino,
1412 1657 1550 1710 hanc
1607 1656 1897 1725 requiram,
1933 1663 1992 1710 ut
2035 1656 2184 1709 inha-

628 1744 789 1799 bitem
821 1747 876 1800 in
909 1748 1068 1801 domo
1100 1746 1314 1802 Domini
1358 1748 1611 1803 omnibus
1643 1747 1834 1802 diebus
1861 1748 1982 1801 vitze
2007 1763 2137 1802 meae
2165 1771 2176 1804 ;

629 1842 686 1887 ut
723 1835 929 1890 videam
953 1838 1286 1907 voluptatem
1319 1837 1531 1891 Domini
1557 1877 1572 1899 ,
1603 1845 1657 1891 et
1682 1837 1893 1891 visitem
1919 1837 2176 1905 templum

2295 673 2313 704 ‹
2337 653 2661 724 Παροικήσω
2687 656 2744 706 ὲν
2765 652 2842 724 τῷ
2871 654 3182 725 σκηνώματι
3211 673 3301 709 σου
3332 659 3411 720 είς
3442 661 3569 722 τοὺς
3599 661 3820 726 αἰῶναςο

2290 743 2734 813 σκεπασθήσομαι
2765 747 2822 797 ιν
2849 746 2912 813 τῇ
2943 745 3113 816 σκέπῃ
3141 745 3249 798 τῶν
3275 747 3560 817 πτερύγων
3591 766 3686 802 σου
3718 769 3739 802 ι
3757 754 3821 806 Οὐ

2287 836 2389 906 γὰρ
2423 837 2506 888 ἐπ’
2538 834 2754 904 ὲμαυτῷ
2778 875 2791 898 ,
2841 837 3001 905 φησὶν
3025 877 3040 900 ,
3075 838 3426 910 εὐθαρσήσω,
3477 840 3591 892 ἀλλ’
3641 844 3728 895 ἐπὶ
3764 849 3820 915 τῇ

2289 926 2460 997 σκέπῃ
2505 925 2609 978 τῖἰν
2661 925 2766 978 σῶν
2812 926 3113 997 πτερύγων.
3167 928 3318 983 Οὕτω
3347 931 3404 984 δὲ
3437 931 3619 984 καλεῖν
3653 934 3821 989 ετωθεν

2286 1016 2315 1066 6
2344 1015 2511 1082 Λόγος
2536 1015 2633 1078 τὰς
2666 1016 3018 1086 προνοητικὰς
3044 1017 3137 1069 τοῦ
3169 1018 3300 1072 Θεοῦ
3329 1020 3584 1090 δυνάμεις
3606 1061 3621 1085 ,
3659 1023 3742 1090 ὑφ’
3765 1025 3821 1087 ἃς

2287 1107 2608 1169 σκεπάζεται
2654 1109 2683 1159 6
2713 1106 2993 1178 θεοφιλὴς,
3051 1110 3314 1179 μηδέποτε
3341 1111 3440 1180 τῆς
3472 1113 3681 1182 σκέπης
3709 1115 3822 1168 ἀνα-

2285 1196 2470 1263 χωρῶν
2502 1196 2594 1248 τοῦ
2625 1195 2778 1258 Θεοῦ,
2812 1193 2944 1249 ἀλλὰ
2971 1197 3037 1249 δι’
3067 1197 3258 1262 αἰῶνος
3295 1199 3438 1255 ἔνδον
3471 1205 3528 1258 ὲν
3547 1206 3683 1277 αὐτῇ
3709 1225 3822 1261 κατ-

2283 1285 2470 1339 οικῶν’
2499 1287 2591 1338 καὶ
2618 1286 2715 1357 ήδη
2761 1288 2856 1356 μὲν
2881 1287 3161 1346 ἀπολαύων
3204 1289 3302 1360 τῆς
3330 1293 3649 1364 Ἐκκλησίας
3675 1299 3821 1352 αὐτοῦ

2283 1377 2375 1428 καὶ
2417 1375 2517 1460 τῆς
2548 1377 2874 1447 εὐπρεπείας
2904 1376 2994 1430 τοῦ
3023 1379 3168 1432 οῐκου
3197 1381 3390 1447 αὐτοῦ,
3439 1385 3579 1439 ὥστε
3628 1388 3818 1456 λέγειν·

2287 1485 2305 1516 ι
2330 1467 2518 1538 Κύριε,
2536 1468 2791 1538 ἠγάπησα
2813 1466 3140 1539 εὐπρέπειαν
3158 1470 3305 1525 οἴκου
3335 1489 3428 1526 σου
3474 1494 3492 1526 ι
3524 1478 3618 1530 καὶ
3649 1480 3822 1534 «τόπον

2282 1560 2628 1630 σκηνώματός
2660 1561 2756 1631 τῆς
2782 1559 2937 1632 δόξης
2967 1578 3087 1613 σου·
3113 1579 3131 1612 ι
3166 1564 3287 1627 καὶ,
3324 1584 3342 1616 ι
3368 1567 3517 1621 Μίαν
3548 1570 3823 1642 ᾐτησάμην

2281 1651 2428 1722 παρὰ
2455 1651 2656 1723 Κυρίου
2677 1691 2691 1715 ,
2740 1651 2941 1723 ταύτην
2970 1651 3218 1723 ζητήσω,
3256 1654 3333 1707 ,τὸ
3382 1661 3656 1711 κατοικεῖν
3686 1677 3747 1730 με
3772 1663 3823 1712 ἐν

2277 1743 2408 1813 οἴκῳ
2439 1744 2639 1815 Κυρίου
2673 1743 2850 1806 πάσας
2882 1745 2978 1807 τὰς
3009 1745 3219 1816 ἡμέρας
3247 1747 3344 1817 τῆς
3372 1746 3518 1819 ζωῆς
3553 1767 3656 1820 μου
3678 1767 3689 1780 ’
3739 1750 3824 1805 τοῦ

2283 1833 2502 1904 θεωρεῖν
2532 1851 2596 1904 με
2626 1835 2723 1902 τὴν
2742 1835 3075 1905 τερπνότητα
3093 1835 3187 1888 τοῦ
3207 1838 3411 1908 Κυρίου
3429 1879 3444 1903 ,
3485 1844 3579 1894 καὶ
3619 1844 3824 1897 Emort-

625 1926 743 1993 ejus
770 1926 833 1980 ⁸³.
874 1948 892 1980 ι
920 1927 1074 1993 Quod
1115 1930 1160 1984 si
1192 1919 1597 1982 tabernaculum
1648 1935 1732 1981 est
1760 1927 2000 1991 cmicste,
2021 1929 2173 1997 ‘quod

2276 1925 2500 1979 πτεσθαι
2527 1926 2617 1978 τὸν
2649 1926 2771 1978 ναὸν
2797 1925 2977 1982 αὑτοῦ.
3005 1946 3023 1977 ι
3056 1927 3118 1979 Ei
3149 1928 3207 1981 δέ
3233 1930 3346 1981 ἐστι
3390 1931 3482 1984 καὶ
3515 1933 3824 2005 ἐπουράνιος

627 2013 740 2068 ﬁxit
800 2011 1079 2079 Dominus,
1129 2033 1237 2070 non
1299 2015 1482 2080 homo,
1516 2018 1582 2070 ad
1636 2015 1792 2084 cujus
1851 2017 2173 2086 exemplum,

621 2104 812 2173 jussus
840 2094 1050 2177 Moyses
1085 2108 1229 2161 aliud
1260 2107 1556 2163 fabricatus
1610 2116 1716 2173 est,
1763 2107 1832 2162 ad
1863 2108 1995 2162 illud
2047 2122 2178 2163 sane

624 2197 1038 2251 tabernaculum
1096 2200 1404 2263 remittens,
1437 2200 1634 2255 dixerit
1669 2220 1681 2255 :
1716 2220 1733 2252 ι
1772 2201 2088 2256 lnhabitabo
2121 2200 2176 2254 in

624 2288 980 2343 tabernaculo
1020 2299 1113 2344 tuo
1142 2291 1196 2345 in
1226 2293 1443 2347 saecula.
1481 2311 1499 2343 ι
1530 2290 1711 2346 Talem
1741 2293 1883 2347 enim
1906 2291 2177 2362 perfectus

625 2379 788 2434 homo
818 2383 1234 2451 promissionem
1286 2384 1512 2452 accepit,
1544 2384 1768 2438 minime
1810 2381 2058 2456 spectans
2111 2400 2174 2440 ea

626 2486 749 2542 qua
776 2473 880 2526 sub
918 2481 1273 2542 conspectum
1301 2474 1521 2538 cadunt,
1553 2473 1648 2529 sed
1693 2489 1812 2544 quae
1857 2489 1966 2529 non
1989 2476 2175 2531 viden-

621 2567 731 2614 tur.
759 2559 894 2614 Nam
931 2576 1050 2632 quae
1078 2561 1352 2626 videntur,
1385 2569 1773 2631 temporanea;
1808 2579 1927 2635 qua
1951 2580 2060 2619 nou
2093 2565 2173 2619 vi-

620 2653 838 2716 dentur,
857 2661 1056 2707 aeterna
1085 2660 1230 2709 sunt.

689 2742 856 2798 Vens.
889 2744 939 2797 6.
989 2762 1007 2793 ‹
1046 2743 1314 2810 Quoniam
1351 2753 1428 2810 tu,
1465 2744 1627 2809 Deus,
1667 2748 1939 2801 exudisti
1969 2748 2169 2803 oratio-

620 2849 718 2888 nes
746 2850 919 2898 meas,
952 2834 1149 2890 dedisti
1185 2835 1552 2913 hereditatem
1611 2837 1938 2914 timentibus
1974 2851 2169 2892 nomen

618 2933 825 2981 tuum.»
851 2925 906 2981 Si
937 2929 1172 2999 vulgaris
1197 2928 1438 2997 quaedam
1464 2930 1636 2984 oratio
1656 2936 1799 2993 esset
1827 2943 1908 2990 ea,
1927 2944 2046 2998 qua
2059 2929 2170 2998 jam

620 3033 650 3071 a
683 3017 882 3073 Davide
903 3019 1099 3074 emissa
1129 3027 1228 3082 est,
1262 3035 1370 3073 non
1403 3035 1626 3073 necesse
1651 3034 1781 3073 sane
1826 3019 2021 3074 fuisset
2052 3035 2170 3074 eam

619 3110 675 3164 in
710 3111 849 3165 libro
882 3110 1221 3166 Psalmorum
1269 3112 1456 3180 reponi
1483 3129 1499 3166 :
1523 3112 1816 3165 verisimile
1866 3112 2063 3181 quippe
2090 3121 2172 3165 est

616 3214 742 3254 eum
780 3208 1060 3254 sexcentas
1101 3200 1236 3254 alias
1274 3201 1545 3254 orationes
1586 3198 1652 3252 ad
1688 3200 1853 3254 Deum
1888 3199 2168 3267 eﬂ‘udisse;

2279 2017 2474 2087 σκηνὴ,
2524 2019 2588 2087 ἢν
2631 2013 2825 2086 ἔπηξεν
2848 2019 2877 2069 6
2902 2016 3102 2088 Κύριος
3122 2059 3136 2080 ,
3168 2022 3262 2074 καὶ
3294 2022 3394 2074 οὐκ
3417 2023 3703 2095 ἄνθρωπος
3722 2065 3736 2089 ,
3765 2022 3825 2096 ἦς

2277 2106 2373 2176 τὴν
2396 2107 2580 2159 εἰκόνα
2607 2105 2845 2175 Μωῡσῆς
2873 2108 3230 2178 προσταχθεὶς
3263 2113 3430 2166 ἐποίει
3449 2153 3485 2177 ,,
3513 2118 3592 2177 εἰς
3622 2117 3827 2187 εκείνην

2274 2196 2608 2265 ἀναπέμπων
2639 2195 2735 2265 τήν
2767 2197 2968 2266 σκηνὴν
2991 2234 3010 2260 ,
3049 2197 3192 2250 εἴποι
3224 2198 3288 2252 ἂν
3314 2202 3404 2254 τόο
3466 2221 3483 2253 ι
3509 2203 3825 2276 Παροικήσω

2273 2288 2331 2339 ἐν
2357 2288 2432 2358 τῷ
2455 2287 2767 2360 σκηνώματι
2795 2305 2888 2340 σου
2911 2290 2990 2351 είς
3012 2291 3138 2352 τοὺς
3163 2290 3381 2355 αἰῶνας.
3408 2313 3427 2344 ι
3486 2295 3704 2366 Ταύτην
3727 2297 3825 2368 γὰρ

2244 2369 2246 2373 ’
2274 2380 2464 2454 εἴληφε
2493 2382 2590 2453 τὴν
2619 2382 2942 2450 ἐπαγγελίαν
2968 2384 2997 2436 ό
3027 2383 3256 2449 τέλειος,
3286 2386 3347 2438 οὐ
3379 2387 3595 2440 σκοπῶν
3621 2389 3691 2441 τὰ
3719 2386 3826 2458 βλε-

2273 2475 2500 2544 πόμενα,
2529 2473 2662 2527 ἀλλὰ
2685 2473 2755 2527 τὰ
2783 2475 2855 2545 μὴ
2891 2474 3228 2548 βλεπόμενα·
3280 2477 3347 2530 τὰ
3376 2477 3484 2550 γὰρ
3527 2479 3826 2550 βλεπόμενα

2271 2566 2583 2637 πρόσκαιρα
2603 2605 2618 2630 ,
2646 2564 2715 2618 τὰ
2744 2566 2801 2619 δὲ
2833 2567 2908 2638 μὴ
2937 2565 3239 2638 βλεπόμενα
3270 2568 3477 2624 αἰώνια.

2267 2921 2393 2992 ψιλή
2417 2940 2499 2986 τις
2525 2913 2592 2993 ἦν
2616 2926 2888 2996 προσευχὴ
2919 2927 3022 2980 ὑπὸ
3053 2925 3144 2980 τοῦ
3175 2927 3337 2981 Δαυτδ
3359 2930 3771 2998 ἁναπεμφθεῑσα
3794 2931 3824 3001 ή

2271 3011 2405 3081 μετὰ
2430 3014 2614 3083 χεῖρας
2636 3053 2649 3076 ,
2679 3012 2824 3066 οὐδὲν
2847 3010 2914 3084 ἦν
2939 3016 3231 3084 ἀναγκαῖον
3256 3016 3426 3089 αὐτὴν
3456 3018 3824 3090 ἀναληφθῆνω

2267 3104 2333 3172 τῇ
2371 3101 2531 3172 βίϐλῳ
2562 3102 2669 3156 τῶν
2701 3104 2961 3174 Ψαλμῶν·
3009 3107 3153 3170 είκὸς
3187 3107 3293 3178 γὰρ
3318 3108 3477 3163 αὐτὸν
3503 3108 3596 3163 καὶ⁸
3631 3111 3826 3180 μυρίας

2271 3192 2433 3256 ἄλλας
2460 3193 2622 3263 εὐχὰς
2655 3195 2787 3265 πρὸς
2819 3195 2908 3248 τὸν
2939 3196 3068 3249 Θεὸν
3114 3197 3465 3268 πεποιῆσθαι·
3516 3200 3707 3271 ὥσπερ
3739 3198 3826 3254 οὖν

615 3291 1068 3362 quemadmodum
1098 3307 1198 3347 nos
1219 3308 1433 3361 quoque
1461 3291 1702 3362 quotidie
1725 3293 1997 3361 variisque
2030 3301 2164 3347 tem-

2272 3283 2357 3336 καὶ
2382 3287 2539 3355 ἡμεῖς
2588 3286 2670 3354 ἐφ’
2715 3286 2947 3357 ἑκάστης
2989 3288 3227 3360 ἡμέρας,
3276 3292 3369 3344 καὶ
3414 3293 3555 3346 κατὰ
3601 3295 3826 3365 καιροὺς

614 3382 840 3453 poribus
870 3397 1184 3451 precamur;
1216 3390 1270 3436 at
1311 3384 1438 3452 quia
1465 3384 1781 3453 plerumque
1811 3384 1938 3438 dum
1974 3399 2163 3453 preca-

614 3481 788 3537 retur,
832 3482 924 3527 aut
975 3475 1212 3545 psalmos
1239 3475 1499 3545 pulsaret,
1525 3476 1822 3544 hymnosve
1873 3476 2159 3539 emitteret,

614 3566 929 3636 prophetica
972 3565 1171 3619 virtute
1224 3565 1564 3634 repiebatur;
1595 3565 1786 3618 merito
1813 3564 1923 3632 jam
1957 3581 2064 3619 non
2106 3572 2162 3617 ut

612 3655 862 3724 vulgares
891 3657 1190 3717 orationes,
1223 3654 1317 3711 sed
1344 3663 1404 3709 ut
1436 3671 1714 3711 sermones
1750 3659 1838 3711 alii
1863 3658 2160 3728 prophetici

614 3747 727 3801 haec
757 3748 1216 3817 obsignabantur;
1247 3762 1417 3817 eaque
1449 3748 1503 3802 in
1525 3749 1722 3803 divinis
1755 3749 1908 3805 libris
1936 3762 2160 3820 repone-

611 3839 764 3900 bant,
799 3839 892 3905 qui
919 3839 1268 3893 discretionis
1316 3840 1602 3908 spirituum
1658 3841 1884 3909 gratiam
1940 3856 2160 3911 accepe-

611 3934 754 3980 rant.
815 3927 907 3980 Sic
964 3944 1090 3998 ergo
1143 3936 1262 3998 post
1295 3929 1550 4000 praedicta
1594 3931 1778 3995 verba,
1843 3930 2159 3985 intermedio

611 4017 1007 4087 diapsalmate,
1067 4004 1333 4088 Propheta
1388 4022 1563 4076 sancti
1621 4020 1858 4091 Spiritus
1911 4023 2158 4094 illapsum

609 4109 1064 4173 animadverteris,
1127 4110 1367 4180 adeoque
1421 4112 1747 4179 illustratus,
1793 4128 1915 4169 cum
1975 4122 2160 4168 nosset

608 4202 939 4273 praemissam
963 4201 1030 4255 ab
1063 4215 1122 4255 se
1141 4202 1442 4257 orationem
1473 4217 1502 4255 a
1542 4202 1652 4257 Deo
1674 4205 1984 4260 exauditam
2015 4221 2156 4270 esse,

602 4296 716 4367 jam
745 4295 1098 4349 mulationem
1133 4293 1400 4348 sermonis
1429 4292 1652 4349 inducit.
1676 4293 2035 4359 Quamobrem
2066 4311 2160 4349 su-

2265 3373 2450 3427 ᾶλλοτε
2480 3374 2668 3439 ἄλλους
2691 3376 2965 3448 ,εὐχόμεθα
2994 3378 3279 3451 διαφόρους
3297 3398 3310 3410 ·
3335 3383 3454 3435 ἐπεὶ
3481 3382 3537 3435 δὲ
3568 3382 3826 3444 πολλάκις

2263 3464 2321 3516 ὲν
2342 3463 2488 3549 αύτῷ
2511 3465 2587 3534 τῷ
2603 3467 3022 3537 προσεύχεσθαι,
3075 3469 3107 3540 ἢ
3129 3472 3250 3534 τοὺς
3269 3471 3513 3542 ψαλμοὺς
3532 3473 3826 3546 ἀνακρούε-

2268 3557 2407 3619 σθαι,
2438 3558 2470 3629 ἢ
2499 3560 2622 3620 τοὺς
2653 3558 2851 3629 ὕμνους
2883 3561 3244 3637 ἀναπέμπειν,
3286 3565 3626 3637 προφητικῖκ
3661 3567 3826 3638 ὲπλη-

2269 3648 2422 3719 ρυῦτο
2444 3650 2717 3720 δυνάμεως
2739 3669 2750 3681 ·
2775 3653 2995 3717 εὶκότως
3014 3655 3190 3710 οὐκέθ’
3210 3656 3285 3720 ὡς
3308 3657 3468 3726 ψιλὰς
3493 3659 3822 3731 προσευχὰς,

2261 3739 2448 3803 ἀλλ’ὡς
2475 3740 2663 3801 ἄλλους
2689 3743 2876 3809 λόγους
2903 3746 3267 3816 προφητικοὺς
3296 3747 3733 3819 ἐπεσημαίνοντο
3760 3751 3826 3803 τὰ

2260 3830 2553 3901 λεγόμενα,
2581 3833 2672 3885 καὶ
2700 3836 2820 3896 ταῖς
2844 3833 3011 3898 θείαις
3039 3833 3238 3904 βίϐλοις
3263 3836 3656 3905 ἑγκατίταττον
3689 3843 3740 3894 οἱ
3769 3840 3826 3894 τὸ

2261 3922 2504 3994 χάρισμα
2543 3922 2644 3992 τῆς
2672 3922 2987 3994 διακρίσεως
3020 3925 3130 3979 τῶν
3175 3928 3821 4000 πνευμάτωνείληφότες.

2261 4008 2552 4092 Οὕτως-οὗν
2575 4014 2666 4067 καὶ
2695 4014 2924 4069 ἐνταῦθα
2950 4016 3086 4087 μετὰ
3107 4017 3176 4072 τὰ
3195 4013 3573 4090 προλεχθέντα,
3598 4021 3826 4092 διαψάλ-

2265 4121 2432 4174 ματος
2466 4104 2690 4179 μεταξὺο
2722 4107 3134 4178 παρεντεθέντος
3152 4149 3168 4174 ,
3238 4110 3533 4185 μεταϐολὴν
3585 4117 3824 4176 ποιεῖται

2217 4268 2227 4279 '
2261 4195 2354 4248 τοῦ
2374 4195 2528 4264 λόγου
2548 4199 2576 4251 6
2597 4198 2902 4273 Προφήτης,
2923 4201 3236 4274 αἰσθόμενος
3256 4203 3355 4274 τῆς
3374 4205 3466 4260 τοῦ
3487 4203 3646 4274 ἁγίου
3665 4206 3826 4264 Πνεύ-

2262 4305 2428 4358 ματος
2459 4290 2690 4358 ἀφίξεως
2713 4331 2729 4357 ,
2786 4294 3072 4362 φωτισθείς
3097 4311 3159 4352 τε
3187 4297 3277 4350 ὑπ’
3309 4295 3471 4352 αὐτοῦ
3501 4299 3591 4353 καὶ
3641 4303 3824 4370 γνοὺς,

607 4385 790 4456 perius
813 4379 1028 4456 quidem
1057 4385 1136 4439 sic
1163 4383 1486 4454 precabatur
1527 4403 1539 4438 :
1577 4403 1596 4436 ι
1628 4384 1856 4447 Exaudi,
1889 4385 2158 4450 Deus,de-

2272 4380 2337 4430 5τι
2363 4379 2429 4431 τὰ
2450 4381 2552 4456 τῆς
2568 4381 2954 4457 προλεχθείσης
2980 4386 3128 4458 αὐτῷ
3151 4387 3383 4460 δεήσεως
3403 4389 3646 4460 ἐπηκόου
3669 4392 3824 4463 ιτυχε

604 4480 966 4550 precationem
991 4493 1206 4544 meam;
1243 4499 1264 4530 ι
1303 4479 1391 4533 hic
1423 4493 1550 4534 vero
1580 4487 1702 4549 post
1743 4477 2041 4547 diapsalma
2074 4475 2157 4529 di-

2272 4466 2350 4521 ιοῦ
2378 4466 2530 4522 Θεοῦ.
2566 4470 2656 4525 Διὸ
2676 4463 2939 4545 ἀναπείρω
2960 4474 3058 4544 μὲν
3090 4475 3377 4546 εὐχόμενος
3413 4477 3594 4548 ελεγεο
3641 4499 3664 4531 ε
3698 4480 3828 4534 Ei:-

602 4555 679 4624 eit
740 4567 1142 4635 :‘rQuoniam
1194 4578 1285 4634 tu,
1335 4570 1515 4636 Deus,
1561 4569 1829 4625 exaudisti
1883 4569 2156 4622 orationes

2272 4557 2502 4623 ixouoov,
2522 4561 2549 4612 6
2569 4559 2719 4624 Θεὸς,
2744 4559 2842 4631 τῆς
2868 4561 3104 4634 δεήσεώς
3138 4581 3256 4634 μουο
3284 4585 3305 4618 ι
3338 4565 3564 4621 ενταῦθα
3592 4568 3656 4623 ει
3691 4573 3828 4640 μετὰ

605 4675 756 4716 meas
768 4657 870 4713 “.i
891 4658 1080 4714 Viden‘
1115 4677 1225 4731 quo
1252 4671 1408 4732 pacto
1439 4678 1500 4717 se
1539 4661 1852 4717 exauditum
1881 4674 2004 4714 esse
2032 4673 2155 4712 sen-

2272 4652 2316 4705 τὸ
2334 4652 2605 4725 διάψαλμα
2629 4629 2846 4724 φάσκει·
2869 4672 2888 4704 ε
2902 4629 3020 4709 ’ότι
3047 4629 3186 4720 cm
3202 4655 3352 4724 Θεὸς,
3365 4629 3704 4728 ad;ch
3720 4663 3829 4716 cc»

603 4752 805 4808 tiebat‘?
827 4750 892 4804 Et
924 4751 1054 4805 illud
1081 4759 1198 4806 erat
1226 4767 1322 4823 per
1374 4752 1567 4808 Isaiam
1627 4751 1946 4822 prophetam
1976 4748 2154 4817 dignis

2272 4745 2430 4815 εὐχῶν
2466 4763 2584 4816 μου.
2612 4763 2631 4798 ι
2713 4745 2874 4817 Ὁρᾷς
2905 4746 3051 4810 ὅπως
3083 4743 3374 4817 συνῄσθετο
3405 4749 3826 4816 είσακουσθείςε

602 4841 912 4898 hominibus
943 4841 1268 4908 promissum
1294 4857 1324 4894 a
1353 4841 1462 4896 Deo
1490 4861 1502 4895 :
1535 4861 1554 4891 ι
1583 4840 1775 4894 Adhuc
1805 4849 1858 4894 te
1899 4840 2153 4909 loquente

2272 4836 2350 4888 ut
2375 4835 2516 4890 τοῦτ’
2541 4832 2610 4908 ἦν
2635 4835 2698 4889 τὸ
2715 4833 2804 4890 διὰ
2832 4834 2924 4887 τοῦ
2955 4837 3232 4907 προφήτου
3268 4836 3486 4892 Ἦσατου
3513 4841 3629 4902 τοῖς
3653 4841 3828 4907 ἀξίοις

601 4933 824 4987 dicam:
851 4930 989 4986 Ecce
1010 4930 1200 4985 adsum
1233 4931 1298 4984 ".
1326 4951 1344 4982 ι
1379 4929 1511 4985 Nam
1543 4932 1718 4985 adhuc
1748 4931 2000 4999 loquente
2021 4927 2151 4982 Pro-

2272 4928 2657 5000 ιπηγγελμένον
2687 4926 2791 4981 ὑπὸ
2814 4925 2906 4980 τοῦ
2935 4926 3180 4993 λέγοντος
3201 4924 3333 4981 Θεοῦ
3352 4943 3366 4957 ο
3409 4945 3428 4980 ι
3453 4928 3574 4981 Ἔτι
3600 4929 3830 4986 λαλοῦν-

601 5024 1002 5093 pheta,'astans
1045 5022 1280 5093 Spiritus
1320 5023 1588 5077 indicebat
1619 5023 1719 5092 ipsi
1749 5021 2149 5080 exauditum‘se

2272 5017 2333 5080 ’ός
2365 5036 2455 5072 σου
2500 5019 2628 5091 ερῶ·
2673 5017 2803 5073 Ἰδοὺ
2829 5019 3078 5090 πάρειμ’
3112 5037 3130 5070 ι
3183 5018 3263 5072 hi.
3290 5019 3398 5092 γὰρ
3443 5018 3828 5095 φθεγγομένου

599 5127 741 5168 esse.
777 5113 955 5179 Quare
1002 5113 1079 5169 ait
1110 5125 1175 5168 ε(
1223 5112 1486 5180 Quoniam
1541 5141 1621 5178 ιιι,
1671 5127 1834 5178 υευε,
1881 5111 2149 5167 exaudisti

2275 5109 2334 5162 οὔ
2381 5108 2666 5185 Προφήτου
2688 5153 2702 5177 ,
2742 5110 2804 5177 τὸ
2833 5108 3054 5180 Πνεῦμα
3085 5110 3308 5197 ἐπιστὰν
3333 5107 3397 5166 τὸ
3433 5111 3588 5180 ἅγιον
3630 5116 3827 5187 ἐδήλου

599 5208 872 5262 orationes
927 5221 1094 5263 meas.
1141 5226 1158 5257 ι
1215 5205 1524 5276 Eademque
1569 5206 1866 5261 secundum
1915 5207 2151 5274 reliquos

2272 5201 2411 5272 ιὺτῷ,
2439 5202 2512 5266 ὡς
2533 5204 2638 5276 ἄρα
2664 5198 3035 5264 είσακούσθεὶς
3062 5201 3165 5271 εἴη.
3191 5200 3281 5256 Διό
3311 5218 3474 5274 φησιν
3493 5219 3507 5234 ⁸
3539 5204 3705 5262 «Ὅτι
3737 5207 3825 5272 σὺ,

599 5299 926 5366 interpretes
968 5299 1233 5354 sententia
1268 5297 1595 5352 declaratur
1631 5316 1644 5351 :
1681 5310 1806 5350 nam
1853 5280 2148 5352 secundum

2272 5331 2273 5334 η
2297 5293 2446 5358 Θεὸς,
2473 5295 2800 5366 εισήιωυσας
2825 5279 2933 5345 τ’ὦν
2958 5292 3130 5364 εὐχῶν
3160 5309 3282 5364 μου.
3307 5312 3328 5347 ι
3377 5295 3488 5350 Καὶ
3517 5297 3670 5352 κατὰ
3696 5300 3828 5362 τοὺς

598 5386 847 5456 Aquilam
885 5385 1084 5440 dicitur
1147 5405 1162 5443 :
1220 5405 1240 5438 ι
1287 5384 1554 5452 Quoniam
1603 5393 1685 5448 tu,
1744 5383 1908 5448 Deus,
1950 5383 2150 5440 audisti

2272 5386 2464 5448 mmo;
2490 5383 2549 5439 δὲ
2591 5380 2982 5454 ἑρμηνευτὰςή
3019 5383 3157 5456 αὐτή
3210 5383 3537 5457 παρίσταται
3563 5385 3788 5442 διάνοια
3811 5403 3823 5415 ·

595 5479 870 5532 orationes
920 5493 1098 5543 meas;
1138 5499 1156 5530 ›
1192 5478 1491 5534 secundum
1530 5493 1661 5534 vero
1709 5475 2093 5548 Symmachum
2128 5498 2142 5532 :

2272 5475 2370 5528 ,πεὶ
2397 5475 2536 5530 κατὰ
2582 5473 2671 5530 τὸν
2730 5472 2956 5528 Ἀκύλαν
2986 5474 3230 5549 εῐρηταιξ
3268 5496 3287 5530 ι
3317 5477 3434 5530 Ὅτι
3470 5477 3535 5531 σὺ
3557 5517 3572 5542 ,
3617 5470 3669 5532 ὦ
3699 5477 3825 5540 Θει.

599 5582 618 5613 ε
656 5563 735 5617 Tu
765 5565 928 5627 enim,
962 5565 1124 5630 Deus,
1146 5569 1418 5623 exaudiui
1447 5583 1636 5636 preces
1659 5582 1827 5622 meas.
1868 5587 1888 5618 ι
1939 5568 2141 5638 Adjicit

2272 5584 2478 5637 ικουσας
2501 5566 2607 5620 τῶν
2624 5564 2796 5635 εὐχῶν
2822 5583 2921 5637 μου
2936 5584 2949 5597 ·
2978 5587 2999 5620 ι
3021 5568 3230 5624 κατὰᾶ
3246 5569 3336 5624 τὸν
3353 5567 3679 5639 Σύμμαχονο
3707 5587 3726 5619 ι
3752 5567 3825 5620 Σὺ

593 5656 784 5711 deinde
817 5678 827 5709 :
868 5678 892 5716 ι.
925 5656 1122 5712 Dedisti
1173 5659 1536 5715 hereditatem
1577 5659 1890 5714 timentibus
1939 5675 2133 5716 nomen

2272 5658 2369 5730 ἀρ,
2395 5660 2425 5712 6
2453 5657 2604 5721 Θεὸς,
2635 5659 2958 5730 εἰσήκουσας
2983 5659 3091 5714 τῶν
3120 5657 3433 5735 προσευχῶν
3481 5675 3607 5729 μου.
3641 5678 3661 5710 ι
3712 5654 3831 5713 Εἶτ’

662 5837 706 5870 ⁸³
745 5835 888 5895 Psal.
923 5856 1047 5906 xxv,
1081 5839 1133 5897 8.
1210 5840 1256 5874 “
1295 5837 1437 5896 Psal.
1475 5855 1629 5904 xx",
1663 5841 1716 5898 ι.
1794 5840 2024 5901 “‘Psal.
2058 5860 2156 5908 Ls,

2318 5840 2362 5873 "
2403 5834 2506 5894 lsa.
2544 5851 2699 5902 uin,
2729 5835 2787 5889 9.
