3976 6348
79 487 165 542 581

1190 472 1692 534 (ΣΟΗΙΕΝΤΑΜΑ
1731 471 1797 527 IN
1835 471 2169 528 μελικοῦ.

3170 469 3274 526 589

82 596 298 664 mihi:
317 613 330 626 ·
395 615 414 647 ι
441 595 681 657 Ἔδωκας
723 590 1081 664 κληρονομίαν
1122 591 1236 654 τοῖς
1276 587 1623 659 φοϐουμένοις

1737 596 1897 639 tuum.
1935 603 1953 635 ι
1997 583 2079 639 He
2109 582 2454 654 quippejam
2476 581 2742 639 exaudisti
2780 600 2791 636 :
2824 595 2891 637 ne
2919 579 3057 637 bene
3085 584 3212 639 novi
3243 599 3276 639 a

85 694 127 746 τὸ
177 690 346 761 ὕνομά
367 706 478 743 σου.
505 707 522 738 ι
587 685 748 757 Ἐμοῦ
787 685 882 756 μὲν
916 684 1021 757 γὰρ
1079 683 1212 745 τέως
1259 682 1613 752 είσήκουσας·

80 785 233 851 1ίγνειιν
260 781 314 834 δὲ
345 780 445 834 ὑπὸ
475 778 568 832 τοῦ
593 777 685 832 σοῦ
713 775 1022 848 Πνεύματος
1054 772 1338 843 φωτισθεὶς
1360 813 1375 837 ,
1408 773 1489 826 ὃτι
1522 772 1620 823 οὐκ

79 878 187 947 ἐμοὶ
206 875 367 945 μόνῳ,
385 873 517 927 ἀλλὰ
537 873 627 925 καὶ
643 872 771 924 πᾶσι
787 872 896 933 τοῖς
913 868 1074 937 φοὸου
1081 868 1256 938 μένοις
1272 867 1330 919 τὸ
1345 866 1432 918 ὀνο
1438 866 1512 936 μά
1528 882 1619 917 σου

80 969 271 1039 καρπὸν
284 967 430 1032 ἀξιον
443 965 536 1018 τοῦ
558 964 650 1018 σοῦ
667 963 827 1032 φόϐου
843 960 1053 1023 δώσεις,
1071 958 1167 1029 τὴν
1182 958 1281 1029 κλη
1292 958 1540 1028 ρονομίαν
1556 959 1622 1025 ἥν

81 1058 370 1131 mmo.»
389 1058 586 1119 αὐτοῖς,
621 1049 906 1126 ’Ᾱορίστως
923 1051 978 1105 δὲ
994 1050 1180 1114 εἰπὼν,
1205 1069 1223 1099 ι
1244 1053 1353 1111 τοῖς
1369 1047 1529 1116 φοὸου
1539 1047 1624 1117 μὲ-

81 1170 177 1215 νοις
200 1151 260 1203 τὸ
278 1150 447 1220 ὄνομά
466 1166 557 1202 σου
577 1188 590 1212 ,
629 1167 648 1199 ›
671 1142 888 1216 ἥπλωσε
910 1145 1005 1214 τὴν
1028 1144 1182 1214 χάριν
1205 1143 1296 1195 ἐπὶ
1320 1142 1525 1203 πάντας
1540 1143 1625 1194 ἁν-

82 1241 332 1312 θρὼπους.
356 1241 432 1293 οὐ
452 1241 558 1309 γὰρ
581 1237 656 1307 τῷ
684 1236 896 1308 Ἰσραὴλ
915 1235 1246 1305 ἐπήγγελται
1261 1233 1357 1304 τὴν
1379 1233 1625 1303 κληρονο-

88 1334 198 1402 μίαν
213 1371 226 1394 ,
240 1330 357 1382 οὐδὲ
376 1329 452 1398 τῷ
480 1328 741 1381 Ἰουδαίων
759 1326 895 1380 ἔθνει
913 1326 1068 1398 μόνον
1086 1365 1099 1388 ,
1118 1324 1251 1378 ἀλλὰ
1270 1325 1360 1377 καὶ
1375 1325 1505 1377 πᾶσι
1515 1326 1624 1386 τοῖς

86 1423 414 1493 φοὸουμένοις
443 1421 502 1474 τὸ
532 1421 696 1490 δνομα
727 1418 908 1473 αὐτοῦ.
962 1437 980 1469 ι
1002 1417 1235 1486 Ἰουδαίῳ
1264 1433 1323 1469 τε
1347 1415 1575 1486 πρῶτον,
1602 1435 1619 1464 ι

86 1516 271 1586 φησὶνὸ
299 1514 614 1576 Ἀπόστολος
636 1552 650 1575 ,
678 1531 694 1563 ι
721 1513 811 1566 καὶ
841 1511 1077 1581 Ἕλληνι.
1101 1529 1118 1561 ο
1145 1508 1405 1570 Πολλάκις
1426 1507 1624 1577 δὲήμῖν

86 1609 457 1670 ἀποδέδεικται,
486 1606 561 1669 ὡς
590 1606 794 1668 πάντας
811 1607 935 1668 τοὺς
955 1603 1011 1670 ἐξ
1030 1601 1195 1656 ὲθνῶν
1216 1600 1292 1669 τῷ
1317 1598 1434 1669 Θεῷ
1455 1616 1623 1669 προσ-

92 1704 265 1765 ιόντας,
286 1699 650 1768 φοὸουμένους
687 1698 775 1750 τὸν
803 1696 1002 1766 Κύριον
1035 1693 1218 1747 καλεῖν
1245 1691 1428 1745 εἴωθεν
1461 1692 1490 1743 6
1523 1690 1624 1743 A6-

89 1813 187 1865 γος.
213 1793 432 1858 Τούτοις
454 1790 546 1847 οὖν
576 1795 773 1855 αὐτοῖς,
799 1793 982 1861 φησὶν,
1006 1790 1207 1850 ἔδωκας
1233 1787 1590 1858 κληρονομίαν
1608 1803 1621 1815 ο

90 1887 170 1940 καὶ
187 1885 337 1939 ποίαν
358 1886 458 1938 οὐκ
477 1882 646 1946 εἶπεν,
670 1885 798 1954 ἡμῖν
826 1883 881 1935 δὲ
902 1881 1281 1934 καταλέλοιπεν
1311 1879 1512 1947 ζητεῖν.
1539 1876 1627 1947 Τῷ

95 1978 177 2047 μὲν
206 1971 292 2028 οὖν
343 1975 560 2045 Ἰσραὴλ
604 1975 698 2044 τὴν
731 1974 955 2044 ῥέουσαν
994 1971 1116 2042 μὲλι
1156 1970 1249 2023 καὶ
1281 1968 1417 2036 γάλα
1459 1969 1628 2038 ἐπήγ-

91 2070 254 2136 γελται
291 2068 377 2121 διὰ
440 2066 874 2128 Μωῦσὲωςοτοῖς
924 2063 979 2116 δὲ
1036 2061 1385 2132 φοϐουμένοις
1440 2060 1628 2114 ὁποίαν

93 2141 239 2212 {acuis
268 2156 649 2229 κληρονομίαν,
675 2155 820 2208 εἴασε
858 2153 1154 2226 ζητεῖσθαι.
1187 2153 1452 2224 Εὐρήσεις
1483 2151 1540 2204 δὲ
1572 2153 1631 2204 ἐν

94 2256 187 2314 τοῖς
208 2251 298 2304 τοῦ
328 2251 580 2321 Σωτῆρος
606 2251 762 2320 ήμῶν
794 2243 1414 2319 μακαρισμοῖςταύτην,
1451 2245 1508 2297 ἐν
1551 2241 1631 2308 οἷς

94 2342 314 2414 είρηται·
372 2360 391 2392 ι
433 2342 704 2411 Μακάριοι
737 2340 786 2392 οί
841 2338 1042 2408 πτωχοὶ
1080 2335 1157 2406 τῷ
1209 2335 1506 2406 πνεύματι,
1550 2335 1631 2386 ὅτι

93 2437 250 2488 αὐτῶν
280 2437 428 2488 ἐστιν
457 2437 490 2503 ή
538 2433 779 2502 βασιλεία
821 2431 927 2484 τῶν
965 2429 1236 2501 οὐρανῶν
1278 2448 1296 2481 ι
1339 2429 1431 2482 καὶ
1473 2426 1632 2482 πάλιν

94 2525 220 2594 ἔχεις
260 2525 351 2579 τοῦ
393 2525 645 2593 Σωτῆρος
679 2522 834 2594 ήμῶν
878 2521 1229 2590 ἐπαγγελίαν,
1253 2521 1319 2574 δι’
1348 2514 1416 2590 ἧς
1458 2535 1590 2589 φησι
1614 2533 1628 2547 ο

45 2638 51 2642 -
99 2635 116 2666 ι
148 2617 244 2669 Καὶ
272 2618 328 2670 ὲν
355 2615 437 2686 τῷ
466 2615 618 2668 αἰῶνι
642 2613 814 2682 τούτῳ
840 2611 1236 2666 πολυπλασίονα
1257 2610 1505 2681 λήψεται,
1539 2608 1631 2661 καὶ

93 2712 143 2762 ὲν
181 2709 252 2779 τῷ
278 2709 521 2780 μέλλοντι
562 2707 705 2777 ζωὴν
750 2705 965 2758 αἰώνιον
995 2704 1407 2776 κληρονομήσει.
1461 2720 1481 2752 ι
1524 2699 1631 2752 Καὶ

94 2799 272 2870 ταύτης
320 2802 483 2853 ἕνεκα
529 2799 627 2868 τῆς
655 2796 1008 2869 κληρονομίας
1054 2799 1082 2850 6
1124 2796 1368 2865 πέμπτος
1422 2791 1631 2862 ψαλμδς

96 2892 473 2963 ἐπεγέγραπτο,
509 2908 528 2941 ι
564 2890 658 2951 El;
679 2889 929 2952 τὸτέλος,
962 2888 1098 2958 ὑπὲρ
1133 2887 1232 2957 τῆς
1268 2885 1636 2956 κληρονομού-

99 3001 215 3053 σης·
253 3003 270 3035 ι
306 2985 397 3037 καὶ
429 2984 488 3036 ὲν
520 2982 596 3053 τῷ
637 2989 696 3035 ιε’
724 2981 781 3034 δὲ
819 2980 1018 3051 ψαλμῷ
1057 2981 1090 3050 ή
1122 2981 1261 3050 αὐτὴ
1304 2978 1636 3049 κληρονομία

97 3076 323 3146 ἐδηλοῦτο
350 3076 492 3130 κατὰ
522 3075 582 3129 τὸ
605 3115 620 3139 ,
658 3093 677 3128 ι
713 3073 914 3144 Κύριος
947 3075 979 3145 ή
1037 3073 1192 3143 μερὶς
1238 3071 1335 3141 τῆς
1379 3071 1636 3142 κληρονο-

101 3170 210 3237 μίας
239 3188 333 3242 μου
368 3171 463 3224 καὶ
490 3161 584 3223 τοῦ
609 3168 864 3240 ποτηρίου
894 3184 1012 3237 μου,
1042 3166 1104 3219 σὺ
1139 3161 1188 3218 εἷ
1210 3166 1238 3218 6
1259 3163 1639 3218 ἀποκαθιστῶν

98 3264 180 3334 τὴν
219 3264 575 3335 κληρονομίαν
613 3281 709 3334 μου
754 3264 894 3333 ἐμοί.
934 3261 1043 3315 Καὶ
1090 3261 1196 3332 γὰρ
1229 3263 1262 3329 ἠ
1309 3259 1638 3332 κληρονομία

100 3373 188 3424 μου
211 3358 472 3427 κρατίστη
508 3357 597 3426 μοί
625 3358 791 3410 ὲστιν.
842 3374 860 3406 ι

161 3467 179 3500 ι
225 3449 458 3519 Ἡμέρας
488 3447 570 3516 ἐφ’
601 3447 808 3517 ἡμέρας
843 3445 1103 3515 βασιλέως
1153 3443 1479 3516 προσθήσεις
1501 3460 1514 3473 ·
1568 3443 1638 3496 τὰ

98 3539 180 3608 ῑτη
208 3538 368 3592 αὐτοῦ
408 3539 510 3599 ἕως
538 3534 747 3608 ήμέρας
774 3537 962 3602 γενεᾶς
991 3535 1086 3586 καῖ
1110 3535 1301 3602 γενεᾶς
1330 3531 1495 3586 αὐτοῦ
1523 3530 1638 3584 δια-

101 3634 234 3699 μενεῖ
263 3633 341 3694 εἰς
382 3629 474 3682 τδν
503 3628 669 3681 αἰῶνα
715 3625 940 3680 ἐνώπιον
971 3624 1062 3678 τοῦ
1107 3623 1261 3677 Θεοῦ.
1311 3624 1496 3685 Ἔλεος
1546 3624 1638 3676 καὶ

99 3721 334 3792 ἀλήθειαν
371 3723 456 3786 τίς
505 3719 793 3792 ἐκζητήσει
818 3715 1017 3782 αὐτοῦς
1063 3736 1091 3788 ι⁴
1122 3714 1422 3788 Προειπὼν,
1454 3733 1473 3765 ι
1517 3716 1636 3768 Ὀτι

102 3817 176 3879 σὺ,
202 3816 228 3868 6
253 3813 402 3882 Θεὸς,
427 3814 745 3886 είσήκουσας
775 3809 882 3863 τῶν
907 3809 1076 3880 εὐχῶν
1111 3826 1211 3880 μου
1233 3849 1247 3873 ,
1280 3827 1297 3858 ι
1332 3805 1451 3860 καθ’
1478 3807 1642 3878 ὑπερ-

100 3907 244 3962 ϐατὸν
294 3907 497 3977 συνῆψε
527 3906 620 3969 τὸ,
668 3924 685 3956 ι
725 3903 963 3976 Ἡμέρας
997 3905 1079 3971 ἐφ’
1118 3899 1332 3972 ήμέρας
1377 3897 1638 3969 βασιλέως

99 4000 428 4072 προσθήσεις.
455 4017 475 4050 ι
498 3999 826 4053 Είσάκουσον
846 3997 974 4068 γὰρ,
1011 3997 1162 4067 φησὶ,
1195 3993 1303 4045 τῶν
1324 3991 1495 4061 εὐχῶν
1518 4007 1638 4061 μου,

101 4093 292 4163 ἡμέρας
337 4095 422 4163 ἐφ’
463 4091 674 4163 ἡμέρας
718 4107 806 4161 μοι
850 4087 1211 4158 προσέθηκας.
1248 4083 1345 4138 Διά
1384 4083 1552 4156 ’μέσου
1585 4080 1642 4134 δὲ

102 4186 345 4258 ἐνεϐλήθη
374 4188 409 4258 ή
432 4185 559 4256 περὶ
578 4183 685 4237 τῶν
725 4180 1069 4252 φοῦουμὲνων
1102 4180 1176 4238 τὸ⁴
1200 4178 1369 4248 ὄνομα
1395 4173 1495 4230 ὶδσὸ
1531 4176 1644 4229 Κυ-

104 4278 208 4347 ρίου
235 4280 421 4349 μνήμη
442 4294 454 4306 ·
491 4275 676 4345 ἐπειδὴ
701 4275 794 4326 καὶ
826 4273 1005 4334 αὐτοῖς
1030 4269 1362 4343 ἐπήγγελται
1389 4268 1487 4336 τὴν
1513 4267 1644 4339 κλη-

104 4368 394 4439 ρονομίανή
418 4366 738 4440 προφητεία.
760 4361 870 4418 Ἦν
889 4364 993 4435 δὲή
1015 4363 1348 4437 κληρονομία
1373 4364 1407 4433 ὴ
1430 4360 1646 4424 αιώνιος

103 4462 232 4532 ζωή,
264 4462 332 4534 ήν
369 4463 398 4514 6
427 4461 582 4530 λόγος
618 4458 872 4531 σημαίνει
914 4457 1135 4527 φάσκων
1157 4474 1170 4487 ο
1215 4476 1233 4508 ι
1277 4455 1519 4528 Ἡμέρας
1561 4452 1645 4522 ἐφ’

102 4553 297 4624 ἡμέρας
330 4551 588 4622 βασιλέως
609 4549 950 4621 προσθήσεις.
989 4569 1006 4600 ι
1036 4549 1261 4617 Μεγάλα
1288 4549 1462 4600 τοίνυν
1489 4547 1641 4611 εὐξα-

1723 675 1925 746 Spiritu
1959 685 2050 730 tuo
2108 676 2433 738 illustratus,
2470 692 2579 730 non
2629 674 2757 729 mihi
2808 671 2929 736 soli,
2963 674 3059 730 sed
3113 674 3276 730 etiam

1721 768 1973 822 omnibus
2000 767 2318 822 timentibus
2343 783 2540 822 nomen
2574 775 2749 829 tuum,
2779 772 2833 819 te
2862 763 3085 834 dignum
3114 765 3278 829 timo-

1721 875 1780 913 re
1829 869 1921 912 tuo
1971 858 2206 913 fructum
2241 858 2494 913 daturum
2525 873 2668 920 esse,
2703 857 2914 912 scilicet
2958 871 3077 926 eam
3112 871 3278 926 quam

1722 948 1991 1017 pollicitus
2036 949 2169 1017 ipsis
2190 964 2270 1009 es.
2309 947 2696 1002 hmreditatem.
2728 946 2860 1000 Cum
2897 953 3074 999 autem
3103 943 3281 999 indis-

1723 1039 2049 1092 criminalim
2097 1038 2333 1105 dixerit,
2382 1058 2399 1090 ι
2437 1039 2756 1094 timentibus
2791 1052 2986 1090 nomen
3037 1045 3211 1098 tuum,
3252 1053 3271 1086 ›

1724 1135 1777 1188 ἱη
1803 1149 1992 1193 onmes
2021 1133 2268 1197 homines
2319 1133 2547 1202 gratiam
2593 1129 2854 1185 extendit.
2899 1126 3079 1197 Neque
3131 1127 3275 1181 enim

1724 1227 1933 1292 lsraeli,
1989 1241 2164 1295 neque
2209 1223 2436 1279 Judnico
2489 1223 2686 1294 populo
2735 1228 2944 1274 tantum
2996 1217 3281 1276 haeredita-

1725 1327 1831 1373 tem
1883 1319 2157 1387 pollicitus
2195 1326 2309 1382 est,
2344 1316 2437 1371 sed
2467 1316 2629 1369 etiam
2681 1310 2934 1368 omnibus
2962 1306 3280 1365 timentibus

1725 1426 1921 1465 nomen
1953 1425 2132 1463 suum.
2173 1429 2190 1460 ι
2230 1406 2416 1463 Judzeo
2443 1408 2696 1477 primum,
2729 1424 2747 1456 ι
2771 1405 2946 1474 inquit
2967 1401 3279 1476 Apostolus,

1732 1522 1750 1553 ι
1789 1510 1837 1557 et
1883 1499 2072 1555 Graeco
2093 1501 2159 1552 ".
2197 1520 2215 1552 ι
2249 1497 2383 1554 Jam'
2419 1501 2735 1568 plerumque
2773 1497 3199 1551 demonstratum
3246 1505 3280 1545 ι

1725 1593 1884 1647 nobis
1930 1601 2029 1656 est,
2071 1589 2406 1660 Scripturam
2441 1603 2645 1670 _omnes
2679 1588 2773 1657 qui
2829 1602 2894 1642 ex
2923 1586 3172 1656 genibus
3211 1583 3280 1640 ad

1730 1682 1893 1737 Deum
1929 1683 2215 1747 accedunt,
2239 1682 2491 1734 timentes
2526 1678 2814 1732 dominum
2845 1691 3037 1730 vocare
3083 1675 3277 1729 solere.

1727 1766 1821 1822 His
1851 1769 2032 1835 itaque
2066 1767 2221 1836 ipsis,
2254 1766 2349 1829 ait,
2375 1763 2576 1819 dedisti
2596 1762 2962 1816 haereditatem
2985 1780 2997 1815 :
3022 1761 3234 1830 qualem
3261 1798 3278 1822 ,

1727 1873 1835 1912 non
1896 1857 2170 1927 explicat,
2231 1855 2326 1910 sed
2389 1852 2770 1923 inquirendum
2821 1852 2979 1907 nobis
3039 1852 3279 1920 reliquit.

1731 1947 1912 2003 lsraeli
1942 1943 2125 2016 itaque
2159 1954 2360 2002 terram
2390 1944 2654 1999 'ﬂuentem
2690 1945 2796 1998 mel
2829 1953 2882 1998 et
2910 1944 2992 1997 lac
3017 1958 3111 2013 per
3135 1942 3283 2015 Moy-

1732 2056 1827 2095 sen
1871 2038 2150 2109 promisit;
2181 2037 2498 2092 timentibus
2527 2043 2706 2090 autem
2732 2051 2891 2106 quam
2927 2034 3017 2089 det
3052 2035 3286 2111 haeredi-

1733 2139 1917 2209 tatem,
1950 2130 2300 2201 quaerendum
2330 2130 2570 2201 reliquit.
2594 2130 2725 2186 Eam
2755 2143 2881 2184 vero
2903 2128 2957 2183 in
2987 2126 3286 2184 Salvatorll

1732 2225 1905 2280 nostri
1923 2223 2349 2279 beatitudinihus
2366 2222 2754 2293 deprehendas,
2769 2222 2859 2277 ubi
2874 2222 3072 2276 dicitur
3091 2239 3103 2274 :
3123 2240 3140 2272 ι
3159 2219 3292 2275 Bea-

1733 2319 1771 2372 ti
1808 2332 2073 2387 pauperes
2102 2317 2317 2386 spiritu,
2343 2315 2600 2387 quoniam
2629 2316 2872 2385 ipsorum
2925 2321 3009 2369 est
3062 2327 3288 2384 regnum

1732 2411 1994 2464 caelorum
2018 2409 2061 2439 "
2087 2424 2102 2476 ;
2130 2429 2147 2460 ι
2184 2423 2247 2463 ac
2281 2423 2498 2462 rursum
2535 2406 2832 2461 Salvatoris
2859 2405 3029 2460 nostri
3055 2404 3291 2475 promis-

1733 2517 1850 2558 sum
1873 2501 2062 2564 habes,
2098 2516 2206 2570 quo
2230 2501 2304 2554 ait
2339 2519 2350 2554 :
2388 2519 2406 2550 ‹
2445 2497 2512 2553 Et
2534 2500 2589 2554 in
2613 2499 2716 2554 hoc
2743 2497 2941 2554 saeculo
2971 2498 3140 2552 multo
3170 2498 3291 2565 plu-

1732 2608 1792 2647 ra
1815 2592 2058 2661 recipiet,
2087 2599 2140 2644 et
2191 2591 2245 2644 in
2296 2590 2478 2644 futuro
2527 2591 2692 2643 vitam
2735 2597 2989 2644 aeternam
3043 2586 3290 2656 posside-

1731 2682 1810 2736 bit
1838 2681 1903 2732 ⁸⁸.
1946 2698 1964 2730 ι
1999 2678 2174 2748 Hujus
2200 2675 2531 2734 hzereditatis
2603 2693 2771 2731 causa
2803 2677 3027 2746 quintus
3046 2675 3290 2744 psalmus

1733 2772 2032 2841 inscriptus
2063 2778 2147 2825 est
2177 2789 2188 2823 :
2231 2789 2249 2820 ι
2300 2770 2356 2822 In
2391 2769 2572 2831 ﬁnem.
2603 2781 2701 2838 pro
2747 2782 2810 2822 ea
2852 2780 2973 2836 qua:
3005 2764 3292 2820 haeredita-

1733 2870 1842 2918 tem
1873 2862 2110 2931 accipit;
2146 2879 2164 2910 ι
2192 2867 2246 2914 et
2277 2860 2332 2913 in
2381 2857 2591 2912 decimo
2634 2857 2826 2925 quinto
2861 2855 3073 2924 psalmo
3101 2854 3291 2910 eadem

1735 2957 1853 3027 ipsa
1887 2955 2174 3009 haereditas
2221 2951 2527 3006 declaratur
2585 2949 2688 3004 hoc
2739 2948 2928 3001 dicto:
2974 2964 2994 2997 ι
3033 2945 3293 3000 Dominus

1735 3065 1864 3121 pars
1891 3046 2222 3103 hereditatis
2262 3059 2393 3099 mea:
2433 3051 2486 3098 et
2518 3043 2703 3098 calicis
2723 3042 2826 3096 mei
2862 3059 2875 3095 :
2907 3050 2963 3095 tu
2991 3054 3050 3094 es
3078 3038 3171 3110 qui
3202 3053 3291 3091 re-

1739 3146 1933 3201 stitues
1969 3141 2331 3196 haereditatem
2372 3153 2548 3192 meam
2581 3136 2733 3190 mihi.
2761 3133 2973 3202 Etenim
3003 3132 3292 3190 hereditas

1738 3254 1858 3295 mea
1885 3236 2148 3306 praeclara
2173 3239 2256 3288 est
2289 3230 2422 3284 mihi
2453 3228 2516 3283 δ’.
2564 3247 2582 3279 ι

1806 3430 1972 3484 Vens.
2002 3427 2052 3492 7,
2079 3425 2132 3480 8.
2159 3442 2178 3475 ι
2215 3421 2337 3477 Dies
2377 3435 2539 3491 super
2562 3418 2678 3472 dies
2706 3416 2850 3493 regis
2878 3413 3123 3485 adjicies,
3168 3413 3297 3468 anni

1715 3505 1858 3593 ejus
1891 3536 2063 3592 usque
2118 3520 2173 3573 in
2220 3517 2362 3570 diem
2413 3509 2778 3583 generationis
2814 3515 2868 3562 et
2931 3505 3298 3590 generationis

1739 3583 1858 3683 ejus
1897 3583 2291 3683 permanebunt
2329 3606 2382 3659 in
2439 3610 2700 3657 aeternum
2735 3601 2790 3654 in
2840 3604 3139 3666 conspectu
3164 3583 3294 3647 'Dei-

1741 3704 2168 3761 Misericordiam
2203 3707 2258 3755 et
2304 3697 2585 3752 veritatem
2617 3693 2738 3761 ejus
2783 3690 2907 3760 quis
2954 3685 3239 3757 requiret?
3272 3705 3294 3738 ι

1740 3798 1874 3853 Cum
1909 3803 2067 3850 antea
2105 3793 2354 3852 dixisset,
2391 3806 2409 3840 ι
2452 3786 2722 3852 Quoniam
2753 3786 2865 3846 'tu,
2917 3782 3079 3844 Deus,
3131 3792 3299 3834 exau-

1741 3888 1867 3943 disti
1894 3888 2167 3941 orationes
2199 3896 2370 3944 meas,
2401 3899 2419 3931 ι
2455 3893 2550 3950 per
2576 3874 3069 3946 transgressionem
3102 3872 3301 3942 adjecit

1743 3978 1898 4040 illud,
1946 3995 1968 4029 ι
2009 3973 2136 4029 Dies
2179 3967 2504 4041 super-dies
2551 3966 2695 4037 regis
2731 3963 2974 4033 adjiciesr
3016 3981 3035 4014 ι
3067 3958 3300 4023 Exaudi.

1677 4074 1679 4076 ’
1743 4073 1939 4142 inquit,
1973 4069 2252 4125 orationes
2301 4080 2474 4129 meas,
2525 4062 2642 4118 dies
2687 4073 2850 4130 super
2895 4058 3010 4114 dies
3037 4055 3166 4110 mihi
3212 4055 3304 4111 ad-

1739 4164 1922 4236 jecisti
1953 4182 1968 4230 ;
2007 4162 2060 4215 in
2095 4160 2276 4216 medio
2321 4165 2499 4214 autem
2534 4152 2853 4224 interposita
2884 4159 2970 4206 est
2994 4145 3300 4202 timentium

1745 4274 1941 4314 nomen
1995 4256 2207 4310 Domini
2258 4253 2482 4318 mentio,
2517 4250 2645 4322 quia
2678 4245 2958 4319 prophetia
3002 4241 3137 4311 ipsis
3165 4254 3304 4310 quo-

1747 4369 1852 4424 que
1879 4349 2250 4406 haereditatem
2299 4344 2571 4418 promisit.
2627 4339 2926 4403 Hereditas
2978 4342 3158 4424 autem
3207 4332 3301 4389 illa

1746 4417 1947 4497 aeterna
1981 4440 2091 4492 vita
2123 4445 2258 4498 erat,
2293 4449 2412 4505 qua":
2433 4433 2518 4487 his
2551 4427 2908 4500 signiﬁcatur,
2937 4439 2957 4472 ι
2985 4417 3110 4474 Dies
3137 4430 3303 4488 super

1750 4537 1866 4591 dies
1899 4533 2040 4603 regis
2075 4529 2318 4598 adjicies.
2353 4545 2371 4577 ι
2411 4523 2600 4593 Magna
2629 4521 2811 4588 itaque
2859 4509 3153 4586 postulanti
3188 4510 3302 4581 regi

375 4610 582 4713 βασιλεῖ
619 4610 778 4692 Δαυῒδ
800 4610 1147 4710 ’ἐπήγγελταιν
1187 4640 1216 4691 6
1249 4637 1378 4697 Θεὸς
1422 4635 1510 4688 διὰ
1550 4610 1635 4686 τοῦ

1754 4627 1964 4690 Davidi,
2000 4624 2292 4696 pollicetur.
2318 4617 2460 4673 Deus
2507 4628 2603 4685 per
2643 4610 2904 4682 Spiritum
2938 4611 3210 4706 sanctum,

104 4732 401 4806 Πνεύματος
428 4731 637 4804 ἡμέρας
669 4731 752 4799 ἐφ’
782 4729 996 4801 ἡμέρας
1040 4727 1360 4802 προσθήσειν
1380 4767 1393 4791 ,
1434 4724 1527 4779 καὶ
1578 4724 1646 4777 τὰ

105 4826 189 4899 [τη
214 4827 377 4883 αὐτοῦ
418 4827 524 4899 ἓως
565 4823 776 4896 ἡμέρας
822 4823 1014 4891 γενεᾶς
1050 4821 1144 4875 καὶ
1168 4821 1375 4890 γενεᾶς.
1430 4817 1646 4887 Ταύτην

105 4898 204 4990 γάρ
232 4919 378 4993 αὐτῷ
396 4898 493 4991 τήν
527 4916 886 4989 κληρονομίαν
912 4911 1270 4984 ἐπηγγείλατο
1288 4928 1299 4939 ·
1335 4911 1363 4964 6
1381 4909 1444 4980 δὴ
1475 4912 1567 4963 καὶ
1590 4912 1648 4964 ιν

105 5010 175 5079 τῷ
202 5018 248 5064 κ’
265 5009 515 5082 δηλοῦται
536 5007 754 5079 ψαλμῷ,
782 5008 839 5060 ὲν
860 5000 904 5075 ᾧ
931 5006 1140 5076 εἴρηται
1163 5020 1176 5033 ·
1217 5021 1237 5054 ι
1274 5001 1465 5078 Κύριε,
1497 5003 1553 5054 ὲν
1579 5003 1646 5073 τῇ

106 5093 318 5175 δυνάμει
347 5120 440 5157 σου
469 5101 896 5173 εὐφρανθήσεται
941 5099 968 5151 6
1008 5093 1274 5167 βασιλεύς.
1311 5091 1420 5163 Τὴν
1465 5090 1652 5144 ἐπιθυ-

113 5192 228 5262 μίαν
253 5192 349 5264 τῆς
379 5191 605 5263 καρδίας
635 5188 796 5244 αὐτοῦ
838 5188 1042 5252 ιδωκας
1079 5183 1227 5254 αὐτῷ
1247 5198 1262 5213 ⁸
1297 5199 1316 5232 ι
1364 5179 1456 5233 καὶ
1483 5177 1610 5250 ἑξῆς
1633 5198 1650 5212 “

116 5302 132 5333 α
167 5282 310 5355 Ζωὴν
356 5269 595 5354 Nam
647 5299 727 5347 σε,
764 5281 856 5334 καὶ
906 5279 1110 5340 ἔδωκας
1159 5271 1305 5343 αὐτῷ
1339 5273 1652 5349 μακρότητα

112 5375 318 5448 ἡμερῶν
345 5376 422 5438 είς
447 5374 618 5428 αἰῶνα
633 5373 725 5427 καὶ
747 5373 827 5435 είς
843 5371 1010 5425 αίῶνα
1023 5367 1232 5430 αἰῶνος.
1255 5383 1274 5415 ι
1305 5362 1519 5444 Ἐπειδὴ
1546 5362 1654 5434 γὰρ

113 5450 880 5540 τῶνόὐρανίων”ὀριγνώμενος
899 5502 913 5525 ,
948 5463 1040 5515 καὶ
1074 5458 1184 5512 τῶν
1214 5456 1361 5527 παρὰ
1409 5455 1490 5508 σοὶ
1522 5457 1656 5524 ἀγα-

116 5559 214 5613 θῶν
250 5560 605 5644 ὲπιθυμήσας,
637 5555 856 5629 ηὔξατοο
889 5545 1211 5624 εἰσήκουσας
1242 5547 1406 5602 αὐτοῦ
1431 5587 1445 5609 ,
1489 5549 1653 5618 φησὶ,

117 5653 202 5707 καὶ
228 5636 563 5714 εἰσακούσας,
603 5668 621 5700 ι
649 5648 747 5720 τὴν
783 5643 1072 5715 ἐπιθυμίαν
1109 5641 1205 5711 τῆς
1235 5637 1460 5709 καρδίας
1493 5636 1656 5692 αὐτοῦ

1752 4719 1872 4774 dies
1901 4691 2063 4784 super
2103 4711 2219 4764 dies
2252 4705 2356 4777 ipsi
2397 4705 2756 4774 adjecturum,
2789 4708 2842 4755 et
2877 4691 3049 4752 annos
3099 4693 3218 4763 ejus
3247 4693 3304 4746 in
3332 4708 3349 4716 ~

1753 4811 1893 4867 diem
1928 4781 2290 4877 generationis
2317 4805 2372 4851 et
2404 4792 2789 4867 generationis.
2832 4789 2985 4843 Hanc
3027 4785 3168 4841 enim
3199 4781 3305 4851 ipsi

1753 4873 2004 4972 promisit
2050 4891 2457 4948 hereditatem:
2491 4885 2638 4958 quod
2666 4891 2720 4941 et
2753 4883 2809 4938 in
2837 4897 2907 4936 ιτ
2967 4877 3175 4948 psalmo
3211 4873 3306 4972 de-

1755 4965 1996 5050 ὲιιτιιιιιν
2026 4987 2114 5042 his
2144 4984 2365 5038 verbis:
2403 5000 2421 5033 ‹
2467 4979 2711 5039 Domine,
2753 4976 2809 5030 in
2849 4972 3048 5027 virtute
3093 4974 3184 5021 tua
3215 4965 3305 5040 lm-

1755 5084 1960 5142 tahitur
1979 5093 2095 5134 rex.
2130 5075 2465 5132 Desiderium
2491 5070 2673 5128 cordis
2693 5069 2814 5137 ejus
2833 5059 3070 5119 tribuisti
3098 5057 3148 5113 ei
3169 5056 3249 5122 “;
3275 5075 3297 5107 ι
3359 5077 3362 5080 ~

1757 5184 1810 5233 et
1839 5180 2024 5248 postea
2052 5190 2066 5225 :
2105 5189 2124 5222 ι
2161 5165 2338 5223 Vitam
2369 5166 2523 5237 petiit
2544 5178 2579 5248 _a
2608 5169 2685 5226 te,
2727 5167 2781 5215 et
2813 5151 3051 5211 tribuisti
3098 5149 3148 5206 ei
3179 5149 3307 5203 lonv.

1755 5242 2052 5340 gitudinem
2083 5261 2290 5316 dierum
2331 5260 2386 5313 in
2433 5242 2690 5315 sarculum
2723 5258 2777 5325 et
2819 5247 2872 5301 in
2905 5243 3162 5340 saculum
3206 5255 3307 5294 sa-

1753 5334 1960 5415 euli".
2008 5373 2029 5406 ι
2087 5352 2225 5419 Quia
2286 5351 2429 5406 enim
2485 5343 2786 5402 celestium
2833 5334 3196 5408 percupidus,
3252 5338 3309 5385 et

1755 5451 1896 5506 bona
1928 5459 2048 5516 qum
2093 5459 2264 5514 penes
2312 5450 2367 5495 te
2411 5446 2540 5495 sunt
2569 5433 3018 5502 ~coucupiscens,
3056 5435 3307 5501 precatus

1756 5551 1880 5607 est;
1929 5538 2392 5598 exaudisti'eum,
2444 5529 2639 5600 inquit,
2687 5535 2741 5580 et
2795 5541 2918 5579 cum
2971 5522 3306 5584 exaudisses.

1765 5654 1783 5686 ε
1822 5632 2148 5688 desiderium
2175 5627 2358 5683 cordis
2388 5625 2507 5693 ejus
2550 5619 2788 5675 tribuisti
2835 5619 2906 5679 ei,
2939 5625 2993 5671 et
3033 5613 3310 5667 voluntate

119 5705 493 5817 αὐτῷ,
523 5705 616 5798 καὶ
760 5705 973 5808 θέλησιν
992 5733 1101 5788 τῶν
1119 5705 1338 5804 χειλέων
1373 5728 1536 5786 αὐτοῦ
1561 5729 1635 5784 οὐε

1759 5727 2024 5782 labiorum
2055 5723 2174 5793 ejus
2206 5736 2315 5775 non
2344 5713 2607 5771 fraudasti
2636 5726 2778 5767 eum.
2825 5731 2842 5763 ι
2886 5708 3014 5774 Quae
3047 5705 3136 5759 illa
3178 5718 3312 5758 con-

183 5927 229 5961 “
263 5915 416 5986 Rem.
452 5946 510 5996 ιι,
554 5927 640 5983 10.
715 5927 755 5957 δ’
800 5922 982 5978 Matth.
1023 5938 1071 5985 ν,
1105 5917 1155 5972 5.
1234 5915 1277 5948 ⁸³
1318 5911 1521 5970 κειιιιμ
1542 5928 1630 5967 nx

1737 5909 1786 5965 9.
1863 5907 1906 5939 δ’
1945 5904 2088 5961 Psal.
2125 5918 2212 5968 xv,
2244 5900 2297 5967 5,
2338 5897 2392 5955 6.
2465 5893 2514 5929 "
2547 5890 2832 5956 Hahn,
2863 5888 2916 5944 2.
2993 5885 3036 5921 ⁸⁸
3078 5883 3211 5943 ibid.
3246 5880 3310 5947 ε.
