3976 6348
728 422 831 476 58ῖ

727 635 786 681 ιιι
811 638 933 681 sese
962 620 1249 691 reciperet,
1278 628 1330 675 et
1381 635 1410 674 a
1442 620 1603 691 lapsu
1639 629 1943 676 revocaret.
1992 618 2051 675 ln
2081 636 2286 676 xxxviii

722 715 939 787 quidem
975 713 1153 783 ipsum
1184 712 1622 791 instituebat,(ut
1648 727 1771 769 sese
1797 713 2197 777 cohortaretur,
2225 729 2289 769 ae

721 822 907 864 secum
934 804 1209 875 colloquia
1248 804 1503 859 misceret
1537 802 1893 873 diceretque:
1936 821 1956 854 ι
1996 802 2113 857 Dixi
2142 802 2288 858 :Cu-

721 895 954 953 stodiam
1004 895 1126 950 vias
1171 908 1343 958 meas,
1375 900 1435 947 ut
1483 908 1593 948 non
1643 892 1957 964 delinquam
2000 896 2053 948 in
2104 895 2286 964 lingua

719 1003 861 1053 mea.
911 986 1075 1042 Posui
1124 986 1205 1041 ori
1241 1000 1363 1041 meo
1415 971 1745 1049 custodiam,
1791 1001 1916 1040 cum
1964 986 2287 1041 consisteret

717 1081 973 1149 peccator
1007 1076 1298 1132 adversum
1332 1091 1436 1139 me,
1465 1075 1712 1132 obmutui
1733 1084 1796 1131 et
1826 1076 2141 1131 humiliatus
2164 1092 2283 1131 sum

713 1177 768 1225 et
804 1169 931 1227 silui
959 1182 989 1221 a
1022 1166 1205 1232 bonis,
1246 1173 1300 1221 et
1331 1151 1486 1222 dolor
1520 1181 1677 1222 meus
1719 1176 2015 1222 renovatus
2046 1176 2131 1222 est
2153 1167 2220 1231 ⁸⁷,
2258 1186 2279 1219 ι

713 1271 770 1314 et
808 1268 1025 1315 cmtera.
1059 1255 1117 1311 In
1150 1258 1349 1328 quibus
1377 1255 1530 1311 adest
1560 1265 1615 1312 et
1646 1256 1779 1311 illud
1808 1275 1821 1311 :
1864 1276 1884 1310 ι
1919 1258 2001 1312 Ab
2028 1257 2282 1313 omnibus

713 1351 1098 1422 iniquitatibus
1128 1350 1266 1405 meis
1297 1348 1447 1419 eripe
1474 1364 1581 1414 me,
1615 1349 1966 1419 opprobrium
2001 1349 2280 1420 insipienti

712 1444 911 1500 dedisti
941 1459 1047 1500 me.
1078 1442 1342 1499 Obmutui
1371 1450 1427 1496 et
1460 1456 1569 1495 non
1598 1445 1787 1512 aperui
1820 1457 1884 1497 os
1911 1426 2114 1507 meum,
2143 1456 2283 1513 quo.

711 1537 858 1592 niam
889 1545 946 1590 tu
978 1534 1158 1591 fecisti
1181 1535 1265 1601 '5;
1302 1554 1321 1587 ι
1355 1549 1420 1590 ac
1447 1550 1681 1590 rursus:
1717 1552 1736 1586 ι
1768 1535 1970 1590 Amore
1994 1550 2023 1588 a
2056 1550 2141 1590 me
2171 1536 2280 1605 pla-

711 1644 808 1699 gas
842 1639 983 1684 tuas.
1021 1626 1066 1681 A
1103 1625 1425 1682 fortitudine
1452 1640 1647 1680 manus
1672 1633 1780 1681 tua:
1808 1640 1910 1696 ego
1941 1608 2114 1680 deieci
2136 1625 2203 1679 ”.
2225 1613 2229 1616 λ
2252 1644 2273 1678 ›

708 1720 834 1777 Haec
878 1729 934 1776 et
974 1720 1177 1777 similia
1223 1727 1284 1774 ut
1319 1718 1526 1775 diceret
1572 1734 1636 1774 ac
1678 1718 1788 1775 Deo
1836 1719 1975 1773 tales
2001 1718 2278 1774 orationes

706 1815 996 1896 emitteret,
1052 1816 1107 1868 in
1153 1815 1247 1869 illo
1298 1815 1510 1885 psalmo
1554 1812 1945 1869 instituebatur
1996 1809 2272 1875 ldithum;

705 1910 762 1967 in
791 1908 895 1965 hoc
930 1916 1111 1966 autem
1141 1907 1397 1965 similiter
1424 1906 1600 1962 eidem
1631 1906 1751 1960 viro
1778 1913 1970 1959 auctor
2000 1911 2083 1959 est
2108 1900 2269 1958 David

2380 1898 2515 1979 ἐμοῦ
2545 1906 2645 1970 τάς
2675 1905 2945 1977 μάστιγάς
2976 1922 3091 1959 σου.
3132 1903 3264 1958 Ἀπὸ
3285 1905 3385 1976 τῆς
3416 1904 3599 1976 ἰσχύος
3630 1908 3730 1976 τῆς
3768 1904 3898 1973 χειρός

707 2011 764 2056 ιιι
800 2000 1072 2071 colloquia
1106 2013 1293 2056 secum
1327 1997 1557 2053 misceat
1581 2011 1647 2052 ac
1673 1997 1858 2052 dicat:
1896 2014 1914 2047 ι
1946 1994 2139 2050 Nonne
2166 1993 2277 2050 Deo

703 2091 955 2162 subjecta
983 2093 1090 2147 erit
1120 2091 1302 2145 anima
1332 2086 1452 2145 mea
1499 2108 1514 2144 :
1550 2086 1622 2145 ab
1674 2088 1794 2159 ipso
1845 2089 1989 2152 enim
2038 2088 2277 2144 salutare

703 2183 928 2238 meum?
963 2203 983 2235 ιι
1008 2182 1174 2249 Queis
1202 2181 1475 2253 signiﬁcat
1499 2196 1559 2238 se
1577 2180 1882 2257 vacillasse,
1904 2195 1968 2235 ac
1983 2181 2273 2251 quamdam

701 2272 1169 2343 perturbationem
1225 2273 1422 2327 animas
1470 2286 1693 2345 passum
1738 2286 1879 2328 esse.
1920 2269 2059 2337 Quia
2107 2270 2275 2342 igitur

703 2365 1086 2437 ingruentibus
1121 2366 1487 2424 tentatoribus
1532 2364 1805 2421 tantillum
1850 2363 2030 2419 animo
2068 2362 2273 2419 fractus

700 2466 801 2520 est,
827 2455 880 2510 id
911 2455 1373 2521 animadvertetis,
1406 2470 1515 2511 non
1539 2463 1598 2510 ut
1620 2454 1711 2510 ille
1737 2453 1829 2525 qui
1854 2451 2090 2517 dicebat,
2118 2471 2136 2504 ι
2169 2451 2270 2508 Mei

702 2560 882 2606 autem
913 2565 1052 2620 pone
1081 2552 1213 2605 moti
1242 2558 1372 2606 sunt
1401 2548 1634 2622 pedes“
1661 2566 1677 2616 ;
1720 2567 1739 2601 ι
1779 2547 1873 2604 sed
1912 2554 1972 2601 ut
1999 2560 2127 2603 vere
2156 2557 2272 2602 mo-

700 2652 812 2706 tus,
851 2643 1164 2698 necessario
1198 2642 1266 2698 ad
1292 2642 1409 2698 haec
1450 2640 1681 2698 dicenda
1710 2639 2050 2696 instituitur:
2088 2656 2107 2691 ι
2150 2636 2267 2694 Non

698 2726 958 2781 movebor
984 2726 1218 2797 amplius
1244 2744 1259 2794 ;
1289 2745 1308 2780 ι
1333 2726 1448 2782 sive
1472 2724 1774 2781 secundum
1796 2723 2071 2795 Aquilam,
2097 2739 2117 2774 ι
2146 2720 2270 2776 Fal-

698 2819 780 2870 lar
810 2818 1038 2872 multum
1063 2833 1079 2885 ;
1140 2836 1159 2870 »
1201 2816 1503 2873 secundum
1533 2816 1778 2888 quintam
1808 2815 2101 2872 editionem
2127 2814 2267 2870 dici-

696 2915 785 2963 tur
815 2909 1003 2970 etiam,
1040 2926 1076 2959 νι
1134 2907 1255 2963 Non
1305 2907 1569 2963 movebor
1600 2902 1854 2977 amplius.
1915 2925 1935 2958 ι
1990 2905 2271 2963 Consonat

695 3008 877 3055 autem
912 3000 1173 3057 doctrinae
1223 2999 1512 3070 praesentis
1545 2997 1814 3055 sententia
1845 2981 2141 3068 prophetiae
2182 2996 2268 3052 di-

694 3094 839 3148 centi
869 3112 882 3147 :
920 3112 938 3145 ι
976 3091 1071 3148 ναι
1094 3095 1187 3163 qui
1216 3092 1515 3148 detrahunt
1542 3099 1770 3163 peccata
1797 3098 1857 3145 ut
1885 3090 2129 3145 funiculo
2149 3090 2268 3145 lon-

693 3198 783 3254 go,
813 3194 866 3239 et
891 3184 1049 3254 quasi
1084 3183 1313 3255 plaustri
1352 3183 1473 3238 loro
1500 3182 1736 3250 buculaa,
1771 3181 2088 3253 iniquitates
2114 3181 2193 3247 ⁶¹;
2241 3200 2259 3233 ι

694 3282 861 3345 atque
909 3274 985 3328 illi
1013 3293 1027 3329 :
1065 3292 1085 3325 ι
1138 3272 1398 3345 Nunquid
1431 3272 1525 3345 qui
1554 3273 1721 3338 cadit,
1775 3286 1886 3327 non
1914 3278 2183 3343 resurget,
2213 3278 2268 3325 et

2369 3272 2614 3347 εἴρηταιο
2648 3294 2668 3327 ι
2707 3276 2783 3330 Οὐ
2819 3275 2894 3348 μὴ
2927 3274 3172 3330 σαλευθῶ
3205 3277 3299 3330 ἐπὶ
3348 3276 3552 3332 πλεῖον.
3600 3296 3619 3330 ι
3650 3276 3900 3348 Σύμφωνος

694 3365 789 3434 qui
816 3365 1083 3421 avertitur
1112 3380 1223 3420 non
1249 3364 1594 3422 revertetur?
1614 3362 1797 3432 Quare
1817 3364 2084 3420 avertitur
2109 3378 2264 3418 aver-

692 3456 847 3512 sione
894 3454 1386 3528 impudentildicit
1437 3454 1701 3511 Dominus
1723 3456 1791 3510 “.
1828 3472 1848 3507 r
1893 3452 2021 3510 Hac
2062 3453 2264 3524 quippe

695 3548 880 3603 omnia
910 3547 1111 3605 docent
1138 3563 1265 3603 eum
1296 3547 1391 3619 qui
1428 3547 1599 3605 semel
1626 3548 1813 3619 lapsus
1839 3545 1932 3612 sit,
1962 3554 2023 3602 ut
2049 3545 2103 3600 in
2130 3560 2261 3617 pec-

687 3651 813 3700 cato
842 3658 952 3699 non
992 3650 1235 3711 maneat,
1278 3656 1457 3713 neque
1482 3638 1822 3712 despondeat
1862 3639 2129 3705 animum,
2165 3651 2262 3695 ne-

688 3750 795 3807 que
849 3733 1168 3791 tentationis
1220 3731 1393 3789 ﬂuxui
1452 3747 1575 3789 sese
1628 3731 1939 3789 dedititium
1998 3731 2255 3804 praebeat.

687 3826 869 3900 Quare
892 3814 1209 3881 necessario
1235 3824 1500 3881 edoéetur
1519 3822 1755 3880 ldithum
1784 3822 1852 3878 ad
1882 3821 1966 3879 sui
1992 3822 2256 3878 medelam

687 3919 803 3975 haec
828 3917 1116 3989 proferre:
1155 3925 1319 3990 atque
1344 3918 1542 3988 primo
1588 3916 1657 3973 ad
1697 3929 1956 3989 magnum
2002 3912 2259 3971 Servato-

686 4026 802 4066 rem
831 4019 885 4063 et
926 3991 1233 4066 animarum
1263 4008 1536 4064 medicum
1583 4007 1918 4080 confugere;
1953 4005 2257 4078 deindeque

623 4084 633 4093 ’
686 4104 923 4158 animam
955 4092 1110 4157 suam
1142 4117 1252 4156 non
1283 4098 1619 4164 hominibus,
1653 4114 1831 4171 neque
1875 4107 2140 4155 terrorem
2172 4097 2258 4152 in-

682 4195 1017 4252 cutientibus
1048 4192 1358 4264 subjicere;
1392 4191 1489 4248 sed
1520 4206 1691 4246 unum
1723 4204 1980 4262 magnum
2013 4188 2253 4260 iudicem
2297 4255 2300 4259 ν

678 4270 737 4346 et
781 4286 951 4345 Deum
998 4286 1068 4343 ob
1113 4287 1303 4343 oculos
1343 4276 1564 4356 ponere,
1613 4283 1829 4355 ipsique
1874 4281 1976 4338 soli
2013 4282 2250 4337 animam
2294 4338 2299 4339 ,

680 4381 953 4453 subjicere
980 4395 1161 4445 suam,
1191 4379 1532 4449 liberamque
1562 4375 1737 4446 ipsam
1787 4373 1856 4429 ab
1884 4373 2033 4429 omni
2066 4381 2250 4429 extra—

678 4490 782 4532 neo
812 4484 961 4541 metu
993 4482 1255 4530 statuere.
1298 4470 1667 4541 Quamobrem
1697 4467 1773 4523 ait
1799 4487 1812 4523 :
1861 4485 1881 4519 ι
1918 4465 2110 4523 Nonne
2142 4465 2251 4523 Deo

676 4567 923 4638 subjecta
953 4567 1059 4621 erit
1115 4566 1296 4621 anima
1326 4563 1504 4620 mea?
1535 4582 1552 4616 ι
1590 4572 1646 4618 et
1668 4569 1883 4618 caetera.
1909 4560 2010 4614 llic
2030 4573 2247 4614 rursum

2368 4556 2550 4629 Ρυχὴν,
2572 4546 2769 4629 μηκέτι
2799 4558 3125 4631 ἀνθρώποις,
3161 4561 3294 4632 μηδὲ
3319 4563 3432 4625 τοῖς
3462 4560 3812 4632 ὲκφοεοῦσιν·
3834 4560 3899 4612 ἕνα

675 4661 917 4718 salutare
965 4658 1231 4714 llebraica
1280 4672 1438 4720 voce,
1491 4664 1546 4712 et
1594 4654 1888 4727 ipsissimis
1937 4650 2245 4716 elementis,

2368 4625 2409 4703 is
2430 4625 2595 4721 ’μενοι
2616 4625 2721 4722 {cpe
2745 4625 3038 4723 ὀφθαλμῶν
3064 4625 3290 4724 θέμενον
3317 4652 3409 4707 τὸν
3451 4625 3628 4725 μέγαν
3654 4653 3837 4726 κριτήν
3860 4669 3897 4703 τε

2296 4780 2303 4787 -
2355 4741 2449 4796 καὶ
2484 4741 2647 4807 Θεὸν,
2668 4742 2818 4815 αύτῷ
2857 4744 3006 4816 μόνῳ
3043 4743 3140 4816 τὴν
3170 4743 3362 4797 ἑαυτοῦ
3384 4743 3563 4816 ψυχὴν
3591 4746 3895 4800 umectam

581 4854 583 4856 ’
674 4842 991 4915 ιλευθεροῦν
1035 4858 1095 4897 τε
1143 4840 1310 4911 αὐτὴν
1359 4839 1557 4903 παντὸς
1592 4839 1870 4911 ἀλλοτρίου
1928 4836 2115 4909 φόϐου.
2151 4834 2244 4886 Διό
2281 4849 2445 4903 φησιν
2470 4851 2483 4865 ο
2522 4854 2541 4886 ι
2579 4836 2712 4906 Οὐχὶ
2745 4836 2824 4908 τῷ
2847 4835 2966 4907 Θεῷ
2995 4836 3399 4908 ὑποταγήσεται
3432 4838 3466 4908 ἡ
3492 4836 3641 4910 ψυχή
3710 4854 3833 4910 μους
3880 4858 3892 4884 ν

674 4935 769 4989 καὶ
786 4935 857 4990 τά
883 4936 1027 5007 ἑξῆς.
1047 4934 1216 4993 Πάλιν
1234 4932 1290 4986 δὲ
1311 4931 1586 4986 κάνταῦθα
1601 4932 1664 4986 τὸ
1689 4934 1952 5004 σωτήρων
1980 4929 2243 5001 Ἐϐραῖκῇ
2282 4930 2433 4998 φωνῇ
2470 4926 2561 4982 διὰ
2590 4928 2701 4983 τῶν
2739 4929 2918 4983 αὐτων
2950 4927 3251 4998 στοιχείων⁹
3317 4929 3387 4983 δι’
3455 4923 3531 4985 ὧν
3568 4930 3831 5005 γράφεται
3857 4930 3895 4980 τὲ

675 4754 837 4827 queis
862 4751 1122 4808 salutaris
1150 4750 1324 4804 nostri
1355 4746 1487 4804 Jesu
1515 4763 1712 4803 nomen
1743 4746 2023 4802 scribitur.

671 5027 765 5081 τοῦ
800 5028 1067 5102 σωτηρίου
1094 5027 1251 5100 ἡμῶν
1296 5026 1470 5099 Ἰησοῦ
1496 5026 1687 5098 ὄνομα,
1716 5026 1963 5096 φέρεται.

710 5140 868 5196 ~llaec
908 5142 1093 5215 legens
1138 5142 1407 5215 quispiam
1448 5151 1753 5214 opportune
1801 5150 2051 5211 quaerat:
2093 5133 2239 5202 Quid

669 5251 849 5293 causa:
875 5234 1133 5305 estquod
1163 5251 1287 5290 cum
1329 5233 1439 5290 duo
1494 5236 1705 5290 tantum
1760 5232 1873 5288 sint
1908 5226 1941 5299 ιη
1985 5244 2087 5301 pro
2133 5226 2239 5282 ldi-

669 5332 843 5393 thum,
883 5349 901 5382 i
940 5329 1024 5384 vel
1054 5328 1358 5387 secundum
1391 5328 1665 5397 Aquilam,
1722 5345 1739 5378 ι
1802 5325 1870 5380 de
1914 5323 2171 5386 ldithum,
2214 5339 2233 5373 ι

669 5421 941 5491 inscripti,
971 5420 1009 5475 ii
1040 5430 1216 5473 tamen
1252 5435 1358 5475 non
1392 5426 1809 5487 consequenter,
1842 5413 1936 5470 sed
1971 5415 2130 5482 longo
2153 5413 2241 5466 in-

667 5516 895 5573 tervallo
927 5512 1109 5570 dissiti
1130 5511 1351 5583 iaceant
1382 5509 1481 5579 (ι).
1513 5507 1690 5579 llujus
1724 5507 1805 5563 rei
1837 5519 2080 5573 causam,
2112 5517 2236 5559 cum

734 5714 1376 5773 "Psal.xxxmi.2-5.
1452 5691 1830 5782 "tmesis.
1905 5716 2314 5775 "ibid.ll.l2

734 5873 811 5941 (l)
846 5872 969 5931 Haec
993 5874 1270 5932 enarratio
1295 5889 1361 5928 cx
1392 5874 1673 5931 tricesimo
1704 5883 1899 5930 octavo
1928 5875 2137 5945 psalmo
2162 5876 2386 5933 excidit.

1435 412 1700 469 EUSEltll
1737 396 2237 470 cmsammsrs‘
2258 413 2407 483 orn.
2437 410 2617 468 PARS
2655 411 2740 467 lli.
2781 442 2848 452 -
2871 409 3282 471 EXEGETICA.

726 535 1033 591 doctrinam
1070 530 1291 592 medela
1323 538 1686 601 opportunam
1718 520 2013 587 tradidisse
2043 531 2257 587 videtur

2394 529 2561 601 αὐτῆς
2603 527 2864 599 ιχομένας
2907 526 3163 591 διανοίας.
3210 527 3267 581 '0
3295 529 3474 583 τοίνυν
3502 528 3667 582 Δαυῒδ
3690 527 3807 585 ἔοικε
3840 535 3887 604 τῷ

2340 1198 2345 1203 -
2389 1175 2482 1228 τοῦ
2510 1175 2594 1247 μὴ
2618 1175 2949 1247 ἁμαρτάνειν
2970 1174 3029 1228 ὲν
3063 1172 3282 1246 γλώσσῃ
3313 1190 3435 1243 μου.
3480 1171 3714 1245 Ἐθέμην
3734 1174 3797 1245 τῷ
3818 1178 3892 1227 στὶ-

2339 3812 2483 3879 ”’1να
2509 3824 2562 3879 τί
2593 3824 2998 3899 ἀποστρέφεται
3030 3826 3382 3898 ἀποστροφὴν
3414 3825 3630 3896 ἀναιδῆ,
3663 3823 3901 3895 metu

3823 420 3889 476 588

2407 621 2641 692 ἰδιθοὺμ
2686 618 2978 692 πειρασμῷ
3033 638 3139 674 τινι
3173 621 3500 685 πεπτωκότι,
3529 622 3683 692 τάχα.
3724 641 3802 677 που
3834 630 3887 679 καὶ

2393 714 2736 787 ὀλισθήματι,
2761 711 3106 768 διδασκαλίαν
3154 711 3551 786 θεραπηυτικὴν
3587 716 3888 785 παραδεδωπέ.

2393 823 2480 860 ναι
2502 823 2516 836 ο
2564 805 2711 869 ὅπως
2761 804 2828 858 ἄν
2858 802 3011 858 λάϐοι
3043 802 3229 857 ἑαυτὸν
3251 842 3267 867 ,
3318 804 3412 857 καὶ
3458 804 3795 875 ἀνακτήσοιτο
3833 808 3888 859 τι]

2393 896 2698 969 συμὸάντος
2727 894 2875 967 αὐτῷ
2898 896 3255 966 πταίσματος.
3290 895 3566 949 Ἐδίδασκε
3614 895 3743 964 γοῦν
3782 898 3891 949 αὑτὸν

2391 990 2449 1042 ἐν
2479 990 2574 1060 μὲν
2601 986 2680 1059 τῷ
2706 989 2786 1058 λη’
2813 986 2990 1063 ἐαυτῷ
3015 989 3315 1059 παραινεῖν,
3340 987 3434 1041 καὶ
3463 987 3598 1060 πρὸς
3626 990 3799 1041 ἑαυτὸν
3822 989 3891 1042 διι-

2389 1081 2639 1152 λέγεσθαι
2668 1083 2762 1136 καὶ
2791 1082 2970 1151 λέγειν
2991 1098 3007 1114 ο
3040 1099 3060 1132 ι
3085 1076 3227 1134 Εἷπα
3244 1095 3259 1110 ·
3280 1079 3505 1146 rutae...
3528 1080 3628 1145 τὰς
3654 1080 3791 1145 ὁδούς
3812 1101 3891 1153 pm.

2391 1270 2522 1340 ματί
2549 1286 2650 1340 μου
2693 1267 2937 1339 φυλακὴν
2958 1307 2974 1331 ,
3008 1268 3068 1321 ὲν
3088 1265 3166 1337 τῷ
3195 1266 3453 1337 συστῆναι
3504 1266 3593 1320 τδν
3634 1268 3894 1338 ἁμαρτωλὸν

2387 1359 2616 1415 ἐνώπιόν
2658 1376 2781 1431 μου.
2801 1356 3145 1430 Ἐκωφὼθην,
3175 1356 3268 1410 καὶ
3302 1353 3692 1426 ὲταπεινὼθην,
3718 1358 3796 1409 καί
3822 1358 3893 1408 ἐσί-

2386 1468 2532 1523 γησα
2560 1451 2618 1519 ἐξ
2649 1449 2869 1520 ἀγαθῶν
2888 1490 2903 1513 ,
2938 1450 3034 1503 καὶ⁵
3071 1448 3133 1503 τὸ
3153 1448 3375 1521 ἀλγημά
3406 1465 3510 1519 μου
3537 1448 3891 1523 ἀνεκαινίσθη,ι

2385 1521 2480 1596 καὶ
2505 1541 2573 1596 τά
2602 1540 2810 1604 τούτοις
2825 1540 2974 1610 ἑξῆς.
3044 1540 3133 1594 Ἐν
3164 1534 3247 1603 οἷς
3277 1535 3345 1610 ἦν
3374 1538 3469 1592 καὶ
3506 1521 3595 1604 τδ,
3626 1557 3648 1591 ι
3691 1538 3804 1592 Ἀπὸ
3825 1557 3895 1591 παρ

2386 1633 2494 1688 σῶν
2512 1632 2622 1688 τῶν
2651 1631 2891 1704 ἀνομιῶν
2916 1648 3018 1703 μου
3053 1630 3213 1703 ῥῦσαί
3251 1648 3318 1703 με
3341 1648 3355 1662 '
3390 1630 3592 1695 ὄνειδος
3617 1630 3799 1702 ἄφρονι
3817 1632 3899 1684 ἔδυ

2383 1716 2486 1791 κάς
2524 1744 2613 1798 με.
2653 1724 2982 1797 Ἐκωφὼθην
3020 1725 3115 1779 καὶ
3153 1725 3255 1778 ούκ
3281 1724 3470 1796 ἠνοιξα
3507 1724 3571 1778 τὸ
3611 1724 3777 1795 στόμα
3812 1742 3897 1795 μου,

2381 1818 2463 1870 ὅτι
2498 1818 2562 1870 σὺ
2605 1816 2898 1887 ἐποίησας·
2938 1835 2958 1868 ι
2999 1816 3095 1869 καὶ
3144 1814 3307 1869 πάλιν
3329 1832 3342 1847 ο
3400 1833 3419 1867 ι
3492 1815 3803 1885 Ἀπόστητον
3836 1817 3896 1869 ἀπ’

2382 2017 2476 2054 σου
2492 1998 2603 2069 ὲγὼ
2616 1996 2883 2063 ἐξέλιπον.
2917 2015 2936 2050 t
2964 1995 3149 2051 Ταῦτα
3180 1995 3276 2049 καὶ
3294 1996 3362 2050 τά
3390 1995 3616 2050 τοιαῦτα
3647 1996 3901 2050 ἐδιδάσκετε)

2380 2090 2558 2157 λέγειν
2606 2090 2702 2144 καὶ
2747 2090 2829 2162 τῷ
2876 2088 2995 2161 Θεῷ
3032 2088 3286 2165 τοιαύτας
3327 2088 3494 2159 εὐχάς
3536 2090 3900 2161 άναπὲμπεινό

2391 2179 2621 2253 Ίδιθοὺμ
2648 2182 2706 2236 ὲν
2737 2181 2931 2252 ἐκείνῳ
2957 2199 2970 2211 ·
3006 2180 3101 2235 καὶ
3130 2182 3187 2233 ἐν
3208 2179 3288 2251 τῷ
3322 2179 3459 2251 μετά
3486 2183 3674 2253 χεῖρας
3694 2182 3748 2236 δὲ
3774 2180 3898 2235 rimi»

2377 2292 2486 2340 τως
2509 2275 2600 2329 τὸν
2629 2275 2794 2337 αὐτὸν
2818 2275 2984 2345 ἄνδρα
3004 2276 3031 2328 ὁ
3054 2271 3220 2327 Δαυῖδ
3238 2272 3475 2328 διδάσκει
3498 2273 3677 2344 ἑαυτῷ
3704 2275 3901 2347 προσδυ-

2377 2367 2630 2437 λὲγεσθαι
2665 2367 2759 2421 καὶ
2790 2366 2999 2435 λέγειν’
3032 2384 3053 2418 ι
3107 2366 3244 2438 υύχὶ
3281 2364 3360 2437 τῷ
3395 2365 3517 2438 Θεῷ
3550 2366 3900 2437 ὑποταγήσεται

2375 2464 2410 2534 ἡ
2456 2461 2601 2534 ψυχή
2654 2475 2798 2532 μου;
2835 2463 2966 2535 παρ’
2999 2457 3162 2514 αὐτοῦ
3217 2458 3325 2531 γὰρ
3370 2458 3431 2511 τὸ
3475 2459 3738 2531 σωτήριόν
3769 2474 3898 2527 μου.»

2375 2551 2636 2624 Σημαίνει
2686 2549 3040 2612 σεσαλεῦσθαι
3088 2550 3281 2615 αὑτὸν,
3320 2548 3417 2604 καί
3447 2566 3575 2605 τινα
3593 2549 3822 2622 ταραχὴν
3854 2548 3900 2616 τῇ

2372 2642 2517 2715 ψυχῇ
2554 2640 2900 2698 πεπονθέναι.
2964 2642 3116 2697 Ἐπεὶ
3162 2641 3340 2696 τοίνυν
3363 2680 3378 2704 ,
3423 2640 3533 2695 τῶν
3587 2641 3901 2714 πειραζόντιιη

2373 2733 2706 2805 ἐπιθεμένων
2748 2733 2898 2805 αύτῷ
2919 2775 2934 2799 ,
2970 2732 3159 2804 γέγονὲ
3193 2751 3277 2798 τις
3308 2732 3458 2805 αύτῷ
3490 2734 3710 2796 ἀτονία,
3753 2729 3902 2804 ᾔσθετό

2372 2840 2431 2876 τε
2468 2822 2673 2879 ἑαυτοῦ,
2704 2825 2767 2879 οὐ
2795 2825 2939 2879 κατά
2970 2824 3060 2879 τὸν
3088 2825 3378 2897 εἰρηκόταο
3420 2842 3440 2875 ι
3496 2823 3661 2894 Ὲμοῦ
3706 2823 3761 2877 δὲ
3792 2821 3902 2889 παρὰ

2376 2912 2571 2985 μικρὸν
2598 2912 2972 2986 ὲσαλεύθησαν
3002 2914 3053 2968 οἱ
3087 2912 3245 2977 πόδες
3267 2952 3281 2977 ,
3318 2932 3338 2965 ι
3396 2913 3533 2966 ἀλλά
3586 2913 3681 2967 καὶ
3733 2911 3900 2981 ἀληθῶς

2374 3002 2723 3068 σαλευθέντος
2742 3021 2755 3035 ο
2790 3005 3107 3074 ἀναγκαίως
3125 3004 3435 3059 διδάσκεται
3458 3005 3641 3072 λέγειν
3662 3022 3676 3035 ’
3719 3023 3737 3057 ι
3764 3006 3829 3057 Dii
3852 3005 3902 3072 μὴ

2373 3089 2617 3145 σαλευθῶ
2641 3092 2735 3145 ἐπὶ
2764 3092 2945 3147 πλεῖον
2968 3108 2980 3121 °
3018 3110 3037 3145 ι
3070 3092 3105 3164 ἢ
3139 3092 3282 3147 κατά
3313 3093 3402 3146 τὸν
3452 3093 3766 3149 ’Δκύλανκι
3800 3093 3902 3159 Σφε-

2371 3180 2603 3254 λήσομαι
2626 3182 2830 3255 πολλήν
2853 3201 2866 3214 ο
2898 3202 2918 3236 ι
2946 3184 3041 3238 καὶ
3065 3183 3206 3240 κατά
3236 3183 3334 3256 τὴν
3366 3185 3626 3257 πέμπτην
3648 3185 3705 3238 δὲ
3741 3185 3902 3238 ἔκδοσιν

2363 3361 2510 3420 δ’ἀν
2552 3364 2638 3438 εἴη
2671 3367 2703 3420 ό
2744 3366 2872 3432 νοῦς
2909 3368 3012 3437 τῆς
3064 3368 3433 3441 προκειμένης
3477 3367 3817 3432 διδασκαλίας
3858 3372 3901 3433 ἡ

2362 3458 2646 3532 φασκούσῃ
2697 3460 3033 3534 προφητείᾳ·
3077 3479 3097 3514 ι
3137 3461 3276 3515 Οὐαὶ
3331 3463 3382 3517 οί
3423 3461 3788 3535 ἐπισπώμενοι
3834 3464 3902 3519 τὰς

2362 3548 2636 3622 ἁμαρτίας
2662 3551 2739 3616 ὡς
2769 3553 2991 3625 σχοινίῳ
3048 3552 3267 3629 μακρῷ,
3302 3554 3415 3621 καὶι
3434 3553 3511 3619 ὼς
3541 3552 3711 3624 ζυγοῦ
3739 3554 3901 3625 Δἱμιίπι

2358 3641 2642 3718 δαμάλεως
2694 3642 2796 3709 τὰς
2837 3644 3066 3717 ἀνομίας
3089 3664 3103 3680 ο
3145 3665 3166 3698 ι
3196 3645 3293 3700 καὶ
3324 3644 3406 3716 τῷ
3434 3685 3450 3711 ,
3493 3663 3513 3697 ι
3558 3645 3654 3717 Μὴ
3682 3646 3713 3698 δ
3733 3643 3901 3698 πίπτω

2358 3732 2459 3788 οὐκ
2498 3734 2784 3788 ἀνίσταται
2804 3773 2819 3799 ,
2853 3735 2948 3790 καὶ
2970 3730 3013 3787 ’ὁ
3043 3735 3405 3805 ἀποστρέφων
3451 3735 3553 3807 oux
3579 3734 3900 3807 ἀναστρέφεις

2360 3934 2514 3990 ριος;
2553 3938 2573 3972 ι
2610 3920 2798 3976 Πάντα
2824 3917 2936 3990 γὰρ
2955 3914 3127 3973 ταῦτα
3153 3918 3394 3974 διδάσκει
3434 3918 3528 3974 τὸν
3566 3919 3715 3986 ᾶπαξ
3759 3922 3901 3989 lips?-

2353 4012 2560 4083 τηκότα
2589 4011 2664 4083 μὴ
2696 4010 3035 4084 παραμένειν
3064 4011 3147 4083 τῷ
3179 4012 3542 4085 ἁμαρτήματι
3567 4051 3583 4076 ,
3638 4011 3774 4085 μηδὲ
3801 4013 3901 4065 ἀττι-

2354 4102 2645 4173 γινὼσκειν
2666 4102 2879 4168 ἑαυτὸν,
2912 4102 3046 4175 μηδὲ
3076 4101 3290 4158 ἔκδοτον
3313 4104 3575 4177 παρέχειν
3597 4103 3679 4176 τῷ
3705 4102 3793 4158 τοῦ
3817 4118 3902 4153 πει-

2358 4191 2615 4265 ρατηρίου
2644 4190 2896 4264 ῥεύματι.
2932 4190 3025 4246 Διὺ
3049 4192 3365 4262 ἀναγκαίως
3394 4193 3724 4255 ,διδάσκεται
3751 4194 3779 4246 ὁ
3816 4191 3901 4244 ἰδι-

2354 4284 2494 4357 θοὺμ
2524 4284 2747 4363 ἐπᾴδειν
2781 4283 2981 4356 ἑαυτῷ,
3018 4286 3118 4341 καὶ
3142 4286 3209 4340 τὰ
3237 4286 3579 4360 προκείμενα
3602 4286 3781 4357 λέγειν
3801 4302 3813 4339 τ
3836 4284 3901 4336 καὶ

2352 4376 2570 4450 πρῶτον
2606 4376 2704 4447 μὲν
2739 4377 2833 4431 ἐπὶ
2875 4376 2969 4432 τὸν
3009 4377 3182 4461 μεγαν
3207 4378 3437 4451 Σωτῆρα
3468 4378 3565 4433 καὶ
3610 4378 3722 4433 τῶν
3754 4374 3900 4447 (plin

2356 4468 2538 4542 ἰατρὸν
2575 4468 2972 4539 καταφεύγεινο
3009 4470 3199 4525 ἔπειτα
3232 4471 3556 4527 ὑποτάττειν
3598 4471 3701 4543 τὴν
3742 4466 3897 4524 ἑαυτοῦ

2413 5132 2667 5203 Εὐλὸγως
2703 5132 2761 5186 δέ
2787 5148 2871 5195 τις
2911 5132 3164 5204 ζητήσειε
3198 5133 3410 5200 τούτοις
3443 5142 3817 5210 ἐντυγχάνων·
3852 5140 3895 5189 ΤΞ

2341 5220 2541 5293 δήποτε
2573 5223 2750 5293 μόνων
2782 5221 2876 5276 δύο
2901 5222 3069 5277 ὄντων
3100 5222 3209 5278 τῶν
3240 5243 3259 5278 ι
3284 5225 3428 5299 ὑπὲρ
3458 5228 3555 5283 τοῦ
3579 5231 3851 5303 ἰδιθοὺμηι
3874 5228 3894 5293 ἡ

2348 5335 2366 5367 ι
2393 5317 2519 5388 περὶ
2559 5316 2654 5371 τοῦ
2712 5316 2944 5389 Ἰδιθοὺμ
2974 5335 2993 5370 ι
3022 5316 3164 5371 κατά
3194 5318 3285 5373 τὸν
3323 5318 3555 5378 Ἀκύλαν
3587 5325 3892 5398 etp-np.th-

2340 5407 2451 5462 οὔτ’
2482 5409 2680 5483 ἐφεξῆς
2713 5409 2963 5481 ἀλλήλοις
2995 5413 3205 5468 κεῖνται
3255 5412 3557 5489 ἀμφότεροι
3577 5460 3593 5483 ,
3633 5418 3834 5492 μακρὰν
3859 5414 3889 5465 δ’

2342 5504 2445 5556 ἀπε
2455 5504 2812 5575 σχοινισμένοι
2834 5503 3183 5574 τυγχάνουσι.
3211 5505 3324 5577 Τὴν
3350 5508 3409 5561 δὲ
3433 5509 3641 5565 τούτων
3664 5510 3829 5566 αἰτίαν
3850 5506 3887 5555 ἐκ

2413 5719 2617 5778 “Psai.
2652 5736 2820 5787 Lxxn,
2856 5720 2911 5776 Ξ.
2987 5720 3156 5777 “lsa.
3187 5738 3240 5791 v,
3282 5722 3364 5778 l8.
3443 5720 3614 5781 “Jer.
3654 5718 3884 5791 €111,45-
