3976 6348
86 452 174 506 589

1164 444 1655 501 ςολιλιΕΝτΑιιιΑ
1683 444 1747 497 IN
1776 444 2111 500 PSALMOS.

3155 449 3258 502 590

84 573 181 632 τοῖς
222 566 520 639 εἰρημένοις
542 567 667 636 ἡμῖν
694 567 771 629 είς
807 554 1020 637 τδνλην,
1048 570 1454 636 γραμματικῆς
1486 567 1611 619 ἀπο-

1717 564 1783 618 de
1808 579 2013 619 xxxviii
2040 559 2690 633 ageretur,grammaticis
2707 560 3261 619 demonstratlmibus

80 662 259 725 δείξεσι
290 660 727 730 παρεστήσαμεν.
767 657 923 721 Ἀλλὰ
957 658 1047 710 καὶ
1077 658 1159 719 τίς
1184 652 1251 727 ἦν
1293 660 1322 710 6
1361 657 1613 727 ἰδιθοὺμ,

80 752 167 819 ἤδη
193 749 445 819 πρότερον
478 750 535 800 ὲν
568 748 712 817 αὐτῷ
742 748 930 819 ἐκείνῳ
953 748 1346 819 δεδηλώκαμεν,
1386 750 1482 819 τὴν
1512 750 1618 803 ἀπὸ

80 840 173 891 τῶν
205 838 684 909 Παραλειπομένων
720 839 955 911 ἱστορίαν
988 839 1379 912 παραθέμενοι·
1430 840 1495 893 δι’
1549 836 1616 911 ἦς

81 930 331 983 ἐδείκνυτο
358 925 437 992 εἷς
456 929 561 983 τῶν
589 929 986 1000 ὲκλελεγμένων
1008 932 1084 994 είς
1104 931 1163 983 τὸ
1190 933 1355 984 αἰνεῖν
1377 932 1465 985 τὸν
1486 930 1615 983 Θεὸν

80 1020 321 1089 γεγονὼς.
368 1020 673 1091 Γέγραπται
718 1020 877 1089 γοῦνο
920 1039 938 1071 ι
986 1021 1093 1073 Καὶ
1143 1022 1455 1075 κατέλειπον
1502 1022 1617 1075 ἐκεῖ

77 1112 299 1164 ἐναντίον
312 1111 410 1181 τῆς
427 1110 651 1164 κιϐωτοῦ
678 1111 778 1180 τῆς
797 1112 1069 1183 Διαθήκης
1094 1114 1296 1184 Κυρίου
1322 1114 1413 1167 τὸν
1443 1113 1613 1184 Ἀσάφ

77 1205 157 1255 καὶ
182 1204 301 1265 τοὺς
321 1202 574 1271 ἀδελφοὺς
597 1203 760 1257 αὑτοῦ
779 1204 1119 1275 λειτουργοὺς
1148 1205 1380 1258 ἐναντίον
1401 1206 1497 1275 τῆς
1526 1223 1611 1257 κι-

76 1293 252 1345 ϐωτοῦ.
281 1312 298 1342 ι
318 1292 426 1345 Καὶ
454 1290 578 1361 ἑξῆς
608 1292 839 1363 εἴρηται·
871 1312 889 1344 ι
916 1294 1089 1364 sum
1115 1295 1208 1346 καὶ
1249 1294 1497 1364 Ίδιθοὺμ,
1520 1294 1612 1347 καὶ

74 1384 117 1435 oi
140 1382 305 1434 λοιποὶ
324 1381 631 1450 ὲκλεγέντες
657 1385 742 1436 ἐπ’
767 1384 1025 1455 ὀνόματος
1058 1385 1152 1439 τοῦ
1178 1387 1343 1439 αἰνεῖν
1376 1386 1467 1437 τὸν
1496 1385 1610 1437 Κύ-

74 1492 211 1544 ριον,
258 1475 339 1526 δτι
386 1477 466 1537 εἰς
506 1473 676 1529 αἰῶνα
707 1476 769 1527 τὸ
818 1476 963 1540 ἔλεος
991 1477 1186 1530 αὐτοῦ·
1230 1496 1248 1527 ι
1293 1477 1385 1530 καὶ
1412 1478 1570 1530 πάλιν
1594 1495 1605 1507 ·

76 1586 92 1617 ι
129 1566 255 1619 Μετ’
277 1564 453 1618 αὐτῶν
480 1566 656 1636 Αίμὰν
689 1567 781 1619 καὶ
818 1568 1070 1640 Ἰδιθοὺμ,
1100 1568 1392 1637 σάλπιγγες
1427 1586 1485 1621 τε
1516 1570 1609 1622 καὶ

69 1655 304 1724 κύμϐαλα
337 1654 430 1707 τοῦ
464 1655 795 1723 ἀναφωνεῖν,
821 1658 913 1709 καὶ
944 1656 1147 1727 ὄργανα
1186 1658 1293 1710 τῶν
1336 1657 1486 1727 ᾠδῶν
1517 1657 1609 1710 τοῦ

70 1748 210 1811 θεοῦ,
244 1747 350 1800 υἱοὶ
383 1747 615 1818 Ἰδιθοὺμ
643 1750 720 1811 είς
738 1749 835 1820 τὴν
863 1748 1035 1818 πύλην
1053 1765 1067 1778 ⁸
1096 1767 1114 1800 ι
1146 1750 1237 1802 καὶ
1254 1744 1403 1811 αὖθις
1425 1767 1436 1779 ·
1460 1768 1477 1798 σ
1502 1749 1611 1802 Καὶ

68 1838 324 1908 ἔστησενό
354 1835 604 1906 βασιλεὺς
630 1836 791 1890 Δαυῒδ
822 1838 916 1891 καὶ
954 1841 1002 1890 οἱ
1033 1838 1286 1910 ἄρχοντες
1322 1839 1419 1909 τῆς
1450 1839 1608 1892 δυνά-

1720 656 1896 709 allatis
1921 653 2328 725 descripsimus.
2362 649 2466 706 Sed
2491 652 2650 707 etiam
2677 655 2801 724 quis
2830 667 2974 711 esset
3002 656 3258 717 ldithum,

1713 746 1824 815 jam
1862 746 2048 801 eodem
2080 747 2133 800 in
2165 747 2374 817 psalmo
2398 745 2811 813 declaravimus,
2834 748 2995 801 allata
3028 750 3093 802 ad
3124 750 3263 803 hanc

1718 852 1827 891 rem
1878 834 2327 905 Paralipomenon
2381 836 2649 903 historia;
2706 850 2811 905 qua
2862 835 3263 893 demonstratur

1716 941 1836 981 eum
1870 940 1900 980 e
1929 939 2157 979 numero
2184 924 2511 980 delectorum
2549 926 2615 979 ad
2643 924 2807 980 Deum
2837 926 3090 985 laudibus
3120 930 3253 984 cele-

1716 1014 1985 1069 brandum
2014 1014 2209 1070 fuisse.
2264 1013 2537 1085 Scriptum
2579 1015 2759 1084 itaque
2788 1023 2912 1070 est:
2968 1035 2984 1066 ι
3024 1016 3090 1069 Ει
3136 1018 3256 1071 reli-

1713 1113 1949 1174 querunt
1986 1105 2059 1160 ibi
2088 1120 2267 1160 coram
2300 1119 2424 1160 arca
2470 1103 2804 1160 Testamenti
2835 1105 3040 1160 Domini
3080 1107 3261 1177 Asapb

1712 1203 1765 1248 et
1784 1195 1978 1251 fratres
1996 1196 2135 1266 ejus,
2152 1205 2208 1251 ut
2226 1196 2597 1253 ministrarent
2615 1198 2669 1251 in
2685 1209 2977 1267 conspectu
2997 1201 3211 1266 arcae";
3234 1217 3255 1252 ι

1712 1300 1776 1340 ac
1806 1286 2063 1356 deinceps
2088 1286 2287 1341 dicitur
2315 1306 2327 1342 :
2357 1307 2376 1338 ‹
2415 1274 2611 1342 Eman
2637 1296 2690 1343 et
2723 1287 2951 1343 ldithum
2978 1298 3031 1344 et
3066 1290 3259 1361 reliqui

1710 1392 1777 1431 ex
1820 1378 2037 1433 nomine
2063 1377 2217 1431 electi
2266 1377 2335 1432 ad
2365 1378 2692 1433 laudandum
2745 1375 3072 1433 Dominum:
3128 1396 3263 1449 quo-

1712 1467 1854 1520 niam
1887 1470 1940 1523 in
1966 1479 2227 1524 :eternum
2262 1468 2634 1526 misericordia
2666 1468 2784 1538 ejus
2804 1468 2849 1499 “
2868 1486 2913 1534 ;»
2935 1483 2997 1523 ac
3013 1486 3258 1525 rursum:

1717 1578 1734 1607 ι
1772 1559 2072 1629 (Συωίρείε
2097 1559 2292 1615 Eman
2315 1568 2368 1615 et
2391 1559 2638 1619 ldithum,
2677 1558 2817 1613 tubae
2841 1570 2893 1614 et
2921 1561 3163 1630 cymbala
3194 1562 3261 1616 ad
3316 1586 3331 1623 ε

1683 1638 2056 1719 'pulsandum,
2102 1658 2156 1705 et
2189 1652 2543 1704 instrumenta
2595 1649 2930 1702 canticorum
2986 1649 3120 1705 Dei:
3163 1653 3260 1706 filii

1712 1738 1940 1793 ldithum
1984 1741 2039 1794 in
2079 1748 2233 1810 porta
2254 1742 2334 1806 ⁶⁵;
2367 1758 2385 1791 ι
2414 1753 2475 1793 ac
2511 1739 2745 1793 iterum:
2784 1756 2805 1789 ‹
2844 1738 2907 1792 Et
2930 1742 3116 1795 statuit
3165 1756 3261 1797 rex

1715 1830 1878 1884 David
1921 1839 1977 1887 et
2019 1831 2295 1901 principes
2340 1831 2610 1886 exercitus
2656 1832 2722 1884 ad
2776 1831 3076 1885 ministeria
3120 1830 3261 1889 filios

71 1946 200 1997 μεως
229 1931 305 1992 είς
340 1929 405 1981 τὰ
430 1928 568 2000 ἔργα
587 1929 711 1992 τοὺς
744 1930 889 1991 υἱοὺς
942 1930 1110 1998 Ἀσάφ
1156 1930 1248 1982 καὶ
1280 1930 1477 2000 Αίμᾶν,
1520 1929 1611 1982 καὶ

1712 1923 1890 1991 Asapb
1922 1930 1976 1977 et
2017 1921 2214 1976 Eman
2250 1930 2304 1977 et
2336 1921 2592 1985 ldithum,
2643 1922 3001 1977 vociferantes
3050 1924 3259 1994 Cinyra,

77 2018 315 2089 Ἰδιθοὺμ,
343 2023 471 2082 τοὺς
502 2018 1010 2089 ἀποφθεγγομένους
1060 2020 1117 2071 ἐν
1155 2018 1350 2089 κινύρᾳ
1413 2019 1506 2071 καὶ
1558 2021 1611 2070 ὲν

1715 2015 1892 2070 nablis
1919 2022 1972 2069 et
2012 2015 2276 2085 cymbalis
2300 2017 2364 2069 “.
2409 2035 2427 2067 ι
2462 2014 2568 2068 Pro
2617 2014 2709 2068 illo
2743 2024 2942 2077 autem,
2980 2033 2999 2065 ι
3052 2014 3258 2072 vocife-

64 2095 273 2174 νάϐλαις
320 2112 416 2164 καὶ⁵
461 2112 519 2165 ὲν
571 2111 891 2180 τυμπάνοις.
936 2129 954 2160 ι
1014 2110 1157 2162 Ἀντὶ
1184 2109 1239 2161 δὲ
1264 2109 1391 2172 τοῦ,
1443 2128 1461 2158 ‹
1491 2110 1611 2171 τοὺς

1715 2116 1925 2171 rantes,
1963 2125 1981 2157 ι
2020 2106 2235 2176 Aquila,
2271 2125 2291 2157 ι
2330 2109 2640 2177 prophetas.
2678 2125 2697 2158 ι
2732 2104 3082 2177 Symmachus
3108 2121 3258 2172 vero,

62 2198 582 2271 ἀποφθεγγομένους,
615 2221 634 2252 ι
675 2203 703 2255 6
744 2202 840 2271 μὲν
884 2202 1149 2266 Ἀκύλας,
1191 2220 1209 2252 ι
1254 2201 1360 2252 τῶν
1404 2218 1607 2271 προφη-

1719 2216 1737 2247 ‹
1780 2183 2165 2267 prophetantes
2192 2198 2330 2269 lyra,
2368 2217 2386 2249 ι
2423 2199 2749 2264 ediderunt;
2787 2200 2856 2251 ita
2881 2205 2939 2251 ut
2979 2200 3260 2254 memorati

60 2293 180 2353 τῶν,
222 2313 239 2344 ι
276 2296 305 2346 6
347 2294 406 2347 δὲ
435 2294 721 2364 Σύμμαχος
749 2332 763 2355 ,
788 2311 807 2343 ‹
848 2292 954 2345 τῶν
995 2291 1482 2363 προφητευσάντων
1521 2291 1609 2343 διὰ

1713 2288 1816 2343 viri
1866 2290 2139 2358 propheta
2172 2289 2462 2359 reputandi
2516 2290 2643 2344 sint.
2697 2287 3042 2359 Rursumque
3091 2289 3261 2348 fertur

61 2382 234 2455 λύρας,
258 2402 275 2434 ι
307 2382 584 2448 ἐξέδωκεν·
604 2382 741 2435 ὥστε
770 2384 1051 2453 προφήτας
1074 2382 1176 2453 χρὴ
1193 2375 1429 2452 νομίζειν
1453 2398 1609 2450 γεγο-

59 2475 193 2529 νέναι
218 2477 343 2538 τοὺς
355 2473 728 2544 δηλουμένους.
748 2474 855 2525 Καὶ
876 2470 1027 2537 αὖθις
1044 2474 1170 2543 ἑξῆς
1190 2474 1399 2544 εἴρηται
1414 2473 1490 2542 τῷ
1506 2473 1614 2525 Ίδι-

62 2564 209 2633 θούμ’
231 2581 251 2614 ι
276 2564 393 2615 Υἱοὶ
420 2562 669 2632 ἰδιθοὺμ,
696 2560 971 2624 Γοδολείας
994 2564 1087 2614 καὶ
1105 2563 1292 2632 Σουρεὶ
1309 2558 1610 2625 καὶΑίείας,

60 2655 145 2706 καὶ
163 2653 401 2715 Σεδείας,
420 2651 514 2705 καὶ
528 2652 774 2714 Ματθίας
792 2691 809 2715 ,
837 2652 897 2715 ἒξ
932 2650 1069 2722 μετά
1094 2654 1183 2704 τὸν
1206 2652 1416 2723 πατέρα
1438 2652 1613 2705 αὐτῶν

72 2743 295 2813 Ἶδιθοὺμ
324 2744 383 2796 ἐν
410 2742 655 2812 κινύραις
683 2742 1119 2812 ἁνακρουόμενοι.
1156 2760 1175 2793 ι
1227 2743 1369 2795 Ἀντὶ
1409 2742 1465 2794 δὲ
1495 2741 1610 2806 τοῦ,

66 2852 83 2883 ι
116 2837 169 2887 ὲν
206 2834 458 2906 κινύραις
488 2835 942 2905 ἀνακρουόμενοι,
983 2853 1001 2885 ι
1060 2833 1219 2887 πάλιν
1271 2836 1299 2887 6
1351 2823 1611 2898 Ἀκύλας,

65 2945 82 2976 ι
108 2925 302 2998 κιθάρᾳ
336 2925 688 2997 προφητεύων
712 2943 725 2955 ·
757 2944 775 2977 ι
815 2927 843 2978 6
874 2918 930 2977 δὲ
963 2924 1272 2996 Σύμμαχος,
1303 2944 1320 2976 ι
1342 2925 1430 2978 διὰ
1448 2924 1613 2996 λύρας

58 3018 141 3069 τοῦ
164 3017 620 3088 προφητεύοντος,
664 3037 681 3069 ι
713 3016 991 3083 ἐξέδωκεν.
1042 3017 1249 3070 Οὐκοῦν
1284 3018 1387 3081 ικαὶ
1416 3020 1445 3070 6
1495 3018 1613 3071 Ἰδι-

58 3106 187 3178 θοὺμ
213 3103 295 3172 εἷς
323 3104 392 3179 ἦν
413 3108 521 3163 τῶν
553 3108 997 3183 προφητευόντων
1026 3108 1114 3162 διὰ
1142 3108 1311 3181 λύρας
1334 3125 1348 3139 ·
1400 3109 1479 3162 διὸ
1520 3099 1646 3162 καί

1714 2378 1779 2430 de
1814 2374 2047 2431 ldithum
2079 2396 2091 2432 :
2120 2398 2138 2430 ι
2167 2378 2287 2435 Filii
2318 2378 2573 2441 ldithum,
2604 2379 2879 2444 Godolias,
2921 2380 3067 2444 Suri,
3095 2380 3260 2439 Eeas

1710 2462 1916 2520 Sedeas
1946 2475 2000 2521 et
2022 2466 2292 2531 Matthias,
2329 2454 2420 2523 sex
2445 2476 2566 2537 post
2592 2476 2798 2538 patrem
2829 2485 2985 2525 suum
3008 2472 3223 2527 lditbun
3242 2512 3257 2537 ,

1712 2555 1914 2625 cinyris
1942 2566 2356 2632 concrepantes.
2406 2576 2424 2609 ι
2458 2555 2562 2611 Pro
2611 2558 2705 2611 illo
2747 2568 2945 2626 autem,
2993 2578 3013 2611 ι
3060 2561 3262 2632 cinyris

1711 2631 2127 2718 concrepantes,
2162 2667 2182 2700 ι
2220 2648 2414 2717 Aquila
2442 2664 2681 2715 rursum,
2714 2668 2733 2699 ‹
2777 2650 2985 2704 cithara
3029 2631 3260 2721 prophe-

1710 2745 1871 2802 tans;
1926 2757 1946 2791 ι
2000 2738 2355 2808 Symmachus
2403 2752 2550 2802 vero,
2592 2757 2611 2788 ‹
2661 2739 2775 2809 lyra
2806 2741 3197 2811 prophetantis,
3233 2762 3253 2795 ι

1711 2827 1901 2899 edidit.
1929 2827 2159 2881 ldithum
2204 2843 2335 2898 ergo
2363 2842 2393 2883 e
2421 2844 2647 2882 numero
2681 2830 3112 2899 praphetantium
3145 2832 3256 2903 lyra

1713 2919 1853 2986 fuit;
1904 2922 2255 2991 quamobrem
2307 2922 2429 2991 jure
2476 2921 2637 2991 quis,
2693 2922 2821 2977 hinc
2883 2933 3259 2994 argumentum

1712 3021 2015 3076 mutuatus,
2049 3012 2267 3077 dixerit,
2296 3011 2549 3069 Davidem
2584 3028 2684 3068 nec
2715 3015 3085 3085 composuisse
3112 3017 3259 3087 psal-

1711 3119 1880 3167 mum,
1912 3119 2012 3159 nec
2042 3103 2143 3174 ipsi
2184 3103 2415 3179 ldithum
2448 3105 2777 3160 tradidisse:
2813 3121 2988 3177 neque
3014 3105 3259 3162 ldithum

57 3199 269 3262 είκότως
315 3199 458 3252 εἴποι
488 3200 553 3253 ἄν
584 3216 686 3262 τις,
731 3198 977 3252 ἐντεῦθεν
1020 3198 1371 3270 ὁρμώμενος.
1410 3200 1482 3270 μὴ
1520 3201 1611 3253 τὸν

1714 3196 1767 3250 in
1798 3196 2147 3259 tentationem
2179 3195 2480 3266 delapsum,
2512 3205 2571 3250 ut
2602 3198 2861 3253 medelam
2896 3213 2924 3251 a
2946 3197 3144 3252 Davide
3171 3213 3261 3252 ac-

56 3290 205 3343 Δαυῖδ
236 3291 495 3353 συντάξαι
532 3290 622 3342 τὸν
644 3289 875 3360 ψαλμὸν,
912 3291 1006 3344 καὶ
1029 3291 1317 3345 δεδωκέναι
1365 3291 1444 3361 τῷ
1487 3292 1606 3345 ἰδι-

57 3378 202 3450 θοὺμ,
238 3381 375 3451 μηδὲ
400 3382 493 3433 τὸν
545 3380 775 3451 Ἰδιθοὺμ
802 3382 1252 3435 ὑποπεπτωκέναι
1294 3381 1374 3451 τῷ
1416 3399 1605 3452 πειρατ

58 3472 186 3543 σμῷ.
218 3474 313 3525 καὶ
348 3472 639 3543 θεραπείας
670 3472 945 3543 δεδεῆσθαι
968 3473 1065 3542 τῆς
1102 3473 1251 3547 παρὰ
1286 3474 1376 3527 τοῦ
1423 3473 1602 3528 Δαυῖδ.

56 3561 191 3630 Μηδὲ
211 3560 321 3634 γὰρ
347 3560 446 3633 τὴν
470 3561 692 3633 Γραφὴν
717 3561 958 3614 ὑπαίτιόν
991 3577 1095 3615 που
1123 3561 1212 3615 τὸν
1240 3561 1470 3632 Ἰδιθοὺμ
1497 3563 1609 3614 εισ-

56 3652 197 3719 άγειν
219 3668 233 3683 °
286 3651 403 3705 ἀλλ’
451 3650 684 3721 ἔμπαλιν
728 3649 953 3721 μᾶλλον
987 3646 1078 3704 τὸν
1128 3649 1289 3703 Δαυῖδ
1320 3648 1607 3722 τπιρασμῷ

54 3743 524 3815 περιπεπτωκέναι
550 3743 840 3798 διδάσκειν.
881 3744 971 3797 Διὸ
1016 3745 1110 3798 καὶ
1152 3743 1320 3814 φῆσαι
1355 3742 1421 3797 ἂν
1470 3743 1609 3796 εικό-

53 3849 170 3899 τως,
197 3836 484 3907 προφήτην
505 3833 632 3889 δντα
669 3835 760 3887 τὸν
799 3833 1052 3905 Ἰδιθοὺμ,
1098 3835 1222 3898 τοὺς
1259 3834 1319 3886 ὲν
1372 3831 1609 3903 ἀμφοτέ-

57 3943 159 3994 ροις
200 3928 313 3997 τοῖς
351 3925 740 3996 προδηλωθεῖσι
776 3927 1009 3998 ψαλμοῖς
1063 3926 1253 3995 λόγους
1306 3924 1603 3993 συντάξαι,

56 4016 136 4065 καὶ
178 4013 255 4083 τῷ
303 4012 469 4066 Δαυῒδ
498 4014 951 4085 παραδεδωκέναι,
996 4016 1071 4079 ὡς
1104 4014 1170 4069 ἂν
1212 4015 1471 4085 ὠφελοῖτο
1516 4014 1609 4067 καὶ

56 4102 493 4173 θεραπεύοιτονὲξ
518 4104 696 4157 αὐτῶν
724 4106 834 4159 ἐπὶ
877 4108 990 4171 τοῖς
1031 4106 1180 4178 αὐτῷ
1218 4106 1605 4179 συμϐεϐηκόσι.

55 4196 198 4248 Δοκεῖ
226 4195 284 4248 δὲ
317 4212 437 4258 πως
461 4194 632 4267 ταύτῃ
672 4199 738 4266 τῇ
765 4197 972 4267 διανοίᾳ
1023 4197 1421 4269 συμϐάλλεσθαι
1460 4199 1552 4251 καὶ
1577 4198 1608 4249 6

56 4287 356 4361 Σύμμαχος,
404 4290 504 4360 τὴν
545 4286 1087 4361 προγραφὴνᾼτοῦτον
1136 4290 1473 4361 ἑρμηνεύσας
1516 4290 1608 4344 τὸν

55 4357 273 4445 τρόπονῖ
311 4395 332 4429 ι
378 4357 671 4439 Ἐπινίκιος
694 4357 793 4449 ⁷διὰ
840 4357 1069 4447 ’(διθοὺμ
1094 4357 1312 4449 είς
1360 4379 1542 4433 Δαυῖδ.
1582 4396 1603 4432 ι

57 4468 156 4521 Καὶ
189 4471 401 4540 μήποτε
432 4469 568 4539 μετὰ
588 4467 654 4529 τὺ
676 4468 899 4540 σφάλμα
917 4469 979 4522 τὸ
1016 4469 1323 4541 ἑπισυμϐὰν
1348 4470 1424 4541 τῷ
1448 4469 1610 4524 Δαυῒδ

1712 3286 1915 3355 ciperet
1985 3302 2137 3355 opus.
2188 3286 2465 3341 habuisse.
2519 3286 2704 3357 Neque
2763 3291 2907 3343 enim
2980 3289 3259 3360 Scriptura

1712 3377 1922 3444 uspiam
1963 3378 2137 3445 ipsum
2173 3375 2406 3429 ldithum
2440 3377 2888 3445 reum‘inducit;
2930 3379 3049 3433 'imo
3082 3382 3261 3449 potius

1711 3465 1965 3520 Davidem
2016 3467 2071 3519 in
2100 3469 2452 3522 tentationem
2490 3468 2697 3539 lapsum
2726 3484 2848 3524 esse
2876 3464 3051 3529 docet.
3082 3469 3261 3537 Quare

1711 3566 2073 3636 congruenter
2101 3560 2543 3629 dicatur,jpsum
2594 3559 2852 3623 ldithum,
2900 3566 3085 3631 utpote
3130 3577 3258 3631 pro-

1708 3648 1947 3717 phetam,
1977 3658 2305 3705 memoratos
2340 3650 2479 3705 duos
2512 3651 2748 3721 psalmos
2779 3652 3168 3721 composuisse.
3205 3662 3260 3707 et

1710 3736 1898 3792 Davidi
1923 3738 2234 3802 tradidisse.
2268 3750 2324 3795 ut
2353 3756 2417 3795 ex
2445 3741 2515 3796 iis
2545 3743 2830 3797 utilitatem
2870 3757 2933 3797 ac
2962 3742 3257 3811 remedium

1712 3828 2175 3895 inaccidentibus
2205 3832 2361 3889 malis
2394 3833 2716 3903 perciperet.
2748 3831 2884 3887 lluic
2926 3849 3089 3903 porro
3138 3850 3262 3890 sen-

1710 3920 1893 3974 tentia;
1928 3920 2176 3976 conferre
2222 3920 2578 3993 Symmachus
2629 3923 2865 3988 videtur”,
2915 3926 3007 3995 qui
3046 3926 3259 3980 titulum

1711 4013 1811 4066 hac
1838 4012 2047 4068 ratione
2088 4014 2474 4085 interpretatus
2520 4023 2643 4071 est:
2701 4035 2723 4068 ι
2783 4016 3133 4087 Triumphale
3166 4033 3262 4087 per

1710 4101 1968 4165 ldithum,
2011 4106 2285 4161 canticum
2323 4107 2391 4161 ’in
2428 4106 2703 4162 Davidem.
2744 4126 2764 4160 ι
2794 4107 2930 4161 Num
2975 4109 3111 4160 forte
3138 4114 3261 4175 post

1712 4195 2170 4266 lapsumtDavidis
2195 4214 2323 4269 erga
2366 4198 2512 4254 Uria:
2555 4215 2801 4262 uxorem,
2848 4204 2969 4251 cum
3017 4196 3256 4253 nondum

1712 4294 1897 4355 posset
1925 4289 2343 4358 pristinokmore
2390 4290 2731 4359 prophetare.
2768 4280 3054 4356 multaeque
3084 4294 3259 4341 tenta-

1712 4379 1912 4441 tiones,
1932 4380 2373 4448 calamitatesque
2389 4378 2696 4447 frequentes
2716 4377 3000 4439 instarent,
3026 4372 3259 4428 ldithum

1711 4468 1919 4540 Spiritu
1964 4478 2159 4524 sancto
2191 4469 2399 4523 amatus
2428 4468 2527 4523 hos
2564 4467 2633 4521 ab
2680 4482 2741 4521 se
2767 4467 3097 4537 compositos
3144 4481 3260 4521 ser—

58 4558 138 4610 ἐπὶ
155 4562 218 4631 τῇ
240 4560 337 4613 τοῦ
362 4560 559 4631 Οὐρίου
584 4559 821 4629 γυναικὶ,
849 4546 1042 4631 μηκέτι
1064 4551 1174 4614 οἴου
1196 4580 1257 4614 τε
1282 4561 1448 4615 αὐτοῦ
1471 4561 1611 4615 κατὰ

1714 4576 1925 4623 mones,
1952 4559 2107 4631 quasi
2144 4559 2380 4614 remedia
2424 4556 2491 4610 ad
2524 4556 2788 4617 medelam
2819 4558 3017 4611 animae
3049 4562 3255 4625 parata.

57 4649 111 4701 τὺ
132 4652 355 4705 παλαιὸν
388 4652 764 4725 προφητεύειν,
793 4650 999 4705 πολλῶν
1034 4651 1092 4705 δὲ
1130 4653 1448 4725 πειρασμῶν
1476 4652 1614 4708 ὲπα-

59 4742 384 4812 νισταμένων
419 4721 567 4813 me;
590 4743 680 4797 καὶ
706 4721 1380 4815 νσυμφορῶνγὲπαλληλων,
1425 4744 1455 4795 6
1500 4746 1616 4823 ἰδι-

1714 4654 1816 4723 ipsi
1840 4652 2082 4709 tradidit.
2113 4658 2171 4704 ut
2199 4665 2386 4704 eorum
2410 4648 2658 4704 doctrina
2687 4649 2940 4703 solatium
2965 4640 3263 4716 acciperei?

1713 4741 1858 4799 Sane
1882 4757 2002 4796 cum
2032 4739 2097 4794 ad
2128 4754 2367 4811 praesens
2393 4748 2766 4812 argumentum
2797 4738 2935 4793 duas
2964 4735 3261 4792 sententias

60 4826 205 4901 θοὺμ,
256 4833 541 4904 Πνεύματι
582 4834 719 4905 ἁγίῳ
749 4831 1009 4897 συντάξας
1047 4830 1191 4895 τοὺς
1217 4834 1607 4904 προκειμένους

1711 4833 2008 4907 legentibus
2040 4831 2380 4887 attulerimus
2407 4869 2423 4895 ,
2460 4826 2638 4885 utram
2672 4831 2838 4886 velint
2865 4828 3135 4898 amplecti,
3166 4841 3261 4894 per

61 4917 255 4987 λόγους,
298 4923 490 4996 ὥσπερ
540 4926 661 4979 τινὰ
695 4924 959 4996 φάρμακα.
1016 4923 1193 4994 ψυχῆς
1242 4922 1611 4995 θεραπευτικὰ

1709 4940 1810 4979 nos
1846 4922 2047 4976 licebit.

62 5010 352 5070 ἐπιδίδωσιν
398 5016 580 5087 αὐτῷ,
607 5019 685 5081 είς
714 5018 774 5071 τὸ
804 5014 1235 5089 παραμυθεῖσθαι
1289 5017 1354 5069 ὲκ
1395 5016 1495 5086 τῆς
1544 5020 1603 5071 ὲν
1640 5019 1818 5082 αὐτοῖς
1855 5014 2234 5082 διδασκαλίας;
2271 5016 2381 5068 Καὶ
2420 5012 2484 5085 δὴ
2523 5011 2671 5065 δυσὶν
2730 5008 2973 5079 ἐκδοχαῖς
3038 5002 3261 5059 ἐπιϐάλ-

63 5101 226 5169 λοντες
259 5110 344 5171 είς
372 5110 445 5165 τὰ,
465 5112 796 5183 προκείμενα
840 5113 951 5175 τοῖς
975 5109 1407 5194 ἐντυγχάνουσι,
1450 5110 1682 5185 θατέρας
1702 5111 1877 5167 αὐτῶν
1901 5108 1999 5181 τὴν
2029 5111 2238 5182 αἵρεσιν
2265 5108 2676 5179 καταλείψομεν.

130 5240 147 5273 ι
161 5222 299 5285 Ἕως
323 5222 457 5276 πότε
473 5225 774 5299 ἐπιτίθεσθε
793 5228 877 5280 ἐπ’
896 5226 1196 5297 ἄνθρωπον,
1214 5223 1463 5293 φονεύετε
1478 5226 1614 5281 πάν-

62 5327 142 5372 τες
159 5311 313 5382 ὑμεῖς
336 5328 352 5376 ;
374 5312 451 5375 ὡς
464 5313 629 5384 τοίχῳ
646 5313 943 5388 κεκλιμένῳ
962 5316 1054 5370 καὶ
1074 5313 1309 5387 φραγμῷ
1327 5315 1574 5387 ὠσμένῳ.
1589 5337 1607 5368 ι

77 5403 342 5473 Ἐμφαίνει
363 5402 455 5457 διὰ
484 5393 684 5458 τούτων
714 5406 787 5479 μὴ
814 5406 911 5463 ἱνα
948 5410 1106 5479 μόνον
1146 5407 1443 5477 πειρασμὸν
1483 5408 1614 5461 ὑπο-

69 5496 416 5567 μεμενηκέναι
442 5497 473 5550 6
501 5495 683 5560 Δαυῒδ,
711 5499 833 5570 μηδ’
864 5499 1053 5572 ὥσπερ
1079 5499 1203 5571 μίαν
1230 5495 1441 5569 πληγὴν
1475 5500 1615 5571 εἰλη-

67 5586 208 5653 φέναι
244 5589 349 5643 ὑπὸ
374 5588 481 5641 τῶν
507 5588 841 5644 ἀντιπάλωνο
875 5592 1025 5654 ὡςδὲ
1056 5591 1151 5645 ἐπὶ
1196 5588 1400 5661 μακρῷ
1437 5589 1613 5659 χρόνῳ

68 5682 405 5749 τυπτόμενος,
443 5682 536 5737 καὶ
560 5682 840 5753 καρτερῶς
880 5683 1161 5752 ὑπομένων
1208 5681 1303 5744 τὰς
1349 5682 1615 5750 ἐπαγομέ-

1694 5296 1697 5299 _
1737 5241 1740 5244 '
1787 5224 1952 5281 Vnus.
1989 5226 2041 5291 4,
2073 5206 2126 5280 5.
2166 5245 2184 5277 ι
2223 5224 2515 5294 Quousque
2540 5222 2748 5276 irruitis
2775 5218 2828 5272 in
2858 5216 3152 5280 hominem,
3180 5218 3265 5270 in-

1716 5317 1967 5374 terficitis
2007 5317 2244 5373 universi
2287 5330 2383 5371 vos
2409 5355 2424 5379 ,
2459 5324 2712 5385 tanquam
2762 5311 2953 5381 parieti
3002 5311 3265 5365 inclinato

1716 5420 1769 5467 et
1805 5410 2054 5464 maceria:
2082 5409 2338 5485 depulsae.
2391 5424 2411 5459 ι
2443 5405 2535 5461 His
2581 5403 2818 5458 declarat
2859 5400 3024 5454 David
3058 5415 3118 5455 se
3155 5416 3263 5455 non

1718 5515 1879 5554 unam
1911 5514 2224 5569 perpessum
2278 5498 2646 5554 tentationem,
2687 5509 2862 5564 neque
2912 5507 3020 5546 uno
3067 5492 3135 5546 ab
3165 5492 3260 5565 ad-

1717 5591 1972 5644 versariis
2021 5591 2167 5645 velut
2194 5594 2417 5645 vulnere
2466 5585 2817 5646 confossum,
2869 5584 2961 5638 sed
3009 5584 3265 5639 diuturno

1716 5688 1956 5747 tempore
1989 5692 2307 5750 percussum
2336 5721 2350 5747 ,
2390 5694 2454 5734 ac
2500 5679 2733 5734 inﬂictas
2780 5678 2964 5748 plagas
3002 5687 3267 5747 patienter

135 5838 174 5868 ⁸³
212 5837 228 5890 1
263 5837 445 5896 Paral.
470 5855 607 5905 ιςἰ,
639 5839 728 5895 37.
802 5838 847 5870 “
885 5838 1011 5893 ibid.
1049 5838 1135 5893 Η.
1213 5838 1254 5868 ⁶⁵
1284 5835 1411 5891 ibid.
1445 5834 1531 5889 42.
1610 5844 1611 5856 ‘

1738 5834 1911 5887 [’aral.
1949 5850 2077 5907 xxv,
2108 5836 2155 5886 l.
