3966 6340
788 441 876 492 591
1466 437 1728 497 E°USEBII
1766 437 2238 492 CIESARIENSIS
2276 438 2423 493 ουρ,
2469 439 2644 494 PARS
2678 438 2760 493 Ill.
2803 471 2868 478 —
2905 437 3303 494 EXEGETICA.
3830 445 3902 498 593

784 556 1035 610 ferentem
1065 594 1076 617 ,

786 663 804 695 ι
844 643 1133 713 Quousque
1160 645 1366 698 irruitis
1390 645 1443 698 in
1469 645 1739 697 hominem
1764 645 1787 695 ἲ
1818 661 1836 693 ι
1864 642 1996 702 sive,
2023 642 2315 696 secundum

782 735 1045 803 Aquilam,
1084 752 1101 783 ι
1139 735 1430 804 Quousque
1460 729 1863 787 insidiamini?»
1888 732 1990 793 vel,
2025 733 2316 786 secundum

781 808 1180 894 Symmachum,
1221 846 1238 877 ι
1279 825 1573 893 Quousque
1601 826 1654 877 in
1681 838 1874 876 vanum
1903 823 2259 877 laborabitis?
2294 843 2310 874 ι

780 914 979 967 ιιζχὶιιειο
1012 905 1387 968 insidiatorum
1435 905 1686 983 arguens
1715 913 2069 988 propositum,
2107 910 2267 966 infert
2301 931 2312 965 :

782 1024 799 1054 ι
857 1006 1443 1060 lntcrﬁcitisuniversi
1501 1021 1615 1060 vos.
1678 1025 1696 1057 ι
1751 1004 2060 1070 Homicida),
2123 1005 2314 1073 inquit,

777 1096 907 1149 estis
939 1116 951 1151 :
990 1113 1163 1165 neque
1198 1104 1386 1151 contra
1416 1097 1666 1150 athletam
1703 1098 1861 1166 quasi
1895 1097 2186 1154 adversarii
2209 1104 2316 1150 sta-

758 1169 967 1240 Itariam
1002 1195 1248 1257 hpugnam
1317 1187 1383 1240 ad
1440 1188 1876 1242 exercitationem
1946 1185 2311 1249 committitis;

779 1278 870 1330 sed
910 1279 1189 1333 occidendi
1223 1278 1402 1332 studio
1436 1278 1490 1331 in
1534 1293 1618 1331 me
1666 1277 1892 1339 irruitis,
1928 1286 1980 1332 et
2011 1283 2068 1330 ut
2119 1275 2318 1330 auxilio

779 1364 1026 1434 vacuum,
1073 1376 1131 1420 ut
1165 1383 1375 1420 murum
1422 1368 1530 1436 jam
1578 1367 1887 1420 inclinatum
1932 1374 1987 1421 et
2035 1366 2316 1434 maceriem

778 1463 1078 1530 depulsam,
1108 1460 1478 1530 aggredimini.
1502 1459 1634 1512 Nam
1669 1461 1822 1528 quasi
1846 1458 2059 1513 nemine
2084 1458 2319 1512 circum-

777 1555 1010 1605 vallante
1037 1563 1128 1604 aut
1172 1553 1468 1615 muniente,
1518 1553 1856 1620 animamque
1883 1565 2055 1604 meam
2087 1555 2316 1614 tutante,

779 1647 851 1698 ita
887 1647 1111 1699 irruitis.
1147 1645 1440 1714 Quousque
1473 1644 1635 1714 igitur
1662 1644 1774 1698 haec
1794 1643 1992 1703 frustra
2021 1641 2316 1705 tentabitis,

779 1752 952 1804 neque
976 1737 1280 1797 cessabitis,
1316 1737 1545 1791 scientes
1578 1735 1850 1788 invenisse
1881 1749 1967 1787 me
1989 1733 2317 1801 praesidium,

779 1825 1056 1880 custodem
1116 1842 1178 1880 ac
1238 1826 1611 1880 servatorem?
1661 1823 1837 1888 Quare
1893 1822 2115 1876 fidenter
2161 1820 2316 1875 dixi:

1149 557 1413 610 caedentes
1478 555 1675 608 talibus
1735 553 1893 607 dictis
1959 554 2313 621 compellare:

2421 571 2514 615 νας
2546 552 2692 621 αὐτῷ
2719 551 2947 621 πληγὰς,
2992 552 3215 619 φάσκειν
3252 554 3361 613 τοῖς
3409 556 3711 603 τύπτουσιν·
3745 570 3763 602 ι
3801 552 3903 614 Ἕως

2424 643 2552 696 πότε
2574 641 2873 694 ἐπιτίθεσθε
2901 641 2985 693 ἐπ’
3009 641 3319 711 ἄνθρωπον;
3365 661 3381 690 ι
3415 643 3446 709 ἦ
3481 644 3616 694 κατὰ
3654 642 3736 694 τὸν
3788 645 3902 694 Ἀκύ-

2393 733 2543 786 λαν·
2569 749 2586 782 ι
2620 733 2761 795 Ἕως
2796 732 2936 793 τίνος
2961 729 3365 794 ἐπιϐουλεύετες
3398 750 3415 781 ι
3457 732 3489 801 ἢ
3515 732 3653 785 κατὰ
3693 732 3772 785 τὸν
3804 732 3904 801 Σύμ-

2424 840 2589 893 μαχον
2611 839 2625 852 ο
2650 823 2822 883 «Ἕως
2847 821 2988 882 τίνος
3017 821 3465 890 ματαιοπονήσετε
3488 838 3533 884 ;›
3562 816 3693 873 Εἶτα
3723 821 3803 890 τὴν
3820 838 3909 892 προ-

2421 914 2628 984 αίρεσιν
2663 911 2769 966 τῶν
2796 908 3240 963 ἐπιϐουλευόντων
3285 909 3431 980 αύτῷ
3469 909 3747 980 διελέγχων
3780 912 3905 978 φησι·

2428 1021 2444 1052 ι
2476 1002 2726 1055 Φονεύετε
2759 1000 2956 1060 πάντες
2977 999 3203 1077 ὑμεῖς..)
3231 1000 3482 1052 Φονευταὶ
3503 1000 3610 1071 γάρ
3630 1002 3762 1062 ἐστε,
3795 999 3907 1066 φησί·

2423 1093 2514 1146 καὶ
2544 1094 2640 1163 οὐχ
2671 1093 2857 1165 ὥσπερ
2879 1094 3264 1161 ἀνταγωνισταὶ
3291 1091 3420 1161 πρὸς
3444 1090 3673 1160 ἀθλητὴν
3691 1091 3910 1160 ἱστάμενοι

2426 1183 2582 1254 μέχρι
2612 1185 2907 1254 γυμνασίου
2938 1184 3199 1237 ποιεῖσθαι
3214 1184 3312 1256 τὴν
3334 1181 3560 1252 ἆμιλλαν
3579 1198 3594 1212 °
3617 1181 3745 1234 ἀλλὰ
3763 1183 3913 1249 φονικῇ

2423 1275 2736 1344 προαιρέσει
2765 1274 3064 1328 ἐπιτίθεσθέ
3091 1271 3198 1344 μοι,
3229 1275 3319 1327 καὶ
3352 1271 3654 1326 ἐπιτίθεσθε
3680 1272 3749 1333 ὡς
3787 1271 3914 1338 ἀϐοη-

2422 1364 2584 1434 θήτῳ,
2620 1364 2712 1416 καὶ
2734 1363 2810 1426 ὼς
2841 1364 2938 1436 ἤδη
2969 1365 3268 1434 κεκλιμένῳ
3294 1363 3452 1433 τοίχῳ
3480 1363 3572 1415 καὶ
3628 1359 3842 1432 φραγμῷ
3866 1360 3918 1410 ὼ-

2423 1454 2620 1524 σμένιρο
2661 1454 2748 1518 Ὠς
2769 1454 2876 1524 γὰρ
2903 1454 3122 1526 μηδενὸς
3143 1454 3592 1526 περιφράττοντος
3636 1451 3763 1523 μηδὲ
3796 1467 3916 1519 περι-

2422 1545 2741 1617 τειχίζοντος
2762 1548 2855 1599 καὶ
2886 1545 2980 1615 τὴν
3012 1543 3146 1615 ἐμὴν
3167 1541 3525 1616 φρουροῦντος
3555 1541 3756 1612 ψυχὴν,
3784 1538 3920 1599 οὕτως

2423 1636 2743 1690 ἐπιτίθεσθε.
2787 1638 2928 1699 Ἕως
2956 1631 3046 1688 οὖν
3100 1636 3228 1688 πότε
3267 1635 3435 1689 ταῦτα
3485 1632 3922 1704 ματαιοπονήσετε,

2424 1729 2515 1780 καὶ
2544 1729 2663 1798 οὐχὶ
2692 1728 2960 1782 παύσεσθε
3009 1727 3209 1790 λοιπὸν,
3269 1727 3504 1795 γνόντες,
3556 1726 3638 1778 ὅτι
3669 1717 3812 1794 εῦρον
3847 1723 3924 1789 τὴν

2425 1820 2654 1888 ἐμαυτοῦ
2688 1821 2949 1890 φυλακὴν,
2977 1819 3071 1871 καὶ
3109 1818 3197 1871 τὸν
3220 1817 3451 1889 ἐμαυτοῦ
3485 1818 3716 1889 φρουρὸν
3743 1816 3828 1868 καὶ
3848 1814 3929 1864 Eu-

785 1935 800 1965 ι
839 1916 1025 1969 Nonne
1070 1917 1178 1971 Deo
1211 1917 1456 1984 subjecta
1501 1915 1604 1967 erit
1651 1915 1829 1966 anima
1879 1911 2039 1964 mea?
2082 1912 2149 1964 ab
2204 1913 2321 1981 ipso

2420 1909 2555 1978 τῆρα
2580 1926 2594 1975 ;
2639 1910 2729 1962 Διὸ
2757 1911 3030 1981 ἐθάρσησα
3075 1909 3237 1978 φάναι
3262 1925 3276 1937 ·
3316 1927 3335 1958 ι
3367 1909 3498 1978 Οὐχὶ
3520 1909 3598 1978 τῷ
3625 1907 3738 1977 Θεῷ
3767 1907 3930 1957 ὑποτα-

778 2008 919 2059 enim
951 2008 1182 2062 salutare
1213 2020 1412 2060 meum.
1443 2003 1576 2057 Nam
1612 2011 1666 2057 et
1725 2003 1839 2071 ipse
1891 2001 2034 2056 Deus
2081 2016 2232 2057 meus
2271 2009 2324 2057 et

780 2096 1028 2149 Salvator
1089 2110 1282 2155 meus,
1338 2099 1620 2161 susceptor
1671 2107 1848 2155 meus,
1907 2106 2017 2146 non
2071 2092 2324 2146 movebor

780 2188 1030 2255 amplius.
1061 2184 1444 2239 Verumtamen
1489 2182 1719 2252 pretium
1750 2196 1924 2236 meum
1958 2182 2326 2252 cogitaverunt

779 2274 1059 2345 repellere,
1095 2281 1456 2326 cucurrerunt
1508 2271 1562 2324 in
1607 2270 1719 2332 siti,
1769 2285 1865 2324 ore
1911 2285 2010 2326 suo
2042 2272 2326 2326 benedice-

779 2364 940 2425 bant,
1000 2371 1054 2417 et
1097 2363 1262 2416 corde
1315 2377 1415 2416 suo
1470 2345 1910 2416 maledicebantf
1941 2359 2261 2431 Diapsalma.
2301 2382 2319 2412 ι

779 2452 964 2506 Priora
1011 2451 1226 2521 quidem
1260 2451 1373 2505 sive
1407 2448 1572 2503 David
1605 2448 1720 2504 sive
1766 2449 1996 2505 ldithum
2046 2466 2165 2507 sese
2193 2452 2325 2506 allo-

779 2557 954 2611 quens
985 2542 1153 2607 dixit;
1181 2540 1417 2595 secunda
1445 2538 1692 2593 inimicos
1717 2540 2044 2609 compellans
2071 2543 2320 2610 protulit;

779 2634 940 2688 tertia
971 2631 1354 2702 expropositis
1395 2628 1571 2684 verbis
1619 2645 1718 2684 nos
1746 2631 1973 2686 edocent
2004 2646 2111 2701 quo
2139 2632 2325 2688 consi—

779 2725 850 2778 lio
899 2723 1125 2778 insidias
1174 2722 1277 2792 ipsi
1327 2722 1571 2792 pararint
1620 2721 2011 2789 conjuratores.
2060 2722 2325 2789 Quocirca

776 2814 948 2867 dicit:
988 2832 1007 2864 ι
1049 2811 1430 2866 Verumtamen
1464 2812 1698 2882 pretium
1743 2828 1922 2868 meum
1955 2813 2327 2884 cogitaverunt

778 2903 1057 2976 repellere.
1118 2922 1137 2954 ι
1175 2903 1367 2956 Omnia
1401 2905 1598 2972 quippe
1630 2918 1815 2957 eorum
1841 2902 2140 2971 molimina,
2169 2918 2328 2957 omne

782 2995 1091 3058 consilium,
1143 3008 1251 3046 non
1299 2993 1405 3046 alio
1456 2995 1790 3061 spectabant,
1822 3008 1981 3062 quam
2026 3001 2085 3048 ιιι
2131 3008 2215 3047 me
2260 2994 2328 3047 ab

784 3086 986 3137 honore
1026 3099 1132 3152 quo
1162 3082 1304 3152 apud
1335 3081 1501 3136 Deum
1533 3083 1828 3152 gaudebam
1877 3082 2244 3147 deturbarent,
2276 3093 2328 3139 et

779 3176 1008 3243 pristina
1047 3189 1163 3227 mea
1192 3175 1363 3244 gloria
1390 3177 1705 3245 spoliarent.
1743 3175 1878 3230 Hinc
1918 3176 2146 3231 consilio
2189 3176 2326 3231 inito

779 3357 832 3409 in
863 3357 974 3419 siti,
1006 3371 1178 3410 meam
1208 3371 1430 3412 cernere
1461 3359 1754 3428 perniciem
1793 3359 2061 3416 sitientes.
2096 3358 2202 3415 Pro
2234 3361 2326 3414 illo

778 3453 979 3511 autem,
1005 3465 1023 3496 ι
1048 3446 1102 3500 in
1121 3447 1234 3511 siti,
1260 3466 1279 3499 ι
1306 3448 1552 3518 Aquila,¢
1573 3449 1631 3503 in
1652 3449 1899 3515 fallacia;
1925 3469 1945 3501 ι
1971 3448 2328 3522 Symmachus

771 3551 920 3600 vero,
934 3537 1014 3590 «in
1030 3538 1342 3606 mendacio;
1366 3558 1384 3590 ι
1408 3541 1594 3609 quinta
1609 3541 1794 3604 editio,
1818 3542 1902 3608 «in
1921 3540 2090 3608 falso;
2114 3559 2132 3594 ι
2153 3541 2326 3598 etalia

775 3625 902 3680 item
932 3625 1115 3690 editio,
1139 3645 1157 3675 ι
1183 3627 1237 3681 in
1268 3628 1413 3694 dolo,
1443 3649 1461 3681 ι
1498 3631 1834 3700 interpretati
1857 3639 2006 3686 sunt.
2023 3629 2326 3687 Verisimile

775 3717 955 3786 itaque
985 3728 1070 3772 est
1096 3718 1150 3772 in
1176 3728 1365 3775 nostra
1386 3735 1601 3791 quoque
1639 3723 1871 3778 lectione
1892 3722 2126 3793 positum
2148 3723 2324 3795 primo

776 3805 966 3871 fuisse,
988 3826 1006 3859 ι
1030 3808 1082 3861 in
1100 3811 1398 3871 mendacio.
1413 3812 1528 3885 trita
1547 3819 1604 3865 ut
1619 3811 1909 3878 diceretur,
1922 3831 1948 3873 σε
1966 3821 2326 3868 cucurrerunt

777 3900 833 3954 in
863 3899 1142 3954 mendacio
1170 3919 1184 3966 ;
1233 3920 1252 3952 ι
1289 3901 1342 3956 id
1363 3910 1467 3966 est,
1489 3903 1697 3957 inimici
1729 3913 1782 3958 et
1815 3904 2162 3960 insidiatores
2196 3909 2321 3969 mei,

775 4005 885 4044 non
913 3989 1052 4044 duce
1093 3991 1339 4057 veritate,
1381 3992 1476 4046 sed
1515 4007 1638 4046 cum
1682 4009 1802 4048 sese
1859 4002 1999 4050 totos
2044 3995 2324 4051 mendacio

774 4079 1145 4156 tradidissent,
1179 4097 1402 4137 cursum
1438 4090 1490 4136 et
1547 4084 1781 4137 studium
1813 4100 1971 4139 suum
2003 4098 2189 4142 contra
2239 4103 2325 4142 me

772 4172 1124 4228 direxerant:
1187 4173 1284 4229 sed
1354 4173 1705 4243 sequentibus
1769 4176 2099 4245 temporibus
2170 4179 2323 4246 lapsu

771 4265 1048 4334 graphico,
1076 4280 1171 4333 pro
1203 4265 1378 4329 illo,év
1400 4264 1600 4334 ψεύδει,
1621 4266 1674 4319 id
1720 4273 1856 4320 est'r
1889 4267 1943 4319 in
1973 4268 2270 4336 mendacio,
2301 4288 2318 4320 ι

771 4355 827 4405 ἐν
853 4351 1012 4421 δίψει,
1044 4353 1096 4406 id
1126 4361 1209 4408 est
1244 4354 1353 4407 r-in
1389 4354 1480 4408 siti
1517 4373 1534 4404 ι
1563 4355 1799 4424 positum
1825 4355 2012 4411 fuisse.
2046 4356 2323 4422 Quomodo

770 4450 948 4495 autem
1011 4441 1349 4498 insidiatores
1417 4445 1491 4498 illi
1559 4455 1842 4499 currerent
1903 4447 1961 4501 in
2011 4447 2314 4513 mendacio,

2421 1998 2643 2067 Υήσεται
2674 2001 2706 2069 ἠ
2741 1999 2885 2069 ψυχή
2919 2016 3056 2069 μους
3108 1999 3236 2068 παρ’
3282 1995 3442 2049 αὐτοῦ
3473 1996 3579 2066 γὰρ
3608 1996 3668 2049 τὸ
3703 1993 3932 2065 σωτήριόν

2427 2105 2546 2157 μου.
2575 2090 2683 2144 Καὶ
2707 2090 2814 2162 γὰρ
2841 2091 3000 2153 αὐτὸς
3025 2089 3156 2152 Θεός
3183 2076 3286 2160 μου
3316 2089 3410 2141 καὶ
3434 2088 3622 2157 Σωτήρ
3652 2104 3771 2156 μου,
3816 2086 3932 2136 ἀντι-

2422 2180 2644 2251 λήπτωρ
2687 2198 2807 2250 μου,
2855 2183 2913 2234 ού
2945 2182 3019 2252 μὴ
3074 2180 3316 2235 σαλευθῶ
3348 2180 3439 2232 ἐπὶ
3464 2177 3662 2232 πλεῖον.
3699 2177 3837 2246 Πλὴν
3860 2177 3934 2243 τὴν

2422 2272 2586 2342 τιμήν
2620 2288 2719 2342 μου
2757 2271 3137 2326 ἐϐουλεύσαντο
3175 2270 3490 2324 ἀπώσασθαι
3509 2310 3522 2333 ,
3548 2269 3774 2340 ἔδραμον
3802 2270 3854 2320 ἐν
3881 2266 3935 2316 δὲ·

2422 2363 2538 2433 ψει·
2575 2364 2653 2434 τῷ
2680 2369 2902 2434 στόματι
2934 2363 3110 2416 αὐτῶν
3131 2362 3401 2430 εύλόγουν,
3438 2362 3530 2413 καὶ
3557 2363 3622 2430 τῇ
3652 2357 3838 2430 καρδίᾳ
3865 2358 3939 2409 αὖ·

2423 2454 2527 2507 τῶν
2555 2453 2884 2524 κατηρῶντο.
2925 2451 3229 2522 Διάψαλμα.
3272 2469 3290 2502 ι
3328 2451 3408 2504 Τὰ
3457 2451 3552 2521 μὲν
3582 2448 3770 2520 πρῶτα
3807 2445 3938 2506 αὐτὸς

2422 2544 2596 2614 ἐαυτῷ
2625 2545 2739 2614 ἦτοι
2763 2543 2998 2612 Δαυῒδ,ἢ
3039 2542 3270 2612 Ὶδιθοὺμ
3299 2541 3584 2594 διείλεκται
3602 2557 3616 2572 ·
3662 2539 3732 2593 τὰ
3761 2541 3816 2594 δέ
3843 2537 3942 2591 δεύ-

2422 2651 2553 2703 τερα
2584 2634 2718 2705 πρὸς
2742 2633 2868 2696 τοὺς
2887 2631 3109 2703 ἐχθροὺς
3137 2630 3476 2684 ἁπετείνατο·
3506 2631 3574 2684 τὰ
3605 2630 3661 2684 δὲ
3701 2629 3851 2700 τρίτα
3876 2627 3942 2678 διὰ

2420 2725 2526 2777 τῶν
2554 2724 2922 2795 προκειμένων
2951 2724 3094 2794 ἡμᾶς
3121 2721 3376 2783 διδάσκει,
3396 2721 3577 2775 τίποτε
3605 2720 3946 2790 βουλευόμενοι

2421 2818 2468 2869 οἱ
2502 2812 2936 2879 ἐπιϐουλεύοντες
2960 2815 3108 2885 αὐτῷ
3132 2817 3228 2886 τὴν
3253 2814 3538 2884 ἐπιϐουλὴν
3553 2809 3944 2874 κατεσκεύαζον.

2424 2907 2512 2960 Διό
2542 2912 2700 2977 φησιο
2741 2925 2759 2958 ι
2793 2907 2937 2976 Πλὴν
2964 2906 3059 2976 τὴν
3089 2907 3250 2976 τιμήν
3281 2922 3381 2976 μου
3413 2904 3796 2958 ἐδουλεύσαντο
3824 2901 3949 2954 ἀπώ-

2427 2996 2699 3050 σασθαι..)
2745 2997 2812 3048 Ἦ
2842 2997 2948 3066 γὰρ
2974 2997 3122 3049 πᾶσα
3165 2995 3354 3065 σκέψις
3399 2994 3576 3048 αὐτῶν
3611 2995 3704 3046 καὶ
3744 2996 3778 3062 ὴ
3817 2991 3949 3060 βουλὴ

2424 3088 2571 3142 οὐδὲν
2593 3088 2797 3160 ἕτερον,
2832 3088 3013 3160 φησιν,
3051 3088 3084 3157 ἢ
3121 3087 3440 3140 καταϐαλεῖν
3470 3103 3537 3155 με
3581 3085 3682 3154 τῆς
3725 3083 3868 3154 παρὰ
3892 3082 3950 3149 τῷ

2352 3225 2392 3281 C
2425 3177 2543 3248 Θεῷ
2565 3178 2749 3249 τιμῆς,
2775 3179 2869 3232 καὶ
2891 3178 3172 3249 γυμνῶσαι
3194 3179 3293 3248 τῆς
3317 3177 3471 3247 δόξης
3501 3172 3568 3248 ἧς
3603 3173 3748 3246 εἶχον
3784 3175 3953 3244 πρότε-

779 3275 835 3318 ut
860 3265 1116 3318 honorem
1138 3279 1201 3318 ac
1226 3267 1455 3336 pretium
1485 3268 1613 3322 mihi
1641 3267 1937 3332 auferrent,
1966 3277 2326 3323 cucurrerunt
2351 3265 2367 3340 ξ

2429 3284 2518 3337 ρον
2543 3265 2883 3330 ἐσπούδαζον.
2910 3262 3042 3321 Εἶτα
3073 3266 3481 3337 βουλευσάμενοι
3520 3264 3724 3334 ταύτην
3761 3281 3857 3335 μου
3877 3262 3952 3331 τὴν

2421 3357 2586 3429 τιμὴν
2631 3356 2915 3428 περιελεῖν,
2968 3357 3198 3430 ἔδραμον
3235 3360 3292 3412 ἐν
3331 3356 3469 3427 δίψει
3513 3356 3610 3427 τὴν
3652 3357 3796 3427 ἐμὴν
3825 3353 3954 3408 amb-

2422 3447 2570 3500 λειαν
2608 3447 3210 3517 θεάσασθαιδιψῶντες.
3267 3447 3407 3500 Ἀντὶ
3433 3447 3488 3500 δὲ
3517 3446 3631 3510 τοῦ,
3665 3465 3685 3498 ι
3713 3449 3773 3500 ἐν
3815 3445 3956 3513 δίψει,

2423 3544 2479 3597 ἐν
2509 3541 2889 3613 διαψεύσματι,
2927 3561 2944 3593 ι
2981 3544 3009 3595 ὁ
3053 3541 3305 3604 Ἀκύλας·
3339 3542 3367 3593 ὁ
3411 3540 3467 3592 δέ
3495 3536 3808 3610 Σύμμαχος,
3860 3557 3875 3588 ι
3912 3538 3958 3586 ὲν

2420 3633 2694 3705 ψεύσματι
2713 3650 2727 3664 ·
2771 3642 2804 3684 ι·
2822 3635 2856 3704 ὴ
2886 3633 2944 3686 δέ
2974 3632 3196 3704 πέμπτη
3225 3630 3498 3693 ἐκδοσιςρι
3524 3631 3580 3681 ἐν
3602 3628 3791 3697 ψεύδει
3810 3647 3822 3658 ο
3848 3648 3864 3678 ι
3884 3626 3958 3678 ni

2424 3725 2584 3780 πάλιν
2616 3726 2778 3797 ἑτέρα
2812 3725 3020 3789 ἔκδοσις
3041 3763 3056 3792 ,
3089 3743 3107 3775 ι
3137 3725 3193 3776 ἐν
3221 3723 3374 3794 δόλῳ,
3415 3740 3433 3773 ι
3475 3722 3846 3792 ἡρμήνευσαν.
3883 3718 3958 3768 ΕΞ-

2423 3817 2516 3878 κὺς
2544 3812 2637 3870 οῦν
2664 3817 2757 3870 καὶ⁵
2786 3818 2844 3870 ἐν
2868 3819 2934 3887 τῇ
2957 3814 3077 3868 καθ’
3109 3814 3252 3885 ἡμᾶς
3275 3811 3572 3880 ἀναγνώσει
3611 3812 3828 3863 κεῖσθαι
3880 3808 3958 3877 μὲν

2423 3907 2684 3979 πρότερον
2732 3907 2794 3960 τὸ
2822 3948 2837 3973 ,
2874 3925 2893 3957 ι
2931 3909 2989 3959 ἐν
3015 3904 3239 3973 ψεύδει,
3285 3922 3301 3954 ι
3345 3904 3410 3955 ἵν’
3540 3901 3603 3954 τὸ
3649 3901 3958 3971 λεγόμενον·

2429 4017 2447 4049 ι
2490 3998 2756 4070 Ἐδραμσν
2781 4000 2838 4051 ἐν
2871 3996 3078 4065 ψεύδει·
3120 4015 3138 4047 ι
3176 3995 3446 4049 τουτέστιν
3460 3996 3514 4047 οἱ
3542 3993 3728 4065 ἐχθροί
3767 4010 3863 4063 μου
3886 3995 3961 4042 καὶ

2423 4091 2472 4140 οί
2500 4088 2954 4152 ἐπιϐουλεύοντες,
2990 4088 3050 4140 ού
3075 4088 3169 4140 σὺν
3191 4086 3413 4157 ἀληθείᾳ
3440 4087 3527 4139 τὸν
3553 4087 3674 4138 κατ’
3702 4083 3839 4156 ἐμοῦ
3858 4083 3960 4153 δρέ-

2423 4197 2524 4250 μον
2552 4181 2644 4233 καὶ
2677 4180 2775 4250 τὴν
2807 4180 2928 4232 κατ’
2959 4178 3094 4248 ἐμοῦ
3132 4178 3360 4250 σπουδὴν
3395 4175 3669 4230 ἐποιοῦντο
3690 4215 3706 4239 ,
3743 4177 3890 4238 ὅλους
3917 4175 3962 4226 δέ

2423 4268 2617 4332 αὐτοὺς
2644 4267 2721 4338 τῷ
2751 4268 2930 4338 ψεύδει
2974 4268 3328 4339 παραδόντες·
3368 4268 3588 4339 σφάλμα
3626 4268 3685 4321 δὲ
3711 4269 3966 4340 γραφικὲι

2423 4358 2698 4428 γεγονέναι
2725 4346 2918 4421 ἐντοῖς
2952 4360 3085 4428 μετὰ
3121 4358 3287 4412 ταῦτα
3323 4359 3514 4430 συνέϐη
3550 4359 3769 4429 χρόνοις
3793 4400 3806 4422 ,
3843 4359 3966 4410 ὥστε.

2424 4449 2542 4500 ἀντὶ
2571 4446 2683 4510 τοῦ,
2724 4466 2742 4496 ι
2769 4449 2826 4499 ἐν
2858 4447 3058 4516 ψεύδει,
3091 4450 3147 4502 ἐν
3197 4449 3336 4519 δίψει
3376 4471 3394 4500 ι
3444 4450 3744 4519 γραφῆναι.
3780 4450 3898 4510 Πῶς
3921 4447 3966 4498 ξε

771 4533 873 4587 sub
908 4533 1021 4587 haec
1053 4535 1283 4602 explicat
1315 4534 1538 4590 dicens:
1591 4556 1609 4587 ‹
1649 4538 1754 4591 Ore
1785 4552 1885 4592 suo
1931 4538 2320 4596 benedicebant

2421 4537 2734 4608 ψευδόμενοι
2769 4538 2817 4590 οἱ
2855 4537 3284 4602 ἐπιϐουλεύοντες
3320 4538 3546 4609 ἔδραμον
3573 4578 3588 4601 ,
3632 4538 3966 4610 διερμηνεύῃ

770 4632 826 4679 et
857 4623 1021 4678 corde
1064 4640 1163 4678 suo
1193 4626 1601 4683 maledicebant.
1649 4647 1666 4679 ι
1715 4626 1848 4682 Cum
1895 4628 2105 4684 fallacia
2140 4633 2320 4686 molli-

772 4713 874 4769 bus
919 4715 1213 4769 utebantur
1252 4717 1432 4780 dictis,
1469 4725 1526 4770 ut
1576 4733 1660 4771 me
1712 4718 2016 4775 inescarent
2041 4729 2096 4775 et
2141 4724 2322 4778 abilla

771 4818 892 4857 cum
928 4804 1032 4859 Deo
1077 4806 1312 4861 statione
1358 4807 1746 4864 deturbarent:
1797 4825 1962 4878 quare
2005 4813 2322 4870 benedicere

773 4893 1091 4949 videbantur
1121 4896 1173 4948 in
1212 4895 1366 4958 facie,
1413 4913 1603 4967 meque
1635 4898 1853 4953 laudare
1898 4910 1951 4955 et
1979 4904 2277 4972 approbare
2304 4923 2320 4969 ;

772 4984 866 5039 sed
898 5000 1049 5039 mens
1076 5003 1262 5041 eorum
1303 4990 1448 5043 intus
1478 4990 1951 5046 maledictionibus
1997 4995 2319 5063 replebatur,

771 5076 928 5144 queis
956 5091 1039 5128 me
1074 5077 1277 5132 honore
1321 5079 1591 5147 depellere
1632 5088 1685 5135 et
1733 5081 1786 5134 in
1815 5083 2155 5139 maledictum
2187 5086 2321 5155 deji-

770 5182 893 5220 cere
921 5170 1254 5248 satagebant.
1289 5169 1382 5226 llis
1415 5178 1591 5225 autem
1624 5171 1902 5236 docemur,
1931 5164 2194 5246 quotquot
2229 5178 2319 5231 Dei

774 5258 1080 5314 hominibus
1111 5261 1453 5326 insidiantur.
1491 5264 1623 5317 nihil
1653 5263 1797 5317 aliud
1831 5282 2042 5334 curare,
2071 5286 2234 5340 quam
2263 5279 2320 5326 ut

773 5349 918 5417 ipsos
950 5365 1036 5413 eo,
1068 5349 1158 5421 qui
1188 5353 1331 5422 apud
1365 5353 1532 5409 Deum
1559 5365 1661 5420 est,
1694 5357 1897 5414 honore
1925 5373 2143 5416 exuant.

845 5597 1005 5654 Vsus.
1038 5600 1153 5653 6-9
1228 5620 1251 5652 ι
1287 5609 1667 5662 Verumtamen
1725 5607 1832 5663 Deo
1886 5610 2127 5680 subjecta
2175 5622 2314 5682 esto,

767 5690 946 5740 anima
983 5705 1121 5752 mea,
1155 5694 1412 5760 quoniam
1442 5696 1510 5750 ab
1545 5698 1664 5768 ipso
1706 5695 1962 5770 patientia
1997 5717 2133 5757 mea.
2182 5704 2314 5759 Nam

769 5780 884 5848 ipse
911 5779 1048 5838 Deus
1077 5799 1224 5840 meus
1256 5793 1307 5841 et
1341 5783 1588 5844 Salvator
1607 5807 1759 5849 meus
1784 5820 1797 5848 ε
1824 5804 2104 5866 susceptor
2165 5815 2315 5855 meus

2422 4629 2592 4697 λέγων
2614 4627 2741 4699 ἑξῆς
2764 4646 2778 4658 ’
2820 4647 2839 4678 ι
2999 4629 3222 4700 στόματι
3252 4621 3427 4682 αὐτῶν
3455 4628 3714 4696 εύλόγουν
3741 4669 3756 4694 ,
3790 4632 3878 4682 καὶ
3911 4632 3966 4700 τῆ

2421 4715 2616 4787 καρδίᾳ
2643 4716 2819 4770 αὐτῶν
2848 4716 3176 4788 κατηρῶντο.
3216 4734 3235 4766 ι
3281 4714 3616 4776 Ἀπατῶντες
3639 4715 3781 4785 γὰρ,
3808 4714 3966 4782 λόγοις

2420 4808 2670 4875 γλυκέσιν
2699 4807 2934 4878 ἐχρῶντο
2961 4807 3097 4878 πρὸς
3124 4805 3182 4858 τὸ
3203 4801 3541 4858 καθελκῦσαί.
3564 4821 3630 4873 με
3668 4805 3771 4859 καὶ
3815 4823 3966 4858 κατα-

2421 4899 2598 4953 ϐαλεῖν
2631 4898 2731 4968 τῆς
2762 4897 2911 4970 παρὰ
2931 4897 3008 4968 τῷ
3033 4896 3149 4966 Θεῷ
3179 4895 3415 4959 στάσεως
3435 4913 3447 4925 ·
3481 4896 3561 4949 διὸ
3594 4896 3845 4966 εὐλογεῖν
3866 4900 3966 4950 €85-

2421 5005 2545 5043 κουν
2584 4992 2678 5044 καὶ
2697 4992 2936 5044 ἐπαινεῖν
2960 5005 3046 5060 με.
3062 4987 3155 5040 καὶ
3183 4986 3639 5058 ἀποδέχεσθαιλείς
3663 4992 3966 5061 πρόσωπον

2418 5079 2485 5132 τὰ
2508 5079 2566 5132 δὲ
2584 5081 2682 5152 τῆς
2712 5079 2948 5141 διανοίας
2967 5077 3146 5131 αὐτῶν
3167 5076 3488 5148 πεπλήρωτο
3515 5081 3806 5151 καταρῶν,
3822 5082 3886 5136 δι’
3910 5077 3966 5133 ὧι

2417 5167 2515 5240 τὴν
2539 5169 2702 5239 τιμήν
2731 5185 2830 5239 μου
2858 5165 3242 5220 ἐϐουλεύσαντο
3261 5165 3601 5231 ἀπώσασθαι,
3622 5171 3727 5223 καὶ
3755 5172 3966 5239 κατάρᾳ

2422 5275 2487 5326 με
2531 5259 2839 5315 ὑποϐαλεῖν.
2878 5255 3246 5328 Διδασκόμεθα
3289 5258 3346 5311 δὲ
3400 5259 3488 5313 διὰ
3517 5259 3733 5316 τούτων
3788 5265 3869 5316 ὅτι
3917 5263 3966 5330 δη

2419 5349 2612 5414 πάντες
2629 5352 2680 5404 οἱ
2717 5354 2829 5415 τοῖς
2865 5347 2958 5403 τοῦ
3004 5349 3138 5402 Θεοῦ
3175 5348 3480 5421 ἀνθρώποις
3534 5351 3966 5412 ἐπιδουλεύοντες

2416 5438 2564 5495 οὐδὲν
2586 5439 2768 5510 ἕτερον
2799 5437 3186 5504 σπουδάζουσιν
3211 5440 3246 5510 ἢ
3267 5440 3366 5510 τῆς
3391 5440 3541 5511 παρὰ
3564 5442 3650 5512 τῷ
3669 5443 3797 5514 Θεῷ
3820 5462 3869 5497 τι
3878 5447 3966 5513 ut;

2419 5528 2695 5597 γυμνῶσαι
2724 5531 2929 5590 αὐτούς.

2495 5639 2512 5670 ι
2553 5617 2696 5691 Πλὴν
2727 5618 2806 5690 τῷ
2837 5617 2953 5688 Θεῷ
2987 5606 3303 5693 ὑποτάγηθι,
3329 5626 3361 5693 ἡ
3392 5623 3537 5695 ψυχή
3581 5642 3711 5694 μου,
3741 5626 3825 5679 ὅτι
3856 5621 3966 5693 παρ¹

2418 5709 2576 5765 αὑτοῦ
2601 5712 2634 5781 ἡ
2664 5711 2900 5785 ὑπομονή
2937 5728 3058 5781 μου.
3107 5714 3214 5766 Καὶ
3252 5714 3358 5784 γὰρ
3397 5716 3561 5777 αὐτὸς
3597 5716 3738 5780 Θεός
3766 5697 3868 5789 μου
3892 5717 3966 5770 ml

2422 5803 2605 5874 Σωτήρ
2634 5818 2734 5874 μου
2753 5843 2768 5868 ,
2801 5802 3136 5877 ἀντιλήπτωρ
3153 5821 3275 5874 μου,
3296 5805 3356 5857 οὐ
3383 5804 3456 5878 μὴ
3485 5809 3926 5875 μεταναστεύσω.
3953 5829 3966 5862 ι
