3976 6348
74 416 164 467 595

1169 422 1662 480 ΩΟΙΙΕΝΤΑΒΕΔ
1702 422 1768 478 ΙΝ
1802 424 2135 482 PSALMOS.

3149 432 3248 481 595

83 534 386 603 Ἀρχόμενος
411 537 508 606 μὲν
537 537 735 607 ἔλεγεν·
765 559 782 591 ι
811 541 942 611 Οὐχὶ
964 541 1038 612 τῷ
1066 541 1182 612 Θεῷ
1207 544 1595 616 ὑποταγήσεται

1705 561 1809 600 non
1838 546 2130 616 emigrabo.
2172 565 2189 596 ι
2221 543 2377 600 Initio
2419 545 2634 613 quidem
2674 560 2736 599 ac
2778 545 2822 602 si
2873 546 3047 600 adhuc
3077 547 3246 601 ambi-

71 628 97 691 ή
121 625 259 693 ψυχή
294 645 423 695 μους
459 648 476 678 ι
504 629 690 702 ὥσπερ
716 633 983 696 ὲνδυὰζων
1005 632 1101 686 ἔτι·
1127 633 1356 688 ἐνταῦθα
1385 636 1443 689 δὲ
1471 637 1595 689 ἁπο-

1703 644 1852 705 geret
1885 635 2096 690 dicebat
2131 653 2146 688 :
2184 653 2202 684 ι
2246 634 2432 688 Nonne
2472 634 2579 688 Deo
2620 634 2859 702 subjecta
2912 635 3013 688 erit
3069 634 3245 688 anima

69 720 318 782 ερατικῶς,
360 720 671 789 βεϐαιωθεὶς
706 725 768 775 ὲκ
809 723 916 776 τῶν
957 723 1276 794 εἰρημένων,
1317 728 1382 797 τῇ
1413 725 1595 780 ἑαυτοῦ

1705 725 1864 779 mea?
1897 745 1914 777 ι
1958 724 2056 780 Hic
2082 740 2228 784 vero,
2258 741 2321 779 ex
2370 725 2437 778 iis
2482 739 2598 792 qua:
2641 726 2832 778 animae
2871 740 2982 780 sua:
3015 725 3244 779 revelata

67 809 196 878 ψυχῇ
232 812 538 881 ὲπιθαρσῶν
575 813 1024 884 παρακελεύεται·
1066 816 1147 869 διό
1184 833 1313 888 φησι
1345 819 1476 888 πρὸς
1508 821 1603 873 αὖ-

71 900 174 967 τήν·
212 920 232 952 ι
263 901 407 974 Πλὴν
443 903 522 973 τῷ
548 904 664 974 Θεῷ
699 906 1015 978 ὑποτάγηθι,
1049 910 1082 978 ή
1111 909 1253 981 ψυχή
1289 926 1408 980 μου.
1443 928 1462 962 ι
1495 912 1603 964 Καὶ

66 991 312 1063 ἀνωτέρω
357 994 454 1064 μὲν
485 995 653 1062 ἔλεγε·
691 1014 708 1044 ι
745 996 879 1066 Παρ⁹
906 996 1068 1050 αὑτοῦ
1108 998 1216 1071 γὰρ
1255 999 1315 1053 τὸ
1343 1000 1601 1070 σωτήριόν

72 1100 182 1149 μου·
213 1101 231 1135 ι
257 1085 484 1137 ἐνταῦθα
498 1085 573 1138 δέ·
601 1103 618 1135 ι
645 1087 764 1138 Ὅτι
787 1089 913 1158 παρ’
933 1089 1094 1142 αὑτοῦ
1118 1091 1151 1160 ή
1175 1091 1412 1162 ὑπομονή
1436 1109 1554 1161 μου.
1580 1112 1596 1143 ι

73 1175 280 1243 Ὅμοιον
306 1174 351 1227 δ’
384 1173 450 1226 ἂν
473 1174 556 1245 εἴη
594 1174 749 1229 τοῦτο
783 1175 860 1246 τῷ
894 1180 1140 1248 φήσαντι·
1182 1200 1198 1233 ι
1229 1181 1410 1234 Πάντα
1439 1181 1603 1252 ἰσχύω

67 1268 118 1317 ὲν
154 1265 228 1333 τῷ
263 1265 642 1334 ἐνδυναμοῦντί
682 1283 768 1335 με.
803 1287 822 1319 ι
865 1270 939 1321 Οὐ
966 1270 1072 1342 γὰρ
1252 1272 1487 1340 ἐμαυτοῦ
1517 1275 1604 1325 κέ-

69 1371 260 1423 κτημαι
286 1353 384 1422 τὴν
412 1355 584 1424 ἰσχὺν,
610 1355 746 1410 ἀλλὰ
777 1357 926 1428 παρὰ
950 1358 1043 1410 τοῦ
1077 1359 1488 1429 ὲνδυναμοῦντός
1514 1377 1598 1430 με·

69 1447 150 1496 καὶ
170 1443 419 1508 ἐνταῦθα,
449 1464 466 1493 ι
510 1445 570 1497 Ἦ
593 1445 833 1518 ὑπομονή
861 1465 958 1517 μου
988 1469 1006 1497 ι
1032 1449 1130 1502 οὐκ
1154 1450 1211 1514 ἐξ
1235 1451 1392 1520 ἐμῆς,
1418 1452 1598 1520 φησιν,

67 1537 252 1606 ἀρετῆς
302 1537 395 1588 καὶ
437 1538 712 1608 δυνάμεως
763 1540 1106 1611 συνέστηκεν,
1149 1542 1282 1596 ἀλλὰ
1316 1545 1464 1615 παρὰ
1504 1545 1602 1614 τῆς

67 1628 214 1679 αὑτοῦ
246 1628 482 1700 χάριτος·
520 1648 537 1679 ι
575 1631 681 1683 Καὶ
705 1629 814 1700 γὰρ
831 1631 989 1693 αὐτὸς
1012 1631 1141 1696 Θεός
1171 1651 1270 1702 μου
1295 1635 1387 1686 καὶ
1415 1635 1600 1705 Σωτήρ

69 1735 174 1784 μου·
215 1739 231 1767 ι
267 1719 455 1790 διόπερ
477 1721 555 1783 ὡς
589 1720 718 1783 Θεός
755 1739 851 1790 μου
885 1723 976 1774 καὶ
1019 1723 1205 1794 Σωτήρ
1243 1743 1339 1794 μου
1378 1728 1600 1797 παρέχει

68 1826 146 1877 μοι
175 1810 272 1880 τὴν
301 1811 598 1882 ὑπομονήν.
625 1808 735 1865 Εἶτ’
762 1814 1020 1884 ἀνωτέρω
1046 1817 1143 1885 μὲν
1175 1816 1314 1886 ἔχεις
1337 1818 1416 1883 τὸ,
1449 1809 1466 1870 ι
1495 1822 1600 1874 Καὶ

1703 815 1916 870 fuerant
1955 816 2224 877 firmatus,
2277 815 2521 870 absolute
2564 829 2626 867 ac
2671 815 2895 868 fidenter
2951 815 3241 884 praecipit:

1703 921 1871 974 quare
1895 907 1975 961 sic
2001 922 2118 960 eam
2152 907 2465 976 alloquitur,
2503 924 2521 954 ι
2565 905 2947 958 Verumtamen
2984 905 3092 959 Deo
3119 908 3246 961 sub-

1698 997 1840 1065 jecta
1863 1005 2001 1060 esto,
2023 997 2199 1049 anima
2223 1011 2362 1051 mea.
2397 1015 2415 1046 ι
2455 995 2528 1050 Ac
2568 993 2816 1063 superius
2840 993 3046 1048 dixerat
3075 1013 3086 1046 :
3116 1014 3132 1043 ι
3164 993 3246 1047 Ab

1702 1086 1822 1156 ipso
1858 1087 2264 1150 enimsalutare
2294 1102 2503 1150 meum;
2546 1106 2563 1137 ι
2605 1086 2690 1138 hic
2737 1100 2882 1144 vero,
2919 1103 2935 1134 ι
2977 1083 3241 1149 Quoniam

1703 1177 1770 1253 ab
1803 1159 2208 1248 ipso'patientia
2236 1193 2374 1232 mea.
2409 1197 2428 1228 ι
2463 1175 2649 1231 Simile
2677 1185 2854 1231 autem
2899 1175 2948 1229 id
2981 1162 3242 1229 fueritdi-

1702 1276 1790 1323 cto
1830 1270 2137 1340 bujusmodi
2178 1290 2188 1323 :
2230 1289 2247 1319 σ
2294 1268 2485 1324 Omnia
2541 1285 2757 1338 possum
2810 1270 2864 1322 in
2913 1269 3106 1336 coqui
3157 1284 3240 1323 me

1701 1358 1973 1414 confortat
2001 1361 2065 1414 ".
2114 1380 2132 1411 ι
2187 1359 2303 1414 Νοιι
2339 1362 2480 1416 enim
2528 1359 2558 1412 'a
2612 1362 2816 1428 meipso
2879 1359 3238 1412 fortitudinem

1700 1451 1949 1518 obtineo,
1982 1453 2073 1507 sed
2124 1453 2192 1506 ab
2223 1467 2289 1506 eo
2325 1451 2415 1520 qui
2452 1467 2536 1506 me
2575 1451 2862 1510 confortat,
2896 1461 2949 1504 et
2995 1450 3080 1502 hic
3125 1451 3237 1502 ait:

1704 1560 1724 1590 ι
1759 1542 2014 1611 patientia
2055 1558 2171 1598 mea
2218 1563 2236 1596 ι
2271 1559 2376 1597 non
2401 1559 2465 1597 ex
2495 1545 2689 1597 virtute
2734 1551 2786 1596 et
2823 1551 3082 1611 potestate
3125 1555 3239 1594 mea

1700 1641 1941 1698 constat,
1971 1632 2063 1688 sed
2097 1632 2166 1687 ab
2196 1632 2315 1700 ejus
2354 1633 2528 1701 gratia
2562 1632 2737 1700 prodit
2765 1652 2776 1685 :
2810 1651 2828 1681 ι
2865 1631 2996 1684 Nam
3026 1639 3080 1684 et
3129 1630 3244 1697 ipse

1702 1721 1842 1778 Deus
1900 1738 2050 1776 meus
2108 1730 2162 1775 ct
2220 1721 2466 1775 Salvator
2527 1737 2711 1787 meus;
2755 1742 2773 1773 ι
2827 1731 3152 1791 quapropter
3189 1731 3244 1772 ut

1703 1810 1842 1866 Deus
1873 1826 2022 1866 meus
2052 1820 2105 1865 et
2135 1811 2382 1866 Salvator
2410 1825 2562 1865 meus
2593 1811 2901 1878 patientiam
2946 1811 3078 1865 mihi
3118 1827 3246 1879 sup-

63 1901 160 1970 γὰρ
181 1901 342 1965 αὐτὸς
361 1901 490 1964 Θεός
517 1919 618 1971 μου
644 1903 736 1955 καὶ
761 1905 948 1976 Σωτήρ
969 1923 1090 1976 μου,
1115 1908 1456 1980 ἀντιλήπτωρ
1478 1928 1595 1980 μου,

1700 1899 1920 1970 peditat.
1955 1898 2296 1970 Rursumque
2341 1902 2588 1969 superius
2645 1900 2775 1955 illud
2807 1901 2973 1956 babes
3003 1941 3017 1962 ,
3057 1920 3078 1950 ο
3111 1900 3243 1954 Nam

62 1991 115 2041 οὐ
148 1990 218 2060 μὴ
255 1993 688 2059 μεταναστεύσω·
723 2013 741 2046 ι
777 1996 809 2066 ἢ
847 1997 984 2050 κατὰ
1020 1997 1110 2051 τὸν
1152 1992 1376 2053 Ἀχῦλαν
1400 2004 1602 2055 καὶτὸν

61 2072 360 2150 Σύμμαχον,
385 2102 402 2132 ι
438 2083 496 2134 οὐ
527 2084 883 2156 σφαλήσομαι.
911 2106 928 2138 ι
965 2088 1137 2159 Πολλὴ
1168 2090 1225 2142 δὲ
1255 2089 1481 2162 διαφορὰ
1510 2092 1601 2144 τοῦ

63 2172 369 2238 φάσκοντος,
399 2193 417 2223 ι
441 2175 504 2228 οὐ
531 2175 604 2246 μὴ
626 2177 864 2231 σαλευθῶ
888 2179 978 2232 ἐπὶ
1001 2181 1196 2247 πλεῖον,
1226 2200 1246 2234 ι
1281 2182 1374 2234 καὶ
1394 2181 1487 2235 τοῦ
1515 2182 1570 2235 λέ
1587 2213 1600 2223 -

61 2279 254 2328 γοντος,
290 2284 309 2315 ‹
338 2266 398 2317 οὐ
427 2266 789 2338 σφαλήσομαι,
811 2289 829 2320 ι
853 2271 964 2334 καὶ,
988 2288 1007 2320 ι
1029 2271 1087 2323 οὑ
1118 2271 1546 2341 μεταναστεύσω.
1576 2293 1594 2324 ι

61 2353 124 2404 Τὸ
165 2355 261 2423 μὲν
307 2355 416 2425 γὰρ
457 2355 644 2425 ἐδήλου
690 2359 1006 2413 σαλεύεσθαι
1058 2361 1179 2431 μὲν,
1223 2362 1336 2414 ἀλλ’
1366 2362 1464 2415 οὐκ
1511 2363 1596 2414 ἐπὶ

62 2445 247 2497 πλεῖον·
273 2445 508 2500 ἐνταῦθα
535 2447 590 2500 δὲ
622 2435 991 2519 ᾶρνησίς’ὲστι
1027 2451 1290 2524 παντελὴς
1317 2453 1410 2506 τοῦ
1447 2454 1600 2506 πταί-

61 2550 274 2602 σματος.
311 2555 330 2586 ε
373 2536 496 2597 Ἐπὶ
519 2535 596 2606 τῷ
616 2538 733 2608 Θεῷ
765 2539 827 2592 τὸ
853 2542 1114 2613 σωτήριόν
1146 2560 1246 2612 μου
1284 2543 1377 2596 καὶ
1413 2544 1445 2611 ἡ
1477 2532 1600 2608 δόξα

63 2641 173 2689 μου,
208 2624 344 2686 Θεὸς
360 2625 456 2693 τῆς
486 2625 731 2695 βοηθείας
761 2645 881 2698 μου,
911 2632 1003 2683 καὶ
1033 2632 1069 2701 νή
1095 2631 1246 2696 ὲλπίς
1282 2650 1380 2702 μου
1413 2634 1504 2687 ἐπὶ
1523 2633 1601 2703 τῷ

57 2715 182 2782 Θεῷ.
217 2735 234 2765 ι
290 2717 398 2768 Καὶ
444 2717 671 2770 ἐνταῦθα
705 2721 766 2772 τὸ
802 2739 820 2772 ι
861 2723 1127 2792 Σωτήρων
1165 2742 1183 2774 ι
1221 2725 1250 2776 6
1293 2725 1495 2795 Ἰησοῦς
1532 2731 1596 2798 τῇ

69 2805 316 2875 Ἐσραῖκῇ
352 2809 497 2878 φωνῇ
522 2807 847 2878 ὠνόμασται,
877 2812 969 2864 καὶ
997 2815 1110 2876 τοῖς
1136 2816 1471 2887 χαρακτῆρσι
1487 2820 1599 2881 τοῖς

57 2895 227 2957 αὺτοῖς
271 2897 658 2967 ἐγγέγραπται.
708 2900 915 2973 Ὠσπερ
937 2895 1009 2956 ’δὲ
1051 2905 1080 2957 6
1109 2906 1246 2970 θεῖος
1285 2909 1598 2972 ’Δπόστολος

57 2985 173 3052 περὶ
207 2984 304 3036 τοῦ
340 2987 588 3058 Σωτῆρος
620 2989 774 3059 ήμῶν
815 2991 986 3060 λέγων
1032 2994 1256 3067 ἔγραφε·
1293 3017 1312 3049 ι
1351 2999 1595 3052 Δικαιού-

62 3090 198 3140 μενοι
223 3075 433 3146 δωρεὰν
459 3080 523 3147 τῇ
548 3079 709 3132 αὑτοῦ
737 3081 916 3152 χάριτι
937 3083 1024 3137 διὰ
1052 3086 1151 3156 τῆς
1177 3087 1596 3161 ἀπολυτρώσεως

57 3165 144 3231 τῆς
171 3166 228 3214 ὲν
250 3167 470 3236 Χριστῷ
504 3169 692 3238 Ἰησοῦ·
719 3171 778 3224 6v
800 3174 1055 3243 προέθετο
1084 3179 1112 3230 6
1134 3177 1266 3243 Θεὸς
1294 3179 1597 3252 ἱλαστήριον

55 3253 133 3304 διὰ
157 3253 390 3319 πίστεως
422 3258 480 3311 ὲν
510 3258 586 3328 τῷ
616 3260 779 3314 αὑτοῦ
803 3263 1011 3334 αἵματι·
1050 3283 1069 3316 ι
1097 3269 1188 3320 καὶ
1211 3268 1388 3322 πάλιν·
1417 3290 1435 3321 ι
1474 3272 1597 3326 Ἐάν

55 3358 130 3403 τις
160 3345 406 3418 ἁμάρτῃ,
439 3347 1000 3430 παράκλητον-,ἔχομεν
1027 3355 1159 3425 πρὸς
1187 3355 1276 3409 τὸν
1307 3356 1456 3423 Θεὸν,
1495 3361 1596 3431 ’1ης

57 3431 172 3519 σοῦν
204 3435 438 3503 Χριστὸν
468 3436 692 3490 δίκαιον·
727 3440 817 3492 καὶ
846 3437 1004 3505 αὐτός
1028 3444 1174 3496 ἐστιν
1210 3443 1429 3516 ἱλασμὸς
1461 3449 1597 3519 ὑπὲρ

55 3521 151 3573 τῶν
170 3523 452 3594 ἁμαρτιῶν
473 3526 644 3596 ήμῶν·
679 3547 697 3579 ι
727 3529 816 3582 τὸν
846 3531 1005 3583 αὐτὸν
1029 3533 1226 3603 τρόπον
1257 3535 1351 3588 καὶ
1372 3538 1596 3590 ἐνταῦθα

56 3609 309 3666 λέλεκται·
359 3615 480 3667 Ἐπὶ
515 3615 593 3686 τῷ
638 3617 756 3688 Θεῷ
801 3619 863 3671 τὸ
891 3621 1152 3692 σωτήριόν
1183 3640 1284 3692 μου
1307 3627 1448 3697 καὶὴ
1474 3627 1595 3692 δόξα

59 3718 172 3775 pou,
203 3703 297 3755 καὶ
323 3706 357 3774 ή
392 3704 611 3775 βοήθειά
643 3725 742 3778 μου
770 3709 863 3762 καὶ
890 3712 924 3782 ἡ
947 3711 1099 3774 ιλπίς
1125 3730 1247 3783 μου.
1293 3715 1379 3780 ὀς
1407 3717 1453 3768 εί
1482 3718 1597 3770 λευ-

57 3794 269 3866 κότερον
296 3797 360 3853 τὸ
398 3799 788 3871 σημαινόμενον
817 3803 925 3857 ἀπὸ
953 3804 1053 3873 τῆς
1091 3804 1380 3876 Ἐὄραῖκῆς
1418 3809 1595 3878 φωνῆς

58 3886 246 3942 -ιέθειτο
277 3889 336 3943 ὲν
365 3891 429 3960 τῇ
463 3891 747 3962 ἑρμηνείᾳ,
771 3891 943 3958 οὕτως
974 3893 1040 3948 ἂν
1068 3897 1356 3966 περιεῖχεν·
1395 3898 1596 3968 Ἰησοῦς

55 3977 107 4026 τὸ
143 3978 404 4047 σωτήριόν
450 3996 548 4049 μου
583 3981 641 4033 ὲν
668 3980 745 4052 τῷ
769 3981 890 4053 Θεῷ
924 3984 1222 4054 τυγχάνων,
1257 3985 1352 4048 καὶ
1377 3986 1450 4039 ’ὲν
1486 3990 1596 4051 τοῖς

57 4065 268 4149 ιιόλϊσιιις¹
291 4068 388 4124 τοῦ
417 4069 646 4140 Πατρὸς,
693 4070 851 4135 αὑτός
882 4074 1028 4126 ἔστιν
1071 4075 1105 4144 ή
1145 4074 1270 4141 δόξα
1309 4093 1409 4147 μου
1447 4079 1539 4131 καὶ
1569 4081 1596 4130 6

57 4156 216 4221 φύλαξ
245 4176 370 4228 μου,
396 4160 489 4212 καὶ
512 4163 541 4213 6
563 4160 692 4224 Θεὸς
716 4161 816 4230 τῆς
847 4161 1091 4232 βοηθείας
1125 4173 1248 4234 μου,
1276 4167 1421 4238 καὶή
1446 4168 1595 4232 ἐλπίς

59 4261 150 4312 μου
175 4249 208 4315 ή
243 4249 301 4300 ὲν
335 4249 412 4318 τῷ
445 4251 580 4319 Θεῷ.
612 4251 796 4306 Ταῦτα
824 4251 932 4322 γὰρ
956 4252 1130 4307 πάντα
1157 4256 1186 4307 6
1211 4255 1303 4309 τοῦ
1327 4256 1464 4311 Θεοῦ
1498 4259 1595 4310 Λό-

57 4351 138 4400 γος
163 4338 277 4388 ἐστι
315 4342 428 4401 τοῖς
465 4342 542 4402 είς
575 4341 734 4395 αὐτὸν
771 4341 1060 4406 ἐλπίζουσι.
1101 4345 1192 4398 Διὸ
1224 4350 1317 4401 καὶ
1347 4350 1595 4406 κατακτὸν

40 4425 282 4488 ,Ἃδιύλαν
314 4427 544 4497 εἴρηται·
577 4449 595 4481 ι
638 4431 758 4485 Ἐπὶ
779 4431 899 4503 Θεῷ
928 4436 1189 4506 σωτήριόν
1223 4455 1325 4506 μου
1357 4441 1449 4493 καὶ
1469 4438 1594 4505 δόξα

1623 3211 1665 3268 C

1701 1999 1754 2047 et
1798 1992 1917 2062 ipse
1942 1992 2085 2048 Deus
2129 2009 2280 2048 meus
2333 2002 2388 2047 et
2449 1993 2697 2048 Salvator
2745 2009 2917 2056 meus,
2963 1999 3246 2061 susceptor

1701 2097 1873 2149 meus,
1906 2097 2012 2138 non
2039 2084 2314 2154 emigrabo
2339 2104 2354 2150 ;
2383 2083 2562 2146 i'sive,
2592 2084 2884 2139 secundum
2917 2084 3158 2153 Aquilam
3191 2091 3245 2137 et

1703 2174 2102 2244 Symmachum,
2154 2195 2173 2225 ι
2207 2192 2313 2230 ιιοιι
2366 2176 2538 2229 fallar.
2572 2195 2592 2226 ›
2631 2175 2855 2229 Multum
2881 2175 3103 2228 interest
3130 2173 3242 2228 dis-

1699 2264 1943 2318 criminis
1992 2266 2131 2317 inter
2179 2263 2331 2328 illud,
2388 2285 2405 2314 ι
2445 2280 2550 2318 non
2601 2267 2855 2318 movebor
2918 2263 3172 2332 amplius,
3209 2282 3228 2312 ι

1699 2363 1750 2409 ει
1792 2354 1943 2420 illud,
1997 2373 2017 2404 ι
2050 2369 2156 2409 non
2189 2353 2363 2419 fallar,
2395 2375 2414 2406 ι
2441 2363 2493 2408 ει
2520 2373 2538 2404 ι
2578 2369 2685 2408 non
2721 2356 3015 2424 emigrabo.
3053 2375 3071 2406 ι
3105 2353 3238 2408 Nam

1699 2441 1828 2496 illud
1869 2441 2085 2513 quidem
2121 2442 2396 2496 indicabat
2443 2444 2642 2496 moveri
2674 2443 2891 2512 quidem
2922 2444 3118 2513 ipsum,
3151 2444 3241 2499 sed

1700 2549 1806 2587 non
1846 2534 2102 2598 multum;
2155 2543 2210 2586 at
2249 2533 2336 2586 hic
2367 2532 2613 2601 cujusvis
2657 2532 2840 2601 lapsus
2887 2525 3103 2601 negatio
3135 2538 3240 2586 est.

1705 2645 1722 2676 ι
1756 2626 1809 2679 In
1843 2624 1950 2680 Deo
1977 2625 2213 2680 salutare
2254 2639 2431 2680 meum
2466 2633 2519 2678 et
2550 2624 2716 2693 gloria
2743 2640 2881 2689 mea,
2913 2621 3054 2676 Deus
3090 2623 3243 2676 auxi—

1699 2716 1756 2770 lii
1783 2716 1908 2777 mel,
1938 2723 1993 2769 et
2025 2729 2150 2782 spes
2177 2728 2294 2768 mea
2325 2714 2376 2767 in
2407 2713 2513 2768 Deo
2535 2721 2635 2768 est.
2671 2734 2690 2765 ι
2726 2711 2824 2768 Hic
2859 2729 3071 2783 quoque
3106 2732 3123 2764 ι
3156 2720 3256 2767 sa-'

1697 2806 1868 2860 lutare
1907 2822 1928 2854 ι
1965 2803 2225 2859 Hebraica
2254 2803 2434 2873 lingua
2469 2802 2629 2858 Jesus
2672 2805 2870 2868 dictus,
2914 2816 3074 2874 alque
3112 2804 3245 2874 ipsis

1696 2894 2098 2950 characteribus
2117 2894 2421 2963 descriptus
2443 2902 2546 2947 est.
2577 2881 3036 2958 Quemadmodum
3063 2903 3244 2949 autem

1695 2986 1910 3042 divinus
1953 2986 2246 3056 Apostolus
2279 2986 2348 3041 de
2391 2983 2669 3040 Salvatore
2701 2993 2892 3042 nostro
2944 2986 3058 3046 haec
3105 2987 3242 3040 scri-

1696 3076 1804 3146 psit
1841 3095 1853 3130 :
1891 3074 2232 3153 (Justiticati
2285 3077 2452 3147 gratis
2506 3091 2601 3145 per
2643 3077 2868 3146 gratiam
2916 3077 3105 3147 ipsius,
3151 3093 3233 3145 per

1696 3166 2113 3237 redemptionem
2147 3163 2272 3236 qua
2289 3175 2374 3222 est
2406 3167 2460 3222 in
2487 3167 2702 3222 Christo
2725 3167 2851 3222 Jesu
2881 3187 2896 3222 :
2928 3182 3084 3236 quem
3120 3182 3242 3236 pro-

1698 3257 1876 3325 posuit
1913 3255 2055 3310 Deus
2086 3257 2518 3326 pr0pitiationem
2553 3273 2643 3327 per
2690 3258 2846 3314 ﬁdem
2890 3259 2944 3312 in
2983 3259 3244 3328 sanguine

1698 3348 1867 3416 ipsius
1899 3347 1963 3413 ⁶⁶;
2003 3365 2021 3396 ι
2056 3361 2120 3402 ac
2163 3362 2376 3402 rursum
2409 3367 2422 3401 :
2461 3367 2478 3399 ι
2519 3348 2574 3400 Si
2609 3349 2732 3418 quis
2778 3348 3098 3418 peccaverit,
3148 3349 3242 3402 ad-

1695 3445 1943 3493 vocatum
1972 3433 2238 3494 habemus
2286 3438 2426 3507 apud
2477 3437 2662 3502 Deum,
2729 3438 2911 3494 Jcsum
2967 3440 3241 3495 Christum

1690 3529 1918 3596 justum,
1973 3536 2023 3582 et
2071 3528 2186 3598 ipse
2235 3539 2328 3582 cst-
2361 3529 2671 3598 propitiatio
2716 3546 2812 3600 pro
2855 3532 3092 3599 peccatis
3140 3546 3241 3585 no-

1695 3617 1820 3671 stris
1847 3618 1913 3681 ”,
1957 3636 1974 3668 ι
2008 3617 2087 3672 sic
2116 3626 2168 3672 et
2200 3618 2304 3672 hoc
2349 3619 2466 3672 loco
2513 3619 2732 3685 dicitur,
2778 3619 2832 3672 ln
2876 3619 2982 3672 Deo
3007 3619 3242 3674 salutare

1693 3723 1871 3764 meum
1913 3718 1968 3762 et
2005 3709 2174 3779 gloria
2219 3725 2357 3772 mea,
2405 3718 2457 3764 et
2502 3711 2758 3785 auxilium
2813 3725 2988 3762 meum
3034 3719 3084 3762 et
3119 3725 3239 3778 spes

1695 3812 1831 3852 mea.
1891 3797 1966 3850 Ita
2009 3809 2067 3851 ut
2097 3799 2144 3854 si
2182 3798 2456 3853 Hebraicm
2471 3801 2618 3854 vocis
2650 3800 3008 3868 significatum
3040 3789 3242 3854 clarius

1694 3887 1750 3942 in
1795 3888 2236 3958 interpretatione
2285 3891 2519 3959 positum
2571 3889 2780 3951 fuisset,
2839 3892 2916 3943 sic
2973 3890 3236 3944 haberet:

1693 3965 1849 4032 Iesus
1881 3979 2115 4033 salutare
2148 3993 2323 4032 meum
2348 3979 2402 4032 in
2446 3977 2556 4033 Deo
2590 3979 2876 4040 exsistens,
2918 3987 2970 4033 et
3015 3981 3064 4030 in
3115 3979 3236 4031 sinu

1693 4070 1891 4133 Patris.
1934 4072 2050 4141 ipse
2077 4079 2161 4125 est
2193 4071 2360 4141 gloria
2409 4086 2547 4132 mea,
2591 4083 2773 4126 custos
2814 4089 2985 4132 meus,
3016 4081 3068 4124 et
3101 4072 3238 4125 Dens

1693 4163 1877 4216 auxilii
1907 4163 2010 4219 mei
2045 4171 2097 4217 et
2128 4177 2252 4232 spes
2297 4177 2437 4225 mea,
2467 4177 2586 4230 quae
2615 4163 2667 4215 in
2711 4161 2820 4216 Deo
2851 4170 2950 4216 est.
2983 4161 3112 4214 Nam
3144 4161 3238 4216 Dei

1695 4249 1924 4306 Verbum
1953 4250 2145 4305 horum
2177 4251 2417 4306 omnium
2449 4251 2568 4306 loco
2590 4259 2672 4305 est
2699 4251 3040 4320 sperantibus
3075 4252 3124 4303 in
3156 4267 3234 4305 se.

1694 4339 1870 4408 Quare
1889 4349 1943 4395 et
1979 4341 2275 4397 secundum
2301 4342 2548 4411 Aquilam
2578 4341 2779 4395 dictum
2813 4349 2895 4394 est
2927 4361 2939 4395 :
2979 4362 2996 4392 ι
3039 4341 3094 4395 In
3128 4343 3237 4397 Deo

1695 4433 1929 4487 salutare
1968 4446 2168 4495 meum,
2201 4439 2254 4485 et
2292 4429 2462 4500 gloria
2504 4445 2641 4495 mea,
2686 4430 2870 4483 firmus
2908 4430 3205 4486 fortitudini
3229 4456 3242 4463 -

59 4532 168 4582 μου,
210 4517 429 4587 στερεὸς
466 4520 694 4590 κράτους
737 4539 859 4589 μου,
898 4522 1049 4587 ἐλπίς
1091 4542 1192 4594 μου
1217 4529 1276 4580 ὲν
1303 4527 1440 4599 Θεῷ.
1480 4529 1592 4582 Ἐλ-

1696 4539 1844 4585 mea,
1875 4538 2000 4592 spes
2026 4537 2143 4577 mea
2175 4522 2228 4575 in
2264 4521 2392 4590 Deo.
2427 4520 2650 4590 Sperate
2688 4522 2740 4574 in
2769 4536 2832 4575 eo
2861 4524 3047 4576 omnis
3075 4539 3237 4593 syna-

58 4603 234 4658 πίσατε
275 4607 376 4672 ,ἐπ’
417 4607 595 4672 αὐτὸν,
659 4610 804 4663 πᾶσα
837 4612 1121 4682 συναγωγὴ
1167 4614 1327 4670 λαῶν·
1370 4618 1593 4687 ἑκχέατε

1696 4628 1822 4684 goga
1869 4612 2184 4682 populorum
2231 4629 2243 4662 :
2287 4606 2543 4664 effundite
2594 4624 2775 4662 coram
2818 4610 2908 4663 illo
2941 4611 3103 4664 corda
3148 4629 3238 4668 ve-

57 4693 268 4748 ὲνιέιπιον
313 4695 478 4750 αὐτοῦ
517 4697 613 4758 τὰς
654 4699 878 4768 καρδίας
919 4703 1089 4772 ὑμῶν.
1145 4705 1203 4757 ὐ
1239 4705 1370 4770 Θεὸς
1403 4708 1593 4779 βοηθὸς

275 4787 578 4855 Διάψαλμα.
632 4807 650 4839 ι
707 4791 1092 4863 Μνημονεύσας
1149 4796 1242 4850 τοῦ
1300 4799 1589 4870 Σωτηρίου,

59 4877 294 4942 cra-veta“,
346 4879 428 4930 ὃτι
475 4880 535 4931 οὺ
585 4880 740 4949 μόνον
781 4885 947 4940 αὑτοῦ
989 4886 1374 4956 θεραπευτικὸν
1419 4891 1586 4954 ἔσται,

58 4967 217 5021 κοινὸν
249 4969 306 5021 δὲ
337 4972 623 5040 γενήσεται
661 4973 888 5040 ἀγαθόν·
927 4977 1007 5030 διὸ
1046 4981 1134 5030 ἐπ’
1173 4980 1302 5032 αὐτὸ
1335 4982 1589 5050 συγκαλεῖ

55 5059 165 5118 τοὺς
189 5059 414 5122 πάντας,
439 5060 715 5126 φιλαυτίαν
740 5064 836 5133 μὲν
855 5067 1265 5137 ἐκτρεπόμενος,
1288 5069 1587 5142 ,φιλανθρω-

59 5145 170 5196 πίαν
203 5146 257 5198 δὲ
285 5148 380 5198 καὶ
413 5149 510 5217 τὴν
542 5151 679 5220 πρὸς
706 5152 832 5214 τοὺς
866 5152 1034 5217 πέλας
1071 5157 1289 5226 ἀγάπην
1318 5155 1584 5212 ἐνδεικνύ-

59 5251 218 5301 μενος.
259 5237 650 5307 Προσκαλείται
675 5242 852 5296 τοίνυν
877 5243 950 5306 ὡς
975 5245 1068 5298 ἐπὶ
1098 5248 1358 5317 σωτήριον
1393 5249 1584 5320 λιμένα

55 5323 280 5388 φάσκων·
333 5345 352 5377 ι
374 5379 376 5382 ,
401 5328 677 5382 Ἐλπίσατε
727 5333 813 5385 ἐπ’
870 5332 1052 5398 αὐτὸν,
1110 5337 1257 5390 πᾶσα
1300 5339 1583 5410 συναγωγῆ

55 5411 202 5464 λαῶν·
236 5434 256 5464 ι
293 5414 326 5483 ἢ
361 5416 498 5468 κατὰ
521 5417 613 5471 τὸν
649 5419 895 5488 Ἀκύλαν,
919 5441 940 5474 ι
981 5423 1336 5496 ’Δμεριμνᾶτε
1363 5427 1420 5479 ἐν
1439 5428 1585 5498 αὐτῷ

54 5505 102 5554 ἐν
137 5504 292 5555 παντὶ
321 5505 514 5575 καιρῷ,
542 5505 684 5571 λαός.
720 5528 740 5560 ι
779 5512 1212 5585 ’Δμεριμνῶντας
1239 5515 1294 5568 δὲ
1340 5519 1397 5570 ὲν
1439 5519 1584 5590 αὐτῷ

56 5595 136 5645 καὶ
179 5594 506 5662 ἐλπίζοντας,
554 5598 812 5665 ἔξαπλοῦν
846 5607 1105 5677 προσήκει
1137 5607 1261 5669 τοὺς
1297 5607 1584 5678 λογισμοὺς

1691 4710 1823 4756 stra.
1851 4699 1994 4754 Deus
2031 4697 2246 4768 adjutor
2276 4707 2481 4754 noster.
2510 4697 2835 4767 Diapsalma.
2886 4720 2904 4750 ι
2944 4699 3234 4770 Postquam

1692 4792 1928 4845 salutare
1958 4789 2295 4851 memoravit,
2322 4790 2552 4860 agnovit
2579 4805 2686 4843 non
2714 4791 2890 4846 solum
2921 4790 3022 4846 sibi
3053 4792 3235 4847 mede-

1693 4877 1798 4934 lam
1827 4882 2139 4943 allaturum,
2162 4881 2256 4936 sed
2283 4896 2568 4936 commune
2590 4881 2790 4934 bonum
2813 4879 3052 4934 futurum
3077 4897 3227 4936 esse:

1692 4962 1858 5040 quare
1897 4969 1962 5023 ad
2012 4971 2186 5040 ipsum
2225 4987 2412 5026 omnes
2449 4977 2671 5030 evocat,
2720 4984 3015 5037 eversaque
3053 4986 3238 5025 amore

1691 5062 1927 5129 proprio,
1961 5063 2347 5118 humanitatem
2379 5068 2433 5115 et
2480 5061 2844 5128 proximorum
2889 5060 3228 5114 dilectionem

1689 5152 1922 5206 exhibet.
1955 5152 2120 5218 Quasi
2167 5166 2294 5222 ergo
2324 5150 2390 5204 ad
2436 5153 2720 5205 salutarem
2778 5158 2991 5219 portum
3044 5152 3225 5207 invitat

1688 5241 1774 5296 bis
1802 5244 1981 5298 verbis
2015 5263 2028 5298 :
2064 5263 2080 5296 ι
2105 5241 2326 5313 Sperate
2357 5240 2411 5295 in
2442 5257 2526 5299 eo.
2557 5241 2731 5295 omnis
2754 5243 3098 5311 congregatio
3129 5258 3214 5310 poo

1689 5332 1957 5400 pulorum,
1994 5355 2011 5386 ι
2043 5337 2173 5397 sive,
2191 5334 2484 5396 secundum
2510 5332 2776 5407 Aquilam.
2809 5350 2828 5382 ‹
2858 5330 3058 5386 Securo
3090 5333 3223 5401 agite

1689 5425 1744 5478 in
1782 5426 1924 5494 ipso,
1955 5425 2100 5479 omni
2141 5432 2399 5495 tempore,
2458 5424 2704 5493 populus.
2749 5441 2768 5473 ι
2808 5421 3008 5477 Securo
3068 5437 3228 5490 porro

1688 5525 1906 5587 agentes
1943 5533 2006 5572 ac
2037 5530 2316 5587 sperantes
2346 5519 2400 5572 in
2442 5519 2558 5586 ipso
2606 5531 2700 5586 par
2737 5527 2819 5570 est
2873 5514 3228 5583 cogitationes

1690 5610 1792 5678 ipsi
1823 5610 2050 5680 aperire,
2088 5616 2138 5664 et
2169 5611 2358 5664 animm
2383 5611 2597 5664 morbos
2629 5607 2879 5661 tanquam
2908 5604 3116 5661 medico
3140 5621 3226 5676 pa.

115 5768 152 5797 ⁶²
196 5766 420 5839 Philipp.
454 5785 524 5836 tv,
560 5771 643 5827 15.
721 5775 764 5807 ⁸⁸
801 5775 955 5834 Rom.
993 5796 1078 5847 ιιι,
1106 5760 1173 5835 εἰ
1202 5781 1288 5836 23.
1351 5783 1408 5837 f’
1439 5781 1628 5837 lloan.
1667 5799 1726 5849 ιι,
1765 5783 1852 5841 l‘i.
