3976 6348
95 388 186 442 597

1207 387 1700 443 (ἸΟΜΜΕΝΤΑΜΛ
1743 393 1803 442 ΙΝ
1843 390 2178 444 νδΑιΜιΜᾱ.

3209 391 3310 448 598

91 499 505 571 θησαυρίζοντες
553 502 760 565 ἑαυτοῖς
808 502 1112 573 θησαυροὺς
1157 502 1214 553 ὲν
1253 501 1519 572 οὐρανοῖς,
1563 519 1629 554 κα

1755 501 2042 570 cumjusta
2072 507 2275 556 statera
2314 507 2368 554 et
2395 501 2609 558 bilance
2644 503 2709 556 ad
2742 503 2882 558 bona
2917 519 3082 576 opera
3126 507 3309 560 utimi-

93 591 400 664 σπείροντες
420 595 476 647 ὲν
498 595 766 663 εὐλογίαις
786 594 925 648 κατά
946 595 1004 646 τὸ
1023 592 1358 662 λελεγμένον·
1381 609 1400 642 ι
1436 591 1650 663 Ἐσκόρ-

89 699 259 747 πισεν,
299 683 468 738 ἔδωκε
508 689 617 749 τοῖς
652 686 864 757 πένησι,
897 688 929 756 ή
961 683 1277 754 δικαιοσύνη
1304 683 1467 736 αὐτοῦ
1501 684 1648 754 μένει

87 778 160 841 εἰς
185 776 276 830 τὸν
306 778 500 832 αἰῶνα.
534 797 553 830 ι
586 778 731 851 Αὕτη
761 779 867 850 γὰρ
904 779 1036 848 μόνη
1063 777 1215 838 ἐλπὶς
1249 773 1446 846 ἀγαθή·
1475 774 1649 838 ἄλλως

84 872 134 924 δὲ
171 874 442 944 προσήκει
474 872 548 943 μὴ
579 871 812 936 ἐλπίζειν
845 871 936 924 ἐπὶ
968 869 1198 932 ἀδικίαν,
1233 868 1367 940 μηδὲ
1408 868 1500 921 ἐπὶ
1537 869 1648 930 τοῖς

53 962 140 1028 ,ἐξ
178 965 438 1034 ἁρπαγῆς
483 963 578 1017 καὶ
622 961 930 1028 πλεονεξίας
981 960 1363 1030 συναγομένοις
1402 959 1644 1028 χρήμασι

89 1055 220 1123 μέγα
241 1058 484 1126 φρονεῖν’
511 1054 645 1109 ἀλλά
671 1054 763 1106 καὶ
784 1055 830 1105 εί
857 1051 1090 1124 συμϐαίη
1127 1051 1256 1104 ποτὲ
1284 1051 1489 1121 εὕροεῐν
1515 1051 1646 1121 ἡμῖν

89 1147 148 1210 ta
178 1147 504 1216 πράγματα,
552 1146 643 1198 καὶ
685 1141 974 1207 ἀκωλύτως
1017 1142 1271 1215 φέρεσθαι
1313 1141 1645 1211 πανταχόθεν

87 1237 166 1288 τδν
203 1236 440 1290 πλοῦτον
474 1236 713 1306 ποταμοῦ
747 1237 904 1307 δίκην
935 1237 1144 1306 ῥέοντα,
1175 1236 1268 1290 καὶ
1304 1235 1427 1288 ὅθεν
1454 1237 1553 1291 οὐκ
1579 1236 1644 1290 ἀν

91 1344 158 1390 τις
189 1328 493 1399 ἀδικήσειε,
515 1330 651 1400 φορᾷ
670 1345 773 1381 τινι
798 1328 1042 1399 ἀδοκήτῳ
1063 1330 1379 1399 φερόμενον,
1409 1329 1482 1399 μὴ
1511 1329 1644 1383 πάν-

84 1437 180 1482 τως
205 1421 270 1472 ἐκ
289 1418 428 1472 Θεοῦ
446 1418 603 1472 τοῦτο
622 1419 864 1486 γίνεσθαι
884 1421 976 1473 καὶ
993 1419 1196 1490 νόμιζε,
1221 1420 1353 1490 μηδὲ
1375 1419 1640 1492 μακάριζε

84 1511 298 1566 σεαυτὸν
329 1511 690 1583 ἀπατώμενος
732 1516 797 1584 τῇ
829 1512 1036 1584 διανοίᾳ
1074 1514 1167 1566 καὶ
1221 1511 1640 1584 προστιθέμενος

81 1610 147 1670 ὡς
160 1604 349 1676 ἀγαθῷ
363 1606 442 1676 τῷ
472 1607 952 1682 πλούτῳΧίνωσκε
981 1608 1056 1670 δὲ,
1087 1608 1166 1660 ὅτι
1185 1606 1414 1677 ῥευστῆς
1438 1604 1514 1658 ὢν
1541 1603 1643 1675 φύ-

83 1715 227 1762 σεως,
243 1697 437 1769 ὥσπερ
460 1700 596 1769 ῥέων
624 1698 863 1769 φέρεται,
882 1699 1125 1752 οὕτωκαὶ
1142 1699 1388 1770 ἀπορρεῖ·
1415 1697 1564 1770 οὐδὲν
1585 1695 1640 1750 δὲ

82 1787 284 1854 βέϐαιον
311 1787 433 1840 οὐδὲ
470 1788 692 1859 στερρὸν
733 1788 824 1839 καί
851 1786 1090 1854 ἀσφαλὲς
1118 1785 1468 1858 κεκτημένος.
1497 1786 1640 1839 Θιιυ⁸

1751 596 1830 658 ni,
1859 594 2293 649 thesaurizautes
2320 593 2476 648 vobis
2507 594 2798 650 thesauros
2834 596 2889 648 in
2922 596 3101 659 caelis,
3144 605 3195 650 et
3225 613 3309 650 so-

1750 688 2018 742 minantes
2054 687 2107 740 in
2140 685 2633 750 benedictionibus,
2674 697 2731 740 ut
2767 685 2971 741 dictum
2997 696 3082 743 est
3118 707 3129 741 :
3163 707 3181 738 ι
3217 688 3307 739 Di—

1749 781 1968 850 spersit,
2003 779 2150 835 dedit
2185 780 2537 850 pauperibus,
2588 779 2803 848 justitia
2851 779 2972 848 ejus
3016 789 3203 836 manet
3255 782 3309 835 in

1749 873 2006 927 saeculum
2032 872 2096 924 ⁷⁸.
2140 892 2158 924 ι
2195 871 2320 926 Haec
2367 871 2480 926 sola
2529 871 2670 925 bona
2702 887 2828 940 spes
2858 879 2978 938 est;
3010 871 3146 927 alias
3180 887 3309 926 vero

1747 981 1855 1019 non
1889 965 2146 1020 convenit
2168 980 2387 1035 sperare
2409 967 2464 1018 in
2495 965 2798 1033 iniquitate,
2844 978 3018 1032 neque
3048 963 3115 1017 de
3165 962 3306 1016 divi-

1747 1056 1836 1112 tiis
1883 1071 1949 1112 ex
1984 1057 2172 1129 rapina
2208 1063 2262 1109 et
2291 1057 2518 1110 avaritia
2568 1055 2814 1109 collectis
2849 1055 3017 1108 altum
3069 1068 3300 1124 sapere;

1747 1148 1859 1202 imo
1881 1147 1926 1203 si
1963 1148 2180 1218 quando
2222 1148 2512 1218 contigerit
2545 1161 2632 1202 res
2676 1154 2892 1201 nostras
2923 1160 3181 1216 prospere
3211 1161 3302 1202 ce-

1742 1239 1892 1303 dere,
1925 1253 1989 1294 ac
2020 1238 2240 1294 divitias
2284 1237 2523 1293 ﬂuminis
2573 1238 2746 1292 instar
2791 1237 3134 1300 accedentes,
3183 1237 3300 1292 sine

1744 1328 1911 1384 ullius
1940 1328 2160 1398 injuria,
2186 1328 2562 1398 inexspectato
2589 1311 2824 1398 quodam
2852 1327 2998 1381 ﬂuxu
3029 1328 3095 1380 ad
3131 1335 3182 1381 te
3203 1327 3299 1382 de-

1744 1420 1909 1486 ferri;
1943 1436 2011 1476 ne
2055 1436 2122 1475 ex
2169 1418 2279 1476 Deo
2321 1420 2376 1474 id
2418 1421 2706 1489 provenire
2751 1419 3062 1489 putaveris;
3122 1434 3297 1488 neque.

1742 1511 1881 1578 ideo,
1917 1513 2246 1583 cogitatione
2285 1513 2567 1582 deceptus,
2609 1512 2924 1582 divitiisque
2952 1513 3106 1582 quasi
3141 1513 3297 1568 bonis

1739 1605 1969 1669 hzerens,
2020 1612 2073 1659 te
2127 1605 2342 1659 beatum
2394 1591 2796 1677 praedicaveris.
2847 1604 3104 1675 Scitoque
3152 1606 3293 1668 illas,

1740 1698 1916 1754 ﬂuidae
1963 1705 2170 1753 naturae
2217 1712 2340 1752 cum
2389 1697 2522 1759 sint,
2577 1706 2637 1750 ut
2672 1696 2820 1751 ﬂuxu
2867 1697 3138 1763 feruntur,
3178 1699 3294 1768 pari

1738 1792 1900 1847 modo
1944 1789 2198 1854 deﬂuere,
2246 1799 2406 1858 teque
2454 1789 2583 1842 nihil
2621 1787 2855 1854 firmum,
2901 1780 3115 1849 stabile.
3164 1791 3293 1844 soli-

84 1877 292 1948 μαστῶς
323 1880 382 1932 δὲ
411 1883 490 1950 τῷ
513 1880 614 1948 τῆς
637 1879 765 1950 ῥοῆς
795 1879 1019 1949 ὀνόματι
1043 1879 1324 1948 κέχρηται,
1363 1898 1382 1932 ι
1409 1879 1629 1942 Πλοῦτος

1739 1881 1936 1935 dumve
1974 1880 2271 1950 possidere.
2320 1879 2513 1934 Mirum
2558 1888 2737 1935 autem
2778 1881 2834 1934 in
2866 1880 3081 1934 modum
3115 1879 3294 1936 ﬂuxus

81 1970 165 2022 ιάν
198 1969 320 2041 ῥέῃ,
346 1989 365 2020 ι
403 1970 601 2039 φήσαςο
626 1969 762 2023 κατὰ
788 1969 845 2038 δὲ
877 1969 968 2022 τὸν
1001 1969 1309 2041 Σύμμαχονο
1334 1987 1352 2020 ι
1385 1968 1636 2033 Πλοῦτος,

80 2061 254 2129 φησὶν,
305 2059 404 2114 ἐὰν
447 2062 789 2132 καρποιρορῇ,
833 2060 907 2130 μὴ
939 2061 1163 2112 τάσσετε
1198 2061 1295 2129 τὴν
1333 2059 1572 2131 καρδίαν.
1614 2080 1633 2112 ι

93 2153 220 2204 Ἀλλ’
247 2153 340 2206 ἐπὶ
368 2153 582 2205 τίναδεί
602 2141 818 2206 τάσσειν
844 2151 941 2222 τὴν
968 2150 1194 2221 καρδίαν
1221 2150 1314 2205 καὶ
1339 2151 1444 2202 τίνι
1468 2167 1636 2220 προσ-

80 2243 332 2308 τίθεσθαι,
382 2243 594 2316 είρηται
641 2244 898 2306 πολλάκις
940 2245 996 2296 ὲν
1043 2242 1140 2313 τῷ,
1179 2261 1196 2292 ι
1232 2242 1363 2313 Οὐχὶ
1415 2240 1491 2311 τῷ
1519 2239 1636 2310 Θεῷ

83 2335 479 2406 ὑποταγήσεται
507 2336 539 2406 ἡ
566 2334 709 2404 ψυχή
746 2349 878 2403 μους
917 2351 935 2382 ι
972 2333 1063 2384 καὶ
1103 2331 1262 2383 πάλιν
1288 2348 1300 2362 -
1343 2349 1360 2381 ι
1393 2330 1536 2401 Πλὴν
1559 2329 1636 2400 τῷ

80 2425 188 2496 Θεῷ
217 2425 519 2496 ὑποτάγηθι
547 2425 741 2496 ήψυχή
772 2441 872 2494 μου
901 2439 916 2454 ⁸
941 2415 1228 2492 αὑτὸς-γὰρ
1257 2420 1390 2483 Θεός
1413 2437 1512 2490 μου
1542 2421 1636 2473 καὶ

83 2510 260 2582 Σωτήρ
286 2528 391 2581 μου
427 2513 519 2564 καὶ
551 2513 891 2582 ἀντιλήπτωρ
922 2526 1045 2581 μου·
1088 2529 1105 2561 ι
1142 2509 1254 2572 καὶ,
1289 2529 1306 2560 ι
1354 2509 1634 2562 Ἐλπίσατε

83 2602 163 2654 ἐπ’
191 2602 374 2663 αὐτὸν,
408 2603 554 2654 πᾶσα
597 2601 884 2671 συναγωγὴ
921 2600 1069 2655 λαοῦ.
1104 2619 1121 2650 ι
1159 2599 1386 2663 Οὐκοῦν,
1421 2599 1634 2669 ἔχοντες

85 2689 164 2739 τὸν
192 2689 364 2759 μέγαν
396 2690 625 2741 πλοῦτον
667 2691 761 2743 καὶ
804 2690 896 2744 τδν
938 2690 1186 2761 ἀληθινὸν
1226 2689 1513 2759 θησαυρὸν,
1557 2691 1631 2761 μὴ

84 2779 375 2849 ἐλπίσωμεν
420 2780 513 2833 ἐπὶ
553 2779 628 2850 τῷ
670 2779 880 2850 ματαίῳ
944 2780 1037 2836 xal
1082 2780 1288 2850 ρευστῷ
1339 2782 1431 2833 καὶ
1465 2781 1632 2851 ἀδίκῳ

86 2863 302 2936 πλούτῳ·
337 2866 556 2936 μάταιοι
587 2866 694 2938 γάρ
714 2867 926 2937 ἀληθῶς
956 2868 1153 2930 πάντες
1181 2866 1365 2925 οίύίοὶ
1397 2869 1503 2922 τῶν
1535 2870 1629 2924 ἀν-

85 2956 301 3029 θρώπων
326 2963 377 3013 oi
405 2963 496 3014 ἐπὶ
517 2962 688 3030 τούτῳ
711 2961 1047 3026 πεποιθότες.

151 3159 170 3192 ι
199 3142 376 3210 ’Δπαξ
409 3142 664 3225 ἐλάλησεν
699 3129 728 3196 6
765 3145 914 3208 Θεὸς,
953 3144 1047 3198 δύο
1067 3145 1248 3201 ταῦτα
1281 3147 1507 3218 ἥκουσω
1545 3148 1626 3200 ὅτι

1739 1970 1957 2024 nomine
1988 1977 2072 2025 est
2108 1985 2242 2024 usus
2283 1988 2295 2022 :
2334 1989 2352 2020 ι
2397 1969 2604 2023 Divitiae
2652 1969 2697 2025 si
2729 1969 2970 2029 afﬂuant,
3024 1989 3041 2020 ι
3081 1969 3290 2037 inquit;

1737 2062 1842 2123 vel,
1876 2061 2173 2117 secundum
2211 2059 2620 2131 Symmachum.
2655 2079 2674 2112 ι
2717 2060 2927 2115 Divitis:
2962 2061 3007 2115 si
3053 2059 3289 2114 fructum

1736 2154 1967 2224 pariant,
2011 2153 2205 2221 inquit,
2263 2167 2334 2206 ne
2369 2152 2622 2221 apponite
2662 2168 2776 2206 cor.
2804 2172 2822 2205 ι
2873 2153 3100 2208 Cuinam
3162 2164 3290 2207 vero

1735 2259 1830 2299 cor
1878 2243 2129 2296 ordinare
2189 2252 2242 2295 et
2296 2257 2566 2312 apponere
2615 2257 2752 2311 opus
2812 2244 2916 2304 sit,
2976 2243 3290 2313 plerumque

1735 2334 1936 2388 dictum
1982 2341 2066 2388 est
2101 2333 2154 2386 in
2186 2332 2298 2395 illo,
2333 2353 2350 2383 ι
2375 2332 2559 2397 Nonne
2578 2333 2686 2387 Deo
2710 2334 2954 2400 subjecta
2978 2334 3079 2387 erit
3109 2334 3290 2387 anima

1735 2422 1893 2477 mea?
1932 2441 1950 2473 ι
1983 2437 2045 2475 ac
2092 2436 2308 2476 rursum
2347 2440 2359 2474 :
2413 2440 2431 2470 ‹
2476 2420 2857 2476 Verumtamen
2904 2419 3013 2475 Deo
3045 2422 3294 2488 subjecta

1733 2521 1871 2579 esto,
1901 2513 2079 2567 anima
2115 2529 2233 2567 mea
2267 2533 2278 2566 :
2307 2514 2422 2582 ipse
2448 2513 2590 2567 enim
2612 2512 2754 2569 Deus
2775 2529 2928 2568 meus
2948 2522 3000 2567 ct
3038 2513 3290 2566 Salvator

1734 2619 1886 2658 meus
1933 2611 1988 2658 et
2029 2611 2314 2673 susceptor
2359 2620 2547 2670 meus,
2609 2624 2627 2656 ι
2669 2611 2744 2668 et,
2803 2623 2822 2654 ι
2880 2601 3106 2674 Sperate
3136 2605 3189 2657 in
3221 2619 3291 2658 eo

1731 2697 1909 2750 omnis
1951 2696 2302 2765 congregatio
2348 2697 2551 2764 populi.
2611 2715 2629 2746 ι
2667 2695 2806 2750 Cum
2849 2695 3031 2764 itaque
3060 2710 3288 2766 magnas

1730 2788 1945 2842 divitias
1973 2802 2269 2857 verumque
2297 2787 2612 2840 thesaurum
2635 2787 2995 2850 obtineamus,
3032 2802 3099 2840 ne
3134 2802 3282 2856 spem

1732 2891 1998 2949 ponamus
2029 2878 2085 2930 in
2132 2879 2309 2939 vanis,
2353 2876 2514 2931 ﬂuxis
2563 2885 2616 2932 et
2659 2877 2862 2946 iniquis
2895 2875 3116 2930 divitiis.
3148 2874 3281 2929 Nam

1732 2969 1853 3023 vani
1886 2983 2012 3024 vere
2037 2976 2166 3022 sunt
2187 2982 2378 3022 omnes
2414 2967 2507 3021 filii
2540 2967 2950 3036 hominum,qui
2980 2966 3128 3020 hisce
3159 2981 3284 3019 con.

1729 3059 1965 3204 “32:3.
2000 3149 2086 3214 η,
2122 3149 2207 3204 i3.
2262 3167 2280 3199 ι
2340 3147 2516 3203 Semel
2566 3148 2784 3203 locutus
2832 3157 2916 3202 est
2963 3145 3124 3209 Deus,
3171 3109 3287 3200 duo

86 3232 138 3284 τὺ
165 3209 368 3304 κράτος
390 3223 483 3286 τοῦ
516 3209 671 3301 Θεοῦ,
706 3237 798 3290 καὶ
828 3237 930 3296 σοὶ,
963 3237 1154 3308 Κύριε,
1179 3237 1239 3290 τὸ
1263 3209 1426 3301 ἔλεοςο
1455 3239 1535 3292 ὅτι
1563 3239 1626 3292 σὺ

1729 3242 1844 3296 haec
1874 3209 2084 3303 audivi,
2108 3239 2235 3311 quia
2264 3245 2506 3308 potestas
2536 3237 2630 3292 Dei
2665 3245 2769 3302 est,
2801 3246 2856 3293 et
2889 3239 3006 3300 tibi,
3031 3237 3276 3300 Domine,

87 3323 368 3388 ἀποδώσεις
413 3327 622 3394 ἑκάστῳ
655 3326 795 3380 κατά
831 3310 898 3379 τὰ
935 3327 1072 3406 ἔργα
1102 3329 1284 3382 αὑτοῦ.
1325 3347 1343 3380 ι
1380 3329 1628 3383 Τοσαῦτα

88 3417 469 3485 προπαιδεὺσας
505 3420 532 3470 6
563 3418 742 3486 λόγος,
778 3419 1082 3482 ἀκολούθως
1122 3420 1219 3491 τῆς
1261 3419 1356 3474 τοῦ
1386 3421 1519 3474 Θεοῦ
1551 3423 1627 3475 δι-

87 3508 406 3577 καιοκρισίας
428 3510 847 3579 ὑπομιμνήσκειε
875 3509 949 3572 ὡς
976 3511 1063 3575 ἂν,
1085 3493 1285 3582 ταύτην
1306 3514 1410 3583 πρὸ
1430 3515 1625 3582 ὀφθαλο

89 3596 189 3666 μῶν
215 3598 449 3666 θέμενοι,
483 3603 614 3672 μήτε
652 3605 718 3673 τῇ
754 3603 936 3674 ἀδικίᾳ
969 3607 1103 3676 μήτε
1136 3608 1246 3668 τοῖς
1278 3606 1622 3677 ἀρπάγμασι,

89 3691 210 3759 μήτε
234 3691 309 3762 τῷ
345 3695 662 3766 προσκαίρῳ
687 3696 778 3749 καὶ
806 3695 990 3766 τυφλῷ
1021 3696 1232 3766 πλούτῳ
1254 3699 1476 3762 ἑαυτοὺς
1507 3698 1626 3752 ἐπι-

85 3781 310 3854 δίδωμεν.
341 3787 417 3840 Οὐ
439 3788 545 3858 γὰρ
566 3787 712 3855 ἅπαξ
737 3789 893 3860 μόνον
924 3791 1047 3863 περὶ
1185 3791 1412 3861 κρίσεως
1444 3791 1472 3843 6
1494 3789 1624 3854 Θεὸς

88 3871 411 3941 διεστείλατο,
451 3878 584 3932 ἀλλά
625 3880 717 3933 καὶ
751 3880 1018 3954 δεύτερον.
1061 3883 1170 3934 Kal.
1210 3881 1400 3944 ταῦτα,
1439 3882 1619 3950 φησὶν,

89 3964 229 4028 αὐτὸς
251 3965 358 4034 ἐγὼ
390 3969 595 4038 ἥκουσα
623 3971 882 4040 ἀκριϐῶς,
909 3972 1001 4026 τὸν
1035 3973 1158 4026 νοῦν
1190 3974 1482 4044 ἐπιστήσας
1510 3974 1620 4036 τοῖς

89 4053 190 4108 δυσὶ
220 4057 421 4121 τούτοις
455 4061 922 4131 παραγγέλμασιν.
959 4064 1138 4128 Ἀπαξ
1173 4065 1279 4137 γὰρ
1312 4064 1566 4134 ἐλάλησεν
1593 4066 1622 4117 6

88 4139 219 4207 Θεὸς,
250 4145 360 4199 ἀλλ’
397 4148 508 4215 ἐγὼ
533 4148 627 4200 δύο
663 4149 831 4202 ταῦτα
872 4151 1094 4220 ἥκουσα·
1123 4153 1347 4228 ὲλάλησε
1381 4155 1490 4227 γὰρ
1521 4155 1614 4208 καὶ

89 4233 159 4284 διὰ
184 4237 487 4306 προφητῶν,
531 4239 755 4308 ὲλάλησε
796 4240 889 4292 καὶ
926 4240 1015 4294 sta:
1045 4243 1372 4298 ἀποστόλων⁸
1405 4246 1496 4300 καὶ
1527 4246 1616 4298 τὸν

89 4324 169 4375 ἕνα
193 4323 341 4391 λόγον
369 4329 460 4380 τὸν
494 4327 640 4393 ἅπαξ
675 4329 778 4382 ὑπὸ
809 4329 902 4383 τοῦ
929 4330 1066 4384 Θεοῦ
1093 4335 1377 4410 ὁρισθέντα
1407 4337 1497 4390 καὶ
1531 4336 1618 4390 διὰ

94 4413 300 4480 παλαιᾶς
327 4418 594 4490 Διαθήκης
619 4422 718 4495 ,καὶ
745 4421 832 4479 διὰ
851 4423 950 4490 τῆς
971 4425 1166 4494 καινῆς·
1190 4427 1416 4495 ἥκουσα.
1442 4428 1533 4490 Τίς
1559 4428 1616 4480 δὲ

1725 3332 2098 3400 misericordia
2157 3351 2169 3384 :
2230 3330 2358 3400 quia
2421 3339 2477 3384 tu
2531 3329 2725 3384 reddes
2781 3330 3075 3398 unicuique
3121 3330 3275 3397 juxta

1723 3437 1888 3492 opera
1917 3399 2036 3477 sua.
2081 3440 2099 3471 ι
2145 3399 2281 3473 Cum
2329 3425 2478 3472 tanta
2513 3417 2580 3472 ad
2610 3428 2850 3472 nostram
2882 3419 3274 3473 institutionem

1726 3513 2005 3583 praemissa
2035 3511 2289 3574 fuissent,
2319 3517 2717 3579 consequenter
2734 3509 2802 3565 de
2829 3510 2980 3579 justo
3016 3508 3107 3564 Dei
3137 3508 3273 3578 judi-

1723 3605 1809 3658 cio
1837 3603 1998 3657 verba
2033 3601 2180 3667 facit,
2223 3611 2281 3655 ut
2309 3601 2440 3655 illud
2471 3616 2582 3671 pra;
2613 3601 2787 3656 oculis
2832 3608 3149 3662 statuentes,
3181 3614 3275 3652 ne—

1721 3708 1828 3763 que
1874 3693 2175 3761 injustitizn,
2214 3708 2387 3763 neque
2417 3692 2643 3762 rapinis,
2693 3706 2870 3760 neque
2911 3688 3274 3759 temporaneis

1726 3785 1990 3855 caecisque
2013 3784 2220 3839 divitiis
2253 3800 2357 3839 nos
2388 3783 2672 3839 dedamus.
2701 3780 2886 3852 Neque
2931 3782 3075 3836 enim
3105 3781 3269 3837 semel

1723 3886 1932 3932 tantum
1961 3879 2027 3933 de
2060 3878 2264 3946 judicio
2302 3876 2445 3931 Deus
2476 3884 2740 3946 praecepta
2771 3874 2955 3941 dedit,
2981 3874 3075 3928 sed
3106 3873 3272 3929 etiam

1722 3969 2001 4023 secundo:
2036 3967 2100 4021 Et
2138 3967 2250 4022 haec
2293 3981 2392 4037 ego
2433 3966 2623 4021 sedulo
2669 3965 2873 4029 audivi,
2923 3965 3119 4034 inquit,
3155 3964 3272 4018 aui-

1721 4075 1919 4131 moque
1985 4061 2099 4114 haec
2163 4061 2270 4112 duo
2332 4066 2602 4127 praecepta
2669 4056 3029 4126 consideravi.
3093 4053 3270 4109 Semel

1719 4152 1919 4221 quippe
1943 4150 2085 4204 Deus
2115 4148 2328 4202 locutus
2356 4157 2472 4214 est;
2514 4149 2605 4203 sed
2633 4163 2732 4218 ego
2760 4149 2871 4203 haec
2900 4147 3006 4200 duo
3037 4145 3216 4199 audivi
3253 4164 3265 4198 :

1720 4243 1938 4296 locutus
1997 4254 2230 4309 namque
2273 4249 2358 4294 est
2408 4255 2502 4309 per
2544 4240 2864 4309 prophetas,
2908 4239 3119 4293 locutus
3175 4249 3269 4303 per

1720 4333 1994 4401 apostolos
2030 4350 2041 4385 :
2077 4339 2239 4402 atque
2296 4345 2599 4386 sermonem
2650 4331 2798 4383 illum
2859 4346 3028 4383 unum
3077 4331 3265 4392 semel,

1717 4437 1840 4476 cum
1875 4436 1969 4490 per
2003 4419 2171 4477 Vetus
2220 4429 2333 4474 tum
2382 4435 2476 4488 per
2524 4418 2731 4479 Novum
2785 4417 3187 4474 Testamentum
3235 4437 3267 4476 a

93 4498 145 4572 ἦν
171 4499 330 4573 οὗτος,
359 4509 473 4563 ἀλλ’
507 4529 525 4561 ι
567 4513 687 4566 Ὅτι
733 4512 794 4565 τὸ
825 4513 1023 4586 κράτος
1067 4515 1159 4567 τοῦ
1205 4516 1339 4582 Θεοῦ
1383 4519 1473 4571 καὶ
1511 4518 1613 4581 σοὶ.»

1729 4509 1828 4564 Deo
1860 4511 2286 4580 pronuntiatum,
2307 4507 2505 4562 audivi.
2528 4506 2661 4572 Quis
2683 4507 2772 4562 ille
2794 4515 2932 4570 erat,
2964 4507 3067 4562 nisi
3093 4526 3111 4557 ι
3139 4509 3265 4578 quia

97 4595 258 4666 Κύριε,
287 4601 538 4667 τὸέλεος,
581 4623 599 4655 ι
636 4605 749 4667 καὶ,
789 4622 808 4655 ο
847 4605 967 4658 Ὅτι
997 4609 1060 4659 σὺ
1085 4606 1378 4671 ἀποδώσεις
1403 4610 1617 4680 ἑκάστῳ

94 4687 211 4740 κατὰ
243 4691 308 4744 τά
337 4692 470 4764 ἔργα
498 4694 698 4759 αὐτοῦς
727 4715 749 4747 ι
779 4694 964 4758 Ἔλεος
989 4696 1066 4760 δὲ,
1099 4696 1251 4766 φησὶ,
1283 4699 1376 4749 καὶ
1397 4699 1630 4768 κράτος·-

95 4775 142 4826 τδ
177 4781 269 4850 μὲν
295 4785 489 4856 κράτος
530 4787 664 4858 πρὸς
707 4788 768 4841 τὸ
809 4771 1160 4861 τιμῦρεῖσθαι
1203 4788 1295 4840 καὶ
1332 4792 1618 4845 ταπεινοῦν

98 4870 200 4931 τοὺς
242 4874 592 4946 ἁφηνιῶντας,
639 4878 700 4931 τὸ
726 4878 786 4936 δὲ
827 4879 972 4944 ἔλεος
1016 4880 1149 4951 πρὸς
1179 4879 1238 4931 τὺ
1272 4878 1470 4943 σώζειν
1493 4883 1617 4946 τοὺς

100 4957 161 5018 είς
184 4962 330 5016 αὑτὸν
349 4967 662 5035 ὴλπικότας.
697 4987 717 5020 ι
753 4970 858 5023 Ἴδε
890 4967 982 5024 οὖν
1007 4972 1342 5043 χρηστότητα
1373 4973 1465 5023 καὶ
1483 4973 1617 5026 ἀπο-

103 5049 280 5114 τομίαν,
304 5073 324 5105 ι
360 5058 520 5127 φησὶν
544 5062 573 5112 6
607 5061 944 5124 Ἀπόστολος·
968 5065 1060 5116 ἐπὶ
1082 5064 1180 5134 μὲν
1205 5064 1326 5125 τοὺς
1357 5063 1615 5128 πεσόντας

100 5134 363 5210 ιἓτυτννευμιιιν
389 5147 476 5202 διά
507 5149 599 5202 τοῦ
635 5152 886 5222 κράτους,
916 5155 1007 5206 ἐπὶ
1040 5155 1097 5207 δι
1126 5154 1183 5206 σὲ
1206 5153 1503 5224 χρηστότης
1526 5154 1614 5208 διά

101 5225 176 5278 τοῦ
195 5228 376 5296 ὲλίους.
399 5237 560 5292 Ταῦτ’
581 5242 770 5306 εἰπὼν,
794 5245 909 5298 ἀνω
926 5247 987 5299 τὸ
1008 5247 1293 5317 πρόσωπον
1313 5247 1609 5314 ἀνατείνας,
1635 5282 1644 5289 ο

105 5319 496 5393 προσφθέγγεται
525 5329 601 5399 τῷ
630 5332 747 5404 Θεῷ
769 5335 968 5403 λέγων·
1009 5356 1028 5388 ι
1070 5338 1186 5391 Ὅτι
1227 5337 1290 5388 σὺ
1318 5331 1612 5403 ἀποδώσεις

107 5405 282 5481 ἑκάστῳ
301 5417 519 5482 κατὰτὰ
557 5419 692 5490 ἔργα
728 5425 910 5479 αὐτοῦ.
944 5428 966 5478 ί
1001 5429 1109 5482 Καὶ
1139 5431 1167 5481 6
1195 5429 1434 5492 α’Λκύλας
1465 5431 1522 5484 δὲ
1544 5432 1614 5486 τά

111 5500 396 5593 προκείμενα
430 5506 616 5561 τοῦτον
646 5511 952 5583 ἡρμήνευσε
973 5517 1063 5570 τὸν
1084 5517 1299 5588 τρόπον*
1331 5538 1349 5569 ι
1389 5519 1611 5593 Ἐλάλη-

108 5600 182 5639 σιν
212 5591 238 5642 6
259 5592 396 5660 Θεὸς,
428 5599 519 5652 καὶ
551 5598 794 5672 δεύτερον
822 5605 1118 5675 ἐπήκουσα*
1153 5611 1232 5663 ὅτι
1271 5613 1305 5670 ἡ
1337 5611 1485 5679 ἰσχὺς
1517 5591 1611 5668 τοῦ

170 5761 206 5793 ⁷⁸
239 5762 362 5832 Psal.
395 5789 476 5827 cu
504 5813 518 5839 ,
553 5775 602 5830 9.
679 5777 720 5808 ⁷⁷
765 5774 917 5831 Rom.
954 5795 1028 5845 tu,
1063 5779 1148 5837 22.

1720 4608 1962 4669 po:estas
1994 4598 2086 4652 Dei
2112 4605 2216 4660 est,
2269 4605 2322 4650 et
2352 4596 2470 4659 tibi,
2505 4594 2750 4660 Domine,
2783 4597 3154 4652 misericordia
3181 4615 3196 4662 ;
3241 4617 3262 4648 ι

1716 4699 1792 4754 et,
1829 4683 2013 4760 «(quia
2044 4696 2100 4742 tu
2142 4685 2337 4741 reddes
2364 4687 2656 4757 unicuique
2681 4689 2837 4758 juxta
2865 4704 3029 4758 opera
3060 4689 3200 4744 sua?
3239 4707 3263 4742 ι

1719 4779 2111 4842 Misericordia,
2147 4778 2242 4844 ait,
2272 4785 2326 4832 et
2359 4787 2660 4848 potestas;
2715 4789 2956 4850 potestas
3007 4781 3074 4836 ad
3127 4781 3262 4837 ulci-

1718 4880 1976 4935 scendum
2009 4885 2064 4931 et
2090 4877 2484 4951 humiliandum
2516 4877 2744 4934 eﬂrenes
2775 4877 3053 4940 homines;
3087 4875 3264 4928 mise—

1716 4970 1946 5026 ricordia
1976 4967 2043 5022 ad
2061 4969 2239 5024 salvos
2271 4969 2550 5025 faciendos
2580 4979 2859 5040 sperantes
2880 4969 2938 5022 in
2965 4982 3040 5021 se.
3073 4983 3091 5015 ι
3126 4964 3259 5019 Vide

1715 5077 1844 5130 ergo
1907 5061 2202 5115 bonitatem
2256 5070 2310 5116 et
2372 5058 2858 5115 severitatem‘Dei
2891 5057 2958 5120 ",
3019 5074 3037 5106 ι
3088 5056 3261 5124 inquit
3308 5066 3323 5074 ‘

1716 5153 2009 5223 Apostolus
2045 5171 2056 5205 :
2094 5155 2436 5208 severitatem
2485 5153 2539 5204 in
2590 5152 2775 5220 lapsos
2821 5158 2922 5218 per
2941 5157 3258 5218 potestatem

1713 5259 1866 5302 suam
1893 5262 1908 5311 ;
1936 5259 2061 5314 erga
2114 5252 2167 5299 te
2215 5259 2342 5298 vero
2367 5244 2660 5298 bonitatem
2685 5257 2782 5312 per
2805 5241 3256 5296 misericordiam.

1712 5335 2007 5404 Postquam
2041 5337 2152 5390 hac
2176 5335 2408 5399 dixerat,
2430 5343 2614 5388 erecto
2649 5348 2866 5388 sursum
2897 5333 3047 5386 vultu
3090 5330 3257 5385 Deum

1710 5429 1791 5484 sic
1820 5429 2114 5498 alloquitur
2148 5447 2160 5483 :
2202 5447 2219 5479 ι
2257 5426 2393 5493 Quia
2428 5435 2487 5481 tu
2540 5426 2732 5483 reddes
2782 5426 3072 5493 unicuique
3096 5424 3254 5492 juxta

1710 5533 1874 5592 opera
1928 5537 2045 5576 sua.
2095 5540 2115 5572 ι
2173 5519 2363 5590 Aquila
2411 5520 2574 5575 etiam
2617 5519 2730 5574 haee
2761 5519 2842 5572 sic
2874 5517 3256 5584 interpretatus

1709 5585 1836 5666 est:
1883 5632 1901 5666 ι
1941 5614 2185 5669 Locutus
2205 5585 2286 5668 est
2339 5611 2498 5676 Deus,
2530 5619 2582 5666 et
2610 5609 2848 5667 secundo
2878 5607 3079 5672 audivi,
3124 5608 3252 5677 quia
3335 5585 3343 5606 ί
