3966 6340
698 424 798 478 599
1355 417 1615 476 EUSEBII
1637 419 2114 478 CAESARIENSIS
2150 420 2300 477 OPP.
2338 420 2515 477 PARS
2552 421 2640 476 lll.
2671 451 2741 463 -—-
2767 420 3168 478 EXEGETICA.
3744 425 3830 478 800

698 538 956 593 fortitudo
1011 536 1124 598 Dei,
1177 544 1229 591 et
1277 538 1395 600 tibi,
1433 537 1676 604 Domine,
1723 526 2229 591 misericordiaQTu

2346 537 2487 602 θεοῦ,
2523 539 2612 590 καὶ
2635 538 2735 600 σοὶ,
2771 538 3031 598 Δέσποτα,
3061 537 3118 588 τὺ
3143 534 3302 597 ἔλεος.
3339 535 3408 586 ΣΞ)
3434 535 3489 588 δὲ
3517 533 3695 598 ἀπόδος
3717 537 3821 588 κατ)

695 644 823 683 vero
844 627 1004 682 redde
1024 628 1248 697 singulis
1275 629 1404 683 viris
1431 627 1726 684 secundum
1757 641 1919 696 Opera
1948 642 2065 682 sua.
2105 649 2122 678 ι

698 763 749 819 1.
775 760 1092 816 PSALMUS
1124 761 1372 819 DAVlDl,
1398 759 1540 814 CUM
1574 760 1787 815 ESSET
1823 761 1885 815 IN
1915 758 2230 815 DESERTO

1188 832 1263 902 (ι)
1289 829 1551 884 ,ιυυιιΕιιΕ
1591 830 1744 885 ωιιι.

765 941 930 998 Vens.
965 944 1020 1005 2,
1049 945 1100 996 5.
1149 960 1167 993 ‹
1197 941 1503 997 Βθυετῦοιιε
1526 957 1701 1004 meus,
1730 943 1795 997 ad
1829 950 1883 998 te
1909 942 1976 998 de
2012 944 2131 998 luce
2160 944 2236 997 vi-

694 1031 820 1102 gilo.
856 1054 874 1084 ›
912 1033 1046 1086 Cum
1082 1032 1287 1103 fugeret
1317 1031 1506 1097 David,
1537 1034 1772 1088 accessit
1801 1033 1867 1086 ad
1890 1033 2231 1088 Achimelech

698 1123 1067 1188 sacerdotem;
1103 1123 1230 1176 hinc
1259 1121 1324 1174 ad
1345 1121 1526 1177 Achus
1551 1137 1730 1191 regem
1759 1119 1930 1188 Geth;
1961 1121 2086 1175 inde
2108 1137 2234 1176 vero

695 1213 749 1265 in
774 1211 1054 1282 Masseplia
1076 1211 1250 1267 Moab.
1287 1212 1401 1268 Gad
1435 1221 1616 1267 autem
1656 1213 1939 1282 propheta,
1995 1217 2086 1282 qui
2133 1214 2233 1268 ad-

695 1311 834 1366 erat,
871 1311 1060 1358 auctor
1093 1312 1177 1357 est
1216 1304 1318 1372 ipsi
1363 1311 1421 1357 ut
1459 1320 1525 1357 ne
1565 1304 1703 1357 ultra
1754 1303 1894 1373 apud
1937 1304 2237 1375 allophylos

695 1411 878 1450 moras
904 1396 1100 1448 trahat.
1125 1393 1304 1458 Quare
1327 1396 1453 1449 inde
1486 1394 1786 1464 profectus,
1821 1396 1873 1449 in
1904 1396 2118 1451 deserto
2146 1396 2234 1450 Ju-

695 1486 821 1539 ὀίεαι
843 1485 1070 1546 habitat,
1105 1484 1172 1537 de
1200 1499 1306 1552 quo
1344 1473 1586 1554 tempore
1626 1485 1739 1540 haec
1774 1485 2050 1556 Scriptura
2078 1501 2235 1541 enar-

699 1583 784 1630 rat
817 1595 829 1629 :
867 1594 885 1624 ‹
929 1574 994 1627 Et
1026 1575 1338 1629 morabatur
1382 1575 1548 1629 David
1599 1580 1653 1630 in
1689 1577 1902 1632 deserto
1932 1576 2232 1635 Massenetli

699 1667 753 1719 in
790 1667 1054 1735 anguStis,
1105 1674 1158 1720 et
1187 1665 1342 1720 sedes
1375 1667 1603 1722 habebat
1633 1668 1689 1721 in
1717 1667 1931 1723 deserto
1970 1668 2027 1722 in
2054 1677 2238 1721 monte

699 1756 855 1825 Ziph.
890 1755 954 1808 Et
986 1757 1256 1824 quaerebat
1301 1772 1425 1811 eum
1465 1756 1594 1812 Saul
1639 1759 1892 1813 omnibus
1938 1759 2151 1820 diebus,
2185 1765 2237 1812 et

2331 629 2492 698 ἄνδρα
2525 630 2735 698 ἑκάστῳ
2767 629 2903 681 κατὰ
2934 628 3003 680 τὰ
3033 627 3166 699 ἔργα
3188 626 3368 680 αὐτοῦ.
3399 645 3418 677 ι

2332 767 2612 821 ΨΑΛΜΟΣ
2660 767 2744 818 ΤΩ
2777 765 2986 827 ᾚΔΑΥΙΔ
3036 764 3126 815 EN
3164 764 3248 827 Ἰᾭ
3289 762 3467 814 ΕῐΝΑι
3519 761 3724 812 ΑΥΤοΝ
3758 761 3819 811 E.‘

2588 836 2682 908 Τῌ
2718 835 2949 904 ΕΡΗΜῼ
2984 834 3115 887 ΤΗΣ
3152 831 3459 886 ΙΟΥΔΑῙΔΣ
3495 831 3587 881 ΞΒ¹

2354 945 2361 955 ’
2407 967 2423 993 ι
2465 947 2522 1000 Ὀ
2548 947 2676 1011 Θεὸς
2706 949 2733 1000 6
2761 946 2891 1009 Θεός
2926 963 3045 1016 μου,
3077 945 3211 1014 πρὸς
3245 943 3302 995 σὲ
3329 938 3579 1013 ὀρθρίςω.
3606 959 3622 990 ι
3650 938 3834 1004 Φεύγων

2331 1040 2359 1090 6
2386 1037 2543 1091 Δαυϊδ
2566 1037 2913 1107 παραγίνεται
2946 1037 3080 1107 πρὸς
3115 1034 3396 1105 Ἀχιμέλεχ
3419 1033 3509 1084 τὸν
3537 1032 3691 1100 ἱερέα
3713 1029 3837 1082 ἐνθεν
3909 1067 3916 1076 .

2332 1126 2466 1196 πρὸς
2496 1126 2680 1195 Ἀχοῦς
2708 1127 2797 1179 τὸν
2830 1126 3049 1196 βασιλέα
3068 1124 3189 1186 Γὲθ,
3219 1123 3464 1175 κάκεῖθεν
3497 1123 3583 1182 είς-
3602 1120 3840 1186 Μάσσηφα

2331 1217 2426 1286 τῆς
2454 1217 2642 1269 Μωάϐ.
2671 1216 2849 1270 Συνὼν
2872 1216 2927 1267 δὲ
2957 1213 3102 1284 αὐτῷ
3123 1214 3226 1266 Γὰδ
3246 1216 3274 1266 6
3298 1214 3597 1283 προφήτης,
3625 1211 3842 1278 παραινεῖ

2337 1307 2409 1378 μὴ
2437 1306 2702 1359 ποιεῖσθαι
2728 1306 2878 1375 παρὰ
2896 1308 3004 1368 τοῖς
3024 1305 3332 1372 ἀλλοφύλοις
3349 1305 3445 1367 τὰς
3466 1300 3740 1371 διατριϐάς.
3768 1298 3844 1349 Διὸ

2338 1397 2603 1466 μεταστὰς
2635 1396 2900 1459 ἐντεῦθεν,
2929 1397 3026 1466 τὴν
3053 1395 3282 1465 ἐρημίαν
3303 1395 3401 1463 τῆς
3439 1392 3684 1452 Ἰουδαίας
3707 1391 3842 1442 οίκεῖ·

2333 1488 2417 1540 ὅτε
2467 1487 2561 1539 καὶ
2609 1479 2817 1566 ἱστορέ
2853 1485 3084 1554 λέγουσα
3128 1488 3162 1555 ὴ
3204 1485 3424 1555 Γραφής
3478 1501 3496 1532 ι
3527 1482 3629 1534 Καὶ
3655 1479 3838 1532 adem:

2334 1579 2491 1632 Δαυῖδ
2527 1581 2583 1633 ὲν
2619 1581 2685 1649 τῇ
2730 1579 2918 1650 ἐρήμῳ
2947 1577 3223 1630 Μασσενὲθ
3275 1578 3332 1629 ὲν
3373 1578 3484 1637 τοῖς
3519 1575 3730 1634 στενοῖς·
3770 1572 3836 1622 κει

2336 1670 2565 1741 ἐκάθητο
2608 1672 2664 1722 ὲν
2692 1669 2769 1740 τῷ
2800 1669 2912 1740 δρει
2943 1671 2998 1721 ὲν
3041 1671 3107 1739 τῇ
3141 1668 3328 1738 ἐρήμῳ
3357 1665 3509 1732 Ζείφ.
3553 1666 3656 1717 Καὶ
3695 1663 3842 1732 ὲζήτετ

2337 1761 2497 1813 αὑτὸν
2536 1761 2706 1812 Σαοὺλ
2745 1761 2918 1823 πάσας
2949 1760 3045 1822 τὰς
3081 1759 3309 1829 ἡμέρας,
3351 1757 3445 1809 καὶ
3481 1755 3540 1808 ού
3575 1753 3850 1825 παρέδωκεν

700 1864 806 1899 non
839 1846 1060 1902 tradidit
1097 1863 1219 1901 eum
1250 1846 1509 1902 Dominus
1559 1848 1618 1901 in
1647 1863 1839 1904 manus
1869 1849 1990 1917 ejus
2015 1850 2082 1903 ⁷⁸.
2119 1868 2139 1900 ι
2179 1849 2234 1902 ln

2346 1851 2495 1905 αὑτὸν
2527 1852 2727 1922 Κύριος
2756 1853 2834 1914 είς
2859 1852 2954 1914 τὰς
2976 1854 3159 1924 χεῖρας
3185 1848 3366 1904 αὐτοῦ.
3394 1868 3410 1900 ι
3451 1849 3538 1900 Ἐν
3558 1846 3746 1907 τούτοις
3769 1843 3852 1902 ὢν,

700 1938 801 1991 hoc
831 1954 1013 1993 rerum
1065 1947 1228 2003 statu,
1257 1939 1402 1992 hunc
1448 1939 1716 2007 psalmum
1746 1939 1994 2001 adornat,
2053 1947 2238 1994 notato

701 2043 793 2095 per
817 2027 1029 2080 titulum
1058 2033 1318 2095 tempore.
1351 2026 1527 2092 Quare
1562 2028 1764 2082 dictum
1792 2034 1894 2092 est,
1934 2048 1951 2081 ι
1979 2027 2240 2098 Psalmus

699 2117 908 2178 Davidi,
941 2102 1242 2179 comesset
1266 2117 1321 2171 in
1350 2117 1562 2172 deserto
1581 2115 1799 2187 Iudaeas.
1848 2138 1866 2170 ι
1910 2117 1952 2170 Ε
1985 2135 2040 2174 re
2061 2127 2237 2174 autem

701 2208 864 2261 fuerit
891 2207 978 2259 hic
1003 2222 1216 2261 rursum
1240 2207 1548 2273 observare,
1580 2225 1690 2263 non
1719 2225 1787 2264 ex
1821 2209 1966 2264 serie
1999 2210 2238 2264 historia:

700 2306 755 2352 et
810 2306 1131 2365 temporum,
1183 2297 1428 2353 ordinem
1477 2300 1809 2368 psalmorum
1865 2301 2237 2364 constitutum,

703 2387 796 2441 sed
850 2388 1002 2442 valde
1045 2389 1301 2457 permista
1336 2396 1580 2458 tempora
1630 2405 1772 2444 esse.
1831 2389 1966 2443 Nam
2014 2391 2241 2446 historia

703 2479 874 2546 primo
905 2486 1171 2543 recenset,
1205 2477 1421 2533 Saulem
1453 2480 1675 2536 nuntios
1699 2480 1913 2539 misisse
1943 2482 1996 2535 in
2024 2482 2241 2534 domum

606 2586 612 2592 ·
707 2569 892 2632 David,
937 2569 1027 2638 qui
1073 2567 1442 2623 interﬁcerent
1478 2585 1623 2634 eum,
1655 2578 1708 2625 et
1739 2569 1967 2626 Melchol
2019 2587 2240 2626 uxorem

703 2659 823 2726 ejus
875 2658 1154 2713 demisisse
1207 2674 1328 2712 eum
1378 2675 1472 2729 per
1526 2659 1854 2728 fenestram;
1904 2661 2248 2716 Psalmorum

705 2763 834 2802 vero
869 2751 1134 2819 scriptura
1166 2766 1284 2805 eam
1316 2767 1428 2806 rem
1459 2752 1514 2806 in
1547 2767 1674 2808 LVIII
1727 2763 2008 2808 memorat.
2042 2752 2243 2808 Deinde

707 2840 933 2894 historia
965 2841 1256 2912 Scriptum
1283 2851 1470 2896 narrat
1500 2845 1716 2898 venisse
1740 2843 1994 2900 Davidem
2022 2847 2076 2899 in
2097 2843 2242 2898 Noba

706 2931 774 2983 ad
811 2932 1156 2987 Achimelech
1183 2935 1554 2999 sacerdotem;
1616 2933 1710 2987 sed
1740 2933 2076 2989 Psalmorum
2111 2935 2246 2989 liber

708 3023 847 3075 hanc
876 3038 989 3076 rem
1017 3032 1220 3091 gestam
1254 3023 1500 3076 meminit
1539 3023 1595 3076 in
1638 3038 1814 3076 xum
1842 3025 2064 3090 psalmo.
2103 3023 2243 3078 Rur-

709 3128 938 3181 sumque
968 3115 1236 3182 scriptura
1282 3113 1586 3183 Regnorum
1612 3113 1687 3167 ait
1714 3129 1729 3166 :
1761 3131 1778 3164 ι
1817 3113 1882 3167 Et
1913 3114 2046 3170 abiit
2080 3114 2243 3169 David

2338 1945 2427 1998 τὸν
2457 1945 2808 2014 προκείμενον
2839 1943 3048 2012 ψαλμὸν
3084 1943 3384 2002 συντάττει,
3436 1939 3526 1991 τὸν
3571 1936 3740 2006 καιρὸν
3781 1932 3856 1984 διὰ

2337 2038 2434 2106 τῆς
2466 2035 2782 2111 πρργραφῆς
2812 2035 3074 2104 σημήνας.
3111 2032 3199 2083 Διὸ
3237 2032 3464 2100 εἴρηται,
3501 2048 3522 2079 σ
3553 2026 3763 2095 Ψαλμὸς
3793 2023 3857 2091 τῷ

2339 2128 2517 2191 Δαυῖδ,
2549 2131 2602 2181 ὲν
2627 2126 2703 2196 τῷ
2730 2123 2865 2180 εἶναι
2891 2125 3048 2192 αὐτὸν
3073 2127 3130 2178 ὲν
3150 2126 3213 2193 τῇ
3241 2123 3430 2192 ἐρήμῳ
3449 2122 3546 2189 τῆς
3577 2117 3856 2178 Ἰουδαίας.»

2340 2221 2568 2287 Εῠλογον
2608 2220 2664 2272 δὲ
2697 2218 2926 2272 ἐνταῦθα
2957 2216 3274 2286 γενομένους
3311 2209 3734 2280 ἐπισημήνασθαι
3773 2205 3860 2258 πά-

2339 2311 2440 2372 λιν,
2469 2311 2556 2362 ὃτι
2575 2310 2646 2378 μὴ
2673 2307 2812 2361 κατὰ
2839 2305 3154 2359 ἀκολουθίαν
3182 2302 3290 2355 τῶν
3314 2303 3410 2372 τῆς
3434 2300 3665 2377 ἱστορίας
3684 2297 3862 2367 χρόνων

2341 2403 2374 2471 ή
2405 2399 2511 2452 τῶν
2543 2399 2768 2469 ψαλμῶν
2803 2397 3081 2464 σύγκειται
3106 2395 3274 2458 τάξις·
3307 2392 3624 2462 ὲνήλλακται
3650 2387 3700 2439 δὲ
3729 2382 3862 2454 παρὰ

2343 2491 2474 2542 πολὺ
2511 2491 2624 2551 τοῖς
2660 2489 2896 2558 χρόνοις.’
2927 2486 3130 2538 Αὐτίκα
3155 2484 3341 2552 γοῦνή
3371 2483 3469 2552 μὲν
3498 2479 3700 2549 ἱστορία
3730 2473 3864 2546 πρώ-

2342 2599 2439 2651 την
2487 2581 2726 2651 περιέχει
2770 2577 2866 2648 τὴν
2897 2577 3141 2646 διήγησιν
3171 2574 3290 2627 καθ’
3315 2573 3379 2643 ἢν
3411 2570 3685 2625 ἀπέστειλε
3714 2566 3864 2619 Σαοὺλ

2343 2669 2600 2738 ἀγγέλους
2629 2670 2706 2731 είς
2735 2666 2824 2719 τὸν
2861 2662 3006 2721 οἷκον
3037 2664 3217 2727 Δαυῒδ,
3257 2663 3349 2715 τοῦ
3378 2660 3675 2714 θανατῶσαι
3703 2656 3862 2709 αὐτόν·

2341 2763 2422 2816 ὅτι
2447 2761 2708 2830 Μελχὸλή
2742 2759 2876 2829 γυνὴ
2904 2758 3064 2810 αὐτοῦ
3099 2757 3331 2826 καθῆκεν
3365 2755 3526 2808 αὑτὸν
3555 2752 3641 2805 διὰ
3666 2751 3754 2819 τῆς
3785 2747 3865 2800 θυ-

2346 2853 2586 2922 ρίδος·-ή
2619 2851 2675 2902 δὲ
2715 2851 2821 2902 τῶν
2872 2849 3097 2919 ψαλμῶν
3142 2848 3325 2917 γραφὴ
3373 2847 3429 2897 ὲν
3463 2844 3538 2912 τῷ
3570 2849 3648 2913 νη’
3685 2839 3868 2904 ταύτης

2348 2943 2613 3012 μέμνηται
2645 2941 2741 3008 τῆς
2773 2939 3037 3010 πράξεως.
3069 2936 3179 2991 Εἶθ’
3213 2937 3339 3006 ἑξῆς
3371 2939 3403 3006 ή
3442 2936 3540 3005 μὲν
3571 2932 3749 3003 Γραφὴ
3774 2930 3869 2981 τῶν

2348 3033 2592 3104 ἱστοριῶν
2621 3032 2875 3091 διδάσκει,
2920 3031 2992 3092 ὡς
3042 3030 3258 3102 ἔρχεται
3288 3025 3446 3079 Δαυῒδ
3473 3027 3550 3094 είς
3585 3023 3724 3076 Νοϐἄ
3751 3019 3869 3088 πρὸς

2356 3123 2638 3194 Ἀχιμέλεχ
2663 3122 2750 3175 τὸν
2777 3122 2937 3191 ἱερέα·
2963 3122 2996 3190 ἠ
3021 3120 3077 3173 δὲ
3107 3119 3281 3189 βίϐλος
3300 3117 3406 3169 τῶν
3433 3113 3672 3184 Ψαλμῶν
3690 3111 3870 3177 ταύτης

709 3203 857 3260 inde.
884 3211 938 3256 et
968 3204 1133 3268 venit,
1159 3213 1212 3258 et
1243 3204 1482 3258 salvatus
1539 3211 1621 3258 est
1670 3201 1725 3257 in
1773 3204 2028 3272 spelunca
2081 3202 2244 3258 Odol-

2353 3215 2618 3285 μέμνηται
2645 3213 2744 3281 τῆς
2774 3209 3021 3280 πράξεως
3052 3213 3108 3262 ὲν
3137 3208 3214 3278 τῷ
3241 3207 3320 3275 λγ¹
3345 3204 3558 3274 ψαλμῷ.
3594 3197 3870 3292 uarium

710 3294 818 3345 lam
851 3294 924 3358 7';
965 3312 984 3343 ι
1021 3294 1158 3348 liber
1190 3303 1369 3348 autem
1399 3293 1737 3350 Psalmorum
1773 3295 1936 3363 hujus
1963 3295 2165 3364 negotii
2190 3295 2242 3348 in

2347 3306 2379 3375 ή
2417 3305 2511 3375 μὲν
2548 3302 2729 3372 γραφὴ
2761 3301 2864 3354 τῶν
2904 3299 3189 3366 Βασιλειῶν
3222 3313 3377 3368 φησι·
3414 3313 3430 3344 ι
3467 3293 3575 3346 Καὶ
3607 3289 3868 3359 ἀπηλλάγη

711 3399 795 3436 LVI
851 3383 1175 3438 mentionem
1231 3384 1376 3439 facit.
1421 3384 1535 3440 Sub
1590 3386 1702 3441 haec
1742 3387 1936 3440 iterum
1980 3386 2248 3456 scriptura

712 3476 1018 3546 Regnorum
1053 3476 1192 3535 Doec
1215 3484 1504 3541 memorat,
1535 3491 1642 3546 quo
1665 3485 1821 3545 pacto
1843 3477 2052 3531 scilicet
2083 3476 2248 3530 Achi-

713 3568 918 3622 meiech
973 3568 1306 3622 sacerdotem
1339 3568 1478 3637 apud
1511 3567 1724 3623 Saulem
1757 3569 2116 3624 calumniatus
2143 3569 2247 3635 sit;

713 3665 768 3712 at
795 3657 1130 3712 Psalmorum
1155 3658 1290 3712 liber
1321 3659 1374 3710 iu
1409 3674 1459 3711 u
1481 3660 1583 3713 hoc
1609 3669 1820 3729 tempus
1842 3668 2246 3715 commemorat.

713 3750 903 3818 Agnita
927 3763 1088 3818 porro
1114 3748 1281 3803 David
1334 3751 1500 3818 ipsius
1527 3749 1668 3805 Doec
1711 3751 2002 3814 calumnia,
2036 3751 2176 3819 fugit
2199 3759 2252 3805 et

715 3840 770 3894 in
805 3841 1073 3894 desertum
1104 3823 1300 3896 )udaaae
1337 3856 1396 3896 se
1426 3840 1674 3905 contulit,
1703 3857 1809 3911 quo
1831 3835 2074 3911 tempore
2110 3842 2251 3904 hunc

714 3944 874 4003 quem
910 3937 1202 3984 tractamus
1231 3931 1495 3999 psalmum
1523 3931 1824 3986 adornavit.
1872 3931 1938 3984 Et
1984 3932 2250 4001 scriptura

716 4017 931 4085 quidem
991 4016 1296 4087 Regnorum
1350 4029 1472 4089 post
1524 4022 1822 4089 praesentis,
1887 4021 2096 4075 scilicet
2139 4036 2251 4074 Lxu

717 4105 910 4173 psalmi
952 4113 1184 4174 tempus,
1225 4109 1467 4176 quaedam
1499 4107 1649 4177 gesta
1682 4117 2089 4172 commemorat,
2117 4125 2168 4162 v.
2197 4124 2247 4176 g.

719 4205 774 4249 ut
805 4195 1004 4265 Ziphzei
1036 4193 1201 4250 David
1234 4197 1371 4265 apud
1397 4195 1611 4251 Saulem
1646 4198 1956 4252 calumniati
1993 4206 2155 4262 sunt;
2187 4197 2253 4252 de

717 4288 910 4355 quibus
944 4285 1277 4341 Psalmorum
1308 4285 1462 4349 liber,
1496 4286 1548 4338 in
1573 4301 1694 4354 un,
1723 4288 2043 4342 mentionem
2070 4287 2250 4349 habet,

716 4377 872 4445 cujus
907 4377 1094 4430 titulus
1117 4384 1201 4430 est
1241 4395 1253 4430 :
1292 4375 1402 4434 «,ln
1454 4375 1636 4439 ﬁnem,
1672 4377 1726 4430 in
1758 4378 1992 4447 hymnis,
2042 4379 2256 4434 intellcé

715 4474 838 4520 ctus
864 4463 1052 4525 David,
1088 4479 1210 4516 cum
1241 4465 1517 4519 venissent
1552 4463 1774 4532 Ziphzei,
1807 4472 1860 4519 et
1887 4465 2152 4521 dixissent
2185 4466 2253 4522 ad

2347 3393 2506 3446 Auu‘éﬁ
2521 3392 2783 3454 ἐντεῦθεν,
2802 3391 2894 3444 xu't
2923 3386 3161 3460 ἔρχεται,
3192 3389 3285 3440 καὶ
3310 3383 3535 3452 διεσώθη
3570 3385 3646 3444 εἰς
3669 3381 3726 3433 τὸ
3751 3380 3872 3445 σπή-

2347 3483 2492 3535 λαιον
2523 3481 2583 3534 τὸ
2614 3481 2888 3550 Ὀδολλὰμ·
2922 3499 2939 3531 ›
2973 3484 3006 3549 ἠ
3036 3479 3092 3532 δὲ
3127 3477 3299 3548 βίϐλος
3327 3476 3432 3528 τῶν
3459 3471 3696 3543 Ψαλμῶν
3728 3472 3781 3522 ἐν
3807 3467 3872 3536 τῷ

2348 3580 2432 3637 νς¹
2469 3573 2736 3644 μέμνηται
2769 3573 2864 3642 τῆς
2907 3570 3129 3634 τάξεως.
3176 3569 3285 3622 Καὶ
3313 3563 3464 3628 αὖθις
3501 3564 3636 3634 μετά
3663 3561 3870 3625 ταῦταῆ

2354 3665 2449 3734 μὲν
2480 3663 2662 3734 γραφὴ
2694 3662 2802 3715 τῶν
2844 3661 3131 3719 Βασιλειῶν
3171 3658 3262 3712 τοῦ
3303 3657 3458 3727 Δωὴκ
3500 3656 3783 3725 μέμνηται,
3811 3651 3874 3710 ὡς

2348 3755 2665 3822 διαϐέϐληκε
2697 3753 2772 3823 τῷ
2810 3752 2977 3804 Σαοῦλ
3011 3751 3101 3803 τὸν
3142 3748 3289 3818 ίερέα
3333 3744 3630 3815 Ἀχιμέλεχ⁹
3666 3746 3700 3813 ή
3727 3743 3779 3794 δὲ
3809 3739 3874 3808 βί-

2351 3845 2471 3907 ϐλος
2496 3845 2607 3897 τῶν
2623 3842 2864 3912 Ψαλμῶν
2893 3842 2950 3894 ἐν
2974 3840 3050 3910 τῷ
3076 3846 3153 3892 να¹
3169 3837 3353 3890 τοῦτον
3385 3835 3632 3905 σημαίνει
3659 3834 3746 3886 τὸν
3771 3828 3875 3901 χρό-

2350 3951 2457 3987 νον.
2482 3934 2646 3996 Γνοὺς
2671 3933 2727 3984 δὲ
2754 3933 2781 3983 6
2803 3930 2963 3990 Δαυῒδ
2988 3929 3083 4000 τὴν
3105 3927 3198 3982 τοῦ
3227 3927 3385 3996 Δωὴκ
3411 3924 3676 3995 διαϐολὴν,
3707 3921 3875 3990 φεύγει

2351 4024 2443 4076 καὶ
2490 4022 2842 4093 παραγίνεται
2883 4022 2961 4083 είς
2999 4021 3098 4090 τὴν
3139 4019 3338 4089 ἔρημον
3361 4018 3459 4086 τῆς
3505 4013 3772 4075 Ἰουδαίας,
3802 4013 3876 4062 aee

2351 4115 2443 4166 καὶ
2486 4113 2764 4169 συντάττει
2797 4112 2888 4164 τὸν
2935 4112 3070 4180 μετὰ
3112 4111 3295 4179 χεῖρας
3334 4106 3560 4175 ψαλμὸν.
3596 4106 3707 4157 Ku‘t
3735 4104 3764 4170 ή
3797 4099 3876 4169 μὲν

2352 4202 2540 4273 γραφὴ
2561 4203 2665 4256 τῶν
2688 4201 2977 4254 Βασιλειῶν
3010 4199 3146 4270 μετά
3169 4198 3260 4249 τὸν
3291 4197 3475 4266 χρόνον
3508 4194 3600 4247 τοῦ
3636 4191 3766 4262 μετά
3786 4189 3878 4257 χεῖ-

2355 4309 2451 4362 ρας
2478 4291 2709 4360 ψαλμοῦ,
2741 4291 2883 4359 λέγω
2907 4291 2962 4342 δὲ
2993 4290 3085 4342 τοῦ
3118 4288 3215 4353 ξδ’,
3239 4285 3484 4358 πράξεών
3510 4302 3666 4338 τινων
3697 4281 3876 4352 μέμνη-

2352 4397 2460 4440 ται,
2483 4379 2558 4440 ὡς
2585 4381 2632 4431 οἱ
2660 4380 2865 4447 Ζιφαῖοι
2885 4375 3220 4430 διαϐάλλουσι
3247 4373 3322 4444 τῷ
3348 4373 3518 4426 Σαοὺλ
3541 4372 3631 4424 τὸν
3661 4366 3826 4422 Δαυῖδ”
3852 4366 3876 4430 ἡ

2353 4467 2408 4520 δὲ
2438 4466 2612 4536 βίϐλος
2637 4467 2743 4520 τῶν
2758 4465 2998 4534 Ψαλμῶν
3019 4463 3226 4516 τούτων»
3247 4464 3511 4533 μέμνηται
3533 4464 3588 4513 ὲν
3615 4459 3691 4528 τῷ
3720 4463 3808 4524 vr.
3832 4455 3879 4514 ὃς

721 4556 870 4617 Saul,
903 4554 1040 4608 Ecce
1076 4553 1242 4608 David
1282 4555 1637 4610 absconditus
1688 4563 1771 4611 est
1797 4556 1939 4625 apud
1971 4573 2092 4612 nos.
2134 4578 2151 4609 ι
2185 4558 2244 4611 Et

2355 4557 2732 4625 ἐπιγράφεται,
2761 4574 2780 4606 ι
2818 4556 2911 4616 Et;
2941 4554 3001 4605 τὸ
3035 4554 3181 4616 τέλος
3211 4555 3267 4604 ὲν
3299 4552 3506 4622 ὕμνοις,
3539 4549 3795 4606 συνέσεως
3816 4543 3878 4609 τῷ

718 4660 783 4697 Lv
813 4644 1117 4710 inscriptus
1143 4651 1225 4697 est
1252 4662 1264 4697 :
1301 4661 1319 4693 ι
1358 4644 1584 4709 Quando
1615 4653 1904 4700 tenuerunt
1933 4661 2054 4700 eum
2097 4649 2247 4702 Allo-

717 4734 860 4804 phyli
895 4733 949 4785 in
980 4731 1137 4786 Geth.
1169 4751 1186 4782 ι
1214 4733 1348 4787 lllud
1370 4746 1546 4788 autem
1577 4735 1882 4805 Regnorum
1906 4738 2174 4806 scriptura
2194 4739 2250 4794 in

720 4833 988 4892 postrema
1021 4824 1258 4879 historiae
1283 4833 1434 4893 parte
1482 4827 1708 4893 reponit.
1735 4825 1920 4882 Viden’
1954 4843 2062 4897 quo
2093 4837 2251 4898 pacto

719 4917 892 4983 prima
920 4923 1212 4983 postrema,
1243 4927 1294 4970 et
1329 4924 1598 4986 postrema
1621 4917 2254 4985 primaconstituantur'!

719 5003 871 5066 Quod
909 5002 966 5072 “si
1014 5006 1309 5058 secundum
1353 5015 1651 5075 temporum
1674 5009 1874 5069 seriem
1899 5009 2087 5079 digesti
2123 5011 2254 5066 fuis-

719 5101 858 5154 sent,
885 5095 1090 5162 primus
1118 5096 1430 5150 statuendus
1447 5106 1560 5150 erat
1581 5113 1729 5160 LVIII,
1761 5100 2028 5156 secundus
2060 5117 2253 5164 xxxiii,

718 5182 915 5260 tertius
955 5184 1148 5240 deinde
1183 5200 1293 5248 LVI,
1351 5196 1574 5254 quartus
1620 5203 1694 5249 LI,
1753 5195 1807 5241 et
1864 5198 2254 5258 consequenter

659 5294 662 5298 ι
720 5272 940 5340 quintus
973 5288 1104 5336 Lxu,
1127 5285 1309 5330 sextus
1336 5291 1452 5338 Lill,
1480 5292 1542 5330 ac
1567 5285 1874 5346 postremus
1895 5281 2131 5334 omnium
2167 5297 2250 5335 LV.

721 5364 850 5417 Post
878 5371 1106 5418 mortem
1135 5382 1260 5420 vero
1292 5365 1472 5420 Saulis
1501 5368 1728 5435 primum
1768 5369 1952 5439 psallit
1983 5385 2091 5433 ιιι,
2127 5388 2250 5426 cum

722 5454 989 5520 percussit
1017 5451 1150 5506 Joab
1175 5456 1366 5508 vallem
1400 5453 1726 5519 Salinarum,
1762 5458 2008 5527 cepitque
2057 5460 2254 5514 duode-

722 5543 825 5596 cim
859 5546 1022 5598 millia
1052 5545 1325 5600 hominum
1358 5547 1744 5615 Moa‘hitarum;
1781 5567 1799 5599 ι
1834 5564 1864 5601 ι.
1890 5564 2015 5603 vero
2038 5561 2239 5619 postea,

796 5695 838 5723 ⁷⁸
877 5694 1049 5762 Ηὶοιζ.
1089 5713 1250 5760 xxul,
1291 5699 1464 5753 14.15.
1538 5702 1581 5733 ’9
1623 5701 1640 5754 l
1674 5700 1800 5773 Reg.
1837 5717 1980 5766 ml,
2017 5706 2063 5757 l.

795 5785 869 5854 (ι)
911 5784 1077 5840 Gram.
1112 5795 1162 5843 ct
1186 5787 1339 5861 Vulg.
1382 5790 1642 5857 ldumtra'.

2355 4647 2534 4713 Δαυῖδ,
2579 4650 2636 4701 ὲν
2683 4647 2759 4716 τῷ
2801 4645 2968 4697 ὲλθείν
3011 4645 3134 4708 τοὺς
3182 4644 3453 4712 Ζιφαίους,
3496 4643 3588 4693 καὶ
3623 4639 3788 4690 εἰπεῖν
3817 4634 3877 4701 τῷ

2355 4737 2539 4790 Σαούλ·
2585 4739 2711 4791 Ἰδοὺ
2744 4736 2902 4789 Δαυῒδ
2929 4737 3230 4806 κέκρυπται
3261 4735 3384 4803 παρ’
3411 4733 3562 4799 ἡμῖν.
3603 4749 3620 4778 ι
3650 4730 3756 4780 Καὶ
3778 4728 3802 4778 6
3821 4733 3876 4776 ἰε’

2356 4830 2774 4900 ἐπιγέγραπται(
2804 4845 2822 4878 ι
2864 4828 2990 4881 ὐτε
3023 4828 3326 4897 ἐκράτησαν
3353 4820 3511 4874 αὑτὸν
3539 4821 3587 4870 οἱ
3621 4815 3875 4884 ἀλλόφυλοι

2357 4920 2581 4973 ὲνΓέθ.ι
2609 4918 2777 4972 Τοῦτο
2799 4919 2854 4971 δὲ
2883 4918 3037 4989 ἡτῶν
3053 4912 3344 4968 Βασιλειῶν
3371 4910 3554 4980 γραφὴ
3580 4911 3636 4960 έν
3661 4906 3876 4975 ὑστέροις

2355 5007 2533 5078 τίθησι
2559 5009 2658 5077 τῆς
2691 5007 2951 5080 ἱστορίας.
2991 5005 3152 5075 Ὁρᾷς
3190 5004 3334 5064 ὅπως
3360 5000 3430 5052 τὰ
3459 5000 3648 5068 πρῶτα
3682 4997 3876 5066 ὕστερα,

2357 5101 2449 5154 καὶ
2479 5101 2549 5154 τὰ
2579 5100 2778 5170 ὕστερα
2808 5099 2996 5170 πρῶτα
3025 5095 3313 5159 τέτακται;
3338 5093 3410 5155 ὡς
3437 5093 3485 5144 εἰ
3513 5091 3653 5144 κατὰ
3680 5090 3875 5144 ἀκολου·

2358 5189 2475 5244 θίαν
2500 5193 2605 5245 τῶν
2632 5193 2834 5263 χρόνων
2865 5191 3088 5252 τέθειτο,
3134 5187 3345 5258 πρῶτος
3385 5186 3450 5238 ἂν
3488 5184 3718 5238 τέτακτο
3743 5187 3768 5236 ὁ
3793 5187 3875 5248 νη’,

2357 5283 2481 5352 ἑξῆς
2515 5282 2683 5352 τούτῳ
2718 5286 2745 5335 ὁ
2769 5283 2868 5350 λγ’,
2903 5280 2995 5333 καὶ¹
3021 5279 3199 5350 τρίτος
3231 5278 3324 5330 καὶ
3349 5277 3484 5347 μετά
3511 5275 3716 5330 τούτων
3740 5277 3764 5325 6
3788 5269 3875 5331 vg'.

2355 5372 2447 5424 καὶ
2470 5373 2674 5434 τούτοις
2705 5372 2958 5440 τέταρτος
2980 5371 3007 5421 6
3027 5376 3127 5432 vu',
3162 5365 3257 5420 εἶτ’
3280 5367 3584 5428 ἀκολούθως
3609 5366 3835 5436 πέμπτος
3857 5359 3877 5406 ό

2355 5463 2452 5528 ξδ’,
2483 5465 2576 5517 καὶ
2611 5465 2764 5526 ἕκτος
2791 5466 2819 5515 6
2843 5469 2941 5530 νγ¹,
2972 5463 3064 5516 καὶ
3100 5462 3234 5532 μετά
3263 5462 3466 5523 πάντας
3485 5459 3721 5520 ,τούτους
3748 5456 3772 5506 6
3802 5456 3873 5504 νε’.

2349 5554 2496 5608 Μετά
2537 5556 2592 5608 δὲ
2631 5556 2720 5608 τὸν
2753 5554 2983 5608 θάνατον
3028 5552 3120 5608 τοῦ
3159 5554 3328 5608 Σαοὺλ
3361 5552 3575 5622 πρῶτον
3610 5549 3787 5611 ψάλλει
3807 5541 3875 5595 τὸν
