3976 6348
655 465 758 518 603

1314 455 1578 510 EUSEBII
1617 455 2091 513 CIESAIUENSIS
2120 455 2268 511 OPP.
2311 454 2486 509 PARS
2526 455 2613 510 ΙΙΙ.
2654 487 2722 495 --
2750 452 3156 511 EXEGETICA.

3752 452 3845 506 604

656 592 764 639 tur.
808 581 897 634 Sic
948 580 1127 647 itaque
1160 577 1449 646 prqphetas
1499 575 1827 644 impietatem
1857 590 2009 628 suam
2037 589 2197 630 coar-

2306 576 2548 645 ποιῆσθαι
2575 573 2679 626 τῶν
2705 574 2946 644 πατρίων
2972 570 3241 641 γραφῶνὴ
3264 569 3366 622 τῶν
3393 570 3680 624 Βασιλειῶν
3713 572 3846 622 ιστο-

652 686 880 743 guentes
912 668 1304 723 interficieltant
1330 686 1343 720 :
1376 653 1680 735 quibus'tle
1708 666 1891 720 causis
1920 666 1973 719 in
2023 666 2198 735 capti-

657 767 871 820 vitatem
904 761 1246 831 Assyriorum
1273 758 1447 826 primo
1473 757 1652 810 traditi
1676 766 1820 811 sunt.
1847 755 1987 810 Nihil
2022 757 2202 826 itaque

657 859 850 912 mirum
887 862 969 908 est
1027 854 1082 906 in
1123 851 1219 904 tali
1252 857 1549 917 temporum
1590 848 1899 903 conditione
1932 848 2200 917 quedam,

654 962 774 1017 qua;
813 947 864 999 in
920 943 1059 997 libro
1103 939 1440 994 Psalmorum
1490 939 1798 1000 exstabant,
1848 938 2003 1006 longo
2034 951 2204 989 anno-

656 1049 774 1084 rum
811 1029 1083 1083 curriculo
1112 1026 1382 1080 oblivione
1418 1024 1724 1088 obliterata,
1769 1025 2056 1079 excidisse.
2091 1023 2202 1077 Sub

660 1109 770 1177 haec
802 1131 979 1175 autem
1016 1120 1129 1172 sive
1161 1116 1381 1179 Esdras,
1414 1117 1530 1171 sive
1563 1117 1835 1185 quispiam
1891 1118 2029 1170 alius
2078 1133 2205 1186 pro-

660 1215 941 1284 phetarum
995 1209 1141 1278 ipsos
1195 1198 1484 1278 colligendi
1529 1222 1715 1259 curam
1749 1207 2008 1276 suscepit,
2043 1215 2205 1276 atque

659 1318 766 1358 una
793 1313 916 1357 c'um
950 1300 1068 1353 aliis
1125 1299 1320 1352 librum
1375 1311 1590 1373 quoque
1624 1294 1961 1356 Psalmorum
2016 1312 2206 1351 conse-

657 1394 829 1448 cravit
858 1390 873 1445 ξ
904 1404 1077 1457 neque
1104 1384 1390 1443 confertim
1419 1400 1607 1439 omnes
1637 1389 1856 1455 reperit,
1894 1387 1988 1442 sed
2025 1387 2206 1441 diver—

661 1485 739 1539 sis
765 1480 1127 1550 temporibus.
1151 1476 1208 1530 In
1246 1477 1434 1546 primis
1480 1483 1658 1530 autem
1708 1478 1902 1530 locavit
1950 1493 2066 1540 eos,
2112 1479 2203 1548 qui

661 1574 820 1645 primi
857 1571 1057 1624 inventi
1088 1568 1300 1623 fuerant
1333 1587 1345 1621 :
1381 1568 1615 1635 hincque
1645 1566 1866 1631 factum,
1912 1575 1972 1621 ut
2025 1569 2060 1620 ii
2111 1569 2203 1637 qui

662 1664 877 1718 Davidis
902 1670 1046 1724 sunt,
1074 1675 1179 1714 non
1207 1667 1598 1728 consequenter
1627 1673 1815 1713 omnes
1842 1660 2085 1727 iaceant;
2111 1660 2204 1713 sed

660 1755 927 1812 commisti
959 1768 1082 1806 cum
1131 1753 1198 1806 iis
1228 1751 1320 1820 qui
1360 1750 1589 1803 filiorum
1621 1749 1777 1812 Core,
1807 1750 2005 1820 Asaph,
2039 1751 2205 1804 Solo-

661 1847 858 1905 monis,
888 1843 1107 1913 Moysis.
1131 1840 1354 1898 Ethan.
1385 1837 1601 1903 Eman,
1636 1853 1958 1907 rursumque
1991 1840 2204 1902 Daridis

2305 667 2392 736 pia.
2418 665 2668 718 διδάσκει·
2696 664 2768 727 ὡς
2802 664 2932 734 μηδὲ
2950 663 3224 733 φαίνεσθαι
3249 662 3424 730 βίϐλον
3455 661 3549 712 τοῦ
3578 662 3842 722 Μωῦσέως

2301 757 2484 826 νόμου,
2528 758 2659 826 μηδὲ
2709 759 2923 826 μνήμην
2973 760 3071 824 τῆς
3116 754 3222 806 τῶν
3277 753 3523 824 πατέρων
3571 753 3842 814 εὐσεϐείας

2303 847 2566 911 σώζεσθαι
2595 847 2721 917 παρ’
2745 847 2942 908 αὐτοῖς.
2975 841 3129 898 Οὕτω
3154 845 3279 912 γοῦν
3301 845 3391 897 καὶ
3416 845 3538 904 τοὺς
3567 845 3844 913 προφήτας

2303 936 2950 1008 ἀνῄρουν-διελέγχοντας
3000 936 3176 989 αὐτῶν
3226 935 3323 996 τὰς
3373 934 3704 995 δυσσεϐείας,
3757 937 3843 983 καὶ

2302 1027 2503 1078 τούτων
2531 1025 2691 1078 ἕνεκα
2728 1027 2786 1078 τὸ
2817 1026 3025 1096 πρῶτον
3055 1028 3121 1095 τῇ
3149 1025 3254 1076 τῶν
3292 1024 3583 1094 Ἀσσυρίων
3618 1023 3844 1093 παρεδόο

2304 1117 2471 1187 θησαν
2511 1117 2868 1186 αἰχμαλωσίᾳ.
2904 1117 3067 1168 Οὐδὲν
3099 1113 3188 1169 οὖν
3215 1105 3518 1184 θαυμαστὸν
3544 1118 3599 1168 ὲν
3628 1114 3846 1184 τοιαύτη

2305 1210 2627 1262 καταστάσει
2661 1209 2885 1281 καιρῶν,
2932 1210 3134 1266 καὶ,τά
3176 1209 3519 1279 ὲμφερόμενα
3564 1210 3629 1276 τῇ
3684 1207 3846 1276 βίϐλῳ

2303 1300 2406 1352 τῶν
2430 1299 2668 1370 Ψαλμῶν
2699 1300 3144 1363 διαπεπτωκέναι,
3167 1301 3301 1371 λήθῃ
3335 1318 3390 1353 τε
3423 1302 3647 1369 μακροῖς
3671 1316 3846 1368 παρα-

2303 1391 2540 1444 δεδόσθαι
2573 1393 2801 1461 χρόνοις.
2835 1393 2986 1444 Μετὰ
3023 1391 3079 1443 δὲ
3111 1391 3281 1446 ταῦτα
3313 1380 3421 1444 εἴτε
3455 1391 3711 1458 Ἔσδραν,
3742 1389 3848 1439 εἴτε

2302 1482 2422 1534 τινὰ
2455 1482 2635 1552 ἕτερον
2668 1479 2977 1558 προφητῶν,
3022 1483 3148 1551 περὶ
3178 1483 3275 1552 τὴν
3320 1481 3634 1550 συναγωγὴν
3672 1479 3850 1533 αὐτῶν

2305 1571 2708 1633 ἐσπουδακέναι,
2743 1570 2878 1640 μετά
2911 1587 2969 1622 τε
3015 1569 3121 1621 τῶν
3163 1569 3360 1622 λοιπῶν
3399 1572 3492 1623 καὶ⁷
3530 1571 3626 1640 τὴν
3674 1569 3855 1638 βίῦλον

2304 1659 2408 1711 τῶν
2426 1659 2666 1728 Ψαλμῶν
2691 1659 3092 1729 συναγηοχέναι,
3117 1660 3216 1710 οὑκ
3239 1658 3447 1729 ἀθρόως
3474 1660 3696 1729 εὑρόντα
3727 1659 3853 1720 τοὺς

2306 1750 2528 1812 πάντας,
2551 1750 2680 1801 ἀλλὰ
2703 1749 2839 1801 κατὰ
2859 1749 3139 1818 διαφόρους
3156 1748 3395 1819 χρόνους.
3417 1749 3858 1804 Κατατάττεινδὶ

2306 1843 2360 1891 ὲν
2376 1839 2604 1910 πρώτοις
2634 1841 2757 1902 τοὺς
2777 1839 3018 1909 πρώτους
3033 1839 3470 1909 εὑρισκομένους
3494 1840 3572 1892 διὸ
3590 1840 3726 1910 μηδὲ
3761 1839 3858 1896 τοῦ

661 1939 717 1991 in
751 1939 888 1989 libro
915 1931 1386 2001 deprehenduntur
1404 1970 1418 1992 ,
1453 1945 1558 1982 non
1583 1930 1792 1983 ratione
1819 1933 2075 1999 temporis
2101 1947 2205 2000 quo

2306 1927 2463 1979 Δαυῒδ
2498 1927 2693 1996 ἑφεξῆς
2727 1927 2929 1980 κεῖσθαι
2959 1928 3082 1990 τοὺς
3119 1928 3340 1990 πάνταςο
3377 1931 3433 1980 ὲν
3459 1928 3514 1980 δὲ
3544 1928 3620 1997 τῷ

661 2023 1017 2097 pronuntiati,
1053 2021 1145 2075 sed
1191 2035 1300 2090 quo
1345 2021 1539 2089 reperti
1579 2030 1726 2074 sunt.
1762 2019 2004 2090 Hincque
2032 2025 2206 2075 conti-

660 2119 757 2187 git,
795 2125 851 2167 ut
880 2115 968 2183 qui
1023 2120 1262 2180 tempore
1309 2112 1636 2180 posteriores
1675 2119 1850 2174 erant,
1892 2112 2017 2179 quia
2049 2112 2204 2179 primi

661 2201 881 2270 reperti,
926 2199 1082 2269 primi
1136 2199 1360 2268 repositi
1417 2199 1561 2264 sint;
1625 2214 1687 2252 ac
1725 2201 1842 2253 vice
1896 2216 2076 2263 versa,
2110 2201 2202 2268 qui

663 2293 821 2362 primi
848 2292 1080 2353 fuerant,
1115 2292 1244 2360 quia
1275 2299 1397 2359 post
1429 2291 1564 2345 alios
1589 2292 1729 2344 eruti
1755 2300 1902 2351 sunt.
1937 2295 2200 2360 posterio-

661 2400 772 2438 rem
821 2384 873 2435 in
923 2383 1098 2436 locum
1136 2383 1246 2436 sint
1289 2381 1593 2435 constituti.
1652 2381 1715 2434 Et
1770 2383 1883 2435 hate
1938 2383 2095 2436 nobis
2142 2382 2208 2435 de

660 2473 956 2542 quaestione
998 2472 1274 2540 prOpOsita
1323 2470 1682 2538 coniectando
1732 2472 1874 2525 dicta
1926 2474 2054 2527 sint.
2088 2471 2231 2536 Jam,

661 2577 871 2633 tempus
921 2569 1024 2624 est,
1065 2570 1123 2615 ut
1173 2565 1237 2616 ad
1289 2561 1434 2617 dicta
1483 2563 1644 2633 hujus
1697 2579 1857 2634 quem
1909 2572 2206 2621 tractamus

665 2655 854 2723 psalmi
881 2653 1220 2708 accedamus.

2306 2021 2396 2072 καὶ
2429 2019 2533 2071 τῶν
2562 2019 2689 2070 υἱῶν
2720 2019 2884 2088 Κορὲ,
2931 2018 3022 2070 καὶ
3065 2018 3159 2071 τοῦ
3205 2019 3393 2087 ’Δσάφ,
3423 2002 3516 2073 καὶ
3546 2019 3860 2090 Σολομῶνος

2305 2113 2397 2165 καὶ
2421 2111 2709 2173 Μωῦσέως,
2734 2110 2896 2177 Αἰθάν
2937 2127 2996 2163 τε
3044 2111 3136 2163 καὶ⁸
3179 2110 3372 2179 Αίμάν,
3424 2111 3518 2165 καὶ
3565 2112 3725 2165 πάλιν
3765 2113 3866 2166 τοῦ

2304 2201 2462 2254 Δαυῒδ
2494 2201 2835 2270 εὑρίσκεσθαι
2864 2202 3062 2272 ἀναμὶξ
3089 2203 3146 2254 ὲν
3169 2204 3232 2271 τῇ
3266 2202 3860 2275 βίδλῳκατατεταγμέ-

2305 2307 2446 2352 νους,
2481 2290 2541 2340 οὑ
2570 2288 2689 2341 καθ’
2722 2287 2815 2351 οὓς
2848 2289 3145 2361 ἐλέχθησαν
3175 2291 3416 2361 χρόνους,
3455 2292 3590 2345 ἀλλά
3616 2293 3741 2345 καθ’
3770 2291 3861 2355 οὓς

2305 2379 2577 2449 εὕρηνται.
2614 2377 2802 2429 Ἔνθεν
2836 2379 3102 2449 συμϐῆναι
3142 2380 3265 2442 τοὺς
3303 2383 3412 2442 τοῖς
3447 2381 3655 2452 χρόνοις
3700 2381 3860 2438 ὑστέ-

2309 2488 2430 2547 ρους
2457 2467 2699 2540 πρώτους
2721 2467 3043 2538 εὑρεθέντας
3075 2469 3444 2541 ἀναληφθῆναι
3468 2470 3737 2547 πρὼτογς,
3769 2472 3862 2524 καὶ

2303 2563 2426 2622 τοὺς
2444 2563 2555 2622 τοῖς
2575 2559 2782 2630 χρόνοις
2809 2561 3120 2634 προτέρους,
3153 2563 3290 2633 μετά
3311 2563 3480 2616 ταῦτα
3504 2563 3862 2633 εὑρημένους,

2301 2649 2358 2704 ἐν
2389 2650 2611 2719 δευτέρα
2641 2650 3007 2720 καταταγῆναι
3034 2651 3206 2723 χώρᾳ.
3237 2653 3418 2706 Ταῦτα
3463 2655 3558 2724 μὲν
3596 2650 3689 2706 οὖν
3729 2656 3862 2723 ἡμῖν

663 2751 741 2812 είς
777 2748 872 2818 τὴν
916 2747 1269 2819 προταθεῖσαν
1312 2748 1535 2820 ζήτησιν
1583 2749 1642 2814 ἐξ
1687 2751 1910 2804 εἰκότων
1949 2748 2202 2821 εἰρήσθω.
2246 2748 2384 2817 Ἤδη
2413 2747 2468 2799 δὲ
2534 2747 2629 2800 καὶ
2667 2746 2774 2800 τῶν
2814 2747 3194 2817 ἐμφερομένων
3242 2746 3299 2799 ὲν
3344 2744 3420 2816 τῷ
3461 2747 3596 2816 μετά
3674 2749 3862 2816 χεῖρας

660 2841 856 2913 ψαλμῷ
883 2840 1187 2910 ἐφάψασθαι
1217 2844 1423 2914 καιρός.

729 2930 864 2983 Cum
928 2930 1041 2999 pari
1095 2937 1254 2997 atque
1303 2931 1484 2985 caeteri
1531 2922 1802 3006 preplteta:
1844 2934 2005 2988 modo
2036 2932 2203 2986 David
2239 2996 2260 3008 ﬂ

662 3029 867 3074 erraret
889 3020 943 3072 in
972 3019 1375 3085 solitudinibus,
1417 3022 1472 3075 in
1507 3024 1805 3087 montibus,
1840 3025 1894 3077 in
1929 3025 2203 3093 speluncis

2376 2922 2727 2994 Πλανώμενος
2755 2922 2914 2975 Δαυῖδ
2949 2923 3147 2993 ὁμοίως
3177 2924 3285 2986 τοῖς
3322 2923 3525 2987 λοιποῖς
3553 2927 3866 2998 προφήταις

2301 3015 2364 3067 ὲν
2397 3016 2648 3086 ἐρημίαις
2679 3015 2772 3068 καὶ
2794 3015 2962 3084 δρεσι,
2994 3014 3084 3067 καὶ
3106 3013 3404 3085 σπηλαίοις,
3425 3016 3521 3068 καὶ
3548 3020 3666 3080 ταῖς
3699 3020 3864 3081 ὀπαῖς

663 3117 718 3164 et
766 3110 822 3164 in
870 3110 1227 3166 foraminibus
1276 3122 1464 3178 terrae,
1523 3119 1853 3171 exercitatus
1909 3117 2204 3180 laboribus,

2306 3105 2402 3175 τῆς
2428 3106 2549 3175 γῆς,
2581 3109 2690 3168 τοῖς
2716 3121 2772 3158 τε
2809 3104 2904 3174 τῆς
2941 3103 3279 3169 ἀνεξικακίας
3305 3105 3485 3167 πόνοις
3519 3107 3864 3176 ἐγγυμναζό-

665 3217 802 3270 quos
832 3201 935 3255 sibi
961 3204 1162 3257 oblivio
1188 3204 1507 3272 iujuriarum
1539 3215 1841 3274 pepererat,
1879 3209 2022 3262 hunc
2064 3223 2203 3277 quo-

666 3308 769 3362 que
800 3289 1060 3361 psalmum
1087 3294 1301 3358 cecinit,
1321 3296 1492 3349 otium
1524 3297 1852 3360 solitudinis,
1883 3298 2076 3353 divinae
2097 3300 2206 3367 piti-

668 3383 924 3450 losophia:
955 3398 1277 3440 consecratis
1309 3405 1321 3439 :
1352 3386 1703 3456 excitansque
1733 3404 1890 3441 suum
1944 3404 2067 3458 erga
2120 3403 2205 3444 res

667 3471 877 3524 divinas
913 3487 1168 3533 antorem,
1197 3474 1482 3528 confitetur
1511 3491 1568 3529 se
1600 3477 2019 3532 immortalitatis
2042 3495 2207 3547 pocu-

669 3561 775 3616 lum
831 3563 1022 3614 sitire:
1056 3578 1224 3630 quare
1281 3562 1347 3615 ad
1409 3560 1574 3619 Deum
1616 3565 1690 3618 ita
1733 3569 1929 3635 clamat
1963 3589 1975 3621 :
2011 3587 2029 3618 ι
2066 3569 2205 3626 Deus

669 3652 809 3706 Deus
839 3666 991 3706 meus
1015 3690 1030 3713 ,
1063 3652 1130 3705 ad
1157 3659 1208 3707 te
1229 3652 1296 3708 de
1327 3654 1444 3710 luce
1473 3657 1652 3726 vigilo.
1686 3655 1865 3711 Sitivit
1904 3659 1998 3713 tibi
2029 3662 2206 3714 anima

669 3755 806 3803 mea,
829 3754 989 3809 quam
1045 3741 1360 3808 simpliciter
1403 3743 1498 3797 tibi
1553 3758 1683 3797 caro
1733 3759 1869 3798 mea.
1905 3733 1925 3796 ι
1962 3743 2067 3798 Pro
2117 3745 2208 3798 illo

669 3839 871 3892 autem,
903 3849 920 3879 ι
953 3844 1112 3898 quam
1143 3830 1458 3900 simpliciter
1489 3833 1585 3886 tibi
1616 3847 1743 3887 caro
1775 3850 1915 3896 mea,
1942 3853 1961 3886 ι
1992 3835 2207 3904 Aquila,

659 3909 694 3972 ἰ
727 3934 966 3989 expansa
995 3926 1079 3974 est
1124 3921 1218 3974 tibi
1269 3935 1398 3975 caro
1424 3937 1563 3988 mea,
1603 3942 1621 3975 ι
1668 3924 2054 3994 interpretatus
2085 3935 2205 3991 est;

671 4006 1032 4079 Symmachus
1062 4023 1209 4072 vero,
1248 4027 1267 4061 ι
1302 4012 1639 4081 concupiscit
1672 4021 1723 4067 te
1746 4028 1873 4069 caro
1898 4029 2014 4067 mea
2039 4032 2053 4080 ;
2083 4032 2101 4064 ι
2137 4016 2208 4068 ita

671 4106 731 4154 ut
757 4113 864 4172 non
898 4098 1011 4153 sola
1040 4090 1253 4154 Davidis
1276 4101 1454 4154 anima
1487 4103 1554 4156 ad
1589 4101 1756 4156 Deum
1779 4103 2173 4173 expanderetur
2191 4146 2204 4169 ,

601 4179 604 4181 Α
672 4186 762 4243 sed
793 4187 908 4255 ipsa
946 4201 1160 4257 quoque
1192 4178 1318 4241 caro
1355 4197 1418 4243 et
1459 4205 1657 4264 corpus
1683 4192 1834 4260 ejus,
1869 4199 2053 4261 utpote
2090 4193 2206 4261 qui,

671 4275 792 4328 cum
821 4275 927 4330 Deo
950 4284 1189 4339 vaearet,
1222 4267 1371 4350 caste
1407 4288 1459 4332 et
1501 4295 1633 4349 pure
1655 4290 1856 4350 ageret.
1886 4280 2020 4336 Illud
2057 4297 2205 4347 vero,

677 4384 694 4422 ι
739 4365 876 4421 Dens
909 4367 1047 4422 Deus
1079 4348 1252 4428 meus.
1285 4370 1352 4424 ad
1381 4377 1436 4425 te
1467 4348 1533 4424 de
1565 4348 1908 4440 lucevvgilo,
1934 4393 1952 4424 ι
1985 4386 2206 4428 noctur-

2310 3213 2487 3266 μενος,
2517 3196 2609 3248 καὶ
2657 3196 2747 3249 τὸν
2798 3196 2934 3266 μετὰ
2968 3184 3153 3266 χεῖρας
3179 3189 3272 3266 ᾖδε
3313 3194 3543 3266 ψαλμὸν,
3589 3199 3655 3267 τῇ
3722 3198 3864 3252 κατά

2306 3289 2436 3342 Θεὸν
2463 3288 2732 3350 ἀνατιθεὶς
2752 3286 3032 3356 φιλοσοφίᾳ
3057 3285 3152 3356 τὴν
3172 3287 3261 3338 ἐπὶ
3289 3284 3388 3354 τῆς
3410 3287 3618 3356 ἐρήμου·
3637 3288 3861 3358 σχολήνο

2307 3381 2400 3433 καὶ
2433 3379 2521 3432 τὸν
2555 3378 2741 3431 ἑαυτοῦ
2773 3377 2902 3447 περὶ
2938 3376 3008 3430 τὰ
3049 3375 3169 3430 θεῖα
3201 3376 3373 3447 ἔρωτα
3403 3376 3700 3448 διεγείρων,
3733 3381 3864 3451 ὁμο-

2307 3471 2535 3537 λογεῖται
2565 3468 2719 3538 διψῇν
2746 3467 2838 3520 τοῦ
2871 3467 2969 3538 τῆς
3006 3466 3299 3529 ἀθανασίας
3332 3468 3596 3537 πόματος·
3622 3468 3709 3522 διὸ
3739 3470 3866 3524 ἑσὸα

2309 3561 2442 3630 πρὸς
2486 3561 2572 3613 τὸν
2596 3559 2725 3612 Θεὸν
2752 3558 2920 3626 λέγων
2941 3573 2954 3584 ·
2986 3575 3003 3608 ι
3042 3558 3098 3610 Ὁ
3124 3556 3254 3619 Θεὸς
3284 3559 3312 3610 ό
3340 3557 3469 3620 Θεός
3494 3575 3612 3628 μου,
3641 3560 3791 3630 πρὸς
3810 3561 3868 3614 σι

2305 3650 2557 3722 ὀρθρίζω.
2603 3639 2848 3719 Ἐδίψηᾶέ
2881 3665 2961 3701 σοι
2998 3650 3031 3718 ὴ
3074 3647 3219 3719 ψυχή
3256 3666 3376 3718 μου,
3413 3649 3527 3712 πῶς
3557 3649 3754 3715 ἁπλῶς
3787 3668 3870 3704 σοι

2308 3746 2340 3810 ή
2370 3741 2503 3813 σάρξ
2538 3757 2659 3812 μου.
2693 3760 2710 3792 ›
2753 3741 2894 3792 Ἀντὶ
2925 3740 2982 3793 δὲ
3013 3739 3128 3804 τοῦ,
3159 3757 3177 3789 ι
3205 3741 3320 3804 πῶς
3345 3739 3525 3804 ἁπλῶς
3559 3757 3635 3794 σοι
3656 3746 3697 3812 ἡ
3731 3743 3864 3818 σάρξ

2311 3850 2427 3902 μου,
2468 3852 2486 3883 ι
2511 3833 2539 3883 ὁ
2574 3833 2669 3901 μὲν
2705 3829 2950 3894 Ἀκύλας,
2989 3849 3008 3880 ι
3051 3830 3282 3900 ἐπετάθη
3316 3846 3394 3883 σοι
3424 3832 3456 3899 ἡ
3496 3830 3626 3902 σάρξ
3675 3849 3812 3902 μου,
3841 3853 3867 3888 ι

2308 3924 2673 3994 ἡρμήνευσεν·
2708 3923 2737 3974 ὁ
2772 3920 2827 3973 δὲ
2855 3919 3163 3990 Σύμμαχος,
3194 3938 3212 3969 ι
3247 3906 3531 3992 ’ἱμείρεται
3565 3938 3620 3974 σε
3655 3924 3694 3992 ὴ
3730 3923 3863 3994 σάρξ

2313 4029 2442 4082 μου·
2482 4032 2502 4065 ι
2537 4013 2675 4065 ὥστε
2723 4012 2820 4082 οὐχ
2873 4012 2906 4082 ή
2947 4011 3091 4081 ψυχὴ
3131 4010 3262 4081 μόνη
3300 4012 3391 4066 τοῦ
3414 4013 3572 4068 Δαυῒδ
3602 4011 3747 4082 πρὸς
3779 4015 3863 4066 τὸν

2305 4103 2433 4155 Θεὸν
2485 4103 2692 4166 τέτατο,
2741 4101 2873 4154 ἀλλά
2926 4100 3020 4152 καὶ
3060 4099 3196 4170 αὑτὴ
3240 4103 3272 4170 ἡ
3325 4103 3459 4174 σὰρξ
3486 4103 3577 4154 κα)⁸
3607 4101 3665 4154 τὸ
3702 4103 3860 4176 σῶμα

2307 4192 2514 4254 αὑτοῦ,-
2536 4191 2852 4259 ἁγνεύοντος
2879 4189 3073 4259 δηλαδὴ
3106 4190 3198 4241 καὶ
3230 4189 3614 4262 καθαρεύυνςος
3661 4189 3766 4245 διὰ
3807 4191 3862 4245 τὸ

2307 4283 2381 4352 τῷ
2425 4281 2541 4352 Θεῷ
2583 4272 2875 4353 σχολάζειν.
2924 4279 3032 4331 Καὶ
3076 4278 3136 4331 τὸ
3189 4279 3362 4347 λέγειν
3391 4281 3466 4342 δὲ,
3506 4297 3524 4330 ι
3566 4278 3624 4348 ὐ
3651 4279 3799 4344 Θεὸς
3835 4282 3862 4332 ό

2306 4373 2436 4435 Θεός
2467 4390 2586 4442 μου,
2616 4371 2749 4442 πρὸς
2802 4371 2862 4422 σὲ
2905 4367 3157 4440 ὀρθρίζω,
3185 4389 3203 4421 ι
3237 4369 3631 4440 παραστατικὸν
3658 4365 3735 4440 ἦν
3771 4372 3860 4440 τῆς

672 4471 753 4519 nte
777 4471 887 4510 sua:
915 4459 1159 4525 puritatis
1191 4467 1566 4530 argumentum
1589 4467 1723 4515 erat.
1762 4460 1930 4516 Nemo
1952 4463 2092 4516 enim
2111 4465 2202 4534 qui

2306 4463 2620 4534 νυκτερινῆς
2667 4459 3049 4541 καθαρότητος.
3109 4459 3292 4522 Οὐδεὶς
3367 4460 3472 4529 γαρ
3530 4459 3584 4510 ὲν
3647 4459 3859 4522 κοίταις

670 4547 725 4617 in
755 4546 1024 4602 cubilibus
1050 4553 1208 4618 atque
1236 4550 1588 4620 impudicitiis
1611 4553 1846 4615 animam
1874 4567 2025 4607 suam
2056 4569 2208 4609 com-

670 4639 1037 4705 maculaverit,
1070 4629 1402 4710 corporaque
1436 4643 1608 4710 turpis
1647 4643 2064 4714 immundusque
2096 4645 2212 4700 fue-

670 4731 761 4793 rit,
808 4729 1010 4783 talibus
1058 4732 1230 4798 possit
1281 4732 1356 4784 uti
1391 4734 1635 4788 vocibus.
1669 4733 1932 4789 Caeterum
1981 4719 2209 4807 magnus

671 4818 758 4882 ille
789 4818 955 4872 David
985 4818 1165 4872 ﬁdenti
1194 4821 1547 4885 conscientia,
1574 4838 1679 4876 non
1703 4824 2018 4894 simpliciter
2043 4824 2210 4879 Deum

672 4909 971 4973 invocabat,
1006 4909 1213 4974 dicens,
1250 4928 1268 4960 ι
1300 4909 1478 4976 Deus;
1515 4930 1532 4960 ι
1567 4916 1659 4966 sed
1689 4913 1771 4968 bis
1787 4929 1907 4968 eum
1927 4915 2083 4984 quasi
2107 4913 2211 4968 sibi

672 5001 944 5064 proprium
988 4997 1210 5051 ascribit
1242 5017 1256 5053 :
1292 5015 1459 5068 quare
1501 4997 1708 5068 adjicit,
1749 5020 1766 5051 ι
1804 5000 1946 5056 Deus
1977 5017 2149 5058 meus.
2187 5019 2206 5051 ι

673 5085 874 5139 Deinde
903 5087 1029 5155 quia
1075 5074 1131 5139 ut
1162 5088 1264 5142 sibi
1314 5091 1588 5159 pr0prium
1643 5089 1807 5144 Deum
1857 5094 2211 5161 pronuntiare

672 5190 837 5240 ausus
883 5188 1018 5243 erat,
1058 5181 1182 5234 talis
1223 5193 1388 5234 ausus
1415 5197 1634 5236 causam
1666 5181 1856 5235 educet
1886 5182 1972 5237 his
2006 5182 2209 5245 verbis,

675 5285 696 5317 ι
734 5266 812 5332 Ad
852 5273 904 5319 te
931 5265 999 5322 de
1068 5271 1186 5324 luce
1231 5270 1411 5340 vigilo.
1451 5271 1631 5326 Sitivit
1678 5271 1774 5324 tibi
1820 5271 1999 5323 anima
2048 5285 2166 5324 mea
2194 5310 2210 5334 ,

672 5371 832 5423 quam
867 5357 1179 5426 simpliciter
1213 5363 1308 5415 tibi
1339 5377 1468 5416 caro
1501 5378 1638 5418 mea.
1670 5381 1690 5414 ι
1721 5359 1853 5413 Nam
1884 5360 2003 5416 ideo
2047 5361 2211 5415 Deum

677 5460 852 5499 meum
879 5449 1214 5526 compellavi,
1240 5445 1366 5522 quia
1395 5453 1542 5506 nullo
1566 5460 1928 5514 terrenarum,
1972 5453 2058 5507 vel
2091 5466 2213 5521 qua

675 5538 846 5594 oculis
874 5541 1182 5605 carnalibus
1205 5544 1594 5614 percipiuntur,
1622 5560 1804 5612 rerum
1846 5543 2116 5599 desiderio
2141 5552 2216 5597 te-

679 5645 826 5684 neor.
862 5631 1316 5697 Quemadmodum
1338 5638 1480 5692 enim
1504 5637 1792 5708 Apostolus
1822 5636 1958 5689 dixit
1984 5655 1996 5689 :
2029 5657 2047 5689 ι
2080 5635 2213 5689 Vivo

677 5730 876 5785 ὐιθίην
904 5724 1013 5791 ἱππ
1044 5741 1148 5780 non
1169 5721 1287 5798 vso“.
1313 5729 1442 5784 vivit
1473 5743 1596 5784 vero
1625 5727 1677 5790 iu
1709 5743 1791 5787 me
1821 5727 2156 5785 Christus";
2189 5746 2206 5767 ι

751 5834 793 5864 ”
829 5832 940 5890 Gal.
978 5854 1035 5903 tt,
1068 5839 1154 5905 20.

2308 4554 2402 4605 καὶ
2451 4540 2759 4618 ἀσελγείαιξ
2817 4547 3059 4618 ρυπάνας
3133 4547 3322 4601 ἑαυτοῦ
3380 4546 3475 4614 τὴν
3535 4544 3737 4613 ψυχὴν,
3775 4547 3860 4598 καὶ

2308 4642 2368 4695 τὸ
2400 4641 2558 4710 σῶμα
2593 4639 2784 4710 μιαρὸς
2829 4638 2903 4690 ῶν
2957 4639 3050 4690 καὶ
3091 4637 3429 4707 ἀκάθαρτος,
3463 4629 3567 4699 οἷός
3595 4635 3640 4714 τ’
3669 4633 3744 4686 ἂν
3780 4636 3857 4705 εἴη

2309 4729 2405 4792 τὰς
2429 4728 2678 4789 τοιαύτας
2707 4727 3020 4796 προσίεσθαι
3047 4725 3245 4794 φωνάς.
3264 4725 3416 4794 Πλὴν
3443 4725 3471 4776 ὁ
3502 4723 3668 4790 μέγας
3694 4724 3864 4783 Auum

2310 4819 2833 4889 πεπαρρησιασμένῃ
2855 4817 3151 4886 συνειδήσει
3171 4818 3266 4884 οὐχ
3289 4813 3468 4876 ἁπλῶς
3487 4815 3572 4866 τὸν
3589 4814 3723 4868 Θεὸν
3743 4819 3858 4871 ἁνε-

2311 4910 2541 4972 καλεῖτο,
2585 4909 2777 4977 λέγων,
2812 4927 2830 4960 ι
2874 4910 2929 4961 '0
2953 4891 3129 4971 Θεός·⁴
3153 4926 3170 4958 ι
3204 4905 3448 4974 δεύτερον
3480 4905 3534 4957 δὲ
3562 4905 3634 4967 ὼς
3662 4906 3855 4958 ἑαυτοῦ

2314 4999 2437 5053 ίδιον
2473 4999 2598 5052 ὅντα
2626 5002 2979 5069 ἐπεγράφετοο
3015 4999 3093 5051 διὸ
3120 4995 3436 5068 προστίθησι
3487 4998 3724 5065 φάσκων·
3753 5019 3776 5050 ι
3808 5000 3856 5051 ’0

2309 5088 2436 5152 Θεός
2463 5107 2583 5159 μου.
2634 5108 2650 5140 ι
2684 5086 2791 5142 Εἶτ’
2820 5089 3108 5157 ἐπειδήπερ
3132 5086 3320 5139 ἑαυτοῦ
3346 5086 3474 5140 Θεὸν
3502 5089 3856 5158 ἀναγορεῦσαι

2311 5179 2468 5232 αὑτὸν
2500 5180 2814 5250 τετόλμηκε,
2843 5179 2941 5247 τῆς
2971 5175 3172 5247 τόλμης
3187 5176 3282 5248 τὴν
3312 5179 3485 5232 αἰτίαν
3499 5179 3734 5231 διδάσκει
3763 5179 3855 5232 λέ-

2310 5289 2438 5338 γων,
2468 5291 2486 5323 ι
2511 5273 2648 5345 Πρὸς
2665 5273 2723 5324 σὲ
2743 5268 2991 5339 όρθρίζω.
3011 5267 3253 5338 Ἐδίψησέ
3277 5285 3354 5323 σοι
3379 5271 3410 5338 η
3434 5267 3574 5340 ψυχή
3599 5285 3722 5338 μου,
3744 5268 3854 5330 πῶς

2311 5363 2492 5426 ἁπλῶς
2524 5381 2603 5416 σοι
2628 5368 2660 5434 ἡ
2691 5362 2824 5431 σάρξ
2881 5377 2999 5429 μου.
3037 5377 3055 5408 ι
3086 5358 3183 5411 Διά
3227 5359 3399 5412 ταῦτα
3436 5360 3540 5430 γὰρ
3582 5359 3707 5412 Θεόν
3758 5375 3851 5430 μου

2311 5455 2624 5523 προσεῖπον,
2666 5450 2957 5519 ἐπειδήπερ
3006 5447 3214 5511 ούδενὸς
3256 5447 3372 5500 τῶν
3420 5447 3690 5516 ἐπιγείων,
3739 5445 3849 5500 ἀλλ’

2310 5543 2429 5596 οὐδὲ
2470 5543 2575 5595 τῶν
2603 5539 2896 5610 ὀφθαλμοῖς
2937 5537 3134 5609 σαρκὸς
3158 5538 3445 5609 ὁρωμένων
3485 5525 3758 5609 περιέλκιι
3792 5554 3841 5607 με

2313 5635 2490 5698 πόθος.
2528 5635 2734 5704 ’Ὠσπερ
2784 5633 2850 5686 ’δὲ
2899 5636 2929 5687 ὁ
2979 5632 3350 5696 Ἀπόστολος,‹
3375 5632 3482 5695 Ζῶ,
3524 5633 3703 5701 φησὶν,
3731 5631 3848 5683 οὐκ-

2313 5726 2389 5779 έτι
2423 5724 2553 5794 ἐγώ·
2594 5725 2657 5794 ζῇ
2697 5723 2754 5777 δὲ
2799 5725 2854 5776 ἐν
2907 5725 3025 5794 ἐμοὶ
3061 5723 3313 5794 Χριστός·
3351 5743 3368 5774 ο
3404 5722 3623 5792 τοιαύτῃ
3656 5718 3847 5791 διανοίᾳ
