3976 6348
109 431 223 492 805

1248 430 1748 487 COMMENTARIA
1776 432 1843 486 ΙΝ
1881 430 2215 486 PSALMOS.

3203 424 3304 480 606

106 542 204 597 καὶ
234 544 397 598 Δαυῒδ
436 546 513 617 τῷ
538 546 653 617 Θεῷ
686 546 835 616 ἔλεγε
857 566 868 578 ·
907 567 925 599 ι
968 550 1107 619 Πρὸς
1138 551 1195 602 σὲ
1228 550 1473 621 ὀρθρίζω.
1522 552 1655 603 Ἐδί-

1759 552 1945 607 eadem
1997 550 2266 605 sententia
2322 547 2486 601 David
2546 547 2652 601 Deo
2704 545 2957 601 dicebat:
3003 565 3017 595 ι
3057 544 3137 598 Ad
3166 552 3215 597 te
3237 544 3300 597 de

103 633 251 702 ψησέ
280 639 412 706 σοιή
444 636 582 708 ψυχή
617 655 734 707 μου.
780 657 797 689 ι
840 638 981 691 Ὠσεὶ
1024 640 1117 692 καὶ
1156 640 1306 711 χώρα
1334 657 1435 703 τις,
1464 642 1535 712 μὴ
1568 659 1658 694 τυ-

102 724 281 792 χοῦσα
330 726 423 779 τοῦ
477 728 737 797 συνήθους
786 728 961 793 ὑετοῦ,
996 730 1151 800 διψῇν
1186 729 1391 797 λέγοιτο
1429 731 1615 785 τούτου
1640 750 1653 761 ο

98 814 193 866 τὸν
226 817 388 869 αὑτὸν
412 817 680 889 δὲτρόπον
702 819 915 890 ἐδίψησε
950 836 1048 882 σοι,
1086 820 1116 891 ἢ
1150 820 1411 891 ἱμείρεται
1444 837 1499 873 σε
1524 821 1656 892 πρὸς

98 907 166 974 τῇ
205 904 350 977 ψυχῇ
398 924 498 977 μω
539 910 629 960 καὶ
659 909 793 979 αὐτὴ
825 912 856 979 ἡ
884 906 1018 979 σάρξ
1048 926 1167 978 μου,
1199 908 1553 963 πολυπλασιον
1582 911 1657 975 ὼς

98 995 334 1063 διψῶσα.
378 997 581 1069 Ὠσπερ
610 998 722 1077 γὰρ
757 1002 1000 1068 φυσικοῖς
1037 999 1211 1067 λόγοις
1237 1000 1332 1071 τὴν
1364 1002 1464 1071 γῆν
1489 1001 1657 1071 αὑτήν

98 1103 285 1156 φαμεν
316 1087 471 1158 διψῇν
524 1088 730 1153 ὓδατος,
759 1089 897 1141 οὕτω
931 1089 1022 1141 καὶ
1056 1091 1086 1159 ὴ
1128 1090 1261 1161 σάρξ
1298 1108 1397 1160 μου
1442 1090 1653 1160 ἐδίψησέ

100 1192 203 1239 σοι,
234 1177 395 1247 φησί·
419 1177 499 1229 διὸ
528 1179 802 1250 ἐπιφέρειθ
838 1196 856 1228 ι
893 1178 979 1232 Ἑν
1107 1182 1295 1251 ἐρήμῳ
1325 1183 1417 1234 καὶ
1447 1181 1651 1252 ἀϐάτῳ,

100 1267 195 1317 καὶ
252 1267 483 1339 ἀνύδρῳ,
527 1287 546 1319 ›
586 1268 618 1338 ἢ
662 1267 800 1321 κατὰ
839 1269 928 1322 τὸν
971 1271 1292 1341 Σύμμαχον·
1328 1290 1345 1321 ι
1388 1272 1471 1335 Ὧς
1500 1274 1555 1325 ὲν
1584 1276 1652 1345 γῇ

94 1357 278 1425 διψάδι
304 1359 397 1411 καὶ
434 1357 642 1411 ὲκλύσει
684 1359 759 1429 μὴ
788 1358 1119 1431 ὑπάρχοντος
1151 1360 1355 1424 ὓδατος.
1393 1360 1655 1415 »Δύναται

94 1448 153 1499 δὲ
190 1450 290 1501 καὶ
320 1448 417 1518 τὴν
440 1448 641 1519 ἔρημον
682 1449 847 1520 αὐτὴν
893 1451 1178 1521 σημαίνειν
1216 1451 1303 1505 διὰ
1341 1451 1569 1516 τούτων,
1599 1453 1656 1505 ὲν

96 1533 130 1611 ᾖ
158 1539 380 1607 φεύγων
410 1539 501 1593 τὸν
532 1540 700 1594 Σαοὺλ
730 1540 827 1604 τὰς
858 1541 1136 1615 διατριϐὰς
1162 1545 1409 1597 ἐποιεῖτο.
1438 1544 1655 1607 Πάντως

96 1627 207 1697 γάρ
245 1644 347 1680 που
392 1629 448 1682 ὲν
478 1629 647 1703 ταύτῃ
676 1630 952 1700 τυγχάνων
978 1634 1071 1686 καὶ
1099 1634 1309 1704 μακρὰν
1339 1634 1653 1704 ἀπῳκισμέ-

96 1718 307 1789 νοςτῆς
338 1717 569 1772 κιϐωτοῦ
613 1718 707 1773 τοῦ
748 1718 882 1774 Θεοῦ
915 1720 1005 1773 καί
1048 1722 1145 1792 τῆς
1194 1720 1286 1774 τοῦ
1324 1722 1657 1792 ἀγιάσματος

99 1806 331 1877 σκηνῆς,
378 1803 509 1883 ὲνῇ
551 1808 649 1873 τὰς
692 1810 832 1863 κατὰ
878 1811 1038 1881 νόμον
1084 1810 1359 1865 ἐποιοῦντο
1385 1810 1653 1881 λατρείας,

1758 644 1879 697 luce
1910 642 2087 713 vigilo.
2132 640 2312 707 Sitivit
2342 641 2434 693 tibi
2471 640 2647 692 anima
2677 652 2811 691 mea.
2838 656 2856 689 ι
2883 635 2995 690 Ceu
3020 650 3146 705 ager
3170 649 3300 687 con-

1757 743 1907 789 sueta
1935 734 2157 789 orbatus
2185 732 2384 802 pluvia,
2413 744 2531 785 eam
2567 730 2715 785 sitire
2753 728 2995 788 dicatur,
3031 726 3111 778 sic
3134 723 3299 777 sitivit

1754 826 1874 886 tibi.
1905 825 1985 879 vel
2010 824 2345 892 concupiscit
2381 831 2453 884 te,
2487 836 2609 875 cum
2646 820 2820 873 anima
2854 832 2990 877 mea,
3021 822 3134 868 tum
3186 814 3298 882 ipsa

1756 932 1884 971 caro
1929 930 2067 979 mea,
2094 929 2253 984 quam
2290 913 2661 982 multipliciter
2694 911 2905 965 sitiens.
2954 906 3106 961 Sicut
3158 906 3294 957 enim

1757 988 1977 1077 physice
2006 1006 2273 1075 loquendo
2309 1011 2507 1057 terram
2534 1000 2937 1055 dicimus‘sitire
2970 1008 3191 1066 aquam,
3226 992 3293 1044 ita

1754 1105 1807 1151 et
1848 1111 1975 1150 caro
2019 1111 2158 1159 mea,
2197 1094 2392 1172 inquit,
2423 1090 2593 1147 sitivit
2620 1091 2717 1144 tibi
2746 1109 2759 1144 :
2788 1104 2953 1160 quare
2982 1085 3161 1145 infert,
3187 1102 3206 1134 ι
3238 1082 3296 1137 In

1755 1194 1897 1239 terra
1926 1186 2163 1249 deserta,
2193 1191 2246 1239 et
2288 1183 2453 1245 invia,
2484 1190 2537 1238 et
2572 1182 2865 1251 iuaquosa;
2909 1199 2927 1232 ι
2964 1180 3076 1233 sive
3103 1191 3298 1232 secun-

1754 1275 1882 1330 dum
1940 1274 2322 1346 Symmachum
2360 1293 2371 1327 :
2411 1292 2429 1324 ι
2470 1273 2639 1339 Quasi
2695 1272 2747 1325 in
2796 1278 2941 1325 terra
3003 1267 3205 1323 sitienti
3243 1273 3298 1321 et

1755 1362 2004 1433 languida
2052 1376 2161 1417 non
2217 1348 2515 1417 exsistente
2548 1375 2706 1431 aqua.
2749 1377 2768 1412 ι
2809 1357 2904 1413 His
2952 1372 3079 1413 vero
3124 1359 3296 1427 ipsam

1754 1454 2098 1510 solitudinem
2147 1455 2452 1524 signiﬁcare
2480 1459 2679 1523 potest,
2710 1452 2766 1505 in
2793 1466 2921 1521 qua,
2957 1447 3169 1515 Saulem
3215 1448 3299 1502 fu.

1753 1544 1925 1615 giens,
1960 1557 2145 1598 moras
2179 1542 2444 1599 trahebat.
2480 1540 2757 1611 Siquidem
2788 1543 2915 1595 dum
2946 1540 3020 1594 ibi
3057 1552 3300 1593 versare-

1754 1644 1862 1700 tur,
1899 1634 1965 1688 ab
1994 1649 2119 1688 arca
2150 1633 2245 1689 Dei
2283 1640 2337 1689 et
2372 1648 2402 1685 a
2432 1632 2781 1688 tabernaculo
2810 1628 3254 1687 sanctiﬁcationis
3281 1666 3297 1690 ,

1755 1726 1810 1780 in
1866 1737 1975 1795 quo
2045 1724 2267 1796 legalem
2329 1724 2535 1778 cultum
2583 1722 3053 1793 exsequebantur,
3109 1719 3300 1789 procul

1756 1826 1995 1874 remotus
2025 1825 2160 1873 erat.
2196 1815 2399 1871 Horum
2453 1816 2543 1871 ille
2594 1821 2939 1885 conSpectum
2989 1812 3297 1882 exoptabat.

96 1898 303 1976 τουτων
336 1899 514 1953 ἐπόθει
551 1901 649 1971 τὴν
693 1900 839 1954 θέαν.
871 1900 1077 1972 Ὥσπερ
1104 1901 1159 1954 δὲ
1186 1902 1257 1971 γῆ
1290 1900 1494 1971 διψῶσα
1532 1900 1653 1954 ὓδα-

1757 1909 2217 1977 Quemadmodum
2246 1917 2425 1963 autem
2454 1916 2597 1963 terra
2632 1908 2821 1962 sitiens
2849 1920 3043 1976 aquam
3075 1904 3296 1974 expetit,

98 2008 185 2054 τος
218 1989 491 2063 ὀρέγεται,
510 1991 669 2053 οὓτω,
705 1991 854 2061 φησὶ,
890 1992 980 2043 ιιαὶ
1011 1993 1043 2061 ή
1071 1992 1175 2061 ἐμὴ
1196 1990 1338 2062 ψυχὴ
1368 1991 1434 2044 τὰ
1466 1992 1548 2044 σο).
1578 1991 1653 2060 τῷ

97 2081 215 2152 Θεῷ
242 2082 448 2155 ἀρεστὰ
472 2082 564 2135 καὶ
583 2082 711 2151 φίλα
732 2081 889 2150 διψεῖ·
922 2082 997 2146 ὡς
1024 2082 1288 2135 ἐκλείπειν
1324 2084 1414 2136 καὶ
1431 2084 1655 2153 ἐκτήκε-

98 2173 245 2238 σθαι,
279 2173 429 2244 εἰ³μὴ
464 2171 753 2243 μεταλάϐοι
779 2174 876 2245 τῆς
906 2173 1055 2245 παρὰ
1096 2173 1177 2227 σοὶ
1207 2174 1410 2245 *πη-γῆς’
1439 2176 1564 2245 περὶ
1588 2169 1655 2245 ἦς

98 2262 347 2334 εἴρηται.
386 2281 405 2314 ι
447 2264 567 2315 Ὀτι
609 2262 759 2335 παρὰ
812 2264 895 2316 σοὶ
937 2264 1085 2334 πηγὴ
1116 2264 1279 2333 ζωῆς.
1316 2265 1405 2319 Διὸ
1439 2265 1655 2336 ἐδίψησε

102 2371 181 2408 σοι
210 2358 246 2425 ἠ
293 2355 437 2427 ψυχή
468 2373 589 2427 μου.
624 2375 643 2408 ι
691 2342 937 2427 Ἐδίψησε
975 2355 1031 2408 δὲ
1062 2356 1197 2419 πῶς,
1237 2356 1524 2428 ἑρμηνεύει
1566 2356 1655 2408 λέσ-

100 2461 214 2512 γων
261 2443 424 2516 ἑξῆς·
458 2464 478 2497 ι
516 2446 700 2511 Οὕτως
728 2448 785 2499 ὲν
824 2446 901 2518 τῷ
939 2445 1304 2517 ἀγίῳῶφθην
1331 2464 1434 2512 σοι,
1470 2466 1489 2499 ι
1526 2448 1656 2501 ὡσεὶ

101 2539 253 2608 ελεγι
286 2537 472 2592 τοῦτο·
512 2537 788 2611 Ἑδίψησεν
832 2542 865 2611 ἡ
904 2540 1045 2611 ψυχή
1079 2557 1178 2610 μου
1211 2540 1271 2593 τὸ
1312 2540 1537 2612 ὀφθῆναί
1576 2558 1656 2597 σοι

101 2632 158 2684 ἑν
182 2629 264 2701 τῷ
289 2629 369 2701 σῷ
391 2630 707 2701 ἁγιάσματι,
735 2649 754 2681 ι
790 2630 881 2703 τοῦ
919 2630 1042 2683 [δεῖν
1070 2631 1166 2701 τὴν
1188 2632 1414 2703 δύναμίν
1441 2649 1531 2685 σου
1565 2634 1658 2685 καὶ

100 2724 197 2795 τὴν
252 2722 412 2787 δόξαν
458 2738 570 2774 σου.
624 2741 642 2773 ι
693 2721 940 2775 Τοιοῦτον
973 2721 1029 2774 δέ
1054 2722 1183 2789 εὲστι
1224 2724 1317 2777 καὶ
1344 2724 1402 2775 τὸ
1425 2724 1511 2776 διὰ
1550 2722 1657 2777 τῶν

100 2811 408 2888 ἔμπροσθεν
435 2811 747 2883 εἰρημένον·
782 2829 801 2862 ι
843 2809 1118 2881 Ἐδίψησεν
1146 2814 1178 2883 ὴ
1214 2811 1357 2882 ψυχή
1389 2829 1488 2882 μου
1522 2813 1655 2883 πρὸς
1696 2864 1704 2871 ,

102 2907 190 2962 τὸν
208 2903 344 2989 Θεὸν
367 2902 455 2956 τὸν
489 2904 701 2975 ἰσχυρὸν
728 2903 818 2957 τὸν
851 2902 1047 2968 ζῶντα,
1078 2904 1205 2956 πότε
1227 2904 1339 2974 ἥξω
1372 2904 1464 2957 καὶ
1490 2905 1655 2976 ὀφθή-

102 3011 267 3064 σομαι
314 2992 391 3065 τῷ
435 2992 708 3064 προσώπῳ
754 2993 859 3047 τοῦ·
892 2994 1045 3049 Θεοῦ.
1084 3014 1102 3046 ι
1135 2994 1423 3064 Γενόμενος
1460 2995 1568 3063 γὰρ
1598 2997 1653 3048 ὲν

102 3083 175 3153 τῷ
224 3083 368 3153 ἁγίῳ
422 3098 538 3147 σου,
581 3085 709 3155 περὶ
762 3075 823 3136 οὗ
873 3084 1083 3154 εἴρηται
1113 3086 1169 3136 ἐν
1196 3084 1384 3154 ἑτέρῳ,
1415 3102 1433 3134 ι
1478 3084 1657 3151 Ἀπαξ

1754 2002 1835 2055 sic
1869 2001 2045 2054 anima
2075 2013 2214 2063 mea,
2250 1999 2346 2063 ait,
2380 2013 2499 2068 quae
2527 1997 2621 2051 tibi
2656 1997 2851 2067 placita
2874 2003 2927 2049 et
2959 1995 3154 2049 dilecta
3175 2002 3301 2047 sunt

1754 2090 2031 2146 sitibunda
2064 2089 2438 2165 concupiscit;
2473 2091 2545 2141 ita
2574 2095 2634 2142 ut
2677 2090 2723 2143 si
2760 2087 2906 2141 illius
2929 2085 3020 2155 qui
3054 2099 3221 2155 penes
3248 2092 3301 2137 te

1753 2192 1834 2237 est
1862 2181 2028 2236 fontis
2066 2181 2335 2250 particeps
2362 2194 2469 2233 non
2508 2178 2688 2239 ﬁxerit.
2710 2177 2923 2231 deﬁciat
2960 2182 3014 2230 et
3054 2174 3303 2231 contabe-

1754 2281 1897 2335 scat;
1936 2273 2002 2325 de
2038 2287 2147 2341 quo
2192 2269 2339 2324 fonte
2396 2268 2598 2323 dictum
2633 2280 2716 2323 est
2746 2286 2761 2323 :
2797 2285 2815 2317 ι
2852 2265 3116 2331 Quoniam
3158 2265 3306 2336 apud

1754 2371 1807 2418 te
1852 2373 1936 2418 est
1994 2360 2118 2416 fons
2162 2360 2284 2415 vita:
2303 2360 2371 2415 ".
2414 2379 2431 2411 ι
2466 2352 2644 2425 Quare
2699 2375 2717 2408 ι
2747 2356 2917 2417 sitivit
2972 2357 3072 2411 tibi
3121 2357 3308 2410 anima

1754 2469 1893 2510 mea.
1932 2472 1949 2503 ι
1988 2452 2107 2518 Quo
2142 2459 2302 2522 pacto
2333 2452 2502 2517 sitiat,
2526 2465 2651 2504 mox
2682 2449 2894 2519 aperit:
2934 2466 2951 2499 ι
2985 2445 3074 2502 Sic
3097 2448 3151 2500 in
3182 2460 3314 2500 sane.

1754 2552 1843 2599 cto
1899 2545 2126 2614 apparui
2168 2543 2288 2607 tibi,
2322 2562 2342 2596 ι
2388 2557 2452 2597 ac
2501 2543 2549 2598 si
2600 2540 2847 2596 diceret:
2885 2539 3065 2595 Sitivit
3120 2539 3311 2601 anima,

1754 2648 1870 2688 mea
1924 2640 2199 2703 aspectum
2252 2640 2406 2687 tuum
2456 2632 2513 2687 in
2562 2630 2873 2687 sanctuario
2924 2637 3039 2692 tuo,
3080 2647 3098 2679 ι
3138 2636 3197 2681 ut
3221 2628 3309 2681 νίε

1753 2725 1904 2779 deam
1934 2727 2182 2779 virtutem
2212 2731 2361 2777 tuam
2383 2730 2437 2777 et
2455 2722 2679 2792 gloriam
2714 2729 2881 2774 tuam.
2917 2739 2936 2772 ι
2976 2719 3161 2773 Simile
3177 2719 3313 2774 huic
3406 2770 3413 2777 .

1753 2823 1837 2869 est
1858 2816 1989 2868 illud
2016 2814 2269 2885 superius
2301 2812 2508 2867 dictum
2537 2830 2550 2865 :
2579 2828 2597 2861 ι
2631 2809 2815 2863 Sitivit
2837 2809 3017 2863 anima
3067 2824 3183 2864 mea
3233 2808 3303 2862 ad

1755 2903 1920 2959 Deum
1964 2903 2156 2959 fortem
2196 2904 2402 2969 vivum,
2435 2900 2653 2972 quando
2685 2902 2897 2955 veniam
2940 2908 2995 2953 et
3031 2899 3302 2969 apparebo

1754 3005 1881 3052 ante
1935 2989 2132 3050 faciem
2184 2994 2361 3050 Dei”.
2400 3013 2418 3046 ι
2458 2991 2517 3047 In
2548 3002 2738 3050 sancto
2791 2993 2990 3063 quippe
3044 2998 3139 3045 tuo
3171 2983 3314 3048 con-.

1756 3090 1996 3151 stitutus,
2023 3086 2089 3142 de
2121 3100 2229 3156 quo
2275 3086 2330 3141 in
2381 3086 2487 3141 alio
2516 3085 2726 3156 psalmo
2753 3084 2955 3138 dictum
2981 3088 3102 3137 est:
3140 3098 3159 3131 ι
3206 3079 3305 3134 Se-

103 3176 288 3247 ῶμοσα
319 3177 378 3229 ὲν
408 3175 483 3247 τῷ
508 3174 655 3247 ἁγίῳ
673 3192 794 3247 μου,
836 3194 855 3227 ι
888 3175 1098 3245 πρῶτον
1126 3175 1223 3245 μὲν
1254 3174 1411 3237 αὐτὸς
1429 3174 1657 3246 ὀφθήσο-

1757 3182 1861 3233 mel
1893 3178 2071 3246 juravi
2094 3178 2148 3230 in
2177 3182 2371 3242 sancto
2405 3190 2525 3230 meo
2547 3175 2617 3238 ⁸³,
2650 3194 2667 3227 ι
2693 3174 2867 3245 primo
2890 3172 3158 3243 apparebo
3181 3171 3314 3242 tibi,

105 3268 199 3337 μαι
222 3284 328 3333 σοι,
350 3266 865 3339 δοκιμασθησόμενος
899 3269 945 3320 εί
972 3267 1116 3349 ἄξιος
1138 3266 1252 3338 εἵην
1273 3266 1371 3338 τῆς
1390 3266 1487 3335 σῆς
1509 3266 1653 3330 θέας.

1758 3278 1815 3325 ιι
1840 3270 2099 3340 probetur
2127 3284 2256 3323 num
2286 3268 2485 3338 dignus
2506 3276 2801 3335 conspectu
2836 3273 2929 3319 tuo
2948 3264 3071 3319 sim.
3104 3262 3315 3345 Deinde.

106 3354 233 3412 Εἶτα
269 3358 420 3429 ἄξιος
459 3357 662 3431 ὀφθεὶς,
695 3358 893 3428 ὂψομαι
923 3348 1027 3427 τὴν
1048 3357 1272 3427 δύναμίν
1299 3372 1393 3410 σου
1436 3358 1527 3409 καὶ
1560 3356 1656 3427 τὴν

1757 3375 1878 3414 cum
1923 3361 2119 3429 dignus
2159 3357 2484 3427 comperiar,
2514 3355 2707 3410 videbo
2763 3354 3017 3408 virtutem
3073 3342 3220 3407 tuam
3250 3358 3307 3409 et

104 3448 257 3514 δόξαν
284 3464 410 3521 σου·
440 3442 514 3500 ὧν
542 3447 797 3501 ἀδύνατόν
827 3448 971 3499 ἔστιν
1004 3448 1084 3509 είς
1109 3446 1339 3517 θεωρίαν
1362 3446 1553 3511 ἐλθεῖν,
1580 3448 1655 3517 μὴ

1758 3447 1983 3518 gloriam
2044 3453 2193 3500 tuam
2227 3464 2240 3498 :
2274 3446 2341 3498 ad
2395 3458 2624 3513 quarum
2686 3449 3035 3511 conspectum
3094 3439 3305 3495 admitti

104 3538 218 3607 οὐχὶ
272 3536 538 3607 πρότερον
584 3538 641 3589 ἑν
680 3534 757 3606 τῷ
798 3535 936 3605 ἁγίῳ
980 3535 1287 3613 γενόμενον,
1320 3538 1413 3588 καὶ
1446 3536 1655 3606 πρῶτον

1757 3553 1913 3593 nemo
1952 3544 2149 3609 potest,
2177 3536 2309 3606 quin
2343 3534 2496 3606 prius
2544 3534 2599 3589 in
2630 3540 2820 3590 sancto
2836 3534 2932 3600 sit,
2953 3547 3014 3587 ac
3037 3533 3188 3603 prius
3221 3531 3305 3585 di-

105 3626 334 3696 ὀφθέντα
357 3626 509 3692 ἄξιον
522 3625 628 3679 τῶν
657 3624 750 3679 τοῦ
768 3624 902 3679 Θεοῦ
928 3624 1166 3693 ἀγαθῶν.
1188 3625 1343 3689 Μετὰ
1361 3626 1467 3696 γὰρ
1489 3627 1658 3679 ταῦτα

104 3718 291 3789 ὄψεταί
329 3735 431 3782 τις,
463 3717 541 3781 ὡς
577 3716 643 3772 ἂν
675 3716 772 3789 ήδη
802 3715 1271 3788 δεδοκιμασμένος,
1300 3717 1397 3787 τὴν
1435 3715 1657 3786 δύναμιν

105 3810 195 3863 τοῦ
224 3808 362 3863 Θεοῦ
388 3808 481 3863 καὶ
505 3807 603 3880 τὴν
627 3807 783 3873 δόξαν
809 3807 991 3877 αὐτοῦ.
1013 3810 1122 3862 Καὶ
1150 3808 1296 3872 τέλος
1311 3807 1417 3861 τῶν
1439 3805 1657 3876 ἀγαθῶν

107 3900 244 3955 τοῦτ’
278 3901 347 3956 ἂν
369 3900 452 3972 εῐη
480 3901 540 3953 τὸ
565 3901 622 3953 ὲν
649 3899 850 3973 θεωρίᾳ
873 3899 1073 3954 τούτων
1096 3899 1372 3969 γενέσθαι-
1399 3899 1479 3952 διὸ
1515 3898 1658 3951 λέλε-

108 4007 227 4047 κται
246 4010 259 4023 ·
289 3992 618 4063 ῃΜακάριοι
642 3992 691 4044 oi
714 3982 1256 4063 καθαροὶτῇκαρδίᾳ,
1286 3992 1366 4044 ὅτι
1395 3991 1545 4043 αὐτοὶ
1568 3989 1658 4041 τὸν

108 4081 236 4140 Θεὸν
298 4082 538 4152 ϐψονται.
598 4099 619 4133 ο
658 4079 827 4133 Τοῦτο
863 4076 955 4133 οὖν
998 4080 1245 4150 ὲδίψησεν
1293 4084 1325 4150 ὴ
1375 4080 1519 4150 ψυχὴ
1563 4079 1656 4132 τοῦ

110 4172 299 4227 Δαυῖδο
332 4172 413 4227 διὸ
452 4172 653 4241 ἔλεγεν⁸
687 4188 707 4222 ι
751 4171 808 4224 '0
849 4170 979 4234 Θεὸς
1032 4171 1059 4223 5
1105 4169 1233 4234 Θεός
1278 4186 1398 4242 μου,
1421 4172 1553 4240 πρὸς
1598 4170 1657 4223 σὲ

113 4261 360 4336 omam-
400 4261 650 4335 ἐδεψησέ
693 4277 773 4314 σοι
799 4261 833 4331 ἡ
865 4260 1005 4331 ψυχή
1035 4276 1157 4331 μου.
1190 4280 1209 4312 ι

183 4395 204 4431 ‹
232 4378 353 4431 ὀτι
386 4380 635 4448 κρεῖσσον
657 4375 718 4428 τὸ
751 4373 895 4437 ἔλεός
933 4389 1024 4427 σου
1059 4374 1196 4446 ὑπὲρ
1218 4370 1380 4439 ζωὰς,
1408 4380 1476 4428 τὰ
1508 4375 1655 4449 χείλη

117 4476 227 4541 μουί
252 4470 594 4525 ιτοαινέσουσί
619 4487 697 4526 σε.
741 4488 760 4521 ι
803 4469 862 4538 Ὀ
893 4467 991 4540 τὴν
1016 4467 1287 4537 φύσιν-τοῦ
1311 4466 1503 4540 θνητοῦ
1543 4468 1656 4538 βίου

1754 3632 1897 3685 vinis
1951 3630 2108 3686 bonis
2158 3630 2356 3700 dignus
2398 3639 2675 3700 appareat.
2708 3626 2901 3683 Postea
2930 3626 3073 3681 enim
3104 3624 3303 3697 quivis,

1757 3720 2064 3790 utpotejam
2088 3719 2367 3789 probatus,
2390 3718 2641 3773 virtutem
2662 3714 3066 3787 etglorlam‘Dci
3084 3715 3303 3769 videbit.

1757 3810 1916 3883 Isque
1962 3812 2086 3866 ﬁnis
2116 3812 2383 3867 bonorum
2424 3810 2607 3875 fuerit,
2647 3808 2713 3863 ad
2739 3823 2925 3863 eorum
2974 3807 3307 3876 contempla-

1758 3902 1959 3956 tionem
1978 3900 2226 3957 admitti:
2254 3888 2423 3970 quare
2463 3898 2667 3953 dictum
2696 3905 2823 3952 est:
2859 3915 2878 3947 ι
2914 3895 3064 3951 Beati
3100 3895 3306 3952 mundo
3382 3940 3389 3947 .

1758 3993 1945 4057 corde,
1984 3993 2239 4063 quoniam
2283 3990 2387 4061 ipsi
2423 3989 2589 4045 Deum
2616 3987 2953 4044 videbunt“.
2985 4008 3004 4041 ι
3041 3987 3153 4045 Hoc
3198 3990 3305 4042 ita-

1758 4098 1863 4152 que
1890 4082 2107 4137 sitiebat
2131 4080 2351 4136 Davidis
2389 4079 2569 4134 anima
2602 4098 2616 4133 :
2649 4093 2819 4149 quare
2848 4079 3078 4141 dicebar,
3107 4098 3125 4131 ι
3164 4076 3305 4134 Deus
3332 4144 3335 4147 Α

1758 4171 1900 4228 Deus
1935 4186 2107 4235 meus,
2133 4169 2201 4225 ad
2226 4179 2277 4225 te
2306 4169 2375 4226 de
2405 4169 2528 4225 luce
2557 4168 2741 4238 vigilo.
2778 4165 2962 4222 Sitivit
2990 4168 3087 4222 tibi
3126 4166 3308 4219 anima

1758 4277 1894 4317 mea.
1936 4280 1956 4313 ι
1969 4288 1987 4332 ι

1830 4376 1991 4433 Vens.
2045 4377 2163 4433 4-6.
2210 4393 2228 4429 ι
2262 4375 2528 4443 Quoniam
2573 4374 2763 4431 melior
2815 4378 2898 4429 est
2937 4367 3307 4425 misericordia

1761 4480 1851 4528 tua
1897 4486 2060 4541 super
2090 4469 2277 4536 :vitas,
2312 4469 2452 4524 labia
2502 4483 2620 4523 mea
2672 4463 2966 4520 laudabunt
3014 4470 3087 4516 te.
3128 4479 3147 4512 ι
3202 4457 3307 4524 Qui

114 4563 464 4633 κατανοήσας,
500 4564 595 4616 καὶ
634 4562 732 4632 τὴν
759 4559 1086 4632 πρόσκαιρον
1118 4558 1260 4633 ζωὴν
1290 4561 1406 4633 ὅση
1430 4561 1511 4623 τίς
1544 4562 1657 4613 ἐστι

1766 4564 2008 4619 mortalis
2040 4562 2164 4617 vita:
2209 4568 2466 4615 naturam
2499 4555 2893 4619 consideravit,
2922 4559 2975 4607 et
3022 4567 3141 4623 quae
3172 4564 3309 4621 qua-

116 4654 201 4706 καὶ
246 4652 406 4706 ὁτωία
454 4653 750 4725 ἐξητακὼς,
783 4652 1176 4723 ἀποστρέφεται
1225 4650 1322 4722 μὲν
1382 4651 1550 4704 ταῦτα
1582 4652 1658 4715 ὼς

120 4743 283 4813 μικρὰ
309 4744 403 4795 καὶ
422 4744 629 4808 οὐδενὸς
654 4744 809 4812 λόγου
841 4740 964 4808 ἀξια
981 4758 995 4773 ο
1025 4742 1142 4806 ὅλος
1164 4742 1221 4796 δὲ
1244 4743 1341 4812 τῆς
1365 4742 1477 4797 ἄνω
1504 4741 1655 4795 ἐλπί-

117 4832 193 4894 δἰς
235 4832 540 4914 γενόμενος,
588 4833 799 4904 ἐκείνης
843 4833 1023 4903 τυχεῖν
1075 4831 1313 4903 εὔχεται,
1341 4832 1475 4903 ἐλέῳ
1519 4830 1652 4884 Θεοῦ

118 4920 534 4993 χορηγουμένης.
579 4924 656 4977 Οὐ
686 4924 794 5001 γὰρ
938 4921 1075 4975 κατὰ
1100 4921 1355 4993 ηόφειλὴν,
1386 4922 1503 4975 οὐδὲ
1538 4922 1653 4973 κατ’

122 5010 265 5075 ἀξίαν
281 5012 380 5082 τῆς
407 5012 599 5071 ἑαυτοῦ
617 5014 955 5084 δικαιοσύνης
982 5011 1229 5077 τεύξεταί
1261 5029 1344 5076 τις
1367 5013 1474 5065 τῶν
1495 5013 1658 5063 ἐπου-

126 5101 341 5172 ρανίων.
373 5102 568 5174 Διόπερ
596 5094 828 5175 ἀλλαχοῦ
858 5122 959 5160 που
993 5103 1233 5176 εἴρηται·
1276 5120 1295 5153 ι
1327 5102 1392 5155 Τί
1415 5102 1523 5173 γάρ
1569 5118 1658 5171 μοι

125 5192 346 5265 ὑπάρχει
390 5193 446 5245 ὲν
470 5192 550 5264 τῷ
581 5194 827 5264 οὐρανῷ;
869 5213 889 5247 ι
924 5195 984 5248 τὸ
1009 5195 1069 5251 δὲ
1103 5194 1209 5247 πᾶν
1238 5191 1371 5262 ἐλέῳ
1403 5192 1535 5245 Θεοῦ
1568 5190 1660 5246 καὶ

127 5280 487 5354 φιλανθρωπίᾳ
513 5284 779 5353 δωρεῖται,
816 5288 927 5349 τοῖς
949 5285 1153 5357 σμικρὰ
1184 5281 1563 5356 κατωρθωκόσι
1592 5282 1660 5335 τὰ

131 5372 327 5444 μεγάλα
356 5366 726 5443 χαριζομένου.
760 5374 823 5428 Ὃ
856 5374 919 5446 δὴ
952 5375 1205 5446 σημαίνει
1242 5376 1271 5427 ὀ
1297 5371 1482 5443 παρὼν
1508 5370 1661 5439 λόγος

131 5466 368 5533 φάσκωνι
409 5482 433 5516 ε
468 5466 585 5518 Ὅτι
610 5467 856 5536 κρεῖσσον
888 5464 948 5517 τὸ
972 5464 1117 5527 ἔλεός
1150 5460 1242 5517 σου
1272 5463 1411 5533 ὑπὲρ
1443 5461 1601 5525 ζωᾶς.
1634 5464 1657 5511 ›’

134 5553 237 5621 ων
274 5555 383 5629 γὰρ
418 5554 703 5627 μακρόϐιος
740 5555 833 5609 καὶ
877 5553 1258 5625 μακροχρόνιος
1292 5555 1383 5606 ἐπὶ
1419 5550 1511 5605 τοῦ
1556 5565 1660 5602 πα-

1272 5744 1305 5769 4

1765 4653 1898 4710 lisve
1944 4660 2290 4721 temporanea
2330 4649 2440 4702 vita
2496 4646 2588 4711 sit,
2621 4643 2940 4715 exploravit,
2966 4641 3081 4697 haec
3124 4648 3308 4701 utpote

1763 4750 2007 4814 parva'et
2030 4741 2231 4795 nullius
2254 4736 2411 4809 pretii
2440 4740 2723 4791 aversatur
2746 4751 2761 4801 ;
2797 4734 2890 4789 sed
2916 4744 3164 4803 supernae
3190 4730 3305 4798 spei

1762 4850 1881 4891 sese
1912 4842 2083 4887 totum
2121 4830 2398 4899 applicans
2423 4842 2542 4892 eam
2588 4825 2957 4882 misericordia
2991 4823 3085 4879 Dei
3113 4835 3307 4877 conse-

1761 4929 1852 4997 qui
1875 4930 2113 4995 exoptat.
2146 4922 2330 4992 Neque
2352 4921 2496 4976 enim
2528 4921 2795 4992 quispiam
2823 4936 2889 4974 ex
2913 4919 3093 4974 debito
3118 4923 3211 4971 aut
3239 4931 3305 4968 ex

1758 5016 1983 5085 iustitiae
2028 5027 2141 5068 sua:
2184 5012 2377 5067 merito
2425 5012 2667 5067 coelestia
2712 5008 3062 5079 adipiscetur.
3106 5006 3331 5073 Quam;

1764 5108 1952 5170 obrem
2008 5104 2133 5157 alibi
2181 5103 2379 5173 dicitur
2417 5122 2430 5158 :
2468 5094 2667 5167 (Quid
2729 5102 2872 5155 enim
2927 5098 3057 5154 mihi
3113 5104 3197 5152 est
3254 5098 3306 5151 in

1764 5195 1989 5250 cmlo”?
2027 5212 2048 5244 ι
2083 5191 2188 5247 Sed
2223 5200 2395 5248 totum
2422 5190 2517 5264 Dei
2548 5180 2919 5244 misericordia
2960 5195 3013 5242 et
3060 5186 3310 5241 humani-

1770 5294 1880 5342 tate
1908 5286 2087 5346 datur,
2119 5283 2211 5353 qui
2243 5283 2453 5337 modica
2512 5280 2892 5351 praestantibus
2926 5290 3119 5347 magna
3168 5279 3311 5333 elar-

1764 5377 1928 5447 gitur.
1985 5372 2140 5440 Quod
2188 5374 2274 5428 his
2320 5372 2501 5429 verbis
2554 5369 2889 5440 signiﬁcatur
2933 5387 2945 5421 :
2990 5387 3009 5419 ι
3041 5366 3307 5433 Quoniam

1765 5466 1957 5520 melior
2010 5466 2096 5520 εει
2146 5452 2521 5520 misericordia
2571 5470 2663 5515 tua
2714 5476 2877 5530 super
2923 5460 3081 5513 vitas.
3114 5477 3133 5510 ι
3174 5455 3307 5510 Nam

1766 5557 1976 5617 etiamsi
2012 5554 2135 5623 quis
2166 5554 2441 5634 longaevus
2471 5548 2551 5606 et'
2573 5564 2814 5606 annosus
2836 5549 2902 5605 in
2940 5548 3041 5602 hac
3070 5547 3177 5599 vita
3214 5546 3306 5609 sit,

196 5775 418 5861 "Rhl.
451 5798 609 5851 xxxv,
648 5784 728 5840 l0.
803 5783 847 5817 "
885 5781 1027 5839 Psal.
1062 5795 1179 5843 xu,
1216 5748 1305 5841 3,.
1345 5783 1389 5815 "
1429 5779 1569 5843 Psal.
1606 5791 1843 5833 Lsuvm
1871 5816 1889 5841 ,
1918 5775 2007 5832 '56.
2085 5776 2129 5809 ⁸³
2168 5772 2353 5829 Matth.
2392 5748 2441 5838 ν’,
2480 5772 2531 5827 8.
2608 5772 2651 5804 ⁸⁵
2691 5768 2828 5827 Psal.
2868 5780 3049 5828 usu,
3083 5760 3153 5819 εδ
