3976 6348
642 435 744 490 607

1299 428 1564 487 EUSEBII
1590 425 2059 485 CESARIENSIS
2085 425 2205 481 OPP

2303 424 2455 481 ’ARS
2484 423 2572 481 ΙΙΙ.
2604 457 2670 466 -
2686 424 3100 481 EXEGETICA.

3722 423 3811 477 608

643 551 714 605 ita
744 554 803 602 ut
835 564 886 601 in
918 547 1099 603 multis
1125 562 1386 602 annorum
1420 544 1659 616 periodis
1682 544 1973 600 multorum
2014 544 2179 597 vitam

2303 541 2464 603 ›ὁντος
2505 540 2725 611 γένηταί
2754 558 2857 605 τις,
2898 540 3082 608 ὥσπερ
3112 540 3304 601 πολλὰς
3340 538 3479 602 ζωάς
3517 541 3575 591 ὲν
3616 537 3811 599 mihi;

640 643 882 712 expleat;
915 642 1016 694 hoc
1048 656 1178 695 sane
1208 640 1341 705 nihil
1368 646 1476 702 est,
1510 636 1898 691 misericordia:
1924 635 2017 689 Dei
2039 649 2184 688 com-

641 742 907 803 paratum,
939 746 1059 801 quae
1085 732 1209 786 vitae
1234 728 1451 784 aeterna;
1488 735 1542 782 et
1582 727 1883 781 cmlestium
1922 727 2183 780 bonorum

640 836 804 875 causa
827 828 929 874 est.
963 818 1142 884 Quare
1175 817 1560 872 misericordiae
1592 816 1831 871 conﬁsus
1857 822 1983 879 tum,
2018 820 2185 867 totam

644 908 781 963 banc
812 909 997 971 vitam,
1027 923 1126 963 ceu
1160 907 1401 977 quaedam
1426 907 1666 977 pretiosa
1701 906 1926 961 donaria
1953 912 2008 960 et
2050 918 2186 973 opu-

644 1002 787 1052 lenta
812 997 1026 1061 cimelia
1063 997 1157 1050 tibi
1204 998 1575 1063 consecrabo;
1608 997 1849 1052 membra
1896 994 2105 1049 scilicet
2133 1000 2195 1049 et

644 1105 853 1145 sensus‘
895 1102 1044 1142 meos
1081 1086 1384 1141 ministerio
1416 1087 1665 1142 addicam
1706 1094 1822 1139 tuo.
1849 1085 2190 1154 Quapropter

644 1163 795 1233 labia,
830 1189 946 1233 mea
975 1178 1108 1231 nihil
1143 1178 1287 1232 aliud
1308 1179 1675 1251 'eloquentur,
1701 1176 1796 1232 sed
1831 1190 1966 1245 pura
2014 1181 2191 1229 casta-

644 1280 751 1338 que
773 1267 1159 1330 se‘rvabuntur,
1193 1277 1252 1319 ut
1275 1268 1385 1322 tuis
1409 1251 1602 1322 vacent
1630 1266 1844 1337 hymnis
1888 1273 1941 1321 et
1984 1278 2192 1320 sermo-

647 1360 828 1414 nibus.
861 1357 987 1411 Yita
1014 1366 1191 1414 autem
1227 1373 1345 1412 mea
1376 1358 1470 1412 tibi
1496 1356 1863 1424 benedicendo
1890 1363 2048 1411 nocte
2078 1354 2185 1408 die-

648 1465 753 1519 que
789 1463 1001 1518 semper
1022 1450 1296 1503 incumbet
1331 1468 1343 1501 :
1380 1464 1573 1503 manus
1620 1449 1864 1517 corporis
1908 1447 2034 1509 mei,
2063 1462 2192 1516 ope-

653 1554 818 1607 raque
840 1540 906 1593 iis
926 1539 1090 1601 edita,
1122 1538 1174 1590 in
1210 1539 1426 1592 nomine
1448 1545 1541 1591 tuo
1587 1537 1775 1592 levabo
1831 1535 2194 1603 extollamque

652 1629 707 1681 in
744 1629 929 1691 altum,
960 1640 1124 1697 pravo
1153 1628 1345 1698 quovis
1375 1628 1616 1682 facinore
1653 1642 1817 1697 puras
1859 1625 2099 1689 eﬂ'eram,
2135 1631 2195 1677 ut

652 1718 786 1771 dicit
818 1718 1035 1787 quidam
1068 1736 1081 1771 :
1116 1737 1134 1768 ι
1176 1715 1310 1770 Volo
1357 1716 1507 1772 viros
1557 1731 1738 1779 orare,
1766 1717 2004 1771 levantes
2030 1727 2194 1783 puras

651 1824 845 1864 manus
873 1808 990 1864 sine
1021 1793 1100 1861 ira
1126 1803 1189 1861 et
1206 1805 1598 1875 disceptatione
1612 1805 1680 1859 ⁸⁸.
1720 1823 1739 1856 ι
1768 1804 1860 1857 Sic
1898 1810 2076 1857 autem
2116 1802 2197 1853 la-

2286 631 2420 686 ὲτῶν
2472 630 2733 702 περιόδοις
2780 632 3143 702 κτησάμενος·
3192 627 3477 682 amabam
3517 630 3630 681 ἐστι
3663 628 3813 680 ταῦτα

2287 723 2685 794 συγκρινόμενα
2718 722 2853 793 πρὸς
2878 722 2939 778 τὸ
2958 722 3101 783 ἕλεος
3126 719 3219 773 τοῦ
3242 718 3473 781 Θεοῦ,τδ
3494 719 3591 789 τῆς
3618 718 3812 773 αἰωνίου

2285 815 2429 885 ζωῆς
2452 816 2546 869 καὶ
2568 814 2674 868 τῶν
2696 806 3026 886 ἐπουρανίων
3047 810 3261 880 ἀγαθῶν
3286 810 3475 865 αἴτιον.
3512 810 3707 879 Διόπερ
3737 809 3816 862 καὶ

2285 907 2361 978 τῷ
2388 906 2466 977 σῷ
2488 906 2621 977 ἐλέῳ
2650 899 3039 978 ὲτιθαρσήσας,
3075 904 3251 957 πᾶσαν
3280 919 3378 973 μου
3418 901 3517 972 τὴν
3556 899 3817 971 παροῦσαν
3919 907 3927 916 “

2286 997 2428 1068 ζωήν
2470 1015 2550 1053 σοι
2602 995 2881 1066 ἀναθήσω,
2922 994 3107 1067 ὥσπερ
3149 992 3271 1046 τινά
3304 993 3460 1063 τίμια
3496 991 3816 1061 ἀναθήματα,

2286 1091 2379 1142 καὶ
2409 1088 2669 1157 πολυτελῆ
2698 1087 2952 1158 κειμήλια
2979 1086 3049 1139 τά
3078 1086 3210 1157 μέλη
3235 1102 3334 1156 μου
3366 1085 3461 1137 καὶ
3483 1083 3553 1135 τά
3583 1082 3819 1151 αἰσθητή-

2290 1197 2381 1251 ρια
2411 1181 2478 1250 τῇ
2510 1182 2575 1249 σῇ
2598 1178 2861 1249 ἀφορίσας
2884 1177 3207 1248 λειτουργία.
3231 1176 3321 1229 Διὸ
3336 1175 3404 1229 τά
3435 1175 3534 1246 μὲν
3557 1175 3705 1244 χείλη
3734 1190 3819 1243 μου

2288 1268 2437 1322 οὐδὲν
2468 1269 2649 1340 ἕτερον
2684 1268 2932 1338 λαλήσει,
2975 1268 3223 1334 ἀγνεύσει
3259 1268 3315 1322 δὲ
3366 1268 3463 1322 καὶ
3507 1264 3715 1335 καθαρὰ
3744 1282 3822 1332 qn:

2288 1358 2630 1428 λαχθήσεται,
2681 1359 2758 1419 εἰς
2790 1357 2850 1408 τὸ
2884 1355 3160 1424 σχολάζειν
3210 1358 3320 1417 τοῖς
3365 1357 3476 1417 σοῖς
3514 1353 3699 1423 ὕμνοις
3743 1354 3824 1403 καὶ

2288 1449 2463 1515 λόγοις
2482 1465 2495 1478 ι
2529 1450 2565 1518 ἡ,
2603 1447 2658 1503 δὲ
2692 1446 2801 1517 ζωή
2838 1463 2939 1516 μου
2965 1446 3099 1515 αὕτη
3124 1446 3249 1515 περὶ
3270 1445 3328 1501 τὸ
3358 1444 3599 1513 εὐλογεῖν
3623 1460 3679 1497 σε
3705 1442 3826 1495 πάν-

2288 1526 2411 1591 τοτε
2455 1539 2667 1608 νύκτωρ
2718 1537 2811 1593 καὶ
2855 1537 2971 1606 μεθ’
3004 1538 3211 1607 ἡμέραν
3255 1536 3705 1609 ἀσχοληθήσεται’
3744 1534 3828 1586 καὶ

2292 1628 2387 1692 τὰς
2430 1630 2613 1700 χεῖρας
2649 1612 2712 1680 δὲ’
2753 1625 2844 1679 τοῦ
2887 1625 3132 1696 σώματός
3160 1643 3284 1697 μου.
3308 1627 3405 1689 τάς
3430 1643 3490 1687 τε
3520 1624 3607 1678 διὰ
3640 1624 3828 1678 τούτων

2290 1698 2978 1789 ἐπιτελουμέναζπράξεις,
3001 1721 3058 1771 ἐν
3096 1717 3171 1787 τῷ
3199 1717 3418 1798 ὀνόματί
3452 1734 3543 1770 σου
3582 1718 3697 1786 ἀρῶ
3744 1733 3828 1786 με·

2293 1809 2566 1880 τεωρίζων
2594 1812 2672 1872 είς
2697 1809 2845 1879 ὕψος,
2875 1810 2966 1862 καὶ
3014 1810 3095 1862 σοὶ
3122 1808 3375 1879 ,καθαρὰς
3405 1809 3582 1879 πάσης
3616 1807 3831 1877 παρανό-

652 1900 740 1954 bia
772 1915 892 1954 mea
918 1890 973 1953 et
1004 1913 1197 1951 manus
1228 1873 1373 1950 mea).-
1387 1897 1482 1951 tibi
1512 1894 1950 1956 destinabuntur,
1974 1900 2033 1947 ut
2055 1890 2193 1945 labia

2303 1873 2681 1970 μου-πράξεως
2724 1873 3026 1965 ἐπιδεικνὺς
3076 1899 3240 1963 αὑτὰς
3272 1873 3412 1952 έιατά
3450 1873 3548 1952 τὸν·
3584 1873 3829 1970 φήσαντα·

656 1991 873 2060 quidem
915 2003 946 2041 a
974 1986 1320 2058 thymiamate
1355 1985 1486 2040 boni
1526 1985 1710 2040 odoris
1749 1984 1881 2037 nihil
1905 1981 2194 2044 diﬂ‘erant,

655 2093 851 2133 manus
871 2093 1003 2135 vero
1024 2080 1090 2132 ab
1107 2077 1307 2132 elﬁcaci
1338 2086 1391 2132 et
1424 2092 1552 2133 vero
1580 2074 1847 2131 sacriﬁcio
1873 2090 1981 2130 non
2003 2072 2199 2129 discre-

646 2176 804 2237 pent,
853 2177 911 2222 ut
939 2175 1243 2237 opportune
1294 2168 1471 2221 dicam
1519 2166 1585 2221 de
1628 2166 1786 2221 labiis
1814 2164 1994 2229 emeis,
2026 2179 2046 2213 ι
2082 2161 2200 2216 Fiat

658 2264 831 2315 oratio
862 2278 977 2315 mea
1026 2262 1164 2316 sicut
1218 2262 1499 2316 incensum
1532 2259 1588 2313 in
1618 2266 1913 2328 conspectu
1940 2266 2035 2312 tuo
2057 2258 2130 2323 3";
2175 2276 2194 2307 ι

657 2356 724 2407 de
777 2354 1032 2422 Operibus
1090 2361 1291 2415 autem,
1328 2349 1903 2425 (Elevatiomanuum
1958 2364 2199 2405 mearum

658 2442 986 2500 sacriﬁcium
1018 2441 1384 2510 vespertinum
1409 2440 1475 2494 ⁸⁸.
1507 2458 1525 2490 ι
1551 2438 1725 2509 Atque
1746 2440 1816 2493 ita
1836 2453 1964 2493 caro
1991 2447 2047 2517 et
2078 2453 2208 2493 cor-

663 2551 762 2603 pus
802 2548 978 2587 meum
1007 2533 1310 2587 ministerio
1342 2543 1434 2585 tuo
1458 2529 1810 2594 addicentur;
1846 2531 2023 2585 anima
2075 2546 2203 2586 vero

664 2640 779 2679 mea
829 2624 1050 2691 majoris
1097 2638 1325 2678 consors
1353 2622 1457 2676 erit
1480 2621 1696 2677 virtutis
1731 2639 1744 2674 :
1777 2635 1945 2689 quare
1998 2620 2066 2676 de
2114 2621 2203 2676 illa

662 2714 823 2766 dico:
860 2730 878 2762 ι
924 2710 1076 2765 Sicut
1100 2710 1257 2787 adipe
1286 2696 1340 2766 et
1370 2710 1693 2781 pinguedine
1734 2710 2005 2779 repleatur
2024 2708 2204 2762 anima

661 2818 800 2857 mea.
843 2820 861 2853 ι
915 2800 1099 2869 Neque
1121 2802 1264 2857 enim
1319 2801 1435 2871 pari
1483 2809 1643 2871 atque
1696 2815 1895 2870 corpus
1946 2799 2158 2853 ratione
2187 2837 2203 2862 ,

663 2890 844 2944 anima
876 2890 1055 2954 labiis,
1087 2900 1180 2944 aut
1211 2890 1482 2953 manibus,
1509 2899 1603 2944 aut
1634 2890 1739 2943 alia
1760 2889 2021 2960 .quapiam
2056 2897 2207 2960 parte

664 2981 748 3036 vel
786 2981 1064 3047 membro;
1096 2976 1192 3035 sed
1233 2980 1351 3049 ipsa
1377 2987 1490 3034 tota
1522 2994 1585 3034 ac
1618 2995 1714 3047 per
1758 2996 1817 3035 se
1862 2964 2207 3049 praestantior

663 3071 810 3125 onmi
851 3070 1119 3124 sacriﬁcio
1162 3070 1485 3133 bolocausti,
1527 3069 1785 3139 omni'que
1822 3064 2208 3140 a'nimali'pin-

664 3162 758 3230 gui
781 3160 937 3231 adipe
963 3170 1016 3215 et
1047 3160 1377 3229 pinguedine
1410 3160 1633 3237 referto,
1663 3162 1759 3215 tibi
1797 3161 1907 3216 Deo
1936 3161 2203 3229 oﬁ‘eretur,

666 3251 1057 3329 pretiosiorQue
1086 3250 1274 3314 vitulo,
1302 3260 1454 3305 tauro
1489 3267 1551 3306 ac
1581 3252 1772 3322 quovis
1795 3253 1951 3306 bruto
1982 3255 2207 3307 animali

667 3341 763 3395 abs
793 3346 846 3395 te
871 3340 1227 3409 reputabitur.
1258 3340 1436 3408 Quare
1487 3342 1627 3405 hanc
1665 3342 2073 3413 pinguissimam
2113 3358 2207 3397 ac-

665 3440 981 3502 ceptamque
1009 3432 1106 3486 tibi
1143 3429 1398 3495 hostiam,
1426 3433 1661 3487 animam
1699 3434 1823 3487 dico
1871 3449 2067 3495 meam.
2111 3435 2207 3488 tibi

667 3522 878 3576 dicabo.
909 3522 1082 3590 Atque
1109 3521 1211 3575 hac
1234 3521 1300 3575 de
1322 3536 1485 3577 causa
1516 3524 1742 3592 gratiam
1779 3524 1873 3577 tibi
1908 3524 2206 3595 professus,

669 3614 827 3682 pleno
858 3627 952 3666 ore
998 3611 1237 3681 ipsisque
1287 3612 1445 3667 labiis
1489 3613 1686 3683 gaudio
1728 3608 1949 3683 repletis
1980 3624 2034 3671 te
2065 3618 2206 3672 cele—

667 3702 835 3756 brabo
869 3721 881 3756 :
920 3701 1043 3756 ideo
1096 3702 1174 3758 sic
1210 3703 1402 3772 loquor
1433 3722 1446 3758 :
1484 3724 1502 3755 ι
1531 3702 1596 3758 Et
1628 3694 1785 3759 labiis
1829 3700 2208 3763 exsultationis

668 3792 907 3846 laudabit
938 3775 999 3847 os
1028 3809 1240 3860 meum;
1265 3813 1284 3846 ι
1306 3795 1441 3859 sive,
1476 3797 1769 3851 secundum
1811 3795 2209 3867 Symmachum,

662 3887 694 3931 ἰ
726 3881 790 3934 Et
810 3882 967 3937 labiis
989 3884 1380 3940 benedictionis
1403 3885 1696 3941 celebrabit
1729 3902 1792 3941 os
1815 3900 2014 3942 meum.
2050 3907 2067 3940 ι

2300 2009 2316 2039 ι
2336 1990 2599 2060 Βούλομαι
2627 1991 2751 2053 τοὺς
2766 1990 2961 2061 ἄνδρας
2974 1989 3377 2061 ,προσεύχεσθαι
3404 1990 3718 2061 ἐπαίροντας
3735 1990 3835 2042 ὁσί-

2293 2097 2381 2142 ους
2410 2082 2591 2149 χεῖρας
2616 2078 2780 2149 χωρὶς
2811 2079 2976 2148 ὀργῆς
2992 2078 3086 2131 καὶ
3112 2070 3487 2148 διαλογισμῶν.
3527 2099 3553 2131 ι.
3582 2079 3762 2142 Οὕτως
3789 2079 3836 2131 δὲ

2294 2170 2364 2223 τά
2379 2170 2529 2239 χείλη
2561 2187 2658 2239 μου
2682 2170 2776 2222 καὶ
2805 2170 2860 2221 αἱ
2880 2170 3055 2240 χεῖρες
3096 2167 3541 2239 ἀφορισθήσονταί
3561 2187 3660 2237 σοι.
3687 2171 3763 2232 ὡς
3780 2169 3836 2225 τὰ

2298 2259 2397 2329 μὲν
2436 2260 2585 2330 χείλη
2627 2258 2965 2329 θυμιάματος
2991 2258 3219 2322 εὐώδους
3244 2259 3303 2311 τὸ
3331 2259 3499 2329 μηθὲν
3548 2261 3841 2332 διαφέρειν,

2296 2350 2391 2413 τὰς
2418 2350 2473 2402 δὲ
2506 2352 2695 2421 χεῖρας
2724 2349 2912 2412 θυσίας
2956 2348 3207 2419 ἐνεργοῦς
3242 2350 3335 2402 καὶ
3360 2349 3616 2418 ἀληθινῆς
3646 2350 3720 2419 μὴ
3746 2350 3840 2401 λεί-

2299 2442 2524 2496 πεσθαι·
2577 2442 2651 2504 ὡς
2688 2442 2859 2493 εἰπεῖν
2914 2458 2979 2510 με
3034 2440 3302 2511 εὐκαίρως
3333 2440 3460 2510 περὶ
3496 2440 3591 2508 μὲν
3615 2439 3721 2491 τῶν
3750 2455 3842 2509 χει-

2297 2534 2435 2587 λέων
2466 2550 2571 2602 μου
2598 2531 2677 2599 τὸ,
2709 2551 2727 2580 ι
2766 2531 3048 2603 Γενηθήτω
3072 2532 3106 2602 ἡ
3138 2533 3407 2602 προσευχὴ
3454 2547 3555 2601 μου
3590 2531 3660 2593 ὼς
3693 2528 3839 2600 θυμί-

2300 2643 2413 2697 αμα
2456 2624 2683 2677 ἐνώπιόν
2740 2641 2864 2677 σου·
2924 2643 2943 2676 )
2977 2625 3101 2694 περὶ
3140 2623 3195 2676 δὲ
3222 2623 3329 2676 τῶν
3373 2622 3617 2694 πράξεών
3646 2640 3745 2692 μου
3768 2624 3839 2681 τὸ.

2304 2732 2325 2763 ι
2358 2714 2624 2784 Ἔπαρσις
2661 2711 2770 2764 τῶν
2802 2713 2997 2783 χειρῶν
3032 2730 3132 2783 μου
3170 2712 3327 2785 θυσία
3358 2713 3630 2784 ἑσπερινή.
3694 2732 3714 2765 ι
3746 2713 3843 2780 KQ

2302 2805 2335 2872 ἡ
2372 2803 2467 2873 μὲν
2499 2802 2636 2874 σάρξ
2676 2806 2769 2859 καὶ
2808 2805 2866 2857 τὸ
2901 2806 3055 2875 σῶμα
3088 2805 3258 2868 οὓτως
3281 2805 3663 2874 ἀνατεθήσεται
3690 2808 3754 2875 τῇ
3783 2807 3840 2873 σῇ

2260 2912 2261 2915 π
2302 2891 2622 2963 λειτουργίᾳ·
2639 2896 2671 2965 ή
2690 2894 2744 2947 δὲ
2766 2893 2910 2966 ψυχή
2934 2913 3034 2966 μου
3065 2897 3300 2958 πλείονος
3324 2895 3533 2966 μεθέξει
3551 2896 3841 2966 δυνάμεως·

2303 2981 2381 3034 διὸ
2412 2984 2501 3035 καὶ
2531 2985 2656 3055 περὶ
2704 2985 2870 3056 αὐτῆς
2900 2986 3038 3058 φημι
3058 3004 3071 3017 ο
3125 3006 3142 3035 ι
3188 2987 3329 3044 Ὢσεὶ
3371 2986 3588 3050 στέατος
3619 2986 3711 3039 καὶ
3738 2985 3841 3037 πιό-

2306 3090 2464 3145 τητος
2506 3074 2839 3145 ἐμπλησθείη
2927 3076 3068 3145 ψυχή
3105 3094 3223 3146 μου.
3260 3096 3280 3128 ι
3312 3078 3504 3135 Οὐκέτι
3530 3076 3639 3148 γὰρ
3661 3076 3846 3147 ὁμοίως

2304 3166 2381 3235 τῷ
2409 3166 2618 3237 σώματι
2652 3171 2744 3222 καὶ
2794 3171 2827 3237 ή
2861 3168 3007 3239 ψυχὴ
3048 3168 3277 3238 χείλεσιν
3320 3169 3442 3222 οὐδὲ
3492 3169 3698 3238 χερσὶν,
3738 3165 3843 3218 οὐδὲ

2306 3258 2445 3310 κατά
2470 3273 2523 3309 τι
2558 3257 2721 3338 μέρος
2746 3258 2779 3327 ἢ
2815 3258 2972 3328 μέλος
2999 3260 3203 3330 ἕτερον,
3233 3258 3328 3328 ὅλη
3355 3258 3410 3311 δὲ
3436 3256 3571 3327 αὕτη
3600 3256 3718 3310 καθ’
3738 3257 3846 3309 ἐαυ-

2302 3350 2399 3421 τὴν
2451 3351 2591 3422 ὑπὲρ
2631 3352 2805 3403 πᾶσαν
2850 3350 3134 3407 όλόκαυτον
3197 3350 3405 3414 θυσίαν,
3444 3349 3539 3401 καὶ
3586 3348 3720 3418 ὑπὲρ
3753 3348 3847 3399 πᾶν

2307 3442 2443 3507 ζῶον
2481 3443 2744 3513 εὐτραφὲς
2780 3443 3029 3513 πιότητος
3057 3443 3158 3500 καὶ
3206 3442 3422 3504 στέατος
3453 3441 3640 3510 γέμον,
3665 3438 3745 3491 σοὶ
3780 3436 3847 3506 τῷ

2306 3534 2424 3603 Θεῷ
2443 3534 2946 3604 προσενεχθήσεται,
2969 3534 3164 3605 μόσχου
3194 3534 3287 3588 καὶ
3311 3532 3647 3603 ταύ·ρου,.κα“ι
3667 3530 3846 3590 παντὸς

2309 3622 2501 3692 ἀλόγου
2530 3621 2665 3685 ξώου
2694 3622 2994 3692 τιμιωτέρα
3043 3622 3192 3693 παρὰ
3243 3622 3326 3674 σοὶ
3374 3619 3741 3690 λελογισμένη.
3770 3617 3851 3668 Διὸ

2310 3714 2403 3765 καὶ
2443 3712 2643 3783 ταύτην
2679 3729 2760 3765 σοι
2793 3712 3049 3782 πιοτάτην
3081 3713 3174 3765 καί
3227 3728 3312 3779 σοι
3350 3710 3620 3781 προσφιλῆ
3654 3709 3849 3768 θυσίαν,

2311 3800 2453 3869 λέγω
2475 3800 2533 3854 δὲ
2571 3802 2668 3872 τὴν
2700 3784 2936 3873 ἐμαυτοῦ
2968 3801 3163 3871 ψυχὴν,
3195 3800 3463 3871 ἀναθήσω.
3504 3799 3623 3854 Ἐπὶ
3660 3798 3845 3859 τούτοις

2312 3907 2373 3943 τε
2407 3891 2634 3965 χάριτας
2663 3892 2936 3963 ὁμολογῶν
2959 3894 3063 3964 ὅλῳ
3087 3893 3162 3965 τῷ
3188 3892 3412 3963 στόματι
3437 3893 3528 3945 και
3548 3892 3728 3955 αὐτοῖς
3748 3890 3843 3962 χεί-

667 3974 783 4026 λεσι
815 3976 986 4049 χαρᾶς
1016 3976 1461 4048 πεπληρωμένοις
1483 3980 1772 4049 ἀνυμνήσω
1804 3995 1863 4031 σε
1884 3994 1900 4009 ο
1931 3979 2010 4033 διό
2039 3996 2179 4050 φημι
2198 3997 2212 4011 ·
2256 3999 2274 4032 ι
2313 3983 2422 4036 Καὶ
2447 3983 2597 4054 χείλη
2636 3983 3001 4051 ἀγαλλιάσεως
3024 3981 3227 4039 αἰνέσει
3280 3985 3342 4039 τὸ
3371 3984 3545 4054 στόμα
3572 4000 3682 4054 μου.
3710 4000 3727 4016 ·
3773 4004 3795 4033 ι
3818 3984 3849 4043 ἢ

670 4067 810 4151 κατά
853 4068 943 4121 τὸν
996 4068 1309 4157 Σύμμαχον·
1346 4090 1365 4122 ι
1418 4072 1526 4127 Καὶ
1565 4071 1668 4127 διά
1696 4071 1913 4154 χειλέων
1962 4072 2218 4144 εὐφήμων
2257 4076 2484 4147 ὑμνήσει
2511 4078 2571 4130 τὸ
2604 4078 2775 4147 στόμα
2802 4095 2924 4148 μου.
2956 4098 2974 4131 ι

739 4179 907 4235 Vens.
962 4182 1074 4236 7—9.
1111 4200 1130 4233 ι
1168 4180 1225 4235 Si
1271 4198 1479 4239 memor
1527 4184 1603 4239 fui
1650 4179 1727 4240 tui
1766 4202 1928 4257 super
1985 4196 2212 4243 stratum

672 4288 876 4336 meum,
905 4274 963 4328 in
1001 4275 1295 4331 matutinis
1341 4277 1641 4334 meditabar
1670 4280 1741 4333 lin
1784 4286 1861 4343 te,
1884 4279 2012 4349 quia
2040 4278 2213 4333 ‘t‘uisti
2236 4318 2257 4334 ,.

672 4359 887 4431 adjutor
926 4376 1097 4415 meus.
1134 4361 1197 4416 Et
1227 4362 1281 4416 in
1313 4364 1627 4418 velamento
1644 4366 1850 4422 alarum
1874 4376 2090 4421 tuarum
2122 4382 2217 4421 exv

2385 4206 2406 4239 ι
2437 4191 2500 4242 Εί
2522 4192 2889 4263 ὲμνημόνευόν
2935 4206 3027 4242 σου
3064 4187 3164 4239 ’ἐπὶ
3204 4203 3301 4257 της
3334 4187 3613 4257 στρωμνῆς
3649 4201 3767 4254 μου,
3798 4185 3848 4234 ὲν

2312 4280 2422 4341 τοῖς
2464 4278 2678 4351 όρθροις
2713 4279 2985 4351 ἐμελέτων
3014 4278 3095 4338 εἰς
3145 4274 3225 4339 σὲ»
3251 4275 3332 4328 δτι
3377 4274 3637 4345 ἐγενήθης
3678 4271 3841 4343 βοηθός

2317 4385 2436 4437 μου.
2471 4369 2579 4421 Καὶ
2622 4370 2681 4422 ὲν
2724 4371 2790 4438 τῇ
2841 4366 3018 4437 σκέπῃ
3048 4364 3154 4417 τῶν
3179 4364 3458 4442 πτερύγων
3486 4379 3577 4415 σου
3613 4360 3846 4428 ἀγαλλια-

674 4446 1171 4515 ευιιοὺο,λοὰιίαεεὶι
1206 4451 1384 4506 anima
1430 4467 1545 4505 mea
1591 4462 1715 4521 post
1738 4462 1810 4521 te,
1856 4471 1943 4511 me
1975 4456 2205 4525 suscepit

2319 4474 2497 4527 σομαι,
2527 4458 2787 4527 ἐκολλήθη
2827 4458 2860 4527 ή
2896 4455 3039 4526 ψυχή
3072 4472 3172 4525 μου
3203 4455 3375 4509 ὀπίσω
3405 4471 3521 4515 σου,
3546 4449 3678 4522 ἐμοῦ

674 4538 891 4591 dextera
933 4536 1055 4613 tua.
1085 4557 1103 4589 ι
1139 4538 1273 4593 Cum
1315 4539 1371 4594 in
1423 4542 1639 4596 deserto
1676 4541 1873 4598 Iudaeae
1914 4550 2205 4599 versaretut

2317 4544 2570 4599 τελάϐετο
2614 4547 2647 4615 ή
2688 4544 2836 4610 δεξιά
2877 4562 2990 4601 σου.
3029 4548 3114 4599 Ἐν
3138 4548 3206 4616 τῇ
3238 4545 3424 4613 ἐρήμῳ
3464 4540 3563 4609 τῆς
3614 4537 3843 4597 Ἰουδαίας

676 4625 1007 4683 admirabilis
1045 4630 1134 4686 ille
1165 4630 1349 4695 David,
1384 4646 1492 4686 non
1525 4632 1779 4686 animalia
1818 4634 2217 4693 immolatarum

676 4731 755 4779 se,
785 4731 959 4785 neque
980 4718 1261 4774 hrutorum
1293 4737 1571 4791 pecorum,
1616 4723 1711 4778 sed
1753 4734 2083 4782 memoratas
2125 4740 2219 4781 su—

677 4803 859 4871 perius
883 4805 1193 4867 verborum,
1225 4822 1447 4876 operum
1474 4818 1528 4865 et
1556 4810 1727 4879 ipsius
1759 4812 1953 4866 animae
1987 4809 2216 4877 hostias,

678 4894 976 4961 pollicetur.
1014 4895 1129 4949 Suh
1158 4896 1273 4950 haec
1306 4906 1484 4951 autem
1513 4882 1620 4968 qua
1648 4902 2028 4971 temperantia,
2056 4915 2218 4973 quam

679 4986 910 5051 perfecta
958 4987 1203 5042 castitate
1255 4988 1507 5057 praeditus
1550 4998 1733 5055 esset,
1787 4990 1896 5047 Deo
1935 4991 2219 5049 declarat:

677 5090 843 5143 quare
870 5079 978 5130 ait:
1007 5096 1025 5128 ι
1054 5076 1109 5130 Si
1138 5094 1343 5132 memor
1370 5077 1446 5132 fui
1468 5082 1546 5134 tui
1580 5081 1743 5150 super
1769 5088 1998 5135 stratum
2020 5096 2220 5145 meum,

680 5166 733 5216 in
799 5168 1081 5221 matutinis
1136 5168 1436 5225 meditabar
1483 5170 1538 5223 in
1588 5177 1671 5235 te;
1710 5189 1729 5220 ι
1767 5171 1882 5231 sive
1924 5170 2222 5230 secundum

681 5252 1099 5331 Symmachum,
1159 5274 1177 5307 ι
1231 5256 1564 5315 Recordatus
1632 5260 1709 5313 tui
1763 5276 1925 5329 super
1993 5267 2221 5321 stratum

682 5359 880 5406 meum,
916 5357 1009 5411 per
1038 5347 1275 5415 singulas
1302 5348 1578 5403 custodias
1616 5348 1913 5405 meditabar
1949 5352 2023 5409 te.
2061 5370 2081 5404 ι
2111 5349 2219 5406 Ne-

682 5447 787 5500 que
808 5422 950 5485 enim
989 5433 1095 5487 alio
1127 5435 1286 5489 modo
1311 5443 1569 5511 poteram,
1595 5438 1807 5508 inquit,
1834 5439 1899 5493 ad
1932 5448 1986 5495 te
2010 5439 2077 5495 de
2102 5440 2222 5499 luce

686 5521 928 5591 vigilare,
958 5537 1128 5591 neque
1151 5525 1417 5593 precando
1437 5515 1637 5592 dicere,
1669 5546 1688 5579 ι
1720 5526 2025 5585 DeusDeus
2049 5545 2219 5594 meus.

688 5613 753 5667 ad
783 5622 835 5667 te
865 5613 932 5667 de
960 5614 1076 5669 luce
1102 5616 1279 5687 vigilo,
1320 5637 1340 5669 ι
1367 5619 1470 5671 nisi
1509 5634 1700 5685 purum
1747 5628 1972 5677 stratum
2002 5620 2216 5677 habuis-

757 5762 802 5793 "'
832 5763 859 5818 -l
894 5761 1030 5817 Tim.
1063 5780 1123 5830 ιι,
1159 5760 1193 5819 8
1285 5766 1327 5797 ³⁷
1369 5764 1509 5823 Psal.
1545 5782 1676 5834 cn,
1712 5769 1763 5823 2.
1845 5770 1888 5801 ⁸⁸
1927 5771 2035 5826 ibid

2318 4634 2603 4705 διατρίϐων
2627 4635 2656 4686 ό
2680 4633 2976 4705 θαυμάσιος
3006 4624 3186 4699 Δαυῖδ,
3211 4633 3269 4687 οὐ
3298 4630 3413 4695 ζῶα
3434 4628 3580 4685 θύειν
3604 4625 3843 4695 ἐπαγγέλ-

2317 4724 2484 4787 λεται,
2508 4723 2627 4775 οὐδὲ
2655 4722 2752 4788 τάς
2772 4725 2831 4791 ἐξ
2862 4726 3067 4795 ἀλόγων
3100 4714 3425 4795 θρεμμάτων
3452 4720 3656 4784 θυσίας,
3683 4719 3774 4783 τὰς
3794 4719 3842 4771 δέ

2320 4812 2699 4884 προλεχθείσας
2746 4815 2833 4869 διά
2876 4816 3049 4885 λόγων
3094 4813 3188 4868 καὶ
3243 4812 3513 4883 πράξεων,
3544 4813 3637 4864 καὶ
3689 4808 3842 4881 ψυχῆς

2323 4905 2507 4975 αὐτῆς.
2546 4902 2653 4958 Εἶτ’
2678 4907 2771 4959 ἐπὶ
2794 4906 3002 4969 τούτοις
3026 4904 3104 4974 τῷ
3125 4903 3245 4973 Θεῷ
3272 4902 3537 4957 δείκνυσιν
3569 4902 3711 4963 ὅπως
3738 4898 3841 4953 ἀνέ-

2325 5008 2471 5047 κειτο
2519 4994 2839 5066 σωφροσύνῃ
2876 4994 2970 5046 καὶ
3015 4990 3267 5045 παντελεῖ
3307 4978 3520 5058 ἀγνὲίᾳο
3554 4989 3635 5049 διό
3673 5000 3839 5059 φησιν·

2329 5100 2349 5131 ί
2393 5082 2455 5141 Εἰ
2498 5084 2859 5155 ὲμνημὸνευόν
2893 5099 2987 5135 σου
3033 5083 3127 5135 ἐπὶ
3172 5081 3270 5150 τῆς
3318 5082 3602 5151 στρωμνῆς
3662 5078 3841 5149 μου,ὲν

2324 5175 2435 5236 τοῖς
2459 5174 2669 5245 όρθροις
2692 5174 2954 5246 ἐμελέτων
2975 5176 3055 5239 είς
3074 5173 3153 5227 σε’
3176 5193 3194 5225 ι
3221 5173 3254 5245 ἢ
3282 5172 3422 5227 κατά
3436 5172 3528 5225 τὸν
3550 5171 3838 5243 Σύμμαχον

2329 5282 2348 5314 ι
2395 5265 2952 5338 Ἀναμιμνησκόμενός
2985 5285 3075 5320 σου
3116 5266 3206 5317 ἐπὶ
3245 5264 3342 5332 τῆς
3400 5263 3693 5333 στρωμνῆς
3735 5272 3837 5326 μθυν

2324 5353 2441 5407 καθ’
2476 5354 2708 5426 ἑκάστην
2728 5357 2964 5429 φυλακὴν
2992 5356 3256 5427 ἐμελέτων
3282 5371 3359 5406 σε.
3389 5372 3408 5405 ι
3434 5353 3509 5405 Ού
3537 5350 3648 5420 γὰρ
3676 5344 3836 5402 ἄλλως.

2325 5446 2507 5514 φησιν,
2545 5438 2656 5510 οῦς
2694 5464 2753 5501 τε
2792 5448 2936 5518 ήμην
2964 5450 3097 5523 πρὸς
3147 5448 3205 5500 σὲ
3235 5443 3528 5517 ὁρθρίζειν,
3552 5439 3673 5493 οὐδὲ
3696 5435 3835 5504 λέγω

2324 5537 2606 5607 εὐχόμενος
2619 5538 2637 5594 ‘:
2670 5555 2687 5589 ι
2720 5540 2776 5591 'o
2805 5540 2935 5605 Θεὸς
2958 5543 2986 5594 ό
3011 5542 3141 5602 Θεὸς
3177 5556 3307 5608 μου,
3322 5535 3455 5604 πρὸς
3479 5532 3537 5584 σὲ
3563 5526 3832 5601 spagiin

2326 5628 2371 5678 el
2407 5627 2479 5697 μὴ
2512 5618 2750 5701 καθαρὰν
2789 5631 3095 5705 ἐκεκτήμην
3148 5629 3243 5698 τὴν
3296 5622 3612 5694 στρωμνήν.
3652 5614 3833 5687 Ἐγινώ·
