3976 6348
134 412 236 470 1309

1276 404 1769 479 COMME‘STARIA
1810 402 2243 467 IN_PSALMO$.

137 544 294 581 σκετο
346 529 403 581 δέ
454 543 555 608 μου
605 528 638 597 ἡ
688 520 992 608 καθαρότης
1030 528 1128 579 οὐκ
1158 525 1375 579 ἄλλοθεν
1400 527 1433 597 ἦ
1462 527 1571 579 ἀπὸ
1592 524 1684 578 τοῦ

1796 538 1921 580 sem.
1952 522 2186 595 “eaeque
2216 522 2467 608 puritatis
2497 539 2606 581 non
2638 525 2783 582 aliutl
2816 525 3004 583 aderat
3044 543 3335 600 argumen-

138 619 274 673 κατὰ
299 616 390 672 τὸν
419 601 614 691 ὄρθρον
643 618 710 671 τὰ
735 617 804 670 σὰ
838 605 1062 689 μελετᾷν
1088 618 1258 686 λόγια.
1288 616 1455 686 Δῆλον
1483 616 1590 688 γὰρ
1619 611 1687 687 ἦν

137 712 200 762 ἐκ
228 707 418 762 τούτου
449 708 570 780 μηδ’
596 707 722 762 ἀλλο
752 726 803 762 τι
832 709 1085 779 πράττειν
1116 726 1183 779 με
1210 708 1308 772 τὰς
1327 706 1543 771 νύκτας,
1572 707 1605 777 ἢ
1630 708 1688 759 σὲ

135 799 224 852 τὸν
246 799 380 854 Θεὸν
411 790 521 871 πρδ
552 799 837 871 ὀφθαλμῶν
858 800 1033 871 ἐχειν.
1069 799 1223 853 Κατὰ
1253 796 1309 853 δέ
1344 800 1435 853 τὸν
1468 799 1688 869 Σύμμα-

136 907 227 960 χον
256 888 502 957 λέγοντα,
530 907 549 940 ι
574 889 693 943 καθ’
721 889 952 961 ἑκάστην
982 889 1224 961 φυλακὴν
1246 888 1511 958 ἐμελέτων
1548 904 1626 950 σε,
1664 906 1683 939 ι

136 979 228 1031 καὶ
257 978 401 1032 κατὰ
417 978 510 1032 τὸν
543 977 772 1032 Ἀκύλαν
801 979 1065 1050 φήσαντα,
1094 996 1114 1028 ι
1149 980 1207 1032 ἐν
1240 976 1504 1047 φυλακαῖς
1527 975 1690 1045 φθέγι-

137 1080 300 1135 γομαι
321 1064 382 1117 ὲν
414 1066 517 1127 σοὶ,
560 1085 579 1118 ι
614 1065 805 1136 δηλοῦν
855 1065 996 1125 ἔοικε
1038 1066 1137 1130 τάς
1179 1066 1501 1137 νυκτερινὰς
1542 1065 1690 1137 ῶρας

136 1151 423 1206 ἀσκεῖσθαι
449 1156 569 1216 ταῖς
607 1154 716 1208 τῶν
756 1154 913 1208 θείων
950 1154 1175 1226 Γραφῶν
1208 1154 1474 1223 μελέταις.
1498 1155 1691 1226 Διῄρη-

137 1259 223 1294 ται
276 1243 378 1313 μὲν
408 1243 517 1316 7&9
559 1246 588 1298 ό
626 1247 733 1308 πᾶς
774 1246 873 1315 τῆς
916 1246 1105 1310 νυκτὸς
1131 1246 1315 1318 χρόνος
1343 1249 1422 1310 εἰς
1450 1246 1693 1315 φυλακὰς

138 1333 422 1404 διαφόρους
438 1351 452 1365 ’
481 1333 620 1388 οὕτω
643 1335 769 1404 γοῦν
802 1336 1011 1407 εἴρηται
1030 1339 1087 1391 ἐν
1109 1338 1442 1406 εὐαγγελίοις
1463 1339 1693 1410 τετάρτῃ

142 1425 352 1495 φυλακῇ
398 1424 666 1496 ἐληλυθὼς
689 1429 718 1480 ὁ
750 1428 936 1498 Σωτὴρ
968 1428 1102 1499 πρὸς
1137 1429 1269 1491 τοὺς
1298 1427 1692 1498 μαθητάᾳΚαὶ

140 1516 371 1586 ἀλλαχοῦ
404 1517 461 1570 δὲ
488 1518 647 1580 αὐτός
672 1535 804 1589 φησι
823 1535 836 1549 ·
875 1538 893 1568 ι
932 1520 1271 1589 Γρηγορεῖτε,
1289 1520 1369 1571 ὅτι
1394 1520 1493 1573 οὐκ
1519 1519 1693 1572 οἴδατε

142 1610 267 1680 ποία
312 1609 523 1681 φυλακῇ
551 1613 579 1664 ό
610 1610 814 1682 Κύριος
863 1610 1016 1681 ὑμῶν
1057 1610 1270 1682 ἔρχεται
1293 1628 1305 1640 ·
1337 1629 1356 1662 ο
1390 1611 1482 1664 καὶ
1511 1611 1688 1665 πάλιν⁸

148 1721 165 1752 ι
189 1702 393 1754 Ἐκεῖνο
422 1701 476 1754 δὲ
503 1700 817 1770 γινώσκετε,
850 1702 951 1764 ὅτι,
977 1701 1025 1755 εἰ
1068 1701 1181 1771 ᾔδει
1230 1701 1259 1753 ὀ
1314 1701 1694 1774 οἰκοδεσπότης

143 1791 281 1863 ποίᾳ)
296 1791 509 1862 φυλακῇ
536 1794 564 1844 ὁ
602 1790 839 1862 κλέπτης
864 1791 1099 1862 ἔρχεται.
1131 1812 1150 1843 ι
1188 1792 1244 1845 '0
1278 1792 1335 1844 δέ
1361 1781 1695 1864 γε’θεοφιλὴς

1793 624 1927 680 tum,
1958 622 2119 685 qdam
2159 616 2303 687 quod
2353 605 2593 676 diluculo
2632 620 2845 690 eloquia
2895 619 3189 677 meditarer
3220 633 3331 678 tua.

1793 704 1927 760 llinc
1951 705 2095 759 enim
2122 705 2294 774 palam
2327 714 2467 770 erat,
2497 721 2584 761 mc
2611 708 2756 763 aliud
2786 709 2921 762 nihil
2956 716 3119 764 noctu
3150 727 3333 783 agere,

1791 812 1953 867 quam
1982 804 2035 851 te
2068 795 2233 851 Deum
2262 810 2373 867 pra:
2402 799 2577 855 oculis
2608 798 2828 855 habere.
2848 800 3153 856 Secundum
3178 802 3337 873 Sym-

1790 887 2043 943 machum
2086 896 2288 954 autem,
2318 888 2410 958 qui
2446 890 2528 946 sic
2559 891 2753 956 habet,
2785 909 2804 941 ι
2843 908 2938 962 per
2966 895 3206 964 singulas
3235 909 3332 949 cu-

1792 978 1998 1053 stodias
2040 978 2338 1033 meditabar
2361 985 2437 1041 te.
2478 998 2497 1033 ι
2547 987 2601 1036 et
2627 981 2924 1036 secundum
2968 982 3215 1055 Aquilam
3252 985 3337 1037 tli-

1795 1078 2029 1133 centem,
2064 1089 2083 1143 t
2123 1072 2180 1125 in
2236 1071 2497 1137 custodiis
2559 1070 2752 1141 loquar
2794 1074 2848 1128 in
2901 1081 2982 1139 te,
3022 1094 3040 1127 ι
3097 1075 3335 1131 indicare

1766 1158 2077 1241 videbatur
2105 1176 2165 1216 se
2193 1162 2480 1216 nocturnis
2510 1161 2662 1218 horis
2683 1163 2989 1219 divitiarum
3028 1162 3326 1235 Scriptura-

1793 1263 1913 1302 rum
1980 1249 2317 1305 meditationi
2356 1267 2582 1309 vacare.
2630 1252 2819 1310 Noctis
2870 1242 3067 1325 quippe
3126 1262 3336 1325 tempus

1793 1348 1967 1395 totum
2012 1340 2069 1395 in
2105 1342 2281 1398 varias
2315 1338 2594 1400 custodias
2627 1345 2976 1401 distributum
3004 1354 3087 1403 est
3114 1326 3128 1401 Ξ
3160 1347 3238 1402 sic
3282 1348 3336 1402 in

1796 1430 2082 1501 Evangelio
2111 1430 2363 1499 Salvator
2390 1442 2584 1503 quarta
2613 1437 2791 1490 noctis
2813 1438 3056 1493 custodia
3089 1438 3154 1492 ad
3182 1438 3342 1493 disci-

1796 1521 1952 1590 pulos
1985 1523 2198 1578 venisse
2234 1524 2452 1579 dicitur.
2497 1524 2642 1579 Alibi
2679 1540 2809 1580 vero
2837 1527 2954 1596 ipse
2973 1528 3106 1583 dicit
3141 1547 3155 1581 :
3191 1548 3209 1579 ι
3243 1527 3339 1584 Vi-

1794 1613 1978 1697 gilate.
2012 1615 2139 1684 quia
2164 1614 2383 1670 nescitis
2424 1630 2530 1685 qua
2565 1600 2812 1670 custodia
2855 1616 3115 1673 Dominus
3162 1627 3341 1675 vester

1797 1703 1976 1758 veniet
1993 1704 2069 1772 l’;
2099 1724 2118 1755 ι
2174 1719 2237 1760 ac
2289 1722 2558 1779 rursum:
2599 1725 2618 1757 ι
2657 1705 2793 1760 ll'lud
2860 1714 3039 1763 autem
3102 1710 3294 1765 scitote
3322 1752 3338 1775 ,

1797 1789 1924 1862 quia
1954 1796 2001 1847 si
2036 1794 2199 1849 sciret
2243 1792 2629 1866 paterfamilias
2657 1810 2760 1866 qua
2782 1780 3053 1850 custodiai-
3076 1797 3164 1851 fur
3211 1814 3341 1854 vcn-

143 1885 233 1937 καὶ
260 1884 341 1955 τῷ
358 1882 479 1954 Θεῷ
510 1882 891 1953 ἀνακείμενος,
918 1883 1459 1960 ἀναμιμνῃσκόμενος
1488 1885 1579 1936 ἐπὶ
1605 1885 1701 1953 τῆς

1800 1892 1956 1939 turus
1993 1886 2220 1940 esset“.
2263 1905 2282 1938 ι
2322 1885 2418 1940 Vir
2460 1900 2624 1956 porro
2672 1888 2763 1944 ille
2809 1886 3106 1959 religiosus
3135 1897 3189 1943 et
3231 1888 3340 1947 Deo
3374 1885 3377 1888 ⁴

144 1975 337 2031 ἐαυτοῦ
379 1975 669 2048 στρωμνῆς
717 1974 811 2028 τοῦ
843 1973 998 2038 Θεοῦ,
1031 1974 1256 2029 ἀσπιλόν
1293 1992 1354 2028 τε
1394 1976 1560 2047 αὐτὴν
1608 1977 1701 2030 καὶ

143 2067 333 2151 ἁγνὴν,
368 2060 743 2138 καὶάμίαντον
780 2066 1077 2138 φυλάττων,
1114 2066 1234 2120 καθ’
1274 2067 1505 2138 ἐκάστην
1538 2069 1703 2137 φυλα-

142 2161 243 2231 κὴν
286 2160 389 2230 τῆς
419 2159 609 2223 νυκτὸς
652 2159 1037 2229 ἀνιστάμενος,
1072 2160 1258 2229 εὐχαῖς
1303 2163 1575 2231 προσεῖχε,
1611 2164 1702 2214 καί¹

142 2255 252 2314 τοῖς
271 2251 439 2315 θείοις
471 2253 746 2321 ἐνησκεῖτο
773 2250 1085 2322 μαθήμασιν
1103 2266 1116 2280 ’
1146 2250 1174 2303 ὃ
1197 2250 1260 2321 δὴ
1287 2249 1546 2303 διδάσκων
1566 2253 1702 2305 κατὰ

144 2344 230 2397 τὸν
284 2343 579 2413 Σύμμαχον
635 2340 817 2408 ἔλεγεν
836 2355 850 2369 ο
905 2357 924 2390 t
987 2340 1554 2410 ’Δναμιμνησκόμενός
1609 2358 1701 2394 σου

144 2434 233 2486 ἐπὶ
284 2433 386 2504 τῆς
453 2431 736 2503 στρωμνῆς
791 2447 912 2502 μου,
990 2429 1111 2483 καθ’
1170 2430 1405 2499 ἑκάστην
1461 2430 1700 2500 φυλακὴν

145 2525 435 2596 ἐμελέτων.
468 2543 488 2575 ι
514 2524 608 2584 Εἰς
626 2522 813 2596 σέθγάρ
842 2522 1002 2575 αὑτὸν
1029 2520 1299 2592 ἐμελέτων
1324 2522 1413 2574 τὸν
1438 2520 1568 2574 Θεὸν
1584 2522 1703 2574 ἀντὶ

148 2616 327 2685 πάσης
373 2613 556 2685 βίϐλου
604 2611 695 2665 καὶ
739 2612 972 2685 γραφῆς,
1006 2612 1118 2667 ἄνω
1180 2611 1313 2683 πρὸς
1365 2612 1424 2665 σὲ
1466 2610 1556 2664 τόν
1582 2610 1703 2665 νοῦν

146 2706 455 2776 τεταμένος,
491 2702 724 2774 μελετῶν
759 2720 818 2754 τε
847 2702 941 2755 καὶ
984 2694 1527 2774 ἀναμιμνησκόμενος
1564 2704 1702 2756 ὅσων

147 2796 382 2867 ἠξιώθην
412 2796 514 2849 ὑπὸ
551 2795 644 2849 σοῦ
692 2792 1037 2866 εὐεργεσιῶν,
1077 2794 1172 2847 καὶ
1218 2794 1293 2857 ὡς
1346 2793 1582 2863 γέγονάς,
1603 2811 1702 2865 μου

148 2889 375 2943 πάντοτε
400 2888 608 2959 βοήθὺς,
644 2887 737 2941 καὶ
761 2886 827 2939 ἐκ
851 2885 1056 2957 μυρίων
1085 2901 1153 2956 με
1181 2884 1497 2957 πειρασμῶν
1522 2884 1707 2939 διέσω-

152 2995 265 3044 σας,
299 2981 396 3035 καὶ
427 2980 502 3043 ῶς
532 2978 811 3041 ἑκσπάσας
858 2994 924 3048 με
967 2964 1097 3040 ταῖς
1119 2975 1313 3030 σαυτοῦ
1344 2975 1586 3049 πτέρυξι,
1613 2977 1706 3048 δη-

148 3069 276 3141 λαδὴ
296 3050 419 3134 ταῖς
434 3070 688 3142 δυνάμεσι
712 3069 808 3140 τῆς
854 3066 1050 3122 σαυτοῦ
1080 3068 1360 3138 προνοίας·
1391 3066 1545 3121 ἅτινα
1580 3068 1707 3121 ἀνα-

152 3160 564 3231 πεμπαξόμενος
614 3153 682 3230 τῇ
739 3159 945 3234 μνήμη»
1009 3157 1182 3227 χαρᾶς
1248 3156 1617 3228 ὲτετληροιῑμιτιν,
1669 3156 1705 3228 ἢ

147 3252 357 3324 ἀνηυφή
366 3248 498 3324 μουν
527 3268 587 3305 σε
605 3250 698 3304 τὸν
713 3250 842 3303 Θεὸν
861 3248 1003 3303 κατὰ
1018 3249 1109 3301 τὸν
1128 3248 1419 3319 Σύμμαχον
1439 3250 1705 3320 φήσαντα,

155 3362 177 3393 ι
208 3345 302 3396 καὶ
327 3342 659 3413 σκεπόμενος
687 3344 745 3395 ἐν
774 3327 892 3403 ταῖς
931 3338 1153 3411 πτέρυξι
1177 3355 1268 3391 σου
1287 3339 1656 3409 ἀνηυφήμουν.
1682 3358 1701 3389 ι

153 3436 405 3491 Μελετῶν
435 3436 491 3489 δὲ
516 3436 586 3489 τὰ
619 3434 687 3487 σὰ
714 3425 866 3501 λόγια
892 3430 1279 3499 καθ’,ἐκάστην
1327 3429 1569 3499 φυλακὴν
1606 3429 1707 3499 τῆς

155 3525 361 3588 νυκτὸς,
392 3518 890 3583 κᾶπειταάκούσας
925 3517 1020 3572 τοῦ
1050 3509 1319 3589 φήσαντὶις
1356 3514 1498 3569 θείου
1520 3515 1701 3585 νόμου·

161 3636 177 3667 t
225 3618 427 3672 Ὀπίσω
454 3614 656 3688 Κυρίου
686 3612 782 3666 τοῦ
808 3610 942 3667 Θεοῦ
977 3627 1071 3665 σου
1102 3608 1360 3681 πορεύσῃ,
1403 3626 1421 3658 ι
1456 3606 1551 3659 καὶ
1574 3606 1706 3676 πρὸς

155 3709 309 3763 αὑτὸν
347 3728 380 3759 ι·
424 3705 719 3777 κολληθεὶς,
749 3704 784 3776 ἢ
816 3700 1078 3766 διατεθεὶς
1106 3699 1202 3772 τὴν
1229 3697 1405 3769 ψυχὴν
1435 3695 1707 3767 πειθήνιος

156 3800 346 3868 γέγονα
379 3798 457 3869 τῷ
499 3798 666 3869 νόμῳ,
703 3797 823 3859 ὅλος
866 3811 927 3849 τε
966 3794 1192 3865 εἰχόμην
1222 3790 1314 3844 τοῦ
1365 3788 1705 3861 πράγματος,

158 3891 328 3944 πάντα
367 3907 429 3943 τε
467 3887 828 3959 ἡγησάμενος,
882 3883 1097 3967 μᾶλλον.
1123 3881 1194 3948 δὲ,
1224 3872 1589 3950 ἀποστραφεὶς
1637 3876 1708 3967 τά

162 3982 290 4053 μετὰ
331 3982 425 4034 τὸν
469 3979 599 4051 Θεὸν
632 3978 828 4039 πάντα,
853 3974 1123 4045 άνῶτερος
1160 3972 1253 4024 καὶ
1280 3969 1602 4041 ὑψηλότερος
1628 3966 1729 4037 τῷ,

159 4072 302 4143 πόθῳ
352 4073 452 4142 τῆς
492 4070 674 4140 ψυχῆς
732 4067 1018 4136 κατέστην,
1075 4064 1172 4117 καὶ
1223 4061 1306 4115 σοὶ
1349 4059 1429 4129 τῷ
1458 4058 1576 4130 Θεῷ
1607 4074 1708 4129 μου

162 4162 449 4235 συνήφθην,
481 4162 555 4226 ὠς
582 4162 751 4213 εἰπεῖν
783 4158 857 4230 μή
892 4156 1262 4227 ψευσάμενονὲ
1290 4171 1311 4203 ‹
1352 4150 1643 4223 Ἐκολλήθη
1672 4152 1706 4221 ή

158 4240 297 4327 ψυχή
334 4272 435 4327 μου
460 4254 635 4307 ὀπίσω
665 4268 779 4305 σου.
820 4270 841 4303 ι
872 4250 965 4313 Εἰς
990 4246 1256 4317 τοσαύτην
1279 4244 1337 4299 δὲ
1367 4244 1543 4315 ῆλασα
1579 4260 1711 4314 προ-

162 4348 327 4418 κοπὴν
354 4346 450 4401 καὶ
470 4343 820 4409 είςιτοσοῦτον
843 4339 1070 4411 μέγεθος
1100 4338 1297 4409 ἀρετῆς
1318 4334 1711 4407 προῆλθον,ούκ

162 4438 390 4511 ἐμαυτοῦ
414 4437 638 4507 δυνάμει
664 4432 1022 4505 χρησάμενος,
1050 4429 1185 4483 ἀλλὰ
1209 4430 1275 4499 τῇ
1303 4429 1367 4498 σῇ
1392 4426 1675 4496 δεσποτεία
1693 4441 1706 4452 ·

162 4533 224 4585 σὺ
246 4530 351 4603 7&9
375 4530 535 4592 αὐτὸς
553 4525 631 4597 τῷ
658 4524 735 4595 σῷ
766 4524 899 4594 ἐλέῳ
927 4518 1083 4576 τοῦτό
1119 4539 1208 4591 μοι
1233 4521 1505 4592 ἐδωρήσω.
1539 4516 1709 4588 ὐρῶν

163 4620 267 4693 γάρ
304 4639 405 4693 μου
435 4621 525 4674 τὸν
556 4618 681 4689 περί
709 4616 767 4669 οὲ
799 4613 961 4668 πόθον
987 4614 1082 4667 καὶ
1111 4612 1505 4681 ἀποδεξάμενος
1527 4607 1706 4670 αὑτὸν,

164 4712 494 4783 κατηξίωσας
532 4710 632 4781 τὴν
674 4705 865 4762 σαυτοῦ
895 4704 1071 4772 δεξιὰν
1094 4705 1339 4767 ἐκτείνας
1366 4700 1709 4759 ἐπιλαϐέσθαι

168 4820 264 4872 μου
310 4804 422 4871 καὶ
446 4799 695 4856 ἀνελκῦσο
745 4803 877 4861 σιω
905 4797 1042 4870 πρὸς
1063 4796 1250 4850 ἑαυτὸν
1271 4812 1285 4826 ο
1310 4793 1399 4847 διὰ
1416 4792 1574 4863 τοῦτο
1602 4790 1711 4863 γὰρ

165 4892 432 4964 δεδύνηται
463 4895 499 4964 ἡ
520 4892 670 4964 ψυχή
700 4887 752 4955 ν’
818 4890 942 4952 ὑπὸ
967 4887 1060 4942 σοῦ
1097 4885 1415 4958 βοηθηθεῖσα
1447 4882 1709 4954 κολληθῆ-

167 5002 248 5039 ναι
284 4985 454 5039 ὀπίσω
479 5002 572 5039 σου
589 5002 604 5016 ·
638 4985 930 5055 ἐπτιηηερ
960 4998 982 5033 ι
1018 4977 1151 5050 ἐμοῦ
1176 4975 1492 5032 ἀντελάϐετο
1510 4974 1544 5044 ή
1562 4972 1710 5039 δεξιά

170 5092 274 5129 σου.
318 5094 335 5127 ι
364 5074 440 5128 Οὐ
469 5074 577 5147 7&9
619 5074 685 5128 ἂν
738 5074 913 5137 ἄλλως
957 5069 1287 5140 ἐφικνούμην
1324 5065 1417 5119 τοῦ
1456 5063 1706 5136 τοσούτου

171 5167 341 5236 ὕψους,
389 5166 437 5218 εἱ
458 5156 544 5237 μὴ
582 5164 899 5221 ἀντελάϐετό
933 5180 1036 5234 μου
1065 5164 1099 5234 ἡ
1124 5159 1277 5226 δεξιά
1317 5175 1430 5212 σου.
1459 5154 1708 5209 Διδάσκει

169 5257 220 5310 δὲ
256 5260 284 5312 ό
307 5256 622 5318 ’Δτσόστολος
640 5255 757 5316 πῶς
791 5248 877 5318 τις
905 5254 1158 5308 κολλᾶται
1180 5250 1255 5323 τῷ
1280 5249 1487 5320 Κυρίῳ,
1512 5244 1705 5314 λέγων’

177 5367 195 5398 ι
238 5350 290 5404 '0
319 5347 648 5418 κολλώμενος
669 5343 749 5415 τῷ
775 5344 964 5414 Κυρίῳ
990 5344 1048 5395 ἐν
1072 5341 1287 5412 πνεῦμά
1308 5341 1486 5393 ἐστιν’
1519 5336 1595 5401 ὡς
1615 5337 1709 5391 καὶ

173 5440 201 5490 ὁ
228 5437 657 5511 κολλώμενοςθτῇ
695 5435 867 5509 πόρνῃ
896 5432 955 5487 ἐν
993 5433 1151 5504 σῶμά
1172 5434 1309 5485 ἐστι.
1360 5450 1378 5482 ο
1421 5427 1609 5496 Λόγων
1652 5427 1709 5481 δὲ

1800 1977 2069 2039 addictus,
2096 1975 2189 2032 Dei
2221 1978 2273 2031 in
2307 1986 2477 2032 strato
2516 1992 2616 2034 suo
2648 1978 2983 2041 recordatus,
3022 1980 3339 2034 immacula-

1799 2076 1912 2122 tum
1948 2068 2104 2129 illud,
2148 2077 2356 2123 castum
2382 2078 2436 2125 et
2463 2068 2802 2139 impollutum
2846 2070 3203 2132 custodiebat.
3226 2072 3340 2127 sin-

1799 2158 1939 2229 gulis
1965 2158 2144 2213 noctis
2178 2159 2440 2214 custodiis
2463 2161 2805 2229 exsurgebat,
2824 2160 3073 2230 precibus
3104 2160 3339 2216 animum

1772 2240 2134 2309 adhibebat,
2193 2246 2501 2318 divinisque
2554 2248 2861 2318 disciplinis
2924 2249 3340 2314 exercitabatur.

1800 2336 1953 2403 Quod
2007 2338 2093 2392 his
2130 2338 2437 2409 Symmachi
2470 2339 2649 2395 verbis
2690 2340 2987 2395 cdocetur:
3021 2359 3040 2392 ι
3074 2334 3346 2397 Recorda-

1800 2437 1889 2482 tus
1923 2429 1999 2482 tui
2031 2445 2195 2499 super
2239 2438 2471 2485 stratum
2504 2445 2703 2494 meum,
2732 2446 2828 2501 per
2872 2432 3133 2502 singulas
3158 2440 3345 2488 custo-

1799 2520 1916 2575 dias
1938 2518 2254 2593 meditabar.
2280 2528 2314 2573 ‘i
2345 2520 2423 2576 Te
2464 2525 2661 2593 quippe
2706 2522 2871 2578 Deum
2899 2524 3305 2593 contemplabar
3329 2565 3342 2590 ,

1800 2625 1863 2664 ac
1909 2612 2026 2665 vice
2077 2610 2337 2667 librorum
2383 2618 2439 2665 et
2488 2612 2917 2681 scripturarum,
2950 2620 3129 2667 mente
3172 2611 3241 2667 ad
3292 2620 3348 2668 te

1801 2715 2017 2755 sursum
2065 2701 2228 2764 elata,
2261 2698 2582 2768 meditabar,
2627 2700 2944 2756 recordatus
2993 2702 3211 2772 quantis
3256 2718 3343 2759 me

1754 2858 1757 2859 ν
1800 2792 2077 2848 beneﬁciis
2104 2792 2416 2857 ornaveris,
2451 2801 2505 2847 et
2528 2792 2671 2861 quod
2704 2791 2836 2846 mihi
2870 2806 3083 2863 semper
3106 2792 3342 2862 adjutur,

1787 2882 1834 2937 'a
1893 2884 2163 2939 sexcentis
2212 2899 2299 2939 me
2339 2884 2729 2939 tentationibus
2780 2883 3070 2955 eripueris,
3134 2884 3343 2955 alisque

1802 2976 1932 3034 tuis,
1963 2974 2217 3030 nimirum
2252 2975 2602 3045 providentiae
2640 2982 2748 3030 tua:
2789 2975 3099 3047 virtutibus,
3136 2977 3343 3033 extuleo

1803 3072 1882 3123 ris
1909 3086 1924 3122 :
1959 3082 2078 3138 qme
2106 3068 2161 3121 in
2196 3065 2512 3122 memoriam
2544 3056 2813 3137 repetens,
2837 3068 3032 3137 gaudio
3059 3068 3305 3139 replebar
3325 3106 3343 3133 ,

1732 3207 1774 3264 ϐ
1806 3166 1965 3228 teque
2018 3157 2185 3264 beum
2237 3157 2573 3212 celebrabam
2624 3159 2923 3264 secundum
2960 3156 3339 3229 Symmachum

1807 3249 1898 3317 qui
1939 3247 2016 3302 sic
2037 3246 2219 3309 habet,
2256 3265 2275 3298 ι
2310 3254 2364 3301 et
2387 3252 2661 3319 protectus
2685 3246 2785 3300 alis
2813 3247 2920 3302 tuis
2942 3247 3296 3305 celebrabam.
3323 3269 3341 3299 ι

1805 3337 2032 3408 Eloquia
2082 3352 2211 3392 vero
2257 3346 2349 3391 tua
2396 3352 2495 3407 per
2556 3337 2799 3409 singulas
2842 3338 3019 3392 noctis
3073 3341 3349 3396 custodias

1794 3444 2012 3488 ,mccum
2057 3436 2335 3498 reputans,
2364 3428 2652 3499 auditaque
2692 3435 2816 3497 post
2854 3428 2969 3482 haec
3013 3426 3200 3505 divina
3231 3430 3349 3503 lege
3390 3494 3396 3499 7

1803 3534 1923 3588 quae
1949 3520 2029 3573 sic
2064 3518 2243 3582 habet,
2276 3536 2295 3568 ι
2328 3517 2457 3573 Post
2489 3517 2774 3573 Dominum
2822 3515 2989 3572 Deum
3032 3526 3184 3590 tuum,
3229 3534 3349 3589 gra-

1802 3610 2006 3672 dieris;
2048 3628 2067 3661 ι
2102 3608 2204 3678 ipsi
2254 3609 2495 3675 haerens,
2533 3608 2637 3678 ipsi
2686 3608 2965 3673 addictus,
3022 3606 3367 3677 morigerum

1803 3709 1890 3749 me
1936 3694 2037 3765 legi
2088 3693 2313 3763 praebui,
2353 3694 2567 3765 ipsique
2601 3694 2790 3755 inhaesi
2823 3702 3001 3759 totus,
3042 3694 3226 3750 omnia
3254 3687 3351 3767 pro

1805 3784 1974 3842 nihilo
2022 3784 2250 3848 habens,
2284 3783 2421 3849 imo
2460 3798 2592 3845 vero
2638 3785 2983 3856 omniaquae
3027 3793 3151 3856 post
3182 3785 3350 3842 Deum

1805 3884 1932 3933 sunt
1976 3886 2289 3940 aversatus,
2321 3876 2586 3951 exanimi
2622 3875 2892 3932 desiderio
2942 3877 3228 3933 sublimior
3259 3894 3355 3934 ex-

1804 3967 2112 4036 celsiorque
2155 3963 2355 4028 factus,
2394 3964 2493 4023 tibi
2532 3962 2641 4019 Deo
2682 3958 2801 4020 meo
2832 3962 3159 4036 coniunctus
3211 3982 3352 4030 sum,

1752 4051 1759 4054 ’
1805 4066 1867 4113 ut
1888 4072 2013 4113 vere
2044 4056 2230 4116 dicere
2250 4056 2456 4111 valeam
2488 4074 2502 4111 :
2538 4073 2558 4107 ι
2592 4054 2834 4113 Adhaesit
2866 4056 3046 4114 anima
3075 4070 3192 4111 mea
3232 4060 3354 4133 post

1805 4160 1939 4214 te...
1969 4150 2050 4205 Ad
2080 4158 2292 4215 tantum
2322 4164 2453 4205 vero
2485 4147 2810 4220 profectum,
2846 4149 2913 4203 ad
2942 4156 3151 4205 tantum
3184 4146 3355 4201 virtu-

1804 4244 1878 4300 tis
1919 4242 2194 4308 cumulum
2223 4242 2463 4314 perveni,
2495 4259 2603 4297 non
2639 4255 2756 4295 mea
2810 4246 3092 4310 potestate,
3135 4236 3229 4291 sed
3259 4246 3355 4292 tuo
3422 4306 3427 4309 _

1807 4335 2088 4391 dominatu
2120 4352 2135 4387 :
2166 4340 2226 4387 tu
2250 4332 2399 4387 enim
2429 4332 2544 4402 ipse
2574 4328 2949 4388 misericordia
2975 4336 3068 4381 tua
3116 4320 3167 4379 id
3220 4324 3351 4379 mihi

1807 4425 2069 4495 elargitus
2125 4438 2205 4478 es.
2258 4421 2433 4476 Meum
2470 4418 2668 4490 quippe
2704 4410 2840 4488 erga
2869 4425 2923 4473 te
2952 4418 3191 4483 amorem
3231 4427 3351 4467 cer-

1740 4546 1783 4602 D
1811 4530 1945 4571 nens
1974 4523 2389 4585 acceptansque,
2420 4521 2639 4567 extensa
2669 4507 2891 4564 dextera
2923 4515 3016 4562 tua
3054 4520 3141 4560 me
3177 4503 3353 4560 susci-

1815 4621 1962 4677 pere,
1989 4619 2313 4675 sursumque
2337 4602 2552 4657 trahere
2578 4599 2831 4670 dignatus
2860 4613 2921 4653 es
2942 4614 2958 4663 ;
2982 4596 3212 4671 ideoque
3232 4595 3350 4663 ani-

1814 4703 1900 4751 ma
1933 4709 2079 4763 mea,“
2100 4706 2153 4751 te
2184 4693 2505 4765 opitulante,
2541 4686 2823 4753 adharere
2845 4690 2941 4745 tibi
2973 4689 3149 4760 potuit
3174 4706 3189 4743 :
3218 4701 3354 4756 quo-

1812 4788 1957 4849 niam
1994 4804 2014 4838 ι
2052 4802 2139 4840 me
2164 4786 2404 4855 suscepit
2429 4780 2796 4840 dextera'tua.
2832 4801 2853 4836 ι
2895 4779 3013 4836 Non
3045 4778 3187 4834 enim
3231 4782 3354 4830 tan-

1810 4886 1922 4934 tam
1962 4876 2349 4933 sublimitatem
2398 4874 2724 4946 attigissem,
2769 4870 2874 4928 nisi
2904 4864 3352 4936 me‘suscepisset

1811 4972 2030 5027 dextera
2052 4965 2357 5023 tumsDocet
2382 4981 2544 5039 porro
2575 4964 2868 5036 Apostolus
2893 4974 2999 5031 quo
3025 4964 3184 5031 pacto
3230 4956 3353 5024 quis

1812 5064 2036 5119 Domino
2082 5060 2302 5123 haereat,
2359 5060 2445 5115 his
2493 5058 2714 5115 verbis:
2753 5075 2771 5107 ι
2812 5052 2912 5120 Qui
2965 5050 3201 5104 adhaeret
3250 5044 3352 5099 Do-

1810 5154 1979 5218 mino,
2013 5168 2154 5208 unus
2183 5152 2410 5223 spiritus
2431 5158 2543 5219 est,
2577 5143 3026 5220 quemadmodum
3052 5139 3141 5209 q-ui
3171 5137 3350 5191 adhae-

1810 5254 1893 5303 ret
1924 5245 2215 5310 meretrici,
2242 5259 2408 5298 unum
2441 5256 2642 5312 corpus
2674 5246 2757 5295 est
2774 5237 2898 5301 “.7:
2933 5233 3067 5288 Cum
3092 5243 3221 5299 ergo
3246 5225 3349 5280 Da-

1811 5337 1902 5395 vid
1928 5336 2161 5392 Domino‘
2179 5336 2405 5400 diceret,
2434 5352 2454 5386 ι
2482 5331 2719 5388 Αιιιιαιεὶι
2739 5329 2916 5384 anima
2936 5337 3054 5378 mea
3086 5326 3207 5391 post
3220 5326 3293 5384 te,
3324 5336 3343 5369 ι
3376 5330 3380 5400 ξ

1812 5430 1940 5485 hinc
1961 5442 2022 5483 se
2052 5425 2291 5482 castitati
2316 5396 2647 5497 puritatique
2676 5418 2913 5475 deditum
2942 5408 3274 5497 declarabat.
3376 5396 3383 5427 ι

178 5533 323 5587 Δαυῑδ
362 5496 440 5604 τῶ
485 5496 699 5602 Κῦρίίξν
754 5496 782 5581 ι’
813 5496 1103 5599 ’ἐκολλήθη
1132 5526 1167 5595 ἡ
1191 5523 1336 5594 ψυχή
1384 5533 1483 5593 μου
1536 5517 1708 5573 ὀπίσω
1743 5536 1861 5589 σου,
1887 5517 2044 5589 δῆλος
2089 5496 2381 5588 ἦνκαὶ
2410 5512 2597 5568 τούτου
2636 5499 2845 5578 ἀγνείᾳ
2869 5505 2964 5558 καὶ
3023 5496 3350 5572 καθαρότητι

471 5715 531 5769 δὲ
562 5677 843 5785 είςμάτην
885 5707 1153 5791 ἐζήτησαν
1182 5684 1283 5777 τὴν
1305 5704 1482 5792 ψυχήν
1517 5719 1614 5773 μοι
1673 5719 1691 5753 ο

1872 5694 2036 5752 Vatis.
2066 5692 2237 5750 lO-li.
2264 5712 2286 5777 _t
2320 5686 2424 5763 Ipsi
2456 5704 2579 5746 vero
2607 5687 2874 5750 iuvanum
2894 5651 3352 5761 quaesieruntani-

270 5828 313 5863 "
350 5827 539 5883 llattb.
581 5843 751 5894 .xnv,
781 5825 867 5882 ΑΒ.
943 5823 989 5859 ’⁸
1026 5821 1156 5879 ibid.
1190 5819 1278 5875 45.
1352 5818 1397 5849 ⁹¹
1438 5815 1457 5870 l
1490 5815 1617 5871 Cor.
1652 5826 1743 5878 vl,
1778 5808 1959 5879 l6,l7:
2015 5822 2017 5825 ‘

3227 414 3330 472 sto
3448 398 3451 399 ί
