3966 6340
672 441 777 495 ’611

1345 439 1613 495 EUSEBII
1643 439 2115 497 CIESARIENSIS
2139 441 2289 498 OPP.
2332 440 2518 505 PARS
2557 440 2647 497 lll.
2683 470 2750 479 —
2789 438 3196 496 EXEGETICA.
3772 440 3852 497 618

620 584 623 585 ν
682 569 825 608 mam
852 568 1047 609 meam.
1074 573 1094 606 ι
1132 552 1245 625 Ego
1268 555 1511 624 quidem,
1549 555 1646 622 ait,
1671 554 1765 608 tibi
1805 552 2080 609 Servatori
2123 568 2234 610 meo

2358 552 2497 622 Ἐγὼ
2532 555 2653 624 μὲν,
2681 553 2835 623 φησὶ,
2870 551 3050 623 σοὶτῷ
3080 550 3314 623 ἐμαυτοῦ
3355 550 3565 622 Σωτῆρι
3594 552 3852 623 προσεῖχον,

683 645 969 709 haerebam,
1005 655 1169 716 atque
1214 645 1474 717 periugus
1499 655 1552 701 et
1589 647 1643 700 in
1684 646 1985 702 solitudine
2010 644 2234 716 degens,

684 736 778 787 tibi
809 734 1046 788 animam
1093 736 1419 804 copulabam
1452 750 1650 797 meam,
1684 743 1737 789 et
1773 748 2059 789 sermones
2114 741 2238 789 tuos

684 822 1014 881 meditabar:
1073 841 1250 896 neque
1305 826 1451 881 enim
1488 828 1839 895 insequentes
1874 841 1960 879 me
2014 825 2239 895 propul-

681 921 888 980 sabam,
923 935 1098 988 neque
1131 921 1317 982 etiam,
1357 918 1487 971 dum
1520 919 1617 972 tibi
1669 917 1777 971 Deo
1810 932 2080 980 vacarem,
2118 931 2238 986 pre-

677 1024 770 1063 ces
804 1010 1097 1065 fundebam
1125 1019 1316 1065 contra
1349 1011 1640 1071 inimicds;
1674 1009 1769 1065 sed
1794 1010 1889 1062 tibi
1926 1011 2042 1075 uni,
2076 1016 2133 1063 ut
2154 1009 2237 1062 di-

680 1110 826 1153 ctum
868 1109 975 1162 est,
1011 1101 1376 1155 adhaerebam.
1416 1099 1501 1153 llli
1550 1115 1679 1155 vero
1734 1100 1939 1154 futilem
1975 1091 2234 1155 adversus

678 1192 915 1245 animam
958 1206 1152 1256 meam,
1186 1186 1611 1245 sollicitudinem
1662 1191 1942 1261 suscipere
1980 1206 2088 1245 non
2142 1189 2237 1245 de-

676 1283 941 1336 sistebant
970 1300 981 1335 :
1017 1282 1070 1334 in
1109 1297 1305 1334 vanum
1338 1282 1538 1351 quippe
1569 1282 1883 1351 quaerebant
1910 1298 2051 1350 eam,
2094 1297 2232 1353 quas,

674 1378 934 1445 quoniam
998 1376 1093 1427 tibi
1135 1374 1396 1437 hrerebat,
1433 1375 1501 1429 ab
1555 1375 1688 1444 ipsis
1738 1376 1961 1429 minime
2010 1374 2234 1445 reperiri

677 1475 923 1538 poterat:
961 1483 1128 1536 quare
1182 1482 1303 1537 quae
1332 1483 1390 1521 se
1429 1477 1650 1521 manent
1682 1468 1785 1537 ipsi
1832 1468 2049 1537 quidem
2080 1469 2235 1537 igno-

676 1570 819 1620 rant,
852 1560 944 1611 sed
975 1555 1221 1627 Spiritus
1245 1566 1469 1634 sanctus
1494 1558 1846 1621 vaticinatur.
1884 1558 2254 1614 Deinde-vero,

675 1650 787 1702 haec
820 1649 1131 1717 prophetice
1155 1648 1522 1702 vociferatur:
1561 1667 1579 1699 ‹
1604 1647 1907 1703 lntroibunt
1928 1650 1992 1718 ⁸ἱιι
2017 1650 2237 1704 inferio-

674 1756 734 1793 ra
762 1750 970 1793 terrm.»
1027 1740 1471 1810 Quandoquidem
1497 1742 1643 1795 enim
1672 1751 1893 1797 terrena
1924 1743 2234 1811 sapiebant,

2340 646 2433 699 καὶ
2460 645 2539 699 σοὶ
2568 644 2667 717 τὴν
2698 646 2835 717 ἐμὴν
2866 644 3042 725 ψυχὴν
3079 644 3345 715 συνῆπτον
3363 683 3377 708 ,
3412 646 3523 706 τοῖς
3552 659 3609 695 τε
3635 646 3734 707 σοῖς
3758 645 3844 713 ἐμε-

2338 735 2504 790 λέτων
2537 736 2715 807 λόγοις
2737 776 2752 799 ,
2799 739 2857 790 ἐν
2906 739 3050 807 φυγῇ
3101 737 3402 805 τυγχάνων,
3433 725 3528 789 καῖ
3559 736 3616 788 ἐν
3646 736 3853 807 ἐρημίαις

2338 829 2653 901 ποιούμενος
2692 830 2790 893 τάς
2824 829 3138 901 διατριϐάς.
3188 830 3263 881 Οὐ
3312 828 3418 900 γὰρ
3454 813 3729 898 ἢμυνόμην
3758 829 3855 890 τοὺς

2336 919 2655 984 ἐλαύνοντας
2679 937 2765 991 με,
2789 920 2903 974 ἀλλ’
2934 920 3054 973 οὐδὲ
3086 918 3167 972 σοὶ
3192 918 3269 989 τῷ
3293 917 3412 989 Θεῷ
3441 907 3702 989 σχολάζών
3727 919 3856 989 εὐχὰς

2336 1018 2477 1072 κατά
2494 1019 2601 1072 τῶν
2631 1007 2840 1091 ἐχθρῶν
2860 1019 3174 1089 ἀνέπεμπον
3194 1035 3209 1049 ο
3234 1018 3318 1071 σοὶ
3344 1017 3401 1070 δὲ
3598 1018 3858 1088 προσεῖχον,

2335 1113 2412 1177 ὡς
2450 1111 2606 1183 ἔφην.
2650 1112 2713 1164 Oi
2743 1112 2798 1164 δὲ
2835 1113 2897 1165 οὐ
2938 1111 3202 1164 διέλειπον
3232 1109 3464 1182 ματαίαν
3498 1108 3716 1179 σπουδὴν
3746 1108 3859 1160 κατὰ

2332 1204 2432 1275 τῆς
2466 1204 2644 1274 ψυχῆς
2676 1220 2775 1274 μου
2807 1202 3149 1272 ποιούμενοι·
3184 1203 3264 1265 είς
3295 1200 3519 1271 μάταιον
3541 1200 3647 1270 γὰρ
3674 1196 3862 1265 ἐζήτουν

2334 1296 2502 1369 αὐτὴν
2524 1336 2539 1361 ,
2584 1296 2870 1367 ἀνεύρετον
2917 1295 3098 1357 αὐτοῖς
3129 1289 3294 1348 οὖσαν
3325 1291 3412 1345 sui
3452 1290 3515 1344 τὸ
3548 1288 3860 1357 ηκολλῆσθαι

2332 1391 2506 1443 ὀπίσω
2536 1406 2629 1442 σου
2648 1406 2663 1419 ·
2693 1389 2879 1459 διόπερ
2911 1388 2979 1441 τά
3013 1388 3375 1459 περιμένοντα
3403 1385 3600 1448 αὐτοὺς
3627 1383 3763 1436 αὐτοὶ
3789 1382 3865 1451 μὲν

2333 1483 2432 1536 οὐκ
2457 1482 2620 1546 ἴσασι,
2644 1482 2704 1535 τὸ
2731 1482 2787 1535 δὲ
2813 1479 3033 1551 Πνεῦμα
3061 1479 3122 1532 τὸ
3152 1479 3303 1547 ἅγιον
3332 1474 3597 1540 θεσπίζει.
3628 1472 3730 1529 Εἶθ’
3759 1474 3865 1542 ἑξῆς

2333 1576 2541 1639 τούτοις
2568 1574 2917 1645 προφητικῶς
2953 1574 3225 1641 ἀναφωνειῖ
3258 1570 3428 1639 λέγων
3451 1588 3465 1602 ·
3510 1590 3528 1621 ι
3556 1567 3868 1622 Είσελεύσον-

2334 1688 2424 1723 ται
2452 1671 2530 1732 είς
2560 1668 2643 1721 τά¹
2662 1666 2948 1721 κατώτατα
2984 1665 3080 1735 τῆς
3106 1665 3228 1734 γῆς.
3257 1685 3275 1716 ι
3318 1662 3537 1734 Ἐπειδὴ
3570 1663 3673 1734 γάρ
3696 1661 3759 1714 τὰ
3790 1661 3870 1731 τῆς

2334 1754 2436 1832 γῆς
2459 1762 2713 1839 ἐφρόνουν
2740 1760 2832 1813 καὶ
2858 1757 2965 1811 τῶν
2990 1756 3138 1811 κάτω
3162 1757 3467 1825 γεγόνασιν,
3496 1755 3711 1817 εἰκότως
3734 1752 3871 1805 τάπί-

670 1833 807 1887 etin
852 1834 1051 1888 inlimis
1082 1835 1361 1888 constituti
1391 1842 1568 1899 erant,
1606 1834 1730 1903 jure
1762 1835 2066 1889 facinorum
2098 1850 2234 1904 prae-

2336 1872 2491 1926 χειρα
2528 1833 2815 1906 ἰπείσονται
2873 1847 2953 1913 οἷς
2992 1850 3239 1921 ἔδρασαν.
3287 1849 3344 1902 '0
3390 1840 3488 1919 μὲν
3519 1847 3626 1918 γάρ
3660 1845 3733 1916 τῷ
3772 1842 3871 1911 Θεῷ

674 1926 781 1978 mia
824 1929 1103 1996 recipient.
1161 1924 1296 1979 Nam
1329 1929 1421 1994 qui
1462 1923 1572 1979 Deo
1614 1926 1943 1994 conjunctus
1970 1936 2024 1981 et
2052 1927 2233 1980 anima

2372 1894 2491 1907 ...-
2547 1894 2815 1906 .....ν,....
2876 1894 2950 1913 ν..
2992 1894 3045 1903 --
3084 1894 3239 1904 --.ω
3308 1894 3339 1902 ν
3390 1894 3481 1919 Γ--
3530 1894 3621 1918 ,Ὗ
3671 1894 3728 1916 ,τ

2337 1894 2647 2015 θὐύαφθεὶς,
2676 1945 2769 1999 καὶ
2798 1944 2893 2015 τὴν
2917 1894 3093 2014 ψύχη-ν
3120 1940 3270 2012 αὐτῷ
3297 1938 3730 2012 προσκολληθεὶς,
3747 1932 3873 1987 ἐλπίο

673 2018 777 2087 ipsi
804 2019 1211 2088 conglutinatus
1232 2026 1338 2078 est,
1372 2017 1521 2086 regni
1545 2018 1808 2071 caelorum
1836 2033 1987 2087 spem
2019 2019 2234 2073 obtine-

672 2109 784 2179 bit;
816 2110 909 2178 qui
962 2123 1092 2179 vero
1146 2107 1480 2161 contrariam
1529 2108 1829 2163 decurrunt
1860 2110 2022 2177 viam,
2053 2118 2106 2164 et
2149 2113 2232 2166 iu-

676 2201 798 2255 lima
849 2200 1087 2268 sapiunt,
1137 2202 1192 2253 in
1230 2200 1405 2254 laeum
1457 2200 1593 2253 alias
1626 2210 1984 2273 memoratum
2011 2201 2230 2271 dejecti,

674 2290 979 2344 introibunt
1020 2290 1074 2342 in
1123 2288 1383 2342 inferiora
1418 2296 1598 2342 terrae.
1669 2287 1806 2341 Dum
1856 2290 2001 2343 enim
2054 2290 2232 2360 quivis

675 2381 838 2433 homo
899 2380 1242 2449 superllciem
1296 2387 1453 2433 teme
1500 2378 1712 2443 incolit,
1757 2381 1810 2434 in
1873 2380 2231 2438 inferioribus

674 2484 885 2529 tantum
936 2476 1182 2529 habitare
1210 2474 1429 2538 dicitur,
1482 2480 1542 2527 ut
1589 2474 1722 2528 dicit
1769 2475 2012 2545 quidam,
2051 2474 2232 2542 «Quia

674 2568 817 2622 Deus
850 2567 903 2621 in
934 2568 1075 2621 coelo
1106 2583 1347 2631 sursum,
1380 2575 1435 2621 et
1463 2576 1521 2620 tu
1569 2568 1622 2621 in
1656 2552 1800 2622 terra
1848 2566 2105 2623 deorsum
2125 2569 2224 2625 ⁸⁸.»

673 2662 804 2717 Post
840 2664 1043 2715 exitum
1089 2669 1267 2715 autem
1310 2676 1376 2714 ex
1418 2661 1520 2715 hac
1549 2664 1682 2724 vita,
1721 2661 1960 2732 religiosi
2010 2662 2230 2733 quidem

673 2753 920 2807 homines
959 2752 1156 2831 cmlum
1196 2767 1292 2822 pro
1341 2752 1619 2807 domicilio
1665 2753 1964 2818 habebunt,
2012 2770 2231 2811 sursum

670 2847 820 2909 elati,
850 2861 913 2899 ac
965 2845 1208 2913 rapiendi
1262 2846 1315 2899 in
1354 2846 1593 2900 nubibus
1621 2847 1836 2900 obviam
1870 2846 2121 2918 Domino,
2169 2864 2232 2904 ac

671 2938 751 2993 sic
775 2952 991 3006 semper
1038 2952 1161 2990 cum
1195 2935 1423 2992 Domino
1449 2937 1646 3002 futuri;
1686 2940 1836 3007 impii
1868 2956 1998 2995 vero
2028 2948 2082 2995 et
2106 2956 2235 3011 pec-

671 3038 885 3083 catores
924 3019 982 3082 in
1024 3028 1281 3082 inferiora
1334 3037 1489 3083 terra:
1523 3029 1889 3087 descendent:
1931 3022 2052 3102 qua?
2083 3048 2235 3088 com-
2306 3034 2309 3037 ’

670 3136 983 3175 memorans
1012 3121 1306 3189 Apostolus
1335 3122 1583 3177 dicebat:
1635 3142 1653 3173 ι
1678 3122 1736 3176 1η
1775 3123 2065 3179 inferiores
2106 3141 2231 3196 par-

2337 2041 2431 2103 δας
2463 2039 2573 2104 ἕξει
2603 2037 2875 2109 βασιλείας
2902 2032 3145 2107 οὐρανῶν
3165 2049 3178 2063 ·
3209 2034 3257 2085 οἱ
3287 2033 3343 2086 δὲ
3377 2030 3473 2103 τὴν
3503 2029 3740 2083 ἐναντίαν
3761 2027 3873 2099 δρα-

2342 2133 2532 2203 μόντες
2562 2130 2656 2183 καὶ
2694 2127 2764 2180 τὰ
2805 2126 2954 2181 κάτω
2997 2126 3396 2196 φρονήσαντες,
3439 2123 3521 2185 είς
3552 2122 3641 2174 τὸν
3664 2114 3874 2191 ἀλλαχοῦ

2339 2223 2537 2275 λάκκον
2564 2217 2945 2289 ὠνομασμένον
2976 2214 3353 2285 καταχθέντες,
3386 2213 3443 2265 ἐν
3470 2215 3581 2275 τοῖς
3611 2210 3877 2264 κατωτάτω

2337 2314 2437 2385 τῆς
2480 2313 2582 2384 γῆς
2626 2311 2951 2364 ἐλεύσονται.
2996 2307 3143 2371 Τέως
3180 2304 3276 2377 μὲν
3309 2304 3417 2374 γὰρ
3447 2306 3556 2367 πᾶς
3586 2302 3875 2374 ἄνθρωπος,

2336 2408 2436 2478 τὴν
2462 2386 2780 2477 ἐπιφάνειαν
2805 2402 2967 2456 οἰκῶν
2994 2401 3090 2471 τῆς
3117 2397 3222 2469 γῆς
3239 2433 3256 2463 ,
3293 2396 3363 2451 τά
3388 2396 3538 2451 κάτω
3577 2397 3706 2467 μόνα
3730 2395 3879 2447 οἰκεῖν

2337 2500 2551 2568 λέγεται
2580 2496 2721 2551 κατὰ
2748 2496 2838 2549 τὸν
2888 2491 3133 2564 φήσαντα
3156 2508 3169 2521 ·
3208 2508 3227 2542 ‹
3263 2492 3385 2545 Ὀτι
3409 2490 3437 2541 ὁ
3462 2487 3603 2552 Θεὸς.
3624 2489 3677 2541 ὲν
3703 2485 3777 2557 τῷ
3805 2485 3879 2537 οὐ.

2340 2589 2485 2662 ρανῷ
2525 2590 2637 2643 ἀνω
2664 2628 2679 2653 ,
2724 2589 2816 2641 καὶ
2859 2587 2922 2640 σὺ
2954 2588 3011 2637 ὲν
3038 2585 3105 2655 τῇ
3148 2584 3218 2654 γῇ
3256 2582 3424 2635 κάτω.
3462 2600 3480 2633 ι
3518 2579 3669 2635 Μετὰ
3703 2578 3759 2632 δὲ
3794 2578 3878 2648 τὴν

2337 2682 2545 2737 ἐνθένδε
2577 2678 2913 2751 ἀπαλλαγὴν,
2941 2679 2989 2731 oi
3008 2674 3114 2755 μὲν
3148 2675 3412 2745 Θεοφιλεῖς
3434 2672 3661 2745 οὐρανὸν
3689 2671 3881 2737 ἕξουσιν

2336 2777 2645 2849 οίκητήριον
2664 2816 2678 2839 ,
2721 2776 2800 2837 εἰς
2828 2773 2897 2826 τὰ
2921 2772 3163 2844 ἀνώτερα
3199 2768 3646 2842 μετεωρισθέντες
3676 2767 3767 2819 καὶ
3796 2765 3880 2835 ἀρ·

2338 2868 2705 2940 παγησόμενοι
2741 2867 2799 2919 ἐν
2825 2865 3073 2935 νεφέλαις
3106 2864 3186 2926 είς
3214 2862 3517 2931 ἀπάντησιν
3547 2858 3640 2913 τοῦ
3670 2856 3878 2926 Κυρίου,

2338 2961 2478 3015 οὕτω
2501 2978 2560 3013 τε
2588 2961 2827 3013 πάντοτε
2854 2959 2949 3010 σὺν
2988 2956 3177 3028 Κυρίῳ
3208 2954 3481 3025 ἐσόμενοι·
3516 2956 3563 3007 oi
3605 2953 3650 3005 δ⁴
3688 2949 3883 3009 ἀσεϐεῖς

2340 3055 2432 3107 καλ⁸
2463 3050 2774 3124 ἁμαρτωλοὶ
2798 3050 2877 3113 είς
2903 3049 2971 3102 τὰ
2990 3047 3286 3102 κατώτατα
3311 3046 3410 3116 τῆς
3431 3044 3534 3114 γῆς
3566 3042 3882 3113 καταϐήσον·

2338 3163 2458 3200 ται’
2502 3139 2576 3201 ὧν
2607 3141 2953 3215 μεμνημένος
2990 3141 3018 3192 ὁ
3068 3136 3384 3200 Ἀπόστολος
3419 3136 3634 3204 ἔλεγεν·
3667 3152 3685 3185 ι
3711 3134 3802 3195 Εἰς
3825 3131 3881 3183 τὰ

671 3224 754 3270 tes
789 3224 948 3268 terra:
977 3217 1067 3283 qui
1096 3215 1399 3276 descendit,
1438 3216 1554 3286 ipse
1584 3224 1668 3271 est
1712 3218 1803 3288 qui
1846 3218 2094 3274 ascendit
2136 3236 2227 3274 su-

2335 3234 2615 3305 κατώτερα
2641 3232 2741 3303 τῆς
2765 3232 2867 3299 γῆς
2890 3233 2918 3283 ὁ
2945 3229 3186 3308 καταϐάς
3206 3269 3221 3293 ,
3263 3227 3423 3291 αὐτός
3448 3228 3596 3279 ἐστιν
3630 3227 3658 3278 ὁ
3696 3221 3879 3282 ἀναϐὰς

670 3322 766 3376 per
801 3322 987 3360 omnes
1020 3308 1209 3370 caelos,
1253 3315 1313 3360 ut
1361 3307 1608 3374 impleret
1657 3310 1841 3362 omnia
1862 3310 1960 3362 θ’.»
2019 3308 2229 3365 Etenim

2335 3329 2587 3402 ὑπεράνω
2629 3325 2843 3379 πάντων
2886 3322 2993 3375 τῶν
3032 3305 3309 3393 οὐρανῶν,
3369 3319 3455 3372 ἴνα
3509 3315 3765 3388 πληρώσῃ
3824 3313 3879 3366 τὰ

672 3398 930 3455 Servator
954 3411 1005 3454 et
1040 3400 1297 3454 Dominus
1330 3408 1512 3456 uoster
1548 3418 1721 3471 usque
1754 3402 1821 3455 ad
1859 3403 2041 3458 inﬁma
2071 3410 2232 3458 terra:

663 3491 971 3556 descendit,
1007 3502 1069 3546 ut
1104 3494 1329 3547 salutari
1366 3494 1566 3549 virtute
1600 3493 1849 3565 impleret
1879 3497 2082 3553 omnia.
2117 3497 2230 3554 Hoc

664 3566 848 3649 ipsum
892 3582 1028 3638 .lobo
1088 3585 1362 3655 signiﬁcat
1415 3586 1503 3641 ille
1542 3587 1649 3655 'qui
1699 3587 1961 3643 Dominus
2006 3600 2230 3645 vocatur

2334 3408 2527 3476 πάντα.
2564 3438 2582 3470 ι
2631 3417 2741 3471 Καὶ
2789 3414 2947 3486 μέχρι
2980 3412 3087 3485 γάρ
3126 3411 3234 3466 τῶν
3273 3410 3572 3465 κατωτάτω
3601 3409 3701 3477 τῆς
3730 3408 3826 3477 γῆς
3861 3406 3884 3457 ὁ

2333 3516 2523 3585 Σωτὴρ
2548 3512 2640 3566 καὶ
2670 3509 2874 3582 Κύριος
2907 3507 3062 3579 ἡμῶν
3097 3504 3489 3577 καταϐέϐηκεν,
3529 3503 3614 3557 ἵνα
3639 3498 3883 3573 πληρώση

2331 3607 2400 3662 τὰ
2441 3608 2630 3674 πάντα,
2662 3604 2760 3674 τῆς
2794 3600 3061 3671 σωτηρίου
3093 3598 3389 3669 δυνάμεως.
3421 3596 3591 3650 Τοῦτο
3610 3596 3671 3648 ’δὲ
3694 3594 3789 3647 καὶ
3818 3590 3884 3660 τῷ

654 3673 907 3741 dicens:
951 3698 967 3729 ι
997 3676 1202 3732 Venisti
1249 3689 1426 3732 autem
1484 3680 1541 3733 in
1592 3678 1793 3735 fontem
1839 3684 2028 3748 maris,
2082 3691 2137 3738 et
2172 3684 2227 3738 in

654 3774 912 3841 VeStigiis
961 3771 1143 3843 abyssi
1176 3772 1490 3826 ambulasti.
1542 3773 1880 3842 Aperiuntur
1917 3785 2095 3832 autem
2129 3778 2227 3832 tibi

650 3860 866 3931 timore
911 3875 1079 3933 portae
1127 3865 1351 3918 mortis:
1398 3864 1612 3918 ostiarii
1668 3864 1865 3920 inferni
1900 3868 2145 3924 videntes
2179 3880 2231 3926 te

647 3956 951 4009 conterriti
1012 3964 1139 4009 sunt
1163 3957 1228 4034 ξι.
1264 3976 1283 4007 ι
1323 3954 1425 4010 Sed
1464 3958 1551 4012 ille
1599 3958 1816 4034 quidem
1873 3960 1940 4015 ad
1991 3976 2084 4016 eos
2138 3964 2229 4032 qui

646 4044 786 4102 istic
849 4032 1179 4101 habitabant
1218 4048 1519 4116 descendit,
1575 4061 1633 4105 ut
1685 4032 1897 4107 animas
1947 4053 2227 4122 justorum

646 4129 868 4201 ibidem
898 4137 1107 4204 jamdiu
1163 4138 1411 4192 detentas
1462 4140 1715 4195 libertate
1763 4142 2012 4205 donaret.
2071 4144 2229 4215 lmpii

642 4227 794 4279 VBt‘O
832 4232 882 4280 in
922 4228 1180 4281 inferiora
1222 4236 1380 4283 terra:
1423 4231 1642 4299 dejeCti,
1691 4233 1977 4287 tradentur
2022 4235 2076 4289 in
2115 4250 2227 4288 ma-

656 4336 765 4379 nus
802 4319 992 4389 gladii.
1043 4319 1135 4373 Est
1165 4321 1309 4373 enim
1348 4320 1545 4375 ibidem
1571 4323 1784 4392 gladius
1816 4325 2036 4393 quidam
2083 4341 2230 4381 ιηοιι-

666 4420 759 4476 tis,
792 4428 951 4481 qmm
998 4410 1256 4467 Servator
1310 4412 1362 4466 in
1420 4429 1513 4468 xxi
1563 4415 1774 4483 psalmo
1822 4426 2091 4471 memorat
2141 4418 2227 4475 his

2335 4427 2485 4479 Ἔστι
2528 4424 2644 4494 γάρ
2681 4439 2763 4486 τις
2815 4424 2930 4475 ἐκεῖ
2979 4422 3222 4493 ῥομφαία
3255 4420 3515 4484 θανάτου,
3547 4414 3615 4490 ἦς
3641 4416 3878 4486 όνΣωτὴρ

663 4503 878 4555 verbis:
921 4521 937 4551 ι
973 4501 1113 4556 Erue
1143 4518 1171 4554 a
1210 4502 1435 4566 framea,
1472 4501 1635 4568 Deus,
1673 4504 1908 4575 animam
1943 4520 2141 4571 meam,
2174 4514 2228 4562 et

2335 4515 2681 4589 μνημονεύων
2714 4517 2772 4568 ἐν
2804 4522 2888 4568 κα¹
2921 4505 3122 4587 ψαλμῷ
3152 4514 3335 4584 ἔλεγε·
3374 4532 3392 4564 ι
3415 4513 3603 4566 Ῥὖσαι
3625 4512 3734 4565 ἀπό
3758 4515 3879 4583 ῥομ-

655 4592 729 4649 de
758 4610 919 4646 manu
962 4596 1115 4648 canis
1164 4596 1382 4649 unicam
1435 4610 1629 4651 meam.
1688 4594 1847 4650 Salva
1882 4612 1967 4651 me
2014 4612 2080 4651 ex
2127 4613 2225 4654 ore

2335 4609 2489 4678 φαίας
2513 4608 2609 4679 τὴν
2640 4607 2815 4678 ψυχήν
2846 4624 2968 4679 μου,
3002 4609 3097 4662 καὶ
3127 4608 3191 4660 ὲκ
3217 4605 3400 4677 χειρὸς
3428 4604 3588 4667 κυνὸς
3608 4605 3711 4677 τὴν
3742 4619 3881 4674 μονο-

661 4682 868 4743 leonis.
933 4692 986 4737 et
1051 4700 1079 4738 a
1135 4686 1396 4745 cornibus
1442 4686 1792 4740 unicornium
1862 4687 2227 4743 humilitatem

2335 4698 2462 4769 γενῆ
2512 4682 2641 4769 p.00-
2672 4698 2844 4752 σῶσόν
2878 4716 2945 4769 με
2978 4701 3043 4752 ὲκ
3076 4697 3338 4766 στόματος
3374 4695 3585 4758 λέοντος
3607 4736 3620 4758 ,
3660 4696 3752 4748 καὶ
3786 4693 3881 4747 ἀπὺ

663 4790 838 4827 meam
858 4774 925 4826 ⁸⁸.
961 4793 978 4825 ι
1020 4773 1143 4829 llazc'
1172 4787 1351 4830 autem
1383 4777 1567 4831 omnia
1598 4777 1665 4832 de
1693 4778 2028 4835 adversariis
2074 4789 2226 4850 pote-

2335 4792 2573 4863 κεράτων
2605 4790 2987 4862 μονοκερώτων
3031 4788 3126 4859 τὴν
3150 4786 3472 4845 ταπείνωσίν
3501 4804 3622 4857 μου.
3657 4805 3677 4838 ι
3711 4785 3879 4840 Ταῦτα

661 4867 897 4921 statibus
939 4866 1082 4919 dicta
1111 4874 1280 4921 €suut.
1333 4865 1453 4921 Non
1502 4867 1650 4923 enim
1708 4870 1763 4924 in
1821 4886 2016 4926 manus
2058 4872 2222 4942 gladii

2335 4883 2385 4935 δὲ
2414 4884 2590 4937 πάντα
2634 4882 2759 4954 περὶ
2803 4880 3193 4950 ἀντικειμένων
3219 4878 3499 4949 δυνάμεων
3540 4878 3774 4947 ἐλέγετο.
3813 4878 3877 4932 Οὐ

663 4966 873 5011 tantum
910 4958 1153 5037 praedicti
1183 4957 1434 5019 homines
1456 4958 1760 5025 tradentur,
1798 4963 2087 5018 sed-etiam
2115 4964 2221 5019 huc

2335 4970 2489 5044 μόνον
2537 4974 2594 5027 δὲ
2637 4976 2716 5038 εἰς
2765 4976 2952 5045 χεῖρας
3011 4972 3278 5044 ῥομφαίας
3328 4970 3790 5043 παραδοθήσονται
3836 4970 3878 5022 οί

661 5048 789 5101 illuc
830 5046 1207 5102 distrahentur
1246 5062 1276 5100 a
1316 5047 1473 5102 saevis
1503 5049 1831 5119 quibusdam
1875 5055 2225 5124 versutisque

2335 5066 2724 5138 προλεχθέντες,
2748 5064 2880 5119 ἀλλά
2904 5064 2997 5117 καὶ
3026 5062 3518 5134 διασπασθήσονται
3543 5056 3645 5117 ὧδε
3675 5067 3879 5119 κάκεῖσε

660 5143 963 5211 spiritibus,
996 5143 1089 5211 qui
1135 5143 1325 5210 vulpes
1364 5142 1450 5196 hic
1497 5155 1904 5215 nuncupantur,
1952 5151 2080 5220 quia
2139 5149 2225 5205 fo-

2335 5159 2731 5231 περιελκόμενοι
2754 5157 2857 5211 ὑπὸ
2880 5156 3067 5211 δεινῶν
3090 5173 3251 5218 τινων
3277 5156 3369 5211 καὶ
3390 5156 3714 5229 πανούργων
3736 5176 3881 5212 meu-

660 5250 786 5288 veas
818 5235 1073 5298 subeunt,
1112 5242 1167 5289 et
1222 5236 1276 5288 in
1328 5234 1530 5291 inﬁmis
1573 5240 1943 5306 penetralibus
1995 5243 2220 5297 latibula

2335 5254 2529 5323 μάτων,
2577 5250 2669 5312 οὓς
2700 5249 2987 5313 ἀλώπεκας
3018 5249 3271 5321 ὀνομάζει
3303 5252 3332 5303 ὁ
3366 5250 3555 5322 παρὼν
3581 5253 3739 5322 λόγος
3762 5294 3775 5317 ,
3807 5254 3879 5305 διὰ

2343 3698 2463 3772 ἰὼϐ
2492 3695 2759 3769 σημαίνει
2798 3696 2826 3747 ὁ
2870 3690 3218 3763 χρηματίζων
3258 3689 3460 3760 Κύριος
3503 3689 3560 3741 ἐν
3584 3682 3664 3750 οἷς
3700 3699 3879 3756 φησιν·

2337 3811 2357 3845 ‹
2386 3788 2588 3853 τΗλθες
2617 3789 2675 3842 δέ
2709 3788 2800 3840 ἐπὶ
2832 3786 2936 3854 γῆν
2957 3786 2971 3814 ¹
3003 3782 3295 3850 Θαλάσσης,
3326 3782 3385 3852 ἐν
3415 3779 3472 3832 δὲ
3509 3778 3707 3848 ἴχνεσιν
3734 3774 3882 3827 ἀϐύσο

2330 3899 2422 3937 σου
2468 3879 2893 3953 περιεπάτησας.
2928 3872 3276 3939 -Ἀνοίγονται
3314 3870 3372 3923 δέ
3420 3885 3499 3921 σοι
3539 3866 3687 3937 φόϐῳ
3734 3863 3882 3918 πύλαι

2329 3972 2590 4025 θανάτου·
2655 3958 2893 4036 πυλῶροὶ
2934 3963 3000 4015 δὲ’
3042 3961 3168 4033 ᾇδου
3218 3960 3415 4038 ἰδόντες
3463 3975 3527 4027 ⁸σε
3574 3957 3829 4028 ἔπτηξαν.
3862 3974 3877 4005 ι

2341 4064 2477 4117 Ἀλλ’
2501 4064 2529 4115 ό
2560 4061 2656 4133 μὲν
2680 4059 2772 4113 καὶ
2807 4056 2967 4128 μέχρι
2993 4053 3100 4107 τῶν
3133 4054 3247 4106 ἐκεῖ
3274 4050 3665 4122 καταϐέϐηκεν,
3690 4049 3774 4102 ίνα
3796 4048 3881 4109 τὰς

2329 4154 2494 4207 πάλαι
2523 4152 2631 4205 τῶν
2660 4150 2830 4218 ἁγίων
2863 4146 3047 4200 αὐτόθι
3079 4144 3435 4216 συνεχομένας
3472 4142 3649 4213 ψυχὰς
3686 4138 3882 4194 ἐλευθε-

2333 4246 2452 4317 ρίας
2479 4243 2684 4313 ἀξιώσῃ
2702 4258 2714 4270 ·
2743 4241 2791 4294 οί
2815 4239 2870 4292 δὲ
2888 4238 3123 4303 ἀσεϐεῖς,
3154 4240 3234 4302 είς
3262 4238 3330 4291 τὰ
3353 4236 3637 4289 κατώτατα
3670 4233 3768 4303 τῆς
3789 4232 3879 4300 γῆς

2328 4333 2764 4404 κατενεχθέντες,
2788 4331 3252 4402 παραδοθήσονται
3274 4331 3353 4392 είς
3382 4330 3572 4401 χεῖρας
3599 4325 3874 4398 ῥομφαίας.

660 5327 881 5381 habent.
946 5325 1039 5379 lla:
1070 5328 1255 5397 itaque
1297 5328 1489 5397 vulpes
1518 5330 1806 5401 impiorum
1844 5335 2055 5392 animas
2078 5337 2221 5391 istuc

2335 5342 2385 5395 τὸ
2419 5340 2833 5396 καταδεδυκέναι
2866 5340 2961 5393 καὶ
3006 5343 3118 5403 τοῖς
3150 5343 3449 5397 κατωτάτω
3491 5349 3685 5415 μυχοῖς
3714 5348 3879 5417 ἐμφωυ

659 5419 933 5487 delapsas.
970 5427 1027 5472 ut
1059 5421 1297 5474 oblatam
1331 5420 1591 5490 praedam,
1624 5429 2053 5495 comprehensas
2083 5429 2220 5482 diri-

2335 5435 2519 5489 λεύειν.
2555 5429 2713 5488 Οὗτοι
2744 5433 2786 5485 δ’
2819 5428 2913 5487 οὖν
2945 5435 2995 5486 οί
3027 5433 3309 5499 ἀλώπεκες
3340 5435 3530 5508 ὥσπερ
3561 5437 3770 5510 εὕρεμα
3794 5438 3877 5498 τὰς

660 5511 811 5576 piunt
859 5519 1022 5581 atque
1072 5512 1213 5568 inter
1260 5530 1318 5570 se
1367 5514 1636 5571 dividunt.
1711 5517 1857 5576 Sane
1896 5523 2056 5577 talem
2107 5522 2221 5577 fore

2335 5530 2440 5581 ἐκεῖ
2497 5524 2939 5591 καταπιπτούσας
2986 5526 3163 5597 ψυχὰς
3214 5528 3323 5587 τῶν
3377 5529 3594 5583 ἀσεϐῶν
3646 5530 3877 5591 λαϐόντες

664 5600 950 5669 impiorum
988 5603 1145 5659 linem
1186 5603 1422 5675 Spiritus
1468 5616 1693 5664 sanctus
1742 5612 2091 5668 vaticinatur.
2146 5611 2220 5665 De

2335 5618 2743 5689 Βιαρπάζουσιν,
2787 5618 2866 5681 είς
2907 5619 3132 5682 ἑαυτοὺς
3167 5619 3334 5682 αὐτὰς
3378 5620 3744 5692 μεριζόμενοι.
3783 5619 3878 5676 Καὶ

738 5743 776 5774 ”²
815 5742 971 5801 Deut.
1009 5764 1080 5810 Iv,
1118 5747 1204 5802 39.
1282 5749 1326 5780 ⁸³
1366 5748 1565 5821 Epltes.
1598 5768 1671 5819 ιν,
1710 5753 1794 5809 l0.
1872 5754 1917 5788 ⁸³
1952 5754 2053 5810 Job
2091 5773 2291 5812 xxxvm
2316 5800 2330 5825 ,
2367 5760 2455 5825 l6,
2490 5760 2574 5813 i7.
2652 5760 2699 5792 "
2732 5759 3028 5829 Psal..xx1,
3052 5762 3145 5828 2|,
3170 5761 3239 5816 29-

738 5862 808 5931 (l)
841 5861 893 5916 lu
925 5863 1129 5933 Bibliis,
1166 5871 1366 5939 πηγήν.
