3976 6348
99 445 197 505 613

1229 427 1725 492 connexum
1764 428 1826 483 IN
1864 396 2232 488 rsALuos."
2337 410 2348 422 '

3186 422 3291 491 ϐυ

100 558 198 614 τῶν
226 547 551 629 μέν’ὰσεϐὦν
576 557 811 611 τοιοῦτον
844 555 1059 610 ἔσεσθαι
1088 553 1148 607 τὸ
1174 554 1323 616 τέλος
1337 552 1397 605 τὸ
1417 549 1639 619 Πνεῦμα

1749 547 1890 616 iusto
1919 555 2120 610 autem,
2155 545 2248 616 qui
2291 559 2457 615 supra
2508 551 2804 599 memorata
2835 540 3091 613 praeclara
3125 556 3291 613 opera

100 650 151 702 τὸ
180 651 323 717 ᾰγιον
352 649 606 713 θεσπίζει.
635 649 776 720 ,Περὶ
808 648 863 701 δὲ
893 648 985 700 τοῦ
1036 644 1242 699 δικαίου
1268 642 1361 697 τοῦ
1406 641 1474 695 τὰ
1510 657 1641 711 προ-

99 740 336 809 λεχθέντα
361 741 777 811 κατωρθωκότος
812 738 1053 810 ἐπιφέρει
1084 736 1237 805 λέγον
1257 753 1268 765 ·
1313 753 1331 785 ι
1372 734 1429 787 ’0
1461 732 1519 786 δέ
1551 731 1641 802 βα-

101 834 264 897 σιλεὺς
310 834 731 903 εὐφρανθήσεται
779 832 869 883 ἐπὶ
917 829 992 899 τῷ
1033 827 1182 897 Θεῷ·
1234 824 1640 893 ἐπαινεθήσεται

100 928 194 986 πᾶς
218 928 244 977 6
268 926 477 995 ὀμνύων
506 927 559 975 ἐν
583 923 727 992 αύτῷ
748 940 759 953 ·
793 924 873 974 ὅτι
922 920 1195 991 ἐνεφράγη
1227 919 1397 988 στόμα
1420 914 1653 968 λαλοῦν-ι

98 1035 192 1069 των
223 1016 395 1070 ἄδικα.
428 1036 445 1067 ι
480 1016 687 1084 Σφόδρα
718 1013 1031 1083 παραδόξως
1070 1010 1300 1065 ἐνταῦθα
1332 1008 1393 1061 τὸ
1424 1007 1515 1060 τοῦ
1549 1005 1641 1075 βα-

102 1109 271 1170 σιλέως
316 1107 556 1175 εἰσῆκται
588 1106 783 1174 ὄνομα·
816 1104 975 1155 Δαυῒδ
1026 1104 1119 1173 μὲν
1151 1100 1259 1171 γὰρ
1308 1098 1520 1167 φεύγων
1551 1096 1640 1149 τὸν

100 1199 273 1259 Σαοὺλ,
304 1199 393 1249 καὶ
424 1199 521 1268 τὴν
562 1196 762 1266 ἔρημον
787 1195 883 1264 τῆς
918 1193 1175 1253 Ἰουδαίας
1211 1189 1373 1245 οἰκῶν
1402 1187 1519 1242 καθ’
1551 1186 1641 1250 οῦς

98 1289 252 1342 ταῦτα
284 1290 427 1357 ἔλεγε
460 1290 703 1360 χρόνους,
739 1287 1026 1347 δείκνυται,
1061 1285 1121 1338 ού
1159 1283 1263 1356 μὴν
1293 1283 1392 1353 ήδη
1422 1298 1523 1333 που
1558 1278 1642 1349 βα-

100 1380 306 1432 σιλεύων
325 1398 337 1410 ·
362 1380 529 1434 Σαοὺλ
555 1380 632 1442 δὲ,
662 1377 876 1449 κρατῶν
905 1374 998 1428 τοῦ
1024 1374 1227 1449 ἔθνους,
1248 1372 1347 1441 τῆς
1371 1370 1642 1441 βασιλείας

96 1476 284 1543 ἠγεῖτο.
328 1472 484 1534 Ποῖος
532 1467 623 1524 οῦν
669 1468 919 1538 βασιλεὺς
963 1464 1396 1537 εὐφρανθήσεται
1444 1462 1534 1513 ἐπὶ
1564 1458 1641 1528 τῷ

97 1562 230 1631 Θεῷ;
263 1561 396 1614 Ἀλλ’
430 1564 545 1633 ἐρεῖ
588 1578 669 1623 τις
718 1559 856 1613 κατὰ
898 1558 1202 1628 πρόγνωσιν
1232 1552 1325 1605 τοῦ
1364 1552 1642 1622 μέλλοντος

97 1654 241 1707 αὑτὸν
272 1650 621 1722 σημαίνεσθαι
648 1650 733 1703 τὸν
765 1649 925 1703 Δαυῖδ
944 1666 956 1677 ·
991 1646 1189 1717 ήμελλε
1212 1645 1317 1715 γὰρ
1342 1645 1462 1696 ὅσον
1491 1639 1641 1693 οῦπω

97 1744 493 1813 τελευτήσαντος
523 1740 613 1795 τοῦ
649 1740 817 1794 Σαοὺλ
880 1738 1177 1808 βασιλεύειν
1204 1735 1382 1797 αὑτός.
1421 1734 1643 1802 ’Έτερος

97 1832 146 1885 δέ
191 1849 317 1901 φησι
358 1832 452 1884 καὶ
489 1833 596 1884 τότ’
644 1830 744 1900 ἤδη
800 1828 1022 1899 βασιλέα
1058 1823 1195 1881 εἶναι
1227 1826 1419 1880 αὐτόν’
1458 1822 1641 1892 ἐπειδὴ

98 1925 333 1993 κέχριστο
363 1923 466 1975 ὑπὸ
492 1921 584 1974 τοῦ
619 1920 869 1991 Σαμουὴλ
893 1921 974 1983 εἰς
1011 1918 1255 1990 βασιλέα,
1280 1916 1371 1971 καὶ
1398 1914 1544 1986 παρὰ
1566 1913 1643 1984 τῷ

96 2013 203 2083 Θεῷ
239 2012 507 2081 λελόγιστο
539 2012 639 2082 ήδη
677 2009 928 2081 βασιλεύς
951 2026 963 2039 °
996 2010 1055 2062 οὺ
1093 2008 1198 2080 μὴν
1226 2006 1358 2060 ἀλλὰ
1394 2007 1488 2059 καὶ
1517 2006 1644 2058 ἐῦα-

99 2104 257 2157 σίλευε
293 2104 384 2157 τοῦ
413 2103 660 2166 συνόντος
697 2102 845 2174 αύτῷ
897 2100 1130 2173 πλήθους
1153 2138 1168 2164 ,
1210 2093 1271 2153 οῦ
1313 2097 1579 2168 μέμνηται
1612 2097 1645 2166 ή

100 2195 315 2266 ἱστορία.
350 2194 501 2247 Ἐπεὶ
522 2194 699 2246 τοίνυν
731 2190 792 2244 τὸ
823 2190 972 2253 τέλος
1002 2189 1109 2242 τῶν
1135 2187 1461 2242 ἐλαυνόντων
1487 2184 1646 2239 αὐτὸν

99 2286 418 2356 παρέστησεν
441 2285 470 2337 6
496 2284 671 2352 λόγος,
699 2282 919 2345 εἰκότως
949 2281 1042 2334 καὶ
1071 2277 1233 2333 αὐτοῦ
1253 2277 1327 2339 ὼς
1354 2274 1647 2345 ἂννπολλὴν

98 2378 453 2450 ἐνδειξαμένου
491 2375 774 2449 προκοπὴν
802 2374 871 2427 τὰ
898 2372 1028 2442 τέλη
1074 2370 1181 2423 τῶν
1226 2370 1401 2424 πόνων
1439 2383 1649 2438 προφη-

96 2472 317 2526 τεύεται.
346 2470 432 2523 Διὸ
462 2468 711 2537 λέγεται·
738 2485 756 2517 ε
779 2466 835 2519 '0
863 2465 920 2518 δὲ
952 2462 1202 2533 βασιλεὺς
1226 2459 1647 2531 εὐφρανθήσεται

97 2564 180 2617 ἐπὶ
201 2562 278 2634 τῷ
299 2562 429 2632 Θεῷ.
448 2580 467 2612 ι
496 2560 585 2623 Ὠς
604 2546 977 2629 γὰρλγενναίος
1002 2554 1096 2607 τοῦ
1117 2551 1251 2605 Θεοῦ
1276 2550 1527 2619 ἀθλητής,
1552 2566 1647 2619 με-

98 2656 280 2723 γάλους
321 2652 532 2721 ἀγῶνας
579 2647 889 2714 διεξελθὼν,
927 2645 1200 2718 βραδείων
1241 2659 1301 2694 τε
1345 2642 1439 2693 καὶ
1490 2639 1646 2693 θείων

99 2746 357 2816 στεφάνων
384 2742 814 2814 κατηξιωμένος,
844 2735 1178 2808 εὐφροσύνης
1211 2733 1507 2789 ἀπολαύσει
1548 2732 1647 2801 τῆς

98 2840 215 2911 παρ’
247 2837 394 2908 αὐτῷ
418 2836 495 2907 τῷ
528 2832 855 2903 ἀγωνοθέτῃ.
886 2832 1093 2901 Ὠσπερ
1123 2828 1231 2898 γὰρ
1262 2829 1310 2891 οἱ
1335 2826 1517 2899 ἐχθροὶ
1547 2824 1643 2876 αύ-

98 2930 180 2983 τοῦ
207 2930 356 2993 τέλος
376 2930 474 2981 οὐκ
501 2927 673 2982 αἶσιον
700 2924 1001 2995 είλήφασιν,
1032 2922 1112 2985 εἰς
1142 2920 1211 2974 τὰ
1243 2918 1530 2973 κατώτατα
1551 2915 1649 2985 τῆς

99 3025 188 3094 γῆς
221 3022 541 3084 εἰσελθόντες
561 3062 576 3085 ,
610 3019 703 3072 καὶ
753 3014 1150 3088 παραδοθέντες
1180 3014 1259 3074 εἰς
1290 3013 1474 3082 χεῖρας
1520 3011 1651 3078 ῥομ-

1740 638 1929 705 edidit,
1982 639 2098 709 haec
2151 635 2469 707 subiungit:
2539 632 2695 689 «Rex
2748 649 2877 689 vero
2918 631 3187 687 laetabitur
3234 632 3291 687 in

1740 725 1891 781 Deo:
1934 725 2297 780 laudabuntur
2327 738 2516 778 omnes
2560 723 2654 793 qui
2690 723 2876 792 iurant
2932 721 2985 775 in
3024 736 3111 784 eo,
3162 722 3292 791 quia

1739 818 2079 873 obstructum
2106 823 2189 871 est
2229 830 2293 870 os
2324 814 2661 885 loquentium
2710 813 2947 883 iniqua.»
2996 810 3190 866 Mirum
3234 813 3291 865 in

1741 909 1960 962 modum
1996 907 2087 962 hic
2118 909 2259 977 regis
2295 921 2494 961 nomen
2534 904 2815 960 inductum
2849 911 2969 959 est:
3022 903 3289 973 siquidem

1740 1002 1909 1057 David
1939 1018 2086 1063 cum,
2132 1011 2191 1055 ut
2215 1000 2729 1064 demonstravimus,
2767 1012 2875 1069 quo
2906 1005 3147 1067 tempore
3180 996 3292 1050 haec

1740 1094 1957 1149 dicebat
2001 1109 2030 1147 a
2072 1091 2233 1148 Saule
2285 1093 2514 1164 fugeret,
2550 1092 2936 1158 desertumque
2977 1086 3178 1142 Judme
3208 1087 3294 1141 in-

1740 1187 1961 1251 coleret,
1997 1187 2234 1240 nondum
2270 1202 2365 1240 rex
2398 1196 2518 1239 erat
2544 1225 2559 1251 ,
2609 1182 2705 1238 sed
2759 1180 2891 1236 Saul
2922 1181 3068 1251 genti
3115 1180 3290 1248 impe-

1738 1295 1868 1333 rans
1910 1293 2135 1347 regnum
2169 1277 2468 1341 obtinebat.
2503 1274 2637 1341 Quis
2663 1288 2790 1343 ergo
2819 1287 2913 1325 rex
2945 1271 3213 1325 laetabitur
3236 1268 3290 1322 in

1740 1366 1885 1420 Deo?
1942 1365 2047 1419 Sed
2096 1366 2239 1421 dicet
2293 1360 2585 1434 quiépiatn,
2636 1378 2700 1416 ex
2733 1360 3073 1432 praescientia
3123 1357 3291 1411 futuri

1739 1463 1914 1529 ipsum
1945 1458 2200 1513 Davidem
2238 1459 2513 1513 indicare:
2546 1457 2694 1511 brevi
2726 1451 2978 1523 uanique.
3009 1462 3130 1521 post
3156 1465 3298 1505 mor-

1739 1563 1845 1609 tem
1883 1552 2082 1615 Saulis,
2117 1559 2445 1620 regnaturus
2471 1551 2584 1617 ipsc
2616 1555 2753 1602 erat.
2799 1544 2953 1599 Dicet
2984 1546 3146 1605 alius,
3179 1542 3293 1611 iam

1739 1652 1852 1698 tum
1890 1642 2143 1696 Davidem
2177 1642 2346 1695 fuisse
2386 1654 2590 1709 regem,
2631 1644 2819 1706 utpote
2870 1649 2899 1687 a
2937 1634 3194 1687 Samuele
3238 1633 3293 1685 in

1740 1752 1919 1807 regem
1954 1743 2200 1800 unctum,
2235 1742 2397 1802 atque
2423 1739 2482 1786 ut
2532 1731 2691 1784 talem
2732 1743 2761 1780 a
2796 1727 2907 1781 Deo
2942 1732 3290 1794 reputatum;

1744 1831 1852 1883 imo
1881 1829 2044 1883 etiam
2076 1835 2207 1881 tunc
2242 1824 2499 1893 temporis
2539 1814 2885 1891 regnasse-in
2922 1825 3135 1887 gentem
3171 1829 3293 1869 sese

1744 1920 2116 1979 comitantem,
2172 1915 2329 1983 cujus
2371 1910 2618 1966 meminit
2663 1909 2909 1962 historia.
2956 1904 3095 1970 Quia
3131 1904 3294 1973 igitur

1745 2012 2143 2082 insequentium
2173 2010 2349 2080 ipsum
2390 2006 2547 2059 finem
2582 2016 2761 2057 sermo
2791 1998 3084 2053 declaravit
3106 2038 3119 2062 ,
3153 2009 3288 2048 con-

1745 2111 2035 2174 sequenter
2076 2102 2250 2172 ipsius
2290 2113 2526 2169 quoque,
2579 2102 2766 2163 utpote
2820 2106 3015 2159 magno
3047 2085 3291 2157 profectu

1746 2197 1913 2251 aucti.
1950 2193 2195 2246 laborum
2240 2189 2399 2244 linem
2431 2185 2779 2241 vaticinatur.
2837 2180 3017 2246 Quare
3055 2176 3253 2231 dicitur
3276 2194 3311 2247 ιη

1753 2306 1770 2338 ι
1801 2286 1916 2341 Rex
1945 2299 2073 2341 vero
2105 2281 2375 2337 laetabitur
2405 2280 2459 2331 in
2511 2276 2672 2330 Deo.»
2724 2272 2857 2326 Nam
2889 2280 2945 2324 ut
2996 2280 3294 2339 generosus
3362 2282 3365 2287 ·

1747 2378 1838 2433 Dei
1872 2377 2094 2439 athleta,
2154 2371 2363 2443 magnis
2412 2360 2574 2423 editis
2616 2362 3026 2423 certaminibus,
3044 2353 3298 2429 praemiis

1747 2469 2052 2536 divinisque
2092 2466 2311 2519 coronis
2348 2462 2604 2522 donatus,
2637 2474 2721 2517 ea,
2760 2470 2879 2525 qua:
2911 2466 3074 2522 penes
3115 2451 3295 2518 ipsum

1747 2560 2124 2630 agonothetam
2174 2563 2274 2616 εει,
2316 2555 2495 2608 laetitia
2532 2551 2764 2605 fruetur.
2832 2545 2902 2601 Ut
2952 2560 2983 2599 e
3033 2552 3300 2597 converso

1748 2651 1948 2704 inimici
1968 2648 2217 2719 eius'non
2248 2646 2484 2699 faustum
2514 2643 2674 2695 linem
2702 2640 3076 2695 obtinuerunt,
3101 2631 3299 2703 quippe

1747 2742 1839 2812 qui
1866 2741 1919 2793 in
1951 2737 2207 2791 inferiora
2236 2744 2396 2789 terra:
2428 2731 2684 2800 ingressi.
2717 2736 2770 2784 et
2798 2725 2981 2797 traditi
3022 2723 3078 2776 in
3101 2732 3298 2773 manus

1748 2836 1929 2907 gladii,
1963 2840 2142 2903 partes
2193 2826 2431 2896 vulpium
2476 2821 2696 2877 fuerint.
2756 2817 2887 2883 Quae
2929 2812 2997 2867 ad
3055 2812 3296 2864 litteram
3384 2860 3385 2863 η

1750 2929 1967 2997 impii-ta
1996 2937 2116 2978 esse
2149 2921 2204 2973 in
2248 2915 2478 2971 historia
2526 2917 2802 2971 narratur,
2832 2903 3051 2977 quando
3092 2902 3160 2955 ab
3192 2898 3299 2953 ini-

1749 2992 1907 3072 micis
1954 3014 2165 3083 fugiens
2197 3007 2325 3064 Saul
2367 3006 2605 3059 latebras
2633 2992 2931 3070 quaerebat,
2967 2994 3301 3065 petitamque

101 3088 282 3183 φαίας,
330 3112 539 3186 μερίδες
568 3127 629 3163 τε
682 3108 977 3162 ἀλωπέκων
1021 3104 1331 3174 γενόμενοι·
1378 3100 1414 3154 ἃ
1456 3098 1519 3169 δὴ
1559 3097 1648 3151 καὶ

1751 3107 1912 3163 aDeo
1966 3120 2121 3176 opem
2165 3118 2272 3157 non
2300 3098 2556 3159 obtinuit,
2592 3107 2766 3162 neque
2808 3088 2988 3143 divino
3038 3096 3302 3153 responso

100 3206 383 3277 ἐπληροῦτο
421 3206 555 3278 πρὸς
584 3202 726 3267 λέξιν
766 3199 907 3255 κατὰ
944 3198 1040 3271 τὴν
1084 3195 1352 3267 ἱστορίαν,
1386 3192 1647 3263 ὁπηνίκα.

103 3295 304 3363 φεύγων
326 3297 353 3347 ὁ
380 3292 549 3347 Σαοὺλ
574 3294 697 3354 τοὺς
727 3288 1036 3359 πολεμίους,
1060 3284 1448 3358 ἑκρυπτάζετο,
1472 3280 1648 3353 ζητῶν

102 3404 151 3438 τε
179 3386 325 3457 παρὰ
347 3386 437 3439 τοῦ
471 3384 603 3438 Θεοῦ
640 3382 907 3453 βοήθειαν,
936 3380 1033 3449 οὑχ
1077 3378 1326 3445 εὕρισκεν
1348 3394 1360 3405 ο
1392 3375 1503 3428 ἀλλ’
1530 3374 1649 3427 οὐδὲ

103 3479 428 3550 ἀποκρίσεως
459 3476 608 3539 θείας
635 3472 878 3544 ἠξιοῦτο·
896 3472 979 3534 ὡς
1004 3469 1092 3523 διὰ
1124 3468 1267 3521 τοῦτ’
1296 3467 1465 3520 ἐλθεῖν
1488 3466 1648 3520 αὑτὸν

104 3571 186 3622 ἐπὶ
210 3571 307 3641 τὴν
326 3565 773 3639 ἐγγαστρίμυθον,
798 3564 891 3616 καὶ
918 3560 1386 3632 πολυπραγμονεῖν
1417 3558 1483 3610 τὰ
1508 3558 1650 3626 ἀπη-

103 3660 389 3732 γορευμένα
416 3658 521 3737 ύπὺ
546 3657 644 3712 τοῦ
676 3655 833 3711 Θεοῦ.
858 3654 990 3708 Τότε
1019 3650 1150 3721 γοῦν
1183 3648 1396 3720 ἀληθῶς
1422 3648 1649 3719 μερίδες

106 3756 383 3809 ἀλωπέκων
419 3752 701 3821 γεγόνασιν
734 3748 893 3812 αὑτός
926 3764 983 3800 τε
1026 3744 1122 3800 καὶ
1157 3746 1206 3821 οἱ
1231 3742 1327 3796 σὺν
1358 3739 1522 3811 αύτῷ.
1558 3739 1648 3792 Διὸ

108 3848 190 3900 καὶ
219 3820 659 3915 καταλειφθέντες
683 3842 788 3895 ὑπὸ
814 3839 907 3893 τοῦ
941 3837 1075 3893 Θεοῦ
1099 3876 1114 3902 ,
1233 3834 1340 3887 τῶν
1380 3831 1647 3903 πολεμίων

110 3939 337 4010 ῥομφαίᾳ
356 3936 725 4010 παρεδόθησαν
743 3934 997 3995 πεσόντες
1017 3933 1074 3985 ἐν
1094 3928 1172 4000 τῷ
1197 3925 1647 3996 πολέμῳ.”Ωσπερ

111 4026 189 4083 σῦν
215 4029 380 4083 ταῦτα
415 4028 640 4100 μηδέπω
669 4027 935 4096 γενόμενα
965 4021 1105 4076 κατὰ
1133 4019 1434 4092 πρόγνωσιν
1466 4017 1648 4085 εἴρητο

112 4120 354 4190 μέλλοντα
392 4120 608 4187 ἔσεσθαι
650 4121 759 4180 τοῖς
805 4116 894 4170 τὸν
938 4113 1099 4168 Δαυῒδ
1131 4111 1470 4164 ἐλαύνουσιν
1508 4107 1647 4161 οὓτω

110 4213 191 4264 καὶ
216 4211 355 4282 αύτῷ
377 4210 446 4263 τὰ
473 4210 623 4263 αἴσια
650 4205 774 4275 τέλη
796 4203 857 4257 τὸ
885 4202 1105 4272 Πνεῦμα
1126 4199 1185 4253 τὸ
1214 4199 1365 4267 ἆγιον
1390 4193 1647 4275 ἀνεφώνει

108 4300 249 4369 λέγον
267 4318 279 4331 ·
314 4274 407 4353 «1³0
438 4300 496 4352 δέ
526 4274 774 4369 βασιλεὺς
797 4290 1226 4365 εὐφρανθήσεται
1256 4288 1345 4341 ἐπὶ
1369 4285 1445 4357 τῷ
1462 4274 1597 4355 Θεῷ.
1623 4303 1641 4335 ι

121 4390 358 4454 Ἐλπίσας
389 4390 497 4461 γὰρ
539 4389 633 4442 ἐπὶ
681 4386 770 4439 τὸν
796 4384 925 4438 Θεὸν
946 4426 960 4449 ,
1011 4384 1105 4437 καὶ
1150 4382 1247 4452 τὴν
1281 4379 1441 4433 αὑτοῦ
1472 4376 1648 4448 ψυχὴν

112 4478 332 4550 συνάψας
357 4482 532 4556 αὐτῷ,
560 4481 636 4545 ὡς
658 4480 867 4540 είπείν,
907 4496 926 4530 ι
964 4474 1254 4546 Ἐκολλήθη
1298 4475 1332 4545 ἡ
1368 4472 1511 4544 ψυχή
1547 4488 1646 4542 μου

1678 3230 1719 3286 C

1752 3174 2013 3270 dignatus
2034 3205 2156 3262 est;
2192 3197 2265 3249 ita
2315 3202 2374 3247 ut
2416 3190 2538 3246 ideo
2587 3179 3072 3256 engastrimytbam
3104 3174 3299 3236 adiret,

1752 3267 1873 3347 et'a
1903 3290 2009 3344 Deo
2044 3288 2211 3342 vetita
2242 3283 2512 3339 curiosius
2544 3276 2862 3347 inquireret.
2915 3267 3069 3323 Tunc
3110 3276 3298 3318 revera

1755 3392 1935 3454 partes
1975 3380 2215 3451 vulpium
2244 3360 2431 3437 fuere.
2464 3386 2587 3426 cum
2619 3369 2728 3429 ille,
2749 3373 2863 3419 tum
2886 3359 3114 3427 comites
3159 3354 3302 3423 eius.

1754 3443 1933 3542 Quare
1954 3474 2050 3529 abs
2071 3443 2194 3525 Deo
2220 3465 2487 3529 derelicti,
2513 3457 2696 3533 gladio
2724 3453 3070 3511 inimicorum
3116 3443 3301 3500 traditi

1754 3536 1902 3627 sunt,
1933 3571 1986 3617 et
2019 3562 2072 3615 in
2108 3560 2249 3616 bello
2271 3555 2605 3611 ceciderunt.
2666 3548 2818 3602 Sicut
2854 3540 3019 3611 igitur
3049 3536 3301 3591 illa'non-

1752 3654 1882 3708 dum
1917 3652 2082 3713 edita,
2114 3644 2531 3716 insequentibus
2572 3637 2828 3713 Davidem
2866 3632 3189 3691 obventura,
3232 3638 3301 3678 ex

1753 3745 2093 3818 praescientia
2120 3738 2607 3797 renuntiabantur,
2640 3732 2714 3784 ita
2734 3734 2788 3791 et
2818 3725 2922 3794 ipsi
2948 3718 3138 3774 Davidi
3169 3730 3300 3787 pro-

1752 3809 1969 3907 sperum
1998 3834 2153 3887 ﬁnem
2192 3828 2429 3899 Spiritus
2448 3832 2670 3878 sanctus
2700 3815 3023 3888 praedicebat
3062 3809 3145 3864 his
3174 3820 3296 3861 ver-

1755 3898 1860 3997 bis,
1899 3950 1917 3982 ι
1942 3928 2057 3983 Rex
2084 3922 2215 3980 vero
2234 3898 2505 3976 laetabitur
2535 3917 2591 3970 in
2637 3912 2825 3968 Deon‘
2863 3907 2999 3989 Cum
3046 3900 3190 3957 enim
3242 3898 3299 3952 in

1752 4024 1863 4079 Deo
1906 4035 2054 4092 spem
2091 4014 2353 4087 posuerit,
2404 4009 2617 4079 ipsique
2664 4004 2900 4058 animam
2951 3989 3296 4064 coniunxerit

1751 4090 2031 4176 suam,'ita
2059 4117 2119 4163 ut
2153 4107 2319 4165 dicat,
2356 4121 2373 4153 ι
2398 4098 2639 4155 Adhaesit
2670 4096 2849 4150 anima
2877 4103 2995 4144 mea
3028 4091 3148 4176 post
3170 4090 3290 4176 te...

1753 4166 2101 4275 supernama
2133 4198 2240 4253 Deo
2297 4192 2534 4249 laetitiam
2591 4181 2873 4241 obtinebit.
2930 4178 3007 4233 Ac
3051 4166 3301 4275 quisquis

1754 4258 1953 4351 hac‘de
1982 4306 2040 4345 re
2064 4288 2297 4358 iuravit,
2322 4290 2381 4337 ut
2414 4282 2551 4335 bene
2582 4275 2791 4346 prolato
2835 4258 3313 4358 iuramento-latv-

1754 4387 2010 4449 dabitur;
2064 4350 2218 4443 'sive,
2248 4352 2545 4433 secundum
2588 4365 2855 4435 Aquilam,
2914 4374 2938 4449 At
2966 4350 3299 4449 gloriabitur

1753 4441 1845 4553 qui
1868 4441 2015 4549 iurat
2039 4475 2093 4528 in
2126 4441 2244 4527 eo.)
2285 4468 2419 4522 Nam
2447 4460 2694 4533 quisquis
2732 4450 2864 4506 nihil
2897 4446 3172 4547 dubitans,
3208 4441 3299 4509 iu—

111 4576 266 4630 ὀπίσω
293 4594 383 4631 σου
405 4618 419 4642 ,
455 4597 473 4629 ι
513 4578 612 4648 τῆς
660 4574 918 4633 ἀνωτάτω
954 4568 1199 4634 τεύξεται
1249 4564 1397 4635 παρὰ
1427 4564 1505 4634 τῷ
1531 4564 1648 4635 Θεῷ

1755 4538 1997 4624 ίεωεηιο
2031 4557 2394 4617 aﬁirmaverit,
2445 4563 2623 4619 regem
2656 4562 2685 4597 a
2716 4538 2989 4613 proposita
3022 4549 3118 4603 spe
3150 4547 3292 4585 nun-

2627 4637 2638 4648 -
2784 4640 2824 4648 ικ
2868 4624 3125 4648 ξη--..λ-ε.
3184 4623 3265 4648 ι-..

112 4623 442 4742 εὐφροσύνης.
475 4623 719 4732 Καίῐπᾶς
756 4666 812 4719 δέ
836 4623 988 4718 ό-ἐπέι
1032 4623 1237 4739 τούτοις
1267 4623 1433 4726 ὀμνὺς
1474 4623 1549 4717 ib;
1588 4623 1648 4708 ait

1755 4674 1915 4733 quam
1945 4658 2220 4726 lapsurum
2256 4660 2398 4707 esse,
2435 4648 2495 4694 ut
2548 4637 2641 4708 qui
2689 4640 2835 4689 recte
2864 4624 3150 4701 iuraverit,
3183 4623 3299 4724 tau:

111 4761 330 4832 εύορκῶν
356 4759 768 4830 ἐπαινεθήσεται
789 4773 802 4788 ·
833 4756 865 4827 ἧ
895 4754 1036 4809 κατὰ
1066 4752 1158 4805 τὸν
1186 4744 1436 4809 Ἀκύλαν,
1473 4767 1489 4798 ι
1510 4749 1657 4801 Καυ-

114 4854 313 4929 χήσεται
338 4856 367 4907 6
391 4854 603 4924 ὀμνύων
631 4854 689 4904 ἐν
710 4848 878 4921 αὐτῷ.
912 4869 928 4900 ι
964 4849 1023 4902 '0
1048 4849 1155 4919 γὰρ
1182 4847 1255 4918 μὴ
1282 4840 1677 4918 ἀμφιϐάλλων,ί

116 4945 233 4999 ἀλλὰ
264 4950 355 5000 καὶ
392 4948 553 5019 ὅρκον
578 4944 856 5016 τιθέμενος
896 4941 1022 5013 περὶ
1054 4940 1147 4993 τοῦ
1177 4941 1379 5010 μήποτε
1412 4935 1658 4988 ἐκπεσεῖ-

117 5037 223 5092 iam
250 5030 335 5094 τ’δν
364 5042 587 5112 βασιλέα
626 5039 724 5109 τῆς
752 5032 1165 5107 ἐπηγγελμένης
1190 5029 1429 5092 ἐλπίδος,
1461 5023 1657 5077 ὡσανεὶ

117 5133 363 5203 εὖορκῶν,
405 5132 841 5199 ἐπαινεθήσεται.
877 5125 987 5180 Καὶ
1024 5122 1194 5177 ταῦτα
1225 5121 1374 5173 ἔσται
1412 5116 1537 5187 περὶ
1567 5113 1657 5167 τὸν

120 5224 313 5293 βασιλέα
328 5225 423 5279 καὶ
442 5226 575 5296 περὶΔ
591 5224 765 5277 πάντα
779 5220 869 5274 τὸν
894 5216 1132 5288 ὀμνύντα
1158 5212 1284 5284 περὶ
1306 5207 1492 5267 αὑτοῦ,
1505 5225 1524 5259 ι
1538 5207 1656 5259 ’Ότι

118 5318 365 5388 ἐνεφράγη
393 5316 453 5368 τὸ
486 5315 663 5384 στόμα
687 5313 987 5366 λαλούντων
1016 5307 1199 5363 ἄδικα.
1242 5322 1260 5354 ι
1299 5300 1435 5355 Καθ’
1466 5299 1657 5369 ἑτέραν

118 5409 166 5462 δὲ
187 5409 408 5463 διάνοιαν
443 5404 536 5460 τοῦ
564 5404 771 5457 δικαίου
814 5397 1184 5477 τελειουμένου
1218 5391 1356 5447 κατὰ
1395 5389 1490 5452 τὰς
1522 5390 1657 5443 ἀπο-

118 5501 333 5565 δοθείσας
361 5502 417 5552 ἐν
447 5498 612 5569 ἀρετῇ
644 5491 927 5566 προκοπὰς
946 5528 961 5554 ,
990 5490 1167 5559 χαίρει
1191 5486 1285 5537 καὶ
1312 5483 1657 5553 εὐφραίνεται

121 5594 145 5646 6
175 5594 407 5663 βασιλεὺς
429 5630 443 5655 ,
475 5593 503 5643 ὀ
537 5587 633 5642 τοῦ
678 5585 812 5639 Θεοῦ
840 5580 1146 5651 Μονογενὴς
1174 5577 1299 5639 Υίὸς
1324 5573 1657 5645 εὐχαριστῶν

121 5682 187 5753 τῷ
213 5682 391 5738 ἑαυτοῦ
424 5680 617 5752 Πατρὶ,
640 5677 717 5749 τῷ
746 5676 814 5730 τὰ
837 5672 1134 5747 τηλικαῦτα
1157 5664 1657 5756 χαρίσματαᾼδεδωο

126 5775 314 5846 ρημένη⁴
349 5777 415 5845 τῇ
451 5772 557 5827 τῶν
591 5769 891 5841 ὰιθρώπων
922 5766 1075 5835 φύσε.
1116 5753 1312 5813 Τοῦτον
1347 5756 1402 5809 δέ
1443 5753 1531 5808 τὸν
1561 5753 1657 5824 βαρ

126 5865 255 5920 ιιλὲα
278 5869 304 5921 6
330 5868 505 5936 γνοὺς,
535 5865 627 5918 καὶ
653 5863 834 5935 ὅρκιον
860 5856 1023 5914 αὑτοῦ
1058 5852 1371 5923 ποιούμενος
1398 5846 1651 5914 τοῦνομα,

1752 4712 2013 4806 ἀιδίων..
2036 4744 2100 4797 Et
2128 4742 2243 4795 haec
2285 4734 2597 4802 contingent
2627 4734 2741 4781 tum
2787 4722 2922 4794 regi,
2958 4717 3178 4799 tnm‘iis
3205 4712 3297 4782 qui

1754 4841 1821 4896 de
1858 4841 1974 4909 ipso
2017 4826 2343 4903 iuraverint,
2393 4843 2411 4873 ι
2438 4822 2568 4893 quia
2611 4819 2951 4875 obstructum
2995 4817 3078 4865 est
3121 4822 3182 4861 os
3220 4806 3300 4859 lo—

1756 4904 2036 5005 quentium
2066 4921 2273 4991 iniqua.
2300 4935 2319 4969 ι
2372 4913 2682 4971 Secundum
2719 4909 2879 4963 aliam
2920 4917 3048 4959 vero
3083 4904 3302 4953 senten-

1754 4988 1886 5082 tiam
1918 4988 2237 5086 cumiustus
2259 5011 2521 5065 virtutum
2551 5000 2796 5074 profectu
2822 5002 3014 5050 auctus
3042 4988 3299 5044 consum-

1755 5081 1965 5175 matur,
2020 5081 2149 5162 tunc
2192 5103 2390 5174 gaudet
2430 5115 2526 5154 rex
2574 5102 2629 5151 et
2674 5090 2928 5151 exsultat,
2979 5081 3300 5175 Unigenitus

1758 5167 1964 5265 scilicet
1994 5198 2088 5253 Dei
2116 5167 2308 5258 Filius,
2358 5188 2506 5244 Patri
2537 5200 2638 5241 suo
2682 5179 2885 5253 gratias
2913 5173 3174 5231 referens,
3209 5167 3299 5236 qui

1756 5299 2006 5353 humana:
2040 5297 2246 5343 naturae
2281 5290 2431 5337 tanta
2462 5278 2761 5349 gratiarum
2802 5267 2942 5322 dona
2986 5258 3299 5317 contuleri:.

1757 5390 1914 5446 Hunc
1972 5396 2136 5454 porro
2182 5390 2363 5449 regem
2413 5371 2507 5443 qui
2549 5365 2780 5426 noverit,
2814 5361 3044 5428 eiusque
3087 5351 3301 5407 nomine

1755 5484 1821 5538 ad
1869 5480 2241 5550 iuramentum
2271 5483 2405 5524 usus
2467 5460 2647 5521 fuerit,
2682 5456 2729 5510 is
2775 5467 2904 5508 sane
2956 5447 3100 5544 omni
3142 5440 3300 5540 laude

1757 5530 1951 5642 dignus
1987 5564 2286 5625 habeatur;
2328 5564 2513 5626 utpote
2561 5547 2649 5619 qui
2699 5538 3000 5613 edidicerit,
3035 5530 3297 5632 eiusvir-

1757 5621 1870 5717 tuie
1899 5659 2103 5727 iustum
2132 5621 2593 5707 consummatum,
2625 5643 2677 5692 et
2703 5650 2766 5688 os
2796 5628 3069 5701 quod‘ibet
3096 5621 3303 5721 iniusta

1760 5709 1926 5801 multa
1959 5739 2243 5812 proferens
2274 5736 2613 5799 obstructum
2644 5723 2832 5777 fuisse.
2888 5711 3109 5770 Etiamsi
3157 5709 3300 5763 cnim

1760 5843 2042 5907 aliquanto
2082 5839 2330 5888 tempore
2388 5832 2704 5878 concessum
2737 5811 2913 5884 impiis
2948 5806 3068 5869 fuit,
3121 5808 3304 5855 utore
