3966 6340
702 419 809 473 ‘05

1365 403 1629 472 sesami
1668 416 2139 474 CIESARIENSIS
2172 419 2320 476 opp.
2364 418 2547 476 mas
2576 415 2667 473 ili.
2714 444 2782 458 ι-
2820 413 3218 469 EXEGETICA.

3759 419 3838 472 6l6

696 536 901 603 iujus'ta
933 532 1100 587 multa
1155 531 1479 601 proferrent,
1511 540 1565 610 et
1597 531 1910 602 blasphema
1938 532 2083 587 dicta
2112 538 2238 587 co'n-

2346 532 2542 594 παντὸς
2572 530 2765 600 γένοιτ’
2795 527 2860 581 ἂν
2890 530 3110 581 ἐπαίνου
3144 527 3308 591 ἄξιος,
3339 528 3413 591 ὡς
3443 529 3509 581 ἂν
3543 529 3838 600 μεμαθηκὼς,

697 635 777 676 tra
830 624 1033 692 justum
1086 624 1373 693 ipsumque
1428 622 1597 677 De‘tm
1647 632 1985 695 spargerent,
2032 632 2240 694 utpote,

696 714 787 782 qui
833 713 977 765 viros
1009 712 1095 767 sui
1143 726 1311 765 causa
1353 712 1538 777 pulsos
1570 728 1677 766 non
1718 713 2106 779 ulcisceretur;
2136 713 2245 767 illis

693 820 826 873 sane
857 819 965 857 non
1013 804 1361 873 permittetur
1391 814 1449 858 ut
1497 804 1564 858 ad
1597 804 1756 858 linem
1795 820 1967 874 usque
1996 804 2121 857 talia
2150 803 2244 857 de-

692 894 993 959 blaterent;
1050 895 1146 948 sed
1196 909 1259 949 os
1326 893 1551 963 impium
1616 895 1858 963 ipsorum
1907 895 2241 958 obstruetur,

691 986 1032 1053 ressubitque
1084 985 1174 1037 illa
1222 992 1416 1038 contra
1464 985 1582 1053 pios
1626 984 1875 1040 homines
1913 986 2239 1054 arrogantia,

690 1088 812 1126 eum
844 1076 961 1128 illos
988 1082 1317 1128 memoratus
1348 1074 1469 1128 ﬁnis
1506 1076 1798 1144 exceperit.

2341 621 2422 672 ὅτι
2462 620 2528 688 τῇ
2572 616 2735 670 αὑτοῦ
2784 617 3008 686 δυνάμει
3054 617 3145 669 καὶ
3172 619 3199 669 ὀ
3223 616 3425 678 δίκαιος
3457 617 3751 688 ἐτελειώθη,
3775 620 3841 671 καὶ

2346 710 2452 762 πᾶν
2485 710 2654 779 στόμα
2675 708 2738 761 τὸ
2766 708 2931 760 πολλά
2972 706 3161 758 λαλοῦν
3189 707 3345 759 ἄδικα
3370 708 3655 775 ἐνεφράγη.
3685 709 3739 759 ΕΞ
3764 710 3841 779 γὰρ

2344 801 2435 853 καὶ
2461 801 2529 853 τὰ
2565 801 2795 871 μάλιστα
2822 799 2995 871 καιρῷ
3026 817 3132 864 τινι
3166 802 3513 869 συνεχωρεῖτο
3540 799 3615 867 τῷ
3636 798 3730 850 τῶν
3748 800 3840 851 ἀσε-

2343 895 2451 947 ϐῶν
2494 894 2717 963 στόματι
2745 891 2921 957 λαλεῖν
2966 891 3124 943 ἄδικα
3159 892 3250 943 καὶ
3297 890 3753 959 καταϐλασφημεῖν
3775 890 3843 941 τοῦ
3936 896 3937 899 “

2332 985 2569 1049 δικαίου,
2597 984 2691 1037 καὶ
2727 984 2890 1035 αὐτοῦ
2913 983 3006 1035 τοῦ
3034 983 3190 1046 Θεοῦ,
3239 982 3313 1043 ὡς
3344 981 3508 1051 μηδὲν
3533 981 3844 1051 ἐπαμύνοντος

2348 1077 2463 1138 τοῖς
2488 1075 2553 1127 δι’
2577 1075 2735 1127 αὑτὸν
2754 1073 3141 1143 ἐλαυνομένοις
3160 1072 3271 1126 ἀλλ’
3292 1074 3392 1125 οὐκ
3414 1074 3492 1134 είς
3511 1073 3655 1134 τέλος
3672 1065 3845 1124 τοιαῦτα

672 1164 865 1237 ,λαλεῖν
900 1164 1437 1235 συγχωρηθήσονται·
1467 1167 1803 1237 φραγήσεται
1847 1167 1904 1219 δὲ
1952 1166 2130 1221 αὐτῶν
2177 1166 2238 1219 τό
2274 1166 2465 1230 ἀσεϐὲς
2493 1167 2685 1237 στόμα,
2744 1166 2838 1217 καὶ
2863 1168 2896 1235 ἠ
2928 1166 3065 1219 κατά
3095 1166 3201 1219 τῶν
3265 1163 3525 1232 θεοφιλῶν
3556 1164 3846 1235 ἀνδρςῖινεμε⁴
3936 1194 3937 1235 ξ

690 1256 955 1325 γαλαυχῐα
984 1256 1345 1325 παυθήσεται,
1386 1257 1601 1312 ἐπειδάν
1645 1256 1923 1328 καταλάὸῃ
1956 1257 2151 1321 αὐτοὺς
2179 1257 2248 1311 τά
2281 1257 2646 1329 προλεχθέντα
2680 1256 2831 1325 τέλη.
3936 1272 3937 1303 1

867 1370 1018 1437 l._']N
1048 1368 1256 1422 FINEM
1286 1369 1845 1439 PSALMUSEDAVID
1884 1371 2060 1426 LXIII.

768 1482 932 1539 Vens.
967 1482 1022 1543 2,
1057 1483 1109 1536 5.
1165 1500 1183 1532 ι
1208 1481 1436 1546 Exaudi,
1494 1482 1667 1548 Deusr
1706 1483 2009 1538 orationem
2042 1499 2239 1549 meam,

692 1592 816 1629 cum
874 1574 1168 1643 deprecor:
1217 1589 1247 1627 a
1289 1573 1481 1629 timore
1542 1574 1750 1635 inimici
1796 1578 1947 1646 eripe
2002 1578 2239 1630 animam
2278 1597 2285 1601 ν

692 1680 919 1719 meam.»
981 1663 1222 1720 Praesens
1254 1680 1469 1735 quoque
1497 1667 1738 1736 psalmus
1769 1667 1823 1721 in
1855 1668 2015 1723 linem
2053 1669 2240 1721 remit-

693 1757 778 1819 tit,
812 1772 919 1826 quo
946 1757 1130 1810 bravia
1159 1773 1410 1827 supernae
1443 1759 1852 1816 vocationisaet
1881 1760 2111 1827 justitire
2148 1774 2241 1812 co—

694 1864 877 1909 ronas,
906 1849 994 1917 qui
1028 1849 1224 1902 bonmn
1272 1840 1545 1903 certamen
1590 1857 1955 1912 certaverunt,
1985 1865 2016 1903 a
2038 1864 2238 1920 magno

2347 1849 2509 1919 σύνης
2538 1850 2825 1918 στεφάνους
2847 1853 2893 1903 οἱ
2915 1851 3006 1903 τὸν
3035 1850 3219 1918 ἀγῶνα
3244 1850 3331 1903 τὸν
3360 1848 3518 1903 καλὸν
3541 1844 3857 1918 διηγωνισμὲ-

691 1937 785 1991 illo
814 1937 1133 2006 agonotlieta
1164 1936 1438 2004 accepturi
1479 1945 1624 1990 sunt.
1675 1936 1855 2001 Quare
1883 1937 1939 1991 in
1973 1937 2238 2006 principio

692 2027 905 2095 psalmi,
959 2026 1162 2079 inimici
1196 2036 1251 2079 et
1295 2025 1465 2093 iniqui
1500 2024 1747 2080 homines
1798 2034 1990 2079 contra
2027 2025 2237 2093 justum

692 2119 1035 2187 insurgentes
1060 2116 1423 2182 inducuntur;
1460 2116 1513 2169 in
1546 2115 1652 2170 ﬁne
1682 2124 1861 2171 autem
1908 2116 2077 2171 totius
2120 2132 2236 2172 ser-

692 2210 869 2264 monis
904 2225 1052 2278 spem
1080 2209 1274 2262 bonam
1305 2204 1555 2278 Obsignat
1599 2209 1682 2263 his
1712 2209 1915 2273 verbis,
1968 2226 1986 2259 c
2012 2207 2239 2263 Laetabi-

692 2302 982 2369 turjustus
1012 2302 1066 2352 in
1100 2299 1349 2363 Domino,
1379 2300 1433 2355 et
1463 2301 1702 2369 sperabit
1744 2300 1798 2355 in
1828 2316 1917 2363 eo,
1959 2310 2013 2355 et
2050 2293 2244 2356 lauda-A

692 2391 896 2444 buntur
936 2405 1127 2445 omnes
1174 2392 1309 2445 recti
1341 2390 1557 2447 corde.»
1602 2390 1785 2446 Talem
1842 2391 2082 2446 futurum
2114 2407 2240 2446 esse

693 2482 853 2535 ﬁnem
885 2482 1042 2536 docet
1070 2496 1256 2535 eorum
1290 2483 1380 2551 qui
1429 2496 1528 2551 pro
1575 2482 1786 2551 iustitia
1834 2491 2234 2538 concertarunt.

690 2570 1000 2642 Religiosus
1036 2588 1163 2627 vero
1205 2573 1427 2637 athleta,
1464 2588 1493 2625 a
1525 2572 1799 2629 sexcentis
1834 2574 2090 2629 hostibus
2134 2574 2237 2629 ini-

691 2664 954 2739 micisque
998 2664 1209 2726 animaa,
1240 2678 1349 2717 non
1378 2664 1552 2718 solum
1578 2663 1901 2729 visibilibus,
1948 2664 2042 2719 sed
2074 2666 2238 2729 etiam

688 2754 916 2807 occultis
949 2754 1257 2823 impetibus,
1308 2753 1373 2806 ad
1407 2768 1571 2806 unum
1603 2751 1769 2808 Deum
1799 2751 2061 2825 confugit,
2093 2754 2236 2823 ejus-

688 2858 793 2912 que
821 2843 1078 2897 auxilium
1109 2844 1364 2912 postulat,
1389 2845 1502 2898 haec
1528 2851 1738 2898 tantum
1781 2860 1887 2899 non
1922 2845 2233 2912 proferens:

692 2955 712 2986 ‹
734 2935 791 2990 Si
822 2935 963 2991 Deus
992 2951 1089 3006 pro
1116 2936 1291 2999 nobis,
1319 2938 1439 3005 quis
1473 2945 1663 2991 contra
1705 2938 1900 2993 nos"?
1925 2957 1941 2988 ι
1968 2938 2240 3002 Quamob-

691 3044 801 3082 rem
841 3028 1090 3096 precibus
1147 3028 1240 3080 dat
1278 3041 1512 3096 operam,
1566 3028 1731 3081 Deum
1781 3028 2041 3099 invocans
2072 3037 2125 3081 et
2156 3027 2239 3079 di-

687 3134 867 3183 cens:
890 3136 909 3168 ‹
931 3118 1156 3185 Exaudi,
1202 3108 1365 3184 Deus,
1393 3119 1693 3174 orationem
1734 3134 1932 3182 meam,
1964 3134 2100 3193 cum
2142 3119 2239 3172 de-

691 3224 901 3279 precor.
933 3228 951 3260 ι
988 3209 1088 3274 Qui
1120 3224 1247 3263 vero
1275 3210 1583 3280 hujusmodi
1610 3226 1717 3265 non
1746 3219 1851 3275 est,
1895 3210 1990 3267 sed
2037 3210 2234 3266 divinis
2263 3243 2305 3301 ο

688 3301 971 3368 prmceptis
1016 3316 1124 3354 non
1172 3302 1524 3371 obtemperat,
1565 3308 1718 3357 tanta
1767 3302 1962 3357 liducia
2009 3302 2085 3356 uti
2128 3318 2235 3356 non

689 3394 864 3444 valet:
904 3406 1009 3460 qua
1064 3407 1316 3446 mensura
1350 3394 1495 3446 enim
1534 3395 1809 3453 metimur,
1840 3394 2027 3448 eadem
2062 3410 2237 3449 reme-
2269 3384 2286 3399 '

688 3481 852 3534 tietur
880 3482 1055 3536 nobis.
1103 3481 1443 3552 Quapropter
1479 3483 1532 3536 in
1576 3484 1880 3539 Proverbiis
1924 3485 2038 3539 haec
2081 3484 2237 3540 inob-

686 3574 1040 3643 sequentibus
1080 3574 1172 3628 Dei
1224 3574 1495 3643 Sapientia
1539 3576 1741 3629 edicit:
1799 3574 1979 3642 «Quia
2025 3577 2234 3641 vocavi,

685 3674 739 3718 et
767 3680 873 3718 non
920 3665 1206 3727 obcdistis,
1249 3664 1465 3718 extendi
1510 3679 1813 3730 sermones,
1844 3674 1898 3720 et
1926 3673 2237 3730 nonatten—

685 3759 873 3822 distis;
914 3757 1005 3811 sed
1041 3758 1192 3810 irrita
1242 3748 1448 3810 feeistis
1496 3757 1721 3821 consilia
1765 3772 1900 3821 mea,
1955 3752 2236 3828 praeceptis

686 3858 862 3902 autem
893 3850 1027 3903 meis
1061 3864 1165 3901 non
1200 3849 1634 3919 obtemperantis.
1672 3847 1856 3918 Itaque
1889 3866 1989 3919 ego
2018 3864 2235 3920 quoque

686 3938 738 3991 in
773 3939 994 3991 interitu
1027 3950 1207 3993 vestro
1234 3939 1528 3994 ridebo".i
1560 3938 1685 3993 Erit
1714 3941 1855 3994 enim
1889 3948 2099 4010 tempus
2127 3956 2235 4010 quo

687 4020 1014 4083 invocabitis
1044 4046 1149 4093 me,
1200 4043 1251 4083 et
1288 4046 1387 4100 ego
1430 4047 1540 4084 non
1592 4032 1900 4086 exaudiam.
1956 4033 2013 4086 Si
2071 4032 2234 4103 igitur

682 4121 931 4176 exaudiri
968 4122 1220 4175 volumus
1256 4136 1378 4173 cum
1427 4123 1741 4178 invocamus
1774 4124 1964 4188 Deum,
1997 4124 2231 4194 idipsum

684 4229 783 4269 nos
845 4214 1047 4269 divinis
1120 4214 1403 4283 praeceptis
1459 4215 1894 4284 obtemperantes
1944 4216 2231 4270 faciamus.

683 4306 837 4360 Tunc
868 4307 1013 4360 enim
1046 4306 1215 4358 multa
1244 4320 1366 4358 cum
1401 4302 1599 4357 ﬁducia
1639 4320 1741 4359 nos
1770 4321 1982 4374 quoque
2011 4306 2120 4361 Deo
2147 4308 2233 4361 di-

682 4411 804 4451 cere
837 4397 1134 4465 poterimus
1161 4413 1175 4449 :
1213 4412 1233 4445 (
1263 4392 1488 4459 Exaudi,
1524 4392 1687 4459 Deus,
1718 4395 2021 4449 orationem
2057 4412 2232 4451 meam

642 4522 646 4525 η
678 4501 801 4539 cum
833 4486 1112 4555 deprecor.
1141 4505 1158 4535 ι
1180 4484 1318 4550 Quid
1347 4491 1525 4538 autem
1555 4485 1743 4539 beatus
1768 4483 1937 4538 David
1969 4488 2231 4555 precaba-

2472 1372 2576 1424 ΕΙΣ
2610 1369 2698 1424 το
2734 1372 2951 1424 ΤΕΛΟΣ
2984 1371 3271 1424 ΨΑΔΜΟΣ
3307 1372 3394 1440 Tn
3428 1345 3624 1423 ΔΑΥῙΑ

2416 1502 2439 1534 ι
2469 1483 2792 1536 Είσάκουσον
2812 1523 2825 1546 ,
2871 1486 2898 1536 6
2927 1483 3087 1548 Θεὸς,
3116 1482 3418 1553 προσευχῆς
3451 1499 3552 1553 μου
3604 1484 3659 1534 ἐν
3700 1481 3765 1551 τῷ
3786 1480 3850 1531 δὲ-
3936 1488 3937 1545 Ῐ

2345 1577 2499 1631 εσθαί
2528 1595 2593 1647 με
2614 1617 2628 1641 ,
2653 1577 2761 1651 ἀπὸ
2788 1577 2950 1644 φόϐου
2977 1576 3168 1646 ἐχθροῦ
3192 1575 3369 1641 ἐξέλου
3394 1575 3491 1646 τὴν
3510 1574 3681 1645 ψυχήν
3709 1590 3807 1642 μου.
3836 1592 3849 1621 ι
3936 1604 3937 1621 χ

2343 1653 2454 1721 Καὶ
2480 1670 2510 1720 6
2544 1668 2731 1738 παρὼν
2755 1667 2964 1738 ψαλμὸς
3000 1668 3078 1730 είς
3108 1666 3168 1719 τὸ
3193 1663 3343 1729 τέλος
3381 1666 3687 1735 ἀναπέμπει
3705 1681 3716 1693 ’
3746 1665 3792 1715 ἐν
3822 1654 3855 1727 ᾧ
3936 1656 3937 1663 “

2344 1758 2413 1812 τά
2454 1759 2677 1830 βραδεῖα
2702 1746 2942 1830 τῆςᾶνω
2972 1760 3215 1830 κλήσεως
3240 1798 3254 1819 ,
3291 1758 3381 1812 καὶ
3407 1758 3534 1819 τοὺς
3575 1758 3669 1827 τῆς
3692 1755 3855 1807 δικαιο·
3936 1820 3937 1831 1

2342 1956 2421 1992 νοι
2481 1940 2629 2010 παρὰ
2657 1940 2749 1992 τοῦ
2782 1941 3011 2010 μεγάλου
3038 1940 3296 2010 λήψονται
3321 1938 3675 2008 ἀγωνοθέτουέ
3705 1938 3781 1990 Διὸ
3805 1936 3858 1987 τὰ

2343 2029 2441 2100 μὲν
2488 2030 2677 2101 πρῶτα
2716 2030 2809 2083 τοῦ
2851 2031 3062 2102 ψαλμοῦ
3104 2033 3329 2103 ἐχθροὺς
3358 2033 3564 2101 εἰσάγει
3608 2034 3699 2086 καὶ
3727 2046 3862 2097 πονη-

2344 2118 2664 2189 ρευομένους
2693 2120 3149 2189 ἐπανισταμένους
3176 2120 3252 2190 τῷ
3276 2121 3467 2190 δικαίῳ
3487 2138 3501 2151 ’
3530 2124 3588 2173 ἐν
3617 2122 3671 2173 δὲ
3699 2119 3765 2191 τῷ
3792 2119 3862 2170 τέ-

2338 2208 2418 2262 λει
2450 2209 2543 2262 τοῦ
2571 2210 2770 2272 παντὸς
2797 2209 2952 2279 λόγου
2980 2210 3222 2279 χρηστάς
3248 2210 3466 2273 ἐλπίδας
3504 2210 3857 2283 ἐπισφραγίζε-
3936 2206 3937 2257 ξ

2339 2390 2432 2441 καὶ
2478 2390 2655 2442 ἐλπιεῖ
2692 2391 2779 2441 ἐπ’
2802 2390 2962 2443 αὐτόν
2981 2406 2994 2419 ·
3026 2389 3120 2442 καὶ
3150 2390 3591 2461 ἐπαινεθήσονται
3621 2391 3801 2451 πάντες
3825 2390 3864 2439 oi

2319 2312 2428 2352 ’ται
2458 2299 2659 2367 λέγων’
2692 2299 3191 2370 ι’-Εὐφρανθήσεται
3244 2299 3447 2363 δίκαιος
3482 2302 3540 2353 ἐν
3566 2302 3643 2370 τῷ
3673 2302 3861 2371 Κυρίῳ,

2338 2479 2512 2544 εὐθεῖς
2540 2484 2605 2551 τῇ
2637 2479 2849 2551 καρδίᾳ.
2882 2499 2901 2531 ι
2931 2476 3166 2539 Τοιαῦτα
3201 2479 3269 2534 τὰ
3296 2481 3422 2552 τέλη
3450 2480 3559 2545 τῶν
3586 2482 3718 2553 ὑπὲρ
3739 2482 3867 2533 εύσε-
3936 2532 3937 2539 η

2338 2572 2896 2642 δείαςςὴγωνισμένων
2919 2569 3056 2626 εἶναι
3088 2572 3344 2627 διδάσκει.
3376 2574 3434 2626 Ὃ
3462 2574 3525 2641 γέ
3555 2591 3633 2625 τοι
3655 2575 3745 2644 τῆς
3767 2571 3865 2623 θεο-

2339 2665 2549 2727 σεϐείας
2563 2664 2815 2735 ἀθλητὴς,
2836 2665 3059 2735 μυρίους
3086 2665 3223 2735 ἔχων
3244 2664 3466 2735 ἐχθροὺς
3488 2666 3583 2718 καὶ
3607 2665 3867 2734 πολεμίους

2336 2757 2437 2826 τῆς
2473 2755 2636 2809 αὐτοῦ
2660 2756 2854 2827 ψυχῆς,
2886 2756 2987 2826 οὐχ
3007 2756 3233 2826 ὁρατοὺς
3271 2757 3448 2826 μόνον,
3479 2755 3614 2809 ἀλλά
3640 2757 3726 2809 καὶ
3750 2757 3869 2823 dea-

2338 2851 2446 2911 νεῖς
2465 2887 2480 2911 ,
2533 2848 2675 2919 μόνῳ
2708 2848 3039 2918 προσφεύγει
3080 2848 3157 2919 τῷ
3193 2846 3308 2917 Θεῷ
3339 2848 3432 2901 καὶ
3452 2850 3552 2917 τὴν
3581 2848 3705 2918 παρ’
3726 2845 3869 2899 αὑτοῦ

2342 2937 2587 3007 βοήθειαν
2614 2941 2788 3002 αἰτεῖ,
2821 2938 3098 3009 μονονουχὶ
3130 2938 3300 3005 λέγων
3321 2956 3333 2966 ·
3374 2958 3403 2989 «ν
3425 2940 3487 2990 Εἰ
3525 2941 3553 2991 6
3587 2939 3712 3001 Θεὸς
3750 2937 3871 3005 ὑπὲρ

2340 3030 2526 3099 ἡμῶν,
2569 3032 2654 3092 τίς
2706 3032 2827 3084 καθ’
2862 3033 3014 3101 ἡμῶν
3041 3049 3056 3096 ;
3087 3050 3105 3082 ι
3139 3033 3230 3084 Διὸ
3262 3035 3383 3094 ταῖς
3415 3033 3605 3101 εὐχαῖς
3650 3030 3870 3101 σχολάζει
3936 3080 3937 3083 η

2337 3119 2427 3171 τὸν
2458 3119 2588 3172 Θεὸν
2615 3118 3050 3188 ἀνακαλούμενος
3081 3119 3171 3172 καὶ
3199 3120 3398 3187 λέγων·
3438 3136 3458 3170 ι
3491 3120 3822 3180 Εἰσάκουσον,
3849 3121 3872 3170 ὁ

2338 3208 2501 3271 Θεὸς,
2544 3208 2849 3280 προσευχῆς
2880 3227 2979 3279 μου
3006 3210 3063 3261 ἐν
3108 3207 3184 3278 τῷ
3213 3208 3424 3262 δέεσθαί
3462 3227 3548 3279 με.
3590 3230 3608 3262 ι
3653 3196 3704 3263 Ὅ
3732 3209 3784 3261 δὲ
3811 3208 3872 3277 μὴ

2336 3301 2573 3366 τοιοῦτος
2593 3341 2608 3364 ,
2637 3301 2960 3373 παρακούων
2990 3301 3047 3353 δέ
3078 3300 3185 3354 τῶν
3213 3301 3305 3353 τοῦ
3349 3300 3484 3354 Θεοῦ
3514 3301 3873 3373 παραγγελμὰ-

2335 3409 2461 3458 των,
2486 3394 2584 3445 οὐκ
2616 3393 2679 3445 ἂν
2706 3391 2921 3444 δύναιτο
2959 3388 3195 3462 χρῆσθαι
3224 3392 3289 3461 τῇ
3318 3391 3553 3461 τοσαύτῃ
3584 3391 3868 3462 παρρησίᾳ·

2333 3477 2376 3549 ᾧ
2399 3483 2504 3556 γὰρ
2532 3482 2712 3553 μέτρῳ
2742 3480 3044 3552 μετροῦμεν
3077 3483 3485 3551 ἀντιμετρεῖται
3516 3483 3663 3551 ἡμῖν.
3698 3481 3873 3548 Διόπερ

2334 3576 2390 3628 ἐν
2417 3566 2742 3643 Παροιμίαις
2780 3574 2813 3642 ἡ
2840 3571 2934 3624 τοῦ
2968 3571 3101 3625 Θεοῦ
3140 3572 3298 3641 σοφία
3327 3572 3463 3643 πρὸς
3504 3574 3625 3636 τοὺς
3654 3572 3873 3631 ἀπειθεῖς

2334 3664 2671 3716 ἀποτείνεται
2715 3663 2978 3731 λέγουσασ
3022 3663 3221 3732 «γἈνθ’
3263 3656 3339 3716 ὧν
3373 3664 3618 3726 ἐκάλουν,
3668 3652 3758 3717 καὶ
3791 3665 3873 3729 οὐχ

2334 3753 2694 3823 ὑπηκούσατε,
2723 3754 2815 3806 καὶ
2844 3753 3106 3818 ἐξέτεινον
3129 3754 3338 3823 λόγους,
3362 3757 3454 3807 καὶ
3479 3756 3539 3807 οὐ
3563 3755 3871 3824 προσείχετε·

2333 3844 2447 3898 ἀλλ’
2490 3844 2725 3914 ἀκύρους
2775 3846 3007 3896 ἐποιεῖτε
3051 3844 3151 3907 τάς
3197 3844 3335 3914 ἐμάς
3385 3844 3615 3914 βουλὰς,
3671 3848 3784 3906 ταῖς
3827 3843 3873 3893 δὲ

2334 3939 2492 4007 ἐμαῖς
2530 3936 2764 3999 ἐντολαῖς
2801 3936 2859 3987 ού
2910 3935 3245 4006 προσείχετε.
3289 3937 3586 4007 Τοιγαροῦν
3626 3937 3774 4005 κάγὼ
3817 3938 3873 4005 τῇ

2334 4027 2573 4098 ὑμετέρᾳ
2617 4027 2861 4097 ἀπωλείᾳ
2898 4014 3305 4098 ἐπιγελάσομαι.
3347 4047 3387 4087 ι,
3416 4029 3607 4082 Ἔσται
3656 4028 3760 4098 γὰρ
3798 4028 3873 4079 ὅτε

2332 4121 2715 4175 ἐπικαλέσεσθέ
2741 4139 2828 4192 με,
2854 4120 2961 4190 ἐγὼ
2993 4122 3048 4175 δέ
3073 4124 3170 4175 οὐκ
3196 4121 3598 4190 εἰσακούσομαι.
3626 4124 3685 4175 Εἰ
3713 4122 3873 4175 τοίνυν

2334 4212 2706 4265 είσακούεσθαι
2736 4213 3030 4285 βουλόμεθα
3064 4217 3120 4268 ἐν
3152 4208 3231 4277 οἷς
3260 4214 3487 4284 δεόμεθα
3505 4214 3598 4267 τοῦ
3624 4214 3777 4277 Θεοῦ,
3795 4214 3873 4265 καὶ

2337 4298 2489 4357 αὐτοὶ
2519 4304 2674 4357 τοῦτο
2698 4307 3021 4376 πράττωμεν
3050 4310 3161 4370 τοῖς
3192 4307 3283 4360 τοῦ
3304 4307 3438 4360 Θεοῦ
3467 4308 3875 4379 παραγγέλμασι

2334 4397 2683 4473 καταπειθεῖς
2708 4395 3034 4469 γιγνόμενοι.
3069 4401 3201 4453 Τότε
3229 4400 3338 4472 γὰρ
3365 4401 3459 4453 σὺν
3487 4400 3651 4472 πολλῇ
3686 4402 3874 4472 παρρη-

2336 4490 2425 4560 σίᾳ
2450 4490 2543 4542 καὶ
2572 4490 2720 4542 αὐτοὶ
2753 4491 2915 4561 φάναι
2942 4492 3282 4563 δυνησόμεθα
3305 4492 3382 4562 τῷ
3402 4491 3521 4561 Θεῷ
3546 4511 3559 4523 ·
3589 4514 3607 4544 ι
3635 4494 3873 4547 Εἰσάκου-

680 4585 770 4631 tur
819 4576 998 4643 (illius
1057 4592 1307 4646 namque,
1356 4585 1415 4637 ut
1455 4577 1686 4638 aestimo,
1739 4577 1902 4631 verba
1962 4585 2125 4643 sunt,
2160 4595 2227 4632 eo

2337 4599 2453 4645 σον,
2476 4584 2504 4633 ό
2524 4581 2655 4645 Θεὸς
2675 4624 2688 4645 ,
2716 4583 2814 4652 τῆς
2848 4585 3152 4654 προσευχῆς
3181 4601 3278 4654 μου
3317 4584 3374 4635 ἐν
3400 4584 3476 4654 τῷ
3504 4586 3713 4639 ὁὲεσθαί
3742 4603 3823 4657 με.
3853 4604 3869 4634 ι

681 4676 921 4736 tempore
954 4667 1162 4733 prolata
1192 4682 1301 4735 quo
1341 4683 1369 4720 a
1403 4666 1565 4721 Saule
1593 4676 1647 4721 et
1679 4668 1974 4723 comitibus
1999 4669 2119 4737 ejus
2150 4668 2230 4721 fu-

681 4757 919 4828 giebat),
985 4763 1044 4808 ut
1074 4757 1255 4810 anima
1311 4758 1481 4827 ipsius
1514 4773 1543 4809 a
1579 4759 1773 4814 tim’ore
1804 4761 2008 4813 inimici
2054 4762 2229 4828 eripe-

682 4860 849 4911 retur,
884 4864 990 4903 non
1024 4856 1201 4901 autem
1230 4857 1288 4901 ut
1318 4848 1571 4903 inimicos
1617 4865 1727 4904 non
1757 4852 2000 4914 haberet,
2038 4860 2131 4904 aut
2168 4859 2229 4904 ut

682 4942 906 4994 consilia
951 4953 1139 4993 eorum
1184 4937 1628 5017 eliminarentur;
1686 4942 1780 4995 sed
1826 4944 2007 4996 anima
2053 4943 2226 5012 ipsius

682 5032 1046 5100 imperterrita
1076 5040 1129 5084 et
1159 5012 1427 5101 intrepida
1451 5012 1729 5097 maneret;
1766 5042 1825 5086 ut
1870 5034 2227 5101 imperturba-

624 5185 631 5197 ι
681 5133 793 5177 tum
848 5136 1042 5191 gerens
1092 5121 1356 5183 animum,
1399 5120 1514 5189 ipse
1544 5120 1768 5189 perinde
1821 5131 1981 5192 atque
2025 5122 2225 5178 Paulus

678 5217 916 5275 diceret:
961 5231 979 5263 ι
1005 5212 1060 5265 1η
1111 5213 1365 5267 omnibus
1398 5211 1802 5267 tribulationem
1838 5216 2095 5283 patimur,
2131 5215 2227 5269 sed

676 5323 784 5361 non
820 5305 1226 5374 angustiamur;
1259 5304 1683 5372 persecutionem
1713 5305 1968 5373 patimur,
1993 5306 2084 5361 sed
2119 5322 2228 5361 non

677 5398 1141 5467 derelinqnimur;
1185 5398 1491 5465 dejicimur.
1545 5394 1641 5450 sed
1697 5411 1805 5450 non
1864 5399 2102 5465 perimus
2124 5399 2221 5452 ⁸⁸.»

678 5489 957 5549 llaeccmn
990 5486 1099 5542 Deo
1127 5487 1331 5541 diceret
1375 5486 1564 5548 David,
1614 5502 1720 5539 non
1768 5497 1884 5542 erat
1936 5491 2227 5545 beneﬁcio.

674 5594 818 5641 rum,
850 5580 969 5647 qua?
1006 5577 1108 5631 sibi
1158 5578 1360 5644 pridem
1392 5579 1589 5633 collata
1640 5576 1871 5638 fuerant,
1917 5576 2218 5635 immemor.

2333 4672 2397 4724 Τί
2433 4672 2489 4724 δέ
2524 4672 2690 4725 ἐδεῖτο
2731 4676 2760 4727 ό
2804 4676 3069 4746 μακάριος
3095 4675 3289 4737 Δαυῖδ;
3324 4674 3506 4741 (αὐτοῦ
3537 4677 3644 4745 γάρ
3672 4680 3803 4729 εἰσιν
3833 4678 3872 4727 οἱ

2330 4762 2500 4830 λόγοι,
2539 4763 2614 4827 ὼς
2645 4750 2828 4835 οἶμαι,
2856 4765 2995 4817 κατά
3024 4765 3147 4827 τοὺς
3176 4764 3397 4835 χρόνους
3423 4767 3701 4834 εἰρημένοι
3723 4807 3737 4829 ,
3766 4765 3873 4819 καθ’

2331 4853 2420 4917 οὓς
2456 4855 2546 4910 τὸν
2584 4856 2753 4911 Σαοὺλ
2778 4855 2971 4924 ἔφευγε
3004 4856 3097 4907 καὶ
3138 4856 3262 4916 τοὺς
3292 4854 3387 4906 σὺν
3416 4855 3565 4925 αύτῷ
3590 4875 3604 4888 ·
3624 4858 3640 4926 )
3663 4859 3759 4929 τὴν
3782 4859 3873 4926 duc

2334 4945 2434 5015 χὴν
2464 4947 2628 4999 αὑτοῦ
2672 4947 2928 5017 ρυσθῆναι
2958 4946 3063 4998 ἀπὸ
3093 4945 3255 5014 φόϐου
3283 4946 3476 5018 ἐχθροῦ
3498 4988 3513 5009 ,
3540 4949 3641 5003 οὐκ
3667 4950 3873 5033 ἐχθροὺς

2337 5036 2408 5106 μὴ
2434 5036 2573 5107 ἔχειν
2592 5078 2606 5101 ,
2644 5037 2761 5090 οὐδὲ
2786 5035 2883 5095 τὰς
2914 5036 3135 5089 ἐκείνων
3164 5038 3599 5108 ἀποκρουσθῆναι
3634 5040 3872 5111 προαιρέ-

2334 5143 2471 5190 σεις·
2500 5128 2596 5199 τὴν
2615 5129 2671 5180 δὲ
2700 5127 2861 5181 αὑτοῦ
2895 5127 3070 5198 ψυχὴν
3099 5128 3331 5200 ἄτρομον
3352 5130 3445 5181 καὶ
3484 5131 3772 5203 ἀπτόητον,
3792 5132 3873 5181 καὶ

2327 5216 2524 5285 ἄφοϐον
2553 5218 2940 5291 διατηρεῖσθαι,
2964 5220 3129 5283 ὅπως,
3156 5221 3213 5273 ἐν
3242 5220 3348 5284 ἕξει
3374 5223 3663 5291 γενόμενος
3690 5225 3871 5292 ἀταρα-

2329 5308 2463 5374 ξίας,
2494 5312 2625 5386 λέγῃ
2650 5313 2741 5366 καὶ
2773 5311 2929 5372 αὐτὸς
2959 5313 3158 5380 ὁμοίως
3186 5312 3380 5383 Παύλῳ
3401 5331 3413 5344 ·
3431 5332 3448 5364 ι
3473 5315 3562 5368 Ἐν
3597 5314 3757 5368 παντὶ
3776 5312 3866 5365 θλι-

2325 5402 2541 5473 ϐόμενοι
2566 5446 2579 5466 ,
2608 5404 2718 5457 ἀλλ’
2751 5405 2811 5456 οὐ
2841 5404 3328 5475 στενοχωρούμενοι
3351 5424 3364 5437 ·
3398 5406 3738 5479 διωκόμενοι,
3772 5404 3863 5457 ἀλλ’

2331 5496 2429 5547 οὐκ
2469 5494 3013 5565 ἐγκαταλειπόμενοι·
3065 5496 3561 5567 καταϐαλλόμενοι,
3628 5499 3741 5552 ἀλλ’
3786 5496 3860 5547 οὐ)

2326 5585 2701 5656 ἀπολλύμενοι.
2718 5605 2735 5634 ι
2757 5586 2938 5653 Λέγων
2956 5587 3009 5639 δὲ
3036 5584 3204 5640 ταῦτα
3220 5588 3354 5658 πρὸς
3368 5589 3459 5647 τὸν
3484 5589 3620 5641 Θεὸν
3655 5591 3685 5641 ό
3708 5587 3868 5646 Δαυῖδ,

676 5673 852 5735 Quare
889 5673 955 5726 de
997 5671 1281 5741 prazteritis
1327 5674 1528 5740 gratias
1574 5686 1759 5742 agens,
1809 5672 2008 5727 infert:
2049 5693 2065 5725 ι
2091 5673 2217 5727 Pro-

2337 5677 2416 5728 ὡκ
2478 5676 2772 5749 ἠμνημόνει
2834 5677 2941 5729 τῶν
2970 5664 3093 5747 ’ἤδη
3138 5679 3398 5747 πρότερον
3455 5682 3535 5743 εἰς
3588 5678 3752 5733 αὐτὸν
3790 5693 3864 5745 γει

742 5828 789 5862 οσ
821 5826 973 5883 Rom.
1008 5843 1128 5892 vm,
1153 5826 1239 5881 δι.
1316 5827 1359 5857 θτ
1388 5825 1545 5882 Prov.
1580 5843 1619 5892 1,
1644 5810 1834 5882 suae.

1944 5831 1987 5864 ⁸⁸
2015 5829 2058 5881 ll
2090 5830 2211 5884 Cor.
2238 5832 2393 5898 lv,,8,
2430 5832 2481 5886 9.
