3976 6348
1305 405 1795 466 COMMENTARIA
1835 414 1902 468 ΙΝ
1940 415 2268 478 PSALMOS.

3204 445 3303 497 618

129 504 364 572 νομένων
386 506 724 578 ευεργεσιῶν.
763 509 850 562 Διὸ
890 509 1339 580 εὐχαριστῶνέπὶ
1376 523 1486 583 τοῖς
1529 539 1643 594 παρ

1769 530 1946 584 texisti
1997 547 2080 587 me
2134 549 2165 588 a
2206 548 2473 593 conventu
2511 545 2940 614 matignantium.
2995 567 3022 604 a
3069 557 3308 612 multitu-

123 597 413 666 ιιαηκόσιν,
445 599 696 666 ἐπιλέγει·
728 618 746 651 ι
769 600 1099 667 Ἐσκὲπασάς
1137 624 1201 675 με
1231 610 1334 662 ἀπὸ
1368 615 1669 683 συστροφῆς

123 688 588 756 πονηρευομένων,
611 689 717 742 ἀπὸ
749 690 979 762 πλήθους
1007 695 1381 768 ἐργαζομένων
1405 701 1628 757 ἀδικίαν.
1645 724 1662 754 ι

126 773 264 844 Ἤδη
307 775 415 845 γὰρ
453 780 642 848 πεῖραν
670 779 898 850 εἰληφὼς
932 782 1039 835 τῶν
1077 784 1390 853 φθασάντων
1422 793 1499 854 εἰς
1533 793 1664 862 ἐμὲ,

119 863 317 918 οὔποτε
349 867 514 938 λήθην
541 868 715 921 αὐτῶν
758 872 1082 941 ποιήσασθαι
1113 876 1370 949 δύναμαι·
1404 883 1580 952 φέρων
1610 884 1664 936 δὲ

117 953 260 1007 αὐτὰ
292 956 380 1010 διὰ
409 959 603 1021 παντὸς
636 961 692 1012 ἐν
724 961 944 1032 μνήμῃ,
988 965 1299 1037 εύχάριστος
1327 973 1496 1024 εἰσαεὶ
1535 990 1664 1044 τυγ-

114 1046 284 1114 χάνω.
320 1049 505 1118 Ὅμως
544 1050 598 1103 δὲ
637 1052 729 1104 καὶ
777 1052 870 1105 νῦν
899 1054 998 1124 τῆς
1030 1059 1198 1128 αὐτῆς
1226 1060 1357 1124 ἁξιῶ
1390 1064 1539 1134 παρὰ
1571 1066 1664 1119 σοῦ

115 1136 368 1216 βοηθείας
399 1143 596 1210 τυχεῖν.
638 1140 790 1195 Κατὰ
814 1143 877 1195 δὲ·
901 1148 1025 1210 τοὺς
1055 1148 1267 1214 λοιποὺς
1299 1154 1661 1225 ἐρμηνευτὰς,

115 1228 212 1296 μία
249 1230 344 1282 καὶ
369 1234 402 1301 ή
433 1233 565 1302 αύτὴ
594 1233 928 1302 πεφύλακται
953 1237 1044 1290 τοῦ
1070 1239 1223 1308 λόγου
1258 1243 1508 1314 ἐγκλησις
1530 1287 1544 1309 ,
1572 1249 1662 1301 καὶ

114 1319 208 1386 μία
257 1321 458 1374 διάνοια
489 1322 594 1375 τῶν
634 1325 963 1395 είρημένων·
997 1329 1073 1383 διὸ
1107 1331 1344 1385 λέλεκται
1387 1336 1525 1388 κατὰ
1573 1337 1662 1388 τὸν

111 1409 440 1481 Σύμμαχονο
476 1432 493 1464 t
523 1414 879 1478 Είσάκουσον,
930 1420 958 1470 ὁ
1001 1419 1302 1498 Θεὺςητῆς
1335 1425 1514 1493 φωνῆς
1561 1443 1661 1494 μου

107 1501 565 1570 προσλαλοῦντος,
599 1504 703 1556 ἀπὸ
735 1505 1040 1575 ἐκπλήξεως
1079 1512 1269 1583 ἐχθροῦ
1313 1516 1661 1585 περιφράεεις

103 1589 207 1661 τὴν
235 1589 382 1664 ζωήν
409 1611 507 1664 μου
527 1611 540 1624 ο
575 1594 798 1664 κρύψεις
831 1615 896 1666 με
942 1599 1050 1651 ἀπὸ
1088 1603 1399 1671 συσκέψεων
1427 1607 1658 1677 κακούρ-

102 1696 240 1749 γων,
278 1684 388 1737 ὰπὸ
417 1687 695 1754 κυκήσεως
724 1687 1097 1758 ἐργαζομένων
1126 1693 1354 1748 ἀδικίαν.
1387 1715 1404 1746 ι
1441 1697 1512 1748 Οὐ
1553 1696 1659 1767 γὰρ

99 1772 173 1837 ὡς
205 1777 340 1847 περὶ
372 1779 769 1850 παρῳχηκότων
789 1819 803 1842 ,
839 1780 950 1832 ἀλλ’
982 1781 1059 1846 ὡς
1087 1785 1213 1855 περὶ
1260 1786 1555 1855 μελλόντων
1591 1787 1657 1840 τὰ

98 1864 196 1917 ὅλα
252 1866 500 1936 εἴρηται,
547 1871 637 1922 καὶ
688 1869 821 1920 κατὰ
870 1873 993 1934 τοὺς
1047 1874 1263 1936 λοιποὺς
1320 1876 1657 1945 ἐρμηνευτὰς
1687 1878 1728 1931 Β

96 1952 324 2022 ὁμοίως.

169 2088 187 2117 ι
223 2069 434 2132 Οῐτινες
461 2070 730 2142 ⁴ἠκόνησαν
759 2074 834 2138 ὡς
859 2073 1126 2145 ῥομφαίας
1154 2075 1253 2138 τὰς
1281 2075 1526 2143 γλώσσας
1558 2079 1654 2130 αύ-

93 2157 225 2220 τῶν,
256 2161 522 2215 ἐνέτειναν
549 2167 696 2230 τόξον
735 2170 961 2238 πρᾶγμα
983 2167 1193 2236 πικρὸν,
1219 2169 1309 2220 τοῦ
1333 2168 1653 2237 κατατοξεῦ-

94 2267 181 2301 σαι
222 2253 282 2302 ἐν
316 2253 648 2324 ἁποκρύφοις
680 2259 921 2327 ἄμωμον.
963 2259 1217 2322 Ἐξάπινα
1241 2260 1655 2325 κατατοξεύσω-

93 2354 174 2390 σιν
201 2341 391 2406 αὑτὸν,
411 2345 502 2396 καὶ
525 2345 585 2396 ού
611 2347 1022 2418 φοϐηθήσονται.
1059 2367 1076 2399 ι
1103 2349 1162 2401 Εἰ
1198 2350 1290 2401 καὶ
1319 2350 1521 2420 προῆγε
1543 2354 1654 2414 τοῖς

90 2430 308 2497 χρόνοις
341 2434 418 2496 είς
437 2434 534 2502 τὴν
570 2437 828 2506 σωτήριον
856 2439 1141 2508 ἐπιδημίαν
1164 2441 1191 2491 ὁ
1219 2439 1397 2503 Δαυῒδ,
1421 2440 1531 2493 ἀλλ’
1554 2442 1652 2494 οὐκ

89 2522 273 2587 ἠγνόει
304 2524 372 2576 τὰ
398 2526 716 2594 εύαγγελικὰ
748 2529 1040 2599 μαθήματα
1081 2530 1208 2600 θείῳ
1243 2531 1516 2602 Πνεύματι
1559 2550 1652 2600 με·

90 2615 530 2688 μαθητευμένος·
561 2621 673 2690 ᾔδει
709 2622 763 2673 δὲ
804 2618 862 2674 εὖ
913 2622 1052 2692 μάλα
1079 2623 1138 2673 τὸ
1173 2624 1432 2692 σωτήριον
1473 2622 1648 2690 λόγιον

83 2704 144 2756 τὸ
163 2705 382 2775 φῆσαν·
415 2727 433 2759 ¢
459 2710 547 2779 Μὴ
571 2711 836 2782 φοϐηθῆτε
862 2712 968 2765 ἀπὸ
999 2713 1105 2763 τῶν
1139 2713 1559 2766 ἀποκτεινόντων
1587 2716 1646 2768 τὸ

87 2796 269 2866 σῶμα,
300 2799 400 2867 τὴν
426 2798 481 2850 δὲ
513 2798 686 2871 ψυχὴν
718 2801 788 2870 μὴ
816 2801 1125 2871 δυναμένων
1152 2803 1466 2855 ἀποκτεῖναι
1487 2820 1501 2833 ·
1519 2824 1538 2854 ο
1565 2805 1646 2858 διδ

83 2887 183 2938 οὐκ
213 2888 427 2956 ἠγωνία
461 2891 848 2960 στρατιωτικῆς
893 2891 1244 2961 παρατάξεως
1273 2892 1496 2962 πληθὺν,
1530 2894 1648 2949 οὐδὲ

85 2978 212 3040 τοὺς
237 2980 587 3050 παντευχίαις
613 2982 705 3034 καὶ
731 2981 913 3052 δόρασι
949 2984 1452 3054 παραταττομένους
1476 3002 1486 3013 ·
1513 2985 1647 3039 ἀλλὰ

81 3070 292 3124 τούτων
327 3071 422 3142 μὲν
449 3073 794 3144 κατεφρόνει,
826 3073 898 3136 ὡς
937 3074 1000 3126 ἂν
1029 3073 1117 3126 τὸν
1160 3075 1407 3128 τοσοῦτον
1457 3076 1645 3130 roma

81 3164 299 3234 ὰκμητὶ
333 3165 423 3217 καὶ
449 3155 697 3234 ἀνιδρωτὶ
721 3164 1038 3218 κατασαλών
1059 3182 1071 3194 ·
1104 3167 1342 3230 ἐκείνους
1362 3166 1418 3220 δὲ
1437 3168 1641 3238 ὴγωνία

1769 620 1893 674 dine
1921 624 2256 690 operantium
2289 629 2678 699 iniquitatem.»
2709 635 2842 692 Cum
2867 639 2979 709 jam
2999 645 3142 700 enim
3172 663 3307 716 prr—

1769 713 2051 767 leritorum
2111 722 2538 788 experimentum
2595 730 2859 797 ceperim,
2912 713 3187 806 nunquam
3242 758 3306 796 ea

1767 805 2011 861 oblivisci
2059 813 2291 878 possim;
2347 822 2440 870 sed
2499 832 2710 888 semper
2764 805 3057 880 memoria
3091 835 3301 897 tenens,

1766 906 1918 965 grato
1961 914 2172 968 semper
2209 904 2389 958 animo
2424 921 2564 960 sum.
2623 907 2726 964 Sed
2776 919 2954 968 tamen
3003 916 3112 985 jam
3158 919 3303 975 idem

1766 989 1863 1042 abs
1911 998 1964 1046 te
2009 994 2269 1074 auxilium
2299 999 2532 1064 postulo.
2587 999 2894 1064 Secundum
2925 1007 3163 1082 reliquos
3203 1027 3302 1066 au-

1767 1086 1873 1133 tem
1913 1081 2233 1151 interpretes
2263 1099 2371 1139 una
2398 1087 2694 1158 eademque
2747 1107 2991 1150 servatur
3018 1081 3166 1154 verbi
3211 1117 3307 1157 ex-

1764 1174 2075 1243 postulatio,
2111 1192 2322 1246 unaque
2358 1183 2627 1238 sermonis
2661 1190 2960 1243 sententia:
3007 1206 3129 1246 nam
3161 1197 3304 1264 apud

1765 1259 2146 1330 Symmachum
2177 1267 2413 1324 dicitur:
2445 1288 2462 1321 l
2487 1269 2718 1337 Exaudi,
2752 1274 2916 1344 Deus,
2961 1297 3145 1339 vocem
3195 1259 3304 1341 mei

1763 1353 2088 1416 invocantis.
2147 1371 2176 1410 a
2213 1366 2417 1414 terrore
2450 1361 2656 1417 inimici
2685 1367 3108 1431 circummunies
3136 1376 3303 1432 vitam

1762 1459 1970 1498 meam:
2015 1448 2316 1506 abscondes
2350 1467 2437 1506 me
2460 1467 2489 1506 a
2522 1457 2892 1517 moliminibus
2918 1466 3299 1536 malignorum,

1760 1549 1788 1587 a
1812 1539 2209 1604 perturbatione
2229 1544 2565 1610 operantium
2591 1547 2948 1618 iniquitatem.
2973 1573 2990 1606 ι
3022 1555 3137 1611 Non
3156 1560 3300 1613 enim

1758 1628 1912 1696 quasi
1960 1629 2025 1682 de
2075 1632 2380 1699 praeteritis,
2416 1633 2509 1687 sed
2559 1641 2711 1705 quasi
2760 1641 2826 1697 de
2871 1643 3088 1714 futuris,
3121 1653 3300 1704 omnia

1759 1717 1902 1771 dicta
1932 1729 2078 1784 sunt,
2129 1736 2192 1776 ac
2238 1723 2488 1780 similiter
2533 1729 2829 1785 secundum
2859 1737 3098 1806 reliquos
3131 1741 3300 1797 inter-

1758 1816 1953 1878 pretes.

1825 2064 1986 2121 Vens.
2024 2067 2142 2122 4-7.
2185 2087 2201 2118 ‹
2226 2069 2326 2135 Qui
2350 2082 2682 2128 exacuerunt
2729 2083 2785 2130 ut
2825 2078 3058 2147 gladium
3082 2081 3294 2153 linguas

1754 2173 1902 2219 suas.
1935 2158 2281 2215 intenderunt
2326 2177 2533 2228 arcum,
2565 2183 2674 2220 rem
2727 2183 2994 2238 amaram;
3039 2181 3097 2227 ut
3129 2178 3294 2246 sagit-

1753 2254 1868 2301 tent
1897 2248 1949 2301 in
1999 2250 2226 2305 occultis
2272 2251 2695 2310 immaculatum.
2737 2257 2929 2316 Subito
2962 2265 3296 2332 sagittabunt

1752 2353 1896 2403 cum,
1920 2345 1974 2393 et
2020 2355 2127 2394 non
2161 2341 2477 2398 timebunt.»
2532 2344 2756 2404 Etiamsi
2804 2348 2970 2405 David
3005 2355 3295 2410 salutarem

1751 2428 2037 2483 adventum
2065 2440 2309 2501 tempore
2343 2436 2696 2503 prteverterit,
2742 2441 3080 2510 evangelicas
3118 2453 3295 2500 tamen

1750 2519 2086 2589 disciplinas,
2117 2524 2375 2592 magistro
2420 2523 2622 2596 Spiritu
2673 2527 2877 2594 divino,
2911 2546 3019 2586 non
3082 2534 3296 2603 ignora-

1749 2610 1871 2676 bat;
1897 2610 1992 2665 sed
2021 2613 2259 2667 salutare
2302 2615 2435 2668 illud
2491 2616 2764 2686 eloquium
2797 2622 2966 2689 probe
3031 2634 3288 2681 noverat:

1756 2717 1773 2750 ι
1801 2698 1976 2755 Nolite
2007 2702 2195 2758 timere
2237 2704 2305 2759 ab
2355 2707 2422 2762 iis
2471 2710 2561 2777 qui
2616 2712 2869 2765 occidunt
2923 2728 3142 2782 corpus,
3175 2717 3294 2770 ani-

1746 2806 1888 2844 mam
1919 2800 2098 2847 autem
2141 2810 2247 2849 non
2279 2805 2505 2866 possunt
2537 2800 2783 2853 occidere
2798 2800 2873 2853 "z
2927 2820 2946 2852 ι
2992 2818 3159 2871 quare
3193 2806 3292 2858 mi-

1747 2878 1918 2936 litaris
1963 2883 2097 2936 aciei
2132 2885 2553 2951 multitudinem,
2601 2902 2661 2942 ac
2696 2891 2843 2944 omni
2875 2905 3068 2961 genere
3109 2909 3291 2950 armo-

1745 2985 1864 3026 rum
1905 2972 2184 3044 hastisque
2211 2976 2507 3033 instructos
2541 2979 2786 3036 homines
2818 2995 2926 3036 non
2969 2983 3290 3040 reformida-

1745 3063 1869 3131 bat;
1898 3065 1990 3120 sed
2039 3066 2162 3122 i‘llos
2197 3069 2436 3138 quidem,
2486 3079 2673 3141 utpote
2718 3074 2809 3143 qui
2843 3075 2960 3128 sine
3002 3074 3202 3131 sudore
3233 3086 3288 3133 et

1746 3157 1926 3213 labore
1968 3160 2256 3214 immanem
2315 3162 2465 3216 illum
2509 3162 2724 3217 Goliatb
2757 3168 3159 3233 prostravisset,
3194 3171 3289 3225 de-

78 3253 171 3317 οὓς
201 3254 448 3325 ᾐνίττετο
476 3254 562 3308 διὰ
594 3255 701 3308 τῶν
733 3255 1102 3326 προκειμένων
1137 3256 1340 3324 λέγων·
1383 3276 1401 3308 ι
1433 3257 1639 3320 Οϊτινες

1743 3248 2035 3317 spiciebat;
2091 3265 2183 3304 eos
2232 3261 2410 3305 autem
2470 3255 2901 3323 pertimescebat,
2951 3273 3087 3328 quos
3137 3260 3287 3319 hisce

75 3345 356 3416 ἠκόνησαν
381 3347 455 3409 ὡς
480 3347 748 3417 ῥομφαίαν
767 3348 863 3409 τὰς
885 3346 1130 3414 γλώσσας
1155 3346 1352 3410 αὐτῶν,
1377 3347 1636 3400 ἐνέτειναν

75 3435 232 3500 τόξον
283 3438 511 3505 πρᾶγμα
561 3438 772 3506 πικρόν.
823 3456 840 3488 ι
901 3438 1060 3509 Ὁρᾷς
1103 3438 1292 3491 ὁποίαν
1349 3438 1636 3507 διαγράφει

75 3525 387 3578 πανοπλίαν
422 3526 659 3595 ἐχθρῶν;
695 3528 801 3579 Καὶ
846 3528 902 3579 ἐν
932 3530 1043 3590 τοῖς
1088 3526 1388 3598 ἔμπροσθεν
1433 3527 1488 3580 δὲ
1526 3529 1640 3580 ἐλέο

75 3633 236 3683 γετο·
286 3637 306 3669 ι
345 3619 462 3671 Υἱοὶ
500 3617 824 3688 ἀνθρώπων,
883 3619 932 3672 οί
986 3619 1192 3681 ὀδόντες
1247 3619 1424 3672 αὐτῶν
1477 3620 1636 3674 ὅπλον

74 3711 168 3760 καὶ
221 3708 373 3780 βέλη,
431 3711 522 3763 καὶ
569 3712 601 3781 ἡ
652 3709 869 3779 γλῶσσα
919 3710 1094 3764 αὐτῶν
1138 3711 1379 3782 μάχαιρα
1416 3710 1580 3776 ὀξεῖα.
1613 3731 1631 3763 ›

72 3799 262 3852 Ταῦτα
298 3799 354 3853 δὲ
385 3801 791 3871 ἀναγέγραπται
826 3801 1082 3873 εἰρηκὼς,
1119 3817 1137 3852 ι
1167 3803 1326 3856 ὁπότε
1353 3803 1638 3874 ἀπεδίδρα-

73 3909 205 3945 σκεν
247 3893 355 3945 ἀπὸ
401 3895 688 3965 προσώπου
722 3893 891 3946 Σαοὺλ
933 3895 1010 3957 είς
1040 3895 1098 3947 τὸ
1140 3894 1417 3965 σπήλαιον.
1453 3913 1472 3946 ι
1507 3895 1636 3946 Ἀπὸ

68 3982 181 4035 τῶν
227 3985 428 4053 ὁμοίων
487 3984 768 4055 τοιγαροῦν
812 3983 980 4051 λόγων
1029 3985 1327 4053 φαίνεταιὸ
1363 3985 1522 4047 αὐτὸς
1561 3984 1636 4037 ὢν

70 4074 286 4144 κράνος,
313 4075 434 4128 καθ’
468 4076 526 4129 ὃν
557 4075 650 4128 καὶ
672 4075 739 4128 τὰ
766 4075 902 4145 μετὰ
927 4079 1112 4145 χεῖρας
1137 4077 1260 4145 περὶ
1294 4075 1470 4127 αὐτῶν
1498 4076 1638 4128 ἐκεί-

69 4183 176 4218 νων
195 4166 420 4220 καὶτῶν
441 4167 668 4228 ἐκείνοις
689 4166 1077 4238 παραπλησίων
1098 4166 1332 4222 λέλεκτο.
1364 4167 1525 4219 Ἀλλὰ
1544 4168 1635 4220 καὶ

72 4276 91 4308 ι
127 4256 520 4310 ἅτεᾶπέστειλε
561 4257 748 4322 Σαοὺλ,
789 4257 881 4310 καὶ
910 4257 1138 4326 ἐφύλαξε
1169 4257 1258 4310 τὸν
1291 4252 1436 4310 οἷκον
1473 4258 1632 4311 αὑτοῦ

64 4347 161 4400 τοῦ
215 4347 523 4400 θανατῶσαι
566 4347 748 4411 αὑτὸν,
781 4368 799 4399 ι
839 4350 964 4420 περὶ
994 4349 1102 4402 τῶν
1141 4349 1317 4402 αὐτῶν
1357 4349 1514 4403 πάλιν
1536 4349 1636 4412 τὰς

63 4439 263 4508 ὁμοίας
299 4439 446 4509 ὴφίει
495 4438 675 4508 φωνὰς
717 4438 922 4507 λέγων’
964 4456 985 4491 ι
1044 4440 1172 4493 Ἰδοὺ
1209 4439 1630 4509 ἀποφθέγξονται

1738 3338 1917 3393 verbis
1951 3349 2108 3392 antea
2162 3341 2525 3397 subindicavit
2576 3363 2589 3397 :
2628 3363 2646 3394 ‹
2691 3343 2794 3410 Qui
2841 3360 3172 3406 exacuerunt
3225 3361 3285 3406 ut

1738 3430 1970 3498 gladium
1998 3430 2207 3501 linguas
2233 3448 2382 3496 suas,
2407 3434 2755 3490 intenderunt
2775 3452 2981 3504 arcum,
3011 3426 3125 3511 rem
3144 3457 3286 3497 ama-

1739 3535 1874 3575 ram.
1890 3541 1907 3572 ι
1926 3520 2115 3576 Viden’
2131 3539 2248 3592 quae
2266 3525 2535 3581 describat
2553 3526 2892 3584 inimicOrum
2910 3531 3093 3586 arma?
3107 3531 3284 3604 Supra
3366 3551 3370 3555 ·

1735 3628 1862 3667 vero
1876 3613 2152 3668 dicebatur
2173 3634 2212 3670 :1
2234 3615 2352 3670 Filii
2367 3617 2640 3674 hominum
2658 3621 2845 3676 dentes
2861 3637 3044 3676 eorum
3062 3632 3212 3678 arma
3229 3633 3285 3680 et

1737 3706 1963 3774 sagittae,
1995 3715 2049 3762 et
2082 3707 2262 3778 lingua
2312 3724 2499 3764 eorum
2544 3711 2752 3780 gladius
2787 3724 2977 3768 acutus
3009 3716 3047 3765 ι.
3081 3717 3126 3766 ι’
3157 3712 3283 3770 Haec

1736 3805 1915 3852 autem
1943 3798 2147 3854 dixisse
2175 3801 2454 3864 scribitur,
2499 3821 2517 3852 ‹
2547 3818 2670 3856 cum
2706 3802 2909 3873 fugeret
2930 3820 2959 3857 a
2988 3795 3126 3862 facie
3151 3807 3282 3863 Sau-

1736 3890 1803 3944 lis
1829 3889 1882 3943 in
1913 3891 2226 3960 speluncam
2260 3893 2300 3946 '.
2341 3911 2361 3944 ›
2390 3892 2432 3944 Α
2464 3893 2752 3947 verborum
2777 3908 2905 3948 sane
2928 3894 3283 3954 similitudine

1735 3981 1987 4034 videntur
2005 3981 2097 4034 illa
2118 3982 2305 4036 eodem
2335 3988 2574 4050 tempore
2602 3983 2804 4053 scripta
2828 3999 2969 4050 esse,
3005 4001 3113 4056 quo
3144 3987 3282 4053 haec,

1734 4085 1852 4139 quae
1873 4069 1982 4140 jam
2004 4079 2320 4134 tractamus,
2357 4071 2422 4126 de
2452 4073 2518 4125 iis
2555 4081 2609 4127 et
2639 4073 2910 4129 similibus
2933 4074 3074 4131 dicta
3109 4075 3278 4133 fuere.

1736 4159 1840 4215 Sed
1883 4161 2043 4216 etiam
2084 4181 2100 4212 ι
2142 4163 2358 4233 quando
2401 4164 2551 4218 misit
2599 4162 2749 4230 Saul,
2781 4173 2833 4221 et
2868 4166 3159 4226 custodivit
3184 4167 3282 4221 do-

1733 4267 1879 4305 mum
1904 4252 2043 4322 ejus,
2071 4262 2129 4306 ut
2158 4270 2279 4308 eum
2298 4254 2624 4310 interficeret
2640 4257 2682 4320 ⁸,
2715 4276 2732 4308 ι
2762 4257 2828 4312 de
2860 4257 3049 4313 iisdem
3085 4259 3278 4311 iterum

1733 4345 1936 4401 similes
1965 4331 2272 4414 proferebat
2299 4363 2460 4403 voces
2503 4348 2686 4402 dicens
2723 4363 2736 4398 :
2771 4366 2789 4397 ι
2829 4347 2965 4403 Ecce
2993 4350 3278 4418 loquentur

1733 4435 1786 4489 in
1816 4451 1910 4492 ore
1932 4452 2052 4500 suo,
2084 4447 2137 4492 et
2158 4434 2366 4508 gladius
2395 4439 2446 4491 in
2469 4439 2654 4492 oribus
2683 4453 2869 4492 eorum
2902 4440 2942 4491 ’⁸.
2983 4459 3000 4491 ι
3031 4437 3133 4493 Sed
3164 4438 3276 4493 haec

63 4531 123 4583 ἐν
162 4530 248 4601 τῷ
303 4530 526 4602 στόματι
571 4530 768 4594 αὐτῶν,
824 4533 917 4584 καλ⁵
963 4531 1203 4603 ῥομφαία
1243 4535 1299 4584 ἐν
1347 4535 1458 4595 τοῖς
1512 4533 1629 4585 στό-

1743 4528 1947 4598 quidem
1979 4530 2082 4596 ibi;
2123 4531 2176 4583 in
2205 4530 2288 4582 bis
2315 4544 2436 4582 vero
2469 4528 2534 4581 de
2555 4529 2751 4598 quibus
2779 4545 2922 4582 nunc
2941 4545 3139 4593 sermo,
3170 4531 3275 4585 ini-

66 4638 239 4692 μασιν
294 4621 489 4676 αὐτῶν.
543 4641 561 4673 ι
621 4621 754 4674 Ἀλλ’
811 4623 866 4674 ἐν
916 4622 1140 4686 ἐκείνοις
1178 4623 1274 4693 μὲν
1313 4623 1462 4676 ταῦτ’
1515 4623 1627 4676 ἐλέ-

61 4728 224 4780 γετο·
287 4714 344 4764 ἐν
391 4712 446 4765 δὲ
499 4715 608 4776 τοῖς
637 4711 770 4783 μετὰ
797 4713 980 4782 χεῖρας
1023 4712 1146 4774 τοὺς
1180 4713 1402 4784 ἐχθροὺς
1440 4713 1623 4778 αὑτοῦ,

59 4794 136 4854 ὧν
158 4802 275 4858 ἀπὸ
306 4802 467 4871 φόϐου
503 4802 760 4875 ρυσθῆναι
783 4801 996 4874 ηῦχετο,
1023 4803 1344 4872 ὴκονηκέναι
1371 4805 1502 4874 φησὶ
1527 4805 1623 4867 τὰς

60 4892 320 4960 γλώσσας
345 4894 526 4948 αὐτῶν
539 4894 690 4965 δίκην
717 4895 982 4966 ῥομφαίας
999 4910 1014 4924 ⁸
1043 4894 1232 4966 ἣκατὰ
1251 4897 1375 4958 τοὺς
1405 4895 1620 4961 λοιποὺς

61 4983 423 5052 ἐρμηνευτὰς,
462 5003 481 5034 ‹
519 4982 593 5047 ὡς
651 4985 917 5056 μάχαιραν
939 5001 952 5015 ’
994 5003 1013 5036 ι
1048 4983 1182 5038 ἀλλὰ
1229 4986 1324 5037 καὶ
1357 4985 1621 5038 ἐνέτειναν

57 5077 120 5128 τὸ
139 5075 298 5138 τόξον
348 5077 546 5142 αὐτῶν,
581 5077 721 5132 κατὰ
743 5079 838 5148 μὶν
870 5080 994 5143 τοὺς
1026 5077 1420 5148 Ἐσδομήκοντα
1449 5079 1621 5148 ἑρμη-

57 5167 304 5230 νευτὰς,ι
337 5170 391 5220 ἐν
410 5170 688 5239 πράγματι
713 5170 908 5242 πικρῷ·
940 5191 958 5223 ι
979 5171 1065 5224 διὰ
1089 5169 1196 5238 γὰρ
1227 5167 1420 5238 πικροῦ
1471 5170 1612 5240 πρά-

55 5278 273 5332 γματος
309 5259 679 5326 κατατοξεύειν
705 5265 997 5336 ἐπειρῶντο
1021 5265 1110 5318 τὸν
1131 5265 1332 5318 δίκαιον
1355 5279 1381 5299 ἰ
1401 5261 1536 5314 κατὰ
1559 5261 1615 5315 δέ

54 5354 145 5406 τὸν
177 5352 490 5422 Σύμμαχον,
537 5371 556 5402 ι
604 5351 973 5425 ’ἰὴ-πλήρωσαν,
1007 5356 1158 5427 φησὶ,
1183 5355 1241 5408 τὸ
1269 5352 1416 5417 τόξον
1442 5351 1617 5404 αὐτῶν

55 5445 204 5512 λόγῳ
264 5441 462 5512 πικρῷ.
511 5462 530 5493 ι
565 5436 743 5495 Ἦσαν
794 5444 902 5516 γὰρ
949 5447 1161 5518 ἀληθῶς
1208 5447 1411 5518 πικροὶ,
1465 5445 1617 5498 οὐδὲν

51 5534 230 5602 γλυκὺ
263 5532 618 5603 περιέχοντες,
647 5534 696 5585 οξ
737 5533 827 5588 τὸν
875 5536 1037 5590 Δαυῒδ
1075 5535 1442 5598 διαϐάλλοντες
1483 5536 1616 5607 πρὸς

50 5624 142 5676 τὸν
202 5623 406 5676 Σαούλ·
442 5617 550 5687 οἷος
601 5615 668 5695 ἦν
694 5624 723 5676 ὀ
758 5623 934 5695 Δωὴκ,
970 5627 1075 5705 καὶ.
1100 5629 1147 5679 οι
1191 5627 1413 5696 Ζιφαῖοι,
1443 5625 1532 5692 καὶ
1563 5627 1611 5679 οἱ

121 5781 166 5812 ’³
200 5776 389 5833 Matth.
427 5795 482 5841 x,
509 5773 606 5834 τε.
679 5777 879 5835 ι-Ρωι.
905 5781 1088 5838 ινι.5.
1166 5783 1186 5813 ⁹
1213 5781 1344 5838 ibid.
1382 5781 1432 5835 1.
1509 5781 1529 5813 ³
1557 5778 1643 5836 Pa:

1743 5775 1890 5836 mil.
1927 5779 1977 5834 l.
2053 5779 2073 5810 ⁸
2101 5778 2230 5835 ibid.
2263 5779 2314 5834 8.

370 5870 635 5931 ΡΑτιιοι..
681 5871 796 5932 Gn.
844 5872 1076 5935 XXIII.

1733 4621 1902 4674 micos
1933 4635 2080 4682 suos,
2118 4636 2148 4673 a
2176 4636 2403 4689 quorum
2435 4627 2578 4673 metu
2607 4621 2740 4689 eripi
2770 4621 3112 4690 precabatur,
3141 4638 3272 4677 exa-

1731 4712 1911 4766 cuisse
1941 4711 2015 4764 ait
2039 4720 2095 4763 ut
2119 4711 2353 4779 gladium
2404 4710 2616 4780 linguas
2650 4725 2798 4776 suas,
2833 4716 2945 4766 sive
2977 4712 3274 4766 secundum

1728 4803 1961 4871 reliquos
1993 4803 2334 4870 interpretes,
2366 4820 2384 4850 ‹
2419 4804 2560 4857 sicut
2614 4804 2965 4870 machaeram;
2999 4825 3017 4857 ι
3053 4806 3158 4858 imo
3191 4804 3274 4858 in—

1725 4895 2013 4950 tenderunt
2045 4908 2228 4948 arcum
2248 4910 2428 4958 suum,
2454 4896 2750 4952 secundum
2770 4897 2908 4952 LXX
2927 4897 3270 4966 lnterpretes,

1726 4987 1780 5040 in
1805 5000 1862 5039 re
1887 5000 2070 5038 amara
2097 5005 2109 5038 :
2140 5001 2232 5055 per
2269 5003 2382 5042 rem
2414 4989 2612 5058 quippe
2662 5003 2897 5042 amaram
2923 4988 3126 5070 justum
3185 5003 3271 5040 sa-

1726 5078 1873 5147 gittis
1940 5075 2233 5132 confodere
2291 5079 2604 5145 tentabant;
2667 5079 2960 5135 secundum
3021 5076 3270 5146 Symma-

1719 5169 1878 5222 chum
1911 5175 2110 5231 autem,
2145 5189 2163 5220 ι
2192 5171 2571 5240 impleverunt,
2608 5169 2780 5237 inquit
2809 5209 2823 5229 ,
2862 5178 3048 5221 arcum
3104 5180 3264 5219 suum

1720 5259 1880 5312 verbo
1903 5273 2104 5313 amaro.
2147 5280 2164 5310 ι
2196 5259 2326 5314 Nam
2357 5259 2446 5330 qui
2484 5259 2733 5315 Davidem
2754 5256 2894 5328 apud
2925 5255 3139 5310 Saulem
3165 5258 3246 5310 cri

1723 5351 2086 5418 minabantur,
2133 5368 2257 5407 vere
2305 5352 2470 5406 amari
2524 5360 2698 5414 erant,
2752 5347 3035 5404 dul¢edine
3089 5347 3266 5401 affecti

1724 5425 1870 5494 nulla
1897 5458 1909 5493 :
1935 5441 2109 5509 qualis
2136 5449 2251 5496 erat
2280 5438 2440 5505 Doec,
2473 5443 2662 5513 quales
2701 5437 2901 5508 Ziphtei
2949 5438 3089 5493 etiis
3113 5436 3264 5490 siml-

1722 5535 1815 5587 les.
1852 5531 1993 5598 Quin
2015 5540 2070 5587 et
2090 5534 2266 5602 quivis
2287 5548 2463 5589 sermo
2495 5533 2713 5604 impius,
2747 5542 2992 5597 amarus;
3027 5536 3084 5583 ut
3103 5534 3155 5583 et
3180 5526 3265 5580 di-

1720 5627 1896 5686 vinus,
1930 5623 2104 5679 dulcis
2131 5631 2184 5679 et
2209 5624 2392 5679 suavis
2439 5623 2620 5678 fuerit.
2651 5625 2830 5682 Quare
2884 5620 3086 5676 dictum
3137 5619 3257 5674 est:

2793 5868 2876 5928 20
