  <div class='ocr_page' id='page_1' title='image "/cluster/home/n/w/nwhite01/storage/ocr_20150623/23/pst.000005712076/317.png"; bbox 0 0 3976 6348; ppageno 0'>
   <div class='ocr_carea' id='block_1_1' title="bbox 670 432 773 488">
    <p class='ocr_par' dir='ltr' id='par_1_1' title="bbox 670 432 773 488">
     <span class='ocr_line' id='line_1_1' title="bbox 670 432 773 488; baseline -0.029 0"><span class='ocrx_word' id='word_1_1' title='bbox 670 432 773 488; x_wconf 71' lang='lat' dir='ltr'><strong>Gl‘J</strong></span> 
     </span>
    </p>
   </div>
   <div class='ocr_carea' id='block_1_2' title="bbox 1367 414 3232 481">
    <p class='ocr_par' dir='ltr' id='par_1_2' title="bbox 1367 414 3232 481">
     <span class='ocr_line' id='line_1_2' title="bbox 1367 414 3232 481; baseline -0.005 -2"><span class='ocrx_word' id='word_1_2' title='bbox 1367 422 1636 481; x_wconf 79' lang='lat' dir='ltr'><strong>EUSEBH</strong></span> <span class='ocrx_word' id='word_1_3' title='bbox 1674 418 2151 478; x_wconf 68' lang='lat' dir='ltr'><strong>CESARILNSIS</strong></span> <span class='ocrx_word' id='word_1_4' title='bbox 2191 418 2339 475; x_wconf 82' lang='lat' dir='ltr'><strong>OPP.</strong></span> <span class='ocrx_word' id='word_1_5' title='bbox 2374 416 2555 473; x_wconf 76' lang='lat' dir='ltr'><strong>PARS</strong></span> <span class='ocrx_word' id='word_1_6' title='bbox 2592 418 2679 473; x_wconf 91' lang='grc'><strong>111.</strong></span> <span class='ocrx_word' id='word_1_7' title='bbox 2722 448 2791 459; x_wconf 84' lang='grc'><strong>-</strong></span> <span class='ocrx_word' id='word_1_8' title='bbox 2826 414 3232 472; x_wconf 77' lang='lat' dir='ltr'><strong>EXEGETICA.</strong></span> 
     </span>
    </p>
   </div>
   <div class='ocr_carea' id='block_1_3' title="bbox 3787 415 3884 515">
    <p class='ocr_par' dir='ltr' id='par_1_3' title="bbox 3787 415 3884 515">
     <span class='ocr_line' id='line_1_3' title="bbox 3787 415 3884 515; baseline -0.01 1"><span class='ocrx_word' id='word_1_9' title='bbox 3787 415 3884 515; x_wconf 58' lang='lat' dir='ltr'><strong>mo</strong></span> 
     </span>
    </p>
   </div>
   <div class='ocr_carea' id='block_1_4' title="bbox 675 535 2240 618">
    <p class='ocr_par' dir='ltr' id='par_1_4' title="bbox 675 542 2226 618">
     <span class='ocr_line' id='line_1_4' title="bbox 675 542 2226 618; baseline -0.006 -14"><span class='ocrx_word' id='word_1_10' title='bbox 675 547 948 606; x_wconf 65' lang='lat' dir='ltr'><strong>«&#39;Gustate</strong></span> <span class='ocrx_word' id='word_1_11' title='bbox 963 556 1023 604; x_wconf 83' lang='lat' dir='ltr'><strong>et</strong></span> <span class='ocrx_word' id='word_1_12' title='bbox 1044 546 1236 614; x_wconf 89' lang='lat' dir='ltr'><strong>videte,</strong></span> <span class='ocrx_word' id='word_1_13' title='bbox 1259 546 1513 618; x_wconf 86' lang='lat' dir='ltr'><strong>quoniam</strong></span> <span class='ocrx_word' id='word_1_14' title='bbox 1538 545 1722 602; x_wconf 81' lang='lat' dir='ltr'><strong>suavis</strong></span> <span class='ocrx_word' id='word_1_15' title='bbox 1741 555 1825 600; x_wconf 89' lang='lat' dir='ltr'><strong>est</strong></span> <span class='ocrx_word' id='word_1_16' title='bbox 1851 543 2111 598; x_wconf 82' lang='lat' dir='ltr'><strong>Dominus</strong></span> <span class='ocrx_word' id='word_1_17' title='bbox 2140 542 2179 596; x_wconf 85' lang='grc'><strong>⁵.</strong></span> <span class='ocrx_word' id='word_1_18' title='bbox 2208 561 2226 593; x_wconf 71' lang='grc' dir='ltr'><strong>ι</strong></span> 
     </span>
    </p>
   </div>
   <div class='ocr_carea' id='block_1_5' title="bbox 2343 535 3861 618">
    <p class='ocr_par' dir='ltr' id='par_1_5' title="bbox 2343 535 3861 611">
     <span class='ocr_line' id='line_1_5' title="bbox 2343 535 3861 611; baseline -0.003 -18"><span class='ocrx_word' id='word_1_19' title='bbox 2343 540 2541 603; x_wconf 75' lang='grc' dir='ltr'><strong>τούτοις</strong></span> <span class='ocrx_word' id='word_1_20' title='bbox 2564 540 2950 611; x_wconf 81' lang='grc' dir='ltr'><strong>παραπλήσιοι.</strong></span> <span class='ocrx_word' id='word_1_21' title='bbox 2991 536 3151 591; x_wconf 81' lang='grc' dir='ltr'>Ἀλλά</span> <span class='ocrx_word' id='word_1_22' title='bbox 3177 537 3272 590; x_wconf 74' lang='grc' dir='ltr'><strong>καὶ</strong></span> <span class='ocrx_word' id='word_1_23' title='bbox 3305 537 3411 599; x_wconf 74' lang='grc' dir='ltr'>πᾶς</span> <span class='ocrx_word' id='word_1_24' title='bbox 3436 535 3597 600; x_wconf 77' lang='grc' dir='ltr'>ἄθεος</span> <span class='ocrx_word' id='word_1_25' title='bbox 3629 535 3776 605; x_wconf 79' lang='grc' dir='ltr'>λόγος</span> <span class='ocrx_word' id='word_1_26' title='bbox 3799 553 3861 588; x_wconf 78' lang='grc' dir='ltr'>πι-</span> 
     </span>
    </p>
   </div>
   <div class='ocr_carea' id='block_1_6' title="bbox 673 634 2231 711">
    <p class='ocr_par' dir='ltr' id='par_1_6' title="bbox 673 634 2231 711">
     <span class='ocr_line' id='line_1_6' title="bbox 673 634 2231 711; baseline -0.008 -13"><span class='ocrx_word' id='word_1_27' title='bbox 673 641 811 698; x_wconf 64' lang='lat' dir='ltr'><strong>Saevi</strong></span> <span class='ocrx_word' id='word_1_28' title='bbox 834 655 997 711; x_wconf 90' lang='lat' dir='ltr'><strong>porro</strong></span> <span class='ocrx_word' id='word_1_29' title='bbox 1042 648 1203 694; x_wconf 83' lang='lat' dir='ltr'><strong>arcus</strong></span> <span class='ocrx_word' id='word_1_30' title='bbox 1232 645 1287 693; x_wconf 86' lang='lat' dir='ltr'><strong>et</strong></span> <span class='ocrx_word' id='word_1_31' title='bbox 1339 652 1468 693; x_wconf 84' lang='lat' dir='ltr'><strong>vere</strong></span> <span class='ocrx_word' id='word_1_32' title='bbox 1528 638 1677 691; x_wconf 87' lang='lat' dir='ltr'><strong>acuti</strong></span> <span class='ocrx_word' id='word_1_33' title='bbox 1721 636 1885 707; x_wconf 86' lang='lat' dir='ltr'><strong>gladii</strong></span> <span class='ocrx_word' id='word_1_34' title='bbox 1939 634 2231 705; x_wconf 89' lang='lat' dir='ltr'><strong>impiorum</strong></span> 
     </span>
    </p>
   </div>
   <div class='ocr_carea' id='block_1_7' title="bbox 672 724 2233 799">
    <p class='ocr_par' dir='ltr' id='par_1_7' title="bbox 672 724 2233 799">
     <span class='ocr_line' id='line_1_7' title="bbox 672 724 2233 799; baseline -0.004 -12"><span class='ocrx_word' id='word_1_35' title='bbox 672 731 1162 795; x_wconf 83' lang='lat' dir='ltr'><strong>heterodoxorum,</strong></span> <span class='ocrx_word' id='word_1_36' title='bbox 1224 728 1319 799; x_wconf 86' lang='lat' dir='ltr'><strong>qui</strong></span> <span class='ocrx_word' id='word_1_37' title='bbox 1380 728 1711 798; x_wconf 88' lang='lat' dir='ltr'><strong>simplicium</strong></span> <span class='ocrx_word' id='word_1_38' title='bbox 1770 727 1979 781; x_wconf 88' lang='lat' dir='ltr'><strong>animas</strong></span> <span class='ocrx_word' id='word_1_39' title='bbox 2022 724 2233 796; x_wconf 76' lang='lat' dir='ltr'><strong>sagittis</strong></span> 
     </span>
    </p>
   </div>
   <div class='ocr_carea' id='block_1_8' title="bbox 674 814 2233 895">
    <p class='ocr_par' dir='ltr' id='par_1_8' title="bbox 674 814 2233 895">
     <span class='ocr_line' id='line_1_8' title="bbox 674 814 2233 895; baseline -0.005 -16"><span class='ocrx_word' id='word_1_40' title='bbox 674 814 959 895; x_wconf 45' lang='lat' dir='ltr'><strong>impet&#39;unt,</strong></span> <span class='ocrx_word' id='word_1_41' title='bbox 993 822 1296 894; x_wconf 73' lang='lat' dir='ltr'><strong>gladiisque</strong></span> <span class='ocrx_word' id='word_1_42' title='bbox 1321 820 1437 877; x_wconf 82' lang='lat' dir='ltr'><strong>suis</strong></span> <span class='ocrx_word' id='word_1_43' title='bbox 1463 835 1558 875; x_wconf 83' lang='lat' dir='ltr'><strong>eas</strong></span> <span class='ocrx_word' id='word_1_44' title='bbox 1602 818 1898 893; x_wconf 80' lang='lat' dir='ltr'><strong>trucidant.</strong></span> <span class='ocrx_word' id='word_1_45' title='bbox 1949 816 2233 888; x_wconf 83' lang='lat' dir='ltr'><strong>Sapientes</strong></span> 
     </span>
    </p>
   </div>
   <div class='ocr_carea' id='block_1_9' title="bbox 674 912 2235 989">
    <p class='ocr_par' dir='ltr' id='par_1_9' title="bbox 674 912 2235 989">
     <span class='ocr_line' id='line_1_9' title="bbox 674 912 2235 989; baseline -0.007 -15"><span class='ocrx_word' id='word_1_46' title='bbox 674 933 887 989; x_wconf 90' lang='lat' dir='ltr'><strong>quoque</strong></span> <span class='ocrx_word' id='word_1_47' title='bbox 920 916 1097 987; x_wconf 76' lang='lat' dir='ltr'><strong>hujus</strong></span> <span class='ocrx_word' id='word_1_48' title='bbox 1136 915 1342 980; x_wconf 65' lang='lat' dir='ltr'><strong>smeuli,</strong></span> <span class='ocrx_word' id='word_1_49' title='bbox 1385 914 1584 969; x_wconf 67' lang='lat' dir='ltr'><strong>ﬁscatis</strong></span> <span class='ocrx_word' id='word_1_50' title='bbox 1635 920 1688 968; x_wconf 85' lang='lat' dir='ltr'><strong>et</strong></span> <span class='ocrx_word' id='word_1_51' title='bbox 1745 912 2058 983; x_wconf 86' lang='lat' dir='ltr'><strong>sophisticis</strong></span> <span class='ocrx_word' id='word_1_52' title='bbox 2100 926 2235 965; x_wconf 88' lang='lat' dir='ltr'><strong>ver-</strong></span> 
     </span>
    </p>
   </div>
   <div class='ocr_carea' id='block_1_10' title="bbox 674 999 2234 1072">
    <p class='ocr_par' dir='ltr' id='par_1_10' title="bbox 674 999 2234 1072">
     <span class='ocr_line' id='line_1_10' title="bbox 674 999 2234 1072; baseline -0.006 -7"><span class='ocrx_word' id='word_1_53' title='bbox 674 1011 756 1065; x_wconf 88' lang='lat' dir='ltr'><strong>bis</strong></span> <span class='ocrx_word' id='word_1_54' title='bbox 817 1014 1052 1072; x_wconf 82' lang='lat' dir='ltr'><strong>utentes,</strong></span> <span class='ocrx_word' id='word_1_55' title='bbox 1122 1004 1323 1060; x_wconf 90' lang='lat' dir='ltr'><strong>multas</strong></span> <span class='ocrx_word' id='word_1_56' title='bbox 1388 1003 1601 1058; x_wconf 84' lang='lat' dir='ltr'><strong>animas</strong></span> <span class='ocrx_word' id='word_1_57' title='bbox 1667 1002 2025 1058; x_wconf 85' lang='lat' dir='ltr'><strong>sustulerunt.</strong></span> <span class='ocrx_word' id='word_1_58' title='bbox 2086 999 2234 1070; x_wconf 87' lang='lat' dir='ltr'><strong>Opus</strong></span> 
     </span>
    </p>
   </div>
   <div class='ocr_carea' id='block_1_11' title="bbox 678 1091 2234 1183">
    <p class='ocr_par' dir='ltr' id='par_1_11' title="bbox 678 1091 2234 1183">
     <span class='ocr_line' id='line_1_11' title="bbox 678 1091 2234 1183; baseline -0.005 -28"><span class='ocrx_word' id='word_1_59' title='bbox 678 1112 800 1183; x_wconf 60' lang='lat' dir='ltr'><strong>ergo</strong></span> <span class='ocrx_word' id='word_1_60' title='bbox 836 1099 995 1155; x_wconf 90' lang='lat' dir='ltr'><strong>nobis</strong></span> <span class='ocrx_word' id='word_1_61' title='bbox 1046 1096 1279 1153; x_wconf 79' lang='lat' dir='ltr'><strong>ferventi</strong></span> <span class='ocrx_word' id='word_1_62' title='bbox 1330 1093 1598 1159; x_wconf 89' lang='lat' dir='ltr'><strong>oratione,</strong></span> <span class='ocrx_word' id='word_1_63' title='bbox 1636 1101 1691 1146; x_wconf 89' lang='lat' dir='ltr'><strong>ut</strong></span> <span class='ocrx_word' id='word_1_64' title='bbox 1746 1093 1813 1147; x_wconf 89' lang='lat' dir='ltr'><strong>ab</strong></span> <span class='ocrx_word' id='word_1_65' title='bbox 1861 1092 1930 1147; x_wconf 86' lang='lat' dir='ltr'><strong>iis</strong></span> <span class='ocrx_word' id='word_1_66' title='bbox 1981 1091 2234 1147; x_wconf 86' lang='lat' dir='ltr'><strong>omnibus</strong></span> 
     </span>
    </p>
   </div>
   <div class='ocr_carea' id='block_1_12' title="bbox 671 1182 2233 1263">
    <p class='ocr_par' dir='ltr' id='par_1_12' title="bbox 671 1182 2233 1263">
     <span class='ocr_line' id='line_1_12' title="bbox 671 1182 2233 1263; baseline -0.008 -15"><span class='ocrx_word' id='word_1_67' title='bbox 671 1192 984 1263; x_wconf 86' lang='lat' dir='ltr'><strong>eripiamur.</strong></span> <span class='ocrx_word' id='word_1_68' title='bbox 1020 1189 1061 1243; x_wconf 92' lang='lat' dir='ltr'><strong>li</strong></span> <span class='ocrx_word' id='word_1_69' title='bbox 1114 1204 1244 1243; x_wconf 88' lang='lat' dir='ltr'><strong>vero</strong></span> <span class='ocrx_word' id='word_1_70' title='bbox 1288 1187 1343 1242; x_wconf 89' lang='lat' dir='ltr'><strong>in</strong></span> <span class='ocrx_word' id='word_1_71' title='bbox 1389 1187 1581 1258; x_wconf 85' lang='lat' dir='ltr'><strong>primis</strong></span> <span class='ocrx_word' id='word_1_72' title='bbox 1610 1187 1702 1257; x_wconf 85' lang='lat' dir='ltr'><strong>qui</strong></span> <span class='ocrx_word' id='word_1_73' title='bbox 1754 1198 1919 1254; x_wconf 84' lang='lat' dir='ltr'><strong>supra</strong></span> <span class='ocrx_word' id='word_1_74' title='bbox 1954 1182 2233 1237; x_wconf 83' lang='lat' dir='ltr'><strong>memorati</strong></span> 
     </span>
    </p>
   </div>
   <div class='ocr_carea' id='block_1_13' title="bbox 671 1273 2234 1353">
    <p class='ocr_par' dir='ltr' id='par_1_13' title="bbox 671 1273 2234 1353">
     <span class='ocr_line' id='line_1_13' title="bbox 671 1273 2234 1353; baseline -0.01 -11"><span class='ocrx_word' id='word_1_75' title='bbox 671 1297 821 1350; x_wconf 84' lang='lat' dir='ltr'><strong>sunt,</strong></span> <span class='ocrx_word' id='word_1_76' title='bbox 851 1283 1151 1353; x_wconf 84' lang='lat' dir='ltr'><strong>simplicem</strong></span> <span class='ocrx_word' id='word_1_77' title='bbox 1187 1291 1241 1335; x_wconf 89' lang='lat' dir='ltr'><strong>et</strong></span> <span class='ocrx_word' id='word_1_78' title='bbox 1286 1280 1474 1335; x_wconf 90' lang='lat' dir='ltr'><strong>rudem</strong></span> <span class='ocrx_word' id='word_1_79' title='bbox 1508 1280 1781 1334; x_wconf 87' lang='lat' dir='ltr'><strong>hominem</strong></span> <span class='ocrx_word' id='word_1_80' title='bbox 1814 1276 2025 1346; x_wconf 77' lang='lat' dir='ltr'><strong>sagittis</strong></span> <span class='ocrx_word' id='word_1_81' title='bbox 2061 1273 2234 1329; x_wconf 85' lang='lat' dir='ltr'><strong>conﬁ-</strong></span> 
     </span>
    </p>
   </div>
   <div class='ocr_carea' id='block_1_14' title="bbox 670 1364 2236 1444">
    <p class='ocr_par' dir='ltr' id='par_1_14' title="bbox 670 1364 2236 1444">
     <span class='ocr_line' id='line_1_14' title="bbox 670 1364 2236 1444; baseline -0.01 -11"><span class='ocrx_word' id='word_1_82' title='bbox 670 1391 794 1433; x_wconf 85' lang='lat' dir='ltr'><strong>cere</strong></span> <span class='ocrx_word' id='word_1_83' title='bbox 850 1380 1133 1444; x_wconf 84' lang='lat' dir='ltr'><strong>satagunt;</strong></span> <span class='ocrx_word' id='word_1_84' title='bbox 1164 1386 1334 1443; x_wconf 90' lang='lat' dir='ltr'><strong>quare</strong></span> <span class='ocrx_word' id='word_1_85' title='bbox 1380 1368 1587 1423; x_wconf 81' lang='lat' dir='ltr'><strong>dictum</strong></span> <span class='ocrx_word' id='word_1_86' title='bbox 1634 1375 1717 1423; x_wconf 89' lang='lat' dir='ltr'><strong>est</strong></span> <span class='ocrx_word' id='word_1_87' title='bbox 1769 1384 1853 1417; x_wconf 60' lang='grc' dir='ltr'><strong>οι(</strong></span> <span class='ocrx_word' id='word_1_88' title='bbox 1887 1364 2236 1420; x_wconf 89' lang='lat' dir='ltr'><strong>lntenderunt</strong></span> 
     </span>
    </p>
   </div>
   <div class='ocr_carea' id='block_1_15' title="bbox 620 1455 2235 1533">
    <p class='ocr_par' dir='ltr' id='par_1_15' title="bbox 620 1455 2235 1533">
     <span class='ocr_line' id='line_1_15' title="bbox 620 1455 2235 1533; baseline -0.011 -9"><span class='ocrx_word' id='word_1_89' title='bbox 620 1472 621 1475; x_wconf 66' lang='grc'><em>“</em></span> <span class='ocrx_word' id='word_1_90' title='bbox 671 1481 879 1533; x_wconf 83' lang='lat' dir='ltr'><strong>arcum,</strong></span> <span class='ocrx_word' id='word_1_91' title='bbox 909 1480 1023 1521; x_wconf 91' lang='lat' dir='ltr'><strong>rem</strong></span> <span class='ocrx_word' id='word_1_92' title='bbox 1058 1477 1321 1527; x_wconf 90' lang='lat' dir='ltr'><strong>amaram,</strong></span> <span class='ocrx_word' id='word_1_93' title='bbox 1359 1469 1419 1516; x_wconf 92' lang='lat' dir='ltr'><strong>ut</strong></span> <span class='ocrx_word' id='word_1_94' title='bbox 1466 1461 1720 1528; x_wconf 76' lang='lat' dir='ltr'><strong>sagittent</strong></span> <span class='ocrx_word' id='word_1_95' title='bbox 1750 1458 1805 1513; x_wconf 89' lang='lat' dir='ltr'><strong>in</strong></span> <span class='ocrx_word' id='word_1_96' title='bbox 1858 1456 2089 1512; x_wconf 91' lang='lat' dir='ltr'><strong>occultis</strong></span> <span class='ocrx_word' id='word_1_97' title='bbox 2130 1455 2235 1508; x_wconf 85' lang='lat' dir='ltr'><strong>im-</strong></span> 
     </span>
    </p>
   </div>
   <div class='ocr_carea' id='block_1_16' title="bbox 670 1551 2262 1626">
    <p class='ocr_par' dir='ltr' id='par_1_16' title="bbox 670 1551 2262 1626">
     <span class='ocr_line' id='line_1_16' title="bbox 670 1551 2262 1626; baseline -0.01 -9"><span class='ocrx_word' id='word_1_98' title='bbox 670 1562 1020 1618; x_wconf 86' lang='lat' dir='ltr'><strong>maculatum.</strong></span> <span class='ocrx_word' id='word_1_99' title='bbox 1052 1578 1071 1612; x_wconf 78' lang='grc' dir='ltr'><strong>ι</strong></span> <span class='ocrx_word' id='word_1_100' title='bbox 1117 1556 1453 1626; x_wconf 89' lang='lat' dir='ltr'><strong>lnculpatum</strong></span> <span class='ocrx_word' id='word_1_101' title='bbox 1490 1554 1576 1608; x_wconf 93' lang='lat' dir='ltr'><strong>hic</strong></span> <span class='ocrx_word' id='word_1_102' title='bbox 1612 1551 2020 1607; x_wconf 65' lang='lat' dir='ltr'><strong>immaculatum</strong></span> <span class='ocrx_word' id='word_1_103' title='bbox 2050 1558 2262 1613; x_wconf 29' lang='lat' dir='ltr'><strong>vocat,</strong></span> 
     </span>
    </p>
   </div>
   <div class='ocr_carea' id='block_1_17' title="bbox 670 1640 2234 1722">
    <p class='ocr_par' dir='ltr' id='par_1_17' title="bbox 670 1640 2234 1722">
     <span class='ocr_line' id='line_1_17' title="bbox 670 1640 2234 1722; baseline -0.01 -12"><span class='ocrx_word' id='word_1_104' title='bbox 670 1655 755 1710; x_wconf 89' lang='lat' dir='ltr'><strong>his</strong></span> <span class='ocrx_word' id='word_1_105' title='bbox 788 1652 1038 1707; x_wconf 89' lang='lat' dir='ltr'><strong>indicans</strong></span> <span class='ocrx_word' id='word_1_106' title='bbox 1090 1647 1503 1722; x_wconf 80' lang='lat' dir='ltr'><strong>schphantiam</strong></span> <span class='ocrx_word' id='word_1_107' title='bbox 1551 1651 1741 1699; x_wconf 89' lang='lat' dir='ltr'><strong>contra</strong></span> <span class='ocrx_word' id='word_1_108' title='bbox 1798 1659 1913 1707; x_wconf 91' lang='lat' dir='ltr'><strong>eos,</strong></span> <span class='ocrx_word' id='word_1_109' title='bbox 1973 1642 2065 1713; x_wconf 85' lang='lat' dir='ltr'><strong>qui</strong></span> <span class='ocrx_word' id='word_1_110' title='bbox 2098 1640 2234 1695; x_wconf 84' lang='lat' dir='ltr'><strong>nihil</strong></span> 
     </span>
    </p>
   </div>
   <div class='ocr_carea' id='block_1_18' title="bbox 648 1731 2236 1816">
    <p class='ocr_par' dir='ltr' id='par_1_18' title="bbox 648 1731 2236 1816">
     <span class='ocr_line' id='line_1_18' title="bbox 648 1731 2236 1816; baseline -0.011 -15"><span class='ocrx_word' id='word_1_111' title='bbox 648 1746 885 1816; x_wconf 63' lang='lat' dir='ltr'><strong>injuria</strong></span> <span class='ocrx_word' id='word_1_112' title='bbox 913 1743 1245 1805; x_wconf 87' lang='lat' dir='ltr'><strong>intulissent,</strong></span> <span class='ocrx_word' id='word_1_113' title='bbox 1284 1746 1551 1811; x_wconf 85' lang='lat' dir='ltr'><strong>paratam.</strong></span> <span class='ocrx_word' id='word_1_114' title='bbox 1574 1735 1680 1790; x_wconf 89' lang='lat' dir='ltr'><strong>Pro</strong></span> <span class='ocrx_word' id='word_1_115' title='bbox 1714 1734 1810 1789; x_wconf 82' lang='lat' dir='ltr'><strong>illo</strong></span> <span class='ocrx_word' id='word_1_116' title='bbox 1839 1742 2045 1796; x_wconf 88' lang='lat' dir='ltr'><strong>autem,</strong></span> <span class='ocrx_word' id='word_1_117' title='bbox 2081 1749 2098 1782; x_wconf 82' lang='grc' dir='ltr'><strong>ι</strong></span> <span class='ocrx_word' id='word_1_118' title='bbox 2132 1731 2236 1784; x_wconf 83' lang='lat' dir='ltr'><strong>im-</strong></span> 
     </span>
    </p>
   </div>
   <div class='ocr_carea' id='block_1_19' title="bbox 671 1825 2231 1902">
    <p class='ocr_par' dir='ltr' id='par_1_19' title="bbox 671 1825 2231 1902">
     <span class='ocr_line' id='line_1_19' title="bbox 671 1825 2231 1902; baseline -0.011 -11"><span class='ocrx_word' id='word_1_119' title='bbox 671 1837 1022 1901; x_wconf 87' lang='lat' dir='ltr'><strong>maculatum,</strong></span> <span class='ocrx_word' id='word_1_120' title='bbox 1057 1852 1077 1888; x_wconf 78' lang='grc' dir='ltr'><strong>ι</strong></span> <span class='ocrx_word' id='word_1_121' title='bbox 1104 1831 1320 1902; x_wconf 82' lang='lat' dir='ltr'><strong>Aquila,</strong></span> <span class='ocrx_word' id='word_1_122' title='bbox 1358 1847 1376 1880; x_wconf 80' lang='grc' dir='ltr'><strong>ι</strong></span> <span class='ocrx_word' id='word_1_123' title='bbox 1415 1828 1740 1899; x_wconf 89' lang='lat' dir='ltr'><strong>simplicem,</strong></span> <span class='ocrx_word' id='word_1_124' title='bbox 1781 1843 1799 1875; x_wconf 77' lang='grc' dir='ltr'><strong>ι</strong></span> <span class='ocrx_word' id='word_1_125' title='bbox 1840 1825 2231 1893; x_wconf 84' lang='lat' dir='ltr'><strong>interpretatus</strong></span> 
     </span>
    </p>
   </div>
   <div class='ocr_carea' id='block_1_20' title="bbox 2339 624 3864 703">
    <p class='ocr_par' dir='ltr' id='par_1_20' title="bbox 2339 624 3864 703">
     <span class='ocr_line' id='line_1_20' title="bbox 2339 624 3864 703; baseline -0.005 -19"><span class='ocrx_word' id='word_1_126' title='bbox 2339 631 2468 703; x_wconf 83' lang='grc' dir='ltr'>κρὸς</span> <span class='ocrx_word' id='word_1_127' title='bbox 2495 631 2560 684; x_wconf 83' lang='grc' dir='ltr'>ἂν</span> <span class='ocrx_word' id='word_1_128' title='bbox 2582 629 2688 700; x_wconf 81' lang='grc' dir='ltr'>εἴη,</span> <span class='ocrx_word' id='word_1_129' title='bbox 2725 628 2912 701; x_wconf 79' lang='grc' dir='ltr'>ὥσπερ</span> <span class='ocrx_word' id='word_1_130' title='bbox 2935 629 2965 681; x_wconf 90' lang='grc' dir='ltr'><strong>ό</strong></span> <span class='ocrx_word' id='word_1_131' title='bbox 2994 626 3158 691; x_wconf 82' lang='grc' dir='ltr'>θεῖος,</span> <span class='ocrx_word' id='word_1_132' title='bbox 3195 626 3429 698; x_wconf 81' lang='grc' dir='ltr'>χρηστὸς</span> <span class='ocrx_word' id='word_1_133' title='bbox 3455 626 3550 679; x_wconf 76' lang='grc' dir='ltr'>καὶ</span> <span class='ocrx_word' id='word_1_134' title='bbox 3565 624 3781 694; x_wconf 70' lang='grc' dir='ltr'>γλυκύς.</span> <span class='ocrx_word' id='word_1_135' title='bbox 3798 626 3864 677; x_wconf 73' lang='grc' dir='ltr'><strong>Διὸ</strong></span> 
     </span>
    </p>
   </div>
   <div class='ocr_carea' id='block_1_21' title="bbox 2338 713 3862 793">
    <p class='ocr_par' dir='ltr' id='par_1_21' title="bbox 2338 713 3862 793">
     <span class='ocr_line' id='line_1_21' title="bbox 2338 713 3862 793; baseline -0.004 -18"><span class='ocrx_word' id='word_1_136' title='bbox 2338 721 2549 793; x_wconf 75' lang='grc' dir='ltr'>εἴρηται</span> <span class='ocrx_word' id='word_1_137' title='bbox 2569 739 2582 751; x_wconf 92' lang='grc'><strong>·</strong></span> <span class='ocrx_word' id='word_1_138' title='bbox 2624 739 2642 771; x_wconf 83' lang='grc' dir='ltr'><strong>ι</strong></span> <span class='ocrx_word' id='word_1_139' title='bbox 2692 717 3004 783; x_wconf 75' lang='grc' dir='ltr'>Γεύσασθε,</span> <span class='ocrx_word' id='word_1_140' title='bbox 3033 719 3128 772; x_wconf 71' lang='grc' dir='ltr'>καὶ</span> <span class='ocrx_word' id='word_1_141' title='bbox 3160 717 3317 781; x_wconf 72' lang='grc' dir='ltr'>ἴδετε,</span> <span class='ocrx_word' id='word_1_142' title='bbox 3344 717 3427 770; x_wconf 84' lang='grc' dir='ltr'>ὅτι</span> <span class='ocrx_word' id='word_1_143' title='bbox 3455 713 3696 789; x_wconf 78' lang='grc' dir='ltr'>χρηστὸς</span> <span class='ocrx_word' id='word_1_144' title='bbox 3719 719 3749 770; x_wconf 84' lang='grc' dir='ltr'>ὁ</span> <span class='ocrx_word' id='word_1_145' title='bbox 3778 716 3862 770; x_wconf 70' lang='grc' dir='ltr'><strong>Κύ-</strong></span> 
     </span>
    </p>
   </div>
   <div class='ocr_carea' id='block_1_22' title="bbox 2343 806 3861 884">
    <p class='ocr_par' dir='ltr' id='par_1_22' title="bbox 2343 806 3861 884">
     <span class='ocr_line' id='line_1_22' title="bbox 2343 806 3861 884; baseline -0.003 -18"><span class='ocrx_word' id='word_1_146' title='bbox 2343 831 2472 884; x_wconf 84' lang='grc' dir='ltr'>ριος.</span> <span class='ocrx_word' id='word_1_147' title='bbox 2510 832 2527 865; x_wconf 78' lang='grc' dir='ltr'><strong>ι</strong></span> <span class='ocrx_word' id='word_1_148' title='bbox 2553 811 2710 865; x_wconf 87' lang='grc' dir='ltr'>Δεινὰ</span> <span class='ocrx_word' id='word_1_149' title='bbox 2732 812 2788 865; x_wconf 82' lang='grc' dir='ltr'>δὲ</span> <span class='ocrx_word' id='word_1_150' title='bbox 2815 810 2943 876; x_wconf 81' lang='grc' dir='ltr'>τόξα</span> <span class='ocrx_word' id='word_1_151' title='bbox 2971 811 3063 864; x_wconf 86' lang='grc' dir='ltr'><strong>καί</strong></span> <span class='ocrx_word' id='word_1_152' title='bbox 3091 809 3353 881; x_wconf 80' lang='grc' dir='ltr'>μάχαιραι</span> <span class='ocrx_word' id='word_1_153' title='bbox 3382 808 3457 873; x_wconf 84' lang='grc' dir='ltr'>ὡς</span> <span class='ocrx_word' id='word_1_154' title='bbox 3490 806 3710 879; x_wconf 82' lang='grc' dir='ltr'>ἀληθῶς</span> <span class='ocrx_word' id='word_1_155' title='bbox 3734 807 3861 872; x_wconf 67' lang='grc' dir='ltr'>ὀξεῖαι</span> 
     </span>
    </p>
   </div>
   <div class='ocr_carea' id='block_1_23' title="bbox 2338 899 3866 976">
    <p class='ocr_par' dir='ltr' id='par_1_23' title="bbox 2338 899 3866 976">
     <span class='ocr_line' id='line_1_23' title="bbox 2338 899 3866 976; baseline -0.005 -17"><span class='ocrx_word' id='word_1_156' title='bbox 2338 908 2393 959; x_wconf 73' lang='grc' dir='ltr'>αἱ</span> <span class='ocrx_word' id='word_1_157' title='bbox 2426 905 2533 959; x_wconf 79' lang='grc' dir='ltr'><strong>τῶν</strong></span> <span class='ocrx_word' id='word_1_158' title='bbox 2560 904 2732 959; x_wconf 82' lang='grc' dir='ltr'>ἀθέων</span> <span class='ocrx_word' id='word_1_159' title='bbox 2773 902 3111 976; x_wconf 75' lang='grc' dir='ltr'>ἑτεροδόξων,</span> <span class='ocrx_word' id='word_1_160' title='bbox 3139 902 3248 955; x_wconf 83' lang='grc' dir='ltr'><strong>τῶν</strong></span> <span class='ocrx_word' id='word_1_161' title='bbox 3278 900 3378 965; x_wconf 76' lang='grc' dir='ltr'>τὰς</span> <span class='ocrx_word' id='word_1_162' title='bbox 3408 901 3704 973; x_wconf 80' lang='grc' dir='ltr'><strong>ἀκεραίους</strong></span> <span class='ocrx_word' id='word_1_163' title='bbox 3728 899 3866 970; x_wconf 71' lang='grc' dir='ltr'>ψυχὰς</span> 
     </span>
    </p>
   </div>
   <div class='ocr_carea' id='block_1_24' title="bbox 2339 995 3866 1068">
    <p class='ocr_par' dir='ltr' id='par_1_24' title="bbox 2339 995 3866 1068">
     <span class='ocr_line' id='line_1_24' title="bbox 2339 995 3866 1068; baseline -0.005 -14"><span class='ocrx_word' id='word_1_164' title='bbox 2339 999 2817 1066; x_wconf 81' lang='grc' dir='ltr'>κατατοξευόντων,</span> <span class='ocrx_word' id='word_1_165' title='bbox 2864 998 2957 1052; x_wconf 81' lang='grc' dir='ltr'>καὶ</span> <span class='ocrx_word' id='word_1_166' title='bbox 3010 999 3130 1060; x_wconf 87' lang='grc' dir='ltr'>ταῖς</span> <span class='ocrx_word' id='word_1_167' title='bbox 3204 995 3409 1049; x_wconf 79' lang='grc' dir='ltr'><strong>ἑαυτῶν</strong></span> <span class='ocrx_word' id='word_1_168' title='bbox 3466 995 3759 1068; x_wconf 71' lang='grc' dir='ltr'><strong>ῥομφαίαις</strong></span> <span class='ocrx_word' id='word_1_169' title='bbox 3792 1012 3866 1046; x_wconf 74' lang='grc' dir='ltr'>κα-</span> 
     </span>
    </p>
   </div>
   <div class='ocr_carea' id='block_1_25' title="bbox 2339 1085 3865 1162">
    <p class='ocr_par' dir='ltr' id='par_1_25' title="bbox 2339 1085 3865 1162">
     <span class='ocr_line' id='line_1_25' title="bbox 2339 1085 3865 1162; baseline -0.005 -16"><span class='ocrx_word' id='word_1_170' title='bbox 2339 1092 2747 1162; x_wconf 80' lang='grc' dir='ltr'>τασφαττόντων</span> <span class='ocrx_word' id='word_1_171' title='bbox 2797 1090 2985 1154; x_wconf 76' lang='grc' dir='ltr'>αὐτάς.</span> <span class='ocrx_word' id='word_1_172' title='bbox 3037 1090 3148 1143; x_wconf 77' lang='grc' dir='ltr'><strong>Καὶ</strong></span> <span class='ocrx_word' id='word_1_173' title='bbox 3200 1089 3251 1142; x_wconf 82' lang='lat' dir='ltr'><strong>ol</strong></span> <span class='ocrx_word' id='word_1_174' title='bbox 3296 1088 3447 1158; x_wconf 77' lang='grc' dir='ltr'>σοφοὶ</span> <span class='ocrx_word' id='word_1_175' title='bbox 3484 1088 3541 1141; x_wconf 85' lang='grc' dir='ltr'>δὲ</span> <span class='ocrx_word' id='word_1_176' title='bbox 3588 1087 3683 1140; x_wconf 86' lang='grc' dir='ltr'><strong>τοῦ</strong></span> <span class='ocrx_word' id='word_1_177' title='bbox 3710 1085 3865 1149; x_wconf 69' lang='grc' dir='ltr'>αἰῶνος</span> 
     </span>
    </p>
   </div>
   <div class='ocr_carea' id='block_1_26' title="bbox 2338 1179 3866 1258">
    <p class='ocr_par' dir='ltr' id='par_1_26' title="bbox 2338 1179 3866 1258">
     <span class='ocr_line' id='line_1_26' title="bbox 2338 1179 3866 1258; baseline -0.006 -20"><span class='ocrx_word' id='word_1_178' title='bbox 2338 1186 2547 1258; x_wconf 87' lang='grc' dir='ltr'>τούτου,</span> <span class='ocrx_word' id='word_1_179' title='bbox 2567 1184 2660 1239; x_wconf 82' lang='grc' dir='ltr'><strong>τὸν</strong></span> <span class='ocrx_word' id='word_1_180' title='bbox 2680 1181 2955 1254; x_wconf 82' lang='grc' dir='ltr'>ἀπατηλὸν</span> <span class='ocrx_word' id='word_1_181' title='bbox 3003 1182 3096 1235; x_wconf 74' lang='grc' dir='ltr'>καὶ</span> <span class='ocrx_word' id='word_1_182' title='bbox 3129 1179 3514 1251; x_wconf 88' lang='grc' dir='ltr'>σεσοφισμένον</span> <span class='ocrx_word' id='word_1_183' title='bbox 3568 1179 3727 1248; x_wconf 76' lang='grc' dir='ltr'>λόγον</span> <span class='ocrx_word' id='word_1_184' title='bbox 3760 1194 3866 1247; x_wconf 68' lang='grc' dir='ltr'>προσ</span> 
     </span>
    </p>
   </div>
   <div class='ocr_carea' id='block_1_27' title="bbox 2340 1267 3872 1348">
    <p class='ocr_par' dir='ltr' id='par_1_27' title="bbox 2340 1267 3872 1348">
     <span class='ocr_line' id='line_1_27' title="bbox 2340 1267 3872 1348; baseline -0.008 -17"><span class='ocrx_word' id='word_1_185' title='bbox 2340 1277 2676 1348; x_wconf 75' lang='grc' dir='ltr'>ϐαλλόμενοι,</span> <span class='ocrx_word' id='word_1_186' title='bbox 2730 1273 2928 1337; x_wconf 83' lang='grc' dir='ltr'>πολλὰς</span> <span class='ocrx_word' id='word_1_187' title='bbox 2962 1272 3167 1326; x_wconf 78' lang='grc' dir='ltr'>ἀνεῖλον</span> <span class='ocrx_word' id='word_1_188' title='bbox 3204 1272 3400 1342; x_wconf 78' lang='grc' dir='ltr'>ψυχάς.</span> <span class='ocrx_word' id='word_1_189' title='bbox 3434 1270 3615 1342; x_wconf 83' lang='grc' dir='ltr'>Εύχῆς</span> <span class='ocrx_word' id='word_1_190' title='bbox 3652 1267 3745 1322; x_wconf 75' lang='grc' dir='ltr'><strong>οὖν</strong></span> <span class='ocrx_word' id='word_1_191' title='bbox 3767 1271 3872 1339; x_wconf 70' lang='grc' dir='ltr'>ἡμῖν</span> 
     </span>
    </p>
   </div>
   <div class='ocr_carea' id='block_1_28' title="bbox 2338 1361 3869 1438">
    <p class='ocr_par' dir='ltr' id='par_1_28' title="bbox 2338 1361 3869 1438">
     <span class='ocr_line' id='line_1_28' title="bbox 2338 1361 3869 1438; baseline -0.007 -15"><span class='ocrx_word' id='word_1_192' title='bbox 2338 1370 2418 1423; x_wconf 85' lang='grc' dir='ltr'><strong>δεῖ</strong></span> <span class='ocrx_word' id='word_1_193' title='bbox 2452 1366 2869 1438; x_wconf 80' lang='grc' dir='ltr'>συντεταμένης,</span> <span class='ocrx_word' id='word_1_194' title='bbox 2897 1365 3033 1436; x_wconf 76' lang='grc' dir='ltr'>πρὸς</span> <span class='ocrx_word' id='word_1_195' title='bbox 3050 1364 3111 1418; x_wconf 81' lang='grc' dir='ltr'>τὸ</span> <span class='ocrx_word' id='word_1_196' title='bbox 3133 1364 3391 1435; x_wconf 81' lang='grc' dir='ltr'>ῥυσθῆναι</span> <span class='ocrx_word' id='word_1_197' title='bbox 3402 1361 3607 1416; x_wconf 89' lang='grc' dir='ltr'>τούτων</span> <span class='ocrx_word' id='word_1_198' title='bbox 3627 1361 3869 1415; x_wconf 78' lang='grc' dir='ltr'>ἁπάντων.</span> 
     </span>
    </p>
   </div>
   <div class='ocr_carea' id='block_1_29' title="bbox 2339 1451 3870 1528">
    <p class='ocr_par' dir='ltr' id='par_1_29' title="bbox 2339 1451 3870 1528">
     <span class='ocr_line' id='line_1_29' title="bbox 2339 1451 3870 1528; baseline -0.007 -15"><span class='ocrx_word' id='word_1_199' title='bbox 2339 1460 2586 1514; x_wconf 81' lang='grc' dir='ltr'><strong>Μάλιστα</strong></span> <span class='ocrx_word' id='word_1_200' title='bbox 2626 1458 2683 1511; x_wconf 80' lang='grc' dir='ltr'>δὲ</span> <span class='ocrx_word' id='word_1_201' title='bbox 2724 1460 2771 1511; x_wconf 84' lang='grc' dir='ltr'><strong>οἱ</strong></span> <span class='ocrx_word' id='word_1_202' title='bbox 2806 1456 3187 1528; x_wconf 87' lang='grc' dir='ltr'>προλεχθέντες</span> <span class='ocrx_word' id='word_1_203' title='bbox 3231 1455 3323 1507; x_wconf 79' lang='grc' dir='ltr'>τὸν</span> <span class='ocrx_word' id='word_1_204' title='bbox 3370 1452 3575 1508; x_wconf 85' lang='grc' dir='ltr'>ἁπλοῦν</span> <span class='ocrx_word' id='word_1_205' title='bbox 3604 1451 3699 1505; x_wconf 72' lang='grc' dir='ltr'>καὶ</span> <span class='ocrx_word' id='word_1_206' title='bbox 3730 1451 3870 1522; x_wconf 79' lang='grc' dir='ltr'>ἀφελῆ</span> 
     </span>
    </p>
   </div>
   <div class='ocr_carea' id='block_1_30' title="bbox 2340 1541 3873 1620">
    <p class='ocr_par' dir='ltr' id='par_1_30' title="bbox 2340 1541 3873 1620">
     <span class='ocr_line' id='line_1_30' title="bbox 2340 1541 3873 1620; baseline -0.008 -14"><span class='ocrx_word' id='word_1_207' title='bbox 2340 1548 2715 1616; x_wconf 72' lang='grc' dir='ltr'><strong>κατατοξεύειν</strong></span> <span class='ocrx_word' id='word_1_208' title='bbox 2767 1548 3059 1620; x_wconf 85' lang='grc' dir='ltr'>πειρῶνται</span> <span class='ocrx_word' id='word_1_209' title='bbox 3081 1564 3095 1577; x_wconf 80' lang='grc'><em>’</em></span> <span class='ocrx_word' id='word_1_210' title='bbox 3119 1546 3200 1601; x_wconf 85' lang='grc' dir='ltr'><strong>διὸ</strong></span> <span class='ocrx_word' id='word_1_211' title='bbox 3233 1546 3508 1599; x_wconf 73' lang='grc' dir='ltr'>λέλεκταιο</span> <span class='ocrx_word' id='word_1_212' title='bbox 3547 1564 3566 1596; x_wconf 78' lang='grc' dir='ltr'><strong>ι</strong></span> <span class='ocrx_word' id='word_1_213' title='bbox 3611 1541 3873 1596; x_wconf 74' lang='grc' dir='ltr'>Ἐνέτειναν</span> 
     </span>
    </p>
   </div>
   <div class='ocr_carea' id='block_1_31' title="bbox 2338 1631 3872 1711">
    <p class='ocr_par' dir='ltr' id='par_1_31' title="bbox 2338 1631 3872 1711">
     <span class='ocr_line' id='line_1_31' title="bbox 2338 1631 3872 1711; baseline -0.006 -17"><span class='ocrx_word' id='word_1_214' title='bbox 2338 1641 2510 1708; x_wconf 81' lang='grc' dir='ltr'>τόξον,</span> <span class='ocrx_word' id='word_1_215' title='bbox 2544 1642 2775 1711; x_wconf 81' lang='grc' dir='ltr'>πρᾶγμα</span> <span class='ocrx_word' id='word_1_216' title='bbox 2805 1638 3018 1709; x_wconf 82' lang='grc' dir='ltr'>πικρὸν,</span> <span class='ocrx_word' id='word_1_217' title='bbox 3050 1635 3144 1691; x_wconf 88' lang='grc' dir='ltr'><strong>τοῦ</strong></span> <span class='ocrx_word' id='word_1_218' title='bbox 3167 1634 3557 1702; x_wconf 80' lang='grc' dir='ltr'>κατατοξεῦσαι</span> <span class='ocrx_word' id='word_1_219' title='bbox 3579 1635 3638 1687; x_wconf 82' lang='grc' dir='ltr'>ὲν</span> <span class='ocrx_word' id='word_1_220' title='bbox 3664 1631 3872 1703; x_wconf 77' lang='grc' dir='ltr'>ἀποκρύ-</span> 
     </span>
    </p>
   </div>
   <div class='ocr_carea' id='block_1_32' title="bbox 2341 1724 3871 1803">
    <p class='ocr_par' dir='ltr' id='par_1_32' title="bbox 2341 1724 3871 1803">
     <span class='ocr_line' id='line_1_32' title="bbox 2341 1724 3871 1803; baseline -0.006 -18"><span class='ocrx_word' id='word_1_221' title='bbox 2341 1750 2460 1803; x_wconf 87' lang='grc' dir='ltr'>φοις</span> <span class='ocrx_word' id='word_1_222' title='bbox 2485 1731 2735 1803; x_wconf 76' lang='grc' dir='ltr'>ἄμωμον.</span> <span class='ocrx_word' id='word_1_223' title='bbox 2771 1750 2790 1782; x_wconf 76' lang='grc' dir='ltr'><strong>ι</strong></span> <span class='ocrx_word' id='word_1_224' title='bbox 2825 1731 2937 1784; x_wconf 77' lang='grc' dir='ltr'>Καὶ</span> <span class='ocrx_word' id='word_1_225' title='bbox 2988 1729 3080 1783; x_wconf 83' lang='grc' dir='ltr'><strong>τὸν</strong></span> <span class='ocrx_word' id='word_1_226' title='bbox 3114 1726 3352 1782; x_wconf 79' lang='grc' dir='ltr'>ἀναίτιον</span> <span class='ocrx_word' id='word_1_227' title='bbox 3392 1727 3449 1780; x_wconf 81' lang='grc' dir='ltr'>δὲ</span> <span class='ocrx_word' id='word_1_228' title='bbox 3478 1726 3707 1797; x_wconf 77' lang='grc' dir='ltr'><strong>ἄμωμον</strong></span> <span class='ocrx_word' id='word_1_229' title='bbox 3729 1724 3871 1786; x_wconf 76' lang='grc' dir='ltr'>καλεῖ,</span> 
     </span>
    </p>
   </div>
   <div class='ocr_carea' id='block_1_33' title="bbox 2338 1817 3875 1893">
    <p class='ocr_par' dir='ltr' id='par_1_33' title="bbox 2338 1817 3875 1893">
     <span class='ocr_line' id='line_1_33' title="bbox 2338 1817 3875 1893; baseline -0.004 -19"><span class='ocrx_word' id='word_1_230' title='bbox 2338 1821 2437 1893; x_wconf 79' lang='grc' dir='ltr'>τὴν</span> <span class='ocrx_word' id='word_1_231' title='bbox 2483 1820 2623 1875; x_wconf 88' lang='grc' dir='ltr'>κατὰ</span> <span class='ocrx_word' id='word_1_232' title='bbox 2665 1820 2771 1874; x_wconf 84' lang='grc' dir='ltr'><strong>τῶν</strong></span> <span class='ocrx_word' id='word_1_233' title='bbox 2807 1820 2971 1892; x_wconf 81' lang='grc' dir='ltr'>μηδὲν</span> <span class='ocrx_word' id='word_1_234' title='bbox 3002 1818 3335 1890; x_wconf 71' lang='grc' dir='ltr'><strong>ἠδικηκότων</strong></span> <span class='ocrx_word' id='word_1_235' title='bbox 3373 1817 3705 1888; x_wconf 79' lang='grc' dir='ltr'>ὑπογράφων</span> <span class='ocrx_word' id='word_1_236' title='bbox 3746 1832 3875 1870; x_wconf 80' lang='grc' dir='ltr'>συκο-</span> 
     </span>
    </p>
   </div>
   <div class='ocr_carea' id='block_1_34' title="bbox 671 1907 2240 2001">
    <p class='ocr_par' dir='ltr' id='par_1_34' title="bbox 671 1913 2235 1997">
     <span class='ocr_line' id='line_1_34' title="bbox 671 1913 2235 1997; baseline -0.01 -14"><span class='ocrx_word' id='word_1_237' title='bbox 671 1936 773 1986; x_wconf 86' lang='lat' dir='ltr'><strong>est.</strong></span> <span class='ocrx_word' id='word_1_238' title='bbox 804 1927 938 1984; x_wconf 88' lang='lat' dir='ltr'><strong>Nam</strong></span> <span class='ocrx_word' id='word_1_239' title='bbox 958 1927 995 1983; x_wconf 91' lang='lat' dir='ltr'><strong>ii</strong></span> <span class='ocrx_word' id='word_1_240' title='bbox 1022 1925 1325 1997; x_wconf 89' lang='lat' dir='ltr'><strong>simplicem</strong></span> <span class='ocrx_word' id='word_1_241' title='bbox 1359 1930 1413 1978; x_wconf 89' lang='lat' dir='ltr'><strong>et</strong></span> <span class='ocrx_word' id='word_1_242' title='bbox 1436 1921 1693 1992; x_wconf 63' lang='lat' dir='ltr'><strong>nequitia;</strong></span> <span class='ocrx_word' id='word_1_243' title='bbox 1711 1924 1987 1987; x_wconf 83' lang='lat' dir='ltr'><strong>expertem</strong></span> <span class='ocrx_word' id='word_1_244' title='bbox 2021 1913 2235 1984; x_wconf 89' lang='lat' dir='ltr'><strong>sagittis</strong></span> 
     </span>
    </p>
   </div>
   <div class='ocr_carea' id='block_1_35' title="bbox 2343 1907 3875 2001">
    <p class='ocr_par' dir='ltr' id='par_1_35' title="bbox 2343 1907 3875 2001">
     <span class='ocr_line' id='line_1_35' title="bbox 2343 1907 3875 2001; baseline -0.004 -35"><span class='ocrx_word' id='word_1_245' title='bbox 2343 1912 2581 2001; x_wconf 65' lang='grc' dir='ltr'>φαντίαν,</span> <span class='ocrx_word' id='word_1_246' title='bbox 2625 1911 2775 2001; x_wconf 47' lang='grc' dir='ltr'>ξᾼντὶ</span> <span class='ocrx_word' id='word_1_247' title='bbox 2818 1911 2873 1963; x_wconf 82' lang='grc' dir='ltr'>δὲ</span> <span class='ocrx_word' id='word_1_248' title='bbox 2911 1909 3073 1973; x_wconf 82' lang='grc' dir='ltr'>τοῦ,‹</span> <span class='ocrx_word' id='word_1_249' title='bbox 3108 1909 3371 1981; x_wconf 76' lang='grc' dir='ltr'>ἄμωμον,</span> <span class='ocrx_word' id='word_1_250' title='bbox 3419 1907 3642 1971; x_wconf 85' lang='grc' dir='ltr'>ἁπλοῦν,</span> <span class='ocrx_word' id='word_1_251' title='bbox 3669 1926 3689 1959; x_wconf 73' lang='grc' dir='ltr'><strong>ι</strong></span> <span class='ocrx_word' id='word_1_252' title='bbox 3728 1907 3875 1977; x_wconf 72' lang='grc' dir='ltr'>ἡρμή-</span> 
     </span>
    </p>
   </div>
   <div class='ocr_carea' id='block_1_36' title="bbox 670 2004 2239 2087">
    <p class='ocr_par' dir='ltr' id='par_1_36' title="bbox 670 2004 2239 2087">
     <span class='ocr_line' id='line_1_36' title="bbox 670 2004 2239 2087; baseline -0.01 -12"><span class='ocrx_word' id='word_1_253' title='bbox 670 2020 959 2077; x_wconf 78' lang='lat' dir='ltr'><strong>confodere</strong></span> <span class='ocrx_word' id='word_1_254' title='bbox 988 2018 1224 2073; x_wconf 79' lang='lat' dir='ltr'><strong>maxime</strong></span> <span class='ocrx_word' id='word_1_255' title='bbox 1246 2020 1502 2087; x_wconf 88' lang='lat' dir='ltr'><strong>satagunt</strong></span> <span class='ocrx_word' id='word_1_256' title='bbox 1537 2031 1549 2064; x_wconf 90' lang='lat'><strong>:</strong></span> <span class='ocrx_word' id='word_1_257' title='bbox 1585 2024 1755 2081; x_wconf 91' lang='lat' dir='ltr'><strong>quare</strong></span> <span class='ocrx_word' id='word_1_258' title='bbox 1783 2006 1965 2071; x_wconf 79' lang='lat' dir='ltr'><strong>inl‘ert,</strong></span> <span class='ocrx_word' id='word_1_259' title='bbox 1992 2024 2020 2055; x_wconf 84' lang='grc' dir='ltr'>·ι</span> <span class='ocrx_word' id='word_1_260' title='bbox 2048 2004 2239 2059; x_wconf 87' lang='lat' dir='ltr'><strong>Subito</strong></span> 
     </span>
    </p>
   </div>
   <div class='ocr_carea' id='block_1_37' title="bbox 670 2097 2239 2187">
    <p class='ocr_par' dir='ltr' id='par_1_37' title="bbox 670 2097 2239 2187">
     <span class='ocr_line' id='line_1_37' title="bbox 670 2097 2239 2187; baseline -0.012 -17"><span class='ocrx_word' id='word_1_261' title='bbox 670 2114 1028 2187; x_wconf 82' lang='lat' dir='ltr'><strong>sagittabunt,</strong></span> <span class='ocrx_word' id='word_1_262' title='bbox 1065 2126 1190 2166; x_wconf 89' lang='lat' dir='ltr'><strong>eum</strong></span> <span class='ocrx_word' id='word_1_263' title='bbox 1242 2114 1297 2164; x_wconf 93' lang='lat' dir='ltr'><strong>et</strong></span> <span class='ocrx_word' id='word_1_264' title='bbox 1338 2122 1446 2163; x_wconf 92' lang='lat' dir='ltr'><strong>non</strong></span> <span class='ocrx_word' id='word_1_265' title='bbox 1472 2102 1765 2159; x_wconf 86' lang='lat' dir='ltr'><strong>timebunt.</strong></span> <span class='ocrx_word' id='word_1_266' title='bbox 1800 2119 1818 2153; x_wconf 76' lang='grc' dir='ltr'><strong>ι</strong></span> <span class='ocrx_word' id='word_1_267' title='bbox 1848 2097 1983 2153; x_wconf 76' lang='lat' dir='ltr'><strong>Nam</strong></span> <span class='ocrx_word' id='word_1_268' title='bbox 2026 2105 2239 2167; x_wconf 89' lang='lat' dir='ltr'><strong>tempus</strong></span> 
     </span>
    </p>
   </div>
   <div class='ocr_carea' id='block_1_38' title="bbox 668 2188 2240 2269">
    <p class='ocr_par' dir='ltr' id='par_1_38' title="bbox 668 2188 2240 2269">
     <span class='ocr_line' id='line_1_38' title="bbox 668 2188 2240 2269; baseline -0.015 -7"><span class='ocrx_word' id='word_1_269' title='bbox 668 2206 1046 2269; x_wconf 86' lang='lat' dir='ltr'><strong>observantes,</strong></span> <span class='ocrx_word' id='word_1_270' title='bbox 1105 2199 1399 2257; x_wconf 79' lang='lat' dir='ltr'><strong>confertim</strong></span> <span class='ocrx_word' id='word_1_271' title='bbox 1432 2203 1488 2253; x_wconf 86' lang='lat' dir='ltr'><strong>et</strong></span> <span class='ocrx_word' id='word_1_272' title='bbox 1538 2193 1887 2264; x_wconf 87' lang='lat' dir='ltr'><strong>inopinanter</strong></span> <span class='ocrx_word' id='word_1_273' title='bbox 1922 2188 2240 2243; x_wconf 88' lang='lat' dir='ltr'><strong>immacula-</strong></span> 
     </span>
    </p>
   </div>
   <div class='ocr_carea' id='block_1_39' title="bbox 669 2279 2236 2365">
    <p class='ocr_par' dir='ltr' id='par_1_39' title="bbox 669 2279 2236 2365">
     <span class='ocr_line' id='line_1_39' title="bbox 669 2279 2236 2365; baseline -0.012 -13"><span class='ocrx_word' id='word_1_274' title='bbox 669 2306 807 2365; x_wconf 71' lang='lat' dir='ltr'><strong>tam,</strong></span> <span class='ocrx_word' id='word_1_275' title='bbox 861 2297 977 2353; x_wconf 83' lang='lat' dir='ltr'><strong>sive</strong></span> <span class='ocrx_word' id='word_1_276' title='bbox 1028 2292 1356 2363; x_wconf 83' lang='lat' dir='ltr'><strong>simplicem,</strong></span> <span class='ocrx_word' id='word_1_277' title='bbox 1405 2296 1501 2342; x_wconf 89' lang='lat' dir='ltr'><strong>aut</strong></span> <span class='ocrx_word' id='word_1_278' title='bbox 1554 2286 1901 2341; x_wconf 87' lang='lat' dir='ltr'><strong>innocentem</strong></span> <span class='ocrx_word' id='word_1_279' title='bbox 1954 2279 2236 2334; x_wconf 82' lang='lat' dir='ltr'><strong>invadunt.</strong></span> 
     </span>
    </p>
   </div>
   <div class='ocr_carea' id='block_1_40' title="bbox 670 2372 2237 2458">
    <p class='ocr_par' dir='ltr' id='par_1_40' title="bbox 670 2372 2237 2458">
     <span class='ocr_line' id='line_1_40' title="bbox 670 2372 2237 2458; baseline -0.014 -11"><span class='ocrx_word' id='word_1_280' title='bbox 670 2380 851 2458; x_wconf 78' lang='lat' dir='ltr'><strong>Quare</strong></span> <span class='ocrx_word' id='word_1_281' title='bbox 879 2388 945 2442; x_wconf 86' lang='lat' dir='ltr'><strong>ad</strong></span> <span class='ocrx_word' id='word_1_282' title='bbox 968 2388 1222 2442; x_wconf 89' lang='lat' dir='ltr'><strong>homines</strong></span> <span class='ocrx_word' id='word_1_283' title='bbox 1256 2384 1323 2440; x_wconf 93' lang='lat' dir='ltr'><strong>iis</strong></span> <span class='ocrx_word' id='word_1_284' title='bbox 1346 2381 1555 2439; x_wconf 82' lang='lat' dir='ltr'><strong>similes</strong></span> <span class='ocrx_word' id='word_1_285' title='bbox 1581 2377 1890 2433; x_wconf 90' lang='lat' dir='ltr'><strong>rescribens</strong></span> <span class='ocrx_word' id='word_1_286' title='bbox 1920 2372 2237 2446; x_wconf 86' lang='lat' dir='ltr'><strong>Apostolus,</strong></span> 
     </span>
    </p>
   </div>
   <div class='ocr_carea' id='block_1_41' title="bbox 670 2468 2239 2543">
    <p class='ocr_par' dir='ltr' id='par_1_41' title="bbox 670 2468 2239 2543">
     <span class='ocr_line' id='line_1_41' title="bbox 670 2468 2239 2543; baseline -0.011 -6"><span class='ocrx_word' id='word_1_287' title='bbox 670 2484 789 2537; x_wconf 87' lang='lat' dir='ltr'><strong>ait:</strong></span> <span class='ocrx_word' id='word_1_288' title='bbox 825 2499 843 2532; x_wconf 79' lang='grc' dir='ltr'><strong>ι</strong></span> <span class='ocrx_word' id='word_1_289' title='bbox 873 2479 1063 2536; x_wconf 89' lang='lat' dir='ltr'><strong>Timeo</strong></span> <span class='ocrx_word' id='word_1_290' title='bbox 1097 2486 1300 2543; x_wconf 91' lang='lat' dir='ltr'><strong>autem,</strong></span> <span class='ocrx_word' id='word_1_291' title='bbox 1350 2490 1421 2530; x_wconf 88' lang='lat' dir='ltr'><strong>ne</strong></span> <span class='ocrx_word' id='word_1_292' title='bbox 1471 2474 1614 2530; x_wconf 89' lang='lat' dir='ltr'><strong>sicut</strong></span> <span class='ocrx_word' id='word_1_293' title='bbox 1656 2484 1887 2542; x_wconf 89' lang='lat' dir='ltr'><strong>serpens</strong></span> <span class='ocrx_word' id='word_1_294' title='bbox 1931 2468 2096 2521; x_wconf 84' lang='lat' dir='ltr'><strong>Evam</strong></span> <span class='ocrx_word' id='word_1_295' title='bbox 2150 2480 2239 2521; x_wconf 84' lang='lat' dir='ltr'><strong>se-</strong></span> 
     </span>
    </p>
   </div>
   <div class='ocr_carea' id='block_1_42' title="bbox 668 2550 2238 2639">
    <p class='ocr_par' dir='ltr' id='par_1_42' title="bbox 668 2550 2238 2639">
     <span class='ocr_line' id='line_1_42' title="bbox 668 2550 2238 2639; baseline -0.011 -11"><span class='ocrx_word' id='word_1_296' title='bbox 668 2574 846 2637; x_wconf 86' lang='lat' dir='ltr'><strong>duxit,</strong></span> <span class='ocrx_word' id='word_1_297' title='bbox 877 2572 952 2626; x_wconf 91' lang='lat' dir='ltr'><strong>ita</strong></span> <span class='ocrx_word' id='word_1_298' title='bbox 979 2550 1624 2639; x_wconf 24' lang='lat' dir='ltr'><strong>corrumpantur‘sensus</strong></span> <span class='ocrx_word' id='word_1_299' title='bbox 1652 2562 1819 2618; x_wconf 82' lang='lat' dir='ltr'><strong>vestri</strong></span> <span class='ocrx_word' id='word_1_300' title='bbox 1848 2569 1902 2615; x_wconf 90' lang='lat' dir='ltr'><strong>et</strong></span> <span class='ocrx_word' id='word_1_301' title='bbox 1933 2558 2188 2615; x_wconf 78' lang='lat' dir='ltr'><strong>excidant</strong></span> <span class='ocrx_word' id='word_1_302' title='bbox 2208 2572 2238 2610; x_wconf 89' lang='lat' dir='ltr'><strong>a</strong></span> 
     </span>
    </p>
   </div>
   <div class='ocr_carea' id='block_1_43' title="bbox 669 2649 2239 2735">
    <p class='ocr_par' dir='ltr' id='par_1_43' title="bbox 669 2649 2239 2735">
     <span class='ocr_line' id='line_1_43' title="bbox 669 2649 2239 2735; baseline -0.013 -14"><span class='ocrx_word' id='word_1_303' title='bbox 669 2663 1039 2735; x_wconf 76' lang='lat' dir='ltr'><strong>simplicitate,</strong></span> <span class='ocrx_word' id='word_1_304' title='bbox 1063 2674 1185 2731; x_wconf 59' lang='lat' dir='ltr'><strong>qua</strong></span> <span class='ocrx_word' id='word_1_305' title='bbox 1231 2664 1314 2714; x_wconf 86' lang='lat' dir='ltr'><strong>cst</strong></span> <span class='ocrx_word' id='word_1_306' title='bbox 1368 2657 1422 2712; x_wconf 89' lang='lat' dir='ltr'><strong>in</strong></span> <span class='ocrx_word' id='word_1_307' title='bbox 1452 2655 1674 2711; x_wconf 83' lang='lat' dir='ltr'><strong>Christo</strong></span> <span class='ocrx_word' id='word_1_308' title='bbox 1704 2655 1746 2707; x_wconf 78' lang='grc'><strong>⁸.</strong></span> <span class='ocrx_word' id='word_1_309' title='bbox 1784 2671 1802 2705; x_wconf 73' lang='grc' dir='ltr'><strong>ι</strong></span> <span class='ocrx_word' id='word_1_310' title='bbox 1830 2651 1982 2707; x_wconf 87' lang='lat' dir='ltr'><strong>&#39;Eum</strong></span> <span class='ocrx_word' id='word_1_311' title='bbox 2040 2649 2239 2719; x_wconf 83' lang='lat' dir='ltr'><strong>quippe</strong></span> 
     </span>
    </p>
   </div>
   <div class='ocr_carea' id='block_1_44' title="bbox 671 2742 2261 2827">
    <p class='ocr_par' dir='ltr' id='par_1_44' title="bbox 671 2742 2261 2827">
     <span class='ocr_line' id='line_1_44' title="bbox 671 2742 2261 2827; baseline -0.014 -14"><span class='ocrx_word' id='word_1_312' title='bbox 671 2756 833 2827; x_wconf 86' lang='lat' dir='ltr'><strong>cujus</strong></span> <span class='ocrx_word' id='word_1_313' title='bbox 888 2754 1067 2809; x_wconf 89' lang='lat' dir='ltr'><strong>anima</strong></span> <span class='ocrx_word' id='word_1_314' title='bbox 1121 2748 1541 2808; x_wconf 88' lang='lat' dir='ltr'><strong>circummunita</strong></span> <span class='ocrx_word' id='word_1_315' title='bbox 1591 2744 1777 2806; x_wconf 83' lang='lat' dir='ltr'><strong>fuerit,</strong></span> <span class='ocrx_word' id='word_1_316' title='bbox 1838 2742 2073 2812; x_wconf 82' lang='lat' dir='ltr'><strong>dejicere</strong></span> <span class='ocrx_word' id='word_1_317' title='bbox 2100 2755 2261 2803; x_wconf 18' lang='lat' dir='ltr'><strong>nun-1</strong></span> 
     </span>
    </p>
   </div>
   <div class='ocr_carea' id='block_1_45' title="bbox 669 2829 2238 2921">
    <p class='ocr_par' dir='ltr' id='par_1_45' title="bbox 669 2829 2238 2921">
     <span class='ocr_line' id='line_1_45' title="bbox 669 2829 2238 2921; baseline -0.014 -17"><span class='ocrx_word' id='word_1_318' title='bbox 669 2863 833 2921; x_wconf 87' lang='lat' dir='ltr'><strong>quam</strong></span> <span class='ocrx_word' id='word_1_319' title='bbox 882 2846 1099 2901; x_wconf 78' lang='lat' dir='ltr'><strong>valeant</strong></span> <span class='ocrx_word' id='word_1_320' title='bbox 1138 2844 1175 2899; x_wconf 91' lang='lat' dir='ltr'><strong>ii</strong></span> <span class='ocrx_word' id='word_1_321' title='bbox 1227 2843 1318 2913; x_wconf 91' lang='lat' dir='ltr'><strong>qui</strong></span> <span class='ocrx_word' id='word_1_322' title='bbox 1356 2856 1520 2911; x_wconf 85' lang='lat' dir='ltr'><strong>supra</strong></span> <span class='ocrx_word' id='word_1_323' title='bbox 1569 2836 1853 2896; x_wconf 88' lang='lat' dir='ltr'><strong>memorati</strong></span> <span class='ocrx_word' id='word_1_324' title='bbox 1885 2840 2033 2898; x_wconf 84' lang='lat' dir='ltr'><strong>sunt,</strong></span> <span class='ocrx_word' id='word_1_325' title='bbox 2087 2850 2105 2883; x_wconf 83' lang='grc' dir='ltr'><strong>ι</strong></span> <span class='ocrx_word' id='word_1_326' title='bbox 2146 2829 2238 2900; x_wconf 89' lang='lat' dir='ltr'><strong>qui</strong></span> 
     </span>
    </p>
   </div>
   <div class='ocr_carea' id='block_1_46' title="bbox 628 2924 2241 3008">
    <p class='ocr_par' dir='ltr' id='par_1_46' title="bbox 628 2924 2241 3008">
     <span class='ocr_line' id='line_1_46' title="bbox 628 2924 2241 3008; baseline -0.015 -9"><span class='ocrx_word' id='word_1_327' title='bbox 628 2946 635 2953; x_wconf 83' lang='grc'><strong>’</strong></span> <span class='ocrx_word' id='word_1_328' title='bbox 669 2946 1015 2998; x_wconf 82' lang='lat' dir='ltr'><strong>cxacuerunt-</strong></span> <span class='ocrx_word' id='word_1_329' title='bbox 1035 2944 1093 2992; x_wconf 91' lang='lat' dir='ltr'><strong>ut</strong></span> <span class='ocrx_word' id='word_1_330' title='bbox 1151 2934 1391 3008; x_wconf 88' lang='lat' dir='ltr'><strong>gladium</strong></span> <span class='ocrx_word' id='word_1_331' title='bbox 1444 2934 1661 3008; x_wconf 80' lang='lat' dir='ltr'><strong>linguas</strong></span> <span class='ocrx_word' id='word_1_332' title='bbox 1693 2942 1844 2994; x_wconf 90' lang='lat' dir='ltr'><strong>suas,</strong></span> <span class='ocrx_word' id='word_1_333' title='bbox 1884 2924 2241 2981; x_wconf 88' lang='lat' dir='ltr'><strong>intenderunt</strong></span> 
     </span>
    </p>
   </div>
   <div class='ocr_carea' id='block_1_47' title="bbox 672 3004 2239 3093">
    <p class='ocr_par' dir='ltr' id='par_1_47' title="bbox 672 3004 2239 3093">
     <span class='ocr_line' id='line_1_47' title="bbox 672 3004 2239 3093; baseline -0.015 -8"><span class='ocrx_word' id='word_1_334' title='bbox 672 3044 881 3093; x_wconf 86' lang='lat' dir='ltr'><strong>arcum,</strong></span> <span class='ocrx_word' id='word_1_335' title='bbox 912 3044 1031 3083; x_wconf 91' lang='lat' dir='ltr'><strong>rem</strong></span> <span class='ocrx_word' id='word_1_336' title='bbox 1064 3039 1330 3088; x_wconf 89' lang='lat' dir='ltr'><strong>amaram,</strong></span> <span class='ocrx_word' id='word_1_337' title='bbox 1372 3029 1432 3075; x_wconf 88' lang='lat' dir='ltr'><strong>ut</strong></span> <span class='ocrx_word' id='word_1_338' title='bbox 1463 3004 1725 3091; x_wconf 20' lang='lat' dir='ltr'><strong>sagi‘ttent</strong></span> <span class='ocrx_word' id='word_1_339' title='bbox 1771 3019 1825 3071; x_wconf 88' lang='lat' dir='ltr'><strong>in</strong></span> <span class='ocrx_word' id='word_1_340' title='bbox 1862 3013 2090 3070; x_wconf 89' lang='lat' dir='ltr'><strong>occultis</strong></span> <span class='ocrx_word' id='word_1_341' title='bbox 2134 3012 2239 3065; x_wconf 86' lang='lat' dir='ltr'><strong>im-</strong></span> 
     </span>
    </p>
   </div>
   <div class='ocr_carea' id='block_1_48' title="bbox 676 3102 2240 3185">
    <p class='ocr_par' dir='ltr' id='par_1_48' title="bbox 676 3102 2240 3185">
     <span class='ocr_line' id='line_1_48' title="bbox 676 3102 2240 3185; baseline -0.011 -15"><span class='ocrx_word' id='word_1_342' title='bbox 676 3119 1042 3185; x_wconf 82' lang='lat' dir='ltr'><strong>maculatum;</strong></span> <span class='ocrx_word' id='word_1_343' title='bbox 1078 3137 1095 3170; x_wconf 77' lang='grc' dir='ltr'><strong>ι</strong></span> <span class='ocrx_word' id='word_1_344' title='bbox 1128 3116 1264 3178; x_wconf 88' lang='lat' dir='ltr'><strong>sive,</strong></span> <span class='ocrx_word' id='word_1_345' title='bbox 1305 3132 1323 3164; x_wconf 80' lang='grc' dir='ltr'><strong>ι</strong></span> <span class='ocrx_word' id='word_1_346' title='bbox 1362 3121 1419 3167; x_wconf 83' lang='grc' dir='ltr'><strong>ιιι</strong></span> <span class='ocrx_word' id='word_1_347' title='bbox 1448 3111 1703 3182; x_wconf 80' lang='lat' dir='ltr'><strong>sagittent</strong></span> <span class='ocrx_word' id='word_1_348' title='bbox 1738 3108 1793 3162; x_wconf 90' lang='lat' dir='ltr'><strong>in</strong></span> <span class='ocrx_word' id='word_1_349' title='bbox 1842 3104 2076 3167; x_wconf 86' lang='lat' dir='ltr'><strong>occultis</strong></span> <span class='ocrx_word' id='word_1_350' title='bbox 2109 3102 2240 3156; x_wconf 87' lang='lat' dir='ltr'><strong>sim-</strong></span> 
     </span>
    </p>
   </div>
   <div class='ocr_carea' id='block_1_49' title="bbox 675 3195 2232 3281">
    <p class='ocr_par' dir='ltr' id='par_1_49' title="bbox 675 3195 2232 3281">
     <span class='ocr_line' id='line_1_49' title="bbox 675 3195 2232 3281; baseline -0.014 -16"><span class='ocrx_word' id='word_1_351' title='bbox 675 3213 890 3281; x_wconf 90' lang='lat' dir='ltr'><strong>plicem.</strong></span> <span class='ocrx_word' id='word_1_352' title='bbox 930 3206 1124 3262; x_wconf 84' lang='lat' dir='ltr'><strong>Subito</strong></span> <span class='ocrx_word' id='word_1_353' title='bbox 1155 3204 1494 3277; x_wconf 85' lang='lat' dir='ltr'><strong>sagittabunt</strong></span> <span class='ocrx_word' id='word_1_354' title='bbox 1510 3217 1655 3265; x_wconf 91' lang='lat' dir='ltr'><strong>eum,</strong></span> <span class='ocrx_word' id='word_1_355' title='bbox 1687 3208 1742 3256; x_wconf 91' lang='lat' dir='ltr'><strong>et</strong></span> <span class='ocrx_word' id='word_1_356' title='bbox 1767 3213 1875 3253; x_wconf 90' lang='lat' dir='ltr'><strong>non</strong></span> <span class='ocrx_word' id='word_1_357' title='bbox 1902 3195 2187 3265; x_wconf 79' lang='lat' dir='ltr'><strong>timebunt.</strong></span> <span class='ocrx_word' id='word_1_358' title='bbox 2216 3211 2232 3242; x_wconf 75' lang='grc' dir='ltr'><strong>ι</strong></span> 
     </span>
    </p>
   </div>
   <div class='ocr_carea' id='block_1_50' title="bbox 2338 1996 3877 2069">
    <p class='ocr_par' dir='ltr' id='par_1_50' title="bbox 2338 1996 3877 2069">
     <span class='ocr_line' id='line_1_50' title="bbox 2338 1996 3877 2069; baseline -0.003 -17"><span class='ocrx_word' id='word_1_359' title='bbox 2338 2015 2522 2052; x_wconf 90' lang='grc' dir='ltr'>νευσεν</span> <span class='ocrx_word' id='word_1_360' title='bbox 2551 2000 2579 2052; x_wconf 86' lang='lat'><strong>6</strong></span> <span class='ocrx_word' id='word_1_361' title='bbox 2624 1997 2868 2060; x_wconf 87' lang='grc' dir='ltr'>Ἀκύλας.</span> <span class='ocrx_word' id='word_1_362' title='bbox 2902 1998 3003 2051; x_wconf 86' lang='grc' dir='ltr'><strong>Τὸν</strong></span> <span class='ocrx_word' id='word_1_363' title='bbox 3036 1997 3142 2069; x_wconf 82' lang='grc' dir='ltr'><strong>γὰρ</strong></span> <span class='ocrx_word' id='word_1_364' title='bbox 3177 1997 3381 2051; x_wconf 83' lang='grc' dir='ltr'>ἁπλοῦν</span> <span class='ocrx_word' id='word_1_365' title='bbox 3416 1997 3512 2051; x_wconf 78' lang='grc' dir='ltr'><strong>καὶ</strong></span> <span class='ocrx_word' id='word_1_366' title='bbox 3543 1996 3877 2068; x_wconf 80' lang='grc' dir='ltr'>ἀπειρόκαιιον</span> 
     </span>
    </p>
   </div>
   <div class='ocr_carea' id='block_1_51' title="bbox 2342 2087 3875 2161">
    <p class='ocr_par' dir='ltr' id='par_1_51' title="bbox 2342 2087 3875 2161">
     <span class='ocr_line' id='line_1_51' title="bbox 2342 2087 3875 2161; baseline -0.005 -17"><span class='ocrx_word' id='word_1_367' title='bbox 2342 2090 2571 2161; x_wconf 83' lang='grc' dir='ltr'>μάλιστα</span> <span class='ocrx_word' id='word_1_368' title='bbox 2602 2089 2978 2156; x_wconf 79' lang='grc' dir='ltr'>κατατοξεύειν</span> <span class='ocrx_word' id='word_1_369' title='bbox 3003 2090 3053 2142; x_wconf 82' lang='grc' dir='ltr'>οῑ</span> <span class='ocrx_word' id='word_1_370' title='bbox 3081 2087 3308 2142; x_wconf 89' lang='grc' dir='ltr'>τοιοῦτοι</span> <span class='ocrx_word' id='word_1_371' title='bbox 3339 2088 3639 2159; x_wconf 85' lang='grc' dir='ltr'>πειρῶνται</span> <span class='ocrx_word' id='word_1_372' title='bbox 3658 2104 3673 2118; x_wconf 84' lang='lat'><strong><em>°</em></strong></span> <span class='ocrx_word' id='word_1_373' title='bbox 3692 2087 3767 2140; x_wconf 81' lang='grc' dir='ltr'><strong>διὸ</strong></span> <span class='ocrx_word' id='word_1_374' title='bbox 3780 2088 3875 2139; x_wconf 70' lang='grc' dir='ltr'>ἑπι-</span> 
     </span>
    </p>
   </div>
   <div class='ocr_carea' id='block_1_52' title="bbox 2337 2176 3877 2259">
    <p class='ocr_par' dir='ltr' id='par_1_52' title="bbox 2337 2176 3877 2259">
     <span class='ocr_line' id='line_1_52' title="bbox 2337 2176 3877 2259; baseline -0.002 -26"><span class='ocrx_word' id='word_1_375' title='bbox 2337 2181 2515 2259; x_wconf 75' lang='grc' dir='ltr'><strong>λέγει⁵</strong></span> <span class='ocrx_word' id='word_1_376' title='bbox 2558 2200 2577 2233; x_wconf 76' lang='grc' dir='ltr'><strong>ι</strong></span> <span class='ocrx_word' id='word_1_377' title='bbox 2624 2180 2880 2246; x_wconf 83' lang='grc' dir='ltr'>Ἐξάπινα</span> <span class='ocrx_word' id='word_1_378' title='bbox 2939 2179 3417 2245; x_wconf 83' lang='grc' dir='ltr'>κατατοξεύσουσιν</span> <span class='ocrx_word' id='word_1_379' title='bbox 3459 2179 3646 2239; x_wconf 78' lang='grc' dir='ltr'>αὐτὸν,</span> <span class='ocrx_word' id='word_1_380' title='bbox 3705 2181 3791 2231; x_wconf 72' lang='grc' dir='ltr'><strong>καὶ</strong></span> <span class='ocrx_word' id='word_1_381' title='bbox 3830 2176 3877 2230; x_wconf 78' lang='grc' dir='ltr'>οὐ</span> 
     </span>
    </p>
   </div>
   <div class='ocr_carea' id='block_1_53' title="bbox 2340 2265 3879 2346">
    <p class='ocr_par' dir='ltr' id='par_1_53' title="bbox 2340 2265 3879 2346">
     <span class='ocr_line' id='line_1_53' title="bbox 2340 2265 3879 2346; baseline -0.003 -20"><span class='ocrx_word' id='word_1_382' title='bbox 2340 2272 2758 2346; x_wconf 74' lang='grc' dir='ltr'>φοϐηθήσονται.</span> <span class='ocrx_word' id='word_1_383' title='bbox 2788 2292 2807 2323; x_wconf 79' lang='grc' dir='ltr'><strong>ι</strong></span> <span class='ocrx_word' id='word_1_384' title='bbox 2826 2270 3364 2343; x_wconf 82' lang='grc' dir='ltr'>Καιροφυλακοῦντες</span> <span class='ocrx_word' id='word_1_385' title='bbox 3382 2269 3489 2342; x_wconf 83' lang='grc' dir='ltr'><strong>γὰρ</strong></span> <span class='ocrx_word' id='word_1_386' title='bbox 3516 2265 3682 2333; x_wconf 75' lang='grc' dir='ltr'>οὗτοι,</span> <span class='ocrx_word' id='word_1_387' title='bbox 3698 2268 3879 2340; x_wconf 78' lang='grc' dir='ltr'>ἀθρόως</span> 
     </span>
    </p>
   </div>
   <div class='ocr_carea' id='block_1_54' title="bbox 2339 2357 3877 2435">
    <p class='ocr_par' dir='ltr' id='par_1_54' title="bbox 2339 2357 3877 2435">
     <span class='ocr_line' id='line_1_54' title="bbox 2339 2357 3877 2435; baseline -0.003 -19"><span class='ocrx_word' id='word_1_388' title='bbox 2339 2364 2429 2416; x_wconf 85' lang='grc' dir='ltr'><strong>καί</strong></span> <span class='ocrx_word' id='word_1_389' title='bbox 2487 2362 2904 2435; x_wconf 80' lang='grc' dir='ltr'>ἀπροσδοκήτως</span> <span class='ocrx_word' id='word_1_390' title='bbox 2951 2360 3269 2431; x_wconf 80' lang='grc' dir='ltr'>ἐπέρχονται</span> <span class='ocrx_word' id='word_1_391' title='bbox 3320 2358 3399 2430; x_wconf 80' lang='grc' dir='ltr'>τῷ</span> <span class='ocrx_word' id='word_1_392' title='bbox 3447 2359 3699 2430; x_wconf 84' lang='grc' dir='ltr'>ἀμώμῳ,</span> <span class='ocrx_word' id='word_1_393' title='bbox 3748 2358 3779 2429; x_wconf 77' lang='grc' dir='ltr'>ἢ</span> <span class='ocrx_word' id='word_1_394' title='bbox 3817 2357 3877 2429; x_wconf 68' lang='grc' dir='ltr'>τῷ</span> 
     </span>
    </p>
   </div>
   <div class='ocr_carea' id='block_1_55' title="bbox 2340 2451 3878 2526">
    <p class='ocr_par' dir='ltr' id='par_1_55' title="bbox 2340 2451 3878 2526">
     <span class='ocr_line' id='line_1_55' title="bbox 2340 2451 3878 2526; baseline -0.005 -18"><span class='ocrx_word' id='word_1_395' title='bbox 2340 2454 2494 2526; x_wconf 84' lang='grc' dir='ltr'>ἁπλῷ</span> <span class='ocrx_word' id='word_1_396' title='bbox 2517 2455 2611 2508; x_wconf 74' lang='grc' dir='ltr'><strong>καὶ</strong></span> <span class='ocrx_word' id='word_1_397' title='bbox 2639 2456 2736 2509; x_wconf 87' lang='grc' dir='ltr'><strong>ἀκε</strong></span> <span class='ocrx_word' id='word_1_398' title='bbox 2746 2455 2899 2525; x_wconf 83' lang='grc' dir='ltr'>ραίῳ.</span> <span class='ocrx_word' id='word_1_399' title='bbox 2916 2455 3005 2507; x_wconf 82' lang='grc' dir='ltr'>Διὸ</span> <span class='ocrx_word' id='word_1_400' title='bbox 3023 2453 3248 2525; x_wconf 84' lang='grc' dir='ltr'>γράφων</span> <span class='ocrx_word' id='word_1_401' title='bbox 3264 2469 3366 2506; x_wconf 85' lang='grc' dir='ltr'><strong>που</strong></span> <span class='ocrx_word' id='word_1_402' title='bbox 3386 2453 3415 2505; x_wconf 93' lang='grc' dir='ltr'><strong>ό</strong></span> <span class='ocrx_word' id='word_1_403' title='bbox 3438 2451 3754 2514; x_wconf 81' lang='grc' dir='ltr'>Ἀπόστολος</span> <span class='ocrx_word' id='word_1_404' title='bbox 3767 2451 3878 2521; x_wconf 78' lang='grc' dir='ltr'>πρὸς</span> 
     </span>
    </p>
   </div>
   <div class='ocr_carea' id='block_1_56' title="bbox 2336 2541 3879 2615">
    <p class='ocr_par' dir='ltr' id='par_1_56' title="bbox 2336 2541 3879 2615">
     <span class='ocr_line' id='line_1_56' title="bbox 2336 2541 3879 2615; baseline -0.003 -17"><span class='ocrx_word' id='word_1_405' title='bbox 2336 2546 2462 2609; x_wconf 78' lang='grc' dir='ltr'>τοὺς</span> <span class='ocrx_word' id='word_1_406' title='bbox 2480 2544 2768 2608; x_wconf 82' lang='grc' dir='ltr'>τοιούτους</span> <span class='ocrx_word' id='word_1_407' title='bbox 2812 2545 2942 2615; x_wconf 81' lang='grc' dir='ltr'>φησί</span> <span class='ocrx_word' id='word_1_408' title='bbox 2969 2559 2981 2571; x_wconf 75' lang='grc' dir='ltr'><strong><em>ο</em></strong></span> <span class='ocrx_word' id='word_1_409' title='bbox 3009 2564 3027 2595; x_wconf 79' lang='grc' dir='ltr'><strong>ι</strong></span> <span class='ocrx_word' id='word_1_410' title='bbox 3053 2542 3322 2612; x_wconf 77' lang='grc' dir='ltr'>Φοϐοῦμαι</span> <span class='ocrx_word' id='word_1_411' title='bbox 3368 2543 3438 2613; x_wconf 83' lang='grc' dir='ltr'>μή</span> <span class='ocrx_word' id='word_1_412' title='bbox 3467 2560 3603 2606; x_wconf 87' lang='grc' dir='ltr'>πως,</span> <span class='ocrx_word' id='word_1_413' title='bbox 3636 2542 3711 2605; x_wconf 87' lang='grc' dir='ltr'>ὼς</span> <span class='ocrx_word' id='word_1_414' title='bbox 3732 2541 3879 2609; x_wconf 66' lang='grc' dir='ltr'>όόφις</span> 
     </span>
    </p>
   </div>
   <div class='ocr_carea' id='block_1_57' title="bbox 2338 2633 3877 2708">
    <p class='ocr_par' dir='ltr' id='par_1_57' title="bbox 2338 2633 3877 2708">
     <span class='ocr_line' id='line_1_57' title="bbox 2338 2633 3877 2708; baseline -0.001 -19"><span class='ocrx_word' id='word_1_415' title='bbox 2338 2636 2676 2708; x_wconf 79' lang='grc' dir='ltr'>ἐξηπάτησεν</span> <span class='ocrx_word' id='word_1_416' title='bbox 2718 2635 2881 2701; x_wconf 88' lang='grc' dir='ltr'>Εῦαν,</span> <span class='ocrx_word' id='word_1_417' title='bbox 2914 2636 3091 2707; x_wconf 82' lang='grc' dir='ltr'>φθαρῇ</span> <span class='ocrx_word' id='word_1_418' title='bbox 3117 2636 3186 2690; x_wconf 86' lang='grc' dir='ltr'>τὰ</span> <span class='ocrx_word' id='word_1_419' title='bbox 3212 2640 3454 2707; x_wconf 81' lang='grc' dir='ltr'>νοήματα</span> <span class='ocrx_word' id='word_1_420' title='bbox 3480 2634 3637 2706; x_wconf 78' lang='grc' dir='ltr'>ὑμῶν</span> <span class='ocrx_word' id='word_1_421' title='bbox 3670 2635 3774 2688; x_wconf 82' lang='grc' dir='ltr'><strong>ἀπὸ</strong></span> <span class='ocrx_word' id='word_1_422' title='bbox 3800 2633 3877 2703; x_wconf 72' lang='grc' dir='ltr'>τῆς</span> 
     </span>
    </p>
   </div>
   <div class='ocr_carea' id='block_1_58' title="bbox 2338 2722 3878 2798">
    <p class='ocr_par' dir='ltr' id='par_1_58' title="bbox 2338 2722 3878 2798">
     <span class='ocr_line' id='line_1_58' title="bbox 2338 2722 3878 2798; baseline -0.003 -18"><span class='ocrx_word' id='word_1_423' title='bbox 2338 2722 2754 2798; x_wconf 81' lang='grc' dir='ltr'>ἁπλότητος’τῆς</span> <span class='ocrx_word' id='word_1_424' title='bbox 2785 2727 2843 2779; x_wconf 81' lang='grc' dir='ltr'>ὲν</span> <span class='ocrx_word' id='word_1_425' title='bbox 2877 2724 3116 2798; x_wconf 81' lang='grc' dir='ltr'>Χριστῷ.</span> <span class='ocrx_word' id='word_1_426' title='bbox 3161 2744 3179 2776; x_wconf 77' lang='grc' dir='ltr'><strong>ι</strong></span> <span class='ocrx_word' id='word_1_427' title='bbox 3209 2725 3311 2778; x_wconf 79' lang='grc' dir='ltr'><strong>Τὸν</strong></span> <span class='ocrx_word' id='word_1_428' title='bbox 3368 2724 3475 2796; x_wconf 80' lang='grc' dir='ltr'><strong>γὰρ</strong></span> <span class='ocrx_word' id='word_1_429' title='bbox 3523 2722 3878 2795; x_wconf 71' lang='grc' dir='ltr'>πεφραγμένον</span> 
     </span>
    </p>
   </div>
   <div class='ocr_carea' id='block_1_59' title="bbox 2337 2815 3877 2891">
    <p class='ocr_par' dir='ltr' id='par_1_59' title="bbox 2337 2815 3877 2891">
     <span class='ocr_line' id='line_1_59' title="bbox 2337 2815 3877 2891; baseline -0.005 -19"><span class='ocrx_word' id='word_1_430' title='bbox 2337 2820 2434 2889; x_wconf 80' lang='grc' dir='ltr'>τὴν</span> <span class='ocrx_word' id='word_1_431' title='bbox 2461 2819 2636 2891; x_wconf 78' lang='grc' dir='ltr'>ψυχὴν</span> <span class='ocrx_word' id='word_1_432' title='bbox 2667 2820 2771 2872; x_wconf 80' lang='grc' dir='ltr'><strong>οὐκ</strong></span> <span class='ocrx_word' id='word_1_433' title='bbox 2796 2820 2863 2872; x_wconf 73' lang='grc' dir='ltr'>ἄν</span> <span class='ocrx_word' id='word_1_434' title='bbox 2897 2834 3026 2871; x_wconf 89' lang='grc' dir='ltr'>ποτε</span> <span class='ocrx_word' id='word_1_435' title='bbox 3065 2816 3308 2869; x_wconf 88' lang='grc' dir='ltr'>δύναιντο</span> <span class='ocrx_word' id='word_1_436' title='bbox 3331 2815 3652 2882; x_wconf 74' lang='grc' dir='ltr'>καταϐαλεῖν</span> <span class='ocrx_word' id='word_1_437' title='bbox 3687 2816 3736 2868; x_wconf 76' lang='grc' dir='ltr'><strong>οι</strong></span> <span class='ocrx_word' id='word_1_438' title='bbox 3768 2829 3877 2884; x_wconf 82' lang='grc' dir='ltr'>προ-</span> 
     </span>
    </p>
   </div>
   <div class='ocr_carea' id='block_1_60' title="bbox 2337 2902 3878 2980">
    <p class='ocr_par' dir='ltr' id='par_1_60' title="bbox 2337 2902 3878 2980">
     <span class='ocr_line' id='line_1_60' title="bbox 2337 2902 3878 2980; baseline -0.003 -19"><span class='ocrx_word' id='word_1_439' title='bbox 2337 2909 2639 2980; x_wconf 82' lang='grc' dir='ltr'>λεχθέντες,</span> <span class='ocrx_word' id='word_1_440' title='bbox 2661 2930 2679 2961; x_wconf 80' lang='grc' dir='ltr'><strong>ι</strong></span> <span class='ocrx_word' id='word_1_441' title='bbox 2697 2911 2890 2972; x_wconf 80' lang='grc' dir='ltr'>οἵτινες</span> <span class='ocrx_word' id='word_1_442' title='bbox 2918 2907 3187 2977; x_wconf 67' lang='grc' dir='ltr'>ἠκόνησαν</span> <span class='ocrx_word' id='word_1_443' title='bbox 3210 2906 3285 2969; x_wconf 86' lang='grc' dir='ltr'><strong>ὡς</strong></span> <span class='ocrx_word' id='word_1_444' title='bbox 3317 2906 3586 2977; x_wconf 75' lang='grc' dir='ltr'>ῥομφαίαν</span> <span class='ocrx_word' id='word_1_445' title='bbox 3606 2905 3704 2969; x_wconf 80' lang='grc' dir='ltr'>τὰς</span> <span class='ocrx_word' id='word_1_446' title='bbox 3728 2902 3878 2973; x_wconf 75' lang='grc' dir='ltr'>γλώσο</span> 
     </span>
    </p>
   </div>
   <div class='ocr_carea' id='block_1_61' title="bbox 2341 2995 3878 3069">
    <p class='ocr_par' dir='ltr' id='par_1_61' title="bbox 2341 2995 3878 3069">
     <span class='ocr_line' id='line_1_61' title="bbox 2341 2995 3878 3069; baseline -0.005 -13"><span class='ocrx_word' id='word_1_447' title='bbox 2341 3020 2437 3066; x_wconf 83' lang='grc' dir='ltr'><strong>σας</strong></span> <span class='ocrx_word' id='word_1_448' title='bbox 2459 3002 2657 3065; x_wconf 74' lang='grc' dir='ltr'>αὐτῶν,</span> <span class='ocrx_word' id='word_1_449' title='bbox 2693 3003 2785 3054; x_wconf 77' lang='grc' dir='ltr'>καὶ</span> <span class='ocrx_word' id='word_1_450' title='bbox 2805 2998 3071 3053; x_wconf 77' lang='grc' dir='ltr'>ἐνέτειναν</span> <span class='ocrx_word' id='word_1_451' title='bbox 3112 2997 3283 3063; x_wconf 77' lang='grc' dir='ltr'>τόξον,</span> <span class='ocrx_word' id='word_1_452' title='bbox 3317 3000 3546 3069; x_wconf 81' lang='grc' dir='ltr'>πρᾶγμα</span> <span class='ocrx_word' id='word_1_453' title='bbox 3577 2998 3785 3068; x_wconf 77' lang='grc' dir='ltr'>πικρὸν,</span> <span class='ocrx_word' id='word_1_454' title='bbox 3804 2995 3878 3049; x_wconf 64' lang='lat' dir='ltr'><strong>soi</strong></span> 
     </span>
    </p>
   </div>
   <div class='ocr_carea' id='block_1_62' title="bbox 2339 3089 3881 3162">
    <p class='ocr_par' dir='ltr' id='par_1_62' title="bbox 2339 3089 3881 3162">
     <span class='ocr_line' id='line_1_62' title="bbox 2339 3089 3881 3162; baseline -0.006 -11"><span class='ocrx_word' id='word_1_455' title='bbox 2339 3093 2726 3157; x_wconf 83' lang='grc' dir='ltr'>κατατοξεῦσαι</span> <span class='ocrx_word' id='word_1_456' title='bbox 2773 3093 2829 3144; x_wconf 83' lang='grc' dir='ltr'>ὲν</span> <span class='ocrx_word' id='word_1_457' title='bbox 2849 3090 3196 3162; x_wconf 63' lang='grc' dir='ltr'>ἀποκρύφοιᾳ</span> <span class='ocrx_word' id='word_1_458' title='bbox 3227 3090 3474 3161; x_wconf 78' lang='grc' dir='ltr'>ἄμωμον·</span> <span class='ocrx_word' id='word_1_459' title='bbox 3504 3109 3522 3141; x_wconf 74' lang='grc' dir='ltr'><strong>ι</strong></span> <span class='ocrx_word' id='word_1_460' title='bbox 3559 3090 3614 3160; x_wconf 80' lang='grc' dir='ltr'>ἢ,</span> <span class='ocrx_word' id='word_1_461' title='bbox 3637 3108 3655 3140; x_wconf 76' lang='grc' dir='ltr'><strong>ι</strong></span> <span class='ocrx_word' id='word_1_462' title='bbox 3680 3089 3773 3142; x_wconf 86' lang='grc' dir='ltr'><strong>τοῦ</strong></span> <span class='ocrx_word' id='word_1_463' title='bbox 3793 3104 3881 3141; x_wconf 63' lang='lat' dir='ltr'><strong>u-</strong></span> 
     </span>
    </p>
   </div>
   <div class='ocr_carea' id='block_1_63' title="bbox 2312 3179 3878 3256">
    <p class='ocr_par' dir='ltr' id='par_1_63' title="bbox 2312 3179 3878 3256">
     <span class='ocr_line' id='line_1_63' title="bbox 2312 3179 3878 3256; baseline -0.003 -18"><span class='ocrx_word' id='word_1_464' title='bbox 2312 3228 2313 3231; x_wconf 57' lang='grc' dir='ltr'><strong>η</strong></span> <span class='ocrx_word' id='word_1_465' title='bbox 2338 3184 2653 3249; x_wconf 80' lang='grc' dir='ltr'>τατοξεῦσαι</span> <span class='ocrx_word' id='word_1_466' title='bbox 2686 3186 2743 3237; x_wconf 86' lang='grc' dir='ltr'>ὲν</span> <span class='ocrx_word' id='word_1_467' title='bbox 2764 3181 3104 3256; x_wconf 83' lang='grc' dir='ltr'>ἀποκρύφοις</span> <span class='ocrx_word' id='word_1_468' title='bbox 3132 3181 3351 3235; x_wconf 87' lang='grc' dir='ltr'>ἁπλοῦν.</span> <span class='ocrx_word' id='word_1_469' title='bbox 3394 3179 3651 3245; x_wconf 81' lang='grc' dir='ltr'>Ἐξάπινα</span> <span class='ocrx_word' id='word_1_470' title='bbox 3672 3197 3878 3234; x_wconf 73' lang='grc' dir='ltr'>κατατοο</span> 
     </span>
    </p>
   </div>
   <div class='ocr_carea' id='block_1_64' title="bbox 672 3271 2240 3370">
    <p class='ocr_par' dir='ltr' id='par_1_64' title="bbox 672 3271 2237 3370">
     <span class='ocr_line' id='line_1_64' title="bbox 672 3271 2237 3370; baseline -0.013 -12"><span class='ocrx_word' id='word_1_471' title='bbox 672 3271 741 3358; x_wconf 69' lang='grc' dir='ltr'><strong>λι</strong></span> <span class='ocrx_word' id='word_1_472' title='bbox 768 3301 891 3357; x_wconf 89' lang='lat' dir='ltr'><strong>vide</strong></span> <span class='ocrx_word' id='word_1_473' title='bbox 925 3314 1034 3370; x_wconf 90' lang='lat' dir='ltr'><strong>quo</strong></span> <span class='ocrx_word' id='word_1_474' title='bbox 1064 3271 1419 3370; x_wconf 36' lang='lat' dir='ltr'><strong>pactovdicat,</strong></span> <span class='ocrx_word' id='word_1_475' title='bbox 1448 3292 1784 3361; x_wconf 82' lang='lat' dir='ltr'><strong>sagittabunt</strong></span> <span class='ocrx_word' id='word_1_476' title='bbox 1831 3303 1977 3350; x_wconf 91' lang='lat' dir='ltr'><strong>eum,</strong></span> <span class='ocrx_word' id='word_1_477' title='bbox 2012 3300 2123 3339; x_wconf 89' lang='lat' dir='ltr'><strong>non</strong></span> <span class='ocrx_word' id='word_1_478' title='bbox 2152 3297 2237 3338; x_wconf 90' lang='lat' dir='ltr'><strong>me</strong></span> 
     </span>
    </p>
   </div>
   <div class='ocr_carea' id='block_1_65' title="bbox 2343 3271 3882 3370">
    <p class='ocr_par' dir='ltr' id='par_1_65' title="bbox 2343 3271 3882 3344">
     <span class='ocr_line' id='line_1_65' title="bbox 2343 3271 3882 3344; baseline -0.005 -13"><span class='ocrx_word' id='word_1_479' title='bbox 2343 3277 2616 3343; x_wconf 78' lang='grc' dir='ltr'>ξεύσουσιν</span> <span class='ocrx_word' id='word_1_480' title='bbox 2664 3275 2846 3339; x_wconf 81' lang='grc' dir='ltr'>αὐτὸν,</span> <span class='ocrx_word' id='word_1_481' title='bbox 2906 3272 3002 3326; x_wconf 76' lang='grc' dir='ltr'>καὶ</span> <span class='ocrx_word' id='word_1_482' title='bbox 3052 3272 3112 3325; x_wconf 83' lang='grc' dir='ltr'><strong>ού</strong></span> <span class='ocrx_word' id='word_1_483' title='bbox 3155 3271 3571 3344; x_wconf 77' lang='grc' dir='ltr'>φοϐηθήσονται.</span> <span class='ocrx_word' id='word_1_484' title='bbox 3617 3292 3634 3324; x_wconf 75' lang='grc' dir='ltr'><strong>ι</strong></span> <span class='ocrx_word' id='word_1_485' title='bbox 3671 3272 3778 3325; x_wconf 81' lang='lat' dir='ltr'><strong>Kal</strong></span> <span class='ocrx_word' id='word_1_486' title='bbox 3799 3272 3882 3340; x_wconf 80' lang='grc' dir='ltr'><strong>δρα</strong></span> 
     </span>
    </p>
   </div>
   <div class='ocr_carea' id='block_1_66' title="bbox 669 3378 2239 3470">
    <p class='ocr_par' dir='ltr' id='par_1_66' title="bbox 669 3378 2239 3470">
     <span class='ocr_line' id='line_1_66' title="bbox 669 3378 2239 3470; baseline -0.014 -20"><span class='ocrx_word' id='word_1_487' title='bbox 669 3395 765 3470; x_wconf 86' lang='lat' dir='ltr'><strong>qui</strong></span> <span class='ocrx_word' id='word_1_488' title='bbox 792 3393 922 3448; x_wconf 87' lang='lat' dir='ltr'><strong>talia</strong></span> <span class='ocrx_word' id='word_1_489' title='bbox 952 3391 1209 3464; x_wconf 79' lang='lat' dir='ltr'><strong>profero;</strong></span> <span class='ocrx_word' id='word_1_490' title='bbox 1239 3388 1340 3445; x_wconf 54' lang='lat' dir='ltr'><strong>&#39;sed</strong></span> <span class='ocrx_word' id='word_1_491' title='bbox 1372 3387 1696 3457; x_wconf 87' lang='lat' dir='ltr'><strong>simplicem,</strong></span> <span class='ocrx_word' id='word_1_492' title='bbox 1729 3383 1784 3439; x_wconf 89' lang='lat' dir='ltr'><strong>id</strong></span> <span class='ocrx_word' id='word_1_493' title='bbox 1825 3390 1908 3437; x_wconf 90' lang='lat' dir='ltr'><strong>est</strong></span> <span class='ocrx_word' id='word_1_494' title='bbox 1965 3378 2152 3434; x_wconf 91' lang='lat' dir='ltr'><strong>rudem</strong></span> <span class='ocrx_word' id='word_1_495' title='bbox 2184 3383 2239 3430; x_wconf 89' lang='lat' dir='ltr'><strong>et</strong></span> 
     </span>
    </p>
   </div>
   <div class='ocr_carea' id='block_1_67' title="bbox 673 3470 2236 3553">
    <p class='ocr_par' dir='ltr' id='par_1_67' title="bbox 673 3470 2236 3553">
     <span class='ocr_line' id='line_1_67' title="bbox 673 3470 2236 3553; baseline -0.01 -10"><span class='ocrx_word' id='word_1_496' title='bbox 673 3492 1040 3549; x_wconf 86' lang='lat' dir='ltr'><strong>innocentem.</strong></span> <span class='ocrx_word' id='word_1_497' title='bbox 1079 3492 1132 3540; x_wconf 90' lang='lat' dir='ltr'><strong>et</strong></span> <span class='ocrx_word' id='word_1_498' title='bbox 1183 3483 1361 3539; x_wconf 85' lang='lat' dir='ltr'><strong>adhuc</strong></span> <span class='ocrx_word' id='word_1_499' title='bbox 1397 3480 1706 3553; x_wconf 89' lang='lat' dir='ltr'><strong>parvulum,</strong></span> <span class='ocrx_word' id='word_1_500' title='bbox 1740 3485 1800 3531; x_wconf 90' lang='grc' dir='ltr'><strong>ιιι</strong></span> <span class='ocrx_word' id='word_1_501' title='bbox 1856 3475 1982 3545; x_wconf 89' lang='lat' dir='ltr'><strong>quis</strong></span> <span class='ocrx_word' id='word_1_502' title='bbox 2016 3470 2236 3528; x_wconf 83' lang='lat' dir='ltr'><strong>dixerit.</strong></span> 
     </span>
    </p>
   </div>
   <div class='ocr_carea' id='block_1_68' title="bbox 671 3563 2295 3646">
    <p class='ocr_par' dir='ltr' id='par_1_68' title="bbox 671 3563 2295 3646">
     <span class='ocr_line' id='line_1_68' title="bbox 671 3563 2295 3646; baseline -0.018 -7"><span class='ocrx_word' id='word_1_503' title='bbox 671 3599 737 3639; x_wconf 80' lang='lat' dir='ltr'><strong>cx</strong></span> <span class='ocrx_word' id='word_1_504' title='bbox 771 3596 959 3638; x_wconf 87' lang='lat' dir='ltr'><strong>eorum</strong></span> <span class='ocrx_word' id='word_1_505' title='bbox 985 3592 1214 3634; x_wconf 89' lang='lat' dir='ltr'><strong>numero</strong></span> <span class='ocrx_word' id='word_1_506' title='bbox 1242 3576 1309 3630; x_wconf 80' lang='lat' dir='ltr'><strong>de</strong></span> <span class='ocrx_word' id='word_1_507' title='bbox 1341 3576 1540 3646; x_wconf 88' lang='lat' dir='ltr'><strong>quibus</strong></span> <span class='ocrx_word' id='word_1_508' title='bbox 1570 3571 1830 3627; x_wconf 87' lang='lat' dir='ltr'><strong>Servator</strong></span> <span class='ocrx_word' id='word_1_509' title='bbox 1859 3567 1977 3620; x_wconf 63' lang='lat' dir='ltr'><strong>haec</strong></span> <span class='ocrx_word' id='word_1_510' title='bbox 2006 3563 2191 3617; x_wconf 88' lang='lat' dir='ltr'><strong>docuit</strong></span> <span class='ocrx_word' id='word_1_511' title='bbox 2222 3576 2234 3611; x_wconf 94' lang='lat'><strong>:</strong></span> <span class='ocrx_word' id='word_1_512' title='bbox 2293 3606 2295 3608; x_wconf 90' lang='lat'><strong>.</strong></span> 
     </span>
    </p>
   </div>
   <div class='ocr_carea' id='block_1_69' title="bbox 677 3650 2238 3732">
    <p class='ocr_par' dir='ltr' id='par_1_69' title="bbox 677 3650 2238 3732">
     <span class='ocr_line' id='line_1_69' title="bbox 677 3650 2238 3732; baseline -0.015 -7"><span class='ocrx_word' id='word_1_513' title='bbox 677 3690 697 3725; x_wconf 77' lang='grc' dir='ltr'><strong>ι</strong></span> <span class='ocrx_word' id='word_1_514' title='bbox 725 3669 804 3725; x_wconf 84' lang='lat' dir='ltr'><strong>Ne</strong></span> <span class='ocrx_word' id='word_1_515' title='bbox 836 3667 1198 3725; x_wconf 88' lang='lat' dir='ltr'><strong>contemnatis</strong></span> <span class='ocrx_word' id='word_1_516' title='bbox 1228 3679 1395 3719; x_wconf 91' lang='lat' dir='ltr'><strong>unum</strong></span> <span class='ocrx_word' id='word_1_517' title='bbox 1441 3679 1508 3717; x_wconf 90' lang='lat' dir='ltr'><strong>ex</strong></span> <span class='ocrx_word' id='word_1_518' title='bbox 1540 3660 1753 3732; x_wconf 89' lang='lat' dir='ltr'><strong>pusillis</strong></span> <span class='ocrx_word' id='word_1_519' title='bbox 1786 3657 1879 3727; x_wconf 93' lang='lat' dir='ltr'><strong>qui</strong></span> <span class='ocrx_word' id='word_1_520' title='bbox 1903 3661 2029 3711; x_wconf 91' lang='lat' dir='ltr'><strong>sunt</strong></span> <span class='ocrx_word' id='word_1_521' title='bbox 2052 3654 2105 3706; x_wconf 92' lang='lat' dir='ltr'><strong>in</strong></span> <span class='ocrx_word' id='word_1_522' title='bbox 2134 3650 2238 3704; x_wconf 82' lang='lat' dir='ltr'><strong>Ee-</strong></span> 
     </span>
    </p>
   </div>
   <div class='ocr_carea' id='block_1_70' title="bbox 672 3746 2237 3825">
    <p class='ocr_par' dir='ltr' id='par_1_70' title="bbox 672 3746 2237 3825">
     <span class='ocr_line' id='line_1_70' title="bbox 672 3746 2237 3825; baseline -0.016 -6"><span class='ocrx_word' id='word_1_523' title='bbox 672 3763 839 3819; x_wconf 88' lang='lat' dir='ltr'><strong>clesia</strong></span> <span class='ocrx_word' id='word_1_524' title='bbox 867 3776 986 3816; x_wconf 90' lang='lat' dir='ltr'><strong>mea</strong></span> <span class='ocrx_word' id='word_1_525' title='bbox 1015 3762 1070 3825; x_wconf 86' lang='lat'><strong>&quot;;</strong></span> <span class='ocrx_word' id='word_1_526' title='bbox 1102 3779 1120 3811; x_wconf 76' lang='grc' dir='ltr'><strong>ι</strong></span> <span class='ocrx_word' id='word_1_527' title='bbox 1147 3766 1202 3813; x_wconf 90' lang='lat' dir='ltr'><strong>et</strong></span> <span class='ocrx_word' id='word_1_528' title='bbox 1234 3774 1245 3809; x_wconf 90' lang='lat'><strong>:</strong></span> <span class='ocrx_word' id='word_1_529' title='bbox 1279 3774 1297 3806; x_wconf 78' lang='grc' dir='ltr'><strong>ι</strong></span> <span class='ocrx_word' id='word_1_530' title='bbox 1344 3755 1400 3811; x_wconf 91' lang='lat' dir='ltr'><strong>Si</strong></span> <span class='ocrx_word' id='word_1_531' title='bbox 1430 3755 1555 3824; x_wconf 88' lang='lat' dir='ltr'><strong>quis</strong></span> <span class='ocrx_word' id='word_1_532' title='bbox 1596 3746 2046 3807; x_wconf 85' lang='lat' dir='ltr'><strong>scandalizaverit</strong></span> <span class='ocrx_word' id='word_1_533' title='bbox 2070 3756 2237 3798; x_wconf 89' lang='lat' dir='ltr'><strong>unum</strong></span> 
     </span>
    </p>
   </div>
   <div class='ocr_carea' id='block_1_71' title="bbox 671 3836 2234 3926">
    <p class='ocr_par' dir='ltr' id='par_1_71' title="bbox 671 3836 2234 3926">
     <span class='ocr_line' id='line_1_71' title="bbox 671 3836 2234 3926; baseline -0.015 -15"><span class='ocrx_word' id='word_1_534' title='bbox 671 3855 999 3926; x_wconf 82' lang='lat' dir='ltr'><strong>expusillis.</strong></span> <span class='ocrx_word' id='word_1_535' title='bbox 1051 3850 1268 3921; x_wconf 88' lang='lat' dir='ltr'><strong>expedit</strong></span> <span class='ocrx_word' id='word_1_536' title='bbox 1297 3849 1346 3903; x_wconf 86' lang='lat' dir='ltr'><strong>ei</strong></span> <span class='ocrx_word' id='word_1_537' title='bbox 1398 3856 1458 3902; x_wconf 90' lang='lat' dir='ltr'><strong>ut</strong></span> <span class='ocrx_word' id='word_1_538' title='bbox 1501 3847 1851 3916; x_wconf 86' lang='lat' dir='ltr'><strong>demergatur</strong></span> <span class='ocrx_word' id='word_1_539' title='bbox 1877 3842 1931 3895; x_wconf 89' lang='lat' dir='ltr'><strong>in</strong></span> <span class='ocrx_word' id='word_1_540' title='bbox 1966 3852 2114 3893; x_wconf 85' lang='lat' dir='ltr'><strong>mare</strong></span> <span class='ocrx_word' id='word_1_541' title='bbox 2139 3836 2181 3889; x_wconf 87' lang='grc'><strong>⁸.</strong></span> <span class='ocrx_word' id='word_1_542' title='bbox 2216 3853 2234 3885; x_wconf 75' lang='grc' dir='ltr'><strong>ι</strong></span> 
     </span>
    </p>
   </div>
   <div class='ocr_carea' id='block_1_72' title="bbox 670 3925 2239 4017">
    <p class='ocr_par' dir='ltr' id='par_1_72' title="bbox 670 3925 2239 4017">
     <span class='ocr_line' id='line_1_72' title="bbox 670 3925 2239 4017; baseline -0.015 -15"><span class='ocrx_word' id='word_1_543' title='bbox 670 3925 858 4017; x_wconf 57' lang='lat' dir='ltr'><strong>Nerine</strong></span> <span class='ocrx_word' id='word_1_544' title='bbox 898 3945 1041 3999; x_wconf 88' lang='lat' dir='ltr'><strong>enim</strong></span> <span class='ocrx_word' id='word_1_545' title='bbox 1094 3942 1182 3996; x_wconf 88' lang='lat' dir='ltr'><strong>hic</strong></span> <span class='ocrx_word' id='word_1_546' title='bbox 1236 3955 1488 4011; x_wconf 73' lang='lat' dir='ltr'><strong>magnum</strong></span> <span class='ocrx_word' id='word_1_547' title='bbox 1549 3936 1823 3993; x_wconf 86' lang='lat' dir='ltr'><strong>hominem</strong></span> <span class='ocrx_word' id='word_1_548' title='bbox 1877 3925 2239 3988; x_wconf 84' lang='lat' dir='ltr'><strong>scandalizari</strong></span> 
     </span>
    </p>
   </div>
   <div class='ocr_carea' id='block_1_73' title="bbox 676 4019 2239 4101">
    <p class='ocr_par' dir='ltr' id='par_1_73' title="bbox 676 4019 2239 4101">
     <span class='ocr_line' id='line_1_73' title="bbox 676 4019 2239 4101; baseline -0.014 -7"><span class='ocrx_word' id='word_1_549' title='bbox 676 4034 1187 4095; x_wconf 74' lang='lat' dir='ltr'><strong>Servator&#39;induCit,</strong></span> <span class='ocrx_word' id='word_1_550' title='bbox 1230 4032 1322 4088; x_wconf 89' lang='lat' dir='ltr'><strong>sed</strong></span> <span class='ocrx_word' id='word_1_551' title='bbox 1343 4035 1506 4097; x_wconf 87' lang='lat' dir='ltr'><strong>&#39;cum,</strong></span> <span class='ocrx_word' id='word_1_552' title='bbox 1562 4030 1655 4101; x_wconf 89' lang='lat' dir='ltr'><strong>qui</strong></span> <span class='ocrx_word' id='word_1_553' title='bbox 1717 4028 1768 4081; x_wconf 91' lang='lat' dir='ltr'><strong>in</strong></span> <span class='ocrx_word' id='word_1_554' title='bbox 1797 4024 2043 4081; x_wconf 80' lang='lat' dir='ltr'><strong>Ecclesia</strong></span> <span class='ocrx_word' id='word_1_555' title='bbox 2078 4019 2239 4092; x_wconf 86' lang='lat' dir='ltr'><strong>pusil-</strong></span> 
     </span>
    </p>
   </div>
   <div class='ocr_carea' id='block_1_74' title="bbox 676 4115 2240 4193">
    <p class='ocr_par' dir='ltr' id='par_1_74' title="bbox 676 4115 2240 4193">
     <span class='ocr_line' id='line_1_74' title="bbox 676 4115 2240 4193; baseline -0.013 -8"><span class='ocrx_word' id='word_1_556' title='bbox 676 4130 763 4185; x_wconf 87' lang='lat' dir='ltr'><strong>lus</strong></span> <span class='ocrx_word' id='word_1_557' title='bbox 789 4129 894 4193; x_wconf 83' lang='lat' dir='ltr'><strong>sit;</strong></span> <span class='ocrx_word' id='word_1_558' title='bbox 932 4126 1113 4181; x_wconf 86' lang='lat' dir='ltr'><strong>uthoc</strong></span> <span class='ocrx_word' id='word_1_559' title='bbox 1136 4127 1189 4179; x_wconf 90' lang='lat' dir='ltr'><strong>in</strong></span> <span class='ocrx_word' id='word_1_560' title='bbox 1220 4125 1341 4180; x_wconf 84' lang='lat' dir='ltr'><strong>loco</strong></span> <span class='ocrx_word' id='word_1_561' title='bbox 1383 4122 1682 4192; x_wconf 89' lang='lat' dir='ltr'><strong>simplicem</strong></span> <span class='ocrx_word' id='word_1_562' title='bbox 1713 4119 1867 4174; x_wconf 90' lang='lat' dir='ltr'><strong>dicit.</strong></span> <span class='ocrx_word' id='word_1_563' title='bbox 1910 4115 2122 4169; x_wconf 79' lang='lat' dir='ltr'><strong>inimici</strong></span> <span class='ocrx_word' id='word_1_564' title='bbox 2149 4127 2240 4167; x_wconf 81' lang='lat' dir='ltr'><strong>er-</strong></span> 
     </span>
    </p>
   </div>
   <div class='ocr_carea' id='block_1_75' title="bbox 675 4198 2243 4294">
    <p class='ocr_par' dir='ltr' id='par_1_75' title="bbox 675 4198 2243 4294">
     <span class='ocr_line' id='line_1_75' title="bbox 675 4198 2243 4294; baseline -0.014 -16"><span class='ocrx_word' id='word_1_565' title='bbox 675 4239 743 4294; x_wconf 74' lang='lat' dir='ltr'><strong>go</strong></span> <span class='ocrx_word' id='word_1_566' title='bbox 772 4236 997 4290; x_wconf 86' lang='lat' dir='ltr'><strong>magnos</strong></span> <span class='ocrx_word' id='word_1_567' title='bbox 1027 4227 1079 4273; x_wconf 88' lang='lat' dir='ltr'><strong>et</strong></span> <span class='ocrx_word' id='word_1_568' title='bbox 1111 4219 1205 4289; x_wconf 90' lang='lat' dir='ltr'><strong>qui</strong></span> <span class='ocrx_word' id='word_1_569' title='bbox 1228 4215 1371 4286; x_wconf 90' lang='lat' dir='ltr'><strong>apud</strong></span> <span class='ocrx_word' id='word_1_570' title='bbox 1417 4213 1586 4267; x_wconf 86' lang='lat' dir='ltr'><strong>Deum</strong></span> <span class='ocrx_word' id='word_1_571' title='bbox 1618 4212 1896 4282; x_wconf 85' lang='lat' dir='ltr'><strong>sapientes</strong></span> <span class='ocrx_word' id='word_1_572' title='bbox 1932 4198 2082 4272; x_wconf 89' lang='lat' dir='ltr'><strong>sunt,</strong></span> <span class='ocrx_word' id='word_1_573' title='bbox 2112 4203 2243 4257; x_wconf 79' lang='lat' dir='ltr'><strong>ado~</strong></span> 
     </span>
    </p>
   </div>
   <div class='ocr_carea' id='block_1_76' title="bbox 674 4295 2243 4374">
    <p class='ocr_par' dir='ltr' id='par_1_76' title="bbox 674 4295 2243 4374">
     <span class='ocr_line' id='line_1_76' title="bbox 674 4295 2243 4374; baseline -0.015 -5"><span class='ocrx_word' id='word_1_574' title='bbox 674 4315 773 4368; x_wconf 85' lang='lat' dir='ltr'><strong>riri</strong></span> <span class='ocrx_word' id='word_1_575' title='bbox 805 4328 911 4367; x_wconf 90' lang='lat' dir='ltr'><strong>non</strong></span> <span class='ocrx_word' id='word_1_576' title='bbox 939 4311 1172 4368; x_wconf 84' lang='lat' dir='ltr'><strong>audent,</strong></span> <span class='ocrx_word' id='word_1_577' title='bbox 1216 4306 1310 4362; x_wconf 86' lang='lat' dir='ltr'><strong>sed</strong></span> <span class='ocrx_word' id='word_1_578' title='bbox 1343 4303 1619 4374; x_wconf 87' lang='lat' dir='ltr'><strong>simplices</strong></span> <span class='ocrx_word' id='word_1_579' title='bbox 1651 4306 1704 4354; x_wconf 91' lang='lat' dir='ltr'><strong>et</strong></span> <span class='ocrx_word' id='word_1_580' title='bbox 1730 4299 2045 4351; x_wconf 78' lang='lat' dir='ltr'><strong>innocentes</strong></span> <span class='ocrx_word' id='word_1_581' title='bbox 2070 4295 2243 4347; x_wconf 84' lang='lat' dir='ltr'><strong>maxi—</strong></span> 
     </span>
    </p>
   </div>
   <div class='ocr_carea' id='block_1_77' title="bbox 678 4385 2242 4464">
    <p class='ocr_par' dir='ltr' id='par_1_77' title="bbox 678 4385 2242 4464">
     <span class='ocr_line' id='line_1_77' title="bbox 678 4385 2242 4464; baseline -0.014 -5"><span class='ocrx_word' id='word_1_582' title='bbox 678 4422 761 4461; x_wconf 79' lang='lat' dir='ltr'><strong>me</strong></span> <span class='ocrx_word' id='word_1_583' title='bbox 778 4412 1069 4460; x_wconf 73' lang='lat' dir='ltr'><strong>venantur.</strong></span> <span class='ocrx_word' id='word_1_584' title='bbox 1101 4398 1466 4464; x_wconf 82' lang='lat' dir='ltr'><strong>Quamobrem</strong></span> <span class='ocrx_word' id='word_1_585' title='bbox 1498 4390 1667 4445; x_wconf 81' lang='lat' dir='ltr'><strong>David</strong></span> <span class='ocrx_word' id='word_1_586' title='bbox 1691 4405 1815 4444; x_wconf 87' lang='lat' dir='ltr'><strong>cum</strong></span> <span class='ocrx_word' id='word_1_587' title='bbox 1840 4385 2092 4441; x_wconf 86' lang='lat' dir='ltr'><strong>inimicos</strong></span> <span class='ocrx_word' id='word_1_588' title='bbox 2128 4399 2242 4438; x_wconf 88' lang='lat' dir='ltr'><strong>me-</strong></span> 
     </span>
    </p>
   </div>
   <div class='ocr_carea' id='block_1_78' title="bbox 678 4477 2243 4560">
    <p class='ocr_par' dir='ltr' id='par_1_78' title="bbox 678 4477 2243 4560">
     <span class='ocr_line' id='line_1_78' title="bbox 678 4477 2243 4560; baseline -0.015 -10"><span class='ocrx_word' id='word_1_589' title='bbox 678 4504 964 4553; x_wconf 75' lang='lat' dir='ltr'><strong>morasset.</strong></span> <span class='ocrx_word' id='word_1_590' title='bbox 1027 4493 1094 4546; x_wconf 86' lang='lat' dir='ltr'><strong>ad</strong></span> <span class='ocrx_word' id='word_1_591' title='bbox 1161 4505 1299 4560; x_wconf 88' lang='lat' dir='ltr'><strong>quos</strong></span> <span class='ocrx_word' id='word_1_592' title='bbox 1358 4483 1666 4557; x_wconf 51' lang='lat' dir='ltr'><strong>praescirtim</strong></span> <span class='ocrx_word' id='word_1_593' title='bbox 1731 4482 1970 4549; x_wconf 88' lang='lat' dir='ltr'><strong>irrepere</strong></span> <span class='ocrx_word' id='word_1_594' title='bbox 2031 4477 2243 4531; x_wconf 63' lang='lat' dir='ltr'><strong>soleant</strong></span> 
     </span>
    </p>
   </div>
   <div class='ocr_carea' id='block_1_79' title="bbox 673 4588 988 4645">
    <p class='ocr_par' dir='ltr' id='par_1_79' title="bbox 673 4588 988 4645">
     <span class='ocr_line' id='line_1_79' title="bbox 673 4588 988 4645; baseline -0.025 0"><span class='ocrx_word' id='word_1_595' title='bbox 673 4588 988 4645; x_wconf 79' lang='lat' dir='ltr'><strong>declaravit.</strong></span> 
     </span>
    </p>
   </div>
   <div class='ocr_carea' id='block_1_80' title="bbox 2341 3360 3880 3439">
    <p class='ocr_par' dir='ltr' id='par_1_80' title="bbox 2341 3360 3880 3439">
     <span class='ocr_line' id='line_1_80' title="bbox 2341 3360 3880 3439; baseline -0.005 -18"><span class='ocrx_word' id='word_1_596' title='bbox 2341 3367 2463 3421; x_wconf 86' lang='grc' dir='ltr'>τίνα</span> <span class='ocrx_word' id='word_1_597' title='bbox 2507 3366 2709 3439; x_wconf 88' lang='grc' dir='ltr'>τρόπον</span> <span class='ocrx_word' id='word_1_598' title='bbox 2764 3360 3247 3427; x_wconf 78' lang='grc' dir='ltr'>κατατοξεύσουσιν</span> <span class='ocrx_word' id='word_1_599' title='bbox 3276 3362 3432 3430; x_wconf 76' lang='grc' dir='ltr'>αὐτόν</span> <span class='ocrx_word' id='word_1_600' title='bbox 3459 3379 3643 3433; x_wconf 79' lang='grc' dir='ltr'>φησιν,</span> <span class='ocrx_word' id='word_1_601' title='bbox 3671 3362 3779 3415; x_wconf 82' lang='grc' dir='ltr'>ἀλλ’</span> <span class='ocrx_word' id='word_1_602' title='bbox 3802 3361 3880 3413; x_wconf 65' lang='grc' dir='ltr'>οὐκ</span> 
     </span>
    </p>
   </div>
   <div class='ocr_carea' id='block_1_81' title="bbox 2341 3453 3880 3531">
    <p class='ocr_par' dir='ltr' id='par_1_81' title="bbox 2341 3453 3880 3531">
     <span class='ocr_line' id='line_1_81' title="bbox 2341 3453 3880 3531; baseline -0.007 -18"><span class='ocrx_word' id='word_1_603' title='bbox 2341 3461 2440 3531; x_wconf 78' lang='grc' dir='ltr'>ἐμὲ</span> <span class='ocrx_word' id='word_1_604' title='bbox 2466 3459 2557 3512; x_wconf 82' lang='grc' dir='ltr'><strong>τὸν</strong></span> <span class='ocrx_word' id='word_1_605' title='bbox 2587 3457 2757 3511; x_wconf 87' lang='grc' dir='ltr'>ταῦτα</span> <span class='ocrx_word' id='word_1_606' title='bbox 2786 3456 3008 3525; x_wconf 82' lang='grc' dir='ltr'>λέγοντα</span> <span class='ocrx_word' id='word_1_607' title='bbox 3031 3472 3045 3486; x_wconf 78' lang='grc'><em>’</em></span> <span class='ocrx_word' id='word_1_608' title='bbox 3087 3455 3178 3508; x_wconf 82' lang='grc' dir='ltr'><strong>τὸν</strong></span> <span class='ocrx_word' id='word_1_609' title='bbox 3215 3454 3272 3508; x_wconf 85' lang='grc' dir='ltr'>δὲ</span> <span class='ocrx_word' id='word_1_610' title='bbox 3298 3453 3522 3516; x_wconf 83' lang='grc' dir='ltr'>ἁπλοῦν,</span> <span class='ocrx_word' id='word_1_611' title='bbox 3550 3456 3787 3508; x_wconf 82' lang='grc' dir='ltr'>τουτέστι</span> <span class='ocrx_word' id='word_1_612' title='bbox 3810 3454 3880 3505; x_wconf 71' lang='grc' dir='ltr'><strong>τὸν</strong></span> 
     </span>
    </p>
   </div>
   <div class='ocr_carea' id='block_1_82' title="bbox 2342 3544 3878 3621">
    <p class='ocr_par' dir='ltr' id='par_1_82' title="bbox 2342 3544 3878 3621">
     <span class='ocr_line' id='line_1_82' title="bbox 2342 3544 3878 3621; baseline -0.006 -16"><span class='ocrx_word' id='word_1_613' title='bbox 2342 3550 2515 3621; x_wconf 82' lang='grc' dir='ltr'>ἀφελῆ</span> <span class='ocrx_word' id='word_1_614' title='bbox 2540 3550 2634 3603; x_wconf 75' lang='grc' dir='ltr'><strong>καὶ</strong></span> <span class='ocrx_word' id='word_1_615' title='bbox 2660 3549 2915 3620; x_wconf 78' lang='grc' dir='ltr'>ἀκέραιον</span> <span class='ocrx_word' id='word_1_616' title='bbox 2938 3589 2952 3613; x_wconf 92' lang='grc'><strong>,</strong></span> <span class='ocrx_word' id='word_1_617' title='bbox 2988 3548 3081 3601; x_wconf 79' lang='grc' dir='ltr'>καὶ</span> <span class='ocrx_word' id='word_1_618' title='bbox 3104 3546 3183 3600; x_wconf 78' lang='grc' dir='ltr'>ἔτι</span> <span class='ocrx_word' id='word_1_619' title='bbox 3208 3546 3418 3617; x_wconf 85' lang='grc' dir='ltr'>μικρὸν,</span> <span class='ocrx_word' id='word_1_620' title='bbox 3453 3544 3602 3609; x_wconf 82' lang='grc' dir='ltr'>ὼςᾶν</span> <span class='ocrx_word' id='word_1_621' title='bbox 3630 3545 3772 3601; x_wconf 69' lang='lat' dir='ltr'><strong>clm:</strong></span> <span class='ocrx_word' id='word_1_622' title='bbox 3796 3562 3878 3606; x_wconf 77' lang='grc' dir='ltr'>τις,</span> 
     </span>
    </p>
   </div>
   <div class='ocr_carea' id='block_1_83' title="bbox 2345 3632 3873 3709">
    <p class='ocr_par' dir='ltr' id='par_1_83' title="bbox 2345 3632 3873 3709">
     <span class='ocr_line' id='line_1_83' title="bbox 2345 3632 3873 3709; baseline -0.005 -15"><span class='ocrx_word' id='word_1_623' title='bbox 2345 3642 2404 3705; x_wconf 76' lang='grc' dir='ltr'>ἐξ</span> <span class='ocrx_word' id='word_1_624' title='bbox 2459 3642 2683 3695; x_wconf 73' lang='grc' dir='ltr'>ἐκείνων</span> <span class='ocrx_word' id='word_1_625' title='bbox 2730 3641 2859 3694; x_wconf 78' lang='grc' dir='ltr'>ὄντα</span> <span class='ocrx_word' id='word_1_626' title='bbox 2886 3641 3013 3709; x_wconf 76' lang='grc' dir='ltr'>περὶ</span> <span class='ocrx_word' id='word_1_627' title='bbox 3040 3632 3115 3691; x_wconf 83' lang='grc' dir='ltr'>ὧν</span> <span class='ocrx_word' id='word_1_628' title='bbox 3147 3640 3175 3691; x_wconf 89' lang='grc' dir='ltr'>ὁ</span> <span class='ocrx_word' id='word_1_629' title='bbox 3199 3636 3387 3709; x_wconf 81' lang='grc' dir='ltr'>Σωτὴρ</span> <span class='ocrx_word' id='word_1_630' title='bbox 3418 3637 3659 3691; x_wconf 77' lang='grc' dir='ltr'>ἐδίδασκε</span> <span class='ocrx_word' id='word_1_631' title='bbox 3690 3636 3873 3704; x_wconf 78' lang='grc' dir='ltr'>λέγων’</span> 
     </span>
    </p>
   </div>
   <div class='ocr_carea' id='block_1_84' title="bbox 2349 3729 3879 3803">
    <p class='ocr_par' dir='ltr' id='par_1_84' title="bbox 2349 3729 3879 3803">
     <span class='ocr_line' id='line_1_84' title="bbox 2349 3729 3879 3803; baseline -0.002 -18"><span class='ocrx_word' id='word_1_632' title='bbox 2349 3751 2367 3785; x_wconf 79' lang='grc' dir='ltr'><strong>ι</strong></span> <span class='ocrx_word' id='word_1_633' title='bbox 2396 3732 2487 3803; x_wconf 78' lang='grc' dir='ltr'><strong>Μὴ</strong></span> <span class='ocrx_word' id='word_1_634' title='bbox 2534 3734 2986 3802; x_wconf 76' lang='grc' dir='ltr'>καταφρονήσητε</span> <span class='ocrx_word' id='word_1_635' title='bbox 3040 3729 3156 3794; x_wconf 80' lang='grc' dir='ltr'>ἑνὸς</span> <span class='ocrx_word' id='word_1_636' title='bbox 3206 3730 3313 3784; x_wconf 85' lang='grc' dir='ltr'><strong>τῶν</strong></span> <span class='ocrx_word' id='word_1_637' title='bbox 3362 3729 3573 3801; x_wconf 85' lang='grc' dir='ltr'>μικρῶν</span> <span class='ocrx_word' id='word_1_638' title='bbox 3603 3729 3797 3790; x_wconf 79' lang='grc' dir='ltr'>,τῶνὲν</span> <span class='ocrx_word' id='word_1_639' title='bbox 3828 3729 3879 3796; x_wconf 75' lang='grc' dir='ltr'>τῇ</span> 
     </span>
    </p>
   </div>
   <div class='ocr_carea' id='block_1_85' title="bbox 2356 3816 3881 3894">
    <p class='ocr_par' dir='ltr' id='par_1_85' title="bbox 2356 3816 3881 3894">
     <span class='ocr_line' id='line_1_85' title="bbox 2356 3816 3881 3894; baseline -0.004 -17"><span class='ocrx_word' id='word_1_640' title='bbox 2356 3822 2649 3894; x_wconf 68' lang='grc' dir='ltr'>Ἐκκλησία</span> <span class='ocrx_word' id='word_1_641' title='bbox 2665 3838 2783 3893; x_wconf 89' lang='grc' dir='ltr'>μου·</span> <span class='ocrx_word' id='word_1_642' title='bbox 2813 3841 2831 3872; x_wconf 73' lang='grc' dir='ltr'><strong>ι</strong></span> <span class='ocrx_word' id='word_1_643' title='bbox 2853 3822 2964 3883; x_wconf 77' lang='grc' dir='ltr'>καὶ,</span> <span class='ocrx_word' id='word_1_644' title='bbox 2989 3842 3006 3871; x_wconf 83' lang='grc' dir='ltr'><strong>ι</strong></span> <span class='ocrx_word' id='word_1_645' title='bbox 3034 3822 3219 3885; x_wconf 85' lang='grc' dir='ltr'>Ὅστις</span> <span class='ocrx_word' id='word_1_646' title='bbox 3233 3821 3325 3876; x_wconf 65' lang='lat' dir='ltr'><strong>eam</strong></span> <span class='ocrx_word' id='word_1_647' title='bbox 3352 3820 3675 3893; x_wconf 74' lang='grc' dir='ltr'>σκανδαλίσῃ</span> <span class='ocrx_word' id='word_1_648' title='bbox 3689 3822 3778 3873; x_wconf 74' lang='grc' dir='ltr'>ἕνα</span> <span class='ocrx_word' id='word_1_649' title='bbox 3795 3816 3881 3871; x_wconf 76' lang='grc' dir='ltr'>τῶν</span> 
     </span>
    </p>
   </div>
   <div class='ocr_carea' id='block_1_86' title="bbox 2348 3910 3876 3986">
    <p class='ocr_par' dir='ltr' id='par_1_86' title="bbox 2348 3910 3876 3986">
     <span class='ocr_line' id='line_1_86' title="bbox 2348 3910 3876 3986; baseline -0.007 -18"><span class='ocrx_word' id='word_1_650' title='bbox 2348 3913 2578 3986; x_wconf 85' lang='grc' dir='ltr'>μικρῶν,</span> <span class='ocrx_word' id='word_1_651' title='bbox 2605 3912 2870 3984; x_wconf 84' lang='grc' dir='ltr'>συμφέρει</span> <span class='ocrx_word' id='word_1_652' title='bbox 2891 3910 3038 3982; x_wconf 82' lang='grc' dir='ltr'>αὐτῷ</span> <span class='ocrx_word' id='word_1_653' title='bbox 3073 3910 3327 3981; x_wconf 77' lang='grc' dir='ltr'>βληθῆναι</span> <span class='ocrx_word' id='word_1_654' title='bbox 3344 3913 3431 3974; x_wconf 73' lang='grc' dir='ltr'><strong>εἰς</strong></span> <span class='ocrx_word' id='word_1_655' title='bbox 3455 3911 3552 3984; x_wconf 83' lang='grc' dir='ltr'><strong>τὴν</strong></span> <span class='ocrx_word' id='word_1_656' title='bbox 3574 3912 3876 3966; x_wconf 76' lang='grc' dir='ltr'>θάλασσαν.»</span> 
     </span>
    </p>
   </div>
   <div class='ocr_carea' id='block_1_87' title="bbox 2345 4002 3877 4076">
    <p class='ocr_par' dir='ltr' id='par_1_87' title="bbox 2345 4002 3877 4076">
     <span class='ocr_line' id='line_1_87' title="bbox 2345 4002 3877 4076; baseline -0.006 -14"><span class='ocrx_word' id='word_1_657' title='bbox 2345 4006 2832 4076; x_wconf 80' lang='grc' dir='ltr'>Σκανδαλιζόμενον</span> <span class='ocrx_word' id='word_1_658' title='bbox 2870 4005 2977 4076; x_wconf 70' lang='grc' dir='ltr'>γὰρ</span> <span class='ocrx_word' id='word_1_659' title='bbox 3011 4006 3169 4058; x_wconf 86' lang='grc' dir='ltr'>κάκεῖ</span> <span class='ocrx_word' id='word_1_660' title='bbox 3193 4006 3221 4057; x_wconf 92' lang='lat'><strong>6</strong></span> <span class='ocrx_word' id='word_1_661' title='bbox 3246 4003 3434 4075; x_wconf 83' lang='grc' dir='ltr'>Σωτὴρ</span> <span class='ocrx_word' id='word_1_662' title='bbox 3462 4004 3521 4056; x_wconf 82' lang='grc' dir='ltr'>οὐ</span> <span class='ocrx_word' id='word_1_663' title='bbox 3556 4004 3722 4075; x_wconf 86' lang='grc' dir='ltr'>μέγαν</span> <span class='ocrx_word' id='word_1_664' title='bbox 3756 4002 3877 4055; x_wconf 59' lang='lat' dir='ltr'><strong>elui</strong></span> 
     </span>
    </p>
   </div>
   <div class='ocr_carea' id='block_1_88' title="bbox 2345 4092 3878 4171">
    <p class='ocr_par' dir='ltr' id='par_1_88' title="bbox 2345 4092 3878 4171">
     <span class='ocr_line' id='line_1_88' title="bbox 2345 4092 3878 4171; baseline -0.006 -17"><span class='ocrx_word' id='word_1_665' title='bbox 2345 4117 2451 4169; x_wconf 87' lang='grc' dir='ltr'>γει,</span> <span class='ocrx_word' id='word_1_666' title='bbox 2474 4099 2609 4154; x_wconf 82' lang='grc' dir='ltr'><strong>ἀλλά</strong></span> <span class='ocrx_word' id='word_1_667' title='bbox 2631 4100 2719 4168; x_wconf 63' lang='grc' dir='ltr'>τῂν</span> <span class='ocrx_word' id='word_1_668' title='bbox 2741 4092 2878 4171; x_wconf 67' lang='grc' dir='ltr'><strong>’ὲντῇ</strong></span> <span class='ocrx_word' id='word_1_669' title='bbox 2918 4097 3212 4170; x_wconf 77' lang='grc' dir='ltr'>Ἐκκλησία</span> <span class='ocrx_word' id='word_1_670' title='bbox 3240 4096 3451 4168; x_wconf 77' lang='grc' dir='ltr'>μικρὸν,</span> <span class='ocrx_word' id='word_1_671' title='bbox 3476 4094 3658 4167; x_wconf 83' lang='grc' dir='ltr'>ὥσπερ</span> <span class='ocrx_word' id='word_1_672' title='bbox 3676 4092 3878 4147; x_wconf 63' lang='grc' dir='ltr'>ἐνταῦθα</span> 
     </span>
    </p>
   </div>
   <div class='ocr_carea' id='block_1_89' title="bbox 2344 4174 3877 4261">
    <p class='ocr_par' dir='ltr' id='par_1_89' title="bbox 2344 4174 3877 4261">
     <span class='ocr_line' id='line_1_89' title="bbox 2344 4174 3877 4261; baseline -0.007 -17"><span class='ocrx_word' id='word_1_673' title='bbox 2344 4191 2435 4244; x_wconf 80' lang='grc' dir='ltr'><strong>τὸν</strong></span> <span class='ocrx_word' id='word_1_674' title='bbox 2460 4189 2680 4244; x_wconf 79' lang='grc' dir='ltr'>ἁπλοῦν.</span> <span class='ocrx_word' id='word_1_675' title='bbox 2717 4190 2782 4246; x_wconf 81' lang='grc' dir='ltr'><strong>Οἱ</strong></span> <span class='ocrx_word' id='word_1_676' title='bbox 2813 4190 2987 4243; x_wconf 74' lang='grc' dir='ltr'>τοίνυν</span> <span class='ocrx_word' id='word_1_677' title='bbox 3009 4187 3191 4261; x_wconf 78' lang='grc' dir='ltr'>ἐχθροὶ</span> <span class='ocrx_word' id='word_1_678' title='bbox 3214 4174 3340 4241; x_wconf 81' lang='grc' dir='ltr'>οὐδὲ</span> <span class='ocrx_word' id='word_1_679' title='bbox 3366 4185 3608 4257; x_wconf 83' lang='grc' dir='ltr'>τολμῶσι</span> <span class='ocrx_word' id='word_1_680' title='bbox 3636 4184 3877 4255; x_wconf 68' lang='grc' dir='ltr'>προσιέναι</span> 
     </span>
    </p>
   </div>
   <div class='ocr_carea' id='block_1_90' title="bbox 2344 4271 3876 4351">
    <p class='ocr_par' dir='ltr' id='par_1_90' title="bbox 2344 4271 3876 4351">
     <span class='ocr_line' id='line_1_90' title="bbox 2344 4271 3876 4351; baseline -0.008 -16"><span class='ocrx_word' id='word_1_681' title='bbox 2344 4285 2458 4346; x_wconf 85' lang='grc' dir='ltr'>τοῖς</span> <span class='ocrx_word' id='word_1_682' title='bbox 2516 4281 2789 4351; x_wconf 77' lang='grc' dir='ltr'>μεγάλοις,</span> <span class='ocrx_word' id='word_1_683' title='bbox 2817 4280 2937 4334; x_wconf 79' lang='grc' dir='ltr'>οὐδὲ</span> <span class='ocrx_word' id='word_1_684' title='bbox 2977 4283 3091 4343; x_wconf 85' lang='grc' dir='ltr'>τοῖς</span> <span class='ocrx_word' id='word_1_685' title='bbox 3120 4277 3272 4350; x_wconf 76' lang='grc' dir='ltr'><strong>παρά</strong></span> <span class='ocrx_word' id='word_1_686' title='bbox 3304 4275 3425 4348; x_wconf 85' lang='grc' dir='ltr'><strong>Θεῷ</strong></span> <span class='ocrx_word' id='word_1_687' title='bbox 3458 4278 3636 4346; x_wconf 81' lang='grc' dir='ltr'>σοφοῖς</span> <span class='ocrx_word' id='word_1_688' title='bbox 3658 4292 3671 4304; x_wconf 90' lang='grc'><strong>·</strong></span> <span class='ocrx_word' id='word_1_689' title='bbox 3701 4274 3814 4336; x_wconf 73' lang='grc' dir='ltr'>τοὺς</span> <span class='ocrx_word' id='word_1_690' title='bbox 3834 4271 3876 4323; x_wconf 68' lang='lat' dir='ltr'><em>6i</em></span> 
     </span>
    </p>
   </div>
   <div class='ocr_carea' id='block_1_91' title="bbox 2348 4362 3875 4441">
    <p class='ocr_par' dir='ltr' id='par_1_91' title="bbox 2348 4362 3875 4441">
     <span class='ocr_line' id='line_1_91' title="bbox 2348 4362 3875 4441; baseline -0.008 -15"><span class='ocrx_word' id='word_1_691' title='bbox 2348 4371 2552 4435; x_wconf 83' lang='grc' dir='ltr'>ἁπλοῦς</span> <span class='ocrx_word' id='word_1_692' title='bbox 2582 4372 2673 4426; x_wconf 74' lang='grc' dir='ltr'><strong>καὶ</strong></span> <span class='ocrx_word' id='word_1_693' title='bbox 2722 4371 3011 4441; x_wconf 80' lang='grc' dir='ltr'>ἀκεραίους</span> <span class='ocrx_word' id='word_1_694' title='bbox 3046 4369 3279 4440; x_wconf 74' lang='grc' dir='ltr'>μάλιστα</span> <span class='ocrx_word' id='word_1_695' title='bbox 3315 4366 3620 4438; x_wconf 87' lang='grc' dir='ltr'>θηρεύουσι.</span> <span class='ocrx_word' id='word_1_696' title='bbox 3654 4362 3875 4432; x_wconf 82' lang='grc' dir='ltr'>Διόπερὸ</span> 
     </span>
    </p>
   </div>
   <div class='ocr_carea' id='block_1_92' title="bbox 2348 4454 3875 4535">
    <p class='ocr_par' dir='ltr' id='par_1_92' title="bbox 2348 4454 3875 4535">
     <span class='ocr_line' id='line_1_92' title="bbox 2348 4454 3875 4535; baseline -0.004 -18"><span class='ocrx_word' id='word_1_697' title='bbox 2348 4465 2529 4526; x_wconf 80' lang='grc' dir='ltr'>Δαυῖδ,</span> <span class='ocrx_word' id='word_1_698' title='bbox 2581 4463 2955 4535; x_wconf 77' lang='grc' dir='ltr'>μνημονεύσας</span> <span class='ocrx_word' id='word_1_699' title='bbox 3007 4461 3116 4514; x_wconf 85' lang='grc' dir='ltr'><strong>τῶν</strong></span> <span class='ocrx_word' id='word_1_700' title='bbox 3174 4458 3403 4532; x_wconf 79' lang='grc' dir='ltr'>ἐχθρῶν,</span> <span class='ocrx_word' id='word_1_701' title='bbox 3453 4458 3546 4512; x_wconf 72' lang='grc' dir='ltr'><strong>καὶ</strong></span> <span class='ocrx_word' id='word_1_702' title='bbox 3591 4455 3712 4525; x_wconf 72' lang='grc' dir='ltr'>περὶ</span> <span class='ocrx_word' id='word_1_703' title='bbox 3755 4454 3875 4511; x_wconf 67' lang='grc' dir='ltr'>τινας</span> 
     </span>
    </p>
   </div>
   <div class='ocr_carea' id='block_1_93' title="bbox 2352 4546 3716 4626">
    <p class='ocr_par' dir='ltr' id='par_1_93' title="bbox 2352 4546 3716 4626">
     <span class='ocr_line' id='line_1_93' title="bbox 2352 4546 3716 4626; baseline -0.007 -19"><span class='ocrx_word' id='word_1_704' title='bbox 2352 4556 2583 4626; x_wconf 76' lang='grc' dir='ltr'>μάλιστα</span> <span class='ocrx_word' id='word_1_705' title='bbox 2612 4554 2871 4608; x_wconf 83' lang='grc' dir='ltr'>εἱλείσθαι</span> <span class='ocrx_word' id='word_1_706' title='bbox 2905 4552 3157 4607; x_wconf 85' lang='grc' dir='ltr'>εἰώθασιν</span> <span class='ocrx_word' id='word_1_707' title='bbox 3186 4546 3329 4605; x_wconf 73' lang='grc' dir='ltr'>οὗτοι</span> <span class='ocrx_word' id='word_1_708' title='bbox 3360 4548 3716 4619; x_wconf 82' lang='grc' dir='ltr'>παρέστησεν.</span> 
     </span>
    </p>
   </div>
   <div class='ocr_carea' id='block_1_94' title="bbox 751 4657 2240 4753">
    <p class='ocr_par' dir='ltr' id='par_1_94' title="bbox 751 4689 2240 4753">
     <span class='ocr_line' id='line_1_94' title="bbox 751 4689 2240 4753; baseline -0.01 -6"><span class='ocrx_word' id='word_1_709' title='bbox 751 4716 769 4747; x_wconf 72' lang='grc' dir='ltr'><strong>ι</strong></span> <span class='ocrx_word' id='word_1_710' title='bbox 811 4693 1190 4748; x_wconf 86' lang='lat' dir='ltr'><strong>Firmaverunt</strong></span> <span class='ocrx_word' id='word_1_711' title='bbox 1212 4689 1317 4744; x_wconf 87' lang='lat' dir='ltr'><strong>sibi</strong></span> <span class='ocrx_word' id='word_1_712' title='bbox 1340 4701 1647 4744; x_wconf 89' lang='lat' dir='ltr'><strong>sermonem</strong></span> <span class='ocrx_word' id='word_1_713' title='bbox 1670 4696 1902 4753; x_wconf 86' lang='lat' dir='ltr'><strong>nequam</strong></span> <span class='ocrx_word' id='word_1_714' title='bbox 1936 4699 1947 4733; x_wconf 89' lang='lat'>:</span> <span class='ocrx_word' id='word_1_715' title='bbox 1985 4692 2240 4733; x_wconf 82' lang='lat' dir='ltr'><strong>narrave-</strong></span> 
     </span>
    </p>
   </div>
   <div class='ocr_carea' id='block_1_95' title="bbox 2343 4657 3877 4753">
    <p class='ocr_par' dir='ltr' id='par_1_95' title="bbox 2390 4660 3877 4743">
     <span class='ocr_line' id='line_1_95' title="bbox 2390 4660 3877 4743; baseline -0.009 -18"><span class='ocrx_word' id='word_1_716' title='bbox 2390 4693 2440 4743; x_wconf 12' lang='grc' dir='ltr'>γι</span> <span class='ocrx_word' id='word_1_717' title='bbox 2491 4670 2892 4742; x_wconf 80' lang='grc' dir='ltr'>Ἐκραταὲωσαν</span> <span class='ocrx_word' id='word_1_718' title='bbox 2948 4670 3158 4729; x_wconf 76' lang='grc' dir='ltr'>ἑαυτοῖς</span> <span class='ocrx_word' id='word_1_719' title='bbox 3208 4665 3363 4731; x_wconf 87' lang='grc' dir='ltr'>λόγον</span> <span class='ocrx_word' id='word_1_720' title='bbox 3412 4660 3679 4733; x_wconf 73' lang='grc' dir='ltr'>πονηρόνο</span> <span class='ocrx_word' id='word_1_721' title='bbox 3720 4660 3877 4730; x_wconf 64' lang='lat' dir='ltr'><strong>6am;-</strong></span> 
     </span>
    </p>
   </div>
   <div class='ocr_carea' id='block_1_96' title="bbox 678 4771 2243 4849">
    <p class='ocr_par' dir='ltr' id='par_1_96' title="bbox 678 4771 2243 4849">
     <span class='ocr_line' id='line_1_96' title="bbox 678 4771 2243 4849; baseline -0.014 -4"><span class='ocrx_word' id='word_1_722' title='bbox 678 4797 809 4845; x_wconf 84' lang='lat' dir='ltr'><strong>rnnt</strong></span> <span class='ocrx_word' id='word_1_723' title='bbox 833 4794 891 4841; x_wconf 89' lang='lat' dir='ltr'><strong>ut</strong></span> <span class='ocrx_word' id='word_1_724' title='bbox 919 4784 1321 4839; x_wconf 80' lang='lat' dir='ltr'><strong>absconderem</strong></span> <span class='ocrx_word' id='word_1_725' title='bbox 1367 4781 1613 4849; x_wconf 86' lang='lat' dir='ltr'><strong>laqueos.</strong></span> <span class='ocrx_word' id='word_1_726' title='bbox 1653 4796 1669 4826; x_wconf 78' lang='grc' dir='ltr'><strong>ι</strong></span> <span class='ocrx_word' id='word_1_727' title='bbox 1706 4774 2001 4842; x_wconf 88' lang='lat' dir='ltr'><strong>Postquam</strong></span> <span class='ocrx_word' id='word_1_728' title='bbox 2035 4771 2243 4838; x_wconf 86' lang='lat' dir='ltr'><strong>tropice</strong></span> 
     </span>
    </p>
   </div>
   <div class='ocr_carea' id='block_1_97' title="bbox 677 4858 2245 4949">
    <p class='ocr_par' dir='ltr' id='par_1_97' title="bbox 677 4858 2245 4949">
     <span class='ocr_line' id='line_1_97' title="bbox 677 4858 2245 4949; baseline -0.015 -14"><span class='ocrx_word' id='word_1_729' title='bbox 677 4881 928 4938; x_wconf 86' lang='lat' dir='ltr'><strong>inimicos</strong></span> <span class='ocrx_word' id='word_1_730' title='bbox 968 4876 1177 4949; x_wconf 81' lang='lat' dir='ltr'><strong>gladios</strong></span> <span class='ocrx_word' id='word_1_731' title='bbox 1205 4886 1335 4927; x_wconf 88' lang='lat' dir='ltr'><strong>suos</strong></span> <span class='ocrx_word' id='word_1_732' title='bbox 1367 4885 1634 4926; x_wconf 80' lang='lat' dir='ltr'><strong>exacuere</strong></span> <span class='ocrx_word' id='word_1_733' title='bbox 1673 4877 1728 4922; x_wconf 92' lang='lat' dir='ltr'><strong>et</strong></span> <span class='ocrx_word' id='word_1_734' title='bbox 1761 4880 1922 4920; x_wconf 82' lang='lat' dir='ltr'><strong>arcus</strong></span> <span class='ocrx_word' id='word_1_735' title='bbox 1964 4858 2245 4918; x_wconf 84' lang='lat' dir='ltr'><strong>intendere</strong></span> 
     </span>
    </p>
   </div>
   <div class='ocr_carea' id='block_1_98' title="bbox 678 4956 2243 5039">
    <p class='ocr_par' dir='ltr' id='par_1_98' title="bbox 678 4956 2243 5039">
     <span class='ocr_line' id='line_1_98' title="bbox 678 4956 2243 5039; baseline -0.014 -12"><span class='ocrx_word' id='word_1_736' title='bbox 678 4974 911 5034; x_wconf 83' lang='lat' dir='ltr'><strong>dixerat,</strong></span> <span class='ocrx_word' id='word_1_737' title='bbox 931 4970 1043 5039; x_wconf 88' lang='lat' dir='ltr'><strong>jam</strong></span> <span class='ocrx_word' id='word_1_738' title='bbox 1075 4966 1317 5038; x_wconf 83' lang='lat' dir='ltr'><strong>apertius</strong></span> <span class='ocrx_word' id='word_1_739' title='bbox 1348 4963 1436 5033; x_wconf 89' lang='lat' dir='ltr'><strong>qui</strong></span> <span class='ocrx_word' id='word_1_740' title='bbox 1469 4960 1539 5015; x_wconf 89' lang='lat' dir='ltr'><strong>sit</strong></span> <span class='ocrx_word' id='word_1_741' title='bbox 1569 4960 1803 5031; x_wconf 86' lang='lat' dir='ltr'><strong>gladius,</strong></span> <span class='ocrx_word' id='word_1_742' title='bbox 1847 4956 2027 5027; x_wconf 90' lang='lat' dir='ltr'><strong>qualis</strong></span> <span class='ocrx_word' id='word_1_743' title='bbox 2058 4968 2243 5019; x_wconf 86' lang='lat' dir='ltr'><strong>arcus,</strong></span> 
     </span>
    </p>
   </div>
   <div class='ocr_carea' id='block_1_99' title="bbox 680 5048 2243 5119">
    <p class='ocr_par' dir='ltr' id='par_1_99' title="bbox 680 5048 2243 5119">
     <span class='ocr_line' id='line_1_99' title="bbox 680 5048 2243 5119; baseline -0.015 -1"><span class='ocrx_word' id='word_1_744' title='bbox 680 5071 901 5119; x_wconf 83' lang='lat' dir='ltr'><strong>enarrat</strong></span> <span class='ocrx_word' id='word_1_745' title='bbox 955 5061 1041 5115; x_wconf 88' lang='lat' dir='ltr'><strong>his</strong></span> <span class='ocrx_word' id='word_1_746' title='bbox 1072 5057 1251 5112; x_wconf 84' lang='lat' dir='ltr'><strong>verbis</strong></span> <span class='ocrx_word' id='word_1_747' title='bbox 1278 5074 1290 5109; x_wconf 94' lang='lat'>:</span> <span class='ocrx_word' id='word_1_748' title='bbox 1334 5073 1350 5105; x_wconf 84' lang='grc' dir='ltr'><strong>ι</strong></span> <span class='ocrx_word' id='word_1_749' title='bbox 1380 5051 1762 5108; x_wconf 87' lang='lat' dir='ltr'><strong>Firmaverunt</strong></span> <span class='ocrx_word' id='word_1_750' title='bbox 1797 5048 1901 5104; x_wconf 82' lang='lat' dir='ltr'><strong>sibi</strong></span> <span class='ocrx_word' id='word_1_751' title='bbox 1930 5057 2243 5102; x_wconf 89' lang='lat' dir='ltr'><strong>sermonem</strong></span> 
     </span>
    </p>
   </div>
   <div class='ocr_carea' id='block_1_100' title="bbox 685 5137 2244 5225">
    <p class='ocr_par' dir='ltr' id='par_1_100' title="bbox 685 5137 2244 5225">
     <span class='ocr_line' id='line_1_100' title="bbox 685 5137 2244 5225; baseline -0.015 -14"><span class='ocrx_word' id='word_1_752' title='bbox 685 5170 933 5225; x_wconf 69' lang='lat' dir='ltr'><strong>aequam.</strong></span> <span class='ocrx_word' id='word_1_753' title='bbox 981 5173 999 5206; x_wconf 73' lang='grc' dir='ltr'><strong>ι</strong></span> <span class='ocrx_word' id='word_1_754' title='bbox 1039 5150 1159 5207; x_wconf 79' lang='lat' dir='ltr'><strong>Non</strong></span> <span class='ocrx_word' id='word_1_755' title='bbox 1219 5150 1360 5204; x_wconf 89' lang='lat' dir='ltr'><strong>enim</strong></span> <span class='ocrx_word' id='word_1_756' title='bbox 1413 5159 1721 5203; x_wconf 88' lang='lat' dir='ltr'><strong>sermonem</strong></span> <span class='ocrx_word' id='word_1_757' title='bbox 1779 5158 1808 5195; x_wconf 91' lang='lat' dir='ltr'><strong>a</strong></span> <span class='ocrx_word' id='word_1_758' title='bbox 1856 5140 1967 5195; x_wconf 82' lang='lat' dir='ltr'><strong>Deo</strong></span> <span class='ocrx_word' id='word_1_759' title='bbox 2012 5137 2244 5192; x_wconf 87' lang='lat' dir='ltr'><strong>mutuati</strong></span> 
     </span>
    </p>
   </div>
   <div class='ocr_carea' id='block_1_101' title="bbox 681 5233 2245 5315">
    <p class='ocr_par' dir='ltr' id='par_1_101' title="bbox 681 5233 2245 5315">
     <span class='ocr_line' id='line_1_101' title="bbox 681 5233 2245 5315; baseline -0.013 -15"><span class='ocrx_word' id='word_1_760' title='bbox 681 5253 840 5307; x_wconf 71' lang='lat' dir='ltr'><strong>sunt;</strong></span> <span class='ocrx_word' id='word_1_761' title='bbox 873 5244 968 5300; x_wconf 91' lang='lat' dir='ltr'><strong>sed</strong></span> <span class='ocrx_word' id='word_1_762' title='bbox 999 5254 1283 5315; x_wconf 89' lang='lat' dir='ltr'><strong>postquam</strong></span> <span class='ocrx_word' id='word_1_763' title='bbox 1311 5237 1412 5294; x_wconf 81' lang='lat' dir='ltr'><strong>sibi</strong></span> <span class='ocrx_word' id='word_1_764' title='bbox 1444 5238 1578 5309; x_wconf 91' lang='lat' dir='ltr'><strong>ipsis</strong></span> <span class='ocrx_word' id='word_1_765' title='bbox 1611 5233 1996 5289; x_wconf 83' lang='lat' dir='ltr'><strong>conﬁnxerunt</strong></span> <span class='ocrx_word' id='word_1_766' title='bbox 2019 5238 2073 5285; x_wconf 87' lang='lat' dir='ltr'><strong>et</strong></span> <span class='ocrx_word' id='word_1_767' title='bbox 2096 5243 2245 5283; x_wconf 88' lang='lat' dir='ltr'><strong>com-</strong></span> 
     </span>
    </p>
   </div>
   <div class='ocr_carea' id='block_1_102' title="bbox 681 5324 2243 5401">
    <p class='ocr_par' dir='ltr' id='par_1_102' title="bbox 681 5324 2243 5401">
     <span class='ocr_line' id='line_1_102' title="bbox 681 5324 2243 5401; baseline -0.015 -6"><span class='ocrx_word' id='word_1_768' title='bbox 681 5339 847 5395; x_wconf 80' lang='lat' dir='ltr'><strong>menti</strong></span> <span class='ocrx_word' id='word_1_769' title='bbox 899 5345 1046 5401; x_wconf 87' lang='lat' dir='ltr'><strong>sunt,</strong></span> <span class='ocrx_word' id='word_1_770' title='bbox 1095 5336 1241 5390; x_wconf 89' lang='lat' dir='ltr'><strong>hunc</strong></span> <span class='ocrx_word' id='word_1_771' title='bbox 1274 5333 1648 5386; x_wconf 88' lang='lat' dir='ltr'><strong>ﬁrmaverunt.</strong></span> <span class='ocrx_word' id='word_1_772' title='bbox 1686 5324 1848 5379; x_wconf 81' lang='lat' dir='ltr'><strong>Tales</strong></span> <span class='ocrx_word' id='word_1_773' title='bbox 1898 5332 2025 5377; x_wconf 91' lang='lat' dir='ltr'><strong>sunt</strong></span> <span class='ocrx_word' id='word_1_774' title='bbox 2083 5334 2243 5391; x_wconf 85' lang='lat' dir='ltr'><strong>syco-</strong></span> 
     </span>
    </p>
   </div>
   <div class='ocr_carea' id='block_1_103' title="bbox 680 5413 2245 5503">
    <p class='ocr_par' dir='ltr' id='par_1_103' title="bbox 680 5413 2245 5503">
     <span class='ocr_line' id='line_1_103' title="bbox 680 5413 2245 5503; baseline -0.015 -17"><span class='ocrx_word' id='word_1_775' title='bbox 680 5434 916 5503; x_wconf 67' lang='lat' dir='ltr'><strong>phanla,</strong></span> <span class='ocrx_word' id='word_1_776' title='bbox 948 5436 1003 5484; x_wconf 87' lang='lat' dir='ltr'><strong>et</strong></span> <span class='ocrx_word' id='word_1_777' title='bbox 1031 5432 1296 5498; x_wconf 88' lang='lat' dir='ltr'><strong>quotquot</strong></span> <span class='ocrx_word' id='word_1_778' title='bbox 1330 5423 1518 5480; x_wconf 81' lang='lat' dir='ltr'><strong>falsas.</strong></span> <span class='ocrx_word' id='word_1_779' title='bbox 1553 5434 1691 5490; x_wconf 85' lang='lat' dir='ltr'><strong>quas</strong></span> <span class='ocrx_word' id='word_1_780' title='bbox 1727 5416 1831 5472; x_wconf 87' lang='lat' dir='ltr'><strong>sibi</strong></span> <span class='ocrx_word' id='word_1_781' title='bbox 1862 5413 2245 5467; x_wconf 89' lang='lat' dir='ltr'><strong>conﬁnxerunt</strong></span> 
     </span>
    </p>
   </div>
   <div class='ocr_carea' id='block_1_104' title="bbox 683 5501 2251 5582">
    <p class='ocr_par' dir='ltr' id='par_1_104' title="bbox 683 5501 2251 5582">
     <span class='ocr_line' id='line_1_104' title="bbox 683 5501 2251 5582; baseline -0.017 -2"><span class='ocrx_word' id='word_1_782' title='bbox 683 5501 736 5580; x_wconf 77' lang='lat' dir='ltr'><strong>et</strong></span> <span class='ocrx_word' id='word_1_783' title='bbox 757 5521 1048 5579; x_wconf 89' lang='lat' dir='ltr'><strong>commenti</strong></span> <span class='ocrx_word' id='word_1_784' title='bbox 1076 5527 1226 5582; x_wconf 89' lang='lat' dir='ltr'><strong>sunt,</strong></span> <span class='ocrx_word' id='word_1_785' title='bbox 1293 5512 1594 5571; x_wconf 85' lang='lat' dir='ltr'><strong>sententias</strong></span> <span class='ocrx_word' id='word_1_786' title='bbox 1644 5510 1861 5565; x_wconf 85' lang='lat' dir='ltr'><strong>ﬁrmare</strong></span> <span class='ocrx_word' id='word_1_787' title='bbox 1905 5513 1958 5558; x_wconf 90' lang='lat' dir='ltr'><strong>et</strong></span> <span class='ocrx_word' id='word_1_788' title='bbox 2004 5501 2251 5558; x_wconf 86' lang='lat' dir='ltr'><strong>stabilire</strong></span> 
     </span>
    </p>
   </div>
   <div class='ocr_carea' id='block_1_105' title="bbox 684 5599 2248 5686">
    <p class='ocr_par' dir='ltr' id='par_1_105' title="bbox 684 5599 2248 5686">
     <span class='ocr_line' id='line_1_105' title="bbox 684 5599 2248 5686; baseline -0.015 -15"><span class='ocrx_word' id='word_1_789' title='bbox 684 5624 959 5686; x_wconf 69' lang='lat' dir='ltr'><strong>satagunt.</strong></span> <span class='ocrx_word' id='word_1_790' title='bbox 995 5612 1195 5669; x_wconf 88' lang='lat' dir='ltr'><strong>Deinde</strong></span> <span class='ocrx_word' id='word_1_791' title='bbox 1219 5624 1346 5664; x_wconf 81' lang='lat' dir='ltr'><strong>vero</strong></span> <span class='ocrx_word' id='word_1_792' title='bbox 1365 5606 1453 5662; x_wconf 90' lang='lat' dir='ltr'><strong>ubi</strong></span> <span class='ocrx_word' id='word_1_793' title='bbox 1472 5616 1778 5659; x_wconf 90' lang='lat' dir='ltr'><strong>sermonem</strong></span> <span class='ocrx_word' id='word_1_794' title='bbox 1811 5599 1961 5652; x_wconf 91' lang='lat' dir='ltr'><strong>illum</strong></span> <span class='ocrx_word' id='word_1_795' title='bbox 1994 5610 2248 5664; x_wconf 84' lang='lat' dir='ltr'><strong>nequam.</strong></span> 
     </span>
    </p>
   </div>
   <div class='ocr_carea' id='block_1_106' title="bbox 680 5688 2247 5779">
    <p class='ocr_par' dir='ltr' id='par_1_106' title="bbox 680 5688 2247 5779">
     <span class='ocr_line' id='line_1_106' title="bbox 680 5688 2247 5779; baseline -0.017 -15"><span class='ocrx_word' id='word_1_796' title='bbox 680 5723 844 5779; x_wconf 68' lang='lat' dir='ltr'><strong>quem</strong></span> <span class='ocrx_word' id='word_1_797' title='bbox 878 5705 980 5763; x_wconf 90' lang='lat' dir='ltr'><strong>sibi</strong></span> <span class='ocrx_word' id='word_1_798' title='bbox 1030 5706 1400 5764; x_wconf 86' lang='lat' dir='ltr'><strong>ﬁrmaverant,</strong></span> <span class='ocrx_word' id='word_1_799' title='bbox 1459 5710 1683 5767; x_wconf 89' lang='lat' dir='ltr'><strong>pravum</strong></span> <span class='ocrx_word' id='word_1_800' title='bbox 1716 5706 1835 5747; x_wconf 84' lang='lat' dir='ltr'><strong>csse</strong></span> <span class='ocrx_word' id='word_1_801' title='bbox 1872 5688 2247 5751; x_wconf 71' lang='lat' dir='ltr'><strong>adverterunt,</strong></span> 
     </span>
    </p>
   </div>
   <div class='ocr_carea' id='block_1_107' title="bbox 2349 4746 3875 4833">
    <p class='ocr_par' dir='ltr' id='par_1_107' title="bbox 2349 4746 3875 4833">
     <span class='ocr_line' id='line_1_107' title="bbox 2349 4746 3875 4833; baseline -0.012 -17"><span class='ocrx_word' id='word_1_802' title='bbox 2349 4781 2507 4817; x_wconf 86' lang='grc' dir='ltr'>σαντο</span> <span class='ocrx_word' id='word_1_803' title='bbox 2554 4761 2646 4815; x_wconf 88' lang='grc' dir='ltr'><strong>τοῦ</strong></span> <span class='ocrx_word' id='word_1_804' title='bbox 2707 4760 2909 4833; x_wconf 77' lang='grc' dir='ltr'>κρύψαι</span> <span class='ocrx_word' id='word_1_805' title='bbox 2964 4757 3220 4825; x_wconf 83' lang='grc' dir='ltr'>παγίδας.</span> <span class='ocrx_word' id='word_1_806' title='bbox 3271 4771 3290 4804; x_wconf 76' lang='grc' dir='ltr'><strong>ι</strong></span> <span class='ocrx_word' id='word_1_807' title='bbox 3344 4751 3627 4823; x_wconf 86' lang='grc' dir='ltr'>Τροπικῶς</span> <span class='ocrx_word' id='word_1_808' title='bbox 3665 4748 3746 4803; x_wconf 72' lang='grc' dir='ltr'>διὰ</span> <span class='ocrx_word' id='word_1_809' title='bbox 3792 4746 3875 4799; x_wconf 77' lang='grc' dir='ltr'><strong>τῶν</strong></span> 
     </span>
    </p>
   </div>
   <div class='ocr_carea' id='block_1_108' title="bbox 2350 4838 3872 4927">
    <p class='ocr_par' dir='ltr' id='par_1_108' title="bbox 2350 4838 3872 4927">
     <span class='ocr_line' id='line_1_108' title="bbox 2350 4838 3872 4927; baseline -0.012 -18"><span class='ocrx_word' id='word_1_810' title='bbox 2350 4838 2653 4927; x_wconf 79' lang='grc' dir='ltr'>ἔμπροσθεν</span> <span class='ocrx_word' id='word_1_811' title='bbox 2700 4856 2826 4917; x_wconf 78' lang='grc' dir='ltr'>τοὺς</span> <span class='ocrx_word' id='word_1_812' title='bbox 2881 4852 2979 4922; x_wconf 81' lang='grc' dir='ltr'><strong>τῆς</strong></span> <span class='ocrx_word' id='word_1_813' title='bbox 3029 4849 3205 4919; x_wconf 80' lang='grc' dir='ltr'>ψυχῆς</span> <span class='ocrx_word' id='word_1_814' title='bbox 3249 4845 3473 4917; x_wconf 79' lang='grc' dir='ltr'>ἐχθροὺς</span> <span class='ocrx_word' id='word_1_815' title='bbox 3510 4845 3605 4917; x_wconf 78' lang='grc' dir='ltr'>τὴν</span> <span class='ocrx_word' id='word_1_816' title='bbox 3642 4840 3872 4915; x_wconf 70' lang='grc' dir='ltr'>ῥομφαίαν</span> 
     </span>
    </p>
   </div>
   <div class='ocr_carea' id='block_1_109' title="bbox 2349 4933 3873 5015">
    <p class='ocr_par' dir='ltr' id='par_1_109' title="bbox 2349 4933 3873 5015">
     <span class='ocr_line' id='line_1_109' title="bbox 2349 4933 3873 5015; baseline -0.012 -13"><span class='ocrx_word' id='word_1_817' title='bbox 2349 4949 2529 5002; x_wconf 75' lang='grc' dir='ltr'>αὐτῶν</span> <span class='ocrx_word' id='word_1_818' title='bbox 2556 4948 2816 5015; x_wconf 79' lang='grc' dir='ltr'>ἀκονήσαι</span> <span class='ocrx_word' id='word_1_819' title='bbox 2856 4943 2949 4996; x_wconf 72' lang='grc' dir='ltr'><strong>καὶ</strong></span> <span class='ocrx_word' id='word_1_820' title='bbox 2976 4940 3046 4993; x_wconf 83' lang='grc' dir='ltr'>τὰ</span> <span class='ocrx_word' id='word_1_821' title='bbox 3071 4938 3199 5005; x_wconf 74' lang='grc' dir='ltr'>τόξα</span> <span class='ocrx_word' id='word_1_822' title='bbox 3230 4939 3461 4990; x_wconf 71' lang='grc' dir='ltr'>ἐντεῖναι</span> <span class='ocrx_word' id='word_1_823' title='bbox 3497 4933 3777 5008; x_wconf 78' lang='grc' dir='ltr'>προειπὼν,</span> <span class='ocrx_word' id='word_1_824' title='bbox 3804 4948 3873 4983; x_wconf 73' lang='grc' dir='ltr'>σα-</span> 
     </span>
    </p>
   </div>
   <div class='ocr_carea' id='block_1_110' title="bbox 2357 5024 3871 5110">
    <p class='ocr_par' dir='ltr' id='par_1_110' title="bbox 2357 5024 3871 5110">
     <span class='ocr_line' id='line_1_110' title="bbox 2357 5024 3871 5110; baseline -0.015 -15"><span class='ocrx_word' id='word_1_825' title='bbox 2357 5042 2612 5110; x_wconf 81' lang='grc' dir='ltr'>φέστερον</span> <span class='ocrx_word' id='word_1_826' title='bbox 2632 5037 2718 5091; x_wconf 82' lang='grc' dir='ltr'>διὰ</span> <span class='ocrx_word' id='word_1_827' title='bbox 2734 5037 2840 5090; x_wconf 81' lang='grc' dir='ltr'><strong>τῶν</strong></span> <span class='ocrx_word' id='word_1_828' title='bbox 2866 5031 3235 5106; x_wconf 82' lang='grc' dir='ltr'>προκειμένων</span> <span class='ocrx_word' id='word_1_829' title='bbox 3255 5030 3338 5093; x_wconf 77' lang='grc' dir='ltr'><strong>τις</strong></span> <span class='ocrx_word' id='word_1_830' title='bbox 3365 5025 3433 5099; x_wconf 83' lang='grc' dir='ltr'>ἦν</span> <span class='ocrx_word' id='word_1_831' title='bbox 3456 5031 3491 5099; x_wconf 85' lang='grc' dir='ltr'>ὴ</span> <span class='ocrx_word' id='word_1_832' title='bbox 3526 5025 3770 5099; x_wconf 68' lang='grc' dir='ltr'>ῥομφαία,</span> <span class='ocrx_word' id='word_1_833' title='bbox 3803 5024 3871 5075; x_wconf 70' lang='grc' dir='ltr'><strong>καὶ</strong></span> 
     </span>
    </p>
   </div>
   <div class='ocr_carea' id='block_1_111' title="bbox 2353 5116 3869 5197">
    <p class='ocr_par' dir='ltr' id='par_1_111' title="bbox 2353 5116 3869 5197">
     <span class='ocr_line' id='line_1_111' title="bbox 2353 5116 3869 5197; baseline -0.013 -13"><span class='ocrx_word' id='word_1_834' title='bbox 2353 5133 2405 5183; x_wconf 87' lang='grc' dir='ltr'><strong>τί</strong></span> <span class='ocrx_word' id='word_1_835' title='bbox 2430 5131 2491 5183; x_wconf 89' lang='grc' dir='ltr'><strong>τὸ</strong></span> <span class='ocrx_word' id='word_1_836' title='bbox 2524 5129 2674 5195; x_wconf 79' lang='grc' dir='ltr'>τόξον</span> <span class='ocrx_word' id='word_1_837' title='bbox 2720 5126 3040 5197; x_wconf 83' lang='grc' dir='ltr'>παρίστησιν</span> <span class='ocrx_word' id='word_1_838' title='bbox 3060 5118 3257 5185; x_wconf 73' lang='grc' dir='ltr'>εἰπών’</span> <span class='ocrx_word' id='word_1_839' title='bbox 3291 5138 3310 5170; x_wconf 78' lang='grc' dir='ltr'><strong>ι</strong></span> <span class='ocrx_word' id='word_1_840' title='bbox 3351 5116 3747 5187; x_wconf 75' lang='grc' dir='ltr'>Ἐκραταίωσαν</span> <span class='ocrx_word' id='word_1_841' title='bbox 3774 5117 3869 5166; x_wconf 68' lang='grc' dir='ltr'>ἑαυ-</span> 
     </span>
    </p>
   </div>
   <div class='ocr_carea' id='block_1_112' title="bbox 2354 5206 3870 5290">
    <p class='ocr_par' dir='ltr' id='par_1_112' title="bbox 2354 5206 3870 5290">
     <span class='ocr_line' id='line_1_112' title="bbox 2354 5206 3870 5290; baseline -0.013 -12"><span class='ocrx_word' id='word_1_842' title='bbox 2354 5227 2464 5287; x_wconf 83' lang='grc' dir='ltr'>τοῖς</span> <span class='ocrx_word' id='word_1_843' title='bbox 2495 5224 2646 5290; x_wconf 86' lang='grc' dir='ltr'>λόγον</span> <span class='ocrx_word' id='word_1_844' title='bbox 2672 5218 2923 5289; x_wconf 84' lang='grc' dir='ltr'>πονηρόν.</span> <span class='ocrx_word' id='word_1_845' title='bbox 2968 5234 2986 5267; x_wconf 76' lang='grc' dir='ltr'><strong>ι</strong></span> <span class='ocrx_word' id='word_1_846' title='bbox 3012 5215 3086 5267; x_wconf 80' lang='grc' dir='ltr'><strong>Οὐ</strong></span> <span class='ocrx_word' id='word_1_847' title='bbox 3115 5213 3224 5285; x_wconf 82' lang='grc' dir='ltr'><strong>γὰρ</strong></span> <span class='ocrx_word' id='word_1_848' title='bbox 3252 5209 3400 5282; x_wconf 87' lang='grc' dir='ltr'><strong>παρά</strong></span> <span class='ocrx_word' id='word_1_849' title='bbox 3432 5208 3528 5263; x_wconf 83' lang='grc' dir='ltr'><strong>τοῦ</strong></span> <span class='ocrx_word' id='word_1_850' title='bbox 3561 5208 3687 5262; x_wconf 85' lang='grc' dir='ltr'>Θεοῦ</span> <span class='ocrx_word' id='word_1_851' title='bbox 3721 5206 3870 5260; x_wconf 65' lang='grc' dir='ltr'>λαθόν-</span> 
     </span>
    </p>
   </div>
   <div class='ocr_carea' id='block_1_113' title="bbox 2354 5302 3865 5386">
    <p class='ocr_par' dir='ltr' id='par_1_113' title="bbox 2354 5302 3865 5386">
     <span class='ocr_line' id='line_1_113' title="bbox 2354 5302 3865 5386; baseline -0.017 -15"><span class='ocrx_word' id='word_1_852' title='bbox 2354 5335 2442 5382; x_wconf 89' lang='grc' dir='ltr'><strong>τες</strong></span> <span class='ocrx_word' id='word_1_853' title='bbox 2480 5318 2655 5386; x_wconf 82' lang='grc' dir='ltr'>λόγον,</span> <span class='ocrx_word' id='word_1_854' title='bbox 2718 5311 2829 5367; x_wconf 79' lang='grc' dir='ltr'>ἀλλ’</span> <span class='ocrx_word' id='word_1_855' title='bbox 2869 5311 3076 5385; x_wconf 75' lang='grc' dir='ltr'>ἑαυτοῖς</span> <span class='ocrx_word' id='word_1_856' title='bbox 3116 5305 3446 5375; x_wconf 84' lang='grc' dir='ltr'>πλασάμενοι</span> <span class='ocrx_word' id='word_1_857' title='bbox 3487 5304 3578 5357; x_wconf 73' lang='grc' dir='ltr'><strong>καὶ</strong></span> <span class='ocrx_word' id='word_1_858' title='bbox 3613 5302 3865 5355; x_wconf 74' lang='grc' dir='ltr'>συνθέντες.</span> 
     </span>
    </p>
   </div>
   <div class='ocr_carea' id='block_1_114' title="bbox 2352 5394 3865 5479">
    <p class='ocr_par' dir='ltr' id='par_1_114' title="bbox 2352 5394 3865 5479">
     <span class='ocr_line' id='line_1_114' title="bbox 2352 5394 3865 5479; baseline -0.013 -16"><span class='ocrx_word' id='word_1_859' title='bbox 2352 5410 2535 5466; x_wconf 87' lang='grc' dir='ltr'>τοῦτον</span> <span class='ocrx_word' id='word_1_860' title='bbox 2589 5408 2903 5479; x_wconf 81' lang='grc' dir='ltr'>ἐκράτυναν.</span> <span class='ocrx_word' id='word_1_861' title='bbox 2946 5400 3183 5477; x_wconf 78' lang='grc' dir='ltr'>Τοιοῦτοι</span> <span class='ocrx_word' id='word_1_862' title='bbox 3228 5396 3284 5450; x_wconf 84' lang='grc' dir='ltr'><strong>δέ</strong></span> <span class='ocrx_word' id='word_1_863' title='bbox 3326 5398 3460 5449; x_wconf 68' lang='grc' dir='ltr'>εἰσιν</span> <span class='ocrx_word' id='word_1_864' title='bbox 3498 5397 3544 5449; x_wconf 82' lang='grc' dir='ltr'>οἱ</span> <span class='ocrx_word' id='word_1_865' title='bbox 3572 5394 3865 5463; x_wconf 56' lang='grc' dir='ltr'>συκοφάντει.</span> 
     </span>
    </p>
   </div>
   <div class='ocr_carea' id='block_1_115' title="bbox 2354 5480 3865 5570">
    <p class='ocr_par' dir='ltr' id='par_1_115' title="bbox 2354 5480 3865 5570">
     <span class='ocr_line' id='line_1_115' title="bbox 2354 5480 3865 5570; baseline -0.013 -15"><span class='ocrx_word' id='word_1_866' title='bbox 2354 5501 2447 5553; x_wconf 70' lang='grc' dir='ltr'>καὶ</span> <span class='ocrx_word' id='word_1_867' title='bbox 2479 5502 2528 5554; x_wconf 84' lang='grc' dir='ltr'>οἱ</span> <span class='ocrx_word' id='word_1_868' title='bbox 2554 5497 2839 5570; x_wconf 87' lang='grc' dir='ltr'>κρατύνειν</span> <span class='ocrx_word' id='word_1_869' title='bbox 2871 5495 2963 5548; x_wconf 71' lang='grc' dir='ltr'><strong>καὶ</strong></span> <span class='ocrx_word' id='word_1_870' title='bbox 2992 5487 3237 5563; x_wconf 76' lang='grc' dir='ltr'>βεϐαιοῦν</span> <span class='ocrx_word' id='word_1_871' title='bbox 3266 5487 3586 5558; x_wconf 81' lang='grc' dir='ltr'>πειρώμενοι</span> <span class='ocrx_word' id='word_1_872' title='bbox 3608 5487 3673 5549; x_wconf 73' lang='grc' dir='ltr'><strong>ἀς</strong></span> <span class='ocrx_word' id='word_1_873' title='bbox 3702 5480 3865 5538; x_wconf 70' lang='grc' dir='ltr'>ἑαυτοῖς</span> 
     </span>
    </p>
   </div>
   <div class='ocr_carea' id='block_1_116' title="bbox 2354 5565 3862 5662">
    <p class='ocr_par' dir='ltr' id='par_1_116' title="bbox 2354 5565 3862 5662">
     <span class='ocr_line' id='line_1_116' title="bbox 2354 5565 3862 5662; baseline -0.015 -17"><span class='ocrx_word' id='word_1_874' title='bbox 2354 5565 2812 5662; x_wconf 72' lang='grc' dir='ltr'>ἀνεζωγράφησαν</span> <span class='ocrx_word' id='word_1_875' title='bbox 2859 5586 2952 5639; x_wconf 74' lang='grc' dir='ltr'><strong>καὶ</strong></span> <span class='ocrx_word' id='word_1_876' title='bbox 2990 5579 3356 5636; x_wconf 84' lang='grc' dir='ltr'>ἀνεπλάσαντο</span> <span class='ocrx_word' id='word_1_877' title='bbox 3388 5576 3734 5647; x_wconf 74' lang='grc' dir='ltr'>ψευδοδοξεας.</span> <span class='ocrx_word' id='word_1_878' title='bbox 3771 5565 3862 5624; x_wconf 69' lang='grc' dir='ltr'>Εἶτα</span> 
     </span>
    </p>
   </div>
   <div class='ocr_carea' id='block_1_117' title="bbox 2353 5665 3863 5751">
    <p class='ocr_par' dir='ltr' id='par_1_117' title="bbox 2353 5665 3863 5751">
     <span class='ocr_line' id='line_1_117' title="bbox 2353 5665 3863 5751; baseline -0.012 -14"><span class='ocrx_word' id='word_1_879' title='bbox 2353 5684 2409 5737; x_wconf 76' lang='grc' dir='ltr'><strong>δὲ</strong></span> <span class='ocrx_word' id='word_1_880' title='bbox 2436 5683 2524 5735; x_wconf 79' lang='grc' dir='ltr'><strong>τὸν</strong></span> <span class='ocrx_word' id='word_1_881' title='bbox 2558 5680 2791 5751; x_wconf 84' lang='grc' dir='ltr'>πονηρὸν</span> <span class='ocrx_word' id='word_1_882' title='bbox 2844 5677 2997 5745; x_wconf 80' lang='grc' dir='ltr'>λόγον</span> <span class='ocrx_word' id='word_1_883' title='bbox 3026 5674 3085 5727; x_wconf 86' lang='grc' dir='ltr'><strong>ὃν</strong></span> <span class='ocrx_word' id='word_1_884' title='bbox 3112 5672 3321 5734; x_wconf 70' lang='grc' dir='ltr'>ἑαυτοῖς</span> <span class='ocrx_word' id='word_1_885' title='bbox 3345 5670 3646 5745; x_wconf 77' lang='grc' dir='ltr'>ἑκράτυναν</span> <span class='ocrx_word' id='word_1_886' title='bbox 3675 5665 3863 5739; x_wconf 66' lang='grc' dir='ltr'>όρῶντις</span> 
     </span>
    </p>
   </div>
   <div class='ocr_carea' id='block_1_118' title="bbox 748 5815 2240 5940">
    <p class='ocr_par' dir='ltr' id='par_1_118' title="bbox 748 5845 2240 5940">
     <span class='ocr_line' id='line_1_118' title="bbox 748 5845 2240 5940; baseline -0.017 -21"><span class='ocrx_word' id='word_1_887' title='bbox 748 5864 942 5940; x_wconf 55' lang='grc' dir='ltr'>ξῐέοι.</span> <span class='ocrx_word' id='word_1_888' title='bbox 988 5878 1178 5927; x_wconf 67' lang='lat' dir='ltr'><strong>xxxiii,</strong></span> <span class='ocrx_word' id='word_1_889' title='bbox 1208 5860 1260 5914; x_wconf 83' lang='lat'><strong>9.</strong></span> <span class='ocrx_word' id='word_1_890' title='bbox 1338 5859 1359 5890; x_wconf 82' lang='grc'><strong><em>⁸</em></strong></span> <span class='ocrx_word' id='word_1_891' title='bbox 1388 5854 1430 5911; x_wconf 84' lang='grc' dir='ltr'><strong>ιι</strong></span> <span class='ocrx_word' id='word_1_892' title='bbox 1460 5855 1583 5909; x_wconf 86' lang='lat' dir='ltr'><strong>Cor.</strong></span> <span class='ocrx_word' id='word_1_893' title='bbox 1612 5869 1690 5930; x_wconf 65' lang='lat' dir='ltr'><strong>xl,</strong></span> <span class='ocrx_word' id='word_1_894' title='bbox 1721 5852 1773 5906; x_wconf 79' lang='grc'><strong>5.</strong></span> <span class='ocrx_word' id='word_1_895' title='bbox 1847 5848 1866 5880; x_wconf 70' lang='grc' dir='ltr'><strong><em>τ</em></strong></span> <span class='ocrx_word' id='word_1_896' title='bbox 1896 5845 2081 5899; x_wconf 82' lang='lat' dir='ltr'><strong>Matth.</strong></span> <span class='ocrx_word' id='word_1_897' title='bbox 2111 5856 2240 5895; x_wconf 81' lang='grc' dir='ltr'>ιιιίιι</span> 
     </span>
    </p>
   </div>
   <div class='ocr_carea' id='block_1_119' title="bbox 2343 5815 2732 5940">
    <p class='ocr_par' dir='ltr' id='par_1_119' title="bbox 2343 5819 2732 5896">
     <span class='ocr_line' id='line_1_119' title="bbox 2343 5819 2732 5896; baseline -0.013 0"><span class='ocrx_word' id='word_1_898' title='bbox 2343 5842 2381 5896; x_wconf 86' lang='grc'><strong>).</strong></span> <span class='ocrx_word' id='word_1_899' title='bbox 2457 5840 2475 5870; x_wconf 88' lang='grc'><strong>·</strong></span> <span class='ocrx_word' id='word_1_900' title='bbox 2504 5819 2637 5894; x_wconf 75' lang='lat' dir='ltr'><strong>Ibid.</strong></span> <span class='ocrx_word' id='word_1_901' title='bbox 2679 5838 2732 5891; x_wconf 77' lang='lat' dir='ltr'><strong>G.</strong></span> 
     </span>
    </p>
   </div>
  </div>
