3966 6340
119 423 203 480 691
1240 417 1641 478 COMMENTAI

1772 417 1836 471 IN
1875 415 2210 475 PSALIOS.
3191 417 3296 472 622

114 538 315 610 σαθρὸν,
357 538 416 590 οὐ
461 537 663 607 γυμνὸν
694 534 850 590 αὐτὸν
880 535 1280 616 προὸάλλονται.
1321 535 1454 589 ἀλλὰ
1491 553 1641 606 περι-

1748 546 1853 586 non
1881 534 2082 588 nudum
2117 532 2416 612 proferunt,
2451 530 2544 586 sed
2570 531 2776 600 laqueis
2800 531 3137 594 extrinsecus
3157 534 3298 588 clam

111 631 376 685 ϐάλλουσιν
413 629 609 692 ἔξωθεν
650 630 859 697 παγίσι,
884 627 1211 698 κρύπτοντες
1237 626 1326 680 διά
1367 644 1528 681 τινων
1571 643 1641 680 σο-

1753 622 2198 693 clrcumsepiunt,
2235 621 2661 691 sopbismatibus
2689 621 3009 691 cavillisque
3038 638 3174 693 quas
3203 639 3298 695 pa.

109 720 378 790 φισμάτων
404 720 497 771 καὶ
537 717 959 798 ταραλογισμὼν
996 717 1093 786 τὴν
1117 716 1258 769 κατά
1295 715 1404 770 τῶν
1433 716 1641 770 ἐπιδου-

1753 720 1873 766 rant
1899 714 2032 783 ipsis
2078 714 2304 770 insidias
2343 713 2700 783 occultantes,
2757 713 2830 766 ita
2876 729 2935 768 se
2962 716 3080 783 capi
3113 723 3167 769 et
3201 710 3299 770 de.

110 809 397 880 λιυομὲνων
427 811 724 880 συσκευήνο
754 809 894 861 οὕτω
925 807 1033 877 γὰρ
1064 807 1293 876 ἀληπτοι
1324 809 1416 860 καὶ
1441 806 1649 877 ἀθήρα-

109 917 182 951 τοι
208 897 419 951 ἔσεσθαι
445 899 898 968 ὑπολαμϐάνουσι.
923 897 1017 951 Διὸ
1043 916 1061 950 ι
1099 893 1258 950 εῐπαν
1289 917 1307 947 ι
1335 899 1392 949 ἐν
1417 899 1644 960 ἑαυτοῖς·

112 1007 130 1040 ι
163 989 256 1051 τίς
310 988 496 1056 ὃψεται
543 988 774 1052 αὑτούς;
823 1007 842 1038 ι
894 988 1009 1050 καὶ,
1055 1007 1073 1040 ι
1125 976 1477 1059 ἑξερεύνησαν
1526 987 1648 1040 ἀνο-

110 1081 244 1149 μίας.
261 1098 280 1130 ι
302 1079 463 1132 Οὐδὲν
479 1077 588 1151 γάρ
608 1078 877 1148 ὠφέλιμον
896 1079 1002 1131 ἀπὸ
1017 1077 1108 1148 τοῦ
1138 1078 1281 1131 θείου
1298 1078 1461 1147 νόμου
1486 1075 1650 1147 ζητή-

109 1187 284 1233 σαντες
303 1165 456 1242 εὗρον
472 1186 488 1204 ο
518 1169 630 1223 ἀλλ’
654 1170 878 1240 ἀνομίας
907 1170 1118 1232 ἑαυτοῖς
1144 1170 1463 1239 ἐπενόησαν.
1495 1168 1648 1222 Κατά

105 1262 153 1315 δὲ
183 1263 268 1314 τὸν
320 1261 634 1331 Σύμμαχον,
675 1281 693 1312 ι
730 1258 1090 1333 ἑξερεύνησαν
1127 1260 1354 1330 ἀνομίας
1402 1258 1648 1329 σύμπαν-

107 1366 183 1412 τες
203 1366 216 1379 υ
253 1369 271 1400 ι
308 1351 395 1401 καὶ
427 1350 519 1401 ἐπὶ
551 1349 755 1411 τούτοις
789 1348 958 1401 πολλά
989 1349 1320 1419 ζητήσαντες
1345 1349 1434 1401 καὶ
1482 1347 1648 1420 μυρία

109 1442 222 1512 παρ’
257 1443 461 1504 ἑαυτοῖς
481 1442 881 1511 ἐπινοήσαντες,
911 1440 1073 1512 μηδὲν
1087 1440 1155 1492 -δὲ
1170 1439 1364 1508 ἀληθὲς
1385 1440 1475 1491 ἐπὶ
1505 1437 1646 1490 τέλει

109 1532 350 1601 εὑρόντες,
370 1530 630 1595 ἐξέλιπον,
664 1531 821 1584 πλέον
846 1531 994 1584 οὐδὲν
1020 1531 1126 1583 ἀπὸ
1150 1530 1249 1598 τῆς
1279 1529 1477 1598 πολλῆς
1501 1529 1648 1600 ἐρεύ-

110 1639 190 1692 νης
209 1623 574 1692 ατησάμενοι.
622 1622 712 1674 Διὸ
738 1621 1009 1674 λέλεκταιν
1058 1639 1075 1671 ι
1126 1620 1398 1684 Ἐξέλιπον
1432 1620 1646 1691 ἐξερευ-

108 1713 284 1776 νῶντες
337 1713 724 1786 ὲξερευνήσεις.
757 1732 776 1764 ι
813 1712 1107 1776 Τοσούτους
1163 1710 1314 1774 τινὰς
1359 1711 1646 1781 διέγραψεν

109 1805 132 1855 ὁ
161 1803 306 1857 Δαυῒδ
334 1805 458 1868 τοὺς
501 1804 724 1874 ἐχθροὺς
752 1803 844 1857 καὶ
875 1802 1179 1872 πολεμίους,
1203 1801 1259 1867 ἐξ
1283 1795 1356 1854 ὧν
1388 1800 1485 1872 τὴν
1516 1803 1642 1853 ἑαυ-

1753 803 2011 873 prehendi
2041 820 2150 860 non
2181 819 2342 875 posse
2379 803 2908 881 Opinantulranuare
2937 823 2955 855 ι
2986 804 3240 860 dixerunt
3276 826 3297 859 ι

1750 896 1805 949 in
1832 897 2026 966 seipsis
2059 917 2071 950 :
2099 915 2116 947 ι
2147 897 2282 963 Quis
2314 897 2518 952 videbit
2548 893 2686 952 eos?
2715 898 2748 948 ι’
2770 905 2843 962 et,
2872 914 2890 946 ι
2924 899 3148 951 scrutati
3173 889 3302 952 sunt

1749 986 2086 1055 iniquitates.
2127 1007 2145 1038 ι
2180 985 2325 1040 Nihil
2359 987 2559 1056 quippe
2585 983 2836 1045 utilitatis
2867 985 2921 1040 in
2968 986 3148 1040 divina
3183 986 3300 1055 lego

1752 1076 2150 1143 perquisierunt
2179 1077 2261 1131 vel
2290 1076 2646 1141 invenerunt;
2704 1075 2799 1130 sed
2832 1075 3142 1144 iniquitates
3193 1077 3299 1131 sibi

1748 1167 2156 1235 excogitaruut;
2184 1168 2316 1231 sive,
2344 1166 2638 1222 secundum
2670 1164 3073 1236 Symmachum,
3101 1185 3118 1215 ι
3148 1181 3304 1220 scru-

1748 1258 1842 1308 tati
1875 1267 2003 1312 sunt
2030 1259 2343 1329 iniquitates
2365 1258 2606 1321 universi
2639 1273 2651 1308 :
2693 1278 2710 1309 ι
2747 1273 2810 1311 ac
2852 1273 2978 1311 cum
3018 1258 3130 1312 haec
3156 1259 3298 1312 mul-

1749 1354 1863 1398 tum
1896 1349 2364 1417 perquisivissent,
2397 1356 2449 1404 et
2489 1349 2695 1403 infinita
2721 1348 3141 1418 excogitassent,
3175 1361 3299 1400 cum

1749 1437 1880 1489 nihil
1911 1440 2023 1492 veri
2048 1440 2262 1494 tandem
2286 1440 2603 1510 reperirent,
2636 1437 2969 1504 defecerunt,
2993 1437 3127 1492 nihil
3156 1437 3300 1491 aliud

1748 1535 1993 1582 ettanta
2023 1531 2459 1599 perscrutatione
2493 1529 2812 1586 referentes.
2867 1530 3046 1597 Quare
3093 1528 3301 1583 dictum

1747 1625 1866 1672 est:
1900 1637 1918 1669 ι
1951 1618 2273 1675 Defecerunt
2299 1630 2605 1676 scrutantes
2622 1622 2907 1676 scrutinia.
2938 1641 2956 1673 ι
2981 1619 3302 1690 Huiusmodi

1707 1711 1717 1720 '
1749 1709 1932 1764 hostes
1961 1720 2014 1765 et
2049 1712 2298 1766 inimicos
2325 1711 2616 1781 descripsit
2636 1711 2828 1777 David,
2868 1729 2898 1768 e
2929 1729 3160 1782 quorum
3193 1728 3305 1766 ma.

1749 1803 1908 1857 nibus
1938 1803 2169 1856 animam
2204 1803 2339 1872 eripi
2371 1818 2522 1856 suam
2566 1803 2889 1872 precabatur
2921 1820 2933 1854 :
2968 1811 3125 1856 erant
3155 1804 3303 1857 scili-

109 1891 189 1944 τοῦ
217 1892 385 1963 ψυχὴν
413 1893 671 1968 ρυσθῆναι
727 1891 941 1963 ηὔχετο,
990 1892 1430 1963 ὲξερευνητικους
1472 1907 1641 1957 τινας,

1747 1901 1832 1950 cet
1885 1895 1921 1947 ii
1952 1902 2360 1964 perscrutantes
2390 1903 2442 1950 et
2502 1895 2882 1964 perquirentes
2934 1894 3300 1962 iniquitatem,

109 1984 188 2034 καὶ
216 1982 528 2053 ζητητικοὺς
557 1985 800 2054 ἀνομίας.
834 1985 896 2037 Ol.
925 1983 1031 2055 γὰρ
1054 1983 1278 2035 τοιοῦτοι
1305 1980 1480 2052 ψυχῆς
1513 1981 1644 2052 ἀλη-

110 2072 202 2153 θῶς
230 2073 290 2126 ἀν
332 2069 439 2126 εἶεν
472 2075 723 2142 φονευταί
748 2092 761 2105 ·
798 2075 876 2128 διὸ
906 2074 969 2146 δὴ
1003 2075 1236 2146 μάλιστα
1283 2073 1415 2127 Θεὸν
1449 2073 1645 2143 βοηθὸν

109 2165 187 2216 ἐπὶ
210 2165 310 2218 τῶν
340 2166 595 2221 τοιούτων
625 2167 951 2230 ἀνεκαλεῖτο,
1012 2169 1135 2230 τοὺς
1169 2165 1456 2236 αἰσθητοὺς
1489 2165 1644 2218 πολε·-

112 2254 246 2322 μίους
273 2257 505 2320 καὶτοὺς
522 2259 634 2319 τοῖς
669 2255 877 2327 σώμασι
911 2253 1415 2327 παραταττομένους
1439 2253 1524 2306 ἐπ’
1548 2252 1608 2304 ού
1623 2281 1641 2291 -

108 2343 201 2397 δινῖ
230 2345 364 2416 λόγῳ
387 2346 684 2416 τιθέμενος.
1380 2339 1389 2344 ’

171 2453 203 2493 ι,
226 2435 639 2506 Προσελεύσεται
668 2436 949 2507 ἄνθρωπος
996 2437 1052 2491 ὲν
1085 2436 1290 2508 καρδία
1313 2437 1523 2508 βαθείᾳ,
1551 2437 1644 2490 καὶ

110 2525 426 2597 ὑᾷωθήσεται
483 2528 513 2578 ό
571 2528 720 2590 Θεός.
754 2527 912 2592 Βέλος
945 2529 1172 2599 νηπίων,
1215 2548 1233 2580 ι
1274 2530 1364 2582 καὶ
1394 2529 1462 2582 τὰ
1495 2529 1639 2598 ἑξῆς.

109 2617 161 2667 Ol
188 2618 276 2686 μὲν
298 2618 394 2687 τῆς
430 2617 607 2689 ψυχῆς
634 2619 894 2690 πολέμιοι,
930 2620 1107 2688 λόγοις
1137 2623 1389 2692 πονηροῖς
1421 2622 1642 2684 ἑαυτοὺς

109 2709 532 2779 περιφράξαντες,
591 2708 684 2762 καὶ
710 2709 807 2772 τὰς
837 2711 1041 2764 ἑαυτῶν
1066 2711 1438 2782 ὲγκρύψιντες
1476 2712 1639 2779 παγί-

106 2802 207 2863 δας,
229 2801 447 2871 ἀνομίας
480 2819 539 2855 τε
575 2802 976 2874 ἐξερευνῶντες,
1029 2806 1122 2857 καὶ
1159 2803 1246 2857 διὰ
1293 2803 1496 2856 τούτων
1544 2805 1642 2867 τὰς

109 2893 289 2946 ἑαυτῶν
314 2893 578 2964 ῥομφαίας
596 2895 976 2966 ἀκονήσαντες,
998 2896 1090 2948 καὶ
1112 2899 1228 2959 ταῖς
1240 2895 1448 2949 ἑαυτῶν
1465 2893 1641 2963 γλῶσ-

109 2999 211 3046 σαις
225 2984 543 3048 ὲντείναντες
567 2984 714 3048 τόξα,
743 2985 834 3038 τὸν
865 2985 1112 3056 ἄμωμον,
1138 2986 1281 3057 ἢτὸν
1317 2985 1520 3039 ἁπλοῦν
1549 2989 1642 3040 καὶ

109 3073 333 3145 ἀκέραιον
362 3077 653 3147 περιῄεσαν
680 3075 984 3148 ζητοῦντες,
1016 3077 1160 3140 ὅπως
1192 3078 1452 3131 ἀνέλωσιν
1477 3078 1641 3131 αὐτοῦ

108 3163 188 3233 τὴν
231 3165 426 3238 ψυχήνο
474 3165 588 3221 ἀλλ’
639 3167 839 3219 ἐκεῖνον
892 3168 1037 3240 μὲνό
1074 3166 1203 3229 Θεὸς
1239 3165 1478 3238 ῥύσεται.
1522 3167 1640 3219 Τῶν

108 3258 197 3327 γὰρ
229 3257 430 3328 μικρῶν
463 3259 518 3310 ὲν
561 3261 628 3330 τῇ
672 3257 964 3329 Ἐκκλησία
992 3260 1041 3316 οί
1082 3257 1302 3327 ἄγγελοι
1330 3257 1417 3312 διὰ
1440 3258 1639 3321 παντὸς
1669 3239 1709 3296 C

105 3349 249 3418 ἐρῶσι
274 3351 330 3411 τὸ
362 3349 647 3422 πρόσωπον
695 3349 788 3402 τοῦ
823 3351 878 3408 ἐν
899 3351 1142 3420 οὐρανοῖς
1195 3351 1426 3421 Πατρός.
1471 3351 1641 3420 Προσ-

105 3438 352 3502 ελεύτεται
400 3441 456 3496 δέ
517 3458 603 3504 τις
659 3442 841 3504 αὐτοῖς
884 3441 1452 3515 ἀνθρωποςμάληθῶς
1504 3443 1640 3514 ἀνὴρ

104 3529 284 3591 τέλειος
307 3533 394 3584 καὶ
421 3532 599 3601 φορῶν
618 3532 708 3585 τὸν
733 3536 852 3585 κατ’
883 3534 1062 3590 εἰκόνα
1090 3533 1223 3587 Θεοῦ
1253 3537 1637 3605 πεποιημένον,

107 3619 172 3684 ὃς,
201 3623 253 3677 ἐν
301 3623 492 3693 καρδίᾳ
556 3622 744 3694 βαθείᾳ
778 3625 1178 3696 πεφραγμένος,
1226 3626 1639 3697 ἀκατάπληκτος

107 3715 264 3778 αὐτοῖς
309 3715 693 3788 παρατάξεται,
752 3717 961 3786 πάντας
991 3734 1048 3770 τε
1079 3717 1278 3782 αὐτοὺς
1325 3719 1637 3780 καταλύσει,

105 3804 444 3877 ὡςὺψωθῆναι
475 3809 568 3860 καὶ
604 3807 922 3877 δοξασθῆναι
946 3808 1013 3862 δι’
1048 3809 1211 3862 αὐτοῦ
1236 3812 1326 3869 τὸν
1357 3811 1510 3875 Θεὸν,
1547 3812 1640 3864 καὶ

106 3897 295 3953 πάντων
315 3900 530 3954 ἐκείνων
545 3899 612 3952 τά
633 3899 757 3974 βέλη
777 3900 1090 3972 ἐλεγχθῆναι
1112 3901 1273 3955 ἀτονα
1298 3903 1389 3955 καὶ
1417 3904 1636 3974 ἀσθενῆ.

104 3988 166 4051 ὡς
190 3992 383 4060 νηπίων
440 3991 748 4063 λογισθῆναι
782 3991 909 4062 βέλη
941 3993 1038 4055 τὰς
1073 3993 1285 4065 πληγὰς
1315 3994 1511 4056 αὐτῶν,
1547 3996 1640 4052 καὶ

104 4080 185 4144 τὰς
218 4082 453 4148 γλώσσας
504 4085 680 4145 αὐτῶν
713 4086 796 4138 ἐπ’
824 4085 1017 4147 αὐτοὺς
1051 4082 1422 4155 ὲξασθενῆσαι.
1451 4085 1638 4140 Τοιοῦ-

103 4186 179 4236 τος
226 4175 323 4246 γάρ
357 4178 503 4234 ἐστιν
530 4179 558 4238 ὸ
591 4177 680 4236 τοῦ
710 4177 843 4231 Θεοῦ
888 4177 1188 4248 ἄνθρωπος,
1237 4179 1264 4229 ό
1293 4179 1634 4251 παραταττό-

108 4279 242 4331 μενος
265 4268 368 4327 τοῖς
400 4264 768 4335 προλεχθεῖσιν
810 4270 867 4320 ὲν
897 4268 1091 4338 καρδίᾳ.
1119 4265 1334 4339 βαθείᾳ·
1379 4268 1453 4331 ὡς
1489 4268 1637 4338 δέχε-

108 4353 208 4407 σθαι
233 4357 321 4426 μὲν
352 4356 510 4411 αὑτὸν
559 4357 658 4419 τὰς
691 4356 900 4429 πληγὰς
933 4360 1024 4412 καὶ
1056 4359 1123 4412 τά
1157 4359 1246 4412 διά
1289 4360 1636 4431 σοφισμάτων

107 4446 231 4517 βίλη,
262 4449 419 4520 γελᾷν
464 4449 520 4502 δὲ
553 4449 688 4502 αύτά
717 4451 807 4502 καὶ
835 4451 894 4503 τὸ
929 4452 1091 4521 μηδὲν
1124 4452 1392 4522 ἡγεῖσθαι,
1424 4453 1499 4517 ὡς
1531 4454 1636 4507 ὑπὸ

105 4540 277 4608 νηπίων
303 4543 503 4600 ἀτόνων
534 4544 650 4596 κατ’
671 4540 833 4595 αὐτοῦ
863 4544 1207 4613 πεμπόμενα.
1245 4543 1372 4598 Εῐτα
1400 4547 1495 4604 καὶ
1516 4548 1634 4600 ὲπιο
1665 4580 1709 4634 D

107 4631 325 4703 λυόμενος
374 4633 553 4688 αὐτῶν
582 4635 650 4688 τὰ
700 4635 1019 4705 σοφίσματα,
1053 4634 1150 4699 τὰς
1186 4635 1434 4702 γλώσσας
1456 4638 1634 4691 αὐτῶν

106 4729 179 4778 καὶ
215 4730 328 4790 τοὺς
366 4728 558 4795 λόγους
588 4727 998 4792 ὲξασθενοῦντας
1050 4725 1277 4794 ἐλέγξει.
1333 4728 1532 4789 Βαθεῖα
1578 4729 1634 4781 δὲ

106 4818 270 4885 καρδία
325 4821 358 4890 ἡ
408 4820 480 4890 μὴ
529 4818 585 4884 ἐξ
643 4819 905 4891 ἐπιπολῆς
946 4818 1139 4889 ἔχουσα
1199 4817 1268 4877 τά
1311 4818 1631 4893 μαθήματα,

108 4908 214 4976 μηδὲ
243 4913 293 4963 ὲν
324 4910 401 4980 τῷ
428 4910 742 4980 προφορικῷ
762 4910 903 4982 λόγῳ
934 4908 1322 4981 σεμνυνομένη,
1349 4897 1463 4963 ἀλλ’
1487 4911 1632 4965 ἔνδον

107 4995 150 5047 ὲν
174 5000 289 5070 αὐτῇ
323 5004 447 5063 τοὺς
478 5002 574 5071 τῆς
603 5001 835 5067 πίστεως
883 5003 1160 5074 θεμελίους
1209 5002 1628 5076 ὲρῤιζωμένους.

115 5086 408 5155 ’Δκολούθως
422 5094 596 5148 τοίνυν
609 5093 857 5162 λογικούς
875 5111 1023 5158 τινας
1044 5094 1334 5168 πολεμίους
1349 5093 1446 5163 τὴν
1461 5095 1633 5162 γλῶτ-

109 5195 185 5232 ταν
221 5182 597 5254 ἀκονήσαντας,
620 5186 712 5237 καὶ
752 5185 878 5252 τόξα
899 5188 1008 5250 τοῖς
1043 5186 1276 5264 χείλεσιν
1300 5185 1632 5250 ἑντείνοντας

108 5271 532 5344 ὑποστησάμενος,
592 5278 890 5332 ἀντιτάττει
942 5278 1124 5342 αὐτοῖς
1168 5275 1450 5348 ἄνθρωπον
1495 5276 1630 5330 Θεοῦ

110 5365 296 5435 καρδίαν
357 5366 575 5436 βαθεῖαν
632 5369 992 5442 κεκτημένονο
1057 5371 1150 5422 καὶ
1194 5368 1282 5421 τὸν
1345 5368 1442 5438 μὲν
1498 5368 1630 5422 Θεὸν

107 5457 175 5511 διὰ
193 5459 366 5514 τούτου
393 5461 767 5534 δοξαζόμενον,
812 5461 1049 5526 ζκείνους
1084 5461 1140 5514 δὲ
1171 5459 1512 5530 ἡττωμένους
1536 5462 1630 5524 καὶ

109 5541 528 5624 ἀσχημονοῦντας.

164 5686 180 5718 ι
218 5668 616 5741 Έταράχθησαν
655 5669 849 5734 πάντες
869 5671 916 5727 οῖ
944 5667 1268 5741 θεωροῦντες
1297 5669 1510 5731 αὐτοὺς,
1537 5669 1630 5721 καὶ

112 5759 305 5833 ὶφοϐήθη
335 5763 442 5824 πᾶς
479 5760 777 5832 ἀνθρωπος.
803 5782 829 5821 ,ι
866 5761 1178 5816 Ἀκόλουθον
1210 5757 1297 5833 ἦν,
1326 5761 1433 5813 τῶν
1470 5759 1630 5832 δοκή-

114 5867 172 5906 ou
201 5855 360 5927 σοῃῶν
391 5853 805 5926 ἀνατραπέντων
843 5857 934 5913 καὶ
981 5854 1086 5908 τῶν
1129 5853 1227 5922 τῆς
1252 5852 1429 5925 ψυχῆς
1468 5850 1624 5912 πολε-

1751 1982 1884 2037 Nam
1915 1983 2006 2053 qui
2036 1983 2182 2050 tales,
2221 1992 2371 2046 sunt,
2407 1997 2531 2037 vere
2574 1981 2764 2034 animae
2795 1980 3167 2035 interfectores
3200 1980 3302 2033 ha-.

1749 2076 1981 2130 beantur
2012 2093 2024 2127 :
2059 2091 2227 2146 quare
2252 2075 2420 2130 Deum
2450 2081 2640 2129 contra
2664 2072 2973 2144 huiusmodi
2996 2072 3180 2127 hostes
3203 2071 3301 2125 ad-

1743 2167 1980 2235 jutorem
2005 2168 2326 2232 invocabat;
2352 2182 2475 2220 cum
2501 2165 2732 2220 sensiles
2752 2165 3020 2229 inimicos,
3053 2164 3145 2234 qui
3170 2178 3300 2220 con-

1749 2266 1830 2311 tra
1859 2273 2088 2329 corpora
2123 2259 2290 2313 aciem
2313 2259 2606 2325 instrueut,
2634 2257 2787 2310 nihili
2820 2257 3042 2312 faceret.

1816 2437 1984 2494 Vsus.
2004 2438 2059 2500 8,
2082 2439 2132 2493 9.
2147 2456 2164 2488 ι
2186 2437 2419 2492 Accedet
2437 2437 2600 2491 homo
2623 2435 2676 2489 in
2694 2435 2856 2490 corde
2873 2435 3002 2496 alto,
3015 2443 3071 2489 et,
3095 2433 3304 2488 exalta.

1745 2533 1892 2586 bitur
1906 2530 2066 2586 Deus.
2092 2529 2308 2599 Sagitta:
2321 2529 2686 2599 parvulorum,
2712 2546 2729 2578 ι
2747 2535 2849 2581 etc.
2865 2525 3300 2594 lnimiciquidem

1746 2624 1939 2677 anima:
1981 2623 2161 2676 verbis
2209 2620 2606 2689 sesemalignis
2646 2619 3186 2679 circummunientes,
3221 2616 3303 2670 las-

1745 2731 1914 2786 queos
1944 2731 2074 2770 suos
2123 2715 2485 2775 occultantes,
2521 2713 2837 2780 iniquitates
2867 2716 3299 2780 perscrutantes,

1745 2811 1919 2879 iisque
1942 2807 2152 2877 gladios
2192 2820 2322 2859 suos
2355 2813 2701 2868 exacuenles,
2738 2802 3043 2870 linguisque
3070 2799 3187 2854 suis
3217 2798 3305 2852 in-

1744 2901 2027 2955 tendentes
2062 2913 2245 2961 arcus,
2275 2896 2702 2957 immaculatum,
2737 2893 3034 2961 simplicem
3057 2897 3111 2944 et
3140 2891 3304 2945 ϋηο-ς

1745 2999 1954 3046 centem
1987 2989 2345 3059 undequaque
2399 2986 2806 3059 perquirebant,
2839 2992 2896 3038 ut
2918 2984 3035 3053 ejus
3063 2982 3302 3042 animam

1745 3083 2135 3138 interficerent.
2165 3082 2232 3134 At
2256 3083 2404 3136 illum
2438 3080 2580 3134 Deus
2603 3079 2830 3148 eripiet;
2864 3077 3039 3147 angeli
3070 3090 3303 3145 namque

1747 3175 2066 3243 pusillorum
2101 3176 2156 3233 in
2190 3173 2431 3229 Ecclesia
2487 3187 2700 3241 semper
2729 3170 2913 3226 vident
2961 3168 3153 3223 faciem
3199 3166 3304 3220 Pa-

1745 3269 1845 3320 tris
1878 3267 1972 3336 qui
1999 3267 2053 3325 in
2078 3269 2232 3328 anglis
2262 3275 2366 3321 est.
2385 3264 2812 3320 Accedetautem
2840 3263 3000 3316 homo
3031 3259 3303 3332 quispiam

1746 3358 1814 3411 ad
1846 3373 1960 3422 eos,
1993 3359 2078 3411 vir
2107 3373 2227 3415 vere
2273 3357 2569 3427 perfectus,
2600 3371 2833 3425 eumque
2887 3353 3068 3410 ferens
3094 3353 3187 3430 qui
3233 3353 3303 3406 ad

1746 3451 2034 3521 imaginem
2065 3451 2157 3505 Dei
2192 3450 2366 3512 factus
2397 3465 2500 3516 est,
2529 3454 2619 3522 qui
2673 3452 2781 3510 alto
2809 3449 2975 3504 corde
3035 3448 3302 3511 munitus,

1745 3545 2145 3615 imperterritus
2182 3555 2370 3609 contra
2392 3562 2490 3605 eos
2526 3546 2712 3600 aciem
2755 3545 3007 3604 instruet,
3045 3542 3303 3611 ipsosque

1745 3622 1936 3691 omnes
1967 3637 2274 3712 dissipabit,
2302 3640 2372 3696 ita
2406 3645 2464 3694 ut
2513 3636 2631 3704 ejus
2655 3647 2816 3703 opera
2860 3627 3002 3693 Deus
3035 3630 3302 3684 exaltetur

1741 3734 1796 3785 et
1830 3727 2002 3796 gloria
2032 3726 2317 3790 adiciatur,
2351 3739 2648 3794 eorumque
2691 3723 2930 3776 omnium
2973 3721 3184 3789 sagittas
3216 3720 3299 3773 iu-

1743 3815 1912 3869 ﬁrmze
1958 3816 2272 3885 debilesque
2323 3815 2765 3888 comprobentur,
2799 3825 2862 3865 ac
2915 3810 3083 3879 plaga:
3109 3823 3299 3866 eorum

1741 3921 1842 3986 pro
1865 3907 2079 3976 sagittis
2103 3906 2454 3976 parvulorum
2510 3912 2850 3976 reputentur,
2878 3910 2932 3958 et
2990 3902 3185 3970 linguae
3212 3915 3300 3954 eo-

1740 4015 1862 4055 rum
1897 3998 1951 4059 in
1977 3998 2109 4069 ipsis
2133 3998 2492 4059 inﬁrmentur.
2539 3994 2859 4070 llujusmodl
2913 3993 3056 4049 enim
3087 3993 3175 4046 ille
3205 3991 3300 4044 ho-

1740 4110 1828 4156 mo
1859 4092 1948 4147 Dei
1974 4103 2077 4155 est,
2109 4089 2385 4160 quicorde
2443 4089 2552 4142 alto
2586 4097 2779 4142 contra
2829 4095 3159 4143 memoratos
3206 4084 3298 4138 ho-

1739 4187 1912 4240 mines
1958 4187 2130 4242 aciem
2180 4183 2420 4244 instruit,
2457 4190 2512 4234 ut
2539 4181 2723 4254 plagas
2787 4181 2922 4249 ipse.
2957 4186 3009 4233 et
3069 4179 3299 4247 sagittas

1739 4278 2164 4349 scpbismatibus
2194 4269 2411 4346 paratas
2434 4277 2699 4348 excipiat;
2760 4275 3033 4344 ipsasque,
3060 4279 3244 4351 utpote
3265 4285 3296 4324 α

1737 4373 1977 4442 parvulis
2006 4371 2237 4429 infirmis
2261 4371 2512 4432 emissas,
2542 4369 2765 4424 irrideat
2788 4381 2850 4420 ac
2881 4381 2977 4436 pro
3000 4365 3168 4418 nirilo
3191 4363 3293 4416 ha-

1738 4463 1882 4518 beat.
1913 4463 2027 4522 Sub
2056 4463 2170 4519 haec
2193 4447 2477 4532 postquam
2512 4444 2697 4513 eorum
2753 4457 3086 4525 sophismata
3114 4456 3296 4512 solve-

1737 4555 1827 4617 rit,
1852 4555 2066 4626 linguas
2092 4563 2145 4610 et
2169 4566 2449 4610 sermones
2478 4564 2664 4604 eorum
2699 4541 2952 4604 infirmos
2973 4546 3296 4622 comprobaq

1737 4647 1837 4706 bit.
1865 4646 1971 4702 Cor
2005 4655 2181 4702 autem
2235 4644 2402 4698 altum
2450 4649 2552 4704 est,
2613 4641 2757 4710 quod
2812 4639 3127 4709 disciplinas
3183 4654 3296 4693 non

1735 4739 1912 4808 quoad
1943 4736 2281 4806 superficiem
2306 4743 2515 4790 tantum
2557 4735 2782 4796 obtinet,
2817 4747 2990 4801 neque
3037 4734 3089 4784 in
3122 4723 3298 4803 prolae

1735 4829 1856 4883 titio
1880 4842 2131 4883 sermone
2161 4826 2467 4895 gloriatur;
2515 4826 2606 4881 sed
2639 4825 2783 4894 quod
2837 4823 2981 4876 intus
3008 4822 3128 4874 fidei
3164 4820 3290 4873 fun-

1735 4921 1988 4974 damenta
2022 4918 2262 4977 radicata
2294 4919 2479 4974 habet.
2511 4917 2920 4986 Consequenter
2953 4914 3115 4982 igitur
3137 4923 3287 4988 post—

1735 5029 1893 5082 quam
1929 5012 2281 5066 rationabiles
2311 5011 2574 5083 quosdam
2623 5010 2873 5064 inimicos
2907 5006 3140 5075 linguam
3163 5019 3293 5057 exn-2

1734 5111 1976 5165 cuentes,
2003 5112 2057 5163 et
2075 5105 2228 5159 labiis
2247 5105 2351 5162 tela
2374 5104 2649 5162 vibrantes
2680 5101 2986 5160 induxerat,
3018 5096 3289 5150 hominem

1733 5198 1828 5252 Dei
1861 5197 1970 5251 alto
2003 5199 2523 5272 corde‘instructum
2559 5194 2696 5267 ipsis
2722 5193 2944 5266 Opponit
2967 5233 2981 5258 ,
3013 5191 3289 5259 Deumque

1732 5290 1849 5358 ejus
1872 5303 2037 5358 opera
2061 5288 2233 5358 gloria
2282 5287 2638 5348 celebratum,
2682 5287 2911 5343 illosaue
2959 5283 3198 5352 abjectos
3226 5296 3288 5334 ac

1732 5381 1960 5452 turpiter
1989 5388 2205 5450 agentes
2230 5377 2400 5439 eﬂ'ert.

1816 5659 1966 5715 (sas.
1998 5659 2084 5714 10.
2129 5677 2146 5711 ι
2183 5655 2498 5712 Conturbati
2525 5664 2650 5710 sunt
2684 5670 2873 5710 omnes
2905 5653 2997 5723 qui
3035 5649 3290 5708 videbant

1731 5774 1845 5820 eos,
1880 5765 1933 5811 et
1959 5756 2142 5809 timuit
2183 5755 2362 5808 omnis
2409 5754 2590 5806 homo.
2624 5771 2642 5802 ι
2677 5749 3116 5805 Consentaneum
3147 5753 3288 5820 erat,

1731 5849 1934 5909 eversis
1985 5847 2051 5906 iis
2097 5847 2190 5924 qui
2236 5845 2338 5904 sibi
2387 5843 2660 5918 sapientes
2713 5842 3055 5902 videbantur.
3101 5834 3277 5895 inimi-
