3976 6348
679 430 780 482 69:5

1345 430 1610 486 EUSEBII
1647 427 2118 486 CIESARIENSIS
2155 427 2300 482 OPP.
2345 428 2521 484 PARS
2554 431 2641 486 Ill.
2681 464 2748 473 —
2783 434 3179 490 EXEGETICA.
3762 443 3843 498 δίει

680 543 865 613 eisque
886 542 1078 599 anima
1098 544 1164 599 ab
1196 545 1413 600 homine
1440 543 1534 600 Dei
1567 546 1884 609 confutatis,
1916 560 2009 600 eos
2041 545 2131 614 qui
2163 543 2207 596 in

2321 545 2456 613 μίων
2499 547 2932 619 ὰπελεγχθέντων
2992 548 3095 603 ὑπὸ
3146 548 3240 604 τοῦ
3281 550 3561 623 ἀνθρώπου
3594 554 3683 607 τοῦ
3715 555 3841 610 Θεοῦν

678 633 941 703 sapientia
972 634 1130 704 hujus
1151 637 1332 691 saeculi
1368 651 1474 690 non
1506 637 1577 690 ita
1602 637 1879 707 conspicui
1908 644 2063 691 erant
2092 651 2222 689 con-

679 725 906 778 turbari.
942 723 1075 778 Nam
1129 741 1252 780 cum
1308 728 1382 780 illi
1408 744 1628 796 quoque
1660 728 1714 780 in
1757 741 1986 781 numero
2034 740 2222 780 eorum

678 813 768 881 qui
825 813 951 866 victi
989 814 1200 869 fuerant
1249 825 1712 884 computarentur,
1761 826 1814 871 et
1872 817 1974 887 ipsi
2009 832 2223 886 quoque

678 898 815 957 athei
850 913 901 958 et
932 904 1079 974 impii
1109 916 1325 972 essent;
1359 917 1612 961 caeterum
1644 916 1825 977 utpote
1856 910 2056 964 malitia
2087 908 2222 978 ipsis

677 995 906 1063 impares
941 1035 956 1058 ,
1029 995 1279 1052 fortiores
1335 998 1530 1066 scipsis
1594 997 1830 1054 devictos
1891 1007 2172 1053 cernentes
2195 1008 2218 1060 ‘.

675 1087 1086 1141 conturbantur.
1153 1087 1336 1152 Quare
1402 1090 1602 1143 dictum
1643 1099 1723 1144 est
1773 1109 1784 1142 :
1834 1108 1851 1139 ι
1903 1089 2223 1143 Conturbati

676 1184 800 1231 sunt
852 1193 1041 1232 omnes
1092 1179 1182 1247 qui
1245 1178 1496 1233 videbant
1542 1195 1657 1233 eos.
1698 1200 1715 1230 ι
1770 1181 1837 1233 At
1891 1179 1983 1234 Dei
2037 1180 2218 1244 homo,

673 1275 725 1322 et
777 1283 965 1323 omnes
1022 1268 1141 1336 ejus
1190 1270 1371 1334 amici,
1430 1270 1519 1337 qui
1569 1285 1664 1338 per
1714 1285 1879 1323 unum
1935 1271 2219 1323 victoriam

673 1358 737 1413 de
756 1359 992 1415 inimicis
1012 1360 1338 1432 retulerunt,
1368 1361 1533 1416 Deum
1553 1368 1683 1414 tunc
1710 1363 1877 1430 magis
1903 1361 2217 1426 timuerunt,

678 1467 695 1497 ι
733 1456 786 1502 et
820 1451 1278 1505 annuntiaverunt
1306 1466 1471 1520 opera
1503 1453 1616 1515 Dei,
1648 1471 1666 1504 ι
1705 1461 1757 1507 et
1802 1452 2217 1520 iustiﬁcationes

671 1539 788 1607 ejus
818 1539 1216 1593 intellexerunt.
1243 1537 1470 1594 Etiamsi
1497 1544 1640 1596 enim
1663 1544 1825 1597 homo
1850 1543 2140 1608 videretur,
2163 1548 2218 1598 et

671 1630 777 1686 alto
804 1629 967 1684 corde
991 1638 1275 1699 putaretur
1296 1631 1547 1687 inimicos
1568 1633 1898 1699 debellasse;
1930 1647 1958 1685 a
1981 1632 2218 1703 pruden-

673 1718 814 1774 tibus
839 1729 1019 1774 tamen
1065 1728 1122 1774 ut
1152 1720 1292 1775 Deus
1342 1731 1534 1776 auctor
1563 1724 1799 1778 victoriae
1851 1723 2216 1794 cognosceba-

670 1817 777 1863 tur.
812 1810 990 1876 Quare
1019 1813 1053 1866 ii
1085 1828 1245 1881 opera
1283 1813 1374 1867 Dei
1414 1815 1833 1881 annuntiabant,
1877 1825 1928 1868 et
1959 1815 2214 1884 praeclara

2320 631 2444 692 τοὺς
2497 632 2568 702 μὴ
2620 634 2759 687 οὕτω
2787 637 2990 700 δεινοὺς
3030 639 3087 691 ἐν
3133 638 3291 709 σοφίᾳ
3332 639 3426 692 τοῦ
3465 641 3657 706 αἰῶνος
3688 644 3842 699 τούτου

2321 725 2694 795 ταράττεσθαι.
2731 728 2840 798 Τῆς
2870 728 2977 798 γὰρ
3000 730 3210 798 μερίδος
3229 730 3377 794 ὅντες
3404 731 3510 784 τῶν
3533 733 3843 803 ἡττωμένων,

2320 813 2463 867 ἄθεοι
2494 816 2585 868 καὶ
2609 816 2759 868 αὐτοὶ
2779 816 2871 868 καὶ
2892 816 3163 880 δυσσεϐεῖς
3187 835 3199 847 ·
3242 818 3380 890 πλὴν
3408 820 3483 883 ὡς
3505 820 3562 872 ἐν
3589 824 3749 893 κακίᾳ
3767 825 3846 894 τῆς

2319 906 2538 960 ἐκείνων
2574 906 2871 978 δεινότητος
2911 908 3179 973 ἐλάττους,
3219 911 3452 979 ὁρῶντες
3497 914 3847 983 νενικημένους

2318 997 2441 1059 τοὺς
2497 997 2702 1050 ἑαυτῶν
2745 997 2999 1067 βελτίους,
3033 1001 3406 1071 ταράττονται.
3455 1003 3545 1055 Διὸ
3589 1003 3844 1058 λέλυκεν

2324 1106 2342 1136 ι
2391 1087 2791 1160 Ἐταράχθησαν
2821 1091 3016 1154 πάντες
3043 1094 3092 1144 οί
3119 1091 3444 1163 θεωροῦντες
3489 1094 3706 1158 αὐτούς.
3750 1114 3768 1147 ›
3794 1097 3848 1149 Ὅ

2318 1194 2379 1245 γε
2414 1179 2516 1248 μὴν
2545 1179 2638 1231 τοῦ
2665 1179 2798 1232 Θεοῦ
2841 1180 3120 1252 ἄνθρωπος
3161 1183 3252 1237 καὶ
3285 1185 3481 1246 πάντες
3517 1187 3563 1238 οἱ
3596 1186 3763 1256 τούτῳ
3785 1191 3850 1256 φῖ-

2318 1266 2415 1329 λοι,
2455 1267 2542 1320 διὰ
2562 1267 2656 1322 τοῦ
2685 1268 2802 1331 ἐνὸς
2839 1269 2908 1322 τὰ
2951 1272 3067 1323 κατ’
3095 1270 3300 1342 ἐχθρῶν
3332 1272 3554 1342 βραδεῖα
3583 1274 3852 1344 ἀράμενοι,

2323 1358 2577 1426 μειζόνως
2603 1359 2694 1411 τὸν
2721 1359 2851 1413 Θεὸν
2885 1359 3241 1431 ἐφοϐήθησαν,
3275 1380 3292 1412 ι
3321 1363 3412 1416 καὶ
3451 1364 3772 1435 ἀνήγγειλαν
3799 1367 3856 1418 τὰ

2317 1445 2451 1516 ἔργα
2474 1445 2566 1498 τοῦ
2596 1447 2752 1511 Θεοῦ,
2790 1466 2809 1500 ι
2833 1448 2925 1501 καὶ
2954 1449 3021 1501 τὰ
3051 1449 3389 1521 δικαιώματα
3424 1449 3585 1504 αὐτοῦ
3614 1453 3853 1523 συνῆκαν.

2318 1537 2378 1590 El
2408 1537 2514 1608 γὰρ
2545 1538 2638 1590 καὶ
2662 1538 2728 1591 τὰ
2751 1537 2982 1608 μάλιστα
3013 1541 3294 1611 ἄνθρωπος
3319 1542 3511 1606 ἐδόκει,
3551 1546 3645 1596 καὶ
3678 1546 3858 1615 καρδίᾳ

2279 1627 2506 1700 ’βαθείᾳ
2551 1629 2648 1700 τὴν
2691 1630 2797 1683 τῶν
2840 1630 3108 1700 πολεμίων
3153 1633 3461 1704 ἀνατροπὴν
3510 1635 3857 1704 πεποιῆσθαι,

2314 1720 2449 1773 ἀλλὰ
2500 1726 2611 1784 ταῖς
2657 1725 2893 1785 συνετοίς
2949 1724 3288 1793 ἐγνωρίζετο,
3325 1725 3577 1786 αὑτὸςῶν
3615 1731 3642 1780 6
3683 1727 3860 1790 Θεὸςό

2315 1813 2413 1882 τῆς
2439 1813 2590 1883 νίκης
2624 1814 2810 1878 αἴτιος.
2842 1815 2933 1867 Διὸ
2970 1815 3037 1867 τὰ
3061 1815 3194 1886 ἔργα
3214 1816 3306 1869 τοῦ
3341 1816 3475 1871 Θεοῦ
3510 1819 3859 1889 ἀπήγγελλον,

669 1901 785 1969 ejus
805 1903 858 1957 in
892 1904 1166 1960 hominum
1197 1905 1426 1974 gratiam
1482 1916 1633 1975 gesta
1685 1906 1926 1960 facinora
1972 1906 2207 1960 celebra-

2312 1902 2601 1973 ὑμνοῦντες
2651 1905 2814 1959 αὐτοῦ
2877 1906 2944 1959 τὰ
2995 1906 3059 1958 δι’
3102 1906 3399 1979 ἀνθρώταυν
3453 1909 3860 1981 κατορθώματα.

667 1993 816 2047 bant.
858 1991 922 2046 Hi
949 1995 1152 2064 itaque,
1189 2004 1246 2047 ut
1273 2003 1627 2064 spectatores,
1656 1996 1721 2053 de
1768 1997 1991 2050 victoria
2021 1996 2213 2049 trium-

669 2083 908 2152 phatoris
940 2083 1104 2138 Deum
1133 2085 1385 2138 laudibus
1413 2085 1723 2140 efferebant.
1754 2085 1871 2153 ipse
1900 2094 2080 2140 autem
2129 2088 2214 2139 vi-

667 2182 784 2227 ctor
823 2194 840 2225 ί
868 2175 1138 2229 laetabitur
1174 2176 1227 2227 in
1279 2173 1527 2242 Domino,
1577 2187 1629 2232 et
1675 2178 1913 2246 sperabit
1961 2177 2015 2231 in
2069 2192 2152 2231 eo.
2189 2197 2207 2228 ι

666 2261 848 2332 Neque
875 2267 1016 2317 enim
1054 2265 1122 2318 de
1161 2267 1338 2335 seipso
1369 2282 1620 2337 magnum
1673 2269 1888 2334 sentiet,
1942 2284 2117 2337 neque
2147 2269 2214 2324 de

665 2353 892 2406 victoria
920 2353 1170 2408 eﬂ‘eretur
1195 2394 1208 2417 ,
1258 2356 1350 2410 sed
1386 2357 1569 2411 divino
1599 2358 1794 2428 gaudio
1822 2367 1875 2413 et
1899 2359 2082 2413 laetitia
2128 2375 2214 2413 re-

666 2445 916 2513 plebitur,
964 2453 1147 2514 utpote
1197 2447 1288 2516 qui
1317 2448 1540 2502 victoris
1570 2447 1664 2502 Dei
1723 2448 1968 2504 minister
2026 2449 2208 2504 fuerit.

667 2535 776 2589 Hoc
809 2551 968 2604 porro
992 2538 1225 2599 laetante,
1258 2553 1448 2592 omnes
1471 2540 1605 2593 recti
1637 2540 1799 2594 corde
1823 2541 2209 2606 laudabuntur,

666 2629 768 2698 ipsi
798 2644 1012 2697 quoque
1037 2629 1198 2682 unius
1229 2643 1391 2698 opera
1421 2644 1520 2684 ceu
1551 2630 1783 2686 victores
1832 2631 2026 2686 effecti.
2076 2632 2210 2686 Nam

664 2729 808 2774 totus
861 2718 994 2774 ordo
1050 2727 1332 2788 totumque
1396 2735 1595 2790 corpus
1648 2733 1957 2778 sanctorum
2000 2725 2212 2779 laudem

664 2818 1043 2879 consequetur,
1091 2812 1236 2880 quia,
1281 2812 1579 2866 secundum
1610 2811 1664 2868 S.
1700 2816 2042 2883 Apostolum,
2102 2831 2212 2870 uno

665 2902 902 2956 membro
923 2902 1143 2972 gloriam
1170 2901 1452 2969 referente,
1482 2904 1666 2959 omnia
1686 2905 1927 2961 membra
1950 2908 2004 2961 in
2027 2907 2211 2977 gloriae

664 3004 867 3062 partem
903 2995 1145 3048 veniunt.

698 3104 763 3157 IN
802 3104 1030 3171 FINEM,
1072 3105 1391 3160 PSALMUS
1427 3104 1699 3162 CANTICI
1742 3107 1947 3161 DAVID
1989 3077 2181 3162 LXtv.‘

2314 1985 2467 2045 Οὗτοι
2499 1995 2595 2064 μὲν
2622 1990 2733 2057 οῦν,
2779 1993 2966 2064 ὥσπερ
3019 1993 3222 2057 θεαταὶ,
3251 1995 3341 2048 τὸν
3385 1995 3517 2049 Θεὸν
3560 1995 3862 2062 δοξάζοντες

2312 2083 2403 2135 ἐπὶ
2453 2087 2514 2156 τῇ
2564 2085 2687 2158 νίκῃ
2731 2085 2823 2138 τοῦ
2849 2085 3188 2156 νενικηκότος
3227 2085 3508 2142 διετέλουν.
3549 2088 3720 2153 Αὐτὸς
3760 2089 3864 2141 ἄεὸ

2312 2174 2533 2245 νικητὴς
2565 2194 2584 2226 ι
2622 2177 3042 2247 εὐφρανθήσεται
3096 2177 3187 2229 ἐπὶ
3219 2176 3296 2246 τῷ
3329 2179 3536 2249 Κυρίῳ,
3567 2180 3659 2232 καὶ
3698 2180 3865 2233 ἐλπιεῖ

2314 2266 2397 2319 ἐπ’
2433 2265 2609 2318 αὐτόν.
2646 2285 2664 2317 ι
2696 2268 2770 2320 Οὐ
2819 2267 2928 2338 γὰρ
2956 2269 3038 2335 ἐφ’
3071 2267 3243 2338 ἐαυτῷ
3276 2267 3414 2337 μέγα
3449 2271 3726 2339 φρονήσει,
3767 2271 3864 2323 οὐδ’

2312 2354 2403 2406 ἐπὶ
2427 2359 2494 2425 τῇ
2521 2356 2643 2428 νίκῃ
2672 2357 3035 2427 ἐπαρθήσεται
3061 2374 3072 2383 ·
3103 2359 3272 2428 χαρᾶς
3305 2357 3360 2410 δὲ
3390 2357 3539 2420 θείας
3566 2361 3660 2411 καὶ
3680 2361 3869 2430 εὐφρο-

2314 2446 2475 2515 σύνης
2524 2446 2955 2518 πληρωθήσεται,
2985 2449 3059 2512 ὡς
3088 2450 3350 2520 ὑπουργὸς
3385 2452 3478 2503 καὶ
3505 2450 3752 2514 διάκονος
3781 2451 3865 2502 τοι]

2311 2533 2582 2587 νικοποιοῦ
2636 2534 2771 2588 Θεοῦ
2803 2533 3057 2603 γεγονώς.
3099 2537 3302 2590 Τούτου
3337 2537 3394 2591 δὲ
3423 2538 3866 2608 εὑφραινομένου.

2312 2628 2506 2689 πάντες
2537 2627 2584 2679 οἱ
2621 2627 2799 2689 εὐθεῖς
2828 2629 2892 2698 τῇ
2929 2627 3124 2699 καρδίᾳ
3156 2629 3619 2702 ἐπαινεθήσονται,
3652 2629 3744 2682 διὰ
3781 2629 3867 2681 τοῦ

2311 2717 2426 2781 ἐνὸς
2459 2718 2551 2771 καὶ
2588 2720 2736 2772 αὐτοὶ
2765 2718 2950 2791 ὥσπερ
3002 2721 3208 2790 νικηταὶ
3242 2721 3666 2792 ἀποδειχθέντες.
3715 2722 3869 2775 Ὀλον

2310 2809 2418 2878 γὰρ
2438 2809 2498 2861 τὸ
2527 2810 2709 2880 τάγμα
2738 2812 2827 2864 καὶ
2856 2811 2916 2864 τὸ
2956 2810 3113 2883 σῶμα
3165 2811 3270 2865 τῶν
3295 2813 3463 2880 ἁγίων
3496 2814 3722 2868 ἐπαίνου
3749 2813 3868 2866 τεύ-

2312 2896 2496 2963 ξεται·
2531 2901 2737 2972 ἐπειδὴ,
2785 2901 3140 2973 δοξαζομένου
3201 2903 3390 2974 μέλους
3431 2904 3568 2967 ἐνὸς,
3619 2904 3870 2967 συνδοξα-

2311 2989 2459 3053 ζεται
2499 2993 2674 3045 πάντα
2702 2992 2769 3045 τὰ
2805 2994 2959 3064 μέλη,
2992 2996 3131 3048 κατὰ
3161 2995 3251 3048 τὸν
3287 2996 3424 3066 ἱερὸν
3461 2997 3803 3051 Ἀπόστολον.

2311 3100 2417 3156 ΕΙΣ
2444 3104 2530 3155 T0
2563 3103 2806 3167 ΤΕΛΟΣ,
2844 3104 3129 3159 mmo}:
3161 3104 3247 3174 Te
3272 3105 3472 3159 ΔΑΥιΔ
3523 3107 3719 3177 oms.
3756 3107 3869 3168 EA’.

731 3214 894 3270 Vens.
933 3216 988 3280 2,
1012 3218 1066 3271 5.
1101 3236 1117 3266 ι
1149 3215 1224 3271 Te
1263 3217 1418 3273 decet
1446 3217 1698 3286 hymnus,
1749 3219 1909 3284 Deus,
1944 3222 1998 3274 in
2051 3219 2203 3291 Sion,

2382 3237 2401 3270 ι
2440 3218 2530 3271 Σοὶ
2551 3220 2759 3288 ,πρέπει
2790 3217 2972 3288 ὕμνος,
3002 3218 3029 3270 6
3058 3215 3209 3283 Θεὸς,
3235 3219 3291 3270 ἐν
3316 3218 3473 3282 Σιὼν,
3501 3221 3595 3273 καὶ
3628 3222 3869 3283 6016m-

661 3316 714 3360 et
743 3308 836 3361 tibi
871 3309 1124 3363 reddetur
1147 3318 1327 3362 votum
1359 3309 1412 3363 in
1443 3307 1760 3367 Jerusalem.
1809 3331 1826 3363 ›
1864 3311 2207 3383 Prophetiam

660 3403 1035 3472 complectitur
1067 3420 1252 3458 eorum
1287 3421 1407 3475 quae
1448 3406 1502 3460 in
1535 3406 1693 3462 finem
1727 3417 1982 3462 eventura
2016 3415 2203 3475 erant;

659 3501 984 3564 quaprOpter
1015 3495 1331 3550 inscribitur
1367 3514 1384 3548 ι
1444 3495 1514 3562 ln_
1547 3495 1727 3550 finem.
1759 3517 1777 3548 ι
1818 3496 2072 3562 Quaenam
2108 3513 2206 3552 au-

659 3592 764 3639 tem
806 3585 894 3638 illa
927 3595 1128 3650 essent,
1185 3585 1378 3640 deinde
1412 3587 1584 3655 aperit
1621 3585 1706 3639 his
1747 3586 1966 3641 verbis:
1999 3606 2016 3638 ε
2050 3587 2129 3640 Ad
2155 3595 2207 3642 te

657 3677 832 3731 omnis
868 3692 996 3732 caro
1036 3678 1231 3731 veniet.
1276 3697 1294 3728 ι
1328 3675 1444 3730 Non
1471 3676 1583 3745 jam
1628 3676 1802 3730 solum
1832 3674 2089 3732 Judaicus
2111 3692 2207 3747 po-

657 3769 837 3838 pulus,
874 3768 964 3823 sed
996 3769 1173 3823 omnis
1199 3783 1347 3829 caro,
1372 3767 1426 3821 id
1450 3775 1552 3830 est,
1587 3775 1756 3824 totum
1800 3766 2078 3821 hominum
2118 3783 2209 3838 ge—

657 3875 777 3914 nus.
811 3857 901 3912 Sic
932 3859 1074 3914 enim
1104 3860 1242 3914 solet
1276 3857 1556 3928 Scriptura
1583 3859 1829 3912 homines
1859 3872 2048 3913 omnes
2067 3858 2207 3912 indi-

655 3966 800 4015 care,
836 3950 927 4021 qui
951 3952 1079 4006 olim
1124 3952 1369 4006 carnales
1401 3951 1713 4022 terrenique
1741 3959 1915 4006 erant.
1948 3949 2124 4017 Quare
2151 3950 2204 4005 in

657 4044 768 4112 lege
793 4043 989 4096 dicitur
1013 4059 1024 4093 :
1060 4062 1076 4093 ι
1113 4042 1366 4112 Corrupit
1389 4043 1565 4098 omnis
1591 4059 1719 4099 caro
1743 4045 1881 4098 viam
1908 4058 2064 4097 suam
2093 4046 2150 4108 ’;
2181 4063 2197 4094 ι

654 4149 717 4187 ac
761 4149 1020 4188 rursum:
1069 4153 1087 4185 ι
1126 4133 1240 4188 Νοη
1287 4138 1621 4204 permanebit
1667 4138 1891 4205 spiritus
1941 4152 2097 4192 meus
2147 4137 2203 4190 in

654 4223 959 4278 hominibus
1013 4223 1118 4288 his,
1165 4224 1291 4293 quia
1348 4239 1540 4281 carnes
1589 4234 1715 4280 sunt
1751 4227 1812 4281 ‘°.
1861 4246 1878 4278 ι
1917 4223 2028 4280 Sed
2071 4233 2203 4279 tunc

653 4318 866 4387 quidem
919 4317 1098 4372 omnis
1140 4331 1267 4369 caro
1328 4311 1712 4383 incusabatur;
1747 4331 1891 4371 nunc
1946 4332 2075 4372 vero
2135 4315 2202 4370 ad

651 4410 816 4466 Deum
847 4419 1071 4471 ventura
1105 4408 1320 4463 dicitur.
1371 4406 1730 4472 Quamobrem
1787 4410 1878 4478 qui
1921 4416 2043 4479 post
2098 4407 2203 4461 Da-

648 4503 824 4557 videm
867 4501 966 4556 fuit
997 4501 1111 4556 Joel
1166 4501 1460 4571 propheta,
1521 4500 1669 4556 omni
1732 4501 1882 4554 carni
1947 4500 2202 4570 pulcher-

651 4593 787 4646 rima
841 4593 1165 4646 vaticinatur
1209 4593 1396 4647 dicens
1445 4612 1456 4646 :
1507 4590 1832 4646 «Effundam
1884 4591 1951 4645 de
2003 4592 2198 4661 spiritu

649 4695 769 4738 meo
812 4697 973 4751 super
1013 4697 1224 4736 omnem
1269 4697 1518 4742 carnem,
1550 4690 1603 4759 et
1650 4681 2134 4751 prophetabunt“.
2174 4699 2192 4731 ι

650 4773 884 4843 ldipsum
929 4788 1140 4842 quoque
1191 4774 1429 4828 declarat
1481 4773 1647 4827 Isaias
1696 4773 1880 4826 dicens
1925 4791 1938 4825 :
1988 4791 2005 4822 ι
2037 4770 2198 4826 Vide-

627 4851 725 4919 bit
771 4866 948 4920 omnis
995 4880 1121 4918 caro
1167 4867 1406 4918 salutare
1447 4863 1539 4918 Dei
1585 4867 1648 4917 η.
1694 4885 1712 4916 ι
1767 4863 2016 4920 Salutare
2068 4879 2198 4933 por-

646 4971 709 5009 ro
766 4955 860 5009 Dei
913 4957 980 5010 ab
1019 4956 1164 5011 omni
1195 4970 1358 5009 carne
1398 4956 1832 5026 cognoscendum
1868 4955 1997 5025 quid
2049 4955 2196 5009 aliud

646 5046 828 5109 fuerit,
865 5061 1027 5116 quam
1060 5045 1310 5102 Christus
1358 5045 1473 5108 Dei,
1504 5054 1563 5099 ut
1603 5047 1920 5115 plerumque
1972 5045 2196 5099 demon-

645 5135 1111 5193 stravimusiﬂoc
1144 5135 1324 5208 itaque
1377 5137 1613 5191 salutare
1663 5135 1914 5191 omnibus
1956 5136 2191 5190 homini-

644 5229 764 5289 bus,
788 5230 879 5298 qui
900 5230 1028 5284 olim
1051 5229 1297 5283 carnales
1321 5236 1496 5291 erant,
1539 5229 1831 5283 revelatum
1880 5228 1953 5280 iri-
1975 5229 2028 5280 in
2058 5231 2194 5283 vati-

645 5319 790 5372 cinio
844 5319 1177 5373 enuntiatur.
1234 5316 1364 5371 Jure
1422 5333 1550 5388 ergo
1606 5333 1842 5387 presens
1905 5321 2144 5387 psaimus
2179 5359 2194 5382 ,

644 5409 876 5478 idipsum
933 5410 1278 5478 significans,
1313 5409 1727 5478 promissionem
1775 5409 2024 5477 obsignat
2069 5425 2191 5464 cum

644 5501 757 5554 ait:
795 5519 814 5551 ε
852 5500 930 5553 Ad
955 5508 1007 5553 te
1035 5501 1213 5554 omnis
1244 5515 1373 5560 caro
1423 5502 1621 5554 veniet.
1660 5519 1677 5550 ι
1737 5499 1850 5554 Sub
1880 5502 1992 5554 haec
2014 5510 2193 5558 autem

643 5592 841 5646 clarius
873 5592 1194 5646 sententiam
1218 5590 1371 5644 effert
1400 5604 1523 5642 cum
1554 5590 1703 5643 addit
1739 5611 1749 5642 :
1784 5610 1800 5641 α
1835 5589 2037 5645 Exaudi
2070 5607 2191 5653 nos,

643 5682 804 5747 Deus,
844 5683 1098 5737 sa‘lutaris
1119 5689 1322 5745 noster,
1359 5696 1484 5750 spes
1504 5682 1741 5735 omnium
1786 5682 1970 5735 finium
2007 5692 2185 5746 terrae,

2307 3309 2586 3380 δοθήσεται
2611 3310 2742 3379 εὐχὴ
2769 3312 2825 3362 ἐν
2863 3308 3229 3379 Ἰερουσαλήμ.
3268 3327 3286 3360 ι
3318 3309 3660 3380 Προφητείαν
3688 3313 3872 3382 περιέ-

2308 3419 2388 3472 χει
2422 3401 2715 3471 μελλόντων
2740 3402 2818 3463 είς
2833 3401 2889 3452 τὸ
2914 3399 3062 3463 τέλος
3086 3401 3484 3470 ἀπαντήσεσθαι
3507 3405 3865 3474 πραγμάτωγι

2306 3492 2383 3545 διὸ
2399 3478 2814 3562 ἐπιγέγραπται·
2838 3508 2856 3540 ι
2880 3491 2972 3553 Et:
3004 3490 3064 3543 τὸ
3091 3490 3258 3552 τέλος.
3290 3508 3306 3540 ι
3329 3490 3459 3543 Τίνα
3490 3491 3547 3544 δὲ
3570 3492 3768 3558 ταῦτα,
3800 3493 3869 3546 δι-

2306 3587 2490 3640 δάσκει
2549 3585 2676 3655 ἐξῆς
2724 3585 2916 3653 λέγων,
2956 3603 2975 3635 ‹
3016 3585 3158 3655 Πρὸς
3212 3585 3272 3638 σὲ
3318 3586 3467 3640 πᾶσα
3500 3584 3634 3656 σάρξ
3669 3587 3818 3656 ἡξει.
3849 3606 3864 3636 ι

2307 3675 2497 3727 Οὐκέτι
2524 3675 2629 3745 γὰρ
2655 3675 2809 3744 μόνον
2841 3675 2901 3728 τὸ
2941 3675 3202 3728 Ἰουδαίων
3235 3675 3406 3738 ἔθνος,
3431 3675 3563 3728 ἀλλὰ
3588 3679 3686 3729 καὶ
3722 3678 3870 3730 πᾶσα

2309 3761 2460 3833 σὰρξ,
2515 3763 2755 3814 τουτέστι
2805 3764 2911 3816 πᾶν
2958 3765 3111 3830 γένος
3152 3764 3468 3837 ἀνθρώπων.
3512 3766 3705 3829 Οὕτως
3768 3769 3870 3834 γὰρ

2306 3854 2492 3906 εἴωθεν
2523 3854 2552 3905 6
2585 3853 2753 3920 Λόγος
2812 3854 3017 3918 πάντας
3069 3855 3383 3926 ἀνθρώπους
3436 3855 3726 3924 σημαίνειν
3748 3860 3869 3918 τοὺς

2307 3944 2472 3997 πάλαι
2520 3945 2802 4016 σαρκίνους
2840 3945 2932 3997 καὶ
2985 3945 3220 4013 γεώδεις.
3250 3945 3339 3998 Διὸ
3372 3945 3463 4013 καὶ
3506 3948 3563 3998 ἐν
3603 3946 3688 4016 τῷ
3722 3949 3868 4018 νόμῳ

2303 4037 2578 4091 λέλεκται·
2615 4056 2632 4087 ι
2661 4037 2938 4108 Διέφθειρε
2984 4039 3130 4090 πάσα
3179 4036 3313 4108 σὰρξ
3350 4037 3446 4107 τὴν
3467 4036 3586 4090 ὁδὸν
3605 4037 3814 4091 αὐτοῦ·
3849 4059 3862 4088 ι

2305 4131 2397 4183 καὶ
2438 4128 2594 4182 πάλιν
2620 4146 2633 4159 ’
2687 4147 2704 4178 t
2747 4131 2819 4181 Οὐ
2859 4129 2931 4201 μὴ
2970 4129 3268 4202 καταμείνῃ
3311 4115 3372 4182 τὸ
3425 4128 3638 4200 πνεῦμά
3674 4147 3782 4200 μου
3815 4133 3868 4181 ἑν

2301 4224 2410 4293 τοῖς
2441 4220 2742 4293 ἀνθρώποις
2760 4222 2985 4285 τούτοις,
3007 4220 3094 4274 διὰ
3119 4220 3177 4274 τὸ
3212 4217 3348 4275 εἶναι
3376 4221 3565 4284 αὐτοὺς
3594 4222 3862 4292 σάρκας.)

2315 4291 2471 4367 Ἀλλὰ
2521 4291 2640 4365 τότε
2690 4314 2785 4382 μὲν
2836 4315 2983 4365 πᾶσα
3036 4310 3172 4381 σὰρξ
3223 4314 3601 4380 κατηγορεῖτο·
3648 4291 3755 4364 νῦν
3815 4314 3865 4365 δὲ

2301 4403 2448 4473 ἥξειν
2495 4403 2628 4474 πρὸς
2649 4402 2739 4454 τὸν
2771 4403 2900 4455 Θεὸν
2940 4402 3170 4467 λέγεται.
3202 4401 3292 4453 Διὸ
3314 4403 3404 4453 καὶ
3431 4401 3564 4468 μετά
3586 4401 3682 4453 τὸν
3707 4404 3865 4456 Δαυῒδ

2315 4495 2485 4565 Ἰωήλ,
2547 4494 2827 4565 προφήτης
2891 4491 3192 4561 γενόμενος,
3251 4489 3317 4544 τά
3367 4490 3619 4543 κάλλιστα
3682 4493 3865 4561 πάσης

2306 4585 2502 4656 σαρκὸς
2529 4583 2770 4648 θεσπίζει
2809 4583 3011 4649 λέγων·
3049 4602 3065 4632 ι
3108 4582 3310 4652 Ἐκχεῶ
3353 4583 3458 4636 ἀπὸ
3489 4581 3581 4634 τοῦ
3612 4583 3862 4653 πνεύμα-

2304 4682 2392 4742 τός
2433 4697 2529 4750 μου
2573 4680 2663 4731 ἐπί
2708 4680 2885 4731 πᾶσαν
2929 4676 3123 4746 σάρκα,
3165 4677 3256 4729 καὶ
3306 4674 3798 4746 προῃτεὲωυσιν.
3843 4697 3857 4725 ι

2317 4772 2473 4824 Ἀλλὰ
2530 4773 2624 4824 καὶ
2673 4773 2700 4823 6
2754 4769 2974 4830 Ἡσαΐας
3030 4768 3224 4820 ταύτὸν
3267 4767 3587 4836 παρίστησιν
3649 4766 3857 4818 εἰπών·

2309 4879 2326 4910 ι
2365 4861 2585 4929 Ὀψεται
2613 4861 2782 4912 πᾶσα
2820 4858 2956 4929 σὰρξ
2991 4858 3050 4911 τὸ
3084 4859 3346 4928 σωτήριον
3369 4855 3462 4907 τοῦ
3502 4854 3654 4908 Θεοῦ.
3698 4875 3718 4906 ι
3753 4859 3860 4910 Σω-

2300 4956 2481 5022 τήριον
2525 4951 2580 5004 δέ
2621 4948 2753 5003 Θεοῦ
2793 4950 2937 5022 πάσῃ
2973 4947 3134 5022 σαρκὶ
3171 4947 3606 5019 γνωσθησόμενον
3639 4951 3698 5001 τί
3734 4968 3857 5004 ποτε

2296 5039 2361 5115 ἦν
2387 5043 2513 5114 ἄρα,
2551 5043 2583 5114 ἢ
2614 5045 2641 5095 6
2660 5042 2889 5112 Χριστὸς
2931 5041 3023 5094 τοῦ
3048 5040 3201 5104 Θεοῦ,
3229 5039 3407 5102 καθὼς
3426 5039 3686 5102 πολλάκις
3723 5043 3856 5095 ἀπε-

2294 5135 2576 5206 δείξαμενς
2623 5135 2788 5186 Τοῦτο
2832 5130 2925 5186 οὖν
2963 5133 3021 5186 τὸ
3062 5133 3319 5203 σωτήριον
3348 5133 3509 5184 πᾶσιν
3546 5131 3858 5202 ἀνθρώποις

2294 5231 2403 5290 τοῖς
2456 5228 2617 5281 πάλαι
2685 5227 2955 5296 σαρκίνοις
3008 5225 3549 5295 ἁποκαλυφθήσεσθαι
3607 5242 3856 5297 προεφή-

2293 5319 2495 5372 τεύετο.
2521 5319 2756 5381 Εἰκότως
2780 5313 2871 5370 οὖν
2897 5317 2990 5370 καὶ
3012 5318 3040 5368 6
3065 5315 3200 5386 μετὰ
3229 5318 3412 5387 χεῖρας
3431 5314 3663 5385 ψαλμὸς.
3697 5317 3851 5369 τοῦτο

2295 5409 2425 5461 αὐτὸ
2459 5409 2755 5479 σημαίνων,
2795 5404 3242 5477 ἐπισφραγίζεται
3269 5407 3366 5478 τὴν
3407 5405 3747 5473 ἐπαγγελίαν
3771 5408 3852 5460 διὰ

2296 5499 2387 5551 τοῦ
2413 5502 2573 5568 φάναι
2597 5515 2609 5529 ο
2657 5517 2675 5549 α
2704 5500 2842 5570 Πρὸς
2885 5499 2943 5550 σέ
2973 5493 3119 5551 πᾶσα
3152 5497 3285 5570 σὰρξ
3316 5498 3454 5568 ἥξει.
3491 5519 3509 5550 ι
3543 5499 3851 5551 Ὑποκατα·

2296 5591 2395 5654 ϐὰς
2422 5592 2498 5659 δέ,
2524 5592 2848 5663 σαφέστερον
2871 5592 2932 5661 ἐρ
2941 5589 3160 5661 μηνεύει
3187 5589 3283 5663 τήν
3305 5590 3539 5644 διάνοιαν
3559 5590 3846 5656 ἐπιλέγων·

2301 5702 2316 5731 ι
2372 5683 2696 5739 Ἐπάκουσον
2724 5681 2964 5752 ήμῶνγὸ
3001 5680 3131 5744 Θεὸς
3155 5685 3183 5736 6
3221 5681 3401 5754 σωτὴρ
3430 5681 3660 5753 muva
3700 5680 3850 5743 ἐλπὶς

717 5839 1104 5903 ⁹6‹.“ιι.νι,19..
1187 5835 1470 5893 ¹⁹Ιὶιὶιί.ὖ.
1550 5838 1752 5892 “Joel.
1793 5838 1970 5903 11,28.
2052 5815 2470 5902 ηἰεα.ιιι,ιο.
