3976 6348
92 457 185 512 ϐἳθ

1193 452 1688 508 COMMENTARIA
1728 454 1793 508 IN
1834 453 2163 509 PSALMOS.

3188 455 3290 510 650

91 564 175 617 τοῦ
203 563 425 635 ψαλμοῦ,
454 548 733 635 ζητήσειεν
750 566 814 619 άν
842 581 944 629 τις,
984 566 1108 637 πότε
1142 564 1230 618 τὸν
1264 566 1424 621 Δαυῒδ
1454 554 1633 637 ﬁmi);

1744 580 1857 619 cum
1884 566 2097 635 psalmi,
2131 585 2149 616 ι
2192 564 2406 619 Davidis
2442 583 2458 610 ι
2486 563 2803 633 inscriptum
2827 573 2943 629 est;
2988 575 3290 632 opportune

96 655 179 708 σὺν
231 655 373 725 αὑτῷ
416 655 561 733 λόγοι
604 657 817 727 ἀνόμων
870 656 1390 727 ὑπερεὸυνάμωσαν·
1428 657 1629 726 ἦκατά

94 745 173 798 τὺν
215 744 517 816 Σύμμαχον,
558 763 577 796 ι
609 746 1129 800 κατεδυνάστευσαν·
1164 765 1181 795 ι
1227 747 1382 809 ποίας
1418 746 1477 799 δὲ
1536 749 1629 802 καὶ

90 836 321 901 ἀσεϐείας
350 838 616 909 ὲκτήσατο
633 840 661 891 6
685 836 929 900 τοσοῦτος
961 836 1053 890 τοῦ
1083 836 1216 890 Θεοῦ
1236 839 1517 909 προφήτης
1536 840 1629 892 καὶ

93 932 133 982 oi
163 930 249 982 σὺν
262 929 427 1000 αὐτῷ,
452 931 698 1002 ἀπείπερ,
720 949 738 981 ι
759 931 856 993 τὰς
881 930 1129 993 ἀσεϐείας
1148 930 1301 1001 ήμῶν
1331 932 1394 985 σὺ
1415 931 1623 1002 Man,»

95 1021 254 1091 φησίν.
286 1020 443 1075 Ἀλλά
490 1021 617 1092 γάρ,
667 1021 741 1083 ὡς
804 1019 1237 1090 ἀποδεδώκαμεν,
1283 1022 1630 1093 προφητικῶς

93 1112 143 1162 τὸ
168 1110 380 1182 Πνεῦμα
411 1112 471 1164 τὸ
499 1112 671 1180 ἅγιον,
707 1111 806 1180 τῆς
832 1108 941 1164 τῶν
971 1111 1138 1166 ἐθνῶν
1160 1112 1398 1184 κλήσεως
1426 1130 1631 1184 μνημο-

94 1202 286 1265 νεῦσαν,
345 1204 439 1256 καὶ¹
488 1203 684 1273 φῆσανο
727 1224 744 1255 ι
782 1205 923 1275 Πρὸς
959 1204 1017 1257 σὲ
1058 1206 1208 1259 πᾶσα
1249 1205 1383 1276 σὰρξ
1412 1205 1562 1275 ἥξει,
1608 1227 1626 1259 ι

93 1295 379 1359 ἀκολούθως
426 1296 525 1366 τὴν
574 1295 956 1366 ἐξομολόγησιν
996 1296 1174 1350 αὐτῶν
1217 1296 1522 1367 διαγράφει,
1574 1297 1633 1362 ἐξ

90 1384 251 1439 αὐτῶν
294 1383 583 1455 προσώπου
650 1385 884 1453 φάσκοψ
938 1403 956 1437 ι
1005 1385 1165 1453 Λόγοι
1208 1385 1421 1455 ἀνόμων
1466 1388 1632 1458 ὑπερ-

85 1476 421 1546 εδυνάμωσαν
447 1475 611 1545 ἡμᾶς,
651 1494 669 1527 ι
700 1475 946 1528 τουτέστι
986 1477 1264 1549 κρείττους
1294 1476 1448 1546 ήμῶν
1479 1478 1634 1545 γεγό-

91 1584 198 1619 νασι
229 1565 318 1619 καὶ
348 1564 701 1636 δυνατώτεροι
744 1566 898 1638 ήμῶν
945 1568 993 1619 οἱ
1044 1567 1151 1619 τῶν
1195 1567 1409 1637 ἀνόμων
1462 1566 1629 1635 λόγοι.

96 1652 385 1723 ’Δνομοιρὲ
414 1654 613 1717 πάντες
636 1650 774 1724 ἦσαν
811 1655 861 1706 oi
886 1654 1089 1724 πρῶτοι
1120 1654 1515 1726 συστησάμενοι
1538 1658 1634 1727 τὴν

88 1747 183 1800 τῶν
206 1745 432 1799 εἰδώλων
465 1745 738 1799 θεοποιίαν
759 1762 772 1776 ο
812 1746 959 1815 λόγοι
988 1763 1049 1800 τε
1087 1746 1264 1800 αὐτῶν
1292 1750 1339 1801 οί
1367 1748 1453 1801 διὰ
1477 1753 1634 1819 ποιη-

88 1835 182 1887 τῶν
196 1835 284 1889 καὶ
316 1835 424 1889 τῶν
458 1836 635 1903 σοφῶν
656 1822 750 1889 τοῦ
779 1836 973 1900 αἰῶνος
991 1837 1176 1891 τούτου
1204 1838 1329 1909 περὶ
1354 1839 1450 1910 τῆς
1476 1839 1634 1892 πολυο

1733 667 2005 727 quairatur
2030 656 2372 727 quandonam
2396 646 2447 710 in
2477 655 2726 710 Davidem
2747 663 2838 708 aut
2864 669 2993 709 suos
3014 656 3175 710 verba
3190 656 3294 709 ini-

1735 766 1963 820 quorum
1983 751 2409 819 praavaluerunt;
2435 750 2549 805 sive
2567 748 2861 804 secundum
2886 746 3288 818 Symmachum,

1742 858 1759 889 ι
1790 838 2048 893 dominati
2079 846 2207 893 sunt
2239 854 2252 888 :
2301 858 2318 890 ι
2354 838 2511 908 queis
2570 852 2698 891 vero
2748 837 3122 909 impietatib'us
3166 854 3291 893 cum

1736 938 1919 984 tantus
1971 929 2061 983 ille
2114 927 2207 983 Dei
2261 930 2545 998 propheta,
2608 937 2722 983 tum
2759 930 2893 985 socii
2921 931 3038 1000 ejus
3081 931 3289 986 addicti

1736 1019 1957 1089 fuerint,
1985 1019 2249 1090 siquidem
2276 1019 2375 1084 ait,
2407 1038 2425 1071 ι
2464 1020 2827 1089 impietatibus
2858 1023 3055 1077 nostris
3086 1030 3142 1075 tu
3163 1038 3290 1091 pro-

1742 1102 2040 1180 pitiaberis.
2087 1129 2105 1161 ι
2140 1107 2360 1171 Verum,
2391 1108 2469 1163 uti
2496 1110 2608 1177 jam
2638 1109 2977 1173 tradidimus,
3009 1127 3130 1166 cum
3166 1109 3290 1179 Spi-

1738 1204 1878 1257 ritus
1908 1210 2133 1257 sauctus
2162 1201 2400 1272 gentium
2432 1202 2773 1256 vocationem
2799 1203 3109 1274 prophetice
3137 1218 3290 1257 com-

1737 1302 1997 1347 memoret
2026 1307 2088 1346 ac
2132 1292 2316 1353 dicat;
2354 1310 2373 1343 ι
2406 1290 2485 1346 Ad
2515 1300 2571 1346 te
2625 1292 2803 1347 omnis
2845 1308 2974 1346 caro
3032 1294 3233 1356 veniet,
3268 1311 3287 1344 ι

1737 1396 1923 1437 earum
1954 1380 2351 1435 confessionem
2394 1390 2788 1449 consequenter
2808 1379 3092 1443 describit,
3127 1395 3191 1433 ac
3226 1394 3293 1435 ex

1737 1485 1923 1525 earum
1940 1485 2171 1538 persona
2190 1470 2320 1523 dicit
2347 1485 2359 1520 :
2392 1489 2410 1521 ι
2438 1468 2631 1524 λνοιδι
2647 1469 2955 1539 iniquorum
2974 1534 2977 1535 ν
2994 1470 3292 1537 praevalue-

1740 1570 1865 1615 runt
1911 1574 2228 1630 supernos,
2271 1579 2290 1611 ι
2324 1560 2504 1624 idest,
2562 1560 2726 1615 verba
2780 1560 3087 1630 iniquorum
3131 1575 3292 1630 supc-

1739 1652 1887 1705 riora
1920 1665 1981 1704 ac
2015 1650 2319 1719 potentiora
2383 1651 2585 1705 nostris
2632 1650 2870 1705 fuerunt.
2914 1651 3088 1719 lniqui
3114 1657 3291 1704 autem

1743 1742 1911 1807 fuere,
1951 1742 2043 1811 qui
2080 1742 2235 1811 primi
2288 1740 2431 1795 idola
2498 1740 2639 1794 inter
2684 1740 2815 1795 deos
2864 1748 3288 1809 Computarunt:

1743 1836 1904 1890 verba
1926 1848 2095 1903 porro
2126 1848 2310 1888 eorum
2337 1841 2483 1897 sunt,
2522 1847 2641 1901 qua:
2666 1849 2693 1882 ιι
2728 1832 2899 1900 poetis
2932 1841 2985 1886 et
3029 1834 3288 1901 sapienti-

90 1926 197 1978 θέου
215 1926 434 1997 ,πλάνης
468 1929 525 1980 ἐν
544 1914 948 1999 ’συγγράμμασι
969 1928 1449 1999 καταϐεϐλημένοι.
1499 1931 1635 1983 Ἀλλ’

1744 1925 2030 1993 bushujus
2090 1925 2271 1979 saeculi
2327 1925 2393 1977 de
2439 1924 2728 1977 multorum
2779 1922 3061 1985 numinum
3108 1937 3292 1978 errore

86 2011 215 2070 οὗτοι
273 2018 371 2086 μὲν
425 2037 443 2067 ι
507 2018 1003 2073 κατεδυνάστευσαν
1056 2018 1244 2089 ήμῶν,
1298 2039 1317 2071 ι
1354 2019 1492 2073 κατά
1545 2022 1635 2075 τὸν

90 2106 393 2177 Σύμμαχον·
451 2108 515 2161 σὺ
576 2108 625 2162 δ’
673 2110 771 2179 οὐχ
819 2110 1100 2179 ὑπερεῖδες
1156 2112 1324 2180 ἡμᾶς,
1354 2111 1630 2165 Δέσποτα·

84 2197 241 2250 ίλάσω
268 2198 322 2250 δὲ
358 2197 455 2261 τὰς
498 2197 750 2261 ἀσεϐείας
794 2197 969 2269 ήμῶν,
1007 2200 1366 2282 καταπέμψας
1394 2204 1523 2271 ήμῖν
1547 2202 1637 2255 τόν
1682 2216 1683 2219 ‘

90 2288 317 2357 ἱλασμὸν,
349 2288 416 2341 δι’
446 2282 507 2342 οῦ
536 2290 803 2352 κατέστης
832 2292 979 2359 ήμῖν,
1005 2290 1181 2354 ἵλεως,
1216 2292 1455 2362 ὑπερϐὰς
1483 2294 1635 2363 ἡμῶν

87 2380 172 2441 τάς
203 2379 477 2442 ἀσεϐείας.
499 2379 594 2441 Τίς
613 2378 670 2430 δέ
693 2380 839 2432 ἐστιν
865 2381 893 2431 6
924 2378 1170 2450 ίλιασμδς,
1199 2380 1432 2434 διδάσκει
1466 2381 1635 2451 λέγων

80 2471 113 2521 6
138 2468 444 2531 ’Δπόστολος
474 2470 597 2540 περὶ
617 2468 709 2522 τοῦ
726 2469 972 2541 Σωτῆρος
992 2488 1005 2501 ·
1032 2489 1049 2520 ι
1067 2473 1160 2524 Ὂν
1188 2474 1441 2543 προέθετο
1459 2476 1486 2527 ό
1507 2474 1635 2537 Θεὸς

89 2560 382 2631 ίλαστήριον
438 2561 525 2613 διὰ
582 2561 815 2625 πίστεως
846 2564 905 2614 ἑν
936 2562 1014 2632 τῷ
1040 2562 1200 2616 αὑτοῦ
1246 2565 1433 2634 αἵματι
1453 2582 1465 2596 ·
1502 2585 1519 2617 ι
1545 2566 1637 2619 καὶ

89 2650 263 2705 πάλιν·
306 2669 323 2700 ι
364 2650 534 2713 Αὐτὸς
582 2651 800 2720 ἱλασμός
848 2654 993 2704 ἐστιν
1026 2654 1162 2723 ὑπὲρ
1209 2653 1315 2706 τῶν
1354 2656 1637 2727 ἁμαρτιῶν

84 2740 228 2811 ήμῶν
251 2756 264 2770 ·
294 2741 392 2809 οὐχ
430 2740 567 2809 ὑπὲρ
596 2739 704 2793 τῶν
752 2741 1029 2813 ἡμετέρων
1063 2742 1118 2794 δὲ
1139 2743 1328 2811 μόνον,
1379 2745 1510 2799 ἀλλά
1548 2748 1637 2799 καὶ

90 2832 215 2900 ὑπὲρ
239 2831 359 2885 ὅλου
393 2830 487 2884 τοῦ
517 2832 736 2901 κόσμου.
774 2850 795 2882 ι
935 2838 939 2842 ’
1146 2866 1153 2879 .

158 3046 174 3078 ι
218 3027 500 3098 Μακάριος
526 3028 593 3089 ,ὃν
619 3026 843 3092 ἐξελέξω
878 3028 969 3081 καί
999 3029 1352 3099 προσελάϐου,
1386 3034 1638 3102 κατοική-

91 3136 163 3171 σει
200 3121 253 3171 tv
288 3122 405 3180 ταῖς
446 3118 633 3181 αὐλαῖς
673 3135 785 3171 σου.
808 3138 832 3169 ι
880 3119 943 3172 Οἱ
969 3118 1029 3183 ἐξ
1055 3120 1308 3173 ἁπάντων
1334 3121 1440 3174 τῶν
1472 3124 1638 3177 ὲθνῶν

1738 2017 2292 2086 scriptiscousignata
2322 2024 2467 2069 sunt.
2502 2014 2607 2069 Sed
2642 2014 2677 2067 ii
2726 2011 2938 2083 quidem
2982 2030 3000 2062 ι
3030 2004 3290 2068 dominati

1738 2107 2071 2169 sunt'nobis,
2119 2126 2136 2155 ι
2167 2106 2461 2160 secundum
2500 2104 2914 2177 Symmachum;
2955 2112 3009 2158 tu
3038 2120 3164 2160 vero
3186 2120 3292 2159 non

1737 2198 2029 2269 despexisti
2059 2212 2180 2259 nos,
2215 2195 2464 2259 Domine,
2499 2196 2591 2250 sed
2625 2199 2949 2265 propitiatus
3002 2197 3293 2266 impietati-

1738 2290 1838 2344 bus
1868 2289 2096 2351 nostris,
2128 2288 2793 2356 misisti-propitiationem
2832 2289 3009 2351 nobis,
3040 2303 3145 2358 qua
3193 2289 3294 2342 im-

1738 2382 1967 2449 pietates
2020 2390 2443 2450 praetergressus
2494 2388 2730 2441 nostras,
2783 2379 3026 2448 placatus
3051 2380 3291 2435 evasisti.

1738 2472 1869 2536 Quae
1885 2486 2047 2541 porro
2074 2471 2147 2525 sit
2181 2472 2273 2525 illa
2325 2466 2655 2541 propitiatio,
2715 2469 2872 2523 docet
2910 2470 3198 2538 Apostolus
3229 2471 3296 2525 de

1742 2563 2031 2619 Servatere
2087 2565 2308 2619 dicens:
2349 2583 2367 2615 ι
2406 2562 2575 2629 Quem
2616 2562 2897 2631 proposuit
2942 2561 3084 2616 Deus
3117 2561 3295 2629 propi-

1740 2658 2019 2713 tiationem
2048 2673 2145 2727 per
2172 2657 2329 2711 ﬁdem
2360 2655 2412 2707 in
2438 2656 2698 2723 sanguine
2721 2652 2890 2722 ipsius
2920 2652 2991 2717 ¹⁸;
3034 2669 3053 2703 ι
3088 2666 3147 2705 ac
3172 2668 3294 2707 rur—

1740 2766 1900 2805 sum:
1940 2768 1958 2799 ι
1992 2749 2107 2819 Ipse
2144 2745 2453 2817 propitiatio
2494 2752 2577 2799 est
2610 2759 2707 2813 pro
2762 2742 2997 2811 peccatis
3044 2744 3245 2797 nostris
3280 2759 3290 2792 :

1742 2857 1847 2896 non
1897 2856 1995 2911 pro
2056 2840 2257 2895 nostris
2305 2846 2481 2893 autem
2535 2844 2767 2901 tantum,
2836 2836 2926 2891 sed
2978 2850 3075 2905 pro
3130 2835 3295 2891 totius

1743 2932 1928 2986 mundi
1962 2931 2022 2984 ¹⁹.
2060 2950 2078 2983 ι

1812 3043 1977 3099 Vens.
2002 3044 2131 3099 λεὶ-9.
2185 3064 2202 3097 ι
2232 3042 2432 3100 Beatus
2466 3059 2625 3115 quem
2668 3043 2873 3115 elegisti
2921 3052 2972 3097 et
3001 3044 3298 3110 assumpsi-

1742 3138 1833 3200 sti,
1885 3138 2208 3191 inbahitabit
2254 3138 2307 3190 in
2358 3137 2510 3192 atriis
2554 3138 2682 3191 tuis.
2726 3156 2743 3187 ι
2800 3136 2903 3201 Qui
2937 3151 3004 3190 ex
3046 3135 3298 3188 omnibus
3380 3186 3385 3189 _

92 3210 534 3281 ἐπιστρέψαντες,
576 3210 673 3273 τὰς
705 3210 909 3263 ἑαυτῶν
954 3211 1205 3275 ἀσεϐείας
1248 3213 1639 3285 ἐξομολογησά-

1744 3231 1997 3299 gentibus
2022 3230 2269 3283 conversi
2295 3239 2443 3291 sunt,
2471 3227 2777 3296 impietates
2797 3226 3033 3281 confessi
3066 3240 3214 3286 suas.
3240 3232 3301 3277 ut

96 3319 251 3369 μενοι,
286 3304 381 3355 καὶ
407 3304 482 3366 ὡς
512 3302 923 3372 κατηξιώθησαν
950 3302 1041 3355 τοῦ
1082 3303 1329 3374 ἱλασμοῦ,
1366 3308 1640 3377 προκοπὴν

1745 3318 2134 3388 propitiatione
2166 3315 2393 3385 dignati,
2427 3314 2728 3383 profectum
2768 3313 3066 3379 animaeque
3096 3310 3301 3363 utilita-

92 3393 486 3457 ἐπιδείκνυνται,
533 3395 624 3447 καὶ
666 3393 843 3463 ψυχῆς
882 3393 1148 3461 ὠφέλειαν
1192 3396 1409 3468 πολλὴν,
1444 3398 1641 3464 γνῶσιν

89 3484 420 3555 ἀνειληφέναι
460 3486 794 3547 διδάσκοντες
831 3486 923 3539 τοῦ
954 3487 1165 3557 ἀληθῶς
1201 3490 1487 3560 μακαρίου.
1536 3492 1642 3545 Πάο

92 3574 171 3626 λαι
213 3578 306 3645 μὲν
346 3577 453 3646 γὰρ
489 3576 581 3628 τὸν
622 3577 811 3647 θνητὸν
863 3578 973 3648 βίον
1029 3580 1119 3632 καὶ
1166 3580 1262 3649 τὴν
1316 3580 1643 3654 πρόσκαιρον

96 3662 225 3737 ζωὴν
271 3668 436 3736 μόνην
464 3666 678 3731 είδότες,
732 3668 948 3732 πάντως
997 3686 1097 3722 που
1146 3671 1483 3743 ἐμακάριζον
1521 3675 1646 3737 τοὺς

95 3756 281 3826 ταύτης
330 3757 716 3822 ἀπολαύοντας,
760 3760 908 3823 τέλος
953 3760 1144 3832 ήδονὴν
1185 3762 1510 3834 ὁριζόμενοι,
1554 3766 1647 3818 καὶ

95 3845 373 3913 πλούτους,
426 3849 519 3901 καὶ
564 3849 661 3919 τὴν
698 3849 756 3901 ὲν
808 3849 1017 3920 σώματι
1060 3854 1297 3924 τρυφήνο
1349 3854 1443 3905 νῦν
1480 3854 1525 3907 δ’
1558 3854 1644 3907 ὅτε

94 3939 410 4006 τετυχήκασι
449 3937 541 3989 τοῦ
590 3938 837 4008 ἱλασμοῦ,
884 3941 979 4009 καὶ
1021 3940 1118 4002 τάς
1152 3940 1358 3994 ἑαυτῶν
1396 3941 1646 4005 ἀσεϐείας

95 4027 529 4099 ἀπεκαθήραντο,
576 4029 774 4097 γνῶσιν
819 4030 1137 4099 ἀνειλήφασι
1177 4030 1269 4083 τοῦ
1300 4030 1512 4101 ἀληθῶς
1548 4049 1648 4101 μα-

97 4118 269 4187 καρίου
290 4135 303 4147 ·
348 4120 440 4172 καὶ
466 4119 650 4173 τοῦτον
675 4116 814 4173 εἷναί
852 4136 982 4188 φασι
1013 4120 1103 4172 τὸν
1133 4120 1238 4173 ὑπὸ
1271 4120 1403 4174 Θεοῦ
1432 4122 1647 4189 ἐκλεγό-

100 4223 243 4276 μενον
271 4209 481 4278 καὶτῆς
515 4208 605 4260 ὑπ’
638 4208 797 4262 αὐτοῦ
830 4208 1183 4281 προσλήψεως
1213 4210 1642 4281 κατηξιωμένον·

98 4294 168 4347 διό
202 4314 361 4365 φασρ
412 4299 617 4361 Πάντες
659 4301 818 4368 ἡμεῖς
849 4292 955 4371 τῆς
989 4301 1229 4372 κλήσεως
1270 4302 1647 4372 κατηξιωμεθα

98 4389 143 4441 οἱ
184 4391 342 4443 πάλαι
392 4391 543 4454 ὄντες
600 4392 761 4462 σάρξ·
812 4393 925 4447 ἀλλ’
981 4396 1156 4465 ῐσμεν,
1206 4396 1287 4449 ὅτι
1328 4396 1510 4449 πολλοὶ
1551 4398 1649 4468 μὲν

100 4480 314 4552 κλητοὶ,
361 4483 530 4551 ὀλίγοι
579 4485 657 4538 δὲ’
684 4485 944 4539 ἐκλεκτοί.
1017 4487 1253 4550 Εἰκότως
1312 4486 1404 4541 οὖν
1456 4489 1531 4553 ὼς
1583 4488 1647 4541 av

1741 3417 1849 3464 tem
1895 3409 2147 3470 multam,
2189 3406 2337 3462 illius
2367 3407 2459 3474 qui
2488 3419 2611 3459 vere
2652 3404 2846 3458 beatus
2883 3410 2963 3455 est
2996 3402 3182 3454 notitia
3216 3399 3299 3453 in.

1744 3498 1961 3560 structi,
2017 3496 2298 3551 exhibent.
2364 3492 2505 3549 Olim
2552 3508 2785 3562 namque
2839 3507 2961 3546 cum
3017 3491 3298 3545 mortalem

1745 3598 1956 3645 tantum
2012 3602 2065 3644 et
2119 3597 2521 3656 temporaneam
2554 3587 2739 3640 vitam
2800 3594 3045 3646 nossent,
3094 3582 3185 3650 qui
3239 3596 3303 3634 ea

1749 3680 2059 3735 fruerentur
2111 3679 2298 3732 beatos
2331 3674 2567 3729 ‘omnino
2621 3673 3009 3743 praedicabant,
3064 3670 3303 3738 volupta-

1748 3782 1874 3834 tem,
1908 3770 2150 3833 divitias,
2186 3768 2432 3837 corporis
2462 3765 2805 3833 delicias‘pro
2835 3761 2938 3815 line
2966 3760 3305 3814 constituen-

1747 3871 1849 3919 tes.
1898 3862 2055 3916 Nunc
2086 3876 2213 3915 vero
2244 3856 2681 3928 propitiationem
2723 3853 2889 3913 nacti,
2938 3850 3305 3921 depositisque

1748 3953 2044 4023 impietatis
2079 3950 2357 4013 sordibus,
2408 3947 2558 3999 illius
2596 3944 2687 4015 qui
2719 3960 2845 3998 vere
2876 3944 3065 3997 beatus
3103 3949 3188 3996 est
3218 3955 3308 3994 co-

1746 4045 2041 4114 gnitionem
2075 4040 2257 4110 adepti
2289 4046 2450 4101 sunt,
2475 4037 2729 4105 huncque
2753 4051 2874 4090 esse
2904 4034 3114 4095 dicunt,
3143 4046 3301 4100 quem

1750 4135 1891 4189 Deus
1911 4148 2192 4188 assumere
2212 4138 2265 4184 et
2289 4130 2488 4200 eligere
2513 4128 2767 4198 dignatus
2790 4134 2873 4180 est
2894 4144 2905 4177 :
2927 4139 3094 4193 quare
3118 4124 3300 4175 aiunt:

1749 4226 1858 4279 Nos
1892 4239 2081 4277 omnes
2111 4223 2393 4275 vocatione
2419 4219 2568 4289 digni
2602 4218 2776 4271 habiti
2809 4231 3020 4278 sumus,
3055 4214 3144 4283 qui
3175 4213 3302 4266 olim

1748 4330 1877 4370 caro
1910 4329 2126 4369 eramus
2158 4330 2171 4365 :
2199 4312 2294 4367 sed
2339 4310 2543 4364 scimus
2591 4308 2789 4361 multos
2816 4312 3059 4367 vocatos,
3102 4318 3305 4373 paucos

1749 4406 1954 4460 electos
1982 4419 2104 4458 esse
2130 4423 2141 4455 :
2166 4402 2289 4471 jure
2321 4401 2482 4469 igitur
2503 4400 2752 4457 electum,
2785 4403 2969 4464 utpote
3001 4397 3092 4463 qui
3122 4410 3305 4463 perra-

1752 4510 1845 4547 rus
1882 4495 1971 4556 sit,
2003 4493 2218 4548 beatum
2250 4489 2629 4558 praediéamus.
2664 4485 2796 4549 Quis
2829 4485 2917 4536 ille
2939 4492 3042 4545 est,
3073 4484 3179 4537 nisi
3212 4484 3302 4552 qui

101 4572 309 4627 σπάνιον
356 4575 728 4647 μακαρίζομεν
774 4576 864 4629 τὸν
912 4577 1183 4629 ἐκλεκτόν.
1246 4579 1341 4641 Τίς
1394 4580 1450 4631 δέ
1507 4581 1649 4631 ἐστιν

1754 4600 1821 4638 ex
1852 4583 2038 4636 multis
2072 4586 2388 4650 segregatus
2430 4589 2481 4631 et
2512 4593 2541 4629 a
2576 4576 2684 4630 Deo
2711 4584 3022 4644 assumptus
3054 4574 3173 4629 est?
3206 4573 3305 4626 Ec-

98 4656 238 4727 οῦτος
280 4666 395 4719 ἀλλ’
424 4667 458 4737 ἢ
514 4669 543 4720 6
595 4667 907 4740 ἀφορισθεὶς
956 4667 1065 4719 τῶν
1113 4667 1318 4720 πολλῶν
1365 4670 1458 4720 κα)⁵
1517 4671 1645 4725 ἀνα-

99 4751 307 4835 ληφθεὶς
348 4757 453 4810 ὑπὸ
498 4748 593 4811 τοῦ
628 4758 795 4823 Θεοῦ;
846 4759 961 4812 Kal;
1005 4758 1121 4821 πῶς
1148 4757 1255 4828 γὰρ
1298 4759 1359 4809 οὐ
1387 4760 1650 4829 μακάριος

101 4844 297 4916 ἀληθῶς
362 4850 391 4900 6
420 4848 679 4914 τοιοῦτος,
727 4848 909 4915 ὁπότε,
949 4850 1057 4903 τῶν
1089 4850 1182 4903 δύο
1216 4849 1647 4919 τούτωντυχὼν,

101 4933 230 5002 λέγω
257 4937 314 4989 δὲ
336 4938 437 5008 τῆς
465 4939 693 5009 ἐκλογῆς
729 4942 823 4993 καὶ
852 4941 952 5009 τῆς
976 4939 1071 4994 τοῦ
1099 4940 1232 4993 Θεοῦ
1274 4938 1645 5010 προσλήψεως,

104 5024 273 5094 ἑτέρου
318 5029 622 5098 κρείττονος
655 5030 1153 5102 καταξιωθήσεταις
1202 5032 1514 5101 κατοικήσει
1545 5032 1651 5104 γάρ

103 5114 154 5164 ἐν
192 5118 307 5178 ταῖς
353 5118 541 5180 αὐλαῖς
589 5120 684 5172 τοῦ
708 5120 868 5174 Θεοῦ.
922 5122 1031 5175 Καὶ
1079 5122 1279 5192 ταύτην
1323 5121 1506 5173 λοιπὸν
1555 5120 1651 5193 τὴν

108 5205 259 5276 μονὴν
315 5207 490 5286 εὑρὼν
540 5210 636 5262 καὶ
690 5212 787 5281 τὴν
848 5214 1193 5278 ἀνάπαυλαν,
1246 5213 1476 5267 ἐνταῦθα
1524 5232 1652 5286 στη-

109 5282 403 5368 ριχθήσεται
433 5314 446 5326 ·
506 5298 757 5364 τὸτέλος
799 5303 998 5369 ἀγαθὸν
1048 5306 1203 5358 τοῦτο
1248 5304 1552 5369 ἀπολαύων,
1591 5282 1650 5358 οὗ

104 5392 270 5459 τυχεῖν
297 5390 391 5442 καὶ
418 5388 575 5452 ἄλλος
600 5388 797 5461 ηὔχετο
841 5396 1124 5465 προφήτης
1163 5398 1197 5449 ό
1224 5396 1390 5449 εἰπών
1411 5414 1423 5425 ο
1462 5416 1479 5447 ι
1505 5399 1651 5450 Ἐπι-

106 5478 259 5553 ποθεῖ
291 5480 383 5535 καὶ
426 5479 663 5533 ἐκλείπει
699 5483 732 5551 ή
766 5480 909 5553 ψυχή
960 5502 1059 5553 μου
1101 5488 1179 5549 είς
1218 5487 1316 5549 τὰς
1355 5487 1519 5550 αὺλάς
1556 5487 1649 5541 τοῦ

108 5569 324 5645 Κυρίουυ
346 5594 364 5624 ι
398 5573 564 5626 Αὐλαὶ
590 5573 647 5627 δὲ
672 5573 767 5627 τοῦ
799 5576 1000 5647 Κυρίου
1030 5578 1165 5629 είσὶν
1194 5581 1254 5638 ,αἱ
1283 5572 1401 5632 κατ’
1426 5580 1650 5650 οὐρανὸν

111 5666 274 5730 μοναὶ,
297 5667 421 5737 περὶ
447 5660 520 5719 ὧν
543 5666 750 5737 εἴρηται
771 5669 828 5720 ὲν
848 5667 1178 5739 Εὑαγγελίῳυ
1217 5688 1234 5719 ι
1265 5669 1463 5723 Πολλαὶ
1494 5670 1651 5739 μοναὶ

177 5838 215 5867 ⁸⁸
241 5834 396 5894 Rom.
430 5854 512 5907 Ill,
548 5838 638 5895 25.

1750 4675 1842 4743 qui
1877 4688 1982 4726 non
2009 4686 2133 4725 vere
2168 4670 2360 4722 beatus
2399 4668 2468 4720 sit
2497 4668 2589 4735 qui
2622 4665 2933 4733 huiusmodi
2962 4672 3065 4725 est,
3091 4663 3307 4731 quando

1748 4764 1857 4816 duo
1896 4763 2007 4823 hazc
2050 4774 2079 4811 a
2114 4757 2222 4811 Deo
2266 4764 2616 4821 consecutus,
2647 4756 2965 4809 electionem
3016 4750 3221 4805 scilicet
3254 4758 3308 4803 et

1752 4853 2198 4919 assumptionem,
2233 4849 2337 4902 alio
2384 4848 2758 4918 praestantiore
2790 4842 3136 4914 dignabitur?
3183 4856 3308 4895 nam

1750 4943 2077 4997 iuhabitabit
2109 4942 2162 4994 in
2196 4940 2351 4994 atriis
2381 4939 2496 4993 Dei.
2544 4937 2607 4990 Et
2636 4937 2737 4989 hac
2768 4936 2984 4990 inventa
3030 4934 3311 4989 mansione

1749 5045 1803 5091 et
1834 5037 2035 5105 quiete,
2060 5034 2183 5088 istic
2212 5030 2643 5091 continuabitur,
2672 5028 2886 5096 fineque
2914 5027 3056 5099 bono
3079 5023 3309 5084 fruetur,

1755 5143 1913 5198 quem
1984 5126 2231 5179 nancisci
2293 5123 2519 5192 rogabat
2576 5122 2717 5176 alius
2762 5118 3022 5190 propheta
3078 5117 3306 5169 dicens:

1757 5237 1775 5269 ι
1810 5217 2159 5285 Concupiscit
2193 5214 2477 5279 et‘deficit
2518 5213 2699 5265 anima
2750 5226 2869 5265 mea
2918 5210 2973 5262 in
3026 5208 3164 5260 atria
3208 5205 3313 5258 Do-

1753 5306 1887 5362 mini
1918 5307 1987 5360 ’°.
2023 5324 2040 5357 ι
2078 5306 2227 5359 Atria
2274 5319 2403 5359 vero
2450 5302 2661 5357 Domini
2705 5308 2830 5357 sunt
2861 5300 3111 5353 caelestes
3160 5313 3313 5351 mau-

1758 5401 1963 5458 siones,
2019 5398 2085 5451 de
2134 5398 2332 5469 quibus
2383 5396 2582 5450 dicitur
2614 5396 2668 5448 in
2718 5391 3010 5461 Evangelio
3044 5409 3054 5443 :
3092 5408 3109 5439 ι
3160 5386 3311 5456 Apud

1758 5488 1971 5541 Patrem
2011 5490 2322 5543 mansiones
2371 5487 2554 5539 multa:
2576 5486 2645 5539 ³⁸.
2678 5504 2696 5535 ι
2734 5483 2781 5537 Is
2814 5482 2995 5551 itaque
3038 5494 3104 5532 ex
3141 5475 3313 5545 genti-

1756 5578 1878 5639 bus,
1906 5578 2000 5648 qui
2049 5580 2346 5632 olim-caro
2386 5585 2522 5637 erat,
2578 5575 2671 5629 sed
2712 5575 2819 5641 jam
2860 5578 3120 5630 mutatus,
3152 5567 3315 5619 homo

1759 5668 1853 5721 Dei
1890 5668 2116 5722 eﬂ'ectus
2141 5675 2243 5729 est,
2270 5682 2390 5721 eum
2415 5665 2504 5733 qui
2534 5671 2849 5733 segregatus
2884 5669 2936 5714 ct
2968 5660 3076 5723 jam
3107 5656 3318 5711 electus

745 5843 787 5875 ¹⁹
816 5840 834 5895 1
867 5840 1023 5898 Joan.
1056 5857 1117 5909 ιι,
1140 5841 1195 5897 2.
1231 5898 1235 5902 ,
1272 5845 1315 5875 ²⁶
1343 5842 1464 5898 Psal
1528 5859 1758 5909 Lxxxm,
1796 5843 1849 5900 3’.
1929 5846 1980 5875 ’τ
1999 5842 2155 5899 Joan.
2192 5857 2301 5904 xlv,
2330 5840 2386 5896 2.
