3976 6348
109 467 320 539 (55'

1186 471 1677 532 ΕΟΜΜΕΝΤΔΒΙΑ
1713 468 1778 523 IN
1816 467 2148 524 PSALMOS.

3164 463 3264 518 636

109 613 212 657 σου,
233 593 534 662 Θαυμαστὸς
554 593 611 644 ἐν
637 587 993 659 δικαιοσύνῃ.»
1023 586 1186 655 Τήρει
1211 585 1264 637 δὲ
1292 586 1434 643 ὅπως
1464 579 1630 634 ταῦτα

1747 578 1951 634 [invidis
1996 587 2235 648 tempore
2271 577 2414 630 dicta
2457 575 2643 640 luisse,
2697 590 2808 644 quo
2851 577 3105 645 templum
3138 578 3266 642 illud

108 684 236 737 κατά
280 685 404 745 τοὺς
438 682 658 752 χρόνους
700 679 912 746 ἐλέγετο
949 674 1041 728 τοῦ
1083 675 1270 738 Δαυῒδ,
1306 674 1424 726 καθ’
1472 671 1562 734 οὓς
1605 672 1633 722 6

108 773 352 841 αἰσθητὸς
383 772 484 825 61:6
501 769 801 839 Σολομῶνος
826 767 1030 820 οὐδέπω
1058 764 1452 817 κατεσκεύαπο
1480 759 1628 822 νεώς·

105 863 397 925 δεικνύντος
441 861 678 931 ἐναργῶς
707 858 798 911 τοῦ
846 857 1022 923 λόγου,
1069 856 1147 907 ὅτι
1184 855 1212 905 6
1262 852 1471 923 ἀληθῶς
1515 851 1636 913 ναὸς

104 955 189 1008 τοῦ
217 955 352 1007 Θεοῦ
393 955 488 1023 οὐχ
515 957 543 1006 6
581 955 641 1004 ἐκ
665 952 823 1003 λίθων
854 948 1071 1018 ἀψύχων
1107 945 1514 1016 ᾠκοδομημένος
1548 939 1634 1013 ἦν,

105 1047 211 1098 ἀλλ’
237 1049 266 1099 6
294 1044 567 1105 ἀποδοθεὶς
600 1045 727 1112 ἡμῖν
759 1041 895 1093 κατά
925 1039 1020 1107 τὴν
1049 1037 1402 1104 ἀποστολικὴν
1438 1052 1638 1106 μαρτυ-

109 1136 237 1203 ρίαν.
308 1135 411 1185 Καὶ⁸
451 1131 619 1190 ἄλλως
667 1131 722 1182 δὲ
769 1126 885 1181 καθ’
925 1128 1112 1195 ἑτέραν
1166 1124 1404 1194 ἐκδοχὴν,
1455 1122 1637 1192 ἐπειδὴ

107 1224 350 1295 ἀνωτέρω
376 1210 709 1293 ἐμακάρισαν
732 1220 820 1272 τὸν
851 1218 1135 1285 ἐκλεγέντα
1160 1217 1252 1270 καὶ
1276 1211 1639 1284 ἀναληφθέντα

107 1315 202 1365 ὑπὸ
235 1315 330 1366 τοῦ
361 1312 493 1365 Θεοῦ
514 1352 528 1374 ,
574 1311 964 1378 κατοικήσαντά
995 1325 1053 1361 τε
1085 1309 1181 1380 ήδη
1219 1310 1276 1359 ἐν
1309 1309 1424 1368 ταῖς
1457 1304 1640 1367 αὐλαῖς

106 1403 260 1455 αὑτοῦ
305 1405 424 1465 ταῖς
478 1399 845 1470 ἐπουρανίοις,
901 1399 1118 1459 εἱκότως
1169 1397 1260 1450 καὶ
1317 1397 1466 1448 αύτοὶ
1508 1394 1640 1454 τέως

108 1494 352 1561 μένοντες
383 1493 586 1565 κλητοὶ,
616 1493 890 1561 εὐχόμενοί
918 1490 972 1542 δὲ
997 1490 1236 1543 ἐκλεκτοὶ
1265 1487 1514 1555 γενέσθαι
1547 1486 1642 1537 καὶ

106 1581 202 1632 τῶν
224 1581 403 1634 αὐτῶν
427 1581 754 1649 ἐπουρανίων
782 1579 953 1649 μονῶν
981 1578 1395 1646 καταξιωθῆναι,
1430 1575 1646 1636 ἐλπίδας

105 1673 308 1738 ἀγαθὰς
349 1673 558 1734 ἑαυτοῖς
612 1672 1040 1741 ὑπογράφουσιν,
1088 1669 1410 1731 ἱκετεύοντες
1465 1670 1644 1735 τυχεῖν

103 1762 187 1814 τοῦ
210 1762 373 1815 αὑτοῦ
397 1761 708 1832 ἐπουρανίου
737 1763 882 1815 οτκου
909 1761 1125 1814 καὶτῶν
1151 1762 1208 1812 ἐν
1227 1760 1371 1829 αύτῷ
1403 1759 1640 1826 ἀγαθῶν.

106 1849 212 1904 Εἶθ’
241 1854 318 1915 ὡς
374 1853 745 1924 μεμαθηκότες
779 1854 953 1914 ὁποῖός
983 1855 1125 1906 ἐστιν
1157 1853 1183 1904 6
1211 1852 1523 1922 ἐπουράνιος
1552 1851 1650 1904 τοῦ

105 1941 234 1995 Θεοῦ
271 1939 438 2004 οἶκος,
473 1943 826 2012 ἐρμηνεύουσι
859 1943 953 2012 τὴν
990 1942 1185 2014 ἀρετὴν
1219 1942 1378 1994 αὑτοῦ
1417 1942 1642 2008 φάσκον-

105 2043 188 2088 τες
208 2045 219 2056 ·
267 2046 286 2076 ι
305 2029 484 2094 Ἄγιος
515 2029 543 2078 6
577 2029 698 2091 ναός
724 2045 834 2090 σου,
862 2029 1162 2097 Θαυμαστὸς
1191 2032 1246 2081 ἐν
1275 2024 1602 2100 δικαιοσύνῃ.
1620 2048 1637 2080 ι

107 2115 240 2177 Ναὸς
280 2116 336 2166 δέ
375 2118 688 2186 ἐπουράνιος
728 2119 820 2170 καὶ
860 2118 1070 2187 ἀληθῶς
1105 2117 1318 2182 ἐπάξιος
1359 2119 1449 2171 τοῦ
1487 2119 1641 2180 Θεοῦ,

108 2206 160 2257 ἐν
189 2198 232 2270 ᾧ
258 2206 524 2258 κατοικῶν
562 2209 850 2260 ἐπινοεῖται
893 2209 920 2259 6
961 2208 1065 2259 τῶν
1106 2209 1238 2262 ὅλων
1271 2209 1428 2271 Θεὸς,
1463 2211 1545 2272 τίς
1580 2208 1644 2262 ἂν

106 2295 329 2361 γένοιτο,
361 2297 392 2366 ἢ
424 2299 452 2348 6
487 2297 770 2368 μονογενὴς
800 2297 959 2351 αὑτοῦ
992 2297 1178 2370 Λόγος,
1205 2301 1282 2360 είς
1309 2299 1366 2352 ὃν
1394 2299 1644 2369 εύδὸκησε

106 2386 209 2436 πᾶν
255 2387 317 2438 τὸ
353 2388 620 2457 πλήρωμα
663 2389 758 2457 τῆς
798 2388 1052 2457 θεότητος
1082 2390 1430 2458 κατοικῆσαις
1483 2385 1647 2451 Οὗτος

107 2470 190 2526 οὖν
221 2475 434 2544 ἀληθῶς
467 2477 768 2544 θαυμαστός
811 2480 954 2529 ἐστιν
992 2479 1048 2530 ἐν
1073 2478 1380 2547 δικαιοσύνῃ
1405 2496 1416 2507 ·
1463 2479 1646 2549 ἐπειδὴ

107 2566 320 2632 γέγονεν
351 2570 476 2636 ἡμῖν
504 2569 663 2630 αὐτὸς
705 2569 867 2637 σοφία
889 2570 993 2621 ἀπὸ
1023 2570 1112 2622 τοῦ
1140 2568 1291 2632 Θεοῦ,
1339 2569 1643 2639 δικαιοσύνη

107 2669 161 2706 τε
190 2657 283 2707 καὶ
321 2658 582 2726 ἁγιασμὸς
610 2660 702 2710 καὶ
731 2659 1118 2730 ἀπολύτρωσις.

177 2764 198 2794 ι
218 2746 542 2800 Ἐπάκουσον
571 2747 743 2817 ἡμῶν,
776 2750 802 2800 6
825 2735 952 2811 Θεὸς
983 2752 1010 2801 6
1034 2749 1220 2819 Σωτὴρ
1243 2748 1417 2818 ἡμῶν,
1443 2752 1475 2818 ἠ
1501 2749 1650 2811 ἐλπὶς

111 2834 319 2890 πάντων
346 2837 451 2890 τῶν
481 2839 726 2908 περάτων
766 2839 862 2908 τῆς
890 2840 1010 2908 γῆς,
1061 2839 1154 2892 καὶ
1178 2839 1285 2891 τῶν
1322 2841 1379 2891 ἐν
1409 2838 1650 2912 θαλάσσῃ

114 2926 341 2996 μακράν.
381 2946 400 2978 ι
472 2928 527 2980 '0
588 2929 684 2998 μὲν
737 2928 801 2997 δὴ
841 2929 1222 2998 ἐκλελεγμένος
1267 2930 1369 2982 ὑπὸ
1416 2930 1507 2983 σοῦ
1560 2933 1652 2984 καὶ

112 3013 430 3085 ἀναληφθεὶς
455 3019 532 3079 εἱς
556 3019 642 3069 τὸν
667 3019 980 3087 ἐπουράνιον
1009 3019 1130 3072 ναὸν
1156 3020 1416 3089 μακάριος
1444 3020 1652 3089 ἀληθῶς

111 3106 198 3156 καὶ
239 3108 624 3177 τρισμακάριος
642 3101 839 3177 (ἡμεῖς
866 3109 921 3161 δὲ
942 3111 997 3160 ἐν
1017 3110 1359 3181 ἐπαγγελίαις
1374 3112 1521 3175 ὄντες
1547 3113 1652 3165 τῶν

1732 670 1988 726 Sensibile
2035 686 2066 724 a
2107 669 2392 723 Salomone
2431 668 2668 721 nondum
2718 667 3012 722 excitatum
3055 668 3265 721 fuerat:

1733 759 1917 827 sicque
1947 759 2096 813 clare
2124 758 2372 819 docetur,
2414 772 2596 811 verum
2637 755 2726 810 Dei
2755 758 3035 824 templum,
3066 772 3174 810 non
3201 758 3268 810 il-

1733 850 1822 903 lud
1882 863 2002 903 esse
2047 849 2280 918 quodex
2335 850 2643 904 inanimatis
2685 849 2952 918 lapidibus
3005 857 3268 902 structum

1733 947 1877 1002 enat,
1911 940 2003 992 sed
2033 937 2178 1005 quod
2208 954 2272 992 ex
2315 940 2615 1007 apostolico
2647 940 2955 993 testimonio
2980 938 3275 1007 designavi-

1735 1045 1876 1084 mus.
1912 1027 2218 1107 Secundum
2250 1028 2409 1081 aliam
2443 1043 2572 1082 vero
2597 1029 3120 1096 interpretationem,
3147 1029 3274 1096 quia

1737 1122 1963 1174 electum
2006 1128 2058 1172 et
2088 1121 2422 1185 assumptum
2457 1133 2486 1170 a
2528 1116 2656 1180 Deo,
2691 1119 2782 1185 qui
2809 1118 2919 1185 jam
2945 1120 2998 1171 in
3041 1117 3278 1170 caelesti-

1739 1211 1841 1265 bus
1865 1210 1983 1277 ejus
2007 1209 2158 1261 atriis
2180 1207 2406 1268 habitat,
2437 1207 2650 1260 beatum
2675 1208 3132 1274 praedicaverunt;
3156 1207 3278 1274 jure

1739 1306 1790 1352 et
1812 1297 1913 1366 ipsi
1944 1297 2038 1365 qui
2068 1295 2244 1348 vocati
2289 1303 2626 1363 permanent,
2662 1303 2821 1362 atque
2857 1294 3011 1348 electi
3043 1309 3185 1356 esse,
3226 1303 3279 1347 et

1739 1387 2051 1441 caelestibus
2100 1385 2475 1441 mansionibus
2517 1384 2705 1438 donari
2741 1391 3043 1452 peroptant,
3082 1383 3277 1436 bonam

1741 1476 1844 1530 sibi
1899 1490 2048 1543 spem
2097 1474 2399 1540 ascribunt,
2437 1474 2681 1534 eamdem
2733 1474 2949 1528 domum
3006 1473 3279 1526 caelestem

1740 1567 1963 1636 ejusque
2013 1566 2151 1619 bona
2199 1567 2458 1634 consequi
2506 1572 2778 1634 rogantes.
2827 1563 3050 1627 Deinde,
3096 1570 3283 1630 utpote

1741 1657 1833 1725 qui
1874 1655 2192 1710 edidicerint
2226 1656 2402 1725 qualis
2433 1655 2524 1707 illa
2558 1655 2796 1708 cmlestis
2827 1654 2919 1708 Dei
2957 1655 3147 1707 domus
3191 1654 3279 1714 sit,

1743 1748 1860 1815 ejus
1895 1748 2146 1800 virtutem
2199 1753 2318 1814 post
2363 1745 2633 1814 eXplicant
2666 1744 2905 1798 dicentes
2933 1761 2946 1796 :
2977 1762 2995 1793 ι
3029 1744 3283 1797 Sanctum

1744 1845 1826 1890 est
1854 1838 2110 1906 templum
2139 1844 2317 1900 tuum,
2341 1835 2586 1888 mirabile
2615 1834 2668 1886 in
2697 1834 2928 1901 justitia.
2963 1851 2982 1884 ν
3006 1831 3283 1901 Templum

1745 1939 1920 1982 autem
1956 1929 2174 1983 caeleste
2199 1942 2261 1980 ac
2289 1925 2547 1980 vere'Deo
2565 1924 2788 1993 dignum
2820 1925 2874 1978 in
2908 1938 3016 1992 quo
3045 1923 3287 1977 habitare

1743 2020 2118 2073 universorum
2167 2017 2316 2073 Deus.
2359 2016 2696 2084 intelligitur,
2749 2014 2878 2083 quid
2927 2014 3069 2068 aliud
3102 2012 3282 2077 fuerit,

1743 2117 1903 2171 quam
1957 2099 2293 2169 unigenitum
2343 2100 2464 2168 ejus
2501 2096 2757 2160 Verbum,
2792 2099 2848 2150 in
2888 2113 2995 2166 quo
3029 2097 3285 2165 placitum

1743 2193 1824 2240 est
1854 2200 2065 2240 omnem
2106 2183 2499 2254 plenitudinem
2539 2183 2755 2238 deitatis
2796 2184 3134 2239 inhabitare?
3178 2184 3288 2237 Hoc

1744 2277 1924 2346 itaque
1954 2292 2078 2331 vere
2129 2276 2377 2330 mirabile
2423 2283 2509 2330 est
2540 2275 2592 2327 in
2625 2273 2880 2340 justitia;
2923 2283 3104 2342 utpote
3145 2271 3292 2340 quod.

1746 2365 1944 2418 factum
1978 2366 2046 2419 sit
2073 2367 2231 2421 nobis
2266 2366 2528 2435 sapientia
2565 2382 2595 2419 a
2622 2366 2750 2430 Deo,
2774 2363 3006 2433 justitia,
3051 2360 3290 2417 sanctiﬁ-

1745 2457 1887 2510 catio
1917 2465 1968 2512 et
1999 2457 2316 2526 redemptio.

1823 2761 1841 2794 ι
1861 2741 2063 2795 Exaudi
2089 2756 2206 2804 nos,
2232 2741 2370 2796 Deus
2399 2740 2650 2795 Salvator
2671 2751 2874 2809 noster,
2908 2758 3028 2811 spes
3051 2746 3286 2799 omnium

1751 2831 1940 2884 ﬁnium
1971 2842 2146 2892 terrae,
2195 2837 2248 2883 et
2277 2845 2462 2883 eorum
2503 2833 2594 2899 qui
2627 2832 2679 2884 in
2717 2833 2853 2884 mari
2898 2841 3024 2886 sunt
3060 2833 3234 2903 longe.
3264 2854 3284 2885 ι

1749 2920 1850 2987 Qui
1880 2921 1971 2974 abs
2002 2930 2053 2974 te
2081 2921 2305 2981 electus,
2338 2928 2390 2973 et
2422 2920 2474 2972 in
2510 2921 2734 2974 cteleste
2758 2921 2887 2974 illud
2920 2922 3176 2990 templum
3200 2939 3294 2974 as-

1751 3019 2000 3080 sumptus
2025 3018 2128 3076 est,
2161 3024 2289 3064 vere
2320 3009 2509 3064 beatus
2538 3021 2589 3064 et
2619 3018 2701 3063 ter
2725 3011 2913 3066 beatus
2940 3030 2952 3064 :
2986 3026 3087 3065 nos
3114 3020 3289 3066 autem

1752 3105 1845 3173 qui
1876 3104 1928 3155 in
1959 3090 2333 3171 praedictorum
2379 3099 2638 3154 bonorum
2668 3102 3117 3169 promissionibus
3147 3112 3200 3156 et
3237 3105 3291 3157 in

111 3195 495 3266 προλεχθέντων
508 3197 739 3265 ἀγαθῶν,
754 3199 928 3251 ἐλπίσι
945 3216 1003 3251 τε
1017 3200 1114 3270 ἀνη
1122 3200 1394 3270 ρτημένοι,
1408 3201 1507 3271 ήδη
1529 3203 1647 3255 ποτέ

1756 3208 1850 3264 spe
1893 3207 2193 3254 versamur,
2217 3193 2328 3260 jam
2370 3192 2481 3246 hac
2519 3193 2638 3262 ipsa
2685 3197 2940 3262 consequi
2972 3209 3292 3262 precamur:

113 3285 307 3338 τούτων
327 3291 504 3356 τυχεῖν
532 3289 816 3358 εὐχόμεθα·
835 3289 911 3342 διὸ
941 3291 1354 3361 παρακαλοῦμεν
1383 3292 1652 3361 λέγοντες·

117 3393 135 3422 ι
156 3376 479 3430 Ἐπάκουσον
508 3381 540 3448 ἡ
550 3379 686 3448 μῶν,
712 3382 740 3432 6
765 3379 894 3442 Θεὸς
915 3382 942 3432 6
971 3382 1158 3450 Σωτὴρ
1177 3382 1352 3452 ἡμῶν·
1387 3403 1403 3433 ι
1425 3387 1657 3438 ἐπακούο

115 3467 289 3529 σαςδὲ,
307 3468 598 3539 μακαρίους
613 3468 860 3535 γενέσθαι
872 3470 1220 3535 καταξίωσον,
1235 3473 1327 3525 καὶ
1344 3475 1485 3542 ἡμᾶς
1502 3491 1659 3544 προσ.

111 3553 413 3622 λαϐόμενος,
432 3556 525 3607 καὶ
543 3555 890 3625 ἐκλεξάμενος
911 3558 1001 3610 καὶ
1016 3560 1324 3622 κατοικίσας
1351 3561 1407 3612 ἐν
1418 3565 1534 3624 ταῖς
1560 3566 1656 3616 αύ-

112 3643 224 3705 λαῖς
257 3658 345 3693 σου
369 3660 381 3671 ⁸
419 3644 482 3695 ἵν’
512 3644 627 3696 ἐκεῖ
656 3633 929 3715 γενόμενοι
958 3645 1279 3718 πλησθῶμεν
1308 3650 1413 3703 τῶν
1444 3651 1657 3718 ἀγαθῶν

112 3731 202 3783 τοῦ
235 3733 376 3785 οἱκου
414 3749 526 3790 σου.
555 3734 754 3803 Ἀγαθὰ
781 3736 835 3789 δὲ
861 3737 952 3789 τοῦ
976 3739 1289 3809 ἐπουρανίου
1317 3741 1484 3803 οίκου,
1503 3741 1656 3793 ὁποῖα

114 3818 174 3871 ἄν
211 3838 290 3883 τις
318 3823 577 3890 νοήσειεν,
617 3818 765 3892 ἦηοῖα
807 3827 834 3876 6
863 3825 998 3888 θεῖος
1013 3826 1325 3889 ’Δπόστολος
1370 3828 1654 3897 διέγραψεν

115 3908 302 3961 εἰπών·
336 3931 353 3959 ι
384 3912 446 3963 ‘A
478 3912 747 3982 ὀφθαλμὸς
781 3914 877 3965 οὐκ
902 3913 1058 3980 εἶδεν,
1090 3916 1182 3967 καὶ
1206 3912 1294 3977 οὖς
1320 3916 1416 3967 οὐκ
1439 3918 1649 3986 ἢκουσε,

116 4000 205 4050 καὶ
249 4002 334 4052 ἐπὶ
379 4002 600 4072 καρδίαν
637 4003 920 4072 ἀνθρώπου
963 4008 1058 4058 οὐκ
1085 4009 1270 4075 ἀνέϐη,
1299 4008 1334 4059 ἃ
1363 4011 1648 4079 ἡτοίμασεν

117 4088 287 4150 ὀΘεὸς
327 4093 435 4152 τοῖς
475 4084 754 4157 ἀγαπῶσιν
806 4095 996 4160 αὑτόν;
1029 4116 1047 4146 ι
1115 4098 1443 4151 Ἐπάκουσον
1478 4100 1652 4155 τοίνυν

118 4178 296 4246 ἡμῶν,
333 4182 358 4230 6
390 4180 564 4242 Θεὸςό
588 4181 775 4252 Σωτὴρ
803 4183 988 4253 ἡμῶν,
1029 4188 1123 4240 καὶ·
1162 4189 1467 4251 ἐπακούσας
1521 4207 1650 4244 κατε

117 4265 332 4328 αξίωσον
389 4269 480 4322 καὶ
541 4272 686 4339 ἡμᾶς
741 4272 844 4324 τῶν
895 4276 1110 4342 ἀγαθῶν
1173 4262 1290 4331 ’τοῦ
1339 4279 1484 4333 οἴκου
1538 4298 1653 4335 σου.

118 4355 290 4409 Ταῦτα
332 4358 660 4413 διδάσκονται
722 4361 896 4430 λέγειν
941 4369 999 4418 οἱ
1032 4369 1194 4423 πάλαι
1237 4369 1389 4433 ὅντες
1435 4372 1650 4442 σάρκες,

116 4448 210 4516 τῆς
257 4449 308 4501 δὲ
357 4451 447 4502 τοῦ
495 4451 626 4504 Θεοῦ
679 4453 916 4528 κλήσεως
957 4457 1366 4526 κατηξιωμένοι.
1430 4463 1649 4518 Ἐπικα-

1759 3298 1925 3352 quare
1949 3283 2030 3336 his
2052 3283 2232 3336 verbis
2257 3296 2540 3349 regamus:
2580 3300 2601 3332 ι
2631 3281 2834 3337 Exaudi
2857 3299 2975 3344 nos.
3008 3284 3148 3338 Deus
3177 3284 3293 3338 Sal-

1756 3383 1909 3427 vator
1942 3379 2127 3427 noster
2161 3390 2175 3425 :
2211 3391 2231 3422 ι
2262 3378 2550 3439 postquam
2594 3378 2771 3425 autem
2799 3374 3124 3440 exaudieris,
3160 3390 3288 3429 eon-

1758 3465 1889 3518 cede
1912 3466 2071 3517 etiam
2095 3462 2255 3516 nobis
2282 3468 2338 3512 ut
2371 3461 2506 3514 beati
2529 3460 2849 3524 eﬁiciamur.
2881 3465 2974 3533 qui
3000 3479 3099 3518 nos
3137 3476 3290 3520 antea

1757 3563 2062 3624 assumptus
2095 3561 2149 3608 et
2177 3554 2375 3607 electos
2408 3553 2647 3608 habitare
2674 3554 2845 3608 fecisti
2877 3556 2930 3608 in
2958 3545 3110 3609 atriis
3143 3559 3252 3609 tuis

1756 3657 1814 3699 ut
1842 3647 1912 3700 ibi
1942 3643 2217 3699 constituti
2247 3643 2564 3712 impleamur
2593 3644 2750 3698 bonis
2768 3645 2962 3698 domus
2991 3653 3112 3698 tute.
3147 3646 3287 3698 Bona

1755 3751 1879 3788 vero
1912 3735 2148 3788 cielestis
2185 3732 2375 3786 domus
2403 3747 2646 3801 quaenam
2693 3747 2812 3787 esse
2853 3734 3148 3801 putaveris.
3186 3736 3287 3787 nisi

1754 3840 1871 3895 qua:
1901 3825 2188 3893 Apostolus
2229 3824 2312 3878 bis
2356 3824 2534 3876 verbis
2575 3822 2863 3891 descripsit
2894 3842 2905 3875 :
2943 3841 2961 3872 ι
3000 3822 3130 3886 Quae
3169 3838 3290 3876 ocu-

1756 3917 1839 3970 lus
1869 3933 1974 3970 non
1996 3916 2154 3979 'vidit,
2189 3929 2289 3969 nec
2330 3915 2477 3966 auris
2508 3913 2731 3974 audivit,
2763 3928 2859 3968 nec
2893 3916 2945 3966 in
2982 3928 3076 3966 cor
3117 3913 3289 3966 homi-

1755 4009 1839 4062 nis
1899 4006 2168 4067 ascendit,
2218 4019 2340 4073 quae
2378 4005 2701 4073 preparavit
2753 4003 2893 4058 Deus
2941 4003 3294 4073 diligentibus

1755 4113 1810 4152 se
1830 4097 1908 4148 "1'
1938 4116 1956 4146 ι
1989 4092 2193 4148 Exaudi
2236 4094 2417 4162 itaque
2445 4111 2562 4156 nos,
2609 4093 2748 4148 Deus
2799 4092 3043 4147 Salvator
3083 4100 3284 4156 noster,

1753 4195 1809 4243 et
1837 4195 2116 4255 postquam
2164 4186 2489 4247 exaudieris,
2537 4200 2637 4240 nos
2667 4185 2822 4238 bonis
2859 4183 3179 4237 domustute
3214 4181 3295 4236 dis

1751 4290 1930 4346 gnara.
1968 4275 2088 4328 Hac
2113 4277 2292 4330 dicere
2332 4279 2649 4336 edocenter,
2692 4275 2934 4342 quicum
2984 4272 3112 4324 olim
3159 4286 3294 4326 caro

1750 4374 1951 4426 essent,
1983 4365 2075 4419 Dei
2117 4366 2396 4419 vocatione
2438 4363 2621 4417 donati
2666 4368 2808 4415 sunt.
2842 4358 3156 4428 Opportune
3191 4375 3288 4413 au-

1751 4463 1859 4509 tem
1881 4455 2026 4509 hisce
2056 4455 2232 4509 verbis
2266 4454 2616 4506 Servatorem
2642 4451 2894 4502 invocant
2928 4463 3106 4513 suum,
3129 4463 3285 4516 quem

118 4533 321 4610 λοῦνται
355 4540 409 4592 δὲ
444 4542 708 4613 εὐκαίρως
730 4544 784 4593 ἐν
814 4543 1017 4606 τούτοις
1046 4546 1135 4597 τὸν
1179 4548 1382 4601 ἑαυτῶν
1409 4551 1647 4622 Σωτῆρα,

1758 4544 2006 4612 superius
2048 4543 2483 4611 propitiationem
2530 4539 2952 4607 appellaverunt.
2990 4553 3112 4591 cum
3150 4536 3287 4590 dice—

119 4625 175 4679 δν
209 4630 296 4680 καὶ
321 4632 569 4702 ἀνωτέρω
608 4633 828 4702 ἱλασμὸν
876 4633 1157 4704 ὠνόμασαν
1187 4637 1422 4700 εἰπόντες
1441 4678 1458 4700 ,
1511 4659 1534 4690 ο
1562 4641 1655 4693 καὶ

119 4715 216 4778 τὰς
255 4719 469 4788 ἀνομίας
495 4722 646 4791 ἡμῶν
713 4725 773 4776 σὺ
808 4724 979 4795 ἱλάσῃ.
1025 4745 1042 4775 ι
1069 4727 1175 4779 Καὶ
1217 4726 1448 4780 ἐνταῦθα
1477 4728 1533 4780 δέ
1566 4730 1656 4783 τὸν

121 4806 332 4879 Μτῆρα
381 4812 706 4883 ή.Ἐ6ραῖκὴ
762 4816 945 4885 Γραφὴ
992 4818 1196 4880 τούτοις
1241 4818 1505 4888 ἐγγράφει
1545 4823 1654 4882 τοῖς

124 4899 478 4970 χαρακτῆρσι,
520 4903 585 4954 δι’
616 4897 689 4956 ὧν
731 4906 820 4958 καὶ
854 4907 880 4958 6
923 4909 1183 4977 ἡμέτερος
1215 4909 1407 4978 Σωτὴρ
1449 4909 1647 4976 Ἰηααῦς

131 4986 393 5053 γράφεται.
453 4991 649 5044 Τοῦτον
703 4994 758 5045 δὲ
815 4997 972 5050 αὑτὸν
1019 4997 1107 5050 τὸν
1150 4998 1372 5068 Σωτῆρα
1420 4999 1513 5050 καὶ
1560 4999 1649 5050 τὸν

131 5073 354 5142 ἱλασμὸν,
391 5097 412 5129 ι
441 5078 628 5136 ἐλπίδα
656 5083 865 5141 πάντων
895 5086 999 5139 τῶν
1032 5088 1274 5156 περάτων
1298 5088 1395 5156 τῆς
1426 5089 1525 5156 γῆς
1556 5090 1648 5141 καὶ

128 5162 229 5214 τῶν
267 5164 320 5222 ἐν
357 5166 600 5239 θαλάσσῃ
649 5173 867 5243 μακρὰν
902 5194 922 5225 ι
973 5177 1340 5247 ὀνομάζουσιν,
1398 5175 1650 5245 ἄντικρυς

131 5253 473 5321 παριστῶντες
519 5257 681 5326 μηδὲν
711 5260 882 5315 ταῦτα
922 5266 1053 5333 πρὸς
1100 5268 1412 5330 Ἰουδαίους*
1457 5266 1514 5316 οὐ
1544 5267 1653 5338 γὰρ

135 5339 298 5406 μόνοις
323 5342 498 5406 αὐτοῖς
519 5386 532 5407 ,
567 5348 694 5397 πᾶσι
724 5348 777 5399 δὲ
809 5352 918 5412 τοῖς
951 5355 1126 5408 ἔθνεσι
1163 5358 1259 5427 τὴν
1286 5355 1380 5409 τοῦ
1404 5356 1652 5426 Σωτῆρος

134 5428 291 5522 χάριν
309 5431 756 5522 εὐαγγελίζεσθαι,
792 5433 870 5501 οἷς
899 5441 1118 5512 γνώμην
1147 5446 1281 5499 Θεοῦ.
1309 5448 1399 5498 καὶ
1431 5449 1653 5518 ἐπιστή-

137 5535 237 5588 μην
275 5521 625 5585 θεσπίζουσιν·
675 5527 748 5589 ὼς
796 5533 987 5598 μηκέτι
1023 5535 1120 5597 τὰς
1158 5538 1371 5600 ἐλπίδας
1417 5539 1649 5608 ἀναρτᾷν

137 5607 224 5658 ἐπὶ
257 5612 367 5681 τοὺς
399 5612 558 5666 πάλαι
586 5615 962 5688 νομιζομένους
999 5625 1175 5680 αὐτῶν
1207 5628 1376 5692 θεοὺς,
1559 5631 1648 5681 ἐπὶ

204 5780 248 5809 “
273 5781 419 5835 lCor.
450 5801 504 5848 tr,
541 5788 590 5840 9;

1753 4643 1892 4699 rent,
1933 4655 1951 4685 ι
1978 4647 2029 4690 et
2069 4634 2438 4703 impietatibus
2483 4631 2788 4685 nostr-iatn
2832 4628 3227 4700 propitiaberis.
3261 4645 3280 4677 ι

1752 4726 1849 4780 Hie
1886 4741 2096 4794 quoque
2140 4722 2405 4777 Hebraiea
2455 4721 2734 4790 Scriptura
2781 4719 3108 4775 Salvaton
3155 4715 3288 4786 ipsis

1750 4818 2152 4871 characteribus
2187 4812 2374 4876 eﬁert,
2424 4797 2870 4882 queis‘Salvator
2916 4821 3098 4865 noster
3127 4812 3290 4862 Jesus

1752 4911 2023 4964 scribitur.
2065 4906 2320 4961 Eumdem
2365 4921 2528 4974 pono
2561 4905 2897 4959 Servatorem
2939 4909 2992 4956 et
3024 4901 3283 4970 propitia-

1750 4998 1948 5053 tionem
1989 4997 2061 5049 ita
2095 5010 2308 5064 quoque
2338 5001 2554 5055 vocant.
2589 5010 2610 5042 ο
2640 4989 2797 5060 Spem
2827 4991 3067 5044 omnium
3097 4989 3286 5045 [inium

1747 5100 1906 5144 terra;
1946 5094 1998 5139 et
2042 5101 2224 5140 eorum
2255 5088 2354 5155 qui
2394 5087 2447 5138 in
2493 5084 2630 5137 mari
2683 5092 2811 5138 sunt
2853 5083 3027 5150 longe,
3059 5099 3077 5131 ι
3105 5080 3279 5147 palam

1751 5181 2082 5235 declarantes
2131 5177 2242 5232 haec
2273 5177 2407 5231 nihil
2440 5174 2504 5227 ad
2537 5172 2753 5229 Iudaeos
2781 5174 3082 5242 pertinere:
3109 5186 3286 5239 neque

1751 5270 1894 5324 enim
1939 5270 2071 5336 ipsis
2123 5276 2352 5327 tantum,
2402 5265 2498 5318 sed
2537 5265 2695 5318 etiam
2744 5261 3001 5340 omnibus
3033 5261 3280 5328 gentibus

1757 5359 2053 5426 Servateris
2096 5359 2343 5426 gratiam,
2399 5362 2457 5407 ut
2498 5365 2552 5409 et
2603 5354 2844 5407 notitiem
2895 5351 3281 5418 scientiamque

1752 5449 1844 5504 Dei
1874 5425 2288 5500 annuntiandam
2321 5445 2701 5503 vaticinantur,
2739 5442 2806 5493 ita
2843 5446 3029 5492 utnon
3062 5441 3196 5492 ultra
3225 5439 3285 5494 in

1751 5539 1864 5594 suis
1894 5537 2026 5590 olim.
2047 5537 2252 5592 vocatis
2283 5534 2410 5595 diis,
2456 5533 2552 5588 sed
2578 5534 2631 5587 in
2658 5545 2723 5585 eo
2758 5530 2873 5585 solo
2901 5532 2991 5598 qui
3028 5527 3279 5581 Senator

1748 5642 1935 5686 eorum
1987 5627 2204 5683 eﬂectus
2249 5632 2351 5692 est,
2395 5640 2540 5695 spem
2592 5629 2867 5691 reponant.
2921 5618 3283 5688 «Praeparatis
