3966 6340
600 395 705 451 535
1265 387 1528 467 EUSEBII
1565 383 2034 442 CAESARIENSlS
2066 381 2215 436 OPP.
2258 378 2435 433 PARS
2473 378 2645 435 lll.——
2679 379 3082 436 EXEGETICA.
3725 381 3826 435 636

604 519 817 564 montes
866 509 918 562 in
971 508 1166 561 virtute
1208 499 1635 566 suafaccinctus
1684 505 1948 574 potentia.
1983 521 2000 553 ι
2054 500 2164 555 Pro

2277 501 2420 566 ιόνον
2466 500 2557 553 τδν
2600 502 2776 556 αὐτῶν
2810 503 3094 572 γενόμενον
3138 502 3380 573 Σωτῆρα.
3431 521 3452 554 ι
3485 503 3830 574 Ἑτοιμάζων

606 600 718 660 illo,
760 619 776 648 ‹
811 613 1116 667 praeparans
1159 606 1391 659 montes,
1426 615 1443 648 ι
1484 597 1859 666 Symmachus.
1917 614 1934 644 ι
1972 593 2155 647 funda-

2277 593 2355 662 ip'q
2389 595 2445 646 ἐν
2471 597 2536 664 τῇ
2569 595 2711 664 ισχύῖ
2737 595 2920 660 αὑτοῦ,
2940 595 3368 667 περιεζωσμένος
3395 597 3454 647 ἐν
3475 595 3823 648 δυναστείαν

605 693 673 744 sti
715 698 943 751 montes,
974 710 991 738 ι
1044 690 1428 756 interpretatus
1465 695 1569 741 est.
1615 685 1712 739 Hic
1759 700 1920 753 porro
1972 686 2154 739 divina

2277 685 2412 736 Ἀντὶ
2446 685 2558 749 τοῦ,
2596 705 2612 736 ι
2644 687 2944 756 ἐτοιμάζων
2972 688 3092 758 ὅρη,
3119 689 3360 760 ἧδρασας
3393 688 3515 759 ὅρη,
3554 706 3572 738 ι
3622 691 3650 740 ὁ
3683 685 3830 756 Σύμ-

601 782 670 836 de
704 781 987 835 Servatore
1013 779 1259 833 doctrina
1291 778 1588 831 inducenda
1620 785 1724 831 est.
1761 776 1841 830 Tu
1872 777 2038 839 enim,
2071 776 2157 828 in-

2277 794 2432 846 ιαχος
2464 779 2817 846 ήρμήνευσεν.
2859 778 3073 842 Ἐπάξει
3105 779 3160 832 δέ
3187 783 3213 834 ὁ
3243 780 3398 847 λόγος
3425 781 3525 842 τὰς
3558 779 3690 850 περὶ
3733 760 3840 832 τοῦΙ

605 873 739 940 quit,
773 887 832 926 es
867 887 992 939 spes
1023 869 1269 922 omnium
1305 870 1488 922 linium
1540 876 1717 931 terrae,
1743 869 1845 936 qui
1877 876 1930 921 et
1961 867 2074 920 bmc
2106 874 2157 920 et

2277 865 2642 936 τρολεχθέντος
2669 868 2913 937 Σωτῆρος
2945 867 3238 936 θεολογίας.
3271 869 3342 920 Σὺ
3375 868 3485 938 γὰρ
3514 864 3587 930 εἴ,
3633 869 3825 937 φησὶν,

605 964 693 1016 illa
730 964 928 1015 virtute
976 968 1066 1013 tua
1117 975 1307 1028 magna
1356 959 1668 1013 condidisti.
1720 957 1900 1010 Primo
1941 957 2156 1025 quidem

2277 942 2475 1029 ieiuni;
2517 962 2731 1013 πάντων
2768 960 2874 1012 τῶν
2913 961 3160 1030 περάτων
3201 961 3302 1029 τῆς
3341 961 3442 1031 γῆς
3488 959 3680 1015 δ’τάδε
3733 962 3830 1013 καὶ

605 1050 926 1120 praeparasti
954 1057 1164 1102 montes
1201 1050 1255 1101 in
1289 1049 1493 1102 virtute
1513 1057 1629 1107 tua,
1668 1046 1946 1100 accinctus
1971 1055 2157 1115 poten-

2277 1049 2384 1103 τάδε
2413 1054 2478 1119 τῇ
2517 1051 2710 1104 σαυτοῦ
2737 1051 2961 1121 δυνάμει
2984 1050 3444 1122 μεγαλουργήσας.
3469 1053 3699 1124 Πρῶτον
3731 1052 3832 1121 μὲν

602 1141 715 1193 tia:
743 1139 935 1192 deinde
983 1140 1321 1193 conturbasti
1362 1137 1691 1207 profundum
1742 1138 1942 1198 maris,
1987 1145 2039 1191 et
2078 1153 2157 1191 so-

2277 1139 2675 1211 ῇτοίμασαςδρη
2703 1143 2758 1193 ἐν
2787 1143 2852 1211 τῇ
2889 1139 3029 1209 ἰσχύϊ
3060 1157 3152 1192 σου
3184 1140 3630 1212 περιζωσάμενος
3660 1141 3807 1193 δυνά

606 1246 737 1284 num
769 1230 1026 1283 ﬂuctuum
1057 1230 1176 1297 ejus
1207 1229 1467 1297 mitigasti
1495 1247 1507 1281 :
1538 1235 1724 1296 postea
1769 1243 1863 1298 per
1892 1229 2004 1283 haec
2036 1245 2160 1282 con-

606 1320 837 1373 turbasti
869 1327 1079 1388 gentes.
1111 1318 1208 1372 l-‘is
1231 1332 1361 1372 vero
1390 1318 1557 1387 gestis
1593 1333 1840 1388 magnam
1873 1319 2157 1373 utilitatem

607 1420 965 1479 perceperunt
995 1410 1086 1479 qui
1131 1409 1380 1463 habitant
1404 1410 1684 1464 terminos.
1720 1408 1796 1462 Te
1840 1412 2038 1480 quippe
2070 1427 2162 1468 no-

608 1511 822 1567 verunt,
870 1511 923 1556 et
953 1503 1247 1557 timuerunt
1291 1517 1326 1555 a
1365 1503 1534 1573 signis
1572 1503 1703 1565 tuis,
1756 1503 1830 1554 ita
1860 1511 1916 1555 ut
1956 1503 2159 1555 nullam

612 1593 837 1647 ulterius
867 1600 1059 1662 praeter
1091 1602 1143 1648 te
1173 1607 1322 1662 spem
1359 1592 1426 1647 ob
1450 1593 1635 1648 oculos
1664 1601 1945 1662 ponerent.
1985 1591 2162 1656 Quare

2263 1229 2471 1282 στείαψ
2517 1225 2633 1282 εἶτα
2679 1230 3039 1301 συνετάραξας
3078 1230 3138 1283 τὸ
3177 1230 3336 1293 κύτος
3381 1232 3480 1300 τῆς
3522 1230 3847 1300 θαλάσσης,

2262 1320 2352 1372 καὶ
2379 1319 2486 1372 τῶν
2515 1320 2768 1388 κυμάτων
2794 1322 2958 1390 αὐτῆς
2987 1321 3047 1374 τὺ
3072 1317 3203 1392 ἦχος
3235 1322 3510 1392 ἐπράῦνας
3529 1339 3541 1351 ·
3589 1319 3712 1376 εἶτα
3741 1322 3835 1375 διὰ

2259 1411 2459 1462 τούτων
2509 1411 2771 1481 ἐτάραξας
2822 1409 2968 1482 ἔθνη.
3021 1412 3236 1465 Τούτων
3283 1411 3340 1464 δὲ
3386 1413 3718 1483 γενομένων,
3764 1413 3839 1466 τὰ

2265 1498 2472 1566 μεγάλα
2522 1495 2874 1568 ὠφελήθησαν
2927 1499 2978 1550 οἱ
3031 1500 3406 1568 κατοικοῦντες
3459 1501 3529 1554 τὰ
3591 1501 3834 1574 πέρατα.

2266 1591 2546 1658 Ἐγνωσαν
2574 1590 2680 1659 γάρ
2705 1606 2784 1651 σε,
2811 1591 2904 1642 καὶ
2935 1590 3274 1660 ἐφοϐήθησαν
3303 1592 3409 1646 ἀπὸ
3441 1593 3550 1645 τῶν
3580 1593 3837 1664 σημείων

2270 1697 2359 1732 σου
2393 1721 2407 1742 ,
2457 1681 2531 1743 ὡς
2582 1680 2778 1750 μηκέτι
2832 1680 3014 1733 λοιπὸν
3069 1681 3232 1751 ἀλλην
3290 1681 3412 1735 τινὰ
3463 1683 3655 1736 ἐλπίδα
3723 1683 3840 1752 πρὸ

609 1774 649 1827 li
679 1775 822 1828 enim
858 1775 950 1844 qui
983 1776 1242 1828 terminos
1285 1783 1443 1828 terra:
1492 1775 1742 1827 incolunt
1791 1773 1880 1826 hic
1908 1789 2160 1843 praenun-

2277 1771 2552 1840 Βφθαλμῶν
2610 1770 2849 1823 τίθεσθαι
2899 1772 2932 1841 ἢ
2987 1773 3064 1825 σέ.
3125 1773 3214 1825 Διὸ
3268 1773 3524 1844 ἀνωτέρω
3572 1773 3835 1841 ἐλέγετο·

607 1864 775 1916 tiatur
808 1862 1046 1916 futurum
1079 1879 1198 1917 esse
1224 1863 1528 1916 uttimeant
1561 1862 1726 1916 Deum
1759 1877 1787 1914 a
1824 1863 1994 1932 signis
2019 1864 2158 1932 ejus,

2277 1883 2288 1914 ι
2329 1863 2390 1915 Ἦ
2427 1864 2577 1926 ἐλπὶς
2614 1866 2824 1917 πάντων
2863 1864 2971 1916 τῶν
3015 1866 3261 1934 περάτων
3314 1865 3411 1935 τῆς
3443 1865 3564 1935 γῆς.
3599 1884 3617 1916 ι
3663 1858 3838 1918 Οὗτοι

609 1962 668 2007 ut
709 1955 912 2007 dicitur
939 1971 951 2006 :
993 1971 1011 2002 ι
1037 1952 1105 2004 Ει
1132 1953 1396 2006 timebunt
1425 1953 1517 2022 qui
1568 1954 1814 2007 habitant
1844 1957 2163 2008 terminos'a

2277 1956 2371 2027 γάρ
2404 1956 2453 2008 οἱ
2482 1956 2548 2009 τά
2578 1956 2799 2025 πέρατα·
2815 1955 2913 2024 τῆς
2941 1957 3040 2024 γῆς
3067 1955 3336 2018 οἰκοῦντες
3369 1957 3427 2007 ἐν
3455 1960 3566 2020 τοῖς
3605 1974 3842 2026 προκει-

613 2047 782 2116 signis
815 2046 944 2098 tuis.
972 2062 991 2094 ι
1020 2042 1272 2109 Qmenam
1308 2043 1459 2113 signa
1488 2043 1578 2098 illa
1607 2050 1780 2104 erant,
1806 2057 1924 2112 quae
1950 2055 2071 2096 cum
2096 2043 2167 2095 vi-

2277 2047 2449 2116 μένοις
2501 2046 2898 2116 φοϐηθήσεσθαι
2951 2047 3041 2099 τὸν
3088 2047 3219 2100 Θεὸν
3270 2047 3377 2100 ἀπὸ
3423 2048 3533 2100 τῶν
3585 2049 3838 2118 σημείων

613 2141 793 2191 derent
825 2137 916 2204 qui
949 2135 1262 2189 habitabant
1290 2133 1552 2188 terminos
1581 2134 1877 2188 timuerunt
1907 2132 2072 2188 Deum
2111 2135 2165 2187 in

2277 2138 2430 2190 αὑτοῦ
2465 2137 2802 2200 θεσπίζονται
2848 2138 2951 2189 ὑπὸ
2989 2137 3081 2190 τοῦ
3124 2140 3390 2206 φήσαντος
3421 2138 3630 2206 λογίου·
3671 2159 3691 2189 ι
3725 2140 3842 2192 Καὶ

613 2228 894 2296 ipsumque
937 2236 1246 2295 sperarunt,
1289 2226 1544 2294 superius
1589 2224 1771 2278 docuit
1817 2225 1901 2279 his
1940 2225 2161 2279 verbis:

2277 2227 2655 2297 φοϐηθήσονται
2701 2210 2753 2278 οί
2797 2227 3170 2290 κατοικοῦντες
3210 2229 3276 2280 τά
3315 2229 3524 2300 πέρατα
3562 2231 3672 2283 ἀπὺ
3722 2232 3841 2284 τῶν

619 2339 637 2370 1
669 2320 983 2389 Przrparans
1015 2327 1227 2372 montes
1276 2319 1330 2371 in
1362 2319 1557 2372 virtute
1607 2333 1724 2380 sua,
1761 2319 2039 2372 accinctus
2075 2333 2168 2386 po-

2277 2319 2506 2387 σημείων
2542 2335 2653 2370 σου.
2691 2338 2708 2368 ›
2748 2318 2882 2371 Ποῖα
2911 2318 2965 2370 δέ
2999 2313 3066 2388 ἦν
3093 2319 3159 2371 τά
3205 2323 3421 2388 σημεῖα,
3457 2321 3599 2391 άπερ
3631 2320 3844 2376 θεασά-

615 2413 802 2472 tentia,
831 2410 923 2479 qui
951 2409 1251 2464 conturbas
1281 2406 1605 2478 profundum
1629 2409 1814 2471 maris,
1845 2424 2036 2462 sonum
2067 2408 2168 2462 llu-

2277 2426 2418 2476 μενοι
2470 2410 2517 2460 οἱ
2565 2409 2937 2472 κατοικοῦντες
2993 2410 3060 2462 τὰ
3099 2411 3307 2481 πέρατα
3349 2411 3696 2482 ἐφοϐήθησαν
3742 2415 3839 2466 τὸν

613 2512 795 2556 ctuum
822 2501 960 2568 ejus.
997 2520 1013 2578 ι
1043 2500 1176 2566 Quis
1206 2501 1544 2555 sustinebit?
1577 2519 1594 2550 ‹
1626 2499 2164 2570 Turbabuntur‘gen~

2277 2499 2394 2553 Θεὸν
2438 2500 2531 2552 καὶ
2577 2503 2655 2562 εἰς
2712 2501 2872 2553 αὑτὸν
2920 2500 3181 2570 ἠλπισαν,
3235 2502 3576 2572 προεδίδαξεν
3624 2503 3836 2555 εἰπών’

617 2601 719 2646 tes.
751 2609 770 2643 ι
801 2591 922 2646 Haec
951 2590 1194 2645 videntes
1235 2591 1326 2660 qui
1377 2590 1623 2645 habitant
1663 2591 1944 2655 terminos,
1975 2590 2169 2643 timue-

2277 2590 2639 2660 [Ἑτοιμάξων
2681 2590 2780 2662 ὅρη
2808 2593 2864 2642 ἐν
2897 2593 2960 2661 τῇ
2998 2591 3140 2660 ἰσχύῖ
3167 2591 3328 2644 αὐτοῦ
3348 2631 3362 2655 ,
3393 2589 3839 2662 περιεζωσμένος

616 2689 750 2736 runt
792 2700 827 2735 a
875 2683 1046 2751 signis
1081 2683 1218 2750 ejus.
1277 2680 1370 2737 His
1415 2697 1578 2750 porro
1629 2681 1970 2750 signiﬁcatur
2007 2682 2168 2749 spiri-

2277 2686 2322 2734 ἐν
2350 2682 2648 2751 δυναστείᾳ,
2677 2683 2704 2732 ὁ
2734 2682 3112 2753 συνταράσσων
3137 2681 3196 2734 τδ
3220 2682 3380 2744 κύτος
3407 2683 3505 2752 τῆς
3531 2681 3837 2751 θαλάσσης,

613 2783 765 2829 tuum
805 2775 1184 2844 malignorum.
1232 2774 1331 2842 qui
1365 2775 1728 2827 olimcontra
1761 2772 1855 2828 Dei
1885 2774 2166 2826 scientiam

2277 2777 2428 2845 h’xou;
2479 2777 2733 2844 κυμάτων
2772 2776 2956 2844 αὐτῆς.
2996 2796 3012 2826 ο
3069 2776 3164 2838 Τίς
3217 2777 3606 2846 ﬁneﬁne-stat;
3665 2794 3684 2826 ι
3723 2777 3840 2829 Τα-

615 2864 998 2941 εινὶεεὶδοηιυιεη
1043 2861 1274 2929 abjectio
1332 2869 1385 2915 et
1441 2859 1709 2929 depulsio,
1760 2875 1826 2914 ac
1886 2860 2167 2914 diabolicae

2277 2865 2622 2935 ραχθήσονται
2649 2865 2792 2935 ἔθνη.
2828 2884 2844 2915 ι
2883 2865 3062 2918 Ταῦτα
3097 2865 3419 2936 θεασάμενοι
3449 2869 3496 2918 οἱ
3518 2866 3841 2919 κατοικοῦν-

618 2954 750 3007 aciei
796 2952 997 3014 clades,
1049 2953 1458 3022 principatuum
1491 2951 1762 3017 videlicet,
1816 2958 2167 3020 potestatum,

2277 2973 2355 3017 τες
2379 2955 2444 3008 τά
2468 2957 2694 3026 πέρατα,
2732 2958 3070 3029 ἐφοϐήθησαν
3097 2958 3203 3010 ἀπὸ
3227 2958 3332 3010 τῶν
3367 2959 3610 3029 σημείων
3641 2959 3834 3012 αὑτοῦ.

617 3055 886 3101 rectorum
937 3044 1129 3098 mundis
1174 3054 1226 3100 et
1284 3044 1654 3114 spiritualium
1714 3045 1970 3114 nequitia:
2005 3062 2018 3097 :
2050 3057 2169 3112 qua:

2277 3048 2527 3120 Δηλοῦται
2567 3051 2620 3102 δὲ
2661 3051 2747 3102 διά
2786 3051 2986 3102 τούτων
3030 3054 3062 3118 ἡ
3097 3050 3203 3102 τῶν
3237 3049 3403 3102 πάλαι
3448 3049 3866 3119 ἐπαιρομένων·

612 1699 775 1754 supra
817 1684 1017 1737 dictum
1053 1690 1174 1738 est:
1212 1701 1231 1734 ι
1271 1682 1404 1752 Spes
1427 1685 1668 1737 omnium
1699 1683 1885 1736 ﬁnium
1925 1691 2098 1736 terras.
2138 1701 2155 1732 ι

618 3135 838 3204 quidem
861 3134 987 3186 oiim
1021 3135 1270 3205 gentibus
1303 3144 1505 3189 terram
1540 3134 1901 3209 incolentibus
1932 3133 2167 3187 clominao

2277 3139 2407 3192 κατά
2463 3140 2560 3209 τῆς
2604 3139 2853 3206 γνώσεως
2896 3140 2989 3191 τοῦ
3025 3140 3158 3191 Θεοῦ
3205 3137 3454 3209 πονηρῶν
3508 3139 3871 3208 πνευμάτωνι

620 3228 833 3290 bantur,
885 3236 938 3281 et
982 3227 1230 3281 humanae
1279 3225 1403 3279 vitae
1453 3240 1604 3280 mare
1646 3207 2069 3279 commiscebant
2114 3235 2168 3277 et

619 3317 1034 3379 conturbabant,
1065 3318 1136 3369 ita
1181 3324 1238 3370 ut
1286 3316 1509 3370 deorum
1551 3316 1884 3384 religionem,
1917 3314 2168 3369 omnibus

619 3407 928 3460 universum
981 3407 1130 3459 orbis
1179 3406 1505 3459 elementum
1552 3404 1914 3458 incolentibus
1962 3404 2168 3458 emitte-

622 3506 760 3551 rent.
798 3486 988 3550 Omnia
1029 3510 1156 3549 vero
1190 3511 1285 3564 per
1315 3495 1615 3550 salutarem
1651 3494 1742 3549 Dei
1784 3493 2069 3549 adventum
2103 3495 2169 3550 de

622 3590 799 3644 medio
847 3587 1060 3642 sublata
1111 3593 1167 3640 et-
1204 3601 1390 3641 eversa
1439 3593 1590 3660 sunt.
1635 3584 1730 3640 His
1786 3585 1985 3639 similia
2032 3585 2169 3638 alius

622 3694 835 3749 quoque
886 3677 1143 3747 pmpheta
1198 3675 1346 3730 hisce
1391 3677 1569 3731 verbis
1611 3678 1934 3729 vaticinatur
1974 3694 1986 3728 :
2026 3694 2046 3725 ι
2071 3675 2171 3728 Au-

625 3768 778 3831 dite,
829 3769 1011 3837 populi
1055 3781 1282 3828 omnes,
1341 3766 1435 3834 qui
1486 3766 1744 3821 habitatis
1801 3768 1854 3819 in
1905 3767 2019 3836 ipsa
2065 3784 2078 3819 :
2119 3774 2172 3819 et

625 3861 728 3913 erit
784 3857 924 3911 Deus
979 3858 1130 3912 vobis
1191 3861 1246 3912 in
1303 3859 1715 3921 testimonium,
1769 3857 2047 3912 iD'ominus
2105 3858 2172 3911 de

624 3949 785 4003 dumo
811 3959 996 4002 sancta
1025 3966 1142 4004 sua.
1169 3949 1306 4014 Quia
1334 3965 1460 4004 ecce
1487 3948 1766 4010 Dominus,
1796 3946 2056 4001 Deminus
2085 3947 2174 4001 de-

626 4043 849 4098 scendet
893 4041 958 4096 de
992 4043 1114 4095 loco
1161 4057 1280 4104 suo,
1322 4049 1383 4095 et'
1410 4024 1740 4095 conscendet
1765 4055 1927 4108 super
1961 4038 2171 4092 excelsa

627 4142 803 4187 teme.
849 4132 913 4185 Et
946 4140 1186 4185 conteret
1225 4138 1436 4184 montes
1469 4129 1660 4183 subtus
1708 4144 1786 4192 se,
1821 4137 1876 4180 et
1910 4127 2079 4181 valles
2108 4128 2174 4179 li-

629 4233 885 4292 quescent
945 4224 1088 4277 sic‘ut
1137 4237 1259 4276 cera
1321 4235 1351 4274 a
1402 4220 1536 4273 facie
1597 4219 1739 4288 ignis
1791 4228 2008 4289 propter
2073 4221 2174 4272 im-

633 4315 889 4381 pietatem
917 4311 1084 4365 Jacob
1117 4329 1128 4362 :
1167 4311 1278 4364 haec
1308 4309 1490 4363 omnia
1534 4315 1591 4362 et:
1636 4315 1856 4377 propter
1893 4318 2172 4377 peccatum

631 4401 824 4454 domus
856 4398 1104 4453 Israel".
1147 4419 1162 4450 ι
1204 4401 1261 4451 In
1296 4413 1408 4452 xm
1465 4397 1590 4449 item
1638 4396 1866 4464 psalmo,
1901 4396 1990 4464 qui
2029 4397 2176 4465 ejus-

2273 3229 2593 3291 ταπείνωσις
2627 3231 2720 3282 καὶ
2759 3230 3126 3300 ήκαθαίρεσις
3166 3231 3264 3300 τῆς
3303 3229 3841 3300 διαϐολικῆςπαρα-

2273 3316 2507 3381 τάξεως,
2544 3318 2721 3387 ἀρχῶν
2768 3318 2965 3388 δηλαδὴ
3015 3319 3105 3372 καὶ
3155 3318 3429 3382 ἐξουσιῶν,
3481 3320 3573 3372 καὶ
3631 3305 3842 3391 κοσμο-

2275 3409 2551 3479 κρατόρων
2588 3410 2680 3461 καὶ
2731 3410 3108 3480 πνευματικῶν
3167 3411 3266 3478 τῆς
3322 3411 3612 3480 πονηρίας⁶
3665 3409 3840 3464 ἅτινα

2276 3499 2439 3552 πάλαι
2478 3499 2573 3570 μὲν
2601 3500 2919 3570 κατεκράτει
2948 3500 3054 3554 τῶν
3084 3502 3174 3553 ἐπὶ
3199 3502 3298 3570 γῆς
3321 3499 3610 3554 οἰκούντων
3638 3501 3842 3564 ἐθνῶν,

2277 3590 2542 3645 συνεκύκα
2612 3607 2670 3642 τε
2730 3591 2826 3642 ’καὶ
2894 3593 3249 3661 συνετάραττε
3303 3592 3402 3662 τὴν
3468 3591 3561 3644 τοῦ
3620 3590 3842 3661 ἀνθρω-

2277 3679 2428 3729 πείου
2477 3677 2590 3745 βίου
2651 3677 2941 3742 θάλασσαν,
2982 3680 3056 3742 ὼς
3103 3679 3236 3732 θεῶν
3280 3678 3436 3743 δόξαν
3485 3680 3840 3733 ἀποστέλλειν

2279 3767 2424 3835 παρά
2447 3769 2578 3819 πᾶσι
2621 3770 2730 3830 τοῖς
2752 3768 2809 3818 τὸ
2831 3769 2928 3836 τῆς
2965 3770 3065 3838 γῆς
3102 3768 3306 3821 οἰκοῦσι
3334 3771 3610 3838 στοιχεῖον.
3645 3769 3837 3839 Καθῂ-

2280 3873 2436 3925 ρηται
2480 3856 2536 3907 δὲ
2599 3857 2771 3908 πάντα
2829 3857 2921 3908 καὶ
2982 3856 3383 3927 ἀνατέτραπται
3433 3857 3524 3909 διά
3578 3855 3677 3924 τῆς
3729 3874 3839 3910 σω-

2275 3947 2461 4015 τηρίου
2513 3945 2842 4011 θεοφανείας.
2896 3945 2974 3998 Td
3013 3947 3171 4016 ὅμοια
3217 3946 3272 3998 δέ
3315 3945 3520 4007 τούτοις
3553 3947 3840 4008 καὶᾶλλος

2278 4039 2557 4106 προφήτης
2590 4030 2688 4090 ὧδε
2742 4036 2982 4098 θεσπίζει
3026 4036 3230 4104 λέγων·
3291 4055 3308 4085 ι
3349 4036 3668 4097 Ἀκούσατε,
3720 4038 3841 4090 λαοὶ

2279 4127 2473 4188 πάντες
2510 4127 2558 4178 οἱ
2591 4127 2963 4189 κατοικοῦντες
3007 4129 3062 4178 ἐν
3095 4128 3228 4195 αὐτῇ
3252 4144 3263 4156 ⁸
3316 4127 3597 4180 κα“ι“ἒσται
3637 4131 3665 4180 ὁ
3688 4130 3840 4192 ’Θεὸς

2280 4218 2407 4284 ὑμῖν
2451 4219 2528 4279 εἰς
2573 4217 2887 4286 μαρτύριον,
2933 4216 3134 4285 Κύριος
3172 4215 3231 4279 ἐξ
3276 4216 3424 4268 οἴκου
3467 4218 3620 4285 ἁγίου
3649 4219 3837 4274 αὑτοῦ.

2282 4309 2421 4360 Διότι
2459 4308 2562 4360 ἰδοὺ
2587 4309 2790 4378 Κύριος
2825 4307 3183 4376 καταϐήσεται
3225 4311 3287 4361 ἐκ
3318 4309 3408 4362 τοῦ
3442 4311 3604 4362 τόπου
3635 4311 3803 4363 αὑτοῦ
3823 4327 3836 4340 ·

2283 4400 2373 4451 καὶ
2391 4399 2726 4469 ἐπιϐήσεται,
2759 4397 2960 4468 Κύριος
2984 4399 3076 4450 ἐπὶ
3104 4399 3168 4451 τὰ
3192 4398 3297 4468 ὕψη
3320 4399 3420 4469 τῆς
3433 4401 3552 4468 γῆς.
3594 4402 3703 4452 Kal
3718 4419 3838 4454 συν-

634 4493 754 4547 dem
799 4491 1007 4543 Domini
1052 4491 1372 4545 descensum
1423 4504 1487 4543 ex
1534 4487 1686 4541 οωιίε
1712 4487 1764 4540 in
1790 4494 1992 4540 terram
2027 4503 2173 4543 com-

2281 4489 2590 4560 τριϐήσεται
2609 4488 2676 4542 τά
2691 4489 2788 4559 ὅρη
2806 4490 3148 4542 ὑποκάτωθεν
3170 4489 3332 4560 αὑτοῦ
3353 4506 3365 4518 °
3393 4491 3486 4541 καὶ
3513 4491 3568 4542 αἱ
3595 4491 3838 4554 κοιλάδες

636 4582 913 4652 plectitur,
938 4579 1141 4632 dictum
1167 4589 1248 4633 est
1281 4595 1292 4629 :
1335 4598 1352 4629 ι
1394 4577 1454 4631 Et
1481 4583 1756 4631 commota
1781 4584 1864 4631 est
1897 4585 1948 4629 et
1974 4585 2179 4631 contre.

639 4675 776 4727 muit
808 4680 972 4732 terra,
999 4668 1344 4723 fundamenta
1387 4671 1646 4723 montium
1681 4669 2004 4724 conturbata
2041 4677 2179 4722 sunt

643 4774 690 4818 et
723 4773 985 4817 commota
1037 4767 1181 4820 sunt,
1222 4760 1474 4828 quoniam
1523 4762 1695 4816 iratus
1739 4769 1820 4816 est
1869 4761 1950 4814 eis
1999 4758 2181 4812 Domi-

645 4856 818 4908 nus".
857 4875 874 4904 ι
908 4852 1002 4905 llis
1037 4867 1199 4921 porro
1253 4851 1545 4905 descensus
1584 4851 1813 4912 Domini,
1855 4853 1906 4906 id
1959 4855 2042 4905 'est
2086 4851 2179 4904 Dei

649 4955 820 5004 ἵπποι,
855 4942 1222 5009 signiﬁcatur;
1261 4939 1560 5009 deindeque
1603 4943 1937 4994 occultarum
1964 4951 2015 4996 et
2046 4941 2183 4994 invi-

644 5033 880 5088 sibilium
934 5037 1281 5097 potestatum,
1314 5045 1432 5099 qua:
1461 5030 1586 5081 olim
1629 5029 1684 5081 in
1734 5030 1960 5084 sublime
2011 5031 2182 5098 erige-

641 5125 858 5177 bantur.
890 5128 942 5172 et
967 5120 1032 5172 ab
1057 5121 1307 5174 omnibus
1343 5121 1590 5190 gentibus
1633 5120 1969 5184 colebantur,
2000 5123 2179 5180 ruina,

641 5213 869 5279 abjectio
901 5219 953 5264 et
983 5210 1287 5277 dissipatio,
1317 5225 1435 5278 quae
1476 5212 1529 5263 in
1561 5211 1676 5279 ejus
1698 5211 1762 5262 ad
1793 5211 2046 5266 homines
2091 5212 2183 5265 de-

643 5316 837 5353 scensu
860 5299 1104 5368 contigit.
1133 5297 1308 5363 Quare
1339 5300 1390 5351 in
1416 5302 1662 5367 praesenti
1702 5301 1899 5354 dicitur
1931 5318 2004 5374 Ξ]
2043 5301 2186 5354 Prae-

644 5405 840 5458 parans
879 5398 1086 5446 montes
1140 5392 1192 5443 in
1246 5390 1445 5443 virtute
1494 5406 1610 5454 sua,
1663 5392 1940 5446 accinctus
1993 5400 2183 5462 poten-

648 5479 742 5530 tia.
781 5499 798 5528 ι
833 5478 1073 5532 Potentia
1106 5481 1246 5532 enim
1293 5478 1594 5540 accinctus,
1627 5479 1939 5534 fortitudine
1979 5481 2187 5534 scilicet

648 5582 765 5628 sua,
816 5568 1100 5634 praedictos
1151 5577 1360 5623 montes
1410 5569 1646 5622 nondum
1697 5568 1912 5638 quidem
1962 5584 2187 5642 prorsus

716 5741 759 5772 ²⁶
796 5739 956 5794 ωειλ.
991 5756 1028 5808 ι,
1060 5743 1173 5796 2-4.
1249 5746 1290 5782 ³⁷
1315 5742 1456 5800 Psal.
1481 5758 1614 5811 xvu,
1646 5741 1699 5800 8.

2277 4582 2600 4650 τακήσονται
2641 4581 2714 4643 ὼς
2745 4581 2912 4650 κηρὸς
2947 4580 3054 4633 ἀπὸ
3079 4580 3365 4651 προσώπου
3413 4579 3580 4648 πυρὸς
3610 4579 3676 4633 δι’
3711 4583 3837 4634 ἀσέ-

2279 4674 2423 4725 ϐειαν
2473 4671 2690 4725 Ἰακώϐ·
2728 4671 2895 4724 ταῦτα
2935 4672 3108 4725 πάντα
3146 4671 3239 4722 καὶ
3278 4670 3342 4722 δι’
3386 4671 3658 4739 ἁμαρτίαν
3689 4671 3836 4725 οἴκου

2292 4763 2520 4834 Ἰσραήλ.
2564 4784 2580 4814 ι
2607 4763 2763 4816 Ἀλλὰ
2791 4765 2882 4815 καὶ
2917 4766 2972 4816 ἐν
2998 4763 3074 4832 τῷ
3105 4759 3169 4823 ιζ’
3193 4759 3409 4829 ψαλμῷ,
3453 4760 3548 4830 τὴν
3591 4760 3648 4825 ἐξ
3676 4763 3838 4832 οὑραι

2280 4853 2383 4904 νῶν
2411 4856 2501 4906 ἐπὶ
2522 4853 2623 4922 γῆς
2647 4854 2941 4906 κατάϐασιν
2963 4852 3055 4903 τοῦ
3083 4849 3241 4902 αὐτοῦ
3274 4848 3474 4919 Κυρίου
3512 4851 3833 4922 περιέχοντι.

2280 4941 2553 4994 λέλεκται·
2589 4959 2606 4990 ι
2649 4942 2755 4993 Καϊ
2796 4938 3055 5006 ἐσαλεύθη
3095 4939 3186 4989 καλ¹
3233 4937 3486 5006 ἔντρομος
3529 4939 3755 5009 ἐγενήθη
3805 4942 3833 5006 ἡ

2281 5027 2386 5094 γῆ,
2432 5027 2525 5079 καὶ
2569 5027 2636 5078 τά
2686 5026 2905 5094 θεμέλια
2952 5025 3073 5075 τῶν
3106 5025 3272 5093 ὀρέων
3318 5026 3691 5096 ἐταράχθησαν
3745 5029 3834 5080 καὶ

2283 5119 2663 5188 ἐσαλεύθησαν,
2690 5118 2769 5168 ὃτι
2801 5114 3040 5184 ὠργίσθη
3072 5115 3248 5177 αὐτοῖς
3277 5119 3304 5168 ὁ
3333 5117 3553 5187 Κύριος.
3585 5137 3603 5168 ι
3634 5119 3836 5188 Σημαί-

2284 5227 2322 5260 ν’
2346 5227 2427 5260 ται
2453 5209 2508 5261 δὲ
2542 5208 2625 5260 διὰ
2665 5206 2864 5258 τούτων
2894 5204 3112 5269 κάθοδος
3142 5206 3232 5258 τοῦ
3262 5207 3488 5277 Κυρίου,
3509 5207 3709 5276 δηλαδὴ
3742 5207 3831 5258 τοῦ

2285 5299 2415 5351 Θεοῦ
2449 5300 2617 5365 Λόγου
2638 5315 2650 5326 ·
2682 5295 2774 5349 εἶτ’
2810 5297 2899 5348 ἐπὶ
2926 5299 2990 5365 τῇ
3028 5299 3105 5360 εἰς
3149 5296 3461 5368 ἀνθρώπους
3507 5297 3714 5364 καθόδῳ
3743 5297 3833 5349 αὒέ

2285 5390 2374 5443 τοῦ
2410 5391 2514 5443 τῶν
2551 5388 2766 5457 ἀφανῶν
2788 5452 2794 5458 _
2817 5389 2908 5440 καὶ
2941 5388 3181 5459 ἀοράτων
3214 5387 3490 5457 δυνάμεων
3524 5387 3632 5438 τῶν
3674 5386 3831 5440 πάλαι

2287 5483 2363 5543 εἰς
2392 5480 2520 5549 ὕψος
2549 5479 2887 5549 ἐπηρμένων,
2920 5479 3011 5530 καὶ
3049 5479 3196 5549 παρά
3236 5480 3363 5530 πᾶσι
3391 5461 3501 5537 τοῖς
3544 5475 3717 5528 ἔθνεσι
3755 5493 3833 5527 τε-

2289 5572 2600 5642 τιμημένων
2623 5570 2931 5640 καθαίρεσις
2953 5569 3043 5624 καὶ
3067 5569 3384 5628 ταπείνωσις
3405 5565 3496 5618 καὶ
3517 5566 3852 5634 σκεδασμός.,
