3976 6348
114 394 212 450 637

1208 393 1708 454 ΕΟΜᾺΙΕΝῚἎΒΙΛ
1745 396 1814 451 ΙΝ
1853 399 2187 457 ρελιιιοδ.

3204 405 3308 460 638

110 511 193 562 Διὸ
244 508 337 562 καὶ
377 509 434 560 ιν
465 509 576 570 τοῖς
607 507 742 577 μετὰ
778 509 961 578 χεῖρας
1002 508 1244 586 εῐρηται·
1273 526 1290 558 ι
1335 508 1654 579 Ἐτοιμάζων

1760 512 1998 577 sustulit,
2023 512 2117 566 sed
2140 513 2460 581 praeparavit
2486 521 2540 567 et
2584 512 2650 566 ad
2690 514 3021 582 supplicium
3070 510 3313 572 destina-

108 601 200 675 ὅρη
231 603 288 653 ὲν
315 603 377 668 τῇ
406 599 546 668 ίσχύῖ
575 599 758 661 αὑτοῦ,
787 598 1216 669 περιεζωσμένος
1229 601 1286 652 ιν
1299 600 1598 670 δυναστείᾳ.
1638 619 1655 651 ι

108 690 393 760 Δυναστείᾳ
415 689 521 760 γάρ
561 687 1013 758 περιεζωσμένος,
1054 691 1121 757 τῇ
1171 687 1332 741 αὐτοῦ
1382 689 1549 758 ίσχύῖ,
1593 689 1662 742 τὰ

107 781 460 852 προλεχθέντα
492 781 592 853 ὅρη
620 781 768 833 οὔπω
801 780 897 849 μὲν
928 781 1007 840 τίς
1039 779 1099 830 τὸ
1147 779 1405 842 παντελὲς
1448 779 1648 833 ambis-

105 888 219 924 σενο
253 873 514 942 ἡτοίμασε
560 871 615 924 δὲ
646 873 724 934 εις
761 870 1024 940 τιμωρίαν
1056 869 1190 934 τέως
1223 869 1487 941 ἀφορίσας
1523 871 1662 924 αὐτὰ

105 963 192 1014 καὶ
222 964 533 1032 ἀποστήσας
565 962 662 1031 τῆς
696 962 835 1015 κατὰ
865 961 970 1014 τῶν
994 961 1294 1032 ἀνθρώπων
1318 962 1657 1034 τυραννίδος

104 1054 230 1107 ἀλλὰ
253 1056 346 1106 κα)⁵
374 1055 433 1107 τὸ
464 1054 622 1117 κύτος
648 1054 747 1123 τῆς
767 1054 1036 1122 Θαλάσσης
1063 1056 1129 1124 τῇ
1159 1053 1349 1106 ἑαυτοῦ
1379 1055 1660 1125 δυναστείᾳ

106 1147 424 1199 κατέπαυσε.
475 1147 565 1198 Διὸ
609 1147 898 1198 λέλεκται
921 1163 948 1196 ι
977 1145 1363 1215 Συνταράσσων
1407 1145 1467 1198 τὸ
1500 1145 1658 1208 κύτος

103 1239 191 1306 τῆς
221 1235 510 1306 θαλάσσης,
539 1238 698 1307 ἤχους
722 1237 973 1306 κυμάτων
1008 1237 1196 1306 αὐτῆς.
1231 1255 1255 1288 ι
1293 1236 1432 1290 ’Λντὶ
1458 1235 1512 1288 δὲ
1543 1234 1656 1298 τοῦ,

108 1347 125 1378 ι
146 1332 172 1381 6
193 1330 592 1400 συν-ταράσσων,
619 1346 636 1378 ι
657 1330 684 1380 6
703 1328 799 1396 μὲν
816 1327 1060 1391 Ἀκύλας,
1079 1346 1096 1378 ι
1122 1325 1509 1380 καταστέλλων·
1534 1345 1551 1375 ι
1566 1325 1660 1378 δδι

102 1419 404 1482 Θιοδοτίων,
430 1438 450 1469 ι
481 1419 875 1489 καταπραΰνων
895 1459 908 1482 ,
943 1437 964 1470 ι
993 1421 1086 1472 καὶ
1115 1421 1147 1487 ἡ
1177 1419 1396 1489 πέμπτη
1432 1418 1656 1481 ἔκδυσις,

107 1530 122 1561 ι
150 1510 610 1581 ὁκαταπραύνων,
643 1529 663 1562 ι
684 1511 1050 1580 ἠρμήνιυσαν.
1071 1511 1226 1577 Λέγει
1253 1510 1295 1562 δ’
1322 1506 1414 1562 οὖν
1443 1512 1471 1562 6
1505 1508 1658 1561 Ἀκύ-

100 1607 215 1668 λας·
255 1625 274 1658 ι
312 1607 698 1659 Καταστέλλων
731 1601 862 1679 ἦχον
907 1604 1198 1675 θαλάσσης,
1228 1605 1449 1676 θόρυϐον
1484 1601 1659 1675 κυμά-

101 1715 198 1750 των
227 1698 395 1768 αὐτῆς
432 1699 524 1750 καὶ
566 1697 718 1766 ὄχλον
759 1697 957 1765 φυλῶν.
1008 1716 1027 1748 ι
1057 1697 1261 1758 Ὠσπερ
1289 1696 1393 1768 γὰρ
1424 1695 1492 1748 τὰ
1524 1691 1654 1767 προ-

100 1787 347 1856 λεχθέντα
374 1787 474 1857 ὅρη
517 1787 597 1848 εἰς
647 1785 742 1855 τὴν
788 1786 1090 1855 μέλλουσαν,
1134 1787 1271 1841 αύτὰ
1308 1785 1656 1857 διαλήψεσθαι

1761 604 1856 666 vit,
1882 610 1938 657 et
1966 618 1995 656 a
2024 604 2314 673 tyrannide
2368 619 2529 673 quam
2589 606 2642 658 in
2703 605 2949 659 homines
2989 611 3310 662 exercebant

1760 696 1987 749 semovit
2013 713 2027 748 :
2061 696 2170 749 imo
2195 695 2359 749 etiam
2397 695 2723 766 profundum
2753 697 2919 751 maris
2947 699 3182 766 potentia
3216 714 3310 752 sua

1760 785 1985 840 sedavit.
2021 784 2364 855 Quapropter
2414 788 2617 842 dicitur
2672 807 2684 842 :
2731 807 2756 838 ι»
2789 786 3135 842 Conturbans
3178 795 3310 857 'pro-

1759 875 1984 930 fundum
2043 877 2234 943 maris,
2287 892 2486 934 sonum
2545 878 2805 933 luctuum
2859 881 2997 948 ejus.
3033 900 3050 930 ι
3089 879 3192 932 Pro
3220 879 3309 933 illo

1760 978 1939 1022 autem
1962 1008 1977 1030 ,
2018 987 2036 1019 ι
2063 969 2442 1043 ⁸ιξοιιιιιιιιισῐιε,
2489 989 2507 1021 ι
2544 969 2760 1039 Aquila,
2797 989 2825 1021 ι
2853 972 3248 1040 comprimens;
3284 992 3306 1024 ι

1761 1059 2080 1123 Tbeodotio,
2120 1056 2151 1111 ι’
2180 1061 2466 1129 mitigans;
2501 1081 2520 1112 ι
2549 1064 2738 1130 quinta
2772 1064 2897 1116 item
2926 1062 3113 1124 editio,
3156 1080 3173 1112 ι
3210 1062 3308 1114 mi-

1759 1152 1973 1220 tigans,
2015 1172 2032 1204 »
2086 1153 2424 1222 interpretati
2472 1163 2626 1206 sunt.
2679 1155 2764 1206 Ait
2831 1154 2993 1223 igitur
3058 1155 3249 1222 Aquila
3292 1169 3304 1204 :

1765 1263 1783 1293 ι
1821 1244 2198 1314 Comprimens
2256 1260 2449 1300 sonum
2495 1246 2682 1307 maris,
2721 1246 3006 1299 tumultum
3050 1245 3308 1298 ﬂuctuum

1757 1331 1897 1399 ejus,
1921 1341 1973 1386 et
2005 1335 2218 1387 turbam
2262 1335 2565 1388 nationum.
2608 1355 2626 1386 ι
2662 1334 3122 1402 Quemadmodum
3165 1337 3308 1388 enim

1758 1422 2040 1490 praedictos
2099 1433 2312 1478 montes
2372 1425 2439 1477 ad
2493 1425 2732 1479 futurum
2788 1426 2924 1495 ipsis
2969 1425 3307 1480 inferendum

1759 1515 2080 1584 supplicium
2125 1517 2469 1584 praeparavit,
2504 1517 2578 1570 ita
2638 1533 2866 1586 quoque
2901 1533 3092 1572 sonqu
3142 1520 3308 1573 maris

1757 1618 1809 1661 et
1837 1609 2123 1660 tumultum
2177 1607 2438 1662 ﬂuctuum
2495 1609 2614 1676 ejus
2649 1611 2988 1678 compressit.
3024 1609 3305 1673 Quodnam

1759 1698 1884 1750 illud
1917 1714 2082 1759 mare.
2109 1701 2232 1768 quis
2251 1714 2418 1754 sonus
2445 1701 2582 1766 ejus,
2606 1701 2728 1769 quis
2754 1685 3015 1753 tumultus
3050 1699 3307 1753 ﬂuctuum
3350 1757 3355 1765 I

1756 1788 1875 1856 ejus
1926 1789 2016 1850 sit,
2072 1790 2175 1843 sub
2233 1791 2345 1843 hate
2395 1790 2638 1844 declarat
2672 1789 2862 1857 Aquila
2917 1787 3151 1841 dicens:
3190 1804 3209 1837 ι
3244 1785 3306 1838 Et

98 1878 356 1948 τιμωρίαν
382 1877 696 1947 ἡτοίμασεν,
751 1877 892 1930 οὕτω
919 1878 1225 1930 κατέστειλε
1267 1879 1356 1930 τὸν
1394 1875 1523 1949 ἦχον
1556 1879 1649 1932 θα-

1754 1879 1962 1931 turbam
2016 1882 2315 1936 nationum.
2362 1902 2378 1933 ι
2430 1880 2708 1950 Siquidem
2762 1880 2927 1932 multa
2965 1869 3090 1931 olim
3148 1879 3328 1947 turba

98 1972 293 2038 λάσσης
321 1970 412 2025 καὶ
450 1970 537 2021 τὸν
578 1967 801 2037 θόρυϐον
840 1969 948 2022 τῶν
974 1968 1232 2038 κυμάτων
1262 1969 1460 2037 αύτῆς.,
1480 1969 1573 2031 Τίς
1599 1968 1653 2022 δὲ

99 2064 128 2129 ἡ
155 2057 422 2123 θάλασσα,
436 2062 528 2119 καὶ
564 2061 800 2123 ποταπὸς
832 2064 860 2114 6
895 2056 1026 2130 ἦχος
1050 2061 1236 2130 αὐτῆς,
1279 2060 1370 2112 καὶ
1397 2061 1479 2122 τίς
1507 2063 1533 2112 6
1563 2059 1650 2112 θό-

104 2150 252 2221 ρυϐος
278 2151 385 2204 τῶν
422 2151 676 2220 κυμάτων
703 2152 892 2220 αὐτῆς,
923 2150 1048 2219 ἑξῆς
1080 2151 1334 2218 διασαφεῖ,
1367 2151 1394 2201 ὁ
1432 2149 1653 2211 Ἀκύλας

102 2238 290 2294 εἰπών·
331 2261 359 2294 ι.
379 2239 487 2298 Καὶ
534 2243 685 2311 ὄχλον
732 2241 931 2309 φυλῶν.
986 2260 1003 2291 ι
1051 2243 1106 2304 'tl
1140 2241 1244 2312 γὰρ
1288 2240 1451 2303 πολὺς
1503 2239 1653 2309 ὄχλος

101 2331 196 2383 τῶν
235 2332 399 2388 πάλαι
450 2332 637 2396 ἐθνῶν,
679 2333 774 2385 καὶ
816 2331 920 2384 τῶν
949 2331 1098 2388 κατὰ¹
1123 2333 1228 2383 πᾶν
1257 2330 1407 2397 γένος
1445 2329 1652 2400 ἀνθρώ,-

103 2440 208 2475 τιων
237 2423 416 2491 φυλῶν
449 2421 537 2494 ἦν,
570 2426 659 2476 ὅτε
690 2423 838 2493 κῦμα
875 2423 969 2474 τοῦ
1009 2422 1116 2481 τῶν
1170 2420 1465 2490 ἀνθρώπων
1509 2420 1651 2488 βίου-.

104 2518 188 2568 καὶ
216 2515 492 2585 ἡτοιαύτη
524 2515 615 2576 τοῦ
641 2515 838 2587 θνητοῦ
875 2515 987 2586 βίου
1015 2514 1254 2568 θάλασσα
1281 2515 1376 2583 τῆς
1421 2513 1527 2565 τῶν
1559 2515 1652 2565 άν-

103 2606 323 2676 θρώπων
368 2607 560 2669 κακίας
614 2607 1033 2677 πεπληρωμένη,
1064 2606 1227 2664 πολὺν
1259 2604 1480 2674 θόρυϐον
1517 2598 1649 2672 εἶχε,

106 2694 265 2761 μέγαν
307 2709 361 2745 τε
394 2689 524 2764 ἦχον
555 2693 964 2757 ὲξαπὲστελλεν·
1018 2693 1111 2747 ἅτε
1151 2693 1243 2747 τὸν
1285 2692 1548 2761 δράκοντα
1579 2693 1654 2741 ol-

104 2783 287 2842 κούντα
308 2786 360 2836 ὲν
394 2785 532 2854 αὐτῇ
565 2783 903 2855 κεκτημένη,
937 2784 1062 2852 περὶ
1097 2779 1156 2836 οὗ
1179 2782 1422 2834 λέλεκται
1442 2799 1454 2810 ·
1491 2801 1508 2831 ι
1532 2782 1654 2836 Ἑπτ

106 2874 219 2939 άξει,
239 2876 440 2946 Κύριος
473 2878 500 2929 6
529 2876 658 2940 Θεὸς
683 2875 778 2946 τὴν
821 2875 1088 2945 μάχαιραν
1132 2876 1221 2927 ἐπὶ
1251 2875 1339 2926 τὸν
1367 2872 1650 2944 δράκοντα,

1752 1971 1989 2040 gentium
2045 1980 2098 2024 ct
2124 1973 2407 2027 nationum
2439 1973 2608 2026 totius
2643 1972 2864 2024 humani
2904 1969 3120 2039 generis
3144 1977 3269 2023 erat
3290 1985 3315 2018 ﬁ.

1753 2062 1979 2132 hujusce
2025 2073 2202 2117 autem
2250 2065 2512 2118 mortalis.
2541 2065 2662 2115 vitae
2690 2062 2884 2116 ﬂuctus
2913 2071 2967 2114 et
2995 2075 3161 2123 mare,
3193 2075 3305 2111 ma.-
3389 2065 3392 2068 '

1754 2154 1866 2206 litia
1920 2154 2205 2222 repletum,
2265 2153 2560 2206 tumultum
2621 2166 2873 2220 magnum
2931 2149 3311 2209 excitabat.“-

1754 2247 2020 2314 ingentem
2071 2245 2353 2298 emittebat
2405 2244 2891 2310 sonitum;utpote
2920 2240 3061 2308 quod
3109 2241 3313 2293 ιιι-ειυς-

1752 2351 1871 2390 nem
1907 2336 1962 2388 in
2013 2335 2191 2388 medio
2222 2335 2303 2389 sui
2351 2335 2686 2389 habitantem
2736 2339 3056 2394 contineret,
3086 2331 3150 2385 de
3197 2347 3305 2399 quo

1751 2428 1953 2480 dictum
2006 2435 2143 2479 est:
2195 2446 2210 2476 ι
2250 2425 2474 2481 lnducet
2529 2426 2791 2480 Dominus
2872 2426 3013 2480 Deus
3066 2422 3302 2494 gladium

1753 2531 1913 2585 super
1943 2514 2258 2578 draconem,
2299 2524 2606 2586 serpentem
2655 2523 2980 2578 tortuosum,
3013 2522 3064 2569 et
3095 2513 3304 2569 occidet

1753 2608 2043 2662 draconem
2092 2604 2184 2674 qui
2216 2615 2298 2660 est
2331 2607 2384 2659 in
2414 2606 2551 2658 mari
2571 2606 2636 2657 ’⁸.
2676 2625 2694 2657 ι
2723 2604 2785 2658 Ει
2832 2605 2962 2658 alibi
3015 2613 3304 2672 postquam

1753 2699 1976 2757 dixisset
2010 2716 2024 2750 :
2056 2718 2072 2749 ι
2105 2697 2215 2751 Hoc
2260 2712 2407 2750 mare
2456 2711 2707 2764 magnum
2746 2705 2797 2748 et
2854 2696 3237 2764 spatiosum",
3278 2711 3315 2743 ε.

1753 2792 1976 2848 subdit:
2020 2808 2036 2839 ι
2077 2789 2190 2842 Illic
2247 2789 2414 2841 draco
2460 2788 2564 2841 iste
2608 2802 2764 2855 quem
2813 2787 3055 2839 formasti
3081 2786 3145 2838 ad
3179 2785 3303 2836 illu-

1752 2881 1986 2935 dendum
2016 2881 2065 2935 ei
2089 2880 2156 2934 '°.
2192 2897 2210 2930 ι
2244 2878 2354 2931 Imo
2401 2878 2685 2931 confertim
2728 2878 3038 2940 draconem,
3072 2890 3218 2927 mare
3247 2881 3314 2927 et

104 2967 223 3032 ὅφιν.
240 2968 330 3020 τὸν
373 2967 602 3028 σκολιὸν,
639 2967 731 3021 καὶ
763 2966 938 3023 ἀνελεῖ
981 2966 1069 3019 τὸν
1097 2967 1357 3037 δράκοντα
1392 2967 1477 3018 τὸν
1502 2969 1557 3018 ὲν
1587 2968 1654 3036 τῇ

1755 2988 1945 3028 sonum
1978 2973 2238 3026 ﬂuctuum
2270 2969 2388 3037 ejus
2441 2970 2766 3038 compressit
2820 2976 2870 3021 et
2933 2967 3137 3021 sedavit
3177 2982 3303 3035 spes

107 3055 363 3130 θαλάσσῃ·
397 3081 416 3110 ι
453 3061 546 3111 καὶ
593 3056 821 3128 ἀλλαχοῦ
865 3058 1135 3129 προειπὼν
1169 3061 1196 3111 6
1233 3058 1417 3125 λόγος·
1456 3077 1472 3107 ι
1509 3056 1654 3127 Αὕτη

1756 3065 1842 3117 illa
1877 3065 2116 3120 omnium
2153 3063 2337 3115 ﬁnium
2373 3068 2549 3123 terrae,
2582 3076 2699 3130 qua?
2733 3061 3041 3114 hominibus
3071 3059 3313 3119 alIulsit,_

105 3154 133 3218 ἡ
183 3149 417 3210 θάλασσα
463 3152 496 3220 ἡ
543 3149 750 3220 μεγάλη
784 3152 874 3202 κα)⁵
935 3148 1274 3218 εὐρύχωρος,
1318 3167 1335 3198 ι
1380 3147 1648 3215 ἐπιλέγει·

1753 3164 1806 3210 et
1851 3156 2071 3209 turbam.
2097 3156 2375 3211 nationum
2407 3155 2681 3207 exstinxit.
2717 3150 2809 3204 llis
2844 3151 3076 3219 peractis
3110 3165 3316 3204 conse-

111 3261 125 3290 ι
171 3241 310 3297 Ἐκεῖ
333 3241 544 3312 δράκων
565 3237 734 3304 οὗτος,
760 3241 817 3293 ὃν
847 3240 1084 3302 ἔπλασας
1115 3240 1400 3308 ἐμπαίζειν
1427 3238 1592 3308 αὐτῷ.
1629 3257 1653 3292 ι.

117 3334 262 3389 Ἀλλά
287 3334 390 3404 γὰρ
407 3333 614 3403 ἀθρόως
637 3333 729 3384 καὶ
748 3333 837 3384 τὸν
855 3332 1118 3400 δράκοντα
1135 3331 1339 3400 καιτὴν
1364 3330 1649 3392 θάλασσαν,

107 3426 191 3479 καὶ
204 3422 423 3476 σὺντῶν
441 3422 696 3491 κυμάτων
726 3421 891 3489 αὐτῆς
908 3415 1059 3489 ἦχον,
1081 3423 1113 3489 ἡ
1141 3420 1289 3482 ἐλπὶς
1319 3420 1530 3478 πάντων
1549 3417 1654 3471 τῶν

108 3515 341 3583 περάτων
367 3515 461 3582 τῆς
495 3514 616 3582 γῆς,
656 3513 975 3579 ἐπιφανεῖσα
998 3510 1317 3579 ἀνθρώποις,
1348 3509 1652 3564 κατέστειλε

108 3607 202 3661 καὶ,
215 3605 568 3673 κατεπράϋνε,
595 3602 684 3655 τόν
703 3619 759 3655 τε
784 3589 1060 3671 ὖχλονίτῶν
1083 3600 1259 3667 φυλῶν
1286 3599 1490 3653 ἔσϐεσε.
1517 3599 1651 3656 T015.-

109 3712 202 3749 των
229 3695 282 3747 δὲ
310 3694 630 3764 γενομένων,
653 3693 778 3763 ἑξῆς
801 3695 893 3745 καὶ
916 3691 1218 3754 ἀκολούθως
1243 3690 1468 3761 εἴρηται·
1496 3709 1513 3739 ι
1540 3693 1646 3744 Καὶ

110 3782 483 3859 φοϐηθήσονται
535 3786 584 3835 οί
629 3783 1001 3845 κατοικοῦντες
1049 3783 1115 3840 τὰ
1158 3782 1368 3853 πέρατα
1398 3781 1505 3836 άπὸ
1545 3782 1651 3834 τῶν

111 3877 329 3949 σημείων
363 3894 473 3930 σου.
515 3896 530 3925 ο
577 3875 758 3928 Ἱκανὰ
788 3876 906 3942 γὰρ,
932 3870 998 3944 ἦν
1048 3875 1114 3926 τὰ
1158 3873 1514 3944 προλεχθέντα
1559 3889 1652 3942 ση-

113 3971 244 4035 μεῖα,
267 3968 361 4036 ὅρη
385 3965 779 4033 ταπεινούμενα
806 3965 898 4016 καὶ
921 3963 1189 4032 θαλάσσης
1213 3959 1345 4032 ἦχος
1371 3961 1652 4017 καταστελ-

111 4055 332 4123 λόμενος,
359 4053 581 4126 θόρυϐός
605 4071 663 4104 τε
695 4053 958 4121 κυμάτων
977 4052 1168 4121 μηκέτι
1204 4051 1483 4120 ταράττων
1511 4052 1663 4108 κατὰ,

111 4145 162 4195 τὸ
187 4144 400 4200 παλαιὸν
419 4183 433 4206 ,
463 4142 595 4195 ἀλλὰ
623 4142 713 4196 καὶ
739 4141 891 4210 δχλος
919 4139 1101 4208 φυλῶν
1129 4141 1219 4192 καὶ
1247 4140 1404 4201 αὐτὸς
1431 4139 1648 4191 σϐεννύ-

117 4250 275 4299 μενος.
305 4232 460 4301 φόϐον
492 4232 782 4300 ἐμποιῆσαι
826 4234 937 4293 τοῖς
981 4229 1283 4292 κατοικοῦσι
1316 4229 1384 4281 τὰ
1412 4229 1644 4299 πέρατα·

114 4324 177 4387 ὼς
228 4326 410 4395 μηκέτι
451 4323 520 4376 τὰ
562 4322 921 4392 προλεχθέντα
968 4323 1142 4376 πάντα
1195 4321 1488 4389 φοϐεῖσθαι,
1536 4321 1647 4373 ἀλλ’

115 4416 208 4470 ἕνας
229 4415 376 4487 μόνον
403 4416 492 4469 τὸν
537 4414 748 4477 πάντων
780 4413 999 4468 ἐκείνων
1030 4414 1251 4482 νικητήν
1272 4413 1492 4470 ’νόντινα
1539 4412 1645 4463 λοι-

1756 3254 1980 3315 quenter
2026 3245 2412 3313 subjungitur:
2458 3262 2475 3294 ι
2521 3241 2584 3294 Ει
2611 3241 2876 3294 timebunt
2921 3240 3016 3308 qui
3059 3241 3302 3293 habitant

1754 3336 2018 3390 terminos
2064 3348 2092 3386 a
2144 3335 2313 3404 signis
2387 3333 2516 3386 tuis.
2558 3350 2575 3382 ι
2605 3329 2740 3383 Nam
2800 3329 3056 3398 praedicta
3123 3330 3299 3398 signa,

1753 3441 1943 3495 nempe
1999 3431 2211 3478 montes
2241 3423 2526 3493 depressi,
2550 3437 2717 3476 sonus
2747 3421 2912 3474 maris
2940 3418 3178 3481 sedatus,
3216 3427 3302 3470 tu-

1753 3518 1951 3571 multus
1997 3515 2280 3578 ﬂuctuum,
2329 3530 2437 3567 non
2481 3522 2541 3566 ut
2589 3513 2716 3566 olim
2752 3511 3110 3581 perturbans;
3142 3511 3301 3564 turba

1753 3608 1876 3664 item
1923 3609 2203 3660 nationum
2251 3607 2540 3665 exstincta,
2566 3611 2721 3658 erant
2765 3603 2831 3656 ad
2864 3610 3124 3656 terrorem
3150 3601 3303 3654 habi-

1751 3698 1993 3754 tantibus
2041 3696 2305 3750 terminos
2353 3693 2724 3750 incutiendum
2770 3692 2932 3755 satis;
2966 3690 3039 3743 ita
3081 3696 3138 3741 ut
3193 3702 3300 3742 non

1752 3789 1852 3842 ista
1878 3788 1991 3857 jam
2035 3794 2348 3845 memorata.
2386 3785 2478 3839 sed
2525 3799 2688 3837 unum
2735 3796 2920 3835 eorum
2951 3780 3190 3832 omnium
3222 3779 3303 3831 vi-

1750 3885 1977 3940 ctorem,
2025 3876 2163 3930 ultra
2215 3874 2633 3929 reformidarent
2668 3890 2680 3924 :
2713 3886 2872 3940 quem
2948 3870 3161 3924 demum
3209 3856 3345 3923 co-I

1749 3975 2069 4037 gnoscentes
2111 3979 2173 4016 ac
2205 3964 2480 4027 timentes,
2515 3961 2900 4037 beatitudinem
2957 3961 3034 4013 sic
3081 3973 3302 4027 expres-

1749 4071 1861 4110 sam
1901 4059 2303 4122 consequuntur
2340 4071 2352 4105 :
2395 4071 2412 4103 ι
2451 4050 2599 4106 Beati
2632 4067 2821 4105 omnes
2855 4051 2941 4119 qui
2973 4051 3160 4103 timent
3190 4047 3298 4100 Do-

1759 4146 1960 4200 minum
1983 4146 2047 4197 ³¹.
2101 4164 2118 4194 ι
2159 4141 2388 4215 Quinam
2435 4157 2566 4196 vero
2595 4144 2704 4196 siut
2758 4143 2874 4204 illi,
2926 4142 3072 4194 hisce
3125 4138 3299 4193 verbis

1747 4235 2000 4288 edocetur
2035 4250 2046 4284 :
2086 4253 2103 4284 ι
2140 4232 2201 4285 Ει
2250 4234 2521 4287 timebunt
2550 4234 2640 4302 qui
2681 4232 2924 4286 habitant
2974 4227 3230 4282 terminos
3268 4243 3298 4280 a

1748 4325 1914 4394 signis
1971 4327 2100 4379 tuis.
2142 4344 2158 4375 ι
2194 4324 2479 4380 Terminus
2523 4332 2723 4390 autem,
2756 4322 3061 4375 inhabitare
3106 4319 3301 4374 dicun-

1748 4423 1833 4467 tur
1865 4429 1968 4468 non
2011 4431 2230 4488 prorsus
2257 4417 2289 4469 ii
2322 4417 2412 4484 qui
2440 4423 2680 4467 extrema
2711 4421 2869 4466 terra;
2895 4411 3171 4472 incolunt,
3205 4411 3299 4464 sed

118 4506 202 4556 τνθιυ
229 4509 432 4575 γνόντες
479 4507 572 4562 καὶ
617 4504 964 4572 φοϐούμενοι,
994 4503 1085 4556 τοῦ
1133 4504 1424 4572 φάσκοντος
1472 4519 1648 4572 μακα-

1753 4507 1840 4574 qui
1885 4510 2017 4559 una
2049 4522 2171 4560 cum
2233 4505 2400 4563 Paulo
2447 4505 2628 4558 dicere
2669 4511 2896 4572 possunt
2932 4522 2943 4555 :
2985 4520 3004 4552 ι
3048 4500 3107 4555 In
3139 4516 3300 4556 carne

121 4596 302 4665 mpsi-
323 4597 674 4667 τυγχάνουσι·
712 4616 728 4646 ι
764 4596 1044 4665 Μακάριοι
1073 4598 1267 4659 πάντες
1305 4597 1352 4648 οἱ
1389 4595 1652 4664 φοϐούμε-

120 4687 296 4744 νοι,τὸν
317 4689 529 4758 Κύριον.
571 4707 599 4744 ι,
622 4681 775 4750 Τίνες
801 4687 840 4739 δ’
875 4686 940 4739 ἂν
970 4682 1075 4738 εἷεν
1095 4681 1257 4750 οὗτοι,
1283 4688 1342 4739 τὸ
1373 4687 1543 4755 παρὸν
1565 4685 1648 4737 λό-

120 4789 220 4847 γιον
241 4759 731 4844 διδάσκει-φάσκον·
765 4794 782 4826 ι
816 4775 924 4828 Καὶ
961 4774 1350 4845 φοϐηθήσονται
1386 4776 1432 4827 ot
1475 4787 1651 4826 κατοι-

121 4861 317 4926 κοῦντες
343 4865 408 4918 τὰ
433 4865 654 4936 πέρατα
669 4865 775 4917 ἀπὸ
813 4866 917 4916 τῶν
969 4851 1203 4932 σημείωῦ
1254 4881 1380 4924 σου.,
1401 4883 1418 4913 ι
1453 4864 1650 4918 Κατορ-

123 4955 222 5011 κεῖν
246 4952 298 5004 δι
328 4953 567 5022 λέγονται
613 4955 678 5007 τὰ
725 4953 931 5024 πέρατα
959 4954 1016 5006 ού
1047 4953 1258 5015 πάντως
1293 4955 1340 5006 oi
1366 4953 1462 5015 τὰς
1491 4954 1651 5022 ἐσχα-

125 5042 232 5109 τιᾱς¹
262 5043 353 5121 τῆς
399 5047 505 5114 γῆς
551 5046 840 5109 οἰκοῦντες,
889 5044 998 5099 ἀλλ’
1042 5048 1090 5099 οἱ
1140 5042 1420 5114 δυνάμενοι
1459 5045 1661 5115 ὁμοίως,
1699 5068 1701 5070 ·

128 5133 298 5205 Παύλῳ
345 5136 548 5202 λέγειν’
587 5155 605 5186 ι
659 5137 755 5199 ἘνΔ
792 5136 951 5206 σαρκὶ
997 5139 1103 5207 γὰρ
1155 5139 1369 5202 ζῶντες,
1414 5138 1470 5188 ού
1517 5137 1656 5190 κατὰ

129 5221 282 5304 σάρκα
332 5229 760 5300 στρατευόμεθα·
801 5249 818 5281 ι
849 5231 961 5283 καίο
1005 5249 1021 5278 ι
1068 5231 1148 5283 Ζῶ
1193 5231 1248 5282 δὲ
1293 5229 1474 5282 οὐκέτι
1528 5229 1656 5295 ἐγὼ,

132 5307 186 5386 ζῆ
215 5318 264 5370 δὲ
303 5321 357 5372 ιν
400 5320 523 5391 ἐμοὶ
571 5317 816 5391 Χριστός.
861 5340 878 5370 ι
916 5313 1229 5390 Οὗτοιγὰρ,
1262 5320 1381 5372 οὔτε
1423 5318 1660 5388 ἐμϐαθύ-

134 5425 293 5473 ναντες
317 5413 423 5471 τοῖς
441 5396 800 5480 ’ἀνθρωπίνοις
823 5409 1152 5480 πράγμασιν,
1176 5408 1296 5465 οὔτε
1320 5412 1488 5482 πάντη
1509 5411 1662 5473 ἐκτὸς

135 5495 262 5561 ὀντες
293 5501 487 5564 αὐτῶν,
511 5502 698 5573 ὥσπερ
725 5505 782 5555 ὲν
823 5501 1053 5572 μεθορίῳ
1089 5503 1499 5575 καθεστήκασιν,
1523 5503 1663 5573 ἀμφὶ

138 5583 208 5644 τὰ,
236 5589 433 5659 πέρατα
466 5591 564 5663 τῆς
601 5588 942 5664 ἀνθρωπίνης
971 5586 1111 5657 ζωῆς
1152 5590 1562 5660 πολιτευόμενοι.
1603 5592 1663 5643 Oi

194 5754 354 5817 "15a.
393 5778 561 5827 xxvii,
602 5765 648 5818 l.
727 5766 768 5796 "
803 5763 941 5819 Dsal.
976 5777 1092 5827 cm,
1123 5760 1210 5817 25.
1295 5764 1338 5833 ’9
1368 5742 1497 5821 lbid.
1521 5762 1607 5817 26.

1757 5764 1896 5829 Psal.
1930 5782 2128 5829 cum,
2167 5765 2225 5818 1.,
2291 5764 2334 5795 ⁸³
2367 5761 2408 5817 11
2437 5762 2561 5817 Cor.
2589 5779 2641 5827 χ,
2682 5763 2736 5818 5.

1749 4597 2004 4661 viventes,
2027 4613 2134 4649 non
2159 4596 2454 4652 mundum
2489 4609 2707 4647 carnem
2739 4593 3035 4647 militamus
3059 4595 3123 4656 ",
3161 4611 3178 4643 ι
3205 4599 3256 4645 et
3281 4607 3295 4641 :

1753 4705 1770 4737 ι
1808 4685 1938 4741 Vivo
1967 4694 2146 4761 autem
2178 4686 2292 4752 jam
2320 4699 2427 4736 non
2457 4698 2579 4757 ego,
2614 4683 2745 4737 vivit
2787 4699 2917 4737 vero
2948 4685 2999 4735 in
3035 4699 3118 4737 me
3150 4682 3299 4736 Chri-

1747 4777 1916 4830 tus".
1951 4795 1968 4826 ι
2006 4773 2066 4832 Hi
2097 4775 2242 4827 enim
2299 4773 2555 4829 humanis
2603 4791 2707 4828 non
2767 4790 2886 4829 sese
2939 4774 3167 4842 negotiis
3199 4773 3300 4824 im-

1748 4873 2070 4936 mergentes.
2101 4879 2277 4932 neque
2313 4871 2497 4919 tamen
2562 4867 2628 4919 iis
2685 4881 2804 4920 sese
2836 4879 3057 4933 prorsus
3095 4863 3299 4918 subdu-

1749 4967 1949 5021 centes,
1974 4955 2128 5027 quasi
2186 4956 2241 5008 in
2301 4954 2501 5009 ﬁnibus
2546 4955 2870 5016 consistunt,
2904 4961 2957 5007 et
3005 4954 3148 5007 circa
3178 4954 3300 5007 vita:

1752 5052 1995 5103 humanae
2025 5047 2286 5102 terminos
2321 5059 2625 5103 versantur.
2649 5045 2750 5110 Qui
2779 5061 2910 5099 sane
2941 5047 3109 5100 multo
3135 5061 3297 5100 sensu

1755 5140 1980 5209 praediti,
2039 5139 2348 5214 conspectis
2411 5136 2712 5214 Servatoris
2761 5138 2933 5190 nostri
2996 5137 3184 5205 signis,
3231 5135 3297 5188 ad

1756 5229 2078 5299 principium
2153 5211 2448 5298 sapientiae,
2493 5211 2737 5281 timorem
2793 5227 2882 5281 Dei
2939 5235 3296 5285 assumentes,

1757 5320 2105 5391 devenerunt.
2139 5321 2271 5386 Quis
2317 5335 2444 5375 vero
2474 5334 2684 5382 eorum,
2717 5321 2807 5389 qui
2843 5320 3005 5373 variis
3039 5318 3296 5384 tempori-

1757 5415 1857 5468 lms
1891 5414 2174 5481 imperium
2221 5396 2461 5471 tenuere.
2485 5412 2872 5468 sublimitatem
2898 5419 2949 5463 et
2981 5410 3215 5462 insultus
3241 5410 3296 5463 in

1761 5499 2053 5556 Ecclesiam
2098 5500 2190 5555 Dei
2223 5502 2591 5569 conspicatus,
2623 5501 2744 5568 quis
2781 5498 3077 5565 impiorum
3126 5498 3296 5550 humi.

1729 5609 1887 5646 suum
1944 5593 2346 5662 persecutiones.
2388 5602 2438 5644 et
2490 5591 2664 5644 minas
2719 5589 2964 5650 intuitus,
2997 5602 3103 5639 non
3155 5587 3310 5641 dicat.

2815 5762 2855 5794 ³⁸
2878 5759 2996 5815 Gal.
3027 5777 3084 5823 Il,
3111 5761 3183 5814 20
