3966 6340
708 445 808 500 5:9

1414 445 1679 499 EUSEBII
1717 445 2190 500 CESARIENSIS
2227 444 2372 501 OPP.
2409 446 2585 501 PARS
2623 446 2708 502 Ill.
2747 476 2816 488 --
2853 444 3252 500 EXEGETIGA.
3733 491 3743 510 .,
3789 445 3867 499 640

710 571 922 613 montes
963 553 1248 620 exaltatOs,
1280 574 1429 614 mare
1479 575 1806 614 concussum
1856 560 2045 623 fuisse,
2072 571 2126 616 ει
2166 577 2236 617 80-

2354 564 2436 634 δὴ,
2488 564 2687 635 πολλῆς
2726 562 3022 633 αἰσθήσεως
3057 561 3426 631 μετασχόντες,
3464 552 3531 613 τὰ
3573 543 3865 630 σημεῖατοῦ

710 664 839 702 num
878 648 1134 702 ﬂuctuum
1164 664 1285 703 esse
1334 651 1620 718 impiorum
1677 661 1731 704 et
1781 653 2062 706 athcorum
2116 653 2260 707 blas-

2354 649 2599 719 Σωτῆρος
2663 648 2817 719 ἡμῶν
2863 647 3201 717 θεασάμενοι,
3259 648 3307 699 oi
3360 649 3417 699 ἑν
3467 648 3606 717 ἀρχῇ
3652 648 3866 714 γεγόνασι

708 741 896 808 phema
930 739 1108 792 dicta?
1131 739 1262 804 Quae
1292 754 1422 794 sane
1454 742 1635 793 omnia
1679 742 1768 796 ille
1821 743 2061 796 omnium
2104 750 2236 799 terra

2355 731 2563 808 σοφίας,
2593 738 2681 791 τὸν
2713 738 2872 806 φόϐον
2901 737 2994 791 τοῦ
3033 736 3166 812 Θεοῦ
3218 736 3580 807 ἀνειληφότες.
3622 737 3714 800 Τίς
3741 738 3790 789 δὲ
3817 739 3869 791 τὰ

706 832 1060 882 terminorum
1097 827 1375 893 Servatur,
1401 831 1485 884 vel
1532 832 1647 885 solo
1691 843 1820 885 nutu
1856 833 1908 885 in
1937 834 2133 888 virtute
2160 851 2236 888 su:

2357 828 2616 898 ὒψώματα
2640 826 2746 878 τῶν
2777 825 2914 878 κατά
2939 827 3160 897 χρόνους
3189 825 3459 896 ἀρχόντων
3499 826 3604 878 καὶ.
3630 825 3724 887 τὰς
3757 828 3870 878 κατὰ

705 921 1005 986 deprimere
1036 921 1353 987 consuevit;
1382 922 1540 974 ita‘ut
1583 923 1672 991 qui
1731 924 1938 977 ruinam
1991 935 2041 978 et
2088 928 2264 993 perni-

2361 917 2445 987 .ἧς
2475 901 2798 985 ⁸Εκκλησίας
2852 915 2944 968 τοῦ
2998 915 3130 969 Θεοῦ
3188 915 3611 980 ἐπαναστάσεις,
3670 916 3782 978 τούς
3825 933 3871 968 τε

705 1006 841 1057 ciem
873 1021 1058 1059 eorum
1108 1007 1451 1075 conspiciunt
1495 1009 1814 1076 turbentur;
1852 1005 1941 1062 alii
1975 1026 2105 1065 vero
2135 1011 2236 1064 bini

2351 1007 2617 1077 διωγμοὺς
2645 1007 2736 1060 καὶ
2767 1006 2862 1069 τὰς
2888 1005 3110 1069 ἀπειλὰς
3133 1005 3238 1060 τῶν
3265 1005 3471 1060 ἀσεϐῶν
3493 1006 3696 1076 ἀνδρῶν
3716 1007 3872 1060 τεθεα-

704 1098 991 1149 utilitatem
1049 1099 1456 1163 nanciscantur,
1517 1100 1718 1169 Deique
1767 1102 2012 1155 timorem
2096 1118 2249 1157 assu-

703 1195 871 1248 mant,
907 1189 1191 1257 impiorum
1238 1192 1529 1258 perniciem
1585 1191 1779 1245 divinae
1827 1192 2122 1248 Salvatoris
2156 1211 2248 1264 po-

705 1280 913 1332 testatis
944 1281 1095 1348 signa
1121 1285 1406 1349 perspicua
1433 1296 1556 1335 esse
1584 1283 1920 1337 conﬁtentes.

2358 1098 2529 1168 μένος,
2562 1100 2658 1150 οὐκ
2681 1096 2744 1150 ἂν
2769 1098 2906 1150 είποι
2930 1097 3029 1168 ὅρη
3056 1092 3191 1150 εἶναι
3213 1095 3485 1166 ύψούμενα
3507 1097 3600 1149 καὶ
3631 1096 3874 1150 θάλασσαν

2353 1186 2564 1257 ἀληθῶς
2592 1186 2971 1254 κυμαίνουσαν,
2995 1182 3124 1256 ἦχόν
3159 1203 3217 1238 τε
3249 1185 3505 1256 κυμάτων
3526 1185 3624 1248 τὰς
3647 1185 3747 1237 τῶν
3769 1186 3875 1237 ἀσε-

2351 1276 2458 1329 ϐὦν
2504 1277 2594 1328 καὶ
2638 1275 2807 1328 ἀθέων
2856 1275 3228 1346 βλασφημίας;
3283 1277 3350 1328 Ἀ
3406 1275 3470 1346 δὴ
3515 1277 3687 1329 πάντα
3730 1277 3886 1344 ἐμῇ,

703 1371 846 1440 ίσχύῖ
911 1373 1072 1425 αὑτοῦ
1102 1376 1128 1425 ὁ
1161 1375 1346 1446 Σωτὴρ
1383 1376 1594 1428 πάντων
1627 1376 1731 1428 τῶν
1775 1379 2155 1447 περάτων’τῆς
2185 1378 2284 1444 γῆς
2326 1375 2420 1444 μιᾷ
2465 1373 2598 1440 ῥοπῇ
2640 1369 2918 1423 ταπεινοῦν
2967 1370 3183 1423 εἴωθεν·
3226 1370 3301 1434 ὡς
3345 1371 3469 1434 τοὺς
3528 1370 3758 1441 ὁρῶντας
3793 1371 3874 1440 τὴν

701 1464 901 1515 πτῶσιν
929 1464 1101 1517 αὐτῶν
1136 1467 1225 1518 καὶ
1267 1469 1362 1536 τὴν
1409 1469 1676 1521 ἀπώλειαν
1709 1471 2094 1539 ταράττεσθαι·
2126 1473 2248 1533 τοὺς
2283 1470 2337 1521 δὲ
2371 1463 2690 1534 ὠφελεῖσθαι
2729 1466 2820 1517 καὶ
2852 1462 3010 1532 φόϐον
3041 1464 3432 1534 ἀναλαμϐάνειν
3489 1463 3643 1530 Θεοῦ,
3701 1468 3879 1536 σημεῖα

699 1556 901 1625 ἐναργῆ
929 1559 1023 1628 τῆς
1060 1560 1150 1612 τοῦ
1187 1562 1432 1632 Σωτῆρος
1472 1563 1650 1616 ἐνθέου
1687 1564 1964 1634 δυνάμεως
2007 1567 2104 1636 τὴν
2143 1565 2248 1618 τών
2285 1560 2492 1617 ἀσεϐῶν
2518 1559 2823 1628 καθαίρεσιν
2853 1554 2988 1612 εἶναι
3015 1557 3414 1628 ὁμολογοῦντας.

775 1669 934 1724 VERS.
976 1671 1164 1736 10,1Ι.
1209 1694 1228 1725 ι
1265 1674 1451 1733 Exitus
1485 1677 1732 1730 matutini
1760 1685 1812 1731 et
1834 1693 2070 1746 vesperae
2102 1679 2244 1732 dele-

698 1765 983 1818 ctationes.
1010 1763 1250 1820 Visitasti
1280 1775 1476 1822 terram
1499 1779 1550 1823 et
1571 1770 1845 1823 inebriasti
1870 1786 2008 1824 eam.
2040 1789 2057 1820 ι
2080 1770 2158 1822 Ad
2182 1785 2243 1824 ea

2423 1694 2441 1725 ι
2488 1673 2723 1737 Ἐξόδους
2746 1672 2954 1742 πρωϊας
2980 1672 3067 1724 καὶ
3091 1670 3323 1740 ἑσπέρας
3345 1670 3584 1740 τέρψεις·
3619 1669 3885 1737 ἐπεσκέψω

2348 1766 2441 1836 τὴν
2471 1765 2571 1834 γῆν
2611 1763 2704 1816 καὶ
2744 1764 3011 1832 ἑμέθυσας
3038 1763 3225 1832 αὐτήν.
3269 1781 3287 1812 ι
3335 1761 3477 1831 Πρὸς
3522 1762 3633 1821 τοῖς
3661 1760 3882 1812 κατειλε-

698 1869 814 1922 quae
845 1856 992 1922 prius
1023 1865 1335 1911 enumerata
1385 1866 1534 1922 sunt,
1571 1861 1672 1912 alia
1720 1861 1844 1915 item
1880 1863 2028 1929 signa
2075 1862 2236 1914 virtu-

2347 1858 2563 1926 γμένοις
2601 1859 2692 1909 καὶ
2723 1856 2854 1909 ἀλλα
2881 1859 3075 1924 σημεῖα
3101 1856 3194 1925 τῆς
3223 1854 3314 1907 τοῦ
3352 1855 3600 1924 Σωτῆρος
3626 1854 3884 1924 δυνάμεως

700 1945 768 1998 tis
800 1943 1102 1999 Servatoris
1127 1947 1366 2000 declarat
1401 1949 1484 2003 his
1517 1951 1696 2004 verbis
1733 1970 1744 2003 :
1785 1971 1801 2002 ι
1842 1951 2028 2005 Exitus
2072 1960 2244 2004 matu-

698 2034 797 2087 tini
852 2041 904 2087 et
933 2050 1171 2103 vesperae
1225 2037 1628 2093 delectationes.
1665 2059 1683 2091 ›
1714 2039 1818 2094 Pro
1855 2058 1961 2110 quo
2003 2042 2245 2112 Symma-

697 2125 833 2176 chus
870 2143 880 2176 :
921 2143 937 2173 ι
971 2123 1295 2194 Progressus
1343 2126 1562 2181 diluculi
1590 2137 1643 2183 et
1695 2131 1874 2201 hymni
1936 2148 2190 2201 vespera.
2219 2152 2236 2182 ι

699 2209 874 2266 Unum
912 2215 1106 2283 quippe
1153 2216 1254 2269 hoc
1306 2220 1705 2285 maximumque
1746 2224 1956 2291 signum
1985 2231 2068 2276 est
2098 2224 2242 2278 salu-

698 2303 832 2356 taris
859 2304 1095 2370 virtutis,
1125 2307 1268 2389 quod
1309 2318 1593 2378 postquam
1639 2326 1803 2380 supra
1850 2313 1993 2366 dicta
2024 2312 2242 2385 depres-

698 2405 862 2455 serat,
891 2396 1067 2450 exitus
1093 2399 1344 2451 matutini
1374 2407 1426 2453 et
1458 2400 1845 2458 delectationes
1888 2418 2126 2473 vesperae
2147 2405 2242 2459 ho-

695 2479 933 2533 minibus
962 2484 1330 2552 constituerit;
1365 2489 1497 2549 sive,
1519 2489 1814 2544 secundum
1837 2491 2238 2561 Symmachum,

700 2588 720 2619 ‹
760 2569 1010 2639 hymnos,
1069 2592 1085 2622 ι
1126 2583 1240 2637 aut,
1295 2579 1590 2632 secundum
1623 2582 1891 2650 Aquilam,
1921 2601 1939 2633 ι
1977 2583 2183 2639 laudes.
2217 2605 2234 2636 ι

694 2658 826 2712 Nam
858 2661 1000 2729 quod
1033 2679 1126 2732 per
1168 2666 1480 2722 universum
1532 2672 1716 2725 orbem
1761 2675 1814 2725 in
1869 2674 2113 2730 ecclesiis
2146 2673 2238 2730 Dei

696 2751 749 2803 in
808 2754 1071 2806 matutino
1140 2757 1270 2811 solis
1339 2761 1507 2824 exitu,
1563 2769 1614 2814 et
1680 2765 1999 2831 vespertinis
2066 2767 2235 2830 horis,

695 2841 898 2911 hymni,
940 2844 1135 2912 laudes
1185 2856 1238 2902 et
1299 2849 1494 2904 divinae
1543 2869 1671 2906 vere
1698 2855 2081 2912 delectationes
2131 2856 2237 2911 Dee

696 2932 1113 3001 constituantur,
1150 2937 1202 2988 id
1237 2953 1367 2992 sane
1411 2938 1504 2995 Dei
1545 2944 1762 2999 virtutis
1808 2961 1914 2998 non
1970 2948 2235 3001 modicum

696 3020 906 3090 signum
966 3032 1067 3078 est.
1102 3025 1195 3080 Dei
1245 3044 1374 3084 vero
1424 3030 1814 3090 delectationes
1874 3047 1998 3090 sunt
2054 3038 2235 3108 hymni

695 3111 1185 3178 ubique-terrarum
1217 3117 1270 3170 in
1306 3117 1544 3174 Ecclesia
1579 3125 1697 3193 ejus
1732 3127 2013 3183 matutinis
2061 3141 2112 3184 et
2147 3147 2236 3185 vc-

2347 1949 2574 2019 παρίστη
2605 1948 2803 2014 λέγων·
2841 1966 2857 1997 ι
2907 1946 3140 2012 Ἐξόδους
3170 1947 3375 2016 πρωῖας
3405 1945 3496 1997 καὶ
3521 1945 3753 2017 ἑσπέρας
3777 1945 3885 2015 τέρ-

2342 2039 2484 2107 ψεις·
2525 2059 2541 2089 ι
2575 2038 2686 2092 ἀνθ’
2721 2031 2780 2091 οὗ
2810 2041 2837 2090 ὁ
2875 2036 3163 2107 Σύμμαχος
3189 2039 3519 2108 ἡρμήνευσε·
3559 2057 3577 2088 ι
3618 2036 3726 2099 Τὰς
3763 2053 3884 2108 προ-

2344 2128 2576 2190 ελεύσεις
2602 2127 2693 2180 τοῦ
2735 2126 2926 2197 ὄρθρου
2972 2129 3063 2183 καὶ
3116 2127 3213 2197 τῆς
3262 2127 3496 2198 ἑσπέρας
3539 2128 3637 2190 τὰς
3678 2128 3885 2198 ὑμνολο-

2342 2219 2484 2285 γίας.
2515 2236 2532 2267 ι
2572 2219 2664 2269 Ἔν
2694 2217 2799 2286 γὰρ
2825 2218 2918 2270 καὶ
2939 2217 3092 2271 τοῦτο
3128 2217 3376 2287 μέγιστον
3402 2220 3624 2286 σημεῖον
3645 2217 3884 2287 τυγχάνει

2340 2308 2435 2376 τῆς
2487 2307 2747 2376 σωτηρίου
2792 2307 3088 2376 δυνάμεως,
3137 2304 3385 2377 τομετά
3424 2307 3523 2377 τὴν
3575 2307 3885 2362 ταπείνωσιν

2339 2395 2444 2448 τῶν
2477 2395 2877 2467 προλεχθὲντων
2900 2396 3262 2466 συστήσασθαι
3285 2399 3341 2448 ἑν
3367 2394 3668 2466 ἀνθρώποις
3689 2395 3884 2461 ἐξόδους

2341 2488 2544 2557 πρωῖας
2578 2487 2670 2538 καὶ
2703 2486 2936 2557 ἑσπέρας
2966 2485 3207 2555 τέρψεις·
3235 2487 3266 2556 ἢ
3295 2486 3433 2539 κατά
3456 2484 3548 2538 τὸν
3583 2486 3882 2555 Σύμμαχον,

2345 2594 2361 2625 ι
2391 2574 2726 2644 ὑμνολογίας,
2753 2594 2770 2626 ι
2791 2575 2843 2645 ἦ,
2865 2576 3001 2629 κατά
3021 2576 3110 2629 τὸν
3142 2575 3386 2640 Ἀκύλαν,
3411 2595 3428 2626 ι
3461 2578 3837 2646 αίνοποιήσεις.
3863 2595 3878 2627 ι

2338 2666 2409 2717 Τὸ
2432 2666 2538 2737 γὰρ
2576 2666 2691 2718 καθ’
2714 2667 2836 2737 ὅλης
2869 2668 2966 2736 τῆς
2993 2668 3310 2736 οἰκουμένης
3343 2669 3399 2719 ἑν
3435 2670 3554 2730 ταῖς
3583 2667 3883 2738 ἐκκλησίαις

2337 2757 2428 2808 τοῦ
2455 2757 2586 2809 Θεοῦ
2616 2758 2754 2810 κατά
2785 2758 2883 2820 τὰς
2923 2759 3159 2827 πρωῖνάς
3194 2759 3285 2811 τοῦ
3316 2760 3462 2828 ἡλίου
3488 2759 3715 2824 ἐξόδους,
3752 2763 3882 2817 κατά

2336 2864 2394 2898 τε
2425 2849 2521 2909 τὰς
2545 2850 2826 2918 ἑσπερινάς
2852 2849 2996 2919 ὥρας
3038 2849 3351 2920 ὑμνολογίας
3377 2852 3468 2903 καὶ
3509 2853 3880 2922 αίνοποιήσεις,

2337 2938 2428 2990 καὶ
2457 2938 2602 3001 θείας
2634 2938 2843 3009 ἀληθῶς
2878 2939 3092 3009 τέρψεις
3140 2939 3218 3008 τῷ
3262 2938 3376 3008 Θεῷ
3417 2939 3800 3009 συστήσασθαι,
3829 2939 3882 2992 οὔ

2333 3028 2393 3079 τὸ
2423 3029 2576 3097 τυχὸν
2616 3024 2682 3097 ἦν
2719 3027 2850 3080 Θεοῦ
2890 3028 3091 3098 ἀρετῆς
3137 3031 3376 3096 σημεῖον.
3415 3027 3548 3079 Θεοῦ
3583 3027 3640 3078 δὲ
3671 3027 3881 3097 τέρψεις

2334 3122 2382 3172 οἱ
2411 3118 2679 3188 πανταχοῦ
2706 3120 2801 3188 τῆς
2824 3119 2924 3188 γῆς
2949 3120 3004 3170 ἑν
3035 3120 3100 3187 τῇ
3138 3116 3427 3186 Ἐκκλησία
3452 3116 3616 3169 αὐτοῦ
3651 3118 3883 3186 ἀναπεμ-

695 3201 951 3268 spertinis
978 3203 1125 3258 horis
1156 3208 1361 3261 emissi.
1387 3209 1562 3275 Quare
1608 3214 1811 3269 dictum
1861 3227 1942 3271 est
1988 3220 2183 3274 alicubi
2220 3238 2230 3271 :

2337 3210 2555 3279 πόμενοι
2593 3209 2732 3261 κατὰ
2763 3210 2884 3271 τοὺς
2915 3208 3189 3278 ὀρθρινοὺς
3218 3208 3307 3259 καὶ
3348 3207 3487 3259 κατὰ
3513 3209 3642 3270 τοὺς
3669 3209 3883 3278 ἑσπερι-

700 3311 718 3341 ι
751 3291 993 3348 Jucunda
1023 3298 1091 3350 sit
1118 3300 1163 3351 ei
1211 3301 1329 3355 laus
1365 3319 1482 3356 mea
1510 3306 1587 3370 “;
1628 3326 1644 3357 ›
1683 3323 1744 3361 ac
1771 3324 1984 3362 rursum
2013 3327 2024 3362 :
2064 3331 2079 3362 ι
2120 3314 2238 3366 Ele-

695 3387 839 3439 vatio
862 3402 1112 3441 manuum
1140 3407 1377 3445 mearum
1398 3397 1722 3450 sacriﬁcium
1747 3402 2108 3468 vespertinum
2125 3404 2187 3470 ³⁸;
2214 3423 2231 3455 ›

695 3481 748 3527 et
779 3494 791 3527 :
827 3494 843 3525 ι
888 3474 1004 3529 Fiat
1025 3480 1197 3533 oratio
1225 3497 1342 3536 mea
1373 3485 1512 3538 sicut
1538 3487 1820 3543 incensum
1858 3491 1911 3543 in
1945 3503 2236 3561 conspectu

696 3566 865 3618 tuo“.
898 3585 915 3616 ι
949 3569 1082 3636 Ipsa:
1109 3569 1288 3639 itaque
1314 3572 1697 3633 delectationes
1747 3578 2051 3635 Servatoris
2087 3585 2236 3650 signa

698 3664 844 3709 sunt.
878 3657 958 3710 Ad
1012 3657 1123 3711 hare
1170 3660 1313 3724 aliud
1371 3665 1661 3717 maximum
1717 3670 1928 3737 signum
1976 3678 2236 3724 memorat

697 3745 884 3800 dicens
923 3768 934 3800 :
974 3767 991 3797 ι
1033 3747 1276 3804 Visitasti
1327 3758 1548 3815 terram,
1581 3764 1634 3810 et
1696 3757 1974 3813 inebriasti
2030 3775 2164 3814 eam.
2210 3779 2228 3810 ν)

698 3833 766 3888 Ut
789 3837 927 3889 enim
956 3854 1155 3907 aegrum
1186 3842 1427 3896 medicus
1461 3844 1678 3911 inspicit
1711 3862 1774 3900 ac
1801 3850 1998 3914 visitat,
2034 3852 2232 3906 morbi-

698 3939 800 3991 que
822 3939 1003 3977 curam
1038 3928 1191 3994 gerit.
1216 3930 1504 4003 omniaque
1533 3933 1600 3986 ad
1635 3936 1894 3989 medelam
1929 3945 1981 3990 et
2006 3939 2230 3992 salutem

696 4023 996 4083 opportuna
1026 4019 1264 4084 conlert;
1288 4022 1474 4077 eodem
1505 4026 1664 4080 modo
1691 4035 1747 4079 ttt
1773 4026 2022 4083 Servator
2052 4039 2234 4085 noster

697 4113 748 4156 et
780 4119 900 4172 spes
936 4109 1173 4161 omnium
1229 4109 1410 4164 ﬁnium
1463 4119 1640 4176 terrae,
1681 4117 1955 4170 accinctus
1998 4121 2230 4187 potentia

698 4195 910 4249 virtutis
942 4207 1064 4256 tuae.
1099 4200 1212 4254 haec
1239 4202 1417 4255 omnia
1457 4213 1711 4272 operatus
1752 4222 1810 4261 es
1847 4226 1859 4261 :
1897 4209 2230 4266 adversarias

696 4290 986 4348 potestates
1013 4286 1077 4338 de
1106 4287 1288 4341 medio
1318 4291 1608 4355 sustulisti,
1639 4295 1934 4350 matutinas
1972 4300 2231 4366 vesperti-

693 4383 895 4438 nasque
922 4372 1303 4430 delectationes
1333 4375 1384 4428 in
1434 4384 1577 4430 terra
1618 4384 1949 4439 constituisti
1985 4405 1995 4438 :
2029 4394 2080 4440 et
2116 4388 2230 4441 haec

690 4458 934 4525 eﬂ‘ecisti,
959 4464 1204 4517 homines
1244 4466 1548 4521 visitatione
1573 4468 1824 4538 dignatus
1860 4481 1971 4538 tua,
2006 4491 2110 4544 qua
2141 4478 2225 4533 in-

2337 3299 2456 3360 νοὺς
2487 3298 2705 3366 καιροὺς
2756 3296 2911 3366 ὓμνοι
2947 3295 3284 3364 τυγχάνουσι.
3339 3296 3427 3348 Διὸ
3462 3295 3708 3348 λέλεκταί
3750 3314 3846 3350 που
3868 3315 3880 3327 ·

2343 3405 2360 3437 ι
2405 3387 2676 3456 Ἦδυνθείη
2730 3384 2874 3455 αύτῷ
2925 3388 2956 3455 ἡ
3023 3384 3222 3448 αἵνεσίς
3276 3403 3406 3455 μου·
3463 3404 3480 3435 ι
3529 3387 3624 3439 καὶ
3698 3387 3878 3441 πάλιν·

2341 3495 2358 3526 ι
2392 3477 2656 3545 Ἔπαρσις
2699 3474 2804 3527 τῶν
2837 3474 3032 3545 χειρῶν
3070 3492 3170 3544 μου
3205 3473 3362 3527 θυσία
3395 3477 3648 3547 ἑσπερινή
3669 3493 3682 3506 ·
3723 3495 3742 3528 ι
3773 3477 3879 3529 καί·

2340 3585 2358 3616 ι
2391 3565 2670 3636 Γενηθήτω
2713 3568 2745 3634 ἡ
2798 3567 3067 3636 προσευχὴ
3117 3583 3215 3635 μου
3257 3565 3331 3629 ὡς
3370 3566 3616 3637 θυμίαμα
3663 3567 3881 3620 ἐνώπιόν

2335 3673 2446 3711 σου.
2484 3674 2502 3706 ι
2529 3657 2636 3708 Καὶ
2667 3649 2821 3708 αὗται
2865 3652 2956 3708 οὖν
2999 3659 3054 3709 αἱ
3098 3656 3311 3726 τέρψεις
3340 3660 3536 3727 σημεῖα
3565 3659 3880 3727 τυγχάνουσι

2331 3745 2431 3798 τοῦ·
2456 3745 2719 3815 Σωτῆρος.
2763 3747 2869 3798 Καὶ
2909 3745 3032 3798 ἄλλο
3057 3747 3112 3798 δὲ
3145 3747 3277 3816 πρὸς
3307 3745 3509 3808 τούτοις
3543 3751 3764 3818 σημεῖον
3788 3749 3878 3818 μέ-

2331 3852 2510 3904 γιστον
2536 3834 2944 3903 καταριθμεῖται
2971 3834 3095 3904 ἑξῆς
3131 3835 3342 3903 λέγων·Δ
3365 3853 3384 3885 ι
3437 3836 3763 3906 Ἐπεσκέψω
3791 3837 3878 3906 τὴν

2330 3927 2450 3996 γῆν,
2494 3927 2586 3978 καὶ
2620 3925 2882 3994 ἑμέθυσας
2923 3926 3107 3993 αὐτὴν.
3144 3943 3162 3974 ι
3209 3925 3295 3988 Ὡς
3349 3925 3456 3994 γὰρ
3503 3927 3760 3981 νοσοῦντα
3807 3929 3880 3980 ία-

2328 4016 2452 4086 τρὸς
2480 4017 2649 4086 ἐφορᾷ
2678 4019 2770 4068 καὶ
2797 4015 3194 4081 ὲπισκέπτεται,
3233 4017 3540 4087 ἐπιμέλειαν
3568 4021 3876 4088 ποιούμενος

2329 4103 2420 4156 τοῦ
2453 4103 2672 4168 πάθους,
2715 4105 2886 4157 πάντα
2916 4121 2974 4156 τε
3015 4105 3082 4156 τὰ
3126 4104 3257 4175 πρὸς
3304 4104 3444 4157 ῐασιν
3482 4106 3574 4158 καὶ
3614 4109 3875 4178 σωτηρίαν

2330 4194 2674 4246 συντελοῦντα
2709 4193 3164 4264 συμϐαλλόμενος·
3211 4195 3299 4248 τὸν
3345 4196 3504 4250 αὑτὸν
3541 4197 3742 4268 τρόπον
3789 4199 3890 4252 καὶ,

2330 4287 2390 4338 σὺ
2433 4289 2459 4336 ὁ
2505 4283 2692 4354 Σωτὴρ
2730 4285 2900 4352 ἡμῶν,
2951 4286 2983 4354 ἡ
3036 4285 3188 4345 ἑλπὶς
3232 4285 3443 4338 πάντων
3481 4286 3586 4340 τῶν
3630 4289 3878 4359 περάτων

2327 4375 2420 4443 τῆς
2463 4374 2585 4442 γῆς,
2629 4371 3063 4443 περιζωσάμενος
3104 4375 3411 4428 δυναστείαν
3453 4379 3518 4447 τῇ
3568 4378 3714 4446 ίσχύῖ
3764 4394 3886 4440 σου,

2326 4461 2494 4515 ταῦτα
2537 4463 2709 4516 πάντα
2746 4463 3008 4532 εἰργάσω·
3039 4463 3136 4527 τὰς
3164 4466 3260 4535 μὲν
3292 4465 3668 4535 ἀντικειμένας
3695 4467 3870 4518 καθεῖ-

693 4547 838 4601 [inita
891 4552 1022 4619 ipsis
1091 4554 1230 4619 bona
1287 4558 1482 4611 collata
1565 4568 1712 4623 sunt,
1772 4564 1842 4615 ita
1894 4573 1952 4616 ut
2009 4570 2224 4635 optimis

2337 4554 2414 4613 le;
2454 4551 2723 4621 δυνάμεις,
2781 4553 3084 4623 συνεστήσω
3118 4554 3172 4607 δὲ
3219 4555 3309 4606 ἑπὶ
3351 4556 3452 4624 γῆς
3502 4554 3744 4623 πρωῖνάς
3786 4557 3869 4606 καὶ

692 4635 798 4688 illis
839 4638 948 4690 tuis
998 4641 1311 4695 muneribus
1370 4647 1703 4713 replerentur
1725 4658 1779 4703 et
1811 4650 2220 4719 inebriarentur,

689 4734 848 4795 atque
878 4727 1071 4782 divites
1098 4730 1384 4786 evaderent
1434 4738 1730 4792 secundum
1789 4740 2099 4809 Apostolum
2135 4749 2224 4814 qui

2325 4640 2609 4709 ἑσπερινάς
2646 4640 2889 4712 τέρψεις·
2927 4643 3019 4695 καὶ
3058 4642 3202 4695 ταῦτ’
3234 4639 3486 4711 ἔπραξας,
3535 4641 3868 4706 καταξιώσας

2323 4733 2417 4800 τῆς
2466 4733 2683 4786 σεαυτοῦ
2733 4734 3033 4803 ἐπισκοπῆς
3075 4734 3198 4796 τοὺς
3241 4732 3332 4785 ἐπὶ
3379 4737 3480 4803 γῆς
3532 4733 3872 4802 ἀνθρώπους,

689 4816 761 4867 ait
795 4833 806 4866 :
841 4835 857 4865 ι
897 4816 952 4869 ln
980 4819 1126 4870 omni
1180 4819 1375 4874 divites
1423 4821 1550 4876 facti
1593 4828 1723 4880 estis
1753 4829 1805 4881 in
1837 4830 1970 4898 ipso.
2001 4831 2052 4884 in
2081 4837 2224 4886 omni

2337 4825 2383 4874 it‘
2415 4819 2478 4893 ἦς
2512 4826 2676 4894 μυρία
2709 4820 2885 4889 αὺτοῖς
2923 4825 3100 4893 ἀγαθά
3139 4823 3457 4895 δεδώρηται·
3488 4824 3559 4886 ὡς
3588 4825 3866 4898 πληρῶσαι

687 4898 848 4977 verbo
868 4910 919 4951 et
948 4902 1001 4952 in
1036 4903 1181 4955 omni
1213 4905 1438 4958 scientia
1465 4906 1529 4970 ³⁷;
1570 4925 1587 4957 ι
1623 4910 1734 4963 sive
1757 4913 2048 4967 secundum
2074 4914 2227 4985 Sym-

687 4986 937 5039 machum
974 5006 985 5040 :
1025 5007 1043 5039 ι
1083 4988 1375 5046 Fructuum
1403 4995 1647 5050 ubertate
1703 4999 1898 5056 ditabis
1955 5005 2146 5072 ipsam.
2201 5024 2220 5056 ι

2324 4913 2512 4977 αὐτοὺς
2557 4917 2646 4966 καὶ
2693 4916 2920 4985 μεθῦσαι
2981 4918 3098 4978 ταῖς
3142 4914 3368 4982 ἀγαθαῖς
3419 4911 3509 4966 σου
3552 4919 3861 4988 χορηγίαις,

2326 5005 2596 5059 πλουτίσαι
2623 5026 2680 5060 τε
2713 5010 2903 5069 αὐτοὺς
2941 5007 3078 5060 κατὰ
3117 5007 3207 5059 τὸν
3250 5006 3558 5060 Ἀπόστολξον
3587 5011 3858 5078 φήσαντα·

686 5074 967 5138 Quomodo
1024 5077 1372 5136 inebriaverit
1426 5093 1648 5150 terram,
1683 5093 1951 5158 quomodo
1989 5095 2225 5164 locuple-

2337 5114 2340 5144 ι
2397 5098 2482 5149 Ἐν
2522 5101 2680 5153 παντὶ
2711 5099 3085 5167 ἐπλουτίσθητε
3128 5099 3184 5150 ἑν
3223 5098 3385 5168 αὐτῷ,
3421 5101 3475 5151 ἐν
3732 5101 3861 5168 λόγῳ

685 5167 879 5218 taverit
924 5175 976 5222 et
1020 5167 1293 5224 fructuum
1354 5176 1600 5233 ubertate
1645 5181 1950 5250 repleverit,
1987 5187 2085 5238 sub
2113 5188 2223 5240 haec

2337 5188 2408 5238 ιαὶ
2434 5190 2580 5260 πάσῃ
2607 5188 2830 5257 γνώσει·
2873 5208 2889 5238 ι
2926 5189 2959 5258 ἢ
2989 5188 3127 5242 κατά
3164 5189 3252 5242 τὸν
3280 5167 3568 5258 Σύμμαχον
3593 5192 3855 5259 φήσαντα·

637 5251 639 5254 ’
688 5253 925 5309 declarat
988 5259 1173 5315 dicens
1223 5279 1235 5312 :
1291 5264 1585 5323 t-Flumen
1647 5270 1741 5325 Dei
1807 5276 2067 5341 repletum
2143 5287 2224 5332 est

2337 5294 2342 5324 ι
2375 5251 2718 5349 Πολυκαρπίᾳ
2764 5251 3060 5342 πλουτίσεις
3091 5279 3274 5350 αὑτήν.
3313 5299 3331 5330 ι
3530 5279 3584 5329 δὲ
3605 5251 3856 5348 ἑμέθυσε

686 5343 862 5411 aquis.
907 5363 925 5394 ι
961 5343 1092 5401 Nam
1143 5358 1290 5406 tuum
1343 5357 1515 5408 sancti
1554 5355 1785 5425 Spiritus
1835 5361 2049 5428 ﬂumen,
2076 5369 2216 5434 quod

2337 5367 2416 5437 τὴν
2449 5343 2703 5437 γῆνξκαί
2740 5370 2852 5434 πῶς
2890 5372 3163 5425 ὲπλούτισε
3210 5343 3298 5424 καὶ
3340 5343 3856 5439 ἐπλήρωσεν-αὐτὴν

687 5444 754 5482 ex
799 5430 947 5486 fonte
989 5440 1216 5492 scaturit
1265 5453 1375 5506 tuo,
1403 5452 1558 5498 terrae
1597 5448 1989 5514 habitatoribus
2024 5430 2218 5525 elargi-

2337 5430 2708 5530 τολυκαρπίας,
2748 5430 2998 5531 διασαφεῖ
3042 5463 3211 5531 λέγων
3256 5462 3410 5531 ἑξῆς·
3519 5463 3576 5514 Ὀ
3625 5430 3855 5530 ποταμές

686 5528 793 5583 tus,
849 5531 1011 5592 atque
1065 5528 1432 5587 rationabilem
1488 5537 1927 5609 spiritualemque
1978 5545 2214 5611 ipsorum

2337 5547 2412 5598 τοῦ
2445 5528 2574 5601 Θεοῦ
2605 5549 2887 5622 ἐπληρώθη
2919 5528 3150 5605 ’ὑδάτων
3195 5571 3211 5604 ›
3237 5528 3348 5604 Τὸν.
3363 5553 3469 5620 γὰρ
3505 5551 3738 5604 σεαυτοῦ
3769 5528 3853 5604 πο-

687 5624 894 5678 agrum,
937 5616 1026 5683 qui
1075 5623 1217 5672 terra
1243 5633 1483 5690 vocatur,
1520 5641 1715 5696 magno
1750 5629 2017 5686 inundatis
2049 5631 2212 5699 ﬂuxu,

2337 5637 2488 5703 ταμὸν
2538 5639 2628 5689 τοῦ
2687 5616 2836 5706 ἀχίου
2875 5616 3228 5710 Ἢνεύματος,
3273 5639 3507 5694 τὸνᾶπὺ
3551 5639 3665 5709 τῆς·
3693 5643 3748 5695 ἑν
3782 5641 3855 5695 eoi

759 5762 802 5793 ⁸⁸
825 5762 967 5819 Psal.
1002 5782 1174 5838 CXLVI,
1222 5773 1264 5825 l.
1345 5775 1383 5808 ³⁸
1411 5776 1550 5834 Psal.
1587 5795 1705 5847 cn,
1729 5780 1784 5834 2.
1859 5783 1904 5814 ³⁸
1928 5781 2056 5836 ibid.
2133 5785 2173 5814 ³⁷
2204 5783 2373 5856 Ιξῦοτ.
2413 5802 2448 5851 ι,
2482 5788 2532 5840 5;
