  <div class='ocr_page' id='page_1' title='image "/cluster/home/n/w/nwhite01/storage/ocr_20150623/23/pst.000005712076/328.png"; bbox 0 0 3976 6348; ppageno 0'>
   <div class='ocr_carea' id='block_1_1' title="bbox 124 360 219 418">
    <p class='ocr_par' dir='ltr' id='par_1_1' title="bbox 124 360 219 418">
     <span class='ocr_line' id='line_1_1' title="bbox 124 360 219 418; baseline 0.032 -3"><span class='ocrx_word' id='word_1_1' title='bbox 124 360 219 418; x_wconf 73' lang='grc' dir='ltr'><strong>6ίί</strong></span> 
     </span>
    </p>
   </div>
   <div class='ocr_carea' id='block_1_2' title="bbox 1233 371 2203 433">
    <p class='ocr_par' dir='ltr' id='par_1_2' title="bbox 1233 371 2203 433">
     <span class='ocr_line' id='line_1_2' title="bbox 1233 371 2203 433; baseline 0.002 -3"><span class='ocrx_word' id='word_1_2' title='bbox 1233 371 1729 430; x_wconf 73' lang='grc' dir='ltr'><strong>ΟΟΜΜΕΝΤᾹΒΙΑ</strong></span> <span class='ocrx_word' id='word_1_3' title='bbox 1766 374 1831 429; x_wconf 82' lang='lat' dir='ltr'><strong>IN</strong></span> <span class='ocrx_word' id='word_1_4' title='bbox 1869 375 2203 433; x_wconf 74' lang='lat' dir='ltr'><strong>PSALMOS.</strong></span> 
     </span>
    </p>
   </div>
   <div class='ocr_carea' id='block_1_3' title="bbox 3215 384 3326 442">
    <p class='ocr_par' dir='ltr' id='par_1_3' title="bbox 3215 384 3326 442">
     <span class='ocr_line' id='line_1_3' title="bbox 3215 384 3326 442; baseline 0.054 -6"><span class='ocrx_word' id='word_1_5' title='bbox 3215 384 3326 442; x_wconf 57' lang='lat'><strong>64&#39;3-</strong></span> 
     </span>
    </p>
   </div>
   <div class='ocr_carea' id='block_1_4' title="bbox 127 479 1672 565">
    <p class='ocr_par' dir='ltr' id='par_1_4' title="bbox 127 479 1672 558">
     <span class='ocr_line' id='line_1_4' title="bbox 127 479 1672 558; baseline -0.009 -9"><span class='ocrx_word' id='word_1_6' title='bbox 127 480 309 552; x_wconf 66' lang='lat'><strong>1:112:71:</strong></span> <span class='ocrx_word' id='word_1_7' title='bbox 340 479 837 547; x_wconf 68' lang='grc' dir='ltr'>ἀναδλυσταίνονπα,</span> <span class='ocrx_word' id='word_1_8' title='bbox 872 483 983 547; x_wconf 77' lang='grc' dir='ltr'>τοῖς</span> <span class='ocrx_word' id='word_1_9' title='bbox 1021 483 1110 537; x_wconf 67' lang='grc' dir='ltr'><strong>ἐπὶ</strong></span> <span class='ocrx_word' id='word_1_10' title='bbox 1145 484 1246 553; x_wconf 78' lang='grc' dir='ltr'>γῆς</span> <span class='ocrx_word' id='word_1_11' title='bbox 1275 483 1478 538; x_wconf 75' lang='grc' dir='ltr'>οἰκοῦσι</span> <span class='ocrx_word' id='word_1_12' title='bbox 1508 486 1672 558; x_wconf 87' lang='grc' dir='ltr'>δωρη-</span> 
     </span>
    </p>
   </div>
   <div class='ocr_carea' id='block_1_5' title="bbox 1772 479 3326 565">
    <p class='ocr_par' dir='ltr' id='par_1_5' title="bbox 1780 487 3326 565">
     <span class='ocr_line' id='line_1_5' title="bbox 1780 487 3326 565; baseline 0.007 -24"><span class='ocrx_word' id='word_1_13' title='bbox 1780 487 2163 558; x_wconf 64' lang='lat' dir='ltr'><strong>sapientiaeque</strong></span> <span class='ocrx_word' id='word_1_14' title='bbox 2229 489 2495 545; x_wconf 83' lang='lat' dir='ltr'><strong>imbribus</strong></span> <span class='ocrx_word' id='word_1_15' title='bbox 2548 491 2843 557; x_wconf 75' lang='lat' dir='ltr'><strong>inebrians,</strong></span> <span class='ocrx_word' id='word_1_16' title='bbox 2893 512 2911 545; x_wconf 82' lang='grc' dir='ltr'><strong>ι</strong></span> <span class='ocrx_word' id='word_1_17' title='bbox 2957 495 3326 565; x_wconf 85' lang='lat' dir='ltr'><strong>multiplicasti</strong></span> 
     </span>
    </p>
   </div>
   <div class='ocr_carea' id='block_1_6' title="bbox 127 570 1674 650">
    <p class='ocr_par' dir='ltr' id='par_1_6' title="bbox 127 570 1674 650">
     <span class='ocr_line' id='line_1_6' title="bbox 127 570 1674 650; baseline 0.007 -27"><span class='ocrx_word' id='word_1_18' title='bbox 127 570 377 641; x_wconf 82' lang='grc' dir='ltr'>σάμενος,</span> <span class='ocrx_word' id='word_1_19' title='bbox 412 572 509 645; x_wconf 80' lang='grc' dir='ltr'>τὴν</span> <span class='ocrx_word' id='word_1_20' title='bbox 530 572 749 644; x_wconf 63' lang='grc' dir='ltr'>λογικὴν</span> <span class='ocrx_word' id='word_1_21' title='bbox 791 574 882 627; x_wconf 76' lang='grc' dir='ltr'>καὶ</span> <span class='ocrx_word' id='word_1_22' title='bbox 927 575 1116 647; x_wconf 62' lang='grc' dir='ltr'>ωεράν</span> <span class='ocrx_word' id='word_1_23' title='bbox 1156 576 1332 631; x_wconf 84' lang='grc' dir='ltr'>αὑτῶν</span> <span class='ocrx_word' id='word_1_24' title='bbox 1366 578 1544 649; x_wconf 88' lang='grc' dir='ltr'>χώραν</span> <span class='ocrx_word' id='word_1_25' title='bbox 1571 580 1674 650; x_wconf 82' lang='grc' dir='ltr'><strong>γῆν</strong></span> 
     </span>
    </p>
   </div>
   <div class='ocr_carea' id='block_1_7' title="bbox 122 662 1673 743">
    <p class='ocr_par' dir='ltr' id='par_1_7' title="bbox 122 662 1673 743">
     <span class='ocr_line' id='line_1_7' title="bbox 122 662 1673 743; baseline 0.008 -29"><span class='ocrx_word' id='word_1_26' title='bbox 122 662 539 737; x_wconf 71' lang='grc' dir='ltr'>ὀνομαζομένην,</span> <span class='ocrx_word' id='word_1_27' title='bbox 568 665 743 736; x_wconf 77' lang='grc' dir='ltr'>πολλῷ</span> <span class='ocrx_word' id='word_1_28' title='bbox 768 666 845 737; x_wconf 84' lang='grc' dir='ltr'>τῷ</span> <span class='ocrx_word' id='word_1_29' title='bbox 870 668 1095 741; x_wconf 78' lang='grc' dir='ltr'><strong>ῥεύματι</strong></span> <span class='ocrx_word' id='word_1_30' title='bbox 1121 670 1476 735; x_wconf 77' lang='grc' dir='ltr'><strong>κατακλύσας,</strong></span> <span class='ocrx_word' id='word_1_31' title='bbox 1510 673 1673 743; x_wconf 85' lang='grc' dir='ltr'>μεθύ-</span> 
     </span>
    </p>
   </div>
   <div class='ocr_carea' id='block_1_8' title="bbox 124 756 1671 832">
    <p class='ocr_par' dir='ltr' id='par_1_8' title="bbox 124 756 1671 832">
     <span class='ocr_line' id='line_1_8' title="bbox 124 756 1671 832; baseline 0.006 -26"><span class='ocrx_word' id='word_1_32' title='bbox 124 770 221 817; x_wconf 78' lang='grc' dir='ltr'><strong>σας</strong></span> <span class='ocrx_word' id='word_1_33' title='bbox 248 756 365 818; x_wconf 83' lang='grc' dir='ltr'>τοῖς</span> <span class='ocrx_word' id='word_1_34' title='bbox 391 757 486 826; x_wconf 84' lang='grc' dir='ltr'>τῆς</span> <span class='ocrx_word' id='word_1_35' title='bbox 512 756 698 823; x_wconf 78' lang='grc' dir='ltr'>σοφίας</span> <span class='ocrx_word' id='word_1_36' title='bbox 721 757 1085 829; x_wconf 81' lang='grc' dir='ltr'>ὀμϐρήμασιν,</span> <span class='ocrx_word' id='word_1_37' title='bbox 1116 778 1134 810; x_wconf 82' lang='grc' dir='ltr'><strong>ι</strong></span> <span class='ocrx_word' id='word_1_38' title='bbox 1170 759 1469 832; x_wconf 71' lang='grc' dir='ltr'>ἰπλήθυνάς</span> <span class='ocrx_word' id='word_1_39' title='bbox 1495 779 1554 815; x_wconf 87' lang='grc' dir='ltr'><strong>τε</strong></span> <span class='ocrx_word' id='word_1_40' title='bbox 1580 763 1671 817; x_wconf 86' lang='grc' dir='ltr'><strong>τοῦ</strong></span> 
     </span>
    </p>
   </div>
   <div class='ocr_carea' id='block_1_9' title="bbox 122 844 1673 922">
    <p class='ocr_par' dir='ltr' id='par_1_9' title="bbox 122 844 1673 922">
     <span class='ocr_line' id='line_1_9' title="bbox 122 844 1673 922; baseline 0.007 -26"><span class='ocrx_word' id='word_1_41' title='bbox 122 844 404 898; x_wconf 80' lang='grc' dir='ltr'>πλουτίσαι</span> <span class='ocrx_word' id='word_1_42' title='bbox 426 846 594 917; x_wconf 83' lang='grc' dir='ltr'>αὐτὴν</span> <span class='ocrx_word' id='word_1_43' title='bbox 638 865 656 899; x_wconf 83' lang='grc' dir='ltr'><strong>ι</strong></span> <span class='ocrx_word' id='word_1_44' title='bbox 684 848 794 909; x_wconf 82' lang='grc' dir='ltr'>τοῖς</span> <span class='ocrx_word' id='word_1_45' title='bbox 826 847 918 902; x_wconf 89' lang='grc' dir='ltr'><strong>τοῦ</strong></span> <span class='ocrx_word' id='word_1_46' title='bbox 950 849 1104 916; x_wconf 81' lang='grc' dir='ltr'>ἁγίου</span> <span class='ocrx_word' id='word_1_47' title='bbox 1145 851 1455 921; x_wconf 81' lang='grc' dir='ltr'>Πνεύματος</span> <span class='ocrx_word' id='word_1_48' title='bbox 1492 852 1673 922; x_wconf 81' lang='grc' dir='ltr'>διαφό-</span> 
     </span>
    </p>
   </div>
   <div class='ocr_carea' id='block_1_10' title="bbox 122 936 1675 1014">
    <p class='ocr_par' dir='ltr' id='par_1_10' title="bbox 122 936 1675 1014">
     <span class='ocr_line' id='line_1_10' title="bbox 122 936 1675 1014; baseline 0.001 -23"><span class='ocrx_word' id='word_1_49' title='bbox 122 951 231 1003; x_wconf 87' lang='grc' dir='ltr'>ροις</span> <span class='ocrx_word' id='word_1_50' title='bbox 265 936 581 1006; x_wconf 77' lang='grc' dir='ltr'>χαρίσμασι.</span> <span class='ocrx_word' id='word_1_51' title='bbox 626 936 824 990; x_wconf 88' lang='grc' dir='ltr'>Τούτου</span> <span class='ocrx_word' id='word_1_52' title='bbox 855 938 911 991; x_wconf 79' lang='grc' dir='ltr'>δὲ</span> <span class='ocrx_word' id='word_1_53' title='bbox 941 956 960 989; x_wconf 80' lang='grc' dir='ltr'><strong>ι</strong></span> <span class='ocrx_word' id='word_1_54' title='bbox 988 938 1080 993; x_wconf 89' lang='grc' dir='ltr'><strong>τοῦ</strong></span> <span class='ocrx_word' id='word_1_55' title='bbox 1115 940 1355 1011; x_wconf 80' lang='grc' dir='ltr'>ποταμοῦ</span> <span class='ocrx_word' id='word_1_56' title='bbox 1400 941 1467 994; x_wconf 87' lang='grc' dir='ltr'><strong>τά</strong></span> <span class='ocrx_word' id='word_1_57' title='bbox 1507 944 1675 1014; x_wconf 83' lang='grc' dir='ltr'>ὁρμή-</span> 
     </span>
    </p>
   </div>
   <div class='ocr_carea' id='block_1_11' title="bbox 123 1026 1675 1104">
    <p class='ocr_par' dir='ltr' id='par_1_11' title="bbox 123 1026 1675 1104">
     <span class='ocr_line' id='line_1_11' title="bbox 123 1026 1675 1104; baseline 0.005 -25"><span class='ocrx_word' id='word_1_58' title='bbox 123 1043 265 1083; x_wconf 70' lang='lat' dir='ltr'><strong>uasa</strong></span> <span class='ocrx_word' id='word_1_59' title='bbox 293 1026 637 1099; x_wconf 81' lang='grc' dir='ltr'>εὐφραίνουσι</span> <span class='ocrx_word' id='word_1_60' title='bbox 657 1028 755 1097; x_wconf 79' lang='grc' dir='ltr'>τὴν</span> <span class='ocrx_word' id='word_1_61' title='bbox 778 1028 929 1082; x_wconf 74' lang='grc' dir='ltr'>πόλιν</span> <span class='ocrx_word' id='word_1_62' title='bbox 953 1028 1047 1082; x_wconf 92' lang='grc' dir='ltr'><strong>τοῦ</strong></span> <span class='ocrx_word' id='word_1_63' title='bbox 1074 1029 1227 1083; x_wconf 88' lang='grc' dir='ltr'>Θεοῦ.</span> <span class='ocrx_word' id='word_1_64' title='bbox 1262 1050 1281 1082; x_wconf 74' lang='grc' dir='ltr'><strong>ι</strong></span> <span class='ocrx_word' id='word_1_65' title='bbox 1307 1032 1416 1084; x_wconf 77' lang='grc' dir='ltr'><strong>Καὶ</strong></span> <span class='ocrx_word' id='word_1_66' title='bbox 1439 1035 1466 1085; x_wconf 87' lang='grc' dir='ltr'>ὁ</span> <span class='ocrx_word' id='word_1_67' title='bbox 1487 1032 1675 1104; x_wconf 84' lang='grc' dir='ltr'>Σωτὴρ</span> 
     </span>
    </p>
   </div>
   <div class='ocr_carea' id='block_1_12' title="bbox 117 1118 1675 1197">
    <p class='ocr_par' dir='ltr' id='par_1_12' title="bbox 117 1118 1675 1197">
     <span class='ocr_line' id='line_1_12' title="bbox 117 1118 1675 1197; baseline 0.005 -27"><span class='ocrx_word' id='word_1_68' title='bbox 117 1118 171 1170; x_wconf 78' lang='grc' dir='ltr'>δὲ</span> <span class='ocrx_word' id='word_1_69' title='bbox 203 1120 332 1190; x_wconf 78' lang='grc' dir='ltr'><strong>περί⁵</strong></span> <span class='ocrx_word' id='word_1_70' title='bbox 366 1118 457 1173; x_wconf 89' lang='grc' dir='ltr'><strong>τοῦ</strong></span> <span class='ocrx_word' id='word_1_71' title='bbox 489 1118 648 1173; x_wconf 66' lang='grc' dir='ltr'>αυτοῦ</span> <span class='ocrx_word' id='word_1_72' title='bbox 687 1118 925 1176; x_wconf 69' lang='grc' dir='ltr'>ἐδίδασκε</span> <span class='ocrx_word' id='word_1_73' title='bbox 955 1122 1124 1192; x_wconf 78' lang='grc' dir='ltr'>λέγων</span> <span class='ocrx_word' id='word_1_74' title='bbox 1144 1140 1157 1153; x_wconf 92' lang='grc'>·</span> <span class='ocrx_word' id='word_1_75' title='bbox 1198 1143 1217 1174; x_wconf 77' lang='grc' dir='ltr'><strong>ι</strong></span> <span class='ocrx_word' id='word_1_76' title='bbox 1258 1124 1351 1188; x_wconf 83' lang='grc' dir='ltr'>’ος</span> <span class='ocrx_word' id='word_1_77' title='bbox 1390 1125 1454 1178; x_wconf 85' lang='grc' dir='ltr'>ἂν</span> <span class='ocrx_word' id='word_1_78' title='bbox 1488 1125 1583 1197; x_wconf 77' lang='grc' dir='ltr'>πίῃ</span> <span class='ocrx_word' id='word_1_79' title='bbox 1613 1127 1675 1179; x_wconf 79' lang='grc' dir='ltr'>ἐκ</span> 
     </span>
    </p>
   </div>
   <div class='ocr_carea' id='block_1_13' title="bbox 117 1205 1674 1286">
    <p class='ocr_par' dir='ltr' id='par_1_13' title="bbox 117 1205 1674 1286">
     <span class='ocr_line' id='line_1_13' title="bbox 117 1205 1674 1286; baseline 0.006 -28"><span class='ocrx_word' id='word_1_80' title='bbox 117 1207 205 1259; x_wconf 84' lang='grc' dir='ltr'><strong>τοῦ</strong></span> <span class='ocrx_word' id='word_1_81' title='bbox 236 1209 448 1273; x_wconf 74' lang='grc' dir='ltr'>ὕδατος,</span> <span class='ocrx_word' id='word_1_82' title='bbox 476 1205 535 1265; x_wconf 82' lang='grc' dir='ltr'><strong>οὔ</strong></span> <span class='ocrx_word' id='word_1_83' title='bbox 569 1209 678 1279; x_wconf 79' lang='grc' dir='ltr'>ἐγὼ</span> <span class='ocrx_word' id='word_1_84' title='bbox 720 1209 873 1265; x_wconf 83' lang='grc' dir='ltr'><strong>δώσω</strong></span> <span class='ocrx_word' id='word_1_85' title='bbox 910 1212 1074 1284; x_wconf 79' lang='grc' dir='ltr'>αύτῷ,</span> <span class='ocrx_word' id='word_1_86' title='bbox 1106 1215 1333 1285; x_wconf 78' lang='grc' dir='ltr'><strong>ποταμοί⁵</strong></span> <span class='ocrx_word' id='word_1_87' title='bbox 1354 1216 1417 1268; x_wconf 84' lang='grc' dir='ltr'>ὲκ</span> <span class='ocrx_word' id='word_1_88' title='bbox 1442 1218 1539 1286; x_wconf 82' lang='grc' dir='ltr'>τῆς</span> <span class='ocrx_word' id='word_1_89' title='bbox 1564 1233 1674 1269; x_wconf 85' lang='grc' dir='ltr'>κοι-</span> 
     </span>
    </p>
   </div>
   <div class='ocr_carea' id='block_1_14' title="bbox 117 1297 1674 1375">
    <p class='ocr_par' dir='ltr' id='par_1_14' title="bbox 117 1297 1674 1375">
     <span class='ocr_line' id='line_1_14' title="bbox 117 1297 1674 1375; baseline 0.006 -26"><span class='ocrx_word' id='word_1_90' title='bbox 117 1297 231 1362; x_wconf 89' lang='grc' dir='ltr'>λίας</span> <span class='ocrx_word' id='word_1_91' title='bbox 273 1300 439 1354; x_wconf 83' lang='grc' dir='ltr'>αὑτοῦ</span> <span class='ocrx_word' id='word_1_92' title='bbox 485 1301 760 1372; x_wconf 78' lang='grc' dir='ltr'><strong>ῥεύσουσιν</strong></span> <span class='ocrx_word' id='word_1_93' title='bbox 804 1302 987 1366; x_wconf 75' lang='grc' dir='ltr'>ὕδατος</span> <span class='ocrx_word' id='word_1_94' title='bbox 1027 1304 1246 1369; x_wconf 78' lang='grc' dir='ltr'>ζῶντος,</span> <span class='ocrx_word' id='word_1_95' title='bbox 1276 1304 1562 1375; x_wconf 83' lang='grc' dir='ltr'><strong>ἁλλομένου</strong></span> <span class='ocrx_word' id='word_1_96' title='bbox 1595 1308 1674 1370; x_wconf 81' lang='grc' dir='ltr'><strong>εἰς</strong></span> 
     </span>
    </p>
   </div>
   <div class='ocr_carea' id='block_1_15' title="bbox 118 1387 1672 1465">
    <p class='ocr_par' dir='ltr' id='par_1_15' title="bbox 118 1387 1672 1465">
     <span class='ocr_line' id='line_1_15' title="bbox 118 1387 1672 1465; baseline 0.005 -25"><span class='ocrx_word' id='word_1_97' title='bbox 118 1387 257 1458; x_wconf 80' lang='grc' dir='ltr'>ζωὴν</span> <span class='ocrx_word' id='word_1_98' title='bbox 289 1388 521 1443; x_wconf 89' lang='grc' dir='ltr'>αἰώνιον.</span> <span class='ocrx_word' id='word_1_99' title='bbox 550 1390 719 1445; x_wconf 88' lang='grc' dir='ltr'>Τοῦτο</span> <span class='ocrx_word' id='word_1_100' title='bbox 733 1391 789 1445; x_wconf 79' lang='grc' dir='ltr'>δὲ</span> <span class='ocrx_word' id='word_1_101' title='bbox 814 1391 961 1461; x_wconf 75' lang='grc' dir='ltr'>ἔλεγε</span> <span class='ocrx_word' id='word_1_102' title='bbox 988 1395 1113 1464; x_wconf 85' lang='grc' dir='ltr'><strong>περί</strong></span> <span class='ocrx_word' id='word_1_103' title='bbox 1139 1394 1231 1455; x_wconf 84' lang='grc' dir='ltr'><strong>τοῦ</strong></span> <span class='ocrx_word' id='word_1_104' title='bbox 1256 1394 1589 1465; x_wconf 89' lang='grc' dir='ltr'>Πνεύματος,</span> <span class='ocrx_word' id='word_1_105' title='bbox 1610 1389 1672 1447; x_wconf 81' lang='grc' dir='ltr'><strong>οὔ</strong></span> 
     </span>
    </p>
   </div>
   <div class='ocr_carea' id='block_1_16' title="bbox 118 1477 1673 1552">
    <p class='ocr_par' dir='ltr' id='par_1_16' title="bbox 118 1477 1673 1552">
     <span class='ocr_line' id='line_1_16' title="bbox 118 1477 1673 1552; baseline 0.004 -20"><span class='ocrx_word' id='word_1_106' title='bbox 118 1479 349 1547; x_wconf 75' lang='grc' dir='ltr'>ήμελλον</span> <span class='ocrx_word' id='word_1_107' title='bbox 388 1480 678 1552; x_wconf 82' lang='grc' dir='ltr'>λαμϐάνειν</span> <span class='ocrx_word' id='word_1_108' title='bbox 726 1484 775 1535; x_wconf 81' lang='grc' dir='ltr'>οἰ</span> <span class='ocrx_word' id='word_1_109' title='bbox 823 1483 1162 1547; x_wconf 83' lang='grc' dir='ltr'>πιστεύοντες</span> <span class='ocrx_word' id='word_1_110' title='bbox 1189 1486 1267 1548; x_wconf 89' lang='grc' dir='ltr'><strong>εἰς</strong></span> <span class='ocrx_word' id='word_1_111' title='bbox 1297 1484 1475 1538; x_wconf 84' lang='grc' dir='ltr'>αὐτόν.</span> <span class='ocrx_word' id='word_1_112' title='bbox 1516 1507 1532 1537; x_wconf 74' lang='grc' dir='ltr'><strong>ι</strong></span> <span class='ocrx_word' id='word_1_113' title='bbox 1570 1477 1673 1538; x_wconf 61' lang='lat'><strong>05—</strong></span> 
     </span>
    </p>
   </div>
   <div class='ocr_carea' id='block_1_17' title="bbox 118 1566 1673 1646">
    <p class='ocr_par' dir='ltr' id='par_1_17' title="bbox 118 1566 1673 1646">
     <span class='ocr_line' id='line_1_17' title="bbox 118 1566 1673 1646; baseline 0.003 -22"><span class='ocrx_word' id='word_1_114' title='bbox 118 1588 201 1633; x_wconf 89' lang='grc' dir='ltr'><strong>τος</strong></span> <span class='ocrx_word' id='word_1_115' title='bbox 222 1566 318 1625; x_wconf 77' lang='grc' dir='ltr'><strong>οὖν</strong></span> <span class='ocrx_word' id='word_1_116' title='bbox 344 1572 372 1624; x_wconf 82' lang='grc' dir='ltr'><strong>ὁ</strong></span> <span class='ocrx_word' id='word_1_117' title='bbox 408 1573 645 1641; x_wconf 82' lang='grc' dir='ltr'>ποταμὸς</span> <span class='ocrx_word' id='word_1_118' title='bbox 682 1573 775 1627; x_wconf 89' lang='grc' dir='ltr'><strong>τοῦ</strong></span> <span class='ocrx_word' id='word_1_119' title='bbox 802 1573 934 1627; x_wconf 89' lang='grc' dir='ltr'>Θεοῦ</span> <span class='ocrx_word' id='word_1_120' title='bbox 969 1575 1255 1646; x_wconf 76' lang='grc' dir='ltr'><strong>ἐπληρώθη</strong></span> <span class='ocrx_word' id='word_1_121' title='bbox 1283 1576 1483 1629; x_wconf 79' lang='grc' dir='ltr'>ὑδάτων</span> <span class='ocrx_word' id='word_1_122' title='bbox 1502 1593 1513 1605; x_wconf 91' lang='grc'><strong>·</strong></span> <span class='ocrx_word' id='word_1_123' title='bbox 1546 1575 1673 1629; x_wconf 84' lang='grc' dir='ltr'>ὥστ’</span> 
     </span>
    </p>
   </div>
   <div class='ocr_carea' id='block_1_18' title="bbox 118 1660 1674 1737">
    <p class='ocr_par' dir='ltr' id='par_1_18' title="bbox 118 1660 1674 1737">
     <span class='ocr_line' id='line_1_18' title="bbox 118 1660 1674 1737; baseline 0.004 -24"><span class='ocrx_word' id='word_1_124' title='bbox 118 1660 180 1713; x_wconf 73' lang='grc' dir='ltr'><strong>ἂν</strong></span> <span class='ocrx_word' id='word_1_125' title='bbox 212 1662 387 1714; x_wconf 82' lang='grc' dir='ltr'>εἰπεῖν</span> <span class='ocrx_word' id='word_1_126' title='bbox 407 1678 421 1691; x_wconf 69' lang='grc' dir='ltr'><strong>ο</strong></span> <span class='ocrx_word' id='word_1_127' title='bbox 460 1681 478 1713; x_wconf 83' lang='grc' dir='ltr'><strong>ι</strong></span> <span class='ocrx_word' id='word_1_128' title='bbox 528 1662 620 1715; x_wconf 87' lang='grc' dir='ltr'>Ἐκ</span> <span class='ocrx_word' id='word_1_129' title='bbox 652 1662 745 1716; x_wconf 91' lang='grc' dir='ltr'><strong>τοῦ</strong></span> <span class='ocrx_word' id='word_1_130' title='bbox 779 1664 1138 1737; x_wconf 80' lang='grc' dir='ltr'><strong>πληρώματος</strong></span> <span class='ocrx_word' id='word_1_131' title='bbox 1169 1666 1330 1719; x_wconf 86' lang='grc' dir='ltr'>αὑτοῦ</span> <span class='ocrx_word' id='word_1_132' title='bbox 1356 1669 1511 1737; x_wconf 81' lang='grc' dir='ltr'>ἡμεῖς</span> <span class='ocrx_word' id='word_1_133' title='bbox 1541 1667 1674 1719; x_wconf 86' lang='grc' dir='ltr'>πάν-</span> 
     </span>
    </p>
   </div>
   <div class='ocr_carea' id='block_1_19' title="bbox 116 1751 1674 1830">
    <p class='ocr_par' dir='ltr' id='par_1_19' title="bbox 116 1751 1674 1830">
     <span class='ocr_line' id='line_1_19' title="bbox 116 1751 1674 1830; baseline 0.006 -26"><span class='ocrx_word' id='word_1_134' title='bbox 116 1768 203 1814; x_wconf 85' lang='grc' dir='ltr'><strong>τες</strong></span> <span class='ocrx_word' id='word_1_135' title='bbox 225 1751 510 1823; x_wconf 63' lang='grc' dir='ltr'>ἐλάϐομεν.</span> <span class='ocrx_word' id='word_1_136' title='bbox 543 1773 561 1805; x_wconf 74' lang='grc' dir='ltr'><strong>ι</strong></span> <span class='ocrx_word' id='word_1_137' title='bbox 587 1753 799 1807; x_wconf 84' lang='grc' dir='ltr'>Πολλῶν</span> <span class='ocrx_word' id='word_1_138' title='bbox 820 1755 875 1809; x_wconf 83' lang='grc' dir='ltr'>δὲ</span> <span class='ocrx_word' id='word_1_139' title='bbox 902 1757 1103 1811; x_wconf 82' lang='grc' dir='ltr'>ὑδάτων</span> <span class='ocrx_word' id='word_1_140' title='bbox 1139 1761 1167 1810; x_wconf 83' lang='grc' dir='ltr'>ὁ</span> <span class='ocrx_word' id='word_1_141' title='bbox 1204 1760 1443 1830; x_wconf 79' lang='grc' dir='ltr'>ποταμὸς</span> <span class='ocrx_word' id='word_1_142' title='bbox 1474 1756 1674 1830; x_wconf 75' lang='grc' dir='ltr'>πεπλή-</span> 
     </span>
    </p>
   </div>
   <div class='ocr_carea' id='block_1_20' title="bbox 1781 578 3328 651">
    <p class='ocr_par' dir='ltr' id='par_1_20' title="bbox 1781 578 3328 651">
     <span class='ocr_line' id='line_1_20' title="bbox 1781 578 3328 651; baseline 0.005 -21"><span class='ocrx_word' id='word_1_143' title='bbox 1781 578 2106 646; x_wconf 89' lang='lat' dir='ltr'><strong>locupletare</strong></span> <span class='ocrx_word' id='word_1_144' title='bbox 2135 593 2250 633; x_wconf 91' lang='lat' dir='ltr'><strong>eam</strong></span> <span class='ocrx_word' id='word_1_145' title='bbox 2284 598 2302 632; x_wconf 76' lang='grc' dir='ltr'><strong>ι</strong></span> <span class='ocrx_word' id='word_1_146' title='bbox 2338 581 2506 635; x_wconf 83' lang='lat' dir='ltr'><strong>variis</strong></span> <span class='ocrx_word' id='word_1_147' title='bbox 2545 582 2780 651; x_wconf 77' lang='lat' dir='ltr'><strong>Spiritus</strong></span> <span class='ocrx_word' id='word_1_148' title='bbox 2824 585 2999 637; x_wconf 78' lang='lat' dir='ltr'><strong>sancti</strong></span> <span class='ocrx_word' id='word_1_149' title='bbox 3037 586 3328 638; x_wconf 84' lang='lat' dir='ltr'><strong>charisma-</strong></span> 
     </span>
    </p>
   </div>
   <div class='ocr_carea' id='block_1_21' title="bbox 1779 665 3329 741">
    <p class='ocr_par' dir='ltr' id='par_1_21' title="bbox 1779 665 3329 741">
     <span class='ocr_line' id='line_1_21' title="bbox 1779 665 3329 741; baseline 0.009 -25"><span class='ocrx_word' id='word_1_150' title='bbox 1779 666 1941 722; x_wconf 88' lang='lat' dir='ltr'><strong>tibus.</strong></span> <span class='ocrx_word' id='word_1_151' title='bbox 2000 665 2171 736; x_wconf 76' lang='lat' dir='ltr'><strong>Hujus</strong></span> <span class='ocrx_word' id='word_1_152' title='bbox 2216 683 2379 738; x_wconf 89' lang='lat' dir='ltr'><strong>porro</strong></span> <span class='ocrx_word' id='word_1_153' title='bbox 2423 688 2439 720; x_wconf 82' lang='grc' dir='ltr'><strong>ι</strong></span> <span class='ocrx_word' id='word_1_154' title='bbox 2479 670 2715 726; x_wconf 89' lang='lat' dir='ltr'><strong>ﬂuminis</strong></span> <span class='ocrx_word' id='word_1_155' title='bbox 2762 672 3002 741; x_wconf 88' lang='lat' dir='ltr'><strong>impetus</strong></span> <span class='ocrx_word' id='word_1_156' title='bbox 3058 674 3329 730; x_wconf 68' lang='lat' dir='ltr'><strong>lanificam</strong></span> 
     </span>
    </p>
   </div>
   <div class='ocr_carea' id='block_1_22' title="bbox 1780 756 3331 833">
    <p class='ocr_par' dir='ltr' id='par_1_22' title="bbox 1780 756 3331 833">
     <span class='ocr_line' id='line_1_22' title="bbox 1780 756 3331 833; baseline 0.007 -24"><span class='ocrx_word' id='word_1_157' title='bbox 1780 756 2052 811; x_wconf 86' lang='lat' dir='ltr'><strong>civitatem</strong></span> <span class='ocrx_word' id='word_1_158' title='bbox 2099 757 2214 814; x_wconf 88' lang='lat' dir='ltr'><strong>Dei.</strong></span> <span class='ocrx_word' id='word_1_159' title='bbox 2250 778 2267 810; x_wconf 78' lang='grc' dir='ltr'><strong>ι</strong></span> <span class='ocrx_word' id='word_1_160' title='bbox 2297 758 2547 814; x_wconf 84' lang='lat' dir='ltr'><strong>Salvator</strong></span> <span class='ocrx_word' id='word_1_161' title='bbox 2588 760 2712 815; x_wconf 86' lang='lat' dir='ltr'><strong>item</strong></span> <span class='ocrx_word' id='word_1_162' title='bbox 2767 761 2834 816; x_wconf 92' lang='lat' dir='ltr'><strong>de</strong></span> <span class='ocrx_word' id='word_1_163' title='bbox 2880 764 3064 818; x_wconf 88' lang='lat' dir='ltr'><strong>eadem</strong></span> <span class='ocrx_word' id='word_1_164' title='bbox 3115 765 3227 833; x_wconf 89' lang='lat' dir='ltr'><strong>ipsa</strong></span> <span class='ocrx_word' id='word_1_165' title='bbox 3270 782 3331 821; x_wconf 87' lang='lat' dir='ltr'><strong>re</strong></span> 
     </span>
    </p>
   </div>
   <div class='ocr_carea' id='block_1_23' title="bbox 1780 847 3329 925">
    <p class='ocr_par' dir='ltr' id='par_1_23' title="bbox 1780 847 3329 925">
     <span class='ocr_line' id='line_1_23' title="bbox 1780 847 3329 925; baseline 0.005 -23"><span class='ocrx_word' id='word_1_166' title='bbox 1780 847 1894 903; x_wconf 70' lang='lat' dir='ltr'><strong>bzec</strong></span> <span class='ocrx_word' id='word_1_167' title='bbox 1937 848 2126 902; x_wconf 86' lang='lat' dir='ltr'><strong>docuit</strong></span> <span class='ocrx_word' id='word_1_168' title='bbox 2160 866 2171 899; x_wconf 93' lang='lat'>:</span> <span class='ocrx_word' id='word_1_169' title='bbox 2211 868 2229 899; x_wconf 83' lang='grc' dir='ltr'><strong>ι</strong></span> <span class='ocrx_word' id='word_1_170' title='bbox 2269 848 2324 903; x_wconf 91' lang='lat' dir='ltr'><strong>Si</strong></span> <span class='ocrx_word' id='word_1_171' title='bbox 2354 851 2478 921; x_wconf 84' lang='lat' dir='ltr'><strong>quis</strong></span> <span class='ocrx_word' id='word_1_172' title='bbox 2500 851 2699 905; x_wconf 83' lang='lat' dir='ltr'><strong>biberit</strong></span> <span class='ocrx_word' id='word_1_173' title='bbox 2725 868 2790 907; x_wconf 77' lang='lat' dir='ltr'><strong>ex</strong></span> <span class='ocrx_word' id='word_1_174' title='bbox 2832 868 2991 922; x_wconf 85' lang='lat' dir='ltr'><strong>aqua,</strong></span> <span class='ocrx_word' id='word_1_175' title='bbox 3023 871 3180 924; x_wconf 86' lang='lat' dir='ltr'><strong>quam</strong></span> <span class='ocrx_word' id='word_1_176' title='bbox 3228 871 3329 925; x_wconf 89' lang='lat' dir='ltr'><strong>ego</strong></span> 
     </span>
    </p>
   </div>
   <div class='ocr_carea' id='block_1_24' title="bbox 1772 932 3323 1012">
    <p class='ocr_par' dir='ltr' id='par_1_24' title="bbox 1772 932 3323 1012">
     <span class='ocr_line' id='line_1_24' title="bbox 1772 932 3323 1012; baseline 0.005 -21"><span class='ocrx_word' id='word_1_177' title='bbox 1772 932 1918 991; x_wconf 44' lang='lat' dir='ltr'><strong>‘dabo</strong></span> <span class='ocrx_word' id='word_1_178' title='bbox 1944 938 2015 999; x_wconf 92' lang='lat' dir='ltr'><strong>ei,</strong></span> <span class='ocrx_word' id='word_1_179' title='bbox 2040 938 2259 992; x_wconf 88' lang='lat' dir='ltr'><strong>ﬂumina</strong></span> <span class='ocrx_word' id='word_1_180' title='bbox 2300 938 2367 993; x_wconf 93' lang='lat' dir='ltr'><strong>de</strong></span> <span class='ocrx_word' id='word_1_181' title='bbox 2396 948 2581 995; x_wconf 85' lang='lat' dir='ltr'><strong>ventre</strong></span> <span class='ocrx_word' id='word_1_182' title='bbox 2613 941 2730 1010; x_wconf 89' lang='lat' dir='ltr'><strong>ejus</strong></span> <span class='ocrx_word' id='word_1_183' title='bbox 2780 941 2943 996; x_wconf 88' lang='lat' dir='ltr'><strong>ﬂuent</strong></span> <span class='ocrx_word' id='word_1_184' title='bbox 2987 959 3138 1012; x_wconf 69' lang='lat' dir='ltr'><strong>aquze</strong></span> <span class='ocrx_word' id='word_1_185' title='bbox 3168 946 3323 1009; x_wconf 69' lang='lat' dir='ltr'><strong>vivae,</strong></span> 
     </span>
    </p>
   </div>
   <div class='ocr_carea' id='block_1_25' title="bbox 1780 1015 3328 1090">
    <p class='ocr_par' dir='ltr' id='par_1_25' title="bbox 1780 1015 3328 1090">
     <span class='ocr_line' id='line_1_25' title="bbox 1780 1015 3328 1090; baseline 0.007 -11"><span class='ocrx_word' id='word_1_186' title='bbox 1780 1026 2022 1081; x_wconf 81' lang='lat' dir='ltr'><strong>salientis</strong></span> <span class='ocrx_word' id='word_1_187' title='bbox 2054 1026 2108 1081; x_wconf 88' lang='lat' dir='ltr'><strong>in</strong></span> <span class='ocrx_word' id='word_1_188' title='bbox 2146 1029 2307 1081; x_wconf 85' lang='lat' dir='ltr'><strong>vitam</strong></span> <span class='ocrx_word' id='word_1_189' title='bbox 2344 1037 2619 1083; x_wconf 71' lang='lat' dir='ltr'><strong>aeternam.</strong></span> <span class='ocrx_word' id='word_1_190' title='bbox 2658 1029 2772 1085; x_wconf 80' lang='lat' dir='ltr'><strong>Hoc</strong></span> <span class='ocrx_word' id='word_1_191' title='bbox 2814 1039 2989 1085; x_wconf 90' lang='lat' dir='ltr'><strong>autem</strong></span> <span class='ocrx_word' id='word_1_192' title='bbox 3018 1015 3229 1089; x_wconf 78' lang='lat' dir='ltr'><strong>dicebat</strong></span> <span class='ocrx_word' id='word_1_193' title='bbox 3260 1036 3328 1090; x_wconf 89' lang='lat' dir='ltr'><strong>de</strong></span> 
     </span>
    </p>
   </div>
   <div class='ocr_carea' id='block_1_26' title="bbox 1781 1114 3310 1189">
    <p class='ocr_par' dir='ltr' id='par_1_26' title="bbox 1781 1114 3310 1189">
     <span class='ocr_line' id='line_1_26' title="bbox 1781 1114 3310 1189; baseline 0.006 -21"><span class='ocrx_word' id='word_1_194' title='bbox 1781 1114 2003 1186; x_wconf 88' lang='lat' dir='ltr'><strong>Spiritu,</strong></span> <span class='ocrx_word' id='word_1_195' title='bbox 2026 1133 2180 1186; x_wconf 88' lang='lat' dir='ltr'><strong>quem</strong></span> <span class='ocrx_word' id='word_1_196' title='bbox 2212 1121 2485 1189; x_wconf 80' lang='lat' dir='ltr'><strong>accepturi</strong></span> <span class='ocrx_word' id='word_1_197' title='bbox 2512 1129 2665 1175; x_wconf 83' lang='lat' dir='ltr'><strong>erant</strong></span> <span class='ocrx_word' id='word_1_198' title='bbox 2696 1122 2972 1177; x_wconf 87' lang='lat' dir='ltr'><strong>credentes</strong></span> <span class='ocrx_word' id='word_1_199' title='bbox 2989 1124 3042 1177; x_wconf 91' lang='lat' dir='ltr'><strong>in</strong></span> <span class='ocrx_word' id='word_1_200' title='bbox 3072 1127 3310 1181; x_wconf 64' lang='lat' dir='ltr'><strong>eum“.i</strong></span> 
     </span>
    </p>
   </div>
   <div class='ocr_carea' id='block_1_27' title="bbox 1779 1204 3328 1283">
    <p class='ocr_par' dir='ltr' id='par_1_27' title="bbox 1779 1204 3328 1283">
     <span class='ocr_line' id='line_1_27' title="bbox 1779 1204 3328 1283; baseline 0.006 -23"><span class='ocrx_word' id='word_1_201' title='bbox 1779 1204 1890 1261; x_wconf 83' lang='lat' dir='ltr'><strong>Hoc</strong></span> <span class='ocrx_word' id='word_1_202' title='bbox 1916 1205 2097 1277; x_wconf 89' lang='lat' dir='ltr'><strong>itaque</strong></span> <span class='ocrx_word' id='word_1_203' title='bbox 2132 1206 2324 1263; x_wconf 90' lang='lat' dir='ltr'><strong>ﬂumen</strong></span> <span class='ocrx_word' id='word_1_204' title='bbox 2377 1210 2469 1264; x_wconf 89' lang='lat' dir='ltr'><strong>Dei</strong></span> <span class='ocrx_word' id='word_1_205' title='bbox 2510 1212 2769 1281; x_wconf 89' lang='lat' dir='ltr'><strong>repletum</strong></span> <span class='ocrx_word' id='word_1_206' title='bbox 2817 1220 2900 1269; x_wconf 90' lang='lat' dir='ltr'><strong>est</strong></span> <span class='ocrx_word' id='word_1_207' title='bbox 2949 1215 3136 1283; x_wconf 88' lang='lat' dir='ltr'><strong>aquis;</strong></span> <span class='ocrx_word' id='word_1_208' title='bbox 3163 1216 3236 1268; x_wconf 88' lang='lat' dir='ltr'><strong>ita</strong></span> <span class='ocrx_word' id='word_1_209' title='bbox 3268 1224 3328 1270; x_wconf 88' lang='lat' dir='ltr'><strong>ut</strong></span> 
     </span>
    </p>
   </div>
   <div class='ocr_carea' id='block_1_28' title="bbox 1734 1295 3329 1374">
    <p class='ocr_par' dir='ltr' id='par_1_28' title="bbox 1734 1295 3329 1374">
     <span class='ocr_line' id='line_1_28' title="bbox 1734 1295 3329 1374; baseline 0.007 -25"><span class='ocrx_word' id='word_1_210' title='bbox 1734 1358 1737 1361; x_wconf 14' lang='grc' dir='ltr'>Ἴ</span> <span class='ocrx_word' id='word_1_211' title='bbox 1778 1295 1961 1373; x_wconf 87' lang='lat' dir='ltr'><strong>dicant</strong></span> <span class='ocrx_word' id='word_1_212' title='bbox 1996 1312 2008 1348; x_wconf 94' lang='lat'>:</span> <span class='ocrx_word' id='word_1_213' title='bbox 2046 1316 2063 1347; x_wconf 76' lang='grc' dir='ltr'><strong>ι</strong></span> <span class='ocrx_word' id='word_1_214' title='bbox 2104 1296 2180 1350; x_wconf 82' lang='lat' dir='ltr'><strong>Ex</strong></span> <span class='ocrx_word' id='word_1_215' title='bbox 2214 1299 2547 1367; x_wconf 83' lang='lat' dir='ltr'><strong>plenitudine</strong></span> <span class='ocrx_word' id='word_1_216' title='bbox 2588 1301 2707 1369; x_wconf 88' lang='lat' dir='ltr'><strong>ejus</strong></span> <span class='ocrx_word' id='word_1_217' title='bbox 2756 1317 2857 1357; x_wconf 88' lang='lat' dir='ltr'><strong>nos</strong></span> <span class='ocrx_word' id='word_1_218' title='bbox 2901 1318 3088 1359; x_wconf 85' lang='lat' dir='ltr'><strong>omnes</strong></span> <span class='ocrx_word' id='word_1_219' title='bbox 3118 1306 3329 1374; x_wconf 85' lang='lat' dir='ltr'><strong>accepi-</strong></span> 
     </span>
    </p>
   </div>
   <div class='ocr_carea' id='block_1_29' title="bbox 1781 1384 3326 1461">
    <p class='ocr_par' dir='ltr' id='par_1_29' title="bbox 1781 1384 3326 1461">
     <span class='ocr_line' id='line_1_29' title="bbox 1781 1384 3326 1461; baseline 0.008 -24"><span class='ocrx_word' id='word_1_220' title='bbox 1781 1400 1901 1440; x_wconf 87' lang='lat' dir='ltr'><strong>mus</strong></span> <span class='ocrx_word' id='word_1_221' title='bbox 1925 1385 1992 1437; x_wconf 81' lang='grc'><strong>³⁹.</strong></span> <span class='ocrx_word' id='word_1_222' title='bbox 2034 1405 2053 1437; x_wconf 73' lang='grc' dir='ltr'><strong>ι</strong></span> <span class='ocrx_word' id='word_1_223' title='bbox 2090 1384 2271 1443; x_wconf 79' lang='lat' dir='ltr'><strong>Multis</strong></span> <span class='ocrx_word' id='word_1_224' title='bbox 2301 1396 2478 1444; x_wconf 89' lang='lat' dir='ltr'><strong>autem</strong></span> <span class='ocrx_word' id='word_1_225' title='bbox 2507 1392 2663 1461; x_wconf 90' lang='lat' dir='ltr'><strong>aquis</strong></span> <span class='ocrx_word' id='word_1_226' title='bbox 2695 1392 2957 1461; x_wconf 88' lang='lat' dir='ltr'><strong>repletum</strong></span> <span class='ocrx_word' id='word_1_227' title='bbox 2991 1391 3189 1449; x_wconf 88' lang='lat' dir='ltr'><strong>ﬂumen</strong></span> <span class='ocrx_word' id='word_1_228' title='bbox 3208 1403 3326 1461; x_wconf 86' lang='lat' dir='ltr'><strong>est,</strong></span> 
     </span>
    </p>
   </div>
   <div class='ocr_carea' id='block_1_30' title="bbox 1778 1475 3324 1546">
    <p class='ocr_par' dir='ltr' id='par_1_30' title="bbox 1778 1475 3324 1546">
     <span class='ocr_line' id='line_1_30' title="bbox 1778 1475 3324 1546; baseline 0.006 -19"><span class='ocrx_word' id='word_1_229' title='bbox 1778 1475 2031 1544; x_wconf 89' lang='lat' dir='ltr'><strong>quoniam</strong></span> <span class='ocrx_word' id='word_1_230' title='bbox 2058 1478 2149 1544; x_wconf 90' lang='lat' dir='ltr'><strong>qui</strong></span> <span class='ocrx_word' id='word_1_231' title='bbox 2186 1491 2253 1531; x_wconf 87' lang='lat' dir='ltr'><strong>eo</strong></span> <span class='ocrx_word' id='word_1_232' title='bbox 2278 1485 2554 1546; x_wconf 87' lang='lat' dir='ltr'><strong>potantur,</strong></span> <span class='ocrx_word' id='word_1_233' title='bbox 2587 1480 2724 1534; x_wconf 91' lang='lat' dir='ltr'><strong>inter</strong></span> <span class='ocrx_word' id='word_1_234' title='bbox 2747 1497 2804 1535; x_wconf 89' lang='lat' dir='ltr'><strong>se</strong></span> <span class='ocrx_word' id='word_1_235' title='bbox 2849 1482 3140 1538; x_wconf 86' lang='lat' dir='ltr'><strong>dissimiles</strong></span> <span class='ocrx_word' id='word_1_236' title='bbox 3180 1494 3324 1538; x_wconf 90' lang='lat' dir='ltr'><strong>sunt.</strong></span> 
     </span>
    </p>
   </div>
   <div class='ocr_carea' id='block_1_31' title="bbox 1777 1562 3325 1643">
    <p class='ocr_par' dir='ltr' id='par_1_31' title="bbox 1777 1562 3325 1643">
     <span class='ocr_line' id='line_1_31' title="bbox 1777 1562 3325 1643; baseline 0.006 -24"><span class='ocrx_word' id='word_1_237' title='bbox 1777 1562 1909 1619; x_wconf 90' lang='lat' dir='ltr'><strong>Cum</strong></span> <span class='ocrx_word' id='word_1_238' title='bbox 1941 1564 2141 1620; x_wconf 83' lang='lat' dir='ltr'><strong>diversi</strong></span> <span class='ocrx_word' id='word_1_239' title='bbox 2185 1582 2347 1635; x_wconf 91' lang='lat' dir='ltr'><strong>porro</strong></span> <span class='ocrx_word' id='word_1_240' title='bbox 2393 1569 2501 1622; x_wconf 93' lang='lat' dir='ltr'><strong>sint</strong></span> <span class='ocrx_word' id='word_1_241' title='bbox 2546 1571 2763 1625; x_wconf 89' lang='lat' dir='ltr'><strong>ordines</strong></span> <span class='ocrx_word' id='word_1_242' title='bbox 2815 1586 3024 1639; x_wconf 92' lang='lat' dir='ltr'><strong>eorum,</strong></span> <span class='ocrx_word' id='word_1_243' title='bbox 3059 1574 3152 1641; x_wconf 92' lang='lat' dir='ltr'><strong>qui</strong></span> <span class='ocrx_word' id='word_1_244' title='bbox 3204 1575 3325 1643; x_wconf 82' lang='lat' dir='ltr'><strong>ejus</strong></span> 
     </span>
    </p>
   </div>
   <div class='ocr_carea' id='block_1_32' title="bbox 1778 1659 3323 1735">
    <p class='ocr_par' dir='ltr' id='par_1_32' title="bbox 1778 1659 3323 1735">
     <span class='ocr_line' id='line_1_32' title="bbox 1778 1659 3323 1735; baseline 0.008 -26"><span class='ocrx_word' id='word_1_245' title='bbox 1778 1666 2058 1711; x_wconf 86' lang='lat' dir='ltr'><strong>consortes</strong></span> <span class='ocrx_word' id='word_1_246' title='bbox 2081 1666 2228 1722; x_wconf 83' lang='lat' dir='ltr'><strong>sunt,</strong></span> <span class='ocrx_word' id='word_1_247' title='bbox 2246 1659 2371 1727; x_wconf 89' lang='lat' dir='ltr'><strong>jure</strong></span> <span class='ocrx_word' id='word_1_248' title='bbox 2403 1661 2632 1731; x_wconf 84' lang='lat' dir='ltr'><strong>singulis</strong></span> <span class='ocrx_word' id='word_1_249' title='bbox 2673 1665 3022 1731; x_wconf 80' lang='lat' dir='ltr'><strong>congruentia</strong></span> <span class='ocrx_word' id='word_1_250' title='bbox 3054 1667 3323 1735; x_wconf 56' lang='lat' dir='ltr'><strong>praebens,</strong></span> 
     </span>
    </p>
   </div>
   <div class='ocr_carea' id='block_1_33' title="bbox 1779 1748 3325 1825">
    <p class='ocr_par' dir='ltr' id='par_1_33' title="bbox 1779 1748 3325 1825">
     <span class='ocr_line' id='line_1_33' title="bbox 1779 1748 3325 1825; baseline 0.006 -26"><span class='ocrx_word' id='word_1_251' title='bbox 1779 1748 1967 1804; x_wconf 86' lang='lat' dir='ltr'><strong>multis</strong></span> <span class='ocrx_word' id='word_1_252' title='bbox 2008 1749 2165 1818; x_wconf 87' lang='lat' dir='ltr'><strong>aquis</strong></span> <span class='ocrx_word' id='word_1_253' title='bbox 2198 1751 2459 1818; x_wconf 86' lang='lat' dir='ltr'><strong>repletum</strong></span> <span class='ocrx_word' id='word_1_254' title='bbox 2492 1767 2613 1806; x_wconf 89' lang='lat' dir='ltr'><strong>esse</strong></span> <span class='ocrx_word' id='word_1_255' title='bbox 2659 1751 2857 1807; x_wconf 90' lang='lat' dir='ltr'><strong>dicitur</strong></span> <span class='ocrx_word' id='word_1_256' title='bbox 2890 1770 2902 1804; x_wconf 91' lang='lat'><strong>:</strong></span> <span class='ocrx_word' id='word_1_257' title='bbox 2940 1769 3169 1823; x_wconf 88' lang='lat' dir='ltr'><strong>quarum</strong></span> <span class='ocrx_word' id='word_1_258' title='bbox 3200 1771 3325 1825; x_wconf 86' lang='lat' dir='ltr'><strong>par-</strong></span> 
     </span>
    </p>
   </div>
   <div class='ocr_carea' id='block_1_34' title="bbox 119 1839 1672 1916">
    <p class='ocr_par' dir='ltr' id='par_1_34' title="bbox 119 1843 1672 1916">
     <span class='ocr_line' id='line_1_34' title="bbox 119 1843 1672 1916; baseline 0.005 -21"><span class='ocrx_word' id='word_1_259' title='bbox 119 1859 301 1911; x_wconf 86' lang='grc' dir='ltr'>ρωται,</span> <span class='ocrx_word' id='word_1_260' title='bbox 337 1843 422 1897; x_wconf 84' lang='grc' dir='ltr'>διὰ</span> <span class='ocrx_word' id='word_1_261' title='bbox 464 1844 522 1897; x_wconf 81' lang='grc' dir='ltr'><strong>τὸ</strong></span> <span class='ocrx_word' id='word_1_262' title='bbox 563 1844 635 1914; x_wconf 85' lang='grc' dir='ltr'>μὴ</span> <span class='ocrx_word' id='word_1_263' title='bbox 676 1845 891 1916; x_wconf 77' lang='grc' dir='ltr'>ὁμοίους</span> <span class='ocrx_word' id='word_1_264' title='bbox 927 1844 1061 1900; x_wconf 75' lang='grc' dir='ltr'>εἶναι</span> <span class='ocrx_word' id='word_1_265' title='bbox 1099 1850 1224 1913; x_wconf 85' lang='grc' dir='ltr'>τοὺς</span> <span class='ocrx_word' id='word_1_266' title='bbox 1250 1849 1306 1915; x_wconf 77' lang='grc' dir='ltr'><strong>ἐξ</strong></span> <span class='ocrx_word' id='word_1_267' title='bbox 1335 1850 1497 1902; x_wconf 84' lang='grc' dir='ltr'>αὑτοῦ</span> <span class='ocrx_word' id='word_1_268' title='bbox 1526 1868 1672 1903; x_wconf 91' lang='grc' dir='ltr'>ποτι-</span> 
     </span>
    </p>
   </div>
   <div class='ocr_carea' id='block_1_35' title="bbox 1772 1839 3323 1916">
    <p class='ocr_par' dir='ltr' id='par_1_35' title="bbox 1776 1839 3323 1913">
     <span class='ocr_line' id='line_1_35' title="bbox 1776 1839 3323 1913; baseline 0.006 -22"><span class='ocrx_word' id='word_1_269' title='bbox 1776 1839 1944 1908; x_wconf 89' lang='lat' dir='ltr'><strong>ticeps</strong></span> <span class='ocrx_word' id='word_1_270' title='bbox 1990 1840 2329 1896; x_wconf 85' lang='lat' dir='ltr'><strong>rationabilis</strong></span> <span class='ocrx_word' id='word_1_271' title='bbox 2362 1856 2514 1910; x_wconf 87' lang='lat' dir='ltr'><strong>ager,</strong></span> <span class='ocrx_word' id='word_1_272' title='bbox 2545 1851 2904 1912; x_wconf 77' lang='lat' dir='ltr'><strong>congruentes</strong></span> <span class='ocrx_word' id='word_1_273' title='bbox 2934 1842 3161 1913; x_wconf 81' lang='lat' dir='ltr'><strong>singulis</strong></span> <span class='ocrx_word' id='word_1_274' title='bbox 3185 1860 3323 1913; x_wconf 68' lang='lat' dir='ltr'><strong>prte-</strong></span> 
     </span>
    </p>
   </div>
   <div class='ocr_carea' id='block_1_36' title="bbox 119 1932 1672 2012">
    <p class='ocr_par' dir='ltr' id='par_1_36' title="bbox 119 1932 1672 2012">
     <span class='ocr_line' id='line_1_36' title="bbox 119 1932 1672 2012; baseline 0.005 -25"><span class='ocrx_word' id='word_1_275' title='bbox 119 1932 392 2005; x_wconf 73' lang='grc' dir='ltr'>ζομὶνους.</span> <span class='ocrx_word' id='word_1_276' title='bbox 444 1936 719 2008; x_wconf 83' lang='grc' dir='ltr'>Διαφόρων</span> <span class='ocrx_word' id='word_1_277' title='bbox 761 1936 816 1990; x_wconf 74' lang='grc' dir='ltr'>δὲ</span> <span class='ocrx_word' id='word_1_278' title='bbox 841 1936 1016 1991; x_wconf 77' lang='grc' dir='ltr'>’ὄντων</span> <span class='ocrx_word' id='word_1_279' title='bbox 1048 1942 1336 2009; x_wconf 82' lang='grc' dir='ltr'>ταγμάτων</span> <span class='ocrx_word' id='word_1_280' title='bbox 1367 1942 1472 1993; x_wconf 84' lang='grc' dir='ltr'><strong>τῶν</strong></span> <span class='ocrx_word' id='word_1_281' title='bbox 1506 1960 1672 2012; x_wconf 89' lang='grc' dir='ltr'>μετα-</span> 
     </span>
    </p>
   </div>
   <div class='ocr_carea' id='block_1_37' title="bbox 117 2024 1672 2101">
    <p class='ocr_par' dir='ltr' id='par_1_37' title="bbox 117 2024 1672 2101">
     <span class='ocr_line' id='line_1_37' title="bbox 117 2024 1672 2101; baseline 0.005 -24"><span class='ocrx_word' id='word_1_282' title='bbox 117 2024 494 2095; x_wconf 84' lang='grc' dir='ltr'>λαμϐανόντων</span> <span class='ocrx_word' id='word_1_283' title='bbox 544 2025 727 2092; x_wconf 81' lang='grc' dir='ltr'>αὑτοῦ,</span> <span class='ocrx_word' id='word_1_284' title='bbox 776 2024 999 2091; x_wconf 80' lang='grc' dir='ltr'>εἰκότως</span> <span class='ocrx_word' id='word_1_285' title='bbox 1046 2029 1256 2098; x_wconf 77' lang='grc' dir='ltr'>ἑκάστῳ</span> <span class='ocrx_word' id='word_1_286' title='bbox 1306 2031 1557 2101; x_wconf 82' lang='grc' dir='ltr'>παρέχων</span> <span class='ocrx_word' id='word_1_287' title='bbox 1608 2033 1672 2086; x_wconf 79' lang='grc' dir='ltr'>τὰ</span> 
     </span>
    </p>
   </div>
   <div class='ocr_carea' id='block_1_38' title="bbox 119 2115 1672 2190">
    <p class='ocr_par' dir='ltr' id='par_1_38' title="bbox 119 2115 1672 2190">
     <span class='ocr_line' id='line_1_38' title="bbox 119 2115 1672 2190; baseline 0.006 -25"><span class='ocrx_word' id='word_1_288' title='bbox 119 2115 420 2188; x_wconf 79' lang='grc' dir='ltr'>πρόσφορα,</span> <span class='ocrx_word' id='word_1_289' title='bbox 447 2116 652 2170; x_wconf 84' lang='grc' dir='ltr'>πολλῶν</span> <span class='ocrx_word' id='word_1_290' title='bbox 690 2118 894 2172; x_wconf 71' lang='grc' dir='ltr'>ὑδάτων</span> <span class='ocrx_word' id='word_1_291' title='bbox 926 2118 1308 2190; x_wconf 83' lang='grc' dir='ltr'>πεπληρῶσθαι</span> <span class='ocrx_word' id='word_1_292' title='bbox 1334 2121 1544 2189; x_wconf 88' lang='grc' dir='ltr'>λέγεται</span> <span class='ocrx_word' id='word_1_293' title='bbox 1564 2139 1577 2152; x_wconf 75' lang='grc' dir='ltr'><strong><em>ο</em></strong></span> <span class='ocrx_word' id='word_1_294' title='bbox 1599 2115 1672 2175; x_wconf 82' lang='grc' dir='ltr'>ὧν</span> 
     </span>
    </p>
   </div>
   <div class='ocr_carea' id='block_1_39' title="bbox 121 2205 1674 2280">
    <p class='ocr_par' dir='ltr' id='par_1_39' title="bbox 121 2205 1674 2280">
     <span class='ocr_line' id='line_1_39' title="bbox 121 2205 1674 2280; baseline 0.006 -23"><span class='ocrx_word' id='word_1_295' title='bbox 121 2205 489 2275; x_wconf 88' lang='grc' dir='ltr'>μεταλαϐοῦσα</span> <span class='ocrx_word' id='word_1_296' title='bbox 533 2208 565 2277; x_wconf 86' lang='grc' dir='ltr'><strong>ή</strong></span> <span class='ocrx_word' id='word_1_297' title='bbox 614 2208 801 2279; x_wconf 82' lang='grc' dir='ltr'>λογικὴ</span> <span class='ocrx_word' id='word_1_298' title='bbox 835 2207 1004 2279; x_wconf 85' lang='grc' dir='ltr'>χώρα,</span> <span class='ocrx_word' id='word_1_299' title='bbox 1047 2208 1143 2272; x_wconf 82' lang='grc' dir='ltr'>τὰς</span> <span class='ocrx_word' id='word_1_300' title='bbox 1182 2210 1512 2280; x_wconf 73' lang='grc' dir='ltr'>ἐπιτηδείους</span> <span class='ocrx_word' id='word_1_301' title='bbox 1550 2214 1674 2266; x_wconf 82' lang='grc' dir='ltr'>ἑκά-</span> 
     </span>
    </p>
   </div>
   <div class='ocr_carea' id='block_1_40' title="bbox 116 2276 1685 2368">
    <p class='ocr_par' dir='ltr' id='par_1_40' title="bbox 116 2276 1685 2368">
     <span class='ocr_line' id='line_1_40' title="bbox 116 2276 1685 2368; baseline 0.004 -20"><span class='ocrx_word' id='word_1_302' title='bbox 116 2276 223 2366; x_wconf 83' lang='grc' dir='ltr'>στῳ</span> <span class='ocrx_word' id='word_1_303' title='bbox 253 2297 436 2351; x_wconf 78' lang='grc' dir='ltr'>δίδωσι</span> <span class='ocrx_word' id='word_1_304' title='bbox 462 2276 682 2368; x_wconf 66' lang='grc' dir='ltr'>τροιράς,</span> <span class='ocrx_word' id='word_1_305' title='bbox 715 2276 807 2351; x_wconf 68' lang='grc' dir='ltr'><strong>καί</strong></span> <span class='ocrx_word' id='word_1_306' title='bbox 838 2276 961 2363; x_wconf 76' lang='grc' dir='ltr'>τοὺς</span> <span class='ocrx_word' id='word_1_307' title='bbox 994 2299 1247 2364; x_wconf 82' lang='grc' dir='ltr'>ὲπαξίους</span> <span class='ocrx_word' id='word_1_308' title='bbox 1292 2276 1385 2353; x_wconf 80' lang='grc' dir='ltr'><strong>τοῦ</strong></span> <span class='ocrx_word' id='word_1_309' title='bbox 1422 2303 1685 2357; x_wconf 76' lang='grc' dir='ltr'>τοσούτου</span> 
     </span>
    </p>
   </div>
   <div class='ocr_carea' id='block_1_41' title="bbox 119 2386 1673 2465">
    <p class='ocr_par' dir='ltr' id='par_1_41' title="bbox 119 2386 1673 2465">
     <span class='ocr_line' id='line_1_41' title="bbox 119 2386 1673 2465; baseline 0.006 -27"><span class='ocrx_word' id='word_1_310' title='bbox 119 2386 358 2458; x_wconf 77' lang='grc' dir='ltr'>ποταμοῦ</span> <span class='ocrx_word' id='word_1_311' title='bbox 396 2388 653 2458; x_wconf 78' lang='grc' dir='ltr'>καρπούς.</span> <span class='ocrx_word' id='word_1_312' title='bbox 700 2389 789 2442; x_wconf 83' lang='grc' dir='ltr'>Διὸ</span> <span class='ocrx_word' id='word_1_313' title='bbox 828 2389 1109 2443; x_wconf 87' lang='grc' dir='ltr'>λέλεκται·</span> <span class='ocrx_word' id='word_1_314' title='bbox 1146 2410 1165 2441; x_wconf 78' lang='grc' dir='ltr'><strong>ι</strong></span> <span class='ocrx_word' id='word_1_315' title='bbox 1216 2392 1541 2463; x_wconf 82' lang='grc' dir='ltr'>Ἠτοίμασας</span> <span class='ocrx_word' id='word_1_316' title='bbox 1578 2394 1673 2465; x_wconf 82' lang='grc' dir='ltr'>τὴν</span> 
     </span>
    </p>
   </div>
   <div class='ocr_carea' id='block_1_42' title="bbox 118 2478 1673 2555">
    <p class='ocr_par' dir='ltr' id='par_1_42' title="bbox 118 2478 1673 2555">
     <span class='ocr_line' id='line_1_42' title="bbox 118 2478 1673 2555; baseline 0.008 -26"><span class='ocrx_word' id='word_1_317' title='bbox 118 2478 319 2550; x_wconf 78' lang='grc' dir='ltr'>τροφὴν</span> <span class='ocrx_word' id='word_1_318' title='bbox 352 2479 562 2544; x_wconf 86' lang='grc' dir='ltr'>αύτῶν,</span> <span class='ocrx_word' id='word_1_319' title='bbox 608 2481 689 2535; x_wconf 84' lang='grc' dir='ltr'>ὅτι</span> <span class='ocrx_word' id='word_1_320' title='bbox 741 2481 974 2555; x_wconf 78' lang='grc' dir='ltr'>οὖτωςὴ</span> <span class='ocrx_word' id='word_1_321' title='bbox 1025 2484 1321 2554; x_wconf 84' lang='grc' dir='ltr'>ὲτοιμασία.</span> <span class='ocrx_word' id='word_1_322' title='bbox 1373 2506 1390 2537; x_wconf 74' lang='grc' dir='ltr'><strong>ι</strong></span> <span class='ocrx_word' id='word_1_323' title='bbox 1419 2487 1573 2541; x_wconf 84' lang='grc' dir='ltr'>Κατά</span> <span class='ocrx_word' id='word_1_324' title='bbox 1618 2488 1673 2541; x_wconf 80' lang='grc' dir='ltr'>δὲ</span> 
     </span>
    </p>
   </div>
   <div class='ocr_carea' id='block_1_43' title="bbox 121 2566 1672 2646">
    <p class='ocr_par' dir='ltr' id='par_1_43' title="bbox 121 2566 1672 2646">
     <span class='ocr_line' id='line_1_43' title="bbox 121 2566 1672 2646; baseline 0.007 -28"><span class='ocrx_word' id='word_1_325' title='bbox 121 2566 209 2619; x_wconf 77' lang='grc' dir='ltr'>τὸν</span> <span class='ocrx_word' id='word_1_326' title='bbox 270 2567 583 2639; x_wconf 86' lang='grc' dir='ltr'>Σύμμαχον·</span> <span class='ocrx_word' id='word_1_327' title='bbox 620 2589 640 2622; x_wconf 77' lang='grc' dir='ltr'><strong>ι</strong></span> <span class='ocrx_word' id='word_1_328' title='bbox 674 2571 1112 2643; x_wconf 80' lang='grc' dir='ltr'>Τελεσφορήσεις,</span> <span class='ocrx_word' id='word_1_329' title='bbox 1159 2574 1308 2642; x_wconf 79' lang='grc' dir='ltr'>φησὶ,</span> <span class='ocrx_word' id='word_1_330' title='bbox 1351 2573 1447 2643; x_wconf 79' lang='grc' dir='ltr'>τὴν</span> <span class='ocrx_word' id='word_1_331' title='bbox 1506 2592 1672 2646; x_wconf 88' lang='grc' dir='ltr'>σπερ-</span> 
     </span>
    </p>
   </div>
   <div class='ocr_carea' id='block_1_44' title="bbox 125 2659 1673 2735">
    <p class='ocr_par' dir='ltr' id='par_1_44' title="bbox 125 2659 1673 2735">
     <span class='ocr_line' id='line_1_44' title="bbox 125 2659 1673 2735; baseline 0.005 -23"><span class='ocrx_word' id='word_1_332' title='bbox 125 2659 316 2730; x_wconf 84' lang='grc' dir='ltr'>ματίαν</span> <span class='ocrx_word' id='word_1_333' title='bbox 339 2659 529 2731; x_wconf 78' lang='grc' dir='ltr'>αὐτῆς,</span> <span class='ocrx_word' id='word_1_334' title='bbox 555 2660 633 2713; x_wconf 79' lang='grc' dir='ltr'>ὅτι</span> <span class='ocrx_word' id='word_1_335' title='bbox 673 2661 843 2725; x_wconf 82' lang='grc' dir='ltr'>οὕτως</span> <span class='ocrx_word' id='word_1_336' title='bbox 880 2662 1119 2734; x_wconf 80' lang='grc' dir='ltr'>ήδρασας</span> <span class='ocrx_word' id='word_1_337' title='bbox 1165 2663 1352 2734; x_wconf 81' lang='grc' dir='ltr'>αὐτὴν,</span> <span class='ocrx_word' id='word_1_338' title='bbox 1383 2683 1401 2715; x_wconf 75' lang='grc' dir='ltr'><strong>ι</strong></span> <span class='ocrx_word' id='word_1_339' title='bbox 1437 2665 1673 2735; x_wconf 85' lang='grc' dir='ltr'>δηλονότι</span> 
     </span>
    </p>
   </div>
   <div class='ocr_carea' id='block_1_45' title="bbox 122 2748 1672 2827">
    <p class='ocr_par' dir='ltr' id='par_1_45' title="bbox 122 2748 1672 2827">
     <span class='ocr_line' id='line_1_45' title="bbox 122 2748 1672 2827; baseline 0.004 -25"><span class='ocrx_word' id='word_1_340' title='bbox 122 2748 213 2821; x_wconf 77' lang='grc' dir='ltr'>τὴν</span> <span class='ocrx_word' id='word_1_341' title='bbox 252 2750 395 2821; x_wconf 80' lang='grc' dir='ltr'>γῆν,</span> <span class='ocrx_word' id='word_1_342' title='bbox 444 2770 462 2801; x_wconf 83' lang='grc' dir='ltr'><strong>ι</strong></span> <span class='ocrx_word' id='word_1_343' title='bbox 515 2752 607 2803; x_wconf 73' lang='grc' dir='ltr'><strong>καὶ</strong></span> <span class='ocrx_word' id='word_1_344' title='bbox 637 2751 904 2827; x_wconf 81' lang='grc' dir='ltr'>ὲμέθυσας</span> <span class='ocrx_word' id='word_1_345' title='bbox 952 2752 1157 2823; x_wconf 76' lang='grc' dir='ltr'>αὐτὴν,</span> <span class='ocrx_word' id='word_1_346' title='bbox 1212 2753 1512 2825; x_wconf 83' lang='grc' dir='ltr'>ὲπλήθυνας</span> <span class='ocrx_word' id='word_1_347' title='bbox 1579 2754 1672 2808; x_wconf 85' lang='grc' dir='ltr'><strong>τοῦ</strong></span> 
     </span>
    </p>
   </div>
   <div class='ocr_carea' id='block_1_46' title="bbox 125 2839 1672 2916">
    <p class='ocr_par' dir='ltr' id='par_1_46' title="bbox 125 2839 1672 2916">
     <span class='ocr_line' id='line_1_46' title="bbox 125 2839 1672 2916; baseline 0.005 -23"><span class='ocrx_word' id='word_1_348' title='bbox 125 2842 398 2896; x_wconf 78' lang='grc' dir='ltr'>πλουτίσαι</span> <span class='ocrx_word' id='word_1_349' title='bbox 430 2844 618 2914; x_wconf 86' lang='grc' dir='ltr'>αὑτήν.</span> <span class='ocrx_word' id='word_1_350' title='bbox 660 2862 678 2894; x_wconf 78' lang='grc' dir='ltr'><strong>ι</strong></span> <span class='ocrx_word' id='word_1_351' title='bbox 717 2843 804 2914; x_wconf 82' lang='grc' dir='ltr'>Τῷ</span> <span class='ocrx_word' id='word_1_352' title='bbox 841 2839 932 2897; x_wconf 81' lang='grc' dir='ltr'><strong>οὖν</strong></span> <span class='ocrx_word' id='word_1_353' title='bbox 956 2845 1182 2916; x_wconf 86' lang='grc' dir='ltr'>ποταμῷ</span> <span class='ocrx_word' id='word_1_354' title='bbox 1207 2845 1283 2916; x_wconf 83' lang='grc' dir='ltr'>τῷ</span> <span class='ocrx_word' id='word_1_355' title='bbox 1313 2845 1392 2916; x_wconf 81' lang='grc' dir='ltr'>σῷ</span> <span class='ocrx_word' id='word_1_356' title='bbox 1422 2847 1672 2915; x_wconf 86' lang='grc' dir='ltr'>τελεσφο-</span> 
     </span>
    </p>
   </div>
   <div class='ocr_carea' id='block_1_47' title="bbox 126 2932 1675 3007">
    <p class='ocr_par' dir='ltr' id='par_1_47' title="bbox 126 2932 1675 3007">
     <span class='ocr_line' id='line_1_47' title="bbox 126 2932 1675 3007; baseline 0.005 -23"><span class='ocrx_word' id='word_1_357' title='bbox 126 2932 303 3002; x_wconf 82' lang='grc' dir='ltr'>ρήσεις</span> <span class='ocrx_word' id='word_1_358' title='bbox 324 2932 424 3005; x_wconf 77' lang='grc' dir='ltr'>τὴν</span> <span class='ocrx_word' id='word_1_359' title='bbox 448 2933 785 3005; x_wconf 80' lang='grc' dir='ltr'>σπερματίαν</span> <span class='ocrx_word' id='word_1_360' title='bbox 809 2934 995 3004; x_wconf 79' lang='grc' dir='ltr'>αὐτῆς,</span> <span class='ocrx_word' id='word_1_361' title='bbox 1024 2936 1263 2989; x_wconf 85' lang='grc' dir='ltr'>τουτέστι</span> <span class='ocrx_word' id='word_1_362' title='bbox 1289 2937 1356 2991; x_wconf 83' lang='grc' dir='ltr'>τὰ</span> <span class='ocrx_word' id='word_1_363' title='bbox 1393 2938 1675 3007; x_wconf 86' lang='grc' dir='ltr'>σπέρματα</span> 
     </span>
    </p>
   </div>
   <div class='ocr_carea' id='block_1_48' title="bbox 123 3024 1675 3096">
    <p class='ocr_par' dir='ltr' id='par_1_48' title="bbox 123 3024 1675 3096">
     <span class='ocr_line' id='line_1_48' title="bbox 123 3024 1675 3096; baseline 0.005 -21"><span class='ocrx_word' id='word_1_364' title='bbox 123 3024 174 3076; x_wconf 80' lang='grc' dir='ltr'>ὲν</span> <span class='ocrx_word' id='word_1_365' title='bbox 206 3025 341 3096; x_wconf 80' lang='grc' dir='ltr'>αὐτῇ</span> <span class='ocrx_word' id='word_1_366' title='bbox 373 3024 775 3096; x_wconf 83' lang='grc' dir='ltr'>καταϐληθέντα</span> <span class='ocrx_word' id='word_1_367' title='bbox 821 3026 884 3079; x_wconf 85' lang='grc' dir='ltr'><strong>σὺ</strong></span> <span class='ocrx_word' id='word_1_368' title='bbox 924 3027 1084 3091; x_wconf 79' lang='grc' dir='ltr'>αὐτὸς</span> <span class='ocrx_word' id='word_1_369' title='bbox 1111 3028 1197 3083; x_wconf 82' lang='grc' dir='ltr'><strong>διὰ</strong></span> <span class='ocrx_word' id='word_1_370' title='bbox 1228 3027 1321 3082; x_wconf 91' lang='grc' dir='ltr'><strong>τοῦ</strong></span> <span class='ocrx_word' id='word_1_371' title='bbox 1357 3030 1549 3083; x_wconf 88' lang='grc' dir='ltr'>σαυτοῦ</span> <span class='ocrx_word' id='word_1_372' title='bbox 1583 3048 1675 3083; x_wconf 88' lang='grc' dir='ltr'>πο-</span> 
     </span>
    </p>
   </div>
   <div class='ocr_carea' id='block_1_49' title="bbox 121 3114 1677 3191">
    <p class='ocr_par' dir='ltr' id='par_1_49' title="bbox 121 3114 1677 3191">
     <span class='ocr_line' id='line_1_49' title="bbox 121 3114 1677 3191; baseline 0.006 -25"><span class='ocrx_word' id='word_1_373' title='bbox 121 3114 287 3185; x_wconf 82' lang='grc' dir='ltr'>ταμοῦ</span> <span class='ocrx_word' id='word_1_374' title='bbox 313 3115 770 3189; x_wconf 75' lang='grc' dir='ltr'>τελεσφόρηθῆναι</span> <span class='ocrx_word' id='word_1_375' title='bbox 802 3120 1061 3191; x_wconf 82' lang='grc' dir='ltr'>ποιήσεις,</span> <span class='ocrx_word' id='word_1_376' title='bbox 1092 3120 1165 3185; x_wconf 88' lang='grc' dir='ltr'>ὡς</span> <span class='ocrx_word' id='word_1_377' title='bbox 1194 3121 1428 3184; x_wconf 82' lang='grc' dir='ltr'>τελείους</span> <span class='ocrx_word' id='word_1_378' title='bbox 1452 3122 1677 3175; x_wconf 84' lang='grc' dir='ltr'>ἀποδοῦ-</span> 
     </span>
    </p>
   </div>
   <div class='ocr_carea' id='block_1_50' title="bbox 1774 1930 3324 2001">
    <p class='ocr_par' dir='ltr' id='par_1_50' title="bbox 1774 1930 3324 2001">
     <span class='ocr_line' id='line_1_50' title="bbox 1774 1930 3324 2001; baseline 0.004 -19"><span class='ocrx_word' id='word_1_379' title='bbox 1774 1930 1862 1982; x_wconf 89' lang='lat' dir='ltr'><strong>bet</strong></span> <span class='ocrx_word' id='word_1_380' title='bbox 1892 1944 2069 1994; x_wconf 85' lang='lat' dir='ltr'><strong>escas,</strong></span> <span class='ocrx_word' id='word_1_381' title='bbox 2100 1939 2263 2000; x_wconf 87' lang='lat' dir='ltr'><strong>atque</strong></span> <span class='ocrx_word' id='word_1_382' title='bbox 2292 1932 2592 2001; x_wconf 90' lang='lat' dir='ltr'><strong>condignos</strong></span> <span class='ocrx_word' id='word_1_383' title='bbox 2625 1934 2756 1987; x_wconf 89' lang='lat' dir='ltr'><strong>tanti</strong></span> <span class='ocrx_word' id='word_1_384' title='bbox 2801 1932 3039 1988; x_wconf 89' lang='lat' dir='ltr'><strong>ﬂuminis</strong></span> <span class='ocrx_word' id='word_1_385' title='bbox 3089 1933 3324 1990; x_wconf 78' lang='lat' dir='ltr'><strong>fructus.</strong></span> 
     </span>
    </p>
   </div>
   <div class='ocr_carea' id='block_1_51' title="bbox 1772 2020 3325 2096">
    <p class='ocr_par' dir='ltr' id='par_1_51' title="bbox 1772 2020 3325 2096">
     <span class='ocr_line' id='line_1_51' title="bbox 1772 2020 3325 2096; baseline 0.005 -24"><span class='ocrx_word' id='word_1_386' title='bbox 1772 2020 1952 2085; x_wconf 81' lang='lat' dir='ltr'><strong>Quare</strong></span> <span class='ocrx_word' id='word_1_387' title='bbox 1986 2023 2187 2077; x_wconf 89' lang='lat' dir='ltr'><strong>dictum</strong></span> <span class='ocrx_word' id='word_1_388' title='bbox 2237 2030 2321 2077; x_wconf 88' lang='lat' dir='ltr'><strong>est</strong></span> <span class='ocrx_word' id='word_1_389' title='bbox 2355 2038 2368 2073; x_wconf 92' lang='lat'><strong>:</strong></span> <span class='ocrx_word' id='word_1_390' title='bbox 2407 2041 2424 2072; x_wconf 83' lang='grc' dir='ltr'><strong>ι</strong></span> <span class='ocrx_word' id='word_1_391' title='bbox 2462 2022 2671 2077; x_wconf 85' lang='lat' dir='ltr'><strong>Parasti</strong></span> <span class='ocrx_word' id='word_1_392' title='bbox 2700 2024 2879 2078; x_wconf 89' lang='lat' dir='ltr'><strong>cibum</strong></span> <span class='ocrx_word' id='word_1_393' title='bbox 2922 2026 3158 2089; x_wconf 89' lang='lat' dir='ltr'><strong>illorum,</strong></span> <span class='ocrx_word' id='word_1_394' title='bbox 3188 2043 3325 2096; x_wconf 92' lang='lat' dir='ltr'><strong>quo-</strong></span> 
     </span>
    </p>
   </div>
   <div class='ocr_carea' id='block_1_52' title="bbox 1772 2108 3323 2186">
    <p class='ocr_par' dir='ltr' id='par_1_52' title="bbox 1772 2108 3323 2186">
     <span class='ocr_line' id='line_1_52' title="bbox 1772 2108 3323 2186; baseline 0.006 -25"><span class='ocrx_word' id='word_1_395' title='bbox 1772 2108 1914 2163; x_wconf 86' lang='lat' dir='ltr'><strong>niam</strong></span> <span class='ocrx_word' id='word_1_396' title='bbox 1939 2112 2010 2164; x_wconf 91' lang='lat' dir='ltr'><strong>ita</strong></span> <span class='ocrx_word' id='word_1_397' title='bbox 2041 2121 2121 2165; x_wconf 88' lang='lat' dir='ltr'><strong>est</strong></span> <span class='ocrx_word' id='word_1_398' title='bbox 2149 2113 2483 2181; x_wconf 68' lang='lat' dir='ltr'><strong>praeparatio.</strong></span> <span class='ocrx_word' id='word_1_399' title='bbox 2525 2132 2542 2163; x_wconf 74' lang='grc' dir='ltr'><strong>ι</strong></span> <span class='ocrx_word' id='word_1_400' title='bbox 2579 2112 2884 2168; x_wconf 89' lang='lat' dir='ltr'><strong>Secundum</strong></span> <span class='ocrx_word' id='word_1_401' title='bbox 2942 2114 3323 2186; x_wconf 80' lang='lat' dir='ltr'><strong>Symmachum</strong></span> 
     </span>
    </p>
   </div>
   <div class='ocr_carea' id='block_1_53' title="bbox 1770 2199 3323 2273">
    <p class='ocr_par' dir='ltr' id='par_1_53' title="bbox 1770 2199 3323 2273">
     <span class='ocr_line' id='line_1_53' title="bbox 1770 2199 3323 2273; baseline 0.006 -24"><span class='ocrx_word' id='word_1_402' title='bbox 1770 2214 1899 2253; x_wconf 78' lang='lat' dir='ltr'><strong>vero</strong></span> <span class='ocrx_word' id='word_1_403' title='bbox 1931 2218 1944 2253; x_wconf 88' lang='lat'><strong>:</strong></span> <span class='ocrx_word' id='word_1_404' title='bbox 1986 2218 2003 2249; x_wconf 78' lang='grc' dir='ltr'><strong>ι</strong></span> <span class='ocrx_word' id='word_1_405' title='bbox 2038 2199 2384 2255; x_wconf 82' lang='lat' dir='ltr'><strong>Fructiﬂcare</strong></span> <span class='ocrx_word' id='word_1_406' title='bbox 2408 2200 2572 2256; x_wconf 83' lang='lat' dir='ltr'><strong>facies</strong></span> <span class='ocrx_word' id='word_1_407' title='bbox 2593 2216 2775 2256; x_wconf 86' lang='lat' dir='ltr'><strong>semen</strong></span> <span class='ocrx_word' id='word_1_408' title='bbox 2797 2203 2934 2272; x_wconf 90' lang='lat' dir='ltr'><strong>ejus,</strong></span> <span class='ocrx_word' id='word_1_409' title='bbox 2966 2206 3221 2273; x_wconf 91' lang='lat' dir='ltr'><strong>quoniam</strong></span> <span class='ocrx_word' id='word_1_410' title='bbox 3246 2204 3323 2258; x_wconf 87' lang='lat' dir='ltr'><strong>ita</strong></span> 
     </span>
    </p>
   </div>
   <div class='ocr_carea' id='block_1_54' title="bbox 1774 2284 3317 2357">
    <p class='ocr_par' dir='ltr' id='par_1_54' title="bbox 1774 2284 3317 2357">
     <span class='ocr_line' id='line_1_54' title="bbox 1774 2284 3317 2357; baseline 0.003 -16"><span class='ocrx_word' id='word_1_411' title='bbox 1774 2286 2007 2343; x_wconf 82' lang='lat' dir='ltr'><strong>fundasti</strong></span> <span class='ocrx_word' id='word_1_412' title='bbox 2032 2306 2171 2357; x_wconf 89' lang='lat' dir='ltr'><strong>eam,</strong></span> <span class='ocrx_word' id='word_1_413' title='bbox 2204 2310 2221 2342; x_wconf 74' lang='grc' dir='ltr'><strong>ι</strong></span> <span class='ocrx_word' id='word_1_414' title='bbox 2248 2290 2499 2346; x_wconf 88' lang='lat' dir='ltr'><strong>videlicet</strong></span> <span class='ocrx_word' id='word_1_415' title='bbox 2522 2299 2742 2357; x_wconf 87' lang='lat' dir='ltr'><strong>terram,</strong></span> <span class='ocrx_word' id='word_1_416' title='bbox 2768 2310 2786 2343; x_wconf 81' lang='grc' dir='ltr'><strong>ι</strong></span> <span class='ocrx_word' id='word_1_417' title='bbox 2812 2284 3154 2347; x_wconf 72' lang='lat' dir='ltr'><strong>etinebriasti</strong></span> <span class='ocrx_word' id='word_1_418' title='bbox 3176 2308 3317 2356; x_wconf 90' lang='lat' dir='ltr'><strong>eam,</strong></span> 
     </span>
    </p>
   </div>
   <div class='ocr_carea' id='block_1_55' title="bbox 1779 2375 3323 2453">
    <p class='ocr_par' dir='ltr' id='par_1_55' title="bbox 1779 2375 3323 2453">
     <span class='ocr_line' id='line_1_55' title="bbox 1779 2375 3323 2453; baseline 0.003 -19"><span class='ocrx_word' id='word_1_419' title='bbox 1779 2380 2145 2450; x_wconf 87' lang='lat' dir='ltr'><strong>multiplicasti</strong></span> <span class='ocrx_word' id='word_1_420' title='bbox 2203 2375 2536 2451; x_wconf 77' lang='lat' dir='ltr'><strong>locupletare</strong></span> <span class='ocrx_word' id='word_1_421' title='bbox 2592 2394 2735 2436; x_wconf 87' lang='lat' dir='ltr'><strong>eam.</strong></span> <span class='ocrx_word' id='word_1_422' title='bbox 2777 2402 2796 2434; x_wconf 78' lang='grc' dir='ltr'><strong>ι</strong></span> <span class='ocrx_word' id='word_1_423' title='bbox 2848 2382 3097 2439; x_wconf 83' lang='lat' dir='ltr'><strong>Flumine</strong></span> <span class='ocrx_word' id='word_1_424' title='bbox 3140 2385 3323 2453; x_wconf 82' lang='lat' dir='ltr'><strong>itaque</strong></span> 
     </span>
    </p>
   </div>
   <div class='ocr_carea' id='block_1_56' title="bbox 1772 2472 3323 2544">
    <p class='ocr_par' dir='ltr' id='par_1_56' title="bbox 1772 2472 3323 2544">
     <span class='ocr_line' id='line_1_56' title="bbox 1772 2472 3323 2544; baseline 0.005 -19"><span class='ocrx_word' id='word_1_425' title='bbox 1772 2478 1866 2525; x_wconf 91' lang='lat' dir='ltr'><strong>tuo</strong></span> <span class='ocrx_word' id='word_1_426' title='bbox 1894 2472 2123 2526; x_wconf 90' lang='lat' dir='ltr'><strong>fructum</strong></span> <span class='ocrx_word' id='word_1_427' title='bbox 2155 2488 2342 2543; x_wconf 89' lang='lat' dir='ltr'><strong>parere</strong></span> <span class='ocrx_word' id='word_1_428' title='bbox 2380 2474 2548 2529; x_wconf 83' lang='lat' dir='ltr'><strong>facies</strong></span> <span class='ocrx_word' id='word_1_429' title='bbox 2602 2475 2794 2529; x_wconf 87' lang='lat' dir='ltr'><strong>semini</strong></span> <span class='ocrx_word' id='word_1_430' title='bbox 2828 2475 2967 2544; x_wconf 89' lang='lat' dir='ltr'><strong>ejus,</strong></span> <span class='ocrx_word' id='word_1_431' title='bbox 2993 2475 3045 2529; x_wconf 92' lang='lat' dir='ltr'><strong>id</strong></span> <span class='ocrx_word' id='word_1_432' title='bbox 3078 2482 3181 2540; x_wconf 90' lang='lat' dir='ltr'><strong>est,</strong></span> <span class='ocrx_word' id='word_1_433' title='bbox 3234 2492 3323 2532; x_wconf 82' lang='lat' dir='ltr'><strong>se-</strong></span> 
     </span>
    </p>
   </div>
   <div class='ocr_carea' id='block_1_57' title="bbox 1772 2564 3326 2635">
    <p class='ocr_par' dir='ltr' id='par_1_57' title="bbox 1772 2564 3326 2635">
     <span class='ocr_line' id='line_1_57' title="bbox 1772 2564 3326 2635; baseline 0.003 -19"><span class='ocrx_word' id='word_1_434' title='bbox 1772 2564 1918 2616; x_wconf 86' lang='lat' dir='ltr'><strong>mina</strong></span> <span class='ocrx_word' id='word_1_435' title='bbox 1959 2564 2098 2619; x_wconf 90' lang='lat' dir='ltr'><strong>istuc</strong></span> <span class='ocrx_word' id='word_1_436' title='bbox 2141 2565 2406 2633; x_wconf 85' lang='lat' dir='ltr'><strong>conjecta,</strong></span> <span class='ocrx_word' id='word_1_437' title='bbox 2442 2572 2501 2617; x_wconf 86' lang='lat' dir='ltr'><strong>tu</strong></span> <span class='ocrx_word' id='word_1_438' title='bbox 2559 2564 2696 2633; x_wconf 89' lang='lat' dir='ltr'><strong>ipse,</strong></span> <span class='ocrx_word' id='word_1_439' title='bbox 2730 2573 2933 2635; x_wconf 90' lang='lat' dir='ltr'><strong>tuoque</strong></span> <span class='ocrx_word' id='word_1_440' title='bbox 2968 2564 3187 2621; x_wconf 91' lang='lat' dir='ltr'><strong>ﬂumine</strong></span> <span class='ocrx_word' id='word_1_441' title='bbox 3209 2565 3326 2620; x_wconf 66' lang='lat' dir='ltr'><strong>fru-</strong></span> 
     </span>
    </p>
   </div>
   <div class='ocr_carea' id='block_1_58' title="bbox 1772 2652 3316 2724">
    <p class='ocr_par' dir='ltr' id='par_1_58' title="bbox 1772 2652 3316 2724">
     <span class='ocr_line' id='line_1_58' title="bbox 1772 2652 3316 2724; baseline 0.003 -18"><span class='ocrx_word' id='word_1_442' title='bbox 1772 2661 1915 2707; x_wconf 92' lang='lat' dir='ltr'><strong>ctum</strong></span> <span class='ocrx_word' id='word_1_443' title='bbox 1939 2668 2125 2722; x_wconf 86' lang='lat' dir='ltr'><strong>parere</strong></span> <span class='ocrx_word' id='word_1_444' title='bbox 2156 2652 2339 2719; x_wconf 80' lang='lat' dir='ltr'><strong>facies,</strong></span> <span class='ocrx_word' id='word_1_445' title='bbox 2379 2655 2451 2707; x_wconf 90' lang='lat' dir='ltr'><strong>ita</strong></span> <span class='ocrx_word' id='word_1_446' title='bbox 2476 2661 2533 2706; x_wconf 91' lang='lat' dir='ltr'><strong>ut</strong></span> <span class='ocrx_word' id='word_1_447' title='bbox 2553 2652 2822 2723; x_wconf 85' lang='lat' dir='ltr'><strong>perfectas</strong></span> <span class='ocrx_word' id='word_1_448' title='bbox 2853 2656 3031 2724; x_wconf 84' lang='lat' dir='ltr'><strong>spicas</strong></span> <span class='ocrx_word' id='word_1_449' title='bbox 3056 2657 3316 2724; x_wconf 69' lang='lat' dir='ltr'><strong>praebeat.</strong></span> 
     </span>
    </p>
   </div>
   <div class='ocr_carea' id='block_1_59' title="bbox 1776 2742 3318 2813">
    <p class='ocr_par' dir='ltr' id='par_1_59' title="bbox 1776 2742 3318 2813">
     <span class='ocr_line' id='line_1_59' title="bbox 1776 2742 3318 2813; baseline 0.002 -16"><span class='ocrx_word' id='word_1_450' title='bbox 1776 2742 1864 2798; x_wconf 86' lang='lat' dir='ltr'><strong>Sic</strong></span> <span class='ocrx_word' id='word_1_451' title='bbox 1896 2744 2193 2799; x_wconf 79' lang='lat' dir='ltr'><strong>secundum</strong></span> <span class='ocrx_word' id='word_1_452' title='bbox 2249 2744 2599 2813; x_wconf 82' lang='lat' dir='ltr'><strong>Evangelium</strong></span> <span class='ocrx_word' id='word_1_453' title='bbox 2645 2744 2748 2797; x_wconf 88' lang='lat' dir='ltr'><strong>alia</strong></span> <span class='ocrx_word' id='word_1_454' title='bbox 2788 2752 2933 2797; x_wconf 84' lang='lat' dir='ltr'><strong>terra</strong></span> <span class='ocrx_word' id='word_1_455' title='bbox 2964 2747 3318 2809; x_wconf 86' lang='lat' dir='ltr'><strong>tricesimum,</strong></span> 
     </span>
    </p>
   </div>
   <div class='ocr_carea' id='block_1_60' title="bbox 1773 2830 3322 2907">
    <p class='ocr_par' dir='ltr' id='par_1_60' title="bbox 1773 2830 3322 2907">
     <span class='ocr_line' id='line_1_60' title="bbox 1773 2830 3322 2907; baseline 0.001 -19"><span class='ocrx_word' id='word_1_456' title='bbox 1773 2835 1877 2888; x_wconf 81' lang='lat' dir='ltr'><strong>alia</strong></span> <span class='ocrx_word' id='word_1_457' title='bbox 1907 2830 2325 2903; x_wconf 78' lang='lat' dir='ltr'><strong>sexagesimum,</strong></span> <span class='ocrx_word' id='word_1_458' title='bbox 2354 2834 2711 2907; x_wconf 62' lang='lat' dir='ltr'><strong>centesimum</strong></span> <span class='ocrx_word' id='word_1_459' title='bbox 2761 2833 2862 2886; x_wconf 88' lang='lat' dir='ltr'><strong>alia</strong></span> <span class='ocrx_word' id='word_1_460' title='bbox 2888 2834 3164 2902; x_wconf 88' lang='lat' dir='ltr'><strong>proferet:</strong></span> <span class='ocrx_word' id='word_1_461' title='bbox 3196 2852 3322 2889; x_wconf 87' lang='lat' dir='ltr'><strong>nam</strong></span> 
     </span>
    </p>
   </div>
   <div class='ocr_carea' id='block_1_61' title="bbox 1775 2923 3320 2996">
    <p class='ocr_par' dir='ltr' id='par_1_61' title="bbox 1775 2923 3320 2996">
     <span class='ocr_line' id='line_1_61' title="bbox 1775 2923 3320 2996; baseline -0.001 -15"><span class='ocrx_word' id='word_1_462' title='bbox 1775 2927 1830 2981; x_wconf 89' lang='lat' dir='ltr'><strong>in</strong></span> <span class='ocrx_word' id='word_1_463' title='bbox 1857 2925 2152 2981; x_wconf 81' lang='lat' dir='ltr'><strong>Salvatoris</strong></span> <span class='ocrx_word' id='word_1_464' title='bbox 2175 2926 2432 2996; x_wconf 84' lang='lat' dir='ltr'><strong>parabola</strong></span> <span class='ocrx_word' id='word_1_465' title='bbox 2470 2926 2651 2978; x_wconf 88' lang='lat' dir='ltr'><strong>anima</strong></span> <span class='ocrx_word' id='word_1_466' title='bbox 2695 2923 2930 2979; x_wconf 90' lang='lat' dir='ltr'><strong>hominis</strong></span> <span class='ocrx_word' id='word_1_467' title='bbox 2982 2933 3124 2979; x_wconf 89' lang='lat' dir='ltr'><strong>terra</strong></span> <span class='ocrx_word' id='word_1_468' title='bbox 3156 2940 3320 2980; x_wconf 84' lang='lat' dir='ltr'><strong>voca-</strong></span> 
     </span>
    </p>
   </div>
   <div class='ocr_carea' id='block_1_62' title="bbox 1777 3015 3320 3086">
    <p class='ocr_par' dir='ltr' id='par_1_62' title="bbox 1777 3015 3320 3086">
     <span class='ocr_line' id='line_1_62' title="bbox 1777 3015 3320 3086; baseline -0.001 -15"><span class='ocrx_word' id='word_1_469' title='bbox 1777 3027 1881 3072; x_wconf 87' lang='lat' dir='ltr'><strong>tur.</strong></span> <span class='ocrx_word' id='word_1_470' title='bbox 1929 3035 1947 3068; x_wconf 81' lang='grc' dir='ltr'><strong>ι</strong></span> <span class='ocrx_word' id='word_1_471' title='bbox 1986 3015 2153 3072; x_wconf 83' lang='lat' dir='ltr'><strong>Rivos</strong></span> <span class='ocrx_word' id='word_1_472' title='bbox 2228 3016 2344 3085; x_wconf 90' lang='lat' dir='ltr'><strong>ejus</strong></span> <span class='ocrx_word' id='word_1_473' title='bbox 2405 3015 2645 3078; x_wconf 81' lang='lat' dir='ltr'><strong>inebria,</strong></span> <span class='ocrx_word' id='word_1_474' title='bbox 2705 3015 3003 3084; x_wconf 87' lang='lat' dir='ltr'><strong>multiplica</strong></span> <span class='ocrx_word' id='word_1_475' title='bbox 3050 3018 3320 3086; x_wconf 90' lang='lat' dir='ltr'><strong>genimina</strong></span> 
     </span>
    </p>
   </div>
   <div class='ocr_carea' id='block_1_63' title="bbox 1776 3104 3317 3179">
    <p class='ocr_par' dir='ltr' id='par_1_63' title="bbox 1776 3104 3317 3179">
     <span class='ocr_line' id='line_1_63' title="bbox 1776 3104 3317 3179; baseline -0.003 -17"><span class='ocrx_word' id='word_1_476' title='bbox 1776 3109 1894 3175; x_wconf 81' lang='lat' dir='ltr'><strong>ejus</strong></span> <span class='ocrx_word' id='word_1_477' title='bbox 1945 3129 1956 3162; x_wconf 87' lang='lat'><strong>:</strong></span> <span class='ocrx_word' id='word_1_478' title='bbox 2002 3110 2055 3161; x_wconf 91' lang='lat' dir='ltr'><strong>in</strong></span> <span class='ocrx_word' id='word_1_479' title='bbox 2110 3106 2401 3161; x_wconf 81' lang='lat' dir='ltr'><strong>stillicidiis</strong></span> <span class='ocrx_word' id='word_1_480' title='bbox 2450 3105 2569 3173; x_wconf 91' lang='lat' dir='ltr'><strong>ejus</strong></span> <span class='ocrx_word' id='word_1_481' title='bbox 2625 3104 2893 3158; x_wconf 73' lang='lat' dir='ltr'><strong>laetabitur</strong></span> <span class='ocrx_word' id='word_1_482' title='bbox 2947 3105 3317 3179; x_wconf 50' lang='lat' dir='ltr'><strong>germinans»</strong></span> 
     </span>
    </p>
   </div>
   <div class='ocr_carea' id='block_1_64' title="bbox 124 3172 1672 3284">
    <p class='ocr_par' dir='ltr' id='par_1_64' title="bbox 124 3172 1670 3284">
     <span class='ocr_line' id='line_1_64' title="bbox 124 3172 1670 3284; baseline 0.005 -28"><span class='ocrx_word' id='word_1_483' title='bbox 124 3172 203 3258; x_wconf 70' lang='grc' dir='ltr'>ναὶ</span> <span class='ocrx_word' id='word_1_484' title='bbox 248 3209 377 3271; x_wconf 87' lang='grc' dir='ltr'>τοὺς</span> <span class='ocrx_word' id='word_1_485' title='bbox 410 3172 627 3278; x_wconf 50' lang='lat' dir='ltr'><strong>&quot;axz...</strong></span> <span class='ocrx_word' id='word_1_486' title='bbox 666 3172 821 3263; x_wconf 71' lang='grc' dir='ltr'>ὸιτω</span> <span class='ocrx_word' id='word_1_487' title='bbox 845 3172 975 3277; x_wconf 71' lang='grc' dir='ltr'>γοῦν</span> <span class='ocrx_word' id='word_1_488' title='bbox 1010 3172 1241 3264; x_wconf 47' lang='lat' dir='ltr'><strong>alius};</strong></span> <span class='ocrx_word' id='word_1_489' title='bbox 1266 3172 1670 3284; x_wconf 32' lang='lat' dir='ltr'><strong>magis“,</strong></span> 
     </span>
    </p>
   </div>
   <div class='ocr_carea' id='block_1_65' title="bbox 1772 3172 3324 3284">
    <p class='ocr_par' dir='ltr' id='par_1_65' title="bbox 1776 3172 3324 3269">
     <span class='ocr_line' id='line_1_65' title="bbox 1776 3172 3324 3269; baseline -0.002 -17"><span class='ocrx_word' id='word_1_490' title='bbox 1776 3172 2066 3269; x_wconf 75' lang='lat' dir='ltr'><strong>Postquam</strong></span> <span class='ocrx_word' id='word_1_491' title='bbox 2087 3197 2441 3269; x_wconf 86' lang='lat' dir='ltr'><strong>propheticus</strong></span> <span class='ocrx_word' id='word_1_492' title='bbox 2470 3172 2648 3249; x_wconf 89' lang='lat' dir='ltr'><strong>sermo</strong></span> <span class='ocrx_word' id='word_1_493' title='bbox 2695 3196 2847 3264; x_wconf 89' lang='lat' dir='ltr'><strong>signa</strong></span> <span class='ocrx_word' id='word_1_494' title='bbox 2883 3172 3109 3250; x_wconf 76' lang='lat' dir='ltr'><strong>virtutis</strong></span> <span class='ocrx_word' id='word_1_495' title='bbox 3129 3176 3324 3250; x_wconf 80' lang='lat' dir='ltr'><strong>serva-</strong></span> 
     </span>
    </p>
   </div>
   <div class='ocr_carea' id='block_1_66' title="bbox 127 3296 1674 3375">
    <p class='ocr_par' dir='ltr' id='par_1_66' title="bbox 127 3296 1674 3375">
     <span class='ocr_line' id='line_1_66' title="bbox 127 3296 1674 3375; baseline 0.005 -27"><span class='ocrx_word' id='word_1_496' title='bbox 127 3296 216 3364; x_wconf 73' lang='grc' dir='ltr'><strong>μὲν</strong></span> <span class='ocrx_word' id='word_1_497' title='bbox 241 3300 457 3369; x_wconf 78' lang='grc' dir='ltr'>ποιήσει</span> <span class='ocrx_word' id='word_1_498' title='bbox 484 3298 601 3369; x_wconf 86' lang='grc' dir='ltr'>λ’,ή</span> <span class='ocrx_word' id='word_1_499' title='bbox 635 3298 689 3351; x_wconf 85' lang='grc' dir='ltr'>δὲ</span> <span class='ocrx_word' id='word_1_500' title='bbox 718 3298 780 3363; x_wconf 81' lang='grc' dir='ltr'><strong>ξ’,</strong></span> <span class='ocrx_word' id='word_1_501' title='bbox 814 3302 846 3370; x_wconf 87' lang='grc' dir='ltr'><strong>ή</strong></span> <span class='ocrx_word' id='word_1_502' title='bbox 875 3300 932 3354; x_wconf 68' lang='grc' dir='ltr'>δὲ</span> <span class='ocrx_word' id='word_1_503' title='bbox 964 3306 1031 3371; x_wconf 87' lang='grc' dir='ltr'><strong>ρ’,</strong></span> <span class='ocrx_word' id='word_1_504' title='bbox 1065 3302 1165 3371; x_wconf 83' lang='grc' dir='ltr'>τῆς</span> <span class='ocrx_word' id='word_1_505' title='bbox 1198 3300 1540 3375; x_wconf 80' lang='grc' dir='ltr'>ἀνθρωπίνης</span> <span class='ocrx_word' id='word_1_506' title='bbox 1575 3302 1674 3372; x_wconf 77' lang='grc' dir='ltr'><strong>ψυ-</strong></span> 
     </span>
    </p>
   </div>
   <div class='ocr_carea' id='block_1_67' title="bbox 124 3385 1671 3462">
    <p class='ocr_par' dir='ltr' id='par_1_67' title="bbox 124 3385 1671 3462">
     <span class='ocr_line' id='line_1_67' title="bbox 124 3385 1671 3462; baseline 0.001 -20"><span class='ocrx_word' id='word_1_507' title='bbox 124 3385 214 3456; x_wconf 80' lang='grc' dir='ltr'>χῆς</span> <span class='ocrx_word' id='word_1_508' title='bbox 238 3391 345 3458; x_wconf 81' lang='grc' dir='ltr'><strong>γῆς</strong></span> <span class='ocrx_word' id='word_1_509' title='bbox 385 3388 803 3459; x_wconf 78' lang='grc' dir='ltr'>ὀνομαζομένης,</span> <span class='ocrx_word' id='word_1_510' title='bbox 837 3391 929 3442; x_wconf 82' lang='grc' dir='ltr'>καὶ</span> <span class='ocrx_word' id='word_1_511' title='bbox 960 3391 1100 3444; x_wconf 88' lang='grc' dir='ltr'><strong>κατά</strong></span> <span class='ocrx_word' id='word_1_512' title='bbox 1141 3392 1239 3457; x_wconf 73' lang='grc' dir='ltr'>τὴν</span> <span class='ocrx_word' id='word_1_513' title='bbox 1280 3392 1539 3462; x_wconf 68' lang='grc' dir='ltr'>σωτήριον</span> <span class='ocrx_word' id='word_1_514' title='bbox 1572 3407 1671 3444; x_wconf 63' lang='grc' dir='ltr'>παη</span> 
     </span>
    </p>
   </div>
   <div class='ocr_carea' id='block_1_68' title="bbox 127 3476 1671 3553">
    <p class='ocr_par' dir='ltr' id='par_1_68' title="bbox 127 3476 1671 3553">
     <span class='ocr_line' id='line_1_68' title="bbox 127 3476 1671 3553; baseline 0.005 -25"><span class='ocrx_word' id='word_1_515' title='bbox 127 3476 377 3549; x_wconf 73' lang='grc' dir='ltr'>ραεολήνο</span> <span class='ocrx_word' id='word_1_516' title='bbox 418 3497 437 3529; x_wconf 77' lang='grc' dir='ltr'><strong>ι</strong></span> <span class='ocrx_word' id='word_1_517' title='bbox 483 3479 620 3541; x_wconf 90' lang='grc' dir='ltr'>Τοὺς</span> <span class='ocrx_word' id='word_1_518' title='bbox 663 3478 900 3544; x_wconf 79' lang='grc' dir='ltr'>αὔλακας</span> <span class='ocrx_word' id='word_1_519' title='bbox 952 3481 1121 3551; x_wconf 80' lang='grc' dir='ltr'>αὐτῆς</span> <span class='ocrx_word' id='word_1_520' title='bbox 1175 3481 1430 3552; x_wconf 88' lang='grc' dir='ltr'>μέθυσον·</span> <span class='ocrx_word' id='word_1_521' title='bbox 1475 3482 1671 3553; x_wconf 73' lang='grc' dir='ltr'>πλήθυ-</span> 
     </span>
    </p>
   </div>
   <div class='ocr_carea' id='block_1_69' title="bbox 124 3566 1674 3644">
    <p class='ocr_par' dir='ltr' id='par_1_69' title="bbox 124 3566 1674 3644">
     <span class='ocr_line' id='line_1_69' title="bbox 124 3566 1674 3644; baseline 0.005 -26"><span class='ocrx_word' id='word_1_522' title='bbox 124 3582 203 3618; x_wconf 84' lang='grc' dir='ltr'><strong>νον</strong></span> <span class='ocrx_word' id='word_1_523' title='bbox 234 3566 299 3620; x_wconf 87' lang='grc' dir='ltr'><strong>τά</strong></span> <span class='ocrx_word' id='word_1_524' title='bbox 327 3569 635 3640; x_wconf 83' lang='grc' dir='ltr'>γεννήματα</span> <span class='ocrx_word' id='word_1_525' title='bbox 686 3569 885 3641; x_wconf 76' lang='grc' dir='ltr'>αὺτῆςο</span> <span class='ocrx_word' id='word_1_526' title='bbox 941 3573 998 3624; x_wconf 79' lang='grc' dir='ltr'>ὲν</span> <span class='ocrx_word' id='word_1_527' title='bbox 1048 3574 1165 3634; x_wconf 77' lang='grc' dir='ltr'>ταῖς</span> <span class='ocrx_word' id='word_1_528' title='bbox 1212 3571 1463 3640; x_wconf 86' lang='grc' dir='ltr'>σταγόσιν</span> <span class='ocrx_word' id='word_1_529' title='bbox 1506 3572 1674 3644; x_wconf 75' lang='grc' dir='ltr'>αὐτῆς</span> 
     </span>
    </p>
   </div>
   <div class='ocr_carea' id='block_1_70' title="bbox 125 3657 1673 3738">
    <p class='ocr_par' dir='ltr' id='par_1_70' title="bbox 125 3657 1673 3738">
     <span class='ocr_line' id='line_1_70' title="bbox 125 3657 1673 3738; baseline 0.006 -31"><span class='ocrx_word' id='word_1_530' title='bbox 125 3657 541 3731; x_wconf 74' lang='grc' dir='ltr'>εὐφρανθήσεται</span> <span class='ocrx_word' id='word_1_531' title='bbox 564 3661 942 3717; x_wconf 89' lang='grc' dir='ltr'>ἀνατέλλουσα.</span> <span class='ocrx_word' id='word_1_532' title='bbox 984 3681 1001 3713; x_wconf 79' lang='grc' dir='ltr'><strong>ι</strong></span> <span class='ocrx_word' id='word_1_533' title='bbox 1029 3660 1318 3727; x_wconf 82' lang='grc' dir='ltr'>Διεξελθὼν</span> <span class='ocrx_word' id='word_1_534' title='bbox 1341 3665 1369 3716; x_wconf 87' lang='grc' dir='ltr'>ὁ</span> <span class='ocrx_word' id='word_1_535' title='bbox 1407 3681 1673 3738; x_wconf 85' lang='grc' dir='ltr'>προφητι-</span> 
     </span>
    </p>
   </div>
   <div class='ocr_carea' id='block_1_71' title="bbox 124 3748 1674 3827">
    <p class='ocr_par' dir='ltr' id='par_1_71' title="bbox 124 3748 1674 3827">
     <span class='ocr_line' id='line_1_71' title="bbox 124 3748 1674 3827; baseline 0.005 -26"><span class='ocrx_word' id='word_1_536' title='bbox 124 3748 209 3811; x_wconf 79' lang='grc' dir='ltr'><strong>κδς</strong></span> <span class='ocrx_word' id='word_1_537' title='bbox 240 3749 395 3820; x_wconf 83' lang='grc' dir='ltr'>λόγος</span> <span class='ocrx_word' id='word_1_538' title='bbox 433 3752 499 3805; x_wconf 85' lang='grc' dir='ltr'>τὰ</span> <span class='ocrx_word' id='word_1_539' title='bbox 538 3755 732 3824; x_wconf 80' lang='grc' dir='ltr'>σημεῖα</span> <span class='ocrx_word' id='word_1_540' title='bbox 762 3754 859 3823; x_wconf 82' lang='grc' dir='ltr'>τῆς</span> <span class='ocrx_word' id='word_1_541' title='bbox 902 3752 993 3806; x_wconf 90' lang='grc' dir='ltr'><strong>τοῦ</strong></span> <span class='ocrx_word' id='word_1_542' title='bbox 1029 3752 1276 3827; x_wconf 82' lang='grc' dir='ltr'>Σωτῆρος</span> <span class='ocrx_word' id='word_1_543' title='bbox 1324 3756 1541 3827; x_wconf 86' lang='grc' dir='ltr'>ἀρετῆς,</span> <span class='ocrx_word' id='word_1_544' title='bbox 1583 3758 1674 3809; x_wconf 71' lang='grc' dir='ltr'>καὶ</span> 
     </span>
    </p>
   </div>
   <div class='ocr_carea' id='block_1_72' title="bbox 125 3842 1673 3918">
    <p class='ocr_par' dir='ltr' id='par_1_72' title="bbox 125 3842 1673 3918">
     <span class='ocr_line' id='line_1_72' title="bbox 125 3842 1673 3918; baseline 0.003 -23"><span class='ocrx_word' id='word_1_545' title='bbox 125 3842 183 3909; x_wconf 82' lang='grc' dir='ltr'>τῇ</span> <span class='ocrx_word' id='word_1_546' title='bbox 223 3842 313 3896; x_wconf 82' lang='grc' dir='ltr'><strong>τοῦ</strong></span> <span class='ocrx_word' id='word_1_547' title='bbox 358 3844 669 3915; x_wconf 88' lang='grc' dir='ltr'>Πνεύματος</span> <span class='ocrx_word' id='word_1_548' title='bbox 713 3844 1012 3915; x_wconf 84' lang='grc' dir='ltr'>προγνώσει</span> <span class='ocrx_word' id='word_1_549' title='bbox 1054 3846 1123 3901; x_wconf 82' lang='grc' dir='ltr'>τὰ</span> <span class='ocrx_word' id='word_1_550' title='bbox 1167 3847 1415 3916; x_wconf 70' lang='grc' dir='ltr'>ἐσόμενα,</span> <span class='ocrx_word' id='word_1_551' title='bbox 1459 3847 1532 3911; x_wconf 83' lang='grc' dir='ltr'>ὡς</span> <span class='ocrx_word' id='word_1_552' title='bbox 1574 3848 1673 3918; x_wconf 79' lang='grc' dir='ltr'><strong>ήδη</strong></span> 
     </span>
    </p>
   </div>
   <div class='ocr_carea' id='block_1_73' title="bbox 124 3931 1674 4009">
    <p class='ocr_par' dir='ltr' id='par_1_73' title="bbox 124 3931 1674 4009">
     <span class='ocr_line' id='line_1_73' title="bbox 124 3931 1674 4009; baseline 0.005 -25"><span class='ocrx_word' id='word_1_553' title='bbox 124 3931 185 3984; x_wconf 80' lang='grc' dir='ltr'><strong>δι’</strong></span> <span class='ocrx_word' id='word_1_554' title='bbox 216 3934 391 4006; x_wconf 78' lang='grc' dir='ltr'>ἔργων</span> <span class='ocrx_word' id='word_1_555' title='bbox 442 3937 793 4008; x_wconf 80' lang='grc' dir='ltr'>κεχωρηκότα</span> <span class='ocrx_word' id='word_1_556' title='bbox 835 3937 1180 4009; x_wconf 74' lang='grc' dir='ltr'>τεθεαμένοςο</span> <span class='ocrx_word' id='word_1_557' title='bbox 1237 3940 1383 4001; x_wconf 78' lang='grc' dir='ltr'>ὅπως</span> <span class='ocrx_word' id='word_1_558' title='bbox 1434 3939 1532 4008; x_wconf 79' lang='grc' dir='ltr'><strong>μὲν</strong></span> <span class='ocrx_word' id='word_1_559' title='bbox 1569 3938 1674 3991; x_wconf 83' lang='grc' dir='ltr'><strong>τῶν</strong></span> 
     </span>
    </p>
   </div>
   <div class='ocr_carea' id='block_1_74' title="bbox 127 4025 1713 4100">
    <p class='ocr_par' dir='ltr' id='par_1_74' title="bbox 127 4025 1713 4100">
     <span class='ocr_line' id='line_1_74' title="bbox 127 4025 1713 4100; baseline 0.002 -22"><span class='ocrx_word' id='word_1_560' title='bbox 127 4025 498 4098; x_wconf 78' lang='grc' dir='ltr'>ἀντικειμένων</span> <span class='ocrx_word' id='word_1_561' title='bbox 527 4027 832 4100; x_wconf 79' lang='grc' dir='ltr'>ἀνατροπὴν</span> <span class='ocrx_word' id='word_1_562' title='bbox 862 4029 1170 4098; x_wconf 86' lang='grc' dir='ltr'>εἰργάσατο,</span> <span class='ocrx_word' id='word_1_563' title='bbox 1195 4030 1341 4092; x_wconf 81' lang='grc' dir='ltr'>ὅπως</span> <span class='ocrx_word' id='word_1_564' title='bbox 1372 4030 1427 4082; x_wconf 85' lang='grc' dir='ltr'>δὲ</span> <span class='ocrx_word' id='word_1_565' title='bbox 1450 4030 1673 4083; x_wconf 77' lang='grc' dir='ltr'>ἐπεσκέ-</span> <span class='ocrx_word' id='word_1_566' title='bbox 1712 4054 1713 4057; x_wconf 54' lang='grc' dir='ltr'><strong>η</strong></span> 
     </span>
    </p>
   </div>
   <div class='ocr_carea' id='block_1_75' title="bbox 126 4117 1671 4191">
    <p class='ocr_par' dir='ltr' id='par_1_75' title="bbox 126 4117 1671 4191">
     <span class='ocr_line' id='line_1_75' title="bbox 126 4117 1671 4191; baseline 0.001 -20"><span class='ocrx_word' id='word_1_567' title='bbox 126 4118 252 4185; x_wconf 79' lang='grc' dir='ltr'>ψατο</span> <span class='ocrx_word' id='word_1_568' title='bbox 280 4119 381 4187; x_wconf 80' lang='grc' dir='ltr'>τὴν</span> <span class='ocrx_word' id='word_1_569' title='bbox 416 4118 518 4189; x_wconf 86' lang='grc' dir='ltr'><strong>γῆν</strong></span> <span class='ocrx_word' id='word_1_570' title='bbox 543 4118 634 4170; x_wconf 74' lang='grc' dir='ltr'>καὶ</span> <span class='ocrx_word' id='word_1_571' title='bbox 658 4118 916 4188; x_wconf 79' lang='grc' dir='ltr'>ὲμέθυσεν</span> <span class='ocrx_word' id='word_1_572' title='bbox 955 4117 1141 4189; x_wconf 79' lang='grc' dir='ltr'>αὐτὴν,</span> <span class='ocrx_word' id='word_1_573' title='bbox 1180 4120 1274 4172; x_wconf 77' lang='grc' dir='ltr'><strong>καὶ</strong></span> <span class='ocrx_word' id='word_1_574' title='bbox 1303 4119 1377 4184; x_wconf 86' lang='grc' dir='ltr'>ὡς</span> <span class='ocrx_word' id='word_1_575' title='bbox 1406 4119 1671 4191; x_wconf 70' lang='grc' dir='ltr'>ἐπλήθυνε</span> 
     </span>
    </p>
   </div>
   <div class='ocr_carea' id='block_1_76' title="bbox 127 4209 1670 4281">
    <p class='ocr_par' dir='ltr' id='par_1_76' title="bbox 127 4209 1670 4281">
     <span class='ocr_line' id='line_1_76' title="bbox 127 4209 1670 4281; baseline 0.003 -19"><span class='ocrx_word' id='word_1_576' title='bbox 127 4209 210 4263; x_wconf 84' lang='grc' dir='ltr'><strong>τοῦ</strong></span> <span class='ocrx_word' id='word_1_577' title='bbox 246 4209 523 4263; x_wconf 87' lang='grc' dir='ltr'>πλουτίσαι</span> <span class='ocrx_word' id='word_1_578' title='bbox 562 4209 748 4280; x_wconf 79' lang='grc' dir='ltr'>αὐτὴν,</span> <span class='ocrx_word' id='word_1_579' title='bbox 793 4209 1166 4281; x_wconf 81' lang='grc' dir='ltr'>πληρωθέντος</span> <span class='ocrx_word' id='word_1_580' title='bbox 1197 4210 1402 4265; x_wconf 82' lang='grc' dir='ltr'>ὑδάτων</span> <span class='ocrx_word' id='word_1_581' title='bbox 1448 4211 1539 4265; x_wconf 89' lang='grc' dir='ltr'><strong>τοῦ</strong></span> <span class='ocrx_word' id='word_1_582' title='bbox 1573 4230 1670 4266; x_wconf 84' lang='grc' dir='ltr'><strong>πο-</strong></span> 
     </span>
    </p>
   </div>
   <div class='ocr_carea' id='block_1_77' title="bbox 127 4299 1671 4375">
    <p class='ocr_par' dir='ltr' id='par_1_77' title="bbox 127 4299 1671 4375">
     <span class='ocr_line' id='line_1_77' title="bbox 127 4299 1671 4375; baseline 0.003 -22"><span class='ocrx_word' id='word_1_583' title='bbox 127 4301 286 4371; x_wconf 86' lang='grc' dir='ltr'>ταμοῦ</span> <span class='ocrx_word' id='word_1_584' title='bbox 322 4300 418 4355; x_wconf 85' lang='grc' dir='ltr'><strong>τοῦ</strong></span> <span class='ocrx_word' id='word_1_585' title='bbox 444 4299 597 4355; x_wconf 87' lang='grc' dir='ltr'>Θεοῦ.</span> <span class='ocrx_word' id='word_1_586' title='bbox 642 4299 822 4353; x_wconf 89' lang='grc' dir='ltr'>Ταῦτα</span> <span class='ocrx_word' id='word_1_587' title='bbox 864 4300 1141 4367; x_wconf 85' lang='grc' dir='ltr'>θεσπίσας,</span> <span class='ocrx_word' id='word_1_588' title='bbox 1176 4302 1270 4357; x_wconf 70' lang='grc' dir='ltr'><strong>καὶ</strong></span> <span class='ocrx_word' id='word_1_589' title='bbox 1316 4303 1393 4367; x_wconf 86' lang='grc' dir='ltr'><strong>ὡς</strong></span> <span class='ocrx_word' id='word_1_590' title='bbox 1434 4303 1532 4375; x_wconf 82' lang='grc' dir='ltr'><strong>ήδη</strong></span> <span class='ocrx_word' id='word_1_591' title='bbox 1570 4304 1671 4374; x_wconf 75' lang='grc' dir='ltr'>πρὸ</span> 
     </span>
    </p>
   </div>
   <div class='ocr_carea' id='block_1_78' title="bbox 128 4391 1665 4467">
    <p class='ocr_par' dir='ltr' id='par_1_78' title="bbox 128 4391 1665 4467">
     <span class='ocr_line' id='line_1_78' title="bbox 128 4391 1665 4467; baseline 0.002 -20"><span class='ocrx_word' id='word_1_592' title='bbox 128 4391 402 4465; x_wconf 75' lang='grc' dir='ltr'>ὀφθαλμῶν</span> <span class='ocrx_word' id='word_1_593' title='bbox 426 4392 675 4465; x_wconf 84' lang='grc' dir='ltr'>ὁρώμενα</span> <span class='ocrx_word' id='word_1_594' title='bbox 708 4392 1053 4463; x_wconf 86' lang='grc' dir='ltr'>θεασάμενος,</span> <span class='ocrx_word' id='word_1_595' title='bbox 1082 4395 1167 4448; x_wconf 74' lang='grc' dir='ltr'><strong>ἐπ’</strong></span> <span class='ocrx_word' id='word_1_596' title='bbox 1197 4391 1359 4466; x_wconf 77' lang='grc' dir='ltr'>εὐχὴν</span> <span class='ocrx_word' id='word_1_597' title='bbox 1395 4395 1665 4467; x_wconf 82' lang='grc' dir='ltr'>τρέπεται,</span> 
     </span>
    </p>
   </div>
   <div class='ocr_carea' id='block_1_79' title="bbox 70 4482 1669 4556">
    <p class='ocr_par' dir='ltr' id='par_1_79' title="bbox 70 4482 1669 4556">
     <span class='ocr_line' id='line_1_79' title="bbox 70 4482 1669 4556; baseline 0.003 -21"><span class='ocrx_word' id='word_1_598' title='bbox 70 4492 73 4501; x_wconf 75' lang='lat'><strong><em>&#39;</em></strong></span> <span class='ocrx_word' id='word_1_599' title='bbox 130 4486 214 4537; x_wconf 72' lang='grc' dir='ltr'><strong>καὶ</strong></span> <span class='ocrx_word' id='word_1_600' title='bbox 239 4485 327 4539; x_wconf 73' lang='grc' dir='ltr'><strong>τὸν</strong></span> <span class='ocrx_word' id='word_1_601' title='bbox 358 4484 486 4539; x_wconf 83' lang='grc' dir='ltr'>Θεὸν</span> <span class='ocrx_word' id='word_1_602' title='bbox 513 4482 738 4536; x_wconf 78' lang='grc' dir='ltr'>ἱκετεύει</span> <span class='ocrx_word' id='word_1_603' title='bbox 773 4484 942 4552; x_wconf 86' lang='grc' dir='ltr'>λέγων</span> <span class='ocrx_word' id='word_1_604' title='bbox 960 4500 973 4515; x_wconf 74' lang='grc' dir='ltr'>ο</span> <span class='ocrx_word' id='word_1_605' title='bbox 1012 4503 1031 4535; x_wconf 80' lang='grc' dir='ltr'><strong>ι</strong></span> <span class='ocrx_word' id='word_1_606' title='bbox 1068 4485 1206 4548; x_wconf 84' lang='grc' dir='ltr'>Τοὺς</span> <span class='ocrx_word' id='word_1_607' title='bbox 1236 4484 1474 4549; x_wconf 77' lang='grc' dir='ltr'>αὔλακας</span> <span class='ocrx_word' id='word_1_608' title='bbox 1504 4486 1669 4556; x_wconf 77' lang='grc' dir='ltr'>αὐτῆς</span> 
     </span>
    </p>
   </div>
   <div class='ocr_carea' id='block_1_80' title="bbox 135 4573 1669 4649">
    <p class='ocr_par' dir='ltr' id='par_1_80' title="bbox 135 4573 1669 4649">
     <span class='ocr_line' id='line_1_80' title="bbox 135 4573 1669 4649; baseline 0.002 -21"><span class='ocrx_word' id='word_1_609' title='bbox 135 4573 366 4641; x_wconf 59' lang='grc' dir='ltr'>μεθυσον,</span> <span class='ocrx_word' id='word_1_610' title='bbox 398 4578 493 4637; x_wconf 82' lang='grc' dir='ltr'>καὶ</span> <span class='ocrx_word' id='word_1_611' title='bbox 528 4574 791 4647; x_wconf 84' lang='grc' dir='ltr'>πλήθυνον</span> <span class='ocrx_word' id='word_1_612' title='bbox 832 4574 902 4629; x_wconf 86' lang='grc' dir='ltr'><strong>τά</strong></span> <span class='ocrx_word' id='word_1_613' title='bbox 939 4578 1249 4647; x_wconf 82' lang='grc' dir='ltr'>γεννήματα</span> <span class='ocrx_word' id='word_1_614' title='bbox 1287 4577 1470 4649; x_wconf 84' lang='grc' dir='ltr'>αὐτῆς.</span> <span class='ocrx_word' id='word_1_615' title='bbox 1511 4598 1529 4629; x_wconf 72' lang='grc' dir='ltr'><strong>ι</strong></span> <span class='ocrx_word' id='word_1_616' title='bbox 1561 4576 1669 4631; x_wconf 69' lang='lat' dir='ltr'><strong>AU-</strong></span> 
     </span>
    </p>
   </div>
   <div class='ocr_carea' id='block_1_81' title="bbox 131 4661 1668 4737">
    <p class='ocr_par' dir='ltr' id='par_1_81' title="bbox 131 4661 1668 4737">
     <span class='ocr_line' id='line_1_81' title="bbox 131 4661 1668 4737; baseline 0.001 -18"><span class='ocrx_word' id='word_1_617' title='bbox 131 4662 276 4728; x_wconf 62' lang='grc' dir='ltr'>λακίς</span> <span class='ocrx_word' id='word_1_618' title='bbox 300 4666 357 4720; x_wconf 79' lang='grc' dir='ltr'>δὲ</span> <span class='ocrx_word' id='word_1_619' title='bbox 385 4666 558 4737; x_wconf 79' lang='grc' dir='ltr'>ψυχῆς</span> <span class='ocrx_word' id='word_1_620' title='bbox 585 4661 693 4719; x_wconf 77' lang='grc' dir='ltr'>εἷεν</span> <span class='ocrx_word' id='word_1_621' title='bbox 737 4664 802 4718; x_wconf 81' lang='grc' dir='ltr'>ἂν</span> <span class='ocrx_word' id='word_1_622' title='bbox 836 4666 885 4717; x_wconf 79' lang='grc' dir='ltr'>οἱ</span> <span class='ocrx_word' id='word_1_623' title='bbox 933 4665 1071 4718; x_wconf 82' lang='grc' dir='ltr'>κατὰ</span> <span class='ocrx_word' id='word_1_624' title='bbox 1111 4665 1304 4735; x_wconf 87' lang='grc' dir='ltr'>βάθους</span> <span class='ocrx_word' id='word_1_625' title='bbox 1332 4667 1497 4737; x_wconf 83' lang='grc' dir='ltr'>αὐτῆς</span> <span class='ocrx_word' id='word_1_626' title='bbox 1528 4667 1668 4737; x_wconf 91' lang='grc' dir='ltr'>λογι-</span> 
     </span>
    </p>
   </div>
   <div class='ocr_carea' id='block_1_82' title="bbox 133 4755 1669 4828">
    <p class='ocr_par' dir='ltr' id='par_1_82' title="bbox 133 4755 1669 4828">
     <span class='ocr_line' id='line_1_82' title="bbox 133 4755 1669 4828; baseline 0.005 -23"><span class='ocrx_word' id='word_1_627' title='bbox 133 4757 263 4823; x_wconf 80' lang='grc' dir='ltr'>σμοὶ,</span> <span class='ocrx_word' id='word_1_628' title='bbox 292 4758 386 4811; x_wconf 75' lang='grc' dir='ltr'><strong>καὶ</strong></span> <span class='ocrx_word' id='word_1_629' title='bbox 411 4758 509 4828; x_wconf 79' lang='grc' dir='ltr'>τῆς</span> <span class='ocrx_word' id='word_1_630' title='bbox 535 4756 880 4827; x_wconf 88' lang='grc' dir='ltr'>συνειδήσεως</span> <span class='ocrx_word' id='word_1_631' title='bbox 908 4755 1077 4827; x_wconf 79' lang='grc' dir='ltr'>αὐτῆς</span> <span class='ocrx_word' id='word_1_632' title='bbox 1113 4756 1147 4827; x_wconf 82' lang='grc' dir='ltr'><strong>ἠ</strong></span> <span class='ocrx_word' id='word_1_633' title='bbox 1175 4757 1399 4827; x_wconf 74' lang='grc' dir='ltr'>κρύφιος</span> <span class='ocrx_word' id='word_1_634' title='bbox 1425 4758 1517 4810; x_wconf 77' lang='grc' dir='ltr'><strong>καὶ</strong></span> <span class='ocrx_word' id='word_1_635' title='bbox 1544 4760 1669 4822; x_wconf 83' lang='grc' dir='ltr'>τοὺς</span> 
     </span>
    </p>
   </div>
   <div class='ocr_carea' id='block_1_83' title="bbox 132 4845 1667 4919">
    <p class='ocr_par' dir='ltr' id='par_1_83' title="bbox 132 4845 1667 4919">
     <span class='ocr_line' id='line_1_83' title="bbox 132 4845 1667 4919; baseline 0.001 -19"><span class='ocrx_word' id='word_1_636' title='bbox 132 4845 339 4911; x_wconf 75' lang='grc' dir='ltr'>πολλοὺς</span> <span class='ocrx_word' id='word_1_637' title='bbox 382 4848 708 4903; x_wconf 86' lang='grc' dir='ltr'>λανθάνουσα</span> <span class='ocrx_word' id='word_1_638' title='bbox 748 4847 990 4919; x_wconf 87' lang='grc' dir='ltr'>δύναμις,</span> <span class='ocrx_word' id='word_1_639' title='bbox 1024 4847 1089 4917; x_wconf 76' lang='grc' dir='ltr'>ἣν</span> <span class='ocrx_word' id='word_1_640' title='bbox 1130 4850 1158 4900; x_wconf 86' lang='grc' dir='ltr'><strong>ὁ</strong></span> <span class='ocrx_word' id='word_1_641' title='bbox 1202 4847 1296 4901; x_wconf 91' lang='grc' dir='ltr'><strong>τοῦ</strong></span> <span class='ocrx_word' id='word_1_642' title='bbox 1342 4848 1474 4902; x_wconf 86' lang='grc' dir='ltr'>Θεοῦ</span> <span class='ocrx_word' id='word_1_643' title='bbox 1515 4848 1667 4917; x_wconf 86' lang='grc' dir='ltr'>λόγος</span> 
     </span>
    </p>
   </div>
   <div class='ocr_carea' id='block_1_84' title="bbox 134 4938 1666 5014">
    <p class='ocr_par' dir='ltr' id='par_1_84' title="bbox 134 4938 1666 5014">
     <span class='ocr_line' id='line_1_84' title="bbox 134 4938 1666 5014; baseline 0.001 -21"><span class='ocrx_word' id='word_1_644' title='bbox 134 4938 342 5009; x_wconf 80' lang='grc' dir='ltr'>ἀρότρου</span> <span class='ocrx_word' id='word_1_645' title='bbox 396 4941 549 5014; x_wconf 86' lang='grc' dir='ltr'>δίκην</span> <span class='ocrx_word' id='word_1_646' title='bbox 599 4941 907 5012; x_wconf 80' lang='grc' dir='ltr'>ἀνατέμνων</span> <span class='ocrx_word' id='word_1_647' title='bbox 957 4942 1048 4997; x_wconf 78' lang='grc' dir='ltr'>καὶ</span> <span class='ocrx_word' id='word_1_648' title='bbox 1104 4939 1474 5011; x_wconf 85' lang='grc' dir='ltr'>μεταϐάλλων,</span> <span class='ocrx_word' id='word_1_649' title='bbox 1530 4941 1666 4994; x_wconf 85' lang='grc' dir='ltr'>λεῖον</span> 
     </span>
    </p>
   </div>
   <div class='ocr_carea' id='block_1_85' title="bbox 134 5029 1667 5105">
    <p class='ocr_par' dir='ltr' id='par_1_85' title="bbox 134 5029 1667 5105">
     <span class='ocr_line' id='line_1_85' title="bbox 134 5029 1667 5105; baseline 0.003 -23"><span class='ocrx_word' id='word_1_650' title='bbox 134 5032 502 5103; x_wconf 75' lang='grc' dir='ltr'>ἀπεργάζεταιο</span> <span class='ocrx_word' id='word_1_651' title='bbox 562 5033 823 5105; x_wconf 82' lang='grc' dir='ltr'>περιελών</span> <span class='ocrx_word' id='word_1_652' title='bbox 869 5049 927 5085; x_wconf 88' lang='grc' dir='ltr'><strong>τε</strong></span> <span class='ocrx_word' id='word_1_653' title='bbox 972 5031 1069 5096; x_wconf 81' lang='grc' dir='ltr'>τὰς</span> <span class='ocrx_word' id='word_1_654' title='bbox 1115 5029 1379 5095; x_wconf 83' lang='grc' dir='ltr'>ἀκάνθας,</span> <span class='ocrx_word' id='word_1_655' title='bbox 1432 5031 1524 5085; x_wconf 66' lang='grc' dir='ltr'><strong>καί⁵</strong></span> <span class='ocrx_word' id='word_1_656' title='bbox 1570 5032 1667 5103; x_wconf 81' lang='grc' dir='ltr'><strong>τὴν</strong></span> 
     </span>
    </p>
   </div>
   <div class='ocr_carea' id='block_1_86' title="bbox 138 5116 1669 5196">
    <p class='ocr_par' dir='ltr' id='par_1_86' title="bbox 138 5116 1669 5196">
     <span class='ocr_line' id='line_1_86' title="bbox 138 5116 1669 5196; baseline -0.001 -21"><span class='ocrx_word' id='word_1_657' title='bbox 138 5124 375 5195; x_wconf 79' lang='grc' dir='ltr'>περιττὴν</span> <span class='ocrx_word' id='word_1_658' title='bbox 399 5123 547 5196; x_wconf 89' lang='grc' dir='ltr'>ὔλην,</span> <span class='ocrx_word' id='word_1_659' title='bbox 586 5123 821 5194; x_wconf 78' lang='grc' dir='ltr'>ἐντιθησι</span> <span class='ocrx_word' id='word_1_660' title='bbox 856 5121 925 5176; x_wconf 85' lang='grc' dir='ltr'>τὰ</span> <span class='ocrx_word' id='word_1_661' title='bbox 960 5120 1149 5177; x_wconf 80' lang='grc' dir='ltr'>ἑαυτοῦ</span> <span class='ocrx_word' id='word_1_662' title='bbox 1196 5122 1479 5192; x_wconf 89' lang='grc' dir='ltr'>σπέρματα</span> <span class='ocrx_word' id='word_1_663' title='bbox 1505 5137 1519 5150; x_wconf 90' lang='grc'>·</span> <span class='ocrx_word' id='word_1_664' title='bbox 1554 5116 1669 5174; x_wconf 84' lang='grc' dir='ltr'>εἶτα</span> 
     </span>
    </p>
   </div>
   <div class='ocr_carea' id='block_1_87' title="bbox 136 5210 1668 5287">
    <p class='ocr_par' dir='ltr' id='par_1_87' title="bbox 136 5210 1668 5287">
     <span class='ocr_line' id='line_1_87' title="bbox 136 5210 1668 5287; baseline -0.004 -18"><span class='ocrx_word' id='word_1_665' title='bbox 136 5219 231 5280; x_wconf 83' lang='grc' dir='ltr'>τοῖς</span> <span class='ocrx_word' id='word_1_666' title='bbox 259 5216 487 5285; x_wconf 77' lang='grc' dir='ltr'>λογικοῖς</span> <span class='ocrx_word' id='word_1_667' title='bbox 510 5215 741 5287; x_wconf 88' lang='grc' dir='ltr'>νάμασιν</span> <span class='ocrx_word' id='word_1_668' title='bbox 768 5212 1025 5285; x_wconf 80' lang='grc' dir='ltr'>ἀρδεύων,</span> <span class='ocrx_word' id='word_1_669' title='bbox 1062 5211 1316 5283; x_wconf 85' lang='grc' dir='ltr'>μεθύσκει</span> <span class='ocrx_word' id='word_1_670' title='bbox 1348 5210 1532 5281; x_wconf 85' lang='grc' dir='ltr'>αὑτήν.</span> <span class='ocrx_word' id='word_1_671' title='bbox 1580 5210 1668 5263; x_wconf 74' lang='grc' dir='ltr'>Διὸ</span> 
     </span>
    </p>
   </div>
   <div class='ocr_carea' id='block_1_88' title="bbox 138 5300 1668 5381">
    <p class='ocr_par' dir='ltr' id='par_1_88' title="bbox 138 5300 1668 5381">
     <span class='ocr_line' id='line_1_88' title="bbox 138 5300 1668 5381; baseline -0.002 -25"><span class='ocrx_word' id='word_1_672' title='bbox 138 5304 391 5361; x_wconf 78' lang='grc' dir='ltr'>λέλεκται·</span> <span class='ocrx_word' id='word_1_673' title='bbox 430 5324 449 5357; x_wconf 77' lang='grc' dir='ltr'><strong>ι</strong></span> <span class='ocrx_word' id='word_1_674' title='bbox 489 5305 626 5368; x_wconf 89' lang='grc' dir='ltr'>Τοὺς</span> <span class='ocrx_word' id='word_1_675' title='bbox 652 5304 887 5381; x_wconf 77' lang='grc' dir='ltr'>αὔλακας</span> <span class='ocrx_word' id='word_1_676' title='bbox 914 5306 1082 5374; x_wconf 75' lang='grc' dir='ltr'>αὐτῆς</span> <span class='ocrx_word' id='word_1_677' title='bbox 1120 5303 1367 5375; x_wconf 84' lang='grc' dir='ltr'>μέθυσον,</span> <span class='ocrx_word' id='word_1_678' title='bbox 1403 5302 1494 5355; x_wconf 72' lang='grc' dir='ltr'><strong>καί</strong></span> <span class='ocrx_word' id='word_1_679' title='bbox 1535 5300 1668 5371; x_wconf 86' lang='grc' dir='ltr'>πλή-</span> 
     </span>
    </p>
   </div>
   <div class='ocr_carea' id='block_1_89' title="bbox 141 5391 1666 5471">
    <p class='ocr_par' dir='ltr' id='par_1_89' title="bbox 141 5391 1666 5471">
     <span class='ocr_line' id='line_1_89' title="bbox 141 5391 1666 5471; baseline -0.004 -21"><span class='ocrx_word' id='word_1_680' title='bbox 141 5396 277 5452; x_wconf 84' lang='grc' dir='ltr'>Θυνον</span> <span class='ocrx_word' id='word_1_681' title='bbox 314 5398 382 5453; x_wconf 79' lang='grc' dir='ltr'>τὰ</span> <span class='ocrx_word' id='word_1_682' title='bbox 414 5396 742 5467; x_wconf 79' lang='grc' dir='ltr'>’γεννήματα</span> <span class='ocrx_word' id='word_1_683' title='bbox 780 5396 965 5466; x_wconf 80' lang='grc' dir='ltr'>αὐτῆς.</span> <span class='ocrx_word' id='word_1_684' title='bbox 1003 5414 1021 5447; x_wconf 78' lang='grc' dir='ltr'><strong>ι</strong></span> <span class='ocrx_word' id='word_1_685' title='bbox 1049 5391 1182 5471; x_wconf 10' lang='grc' dir='ltr'>Εἶτα.</span> <span class='ocrx_word' id='word_1_686' title='bbox 1224 5396 1340 5448; x_wconf 73' lang='grc' dir='ltr'>ἀντὶ</span> <span class='ocrx_word' id='word_1_687' title='bbox 1371 5393 1484 5447; x_wconf 77' lang='grc' dir='ltr'>τοῦ’</span> <span class='ocrx_word' id='word_1_688' title='bbox 1512 5410 1529 5443; x_wconf 81' lang='grc' dir='ltr'><strong>ι</strong></span> <span class='ocrx_word' id='word_1_689' title='bbox 1581 5393 1666 5445; x_wconf 85' lang='grc' dir='ltr'>Ἐν</span> 
     </span>
    </p>
   </div>
   <div class='ocr_carea' id='block_1_90' title="bbox 140 5482 1655 5555">
    <p class='ocr_par' dir='ltr' id='par_1_90' title="bbox 140 5482 1655 5555">
     <span class='ocr_line' id='line_1_90' title="bbox 140 5482 1655 5555; baseline -0.003 -20"><span class='ocrx_word' id='word_1_690' title='bbox 140 5489 241 5550; x_wconf 83' lang='grc' dir='ltr'>ταῖς</span> <span class='ocrx_word' id='word_1_691' title='bbox 271 5486 515 5555; x_wconf 85' lang='grc' dir='ltr'>σταγόσιν</span> <span class='ocrx_word' id='word_1_692' title='bbox 548 5483 718 5553; x_wconf 80' lang='grc' dir='ltr'>αὐτῆς</span> <span class='ocrx_word' id='word_1_693' title='bbox 755 5482 1175 5554; x_wconf 79' lang='grc' dir='ltr'>εὐφρανθήσεται</span> <span class='ocrx_word' id='word_1_694' title='bbox 1209 5482 1562 5537; x_wconf 78' lang='grc' dir='ltr'>ἀνατέλλουσα</span> <span class='ocrx_word' id='word_1_695' title='bbox 1583 5497 1594 5510; x_wconf 89' lang='grc'>·</span> <span class='ocrx_word' id='word_1_696' title='bbox 1639 5500 1655 5531; x_wconf 79' lang='grc' dir='ltr'><strong>ι</strong></span> 
     </span>
    </p>
   </div>
   <div class='ocr_carea' id='block_1_91' title="bbox 143 5571 1662 5647">
    <p class='ocr_par' dir='ltr' id='par_1_91' title="bbox 143 5571 1662 5647">
     <span class='ocr_line' id='line_1_91' title="bbox 143 5571 1662 5647; baseline -0.002 -21"><span class='ocrx_word' id='word_1_697' title='bbox 143 5576 263 5629; x_wconf 79' lang='grc' dir='ltr'>κατὰ</span> <span class='ocrx_word' id='word_1_698' title='bbox 286 5579 369 5632; x_wconf 84' lang='grc' dir='ltr'><strong>τὸν</strong></span> <span class='ocrx_word' id='word_1_699' title='bbox 403 5576 710 5647; x_wconf 83' lang='grc' dir='ltr'>Σύμμαχον’</span> <span class='ocrx_word' id='word_1_700' title='bbox 741 5592 760 5626; x_wconf 81' lang='grc' dir='ltr'><strong>ι</strong></span> <span class='ocrx_word' id='word_1_701' title='bbox 798 5574 926 5637; x_wconf 84' lang='grc' dir='ltr'>Ταῖς</span> <span class='ocrx_word' id='word_1_702' title='bbox 970 5572 1196 5643; x_wconf 82' lang='grc' dir='ltr'>ψεκάσιν</span> <span class='ocrx_word' id='word_1_703' title='bbox 1245 5573 1412 5643; x_wconf 72' lang='grc' dir='ltr'>αὐτῆς</span> <span class='ocrx_word' id='word_1_704' title='bbox 1458 5571 1662 5643; x_wconf 87' lang='grc' dir='ltr'>χαυνώ-</span> 
     </span>
    </p>
   </div>
   <div class='ocr_carea' id='block_1_92' title="bbox 206 5745 1265 5820">
    <p class='ocr_par' dir='ltr' id='par_1_92' title="bbox 206 5745 1265 5820">
     <span class='ocr_line' id='line_1_92' title="bbox 206 5745 1265 5820; baseline -0.001 -15"><span class='ocrx_word' id='word_1_705' title='bbox 206 5751 245 5781; x_wconf 84' lang='grc'><strong>³⁸</strong></span> <span class='ocrx_word' id='word_1_706' title='bbox 265 5752 412 5809; x_wconf 80' lang='lat' dir='ltr'><strong>Joan.</strong></span> <span class='ocrx_word' id='word_1_707' title='bbox 440 5767 539 5820; x_wconf 84' lang='lat' dir='ltr'><strong>vn,</strong></span> <span class='ocrx_word' id='word_1_708' title='bbox 562 5753 649 5819; x_wconf 74' lang='lat'><strong>38,</strong></span> <span class='ocrx_word' id='word_1_709' title='bbox 678 5750 764 5807; x_wconf 77' lang='lat'><strong>&#39;59.</strong></span> <span class='ocrx_word' id='word_1_710' title='bbox 841 5747 1073 5805; x_wconf 61' lang='lat' dir='ltr'><strong>&quot;vloan.</strong></span> <span class='ocrx_word' id='word_1_711' title='bbox 1103 5763 1143 5809; x_wconf 87' lang='grc' dir='ltr'>ι.</span> <span class='ocrx_word' id='word_1_712' title='bbox 1176 5745 1265 5804; x_wconf 83' lang='lat' dir='ltr'><strong>l6.</strong></span> 
     </span>
    </p>
   </div>
   <div class='ocr_carea' id='block_1_93' title="bbox 1776 3281 3319 3354">
    <p class='ocr_par' dir='ltr' id='par_1_93' title="bbox 1776 3281 3319 3354">
     <span class='ocr_line' id='line_1_93' title="bbox 1776 3281 3319 3354; baseline -0.003 -12"><span class='ocrx_word' id='word_1_713' title='bbox 1776 3291 1910 3344; x_wconf 90' lang='lat' dir='ltr'><strong>toris</strong></span> <span class='ocrx_word' id='word_1_714' title='bbox 1934 3289 2226 3349; x_wconf 88' lang='lat' dir='ltr'><strong>recensuit,</strong></span> <span class='ocrx_word' id='word_1_715' title='bbox 2259 3294 2313 3341; x_wconf 89' lang='lat' dir='ltr'><strong>et</strong></span> <span class='ocrx_word' id='word_1_716' title='bbox 2336 3301 2399 3340; x_wconf 80' lang='lat' dir='ltr'><strong>ex</strong></span> <span class='ocrx_word' id='word_1_717' title='bbox 2444 3284 2785 3354; x_wconf 69' lang='lat' dir='ltr'><strong>praescientia</strong></span> <span class='ocrx_word' id='word_1_718' title='bbox 2831 3281 3066 3353; x_wconf 82' lang='lat' dir='ltr'><strong>Spiritus</strong></span> <span class='ocrx_word' id='word_1_719' title='bbox 3114 3285 3319 3349; x_wconf 87' lang='lat' dir='ltr'><strong>futura,</strong></span> 
     </span>
    </p>
   </div>
   <div class='ocr_carea' id='block_1_94' title="bbox 1775 3371 3322 3446">
    <p class='ocr_par' dir='ltr' id='par_1_94' title="bbox 1775 3371 3322 3446">
     <span class='ocr_line' id='line_1_94' title="bbox 1775 3371 3322 3446; baseline -0.003 -16"><span class='ocrx_word' id='word_1_720' title='bbox 1775 3385 1834 3430; x_wconf 92' lang='lat' dir='ltr'><strong>ut</strong></span> <span class='ocrx_word' id='word_1_721' title='bbox 1853 3380 1969 3446; x_wconf 89' lang='lat' dir='ltr'><strong>jam</strong></span> <span class='ocrx_word' id='word_1_722' title='bbox 1998 3391 2159 3445; x_wconf 90' lang='lat' dir='ltr'><strong>opere</strong></span> <span class='ocrx_word' id='word_1_723' title='bbox 2187 3374 2474 3443; x_wconf 89' lang='lat' dir='ltr'><strong>completa,</strong></span> <span class='ocrx_word' id='word_1_724' title='bbox 2513 3371 2785 3441; x_wconf 67' lang='lat' dir='ltr'><strong>praevidit;</strong></span> <span class='ocrx_word' id='word_1_725' title='bbox 2811 3373 3322 3441; x_wconf 7' lang='lat' dir='ltr'><strong>quomodogscilicet</strong></span> 
     </span>
    </p>
   </div>
   <div class='ocr_carea' id='block_1_95' title="bbox 1752 3454 3321 3536">
    <p class='ocr_par' dir='ltr' id='par_1_95' title="bbox 1752 3454 3321 3536">
     <span class='ocr_line' id='line_1_95' title="bbox 1752 3454 3321 3536; baseline -0.005 -14"><span class='ocrx_word' id='word_1_726' title='bbox 1752 3468 2114 3523; x_wconf 77' lang='lat' dir='ltr'><strong>adversarios</strong></span> <span class='ocrx_word' id='word_1_727' title='bbox 2142 3464 2518 3536; x_wconf 82' lang='lat' dir='ltr'><strong>prostraverit,</strong></span> <span class='ocrx_word' id='word_1_728' title='bbox 2544 3461 2813 3531; x_wconf 86' lang='lat' dir='ltr'><strong>quomodo</strong></span> <span class='ocrx_word' id='word_1_729' title='bbox 2843 3470 3039 3515; x_wconf 89' lang='lat' dir='ltr'><strong>terram</strong></span> <span class='ocrx_word' id='word_1_730' title='bbox 3060 3454 3321 3514; x_wconf 60' lang='lat' dir='ltr'><strong>visitavé-</strong></span> 
     </span>
    </p>
   </div>
   <div class='ocr_carea' id='block_1_96' title="bbox 1773 3551 3318 3627">
    <p class='ocr_par' dir='ltr' id='par_1_96' title="bbox 1773 3551 3318 3627">
     <span class='ocr_line' id='line_1_96' title="bbox 1773 3551 3318 3627; baseline -0.006 -12"><span class='ocrx_word' id='word_1_731' title='bbox 1773 3563 1843 3616; x_wconf 89' lang='lat' dir='ltr'><strong>rit</strong></span> <span class='ocrx_word' id='word_1_732' title='bbox 1869 3570 1923 3617; x_wconf 91' lang='lat' dir='ltr'><strong>et</strong></span> <span class='ocrx_word' id='word_1_733' title='bbox 1944 3559 2309 3623; x_wconf 72' lang='lat' dir='ltr'><strong>inebriaverit,</strong></span> <span class='ocrx_word' id='word_1_734' title='bbox 2346 3570 2453 3627; x_wconf 91' lang='lat' dir='ltr'><strong>quo</strong></span> <span class='ocrx_word' id='word_1_735' title='bbox 2484 3562 2642 3626; x_wconf 70' lang='lat' dir='ltr'><strong>pacm</strong></span> <span class='ocrx_word' id='word_1_736' title='bbox 2689 3551 3131 3624; x_wconf 81' lang='lat' dir='ltr'><strong>multiplicaverit</strong></span> <span class='ocrx_word' id='word_1_737' title='bbox 3165 3551 3318 3605; x_wconf 92' lang='lat' dir='ltr'><strong>locu-</strong></span> 
     </span>
    </p>
   </div>
   <div class='ocr_carea' id='block_1_97' title="bbox 1773 3641 3321 3724">
    <p class='ocr_par' dir='ltr' id='par_1_97' title="bbox 1773 3641 3321 3724">
     <span class='ocr_line' id='line_1_97' title="bbox 1773 3641 3321 3724; baseline -0.008 -16"><span class='ocrx_word' id='word_1_738' title='bbox 1773 3656 1975 3724; x_wconf 87' lang='lat' dir='ltr'><strong>pletare</strong></span> <span class='ocrx_word' id='word_1_739' title='bbox 1992 3667 2130 3715; x_wconf 91' lang='lat' dir='ltr'><strong>eam,</strong></span> <span class='ocrx_word' id='word_1_740' title='bbox 2161 3648 2382 3705; x_wconf 87' lang='lat' dir='ltr'><strong>ﬂumine</strong></span> <span class='ocrx_word' id='word_1_741' title='bbox 2400 3647 2504 3702; x_wconf 87' lang='lat' dir='ltr'><strong>Dei</strong></span> <span class='ocrx_word' id='word_1_742' title='bbox 2545 3646 2704 3716; x_wconf 89' lang='lat' dir='ltr'><strong>aquis</strong></span> <span class='ocrx_word' id='word_1_743' title='bbox 2732 3645 2953 3715; x_wconf 84' lang='lat' dir='ltr'><strong>repleto.</strong></span> <span class='ocrx_word' id='word_1_744' title='bbox 2986 3641 3110 3697; x_wconf 69' lang='lat' dir='ltr'><strong>Haec</strong></span> <span class='ocrx_word' id='word_1_745' title='bbox 3131 3641 3321 3697; x_wconf 82' lang='lat' dir='ltr'><strong>vatici-</strong></span> 
     </span>
    </p>
   </div>
   <div class='ocr_carea' id='block_1_98' title="bbox 1774 3732 3321 3814">
    <p class='ocr_par' dir='ltr' id='par_1_98' title="bbox 1774 3732 3321 3814">
     <span class='ocr_line' id='line_1_98' title="bbox 1774 3732 3321 3814; baseline -0.008 -16"><span class='ocrx_word' id='word_1_746' title='bbox 1774 3754 1954 3807; x_wconf 74' lang='lat' dir='ltr'><strong>natus,</strong></span> <span class='ocrx_word' id='word_1_747' title='bbox 1979 3753 2031 3799; x_wconf 90' lang='lat' dir='ltr'><strong>et</strong></span> <span class='ocrx_word' id='word_1_748' title='bbox 2059 3743 2217 3814; x_wconf 84' lang='lat' dir='ltr'><strong>quasi</strong></span> <span class='ocrx_word' id='word_1_749' title='bbox 2246 3755 2357 3812; x_wconf 62' lang='lat' dir='ltr'><strong>pra:</strong></span> <span class='ocrx_word' id='word_1_750' title='bbox 2402 3738 2575 3795; x_wconf 85' lang='lat' dir='ltr'><strong>oculis</strong></span> <span class='ocrx_word' id='word_1_751' title='bbox 2625 3735 2847 3789; x_wconf 87' lang='lat' dir='ltr'><strong>haberet</strong></span> <span class='ocrx_word' id='word_1_752' title='bbox 2897 3732 3321 3803; x_wconf 72' lang='lat' dir='ltr'><strong>contemplatus,</strong></span> 
     </span>
    </p>
   </div>
   <div class='ocr_carea' id='block_1_99' title="bbox 1772 3823 3316 3903">
    <p class='ocr_par' dir='ltr' id='par_1_99' title="bbox 1772 3823 3316 3903">
     <span class='ocr_line' id='line_1_99' title="bbox 1772 3823 3316 3903; baseline -0.006 -13"><span class='ocrx_word' id='word_1_753' title='bbox 1772 3837 1839 3890; x_wconf 83' lang='lat' dir='ltr'><strong>ad</strong></span> <span class='ocrx_word' id='word_1_754' title='bbox 1871 3850 2059 3903; x_wconf 86' lang='lat' dir='ltr'><strong>preces</strong></span> <span class='ocrx_word' id='word_1_755' title='bbox 2086 3832 2335 3894; x_wconf 85' lang='lat' dir='ltr'><strong>vertitur,</strong></span> <span class='ocrx_word' id='word_1_756' title='bbox 2369 3829 2586 3898; x_wconf 90' lang='lat' dir='ltr'><strong>Deoque</strong></span> <span class='ocrx_word' id='word_1_757' title='bbox 2639 3826 2911 3897; x_wconf 86' lang='lat' dir='ltr'><strong>supplicat</strong></span> <span class='ocrx_word' id='word_1_758' title='bbox 2962 3823 3048 3880; x_wconf 89' lang='lat' dir='ltr'><strong>his</strong></span> <span class='ocrx_word' id='word_1_759' title='bbox 3087 3823 3316 3880; x_wconf 84' lang='lat' dir='ltr'><strong>verbis:</strong></span> 
     </span>
    </p>
   </div>
   <div class='ocr_carea' id='block_1_100' title="bbox 1778 3914 3315 3992">
    <p class='ocr_par' dir='ltr' id='par_1_100' title="bbox 1778 3914 3315 3992">
     <span class='ocr_line' id='line_1_100' title="bbox 1778 3914 3315 3992; baseline -0.008 -12"><span class='ocrx_word' id='word_1_760' title='bbox 1778 3946 1796 3978; x_wconf 76' lang='grc' dir='ltr'><strong>ι</strong></span> <span class='ocrx_word' id='word_1_761' title='bbox 1830 3925 1995 3979; x_wconf 80' lang='lat' dir='ltr'><strong>Rivos</strong></span> <span class='ocrx_word' id='word_1_762' title='bbox 2023 3924 2142 3992; x_wconf 90' lang='lat' dir='ltr'><strong>ejus</strong></span> <span class='ocrx_word' id='word_1_763' title='bbox 2181 3921 2415 3984; x_wconf 90' lang='lat' dir='ltr'><strong>inebria,</strong></span> <span class='ocrx_word' id='word_1_764' title='bbox 2455 3918 2752 3989; x_wconf 82' lang='lat' dir='ltr'><strong>multiplica</strong></span> <span class='ocrx_word' id='word_1_765' title='bbox 2794 3915 3069 3987; x_wconf 86' lang='lat' dir='ltr'><strong>genimina</strong></span> <span class='ocrx_word' id='word_1_766' title='bbox 3113 3914 3253 3985; x_wconf 87' lang='lat' dir='ltr'><strong>ejus.</strong></span> <span class='ocrx_word' id='word_1_767' title='bbox 3293 3934 3315 3968; x_wconf 75' lang='grc' dir='ltr'><strong>ι</strong></span> 
     </span>
    </p>
   </div>
   <div class='ocr_carea' id='block_1_101' title="bbox 1771 4004 3319 4082">
    <p class='ocr_par' dir='ltr' id='par_1_101' title="bbox 1771 4004 3319 4082">
     <span class='ocr_line' id='line_1_101' title="bbox 1771 4004 3319 4082; baseline -0.008 -14"><span class='ocrx_word' id='word_1_768' title='bbox 1771 4014 1889 4068; x_wconf 80' lang='lat' dir='ltr'><strong>Bivi</strong></span> <span class='ocrx_word' id='word_1_769' title='bbox 1921 4012 2112 4066; x_wconf 73' lang='lat' dir='ltr'><strong>anima:</strong></span> <span class='ocrx_word' id='word_1_770' title='bbox 2139 4010 2382 4082; x_wconf 89' lang='lat' dir='ltr'><strong>ejusdem</strong></span> <span class='ocrx_word' id='word_1_771' title='bbox 2407 4008 2687 4080; x_wconf 75' lang='lat' dir='ltr'><strong>profunda:</strong></span> <span class='ocrx_word' id='word_1_772' title='bbox 2707 4006 3061 4077; x_wconf 87' lang='lat' dir='ltr'><strong>cogitationes</strong></span> <span class='ocrx_word' id='word_1_773' title='bbox 3093 4004 3319 4071; x_wconf 79' lang='lat' dir='ltr'><strong>fuerint,</strong></span> 
     </span>
    </p>
   </div>
   <div class='ocr_carea' id='block_1_102' title="bbox 1770 4096 3317 4172">
    <p class='ocr_par' dir='ltr' id='par_1_102' title="bbox 1770 4096 3317 4172">
     <span class='ocr_line' id='line_1_102' title="bbox 1770 4096 3317 4172; baseline -0.008 -10"><span class='ocrx_word' id='word_1_774' title='bbox 1770 4117 1823 4162; x_wconf 93' lang='lat' dir='ltr'><strong>et</strong></span> <span class='ocrx_word' id='word_1_775' title='bbox 1867 4106 2185 4162; x_wconf 88' lang='lat' dir='ltr'><strong>abscondita</strong></span> <span class='ocrx_word' id='word_1_776' title='bbox 2233 4103 2528 4172; x_wconf 90' lang='lat' dir='ltr'><strong>multisque</strong></span> <span class='ocrx_word' id='word_1_777' title='bbox 2576 4097 2751 4155; x_wconf 83' lang='lat' dir='ltr'><strong>latens</strong></span> <span class='ocrx_word' id='word_1_778' title='bbox 2819 4097 3169 4154; x_wconf 70' lang='lat' dir='ltr'><strong>conscientia:</strong></span> <span class='ocrx_word' id='word_1_779' title='bbox 3214 4096 3317 4159; x_wconf 79' lang='lat' dir='ltr'><strong>vis,</strong></span> 
     </span>
    </p>
   </div>
   <div class='ocr_carea' id='block_1_103' title="bbox 1769 4186 3319 4271">
    <p class='ocr_par' dir='ltr' id='par_1_103' title="bbox 1769 4186 3319 4271">
     <span class='ocr_line' id='line_1_103' title="bbox 1769 4186 3319 4271; baseline -0.01 -17"><span class='ocrx_word' id='word_1_780' title='bbox 1769 4213 1930 4271; x_wconf 85' lang='lat' dir='ltr'><strong>quam</strong></span> <span class='ocrx_word' id='word_1_781' title='bbox 1986 4198 2081 4255; x_wconf 81' lang='lat' dir='ltr'><strong>Dei</strong></span> <span class='ocrx_word' id='word_1_782' title='bbox 2124 4196 2346 4251; x_wconf 87' lang='lat' dir='ltr'><strong>verbum</strong></span> <span class='ocrx_word' id='word_1_783' title='bbox 2390 4209 2490 4249; x_wconf 91' lang='lat' dir='ltr'><strong>ceu</strong></span> <span class='ocrx_word' id='word_1_784' title='bbox 2534 4199 2774 4247; x_wconf 84' lang='lat' dir='ltr'><strong>aratrum</strong></span> <span class='ocrx_word' id='word_1_785' title='bbox 2813 4190 3030 4245; x_wconf 88' lang='lat' dir='ltr'><strong>sulcans</strong></span> <span class='ocrx_word' id='word_1_786' title='bbox 3050 4194 3103 4240; x_wconf 89' lang='lat' dir='ltr'><strong>et</strong></span> <span class='ocrx_word' id='word_1_787' title='bbox 3121 4186 3319 4240; x_wconf 87' lang='lat' dir='ltr'><strong>immu-</strong></span> 
     </span>
    </p>
   </div>
   <div class='ocr_carea' id='block_1_104' title="bbox 1772 4281 3318 4367">
    <p class='ocr_par' dir='ltr' id='par_1_104' title="bbox 1772 4281 3318 4367">
     <span class='ocr_line' id='line_1_104' title="bbox 1772 4281 3318 4367; baseline -0.013 -15"><span class='ocrx_word' id='word_1_788' title='bbox 1772 4282 2149 4367; x_wconf 88' lang='lat' dir='ltr'><strong>tans,planam</strong></span> <span class='ocrx_word' id='word_1_789' title='bbox 2175 4292 2338 4349; x_wconf 84' lang='lat' dir='ltr'><strong>eﬂicit</strong></span> <span class='ocrx_word' id='word_1_790' title='bbox 2366 4310 2380 4346; x_wconf 90' lang='lat'><strong>:</strong></span> <span class='ocrx_word' id='word_1_791' title='bbox 2413 4292 2689 4361; x_wconf 86' lang='lat' dir='ltr'><strong>spinisque</strong></span> <span class='ocrx_word' id='word_1_792' title='bbox 2710 4302 2773 4340; x_wconf 89' lang='lat' dir='ltr'><strong>ac</strong></span> <span class='ocrx_word' id='word_1_793' title='bbox 2795 4281 3067 4354; x_wconf 81' lang='lat' dir='ltr'><strong>superﬂua</strong></span> <span class='ocrx_word' id='word_1_794' title='bbox 3093 4281 3318 4334; x_wconf 85' lang='lat' dir='ltr'><strong>materia</strong></span> 
     </span>
    </p>
   </div>
   <div class='ocr_carea' id='block_1_105' title="bbox 1772 4369 3317 4452">
    <p class='ocr_par' dir='ltr' id='par_1_105' title="bbox 1772 4369 3317 4452">
     <span class='ocr_line' id='line_1_105' title="bbox 1772 4369 3317 4452; baseline -0.012 -11"><span class='ocrx_word' id='word_1_795' title='bbox 1772 4388 1985 4452; x_wconf 87' lang='lat' dir='ltr'><strong>amotis,</strong></span> <span class='ocrx_word' id='word_1_796' title='bbox 2020 4385 2227 4441; x_wconf 87' lang='lat' dir='ltr'><strong>semina</strong></span> <span class='ocrx_word' id='word_1_797' title='bbox 2274 4371 2372 4438; x_wconf 84' lang='lat' dir='ltr'><strong>sua</strong></span> <span class='ocrx_word' id='word_1_798' title='bbox 2425 4380 2614 4435; x_wconf 83' lang='lat' dir='ltr'><strong>inserit</strong></span> <span class='ocrx_word' id='word_1_799' title='bbox 2643 4392 2659 4428; x_wconf 91' lang='lat'><strong>:</strong></span> <span class='ocrx_word' id='word_1_800' title='bbox 2689 4372 2990 4442; x_wconf 84' lang='lat' dir='ltr'><strong>deindeque</strong></span> <span class='ocrx_word' id='word_1_801' title='bbox 3020 4369 3317 4441; x_wconf 86' lang='lat' dir='ltr'><strong>rationabi-</strong></span> 
     </span>
    </p>
   </div>
   <div class='ocr_carea' id='block_1_106' title="bbox 1774 4457 3316 4542">
    <p class='ocr_par' dir='ltr' id='par_1_106' title="bbox 1774 4457 3316 4542">
     <span class='ocr_line' id='line_1_106' title="bbox 1774 4457 3316 4542; baseline -0.012 -12"><span class='ocrx_word' id='word_1_802' title='bbox 1774 4479 1912 4533; x_wconf 90' lang='lat' dir='ltr'><strong>libus</strong></span> <span class='ocrx_word' id='word_1_803' title='bbox 1944 4474 2160 4530; x_wconf 89' lang='lat' dir='ltr'><strong>ﬂuentis</strong></span> <span class='ocrx_word' id='word_1_804' title='bbox 2203 4473 2458 4542; x_wconf 83' lang='lat' dir='ltr'><strong>irrigans,</strong></span> <span class='ocrx_word' id='word_1_805' title='bbox 2504 4467 2677 4536; x_wconf 89' lang='lat' dir='ltr'><strong>ipsam</strong></span> <span class='ocrx_word' id='word_1_806' title='bbox 2731 4462 2982 4519; x_wconf 89' lang='lat' dir='ltr'><strong>inebriat.</strong></span> <span class='ocrx_word' id='word_1_807' title='bbox 3024 4458 3202 4526; x_wconf 87' lang='lat' dir='ltr'><strong>Quare</strong></span> <span class='ocrx_word' id='word_1_808' title='bbox 3231 4457 3316 4512; x_wconf 85' lang='lat' dir='ltr'><strong>di-</strong></span> 
     </span>
    </p>
   </div>
   <div class='ocr_carea' id='block_1_107' title="bbox 1773 4548 3317 4635">
    <p class='ocr_par' dir='ltr' id='par_1_107' title="bbox 1773 4548 3317 4635">
     <span class='ocr_line' id='line_1_107' title="bbox 1773 4548 3317 4635; baseline -0.016 -11"><span class='ocrx_word' id='word_1_809' title='bbox 1773 4576 1918 4625; x_wconf 69' lang='lat' dir='ltr'><strong>ctum</strong></span> <span class='ocrx_word' id='word_1_810' title='bbox 1954 4574 2038 4621; x_wconf 90' lang='lat' dir='ltr'><strong>est</strong></span> <span class='ocrx_word' id='word_1_811' title='bbox 2077 4584 2091 4619; x_wconf 89' lang='lat'><strong>:</strong></span> <span class='ocrx_word' id='word_1_812' title='bbox 2130 4581 2149 4615; x_wconf 82' lang='grc' dir='ltr'><strong>ι</strong></span> <span class='ocrx_word' id='word_1_813' title='bbox 2186 4562 2353 4617; x_wconf 82' lang='lat' dir='ltr'><strong>Rivos</strong></span> <span class='ocrx_word' id='word_1_814' title='bbox 2392 4560 2511 4629; x_wconf 92' lang='lat' dir='ltr'><strong>ejus</strong></span> <span class='ocrx_word' id='word_1_815' title='bbox 2562 4555 2790 4615; x_wconf 88' lang='lat' dir='ltr'><strong>inebria,</strong></span> <span class='ocrx_word' id='word_1_816' title='bbox 2820 4550 3120 4620; x_wconf 89' lang='lat' dir='ltr'><strong>multiplica</strong></span> <span class='ocrx_word' id='word_1_817' title='bbox 3165 4548 3317 4635; x_wconf 82' lang='lat' dir='ltr'><strong>geni-</strong></span> 
     </span>
    </p>
   </div>
   <div class='ocr_carea' id='block_1_108' title="bbox 1772 4638 3317 4727">
    <p class='ocr_par' dir='ltr' id='par_1_108' title="bbox 1772 4638 3317 4727">
     <span class='ocr_line' id='line_1_108' title="bbox 1772 4638 3317 4727; baseline -0.016 -12"><span class='ocrx_word' id='word_1_818' title='bbox 1772 4660 1917 4715; x_wconf 79' lang='lat' dir='ltr'><strong>mina</strong></span> <span class='ocrx_word' id='word_1_819' title='bbox 1950 4657 2088 4725; x_wconf 75' lang='lat' dir='ltr'><strong>ejus.</strong></span> <span class='ocrx_word' id='word_1_820' title='bbox 2126 4675 2145 4707; x_wconf 85' lang='grc'>›</span> <span class='ocrx_word' id='word_1_821' title='bbox 2182 4652 2377 4707; x_wconf 86' lang='lat' dir='ltr'><strong>Postea</strong></span> <span class='ocrx_word' id='word_1_822' title='bbox 2413 4664 2538 4703; x_wconf 88' lang='lat' dir='ltr'><strong>vero</strong></span> <span class='ocrx_word' id='word_1_823' title='bbox 2566 4648 2712 4702; x_wconf 91' lang='lat' dir='ltr'><strong>illius</strong></span> <span class='ocrx_word' id='word_1_824' title='bbox 2738 4644 2859 4727; x_wconf 90' lang='lat' dir='ltr'><strong>loco</strong></span> <span class='ocrx_word' id='word_1_825' title='bbox 2892 4661 2905 4696; x_wconf 91' lang='lat'><strong>:</strong></span> <span class='ocrx_word' id='word_1_826' title='bbox 2946 4660 2965 4692; x_wconf 76' lang='grc' dir='ltr'><strong>ι</strong></span> <span class='ocrx_word' id='word_1_827' title='bbox 3003 4640 3060 4694; x_wconf 84' lang='grc' dir='ltr'>ιιι</span> <span class='ocrx_word' id='word_1_828' title='bbox 3106 4638 3317 4711; x_wconf 79' lang='lat' dir='ltr'><strong>stillici-</strong></span> 
     </span>
    </p>
   </div>
   <div class='ocr_carea' id='block_1_109' title="bbox 1772 4728 3315 4830">
    <p class='ocr_par' dir='ltr' id='par_1_109' title="bbox 1772 4728 3315 4830">
     <span class='ocr_line' id='line_1_109' title="bbox 1772 4728 3315 4830; baseline -0.016 -25"><span class='ocrx_word' id='word_1_829' title='bbox 1772 4751 1877 4805; x_wconf 87' lang='lat' dir='ltr'><strong>diis</strong></span> <span class='ocrx_word' id='word_1_830' title='bbox 1933 4747 2053 4817; x_wconf 86' lang='lat' dir='ltr'><strong>ejus</strong></span> <span class='ocrx_word' id='word_1_831' title='bbox 2106 4730 2371 4799; x_wconf 68' lang='lat' dir='ltr'><strong>lzetabitur</strong></span> <span class='ocrx_word' id='word_1_832' title='bbox 2410 4737 2741 4810; x_wconf 84' lang='lat' dir='ltr'><strong>germinans,</strong></span> <span class='ocrx_word' id='word_1_833' title='bbox 2782 4753 2799 4785; x_wconf 82' lang='grc' dir='ltr'><strong>ι</strong></span> <span class='ocrx_word' id='word_1_834' title='bbox 2842 4730 3198 4830; x_wconf 80' lang='lat' dir='ltr'><strong>Symmachus</strong></span> <span class='ocrx_word' id='word_1_835' title='bbox 3234 4728 3315 4782; x_wconf 86' lang='lat' dir='ltr'><strong>sic</strong></span> 
     </span>
    </p>
   </div>
   <div class='ocr_carea' id='block_1_110' title="bbox 1770 4829 3309 4903">
    <p class='ocr_par' dir='ltr' id='par_1_110' title="bbox 1770 4829 3309 4903">
     <span class='ocr_line' id='line_1_110' title="bbox 1770 4829 3309 4903; baseline -0.016 -7"><span class='ocrx_word' id='word_1_836' title='bbox 1770 4841 1961 4896; x_wconf 89' lang='lat' dir='ltr'><strong>habet:</strong></span> <span class='ocrx_word' id='word_1_837' title='bbox 1990 4856 2007 4888; x_wconf 81' lang='grc' dir='ltr'><strong>ι</strong></span> <span class='ocrx_word' id='word_1_838' title='bbox 2034 4835 2206 4890; x_wconf 90' lang='lat' dir='ltr'><strong>Stillis</strong></span> <span class='ocrx_word' id='word_1_839' title='bbox 2221 4833 2339 4903; x_wconf 78' lang='lat' dir='ltr'><strong>ejus</strong></span> <span class='ocrx_word' id='word_1_840' title='bbox 2362 4831 2606 4887; x_wconf 89' lang='lat' dir='ltr'><strong>emollies</strong></span> <span class='ocrx_word' id='word_1_841' title='bbox 2624 4829 2794 4898; x_wconf 88' lang='lat' dir='ltr'><strong>ipsam</strong></span> <span class='ocrx_word' id='word_1_842' title='bbox 2817 4835 2870 4879; x_wconf 90' lang='lat' dir='ltr'><strong>et</strong></span> <span class='ocrx_word' id='word_1_843' title='bbox 2886 4836 3102 4895; x_wconf 86' lang='lat' dir='ltr'><strong>germen</strong></span> <span class='ocrx_word' id='word_1_844' title='bbox 3116 4834 3255 4889; x_wconf 81' lang='lat' dir='ltr'><strong>ejus.</strong></span> <span class='ocrx_word' id='word_1_845' title='bbox 3287 4836 3309 4870; x_wconf 80' lang='grc' dir='ltr'><strong>ι</strong></span> 
     </span>
    </p>
   </div>
   <div class='ocr_carea' id='block_1_111' title="bbox 1772 4910 3311 4987">
    <p class='ocr_par' dir='ltr' id='par_1_111' title="bbox 1772 4910 3311 4987">
     <span class='ocr_line' id='line_1_111' title="bbox 1772 4910 3311 4987; baseline -0.014 0"><span class='ocrx_word' id='word_1_846' title='bbox 1772 4932 1837 4987; x_wconf 85' lang='grc' dir='ltr'>Ει</span> <span class='ocrx_word' id='word_1_847' title='bbox 1886 4931 1999 4985; x_wconf 62' lang='lat' dir='ltr'><strong>haec</strong></span> <span class='ocrx_word' id='word_1_848' title='bbox 2045 4927 2227 4982; x_wconf 88' lang='lat' dir='ltr'><strong>omnia</strong></span> <span class='ocrx_word' id='word_1_849' title='bbox 2269 4922 2543 4980; x_wconf 79' lang='lat' dir='ltr'><strong>visitantis</strong></span> <span class='ocrx_word' id='word_1_850' title='bbox 2593 4917 2891 4973; x_wconf 85' lang='lat' dir='ltr'><strong>Ecclesiam</strong></span> <span class='ocrx_word' id='word_1_851' title='bbox 2952 4927 3104 4968; x_wconf 84' lang='lat' dir='ltr'><strong>suam</strong></span> <span class='ocrx_word' id='word_1_852' title='bbox 3160 4910 3311 4979; x_wconf 85' lang='lat' dir='ltr'><strong>signa</strong></span> 
     </span>
    </p>
   </div>
   <div class='ocr_carea' id='block_1_112' title="bbox 1770 4998 3311 5090">
    <p class='ocr_par' dir='ltr' id='par_1_112' title="bbox 1770 4998 3311 5090">
     <span class='ocr_line' id='line_1_112' title="bbox 1770 4998 3311 5090; baseline -0.018 -9"><span class='ocrx_word' id='word_1_853' title='bbox 1770 5030 1897 5081; x_wconf 91' lang='lat' dir='ltr'><strong>sunt</strong></span> <span class='ocrx_word' id='word_1_854' title='bbox 1932 5040 1945 5075; x_wconf 93' lang='lat'>:</span> <span class='ocrx_word' id='word_1_855' title='bbox 1978 5034 2097 5090; x_wconf 73' lang='lat' dir='ltr'><strong>quae</strong></span> <span class='ocrx_word' id='word_1_856' title='bbox 2128 5031 2259 5073; x_wconf 89' lang='lat' dir='ltr'><strong>sane</strong></span> <span class='ocrx_word' id='word_1_857' title='bbox 2301 5015 2429 5070; x_wconf 90' lang='lat' dir='ltr'><strong>olim</strong></span> <span class='ocrx_word' id='word_1_858' title='bbox 2488 5008 2866 5084; x_wconf 78' lang='lat' dir='ltr'><strong>pramuntiata,</strong></span> <span class='ocrx_word' id='word_1_859' title='bbox 2889 5018 2996 5058; x_wconf 89' lang='lat' dir='ltr'><strong>non</strong></span> <span class='ocrx_word' id='word_1_860' title='bbox 3020 5000 3125 5053; x_wconf 91' lang='lat' dir='ltr'><strong>alio</strong></span> <span class='ocrx_word' id='word_1_861' title='bbox 3153 4998 3311 5054; x_wconf 89' lang='lat' dir='ltr'><strong>modo</strong></span> 
     </span>
    </p>
   </div>
   <div class='ocr_carea' id='block_1_113' title="bbox 1769 5091 3310 5184">
    <p class='ocr_par' dir='ltr' id='par_1_113' title="bbox 1769 5091 3310 5184">
     <span class='ocr_line' id='line_1_113' title="bbox 1769 5091 3310 5184; baseline -0.016 -16"><span class='ocrx_word' id='word_1_862' title='bbox 1769 5127 1929 5184; x_wconf 90' lang='lat' dir='ltr'><strong>quam</strong></span> <span class='ocrx_word' id='word_1_863' title='bbox 1977 5125 2072 5181; x_wconf 89' lang='lat' dir='ltr'><strong>per</strong></span> <span class='ocrx_word' id='word_1_864' title='bbox 2101 5106 2406 5163; x_wconf 83' lang='lat' dir='ltr'><strong>Senatoris</strong></span> <span class='ocrx_word' id='word_1_865' title='bbox 2458 5100 2631 5157; x_wconf 89' lang='lat' dir='ltr'><strong>nostri</strong></span> <span class='ocrx_word' id='word_1_866' title='bbox 2712 5097 2999 5184; x_wconf 75' lang='lat' dir='ltr'><strong>adventum</strong></span> <span class='ocrx_word' id='word_1_867' title='bbox 3046 5091 3310 5159; x_wconf 84' lang='lat' dir='ltr'><strong>completa</strong></span> 
     </span>
    </p>
   </div>
   <div class='ocr_carea' id='block_1_114' title="bbox 1769 5182 3310 5271">
    <p class='ocr_par' dir='ltr' id='par_1_114' title="bbox 1769 5182 3310 5271">
     <span class='ocr_line' id='line_1_114' title="bbox 1769 5182 3310 5271; baseline -0.018 -11"><span class='ocrx_word' id='word_1_868' title='bbox 1769 5182 1895 5261; x_wconf 78' lang='lat' dir='ltr'><strong>sunt</strong></span> <span class='ocrx_word' id='word_1_869' title='bbox 1927 5222 1940 5257; x_wconf 87' lang='lat'><strong>:</strong></span> <span class='ocrx_word' id='word_1_870' title='bbox 1974 5215 2068 5271; x_wconf 88' lang='lat' dir='ltr'><strong>per</strong></span> <span class='ocrx_word' id='word_1_871' title='bbox 2091 5214 2250 5270; x_wconf 89' lang='lat' dir='ltr'><strong>quem</strong></span> <span class='ocrx_word' id='word_1_872' title='bbox 2293 5197 2384 5267; x_wconf 90' lang='lat' dir='ltr'><strong>qui</strong></span> <span class='ocrx_word' id='word_1_873' title='bbox 2410 5196 2529 5264; x_wconf 91' lang='lat' dir='ltr'><strong>ejus</strong></span> <span class='ocrx_word' id='word_1_874' title='bbox 2571 5190 2744 5261; x_wconf 85' lang='lat' dir='ltr'><strong>gratia</strong></span> <span class='ocrx_word' id='word_1_875' title='bbox 2782 5182 2987 5255; x_wconf 85' lang='lat' dir='ltr'><strong>dignati</strong></span> <span class='ocrx_word' id='word_1_876' title='bbox 3025 5188 3171 5244; x_wconf 84' lang='lat' dir='ltr'><strong>sunt,</strong></span> <span class='ocrx_word' id='word_1_877' title='bbox 3204 5195 3310 5233; x_wconf 70' lang='lat' dir='ltr'><strong>cce-</strong></span> 
     </span>
    </p>
   </div>
   <div class='ocr_carea' id='block_1_115' title="bbox 1767 5271 3306 5366">
    <p class='ocr_par' dir='ltr' id='par_1_115' title="bbox 1767 5271 3306 5366">
     <span class='ocr_line' id='line_1_115' title="bbox 1767 5271 3306 5366; baseline -0.021 -15"><span class='ocrx_word' id='word_1_878' title='bbox 1767 5296 1919 5351; x_wconf 87' lang='lat' dir='ltr'><strong>lestia</strong></span> <span class='ocrx_word' id='word_1_879' title='bbox 1943 5290 2148 5348; x_wconf 87' lang='lat' dir='ltr'><strong>semina</strong></span> <span class='ocrx_word' id='word_1_880' title='bbox 2175 5291 2231 5345; x_wconf 91' lang='lat' dir='ltr'><strong>in</strong></span> <span class='ocrx_word' id='word_1_881' title='bbox 2261 5284 2553 5343; x_wconf 84' lang='lat' dir='ltr'><strong>animabus</strong></span> <span class='ocrx_word' id='word_1_882' title='bbox 2577 5280 2693 5337; x_wconf 86' lang='lat' dir='ltr'><strong>suis</strong></span> <span class='ocrx_word' id='word_1_883' title='bbox 2742 5274 3090 5344; x_wconf 78' lang='lat' dir='ltr'><strong>excipientes,</strong></span> <span class='ocrx_word' id='word_1_884' title='bbox 3118 5271 3306 5366; x_wconf 66' lang='lat' dir='ltr'><strong>uberes</strong></span> 
     </span>
    </p>
   </div>
   <div class='ocr_carea' id='block_1_116' title="bbox 1760 5357 3309 5457">
    <p class='ocr_par' dir='ltr' id='par_1_116' title="bbox 1760 5357 3309 5457">
     <span class='ocr_line' id='line_1_116' title="bbox 1760 5357 3309 5457; baseline -0.022 -14"><span class='ocrx_word' id='word_1_885' title='bbox 1760 5389 1976 5443; x_wconf 80' lang='lat' dir='ltr'><strong>fructus</strong></span> <span class='ocrx_word' id='word_1_886' title='bbox 2020 5361 2339 5453; x_wconf 87' lang='lat' dir='ltr'><strong>proferunt;</strong></span> <span class='ocrx_word' id='word_1_887' title='bbox 2392 5376 2481 5430; x_wconf 87' lang='lat' dir='ltr'><strong>alii</strong></span> <span class='ocrx_word' id='word_1_888' title='bbox 2544 5373 2737 5441; x_wconf 86' lang='lat' dir='ltr'><strong>nempe</strong></span> <span class='ocrx_word' id='word_1_889' title='bbox 2784 5366 3161 5457; x_wconf 79' lang='lat' dir='ltr'><strong>centesimum,</strong></span> <span class='ocrx_word' id='word_1_890' title='bbox 3220 5357 3309 5457; x_wconf 76' lang='lat' dir='ltr'><strong>alii</strong></span> 
     </span>
    </p>
   </div>
   <div class='ocr_carea' id='block_1_117' title="bbox 1768 5454 3308 5550">
    <p class='ocr_par' dir='ltr' id='par_1_117' title="bbox 1768 5454 3308 5550">
     <span class='ocr_line' id='line_1_117' title="bbox 1768 5454 3308 5550; baseline -0.024 -16"><span class='ocrx_word' id='word_1_891' title='bbox 1768 5476 2187 5548; x_wconf 77' lang='lat' dir='ltr'><strong>sexagesimum,</strong></span> <span class='ocrx_word' id='word_1_892' title='bbox 2219 5471 2308 5526; x_wconf 84' lang='lat' dir='ltr'><strong>alii</strong></span> <span class='ocrx_word' id='word_1_893' title='bbox 2363 5468 2713 5537; x_wconf 84' lang='lat' dir='ltr'><strong>tricesimum.</strong></span> <span class='ocrx_word' id='word_1_894' title='bbox 2766 5454 3021 5550; x_wconf 41' lang='lat' dir='ltr'><strong>Quisquis.</strong></span> <span class='ocrx_word' id='word_1_895' title='bbox 3063 5462 3197 5550; x_wconf 70' lang='lat' dir='ltr'><strong>vero</strong></span> <span class='ocrx_word' id='word_1_896' title='bbox 3250 5454 3308 5550; x_wconf 55' lang='lat' dir='ltr'><strong>in</strong></span> 
     </span>
    </p>
   </div>
   <div class='ocr_carea' id='block_1_118' title="bbox 1768 5533 3310 5624">
    <p class='ocr_par' dir='ltr' id='par_1_118' title="bbox 1768 5533 3310 5624">
     <span class='ocr_line' id='line_1_118' title="bbox 1768 5533 3310 5624; baseline -0.025 0"><span class='ocrx_word' id='word_1_897' title='bbox 1768 5567 1862 5624; x_wconf 88' lang='lat' dir='ltr'><strong>Dei</strong></span> <span class='ocrx_word' id='word_1_898' title='bbox 1889 5533 2131 5622; x_wconf 56' lang='lat' dir='ltr'><strong>[Ecclesia</strong></span> <span class='ocrx_word' id='word_1_899' title='bbox 2174 5533 2420 5620; x_wconf 80' lang='lat' dir='ltr'><strong>diversos</strong></span> <span class='ocrx_word' id='word_1_900' title='bbox 2469 5533 2658 5613; x_wconf 85' lang='lat' dir='ltr'><strong>eorum</strong></span> <span class='ocrx_word' id='word_1_901' title='bbox 2703 5547 2796 5620; x_wconf 86' lang='lat' dir='ltr'><strong>qui</strong></span> <span class='ocrx_word' id='word_1_902' title='bbox 2822 5546 2878 5600; x_wconf 89' lang='lat' dir='ltr'><strong>in</strong></span> <span class='ocrx_word' id='word_1_903' title='bbox 2898 5540 3114 5599; x_wconf 83' lang='lat' dir='ltr'><strong>Christo</strong></span> <span class='ocrx_word' id='word_1_904' title='bbox 3147 5533 3310 5606; x_wconf 82' lang='lat' dir='ltr'><strong>proli-</strong></span> 
     </span>
    </p>
   </div>
  </div>
