3966 6340
673 426 782 483 διδ

1365 424 1633 482 EUSEBII
1670 420 2144 480 CESARIENSIS
2180 420 2329 477 OPP.
2366 414 2663 477 PARS'IIL
2706 451 2778 464 —
2811 419 3218 477 EXEGETICA.

3779 426 3865 481 ιιι

672 548 827 601 ciunt
848 544 1064 600 ordines
1086 544 1374 615 conspicit,
1407 546 1455 600 is
1485 560 1674 600 eorum
1707 558 1829 613 qua:
1878 542 1935 597 in
1974 542 2218 597 vaticinia

2332 559 2447 606 σεις
2477 542 2646 614 αὐτὴν
2675 543 2767 596 καὶ
2808 541 2869 595 τὸ
2916 542 3198 613 βλάστημα
3243 542 3433 614 αὐτῆς,
3467 562 3487 596 ι
3514 543 3733 618 εἴρηται.
3774 548 3864 602 Kal.

675 635 925 692 feruntur
950 636 1245 689 ubertatem
1284 634 1450 703 probe
1492 645 1803 704 cognoscet.

2336 634 2511 687 πάντα
2546 634 2603 687 δὲ
2628 633 2799 687 ταῦτα
2832 636 3030 705 σημεῖα
3069 635 3321 704 τνγχάνει
3345 635 3438 689 τοῦ
3470 636 3862 709 δπισκεψαμένου

673 728 768 798 τὴν
812 726 1129 797 Ἐκκλησίαν
1183 725 1375 779 αὑτοῦ·
1429 725 1465 779 ἃ.
1510 725 1573 797 δὴ
1626 725 1792 778 πάλαι
1837 724 2201 799 προὴχθέντα
2236 724 2344 776 οὐδ’
2368 724 2543 791 άλλως
2578 719 2658 788 είς
2696 724 2832 796 ἔργα
2884 723 3258 795 κεγῶρηκενὴ
3304 726 3391 779 διά
3435 726 3538 796 τῆς
3566 726 3656 780 τοῦ
3715 728 3864 800 Σωτῆ-

676 832 767 890 ρος
810 817 963 888 ήμῶν
998 818 1345 886 ἐπιφανείας·
1391 818 1456 870 δι’
1497 814 1565 887 ἦς
1612 820 1659 871 οἱ
1710 817 2105 888 κατηξιωμένοι
2148 817 2249 886 τῆς
2288 816 2451 870 αὑτοῦ
2480 817 2719 889 χάριτος,
2754 816 2822 869 τά
2853 816 2910 882 ἐξ
2948 817 3191 887 οὐρανῶν
3219 816 3510 889 σπέρματα
3576 822 3686 882 ταῖς
3720 821 3867 873 αὐτῶν

671 910 866 981 ψυχαῖς
913 911 1334 980 ἀποδεξάμενοι,
1386 913 1629 982 καρποὺς
1681 912 1923 976 εὐθαλεῖς
1976 912 2333 983 παρέχουσιν⁸
2370 914 2419 963 οί
2487 912 2583 983 μὲν
2616 918 2658 982 ρ’
2720 911 3029 976 ποιοῦντες,
3073 914 3120 964 οί
3152 912 3210 979 δέ
3253 911 3317 978 ξ’,
3354 912 3483 966 οίδὶ
3515 913 3579 967 λ’.
3613 912 3767 984 Ὁρῶν
3819 915 3869 967 δέ

670 1018 752 1062 τις
786 1004 841 1052 ἐν
885 1004 951 1070 τῇ
996 1001 1286 1071 Ἐκκλησία
1326 1001 1420 1053 τοῦ
1458 1000 1592 1053 Θεοῦ
1657 1002 1722 1054 τά
1767 1001 1999 1073 διάφορα
2043 1002 2297 1073 τάγματα
2361 1002 2469 1055 τῶν
2524 1005 2582 1056 ἐν
2636 1002 2854 1080 Χριστῷ
2901 1002 3344 1073 προκοπτόντων,
3404 1002 3501 1075 τὴν
3557 996 3872 1077 παγκαρπίαν

668 1093 870 1147 εἴσεται
896 1092 1003 1144 τῶν
1024 1092 1111 1145 διὰ
1133 1093 1230 1161 τῆς
1259 1093 1623 1164 προκειμένης
1644 1094 1977 1164 προφητείας
2004 1093 2427 1165 θεσπιζομένων.
3658 1102 3662 1110 λ

740 1210 903 1268 Vens.
929 1215 1010 1278 12,
1034 1216 1115 1270 Η.
1141 1236 1158 1268 ι
1184 1216 1475 1274 Benedices
1497 1232 1714 1273 corona:
1730 1217 1859 1271 anni
1882 1216 2230 1287 benignitatis

668 1309 870 1373 tua,“
892 1308 1067 1377 campi
1100 1308 1176 1361 tui
1228 1309 1583 1379 replebuntur
1614 1308 1884 1364 ubertate.
1930 1330 1947 1360 ι
1992 1308 2129 1375 Quia
2162 1310 2228 1364 ad

668 1397 1073 1466 praedicandum
1110 1413 1312 1452 annum
1368 1397 1459 1453 Dei
1510 1400 1923 1469 acceptabilem,
1974 1407 2027 1453 et
2070 1400 2225 1454 diem

668 1485 1062 1548 retributionis,
1105 1487 1319 1542 venisse
1359 1485 1616 1542 Servator
1655 1489 1878 1553 dicitur,
1924 1490 2225 1543 secundum

669 1574 1006 1645 Scripturam
1030 1594 1092 1631 ex
1119 1578 1237 1646 ejus
1260 1592 1495 1648 persona
1516 1580 1596 1635 sic
1628 1580 1974 1648 loquentem:
2007 1598 2026 1631 ι
2055 1578 2225 1648 Spiri-

665 1675 755 1724 tus
772 1668 980 1723 Domini
1007 1685 1170 1740 super
1198 1686 1303 1733 me,
1327 1685 1393 1724 eo
1414 1670 1559 1740 quod
1584 1671 1801 1725 unxerit
1836 1676 1922 1725 me
1954 1689 1967 1724 :
1998 1685 2229 1740 evange‘

600 1802 601 1805 η
667 1759 832 1813 lizare
856 1761 1185 1829 pauperibus
1215 1761 1363 1815 misit
1403 1776 1522 1827 me;
1554 1761 1848 1834 praedicare
1887 1760 2115 1837 captivis
2152 1759 2229 1813 di-

2408 1236 2427 1268 ‹
2473 1216 2804 1287 Εὐλογήσεις
2828 1216 2918 1269 τὸν
2946 1215 3205 1284 στέφανον
3242 1214 3336 1268 τοῦ
3369 1214 3613 1269 ἐνιαυτοῦ
3645 1215 3733 1286 τῆς
3758 1234 3874 1289 χρη-

2331 1305 2582 1376 στότητός
2620 1323 2733 1370 σου,
2765 1306 2858 1359 καὶ
2888 1305 2954 1359 τά
2986 1304 3143 1357 πεδία
3190 1321 3285 1357 σου
3317 1303 3681 1375 πλησθήσεται
3710 1307 3874 1379 πιότη-

2327 1415 2435 1461 τος.
2484 1417 2502 1448 ι
2541 1397 2755 1469 Ἐπειδὴ
2784 1396 3017 1467 κηρῦξαι
3064 1395 3305 1447 ἐνιαυτὸν
3340 1395 3547 1465 Κυρίου
3572 1395 3768 1461 δεκτόν,
3792 1398 3876 1451 καὶ

2326 1490 2536 1560 ἡμέραν
2580 1487 2986 1551 άνταποδόσεως
3026 1485 3339 1561 ἐληλυθέναι
3382 1476 3595 1555 λέγεται
3628 1487 3656 1538 ό
3687 1487 3875 1560 Σωτήρ,

2328 1578 2466 1636 κατὰ
2502 1578 2601 1656 τήν
2655 1580 2967 1646 φάσκουσαν
3004 1576 3063 1645 ἐξ
3108 1576 3269 1633 αὐτοῦ
3320 1576 3612 1647 προσώπου
3645 1576 3898 1651 Γραφήνν

2330 1686 2348 1718 ι
2382 1665 2604 1738 Πνεῦμα
2652 1666 2857 1737 Κυρίου
2903 1666 2987 1717 ἐπ’
3032 1666 3152 1736 ἐμὲ,
3203 1657 3264 1719 οῦ
3316 1666 3521 1719 εῖνεκεν
3562 1665 3738 1737 ἐχρισέ
3780 1684 3873 1739 με·

2324 1758 2774 1831 εὐαγγελίσασθαι
2841 1760 3072 1829 πτωχοῖς
3134 1758 3439 1812 ἀπέσταλκε
3503 1775 3603 1828 με’
3668 1757 3879 1829 κηρῦξαι

665 1851 1005 1915 missionem,
1037 1860 1090 1905 et
1144 1857 1303 1907 cacis
1350 1852 1503 1908 visus
1546 1853 1981 1918 restitutionem;
2029 1867 2218 1907 vocare

2330 1847 2692 1922 αἰχμαλώτοις
2722 1848 2915 1917 ἄφεσιν
2943 1850 3037 1902 καὶ
3076 1848 3292 1918 τυφλοῖς
3320 1847 3611 1919 ἀνάϐλεψιν
3631 1866 3644 1879 ·
3673 1848 3879 1901 καλέσαι

663 1957 864 1997 annum
914 1941 1126 1997 Domini
1185 1945 1593 2014 ac'ceptabilem,
1631 1952 1686 1999 et
1725 1944 1867 1999 diem
1913 1944 2227 2005 retributio-

661 2035 834 2100 nis“;
851 2057 867 2085 ι
885 2036 1008 2108 jure
1025 2036 1113 2093 hic
1131 2035 1505 2093 retributionis
1523 2035 1663 2093 diem
1685 2036 1909 2091 indicat.
1931 2035 2025 2093 Est
2044 2046 2224 2092 autem

662 2126 752 2203 illa
791 2127 1031 2199 futurum
1087 2110 1366 2193 sarculum,
1397 2129 1542 2198 quod
1590 2136 1713 2198 post
1758 2130 2045 2204 praesentis
2097 2144 2226 2183 con-

659 2225 1075 2278 summationem
1102 2221 1297 2274 veniet.
1330 2218 1484 2273 Illum
1505 2220 1689 2291 itaque
1716 2236 1922 2276 annum
1947 2222 2107 2292 quasi
2131 2237 2225 2276 co-

660 2325 795 2364 rona
836 2312 1101 2381 novisque
1141 2327 1204 2385 ac
1244 2313 1509 2382 speciosis
1534 2314 1780 2377 tioribus,
1816 2315 1909 2385 qui
1932 2316 1990 2368 in
2015 2330 2081 2369 eo
2104 2330 2225 2369 ver-

660 2400 830 2457 saturi
878 2411 1024 2465 sunt,
1071 2384 1403 2466 ornandum,
1458 2420 1640 2458 sermo
1682 2421 1923 2475 praesens
1958 2407 2221 2461 vaticina-

660 2500 749 2547 tur
794 2491 981 2546 dicens
1015 2508 1028 2544 :
1072 2512 1090 2543 ι
1127 2492 1424 2571 Benedices
1470 2510 1687 2549 coronat
1712 2497 1841 2550 anni
1873 2496 2221 2568 benignitatis

659 2596 785 2641 tuae.
816 2607 835 2639 ι
857 2587 989 2641 Nam
1022 2589 1110 2644 ille
1142 2588 1308 2645 futuri
1340 2590 1523 2646 saeculi
1549 2607 1745 2655 annus,
1782 2607 1906 2648 cum
1941 2595 2011 2648 sit
2044 2611 2221 2651 annus

658 2680 1006 2750 benignitatis
1041 2681 1155 2747 Dei,
1190 2685 1525 2739 benedictam
1557 2700 1814 2740 coronam
1859 2686 2097 2751 habebit,
2135 2697 2221 2741 to-

657 2780 769 2825 tum
792 2788 982 2844 nempe
1000 2787 1311 2831 sanctorum
1337 2779 1586 2831 chorum.
1613 2776 1786 2843 Quam
1811 2794 2073 2834 coronam
2095 2794 2217 2834 cum

656 2864 1011 2928 benedixerit,
1048 2868 1285 2937 imponet
1308 2869 1425 2951 sibi.
1439 2867 1692 2923 Christus
1718 2868 1831 2929 Dei.
1855 2885 2043 2933 eorum
2074 2872 2220 2939 agri-

655 2961 883 3019 culturae
912 2959 1139 3021 ﬂoribus
1172 2961 1489 3019 decoratus.
1526 2958 1631 3016 Sed
1665 2962 1831 3016 etiam
1864 2962 1981 3031 ipse
2002 2978 2219 3018 eorum-

654 3052 775 3113 dem
805 3066 1007 3105 corona
1030 3051 1133 3109 erit
1183 3051 1482 3113 secundum
1524 3052 1721 3106 Isaiam
1752 3052 1831 3106 s‘ic
1869 3053 2212 3121 loquentem:

659 3156 679 3189 ι
722 3136 787 3193 Et
816 3140 920 3194 erit
951 3137 1215 3200 Dominus
1270 3138 1508 3198 Sabaoth
1557 3154 1761 3194 corona
1802 3141 2005 3209 glorias.
2064 3138 2217 3193 Tunc

2328 1940 2567 1994 ἐνιαυτὸν
2590 1941 2795 2012 Κυρίου
2813 1940 3019 2005 δεκτδν,
3053 1943 3146 1995 xal.
3169 1942 3385 2012 ἡμέραν
3405 1940 3797 2004 ἀνταποδόσεως
3816 1959 3827 1969 ·
3856 1960 3874 1991 ι

2325 2036 2547 2098 εἰκότως
2585 2036 2678 2088 καὶ
2705 2034 2935 2088 ἐνταῦθα
2961 2035 3057 2107 τὴν
3081 2036 3290 2107 ἡμέραν
3319 2018 3575 2105 σημαίνει
3615 2032 3710 2104 τῆς
3734 2036 3883 2088 ἀντα-

2327 2128 2612 2192 ποδόσεως.
2639 2128 2793 2181 Ἔστι
2818 2128 2875 2181 δὲ
2899 2127 3036 2200 αῦτη
3060 2131 3088 2182 ό
3111 2128 3316 2199 μέλλων
3349 2125 3733 2198 ἐπιστήσεσθαι
3758 2125 3881 2179 αἰὼν
3960 2120 3961 2135 ³

2328 2220 2465 2289 μετά
2498 2219 2598 2290 τὴν
2635 2219 2731 2272 τοῦ
2769 2219 3062 2284 ἐνεστῶτος
3105 2219 3430 2272 συντέλειαν.
3468 2218 3697 2271 Ἐκεῖνον
3719 2216 3882 2270 τοίνυν

2322 2313 2413 2365 τὸν
2446 2313 2687 2366 ἐνιαυτὸν
2710 2311 2897 2381 ῶσπερ
2929 2310 3176 2381 στεφάνῳ
3212 2310 3653 2380 κοσμηθήσεσθαι
3675 2308 3757 2363 διά
3781 2308 3883 2363 τῶν

2323 2402 2529 2471 νεαρῶν
2562 2394 2654 2456 καὶ
2698 2402 2915 2474 ὡραίων
2963 2400 3140 2455 ἀνθῶν
3170 2402 3277 2454 τῶν
3312 2401 3611 2471 μελλόντων
3652 2402 3706 2454 ἐν
3744 2399 3882 2470 αὺτῴ

2323 2488 2693 2548 πολιτεύεσθαι
2721 2534 2736 2560 ,
2793 2494 2853 2546 τὸ
2906 2493 3077 2565 παρὸν
3129 2491 3371 2557 θεσπίζει
3425 2492 3604 2561 λόγιον
3658 2493 3879 2561 φάσκον

2328 2606 2344 2637 ι
2387 2586 2711 2657 Εὑλογήσεις
2739 2585 2829 2639 τὸν
2859 2585 3117 2655 στέφανον
3154 2585 3247 2638 τοῦ
3277 2584 3521 2639 ἐνιαυτοῦ
3545 2585 3641 2656 τῆς
3666 2582 3882 2655 χρηστό-

2320 2681 2479 2753 τητός
2517 2698 2633 2735 σου.
2677 2700 2696 2731 ι
2744 2681 2800 2735 Ὀ
2832 2680 2939 2753 γάρ
2973 2664 3215 2743 ἐνιαυτὸς
3258 2680 3461 2742 ἐκεῖνος
3496 2681 3525 2731 ὁ
3555 2677 3647 2736 τοῦ
3679 2676 3884 2748 μέλλον·

2317 2790 2408 2838 τος
2432 2773 2646 2837 αίῶνος,
2680 2773 3043 2845 χρηστότητος
3073 2771 3149 2826 ὣν
3180 2771 3336 2837 Θεοῦ,
3371 2772 3630 2841 στέφανον
3661 2770 3766 2837 ἐξει
3791 2769 3877 2837 ηὑο

2319 2864 2613 2935 λογημένον
2635 2905 2649 2929 ,
2706 2863 2994 2935 σύμπαντα
3060 2864 3215 2936 χορὸν
3263 2863 3369 2917 τῶν
3431 2864 3621 2932 άγίων.
3642 2856 3650 2868 ’
3675 2863 3884 2917 Ὀντινα

2321 2943 2607 3026 στέφανον’,
2659 2956 2988 3028 εὐλογήσας,
3034 2955 3387 3027 περιθήσεται
3439 2959 3467 3009 6
3520 2957 3751 3031 Χριστὸς
3794 2953 3884 3007 τοῦ

2320 3046 2474 3108 Θεοῦ,
2498 3050 2612 3111 τοῖς
2632 3047 2729 3115 τῆς
2756 3044 2933 3101 αὐτῶν
2954 3044 3225 3116 γεωργίας
3253 3045 3467 3099 ἄνθεσιν
3505 3046 3880 3117 ὡραῖζόμενος.

2331 3137 2488 3191 Ἀλλὰ
2510 3139 2603 3197 καὶ
2626 3137 2785 3213 αὐτὸς
2821 3134 3001 3197 αὐτῶν
3023 3136 3308 3213 γενήσεται
3346 3136 3607 3205 στέφανος
3637 3138 3773 3191 κατὰ
3799 3137 3885 3197 τὸν

652 3230 833 3303 campi
864 3229 957 3285 Dei
994 3232 1353 3305 replebuntur
1377 3231 1646 3297 ubertate,
1680 3241 1735 3286 et
1773 3239 1986 3287 montes
2016 3230 2213 3287 deserti

2331 3228 2553 3281 Ἡσαΐαν
2578 3230 2851 3300 φήσαντα⁵
2878 3248 2895 3278 ι
2919 3229 3028 3280 Καὶ
3062 3228 3209 3282 ἔσται
3240 3228 3440 3298 Κύριος
3468 3228 3693 3283 Σαϐαὼθ
3716 3230 3745 3282 ό
3773 3230 3885 3293 στέη

653 3330 783 3377 tunc
816 3323 1168 3392 pinguescent
1192 3324 1259 3377 “.
1304 3343 1323 3375 ι
1356 3324 1435 3378 Ad
1476 3323 1589 3379 haec
1633 3326 1797 3380 etiam
1833 3332 1963 3378 tunc
1994 3342 2012 3374 ι
2049 3325 2214 3379 colles

650 3414 1010 3470 exsultatione
1029 3416 1398 3487 accingentur.
1428 3435 1447 3470 ι
1474 3415 1675 3477 Ρτιειει-
1690 3418 1804 3472 haec
1828 3426 2009 3471 autem
2030 3417 2213 3502 agonia

652 3503 850 3559 arietes
907 3505 1088 3558 ovium
1146 3505 1370 3575 pr0prio
1438 3507 1636 3562 vellere
1708 3508 2017 3562 induentur.
2090 3505 2215 3562 Haec

651 3610 816 3665 perro
843 3596 1131 3669 intelliges,
1161 3597 1206 3653 si
1230 3612 1417 3651 eorum
1442 3598 1535 3668 qui
1566 3598 1794 3653 salutem
1822 3600 2215 3659 naneiscuntur

649 3682 967 3740 discrimina
1020 3695 1197 3739 tecum
1254 3695 1492 3762 reputes.
1550 3685 1793 3754 Quorum
1850 3688 1943 3744 alii
1994 3688 2214 3758 quidem

649 3776 1051 3843 comparatione
1087 3779 1524 3849 praastantiorum
1556 3778 1711 3847 quasi
1747 3777 2003 3834 inferiore
2042 3778 2212 3849 gradu

635 3865 775 3918 vitat
805 3865 1137 3929 incedentes,
1175 3867 1462 3937 allegorice
1515 3869 1693 3939 campi
1725 3867 1818 3923 Dei
1856 3870 2101 3925 ubertate
2131 3887 2215 3925 re-

652 3954 778 4023 pleti
824 3956 998 4009 vocati
1041 3964 1197 4023 sunt;
1240 3973 1409 4034 quare
1451 3958 1658 4013 dictum
1711 3967 1833 4014 est:
1868 3979 1884 4011 ι
1916 3960 2104 4030 Campi
2136 3961 2214 4015 tui

650 4046 999 4115 replebuntur
1028 4043 1309 4115 ubertaie;
1350 4070 1368 4101 ι
1407 4051 1496 4106 alii
1531 4068 1657 4107 vero
1682 4054 1851 4107 variis
1894 4054 2006 4123 jam
2039 4055 2213 4109 virtu-

648 4136 795 4192 tibus
826 4134 1102 4202 ﬂorcntes,
1127 4146 1338 4191 montes
1362 4134 1614 4196 Ecclesia:
1638 4143 1793 4213 prius
1815 4142 2045 4208 deserta:
2070 4160 2210 4199 nun-
2234 4142 2235 4145 “

648 4231 826 4301 cupati
858 4237 1003 4285 sunt.
1033 4228 1134 4296 Qui
1163 4238 1215 4283 et
1245 4230 1347 4305 ipsi
1378 4231 1607 4285 ubertim
1631 4234 1838 4304 irrigati
1866 4250 1893 4286 a
1918 4246 2215 4289 memorato

650 4323 889 4385 ﬂumine,
911 4322 1237 4392 pinguedine
1255 4323 1497 4393 replendi
1514 4324 1770 4381 dicuntur
1788 4343 1800 4387 ;
1820 4324 1913 4380 sed
1931 4327 2094 4381 etiam
2112 4327 2215 4380 colo

651 4413 728 4466 l‘es
746 4412 812 4465 iis
830 4428 1042 4482 quoque
1060 4413 1425 4475 sublimiores.
1447 4414 1525 4470 sic
1540 4414 1748 4486 tropice
1762 4416 1958 4476 vocati,
1976 4414 2215 4470 exsulta-

648 4502 795 4562 tione
810 4503 1183 4573 accingentur.
1202 4503 1265 4557 Et
1289 4505 1339 4558 hi
1358 4504 1574 4577 quidem
1595 4514 1707 4562 tres
1722 4505 1943 4562 ordines
1961 4507 2013 4561 in
2033 4507 2213 4565 futuro

2318 3338 2480 3389 φανός
2502 3321 2596 3391 τῆς
2622 3319 2797 3389 δόξης.
2832 3320 2963 3373 Τότε
2992 3320 3049 3373 δὲ
3079 3322 3171 3383 καὶ
3199 3320 3266 3373 τά
3288 3320 3444 3374 πεδία
3474 3321 3568 3376 τοῦ
3602 3321 3734 3376 Θεοῦ
3767 3320 3887 3391 πλη-

2319 3410 2571 3487 σθήσεται
2605 3412 2877 3483 πιότητος,
2923 3414 3016 3470 καὶ
3054 3412 3122 3478 τὰ
3154 3412 3284 3486 ὃρεα
3321 3414 3374 3466 δὲ
3410 3415 3509 3484 τῆς
3543 3414 3749 3485 ἐρήμου
3770 3414 3885 3477 τότε

2316 3503 2686 3582 πιανθήσεται.
2702 3504 2851 3556 »Ἔτι
2878 3503 2983 3574 μὴν
3003 3505 3096 3563 καὶ
3115 3522 3133 3555 ι
3157 3507 3205 3557 οί
3230 3506 3403 3574 βουνοί
3428 3524 3445 3555 ι
3464 3504 3585 3558 τότε
3603 3523 3620 3555 ι
3646 3504 3889 3572 ἀγαλλίαο

2317 3613 2400 3649 σιν
2435 3594 2845 3667 περιξώσονται.
2873 3614 2891 3647 ι
2914 3597 3023 3649 Καὶ
3052 3596 3187 3666 πρὸς
3211 3596 3417 3659 τούτοις
3446 3594 3649 3649 ἅπασιν
3671 3598 3719 3649 οί
3749 3596 3886 3669 κριοὶ,

2315 3688 2423 3743 τῶν
2456 3688 2743 3758 προϐάτων
2769 3688 2895 3751 τοὺς
2913 3687 3074 3750 ίδίους
3100 3688 3404 3742 ἑνδύσονται
3421 3688 3640 3753 ⁴πλόκους.
3663 3689 3885 3762 Νοήσεις

2314 3781 2370 3839 δὲ
2402 3780 2588 3843 ταῦτα,
2612 3780 2707 3859 τὴν
2732 3774 2999 3851 διαφορὰν
3042 3779 3571 3863 ὑποθέμενοςέέαυτῷ
3594 3782 3700 3836 τῶν
3725 3783 3887 3847 σωζο-

2319 3875 2515 3943 μένων·
2548 3867 2622 3926 ὦν
2650 3876 2698 3925 οί
2727 3872 2844 3943 μὲν,
2877 3872 2952 3936 ὼς
2980 3874 3063 3926 ,ἐν
3090 3872 3386 3943 παραθέσει
3431 3872 3541 3927 τῶν
3576 3875 3886 3947 κρειττόνων

2316 3966 2404 4018 τὸν
2457 3964 2570 4033 βίον
2611 3965 3050 4039 ὑποϐεϐηκότες,
3110 3963 3450 4036 άλληγορικῴ
3504 3966 3687 4044 τρόπῳ
3734 3968 3887 4030 πεδία

2315 4053 2449 4107 Θεοῦ
2476 4056 2993 4128 προσηγορεύθησαν
3023 4055 3274 4128 πιότητος
3306 4055 3671 4128 πληρούμενα’
3702 4056 3783 4111 διὸ
3807 4058 3884 4110 λέ-

2315 4132 2531 4200 λεκται·Δ
2556 4165 2574 4198 ι
2594 4146 2675 4201 Τά
2697 4149 2854 4203 πεδία
2880 4165 2973 4201 σου
3008 4146 3373 4220 πλησθήσεται
3404 4150 3709 4223 πιότητοςοι
3743 4150 3794 4203 οί
3832 4149 3884 4202 δὲ

2316 4239 2413 4310 ήδη
2448 4241 2504 4293 ἐν
2528 4240 2800 4312 διαφόροις
2836 4241 3059 4312 ἀρεταῖς
3113 4240 3398 4306 ἀνθοῦντες
3424 4242 3556 4315 ὄρεα
3608 4243 3708 4314 τῆς
3764 4244 3883 4315 πρὶν

2315 4332 2518 4402 ἐρήμου
2552 4332 2873 4401 Ἐκκλησίας
2900 4332 3309 4403 ὠνομάσθησαν·
3328 4336 3397 4399 οἳ,
3432 4336 3527 4389 καὶ
3556 4337 3712 4391 αὐτοὶ
3735 4335 3886 4397 πλαψ

2318 4423 2447 4486 σίως
2475 4424 2758 4495 ἀρδόμενοι
2792 4426 2855 4477 ἐκ
2890 4426 2981 4485 τοῦ
3010 4427 3635 4509 δηλωθέντος-κποταμοῦ,
3669 4429 3885 4499 πιανθή-

2318 4515 2502 4569 σεσθαι
2547 4515 2811 4585 λέγονται·
2847 4517 2980 4576 ἀλλὰ
3037 4520 3131 4573 καὶ
3161 4521 3209 4571 et
3240 4519 3319 4571 ἔτι
3341 4518 3545 4573 τούτων
3573 4519 3883 4591 ὑψηλότεροι

648 4594 997 4671 benignitatis
1015 4596 1103 4649 Dei
1123 4612 1266 4651 anno
1283 4597 1671 4659 beatitudinem
1687 4606 2088 4667 consequentur
2104 4617 2117 4652 :
2132 4596 2218 4665 qui

2329 4604 2507 4674 βουνοί
2531 4605 2804 4677 τροπικῶς
2836 4607 3157 4679 καλούμενοι
3206 4608 3521 4685 ἀγαλλίασιν
3569 4608 3885 4680 περιζώσον-

650 4687 882 4741 fortasse
905 4701 971 4739 ex
997 4701 1182 4740 eorum
1211 4704 1435 4743 numero
1455 4705 1481 4743 s
1501 4698 1615 4752 unt,
1634 4690 1725 4759 qui
1751 4688 1987 4743 fructum
2015 4688 2215 4751 ferunt,

650 4778 739 4833 alii
766 4778 1144 4843 centesimum,
1181 4778 1273 4831 alii
1297 4780 1716 4847 sexagesimum,
1738 4782 1830 4835 alii
1857 4782 2218 4851 tricesimum.

647 4870 752 4937 Qui
773 4884 899 4923 vero
919 4884 1105 4923 eorum
1132 4866 1368 4939 praefecti
1394 4867 1559 4922 futuri
1582 4882 1726 4936 sunt,
1756 4874 2028 4943 principes
2045 4889 2108 4928 ac
2128 4874 2226 4929 du-

648 4979 738 5017 ces
754 4962 971 5033 quidam
994 4962 1255 5031 ipsorum,
1282 4963 1712 5032 praecellentibus
1732 4967 2026 5022 virtutibus
2060 4979 2221 5027 exor-

648 5055 952 5119 nabuntur;
969 5067 1135 5124 quare
1150 5051 1349 5107 dicitur
1368 5072 1411 5108 ει
1438 5053 1614 5109 lnduti
1629 5066 1755 5110 sunt
1770 5056 1965 5111 arietes
1982 5057 2185 5119 ovium,
2200 5075 2217 5107 ι

650 5164 713 5202 ac
747 5148 793 5201 si
831 5147 1054 5209 diceret,
1107 5147 1459 5204 rinduentur.
1510 5169 1529 5201 ι
1571 5150 1783 5205 Arietcs
1826 5159 2002 5209 autem
2038 5152 2218 5207 ovium

614 5230 615 5233 “
650 5237 920 5307 principes
936 5252 998 5291 ac
1014 5239 1179 5293 duces
1194 5249 1614 5295 memoratarum
1630 5243 1904 5295 hominum
1924 5243 2214 5313 intelligas.

650 5329 743 5398 qui
779 5329 949 5381 induti
982 5338 1128 5391 sunt,
1162 5331 1268 5385 imo
1294 5334 1471 5400 potius
1497 5332 1807 5388 inclinentur.
1827 5332 1964 5398 Quid
1990 5334 2216 5389 induen-

653 5430 739 5472 tur
761 5418 1105 5490 cogitandum
1131 5422 1287 5476 nobis
1314 5423 1534 5489 reliquit
1562 5442 1576 5490 ;
1618 5424 1711 5479 sed
1742 5424 1847 5478 tale
1877 5424 2033 5479 nobis
2056 5423 2213 5480 indu-

650 5516 890 5571 mentum
906 5509 1141 5562 declarat
1158 5510 1375 5567 divinus
1392 5511 1681 5588 Apostolus
1697 5513 1883 5568 dicens
1910 5532 1923 5568 :
1946 5533 1965 5565 ι
1984 5512 2209 5585 Oportet

654 5597 1117 5675 corruptibilebOc
1140 5597 1361 5655 induere
1382 5600 1839 5674 incorruptionem
1854 5603 1930 5671 ";
1968 5624 1986 5657 ι
2016 5620 2080 5660 ac
2094 5620 2208 5659 rur-

654 5703 800 5743 sum:
824 5708 843 5740 ι
866 5688 939 5743 Eo
957 5690 1099 5760 quod
1122 5692 1369 5749 nolumus
1384 5680 1697 5766 exspoliari,
1712 5696 1805 5752 sed
1826 5697 2201 5767 supervestiri,

724 5844 771 5883 “
796 5846 898 5911 lsa.
929 5863 1040 5916 ιιι,
1076 5849 1124 5905 Ι.
1203 5852 1243 5882 δ’
1279 5854 1379 5907 lsa.
1412 5864 1600 5921 ISVIII,
1640 5854 1691 5910 5.

1795 5855 1837 5886 δ’
1873 5853 1890 5907 l
1920 5856 2040 5931 Cor.
2072 5872 2159 5925 xv,
2190 5854 2277 5914 33.

2319 4710 2427 4746 ται.
2463 4695 2569 4747 Καὶ
2593 4695 2718 4761 τρία
2744 4696 2843 4766 μὲν
2891 4697 3062 4752 ταῦτα
3081 4699 3332 4771 τάγματα
3356 4698 3497 4752 κατά
3521 4698 3612 4755 τὸν
3636 4698 3884 4769 μέλλοντα

2321 4786 2565 4839 ἐνιαυτὸν
2613 4786 2713 4857 τῆς
2756 4790 3117 4860 χρηστότητος
3178 4790 3270 4844 τοῦ
3324 4788 3458 4861 Θεοῦ
3498 4788 3745 4854 τεύξεται
3794 4789 3881 4861 τῆς

2327 4862 2744 4949 μακαριότητος·
2772 4879 2910 4950 τάχα
2945 4898 3045 4935 που
3078 4881 3137 4945 ἐξ
3162 4881 3384 4936 ἐκείνων
3406 4880 3578 4945 ὄντες,
3603 4873 3677 4933 ὧν
3702 4881 3750 4934 οί
3797 4882 3883 4952 μὶν

2324 4965 2540 5019 ἐποίουν
2567 4974 2631 5039 ρ’,
2650 4964 2699 5019 οἱ
2728 4967 2784 5020 δὲ
2803 4967 2864 5033 ξ’,
2884 4973 2930 5024 οἱ
2958 4972 3013 5024 δὲ
3030 4972 3092 5024 λ’.
3106 4974 3166 5025 Οί
3193 4971 3249 5025 δὲ
3265 4971 3470 5036 τούτων
3482 4972 3882 5045 ἐπιστησόμενοι

2324 5056 2582 5127 ἄρχοντές
2622 5074 2767 5120 τινες
2820 5060 2913 5112 καὶ
2946 5059 3210 5130 ἡγεμόνες
3239 5060 3384 5122 τινὲς
3415 5058 3616 5121 αὐτῶν,
3648 5061 3705 5113 ἐν
3734 5061 3881 5113 δυνά-

2330 5164 2484 5219 μεσιν
2510 5148 2806 5220 ἐξαιρέτοις
2847 5140 3300 5222 κοσμηθήσονται’
3329 5151 3410 5204 διδ
3426 5148 3697 5205 λέλεκται’
3736 5170 3753 5203 ι
3789 5153 3879 5205 Ἐν-

2324 5238 2574 5294 εδύσαντο
2602 5241 2651 5293 οἱ
2680 5242 2824 5313 κριοὶ
2844 5241 2951 5294 τῶν
2986 5242 3323 5313 προϐάτων’›
3353 5242 3471 5296 άντὶ
3502 5241 3616 5296 τοῦ’
3650 5264 3668 5293 ι
3715 5243 3879 5297 Ἐνδιξν

2324 5348 2556 5386 σονται.»
2592 5334 2795 5405 Κριοὺς
2849 5333 2905 5387 δὲ
2955 5335 3241 5407 προϐάτων
3290 5336 3414 5401 τοὺς
3455 5335 3725 5407 ἄρχοντας
3776 5336 3882 5399 τοίὲ

2319 5426 2651 5497 ἡγουμένους
2675 5425 2783 5480 τῶν
2809 5426 3213 5500 προλεχθέντων
3240 5430 3473 5501 νοήσεις,
3494 5427 3690 5493 οίτινες
3719 5426 3882 5480 ἐνεδὺ-

2320 5533 2479 5571 σαντο
2507 5519 2541 5590 ἢ
2574 5520 2666 5573 καὶ
2700 5517 2897 5590 μᾶλλον
2960 5521 3285 5575 ἐνδύσονται.
3339 5518 3402 5573 Τί
3447 5518 3506 5574 δὲ
3560 5515 3878 5576 ἐνδύσοντσιι

2314 5608 2442 5676 ἡμῖν
2484 5608 2869 5662 καταλέλοιπεν
2898 5612 3056 5665 νοεῖν·
3090 5609 3327 5665 διδάσκει
3371 5608 3429 5664 δὲ
3450 5610 3511 5664 τὸ
3538 5598 3749 5679 ἐνδυμα
3774 5606 3874 5659 10-J-

2309 5714 2415 5752 των
2447 5702 2481 5753 ό
2507 5700 2647 5766 θεῖος
2679 5702 2998 5768 ’Δπόστολος
3028 5703 3217 5775 λέγων·
3240 5702 3363 5760 «Διί
3382 5703 3443 5757 τὸ
3474 5698 3719 5773 φθαρτὸν
3742 5697 3880 5759 τοῦτο
