3976 6348
86 437 189 493 645

1206 427 1707 487 (ΣΟΜΜΕΝΤΔΒΙΑ
1745 429 1809 484 ΙΝ
1850 425 2190 484 PSALMOS.
2236 415 2239 418 ’

3212 419 3337 489 διε,

86 548 402 605 ἐνδύσασθαι
450 547 767 619 ἀφθαρσίαν·
798 566 816 600 ι
852 548 944 601 καὶ
967 546 1143 622 πάλιν·
1160 565 1186 598 ς
1217 547 1330 616 Ἐφ’
1354 539 1398 615 ᾧ
1420 547 1478 600 οὐ
1505 545 1653 600 θέλο-

1760 553 1818 598 ut
1839 543 2195 599 absorbeatur
2215 538 2356 611 quod
2378 532 2605 593 mortale
2619 533 2703 593 est
2718 550 2748 589 a
2764 535 2874 591 vita
2888 536 2958 591 ".
2987 556 3005 587 ι
3021 532 3316 589 lndueutur

88 658 185 712 μεν
200 639 519 695 ἐνδύσασθαι
549 640 625 711 (ι)
642 681 656 706 ,
671 640 785 694 ἀλλ’
807 640 1217 707 ἐπενδύσασθαι,
1245 641 1331 694 ἵνα
1352 642 1639 712 καταποθῇ

83 733 142 786 τὸ
171 732 363 802 θνητὸν
421 732 524 786 ὑπὸ
564 732 663 814 τῆς
722 729 885 804 ζωῆς.
919 752 937 785 ι
1003 732 1337 786 Ἐνδύσονται
1386 734 1566 787 τοίνυν
1594 735 1643 786 οί

83 823 227 895 κριοὶ
246 822 307 876 τὸ
332 823 609 894 ὲμπρέπον
630 823 1065 895 αὑτοῐςΐνδυμα,
1089 824 1179 877 τοῦ
1201 822 1441 896 ’φθαρτοῦ
1469 824 1647 896 σώμα-

81 926 171 973 τος
202 911 386 974 αὐτοῖς
432 910 853 981 μεταϐάλλοντος
895 915 974 977 είς
1014 913 1345 984 ἀφθαρσίαν,
1405 915 1500 970 καὶ
1551 914 1642 969 τοῦ

84 1000 278 1072 θνητοῦ
305 1004 383 1065 είς
414 1001 725 1057 ἀθανασίαν.
788 1003 942 1058 Οὕτω
995 1005 1122 1073 γοῦν
1171 1005 1310 1059 κατά
1354 1007 1419 1059 τὸ
1465 1008 1636 1078 παρά-

80 1094 282 1165 δειγμα
302 1095 392 1148 καὶ
422 1095 469 1147 οί
490 1096 633 1167 κριοὶ
660 1095 1188 1165 οίκοθεν.ὲπάγονται
1211 1097 1273 1151 τὸ
1298 1097 1519 1169 ἔνδυμα,
1550 1100 1645 1153 τοῦ

85 1184 334 1255 σώματος
394 1187 573 1251 αὐτοῖς
626 1188 1090 1260 καρποφοροῦντος
1141 1190 1233 1243 τὸν
1268 1190 1451 1243 πόκον.
1490 1191 1648 1244 Ἀλλά

82 1275 173 1326 καὶ
202 1276 366 1329 αὐτὸν
393 1276 697 1330 ὲνδύσονται
729 1278 817 1330 τὸν
849 1278 1049 1352 Κύριον
1071 1279 1225 1351 ήμῶν
1269 1280 1474 1352 Ἰησοῦν
1510 1282 1641 1353 Χρι-

84 1366 225 1432 στὸν,
250 1367 314 1420 τὸ
341 1368 614 1441 ἐξαίρετον
639 1369 842 1441 ἔνδυμα
869 1370 928 1424 τὸ
956 1371 1068 1439 φῶς
1087 1372 1185 1442 τῆς
1205 1370 1453 1443 θεότητος
1485 1374 1648 1427 αὐτοῦ

82 1458 549 1530 περιϐαλούμενοι.
583 1462 702 1514 Ἔτι
748 1462 844 1532 μὲν
897 1461 991 1515 καὶ
1026 1480 1045 1512 ι
1086 1464 1140 1516 αί
1182 1462 1424 1527 κοιλάδες
1456 1482 1476 1516 ι
1527 1465 1649 1517 τότε

88 1568 105 1601 ι
146 1549 479 1621 πληθυνοῦσι
525 1554 686 1611 σῖτον.
713 1571 731 1604 ι
769 1538 914 1606 Ἔδει
939 1552 1047 1625 γὰρ
1079 1554 1211 1624 μηδὲ
1239 1553 1345 1607 τῶν
1393 1553 1649 1609 κοιλάδων

83 1643 485 1715 ἀμνημονῆσαι·
519 1644 773 1715 ἀνωτέρω
798 1644 894 1714 μὲν
926 1645 1033 1719 γὰρ
1058 1645 1304 1708 πεδιάδες
1334 1645 1653 1717 ὠνομάσθη-

85 1751 181 1788 σαν
209 1734 304 1789 καὶ
322 1734 452 1806 ὄρεα
481 1736 579 1805 ὲρή
590 1752 689 1806 μου
720 1736 814 1791 καὶ
842 1736 1038 1807 βουνοί.
1092 1737 1309 1809 Ἐπειδὴ
1341 1738 1397 1790 δέ
1425 1738 1530 1790 είσι
1559 1736 1652 1790 καὶ

85 1824 233 1896 παρὰ
254 1823 325 1877 τὰ
346 1822 605 1894 λεχθέντα
632 1824 885 1896 τάγματα
918 1825 1065 1879 ἄλλοι
1094 1827 1237 1889 τινὲς
1260 1826 1650 1898 ταπεινότεροι,

1744 640 1923 710 itaque
1949 639 2144 693 arietes
2166 634 2482 705 congruenti
2508 632 2607 687 sibi
2628 632 2970 691 vestimento,
2986 635 3193 682 mutato
3205 641 3301 681 cor

1743 730 1983 802 ruptibili
2009 741 2237 798 corpore
2257 726 2309 780 in
2331 724 2816 793 incorruptionem,
2834 729 2889 777 et
2911 720 3128 775 mortali
3151 720 3204 772 in
3224 720 3317 773 im-

1744 815 2242 875 mortalitatem.Sic
2261 816 2439 885 itaque
2459 812 2755 869 secundum
2774 812 3004 881 exempli
3025 811 3317 873 rationem,

1743 911 1942 965 arietes
1968 908 2346 963 vestimentum
2366 905 2466 957 sibi
2485 902 2809 972 producunt,
2833 915 3058 970 corpore
3081 900 3200 969 ipso
3215 900 3317 954 vel-

1741 1003 1830 1058 lus
1850 1001 2149 1057 emittente.
2177 999 2289 1051 lmo
2311 1011 2438 1051 vero
2466 995 2643 1065 ipsum
2667 991 2949 1046 Dominum
2963 1002 3208 1046 nostrum
3225 987 3317 1043 ιε-

1747 1108 1865 1148 sunt
1882 1090 2161 1147 Christum
2193 1088 2417 1144 inducat
2442 1084 2890 1157 praestantissimo
2918 1082 3010 1136 illo
3032 1081 3319 1136 indumen-

1746 1194 1823 1250 to,
1850 1186 1971 1240 luce
1988 1198 2182 1263 nempe
2197 1182 2412 1238 deitatis
2432 1179 2718 1235 vestiendi.
2742 1178 2823 1233 Ad
2847 1177 2962 1232 haec
2991 1185 3169 1231 autem
3190 1184 3318 1229 tunc

1753 1297 1771 1329 ι
1796 1278 1967 1332 valles
1987 1275 2339 1331 abundabunt
2356 1271 2651 1327 Irumento.
2675 1289 2693 1323 ι
2718 1268 2821 1323 Par
2850 1269 3049 1339 quippe
3075 1266 3177 1322 fuit
3200 1267 3317 1321 val-

1748 1369 1827 1425 lea
1847 1383 1955 1422 non
1978 1352 2513 1435 silentiopréeterire;
2536 1376 2658 1415 nam
2679 1359 2928 1430 superius
2946 1358 3145 1428 campi,
3165 1372 3322 1411 mon—

1749 1450 2066 1521 tesdeserti,
2081 1464 2135 1511 et
2146 1455 2313 1511 colles
2346 1454 2761 1509 nominatisunt.
2785 1450 2921 1516 Quia
2942 1464 3071 1505 vero
3086 1450 3175 1504 alii
3193 1456 3324 1504 sunt

1755 1549 2071 1605 memoratis
2096 1546 2379 1601 ordinibus
2411 1544 2649 1608 viliores,
2675 1558 2848 1613 neque
2868 1552 3049 1596 tamen
3068 1558 3133 1596 ex
3153 1554 3321 1611 regno

1749 1638 2019 1711 ejiciendi,
2051 1638 2176 1691 licet
2202 1635 2472 1705 praedictis
2490 1632 2808 1701 comparati,
2824 1633 2995 1702 parvi,
3011 1632 3214 1701 pusilli,
3231 1647 3318 1697 ac,

1753 1740 1816 1805 ut
1856 1731 1931 1784 ita
1958 1729 2154 1792 dicam,
2184 1726 2444 1798 postremi
2477 1725 2777 1778 habeantur
2805 1739 2820 1787 ;
2877 1737 3099 1778 necesse
3130 1722 3230 1775 fuit
3258 1732 3319 1775 ut

1760 1836 1936 1892 neque
1968 1836 2163 1875 eorum
2191 1817 2395 1873 mentio
2421 1816 2817 1887 praeteriretur;
2853 1814 2947 1870 sed
2975 1830 3071 1889 eos
3097 1830 3316 1885 quoque

84 1919 176 1971 καὶ
208 1918 311 1971 οὐκ
332 1918 624 1989 ἀπόϐλητοι
653 1918 751 1989 μὲν
769 1917 867 1988 τῆς
891 1917 1183 1988 βασιλείας,
1214 1919 1351 1989 πλὴν
1370 1918 1444 1982 ὡς
1467 1921 1523 1972 ὲν
1550 1936 1653 1973 πα-

1756 1922 2137 1981 congruentem
2182 1908 2416 1961 fructum
2461 1905 2667 1958 laturos
2706 1917 2828 1957 esse
2875 1900 3184 1955 declaratur
3231 1899 3318 1955 his

88 2008 304 2081 ραθὲσει
357 2009 464 2063 τῶν
524 2008 923 2081 προλεχθέντων
984 2012 1207 2080 σμικροὶ
1253 2011 1347 2062 καὶ
1399 2010 1616 2081 βραχεῖς
1636 2050 1651 2072 ,

89 2101 302 2170 πάντων
321 2118 383 2155 τε
400 2101 476 2165 ὡς
507 2100 573 2154 ἂν
593 2086 863 2165 εἴποιτις,
918 2100 1151 2171 ἔσχατον
1200 2100 1509 2168 ἀναγκαίως
1538 2101 1655 2153 οὐδὲ

85 2193 289 2247 τούτων
319 2191 561 2265 παρῆλθε
589 2192 686 2264 τὴν
729 2193 948 2264 μνήμην
988 2193 1018 2244 ό
1067 2192 1240 2261 λόγος·
1272 2191 1407 2245 ἀλλά
1431 2192 1523 2243 καὶ
1561 2192 1657 2245 αύ-

83 2288 207 2350 τοὺς
240 2286 454 2359 καρπὸν
478 2284 641 2339 οἴσειν
674 2284 763 2337 τὸν
793 2284 1148 2351 ἐπιϐάλλοντα
1173 2283 1411 2336 διδάσκει
1463 2283 1652 2352 λέγων·

90 2396 106 2426 ι
132 2375 245 2430 Καὶ
274 2378 331 2429 αἱ
359 2375 599 2439 κοιλάδες
623 2374 947 2445 πληθυνοῦσι
973 2377 1116 2428 σῖτον
1141 2394 1159 2425 ι
1191 2374 1579 2447 προφέρουσαι,
1598 2373 1653 2442 ἢ,

91 2487 108 2517 ι
134 2467 232 2539 τὴν
263 2467 520 2541 τροφὴν,›
550 2468 690 2521 κατά
710 2468 801 2520 τὸν
834 2466 1146 2538 Σύμμαχον.
1183 2484 1201 2518 ι
1230 2463 1691 2544 Κεκράξονταιδῴ

85 2557 147 2610 Τί
164 2559 222 2613 δὲ
246 2557 629 2630 κεκράξονται,
661 2558 948 2631 ὲρμηνεύει
976 2558 1102 2630 ἑξῆς
1155 2558 1345 2626 λέγων’
1371 2578 1388 2610 ι
1417 2559 1525 2613 Καὶ
1552 2559 1659 2629 γὰρ

86 2650 473 2722 ὑμνήσουσιν)
518 2650 649 2704 ὡσεὶ
683 2652 1010 2721 σαφέστερον
1066 2653 1293 2723 είρήκει·
1324 2652 1385 2704 El
1412 2651 1517 2721 γὰρ
1548 2668 1659 2703 κοι-

85 2740 240 2805 λάδες
273 2741 650 2812 τυγχάνουσιν,
683 2742 830 2813 ὅμως
881 2742 927 2795 δ’
960 2737 1051 2795 οὖν
1097 2743 1393 2811 ὑμνήσουσι
1444 2742 1533 2793 τὸν
1568 2743 1658 2794 καὶ

86 2831 267 2894 αὐτοῖς
300 2831 409 2884 τῶν
430 2830 647 2900 ἀγαθῶν
671 2832 929 2905 πάροχον.
970 2830 1263 2901 ’Υμνοῦσαι
1294 2831 1349 2883 δὲ
1370 2830 1657 2903 κεκράξον-

87 2937 194 2985 ται,
226 2921 512 2995 παρρησίᾳ
535 2919 811 2993 χρώμεναι
839 2920 934 2975 καὶ
974 2910 1329 2991 βοῇμεγάλη.
1356 2920 1563 2972 Βοῶσαι
1601 2920 1657 2973 δὲ

89 3014 302 3085 κραυγῇ
335 3011 430 3065 καλ⁵
462 3012 721 3083 ὑμνοῦσαι
754 3010 909 3074 ποίας
942 3011 1266 3083 προήσονται
1290 3009 1491 3079 φωνὰς,
1514 3009 1659 3079 ἢτάς

89 3103 145 3155 ιν
173 3103 320 3174 ἀρχῇ
375 3103 573 3181 παντὸς
618 3101 829 3173 ψαλμοῦ
891 3101 1216 3173 φερομένων
1276 3101 1409 3153 ιΣοὶ
1461 3101 1658 3172 πρέπει

90 3194 277 3266 ὕμνος,
305 3198 335 3248 ὁ
366 3195 514 3263 Θεὸς,
543 3197 601 3251 ὲν
648 3195 839 3260 Σιὼν,ι
888 3194 1184 3264 λέγουσαι;
1219 3195 1553 3262 Ἀναγκαίως
1601 3193 1659 3246 δὲ

90 3284 378 3357 πρόκειται
401 3285 463 3338 τό
496 3302 510 3314 ·
546 3304 565 3336 ι
590 3285 979 3357 Κεκράξονται,
1026 3284 1121 3336 καὶ
1169 3285 1277 3353 γάρ
1305 3284 1651 3355 ὺμνὴσουσι,ι

89 3380 215 3451 περὶ
239 3379 352 3434 τῶν
377 3380 654 3443 κοιλάδων,
689 3381 722 3450 ἢ
781 3380 874 3432 καὶ
907 3380 1034 3451 περὶ
1094 3378 1202 3431 τῶν
1258 3378 1660 3449 προλεχθέντων

89 3472 369 3534 ἁπάντων,
398 3472 472 3535 ὡς
498 3472 564 3526 ἂν
590 3472 873 3542 μάθοιμεν,
914 3471 995 3524 ὅτι
1020 3470 1095 3540 μὴ
1124 3472 1251 3541 περὶ
1276 3470 1544 3541 αἰσθητῶν
1570 3470 1661 3522 καὶ

91 3562 419 3627 σωματικῶν
464 3562 645 3616 τόπων
691 3565 720 3615 ὁ
768 3561 922 3629 λόγος
977 3557 1145 3614 ταῦτα
1185 3560 1440 3613 διδάσκει·
1486 3561 1659 3613 καίτοι

89 3656 181 3710 καὶ
212 3657 345 3727 περὶ
373 3653 573 3707 τούτων
621 3654 765 3717 εἰκὸς
795 3649 863 3723 ἦν
893 3652 961 3706 τά
1006 3650 1371 3723 προλεχθέντα
1409 3650 1659 3718 λέγεσθαι

89 3746 330 3819 νομίζειν
358 3747 451 3799 ἐπὶ
475 3747 584 3810 τοῖς
609 3744 882 3816 αἰσθητοῖς
902 3743 995 3797 τοῦ
1014 3742 1147 3796 Θεοῦ
1168 3743 1507 3816 δωρήμασιν,
1533 3741 1658 3795 ὥστ’

91 3834 223 3893 εἶναι
252 3838 665 3910 εύχαριστήριον
697 3835 885 3907 ὕμνον,
929 3834 1003 3898 ὼς
1031 3833 1166 3908 πρὸς
1198 3834 1294 3902 τὴν
1322 3832 1483 3896 λέξιν,
1521 3833 1661 3901 ὑπὲρ

88 3931 194 3986 τῶν
222 3932 349 3985 κατ’
381 3929 496 3993 ἔτος
521 3927 825 4001 ἀνθρώποις
854 3926 1269 3999 χορηγουμένων
1299 3925 1387 3978 τὸν
1421 3926 1660 3995 παρόντα

89 4024 265 4093 λόγον.
293 4022 432 4076 Καθ’
471 4021 700 4076 ἕκαστον
762 4020 892 4091 γοῦν
925 4019 1167 4074 ἐνιαυτὸν
1214 4020 1243 4072 ό
1286 4016 1663 4088 φιλάνθρωπος

90 4117 179 4169 καὶ
206 4114 415 4177 παντὸς
434 4112 636 4183 ἀγαθοῦ
670 4112 832 4185 δοτὴρ
860 4112 1010 4177 Θεὸς,
1059 4109 1518 4180 ἐπισκεπτόμενος
1564 4106 1661 4178 τὴν

90 4207 211 4277 γῆν.
248 4205 513 4278 μεθύσκει
544 4192 731 4275 αὐτὴν,
767 4204 939 4277 ἀρδων
971 4206 1081 4268 τοῖς
1116 4202 1394 4274 συνήθεσιν
1418 4199 1657 4272 ὄμϐροις,

90 4299 289 4373 πληροῖ
325 4314 385 4361 τε
418 4296 585 4365 αὐτῆς
611 4297 735 4359 τοὺς
761 4295 1002 4361 αὔλακας
1031 4298 1147 4359 ταῖς
1173 4294 1282 4348 τῶν
1306 4292 1474 4347 ὑετῶν
1502 4308 1663 4363 χορη-

90 4390 254 4460 γίαις.
285 4389 372 4443 Τά
396 4405 456 4442 τε
479 4389 791 4459 γεννήματα
824 4388 990 4457 αὐτῆς
1026 4387 1308 4460 πληθύνων
1356 4386 1652 4455 εὐλογήσει.

102 4483 165 4535 Ἠ
217 4481 278 4537 δὲ
318 4479 686 4552 εὐφραίνεται,
741 4476 1189 4549 νεαροποιηθεῖσά
1246 4494 1307 4529 τε
1357 4474 1653 4530 ἀνατέλλει.

93 4574 345 4628 Κάπειτα
376 4568 719 4642 πληρουμένη
764 4567 1030 4621 παντοίων
1084 4566 1330 4637 καρπῶν,
1382 4565 1662 4637 σπορίμων
1695 4598 1740 4655 D

92 4680 147 4715 τε
181 4663 276 4717 καὶ
338 4659 648 4735 ἀκροδρύων
697 4656 1070 4727 στεφανοῦται,
1118 4656 1193 4720 ὡς
1237 4657 1310 4726 μὴ
1343 4656 1408 4710 ἂν
1438 4657 1663 4725 ὀκνῆσαι

93 4755 230 4809 κατά
260 4756 357 4810 τὸν
378 4753 469 4807 τοῦ
492 4753 648 4824 ἔαρος
677 4749 864 4822 καιρὸν
902 4747 1305 4818 ἐστεφανῶσθαι
1346 4747 1524 4817 λέγειν
1561 4748 1662 4801 αὑ-

93 4848 208 4915 τὴν,
238 4847 311 4900 τά
338 4864 399 4899 τε
435 4843 594 4898 πεδία⁵
621 4842 952 4915 πληθύεσθαι
1000 4842 1269 4910 πιότητος·
1306 4840 1398 4892 καὶ
1433 4841 1537 4909 μὴν
1571 4841 1695 4893 καί

94 4938 157 4990 τά
186 4938 321 5010 δρεα
352 4939 449 5008 τῆς
477 4938 683 5009 ἐρήμου
712 4935 914 4996 ἀνθεῖν.
944 4933 1038 4988 καὶ
1082 4935 1205 4996 τοὺς
1244 4932 1460 5003 βουνοὺς
1491 4933 1661 5000 ἀγαλ-

94 5031 267 5086 λίασιν
309 5018 760 5102 περιζώννυσθαι·
822 5027 956 5081 ἀλλά
1003 5026 1094 5079 καὶ
1157 5024 1282 5087 τοὺς
1321 5023 1506 5093 κριοὺς
1553 5024 1661 5076 τῶν

97 5121 383 5193 προϐάτων
404 5124 517 5184 τοῖς
543 5119 750 5175 ἑαυτῶν
796 5119 982 5181 πόκοις
1043 5113 1460 5175 ὲνδιδύσκεσθαι,
1498 5113 1664 5177 αὑτάς

97 5226 152 5264 τε
181 5208 279 5271 τάς
308 5206 560 5270 κοιλάδας
590 5207 771 5280 χώρας
819 5206 1076 5267 πολλάκις
1121 5202 1452 5274 πληροῦσθαι
1496 5202 1661 5266 σίτου,

100 5301 189 5354 καὶ
219 5292 501 5373 μονονουχὶ
528 5299 604 5368 τῷ
629 5300 773 5371 ἔργῳ
833 5299 960 5370 βοᾷν
985 5298 1081 5351 καὶ
1110 5298 1200 5351 τὸν
1248 5296 1378 5349 Θεὸν
1396 5288 1661 5360 δοξάζειν.

101 5392 281 5448 Ταῦτα
299 5391 358 5444 δὲ
380 5392 429 5442 εἰ
451 5391 544 5442 καὶ
566 5391 647 5443 ὃτι
668 5377 900 5461 μάλιστα
920 5388 1190 5461 αἰσθητῶς
1222 5387 1517 5458 πληροῦται
1541 5386 1664 5439 καθ’

100 5485 323 5539 ἕκαστον
346 5482 481 5545 ἔτος,
515 5479 627 5534 ἀλλ’
652 5483 684 5551 ὴ
718 5481 1025 5553 σύμφρασις
1045 5480 1145 5551 τῆς
1158 5480 1253 5533 τοῦ
1280 5477 1474 5540 παντὸς
1507 5477 1662 5545 λόγου

1755 2003 1936 2058 verbis
1972 2017 1986 2052 :
2023 2020 2041 2052 ι
2079 1998 2144 2052 Et
2172 1999 2338 2053 valles
2383 1995 2735 2050 abundabunt
2779 1992 3071 2053 frumento,
3111 2010 3129 2041 ι
3171 1989 3315 2059 quod

1753 2095 2049 2166 profereut,
2077 2092 2191 2148 sive
2228 2109 2246 2141 ι
2286 2105 2488 2151 escam,
2526 2108 2544 2140 ι
2583 2087 2879 2143 secundum
2913 2083 3347 2156 Symmachum.

1759 2204 1777 2237 ι
1819 2184 2162 2241 Clamabunt.
2198 2202 2214 2234 ι
2246 2180 2388 2247 Quid
2440 2189 2619 2234 autem
2675 2177 3009 2239 clamabunt,
3066 2174 3168 2229 sub
3205 2173 3321 2227 han:

1706 2302 1707 2305 η
1752 2278 1989 2349 explicat
2028 2274 2220 2330 dicens
2255 2292 2268 2328 :
2299 2291 2317 2324 ι
2358 2272 2570 2349 Etenim
2610 2261 2870 2341 hymnum
2901 2269 3118 2334 dicent;
3184 2284 3202 2317 ι
3257 2279 3318 2317 at:

1756 2369 1801 2425 si
1833 2362 2084 2440 apertius
2106 2366 2336 2422 dixisset
2382 2384 2395 2418 :
2442 2361 2670 2417 Etiamsi
2702 2360 2870 2415 valles
2900 2358 3031 2425 sint,
3083 2366 3318 2411 attamen

1757 2438 1944 2516 talium
1974 2460 2077 2516 sibi
2108 2459 2373 2513 bonorum
2397 2454 2606 2509 auctori
2634 2453 2891 2525 hymnum
2922 2450 3121 2506 dicent.
3158 2438 3333 2519 Hymi

1756 2567 1886 2610 num
1910 2566 2039 2607 vero
2074 2549 2319 2604 dicentes
2353 2545 2686 2609 clamabunt,
2732 2542 2929 2597 ﬁducia
2976 2542 3305 2607 clamorequt

1758 2658 1954 2713 magno
2008 2651 2243 2696 utentes.
2296 2638 2609 2692 Clamantes
2661 2640 2840 2688 autem
2878 2646 3013 2686 voce
3046 2644 3239 2700 magna
3268 2637 3320 2683 et

1760 2735 2014 2803 hymnum
2067 2732 2309 2785 dicentes
2348 2743 2484 2797 quas
2531 2740 2694 2779 voces
2745 2724 3017 2786 emittent,
3077 2721 3181 2775 nisi
3225 2734 3321 2774 eas

1757 2840 1876 2895 quae
1902 2823 2061 2876 initio
2079 2821 2247 2875 totius
2278 2818 2471 2890 psalmi
2494 2816 2745 2871 feruntur
2782 2831 2795 2868 :
2832 2830 2850 2864 ι
2882 2810 2959 2865 Te
2988 2810 3143 2865 decet
3164 2805 3321 2883 hym-

1758 2932 1883 2979 nus,
1904 2914 2070 2977 Deus,
2099 2913 2154 2965 in
2183 2909 2356 2965 Sion?
2389 2927 2405 2961 )
2433 2904 2758 2962 Necessario
2772 2910 2955 2957 autem
2973 2899 3125 2961 illud,
3164 2918 3182 2949 ι
3215 2899 3320 2953 cla-

1759 3008 2003 3071 mabunt,
2043 3004 2241 3057 etenim
2276 3005 2533 3072 hymnum
2564 2996 2767 3056 dicent,
2804 3012 2823 3045 ι
2861 2992 3171 3047 enuntiatur
3208 2998 3317 3043 tam

1758 3097 1825 3152 de
1852 3094 2082 3149 vallibus
2120 3106 2281 3162 quam
2325 3090 2391 3144 de
2428 3085 2742 3143 memoratis
2776 3084 3061 3148 omnibus,
3097 3088 3158 3134 ut
3203 3080 3321 3137 edi»

1762 3200 1999 3249 scamus,
2033 3185 2147 3238 haec
2177 3197 2284 3236 non
2314 3179 2383 3234 de
2410 3176 2763 3235 sensibilibus
2800 3182 2853 3228 et
2883 3172 3158 3242 corporeis
3186 3170 3323 3223 locis

1762 3276 1945 3331 doceri
1980 3294 1994 3333 :
2035 3272 2254 3328 tametsi
2308 3270 2569 3342 praedicta
2628 3268 2793 3322 verba
2850 3266 2917 3319 de
2974 3262 3323 3319 sensibilibus

1759 3381 1973 3437 quoque
2007 3365 2101 3420 Dei
2137 3363 2295 3421 donis
2328 3362 2475 3415 dicta
2522 3366 2714 3428 putare
2752 3371 2848 3425 par
2890 3362 2995 3418 est,
3045 3357 3117 3406 ita
3150 3360 3207 3406 ut
3248 3354 3324 3419 sit

1761 3460 1993 3530 hymnus
2052 3456 2106 3509 in
2146 3453 2443 3524 gratiarum
2493 3449 2759 3503 actionem
2805 3460 2905 3514 pro
2938 3444 3026 3506 iis,
3076 3444 3123 3497 si
3162 3441 3323 3495 verba

1758 3555 2091 3620 Spectentur,
2124 3560 2245 3616 qua:
2276 3541 2567 3613 quotannis
2614 3554 2644 3592 a
2687 3536 2800 3590 ‘Deo
2842 3532 3326 3589 hominibus-sub-

1759 3641 2161 3696 ministrantur.
2196 3634 2438 3705 Singulis
2490 3632 2674 3699 itaque
2704 3629 2862 3683 annis
2911 3626 3189 3682 hominum
3220 3624 3325 3689 illc

1760 3739 1967 3784 amator
2012 3728 2342 3797 largitorque
2378 3723 2644 3776 bonorum
2677 3718 2919 3771 omnium
2973 3715 3133 3777 Deus,
3187 3712 3312 3766 visi-

1758 3830 1881 3876 tans
1908 3828 2131 3882 terram,
2166 3815 2398 3870 inebriat
2435 3826 2555 3866 eam
2583 3808 2869 3878 solitisQue
2898 3805 3166 3860 imbribus
3200 3802 3325 3856 irri-

1760 3921 1869 3985 gat,
1902 3914 2047 3966 rivos
2081 3910 2209 3979 ejus-
2240 3906 2435 3978 pluviis
2481 3912 2690 3957 tumere
2738 3907 3019 3976 procurat,
3053 3894 3324 3967 genimina

1758 4004 1877 4072 ejus
1916 3998 2282 4068 multiplicans
2311 3994 2603 4065 benedicit.
2646 3992 2740 4046 Illa
2768 3990 3046 4059 verollarta
3078 3996 3132 4042 et
3166 4000 3327 4039 reno-

1758 4102 1884 4147 vata
1923 4093 2117 4147 iterum
2148 4088 2457 4144 etilorescit.
2486 4082 2689 4139 Deinde
2720 4082 2988 4137 fructibus
3026 4078 3206 4134 omnis
3233 4092 3329 4147 ge-

1762 4185 1906 4240 neris
1931 4182 2155 4246 referta,
2190 4179 2464 4250 segetibus
2498 4184 2551 4232 et
2590 4174 2765 4246 pomis
2803 4177 3116 4232 coronatur,
3161 4175 3221 4221 ut
3257 4182 3328 4220 no

1762 4279 1940 4348 pigeat
1994 4290 2111 4330 eam
2179 4288 2347 4327 verno
2401 4281 2645 4341 tempore
2699 4272 3011 4321 coronatam
3082 4261 3264 4315 dicere
3307 4276 3325 4311 :

1762 4368 1940 4441 campi
1978 4368 2257 4437 replentur
2297 4364 2581 4427 ubertate;
2624 4358 2757 4428 quin
2809 4355 2971 4409 etiam
3017 4359 3071 4405 et
3113 4356 3327 4437 montes

1763 4440 1963 4516 deserti
1985 4458 2351 4519 elllorescunt,
2378 4464 2432 4510 et
2465 4452 2628 4506 colles
2651 4445 3011 4519 exsultatione
3031 4440 3327 4509 accingun-

1766 4561 1856 4607 tur
1892 4572 1904 4606 :
1931 4552 2129 4606 arietes
2162 4550 2345 4604 ovium
2376 4543 2665 4599 velleribus
2697 4538 2811 4603 suis
2840 4536 3170 4599 vestiuntur;
3194 4534 3320 4602 ipsa:

1767 4645 2042 4700 convalles
2088 4645 2404 4714 plerumque
2443 4636 2713 4689 frumento
2755 4629 3056 4689 abundant,
3101 4636 3152 4680 et
3190 4623 3321 4693 ipsis

1768 4735 2025 4807 operibus
2048 4742 2256 4788 tantum
2284 4745 2389 4784 non
2414 4728 2649 4782 clamant
2674 4724 2950 4792 Deumque
2978 4719 3228 4774 laudibus
3256 4716 3323 4770 ef-

1768 4841 1965 4896 ferunt.
2000 4829 2123 4885 Haec
2147 4839 2307 4896 porro
2333 4821 2547 4877 etiamsi
2570 4816 2863 4890 quotannis
2894 4813 3137 4877 sensibili
3168 4808 3323 4872 modo

1767 4924 2091 4996 impleantur
2107 4956 2120 4980 ,
2141 4930 2204 4969 ex
2228 4912 2368 4968 serie
2389 4920 2566 4965 tamen
2589 4907 2916 4962 narrationis
2933 4909 3325 4959 commonstra-

1768 5028 1881 5073 tum
1930 5020 2034 5075 est,
2064 5008 2251 5065 eadem
2284 5019 2385 5058 nos
2415 5002 2484 5057 ad
2532 5000 3042 5069 contemplationem
3077 5002 3321 5048 evocare.

1768 5103 2130 5163 Nihilominus
2188 5102 2482 5153 memorata
2534 5092 2737 5156 omnia,
2796 5090 3050 5151 nimirum
3126 5084 3323 5152 campi,

1768 5177 1980 5257 montes
2006 5192 2229 5254 deserti,
2260 5189 2429 5244 colles
2453 5194 2507 5240 et
2538 5184 2737 5238 arietes
2765 5182 2964 5242 ovium,
2990 5183 3152 5244 atque
3186 5174 3331 5227 insu-

1768 5309 1864 5363 per
1887 5291 2038 5360 prius
2063 5283 2344 5354 explicatae
2375 5275 2671 5338 convalles,
2690 5279 2804 5326 tum
2824 5268 3121 5345 secundum
3146 5263 3327 5318 datam

1770 5376 2290 5450 interpretationem,
2318 5374 2434 5423 tum
2473 5366 2634 5420 obvio
2687 5376 2848 5418 sensu
2893 5365 3136 5426 accepta,
3164 5369 3329 5408 uuam

1771 5488 1980 5535 vocem,
2016 5465 2412 5535 melodiamque
2438 5472 2734 5515 consonam
2766 5454 2877 5509 Deo
2904 5453 3172 5508 entissura
3207 5459 3330 5501 esse

560 5572 657 5643 τὴν
674 5535 920 5645 ’θεῷρίἆν
949 5535 1513 5644 ήμὰθάναπέμπουσα
1544 5535 1658 5622 ἀπο

1774 5569 2047 5624 dicuntur.
2075 5559 2257 5626 Quare
2286 5556 2339 5609 in
2374 5552 2626 5607 omnibus
2658 5549 2770 5605 hate
2807 5544 3078 5616 intelligas
3107 5558 3173 5597 ιι
3205 5535 3321 5592 ωε.

102 5666 386 5721 δέδεικται.
425 5661 592 5736 Ὀμοῦ
613 5641 813 5743 δὴ-οῦν-
834 5664 904 5718 τά
928 5641 1499 5735 προλεχθένταπάντα,
1526 5660 1658 5729 λὲγα

1775 5658 2000 5715 mabunt
2030 5659 2083 5709 et
2112 5650 2376 5723 hymnum
2413 5641 2616 5698 dicent.
2650 5659 2672 5693 ι

168 5806 215 5834 ⁸³
246 5802 287 5857 ll
322 5802 450 5859 Cor.
480 5820 535 5865 ν,
565 5815 611 5857 -t.

170 5899 243 5971 (.1)
283 5898 443 5958 Forte
476 5895 601 5951 ὲκδύ
612 5896 841 5969 σασθαι.
