3966 6340
659 411 831 464 647-

1340 375 1612 464 eussmi
1634 402 2101 460 cmsammsrs
2138 403 2284 459 opp.
2324 401 2503 458 PARS
2539 401 2626 457 ιιι.
2665 434 2735 444 -
2773 402 3175 461 EXEGETICA.

3738 410 3827 467 618

657 528 714 583 δὲ
750 527 818 580 τά
840 526 992 580 πεδία
1024 526 1118 578 καὶ
1140 525 1205 578 τά
1225 525 1357 596 δρεα
1377 528 1474 596 τῆς
1501 527 1726 596 ἐρήμου,
1754 525 1808 577 of
1835 541 1893 577 τε
1922 525 2099 594 βουνοί
2120 527 2211 578 καὶ
2249 528 2295 578 οί
2325 527 2469 596 κριοὶ
2509 525 2616 578 τῶν
2648 515 2964 596 ’προὸάτων,
2992 529 3085 582 καὶ¹
3133 528 3267 596 πρὸς
3314 527 3525 592 τούτοις
3554 530 3607 582 αί
3660 531 3830 584 ἀποδο-

657 621 830 674 θεῖσαι
888 617 1126 679 κοιλάδες
1171 617 1310 670 κατά
1361 618 1457 686 τὴν
1509 617 1856 669 ἀποδοθεῖσαν
1901 618 2212 686 ἑρμηνείαν,
2253 618 2393 669 κατά
2416 634 2474 669 τε
2533 618 2627 688 τὴν
2664 618 2948 691 πρόχειρον
2976 620 3231 683 διάνοιαν,
3280 620 3408 690 μίαν
3478 622 3696 691 ἀφήσειν
3729 643 3831 692 φω-

654 711 748 782 νὴν
777 713 866 764 καὶ
887 711 1166 779 σύμφωνον
1190 709 1456 778 »μελῳδίαν
1484 709 1559 779 τῷ
1585 710 1702 779 Θεῷ
1729 710 1990 780 εἴρηνται.
2031 709 2120 762 Διὸ
2140 711 2276 764 κατά
2302 711 2515 763 πάντων
2547 711 2748 783 ἀκούσῃ
2777 712 2856 764 τό·
2885 731 2902 763 ι
2927 713 3302 783 ’Κεκράξονται
3325 716 3415 767 καὶ
3445 715 3772 784 ὑμνήσουσιν.
3810 737 3826 768 ι

698 872 700 874 ,
775 821 822 872 1.
865 819 930 872 IN
964 817 1194 883 FINEM,
1235 813 1582 872 CANTICUM
1619 816 1888 873 PSALMI.
1930 817 2088 872 LXV.

725 911 886 965 Vnus.
927 911 981 963 2.
1020 929 1039 961 ι
1075 909 1307 965 Jubilate
1353 910 1483 972 Deo,
1516 911 1694 965 omnis
1749 918 1927 973 terra,
1990 912 2199 979 psallite

656 1003 857 1055 nomini
898 1002 1036 1068 ejus,
1069 1000 1194 1054 date
1220 1000 1446 1069 gloriam
1495 999 1639 1052 laudi
1681 1000 1819 1068 ejus.
1862 1019 1878 1050 ι
1922 999 2199 1054 Ενειιιρριί.

666 1109 750 1147 :us
782 1093 867 1145 hic
901 1093 1024 1145 item
1057 1093 1297 1159 psalmus
1331 1099 1412 1143 est
1457 1108 1469 1142 :
1527 1104 1648 1142 nam
1681 1092 1918 1159 gentium
1959 1093 2198 1144 vocatio-

653 1201 770 1238 nem
803 1186 1202 1252 complectitur.
1247 1180 1431 1250 Neque
1460 1183 1604 1234 enim
1648 1197 1713 1236 eo
1747 1197 1853 1250 quo
1907 1182 2201 1235 canebatur

655 1287 894 1342 tempore
936 1275 1093 1328 ﬁnem
1134 1283 1528 1327 consecuturus
1564 1282 1700 1334 erat,
1737 1273 1828 1327 sed
1853 1274 1906 1327 in
1946 1288 2200 1327 consum-

657 1367 895 1419 matione
950 1365 1287 1418 saeculorum.
1326 1362 1505 1428 Quare
1543 1371 1956 1418 memoratarum
2011 1364 2080 1417 ibi
2122 1378 2202 1417 re-

651 1471 769 1509 rum
802 1457 1134 1525 prophetiam
1175 1455 1237 1508 ad
1283 1455 1440 1508 ﬁnem
1488 1455 1727 1508 remittit.
1780 1454 1977 1523 Estque
2007 1469 2199 1508 rursus

650 1547 919 1599 canticum
945 1545 1170 1613 psalmi;
1201 1545 1334 1605 sive,
1367 1551 1526 1615 prout
1553 1545 1604 1596 in
1637 1543 1958 1614 praecedenti
1992 1545 2198 1612 psalmo

649 1637 982 1699 inscribitur,
1028 1653 1048 1684 ‹
1085 1634 1332 1689 Psalmus
1389 1635 1605 1688 cantici.
1637 1655 1655 1686 ι
1715 1633 1948 1703 Spiritus
2002 1634 2198 1702 quippe

647 1735 869 1781 sanctus
893 1742 984 1794 per
1007 1726 1373 1794 propheticam
1395 1727 1651 1789 animam,
1672 1741 1791 1794 quae
1820 1742 1876 1779 se
1902 1737 2196 1794 receperat,

645 1831 766 1869 cum
795 1817 976 1869 laetitia
1008 1815 1172 1868 multa
1207 1815 1435 1868 canebat
1465 1813 1853 1883 psallebatque,
1891 1829 1990 1882 pro
2042 1813 2197 1868 bonis

642 1910 698 1966 in
731 1912 990 1965 vaticinio
1036 1925 1136 1964 suo
1183 1908 1521 1962 annuntiatis
1569 1927 1582 1961 :
1624 1923 1854 1978 quorum
1890 1922 2052 1961 causa
2084 1921 2199 1960 om-

644 2003 802 2057 nibus
835 2003 1084 2070 gentibus
1113 2002 1400 2054 salutarem
1433 1999 1660 2068 gratiam
1689 2000 2023 2069 suscepturis
2052 2013 2198 2069 quaa-

644 2095 765 2146 dam
798 2093 1000 2162 agenda
1019 2094 1276 2161 pracipit,
1300 2107 1417 2160 quae
1440 2105 1538 2145 nos
1558 2093 1800 2159 exsequi,
1827 2091 1890 2144 ad
1912 2106 2048 2159 quos
2067 2106 2194 2160 pra:-

642 2188 821 2238 missaa
854 2198 1010 2236 voces
1053 2190 1319 2251 spectant,
1376 2181 1743 2235 necessarium
1785 2188 1889 2234 est.
1945 2178 2192 2248 Praecipit

642 2275 822 2344 itaque
855 2275 999 2327 omni
1029 2281 1204 2337 terrae,
1241 2273 1291 2326 id
1325 2283 1426 2337 est,
1465 2272 1717 2327 omnibus
1761 2281 1918 2326 terra:
1956 2272 2192 2326 elemen-

638 2374 751 2418 tum
788 2365 1169 2426 incolentibus,
1201 2379 1268 2418 ne
1302 2379 1418 2417 sese
1443 2363 1640 2432 Moysis
1667 2361 1933 2416 mandatis
1966 2366 2020 2415 et
2042 2360 2192 2430 gravi

638 2453 773 2520 legis
799 2453 928 2520 jugo
957 2451 1287 2518 subjicia'nt;
1333 2451 1424 2504 sed
1465 2465 1529 2510 ea
1579 2450 1773 2511 solum,
1807 2464 1924 2518 quae
1963 2450 2014 2501 in
2057 2462 2194 2522 pra:-

638 2547 777 2599 senti
803 2544 1011 2612 psalmo
1034 2543 1314 2611 jubentur,
1350 2549 1640 2611 peragant;
1675 2549 1730 2596 et
1766 2543 1940 2610 primo
1974 2539 2192 2610 quidem

640 2636 748 2688 Deo
783 2636 1015 2704 jubilent
1043 2653 1056 2697 ;
1087 2635 1347 2697 secundo,
1385 2636 1619 2704 psallant
1668 2633 1872 2687 nomini
1911 2633 2060 2702 ejus;
2089 2642 2196 2685 ter-

640 2725 733 2787 tio,
760 2726 886 2777 dent
913 2726 1137 2793 gloriam
1184 2726 1328 2780 laudi
1376 2727 1527 2794 ejus;
1561 2733 1778 2793 quarto,
1824 2725 2006 2778 dicant
2037 2723 2144 2777 Deo
2177 2742 2188 2777 :

644 2835 660 2866 ε
701 2815 870 2881 Quam
901 2816 1161 2870 terribilia
1192 2825 1318 2870 sunt
1346 2830 1508 2884 opera
1548 2817 1673 2868 tua!
1707 2834 1724 2865 ι
1749 2822 1833 2868 et:
1871 2832 1888 2863 ‹
1926 2812 1981 2865 In
2006 2813 2188 2872 multj-

640 2909 825 2962 tudine
872 2910 1087 2962 virtutis
1137 2917 1238 2962 tum
1286 2909 1614 2962 mentiemur
1645 2907 1743 2960 tibi
1801 2906 2003 2959 inimici
2035 2906 2132 2956 tui.
2168 2923 2184 2954 ι

636 2997 875 3050 Primum
909 2999 1088 3067 itaque
1123 3014 1215 3066 per
1240 2999 1521 3052 scientiam
1542 3007 1595 3052 et
1621 3012 1796 3051 veram
1828 2996 2188 3064 cognitionem

636 3101 998 3155 exsequemur
1032 3085 1138 3139 Deo
1179 3086 1499 3153 jubilantes,
1538 3084 1766 3137 militum
1814 3083 1986 3135 instar
2013 3083 2104 3149 qui
2137 3082 2191 3133 in

637 3176 793 3229 bellis
834 3177 1133 3229 acclamant
1165 3185 1217 3230 ct
1260 3176 1513 3244 jubilant,
1556 3174 1757 3244 quique
1793 3174 1942 3226 vocis
1993 3172 2195 3241 magni-

638 3266 824 3320 tudine
854 3281 971 3320 sese
1001 3267 1267 3320 terribiles
1293 3277 1345 3318 et
1376 3264 1744 3320 formidabiles
1775 3249 2190 3316 inimicis‘exhio

634 3359 780 3413 bent.
813 3359 1075 3424 Quoniam
1111 3374 1239 3427 ergo
1288 3357 1766 3410 Servatornoster
1806 3353 2056 3407 inimicos
2093 3367 2190 3404 no-

2498 819 2602 873 ΕΙΣ
2627 822 2715 875 T0
2735 823 2971 886 ΤΕΛΟΣ,
3005 825 3132 892 ῼΔΗ
3156 823 3466 878 ΨΑΛΜΟΥ.
3499 825 3615 880 EE’.

2378 925 2396 957 ι
2435 908 2752 973 Ἀλαλάξατε
2785 909 2860 979 τῷ
2921 912 3036 981 Θεῷ
3069 915 3270 984 πᾶσαή
3318 915 3410 984 γῆ,
3459 915 3657 983 ψάλατε
3679 916 3737 986 δὴ
3765 917 3835 986 τῷ

2300 998 2516 1068 ὀνόματι
2545 1001 2727 1065 αὑτοῦ,
2755 1001 2870 1054 δότε
2897 1002 3051 1065 δόξαν
3111 1005 3309 1057 αἰνέσει
3361 1006 3580 1059 αὑτοῦ.»
3613 1008 3821 1073 Εὑαγγε·

2300 1089 2446 1152 λικδς
2469 1091 2696 1161 ὑπάρχει
2723 1094 2816 1147 καὶ
2862 1095 2889 1146 ό
2931 1095 3116 1165 παρὼν
3160 1095 3392 1165 ψαλμὺς,
3420 1096 3520 1164 τὴν
3543 1096 3643 1148 τῶν
3680 1097 3830 1149 ἐθνῶν

2301 1182 2561 1250 περιέχων
2595 1183 2800 1254 κλῆσιν.
2837 1184 3069 1254 Ἔμελλε
3107 1185 3163 1236 δὲ
3199 1185 3304 1255 ἄρα
3336 1185 3394 1236 οὐ
3429 1184 3550 1236 καθ’
3579 1185 3665 1246 οὓς
3691 1185 3833 1254 ᾔδετο

2297 1272 2517 1342 χρόνους
2560 1273 2743 1337 τέλους
2783 1276 3084 1344 τυγχάνειν,
3125 1275 3236 1328 ἀλλ’
3268 1276 3380 1326 ’ἐπὶ
3432 1275 3696 1344 συντελείᾳ
3737 1275 3836 1327 τῶν

2298 1361 2524 1416 αίώνων.
2560 1363 2650 1414 Διὸ
2673 1364 2981 1434 ἀναπέμπει
3010 1365 3105 1434 τὴν
3151 1362 3256 1414 τῶν
3277 1363 3611 1432 δηλουμένων
3640 1382 3834 1434 προφη-

2295 1451 2444 1504 τείαν
2466 1455 2541 1514 είς
2568 1452 2628 1505 τὸ
2675 1453 2841 1516 τέλος.
2878 1455 3029 1508 Ἔστι
3059 1455 3113 1507 δὲ
3144 1454 3254 1524 ᾠδὴ
3281 1454 3490 1523 ψαλμοῦ
3511 1454 3754 1524 ἔμπαλιν·
3806 1456 3836 1526 ἢ

2297 1542 2434 1594 κατὰ
2455 1544 2543 1595 τὸν
2570 1543 2669 1613 πρὸ
2685 1545 2866 1608 αὑτοῦ,
2884 1545 2958 1607 ὡς
2975 1546 3396 1615 ἐπεγέγραπτο,ι
3411 1545 3632 1614 Ψαλμὸς
3651 1546 3783 1616 ᾠδῆς
3815 1565 3833 1599 ι

2297 1627 2427 1702 τῌδε
2449 1633 2555 1702 γὰρ
2587 1634 2681 1686 καὶ
2709 1634 2903 1703 ἔψαλλε
2929 1636 2988 1688 τὸ
3019 1634 3238 1704 Πνεῦμα
3265 1635 3323 1686 τὸ
3365 1635 3518 1704 ἅγιον
3553 1638 3646 1688 σὺν
3682 1636 3836 1707 πολλῇ

2296 1725 2437 1793 χαρᾷ
2463 1724 2551 1776 διὰ
2578 1724 2676 1792 τῆς
2705 1724 3104 1795 ὑποδεξαμένης
3135 1727 3264 1778 αὑτὸ
3313 1727 3653 1798 προφητικῆς
3674 1727 3840 1798 ψυχῆς

2298 1813 2388 1866 ἐπὶ
2418 1815 2527 1876 τοίς
2559 1813 2804 1867 διἀὑτοῦ
2836 1814 3239 1885 θεσπιζομένοις
3273 1817 3515 1884 ἀγαθοῖς,
3543 1819 3626 1885 ἐφ’
3655 1813 3729 1880 οἷς
3755 1820 3841 1870 καὶ

2297 1907 2427 1957 πᾶσι
2459 1907 2567 1966 τοῖς
2625 1904 2797 1956 ἔθνεσι
2829 1907 2938 1968 τοῖς
2988 1907 3084 1977 τὴν
3115 1909 3375 1977 σωτήριον
3417 1908 3577 1978 χάριν
3608 1909 3841 1974 ὑποδεξο-

2298 1993 2476 2062 μένοις
2504 1993 2928 2063 παρακελεύεται
2954 1996 3206 2065 πράττειν
3235 1996 3373 2061 τινὰ,
3398 1997 3538 2067 ἅπερ
3563 1998 3841 2064 ἀναγκαῖον

2294 2084 2552 2137 ἐπιτελεῖν
2582 2087 2748 2156 ἡμᾶς,
2778 2081 2857 2150 οἷς
2900 2086 3067 2139 ταῦτα
3100 2093 3545 2158 προανεφωνείτο.
3582 2089 3843 2154 Προστατ-

2293 2192 2371 2226 τει
2406 2175 2579 2227 τοίνυν
2632 2177 2776 2246 πάσῃ
2809 2180 2874 2246 τῇ
2929 2180 3020 2247 γῇ,
3067 2179 3309 2230 τουτέστι
3358 2182 3469 2241 τοῖς
3525 2180 3586 2230 τὸ
3620 2180 3712 2247 τῆς
3747 2181 3842 2247 γῆς

2295 2268 2547 2333 στοιχεῖον
2569 2265 2802 2318 οἰκοῦσιν
2818 2269 3005 2331 ἆπασι,
3029 2269 3099 2337 μὴ
3122 2271 3232 2330 τοῖς
3244 2262 3516 2330 Μωῦσέως
3544 2270 3844 2338 παραγγέλ-

2295 2371 2424 2423 μασι
2460 2355 2549 2406 καὶ
2584 2355 2658 2424 τῷ
2690 2356 2844 2425 βαρεῖ
2867 2356 3012 2426 ζυγῷ
3034 2357 3127 2408 τοῦ
3166 2357 3327 2427 νόμου
3362 2360 3584 2421 ἑαυτοὺς
3617 2361 3841 2410 ὑποτάτ-

2290 2468 2421 2503 τειν·
2458 2452 2589 2521 μόνα
2623 2451 2677 2503 δὲ
2702 2452 2769 2503 τὰ
2817 2452 2904 2504 διὰ
2949 2452 3055 2505 τῶν
3105 2451 3243 2521 μετά
3295 2443 3483 2524 χεῖρας
3522 2453 3841 2522 κελευόμενα

2293 2546 2479 2595 ποιεῖν·
2521 2545 2613 2596 καὶ
2650 2543 2856 2611 πρῶτον
2893 2544 2988 2613 μὲν
3016 2542 3300 2606 ἀλαλάζειν
3332 2543 3410 2613 τῷ
3435 2543 3574 2614 Θεῷ,
3599 2543 3841 2613 δεύτερον

2290 2633 2504 2703 ψάλλειν
2531 2634 2607 2704 τῷ
2641 2634 2861 2704 ὀνόματι
2907 2632 3092 2699 αὑτοῦ,
3126 2634 3305 2705 τρίτον
3356 2634 3510 2699 δόξαν
3539 2634 3732 2687 διδόναι
3777 2634 3840 2703 τῇ

2291 2725 2490 2778 αίνέσει
2517 2723 2697 2776 αὑτοῦ·
2721 2726 2976 2796 τέταρτον
3002 2725 3179 2791 λέγειν
3200 2723 3276 2794 τῷ
3297 2723 3436 2794 Θεῷ·
3469 2743 3488 2773 ι
3526 2725 3610 2786 Ὠς
3645 2722 3850 2793 φοϐερὰ

2289 2816 2357 2869 τὰ
2382 2816 2516 2886 ἔργα
2541 2833 2684 2868 σοῦ’)
2712 2815 2824 2869 καί·
2885 2835 2902 2866 ι
2942 2815 3026 2868 Ἐν
3076 2814 3154 2885 τῷ
3181 2812 3376 2886 πλήθει
3428 2815 3526 2884 τῆς
3570 2810 3844 2884 δυνάμεώς

2293 2917 2383 2952 σου
2417 2899 2702 2968 ψεύσονταί
2733 2919 2792 2954 σε
2829 2904 2875 2954 οἱ
2897 2901 3078 2973 ἐχθροί
3113 2919 3258 2956 σου.»
3314 2903 3388 2954 Τὸ
3451 2903 3547 2971 μὲν
3578 2900 3670 2954 οὑν
3699 2889 3845 2972 πρῶ-

2291 3009 2377 3044 τον
2407 2991 2790 3062 δι’ἐπιστήμης
2816 2994 2909 3044 καὶ
2931 2991 3179 3058 γνώσεως
3199 2990 3426 3060 ἀληθοῦς
3450 2991 3844 3060 ἐπιτελέσωμεν

2291 3083 2643 3147 ἀλαλάζηῑιτες
2671 3084 2747 3152 τῷ
2798 3082 2934 3152 Θεῷ,
2984 3082 3138 3152 δίκην
3168 3081 3276 3137 τῶν
3327 3083 3384 3134 ἐν
3436 3080 3691 3151 πολέμοις
3720 3084 3846 3135 ἀνα-

2293 3175 2605 3244 φωνούντων
2640 3175 2732 3228 καὶ
2785 3174 3157 3238 ἀλαλαζόντων
3191 3173 3557 3245 στρατιιιγτῶν,
3588 3175 3638 3226 οἳ
3661 3177 3725 3243 τῇ
3761 3173 3846 3225 δυ-

2290 3267 2449 3338 νάμει
2471 3267 2567 3338 τῆς
2600 3267 2777 3337 φωνῆς
2805 3265 3276 3337 καταπληκτικοὺς
3303 3266 3394 3318 καὶ
3422 3265 3684 3335 φοϐεροὺς
3717 3266 3842 3317 ἐαυ-

2289 3358 2413 3420 τοὺς
2433 3360 2543 3421 τοῖς
2575 3357 2851 3428 πολεμίοις
2903 3356 3273 3426 ἐμφαίνουσιν.
3309 3355 3460 3408 Ἐπεὶ
3517 3355 3691 3408 τοίνυν
3724 3353 3844 3417 τοὺς

634 3459 798 3512 stros,
834 3451 925 3520 qui
974 3450 1102 3503 olim
1142 3450 1350 3502 animas
1392 3455 1609 3501 nostras
1639 3447 1692 3499 in
1750 3445 2044 3498 multorum
2087 3458 2189 3495 nu-

2292 3450 2586 3522 ἡμετέρους
2617 3450 2859 3522 ἐχθροὺς,
2887 3451 3012 3512 τοὺς
3044 3449 3210 3502 πάλαι
3253 3450 3351 3518 τὴν
3380 3446 3554 3517 ψυχὴν
3582 3448 3612 3516 ή
3624 3446 3737 3515 μῶν
3768 3449 3844 3509 είς

635 3543 838 3596 minum
886 3555 1124 3596 errorem
1183 3541 1422 3608 captivas
1479 3544 1720 3607 egerant,
1770 3537 2073 3606 propellens
2124 3550 2187 3586 ac

632 3647 973 3702 oppugnaris,
1003 3644 1106 3685 nos
1130 3644 1319 3684 omnes
1350 3629 1548 3683 milites
1580 3642 1709 3682 suos
1735 3628 1898 3679 armis
1927 3624 2186 3678 adversus

630 3722 848 3778 eosdem
879 3721 1140 3788 instruit;
1167 3721 1290 3788 jure
1319 3719 1570 3790 precibus
1602 3717 1666 3770 ad
1700 3714 1865 3769 Deum
1889 3713 2078 3769 effusis
2099 3714 2187 3780 ju-

633 3813 821 3876 bilare,
855 3828 915 3867 ac
943 3812 1228 3882 gemitibus
1265 3806 1718 3864 inenarrabilibus
1746 3805 1985 3859 victoria:
2023 3802 2185 3872 Regis

630 3904 802 3956 nostri
833 3917 1052 3970 operam
1091 3902 1221 3956 dare
1253 3901 1530 3969 jubemur.
1573 3895 1834 3950 Jubilatio
1872 3902 2048 3947 autem
2092 3909 2186 3962 per

631 3992 922 4056 orationes,
979 4007 1072 4060 per
1117 3992 1460 4061 theologiam,
1512 4004 1609 4060 per
1651 4004 1839 4044 sanam
1887 3997 1939 4042 et
1981 3989 2183 4041 claram

631 4082 992 4150 cognitionem
1034 4081 1315 4142 emittitur,
1360 4081 1597 4148 itemque
1636 4093 1732 4148 per
1776 4078 2062 4148 spirituale
2094 4091 2183 4130 sa-

630 4172 948 4231 cerdotium.
976 4169 1118 4239 quod
1148 4169 1443 4238 gratiarum
1465 4168 1793 4226 actionibus,
1827 4169 1880 4219 in
1910 4164 2183 4235 mysteriis

631 4261 763 4316 Novi
782 4260 1132 4322 Testamenti,
1157 4275 1249 4329 per
1266 4259 1570 4312 universam
1585 4264 1782 4311 terram
1803 4257 2180 4326 persolvimus,

629 4353 849 4423 quando
889 4351 1277 4406 immolationis
1305 4350 1440 4419 Agni
1472 4348 1565 4403 Dei
1617 4347 2183 4402 cor..memorationem

603 4449 872 4517 agentes,
908 4445 1048 4497 hanc
1077 4443 1363 4513 implemus
1397 4440 1731 4510 prophetiam
1764 4458 1776 4493 :
1812 4458 1830 4489 ς
1862 4438 2097 4492 Circuivi
2128 4444 2182 4491 et

633 4536 902 4588 immolavi
933 4535 986 4606 in
1027 4533 1378 4587 tabernaculo
1407 4533 1525 4601 ejus
1556 4531 1785 4585 hostiam
1812 4530 1988 4596 laudis
2017 4538 2070 4583 et
2093 4530 2182 4596 ju-

631 4626 908 4682 Lilationis
936 4625 1001 4678 “.
1040 4642 1058 4675 ι
1106 4623 1281 4689 Quare
1317 4623 1371 4676 in
1409 4624 1513 4676 alio
1539 4622 1757 4689 eloquio
1787 4620 1976 4674 horum
2006 4619 2186 4674 erudi-

633 4724 721 4772 tus
751 4715 1002 4785 populus,
1024 4714 1214 4769 beatus
1241 4715 1563 4783 praedicatur
1585 4713 1668 4767 bis
1698 4713 1879 4766 verbis
1903 4731 1913 4764 :
1937 4730 1956 4762 ι
1985 4711 2181 4765 Beatus

2289 3543 2662 3613 τὴνπολύθεον
2713 3543 2917 3612 πλάνην
2970 3541 3433 3613 ῂχμαλωτικότας,
3480 3539 3712 3592 ἐλαύνων
3756 3540 3844 3592 καὶ

2288 3632 2537 3703 πολεμῶν
2561 3634 2588 3685 δ
2615 3632 2802 3702 Σωτὴρ
2830 3631 3004 3701 ἡμῶν,
3064 3631 3156 3683 καὶ
3179 3629 3383 3691 πάντας
3428 3630 3575 3699 ἡμᾶς
3595 3629 3722 3690 τοὺς
3751 3629 3844 3680 αὑ-

2287 3722 2378 3774 τοῦ
2401 3721 2735 3792 στρατιώτας
2773 3723 2891 3775 κατ’
2921 3715 3095 3773 αὐτῶν
3118 3718 3351 3781 ὁπλίζει,
3382 3720 3605 3781 εἰκότως
3627 3717 3714 3770 διὰ
3745 3717 3844 3770 τῶν

2288 3811 2423 3884 πρὸς
2453 3813 2542 3865 τὸν
2563 3812 2692 3865 Θεὸν
2727 3812 2898 3881 εὐχῶν
2948 3810 3234 3873 ἀλαλάζειν
3287 3809 3634 3880 κελευόμεθα·
3667 3825 3846 3862 στενα-

2285 3906 2444 3973 γμοῖς
2499 3921 2556 3955 τε
2602 3903 2884 3978 ἀλαλήτοις
2918 3901 3284 3972 συμπράττειν
3420 3900 3541 3970 νίκῃ
3569 3901 3662 3952 τοῦ
3691 3900 3845 3954 Βασι-

2285 3995 2416 4059 λέως
2445 3995 2617 4066 ήμῶν.
2644 3994 2852 4046 Γίνεται
2870 3992 2927 4044 δὲ
2955 3994 2982 4044 ό
3007 3990 3316 4066 ἀλαλαγμὸς
3338 3989 3403 4043 δι’
3420 3989 3612 4058 εὐχῶν,
3641 3989 3841 4056 γίνεται

2285 4087 2375 4139 καὶ
2397 4085 2483 4138 διά
2517 4083 2807 4152 θεολογίας,
2831 4080 3035 4150 γίνεται
3071 4080 3125 4132 δέ
3158 4079 3251 4134 καὶ
3297 4065 3366 4131 δι’
3396 4076 3581 4145 ὑγιοῦς
3629 4077 3723 4129 καὶ
3765 4093 3846 4128 τε·

2283 4175 2632 4246 τρανωμένης
2658 4173 2929 4242 γνώσεως,
2959 4172 3162 4241 γίνεται
3188 4170 3279 4224 καὶ
3307 4169 3394 4224 διὰ
3415 4168 3512 4239 τῆς
3547 4183 3841 4238 πνευματι-

2284 4267 2382 4335 κῆς
2420 4264 2745 4336 ἱερουργίας,
2798 4265 2864 4333 ἢν
2927 4264 2982 4314 ὲν
3014 4265 3133 4324 ταῖς
3189 4260 3557 4331 εὑχαριστίαις
3589 4258 3732 4312 κατά
3781 4257 3843 4309 τὰ

2289 4355 2555 4424 μυστήρια
2576 4353 2674 4422 τῆς
2695 4351 2902 4420 Καινῆς
2929 4349 3198 4420 Διαθήκης
3231 4349 3347 4401 καθ’
3380 4348 3506 4417 ὅλης
3549 4347 3650 4415 τῆς
3669 4350 3841 4399 οἰκου-

2288 4444 2451 4514 μένης
2483 4441 2849 4512 ἐπιτελοῦμεν,
2897 4441 3146 4509 ὁπηνίκα,
3172 4439 3268 4508 τῆς
3302 4437 3488 4501 Θυσίας
3514 4437 3608 4490 τοῦ
3651 4434 3842 4507 Ἀμνοῦ

2281 4534 2373 4586 τοῦ
2403 4533 2538 4586 Θεοῦ
2561 4534 2660 4605 τήν
2687 4533 2985 4602 ἀνάμνησιν
3019 4522 3347 4601 ποιούμενοι,
3386 4530 3484 4600 τὴν
3516 4529 3841 4598 προφητείαν

2283 4623 2591 4695 πληροῦμεν
2622 4626 2719 4695 τήν
2766 4623 3092 4689 φάσκουσαν·
3137 4641 3153 4672 ι
3178 4622 3489 4674 Ἐκὺκλωσα
3539 4620 3633 4672 καὶ
3673 4619 3830 4670 Εθυσα

2283 4717 2339 4766 ὲν
2362 4718 2427 4786 τῇ
2463 4717 2630 4786 σκηνῇ
2655 4712 2816 4771 αὑτοῦ
2849 4712 3034 4765 θυσίαν
3057 4712 3311 4772 αἰνέσεως
3359 4709 3452 4762 καὶ
3480 4704 3834 4776 ἀλαλαγμοῦ.)

634 4808 861 4876 populus
885 4807 976 4874 qui
1021 4806 1122 4859 scit
1152 4805 1527 4871 jubilationem
1551 4803 1616 4858 “.
1655 4823 1674 4854 ι
1709 4802 1822 4857 Hoc
1856 4804 2039 4872 itaque
2068 4805 2177 4872 pri-

2290 4807 2372 4858 Διὸ
2404 4807 2494 4860 καὶ
2525 4807 2707 4876 ἕτερον
2745 4804 2920 4872 λόγιον
2949 4804 3040 4856 τὸν
3089 4801 3292 4855 τούτων
3341 4799 3678 4868 ἐπιστήμονα
3702 4795 3838 4879 λαὸν

633 4913 800 4960 mum,
845 4906 904 4948 ιιι
928 4897 1234 4950 necessario
1277 4895 1662 4963 praestandum,
1697 4910 1884 4948 omnes
1939 4896 2184 4950 homines

636 4988 866 5058 Spiritus
889 4997 1108 5042 sant-tus
1136 5003 1290 5057 agere
1311 4986 1463 5056 jubet
1485 4985 1670 5039 dicens
1702 5005 1713 5037 :
1746 5004 1765 5035 ε
1789 4984 2022 5039 Jubilate
2051 4985 2182 5050 Deo,

633 5082 810 5135 omnis
847 5089 1008 5133 terra.
1044 5098 1061 5130 ι
1100 5077 1369 5140 Secundo,
1400 5078 1630 5147 psallere
1661 5076 1864 5129 nomini
1902 5076 2020 5143 ejus
2049 5091 2184 5144 prae-

634 5171 783 5238 cipit.
844 5171 986 5238 quod
1030 5184 1060 5222 a
1110 5169 1267 5222 nobis
1310 5168 1563 5221 omnibus
1614 5168 1667 5220 in
1718 5167 1852 5219 locis
1899 5168 2177 5228 observari

633 5268 949 5315 consuetum
982 5269 1083 5313 est.
1105 5258 1238 5312 Nam
1272 5260 1324 5312 in
1359 5261 1611 5314 omnibus
1643 5257 1736 5310 Dei
1767 5258 2016 5312 ecclesiis
2042 5255 2183 5326 apud

633 5359 818 5418 gentes
861 5350 1193 5413 constitutis,
1235 5350 1348 5404 haec
1386 5351 1501 5418 ipsa
1541 5348 1806 5402 modulari
1840 5355 1894 5401 ct
1932 5349 2180 5416 psallere,

635 5455 743 5492 non
772 5440 981 5494 Graecis
1006 5447 1235 5501 tantum,
1269 5440 1364 5494 sed
1393 5441 1553 5493 etiam
1578 5440 1822 5494 barbaris
1853 5441 2179 5510 praecipitur.

635 5531 781 5586 Alias
831 5548 1078 5601 quoque,
1135 5532 1402 5601 allegoria:
1431 5534 1570 5597 ritu,
1621 5546 1820 5601 corpus
1867 5531 2182 5597 humanum,

636 5623 778 5688 quod
811 5639 906 5676 ceu
938 5625 1357 5678 instrumentum
1389 5625 1581 5678 anima
1614 5625 1873 5678 traditum
1899 5631 2001 5688 est,
2036 5625 2183 5693 psal-

637 5711 830 5764 tet-iuni
888 5714 1070 5767 vocari
1119 5714 1256 5769 solet
1298 5734 1310 5768 :
1351 5731 1458 5785 quo
1488 5729 1611 5769 cum
1668 5715 1915 5783 pulsatur
1956 5714 2182 5769 interior

737 5834 784 5865 δ’
809 5831 951 5886 l’sal.
992 5848 1136 5896 mu,
1165 5831 1219 5888 6.
1296 5833 1340 5866 “
1369 5832 1511 5889 Psal.
1549 5848 1808 5895 Lxuvnt,
1852 5831 1938 5886 16.

2293 4897 2581 4969 μακαρίζει
2639 4895 2864 4964 φάσκον·
2908 4893 3287 4964 «Μακάριοςό
3317 4889 3444 4951 λαὸς
3489 4889 3518 4940 ό
3567 4886 3840 4953 γινώσκων

2289 4985 2648 5057 ἀλαλαγμόν.»
2708 4984 2876 5036 Τοῦτο
2927 4983 2991 5050 δὴ
3048 4978 3138 5035 οὖν
3195 4978 3408 5049 πρῶτον
3451 4974 3762 5041 ἀναγκαίως
3787 4970 3840 5024 τὸ

2287 5078 2616 5150 προφητικὸν
2645 5077 2865 5146 Πνεῦμα
2893 5076 3053 5128 πᾶσιν
3085 5071 3389 5142 ἀνθρώποις
3443 5067 3706 5140 πράττειν
3735 5065 3838 5118 δια-

2287 5171 2556 5223 κελεύεται
2585 5167 2804 5236 φάσκον·
2832 5187 2849 5218 ι
2873 5165 3195 5228 Ἀλαλάξατε
3220 5161 3298 5232 τῷ
3324 5159 3466 5230 Θεῷ,
3484 5160 3634 5219 πᾶσα
3666 5160 3701 5226 ἡ
3718 5156 3801 5224 γῆ.
3817 5176 3832 5205 ι

2284 5259 2414 5315 Εἶτα
2440 5261 2694 5330 δεύτερον
2726 5259 2944 5329 ψάλλειν
2968 5256 3048 5327 τῷ
3068 5257 3288 5326 ὀνόματι
3316 5251 3479 5306 αὑτοῦ
3502 5250 3834 5322 προστάττει·

2283 5355 2310 5406 ὂ
2339 5355 2432 5408 κα¹ι
2459 5352 2589 5406 αὐτὸ
2623 5351 2763 5404 κατά
2793 5351 2966 5405 πάντα
2990 5347 3152 5401 τόπον
3182 5345 3368 5400 εἴωθεν
3401 5342 3488 5411 ὑφ’
3522 5341 3682 5411 ήμῶν
3728 5341 3835 5392 ἐπι⁶

2283 5445 2564 5497 τελεῖσθαι.
2607 5443 2756 5494 Ἐπεὶ
2803 5439 2942 5495 κατά
2995 5441 3173 5493 πᾶσαν
3235 5436 3524 5504 ἐκκλησίαν
3571 5430 3669 5485 τοῦ
3716 5423 3833 5481 Θεοῦ

2284 5537 2379 5607 τὴν
2429 5540 2484 5589 ὲν
2543 5538 2653 5597 τοῖς
2709 5534 2916 5587 ἔθνεσιν
2985 5532 3303 5603 ἱδρυμένην,
3357 5527 3494 5580 αὑτά
3545 5524 3608 5593 δὴ
3679 5518 3835 5607 ταῦτα

2289 5605 2634 5697 μέλρεεῖσθαι
2667 5625 2759 5678 και
2788 5623 3098 5693 ψάλλεσθαι,
3119 5626 3216 5692 οὑχ
3241 5621 3461 5691 Ἕλλησι
3494 5618 3700 5688 μόνοις,
3718 5605 3835 5666 ἀλλὰ

2286 5718 2376 5773 καὶ
2409 5717 2697 5789 βαρϐάροις
2753 5715 3127 5786 παραδέδοται.
3177 5713 3284 5769 Καὶ
3333 5711 3505 5773 ἄλλως
3549 5707 3626 5772 δὲ,
3662 5705 3833 5775 νόμοις
