3966 6340
99 447 183 504 549

1173 445 1666 504 COMMENTARIA
1705 447 1770 501 IN
1808 447 2143 503 PSALHOS.

3119 423 3246 505 2550

95 561 408 631 ἀλληγορίας,
442 563 503 616 τὸ
537 563 692 634 σῶμα
715 563 774 617 τὸ
794 562 1140 634 ἀνθρώπειον,
1173 564 1358 634 ὥσπερ
1390 565 1613 634 ὄργανον

1725 579 1892 626 nomo,
1923 564 2162 619 membra
2190 570 2243 616 et
2269 577 2460 618 sensus
2481 577 2597 631 ejus
2616 563 2750 619 scite
2775 563 2879 636 legi
2908 562 3001 620 Dei
3022 566 3248 632 psallere

93 656 146 723 τῇ
175 653 302 722 ψυχῇ
334 653 633 722 δεδομένον,
684 653 973 724 ψαλτήριον
1023 652 1208 707 εἴωθεν
1241 654 1612 723 όνομάζεσθαισ

93 746 147 797 δι’
172 736 224 795 οὗ
254 745 279 795 ὁ
303 743 430 794 είσω
457 743 552 796 ἄνθ
562 761 758 813 ρωπος,
775 742 1220 812 ἀνακρουόμενος,
1249 744 1618 812 ἐπιστημόνως

94 841 150 891 τὰ
176 837 297 906 μέλη
328 837 509 890 καὶτὰ
542 836 864 908 αἰσθητήρια
889 837 965 906 τῷ
987 838 1132 906 νόμῳ
1151 834 1241 888 τοῦ
1261 835 1393 887 Θεοῦ
1424 835 1618 902 λέγοιτ’

96 929 147 981 ἂν
170 929 376 990 ε’ἱκότως
399 927 638 995 ψάλλειν.
673 929 753 981 Τά
775 928 870 998 μὲν
902 922 993 981 οὖν
1022 928 1118 997 τῆς
1141 925 1387 996 γνώσεως
1418 927 1509 980 καὶ
1533 928 1622 980 διὰ

97 1019 171 1070 τοῦ
198 1019 500 1087 ἀλαλαγμοῦ
532 1020 665 1089 αὑτὴ
694 1019 813 1073 καθ’
848 1019 1043 1088 ἑαυτὴν
1073 1021 1105 1090 ή
1145 1019 1287 1088 ψυχὴ
1319 1017 1636 1089 κατώρθου·¹

97 1111 159 1162 διὸ
186 1110 321 1180 αύτῷ
346 1109 424 1178 τῷ
456 1110 574 1180 Θεῷ
603 1111 852 1180 ἠλάλαξε·
873 1110 942 1163 τὰ
969 1111 1023 1163 δὲ
1043 1110 1137 1163 τοῦ
1168 1110 1383 1179 ψάλλειν
1410 1109 1498 1163 διὰ
1526 1111 1622 1180 τῆς

99 1203 172 1254 τοῦ
201 1203 438 1271 σώματος
463 1202 656 1271 ἠθικῆς
671 1203 761 1254 καὶ
784 1187 1087 1272 πρακτικῆς
1107 1202 1368 1270 κινήσεως
1395 1197 1621 1271 ἐνεργεῖ⁸

99 1296 161 1347 διὸ
183 1293 436 1346 λέλεκται·
471 1311 490 1343 ε
525 1291 614 1360 Τῷ
636 1293 853 1362 ὀνόματι
905 1292 1088 1345 αὐτοῦ.
1130 1311 1148 1343 ι
1185 1291 1466 1362 Εὐφημίαν
1517 1293 1623 1363 γὰρ

99 1385 160 1454 τῷ
185 1384 269 1436 τοῦ
293 1383 427 1436 Θεοῦ
451 1384 670 1452 ὀνόματι
705 1384 856 1454 φέροι
908 1383 974 1436 ἂν
1024 1385 1056 1453 ἠ
1099 1382 1187 1435 διὰ
1242 1381 1347 1434 τῶν
1377 1381 1625 1453 πράξεων

100 1480 191 1538 τοῖς
220 1475 423 1537 πολλοῖς
455 1473 654 1545 θεωρου
665 1473 798 1544 μένη
825 1472 1175 1543 κατόρθωσις.
1212 1473 1319 1525 Καὶ
1342 1472 1520 1543 τρίτον
1547 1473 1622 1537 δὲ,

102 1566 391 1636 πρόσταγμα
416 1567 577 1618 πᾶσιν
609 1567 737 1635 ήμίν
763 1567 874 1627 τοῖς
917 1564 974 1629 ἐξ
1006 1562 1171 1616 ὲθνῶν
1203 1563 1290 1615 τὸν
1325 1563 1453 1616 Θεὸν
1502 1564 1628 1614 ἐπε-

101 1659 301 1724 γνωκόσι
352 1657 742 1728 παρήγγελται,
776 1657 837 1708 τὸ
882 1655 1097 1709 κελεῦον
1136 1656 1332 1709 διδόναι
1383 1654 1536 1719 δόξαν
1565 1654 1657 1706 ού-

102 1747 163 1818 τῷ
183 1748 308 1817 Θεῷ,
338 1750 575 1818 ἀπήρκει
606 1747 713 1818 γὰρ
739 1746 1021 1810 ἀλαλάζειν
1064 1736 1227 1816 αύτῷο
1264 1746 1374 1799 ἀλλ’
1404 1745 1520 1797 οὐδὲ
1551 1744 1627 1814 τῷ

1711 657 1834 725 jure
1863 655 2132 709 dicantur.
2159 652 2288 718 Qua:
2315 654 2476 723 igitur
2504 653 2568 706 ad
2596 654 2950 723 cognitionem
2983 655 3251 723 pertinent

1717 747 1895 800 anima
1945 747 1998 800 in
2054 745 2226 816 seipsa
2273 759 2367 814 per
2414 744 2782 813 iubilationem
2836 748 3251 816 exsequebatur,

1718 833 2067 903 quamobrem
2098 833 2202 901 ipsi
2232 831 2340 886 Deo
2359 830 2652 899 jubilabat;
2683 846 2776 900 per
2808 842 3126 890 consuetum
3157 852 3252 890 au-

1719 932 1825 978 tem
1849 925 2060 994 corpori
2086 921 2275 993 agendi
2302 930 2505 975 motum
2530 921 2788 991 psallendi
2818 924 2980 977 ritum
3002 940 3258 994 exseque-

1719 1016 1918 1069 batur:
1950 1028 2115 1083 quare
2142 1013 2338 1068 dicitur
2390 1031 2404 1066 :
2457 1030 2476 1062 ι
2532 1011 2744 1066 Nomini
2782 1014 2918 1081 ejus.
2966 1034 2984 1064 ι
3022 1013 3255 1069 Laudem

1721 1107 1921 1175 quippe
1963 1104 2166 1158 nomini
2219 1102 2312 1158 Dei
2344 1104 2634 1158 conciliant
2679 1114 2823 1159 recte
2867 1104 3027 1171 facta,
3072 1122 3191 1177 qua
3223 1100 3256 1160 ἐι

1722 1195 1906 1248 multis
1933 1193 2360 1262 conspiciuntur.
2392 1191 2593 1255 Tertio,
2619 1192 2926 1247 mandatum
2957 1195 3112 1250 nobis
3138 1211 3259 1250 om-

1723 1283 1906 1348 nibus,
1939 1282 2033 1351 qui
2061 1297 2127 1336 ex
2157 1280 2406 1350 gentibus
2437 1278 2503 1332 ad
2539 1278 2629 1333 Dei
2670 1280 3025 1349 cognitionem
3073 1295 3259 1337 acces-

1725 1375 1928 1438 simus,
1967 1373 2220 1426 traditum
2269 1380 2372 1432 est,
2420 1384 2527 1440 quo
2568 1369 2819 1438 jubemur
2856 1371 3077 1440 gloriam
3108 1372 3259 1436 dare,

1724 1474 1834 1513 non
1868 1459 2007 1523 Deo,
2034 1459 2166 1513 satis
2195 1459 2337 1513 enim
2366 1464 2481 1512 erat
2505 1458 2736 1527 jubilare
2758 1460 2889 1528 ipsi;
2916 1476 3021 1513 non
3055 1463 3261 1515 nomini

1725 1549 1862 1616 ejus,
1892 1549 2018 1602 huic
2048 1551 2190 1602 enim
2230 1549 2459 1616 psallere
2497 1549 2780 1617 jubemur,
2809 1550 2902 1604 sed
2954 1551 3096 1605 laudi
3121 1554 3260 1620 ejus.

1725 1638 2028 1693 Laudantes
2066 1639 2207 1692 enim
2239 1639 2412 1706 ipsum
2447 1654 2541 1707 par
2571 1645 2653 1692 est
2686 1654 2791 1694 non
2838 1640 3133 1704 humiliter,
3164 1653 3264 1697 nec

1727 1729 1846 1783 sine
1867 1728 2037 1796 gloria
2062 1725 2114 1779 id
2146 1741 2320 1796 agere.
2351 1725 2445 1780 sed
2469 1741 2660 1796 magno
2695 1742 2817 1781 cum
2849 1728 3052 1783 honore
3079 1738 3131 1784 et
3151 1729 3266 1799 glo-

102 1839 288 1909 όνόματι
318 1838 504 1903 αὐτοῦ,
527 1838 699 1906 τούτῳ
747 1837 856 1908 γὰρ
885 1836 1104 1905 ψάλλειν
1143 1836 1624 1907 ὲκελευόμεθα’-τῇ

1729 1821 1829 1873 ria.
1870 1818 2143 1889 Siquidem
2198 1827 2388 1888 praeter
2434 1818 2795 1888 cognitionem
2839 1818 2931 1874 Dei
2983 1820 3039 1875 in
3088 1831 3265 1875 mente

103 1930 147 1982 δὲ
169 1930 350 1982 αἰνέσει
379 1928 563 1982 αὑτοῦ.
588 1927 876 1990 Λίνοῦντας
905 1928 1013 1998 γὰρ
1064 1928 1222 1980 αὐτὸν
1265 1927 1524 1998 προσήκει
1554 1925 1626 1996 μὴ

103 2017 357 2084 ταπεινῶς,
390 2021 524 2089 μηδὲ
553 2018 751 2082 ἀδόξως
782 2021 970 2081 αἰνεῖν,
1019 2019 1113 2071 σὺν
1174 2017 1339 2088 πολλῇ
1387 2018 1444 2071 δὲ
1496 2019 1625 2087 τιμῇ

105 2112 182 2163 καὶ
369 2109 511 2180 Πρὸς
540 2109 647 2180 γὰρ
673 2111 739 2178 τῇ
772 2107 910 2160 κατά
937 2107 1171 2160 διάνοιαν
1198 2106 1484 2179 ἐρρωμένη
1503 2106 1628 2175 περὶ

106 2204 216 2256 Θεοῦ
237 2202 431 2271 ’γνώσει
465 2203 532 2255 δι’
563 2201 793 2273 ὀργάνου
824 2200 1228 2272 κατορθουμένῃ
1252 2199 1629 2270 προσήκεικαὶ

105 2292 176 2345 διὰ
196 2292 352 2358 λόγων
374 2290 532 2344 θείων
559 2292 738 2353 αῐνους
767 2290 859 2342 καὶ
898 2288 1097 2359 ὕμνους
1125 2290 1249 2352 τοὺς
1281 2290 1360 2351 εἰς
1389 2288 1481 2341 τὸν
1500 2287 1628 2340 Θεὸν

108 2385 427 2456 περιεχόντων
483 2386 578 2438 σὺν
612 2383 863 2454 εὐλαϐείᾳ
913 2383 1007 2436 καὶ
1067 2380 1344 2451 σεϐασμίῳ
1392 2381 1523 2449 τιμῇ
1570 2380 1630 2431 τὸ
1682 2418 1685 2419 ν

109 2475 290 2544 πρῶτον
314 2474 660 2546 ἀποπληροῦν
693 2476 1035 2546 πρόσταγμα.
1061 2473 1151 2525 Διὸ
1175 2472 1437 2529 λέλεκται·
1464 2489 1481 2520 ι
1505 2471 1629 2522 Δότε

107 2565 237 2630 δόξαν
251 2561 645 2619 αἱνέσειάύτοῦ·
687 2583 706 2617 ι
731 2565 764 2634 ἢ
786 2563 924 2617 κατὰ
945 2563 1034 2616 τὸν
1062 2559 1312 2627 Ἀκύλαν,
1349 2578 1366 2610 ι
1392 2560 1518 2612 Δότε
1549 2559 1632 2610 δό-

110 2656 187 2721 ξαν
218 2657 434 2727 ὑμνήσει
463 2654 732 2724 αὐτοῦίἢ
764 2654 902 2708 κατὰ
927 2653 1350 2722 τὸνΣύμμαχον,
1387 2669 1404 2702 ι
1426 2649 1629 2713 Τάξατε

110 2749 174 2808 εις
197 2747 346 2817 τιμὴν
376 2745 466 2798 τὸν
501 2744 666 2815 ῦμνον
712 2742 929 2799 αὐτοῦ.)
977 2744 1098 2795 Ἔτι
1159 2741 1294 2810 πρὸς
1335 2740 1542 2802 τούτοις
1572 2740 1631 2810 τὸ

111 2836 300 2906 Πνεῦμα
329 2837 388 2889 τὺ
417 2834 750 2906 προφητικὸν
809 2832 1232 2905 παρακελεύεται
1285 2832 1448 2884 πᾶσιν
1502 2831 1629 2900 ἡμῖν

111 2928 492 3000 τιθεωρημένως
521 2924 837 2990 ὲνατενίζειν
890 2927 1000 2989 τοῖς
1029 2923 1207 2996 ἔργοις
1237 2922 1330 2976 τοῦ
1354 2921 1507 2986 Θεοῦ,
1539 2921 1631 2974 καὶ

112 3020 184 3073 ιδν
203 3020 312 3073 νοῦν
339 3020 580 3090 ὲφιστᾷν,
608 3020 753 3080 ὅπως
800 3016 962 3086 φόϐου
1019 3017 1110 3069 καὶ
1155 3013 1461 3085 ἐκπλήξεως
1489 3013 1633 3086 γέμῃ

112 3111 166 3164 ἰὰ
191 3112 274 3181 τῆς
300 3112 510 3179 οσοφίας
561 3109 720 3163 αὑτοῦ
757 3095 1258 3178 μεγαλουργήματα.
1299 3125 1317 3156 ι
1359 3105 1450 3158 Ἐκ
1476 3104 1633 3174 μεγὲ-

113 3200 214 3265 ίιυς
237 3201 334 3271 γὰρ
379 3201 472 3253 καὶ
523 3198 787 3267 ’καλλονῆς
835 3197 1139 3267 κτισμάτων
1197 3194 1466 3286 ἀναλόγως
1491 3196 1519 3246 ό
1550 3211 1634 3264 γε·
1661 3229 1702 3286 c

112 3292 382 3363 νισιουργὺς
407 3291 706 3360 θεωρεῖται’
749 3309 767 3340 ι
789 3289 911 3342 καί·
938 3308 955 3340 ι
986 3288 1065 3342 Τά
1091 3287 1292 3361 ἀόρατα
1321 3285 1481 3340 αὐτοῦ
1525 3286 1631 3338 ἀπὸ

112 3382 305 3444 δτίσεως
333 3381 534 3451 κόσμου
566 3381 677 3442 τοῖς
723 3381 984 3450 ποιήμασι
1019 3379 1279 3448 νοούμενα
1316 3377 1626 3449 καθορᾶται·

110 3470 138 3538 ή
162 3486 213 3522 τε
235 3470 388 3532 arato;
421 3467 583 3521 αὑτοῦ
627 3467 851 3538 δύναμις
896 3468 990 3520 καὶ
1046 3468 1276 3539 θειότης.
1300 3486 1318 3519 ›
1348 3466 1512 3520 Ταῦτ’
1538 3463 1630 3520 οὖν

111 3557 435 3630 θεωροῦντας,
476 3557 1009 3629 ὑπερεκπλήττεσθαι
1064 3558 1160 3622 δεῖ,
1217 3559 1310 3610 καὶ¹
1346 3558 1520 3627 λέγειν
1553 3552 1631 3628 τῷ

110 3651 226 3720 Θεῷ·
261 3670 277 3703 ι
309 3651 393 3714 Ὠς
422 3649 626 3722 φοϐερά
660 3651 727 3702 τὰ
743 3649 887 3720 ,ἔργα
909 3665 1053 3701 σου.»
1087 3648 1366 3718 Ἀλλ’ἡμίν
1401 3648 1497 3718 μὲν
1520 3651 1630 3712 τοῖς

111 3741 196 3793 ὑπὸ
220 3742 311 3808 σοῦ
340 3741 766 3810 τεφωτισμένοις
796 3739 1056 3808 ἔγνωσται
1075 3740 1167 3792 καὶ
1191 3739 1538 3808 κατείληπται
1563 3738 1630 3790 τά

110 3831 222 3902 ἔργα
252 3849 334 3885 σου
363 3831 489 3885 ὄντα
518 3829 740 3901 φοϐεράο
775 3831 823 3882 oi
852 3829 907 3881 δὲ
931 3829 1112 3902 ἐχθροί
1143 3845 1235 3880 σου
1257 3830 1312 3881 ὲν
1333 3827 1504 3898 σκότῳ
1533 3844 1631 3880 κα-

110 3923 426 3996 λινδούμενοι,
463 3924 566 3978 κᾶν
599 3923 821 3976 ὲθέλωσί
857 3935 984 3975 ποτε
1016 3921 1266 3993 περὶτῶν
1300 3922 1404 3975 σῶν
1457 3920 1629 3992 ἔργων

108 4015 343 4080 διεξιέναι,
377 4017 470 4070 καὶ
494 4016 682 4084 λόγους
706 4015 780 4077 ὡς
808 4010 915 4066 οἷόν
946 4031 1003 4066 τε
1030 4015 1282 4082 φυσικοὺς
1310 4011 1626 4075 ἀποδιδόναι,

111 4107 294 4178 μακρὰν
327 4109 691 4163 ἀποπίπτουσι
712 4106 802 4158 τοῦ
829 4104 1058 4174 πλήθους
1078 4104 1176 4174 τῆς
1211 4103 1306 4173 σῆς
1332 4103 1625 4172 δυνάμεως,

109 4199 237 4251 οὐδὲν
265 4201 407 4268 ὑγιὲς
439 4199 558 4252 οὐδὲ
594 4197 788 4267 ἀληθὲς
817 4195 1026 4265 ἔχοντες
1071 4196 1263 4264 λέγειν.
1295 4196 1384 4248 Διό
1432 4192 1622 4266 φαμενῖ

114 4289 220 4340 «Ἐν
250 4290 318 4360 τῷ
347 4289 542 4361 πλήθει
570 4290 667 4358 τῆς
695 4286 971 4358 δυνάμεώς
1028 4303 1119 4339 σου
1163 4285 1446 4354 ψεύσονται
1491 4302 1550 4337 σε
1580 4288 1628 4338 οἱ

109 4379 265 4448 ἐχθροί
294 4397 405 4435 sou.
444 4382 601 4434 Πᾶσα
651 4381 683 4449 ἡ
716 4380 787 4448 γῆ
851 4378 1373 4450 προσκυνησάτωσαν
1427 4395 1505 4430 σοι
1538 4379 1629 4430 καὶ

108 4469 396 4537 ψαλάτωσάν
429 4489 534 4536 σοι,
568 4470 888 4540 ψαλάτωσαν
919 4469 993 4540 τῷ
1017 4469 1235 4540 ὀνόματί
1266 4486 1377 4521 σου.
1401 4469 1629 4537 Διάψαλ-

1658 1903 1698 1956 Β
1726 1911 1975 1972 deﬁxam,
2001 1924 2121 1980 qua:
2149 1924 2245 1978 per
2271 1909 2686 1963 instrumentum
2709 1909 3030 1974 celebratur,
3061 1924 3159 1981 par
3181 1917 3264 1966 est

1727 2003 1887 2057 etiam
1946 2000 2146 2055 divinis
2191 2000 2528 2055 sermonibus
2563 2000 2745 2056 laudes
2796 2009 2849 2056 et
2898 2001 3124 2072 hymnos
3171 2001 3262 2057 Dei

1727 2091 2202 2161 complectentibus
2229 2106 2350 2145 cum
2373 2090 2567 2160 pietate
2585 2107 2646 2145 ac
2663 2092 3001 2146 veneratione
3032 2091 3261 2161 primum

1727 2191 2051 2252 praeceptum
2074 2182 2313 2251 implere.
2341 2180 2518 2248 Quare
2548 2182 2748 2236 dictum
2777 2189 2859 2237 est
2893 2202 2905 2237 :
2936 2199 2954 2233 ι
2994 2181 3122 2237 Date
3146 2183 3263 2252 glo-

1729 2275 1862 2326 riam
1887 2273 2032 2327 laudi
2060 2274 2208 2342 ejus;
2254 2292 2272 2325 ι
2312 2275 2418 2340 vel,
2445 2274 2740 2329 secundum
2767 2273 3046 2343 Aquilam:
3090 2292 3107 2324 ι
3135 2272 3264 2327 Date

1728 2363 1950 2431 gloriam
1969 2361 2182 2432 hymnis
2197 2362 2314 2431 ejus
2334 2381 2348 2428 ς
2374 2381 2392 2413 ι
2413 2363 2517 2426 vel,
2540 2362 2835 2418 secundum
2854 2361 3228 2434 Symmachum
3248 2378 3262 2414 :

1734 2472 1752 2503 ι
1783 2454 2107 2508 Constituite
2138 2455 2191 2508 in
2222 2455 2479 2509 honorem
2507 2454 2766 2524 hymnum
2801 2455 2939 2524 ejus.
2980 2474 2999 2506 ι
3029 2454 3108 2508 Ad
3152 2456 3264 2510 haec

1728 2559 1853 2598 vero
1881 2543 2117 2613 Spiritus
2143 2545 2488 2614 propheticus
2514 2546 2669 2614 jubet
2700 2559 2798 2600 nos
2831 2559 3020 2602 omnes
3063 2552 3265 2601 attento

1730 2636 1908 2690 animo
1935 2651 2097 2705 opera
2127 2636 2220 2691 Dei
2254 2636 2616 2701 considerare,
2648 2644 2806 2706 atque
2833 2644 3011 2692 mente
3041 2643 3264 2708 perpen-

1728 2725 1873 2789 dere,
1905 2741 2012 2794 quo
2045 2733 2202 2795 pacto
2230 2740 2421 2796 magna
2444 2727 2720 2795 sapientiae
2747 2727 2892 2783 illius
2915 2743 3078 2798 opera
3111 2731 3255 2784 timo-

1731 2829 1840 2867 rem
1875 2824 2252 2882 stuporemque
2283 2812 2534 2868 inferant.
2574 2832 2594 2864 ‹
2624 2811 2757 2867 Nam
2797 2830 2861 2869 ex
2904 2818 3265 2887 magnitudine

1728 2919 1779 2960 et
1820 2905 2218 2974 pulchritudine
2256 2912 2629 2960 creaturarum
2667 2907 3012 2976 proportione
3035 2910 3264 2977 quadam

1729 2995 1907 3065 opifex
1947 2995 2265 3066 intelligitur
2300 2995 2381 3063 ἐς
2420 3015 2440 3047 ι
2475 3004 2571 3051 et:
2611 3016 2628 3048 ι
2677 2996 2972 3053 Invisibilia
3015 3001 3184 3070 ipsius
3235 3016 3265 3055 ο

1731 3093 1981 3141 creatura
2023 3087 2231 3150 mundi,
2274 3101 2369 3156 per
2398 3101 2461 3142 ea
2486 3102 2605 3157 quae
2627 3087 2768 3142 facta
2798 3098 2942 3154 sunt,
2973 3089 3263 3157 intellecta,

1733 3172 2160 3249 conspiciuntur,
2215 3179 2538 3248 sempiterna
2586 3196 2799 3250 quoque
2855 3181 2973 3251 ejus
3013 3181 3183 3238 virtus
3215 3191 3267 3238 et

1733 3269 1987 3325 divinitas
2007 3268 2086 3344 ".‘
2109 3288 2126 3322 ι
2160 3269 2284 3324 Haec
2307 3273 2747 3342 contemplantes,
2772 3280 2990 3344 stupore
3015 3273 3147 3329 allici
3174 3290 3266 3344 par

1729 3367 1830 3424 est,
1871 3374 1934 3413 ac
1958 3360 2135 3415 dicere
2162 3360 2272 3414 Deo
2302 3377 2314 3412 :
2347 3379 2365 3411 ‹
2402 3361 2571 3427 Quam
2601 3364 2860 3418 terribilia
2889 3379 3050 3434 opera
3080 3366 3200 3417 tua!
3243 3383 3264 3417 ι

1734 3449 1836 3506 Sed
1869 3465 1898 3504 a
1929 3452 2083 3506 nobis
2112 3452 2328 3522 quidem
2361 3454 2457 3508 abs
2488 3461 2542 3509 te
2578 3454 2893 3509 illuminatis
2922 3457 3268 3525 cognoscitur

1729 3547 1782 3598 et
1809 3543 2280 3611 comprehenditur
2300 3559 2463 3613 opera
2484 3551 2574 3597 tua
2603 3545 2862 3598 terribilia
2896 3560 3033 3600 esse.
3061 3545 3266 3601 Inimici

1729 3647 1858 3688 vero
1886 3635 1963 3686 tui
1999 3635 2053 3687 in
2087 3635 2321 3690 tenebris
2348 3635 2593 3700 volutati,
2632 3636 2842 3690 etiamsi
2883 3651 3266 3706 nonnunquam

1727 3725 1893 3779 velint
1921 3725 2277 3795 deoperihus
2321 3727 2433 3780 tuis
2463 3727 2623 3780 verba
2653 3726 2847 3791 facere,
2888 3709 3267 3797 naturalesque

1728 3827 2002 3870 sermones
2039 3830 2138 3884 pro
2170 3815 2426 3870 facultate
2478 3824 2676 3880 texere,
2727 3816 2882 3887 longe
2931 3817 3183 3872 aberrant
3238 3832 3265 3871 a

1727 3905 2094 3974 magnitudine
2122 3905 2341 3960 virtutis
2388 3914 2511 3984 tuae,
2555 3907 2795 3977 nihilque
2836 3922 3047 3973 sanum,
3082 3923 3262 3964 verum

1726 3997 1859 4050 nihil
1887 3996 2075 4052 elferre
2111 3997 2305 4053 valent.
2346 3996 2527 4063 Quare
2553 3999 2796 4054 'dicimus
2831 4019 2844 4054 :
2881 4018 2898 4051 ι
2936 4000 2990 4053 In
3011 4002 3263 4055 multitu-

1712 4087 1851 4142 dine
1879 4088 2093 4143 virtutis
2117 4096 2223 4144 tuae
2252 4090 2578 4145 mentientur
2597 4090 2697 4145 tibi
2727 4092 2930 4146 inimici
2958 4093 3055 4146 tui.
3084 4091 3264 4148 Omnis

1725 4185 1868 4233 terra
1892 4179 2078 4234 adoret
2101 4189 2170 4244 te,
2192 4188 2246 4236 et
2269 4182 2461 4251 psallat
2479 4182 2595 4247 tihi,
2620 4181 2882 4252 psalmum
2901 4183 3047 4236 dicat
3066 4182 3270 4237 nomini

1726 4280 1838 4327 tuo.
1892 4270 2212 4340 Diapsalma.
2245 4291 2264 4324 ›
2319 4272 2506 4329 Priora
2560 4275 2773 4343 quidem
2813 4280 3078 4343 praecepta
3122 4275 3270 4325 omni

1727 4369 1901 4423 terrae,
1932 4363 2180 4418 videlicet
2221 4365 2474 4432 omnibus
2507 4366 2773 4433 gentibus,
2822 4364 3132 4433 pr0phetice
3161 4373 3272 4416 tra-

1724 4453 1838 4508 dita
1868 4452 2098 4508 fuerant.
2122 4454 2259 4519 Quia
2288 4471 2435 4518 vero,
2459 4462 2516 4508 ut
2543 4455 2657 4508 haec
2683 4469 2843 4523 opere
2865 4454 3120 4523 compleri
3145 4469 3270 4524 pos-

111 4576 220 4628 μα.»
258 4563 328 4616 Τὰ
353 4564 450 4633 μὲν
478 4561 666 4632 πρῶτα
694 4560 1121 4631 παραγγέλματα
1149 4555 1217 4630 ἦν
1271 4559 1418 4631 πάσῃ
1437 4561 1500 4629 τῇ
1535 4560 1625 4627 γῇ,

1730 4552 1868 4609 sent,
1886 4544 2127 4600 oratione
2144 4561 2278 4615 opus
2301 4554 2431 4607 erat,
2459 4543 2689 4612 Spiritus
2711 4545 2923 4598 divinus
2946 4552 3066 4613 post
3089 4546 3267 4613 priora

106 4651 279 4725 δηλαδὴ
301 4659 430 4709 πᾶσι
458 4658 571 4716 τοῖς
602 4653 797 4715 ἔθνεσι,
817 4651 1160 4722 προφητικῶς
1191 4649 1626 4722 παρηγγελμένα·
1690 4694 1695 4699 .

107 4744 208 4796 ἐπεὶ
235 4746 464 4818 δὲεὺχῆς
521 4741 588 4816 ἦν
645 4744 800 4815 χρεία
834 4746 912 4806 είς
938 4744 998 4796 τὸ
1039 4743 1325 4813 δυνηθῆναι
1354 4742 1419 4816 δι’
1459 4741 1630 4812 ἔργων

106 4834 252 4887 ταῦτα
279 4837 538 4908 χωρῆσαι,
572 4834 877 4902 ἀναγκαίως
903 4834 962 4886 τὸ
994 4833 1133 4886 θεῖον
1160 4831 1378 4901 Πνεῦμα
1409 4830 1543 4899 μετά
1562 4831 1629 4884 τὰ

108 4923 274 4989 πρῶτα
300 4925 428 4995 πρὸς
461 4925 618 4978 αὐτὸν
649 4925 956 4995 ἐπιστρέφει
989 4925 1077 4976 τὸν
1125 4923 1270 4986 Θεὸν,
1304 4920 1464 4989 εὐχὴν
1491 4921 1631 4991 ὑπὲρ

108 5011 264 5082 πᾶα-ης
281 5015 372 5085 τῆς
398 5016 503 5085 γῆς
552 5015 886 5084 ἀναπέμπον.
939 5015 1026 5067 Διό
1079 5029 1226 5082 φησι·
1266 5032 1282 5063 ι
1313 5013 1467 5064 Πᾶσα
1496 5013 1527 5082 ή
1560 5013 1630 5083 γῆ

107 5107 603 5176 προσκυνησάτωσάν
638 5123 717 5159 σοι
749 5108 841 5159 καί
893 5106 1211 5174 ψαλάτωσάν
1249 5120 1349 5164 σοι,
1385 5101 1630 5170 ψαλάτω-

109 5208 192 5243 σαν
218 5193 291 5262 τῷ
309 5195 523 5266 ὀνόματί
546 5212 690 5250 σου.»
741 5196 882 5248 Ἀντὶ
912 5196 969 5248 δὲ
1027 5194 1137 5248 τοῦ·
1174 5212 1190 5243 ι
1233 5193 1384 5244 Πᾶσα
1418 5192 1449 5260 ἡ
1481 5193 1570 5260 γῆ,
1609 5212 1624 5241 ι

107 5284 129 5335 ὁ
157 5276 427 5354 Σύμμαχος
461 5281 784 5357 σαφέστερον
815 5287 1148 5358 ἡρμήνευσεν
1169 5283 1351 5336 εἰπών’
1386 5301 1401 5331 ι
1428 5282 1630 5346 Πάντες

111 5375 148 5424 ὀἱ
177 5373 429 5444 ὲπὶλγῆςη
465 5374 781 5445 λευκότερον
824 5375 1086 5446 δηλώσας,
1131 5375 1208 5426 ὃτι
1250 5371 1320 5443 μὴ
1363 5373 1628 5432 Ἰουδαίοις

108 5463 158 5519 ’ὡ
179 5464 522 5536 παράγγελμα
552 5464 744 5527 δὲδοτο,
802 5464 935 5517 ἀλλά
975 5466 1104 5516 πᾶσι
1131 5465 1244 5524 τοῖς
1280 5461 1371 5514 ἐπὶ
1403 5461 1502 5531 γῆς
1535 5464 1625 5514 ἀν-

109 5552 336 5624 θρώποις.
365 5553 634 5621 Μεγίστης
655 5552 760 5623 γὰρ
779 5552 981 5604 ἐδέοντο
1008 5544 1191 5622 εὐχῆς,
1211 5551 1285 5611 ὡς
1307 5549 1370 5602 ἂν
1407 5549 1627 5619 δυνάμει

109 5642 223 5696 Θεοῦ
247 5642 530 5714 παράδοξος
562 5641 766 5710 γένοιτό
799 5657 879 5703 τις
905 5642 962 5692 ὲν
985 5641 1163 5702 αὐτοῖς
1199 5637 1462 5710 μεταϐολὴ
1491 5638 1628 5708 πρὸς

167 5825 209 5857 ⁸⁸
231 5825 352 5898 Sap.
384 5843 502 5893 xm,
531 5827 580 5881 5.
658 5826 698 5858 "
723 5826 875 5882 Rom.
911 5840 948 5888 ι,
981 5824 1072 5879 ‘20.

394 5927 657 5988 ΡΑτιιοι.
690 5925 802 5988 Gn.
836 5922 1070 5986 XXIII.

1731 4636 1851 4699 illa,
1899 4636 2209 4690 necessario
2259 4635 2323 4688 ad
2371 4633 2536 4689 Deum
2575 4634 2818 4696 vertitur,
2864 4635 3269 4702 orationemque

1730 4741 1826 4796 pro
1853 4726 2100 4780 universa
2136 4736 2273 4779 terra
2302 4724 2516 4778 emittit.
2547 4724 2907 4790 Quamobrem
2941 4727 3013 4780 ait
3047 4747 3057 4779 :
3095 4745 3112 4776 ι
3149 4725 3271 4780 Om-

1729 4818 1814 4870 nis
1846 4824 1984 4870 terra
2017 4815 2201 4868 adoret
2232 4822 2303 4877 te,
2337 4823 2390 4869 et
2419 4815 2623 4886 psallat
2661 4817 2781 4880 tibi,
2817 4818 3080 4886 psalmum
3125 4817 3270 4871 dicat

1731 4907 1929 4960 nomini
1964 4914 2075 4960 tuo.
2101 4925 2119 4956 ι
2143 4904 2248 4959 Pro
2277 4907 2369 4961 illo
2395 4917 2570 4963 autem
2595 4928 2606 4962 :
2651 4927 2670 4960 ι
2702 4910 2890 4963 Omnis
2913 4918 3075 4971 terra,
3114 4929 3132 4961 ι
3160 4910 3269 4963 cla-

1728 5000 1841 5052 rius
1866 4996 2217 5066 Symmachus
2242 4999 2623 5068 interpretatur
2647 5001 2829 5057 dicens
2863 5022 2874 5055 :
2908 5020 2925 5051 ‹
2953 5002 3151 5056 Omnes
3176 5004 3268 5072 qui

1729 5087 1781 5139 in
1816 5094 1958 5140 terra
1990 5095 2134 5150 sunt,
2161 5106 2179 5138 ι
2209 5091 2444 5158 apertius
2474 5091 2775 5156 declarans,
2804 5107 2908 5144 non
2938 5089 3137 5145 Iudaeis
3164 5100 3269 5145 tra-

1725 5176 1895 5229 ditum
1936 5183 2257 5245 praeceptum
2303 5194 2443 5242 esse,
2482 5179 2576 5234 sed
2623 5180 2990 5247 0mnibus.qui
3041 5179 3093 5232 in
3127 5187 3268 5235 terra

1727 5274 1851 5321 sunt
1890 5264 2215 5322 hominibus.
2271 5268 2529 5324 Precibus
2571 5284 2799 5339 namque
2849 5269 3101 5323 maxime.
3130 5285 3267 5339 opus

1726 5371 1860 5424 erat,
1896 5366 1955 5412 ut
1996 5376 2062 5414 ex
2109 5358 2206 5413 Dei
2260 5355 2543 5430 potestate,
2602 5358 2965 5427 inexspectata
3020 5359 3266 5426 quaedam

1725 5449 1951 5504 mutatio
1977 5451 2108 5520 ipsis
2138 5450 2433 5510 accederet.
2477 5459 2534 5503 ut
2578 5464 2644 5502 ne
2673 5449 2810 5500 ultra
2843 5448 3131 5501 multorum
3175 5464 3268 5503 nu-

1724 5544 1929 5598 minum
1959 5545 2129 5598 errori
2158 5545 2338 5599 animo
2363 5543 2726 5605 adhaererent;
2754 5540 2846 5595 sed
2870 5556 3032 5595 unum
3073 5540 3262 5607 Deum,

1725 5636 1896 5692 solum
1927 5635 2257 5692 adorandum
2300 5649 2488 5692 reanse
2510 5634 2745 5689 colerent
2781 5639 2832 5687 et
2852 5617 3266 5693 adorarent-at-

2917 5897 2990 5960 21
