3966 6340
682 403 781 465 661
1404 403 1668 468 EUSEBII
1712 411 2185 469 CAESARIENSIS
2223 414 2374 471 OPP.
2413 415 2594 472 PARS
2630 416 2717 472 ill.
2758 447 2824 458 —
2862 416 3261 474 EXEGE’l‘tCA.
3782 419 3866 473 65%

678 536 784 591 que
819 527 1144 591 praeceptum
1190 520 1501 588 huiusmodi
1531 522 1883 578 observarent
1915 542 1926 578 ε
1969 543 1986 575 ι
2026 523 2220 578 Ρεοιιίιι

2348 527 2406 578 τὸ
2432 527 2625 597 μηκέτι
2660 528 2756 596 μὲν
2804 529 2870 598 τῇ
2909 528 3153 600 πολυθέῳ
3185 529 3468 602 προσέχειν
3517 529 3709 600 πλάνῃ,
3742 532 3868 601 μόνον

681 614 888 670 nomini
925 614 1064 681 ejus.
1105 632 1122 665 ι
1170 611 1239 666 Ut
1276 615 1462 682 itaque
1512 614 1626 668 haec
1666 614 1940 678 eveniant,
2000 614 2220 684 Spiritui

2342 617 2395 669 δὲ
2431 617 2605 670 σέϐειν
2626 619 2683 670 ὃν
2714 619 2912 671 δεῖκαὶ
2970 623 3309 690 προσκυνεῖν,
3361 621 3450 672 τὸν
3477 621 3572 673 ἕνα
3612 621 3704 673 καὶ
3743 623 3867 691 μόνον

679 720 898 762 sanctus
933 709 1001 760 ita
1035 711 1326 776 precatur:
1357 722 1378 755 ι
1417 703 1605 761 Omnis
1643 711 1788 758 terra
1839 705 2028 759 adoret
2080 714 2133 761 te
2183 720 2220 761 Ci

2342 710 2432 761 καὶ
2468 710 2838 780 προσκυνητὸν
2899 710 3051 777 Θεὸν,
3082 711 3343 764 ἐπιτελεῖν
3375 729 3433 763 τε
3484 712 3547 764 τὸ
3582 713 3870 783 πρόσταγμα

679 800 872 869 psallat
904 798 1019 860 tibi,
1056 797 1324 866 psalmum
1355 797 1496 850 dicat
1533 797 1741 850 nomini
1776 804 1890 852 tuo.
1933 817 1952 849 s

2341 798 2406 850 δι’
2428 793 2486 853 οῦ
2517 784 2748 867 ἐλέγετο·
2780 820 2797 851 ι
2825 801 3043 854 Ψάλατε
3063 791 3132 872 δὴ
3157 802 3233 872 τῷ
3273 803 3491 872 ὀνόματι
3524 784 3704 856 αὑτοῦ.
3744 824 3758 854 ι
3795 806 3868 857 ”1ν’

677 892 768 946 οὖν
811 883 977 946 ταῦτα
1035 892 1279 963 γένηται,
1343 891 1557 962 εὑχεται
1589 891 1653 943 τὸ
1707 891 1930 963 Πνεῦμα
1979 892 2040 946 τὸ
2090 891 2240 961 ἅγιον
2276 893 2460 962 λέγον·
2511 915 2528 945 ι
2562 896 2776 965 Πᾶσαή
2825 896 2896 965 γῆ
2947 897 3474 967 προσκυνησάτωσαν
3507 914 3589 950 σοι
3651 898 3738 950 καὶ
3784 897 3867 966 φι-

677 983 914 1038 λάτωσάν
944 1001 1042 1048 σοι,
1069 983 1388 1053 ψαλάτωσαν
1418 983 1495 1052 τῷ
1522 981 1743 1054 ὀνόματί
1765 999 1878 1036 σου.
1907 1002 1926 1036 ι

745 1103 909 1160 Vens.
936 1104 988 1167 5,
1027 1102 1078 1156 6.
1123 1120 1141 1152 ι
1168 1101 1362 1157 Venite
1392 1109 1444 1155 et
1471 1101 1649 1156 videte
1670 1116 1834 1170 opera
1874 1099 1988 1163 Dei,
2021 1101 2240 1156 terribi-
2286 1136 2288 1138 τ

652 1198 812 1253 iisin
839 1195 1082 1250 consiliis
1107 1208 1271 1264 super
1293 1193 1433 1246 tilios
1464 1192 1765 1245 hominum.
1800 1210 1818 1242 ι
1850 1189 1916 1245 Ut
1945 1191 2100 1261 longe
2128 1191 2239 1246 dis-

674 1290 794 1346 sitis
843 1289 910 1342 iis
948 1289 1039 1356 qui
1073 1287 1331 1339 invocant.
1358 1299 1555 1338 nomen
1586 1282 1700 1345 Dei.
1735 1293 1792 1336 ut
1823 1285 2047 1352 propius
2079 1289 2238 1338 acc‘e-

673 1382 800 1436 dant
830 1381 1071 1450 prrecipit
1102 1377 1325 1432 dicens:
1352 1395 1369 1428 ι
1401 1374 1612 1430 Venite.
1649 1391 1667 1426 ι
1701 1374 1858 1441 Quod
1887 1377 2066 1446 ipsum
2098 1376 2236 1430 divi;

671 1491 774 1529 nus
818 1471 1109 1540 Apostolus
1158 1468 1454 1523 declaravit
1488 1470 1573 1525 his
1597 1470 1815 1524 verbis:
1849 1487 1866 1518 ι
1903 1469 1965 1520 lit
2005 1470 2227 1524 veniens

673 1563 1018 1619 annuntiavit
1060 1575 1248 1630 pacem
1299 1562 1450 1615 vobis
1492 1561 1583 1630 qui
1620 1562 1777 1631 longe
1811 1560 2011 1622 fuistis,
2047 1569 2101 1615 et
2133 1576 2228 1630 pa-

670 1671 785 1710 cem
840 1653 904 1708 iis
949 1653 1040 1722 qui
1093 1667 1258 1721 prope
1280 1651 1345 1702 ⁸⁸.
1382 1670 1398 1702 ι
1445 1649 1647 1706 Omnes
1695 1667 1860 1721 porro
1902 1666 1997 1721 per
2037 1647 2226 1704 orbem

669 1752 856 1816 gentes
915 1743 980 1796 ad
1025 1741 1117 1796 Dei
1171 1743 1445 1808 notitiam,
1497 1750 1551 1797 et
1600 1741 1666 1796 ad
1714 1741 2226 1810 contemplationem

670 1856 890 1912 operum
926 1842 1044 1910 ejus
1091 1856 1270 1896 sermo
1300 1852 1506 1896 evocat.
1538 1840 1671 1895 Nam
1706 1840 1894 1910 procul
1928 1839 2036 1894 Deo
2079 1840 2226 1908 posi-
2260 1879 2301 1932 Β

2411 1117 2430 1151 ι
2470 1097 2633 1152 Δεῦτε
2666 1098 2760 1150 καί⁵
2799 1095 2933 1150 ἴδετε
2985 1095 3054 1149 τά
3087 1095 3220 1166 ἔργα
3259 1095 3350 1149 τοῦ
3387 1094 3542 1162 Θεοῦ,
3575 1095 3791 1165 φοϐερὸς
3827 1114 3868 1149 εν

2331 1191 2550 1256 βουλαῖς
2578 1189 2729 1262 παρὰ
2763 1190 2888 1252 τοὺς
2917 1189 3063 1252 υἰοὺς
3094 1187 3203 1241 τῶν
3251 1185 3569 1257 ἀνθρώπων.
3599 1208 3617 1238 ι
3674 1187 3754 1249 Ὠς
3789 1205 3869 1255 μαι

2337 1284 2470 1354 κράν
2521 1282 2854 1352 ἀφεστηκόσι
2900 1285 3011 1343 τοῖς
3060 1280 3409 1349 καλουμένοις
3442 1279 3499 1330 τὸ
3553 1279 3691 1331 θεῖον
3732 1279 3871 1348 ὄνομα

2335 1375 2556 1446 πλησίον
2580 1374 2834 1445 ἔρχεσθαι
2863 1374 3186 1444 προστάττει
3215 1373 3371 1442 λέγον
3390 1389 3402 1402 ·
3446 1390 3464 1422 ι
3485 1371 3665 1424 Δεῦτε.
3691 1391 3709 1422 ›
3731 1372 3870 1424 Τοῦτο

2331 1467 2388 1519 δὲ
2425 1470 2452 1519 6
2486 1465 2624 1529 θεῖος
2673 1465 2989 1527 Ἀπόστολος
3017 1465 3250 1535 παρίστη
3294 1461 3494 1517 εἰπών·
3544 1482 3562 1514 ι
3593 1463 3702 1515 Καὶ
3730 1463 3870 1516 ἐλθὼν

2333 1558 2719 1628 εὐηγγελίσατο
2748 1557 2971 1628 εἰρήνην
3006 1556 3132 1626 ὑμῖν
3157 1558 3267 1619 τοῖς
3303 1554 3539 1626 μακρὰν,
3568 1557 3661 1607 καὶ
3682 1556 3870 1626 εἰρήνην

2331 1654 2442 1713 τοῖς
2491 1649 2674 1718 ἐγγύς.
2719 1667 2736 1699 ι
2792 1647 2960 1702 Καλεῖ
2994 1647 3050 1699 δὲ
3094 1649 3121 1700 6
3171 1646 3324 1714 λόγος
3361 1647 3429 1699 τὰ
3467 1646 3585 1700 καθ’
3631 1646 3753 1718 ὅλης
3792 1648 3870 1717 τῆς

2333 1741 2653 1810 οἰκουμένης
2698 1740 2823 1810 ἔθνη
2875 1739 2965 1791 ἐπὶ
2994 1740 3092 1809 τὴν
3139 1738 3229 1790 τοῦ
3266 1738 3399 1791 Θεοῦ
3435 1737 3669 1805 γνῶσιν,
3704 1737 3787 1790 ἐπί
3822 1755 3868 1789 τε

2332 1834 2430 1904 τὴν
2465 1832 2696 1902 θεωρίαν
2745 1831 2852 1884 τῶν
2905 1830 3080 1898 ἔργων
3110 1828 3294 1883 αὑτοῦ.
3348 1829 3579 1900 Μακράν
3609 1829 3714 1900 γὰρ
3760 1830 3870 1896 ἀφε-

665 1943 754 1997 tae,
797 1950 971 2005 neque
1019 1934 1294 1999 videbant,
1339 1949 1516 2003 neque
1547 1940 1832 1987 noverant.
1863 1930 2220 1996 Quamobrem

2331 1923 2507 1976 στῶτα
2531 1923 2625 1976 τοῦ
2647 1923 2778 1975 Θεοῦ
2810 1921 2931 1975 οὔτε
2961 1920 3125 1991 ἑώρα,
3155 1920 3278 1974 οὑτε
3307 1923 3586 1990 ἐγίνωσκε.
3617 1923 3705 1990 Διό
3731 1935 3869 1991 φησι·

667 2027 778 2080 ait:
811 2044 829 2077 ι
863 2025 1052 2081 Venite
1086 2031 1140 2080 et
1169 2024 1349 2079 videte
1380 2039 1543 2094 opera
1579 2024 1670 2077 Dei
1701 2040 1714 2076 :
1754 2042 1770 2073 ›
1812 2023 1878 2077 de
1908 2023 2107 2092 quibus
2138 2038 2229 2077 su-

665 2134 762 2190 pra
788 2120 990 2173 dictum
1019 2125 1104 2173 est
1130 2134 1142 2170 :
1175 2134 1193 2165 σ
1231 2115 1405 2170 Dicite
1442 2117 1548 2170 Deo
1574 2135 1584 2168 :
1614 2115 1786 2181 Quam
1819 2116 2082 2169 terribilia
2107 2127 2229 2170 sunt

665 2223 828 2264 onera
860 2209 984 2262 tua!
1015 2225 1033 2258 ι
1065 2206 1171 2261 Sed
1201 2206 1328 2260 olim
1361 2206 1576 2276 quidem
1615 2205 1960 2275 prrecipiebat
1999 2205 2181 2260 dicere
2212 2225 2223 2258 :

671 2317 690 2351 ι
720 2298 892 2364 Quam
927 2296 1189 2351 terribilia
1223 2305 1351 2352 sunt
1394 2310 1554 2365 Opera
1607 2299 1729 2350 tua!
1766 2318 1783 2348 »
1819 2296 2086 2362 Quoniam
2132 2314 2227 2352 au-

667 2398 774 2444 tem
801 2389 1095 2444 verisimile
1122 2396 1241 2442 erat
1270 2403 1385 2450 eos,
1422 2389 1608 2457 procul
1643 2390 1871 2458 positos,
1907 2405 2025 2459 qua:
2044 2399 2228 2446 essent

666 2495 828 2551 opera
876 2480 965 2535 Dei
1012 2480 1282 2550 ignorare,
1320 2479 1408 2533 hic
1446 2489 1847 2549 consequenter
1887 2482 2106 2537 eosdem
2147 2484 2226 2540 sic

664 2573 995 2642 alloquitur:
1026 2588 1043 2621 ι
1077 2569 1268 2625 Venite
1296 2577 1348 2624 et
1377 2571 1552 2624 videte
1585 2586 1747 2640 opera
1777 2569 1891 2625 Dei.
1925 2591 1942 2624 ι
1977 2571 2114 2627 Cum
2138 2588 2226 2627 au-

666 2667 775 2712 tem
809 2672 872 2710 ea
906 2656 1174 2718 videritis,
1205 2655 1482 2719 ediscetis,
1525 2671 1648 2710 eum
1685 2657 1984 2712 terribilem
2014 2673 2134 2714 esse
2167 2658 2224 2713 in

665 2747 907 2804 consiliis
933 2762 1031 2818 pro
1064 2747 1188 2801 [iliis
1225 2745 1526 2801 hominum.
1553 2745 1755 2802 Horum
1787 2749 2110 2803 sententiam
2145 2750 2225 2804 sic

663 2840 864 2894 clarius
899 2840 1283 2909 interpretatur
1320 2837 1677 2910 Symmachus
1707 2839 1898 2895 dicens
1939 2859 1953 2894 :
1983 2859 2001 2891 ι
2033 2839 2224 2896 Venite

661 2940 716 2987 et
753 2932 933 2987 videte
973 2946 1137 3001 Opera
1170 2929 1287 2996 Dei,
1337 2933 1611 2987 terribiles
1655 2933 2086 2988 machinationes
2125 2949 2225 3004 pro

666 3025 788 3080 ﬁliis
817 3025 1116 3078 hominum.
1153 3043 1172 3076 ι
1211 3021 1404 3078 Omnia
1430 3026 1630 3094 quippe
1663 3041 1761 3094 pro
1788 3027 1963 3102 salute
1991 3026 2222 3079 tiliorum

659 3117 940 3172 hominum
988 3116 1329 3170 machinatus
1362 3123 1466 3171 est.
1513 3114 1627 3170 Sub
1662 3116 1774 3171 haec
1828 3117 1986 3172 docet
2018 3123 2221 3185 quanta

2337 2033 2352 2064 t
2389 2014 2550 2066 Δεῦτε
2587 2014 2681 2065 καὶ
2719 2013 2860 2077 ἰδετε
2912 2010 2981 2063 τά
3031 2010 3168 2080 ἔργα
3216 2011 3307 2062 τοῦ
3360 2011 3531 2063 Θεοῦ·
3569 2030 3589 2062 ι
3645 2011 3764 2083 περί
3812 2003 3871 2062 ὧν

2328 2105 2580 2174 ἀνωτέρω
2613 2104 2826 2172 ἐλέγετο
2845 2119 2858 2133 ο
2907 2121 2926 2153 (
2953 2103 3158 2155 Εἴπατε
3199 2100 3276 2172 τῷ
3306 2102 3450 2175 Θεῷ·
3472 2104 3558 2166 Ὠς
3585 2101 3784 2173 φοϐερά
3817 2103 3871 2155 τὰ

2329 2197 2462 2265 ἐργα
2495 2197 2620 2248 sou!
2659 2214 2677 2246 ι
2741 2193 2901 2247 ’Δλλά
2955 2192 3120 2248 πάλαι
3162 2192 3261 2265 μὲν
3307 2195 3639 2264 προσέταττε
3682 2194 3869 2262 λέγειν·

2331 2307 2349 2338 ι
2397 2288 2484 2352 Ὠς
2535 2285 2739 2357 φοϐερά
2779 2285 2847 2338 τά
2889 2284 3025 2355 ἔργα
3075 2287 3197 2337 σουί
3238 2285 3494 2356 »Ἐπειδὴ
3539 2286 3594 2337 δὲ
3637 2287 3775 2350 εἰκὸς
3816 2281 3872 2356 ἦν

2325 2379 2534 2446 ἀγνοεῖν
2563 2380 2686 2447 τοὺς
2728 2377 2942 2446 μακρὰν
2963 2375 3282 2445 ἀφεστῶτας
3299 2375 3421 2427 τίνα
3443 2371 3512 2446 ἦν
3537 2376 3606 2428 τά
3636 2377 3767 2447 ἔργα
3793 2375 3872 2429 τοῦ

2323 2467 2480 2530 Θεοῦ,
2513 2465 2818 2530 ἀκολούθως
2844 2465 3077 2542 ἐνταῦθα
3109 2465 3244 2536 πρὸς
3282 2467 3406 2528 τοὺς
3437 2466 3633 2528 αὐτοὺς
3666 2466 3870 2534 φάσκει·

2329 2581 2347 2614 ι
2379 2560 2541 2614 Δεῦτε
2575 2562 2670 2615 καὶ
2713 2561 2848 2613 ἴδετε
2895 2559 2961 2613 τὰ
3007 2554 3145 2630 ἔργα
3185 2557 3279 2612 τοῦ
3335 2557 3500 2611 Θεοῦ·
3541 2578 3560 2610 ι
3602 2559 3789 2621 ἰδόντες
3825 2557 3871 2611 ει

2320 2653 2493 2709 ταῦτα
2527 2654 2855 2726 μαθήσεσθε,
2886 2654 2966 2707 ὅτι
2996 2653 3221 2721 φοϐερός
3259 2654 3402 2705 ἐστιν
3429 2655 3486 2704 ἐν
3516 2651 3726 2721 βουλαῖς
3753 2653 3872 2724 ὑπὲρ

2321 2750 2446 2811 τοὺς
2461 2749 2608 2811 υἱοὺς
2640 2748 2748 2799 τῶν
2774 2745 3094 2818 ἀνθρώπων.
3134 2745 3485 2816 Τρανώτερον
3521 2747 3619 2816 τὴν
3654 2745 3872 2798 διάνοιαν

2321 2841 2601 2895 ἀπέδωκεν
2634 2843 2662 2893 6
2711 2839 3004 2910 Σύμμαχος
3054 2838 3260 2892 εἰπών·
3307 2857 3324 2890 ι
3365 2837 3585 2891 Ἕλθετε
3620 2839 3712 2892 καὶ
3755 2839 3871 2891 ἴδετε

2323 2932 2549 3003 πράξεις
2595 2931 2688 2984 τοῦ
2730 2930 2886 2993 Θεοῦ,
2933 2930 3140 3002 φοϐερά
3170 2933 3534 3003 μηχανήματα
3586 2934 3722 3004 ὑπὲρ
3761 2933 3871 2985 υἱῶν

2322 3012 2686 3093 ἀνθρώπωνξ»
2724 3023 2907 3076 Πάντα
2947 3022 3056 3092 γὰρ
3109 3022 3246 3093 ὑπὲρ
3289 3025 3563 3094 σωτηρίας
3605 3025 3711 3078 τῶν
3761 3023 3871 3077 ul.th

2321 3115 2430 3168 τῶν
2495 3113 2795 3184 ἀνθρώπων
2852 3115 3252 3186 ἐμηχανήσατο.
3311 3112 3444 3169 Εἶτα
3502 3117 3739 3171 διδάσκει
3789 3118 3871 3168 ὅσα

658 3206 800 3276 apud
830 3206 1084 3274 antiques
1113 3206 1236 3260 illos
1267 3205 1409 3260 Deus
1439 3205 1634 3261 fecisse
1657 3217 1930 3262 narretur.
1961 3206 2218 3272 Quaanam

2322 3207 2586 3279 ,πρότερον
2611 3205 2759 3278 παρὰ
2778 3209 2888 3268 τοῖς
2915 3207 3159 3268 παλαιοῖς
3184 3206 3495 3277 πεποιηκὼς
3527 3208 3556 3259 6
3585 3207 3715 3271 Θεὸς
3748 3210 3872 3261 ίστο-

655 3313 786 3354 »οι-ο
827 3298 917 3351 illa
974 3299 1117 3362 sint,
1178 3305 1364 3367 postea
1430 3297 1761 3354 declaratu
1793 3297 1897 3364 Qui
1951 3299 2224 3353 convertit

657 3403 806 3444 mare
838 3390 891 3442 in
938 3388 1180 3458 aridam;
1215 3389 1268 3443 in
1300 3389 1521 3445 ﬂumine
1567 3391 1973 3460 pertransibunt
2007 3389 2159 3461 pede.
2194 3408 2215 3442 ι

657 3480 964 3537 Secundum
992 3480 1375 3552 Symmachum
1401 3493 1578 3537 autem
1602 3500 1615 3536 ι
1640 3501 1660 3532 ‹
1689 3481 1992 3546 Convertit,
2019 3484 2217 3552 inquit,

655 3593 804 3634 mare
855 3579 908 3632 in
963 3578 1203 3644 aridam;
1257 3576 1480 3631 ﬂuviui’n
1531 3578 1965 3649 pertransierunt
2009 3577 2161 3647 pede.
2195 3597 2214 3629 ι

653 3671 778 3726 Haec
825 3686 990 3741 porro
1036 3673 1091 3725 in
1137 3656 1362 3727 historia
1416 3670 1712 3742 Scriptura:
1765 3670 2016 3725 feruntur
2053 3690 2066 3726 :
2099 3685 2219 3741 quae

650 3764 922 3834 gentibus,
953 3770 1137 3834 utpote
1166 3761 1564 3833 ignorantibus,
1609 3763 1922 3818 necessario
1948 3775 2216 3817 enarran-

651 3862 761 3914 tur,
808 3864 865 3907 ut
897 3853 1165 3916 ediscant,
1194 3869 1316 3908 eum
1360 3855 1452 3924 qui
1505 3851 1907 3924 olim'pOpulus
1940 3853 2035 3908 Dei
2075 3864 2212 3918 erat,

651 3947 705 4000 in
737 3948 994 3999 servitute
1024 3943 1401 4016 Egyptiorum
1437 3946 1727 4016 aliquando
1750 3947 1938 4012 fuisse,
1973 3956 2027 4001 et
2048 3945 2216 4018 Egy-

651 4037 840 4107 ptiaca:
873 4037 1191 4101 idololatria!
1242 4037 1584 4118 subjectum;
1621 4037 1718 4094 sed
1763 4037 1930 4094 Deum
1975 4052 2076 4109 pro
2106 4039 2214 4094 illis

649 4144 842 4196 magna
878 4135 931 4181 et
974 4128 1239 4182 terribilia
1273 4129 1529 4192 edidisse,
1562 4129 1828 4186 divinitus
1865 4130 2077 4185 scilicet
2111 4130 2214 4184 imo

650 4222 835 4275 missis
875 4220 1046 4290 plagis
1077 4218 1360 4291 Egyptios
1408 4223 1746 4289 verberasse,
1793 4223 2081 4293 ipsumque
2116 4238 2212 4293 po-

648 4313 834 4380 pulum
867 4327 895 4364 a
924 4312 1041 4365 dira
1068 4313 1329 4368 servitute
1354 4306 1637 4368 liberasse.
1667 4314 1790 4369 Haec
1821 4319 2021 4386 quippe
2056 4323 2211 4370 erant

645 4403 913 4457 terribilia
948 4401 1040 4458 Dei
1065 4418 1258 4473 opera°
1291 4419 1468 4474 neque
1498 4412 1707 4458 tantum
1737 4419 1800 4459 ea
1823 4405 1898 4458 ibi
1921 4405 2089 4469 edita,
2113 4406 2207 4461 sed

2327 3299 2516 3367 ρεῖται.
2546 3296 2674 3350 Τίνα
2699 3295 2753 3348 δὲ
2772 3296 2962 3360 ταῦτα,
2993 3295 3230 3363 ἐπιλέγει
3254 3296 3380 3366 ἑξῆς
3399 3313 3412 3327 ·
3445 3315 3464 3348 ι
3505 3298 3562 3352 Ὀ
3590 3299 3870 3369 μεταστρέ-

2323 3405 2437 3458 φων
2483 3387 2581 3458 τὴν
2633 3386 2907 3441 θάλασσαν
2951 3389 3030 3451 εἰς
3072 3388 3240 3460 ξηράν
3265 3404 3278 3417 ·
3316 3389 3373 3441 ὲν
3407 3390 3636 3461 ποταμῷ
3687 3389 3869 3444 διελεύο

2323 3495 2502 3533 σονται
2536 3479 2678 3534 ποδί.
2716 3499 2734 3533 s
2789 3479 2947 3536 Κατὰ
2987 3481 3044 3533 δὲ
3067 3481 3158 3533 τὸν
3185 3481 3496 3552 Σύμμαχον·
3544 3486 3561 3532 'c
3590 3484 3871 3546 Μετέϐαλε,

2319 3574 2473 3642 φησὶ,
2503 3573 2619 3650 ,τὴν
2665 3572 2937 3628 θάλασσαν
2977 3576 3056 3638 εἰς
3114 3573 3313 3646 ξηράν·
3357 3575 3602 3646 ποταμὸν
3637 3577 3870 3648 διέϐησαν

2319 3666 2461 3720 ποδί.
2484 3685 2503 3718 s
2541 3664 2724 3720 Ταῦτα
2744 3665 2803 3719 δὲ
2836 3665 3056 3737 φέρεται
3083 3669 3140 3720 ὲν
3172 3670 3238 3740 τῇ
3270 3667 3369 3738 τῆς
3397 3669 3637 3740 ἱστορίας
3665 3673 3869 3741 γραφῇ·

2315 3759 2352 3812 ἃ
2384 3757 2450 3831 δὴ
2472 3759 2785 3827 ἀναγκαίως
2817 3760 2891 3823 ὡς
2931 3760 3006 3832 μὴ
3027 3760 3192 3814 εἰδόσι
3229 3763 3340 3824 τοῖς
3377 3761 3584 3816 ἔθνεσιν
3613 3761 3870 3831 ἀπαγγέλο

2315 3851 2490 3914 λεται,
2517 3850 2592 3914 ὡς
2613 3851 2676 3903 ἂν
2710 3850 2953 3921 μάθοιεν,
2975 3853 3056 3904 ὅτι
3088 3852 3182 3904 καὶ
3201 3853 3229 3905 6
3255 3852 3438 3920 πάλαι
3469 3851 3566 3906 τοῦ
3600 3852 3735 3906 Θεοῦ
3761 3853 3871 3917 λαὸς

2314 3939 2382 4015 ἦν
2411 3961 2540 3998 ποτε
2575 3944 2891 4013 Αἰγυπτίοις
2915 3942 3326 4014 δεδουλωμένος,
3351 3944 3446 3996 καὶ
3477 3947 3546 4015 τῇ
3582 3944 3755 4015 πλάνῃ
3785 3944 3870 4013 τῆς

2314 4034 2691 4103 Αἰγυπτιακῆς
2715 4033 3154 4105 εἰδωλολατρείας
3180 4034 3490 4104 ὑπηγμένας
3509 4051 3523 4064 ·
3555 4033 3671 4086 ἀλλ’
3699 4034 3868 4104 εἰργα-

2317 4141 2438 4178 σται
2461 4123 2600 4196 ὑπὲρ
2631 4123 2809 4178 αὑτῶν
2831 4127 2859 4178 6
2881 4123 3011 4187 Θεὸς
3043 4123 3252 4194 μεγάλα
3281 4126 3373 4177 καὶ
3401 4117 3629 4195 φοϐερὰ,
3655 4124 3869 4194 πληγαῖς

2318 4218 2416 4288 μὲν
2444 4221 2571 4281 τοὺς
2600 4214 2929 4288 Αἰγυπτίους
2957 4217 3238 4290 θεηλάτοις
3272 4218 3556 4289 μαστίξας,
3600 4218 3796 4280 αὑτοὺς
3824 4216 3872 4269 δὲ

2310 4310 2409 4380 τῆς
2459 4313 2658 4383 πικρᾶς
2712 4312 2952 4376 δουλείας
3003 4311 3387 4386 ἐλευθερώσας.
3437 4291 3648 4366 Ταῦτα.
3669 4312 3776 4384 γάρ
3812 4308 3871 4382 ἦν

2307 4403 2374 4454 τά
2409 4402 2613 4473 φοϐερὰ
2645 4402 2737 4456 τοῦ
2758 4404 2893 4457 Θεοῦ
2926 4404 3080 4477 ἔργα,
3104 4407 3166 4458 οὑ
3190 4406 3347 4476 μόνα,
3371 4404 3506 4459 ἀλλά
3529 4407 3624 4459 καὶ
3665 4407 3756 4458 ἐπὶ
3787 4404 3872 4474 τῆς

645 4494 807 4547 etiam
844 4491 898 4548 in
928 4494 1067 4548 mari
1100 4491 1286 4549 Rubro
1313 4512 1327 4548 :
1353 4509 1461 4564 quo
1491 4494 1547 4547 in
1579 4493 1787 4548 aridam
1815 4502 2044 4555 mutato,
2077 4509 2207 4552 suos

2318 4493 2582 4564 θαλάσσης
2609 4493 2708 4564 τῆς
2759 4496 3057 4568 Ἐρυθρᾶς·
3094 4499 3158 4570 ἣν
3191 4500 3270 4562 εἰς
3318 4497 3488 4569 ξηρὰν
3539 4496 3870 4569 μεταϐαλὼν,

643 4585 862 4655 quidem
895 4587 1114 4656 eripuit,
1159 4587 1356 4658 impios
1390 4602 1520 4648 vero
1559 4587 1612 4641 in
1663 4585 1991 4656 profundum
2021 4589 2204 4656 perui-

2318 4586 2532 4638 διέσωσε
2581 4586 2678 4656 μὲν
2730 4588 2855 4651 τοὺς
2887 4567 3155 4655 οἰκείους,
3188 4592 3315 4655 τοὺς
3471 4567 3692 4654 ἀσεϐεῖς
3736 4588 3870 4661 βυθῷ

646 4678 746 4730 ciei
777 4679 1032 4745 coniecit.
1075 4676 1200 4735 Hac
1233 4678 1435 4741 edocti,
1461 4678 1625 4733 heus!
1657 4693 1775 4742 vos,
1813 4679 2008 4748 inquit,
2041 4677 2210 4733 conﬂ-

643 4769 774 4830 dite,
817 4784 881 4822 ac
927 4769 1133 4824 credite
1177 4771 1298 4825 eum
1342 4772 1438 4842 qui
1488 4772 1617 4826 talia
1672 4785 1772 4840 pro
1820 4770 2060 4840 antiquis
2101 4771 2208 4827 illis

642 4868 897 4929 operatus
927 4867 1031 4922 est,
1063 4875 1170 4913 non
1213 4864 1472 4930 imparem
1507 4861 1748 4915 futurum
1780 4861 1849 4916 ad
1881 4861 2079 4918 similia
2108 4875 2208 4930 pro

643 4949 798 5003 vnbis
830 4950 1056 5019 agenda.
1087 4947 1266 5014 Quare
1302 4970 1320 5001 ι
1352 4953 1528 5006 venite
1555 4961 1610 5007 et
1637 4953 1814 5008 videte
1840 4968 2004 5022 Opera
2035 4952 2151 5018 Dei,
2182 4973 2202 5004 s

642 5057 805 5109 quam
860 5041 1122 5095 terribilis
1175 5043 1245 5097 sit
1279 5060 1296 5091 ι
1328 5043 1382 5095 in
1435 5043 1682 5100 consiliis
1719 5060 1818 5115 pro
1866 5029 2207 5101 ﬂliisbomi-

641 5147 793 5185 num.
829 5151 846 5178 ι
881 5131 1160 5185 Convertit
1189 5133 1352 5201 igitur
1389 5148 1537 5186 mare
1568 5134 1622 5186 in
1650 5133 1855 5188 aridam
1882 5153 1897 5202 ;
1924 5145 1979 5190 et
2007 5138 2061 5189 in
2083 5133 2207 5188 Jor-

641 5223 781 5278 dane
823 5223 986 5276 ﬂuvio
1020 5225 1124 5277 alia
1166 5225 1410 5293 quaedam
1445 5224 1707 5279 terribilia
1744 5240 1910 5296 opera
1954 5227 2205 5298 designa-

644 5315 741 5373 vit.
791 5313 1008 5382 quando
1053 5314 1289 5369 demisso
1340 5314 1562 5371 ﬂumine
1606 5317 1835 5386 pedibus
1875 5321 2204 5387 pertransie-

647 5415 792 5465 runt,
822 5407 912 5473 qui
943 5421 1008 5458 ex
1051 5406 1267 5460 deserto
1295 5407 1360 5461 ad
1396 5406 1555 5462 istam
1585 5418 1787 5464 terram
1835 5419 2199 5467 accesserant.

673 5498 780 5560 psis
829 5498 992 5562 igitur
1021 5496 1318 5568 iisdemque
1363 5500 1750 5556 calceamentis
1798 5502 1904 5565 usi,
1948 5501 2202 5557 confidite

667 5599 816 5641 PSlllll
851 5588 1014 5642 Deum
1049 5589 1357 5658 spirituales
1384 5591 1689 5664 Atgyptios,
1714 5594 1987 5649 daemones
2008 5610 2202 5665 nempe

625 5670 924 5747 ηλέηὲειιυδ,
978 5682 1071 5750 qui
1116 5682 1267 5753 olim_
1295 5687 1506 5742 animas
1549 5694 1757 5742 vestras
1793 5688 1844 5741 in
1883 5688 2198 5744 servitutem

684 5842 728 5881 ⁴δ
759 5857 967 5927 Epiros.
1004 5875 1060 5923 ll,
1098 5859 1176 5913 Π.

2309 4681 2619 4753 παρέδωκεν
2674 4684 2971 4750 ἀπωλείας.
3031 4687 3216 4741 Ταῦτα
3261 4688 3317 4742 δὲ
3384 4689 3748 4759 μανθάνοντες
3773 4726 3789 4749 ,
3831 4679 3870 4737 ὦ

2305 4768 2471 4843 οῦτοι,
2503 4777 2655 4849 φησι,
2681 4775 2952 4850 θαρσεῖτε,
2988 4780 3348 4844 πιστεύοντες,
3383 4781 3464 4833 ὅτι
3489 4782 3517 4832 6
3543 4780 3613 4833 τά
3646 4780 3870 4837 τοσαῦτα

2306 4869 2680 4938 ἐργασάμενος
2719 4869 2812 4922 ἐπὶ
2847 4869 2956 4925 τῶν
3001 4871 3243 4925 παλαιῶν
3296 4871 3408 4923 οὐκ.
3447 4869 3768 4941 ἀδυνατήσει
3809 4870 3869 4923 τὰ

2306 4959 2465 5028 ὃμοια
2495 4962 2592 5016 καὶ
2623 4963 2706 5031 ἐφ’
2742 4961 2896 5033 ὑμῶν
2924 4959 3394 5035 καταπράξασθαι.
3415 4959 3504 5012 Διὸ
3543 4979 3560 5011 ι
3595 4959 3753 5014 δεῦτε
3782 4978 3868 5014 και

2309 5047 2444 5102 ἴδετε
2472 5051 2538 5104 τά
2569 5051 2703 5122 ἔργα
2725 5051 2819 5104 τοῦ
2843 5051 3000 5117 Θεοῦ,
3028 5071 3045 5104 ι
3079 5054 3154 5115 ὡς
3185 5051 3412 5121 φοϐερός
3434 5050 3581 5103 ἐστιν
3618 5070 3638 5102 ι
3665 5053 3724 5106 ὲν
3754 5050 3866 5121 βου-

2304 5139 2423 5205 λαῖς
2455 5142 2596 5213 ὑπὲρ
2623 5141 2750 5204 τοὺς
2783 5143 2931 5206 υἱοὺς
2988 5141 3096 5195 τῶν
3127 5137 3447 5211 ἀνθρώπων.
3477 5159 3494 5191 ι
3527 5139 3865 5212 Μετέστρεφε

2304 5234 2433 5302 γοῦν
2465 5233 2567 5304 τὴν
2599 5234 2873 5290 θάλασσαν
2903 5236 2982 5296 εἰς
3004 5234 3174 5304 ξηράν
3194 5252 3205 5264 ·
3237 5234 3329 5291 καὶ
3353 5234 3442 5285 ἐπὶ
3468 5233 3564 5287 τοῦ
3610 5234 3862 5305 Ἰορδάνου

2302 5327 2358 5380 δὲ
2387 5313 2630 5398 ποταμοῦ
2669 5326 2805 5381 ἄλλα
2844 5326 2967 5379 τινὰ
3018 5324 3223 5396 φοϐερὰ
3264 5323 3516 5395 θαύματα
3557 5326 3860 5396 εἰργάσατο,

2301 5422 2390 5475 ὅτε
2422 5422 2632 5493 διῆλθον
2667 5425 2780 5484 τοῖς
2817 5421 3002 5485 ποσὶν,
3037 5418 3430 5484 ὑποσταλέντος
3459 5419 3556 5473 τοῦ
3602 5416 3858 5491 ποταμοῦ,

2301 5515 2350 5566 οἰ
2383 5513 2488 5566 ἀπὸ
2535 5514 2633 5584 τῆς
2684 5514 2887 5584 ἐρήμου
2940 5511 3227 5581 παριόντες
3271 5510 3364 5563 ἐπὶ
3402 5510 3559 5582 τήνδε
3610 5511 3710 5584 τὴν
3747 5509 3857 5578 γῆν.

2304 5603 2521 5665 Τούτοις
2553 5603 2616 5674 δὴ
2664 5599 2754 5655 οῦν
2789 5602 2970 5664 αὑτοῖς
3006 5599 3308 5670 ὑποδήμασι
3347 5601 3713 5672 χρησάμενοι,
3743 5599 3858 5668 θαρ-

2303 5695 2464 5760 σεῖτε,
2498 5694 2574 5758 ὡς
2617 5697 2708 5748 καί
2755 5695 2876 5760 τοὺς
2926 5694 3220 5765 ὑμετέρους
3267 5695 3488 5763 νοητοὺς
3516 5694 3855 5762 Αἰγυπτίους,
