3976 6348
1185 417 1685 475 COMMENTARIA
1724 416 1790 473 IN
1828 415 2165 473 PSALMOS.
2676 425 2681 429 '
3159 413 3261 471 654

56 417 161 473 655

54 530 318 601 δαίμονας
351 533 620 603 πονηροὺς
643 572 659 597 ,
690 532 825 596 τοὺς,
863 531 1023 585 πάλαι
1076 533 1615 587 καταδυναστεύονται

1738 531 2075 603 redigebant,
2110 532 2481 602 expulsurum.
2517 530 2742 586 Etiamsi
2776 546 2923 588 mare
2956 533 3090 588 illud
3118 535 3289 591 homi-

53 621 159 674 τῶν
206 621 490 693 ὑμετέρων
522 621 728 692 ψυχῶν,
756 621 1016 676 ἀπελάσει
1053 625 1081 675 6
1112 623 1272 687 αὐτὸς
1319 625 1470 687 Θεός.
1515 622 1615 677 sai

1735 640 1866 679 num
1900 622 2155 679 ﬂuctibus
2177 623 2523 690 intumescat,
2547 623 2764 680 etiamsi
2796 624 3078 680 atheorum
3107 634 3161 682 et
3191 627 3294 683 im-

50 712 299 787 κυμαίνῃ
336 712 392 765 δὲ
426 715 461 784 ἡ
504 714 612 766 τῶν
654 712 957 784 ἀνθρώπων
992 713 1265 779 θάλασσα,
1313 716 1417 769 κᾶν
1450 719 1477 769 ὁ
1523 714 1615 768 τῶγ

1734 714 1949 782 piorum
2000 728 2172 785 genus
2209 712 2407 770 ﬂuctus
2454 720 2509 771 et
2554 714 2979 785 periculavobis
3032 719 3287 782 suscitet:

48 804 229 857 ἀθέων
292 806 388 858 καὶ
440 806 652 860 ἀσεϐῶν
708 806 820 877 βίος
860 804 1149 872 κλύδωνας
1204 808 1299 861 καὶ
1358 808 1615 871 κινδύνους

1732 804 1988 859 conﬁdite
2016 812 2221 870 tamen,
2268 819 2392 860 cum
2423 808 2723 875 exemplum
2753 804 2907 861 vobis
2934 808 3291 885 conspicuum

49 895 241 968 ἐγείρῃ
279 897 399 950 καθ’
434 898 587 969 ὑμῶν
613 915 626 929 ⁸
662 897 907 971 θαρσεῖτε
948 901 1125 970 ὑμεῖς,
1160 900 1384 972 ἐναργὲς
1417 900 1615 971 ἔχοντες

1731 896 2011 963 oﬂ'eratur,
2042 912 2194 953 mare
2217 897 2428 953 scilicet
2453 898 2579 951 olim
2614 912 2830 953 versum
2857 898 2913 952 in
2947 899 3173 957 aridam.
3198 900 3290 957 Sic

50 987 363 1059 ὑπόδειγμα
382 989 480 1061 τὴν
502 990 667 1045 πάλαι
690 993 1017 1061 στραφεῖσαν
1050 991 1320 1046 Θάλασσαν
1336 994 1414 1057 είς
1436 993 1626 1066 ξηράν.

49 1078 237 1143 Ούτως
282 1081 390 1152 γὰρ
416 1082 511 1135 καὶ
567 1083 692 1154 ύμῖν
723 1084 897 1155 ὁμαλή
926 1102 1008 1147 τις
1055 1084 1241 1150 ἔσται,
1292 1086 1385 1138 καὶ
1415 1086 1629 1157 ἀπαρα-

50 1168 359 1241 πόδιστοςὴ
393 1172 502 1225 ἀπὸ
535 1173 634 1243 τῆς
678 1170 885 1243 πλάνης
914 1173 1051 1245 πρὸς
1079 1172 1177 1245 τὴν
1218 1173 1473 1245 ἀλήθειαν
1508 1175 1625 1229 διά-

50 1260 224 1326 ϐασις.
260 1264 325 1316 Et
365 1264 423 1317 δὲ
458 1264 551 1318 καὶ
583 1265 827 1335 ποταμόν
854 1281 984 1318 ποτε
1023 1266 1117 1320 τὸν
1153 1266 1418 1339 Ἰορδάνην
1448 1284 1627 1340 παρα⁴

52 1353 211 1421 δόξως
251 1355 465 1427 διῆλθον
498 1357 548 1409 οἱ
600 1355 841 1422 παλαιοὶ,
872 1357 1005 1412 ἀλλὰ
1038 1358 1133 1412 καὶ
1178 1360 1334 1431 ὑμεῖς
1377 1359 1626 1415 ἐντεῦθεν

61 1446 141 1517 ἠδη
175 1445 623 1516 εύαγγελίζεσθε,
662 1449 1042 1519 γινώσκοντες,
1080 1453 1162 1507 ὅτι
1196 1454 1355 1524 ἡμεῖς
1390 1454 1623 1509 αύτοὶ-οί

52 1538 216 1591 ταῦτα
244 1538 495 1607 λέγοντες
525 1541 620 1594 καὶ
641 1542 799 1614 ὑμεῖς
819 1543 869 1595 οἱ
892 1542 1181 1608 ἀκούοντες
1212 1564 1231 1596 ι
1257 1545 1371 1598 ἐκεῖ
1390 1546 1623 1619 εὐφραν-

53 1629 324 1699 θησόμεθα
357 1631 416 1683 ὲν
444 1631 612 1704 αὐτῷ.
670 1654 688 1684 ι
726 1634 890 1699 Ἐκεῖ,
913 1635 1111 1707 δηλαδὴ
1143 1635 1297 1706 ἐντῷ
1334 1638 1621 1708 μνησθέντι

53 1720 294 1791 ποταμῷ.
338 1722 534 1776 Ἔσται
570 1722 700 1796 γὰρ,
732 1723 886 1778 ἔσται
915 1726 1123 1797 καιρὸς,
1160 1725 1285 1779 καθ’
1320 1726 1399 1792 ὃν,
1435 1726 1620 1801 ὥσπερ

51 1815 121 1875 είς
150 1814 454 1883 συμπόσιον
496 1815 1069 1889 παρασκευαζόμενοι,
1108 1820 1199 1872 ἐπὶ
1242 1820 1468 1892 λουτροῦ
1518 1840 1621 1876 πα-

1730 991 1928 1062 quippe
1955 990 2111 1046 vobis
2136 990 2442 1060 expeditus,
2481 1006 2545 1046 ac
2589 993 2739 1046 nullo
2766 992 2924 1048 obice
2945 988 3289 1051 interclusus

1726 1082 1831 1137 erit
1853 1084 1920 1137 ab
1954 1097 2139 1138 errore
2179 1081 2245 1136 ad
2283 1084 2563 1137 veritatem
2593 1084 2877 1139 transitus.
2907 1081 3063 1159 Quod
3096 1088 3140 1141 si
3168 1084 3290 1141 Jor-

1727 1172 1921 1229 danem
1943 1174 2164 1231 ﬂuvium
2193 1174 2403 1247 antiqui
2434 1175 2510 1229 illi
2533 1174 2904 1247 inexspectato
2926 1177 3084 1232 modo
3106 1186 3288 1233 trans-
3312 1203 3315 1205 >

1727 1268 1942 1333 ierunt;
1997 1274 2052 1321 at
2092 1282 2190 1321 vos
2238 1282 2456 1338 quoque
2503 1266 2609 1327 h‘oc
2650 1269 2898 1338 exemplo
2939 1268 3286 1339 Evangelium

1725 1353 1982 1429 excipite,
2015 1358 2252 1414 scientes
2280 1358 2425 1429 quod
2455 1367 2568 1413 tum
2612 1373 2713 1413 nos
2746 1358 2850 1428 ipsi
2889 1360 2981 1430 qui
3011 1360 3124 1414 haec
3150 1358 3279 1414 dici~

1724 1465 1869 1515 mus,
1896 1458 2011 1503 tum
2043 1440 2142 1506 vos
2162 1452 2255 1520 qui
2281 1449 2509 1521 auditis,
2543 1469 2561 1501 ‹
2587 1449 2663 1504 ibi
2694 1450 2997 1505 lastabimur
3025 1449 3078 1503 in
3098 1450 3237 1520 ipso.
3261 1467 3280 1501 ι

1724 1540 1822 1603 Ibi,
1864 1540 2073 1597 scilicet
2116 1541 2170 1595 in
2203 1548 2505 1596 memorato
2530 1540 2719 1595 ﬂuvio.
2755 1540 2873 1601 Erit
2897 1549 3133 1610 tempus,
3158 1545 3284 1605 erit,

1723 1632 1967 1700 inquam,
2007 1646 2117 1700 quo
2144 1645 2243 1685 ceu
2274 1630 2342 1685 ad
2387 1631 2693 1685 convivium
2737 1637 3061 1701 apparantes
3107 1646 3186 1697 se,
3218 1630 3288 1686 ad

1704 1724 1996 1779 'lavacrum
2028 1723 2453 1795 regenerationis
2492 1721 2772 1785 accedent,
2809 1722 2875 1777 ad
2918 1722 3198 1794 mysticam
3228 1723 3285 1779 in

1721 1814 1959 1870 Iordane
1998 1812 2163 1868 ﬂuvio
2202 1810 2561 1884 peragendam
2595 1810 2840 1865 sordium
2884 1814 3279 1882 purgationem,

50 1905 385 1973 λιγγενεσίας
417 1884 817 1979 ἀπαντήσουσιν
863 1884 943 1974 είς
993 1911 1091 1981 τὴν
1142 1913 1200 1965 ὲν
1245 1911 1323 1983 τῷ
1376 1884 1615 1988 Ἰορδάνῃ

1723 1906 1815 1977 qui
1846 1905 1913 1975 ab
1955 1903 2273 1976 Egyptiaco
2304 1917 2490 1959 errore
2531 1901 2743 1955 liberati
2789 1910 2936 1957 sunt.
2983 1901 3079 1958 His
3111 1917 3277 1972 porro

50 1996 277 2068 ποταμῷ
305 2000 575 2071 μυστικὴν
605 2000 979 2072 ἀποκάθαρσιν
1017 2004 1066 2056 οἱ
1102 2004 1200 2073 τῆς
1243 2006 1622 2078 Αἰγυπτιακῆς

50 2088 488 2163 ελευθερούμενοι
535 2092 758 2163 πλάνης.
815 2095 1076 2165 Σημαίνει
1119 2094 1178 2148 δὲ
1225 2097 1315 2151 διὰ
1357 2097 1559 2152 τούτων
1592 2100 1621 2151 ό

50 2182 194 2250 λόγος
216 2183 279 2235 τὸ
312 2182 537 2256 λουτρὸν
567 2186 661 2256 τῆς
694 2186 1132 2254 παλιγγενεσίας,
1178 2186 1481 2260 ἀρξάμενον
1513 2190 1621 2244 ἀπὸ

53 2274 130 2329 τοῦ
160 2276 423 2347 Ἰορδάνου
444 2278 711 2349 ποταμοῦ,
735 2278 972 2351 ὁπηνίκα
993 2282 1021 2333 6
1042 2280 1347 2353 Βαπτιστὴς
1372 2283 1622 2355 Ἰωάννης

49 2370 98 2422 ἑν
132 2371 197 2439 τῇ
232 2372 428 2441 ἐρήμῳ
467 2372 565 2443 τῆς
620 2372 877 2437 Ἰουδαίας
917 2372 1153 2445 παρῄει,
1185 2368 1475 2446 κηρύσσων
1521 2375 1617 2447 βά-

51 2476 248 2532 πτισμα
282 2464 592 2544 μετανοίας,
621 2465 877 2535 προσίετό
901 2483 962 2520 τε
990 2465 1197 2530 πάντας
1226 2465 1493 2539 Ἕλληνας
1525 2468 1619 2521 καὶ

58 2550 339 2618 Ἰουδαίους
355 2555 451 2608 ἐπὶ
476 2556 574 2627 τὴν
596 2556 980 2629 ἐξομολόγησιν
999 2558 1106 2611 τῶν
1122 2559 1583 2630 παραπτωμάτων
1600 2575 1612 2587 ·

53 2644 127 2696 Ξτε
156 2645 252 2698 καὶ
302 2644 520 2708 αὐτὺςό
568 2646 759 2719 Σωτὴρ
805 2648 901 2701 καὶ
942 2648 1149 2720 Κύριος
1192 2648 1347 2719 ἡμῶν
1389 2648 1616 2712 ἐπιστὰς

55 2734 130 2787 τὸν
156 2732 320 2790 αὐτὸν
355 2734 665 2808 κατηξίωσε,
682 2739 926 2810 ποταμὸν
955 2739 1054 2811 τῆς
1080 2738 1265 2810 θεῖκῆς
1289 2738 1454 2793 αὐτοῦ
1490 2741 1613 2793 ἐπι-

51 2826 272 2893 δάσεως.
315 2830 408 2883 Διδ
439 2833 499 2884 ὲν
536 2834 650 2895 τοῖς
692 2832 1069 2905 προκειμένοις
1094 2832 1374 2888 λέλεκταν
1410 2851 1429 2885 t
1470 2834 1616 2887 Ἐκεῖ

52 2922 526 2994 εὐφρανθησόμεθα
559 2925 619 2979 ὲν
648 2925 815 2997 αύτῷ.
867 2944 886 2977 ι
924 2925 1114 2981 Ἔνθεν
1142 2926 1364 2991 εἰκότως
1391 2926 1453 2979 τὸ
1483 2928 1614 2980 αὐτὸ

54 3015 377 3085 προφητικὸν
406 3016 622 3088 πνεῦμα
656 3017 746 3072 διὰ
777 3018 999 3072 Ἡσαΐου
1020 3005 1123 3091 τὴν
1150 3018 1354 3091 ἔρημον
1386 3019 1614 3088 εὐαγγε-

52 3104 316 3178 λιζόμενον
339 3108 435 3161 καὶ
463 3108 628 3163 αὑτοῦ
662 3111 881 3182 μνήμην
905 3110 1194 3183 πεποίηται
1220 3111 1317 3165 τοῦ
1350 3110 1611 3183 Ἰορδάνου

1723 1998 2063 2070 signiﬁcatur
2091 1998 2370 2052 lavacrum
2409 1992 2853 2066 regenerationis,
2889 1993 3035 2064 quod
3063 1995 3130 2049 ab
3156 1993 3282 2048 Jor-

1720 2094 1860 2149 dane
1908 2091 2071 2147 ﬂuvio
2136 2091 2356 2162 incepit,
2418 2104 2541 2144 cum
2591 2086 2826 2143 Joannes
2884 2086 3125 2157 Baptista
3184 2086 3285 2142 Ju-

1720 2186 1888 2241 daeam
1922 2192 2285 2256 percurreret,
2314 2182 2616 2254 praedicans
2654 2180 2982 2251 baptismum
3009 2179 3280 2250 pmniten-

1720 2277 1828 2340 tiae,
1862 2291 2161 2347 omnesque
2188 2291 2311 2330 cum
2343 2273 2564 2330 Graecos
2596 2283 2709 2329 tum
2740 2270 2956 2328 Iudaeos
2977 2270 3280 2326 admitteret

1719 2371 1787 2427 ad
1836 2368 2240 2425 confessionem
2299 2368 2622 2435 delictorum
2650 2386 2663 2421 :
2690 2382 2813 2421 cum
2859 2368 2977 2437 ipse
3028 2363 3278 2420 Servator

1717 2470 1771 2518 et
1803 2460 2063 2516 Dominus
2078 2468 2270 2517 noster
2293 2467 2500 2525 astans,
2524 2458 2703 2529 ipsum
2730 2456 2953 2513 ﬂuvium
2974 2455 3160 2512 divino
3183 2472 3277 2514 suc-

1716 2553 1864 2608 aditu
1911 2550 2170 2622 dignatus
2197 2558 2302 2606 est.
2346 2547 2689 2621 Quapropter
2717 2562 2887 2633 supra
2905 2546 3111 2603 dictum
3150 2555 3233 2602 est
3262 2568 3271 2600 ς

1719 2663 1738 2695 ι
1770 2643 1846 2698 Ibi
1883 2642 2191 2698 laetahimur
2224 2643 2278 2697 in
2326 2643 2464 2711 ipso.
2498 2659 2518 2692 ι
2554 2638 2709 2696 Unde
2749 2646 2804 2693 et
2838 2638 3034 2695 merito
3066 2639 3279 2709 quidem

1715 2736 1857 2792 idem
1895 2735 2247 2806 propheticus
2286 2733 2533 2803 spiritus,
2581 2731 2673 2786 ubi
2717 2730 2933 2787 deserto
2961 2745 3059 2801 per
3085 2729 3281 2786 Isaiam

1714 2826 1891 2882 fausta
1927 2825 2232 2892 denuntiat,
2267 2823 2442 2894 ipsius
2487 2820 2744 2877 Iordanis
2775 2820 3104 2876 mentionem
3149 2818 3279 2875 facit

1713 2921 1937 2976 dicens:
1967 2937 1986 2970 ι
2017 2916 2245 2980 Laetare,
2276 2916 2552 2993 desertum
2594 2915 2822 2981 sitiens;
2852 2910 2949 2968 sed
2981 2912 3149 2967 etiam
3176 2927 3271 2966 ex.

1712 3013 1875 3068 sullet
1921 3010 2180 3076 solitudo,
2214 3016 2269 3064 et
2306 3007 2495 3063 ﬂoreat
2534 3007 2695 3076 quasi
2718 3005 2916 3059 -lilium
2945 3021 2957 3057 :
2990 3010 3044 3059 et
3067 3001 3271 3058 eﬂlore-

1713 3115 1869 3160 scent
1889 3112 1944 3160 et
1967 3102 2317 3160 exsultabunt
2334 3100 2552 3155 deserta
2572 3096 2845 3153 Jordanis.
2863 3093 3277 3158 Confortamini,

51 3190 228 3266 κέγονο
265 3217 284 3248 ι
314 3200 687 3273 Εὐφράνθητι,
716 3201 919 3274 ἔρημος
957 3202 1183 3283 διψῶσα·
1210 3201 1325 3258 ἀλλ’
1357 3202 1614 3273 ἀγαλλιά-

1716 3213 1912 3254 manus
1956 3197 2199 3253 remissae
2238 3202 2302 3250 et'
2345 3207 2520 3265 genua
2551 3190 2854 3256 dissoluta;
2899 3186 3279 3253 consolamini,

49 3289 151 3343 σθω
174 3290 397 3363 ἔρημος,
415 3292 507 3346 καὶ
529 3290 758 3350 άνθείτω
774 3294 848 3359 ὡς
873 3278 1075 3373 κρίνονί
1106 3294 1503 3367 καὶὲξανθήσει
1522 3296 1615 3350 καὶ

1725 3293 1815 3363 qui
1853 3298 2031 3345 mente
2058 3287 2435 3359 pusillanimes
2469 3284 2625 3340 estis.
2666 3278 3085 3346 Confortamini,
3115 3280 3283 3335 nolite

48 3384 422 3451 άγσλλιάσεται
439 3386 509 3440 τὰ
522 3386 702 3459 ἔρημα
716 3387 808 3441 τοῦ
824 3388 1108 3460 Ἰορδάνου.
1126 3387 1422 3459 Ἰσχύσατε,
1440 3392 1619 3461 χεῖρες

47 3477 335 3547 ἀνειμέναι,
367 3479 463 3534 καὶ
481 3480 681 3547 γόνατα
718 3480 1166 3551 παραλελυμέναε
1197 3481 1614 3553 παρακαλέσατε

46 3569 88 3621 οί
103 3569 408 3641 ὀλιγόψυχοι
426 3573 493 3642 τῇ
510 3570 736 3643 διανοίᾳ.
754 3567 1049 3640 Ἰσχύσατε,
1072 3572 1145 3642 μὴ
1158 3572 1426 3641 φοόετσθε.
1447 3573 1573 3627 Ἰδοὺ
1584 3574 1615 3625 6

46 3660 164 3724 Θεὸς
181 3663 214 3733 ἡ
222 3660 338 3731 μῶν
358 3661 538 3731 κρίσιν
552 3661 1008 3716 ἁνταποδέδωκενο
1030 3664 1192 3728 αὐτὸς
1209 3663 1329 3735 ἣξει
1343 3665 1437 3718 καὶ
1449 3663 1612 3723 σώσει

47 3757 201 3825 ἡμᾶς.
230 3753 367 3808 Τότε
394 3752 802 3825 ἀνοιχθήσονται
827 3753 1092 3825 ὀφθαλμοὶ
1122 3754 1477 3825 τυφλῶν,μκαὶ
1498 3750 1611 3811 tina

46 3846 234 3914 κωφῶν
259 3846 602 3902 ἀκούσονται.
634 3846 766 3900 Τότε
795 3846 999 3901 ἁλεῑται
1023 3846 1099 3911 ὡς
1125 3846 1320 3917 ἔλαφος
1364 3849 1393 3901 6
1416 3848 1607 3919 χωλὸς,

48 3942 133 3993 καὶ
157 3940 327 4012 τρανῆ
360 3938 514 3993 ἔσται
547 3937 769 4008 γλῶσσα
808 3936 1110 4010 μογιλάλων
1134 3955 1147 3969 ·
1180 3939 1262 3993 ὅτι
1294 3939 1504 4011 ἐρράγη
1550 3940 1609 3992 ὲν

46 4035 104 4103 τῇ
128 4034 316 4105 ἐρήμῳ
338 4032 485 4102 ὕδωρ
503 4072 518 4096 ,
550 4034 644 4087 καὶ
673 4030 889 4105 φάραγξ
916 4032 975 4085 ὲν
997 4033 1068 4103 γῇ
1096 4030 1324 4104 διψώσῃ.
1349 4050 1368 4083 ι
1393 4031 1608 4107 Ταύτην

46 4126 368 4183 διαλέλεκται
412 4129 505 4182 ἐπὶ
534 4125 629 4181 τοῦ
668 4126 964 4198 παρόντος·
1004 4144 1024 4178 t
1062 4124 1609 4197 Ἐκεϊέύφρανθησό-

1726 3384 1937 3439 timere.
1978 3380 2120 3437 Ecce
2157 3378 2305 3436 Deus
2334 3385 2521 3433 noster
2552 3374 2821 3445 judicium
2852 3372 3103 3427 retribuit
3128 3391 3141 3425 :
3168 3370 3282 3440 ipse

1721 3478 1903 3536 veniet
1932 3482 1988 3531 et
2013 3472 2244 3530 salvabit
2270 3486 2391 3527 nos.
2426 3467 2581 3524 Tunc
2608 3466 2920 3537 aperientur
2944 3464 3089 3519 oculi
3114 3478 3281 3531 caeco-

1721 3584 1865 3632 rum,
1898 3574 1953 3623 et
1984 3580 2148 3620 aures
2167 3561 2456 3620 surdorum
2486 3559 2727 3615 audient.
2765 3553 2919 3610 Tunc
2945 3554 3103 3627 saliet
3122 3554 3280 3623 quasi

1718 3670 1913 3710 cervus
1939 3652 2188 3716 claudus,
2220 3659 2276 3705 et
2308 3651 2491 3721 lingua
2522 3645 2934 3702 balbutientium
2963 3642 3111 3696 clara
3136 3643 3237 3695 erit
3262 3659 3277 3696 :

1717 3746 1846 3819 quia
1878 3752 2072 3814 erupta
2102 3754 2187 3799 est
2223 3743 2281 3797 in
2301 3741 2518 3797 deserto
2539 3752 2701 3807 aqua,
2729 3744 2786 3789 et
2813 3732 3026 3789 torrens
3052 3733 3107 3787 in
3133 3742 3278 3786 terra

1717 3836 1922 3893 sitienti
1946 3834 2013 3888 δ’.
2053 3853 2074 3887 ι
2104 3832 2181 3889 De
2208 3832 2311 3887 hoc
2340 3831 2580 3901 loquitur
2613 3828 2668 3881 in
2699 3826 2949 3896 praesenti
2976 3840 2990 3877 :
3023 3842 3042 3877 ι
3072 3824 3151 3879 Ibi
3188 3826 3278 3879 lu:-

1716 3929 1953 3985 tabimur
1982 3926 2038 3980 in
2068 3925 2207 3997 ipso.
2241 3942 2260 3975 ι
2298 3920 2431 3988 Quae
2462 3922 2515 3975 in
2550 3917 2737 3973 divino
2769 3914 3076 3985 Servatoris
3099 3904 3274 3970 nostri

1714 4020 1783 4075 ad
1824 4018 2074 4075 homines
2123 4010 2356 4071 adventu
2414 4011 2637 4083 impleta
2681 4016 2831 4065 sunt.
2866 4004 3023 4067 Unde
3071 4008 3277 4063 merito

1713 4125 1953 4185 presens
1979 4109 2223 4182 psalmus
2242 4121 2432 4163 omnes
2452 4111 2640 4176 gentes
2661 4100 3000 4173 compellans
3023 4098 3232 4155 dicebat
3257 4115 3274 4156 ι

49 4220 179 4289 μεθα
205 4223 265 4274 ὲν
293 4219 445 4291 αὐτῷ
464 4237 477 4251 ο
512 4220 599 4275 ια
628 4220 695 4290 δὴ
722 4188 1026 4289 ἐπληροῦτο
1056 4216 1199 4271 κατὰ
1228 4188 1330 4288 τὴν
1348 4188 1456 4271 ’τοῦ

1718 4223 1738 4257 ι
1767 4202 1959 4260 Venite
1995 4211 2051 4259 et
2084 4201 2265 4286 videte
2308 4214 2475 4271 Opera
2507 4196 2636 4262 Dei;
2669 4214 2687 4248 ι
2721 4209 2786 4249 ac
2831 4194 3054 4249 rursum
3081 4211 3095 4247 :
3133 4188 3152 4244 ι
3180 4189 3277 4244 1).-

46 4282 200 4386 τῆρος
229 4312 387 4385 ἡμῶν
413 4282 499 4376 εἰς
519 4282 1201 4383 ἀνθριθπουςΠθεοφάνειαν.
1237 4282 1429 4364 Ἔνθεν
1466 4309 1606 4363 είκό-

1716 4300 1821 4354 cite
1865 4297 1977 4354 Deo
2017 4282 2235 4363 :Quam
2285 4291 2548 4349 terribilia
2593 4296 2724 4344 Sunt
2772 4300 2939 4358 opera
2993 4285 3116 4340 tual
3149 4302 3170 4336 ι
3213 4282 3277 4369 Et

453 4376 667 4472 ψαλμδς
700 4399 872 4453 ἆπασι
901 4376 1019 4462 τοῖς
1051 4397 1228 4453 ἔθνεσι
1269 4398 1604 4470 προσφωνῶν

1716 4390 1868 4446 valde
1898 4395 2297 4471 consequenter
2324 4392 2615 4457 postquam
2640 4380 2884 4437 dixerat:
2920 4396 2940 4429 ι
2971 4376 3052 4432 lbi
3081 4376 3278 4476 lactabi-

46 4481 278 4568 ἐλεγεένι
306 4469 477 4551 Ᾰεῦτεῗ
524 4469 617 4549 καί
660 4492 896 4558 ίδετερτὰ
944 4493 1079 4566 ἔργα
1127 4492 1221 4547 τοῦ
1252 4469 1420 4548 Θεοῦ’
1452 4512 1472 4545 ι
1511 4493 1605 4547 καὶ

1716 4499 1835 4539 mur
1876 4484 1933 4539 in
1965 4470 2108 4554 ipso,
2139 4501 2158 4534 ι
2195 4476 2398 4535 infert:
2435 4496 2455 4529 ι
2488 4474 2591 4542 Qui
2621 4472 2933 4533 dominatur
2970 4470 3037 4534 ,in
3079 4469 3278 4522 virtute

48 4558 223 4647 πάλιν
257 4611 275 4643 ι
306 4589 512 4646 Εἴπατε
534 4587 612 4660 τῷ
639 4586 785 4658 Θεῷ·
828 4586 915 4651 Ὦς
941 4558 1149 4659 φοδερὰ
1174 4586 1247 4641 τὰ
1268 4586 1404 4659 ἔργα
1428 4603 1521 4640 σου
1541 4588 1600 4639 ε’»

1716 4575 1927 4634 seculo.
1960 4595 1981 4627 ι
2035 4574 2094 4629 Id
2130 4585 2348 4644 quoque
2397 4581 2563 4638 porro
2591 4563 2883 4635 intelligas,
2932 4558 3275 4617 Senatorem

264 4686 322 4739 δὲ
348 4651 657 4744 ἀκολούθως
673 4651 840 4733 είπών
859 4696 872 4709 '
903 4698 921 4731 ι
954 4651 1104 4733 ζΕειιεί
1125 4651 1606 4752 εὐφρανθησόμεθα

1716 4668 1937 4724 audiens
1960 4666 2230 4737 dicentem
2261 4680 2274 4714 :
2314 4676 2333 4709 ι
2362 4656 2497 4711 Data
2538 4662 2623 4711 est
2656 4651 2789 4706 mihi
2821 4651 3277 4720 omnispoteslas

49 4746 107 4831 ei
130 4746 291 4849 αότῷ,
323 4797 342 4829 ι
381 4774 667 4847 ἐπιφέρειο
692 4792 711 4825 ι
742 4771 822 4843 Ti;
883 4746 1306 4835 muscmfev
1450 4746 1608 4822 δυνα-

1716 4763 1764 4817 in
1794 4756 1934 4816 caelo
1960 4766 2016 4813 et
2040 4757 2096 4812 in
2128 4762 2293 4809 terra.
2319 4748 2528 4808 Euntes
2555 4746 2747 4803 docete
2785 4757 2977 4799 omnes
3219 4746 3273 4842 in

51 4872 191 4941 στείᾳ
243 4832 416 4925 αὑτοῦ
449 4832 565 4923 τοῦἡ
594 4832 816 4929 αίῶνοςί
854 4882 871 4916 ι
911 4832 1144 4936 Νοήσεις
1196 4862 1265 4917 δὲ.
1452 4859 1609 4929 τοῦτο

1716 4854 1930 4911 nomine
1974 4863 2099 4905 meo
2121 4846 2189 4900 “.
2220 4863 2241 4897 ι
2274 4843 2459 4911 Quare
2505 4838 2810 4898 secundum
2851 4835 3102 4907 Aquilam
3132 4832 3272 4888 dici-

51 4930 202 5016 uOvoii
232 4962 482 5032 λὲγοντος
511 4959 723 5013 ἀκούων
759 4954 855 5011 τοῦ
1214 4974 1232 5007 ι
1276 4951 1460 5022 Ἐδόθη
1518 4969 1607 5021 μοι

1716 4957 1834 5002 tur:
1864 4964 1883 4996 ι
1915 4941 2019 5009 Qui
2052 4946 2371 5011 potestatem
2400 4934 2567 4991 habet
2605 4932 2661 4988 in
2684 4930 2885 4987 virtute
2914 4942 3012 4984 sua
3042 4940 3139 4995 per
3169 4940 3273 4978 sae-

52 5055 185 5111 πίσα
206 5054 422 5120 ἐξουσία
446 5054 503 5107 ὲν
527 5049 739 5123 οὐρανῷ
757 5049 857 5103 καὶ
877 5049 970 5116 ἐπὶ
994 5048 1095 5119 τῆς
1118 5048 1251 5119 γῆς’
1286 5041 1607 5115 πορεύοντες

55 5145 620 5219 μαθητεύσατεπάντα
649 5145 719 5199 τὰ
772 5143 897 5215 ἔθνη
939 5145 997 5195 ὲν
1037 5140 1115 5212 τῷ
1164 5136 1385 5210 ὀνόματί
1428 5152 1547 5207 μου.
1581 5153 1600 5186 ι

52 5237 134 5290 Διὸ
161 5237 301 5291 κατὰ
325 5238 425 5309 μὲν
443 5238 534 5291 τὸν
549 5236 779 5291 Ἀκύλαν
807 5234 1020 5307 εἴρηται
1042 5251 1055 5265 ·
1086 5253 1105 5285 ι
1129 5230 1222 5303 Τῷ
1245 5224 1604 5294 ἔξουσιάζοντι

54 5330 188 5402 ὲντῇ
220 5329 514 5406 δυναστείᾳ..
555 5327 723 5382 αὐτοῦ
758 5328 823 5381 δι’
856 5328 1070 5393 αἰῶνος.
1121 5346 1140 5378 ι
1188 5324 1295 5389 Καὶ
1332 5320 1507 5383 ἄλλως
1548 5318 1607 5373 δὲ

54 5419 523 5495 εύφρινθησόμεθα
564 5417 803 5490 ὲναύτῷ
851 5419 959 5473 τῶν
1001 5413 1607 5491 προειρημένωννκατα-

57 5516 340 5580 ξιωθέντες.
370 5512 509 5566 Πότε
535 5511 592 5564 δὲ
634 5509 1152 5582 εὐφρανθησόμεθα,
1182 5507 1294 5561 ἀλλ’
1329 5502 1546 5559 ἐπειδὰν
1578 5503 1608 5556 ὁ

61 5612 253 5684 μέλλων
298 5608 496 5677 ἐπιστῇ
548 5605 719 5668 αἰὼν,
757 5592 828 5657 ὀὗ
876 5604 972 5674 τὴν
1016 5602 1327 5656 δεσποτείαν
1362 5597 1460 5651 καὶ
1508 5597 1607 5669 τὴν

59 5707 285 5771 ἐξουσίαν
316 5701 423 5759 οὐδ’
451 5699 634 5765 ἕτερος
660 5696 791 5763 ἔξει,
818 5697 852 5768 ἢ
885 5695 1045 5768 μόνος
1067 5693 1230 5757 αὐτὸς
1260 5694 1289 5745 6
1322 5690 1422 5757 τὴν
1450 5688 1609 5745 δυνα-

122 5881 482 5944 “lsa..xxxv.
512 5880 534 5933 l
572 5880 625 5935 6.
703 5876 748 5909 ”
776 5872 963 5930 Matth.
998 5886 1190 5934 uvm,
1229 5868 1316 5933 l8,
1352 5869 1427 5925 19.

1708 5040 1912 5096 culum.
1942 5055 1960 5088 ι
2003 5034 2154 5088 Alias
2185 5044 2403 5102 quoque
2430 5027 2733 5093 lmtahimur
2774 5024 2827 5078 in
2862 5022 2998 5092 ipso,
3030 5018 3145 5087 jam
3168 5018 3271 5069 hie-

1707 5129 1931 5187 moratis
1981 5126 2144 5182 bonis
2190 5123 2397 5180 donati.
2446 5118 2806 5187 Quandonam
2852 5110 3271 5171 exsultabimus.

1707 5219 1812 5275 nisi
1836 5231 1960 5273 cum
1994 5214 2235 5270 futurum
2275 5211 2536 5267 saeculum
2569 5204 2869 5267 advenerit,
2917 5201 3079 5271 cujus
3106 5198 3274 5255 domi-

1708 5319 1923 5367 natum'
1948 5316 2005 5364 et
2051 5314 2372 5380 potestatem
2398 5303 2603 5367 nullus
2646 5297 2789 5355 alius
2841 5294 3127 5361 obtinebit,
3163 5293 3269 5347 nisi

1708 5406 1799 5461 ille
1821 5403 1917 5474 qui
1945 5392 2283 5458 dominatum
2308 5397 2529 5469 δραι-θ
2561 5393 2806 5462 accepit?
2849 5390 3006 5446 Nunc
3040 5387 3185 5443 enim
3217 5386 3271 5439 in

1708 5497 1959 5569 νηστειιί
1996 5497 2198 5553 seculo
2230 5492 2569 5566 principatus
2594 5493 2722 5544 sunt
2760 5484 2939 5548 multi,
2973 5486 3273 5551 potestates

1707 5586 1761 5646 et
1805 5588 2231 5654 dominationes.
2278 5582 2582 5657 spiritualia
2628 5578 2883 5649 nequitia:
2929 5580 2984 5628 et
3027 5579 3271 5627 rectores

1710 5678 1916 5735 mundi.
1963 5677 2119 5734 Tunc
2160 5682 2329 5744 ‘vero,
2371 5683 2661 5748 postquam
2714 5663 3001 5724 sustulerit
3052 5674 3272 5717 omnem
