3966 6340
670 425 775 481 655

1360 425 1625 483 LUSEBII
1663 426 2131 485 CASSARIENSIS
2169 428 2317 484 OPP.
2358 420 2536 485 PARS
2575 429 2664 485 lll.
2692 457 2761 470 --
2785 428 3189 487 EXEGETICA.
3757 438 3844 495 656
3916 390 3917 409 1

674 541 1051 611 principatum,
1098 548 1413 609 patestatem
1464 550 1519 597 et
1560 543 1835 607 virtutem,
1888 543 2006 614 ipse
2061 543 2210 601 solus

2318 546 2490 599 στείαν
2536 546 2682 617 παρὰ
2712 547 2805 600 τοῦ
2836 547 3043 618 Πατρὸς
3092 548 3357 618 εἰληφὼςς
3397 550 3511 603 Νυν
3540 550 3639 620 μὲν
3665 550 3763 622 γὰρ
3798 555 3844 607 ἐν

674 632 952 701 imperium
991 630 1251 686 obtinebit
1301 631 1355 685 in
1404 634 1660 687 saeculum
1703 634 1857 699 illud,
1888 635 1942 688 in
1977 650 2085 705 quo
2128 634 2216 689 lte-

674 721 845 775 t‘itiam
880 720 1034 776 nobis
1055 721 1143 775 hic
1177 737 1354 777 sermo
1386 723 1692 793 pollicetur.

2322 636 2398 707 τῷ
2431 639 2654 708 παρόντι
2694 640 2848 692 αἰῶνι
2892 640 3055 709 ἀρχαί⁵
3093 639 3314 704 πολλαὶ,
3358 642 3449 694 καὶ
3502 642 3731 707 ἐξουσίαι
3770 648 3845 697 καὶ

2321 727 2670 799 κυριότητες,
2716 731 2809 781 καὶ
2840 726 3183 800 πνευματικά
3233 732 3491 801 πονηρίας
3535 733 3631 783 καὶ
3673 749 3844 802 κοσμο-

673 816 960 888 κράτορες’
996 816 1113 869 τότε
1134 816 1209 880 δὲ,
1240 817 1327 869 ὅτε
1391 819 1709 888 καταργήσῃ
1744 819 1920 871 πᾶσαν
1954 818 2127 889 ἀρχὴν
2188 821 2280 873 καὶ
2318 821 2562 886 ἐξουσίαν
2614 824 2709 877 καὶ
2756 822 3011 895 δύναμιν,
3060 821 3217 895 μόνος
3267 826 3425 890 αὐτὸς
3457 825 3740 899 ὲξουσιάσῃ
3767 828 3842 881 τοῦ

672 911 880 975 αἰῶνος,
910 913 967 965 ἐν
996 904 1040 979 ᾧ
1074 912 1461 981 ἐπαγγέλλεται
1500 916 1626 984 ἡμῖν
1659 915 1686 967 6
1713 914 1898 984 παρὼν
1930 914 2084 982 λόγος
2122 917 2220 986 τὴν
2258 917 2609 989 εὐφροσύνην.

742 1024 905 1080 Vens.
936 1025 1050 1081 7-9.
1096 1044 1114 1077 ι
1146 1025 1299 1081 Oculi
1327 1026 1445 1095 ejus
1479 1043 1643 1098 super
1668 1037 1854 1100 gentes
1886 1031 2215 1099 respiciunt:

672 1117 765 1187 qui
809 1125 1127 1187 exasperant
1162 1132 1271 1171 non
1298 1118 1605 1173 exaltentur
1640 1120 1695 1173 in
1729 1122 2057 1190 semetipsis.
2098 1120 2221 1176 Dia-

671 1210 898 1281 psalma.
926 1229 947 1261 ι
973 1209 1108 1266 Cum
1140 1210 1391 1280 superius
1412 1213 1648 1282 gentium
1676 1213 2011 1267 vocationem
2043 1213 2224 1267 adum-

672 1300 870 1363 braret,
915 1301 1221 1355 universam
1265 1310 1461 1373 terrain
1506 1303 1764 1357 evocabat
1792 1322 1805 1357 :
1833 1319 2006 1373 neque
2043 1314 2221 1359 tamen

669 1400 856 1463 gentes
890 1392 1090 1447 diserte
1130 1395 1483 1449 memoravit:
1514 1411 1657 1449 nunc
1705 1410 1833 1451 vero
1886 1395 2223 1466 apertissime

670 1484 921 1548 easdem,
986 1499 1194 1539 necnon
1251 1484 1345 1541 Dei
1394 1487 1890 1559 reconciliationem
1948 1490 2213 1545 meminit.

671 1574 802 1629 Nam
832 1574 899 1628 de
928 1576 1300 1645 peccatoribus
1322 1576 1536 1645 quidem
1572 1578 1772 1631 dictum
1803 1585 1887 1633 est
1918 1596 1933 1634 :
1976 1596 1994 1629 ι
2025 1576 2220 1634 Averte

671 1667 861 1721 faciem
915 1675 1061 1722 tuam
1115 1683 1143 1721 a
1205 1668 1440 1738 peccatis
1493 1671 1726 1736 meis“;
1764 1688 1784 1721 ›
1839 1684 1902 1724 ac
1955 1686 2215 1725 rursum:

674 1777 692 1811 ι
727 1759 907 1826 Quare
958 1760 1145 1814 faciem
1198 1769 1367 1823 tuam,
1436 1769 1488 1815 et
1534 1761 1808 1815 dexteram
1863 1768 2011 1816 tuam
2052 1776 2220 1825 laver-

671 1854 839 1908 tis"?
868 1872 884 1903 ι
925 1862 973 1907 ει
1010 1853 1243 1906 iterum:
1275 1870 1293 1903 ι
1323 1852 1581 1907 Avertisti
1620 1860 1798 1906 autem
1834 1852 2029 1906 faciem
2066 1859 2215 1905 tuam

672 1960 697 1997 a
730 1959 833 2006 me,
879 1950 932 1998 et
971 1942 1143 1997 l'actus
1192 1958 1311 1997 sum
1356 1942 1715 1996 conturbatus
1737 1942 1804 1995 ⁸³.
1842 1941 1970 2001 rDe
1990 1942 2058 1996 iis
2090 1957 2218 1996 vero

673 2036 758 2105 qui
792 2035 932 2090 bona
983 2050 1078 2104 spe
1126 2033 1378 2088 instructi
1433 2042 1560 2088 sunt
1605 2032 1811 2086 dictum
1862 2041 1983 2087 est:
2016 2052 2033 2083 ι
2065 2033 2219 2088 Oculi

673 2126 878 2181 Domini
923 2139 1085 2195 super
1110 2123 1310 2192 justos,
1356 2130 1409 2176 et
1448 2135 1608 2176 aures
1654 2122 1772 2190 ejus
1810 2122 1861 2175 in
1902 2136 2090 2190 preces
2134 2136 2223 2175 eo-

674 2234 787 2271 rum
807 2217 888 2283 3‘;
924 2235 943 2268 ι
977 2223 1031 2269 et
1073 2229 1291 2268 rursum
1320 2230 1331 2265 :
1366 2231 1384 2262 ι
1418 2212 1574 2266 Oculi
1620 2214 1696 2265 tui
1731 2212 1948 2267 videant
1989 2213 2218 2281 aequita-

674 2322 749 2362 ies
769 2308 852 2373 5‘;
884 2324 903 2358 ι
951 2312 1005 2360 et
1050 2305 1245 2358 iterum
1286 2320 1299 2357 :
1346 2321 1364 2353 ι
1397 2302 1650 2372 Signetur
1694 2317 1858 2372 super
1900 2318 2003 2356 nos
2040 2302 2218 2356 lumen

676 2398 847 2451 vultus
881 2397 980 2458 tui,
1024 2393 1248 2448 Domine
1268 2392 1387 2447 ".1
1427 2393 1628 2463 Magnae
1674 2394 1838 2463 igitur
1878 2394 2217 2464 pollicitatio-

676 2502 765 2540 nes
794 2486 1044 2556 gentibus
1082 2485 1133 2538 in
1163 2484 1414 2553 praisenti
1443 2484 1580 2538 datae
1612 2493 1755 2538 sunt.
1788 2483 1901 2543 1am
1927 2485 2067 2538 oculi
2098 2484 2217 2553 ejus

676 2594 830 2646 super
873 2584 1057 2647 gentes
1101 2576 1417 2644 respiciunt.
1464 2575 1637 2645 Atque
1681 2575 2078 2630 animadvertas
2127 2591 2217 2628 ve-

678 2666 761 2717 .im
816 2666 869 2718 in
907 2664 1054 2719 hisce
1086 2678 1351 2733 nusquam
1386 2661 1691 2719 Iudaeorum
1747 2666 2069 2719 mentionem
2118 2665 2215 2718 ha-

679 2754 839 2823 aeri;'
864 2756 958 2811 sed
991 2772 1085 2827 per
1116 2766 1283 2810 totum
1335 2758 1601 2825 psalmum
1650 2755 1788 2810 bona
1832 2756 2084 2826 gentibus
2121 2772 2217 2809 an-

675 2849 925 2902 nuntiari.
973 2847 1347 2903 Perhuuianus
1385 2864 1515 2918 ergo
1544 2847 1632 2903 ille
1665 2849 1905 2919 gentium
1961 2847 2217 2903 Servator

680 2939 854 2994 )culos
896 2953 1045 3001 suos.
1084 2939 1289 2993 scilicet
1324 2937 1646 3007 inspiciendi
1678 2938 1924 3001 virtutes,
1960 2939 2217 3007 expandit

689 3047 720 3084 n
749 3045 937 3085 omnes
967 3038 1173 3101 gentes.
1207 3028 1369 3083 Lucis
1412 3037 1591 3082 autem
1621 3027 1757 3081 radii
1789 3044 1854 3082 ex
1899 3029 2072 3082 oculis
2098 3028 2215 3097 ejus

684 3122 869 3185 zmissi,
916 3123 1127 3175 animas
1187 3120 1269 3173 sui
1328 3133 1555 3189 capaces
1608 3118 1902 3173 illustrant.
1950 3117 2212 3184 Quoniam

2388 1053 2406 1086 ι
2446 1036 2507 1088 Ol
2536 1035 2803 1107 ὀφθαλμοὶ
2838 1035 3001 1090 αὐτοῦ
3031 1036 3123 1091 ἐπὶ
3152 1036 3220 1092 τά
3244 1037 3368 1110 ἔθνη
3399 1037 3784 1100 ἐπιϐλέπουσιν,
3802 1041 3841 1093 οἰ

2315 1127 2836 1197 παραπικραίνοντες
2853 1127 2927 1199 μὴ
2939 1128 3285 1197 ὑψούσθωσαν
3306 1132 3365 1183 ὲν
3389 1131 3619 1194 ἑαυτοῖς.
3638 1131 3842 1201 Διάψαλ-

2320 1233 2413 1287 μα.
2437 1216 2560 1270 »Διά
2587 1218 2692 1270 τῶν
2709 1218 3012 1290 ἔμπροσθεν
3027 1221 3463 1291 ὲπεσκιασμένως
3474 1222 3571 1291 τὴν
3582 1220 3688 1277 τῶν
3700 1222 3842 1277 ἐθνῶν

2319 1306 2502 1377 κλῆσιν
2535 1307 2906 1379 αἰνιξάμενος,
2940 1312 3117 1365 πᾶσαν
3144 1311 3240 1382 τὴν
3268 1312 3368 1383 γῆν
3406 1313 3617 1366 ὲκάλειο
3648 1314 3707 1366 οὺ
3755 1314 3842 1385 μὴν

2319 1399 2503 1470 σαφῶς
2531 1399 2599 1453 τὰ
2620 1400 2745 1469 ἔθνη
2764 1417 2777 1429 '
2806 1402 2922 1453 νυνὶ
2942 1401 2997 1455 δὲ
3019 1401 3313 1457 λευκότατα
3334 1402 3443 1455 τῶν
3465 1403 3631 1457 ἐθνῶν
3665 1404 3843 1481 μέμνη-

2312 1504 2399 1542 ται
2425 1490 2518 1543 καὶ
2553 1489 2652 1559 τῆς
2690 1487 2781 1542 τοῦ
2803 1488 2936 1541 Θεοῦ
2956 1489 3261 1559 διαλλαγῆς.
3304 1489 3425 1543 Ἐπί
3449 1491 3547 1560 μὲν
3595 1490 3701 1559 γὰρ
3750 1490 3841 1542 τῶν

2314 1579 2724 1651 ἁμαρτανόντων
2750 1579 2991 1649 εἴρηταιο
3026 1596 3045 1629 ι
3083 1578 3440 1649 Ἀπόστρεψον
3481 1580 3543 1631 τὸ
3581 1580 3842 1650 πρόσωπόν

2317 1688 2407 1723 σου
2452 1670 2560 1742 ἀπὸ
2590 1672 2697 1723 τῶν
2730 1670 3009 1742 ἁμαρτιῶν
3042 1686 3169 1741 μου·
3204 1688 3221 1722 ι
3256 1671 3349 1723 καὶ
3378 1669 3568 1723 πάλιν·
3620 1689 3638 1721 t
3672 1672 3777 1722 Ἵνα
3799 1671 3841 1723 τί

2316 1738 2671 1831 ἀποστρέφεις
2699 1738 3070 1831 τὸτπρόσωπόν
3106 1777 3197 1813 σου
3238 1761 3331 1813 καὶ
3357 1761 3453 1832 τὴν
3486 1759 3661 1824 δεξιάν
3688 1777 3798 1820 σου;
3822 1780 3835 1809 ι

2318 1852 2410 1904 καὶ
2433 1850 2589 1903 πάλιν
2609 1867 2620 1879 ο
2657 1869 2675 1901 ι
2718 1850 3080 1922 ’Δπέστρεψας
3107 1851 3164 1904 δὲ
3194 1850 3252 1903 τὸ
3283 1850 3569 1921 πρόσωπόν
3612 1866 3700 1903 σου
3718 1890 3733 1913 ,
3762 1850 3843 1902 καὶ

2319 1943 2577 2014 ἐγενήθην
2608 1944 3020 2013 τεταραγμένος.
3044 1962 3061 1994 ι
3109 1942 3231 1996 Ἑπί
3261 1943 3316 1995 δὲ
3352 1942 3459 1996 τῶν
3488 1941 3690 2010 ἀγαθὰς
3712 1942 3844 1995 ὲλπίι

2316 2036 2409 2097 δας
2457 2036 2686 2105 ἑχόντων
2742 2034 3022 2089 λέλεκται·
3077 2054 3095 2087 ι
3144 2035 3437 2105 Ὀφθαλμοὶ
3497 2034 3695 2106 Κυρίου
3765 2034 3842 2085 ἐπι

2318 2120 2575 2183 δικαίους,
2633 2121 2726 2173 καὶ
2776 2115 2887 2174 ὦτα
2934 2122 3096 2175 αὐτοῦ
3145 2124 3223 2186 εἰς
3263 2122 3445 2193 δέησιν
3476 2122 3682 2175 αὐτῶν·
3711 2140 3730 2173 ι
3763 2120 3842 2173 καὶ

2318 2211 2502 2266 πάλιψ
2534 2231 2551 2263 ι
2577 2213 2639 2265 Oi
2658 2212 2920 2283 ὀφθαλμοί
2956 2230 3049 2265 σου
3077 2213 3327 2266 ἰδέτωσαν
3364 2213 3658 2282 εὑθύτητας
3676 2228 3688 2241 ·
3720 2230 3737 2263 ι
3763 2210 3842 2263 καὶ

2318 2298 2503 2364 αὖθις·
2537 2320 2555 2351 ι
2586 2301 2950 2372 Σημειωθήτω
2990 2304 3073 2371 ἐφ’
3116 2304 3259 2373 ἡμᾶς
3301 2301 3359 2354 τὸ
3403 2301 3515 2371 φῶς
3556 2301 3647 2354 τοῦ
3692 2317 3842 2371 προσ-

2316 2391 2462 2445 ώπου
2508 2410 2619 2459 σου,
2652 2392 2841 2464 Κύριε.
2868 2413 2886 2445 ι
2924 2393 3168 2461 Μεγάλαι
3210 2393 3385 2447 τοίνυν
3433 2393 3739 2461 ἐπαγγελίαι
3766 2393 3841 2446 διὰ

2316 2486 2420 2540 τῶν
2456 2486 2822 2556 προκειμένων
2854 2489 2962 2550 τοῖς
2989 2487 3160 2540 ἔθνεσι
3188 2486 3452 2539 δέδονται·
3482 2486 3582 2557 ἥδη
3602 2485 3841 2555 ὀφθαλμοὶ

2316 2576 2477 2631 αὑτοῦ
2502 2580 2594 2631 ἐπὶ
2624 2578 2690 2632 τὰ
2723 2578 2848 2649 ἔθνη
2878 2578 3241 2631 ὲπιόλέπουσι.
3276 2579 3381 2631 Καὶ
3412 2578 3510 2630 θέα
3538 2580 3679 2640 ὅπως
3704 2576 3842 2629 οὐδα-

2320 2668 2419 2739 μοῦ
2461 2669 2567 2721 τῶν
2598 2669 2966 2741 προκειμένων
3003 2668 3267 2723 Ἰουδαίων
3312 2668 3612 2740 μέμνηται,
3642 2667 3703 2720 δι’
3737 2666 3840 2719 ὅλου

2314 2758 2369 2811 δὲ
2396 2761 2505 2821 τοῖς
2533 2756 2707 2811 ἔθνεσι
2735 2758 2800 2811 τὰ
2832 2758 3036 2829 χρηστὰ
3065 2756 3488 2825 εὐαγγελίζεται.
3534 2756 3589 2810 'O
3633 2755 3723 2826 μὲν
3760 2749 3841 2807 οὖν

2315 2848 2687 2919 φιλάνθρωπος
2711 2849 2816 2901 τῶν
2847 2848 3014 2903 ἐθνῶν
3053 2849 3240 2921 Σωτὴρ
3268 2850 3391 2912 τοὺς
3421 2848 3720 2918 ὀφθαλμοὺς
3755 2848 3842 2899 αὒ-

2314 2937 2405 2989 τοῦ
2425 2977 2438 3000 ,
2475 2938 2572 3001 τὰς
2600 2939 2955 3004 ὲπισκοπικάς
2998 2939 3193 3010 δηλαδὴ
3235 2939 3488 3009 δυνάμεις
3511 2978 3525 3003 ,
3557 2939 3843 3011 ἐξήπλωσεν

2316 3029 2407 3079 ἐπὶ
2434 3020 2609 3082 πάντα
2642 3029 2707 3082 τὰ
2734 3030 2879 3100 ἔθνη.
2903 3014 3080 3094 Φωτὸς
3105 3031 3161 3083 δὲ
3203 3032 3417 3093 ἀκτῖνες
3445 3033 3509 3083 ὲκ
3536 3032 3639 3085 τῶν
3668 3030 3845 3099 ὀφθαλ-

2318 3113 2432 3185 μῶν
2463 3116 2624 3168 αὑτοῦ
2656 3118 2997 3187 πεμπόμεναι
3029 3118 3126 3181 τὰς
3150 3119 3458 3189 χωρητικάς
3488 3120 3662 3173 αὐτῶν
3684 3119 3843 3189 ψυχὰς

686 3227 794 3265 νει-ο
828 3210 1067 3264 futurum
1113 3215 1227 3263 erat
1264 3217 1323 3260 ut
1363 3222 1471 3260 non
1520 3220 1708 3261 omnes
1739 3207 1965 3276 gratiam
2011 3208 2215 3276 recipe-

2318 3207 2774 3277 καταλάμπουσιν.
2794 3210 2940 3262 Ἐπεὶ
2962 3210 3016 3261 δὲ
3038 3209 3264 3280 ἤμελλον
3288 3210 3360 3280 μὴ
3378 3211 3575 3273 πάντες
3593 3212 3683 3281 τὴν
3705 3211 3845 3281 χάριν

686 3310 807 3367 'ent,
839 3303 929 3357 sed
963 3310 1163 3355 tantam
1206 3300 1324 3368 ejus
1347 3314 1471 3369 erga
1500 3298 1744 3353 homines
1773 3298 2112 3353 clementiam
2144 3299 2214 3351 ir-
2262 3344 2265 3345 ν

687 3395 893 3447 'itarent
921 3402 973 3446 et
996 3398 1398 3461 exasperarent,
1429 3390 1571 3461 quod
1600 3392 1799 3444 donum
1831 3405 1937 3443 non
1966 3390 2216 3445 admitte-

690 3489 819 3547 ent;
848 3483 970 3552 jure
1002 3481 1217 3535 additur
1246 3500 1258 3535 :
1290 3501 1309 3532 ‹
1340 3480 1442 3547 Qui
1473 3489 1794 3550 exasperant
1835 3495 1942 3534 non
1979 3482 2217 3535 exalten-

695 3592 759 3631 ur
782 3576 835 3629 in
871 3575 1196 3645 semetipsis.
1232 3594 1250 3626 ι
1294 3573 1387 3630 llis
1410 3588 1570 3644 porro
1599 3572 1869 3643 signiﬁcat
1890 3587 1983 3627 eos
2007 3587 2071 3626 ex
2096 3588 2218 3641 gen-

691 3668 831 3731 ibus,
873 3666 963 3736 qui
1012 3667 1339 3736 inunorigeri
1387 3674 1441 3721 et
1480 3666 1897 3735 inobsequentes
1926 3662 2216 3733 Evangelio

696 3770 809 3816 unt.
864 3760 1043 3825 Quare
1099 3759 1239 3827 apud
1296 3757 1677 3829 Symmachum
1730 3757 1929 3812 dicitur
1963 3774 1977 3811 :
2010 3775 2028 3807 ι
2060 3754 2214 3810 Oculi

694 3854 786 3923 jus
814 3861 1000 3923 gentes
1047 3853 1378 3920 inspiciunt;
1428 3852 1840 3920 inobsequentes
1878 3860 1946 3905 ne
1979 3850 2216 3904 exaltent

696 3945 1004 4013 emetipsos.
1049 3962 1066 3995 ι
1106 3945 1223 3995 Alio
1258 3944 1379 3997 item
1436 3958 1598 3997 sensu
1629 3942 1829 3995 indicat
1867 3957 1960 3997 eos
2012 3957 2074 3997 ex
2121 3942 2219 3995 cir-

702 4032 1018 4094 umcisione,
1048 4033 1137 4099 qui
1172 4032 1397 4099 gratiam
1427 4038 1889 4099 contempserunt,
1940 4039 1994 4084 et
2031 4030 2217 4085 Serva-

693 4124 802 4177 oris
849 4123 1185 4177 vocationem
1227 4121 1380 4174 nihili
1440 4122 1703 4175 fecerunt.
1746 4124 1923 4188 Quare
1982 4121 2215 4191 Spiritus

699 4224 889 4269 auctus
952 4228 1046 4282 per
1099 4212 1289 4267 Isaiam
1345 4212 1411 4265 ad
1463 4228 1558 4266 eos
1621 4213 1915 4283 respiciens
1963 4213 2211 4268 dicebat:

718 4306 860 4358 Aure
900 4303 1157 4365 audiatis,
1192 4310 1245 4354 et
1289 4316 1354 4354 ne
1386 4302 1729 4369 intelligalis;
1782 4310 1835 4356 et
1866 4301 2107 4358 videntes
2138 4304 2217 4356 vi-

706 4397 861 4457 eatis,
900 4404 952 4450 et
979 4412 1045 4449 ne
1081 4396 1267 4451 sciatis
1291 4395 1354 4445 ".
1390 4412 1409 4445 ι
1442 4393 1628 4447 Merito
1668 4394 1830 4462 igitur
1862 4395 2005 4448 viros
2038 4396 2209 4448 incre-

694 4502 803 4541 ians
828 4501 1067 4555 praesens
1116 4500 1315 4547 sermo,
1352 4492 1535 4553 utpote
1581 4484 1697 4537 sine
1728 4497 1891 4536 causa
1935 4483 2002 4537 de
2043 4492 2219 4536 atavo—

2318 3298 2688 3368 ὑποδέχεσθαι,
2726 3301 3070 3371 παροργίζειν
3098 3301 3154 3354 δὲ
3193 3300 3253 3353 τὸ
3291 3301 3411 3353 ὅσον
3440 3303 3524 3354 ἐπ’
3568 3302 3736 3364 αὐτοῖς
3764 3303 3845 3353 καὶ

2316 3392 2770 3462 παραπικραίνειν
2795 3391 2891 3462 τὴν
2934 3393 3195 3465 τοσαύτην
3239 3392 3654 3464 φιλανθρωπίαν,
3689 3393 3769 3445 διὰ
3792 3393 3845 3445 τὸ

2320 3481 2392 3552 μὴ
2443 3482 2834 3553 παραδέχεσθαι
2882 3483 2942 3537 τὸ
2969 3480 3167 3556 δῶρον,
3216 3487 3436 3549 εἰκότως
3493 3486 3841 3540 ὲπιλὲλεκται·

2322 3591 2341 3621 ι
2368 3572 2428 3625 Οἱ
2456 3575 2978 3644 παραπικραίνοντες
3014 3576 3086 3647 μὴ
3111 3576 3461 3645 ὑψούσθωσαν
3491 3578 3549 3630 ὲν
3586 3579 3799 3640 ἑαυτοῖς.
3824 3595 3839 3627 ι

2316 3662 2569 3732 Σημαίνει
2607 3663 2663 3716 δὲ
2708 3664 2796 3718 διὰ
2847 3666 3047 3719 τούτων
3093 3668 3185 3721 καὶ
3226 3670 3348 3731 τοὺς
3394 3670 3451 3722 ὲν
3508 3672 3618 3732 τοῖς
3659 3668 3847 3722 ἔθνεσιν

2317 3752 2557 3816 ἀπειθεῖς
2584 3754 2675 3807 καὶ
2698 3756 3097 3820 ἀνυποτάκτους
3123 3756 3200 3827 τῷ
3234 3759 3570 3829 εὐαγγελικῷ
3594 3759 3743 3829 λόγῳ.
3768 3757 3848 3809 Διὸ

2316 3843 2556 3898 λέλεκται
2597 3846 2745 3917 παρά
2785 3847 2862 3916 τῷ
2903 3849 3179 3918 Συμμάχῳ
3204 3865 3216 3878 ·
3260 3865 3281 3900 ι
3317 3850 3377 3901 Oi
3411 3849 3673 3921 ὀφθαλμοὶ
3698 3848 3846 3903 αὐτοῦ

2316 3936 2381 3988 τὰ
2434 3936 2557 4007 ἔθνη
2624 3939 3068 3990 ὲπισκοπεύουσι·
3117 3941 3164 3991 οἱ
3217 3934 3457 4002 ἀπειθεῖς
3506 3941 3581 4011 μὴ
3628 3941 3846 4011 ὐῲούτω-

2318 4044 2413 4080 σαν
2462 4026 2701 4090 ἑαυτούς.
2725 4049 2742 4079 ι
2788 4029 3043 4099 Σημαίνει
3082 4028 3136 4081 δὲ
3172 4031 3265 4082 καὶ
3308 4029 3479 4092 ἄλλως
3510 4032 3634 4094 τοὺς
3673 4034 3731 4083 ὲκ
3761 4018 3846 4082 πε-

2318 4122 2540 4191 ριτομῆς
2572 4120 2937 4190 ἀθετήσαντας
2964 4120 3059 4191 τὴν
3082 4121 3237 4191 χάριν
3260 4122 3350 4174 καὶ
3373 4122 3471 4191 τὴν
3503 4122 3596 4174 τοῦ
3620 4121 3847 4194 Σωτῆρος

2317 4209 2505 4278 κλῆσιν
2527 4210 3039 4281 ὑπερφρονήσαντας
3057 4225 3070 4239 ·
3095 4209 3172 4261 διὸ
3196 4210 3329 4280 πρὸς
3351 4211 3545 4275 αὐτοὺς
3568 4212 3627 4265 τὸ
3647 4209 3848 4279 Πνεῦμα

2315 4301 2376 4353 τὸ
2408 4302 2557 4368 ἃγιον
2591 4302 2681 4353 καὶ
2706 4301 2793 4354 διὰ
2835 4303 3049 4356 Ἡσαΐου
3082 4302 3387 4357 ἀπετείνετο
3418 4305 3594 4374 φῆσαν
3615 4322 3627 4334 ·
3658 4322 3675 4355 ι
3702 4304 3847 4370 Ἀκοῇ

2316 4392 2601 4461 ἀκούσητε,
2634 4394 2727 4446 καί¹
2751 4394 2809 4446 οὐ
2840 4394 2911 4464 μὴ
2946 4395 3157 4466 συνῆτε,
3191 4397 3283 4449 καὶ
3305 4395 3585 4463 βλέποντες
3617 4397 3845 4467 βλέψητει

2320 4482 2412 4534 καὶ
2438 4482 2497 4534 οὑ
2536 4484 2608 4552 μὴ
2641 4482 2808 4552 ἴδητε.
2842 4502 2861 4534 ι
2897 4480 3133 4547 Εἰκότως
3178 4485 3461 4556 τοιγαροῦν
3500 4485 3847 4557 ἐπιρῥαπίζων

702 4592 788 4630 um
820 4576 1076 4645 dignitate
1121 4576 1354 4639 inﬂatos,
1410 4582 1463 4629 et
1512 4573 1578 4629 de
1620 4574 2018 4643 progenitorum
2046 4575 2217 4643 gloria

2319 4575 2511 4636 αὐτοὺς
2542 4576 2570 4627 6
2600 4576 2788 4644 παρὼν
2829 4575 3002 4644 λόγος,
3031 4578 3150 4649 εἰκῆ
3195 4577 3584 4647 φυσιουμένους
3624 4577 3709 4629 ἐπὶ
3747 4578 3846 4637 τοῖς

704 4668 833 4721 ltum
865 4669 1155 4736 sapientes,
1179 4668 1310 4721 dicit
1338 4687 1349 4720 :
1384 4686 1400 4717 ι
1431 4666 1535 4733 Qui
1575 4673 1897 4736 exasperant
1926 4680 2032 4719 non
2077 4666 2217 4719 exal-

697 4768 851 4814 entur
882 4760 936 4811 in
970 4760 1286 4827 semetipsis.
1321 4778 1339 4810 ι
1362 4758 1537 4813 Heus!
1572 4774 1686 4821 vos,
1724 4758 1919 4825 inquit,
1952 4758 2217 4831 superbiae

702 4858 722 4902 t
752 4866 891 4905 vano
922 4838 1129 4903 tumori
1164 4858 1345 4904 vestro
1372 4850 1529 4904 linem
1578 4852 1719 4916 date,
1775 4850 2011 4904 scientes
2049 4848 2216 4902 Deum

710 4959 777 4996 un
820 4942 1011 5011 magis,
1044 4956 1207 5010 quam
1248 4942 1470 5009 reliquis
1500 4942 1771 5010 gentibus.
1816 4941 1969 4995 vobis
2006 4942 2219 5009 prospi-

704 5048 811 5087 ere.
847 5030 999 5085 Oculi
1031 5048 1160 5101 ergo
1199 5031 1343 5085 illius
1380 5032 1640 5084 lustrandi
1668 5033 1719 5085 vi
1746 5032 1977 5101 praediti,
2016 5034 2223 5086 univer-

705 5140 855 5177 orum
884 5125 1161 5178 hominum
1198 5123 1585 5192 providentiam
1613 5134 1879 5193 gerentes,
1912 5138 2073 5192 super
2101 5138 2224 5193 gen-

706 5233 754 5271 as
790 5217 1102 5285 respiciunt.
1139 5214 1279 5279 Quid
1323 5215 1485 5284 igitur
1520 5230 1637 5276 vos,
1680 5228 1741 5267 ac
1769 5215 1814 5268 si
1848 5216 2221 5283 praestantiora

711 5310 981 5369 htincatis,
1000 5307 1306 5363 exaltamini
1330 5309 1381 5359 in
1401 5306 1820 5375 vobismetipsis,
1840 5322 1961 5361 cum
1986 5308 2219 5361 maxime

712 5399 775 5453 iri
818 5406 1201 5466 exaspera‘ntes
1247 5398 1405 5454 sitis?
1438 5397 1591 5463 Quod
1642 5404 1822 5451 autem
1859 5398 2005 5467 ipsos
2039 5414 2219 5454 sermo

710 5491 996 5553 ubindicet,
1028 5500 1209 5560 aperte
1239 5491 1474 5544 declarat
1508 5490 1742 5560 Spiritus
1768 5506 1862 5561 per
1887 5490 2217 5547 Ezechielem

716 5585 902 5638 ieens:
935 5599 952 5657 ι
985 5579 1082 5634 Fili
1129 5581 1379 5645 hominis,
1420 5582 1627 5634 mittam
1661 5589 1713 5636 te
1745 5596 1843 5651 ego
1887 5581 1951 5633 ad
1998 5582 2215 5635 domum

2323 4665 2623 4737 προγόνοις.
2660 4667 2753 4719 καὶ
2779 4668 2919 4737 μέγα
2947 4669 3272 4739 φρονοῦντας
3306 4670 3396 4722 ἐπὶ
3425 4672 3490 4740 τῇ
3523 4669 3627 4721 τῶν
3656 4683 3847 4737 προπα-

2321 4757 2489 4827 τόρων
2518 4757 2891 4828 εὐδοκιμήσει,
2944 4760 3138 4830 φησιν’
3186 4780 3203 4811 ι
3243 4763 3304 4814 Ol
3350 4758 3848 4831 παραπικραίνοντες

2326 4849 2399 4920 μὴ
2434 4849 2780 4919 ὑψούσθωσαν
2814 4851 2871 4904 ὲν
2923 4852 3149 4915 ἑαυτοῖς.
3182 4872 3199 4904 t
3234 4850 3520 4906 Παύσασθε
3552 4851 3680 4921 γὰρ,
3709 4848 3846 4917 φησὶ,

2324 4938 2727 5009 βρενθυνόμενοι
2755 4938 2845 4991 κα).
2876 4942 2993 5011 εἰκῆ
3023 4941 3363 5012 τυφούμενοι,
3382 4934 3427 4993 ὦ
3448 4934 3610 5001 οὗτοι,
3631 4938 3844 5007 γνόντες,

2320 5032 2401 5083 ὃτι
2447 5032 2507 5083 οὐ
2544 5030 2740 5100 μᾶλλον
2772 5030 2899 5101 ὑμῖν
2948 5034 3224 5085 ἐπιϐλέπει
3249 5034 3277 5085 6
3311 5032 3440 5094 Θεὸς
3469 5030 3501 5100 ἦ
3536 5034 3641 5093 τοῖς
3665 5031 3847 5094 λοιποῖς

2321 5122 2547 5175 ἔθνεσιν.
2588 5123 2650 5175 Οἱ
2692 5120 2819 5191 γοῦν
2853 5123 2947 5193 τῆς
2980 5123 3335 5193 ὲπισκοπικῆς
3382 5123 3545 5177 αὑτοῦ
3596 5122 3846 5192 δυνάμεως

2324 5214 2585 5283 ὀφθαλμοὶ
2611 5253 2625 5274 ,
2673 5212 2887 5267 πάντων
2919 5214 3213 5286 ἀνθρώπων
3246 5214 3499 5284 πρόνοιαν
3531 5213 3843 5283 ποιούμενοι,

2325 5307 2417 5358 ἐπὶ
2471 5306 2537 5359 τὰ
2590 5305 2713 5376 ἔθνη
2753 5305 3121 5361 ὲπιὸλέπουσι.
3162 5306 3226 5359 Τί
3257 5302 3347 5361 οὖν
3381 5309 3566 5380 ὑμεῖς,
3592 5308 3765 5375 ὥσπερ
3800 5318 3846 5353 τι

2326 5398 2597 5466 ἐξαίρετον
2626 5398 2967 5468 κεκτημένοι,
2991 5397 3220 5466 ὑψοῦσθε
3252 5401 3307 5451 ὲν
3336 5401 3567 5465 ἑαυτοῖς,
3589 5394 3844 5452 καὶταῦτα

2325 5487 2512 5559 ἄνδρες
2544 5490 2693 5552 ὄντες
2749 5489 2834 5541 ἀεὶ
2860 5490 3413 5564 παραπικραίνοντες;
3447 5492 3564 5544 Ὀτι
3588 5491 3640 5543 δὲ
3672 5486 3843 5545 αὐτοὺς

2324 5582 2611 5635 αἰνίττεται
2633 5584 2660 5633 6
2694 5581 2866 5650 λόγος,
2906 5581 3087 5651 σαφῶς
3126 5584 3417 5654 παρίστησι
3439 5583 3499 5636 τὸ
3525 5581 3733 5650 Πνεῦμα
3769 5576 3843 5629 διὰ

749 5739 789 5769 ⁸¹
826 5737 965 5793 Psal.
1000 5738 1155 5804 L,ll.
1229 5738 1274 5771 η
1296 5736 1439 5793 Psal.
1462 5741 1719 5803 xmuﬁ‘i.
1799 5740 1842 5771 ⁵³
1875 5738 2013 5795 Psal.
2048 5757 2195 5804 xxxx,
2217 5740 2268 5794 8.
2344 5738 2387 5768 δί
2419 5736 2561 5794 Psal.
2598 5754 2790 5803 xxxm,
2813 5737 2896 5792 l6.
2962 5737 3008 5770 "
3038 5736 3180 5793 Psal.
3216 5736 3396 5801 xv|,2.
3477 5740 3521 5771 ⁸⁸
3546 5740 3678 5794 Psul.
3709 5757 3778 5803 iv.
3800 5740 3827 5794 7

752 5810 850 5864 lsa.
882 5828 954 5873 vi,
983 5810 1033 5863 9.
