3976 6348
138 384 226 439 6327
1210 403 1703 461 COMMENTARIA
1744 409 1812 462 IN
1848 409 2180 467 PSALMUS.

3205 417 3306 471 638

146 499 392 602 Ίεςεκιηλ
418 505 572 602 λέγον
589 525 602 538 ο
631 529 648 560 ι
677 511 768 564 Υἱὲ
791 514 1092 585 ἀνθρώπου,
1119 519 1451 585 ἐξαποστελῶ
1483 541 1538 576 σε
1565 524 1657 593 ὲγιὶ

1773 527 1959 586 Israel,
1986 529 2049 582 ad
2076 538 2476 599 exasperantes,
2501 531 2590 600 qui
2617 542 3069 600 exasperaverunt
3096 548 3179 588 me
3207 533 3307 602 ipsi

135 590 259 658 πρὸς
305 592 394 646 τὸν
446 591 591 650 οἷκον
653 601 892 674 Ἰσραὴλ,
942 608 1064 669 τοὺς
1111 590 1669 682 παραπικραίνοντας,
1699 590 1722 623 -⁷

133 681 315 746 οἵτινες
346 690 758 760 παρεπίκρανάν
781 713 845 764 με
876 697 1023 750 αὐτοὶ
1058 702 1149 751 καὶ
1176 703 1221 752 οἱ
1249 703 1477 774 πατέρες
1497 704 1671 758 αὐτῶν

135 771 363 866 ξως-τῆς
409 783 644 851 σήμερον
688 786 924 856 ἡμέρας’
972 807 990 838 ι
1031 791 1121 841 καὶ
1157 792 1308 860 ἑξῆς·
1355 771 1526 848 «"an
1566 798 1671 866 ἄρα

136 863 451 933 ἀκούσωσιν,
487 871 518 940 ἢ
553 874 885 944 Μοηθῶσιν,
934 878 1064 932 διότι
1105 878 1248 946 οἶκος
1303 902 1669 958 παραπικραι-

138 955 315 1007 νόντων
341 961 456 1012 ὲστί
476 979 488 991 ο
521 985 541 1014 ι
575 966 665 1016 καὶ
698 966 852 1019 πάλιν
871 985 882 996 ·
914 988 930 1019 ι
960 972 1066 1022 Kal.
1097 972 1310 1044 λαλήσω
1331 977 1454 1039 τοὺς
1483 955 1668 1045 λόγους

140 1064 229 1114 μου
258 1050 389 1136 πρὸς
418 1053 631 1118 αὐτοὺς,
669 1057 760 1109 ἐὰν
792 1059 895 1128 ἄρα
923 1061 1250 1129 ἀκούσωσιν,
1281 1065 1311 1135 ἢ
1345 1067 1662 1136 πτοηθῶσιν,

134 1138 206 1188 ὅτι
245 1135 384 1204 οἶκος
422 1149 959 1217 παραπικραινόντων
1007 1154 1139 1206 ἐστί.
1189 1174 1208 1204 ι
1258 1156 1364 1208 Καὶ
1398 1135 1476 1208 ὲν
1503 1165 1572 1228 ρε¹
1611 1160 1666 1210 δὲ

133 1227 314 1299 ψαλμῷ
362 1231 630 1287 λέλεκται·
678 1257 695 1288 t
732 1239 849 1294 Ὀτι
890 1245 1297 1316 παρεπίκραναν
1341 1247 1400 1299 τὸ
1454 1227 1663 1319 πνεῦμα

133 1321 312 1373 αὑτοῦ-
345 1341 362 1372 ι
405 1324 496 1375 καὶ
541 1327 699 1380 πάλιν
722 1346 733 1358 ·
771 1349 790 1380 t
820 1331 1110 1397 Πλεονάκις
1143 1336 1403 1405 ὲρῤύσατο
1437 1339 1657 1401 αὐτούς·

133 1412 273 1462 αὐτοὶ
303 1412 355 1464 δὲ
389 1418 793 1487 παρεπίκραναν
836 1423 992 1475 αὑτὸν
1023 1427 1076 1476 ὲν
1109 1429 1172 1495 τῇ
1213 1426 1370 1497 βουλῇ
1410 1429 1604 1482 αὐτῶν.
1638 1450 1655 1480 ι

132 1501 228 1554 Ναὶ
268 1503 366 1573 μὴν
411 1507 502 1558 καὶ
529 1509 767 1580 Μωῦσῆς
792 1514 887 1582 τὴν
913 1516 1129 1584 πικρίαν
1161 1518 1336 1569 αὐτῶν
1375 1519 1659 1590 παρίστησι

132 1593 317 1658 λέγων·
376 1613 392 1645 ι
430 1597 521 1649 Ἐκ
569 1599 677 1670 γὰρ
747 1603 988 1672 ἀμπέλου
1034 1607 1274 1676 Σοδόμων
1330 1611 1362 1678 ἡ
1425 1609 1661 1679 ἄμπελος

130 1683 313 1748 αὐτῶν,
348 1688 439 1740 καὶ
472 1692 503 1758 ή
532 1690 796 1760 κληματίς
826 1695 1002 1746 αὐτῶν
1040 1697 1102 1748 ὲκ
1131 1698 1438 1769 Γομόρῤας’
1476 1704 1507 1771 ή
1538 1719 1660 1754 στα-

129 1772 255 1842 φυλὴ
284 1775 453 1828 αὐτῶν
489 1779 726 1850 σταφυλὴ
760 1781 939 1850 χολῆς,
967 1784 1156 1855 βότρυς
1184 1789 1400 1858 πικρίας
1425 1789 1653 1843 αὐτῶν.»

1770 625 1823 671 et
1855 630 2031 687 patres
2061 619 2297 688 ipsorum
2343 637 2512 691 usque
2541 624 2602 674 ad
2653 632 2964 691 praesentem
3001 624 3137 678 diem
3158 625 3204 655 °"
3234 643 3246 678 :
3283 643 3300 675 ι

1768 717 1820 762 et
1863 720 2044 778 postea
2072 728 2084 762 :
2113 730 2130 762 ι
2163 710 2217 765 Si
2243 712 2380 767 forte
2423 715 2641 768 audiam
2664 723 2718 768 et
2757 714 3148 776 deterreantur,
3180 718 3331 784 quia.

1767 797 1959 853 domus
1997 803 2428 870 exasperantium
2459 813 2542 858 est
2563 806 2642 869 '9;
2679 825 2695 855 ι
2730 813 2781 858 et
2821 809 3050 858 iterum:
3085 824 3102 853 ι
3134 805 3197 858 Ει
3229 807 3308 858 l0-

1768 905 1903 958 quar
1944 907 2225 948 sermones
2259 909 2406 950 meos
2451 897 2517 949 ad
2554 897 2694 961 illos,
2736 898 2781 951 si
2830 898 2964 951 forte
3006 898 3224 950 audiant
3255 905 3308 951 et

1767 971 2156 1044 deterreantur,
2207 984 2331 1052 quia
2370 984 2562 1038 domus
2617 987 3042 1053 exasperantium
3087 992 3168 1039 est
3191 985 3257 1040 ⁸ο.
3284 1003 3303 1035 ι

1763 1069 1828 1122 Et
1861 1070 1911 1124 in
1943 1087 2008 1126 cv
2029 1074 2234 1143 psalmo
2266 1075 2468 1129 dictum
2498 1085 2618 1131 est:
2651 1095 2667 1126 ι
2698 1076 2832 1142 Quia
2855 1077 3307 1131 exacerbaverunt

1765 1161 2014 1228 Spiritum
2061 1163 2179 1232 ejus
2203 1165 2277 1226 δίς
2312 1183 2330 1216 ι
2390 1179 2452 1218 ac
2506 1181 2720 1220 rursum
2760 1184 2772 1218 :
2815 1183 2832 1215 ι
2867 1164 3017 1235 Saepe
3062 1165 3308 1218 liberavit

1762 1265 1874 1304 eos.
1921 1251 2026 1322 Ipsi
2083 1263 2263 1308 autem
2313 1255 2772 1310 exacerbaveruut
2825 1271 2946 1308 eum
2987 1256 3039 1307 in
3082 1255 3308 1309 consilio

1763 1353 1862 1393 suo
1891 1340 1958 1395 °'.
1990 1360 2006 1390 ι
2055 1343 2167 1395 lmo
2197 1343 2357 1397 etiam
2383 1343 2594 1413 Moyses
2628 1345 2973 1399 acerbitatem
3003 1360 3187 1399 eorum
3214 1346 3309 1399 de-

1761 1431 1930 1483 clarat
1972 1431 2056 1486 his
2098 1435 2311 1489 verbis:
2345 1453 2360 1484 ι
2395 1435 2526 1488 Nam
2550 1452 2613 1490 ex
2647 1438 2801 1492 vinea
2838 1436 3190 1491 Sodomorum
3237 1437 3309 1492 vi-

1762 1538 1860 1575 nea
1907 1538 2115 1587 eorum,
2169 1532 2222 1579 et
2255 1526 2456 1593 palmes
2497 1543 2681 1580 eorum
2722 1544 2789 1581 ex
2833 1527 3151 1584 Gomorrlia.
3197 1527 3308 1584 Uva

1759 1629 1944 1667 eorum
1977 1631 2079 1668 uva
2113 1615 2273 1677 fellis,
2310 1617 2498 1671 botrus
2537 1619 2847 1671 acerbitatis
2879 1634 3065 1673 eorum
3091 1620 3154 1674 ⁰⁸.
3196 1640 3214 1672 ι
3249 1623 3306 1674 In

1759 1705 1989 1760 .leremia
2019 1714 2196 1761 autem
2232 1709 2298 1761 ad
2321 1707 2534 1762 eosdem
2564 1708 2763 1763 dicitur
2788 1728 2799 1761 :
2834 1728 2850 1759 ι
2882 1708 3161 1774 Quomodo
3185 1727 3310 1765 con-

1759 1812 1913 1853 versa
1965 1807 2048 1851 est
2081 1798 2132 1850 in
2183 1798 2599 1852 amaritudinem
2637 1799 2762 1852 vitis
2808 1799 2980 1852 aliena
3007 1799 3090 1850 “?
3121 1819 3138 1850 ι
3176 1798 3307 1856 Jure

130 1865 248 1959 ΚαὶΔ
274 1867 326 1959 ὲν
358 1868 432 1937 τῷ
483 1870 718 1942 Ἱερεμίᾳ
763 1872 819 1924 δὲ
851 1873 1060 1945 εἴρηται
1099 1877 1233 1947 πρὸς
1278 1881 1401 1943 τοὺς
1440 1880 1657 1944 αὐτούς·

1764 1886 1924 1955 igitur
1993 1888 2081 1943 bie
2149 1903 2365 1958 quoque
2414 1897 2796 1959 exasperantes
2843 1879 3119 1943 vocantur.
3169 1889 3305 1944 Dum

131 1974 146 2003 ι
171 1953 286 2018 Πῶς
313 1958 549 2028 ἐστράφη
576 1963 656 2024 εἰς
681 1963 901 2033 πικρίαν
931 1967 963 2034 ἡ
996 1966 1233 2035 ἄμπελος
1263 1970 1293 2038 ἡ
1326 1969 1577 2040 ἀλλοτρία
1601 1987 1614 2035 ;
1638 1991 1655 2020 ι

130 2048 347 2110 Εἰκότως
380 2050 552 2104 τοίνυν
584 2055 675 2107 καὶ
708 2056 940 2109 ἐνταῦθα
979 2059 1500 2130 παραπικραίνοντες
1529 2061 1661 2114 ὠνο-

131 2138 412 2207 μάσθησαν.
465 2142 558 2195 Ἐκ
614 2145 950 2217 παραλλήλου
1003 2148 1056 2200 δὲ
1127 2150 1497 2219 μνημονεύσας
1556 2151 1662 2204 τῶν

127 2227 282 2281 ὲθνῶν
308 2231 397 2283 καὶ
426 2232 522 2302 τῆς
555 2234 1056 2308 τούτωνσωτήρίας
1087 2242 1114 2292 ό
1168 2240 1337 2308 λόγος,
1369 2240 1660 2310 παράθεσιν

126 2316 219 2368 τῶν
255 2319 316 2370 ὲκ
344 2323 640 2392 περιτομῆς
684 2325 972 2394 πεποίηται
1007 2327 1171 2380 εἰπών
1194 2344 1205 2356 ·
1247 2347 1265 2378 ι
1306 2330 1365 2381 Oi
1396 2329 1660 2398 ὀφθαλμοὶ

126 2409 274 2460 αὑτοῦ
294 2410 382 2462 ἐπὶ
402 2409 468 2463 τά
493 2410 616 2484 ἔθνη
643 2413 1016 2468 ἐπιϐλέπουσιν
1035 2458 1048 2478 ,
1069 2419 1118 2469 οἱ
1141 2420 1658 2488 παραπικραίνοντες

129 2499 192 2568 μὴ
222 2499 560 2567 ὑψούσθωσαν
584 2504 642 2554 ὲν
663 2504 890 2566 ἑαυτοῖς.
919 2506 1218 2574 Εὑλογεῖτε,
1246 2508 1393 2578 ἔθνη,
1417 2509 1506 2560 τὸν
1529 2509 1658 2562 Θεὸν

128 2587 288 2655 ἡμῶν,
321 2591 408 2641 καὶ
450 2591 762 2646 ἀκουτίσατε
801 2595 896 2663 τὴν
928 2595 1105 2664 φωνὴν
1136 2598 1235 2666 τῆς
1264 2599 1518 2660 αἰνέσεως
1565 2599 1659 2651 αὑ-

128 2677 229 2730 τοῦ.
261 2697 278 2728 ι
314 2679 674 2763 ῌὺαγγελικὸν
711 2679 849 2737 εἶναι
876 2685 965 2738 τὸν
1002 2686 1206 2758 ψαλμὸν
1235 2689 1324 2741 καὶ
1370 2689 1656 2759 ἀρχόμενοι

125 2768 207 2820 τοῦ
233 2769 382 2838 λόγου
409 2776 782 2844 τετηρήκαμεν
805 2793 816 2805 ·
851 2776 877 2828 ὃ
899 2777 990 2830 καὶ
1016 2778 1081 2829 δι’
1101 2779 1221 2831 ὅλου
1249 2780 1342 2833 τοῦ
1369 2780 1536 2849 ὕφους
1563 2783 1658 2852 τῆς

128 2862 455 2938 προφητείας,
492 2865 836 2936 παρίσταται.
895 2868 1104 2921 Ἐκάλει
1141 2872 1236 2939 μὲν
1276 2871 1382 2941 γὰρ
1430 2873 1654 2943 ένάρχῇ

128 2951 288 3002 πᾶσαν
313 2952 407 3021 τὴν
436 2953 536 3021 γῆν
557 2970 570 2983 ·
601 2952 716 3009 εἶτα
742 2957 798 3009 ὲν
826 2957 902 3027 τῷ
945 2958 1142 3027 μεταξὺ
1183 2960 1397 3014 πλείονα
1424 2961 1652 3026 διδάξας,

129 3041 437 3113 σαφέστερον
466 3046 589 3113 περὶ
620 3045 726 3098 τῶν
759 3047 922 3099 ἐθνῶν
952 3053 1180 3102 ποιεῖται
1210 3053 1534 3121 προφητείαν
1567 3053 1652 3105 λέ-

126 3147 220 3196 γων
237 3149 249 3161 ⁸
278 3152 294 3182 ι
318 3137 378 3186 Oi
400 3133 663 3204 ὀφθαλμοὶ
687 3136 848 3188 αὐτοῦ
875 3139 964 3190 ἐπὶ
986 3140 1050 3193 τά
1078 3141 1199 3210 ἔθνη
1223 3141 1647 3194 ἐπιϐλέπουσιν.)

1763 1985 1942 2030 autem
1960 1993 2023 2032 ex
2050 1978 2275 2032 adverso
2297 1980 2532 2046 gentium
2556 1987 2610 2032 et
2639 1979 2830 2034 salutis
2860 1994 3044 2033 eorum
3072 1981 3321 2035 mentio‘

1761 2082 1880 2120 nem
1917 2081 2092 2120 sermo
2123 2065 2270 2131 facit,
2305 2068 2756 2134 comparationem
2803 2068 3028 2128 inducit,
3069 2085 3188 2123 cum
3239 2071 3306 2125 iis

1759 2155 1850 2224 qui
1874 2171 1940 2208 ex
1968 2156 2379 2210 circumcisione
2412 2162 2558 2219 sunt,
2589 2155 2773 2210 dicens
2801 2175 2813 2208 :
2845 2175 2862 2208 ι
2893 2156 3043 2212 Oculi
3061 2162 3178 2227 ejus
3211 2176 3305 2216 80-.

1760 2259 1853 2313 per
1881 2251 2064 2314 gentes
2099 2246 2410 2314 respiciunt,
2443 2247 2532 2316 qui
2561 2258 2882 2316 exasperant
2909 2263 3018 2302 non
3056 2252 3297 2306 exalten-

1759 2343 1848 2387 tur
1895 2335 1948 2387 in
1998 2337 2322 2404 semetipsis.
2371 2336 2699 2401 Benedicite,
2747 2345 2951 2408 gentes,
3006 2337 3172 2394 Deum
3211 2359 3304 2397 no-

1759 2434 1953 2489 strum,
1982 2433 2034 2479 et
2057 2425 2291 2479 auditam
2324 2426 2483 2482 facite
2504 2442 2688 2482 vocem
2712 2430 2895 2484 laudis
2909 2430 3046 2499 ejus.
3080 2450 3097 2481 ι
3127 2429 3302 2486 Evan-

1757 2514 1985 2582 gelicum
2019 2529 2138 2569 esse
2168 2516 2432 2583 psalmum
2462 2516 2570 2585 jam
2621 2516 2722 2571 sub
2760 2517 2970 2572 initium
2994 2520 3302 2575 observavi-

1757 2620 1910 2658 mus:
1938 2605 2083 2674 quod
2111 2607 2272 2660 etiam
2303 2622 2368 2659 ex
2400 2614 2511 2659 tota
2550 2608 2845 2676 prophetiae
2886 2611 3023 2663 serie
3049 2625 3312 2679 compro--

1756 2698 1933 2752 batur.
1982 2696 2115 2750 Nam
2168 2697 2321 2750 initio
2369 2711 2579 2751 omnem
2641 2706 2840 2752 terram
2891 2702 3296 2768 compellabat:

1755 2789 2053 2858 deindeque
2081 2787 2233 2858 plura
2278 2788 2501 2855 docens,
2537 2789 2740 2844 clarius
2771 2790 2836 2846 de
2865 2792 3112 2861 gentibus
3159 2795 3298 2846 vati-

1756 2882 1970 2946 cinatur
2014 2879 2241 2934 dicens:
2282 2898 2300 2930 ι
2332 2879 2486 2936 Oculi
2525 2882 2641 2950 ejus
2688 2898 2849 2952 super
2899 2891 3084 2952 gentes
3122 2885 3296 2951 respi-

1755 2974 1926 3028 ciunt.
1959 2992 1977 3024 ι
2018 2971 2146 3028 Post
2188 2972 2499 3042 hujusmodi
2556 2973 2734 3043 itaque
2781 2974 3077 3044 doctrinam
3113 2990 3298 3029 conse-

1755 3072 1982 3133 quenter
2019 3064 2273 3119 omnibus
2320 3065 2594 3134 gentibus,
2628 3072 2812 3132 utpote
2835 3079 2953 3134 qua:
2986 3078 3147 3134 supra
3185 3078 3298 3140 me-

1756 3161 1963 3207 morata
1998 3153 2360 3213 edidicerunt,
2388 3160 2442 3206 et
2476 3152 2601 3205 hinc
2643 3154 2925 3207 utilitatem
2955 3161 3127 3206 nacta:
3149 3140 3296 3219 sunt,

125 3222 261 3276 Μετά
285 3225 344 3295 δὴ
366 3221 458 3278 οὖν
484 3225 580 3295 τὴν
602 3226 802 3280 τούτων
829 3228 1167 3284 διδασκαλίαν
1195 3233 1495 3295 ἀκολούθως
1522 3235 1651 3285 πᾶσι

1757 3246 1994 3314 praecipit
2021 3253 2079 3298 ut
2102 3252 2180 3298 tot
2208 3244 2585 3297 miraculorum
2614 3243 3040 3312 terribiliumque
3072 3259 3295 3313 operum

122 3313 220 3372 τοῖς
247 3312 478 3377 ἔθνεσιν,
515 3313 591 3378 ὡς
634 3313 697 3365 ἂν
727 3315 1090 3385 ὠφελημένοις
1137 3321 1202 3371 ὲκ
1234 3320 1325 3372 τοῦ
1371 3338 1652 3391 προμεμα-

124 3399 326 3469 θηκέναι
371 3404 439 3456 τὰ
483 3404 842 3474 προλεχθέντα
870 3445 884 3470 ,
947 3407 1181 3476 εὐλογεῖν
1229 3409 1334 3461 τῶν
1386 3410 1652 3465 τοσούτων

125 3490 393 3562 θαυμάτων
419 3495 524 3548 τῶν
551 3512 611 3548 τε
655 3496 898 3568 φοϐερῶν
928 3497 1102 3568 ἔργων
1141 3502 1365 3570 ποιητὴν
1409 3518 1647 3571 παρακε-

121 3580 313 3637 λεύεται
334 3584 503 3653 λέγων
522 3603 534 3615 ·
570 3605 588 3638 ι
617 3587 916 3656 Εὑλογεῖτε,
947 3590 1069 3660 ἔθνη
1090 3628 1104 3653 ,
1139 3590 1227 3642 τὸν
1259 3590 1389 3643 Θεὸν
1415 3592 1586 3661 ήμῶν.
1627 3614 1644 3644 ι

123 3674 202 3743 Μὴ
226 3675 328 3746 γὰρ
355 3678 480 3741 τοὺς
510 3680 823 3750 ὑμετέρους,
853 3682 1002 3752 φησι,
1034 3683 1158 3744 τοὺς
1191 3683 1355 3737 πάλαι
1377 3684 1649 3753 πεπλανη-

124 3764 281 3830 μένως
302 3766 679 3838 νομιζομένους
707 3770 886 3833 θεοὺς,
916 3772 1047 3825 άλλά
1070 3772 1158 3825 τὸν
1191 3773 1469 3843 ἡμέτερον,
1502 3773 1562 3826 ὃν
1589 3767 1659 3827 ὲκ

123 3856 349 3926 πατέρων
391 3862 548 3929 ἡμεῖς
575 3849 1018 3932 έπεγραψάμεθα,
1049 3863 1233 3916 τοῦτον
1266 3864 1475 3931 γνόντες
1513 3860 1648 3918 εἶναι

122 3942 198 3996 τὸν
241 3946 482 4016 ἀληθινὸν
513 3949 661 4004 Θεόν.
709 3952 820 4005 Νῦν
845 3953 993 4020 γοῦν,
1023 3955 1072 4004 εί
1117 3955 1209 4006 καὶ
1253 3954 1326 4024 μὴ
1370 3955 1648 4024 πρότερον,

120 4035 203 4086 καὶ
250 4037 400 4105 ὑμεῖς
450 4041 735 4109 εὐλογεῖτε.
788 4043 1167 4113 Εὑφημοῦντες
1213 4045 1267 4096 δὲ
1315 4046 1496 4110 αὐτὸν,
1558 4049 1650 4101 καὶ

120 4124 441 4193 εὐλογοῦντες
478 4130 553 4193 ὼς
594 4132 748 4200 μόνον
781 4133 1026 4203 ἀληθινὸν
1070 4135 1162 4187 καὶ
1197 4136 1369 4189 κοινὸν
1399 4138 1648 4192 ἁπάντων

120 4211 258 4280 ἡμῶν
287 4232 343 4266 τε
386 4217 475 4269 καὶ
501 4218 650 4287 ὑμῶν
683 4219 814 4273 Θεὸν
840 4261 853 4286 ,
890 4222 961 4292 μὴ
1008 4211 1428 4294 σεσιωπημένως
1452 4266 1465 4291 ,
1517 4227 1650 4297 μηδὲ

120 4303 310 4374 ἠρεμέα
340 4306 453 4376 (sic)
497 4311 562 4378 τῇ
596 4312 740 4380 φωνῇ
795 4310 950 4365 τοῦτο
1003 4313 1299 4382 πράττετε·
1335 4317 1430 4369 σὺν
1480 4315 1645 4386 πολλῇ

118 4390 165 4442 δὲ
194 4397 463 4469 παρρησίᾳ
515 4399 604 4452 καὶ
643 4399 870 4471 θάρσει,
910 4407 1106 4471 φωναῖς
1142 4421 1201 4456 τε
1248 4408 1502 4473 γεγωνοῖς
1553 4388 1646 4459 καὶ

1755 3337 2012 3389 artiﬁcem
2052 3335 2387 3390 benedicant.
2450 3352 2468 3382 ι
2502 3333 2824 3398 Benedicite,
2872 3335 3066 3403 inquit,
3109 3346 3296 3404 gentes

1753 3424 1919 3479 Deum
1957 3431 2220 3478 nostrum.
2257 3444 2276 3475 ι
2307 3422 2421 3476 Non
2454 3424 2730 3492 pristinos,
2763 3425 2857 3488 ait,
2889 3433 3120 3487 vestros,
3158 3433 3296 3494 quos

1751 3514 1882 3568 deos
1909 3527 2029 3567 esse
2053 3519 2300 3566 errantes
2330 3514 2638 3581 putabatis;
2685 3514 2778 3567 sed
2821 3521 3090 3578 nostrum,
3130 3531 3292 3582 quem

1752 3606 1820 3658 ab
1847 3605 1959 3660 avis
1994 3619 2163 3674 usque
2203 3606 2404 3660 nostris
2434 3604 2600 3659 Deum
2649 3605 3021 3672 ascripsimus,
3060 3606 3294 3660 scientes

1752 3694 1897 3747 hunc
1937 3709 2120 3747 verum
2162 3709 2283 3750 esse
2329 3693 2516 3749 Deum.
2569 3693 2720 3747 Nunc
2747 3694 2926 3762 igitur,
2984 3695 3194 3749 etiamsi
3239 3695 3292 3750 id

1751 3786 1903 3854 prius
1926 3799 2032 3838 non
2066 3784 2322 3850 feceritis,
2352 3801 2447 3839 vos
2468 3800 2679 3852 quoque
2714 3784 3029 3839 benedicite.
3063 3783 3292 3840 Benedir-

1751 3883 1933 3929 centes
1962 3882 2140 3930 autem
2164 3883 2218 3929 et
2253 3876 2534 3929 laudantes
2565 3876 2712 3928 illum
2745 3883 2802 3927 ut
2831 3876 3002 3930 solum
3027 3892 3208 3930 verum
3240 3887 3293 3931 et

1750 3978 2088 4018 communem
2137 3967 2378 4016 omnium
2422 3970 2530 4014 tam
2575 3971 2819 4016 nostrum
2852 3973 3012 4031 quam
3052 3968 3290 4017 vestrum

1751 4053 1937 4116 Deum,
1987 4067 2055 4107 ne
2098 4053 2284 4116 tacite,
2325 4067 2430 4107 neu
2460 4051 2694 4107 demissa
2735 4067 2867 4105 voce
2901 4052 2954 4106 id
2996 4053 3163 4121 agite;
3195 4052 3291 4106 sed

1749 4157 1870 4196 cum
1920 4142 2087 4194 multa
2132 4142 2326 4195 ﬁducia
2370 4150 2424 4196 et
2472 4142 2814 4201 conﬁdentia,
2857 4141 2964 4211 alta
2997 4155 3127 4194 voce
3173 4155 3288 4194 ma-

1746 4231 1972 4300 gnisque
2021 4230 2347 4284 clamoribus
2408 4230 2659 4294 utimini,
2712 4239 2770 4281 ut
2827 4223 3013 4282 laudes
3061 4243 3091 4281 a
3141 4228 3292 4284 vobis

1747 4317 1856 4372 Deo
1904 4319 2117 4373 emissa:
2164 4320 2326 4374 etiam
2363 4319 2430 4374 ab
2476 4319 2745 4374 extraneis
2791 4318 3098 4382 audiantur,
3142 4318 3288 4387 quod

1746 4410 1906 4463 etiam
1969 4407 2221 4463 Servatur
2284 4408 2370 4463 his
2427 4409 2604 4463 verbis
2667 4407 3011 4463 declarabat:
3083 4426 3100 4459 ι
3131 4408 3289 4474 Quod

119 4481 250 4584 θοαῖς
289 4490 557 4559 χρήσασθε
606 4494 895 4563 μεγάλαις·
949 4495 1024 4557 ὡς
1064 4495 1155 4546 καὶ
1198 4498 1307 4558 τοῖς
1349 4497 1643 4568 ἀλλοτρίοις

1757 4499 1868 4554 dico
1913 4499 2068 4553 vobis
2104 4500 2158 4552 in
2186 4498 2446 4564 tenebris,
2486 4498 2647 4552 dicite
2686 4499 2739 4550 in
2778 4499 3001 4563 lumine,
3050 4509 3102 4554 et
3145 4499 3317 4568 quod

119 4573 384 4631 ἀκούεσθαι
438 4582 536 4651 τὴν
584 4584 1039 4656 ἀναπεμπομένην
1097 4588 1174 4648 εἰς
1205 4585 1334 4639 Θεὸν
1365 4588 1450 4653 ὑφ’
1493 4588 1643 4657 ὑμῶν

1757 4592 1802 4643 in
1839 4605 1968 4643 aure
2015 4590 2230 4648 auditis,
2285 4588 2570 4658 praedicate
2613 4603 2773 4658 super
2815 4598 2956 4644 tecta
2979 4591 3042 4642 ⁸⁵.
3074 4609 3092 4641 ι
3153 4589 3287 4642 Huic

118 4665 325 4720 αῖνεσιν·
355 4670 381 4722 ὃ
404 4670 467 4741 δὴ
505 4673 596 4724 καὶ
619 4675 648 4725 ό
678 4675 862 4745 Σωτὴρ
901 4677 1083 4746 ἐδήλου
1127 4676 1324 4744 λέγων’
1357 4694 1374 4726 t
1421 4679 1483 4729 Ὀ
1504 4676 1644 4745 λέγω

1757 4681 1912 4751 igitur
1965 4680 2247 4744 sententiae
2310 4677 2464 4732 aliine
2519 4679 2623 4733 hoc
2681 4679 2884 4734 dictum
2956 4690 3038 4735 est
3091 4699 3104 4734 :
3164 4699 3181 4731 ι
3223 4678 3285 4731 Et

117 4754 227 4824 ὑμῖν
251 4760 306 4810 ὲν
323 4764 386 4830 τῇ
413 4763 599 4834 σκοτίᾳ
622 4762 807 4817 εἴπατε
830 4768 887 4817 ὲν
907 4767 983 4837 τῷ
1009 4769 1162 4836 φωτὶ,
1193 4769 1284 4821 καὶ
1310 4767 1337 4819 ὃ
1367 4769 1443 4830 εἰς
1472 4766 1530 4820 τὸ
1553 4764 1642 4831 οῦς

1757 4771 1980 4826 auditam
2013 4769 2193 4823 'facite
2239 4785 2420 4824 vocem
2456 4771 2631 4826 laudis
2659 4771 2811 4840 ejus;
2855 4790 2874 4821 ι
2917 4773 3049 4835 sive,
3086 4785 3283 4825 secun-

116 4845 339 4930 άκούετε,
367 4853 664 4922 κηρύσσετε
688 4857 905 4909 ἐπὶτῶν
939 4858 1217 4929 δωμάτων.
1253 4879 1270 4910 ι
1309 4858 1520 4929 Ταύτης
1548 4855 1639 4912 οὖν

1757 4864 1871 4917 ium
1906 4859 2285 4929 Symmachum
2321 4879 2335 4914 :
2374 4879 2392 4912 ι
2421 4862 2668 4916 Auditam
2700 4859 2860 4914 facite
2886 4876 3069 4914 vocem
3100 4859 3286 4930 hymni

113 4929 273 5000 ἔχεται
304 4941 399 5008 τῆς
430 4941 663 5006 διανοίας
691 4945 751 4996 τὸ
788 4945 991 5012 φάσκον
1039 4947 1241 5016 λόγιον·
1292 4968 1309 4999 t
1344 4949 1452 4999 Kal.
1477 4949 1635 5002 ἀκου-

1757 4955 1878 5021 ejus.
1919 4969 1938 5000 ι
1979 4951 2159 5003 Mirari
2194 4965 2356 5020 porro
2379 4953 2526 5005 subit
2557 4952 2648 5019 qui
2697 4950 2948 5021 impletus
2980 4951 3067 5004 hic
3105 4929 3284 5006 sermo

114 5021 276 5075 τίσατε
306 5027 402 5096 τὴν
434 5029 612 5099 φωνὴν
635 5032 732 5100 τῆς
757 5033 1010 5097 αἰνέσεως
1038 5036 1228 5088 αὐτοῦ·
1269 5056 1287 5088 ι
1322 5037 1354 5105 ἢ
1389 5037 1527 5089 κατά
1551 5037 1638 5089 τὸν

1757 5038 1925 5100 :‘uerit,
1952 5037 2165 5106 quando
2194 5054 2288 5107 per
2322 5041 2630 5115 universum
2662 5040 2866 5101 orbem,
2896 5041 2947 5091 in
2969 5040 3159 5095 mediis
3191 5059 3282 5095 ur—

115 5111 398 5184 Σύμμαχον·
426 5136 442 5167 ι
467 5117 811 5182 Ἐξάκουστον
834 5128 1030 5178 ποιεῖτε
1045 5127 1141 5196 τὴν
1159 5127 1336 5197 φωνὴν
1359 5126 1449 5178 τοῦ
1473 5127 1640 5196 ῦμνου

1757 5130 1921 5190 bibus,
1960 5129 2013 5180 iu
2038 5129 2288 5193 vicis,-iu
2331 5130 2471 5198 agris
2518 5111 2613 5197 per
2658 5130 2935 5184 universas
2977 5128 3069 5185 Dei
3102 5131 3284 5186 Eccle-

114 5200 277 5256 αὑτοῦ.
303 5225 319 5256 ι
355 5205 634 5278 Θάυμάσαι
658 5210 714 5262 δὲ
744 5212 855 5265 ἐστι
888 5215 980 5267 τοῦ
1009 5216 1162 5285 λόγου
1191 5219 1249 5270 τὸ
1279 5218 1638 5287 ἀποτέλεσμα,

1757 5219 1880 5283 sias,
1911 5216 2115 5273 Christi
2145 5219 2329 5288 populi
2370 5234 2436 5273 ex
2477 5220 2748 5274 universis
2779 5219 3026 5288 gentibus
3065 5221 3279 5285 delecti,

114 5290 188 5343 ὅτε
232 5297 344 5358 καθ’
370 5298 493 5368 ὅλης
542 5301 640 5370 τῆς
670 5301 966 5371 ἀνθρώπων
989 5308 1327 5380 οἰκουμένης,
1361 5309 1417 5360 ὲν
1452 5309 1644 5378 μέσαις

1757 5310 1978 5378 hymnos
1998 5320 2052 5361 et
2085 5309 2342 5376 psalmos,
2377 5323 2484 5362 non
2510 5310 2697 5378 patriis
2731 5308 2837 5362 diis
2858 5346 2873 5370 ,
2915 5324 3021 5363 non
3058 5308 3150 5363 Dei
3179 5309 3284 5361 ini-

1749 5397 1904 5452 micis
1923 5397 2293 5464 daamonibus;
2324 5399 2416 5454 sed
2444 5400 2535 5472 uni
2574 5397 2681 5452 Deo
2725 5394 3060 5468 a‘prophetis
3095 5399 3282 5469 praedi-

1751 5496 1892 5555 cato,
1921 5489 2028 5543 alta
2059 5492 2312 5545 emittunt
2341 5505 2489 5554 voce,
2518 5490 2590 5543 ita
2631 5498 2688 5543 ut
2713 5491 3052 5559 psallentium
3070 5504 3170 5545 vox
3197 5497 3291 5577 vel‘

114 5388 217 5448 ταῖς
258 5390 453 5453 πόλεσι,
488 5391 544 5444 ἐν
584 5409 642 5443 τε
694 5392 902 5463 κώμαις
940 5397 1032 5448 καὶ
1063 5398 1263 5468 χώραις
1296 5398 1432 5452 κατὰ
1469 5399 1644 5463 πάσας

112 5475 198 5537 τὰς
219 5479 527 5552 Ἐκκλησίας
549 5483 639 5538 τοῦ
655 5484 809 5550 Θεοῦ,
828 5487 876 5538 oi
897 5487 987 5538 τοῦ
1003 5489 1237 5559 Χριστοῦ
1255 5492 1370 5545 λαοὶ
1394 5490 1450 5563 ἐξ
1474 5491 1645 5544 ἀπάν-

149 5654 596 5736 οδῗξὶκειίιικιιῷ.
668 5663 870 5736 f’lbid.
913 5665 964 5720 5.
1041 5667 1243 5722 “Ibid.
1295 5668 1342 5720 7.
1419 5668 1626 5725 "Psal.

1757 5709 1764 5733 ,
1799 5669 1887 5724 35.
1961 5669 2005 5700 "
2038 5645 2170 5724 Ibid.
2225 5667 2310 5724 45.
2389 5668 2431 5700 ⁸³
2459 5666 2611 5723 Deut.
2654 5664 2932 5732 “311,32.
3011 5667 3052 5698 “
3081 5666 3292 5730 .leremg.

119 5736 174 5799 It.
197 5728 279 5780 2i.
353 5730 396 5760 "
423 5730 607 5788 Matth.
643 5728 694 5800 τ’,
716 5734 802 5788 27.
1033 5772 1038 5776 -
