3966 6340
685 449 782 504 ΰδθ

1406 451 1679 508 eusesu
1713 451 2192 509 cmsaurmsus
2223 453 2370 512 opp.
2412 456 2593 513 psus
2632 457 2719 511 ιιι.
2759 485 2830 498 -
2860 454 3269 510 EXEGE'I'ICA.
3791 459 3870 513 csa

685 567 749 624 ab
793 567 860 625 iis
898 568 992 637 qui
1035 567 1166 623 loris
1204 570 1511 626 consistunt
1559 573 1848 639 audiatur;
1883 582 1940 626 ut
1992 589 2229 644 praesens

2338 594 2434 629 των
2499 577 2605 628 τῶν
2668 574 2836 629 ἐθνῶν
2897 574 3316 643 συνειλεγμένοι,
3371 573 3498 636 τοὺς
3551 572 3747 643 ὕμνους
3800 582 3867 629 καὶ

685 675 859 715 sermo
907 675 1066 730 Opere
1115 661 1494 730 compleatur:
1534 682 1550 710 ι
1592 661 1940 729 Benedicite,
1997 674 2184 736 gentes
2214 706 2228 729 ,

684 748 848 804 Deum
889 760 1174 817 nostrum,
1218 760 1273 807 et
1309 753 1546 808 auditam
1609 754 1769 809 facite
1826 770 2010 810 vocem
2061 757 2235 813 laudis

683 842 814 910 ejus.
857 861 874 892 ι
905 843 1135 896 Additur
1157 847 1345 913 poStea
1375 862 1388 897 :
1423 861 1441 920 ι
1472 842 1572 908 Qui
1593 845 1771 914 posuit
1801 846 2035 899 animam
2061 860 2236 901 meam

682 932 740 985 ad
800 932 1001 996 vitam,
1037 938 1092 988 et
1142 949 1248 987 non
1297 932 1443 988 dedit
1497 935 1551 988 in
1604 936 2019 991 commotionem
2070 937 2235 1006 pedes

681 1037 843 1076 meos.
891 1043 909 1075 ι
949 1021 1056 1089 Pro
1090 1022 1183 1083 illo
1213 1031 1417 1086 autem,
1455 1043 1474 1075 ‹
1512 1026 1752 1080 animam
1777 1041 1973 1091 meam,
1998 1027 2233 1082 animam

682 1123 944 1178 nostram,
989 1134 1006 1166 ι
1055 1114 1249 1183 reliqui
1311 1131 1500 1172 omnes
1549 1117 1872 1186 interpretes
1909 1118 2230 1192 ediderunt:

681 1216 740 1255 ac
774 1218 988 1258 rursum
1020 1218 1117 1273 pro
1144 1202 1252 1271 illo,
1290 1223 1308 1254 ι
1351 1205 1514 1274 pedes
1546 1222 1720 1274 meos,
1768 1209 1935 1287 pedes
1955 1218 2172 1266 nostros
2211 1231 2230 1264 ι

678 1294 804 1348 item
833 1309 1022 1349 omnes
1054 1297 1390 1365 interpretati
1425 1306 1572 1351 sunt.
1604 1297 1722 1353 Non
1754 1307 1994 1363 tantum,
2028 1301 2233 1372 inquit,

681 1397 776 1451 pro
807 1384 1047 1452 antiquis
1081 1385 1188 1439 illis
1234 1385 1323 1439 Dei
1378 1388 1655 1456 operibus,
1685 1404 1806 1458 qua:
1853 1407 2017 1461 supra
2050 1392 2235 1448 decla-

683 1483 798 1528 rata
833 1485 983 1537 sunt,
1022 1477 1278 1546 hymnum
1321 1479 1424 1546 ipsi
1461 1488 1511 1535 et
1542 1481 1730 1537 laudes
1757 1485 2018 1551 emittite;
2053 1485 2146 1541 sed
2168 1487 2238 1541 ob

681 1565 938 1620 beneficia
992 1569 1150 1623 nobis
1195 1569 1346 1638 ipsis,
1379 1571 1472 1640 qui
1515 1572 1644 1626 talia
1691 1573 1984 1644 loquimur,
2021 1578 2233 1633 collata.

681 1655 1120 1723 Quandoquidem
1160 1662 1303 1716 enim
1338 1663 1501 1732 pedes
1535 1673 1772 1731 nostros,
1813 1667 1967 1723 valde
2011 1685 2237 1724 curren—

681 1753 784 1809 tes,
836 1758 1017 1819 utpote
1052 1751 1143 1819 qui
1188 1753 1341 1808 vobis
1395 1756 1649 1812 omnibus
1697 1760 1947 1828 gentibus
2000 1763 2237 1818 salutare

682 1836 1034 1909 Evangelium
1085 1843 1466 1912 praedicamus,
1523 1848 1869 1915 confortavit,
1909 1861 1977 1907 et-
2007 1853 2061 1906 in
2113 1855 2237 1909 vitae

2336 667 2434 732 τὰς
2485 668 2820 739 ψαλμῳδίας,
2850 668 2950 720 οὐκ
2993 668 3082 720 ἐπὶ
3111 668 3220 730 τοῖς
3271 663 3544 736 πατρῴοις
3589 664 3745 730 Θεοῖς,
3777 670 3867 721 οὐδέ

2335 761 2446 825 τοῖς
2501 761 2786 831 θεομάχοις
2836 759 3071 830 δαίμοσι,
3105 758 3250 830 μόνῳ
3269 758 3324 810 δὲ
3348 756 3424 826 τῷ
3450 756 3600 826 παρὰ
3633 758 3739 822 τοῖς
3770 776 3867 826 πρό

2336 856 2534 924 φήταις
2594 851 2993 922 θεολογουμένῳ
3043 851 3182 922 μετὰ
3229 851 3470 921 μεγάλης
3526 849 3867 918 ἀναπέμπουσι

2340 945 2488 1015 βοῆς,
2511 944 2586 1008 ὡς
2616 945 2843 1008 καὶτοῖς
2867 945 3021 1008 ἐκτὸς
3048 943 3272 997 ἑστῶσιν
3297 943 3619 1009 ἐξάκουστον
3643 935 3872 993 εἶναιτῶν

2335 1035 2640 1106 ψαλλόντων
2687 1036 2785 1107 τὴν
2836 1038 3016 1108 φωνήν
3037 1055 3048 1066 ·
3083 1036 3229 1108 ἔργῳ
3259 1033 3633 1105 πληρουμένου
3685 1032 3768 1086 τοῦ
3794 1034 3873 1102 φά-

2339 1146 2555 1189 σκοντος
2588 1127 2821 1181 ἐνταῦθα
2853 1128 3059 1196 λογίου·
3095 1148 3112 1179 ι
3146 1127 3452 1194 Εὐλογεῖτε,
3483 1125 3633 1194 ἔθνη,
3656 1125 3742 1178 τὸν
3769 1126 3873 1178 Θεὸν

2337 1218 2513 1290 ἡμῶν,
2546 1220 2639 1270 καὶ
2671 1218 2989 1270 ἀκουτίσατε
3031 1217 3129 1288 τὴν
3177 1218 3359 1285 φωνὴν
3391 1215 3490 1284 τῆς
3530 1214 3777 1299 αἰνέσεως
3801 1215 3876 1267 αὐ-

2335 1308 2449 1361 τοῦ.
2483 1328 2499 1360 ι
2539 1305 2652 1362 Εἴθ’
2681 1309 2808 1380 ἑξῆς
2835 1309 3125 1379 συνῆπται*
3168 1326 3186 1358 ι
3217 1307 3324 1361 Τοῦ
3354 1306 3580 1376 θεμένου
3611 1304 3704 1374 τὴν
3729 1304 3876 1375 ψυχήν

2341 1416 2440 1469 μου
2482 1402 2563 1464 είς
2612 1399 2777 1470 ζωὴν,
2805 1399 2900 1454 καὶ
2935 1398 3010 1470 μὴ
3036 1398 3218 1462 δόντος
3258 1392 3336 1461 είς
3374 1397 3532 1451 σάλον
3577 1398 3700 1459 τοὺς
3737 1397 3876 1457 πόδας

2340 1509 2459 1562 μου.
2474 1509 2492 1543 ι
2513 1491 2657 1544 Ἀντὶ
2679 1490 2737 1543 δὲ
2757 1489 2872 1555 τοῦ,
2897 1509 2915 1541 ι
2934 1491 3032 1561 τὴν
3046 1490 3221 1560 ψυχήν
3242 1488 3474 1560 μου,τὴν
3494 1489 3670 1559 ψυχὴν
3697 1487 3871 1557 ἡμῶν,›

2337 1580 2384 1630 oi
2412 1579 2585 1632 λοιποὶ
2616 1579 2816 1651 πάντες
2846 1579 3174 1650 ἑρμηνευταὶ
3206 1578 3562 1632 έκδεδὼκασι·
3624 1579 3713 1632 καὶ
3743 1578 3875 1631 πάλιν

2338 1671 2475 1733 ἀντὶ,
2516 1690 2533 1723 ι
2554 1672 2678 1736 τοὺς
2699 1671 2860 1734 πόδας
2879 1689 3000 1743 μου,
3034 1671 3159 1733 τοὺς
3189 1670 3350 1732 πόδας
3384 1670 3560 1740 ἡμῶν,
3584 1689 3602 1720 ι
3640 1669 3820 1740 ὁμοίως
3840 1673 3876 1720 oi

2339 1764 2536 1826 πάντες
2573 1764 2945 1835 ἡρμήνευσαν.
2979 1763 3070 1834 Μὴ
3097 1760 3206 1833 γὰρ
3238 1764 3328 1815 ἐπὶ
3355 1765 3464 1825 τοῖς
3500 1763 3764 1825 παλαιοῖς,
3790 1779 3875 1830 φη·-

2342 1855 2415 1917 σὶ,
2449 1856 2626 1926 μόνοις
2659 1855 2841 1925 ἔργοις
2867 1854 2960 1907 τοῦ
2989 1853 3144 1917 Θεοῦ,
3171 1853 3206 1907 ἃ
3226 1853 3313 1906 διὰ
3331 1853 3439 1906 τῶν
3461 1853 3760 1924 ἔμπροσθεν
3781 1853 3878 1922 ὲδη-

680 1928 913 1992 delluxu,
973 1934 1158 1988 obices
1202 1949 1481 2002 amovens,
1539 1941 1775 1993 servavit
1833 1943 2236 2012 inconcussos;

2339 1948 2514 2009 λοῦτο,
2554 1947 2643 1999 τὸν
2671 1945 2838 2016 ὕμνον
2860 1945 3006 2016 αὐτῷ
3032 1945 3125 1996 καὶ
3153 1944 3251 2008 τὰς
3278 1944 3509 2008 αἰνέσεις
3539 1945 3876 2015 ἀναπέμπετε·

680 2022 973 2092 multisque
1011 2025 1206 2080 animae
1260 2037 1462 2084 nostra:
1505 2029 1912 2098 insidiantibus,
1956 2039 2072 2104 ipse
2117 2038 2236 2106 ejus

685 2121 930 2167 servator
963 2122 1016 2169 et
1037 2126 1223 2177 custos
1259 2117 1360 2172 fuit
1389 2137 1402 2173 :
1437 2135 1626 2176 eorum
1679 2121 1860 2193 itaque
1895 2126 2065 2195 gratia
2100 2144 2118 2176 ι
2146 2127 2239 2183 be-

681 2202 930 2268 nedicite,
955 2215 1164 2275 gentes,
1194 2207 1365 2265 Deum
1394 2221 1666 2282 nostrum,
1694 2224 1748 2271 et
1786 2217 2025 2273 auditam
2076 2219 2238 2289 facite

681 2307 863 2349 vocem
893 2296 1065 2353 laudis
1095 2299 1234 2370 ejus.
1275 2320 1293 2354 ι
1328 2299 1453 2358 Haec
1484 2319 1649 2374 porro
1678 2322 1743 2360 ex
1773 2324 2006 2377 persona
2034 2326 2238 2381 praeco-

679 2402 807 2444 num
859 2388 1132 2461 Evangelii
1178 2394 1466 2451 manifeste
1511 2399 1768 2466 praedicta
1803 2412 1950 2466 sunt,
2003 2395 2235 2474 quorum

681 2497 896 2537 cursum
923 2483 1227 2553 pedumque
1260 2486 1512 2543 virtutem
1549 2490 1738 2556 Isaias,
1765 2493 1874 2549 imo
1895 2497 2074 2564 potius
2113 2497 2234 2569 Spi-

683 2575 820 2627 ritus
870 2582 1092 2628 sanctus
1148 2591 1242 2645 per
1292 2577 1469 2647 ipsum
1516 2581 1822 2647 declarans,
1884 2586 2238 2643 mirabundus

683 2662 1015 2718 acclamabat
1051 2685 1064 2718 :
1102 2683 1119 2716 ι
1157 2665 1328 2732 Quam
1375 2670 1602 2739 speciosi
1658 2672 1823 2741 pedes
1864 2657 2239 2746 evangelizan-

682 2755 811 2807 tium
860 2753 1020 2821 bona,
1047 2759 1533 2828 evangelizantium
1570 2777 1756 2833 pacem
1781 2765 1864 2819 εει
1899 2787 1916 2818 ›
1970 2767 2236 2834 Quoniam

682 2841 844 2917 igitur
885 2848 1072 2904 multis
1125 2849 1401 2908 laboribus
1426 2852 1716 2922 perfuncti,
1745 2864 1799 2911 et
1837 2858 1906 2912 ab
1941 2859 2239 2917 incredulis

681 2938 928 3007 gentibus
971 2941 1312 2996 vexationem
1340 2982 1355 3005 ,
1402 2947 1639 3009 vincula,
1684 2963 1934 3006 carceres
1983 2961 2037 3006 et
2081 2968 2240 3009 omne

682 3027 999 3082 insidiarum
1045 3047 1214 3099 genus
1254 3038 1516 3104 perpessi,
1576 3038 1941 3098 immutabiles
1988 3043 2239 3112 perman-

681 3133 828 3184 sere;
860 3118 983 3188 jure
1012 3135 1135 3174 eum
1167 3123 1258 3191 qui
1299 3124 1431 3193 ipsis
1473 3126 1617 3182 vires
1656 3129 1959 3194 addiderat,
1995 3134 2086 3202 qui
2123 3136 2240 3187 ani-

681 3223 822 3261 mam
849 3209 1090 3280 ipsorum
1117 3212 1182 3266 ad
1212 3214 1376 3269 vitam
1419 3219 1772 3283 custodierat,
1807 3232 1864 3275 ut
1893 3239 1961 3277 ne
2008 3225 2062 3278 in
2112 3241 2236 3294 pec-

681 3300 788 3354 cati
819 3309 1046 3357 mortem
1077 3303 1382 3375 laberetur;
1417 3309 1506 3379 qui
1541 3311 1704 3379 pedes
1731 3312 1915 3369 ﬁrmos
1937 3322 2232 3378 statuerat,

682 3409 749 3448 ne
775 3396 1213 3463 commotionem,
1247 3415 1350 3455 neu
1381 3401 1591 3472 lapsum
1638 3405 1721 3458 vel
1753 3405 1965 3458 ruinam
1995 3415 2244 3476 patereno

683 3490 790 3548 tur,
822 3500 1010 3542 omnes
1061 3497 1249 3558 gentes
1287 3491 1607 3547 benedicere
1638 3493 1852 3562 jubent,
1900 3503 1954 3551 et
2001 3498 2239 3552 auditam

681 3575 860 3630 facere
896 3591 1081 3631 vocem
1124 3579 1300 3635 laudis
1330 3582 1487 3651 ejus;
1520 3599 1626 3636 non
1657 3593 1864 3639 tantum
1900 3593 1997 3658 p’ro
2024 3589 2241 3643 mirabi-

683 3667 826 3723 libus
885 3669 1331 3740 terribilibusque
1381 3672 1486 3728 illis
1536 3677 1775 3747 antiquis
1820 3679 2114 3749 operibus;
2146 3681 2238 3735 sed

680 3760 843 3814 etiam
872 3777 970 3831 pro
1006 3764 1315 3824 recentibus
1345 3766 1653 3832 beneﬁciis,
1690 3770 1845 3838 queis
1883 3771 2120 3825 animam
2148 3787 2241 3825 eo-

685 3869 803 3907 rum
830 3856 923 3924 qui
950 3856 1074 3914 talia
1107 3857 1458 3927 loquerentur
1501 3860 1566 3914 ad
1606 3863 1772 3916 vitam
1810 3864 2028 3934 posuit,
2066 3879 2240 3933 neque

681 3943 826 4022 dedit
847 3944 900 3997 in
933 3948 1348 4002 commotionem
1372 3949 1537 4020 pedes
1561 3951 1820 4022 ipsorum.
1844 3952 2022 4019 Quare
2046 3969 2240 4009 secun-

681 4020 810 4086 dum
839 4028 1221 4102 Symmachum
1248 4038 1529 4106 pluraliter
1555 4020 1756 4096 dicitur
1782 4061 1795 4096 :
1836 4061 1852 4092 ι
1878 4041 1982 4108 Qui
2017 4044 2238 4098 ordina-

683 4125 760 4176 vit
801 4126 1036 4205 animam
1074 4136 1317 4184 nostram
1361 4130 1429 4186 ad
1482 4133 1673 4200 vitam,
1725 4144 1780 4189 et
1818 4150 1929 4189 non
1953 4133 2102 4190 dedit
2133 4135 2240 4192 labi

683 4214 1137 4297 pedes..nostrus..
1159 4240 1179 4273 ι
1631 4228 1636 4233 ’
1699 4293 1705 4297 _
1761 4230 1763 4232 ’

2338 2039 2470 2094 ἀλλὰ
2503 2040 2595 2093 καὶ
2625 2039 2713 2092 διὰ
2739 2039 2835 2102 τὰς
2865 2040 2944 2101 είς
2975 2038 3126 2108 ἡμᾶς
3157 2037 3351 2101 αὐτοὺς
3379 2039 3503 2101 τοὺς
3532 2037 3701 2090 ταῦτα
3719 2038 3878 2104 λέγον-

2336 2147 2434 2192 τας
2466 2129 2800 2200 εὐεργεσίας.
2820 2125 3034 2191 Ἐπειδὴ
3079 2125 3186 2186 γὰο
3215 2127 3339 2189 τοὺς
3368 2126 3665 2196 ἡμετέρους
3717 2125 3875 2187 πόδες,

2337 2220 2504 2275 πολλὰ
2536 2221 2860 2292 δραμόντας,
2893 2217 3031 2272 ὥστε
3058 2222 3220 2273 πᾶσιν
3240 2217 3367 2286 ὑμῖν
3397 2220 3508 2279 τοῖς
3539 2217 3709 2272 ἔθνεσι
3734 2217 3876 2287 κηρύ-

2339 2307 2424 2373 ξαι
2449 2308 2509 2361 τὸ
2538 2309 2800 2379 σωτήριον
2831 2307 3180 2375 Εὐαγγὲλιον,
3205 2305 3569 2375 ὲδυνάμωσεν,
3595 2305 3810 2373 ὲφύλσξέ
3831 2322 3877 2356 τε

2337 2397 2725 2470 ἀδιατρέπτους
2759 2400 2816 2452 ἐν
2843 2401 2955 2461 τοῖς
2997 2397 3092 2450 τοῦ
3129 2397 3242 2468 βίου
3279 2396 3512 2468 ῥεύμασι
3559 2397 3627 2448 τὰ
3658 2395 3877 2466 ἐμποδὼν

2337 2490 2631 2560 κωλύματα
2671 2486 2962 2560 περιελών·
3009 2488 3218 2541 πολλῶν
3260 2505 3318 2540 τε
3348 2490 3411 2558 τῇ
3439 2486 3582 2557 ψυχῇ
3610 2490 3640 2557 ἡ
3651 2487 3759 2558 μῶν
3783 2490 3877 2539 tm-

2337 2582 2716 2644 6ουλευόντων,
2738 2580 2898 2644 αὐτὸς
2918 2580 3123 2650 ταύτης
3152 2579 3333 2651 σωτὴρ
3361 2579 3455 2631 καὶ
3477 2578 3647 2648 φύλαξ
3671 2579 3875 2646 ἐγένετο·

2337 2671 2646 2725 καὶτούτων
2695 2670 2871 2724 αὐτῶν
2907 2671 3068 2724 ἕνεκα
3105 2689 3122 2720 ι
3173 2669 3462 2738 εὐλογεῖτε,
3497 2669 3741 2740 Etim,sz
3768 2668 3874 2722 Θεὸν

2336 2763 2510 2834 ἡμῶν,
2542 2765 2635 2816 καὶ
2682 2763 3000 2839 ἀκουτίσατε
3042 2763 3140 2834 τὴν
3190 2762 3372 2831 φωνὴν
3402 2761 3502 2832 τῆς
3529 2755 3777 2822 αἱνῗσεως
3803 2760 3872 2812 αύο

2337 2853 2450 2907 τοῦ.
2487 2872 2504 2904 ι
2538 2852 2721 2906 Ταῦτα
2744 2853 2800 2906 δὲ
2826 2853 3081 2924 ἄντικρυς
3104 2854 3168 2906 ὲκ
3196 2852 3488 2924 προσώπου
3515 2853 3621 2904 τῶν
3649 2849 3871 2922 κηρύκων

2336 2947 2428 2999 τοῦ
2459 2944 2788 3015 Εὐαγγελίου
2834 2947 3285 3015 προανεφωνεῖτο,
3310 2937 3384 2996 ὧν
3433 2941 3525 2994 τδν
3574 2942 3762 3013 δρόμον
3799 2943 3870 2994 καλ

2337 3037 2443 3090 τῶν
2471 3037 2645 3089 ποδῶν
2665 3037 2763 3107 τὴν
2784 3035 2985 3107 ἀρετὴν
3023 3036 3273 3097 Ἡσαΐας,
3307 3033 3504 3105 μᾶλλον
3527 3034 3582 3087 δὲ
3601 3035 3659 3086 τὸ
3683 3033 3870 3102 Πνεῦμα

2337 3130 2397 3180 τὸ
2426 3127 2577 3196 ἅγιον
2605 3127 2670 3180 δι’
2694 3127 2857 3179 αὐτοῦ
2890 3123 3274 3197 ἀποθαυμάζον
3299 3124 3427 3178 έϐόα
3443 3142 3456 3155 ·
3487 3143 3505 3176 ι
3530 3125 3615 3186 Ὠς
3638 3125 3812 3195 ὡραῖοι
3837 3124 3870 3172 oi

2341 3221 2499 3284 πόδες
2533 3221 2640 3274 τῶν
2679 3218 3175 3289 εὐαγγελιζομένων
3203 3215 3402 3285 ἀγαθὰ,
3436 3214 3544 3268 τῶν
3569 3211 3862 3282 εὐαγγελιζο

2343 3312 2514 3384 μένων
2551 3314 2801 3385 εἰρήνηνῑ
2845 3332 2862 3362 ι
2902 3313 3053 3364 Ἐπει
3099 3309 3297 3369 τοίνυν,
3331 3307 3500 3360 πολλὰ
3545 3306 3871 3376 κεκμηκότες.

2341 3407 2435 3459 καὶ
2473 3407 2597 3469 τούς
2631 3407 2694 3458 ὲκ
2741 3403 2849 3457 τῶν
2881 3404 3121 3458 ἀπίστων
3155 3401 3322 3456 ἐθνῶν
3362 3400 3631 3469 διωγμοὺς
3680 3395 3863 3466 ὑπομεί-

2337 3515 2543 3562 ναντες,
2568 3498 2741 3568 δεσμά
2771 3481 2850 3550 τε.
2869 3498 2963 3550 καὶ¹
3003 3494 3247 3565 φυλακὰς
3271 3495 3364 3548 καὶ
3391 3492 3650 3552 παντοίας
3685 3489 3852 3542 ὲπιδου

2336 3587 2451 3652 λὰς,
2487 3587 2830 3659 ἀδιάτρεπτοι
2860 3587 3224 3656 μεμενήκασιν
3247 3601 3261 3615 ·
3288 3584 3512 3646 εἰκότως
3537 3582 3630 3634 τὸν
3660 3577 3868 3647 δυναμώ-

2340 3695 2507 3732 σαντα
2527 3679 2742 3741 αὐτοὺς,
2763 3678 2856 3731 καὶ
2878 3678 2975 3747 τὴν
3003 3677 3100 3746 μὲν
3118 3677 3294 3748 ψυχὴν
3317 3679 3395 3740 εἰς
3416 3675 3560 3747 ζωὴν
3580 3675 3871 3744 φυλάξαντα,

2336 3768 2411 3829 ὡς
2463 3766 2537 3836 μὴ
2585 3767 2834 3818 ὲκπεσεῖν
2881 3765 3050 3835 αὐτὴν
3079 3765 3157 3829 εἰς
3188 3765 3278 3817 τὸν
3316 3766 3412 3835 τῆς
3443 3766 3707 3834 ἁμαρτίας
3735 3762 3868 3815 θάνα-

2336 3875 2445 3922 τον,
2485 3859 2609 3921 τούς
2635 3858 2697 3909 δὲ
2729 3857 2894 3919 πόδας
2931 3856 3108 3910 αὐτῶν
3152 3857 3407 3926 στερροὺς
3455 3855 3872 3926 ἀπεργασάμενοι

2339 3950 2472 4020 πρὸς
2502 3949 2560 4002 τὸ
2594 3948 2667 4018 μὴ
2695 3949 2852 4001 σάλον
2882 3948 3186 4018 ὑπομεῖναι,
3227 3947 3358 4018 μηδὲ
3402 3946 3613 3999 ὄλισθον
3639 3947 3725 3998 καὶ

2339 4059 2440 4106 σιν,
2467 4039 2704 4109 εὐλογεῖν
2738 4043 2871 4094 πᾶσι
2902 4043 3014 4103 τοῖς
3055 4039 3229 4092 ἔθνεσι
3275 4038 3746 4110 παρακελεύονται,
3773 4034 3870 4097 ἑξά-

2338 4134 2558 4187 κουστόν
2599 4150 2661 4201 γε
2711 4135 2881 4185 ποιεῖν
2932 4131 3027 4202 τὴν
3078 4132 3258 4201 φωνὴν
3291 4130 3390 4198 τῆς
3423 4130 3678 4192 αἰνέσεως
3714 4125 3872 4187 αὐτοῦ,

2337 4227 2435 4278 οὐκ
2478 4225 2569 4277 ἐπὶ
2620 4226 2797 4294 μόνοις
2846 4225 2956 4287 τοῖς
3005 4222 3253 4285 παλαιοῖς
3278 4221 3440 4275 αὐτοῦ
3467 4221 3774 4292 παραδόξοις
3799 4217 3879 4271 καὶ

682 4317 928 4388 φοϐεροῖς
951 4293 1147 4388 ἔργοις,
1181 4317 1315 4371 ἀλλὰ
1339 4318 1431 4371 καὶ
1465 4317 1554 4370 ἐπὶ
1583 4293 1859 4382 τοῖςνέοις
1883 4319 2126 4388 ἀγαθοῖς,
2157 4321 2240 4389 ἐφ’
2279 4313 2357 4381 οἷς
2419 4318 2516 4388 τὴν
2549 4293 2722 4388 ψυχὴν
2784 4317 2892 4369 τῶν
2922 4313 3096 4368 ταῦτα
3119 4315 3380 4384 λεγόντων
3425 4315 3578 4369 ἔθετο
3619 4317 3693 4377 είς
3731 4313 3876 4382 ζωὴν,

685 4413 759 4482 μὴ
800 4412 920 4475 δοξις
969 4413 1048 4476 εἰς
1097 4414 1255 4476 σάλον,
1315 4404 1468 4477 τοὺς¹
1505 4412 1668 4476 πόδας
1697 4413 1891 4468 αὐτῶν.
1926 4415 2016 4468 Διὸ
2049 4415 2187 4469 κατὰ
2214 4414 2303 4468 τὸν
2342 4413 2632 4483 Σύμμαχον
2661 4409 3033 4481 πληθυντικῶς
3067 4410 3301 4481 εἴρηται*
3345 4427 3364 4460 ‹
3391 4409 3498 4463 Τοῦ
3529 4409 3772 4476 τάξαντος
3794 4406 3878 4475 τὴν

683 4502 855 4574 ψυχὴν
886 4506 917 4571 ἡ
928 4505 1041 4573 μῶν
1068 4506 1151 4567 είς,
1174 4503 1335 4575 ζωὴν,
1364 4506 1456 4559 καὶ
1486 4506 1559 4576 μὴ
1591 4504 1769 4567 δόντος
1818 4505 2079 4577 σφαλῆναι
2109 4508 2234 4569 τοὺς
2274 4506 2438 4566 πόδας
2465 4502 2638 4573 ἡμῶν.
3558 4523 3565 4529 ·

755 4612 918 4669 Vens.
953 4617 1139 4670 10-15.
1175 4631 1193 4667 ι
1223 4618 1487 4683 Quoniam
1517 4618 1755 4688 probasti
1786 4634 1903 4686 nos,
1930 4619 2091 4687 Deus,
2116 4623 2236 4691 igne

2415 4638 2431 4668 ι
2448 4619 2567 4669 ’Ότι
2590 4615 2910 4684 ἐδοκίμασας
2927 4613 3094 4683 ἡμᾶς,
3115 4613 3143 4664 ό
3163 4611 3311 4673 Θεὸς,
3331 4609 3620 4678 ὲπύρωσας
3641 4605 3792 4678 ἡμᾶς,
3813 4605 3876 4666 ὡς

685 4721 786 4762 nos
831 4706 1154 4764 examinasti‘
1177 4711 1368 4769 ,"sicut
1402 4711 1741 4765 examinatur
1769 4718 2085 4781 argentumn
2114 4731 2138 4763 »η
2172 4711 2238 4765 Ει

686 4799 799 4852 inec
828 4807 1221 4867 consequenter
1251 4801 1315 4854 ad
1345 4801 1628 4869 superiora
1656 4803 1800 4857 dicta
1831 4811 1979 4858 sunt.
2011 4802 2237 4873 Oporte-

686 4889 776 4943 bat
802 4890 943 4946 enim
974 4888 1187 4944 edoceri
1223 4905 1324 4944 nos
1353 4903 1460 4960 quo
1500 4902 1657 4960 pacto
1710 4895 1854 4950 Deus
1889 4896 2134 4965 posuerit
2169 4895 2235 4948 ad

686 4979 847 5032 vitam
879 4981 1110 5034 animam
1134 4995 1320 5039 eorum
1351 4982 1442 5051 qui
1467 4983 1579 5037 haec
1601 4983 1862 5051 dicerent,
1889 4994 1943 5039 et
1965 4985 2237 5056 quomodo

688 5071 850 5141 pedes
878 5087 1064 5126 eorum
1116 5089 1222 5128 non
1269 5073 1478 5129 dederit
1523 5076 1578 5129 in
1628 5078 2064 5132 commotionem.
2098 5075 2233 5129 Nam

686 5163 816 5233 quid
849 5164 1199 5228 admiserant,
1233 5176 1293 5220 ut
1327 5183 1434 5222 non
1463 5151 1712 5238 corpore,
1754 5168 1850 5224 sed
1881 5166 2059 5224 anima
2089 5168 2236 5238 peri-

686 5257 792 5310 turi
821 5263 1030 5320 essent,
1056 5264 1108 5310 et
1139 5271 1242 5326 qua
1276 5258 1350 5313 de
1374 5273 1538 5314 causa
1569 5261 1622 5314 in
1651 5267 1861 5313 tantum
1895 5260 2120 5329 periculi
2144 5257 2238 5312 de-

687 5354 962 5411 venerant,
1007 5356 1066 5403 ut
1105 5350 1267 5418 pedes
1305 5365 1494 5405 eorum
1535 5351 1910 5407 commovendi
1943 5357 2149 5412 essent,
2184 5347 2237 5402 id

687 5441 994 5510 singulatim
1041 5431 1334 5507 enarrant,
1365 5460 1468 5498 una
1511 5444 1619 5501 Deo
1660 5445 1864 5515 gratias
1893 5450 2133 5512 agentes,
2180 5449 2233 5494 et

685 5545 868 5586 eorum
905 5548 1025 5602 qua
1061 5534 1208 5603 passi
1255 5534 1466 5590 fuerant
1498 5537 1742 5590 notitiam
1769 5534 2092 5606 praebentes.
2113 5531 2233 5583 Pri-

686 5636 770 5674 mo
796 5623 959 5693 igitur
985 5625 1154 5692 aiunt,
1185 5646 1204 5677 ι
1227 5627 1472 5682 Probasti
1499 5643 1619 5692 nos,
1650 5626 1811 5682 Deus.
1839 5645 1858 5676 ι
1885 5621 2235 5695 thuomodo

687 5713 971 5781 probasti?
1007 5715 1065 5770 Id
1093 5718 1363 5788 explicant
1393 5719 1631 5775 dicentes
1667 5738 1678 5773 :
1718 5738 1735 5770 ι
1777 5717 1900 5789 Igne
1961 5733 2060 5772 nos
2109 5731 2236 5772 exa-

762 5868 804 5900 “
832 5868 931 5924 lsa.
966 5886 1061 5926 ιιι.
1095 5873 1147 5926 7.

2344 4710 2607 4782 πυροῦται
2633 4708 2692 4761 τὸ
2727 4707 3005 4778 ἀργύριον.
3041 4724 3058 4754 ι
3094 4704 3201 4756 Καὶ
3231 4701 3401 4755 ταῦτα
3431 4697 3726 4761 ἀκολούθως
3746 4699 3874 4766 εἴρη-

2340 4821 2427 4857 ται
2451 4805 2558 4864 τοῖς
2578 4798 2900 4872 ἔμπροσθεν.
2919 4795 3112 4867 Ἐχρῆν
3137 4793 3244 4865 γὰρ
3269 4795 3413 4864 ἡμᾶς
3435 4792 3750 4862 διδαχθῆναι,
3774 4788 3873 4850 πῶς

2337 4896 2364 4946 ὁ
2390 4893 2519 4953 Θεὸς
2547 4892 2644 4961 τὴν
2677 4890 2850 4958 ψυχὴν
2881 4887 3031 4940 ἔθετο
3053 4888 3131 4948 εἰς
3156 4884 3299 4957 ζωὴν
3333 4884 3440 4936 τῶν
3468 4883 3637 4937 ταῦτα
3667 4879 3874 4949 φασκόν·

2338 5003 2462 5048 των,
2495 4987 2586 5038 καὶ
2612 4984 2726 5045 πῶς
2745 4984 2867 5043 τοὺς
2893 4980 3055 5042 πόδας
3078 4978 3253 5048 αὐτῶν
3282 4979 3342 5030 οὐ
3375 4976 3681 5048 παρέδωκεν
3708 4977 3776 5036 είς
3787 4971 3871 5025 *σάι

2341 5079 2450 5133 λυν.
2482 5080 2545 5130 Τί
2571 5077 2677 5147 γὰρ
2707 5075 2967 5137 παθόντες
3003 5073 3231 5143 ῆμελλον
3260 5074 3319 5126 οὐ
3351 5072 3413 5125 τὸ
3452 5073 3629 5143 σῶμα,
3655 5069 3756 5126 ἀλλ’
3784 5068 3868 5121 αὐ-

2340 5169 2436 5239 τὴν
2461 5170 2557 5240 τὴν
2588 5167 2762 5238 ψυχὴν
2786 5164 3097 5224 ἀπολλύναι,
3129 5164 3271 5227 τίνος
3305 5163 3363 5216 δὲ
3390 5165 3676 5236 γενομένου
3699 5164 3768 5225 είς
3792 5178 3867 5212 το·

2338 5263 2520 5315 σοῦτον
2554 5263 2760 5332 ἤλασαν
2788 5257 3052 5321 κινδύνου,
3080 5255 3154 5319 ὡς
3199 5258 3320 5320 τοὺς
3355 5256 3518 5320 πόδας
3567 5256 3764 5328 μέλλειν
3792 5269 3867 5303 σαι

2335 5351 2602 5410 λεύεσθαι,
2652 5350 2791 5404 κατὰ
2839 5347 2999 5419 μέρος
3043 5346 3421 5418 διεξέρχονται,
3453 5344 3867 5418 εὐχαριστοῦντες

2339 5442 2454 5512 ἅμα
2479 5440 2556 5507 τῶ
2587 5439 2723 5509 Θεῷ,
2752 5439 2843 5491 καὶ
2874 5435 3215 5490 διδασκαλίαν
3247 5437 3558 5508 ποιούμενοι
3587 5432 3658 5491 ὧν
3683 5437 3865 5500 ὑπομεο

2343 5535 2621 5603 μενήκααι.
2659 5530 2876 5599 Πρῶτον
2891 5523 2981 5581 οὖν
3012 5535 3200 5598 φασιν·
3239 5547 3256 5580 ι
3278 5528 3632 5600 Ἐδοκίμασας
3668 5521 3867 5594 ὑμᾶςώ

2340 5621 2488 5687 Θεός.
2530 5642 2546 5674 .v
2581 5621 2690 5675 Καὶ
2738 5619 2853 5684 πῶς
2891 5619 3243 5689 έδοκίμασας;
3283 5615 3663 5691 Ἑρμηνεύουσι
3702 5613 3864 5680 λέγον·

2339 5733 2425 5778 τες
2447 5733 2459 5744 ’
2497 5733 2512 5764 ι
2537 5711 2664 5766 Ἑπύ
2677 5728 2851 5783 ρωσας
2877 5712 3042 5783 ἡμᾶς,
3072 5709 3147 5773 ὼς
3177 5707 3436 5778 πυροῦται
3465 5709 3524 5764 τδ
3554 5707 3810 5780 ἀργύριον.
3843 5719 3858 5752 I
