3976 6348
85 495 186 549 651

1175 456 1674 518 CUMMENTAIUA
1717 452 1779 510 IN
1819 447 2156 508 PSALMOS.

3218 421 3324 482 661

82 597 270 650 Φωναὶ
315 595 371 646 δὲ
410 587 586 654 αὗται,
611 591 686 653 ὡς
719 587 874 655 ἔφην,
910 581 1217 638 ἀποστόλων
1269 581 1361 634 καὶ
1407 575 1660 650 μαθητῶν

1786 571 1985 628 ninasti
2039 567 2177 622 sicut
2230 559 2574 617 examinatur
2633 557 2938 623 argentum.
2977 568 2994 601 ι
3048 545 3141 601 Hae
3197 546 3324 614 ipsae

82 692 180 744 καὶ
231 684 631 756 εὐαγγελιστῶν
683 680 995 752 τυγχάνουσι
1044 674 1136 728 τοῦ
1188 674 1456 743 Σωτῆρος,
1483 663 1554 722 ὧν
1585 669 1662 732 είς

85 786 276 837 πᾶσαν
308 783 406 852 τὴν
435 781 535 851 γῆν
563 775 781 848 ἐξῆλθεν
810 773 838 825 ό
865 770 1118 840 φθόγγος,
1142 766 1236 820 καὶ
1266 768 1343 828 είς
1364 763 1432 817 τὰ
1456 763 1667 834 πέρατα

85 878 183 945 τῆς
219 873 543 944 οἰκουμένης
570 870 638 923 τὰ
667 869 903 940 ῥήματα.
938 859 1058 915 Εἶεν
1085 860 1128 915 δ’
1155 859 1218 914 ἂν
1244 858 1338 912 καὶ
1359 857 1466 910 τῶν
1495 853 1663 922 ἁγίων

85 968 180 1021 τοῦ
219 965 360 1020 Θεοῦ
397 962 704 1034 μαρτύρων,
739 958 785 1010 οἳ
831 954 971 1009 κατὰ
1015 953 1244 1023 μίμησιν
1285 948 1393 1002 τῶν
1438 945 1667 1017 πρώτων

87 1059 180 1112 τοῦ
218 1058 469 1128 Σωτῆρος
517 1051 672 1125 ἡμῶν
703 1047 954 1119 κηρύκων
978 1045 1045 1098 τὰ
1087 1045 1177 1097 ῐσα
1219 1039 1578 1095 πεπόνθασινο
1611 1038 1668 1088 ὲν

87 1146 169 1212 οἷς
217 1149 347 1212 τοὺς
393 1144 534 1215 ὑπὲρ
564 1139 867 1201 θεοσεϐείας
900 1137 1092 1200 ἄθλους
1117 1133 1472 1206 ἠγωνίσαντο.
1502 1129 1669 1182 Φασὶν

88 1237 184 1294 οὖν
213 1236 607 1311 ἑρμηνεύοντες
640 1233 734 1285 καὶ
758 1228 1166 1297 διασαφοῦντες,
1201 1227 1344 1288 ὅπως
1371 1221 1467 1293 τὴν
1495 1220 1671 1290 ψυχὴν

89 1310 278 1385 αὐτῶν
313 1327 464 1382 ἔθετο
495 1327 574 1388 είς
601 1322 764 1393 ζωὴν,
792 1320 887 1376 καὶ
915 1321 1064 1382 ὅπως
1107 1318 1232 1379 τοὺς
1280 1314 1445 1376 πόδας
1493 1310 1670 1391 αύτῶν

89 1423 191 1475 οὐκ
248 1421 446 1473 ἔδωκεν
491 1418 570 1480 είς
619 1415 807 1468 σάλονο
856 1413 1010 1466 «Ὅτι
1060 1409 1386 1479 ἐδοκίμασας
1432 1405 1600 1475 ἡμᾶς,
1646 1405 1674 1456 ὁ

89 1515 246 1578 Θεὸς,
279 1512 356 1575 ώς
379 1506 716 1580 πυροῦταιτδ
743 1504 1019 1576 ἀργύριον.
1047 1521 1064 1553 ›
1082 1499 1299 1569 Ἐπειδὴ
1313 1499 1419 1570 γὰρ
1446 1495 1675 1567 ἀπείρα-

95 1621 223 1669 στος
256 1603 396 1672 ἀνὴρ
435 1599 712 1668 ἀδόκιμος,
744 1597 962 1658 εἰκότως
993 1590 1346 1662 ὲγγυμνάξων
1394 1590 1506 1651 τοῖς
1551 1603 1674 1639 πει-

94 1695 334 1765 ρασμοῖς
377 1689 707 1762 παραδίδωσι
758 1689 881 1750 τοὺς
929 1683 1159 1745 οἰκείους
1188 1684 1216 1733 ὁ
1247 1679 1405 1741 Θεός·
1447 1677 1558 1747 οὐχ,
1591 1677 1676 1728 ἵνα

91 1785 267 1847 αὐτὸς
297 1783 408 1854 γνῷ
435 1780 605 1833 ὁποῖοί
637 1778 780 1841 τινές
811 1779 966 1838 εἰσιν,
1002 1773 1114 1827 ἀλλ’
1146 1773 1252 1836 ἵνα,
1289 1769 1444 1825 αὐτοὶ
1495 1786 1676 1840 πυρω-

92 1873 680 1945 θέντεςολαμπρότεροι
705 1869 796 1923 καὶ
821 1865 1193 1939 καθαρώτεροι
1221 1861 1672 1917 ἀποτελεσθῶσιν.

1765 673 1915 728 sunt,
1941 671 1999 718 ut
2042 661 2153 731 jam
2203 657 2339 719 dixi,
2385 651 2779 724 apostolorum,
2839 642 3232 713 discipulorum
3273 646 3326 690 et

1763 756 2220 828 evangelistarum
2252 746 2550 805 Salvatoris
2576 756 2760 805 voces,
2787 751 3021 809 quorum
3053 749 3223 790 sonus
3273 732 3324 785 iu

1765 865 1978 907 omnem
2015 857 2216 902 terram
2248 842 2432 905 exivit,
2465 847 2518 894 et
2541 839 2596 892 in
2641 834 2777 889 ﬁnes
2800 831 2948 886 orbis
2975 836 3133 884 terra!
3165 824 3324 880 ver-ba

1765 955 1975 997 eorum.
2011 935 2239 990 Fuerint
2276 944 2492 1002 quoque
2526 934 2836 981 sanctorum
2875 919 2967 974 Dei
3004 924 3323 987 martyrum,

1767 1033 1858 1104 qui
1894 1031 1959 1085 ad
1991 1028 2346 1090 imitationem
2383 1024 2621 1092 priorum
2653 1015 2954 1071 Servatoris
2984 1011 3288 1081 praecanum
3309 1047 3324 1073 ,

1769 1103 1920 1196 paria
1961 1118 2201 1192 perpessi
2235 1123 2382 1179 sunt,
2418 1129 2541 1166 cum
2570 1125 2668 1181 pro
2698 1108 2876 1162 divina
2911 1103 3170 1173 religione
3210 1114 3328 1154 cer-

1769 1193 1976 1270 tamina
2007 1211 2311 1268 subierunt.
2349 1205 2516 1260 Aiunt
2546 1203 2744 1271 itaque,
2778 1198 3107 1268 explicantes
3135 1209 3198 1248 ac
3230 1193 3326 1248 de-

1770 1307 2044 1361 clarantes
2075 1317 2186 1373 quo
2226 1305 2386 1371 pacto
2413 1296 2648 1351 animam
2702 1307 2854 1347 suam
2890 1287 3130 1361 posuerit
3157 1285 3224 1340 ad
3252 1285 3329 1338 vi-

1772 1409 1904 1464 tam,
1926 1407 1979 1454 et
1995 1394 2266 1469 quomodo
2287 1406 2395 1448 non
2422 1387 2629 1444 dederit
2660 1386 2716 1439 in
2739 1381 3153 1439 commotionem
3169 1376 3332 1447 pedes

1773 1506 1903 1547 suos
1937 1508 1950 1544 :
1989 1506 2007 1540 ι
2046 1486 2312 1553 Quoniam
2343 1480 2586 1554 probasti
2626 1493 2750 1540 nos,
2786 1474 2948 1540 Deus,
2970 1479 3028 1526 ut
3058 1471 3179 1541 igne
3204 1482 3332 1522 exa-

1775 1585 2010 1638 minatur
2044 1585 2351 1649 argentum.
2389 1593 2407 1626 ι
2447 1570 2584 1638 Quia
2615 1568 2759 1624 enim
2795 1565 3045 1636 quisquis
3072 1577 3179 1616 non
3208 1574 3333 1630 pro-

1776 1677 1938 1732 batur
1964 1670 2231 1741 inglorius
2262 1673 2369 1729 est,
2394 1665 2515 1735 jure
2541 1661 2684 1716 Deus
2710 1657 3001 1712 familiares
3029 1668 3158 1710 suos
3177 1666 3332 1708 exer-

1777 1782 1931 1829 cens,
1984 1739 2376 1818 tentationibus
2407 1753 2616 1818 tradit;
2647 1765 2753 1804 non
2789 1755 2848 1802 ut
2883 1739 3177 1815 cegnoscat
3222 1743 3335 1814 ipse

1779 1859 2000 1929 quinam
2037 1854 2113 1908 illi
2144 1852 2273 1915 sint,
2304 1848 2400 1904 sed
2425 1855 2484 1901 ut
2514 1845 2615 1915 ipsi
2639 1843 2759 1912 igne
2787 1836 3117 1899 examinati,
3151 1834 3335 1904 splen-

97 1927 315 2036 Ὠσπερ
348 1927 454 2036 γαρ
472 1927 540 2015 Ιἐν
569 1927 793 2033 έργύρῳ
819 1927 1077 2021 πολλάκις
1107 1927 1413 2029 εὑρίσκεται
1435 1953 1563 2016 ῦλης
1584 1952 1669 2004 ἀλ-

1786 1952 2018 2006 didiores
2051 1962 2112 2000 ac
2140 1943 2396 2014 puriores
2417 1939 2662 1995 evadant.
2694 1929 3157 2003 Quemadmodum
3188 1927 3333 1981 enim

94 2059 320 2130 λοτρίας
351 2058 546 2128 μίγμα,
570 2055 598 2107 ὃ
617 2054 753 2117 τέως
781 2052 878 2124 μὲν
902 2050 1154 2104 λανθάνει
1183 2048 1289 2120 πρὸ
1308 2048 1407 2118 τῆς
1427 2045 1674 2116 χωνείας,

95 2152 154 2204 ὲν
178 2151 238 2204 δὲ
271 2152 337 2220 τῇ
364 2145 602 2218 πυρώσει
635 2145 970 2215 διελέγχεται
1004 2145 1097 2197 καὶ
1126 2140 1491 2212 διακρίνεται·
1529 2137 1677 2208 μένει

97 2259 158 2297 τε
209 2240 396 2295 λοιπὸν
442 2239 604 2300 αὐτὸς
659 2236 896 2307 καθαρὸς
936 2235 965 2288 ὁ
1002 2235 1261 2306 ἄργυρος,
1295 2229 1554 2301 κρείττων
1586 2227 1679 2279 καὶ

70 2343 72 2346 ’
99 2332 480 2404 λαμπρότερος
508 2328 748 2398 γεγονὼς
784 2330 847 2380 ὲκ
889 2328 990 2398 τῆς
1023 2325 1340 2396 καθάρσεως
1361 2338 1374 2351 ·
1402 2321 1492 2374 τὸν
1519 2317 1678 2372 αὑτὸν

100 2424 308 2495 τρόπον
339 2424 431 2476 καὶ
455 2423 505 2473 οί
532 2419 624 2473 τοῦ
653 2418 787 2472 Θεοῦ
818 2418 1028 2490 ἄνδρες,
1053 2417 1178 2470 ὅσον
1201 2413 1477 2482 ἀλλότριον
1516 2409 1572 2461 ὲν
1613 2408 1676 2476 τῇ

102 2512 320 2568 ἑαυτῶν
365 2513 508 2583 ψυχῇ
555 2512 619 2563 ἐκ
663 2509 763 2578 τῆς
818 2510 946 2580 περὶ
991 2507 1090 2577 τὴν
1140 2505 1317 2575 σάρκα
1366 2498 1680 2571 συμπλοκῆς

102 2605 517 2676 ἐφειλκύσαντο,
540 2601 698 2655 τοῦτο
725 2602 832 2654 πᾶν
861 2601 920 2651 ὲν
946 2600 1060 2662 τοῖς
1088 2594 1432 2666 πειρασμοῖς.
1459 2589 1682 2650 καὶτοῖς

105 2699 226 2750 κατ’
266 2694 446 2749 αὐτῶν
478 2691 928 2761 ὲπανισταμένοις
973 2688 1230 2758 διωγμοῖς
1261 2681 1680 2754 ἀπορύπτονται.

107 2785 234 2854 (sic)
269 2782 601 2854 πυρούμενοι
645 2781 738 2834 καὶ
781 2778 1161 2849 καθαιρόμενοι
1203 2775 1290 2828 διὰ
1335 2774 1436 2843 τῆς
1474 2770 1682 2824 τοιᾶσδε

107 2875 361 2946 χωνείας,
393 2874 467 2937 ὡς
495 2875 674 2927 πᾶσαν
705 2869 999 2925 ἀποϐαλεῖν
1043 2867 1323 2939 ἁμαρτίας
1341 2864 1552 2935 κηλίδα,
1591 2862 1686 2932 ἦν·

107 2965 232 3019 τινά
275 2982 425 3029 ποτε,
452 2964 528 3028 ὡς
560 2962 854 3034 ἄνθρωποι,
885 2960 942 3013 ἐν
978 2976 1122 3012 τισιν
1154 2956 1496 3027 ἐλαττώμασι
1536 2953 1688 3024 γενόμ

114 3073 269 3126 μενοι
316 3057 772 3126 προσεκτήσαντο.
790 3054 912 3106 Ἐπὶ
943 3053 1148 3116 τούτοις
1191 3044 1283 3104 οῦν
1310 3046 1688 3119 εὐχαριστοῦν-

108 3166 224 3212 τες,
252 3149 442 3218 φασίν·
469 3151 632 3224 ,εὊτι
669 3147 995 3217 ἐδοκίμασας
1026 3144 1193 3214 ἡμᾶς,
1224 3143 1258 3194 '6
1299 3141 1449 3204 Θεὸς,
1478 3138 1690 3208 ὲπύρω-

113 3259 216 3306 σας
245 3242 390 3313 ἡμᾶς
416 3241 489 3304 ώς
521 3231 785 3313 πυροῦται
811 3238 873 3291 τὸ
899 3235 1180 3308 ἀργύριον.
1213 3253 1230 3283 ι
1256 3232 1331 3284 Οὑ
1355 3230 1462 3300 γὰρ
1490 3230 1564 3290 ώς
1591 3246 1689 3282 κα-

111 3334 318 3405 λάμην,
369 3332 475 3387 οὐδ’
508 3333 582 3396 ὠς
629 3332 838 3402 χόρτον,
880 3329 987 3381 οὐδ’
1014 3327 1087 3390 ὡς
1134 3325 1324 3395 ἑτέραν
1365 3321 1689 3395 εῦθραυστον

114 3426 253 3496 ὕλην
288 3426 570 3496 ὲπύρωσας
602 3425 768 3494 ἡμᾶς,
801 3420 914 3474 ἀλλ’
941 3421 1016 3483 ὡς
1042 3417 1321 3490 ἀργύριον,
1357 3415 1417 3467 τὸ
1447 3412 1555 3466 ἀπὸ
1591 3411 1722 3479 τῆς·

113 3515 420 3587 πυρώσεως
449 3512 831 3584 καθαρώτερον
859 3512 1198 3580 γιγνόμενον.
1242 3506 1366 3568 Πῶς
1393 3505 1448 3557 δὲ
1475 3501 1690 3575 ἐπυρώ-

112 3610 294 3677 ϐησαν
340 3605 670 3678 ὑφηγοῦνται
720 3605 1004 3674 λέγοντες·
1038 3620 1055 3652 ι
1094 3601 1398 3670 Είσηγαγες
1437 3597 1584 3666 ἡμᾶς
1612 3597 1692 3671 είς

113 3668 213 3769 τήν
241 3668 477 3766 «nisi?
524 3715 542 3746 ι
594 3694 732 3748 κατὰ
778 3668 834 3746 δὲ
877 3693 968 3745 τὸν
1005 3668 1271 3753 Ἀκύλαν,
1333 3708 1348 3738 ι
1387 3668 1691 3757 Εἰσήγαγες

114 3791 294 3860 ἡμᾶς,
328 3789 509 3857 φασὶν,
535 3789 599 3840 ’ὲν
627 3784 974 3856 ὀχυρώματι·
1008 3803 1025 3836 ι
1063 3781 1204 3836 κατὰ
1247 3779 1303 3833 δὲ
1342 3779 1431 3832 τὸν
1467 3773 1694 3846 Σῦρμα-ε

117 3893 218 3947 χον
237 3915 253 3939 ,
292 3893 310 3926 ι
341 3875 642 3946 Είσήγαγες
671 3875 818 3944 ἡμᾶς
850 3872 998 3936 ἐντὸς
1028 3869 1371 3942 πολιορκίας⁹
1416 3887 1434 3919 ι
1471 3866 1611 3920 κατὰ
1637 3865 1694 3919 δὲ

118 3967 227 4037 τὴν
274 3966 525 4036 πέμπτην
568 3963 806 4018 ἔκδοσιν
841 3983 859 4015 ι
892 3964 1198 4033 Είσήγαγες
1232 3962 1379 4030 ἡμᾶς
1415 3961 1492 4021 είς
1518 3974 1696 4028 περιο-

118 4059 249 4128 χήν.
283 4076 300 4108 ι
335 4056 493 4126 Δηλοῖ
511 4056 563 4109 δὲ
592 4055 681 4108 διὰ
705 4055 906 4108 τούτων
934 4057 962 4107 ό
984 4055 1135 4122 λόγος
1164 4052 1384 4122 εἱρκτὰς
1414 4052 1508 4104 καὶ
1534 4052 1695 4119 φυλα-

121 4149 230 4212 κὰς
277 4150 371 4202 καὶ
414 4148 781 4219 δεσμωτήρια,
800 4148 868 4225 -ὲν
898 4141 978 4208 οἷς
1011 4145 1116 4216 πρὸ
1140 4143 1232 4196 τοῦ
1265 4142 1494 4195 θανάτου
1523 4143 1693 4195 κατά-

124 4240 365 4292 κλειστοι
395 4238 667 4308 γίγνονται
699 4241 748 4290 οί
789 4237 883 4290 τοῦ
921 4237 1054 4290 Θεοῦ
1089 4235 1388 4307 μάρτυρες·
1422 4235 1458 4289 ἃ
1499 4234 1562 4305 δὴ
1591 4253 1695 4288 πα-

124 4331 238 4397 γίδι
269 4329 459 4395 ἔοικεν,
486 4332 614 4384 εἵσω
633 4330 802 4400 αὐτῆς
829 4328 1172 4400 ἀπολαϐούσῃ
1195 4327 1256 4380 τὸ
1277 4326 1690 4398 τεθηρευμένον.

127 4421 348 4491 Ταύτης
377 4421 433 4475 δὲ
461 4423 555 4493 τῆς
583 4423 805 4492 παγίδος
832 4421 1131 4492 μέμνηνται
1150 4419 1243 4471 καὶ
1267 4417 1499 4488 ἀλλαχοῦ
1525 4419 1574 4470 οἱ
1596 4418 1693 4469 αὑ-

131 4514 212 4568 τοὶ
255 4512 578 4582 φάσκοντες·
617 4531 636 4564 ι
660 4514 722 4566 Ἦ
751 4510 895 4582 ψυχὴ
923 4510 1078 4581 ἡμῶν
1116 4510 1191 4572 ὼς
1223 4508 1497 4580 στρουθίον
1535 4499 1694 4580 (ipso;

1778 2043 1831 2096 in
1878 2045 2100 2110 argento
2151 2037 2340 2090 alienae
2386 2029 2627 2085 materiae
2669 2027 2987 2096 plerumque
3031 2017 3340 2073 commistio

1778 2135 2066 2206 reperitur,
2095 2143 2215 2199 qua:
2245 2141 2376 2182 sane
2416 2125 2545 2177 latet
2573 2129 2862 2188 antequam
2894 2117 2948 2170 in
2982 2113 3334 2170 coullaturam

1777 2204 2110 2295 reponatur;
2141 2220 2269 2274 dum
2302 2224 2480 2270 autem
2509 2214 2632 2283 igne
2662 2210 2949 2270 conﬂatur,
2978 2214 3108 2260 tunc
3138 2204 3340 2258 discer-

1778 2320 1928 2374 nitur
1960 2323 2014 2371 et
2038 2313 2334 2384 probatur;
2373 2308 2660 2377 ipsumque
2691 2309 2975 2371 argentum
3002 2296 3218 2352 tandem
3242 2311 3338 2366 pu-

1779 2412 1919 2473 rius,
1954 2404 2299 2478 prmstantius
2329 2415 2391 2454 ac
2430 2396 2765 2477 splendidius
2803 2409 2867 2448 ex
2901 2391 3222 2461 purgatione
3251 2403 3339 2443 re-

1780 2508 1963 2559 manet
2003 2518 2017 2554 :
2052 2499 2131 2554 sic
2159 2507 2213 2552 et
2244 2494 2347 2548 viri
2380 2491 2473 2547 Dei
2498 2475 2518 2558 ,ί
2548 2490 2593 2545 si
2623 2488 2748 2558 quid
2783 2487 3041 2539 alienum.
3067 2482 3122 2534 in
3163 2479 3341 2532 anima

1783 2607 1882 2649 sua
1937 2606 2004 2647 ex
2054 2589 2240 2644 carnis
2288 2581 2671 2640 commistione
2737 2574 3140 2632 contraxerint.
3207 2569 3342 2624 illud

1782 2698 1942 2741 omne
1978 2683 2032 2738 in
2056 2679 2450 2737 tentationibus
2488 2684 2542 2731 et
2582 2672 2914 2728 instantibus
2947 2662 3340 2738 persecutioni-

1783 2778 1885 2832 bus
1907 2775 2247 2844 abstergunt,
2278 2773 2400 2842 igne
2425 2765 2717 2823 examinati
2748 2771 2802 2817 et
2833 2776 2928 2831 per
2958 2760 3118 2813 talem
3142 2753 3344 2811 conﬂa-

1784 2877 1962 2924 turam
2001 2845 2234 2938 qugati,
2270 2864 2341 2916 ita
2376 2868 2432 2914 ut
2471 2871 2687 2914 omnem
2735 2851 2941 2924 peccati
2969 2849 3144 2903 labem
3173 2847 3342 2917 depo-

1787 2969 1942 3022 nant,
1966 2973 2128 3030 quam
2156 2953 2469 3026 aliquando,
2492 2957 2685 3020 utpote
2711 2945 2979 3005 homines,
3017 2941 3071 2994 in
3091 2939 3342 3010 quaedam

1788 3053 1924 3125 lapsi
1967 3029 2183 3110 delicta,
2226 3045 2581 3100 admiserant.
2633 3039 2707 3095 De
2766 3037 2851 3092 his
2906 3035 3087 3102 itaque
3140 3029 3346 3102 gratias

1791 3121 2032 3216 agentes,
2064 3142 2252 3196 dicunt
2285 3157 2298 3192 :
2341 3157 2359 3188 ι
2395 3134 2664 3201 Quoniam
2697 3127 2941 3201 probasti
2972 3139 3073 3179 nos
3099 3162 3114 3186 ,
3162 3121 3344 3185 Deus;

1792 3237 1915 3304 igne
1950 3246 2050 3286 nos
2075 3226 2393 3285 examinasti
2422 3225 2561 3279 sicut
2601 3220 2943 3276 examinatur
2970 3225 3272 3287 argentum.
3323 3229 3342 3262 ι

1785 3299 1909 3378 rion
1933 3321 2077 3375 enim
2108 3325 2167 3371 ut
2198 3315 2403 3385 paleam
2425 3320 2478 3366 et
2503 3310 2706 3368 fenum,
2743 3319 2919 3374 neque
2948 3310 3007 3357 ut
3037 3303 3197 3355 aliam
3233 3299 3345 3353 fra-

1790 3414 1952 3486 gilem
1985 3410 2270 3466 materiam
2315 3420 2416 3461 nos
2463 3404 2587 3473 igne
2610 3397 2932 3455 examinasti
2961 3412 2974 3460 ;
3003 3394 3098 3451 sed
3157 3401 3214 3447 ut
3260 3406 3349 3446 ιιι-ο

1793 3485 2035 3577 gentum,
2067 3501 2211 3572 quod
2243 3499 2311 3555 ab
2336 3499 2458 3570 igne
2490 3496 2680 3567 purius
2711 3491 2911 3548 evadit.
2938 3485 3217 3556 Quomodo
3251 3499 3348 3538 au-

1791 3608 1900 3654 tem
1949 3598 2072 3668 igne
2121 3592 2417 3650 examinati
2456 3586 2689 3649 fuerint,
2711 3587 2797 3641 his
2835 3584 3015 3639 verbis
3047 3587 3346 3636 enarrant:

1799 3711 1815 3743 ι
1854 3687 2120 3746 lnduxisti
2150 3702 2250 3741 nos
2283 3686 2341 3740 in
2373 3685 2624 3754 laqueum
2653 3698 2666 3747 ;
2715 3699 2733 3732 ›
2771 3674 3067 3734 secundum
3095 3669 3347 3740 Aquilam

1794 3799 1919 3839 vero
1954 3802 1967 3836 :
2003 3801 2020 3832 ι
2056 3778 2322 3834 lnduxisti
2364 3792 2489 3840 nos,
2533 3775 2708 3837 aiunt,
2747 3772 2801 3825 in
2844 3767 3280 3829 munimentum;
3325 3780 3348 3815 ι

1794 3874 2091 3932 secundum
2115 3885 2245 3926 vero
2277 3866 2660 3939 Symmachum
2692 3881 2705 3918 :
2744 3882 2761 3914 ι
2791 3855 3058 3914 lnduxisti
3086 3869 3186 3912 nos
3208 3855 3350 3909 intra

1793 3965 2171 4029 obsidionem;
2203 3979 2222 4012 ι
2258 3956 2554 4014 secundum
2580 3953 2826 4024 quintam
2844 3949 3172 4007 editionem:
3209 3963 3228 3998 ι
3264 3943 3352 3999 ln-

1793 4056 1999 4110 duxisti
2029 4069 2131 4108 nos
2163 4053 2218 4106 in
2248 4049 2624 4105 munitionem.
2663 4064 2681 4098 ι
2717 4043 2814 4099 His
2836 4056 3000 4114 porro
3031 4039 3353 4110 siguillcan~

1793 4157 1882 4202 tur
1911 4145 2214 4217 ergastula,
2243 4141 2535 4203 custodiae,
2564 4152 2814 4193 carceres
2862 4136 2915 4188 in
2957 4132 3156 4197 quibus
3201 4135 3353 4181 ante-

1794 4253 1955 4309 quam
1990 4238 2152 4291 morti
2181 4235 2485 4294 tradantur,
2517 4226 2763 4284 conclusi
2798 4226 3001 4294 degunt
3031 4220 3123 4275 Dei
3147 4227 3352 4288 marty-

1797 4345 1881 4384 res
1916 4347 1928 4382 :
1963 4342 2085 4397 qua:
2111 4341 2242 4382 sane
2270 4323 2447 4394 laquei
2482 4321 2678 4378 similia
2713 4324 2863 4380 sunt,
2909 4327 3019 4384 quo
3064 4308 3362 4366 venatione

1794 4427 1948 4488 capta
1972 4418 2302 4487 detinentur.
2333 4414 2572 4485 Hujusce
2605 4410 2781 4480 laquei
2828 4406 3154 4462 mentionem
3192 4402 3354 4456 iidem

1795 4513 1921 4567 alibi
1954 4512 2159 4566 iaciunt
2181 4509 2425 4564 dicentes
2457 4525 2469 4560 :
2511 4523 2526 4555 ι
2562 4503 2755 4558 Anima
2781 4507 2969 4554 nostra
2999 4496 3140 4552 sicut
3168 4506 3353 4564 passer

141 4609 236 4679 ῖθη
268 4623 332 4662 εκ
357 4608 452 4678 τῆς
485 4607 710 4676 παγίδος
736 4605 842 4659 τῶν
869 4604 1237 4676 θηρευόντων·
1287 4603 1319 4672 ἡ
1369 4601 1534 4669 παγὶς
1581 4616 1685 4652 συν-

1797 4610 1980 4673 erepta
2008 4609 2092 4658 est
2118 4600 2186 4655 de
2213 4601 2408 4668 laqueo
2436 4594 2748 4650 venantium
2785 4611 2798 4647 :
2833 4592 3059 4679 laqueus
3086 4586 3358 4643 contritus

139 4700 320 4774 ῖτρίὸη
350 4702 443 4753 καὶ
470 4701 632 4770 ἡμεῖς
659 4696 1020 4769 ὲρρύσθημεν.
1056 4714 1075 4746 ι
1112 4692 1331 4764 Πρῶτον
1360 4691 1454 4761 μὲν
1505 4687 1597 4743 οὖν
1619 4690 1697 4752 είς

129 4791 229 4861 τὴν
260 4790 462 4858 παγίδα
489 4782 898 4861 οί.πυρούμενοι
928 4786 1256 4854 εἰσάγονται,
1283 4783 1316 4853 ἦ
1345 4782 1423 4845 είς
1464 4781 1524 4834 τὸ
1569 4780 1696 4851 ὀχύ-

134 4899 317 4954 ρωμα,
342 4880 376 4952 ἦ
400 4883 479 4944 είς
499 4881 594 4952 τὴν
623 4880 903 4952 περιοχὴν,
934 4878 966 4948 ἢ
997 4881 1076 4941 εἰς
1095 4878 1193 4947 τὴν
1219 4873 1528 4944 πολιορκίαν
1546 4890 1558 4902 ο
1581 4868 1698 4926 εἶτα

130 4971 385 5042 δεύτερον
409 4968 568 5024 ἆθλον
599 4967 970 5036 ἀγωνίζονται,
1001 4967 1058 5020 ὃν
1071 4963 1662 5034 διασαφοῦσι,λέγοντες
1681 4981 1694 4992 ·

136 5062 338 5115 (Ἔθου
372 5062 576 5132 θλίψεις
618 5063 709 5114 ἐπὶ
748 5061 839 5114 τὸν
877 5058 1042 5111 νῶτον
1073 5057 1247 5128 ἡμῶν.
1281 5076 1299 5108 ι
1340 5055 1493 5117 Κατὰ
1522 5055 1578 5108 δὲ
1608 5055 1699 5109 τὸν

142 5150 379 5205 Ἀκύλαν
394 5154 555 5221 φασίν
569 5169 584 5184 ·
608 5171 627 5203 ς
641 5152 880 5222 Ἔθηκας
899 5151 1125 5221 τρισμὸν
1147 5151 1201 5201 ὲν
1223 5148 1299 5217 τῷ
1319 5147 1659 5218 νώτῳήμῶν·
1675 5169 1692 5199 ι

131 5241 281 5295 κατὰ
310 5240 368 5292 δὲ
393 5241 482 5295 τὸν
513 5241 824 5311 Σύμμαχον⁹
861 5240 1135 5310 «Ἐθηκας
1163 5237 1429 5292 κύκλωσιν
1451 5240 1515 5308 τῇ
1540 5238 1698 5307 όσφύῖ

129 5331 316 5403 ἡμῶν,
349 5351 368 5383 ι
399 5329 625 5402 Δηλοῦσι
647 5330 705 5383 δὲ
725 5331 813 5384 διὰ
837 5331 1036 5383 τούτων
1056 5329 1154 5392 τὰς
1175 5329 1313 5382 κατὰ
1331 5327 1424 5381 τοῦ
1451 5328 1697 5398 σώματος

132 5423 376 5494 πληγὰς,
407 5421 472 5486 ἃς
502 5422 688 5493 ἐδήλου
720 5421 1046 5491 σαφέστερον
1081 5423 1110 5473 ό
1144 5420 1461 5482 Ἀπόστολος
1486 5420 1657 5488 λέγων
1684 5440 1693 5452 “

136 5534 156 5566 ι
189 5514 332 5586 Τρὶς
373 5511 747 5585 ὲρῤασδίσθην,
775 5510 919 5574 ἅπαξ
959 5510 1264 5582 ἐλιθάσθην,
1299 5511 1401 5562 ὑπὸ
1436 5511 1698 5565 Ἰουδαίων

131 5606 550 5678 τεσσαράκοντα
577 5602 727 5675 παρὰ
750 5602 878 5673 μίαν
905 5601 1113 5655 ἔλαϐον.
1146 5623 1162 5653 ι
1196 5601 1348 5656 Μετὰ
1382 5601 1437 5654 δὲ
1473 5600 1570 5664 τὰς
1596 5604 1702 5672 εἱρ-

134 5697 277 5760 κτὰς
307 5697 402 5749 καὶ
433 5695 532 5760 τὰς
570 5693 712 5750 κατὰ
757 5693 864 5748 τῶν
908 5692 1089 5746 νώτων
1118 5693 1150 5760 ἢ
1185 5692 1325 5747 κατὰ
1352 5692 1460 5747 τῶν
1489 5692 1702 5760 ὀσφύων

245 5872 285 5907 “’
313 5872 438 5932 Pr"
495 5891 682 5942 cum.
710 5876 762 5934 7.
838 5875 881 5909 ⁸⁸
921 5874 962 5931 ll
993 5874 1120 5933 Cor.
1154 5892 1228 5941 ιι,
1264 5851 1359 5931 25..

1800 4704 1904 4757 est,
1935 4699 1989 4746 et
2018 4705 2118 4745 nos
2147 4688 2360 4742 liberati
2392 4701 2582 4740 sumus
2607 4685 2675 4740 ⁸⁷.
2721 4702 2738 4735 ι
2773 4668 2958 4735 Primo
2989 4677 3204 4748 quidem
3259 4676 3354 4743 qui

1799 4785 1922 4854 igne
1937 4781 2354 4842 examinantur,
2396 4779 2452 4831 in
2501 4777 2754 4846 laqueum
2791 4772 3122 4827 inducuntur
3155 4768 3269 4821 sive
3297 4767 3362 4821 in

1798 4875 2131 4946 praesidium,
2183 4872 2238 4925 in
2285 4871 2646 4926 munitionem
2704 4875 2797 4923 aut
2855 4866 2908 4919 in
2969 4861 3350 4924 obsidionem;

1799 4965 2038 5023 secundo
2066 4972 2340 5020 certamen
2367 4965 2603 5030 obeunt;
2632 4962 2774 5034 quod
2803 4956 3107 5030 signiﬁcant
3138 4954 3222 5008 his
3246 4968 3356 5008 ver-

1798 5058 1883 5113 bis
1920 5075 1933 5110 :
1972 5074 1990 5107 ι
2028 5055 2268 5110 Posuisti
2318 5055 2699 5110 tribulationes
2743 5053 2796 5106 in
2849 5050 3014 5103 dorso
3074 5056 3301 5111 nostro;
3331 5064 3349 5096 ι

1799 5149 2100 5206 secundum
2132 5148 2379 5219 Aquilam
2412 5155 2542 5200 vero
2569 5145 2792 5219 dicunt:
2829 5160 2847 5192 ι
2881 5139 3116 5196 Posuisti
3147 5137 3355 5191 contri-

1799 5243 2000 5297 tionem
2029 5242 2086 5296 in
2116 5241 2281 5297 dorso
2299 5236 2523 5303 nostro;
2555 5256 2574 5288 ι
2611 5216 2908 5290 secundum
2932 5229 3314 5302 Symmachum
3338 5247 3350 5282 :

1805 5355 1822 5387 ι
1856 5333 2099 5389 Posuisti
2131 5333 2394 5388 circulum
2428 5326 2629 5382 lumbis
2669 5325 2892 5380 nostris.
2934 5343 2951 5375 ι
2990 5322 3085 5377 llis
3108 5333 3235 5374 vero
3264 5318 3358 5371 de-

1800 5427 2012 5482 clarant
2039 5416 2519 5490 inﬂictasfcorpori
2547 5418 2750 5487 plagas,
2774 5429 2910 5484 quas
2941 5409 3178 5482 apertius
3195 5421 3356 5462 enar-

1799 5516 1943 5570 ravit
1992 5515 2286 5586 Apostolus
2330 5513 2518 5568 dicens
2550 5531 2561 5566 :
2601 5530 2618 5562 ε
2652 5510 2757 5563 Ter
2787 5505 2954 5576 virgis
2988 5516 3161 5557 caesus
3209 5515 3352 5560 sum,

1802 5607 1971 5665 semel
1997 5603 2268 5675 lapidatus
2300 5619 2443 5664 sum,
2488 5617 2518 5658 a
2562 5599 2761 5656 Judzeis
2817 5594 3192 5666 quadragenas
3253 5605 3356 5642 uua

1801 5700 1986 5756 minus
2016 5697 2284 5755 acceni“.
2320 5714 2340 5749 ι
2375 5694 2504 5749 Post
2527 5706 2793 5756 carceres,
2823 5696 2944 5758 post
2972 5686 3157 5755 plagas
3197 5682 3360 5737 dorso
