3976 6348
698 402 803 479 665

1399 405 1666 464 EUSEBII
1699 408 2172 466 CAISARIENSIS
2202 412 2237 468 Ο

2339 456 2351 468 .
2391 411 2569 468 PARS
2606 413 2767 469 lll.—
2801 406 3206 471 EXEGETICA.
3758 420 3836 474 664

698 537 792 582 aut
851 526 1045 580 lumbis
1094 525 1338 581 incussas
1391 526 1504 581 hazc
1571 526 1824 582 addunt:
1863 547 1881 579 ι
1921 527 2229 598 lmposuisti

2338 532 2558 602 πληγάς·
2595 551 2613 582 ‹
2636 531 2986 594 Ἐπεϐίὸασας
3017 529 3326 601 ἀνθρώπους
3358 531 3446 584 ἐπὶ
3504 534 3600 596 τὰς
3640 537 3838 602 κεφαλὰς

699 618 943 672 homines
976 632 1137 685 super
1157 618 1332 684 capita
1354 627 1558 671 nostra.
1600 636 1617 667 ι
1664 615 1789 680 Haec
1831 624 2007 671 autem
2033 618 2231 672 intelli-

697 723 811 778 ges,
840 721 960 760 cum
992 706 1176 761 videas
1202 707 1389 762 atheos
1416 716 1470 760 et
1500 706 1698 776 impios
1719 709 1866 761 viros
1901 711 2234 777 persecutio-

698 815 823 852 num
860 807 1098 866 tempore
1124 799 1462 866 insurgentes
1490 812 1551 850 ac
1592 807 1780 852 contra
1805 798 1997 853 divinae
2023 800 2232 868 religio-

695 890 782 943 nis
810 890 1035 945 athletas
1061 905 1180 944 sese
1202 890 1551 954 extollentes;
1585 889 1685 944 hos
1720 905 1848 944 vero
1898 891 2138 960 abjectos
2171 907 2234 945 ac

695 980 845 1032 vultu
896 980 1134 1034 demisso
1176 980 1244 1033 ob
1281 979 1591 1049 blasphema
1636 981 1778 1034 dicta
1827 988 1880 1035 et
1915 981 2230 1049 jactantiam

699 1069 994 1123 atheorum.
1026 1068 1090 1123 Et
1117 1084 1244 1122 vero
1273 1069 1589 1139 plerumque
1636 1071 1720 1125 vel
1763 1072 1997 1140 pupillas
2043 1073 2230 1126 oculo-

696 1173 813 1210 rum
843 1158 1216 1220 verberabant,
1242 1159 1368 1211 dum
1402 1159 1574 1227 capita
1604 1159 1926 1212 athletarum
1947 1157 2039 1213 Dei
2061 1160 2230 1230 plagis

695 1247 978 1302 caderent.
1007 1245 1112 1302 Sed
1140 1248 1254 1302 hac
1284 1249 1464 1302 omnia
1485 1288 1498 1311 ,
1528 1249 1680 1302 aiunt
1720 1247 1813 1303 Dei
1859 1256 2140 1319 martyres,
2173 1257 2230 1303 tu

694 1338 870 1401 nobis,
902 1337 1064 1402 Deus,
1093 1338 1360 1393 .induxisti
1394 1357 1406 1392 :
1441 1354 1539 1393 nec
1580 1345 1760 1394 tamen
1791 1346 1844 1393 te
1871 1337 2078 1394 volente
2105 1341 2232 1410 quid

696 1429 872 1483 simile
895 1429 951 1482 in
983 1443 1085 1483 nos
1113 1429 1394 1484 admittere
1426 1429 1542 1484 ausi
1575 1437 1722 1494 sunt,
1756 1430 1847 1485 sed
1874 1431 2231 1500 permittente.

698 1517 876 1582 Quare
912 1517 991 1573 sic
1028 1532 1147 1572 eum
1179 1519 1563 1588 alloquuntur:
1601 1539 1619 1570 ‹
1649 1518 1910 1575 lnduxisti
1942 1534 2041 1574 nos
2074 1520 2128 1573 in
2157 1521 2235 1574 la-

696 1622 912 1676 queum.
955 1627 974 1659 ›
1004 1607 1085 1662 Τιι
1119 1610 1260 1663 enim
1311 1624 1409 1664 nos
1452 1625 1669 1665 carcere
1709 1611 1937 1665 detineri
1980 1611 2232 1673 curabas.

698 1700 822 1766 quia
853 1698 903 1751 id
950 1697 1060 1752 ﬁeri
1093 1699 1462 1768 permittebas.
1501 1701 1580 1754 Tu
1610 1715 1825 1769 quoque
1870 1701 2108 1769 ponebas
2140 1702 2234 1753 tri-

699 1788 998 1844 bulationes
1029 1789 1086 1842 in
1117 1787 1280 1844 dorso
1310 1799 1516 1844 nostro.
1553 1789 1735 1859 Neque
1773 1792 1916 1844 enim
1958 1792 2012 1845 id
2046 1792 2235 1845 adver-

698 1894 814 1933 sum
849 1893 948 1934 nos
987 1879 1108 1932 ausi
1148 1887 1351 1941 essent,
1395 1879 1439 1931 si
1490 1894 1590 1933 nos
1627 1894 1786 1932 manu
1825 1887 2108 1948 protegens
2143 1890 2235 1935 tua

696 1969 1077 2024 custodiisses.‘
1115 1967 1197 2022 Tu
1241 1980 1369 2022 vero
1410 1969 1595 2024 atheos
1636 1969 1882 2025 homines
1927 1972 2234 2040 imposuisti

697 2056 1070 2125 supercapita
1114 2064 1321 2110 nostra.
1347 2057 1425 2110 Ad
1453 2058 1566 2112 haec
1607 2067 1783 2112 autem
1833 2061 1887 2113 in
1936 2067 2234 2114 extremum

699 2143 964 2218 malorum
995 2143 1345 2211 devenimus;
1379 2161 1503 2200 nam
1533 2147 1621 2200 alii
1651 2147 1869 2217 quidem
1912 2150 2020 2218 igni
2051 2149 2235 2204 traditi

696 2239 922 2286 mortem
969 2233 1370 2300 Sustinuerunt;
1409 2236 1499 2288 alii
1548 2237 1601 2290 in
1627 2253 1764 2307 aqua
1791 2240 2043 2294 exstincti
2087 2248 2229 2296 sunt.

698 2319 919 2376 Ferrum
959 2324 1176 2393 quippe,
1204 2332 1256 2378 et
1299 2325 1441 2379 ferro
1483 2327 1629 2380 illata
1678 2331 1962 2398 supplicia,
2021 2333 2236 2402 aliaque

699 2413 888 2496 mortis
914 2427 1127 2482 genera,
1151 2429 1270 2482 qua?
1289 2416 1518 2468 maxima
1540 2431 1666 2485 pars
1689 2427 1930 2474 nostrum
1956 2423 2231 2486 sustinuit,

699 2515 796 2569 pro
828 2502 996 2556 nihilo
1021 2511 1335 2573 reputantur
1360 2521 1425 2560 ex
1449 2505 1774 2562 deteriorum
1804 2513 2249 2581 comparatione.-

699 2591 1052 2655 Quamobrem
1080 2595 1191 2648 haec
1220 2595 1435 2664 quidem
1471 2605 1726 2654 tacemus.
1767 2599 1902 2666 Quia
1933 2618 2060 2658 vero
2096 2604 2234 2658 inter

699 2683 924 2746 atrocia,
977 2684 1107 2737 nihil
1142 2684 1416 2741 crudelius
1451 2702 1582 2744 nece
1619 2705 1712 2759 per
1757 2691 1930 2760 ignem
1960 2700 2013 2747 et
2041 2708 2234 2763 aquam

701 2772 1223 2837 illata'existimatur,
1251 2774 1364 2829 base
1401 2792 1500 2832 nos
1528 2794 1812 2848 perpessos
1834 2781 2084 2836 dicimus.
2101 2781 2234 2837 Nam

701 2863 789 2916 alii
821 2873 1062 2920 nostrum
1097 2867 1150 2920 in
1174 2869 1308 2921 mari
1333 2876 1387 2922 et
1413 2869 1466 2922 in
1492 2868 1798 2926 ﬂuminibus
1815 2873 2048 2930 demersi
2067 2885 2192 2932 sunt
2216 2894 2231 2940 ;

701 2955 794 3007 alii
822 2955 962 3024 ignis
989 2958 1312 3026 supplicium
1335 2959 1570 3030 luerunt.
1613 2959 1708 3016 His
1743 2964 1907 3018 tantis
1957 2965 2233 3033 suppliciis

702 3045 940 3113 probasti
973 3062 1092 3111 nos,
1118 3046 1279 3114 Deus,
1309 3049 1394 3105 bis
1421 3051 1675 3108 omnibus
1717 3054 1837 3123 igne
1876 3070 1975 3110 nos
2033 3057 2236 3110 exami-

581 3186 623 3200 ,.
702 3138 840 3191 nasti
870 3137 1011 3193 sicut
1041 3140 1380 3196 examinatur
1416 3151 1693 3212 argentum

774 3307 878 3364 Sed
917 3326 1038 3365 cum
1081 3312 1194 3367 haec
1234 3315 1492 3370 omniain
1526 3332 1624 3373 nos
1654 3301 1980 3384 induxisses,
2023 3330 2077 3375 tu
2121 3322 2236 3390 ipse

705 3414 916 3454 rursum
947 3401 1179 3455 eduxi‘sti
1208 3416 1307 3455 nos
1342 3403 1401 3455 in
1415 3402 1778 3474 refrigerium.
1817 3401 1933 3460 Non
1965 3410 2108 3461 enim
2137 3422 2236 3461 no-

705 3498 874 3544 strum
906 3501 1020 3544 erat
1048 3492 1173 3543 talia
1203 3492 1468 3547 sustinere
1488 3501 1540 3560 et
1569 3494 1711 3546 talia'
1735 3495 1985 3566 effugere,
2031 3497 2124 3550 sed
2157 3497 2236 3550 tui

705 3579 881 3648 magni
914 3579 1245 3647 Servatoris;
1276 3580 1416 3635 sicut
1445 3583 1587 3636 enim
1621 3584 1878 3639 induxisti
1915 3600 2014 3640 nos
2054 3587 2109 3638 in
2158 3585 2237 3638 la-

705 3684 922 3737 queum,
952 3672 1030 3724 sic
1060 3669 1289 3750 eduxisti
1324 3673 1379 3724 in
1405 3672 1765 3742 refrigerium.
1791 3673 2234 3743 Quandoquidem

707 3771 812 3811 non
838 3759 1128 3826 permisisti
1153 3766 1209 3812 ut
1233 3759 1409 3814 tristia
1428 3760 1516 3813 illa
1535 3760 1625 3814 diu
1647 3770 2050 3830 permanerent,.
2066 3778 2238 3832 neque

707 3848 762 3898 in
808 3846 1076 3899 inﬁnitum
1114 3848 1510 3903 tribulationem
1541 3852 1871 3918 protraxisti,
1899 3868 2070 3921 neque
2118 3868 2239 3921 per-

708 3937 904 3993 misisti
935 3945 991 3990 ut
1018 3937 1272 3993 diuturno
1294 3948 1535 4010 tempore
1578 3941 1822 3996 homines
1854 3943 2119 4010 capitibus
2157 3946 2240 3995 in-

709 4037 912 4084 starent
971 4029 1209 4094 nostris;
1239 4045 1409 4097 neque
1449 4031 1501 4085 in
1547 4033 1718 4100 ignem
1765 4034 1994 4101 conjecti
2032 4034 2123 4089 diu
2165 4034 2238 4086 ibi
2279 4073 2285 4080 .

710 4118 927 4179 versati,
960 4131 1134 4186 neque
1161 4118 1220 4171 in'
1237 4132 1429 4186 aquam
1469 4119 1662 4187 dejecti
1707 4122 1961 4192 absorpti
1993 4122 2235 4188 fuimus;

711 4205 804 4259 sed
832 4220 948 4259 eam
976 4206 1420 4278 pertransivimus
1451 4225 1464 4260 :
1491 4223 1658 4279 quare
1685 4209 1884 4263 dicitur
1915 4233 1925 4265 :
1970 4230 1988 4262 ι
2019 4211 2241 4267 Transi-

711 4294 884 4347 vimus
916 4308 1010 4361 per
1044 4293 1240 4363 ignem,
1272 4304 1326 4349 et
1347 4292 1670 4364 profundum
1712 4311 1979 4365 aquarum,
2023 4309 2242 4368 praeter-

711 4384 879 4452 gressi
904 4399 1126 4449 sumus;
1166 4403 1186 4436 ι
1221 4383 1342 4438 ideo
1379 4385 1609 4447 dicitur,
1650 4405 1666 4434 ι
1706 4401 1800 4453 per
1829 4402 2040 4454 aquam.
2090 4407 2107 4438 ι
2147 4387 2241 4444 His

2332 621 2502 689 ἡμῶν.
2536 642 2553 672 ι
2585 623 2691 674 Καὶ
2714 621 2867 674 τοῦτο
2913 621 2968 673 δὲ
3020 623 3248 691 νοήσεις,
3275 623 3411 692 ὁρῶν
3443 624 3578 676 κατὰ
3615 627 3733 689 τοὺς
3758 630 3837 683 τῶν
3938 621 3939 682 1

2332 708 2579 779 διωγμῶν
2602 711 2822 781 καιροὺς
2849 709 3270 779 ἐπεμϐαίνοντας
3295 712 3415 774 τοὺς
3440 712 3628 775 ἀθέους
3650 716 3735 766 καὶ
3751 719 3839 770 ἁσε·
3938 713 3939 770 ἶ

2333 799 2444 862 ὕεῖς
2467 800 2659 870 ἄνδρας
2688 801 2778 852 καὶ
2811 800 3299 871 κατεπαιρομένους
3321 802 3424 854 τῶν
3447 803 3542 872 τῆς
3571 803 3837 871 θεοσεϐείας
3938 799 3939 854 ἶ

2332 887 2593 958 ἀθλητῶν,
2630 890 2751 950 τοὺς
2796 889 2850 940 δὲ
2899 891 3340 958 ταπεινουμένους
3378 892 3470 942 καὶ
3501 891 3569 942 τὰ
3613 892 3838 960 πρόσωπα
3938 895 3939 900 “

2333 979 2782 1048 συνεσταλμένους
2816 979 2907 1030 ἐπὶ
2950 983 3064 1040 ταῖς
3093 980 3200 1030 τῶν
3229 979 3397 1032 ἀθέων
3430 981 3775 1050 βλασφημίαις
3798 1002 3836 1035 τε

2333 1066 2423 1118 καὶ
2458 1066 3007 1136 μεγαλαυχίαις.Ἤδη
3040 1069 3094 1119 δὲ
3127 1067 3378 1131 πολλάκις
3419 1071 3510 1122 καὶ
3549 1071 3686 1122 κατὰ
3711 1073 3838 1140 κόρης

2333 1154 2530 1222 ἔτυψαν
2557 1155 2801 1220 παίοντες
2847 1157 3076 1225 πληγαῖς
3099 1159 3194 1221 τὰς
3222 1159 3326 1211 τῶν
3351 1160 3592 1230 ἀθλητῶν
3619 1161 3710 1213 τοῦ
3736 1163 3837 1214 Θεοῦ

2332 1247 2584 1315 κεφαλάς.
2606 1247 2762 1300 Ἀλλὰ
2790 1246 2956 1300 ταῦτα
2978 1249 3170 1310 πάντα,
3193 1251 3352 1316 φασὶν
3385 1253 3430 1302 oi
3459 1252 3549 1304 τοῦ
3582 1252 3713 1303 Θεοῦ
3737 1254 3841 1323 μάρ-

2332 1352 2509 1406 τυρες,
2546 1337 2607 1389 σὺ
2634 1337 2762 1406 ἡμῖν
2790 1338 3080 1407 ἐπήγαγες,
3109 1340 3135 1390 ὁ
3163 1339 3310 1402 Θεός,
3337 1340 3425 1410 Μὴ
3453 1340 3558 1411 γάρ
3584 1359 3678 1393 σου
3705 1341 3840 1410 βουλο-

2336 1426 2514 1493 μένου,
2541 1426 2640 1479 οὑκ
2664 1426 2728 1480 ἄν
2765 1443 2816 1478 τι
2840 1427 3074 1480 τοιοῦτον
3103 1429 3220 1482 καθ’
3243 1429 3395 1499 ήμῶν
3420 1432 3676 1500 ἐτολμᾶτο
3701 1450 3712 1462 ·
3740 1450 3840 1500 συγ-

2334 1500 2628 1586 χωροῦντος
2673 1517 2729 1569 δέ
2775 1533 2888 1580 σου,
2917 1517 3064 1572 ταῦτ’
3094 1520 3316 1586 ἐγίνετο.
3347 1521 3435 1572 Διό
3466 1539 3594 1588 φασι
3617 1524 3747 1592 πρὸς
3772 1525 3842 1576 αὑ-

2332 1605 2420 1658 τόν
2441 1623 2451 1634 ο
2479 1624 2496 1655 ι
2522 1607 2823 1675 Είσήγαγες
2851 1609 2995 1676 ἡμᾶς
3018 1610 3096 1671 εἰς
3116 1608 3212 1679 τὴν
3240 1610 3454 1677 παγίδα.
3475 1630 3492 1662 ι
3522 1612 3589 1663 Σὺ
3607 1613 3713 1682 γὰρ
3732 1609 3842 1683 ἦσθα

2333 1695 2360 1744 ὁ
2381 1693 2792 1757 κατακλείστους
2817 1697 2958 1764 ἡμᾶς
2989 1698 3173 1763 ποιῶν,
3207 1701 3498 1768 συγχωρῶν
3523 1701 3576 1753 δέ
3603 1703 3764 1755 ταῦτα
3782 1705 3842 1771 γίι

2336 1781 2538 1834 νεσθαι.
2575 1781 2682 1833 Καὶ
2717 1782 2778 1833 σὺ
2807 1781 2926 1834 ἔθου
2959 1783 3161 1853 θλίψεις
3187 1788 3277 1838 ἐπὶ
3307 1787 3396 1841 τὸν
3420 1787 3585 1841 νῶτον
3607 1790 3843 1858 ήμῶν.οὐ

2333 1871 2438 1941 γὰρ
2459 1871 2522 1924 ἂν
2542 1870 2710 1924 ταῦτα
2731 1870 2847 1923 καθ’
2869 1873 2901 1942 ἡ
2911 1871 3023 1941 μῶν
3048 1874 3324 1942 ἐτολμᾶτο,
3349 1877 3396 1926 εί
3417 1878 3481 1943 τῇ
3513 1875 3704 1928 σαυτοῦ
3729 1880 3842 1946 χειρί

2337 1959 2608 2023 σκεπάσας
2638 1959 2947 2028 ἐφύλαττες.
2974 1960 3043 2012 Σὺ
3081 1961 3137 2012 δὲ
3165 1963 3255 2014 καὶ
3291 1963 3414 2023 τοὺς
3445 1963 3632 2024 ἀθέους
3671 1964 3842 2034 ἀνθρώ-

2335 2063 2464 2108 πους
2483 2045 2808 2109 ἐπεδίδασας
2834 2048 2923 2097 ἐπὶ
2941 2046 3037 2108 τὰς
3062 2047 3297 2115 κεφαλὰς
3318 2048 3636 2120 ἡμῶν.Ἤδη
3660 2051 3711 2102 δὲ
3738 2055 3841 2120 agri;

2331 2135 2537 2197 τούτοις
2583 2137 2660 2197 είς
2710 2135 2907 2206 ἔσχατα
2959 2137 3141 2190 κακῶν
3171 2137 3420 2208 ήλθομεν,
3449 2142 3498 2192 oi
3535 2142 3630 2209 μὲν
3672 2142 3752 2193 τὸν
3777 2143 3840 2194 διὰ
3940 2151 3941 2198 Ξ

2335 2225 2502 2294 πυρὸς
2551 2225 2933 2294 ὑπομείναντες
2976 2227 3217 2289 θάνατον,
3240 2231 3292 2297 pi
3340 2229 3396 2280 δέ
3436 2231 3527 2282 τὸν
3568 2230 3634 2282 δι’
3668 2230 3840 2294 ὕδατος.
3940 2225 3941 2286 ἶ

2332 2315 2552 2386 Σίδηρος
2592 2317 2687 2387 μὲν
2719 2315 2825 2387 γὰρ
2857 2319 2947 2370 καὶ
2976 2319 3031 2369 αἱ
3074 2318 3161 2371 διὰ
3206 2319 3418 2390 σιδήρου
3450 2320 3711 2384 κολάσεις,
3738 2322 3841 2374 oh:

2332 2404 2475 2457 ἄλλοι
2512 2405 2746 2467 θάνατοι,
2777 2404 2868 2468 οὓς
2898 2408 2946 2459 οί
2971 2405 3183 2470 πλείους
3211 2408 3365 2477 ήμῶν
3411 2409 3838 2484 ὑπομεμενήκασι,

2331 2502 2391 2550 τὸ
2424 2497 2587 2567 μηθὲν
2615 2497 2971 2568 ἐνομίσθησαν
3009 2498 3301 2567 παραθέσει
3346 2498 3451 2551 τῶν
3491 2499 3749 2570 χειρόνων.
3773 2501 3841 2551 Διὸ

2332 2591 2509 2641 ἐκεῖνα
2541 2588 2638 2658 μὲν
2669 2589 3080 2658 σεσιωπήκαμεν
3100 2605 3112 2618 ’
3139 2591 3258 2642 ἐπεὶ
3279 2589 3354 2651 δέ,
3382 2591 3455 2652 ὡς
3485 2592 3542 2641 ἐν
3561 2590 3757 2657 δεινοῖς,
3779 2591 3841 2640 0'5-

2331 2679 2419 2732 δέν
2446 2681 2623 2748 χεῖρον
2651 2677 2743 2730 τοῦ
2785 2677 2871 2730 διὰ
2910 2681 3076 2749 πυρὸς
3103 2679 3328 2732 θανάτου
3354 2680 3444 2732 καὶ
3468 2679 3663 2732 τοῦ-δι’
3687 2679 3842 2756 ὓδατος

2332 2770 2667 2839 νενόμισται,
2699 2767 2963 2823 ταῦτα-δέ
3009 2771 3146 2824 αὑτά
3184 2787 3355 2840 φαμεν
3386 2772 3838 2842 ὑπομεμενηκέναι.

2334 2860 2488 2921 Τινὲς
2526 2859 2620 2928 μὲν
2652 2857 2758 2928 γὰρ
2785 2859 2938 2928 ἡμῶν
2971 2859 3281 2929 ὑποϐρύχιοι
3311 2857 3544 2928 θαλάττῃ
3590 2861 3676 2911 καὶ
3710 2875 3841 2910 ποτα-

2336 2953 2450 3019 μοῖς
2473 2949 2838 3020 παρεδόθησαν
2859 2965 2871 2977 ⁸
2900 2952 2949 3002 οί
2970 2950 3025 3003 δὲ
3046 2951 3142 3019 τὴν
3160 2949 3246 3003 διὰ
3270 2951 3435 3021 πυρὸς
3457 2950 3840 3019 τιμωρίαν,ὑπέ-

2334 3055 2548 3108 στησαν.
2579 3036 2676 3090 Διὰ
2697 3037 2955 3090 τοσούτων
2981 3032 3072 3090 οὖν
3115 3037 3435 3107 ἐδοκίμασας
3461 3040 3626 3108 ἡμᾶς,
3659 3040 3686 3088 ὁ
3713 3037 3836 3098 Θεὸς,

2335 3131 2426 3187 καὶ
2456 3127 2543 3181 διὰ
2573 3127 2769 3180 τούτων
2803 3127 3049 3194 ἁπάντων
3082 3127 3363 3198 ἐπύρωσας
3395 3130 3558 3198 ἡμᾶς,
3577 3127 3656 3190 ὡς
3675 3125 3841 3196 πυροῦ-

2336 3235 2423 3270 ται
2445 3218 2504 3271 τὸ
2532 3217 2807 3287 ἀργύριον.

2418 3283 2584 3358 Ἀλλὰ-
2595 3283 2766 3359 ταῦτα
2789 3306 2961 3359 πάντα
2986 3306 3273 3375 ἐπαγαγὼν
3305 3283 3452 3378 ἡμῖν,
3484 3306 3640 3359 πάλιν
3673 3312 3730 3359 σὺ
3766 3322 3840 3357 αυ-
3942 3283 3943 3344 ἶ

2334 3396 2422 3459 τὸς
2443 3395 2711 3468 ἐξήγαγες,
2733 3398 2874 3466 ἡμᾶς
2895 3398 2972 3460 εἰς
2996 3397 3286 3468 ἀναψυχήν.
3317 3400 3399 3450 Οὑ·
3414 3396 3519 3467 γὰρ
3553 3397 3701 3467 ήμῶν
3721 3392 3780 3466 ἦν
3798 3396 3842 3446 τὺ

2337 3491 2618 3559 ὑπομεῖναι
2662 3492 2755 3544 καὶ
2785 3491 3059 3557 διαφυγεῖν
3092 3489 3158 3542 τὰ
3187 3488 3436 3552 τοσαῦτα,
3470 3488 3604 3541 ἀλλὰ
3650 3485 3736 3539 σοῦ
3775 3484 3842 3538 τοῦ

2340 3580 2568 3649 μεγάλου
2601 3581 2844 3650 Σωτῆρος
2862 3595 2876 3608 ·
2905 3577 2978 3642 ὡς
2999 3577 3104 3648 γὰρ
3129 3579 3410 3648 εἰσήγαγες
3433 3579 3510 3640 είς
3537 3577 3634 3646 τὴν
3658 3574 3840 3642 παγίδα.

2335 3671 2474 3724 οὕτω
2517 3671 2609 3723 καὶ
2643 3669 2904 3739 ἐξήγαγες
2945 3669 3021 3728 είς
3047 3665 3567 3737 άναψυχήν.Ἑπειδὴ
3597 3665 3670 3733 μὴ
3698 3663 3842 3731 παρά-

2340 3778 2473 3830 μονα
2523 3760 2705 3821 είασας
2755 3759 2904 3827 ἡμῶν
2941 3757 3008 3808 τὰ
3036 3756 3348 3826 σκυθρωπὰ,
3377 3755 3507 3824 μηδὲ
3549 3756 3626 3815 είς
3655 3753 3842 3821 ἄπειρον

2337 3851 2652 3921 παρέτεινας
2679 3849 2776 3918 τὴν
2810 3847 3001 3916 θλίψιν,
3035 3847 3164 3917 μηδὲ
3195 3848 3273 3908 είς
3307 3844 3508 3915 μακρὸν
3540 3843 3718 3914 χρόνον
3744 3858 3840 3892 συν-

2336 3940 2612 4011 εχώρησας
2636 3939 2882 4009 ἐπιϐῆναι
2903 3938 2996 3992 ἀνθ
3005 3937 3211 4008 ρώπους
3233 3937 3324 3988 ἐπὶ
3339 3935 3435 3996 τὰς
3451 3933 3683 4002 κεφαλὰς
3702 3931 3841 4002 ἡμῶν·

2337 4030 2449 4083 ἀλλ’
2474 4030 2593 4082 οὐδὲ
2635 4031 2691 4080 ἐν
2719 4028 2796 4097 τῷ
2835 4028 2964 4097 πυρὶ
2994 4026 3268 4096 γενόμενοι
3296 4025 3731 4094 ἐνυπεμείναμεν,
3751 4020 3842 4072 om

2338 4123 2395 4172 ἐν
2426 4119 2501 4190 τῷ
2527 4119 2674 4172 ὑδατι
2699 4117 3050 4188 ἐμϐληθέντες
3075 4109 3473 4186 κατεπόθημῖενυ
3511 4115 3602 4166 καὶ
3647 4111 3843 4166 τοῦτοδὲ

2338 4210 2617 4279 διήλθομεν
2635 4227 2646 4238 ι
2684 4209 2762 4260 διὸ
2793 4207 3033 4265 λέλεκται
3052 4223 3065 4235 ο
3102 4225 3120 4256 ι
3151 4199 3440 4275 Διήλθομεν
3469 4205 3556 4258 διὰ
3578 4206 3754 4275 πυρὸς,
3772 4202 3843 4251 ut

2339 4300 2429 4351 τὸν
2475 4298 2629 4368 βυθὸν
2671 4299 2776 4349 τῶν
2817 4297 3016 4350 ὑδάτων
3062 4297 3430 4370 διεξήλθομενο
3463 4316 3480 4348 ι
3515 4297 3592 4349 διὸ
3617 4296 3725 4357 καὶ,
3757 4293 3844 4345 ιδι⁸

2344 4389 2548 4451 ὓδατος,
2583 4407 2600 4439 ι
2651 4388 2875 4457 εἴρηται.
2917 4389 3025 4440 Καὶ
3053 4388 3115 4457 δὴ
3141 4389 3230 4441 ἐπὶ
3251 4389 3457 4450 τούτοις
3489 4388 3681 4441 ἅπασιν
3711 4386 3844 4450 ἐγγύα

673 4525 678 4528 .
711 4476 958 4528 omnibus
987 4490 1086 4530 nos
1121 4477 1379 4545 probasti,
1417 4486 1735 4546 sumptoque
1757 4477 2022 4545 patientiae
2047 4486 2100 4533 et
2123 4494 2237 4547 per-

2352 4481 2569 4551 μνάσας,
2587 4483 2731 4550 ἡμᾶς
2761 4481 2850 4531 καὶ
2878 4480 2974 4549 τῆς
2997 4481 3265 4550 ὑπομονῆς
3287 4480 3441 4549 ἡμῶν
3461 4477 3667 4544 καὶτῆς
3690 4489 3848 4545 καρτε-

714 4564 1025 4618 εονετθηιίω
1044 4572 1253 4620 nostrae
1276 4567 1661 4636 experimento,
1692 4569 1926 4622 eduxisti
1961 4586 2059 4624 nos
2077 4571 2133 4622 in
2157 4586 2243 4624 re-

715 4652 1024 4723 frigerium;
1055 4653 1184 4719 sive,
1212 4657 1504 4711 secundum
1530 4657 1929 4728 Symmachum,
1971 4679 1988 4710 ι
2032 4660 2085 4713 in
2119 4661 2241 4714 lati-

715 4744 972 4798 tudinem.
1016 4763 1034 4795 ι
1071 4742 1184 4798 Hoc
1209 4755 1382 4800 autem
1409 4745 1623 4802 diverso
1647 4749 1804 4803 modo
1834 4749 2110 4819 impletum
2138 4759 2239 4806 est.

715 4830 844 4884 Nam
867 4847 988 4886 cum
1016 4848 1180 4888 unum
1209 4835 1278 4888 sit
1306 4835 1986 4912 religiosorum‘bominum
2013 4855 2241 4910 corpus;

716 4929 768 4976 et
793 4923 879 4976 alii
905 4923 1120 4992 quidem
1147 4923 1260 4979 hate
1284 4927 1428 4994 passi
1470 4927 1598 4992 sint,
1637 4928 1727 4980 alii
1758 4930 2079 4998 supplicium
2127 4931 2236 4985 lue-

717 5015 842 5077 rint,
867 5015 963 5068 ‘alii
991 5017 1163 5070 solum
1193 5018 1389 5071 mulcta
1411 5019 1670 5073 bonorum
1704 5023 1980 5074 exercitati
2007 5022 2241 5085 fuerint‘;

715 5105 803 5157 alii
840 5105 961 5172 fuga
1011 5114 1063 5159 et
1119 5122 1334 5162 secessu
1368 5107 1708 5166 familiarium
1766 5111 1970 5179 probati
2023 5112 2240 5175 fuerint,

717 5209 821 5247 non
859 5194 950 5247 diu
977 5203 1159 5262 postea
1191 5197 1428 5261 omnium
1468 5198 1591 5253 ﬁnis
1630 5201 1879 5254 omnibus
1917 5199 2124 5257 faustus
2151 5217 2243 5255 oc-

716 5283 905 5336 currit.
937 5281 1068 5335 Nam
1094 5283 1182 5337 Dei
1238 5295 1497 5355 martyres
1535 5296 1706 5342 morte
1747 5292 2122 5353 consummati,
2152 5305 2243 5344 ve-

717 5386 836 5424 rum
889 5372 1220 5441 refrigerium
1270 5375 1625 5438 invenerunt,
1669 5383 1727 5428 ut
1769 5377 1946 5431 dicere
1995 5381 2241 5434 valeant:

723 5479 741 5511 ι
774 5462 1111 5525 Convertere,
1135 5463 1306 5517 anima
1324 5480 1461 5527 mea,
1481 5466 1533 5518 in
1552 5466 1788 5532 requiem
1808 5475 1973 5532 tuam,
1999 5471 2120 5536 quia
2144 5469 2247 5524 Do-

717 5552 895 5605 minus
911 5551 1176 5625 .beuelecit
1198 5553 1313 5615 tibi,
1331 5555 1580 5621 quoniam
1607 5555 1800 5623 eripuit
1822 5556 2050 5611 animam
2075 5575 2246 5614 meam

717 5638 784 5695 de
819 5649 988 5693 morte
1010 5640 1074 5702 ",
1125 5659 1141 5689 ι
1181 5648 1284 5692 etc.
1318 5640 1438 5696 llzec
1464 5643 1850 5713 quippeallinia
1897 5647 2247 5714 prasentibus

789 5753 832 5785 ⁶⁹
861 5751 999 5806 Psal.
1032 5767 1171 5807 cxlv.
1199 5753 1246 5809 Ἰ.
1280 5752 1310 5796 8

2353 4572 2468 4640 ρίας
2491 4571 2586 4639 τὴν
2611 4568 2831 4639 δοκιμὴν
2850 4570 3023 4623 λαϐὼν
3044 4571 3301 4640 ἐξήγαγες
3323 4568 3466 4635 ἡμᾶς
3486 4569 3564 4628 είς
3582 4565 3842 4631 ἀναψυχήν·

2349 4661 2379 4728 ἢ
2417 4660 2555 4714 κατὰ
2576 4659 2663 4712 τὸν
2693 4659 2999 4730 Σύμμαχον,
3033 4677 3052 4708 ι
3076 4662 3153 4721 είς
3180 4656 3531 4726 εὐρυχωρίαν.
3554 4676 3570 4705 ι
3594 4655 3696 4731 Καί
3725 4652 3840 4704 τοῦτ(

2348 4750 2401 4802 δὲ
2435 4750 2728 4820 ἐπληροῦτο
2748 4751 3012 4820 διαφόρως
3030 4766 3045 4778 ·
3077 4747 3191 4809 ἐνὸς
3217 4747 3324 4815 γὰρ
3353 4747 3498 4807 ὄντος
3521 4744 3610 4796 τοῦ

2350 4839 2516 4892 σεϐῶν
2556 4840 2818 4910 σώματος,
2848 4841 2940 4893 καὶ
2971 4839 3075 4890 τῶν
3106 4837 3200 4907 μὲν
3234 4837 3358 4890 τάδε
3395 4833 3740 4895 πεπονθότων,

2349 4930 2404 4981 δὲ
2431 4929 2828 4998 ὑπομεινάντων
2854 4928 3139 4998 τιμωρίαν,
3173 4927 3279 4980 τῶν
3309 4927 3363 4978 δὲ
3387 4927 3454 4996 τῇ
3483 4924 3586 4977 τῶν
3611 4923 3841 4995 ὑπαρχόν-

2349 5037 2452 5070 των
2488 5019 2654 5090 ζημίᾳ
2701 5019 2835 5092 μόνῃ
2880 5016 3322 5087 δοκιμασθέντων,
3351 5016 3458 5068 τῶν
3499 5017 3553 5069 δὲ
3593 5016 3674 5069 διὰ
3705 5015 3843 5084 φυγῆς

2350 5108 2440 5158 καὶ
2466 5109 2563 5178 τῆς
2594 5109 2699 5161 τῶν
2724 5109 2935 5160 οίκείων
2969 5107 3354 5175 ἀναχωρήσεως
3391 5107 3842 5177 ἐγγυμνασθέντων,

2349 5200 2446 5250 οὑκ
2489 5179 2566 5262 είς
2611 5199 2812 5269 μακρὸν
2852 5185 2916 5249 ’τὸ
2959 5195 3167 5273 πάντων
3202 5196 3349 5258 τέλος
3379 5199 3491 5260 τοῖς
3525 5200 3680 5249 πᾶσιν
3709 5195 3843 5247 αἴσιοι

2347 5289 2580 5359 ᾲπήντα.
2610 5291 2672 5342 Οἱ
2705 5289 2800 5358 μὲν
2827 5288 2932 5356 γὰρ
2961 5286 3053 5339 τοῦ
3087 5284 3219 5338 Θεοῦ
3255 5287 3522 5357 μάρτυρες
3553 5287 3637 5339 διὰ
3666 5285 3750 5336 τοῦ
3773 5281 3842 5332 θα-

2350 5379 2506 5431 νάτου
2539 5377 2924 5439 τελειωθέντες,
2953 5376 3047 5446 τὴν
3075 5375 3290 5446 άληθῶς,
3324 5376 3594 5445 ἀναψυχὴν
3635 5374 3840 5442 sum.

2351 5470 2424 5532 ὡς
2462 5469 2714 5523 δύνασθαι
2751 5468 2939 5536 φάναιο
2975 5487 2992 5517 ι
3015 5465 3379 5536 Ἑπίστρεψον,
3415 5468 3449 5534 ὴ
3480 5465 3620 5532 ψυχή
3654 5477 3761 5530 μου,
3787 5459 3841 5513 εἰς

2349 5560 2445 5628 τὴν
2495 5556 2790 5613 ἀνάπαυσιν
2841 5573 2952 5618 σου,
2982 5557 3063 5609 ὅτι
3103 5555 3300 5623 Κύριος
3337 5550 3661 5622 εὐηργέτησε
3683 5564 3761 5601 σι·
3784 5548 3840 5597 δτι

2351 5649 2585 5714 ἐξείλατο
2629 5647 2722 5702 τὴν
2764 5647 2935 5716 ψυχήν
2981 5663 3078 5715 μου
3117 5647 3178 5698 ἐκ
3211 5644 3451 5704 θανάτου,
3483 5661 3499 5693 ι
3529 5641 3704 5696 καὶτὰ
3729 5637 3839 5707 ἑξῆς.
