3966 6340
121 404 207 461 B65

1182 406 1674 464 COMMENTARlA
1712 406 1778 461 IN
1815 405 2148 462 PSALMOS.

3185 410 3287 466 668

131 521 336 590 Ἀδελφα
369 539 475 593 γαρ
512 536 576 576 αν
609 523 693 593 εἴη
733 523 902 577 ταῦτα
926 520 1032 576 των
1056 522 1141 576 διά
1165 523 1270 576 τῶν
1304 524 1439 594 μετὰ
1465 527 1626 596 χεῖρα

1751 529 1910 577 sunt:
1938 541 1954 572 ι
1991 520 2093 588 Qui
2130 526 2308 591 posuit
2334 511 2564 573 animam
2591 533 2766 573 meam
2797 530 2860 573 ad
2887 521 3072 583 vitam,
3102 528 3154 574 et
3182 535 3286 572 non

119 614 410 679 φασκόντων
429 632 442 645 ·
479 634 496 664 ι
527 614 630 667 Τοῦ
660 614 880 685 θεμένου
910 615 1003 686 τὴν
1032 616 1206 687 ψυχήν
1242 632 1340 686 μου
1373 617 1451 680 είς
1482 615 1644 687 ζωὴν,

117 702 198 752 καὶ
228 701 297 772 μὴ
337 701 517 765 δόντος
549 704 627 765 είς
663 701 818 756 σάλον
863 704 986 765 τοὺς
1017 702 1177 765 πόδας
1204 718 1301 772 μου
1321 719 1334 732 ο
1375 721 1394 752 ι
1423 702 1516 754 καὶ
1546 701 1648 754 πά-

117 791 185 844 λιν
202 809 214 821 ·
246 810 263 842 ι
291 793 401 846 Kal
433 791 692 862 ἐξήγαγες
723 793 867 861 ἡμᾶς
895 794 972 854 είς
995 792 1290 864 ἀναψυχήν.
1315 793 1376 846 Ol
1403 791 1459 844 δὲ
1491 793 1546 844 έν
1571 790 1647 860 τῷ

120 885 203 953 βίῳ
249 884 643 954 πεφυλαγμένοι
695 879 928 954 καὶτὴν
969 882 1060 935 τοῦ
1103 881 1336 954 διωγμοῦ
1378 882 1646 952 πυρκαϊάν

118 973 522 1026 ἀποσϐεσθεῖσαν
560 973 891 1041 τεθεαμένοι,
925 972 980 1022 ὲν
1024 973 1210 1042 εἰρήνῃ
1259 960 1454 1041 φαιδρᾷ
1481 987 1645 1022 κατα-

120 1068 338 1128 στάντες,
365 1065 465 1133 τῆς
502 1062 776 1132 ἀναψυχῆς
816 1061 1024 1130 ἔτυχον,
1049 1062 1140 1113 καὶ⁸
1164 1063 1240 1138 είς
1267 1060 1435 1131 εῦδιον
1457 1059 1645 1138 λιμένα

119 1156 547 1225 καταντήσαντες,
580 1154 671 1206 καὶ
704 1152 798 1221 τῆς
838 1152 971 1221 μετά
1001 1151 1092 1204 τοῦ
1116 1136 1349 1220 διωγμοῦ
1378 1136 1640 1221 εὐφροσύ-

116 1262 195 1312 νης
222 1245 634 1306 ἀπολαύσαντες.
668 1244 894 1310 Νοήσεις
923 1243 978 1295 δὲ
1006 1243 1148 1304 ὅπως
1177 1241 1383 1313 εἴρηται
1415 1240 1640 1294 ἐνταῦθα

120 1337 180 1387 τέ’
197 1354 213 1385 ι
235 1335 590 1397 Ἐπεδίὸασας
611 1323 923 1405 ἀνθρώποῦς
944 1335 1034 1386 ἐπὶ
1058 1333 1153 1395 τὰς
1175 1331 1410 1400 κεφαλάς
1428 1333 1601 1403 ἡμῶν,
1615 1352 1634 1382 ι

119 1426 356 1495 παραθεὶς
388 1426 448 1478 τὸ
476 1427 532 1477 ὲν
566 1426 734 1496 ἑτέρῳ
763 1425 1070 1496 εἰρημένον·
1119 1443 1136 1474 ι
1166 1423 1275 1475 Kal
1319 1421 1411 1475 νῦν
1460 1422 1636 1490 ῦψωσε

117 1516 332 1584 κεφαλήν
367 1532 467 1585 μου
503 1515 593 1567 ἐπὶ
631 1514 853 1585 ἐχθρούς
889 1513 1335 1584 μου.Ἐκύκλωσα
1361 1514 1451 1565 καὶ
1476 1512 1637 1564 ἔθυσα

116 1609 160 1657 ὲν
181 1609 242 1675 τῇ
266 1609 432 1676 σκηνῇ
466 1623 556 1658 σου
591 1606 777 1660 Θυσίαν
801 1605 1133 1675 ἀλαλαγμοῦ.
1166 1605 1398 1675 »Ὥσπερ
1417 1603 1522 1674 γὰρ
1547 1623 1638 1656 κα-

117 1697 168 1748 τὰ
206 1697 324 1758 τοὺς
367 1697 474 1748 τῶν
521 1695 771 1766 διωγμῶν
813 1696 1031 1766 καιροὺς
1064 1695 1405 1764 ἐπανίστησιν
1449 1684 1636 1758 όΘεὺς

115 1788 402 1858 ἀνθρώπους
429 1790 519 1841 ἐπὶ
536 1789 633 1852 τὰς
653 1787 887 1858 κεφαλὰς
907 1787 1080 1858 ἡμῶν,
1103 1786 1241 1840 οὕτω
1275 1786 1410 1854 μετὰ
1448 1785 1630 1849 ταῦτα,

1747 613 1895 669 dedit
1952 614 2007 666 in
2067 613 2484 666 commotionem
2541 610 2703 680 pedes
2766 608 2916 668 meos
2957 628 2973 678 ;
3015 630 3033 662 ι
3079 627 3140 666 ac
3168 628 3288 680 rur-

1747 719 1864 759 sum
1905 722 1917 758 :
1960 721 1979 754 ‹
2014 701 2078 756 Et
2103 701 2336 758 eduxisti
2364 715 2464 756 nos
2494 701 2546 754 in
2581 701 2941 770 refrigerium.
2983 720 3001 752 ι
3043 701 3145 767 Qui
3192 715 3288 754 au-

1745 802 1850 849 tem
1890 795 2212 863 superstites
2234 791 2432 847 servati
2472 800 2617 854 sunt,
2647 792 3073 859 restinctumque
3103 808 3287 861 perse-

1745 885 1985 940 cutionis
2009 883 2314 938 incendium
2339 883 2610 956 viderunt,
2635 884 2689 935 in
2717 882 2951 951 jucunda
2982 898 3114 951 pace
3153 899 3285 937 con-

1745 975 1940 1040 stituti,
1972 960 2326 1041 refrigerium
2373 973 2519 1027 nacti
2555 980 2703 1032 sunt.
2740 981 2794 1026 et
2841 975 2892 1025 in
2933 973 3282 1041 tranquillum

1743 1072 1957 1134 portum
1998 1063 2249 1132 ingressi,
2277 1069 2396 1132 post
2434 1061 2864 1132 persecutionem
2917 1061 3097 1114 laetitia
3137 1060 3282 1116 frue-

1740 1155 1956 1208 bantur.
2001 1151 2140 1209 Sane
2183 1155 2451 1223 intelligas
2508 1168 2611 1222 qua
2665 1155 2873 1206 ratione
2913 1153 3001 1205 hic
3032 1153 3277 1207 dicatur:
3361 1199 3367 1210 ..

1745 1260 1763 1293 ι
1797 1243 2105 1312 imposuisti
2139 1243 2382 1317 homines
2411 1258 2573 1312 super
2596 1243 2772 1311 capita
2806 1249 3012 1304 nostra,
3047 1261 3064 1293 ι
3095 1241 3138 1296 si
3169 1242 3280 1296 haec

1736 1324 1985 1389 conferas
2018 1349 2141 1388 cum
2171 1335 2272 1389 hoc
2302 1335 2528 1390 alterius
2557 1334 2747 1403 psalmi
2781 1333 2927 1387 dicto
2957 1350 2970 1385 :
3007 1350 3026 1382 ι
3053 1331 3115 1385 Et
3137 1347 3281 1385 nunc

1734 1423 1990 1478 exaltavit
2009 1431 2169 1493 caput
2197 1439 2373 1479 meum
2400 1438 2562 1492 super
2583 1425 2830 1478 inimicos
2860 1438 3029 1478 meos.
3047 1421 3279 1477 Circuivi

1735 1520 1786 1565 et
1815 1512 2085 1566 immolavi
2140 1512 2194 1564 in
2242 1513 2593 1566 tabernaculo
2621 1522 2715 1565 tuo
2745 1512 2977 1565 hostiam
3005 1511 3281 1580 iubilatio-

1736 1596 1902 1652 nis".
1941 1616 1960 1649 ι
2012 1596 2475 1662 Quemadmodum
2516 1599 2656 1652 enim
2705 1599 3098 1667 persecutionis
3139 1609 3277 1654 tem-

1735 1703 1862 1758 pore
1887 1689 2113 1759 imponit
2141 1689 2282 1744 Deus
2310 1690 2554 1745 homines
2584 1705 2745 1758 super
2769 1691 2943 1759 capita
2966 1681 3167 1754 nostra,
3202 1692 3276 1745 ita

1739 1790 2021 1850 postquam
2047 1781 2230 1834 eduxit
2259 1796 2358 1836 nos
2389 1783 2442 1834 in
2474 1780 2839 1851 refrigerium,
2874 1781 3073 1834 exaltat
3099 1782 3274 1849 capita

114 1881 185 1930 ὅτε
211 1880 465 1949 ἐξήγαγεν
492 1880 636 1948 ἡμᾶς
677 1879 755 1939 είς
797 1876 1092 1946 ἀναψυχὴν,
1124 1876 1245 1944 ὑψοϊ
1272 1875 1369 1937 τὰς
1403 1874 1626 1942 κεφαλάς

1735 1880 1920 1924 nostra
1971 1885 2132 1938 super
2180 1871 2429 1926 inimicos
2474 1878 2709 1925 nostros.
2758 1868 2930 1940 quue.
2965 1869 3275 1941 prophetico

115 1969 244 2038 ἡμῶν
264 1971 354 2022 ὲπὶ
381 1969 502 2030 τοὺς
531 1969 752 2039 ἐχθροὺς
775 1968 947 2038 ήμῶν.
974 1968 1082 2019 Kal
1113 1964 1267 2019 τοῦτο
1294 1966 1636 2036 προφητικῶς

113 2062 274 2131 ἐδήλου
299 2065 326 2114 ό
345 2063 546 2132 φήσας⁹
591 2079 608 2111 ι
635 2060 744 2112 Kal
770 2059 862 2114 νῦν
893 2057 1071 2129 ῦψωσε
1119 2058 1355 2128 κεφαλήν
1403 2073 1499 2128 μου
1544 2057 1634 2108 ἐπὶ

115 2151 309 2221 ἐχθρούς
341 2169 461 2222 μου.
493 2151 880 2220 Εἱσελεύσομαι
911 2152 990 2213 είς
1014 2149 1105 2201 τὸν
1135 2145 1280 2202 οἶκόν
1314 2166 1404 2201 σου
1431 2150 1486 2200 ὲν
1520 2147 1634 2201 ὁλο-

116 2243 455 2312 καυτώμασιν.
494 2263 511 2294 ι
549 2244 610 2294 tl!
647 2242 743 2312 μὲν
770 2241 875 2313 γὰρ
908 2241 1049 2308 am:
1069 2239 1161 2292 τοῦ
1191 2239 1322 2292 Θεοῦ
1367 2240 1635 2311 μάρτυρες

117 2332 230 2399 μετά
257 2331 378 2393 τοὺς
403 2331 665 2402 μεγάλους
692 2330 898 2393 ἄθλους,
929 2329 1506 2400 οὒςὺπομεμενήκασι,
1547 2329 1631 2382 διὰ

118 2421 261 2490 πυρὸς
305 2423 398 2474 καὶ
438 2420 624 2482 ὓδατος
648 2419 958 2482 διελθόντες,
983 2420 1062 2481 είς
1087 2417 1357 2487 ἀναψυχὴν
1394 2416 1629 2488 παρελή-

118 2509 316 2578 φθησαν.
352 2505 480 2580 Elter
507 2509 596 2562 τὸν
619 2508 932 2578 ἐπουράνιον
958 2505 1054 2558 τοῦ»
1076 2505 1207 2558 Θεοῦ
1230 2500 1375 2574 οἶκον
1391 2503 1480 2555 τὸν
1510 2503 1632 2574 ἀλη-

118 2594 236 2647 θινὸν
273 2596 642 2659 ἀωλαὸόντες,
691 2596 884 2670 φασίν’
944 2611 961 2644 ι
997 2591 1378 2661 Είσελεύσομαι
1423 2592 1502 2653 είς
1540 2592 1629 2643 τὸν

117 2680 236 2737 οἶκόν
263 2703 350 2739 σου
389 2689 444 2739 ὲν
489 2685 913 2755 όλοκαυτώμασι.
942 2703 959 2734 ι
979 2683 1064 2745 Ὠς
1088 2681 1194 2752 γὰρ
1221 2680 1309 2733 διὰ
1341 2681 1505 2750 πυρὸς
1537 2681 1628 2734 καὶ

118 2773 274 2840 ῑδατος
305 2777 610 2841 διελθόντες,
637 2776 702 2830 τὰ
745 2775 946 2828 ἑαυτῶν
988 2771 1420 2842 ὁλοκαυτώματα,
1455 2774 1511 2824 ἐν
1548 2770 1627 2835 οἷς

118 2865 480 2936 ἐμαρτύρησαν,
509 2864 660 2938 δίκην
695 2865 879 2927 Θυσίας
919 2862 996 2933 τῷ
1039 2861 1241 2934 ἑαυτῶν
1266 2861 1626 2933 προσφέρουσι

117 2952 228 3021 θεῷ,
260 2955 418 3026 πολλῇ
449 2940 726 3027 παρρησίᾳ
756 2953 1020 3026 χρώμενοι
1056 2948 1247 3021 scralt;
1277 2949 1504 3022 ηὔξαντο
1539 2952 1626 3004 εὐ-

120 3044 231 3107 καῖς.
245 3035 476 3108 Ηῦξαντο
502 3043 558 3096 δὲ
587 3038 966 3111 ἀγωνίσασθαι,
983 3041 1072 3093 καὶ
1092 3040 1290 3110 ταύτην
1309 3041 1625 3110 ἐποιήσαντο

117 3129 191 3196 τὴν
229 3132 565 3200 ἐπαγγελίαν,
595 3133 655 3186 τὸ
693 3134 851 3204 μέχρι
899 3131 1126 3184 θανάτου
1174 3130 1312 3202 ὑπὲρ
1349 3130 1660 3194 εὐσεϐείας·

1733 1957 2038 2012 declarabat
2083 1959 2176 2028 qui
2221 1958 2355 2012 dixit
2392 1977 2404 2012 :
2445 1976 2464 2009 ι
2506 1959 2570 2012 Ει
2611 1974 2758 2012 nunc
2810 1958 3064 2018 cxaltavit
3112 1965 3273 2028 caput

1735 2062 1910 2100 meum
1964 2063 2126 2117 super
2170 2049 2421 2104 inimicos
2467 2064 2639 2105 meos.
2687 2049 2932 2104 lntroibo
2960 2052 3014 2103 in
3055 2051 3271 2103 domum

1731 2145 1876 2188 tuam
1924 2138 1979 2190 in
2020 2137 2369 2192 holocaustis.
2406 2157 2425 2188 ι
2461 2136 2594 2190 Nam
2655 2141 2835 2192 sancti
2872 2139 2964 2194 Dei
3009 2148 3272 2209 martyres

1731 2234 1852 2295 post
1902 2241 2116 2297 magna,
2171 2243 2291 2297 quas
2344 2228 2742 2292 sustinuerunt,
2799 2230 3124 2291 certamina.
3174 2244 3271 2299 per

1729 2319 1906 2389 ignem
1950 2327 2004 2374 et
2055 2334 2249 2389 aquam
2296 2324 2655 2392 transgressi,
2705 2324 2758 2374 in
2801 2320 3142 2390 refrigerium
3181 2303 3270 2374 re-

1729 2411 1868 2479 cepti
1911 2418 2058 2466 sunt.
2091 2409 2292 2467 Deinde
2331 2413 2498 2482 petita
2540 2413 2630 2466 illa
2670 2412 2876 2467 caelesti
2914 2426 2976 2464 ac
3005 2427 3130 2466 vera
3163 2411 3268 2466 Dei

1729 2500 1909 2565 domo,
1942 2503 2093 2556 aiunt
2125 2521 2138 2556 :
2177 2520 2194 2553 ι
2228 2501 2536 2558 lntroiboin
2570 2504 2786 2557 domum
2823 2511 2969 2556 tuam
3013 2504 3065 2555 in
3113 2502 3266 2554 holo-

1726 2587 1948 2646 caustis.
1988 2609 2009 2642 ι
2065 2589 2257 2660 Utpote
2301 2593 2446 2646 enim
2490 2594 2581 2661 qui
2630 2608 2726 2663 per
2766 2582 2953 2664 ignem
2984 2599 3037 2645 et
3075 2607 3266 2662 aquam

1725 2677 2061 2755 transierint,
2093 2677 2404 2734 holocausta
2439 2694 2557 2746 sua,
2584 2663 2738 2749 queis
2770 2663 3085 2750 martyrium
3117 2681 3265 2748 passi

1725 2774 1850 2820 sunt
1897 2766 2065 2845 instar
2103 2766 2292 2822 hostiae
2333 2770 2442 2823 Deo
2470 2784 2570 2825 suo
2590 2769 2842 2834 offerunt,
2874 2770 3043 2823 multa
3089 2771 3170 2824 usi
3208 2771 3265 2824 in

1723 2856 1972 2924 precibus
2000 2854 2292 2912 fundendis
2324 2859 2547 2934 ﬁducia.
2570 2859 2810 2915 Orabant
2844 2861 3041 2930 quippe
3063 2867 3123 2914 ut
3143 2876 3264 2915 cer-

1725 2946 2176 3020 taminazinireut,
2203 2947 2304 3002 hac
2342 2949 2465 3003 data
2491 2933 2872 3018 pr‘omissione,
2915 2966 2973 3006 se
2998 2965 3167 3021 usque
3194 2952 3262 3006 ad

1723 3044 1946 3091 mortem
1966 3041 2080 3108 pro
2106 3039 2306 3108 pietate
2333 3047 2654 3096 certaturos.
2690 3040 2886 3111 Utpote
2913 3057 3041 3098 vero
3057 3058 3116 3098 re
3131 3044 3265 3114 bene

1721 3137 1869 3197 gesta
1899 3143 1997 3197 pro
2025 3145 2131 3199 qua
2156 3132 2357 3200 pmati
2387 3126 2620 3196 fuerant,
2646 3131 2865 3187 dicunt:

116 3223 332 3294 ἁθλῆσαι.’
349 3228 434 3290 Ὠς
451 3223 544 3280 οὖν
567 3225 979 3298 κατωρθωκότες
1010 3223 1149 3294 άπερ
1173 3222 1422 3293 ηῦξαντο,
1441 3221 1619 3291 φασίνο
1649 3219 1692 3275 C
1749 3291 1751 3294 γ

171 3335 473 3390 ι’Δποδώσω
495 3336 684 3399 σοιτάς
699 3335 859 3404 εὐχάς
885 3351 1006 3405 μου,
1030 3335 1093 3396 ἀς
1108 3334 1359 3410 διέστειλε
1383 3333 1449 3386 τά
1469 3331 1618 3403 χείλη

118 3439 224 3492 [tow
254 3428 340 3478 καὶ
369 3427 593 3497 ὲλάλησε
622 3426 683 3479 τὸ
717 3427 886 3497 στόμα
919 3442 1019 3499 μου
1053 3428 1109 3479 ὲν
1138 3427 1204 3495 τῇ
1237 3423 1410 3493 θλίψει
1448 3441 1564 3493 μου.
1595 3443 1614 3474 ι

116 3511 224 3563 Κατ’
251 3514 408 3577 αὑτὰς
437 3515 546 3584 γάρ
574 3514 670 3575 τὰς
701 3513 901 3583 θλίψεις
920 3553 934 3577 ,
965 3514 1095 3584 περὶ
1122 3506 1194 3567 ὧν
1228 3512 1478 3582 ἀνωτέρω
1509 3511 1620 3565 ἐλε-

115 3615 185 3664 τῦν
203 3618 214 3632 ’
248 3620 265 3653 t
286 3603 442 3657 Ἔθου
470 3604 673 3674 θλίψεις
701 3604 791 3656 ὲπὶ
823 3604 911 3657 τὸν
933 3603 1098 3657 νῶτον
1116 3603 1289 3679 ἡμῶν,
1315 3622 1333 3654 ι
1366 3602 1462 3672 τὴν
1487 3602 1620 3673 πρὸς

114 3689 181 3741 τὸν
196 3691 310 3747 Θεὸν
330 3696 550 3766 ἀγάπην
564 3694 768 3747 τελείαν
791 3696 881 3748 καὶ
901 3695 1186 3765 ὁλόκληρον
1206 3692 1616 3762 ἐνδεικνύμενοι.

116 3780 242 3850 εὐχὰς
264 3786 487 3839 ἐτίθεντο
515 3785 608 3838 καὶ
635 3785 956 3852 ἐπαγγελίας
980 3782 1251 3837 ἐποιοῦντο
1279 3783 1434 3852 μέχρι
1454 3782 1616 3836 θανά-

115 3865 186 3922 του
208 3875 442 3944 ἐνστῆναι
462 3915 477 3939 ,
511 3871 795 3945 μονονουχὶ
813 3875 1008 3945 ὁμοίως
1034 3873 1110 3943 τῷ
1132 3871 1322 3941 Παύλῳ
1339 3873 1582 3939 λέγοντες
1599 3890 1612 3903 ·

119 3962 222 4026 (Τίς
253 3968 388 4036 ἡμᾶς
415 3968 636 4038 χωρίσει
668 3968 772 4020 ἀπὸ
799 3953 895 4037 τῆς
927 3967 1142 4035 ἀγάπης
1167 3963 1258 4017 τοῦ
1291 3964 1460 4028 Θεοῦ;
1503 3965 1614 4017 θλι-

112 4051 197 4118 ῴις,
221 4054 249 4122 ἢ
277 4057 617 4126 στενοχωρία,
639 4057 682 4125 ,ἢ
715 4057 966 4125 διωγμὸς,
999 4056 1031 4125 ἢ
1063 4055 1234 4124 λιμδςν
1262 4054 1294 4124 ἢ
1325 4056 1612 4126 γυμνότης,

113 4141 135 4209 ἢ
160 4144 419 4210 κίνδυνος»
445 4147 557 4198 καίο
583 4146 911 4222 «Πέπεισμαι
937 4147 1065 4217 γάρ,
1095 4147 1174 4200 ὅτι
1223 4145 1343 4199 οὔτε
1361 4147 1612 4210 θάνατος,

112 4230 205 4284 sine
224 4236 343 4305 ζωὴ,
375 4234 497 4288 οὔτε
530 4234 826 4299 ἐνεστῶτα,
861 4237 981 4290 οὔτε
1012 4239 1264 4308 μέλλοντα
1288 4279 1302 4302 ,
1334 4238 1612 4308 δυνήσεται

111 4325 224 4391 ἡμᾶς
243 4325 458 4398 χωρίσαι
488 4325 596 4378 ἀπὸ
627 4326 722 4398 τῆς
752 4326 979 4398 ἀγάπης
997 4327 1090 4382 τοῦ
1123 4329 1254 4382 Θεοῦ
1279 4328 1376 4396 τῆς
1399 4331 1455 4380 ὲν
1481 4328 1611 4396 Χρι-

111 4411 193 4480 στῷ
223 4413 400 4483 Ἰησοῦ.
433 4433 451 4466 ι
475 4412 685 4478 Ταύτας
713 4411 802 4469 οὖν
823 4433 951 4486 φησι
975 4418 1072 4481 τὰς
1096 4416 1253 4489 εὐχὰς
1279 4403 1608 4479 ἀποδεδωκέτ

109 4514 173 4549 ναι
197 4501 407 4573 τῷΘεῷ,
433 4504 499 4568 ἃς
525 4503 776 4557 διέστειλε
795 4504 861 4557 τά
879 4506 1025 4576 χείλη
1048 4503 1242 4572 αὐτῶν,
1274 4509 1365 4560 καὶ
1385 4504 1608 4576 ὲλάλησε

1791 3326 1954 3385 Vrsas.
1990 3329 2074 3394 M,
2118 3331 2202 3384 15.
2233 3348 2251 3381 ‹
2285 3329 2522 3386 Reddam
2553 3329 2652 3386 tibi
2682 3340 2806 3386 vota
2826 3331 2964 3397 mea,
2994 3349 3112 3403 qua:
3144 3335 3259 3390 dis-

1719 3419 1992 3487 tinxerunt
2029 3420 2175 3474 labia.
2215 3435 2368 3475 mea':
2399 3426 2451 3477 et
2490 3420 2730 3476 locutum
2759 3429 2843 3478 est
2890 3437 2953 3478 os
3001 3437 3178 3476 meum
3202 3424 3258 3477 in

1721 3509 2062 3585 tribulatione
2110 3525 2280 3565 mea.»
2321 3510 2380 3565 ln
2433 3511 2567 3582 ipsis
2618 3526 2856 3580 namque
2901 3511 3268 3565 tribulationi—’

1718 3597 1840 3662 bus,
1873 3599 1939 3653 de
1960 3598 2156 3671 quibus
2188 3615 2351 3669 supra
2385 3601 2637 3656 dicebant
2663 3621 2675 3654 :
2714 3619 2732 3662 ι
2764 3600 2999 3656 Posuisti
3031 3594 3260 3655 tribula-

1719 3688 1897 3742 tiones.
1944 3690 1998 3743 in
2053 3691 2216 3745 dorso
2267 3699 2510 3755 nostro,»
2565 3690 2858 3760 perfectam
2889 3702 2943 3746 et
2988 3692 3252 3761 integram

1715 3794 1841 3853 erga
1871 3778 2036 3833 Deum
2062 3780 2382 3835 cbaritatem
2414 3782 2752 3848 exhibentes,
2786 3797 2970 3851 preces
3016 3782 3256 3838 eﬂ‘unde—

1716 3879 1845 3930 bant
1879 3889 1933 3930 et
1959 3876 2225 3944 promissa
2255 3877 2476 3938 dabant,
2511 3891 2568 3931 se
2597 3876 2664 3930 ad
2693 3884 2915 3930 mortem
2945 3892 3116 3946 usque
3143 3875 3258 3946 per-

1715 3973 2081 4032 severaturos,
2129 3975 2338 4022 tantum
2406 3985 2513 4023 non
2562 3971 2832 4030 dicentes.
2870 3986 2992 4024 cum
3051 3969 3251 4026 Paulo:

1721 4076 1737 4106 ι
1761 4055 1894 4122 Quis
1914 4073 2015 4112 nos
2047 4043 2320 4129 separabit
2347 4076 2376 4112 a
2408 4061 2672 4116 charitate
2706 4060 2835 4115 Dei?
2856 4060 3151 4123 tribulatio,
3186 4075 3255 4115 an

1713 4147 1984 4216 angustia,
2012 4163 2080 4201 an
2109 4151 2432 4217 persecutio,
2470 4166 2540 4204 an
2585 4151 2776 4215 fames,
2810 4166 2878 4203 an
2909 4148 3149 4211 nuditas,
3183 4164 3253 4202 an

1712 4238 2011 4306 periculum
2033 4232 2117 4292 7‘?
2143 4258 2162 4289 ι
2199 4247 2285 4294 et:
2317 4258 2335 4290 ι
2358 4240 2550 4295 Certus
2580 4256 2698 4296 sum
2721 4241 2884 4304 enim,
2918 4239 3058 4309 quod
3079 4254 3252 4308 neque

1712 4341 1880 4390 mors,
1920 4341 2098 4398 neque
2123 4328 2254 4393 vita,
2284 4344 2460 4396 neque
2503 4329 2807 4397 prasentia,
2844 4343 3017 4396 neque
3065 4326 3251 4380 futura

1712 4423 1967 4494 poterunt
1990 4431 2088 4472 nos
2117 4433 2368 4487 separare
2395 4433 2423 4470 a
2447 4417 2718 4493 ‘charitate
2742 4414 2859 4480 Dei,
2907 4432 3025 4486 quae
3053 4425 3153 4472 est
3195 4417 3249 4470 in

1708 4505 1927 4562 Christo
1953 4505 2139 4562 Jesu"
2159 4527 2204 4562 ,ι
2242 4507 2364 4562 Huic
2397 4523 2455 4563 se
2477 4516 2598 4561 vota
2631 4507 2738 4562 Deo
2789 4507 3092 4563 reddidisse
3146 4509 3243 4571 ait,

108 4588 151 4676 ςὺ
175 4591 320 4662 στόμα
348 4592 528 4647 αὐτῶν
557 4595 616 4647 ὲν
642 4597 708 4665 τῇ
738 4593 907 4662 θλίψει
940 4596 1134 4649 αὐτῶν.
1166 4598 1273 4651 Καὶ
1298 4593 1516 4648 τοιαῦτά
1544 4611 1608 4661 γε

1723 4613 1832 4667 qua:
1860 4597 2225 4662 distinxerunt
2251 4595 2405 4650 labia
2431 4609 2551 4661 sua,
2583 4604 2635 4651 et
2681 4597 2917 4652 locutum
2945 4606 3029 4653 est
3058 4612 3118 4651 os
3146 4611 3242 4649 eo-

107 4669 155 4742 ἦν
177 4681 266 4743 «τὰ
285 4683 704 4754 ὁλοκαυτώματα
722 4703 739 4735 ι
767 4684 942 4737 αὐτῶν
968 4703 986 4735 ι
1011 4685 1406 4755 μεμυαλωμένα
1427 4703 1445 4734 i
1479 4685 1604 4754 ἀλη-

109 4764 204 4829 θῶς.
253 4771 312 4824 Δί
360 4770 489 4839 γοῦν
532 4772 700 4842 ψυχαὶ
741 4772 914 4826 αὐτῶν
937 4811 952 4835 ,
988 4773 1243 4843 φέρουσαι
1276 4772 1335 4825 τὸ
1367 4774 1482 4823 πῖον
1513 4774 1606 4825 καὶ

105 4853 280 4912 δυνατὸν
327 4861 425 4930 τῆς
475 4862 704 4926 πίστεως
728 4901 744 4926 ,
792 4857 939 4916 εἷπον
984 4861 1049 4915 ἂν
1088 4864 1149 4916 τὸ
1184 4865 1241 4916 ὲν
1272 4861 1436 4932 ἑτέρῳ
1462 4861 1606 4913 λελε-

105 4945 260 5011 γμένον
278 4965 290 4977 ’
324 4968 344 5001 ί
375 4952 516 5004 ἀσεὶ
549 4952 763 5016 στέατος
815 4954 907 5005 καὶ
934 4953 1179 5022 πιότητος
1208 4951 1538 5022 ἐμπλησθείη
1572 4955 1606 5022 ἡ

107 5029 215 5106 ᾦυχή
249 5054 377 5106 μου,
411 5040 504 5092 καὶ
540 5041 690 5110 χείλη
723 5043 1086 5110 ἀγαλλιάσεως
1112 5044 1310 5118 αἰνέσει
1346 5043 1405 5094 τὸ
1433 5044 1604 5113 στόμα

109 5136 198 5183 μου.
220 5141 236 5174 ι
261 5124 409 5178 Οῦτω
436 5124 564 5191 γοῦν
596 5145 614 5177 ι
640 5130 1035 5200 μεμυαλωμένα
1055 5151 1073 5183 ›
1100 5132 1309 5198 λέγεται
1331 5130 1398 5183 τά
1421 5132 1606 5202 εὐτρα-

107 5208 159 5276 '97";
183 5212 262 5264 καὶ
284 5214 434 5267 πίονα
457 5217 548 5268 καὶ
574 5216 796 5287 λιπαρά.
815 5220 1068 5293 Τοιαῦται
1091 5219 1145 5272 δὲ
1166 5219 1518 5288 τυγχάνουσιν
1546 5223 1600 5274 αί

107 5297 185 5351 τῶν
210 5302 435 5372 ἀθλητῶν
465 5305 557 5358 τοῦ
587 5306 720 5360 Θεοῦ
750 5311 942 5380 ψυχαὶ,
973 5313 1036 5362 ἐκ
1066 5311 1170 5362 τῶν
1206 5307 1360 5363 θείων
1391 5312 1481 5364 καὶ
1517 5312 1602 5365 λο-

105 5389 237 5449 γικῶν
258 5392 460 5461 τροφῶν
495 5411 514 5444 ι
539 5396 954 5469 μεμυαλωμέναι
975 5438 987 5458 ,
1015 5417 1033 5448 ι
1069 5399 1161 5451 καὶ
1189 5399 1347 5468 μηδὲν
1380 5400 1599 5474 ῦποκεί-

109 5492 230 5541 μενον
251 5481 474 5552 ἔχουσαι,
503 5485 636 5555 μηδὲ
661 5487 894 5551 ἀσθενές*
924 5489 1002 5543 διό
1030 5507 1207 5558 φασιν
1239 5510 1255 5540 ι
1279 5489 1602 5545 Ὀλοκαυτὼ-

112 5578 224 5626 ματα
269 5573 660 5644 μιμυαλωμένα
691 5575 884 5629 ἀνοίσω
905 5594 985 5630 σοι
1021 5579 1153 5648 μετὰ
1175 5578 1537 5650 θυμιάματος.
1575 5599 1593 5632 ι

1707 4702 1829 4767 rum
1865 4688 1919 4741 in
1949 4687 2295 4741 tribulatione
2328 4689 2588 4757 ipsorum.
2629 4688 2692 4741 Et
2724 4689 2837 4763 haec
2883 4705 3026 4745 vere-
3057 4705 3254 4745 eorum.

1716 4795 1734 4827 ι
1772 4766 2087 4829 holocausta
2138 4766 2448 4851 medullata.
2483 4767 2754 4852 {Animai
2780 4780 2960 4847 itaque
3003 4780 3244 4846 ipsorum

1712 4864 1921 4933 adipem
1949 4858 2030 4916 ac
2078 4862 2332 4938 virtutem
2382 4865 2504 4920 ﬁdei
2541 4865 2794 4932 ferentes,
2838 4865 2970 4940 illud
3006 4852 3243 4920 dixerint

1713 4946 1818 5010 alio
1856 4959 1911 5009 in
1947 4954 2465 5027 psalmo‘positun’):
2503 4957 2688 5012 «Sicut
2734 4957 2891 5025 adipe
2917 4964 2972 5010 et
3017 4957 3242 5029 pingue-

1706 5046 1830 5098 dine
1877 5044 2151 5113 repleatur
2182 5048 2361 5100 anima
2391 5061 2528 5113 mea,
2579 5055 2632 5101 et
2679 5046 2836 5100 labiis
2865 5047 3240 5103 exsultationis

1703 5133 1939 5187 laudabit
1981 5148 2042 5188 os
2071 5136 2354 5190 πλουτου.)
2403 5135 2493 5190 Sic
2519 5151 2644 5207 ergo
2673 5135 3054 5199 crassitudine,
3084 5138 3238 5205 adipe

1702 5230 1754 5275 et
1791 5221 2113 5291 pinguedine
2153 5211 2372 5291 referta,
2396 5211 2402 5217 ’
2423 5244 2441 5276 ι
2463 5226 2749 5281 medullata
2774 5243 2792 5275 ›
2826 5218 3098 5280 dicuntur.
3134 5225 3236 5280 Ta-

1702 5313 1779 5365 les
1828 5326 1990 5380 porro
2037 5321 2178 5387 sunt
2210 5315 2534 5370 athletarum
2567 5314 2655 5369 Dei
2704 5315 2916 5379 animae,
2959 5315 3156 5369 divinis
3181 5323 3235 5370 et

1698 5397 2290 5463 rationabilibus‘cibis
2323 5425 2340 5457 ‹
2367 5406 2686 5469 medullataa,
2724 5424 2743 5457 ι
2783 5406 2912 5471 nihil
2941 5405 3228 5476 abjectum,

1696 5491 1966 5547 infirmum
2015 5494 2150 5568 nihil
2190 5495 2449 5551 habentes
2491 5514 2503 5548 :
2556 5510 2724 5565 quare
2778 5495 2998 5553 dicunt:
3025 5492 3230 5551 «Holo-

1700 5591 1886 5637 causta
1919 5585 2208 5640 medullata
2260 5585 2477 5641 offeram
2517 5573 2774 5644 .tibi'cum
2802 5580 3078 5641 incenso.»
3134 5583 3226 5642 Inv

155 5716 191 5747 "
213 5718 346 5776 Psal.
381 5740 528 5794 τινι,
555 5727 609 5784 ϐ.
685 5729 726 5760 ⁷⁸
756 5725 910 5783 Rom.
945 5746 1058 5797 vni,
1090 5729 1174 5788 35.
1251 5733 1296 5766 "
1326 5732 1462 5789 Ibid.
1498 5733 1585 5788 58.

1729 5731 1867 5786 Psal.
1897 5745 2030 5798 uti,
2055 5732 2124 5787 6.-
