3966 6340
689 450 906 510 667‘

1373 455 1637 528 FUSEBII
1669 450 2150 510 CIESARIENSIS
2185 449 2255 507 Ol

2371 451 2549 508 PARS
2575 452 2663 509 ΙΙΙ.
2710 483 2778 492 -
2807 449 3208 540 ΕΧΕΕΕΤΙΩΑ.

693 596 777 636 (et
799 593 919 636 sum
959 593 1088 633 vero
1119 576 1248 631 illud
1291 576 1564 646 intelligas
1619 588 1687 629 ex
1720 573 1824 627 hoc
1854 572 2041 626 dicto:
2088 589 2106 622 ι
2136 569 2254 625 Fiat

2358 570 2586 640 Νοήσεις
2605 567 2662 622 δὲ
2685 568 2778 622 καί⁷
2806 569 2867 620 τὸ
2899 567 3146 638 θυμίαμα
3169 564 3276 618 ἀπὸ
3301 565 3397 634 τῆς
3422 563 3684 635 λεγούσης
3704 566 3878 634 φωνῆς
3895 583 3906 597 ·

696 671 871 723 oratio
921 684 1037 723 mea
1092 668 1236 723 sicut
1280 669 1568 720 incensum
1618 662 1675 716 in
1713 671 2006 731 conspectu
2041 661 2248 716 tuo".i

695 760 984 830 Haeigitur
1010 760 1226 821 animae,
1279 754 1550 826 spirituali
1599 755 1722 824 igne
1780 760 2042 822 purgatae,
2101 753 2254 806 holo-

694 861 885 907 causta
941 850 1132 906 fuere:
1185 848 1298 903 sive
1345 843 1692 901 sacerdotum
1734 843 1910 898 instar
1957 843 2090 913 ipse
2129 857 2253 898 cor-

695 962 824 1017 pora
857 959 980 1008 sua,
1029 948 1217 1011 utpote
1247 939 1370 1008 igne
1396 941 1797 997 consummata,
1831 935 1888 988 in
1934 934 2252 989 holocausta

691 1039 1028 1094 obtulerunt.
1082 1032 1369 1087 Orationes
1399 1035 1581 1083 autem
1612 1027 1858 1106 ipsarum
1892 1027 2247 1096 thymiamata

697 1131 923 1185 fuerint.
980 1124 1249 1192 Quoniam
1306 1137 1438 1176 vero
1486 1120 1709 1182 arietes,
1763 1119 2024 1172 hoveset
2072 1118 2254 1170 hircos

691 1221 972 1274 oblaturas
1012 1231 1070 1270 se
1103 1213 1453 1284 pollicentur,
1482 1216 1661 1264 tecum
1697 1216 1916 1278 reputes
1945 1207 2106 1262 velim
2132 1208 2246 1260 haec

691 1308 810 1377 ipsa
876 1319 940 1360 ex
1001 1304 1372 1374 apostolorum
1435 1296 1742 1354 Servatoris
1815 1311 2048 1367 persona
2106 1296 2254 1352 dicta

690 1399 881 1462 fuisse,
909 1409 1122 1466 perque
1158 1394 1365 1456 hircos,
1396 1392 1565 1469 boves
1631 1396 1688 1444 et
1748 1389 1947 1444 arietes
1983 1403 2100 1450 eos.
2157 1389 2251 1459 qui

690 1506 795 1546 suo
846 1487 1217 1559 apostolorum
1273 1483 1438 1538 ductu
1483 1481 1722 1547 fuerunt,
1775 1481 2066 1551 intelligas.
2117 1479 2251 1534 Nam

692 1582 870 1651 primo
898 1580 1003 1650 ipsi
1039 1585 1306 1650 martyres
1359 1574 1455 1630 Dei
1499 1574 1687 1640 fuere;
1743 1574 1939 1629 deinde
1971 1573 2114 1629 alios
2166 1574 2250 1629 sui

693 1667 938 1721 inﬁnitos
997 1665 1302 1720 imitatores
1349 1669 1403 1718 et
1455 1663 1682 1718 aemulos
1729 1662 2063 1727 excitarunt,
2113 1676 2251 1732 quos

692 1760 850 1830 quasi
881 1761 1149 1815 culturam
1175 1773 1330 1813 suam
1361 1756 1472 1812 Deo
1501 1755 1754 1812 oﬂ‘erunt.
1788 1756 2001 1811 Arietes
2024 1755 2249 1820 dixeris,

695 1850 970 1920 principes
1014 1848 1405 1909 Ecclesiarum,
1448 1848 1517 1902 de
1568 1847 1768 1916 quibus
1811 1845 1868 1898 in
1925 1843 2253 1915 praecedenti

2362 682 2381 713 ι
2406 661 2690 733 Γενηθήτω
2704 665 2736 731 ή
2757 662 3029 732 προσευχή
3060 678 3158 730 μου
3179 659 3253 722 ὡς
3267 656 3511 728 θυμίαμα
3529 655 3758 709 ἐνώπιόν
3772 674 3904 709 σου.»

2353 751 2519 809 Abeat
2547 754 2643 824 μὲν
2665 750 2757 806 οὖν
2778 753 2833 807 αί
2862 753 3049 823 ψυχαὶ,
3079 751 3156 822 τῷ
3182 748 3532 820 πνευματικῷ
3553 750 3685 821 πυρὶ
3712 750 3906 820 καθαρο

2355 847 2570 906 θεῖσαι,
2620 843 3041 915 ὁλοκαυτώματα
3080 843 3402 912 γεγόνασιν,
3448 841 3481 912 ἢ
3525 841 3677 912 δίκην
3712 842 3908 912 ἱερείων

2353 930 2512 989 αὗται
2528 935 2594 987 τὰ
2611 934 2816 987 ἑαυτῶν
2841 934 3077 1004 ὀνόματα
3093 932 3191 1002 (1),
3215 931 3290 995 ὡς
3311 930 3377 984 ἂν
3396 928 3482 983 διὰ
3511 929 3680 1002 πυρὸς
3707 930 3906 983 τελειω-

2356 1026 2534 1088 θέντα,
2560 1025 2981 1095 ὁλοκαυτώματα
3009 1023 3466 1095 προσηνέγκαντο.
3511 1023 3574 1074 Αί
3604 1021 3658 1074 δέ
3687 1039 3906 1092 προσευ-

2355 1119 2446 1188 χαὶ
2473 1118 2650 1172 αὐτῶν
2677 1116 2783 1172 εἷεν
2812 1117 2878 1171 ἂν
2901 1116 2966 1170 τά
2989 1115 3323 1187 θυμιάματα.
3372 1116 3524 1169 Ἐπεὶ
3545 1115 3600 1168 δὲ
3620 1117 3805 1187 κριοὺς
3825 1118 3906 1169 καὶ

2356 1211 2483 1281 βόας
2519 1209 2656 1281 μετὰ
2693 1210 2941 1281 χιμάρων
2977 1208 3205 1262 ἀνοίσειν
3225 1207 3661 1277 ἐπαγγέλλονται,
3696 1208 3909 1279 ἐπιστή-

2355 1319 2468 1364 σεις
2506 1302 2653 1364 ὅπως
2682 1302 2896 1372 εἴρηται
2927 1301 3020 1354 καί
3046 1300 3217 1353 ταῦτα
3240 1302 3303 1354 ἐκ
3337 1298 3626 1371 προσώπου
3654 1299 3762 1353 τῶν
3784 1300 3904 1352 ἀπο-

2355 1390 2555 1442 στόλων
2579 1389 2670 1442 τοῦ
2715 1389 2962 1461 Σωτῆρος
2989 1429 3003 1452 ,
3049 1388 3172 1451 τοὺς
3214 1388 3305 1440 ὑπ’
3329 1389 3506 1441 αὐτῶν
3543 1389 3907 1460 προηγμένους

2352 1483 2618 1554 χιμάρους
2650 1483 2744 1536 καὶ
2790 1481 2919 1551 βόας
2951 1482 3044 1536 καὶ
3085 1483 3269 1552 κριοὺς
3311 1484 3527 1552 νοήσας.
3579 1481 3790 1554 Πρῶτοι
3821 1481 3908 1552 μιν

2352 1578 2459 1648 γάρ
2493 1577 2763 1647 μάρτυρες
2791 1576 2943 1630 αὐτοὶ
2977 1575 3069 1629 τοῦ
3097 1573 3232 1628 Θεοῦ
3264 1575 3550 1644 γεγόνασιν
3569 1593 3582 1606 ·
3606 1571 3726 1630 εἶτα
3753 1593 3908 1646 μιμηο

2351 1671 2449 1734 τὰς
2482 1669 2689 1722 ἑαυτῶν
2709 1669 2803 1722 καὶ
2825 1667 3070 1738 ζηλωτὰς
3098 1668 3320 1739 μυρίους
3345 1667 3535 1730 ἄλλους
3564 1668 3909 1740 κατεστήσαν-

2352 1777 2413 1812 το
2433 1801 2447 1824 ,
2479 1759 2572 1823 οὒς
2599 1759 2786 1831 ὥσπερ
2817 1761 2989 1812 οἰκεῖα
3014 1759 3253 1830 γεώργια
3279 1757 3356 1828 τῷ
3386 1757 3505 1829 Θεῷ
3534 1760 3905 1830 προσφέρουσι.

2353 1851 2554 1922 Κριοὺς
2584 1851 2680 1921 μὲν
2709 1851 2834 1912 τοὺς
2861 1851 3132 1919 ἄρχοντας
3161 1847 3267 1901 τῶν
3295 1846 3647 1919 Ἐκκλησιῶν,
3691 1848 3816 1918 περὶ
3842 1840 3907 1900 ὧν

696 1945 902 2012 psalmo
923 1942 1235 2009 dicebatur:
1276 1957 1294 1989 ι
1324 1937 1498 1992 lnduti
1531 1945 1660 1992 sunt
1697 1938 1897 1992 arietes
1930 1936 2246 1990 ovium":r

2358 1943 2445 1997 καί
2475 1943 2531 1996 ἐν
2555 1940 2632 2012 τῷ
2666 1940 2769 2013 πρὸ
2803 1939 2991 1992 τούτου
3024 1938 3220 2010 ψαλμῷ
3252 1938 3465 2009 ἐλέγετο
3485 1956 3501 1971 ο
3541 1958 3559 1990 ι
3581 1938 3908 1993 Ἐνεδύσαντο

693 2048 832 2102 quos
865 2032 1012 2086 velut
1044 2044 1266 2099 gregum
1296 2027 1464 2082 duces
1493 2029 1594 2097 ipsi
1620 2027 2056 2092 constituerunt;
2089 2025 2257 2080 boves

695 2132 898 2186 autem,
940 2123 1152 2176 animas
1193 2121 1247 2174 in
1287 2121 1548 2174 armentis
1579 2118 1839 2175 Ecclesiae
1881 2120 2252 2185 constitutas;

2355 2036 2403 2086 οί
2428 2035 2571 2105 κριοὶ
2584 2031 2691 2085 τῶν
2709 2031 2992 2103 προϐάτων
3009 2049 3022 2062 ο
3045 2052 3065 2086 ι
3086 2031 3177 2095 οὓς
3198 2031 3384 2104 ὥσπερ
3405 2032 3666 2102 ποιμνίων
3683 2031 3906 2102 ήγουμ-έ-

2354 2144 2474 2190 νους
2503 2126 2654 2180 αὐτοὶ
2683 2124 3018 2195 κατέστησαν
3045 2141 3058 2155 ·
3113 2125 3240 2196 βόας
3266 2124 3322 2177 δὲ
3363 2124 3460 2188 τὰς
3501 2125 3560 2177 ἐν
3592 2126 3657 2196 τῇ
3696 2122 3883 2193 Ἐκκλη

3821 452 3911 504 "'38

613 2825 616 2829 ,
695 2765 951 2832 otl‘erunt,
985 2764 1282 2833 gloriantes
1313 2761 1511 2834 singuli
1540 2762 1605 2816 de
1635 2761 1703 2816 iis
1723 2776 1862 2831 quos
1883 2762 2249 2815 adduxerunt.

695 2216 897 2270 etenim
932 2232 949 2264 ι
975 2213 1055 2268 An
1088 2213 1155 2268 de
1201 2212 1396 2276 bobus,
1433 2213 1627 2282 inquit.
1680 2225 1812 2268 cura
1861 2217 1946 2265 est
1975 2209 2083 2263 Deo
2128 2209 2249 2263 πῖ»

2358 2219 2444 2288 σίᾳ
2470 2217 2869 2288 ἀγελαζομένας
2887 2216 3061 2286 ψυχάς
3081 2233 3096 2248 '
3129 2235 3148 2268 ι
3167 2216 3256 2288 Μή
3281 2216 3387 2288 γὰρ
3431 2217 3540 2271 τῶν
3576 2216 3739 2286 βοῶν,
3766 2215 3904 2284 φησὶ,

696 2306 794 2362 sed
831 2307 894 2361 de
929 2299 1088 2361 nobis
1135 2322 1361 2376 prorsus
1402 2305 1662 2375 loquitur.
1713 2301 1861 2357 Hirci
1900 2318 2029 2358 vero
2053 2301 2255 2356 fuerint

2358 2283 2527 2379 me;
2552 2307 2631 2379 τῷ
2671 2283 2824 2378 ego;
2859 2327 2876 2358 ι
2901 2283 2947 2379 ’ἢ
2965 2283 3046 2360 ’δι’
3077 2283 3466 2379 ὴμᾱςῖπάνὲως
3492 2283 3673 2376 λέγει·
3701 2309 3907 2391 χίμαρσι

698 2401 732 2453 ii
775 2399 867 2469 qui
895 2414 1082 2454 recens
1112 2398 1248 2462 nati,
1272 2406 1325 2453 et
1359 2397 1616 2468 procella:
1656 2409 1902 2464 tempore
1957 2394 2066 2448 orti
2111 2395 2251 2450 sint.

2358 2397 2409 2451 δὲ
2442 2400 2489 2450 οἱ
2515 2400 2818 2470 άρτιγενεῖς
2847 2399 2941 2451 καὶ
2971 2397 3048 2468 τῷ
3076 2397 3249 2469 καιρῷ
3276 2395 3368 2450 τοῦ
3399 2397 3664 2468 χειμῶνος
3692 2413 3905 2466 γεγενη-

697 2491 876 2556 Quare
903 2490 1204 2546 secundum
1230 2490 1474 2558 reliquos
1494 2487 1844 2556 interpretes,
1876 2505 1893 2536 ι
1917 2494 1971 2541 et
1995 2487 2249 2550 deserti,»

2358 2490 2502 2560 μένοι
2552 2485 2661 2543 εἷεν
2705 2489 2771 2543 ἄν
2869 2489 2959 2542 Διὸ
2989 2490 3129 2543 κατὰ
3159 2492 3282 2554 τοὺς
3312 2489 3530 2554 λοιποὺς
3563 2489 3904 2561 ἐρμηνευτὰς,

698 2574 883 2651 utpote
930 2582 1023 2651 qui
1073 2582 1510 2651 persecutionem
1579 2579 1890 2648 ell'ugerint,
1962 2587 2250 2632 vocantur.

2359 2599 2378 2630 ε
2402 2583 2495 2634 καὶ
2510 2581 2705 2653 ἔρημοι
2722 2621 2737 2647 ,
2763 2600 2781 2635 ι
2805 2580 2880 2644 ὡς
2900 2581 2988 2634 τὸν
3006 2580 3098 2634 τοῦ
3115 2581 3350 2652 διωγμοῦ
3370 2581 3557 2652 καιρὸν
3572 2581 3904 2650 ἐκφυγόντες,

700 2674 766 2728 Et
792 2675 892 2729 hos
938 2675 1120 2744 itaque
1152 2673 1310 2752 quasi
1339 2673 1581 2727 novellos
1609 2679 1663 2726 et
1708 2671 1777 2724 ab
1823 2686 1882 2725 se
1920 2669 2116 2726 ductos
2147 2669 2255 2724 Deo

2359 2675 2765 2748 ὠνομάσθησαν.
2799 2675 2908 2728 Καὶ
2933 2673 3152 2738 τούτους
3177 2672 3460 2746 τοιγαροῦν
3485 2673 3561 2738 ὡς
3587 2673 3653 2728 ἂν
3674 2670 3902 2741 νεογνοὺς

2365 2767 2445 2818 (αἱ
2489 2766 2580 2819 ὑπ’
2612 2765 2789 2820 αὐτῶν
2816 2764 3192 2838 προηγμένους
3237 2761 3314 2833 τῷ
3356 2763 3475 2835 Θεῷ
3525 2763 3876 2834 προσάγουσιν

699 2855 822 2911 llam
856 2858 1037 2926 itaque
1069 2872 1098 2910 a
1127 2856 1288 2911 nobis
1318 2855 1481 2909 modo
1517 2853 1813 2924 spirituali,
1856 2862 1910 2908 et
1942 2852 2252 2906 divinarum

2361 2857 2579 2922 ἕκαστος
2620 2859 2704 2926 ἐφ’
2738 2851 2819 2922 οἷς
2860 2857 3202 2928 προηγάγετο
3251 2855 3664 2927 σεμνυνόμενος.
3737 2854 3902 2908 Ταῦτα

697 2947 1110 3017 Scripturarum
1156 2946 1440 3016 promissis
1485 2951 1875 3009 consentaneo,
1907 2943 2253 2998 considerata

2358 2950 2454 3022 μὲν
2479 2945 2571 3003 οῦν
2593 2949 2973 3019 πνευματικῶς
2998 2949 3092 3002 καὶ
3113 2949 3427 3019 πρεπόντως
3449 2950 3513 3017 τῇ
3540 2946 3650 3000 τῶν
3671 2945 3905 3000 θεοπνεύ-

698 3047 850 3092 sunt.
908 3036 974 3089 Et
1023 3050 1154 3090 sane
1200 3050 1296 3105 par
1336 3043 1420 3090 est
1477 3034 1593 3088 hac
1632 3049 1753 3104 qua:
1797 3033 1910 3102 jam
1953 3039 2254 3086 tractamus

2358 3060 2490 3096 στων
2505 3041 2728 3113 Γραφῶν
2751 3039 3051 3111 ἐπαγγελίᾳ
3073 3039 3402 3110 τεθεώρηται
3425 3041 3576 3109 ήμῖν.
3597 3041 3704 3092 Καὶ
3724 3040 3903 3111 πρέπει

701 3129 860 3182 verba
906 3129 986 3182 sic
1014 3127 1335 3198 intelligere,
1369 3125 1550 3196 potius
1577 3140 1740 3194 quam
1783 3122 2103 3179 Iudaeorum
2136 3124 2254 3178 ine-

700 3232 821 3294 ptas
859 3223 984 3278 illas
1012 3222 1226 3277 fabulas
1256 3221 1629 3284 admittamus,
1661 3217 2071 3275 Deum'scilicet
2099 3216 2252 3270 holo-

701 3315 929 3379 catastis,
982 3315 1356 3386 thymiamatis
1429 3328 1649 3388 sensum
1721 3309 2087 3373 moventibus,
2161 3316 2255 3363 aut

701 3407 955 3468 arietum,
1011 3405 1174 3461 boum
1226 3413 1282 3460 et
1333 3404 1612 3458 hircorum
1661 3403 1926 3472 sanguine
1975 3401 2253 3455 delectari.

700 3496 830 3562 Quae
861 3510 992 3551 sane
1024 3495 1207 3550 omnia
1252 3511 1348 3564 per
1395 3496 1715 3566 prophetam
1769 3495 1884 3565 ipse
1928 3494 2068 3552 Deus
2094 3511 2257 3566 repu-

701 3590 810 3642 diat
839 3588 923 3641 his
973 3587 1191 3641 verbis:
1231 3605 1249 3637 ι
1273 3585 1414 3652 Quid
1447 3587 1577 3640 mihi
1613 3587 2012 3643 multitudinem
2048 3587 2257 3642 sacrill-

701 3681 908 3734 ciorum
935 3686 1260 3744 vestrorum,
1289 3679 1418 3733 dicit
1453 3677 1749 3734 Dominus:
1782 3681 1975 3749 plenus
2004 3694 2122 3734 sum
2158 3679 2260 3733 ho-

702 3769 960 3823 locaustis
1001 3769 1258 3830 arietum,
1305 3775 1360 3823 et
1417 3768 1631 3838 adipem
1685 3783 1971 3839 agnorum,
2035 3769 2258 3838 sangui-

702 3874 929 3927 ncmque
977 3869 1256 3914 taurorum
1303 3867 1357 3914 et
1397 3859 1679 3917 hircorum
1727 3860 1872 3916 nolo.
1932 3859 2068 3926 Quis
2112 3860 2257 3914 enim

707 3954 820 4008 hac
861 3955 1141 4022 requisivit
1189 3954 1257 4009 de
1306 3957 1557 4012 manibus
1610 3958 1811 4012 vestris
1833 3957 1876 3988 ⁷⁷
1904 3957 1924 4010 ἶ
1952 3975 1970 4008 ι
2023 3955 2089 4010 Ει
2123 3958 2260 4011 alias

707 4047 822 4100 hac
853 4047 1131 4100 contraria
1169 4046 1373 4122 fuerint
1417 4049 1484 4103 iis
1516 4064 1642 4118 qua:
1683 4050 1840 4118 prius
1878 4049 2088 4118 psalmo
2133 4062 2262 4101 xu:

703 4140 847 4214 dicta
889 4145 1038 4201 sunt,
1073 4139 1165 4193 ubi
1216 4154 1283 4194 ex
1322 4154 1553 4209 persona
1604 4138 1696 4203 Dei
1759 4138 1964 4194 fertur:
2009 4157 2030 4189 ‹
2056 4136 2174 4191 Νοη
2205 4137 2258 4190 in

705 4230 990 4286 sacrificiis
1019 4232 1139 4286 tuis:
1157 4246 1382 4301 arguam
1415 4239 1470 4286 te
1491 4231 1577 4292 7‘;
1610 4250 1628 4282 ι
1666 4237 1752 4286 et:
1793 4250 1812 4282 ‹
1843 4229 1962 4284 Non
2000 4229 2255 4299 accipiam

704 4320 772 4373 de
801 4321 964 4374 domo
987 4328 1085 4373 tua
1120 4321 1341 4384 vitulos,
1387 4335 1565 4389 neque
1594 4320 1661 4374 de
1700 4321 1955 4389 gregibus
1994 4321 2103 4375 tuis
2143 4319 2258 4373 hir-

707 4427 820 4464 ρος.
861 4411 1127 4477 Quoniam
1152 4427 1283 4467 mea
1309 4420 1435 4466 sunt
1469 4427 1656 4465 omnes
1685 4409 1812 4465 fera:
1859 4412 2140 4473 silvarum.
2170 4411 2261 4480 ju-

708 4509 888 4554 menta
922 4503 976 4555 in
1009 4501 1288 4557 montibus
1339 4511 1391 4556 et
1422 4499 1680 4565 boves";
1717 4517 1736 4550 ι
1774 4499 1876 4554 sub
1909 4499 2022 4554 haec
2048 4507 2258 4555 autem:

2352 3151 2413 3203 γε
2441 3135 2608 3199 ὅντως
2638 3132 2854 3187 ἀκούειν
2880 3132 2987 3185 τῶν
3015 3131 3408 3202 προκειμένων,
3434 3131 3467 3202 ἢ
3495 3130 3636 3183 κατὰ
3660 3129 3757 3192 τὰς
3789 3132 3904 3183 'lou—

2352 3224 2516 3278 δαίων
2536 3223 2791 3286 ταπεινάς
2826 3223 3144 3294 μυθολογίας
3167 3221 3576 3292 ὁλοκαυτώμασι
3603 3223 3807 3293 χαίρειν
3827 3222 3904 3273 τὸν

2356 3317 2507 3381 Θεὸν,
2539 3317 2571 3389 ἢ
2604 3314 2938 3386 θυμιάμασιν
2966 3315 3259 3386 αἰσθητοῖς,
3289 3315 3322 3385 ἢ
3357 3314 3525 3385 κριῶν
3550 3315 3642 3366 καὶ
3670 3314 3803 3385 βοῶν
3824 3314 3904 3366 καὶ

2356 3406 2605 3478 χιμάρων
2635 3406 2859 3476 αἴμασιν
2893 3404 3277 3458 ὑπονοούντων.
3321 3405 3386 3455 Ἀ
3412 3403 3476 3474 δὴ
3508 3403 3685 3457 πάντα
3715 3404 3800 3457 διὰ
3821 3400 3904 3455 τοῦ

2357 3496 2634 3565 προφήτου
2665 3494 2824 3557 αὐτὸς
2856 3495 2883 3547 ὁ
2908 3492 3040 3557 Θεὸς
3074 3494 3417 3561 παραιτεῖται
3449 3491 3622 3562 λέγων
3641 3507 3655 3522 ο
3705 3510 3725 3542 ‹
3746 3491 3807 3544 Τί
3830 3506 3906 3560 μοι

2357 3585 2560 3655 πλῆθος
2578 3585 2684 3639 τῶν
2717 3585 2916 3639 θυσιῶν
2939 3586 3125 3657 ὑμῶν;
3155 3585 3301 3654 λέγει
3321 3586 3551 3658 Κύριος·
3581 3584 3789 3656 πλήρης
3809 3581 3906 3650 ciui

2356 3677 2817 3748 ὁλοκαυτωμάτων
2846 3679 3041 3747 κριῶν,
3073 3681 3165 3732 καὶ
3198 3679 3360 3750 στέαρ
3391 3675 3569 3748 ἀρνῶν
3592 3677 3684 3730 καὶ
3715 3676 3906 3746 αἵματα

2357 3769 2570 3840 ταύρων
2599 3769 2692 3822 καὶ
2718 3770 2931 3840 τράγων
2953 3771 3012 3822 ού
3047 3769 3322 3839 βούλομαι.
3373 3768 3467 3831 Τίς
3483 3767 3604 3839 .γὰρ
3634 3763 3906 3835 ἐξεζήτησε

2359 3861 2524 3915 ταῦτα
2540 3863 2604 3915 ἐκ
2624 3861 2729 3914 τῶν
2751 3857 3123 3932 χειρῶνύμῶν
3143 3879 3187 3924 ;›
3209 3863 3318 3916 Καὶ
3341 3860 3513 3923 ἄλλως
3535 3863 3586 3928 γ’
3603 3859 3666 3913 ἂν
3691 3861 3775 3929 εἴη
3795 3857 3908 3910 ταῦ-

2358 3971 2425 4006 τα
2453 3953 2670 4007 ἐναντία
2699 3956 2808 4015 τοῖς
2840 3951 3147 4023 ἔμπροσθεν
3179 3951 3319 4006 κατὰ
3343 3952 3434 4005 τὸν
3471 3950 3565 4021 μθ⁹
3598 3951 3804 4022 ψαλμὸν
3833 3950 3904 4001 λε-

2359 4041 2656 4112 λεγμένοις,
2678 4045 2735 4096 ὲν
2757 4037 2836 4107 οἷς
2855 4045 2919 4095 ἐκ
2940 4043 3228 4113 προσώπου
3254 4042 3343 4096 τοῦ
3361 4041 3496 4094 Θεοῦ
3519 4042 3758 4110 ἐλέγετο·
3779 4041 3901 4096 «Οὐκ

2360 4132 2451 4184 ἐπὶ
2477 4135 2595 4197 ταῖς
2627 4133 2836 4197 θυσίαις
2857 4151 2951 4188 σου
2983 4134 3184 4203 ἐλέγξω
3209 4151 3268 4187 σε
3287 4150 3300 4164 ο
3329 4152 3347 4184 ι
3379 4135 3505 4188 καί·
3538 4152 3558 4184 ‹
3581 4135 3656 4187 Οὐ
3688 4133 3904 4204 λήψομαι

2360 4224 2424 4276 ἐκ
2452 4222 2544 4276 τοῦ
2575 4223 2722 4278 οἴκου
2747 4243 2838 4279 σου
2866 4227 3128 4297 μόσχους,
3160 4227 3279 4280 οὐδὲ
3305 4228 3370 4280 ἐκ
3401 4225 3508 4279 τῶν
3531 4225 3790 4296 ποιμνίων
3826 4239 3902 4276 σου

2361 4313 2652 4387 χιμάρους·
2684 4316 2764 4369 ὅτι
2797 4317 2905 4386 ἐμά
2930 4318 3047 4369 ἐστι
3077 4317 3254 4370 πάντα
3287 4316 3355 4370 τὰ
3386 4315 3551 4388 θηρία
3573 4316 3666 4370 τοῦ
3694 4311 3901 4388 δρυμοῦ,

2363 4407 2532 4478 κτήνη
2562 4407 2619 4459 ἐν
2643 4408 2754 4471 τοῖς
2781 4407 2932 4476 ὄρεσι
2963 4408 3058 4461 καὶ
3085 4409 3236 4478 βόες·
3259 4427 3276 4460 ι
3332 4408 3425 4460 καὶ
3456 4408 3582 4478 ἑξῆς
3605 4423 3617 4436 ·
3658 4425 3676 4457 α
3698 4407 3788 4475 Μὴ
3819 4403 3904 4472 φά-

2361 4515 2526 4568 γομαι
2552 4497 2688 4568 κρέα
2708 4497 2937 4568 ταύρων,
2964 4499 2996 4570 ἢ
3023 4498 3157 4570 αἷμα
3179 4499 3345 4570 κριῶν
3370 4499 3594 4569 πίομαι;
3619 4519 3637 4550 ι
3670 4498 3791 4560 Πῶς
3811 4495 3902 4563 γὰρ

715 4612 734 4643 ε
771 4590 1020 4661 Nunquid
1052 4593 1390 4646 manducabo
1418 4607 1610 4645 carnes
1645 4600 1948 4654 taurorum,
1999 4599 2092 4644 aut
2135 4606 2255 4645 san-

2363 4587 2588 4650 ἐκείνοις
2617 4587 2878 4658 σύμφωνα
2915 4588 2979 4642 ἂν
3009 4590 3095 4660 εἴη
3120 4591 3188 4643 τὰ.
3211 4590 3439 4660 ώςπερὶ
3467 4589 3904 4658 ὁλοκαυτωμάτων

709 4680 923 4750 guinem
950 4677 1220 4734 hircorum
1237 4681 1532 4749 potabo"?
1555 4699 1573 4732 ι
1603 4680 1703 4745 Qui
1735 4679 1879 4733 enim
1924 4679 2032 4735 illis
2065 4694 2255 4736 conso-

2364 4679 2456 4730 καὶ
2482 4677 2650 4749 κριῶν
2675 4679 2768 4731 καὶ
2793 4678 2927 4749 βοῶν
2958 4685 3049 4734 καὶ
3073 4683 3318 4752 χιμάρων
3335 4679 3568 4735 ἐνταῦθα
3592 4680 3894 4750 λελεγμένας

709 4779 839 4825 nent
879 4785 1000 4840 qua:
1028 4769 1093 4824 de
1118 4770 1470 4833 holocaustis,
1500 4773 1779 4832 arietibus.
1808 4771 1983 4828 bobus
2007 4778 2071 4827 et.
2090 4771 2258 4826 hircis

710 4859 799 4913 hic
840 4859 1170 4912 traduntur?
1209 4857 1273 4912 Et
1302 4873 1433 4914 sane
1480 4861 1594 4928 ipse
1629 4859 1795 4915 David
1841 4863 2092 4932 superius
2123 4876 2252 4915 con-

710 4952 910 5004 litendo
940 4951 1186 5023 dixerat:
1223 4969 1241 5000 ι
1266 4951 1534 5016 Quoniam
1558 4952 1603 5006 si
1624 4953 1890 5008 voluisses
1912 4953 2262 5015 sacrificium,

711 5041 980 5096 dedissem
1011 5043 1219 5111 utique,
1248 5042 1582 5097 holocaustis
1622 5058 1732 5096 non
1757 5042 2169 5098 delectaberisa'
2197 5061 2212 5110 ;
2239 5062 2256 5093 ι

711 5141 766 5186 et
797 5131 850 5183 in
881 5133 986 5186 alio
1027 5135 1220 5188 iterum
1246 5153 1259 5187 :
1299 5152 1317 5184 ι
1346 5133 1689 5189 Sacrificium
1719 5142 1774 5190 et
1804 5136 2136 5191 oblationem
2171 5152 2263 5190 no-

711 5219 885 5282 luisti,
919 5236 1116 5292 corpus
1146 5229 1328 5276 autem
1380 5226 1579 5292 aptasti
1628 5225 1783 5279 mibi.
1835 5223 2162 5284 Holcicausta
2207 5235 2262 5281 et

712 5326 812 5380 pro
843 5319 1065 5380 peccato
1111 5329 1218 5368 non
1249 5323 1398 5384 grata
1433 5308 1669 5371 habuisti
1693 5317 1791 5371 θ’.»

784 5401 950 5457 Vsus.
976 5401 1156 5457 16-20.
1196 5423 1214 5456 ι
1246 5404 1456 5484 Yenite,
1498 5407 1679 5477 audite
1704 5417 1760 5462 et
1790 5409 2044 5473 narrabo,
2072 5424 2264 5464 omnes

713 5492 807 5559 qui
837 5493 1039 5548 timetis
1070 5493 1255 5560 Deum,
1283 5505 1485 5567 quanta
1512 5495 1638 5551 fecit
1660 5499 1852 5553 anima:
1882 5514 2062 5554 mea.»
2096 5500 2260 5554 Iidem

717 5584 974 5652 superius
1035 5584 1310 5641 dicebant:
1356 5586 1589 5644 «Venite
1634 5596 1688 5644 et
1742 5589 1920 5644 videte
1955 5605 2120 5658 opera
2145 5589 2262 5653 Dei,

2362 4769 2470 4821 Kal
2506 4770 2608 4841 μὴν
2641 4770 2800 4833 αὐτὸς
2837 4773 2865 4824 ὁ
2893 4773 3053 4826 Δαυῖδ
3080 4775 3165 4827 διὰ
3205 4773 3310 4824 τῶν
3345 4771 3650 4842 ἔμπροσθεν
3673 4769 3900 4841 ἐξομολο-

2361 4862 2620 4932 γούμενος
2646 4861 2828 4930 ἔλεγεν
2850 4879 2862 4892 ·
2906 4883 2925 4915 ι
2952 4866 3090 4927 Ὅτι,
3123 4867 3170 4917 εί
3199 4863 3464 4934 ἠθέλησας
3494 4863 3678 4916 θυσίαν
3703 4903 3717 4927 ,
3751 4863 3902 4916 ἔδωκα

2366 4953 2432 5006 ἂν
2451 4993 2465 5016 .
2499 4955 2921 5027 ὁλοκαυτώματα
2964 4959 3064 5009 οὐκ
3106 4956 3435 5025 εύδοκήσεις.
3465 4974 3481 5005 ι
3540 4955 3647 5008 Καὶ
3678 4955 3828 5023 πάλιν
3856 4955 3902 5004 ὲν

2368 5047 2536 5118 ἑτέρῳ
2555 5066 2567 5080 ·
2603 5069 2620 5100 ι
2644 5047 2841 5101 Θυσίαν
2861 5048 2953 5100 καὶ
2980 5045 3290 5118 προσφορὰν
3317 5047 3415 5099 οὐκ
3441 5035 3728 5115 ἐθέλησας,
3768 5045 3898 5113 σῶμα

2367 5139 2422 5190 δὲ
2448 5141 2754 5211 κατηρτίσω
2785 5157 2891 5210 μοι.
2937 5137 3380 5208 Ὁλοκαυτώματα
3399 5137 3489 5189 καὶ
3508 5137 3636 5208 περὶ
3654 5137 3900 5209 ἁμαρτίας

2369 5232 2465 5283 nux
2495 5233 2817 5301 ηὑδόκησας.
2863 5250 2881 5282 ι

2443 5403 2652 5466 «Δεῦτε,
2675 5403 2960 5470 ἀκούσατε,
2976 5402 3427 5473 καὶδιηγήσομαι,
3444 5402 3644 5464 πάντες
3663 5400 3711 5453 oi
3735 5395 3897 5466 φοϐού-

2373 5510 2519 5564 μενοι
2539 5496 2628 5548 τὸν
2656 5495 2806 5557 Θεὸν,
2841 5496 2938 5547 ὅσα
2972 5496 3191 5564 ἐποίησε
3223 5497 3288 5565 τῇ
3312 5493 3454 5564 ψυχῇ
3481 5509 3604 5562 μου.
3629 5511 3649 5542 ι
3683 5489 3744 5541 Ol
3773 5481 3897 5538 αὐτοὶ

2371 5587 2464 5638 καὶ
2491 5589 2548 5639 ὲν
2575 5590 2684 5651 τοῖς
2716 5586 3018 5659 ἔμπροσθεν
3047 5587 3229 5654 ἔλεγον
3247 5604 3260 5616 ·
3295 5579 3297 5582 ⁴
3325 5604 3344 5636 ι
3370 5584 3533 5638 Δεῦτε
3564 5583 3658 5635 καὶ
3691 5579 3817 5632 ἴδετε
3845 5569 3896 5626 τὰ

787 5720 838 5799 ἐξ
862 5718 1028 5799 _lfsa_l._
1046 5738 1171 5799 exc,
1200 5724 1260 5799 ξ.
1299 5724 1346 5799 ’ξ’
1370 5722 1516 5799 Psal:
1541 5724 1810 5799 LX!Y,_”_.
1881 5723 1970 5777 "l
1998 5725 2121 5799 Cor.
2149 5741 2225 5790 ix,

2387 5726 2432 5757 ⁷⁷
2459 5725 2560 5784 lsa.
2598 5727 2750 5793 1,”,
2787 5730 2872 5782 ta.
2943 5727 2988 5758 ⁷⁸
3017 5724 3160 5780 Psal.
3192 5739 3351 5789 ιιιι,
3389 5723 3443 5779 8.
3515 5720 3561 5753 ’⁷
3596 5718 3803 5799 ibid.“9,
3824 5715 3893 5771 10.

722 5789 766 5821 ⁸⁸
806 5790 934 5845 ibid.
969 5794 1051 5846 l5.
1126 5795 1168 5828 δ’
1200 5793 1338 5847 Psal.
1374 5810 1425 5857 ι..
1459 5796 1542 5850 18.
1613 5792 1821 5852 "Psal.
1863 5810 2045 5861 ιιιιι,
2081 5795 2112 5846 7

794 5885 868 5956 (l)
894 5884 1198 5958 Legendum
1233 5886 1472 5958 σώματα.

3932 10 3966 270 1
