3966 6340
120 448 210 506 δϋθ
1183 445 1686 505 COMMENTARIA
1723 446 1793 503 IN
1832 446 2166 506 PSALMOS.
2406 476 2411 481 ’
3230 456 3335 511 670

116 572 229 645 ἔργα
258 569 349 623 τοῦ
375 567 511 623 Θεοῦ
533 610 547 632 ,
602 566 828 641 φοϐερὸς
860 568 917 620 ἐν
951 565 1165 636 βουλαῖς
1200 564 1339 633 ὑπὲρ
1366 557 1491 626 τοὺς
1524 562 1662 625 υἱοὺς

1775 563 2040 649 terribilis
2075 565 2130 619 in
2180 566 2430 622 consiliis
2486 578 2649 635 super
2694 561 2833 619 filios
2874 564 3209 619 hominum.»
3268 564 3338 620 Ει

117 665 205 718 τῶν
218 661 510 735 ἀνθρώπων
528 678 542 693 ’
557 681 574 713 r
594 662 689 715 καὶ
712 658 1082 729 ταῦταδιλεγον
1097 660 1207 720 τοῖς
1223 656 1419 709 ἔθνεσι.
1440 656 1547 710 Kal
1562 654 1656 707 νῦν

1770 652 1856 708 bis
1882 662 2075 724 gentes
2106 654 2543 725 alloquebautur.
2594 653 2747 709 Nunc
2778 652 2945 724 igitur
2977 655 3078 723 ipsi
3112 654 3333 710 eosdem

116 753 194 810 οὖν
205 755 420 809 πάλινοὶ
435 754 589 808 αὐτοὶ
605 755 784 816 αὐτοῖς
801 754 912 813 τοῖς
939 748 1314 820 προσφωνοῦσι
1331 748 1623 816 φάσκοντες
1643 763 1655 776 ·

122 847 299 901 (Δεῦτε
329 846 421 900 καὶ
447 830 735 903 ἀκούσατε.
757 844 850 896 καὶ
875 842 1223 913 διηγήσομαι.
1253 861 1270 921 ι
1292 841 1447 902 Τίνες
1462 840 1517 892 δὲ
1537 840 1657 893 δεῦ-

117 958 194 1004 ra;
224 940 456 1007 ἐπιλέγει
486 938 633 1007 ἐξῆς·
666 956 683 988 ι
707 937 911 996 Πάντες
937 932 1326 1003 οίφοδούμενοι
1352 932 1439 985 τὸν
1459 932 1591 985 Θεόν
1608 950 1619 962 ·
1636 951 1653 981 ι

118 1033 193 1097 οὓς
218 1032 464 1103 ἀνωτέρω
489 1029 619 1085 ποτὲ
647 1027 744 1101 μὲν
764 1025 944 1079 πᾶσαν
965 1024 1060 1095 τὴν
1082 1024 1186 1094 γῆν
1207 1023 1504 1095 ὠνόμαζον,
1529 1024 1656 1076 ποτέ

118 1127 164 1181 δὲ
203 1125 369 1180 πάντα
396 1124 466 1178 τά
495 1122 641 1192 ἔθνη.
682 1121 818 1184 Τοὺς
878 1119 1069 1180 αὐτοὺς
1116 1116 1222 1189 γάρ
1256 1118 1349 1169 καὶ
1412 1117 1504 1169 ἐπὶ
1564 1115 1656 1168 τοῦ

119 1218 353 1292 παρόντος
386 1213 601 1286 δηλοῦσι
618 1211 780 1281 φοσου
788 1204 977 1282 μένους
990 1210 1079 1263 τὸν
1094 1207 1224 1263 Θεὸν
1240 1206 1653 1271 ἀποκαλοῦντες.

119 1310 355 1370 Πολλάκις
379 1307 436 1359 δέ
462 1306 557 1359 καὶ
584 1306 642 1356 ἐν
673 1302 876 1373 ἐτέροις
908 1300 1266 1371 ἀπεδείξαμεν
1289 1340 1305 1364 ,
1335 1300 1407 1363 ὼς
1441 1300 1564 1361 τοὺς
1598 1296 1658 1361 ἐξ

120 1401 266 1455 ἐθνῶν
306 1394 686 1456 θεοσεϐοῦντας
732 1392 1095 1462 φοόουμένους
1125 1390 1215 1445 τὸν
1245 1388 1445 1461 Κύριον
1472 1387 1654 1441 καλεῖν

120 1490 282 1544 εἴωθεν
301 1492 327 1543 6
345 1487 529 1555 Λόγος.
551 1486 703 1538 Ἐπεὶ
725 1485 900 1538 τοίνυν
925 1483 1111 1555 μνείας
1129 1483 1296 1535 δεῖται
1314 1480 1376 1533 τὸ
1399 1480 1656 1551 κήρυγμα

121 1580 169 1633 τὸ
190 1576 547 1641 ἀτωστολικδν,
582 1573 893 1643 ἀναγκαίως
918 1571 1337 1642 ἐπαγγέλλονται
1363 1568 1459 1641 τὴν
1485 1569 1657 1640 ἐρμη-

121 1670 246 1726 νείαν
264 1666 593 1740 παραδώσειν
612 1668 721 1729 τοῖς
740 1665 915 1718 ἔθνεσι
935 1665 1181 1732 λέγοντες
1199 1678 1211 1693 ο
1241 1680 1260 1713 ι
1282 1660 1445 1713 Δεῦτε
1464 1699 1479 1723 ,
1501 1659 1659 1714 ἀκού⁴

122 1776 253 1823 σατε,
279 1760 367 1813 καὶ
391 1758 752 1830 διηγήσομαι·
780 1776 797 1807 ι
829 1755 1057 1825 Λέγουσι
1081 1754 1139 1807 δὲ
1164 1753 1332 1808 ταῦτα
1356 1752 1430 1816 ὡς
1456 1751 1513 1817 ἐξ
1539 1752 1656 1815 ἐνὸς

123 1846 355 1918 στόματος
388 1845 477 1899 διὰ
506 1846 606 1918 τὴν
632 1845 909 1899 τελείωσιν
933 1862 946 1875 ο
978 1846 1026 1897 οί
1055 1843 1162 1914 γὰρ
1193 1844 1390 1907 πάντες
1413 1842 1471 1895 ἓν
1502 1844 1658 1913 γεγὸ-

1770 746 2097 814 compellant
2129 745 2214 801 bis
2236 747 2415 802 verbis
2446 764 2460 800 :
2497 766 2515 798 ι
2539 743 2826 809 Venite,et
2876 743 3081 809 audite,
3118 756 3171 800 et
3204 761 3332 800 nar-

1768 836 1921 890 rabo.
1956 856 1976 889 »
2020 834 2274 902 Quinam,
2309 838 2525 893 venite?
2579 836 2773 894 deinde
2838 837 2998 892 infert
3033 855 3046 891 :
3080 854 3101 887 ι
3125 834 3336 893 Omnes

1766 927 1863 996 qui
1895 927 2099 1007 timetis
2126 927 2323 984 Deum:
2360 950 2379 982 ι
2412 944 2553 1000 quos
2582 946 2749 1000 supra
2777 930 2937 983 modo
2970 943 3183 984 omnem
3217 941 3336 986 ter-

1767 1006 1899 1072 ram
1922 1006 2393 1095 nuncupaverunt,
2426 1022 2586 1077 modo
2614 1037 2803 1077 omnes
2834 1028 3042 1092 gentes.
3093 1020 3329 1077 Eosdem

1765 1110 1911 1163 enim
1962 1111 2015 1164 iii
2066 1114 2323 1182 praesenti
2354 1111 2657 1176 declarant,
2704 1129 2828 1168 cum
2864 1114 3116 1167 timentes
3157 1112 3332 1168 Deum

1766 1204 2110 1272 compellant.
2163 1203 2490 1275 Plerumque
2525 1208 2583 1261 in
2613 1206 2735 1261 aliis
2755 1206 3328 1272 commonstravimus,

1763 1307 1857 1346 eos
1878 1308 1943 1346 ex
1975 1294 2229 1363 gentibus
2251 1297 2345 1367 qui
2372 1298 2515 1367 piam
2546 1298 2733 1353 colunt
2761 1297 3097 1368 religionem,
3130 1298 3328 1355 timen-

1763 1389 1845 1439 tes
1879 1382 2167 1442 Dominum
2226 1388 2559 1460 Scripturam
2614 1389 2886 1460 appellare
2940 1392 3133 1446 solere.
3188 1389 3328 1457 Quo-

1763 1476 1910 1530 niam
1971 1477 2140 1548 igitur
2202 1474 2519 1549 praedicatio
2570 1482 2881 1551 evangelica
2931 1482 3325 1537 commentario

1761 1574 1902 1636 eget,
1948 1582 2007 1621 se
2041 1568 2160 1637 ejus
2194 1569 2703 1639 interpretationem
2753 1571 3051 1626 tradituros
3078 1586 3321 1627 necessa-

1762 1661 1846 1713 rio
1894 1662 2148 1733 gentibus
2204 1663 2550 1732 pollicentur,
2586 1663 2833 1718 dicentes
2867 1683 2881 1717 :
2914 1681 2933 1714 σ
2964 1662 3173 1729 Venite;
3217 1679 3319 1718 an-

1763 1753 1892 1814 dite,
1928 1760 1982 1808 et
2028 1753 2319 1807 narrabo»
2363 1752 2486 1808 Haac
2511 1768 2676 1823 porro
2731 1754 2888 1823 quasi
2942 1770 3011 1826 ex
3057 1770 3168 1809 uno
3225 1769 3323 1809 ore

1763 1844 2048 1915 proferunt
2072 1853 2294 1916 propter
2309 1845 2831 1915 consummationem
2854 1848 2871 1900 :‘
2897 1860 3089 1901 omnes
3117 1845 3323 1916 quippe

121 1956 225 1993 νασι
254 1937 619 2001 τελειωθέντες
646 1939 705 1991 ἐν
734 1936 938 2009 Κυρίῳ.
984 1937 1095 1989 Καὶ
1124 1934 1295 1989 ταῦτα
1327 1933 1570 1999 θεσπίζει
1599 1935 1659 1987 τὸ

1764 1937 1815 1990 ἰη
1841 1936 2066 1992 Christo
2093 1936 2459 1992 consummati
2489 1951 2656 1990 unum
2704 1934 2879 1995 effecti
2914 1944 3064 1990 sunt.
3120 1932 3187 1988 Et
3214 1934 3337 1991 hoc,

124 2024 316 2099 Πνεῦμα
333 2029 389 2081 τὸ
408 2028 562 2096 ἅγιον
578 2027 653 2091 ὡς
673 2026 731 2091 ἐξ
750 2018 863 2090 ἐνὸς
880 2024 1041 2096 χοροῦ
1061 2024 1153 2077 τοῦ
1176 2023 1528 2077 ἀποστολικοῦ
1548 2026 1658 2088 τοῖς

126 2123 273 2175 ἔθνεσι
299 2118 670 2193 προσφωνοῦν,
702 2116 1161 2188 ἐπαγγελλόμενόν
1185 2131 1249 2169 τε,
1265 2114 1656 2186 διερμηνεύειν,

126 2213 207 2265 ὅσα
229 2212 468 2283 ἐποίησεν
494 2212 524 2263 6
556 2210 689 2273 Θεὸς
717 2211 784 2280 τῇ
811 2208 954 2279 ψυχῇ
984 2206 1181 2262 αὐτῶν.
1237 2206 1410 2260 Πάλαι
1447 2207 1544 2277 μὲν
1568 2202 1659 2260 οὖν

126 2302 281 2371 ἔλεγον
298 2318 311 2332 ·
345 2300 547 2355 σ’Δεῦτε
572 2299 667 2353 καὶ
695 2298 830 2352 ἴδετε
852 2298 919 2351 τά
947 2297 1079 2369 ἔργα
1105 2294 1197 2349 τοῦ
1223 2295 1378 2359 Θεοῦ,
1405 2295 1480 2359 ὡς
1505 2296 1657 2365 μετέ-

128 2394 297 2465 στρεψέ
322 2398 449 2459 ποτε
468 2392 566 2464 τὴν
589 2391 861 2446 Θάλασσαν
882 2391 960 2452 εἰς
986 2372 1172 2459 ξηράν,
1199 2387 1293 2441 καὶ
1314 2388 1390 2451 ὡς
1414 2391 1469 2441 ἐν
1499 2406 1660 2441 ποτα-

129 2484 201 2555 μῷ
221 2484 414 2553 διῆλθον
442 2481 583 2535 ποδί.
600 2500 619 2532 ι
657 2481 791 2533 Νυνὶ
804 2478 860 2532 δὲ
882 2478 1063 2531 οὐκέτι
1084 2477 1154 2529 τά
1182 2477 1412 2538 παλαιά,
1437 2475 1570 2529 ἀλλὰ
1592 2477 1659 2528 τά

128 2578 209 2647 τῆς
235 2576 349 2639 νέας
372 2576 465 2629 καὶ
484 2574 677 2642 καινῆς
706 2571 941 2643 ἱστορίας
964 2567 1395 2641 παραδεδώκασι,
1422 2569 1517 2631 τὰς
1537 2568 1660 2620 ἐαυ-

129 2666 218 2719 uini
259 2664 474 2736 πράξεις
518 2663 918 2733 ὑφηγούμενοι,
971 2662 1065 2714 καὶ
1096 2660 1193 2723 τὰς
1218 2662 1297 2721 είς
1328 2659 1523 2721 αὐτοὺς
1555 2658 1660 2711 ὑπὸ

128 2756 206 2810 τοῦ
231 2756 351 2811 Θεοῦ
377 2755 670 2825 γενομένας
698 2752 1031 2823 εὐεργεσίας.
1083 2752 1175 2805 Διό
1207 2767 1369 2822 φασιν
1392 2767 1405 2780 ε
1474 2768 1492 2801 t
1521 2750 1659 2803 Ὅσα

130 2849 321 2920 ἐποίησε
354 2850 417 2920 τῇ
443 2848 588 2918 ψυχῇ
622 2862 782 2916 noun
816 2840 933 2898 εἶτα
952 2843 1272 2915 ,διηγοῦνται
1296 2841 1393 2913 τὴν
1422 2842 1659 2911 ἐπαγγε-

132 2939 233 2994 λίαν
254 2938 589 3011 πληροῦντες.
637 2937 741 3002 Τίς,
762 2936 818 2990 δὲ
849 2937 881 3007 ή
912 2935 1187 3007 διήγησις;
1241 2953 1260 2987 t
1303 2934 1447 3005 Πρὸς
1479 2933 1658 2995 αὑτὸν,

136 3032 278 3101 φησὶ,
315 3030 388 3102 τῷ
425 3029 648 3101 στόματί
703 3044 802 3098 μου
854 3026 1120 3098 ἐκέκραξα
1143 3067 1160 3093 ,
1220 3026 1313 3079 καὶ
1343 3024 1532 3095 ῦψωσα
1558 3025 1662 3078 ὑπὸ

137 3124 214 3194 τὴν
233 3121 465 3191 γλῶσσάν
490 3139 611 3192 μου.
641 3140 658 3171 ι
707 3119 920 3191 Ἐπειδὴ
942 3118 1050 3191 γάρ
1074 3117 1170 3180 τὰς
1191 3119 1269 3195 είς
1290 3118 1489 3195 αὐτοὺς
1509 3117 1663 3187 εὐερ-

1763 2026 1999 2100 Spiritus
2051 2035 2277 2084 sanctus
2314 2029 2473 2099 quasi
2520 2044 2585 2083 ex
2642 2042 2751 2083 uno
2796 2027 3099 2097 apostolico
3149 2026 3319 2081 choro

1760 2118 2012 2189 gentibus
2036 2118 2269 2189 loquens
2297 2119 2670 2186 vaticinatur;
2718 2134 2781 2174 ac
2813 2119 3096 2189 pollicetur
3126 2133 3186 2173 se
3224 2116 3322 2173 de-

1761 2210 2096 2265 claraturum
2145 2219 2352 2281 quanta
2406 2212 2596 2266 fecerit
2638 2210 2779 2266 Deus
2819 2210 3015 2265 anima:
3053 2210 3317 2279 ipsorum.

1759 2297 1897 2353 Olim
1927 2300 2153 2369 quidem
2183 2316 2195 2352 :
2231 2299 2505 2364 dicebant,
2548 2318 2565 2351 ι
2592 2299 2785 2355 Venite
2815 2308 2869 2354 et
2924 2300 3102 2356 videte
3156 2314 3321 2369 opera

1762 2384 1874 2452 Dei,
1907 2392 1999 2461 qui
2039 2392 2335 2461 aliquando
2385 2393 2652 2448 convertit
2692 2408 2842 2447 mare
2879 2392 2935 2446 in
2980 2392 3209 2455 aridam,
3266 2398 3323 2446 et

1760 2483 1813 2536 in
1844 2482 2066 2539 ﬂumine
2097 2486 2535 2554 pertransierunt
2556 2486 2710 2556 pede.
2764 2505 2784 2540 ι
2810 2484 2965 2540 Nunc
2999 2494 3177 2540 autem
3213 2498 3323 2539 non

1759 2583 1938 2629 vetera
1963 2576 2217 2641 ulterius,
2250 2577 2345 2632 sed
2387 2592 2451 2632 ea
2482 2593 2603 2647 quse
2630 2591 2825 2631 novam
2863 2585 3110 2646 spectant
3147 2575 3321 2631 histo-

1759 2666 1897 2719 riam
1944 2665 2188 2729 tradunt,
2231 2675 2381 2737 gesta
2414 2682 2534 2731 sua,
2584 2681 2800 2721 necnon
2844 2680 2874 2718 a
2906 2665 3016 2720 Deo
3067 2665 3172 2720 sibi
3209 2666 3339 2721 ωιοι

1760 2754 1866 2807 lata
1930 2752 2192 2807 beneﬁcia
2229 2762 2537 2809 narrantes.
2562 2754 2743 2820 Quare
2775 2753 2964 2806 dicunt
2996 2769 3011 2806 :
3059 2771 3077 2803 ι
3107 2752 3322 2818 Quanta

1762 2844 1888 2899 fecit
1918 2844 2113 2898 anima:
2147 2858 2310 2911 meae;
2335 2864 2354 2896 ι
2389 2844 2583 2899 deinde
2616 2842 2902 2914 promissis
2954 2851 3160 2897 stantes
3198 2857 3322 2898 nar-

1761 2937 2022 2993 rationem
2044 2937 2353 2993 ordiuntur.
2377 2938 2507 3004 Quae
2534 2937 2774 2992 narratio
2806 2937 2931 2990 illa?
2972 2935 3091 2989 iAd
3119 2935 3317 3006 ipsum,
3367 2972 3371 2978 -

1764 3028 1957 3098 inquit,
2026 3043 2121 3083 ore
2149 3044 2268 3083 meo
2299 3029 2550 3092 clamavi,
2589 3037 2643 3084 et
2704 3027 2933 3083 exaltavi
2989 3027 3092 3082 sub
3141 3027 3321 3098 lingua

1764 3133 1935 3173 mea.»
1978 3116 2114 3172 Nam
2150 3118 2281 3187 quia
2320 3117 2414 3173 Dei
2446 3133 2576 3188 erga
2620 3133 2678 3173 se
2721 3116 2980 3172 beneficia
3035 3130 3321 3173 recensue-

137 3214 291 3283 γεσίας
330 3213 416 3267 τοῦ
449 3210 585 3266 Θεοῦ
618 3211 1088 3282 κατηριθμήσαντο
1112 3252 1126 3274 ,
1159 3208 1235 3271 ὡς
1278 3206 1655 3278 ἐπυρώθησαν,

1764 3219 1908 3274 runt,
1962 3210 2239 3279 quomodo
2280 3210 2490 3264 scilicet
2540 3210 2662 3279 igne
2689 3208 2979 3263 examinati
3023 3216 3077 3263 et
3111 3208 3321 3277 probati
3384 3268 3385 3271 η

136 3304 195 3369 ὡς
216 3305 627 3376 ἐδοκιμάσθησαν
649 3343 663 3364 ,
694 3303 769 3365 ὡς
795 3300 1035 3373 εἰσῆλθον
1060 3300 1138 3363 είς
1170 3299 1269 3362 τάς
1302 3297 1505 3368 θλίψεις
1524 3337 1538 3361 ,
1586 3298 1661 3360 ὡς

138 3396 415 3465 ὑπέμειναν,
439 3394 515 3459 ὡς
536 3393 746 3463 διῆλθον
764 3392 852 3446 διά
876 3392 1044 3463 πυρὸς
1067 3392 1159 3444 καὶ
1182 3390 1389 3453 ὓδατος,
1412 3390 1485 3453 ὠς
1511 3388 1665 3457 ἐξῆλ-

138 3489 210 3541 θον
228 3490 296 3552 είς
318 3487 591 3558 ἀναψυχήν
609 3503 621 3515 ·
650 3486 730 3538 ὄτι
760 3485 833 3553 μὴ
862 3484 1045 3555 ἀργῶς
1068 3482 1236 3537 ταῦτα
1260 3483 1439 3545 αὐτοῖς
1466 3484 1660 3544 πάντα,

138 3574 162 3649 ἢ
187 3580 289 3633 θεία
311 3579 599 3651 δεδώρηται
628 3580 785 3648 χάρις
809 3593 821 3605 ⁸
856 3576 989 3630 ἀλλά
1020 3575 1127 3646 γάρ
1152 3575 1327 3627 αὐτῶν
1355 3574 1422 3633 τά
1456 3573 1664 3643 μεγάλα

139 3670 552 3741 συμϐαλλομένων
568 3671 645 3732 είς
661 3669 720 3720 τὸ
740 3666 1031 3737 μαρτύριον
1052 3666 1385 3718 διδάσκουσιν
1405 3663 1663 3732 ἀναγκαίη

137 3779 212 3825 ως.
236 3762 443 3833 Πρῶτον
483 3761 583 3833 μὲν
611 3760 751 3831 γάρ,
788 3758 973 3827 φασὶν,
1004 3756 1253 3809 οὐδέποτε
1285 3753 1663 3833 ἀνεχωροῦμεν
1692 3765 1697 3771 ·

136 3828 384 3924 εὐχόμενοι
418 3828 513 3907 xuii
547 3828 774 3922 βοῶντες
802 3850 936 3920 πρὸς
963 3847 1140 3901 αὐτόν.
1213 3828 1482 3916 Ἐϐοὼμεν
1515 3847 1570 3899 δὲ
1601 3847 1660 3898 ού

90 3961 94 3964 ‘
135 3948 319 4015 γραυγῇ
347 3944 439 3998 καὶ
463 3945 614 4013 φωνῇ
647 3939 888 4010 γεγωνῷ,
924 3938 1036 4001 ἀλλ’
1071 3956 1088 3988 ι
1114 3936 1218 3989 ὑπὸ
1244 3935 1338 4007 τὴν
1365 3936 1613 4004 γλῶσσαν
1640 3955 1658 3987 ι

136 4033 244 4088 ιίσω
265 4035 566 4104 συνέχοντες
589 4029 764 4083 αὐτῶν
786 4028 882 4091 τὰς
910 4027 1057 4098 βοάς·
1084 4025 1302 4097 ᾔδειμεν
1320 4026 1446 4099 γὰρ,
1470 4028 1551 4081 ὅτι
1572 4029 1664 4080 καὶ

138 4122 430 4174 σιωπώντων
458 4120 643 4175 ἀκούει
670 4120 698 4170 6
720 4116 873 4179 Θεὸς.
898 4114 987 4169 καί
1014 4118 1118 4168 είσι
1144 4116 1383 4186 κραυγαὶ
1408 4117 1583 4188 ψυχῆς
1604 4118 1663 4171 ού

140 4212 207 4267 an
234 4214 463 4286 γλώττης
494 4210 893 4285 προφερόμεναι
913 4250 927 4273 ,
958 4194 1179 4281 ἀρρήτῳ
1201 4210 1257 4263 δέ
1283 4210 1507 4281 δυνάμει
1532 4212 1667 4283 πρὸς

138 4303 211 4356 τὸν
226 4304 348 4359 Θεὸν
373 4302 845 4374 ἀναπεμπόμεναι.
883 4300 991 4355 Καὶ
1016 4300 1171 4356 τοῦτό
1200 4304 1343 4356 ἐστιν
1371 4302 1667 4369 ὃ-ἐδίδαξεν

137 4396 340 4470 ΞΣωτὴρ
360 4395 526 4450 εἰπών
544 4413 557 4428 ο
582 4415 598 4444 ι
612 4391 827 4447 Είσελθε
854 4392 935 4456 είς
948 4392 1007 4445 τὸ
1025 4388 1266 4463 ταμιεῖόν
1284 4411 1397 4456 σου,
1415 4393 1507 4447 καὶ
1526 4393 1668 4445 κλεῖ-

137 4488 322 4559 σοντὴν
347 4486 515 4557 θύραν
546 4500 636 4536 σου
657 4524 671 4549 ,
702 4482 796 4535 καὶ
828 4481 1118 4553 πρόσευξαι
1144 4498 1157 4513 ο
1184 4483 1277 4536 καὶ
1308 4484 1336 4533 6
1363 4483 1549 4553 Πατήρ
1574 4499 1667 4535 σου

1765 3301 1905 3365 εἰπε,
1925 3301 2195 3370 quomodo
2223 3302 2275 3355 i'n
2307 3300 2566 3355 arrunmis
2616 3302 2777 3370 positi
2818 3315 2912 3354 eas
2941 3298 3322 3365 sustinuerint,

1760 3411 1869 3451 evo
1902 3402 2060 3464 pacto
2089 3393 2414 3449 transierint
2438 3407 2533 3461 per
2580 3392 2757 3461 ignem
2788 3400 2843 3444 et
2889 3406 3105 3461 aquam,
3152 3399 3206 3445 et
3238 3392 3323 3444 in-

1762 3487 1937 3555 gressi
1970 3486 2082 3540 sint
2112 3485 2168 3538 in
2226 3483 2609 3553 refrigerium;
2641 3481 2785 3552 quod
2820 3496 2927 3534 non
2978 3482 3092 3535 haec
3137 3482 3324 3538 omnia

1762 3578 1867 3633 sibi
1905 3576 2107 3630 frustra
2163 3573 2347 3629 divina
2383 3575 2557 3643 gratia
2602 3573 2929 3636 contulerit;
2985 3571 3079 3625 sed
3132 3572 3323 3627 istbtbc

1763 3667 2136 3722 sibimaxime
2166 3666 2232 3721 ad
2278 3668 2596 3737 martyrium
2649 3664 2975 3735 profuerint,
3014 3665 3323 3717 necessario

1761 3759 2007 3814 edocent.
2048 3756 2236 3812 Primo
2296 3757 2537 3827 quidem,
2594 3758 2766 3819 aiunt,
2826 3768 3103 3823 nunquam
3159 3753 3321 3807 finem

1760 3848 2014 3920 precandi
2052 3849 2231 3918 ipsum
2264 3858 2317 3903 et
2338 3848 2607 3904 clamandi
2642 3847 2887 3902 fecimus.
2922 3844 3105 3914 Neque
3142 3854 3322 3898 tamen

1762 3938 1870 3991 alta
1901 3943 1955 3991 et
1984 3949 2183 3991 sonora
2204 3950 2338 3997 voce
2360 3928 2748 3996 clamabamus,
2771 3935 2863 3990 sed
2903 3952 2922 3985 ι
2950 3934 3052 3987 sub
3078 3933 3325 4003 lingua”
3358 3981 3363 3985 .

1764 4035 1910 4090 intus
1952 4035 2223 4090 clamores
2256 4042 2478 4096 nostros
2507 4031 2946 4100 comprimentes.
2986 4027 3321 4081 Noveramus

1763 4130 1966 4199 quippe
1997 4126 2164 4181 Deum
2199 4127 2284 4182 vel
2337 4130 2581 4178 tacentes
2632 4122 2842 4184 audire,
2872 4131 3102 4190 esseque
3125 4120 3325 4173 clamo-

1764 4237 1852 4278 res
1883 4236 1993 4278 non
2044 4222 2231 4291 lingua
2279 4220 2377 4277 sed
2426 4226 2608 4273 mente
2664 4217 2927 4285 prolatos,
2966 4230 3030 4268 ac
3064 4212 3321 4275 ineffabili

1766 4304 1972 4371 virtute
2022 4314 2091 4370 ad
2138 4312 2307 4369 Deum
2357 4310 2611 4367 emissos.
2674 4307 3022 4377 Idipsumque
3049 4322 3079 4359 a
3126 4304 3325 4359 Serva-

1765 4416 1883 4464 tore
1952 4408 2180 4466 docetur
2229 4405 2315 4459 his
2373 4400 2595 4457 verbis:
2651 4399 2839 4454 «Intra
2901 4396 2956 4449 in
3011 4396 3320 4450 cubiculum

1768 4508 1947 4568 tuum,
1975 4508 2031 4553 et
2065 4498 2253 4552 clauso
2295 4491 2438 4547 ostio
2467 4505 2596 4545 ora:
2633 4497 2687 4546 et
2716 4488 2875 4543 Pater
2902 4493 3029 4540 tuus
3057 4486 3147 4555 qui
3178 4486 3322 4540 videt

135 4578 155 4628 3
180 4576 373 4646 βλέπων
402 4578 459 4629 ἐν
490 4573 568 4645 τῷ
593 4572 815 4644 κρυπτῷ
846 4573 1110 4627 ἀποδώσει
1137 4590 1237 4628 σοι.
1268 4593 1286 4624 ι
1362 4573 1545 4636 Οὕτως
1572 4568 1662 4626 οὖν

1764 4594 1819 4646 in
1844 4589 2183 4649 abscondito,
2219 4583 2409 4639 reddet
2435 4582 2531 4637 tibi
2547 4582 2614 4638 “.
2645 4600 2663 4634 ι
2693 4578 2961 4649 Sicigitur
2988 4577 3077 4631 hic
3094 4578 3323 4646 loquun-

80 4740 83 4741 ν
135 4669 213 4721 καί
237 4667 460 4721 ἐνταῦθά
484 4681 647 4734 φασιν
663 4705 676 4727 ,
701 4665 781 4717 ὅτι
815 4683 832 4714 ι
853 4664 995 4735 Πρὸς
1022 4664 1179 4718 αὐτὸν
1204 4662 1280 4733 τῷ
1309 4664 1532 4733 στόματί
1565 4681 1665 4733 μου

136 4758 379 4831 εκέκραξα
405 4758 499 4812 καὶ
525 4756 713 4825 ῦψωσα
743 4756 846 4809 ὑπὸ
867 4754 964 4826 τὴν
986 4741 1233 4823 γλῶσσάν
1258 4771 1379 4823 μου·
1406 4773 1423 4805 ο
1454 4754 1590 4807 κατά
1611 4755 1668 4808 δὲ

134 4847 210 4900 τὸν
238 4850 539 4920 Σύμμαχον,
571 4848 777 4901 (Αὐτὸν
796 4848 971 4916 ,Ιφασὶ
989 4888 1004 4910 ,
1042 4846 1119 4916 τῷ
1149 4844 1372 4914 στόματί
1410 4861 1508 4913 μου
1538 4847 1667 4897 ἐπε-

134 4938 443 5012 καλεσάμην,
491 4941 585 4993 καὶ
611 4939 797 5009 ὑψώθη
828 4938 1161 5008 παραχρῆμα
1194 4939 1227 5007 ἡ
1260 4934 1478 5003 γλῶσσά
1509 4955 1662 5006 μου.»

284 5032 343 5083 οὐ
369 5032 525 5100 μόνον
552 5034 670 5094 ταῖς
688 5032 871 5099 εὐχαῖς
894 5016 1249 5105 ἐσχολάζομεν
1270 5026 1362 5079 καὶ
1387 5030 1506 5090 ταῖς
1534 5027 1669 5099 πρὸς

136 5117 212 5170 τὸν
235 5120 357 5173 Θεὸν
385 5124 598 5193 δεήσεσι
628 5122 721 5176 καὶ
754 5110 1047 5193 ἱκετηρίαις
1067 5137 1079 5149 °
1105 5120 1239 5174 ἀλλά
1264 5120 1356 5172 καὶ
1379 5120 1556 5190 ἔργοις
1576 5122 1671 5172 αὑ-

136 5213 697 5284 τοῖᾳάπεστρεφόμεθα
731 5214 824 5283 μὲν
854 5216 1030 5267 πᾶσαν
1056 5211 1287 5275 ἀδικίαν,
1310 5210 1385 5274 ὡς
1411 5211 1542 5281 μηδέ
1573 5213 1671 5281 ἐμ-

136 5298 331 5351 ϐλέπειν
352 5302 484 5371 αὐτῇ
504 5301 725 5365 ἐθέλειν,
749 5303 782 5373 ἢ
804 5304 893 5358 καὶ
915 5303 990 5373 τῷ
1012 5301 1088 5372 νῷ
1113 5286 1459 5371 ἐνθυμεῖσθαί
1478 5318 1531 5353 τι
1559 5300 1671 5354 ἀδι-

137 5404 233 5443 κον.
265 5389 325 5441 Εἰ
344 5389 446 5461 γάρ
473 5406 525 5442 τι
544 5391 780 5445 τοιοῦτον
806 5392 1137 5462 ἐνενοοῦμεν,
1165 5390 1271 5443 οὐδ’
1296 5390 1669 5444 είσακούεσθαι

138 5475 258 5541 ἄξιοι
281 5478 343 5532 ἂν
372 5474 530 5549 ἦμεν
560 5478 641 5532 διό
667 5496 827 5547 φασιν
845 5499 858 5512 ·
920 5501 939 5534 ι
974 5482 1208 5535 Ἀδικίαν
1235 5481 1283 5533 εί
1316 5479 1581 5550 ἐθεώρουν
1613 5480 1671 5533 ἐν

140 5568 313 5640 καρδίᾳ
338 5586 435 5639 μου
455 5607 470 5633 ,
505 5568 579 5640 μὴ
608 5571 970 5628 είσακουσάτω
1004 5571 1221 5644 Κύριος.
1248 5590 1266 5622 ι
1314 5570 1465 5624 Ἐπεὶ
1495 5568 1671 5623 τοίνυν

112 5660 115 5661 ⁷
140 5660 223 5713 καὶ
243 5660 336 5731 τὴν
360 5661 596 5719 διάνοιαν
624 5662 876 5737 τοιαύτην
904 5661 1014 5737 εἶχε
1040 5658 1132 5719 καὶ
1174 5664 1273 5728 τάς
1304 5662 1465 5735 εὺχάς
1487 5663 1668 5717 τοιαύ·

200 5840 244 5879 ’³
273 5843 454 5919 hiatu).
489 5860 563 5909 VI,
587 5842 640 5897 6.

1770 4692 1857 4738 tur
1899 4702 1912 4737 :
1967 4700 1985 4732 ι
2009 4680 2088 4733 Ad
2125 4679 2299 4750 ipsum
2328 4689 2424 4729 ore
2464 4688 2587 4729 meo
2631 4672 2856 4728 clamavi
2884 4677 2937 4725 et
2963 4669 3192 4725 exaltavi
3221 4668 3323 4723 sub

1768 4775 1949 4844 lingua
1991 4784 2145 4834 mea;
2196 4786 2215 4819 ι
2241 4766 2541 4822 secundum
2576 4763 2956 4836 Symmachum
2979 4775 3109 4815 vero
3138 4778 3151 4812 :
3191 4776 3209 4809 ι
3238 4758 3323 4828 Ip-

1770 4881 1912 4927 sum,
1962 4864 2146 4924 aiunt,
2192 4873 2289 4914 ore
2340 4871 2464 4913 meo
2518 4855 2795 4917 invocavi,
2839 4861 2893 4908 et
2961 4850 3191 4906 exaltata
3238 4856 3324 4903 est

1770 4953 2057 5011 confestim
2097 4951 2281 5005 anima
2331 4964 2508 5005 mea.»
2564 4946 2673 5002 Sed
2721 4960 2831 5000 non
2863 4940 3072 4998 tantum
3119 4941 3323 4994 oratio-

1770 5048 1953 5106 nibus,
2032 5041 2290 5112 precibus
2347 5048 2402 5095 et
2461 5034 2949 5108 supplicationibus
3024 5028 3090 5083 ad
3150 5026 3320 5082 Deum

1767 5134 1984 5191 emissis
2008 5132 2350 5197 vacavimus;
2382 5128 2481 5184 sed
2510 5126 2643 5198 ipsis
2690 5123 2946 5195 operibus
2983 5118 3321 5186 iniquitatem

1769 5238 1982 5281 omnem
2013 5223 2257 5280 aversati.
2280 5235 2503 5286 sumus;
2544 5218 2616 5271 ita
2671 5222 2731 5269 ut
2776 5228 2841 5267 ne
2886 5208 3100 5279 quidem
3142 5206 3320 5275 respi-

1770 5330 1891 5371 cere
1940 5312 2090 5369 illa'm
2130 5313 2487 5375 voluerimus,
2522 5316 2615 5363 aut
2657 5304 2930 5375 quidpiam
2962 5300 3207 5368 iniquum
3237 5299 3319 5352 vel

1770 5408 1953 5462 animo
1980 5398 2244 5477 cogitare.
2282 5402 2417 5457 Nam
2453 5403 2497 5458 si
2527 5399 2658 5470 quid
2690 5394 2863 5451 simile
2902 5392 3317 5461 cogitassemus,

1775 5515 1885 5556 non
1916 5498 2065 5568 digni
2108 5511 2327 5552 eramus
2371 5495 2463 5565 qui
2511 5488 2910 5547 exaudiremur.
2960 5482 3317 5550 Quamobrem

1771 5592 1963 5646 aiunt:
2003 5611 2021 5643 ι
2049 5588 2390 5659 lniquitatem
2425 5590 2471 5643 si
2513 5582 2695 5655 aspexi
2730 5581 2784 5633 in
2830 5576 2993 5632 corde
3032 5588 3173 5633 meo,
3209 5586 3325 5653 non

1772 5683 2028 5743 exaudiat
2055 5681 2375 5736 Dominus.»
2434 5666 2571 5744 Quia
2603 5688 2732 5745 ergo
2775 5670 2870 5727 tali
2904 5672 3081 5723 mente
3121 5659 3323 5735 pretii-

1682 5772 1761 5786 *0.-
