3966 6340
716 439 809 494 871

1357 434 1619 491 EUSEBll
1659 435 2133 492 CESARIENSIS
2173 432 2327 492 OPP.
2371 435 2550 493 PARS
2589 437 2675 493 Ill.
2706 467 2770 479 —
2809 434 3208 492 EXEGETICA.

3661 503 3665 506 ,
3773 438 3859 488 672

717 566 803 611 tus
833 554 965 607 tales
1000 551 1274 607 orationes
1311 552 1583 620 fundebat,
1614 553 1735 622 jure
1786 554 1914 607 dicit
1945 572 1964 603 ι
1993 553 2240 622 Propter-

2343 571 2439 617 τας
2471 554 2804 624 ἀνέπεμπεν,
2858 554 3076 616 εἰκότως
3106 553 3259 623 φησί⁸
3297 570 3316 603 ι
3338 551 3435 604 Διὰ
3461 549 3615 604 τοῦτο
3639 551 3858 621 εἰσήκου-

716 661 775 700 ea
814 645 1081 698 exaudivit
1130 643 1291 709 Deus,
1337 653 1389 699 et
1435 646 1663 699 attendit
1694 645 1811 698 voci
1848 644 2243 712 deprecationis

715 750 894 788 meae.»
953 734 1016 786 Et
1052 735 1161 787 hac
1212 735 1265 788 in
1299 750 1463 790 causa
1498 743 1648 789 erant
1698 749 1796 788 cur
1847 734 1987 789 Deus
2017 743 2136 803 post
2166 742 2244 787 tot

715 824 1056 887 tentationes,
1089 823 1337 878 eduxerit
1366 839 1465 878 nos
1500 826 1552 877 in
1587 823 1944 894 refrigerium.
1980 823 2086 898 Pro
2122 824 2250 896 qui-1

715 918 808 967 bus
837 914 1087 968 omnibus
1115 913 1351 968 debitum
1383 915 1676 982 gratiarum
1727 914 1960 969 actionis
1984 913 2243 985 hymnum

713 1000 821 1054 Deo
852 1002 1185 1065 emittentes,
1224 1009 1392 1068 totum
1441 1017 1744 1056 sermonem
1789 1004 1894 1057 hoc
1938 1010 2040 1057 ceu’
2070 1002 2247 1071 sigillo

711 1093 1079 1146 concludunt:
1134 1093 1157 1142 ι’
1179 1093 1501 1148 Benedictus
1547 1093 1706 1158 Deus,
1761 1094 1854 1162 qui
1893 1108 2002 1146 non
2047 1094 2245 1146 amovit

693 1186 1008 1239 orationem
1045 1200 1214 1238 meam
1246 1193 1297 1239 et
1356 1185 1783 1240 misericordiam
1834 1199 1986 1240 suam
2024 1199 2055 1237 a
2103 1199 2238 1238 me.»

709 1277 832 1331 Haec
858 1291 1021 1345 porro
1063 1279 1243 1329 omnia
1266 1277 1467 1330 chorus
1495 1277 1823 1344 apostolicus
1851 1291 1918 1330 ex
1943 1275 2102 1330 unius
2127 1290 2246 1343 pcr-

708 1383 862 1431 sona,
887 1367 1343 1428 benedictionem,
1387 1365 1600 1419 laudem
1654 1374 1706 1420 et
1762 1367 2053 1436 gratiarum
2080 1366 2245 1419 actio-

708 1470 826 1508 nem
857 1469 955 1524 pro
1000 1454 1252 1508 omnibus
1298 1470 1460 1523 supra
1510 1456 1818 1509 memoratis
1852 1453 1960 1509 Deo
1991 1453 2242 1520 offerens,
2290 1455 2293 1458 ”

708 1552 829 1615 post
860 1554 936 1599 tot
965 1547 1203 1614 prolatos
1233 1561 1512 1600 sermones
1539 1546 1867 1616 obsignavit.

708 1658 756 1709 1.
809 1656 874 1710 IN
915 1657 1129 1711 FINEM
1176 1656 1242 1710 IN
1281 1657 1546 1780 HYiiglel
1596 1656 1915 1713 PSALMUS
1944 1655 2234 1712 CANTICI.

772 1837 936 1894 Vsus.
965 1840 1019 1900 2,
1052 1840 1105 1894 5.
1147 1858 1164 1890 ι
1184 1838 1326 1893 Deus
1359 1838 1680 1892 misereatur
1697 1837 1865 1891 nostri
1888 1846 1941 1890 et
1965 1836 2245 1891 benedicat

2346 661 2432 696 σεν
2457 645 2485 696 ό
2514 643 2642 707 Θεὸς
2670 645 2760 696 καὶ
2791 643 3056 715 προσέσχε
3078 644 3141 712 τῇ
3169 643 3314 710 φωνῇ
3341 640 3438 709 τῆς
3459 639 3691 710 δεήσεως
3715 657 3820 710 μω.
3838 659 3854 691 »

2350 735 2457 788 Καὶ
2474 733 2643 788 ταῦτα
2669 730 2735 804 ἦν
2767 733 2834 786 τὰ
2866 733 3014 786 αἴτια
3041 731 3105 785 δι’
3128 733 3162 786 ἃ
3187 731 3446 801 ἐξήγαγεν
3477 731 3625 799 ἡμᾶς
3653 733 3728 792 εις
3748 733 3858 783 ἀνα-

2341 826 2512 896 ψυχὴν
2534 826 2667 894 μετὰ
2685 827 2806 888 τοὺς
2824 823 3103 886 τοσούτους
3124 821 3470 892 πειρασμούς.
3511 820 3625 889 Ἐφ’
3643 817 3720 883 οἷς
3741 822 3858 874 ἄπα»

2344 933 2394 968 σι
2424 918 2511 968 τὸν
2541 915 2874 983 ὀφειλόμενον
2902 915 3306 985 εὐχαριστήριον
3349 912 3509 982 ὕμνον
3537 913 3857 981 ἀναπέμπονο

2343 1024 2430 1068 τες
2461 1005 2536 1074 τῷ
2565 1005 2698 1074 Θεῳ,
2728 1005 3134 1074 ὲπισφράγισμα
3161 1003 3253 1056 τοῦ
3284 1003 3474 1066 παντὸς
3501 1001 3770 1054 ποιοῦνται
3789 1001 3858 1053 λό-

2344 1113 2439 1163 γου
2469 1097 2760 1164 φάσκοντες
2781 1112 2792 1125 ·
2823 1114 2842 1146 ι
2864 1094 3159 1164 Εὐλογητὸς
3182 1097 3209 1147 6
3239 1094 3386 1157 Θεὸς,
3416 1093 3473 1156 ὂς
3497 1093 3597 1145 οὐκ
3622 1093 3857 1161 ἀπέστρε-

2343 1189 2409 1255 ψε
2432 1187 2526 1257 τὴν
2551 1187 2849 1258 προσευχήν
2874 1203 2993 1256 μου,
3044 1187 3133 1238 καὶ
3154 1186 3211 1239 τὸ
3233 1186 3374 1248 ἔλεος
3398 1184 3560 1238 αὐτοῦ
3581 1186 3673 1238 ἀπ’
3693 1183 3852 1253 ἐμοῦ.»

2342 1278 2518 1331 Ταῦτα
2544 1278 2605 1330 δὲ
2622 1278 2792 1330 πάντα
2823 1279 2851 1328 ὁ
2878 1277 3033 1347 χορὸς
3062 1277 3090 1328 6
3121 1277 3464 1339 ἀποστολικὸς
3485 1276 3544 1340 ἐξ
3567 1276 3683 1336 ἑνὸς
3712 1261 3857 1343 προσ-

2343 1371 2487 1423 ώπου
2529 1369 2665 1440 μετὰ
2701 1370 2902 1430 πάντας
2951 1369 3071 1430 τοὺς
3122 1367 3504 1436 προλεχθέντας
3553 1367 3736 1432 λόγους
3778 1367 3858 1416 ὲπ·

2341 1462 2720 1530 εσφραγίσατο,
2749 1459 2990 1526 εὐλογίαν
3016 1459 3106 1511 καὶ
3126 1457 3420 1524 δοξολογίαν
3438 1458 3527 1509 καὶ
3543 1455 3858 1527 εὐχαριστίαν

2344 1553 2435 1603 ὲπὶ
2469 1542 2597 1603 πᾶσι
2637 1553 2745 1611 τοῖς
2777 1548 3140 1620 προλεχθεῖσιν
3172 1547 3505 1616 ἀναπέμπων
3537 1547 3614 1615 τῷ
3637 1545 3768 1615 Θεῷ.

2343 1661 2392 1713 1.
2432 1659 2538 1710 El}:
2571 1659 2655 1710 ΤΟ
2683 1657 2899 1712 ΤΕΛΟΣ
2939 1657 3029 1710 ΕΝ
3053 1653 3321 1760 ΕξΝΟΙΣ
3360 1653 3648 1705 ΨΑΛΜΟΣ
3681 1651 3856 1720 DARE.

2417 1858 2434 1890 ι
2457 1840 2511 1892 ’0
2533 1840 2660 1901 Θεὸς
2679 1839 3004 1909 οἰκτειρήσαι
3025 1840 3055 1906 ή
3064 1840 3163 1907 μᾶς
3178 1837 3268 1890 καὶ
3288 1837 3573 1907 εὐλογήσαι
3588 1835 3747 1904 ἡμᾶς,
3762 1838 3858 1887 ὲπι-

705 1930 880 1992 ηοὺίνε,
898 1930 1161 1984 illuminet
1174 1931 1377 1982 vultum
1390 1943 1543 1984 suum
1558 1942 1719 1996 super
1728 1943 1848 1991 nos,
1861 1935 1915 1982 et
1928 1928 2242 1981 misereatur

2345 1930 2501 1997 φάναι
2524 1929 2581 1980 τὸ
2603 1907 2882 2000 πρόσωπον
2900 1907 3060 1980 αὐτοῦ
3078 1929 3158 1993 ἐφ’
3173 1928 3318 1996 ήμᾶς
3333 1927 3426 1998 καὶ
3442 1923 3656 1994 ὲλεήσαι
3681 1924 3712 1992 ὴ
3719 1927 3828 1992 μᾶς.
3841 1943 3855 1971 »

703 2019 929 2074 nostri.»
971 2018 1216 2073 Praisens
1244 2032 1456 2086 quoque
1472 2017 1730 2086 psalmus,
1755 2016 2093 2085 evangelicus
2119 2030 2239 2069 cum

703 2108 795 2171 sit,
847 2107 1020 2162 eidem
1065 2123 1128 2161 ac
1174 2108 1481 2179 praecedens
1518 2109 1682 2162 haeret
1730 2107 2038 2170 sententiae;
2073 2121 2241 2175 quare

710 2199 823 2252 «ad
877 2199 1080 2253 ﬁnem»
1117 2207 1169 2251 et
1219 2199 1334 2268 ipse
1389 2200 1646 2263 remittit,
1704 2205 1866 2266 atque
1928 2197 2240 2250 «canticum

705 2286 935 2354 psalmi»
968 2287 1315 2353 inscribitur;
1347 2289 1472 2355 quia
1502 2287 1591 2341 ille
1613 2302 1828 2356 quoque
1853 2286 2091 2355 psalmus
2119 2299 2242 2340 can-

703 2375 796 2430 tici
827 2391 947 2430 esse
975 2377 1274 2432 dicebatur.
1319 2375 1575 2430 Fortasse
1601 2390 1730 2429 vero
1771 2374 1890 2430 ideo
1929 2385 2118 2431 neuter
2146 2391 2240 2430 eo-

703 2481 824 2519 rum
851 2466 1010 2534 cujus
1065 2467 1174 2520 sint
1225 2482 1502 2521 sermones
1538 2467 1589 2519 in
1624 2467 1780 2520 titulo
1809 2466 2066 2529 declarat,
2097 2465 2241 2535 quod

704 2554 1052 2610 manifestum
1104 2557 1176 2608 sit
1217 2570 1460 2624 quanam
1495 2571 1737 2624 persona
1785 2557 1838 2609 in
1893 2563 2119 2624 utroque
2163 2555 2244 2609 lo-

653 2639 667 2652 ’
704 2652 932 2714 quentes
960 2645 1302 2700 inducantur.
1329 2645 1535 2700 Etenim
1558 2647 1794 2715 gentium
1819 2661 2113 2715 praecones,
2131 2646 2242 2700 sive

702 2736 933 2803 apostoli
985 2734 1287 2791 Senatoris
1328 2737 1524 2798 nostri,
1585 2737 1642 2790 in
1682 2731 1911 2806 utroque
1956 2752 2242 2792 assumun-

710 2831 821 2876 tur.
879 2822 981 2888 Qui
1014 2827 1194 2876 statim
1227 2825 1292 2878 ab
1313 2826 1536 2879 exordio
1565 2827 1617 2879 in
1645 2827 1892 2894 praesenti
1919 2827 2126 2894 psalmo
2143 2842 2243 2880 nec

705 2914 918 2967 occulte
950 2914 1249 2967 acclamant
1278 2915 1331 2968 in
1359 2924 1500 2967 terra
1530 2922 1582 2968 et
1624 2916 1676 2968 in
1723 2916 1972 2969 omnibus
1995 2917 2241 2984 gentibus

705 3003 940 3057 salutare
997 3003 1112 3067 Dei,
1167 3012 1222 3057 et
1287 3005 1430 3056 viam
1489 3003 1606 3072 ejus
1654 3006 1907 3073 cognosci
1939 3013 2239 3072 precantes,

703 3089 894 3143 deinde
916 3090 1065 3143 aiunt
1088 3111 1099 3144 :
1137 3108 1155 3140 ‹
1179 3089 1547 3150 Conﬂteantur
1571 3091 1669 3144 tibi
1695 3093 1898 3160 populi,
1928 3090 2088 3152 Deus,
2117 3107 2243 3145 con-

705 3177 956 3232 ﬁteantur
984 3180 1080 3232 tibi
1133 3181 1312 3248 populi
1344 3195 1554 3236 omnes.
1599 3179 1868 3236 Latentur
1893 3193 1944 3236 et
1973 3183 2242 3236 exsultent

704 3277 943 3339 gentes.»
987 3269 1154 3333 Quem
1187 3285 1488 3325 sermonem
1520 3271 1758 3326 secundo
1789 3272 1853 3325 ad
1885 3272 2122 3326 vaticinii
2151 3273 2240 3325 ﬁr-
2265 3247 2306 3302 ο

703 3359 942 3416 mitatem
997 3369 1267 3430 repetunt.
1309 3360 1522 3416 Chorus
1550 3363 1712 3433 igitur
1749 3364 2099 3431 apostolicus,
2147 3365 2238 3433 qui

705 3452 856 3521 prius
879 3451 1114 3506 dixerat:
1142 3472 1158 3502 ι
1205 3451 1434 3507 Jubilate
1476 3453 1605 3516 Deo,
1642 3454 1817 3507 omnis
1861 3454 2094 3520 terra“;
2123 3473 2140 3505 »
2187 3461 2240 3508 et

709 3558 958 3596 rursum:
1003 3561 1020 3593 ι
1048 3542 1234 3598 Omnis
1264 3551 1406 3597 terra
1438 3544 1624 3598 adoret
1669 3551 1720 3597 te
1735 3545 1811 3611 9’;
1838 3564 1856 3595 »
1895 3545 2234 3613 iterumque:

713 3650 731 3681 ι
758 3631 1082 3717 Benedicite,
1117 3645 1322 3702 gentes,
1353 3633 1523 3689 Deum
1567 3642 1814 3688 nostrum
1835 3635 1910 3701 ⁸⁶;
1939 3654 1956 3686 »
2000 3637 2052 3688 in
2097 3651 2238 3704 prae—

703 3722 844 3776 senti
890 3724 1097 3791 psalmo
1131 3725 1400 3786 similiter,
1442 3724 1871 3779 animadvertens
1907 3741 2099 3795 magno
2135 3726 2237 3778 sibi

701 3826 840 3880 opus
886 3827 1008 3866 esse
1064 3814 1130 3867 ad
1191 3812 1425 3883 faustum
1476 3816 1795 3884 evangelicae
1843 3816 2238 3884 praedicationis

702 3902 904 3953 exitum
939 3900 1030 3955 Dei
1063 3903 1280 3966 auxilio,
1319 3904 1472 3972 quasi
1513 3903 1614 3957 Sibi
1664 3905 1958 3958 accinendo
2003 3906 2080 3959 sic
2113 3921 2236 3974 pre-

703 3998 886 4042 catur:
927 4008 944 4040 ι
967 3992 1106 4045 Deus
1135 3993 1448 4046 misereatur
1480 3994 1648 4046 nostri
1680 4003 1733 4048 et
1752 3995 2031 4049 benedicat
2061 3995 2237 4059 nobis,

703 4078 970 4134 illuminet
1003 4079 1208 4134 vultum
1249 4097 1405 4136 suum
1439 4099 1601 4152 super
1641 4099 1761 4147 nos,
1817 4094 1870 4139 et
1918 4086 2238 4139 misereatur

706 4170 931 4222 nostri.»
1008 4169 1116 4225 Nos
1161 4173 1357 4241 quippe
1414 4173 1548 4235 nihil
1604 4173 1838 4227 dicimus
1895 4189 2038 4237 esse,
2103 4174 2236 4226 nihil

706 4273 864 4326 posse
893 4259 1138 4323 fatemur,
1174 4255 1306 4314 cum
1329 4262 1462 4315 viles
1489 4263 1754 4326 homines,
1798 4264 2088 4331 simplices.
2114 4279 2239 4331 pau-

705 4348 858 4418 peres
885 4359 937 4404 et
952 4352 1225 4406 hominum
1254 4353 1510 4421 postremi
1543 4354 1730 4408 simus.
1751 4353 1880 4421 'lpse
1907 4368 2034 4407 vero
2065 4354 2229 4416 Deus,

704 4443 796 4511 qui
831 4455 928 4496 nos
957 4444 1008 4495 in
1041 4443 1227 4498 salutis
1258 4445 1491 4512 gentium
1520 4443 1794 4498 ministros
1826 4443 2044 4511 adlegit,
2068 4444 2238 4510 primo

705 4520 917 4599 quidem
968 4531 1286 4585 misereatur
1317 4532 1509 4593 nostri,
1548 4541 1744 4586 nostra:
1774 4533 1981 4586 scilicet
2010 4532 2234 4584 inﬁrmi-
2267 4565 2313 4622 υ

704 4622 830 4674 tatis
885 4621 1351 4674 commiseratione
1399 4628 1716 4687 moveatur;
1768 4621 1960 4676 deinde
2028 4620 2232 4689 aliquid

707 4711 922 4776 adjiciat
950 4710 1092 4779 quod
1120 4711 1428 4764 confortare
1468 4713 1666 4776 valeat;
1709 4713 1761 4766 id
1791 4720 1892 4772 est.
1937 4720 1993 4765 ut
2023 4712 2236 4766 benedi-

705 4808 792 4852 cat
819 4801 994 4863 nobis,
1027 4800 1399 4854 benedictione
1430 4814 1556 4854 sane
1601 4800 1895 4869 apirituali;
1948 4816 2054 4870 quo
2091 4801 2234 4854 illius

706 4891 873 4957 gratia
924 4891 974 4942 in
1002 4905 1100 4944 nos
1130 4891 1434 4959 impleatur,
1463 4896 1522 4942 ut
1551 4903 1644 4957 par
1674 4897 1774 4952 est,
1807 4890 2112 4958 bujusmodi
2142 4891 2234 4944 be-

703 4980 972 5039 ncdictio:
1040 4999 1058 5030 ι
1082 4981 1336 5044 Crescite,
1371 4990 1423 5034 et
1456 4978 1908 5048 multiplicamini,
1954 4991 2006 5034 et
2039 4981 2236 5049 replete

705 5076 1002 5131 terram,et
1024 5070 1371 5123 dominamini
1399 5071 1653 5127 illius";»
1699 5068 1821 5122 Haec
1845 5070 1990 5122 enim
2017 5085 2046 5122 a
2079 5071 2232 5138 prin-

707 5161 845 5226 cipio
876 5161 930 5211 in
957 5160 1140 5216 mundi
1181 5171 1367 5214 exortu
1401 5161 1543 5215 dicta
1591 5169 1749 5215 sunt:
1780 5175 1899 5228 quae
1929 5158 2095 5213 Judazi
2127 5177 2232 5214 non

709 5251 812 5302 alio
848 5265 1010 5319 quam
1065 5256 1325 5320 cOrporeo
1370 5265 1540 5313 more,
1594 5267 1689 5320 per
1733 5249 2232 5318 multiplicationem

708 5338 924 5408 impleta
969 5346 1181 5408 putant.
1217 5338 1326 5394 Nos
1369 5347 1545 5393 autem
1593 5342 1743 5408 gnari
1795 5341 1985 5393 anima:
2024 5355 2234 5409 quoque

706 5430 911 5497 prolem
944 5446 1066 5485 esse
1141 5437 1299 5496 atque
1344 5429 1639 5498 distipulos
1687 5445 1806 5485 esse
1857 5430 2233 5498 magistrorum

711 5518 868 5578 ﬁlios,
907 5518 1212 5585 bujusmodi
1252 5518 1676 5573 benedictionem
1728 5519 1984 5587 consequi
2045 5534 2232 5587 preca-

716 5622 866 5670 mur,L
886 5616 942 5661 ut
980 5623 1286 5664 crescamus
1338 5621 1390 5664 et
1444 5611 1859 5680 multiplicemur
1895 5610 2235 5663 multitudine

777 5780 825 5816 "‘
845 5781 987 5838 Psal.
1015 5799 1134 5844 ων,
1164 5784 1211 5838 1.
1285 5786 1328 5819 ⁸⁸
1353 5786 1479 5842 ibid.
1516 5786 1566 5841 ι.

2339 2020 2446 2071 Καὶ
2475 2021 2502 2071 ό
2531 2018 2714 2089 παρὼν
2736 2016 2943 2087 ψαλμὸς
2969 2016 3316 2084 εὐαγγελικὸς
3335 2013 3430 2078 ὣν,
3462 2015 3558 2084 τῆς
3583 2014 3744 2082 αὐτῆς
3763 2012 3860 2081 ἐχε-

2338 2127 2423 2161 ται
2454 2107 2528 2177 τῷ
2557 2106 2660 2177 πρὸ
2687 2106 2846 2160 αὐτοῦ
2879 2106 3141 2167 διανοίας·
3186 2105 3369 2172 διόπερ
3420 2121 3439 2154 ι
3461 2105 3539 2165 είς
3580 2102 3638 2154 τὸ
3688 2101 3854 2161 τέλος»

2337 2197 2684 2266 παραπέμπει
2712 2195 2803 2246 καὶ
2829 2193 2986 2254 αὐτὸς
3010 2231 3025 2255 ,
3044 2211 3078 2249 ·ι
3097 2192 3207 2261 ᾠδή
3232 2210 3250 2243 »
3288 2207 3346 2243 τε
3377 2209 3394 2241 ι
3417 2189 3657 2259 ψαλμοῦ»
3697 2190 3861 2256 ἐπιγέ-

2337 2303 2576 2356 γραπται
2600 2299 2614 2312 ⁶
2646 2285 2765 2335 ἐπεὶ
2792 2285 3033 2343 κάκεῖνος
3056 2280 3264 2351 ψαλμὸς
3290 2281 3428 2350 ᾠδῆς
3471 2281 3681 2347 ἐλέγετε
3721 2276 3858 2332 εἶναι.

2337 2378 2558 2445 Μήποτε
2595 2375 2649 2428 δὲ
2683 2376 2741 2427 τὸ
2774 2375 2915 2435 τίνος
2946 2368 3049 2426 εἷεν
3071 2373 3214 2441 λόγοι
3241 2372 3515 2443 οὐδέτερος
3536 2371 3707 2425 αὐτῶν
3727 2373 3779 2422 ἐν
3803 2373 3858 2440 τῇ

2339 2469 2621 2536 προγραφῇ
2652 2466 2938 2534 παρίστησι
2962 2463 3049 2515 διὰ
3072 2465 3130 2516 τὸ
3161 2463 3383 2534 ἐναργὲς
3409 2463 3514 2515 τῶν
3538 2459 3859 2531 προφητικῶς

2337 2559 2667 2627 εἰσηγμένων
2715 2559 2773 2609 ἐν
2804 2557 2982 2617 αὐτοῖς
3015 2552 3328 2624 προσώπων.
3392 2555 3454 2607 Οἱ
3488 2554 3718 2624 κήρυκες
3749 2551 3859 2619 γοῦν

2335 2647 2440 2700 τῶν
2466 2647 2628 2700 ἐθνῶν
2645 2686 2660 2711 ,
2693 2648 2742 2699 οἱ
2770 2647 3047 2700 ἀπόστολοι
3074 2645 3269 2717 δηλαδὴ
3301 2646 3393 2698 τοῦ
3428 2647 3672 2714 Σωτῆρος
3700 2644 3857 2713 ⁴ἡμῶν,

2336 2741 2391 2791 ἐν
2425 2739 2663 2809 ἑκατέρῳ
2694 2738 3125 2809 παρελήφθησαν.
3157 2736 3358 2789 Αὐτίκα
3388 2736 3517 2803 γοῦν
3547 2737 3637 2788 καὶ
3666 2735 3746 2787 διὰ
3767 2734 3859 2785 τών

2337 2829 2700 2899 προκειμένων
2729 2829 3048 2891 ἀκαλύπτως
3081 2827 3372 2880 ἀναϐοῶσιν
3408 2830 3465 2878 ὲν
3496 2829 3574 2896 τῇ
3595 2829 3662 2895 γῇ
3697 2826 3784 2878 καὶ
3811 2827 3860 2876 ὲν

2338 2921 2468 2971 πᾶσι
2487 2923 2595 2980 τοῖς
2618 2918 2789 2972 ἔθνεσι
2807 2920 2865 2971 τό
2884 2936 2942 2972 τε
2965 2919 3223 2988 σωτήριον
3242 2917 3333 2969 τοῦ
3350 2917 3479 2969 Θεοῦ
3501 2956 3514 2978 ,
3539 2918 3629 2968 καὶ
3649 2916 3741 2986 τὴν
3758 2916 3859 2967 ὁδὸν

2339 3007 2497 3061 αὐτοῦ
2523 3007 2823 3076 γνωσθῆναι
2845 3007 3116 3077 εὐχόμενοι
3135 3024 3149 3038 ο
3173 3005 3270 3059 εἷθ’
3290 3006 3415 3074 ἑξῆς
3431 3023 3444 3036 ·
3484 3025 3501 3056 ι
3538 3003 3858 3075 Ἐξομολογη-

2339 3099 2616 3152 σὰσθωσάν
2644 3115 2722 3152 σοι
2752 3100 2867 3152 λαοὶ
2885 3139 2899 3163 ,
2933 3086 2972 3151 ¹ό
3001 3099 3130 3162 Θεὸς
3149 3138 3162 3161 ,
3198 3097 3763 3167 ὲξομολογησάσθωσάν
3792 3114 3859 3148 σοι

2339 3190 2453 3244 λαοὶ
2505 3190 2718 3252 πάντες.
2794 3189 3255 3260 Εὐφρανθήτωσαν
3304 3190 3395 3242 καὶ⁸
3444 3187 3862 3255 ἀγαλλιάσθωσαν

2338 3282 2514 3350 ἔθνη.)
2547 3279 2653 3331 Καὶ
2677 3274 2828 3341 αὖθις
2861 3279 3166 3349 δευτεροῦσι
3193 3279 3282 3331 τὸν
3309 3277 3464 3344 λόγον
3493 3279 3570 3338 είς
3601 3276 3860 3346 βεϐαίωσιν

2337 3369 2440 3422 τῶν
2468 3368 2885 3438 θεσπιξομένων.
2932 3367 2986 3420 '0
3015 3367 3169 3437 χορὸς
3200 3367 3373 3420 τοίνυν
3405 3368 3432 3418 6
3460 3365 3816 3427 ἀποστολικὸς,
3841 3365 3861 3417 5

2335 3460 2420 3510 διὰ
2440 3458 2544 3511 τῶν
2564 3457 2862 3528 ἔμπροσθεν
2880 3456 3127 3526 εἰρηκώς·
3152 3475 3169 3506 ι
3192 3454 3509 3528 ’Δλαλάξατε
3526 3453 3603 3523 τῷ
3617 3454 3750 3523 Θεῷ,
3773 3455 3862 3505 πᾶ-

2339 3551 2447 3617 σαὴ
2465 3547 2535 3616 γῆ
2551 3566 2596 3598 ἰ
2626 3548 2717 3600 καὶ
2737 3544 2888 3609 αὖθις
2903 3563 2917 3577 ’
2943 3566 2959 3596 ι
2984 3548 3136 3599 Πᾶσα
3150 3549 3182 3614 ὴ
3201 3545 3802 3617 γῆπροσκυνησάτωσαν
3815 3561 3828 3574 ο
3841 3561 3856 3591 δ

2337 3615 2626 3690 καὶ-πάλιψ
2656 3656 2674 3687 ι
2698 3637 3001 3704 Εὐλογεῖτε,
3022 3635 3167 3705 ἔθνη,
3187 3615 3426 3686 τὸν’Θεὸν
3453 3633 3605 3703 ἡμῶν
3625 3652 3636 3663 ·
3666 3652 3682 3684 »
3707 3634 3792 3686 καὶ
3813 3635 3861 3684 ὲν

2336 3726 2410 3796 τῷ
2440 3727 2574 3796 μετὰ
2602 3729 2782 3797 χεῖρας
2809 3726 3022 3795 ὁμοίως,
3046 3724 3203 3794 δρῶν,
3221 3725 3300 3776 ὅτι
3328 3721 3525 3791 πολλῆς
3555 3722 3717 3774 δεῖται
3752 3738 3862 3773 συν-

2337 3818 2518 3889 εργίας
2546 3818 2676 3870 Θεοῦ
2708 3818 2786 3879 εἰς
2827 3815 3153 3885 κατόρθωσιν
3193 3813 3282 3866 τοῦ
3331 3813 3674 3880 εὐαγγειλικοῦ
3708 3812 3862 3883 κηρύ-

2337 3924 2560 3974 γματος,
2577 3906 2760 3978 ῶσπερ
2782 3905 3089 3975 κατεπᾴδων
3111 3903 3280 3973 ἑαυτῷ
3298 3903 3364 3956 δι’
3385 3903 3546 3972 εὐχῆς
3569 3919 3722 3972 φησιν
3738 3920 3750 3931 ~
3777 3921 3794 3952 ι
3814 3903 3862 3952 Ὀ

2335 3998 2461 4059 Θεὸς
2481 3999 2809 4068 οἰκτειρήσαι
2831 3998 2974 4066 ἡμᾶς
2996 3997 3087 4048 καὶ
3115 3995 3395 4064 εὐλογήσαι
3423 3995 3598 4063 ἡμᾶς,
3625 3992 3877 4060 ὲπιφάναι⁹

2335 4085 2394 4136 τὸ
2426 4085 2708 4154 πρόσωπον
2735 4084 2894 4138 αὐτοῦ
2939 4086 3022 4153 ἐφ’
3053 4084 3197 4153 ἡμᾶς
3221 4124 3235 4147 ,
3266 4083 3358 4136 καὶ
3403 4075 3626 4152 ὲλεήσαί
3668 4083 3818 4151 ἡμᾶς.
3839 4099 3856 4129 »

2348 4174 2531 4242 Ἡμεῖς
2564 4173 2660 4241 μὲν
2691 4173 2796 4242 γὰρ
2825 4175 3042 4235 ἑαυτοὺς
3080 4174 3141 4224 τὸ
3177 4172 3339 4244 μηθὲν
3379 4167 3514 4224 εἷναί
3546 4189 3747 4242 φαμεν,
3782 4170 3861 4223 καὶ

2335 4264 2395 4316 τὸ
2431 4264 2591 4333 μηδὲν
2616 4262 2862 4316 δύνασθαι
2887 4263 3279 4332 ὁμολογοῦμεν,
3312 4262 3540 4326 εὐτελεῖς
3591 4265 3735 4325 ὄντες
3779 4264 3860 4313 καὶ

2341 4353 2541 4407 ἰδιῶται
2563 4393 2577 4416 ,
2609 4353 2834 4422 πένητές
2858 4371 2919 4404 τε
2951 4353 3043 4405 καὶ
3075 4354 3285 4406 πάντων
3311 4354 3524 4423 ἔσχατοι
3549 4353 3856 4422 ἀνθρώπων·

2337 4445 2493 4506 αὐτὸς
2511 4443 2565 4495 δὲ
2583 4445 2611 4494 ό
2625 4443 2752 4504 Θεὸς
2773 4442 3048 4512 βουληθεὶς
3069 4445 3212 4513 ημᾶς
3227 4444 3498 4513 ὑπηρέτας
3518 4441 3757 4510 γενέσθαι
3777 4443 3859 4508 τῆς

2335 4533 2439 4584 τῶν
2459 4533 2622 4585 ἐθνῶν
2645 4534 2928 4604 σωτηρίας,
2954 4533 3164 4604 πρῶτον
3193 4534 3286 4604 μὲν
3308 4533 3688 4601 οίκτειρήσειεν
3710 4533 3857 4600 ἡμᾶς,

2337 4615 2510 4672 οἶκτον
2538 4620 2689 4690 ἡμῶν
2718 4619 2890 4672 λαϐὼν
2915 4621 3011 4690 τῆς
3037 4621 3312 4684 ἀσθενείας
3333 4637 3346 4650 ·
3400 4616 3514 4671 εἶτα
3544 4620 3790 4688 προσθείη
3815 4636 3858 4670 τι

2339 4708 2398 4758 τὸ
2423 4707 2708 4777 δυνάμενον
2735 4710 2877 4778 ἡμᾶς
2897 4709 3202 4779 δυναμῶσαι
3227 4727 3239 4739 ·
3286 4707 3441 4760 τοῦτο
3469 4709 3524 4761 δὲ
3546 4705 3611 4778 ἦν
3639 4709 3694 4761 τὸ
3723 4709 3858 4761 εὐλο-

2336 4798 2497 4866 γῆσαι
2528 4801 2701 4869 ἡμᾶς·
2753 4800 2966 4870 εὐλογίᾳ
2991 4800 3054 4870 δὴ
3085 4803 3413 4869 πνευματικῇ
3439 4838 3454 4862 ,
3490 4799 3563 4862 ὡς
3589 4800 3652 4852 ἂν
3681 4801 3766 4853 καὶ
3792 4802 3858 4861 εἰς

2343 4890 2484 4957 ἡμᾶς
2519 4890 2824 4960 πληρωθείη
2877 4892 3188 4960 πρεπόντως
3217 4893 3279 4960 τῇ
3312 4890 3472 4943 αὐτοῦ
3503 4890 3678 4960 χάριτι
3708 4893 3752 4960 η’
3773 4892 3858 4958 φά-

2343 4992 2540 5030 σκουσα
2593 4979 2802 5046 εὐλογία
2826 4991 2840 5004 ⁸
2893 4997 2910 5027 ι
2939 4977 3229 5041 Αὐξάνεσθε
3254 4979 3344 5032 καὶ
3389 4980 3743 5051 πληθύνεσθε,
3780 4979 3858 5030 καὶ

2341 5067 2652 5137 πληρώσατε
2671 5070 2764 5140 τὴν
2789 5070 2907 5138 γῆν,
2934 5071 3023 5121 καὶ
3048 5072 3498 5140 κατακυριεύσατε
3522 5073 3701 5143 αὐτῆς.
3717 5069 3858 5122 »Ταῦ-

2338 5173 2402 5207 τα
2434 5157 2528 5226 μὲν
2549 5161 2652 5232 γὰρ
2677 5161 2766 5213 καὶ
2789 5160 2951 5213 πάλαι
2971 5161 3085 5213 κατ’
3111 5160 3278 5231 ἀρχὰς
3297 5163 3388 5213 ἐπὶ
3411 5163 3505 5231 τῆς
3529 5161 3857 5230 κοσμοποιίας

2337 5246 2517 5317 εἴρητο
2535 5267 2547 5278 ·
2583 5251 2842 5321 ἐνομίσθη⁵
2867 5269 2924 5304 τε
2963 5252 3227 5314 Ἰουδαίοις
3251 5253 3347 5305 οὐκ
3379 5253 3550 5314 ἄλλως
3578 5252 3610 5320 ἢ
3640 5265 3855 5319 σωματι-

2339 5337 2445 5400 κῶς
2475 5340 2642 5408 μόνως
2667 5342 2753 5393 διὰ
2781 5343 2877 5410 τῆς
2903 5326 3240 5406 πολυτελείας
3269 5342 3620 5413 πληροῦσθαι.
3687 5339 3854 5406 Ἡμεῖς

2337 5425 2414 5487 δὲ,
2447 5428 2658 5493 ειδότες,
2683 5431 2754 5493 ὡς
2775 5431 2885 5486 ἔστι
2913 5433 3004 5486 καὶ
3028 5433 3201 5501 ψυχῆς
3226 5417 3440 5500 ἔκγονα,
3464 5427 3782 5483 διδασκάλων
3804 5438 3852 5474 ’σε

2340 5516 2519 5579 παῖδες
2556 5522 2600 5570 οἱ
2639 5520 3050 5592 μαθητευόμενοι
3075 5562 3088 5584 ,
3129 5521 3374 5590 τοιαύτης
3418 5519 3666 5588 ἀξιοῦμεν
3692 5514 3855 5582 τυχεῖν

2340 5608 2578 5674 εὐλογίας
2599 5649 2611 5672 ,
2628 5609 2700 5673 ὡς
2725 5611 2788 5664 ἂν
2810 5611 3057 5683 αὐξηθείη
3067 5630 3161 5683 μεν
3184 5612 3276 5665 καὶ
3299 5609 3719 5678 πληθυνθείημεν
3735 5605 3851 5672 ιιιλή⁸

1719 5787 1761 5818 “
1789 5785 1916 5841 ibid.
1940 5784 1993 5842 8.
2067 5785 2112 5825 "
2140 5784 2272 5840 Gen.
2306 5801 2342 5851 I,
2377 5784 2469 5840 28.
