3976 6348
114 426 209 479 673

1183 421 1678 478 LOMMENTARIA
1717 420 1783 476 IN
1821 420 2154 477 PSALMOS.

3182 426 3279 482 674

113 545 188 594 θει
210 542 316 593 τῶν
339 547 778 610 μαθητευομενων
797 579 811 603 ,
839 538 1058 608 μυριάσι
1079 556 1136 590 τε
1157 539 1262 591 τῶν
1282 539 1346 591 δι’
1369 541 1522 610 ήμῶν
1549 557 1640 592 σω·

1751 538 2156 607 discipulorum,
2173 536 2555 607 atqueinﬁnito
2574 553 2759 593 eorum
2778 538 2868 608 qui
2894 554 2987 608 per
3017 554 3114 593 nos
3139 541 3283 594 salu-
3336 553 3346 568 λ’

110 631 342 700 ζομένων
362 669 374 691 ,
403 629 477 690 ώς
501 628 564 680 ἂν
599 629 767 678 εἰπεῖν
785 643 798 656 ·
843 645 860 676 ι
885 627 1182 696 Εὐλογητὸς
1220 629 1247 679 6
1273 627 1402 690 Θεὸς
1434 631 1462 680 6
1499 628 1644 680 εὐλο-

107 722 278 790 γήσας
299 720 441 788 ήμᾶς
460 719 514 768 ἐν
531 717 673 785 πάσῃ
703 715 914 786 εὐλογίᾳ
927 716 1260 784 πνευματικῇ
1284 717 1338 766 ἐν
1352 717 1461 778 τοῖς
1489 719 1646 768 ἐπου-

110 810 306 879 ρανίοις
336 811 392 862 ἐν
425 806 656 878 Χριστῷ.
692 825 708 856 ι
737 805 917 868 Οὕτως
957 801 1048 858 οὖν
1087 807 1115 856 6
1146 805 1273 868 Θεὸς
1318 808 1643 876 οἰκτειρήσαι

107 903 247 969 ἡμᾶς
290 901 567 970 πρότερον,
607 896 703 952 εἶτ’
745 899 1084 968 οίκτειρήσας
1135 898 1426 968 εὐλογήσαι
1476 900 1639 968 ἡμᾶς.

107 988 272 1042 Τοῦτο
301 989 354 1043 δὲ
385 990 481 1042 οὐκ
512 990 680 1051 ἄλλως
701 988 868 1051 ἔσται,
897 991 943 1040 εἰ
978 989 1050 1057 μὴ
1077 989 1331 1055 ἐπιφάναι
1381 988 1439 1040 τὸ
1483 989 1644 1060 πρόσ-

115 1097 248 1132 ιιπον
282 1080 439 1132 αὐτοῦ
461 1081 542 1150 ἐφ’
573 1081 735 1150 ήμᾶς,
761 1079 895 1131 ὥστε
924 1080 1015 1131 καὶ¹
1042 1081 1184 1149 ἡμᾶς
1211 1081 1379 1131 εἰπεῖν
1399 1097 1411 1110 ·
1453 1099 1470 1129 ι
1496 1081 1644 1149 Ἑση-

113 1170 306 1240 μειώθη
335 1173 574 1242 ἐφ’ήμᾶς
594 1172 654 1224 τὸ
683 1170 793 1238 φῶς
822 1169 913 1221 τοῦ
942 1169 1226 1240 προσώπου
1261 1188 1374 1234 σου,
1403 1170 1591 1241 Κύριε.
1619 1189 1635 1220 ι

116 1261 173 1314 Γὸ
216 1261 273 1313 δὲ
317 1261 687 1328 ἐπιλεγόμενον
725 1259 868 1325 ἐξῆς,
901 1277 918 1306 ι
949 1260 1038 1311 καὶ
1075 1246 1288 1328 ἐλεήσαι
1329 1262 1493 1329 ἡμᾶς,
1521 1278 1538 1310 ι
1571 1258 1642 1329 μὴ

112 1351 346 1420 κείμενον
392 1355 520 1421 μήτε
562 1353 618 1403 ἐν
659 1351 736 1420 τῷ
782 1351 1066 1422 Ἐϐραῖκῷ,
1115 1353 1248 1421 μήτε
1297 1352 1352 1403 ἐν
1394 1354 1502 1413 τοῖς
1538 1351 1642 1403 λοι-

108 1446 219 1504 ποῖς
272 1445 642 1513 ἐρμηνευταίς,
703 1445 1010 1512 ἀναγκαίως
1063 1443 1362 1495 ώδὲλισται.
1419 1442 1533 1495 Τῶν
1586 1442 1642 1495 δέ

109 1533 496 1603 πῳλεχθέντων
543 1535 805 1605 εὐχόμεθα
843 1523 1037 1605 τυχεῖν,
1083 1535 1164 1585 ἴνα
1205 1533 1512 1603 δυνηθῶμεν
1546 1534 1640 1602 τὴν

110 1625 214 1676 δδὸν
259 1624 418 1676 αὐτοῦ
447 1627 686 1696 γνωστὴν
719 1626 938 1695 ποιῆσαι
966 1628 1021 1677 ἐν
1049 1627 1192 1694 πάσῃ
1231 1628 1292 1694 τῇ
1322 1628 1409 1693 γῇ.
1442 1626 1530 1677 Διὸ
1557 1626 1640 1677 λέ-

107 1719 310 1766 λεκται·
351 1734 366 1765 ι
403 1715 504 1767 Τοῦ
541 1717 738 1784 γνῶναι
769 1721 826 1770 ἐν
863 1720 928 1786 τῇ
966 1719 1034 1787 γῇ
1065 1716 1159 1785 τὴν
1187 1717 1301 1769 ὁδόν
1336 1733 1446 1769 σου.
1485 1737 1501 1766 ι
1549 1718 1640 1779 Τίς

105 1808 152 1860 δέ
194 1810 225 1875 ἡ
259 1808 326 1876 γῆ
355 1809 446 1862 καὶ
473 1809 552 1870 τίς
584 1812 616 1879 ή
651 1811 764 1874 ὁδὸς
793 1809 884 1862 τοῦ
917 1807 1084 1872 Θεοῦ;
1116 1808 1186 1877 Γῆ
1236 1808 1331 1877 μὲν
1359 1809 1555 1870 πάντες
1590 1810 1639 1861 οἱ

1748 637 1851 680 tem
1882 624 2199 681 obtinebunt
2230 641 2474 690 numero,
2497 635 2554 679 ut
2578 628 2822 682 dicamus
2848 648 2859 681 :
2914 648 2931 679 ι
2963 629 3283 684 Benedictus

1746 716 1884 772 Deus
1897 717 2270 786 quibenedixit
2287 732 2385 772 nos
2403 719 2455 772 in
2475 719 2618 772 omni
2637 717 3007 772 benedictione
3020 719 3282 788 spirituali

1744 808 2134 863 in‘cmlestibus
2167 807 2222 862 in
2265 808 2590 863 Christo“.i
2618 807 2706 862 Sic
2733 825 2860 878 ergo
2878 809 3018 865 Deus
3050 810 3281 880 primum

1742 899 2263 965 misereaturnostri,
2288 899 2477 953 deinde
2503 901 2754 954 misertus
2785 901 3068 954 benedicat
3099 900 3280 956 nobis.

1740 989 1798 1043 1d
1826 1005 1986 1059 porro
2014 1005 2352 1060 nequaquam
2381 991 2608 1056 eveniet,
2648 992 2752 1045 nisi
2784 992 3046 1047 illuminet
3072 993 3278 1046 vultum

1743 1096 1896 1136 suum
1924 1096 2083 1150 super
2113 1096 2246 1135 nos:
2284 1082 2357 1133 ita
2387 1089 2445 1134 ut
2470 1090 2522 1135 et
2568 1097 2666 1136 nos
2694 1081 2939 1135 dicamus
2968 1099 2980 1135 :
3023 1099 3041 1132 ι
3086 1081 3266 1150 Signa-

1742 1181 1850 1226 tum
1880 1180 1963 1227 est
1994 1188 2154 1242 super
2201 1189 2302 1228 nos
2347 1174 2528 1228 lumen
2578 1173 2753 1229 vultus
2779 1175 2875 1236 tui,
2921 1172 3222 1228 Domine”.
3255 1193 3272 1224 ι

1740 1260 1891 1324 Quod
1949 1263 2195 1330 sequitur
2243 1274 2434 1330 porro,
2474 1281 2492 1313 ι
2535 1271 2588 1317 et
2639 1264 2958 1316 misereatur
3001 1272 3201 1326 nostri,
3254 1282 3272 1314 ι

1740 1367 1860 1406 cum
1885 1367 2056 1421 neque
2082 1353 2135 1406 in
2161 1352 2443 1417 Hebraico,
2473 1365 2647 1424 neque
2687 1353 2741 1407 in
2778 1353 2995 1422 reliquis
3020 1353 3262 1422 interpre-

1737 1440 1880 1497 tibus
1909 1441 2132 1509 legatur,
2151 1442 2324 1506 obelo,
2357 1450 2415 1496 ut
2441 1452 2853 1510 consentaneum
2883 1449 3020 1506 erat,
3037 1450 3277 1496 notatum

1738 1538 1837 1584 est.
1869 1529 1993 1583 ldeo
2019 1533 2194 1585 autem
2216 1531 2326 1600 jam
2364 1540 2654 1587 memorata
2681 1533 2895 1601 assequi
2927 1548 3199 1602 rogamus,
3226 1541 3277 1586 ut

1740 1623 1875 1674 viain
1897 1623 2013 1690 ejus
2046 1625 2097 1675 in
2124 1624 2371 1676 universa
2407 1631 2549 1676 terra
2576 1635 2753 1678 notam
2789 1625 2964 1680 facere
2987 1626 3276 1678 valeamus.

1738 1711 1914 1776 Quare
1959 1714 2196 1766 dicitur:
2239 1732 2256 1764 ι
2305 1712 2373 1767 Ut
2407 1729 2794 1784 cognoscamus
2845 1717 2900 1768 in
2951 1725 3093 1770 terra
3140 1718 3277 1769 viam

1737 1814 1903 1856 tuam.
1936 1823 1954 1854 ι
1993 1804 2246 1869 Quasnam
2277 1812 2421 1857 terra
2450 1804 2590 1878 illa?
2639 1819 2757 1872 qua:
2807 1805 2889 1858 via
2936 1803 3066 1858 Dei?
3116 1804 3277 1860 Terre

109 1899 192 1966 τὴν
220 1896 324 1964 γῆν
350 1897 615 1961 οἰκοῦντες
642 1899 910 1968 ἄνθρωποι
941 1898 1032 1950 καὶ
1065 1899 1239 1950 πάντα
1268 1898 1337 1950 τὰ
1369 1897 1486 1950 καθ’
1516 1898 1640 1968 ὅλης

1743 1897 1994 1949 nimirum
2044 1904 2170 1948 sunt
2206 1911 2392 1950 omnes
2425 1896 2667 1950 homines
2698 1902 2893 1950 terram
2944 1896 3239 1950 incolentes

110 1988 193 2056 τῆς
223 1988 538 2057 οἰκουμένης
573 1988 697 2057 ἔθνη
720 2005 733 2019 ·
774 1989 890 2052 ὁδὸς
925 1989 979 2042 δὲ
1015 1988 1106 2041 τοῦ
1150 1985 1280 2040 Θεοῦ
1320 1988 1347 2038 6
1392 1987 1640 2057 θεοσεϐὴς

103 2077 241 2145 βίος·
278 2073 336 2130 οῦ
363 2079 422 2130 τὸ
448 2079 596 2140 τέλος
622 2079 754 2148 πρὸς
792 2079 950 2132 αὐτὸν
982 2080 1100 2146 ἄγει
1141 2078 1230 2131 τὸν
1257 2078 1407 2142 Θεὸν,
1443 2078 1515 2140 ὡς
1552 2079 1642 2129 ἐπὶ

104 2170 422 2239 μητρόπολιν
450 2169 682 2236 ἀγαθῶν.
719 2171 826 2224 Καὶ
857 2171 1015 2233 αὐτὸς
1045 2171 1100 2222 δὲ
1143 2173 1170 2223 6
1205 2172 1462 2240 σωτήριος
1491 2170 1641 2236 λόγος

104 2258 180 2325 εἴη
211 2258 274 2309 ἂν
308 2257 546 2320 ὁδὸς”τοῦ
577 2256 728 2310 Θεοῦ.
774 2258 863 2310 Διὸ
904 2258 1028 2328 ἑξῆς
1050 2259 1246 2327 ,ῶσπερ
1281 2257 1641 2328 διερμηνεύων

103 2347 188 2416 τὴν
220 2348 456 2400 διάνοιαν
483 2348 720 2415 ἐπιλέγει
741 2364 754 2378 ο
795 2366 814 2398 ι
859 2349 944 2401 Ἐν
969 2351 1099 2401 πᾶσι
1124 2351 1230 2411 τοῖς
1259 2347 1432 2400 ἔθνεσι
1465 2349 1523 2400 τὸ
1548 2365 1643 2399 σω-

102 2439 274 2505 τήριόν
315 2455 424 2492 σου.
461 2457 478 2488 ι
512 2440 692 2501 Ὅπως
741 2434 829 2491 οὖν
867 2439 1174 2508 δυνηθῶμεν
1205 2441 1260 2490 ἐν
1292 2438 1436 2510 πάσῃ
1466 2441 1530 2508 τῇ
1570 2440 1637 2506 γῇ

101 2530 186 2578 καὶ
217 2530 275 2580 ἐν
317 2532 446 2582 πᾶσι
493 2532 602 2591 τοῖς
649 2529 822 2583 ἔθνεσι
867 2533 977 2592 τοῖς
1021 2532 1118 2600 τὴν
1166 2532 1264 2600 γῆν
1295 2529 1499 2582 οἰκοῦσι
1545 2531 1638 2599 τὴν

100 2619 207 2670 ὁδόν
241 2637 334 2672 σου
360 2624 452 2672 καὶ
474 2621 535 2672 τὸ
561 2621 821 2690 σωτήριόν
848 2638 964 2685 σου,
993 2622 1184 2673 ταύτὸν
1209 2622 1314 2691 γάρ
1338 2623 1469 2683 ἐστι,
1505 2637 1640 2687 γνωο

101 2710 215 2760 στὸν
243 2711 481 2779 ποιῆσαι,
510 2711 846 2780 οίκτείρησον
873 2712 1039 2780 ἡμᾶς,
1061 2714 1089 2763 6
1119 2712 1267 2774 Θεὸς,
1297 2712 1388 2763 καὶ
1419 2710 1636 2779 εὐλόγη-

101 2815 184 2850 σον
217 2802 381 2869 ἡμᾶς,
427 2803 515 2852 καὶ
555 2802 614 2853 τὸ
643 2801 924 2870 πρόσωπόν
955 2819 1044 2853 σου
1077 2803 1331 2868 ἐπίφανον
1368 2802 1448 2868 ἐφ’
1474 2803 1635 2870 ἡμᾶς,

102 2889 179 2941 ἵνα
211 2890 581 2961 πληρωθέντες
611 2893 782 2959 φωτὸς
809 2894 868 2943 ἐκ
900 2892 992 2944 τοῦ
1019 2891 1302 2961 προσώπου
1329 2907 1444 2955 σου,
1477 2909 1639 2944 κατα-

98 2980 386 3050 λάμψωμεν
418 2982 620 3045 πάντας
649 2981 979 3053 ἀνθρώπους.
1009 2983 1069 3034 Et
1098 2981 1203 3050 γάρ
1230 2982 1301 3052 μὴ
1334 2980 1481 3034 ταῦθ’
1506 2984 1640 3050 ήμῖν

100 3072 399 3142 ὑπάρξειεν,
431 3074 576 3126 οὐδέν
601 3076 759 3143 ἐσμεν
789 3076 944 3145 ἡμεῖς
976 3074 1110 3146 πρὸς
1138 3075 1234 3144 τὴν
1270 3073 1361 3126 τοῦ
1389 3073 1640 3144 τηλικούσ

100 3181 182 3215 του
218 3165 532 3235 πράγματος
563 3165 912 3236 κατόρθωσιν.

1741 1993 1794 2038 et
1817 1993 2000 2054 gentes
2029 1985 2337 2051 universum
2371 1984 2553 2037 orbem
2586 1993 2939 2053 occupantes;
2972 1986 3058 2038 via
3100 1993 3272 2038 auten

1743 2073 1853 2139 Dei,
1876 2085 1956 2129 est
1985 2076 2235 2144 religiosa
2259 2074 2388 2138 vita,
2414 2075 2568 2144 cujus
2618 2074 2739 2128 ﬁnis
2773 2076 2836 2127 ad
2863 2076 3038 2144 ipsum
3075 2074 3240 2128 Deum
3260 2130 3272 2139 ,

1740 2185 1836 2224 ceu
1883 2170 1947 2222 ad
2001 2168 2283 2238 quamdam
2337 2169 2602 2222 bonorum
2657 2168 2989 2236 metropolim
3041 2167 3273 2222 deducit.

1738 2259 1961 2329 Ipseque
1989 2259 2240 2314 salutaris
2267 2274 2442 2312 sermo
2465 2259 2548 2312 via
2578 2257 2670 2312 Dei
2701 2259 2880 2314 fuerit.
2922 2257 3276 2324 Quamobrem

1739 2350 1839 2404 sub
1883 2350 1995 2403 haec
2044 2351 2188 2404 velut
2227 2351 2544 2403 sententiam
2593 2350 2866 2418 explicans
2897 2349 3121 2417 adjicit:
3162 2367 3180 2399 ι
3221 2349 3277 2403 In

1738 2441 1987 2493 erunibus
2030 2440 2277 2509 gentibus
2323 2441 2559 2494 salutare
2588 2449 2758 2493 tuum.
2793 2459 2811 2491 ι
2868 2439 2936 2494 Ut
2976 2441 3154 2509 itaque
3188 2456 3275 2494 va-

1738 2532 1939 2585 leamus
1963 2532 2017 2583 in
2047 2533 2190 2584 omni
2216 2539 2356 2585 terra
2383 2542 2434 2584 et
2456 2532 2509 2584 in
2537 2532 2784 2585 omnibus
2809 2531 3056 2600 gentibus
3084 2540 3278 2588 terram

1737 2621 2096 2674 incolentibus
2122 2622 2260 2674 viam
2288 2630 2433 2675 tuam
2457 2629 2508 2676 et
2531 2623 2766 2676 salutare
2791 2631 2962 2685 tuum,
2991 2636 3114 2675 nam
3141 2622 3279 2676 idem
3300 2656 3317 2674 .

1737 2713 1909 2782 ipsum
1949 2720 2051 2775 est,
2088 2721 2273 2765 notum
2310 2712 2504 2773 facere,
2542 2715 2795 2767 miserere
2821 2711 3192 2776 nostri,Deus,
3227 2721 3279 2766 et

1736 2805 1958 2860 benedic
2009 2804 2198 2866 nobis,
2244 2805 2552 2873 vultumque
2605 2811 2755 2856 tuum
2819 2804 3058 2856 illumina
3115 2816 3280 2873 super

1736 2912 1864 2962 nos;
1899 2904 1955 2950 ut
1990 2897 2191 2950 lumine
2223 2896 2402 2950 vultus
2441 2897 2515 2949 tui
2547 2897 2770 2965 repleti,
2821 2911 3008 2950 omnes
3035 2897 3280 2952 homines

1736 2988 2086 3043 illustremus.
2119 2988 2328 3042 Alenim
2373 2989 2476 3043 nisi
2506 2989 2616 3042 haec
2649 2989 2803 3043 nobis
2836 2987 3279 3052 adfuerint,nihil

1737 3080 1802 3133 ad
1828 3089 2030 3134 tantam
2059 3095 2172 3134 rem
2199 3079 2574 3150 perﬁciendam
2612 3095 2813 3136 sumus.

167 3294 184 3326 ι
229 3276 832 3348 Ἐξομολογησάσθωσάν
879 3294 957 3330 σοι
987 3276 1125 3339 λαοὶ,
1159 3277 1187 3328 6
1217 3275 1365 3339 Θεὸς,
1391 3275 1635 3344 ἐξομολο-

1805 3278 1965 3334 Vens.
1989 3279 2097 3334 4—8.
2129 3297 2146 3331 ι
2183 3280 2550 3334 Conﬁteantur
2578 3280 2674 3333 tibi
2697 3261 2898 3349 populi,
2925 3278 3089 3341 Deus,
3113 3277 3282 3332 conﬁ-

95 3369 444 3436 τησάσθωσάν
482 3387 561 3421 σοι
591 3369 707 3422 λαοὶ
740 3370 954 3431 πάντες.
987 3367 1468 3437 Εὐφρανθήτωσαν.
1502 3384 1519 3416 ι
1558 3366 1636 3416 Τὰ

101 3458 192 3527 μὲν
220 3459 407 3530 πρῶτα
435 3461 638 3522 ἑαυτοῖς
661 3457 958 3529 ἐπηύξαντο
979 3461 1025 3510 οί
1053 3458 1158 3509 τῶν
1185 3457 1349 3509 ἐθνῶν
1373 3458 1630 3526 κήρυκες·

96 3548 159 3600 τὰ
184 3550 236 3601 δὲ
270 3550 599 3618 προκείμενα
626 3552 736 3610 τοῖς
764 3550 821 3600 τὸ
849 3549 914 3599 δι’
948 3547 1122 3600 αὐτῶν
1162 3547 1417 3615 κήρυγμα
1460 3563 1636 3615 παρα-

94 3638 416 3708 δεξαμένοις.
461 3641 569 3692 Καὶ
596 3639 657 3709 δὴ
688 3641 780 3692 καὶ
809 3637 1020 3708 πρῶτον
1055 3637 1150 3707 μὲν
1189 3637 1367 3698 αὐτοῖς
1395 3635 1637 3705 ἐξομολο-

97 3733 298 3800 γήσεως
328 3731 599 3800 ἐνδοθῆναι
627 3731 808 3803 χώραν
834 3730 1102 3801 εὐχονται,
1133 3730 1278 3790 ὅπως
1307 3727 1374 3779 τὰ
1403 3728 1666 3806 πρότερα..

97 3822 295 3874 ἑαυτῶν
349 3823 786 3893 πλημμελήματα
833 3823 926 3874 καὶ
973 3822 1069 3883 τὰς
1128 3821 1184 3871 ἐν
1237 3815 1666 3890 εἰδωλολατρείᾳ”

94 3911 404 3975 δυσσεϐείας
443 3913 858 3982 ἀπορῤὐψωνται
905 3911 991 3964 διὰ
1033 3911 1130 3980 τῆς
1179 3910 1633 3981 ὲξομολογήσεως’

96 4003 341 4074 δεύτερον
369 4005 732 4074 καθαρθέντας
761 4007 953 4067 αὐτοὺς
982 4008 1159 4072 τυχεῖν
1194 4005 1524 4074 εὐφροσύνης
1549 4005 1639 4055 καὶ

94 4094 456 4160 ἀγαλλιάσεως
482 4095 579 4162 τῆς
613 4095 760 4165 παρά
788 4094 863 4163 τῷ
891 4094 1007 4163 Θεῷ
1045 4094 1357 4147 ἱκετεύουσι.
1379 4094 1466 4145 Διὸ
1490 4094 1637 4162 πρῶ-

95 4200 176 4235 τον
202 4184 362 4251 φασιν
381 4202 394 4215 ·
434 4203 452 4235 ι
494 4182 1098 4254 Ἐξομολογησάσθωσάν
1121 4199 1202 4249 σοι
1231 4183 1365 4247 λαοὶ,
1389 4186 1416 4235 ὁ
1441 4183 1586 4244 Θεός.
1616 4201 1632 4232 ι

109 4275 237 4327 Ἀλλ’
270 4276 394 4326 ἐπεὶ
427 4275 699 4328 συνέϐαινε
733 4277 895 4344 μήπω
921 4275 1152 4325 συνεῖναι
1177 4275 1328 4343 ἡμᾶς.
1354 4274 1534 4336 ποίους
1562 4276 1638 4325 εξ-

98 4368 288 4436 ρήκασι
339 4365 494 4428 λαούς
516 4382 554 4425 ο,
577 4367 698 4416 ἐπεὶ
732 4366 824 4416 καὶ
860 4364 919 4415 τὸ
963 4365 1224 4416 Ἰουδαίων
1269 4363 1416 4426 ἔθνος
1457 4364 1638 4435 ἀθροί-

96 4475 269 4527 σματα
300 4456 398 4508 καὶ
429 4456 588 4518 λαοὺς
633 4455 919 4525 ἐκέκτητο·
954 4454 1277 4521 ἀναγκαίως,
1311 4456 1393 4507 ἵνα
1438 4457 1638 4524 νοήσω-

1735 3372 1946 3419 teantur
1962 3367 2058 3420 tibi
2077 3368 2256 3436 populi
2275 3383 2478 3422 omnes.
2500 3366 2786 3432 Laetentur.
2822 3388 2838 3418 ι
2860 3367 3048 3422 Priora
3063 3369 3279 3437 quidem

1733 3457 1834 3511 sibi
1853 3472 2128 3526 praecones
2153 3460 2388 3527 gentium
2408 3459 2780 3527 postularunt;
2801 3459 2911 3512 haec
2933 3475 3059 3514 vero
3089 3461 3156 3513 iis
3185 3459 3279 3528 qui

1734 3546 2164 3616 praedicationem
2191 3561 2343 3601 suam
2368 3554 2712 3615 exceperunt.
2730 3546 2793 3599 Et
2808 3550 2978 3616 primo
2995 3549 3127 3616 ipsis
3149 3564 3282 3602 con-

1734 3637 1983 3693 fessionis
2013 3640 2186 3692 locum
2207 3640 2320 3693 dari
2343 3647 2646 3708 precantur,
2681 3647 2737 3693 ut
2767 3657 2860 3708 per
2885 3640 3279 3695 confessionem

1735 3730 1960 3799 pristina
2005 3729 2196 3783 delicta
2238 3739 2292 3784 et
2330 3730 2640 3784 idololatria:
2693 3730 3013 3798 impietatem
3073 3731 3282 3786 abster-

1735 3827 1880 3890 gant.
1921 3818 2168 3874 Secundo
2197 3828 2384 3889 rogant
2413 3828 2471 3873 ut
2501 3821 2705 3889 purgati
2739 3821 2972 3876 laslitiam
3009 3831 3059 3876 et
3099 3825 3280 3877 exsul-

1735 3911 1991 3965 tationem
2029 3924 2060 3962 a
2104 3909 2210 3964 Deo
2271 3920 2688 3979 consequantur.
2739 3911 2914 3976 Quare
2973 3915 3143 3981 primo
3197 3915 3282 3968 dl-

1736 4011 1863 4055 cunt
1917 4021 1930 4055 :
1975 4021 1992 4052 ι
2027 4000 2395 4056 Conﬁteantur
2458 4002 2552 4055 tibi
2617 4004 2828 4072 populi,
2896 4003 3055 4060 Deus.
3107 4025 3125 4057 ι
3174 4005 3279 4062 Sed

1735 4093 1857 4160 quia
1893 4094 2127 4146 nondum
2161 4093 2318 4147 nobis
2339 4079 2528 4146 notum
2559 4095 2816 4171 erat,lqui
2847 4096 3030 4164 populi
3073 4096 3275 4152 indica-

1735 4193 1960 4248 reutur;
2001 4199 2124 4238 nam
2174 4185 2288 4254 ipsa
2322 4200 2537 4254 quoque
2581 4184 2963 4256 Judaicagens
3011 4197 3183 4243 cmtus
3226 4197 3280 4242 et

1736 4275 1958 4342 populos
1982 4273 2202 4340 habuit;
2235 4282 2292 4326 ut
2325 4274 2560 4329 sciamus
2585 4274 2780 4342 quibus
2808 4275 2871 4328 de
2906 4276 3118 4343 populis
3153 4292 3281 4345 aga-

1736 4373 1845 4426 tur,
1875 4366 2183 4419 necessario
2213 4371 2480 4433 repetunt,
2512 4374 2846 4432 mentemque
2901 4380 3052 4419 suam
3102 4367 3282 4420 decla-

1737 4465 1857 4510 rant
1891 4458 1976 4511 his
1995 4457 2213 4510 verbis:
2261 4473 2279 4505 ι
2316 4454 2685 4509 Conﬁteantur
2700 4456 2796 4509 tibi
2823 4456 3000 4524 populi
3027 4471 3232 4511 omnes.
3255 4477 3273 4509 ι

99 4566 189 4616 μεν
214 4532 794 4616 ποίωνέμνημόνευσαν
823 4544 984 4607 λαῶν,
1009 4545 1311 4616 δευτεροῦσι
1329 4546 1640 4617 τρανοῦντες

1742 4547 1876 4602 Num
1914 4547 2048 4601 forte
2100 4563 2193 4616 per
2223 4546 2426 4614 priores
2481 4545 2638 4607 illos,
2700 4545 3005 4599 Judaaorum
3053 4549 3296 4615 populos,

95 4640 183 4706 τὴν
227 4638 464 4691 διάνοιαν
505 4639 559 4690 ἐν
601 4635 676 4706 τῷ
714 4635 920 4703 λέγειν·
964 4656 980 4686 ι
1037 4636 1638 4706 Ἐξομολογησάσθωσὰν

98 4745 173 4780 σοι
192 4730 311 4781 λαοὶ
333 4729 544 4792 πάντες.
585 4747 602 4778 ι
638 4728 856 4797 Μήποτε
885 4727 939 4779 δὲ
971 4728 1054 4782 διὰ
1085 4729 1188 4781 τῶν
1217 4729 1490 4798 προτέρων
1516 4729 1638 4790 τοὺς

99 4820 240 4888 παρά
281 4819 552 4881 Ἰουδαίοις
580 4817 738 4879 λαοὺς
765 4818 1103 4884 αἰνίττονται,
1130 4819 1266 4888 ὑπὲρ
1294 4817 1469 4868 αὐτῶν
1498 4816 1639 4886 πρῶ-

99 4924 180 4960 τον
208 4911 307 4980 τὴν
351 4911 510 4980 εὐχὴν
551 4909 981 4978 ἀναπέμψαντες,
1023 4910 1109 4963 διά
1147 4910 1201 4962 δέ
1241 4908 1346 4961 τῶν
1378 4909 1637 4978 δευτέρων

98 4997 214 5059 τοὺς
245 4998 304 5065 ἐξ
354 4997 519 5051 ἐθνῶν
557 4997 747 5062 λαούςς
776 4999 949 5069 Ὅπερ
989 4999 1075 5052 ἴνα
1113 4998 1381 5068 γνώριμον
1419 4997 1638 5062 γένηται

99 5089 201 5148 τοῖς
235 5090 637 5157 ἐντυγχάνουσι,
672 5090 920 5156 διασαφεῖ
948 5089 1165 5157 φάσκων
1194 5091 1221 5141 6
1251 5086 1403 5152 λόγος
1427 5102 1441 5116 ο
1480 5104 1497 5134 ι
1534 5086 1637 5137 Εὐ-

107 5175 487 5246 φρανθήτωσαν
516 5181 607 5232 καὶ
633 5179 1072 5246 ἀγαλλιάσθωσαν
1105 5180 1247 5248 ἔθνη.
1288 5197 1306 5228 ι
1343 5176 1552 5246 Ἐπειδὴ
1582 5176 1639 5227 δὲ

106 5263 176 5326 εὶς
221 5266 299 5328 τὸ,
355 5286 372 5317 ι
429 5269 1002 5339 ὲξομολογησάσθωσάν
1052 5287 1152 5333 σοι,
1206 5288 1224 5319 ι
1279 5269 1506 5336 εἴρηται,
1544 5260 1645 5334 ὅρα

106 5357 308 5427 μήποτε
341 5358 401 5410 τὸ
434 5359 530 5428 μὲν
559 5359 772 5428 πρῶτον
802 5361 982 5430 ἐδήλου
1021 5361 1128 5413 τῶν
1162 5358 1432 5429 προτέρων
1463 5358 1642 5426 ἀμαρ-

105 5446 351 5515 τημάτων
390 5447 487 5516 τὴν
512 5447 812 5516 ὁμολογίαν,
845 5449 904 5500 τὸ
941 5449 996 5501 δὲ
1023 5450 1285 5518 δεύτερον,
1328 5447 1424 5515 τὴν
1450 5447 1532 5514 ἐφ’
1564 5442 1643 5510 οἷς

107 5537 284 5607 ἔτυχον
311 5537 531 5606 ἀγαθοῖς
562 5539 921 5608 εὐχαριστίαν.
959 5541 1300 5610 Δαμὸάνεται
1332 5538 1438 5608 γὰρ
1471 5541 1501 5608 ἡ
1531 5539 1642 5605 ἐξο-

110 5630 386 5700 μολόγησις
423 5630 515 5682 καὶ
542 5630 1021 5700 ἐπὶ-εὐχαριστίας.
1060 5631 1211 5683 Οὕτω
1240 5630 1366 5697 γοῦν
1398 5632 1424 5681 6
1455 5630 1641 5702 Σωτὴρ

182 5786 219 5820 ’⁸
240 5773 434 5860 Ephes.
469 5806 506 5852 ι.
527 5788 579 5844 5.
654 5787 698 5821 "
719 5785 860 5844 Psal.
891 5804 962 5852 IV,
991 5789 1042 5842 7.
1153 5788 1196 5820 '°
1217 5786 1401 5842 Matth.
1437 5803 1511 5851 ιι,
1547 5787 1633 5842 25.

1744 4637 2098 4699 suliindieant,
2157 4650 2253 4704 pro
2302 4635 2510 4702 illisque
2559 4634 2854 4689 orationem
2901 4634 3075 4704 primo
3126 4637 3283 4690 emit-

1741 4737 1890 4794 tunt;
1930 4743 2023 4796 per
2050 4725 2315 4780 secundos
2343 4731 2540 4786 autem,
2568 4725 2803 4793 gentium
2839 4725 3098 4794 pupulos?
3128 4724 3280 4788 Quod

1741 4825 1798 4869 ut
1831 4814 2122 4882 legentibus
2175 4813 2392 4879 planum
2440 4809 2548 4873 ﬁat,
2587 4810 2670 4864 his
2717 4811 2891 4865 verbis
2926 4809 3230 4865 declaratur
3264 4829 3277 4862 :

1748 4925 1764 4956 ι
1812 4905 2080 4958 Laetentur
2109 4910 2162 4956 et
2184 4901 2451 4955 exsultent
2471 4909 2675 4972 gentes.
2716 4921 2732 4952 ι
2754 4902 3020 4968 Quoniam
3052 4916 3176 4955 vero
3196 4901 3280 4954 bis

1743 4995 1891 5058 illud,
1928 5013 1946 5044 ι
1991 4992 2346 5047 conﬁteantur
2375 4993 2506 5056 tibi,
2545 5013 2564 5044 ι
2603 4994 2805 5047 dictum
2849 5003 2957 5058 est;
3012 4989 3282 5060 perpende

1744 5101 1868 5141 num
1908 5079 2137 5153 primum
2165 5078 2514 5152 pristinorum
2543 5084 2855 5138 delictorum
2885 5081 3280 5136 confessionem

1745 5173 2033 5244 signiﬁcet;
2073 5173 2366 5227 secundum
2398 5188 2542 5235 vero,
2580 5173 2871 5241 gratiarum
2928 5187 3025 5240 pro
3069 5172 3279 5227 collatis

1744 5266 1897 5322 bonis
1928 5265 2212 5319 actionem.
2233 5264 2365 5319 Nam
2389 5263 2656 5318 confessio
2684 5263 2843 5317 etiam
2871 5277 2966 5332 pro
2985 5264 3278 5332 gratiarum

1746 5358 1953 5411 actione
1999 5365 2310 5426 usurpatur.
2346 5355 2434 5408 Sic
2463 5357 2601 5409 enim
2641 5354 2890 5427 Servator
2919 5354 3121 5423 gratias
3169 5354 3278 5422 agit

1746 5450 1972 5504 dicens:
2016 5468 2034 5500 ι
2083 5448 2355 5503 Conﬁteor
2410 5448 2541 5512 tibi,
2585 5445 2763 5508 Pater,
2807 5443 3029 5499 Domine
3066 5444 3187 5498 coeli
3223 5450 3277 5496 et

1743 5549 1898 5596 terras
1924 5541 1989 5593 ’°.
2031 5560 2049 5593 ι
2083 5539 2212 5595 Post
2237 5540 2461 5610 primam
2495 5555 2622 5593 vero
2669 5547 2720 5591 et
2748 5537 3036 5592 secundam
3067 5533 3279 5589 confes-

1747 5631 1970 5694 sionem,
1999 5629 2108 5700 jam
2133 5629 2291 5684 tertio
2320 5643 2416 5698 pro
2455 5628 2700 5686 gentibus
2735 5625 2841 5680 illis
2867 5623 3127 5680 confessis
3158 5636 3282 5694 pre-
