3976 6348
651 403 756 457 675
1335 400 1597 456 EUSEBII
1638 398 2117 457 CESARIENSIS
2155 400 2304 455 OPP.
2344 399 2523 456 PARS
2554 399 2645 455 Ill.
2682 431 2749 442 --
2782 398 3190 454 EXEGETICA.
3793 395 3883 451 6'16

647 537 858 581 cantur.
918 524 1125 591 Quibus
1184 523 1401 579 verbis?
1449 543 1467 575 ι
1527 523 1800 579 ιαιιειιῑιιι·
1852 533 1908 578 et
1951 524 2212 578 exsultent

2320 522 2638 593 ηὐχαρίστει
2664 520 2837 607 λέγων
2857 538 2870 551 ·
2907 540 2926 572 ι
2951 518 3405 590 Ἐξομολογοῦμαί
3426 534 3531 579 σοι,
3563 516 3769 587 Πάτερ,
3794 516 3879 569 K6-

646 628 853 691 gentes.
896 637 915 669 ι
949 616 1062 682 Qua
1095 631 1223 671 vero
1266 617 1333 671 de
1369 631 1537 671 causa
1562 658 1577 682 ,
1608 616 1804 671 deinde
1833 616 1993 671 docet
2032 618 2113 670 sic
2146 616 2212 669 lo-

2328 631 2409 685 ριε
2432 614 2525 667 τοῦ
2558 613 2787 684 οὐρανοῦ
2805 600 2909 665 ’καὶ
2937 613 3035 683 τῆς
3066 613 3187 681 γῆς.
3224 630 3242 661 ι
3279 608 3520 665 Μετὰ’δέ
3544 608 3646 681 τὴν
3675 608 3881 701 πρωτην

646 727 857 782 quens:
895 728 915 761 ι
953 710 1219 776 Quoniam
1244 710 1517 780 judicabis
1536 711 1765 781 populos
1786 711 1840 763 in
1876 710 2167 780 aequitate;
2200 730 2212 762 ι

2324 708 2421 759 καί
2464 705 2718 777 δευτέραν
2769 701 3154 774 ἐξομολόγησιν
3197 702 3517 773 ἐπεύχονται
3559 703 3676 765 τοῖς
3724 698 3881 755 ἐθνετι

646 800 877 872 populos
934 807 1113 853 autem
1145 814 1254 853 non
1302 800 1551 871 aliquos,
1613 800 1736 854 aliis
1796 798 2081 863 dimissis;
2126 798 2222 855 sed

647 908 857 954 omnes,
890 898 949 945 ut
976 889 1411 945 demonstratum
1459 890 1710 962 superius
1756 899 1881 947 est:
1924 892 2019 960 qui
2070 894 2222 962 gnari

648 984 869 1053 insuper
902 997 962 1037 se
990 981 1087 1039 abs
1126 992 1179 1037 te
1205 983 1427 1037 ductum
1460 984 1563 1049 iri,
1614 995 1671 1037 ut
1696 985 1840 1038 viam
1868 985 1970 1038 sibi
2000 999 2028 1038 a
2068 986 2223 1041 nobis

648 1075 939 1129 indicatam
972 1075 1379 1145 perambulent,
1408 1074 1530 1143 jure
1564 1074 1749 1128 laetitia
1776 1082 1830 1129 et
1861 1075 2223 1131 exsultatione

628 1165 1017 1236 :replebuntur.
1056 1162 1163 1217 Pro
1191 1164 1281 1216 illo
1313 1173 1515 1225 autem,
1547 1181 1565 1213 ι
1598 1170 1652 1216 et
1675 1163 1969 1225 exsultent,
2010 1181 2028 1213 ι
2055 1162 2223 1232 Aqui-

646 1251 715 1313 la,
748 1267 769 1299 ι
797 1255 850 1303 et
882 1246 1226 1317 laudabunt;
1261 1268 1280 1299 ι
1319 1246 1676 1317 Symmachus
1706 1262 1856 1311 vero,
1885 1267 1905 1299 ‹
1963 1256 2017 1303 et
2061 1248 2224 1302 bene—

646 1340 845 1403 rlicant,
875 1361 893 1393 ι
932 1341 1273 1411 interpretati
1331 1349 1480 1396 sunt.
1527 1359 1546 1391 ι
1583 1339 1954 1395 Conﬁteantur
1980 1341 2077 1395 tibi
2128 1355 2224 1411 po-

646 1434 778 1502 puli,
807 1433 968 1497 Deus,
1001 1436 1371 1489 conﬁteantur
1402 1434 1497 1487 tibi
1556 1433 1740 1503 populi
1797 1447 1987 1487 omnes
2029 1450 2041 1486 :
2075 1440 2221 1486 terra

644 1526 790 1579 dedit
820 1526 1054 1581 fructum
1080 1542 1259 1581 suum.
1296 1546 1314 1578 ι
1354 1525 1427 1580 De
1470 1525 1630 1581 bonis
1664 1526 1946 1596 promissis
1975 1525 2085 1579 tuis
2130 1525 2221 1578 lae-

644 1619 919 1674 tabundus
946 1618 1177 1689 Spiritus
1218 1630 1462 1685 sanctus,
1493 1617 1683 1673 iisdem
1726 1618 1951 1672 vocibus
1997 1616 2219 1681 insistit,

644 1711 799 1778 quasi
829 1712 896 1766 de
946 1714 1218 1766 communi
1278 1712 1653 1767 universorum
1715 1711 1994 1765 hominum
2048 1711 2221 1764 salute

643 1799 962 1857 delectatus.
993 1801 1172 1867 Quare
1218 1802 1302 1857 bis
1337 1812 1486 1862 terve
1540 1798 1772 1857 resumit
1792 1844 1806 1867 ,
1839 1816 2015 1871 neque
2046 1804 2161 1855 vult
2191 1816 2222 1855 a

643 1892 868 1946 salutari
915 1905 968 1947 et
1014 1894 1325 1963 evangelico
1378 1894 1593 1948 cantico
1650 1894 1924 1948 secedere.
1985 1891 2218 1947 Rursum

644 1981 826 2052 itaque
849 1985 923 2037 ait
955 2001 967 2036 :
1001 2005 1018 2037 ι
1042 1984 1418 2039 Conﬁteantur
1445 1986 1541 2039 tibi
1572 1985 1775 2055 populi,
1810 1983 1970 2039 Deus.
2012 2004 2031 2035 ι
2063 1984 2217 2051 Quod

642 2089 772 2129 sane
807 2076 1099 2129 maximum
1128 2084 1246 2132 erat
1282 2078 1628 2139 miraculum,
1648 2077 1774 2147 quia
1797 2076 1967 2132 Judaei
2000 2078 2217 2147 quidem

642 2163 1021 2220 universorum
1052 2166 1147 2221 Dei
1183 2168 1388 2223 cultum
1420 2182 1449 2221 a
1479 2170 1725 2239 patribus
1748 2170 1946 2233 edocti,
1974 2170 2027 2223 in
2052 2169 2219 2223 idolo-

643 2257 814 2312 latriae
855 2274 1108 2313 errorem
1134 2258 1448 2330 frequenter
1489 2261 1843 2329 proruebaut.
1884 2260 2075 2333 Populi
2118 2277 2217 2316 au-

640 2356 750 2404 tem
785 2364 881 2418 per
922 2351 1109 2405 orbem
1140 2353 1405 2416 universi,
1430 2354 1523 2423 qui
1553 2368 1584 2407 a
1610 2354 1794 2410 multis
1817 2364 1964 2410 retro
2003 2358 2217 2413 saeculis

638 2442 814 2495 errori
839 2440 1006 2495 dediti
1039 2450 1216 2505 erant,
1248 2459 1490 2514 eousque
1539 2459 1719 2499 mores
1748 2434 2218 2514 immutabunt,'ut

640 2547 750 2586 non
783 2534 958 2587 solum
985 2542 1037 2589 te
1060 2536 1301 2589 omnium
1333 2535 1499 2591 Deum
1537 2545 1864 2607 agnoscant;
1918 2538 2012 2595 sed
2053 2540 2215 2592 etiam

638 2624 888 2679 ediscant
920 2628 1021 2682 tibi
1052 2629 1254 2703 duplici
1302 2629 1413 2700 jam
1466 2628 1669 2685 tradito
1715 2646 1864 2687 more
1918 2634 2212 2691 confiteri:

639 2719 783 2786 quod
816 2727 876 2772 ut
915 2724 1130 2775 eveniat
1162 2722 1273 2792 jam
1304 2722 1623 2777 vaticinium
1676 2732 1923 2791 matura;
1965 2733 2025 2780 ut
2060 2734 2215 2781 arter-

637 2821 834 2861 narum
894 2811 1318 2879 promissionum
1368 2812 1567 2867 oculati
1624 2820 1792 2870 testes
1843 2815 2035 2871 simus.
2092 2814 2215 2871 Hac

637 2913 802 2968 porro
827 2899 905 2953 sic
937 2901 1251 2971 accipienda
1286 2910 1434 2965 sunt,
1462 2910 1520 2956 ttt
1560 2905 1773 2972 possint
1812 2917 1879 2960 ex
1922 2909 2214 2977 propheta-

636 3006 760 3045 rum
795 3007 1025 3061 persona
1052 2993 1157 3046 dici
1185 3010 1199 3058 ;
1236 2995 1305 3045 ita
1336 2998 1394 3045 ut
1419 3002 1540 3062 quae
1569 3002 1697 3049 ante
1730 2994 2033 3065 diapsalma
2062 3004 2211 3059 sunt,

637 3083 1004 3151 apostolorum
1032 3096 1280 3153 personae
1307 3083 1674 3147 conveni-ant;
1705 3082 1826 3153 qua:
1864 3098 1991 3137 vero
2022 3100 2215 3139 secun—

634 3172 764 3227 dum
799 3174 1099 3243 diapsalma
1131 3181 1432 3243 ponuntur,
1470 3175 1859 3244 prophetarum
1894 3176 2087 3238 choro,
2119 3177 2210 3245 qui

634 3281 699 3321 ea
729 3280 842 3336 quae
867 3281 965 3320 nos
1007 3264 1272 3331 videmus,
1318 3266 1422 3336 ipsi
1450 3281 1666 3335 quoque
1697 3266 2017 3337 conspicere
2065 3266 2213 3338 ﬂagi-

635 3360 848 3415 tabant.
872 3365 927 3411 et
956 3367 1135 3411 tamen
1165 3372 1274 3412 non
1302 3357 1555 3412 viderunt
1581 3359 1879 3413 secundum
1918 3357 2212 3416 Salvatoris

635 3459 825 3499 vocent
857 3445 923 3498 “.
981 3444 1181 3501 Deinde
1248 3446 1483 3501 dicitur:
1531 3466 1551 3499 ι
1594 3446 1761 3503 Terra
1794 3450 1942 3505 dedit
1980 3450 2213 3507 fructum

634 3550 828 3603 suum;
857 3557 875 3587 ι
907 3538 1041 3601 sive,
1071 3538 1371 3594 secundum
1398 3538 1783 3610 Symmachum
1812 3561 1824 3597 :
1864 3562 1883 3593 ι
1917 3541 2085 3599 Terra
2116 3543 2212 3598 da—

634 3626 712 3681 bit
744 3638 1061 3697 proventum
1109 3644 1290 3685 suum.
1351 3628 1545 3699 rVere
1603 3648 1836 3704 namque
1877 3634 2089 3693 fructus
2126 3652 2213 3693 se-

632 3718 872 3773 cundum
927 3727 1088 3775 terrae
1135 3728 1382 3775 naturam
1432 3730 1556 3786 est,
1618 3740 1781 3782 nosse
1833 3728 2209 3784 universorum

633 3809 823 3876 Deum,
848 3813 1053 3883 eosque
1080 3815 1239 3884 queis
1275 3816 1329 3869 in
1366 3815 1453 3870 illa
1482 3816 1728 3873 habitare
1754 3834 2074 3877 concessum
2104 3830 2208 3886 est,

631 3903 844 3960 debitas
905 3907 1011 3976 ipsi
1058 3906 1434 3964 confessiones
1491 3920 1545 3965 et
1610 3912 1909 3981 gratiarum
1970 3914 2212 3967 actiones

632 3997 901 4052 emittere.
938 3997 1070 4052 Nam
1104 4015 1167 4054 ea
1196 4000 1268 4074 de
1290 4015 1459 4057 causa
1478 4010 1639 4058 terra;
1674 4004 2001 4060 elementum
2021 4006 2212 4060 condi-

633 4108 745 4152 tum
770 4105 874 4161 est,
904 4106 962 4153 ut
984 4100 1078 4170 qui
1106 4100 1159 4154 in
1198 4101 1287 4155 illa
1318 4112 1670 4159 versarentur
1694 4149 1708 4172 ,
1747 4106 1964 4175 pietatis
1999 4106 2210 4162 fructus

631 4190 968 4263 proferrent;
1014 4190 1106 4246 sed
1136 4193 1208 4246 ob
1238 4193 1397 4262 primi
1443 4193 1680 4250 hominis
1707 4196 2207 4267 praevaricationem

629 4284 834 4340 dictum
873 4292 996 4340 est:
1042 4303 1059 4335 ι
1100 4282 1378 4339 Maledicta
1418 4288 1658 4341 terrain
1697 4289 1957 4358 operibus
1988 4291 2117 4344 tuis.
2150 4290 2206 4343 In

630 4376 817 4432 dolore
840 4374 1093 4431 comedes
1140 4376 1309 4446 ipsam
1365 4377 1620 4431 omnibus
1651 4377 1845 4432 diebus
1902 4379 2025 4434 vitae
2081 4388 2205 4433 tuae.

630 4467 829 4540 Spinas
859 4476 914 4524 et
941 4468 1176 4523 tribulos
1205 4469 1531 4539 germittabit
1553 4470 1653 4524 tibi
1688 4469 1755 4522 ".
1795 4489 1813 4521 ι
1852 4471 1922 4522 At
1951 4485 2059 4524 non
2092 4479 2209 4525 erat

2321 801 2435 863 τοῖς
2479 794 3034 867 ἐξομολογησαμένοις
3075 793 3145 846 τά
3192 795 3371 864 τρίτα.
3406 788 3538 846 ⁴Τίνα
3580 793 3638 846 δὲ
3685 791 3879 853 enim;

2329 912 2347 943 ι
2393 889 2863 961 Εὐφρανθήτωσαν
2896 889 2989 940 καὶ
3036 887 3483 957 ἀγαλλιάσθωσαν
3525 886 3675 956 ἔθνη.
3727 904 3748 936 ι
3788 885 3878 937 Κατ
3934 894 3937 933 ;

2320 982 2409 1035 διὰ
2454 980 2615 1057 ποίαν
2652 979 2850 1042 αἰτίαν,
2880 979 3005 1050 ἑξῆς
3038 979 3276 1032 διδάσκει
3312 976 3505 1045 λέγων’
3542 995 3563 1028 ι
3600 977 3730 1029 Ὅτι
3777 992 3879 1045 κρι-
3928 994 3937 1019 ι

2323 1075 2431 1136 νεῖς
2462 1072 2624 1135 λαοὺς
2667 1073 2725 1123 ἐν
2773 1070 3046 1141 εὐθύτητι,
3088 1090 3105 1122 ι
3151 1072 3246 1124 καὶ
3292 1070 3371 1123 ὅτι
3411 1068 3593 1131 λαοὺς,
3634 1068 3701 1120 οὐ
3750 1068 3881 1131 τινὰς

2327 1161 2443 1231 μὲν,
2478 1159 2628 1224 τινὰς
2655 1160 2710 1214 δέ
2749 1159 2843 1213 οὐ·
2887 1160 3021 1213 ἁλλά
3067 1162 3275 1222 πάντας
3303 1159 3442 1213 κατά
3472 1158 3536 1211 τὰ
3583 1158 3881 1227 ἔμπροσθεν

2319 1251 2679 1323 δεδηλωμένα.
2721 1252 2840 1303 Ἔτι
2887 1251 2945 1305 δὲ
2972 1252 3189 1319 γνόντα,
3231 1251 3311 1303 ὅτι
3348 1249 3747 1321 ὁδηγηθήσεται
3793 1250 3880 1303 ὑπὸ

2283 1389 2286 1393 .
2325 1342 2418 1396 σοῦ
2458 1344 2595 1415 πρὸς
2637 1344 2698 1396 τὸ
2741 1342 2955 1413 βαδίσαι
2981 1344 3079 1413 τὴν
3120 1342 3235 1395 ὁδὸν
3269 1342 3369 1414 τὴν
3395 1342 3485 1412 ὑφ’
3517 1340 3676 1423 ἡμῶν
3711 1342 3878 1404 αὐτοῖς

2321 1435 2752 1508 γνωριζομένην,
2782 1436 3003 1499 εἰκότως
3031 1435 3365 1506 εὐφροσύνης
3396 1436 3488 1489 καὶ⁵
3519 1435 3877 1503 ἀγαλλιάσεως

2321 1523 2708 1596 πλησθήσεται.
2754 1526 2896 1578 Ἀντί
2937 1525 2993 1577 δὲ
3044 1525 3160 1588 τοῦ,
3193 1545 3209 1576 ι
3249 1528 3341 1578 καὶ
3370 1525 3834 1594 ἀγαλλιάσθωσαν,
3858 1548 3873 1577 ι

2328 1635 2344 1666 ι
2372 1617 2461 1669 καὶ
2494 1617 2791 1670 αἱνέσουσιν
2831 1636 2850 1669 ι
2886 1618 2915 1668 6
2948 1616 3189 1680 Ἂκύλας
3209 1634 3223 1647 ·
3257 1620 3283 1670 6
3312 1618 3367 1670 δὲ
3400 1617 3719 1689 Σύμμαχος,
3752 1636 3771 1668 ι
3801 1620 3880 1670 καὶ

2323 1707 2457 1777 εὐφη
2469 1707 2757 1778 μείτωσαν,
2784 1727 2803 1759 ι
2839 1708 3208 1779 ήρμήνευσαν.
3236 1727 3255 1758 ι
3280 1707 3879 1778 Ἐξομολογησάσθωσὰν

2324 1818 2405 1853 σοι
2438 1801 2576 1864 λαοὶ,
2612 1803 2640 1853 6
2671 1800 2821 1865 Θεὸς,
2859 1801 3449 1871 ἐξομολοησάσθωσάν
3491 1819 3572 1855 σοι
3610 1802 3736 1855 λαοὶ
3764 1805 3880 1857 zmi-

2252 1881 2295 1935 Β
2321 1909 2430 1957 τες·
2474 1892 2544 1960 γῆ
2572 1892 2755 1945 ιὲδωκε
2786 1893 2877 1947 τὸν
2907 1894 3116 1964 καρπὸν
3158 1894 3347 1965 αὐτῆς.
3380 1913 3398 1945 ι
3440 1895 3561 1947 Ἐπὶ
3604 1898 3730 1958 ταῖς
3764 1912 3880 1965 χρη-

2323 1987 2472 2047 σταῖς
2525 1984 2617 2037 καὶ
2666 1983 2897 2053 ἀγαθαῖς
2941 1986 3297 2055 ἐπαγγελίαις
3348 1986 3780 2059 εὐφραινόμενον
3831 1986 3881 2040 τὺ

2321 2076 2544 2146 Πνεῦμα
2582 2076 2643 2129 τὸ
2688 2075 2863 2145 ἀγιον,
2909 2080 3025 2141 ταῖς
3068 2078 3259 2141 αὐταῖς
3289 2078 3612 2150 ἐνδιατρίϐει
3664 2081 3878 2148 φωναῖς.

2318 2169 2506 2241 ὥσπερ
2538 2168 2818 2240 ἐντρυφῶν
2844 2173 2913 2241 τῇ
2945 2173 3097 2241 κοινῇ
3132 2171 3347 2224 πάντων
3378 2160 3685 2243 ἀνθρώπων
3718 2188 3882 2241 σωτη-

2320 2262 2433 2335 ρίᾳ.
2466 2262 2556 2315 Διὸ
2590 2260 3032 2333 ἐπαναλαμϐάνει
3063 2263 3312 2335 δεύτερον
3344 2264 3438 2316 καὶ
3469 2263 3672 2335 τρίτον,
3706 2264 3806 2317 καὶ
3830 2264 3881 2315 οὐ

2320 2354 2565 2424 βούλεται
2612 2355 2915 2428 ἀναχωρεῖν
2944 2354 3040 2408 τοῦ
3088 2355 3357 2427 σωτηρίου
3406 2355 3503 2408 καὶ
3536 2352 3882 2423 εὐαγγελικοῡ

2317 2445 2575 2517 ᾄσματος.
2620 2446 2787 2499 Πάλιν
2831 2440 2924 2499 οὖν
2974 2462 3156 2519 φησιν·
3212 2464 3231 2496 ι
3278 2444 3883 2517 Ἐξομολογησάσθωσάν

2318 2555 2399 2591 σοι
2439 2538 2573 2605 λαοὶ,
2613 2541 2642 2593 6
2687 2539 2837 2603 Θεός.
2879 2557 2898 2590 ι
2943 2540 3008 2592 '0
3050 2538 3113 2611 δὴ
3158 2538 3412 2611 μέγιστον
3450 2532 3519 2609 ἦν
3553 2537 3769 2608 θαῦμα,
3808 2539 3878 2590 ὅτι

2327 2629 2566 2685 Ἰουδαῖοι
2594 2631 2713 2702 μὲν,
2753 2632 2818 2685 ἐκ
2844 2630 3094 2702 πατέρων
3126 2632 3216 2683 τὸν
3243 2629 3351 2684 τῶν
3379 2629 3517 2683 ὅλων
3543 2629 3679 2683 Θεὸν
3710 2628 3875 2682 σέϐειν

2312 2721 2696 2793 δεδιδαγμένοι,
2730 2723 2969 2794 συνεχῶς
2999 2722 3475 2796 ἐξετραχηλίζοντο
3504 2724 3600 2777 ἐπὶ
3631 2722 3732 2794 τὴν
3761 2721 3879 2776 πλά-

2312 2832 2410 2887 νην
2439 2816 2539 2887 τῆς
2562 2816 3001 2888 εἰδωλολατρείας
3021 2833 3035 2848 ο
3068 2817 3187 2871 λαοὶ
3209 2817 3266 2872 δὲ
3299 2817 3495 2881 πάντες
3521 2818 3572 2870 οι
3615 2816 3738 2871 καθ’
3765 2815 3880 2887 δλης

2311 2910 2411 2983 τῆς
2445 2910 2765 2981 οἰκουμένης
2792 2911 2856 2964 ἐκ
2886 2909 2981 2963 τοῦ
3019 2909 3231 2982 μακροῦ
3259 2909 3454 2974 αἰῶνος
3483 2909 3879 2980 πεπλανημένοι

2314 3004 2394 3065 είς
2434 2999 2704 3072 τοσαύτην
2742 3001 2930 3071 ἥξουσι
2979 3002 3298 3073 μεταϐολὴν,
3337 3000 3413 3065 ὡς
3450 3002 3527 3073 μὴ
3564 3003 3727 3074 μόνον
3768 3004 3878 3055 ἐπιο

2313 3093 2514 3162 γνῶναί
2540 3110 2600 3146 σε
2625 3093 2717 3147 τὸν
2748 3095 2839 3147 ἐπὶ
2872 3094 3087 3149 πάντων
3108 3094 3263 3159 Θεὸν,
3291 3094 3428 3149 ἀλλά
3456 3096 3552 3150 καὶ
3577 3098 3878 3167 ἐπιστήμην

2314 3183 2599 3237 ἀναλαϐεῖν
2635 3182 2730 3237 τοῦ
2776 3184 3211 3256 ἐξομολογεῖσθαι
3256 3202 3337 3239 σοι
3384 3185 3526 3240 κατὰ
3565 3187 3662 3240 τὸν
3696 3187 3880 3241 ἀποδο-

2316 3274 2475 3329 θέντα
2514 3274 2692 3329 διττὸν
2726 3276 2957 3343 τρόπον·
3004 3277 3143 3349 ὅπερ
3195 3277 3281 3331 ῖνα
3328 3277 3551 3348 γένηται
3589 3276 3695 3348 ἤδη
3734 3276 3876 3342 ποτὶ,

2312 3367 2537 3439 τάχυνον
2562 3367 2630 3422 τὰ
2658 3369 2759 3439 τῆς
2789 3369 3143 3441 προφητείας,
3171 3370 3258 3424 ἴνα
3304 3370 3572 3424 αὐτόπται
3611 3370 3724 3423 τῶν
3759 3372 3883 3425 αἰω-

2313 3460 2439 3513 νίων
2471 3460 2810 3530 ἐπαγγελιῶν
2841 3461 3154 3534 γενοίμεθα.
3202 3463 3518 3518 ’Δκουστέον
3546 3462 3601 3517 δὲ
3629 3462 3739 3517 τῶν
3764 3478 3882 3534 πρψ

2312 3552 2577 3623 κειμένων
2610 3553 2685 3617 ὡς
2723 3553 3035 3625 δυναμένων
3060 3557 3154 3609 καὶ
3187 3556 3252 3610 ἐκ
3287 3554 3579 3628 προσώπου
3621 3553 3733 3607 τῶν
3758 3570 3879 3624 προ-

2312 3644 2495 3716 φητῶν
2520 3644 2800 3714 λέγεσθαι·
2834 3646 2962 3701 ὥστ’
3004 3643 3143 3701 εἶναι
3171 3648 3238 3702 τὰ
3268 3648 3366 3720 μὲν
3387 3648 3493 3719 πρὸ
3527 3646 3624 3701 τοῦ
3648 3645 3879 3716 ’διαψάλ-

2314 3738 2499 3813 ματος,
2537 3739 2844 3809 ἁρμόζοντα
2885 3739 2962 3811 τῷ
2993 3740 3268 3811 προσώπῳ
3298 3740 3407 3795 τῶν
3450 3739 3785 3805 ἀποστόλων,
3819 3738 3878 3791 τὰ

2309 3832 2367 3885 δὲ
2399 3832 2534 3903 μετά
2558 3833 2620 3885 τὸ
2644 3832 2942 3903 διάψαλμα,
2969 3834 3048 3903 τῷ
3074 3833 3222 3906 χορῷ
3250 3834 3361 3889 τῶν
3390 3837 3706 3907 προφητῶν,
3748 3837 3876 3889 ait.-

2309 3944 2399 3990 νες
2422 3926 2727 3998 ἐπεθύμουν
2764 3926 2890 3979 ἰδεῖν
2913 3926 2949 3981 ἃ
2978 3928 3136 3997 ἡμεῖς
3175 3928 3464 3998 βλέπομεν,
3492 3929 3589 3982 καὶ
3618 3930 3720 3982 οὐκ
3748 3928 3876 3983 εἶδον

2310 4018 2450 4073 κατά
2482 4018 2581 4090 τὴν
2623 4021 2887 4091 σωτήριον
2937 4020 3139 4091 φωνήν.
3180 4018 3337 4090 Ἑξῆς
3374 4019 3586 4085 τούτοις
3630 4021 3873 4092 εἴρηται*

2314 4131 2332 4163 ι
2366 4112 2440 4182 Γῆ
2468 4112 2634 4166 ἔδωκε
2658 4111 2749 4165 τὸν
2776 4110 2984 4183 καρπὸν
3012 4111 3179 4183 αὐτῆς
3198 4129 3211 4143 ο
3246 4131 3265 4167 ι
3304 4110 3337 4183 ἢ
3371 4110 3513 4166 κατὰ
3540 4112 3633 4166 τὸν
3662 4113 3877 4185 Σύμμαα

2307 4222 2434 4271 χον·
2477 4223 2496 4257 ι
2543 4204 2623 4275 Γῆ
2658 4203 2816 4257 δώσει
2849 4204 2948 4275 τὴν
2986 4203 3158 4275 φοράν
3208 4203 3395 4273 αὐτῆς.
3432 4222 3453 4255 ι
3504 4204 3733 4275 Καρπὸς
3775 4204 3875 4275 γάρ

2307 4292 2383 4357 ὡς
2414 4294 2629 4365 ἀληθῶς
2655 4296 2684 4349 6
2716 4296 2858 4349 κατὰ
2901 4294 3061 4364 φύσιν
3086 4294 3187 4366 τῆς
3227 4294 3330 4365 γῆς
3362 4297 3480 4349 ἐστι
3507 4296 3570 4350 τὸ
3596 4296 3873 4368 γνωρίζειν

2306 4383 2398 4437 τὸν
2428 4385 2520 4437 ἐπὶ
2544 4386 2762 4440 πάντων
2784 4384 2940 4449 Θεὸν,
2966 4385 3177 4451 καὶτὰς
3210 4386 3565 4459 ὀφειλομένας
3591 4388 3741 4460 αὐτῷ
3768 4390 3874 4455 ἐξο-

2312 4476 2631 4547 μολογήσεις
2672 4479 2767 4531 καὶ
2799 4478 3144 4550 εὐχαριστίας
3189 4480 3532 4551 ἀναπέμπειν
3557 4484 3682 4545 τοὺς
3713 4483 3872 4535 οίκείν

628 4559 719 4615 hic
749 4559 959 4615 fructus
979 4568 1138 4614 terra:
1160 4560 1461 4622 secundum
1489 4572 1777 4626 naturam;
1810 4549 1904 4616 sed
1922 4561 2203 4632 praedictio

2312 4568 2477 4640 αὐτὴν
2506 4569 2924 4640 ἐπιτραπέντας.
2942 4549 3083 4625 ίἘπὶ
3108 4571 3266 4626 τοῦτο
3294 4549 3392 4644 μὲν
3417 4574 3528 4645 γάρ
3547 4575 3869 4629 κατεσκεύα·

630 4652 852 4706 malitiae
919 4667 1039 4721 quae
1087 4661 1284 4723 praeter
1340 4664 1589 4709 naturam
1648 4654 1707 4709 in
1737 4668 1825 4722 ea
1868 4654 2206 4724 pullulatura

630 4749 768 4797 erat.
822 4740 955 4795 Nam
997 4754 1193 4812 praeter
1224 4756 1473 4800 naturam
1513 4747 1684 4817 spinae
1728 4754 1781 4802 et
1811 4747 1997 4803 tribuli
2030 4747 2206 4802 oborti

630 4841 759 4888 sunt
786 4841 1008 4903 propter
1039 4836 1539 4904 praevaricationem
1572 4856 1682 4894 non
1710 4840 1889 4895 solum
1913 4840 2074 4912 primi
2110 4839 2206 4895 ho-

628 4923 809 4979 minis.
837 4925 929 4978 sed
958 4926 1119 4979 etiam
1141 4942 1327 4981 eorum
1360 4930 1453 4999 qui
1490 4941 1613 4998 post
1640 4931 1791 4986 illum
1844 4933 1901 4987 in
1948 4932 2203 5002 impieta-

630 5031 737 5079 tem
767 5027 1003 5098 prolapsi
1037 5035 1187 5088 sunt.
1213 5028 1348 5097 Quia
1406 5032 1462 5087 in
1515 5034 1783 5104 principio
1814 5034 2035 5104 quando
2068 5033 2207 5089 dixit

632 5113 812 5172 Deus:
854 5138 872 5169 ι
910 5118 1186 5175 Germinet
1211 5130 1356 5176 terra
1387 5123 1611 5177 herbam
1636 5122 1781 5187 feni,
1838 5126 2202 5180 seminantem

629 5221 837 5271 semen,
868 5212 1167 5266 secundum
1198 5228 1369 5283 genus
1393 5223 1446 5268 et
1474 5212 1980 5279 similitudinem,et
1998 5216 2201 5288 lignum

631 5299 967 5355 fructiferum
1026 5303 1206 5359 ferens
1258 5304 1513 5370 fructum,
1548 5306 1708 5375 cujus
1741 5322 1928 5361 semen
1977 5308 2033 5361 in
2084 5308 2204 5377 ipso

632 5394 699 5447 sit
731 5394 1027 5449 secundum
1074 5412 1245 5466 genus
1290 5412 1455 5467 super
1487 5409 1686 5453 terram
1719 5398 1794 5466 ⁹³;
1858 5416 1878 5450 ι
1933 5414 2200 5470 nusquam

623 5485 833 5541 mentio
864 5482 1143 5555 spinarum
1193 5504 1256 5543 ac
1298 5490 1621 5545 tribulorum
1649 5498 1764 5563 cst;
1823 5507 2003 5560 neque
2056 5500 2200 5545 terra

618 5582 814 5637 iSIhaec
850 5586 1225 5655 produxisset.
1263 5588 1367 5643 nisi
1419 5590 1730 5645 hominibus
1775 5589 2201 5660 inobsequentize

594 5681 920 5745 subsecuta
946 5693 1079 5747 ultio
1109 5704 1270 5749 esset.
1302 5693 1356 5747 In
1389 5695 1609 5749 malitiae
1632 5710 1782 5767 ergo,
1807 5710 1927 5767 qua:
1955 5696 2196 5758 homini-

670 5868 894 5927 "Luc.
938 5885 987 5927 ι.
1028 5869 1115 5921 ΞΗ.
1194 5870 1392 5928 "Gen.
1432 5891 1510 5940 ιιι,
1552 5876 1631 5929 l7.
1750 5875 1795 5907 "
1820 5873 1956 5930 Gen.
2008 5890 2047 5939 ι,
2104 5874 2192 5930 Η.

2312 4670 2456 4715 σται’
2474 4660 2535 4714 τὸ
2564 4662 2664 4733 τῆς
2694 4662 2797 4734 γῆς
2830 4666 3106 4736 στοιχεῖον,
3152 4667 3245 4720 ἐπὶ
3274 4666 3334 4721 τὸ
3362 4668 3489 4731 τοὺς
3526 4671 3587 4721 ἐν
3615 4670 3753 4739 αὐτῇ
3781 4670 3870 4732 τὰς

2308 4750 2590 4822 διατριϐὰς
2634 4757 2989 4827 ποιουμένους
3033 4757 3313 4824 εὐσεϐείας
3358 4760 3685 4833 προσφέρειν
3742 4778 3869 4831 καρ-

2309 4843 2444 4908 πούς
2465 4860 2478 4873 ·
2506 4843 2593 4900 διὰ
2617 4845 2673 4899 δέ
2708 4847 2806 4920 τὴν
2832 4848 2928 4903 τόὖ
2959 4849 3175 4923 πρώτου
3209 4852 3398 4923 ἀνδρὸς
3420 4851 3731 4927 παράϐασιν
3760 4854 3867 4907 ἐλέ-

2307 4934 2448 5007 χθη·
2489 4956 2507 4990 ι
2547 4938 2975 5013 Ἐπικατάρατος
3005 4944 3039 5015 ἡ
3068 4942 3143 5014 γῆ
3172 4946 3233 4998 ἐν
3262 4946 3372 5008 τοῖς
3408 4942 3592 5014 ἔργοις
3630 4960 3744 4999 σου.
3790 4946 3868 5001 Ἕν

2305 5026 2501 5094 λύπαις
2550 5030 2699 5107 φάγῃ
2748 5033 2918 5105 αὐτὴν
2966 5035 3147 5100 πάσας
3183 5035 3280 5101 τὰς
3329 5036 3541 5106 ἡμέρας
3580 5035 3680 5105 τῆς
3729 5035 3867 5107 ζωῆς

2308 5136 2402 5173 σου
2421 5138 2434 5149 ι
2464 5122 2705 5187 ἀκάνθας
2728 5124 2822 5177 καὶ
2844 5125 3129 5197 τριϐόλους
3149 5126 3394 5181 ἀνατελεῖ
3418 5144 3523 5182 σοι.
3555 5146 3576 5179 ι
3611 5128 3749 5183 Ἀλλ’
3776 5131 3864 5184 οὐκ

2302 5205 2369 5280 ἦν
2396 5208 2549 5278 οὗτος
2576 5218 2603 5269 6
2645 5216 2786 5270 κατὰ
2830 5217 2993 5285 φύσιν
3024 5219 3237 5291 καρπὸς
3270 5219 3370 5291 τῆς
3400 5220 3536 5293 γῆς’
3572 5223 3862 5295 πρόρρησις

2303 5304 2360 5357 δὲ
2388 5306 2487 5376 τῆς
2522 5309 2819 5380 μελλούσης
2846 5310 3002 5380 φύειν
3027 5306 3086 5364 ἐν
3114 5313 3249 5384 αὐτῇ
3283 5314 3433 5385 παρά
3466 5314 3629 5383 φύσιν
3653 5316 3859 5379 κακίας.

2302 5396 2460 5469 Παρά
2489 5400 2649 5470 φύσιν
2672 5401 2781 5475 γὰρ
2809 5403 2866 5458 αἱ
2893 5404 3124 5461 ἄκανθαι
3155 5408 3248 5459 καὶ
3280 5406 3515 5478 τρίϐολοι
3533 5408 3624 5462 διὰ
3643 5408 3743 5481 τὴν
3762 5426 3857 5463 σαι-

2303 5490 2529 5561 ράϐασιν
2562 5496 2861 5551 ὐποστᾶσαι
2890 5498 2950 5551 οὐ
2987 5499 3146 5570 μόνον
3185 5501 3279 5554 τοῦ
3311 5500 3528 5572 πρώτου
3559 5503 3857 5576 ἀνθρώπων

2300 5584 2434 5640 ἀλλὰ
2463 5591 2557 5642 καὶ
2580 5589 2692 5643 τῶν
2724 5592 2839 5662 μετ’
2867 5592 3027 5645 αὐτὸν
3054 5592 3401 5665 ἠσεϐηκότων
3420 5612 3433 5625 ’
3470 5595 3595 5649 ἐπεὶ
3621 5596 3740 5648 κατ’
3766 5595 3858 5664 ἀρ-

2300 5675 2419 5747 χὰς,
2452 5679 2539 5733 ὅτε
2564 5676 2739 5737 εἶπεν
2767 5685 2796 5736 ὁ
2839 5682 2996 5748 Θεός·
3030 5704 3048 5738 ι
3084 5681 3500 5758 Βλαστησάτωή
3527 5686 3601 5758 τῆ
3640 5686 3857 5757 βοτάνην
