3966 6340
704 418 808 473 679

1411 412 1673 469 EUSEBII
1711 411 2182 470 CESARIENSIS
2217 415 2239 470 (

2338 424 2363 468 ’.
2405 417 2586 472 PARS
2618 419 2686 474 ll.
2721 447 2787 459 -
2827 419 3227 474 EXEGETIL‘A.
3534 425 3541 433 “
3782 424 3868 477 680

701 552 808 599 res,
835 535 1125 604 inscriptus
1144 541 1247 590 est.
1268 532 1370 588 Par
1383 540 1498 589 erat
1521 534 1664 587 enim
1681 548 1956 588 sermones
1981 534 2239 588 bonorum

2344 535 2420 605 τῷ
2445 537 2605 590 Δαυῒδ
2627 557 2644 586 ι
2670 537 3081 607 ἐπιγέγραπται,
3106 537 3198 590 καὶ
3223 554 3241 587 ι
3266 535 3471 606 ψαλμὸς
3498 535 3668 606 ᾠδῆς»
3697 539 3866 607 ὁμοίως

699 631 965 699 promissa
992 630 1401 697 complectentes
1426 667 1440 691 ,
1494 643 1603 681 non
1637 628 1796 681 modo
1850 627 2117 696 psalmos,
2150 627 2243 682 sed

702 736 810 776 una
839 722 1070 791 psalmos
1091 719 1309 784 cantici,
1333 727 1386 773 et
1409 719 1620 774 cantica
1643 719 1835 788 psalmi
1859 720 2061 782 vocari,
2087 727 2245 787 atque

708 831 727 864 ι
768 815 821 866 ii.
856 813 1009 866 ﬁnem
1042 831 1060 863 ρ
1091 813 1393 876 remittere;
1425 810 1550 880 quia
1573 825 1636 864 ea
1666 825 1784 879 quae
1826 810 1882 864 in
1931 810 2125 862 borum
2152 825 2243 863 va-

701 887 902 959 ticiniis
939 903 1205 962 feruntur.
1233 903 1503 957 diuturnis
1526 910 1646 971 post
1676 901 2009 970 temporibus
2039 902 2093 954 in
2117 915 2245 955 con-

701 995 1055 1048 summatione
1084 994 1265 1048 saeculi
1296 991 1617 1060 perﬁcienda
1662 997 1836 1044 erant.
1894 989 1992 1045 llic
2033 1006 2244 1059 quoque

700 1083 936 1151 psalmus
966 1098 995 1135 a
1026 1080 1227 1151 Spiritu
1264 1078 1578 1150 prophetico
1614 1092 1681 1132 ex
1711 1092 1940 1146 persona
1965 1079 2242 1148 apostolo.

698 1188 815 1226 rum
849 1173 1226 1241 pronuntiatus
1257 1176 1359 1224 est.
1395 1168 1545 1222 Sicut
1581 1183 1710 1236 ergo
1739 1169 1791 1222 in
1821 1169 2243 1237 praecedentibus

695 1249 942 1325 orabant,
976 1262 1136 1316 Deum
1163 1261 1265 1314 sibi
1296 1258 1360 1312 ad
1410 1259 1769 1327 evangelicam
1808 1256 2241 1326 praedicationem

697 1355 994 1423 adiutorem
1022 1358 1308 1405 evocantes
1334 1367 1350 1416 ;
1382 1349 1564 1403 eodem
1591 1364 1803 1417 quoque
1835 1350 1992 1403 modo
2022 1348 2075 1402 in
2105 1364 2243 1418 pra:-

697 1444 837 1498 scnti
873 1443 1097 1496 ulterius
1147 1439 1414 1509 progressi
1453 1438 1684 1492 dicunt:
1728 1457 1745 1488 ι
1790 1438 2110 1494 Benedictus
2141 1439 2243 1493 Do-

697 1534 875 1586 minus
912 1530 1148 1600 quotidie
1185 1548 1199 1596 ;
1236 1543 1549 1599 prosperum
1595 1529 1695 1583 iter
1719 1528 1878 1584 faciet
1909 1531 2064 1586 nobis
2102 1530 2242 1585 Deus

632 1616 636 1622 ’
696 1623 1009 1678 salutarium
1037 1631 1339 1675 nostrorum
1367 1637 1380 1672 :
1421 1638 1438 1670 ι
1464 1621 1726 1674 etiterum
1756 1639 1768 1674 :
1800 1637 1817 1670 ι
1847 1619 2237 1687 Mauda,Deus.

701 1713 882 1766 virtuti
905 1722 1026 1776 tuae,
1055 1713 1312 1766 confirma
1346 1712 1469 1774 hoc,
1500 1709 1639 1764 Deus
1660 1750 1673 1773 ,
1723 1710 1866 1780 quod
1901 1721 2152 1781 operatus
2183 1727 2242 1765 es

699 1802 750 1855 in
786 1804 956 1856 nobis.
1007 1821 1024 1852 ι
1080 1801 1241 1856 Vides
1296 1802 1438 1856 enim
1488 1799 1755 1869 quomodo
1807 1810 2126 1870 precentur,
2182 1809 2240 1854 ut

697 1894 835 1950 Deus
858 1896 957 1950 sibi
983 1910 1294 1964 prosperum
1328 1903 1425 1951 :ter
1451 1903 1622 1963 paret,
1649 1909 1813 1962 seque
1858 1893 2155 1959 conﬁrmet,
2183 1903 2241 1948 ut

695 1986 965 2058 Evangelii
993 2002 1211 2042 cursum
1260 1987 1377 2039 sine
1407 1986 1562 2039 obice
1609 1984 1906 2053 perﬁciant.
1960 1983 2243 2054 Evangeli-o

693 2094 812 2131 cam
843 2079 967 2131 item
997 2076 1428 2146 praedicationem
1478 2081 1658 2143 aperte
1704 2081 2006 2128 memorant
2057 2075 2244 2130 dicen-

693 2178 811 2225 tes:
847 2188 864 2220 ι
901 2168 1158 2220 Dominus
1191 2165 1338 2219 dabit
1359 2165 1578 2218 verbum
1626 2163 2116 2232 evangelizantibus
2142 2167 2244 2218 vir-

697 2269 812 2315 tute
841 2260 1027 2313 multa.
1065 2276 1082 2307 i
1121 2256 1230 2310 lmo
1256 2257 1576 2325 quibusnam
1608 2256 1954 2327 Evangelium
1986 2257 2243 2324 praedica—

695 2351 802 2406 uiri
826 2358 1005 2424 essent
1027 2348 1389 2401 vaticinantur
1417 2348 1501 2402 his
1528 2347 1705 2402 verbis
1733 2365 1746 2401 :
1776 2365 1794 2398 ι
1829 2345 2055 2401 Venient
2085 2347 2242 2417 legati

693 2456 762 2495 ex
797 2439 1047 2508 IEgypto,
1073 2437 1345 2507 Ethiopia
1370 2439 1605 2506 porriget
1627 2453 1842 2491 manum
1875 2453 2027 2492 suam
2064 2437 2190 2492 Deo.
2218 2457 2238 2489 ι

695 2531 850 2585 Clare
886 2531 1026 2583 enim
1063 2530 1210 2584 hisce
1243 2529 1419 2583 verbis
1456 2527 1722 2597 A'ngptiis
1757 2527 2103 2599 Evangelium
2146 2545 2243 2582 an-

697 2622 980 2680 nuntiant,
1035 2620 1347 2673 idololatras
1410 2619 1845 2673 subindicantes:
1895 2635 1960 2673 ex
2015 2620 2242 2690 Egypto

685 2713 926 2780 namque
952 2710 1253 2764 idololatria
1278 2718 1454 2761 ortum
1473 2706 1698 2778 accepit.
1717 2709 2016 2774 Quinetiam
2033 2709 2242 2761 {Ethio-

694 2805 834 2873 piam
864 2801 971 2854 Deo
998 2816 1209 2853 manum
1243 2801 1511 2871 porrigere
1555 2815 1706 2854 suam
1751 2800 1970 2862 dicunt,
2005 2807 2238 2854 extrema

694 2906 849 2951 terra:
877 2893 1260 2963 signiﬁcantes.
1293 2892 1493 2947 Deinde
1525 2906 1648 2946 vero
1682 2892 1862 2944 omnia
1893 2904 2056 2960 regna
2085 2898 2241 2942 teme

692 2985 974 3040 confertim
1007 2984 1286 3045 advocant,
1333 2983 1540 3050 hocque
1591 2983 1697 3034 ritu
1731 2982 2012 3034 universas
2060 2987 2242 3050 gentes

694 3077 1016 3148 signiﬁcant.
1047 3076 1116 3130 Ut
1155 3083 1331 3129 autem
1375 3089 1436 3128 ea
1465 3090 1582 3144 quae
1625 3075 1680 3126 in
1709 3073 1964 3126 vaticinio
1990 3071 2241 3126 fereban-

2341 629 2453 686 τοῖς
2484 628 2588 697 πρὸ
2629 627 2809 680 αὐτοῦ.
2844 628 2987 680 Ἔδει
3016 628 3122 698 γὰρ
3154 628 3277 689 τοὺς
3325 628 3430 680 τῶν
3459 627 3676 695 ἀγαθῶν
3721 632 3866 696 ὲπαγ-

2343 719 2618 786 γελτικοὺς
2662 720 2874 786 λόγους,
2895 720 2967 790 μὴ
3006 721 3159 793 μόνον
3193 719 3453 788 ψαλμοὺς,
3493 720 3606 771 ἀλλ’
3634 721 3762 788 ὁμοῦ
3791 725 3867 774 καὶ

2343 807 2480 859 κατὰ
2508 805 2567 858 τὸ
2594 807 2720 859 αὐτὸ
2747 807 2992 876 ψαλμοὺς
3019 806 3168 876 ᾠδῶν
3211 810 3302 860 καὶ
3343 808 3485 876 ᾠδὰς
3514 807 3739 878 ψαλμῶν
3772 811 3867 861 ὀνο-

2345 895 2604 966 μάζεσθαι
2624 898 2715 949 καὶ
2736 915 2753 947 ι
2777 900 2854 959 εἰς
2892 897 2951 950 τὸ
2982 897 3128 960 τέλος
3151 917 3168 949 ι
3191 899 3527 967 ἀναπέμπειν
3544 916 3556 927 ο
3591 899 3666 960 ὡς
3701 899 3762 951 ἂν
3786 917 3867 967 μα-

2341 990 2490 1058 κροῖς
2527 986 2747 1056 ὕστερον
2773 987 2981 1057 χρόνοις
3010 989 3100 1040 ἐπὶ
3134 988 3404 1056 συντελείᾳ
3428 987 3522 1040 τοῦ
3551 988 3740 1050 αἰῶνος
3763 990 3867 1058 μελ-

2341 1076 2536 1128 λόντων
2564 1075 2895 1145 πληροῦσθαι
2916 1075 3022 1129 τῶν
3049 1077 3106 1127 ὲν
3131 1077 3310 1139 αὐτοῖς
3341 1075 3758 1146 θεσπιζομένων.
3782 1077 3864 1129 Λέ-

2343 1167 2526 1220 λεκται
2553 1167 2608 1220 δὲ
2643 1168 2735 1220 καὶ
2770 1167 2926 1230 αὐτὸς
2966 1169 3066 1221 ὑπὸ
3101 1168 3192 1221 τοῦ
3222 1169 3552 1237 προφητικοῦ
3579 1169 3864 1237 Πνεύματος

2341 1261 2405 1313 ὲκ
2453 1260 2738 1332 προσώπου
2783 1261 2891 1313 τῶν
2936 1260 3261 1313 ἀποστόλων.
3295 1261 3500 1331 Ὠσπερ
3527 1256 3618 1315 οῦν
3653 1261 3741 1314 διὰ
3776 1261 3865 1311 τῶν

2341 1352 2642 1424 ἔμπροσθεν
2693 1351 2986 1422 ὲπηύχοντο
3041 1353 3248 1414 ἑαυτοῖς
3297 1351 3716 1421 ἀνακαλούμενοι
3755 1351 3866 1403 Θεὸν

2343 1443 2596 1514 συνεργὸν
2621 1444 2698 1505 εἰς
2723 1443 2782 1495 τὸ
2804 1442 3146 1510 εύαγγελικὸν
3179 1443 3454 1512 κήρυγμα,
3480 1443 3570 1495 τὸν
3595 1442 3752 1495 αὑτὸν
3770 1441 3865 1512 τρό

2341 1551 2436 1587 πον
2463 1535 2554 1587 καὶ
2580 1533 2636 1586 ὲν
2667 1536 2776 1595 τοῖς
2804 1533 3179 1603 προκειμένοις
3203 1535 3248 1585 οἱ
3281 1534 3431 1586 αὐτοὶ
3463 1533 3752 1604 προϊόντες,
3781 1551 3863 1602 φα-

2342 1626 2451 1678 σίν·
2484 1644 2501 1675 ι
2526 1624 2822 1693 Εὐλογητὸς
2858 1622 3058 1692 Κύριος
3089 1622 3296 1692 ἡμέραν
3322 1622 3439 1674 καθ’
3469 1622 3674 1692 ἡμέραν
3698 1638 3712 1652 ο
3748 1639 3861 1674 κατ-

2339 1714 2583 1769 ευοδώσει
2615 1718 2742 1784 ἡμῖν
2788 1716 2814 1766 ὁ
2869 1715 2998 1776 Θεὸς
3040 1713 3146 1764 τῶν
3198 1712 3471 1782 σωτηρίων
3512 1712 3699 1782 ήμῶν·
3735 1731 3750 1762 ι
3787 1714 3863 1763 καὶ

2341 1805 2496 1860 πάλιν
2517 1823 2528 1834 ·
2561 1824 2579 1857 ι
2618 1804 2905 1868 Ἔντειλαι,
2934 1806 2962 1855 ὁ
2986 1803 3134 1866 Θεὸς,
3173 1804 3270 1872 τὴν
3299 1802 3522 1872 δύναμιν
3565 1819 3653 1856 σου
3675 1820 3689 1833 ο
3731 1803 3863 1854 δυνά-

2275 1871 2312 1926 δ
2345 1912 2539 1965 μωσον,
2577 1897 2606 1947 ό
2649 1893 2796 1958 Θεὸς,
2832 1896 2984 1947 τοῦτο
3027 1895 3054 1945 ὂ
3093 1871 3440 1964 κατειργάσω
3473 1897 3622 1964 ἡμῖν.
3659 1913 3676 1944 ι
3725 1895 3862 1964 Ὁρᾷς

2342 1985 2447 2054 γὰρ
2475 1985 2620 2048 ὃπως
2651 1985 3076 2054 κατευοδωθῆναι
3103 1984 3205 2038 ὑπὸ
3233 1984 3324 2036 τοῦ
3356 1984 3486 2037 Θεοῦ
3522 1987 3613 2037 καὶ
3639 1986 3862 2053 δυναμω-

2343 2075 2496 2145 θῆναι
2535 2076 2613 2138 εἰς
2641 2075 2701 2128 τὸ
2741 2075 3026 2136 ἀκωλύτως
3056 2074 3144 2127 τὸν
3187 2075 3380 2146 δρόμον
3424 2075 3515 2128 τοῦ
3557 2077 3860 2143 Εύαγγελίου

2341 2166 2614 2218 τελειῶσαι
2656 2165 2918 2236 εὔχονται.
2969 2166 3284 2236 Μέμνηνται
3327 2166 3383 2218 δὲ
3428 2165 3611 2234 σαφῶς
3652 2169 3742 2218 καὶ
3783 2164 3860 2216 τοῦ

2342 2257 2687 2325 εύαγγελικοῦ
2730 2255 3077 2326 κηρύγματος
3109 2256 3394 2322 ιλέγοντες·
3446 2275 3462 2306 ι
3490 2255 3688 2327 Κύριος
3725 2255 3861 2308 δώσει

2346 2349 2491 2420 ῥῆμα
2526 2351 2636 2410 τοῖς
2676 2346 3170 2416 εύαγγελιζομένοις
3195 2346 3417 2416 δυνάμει
3451 2346 3614 2416 πολλῇ
3639 2365 3651 2376 ·
3691 2367 3708 2397 ι
3749 2347 3861 2400 ἀλλὰ

2342 2440 2434 2492 καὶ
2458 2439 2594 2490 τίσιν
2625 2437 2849 2508 ἧμελλον
2875 2436 3155 2508 κηρύττειν
3178 2437 3235 2488 τὸ
3260 2437 3585 2504 Εὐαγγέλιον
3607 2436 3862 2499 θεσπίζου-

2344 2546 2424 2581 σιν
2451 2531 2506 2582 ὲν
2537 2524 2616 2591 οἷς
2655 2545 2848 2596 φασιν
2888 2547 2906 2579 ι
2946 2526 3166 2591 ’Ἥξουσι
3196 2528 3447 2597 πρέσϐεις
3488 2528 3546 2590 ἐξ
3577 2528 3860 2593 Αἰγύπτου·

2341 2620 2590 2672 Αἰθιοπία
2629 2619 2926 2689 προφθάσει
2954 2621 3109 2688 χεῖρα
3148 2619 3313 2688 αὐτῆς
3339 2619 3415 2687 τῷ
3455 2618 3592 2687 Θεῷ.
3631 2638 3646 2669 ι
3694 2619 3862 2684 Σαφῶς

2340 2712 2445 2781 γὰρ
2471 2711 2557 2764 διὰ
2600 2710 2799 2763 τούτων
2841 2712 3115 2776 Αἴγυπτον
3145 2710 3602 2778 εὐαγγελίζονται,
3647 2710 3766 2772 τοὺς
3795 2711 3860 2760 εἰ-

2340 2803 2671 2872 δωλολάτρας
2703 2802 3056 2871 αἰνιττόμενοι
3080 2817 3096 2832 ο
3129 2799 3250 2854 ἐπεὶ
3287 2800 3343 2866 ἐξ
3379 2801 3648 2868 Αἰγύπτου
3689 2802 3862 2869 κατήρ

2343 2893 2466 2956 ξατο
2501 2897 2533 2964 ἡ
2564 2895 2981 2964 εἰδωλολατρεία.
3020 2891 3174 2944 Ἀλλά
3204 2894 3294 2944 καὶ
3311 2893 3404 2962 τὴν
3445 2894 3715 2946 Αἰθιοπίαν
3749 2910 3862 2962 προ-

2342 2984 2539 3051 φθάσαι
2581 2989 2732 3056 χεῖρα
2772 2986 2938 3051 αὐτῆς
2979 2984 3054 3053 τῷ
3099 2983 3215 3052 Θεῷ
3258 3001 3404 3052 φασι,
3453 2985 3519 3036 τὰ
3560 2984 3752 3054 ἔσχατα
3777 2983 3859 3050 τῆς

2341 3056 2654 3141 οἰκουμένης
2692 3073 2989 3142 δηλοῦντες.
3035 3071 3144 3126 Εἶθ’
3186 3074 3310 3141 ἑξῆς
3345 3073 3439 3135 τὰς
3477 3073 3741 3141 βασιλείας
3778 3073 3860 3141 τῆς

692 3177 803 3232 tur,
835 3183 980 3222 nunc
1005 3167 1219 3221 tandem
1253 3180 1412 3234 opere
1432 3164 1833 3231 perﬁcerentur,
1855 3164 1908 3216 in
1941 3165 2059 3232 ipso
2090 3165 2238 3232 priu-

2342 3161 2441 3229 γῆς
2472 3161 2644 3225 πάσας
2686 3162 2893 3233 ἀθρόως
2922 3164 3263 3231 συγκαλοῦσι,
3302 3164 3407 3216 τῶν
3435 3164 3600 3216 ἐθνῶν
3635 3165 3860 3215 ἁπάντων

693 3262 835 3331 cipio
865 3258 1095 3330 Spiritus
1127 3267 1345 3313 sanctus
1387 3272 1480 3326 per
1529 3256 1778 3311 Davidem
1818 3271 2003 3325 preces
2046 3257 2241 3314 emitiit

693 3351 912 3408 dicens:
937 3369 953 3401 ι
985 3350 1246 3420 Exsurgat
1268 3349 1407 3404 Deus
1429 3355 1482 3403 et
1501 3349 1831 3418 dissipentur
1849 3347 2050 3402 inimici
2067 3348 2200 3417 ejus.
2218 3368 2235 3399 ι

627 3487 634 3492 ,
693 3440 982 3510 Pergraves
1005 3441 1144 3495 enim
1171 3441 1368 3493 inimici
1393 3439 1483 3494 Dei
1505 3439 1614 3507 jam
1641 3439 1767 3491 olim
1798 3438 1853 3490 in
1883 3451 2071 3490 omnes
2088 3448 2241 3490 terra:

695 3534 1018 3587 habitatores
1041 3534 1376 3603 tyrannidem
1415 3532 1756 3595 exercebant,
1793 3529 2010 3598 maligni
2057 3528 2243 3582 videli-

692 3637 776 3678 cet
805 3623 1073 3678 daamones
1097 3663 1111 3687 ,
1153 3626 1244 3691 qui
1289 3621 1642 3690 multiplicum
1687 3619 1968 3672 numinum
2005 3631 2240 3671 errorem

693 3717 746 3770 in
783 3719 1087 3770 universum
1122 3716 1302 3768 orbem
1351 3713 1689 3766 induxerant.
1721 3711 1887 3766 Nemo
1924 3724 2084 3779 porro
2126 3717 2241 3778 erat

691 3808 783 3876 qui
815 3807 950 3859 mala
976 3806 1318 3876 propelleret,
1361 3819 1469 3856 non
1502 3803 1584 3856 vir
1629 3803 1863 3870 sapiens,
1902 3817 2006 3855 non
2033 3800 2236 3869 justus,

693 3913 799 3951 non
829 3898 1102 3966 pr0pbeta,
1127 3897 1234 3950 imo
1269 3911 1367 3964 nec
1400 3894 1667 3964 quispiam
1701 3909 1765 3948 ex
1793 3893 1997 3962 angelis
2033 3901 2086 3947 et
2115 3907 2239 3945 san-

695 3989 797 4043 ctis
825 3989 1126 4057 spiritibus,
1161 3989 1274 4042 sive
1301 4003 1367 4041 ex
1399 3986 1711 4040 caelestibus
1745 3984 2047 4052 divinisque
2070 3983 2238 4035 virtu-

696 4081 859 4136 tibus.
921 4080 1254 4148 Quapropter
1282 4079 1446 4133 Deum
1479 4085 1629 4148 rogat
1680 4089 1736 4131 ut
1783 4084 2058 4146 exsurgat,
2091 4084 2142 4129 et
2175 4091 2238 4129 ex

693 4175 841 4242 regio
871 4172 1062 4226 throno
1112 4187 1211 4226 suo
1255 4173 1536 4225 excitetur.
1593 4167 1724 4221 Nam
1769 4169 1860 4222 Dei
1906 4168 2238 4238 providentia

694 4270 825 4318 tunc
861 4279 1095 4324 cessare,
1133 4277 1322 4315 vacare
1355 4268 1406 4314 et
1432 4275 1526 4314 ceu
1552 4260 1828 4328 quiescere
1860 4257 2078 4319 dicitur,
2116 4273 2238 4311 cum

694 4371 756 4409 ex
787 4355 988 4409 divitiis
1015 4353 1290 4412 bonitatis,
1338 4359 1390 4404 et
1421 4367 1485 4403 ex
1527 4349 1783 4418 patientia
1813 4348 2239 4416 longanimitate--

695 4462 798 4515 que
825 4461 919 4500 sua
951 4452 1235 4514 peccantes
1256 4449 1308 4495 et
1336 4455 1460 4510 erga
1489 4455 1546 4494 se
1575 4441 1734 4508 impie
1765 4446 1982 4506 agentes
2016 4439 2235 4500 tolerat;

2339 3250 2521 3304 τοῦτον
2555 3254 2959 3322 σημαινομένων
2989 3256 3075 3308 τὸν
3102 3256 3316 3326 τρόπον.
3352 3258 3466 3308 Ἵνα
3491 3256 3545 3308 δὲ
3579 3256 3642 3308 τὰ
3667 3255 3747 3307 διὰ
3769 3255 3861 3305 τῶν

2340 3341 2506 3406 λόγων
2548 3346 2986 3415 προφητευόμενα
3026 3347 3122 3417 ἤδη
3166 3349 3293 3400 ποτὲ
3339 3348 3430 3399 καὶ
3473 3347 3536 3399 δι’
3570 3347 3732 3415 ἔργων
3772 3364 3862 3414 χω-

2341 3435 2498 3506 ρήσῃ,
2529 3435 2820 3504 ἀρχόμενον
2853 3437 2912 3489 τὸ
2944 3438 3160 3507 Πνεῦμα
3191 3440 3250 3490 τὸ
3289 3440 3638 3509 προφητικὸν,
3666 3439 3745 3490 δια
3779 3436 3860 3488 τοῦ

2338 3525 2496 3576 Δαυῖδ
2520 3526 2678 3595 εὐχὴν
2707 3528 3180 3598 ἀναπέμπειλέγον
3205 3549 3217 3560 ·
3243 3549 3260 3581 ι
3291 3532 3592 3600 Ἀναστήτω
3611 3532 3638 3582 ὁ
3660 3529 3860 3598 Κύρικν

2339 3618 2428 3667 καὶ
2448 3617 3008 3688 διασκορπισθήτωσαν
3030 3621 3078 3672 οἱ
3107 3622 3287 3691 ἐχθροὶ
3317 3620 3499 3674 αὑτοῦ.
3544 3639 3561 3672 ι
3587 3621 3746 3673 Δεινοὶ
3767 3618 3861 3687 γὰρ

2339 3709 2518 3778 ἐχθροὶ
2551 3708 2644 3761 τοῦ
2674 3709 2806 3760 Θεοῦ
2836 3712 3256 3780 κατετυρὰννουν
3294 3711 3455 3764 πάλαι
3488 3712 3737 3783 πρότερον
3767 3709 3860 3760 τῶν

2339 3799 2429 3849 ἐπὶ
2449 3797 2546 3866 γῆς
2562 3798 2828 3862 ἁπάντων,
2852 3802 2899 3850 οἰ
2917 3799 3010 3868 τὴν
3028 3800 3278 3853 πολύθεΟν
3295 3803 3497 3871 πλάνην
3514 3801 3635 3854 καθ’
3649 3802 3765 3870 ὅλης
3777 3801 3863 3870 τῆς

2337 3887 2651 3968 οἰκουμένης
2693 3890 3082 3958 συστησάμενοι
3134 3891 3354 3961 πονηροὶ
3391 3890 3656 3960 δαίμονες.
3699 3892 3864 3967 Οὐδείς

2338 3963 2395 4030 τε
2430 3974 2493 4051 ἦν
2520 3978 2806 4049 ὲπαμύνων
2837 3983 2945 4043 τοῖς
2978 3982 3182 4042 κακοῖς,
3232 3982 3292 4033 ού
3339 3983 3496 4050 σοφὸς
3528 3983 3681 4054 ἀνὴρ,
3711 3963 3771 4036 ού.
3797 3983 3863 4033 δὶ-

2339 4087 2506 4134 καιος,
2553 4071 2612 4124 οὑ
2647 4073 2945 4142 προφήτης·
2992 4072 3100 4124 ἀλλ’
3131 4072 3248 4124 οῦδὲ
3291 4072 3529 4140 ἀγγέλων
3561 4091 3640 4135 τις
3666 4075 3696 4143 ἢ
3725 4091 3863 4125 πνευ-

2341 4149 2518 4229 μάτων
2559 4161 2747 4232 ἁγίων,
2783 4162 2814 4233 ἢ
2849 4161 2954 4213 τῶν
2988 4163 3106 4214 κατ’
3139 4161 3363 4230 οὐρανὸν
3395 4161 3553 4216 θείων
3585 4163 3858 4232 δυνάμεων.

2337 4251 2426 4302 Διὸ
2453 4251 2513 4320 δὴ
2544 4253 2702 4304 αὑτὸν
2731 4254 3018 4326 ἀναστῆναι
3050 4252 3139 4306 τὸν
3175 4252 3324 4316 Θεὸν,
3366 4255 3456 4304 καὶ
3487 4254 3579 4306 τοῦ
3613 4253 3860 4323 βασιλικοῦ

2337 4341 2669 4409 ᾶεγερθῆναι
2722 4343 2908 4412 θρόνου
2969 4344 3289 4412 παρακαλεῖ.
3347 4345 3595 4414 Ἦρεμετν
3651 4347 3738 4414 μὲν
3784 4345 3861 4396 καὶ

2338 4433 2620 4502 ἡσυχάζειν
2649 4435 2740 4487 καὶ
2769 4435 2953 4504 ὥσπερ
2983 4437 3398 4490 διαναπαύεσθαι
3423 4439 3488 4490 τὰ
3514 4440 3611 4508 τῆς
3637 4439 3723 4492 τοῦ
3746 4437 3860 4490 Θεοῦ

696 4534 896 4588 moveri
938 4541 1115 4586 autem
1146 4540 1198 4585 et.
1231 4531 1452 4584 excitari
1499 4529 1716 4591 dicitur,
1760 4542 1881 4580 cum
1925 4535 2231 4596 peccatores

2338 4526 2579 4595 προνοίας
2612 4526 2841 4591 λέγεται,
2878 4529 3093 4582 ἐπειδάν
3123 4529 3199 4598 τῷ
3229 4528 3435 4599 πλούτῳ
3466 4531 3562 4599 τῆς
3595 4529 3860 4600 χρηστότη-

695 4640 978 4695 aggrcssus
1007 4623 1301 4676 ulciscitur.
1348 4620 1417 4675 Ut
1450 4621 1611 4691 igitur
1642 4618 1921 4673 memorati
1957 4618 2141 4670 hostes
2175 4619 2232 4668 li-

697 4731 815 4769 nem
855 4714 1089 4767 facerent
1118 4712 1430 4766 dominandi
1461 4711 1800 4776 hominibus,
1831 4709 1939 4765 Deo
1971 4709 2236 4778 supplicat

699 4811 756 4857 ut
782 4812 1035 4872 exsurgat
1080 4816 1306 4870 seseque
1334 4801 1568 4854 concitet
1601 4798 1666 4852 ad
1717 4801 1998 4861 ultionem,
2053 4804 2110 4850 ut
2144 4795 2234 4864 qui

698 4895 824 4949 olim
853 4895 905 4946 in
939 4909 1103 4946 unum
1147 4892 1453 4960 congregati
1503 4897 1677 4950 erant,
1708 4897 1761 4944 et
1789 4888 2087 4959 improbam
2121 4903 2236 4939 mu-

637 5003 642 5008 '
695 4992 792 5040 tuo
821 4983 1164 5039 concordiam
1201 4983 1450 5042 inierant,
1484 4996 1600 5034 eam
1633 4980 1837 5034 scilicet
1864 4996 1982 5050 quae
2011 4978 2236 5032 diaboli-

701 5089 817 5127 cam
857 5072 1212 5126 idololatriam
1249 5070 1558 5138 spectabat,
1612 5068 2000 5137 dissiparentur
2051 5069 2236 5137 procul

699 5165 949 5234 dispersi.
1002 5163 1043 5216 li
1089 5177 1215 5217 vero
1265 5162 1466 5214 inimici
1501 5159 1593 5213 Dei
1632 5168 1804 5220 erant,
1857 5175 2086 5229 eumque
2114 5159 2232 5213 ode-

701 5263 841 5314 rant.
872 5257 962 5323 qui
992 5269 1168 5308 aerem
1194 5263 1347 5306 terra:
1369 5254 1690 5306 eminentem
1724 5251 2018 5319 replebant,
2061 5259 2113 5304 et
2142 5252 2239 5302 im-

701 5345 1023 5415 probitatem
1057 5345 1199 5398 illam
1231 5345 1543 5414 multiplicis
1565 5343 1763 5398 erroris
1789 5342 2059 5405 fovebant,
2091 5344 2238 5412 impii

704 5450 893 5504 nempe
923 5435 1138 5503 quidam
1172 5443 1225 5489 et
1249 5435 1390 5490 athei
1424 5435 1712 5488 dacinones.
1745 5433 1844 5497 Qui
1870 5432 1977 5487 Deo
2001 5435 2082 5488 vel
2117 5442 2238 5485 tan-

702 5532 814 5575 tum
847 5534 1215 5579 commovente
1245 5540 1319 5586 se,
1352 5533 1402 5578 et
1427 5525 1490 5578 ad
1513 5524 1810 5577 facinorum
1839 5524 2089 5577 ultionem
2124 5537 2241 5576 sese

703 5615 987 5682 excitante,
1011 5617 1183 5681 primo
1213 5615 1424 5684 quidem
1452 5615 1697 5684 dissipati
1719 5621 1770 5666 et
1796 5615 1883 5666 alii
1906 5615 2088 5682 procul
2121 5613 2240 5665 aliis

704 5701 952 5768 dispersi,
983 5704 1174 5759 deinde
1202 5706 1256 5757 in
1277 5703 1451 5773 fugam
1477 5706 1615 5758 versi
1642 5711 1801 5766 sunt,
1836 5718 1896 5757 ac
1920 5712 2103 5773 postea
2135 5705 2240 5757 sic-

707 5799 764 5844 ut
791 5792 971 5847 deﬁcit
1006 5795 1187 5850 fumus
1218 5794 1558 5861 defecerunt,
1582 5803 1636 5850 et
1671 5795 1814 5866 sicut
1841 5794 2090 5852 liquescit
2117 5810 2238 5850 cera

2332 4635 2419 4678 τος
2445 4617 2605 4668 αὑτοῦ
2635 4618 2723 4668 καὶ
2759 4621 2822 4688 τῇ
2861 4620 3202 4691 μακροθυμίᾳ
3236 4622 3372 4692 φέρῃ
3403 4621 3528 4682 τοὺς
3552 4620 3861 4690 ἁμαρτάνον-

2332 4724 2426 4769 τας
2470 4708 2560 4759 καὶ
2602 4710 2678 4770 εἰς
2708 4709 2864 4760 αὑτὸν
2891 4711 3234 4774 ἀσεϐοῦντας
3271 4714 3331 4763 τὸ
3377 4711 3434 4763 δὲ
3485 4711 3736 4764 κινεῖσθαι
3783 4712 3861 4762 καὶ

2332 4796 2713 4860 διανίστασθαι,
2759 4799 2971 4851 ἐπειδὰν
3009 4801 3105 4863 τὰς
3162 4802 3462 4870 ὲκδικήσεις
3489 4800 3706 4869 ποιῆσαι
3726 4798 3860 4860 ἐπεξο

2337 4885 2427 4937 ιὼν
2473 4889 2579 4948 τοῖς
2614 4888 3027 4956 ἁμαρτάνουσιν.
3083 4891 3176 4943 Ἰν·
3210 4886 3300 4943 οὖν
3335 4889 3432 4959 ήδη
3465 4890 3594 4940 ποτὲ
3642 4888 3859 4940 παύσων-

2333 4993 2419 5029 ται
2465 4981 2578 5039 ταῖς
2610 4979 2747 5030 κατά
2787 4979 2892 5030 τῶν
2942 4982 3237 5052 ἀνθρώπων
3289 4981 3622 5042 δυναστείαις
3663 4981 3710 5031 οἰ
3749 4994 3858 5048 προ-

2335 5068 2603 5138 λεχθέντες
2637 5071 2838 5141 ἐχθροὶ,
2873 5073 3214 5142 διαναστῆναι
3253 5074 3340 5125 τὸν
3388 5072 3517 5124 Θεὸν
3567 5072 3658 5124 καὶ
3696 5069 3850 5134 διεγεῖι

2339 5177 2422 5230 ραι
2469 5161 2654 5213 ἑαυτὸν
2705 5163 2782 5224 εἰς
2831 5164 3100 5234 ἐκδίκησιν
3141 5163 3571 5232 ἱκετεύει,.ὅπως
3625 5166 3671 5215 οἰ
3718 5159 3858 5213 πάλαι

2336 5251 2475 5302 κατά
2498 5253 2558 5303 τὸ
2582 5251 2710 5305 αὐτὸ
2743 5253 3060 5323 συνηγμένοι
3088 5255 3176 5306 καί
3203 5252 3371 5324 κακὴν
3406 5255 3715 5323 συμφωνίαν
3746 5247 3857 5318 πρὸς

2337 5339 2589 5409 ἀλλήλους
2643 5339 2888 5409 θέμενοι,
2959 5343 3054 5411 τὴν
3103 5344 3198 5414 τῆς
3249 5344 3563 5414 δαιμονικῆς
3607 5339 3846 5396 εἰδωλολαο

2337 5430 2516 5499 τρείας
2541 5471 2554 5494 ,
2596 5431 3012 5486 διασκεδασθῶσι
3067 5434 3279 5504 μακρὰν
3316 5435 3553 5507 ἀλλήλων
3586 5434 3854 5502 γενόμενοι

2351 5522 2557 5591 Ἐχθροὶ
2586 5522 2641 5574 δὲ
2690 5521 2780 5574 τοῦ
2834 5523 2966 5576 Θεοῦ
3011 5527 3103 5577 καὶ
3133 5526 3410 5595 μισοῦντες
3456 5525 3615 5578 αὑτὸν
3640 5519 3788 5592 ἦσαν,
3817 5514 3854 5566 0⁵

2338 5613 2423 5664 τὸν
2458 5614 2594 5684 ὑπὲρ
2645 5614 2743 5682 γῆς
2779 5615 2912 5685 ἀέρα
2957 5617 3284 5687 πληροῦντες
3329 5617 3421 5669 καὶ
3452 5618 3549 5686 τὴν
3583 5617 3637 5667 ὲν
3679 5605 3838 5678 ἀνθρώ

2341 5721 2457 5767 ποις
2486 5705 2789 5775 πολυπλανῆ
2830 5708 3023 5761 κακίαν
3066 5708 3406 5777 ἐνεργοῦντες
3448 5705 3713 5765 δυσσεσεῖς
3733 5716 3852 5754 τινες

2342 5799 2432 5849 καὶ
2475 5797 2618 5852 ἄθεοι
2660 5797 2921 5868 δαίμονες·
2958 5801 3026 5863 οἳ,
3067 5800 3368 5869 κινηθέντος
3397 5797 3558 5852 αὐτοῦ
3609 5797 3752 5868 μόνον
3779 5787 3849 5844 τοῖ
