3976 6348
70 446 157 500 εει
1151 444 1600 500 ΕΟΜΜΕΝΤΑΚΙ

1703 445 1747 499 Ν
1784 442 2119 502 I'SALMOS.

3132 446 3241 501 681

66 560 216 627 Θεοῦ,
246 562 341 616 καὶ
364 560 454 615 ἐπὶ
482 562 579 632 τὴν
614 563 718 616 τῶν
758 564 1134 636 πραττομένων
1186 565 1458 636 ἐκδίκησιν
1483 566 1603 619 ἑαυ-

1706 579 1735 618 a
1768 564 1905 630 facie
1930 563 2215 635 ignis,'sic
2246 570 2298 618 et
2340 563 2415 617 illi
2463 562 2686 632 perituri
2740 570 2911 618 erant.
2966 562 3241 630 Quomodo

65 653 151 703 τὸν
181 651 555 723 διεγείραντος,
597 653 809 725 πρῶτον
852 654 1359 725 μὲνὲσκορπίςοντο
1393 656 1606 726 μακράν

66 743 301 812 ἀλλήλων
341 742 855 813 διασκεδαννύμενοι,
906 740 1000 797 εἴτ’
1049 742 1280 815 ἐχρῶντο
1313 747 1474 815 φυγῇ·
1513 746 1607 798 καὶ

69 832 198 899 μετὰ
242 830 409 885 ταῦτα
463 832 536 894 ὼς
588 830 825 885 ἐκλείπει
866 819 1068 896 καπνὸς
1104 833 1360 899 ἐξέλιπον,
1394 833 1486 887 καὶ
1532 833 1606 895 ὡς

46 927 280 1001 ιτήκεται
305 920 466 992 κηρὸς
496 921 602 973 ἀπὸ
632 921 918 991 προσώπου
964 922 1148 993 πυρὸς,
1178 922 1347 986 οὕτως
1379 921 1606 993 ήμελλον

44 1006 408 1065 lemnscos“.
456 1011 681 1082 Νοήσεις
730 1012 786 1065 δὲ
834 1013 980 1075 ὅπως
1015 1013 1090 1075 ὡς
1131 1012 1365 1065 ἐκλείπει
1409 1011 1607 1074 καπνὸς

69 1102 301 1165 ἐξέλιπον
329 1105 377 1155 oi
398 1103 575 1173 ἐχθροὶ
605 1101 787 1163 αὑτοῦ.
822 1103 1113 1173 ἐπιστήσας
1158 1103 1233 1166 ώς
1272 1102 1333 1155 τὸ
1365 1102 1465 1171 μὲν
1504 1119 1607 1156 πα-

68 1194 205 1247 λαιὸν
256 1195 769 1265 μετεσχηματίζοντο
810 1184 889 1258 εἰς
938 1193 1197 1261 ἀγγέλους
1229 1192 1422 1261 φωτὸς,
1448 1193 1606 1255 αὐτὸς

65 1286 117 1336 δὲ
143 1287 171 1337 6
194 1283 434 1347 διάϐολος
478 1285 569 1337 καὶ
613 1286 660 1337 οὶ
700 1284 929 1338 διάκονοι
951 1282 1113 1337 αὑτοῦ
1156 1282 1290 1335 κατὰ
1321 1283 1412 1336 τὸν
1458 1282 1608 1335 ’Λπό-

69 1372 264 1435 στολον,
310 1374 369 1435 ὃς
405 1389 580 1443 φησιν·
620 1391 638 1423 ι
669 1372 834 1435 Αὐτὸς
877 1372 984 1443 γὰρ
1012 1374 1041 1423 6
1073 1371 1309 1433 Σατανᾶς
1339 1386 1607 1439 μετασχη-

70 1463 343 1531 ματίζεται
371 1466 449 1527 είς
476 1462 698 1532 ἄγγελον
728 1462 918 1531 φωτός.
953 1482 970 1514 ι
999 1463 1072 1515 Οὐ
1106 1462 1245 1531 μέγα
1283 1456 1376 1514 οὖν
1420 1463 1467 1514 εί
1512 1460 1605 1513 καὶ

68 1554 113 1604 οἱ
140 1554 370 1607 διάκονοι
402 1554 564 1613 αὑτοῦ
620 1552 1168 1625 μετασχηματίζονται
1222 1553 1301 1615 είς
1350 1550 1605 1619 ἀγγέλους

67 1644 415 1713 δικαιοσύνης,
443 1643 863 1715 ὲχρησμοδότουν
901 1659 961 1696 τε
991 1642 1107 1695 τότε
1138 1640 1280 1694 κατά
1313 1641 1483 1694 πάντα
1514 1638 1604 1691 τό-

68 1750 178 1795 τιον,
204 1734 455 1801 μαντείας
482 1736 573 1787 καί⁵
595 1734 885 1806 θερααίας
905 1732 1377 1802 ἐπαγγελλόμενοι,
1393 1731 1468 1793 ώς
1484 1731 1607 1792 τοὺς

66 1820 444 1891 δεισιδαίμονας
491 1822 635 1874 θύειν
684 1823 861 1885 αὐτοῖς
904 1821 1021 1875 καθ’
1068 1818 1366 1891 ὑπερόολὴν
1416 1820 1607 1890 μανίας

1705 665 1882 711 autem
1905 656 2046 711 sicut
2065 655 2245 710 delicit
2265 654 2441 708 fumus
2464 653 2757 709 defecerint
2782 655 3075 710 adversarii
3100 657 3240 725 ejus,

1706 746 1993 816 intelliges,
2026 747 2071 800 si
2126 743 2522 799 animadvertas
2569 757 2674 811 qua
2719 744 2924 798 ratione
2954 746 3081 799 olim
3134 747 3248 816 ipse

1704 838 1952 894 diabolus
1988 844 2041 891 et
2080 836 2315 892 ministri
2352 838 2470 905 ejus
2506 836 3021 893 transformarentur
3058 839 3111 893 in
3140 853 3249 893 an-

1705 930 1851 999 gelos
1890 926 2049 988 lucis,
2090 925 2388 979 secundum
2426 926 2761 994 Apustolum,
2800 927 2891 996 qui
2927 926 3045 999 ait:
3090 926 3249 997 «Ipse

1702 998 1845 1073 enim
1885 1017 2113 1072 Satanas
2148 1015 2567 1073 transformatur
2603 1018 2658 1071 in
2687 1018 2929 1088 angelum
2968 998 3103 1075 lucis
3132 1020 3197 1070 ⁸⁷.
3223 1038 3242 1069 ι

1704 1106 1819 1160 Νοη
1851 1121 2098 1184 magnum
2124 1106 2303 1175 itaque
2323 1104 2597 1172 quidpiam
2620 1105 2667 1159 si
2687 1104 2915 1165 ministri
2937 1107 3053 1175 ejus
3072 1113 3251 1161 trans-

1706 1196 2070 1250 l‘ormarentur
2100 1196 2148 1248 in
2181 1195 2399 1264 angelos
2432 1195 2675 1262 justitiae,
2706 1210 2804 1249 nec
2831 1196 2877 1250 si
2909 1204 3035 1251 tunc
3073 1196 3248 1251 omni-

1705 1286 1806 1343 bus
1833 1286 1888 1340 in
1916 1287 2051 1340 locis
2077 1287 2296 1340 oracula
2332 1286 2588 1350 ederent,
2630 1286 2884 1340 vaticinia
2931 1294 2983 1341 et
3015 1275 3251 1341 curatio-

1705 1396 1800 1437 nes
1850 1379 2314 1451 polliccntes;-ita
2362 1386 2418 1432 ut
2474 1380 2837 1448 superstitiosi
2876 1378 3118 1434 homines
3154 1393 3250 1447 per

1705 1482 1967 1523 summam
1999 1470 2265 1522 insaniam
2299 1468 2382 1521 vel
2410 1468 2514 1522 sibi
2548 1468 2867 1524 charissima
2898 1468 3029 1537 ipsis
3054 1469 3249 1522 immo-

1705 1560 1895 1613 larent.
1925 1556 2079 1613 Nunc
2102 1572 2231 1613 vero
2268 1571 2455 1611 eorum
2487 1557 2726 1610 omnium
2756 1558 2913 1611 ruina
2944 1565 2995 1611 ct
3018 1554 3250 1611 desertio

1704 1651 1961 1723 contigit,
2008 1652 2086 1704 ita
2132 1657 2191 1703 ut
2237 1664 2305 1703 ne
2342 1650 2424 1703 vel
2453 1664 2638 1703 eorum
2673 1651 2926 1703 memoria
2956 1649 3189 1720 supersit
3232 1669 3245 1703 :

1704 1742 2079 1811 eistinctoque
2114 1740 2355 1810 ipsorum
2400 1739 2522 1810 igne
2552 1738 2865 1793 defecerunt
2901 1742 3042 1796 sicut
3074 1740 3251 1797 deﬁcit

1707 1835 1907 1888 fumus.
1948 1832 2129 1898 Quare
2154 1830 2353 1885 alio'in
2392 1830 2511 1884 loco
2545 1828 2742 1883 dicitur
2773 1848 2787 1884 :
2822 1849 2843 1883 ‹
2875 1831 3131 1886 Ascendit
3168 1832 3250 1886 fu-

68 1910 153 1961 καὶ
195 1908 264 1960 τὰ
310 1908 512 1961 ἑαυτῶν
543 1908 787 1976 φίλτατα.
836 1906 971 1959 Nuvl.
1015 1906 1071 1957 δὲ
1129 1905 1345 1958 ἐκείνων
1390 1903 1601 1957 πάντων

1703 1940 1822 1978 mus
1856 1922 1909 1977 in
1949 1922 2028 1976 ira
2065 1921 2182 1991 ejus
2210 1921 2275 1975 ’⁵.
2302 1929 2334 1972 ἰ
2376 1919 2506 1973 Nam
2536 1920 2617 1973 ira
2654 1918 2748 1973 Dei
2780 1919 3040 1977 invadens
3076 1923 3246 1992 ipsos.

66 2002 355 2071 ἁφανισμὸς
380 2000 472 2053 καὶ
508 2000 708 2070 ἐρημία
734 1998 970 2069 γέγονεν,
992 1998 1081 2075 ώςν
1096 1996 1228 2069 μηδὲ
1258 1996 1473 2067 μνήμην
1508 1995 1604 2049 αὺ-

66 2089 166 2140 τῶν
220 2088 576 2141 ὲπιλιπέσθαι·
608 2087 848 2152 ἐξέλιπον
897 2087 952 2139 δὲ
1004 2085 1078 2149 ὼς
1127 2084 1363 2138 ἐκλείπει
1407 2083 1608 2145 καπνὸς

69 2177 480 2239 ἁτοσδεσθέντος
507 2177 681 2230 αὐτῶν
711 2175 803 2230 τοῦ
1056 2174 1133 2227 διὸ
1162 2175 1253 2227 καὶ
1277 2171 1501 2242 ἀλλαχοῦ
1534 2171 1610 2224 εῖ-

71 2288 237 2341 ρηται·
299 2290 317 2322 ι
364 2270 549 2341 Ἀνέϐη
596 2269 797 2332 καπνὸς
846 2270 901 2345 ὲν
931 2267 1065 2337 ὀργῇ
1106 2264 1287 2319 αὑτοῦ.
1325 2283 1343 2315 ι
1412 2264 1474 2316 Ἠ
1500 2262 1607 2334 γὰρ

68 2362 153 2414 τοῦ
184 2361 315 2415 Θεοῦ
344 2361 481 2433 ὀργὴ
508 2359 712 2422 τούτοις
740 2358 917 2420 αὐτοῖς
950 2354 1275 2418 ἐπελθοῦσα,
1294 2354 1354 2408 τὸ
1385 2352 1494 2425 πῦρ
1521 2354 1610 2419 αὖε

71 2453 166 2505 τῶν
282 2449 749 2520 κατέφλεγονντὰςν
776 2448 881 2501 τῶν
917 2445 1210 2518 ἀνθρώπων
1253 2444 1427 2515 ψυχὰς
1476 2460 1605 2497 κατ-

71 2543 293 2596 ἐσδεσεν·
312 2536 373 2597 οὗ
395 2542 725 2605 σϐεσθέντος,
744 2540 911 2610 ἀνέὸη
934 2540 1150 2603 καπνός.
1170 2538 1326 2592 Ἀλλά
1345 2540 1437 2591 καὶ
1458 2531 1608 2600 οὗτος

68 2632 94 2681 ὁ
110 2633 303 2696 καπνὸς
327 2632 513 2702 μηκέθ’
530 2631 934 2699 ὑποκαιόμενος,
957 2629 1088 2701 μηδὲ
1108 2628 1242 2699 ἔχων
1261 2629 1449 2685 ὁπόθεν
1487 2628 1610 2682 ὕπο-

72 2726 182 2795 στῆ,
202 2726 455 2778 ἐκλείπει.
474 2726 639 2789 Ἐπεὶ,
664 2725 720 2777 δὲ
741 2726 767 2776 6
788 2723 918 2786 Θεὸς
941 2723 1053 2790 φῶς
1079 2725 1213 2786 ἐστι,
1235 2724 1327 2776 καὶ
1348 2724 1529 2776 σκοτία
1550 2726 1607 2777 ὲν

69 2815 206 2885 αὐτῷ
226 2816 329 2869 οὐκ
360 2814 502 2868 ἐστιν
529 2814 769 2890 οὐδεμία,
800 2813 953 2866 τοῦτο
976 2812 1035 2865 τὸ
1063 2812 1176 2881 φῶς
1202 2816 1315 2877 τοῖς
1349 2812 1493 2883 αὑτῷ
1524 2812 1609 2881 φί-

70 2906 170 2970 λοις
200 2907 389 2976 σοφίας
423 2906 516 2960 καὶ
550 2904 817 2974 γνώσεως,
842 2906 935 2957 καὶ
974 2903 1608 2976 ἀληθείαςμαρμαρυγάς

69 2998 447 3069 ὲκπέμπει,ώς
464 2998 624 3067 φάναι
651 2997 862 3060 αὐτοὺς,
890 3017 906 3047 ι
929 2995 1260 3069 Ἑσημειώθη
1279 2996 1361 3064 ἐφ’
1384 2996 1527 3066 ἡμᾶς
1550 2996 1609 3049 τὸ

73 3090 174 3155 φῶς
198 3090 290 3143 τοῦ
324 3088 609 3161 προσώπου
637 3092 757 3149 σου,
785 3087 969 3158 Κύριε.
1007 3104 1026 3137 ι
1061 3086 1183 3148 Τοῖς
1214 3084 1270 3137 δὲ
1304 3083 1607 3155 προλεχθεῖ-

70 3196 146 3231 σιν
175 3179 385 3250 ἐχθροῖς
412 3174 571 3233 αὺτοῦ
600 3176 710 3248 πῦρ
749 3175 1078 3244 καταφλέγον
1108 3174 1367 3242 γίγνεται.
1413 3172 1502 3225 Διὸ
1523 3171 1607 3223 λέ-

338 3271 560 3340 έτέροιςο
599 3288 617 3319 ι
645 3247 762 3340 Πῦρ
792 3266 1016 3320 ἐνώπιον
1056 3264 1215 3319 αὐτοῦ
1249 3263 1597 3335 καυθήσεται,
1629 3247 1671 3304 C

72 3364 153 3413 καὶ
166 3361 345 3430 κύκλῳ
361 3359 523 3413 αὐτοῦ
541 3358 787 3426 καταιγὶς
812 3356 1030 3426 σφοδρά·
1047 3375 1065 3406 ι
1085 3356 1196 3420 καὶ,
1207 3375 1222 3406 ι
1234 3353 1351 3426 Πῦρ
1367 3355 1599 3407 ἐναντίον

74 3452 219 3505 αὑτοῦ
252 3453 597 3521 καυθήσεται,
633 3450 727 3503 ml.
750 3448 957 3516 φλογιεϊ
987 3447 1190 3508 πάντας
1224 3446 1349 3509 τοὺς
1376 3444 1599 3516 ἐχθροὺς

72 3543 239 3596 αὑτοῦ.
273 3562 292 3594 ι
338 3544 446 3595 Καὶ
482 3543 539 3595 ὲν
570 3540 646 3611 τῷ
679 3540 813 3610 μετά
839 3541 1023 3609 χεῖρας
1054 3538 1103 3590 οἱ
1137 3535 1317 3607 ἐχθροὶ
1342 3537 1401 3589 οὐ
1444 3536 1599 3605 μόνον

70 3633 324 3686 ἐκλείπειν
347 3632 421 3695 ώς
444 3631 664 3695 καπνὸς,
689 3616 821 3683 ἀλλά
847 3629 940 3682 καὶ
963 3628 1039 3691 ὼς
1060 3630 1279 3697 τήκεται
1307 3626 1474 3697 κηρὸς
1494 3626 1599 3679 ἀπὸ

72 3722 346 3795 προσώπου
370 3721 559 3793 πυρὸς,
580 3722 749 3785 οὕτως
786 3718 1104 3792 ὲκτήκεσθαι
1136 3718 1404 3789 εἴρηνταιέ
1451 3717 1598 3769 ἐπει-

69 3818 226 3886 δήπερ
252 3814 406 3867 αὐτοὶ
446 3813 668 3876 ἑαυτοὺς
695 3811 916 3883 ἐχθροὺς
940 3809 1040 3863 τοῦ
1066 3807 1197 3862 Θεοῦ
1224 3808 1593 3879 πεποιήκασιν.

168 3885 283 3979 γάρ.
310 3899 438 3969 Θεὸς
468 3906 658 3974 ἀγαπᾷ
687 3903 753 3956 τὰ
785 3902 913 3956 δντα
944 3901 1137 3966 πάντα,
1181 3901 1273 3953 καὶ
1303 3898 1450 3957 οὐδὲν
1484 3885 1597 3968 βδέ-

71 3998 307 4054 λὺσσεται
336 3992 408 4052 ὧν
430 3998 698 4067 ἐποίησεν·
726 3995 844 4053 οὐδὲ
863 3995 969 4065 γὰρ
1000 3992 1169 4065 μισῶν
1193 4009 1246 4066 τι
1270 3990 1597 4045 κατεσκεύα-

71 4090 141 4152 ζε·
173 4090 250 4144 διὸ
287 4090 495 4153 οὐδενὸς
519 4089 709 4160 ἐχθρὸς
731 4088 907 4151 αὐτός.
933 4088 993 4139 Οἱ
1017 4086 1073 4138 δὲ
1095 4083 1452 4155 μακρύνοντες
1476 4085 1597 4137 ἑαυ-

74 4184 179 4245 τοὺς
205 4182 297 4240 ἀπ’
334 4182 516 4245 αὑτοῦ,
556 4182 651 4234 καὶ
694 4177 1129 4251 ὲχθροποιοῦντες
1168 4177 1421 4240 ἑαυτοὺς,
1476 4178 1621 4229 ἐπι-⁸

78 4275 291 4329 τπῶνται
330 4275 425 4345 τὴν
450 4273 740 4328 ἀπώλειανο
781 4272 855 4336 ὡς
892 4269 1159 4339 λέγεσθαι·
1210 4287 1227 4319 ι
1262 4270 1378 4322 Ὀτι
1418 4270 1523 4324 ἰδοὺ
1546 4270 1595 4323 oi

76 4366 417 4437 ;ιακρύνοντες
442 4365 669 4427 ἑαυτοὺς
683 4364 789 4417 ἀπὸ
809 4361 899 4415 σοῦ
923 4348 1258 4413 ἀπολοῦνται.
1289 4378 1308 4411 ι
1351 4360 1505 4414 Οῦτω
1538 4360 1595 4413 δὲ

72 4457 150 4509 καὶ
179 4455 389 4527 μισοῦσι
431 4454 521 4507 τὸν
561 4452 691 4505 Θεὸν
728 4453 777 4504 οί
821 4449 889 4503 τὰ
920 4450 1009 4502 ὑπ’
1058 4447 1217 4501 αὐτοῦ
1254 4450 1595 4520 μεμισημένα

72 4545 401 4614 πράττοντες.
430 4540 610 4595 Ταῦτα
652 4542 747 4610 μὲν
774 4534 865 4593 οὖν
903 4537 1023 4595 καθ’
1056 4538 1147 4589 ἕνα
1187 4535 1417 4606 λελέχθω
1470 4540 1593 4609 τρό-

1707 2015 1881 2085 ignem
1910 2015 2170 2085 ipsorum,
2194 2027 2301 2082 quo
2330 2012 2537 2067 animas
2566 2012 2847 2067 hominum
2869 2013 3245 2077 incendebant,

1704 2088 1995 2160 restinxit:
2025 2104 2443 2173 quorestincto,
2482 2103 2725 2159 ascendit
2764 2088 2961 2161 fumus.
3002 2104 3105 2161 Sed
3131 2106 3249 2176 ipse

1704 2195 1885 2251 fumus
1936 2209 2061 2249 cum
2110 2195 2247 2264 ignis
2286 2209 2395 2248 non
2445 2194 2639 2259 subsit,
2682 2210 2779 2249 nec
2819 2195 3013 2251 habeat
3049 2197 3104 2252 in
3141 2212 3249 2269 quo

1705 2286 1987 2351 subsistat,
2028 2272 2227 2341 deficit.
2288 2285 2425 2352 Quia
2471 2301 2597 2341 vero
2636 2284 2777 2343 Deus
2808 2288 2900 2341 lux
2927 2296 3028 2355 est,
3078 2297 3131 2343 et
3170 2298 3248 2344 te-

1704 2375 1884 2430 nebrae
1919 2377 1976 2429 in
1998 2391 2066 2431 eo
2094 2389 2203 2431 non
2243 2382 2370 2433 sunt
2412 2376 2553 2440 ullas,
2589 2375 2704 2431 haec
2752 2377 2844 2431 lux
2893 2377 3080 2433 amicis
3135 2379 3250 2435 suis

1708 2466 2002 2536 sapientia,
2056 2466 2293 2521 scientiae
2340 2475 2393 2521 et
2434 2468 2677 2521 veritatis
2711 2467 2892 2522 radios
2929 2470 3142 2531 emittit,
3177 2470 3250 2524 ita

1705 2566 1763 2612 ut
1786 2557 1967 2612 dicant
1994 2575 2009 2609 :
2050 2575 2069 2607 ι
2100 2556 2379 2627 Signatum
2422 2570 2505 2613 est
2548 2574 2711 2628 super
2739 2574 2839 2614 nos
2864 2560 3043 2615 lumen
3073 2562 3251 2618 vultus

1705 2648 1803 2711 tui,
1837 2646 2061 2721 Domine
2084 2647 2164 2713 ”;
2196 2666 2215 2698 ι
2249 2648 2483 2703 inimicis
2514 2656 2691 2702 autem
2727 2650 2841 2704 suis
2864 2664 3021 2718 supra
3048 2664 3252 2706 memo-

1706 2742 1837 2796 ratis
1865 2739 2002 2811 ignis
2030 2754 2352 2794 consumens
2376 2747 2477 2792 est.
2530 2738 2708 2804 Quare
2731 2740 2855 2793 alibi
2884 2741 3083 2794 dictum
3116 2748 3199 2795 est
3232 2760 3247 2796 :

1708 2850 1729 2883 ε
1767 2831 1908 2901 Ignis
1934 2832 1987 2884 in
2010 2838 2303 2899 conspectu
2341 2828 2459 2897 ejus
2492 2828 2825 2892 exardescet,
2851 2837 2904 2883 et
2934 2829 2987 2884 in
3018 2830 3247 2884 circuitu

1706 2922 1823 2992 ejus
1860 2928 2147 2990 tempestas
2175 2918 2350 2973 valida
2374 2920 2427 2983 ¹;
2475 2937 2493 2969 ι
2527 2926 2579 2972 et
2610 2937 2623 2972 :
2654 2937 2672 2969 ι
2703 2917 2843 2988 Ignis
2880 2918 2933 2971 in
2957 2926 3251 2988 conspectu

1706 3014 1823 3082 ejus
1880 3010 2212 3077 exardescet,
2246 3019 2298 3066 et
2348 3009 2696 3063 inﬂammahit
2751 3023 2938 3064 omnes
2995 3008 3242 3063 inimicos

1691 3100 1823 3167 ejus
1843 3100 1917 3153 ³.»
1959 3098 2017 3153 1n
2058 3099 2305 3169 prasenti
2333 3112 2545 3169 quoque
2568 3097 2771 3152 inimici
2805 3097 2922 3167 ejus
2946 3112 3052 3152 non
3091 3097 3266 3151 modo

1708 3198 1767 3243 ut
1795 3189 1973 3245 fumus
1999 3190 2247 3253 deﬁcere,
2272 3189 2365 3244 sed
2397 3188 2537 3245 sicut
2561 3188 2675 3242 [luit
2704 3203 2828 3243 cera
2858 3204 2887 3242 a
2922 3188 3056 3243 facie
3087 3188 3248 3259 ignis,

1704 3280 1778 3334 ita
1804 3287 1857 3335 et
1896 3280 2002 3350 ipsi
2047 3280 2348 3349 liquescere
2376 3280 2651 3334 dicuntur.
2707 3279 2971 3345 Quoniam
3003 3281 3102 3349 ipsi
3131 3284 3251 3335 sese

1703 3371 1951 3425 inimicos
1974 3367 2069 3424 Dei
2097 3370 2511 3423 constituerunt.
2578 3366 2720 3447 Deus
2749 3370 2892 3422 enim
2925 3372 3104 3423 omnia
3131 3385 3251 3440 quae

1703 3469 1828 3517 sunt
1866 3469 2040 3526 amat,
2083 3470 2137 3516 et
2180 3460 2311 3515 nihil
2352 3458 2463 3514 odit
2508 3473 2695 3512 eorum
2722 3472 2841 3537 qua:
2880 3457 3009 3513 fecit
3034 3478 3047 3514 :
3076 3476 3249 3529 neque
3314 3519 3318 3522 ι

1666 3548 1671 3553 ’
1702 3554 1843 3608 enim
1886 3552 2087 3622 aliquid
2132 3550 2373 3606 condidit
2405 3548 2548 3620 quod
2576 3547 2775 3617 odisset
2801 3566 2816 3615 ;
2849 3548 3019 3617 quare
3047 3551 3248 3607 nullius

1704 3642 1957 3696 inimicus
1989 3642 2103 3710 ipse
2128 3648 2232 3696 est.
2304 3637 2407 3704 Qui
2434 3652 2561 3693 vero
2587 3652 2703 3692 sese
2735 3635 2802 3689 ab
2829 3633 2944 3705 ipso
2981 3628 3135 3705 longe
3162 3652 3248 3716 re-

1702 3743 1935 3805 movent,
1979 3733 2256 3801 ipsiusque
2286 3747 2346 3786 se
2381 3730 2628 3785 inimicos
2655 3725 2910 3792 elliciunt,
2952 3727 3246 3799 perniciem

1702 3822 1804 3876 sibi
1827 3823 2123 3887 attrahunt,
2157 3823 2231 3875 ita
2262 3816 2319 3875 ut
2345 3811 2556 3875 dicatur
2590 3837 2604 3873 :
2644 3818 2809 3884 «Quia
2826 3834 2952 3873 ecce
2980 3819 3070 3888 qui
3096 3819 3247 3873 elon-

1700 3922 1826 3983 gant
1856 3927 1914 3967 se
1950 3927 1979 3964 a
2021 3919 2094 3974 te.
2124 3910 2434 3981 peribunt'.
2465 3929 2483 3961 ι
2516 3908 2605 3962 Sic
2635 3915 2811 3962 autem
2838 3917 2891 3963 et
2921 3907 3086 3963 Deum
3114 3908 3246 3963 ode-

1700 4011 1846 4069 runt,
1896 4002 1989 4071 qui
2032 4002 2226 4072 peresa
2265 4000 2728 4070 ipsi'perpetrant.
2781 3996 3107 4070 Haecigitur
3134 4015 3245 4057 uno

1701 4096 1859 4151 modo
1908 4093 2067 4149 dicla
2100 4092 2316 4147 fuerint.
2376 4077 2514 4148 Cum
2560 4107 2721 4168 porro
2748 4092 2925 4147 omnis
2968 4078 3246 4161 prophetia

1699 4182 2006 4255 evangelica
2028 4185 2120 4251 sit,
2160 4184 2474 4240 consideres
2501 4184 2661 4239 velim
2685 4200 2814 4239 num
2847 4183 2960 4237 haec
2988 4182 3052 4236 ad
3079 4181 3246 4235 Deum

1700 4276 1933 4331 Verbum
1961 4274 2283 4339 referantur,
2323 4273 2468 4345 quod
2509 4273 2721 4343 quidem
2765 4272 2891 4327 olim
2920 4272 2991 4325 in
3022 4279 3247 4341 paterno

1700 4369 1822 4424 sinu
1866 4366 2368 4438 requiescebat_:-c
2395 4364 2454 4420 in
2502 4364 2767 4435 principio
2804 4384 2823 4415 ι
2872 4364 3017 4419 enim
3071 4378 3091 4410 ι
3125 4360 3255 4438 erat;

1705 4430 1960 4522 Verbum;
1988 4464 2041 4513 et
2069 4433 2301 4512 Verbum
2327 4461 2445 4511 erat
2491 4430 2632 4523 apud
2662 4430 2850 4517 Deum,
2880 4457 2933 4507 et
2963 4438 3102 4504 Deus
3128 4430 3256 4504 ιιι-αῖ⁶

1700 4547 1936 4603 Verbum
1964 4549 2004 4599 δ.
2046 4565 2065 4597 ι
2103 4545 2169 4599 Et
2217 4566 2231 4600 :
2284 4542 2444 4597 (Hoc
2502 4550 2620 4597 erat
2670 4542 2727 4597 in
2781 4535 3044 4612 principio
3101 4539 3245 4611 apud

70 4652 175 4688 πον.
218 4634 371 4689 Ἐπεὶ
418 4632 473 4687 δὲ
518 4634 552 4704 ή
592 4633 739 4685 πᾶσα
780 4628 1077 4701 προφητεία
1107 4628 1427 4699 εὐαγγελικὴ
1471 4647 1598 4700 τυγ-

1701 4638 1864 4693 Deum
1888 4638 1929 4701 ⁸,
1952 4656 1973 4687 ι
2002 4638 2176 4706 ipsum
2202 4643 2318 4690 erat
2337 4616 2653 4703 Unigenitus
2679 4630 2793 4697 Dei,
2820 4632 3015 4709 quiest
3040 4630 3095 4685 in
3120 4631 3245 4685 sinu

70 4727 223 4794 χάνει,
253 4727 350 4781 θέα
391 4728 594 4796 μήποτε
620 4722 790 4777 ταῦτα
821 4724 899 4786 είς
935 4722 1023 4775 τὸν
1046 4721 1175 4773 Θεὸν
1204 4720 1372 4788 Λόγον
1397 4722 1593 4793 ἀναφέ-

73 4833 223 4883 ⁶λειιαι,
251 4818 309 4882 ὃς
338 4814 407 4889 ἦν
439 4816 535 4887 μὲν
581 4813 744 4869 πάλαι
783 4816 841 4867 ὲν
875 4815 985 4875 τοῖς
1012 4796 1227 4873 κόλποις
1256 4812 1595 4882 ἀναπαυόμε-

70 4923 143 4968 νος
168 4907 255 4961 τοῦ
275 4908 506 4981 Πατρόςο
544 4926 565 4958 ι
602 4907 690 4959 Ἑν
720 4906 889 4976 ἀρχῇ»
918 4904 1023 4973 γὰρ
1056 4898 1150 4973 «ἦν
1171 4904 1199 4954 6
1228 4902 1427 4970 Λόγος-ν
1445 4904 1539 4956 καὶ
1569 4904 1598 4954 6

69 4998 220 5063 Λόγος
245 4994 313 5069 ήν
340 4998 475 5069 πρὸς
502 4992 591 5053 τὸν
624 4997 776 5060 Θεὸν,
803 4996 895 5050 καὶ
919 4994 1049 5057 Θεὸς
1072 4989 1138 5064 ἦν
1169 4996 1195 5046 ὁ
1224 4992 1442 5060 Λόγος.»
1467 4994 1592 5046 Καί’

72 5078 249 5151 (υῦτος
271 5083 338 5158 ἦν
367 5090 425 5141 tv
449 5089 589 5159 ἀρχῇ
624 5086 760 5159 πρὸς
778 5085 868 5140 τὸν
898 5084 1047 5151 Θεὸν,
1082 5104 1101 5137 ι
1142 5083 1300 5155 αὐτὸς
1330 5079 1397 5154 ἦν
1422 5084 1451 5135 6
1478 5084 1591 5137 Mo-

70 5173 268 5243 νογινὴς
310 5174 404 5227 τοῦ
445 5174 581 5228 Θεοῦ
616 5176 647 5227 6
676 5172 752 5228 ὥν
776 5175 856 5237 είς
890 5174 980 5227 τὸν
1016 5173 1209 5228 κόλπον
1236 5170 1329 5225 τοῦ
1362 5172 1589 5244 Πατρός.

78 5264 209 5316 Ἐπεὶ
239 5264 295 5318 δὲ
323 5264 537 5335 μορφὴν
559 5263 744 5317 δούλου
765 5263 961 5327 λαϐὼν,
986 5265 1079 5318 καὶ
1102 5265 1332 5335 σχήματι
1356 5261 1592 5333 εὑρεθεὶς

69 5358 130 5419 ὡς
159 5354 451 5427 ἄνθρωπος,
474 5353 831 5408 ἕταπείνωσεν
851 5354 1040 5409 ιαυτδν
1074 5356 1231 5427 μέχρι
1263 5354 1509 5415 θανάτου,
1533 5354 1593 5407 τὸ

70 5450 269 5521 Πνεῦμα
296 5450 358 5503 τὸ
394 5451 546 5516 ἀγιον
581 5434 802 5512 είκόντιος
830 5447 927 5519 τὴν
966 5448 1253 5505 ἀνάστασιν
1296 5444 1456 5499 αὐτοῦ
1508 5445 1592 5500 θε-

71 5541 227 5606 σπίζει
254 5542 427 5611 λόγον’
446 5558 465 5591 ι
488 5540 791 5611 ’Δναστήτω
814 5541 843 5591 6
874 5539 1024 5605 Θεὸς,
1061 5540 1152 5595 καὶ
1179 5528 1591 5609 διασκορπισθή-

126 5722 164 5752 ⁹⁷
186 5720 227 5775 Η
260 5721 389 5778 Cor.
415 5734 496 5787 xl,
531 5719 615 5775 ιι.
690 5719 737 5751 ’⁸
757 5694 901 5774 Psal.
935 5735 1069 5785 ml,
1109 5720 1161 5775 9.
1236 5718 1443 5776 "Psal.
1488 5733 1560 5784 Iv,
1592 5717 1642 5772 7.
1722 5716 1903 5772 'Psal.
1949 5732 2095 5782 ηις,
2130 5720 2183 5775 5.

70 5788 141 5845 i7.
209 5792 229 5824 ⁸
255 5790 415 5847 Joan.
446 5808 487 5857 ι,
514 5791 563 5845 l.
640 5793 659 5824 '
681 5789 813 5843 ιδίἀ.
844 5790 898 5843 2.

359 5888 620 5947 Panos.
680 5884 796 5947 Gn.
849 5880 1083 5943 XXIII.

1698 4729 1893 4783 Patris.
1945 4726 2093 4793 Quia
2129 4740 2256 4781 vero
2288 4723 2513 4777 formam
2544 4724 2691 4791 s‘ervi‘
2718 4724 3024 4795 accipiens,
3058 4721 3246 4777 et‘ha-
3290 4752 3302 4757 η

1700 4822 1814 4875 bitu
1841 4819 2089 4873 inventus
2106 4826 2165 4871 ut
2190 4815 3042 4887 homo,humiliavit‘semetipsum
3072 4828 3244 4884 usque

1700 4910 1766 4965 ad
1792 4908 2049 4974 mortem;
2077 4908 2199 4975 jure
2228 4906 2462 4977 Spiritus
2491 4916 2715 4963 sanctus
2740 4906 2861 4976 ejus
2888 4903 3243 4961 resurrectio-

1700 5016 1820 5056 nem
1866 4999 2189 5053 vaticinatur
2234 4997 2443 5062 dicens,
2485 5015 2504 5049 ι
2542 4997 2808 5067 Exsurgat
2832 4995 2974 5052 Deus
3002 5003 3057 5049 et
3080 4992 3243 5049 άὶεςὶε

1697 5092 1889 5157 pentur
1934 5084 2185 5138 inimici:
2226 5102 2246 5136 ι
2287 5084 2377 5139 ubi
2422 5100 2520 5154 per
2560 5084 2727 5147 illud,
2782 5101 2803 5136 ι
2835 5082 3013 5147 Deus.
3044 5102 3064 5133 ι
3099 5075 3241 5136 Deus

1699 5175 1928 5231 Verbum
1957 5173 2311 5245 intelligitur;
2338 5175 2443 5229 Aut
2484 5172 2659 5227 oratio
2695 5172 2787 5227 illa
2806 5174 2873 5230 de
2900 5172 3115 5229 Christo
3134 5168 3239 5224 hoc

1698 5266 1918 5339 profert,
1977 5282 1995 5315 ι
2033 5263 2334 5338 Exsurgat,
2365 5285 2384 5318 ι
2419 5273 2474 5321 et
2527 5266 2595 5321 ad
2643 5266 3015 5341 universorum
3070 5260 3239 5317 Deum

1697 5358 1988 5423 emittitur;
2038 5357 2115 5411 ita
2165 5366 2229 5413 ut
2272 5357 2401 5413 illud
2422 5398 2437 5422 ,
2479 5377 2497 5410 ι
2531 5358 2692 5424 Deus,
2719 5365 2746 5410 “›
2781 5357 2865 5415 sic
2897 5353 3189 5426 accipiatur
3219 5368 3237 5407 :

1696 5448 1741 5503 Ο
1774 5448 1935 5510 Deus.
1968 5456 2225 5520 exsurgat
2252 5446 2499 5505 Christus
2527 5456 2674 5517 tuus,
2704 5459 2757 5505 et
2777 5446 3103 5515 dissipentur
3130 5438 3237 5499 ini-

1697 5538 1984 5609 miciejus.
2044 5537 2364 5618 Congregati
2415 5555 2643 5612 namque
2694 5545 2821 5595 suat
2872 5536 3075 5591 inimici
3118 5534 3241 5605 ejus

2285 5718 2475 5780 ‘Psal,
2529 5734 2671 5783 καί,
2718 5718 2771 5772 5.
2846 5716 3029 5773 'Psal.
3064 5725 3237 5785 um.
