3966 6340
653 359 759 416 683

1329 361 1600 420 EUSEBU
1643 359 2130 417 CESARIENSIS
2171 358 2322 414 OPP.
2363 358 2542 414 PARS
2580 357 2663 413 Ill.
2705 390 2774 401 —
2813 358 3219 416 EXEGETICA.
3788 365 3873 420 68$

655 457 898 546 tempore
949 477 1219 546 passionis
1275 477 1480 546 ipsius,
1536 475 1756 546 quando
1825 494 1842 526 ι
1885 475 2209 529 fremuernnl

2325 488 2505 524 τωσαν
2527 473 2576 524 οί
2605 471 2786 544 ἐχθροὶ
2810 471 2992 526 αὐτοῦ’
3007 491 3026 524 ι
3059 471 3193 524 Θεοῦ
3215 475 3506 542 νοουμένου
3529 473 3621 528 τοῦ
3642 475 3768 528 Θεοῦ
3787 479 3872 531 Λό-

652 575 861 637 gentes,
908 577 960 625 et
1006 568 1188 639 populi
1220 568 1462 622 meditati
1499 575 1627 622 sunt
1662 568 1866 621 inania.
1918 567 2221 620 Aslitcrunt

651 672 824 726 rcges,
861 665 914 712 et
962 658 1236 729 principes
1265 643 1637 731 convenerunt
1669 658 1722 711 in
1753 673 1923 722 unum
1957 657 2219 710 adversus

649 741 934 800 Dominum
952 755 1006 802 et
1023 747 1288 803 adversus
1311 747 1590 802 Christum
1621 746 1740 815 ejus
1757 745 1829 802 ⁸.»
1853 745 2030 800 Hosce
2058 759 2220 815 porro

648 851 837 892 omnes
873 837 1204 892 resurrectio
1249 835 1454 892 ϐίη-ἰειί
1503 851 1570 891 ex
1623 836 1852 891 mortuis
1881 834 2166 906 dissipavit
2204 854 2215 886 :

649 936 884 996 tuncque
931 926 1250 982 defecerunt
1285 935 1344 979 ut
1374 925 1556 980 deﬁcit
1588 924 1793 990 fumus,
1826 932 1881 981 et
1911 925 2052 980 sicut
2105 923 2221 977 ﬂuit

646 1033 774 1075 cera
806 1034 835 1072 a
871 1017 1011 1074 facie
1061 1019 1220 1090 ignis.
1293 1016 1448 1072 Hunc
1481 1017 1915 1074 saneCliristum
1957 1016 2046 1071 Dei
2095 1016 2221 1070 odio

613 1101 976 1173 'babuerunt,
1029 1123 1092 1163 ac
1136 1107 1431 1162 etiamnum
1481 1107 1735 1172 oderunt,
1771 1107 1862 1177 qui
1912 1104 2221 1175 frequenter

645 1203 811 1273 impia
841 1201 1006 1267 dicta,
1031 1202 1276 1257 convicia
1306 1211 1359 1255 et
1379 1201 1693 1272 blasphema
1722 1202 1886 1256 verba
1915 1198 2217 1270 proferunt,

644 1294 768 1363 ejus
790 1293 1089 1350 Ecclesium
1119 1304 1434 1366 oppugnant
1463 1309 1527 1349 ac
1558 1293 1860 1348 doctrinam
1885 1294 2223 1348 calumnian-

645 1395 756 1441 tur.
786 1385 920 1439 Nam
951 1387 1088 1442 alias
1112 1387 1291 1442 nullos
1327 1386 1570 1456 reperire
1600 1393 1684 1440 est
1711 1387 1804 1456 qui
1839 1386 2220 1441 universorum

648 1476 816 1532 Deum
848 1477 1098 1544 oderint;
1131 1493 1306 1548 neque
1339 1477 1482 1532 enim
1516 1477 1618 1547 ipsi
1651 1477 1796 1532 atbei
1825 1484 1878 1533 et
1904 1478 2087 1548 impii,
2120 1492 2217 1533 ne-

645 1585 750 1639 que
785 1570 1002 1640 maligni
1028 1571 1321 1634 daemones,
1365 1585 1542 1640 neque
1572 1570 1771 1640 impuri
1804 1570 2028 1640 spiritus
2058 1569 2112 1624 id
2138 1569 2222 1623 di-

643 1659 842 1713 xerint.
876 1661 944 1712 At
971 1659 1247 1717 Christum
1280 1661 1372 1716 Dei
1403 1676 1461 1716 se
1484 1660 1609 1714 odio
1642 1660 1843 1715 habere
1873 1669 2058 1731 aperte
2092 1677 2219 1731 pro-

2325 580 2442 631 γου.
2466 564 2537 616 Ἦ
2565 565 2662 634 τῆς
2690 564 2854 634 εὐχῆς
2890 565 3016 635 περὶ
3046 564 3144 635 μὲν
3169 563 3262 617 τοῦ
3289 565 3525 635 Χριστοῦ
3549 567 3871 638 λετούσηςτδ.

2331 674 2348 708 t
2374 657 2678 726 Ἀναστήτω
2697 680 2715 719 ,·
2735 675 2751 706 ι
2774 657 2904 727 πρὸς
2916 656 2972 709 δέ
2990 655 3078 709 τὸν
3095 655 3227 708 Θεὸν
3243 655 3346 708 τῶν
3365 655 3498 710 ὅλων
3514 658 3873 729 ἀναπεμπομέ-

2325 766 2441 818 νης·
2464 743 2570 821 ἵν”ᾖ
2585 748 2665 812 τὸ,
2683 765 2700 798 ι
2721 749 2748 799 ό
2765 748 2914 812 Θεὸς,
2931 767 2947 798 ι
2968 747 3210 812 ἀντὶτοῦ,
3233 741 3408 809 ὧΘεὲ,
3428 749 3872 820 ἀναστήτυόΧρι-

2327 842 2448 903 στός
2461 857 2574 905 σου,
2589 841 2682 895 καὶ
2697 841 3267 912 διασκορπισθήτωσαν
3296 842 3343 892 οἱ
3361 839 3545 911 ἐχθροὶ
3559 839 3743 893 αὐτοῦ.
3767 841 3871 893 Συν-

2323 933 2565 1004 ἤχθησαν
2604 933 2699 1004 μὲν
2716 932 2822 1004 γὰρ
2853 936 2898 985 oi
2921 931 3104 1002 ἐχθροὶ
3118 932 3281 986 αὑτοῦ
3312 932 3451 985 κατά
3465 934 3554 986 τὸν
3571 931 3664 986 τοῦ
3698 933 3872 997 ratio»;

2324 1018 2487 1071 αὑτοῦ
2507 1018 2715 1089 καιρὸν,
2747 1019 3015 1090 ὁπηνίκα(
3045 1018 3318 1090 ἐφρύαξαν
3352 1019 3500 1091 ἔθνη,
3519 1021 3614 1074 καὶ
3642 1021 3872 1091 λαοὶέμεσ

2323 1107 2554 1178 λέτησαν
2580 1107 2729 1160 κενά.
2749 1108 3103 1178 Παρέστησαν
3119 1111 3169 1168 οί,
3196 1108 3430 1178 βασιλεῖς
3455 1113 3549 1164 καὶ
3565 1114 3617 1164 oi.
3644 1113 3872 1182 ἄρχοντες

2326 1199 2665 1270 συνήχθησαν
2681 1201 2772 1253 ἐπὶ
2792 1201 2853 1252 τὸ
2877 1201 3006 1253 αὐτὸ
3025 1201 3164 1255 κατά
3193 1201 3285 1255 τοῦ
3305 1203 3510 1274 Κυρίου
3537 1207 3630 1256 καὶ
3646 1203 3776 1256 κατά
3795 1204 3871 1256 τοῦ

2323 1290 2559 1362 Χριστοῦ
2575 1291 2759 1346 αὐτοῦ.
2776 1311 2793 1343 ι
2816 1292 3037 1346 Πάντων
3055 1294 3110 1347 δέ
3125 1293 3326 1348 τούτων
3343 1296 3765 1367 διασκορπισμδν
3778 1297 3806 1367 ἡ
3819 1298 3872 1348 ἐκ

2322 1384 2529 1455 νεκρῶν
2547 1385 2837 1448 ἀνάστασις
2853 1384 2943 1438 τοῦ
2957 1386 3192 1456 Χριστοῦ
3217 1389 3638 1458 κατειργάσατο·
3657 1388 3872 1454 ἐξέλιπόν

2321 1495 2379 1531 τε
2389 1478 2463 1542 ὼς
2475 1478 2712 1530 ἐκλείπει
2728 1478 2952 1542 καπνὸς,
2967 1479 3058 1531 καὶ
3074 1479 3148 1542 ὼς
3164 1479 3393 1552 τήκεται
3415 1480 3582 1550 κηρὸς
3606 1481 3714 1534 ἀπὸ
3730 1498 3873 1552 προσ-

2322 1569 2470 1624 ώπου
2507 1573 2697 1644 πυρός.
2731 1573 2840 1626 Καὶ
2881 1571 3067 1625 τοῦτόν
3099 1590 3161 1640 γε
3208 1573 3301 1626 τὸν
3361 1573 3594 1644 Χριστὸν
3637 1572 3727 1627 τοῦ
3758 1573 3870 1626 Θεοῦ

2323 1663 2607 1735 ἐμίσησαν,
2642 1665 2858 1734 μισοῦσί
2894 1682 2953 1717 τε
2987 1665 3150 1742 είσέτιι
3180 1668 3272 1720 καὶ
3302 1665 3418 1732 νῦν,
3448 1668 3496 1718 οἱ
3530 1667 3765 1737 συνεχῶς
3789 1668 3870 1719 αὐ-

647 1751 886 1816 ﬁtentur,
941 1751 1118 1822 primo
1169 1752 1205 1805 ii
1257 1753 1323 1809 de
1357 1754 1557 1824 quibus
1582 1754 1697 1824 ipse
1732 1770 1827 1825 per
1878 1753 2209 1825 prophetiam

2323 1754 2411 1807 τὸν
2446 1754 2622 1819 ἀθέοις
2653 1755 2829 1825 λόγοις
2863 1756 2956 1810 καὶ
2993 1755 3278 1830 λοιδορίαις
3309 1757 3770 1829 βλασφημοῦντες,
3793 1761 3872 1830 τήν

643 1845 718 1898 ita
749 1844 892 1899 fatur
935 1865 949 1899 :
1007 1863 1025 1895 ι
1077 1843 1265 1899 Loculi
1309 1855 1437 1918 sunt
1473 1847 1759 1900 adversum
1786 1862 1872 1902 me
1911 1849 2093 1915 lingua
2122 1845 2209 1898 ἀοι

2320 1861 2379 1899 τε
2423 1845 2744 1917 Ἐκκλησίαν
2775 1848 2936 1901 αὑτοῦ
2971 1825 3352 1920 πολεμοῦντες,
3395 1825 3488 1903 καὶ
3649 1825 3873 1904 διδασκα-

643 1937 754 1990 losa
773 1975 789 2000 ,
822 1945 875 1989 et
904 1933 1250 1989 sermonibus
1278 1929 1388 1984 odii
1415 1929 1886 1989 circumdederunt
1917 1947 2021 1997 ine,
2039 1938 2102 2008 et
2124 1947 2209 1987 ex-

2320 1935 2439 1990 λίαν
2460 1937 2849 2002 διαϐάλλοντες.
2903 1941 3109 2004 Ἀλλως
3141 1941 3247 2013 γὰρ
3274 1941 3365 1994 τὸν
3398 1945 3490 1994 ἐπὶ
3514 1943 3731 1997 πάντων
3761 1943 3874 1995 Θεὸν

642 2032 1018 2098 pugnaverunt
1044 2040 1130 2079 me
1155 2023 1343 2095 gratis.
1375 2023 1481 2079 Pro
1503 2040 1568 2080 eo
1592 2034 1650 2080 ut
1672 2041 1757 2082 me
1778 2025 2087 2096 diligerent,
2117 2025 2209 2081 de-

2319 2023 2417 2078 οὑκ
2465 2024 2532 2080 ἂν
2590 2026 2739 2098 εὖροι
2789 2027 3081 2097 μισοῦντας
3123 2045 3296 2094 τινας
3340 2032 3459 2084 οὐδὲ
3497 2033 3605 2104 γὰρ
3651 2035 3796 2086 αὐτοὶ
3831 2035 3871 2086 οἱ

641 2118 930 2173 trahebant
974 2117 1127 2171 mihi.
1191 2117 1254 2170 Et
1304 2127 1603 2188 posuerunt
1635 2118 1920 2174 adversum
1958 2133 2041 2173 me
2074 2119 2209 2172 mala

2319 2116 2463 2170 ἄθεοι
2499 2120 2592 2172 καὶ
2623 2119 2920 2184 δυσσεϐεῖς
2971 2121 3084 2173 ἀλλ’
3131 2123 3252 2175 οὐδὲ
3280 2125 3328 2175 σί
3359 2108 3583 2195 πονηροὶ
3621 2125 3871 2194 δαίμονες,

639 2226 740 2281 pro
767 2211 948 2275 bonis,
991 2216 1045 2264 et
1075 2209 1258 2265 odium
1286 2227 1384 2282 pro
1417 2211 1708 2266 dilectione
1737 2213 1929 2279 mea’;
1968 2231 1986 2262 ι
2023 2211 2209 2267 deinde

2316 2207 2436 2260 ούδέ
2460 2207 2526 2260 τά
2557 2207 2843 2279 ἀκάθαρτα
2872 2209 3156 2280 πνεύματα
3183 2210 3327 2264 τοῦτ’
3356 2211 3421 2265 ἀν
3452 2213 3676 2265 εἴποιεν.
3708 2213 3802 2264 Τὸν
3824 2211 3872 2264 δέ

639 2301 733 2371 qui
765 2307 889 2371 post
917 2301 1041 2357 illos
1071 2303 1234 2357 etiam
1270 2318 1418 2357 nunc
1451 2303 1507 2357 in
1549 2303 1726 2374 ipsam
1768 2304 2080 2376 hlasphema
2125 2305 2209 2359 di-

2314 2299 2547 2371 Χριστὸν
2575 2299 2666 2352 τοῦ
2709 2299 2841 2353 Θεοῦ
2882 2299 3327 2372 ὁμολογουμένως
3353 2302 3643 2372 ἐμίσησανο
3691 2301 3873 2373 πρῶτοι

641 2400 729 2447 cta
777 2392 1081 2463 proferunt.
1141 2392 1406 2449 Caeterum
1453 2409 1642 2449 omnes
1694 2394 1898 2450 inimici
1951 2396 2103 2466 ejus,
2159 2405 2209 2452 et

2318 2391 2414 2461 μὲν
2467 2393 2682 2456 ἐκεῖνοι,
2708 2393 2837 2464 περὶ
2865 2384 2939 2445 ὧν
2965 2393 3125 2455 αὐτὸς
3151 2391 3239 2445 διά
3267 2393 3365 2464 τῆς
3392 2394 3730 2466 προφητείας
3755 2392 3870 2462 ἔφα·

636 2484 732 2554 qui
793 2485 1025 2539 oderunt
1086 2499 1209 2538 eum
1268 2485 1518 2556 dissipati
1577 2493 1705 2541 sunt
1771 2495 1824 2541 et
1886 2487 2140 2558 fugerunt
2179 2503 2209 2543 ιι

2315 2500 2460 2537 σκεν·
2514 2503 2532 2535 ι
2583 2483 2877 2555 Ἐλάλησαν
2911 2484 3028 2537 κατ’
3063 2483 3196 2555 ἐμοῦ
3226 2484 3444 2558 γλώσσῃ
3481 2485 3650 2557 δολία,
3684 2486 3772 2538 καὶ
3808 2483 3873 2535 λό-

639 2577 781 2633 facie
827 2577 1048 2633 virtutis
1078 2579 1218 2649 ejus,
1261 2573 1686 2648 ‘del‘eceruntque
1734 2579 1887 2640 sicut
1908 2579 2088 2636 deﬁcit
2121 2582 2209 2636 fu-

636 2685 796 2737 mus,
831 2679 886 2726 et
929 2672 1070 2727 sicut
1108 2671 1224 2730 ﬂuit
1254 2687 1379 2727 cera
1425 2686 1454 2724 a
1504 2669 1642 2727 facie
1675 2673 1838 2743 ignis.
1893 2671 2065 2729 Nemo
2108 2675 2209 2745 igi-

633 2773 728 2821 tur
751 2781 818 2821 ex
850 2766 1160 2822 odienlibus
1190 2782 1314 2822 eum
1349 2767 1570 2837 impune
1596 2783 1842 2838 unquam
1874 2778 1941 2824 ex
1970 2770 2072 2823 bac
2095 2767 2207 2824 vita

635 2857 908 2929 migravit.
937 2857 1042 2915 Sed
1073 2859 1543 2929 etiam'principes
1578 2861 1946 2926 sacerdotum,
1979 2859 2204 2928 Scribe,

633 2949 899 3007 Pharisaei
931 2959 986 3006 et
1016 2951 1325 3016 Sadducaai,
1358 2952 1451 3022 qui
1475 2952 1706 3008 insidias
1743 2953 1874 3006 olim
1909 2953 2014 3023 ipsi
2045 2969 2207 3023 para-

634 3047 788 3107 runt,
821 3042 894 3096 ita
924 3040 1264 3106 defecerunt,
1290 3050 1349 3095 ut
1383 3055 1563 3111 neque
1611 3041 1876 3096 memoria
1911 3057 2102 3097 eorum
2135 3044 2204 3100 ad

597 3138 601 3141 “
634 3135 740 3192 hoc
758 3149 932 3204 usque
957 3140 1194 3202 tempus,
1230 3149 1407 3204 neque
1437 3147 1636 3188 nomen
1659 3133 1805 3203 apud
1838 3132 2055 3190 Iudaeos
2083 3151 2200 3191 ser-

633 3232 810 3281 vetur.
850 3225 1004 3281 Tunc
1033 3235 1146 3280 tota
1174 3240 1363 3281 eorum
1412 3226 1562 3282 natio
1607 3227 1662 3281 in
1697 3241 1887 3284 omnes
1918 3232 2108 3298 gentes
2131 3229 2208 3282 di-

635 3334 825 3390 spersa
860 3319 1237 3390 dissipataque
1275 3327 1378 3375 est.
1413 3317 1836 3390 Insequentibus
1893 3337 2022 3377 vero
2068 3329 2206 3377 tem-

633 3412 858 3482 poribus
884 3417 1151 3483 quotqu‘ot
1177 3412 1487 3469 Ecclesiam
1535 3414 1654 3484 ejus
1693 3421 2098 3486 oppugnarunt,
2133 3414 2206 3469 si-

633 3503 836 3558 militer
858 3513 910 3558 et
943 3503 1048 3574 ipsi
1078 3503 1394 3560 defecerunt
1417 3505 1559 3560 sicut
1583 3504 1764 3561 deﬁcit
1786 3505 1988 3570 fumus,
2016 3514 2068 3560 et
2103 3507 2206 3561 sic-

632 3604 694 3649 ut
725 3593 842 3650 ﬂuit
874 3611 998 3650 cera
1041 3612 1070 3650 a
1127 3595 1264 3652 facie
1297 3597 1459 3668 ignis.
1497 3597 1710 3652 Inimici
1749 3615 1881 3670 ergo
1911 3598 2117 3654 Christi
2149 3608 2204 3654 et

631 3687 726 3757 qui
761 3686 996 3746 oderunt
1020 3703 1144 3742 eum
1173 3687 1300 3742 talia
1328 3688 1477 3759 passi
1528 3696 1690 3755 sunt;
1746 3690 2088 3759 maximeque
2118 3689 2204 3742 in-

631 3780 875 3835 visibiles
907 3788 960 3833 et
987 3780 1186 3835 occulti
1224 3779 1453 3843 inimici,
1502 3780 1725 3851 maligni
1758 3795 1952 3850 nempe
2001 3781 2202 3834 daemo-

633 3886 731 3925 nes
755 3879 807 3924 et
834 3872 1060 3940 spiritus
1087 3887 1343 3941 nequam,
1373 3872 1467 3941 qui
1499 3873 1627 3926 olim
1672 3872 1970 3926 multorum
2019 3873 2202 3926 numi-

631 3977 764 4016 num
797 3963 1005 4017 erroris
1028 3972 1282 4018 auctores
1316 3971 1473 4018 erant
1508 3983 1518 4016 :
1553 3963 1646 4033 qui
1681 3973 1804 4034 post
1839 3966 2204 4020 resurrectio-

633 4068 756 4108 nem
792 4069 858 4108 ex
906 4055 1139 4107 mortuis
1170 4056 1414 4124 penitus"
1442 4056 1694 4125 dissipati
1744 4064 1894 4112 sunt.
1930 4057 2204 4126 lidemque

630 4145 734 4216 ipsi
760 4146 1128 4216 liquescentes
1157 4148 1301 4202 sicut
1330 4161 1456 4201 cera
1475 4161 1502 4199 a
1527 4146 1663 4202 facie
1694 4147 1858 4218 ignis,
1892 4149 2203 4211 clamabant

628 4241 875 4296 dicentes
915 4260 928 4295 :
989 4259 1007 4290 ι
1042 4239 1192 4304 Sine,
1222 4240 1354 4311 quid
1392 4241 1550 4295 nobis
1585 4247 1637 4296 et
1667 4242 1786 4305 tibi,
1811 4240 1912 4295 Fili
1949 4241 2080 4296 Dei?
2109 4257 2201 4296 ve-

627 4331 761 4389 nisti
787 4341 910 4387 ante
938 4340 1154 4404 tempus
1184 4341 1440 4404 torquere
1471 4348 1573 4388 nos
1591 4334 1631 4390 ⁸.
1667 4351 1684 4386 ›
1720 4331 1855 4386 Nam
1880 4333 2097 4388 deitatis
2122 4334 2204 4404 ip-

627 4426 746 4483 sius
787 4425 1092 4482 invisibiles
1122 4436 1177 4482 et
1212 4427 1414 4482 occulti
1447 4425 1607 4491 radii,
1649 4434 1920 4482 tormenta
1952 4427 2201 4482 dolores-

2312 2593 2427 2644 γοις
2452 2577 2640 2647 μίσους
2655 2575 2968 2631 ἐκύκλωσάν
2989 2595 3076 2647 με,
3095 2576 3190 2630 καὶ
3207 2576 3551 2648 ἐπολέμησαν
3571 2594 3637 2647 με
3662 2576 3869 2646 δωρεάν.

2325 2668 2468 2720 Ἀντὶ
2492 2667 2586 2720 τοῦ
2620 2670 2838 2740 ἀγαπᾷν
2857 2687 2922 2740 με
2950 2669 3283 2723 ἐνδιέϐαλλόν
3319 2687 3404 2740 με.
3437 2670 3548 2723 Καὶ
3560 2669 3741 2722 ἔθεντο
3767 2671 3869 2722 κατ’

2310 2759 2443 2829 ἐμοῦ
2459 2761 2602 2812 κακά
2630 2762 2748 2813 ἀντὶ
2762 2761 3000 2828 ἀγαθῶν,
3021 2749 3112 2815 καὶ
3131 2765 3282 2832 μῖσος
3295 2761 3413 2814 ἀντὶ
3439 2763 3537 2832 τῆς
3559 2760 3870 2832 ἀγαπήσεώς

2313 2869 2432 2922 μουο
2464 2872 2481 2902 ι
2529 2853 2715 2917 ἔπειτα
2763 2853 2854 2906 καὶ
2895 2855 2944 2905 οί
2979 2854 3094 2924 μετ’
3125 2855 3362 2916 ἐκείνους
3401 2856 3569 2908 εἰσέτι
3601 2855 3695 2908 νῦν
3729 2855 3871 2907 αὑτὸν

2312 2942 2770 3014 βλασφημοῦντες.
2818 2943 2961 3014 Πλὴν
3015 2944 3212 3006 πάντες
3253 2946 3302 2995 oi
3339 2943 3522 3014 ἐχθροὶ
3569 2943 3752 3006 αὑτοῦ,
3792 2944 3875 2995 καὶ

2313 3039 2362 3090 οἱ
2397 3037 2679 3108 μισοῦντες
2709 3036 2869 3090 αὑτὸν
2898 3035 3385 3108 διεσκορπίσθησαν
3425 3035 3518 3088 καὶ
3553 3035 3870 3104 πεφεύγασιν

2308 3130 2417 3184 ἀπὸ
2447 3128 2738 3201 προσώπου
2785 3128 2885 3198 τῆς
2927 3128 3207 3198 δυνάμεως
3256 3125 3439 3180 αὑτοῦ.
3506 3127 3778 3192 Ἐξέλιπόν
3818 3142 3870 3176 τε

2308 3223 2383 3286 ώς
2421 3222 2656 3276 ἐκλείπει
2689 3221 2891 3285 καπνὸς
2921 3221 3011 3274 καὶ
3033 3221 3108 3283 ὡς
3145 3221 3367 3291 τήκεται
3397 3219 3565 3290 κηρὸς
3584 3218 3697 3272 ἀπὸ
3717 3235 3867 3289 προσ·

2307 3316 2456 3371 ώπου
2507 3316 2696 3388 πυρός.
2757 3314 2964 3368 Αὐτίκα
3008 3313 3136 3384 γοῦν
3197 3311 3622 3375 οὐδεὶςπώποτε
3651 3311 3756 3365 τῶν
3789 3328 3871 3382 με-

2309 3413 2614 3484 μισηκότων
2641 3412 2800 3464 αὑτὸν
2828 3409 3170 3482 ἀτιμώρητος
3201 3407 3442 3480 διεξῆλθε
3474 3409 3566 3462 τὸν
3593 3409 3726 3479 βίον·
3749 3408 3872 3462 ἀλλά

2306 3503 2399 3555 καὶ
2431 3504 2495 3554 οἱ.
2517 3503 2681 3556 πάλαι
2737 3503 2836 3574 τὴν
2873 3503 3162 3573 ἐπιϐουλὴν
3212 3500 3361 3570 αὐτῷ
3392 3500 3754 3570 τυρεύσαντες
3781 3499 3868 3571 ἀρ-

2305 3597 2506 3666 χιερεῖς
2532 3597 2625 3648 καὶ
2658 3599 3022 3668 γραμματεῖς,
3057 3597 3339 3667 Φαρισαῖοι
3395 3593 3490 3646 καὶ
3539 3574 3870 3646 Σαδδουκαῖοι

2304 3687 2474 3754 οὕτως
2499 3689 2761 3755 ἐξέλιπον,
2811 3688 2886 3751 ὼς
2924 3688 3057 3760 μηδὲ
3096 3689 3313 3757 μνήμην
3347 3684 3525 3738 αὐτῶν
3581 3685 3746 3738 εἰσέτι
3787 3683 3871 3736 νῦν

2308 3780 2427 3849 μηδ’
2446 3780 2615 3851 ὄνομα
2639 3779 2788 3851 παρὰ
2819 3779 3092 3840 Ἰουδαίοις
3121 3776 3405 3840 σώζεσθαι.
3441 3777 3573 3829 Τότε
3606 3780 3715 3831 πᾶν
3735 3777 3870 3840 ἔθνος

2305 3872 2481 3926 αὐτῶν
2550 3871 2940 3942 διασκεδασμὸν
2999 3871 3090 3924 καὶ
3143 3869 3570 3941 διασκορπισμὸν
3626 3869 3868 3938 ὑπέμεινε

2304 3967 2382 4027 είς
2410 3964 2585 4018 πάντα
2607 3963 2674 4016 τὰ
2694 3963 2841 4036 ἔθνη·
2871 3963 2962 4017 καὶ
2995 3966 3051 4016 ἐν
3084 3966 3196 4026 τοῖς
3216 3962 3352 4033 μετὰ
3381 3961 3562 4024 ταῦτα,
3580 3961 3635 4014 δέ
3670 3963 3869 4032 χρόνοις

2306 4057 2505 4120 πάντες
2534 4059 2646 4110 ὅσοι
2679 4058 2774 4129 τὴν
2824 4057 3147 4128 Ἐκκλησίαν
3198 4055 3362 4111 αὑτοῦ
3412 4056 3868 4126 πεπολεμήκασιν,

2303 4150 2502 4221 ὁμοίως
2525 4150 2766 4216 ἐξέλιπον
2800 4151 2892 4204 καὶ
2927 4151 3080 4204 αὐτοὶ
3127 4150 3201 4213 ὼς
3241 4148 3480 4201 ἐκλείπει
3535 4148 3740 4211 καπνὸς
3787 4145 3868 4200 καὶ

2304 4243 2378 4306 ὡς
2403 4245 2623 4312 τήκεται
2689 4243 2855 4315 κηρὸς
2888 4243 2994 4296 ἀπὸ
3025 4240 3313 4316 προσώπου
3347 4241 3535 4313 πυρός.
3564 4242 3629 4293 Οί
3663 4241 3761 4311 μὲν
3787 4235 3868 4291 οὖν

2304 4334 2486 4407 ἐχθροὶ
2513 4335 2604 4389 τοῦ
2627 4334 2863 4408 Χριστοῦ
2913 4335 3008 4388 καὶ
3062 4337 3110 4388 οί
3166 4334 3444 4406 μισοῦντες
3465 4333 3627 4404 αὐτὸν
3655 4329 3867 4386 τοιαῦτα

2304 4425 2624 4492 πεπόνθασι,
2655 4427 2749 4480 καὶ
2775 4425 2854 4477 ἔτι
2893 4425 3090 4495 μᾶλλον
3113 4426 3161 4477 oi
3183 4423 3404 4495 ἀόρατοι
3426 4424 3521 4476 καὶ
3547 4425 3772 4491 ἀφανεῖς
3796 4424 3868 4490 ἐχ-

625 4535 732 4592 que
786 4519 917 4574 talia
983 4519 1296 4574 dicentibus
1359 4519 1702 4574 invexerunt.
1765 4518 1967 4574 ltexter
2037 4533 2201 4590 porro

2312 4519 2441 4591 Bpo‘t,
2468 4521 2690 4592 πονηροὶ
2713 4520 2962 4592 δαίμονες
2986 4519 3077 4572 καὶ
3106 4517 3353 4589 μοχθηρά
3385 4516 3699 4587 πνεύματα,
3717 4515 3782 4568 δι’
3801 4508 3866 4568 ὧν

628 4612 930 4666 amicorum
961 4609 1055 4665 Dei
1077 4611 1215 4665 ordo
1244 4611 1444 4682 quibus
1475 4613 1530 4667 in
1556 4610 1865 4668 Servatoris
1899 4613 2072 4667 nostri
2109 4625 2195 4665 re-

628 4704 973 4759 surrectione
1006 4702 1282 4758 frueretur
1321 4705 1498 4768 bonis,
1549 4705 1810 4776 deinceps
1858 4704 2014 4759 docet
2069 4718 2199 4774 pro-

627 4794 813 4866 phetia
834 4810 955 4862 qua:
985 4793 1062 4846 ait
1099 4813 1109 4846 :
1150 4811 1169 4844 ι
1203 4791 1421 4863 Etjusti
1457 4796 1706 4849 laatentur
1739 4803 1791 4849 ct
1831 4795 2104 4850 exsultent
2142 4794 2198 4847 in

627 4895 924 4958 conspectu
974 4887 1088 4952 Dei,
1120 4887 1456 4943 delectentur
1485 4889 1540 4942 in
1571 4888 1776 4942 laetitia.
1824 4909 1842 4940 ›
1877 4887 2019 4954 Quid
2063 4884 2194 4940 illud

626 4983 720 5045 sit,
747 4995 858 5041 non
891 4980 1217 5051 simpliciter
1249 4981 1422 5036 laetari
1450 4988 1503 5036 et
1531 4981 1832 5044 exsultare,
1861 4981 1957 5036 sed
1983 4981 2036 5034 in
2065 4994 2197 5033 con-

627 5083 818 5144 spectu
873 5072 968 5129 Dei
1024 5082 1078 5128 et
1125 5076 1267 5146 apud
1317 5074 1487 5131 Deum
1526 5076 1609 5130 his
1631 5073 1860 5144 perfrui,
1904 5074 2198 5143 divinaque

589 5153 903 5237 'voluptate
941 5167 1211 5238 gaudere,
1257 5185 1366 5225 non
1394 5173 1594 5242 [potest
1646 5183 1746 5238 pro
1792 5167 1987 5221 merito
2035 5180 2197 5222 enar-

625 5277 759 5317 δ’δτι.

2305 4613 2372 4665 τὰ
2406 4613 2505 4684 τῆς
2533 4613 2792 4676 πολυ,θέου
2828 4613 3033 4682 πλάνης
3060 4612 3342 4682 ἐνηργεῖτο
3362 4609 3548 4663 πάλαι·
3589 4602 3664 4662 ὧν
3690 4623 3868 4661 παντε-

2305 4704 2400 4776 λὴς
2426 4705 2852 4776 διασκορπισμὸς
2883 4704 3022 4776 μετά
3069 4704 3169 4774 τὴν
3216 4704 3280 4758 ἐκ
3326 4703 3536 4778 νεκρῶν
3585 4704 3866 4760 ἀνάστασιν

2305 4799 2564 4866 γέγονεν’
2635 4800 2683 4851 οἱ
2730 4798 2782 4858 ,δ’
2837 4797 3018 4860 αὐτοὶ,
3076 4796 3363 4868 τηκόμενοι
3429 4797 3506 4860 ὡς
3555 4796 3724 4868 κηρὸς
3770 4794 3865 4848 ἀπὸ

2307 4890 2598 4962 προσώπου
2664 4890 2853 4960 πυρὸς,
2897 4889 3066 4942 ἐϐόων
3121 4888 3384 4958 λέγοντες·
3419 4907 3438 4940 ι
3476 4889 3599 4943 Ἔα·
3636 4889 3691 4941 τί
3744 4889 3863 4958 ἡμῖν

2307 4985 2399 5036 καί
2433 4984 2538 5047 σοὶ,
2603 4983 2698 5037 Υίέ
2745 4982 2908 5048 Θεοῦ;
2965 4977 3168 5046 Ἦλθες
3241 4981 3347 5054 πρὸ
3401 4982 3594 5054 καιροῦ
3658 4979 3888 5053 βασανίν

2308 5093 2395 5128 σαι
2425 5077 2624 5147 ἡμᾶς.»
2660 5077 2726 5129 Αἱ
2759 5076 2867 5146 γάρ
2893 5075 2990 5146 τῆς
3037 5073 3284 5145 θεότητος
3329 5073 3494 5129 αὐτοῦ
3525 5075 3748 5146 ἀόρατοι
3783 5069 3862 5122 καὶ

2304 5167 2526 5234 ἀφανεῖς
2558 5169 2792 5232 ἀκτῖνες,
2827 5167 3086 5237 βασάνους
3110 5169 3203 5221 καὶ
3225 5167 3526 5238 ἀλγηδόνας
3569 5169 3682 5229 τοῖς
3703 5164 3860 5219 ταῦτα

2306 5259 2519 5328 λέγουσι
2548 5264 2823 5332 παρεῖχον.
2885 5259 2957 5312 Τό
2989 5259 3044 5313 δέ
3077 5277 3140 5329 γε
3188 5260 3359 5325 δεξιὸν
3403 5259 3511 5313 τῶν
3561 5258 3731 5328 φίλων
3777 5251 3858 5306 τοῦ

623 5359 756 5412 Θεοῦ
779 5357 963 5430 τάγμα
985 5344 1186 5413 ὁποίων
1209 5358 1479 5410 ἀπέλαυεν
1540 5355 1759 5424 ἀγαθῶν
1788 5357 1846 5409 ἐν
1907 5359 1969 5428 τῇ
2003 5355 2095 5408 τοῦ
2144 5353 2396 5426 Σωτῆρος
2458 5357 2612 5428 ἡμῶν
2663 5357 2973 5421 ἀναστάσει,
3037 5357 3162 5429 ἐξῆς
3191 5358 3426 5412 διδάσκει
3470 5357 3503 5426 ή
3568 5348 3838 5427 προφητείί

625 5437 871 5524 λέγουσα·
916 5476 933 5506 ‹
983 5456 1091 5508 Καὶ
1127 5455 1175 5507 οἱ
1211 5454 1406 5506 δίκαιοι
1456 5451 1935 5523 εύφρανθὴτωσαν,
1984 5451 2429 5520 ἁγαλλιάσθωσαν
2491 5452 2718 5506 ἐνώπιον
2779 5454 3070 5519 τοῦ-Θεοῦ,
3120 5455 3506 5525 τερφθήτωσαν
3555 5453 3613 5504 ἐν
3672 5450 3830 5517 εὐφρο

624 5552 811 5622 σύνῃ.»
853 5551 1061 5605 Ὀποῖον
1090 5550 1146 5602 δέ
1186 5550 1300 5600 ἐστι
1333 5549 1395 5601 τὸ
1448 5548 1521 5619 μὴ
1582 5547 1766 5610 ἀπλῶς
1816 5545 2201 5618 εὐφραίνεσθαι
2239 5547 2333 5599 καὶ
2397 5547 2676 5618 ἀγαλλιᾷν,
2702 5549 2824 5622 ἀλλ’
2859 5548 3088 5603 ἐνώπιον
3142 5550 3234 5603 τοῦ
3272 5529 3406 5604 Θεοῦ
3443 5549 3536 5602 καὶ

625 5647 742 5718 Θεῷ
768 5648 966 5702 τούτων
988 5647 1296 5709 ἀπολαύειν,
1336 5646 1494 5717 ἡδονῇ
1519 5662 1576 5698 τε
1604 5644 1723 5715 θεία
1756 5645 2044 5716 ἐντρυφᾷν,
2087 5644 2185 5696 οὐκ
2223 5642 2364 5698 ἐστιν
2388 5644 2623 5713 ἐπαξίως
2647 5645 2785 5718 λόγῳ
2816 5644 3195 5718 διηγήσασθαι.

710 5826 882 5882 ‘Psal.
905 5840 963 5893 ιι,
997 5828 1048 5890 l,
1079 5830 1131 5887 2.
1208 5832 1226 5861 ⁷
1255 5828 1398 5886 Psal.
1428 5845 1577 5896 cvm,
1598 5830 1713 5886 3-5.
1791 5833 1811 5864 ⁸
1838 5830 2023 5886 Matth.
2051 5845 2170 5896 vin,
2199 5827 2290 5887 29.
