3966 6340
79 431 173 492 685

89 642 324 713 ιωιήσατε
355 640 436 713 τῷ
456 641 918 714 ὲπιὸεϐηκότιὲπὶ
954 642 1222 714 δυσμῶν.ι
1255 646 1358 700 Τὸν
1386 629 1485 717 μὲν
1511 648 1637 719 περὶ

87 734 176 789 τῶν
202 734 409 806 ἐχθρῶν
441 736 535 799 καὶ
591 737 890 807 μισούντων
921 737 1011 790 τὸν
1041 737 1174 790 Θεὸν
1211 738 1367 807 λόγον
1392 739 1480 792 διὰ
1509 739 1638 811 βρα-

84 828 204 896 χέων
236 827 531 897 ὲπετέμετο
547 830 579 900 ὴ
597 828 915 901 προφητείαο
943 829 1032 882 τὸν
1055 829 1111 882 δὲ
1139 831 1266 901 περὶ
1285 830 1393 883 τῶν
1415 831 1636 885 δικαίων

85 917 306 985 ἔξαπλοῖ,
335 920 744 992 ὲνδιατρίόουσα
767 923 833 991 τῇ
864 921 993 993 περ)⁵
1042 922 1222 976 αὐτῶν
1257 924 1464 996 μνήμῃ.
1524 924 1636 978 Καὶ

85 1011 136 1082 δὴ
168 1013 224 1065 τὺ
271 1010 496 1082 Πνεῦμα
525 1011 585 1065 τὺ
608 1011 759 1080 ἆγιον
789 1012 1220 1085 παρακελεύεται
1266 1016 1377 1077 τοῖς
1409 1013 1636 1076 δικαίοις

84 1103 213 1174 ᾅδειν
240 1105 334 1159 καὶ
361 1105 583 1176 ψάλλειν
613 1104 690 1176 τῷ
719 1104 861 1176 Θεῷ,
915 1107 993 1170 ὼς
1035 1105 1222 1160 avsis
1251 1106 1454 1160 τούτων
1513 1105 1636 1178 μέλ-

85 1197 248 1250 λουσιν
266 1198 557 1252 ἀπολαύειν
580 1198 681 1269 τῆς
712 1197 863 1262 θείας
892 1198 1229 1269 εὐφροσύνης
1257 1200 1349 1253 καὶ
1374 1199 1472 1270 τῆς
1502 1188 1637 1271 προ-

85 1288 349 1363 λεχθιίσης
377 1290 661 1363 τερπωλῆς
685 1292 779 1344 καὶ
831 1290 1223 1360 ἀγαλλιάσεως.
1253 1292 1362 1346 Καὶ
1406 1291 1636 1364 ἐπείπερ

84 1382 180 1436 τῶν
199 1373 294 1436 δύο
325 1382 550 1449 τούτων,
607 1383 748 1452 λέγω
795 1383 853 1438 δὲ
884 1382 977 1438 τοῦ
1011 1383 1157 1456 ᾄδειν
1185 1384 1280 1438 καὶ
1307 1384 1550 1454 ψάλλειν,
1575 1385 1636 1438 τὸ

89 1471 175 1542 μὲν
204 1475 448 1544 κρεῖττον
476 1467 544 1543 ἦν
571 1470 632 1525 τὸ
686 1463 852 1543 ᾅδειν,
898 1471 959 1524 τὺ
995 1472 1052 1526 δὲ
1089 1471 1426 1546 ύποόεδηκὺς
1457 1475 1518 1527 τὸ
1567 1474 1633 1527 δι’

87 1563 300 1634 ὀργάνου
331 1562 748 1636 άνακρούεσθαις
797 1563 1020 1627 εἰκότως
1046 1564 1108 1618 τὸ
1139 1564 1240 1635 μὲν
1273 1569 1517 1638 κρεῖττον
1545 1566 1634 1620 άν-

87 1656 234 1727 έθηκε
254 1654 333 1726 τῷ
355 1654 493 1728 Θεῷ,
524 1655 586 1708 τὸ
602 1657 659 1710 δὲ
680 1656 776 1712 διὰ
799 1656 893 1711 τοῦ
912 1657 1144 1729 ὀργάνου
1161 1657 1402 1730 ἐνεργεῖν
1427 1657 1504 1730 τῷ
1519 1659 1634 1713 ὀνό-

91 1767 202 1818 ματι
234 1749 417 1805 αὑτοῦ.
465 1771 487 1804 ι
515 1752 716 1824 ’ᾼσατε
743 1769 759 1803 ι
821 1750 952 1825 γάρ,
987 1753 1140 1823 φησὶ,
1206 1770 1225 1804 ι
1261 1752 1341 1824 τῷ
1367 1745 1511 1824 Θεῷ,
1539 1753 1634 1808 καὶ

88 1842 269 1910 ψάλατε
300 1841 379 1914 τῷ
418 1842 643 1915 ὀνόματι
691 1842 912 1898 αὑτοῦ.»
949 1844 1098 1918 ’ᾼδει
1146 1845 1204 1898 δὲ
1244 1844 1322 1916 τῷ
1361 1844 1492 1916 ,Θεῷ
1515 1845 1632 1901 όδι’

87 1935 236 2004 ύγιῶν
264 1935 557 2008 δογμάτων
574 1936 672 2008 τὴν
704 1935 879 2009 ψυχὴν
920 1939 1348 2012 πεπαιδευμένος
1404 1939 1499 1994 καὶ
1539 1940 1639 2005 τὰς

89 2029 381 2102 πρεπούσας
403 2029 552 2101 αὐτῷ
577 2029 854 2100 θεολογίας
871 2033 937 2086 ὲκ
966 2032 1202 2096 διανοίας
1224 2031 1640 2104 κεκαθαρμένης

86 2121 421 2190 ἀναπέμπων
460 2118 652 2190 ψάλλει
682 2120 740 2176 δὲ
770 2120 849 2192 τῷ
885 2121 1106 2193 ὀνόματι
1141 2122 1329 2188 αὐτοῦ,
1361 2123 1391 2175 6
1419 2121 1507 2176 διὰ
1531 2122 1639 2176 τῶν

83 2211 165 2266 τοῦ
207 2213 451 2285 σώματος
484 2216 752 2287 κινήσεων
777 2215 872 2269 καὶ
898 2213 986 2268 διὰ
1021 2214 1123 2285 τῆς
1141 2213 1250 2268 τῶν
1267 2214 1640 2287 αἰσθητηρίων

90 2303 346 2375 ἐνεργείας
362 2303 588 2358 τοιαῦτα
915 2305 991 2369 ὡς
1017 2304 1330 2374 δοξάζεσθαι
1374 2305 1444 2358 δι’
1473 2304 1638 2384 αὑτοῦ

89 2394 219 2464 παρὰ
234 2398 347 2460 τοῖς
364 2397 532 2470 ὁρῶσι
556 2397 617 2450 τὸ
635 2397 804 2470 ὄνομα
828 2397 920 2453 τοῦ
946 2397 1101 2453 Θεοῦ.
1162 2397 1348 2454 Ταῦτα
1400 2399 1499 2470 μὲν
1546 2394 1638 2453 οῦν

90 2486 257 2556 πρῶτα
286 2489 720 2560 παρακελεύεται
764 2489 844 2561 τῷ
887 2489 994 2545 τῶν
1040 2490 1265 2545 δικαίων
1293 2491 1439 2564 χορῷ
1468 2492 1640 2563 πράτ-

87 2592 181 2632 τειν
198 2580 226 2632 ό
251 2579 428 2649 λόγος·
468 2580 598 2652 ἑξῆς
627 2582 683 2636 δὲ
701 2582 931 2660 πρᾶγμά
959 2599 1011 2636 τι
1035 2586 1208 2637 ποιεῖν
1226 2576 1639 2655 ἑτέροιςχρήσι-

91 2688 173 2739 μον
197 2673 541 2745 προστάττει.
569 2676 686 2729 Ἵνα
739 2677 860 2747 γὰρΔ
901 2661 1062 2747 ἐπιϐῇ
1091 2677 1119 2729 6
1146 2676 1278 2739 Θεὸς
1298 2676 1376 2745 τῷ
1401 2675 1507 2729 τῶν
1541 2676 1637 2728 άν-

88 2759 293 2830 θρώπων
331 2760 450 2832 βίῳ,
485 2763 580 2816 καὶ
598 2763 747 2827 ὅπως
778 2765 1203 2836 ἐμπεριπατήσῃ
1244 2766 1357 2826 τοῖς
1392 2765 1485 2817 ἐπὶ
1511 2765 1633 2836 γῆς,

88 2853 169 2925 τὴν
189 2854 299 2909 ὁδὸν
331 2855 479 2928 αύτῷ
509 2855 660 2910 λείαν
703 2857 797 2911 καὶ
839 2856 1044 2929 ὁμαλὴν
1089 2855 1497 2931 ἀπεργάζεσθαι
1522 2857 1637 2910 δια-

89 2947 342 3002 κελεύεται
362 2949 606 3019 φάσκων·
642 2969 660 3002 ι
683 2942 1120 3022 Ὀδοποιήσατειι
1155 2949 1188 3022 ἦ
1217 2949 1358 3005 κατὰ
1382 2950 1476 3004 τὸν
1491 2949 1637 3022 Σύμ-

91 3059 256 3113 μαχον,
326 3061 343 3093 ι
374 3043 831 3117 Καταστρὼσατεο
859 3063 878 3095 ι
930 3044 1072 3098 κατὰ
1121 3043 1179 3098 δὲ
1231 3044 1323 3098 τὸν
1386 3043 1634 3106 Ἀκύλαν,

95 3153 111 3184 ι
142 3136 669 3203 Ἀποσκολοπίσατε,›
703 3137 947 3192 τουτέστι
1000 3139 1108 3192 πᾶν
1137 3138 1346 3192 σκολιὸν
1387 3137 1635 3208 ἀφέλετε,

278 492 281 493 ν
1067 489 1070 492 .
1171 433 1673 491 COMMENTARIA
1712 435 1780 490 IN
1819 437 2153 498 PSALMOS.

147 567 166 600 ι
195 545 389 620 ’ᾼσιτε
425 547 506 620 τῷ
558 548 697 622 Θεῷ,
723 547 925 619 ψάλατε
945 549 1025 621 ,τῷ
1057 553 1276 621 ὀνόματι
1312 553 1496 632 αὐτοῦ’
1525 554 1637 608 ὁδο-

1811 551 1976 611 Vsns.
2004 556 2057 621 5,
2097 555 2153 612 6.
2197 575 2217 608 ι
2259 556 2484 615 Cantate
2529 559 2659 628 Deo,
2694 561 2964 632 psalmum
2998 564 3166 621 dicite
3203 582 3299 620 no-

3189 455 3291 511 686

1745 645 1880 700 mini
1922 648 2063 716 ejus,
2093 647 2197 701 iter
2223 646 2384 704 facite
2410 651 2483 715 ei,
2514 653 2607 722 qui
2650 654 2901 710 ascendit
2948 671 3112 726 super
3141 671 3301 712 occa—

1743 752 1884 792 sum.
1927 758 1945 790 ι
1979 737 2296 796 Sermonem
2319 740 2389 796 de
2412 741 2647 799 inimicis
2668 752 2723 799 et
2747 747 3003 801 osoribus
3034 747 3128 803 Dei
3169 747 3303 803 Ver-

1743 829 1796 884 bi
1847 831 2173 900 compendio
2200 832 2434 886 absolvit
2455 833 2772 903 prophetia;
2805 835 2878 890 de
2903 836 3070 906 justis
3117 845 3300 892 autem

1742 922 1918 977 fusius
1941 924 2071 993 agit,
2101 938 2400 994 eorumque
2424 929 2934 983 commemorationi
2963 930 3190 984 insistit.
3234 930 3302 985 Et

1742 1027 1872 1069 sane
1896 1011 2135 1083 Spiritus
2156 1024 2384 1072 sanctus
2403 1017 2560 1087 jubet
2586 1019 2769 1088 justos
2794 1029 3013 1076 cantare
3047 1031 3101 1076 et
3148 1024 3299 1091 psal-

1741 1102 1852 1158 lere
1886 1101 2026 1170 Deo;
2047 1113 2237 1176 utpote
2262 1107 2356 1177 qui
2375 1107 2461 1162 bis
2481 1119 2762 1174 vacantes,
2791 1111 3029 1164 divinam
3054 1111 3299 1166 laetitiam

1741 1203 2206 1268 memoratamque
2226 1199 2643 1256 delectationem
2674 1210 2728 1257 et
2762 1205 3177 1260 exsultationem
3200 1220 3300 1260 na-

1741 1287 1884 1342 cturi
1912 1288 2042 1343 sint.
2078 1288 2217 1356 Quia
2248 1307 2376 1348 vero
2411 1308 2480 1348 ex
2523 1293 2610 1349 his
2657 1294 2894 1357 duobus,
2943 1297 3201 1353 nimirum
3230 1313 3299 1355 ex

1741 1388 1906 1434 cantu
1938 1389 1994 1436 et
2038 1398 2106 1438 e-x
2158 1370 2481 1454 psalmodia,
2536 1388 2902 1456 priestabilior
2932 1401 3123 1446 cantus
3157 1399 3296 1454 erat.

1740 1478 1904 1542 atque
1931 1471 2162 1528 inferior
2193 1472 2298 1545 ipsi
2319 1483 2439 1531 erat
2467 1476 2822 1532 instrumenti
2870 1479 3137 1549 pulsatio;
3175 1483 3300 1552 jure

1739 1565 1882 1634 quod
1916 1570 2271 1636 praestantius
2329 1579 2446 1626 erat
2501 1571 2614 1629 Deo
2667 1572 2896 1639 addixit,
2951 1574 3299 1638 instrumenti

1725 1670 1869 1726 _vero
1898 1658 2166 1715 actionem
2201 1661 2409 1737 nomini
2439 1663 2580 1734 ejus.
2612 1664 2755 1721 Nam
2790 1666 2987 1738 inquit,
3022 1685 3042 1719 ι
3084 1675 3302 1725 cantate

1703 1819 1706 1822 ἢ
1738 1745 1871 1812 Deo,
1899 1756 1955 1804 et
1982 1751 2250 1819 psalmum
2278 1750 2444 1808 dicite
2484 1755 2692 1810 nomini
2723 1757 2866 1827 ejus.
2921 1777 2941 1811 ι
2985 1758 3094 1814 Deo
3118 1766 3300 1816 autem

1668 1917 1712 1973 Β

1738 1849 1940 1906 cantat,
1972 1842 2132 1909 cujus
2161 1844 2343 1898 anima
2372 1860 2506 1900 sana
2535 1845 2786 1902 doctrina
2813 1849 3067 1910 instituta
3106 1860 3212 1916 est,
3244 1860 3300 1906 et

1740 1933 2094 2002 congruentia
2129 1934 2428 2009 divinaque
2478 1938 2644 1994 verba
2689 1954 2756 1996 ex
2795 1955 2930 2010 pura
2960 1944 3299 1998 conscientia

1690 2066 1695 2072 .
1740 2025 1846 2094 ipsi
1868 2027 2226 2096 transmittit;
2262 2028 2447 2098 psallit
2474 2043 2604 2085 vero
2628 2032 2838 2086 nomini
2859 2033 2999 2103 ejus,
3048 2033 3142 2105 qui
3169 2047 3298 2090 cor-

91 3229 168 3281 καὶ
193 3232 293 3285 πᾶν
320 3233 495 3315 τραχύ
528 3229 970 3306 καταστρώσατε,
999 3231 1073 3296 ὡς
1090 3230 1156 3284 ἂν
1182 3230 1390 3300 γένοιτο
1411 3231 1528 3284 λεία
1542 3230 1636 3284 καὶ
1659 3261 1705 3320 C

89 3321 240 3396 ὁμαλὴ
267 3323 359 3378 τοῦ
391 3323 528 3378 Θεοῦ
557 3326 591 3396 ἡ
642 3325 722 3389 είς
762 3324 1082 3395 ἀνθρώπους
1138 3325 1354 3397 πορεία.
1385 3324 1554 3378 Τοῦτο
1579 3325 1638 3378 δὲ

90 3415 169 3467 καὶ
199 3415 420 3481 Ἡσαΐας
467 3417 656 3488 ἐδήλου
697 3416 889 3484 λέγων’
944 3435 964 3468 ι
999 3410 1353 3487 Ἑτοιμάσατε
1403 3415 1501 3488 τὴν
1525 3416 1640 3469 ὁδὸν

92 3507 288 3578 Κυρίου,
324 3509 541 3574 εὐθείας
592 3513 792 3564 ποιεῖτε
845 3509 942 3573 τὰς
975 3509 1194 3580 τρίσους
1242 3508 1429 3564 αὑτοῦ.
1484 3510 1640 3564 Πᾶσα

92 3600 280 3672 φάραγξ
330 3601 771 3674 πληρωθήσεται,
816 3603 910 3656 καὶ
971 3604 1078 3656 πᾶν
1121 3601 1245 3674 ὅρος
1306 3602 1400 3656 καὶ
1453 3601 1640 3672 βουνὸς

91 3696 550 3768 ταπεινωθήσεται.
609 3696 719 3750 Καὶ
759 3695 908 3767 ἔσται
941 3695 1011 3749 τὰ
1055 3693 1244 3749 σκολιὰ
1285 3695 1365 3758 είς
1401 3694 1635 3760 εὐθεῖαν,

92 3790 226 3861 καὶὴ
271 3793 500 3864 τραχεῖα
562 3792 642 3856 είς
696 3789 846 3854 ὁδοὺς
901 3789 1068 3853 λείας,
1113 3789 1205 3842 καὶ
1251 3787 1440 3858 ὄψεται
1490 3789 1638 3841 πᾶσα

97 3881 208 3953 σὰρξ
231 3884 289 3938 τὸ
323 3886 589 3960 σωτήριον
617 3884 709 3939 τοῦ
739 3883 925 3937 Θεοῦ.»
969 3882 1231 3936 Ἐνταῦθα
1251 3881 1309 3935 δὲ
1351 3881 1410 3935 οὐ
1442 3880 1636 3954 πρότε-

97 3988 171 4040 ρον
195 3972 447 4042 ὢοποιεῖν
500 3974 708 4028 κελεύει
772 3975 806 4047 ἦ
862 3970 1077 4047 πρῶτον
1125 3975 1324 4037 αὐτοὺς
1367 3971 1638 4045 μαθόντας

94 4066 217 4128 ὅπως
243 4067 346 4139 χρὴ
373 4067 519 4140 ᾅδειν
555 4066 632 4138 τῷ
677 4067 796 4139 Θεῷ
828 4068 920 4121 καὶ
975 4068 1124 4130 ὅπως
1158 4066 1378 4138 ψάλλειν
1419 4065 1496 4137 τῷ
1519 4066 1636 4119 ὀνόο

99 4160 398 4226 μτιαῦτοῦ.
426 4161 610 4215 Ταῦτα
637 4159 746 4233 γὰρ
775 4160 1149 4233 προμαθόντας
1190 4162 1283 4214 καὶ
1316 4160 1496 4233 ἔργοις
1521 4162 1638 4213 ἐπι-

97 4249 404 4316 τελέσαντας,
454 4253 581 4322 ἑξῆς
624 4252 869 4322 βούλεται
915 4253 1195 4316 ὁδοποιεῖν,
1250 4253 1494 4307 τουτέστι
1539 4252 1638 4317 τάς

95 4342 224 4412 παρὰ
250 4345 353 4398 τῶν
384 4345 482 4398 ἀνθ
493 4344 685 4416 ρώπων
703 4344 877 4416 ψυχὰς
909 4345 1366 4417 παρασκευάζειν,
1392 4347 1638 4420 καθαράς

96 4451 142 4488 τε
169 4435 252 4490 καὶ
281 4437 532 4508 ἑτοίμους
562 4436 731 4500 αὐτάς
776 4435 1286 4508 άπεργάζεσθαιέίς
1325 4438 1425 4510 τὴν
1453 4440 1639 4510 ἐπιδη-

100 4527 204 4598 μίαν
230 4529 317 4583 τοῦ
341 4528 776 4602 προδηλωθέντος
802 4526 956 4582 Θεοῦ.
983 4527 1073 4580 Διό
1095 4544 1276 4599 φησιν·
1307 4546 1326 4595 ι
1363 4529 1638 4601 Ὀδοποιή-

1739 2116 1921 2185 poreis
1951 2117 2191 2175 motibus
2229 2127 2284 2174 et
2332 2118 2578 2176 sensibili
2640 2124 2854 2179 actione
2893 2126 3022 2180 talia
3051 2127 3296 2195 exhibet,

1738 2224 1859 2280 quae
1889 2218 2227 2279 spectatores
2247 2210 2315 2266 ad
2340 2229 2538 2269 nomen
2567 2213 2663 2271 Dei
2704 2217 2879 2288 gloria
2911 2218 3299 2275 celebrandum

1739 2301 2020 2358 inducant.
2045 2301 2173 2358 Haec
2199 2303 2366 2374 igitur
2387 2307 2565 2374 primo
2585 2307 2814 2376 jubetur
2851 2309 3126 2379 iustorum
3165 2311 3299 2366 cbo-

1739 2408 1835 2450 rus
1859 2410 2156 2466 peragere;
2186 2397 2387 2453 deinde
2406 2413 2536 2454 vero
2556 2399 2729 2454 eidem
2750 2403 3061 2472 praecipitur
3085 2410 3144 2457 ut
3163 2417 3302 2473 opus

1738 2485 1860 2540 aliis
1884 2486 2315 2556 utile'perﬂciat.
2352 2487 2487 2544 Nam
2519 2496 2578 2544 ut
2620 2490 2765 2548 Deus
2797 2493 2865 2548 ad
2889 2491 3171 2548 hominum
3211 2510 3304 2567 ge-

1736 2591 1843 2632 nus
1867 2579 2113 2640 accedat.
2142 2587 2196 2635 et
2217 2595 2341 2636 cum
2378 2583 2668 2654 terrigenis
2701 2581 3061 2654 perambulet,
3105 2589 3301 2656 praeci-

1737 2670 1815 2740 pit
1847 2678 1906 2725 ut
1932 2671 2078 2734 viam
2114 2670 2329 2728 facilem
2355 2681 2516 2744 atque
2546 2671 2764 2746 planam
2797 2677 2902 2750 ipsi
2929 2677 3196 2742 muniant,
3219 2679 3304 2735 di-

1735 2777 1866 2818 cens
1899 2779 1915 2818 :
1953 2779 1972 2812 ι
2014 2762 2123 2819 lter
2145 2762 2338 2827 facite;
2371 2783 2392 2817 ι
2427 2766 2542 2821 sive
2570 2767 2872 2821 secundum
2893 2767 3298 2840 Symmachum,

1740 2871 1760 2904 ι
1791 2852 2063 2923 Sternite;
2093 2875 2110 2907 ι
2148 2855 2447 2911 secundum
2475 2856 2728 2928 Aqui-lam
2755 2871 2903 2922 vero,
2933 2875 2952 2908 ι
2985 2859 3032 2912 Α
3062 2861 3300 2916 surculis

1734 2949 2017 3014 mundate,
2048 2969 2069 3001 ι
2105 2949 2158 3004 id
2181 2955 2287 3014 est,
2317 2963 2477 3005 omne
2503 2956 2810 3004 tortuosum
2834 2947 3134 3013 auferte,_et
3156 2949 3302 3019 quod

1737 3056 1990 3113 asperum
2021 3047 2127 3106 est,
2163 3041 2412 3105 sternite,
2440 3047 2502 3094 ut
2531 3040 2636 3094 iter
2669 3038 2765 3096 Dei
2795 3040 2864 3095 ad
2891 3040 3139 3097 homines
3185 3042 3303 3114 pla-

1736 3149 1867 3190 num
1896 3133 2166 3204 facileque
2215 3134 2429 3189 evadat.
2473 3132 2713 3204 ldipsum
2747 3133 2829 3190 sic
2859 3132 3027 3191 Isaias
3058 3134 3302 3190 declara-

1737 3227 1853 3280 vit'
1885 3243 1898 3281 :
1935 3245 1954 3278 ι
1994 3225 2190 3282 Parate
2218 3226 2364 3281 viam
2391 3224 2630 3292 Domini,
2663 3233 2844 3281 rectas
2869 3226 3031 3282 facite
3080 3228 3302 3284 semitas

1738 3318 1876 3390 ejus.
1915 3317 2107 3376 Omnis
2130 3319 2289 3375 vallis
2329 3319 2662 3390 implebitur,
2705 3326 2761 3373 et
2805 3318 2984 3395 omnis
3038 3335 3195 3374 mens
3251 3329 3306 3374 et

1739 3413 1895 3467 collis
1942 3413 2339 3469 humiliabitur.
2380 3410 2447 3467 Et
2481 3421 2642 3467 erunt
2671 3419 2921 3469 tortuosa
2961 3411 3017 3466 in
3044 3413 3187 3467 viam
3218 3430 3305 3470 re-

1739 3515 1908 3567 ctam,
1937 3511 1991 3561 et
2018 3521 2211 3576 aspera
2237 3505 2293 3560 in
2315 3505 2434 3561 vias
2479 3507 2692 3576 planas.
2758 3503 2824 3558 Et
2872 3506 3079 3562 videbit
3126 3507 3305 3561 omnis

1737 3612 1868 3652 caro
1893 3599 2135 3653 salutare
2162 3598 2276 3654 D'ei.
2313 3619 2332 3652 ι
2371 3597 2470 3653 Hic
2490 3614 2618 3654 vero
2645 3613 2753 3653 non
2781 3599 2932 3669 prius
2981 3602 3087 3654 iter
3126 3599 3304 3654 facere

1733 3688 1910 3757 jubet,
1968 3705 2132 3759 quam
2183 3690 2509 3746 edidicerint
2564 3690 2660 3760 qui
2716 3689 3019 3744 canendum
3053 3698 3304 3760 oporteat

1737 3778 1849 3834 Deo
1907 3786 1961 3834 et
2014 3779 2358 3849 psallendum
2405 3780 2616 3834 nomini
2671 3779 2812 3850 ejus.
2870 3778 2967 3836 His
2995 3780 3300 3841 institutos,

1737 3880 2027 3944 postquam
2060 3873 2112 3928 id
2142 3872 2319 3942 reipsa
2352 3860 2726 3942 praestiterint,
2764 3873 2868 3927 iter
2899 3870 3095 3928 deinde
3125 3873 3303 3930 facere

1737 3965 2002 4038 praecipit,
2043 3964 2098 4019 id
2131 3973 2235 4027 est,
2266 3965 2535 4020 humanas
2569 3965 2780 4020 animas
2817 3979 3159 4036 praeparare,
3201 3983 3302 4037 pu-

1737 4074 1935 4130 rasque
1964 4057 2086 4113 illas
2120 4065 2173 4112 et
2202 4055 2466 4125 adipsius
2497 4053 2590 4109 Dei
2618 4055 2909 4111 adventum
2943 4064 3161 4127 paratas
3191 4057 3302 4112 eﬂi~

1737 4167 1881 4208 cere.
1911 4149 2274 4217 Quamobrem
2306 4148 2384 4202 ait
2420 4167 2433 4202 :
2473 4166 2490 4198 ι
2532 4147 2638 4204 lter
2662 4148 2824 4205 facite
2853 4149 2904 4204 ei
2925 4149 3018 4220 qui
3055 4148 3300 4205 ascendit

1740 4259 1906 4315 super
1929 4257 2208 4306 occasum,
2244 4240 2510 4296 Dominus
2532 4256 2732 4296 nomen
2769 4241 2867 4296 illi.
2917 4259 2936 4292 ι
2987 4239 3084 4294 Hic
3137 4256 3302 4310 porro

1738 4333 2027 4389 Dominum
2061 4346 2200 4397 nova
2224 4347 2381 4407 voce
2428 4330 2728 4387 secundum
2762 4329 3082 4386 Hebraicam
3113 4331 3303 4384 lectio-

1735 4441 1858 4481 nem
1889 4425 2161 4496 expressit
2224 4440 2241 4482 :
2301 4424 2480 4494 ipsum
2511 4423 2730 4494 quippe,
2789 4423 2862 4488 ia,
2911 4423 3296 4491 nuncupavit:

1737 4533 1906 4588 quare
1937 4516 2321 4590 Symmachus,
2359 4533 2378 4566 ι
2418 4514 2519 4571 Per
2548 4515 2608 4567 ia
2631 4513 2952 4568 vocabulum
2980 4513 3122 4581 ejus,
3166 4533 3185 4565 ι
3216 4513 3299 4566 in-

98 4635 205 4673 σατε
252 4620 327 4693 τῷ
364 4618 712 4691 ὲπιῦεδηκότι
764 4618 858 4670 ἐπὶ
913 4616 1151 4688 δυσμῶν,
1217 4615 1418 4688 Κύριος
1464 4618 1636 4690 ὄνομα

1737 4617 2071 4681 terpretatus
2099 4616 2184 4664 est
2218 4626 2232 4662 :
2267 4607 2455 4678 quinta
2484 4617 2615 4658 vero
2647 4604 2835 4669 editio,
2873 4621 2891 4654 ι
2921 4601 2980 4658 ln
3014 4605 3067 4657 ia
3099 4618 3296 4659 nomen
3341 4634 3348 4642 -

98 4712 269 4784 αὺτῷ.ι
303 4714 555 4786 Κέκληκε
607 4713 663 4767 δὲ
699 4711 790 4765 τὸν
841 4710 1042 4784 Κύριον
1091 4707 1319 4763 ἐνταῦθα
1347 4711 1634 4784 καινοτέρᾳ

99 4809 221 4878 φωνῇ
277 4808 420 4862 κατὰ
485 4809 585 4882 τὴν
638 4806 928 4879 Ἐὄραῖκὴν
984 4790 1147 4869 λέξιν·
1200 4804 1260 4857 Ia
1311 4803 1420 4875 γὰρ
1475 4805 1635 4858 αὑτὸν

96 4897 367 4972 ὠνόμασεν·
397 4902 518 4957 ὅθεν
539 4903 569 4957 6
595 4900 906 4972 Σύμμαχος,
963 4917 980 4949 ι
1009 4897 1106 4952 Διὰ
1135 4895 1230 4949 τοῦ
1267 4897 1327 4949 ἴα
1371 4898 1404 4967 ἡ
1441 4897 1636 4967 ὀνομα-

101 4988 172 5042 sic:
195 4994 403 5059 αὑτοῦ,›
436 4994 796 5067 ἡρμήνευσενο
829 4991 940 5064 ἡδὲ
971 4990 1204 5062 πέμπτη
1226 4988 1455 5051 ἐκδοσις,
1488 5007 1506 5038 ι
1547 4989 1636 5041 Ἐν

102 5082 158 5153 τῷ
179 5084 234 5137 fa
256 5088 315 5140 τὸ
366 5087 538 5159 ὄνομα
594 5086 811 5140 αὐτοῦ.»
845 5085 1091 5157 ᾘνίξατο
1131 5081 1187 5136 δὲ
1229 5081 1289 5134 τὸ
1339 5081 1509 5150 ὄνομα
1539 5080 1632 5133 τοῦ

354 5178 529 5249 Ἰησοῦ
567 5178 654 5232 διὰ
680 5179 779 5250 τῆς
812 5178 1036 5250 πρώτης
1067 5174 1353 5246 συλλαϐῆς.
1379 5174 1488 5227 Καὶ
1515 5173 1637 5226 τοῦ-

105 5281 170 5319 τον
194 5269 523 5342 τὸνοιίύριον,
558 5265 618 5324 οῦ
646 5271 706 5325 τὸ
733 5270 904 5342 δνομά
923 5285 1084 5340 φησιν
1113 5265 1250 5322 εἶναι
1280 5266 1368 5320 διὰ
1403 5263 1498 5318 τοῦ
1553 5265 1633 5327 τα,

105 5353 126 5424 ἦ
167 5359 218 5410 ὲν
255 5357 331 5436 τῷ
386 5360 466 5424 la,
516 5359 899 5434 ἐπιϐεϐηκέναι
956 5362 1048 5415 ἐπὶ
1099 5357 1316 5430 δυσμῶν
1374 5356 1632 5411 διδάσκει’

109 5452 323 5522 πεμαίνει
355 5452 411 5506 δὲ
460 5453 561 5525 τὴν
590 5456 673 5517 είς
694 5453 1012 5526 ἀνθρώπους
1063 5452 1227 5508 αὐτοῦ
1284 5449 1514 5520 πάροδον
1542 5453 1636 5506 καὶ

102 5544 180 5616 τὴν
195 5545 445 5620 ἔνσαρκον
473 5546 786 5618 ἐπιδημίαν.
817 5546 890 5599 Ού
943 5546 1053 5618 γὰρ
1084 5545 1176 5600 τὸν
1210 5547 1267 5599 ὲν
1294 5545 1471 5617 μορφῇ
1501 5543 1635 5600 Θεοῦ

103 5636 210 5692 Θεὸν
222 5641 390 5712 Λόγον
414 5640 623 5712 γυμνὸν
643 5637 912 5703 ἔπιδείξας
939 5638 1134 5708 φώτων
1151 5639 1306 5712 δίκην
1331 5636 1635 5709 ὲξήστραψε

107 5731 287 5792 sitan
313 5735 614 5810 ἀνθρώπων
649 5733 780 5805 βίον,
814 5734 1026 5805 μορφὴν
1046 5733 1102 5788 δι
1129 5734 1313 5790 δούλου
1339 5732 1515 5790 λαϐὼν
1544 5733 1638 5788 καὶ

157 5891 285 5951 ’lsa.
314 5913 401 5961 ιι,
443 5892 558 5951 5-5.
640 5894 683 5927 “
712 5891 908 5952 Enhes.
944 5908 1013 5957 vn,
1048 5892 1134 5949 12.

1738 4703 1881 4775 ejus.
1921 4721 1940 4754 ι
1981 4700 2086 4756 Per
2105 4701 2337 4772 primam
2372 4704 2551 4751 autem
2578 4695 2839 4767 syllabam
2861 4711 3064 4751 nomen
3095 4694 3296 4750 Serva-

1740 4797 1873 4853 toris
1899 4793 2028 4850 Jesu
2068 4791 2453 4849 subindicavit.
2498 4786 2565 4844 Et
2597 4790 2688 4844 hic
2717 4787 2803 4844 est
2826 4788 3090 4845 Dominus
3142 4789 3300 4858 cujus

1736 4903 1933 4945 nomen
1960 4900 2056 4957 per
2089 4887 2164 4949 ia,
2215 4885 2297 4939 vel
2340 4884 2396 4938 in
2425 4883 2482 4937 ia
2511 4882 2643 4938 dicit
2674 4897 2798 4938 esse
2848 4901 2860 4936 :
2903 4891 2958 4938 et
2989 4880 3302 4937 ascendisse

1736 4995 1857 5035 eum
1889 4977 1956 5032 ad
1990 4990 2249 5031 occasum
2281 4973 2465 5038 docet,
2495 4971 2875 5046 signiﬁcatque
2894 4973 3013 5043 ejus
3049 4974 3102 5027 in
3135 4987 3298 5025 carne

1736 5070 2028 5125 transitum
2059 5068 2128 5122 ad
2163 5068 2432 5124 homines.
2471 5068 2655 5138 Neque
2699 5070 2846 5122 enim
2907 5080 3052 5128 cum,
3105 5064 3195 5135 qui
3242 5065 3300 5118 in

1737 5163 1910 5217 forma
1944 5159 2039 5214 Dei
2062 5167 2203 5224 erat,
2236 5159 2405 5215 Deum
2438 5158 2671 5216 Verbum
2702 5156 2908 5211 nudum
2940 5156 3202 5211 exhibens
3223 5154 3300 5208 lu-

1737 5256 1817 5310 cis
1851 5254 2046 5317 instar,
2074 5252 2376 5306 humanum
2415 5263 2587 5322 genus
2637 5248 2964 5312 illustravit;
3000 5246 3092 5302 sed
3122 5244 3296 5300 forma

1739 5346 1881 5402 servi
1911 5354 2157 5414 accepta,
2194 5345 2474 5413 radiisque
2502 5341 2722 5397 deitatis
2748 5356 2862 5396 suae
2892 5338 3205 5399 contractis,
3241 5346 3298 5390 et

1736 5440 1791 5493 in
1813 5451 2044 5506 corpore
2065 5434 2223 5506 quasi
2249 5435 2554 5497 demersus,
2588 5447 2718 5488 cum
2747 5432 2813 5488 ad
2840 5443 3093 5485 occasum
3125 5442 3298 5498 usque

1739 5529 1983 5587 mortalis
2014 5519 2153 5586 vitai
2179 5529 2489 5584 devenisset
2515 5533 2699 5598 (quam
2735 5527 2898 5581 vitam
2919 5516 3136 5578 divinus
3149 5521 3295 5591 Apo-

1739 5634 1912 5689 stolus
1939 5632 2190 5688 tenebras
2215 5637 2392 5695 vocat,
2418 5628 2607 5684 dicens
2660 5647 2673 5682 :
2742 5645 2760 5677 ι
2805 5625 3078 5692 Adversus
3110 5620 3295 5678 mundi

1738 5737 1980 5784 rectores
2005 5725 2354 5785 tenebrarum
2386 5723 2647 5777 harum”
2681 5721 2725 5793 ι)
2750 5739 2764 5788 ;
2791 5721 2906 5776 sive
2962 5719 3124 5776 etiam
3173 5732 3297 5774 cum
