3976 6348
635 443 734 495 637

1291 443 1554 499 EUSEDII
1604 443 2072 499 CAESABIENSIS
2109 445 2185 499 ΟΡ

2294 445 2470 500 PARS
2508 446 2592 500 Hi.
2632 477 2700 489 ο-
2738 447 3139 504 ΕΧΕΕΕΤΙΕΑ.

3719 453 3811 506 688

641 563 812 628 ipsam
865 568 1090 614 mortem
1117 559 1392 625 subiisset,
1437 561 1750 616 ascendisse
1777 561 1978 614 dicitur
2011 575 2173 630 super

2284 563 2370 626 τὰς
2392 566 2610 627 ἀκτῖνας
2629 566 2727 637 τῆς
2742 564 2929 618 ἑαυτοῦ
2954 564 3198 635 θεότητος
3219 562 3518 629 συστείλας,
3541 563 3628 618 καὶ
3638 567 3812 636 ῶσηρ

640 677 912 718 occasum.
933 661 1072 717 Huic
1105 664 1270 733 igitur
1299 664 1547 729 Domino,
1594 667 1686 734 qui
1740 665 1982 720 ascendit
2016 681 2179 735 super

634 768 903 818 occasum,
936 754 1091 822 cujus
1123 769 1318 810 nomen
1349 754 1477 810 Jesu
1499 740 1594 824 per
1623 756 1676 808 ia
1700 755 2053 825 signiﬁcatur,
2078 755 2179 809 iter

620 844 811 898 'facite.
844 843 966 898 Haec
990 861 1152 913 porro
1173 846 1470 915 apostolico
1502 846 1670 900 choro
1702 847 1919 915 spiritus
1948 846 2179 917 prophe-

635 937 774 992 ticus
827 939 1091 1009 praecipit,
1134 949 1186 993 et
1221 939 1349 993 illud
1399 955 1520 994 cum
1557 939 1835 994 alacritate
1868 947 1920 994 et
1983 939 2176 994 ﬁducia

637 1043 824 1100 magna
875 1031 1050 1099 ipsum
1107 1046 1362 1100 peragere
1385 1031 1560 1100 jubet.
1594 1032 1952 1096 Quamobrem
1985 1029 2179 1086 deinde

635 1119 832 1175 infert:
871 1140 889 1172 ι
923 1121 988 1175 Et
1010 1122 1275 1176 exsultate
1299 1123 1353 1175 in
1379 1129 1673 1192 conspectu
1699 1121 1848 1190 ejus;
1883 1141 1900 1173 ι
1944 1121 2058 1176 sive
2089 1138 2178 1176 se-

636 1211 868 1266 eundum
922 1211 1328 1282 Symmachum,
1386 1232 1403 1264 ι
1448 1211 1512 1264 Et
1566 1211 1867 1281 gloriamini
1918 1211 1972 1264 in
2043 1210 2179 1267 facie

635 1304 771 1370 ejus.
837 1323 855 1355 ι
904 1303 1077 1358 Aliam
1123 1320 1335 1375 quoque
1387 1304 1628 1375 praadicti
1683 1303 1893 1358 Domini
1935 1303 2178 1357 notitiam

637 1393 834 1461 praebet
854 1391 1041 1447 dicens
1069 1411 1081 1470 ς
1119 1412 1137 1444 ι
1168 1393 1344 1448 Patris
1370 1393 1736 1462 orphanorum
1774 1400 1826 1448 et
1866 1393 2068 1462 judicis
2099 1391 2180 1445 vi-

634 1484 883 1538 duarum.
924 1503 941 1535 ι
977 1482 1092 1540 Nisi
1123 1485 1265 1539 enim
1297 1491 1450 1554 pater
1500 1484 1866 1554 orphanorum
1904 1491 1958 1538 et
1986 1482 2179 1537 vindex
2212 1514 2214 1517 -

631 1576 903 1644 judexque
926 1577 1206 1632 viduarum
1245 1577 1382 1632 eﬂici
1409 1578 1664 1648 dignatus
1691 1584 1854 1644 esset,
1899 1575 2045 1629 nulla
2076 1575 2178 1643 ipsi

635 1667 772 1720 ratio
803 1667 992 1722 fuisset
1024 1684 1145 1722 cum
1177 1668 1469 1722 humilibus
1499 1675 1673 1722 terrae.
1707 1667 1773 1721 At
1802 1668 1927 1737 quia
1960 1682 2055 1736 per
2074 1666 2178 1718 hu-

635 1759 910 1812 manitatis
951 1774 1231 1814 excessum
1267 1759 1520 1828 dignatus
1553 1746 1635 1812 est
1667 1759 1960 1812 ascendere
2017 1771 2177 1825 super

635 1863 906 1915 occasum,
942 1858 995 1905 et
1039 1852 1091 1905 in
1127 1851 1362 1906 tenebris
1401 1851 1765 1919 orphanorum
1799 1857 1950 1919 pater
1973 1847 2175 1912 vocari,

633 1950 685 1995 et
715 1942 995 1998 viduarum
1032 1926 1337 2014 patrocinio
1385 1943 1708 2006 carentium,
1769 1942 2178 2008 animarumque

634 2033 907 2097 orbarum,
945 2031 1110 2103 judex
1155 2041 1208 2088 et
1243 2034 1386 2087 ultor
1428 2031 1601 2098 efﬁci;
1637 2031 1759 2100 jure
1787 2032 1862 2085 'a'd
1907 2031 2177 2101 orphanos

635 2125 874 2180 cmlestis
899 2124 1074 2180 Patris
1112 2126 1349 2194 ignaros,
1373 2136 1426 2181 et
1446 2127 1510 2181 ad
1529 2127 1717 2182 viduas
1742 2125 1949 2178 animas
1978 2139 2178 2194 sponso

632 2216 791 2270 orbas
821 2217 962 2270 viam
993 2217 1240 2285 apparari
1266 2217 1437 2286 jubet.
1462 2218 1610 2273 Alias
1633 2232 1848 2287 quoque
1881 2215 2178 2271 Providen-

635 2308 722 2361 tiae
778 2308 1038 2362 rationem
1086 2308 1199 2361 haec
1261 2309 1527 2363 sententia
1562 2307 1936 2370 declaraverit,
1978 2306 2178 2362 docens

637 2397 824 2452 viduas
845 2407 898 2452 et
925 2397 1217 2467 orphanos,
1236 2397 1397 2453 orbos
1435 2405 1486 2453 et
1524 2399 1824 2467 patrocinio
1849 2407 2097 2453 carentes
2124 2398 2178 2451 in

637 2487 838 2542 mundo
877 2490 1108 2559 relinqui
1139 2504 1246 2542 non
1292 2489 1409 2544 sine
1454 2487 1658 2542 ratione
1691 2496 1744 2542 et
1771 2489 2030 2557 sapientia
2062 2487 2176 2552 Dei;

636 2579 731 2635 sed
777 2579 845 2633 ad
895 2580 1014 2648 ejus
1061 2573 1308 2649 gloriam,
1341 2579 1565 2648 ejusque
1595 2578 1792 2633 divinae
1825 2578 2181 2649 providentiae

635 2680 1027 2743 argumentum.
1054 2670 1204 2742 Saepe
1237 2672 1416 2741 itaque
1448 2672 1676 2741 orphani
1704 2672 2021 2742 parentibus
2037 2671 2177 2733 orbi,

634 2766 944 2820 accuratius
972 2764 1146 2820 edocti
1172 2771 1224 2819 et
1259 2763 1454 2818 litteris
1485 2763 1718 2819 instituti
1751 2762 1921 2827 fuere,
1950 2777 2111 2841 qua’m
2143 2762 2181 2814 ii

634 2855 725 2924 qui
756 2870 786 2909 a
820 2856 1132 2925 parentibus
1171 2855 1384 2910 educati
1415 2862 1572 2920 sunt;
1622 2855 1861 2924 itemque
1914 2854 2182 2907 diuturna:

633 2947 757 3000 vita!
783 2954 836 3000 et
865 2929 1056 3000 annosi
1087 2949 1412 3001 exstiterunt
1446 2964 1457 2999 :
1495 2959 1668 3015 neque
1708 2945 1883 2998 solum
1917 2945 1983 2998 iis
2013 2944 2180 2998 victui

634 3039 942 3094 necessaria
970 3036 1217 3101 adfuere;
1243 3037 1351 3090 imo
1371 3037 1533 3092 etiam
1569 3035 1813 3105 praeclari
1846 3045 1898 3089 et
1944 3035 2182 3091 illustres

634 3144 854 3185 evasere
883 3127 1002 3181 viri.
1035 3115 1269 3188 Paridue
1300 3128 1460 3181 modo
1501 3127 1757 3181 mulieres
1807 3125 1865 3180 in
1899 3125 2179 3181 viduitatis

2280 668 2508 731 καταδὺς
2534 671 2590 722 ὲν
2622 669 2696 738 τῷ
2719 668 2945 737 σώματι,
2967 669 3070 730 ,ἐπὶ
3100 667 3313 738 δυσμῶν
3335 684 3395 719 τε
3419 667 3702 736 γενόμενος
3730 667 3810 720 τοῦ

2279 757 2467 826 θνητοῦ
2499 758 2631 827 βίου,
2657 757 2751 827 (ὃν
2770 759 2797 810 6
2825 756 2962 819 θεῖος
2997 756 3304 818 Ἀπόστολος
3334 755 3519 817 σκότος
3547 754 3813 826 ὠνόμασεν

2279 847 2464 900 εἰπών·
2510 868 2525 898 ι
2552 849 2692 919 Πρὸς
2713 850 2834 910 τοὺς
2861 848 3301 918 κοσμοκράτορας
3333 845 3424 898 τοῦ
3449 846 3667 908 σκότους
3696 846 3813 899 τού-

2276 940 2413 1010 του·)
2449 959 2468 990 ι
2492 940 2522 1010 ἢ
2548 943 2603 993 ὲν
2633 940 2779 1009 αὐτῷ
2799 939 3028 1001 καταδὺς
3055 938 3130 1008 τῷ
3175 936 3401 1007 θανάτῳ,
3435 937 3680 991 λέλεκται
3710 939 3815 988 ὲπι-

2279 1032 2567 1102 6ε6ηκέναι
2590 1033 2679 1084 ἐπὶ
2703 1032 2936 1101 δυσμῶν.
2964 1030 3149 1101 Τούτῳ
3177 1027 3291 1093 οὖν,
3345 1029 3497 1100 φησι,
3525 1029 3602 1099 τῷ
3646 1027 3814 1080 ἐπιδε-

2278 1125 2464 1193 δηκότι
2503 1126 2593 1178 ἐπὶ
2636 1115 2852 1193 δυσμῶν
2897 1123 3102 1193 Κυρίῳ,
3133 1119 3192 1176 οῦ
3231 1122 3288 1175 τὸ
3331 1121 3502 1190 Ἰησοῦ
3530 1121 3700 1190 δνομα
3739 1120 3815 1172 διὰ

2281 1214 2370 1288 τοῦ
2436 1215 2495 1266 la
2551 1215 2888 1285 σημαίνεται,
2947 1214 3312 1283 ὁδοποιήσατε.
3368 1211 3700 1282 Προστάττει
3765 1209 3814 1261 δὲ

2277 1307 2447 1360 ταῦτα
2500 1307 2558 1360 τὸ
2594 1307 2813 1376 Πνεῦμα
2870 1303 2929 1358 τὺ
2991 1291 3319 1376 προφητῖκὸν
3365 1303 3441 1373 τῷ
3490 1302 3817 1370 ἀποστολικῷ

2276 1398 2437 1468 χορῷ,
2474 1398 2565 1450 καὶ
2595 1397 2751 1450 τοῦτο
2779 1397 3032 1468 πράττειν
3082 1397 3177 1448 σὺν
3208 1394 3369 1463 πολλῇ
3425 1392 3699 1462 προθυμίᾳ
3733 1392 3817 1444 καὶ

2278 1489 2554 1561 παρρησίᾳ
2580 1488 2964 1541 ὲπικελεύεται.
3014 1486 3103 1539 Διὸ
3152 1484 3388 1550 ἐπιλέγει
3435 1482 3576 1551 έξῆς·
3651 1501 3668 1531 ι
3720 1482 3818 1534 Καὶ

2278 1579 2602 1648 ἀγαλλιᾶσθε
2633 1578 2856 1632 ἐνώπιον
2911 1577 3127 1630 αὐτοῦ’»
3162 1575 3193 1644 ἢ
3224 1574 3362 1627 κατά
3385 1573 3476 1625 τὸν
3516 1566 3582 1624 Σύ
3593 1587 3813 1643 μμαχον,

2284 1691 2300 1723 ι
2326 1673 2433 1725 Kal
2460 1670 2752 1742 γαυριᾶσθε
2778 1672 2858 1733 εἰς
2890 1669 3174 1740 πρόσωπον
3201 1665 3380 1720 αὐτοῦ,
3398 1684 3417 1716 ι
3453 1666 3560 1717 Kal
3617 1663 3742 1716 ἄλλο
3769 1664 3818 1715 δὲ

2277 1762 2554 1832 γνώρισμα
2584 1763 2761 1814 δίδωσι
2791 1760 2879 1813 τοῦ
2911 1757 3335 1830 προδηλωθέντος
3381 1757 3602 1826 Κυρίου,
3636 1755 3817 1823 λέγων·

2285 1873 2302 1905 ι
2340 1854 2444 1906 Τοῦ
2478 1854 2680 1924 πατρὸς
2705 1852 2810 1905 τῶν
2840 1850 3085 1920 ὀρφανῶν
3113 1849 3207 1902 καὶ
3237 1848 3423 1920 κριτοῦ
3455 1847 3556 1900 τῶν
3584 1846 3814 1917 χηρῶν.»

2208 1922 2249 1976 Β
2278 1945 2339 1996 Ei
2376 1945 2448 2015 μὴ
2489 1922 2598 2015 γὰρ
2627 1941 2872 2014 ὀρφανῶν
2897 1941 3091 2011 ἠξίωσε
3124 1938 3366 2007 γενέσθαι
3412 1939 3610 2010 πατὴρ,
3647 1935 3819 2006 χηρῶν

2277 2053 2334 2088 τε
2357 2035 2564 2097 ἔκδικος
2594 2036 2684 2087 καὶ
2733 2033 2945 2105 κριτὴς,
2994 2031 3165 2093 οὐδεὶς
3208 2025 3274 2099 ἦν
3309 2027 3456 2098 αύτῷ
3497 2027 3651 2094 λόγος
3695 2026 3820 2097 πρὸς

2276 2128 2398 2188 τοὺς
2423 2125 2512 2176 ἐπὶ
2557 2126 2657 2194 γῆς
2707 2123 3010 2186 ταπεινούς.
3073 2121 3223 2174 Ἐπιῄ⁵
3274 2120 3329 2172 δὲ
3378 2118 3497 2171 καθ’
3531 2117 3821 2188 ὑπερϐολὴν

2277 2217 2677 2287 φιλανθρωπίας
2703 2214 3034 2285 κατηξίωσεν
3058 2211 3308 2280 ἐπιϐῆναι
3349 2211 3439 2262 ἐπὶ
3468 2208 3704 2277 δυσμῶν,
3736 2211 3822 2259 καὶ

2277 2309 2382 2362 τῶν
2411 2311 2466 2361 ὲν
2496 2308 2572 2376 τῷ
2593 2308 2765 2376 σκότῳ
2788 2303 3034 2376 ὀρφανῶν
3061 2301 3388 2373 χρηματίσαι
3421 2299 3617 2370 πατὴρ,
3637 2298 3744 2349 τῶν
3771 2313 3823 2348 τε

2278 2399 2648 2469 ἀπεριστάτων
2671 2397 2852 2467 χηρῶν
2874 2413 2930 2448 τε
2959 2394 3049 2447 καὶ
3081 2395 3300 2465 ἐρήμων
3331 2390 3514 2461 ψυχῶν
3535 2391 3722 2460 κριτὴς
3741 2392 3824 2441 καὶ

2279 2492 2484 2554 ἔκδικος
2515 2489 2780 2558 γενέσθαι·
2818 2488 3038 2549 εἰκότως
3086 2485 3180 2558 τὴν
3209 2485 3320 2538 ὁδὸν
3352 2484 3707 2555 τὴν,ἀγουσαν
3744 2483 3825 2533 ἐπὶ

2278 2587 2398 2647 τοὺς
2425 2583 2691 2655 ὀρφανοὺς
2747 2582 2871 2642 τοὺς
2896 2579 2984 2632 τὸν
3017 2578 3330 2649 ἐπουράνιον
3373 2575 3694 2645 ἀγνοοῦντας
3719 2575 3825 2626 Παο

2278 2676 2429 2746 τέρα,
2462 2675 2551 2727 ὲπί
2601 2690 2658 2725 τε
2707 2672 2804 2746 τὰς
2851 2671 3209 2742 έστερημένας
3240 2669 3332 2723 τοῦ
3379 2659 3607 2738 νυμφίου
3664 2669 3826 2736 χήρας

2278 2768 2452 2839 ψυχὰς
2483 2767 2740 2820 ὁδοποιεῖν
2773 2761 3215 2836 παρακελεύεται.
3266 2760 3375 2813 Kal
3429 2759 3595 2820 ἄλλως
3631 2757 3709 2819 δὲ,
3741 2753 3826 2806 τοῦ

2281 2860 2404 2931 περ)⁵
2430 2857 2688 2930 Προνοίας
2713 2856 2868 2923 λόγου
2901 2855 3091 2922 γένοιτ’
3142 2851 3207 2906 ἂν
3237 2853 3269 2922 ἡ
3315 2849 3517 2902 διάνοια
3555 2865 3826 2919 παραστα-

2279 2951 2424 3021 τικὴ,
2463 2950 2804 3016 διδάσκουσα,
2836 2947 2915 2999 ὅτι
2938 2944 3100 3015 χῆραι
3143 2944 3235 2996 καὶ
3268 2941 3489 3012 ὀρφανοὶ
3518 2940 3710 3010 ἔρημοι
3744 2940 3828 2991 καὶ

2279 3042 2623 3112 ἀπερίστατοι
2648 3037 3061 3091 καταλείπονται
3084 3033 3140 3084 ὲν
3162 3031 3237 3101 τῷ
3264 3030 3362 3100 βίῳ
3389 3030 3487 3081 οὐκ
3531 3029 3657 3080 ἄνευ
3678 3029 3827 3094 λόγου

2279 3135 2372 3185 καὶ
2403 3131 2591 3199 σοφίας
2613 3127 2767 3192 Θεοῦ,
2796 3126 2907 3179 ἀλλ’
2933 3127 3012 3186 είς
3035 3123 3185 3187 δόξαν
3206 3120 3366 3174 αὑτοῦ
3391 3123 3481 3173 καὶ
3510 3123 3587 3182 είς
3617 3120 3828 3183 ἔνδειξιν

635 3218 988 3276 infortunium
1023 3222 1202 3289 lapsze,
1248 3218 1517 3286 alacriori,
1561 3217 1787 3274 feliciori
1841 3232 1902 3272 ac
1961 3219 2179 3288 religio-

2284 3225 2379 3292 τῆς
2404 3222 2565 3276 αὐτοῦ
2599 3220 2747 3282 θείας
2773 3218 3091 3288 ἐπισκοπῆς.
3126 3214 3386 3277 Πολλάκις
3404 3214 3530 3281 γοῦν
3558 3215 3604 3264 οὶ
3640 3213 3830 3280 γονέων

639 3314 772 3367 siori
805 3313 913 3366 vita
949 3311 1242 3381 perfuncta:
1276 3317 1422 3374 sunt,
1445 3326 1605 3380 quam
1635 3310 1738 3364 illa:
1764 3325 1884 3380 qua:
1907 3309 1961 3362 in
1994 3310 2183 3377 conju-

634 3403 723 3471 gi'o
744 3405 909 3458 vitam
940 3413 1180 3474 egerant.
1216 3403 1360 3458 Deus
1393 3404 1590 3473 quippe
1629 3403 1752 3472 plus
1781 3402 2040 3472 orphanis
2064 3414 2187 3469 pro-

638 3493 815 3561 spicit,
861 3509 1023 3563 quam
1079 3501 1256 3563 patres
1315 3493 1474 3559 ﬁliis;
1507 3501 1560 3546 et
1595 3495 1878 3547 viduarum
1924 3499 2185 3562 patronus

637 3585 936 3656 vindexque
963 3593 1064 3640 est.
1093 3579 1270 3649 Quare
1298 3584 1499 3638 dictum
1539 3591 1622 3636 est
1651 3602 1665 3639 :
1712 3602 1731 3634 ι
1784 3582 1961 3641 Patris
1988 3584 2186 3653 orpha-

637 3690 831 3729 norum
862 3659 1132 3742 etjudicis
1151 3674 1457 3729 viduarum.
1491 3692 1508 3724 ι
1536 3671 1643 3727 Pro
1672 3673 1763 3727 illo
1788 3681 1985 3739 autem,
2023 3692 2040 3725 ι
2083 3675 2186 3740 Qui

640 3765 882 3830 asfcen‘dit
910 3782 1070 3835 super
1109 3781 1400 3830 occasum;
1440 3783 1458 3816 ι
1496 3761 1871 3834 Symmachus,
1908 3784 1926 3816 ι
1963 3766 2063 3832 Qui
2096 3782 2187 3820 vc-

646 3857 792 3910 liitur
839 3858 892 3911 in
943 3857 1258 3911 inhabitata.
1327 3878 1345 3908 ι
1404 3857 1759 3913 lnhabitatam
1809 3871 1972 3927 porro
2008 3866 2184 3922 vocat,

595 3944 598 3947 ’
643 3949 1059 4018 alienigenarum
1093 3957 1147 4004 et
1185 3958 1563 4005 extranearum
1607 3949 1847 4017 gentium
1874 3950 2184 4020 regionem;

643 4068 763 4121 quae
800 4052 921 4106 aliis
954 4053 1008 4106 in
1057 4053 1193 4108 locis
1228 4054 1503 4109 desertum
1558 4053 1861 4122 nuncupari
1917 4053 2076 4108 solet.
2113 4053 2189 4108 Ac

643 4174 835 4214 rursus
853 4173 948 4228 pro
973 4158 1084 4222 illo,
1123 4179 1141 4207 ι
1165 4158 1365 4227 judicis
1392 4158 1718 4225 viduarum;
1757 4178 1775 4210 ι
1811 4158 2024 4228 Aquila,
2053 4179 2071 4210 ι
2101 4159 2192 4228 ju-

642 4267 872 4323 dicantis
904 4268 1128 4332 viduas;
1191 4287 1208 4318 ι
1267 4264 1651 4337 Symmachus;
1691 4283 1710 4316 ι
1747 4267 2061 4321 ulciscentis
2109 4267 2190 4320 vi-

644 4375 801 4429 duas.
842 4394 862 4426 ›
895 4373 1153 4444 Apposite
1207 4373 1492 4428 admodum
1550 4379 1758 4442 patrem
1794 4371 2186 4440 orphanorum,

644 4468 927 4529 viduarum
942 4475 1181 4545 judicem
1200 4483 1373 4529 vocat.
1408 4474 1545 4539 Quia
1581 4473 1723 4528 enim
1755 4487 1864 4527 non
1886 4488 2077 4529 omnes
2110 4475 2194 4528 vi-

647 4555 765 4637 dua
797 4581 983 4637 eodem
1028 4581 1152 4635 vitae
1201 4582 1450 4636 instituto
1504 4591 1650 4647 sunt,
1711 4579 2017 4651 dijudicans
2073 4579 2188 4649 ipse

2289 3313 2634 3385 ἐστερημένοι
2662 3311 2847 3373 παῖδες
2869 3309 3090 3380 ὀρφανοὶ
3121 3305 3316 3377 μᾶλλον
3346 3305 3451 3357 τῶν
3478 3304 3580 3356 ὑπὸ
3604 3304 3832 3374 πατράσι

2288 3404 2597 3477 τραφὲν-των
2629 3403 2797 3470 λόγων
2829 3402 2919 3454 καὶ
2953 3399 3194 3462 παιδείας
3238 3397 3517 3468 μετέσχον,
3556 3394 3832 3466 μακρόϐιοί

2289 3513 2347 3549 τε
2380 3498 2469 3550 καί
2516 3495 2848 3566 πολυχρόνιοι
2901 3494 3170 3561 γεγόνασι·
3203 3490 3295 3545 καὶ
3337 3489 3397 3541 οὐ
3433 3489 3587 3558 μόνον
3641 3485 3834 3556 τροφῆς

2289 3588 2624 3658 ηύπόρησαν,
2643 3583 2775 3638 ἀλλὰ
2794 3585 2884 3636 καὶ
2916 3585 2993 3646 είς
3023 3584 3180 3653 ὲπισή
3191 3597 3318 3652 μους
3344 3580 3540 3649 ἄνδρας
3555 3576 3832 3648 προῆλθον.

2292 3680 2399 3734 Kal
2432 3681 2679 3747 γυναῖκες
2707 3677 2964 3738 ὡσαύτως
2994 3674 3186 3747 χηρίαν
3213 3674 3606 3742 δυστυχήσασαι
3648 3668 3833 3739 μᾶλλον

2291 3775 2396 3826 τῶν
2421 3777 2475 3826 έν
2508 3770 2731 3840 συζυγίᾳ
2765 3769 2874 3838 βίον
2902 3767 3130 3838 εῦθυμον
3161 3767 3251 3818 καὶ
3276 3765 3475 3818 ἄλυπον
3496 3763 3588 3815 καὶ
3621 3760 3834 3827 θεοσεϐῆ

2293 3865 2580 3934 διεξῆλθον·
2613 3863 2705 3915 τοῦ
2754 3860 2884 3914 Θεοῦ
2918 3862 3030 3921 τοῖς
3057 3858 3154 3925 μὲν
3201 3858 3451 3927 ὀρφανοῖς
3501 3855 3634 3923 ὑπὲρ
3671 3853 3834 3904 πάντα

2294 3955 2502 4025 πατέρα
2536 3951 2917 4012 καταστάντος,
2950 3951 3066 4010 ταῖς
3114 3947 3169 3998 δὲ
3220 3948 3412 4016 χήραις
3466 3943 3835 4010 ἀντιλήπτορος

2251 4117 2255 4120 _
2296 4061 2389 4114 καὶ
2415 4059 2645 4112 ὲκδίκου.
2668 4057 2757 4110 Διὸ
2785 4055 3009 4128 εἴρηται’
3057 4074 3074 4105 ι
3102 4051 3207 4105 Τοῦ
3249 4049 3448 4121 πατρὸς
3471 4047 3578 4101 τῶν
3599 4044 3836 4117 ὀρφανῶν

2297 4161 2390 4215 καὶ
2418 4158 2601 4229 κριτοῦ
2642 4157 2747 4210 τῶν
2795 4155 3027 4228 χηρῶν.)
3062 4153 3214 4207 ’Ἂντὶ
3245 4151 3301 4204 δὲ
3336 4149 3452 4214 τοῦ,
3494 4167 3512 4200 ‹
3553 4149 3638 4218 Τῷ
3667 4146 3839 4201 ἐπιϐε-

2299 4264 2488 4335 ϐηκότι
2522 4264 2612 4316 ἐπὶ
2641 4262 2910 4333 δυσμῶν,ι
2944 4263 2971 4313 6
2992 4261 3298 4331 Σύμμαχος·
3341 4276 3360 4308 ι
3389 4255 3478 4326 Τῷ
3504 4251 3837 4324 ἐποχουμένη)

2301 4369 2358 4419 ὲν
2389 4369 2454 4436 τῇ
2492 4365 2779 4436 ἀοικήτῳ.»
2821 4365 3098 4435 Ἀοίκητον
3133 4361 3188 4414 δὲ
3221 4360 3375 4414 καλεῖ
3414 4358 3510 4428 τὴν
3553 4355 3660 4408 τῶν
3696 4353 3837 4408 ἀλλο-

2301 4471 2470 4540 γενῶν
2493 4473 2586 4524 καὶ
2615 4470 2921 4540 ἀλλοφύλων
2950 4467 3115 4522 ἐθνῶν
3142 4466 3344 4538 χώραν·
3381 4464 3446 4534 ἣν
3495 4462 3697 4537 ἔρημον
3739 4461 3839 4510 6w

2307 4580 2492 4650 μάζειν
2524 4581 2579 4631 ὲν
2605 4580 2809 4648 ἑτέροις
2853 4575 3037 4629 εἴωθεν
3078 4574 3106 4626 6
3137 4573 3308 4641 λόγος.
3346 4567 3456 4621 Καὶ
3501 4565 3660 4619 πάλιν
3711 4563 3836 4620 ἀντὶ.

650 4699 891 4756 quaenam
919 4700 977 4741 se
1014 4686 1207 4757 dignae.
1237 4701 1358 4756 quze
1390 4701 1498 4741 non
1528 4685 1702 4758 dignae
1747 4686 1876 4749 sint,
1915 4684 2080 4754 judex
2106 4699 2185 4740 ea-

2309 4703 2326 4735 (
2361 4685 2451 4739 τοῦ
2477 4683 2663 4759 κριτοῦ
2684 4680 3045 4755 τῶνχηρῶνμ
3076 4680 3104 4730 6
3148 4675 3243 4746 μὲν
3281 4673 3526 4734 Ἀκύλας,
3549 4689 3568 4720 ι
3594 4667 3839 4721 δικαστοῦ

651 4806 769 4845 rum
803 4791 1170 4845 constituitur.
1203 4789 1385 4859 Neque
1415 4798 1594 4845 tamen
1642 4791 1761 4859 pari
1804 4790 1966 4844 modo
1993 4789 2194 4860 orpha-

651 4897 1025 4966 norumjudex
1060 4895 1222 4950 fuerit
1255 4915 1266 4948 :
1298 4910 1451 4966 :eque
1466 4896 1607 4950 enim
1639 4897 1746 4950 illis
1776 4911 1874 4950 ceu
1901 4903 2053 4965 pater
2070 4909 2197 4965 pro-

2301 4791 2536 4862 χηρῶν,›
2556 4791 2583 4841 6
2614 4788 2669 4840 δὲ
2697 4787 3004 4857 Σύμμαχος,
3025 4801 3043 4833 ι
3073 4780 3166 4834 καὶ
3181 4775 3587 4850 ὑπερδικοῦντος
3608 4773 3835 4845 χηρῶν,›

2301 4889 2670 4967 ήρμήνευσαν.
2707 4893 2918 4963 Σφόδρα
2936 4890 2992 4943 δὲ
3037 4884 3275 4959 ἀκριϐῶς
3299 4881 3542 4955 ὀρφανῶν
3572 4880 3670 4952 μὲν
3694 4879 3841 4933 αὑτὸν

653 5005 834 5073 Sim“-
2304 4999 2514 5070 πατέρα
2538 4996 2819 5061 ἀποκαλεῖ,
2850 4993 3032 5065 χηρῶν
3074 4991 3131 5044 δὲ
3173 4989 3383 5061 κριτήν.
3427 4985 3576 5038 Ἐπεὶ
3617 4983 3732 5055 γὰρ
3781 4983 3844 5054 μὴ

655 5099 822 5153 πᾶσαι
849 5100 1009 5170 χῆραι
1035 5082 1132 5169 τῆς
1157 5100 1276 5170 ῐσης
1310 5099 1606 5170 ὑπάρχουσι
1670 5091 2052 5167 προαίρέσεως,
2110 5095 2394 5166 διακρίνων
2464 5093 2558 5156 τὰς
2616 5090 2768 5158 ἀξίας
2802 5086 2961 5143 αὑτοῦ
3031 5087 3123 5140 καὶ
3161 5083 3258 5147 τὰς
3309 5081 3384 5152 μὴ
3423 5077 3696 5142 τοιαύταςν
3742 5093 3845 5146 κβ-

653 5196 750 5265 rh;
777 5196 951 5247 αὐτῶν
982 5194 1316 5249 καθίσταται.
1345 5197 1420 5247 Ού
1465 5195 1566 5265 μὴν
1605 5195 1698 5246 κα)⁵
1726 5193 1970 5264 ὀρφανῶν
2003 5193 2200 5261 ὁμοίως
2235 5190 2426 5259 γένοιτ’
2467 5189 2535 5244 ἂν
2558 5188 2778 5259 κριτής⁹
2809 5184 2866 5249 ἐξ
2899 5184 3013 5236 ἴσου
3045 5181 3153 5251 γὰρ
3175 5177 3374 5232 τούτων
3439 5173 3638 5246 πατρὸς
3705 5170 3844 5238 δίκην

656 5304 886 5358 προνοει.

732 5403 890 5466 Vsus.
923 5410 974 5464 7.
1015 5431 1032 5463 ι
1072 5409 1213 5467 Deus
1255 5411 1309 5465 in
1342 5411 1460 5466 loco
1495 5419 1685 5466 sancto
1711 5427 1831 5475 suo.
1874 5411 2016 5468 Deus
2046 5415 2202 5466 inha-

666 5505 838 5558 bitare
857 5501 984 5556 facit
1020 5505 1179 5557 unius
1198 5503 1366 5557 moris
1399 5502 1451 5556 in
1481 5503 1664 5559 domo.
1701 5523 1721 5556 ι
1753 5492 1890 5569 Quia
1941 5503 2207 5560 memora-

661 5605 773 5649 tum
811 5593 1104 5661 Dominum
1127 5595 1282 5663 quasi
1329 5593 1633 5663 deprimens
1661 5594 1916 5650 humilem
1942 5597 1997 5650 in
2030 5597 2205 5650 locum

661 5686 976 5748 deduxerat,
1018 5685 1205 5740 dicens
1223 5687 1535 5741 ascendisse
1558 5703 1723 5756 super
1751 5701 2026 5751 occasum,
2059 5703 2205 5743 esse-

663 5792 766 5845 que
800 5785 1003 5846 patrem
1039 5778 1401 5848 orphanorum
1424 5788 1477 5831 et
1501 5778 1737 5845 judicem
1769 5780 2086 5846 viduarum;
2113 5794 2208 5833 nc-

665 5873 898 5927 cessario
945 5874 1008 5928 ad
1039 5872 1158 5948 ejus
1205 5871 1456 5926 deitatem
1510 5869 1923 5942 praedicandam,
1957 5869 2203 5935 vertitur.

2384 5433 2402 5465 ι
2439 5413 2496 5465 Ὁ
2525 5391 2654 5473 Θεὸς
2687 5412 2743 5461 έν
2781 5407 2929 5478 τόταρ
2963 5405 3101 5474 ἁγιῳ
3131 5401 3314 5465 αὐτοῦ,
3345 5401 3376 5452 ὀ
3397 5396 3529 5460 Θεὸς
3559 5389 3845 5450 manus.

2311 5504 2668 5575 μονοτρόπους
2695 5502 2752 5552 ὲν
2798 5485 2991 5568 ὀίκῳ.»
3038 5494 3250 5563 Ἐπειδὴ
3305 5491 3394 5546 τὸν
3453 5481 3847 5575 προδηλωθένττ

2309 5572 2508 5666 Κύριον
2538 5595 2684 5648 κάτω
2707 5607 2806 5653 που
2836 5587 2927 5642 έπῖ
2971 5591 3031 5642 τὸ
3073 5585 3321 5642 ταπεινὸν
3371 5582 3680 5667 κατήγαγεν
3711 5576 3741 5626 6
3777 5572 3848 5667 if;-

2307 5657 2420 5753 yog',
2450 5680 2827 5752 ἐπιϐεϐηκέναι
2855 5679 2945 5730 ἐπὶ
2971 5674 3185 5746 δυσμῶν
3218 5675 3394 5744 φήσας
3413 5667 3592 5725 αὑτὸν,
3612 5657 3848 5730 δρφανεῖιν

2309 5752 2366 5829 τε
2388 5772 2524 5828 εἶναι
2556 5772 2766 5842 πατέρα
2789 5771 2880 5824 καὶ
2906 5768 3086 5840 χηρῶν
3113 5765 3320 5837 κριτὴν.
3350 5754 3656 5825 ἀναγκαίως
3707 5752 3849 5802 επακ.-

2311 5868 2524 5939 έρχεται
2559 5865 2648 5918 ἐπὶ
2697 5864 2794 5931 τὴν
2859 5860 2986 5928 περὶ
3025 5856 3186 5913 αὑτοῦ
3241 5850 3536 5919 θεολογίαν,
3577 5845 3831 5899 διδάσκω
