3976 6348
160 408 270 476 6εὲ
279 414 283 417 ’

1273 404 1768 460 COMMENTARIA
1809 405 1872 460 IN
1912 405 2243 461 PSALMOS.

3225 477 3233 494 l
3258 407 3359 462 σου

159 529 244 582 δτι
269 520 390 589 ταῖς
424 527 518 597 μὲν
544 524 946 596 προλεχθείσαις
976 523 1205 591 δυσμαῖς
1232 520 1319 574 διά
1346 538 1494 584 τινας
1513 523 1713 574 οίκονο-

1817 521 2014 576 docens
2032 535 2156 574 eum
2174 519 2239 573 ad
2267 519 2578 589 praedictum
2605 534 2857 574 occasum
2887 535 2982 588 per
3006 517 3359 581 meonontiam

163 619 296 689 μίας
321 617 453 688 πρὸς
488 616 686 687 βραχὺν
717 613 978 666 ὲπιϐαίνει
1009 611 1214 682 χρόνον
1245 613 1304 663 τό
1336 629 1398 678 γε
1440 613 1543 683 μὴν
1568 613 1720 682 οἰκη-

159 709 351 778 τήριον
389 704 550 759 αὑτοῦ
578 709 671 758 καὶ
707 704 1039 775 ήπρέπουσα
1089 701 1234 771 αὐτῴ
1262 701 1504 772 διατριϐὴ
1532 701 1630 756 οὐκ
1661 703 1716 755 ὲν

160 796 394 865 δυσμαῖς
449 797 615 857 ἐστιν,
672 815 690 846 ι
718 794 829 848 ἀλλ’
856 796 912 846 ὲν
971 793 1118 862 τόπῳ
1141 793 1300 864 ἁγίῳ·
1337 812 1354 841 ι
1402 794 1436 864 ἢ
1461 793 1601 846 κατά
1625 794 1713 846 τὸν

174 882 428 945 Ἀκύλαν,
462 885 553 934 «ὲν
586 882 880 952 οἱκητηρίῳ
917 881 1229 952 ήγιασμένῳ
1265 882 1479 935 αὐτοῦ’»
1511 884 1542 954 ἢ
1580 882 1719 936 κατά

158 971 252 1024 τὸν
287 973 598 1043 Σύμμαχον,
657 992 676 1023 ι
709 974 764 1025 ὲν
811 973 1094 1042 βασιλείοις
1122 973 1296 1041 ἁγίοις
1315 973 1527 1028 αὐτοῦ.»
1566 975 1716 1026 Ἔστι

165 1065 265 1134 μὲν
292 1065 402 1133 γὰρ
431 1064 574 1134 αὐτῷ
609 1064 767 1126 τόπος
788 1065 1084 1135 ἐμπρέπων
1124 1065 1218 1118 καὶ
1249 1066 1500 1136 ἁρμόζων
1525 1069 1591 1138 τῇ
1620 1066 1718 1118 αὺ-

159 1153 254 1206 τοῦ
287 1154 516 1223 θεότητι·
531 1155 677 1221 ὅμως
701 1154 744 1206 δ’
762 1149 872 1218 οὖν,
890 1155 1262 1228 φιλάνθρωπος
1282 1157 1377 1221 ὢν,
1410 1155 1507 1208 τοῦ
1522 1156 1716 1209 οἰκείου

164 1245 428 1314 μεγέθους
478 1243 915 1311 ὑποκαταϐαἰνει,
971 1247 1386 1315 συγκαταϐαίνει
1419 1263 1477 1298 τε
1520 1248 1631 1310 τοῖς
1663 1248 1718 1300 ὲν

159 1333 392 1404 δυσμαῖς
416 1334 649 1388 οἰκοῦσιν
675 1337 922 1406 ὀρφανοῖς
974 1338 1068 1390 καὶ
1118 1338 1331 1408 χήραις.
1373 1335 1462 1388 Διὸ
1491 1338 1584 1389 καὶ
1634 1336 1722 1388 ἀλ-

159 1423 326 1493 λαχοῦ
370 1425 597 1494 είρηται’
660 1446 679 1476 ιι
725 1429 843 1480 Ὀτι
897 1428 1002 1479 ίδοὺ
1061 1427 1259 1496 Κύριος
1309 1426 1509 1495 Κύριος
1559 1426 1722 1476 ἐκπο-

162 1512 381 1582 ρεύεται
413 1515 501 1566 καὶ
526 1515 888 1585 καταϐήσεται
916 1518 979 1568 ἐκ
1005 1514 1096 1567 τοῦ
1118 1516 1281 1567 τόπου
1311 1512 1494 1568 αὑτοῦ.
1521 1532 1538 1564 ι
1577 1513 1720 1564 Κατ-

162 1601 258 1656 ιὼν
289 1603 347 1656 δὲ
401 1603 606 1656 ἐνθένδε
662 1605 756 1659 καὶ
811 1603 1100 1657 ἐπιϐαίνων
1140 1602 1232 1655 ἐπὶ
1279 1602 1504 1674 δυσμὰς,
1557 1603 1715 1653 ὁποῖα

159 1695 544 1772 διαπράττεται
589 1696 922 1766 θεασώμεθα.
987 1695 1359 1759 «Κατοικίζει,
1418 1695 1569 1765 φησι,
1629 1709 1720 1763 μο-
1764 1742 1769 1749 .

160 1791 457 1861 νητρόπους
479 1793 534 1843 ὲν
551 1789 734 1860 οἴκῳ.»
768 1789 922 1842 Κατὰ
956 1788 1010 1840 δὲ
1053 1787 1142 1840 τὸν
1176 1787 1484 1857 Σύμμαχον,
1516 1804 1534 1836 ι
1559 1784 1721 1838 Δίδω-

1821 612 1888 667 ad
1926 612 2087 667 breve
2130 617 2341 680 tempus
2385 606 2715 664 ascendisse.
2770 606 3112 664 Domicilium
3167 611 3362 682 quippe

1818 703 1936 772 ejus
1967 711 2022 758 et
2047 703 2313 772 condigna
2334 702 2504 771 ipsius
2537 699 2796 755 habitatio
2820 714 2928 754 non
2965 701 3018 754 in
3045 715 3238 758 occasu
3255 713 3358 768 est;

1818 795 1909 848 sed
1953 812 1972 844 ι
2013 793 2067 846 in
2099 793 2216 848 loco
2262 799 2482 858 sancto;
2535 810 2554 843 ι
2615 792 2727 846 sive
2759 790 3053 848 secundum
3089 791 3357 861 Aquilam,

1823 902 1841 934 ι
1888 883 1943 937 in
1965 881 2279 938 habitacqu
2315 881 2652 935 sanctificato
2680 896 2812 946 suo;
2853 898 2873 932 ι
2918 890 3010 934 aut
3062 883 3358 938 secundum

1821 973 2224 1044 Symmachum,
2250 989 2268 1020 ‹
2295 972 2359 1025 in.
2379 971 2524 1043 regia
2553 979 2738 1026 sancta
2771 986 2889 1026 sua.
2922 992 2939 1023 ι
2974 966 3069 1026 BSt
3094 974 3234 1027 enim
3256 974 3357 1044 ipsi

1819 1065 1977 1121 locus
1999 1058 2322 1127 condecens,
2361 1070 2413 1116 et
2446 1062 2633 1116 deitati
2666 1062 2785 1132 ejus
2813 1065 3238 1130 consentaneus;
3262 1065 3357 1119 sed

1817 1162 1998 1210 tamen
2031 1155 2304 1213 humanus
2332 1168 2456 1208 cum
2510 1153 2601 1218 sit,
2647 1167 2678 1206 a
2725 1153 2944 1222 propria
2991 1155 3359 1225 magnitudine

1818 1245 2118 1309 descendit,
2148 1244 2515 1316 orphanisque
2545 1253 2602 1300 et
2633 1243 2816 1298 viduis
2853 1240 2908 1297 in
2958 1260 3159 1300 occasu
3206 1245 3359 1301 habi-

1819 1335 2060 1390 tantibus
2108 1349 2227 1390 sese
2289 1340 2626 1404 attemperat.
2685 1332 2862 1399 Quare
2915 1335 3039 1389 alibi
3089 1336 3286 1392 dicitur
3341 1359 3352 1392 :

1825 1443 1844 1476 ‹
1878 1423 2017 1489 Quia
2037 1438 2163 1480 ecce
2185 1423 2445 1479 Dominus
2477 1423 2735 1480 Dominus
2769 1425 3040 1495 egreditur
3061 1434 3113 1480 et
3140 1425 3357 1483 descen-

1820 1514 1910 1568 det
1945 1514 2012 1570 de
2035 1514 2157 1568 loco
2191 1528 2311 1569 suo.
2357 1534 2374 1566 ι
2405 1513 2540 1570 Cum
2565 1521 2740 1570 autem
2774 1504 2897 1576 inde
2924 1516 3283 1580 descenderit,
3304 1526 3359 1573 et

1819 1603 2125 1662 ascenderit
2184 1619 2348 1674 super
2389 1619 2665 1670 occasum,
2714 1620 2832 1674 quat
2861 1614 3131 1676 operetur,
3171 1606 3356 1662 videa-

1823 1711 1964 1750 mus.
2006 1714 2024 1746 ι
2065 1692 2375 1750 lnhabitare
2429 1693 2577 1759 facit,
2623 1695 2818 1764 inquit,
2864 1697 3025 1752 unius
3088 1699 3254 1753 moris
3301 1697 3355 1752 in

1821 1787 2001 1840 domo.
2043 1804 2061 1837 ›
2093 1782 2404 1839 Secundum
2432 1783 2810 1855 Symmachum
2857 1794 3058 1853 autem,
3094 1806 3114 1839 ‹
3144 1769 3248 1842 ’θοι
3272 1788 3354 1843 in-

165 1897 250 1934 σιν
279 1884 447 1934 οίκείν
473 1882 718 1950 μοναχοῖς
748 1879 971 1931 οὶκίανοι
1035 1877 1128 1930 καὶ
1154 1877 1292 1930 κατά
1327 1877 1415 1929 τὸν
1474 1874 1717 1937 Ἀκύλαν,

1821 1876 2164 1930 habitandam
2188 1873 2738 1942 monachis'domum;
2790 1894 2808 1926 ι
2845 1877 3138 1932 secundum
3190 1880 3358 1948 Aqui.

169 1991 185 2023 ι
206 1969 433 2033 Καθίζει
462 1972 763 2041 μωογενεῖς
790 1967 1043 2021 οἴκονδε·›
1079 1969 1216 2022 κατὰ
1246 1969 1301 2022 δὲ
1328 1967 1426 2037 τὴν
1460 1967 1713 2036 πέμπτην

161 2062 393 2124 ἔκδοσιν,
464 2082 480 2112 ι
506 2061 814 2123 Κατοικίζει
854 2058 1180 2129 μοωζὼνους
1238 2061 1295 2112 ὲν
1336 2062 1487 2130 οἴκῳ.
1531 2079 1549 2111 ι
1608 2060 1715 2132 Καὶ

160 2153 305 2206 τοῦτ’
342 2148 408 2225 ἦν
436 2153 495 2206 τὺ
522 2153 733 2223 πρῶτον
754 2151 913 2205 αὑτοῦ
965 2143 1307 2222 κατόρθωμα⁸
1335 2151 1364 2204 ὃ
1401 2151 1464 2221 δὴ
1497 2152 1589 2204 καὶ
1617 2151 1712 2220 μέ-

160 2261 350 2313 γιστον
379 2243 484 2298 τῶν
510 2243 673 2297 αὑτοῦ
725 2243 1262 2316 κατορθωμάτων,τῷ
1288 2243 1395 2296 τῶν
1418 2241 1714 2315 ἀνθρώπων

159 2333 459 2404 δεδώρηται
498 2334 661 2401 γένει.
720 2334 793 2386 Τὸ
843 2332 970 2402 γοῦν
1027 2324 1238 2404 πρῶτον
1273 2331 1456 2403 τάγμα
1504 2334 1610 2386 τῶν
1657 2333 1714 2386 ὲν

163 2425 386 2495 Χριστῷ
413 2425 821 2497 προκοπτόντων
871 2425 930 2479 τὸ
973 2425 1098 2479 οτῶν
1152 2427 1394 2496 μοναχῶν
1438 2425 1710 2495 τυγχάνει.

161 2514 387 2567 Σπάνιοι
417 2513 474 2565 δέ
515 2516 648 2567 είσιν
676 2508 836 2570 οὗτοι·
904 2514 983 2568 διὸ
1031 2515 1171 2569 κατά
1223 2517 1313 2569 τὸν
1366 2515 1590 2568 Ἀκύλαν
1623 2532 1716 2585 μο-

162 2605 398 2669 νογενής
457 2599 849 2672 ὠνομάσθησαν
869 2591 1282 2674 ἀφωμοιωμένοι
1326 2603 1404 2672 τῷ
1445 2605 1716 2673 μονογενεῖ

165 2693 278 2762 Υἱῷ
309 2675 401 2744 τού
435 2691 588 2745 Θεοῦ.
625 2691 860 2746 Κατὰηδὲ
887 2694 1011 2755 τοὺς
1051 2692 1440 2762 Ἐϐδομήκοντα
1465 2694 1714 2762 μονότρο-

165 2801 254 2836 ποι
313 2785 686 2854 τυγχάνουσιν,
737 2783 848 2837 ἀλλ’
877 2783 935 2836 οὐ
984 2783 1324 2854 πολύτροποι,
1373 2783 1489 2836 οὐδὲ
1530 2784 1712 2836 ἄλλοτε

162 2873 338 2940 άλλως
360 2875 450 2926 τὸν
484 2872 686 2926 ἑαυτῶν
713 2872 1125 2944 μεταϐάλλοντες
1158 2873 1372 2945 τρόπον,
1423 2873 1516 2926 ἕνα
1542 2873 1597 2925 δὲ
1630 2874 1716 2942 μό-

165 2981 252 3018 νον
279 2963 683 3035 κατορθοῦντες,
716 2966 805 3019 τὸν
833 2969 911 3028 είς
942 2966 1105 3036 ἀκρον
1133 2967 1330 3035 ἥκοντα
1356 2968 1569 3036 ἀρετῆς.
1605 2969 1715 3021 Μο-

164 3057 427 3122 νοζώνους
451 3058 507 3110 δὲ
543 3058 787 3126 αὑτοὺςή
820 3042 1038 3128 πέμπτη
1067 3057 1272 3120 ἕκδοσις
1321 3058 1618 3127 ὠνόμασεν,
1640 3061 1713 3121 ὡς

166 3145 229 3197 ἂν
261 3148 516 3216 μονήρεις
537 3145 628 3198 καὶ
647 3144 764 3197 καθ’
778 3147 998 3208 ἑαυτοὺς
1025 3145 1444 3222 ἀνεζωσμένους.
1475 3145 1711 3198 Τοιοῦτοι

163 3236 220 3289 δὲ
245 3238 447 3299 πάντες
480 3238 614 3289 είσὶν
641 3239 690 3289 oi
722 3237 814 3293 τὸν
847 3239 1052 3308 μονήρη
1076 3237 1167 3290 καὶ
1210 3236 1370 3305 ἁγνὸν
1399 3236 1708 3307 κατορθοῦν-

165 3341 254 3388 τες
283 3325 418 3394 βίον,
444 3319 518 3378 ὧν
551 3325 754 3395 πρῶτοι
783 3325 1064 3393 γεγόνασιν
1097 3327 1145 3378 oi
1169 3324 1262 3377 τοῦ
1293 3325 1538 3395 Σωτῆρος
1566 3325 1717 3394 ήμῶν

168 3415 425 3487 μαθηταὶ,
453 3413 532 3480 οἷς
594 3418 792 3488 εἴρητο·
834 3435 853 3467 ι
893 3417 982 3487 Μὴ
1015 3416 1285 3487 κτήσησθε
1339 3417 1555 3488 χρυσὸν,
1589 3416 1717 3490 μηδὲ

165 3507 402 3576 ἄργυρον
430 3508 508 3569 είς
546 3506 646 3570 τάς
702 3506 874 3571 ζώνας
905 3506 1078 3576 ὑμῶν,
1145 3507 1217 3576 μὴ
1261 3507 1437 3577 πήραν
1472 3510 1549 3570 εἰς
1579 3507 1715 3572 ὁδὸν,

169 3596 302 3665 μηδὲ
334 3597 668 3667 ὑποδήματα,
694 3597 826 3667 μηδὲ
860 3597 1102 3667 ῥάϐδον.)
1150 3598 1236 3651 Ἐν
1267 3589 1373 3668 γὰρ
1422 3598 1497 3666 τῷ
1545 3598 1718 3672 λέγειν

170 3686 242 3756 μὴ
265 3687 378 3738 δεῖν
400 3685 696 3758 κτήσασθαι
717 3686 910 3757 χρυσὸν
940 3686 1070 3756 μηδὲ
1093 3687 1324 3757 ἄργυρον
1341 3689 1418 3747 είς
1432 3685 1527 3749 τὰς
1547 3687 1718 3751 ζώνας

166 3777 570 3848 ἀνεζωσμένους
623 3778 815 3841 αὐτοὺς
873 3778 1098 3846 εἰσάγει.
1133 3775 1289 3832 Οὕτω
1342 3777 1396 3828 δὲ
1429 3778 1521 3831 καὶ
1555 3780 1718 3831 πᾶσιν

168 3867 300 3935 ἡμῖν
356 3867 385 3918 ὁ
426 3867 738 3933 Ἀπόστολος
791 3866 1214 3940 παρακελεύεται
1273 3867 1460 3934 λέγων’
1512 3887 1528 3919 ι
1552 3869 1716 3938 Στῆτε

166 3953 259 4010 οὖν
284 3956 713 4030 περιζωσάμενοι
741 3960 839 4029 τὴν
863 3961 1028 4028 ὀσφὺν
1054 3959 1202 4030 ὑμῶν
1232 3962 1287 4012 ὲν
1321 3959 1590 4029 ἀληθείᾳ.»
1611 3963 1719 4014 Καὶ

165 4050 216 4102 ot
253 4048 318 4100 τὸ
339 4039 534 4120 ’Πάσχα
563 4050 621 4102 δὲ
649 4049 914 4112 ἐσθίοντες
938 4049 1240 4101 ἐκελεύοντο
1266 4049 1362 4112 τὰς
1390 4049 1555 4117 ὀσφῦς
1577 4049 1717 4119 ἔχειν

167 4138 627 4210 περιεζωσμένας.
663 4139 829 4193 Τοῦτο
857 4139 920 4210 δὴ
952 4136 1043 4194 οὖν
1073 4142 1287 4213 πρῶτον
1332 4141 1581 4210 κατορθοί
1610 4146 1718 4205 τοῖς

168 4231 226 4282 ὲν
277 4229 506 4298 δυσμαῖς
552 4229 786 4283 οἰκοῦσιν
839 4231 1175 4302 ἐπιδημήσας
1202 4233 1258 4293 ,ό
1319 4231 1714 4302 θεσπιζόμενος.

182 4320 313 4374 Ἀπὸ
333 4320 439 4391 γὰρ
461 4320 568 4373 τῶν
599 4321 992 4392 προλεχθέντων
1029 4323 1274 4395 ὀρφανῶν
1296 4324 1388 4376 καὶ
1416 4324 1522 4380 τῶν
1552 4325 1717 4396 δηλωα

169 4409 364 4464 θαισῶν
403 4410 584 4480 χηρῶν
613 4409 904 4481 Ῐάφορίσας,
966 4412 1236 4485 ἐξαίρετον
1285 4414 1376 4466 καὶ
1398 4413 1717 4483 τιμιώτατον

169 4500 347 4571 ἑαυτῷ
378 4501 559 4572 τάγμα
585 4503 646 4554 τὸ
676 4502 782 4556 τῶν
819 4504 1160 4574 μονοτρόπων
1192 4503 1483 4567 κατοικίζει
1520 4506 1712 4568 αὐτοὺς
1742 4541 1790 4600 D

171 4595 228 4646 ὲν
257 4592 412 4660 οἴκῳ,
441 4593 713 4665 δηλαδήεὲν
742 4595 807 4664 τῇ
844 4595 1131 4668 Ἐκκλησία
1163 4594 1345 4658 αὐτοῦ,
1383 4597 1712 4666 παραμένειν

171 4685 264 4753 καὶ
286 4688 556 4737 κατοικεῖν
614 4687 672 4742 ἐν
727 4687 860 4755 αὐτῇ
893 4685 1157 4750 καταξιῶν
1189 4687 1401 4749 αὐτούς.
1452 4687 1606 4741 Μετὰ
1659 4688 1714 4740 δὲ

170 4773 389 4837 τούτους
422 4775 664 4847 δεύτερον
712 4777 867 4847 ἔργον
900 4779 1219 4846 κοινωφελὲς
1249 4781 1340 4832 καὶ
1381 4780 1459 4840 είς
1488 4777 1714 4841 πολλοὺς

171 4861 440 4916 διαϐαῖνον
480 4863 746 4935 κατορθοῖ,
787 4864 1036 4933 ‹,ὲξάγων
1085 4866 1483 4937 πεπεδημένους
1517 4866 1572 4918 ὲν
1621 4867 1714 4918 ἀν-
1759 4919 1764 4927 ,

170 4948 377 5019 δρείᾳοι
415 4954 480 5021 τῇ
503 4951 608 5021 γὰρ
634 4953 826 5006 ἑαυτοῦ
852 4953 1067 5024 ἀνδρεία
1091 4953 1271 5023 ἐξάγει
1312 4957 1437 5018 τοὺς
1458 4953 1714 5024 πρότερον

175 5041 381 5108 σειραῖς
415 5042 692 5111 ἁμαρτιῶν
720 5043 1138 5114 πεπεᾶημὲνους.
1203 5045 1346 5099 ’Δντὶ
1369 5045 1425 5098 δὲ
1449 5043 1563 5106 τοῦ,
1597 5063 1617 5096 ‹
1656 5047 1714 5100 ὲν
1741 5085 1744 5087 -

173 5129 412 5200 ἀνδρεία,
434 5133 510 5192 είς
531 5133 842 5196 auditiath
883 5136 1216 5205 ήρμήνευσεν
1244 5139 1273 5189 ό
1306 5136 1610 5205 Σύμμαχος,
1639 5138 1714 5188 εί-

174 5217 308 5271 πὼν·
349 5235 368 5271 ι
409 5217 618 5286 Ἐξάγει
654 5223 963 5292 δεδεμένους
1004 5227 1081 5288 είς
1140 5224 1446 5279 ἀπόλυσιν.»
1492 5225 1715 5295 Νοήσεις

173 5309 231 5365 δὲ
256 5312 351 5364 καὶ
373 5310 528 5363 τοῦτο
548 5314 611 5364 ἐκ
633 5313 729 5380 τῆς
755 5313 1014 5388 λεγούσης
1053 5317 1111 5369 ὲν
1166 5317 1358 5388 Ἡσαΐᾳ
1387 5317 1720 5386 προφητείας.

175 5403 253 5464 εἰς
273 5399 436 5455 αὐτοῦ
463 5401 748 5471 πρόσωπον
797 5403 890 5456 τοῦ
925 5406 1150 5476 Κυρίου·
1198 5426 1216 5457 ι
1252 5407 1380 5461 Ἰδοὺ
1413 5406 1614 5459 δέδωκά
1657 5423 1714 5459 σε

175 5491 539 5563 είςδιαθήκην
561 5493 765 5559 γένους,
801 5493 880 5556 είς
931 5495 1045 5565 φῶς
1077 5495 1262 5561 ὲθνῶν,
1287 5496 1489 5564 ἀνοῖξαι
1519 5497 1713 5571 ὀφθαλ-

179 5581 311 5649 μοὺς
346 5581 576 5650 τυφλῶν,
606 5581 815 5649 ἐξάγειν
847 5584 911 5636 ικ
940 5583 1504 5657 δεσμῶνδεδεμένους,
1539 5587 1631 5640 καὶ
1658 5588 1716 5651 ἐξ

252 5779 292 5810 ¹⁸
315 5778 500 5832 Matth.
551 5795 602 5844 ι,
636 5778 687 5843 9,
725 5778 808 5831 10.
893 5781 932 5811 ¹³
963 5778 1151 5848 Epltes.
1181 5799 1251 5849 Vl,
1287 5785 1364 5835 Μ.
1397 5779 1408 5791 ’

1820 1968 1946 2031 lam,
1996 1985 2024 2039 _«
2064 1965 2260 2021 Sedere
2291 1965 2418 2020 facit
2462 1966 2766 2036 uni-genitos
2800 1966 2972 2035 domi;
3011 1988 3031 2021 ι
3061 1970 3354 2025 secundum

1819 2055 2062 2126 quintam
2111 2056 2423 2119 editionem,
2474 2074 2492 2106 ι
2540 2057 2843 2112 lnhabitare
2891 2056 3018 2113 facit
3065 2075 3171 2113 una
3221 2076 3354 2124 zona

1819 2147 2142 2216 praecinctos
2171 2144 2338 2198 domi.
2382 2163 2401 2195 ι
2433 2144 2498 2199 Ει
2528 2146 2660 2201 illud
2685 2155 2803 2202 erat
2828 2150 3062 2218 primum
3090 2151 3206 2220 ejus
3229 2167 3358 2222 pra-

1819 2237 2024 2304 clarum
2056 2251 2215 2306 opus,
2245 2235 2390 2306 quod
2425 2229 2717 2290 maximum
2745 2239 2866 2307 ejus
2916 2239 3126 2297 facinus
3171 2249 3256 2298 est
3300 2245 3353 2296 in

1819 2330 2045 2400 gratiam
2102 2329 2323 2383 humani
2377 2315 2595 2398 generis.
2632 2328 2854 2383 editum.
2911 2329 3125 2387 Primus
3179 2333 3357 2404 itaque

1819 2421 1951 2473 ordo
1977 2434 2164 2474 eorum
2185 2421 2277 2489 qui
2301 2419 2357 2473 in
2382 2417 2596 2473 Christo
2623 2417 2928 2488 proficiunt,
2957 2427 3040 2473 est
3063 2422 3356 2476 monacho-

1818 2527 1959 2566 rum.
1987 2511 2089 2566 Sed
2117 2513 2223 2566 rari
2250 2519 2375 2565 sunt
2402 2513 2516 2579 illi;
2549 2527 2716 2581 quare
2761 2511 3057 2581 secundum
3103 2513 3353 2583 Aquilam

1819 2604 2083 2673 unigeniti
2120 2604 2292 2658 vocati
2325 2611 2468 2666 sunt,
2507 2603 2713 2660 similes
2750 2603 2876 2657 facti
2919 2605 3191 2674 unigenito
3221 2602 3356 2659 Filio

1817 2696 1932 2750 Dei.
1965 2692 2269 2750 Secundum
2297 2693 2436 2747 LXX
2458 2702 2655 2758 autem,
2675 2695 2857 2758 unius,
2880 2710 2987 2748 non
3016 2697 3215 2752 diversi
3241 2711 3357 2753 mo-

1821 2789 1896 2842 ris
1925 2797 2068 2851 sunt,
2097 2802 2270 2856 neque
2297 2786 2525 2842 subinde
2553 2802 2756 2841 morem
2791 2788 3022 2851 variant,
3066 2787 3160 2842 sed
3190 2803 3352 2842 unum

1820 2879 2002 2932 colunt
2033 2877 2126 2947 qui
2154 2876 2220 2930 ad
2251 2876 2468 2932 virtutis
2498 2891 2754 2931 cacumen
2791 2877 3023 2930 advenit.
3047 2875 3195 2946 Ipsos
3227 2891 3354 2931 vero

1819 2970 1979 3023 unius
2005 2984 2155 3023 zona:
2190 2969 2376 3038 quinta
2404 2968 2571 3022 editio
2599 2969 2833 3030 vocavit,
2872 2975 3055 3037 utpote
3095 2968 3186 3037 qui
3219 2955 3352 3024 soli-

1819 3059 1962 3122 tarii,
1997 3066 2051 3113 et
2083 3074 2177 3127 per
2225 3060 2430 3126 seipsos
2480 3057 2752 3127 praecincti
2785 3059 2912 3113 sint.
2973 3056 3128 3112 Tales
3177 3065 3353 3112 autem

1820 3158 1964 3212 sunt,
1986 3154 2250 3218 quotquot
2273 3147 2624 3201 monasticam
2643 3153 2957 3216 castamque
2981 3148 3143 3200 vitam
3166 3156 3352 3218 agunt,

1815 3254 2042 3308 quorum
2097 3238 2255 3308 primi
2304 3237 2454 3293 fuere
2502 3235 2799 3292 Salvatoris
2853 3238 3022 3293 nostri
3082 3238 3350 3308 discipuli,

1816 3331 2012 3400 quibus
2040 3331 2242 3385 dictum
2273 3338 2355 3385 est
2387 3349 2400 3383 :
2441 3348 2460 3380 ‹
2502 3328 2675 3384 Nolite
2722 3330 3001 3398 possidere
3039 3344 3229 3384 aurum
3259 3346 3354 3385 nc-

1815 3403 2244 3491 que‘argentum
2301 3421 2354 3473 in
2408 3420 2556 3474 zonis
2601 3421 2816 3492 vestris,
2857 3435 3030 3488 neque
3067 3434 3247 3489 peram
3299 3421 3351 3474 in

1815 3511 1979 3573 viam,
2009 3524 2185 3578 neque
2212 3509 2597 3571 calceamenta,
2629 3523 2803 3576 neque
2834 3507 3037 3577 virgam
3057 3507 3118 3560 “.
3164 3528 3182 3558 ι
3218 3495 3351 3562 Cum

1816 3599 2014 3653 dicitur
2039 3599 2204 3661 enim,
2234 3612 2340 3651 non
2374 3606 2622 3666 oportere
2649 3597 2925 3668 possidere
2965 3611 3153 3651 aurum
3182 3613 3354 3666 neque

1817 3690 2168 3759 argentuntin
2200 3692 2375 3750 zonis,
2412 3690 2568 3757 ipsos.
2593 3691 2745 3744 zonis
2771 3688 3092 3756 praecinctus
3127 3687 3349 3743 indicat.

1819 3781 1907 3834 Sic
1938 3787 2115 3833 autem
2149 3780 2402 3834 omnibus
2454 3781 2611 3835 nobis
2655 3779 2946 3849 Apostolus
2991 3779 3234 3847 praecipit
3272 3779 3355 3838 di,-

1816 3885 1980 3924 cens:
2021 3887 2038 3915 ι
2083 3869 2240 3923 State
2289 3870 2454 3939 igitur
2502 3871 2776 3938 pmcincu
2817 3869 3029 3925 lumbos
3056 3877 3265 3924 vestros
3297 3871 3352 3922 in

1817 3961 2042 4014 veritate
2065 3961 2129 4013 ¹¹.
2163 3979 2180 4010 ι
2211 3957 2448 4027 Itemque
2473 3959 2563 4027 qui
2588 3959 2784 4027 pascha
2808 3955 3180 4027 comedebant,
3214 3960 3355 4014 lum-

1817 4049 1916 4101 bos
1947 4049 2267 4119 praecinctos
2300 4047 2496 4102 habere
2520 4047 2867 4115 jubebantur.
2917 4048 2974 4102 ld
3028 4049 3192 4118 igitur
3238 4049 3351 4117 pri-

1817 4152 1962 4189 mum
1979 4151 2113 4204 opus
2131 4135 2499 4188 habitantibus
2524 4135 2576 4187 in
2601 4149 2799 4188 occasu
2829 4134 3124 4188 adventans
3139 4132 3352 4186 exhibet

1817 4230 1865 4285 is
1891 4228 1983 4298 qui
2010 4229 2065 4281 in
2093 4225 2347 4281 vaticinio
2392 4225 2580 4281 fertur.
2626 4224 2757 4279 Nam
2801 4240 2868 4279 ex
2923 4225 3235 4279 memoratis
3262 4240 3351 4280 or-

1818 4320 2011 4391 phanis
2029 4325 2084 4374 et
2115 4317 2290 4374 viduis
2317 4315 2581 4372 adlectum
2610 4315 2713 4370 sibi
2742 4324 3084 4386 praestantem
3115 4315 3263 4369 illum
3299 4323 3352 4370 et

1819 4409 2265 4482 pretiosissimum
2315 4408 2475 4462 unius
2524 4407 2690 4461 moris
2733 4407 3000 4484 ordinem,
3051 4405 3353 4470 inhabitare

1820 4502 1946 4556 facit
1975 4502 2029 4556 in
2053 4500 2234 4563 domo,
2266 4499 2471 4554 scilicet
2498 4497 2554 4550 in
2608 4494 2851 4551 Ecclesia
2885 4511 3004 4556 sua,
3051 4494 3350 4563 dignosque

1812 4610 1906 4650 eos
1936 4593 2127 4648 habuit
2149 4591 2243 4661 qui
2272 4590 2328 4643 in
2350 4602 2413 4643 ea
2438 4593 2714 4641 manerent
2739 4593 2793 4640 et
2827 4584 3150 4639 habitarent.
3192 4580 3348 4637 Post-

1811 4701 1969 4756 quam
1993 4686 2139 4755 ipsos
2165 4681 2378 4751 delegit,
2412 4677 2557 4732 aliud
2605 4692 2741 4746 opus
2769 4683 3007 4746 praestat,
3049 4675 3103 4729 in
3153 4675 3349 4728 multo-

1812 4792 1929 4831 rum
1959 4776 2244 4829 utilitatem
2274 4778 2329 4825 et
2361 4771 2804 4832 emolumentum,
2865 4786 2883 4818 ι
2945 4767 3181 4842 educens
3228 4765 3349 4818 vin-

1813 4875 1929 4922 ctos
1956 4866 2010 4919 in
2049 4863 2367 4918 fortitudine
2410 4881 2423 4916 :
2486 4880 2506 4912 ι
2563 4866 2686 4915 nam
2721 4859 2925 4912 virtute
2976 4872 3075 4913 sua
3127 4868 3220 4910 eos
3256 4857 3348 4922 qui

1812 4957 2013 5029 pridem
2038 4963 2382 5024 peccatorum
2413 4952 2644 5008 vinculis
2669 4947 3195 5017 constringebantur,
3213 4943 3348 4998 edu-

1811 5050 1904 5102 cit.
1927 5046 2030 5100 Pro
2059 5047 2151 5101 illo
2191 5054 2392 5108 autem,
2429 5063 2448 5095 ι
2485 5043 2539 5095 in
2572 5039 2905 5103 fortitudine,
2945 5058 2963 5090 ο
2996 5035 3349 5106 Symmachus

1819 5157 1836 5190 ι
1866 5139 1920 5193 in
1945 5133 2312 5193 dimissionem
2351 5155 2371 5188 ι
2409 5136 2792 5203 interpretatus
2814 5139 2899 5186 est
2916 5131 3101 5185 dicens
3128 5147 3139 5181 :
3162 5144 3181 5177 ι
3205 5126 3348 5180 Edu-

1812 5232 1885 5286 cit
1911 5231 2124 5284 vinctos
2145 5230 2204 5284 in
2224 5227 2615 5284 dimissionem.
2652 5244 2679 5286 ,ι
2713 5216 2837 5278 Habe
2878 5235 3039 5292 porro
3081 5219 3346 5288 intelligas

1811 5338 1876 5376 ex
1909 5319 2186 5390 prophetia
2212 5318 2382 5379 Isaiae,
2410 5329 2529 5386 quat
2562 5331 2627 5370 ex
2655 5315 2821 5383 ipsius
2864 5310 3072 5365 Domini
3112 5322 3344 5377 persona

1814 5411 1892 5465 sic
1914 5410 2191 5478 loquitur:
2230 5425 2250 5458 ι
2289 5404 2426 5459 Ecce
2452 5404 2573 5458 dedi
2607 5413 2660 5457 te
2698 5403 2752 5455 in
2780 5407 3154 5455 testamentum
3183 5409 3342 5466 gene-

1815 5496 1913 5567 ris,
1948 5501 2003 5555 in
2029 5503 2203 5556 lucem
2241 5499 2502 5570 gentium,
2548 5497 2614 5550 ad
2645 5491 2988 5563 aperiendum
3033 5489 3218 5542 oculos
3247 5500 3344 5538 cm-

1815 5609 2026 5659 corum,
2063 5592 2127 5647 ad
2168 5589 2519 5647 educendum“
2550 5601 2615 5641 ex
2657 5583 2886 5667 vinculis
2913 5579 3149 5649 ligatos,
3185 5583 3243 5632 et
3269 5591 3336 5631 ex
