3966 6340
628 434 728 495 (αἱδὶ

1295 423 1560 483 EUSEBII
1597 415 2074 478 CESABIENSIS
2114 412 2261 471 OPP.
2304 409 2483 465 PARS
2524 408 2610 464 III.
2653 438 2721 448 -—
2759 403 3164 461 EXEGETICA.

3778 394 3876 450 692

632 553 794 609 domo
820 552 1081 608 custodiae
1106 549 1359 605 sedentes
1390 549 1447 603 in
1481 545 1724 603 tenebris
1753 545 1817 597 ’³.
1858 563 1875 595 3
1913 541 2022 597 Eos
2050 540 2195 594 enim

2301 533 2443 588 οἴκου
2483 529 2730 602 φυλακῆς
2758 528 3102 600 καθημένους
3129 529 3191 580 ἐν
3211 526 3441 581 πέτει.)
3473 524 3620 587 Τοὺς
3651 519 3765 592 γὰρ
3789 519 3876 572 πά-

633 646 726 713 qui
756 645 884 698 olim
915 643 1201 698 diabolicis
1229 640 1466 696 vinculis
1509 635 2046 706 constringebantur.
2076 632 2191 686 dia-

2292 628 2380 680 λαι
2407 626 2627 696 δεσμοῖς
2659 621 2984 685 διαεολικοῖς
3034 617 3518 690 κατεσφιγμένσυς,
3567 615 3668 670 καὶ
3695 615 3763 685 τῇ
3789 629 3875 666 πο-

634 735 809 790 lmlico
837 735 1131 790 multorum
1165 733 1449 787 numinum
1505 720 1679 784 errori
1728 727 1962 793 deditos,
1999 725 2204 806 solutis_

2301 718 2468 788 λυθέῳ
2497 716 2591 770 καὶ
2650 714 2934 785 δαιμονικῇ
2979 712 3154 784 πλάνῃ
3195 709 3660 782 προστετηκότας,
3719 704 3873 766 λύσας

634 827 865 882 vinculis
897 826 1105 891 eduxit,
1141 837 1406 881 concessa
1436 829 1786 893 peccatorum
1845 817 2192 874 remissione.

633 918 744 973 lmo
776 921 944 974 etiam
984 935 1078 974 eos
1111 919 1204 989 qui
1266 932 1297 972 a
1357 915 1556 971 saeculo
1613 914 1669 968 in
1727 919 1902 968 morte
1955 909 2193 980 colligati

633 1019 789 1065 erant
845 1027 1030 1067 secum
1065 1007 1434 1070 resuscitavit,
1469 1022 1592 1061 cum
1624 1005 1821 1059 acerba
1848 1002 2043 1058 mortis
2076 1003 2196 1056 vin-

635 1101 758 1155 cula
793 1102 1067 1157 solvisset.
1105 1098 1220 1152 Hoc
1245 1106 1421 1152 autem
1452 1096 1581 1152 fecit
1610 1115 1629 1159 ι
1671 1096 1727 1150 in
1754 1096 1984 1158 virtute;
2025 1113 2043 1145 ι
2068 1108 2196 1147 nam

635 1199 876 1262 accepta.
894 1191 1132 1246 hominis
1159 1190 1332 1244 forma
1357 1204 1560 1258 perque
1581 1187 1878 1242 humanum
1905 1201 2105 1256 corpus
2122 1184 2198 1238 vi-

634 1285 808 1339 riliter
835 1299 1023 1354 agens,
1055 1285 1268 1337 vinctos
1297 1282 1552 1352 superius
1596 1287 1924 1333 memoratos
1966 1293 2032 1332 ex
2076 1277 2197 1332 vin-

636 1360 1014 1431 υιιὶίἐθάῦιιὶῑ.
1051 1373 1174 1430 Haec
1199 1381 1355 1427 erant
1389 1372 1649 1442 praeclara
1681 1370 1774 1425 Dei
1807 1367 1968 1423 Verbi
2006 1369 2073 1423 ad
2099 1368 2198 1423 ho-

637 1468 812 1522 mines
839 1466 1184 1520 adventantis
1215 1464 1481 1526 facinora,
1513 1463 1712 1532 quibus
1744 1461 1943 1517 deinde
1967 1461 2198 1528 subiun-

637 1552 782 1620 gitur
820 1570 832 1603 :
875 1570 893 1602 ι
937 1549 1201 1604 Similiter
1247 1563 1342 1604 eos
1383 1547 1477 1617 qui
1509 1553 1857 1616 exasperant,
1902 1546 2001 1615 qui
2043 1543 2199 1598 habi-

640 1643 833 1697 tantin
863 1641 1148 1711 sepulcris.
1194 1659 1211 1692 ›
1257 1637 1412 1706 Quod
1470 1636 1828 1709 Symmachus
1877 1637 1981 1690 hoc
2040 1643 2198 1706 pacto
2247 1648 2253 1653 '

638 1735 838 1788 clarius
873 1744 920 1788 et
959 1734 1197 1803 apertius
1229 1730 1564 1802 explicavit:
1607 1750 1624 1781 ι
1661 1728 2086 1798 Inobsequentes
2104 1743 2202 1782 au-

640 1836 747 1883 tem
780 1826 1160 1882 inhabitabunt
1188 1831 1354 1879 :estus
1387 1822 1726 1888 siccitatem;
1770 1841 1788 1872 ›
1816 1821 2014 1890 Aquila
2043 1836 2196 1884 vero,

645 1934 663 1964 ι
704 1915 1086 1970 Verumtamen
1119 1915 1445 1969 absistentes
1483 1910 1858 1966 inhabitarunt
1881 1889 2070 1966 laevem
2104 1927 2197 1981 ρει
2231 1889 2273 1942 Β

638 2015 800 2061 tram.
842 2025 860 2058 ι
890 2003 1013 2075 Ipse
1035 2006 1234 2074 quippe
1269 2002 1481 2058 volebat
1509 2002 1903 2058 exacerbantes
1950 2016 1983 2054 a
2004 2000 2198 2055 vincu-

642 2099 709 2152 lis
737 2113 933 2154 eruere
966 2104 1019 2150 et
1051 2097 1302 2152 liberare.
1336 2095 1405 2149 At
1438 2095 1515 2150 illi
1549 2095 1605 2148 in
1635 2091 1948 2164 hujusmodi
1992 2093 2202 2148 inobse

640 2190 867 2260 quentia
896 2194 1330 2258 perseverantes,
1371 2186 1650 2256 Deumque
1678 2201 1740 2240 ea
1773 2185 1829 2238 in
1876 2199 1934 2238 re
1984 2197 2202 2238 exacer-

549 2316 555 2323 ~
641 2282 837 2335 bantes
868 2289 922 2334 et
962 2286 1375 2349 exasperantes,
1431 2278 1486 2332 in
1529 2277 1798 2348 sepulcris
1841 2276 1956 2331 suis
1990 2275 2202 2328 habita-

640 2372 797 2436 bunt,
824 2350 899 2426 ita
922 2380 982 2426 ut
1007 2371 1074 2428 de
1097 2371 1206 2424 illis
1236 2370 1453 2423 dicatur
1490 2388 1503 2424 :
1543 2388 1561 2420 ι
1601 2368 1732 2424 Sine
1765 2376 2010 2422 mortuos
2047 2381 2201 2435 sepe-

640 2460 742 2517 lire
771 2472 1017 2517 mortuos
1053 2476 1184 2516 suos
1219 2460 1299 2528 u;
1332 2479 1358 2511 ι
1390 2459 1505 2515 sive
1552 2459 1715 2514 etiam
1751 2479 1769 2510 ι
1821 2459 2203 2514 inhabitabunt

642 2565 809 2613 aestus
840 2554 1142 2609 siccitatem
1165 2570 1179 2619 ;
1201 2548 1240 2604 ἰ
1267 2560 1450 2622 utpote
1477 2552 1569 2622 qui
1595 2551 1723 2606 ituri
1748 2551 1860 2606 sint
1900 2571 1918 2603 ι
1951 2552 2202 2622 inignem

641 2654 925 2710 aeternum,
961 2653 1205 2715 paratum
1232 2644 1448 2701 diabolo
1475 2653 1529 2700 et
1556 2644 1761 2715 angelis
1793 2644 1912 2714 ejus
1932 2644 1994 2695 ³⁸.
2026 2663 2044 2694 ›

707 2822 876 2887 νεεδ.
904 2824 958 2888 8,
986 2823 1042 2879 9.
1074 2822 1270 2888 «Deus,
1306 2838 1428 2882 cum
1456 2822 1794 2894 egredereris
1829 2822 1884 2876 in
1909 2828 2204 2890 conspectu

645 2917 825 2988 populi
842 2916 944 2980 tui,
975 2930 1096 2969 cum
1113 2917 1480 2985 pertransires
1504 2901 1818 2988 inldeserto.
1843 2912 2199 2984 Diapsalma.»

642 3008 739 3062 Dei
775 3004 1009 3060 Verbum
1043 3020 1155 3060 non
1178 3005 1335 3060 modo
1383 3005 1437 3058 in
1481 2986 1952 3060 consummatione
1980 3003 2206 3079 saeculo-

644 3114 765 3152 rum
797 3097 863 3152 ad
886 3097 1132 3152 homines
1160 3097 1466 3161 advenisse,
1516 3096 1610 3152 sed
1640 3096 1804 3150 etiam
1829 3092 2005 3165 ipsum
2041 3093 2207 3150 fuisse

643 3188 788 3259 quod
832 3200 928 3257 per
976 3187 1220 3260 Moysemv
1268 3188 1492 3242 oracula
1553 3185 1830 3252 fundebat,
1866 3184 1954 3240 hic
1982 3185 2208 3240 docetur

645 3281 733 3335 his
756 3280 936 3336 verbis
966 3297 979 3333 :
1015 3298 1033 3331 ι
1073 3281 1242 3344 Deus,
1275 3295 1400 3335 cum
1434 3278 1772 3350 egredereris
1827 3278 1884 3332 in
1911 3285 2205 3348 conspectu

643 3373 830 3442 populi
862 3372 961 3436 tui,
988 3386 1110 3425 cum
1143 3371 1508 3440 pertransires
1530 3372 1582 3424 in
1599 3371 1816 3426 deserto
1836 3410 1851 3433 ,
1877 3378 2024 3425 terra
2063 3377 2208 3424 mota

643 3471 751 3525 cst,
779 3465 976 3518 etenim
1031 3463 1155 3516 caeli
1205 3459 1630 3520 distillaverunt.
1669 3481 1687 3514 ι
1745 3460 1898 3516 Tunc
1926 3464 2092 3526 enim,
2125 3462 2209 3516 in-

645 3555 784 3624 quit,
819 3568 943 3607 cum
992 3552 1251 3608 educeres
1291 3553 1430 3608 ﬁlios
1481 3554 1646 3609 Israel
1699 3570 1763 3609 ex
1792 3564 1934 3631 terra
1964 3553 2205 3625 IEg'ypti,

648 3644 792 3701 fama
825 3661 1005 3702 rerum
1035 3645 1090 3699 in
1125 3645 1357 3717 Egypto
1388 3653 1659 3717 gestarum
1695 3646 1762 3699 ad
1805 3661 1994 3702 omnes
2018 3661 2208 3716 perva-

620 3745 829 3808 gante,
880 3739 1138 3794 universa
1194 3745 1338 3792 terra
1388 3745 1532 3794 mota
1571 3744 1672 3792 est.
1712 3737 1818 3793 Sed
1843 3746 1974 3793 tunc
1991 3737 2206 3809 quidem

648 3837 793 3883 terra
822 3837 966 3884 mota
999 3835 1115 3891 est;
1150 3828 1263 3883 sive
1314 3827 1476 3892 fama,
1509 3836 1568 3882 ut
1584 3828 1791 3883 dictum
1836 3837 1940 3892 est,
1965 3829 2207 3884 omnium

648 3920 1046 3989 terrigenarum.
1071 3935 1230 3976 aures
1255 3922 1510 3989 implente
1537 3939 1551 3987 ;
1583 3921 1697 3975 sive
1722 3921 1883 3974 etiam
1914 3922 2032 3991 ipso
2052 3928 2208 3980 terrae

648 4012 914 4066 elemento
943 4013 1008 4066 de
1037 4014 1269 4068 adventu
1294 4013 1389 4069 Dei
1418 4015 1659 4069 laetante.
1693 4013 1850 4080 Quod
1888 4015 2014 4069 item
2049 4014 2208 4070 docet

648 4099 789 4153 alius
841 4101 1084 4170 psalmus
1135 4103 1222 4157 his
1271 4104 1497 4180 verbis:
1537 4124 1554 4156 ι
1597 4107 1656 4159 In
1715 4104 1866 4159 exitu
1923 4107 2089 4161 Israel
2141 4106 2208 4161 de

650 4187 906 4260 Egypto,
930 4191 1123 4248 domus
1138 4190 1308 4249 Iacob
1330 4194 1396 4250 de
1407 4196 1603 4263 populo
1617 4196 1872 4264 barbaro,
1893 4204 2102 4251 montes
2117 4212 2210 4251 ex-

647 4274 983 4334 sultaiverunt
1004 4291 1063 4336 ut
1090 4283 1309 4345 arietes.
1333 4294 1384 4338 et
1405 4285 1569 4340 colles
1592 4286 1732 4340 sicut
1747 4286 2069 4356 agniovium
2093 4287 2155 4339 ¹⁶.
2182 4305 2202 4340 ι

648 4366 815 4422 Terra
848 4369 1031 4440 itaque
1056 4375 1299 4442 gaudens
1341 4376 1824 4444 commovebatur;
1871 4377 1996 4432 ραιὶὶ
2027 4383 2206 4434 autem

646 4457 1051 4515 distillaverunt.
1108 4483 1120 4516 :
1186 4465 1317 4533 quid
1371 4465 1811 4533 distillaveruut,
1865 4469 1970 4523 nisi
2024 4469 2205 4526 cibum

2291 808 2403 862 τῶν
2432 806 2657 878 δεσμῶν
2676 805 2932 875 ἐξήγαγε,
2961 805 3084 869 δοὺς
3107 805 3312 874 Δάφεσιν
3369 801 3684 874 ἁμαρτιῶν.
3725 798 3874 852 Ἀλλά

2296 904 2393 957 καὶ
2419 902 2548 964 τοὺς
2588 901 2646 952 ἐν
2698 897 2776 970 τῷ
2839 898 3054 967 θανάτῳ
3087 896 3339 968 δεσμίους
3377 895 3538 960 ὂντας
3588 892 3656 959 ἐξ
3685 892 3872 954 αἰῶνος

2289 992 2684 1064 συνανέστησεν
2716 989 2911 1060 ἐαυτῷ,
2947 989 3248 1053 λύσαςντῶν
3276 988 3486 1060 πικρῶν
3509 986 3608 1040 τοῦ
3645 985 3872 1039 θανάτου

2295 1082 2528 1154 δεσμῶν.
2561 1081 2672 1135 Kal.
2727 1079 2887 1132 τοῦτο
2918 1077 3151 1150 ἔπραξεν
3214 1097 3232 1130 ι
3258 1080 3315 1131 ἐν
3348 1075 3630 1149 ἀνδρείῳ»
3691 1072 3874 1141 ἀνδρὸς

2295 1174 2403 1245 γάρ
2432 1175 2616 1245 σχῆμα
2643 1171 2842 1237 λαϐὼν,
2887 1171 2979 1225 καὶ
3027 1171 3090 1224 δι’
3131 1169 3464 1242 ἀνθρωπείου
3496 1167 3759 1239 σώματος
3791 1165 3872 1217 άν-

2295 1266 2638 1338 δρισάμενος,
2663 1261 2901 1336 ἐξήγαγε
2928 1261 3036 1316 τῶν
3059 1262 3271 1333 δεσμῶν
3297 1262 3423 1326 τοὺς
3455 1257 3869 1333 προλεχθέντας.

2297 1358 2463 1413 Ταῦτ’
2483 1355 2550 1429 ἦν
2578 1359 2645 1412 τὰ
2663 1355 3065 1430 κατορθώματα
3093 1356 3192 1425 τῆς
3213 1358 3291 1420 είς
3332 1354 3658 1428 ἀνθρώπους
3689 1353 3869 1421 ἐπιδη-

2300 1454 2426 1525 μίας
2455 1451 2549 1505 τοῦ
2581 1451 2713 1505 Θεοῦ
2776 1449 2972 1519 Λόγου,
3025 1443 3105 1512 οἷς
3149 1448 3275 1519 ἐξῆς
3313 1450 3546 1519 εἴρηται·
3583 1465 3602 1499 ι
3643 1446 3866 1518 Ὁμοίως

2297 1545 2421 1607 τοὺς
2443 1541 2981 1614 παραπικραίνοντας
2995 1542 3121 1605 τοὺς
3145 1536 3529 1604 κατοικοῦντας
3550 1543 3607 1594 ἐν
3626 1540 3867 1608 τάφοιςυ

2301 1638 2475 1707 Ὅπερ
2501 1638 2528 1689 6
2557 1635 2845 1706 Σύμμαχος
2884 1635 3196 1707 ἡρμήνευσε
3241 1631 3578 1704 λευκότερον,
3606 1632 3872 1702 διασαφή-

2301 1746 2398 1792 σας
2427 1727 2523 1798 τὴν
2562 1709 2796 1780 διάνοιαν
2821 1728 2913 1780 καὶ
2943 1724 3131 1781 εἰπών’
3171 1744 3190 1777 ι
3219 1725 3280 1778 Οἱ
3311 1723 3369 1778 δὲ
3409 1724 3661 1787 ἀπειθεῖς
3695 1741 3870 1777 κατοι-

2302 1821 2529 1891 κήσουσι
2558 1817 2837 1879 καύσωνος
2871 1816 3195 1888 ξηρότηταοι
3226 1817 3256 1869 6
3287 1814 3344 1869 δέ
3377 1814 3628 1878 Ἀκύλας,
3678 1833 3699 1866 ι
3735 1814 3872 1884 Πλὴν

2302 1911 2696 1982 ἀφιστάμενοι,
2744 1911 2936 1980 φησὶν,
2981 1911 3298 1980 ἐσκήνωσαν
3379 1906 3805 1979 λεωπετρίανδε.
3850 1926 3865 1956 ι

2314 2003 2590 2057 Ἐϐούλετο
2620 2002 2718 2074 μὲν
2741 2001 2850 2073 γὰρ
2880 2001 3042 2066 αὐτὸς
3063 2001 3157 2054 καὶ
3193 1999 3321 2064 τοὺς
3340 1999 3872 2072 παραπικραίνοντας

2300 2093 2584 2163 ἐξαγαγεῖν
2613 2094 2707 2146 καὶ
2739 2091 3099 2163 ἐλευθερῶσαι
3126 2089 3233 2144 τῶν
3276 2091 3508 2168 δεσμῶν.
3557 2091 3868 2162 Ἐπιμένον-

2300 2206 2391 2251 τες
2416 2187 2474 2241 δέ
2493 2182 2640 2241 οῦτοι
2699 2189 2765 2258 τῇ
2801 2185 3074 2257 ἀπειθείᾳ,
3125 2182 3514 2257 παροξύνοντές
3544 2187 3696 2252 τεέν
3734 2187 3869 2254 αύτιῖι

2300 2280 2474 2349 τούτῳ
2522 2280 2617 2333 καὶ
2637 2279 3165 2351 παραπικραίνοντες
3192 2280 3282 2333 τὸν
3311 2279 3463 2344 Θεὸν,
3488 2281 3870 2349 κατοικήσουσι

2301 2371 2426 2432 τοὺς
2461 2368 2665 2422 ἐαυτῶν
2695 2369 2921 2439 τάφους,
2939 2368 3013 2432 ώς
3033 2367 3280 2437 λέγεσθαι
3295 2367 3426 2441 περὶ
3450 2367 3646 2422 αὐτῶν·
3678 2369 3872 2434 ι’Δφες

2301 2457 2426 2520 τοὺς
2447 2460 2671 2530 νεκροὺς
2696 2458 2921 2512 θάπτειν
2957 2458 3083 2521 τοὺς
3123 2457 3329 2512 ἑαυτῶν
3358 2458 3634 2530 νεκρούς-ι
3666 2457 3702 2529 ἦ
3728 2475 3868 2511 «κατι

2301 2553 2576 2624 οικήσουσι
2624 2553 2902 2616 καύσωνος
2961 2550 3251 2623 ξηρότητα·
3283 2572 3302 2605 ι
3358 2553 3434 2617 ὡς
3480 2552 3547 2606 ἂν
3593 2552 3869 2623 μέλλοντες

2305 2644 2631 2715 πορεύεσθαι
2665 2663 2684 2696 ι
2717 2646 2796 2708 είς
2822 2644 2884 2698 τὸ
2922 2644 3035 2716 πῦρ
3061 2646 3124 2698 τὸ
3148 2644 3365 2700 αἰώνιον
3395 2645 3456 2698 τὸ
3479 2645 3866 2716 ἡτοιμασμένον

2303 2734 2380 2806 τῷ
2405 2736 2632 2806 διαὸόλῳ
2649 2737 2741 2790 καὶ
2756 2739 2867 2800 τοῖς
2897 2737 3146 2806 ἀγγέλοις
3167 2735 3348 2790 αὑτοῦ.
3364 2755 3383 2788 ι

2383 2848 2402 2880 ι
2441 2831 2500 2883 '0
2539 2830 2704 2897 Θεδς,
2747 2832 2804 2884 ἐν
2834 2829 2912 2901 τῷ
2967 2829 3358 2902 ἐκπορεύεσθαι
3407 2845 3466 2881 σε
3509 2827 3738 2882 ἐνώπιον
3781 2826 3865 2879 τοῦ

2305 2918 2434 2973 λαοῦ
2465 2937 2588 2983 σου,
2635 2922 2694 2973 ἐν
2740 2920 2817 2991 τῷ
2856 2920 3150 2974 διασαίνειν
3194 2937 3253 2972 σε
3301 2921 3358 2973 ἐν
3395 2921 3459 2990 τῇ
3494 2919 3704 2990 ἐρήμῳ.
3748 2921 3866 2971 Διά-

2304 3013 2509 3083 ψαλμα.
2538 3034 2566 3061 ι
2592 3013 2714 3066 ’Ότι
2743 3013 2815 3083 μὴ
2846 3011 3003 3082 μόνον
3043 3013 3100 3063 ἐν
3138 2992 3204 3082 τῇ
3231 3008 3505 3080 συντελείᾳ
3529 3009 3636 3061 τῶν
3666 3008 3864 3063 αίώνων

2306 3102 2613 3176 ἀνθρώποις
2653 3104 2914 3174 ἐπεδήμει
2965 3103 2994 3155 6
3033 3101 3126 3155 τοῦ
3172 3102 3306 3156 Θεοῦ
3354 3102 3553 3170 Λόγος,
3600 3101 3736 3155 ἀλλὰ
3780 3097 3863 3154 καὶ

2233 3237 2274 3293 C
2309 3196 2572 3268 πρότερον
2601 3195 2764 3293 αὐτὸς
2797 3190 2874 3293 ᾖν
2920 3197 2948 3247 6
2985 3194 3073 3248 διά
3113 3188 3391 3293 Musaeo“;
3418 3191 3767 3293 χρηματίζων
3789 3231 3802 3254 ,
3838 3193 3861 3241 6

2309 3285 2498 3357 παρὼν
2529 3283 2767 3338 διδάσκει
2797 3283 2954 3351 λόγος
2992 3284 3242 3352 φάσκων·
3271 3301 3288 3333 ι
3326 3281 3384 3334 '0
3415 3281 3566 3345 Θεὸς,
3595 3283 3652 3333 ἐν
3676 3279 3754 3351 τῷ
3783 3281 3862 3331 ἐκ·

2308 3376 2629 3448 πορεύεσθαί
2660 3392 2720 3428 σε
2753 3373 2981 3429 ἐνώπιον
3003 3373 3094 3428 τοῦ
3114 3372 3244 3428 λαοῦ
3272 3390 3388 3438 σου,
3406 3374 3462 3426 ἐν
3482 3372 3559 3445 τῷ
3583 3372 3861 3426 διαϐαίνειν

2307 3484 2366 3520 σε
2399 3469 2456 3521 ἐν
2488 3471 2554 3540 τῇ
2600 3469 2827 3540 ἐρήμῳ,
2856 3467 2928 3537 γῆ
2972 3467 3226 3538 ἐσείσθη,
3279 3467 3374 3519 καὶ
3414 3471 3525 3537 γάρ
3566 3467 3615 3519 οί
3658 3463 3862 3537 οὐρανοὶ

2304 3558 2558 3624 ἐσταξαν.
2589 3579 2608 3612 ι
2636 3560 2744 3613 Καὶ
2777 3560 2896 3612 τότε
2918 3559 3047 3630 γὰρ,
3067 3559 3217 3630 φησὶ,
3237 3557 3357 3611 καθ’
3380 3557 3438 3612 ὃν
3467 3559 3652 3630 χρόνον
3679 3556 3861 3626 ἐξῆγες

2305 3652 2431 3715 τοὺς
2459 3653 2611 3715 υἱοὺς
2642 3651 2856 3722 Ἰσραὴλ
2887 3651 2994 3705 ἀπὸ
3016 3651 3118 3722 γῆς
3143 3649 3489 3720 Αίγύπτου,ή
3519 3650 3774 3720 σύμπασα
3797 3647 3856 3714 γῆ

2307 3744 2510 3797 ἐσείετο
2550 3743 2652 3813 τῆς
2698 3744 2885 3814 φήμης
2927 3741 3034 3794 τῶν
3083 3744 3138 3795 ἐν
3182 3740 3435 3811 Αἰγύπτῳ
3475 3739 3857 3811 πεπραγμένων

2305 3833 2692 3906 διατρεχούσης
2706 3835 2785 3897 είς
2801 3833 3029 3894 πάντας.
3048 3831 3186 3886 Ἀλλ’
3210 3835 3242 3902 ἡ
3267 3831 3364 3900 μὲν
3390 3832 3462 3901 γῆ
3493 3831 3615 3883 τότε
3638 3830 3854 3882 ἐσείετο·

2306 3925 2422 3994 ήτοι
2460 3927 2559 3998 τῆς
2588 3927 2808 3996 φήμης,
2851 3924 2927 3987 ώς
2973 3923 3221 3993 εἴρηται,
3255 3923 3353 3986 τὰς
3387 3921 3601 3975 πάντων
3631 3921 3736 3974 τῶν
3776 3917 3856 3971 ἐπὶ

2306 4019 2408 4088 γῆς
2439 4012 2607 4078 ἀκοὰς
2639 4013 2950 4085 πληρούσης
2973 4051 2988 4077 ,
3027 4012 3058 4082 ἢ
3117 4013 3207 4066 καὶ
3256 4009 3418 4064 αὑτοῦ
3463 4009 3558 4063 τοῦ
3611 4007 3854 4080 στοιχείου

2306 4089 2581 4179 χαίροντος
2609 4106 2701 4158 ἐπὶ
2731 4107 2798 4175 τῇ
2828 4104 3078 4158 ἐπισάσει
3115 4103 3210 4156 τοῦ
3243 4100 3397 4155 Θεοῦ.
3441 4104 3506 4154 Ὃ
3545 4101 3606 4169 δὴ
3632 4100 3854 4153 διδάσκει

2306 4195 2400 4246 καὶ
2447 4194 2631 4264 ἕτερος
2661 4190 2876 4261 ψαλμὸς
2913 4190 3121 4259 λέγων⁸
3157 4209 3176 4242 ι
3218 4191 3304 4245 Ἐν
3343 4189 3506 4260 ἐξόδῳ
3566 4186 3768 4260 Ἰσραήλ
3803 4182 3854 4246 ἐξ

2305 4284 2578 4352 Αἰγύπτου
2603 4325 2616 4348 ,
2643 4283 2792 4336 οίκου
2835 4280 3026 4336 Ἰακὼὸ
3076 4283 3140 4335 ἐκ
3167 4281 3297 4336 λαοῦ
3333 4280 3604 4354 βαρϐάρου
3629 4321 3643 4344 ,
3673 4278 3738 4331 τά
3766 4275 3851 4348 ὅρη

2307 4377 2632 4447 ἐσκίρτησαν
2657 4375 2732 4439 ὡς
2762 4375 2906 4444 κριοὶ
2926 4415 2940 4438 ,
2967 4374 3060 4426 καὶ
3089 4376 3136 4428 οί
3166 4374 3342 4446 βουνοὶ
3377 4375 3452 4438 ώς
3477 4373 3638 4446 ἀρνία
3671 4368 3853 4438 προϐά-

2306 4484 2430 4519 των.
2465 4484 2483 4516 ι
2503 4466 2566 4517 Ἦ
2601 4465 2696 4534 μὲν
2729 4458 2823 4516 οῦν
2847 4462 2918 4532 γῆ
2951 4464 3213 4535 χαίρουσα
3260 4463 3483 4517 ἐσείετοο
3507 4463 3557 4514 οἱ
3581 4461 3635 4513 δέ
3658 4457 3853 4529 οὐρανοὶ

645 4552 1070 4645 inexspectatum
1097 4554 1153 4632 in
1175 4554 1390 4611 deserto
1419 4556 1738 4628 degentibus
1765 4559 2065 4628 delapsum,
2093 4560 2205 4615 sive

2312 4557 2559 4625 ἐσταξαν.
2596 4557 2659 4608 Τί
2691 4556 2746 4608 δὲ
2791 4555 3052 4623 ἔσταξαν,
3094 4557 3209 4612 ἀλλ’
3241 4558 3359 4627 ήτοι
3398 4556 3496 4626 τὴν
3527 4555 3725 4625 τροφὴν
3766 4550 3850 4619 τὴν

644 4643 809 4696 etiam
877 4644 1091 4700 divinos
1141 4662 1419 4702 sermones
1441 4656 1494 4703 et
1542 4649 1688 4720 leges
1735 4666 1854 4720 qua:
1901 4651 2204 4705 animarum

2308 4648 2622 4722 παραδόξως
2649 4645 2955 4716 ἐνεχθεῖσαν
2988 4651 3098 4712 τοίς
3142 4649 3233 4700 ἐπὶ
3273 4647 3370 4717 τῆς
3413 4646 3622 4717 ἐρήμου
3645 4685 3659 4712 ,
3700 4643 3732 4712 ἦ
3771 4641 3850 4694 καὶ

647 4734 1050 4788 rationabilium
1107 4736 1216 4792 cibi
1246 4740 1415 4792 sunt?
1454 4739 1598 4796 Mota
1622 4751 1704 4795 est
1750 4753 1928 4797 autem
1953 4750 2116 4810 terra,
2152 4752 2206 4797 et

646 4824 773 4877 cmli
799 4822 1201 4880 distillaverunt
1229 4845 1248 4876 ι
1285 4841 1316 4879 a
1343 4826 1481 4881 facie
1515 4828 1606 4882 Dei
1638 4828 1812 4896 Sinai,
1848 4851 1867 4884 ι
1907 4833 1960 4887 id
1992 4840 2098 4896 est,
2147 4834 2206 4887 in

646 4923 833 4970 monte
853 4914 1005 4969 Sinai
1027 4919 1248 4972 oracula
1271 4918 1502 4974 edentis.
1557 4919 1683 4975 Haec
1732 4939 1862 4978 vero
1893 4925 2094 4978 clarius
2125 4924 2207 4978 in-

645 5013 973 5076 terpretatus
1009 5005 1367 5081 Symmachus
1383 5017 1468 5064 est
1488 5009 1676 5065 dicens
1710 5029 1725 5063 :
1766 5031 1784 5063 ι
1817 5011 1984 5073 ’Ῑῖειτιι
2019 5029 2204 5070 move-

648 5093 826 5160 batur,
859 5096 1056 5149 cmlum
1083 5112 1211 5151 vero
1243 5097 1524 5152 distillavit
1564 5115 1594 5153 a
1617 5099 1757 5155 facie
1790 5101 1884 5158 Dei
1921 5104 2085 5172 hujus
2123 5104 2206 5158 Si-

646 5184 873 5258 nai,eta
899 5185 1037 5240 facie
1072 5184 1187 5247 Dei,
1221 5188 1311 5242 Dei
1343 5189 1528 5244 Israel.
1570 5211 1588 5242 ι
1622 5190 1761 5245 Νιιω
1793 5192 1931 5249 forte
1958 5197 2206 5250 cmlestes

644 5273 876 5326 virtutes
902 5289 999 5328 ceu
1027 5276 1269 5331 nutrices
1299 5281 1541 5347 quaedam
1571 5299 1601 5337 e
1633 5297 1868 5339 mamma
1914 5286 1998 5338 lac
2027 5286 2206 5340 infan-

647 5360 792 5414 tibus
808 5360 1069 5418 distillare
1118 5364 1401 5435 facientes,
1447 5373 1525 5427 sic
1551 5382 1606 5429 et
1644 5375 1776 5444 ipsa:
1805 5375 2117 5430 alimentum
2137 5393 2205 5432 ex

649 5464 709 5502 se
742 5451 809 5506 iis
829 5452 922 5520 qui
947 5459 1075 5508 tunc
1122 5458 1360 5515 infantes
1410 5463 1591 5518 animo
1617 5477 1793 5530 erant,
1823 5467 2206 5523 subministra-

647 5541 817 5628 ruuti‘
854 5544 1139 5628 Quarelex
1191 5565 1221 5604 a
1271 5552 1450 5622 Moyse
1505 5555 1727 5620 edictat
1755 5557 2076 5628 paedagogus
2139 5561 2206 5616 ab

648 5623 904 5690 Apostolo
927 5639 1113 5682 vocata
1147 5630 1246 5687 fuit
1280 5634 1342 5690 ⁸⁷.

2305 4743 2429 4805 τοὺς
2453 4740 2628 4802 θείους
2654 4738 2844 4805 λόγους
2863 4755 2923 4791 τε
2951 4740 3042 4793 κα)⁵
3067 4739 3263 4809 νόμους
3286 4737 3488 4809 τροφὴν
3511 4737 3666 4800 ὄντας
3684 4732 3846 4805 ψυχῶν

2304 4831 2566 4901 λογικῶν;
2607 4829 2840 4884 Ἐσείετο
2863 4830 2921 4883 δὲ
2952 4832 2986 4901 ἡ
3014 4830 3086 4899 γῆ
3110 4867 3125 4892 ,
3175 4830 3265 4882 καὶ
3293 4829 3521 4895 ἐσταξαν
3561 4832 3611 4883 οί
3639 4825 3847 4899 ὀὐρανοὶ

2311 4945 2328 4976 ι
2357 4923 2463 4978 άπὸ
2493 4922 2783 4994 προσώπου
2812 4920 2906 4975 τοῦ
2936 4920 3070 4974 Θεοῦ
3102 4921 3196 4974 τοῦ
3236 4921 3385 4976 Σιναῒ
3403 4965 3418 4987 ,
3449 4941 3468 4974 ›
3504 4922 3739 4975 τουτέστι
3767 4915 3844 4973 τοῦ

2305 5019 2362 5069 ἐν
2399 5017 2474 5087 τῷ
2515 5015 2631 5086 ὄρει
2664 5014 2814 5069 Σιναῒ
2847 5013 3300 5085 χρηματίσαντος.
3329 5016 3436 5068 Καὶ
3465 5015 3634 5069 ταῦτα
3675 5015 3729 5069 δέ
3768 5029 3846 5064 σα-

2306 5105 2562 5177 φέστερον
2582 5106 2922 5176 ήρμήνευσεν
2946 5104 2974 5154 6
2993 5101 3283 5172 Σύμμαχος
3305 5102 3490 5157 εἰπών·
3521 5107 3623 5176 «Γῆ
3647 5105 3840 5163 ἐσείετο,

2307 5198 2529 5267 οὐρανὸς
2548 5196 2604 5248 δέ
2630 5193 2932 5259 ἀπέσταξεν
2960 5193 3066 5246 ἀπὸ
3094 5193 3382 5264 προσώπου
3407 5179 3498 5250 τοῦ
3521 5199 3652 5254 Θεοῦ
3682 5196 3841 5250 τούτου

2305 5289 2397 5341 τοῦ
2421 5287 2590 5351 Σιναῒ,
2609 5287 2702 5339 καὶ
2724 5285 2831 5338 ἀπὸ
2852 5284 3142 5354 προσώπου
3169 5286 3262 5339 τοῦ
3278 5287 3431 5353 Θεοῦ,
3449 5289 3584 5343 Θεοῦ
3600 5286 3836 5359 Ἰσραήλ.»

2304 5378 2535 5449 Μήποτε
2566 5377 2622 5429 δὲ
2652 5375 2747 5428 καὶ
2776 5376 2831 5427 αἱ
2875 5375 3115 5445 οὐράνιοι
3156 5375 3411 5447 δυνάμεις
3456 5378 3642 5449 ὥσπερ
3684 5372 3839 5445 τροφοὶ

2310 5485 2450 5532 τινες
2475 5470 2569 5521 καὶ⁹
2594 5467 2802 5538 τιθηνοὶ
2822 5465 2930 5521 ἀπὸ
2952 5465 3119 5538 θηλῆς
3137 5467 3277 5536 γάλα
3305 5469 3516 5539 νηπίοις
3539 5458 3840 5529 ἀποστάζον-

2315 5575 2424 5623 σαι,
2466 5558 2637 5622 οὕτως
2659 5557 2754 5611 καὶ
2778 5552 2938 5612 αὗται
2969 5560 3067 5630 τήν
3097 5560 3158 5626 ἐξ
3189 5559 3367 5636 αὐτῶν
3394 5561 3653 5632 χορηγίαν
3676 5557 3837 5629 παρεῖ-

2313 5667 2404 5719 χον
2435 5652 2546 5712 τοῖς
2575 5650 2695 5702 τότε
2717 5649 2816 5714 τὰς
2845 5651 3022 5722 ψυχὰς
3046 5652 3256 5724 νηπίοις
3274 5639 3291 5715 ;“
3317 5651 3393 5704 Δι’
3419 5651 3448 5704 ὃ
3469 5652 3563 5706 καὶ
3600 5651 3839 5717 παιδαγω-

648 5708 739 5777 γὸς
775 5715 1081 5784 ωνόμασται
1112 5725 1258 5793 παρὰ
1294 5724 1369 5795 τῷ
1404 5727 1705 5799 ﬁat-3:511?
1739 5731 1766 5781 6
1798 5730 1883 5784 διὰ
1927 5734 2198 5798 Μωῦσέως

2301 5708 2482 5809 λήθεις
2513 5708 2686 5806 λόγος.

726 5829 764 5858 ³³
795 5832 894 5884 lsa.
923 5850 1052 5900 un,
1083 5840 1134 5907 6,
1177 5841 1228 5894 7.
1312 5845 1352 5875 ’³
1380 5844 1508 5900 Luc.
1539 5864 1612 5912 ix,
1649 5848 1736 5902 60.
1819 5850 1857 5880 ’⁸
1885 5848 2070 5907 Matth.
2109 5870 2205 5908 xxv

2307 5857 2350 5911 I.
2433 5860 2472 5888 “’
2503 5856 2645 5913 Psal.
2671 5869 2826 5919 cxm,
2865 5857 2909 5922 I,
2940 5859 2992 5913 4.
3075 5858 3246 5914 "Gal.
3282 5875 3359 5924 ιιι,
3387 5858 3474 5916 2i.
