3966 6340
700 395 804 449 625

1380 391 1640 447 EUSEBII
1679 392 2145 449 CIESARIENSIS
2183 392 2332 447 OPP.
2372 392 2546 446 PARS
2584 392 2667 447 lll.
2709 422 2776 431 —
2814 389 3222 446 EXEGETICA.
3793 391 3876 445 696

700 502 970 565 animalia.
1007 510 1362 575 Quamobrem
1417 519 1538 579 post
1590 512 1705 565 haec
1744 511 1925 566 omnia
1957 508 2185 564 infertur
2220 527 2229 560 :

2344 527 2480 578 μασε
2528 509 2594 563 τά
2638 507 2997 578 προλεχθέντα
3029 509 3219 560 πάντα·
3250 506 3391 573 λέγω
3434 508 3493 560 δὲ
3525 509 3623 576 τήν
3651 506 3876 558 ἑκούσιον

705 619 724 653 ι
747 597 952 652 Parasti
979 600 1034 652 in
1063 599 1346 659 dulcedine
1394 609 1487 654 tua
1513 601 1753 668 pauperi.
1809 599 2067 655 Dominus
2088 600 2236 654 dabit

697 689 916 742 verbum
943 691 1439 758 evangelizantibus
1468 691 1662 744 virtute
1695 691 1879 744 multa.
1921 711 1939 743 ι
1971 691 2094 746 Haec
2113 699 2238 745 sunt

699 781 958 846 ιιι-ποιοῖο.
979 778 1190 833 Domini
1235 794 1420 847 Opera,
1453 780 1543 846 qui
1601 783 1842 836 ascendit
1872 798 2035 852 super
2078 798 2236 837 occa-

698 886 834 924 sum.
864 869 1126 943 Quoniam
1161 886 1288 924 vero
1317 885 1377 923 ea
1407 867 1658 924 omnibus
1686 872 1950 926 declarari
1976 874 2235 943 oportuit,

697 961 747 1013 id
771 963 932 1014 etiam
967 962 1085 1030 ipse
1139 959 1396 1014 Dominus
1447 969 1568 1029 post
1589 963 1792 1029 reliqua
1836 964 2013 1016 omnia
2057 963 2234 1018 efﬁcit.

695 1051 970 1117 Quomodo
1019 1059 1070 1105 et
1112 1068 1213 1121 qua
1246 1053 1498 1105 ratione?
1525 1046 1846 1110 Hominibus
1891 1054 2107 1123 quidem
2147 1057 2236 1123 qui

695 1158 792 1196 nec
815 1141 1086 1210 pr0prium
1113 1144 1332 1195 verbum
1363 1159 1461 1196 nec
1491 1143 1761 1210 propriam
1790 1145 2108 1212 sapientiam
2143 1145 2238 1199 ha-

693 1236 838 1296 bent,
866 1233 957 1288 sed
989 1234 1079 1302 qui
1115 1235 1338 1287 omnino
1397 1235 1559 1288 rudes
1586 1235 1912 1290 etineruditi
1940 1242 2084 1300 sunt,
2121 1237 2238 1306 ipse

691 1323 912 1376 verbum
963 1322 1325 1390 suppeditabit
1372 1324 1583 1392 plenum
1643 1325 1992 1378 inenarrabili
2019 1325 2234 1376 virtute.

690 1410 793 1480 lpsi
854 1426 979 1464 vero
1016 1411 1253 1464 roborati
1303 1418 1354 1465 et
1409 1415 1606 1466 tradito
1649 1415 1753 1468 sibi
1807 1415 1968 1469 verbo
2021 1414 2235 1479 diserti,

690 1515 962 1568 przecones
992 1499 1257 1554 bonorum
1309 1503 1474 1555 totius
1505 1504 1692 1556 mundi
1744 1505 2160 1562 constituentur,
2183 1514 2237 1555 ut

691 1601 984 1645 memorata
1019 1591 1324 1648 hominibus
1379 1596 1633 1649 omnibus
1685 1597 2026 1650 annuntient.
2063 1597 2240 1661 Quare

691 1691 1077 1749 consequenter
1106 1693 1226 1752 post
1257 1685 1508 1752 praeclara
1562 1687 1651 1738 illa
1704 1684 1915 1741 Domini
1948 1702 2110 1755 Opera
2145 1687 2238 1739 ad-

686 1772 871 1838 jicitur
895 1772 1024 1824 illud
1068 1791 1081 1825 :

2339 599 2552 670 βροχὴν.
2580 598 2675 668 τὴν
2697 597 3016 667 δηλωθείσαν
3039 595 3413 666 κληρονομίαν,
3436 594 3505 647 τά
3527 594 3874 664 προλεχθέντα

2336 690 2468 754 ζῶα.
2504 689 2594 741 Διὸ
2633 691 2740 750 τοῖς
2787 689 2946 739 πᾶσιν
2982 689 3326 757 ἐπενήνεκται
3361 685 3457 747 τὸ,
3497 703 3516 736 ι
3558 685 3874 751 Ἡτοίμασιις

2336 783 2393 832 ἐν
2437 783 2502 848 τῇ
2535 776 2854 846 χρηστότητί
2887 793 2992 828 σου
3036 775 3110 846 τῷ
3154 775 3368 844 πτωχῷ.
3411 774 3616 845 Κύριος
3647 773 3803 826 δώσει
3830 777 3876 825 τὸ

2338 870 2484 938 ῥῆμα
2532 870 2642 929 τοῖς
2689 867 3184 936 εὐαγγελιζομένοις
3229 865 3450 934 δυνάμει
3502 865 3698 934 πολλῇ.
3753 884 3769 914 ι
3809 866 3874 916 Ti

2342 959 2436 1027 μὲν
2500 956 2889 1027 κατορθώματα
2937 955 3030 1009 τοῦ
3083 955 3463 1026 ἐπιϐεϐηκότος
3517 956 3612 1007 ἐπὶ
3675 955 3873 1024 δασμῶν

2337 1049 2539 1118 Κυρίου
2567 1047 2804 1100 τοιαῦτα.
2846 1047 2996 1099 Ἐπεὶ
3024 1047 3066 1098 δ’
3101 1047 3262 1116 ἐχρῆν
3287 1046 3423 1098 αὑτά
3453 1044 3759 1108 ἐξάκουστα
3786 1049 3873 1097 πᾶ-

2338 1157 2421 1191 σιν
2457 1137 2755 1208 ἀνθρώποις
2784 1136 3262 1204 γενέσθαι,.πάλιν
3287 1139 3316 1189 ὁ
3356 1137 3515 1199 αὐτὸς
3552 1136 3761 1207 Κύριος
3795 1142 3874 1188 καὶ

2335 1230 2490 1282 τοῦτο
2531 1230 2666 1301 πρὸς
2704 1230 2818 1291 τοῖς
2858 1227 3034 1289 ἄλλοις
3077 1227 3324 1282 ἐπιτελεῖ.
3373 1226 3496 1288 Πῶς
3530 1227 3586 1278 δέ
3639 1229 3734 1278 καὶ
3771 1229 3873 1277 τίνα

2334 1322 2558 1392 τρόπον;
2615 1303 2940 1389 Ἀνθρώποις
2989 1318 3060 1387 μὴ
3088 1317 3306 1387 »ἔχουσιν
3357 1317 3484 1370 [διον
3528 1318 3688 1386 λόγον
3712 1355 3727 1377 ,
3758 1318 3872 1385 μηδέ

2335 1411 2536 1464 οἰκείαν
2587 1410 2793 1478 σοφίαν,
2830 1408 3102 1470 παντελῶς
3146 1407 3201 1460 δὲ
3250 1405 3483 1469 ἰδιώταις
3523 1408 3872 1476 ἀνεπιστήμο-

2338 1517 2439 1561 σιν,
2487 1495 2644 1557 αὐτὸς
2687 1498 3068 1568 ἐπιχορηγήσει
3115 1496 3268 1565 ῥῆμα
3302 1497 3491 1565 μεστὸν
3537 1497 3747 1564 ἀφάτου
3792 1498 3872 1547 καὶ

2337 1591 2533 1660 πολλῆς
2571 1591 2863 1657 δυνάμεως.
2911 1590 2970 1639 Οἱ
3012 1588 3069 1638 δὲ
3112 1586 3509 1656 δυναμωθὲντες
3546 1589 3643 1641 καὶ
3678 1604 3869 1654 στομω-

2336 1680 2518 1740 θέντες
2552 1680 2651 1730 ὑπὸ
2680 1678 2770 1730 τοῦ
2807 1677 3132 1746 δωρηθέντος
3163 1678 3342 1739 αὐτοῖς
3376 1678 3614 1746 ῥήματος
3651 1680 3870 1747 κήρυκες

2336 1770 2549 1838 ἀγαθῶν
2595 1769 2685 1821 τοῦ
2728 1768 2923 1830 παντὸς
2967 1767 3166 1837 κόσμου
3197 1769 3620 1838 καταστήσονται
3657 1769 3870 1834 εὐαγγε-

690 1861 949 1932 λιζόμενοι
999 1866 1160 1916 πᾶσιν
1207 1866 1510 1933 ἀνθρώποις
1555 1867 1620 1918 τά
1671 1868 2090 1937 προλελεγμένα.
2143 1867 2232 1918 Διὸ
2271 1863 2571 1924 ἀκολούθως
2608 1867 2717 1925 τοῖς
2758 1861 2850 1914 τοῦ
2883 1862 3084 1915 Κυοίου
3151 1860 3562 1932 κατορθώμαστν
3629 1865 3870 1934 ἐπενήνε-

690 1969 808 2006 κται
835 1956 892 2006 τό
921 1972 935 1984 ·

763 2089 781 2120 ι
815 2070 1077 2132 Dominus.
1097 2077 1243 2127 dabit
1267 2078 1485 2129 verbum
1514 2078 2006 2146 evangelizantibus
2039 2082 2229 2133 virtute

2409 2097 2426 2128 ι
2480 2084 2677 2146 λύριος
2723 2074 2878 2126 δώσει
2917 2073 3061 2143 ῥῆμα
3107 2074 3218 2134 τοῖς
3254 2072 3754 2142 εύαγγελιζομένοις
3788 2073 3867 2125 δυ-

690 2160 874 2212 multa.
917 2181 932 2211 ι
956 2160 1326 2216 Necessarium
1354 2180 1481 2218 vero
1524 2166 1624 2219 fuit
1654 2168 1704 2219 id
1739 2184 1838 2221 nos
1869 2184 2216 2238 cognoscere,

689 2251 814 2317 quia
835 2254 1084 2321 superius
1111 2255 1328 2322 quidam
1370 2255 1509 2321 jussi
1541 2265 1668 2309 sunt
1693 2272 1889 2311 canere
1917 2269 1968 2312 et
2000 2259 2230 2326 psallere

695 2335 818 2403 Deo,
851 2340 1056 2408 iterque
1089 2341 1263 2395 facere
1296 2342 1343 2395 ei
1367 2343 1459 2411 qui
1487 2345 1730 2397 ascendit
1758 2361 1918 2414 super
1939 2361 2226 2400 occasum:

712 2427 846 2496 dque
877 2428 1111 2482 declarat
1165 2432 1399 2484 dicens:
1438 2450 1454 2482 ι
1507 2431 1766 2488 Dominus
1813 2436 1960 2490 dabit
2011 2437 2227 2491 verbum

689 2518 1177 2586 evangelizantibus
1217 2521 1413 2575 virtute
1460 2523 1642 2576 multa.
1687 2543 1705 2575 ν
1752 2523 1846 2578 His
1887 2527 2028 2579 enim
2062 2542 2226 2580 evan-

689 2605 1062 2674 gelizantibus,
1089 2608 1178 2684 qui
1216 2624 1314 2662 suo
1334 2612 1399 2663 ad
1425 2611 1668 2666 homines
1689 2614 1942 2668 transitui
1974 2615 2114 2668 viam
2143 2632 2230 2684 pa-

691 2694 906 2757 i'abunt,
949 2695 1062 2764 ipse
1095 2699 1186 2768 qui
1226 2700 1628 2756 annuntiandus
1658 2701 1725 2754 ab
1776 2702 1907 2770 ipsis
1949 2713 2050 2762 est,
2073 2703 2230 2758 dabit

693 2787 906 2839 verbum
938 2787 1200 2842 divinum.
1232 2788 1364 2841 Nam
1394 2789 1546 2842 multi
1603 2799 1755 2844 erant
1797 2793 2038 2860 ejusdem
2078 2795 2228 2848 verbi

687 2890 924 2944 capaces.
946 2892 1066 2930 cum
1097 2879 1295 2932 virtute
1323 2879 1488 2931 multa
1514 2897 1528 2932 :
1559 2895 1915 2950 magnumque
1949 2884 2080 2952 ipsis
2109 2895 2229 2937 erat

690 2965 994 3034 hujusmodi
1023 2967 1270 3027 verbum,
1296 2971 1436 3039 quod
1468 2970 1532 3022 ad
1571 2969 1843 3038 Evangelii
1874 2974 2226 3031 ministerium

692 3058 975 3115 sudiceret.
1016 3058 1135 3129 Ipse
1175 3076 1405 3130 namque
1459 3060 1719 3115 Dominus
1772 3041 2066 3132 perfectum
2115 3074 2228 3118 erat

689 3146 783 3202 Dei
813 3148 1067 3203 Verbum.
1093 3148 1145 3216 li
1165 3165 1290 3203 vero
1320 3153 1409 3221 qui
1436 3153 1654 3206 verbum
1713 3163 2035 3222 acceperunt
2079 3154 2226 3209 brevi

711 3237 925 3306 [uodam
972 3238 1188 3293 virtutis
1224 3239 1341 3307 ejus
1389 3241 1566 3294 aﬂlatu
1603 3241 1825 3310 dignati,
1873 3243 2069 3296 virtute
2107 3259 2225 3295 cum

692 3327 857 3382 multa
878 3327 1248 3400 praedicantes,
1268 3330 1585 3384 universum
1608 3331 1790 3384 orbem
1831 3316 2114 3400 Evangelia
2143 3349 2226 3386 re-

687 3418 968 3486 pleverunt
1004 3433 1020 3468 :
1047 3419 1190 3486 quod
1220 3419 1333 3487 ipse
1363 3420 1549 3486 iisdem
1598 3420 1867 3489 pollicitus
1917 3399 2000 3474 his
2049 3421 2225 3476 verbis
2251 3399 2291 3452 δ

690 3515 806 3559 erat
837 3525 849 3558 :
891 3526 907 3556 ι
934 3505 1043 3560 Vos
1070 3517 1244 3560 autem
1273 3509 1547 3578 accipietis
1574 3511 1822 3564 virtutem
1848 3511 2226 3578 supervenien-

693 3598 761 3652 tis
797 3597 1031 3666 Spiritus
1073 3597 1244 3651 sancti
1275 3599 1326 3650 in
1370 3613 1464 3652 vos
1487 3599 1565 3662 “;
1599 3618 1616 3649 ι
1648 3596 1952 3652 Secundum
1985 3597 2226 3670 Symma-

691 3688 848 3741 chum
906 3697 1132 3758 autem:
1199 3706 1216 3737 ι
1279 3685 1557 3748 Dominus,
1627 3689 1821 3757 inquit,
1873 3690 2018 3745 dedit
2066 3692 2224 3745 verba

692 3778 1081 3847 evangeiizanti
1107 3779 1366 3834 exercitui
1395 3779 1584 3833 multo.
1628 3797 1646 3830 ι
1673 3779 1864 3858 Ingens
1887 3791 2063 3837 autem
2113 3793 2226 3837 erat

693 3869 985 3924 Salvatoris
1014 3871 1181 3926 nostri
1208 3871 1498 3935 exercitus,
1543 3885 1728 3924 eorum
1788 3863 1991 3927 scilicet
2031 3867 2249 3943 quibus

691 3960 852 4012 verba
901 3959 990 4012 illa
1020 3959 1142 4024 data
1174 3963 1225 4013 'et
1266 3959 1579 4012 annuntiata
1617 3957 1871 4025 fuerant;
1910 3961 2082 4029 primo
2102 3962 2224 4030 qui-

692 4048 807 4101 den.
845 4048 1207 4115 apostolorum
1241 4045 1521 4123 duodecim
1543 4065 1557 4111 ;
1583 4048 1820 4102 secundo
1839 4050 2222 4118 discipulorum

690 4137 1058 4206 septuaginta;
1104 4143 1293 4205 praeter
1334 4135 1448 4190 hac
1483 4153 1608 4191 vero
1639 4137 1865 4191 aliorum
1909 4141 2224 4214 quingento-

690 4239 832 4284 rum,
856 4225 1052 4294 quibus
1075 4225 1238 4278 simul
1268 4231 1388 4294 post
1411 4227 1858 4281 resurrectionem
1886 4231 2152 4298 apparuit,
2171 4241 2226 4282 ut

691 4314 905 4368 divinus
949 4313 1237 4386 Apostolus
1263 4311 1580 4369 testiﬁcatur
1611 4314 1693 4368 his
1714 4317 1890 4369 verbis
1925 4335 1939 4371 :
1973 4337 1990 4368 ι
2027 4317 2226 4373 Deinde

690 4404 838 4457 visus
859 4411 942 4458 est
981 4403 1100 4472 plus
1117 4418 1276 4472 quam
1316 4404 1622 4472 quingentis
1655 4392 1912 4459 fratribus,
1930 4409 2086 4459 simul
2121 4421 2224 4461 :ex

689 4493 887 4560 quibus
914 4492 1067 4545 multi
1115 4501 1332 4546 manent
1362 4507 1531 4561 usque
1575 4493 1768 4558 adhuc,
1799 4496 2012 4564 quidam
2051 4508 2224 4552 autem

689 4582 1025 4636 dormierunt
1052 4584 1095 4613 ’⁵
1119 4573 1140 4647 ;’
1171 4601 1188 4632 ι
1215 4593 1396 4651 postea
1429 4583 1702 4653 subjungit
1732 4603 1743 4636 ε
1791 4603 1809 4635 ι
1848 4584 2044 4639 Deinde
2077 4589 2225 4641 visus

2327 2167 2482 2236 νάμει
2526 2165 2710 2234 πολλῇ.
2748 2183 2765 2213 ι
2812 2165 3124 2230 Ἀναγκαῖον
3163 2161 3216 2214 δὲ
3263 2158 3330 2231 ἦν
3369 2163 3568 2229 γνῶναι
3597 2153 3748 2231 ἡμᾶς
3789 2165 3867 2215 καὶ

2328 2260 2498 2311 τοῦτο.
2554 2255 2766 2324 Ἐπειδὴ
2809 2255 3061 2324 ἀνωτέρω
3114 2252 3502 2323 παρεκελεύετό
3547 2269 3688 2305 τισιν
3737 2253 3868 2322 ᾄδειν

2329 2349 2421 2402 καὶ
2466 2347 2684 2416 ψάλλειν
2724 2344 2800 2414 τῷ
2840 2343 2974 2414 Θεῷ,
3019 2345 3276 2396 ὁδοποιεῖν
3325 2360 3382 2394 τε
3421 2343 3498 2412 τῷ
3531 2343 3864 2411 ἐπιδεδηκότι

2328 2442 2416 2494 ἐπὶ
2466 2438 2718 2507 δυσμῶν,
2765 2435 3104 2506 παρέστησεν
3157 2432 3349 2486 εἰπών·
3400 2453 3417 2484 ι
3470 2433 3675 2505 Κύριος
3717 2434 3862 2486 δώσει

2328 2531 2477 2601 ῥῆμα
2510 2532 2619 2592 τοῖς
2653 2525 3152 2594 εὐαγγελιζομένοις
3192 2523 3414 2592 δυνάμει
3459 2523 3647 2593 πολλῇ.
3689 2541 3707 2573 ι
3738 2523 3862 2574 Τού-

2325 2637 2435 2682 τοις
2469 2620 2574 2689 γάρ
2603 2623 2712 2681 τοῖς
2739 2613 3238 2684 εὐαγγελιζομένοις
3258 2614 3352 2666 καὶ
3371 2613 3702 2666 ὁδοποιοῖωιν
3729 2611 3863 2679 αὐτῷ

2325 2711 2419 2780 τὴν
2447 2713 2524 2770 εἰς
2547 2707 2857 2778 ἀνθρώπους
2885 2704 3110 2774 πάροδον
3125 2702 3284 2764 αὐτὸς
3305 2705 3333 2755 6
3365 2703 3497 2772 πρὸς
3523 2704 3703 2756 αὐτῶν
3732 2721 3863 2756 ’κατ-

2327 2799 2710 2868 αηελλόμενος
2767 2796 2924 2848 δώσει
2990 2794 3136 2863 ῥῆμα
3209 2791 3404 2845 θεῖκόν.
3459 2794 3714 2847 Τοσοῦτοι
3764 2795 3860 2862 γὰο

2323 2884 2459 2957 ἦσαν
2508 2883 2798 2956 χωρητικοὶ
2844 2882 2936 2934 σὺν
2981 2880 3144 2950 πολλῇ
3179 2880 3430 2950 δυνάμει·
3473 2883 3567 2934 καὶ
3608 2883 3750 2951 μέγα
3798 2879 3855 2951 ἦν

2327 2980 2505 3040 αὐτοῖς
2531 2979 2676 3030 τουτὶ
2701 2976 2759 3028 τὸ
2793 2975 2940 3044 ῥῆμα
2967 2974 3057 3025 καὶ
3095 2971 3360 3043 αὔταρκες
3388 2975 3465 3037 είς
3493 2973 3588 3042 τὴν
3627 2973 3718 3026 τοῦ
3763 2974 3858 3026 Εὐ-

2325 3066 2570 3134 αγγελίου
2614 3064 2904 3116 διακονίαν.
2953 3062 3119 3124 Αὐτὸς
3156 3061 3252 3130 μὲν
3297 3060 3399 3132 γὰρ
3429 3063 3458 3113 ὁ
3486 3061 3687 3130 Κύριος
3728 3065 3755 3113 ὁ
3783 3062 3858 3112 τέ-

2323 3157 2462 3217 λειος
2506 3151 2574 3224 ἦν
2604 3154 2695 3205 τοῦ
2738 3153 2870 3205 Θεοῦ
2904 3154 3090 3220 Λόγος.
3129 3153 3191 3203 Οί
3221 3151 3276 3202 δὲ
3312 3150 3461 3220 ῥῆμα
3497 3149 3750 3213 λαϐόντες
3776 3152 3856 3201 καὶ

2326 3245 2575 3316 βραχείας
2602 3244 2742 3307 τινὸς
2762 3243 2860 3313 τῆς
2885 3243 3044 3295 αὑτοῦ
3065 3241 3336 3310 δυνάμεως
3361 3240 3704 3309 ἐμπνεύσεως
3742 3258 3857 3292 κατ-

2325 3335 2635 3399 αξιωθέντες
2665 3333 2762 3403 τὴν
2816 3333 3100 3400 σύμπασαν
3141 3331 3404 3401 ἐπλήρουν
3430 3331 3747 3400 οἰκουμένην
3773 3330 3855 3381 τοῦ

2325 3424 2648 3492 Εὐαγγελίου
2691 3425 2784 3476 σὺν
2827 3423 2987 3493 πολλῇ
3033 3422 3252 3491 δυνάμει
3297 3420 3668 3490 κηρύττοντες.
3700 3421 3857 3472 Τοῦτο

2327 3516 2450 3583 γοῦν
2479 3515 2566 3567 καί
2601 3515 2895 3583 ἐπήγγελτο
2927 3516 3104 3576 αὐτοῖς
3124 3515 3188 3565 δι’
3214 3513 3399 3566 ἐαυτοῦ
3425 3514 3617 3581 φήσας·
3642 3533 3659 3564 ι
3682 3513 3855 3582 Ὑμεῖς

2325 3607 2381 3658 δὲ
2410 3606 2640 3674 λήψεσθε
2671 3605 2893 3675 δύναμιν
2921 3604 3230 3666 ἐπελθόντος
3254 3603 3345 3656 τοῦ
3374 3603 3526 3669 ἁγίου
3556 3602 3853 3672 Πνεύματος

2327 3697 2407 3762 ἐφ’
2437 3695 2597 3765 ὑμᾶς.
2632 3713 2650 3745 ι
2676 3695 2832 3746 Κατά
2858 3695 2911 3745 δέ
2937 3693 3025 3745 τδν
3050 3693 3356 3762 Σύμμαχον.
3389 3713 3405 3744 ι
3436 3693 3658 3764 Κύριος,
3682 3692 3850 3760 φησὶν,

2325 3785 2484 3838 ἔδωκε
2537 3786 2717 3854 ῥήσεις
2747 3784 2822 3851 (1)
2856 3782 3301 3852 εὐαγγελιζομένῃ
3338 3784 3560 3852 στρατιᾷ
3603 3782 3785 3851 πολλῇ.
3832 3799 3847 3829 ›

2325 3873 2551 3943 Στρατιὰ
2582 3872 2635 3924 δὲ
2656 3868 2721 3941 ἦν
2751 3871 2916 3940 πολλὴ
2939 3869 3030 3922 τοῦ
3064 3870 3307 3940 Σωτῆρος
3334 3868 3486 3939 ήμῶν
3513 3873 3545 3938 ή
3577 3869 3682 3920 τῶν
3714 3871 3852 3933 εὐαγ-

2324 3961 2678 4032 γελιζομένων
2709 3960 2804 4023 τάς
2831 3961 3069 4024 δοθείσας
3093 3962 3271 4022 αὐτοῖς
3301 3961 3500 4029 ῥήσεις,
3525 3959 3736 4028 πρῶτον
3766 3959 3850 4027 μὲν

2325 4052 2627 4104 ἀποστόλων
2676 4050 2762 4103 ιδ’·
2805 4051 2988 4103 ἔπειτα
3034 4051 3283 4122 μαθητῶν
3314 4050 3373 4102 θ’·
3409 4052 3502 4103 καὶ
3541 4052 3629 4102 ἐπὶ
3660 4049 3849 4106 τούτοις

2325 4139 2519 4208 ἐτέρων
2556 4147 2625 4207 φ’,
2671 4137 2749 4201 οἷς
2779 4139 2985 4208 ἀθρόως
3022 4141 3189 4208 ἐφάνη
3237 4137 3374 4209 μετά
3417 4139 3515 4208 τὴν
3553 4139 3845 4191 ἀνάστασιν.

2309 4229 2396 4291 .ὡς
2425 4230 2454 4280 ὁ
2487 4228 2622 4293 θεῖος
2655 4229 3025 4300 ἐμαρτύρησεν
3050 4231 3361 4296 Ἀπόστολος
3383 4230 3566 4283 εἰπών·
3591 4250 3609 4280 ι
3637 4231 3847 4283 Ἔπειτα

2325 4317 2477 4386 ῶςρθη
2510 4319 2691 4371 ἐπάνω
2724 4325 2775 4386 φ’
2802 4319 3043 4385 ἀδελφοῖς
3070 4318 3300 4385 ἐφάπαξ·
3337 4317 3394 4383 ἐξ
3434 4312 3508 4370 ὧν
3547 4319 3594 4370 οε
3626 4317 3847 4372 πλείονες

2331 4409 2544 4478 μένουσι
2586 4409 2689 4472 ἕως
2735 4410 2886 4477 ἄρτι,
2919 4411 3056 4471 τινὲς
3092 4410 3147 4461 δέ
3191 4410 3281 4463 καὶ
3315 4408 3694 4478 ἐκοιμήθησαν·
3730 4425 3749 4456 ι
3778 4398 3846 4463 οἷς

2325 4499 2576 4566 ἐπιλέγει·
2629 4517 2646 4549 ι
2680 4500 2903 4551 Ἔπειτα
2947 4497 3098 4569 ὤφθη
3130 4502 3238 4561 τοῖς
3283 4497 3594 4558 ἀποστόλοις
3620 4498 3794 4548 πᾶσιν.
3827 4510 3844 4541 ι

2325 4584 2498 4640 Ἦσαν
2528 4590 2632 4656 γὰρ
2662 4589 2778 4653 (sic)
2807 4583 2941 4656 ἦσαν
2985 4590 3074 4640 καὶ
3121 4589 3252 4658 μετά
3301 4590 3424 4649 τοὺς
3471 4586 3556 4651 ιδ’,
3591 4587 3688 4639 καὶ
3725 4583 3844 4654 μετὰ

690 4682 772 4727 est
827 4673 1082 4741 apostolis
1136 4673 1384 4725 omnibus
1417 4675 1483 4724 ".
1525 4691 1544 4724 ι
1605 4673 1668 4726 Et
1711 4681 1861 4728 erant
1914 4692 2041 4730 sane
2101 4692 2221 4730 cum

2328 4679 2446 4738 τοὺς
2493 4685 2554 4738 0',
2599 4676 2690 4728 καὶ
2746 4675 2879 4744 μετά
2908 4678 3034 4738 τοὺς
3073 4684 3122 4744 φ’
3150 4679 3324 4746 ἕτεροι
3370 4676 3584 4745 πλείους
3628 4675 3846 4744 κήρυκες

691 4763 798 4817 illis
835 4762 1134 4823 duodecim,
1187 4776 1309 4814 cum
1348 4762 1452 4814 illis
1492 4764 1853 4832 septuaginta.
1885 4774 1937 4819 et
1967 4782 2086 4820 cum
2122 4767 2224 4821 illis

692 4849 1015 4919 quingentis,
1071 4851 1159 4904 alii
1207 4851 1341 4904 bene
1391 4851 1542 4902 multi
1605 4849 1873 4921 Evangelii
1931 4871 2220 4924 praecones,

693 4938 1004 5005 apostolicis
1050 4939 1401 5006 temporibus,
1443 4945 1494 4991 et
1525 4945 1645 5006 post
1699 4938 1817 4992 illos
1866 4943 1975 5003 alii,
2005 4943 2094 5010 qui
2132 4959 2225 5010 per

691 5031 858 5079 totum
884 5028 1065 5080 orbem
1100 5028 1153 5079 in
1178 5026 1792 5096 EcclesiisEvangelium
1820 5031 1936 5096 ejus
1968 5034 2223 5099 praedica-

692 5123 839 5177 runt,
865 5117 1060 5184 quibus
1096 5130 1189 5168 rex
1223 5117 1478 5170 virtutum
1526 5116 1713 5170 Dilecti
1747 5118 1993 5172 virtutem
2030 5106 2221 5190 suppe-

683 5201 919 5259 ditabat.
951 5203 1081 5256 Alia:
1111 5203 1236 5256 item
1278 5211 1466 5269 praeter
1510 5206 1628 5257 illas
1661 5213 1813 5259 erant
1839 5205 2024 5261 Dilecti
2052 5211 2222 5264 virtu-

693 5301 797 5353 tes,
822 5291 1068 5345 caelestes
1102 5293 1356 5345 nimirum
1391 5295 1678 5357 exercitus,
1707 5296 1902 5364 angeli.
1936 5301 2224 5367 archange-

692 5380 730 5432 li
757 5386 810 5433 et
840 5381 1005 5434 divini
1030 5381 1266 5448 spiritus.
1302 5380 1390 5434 ila:
1413 5381 1638 5438 virtutes
1664 5385 1851 5440 Dilecti
1874 5395 2046 5442 erant.
2079 5388 2221 5455 Qua-

760 5532 808 5564 “
829 5532 947 5585 Act.
986 5548 1025 5595 l,
1058 5533 1110 5587 8.
1184 5533 1267 5584 "l
1298 5535 1419 5588 Cor.
1458 5551 1543 5597 xv,
1585 5536 1638 5588 6.
1713 5537 1756 5569 “
1779 5537 1903 5591 ibid.
1936 5539 1959 5589 τ

765 5686 842 5755 (ι)
881 5685 1118 5752 Drusius,
1147 5687 1663 5754 εὑαγγελιῖφηένοις,

2327 4764 2415 4815 τοῦ
2443 4763 2787 4831 Εὑαγγελίου,
2835 4766 2972 4818 κατά
2997 4780 3054 4817 τε
3088 4766 3211 4825 τοὺς
3239 4762 3457 4832 χρόνους
3485 4765 3609 4825 τοὺς
3640 4762 3846 4813 ἀποστο-

2326 4854 2526 4917 λικοὺς,
2559 4855 2649 4906 καὶ
2687 4855 2796 4921 μετ’
2831 4856 3067 4916 ἐκείνους
3102 4854 3272 4922 ἕτεροι
3306 4855 3355 4905 0i
3397 4853 3534 4905 κατά
3571 4853 3744 4903 πᾶσαν
3762 4848 3844 4917 τὴν

2326 4945 2639 5014 οἰκουμένην
2673 4946 2728 4996 ἐν
2764 4949 2880 5009 ταῖς
2912 4943 3249 5013 Ἑκκλησίαις
3271 4942 3430 4996 αὑτοῦ
3451 4942 3512 4995 τδ
3542 4941 3843 5011 Εὐαγγέλιον

2327 5035 2486 5087 αὑτοῦ
2512 5053 2578 5106 κη
2589 5034 2878 5105 ρύττοντες,
2903 5031 2981 5097 οἷς
3002 5038 3029 5087 δ
3058 5034 3302 5103 βασιλεὺς
3333 5026 3448 5085 τῶν
3469 5033 3742 5103 δυνάμεων
3762 5029 3843 5099 τὴν

2325 5124 2413 5174 τοῦ
2450 5124 2747 5194 Ἀγαπητοῢ
2793 5126 3012 5195 δύναμιν
3062 5126 3324 5194 ἐχορήγει.
3363 5125 3580 5194 Ἕτεραι
3621 5124 3676 5175 δὲ
3717 5117 3842 5189 παρὰ

2326 5213 2542 5275 ταῦτατς
2568 5213 2658 5265 τοῦ
2693 5213 2992 5284 Ἀγαπητοῦ
3016 5214 3266 5284 δυνάμεις
3296 5210 3433 5284 ἦσαν
3467 5217 3520 5268 αἱ
3551 5216 3668 5267 κατ’
3703 5213 3841 5280 οὐρα-

2325 5303 2414 5354 νδν
2440 5306 2700 5376 στρατιαὶ,
2730 5307 2942 5374 ἄγγελοι
2975 5307 3065 5358 καὶ
3094 5305 3435 5376 ἀρχάγγελοι,
3461 5305 3552 5355 καὶ
3582 5302 3840 5372 πνεύματα

2327 5393 2459 5448 θεῖα.
2495 5390 2660 5449 Δῖηαι
2702 5396 2806 5468 γάρ
2845 5392 2981 5467 ⁴ἦσαν
3022 5399 3075 5451 αἱ
3112 5397 3360 5466 δυνάμεις
3400 5395 3493 5448 10-3
3535 5389 3838 5464 Ἀγαπητοῦο
