3976 6348
106 470 194 527 697
338 508 341 512 »
708 518 717 525 ,
1182 451 1606 512 ΟΟΜΜΕΝΤΑΚ

1710 451 1776 507 1N
1813 452 2147 511 PSALIOS.

3166 453 3267 507 €98

103 587 183 643 se
207 586 402 658 Κύριος
441 583 547 637 τῶν
586 581 863 652 δυνάμεων
898 578 1269 649 ἀνηγόρευται.
1327 573 1607 645 Ἀγαπητὸς

1726 587 1785 629 re
1814 573 2074 631 Dominus
2104 574 2362 635 virtutum
2405 582 2649 631 vocatur.
2696 574 2934 637 Dilectus
2960 581 3135 629 autem
3170 571 3263 626 Dei

98 680 152 732 δὲ
168 676 255 731 τοῦ
281 675 413 730 Θεοῦ
442 675 526 739 τίς
548 670 616 745 ἦν
641 674 675 745 ἢ
716 674 743 724 ὁ
769 669 1073 740 Μονογενὴς
1104 668 1231 730 Υἱὸς
1260 666 1350 719 τοῦ
1375 665 1539 730 Θεοῢς
1574 658 1618 733 ᾧ

99 774 128 841 ἠ
161 769 385 841 θεατρικὴ
414 767 562 835 φωνὴ
591 762 883 835 ὲμαρτύρει
931 761 1145 831 φήσασα
1167 776 1179 788 ·
1212 776 1231 811 ι
1271 753 1437 820 Οὗτός
1475 758 1618 841 εστιν

98 839 127 915 ό
166 839 285 921 Υἱός
335 875 433 927 μου
476 858 505 909 ό
542 854 837 925 ἀγαπητὸς,
872 855 951 915 είς
986 849 1045 902 ὃν
1084 848 1374 919 ηὑδόκησα·
1410 867 1427 898 ι
1455 839 1619 907 Οὗτος

96 946 259 999 τοίνυν
299 945 327 996 ό
370 942 617 1014 βασιλεὺς
662 941 771 995 τῶν
810 940 912 993 τοῦι
959 936 1262 1009 Ἀγαπητοῦ
1300 936 1578 1005 δυνάμεων
1600 972 1615 997 ,

99 1034 267 1107 ὥσπερ
306 1037 422 1097 ταῖς
469 1036 588 1105 κατ’
634 1032 853 1103 οὐρανὸν
900 1029 1186 1100 δυνάμεσιν
1237 1029 1483 1099 ἐχορήγει
1521 1029 1619 1091 τὰς

100 1106 269 1182 ἑαυτοῦ
301 1126 628 1197 εὐεργεσίας,
664 1124 834 1185 οὓτως
868 1123 963 1177 καὶ
996 1125 1106 1184 τοῖς
1136 1122 1226 1174 ἐπὶ
1255 1120 1355 1190 γῆς
1395 1106 1619 1189 εύαγγε-

98 1222 376 1292 λιζομένοις
410 1220 586 1273 δίδωσι
611 1216 670 1269 τὸ
706 1213 1048 1283 εύαγγελιχὸν
1085 1211 1233 1282 ῥῆμα
1271 1211 1365 1262 σὺν
1397 1209 1616 1279 δυνάμει

98 1315 268 1383 πολλῇ.
300 1313 405 1365 Καὶ
428 1310 577 1363 αὐτοὶ
613 1308 669 1361 δὲ
699 1302 839 1361 οὗτοι
867 1308 916 1359 οί
949 1305 1039 1357 ὲπὶ
1071 1303 1173 1373 γῆς
1204 1303 1448 1372 στρατιαὶ
1477 1297 1617 1371 ἦσαν

98 1404 243 1460 αὑτοῦ
282 1403 374 1457 καὶ
419 1399 670 1469 δυνάμεις
712 1395 899 1451 αὑτοῦ.·
922 1396 1009 1447 Διὸ
1044 1391 1179 1446 κατά
1205 1391 1294 1443 τὸν
1329 1389 1615 1460 Σύμμαχον

98 1494 338 1550 λέλεκται·
375 1509 393 1542 ι
425 1488 669 1549 Βασιλεῖς
697 1486 804 1539 τῶν
844 1482 1136 1555 στρατειῶν
1174 1479 1551 1550 ἠγαπήθησαν,
1589 1496 1607 1529 ι

95 1586 141 1655 ἢ,
181 1582 442 1651 ἀγαπητοὶ
494 1580 753 1647 ἐγένοντο.
792 1575 1008 1639 Τούτοις
1047 1573 1105 1626 δὲ
1145 1573 1321 1634 αὐτοῖς
1362 1572 1454 1624 καὶ
1490 1569 1615 1625 ἀλλο

94 1674 316 1745 χάρισμα
344 1672 675 1743 ἐδωρήσατοο
700 1667 853 1722 τοῦτο
891 1666 947 1719 δὲ
977 1661 1043 1736 ἦν
1072 1665 1131 1717 τὸ
1160 1662 1425 1717 διελέσθαι
1446 1661 1614 1714 σκύλα

93 1767 161 1828 si;
196 1764 493 1834 ὡραιότητα
528 1761 622 1814 τοῦ
669 1760 836 1814 οἴκου.
895 1755 1172 1828 Ὠραιότης
1218 1755 1312 1824 μὲν
1361 1754 1508 1807 οἴκου
1547 1751 1615 1805 τά

91 1857 429 1928 διαπρέποντα
477 1855 536 1905 ἐν
574 1854 639 1922 τῇ
686 1848 976 1919 Ἐκκλησία
1003 1846 1094 1901 τοῦ
1135 1845 1266 1898 Θεοῦ
1308 1844 1391 1913 εἴη
1423 1843 1487 1896 ἂν
1514 1844 1611 1896 τάν·-

1717 665 1841 736 quis
1866 664 2047 730 fuerit,
2077 664 2183 721 nisi
2212 662 2529 736 Unigenitus
2560 664 2728 737 Filius
2757 665 2871 733 Dei,
2903 665 2989 720 eui
3012 664 3126 720 haec
3172 678 3264 732 ra-

1716 763 1871 811 terna
1897 770 2001 810 vox
2026 754 2417 811 testiﬁcabatur
2445 774 2458 809 :
2496 776 2515 808 ι
2554 754 2651 810 Hic
2680 764 2764 811 est
2791 753 2959 809 Filius
2996 748 3149 809 meus
3180 754 3263 808 di-

1718 848 1908 909 lectus,
1950 846 2005 900 in
2034 862 2143 916 quo
2171 846 2301 903 mihi
2338 848 2640 916 complacui
2668 846 2754 900 "2
2790 865 2808 899 ι
2836 844 3130 915 Hicilaque
3168 861 3259 899 rex

1714 938 1971 990 virtutum
1998 934 2206 998 Dilecti,
2234 936 2682 1006 quemadmodum
2706 935 3020 1004 caelestibus
3039 935 3257 991 virtuti-

1716 1028 1817 1082 bus
1847 1026 2105 1081 beneﬁcia
2149 1041 2249 1081 sua
2291 1028 2735 1083 subministrabat
2755 1069 2768 1090 ,
2801 1029 2879 1083 sic
2906 1036 2960 1082 et
2988 1026 3258 1095 evangeli-

1717 1116 1965 1170 zantibu's
2010 1100 2065 1169 in
2111 1123 2254 1171 terra
2303 1117 2526 1173 verbum
2582 1118 2673 1171 dat
2732 1117 3093 1187 evangelicum
3132 1129 3255 1169 cum

1717 1204 1913 1258 virtute
1946 1205 2130 1258 multa.
2163 1204 2203 1257 li
2235 1219 2363 1258 vero
2411 1206 2535 1274 ipsi,
2567 1208 2658 1275 qui
2714 1206 2767 1259 in
2802 1214 2941 1260 terra
2971 1204 3254 1274 degebant,

1713 1297 1985 1351 exercitus
2010 1304 2064 1351 et
2092 1296 2321 1351 virtutes
2361 1298 2479 1366 ejus
2526 1308 2699 1352 erant.
2757 1296 2931 1363 Quare
2960 1295 3255 1353 secundum

1716 1386 2093 1458 Symmachum
2141 1388 2374 1457 dicitur,
2415 1407 2433 1439 ι
2478 1386 2651 1459 Reges
2692 1389 3021 1449 exercituum
3074 1387 3254 1441 dilecti

1714 1485 1861 1540 sunt,
1891 1498 1909 1528 ι
1941 1479 2054 1535 sive
2083 1479 2263 1534 dilecti
2292 1490 2596 1537 evaserunt.
2644 1479 2740 1539 His
2770 1496 2896 1544 vero
2928 1480 3059 1551 ipsis
3087 1481 3253 1533 altera

1712 1570 1884 1639 gratia
1934 1570 2129 1623 collata
2166 1580 2280 1641 est;
2316 1571 2369 1625 id
2410 1581 2547 1634 erat,
2579 1580 2636 1626 ut
2669 1572 2967 1627 dividerent
2996 1560 3165 1642 spelia
3199 1558 3253 1625 in

1714 1660 1947 1729 speciem
1978 1660 2190 1715 domus.
2222 1660 2442 1731 Species
2477 1664 2692 1732 quidem
2723 1665 2913 1719 domus
2938 1662 3135 1737 fuerint
3158 1678 3255 1718 or-

1714 1750 1823 1803 nati
1852 1757 1907 1804 et
1930 1749 2113 1804 decori
2140 1750 2215 1804 illi
2248 1742 2303 1805 in
2330 1750 2571 1807 Ecclesia
2619 1752 2711 1806 Dei
2741 1752 2989 1818 ordines;
3025 1768 3252 1824 quorum

1714 1855 1773 1896 se
1802 1838 2051 1909 cupidum
2082 1839 2349 1909 quispiam
2372 1838 2791 1903 fatetur,dicens
2817 1860 2829 1896 τ
2857 1859 2873 1891 ι
2900 1840 3141 1904 Domine,
3172 1842 3255 1895 di-

90 1924 273 2016 γματα·
317 1939 391 1999 ὧν
435 1943 527 1996 καὶ
553 1939 887 2010 ἐπιθυμητὴς
912 1937 1158 2008 ὁμολογεῖ
1198 1954 1280 1999 τις
1316 1934 1607 2002 γεγονέναι,

1713 1931 1814 1985 lexi
1844 1931 2093 1984 decorem
2115 1930 2307 1985 domus
2334 1938 2455 1995 tuae,
2483 1940 2534 1985 et
2559 1932 2733 1985 locum
2766 1929 3107 2012 habitationis
3139 1931 3253 1999 glo-

92 2036 268 2104 φήσεις-
300 2050 319 2084 σ
365 2031 576 2102 Κύριε,
610 2028 868 2098 ἠγάπησα
921 2025 1244 2096 εὐπρέπειαν
1297 2022 1444 2075 οἴκου
1493 2039 1607 2085 σου,

89 2124 171 2175 καὶ
209 2121 367 2173 τόπον
418 2117 767 2188 σκηνώματος
812 2114 964 2185 δόξης
1017 2130 1130 2167 σου.
1184 2133 1202 2165 ι
1252 2112 1358 2165 Καὶ
1416 2108 1605 2162 πάλινο

95 2230 111 2263 ι
141 2212 271 2266 Μίαν
295 2211 579 2281 ᾐτησάμην
609 2206 759 2278 παρά
791 2206 990 2277 Κυρίου
1009 2244 1023 2266 ,
1057 2203 1256 2273 ταύτην
1286 2195 1517 2271 ζητήσω,
1550 2200 1611 2252 τὸ

89 2305 333 2355 κατοικεῖν
367 2317 433 2372 με
458 2302 515 2353 ὲν
541 2301 673 2369 οῐκῳ
704 2295 906 2367 Κυρίου
945 2295 1118 2382 τξάσας
1156 2293 1251 2355 τάς
1282 2291 1611 2382 ημραςτῆς

89 2392 214 2460 ζωῆς
254 2408 386 2462 μου,
433 2388 528 2443 τοῦ
572 2389 792 2459 θεωρεῖν
839 2405 905 2458 με
934 2388 1031 2459 τὴν
1056 2383 1387 2456 τερπνότητα
1410 2381 1609 2451 Κυρίου

89 2484 169 2535 καὶ
196 2482 608 2536 ἐπισκέπτεσθαι
628 2480 718 2534 τὸν
752 2479 874 2533 ναὸν
902 2478 1085 2532 αὑτοῦ,
1126 2497 1145 2529 ι
1464 2554 1469 2561 β

148 2591 218 2644 Τά
233 2593 396 2660 ’Δγια
413 2590 587 2643 τοίνυν
609 2588 717 2642 τῶν
740 2587 907 2656 ἀγίων
927 2588 1009 2658 εἴη
1029 2588 1101 2650 ,ἂν
1132 2589 1173 2657 ἡ
1195 2587 1491 2657 τερπνὸτης
1518 2586 1611 2638 καὶ

88 2678 454 2750 ὡραιότηςτοῦ
483 2676 628 2731 οῐκου
668 2676 761 2739 τοῦ
803 2676 957 2729 Θεοῦ.
999 2675 1177 2729 Ταῦτα
1211 2675 1267 2728 δέ
1307 2676 1418 2726 ἐστι
1460 2674 1528 2727 τά
1554 2676 1610 2726 ἐν

91 2770 382 2841 σωφροσύνῃ
411 2769 505 2821 καὶ
540 2766 746 2837 ἀγνεία,
778 2768 871 2821 καὶ
898 2760 1222 2839 δικαιοσύνῃ,
1253 2765 1343 2817 καὶ
1369 2768 1484 2826 ταῖς
1507 2766 1613 2817 λοι-

89 2864 199 2921 παῖς
225 2861 438 2930 ἀρεταῖς
468 2856 831 2928 διαλάμποντα
857 2859 956 2928 τῆς
1000 2855 1315 2926 Ἐκκλησίας
1351 2855 1442 2908 τοῦ
1478 2856 1609 2908 Θεοῦ

89 2952 335 3020 τάγματα.
367 2951 459 3014 Εἰς
491 2950 546 3002 δὲ
568 2950 665 3021 τὴν
692 2948 990 3021 ὡραιότητα
1017 2947 1215 3017 ταύτην
1248 2947 1415 3001 σκύλα
1444 2947 1609 3000 διελέ-

91 3040 197 3093 σθαι
224 3045 331 3104 τοῖς
369 3041 532 3094 αὑτοῦ
575 3038 923 3111 στρατιώταις
968 3039 1263 3110 ἐδωρήσατο
1307 3041 1334 3091 ὁ
1369 3038 1611 3108 βασιλεὺς

88 3133 179 3185 τῶν
222 3132 511 3201 δυνάμεων.
573 3131 690 3183 Τῶν
746 3130 852 3201 γάρ
900 3129 1171 3199 πολεμίων,
1208 3129 1610 3199 ἀνατραπέντων

89 3224 169 3276 καὶ
212 3224 287 3285 είς
328 3223 503 3292 φυγὴν
549 3221 954 3293 κεχωρηκότων,
992 3220 1133 3287 λέγω
1164 3220 1221 3271 δὲ
1257 3220 1362 3273 τῶν
1391 3221 1607 3289 ἀφανῶν

88 3313 169 3367 καὶ
207 3314 448 3383 ἀοράτων
474 3313 768 3382 δυνάμεων,
806 3312 932 3380 περὶ
969 3306 1041 3363 ὧν
1081 3310 1329 3382 ἀνωτέρω
1373 3312 1601 3379 ἐλέγετοο

92 3422 108 3452 ι
165 3404 461 3473 ’Δναστήτω
518 3405 546 3454 ὁ
604 3402 733 3463 Θεὸς
795 3402 886 3453 καὶ
944 3397 1505 3472 διασκορπισθήτωσαν
1556 3402 1605 3454 oi

86 3490 248 3561 ἐχθροὶ
274 3490 459 3553 αὐτοῦ,
490 3490 799 3557 φυγὲτωσαν
831 3488 1025 3553 πάντες
1066 3492 1113 3542 οἱ
1149 3482 1422 3561 μισοῦντες
1450 3491 1606 3545 αὑτὸν

87 3582 180 3634 ἀπὸ
223 3580 506 3652 προσώπου
550 3579 745 3642 αὐτοῦ,
798 3599 817 3631 ι
858 3582 904 3632 οἱ
945 3580 1037 3632 τοῦ
1088 3581 1302 3651 νικητοῦ
1352 3581 1606 3649 βασιλέως

90 3670 395 3740 στρατιῶται
427 3670 493 3722 τὰ
537 3669 702 3722 σκύλα
733 3660 930 3723 τούτων
962 3656 1039 3734 εἰς
1069 3672 1286 3732 ἑαυτοὺς
1312 3669 1601 3741 διῃροῦντο.

89 3740 266 3812 Σκύλα
294 3746 371 3812 δὲ
398 3754 537 3830 ἦμεν
569 3762 728 3830 ἡμεῖς
765 3760 857 3813 καὶ
904 3760 1008 3813 πᾶν
1053 3759 1113 3813 τό
1160 3760 1264 3811 τῶν
1313 3740 1606 3829 ἀνθρώπων

91 3850 245 3916 γένος,
275 3850 337 3903 τὺ
375 3850 540 3904 πάλαι
586 3850 844 3921 πρότερον
891 3852 1192 3921 ὑποχείριον
1234 3848 1604 3915 τῶνάντικει-

93 3940 247 4008 μένων
284 3940 563 4009 δυνάμεων
593 3940 977 4009 γεγενημένον·
1000 3934 1079 4013 ὧν
1110 3937 1528 4001 ἀπελασθεισῶν,
1557 3942 1605 3992 οἱ

88 4031 169 4085 τοῦ
195 4032 434 4102 Σωτῆρος
458 4030 610 4101 ἡμῶν
633 4029 864 4102 μαθηταὶ
889 4031 980 4084 καὶ
1008 4030 1303 4096 ἀπόστολοι,
1334 4033 1425 4083 καὶ
1455 4032 1607 4098 εὐαγ-

89 4123 343 4189 γιλιπαι,
373 4123 408 4191 ἡ
451 4139 509 4175 τε
553 4110 709 4193 λοιπὴ
760 4120 918 4176 αὑτοῦ
971 4121 1254 4189 στρατεία,
1300 4122 1397 4185 τὰς
1442 4121 1604 4175 πάλαι

91 4214 331 4283 πρότερον
368 4213 759 4284 ἐσκυλευμένας
783 4210 976 4280 ψυχὰς,
1008 4211 1191 4282 κτῆμα
1222 4213 1349 4266 ίδιον
1384 4213 1606 4284 ποιησά-

92 4319 252 4371 μενοι,
299 4294 628 4373 διῖνείμαντο
669 4302 758 4363 ἐις
801 4299 1075 4369 ἀλλήλούς.
1120 4300 1326 4363 Παῦλος
1372 4301 1467 4373 μὲν
1516 4297 1606 4354 οὖν

88 4393 182 4445 ἀπὸ
231 4391 576 4464 Ἰερουσαλὴμ
622 4382 713 4444 καὶ
758 4389 939 4459 κύκλῳ
981 4389 1137 4461 μέχρι
1172 4389 1265 4442 τοῦ
1320 4389 1604 4462 Ἱλλυρικοῦ

88 4481 147 4534 τὰ
174 4480 228 4547 ἑξ
253 4482 419 4536 ἐθνῶν
449 4479 739 4552 ἐκληροῦτο
769 4471 956 4533 σκύλω
980 4480 1181 4550 Πέτρος
1220 4479 1462 4533 δὲ.πάλιν
1492 4478 1606 4531 ἐτέ-

1696 2019 1801 2072 .riae
1836 2028 1942 2071 tua:
1968 2018 2041 2083 ¹⁸;
2075 2037 2094 2069 ›
2132 2033 2195 2072 ac
2223 2034 2477 2073 rursum:
2524 2037 2542 2069 ι
2585 2019 2756 2079 Unam
2786 2006 2919 2089 ,petii
2945 2033 2974 2070 a
3004 2016 3249 2082 Domino,

1707 2106 1846 2159 hanc
1868 2105 2156 2174 requiram,
2182 2114 2239 2159 ut
2267 2107 2558 2162 iubabitem
2587 2109 2641 2162 in
2668 2108 2826 2162 domo
2855 2106 3062 2161 Domini
3079 2107 3252 2161 omni-

1706 2195 1807 2249 bus
1824 2194 2013 2249 diebus
2040 2196 2161 2249 vitae
2192 2210 2319 2249 meae
2345 2213 2358 2254 ;
2379 2204 2436 2248 ut
2472 2196 2677 2251 videam
2697 2198 3021 2267 voluptatem
3042 2194 3251 2250 Domini

1706 2294 1759 2342 ct
1791 2287 2001 2343 visitem
2036 2288 2294 2357 templum
2325 2288 2443 2357 ejus
2470 2288 2534 2342 ".
2570 2307 2590 2340 ι

1779 2568 1976 2623 Sancta
2032 2578 2345 2625 sanctorum
2400 2572 2582 2638 itaque
2634 2571 2881 2639 voluptas
2935 2585 2999 2624 ac
3041 2571 3246 2640 species

1708 2657 1899 2713 domus
1928 2658 2019 2712 Dei
2055 2659 2271 2716 fuerint.
2303 2657 2367 2712 lli
2400 2673 2564 2728 porro
2596 2668 2722 2714 sunt
2750 2654 3006 2716 Ecclesiae
3046 2659 3137 2715 Dei
3161 2676 3249 2715 0r-

1707 2747 1879 2809 dines.
1928 2747 2303 2817 temperantia,
2359 2749 2651 2811 castitate.
2694 2749 2904 2817 justitia
2950 2759 3002 2804 et
3040 2754 3248 2805 caeteris

1708 2838 1997 2899 virtutibus
2027 2837 2314 2907 fulgentes.
2346 2837 2425 2890 Ad
2457 2839 2617 2892 talem
2652 2854 2779 2908 ergo
2818 2839 3047 2907 speciem
3076 2840 3248 2908 spolia

1708 2928 1947 2985 dividere
1972 2945 2065 2983 res
2090 2930 2347 2983 virtutum
2372 2930 2637 2983 militibus
2661 2930 2774 2985 suis
2801 2928 3261 2989 concessit..Ver-'

1710 3020 1785 3075 sis
1817 3021 1957 3074 enim
2016 3027 2068 3099 et
2115 3020 2310 3091 fugatis
2364 3021 2618 3085 inimicis,
2662 3023 2887 3076 occultis
2921 3022 3162 3077 videlicet
3193 3029 3248 3077 et

1710 3110 2070 3166 invisibilibus
2100 3111 2410 3175 virtutibus,
2434 3111 2500 3164 de
2525 3112 2724 3180 quibus
2765 3112 3009 3182 superius
3030 3112 3217 3167 diceba

1711 3210 1799 3254 tur
1827 3219 1838 3253 :
1872 3219 1889 3251 ι
1928 3199 2193 3271 Exsul-gat.
2226 3200 2388 3264 Deus,
2416 3208 2468 3255 et
2498 3201 2833 3271 dissipentur
2864 3203 3064 3260 inimici
3103 3204 3243 3272 ejus,

1632 3262 1674 3317 ο
1706 3289 1911 3359 fugiant
1969 3304 2157 3345 omnes
2194 3291 2286 3360 qui
2325 3290 2553 3344 oderunt
2606 3306 2728 3345 eum
2779 3306 2807 3346 a
2848 3292 2982 3346 facie
3026 3293 3178 3362 ejus;
3218 3312 3239 3345 ι

1705 3381 1926 3435 victoris
1954 3381 2096 3449 regis
2127 3380 2325 3436 milites
2358 3381 2527 3450 spolia
2568 3395 2753 3435 eorum
2802 3380 2949 3436 inter
2976 3398 3033 3442 se
3060 3383 3245 3438 distri-

1703 3472 1957 3528 buerunt.
1991 3471 2170 3543 Spolia
2202 3479 2380 3526 autem
2422 3486 2519 3528 nos
2548 3488 2806 3541 eramus;
2837 3458 3112 3544 totumque
3145 3474 3244 3528 bo-

1705 3565 1908 3617 minum
1958 3564 2146 3632 genus,
2183 3562 2311 3617 olim
2361 3562 2689 3628 adversariis
2729 3565 3021 3619 virtutibus
3065 3564 3283 3620 ευΜὶορ

1703 3664 1838 3707 tum.
1870 3653 2077 3717 Quibus
2124 3654 2355 3725 repulsis
2403 3652 2696 3724 Salvatoris
2742 3656 2910 3733 nostri
2970 3656 3239 3727 discipuli,

1706 3745 1930 3813 apostoli
1970 3752 2025 3813 et
2048 3746 2407 3819 evangelista,
2441 3753 2493 3799 et
2541 3747 2781 3816 reliquus
2816 3734 2933 3814 eius
2974 3750 3242 3804 exercitus

1705 3837 1934 3899 animas,
1968 3851 2087 3905 qua:
2115 3838 2241 3891 olim
2266 3846 2434 3907 rapta:
2461 3836 2697 3901 fuerant,
2726 3838 2881 3907 quasi
2917 3839 2971 3893 in
3000 3849 3238 3910 potesta-

1704 3932 1811 3977 tem
1836 3916 1892 3977 et
1922 3924 2177 3981 ditionem
2224 3941 2376 3980 suam
2418 3925 2682 3991 redactas,
2709 3927 2847 3982 inter
2866 3943 2925 3991 se
2951 3929 3241 3985 distribue-

1703 4021 1847 4069 runt.
1877 4011 2075 4070 Paulus
2104 4015 2366 4085 siquidem
2387 4015 2456 4069 ab
2482 4013 2775 4073 Jerusalem
2808 4027 2861 4074 et
2893 4020 3082 4083 vicinis
3108 4021 3248 4076 locis

1706 4116 1875 4174 usque
1919 4100 1992 4159 ad
2042 4105 2330 4176 Illyricum,
2358 4106 2597 4175 gentium
2640 4108 2811 4177 spolia
2856 4096 3077 4163 soriitus
3107 4117 3237 4163 est:

1703 4195 1895 4254 Petrus
1932 4198 2055 4250 item
2087 4198 2310 4253 aliarum
2336 4199 2595 4268 gentium,
2625 4197 2859 4255 Joannes
2884 4198 3083 4273 pariter
3116 4199 3247 4253 alia-

1703 4301 1845 4351 rum,
1871 4302 1937 4341 ex
1967 4278 2186 4356 reliquis
2216 4290 2473 4356 apostolis
2503 4289 2699 4360 singuli
2738 4288 2961 4355 aliarum
2993 4289 3240 4348 similiter

1704 4377 1941 4447 gentium
1973 4380 2144 4447 spolia
2171 4379 2470 4435 obtinuere.
2510 4378 2585 4434 Ex
2614 4380 2811 4451 quibus
2846 4381 3030 4451 spoliis
3058 4382 3238 4437 excel-

1704 4467 1932 4522 lentiora
1960 4467 2179 4522 donaria
2204 4467 2269 4547 ad
2288 4470 2517 4541 speciem
2538 4469 2729 4525 domus
2758 4468 2847 4525 Dei
2871 4464 3237 4542 segregarunt.

90 4586 183 4638 ρων
211 4571 375 4625 ἐθνῶν
403 4569 494 4640 καὶ
543 4568 788 4635 Ἰωάννης
822 4565 1073 4629 ὡσαύτως
1104 4565 1300 4643 ἑτέρων
1318 4605 1333 4631 ,
1375 4566 1466 4619 καὶ
1497 4562 1603 4615 τῶν

1705 4558 2289 4631 Quamobrem'dictum
2316 4566 2433 4612 est:
2473 4576 2490 4609 ι
2527 4558 2590 4612 Ει
2629 4560 2822 4630 speciei
2867 4560 3059 4615 domus
3102 4560 3240 4615 divi-

87 4658 267 4715 λοιπιῖιν
308 4659 615 4715 ἀποστόλων
654 4658 877 4718 ἔκαστος
915 4644 1319 4727 παραπλησίως.
1368 4654 1481 4724 Ἀφ’
1530 4647 1604 4706 ὧν

89 4748 276 4803 σκύλων
315 4747 386 4804 τὰ
427 4748 675 4821 ἐξαίρετα
702 4746 1042 4815 ἀναθήματα,
1079 4748 1158 4810 είς
1188 4745 1486 4817 ὡραιότητα
1508 4743 1601 4796 τοῦ

87 4839 217 4893 οίκου
239 4837 486 4893 τοῦὋεοῦ
517 4837 807 4909 ἀφὼριζον.
838 4835 927 4889 Διὸ
953 4834 1211 4889 λέλεκται·
1236 4855 1254 4887 ι
1278 4834 1386 4888 Καὶ
1405 4834 1599 4904 ὡραιό-

86 4941 192 4993 τητι
248 4926 341 4980 τοῦ
389 4926 536 4979 οἴκου
592 4924 852 4979 διελέσθαι
899 4921 1084 4977 σκύλα.
1133 4924 1254 4978 Ἐἀν
1300 4921 1602 4992 ,κοιμηθῆτε

86 5014 175 5069 ἀνά
216 5016 373 5087 μέσον
402 5016 510 5071 τῶν
539 5015 750 5086 κλήρων
793 5014 1054 5085 πτέρυγες
1096 5013 1415 5085 περιστερᾶς
1449 5028 1602 5081 περι-

84 5094 469 5175 ηργυρωμόναι,
519 5106 613 5160 καὶ
643 5104 712 5158 τά
753 5105 1062 5175 μετάφρενα
1107 5103 1272 5173 αὐτῆς
1302 5104 1361 5155 ἐν
1405 5101 1603 5173 χλωρό-

84 5207 190 5261 τητι
233 5194 471 5264 χρυσίου.
522 5211 542 5243 ι
589 5190 977 5265 Μνημονεύσας
1016 5195 1045 5247 ό
1092 5193 1244 5261 λόγος
1284 5190 1390 5245 τῶν
1442 5192 1602 5261 εὐαγ-

86 5281 419 5353 γελιζομένων
460 5281 681 5353 δυνάμει
718 5283 909 5354 ωολλῇ-
940 5283 1033 5336 τοῦ
1074 5299 1133 5337 τε
1183 5280 1329 5359 οἴκου
1368 5280 1459 5333 καὶ
1505 5281 1602 5351 τῆς

84 5370 393 5443 ὡραιότητος
427 5364 618 5433 αὐτοῦ,
652 5371 731 5425 ἔτι
782 5371 887 5443 μὴν
922 5374 1010 5424 καὶ
1049 5370 1155 5424 τῶν
1193 5372 1249 5422 ὲν
1286 5368 1429 5438 αὐτῷ
1474 5370 1598 5424 σκύ⁹

85 5457 176 5513 λων
190 5497 204 5523 ,
257 5458 323 5514 διε
378 5452 452 5512 ὧν
514 5458 754 5532 ᾐνίττετο
805 5458 899 5529 τὴν
959 5458 1275 5530 Ἐκκλησίαν
1326 5457 1416 5510 τοῦ
1468 5458 1599 5513 Θεοῦ

87 5551 168 5602 καὶ
215 5550 335 5614 τοὺς
382 5552 448 5604 ιν
496 5550 631 5622 αὐτῇ
677 5542 1101 5621 διαπρέποντας·
1163 5547 1460 5618 ἀκολούθως
1513 5549 1600 5603 διὰ

86 5639 180 5691 τῶν
210 5640 345 5710 μετά
373 5642 555 5711 χεῖρας
584 5641 678 5694 καὶ
712 5641 819 5695 τῶν
859 5640 1220 5717 θεοπνεύστων
1250 5640 1599 5711 ἀναγνωσμά-

1707 4647 1834 4703 dere
1864 4647 2053 4718 spolia.
2091 4646 2148 4702 Si
2168 4647 2461 4703 edormiatis
2502 4649 2643 4707 inter
2671 4650 2876 4707 medios
2908 4652 3081 4707 cleros
3107 4666 3235 4720 pen-

1708 4753 1791 4795 nae
1814 4738 2072 4795 columba:
2090 4734 2463 4807 dearg'entate,
2490 4748 2543 4795 et
2574 4742 2869 4815 posteriora
2897 4740 3016 4810 ejus
3042 4742 3095 4794 in
3124 4741 3238 4809 pal-

1706 4829 1968 4909 loreauri‘.
1985 4848 2005 4883 ›
2024 4827 2313 4899 Postquam
2351 4832 2833 4909 eyangelizantium
2847 4832 3042 4889 virtute
3068 4832 3236 4897 multa

1704 4907 2004 4991 domusque
2025 4934 2089 4974 ac
2148 4921 2344 4992 speciei
2378 4921 2517 4989 eius.
2548 4907 3083 4991 necnon‘spoliorum
3118 4937 3240 4991 quae

1704 5010 1761 5067 in
1789 5010 1902 5081 ipsa
1930 5016 2107 5075 erant,
2135 5012 2289 5083 queis
2328 5008 2563 5071 Ecclesia
2601 5010 2692 5093 Dei
2732 5019 2785 5069 et
2812 5013 2852 5069 ii
2887 5013 2979 5085 qui
3022 5011 3077 5066 in
3120 5012 3235 5085 ipsa

1690 5099 1983 5169 .conspicui
2009 5100 2159 5173 fuere
2187 5102 2683 5169 subindicabantur,
2721 5103 2920 5157 mentio
2943 5102 3083 5157 facta
3110 5110 3235 5171 est;

1705 5199 2098 5273 consequenter
2120 5194 2175 5247 in
2204 5191 2278 5248 iis
2293 5206 2412 5261 quae
2432 5192 2542 5261 jam
2560 5200 2854 5289 tractamus
2882 5192 3136 5249 divinitus
3159 5192 3237 5247 in-

1704 5282 1935 5351 spiratas
1962 5284 2217 5341 lectiones
2239 5282 2643 5348 commemorat;
2661 5298 2759 5338 nos
2776 5284 2849 5338 ita
2873 5284 3231 5353 compellans:

1706 5370 1792 5425 «Si
1810 5370 2088 5428 dormiatis
2103 5374 2238 5427 inter
2263 5372 2466 5429 medios
2479 5374 2701 5428 οισι-ου
2726 5372 2867 5428 Cleri
2895 5379 3090 5437 autem,
3122 5374 3237 5430 sive

1698 5463 1864 5518 fortes
1893 5462 2162 5525 Ecclesiae,
2195 5473 2323 5536 sunt
2339 5462 2503 5520 Vetus
2530 5472 2581 5519 et
2607 5461 2813 5519 Novum
2836 5462 3235 5518 Testamentum

1700 5550 1791 5605 Dei
1827 5570 1839 5604 :
1874 5551 2151 5623 docetque,
2194 5568 2307 5621 eos
2330 5555 2419 5624 qui
2452 5554 2505 5608 in
2534 5552 2715 5611 medio,
2744 5567 2926 5609 eorum
2956 5542 3237 5609 versantur

1666 5706 1671 5711 η
1701 5655 1901 5699 pennas
1928 5644 2188 5698 columbae
2224 5644 2932 5715 deargentatasinventuros
2959 5658 3109 5711 esse;
3138 5660 3234 5697 cu-

149 5791 186 5820 "
218 5789 397 5846 lattb.
434 5807 513 5858 ιιι,
546 5792 648 5858 i7;
680 5774 810 5858 xvii,
841 5792 891 5847 5.
960 5791 1143 5849 “Psal
1192 5809 1315 5857 ser,
1350 5792 1401 5848 8.
1477 5790 1607 5848 "Ps

1717 5806 1861 5862 xxvi,
1892 5794 1946 5848 4.
