3976 6348
1356 391 1621 448 EUSEBII
1661 387 2136 448 CESARIENSIS
2174 387 2324 444 OPP.
2367 386 2546 441 PARS
2585 385 2673 442 ΙΙΙ.
2713 417 2782 426 -
2821 385 3228 449 EXEGETICA.

3818 389 3894 445 706

669 518 759 586 jus
791 515 1052 570 columbae
1103 511 1404 582 posteriora
1451 511 1584 566 dicit
1612 525 1734 566 esse
1760 505 2050 579 in’pallore
2097 507 2229 562 auri.

2340 523 2448 558 των
2506 505 2603 575 τὴν
2657 505 2876 575 μνήμην
2934 505 3159 556 ποιεῖται
3208 503 3282 568 ὡς
3332 506 3468 577 πρὸς
3518 507 3669 576 ἡμᾶς
3705 505 3892 586 λέγων·

668 606 803 662 Nam
835 622 955 661 cum
991 605 1228 675 Spiritus
1259 611 1482 658 sanctus
1531 601 1780 656 columba
1811 615 1934 657 esse
1975 598 2240 670 intelliga-

668 704 782 759 tur,
803 711 921 765 quae
945 695 1109 748 verba
1134 694 1189 747 in
1216 691 1397 746 Veteri
1426 698 1476 746 et
1502 689 1651 746 Novo
1674 689 2021 745 Testamento
2051 689 2237 759 legun-

671 793 782 852 tur,
839 784 1138 841 secundum
1170 783 1368 838 nudam
1400 790 1452 836 et
1480 782 1692 836 obviam
1721 781 2006 836 lectionem
2029 819 2043 843 ,
2079 777 2236 848 quasi

671 877 773 934 sub
825 878 906 947 .ligs
937 876 1150 931 occulta
1173 862 1478 940 sunt,-alis,
1508 872 1749 943 inquam,
1782 871 2078 933 deauratis,
2109 869 2237 939 quia

669 971 882 1040 eloquia
932 969 1146 1024 Domini
1193 974 1472 1038 argentum
1507 976 1634 1022 sunt
1680 966 1803 1036 igne
1847 963 2234 1026 examinatum,

667 1062 956 1132 probatum
983 1070 1160 1115 terrae.
1218 1058 1387 1114 Sensa
1420 1069 1599 1113 autem
1635 1059 1687 1110 iu
1714 1053 1985 1127 profundo
2007 1054 2238 1108 abscon-

668 1151 802 1214 dita,
857 1165 979 1221 quae
1024 1132 1333 1204 memoratae
1377 1148 1663 1209 columbae,
1711 1146 1968 1200 nimirum
1988 1138 2237 1213 Spiritus

670 1242 870 1305 sancti,
902 1240 1293 1311 posterioribus
1324 1237 1708 1309 comparanda,
1741 1238 1796 1291 in
1819 1237 2024 1308 pallore
2044 1237 2236 1302 dicun-

670 1340 759 1385 tur
790 1346 935 1395 esse,
979 1331 1103 1400 quia
1127 1331 1397 1385 sententia
1427 1338 1480 1383 et
1509 1329 1800 1399 purissima
1835 1344 1989 1396 mens
2017 1329 2119 1384 sub
2153 1328 2236 1383 di-

669 1423 852 1476 etione
884 1419 1198 1476 abscondita
1223 1413 1353 1473 auri
1392 1419 1566 1474 instar
1605 1419 1839 1490 effulget.
1894 1417 2098 1488 Hisque
2121 1434 2236 1472 rur-

671 1527 790 1566 sum
825 1526 926 1582 nos
954 1509 1240 1580 compellat
1264 1524 1473 1573 omnes,
1491 1510 1584 1578 qui
1614 1509 1668 1563 in
1702 1510 1864 1564 domo
1889 1508 1983 1565 Dei
2008 1523 2235 1579 congre-

672 1603 783 1673 gati
825 1617 1035 1668 sumus,
1078 1616 1215 1672 quos
1250 1601 1422 1670 spolia
1453 1600 1704 1671 superius
1726 1600 2074 1671 nuncupavit.
2125 1599 2233 1656 Pro

670 1680 771 1747 illo
795 1701 1008 1758 autem,
1060 1710 1077 1742 ι
1124 1691 1180 1744 Si
1215 1691 1520 1754 dormiatis,
1561 1710 1578 1741 ›
1621 1689 1978 1760 Symmachus
2026 1691 2105 1744 sic
2131 1690 2230 1743 ha-

669 1786 781 1847 bet,
842 1802 859 1834 ι
898 1783 953 1838 Si
978 1784 1283 1838 recideritis
1326 1784 1468 1837 inter
1512 1784 1708 1838 cleros.
1749 1803 1768 1834 ι
1813 1781 1945 1836 Nam
1973 1781 2229 1845 dormire,

2353 615 2372 648 ι
2396 595 2518 649 Ἐὰν
2557 595 2856 667 κοιμηθῆτε
2900 594 3004 648 ἀνὰ
3040 595 3200 665 μέσον
3230 595 3338 648 τῶν
3384 595 3616 668 κλήρων.
3652 616 3686 648 r
3712 598 3891 667 Klﬁgei

2345 687 2401 740 δὲ
2442 687 2538 758 τῆς
2580 687 2902 759 Ἐκκλησίας
2933 687 3070 738 εἰσιν
3112 687 3146 756 ή
3202 703 3261 740 τε
3309 685 3521 740 Παλαιὰ
3553 688 3647 740 καὶ
3681 690 3718 759 ή
3745 690 3890 756 liam,

2344 776 2583 848 Διαθήκη
2611 776 2705 830 τοῦ
2729 775 2864 830 Θεοῦ
2881 794 2894 806 ·
2921 771 2993 829 ὧν
3021 776 3146 839 τοὺς
3169 779 3226 830 ὲν
3251 777 3400 848 μέσῳ
3426 777 3888 850 διαστρεφομένσά

2342 864 2578 918 διδάσκει
2613 865 2886 937 πτέρυγας
2913 867 3236 937 περιστερᾶς
3268 867 3797 939 περιηργυρωμένας
3826 872 3887 921 sia

2349 960 2559 1030 ρήσεινο
2594 953 2663 1031 ἦς
2692 961 3016 1031 περιστερᾶς
3051 960 3118 1013 τὰ
3163 961 3471 1032 μετάφρενα
3510 958 3651 1015 εἶναι
3697 963 3757 1015 ἐν
3780 963 3887 1031 χλω-

2348 1051 2532 1123 ρότητι
2557 1053 2798 1124 χρυσίου.
2835 1046 2940 1108 Τόῦ
2968 1057 3076 1128 γὰρ
3114 1056 3265 1124 ἁγίου
3307 1056 3621 1124 Πνεύματος
3665 1070 3887 1124 περιστε-

2348 1145 2444 1214 ρᾶς
2477 1145 2784 1215 νοουμένου,
2813 1149 2861 1199 οί
2895 1149 2950 1200 ὲν
2985 1148 3195 1218 Παλαιᾷ
3231 1147 3321 1199 καὶ
3351 1148 3538 1216 Καινῇ
3558 1144 3886 1214 λελαλημένει

2343 1233 2510 1304 λόγοι,
2531 1235 2673 1289 κατά
2706 1239 2801 1307 μὲν
2835 1237 2932 1310 τὴν
2961 1238 3275 1290 ἐπιπόλαιον
3302 1237 3625 1306 ἀνάγνωσιν,
3655 1236 3886 1306 πτέρυξιν

2342 1325 2528 1396 ὥσπερ
2560 1327 3027 1399 ἐγκεκαλυμμένοι
3052 1328 3396 1397 τυγχάνουσι,
3426 1327 3519 1380 καὶ
3557 1323 3790 1396 πτέρυξι
3816 1342 3886 1376 πμ

2343 1418 2830 1490 ριηργυρωμέναις,
2876 1414 3063 1490 ἐπειδὴ
3103 1418 3170 1471 τὰ
3215 1419 3366 1487 λόγια
3397 1420 3603 1490 Κυρίου
3645 1417 3886 1488 ἀργύρών

2340 1511 2455 1561 ἐστι
2480 1510 2888 1580 πεπυρωμένον,
2917 1509 3156 1580 δοκίμιον
3176 1511 3241 1579 τῇ
3263 1511 3353 1579 γῇ’
3368 1507 3436 1560 τὰ
3456 1508 3510 1560 δὲ
3535 1508 3682 1586 κατξὶ
3718 1507 3886 1577 $6662,-

2340 1601 2758 1671 ὲγκεκρυμμένα
2785 1603 3048 1672 νοήματα,
3085 1603 3225 1672 ειπερ
3258 1601 3399 1653 ἔοικε
3430 1601 3787 1671 μεταφρένοις
3808 1601 3884 1670 τῆς

2339 1688 2692 1759 ἀποδοθείσης
2726 1693 3073 1762 περιστερᾶς,
3107 1689 3306 1760 δηλαδὴ
3346 1690 3438 1743 τοῦ
3469 1692 3623 1759 ἁγίου
3653 1690 3885 1760 Πνεύμε·

2335 1797 2444 1843 τος,
2482 1781 2537 1831 ὲν
2569 1779 2867 1853 χλωρότητι
2895 1781 3109 1850 λέγεται
3139 1781 3296 1849 εἶναι,
3322 1784 3420 1854 τῆς
3450 1785 3687 1852 ὲγκεκρυ
3701 1782 3884 1878 μμὲνῖς

668 1890 814 1930 nulic
841 1876 1178 1945 requiescere
1212 1876 1500 1944 signiﬁcat.
1537 1873 1606 1927 li's
1631 1874 1793 1943 igitur
1826 1876 1918 1943 qui
1945 1888 2229 1929 sacrorum

2332 1874 2398 1941 τῇ
2443 1870 2583 1934 λέξει
2625 1870 2862 1936 διανοίας
2909 1874 2999 1926 καὶ
3031 1874 3125 1927 τοῦ
3165 1875 3546 1946 καθαρωτάτου
3577 1873 3667 1926 νοῦ
3705 1869 3886 1944 χξιυσοῦ

666 1967 959 2022 verborum
986 1965 1358 2020 exercitationi
1390 1971 1600 2028 vacant,
1621 1966 1918 2019 hortatorio
1936 1964 2093 2018 modo
2114 1978 2235 2032 pro-

669 2059 905 2112 mittitur
937 2057 1239 2112 divinarum
1265 2054 1666 2126 Scripturarum
1699 2056 1904 2111 utilitas
1937 2075 1950 2110 :
1986 2071 2108 2109 nam
2141 2069 2228 2109 sa-

666 2165 885 2206 crarum
913 2149 1204 2204 lecﬁonum
1239 2149 1402 2203 dictio
1432 2157 1658 2218 purgata
1691 2157 1774 2202 est
1804 2148 1975 2202 instar
2014 2147 2224 2217 argenti

667 2240 789 2311 igne
815 2241 1128 2306 examinati,
1164 2243 1459 2297 secundum
1490 2241 1630 2296 hanc
1652 2240 1970 2296 sententiam
2003 2259 2015 2294 :
2056 2258 2074 2290 ‹
2097 2239 2222 2294 Elo-

665 2335 792 2402 quia
816 2332 1025 2387 Domini
1057 2333 1177 2403 igne
1206 2332 1511 2386 examinata
1537 2331 1615 2395 ⁸ος
1642 2349 1660 2382 ι
1690 2345 1752 2384 ac
1781 2345 1996 2384 rursum
2025 2348 2039 2384 :
2067 2351 2086 2382 ι
2105 2331 2223 2384 Ειοο

665 2426 791 2494 quia
831 2423 1041 2478 Domini
1072 2413 1283 2493 eloquia
1328 2430 1502 2487 casta,
1529 2429 1836 2490 .argentum
1874 2422 1994 2490 igne
2023 2422 2225 2475 exami-
2268 2436 2274 2446 '

2330 1963 2485 2034 δίκην
2518 1965 3018 2036 ἀπαστράπτοντος.
3046 1967 3227 2020 Ταῦτα
3259 1968 3314 2020 δὲ
3349 1970 3714 2036 ἀναφωνεῖται
3743 1969 3887 2020 πᾶσι»

2325 2055 2456 2124 ἡμῖν
2490 2058 2599 2120 τοῖς
2634 2058 2690 2108 ἒν
2721 2056 2797 2127 τῷ
2821 2056 2954 2126 οἴκῳ
2983 2058 3076 2111 τοῦ
3107 2059 3240 2112 Θεοῦ
3277 2060 3650 2130 συνηγμένοις,
3690 2058 3786 2120 οῦς
3817 2057 3884 2108 διε

2323 2147 2432 2198 τῶν
2461 2147 2765 2219 ἔμπροσθεν
2800 2150 2970 2202 σκύλα
2987 2152 3015 2201 6
3039 2150 3192 2218 λόγος
3218 2151 3513 2220 ὠνόμαζεν.
3534 2153 3683 2203 Ἀντὶ
3706 2151 3764 2202 δὲ
3784 2149 3882 2205 τοῦ,

2326 2254 2345 2288 ι
2368 2237 2493 2290 Ἐὰν
2518 2239 2830 2310 κοιμηθῆτε,
2864 2259 2882 2290 ι
2923 2241 3063 2293 κατά
3092 2241 3182 2293 τὸν
3211 2240 3521 2310 Σύμμαχον,
3561 2261 3578 2290 ι
3603 2241 3736 2292 Ἐὰν
3760 2251 3881 2292 ανα-

2327 2321 2527 2399 πέσητε
2553 2331 2753 2399 μεταξὺ
2791 2330 2898 2384 τῶν
2930 2335 3164 2403 κλήρων,
3197 2351 3214 2382 ›
3252 2332 3484 2404 εἴρηται.
3516 2331 3590 2383 Τὸ
3634 2331 3746 2402 γὰρ
3789 2349 3882 2384 me

2329 2419 2562 2490 μηθῆναι
2586 2422 2677 2475 νῦν
2697 2422 3153 2476 διαναπαύσεσθαι
3175 2423 3471 2494 δηλοῖ.Τοῖς
3490 2421 3584 2477 οὖν
3608 2423 3718 2475 τῶν
3742 2423 3886 2494 ἱερῶν

667 2521 876 2574 natum,
913 2511 1194 2580 probatum
1222 2518 1400 2574 terrae,
1434 2518 1721 2580 purgatum
1767 2509 2072 2580 septuplum
2099 2511 2163 2566 ³¹.
2200 2530 2218 2562 ι

2330 2511 2588 2581 ἀσκηταῖς
2624 2512 2796 2582 λόγων
2822 2516 3237 2587 προτρεπτικῶς
3263 2519 3295 2587 ή
3327 2516 3715 2588 προσφώνησις
3739 2518 3882 2582 ἐπατ-

669 2601 949 2657 Sententia
981 2616 1108 2656 vero
1137 2603 1435 2672 spiritualis
1479 2609 1744 2673 praestans
1791 2610 1846 2657 et
1891 2603 2070 2674 magni
2104 2620 2225 2674 pre-

2330 2603 2570 2672 γέλλεται
2603 2606 2700 2678 τὴν
2727 2609 2791 2660 ὲκ
2816 2609 2921 2662 τῶν
2951 2608 3105 2662 θείων
3130 2595 3300 2677 λέγων
3321 2609 3588 2677 ὠφέλειαν
3609 2626 3622 2638 -
3648 2609 3683 2678 ἦ
3706 2624 3766 2660 τε
3791 2607 3884 2677 γὰρ

666 2694 725 2748 tii
759 2709 898 2758 esse,
951 2709 1072 2748 cum
1123 2694 1344 2762 dicitur,
1385 2714 1404 2746 ι
1437 2694 1498 2749 ιιι
1543 2694 1747 2765 pallore
1797 2694 1949 2759 auri,
1985 2714 2002 2747 ι
2042 2695 2224 2750 decla-

2330 2696 2465 2762 λέξις
2513 2699 2621 2752 τῶν
2669 2699 2824 2771 ίερῶν
2872 2701 3311 2771 ἀναγνωσμάτων
3361 2701 3697 2772 κεκάθαρται
3749 2703 3880 2771 δίκην

666 2793 833 2840 ratur.
964 2801 968 2806 ‘
2325 2790 2586 2861 ἀργυρίου
2633 2792 3050 2863 πεπυρωμένου,
3086 2792 3223 2845 κατά
3266 2790 3358 2845 ’τὸν
3410 2775 3660 2863 φήσαντα
3699 2795 3878 2861 λόγον’

666 2903 687 2936 ε
715 2883 796 2937 Τά
825 2883 979 2953 λόγια
1020 2883 1223 2955 Κυρίου
1271 2882 1672 2954 πεπυρωμέναο
1708 2902 1726 2933 ›
1759 2883 1853 2936 καὶ
1879 2883 2065 2935 πάλιν·
2133 2899 2152 2932 ι
2214 2882 2295 2935 Τὰ
2332 2885 2485 2954 λόγια
2519 2886 2722 2958 Κυρίου
2769 2886 2924 2954 λόγια
2970 2886 3126 2954 ἁγνὰ,
3169 2886 3442 2958 ἀργύριον·
3479 2890 3880 2960 πεπυρωμένα,

665 2974 913 3044 δοκίμιον·
926 2977 989 3044 τῇ
1016 2977 1107 3045 γῇ,
1129 2973 1588 3044 κεκαθαρισμένον
1613 2973 2020 3035 ὲπταπλασίως’
2057 2991 2077 3023 ι
2107 2973 2141 3043 ἦ
2163 2990 2221 3026 τε
2258 2973 2463 3030 διάνοια
2487 2981 2520 3048 ή
2551 2972 2888 3048 πνευματικὴ
2916 2977 3188 3048 ἐξαίρετος
3248 2978 3343 3030 καὶ
3407 2977 3772 3050 πολυτίμητος
3812 2981 3879 3032 διὰ

667 3065 759 3119 τοῦ
806 3066 1086 3135 λέγεσθαι,
1125 3067 1252 3121 (Ἐν
1295 3066 1592 3139 χλωρότητι
1632 3067 1876 3138 χρυσίου,
1907 3086 1925 3118 ι
1964 3067 2317 3138 παρίσταται.

733 3181 899 3237 Vens;
928 3183 1113 3237 15-17.
1159 3202 1179 3236 ι
1219 3183 1350 3239 Dum
1378 3184 1639 3239 discernit
1691 3185 1928 3241 celestis
1951 3199 2107 3255 reges
2139 3201 2228 3241 su-
2258 3204 2299 3260 ο

645 3286 759 3350 'per
787 3290 903 3329 eam
937 3275 1061 3330 nive
1088 3268 1484 3330 dealbabuntur
1527 3275 1584 3328 in
1631 3273 1868 3329 Selmon.
1908 3293 1926 3327 ι
1965 3273 2071 3329 Pro
2105 3276 2216 3340 illo,

671 3381 690 3415 ι
706 3361 836 3417 Dum
853 3364 1113 3418 discernit
1134 3364 1392 3430 cmlestis,
1406 3385 1424 3416 ι
1444 3370 1497 3416 et
1513 3371 1725 3426 caetera,
1742 3363 1821 3417 sic
1838 3363 2219 3432 interpretatur

665 3451 1022 3524 Symmachus
1057 3474 1070 3507 :
1115 3473 1132 3506 ι
1164 3453 1389 3519 Quando
1418 3453 1751 3524 dispensavit
1781 3463 1971 3524 potens
1996 3469 2221 3525 regnare

665 3535 835 3608 illam,
869 3546 1024 3612 quasi
1050 3545 1171 3598 nive
1193 3544 1440 3598 dealbata
1467 3557 1600 3600 erat.
1674 3544 1892 3601 Selmon
1921 3553 2075 3602 mons
2103 3546 2218 3614 Dei,

663 3650 820 3713 mons
842 3635 1076 3706 pinguis,
1095 3651 1251 3690 mons
1269 3621 1586 3704 altissimus,
1604 3653 1758 3694 mons
1778 3640 1990 3709 pinguis
2015 3659 2028 3693 :
2052 3654 2220 3708 quare

647 3727 880 3780 .curiose
909 3727 1302 3795 investigantur
1354 3738 1564 3783 montes
1587 3730 1829 3784 excelsi?
1857 3729 2008 3784 Mons
2031 3730 2087 3784 in
2111 3746 2218 3800 quo

667 3816 992 3870 desideravit
1032 3817 1173 3873 Deus
1213 3818 1478 3883 habitare,
1511 3827 1564 3874 et
1590 3818 1848 3874 Dominus
1875 3801 2135 3876 habitabit
2161 3822 2218 3875 in

669 3906 850 3962 ﬁnem.
883 3927 901 3960 ι
939 3907 1030 3964 His
1056 3919 1232 3965 autem
1257 3914 1533 3981 docemur,
1560 3929 1681 3967 cum
1706 3914 1942 3973 caelestis
1969 3915 2075 3980 ille,
2108 3916 2219 3969 sive

666 3996 967 4050 ccelestium
1003 3998 1297 4054 incolarum
1340 4001 1514 4070 Deus,
1568 4004 1875 4073 praedictam
1909 4004 2225 4075 columbam

665 4087 884 4156 regibus
913 4095 1070 4143 terrae
1108 4080 1349 4156 donavit",
1383 4093 1435 4145 id
1461 4103 1562 4158 est,
1595 4095 1663 4149 iis
1697 4093 1788 4162 qui
1816 4094 1871 4147 in
1897 4101 2041 4150 terra
2073 4093 2226 4164 regni

666 4179 786 4248 ejus
819 4191 1096 4237 consortes
1137 4182 1354 4240 fuerunt
1393 4185 1470 4254 (hi
1519 4173 1680 4254 porro
1729 4193 1885 4260 erant
1929 4185 2222 4255 prophetae,

665 4263 804 4340 justi.
841 4279 894 4327 et
926 4273 998 4342 pii
1026 4274 1150 4338 viri,
1193 4289 1255 4329 ac
1282 4275 1543 4345 discipuli
1587 4286 1638 4330 et
1669 4278 1896 4347 apostoli
1926 4275 2226 4332 Salvatoris

669 4363 862 4428 nostri,
907 4365 1103 4436 quibus
1143 4364 1403 4435 Spiritum
1436 4372 1682 4420 sanctum
1709 4368 1952 4434 caelestis
1972 4368 2060 4422 ille
2087 4367 2227 4423 Deus

669 4452 995 4521 distribuit);
1041 4466 1173 4510 tunc
1208 4473 1310 4512 eos
1348 4457 1440 4526 qui
1477 4457 1645 4510 divini
1695 4455 1930 4526 Spiritus
1963 4458 2120 4515 donis
2145 4475 2229 4513 or-

671 4543 783 4595 nati
816 4542 1049 4611 l‘uerant,
1077 4547 1247 4602 instar
1279 4549 1420 4602 nivis
1445 4539 1707 4603 candidos
1732 4549 2012 4619 clarosque
2034 4550 2219 4606 fuisse.

2415 3205 2433 3236 ι
2457 3166 2542 3237 Ἐν
2573 3184 2652 3254 τῷ
2673 3184 2996 3237 διαστέλλειν
3025 3184 3115 3236 τὸν
3142 3183 3388 3253 οὐράνιον
3421 3183 3661 3253 βασιλεῖς
3691 3186 3778 3238 ἐπ’
3801 3187 3884 3236 αὖ·

2323 3278 2446 3348 τὴν,
2483 3275 2902 3346 χιονωθήσονται
2929 3277 2985 3332 ἐν
3011 3274 3250 3344 Σελμών.
3274 3295 3291 3327 ι
3314 3277 3458 3328 Ἀντὶ
3491 3277 3605 3340 τοῦ,
3650 3297 3669 3329 ι
3693 3279 3782 3331 Ἐν
3816 3278 3883 3346 τῷ

2319 3368 2647 3422 διαστέλλειν
2666 3368 2756 3420 τὸν
2774 3366 3089 3438 ἐπουράνιον
3114 3387 3131 3418 ι
3165 3368 3257 3420 καὶ
3280 3367 3347 3420 τὰ
3379 3367 3523 3437 ἑξῆς,
3548 3373 3574 3422 6
3601 3370 3878 3440 Σύμμαχτρς

2319 3460 2503 3514 τοῦτον
2532 3460 2838 3530 ἡρμήνευσε
2881 3457 2970 3511 τὸν
3009 3458 3233 3526 τρόπον·
3270 3476 3295 3515 ,ι
3320 3457 3509 3511 Ὁπότε
3538 3459 3878 3528 κατεμέριζεν

2319 3555 2347 3606 6
2384 3551 2566 3614 ἱκανὸς
2597 3548 2898 3620 βασιλεύειν
2932 3549 3120 3620 αὐτὴν,
3164 3547 3237 3622 ὡς
3286 3549 3615 3619 χιονισθεῖσα
3647 3546 3735 3620 ἦν.
3771 3548 3880 3600 Σελ-

2325 3643 2438 3714 μὼν
2483 3644 2606 3714 ὄρος
2650 3641 2807 3705 Θεοῦ,
2847 3641 2970 3713 ὅρος
3024 3640 3326 3711 εὐτροφίας,
3363 3640 3487 3710 δρός
3537 3640 3876 3710 ὑψηλότατιιν,

2321 3737 2444 3806 ὅρος
2484 3732 2801 3804 εὐτροφίας·
2837 3734 2916 3795 είς
2954 3731 3007 3783 τί
3054 3730 3539 3801 περισπουδάζεται
3586 3731 3655 3782 τὰ
3696 3731 3795 3798 ὅρη
3816 3731 3872 3780 τὰ

2323 3826 2534 3896 ὑψηλά;
2566 3825 2637 3876 Τὸ
2672 3825 2795 3893 ὅρος
2826 3825 2960 3892 ὅπερ
2992 3821 3251 3892 ἐπόθησεν
3283 3823 3311 3872 6
3342 3822 3472 3884 Θεὸς
3508 3823 3588 3883 είς
3621 3822 3683 3872 τὸ
3711 3838 3877 3873 κατοι-

2323 3923 2437 3972 κεῖν
2486 3921 2542 3970 ὲν
2587 3915 2751 3987 αὐτῷ,
2783 3917 2877 3968 καὶ¹
2902 3914 3102 3987 Κύριος
3129 3913 3536 3983 κατασκηνώσει
3561 3915 3642 3976 είς
3664 3913 3831 3976 τέλος.
3861 3934 3872 3961 ι

2325 4010 2572 4062 Διδάσκει
2605 4008 2662 4060 δὲ
2691 4009 2719 4060 6
2748 4006 2920 4074 λόγος,
2953 4005 3026 4068 ὡς
3057 4005 3163 4078 ἄρα
3202 4003 3339 4056 κατὰ
3374 4004 3462 4056 τὸν
3487 4004 3676 4073 καιρὸν
3707 4005 3763 4056 ἐν
3788 3997 3826 4071 ᾧ
3853 4006 3875 4054 6

2325 4102 2663 4173 ἐπουράνιος,
2690 4100 2886 4169 δηλαδὴ
2914 4101 2940 4152 6
2961 4099 3068 4152 τῶν
3089 4100 3144 4151 ὲν
3165 4098 3407 4169 οὐρανοῖς
3425 4096 3719 4149 οἰκούντων
3740 4097 3872 4158 Θεὸς,

2325 4193 2422 4264 τὴν
2469 4192 2850 4265 προλεχθεῖσαν
2898 4190 3221 4261 περιστερὰν
3269 4187 3593 4258 κατεμέριζε
3627 4191 3747 4250 τοῖς
3799 4190 3872 4239 ἐπὶ

2325 4285 2424 4353 τῆς
2464 4285 2564 4353 γῆς
2615 4281 2909 4351 βασιλεῦσι,
2941 4281 3178 4334 τουτέστι
3203 4282 3313 4342 τοῖς
3341 4280 3397 4330 ὲν
3434 4281 3496 4347 τῇ
3527 4268 3597 4348 γῇ
3641 4280 3872 4348 μετόχοις

2327 4373 2426 4443 τῆς
2457 4370 2618 4425 αὐτοῦ
2666 4370 2954 4439 βασιλείας,
2990 4368 3296 4440 (προφῆται
3339 4367 3395 4420 δὲ
3438 4365 3578 4437 ἦσαν
3608 4360 3778 4427 οὗτοι,
3805 4366 3871 4417 δέ·

2329 4463 2470 4518 καιοί
2501 4480 2559 4514 τε
2586 4462 2678 4514 καὶ
2704 4461 2961 4527 θεοφιλεῖς
2981 4460 3185 4530 ἀνδρες,
3215 4459 3265 4510 οῖ
3285 4475 3342 4511 τε
3369 4457 3602 4528 μαθηταὶ
3629 4459 3732 4510 καὶ
3756 4457 3872 4507 ἀπέ-

2332 4553 2503 4605 στολοι
2535 4551 2626 4603 τοῦ
2656 4551 2901 4621 Σωτῆρος
2928 4548 3103 4618 ήμῶν,
3134 4545 3215 4612 οἷς
3245 4548 3305 4600 τὸ
3337 4547 3556 4618 Πνεῦμα
3586 4549 3649 4600 τὸ
3678 4550 3825 4615 ἀγιον
3850 4546 3872 4594 ὁ

670 4636 848 4703 Quare
880 4637 1080 4690 dictum
1124 4646 1246 4694 est;
1287 4661 1305 4692 ι
1344 4640 1544 4710 thuid
1614 4635 1962 4710 sus‘picamini
2013 4652 2224 4699 montes

2330 4645 2457 4708 Θεὸς
2485 4645 2782 4716 διεμέριζεν
2807 4644 2835 4694 6
2859 4641 3220 4713 ὲπούρανιος,)
3241 4640 3412 4711 χιόνος
3432 4641 3587 4710 δίκην
3611 4636 3873 4708 ἐλαμπρὺ-

669 4729 1022 4798 coagulatos?
1057 4749 1076 4782 ›
1127 4728 1495 4801 Objutgantur
1536 4733 1742 4788 scilicet
1782 4732 1875 4802 qui
1925 4731 2123 4800 aliquid
2153 4736 2229 4788 si-

668 4819 794 4873 mile
820 4822 1084 4875 exsistere
1111 4822 1442 4876 arbitrantur
1475 4841 1486 4876 :
1515 4823 1664 4877 addit
1689 4838 1817 4878 vero
1846 4838 1951 4892 qua
1978 4824 2043 4876 de
2065 4838 2228 4878 causa

668 4924 779 4963 non
823 4921 1066 4980 oporteat
1104 4914 1318 4983 quidvis
1349 4914 1494 4968 aliud
1525 4931 1645 4968 cum
1689 4915 1808 4985 ipso
1851 4912 2117 4976 conferre,
2146 4916 2228 4968 di-

669 5018 797 5057 cens
828 5044 840 5056 .
875 5004 1058 5059 «Mons
1088 5007 1142 5060 in
1174 5002 1281 5075 quo
1309 5007 1704 5076 beneplacitum
1733 5017 1814 5062 est
1849 5006 1957 5061 Deo
1986 5005 2226 5061 habitare

669 5093 724 5145 ln
761 5107 825 5146 eo
863 5111 874 5147 :
909 5096 1105 5147 etenim
1138 5095 1397 5152 Dominus
1431 5098 1693 5152 habitabit
1729 5098 1785 5151 in
1817 5098 1995 5153 ﬁnem.
2036 5117 2054 5149 ›
2092 5097 2224 5152 Nam

668 5183 758 5236 ille
785 5184 934 5238 solus
969 5199 1124 5239 mons
1154 5197 1235 5240 est
1266 5190 1320 5240 in
1353 5204 1458 5258 quo
1488 5187 1630 5244 Deus
1659 5186 1905 5242 habitare
1931 5189 2220 5258 cooptavit,

669 5283 722 5327 et
747 5276 800 5328 in
831 5293 937 5345 quo
956 5276 1114 5332 Pater
1143 5279 1473 5335 domicilium
1506 5281 1665 5334 habet
1690 5281 1744 5332 in
1763 5281 1956 5333 sarcula
1983 5281 2221 5345 inﬁnita;

673 5380 838 5434 quare
872 5383 978 5421 non
1005 5369 1157 5423 decet
1192 5370 1354 5421 alium
1388 5384 1512 5423 cum
1539 5371 1631 5424 illo
1651 5368 1916 5423 conferre.
1961 5369 2094 5425 Nam‘
2119 5371 2222 5424 etsi

671 5456 738 5510 de
761 5459 878 5512 aliis
909 5460 1110 5514 dictum
1145 5460 1247 5516 fuit
1275 5461 1406 5517 illud
1430 5499 1445 5525 ,
1499 5479 1517 5510 ι
1552 5459 1866 5517 lnhabitabo
1912 5462 1967 5515 in
2014 5464 2120 5519 illis
2166 5471 2219 5518 et

675 5545 1034 5613 iuambulabo,
1065 5558 1118 5605 et
1145 5566 1239 5605 ero
1273 5551 1488 5605 illorum
1516 5547 1747 5614 Deus,et
1776 5538 1877 5621 ipsi
1909 5553 2216 5607 eruntmihi

673 5633 901 5708 Ρονυιυε
926 5641 998 5707 ²²;
1036 5660 1055 5692 ι
1089 5651 1142 5694 at
1173 5658 1279 5697 non
1309 5642 1529 5712 perinde
1559 5642 1612 5696 in
1641 5643 1776 5713 ipsis
1803 5643 2006 5698 habitat
2029 5653 2080 5700 et
2102 5661 2217 5700 am-

2328 4753 2480 4788 νοντο
2506 4738 2555 4787 οἱ
2589 4734 2696 4787 τῶν
2723 4732 2815 4785 τοῦ
2845 4732 2984 4785 θείου
3015 4732 3325 4803 Πνεῦματος
3382 4729 3740 4802 χαρισμάτων
3769 4744 3872 4781 κατ-

2328 4825 2648 4896 αξιούμενοι.
2693 4822 2783 4875 Διὸ
2798 4820 3059 4876 λέλεκται·
3091 4823 3236 4875 «Ἵνα
3259 4821 3313 4873 τί
3349 4817 3758 4888 ὑπολαμϐάνετε
3788 4818 3868 4886 ὅρη

2327 4916 2674 4987 τετυρωμένα
2694 4930 2708 4978 ;
2732 4933 2748 4964 ι
2770 4913 3155 4984 Ἐπιτιμῶντος
3178 4912 3269 4965 τοῦ
3302 4911 3458 4977 λόγου
3487 4912 3594 4970 τοῖς
3623 4909 3810 4978 ἕτερόν
3830 4925 3869 4957 τι

2329 5007 2634 5077 νομίζουσιν
2662 5008 2842 5077 ὅμοιον
2871 5006 3018 5076 αὐτῷ
3043 5002 3198 5059 εἷναι.
3218 5001 3484 5068 Ἐπιλέγει
3505 5001 3560 5053 δὲ
3583 5003 3680 5053 καὶ
3713 5001 3868 5054 αίτξαν

2327 5097 2391 5150 δι’
2423 5100 2488 5169 ἣν
2515 5101 2575 5152 οὐ
2606 5100 2866 5169 προσήκει
2891 5094 3370 5165 ἀντιπαραδάλλειν
3393 5092 3537 5162 αὐτῷ
3568 5094 3787 5164 ἕτερον·
3808 5092 3868 5143 διό

2331 5207 2358 5238 σ
2378 5207 2462 5260 τισι
2481 5207 2494 5221 ο
2529 5210 2546 5241 ι
2575 5191 2646 5242 Τὸ
2681 5191 2805 5261 ὅρος
2832 5189 2859 5240 δ
2885 5188 3178 5257 ηὐδόκησεν
3204 5187 3232 5238 ό
3265 5185 3394 5250 Θεὸς
3419 5188 3697 5244 κατοικεῖν
3725 5188 3779 5237 iv
3798 5184 3867 5236 ac.

2327 5281 2434 5350 τῷ·
2468 5283 2559 5335 καὶ
2600 5283 2708 5351 γὰρ
2758 5281 2787 5331 6
2833 5279 3034 5350 Κύριος
3083 5278 3488 5349 κατασκηνώσει
3533 5282 3612 5341 είς
3653 5278 3862 5332 τέλος.»

2325 5375 2499 5427 Μόνον
2534 5375 2640 5444 γάρ
2669 5378 2782 5425 ὲστι
2810 5371 2966 5424 τοῦτο
2996 5373 3051 5423 έν
3078 5364 3121 5440 ᾧ
3141 5371 3435 5440 ηὐδόκησεν
3472 5373 3500 5424 6
3535 5371 3666 5434 Θεὸς
3703 5384 3862 5422 κατοι-

2326 5469 2458 5527 κεῖν,
2489 5466 2580 5518 καὶ
2607 5467 2661 5516 ἐν
2684 5460 2727 5532 ᾧ
2753 5468 2781 5517 6
2811 5465 2999 5535 Πατὴρ
3024 5464 3348 5530 κατασκηνοῖ
3375 5463 3452 5523 είς
3480 5462 3738 5530 ἀπείρους
3763 5455 3862 5510 αἰῶ

2322 5572 2417 5617 νας
2436 5573 2447 5583 ·
2477 5554 2556 5606 διὸ
2596 5554 2654 5605 οὐ
2703 5554 2964 5622 προσήκει
2993 5552 3175 5620 ἕτερον
3201 5547 3689 5618 ἀντιπαραϐάλλειν
3715 5544 3859 5615 αὐτῷ.

2322 5645 2384 5698 Et
2416 5644 2522 5714 γὰρ
2547 5644 2641 5696 καὶ
2681 5642 2925 5696 λέλεκται
2961 5643 3086 5712 περὶ
3117 5641 3315 5710 ἑτέρων
3340 5639 3427 5704 τὸ,
3462 5658 3482 5691 ι
3507 5637 3860 5713 Ἐνοικήσυιν

750 5793 792 5824 ’θ
819 5791 957 5849 Psal.
1004 5810 1134 5859 xm,
1169 5797 1256 5850 3i.
1337 5798 1378 5830 ³⁸
1403 5795 1546 5852 Psal.
1588 5814 1662 5864 ιι,
1696 5798 1742 5849 7.
1821 5800 1863 5832 ³³
1888 5799 2058 5856 Levit.
2090 5817 2229 5867 uri,

2330 5807 2373 5868 :;
2411 5797 2450 5853 11
2482 5800 2607 5855 Cor.
2645 5814 2718 5863 vi,
2764 5797 2849 5853 16.
