3976 6348
62 457 146 513 τοι
211 447 220 458 '
1164 451 1667 510 COMMENTARIA
1704 453 1769 508 IN
1808 453 2146 513 PSALMOS.

3167 462 3268 518 702

60 579 231 640 αὐτοῖς
269 577 362 632 καὶ
407 574 857 648 ὲμπεριπατήσω,
885 572 978 627 καὶ
1007 571 1200 642 ἔσομαι
1242 571 1419 624 αὐτῶν
1457 570 1608 635 Θεὸς,

1728 571 1884 635 aulat,
1915 579 2078 643 atque
2111 573 2166 628 in
2193 580 2374 630 monte
2402 589 2507 629 suo
2550 592 2566 630 :
2604 574 2802 630 etenim
2835 575 2996 632 Pater
3023 578 3078 632 in
3107 576 3266 644 Filio,

59 670 145 724 καὶ
171 669 323 723 αὐτοὶ
364 667 574 720 ἔσονταί
623 683 724 738 μου
752 663 876 727 λαός
895 681 908 694 ο
947 682 966 714 ι
1005 661 1118 715 ἀλλ’
1142 663 1240 731 οὐχ
1272 659 1444 724 οὕτως
1474 662 1610 714 tvo:-

61 764 138 816 κεῖ
165 761 256 814 καὶ
281 760 643 831 ἐμπεριπατεϊ
669 757 727 812 ὲν
756 754 983 817 τούτοις,
1008 754 1082 816 ὡς
1103 755 1160 806 ἐν
1186 753 1262 824 τῷ
1283 753 1446 805 αὐτοῦ
1471 751 1606 825 δρει·

59 857 85 908 6
107 853 208 925 γὰρ
230 851 415 922 Πατὴρ
435 852 492 903 ὲν
518 849 592 920 τῷ
615 847 727 918 Υἰῷ
757 847 847 900 καὶ
868 846 896 898 6
934 845 1058 908 Υίὸς
1081 846 1136 897 ὲν
1155 842 1233 913 τῷ
1253 843 1424 914 Πατρί
1439 860 1452 874 ο
1482 865 1500 894 ι
1520 843 1613 897 καὶ

63 947 113 999 tv
139 943 282 1015 αὐτῷ
309 943 574 1016 ηὑδόκησε
600 943 705 994 πᾶν
729 939 789 992 τὸ
805 938 1078 1016 πλήρωμα
1100 936 1198 1006 τῆς
1219 934 1468 1005 θεότητος
1489 951 1616 988 κατ-

60 1035 267 1105 οικῆσαι
287 1053 299 1065 ·
335 1054 354 1087 ι
384 1035 478 1088 καὶ
500 1034 557 1087 οὐ
601 1031 731 1085 ποτε
780 1031 876 1101 μὲν
902 1027 1113 1100 ᾧκησεν
1141 1029 1197 1080 ὲν
1226 1025 1394 1096 αὐτῷ,
1425 1025 1611 1080 ἄλλοτε

62 1129 113 1182 δὲ
135 1127 294 1182 αὑτοῦ
322 1126 531 1197 άπέστη
549 1142 562 1154 ·
593 1123 705 1179 ἀλλ’
735 1124 814 1186 εἰς
842 1123 900 1175 τὸ
925 1123 1148 1192 ἄπειρον
1170 1118 1319 1182 τέλος
1343 1119 1428 1171 ἀεὶ
1452 1120 1480 1170 6
1507 1118 1616 1170 Πα-

63 1220 157 1292 τήρ
174 1220 230 1272 ὲν
249 1218 326 1288 τῷ
350 1216 462 1286 Υίῷ
483 1217 740 1270 κατοικεῖ.
760 1215 928 1277 Αὐτὸς
946 1212 1002 1265 δέ
1027 1214 1171 1265 ἐστιν
1194 1212 1227 1281 ὴ
1251 1211 1435 1280 εἰρήνη
1459 1206 1613 1278 ήμῶν

67 1311 195 1364 κατὰ
214 1311 305 1363 τὸν
331 1308 664 1362 ’Δπόστολον.
683 1307 772 1360 Διὸ
791 1307 884 1360 καὶ
899 1302 1124 1374 Σαλμὼν
1142 1301 1262 1373 (sic)
1283 1301 1612 1370 ὠνόμασται,

1714 670 1769 717 et
1796 661 1966 718 Filius
2009 665 2064 720 in
2106 663 2290 730 Patre,
2335 682 2352 716 ι
2387 665 2522 720 etin
2550 665 2668 736 ipso
2700 669 3026 738 complacuit
3058 685 3270 725 onmem

1715 754 2105 824 plenitudinem
2125 755 2425 812 divinitatis
2456 757 2754 813 inhabitare
2773 760 2817 790 ³⁸
2847 777 2859 816 :
2888 779 2906 812 ι
2936 777 3109 831 neque
3128 763 3272 816 enim

1718 847 1878 901 modo
1908 846 2171 902 habitavit
2201 849 2256 903 in
2289 849 2402 915 illo,
2439 851 2599 905 modo
2627 853 2852 907 recessit
2885 853 2952 912 ab
2979 869 3078 917 eo;
3103 856 3196 910 sed
3219 856 3274 909 in

1718 936 1987 992 inﬁnitum
2024 953 2086 993 ac
2118 956 2332 1011 semper
2356 941 2517 998 Pater
2546 943 2601 997 in
2640 941 2775 997 Filio
2817 942 3097 999 inhabitat.
3154 942 3275 1016 Ipse

1717 1036 1896 1083 autem
1913 1040 1996 1084 est
2015 1046 2117 1101 pax
2132 1041 2338 1096 nostra,
2365 1035 2665 1090 secundum
2684 1035 2997 1106 Apostolum
3012 1035 3072 1089 “.
3096 1035 3276 1100 Quare

1721 1117 1772 1172 Sx
1795 1119 1938 1174 lmou
1965 1128 2214 1202 vocat-ur,
2255 1123 2308 1178 id
2330 1131 2413 1178 est
2433 1165 2448 1190 ,
2477 1125 2623 1192 Pax;
2656 1135 2710 1180 et
2745 1127 2895 1181 locus
2933 1123 3025 1179 Dei
3057 1142 3157 1196 pax
3187 1126 3274 1179 di-

1719 1209 1896 1272 citur,
1958 1211 2255 1267 secundum
2306 1213 2479 1280 illud,
2539 1231 2558 1265 ι
2601 1213 2658 1269 In
2714 1230 2847 1302 pace
2896 1222 3083 1272 sancta
3124 1214 3276 1270 locus

1718 1300 1838 1369 ejus
1866 1300 1928 1356 ³⁸.
1959 1321 1978 1353 ι

66 1405 192 1474 ὅπερ
218 1403 362 1455 ἐστὶν
386 1401 589 1472 Εἰρήνη
608 1417 620 1429 ο
652 1399 746 1453 καὶ⁵
777 1399 941 1462 τόπος
968 1396 1062 1450 τοῦ
1089 1396 1222 1450 Θεοῦ
1251 1396 1285 1465 ή
1315 1393 1503 1464 εἰρήνη
1537 1389 1801 1455 λέλεκται,
1832 1391 1971 1445 κατὰ
1999 1394 2080 1458 τὺ,
2118 1415 2136 1447 ι
2160 1397 2248 1450 Ἐν
2279 1397 2468 1469 είρήνῃ
2499 1397 2628 1469 ἁγίᾳ
2670 1399 2698 1450 6
2733 1399 2895 1459 τόπος
2925 1398 3109 1452 αὐτοῦ.
3147 1418 3165 1445 ι

137 1515 152 1546 ι
185 1493 256 1547 T6
284 1493 435 1565 ἄρμα
465 1491 560 1545 τοῦ
608 1491 741 1544 Θεοῦ
777 1489 1180 1562 μυριοπλάσιον,
1210 1485 1441 1557 χιλιάδες
1466 1482 1620 1552 εὐθη-

69 1585 307 1639 νούντωνο
323 1583 523 1656 Κύριος
551 1585 609 1636 ὲν
638 1584 819 1645 αὐτοῖς
842 1583 900 1635 ὲν
917 1579 1065 1634 Σιναῒ
1081 1581 1139 1632 ὲν
1157 1578 1234 1649 τῷ
1259 1578 1414 1648 ἁγίῳ.
1431 1599 1449 1628 ι
1470 1577 1623 1628 Ἀπο-

69 1679 178 1740 δοὺς
212 1678 239 1729 ό
266 1676 423 1744 λόγος
460 1675 680 1746 πρώτην
713 1674 810 1745 τὴν
841 1674 970 1744 περὶ⁸
996 1669 1088 1725 τοῦ
1122 1671 1280 1739 ἁγίου
1307 1668 1620 1740 Πνεύματος

70 1765 400 1822 διδασκαλίαν
425 1765 512 1818 διά
540 1764 638 1834 τῆς
668 1763 1012 1835 περιστερᾶς,
1041 1761 1227 1814 ἔπειτα
1253 1759 1350 1830 τὴν
1377 1760 1504 1832 περὶ
1526 1759 1620 1826 τοῦ

74 1857 189 1911 Υἱοῦ
219 1858 306 1911 διά
348 1855 438 1909 τοῦ
469 1855 626 1928 ερους
651 1853 742 1907 τοῦ
772 1854 925 1919 Θεοῦ,
957 1852 1270 1906 καταϐαίνει
1308 1851 1490 1905 λοιπὸν
1531 1851 1620 1903 ἐπὶ
1654 1891 1695 1950 Β

72 1950 159 2014 τὰς
182 1947 576 2020 ὑποδεδηκυίας
602 1947 856 2016 δυνάμεις
875 1963 888 1975 ·
913 1945 1199 2018 παριστὰς,
1227 1945 1329 2007 ὅτι,
1363 1945 1412 1996 εί
1437 1944 1528 1996 καὶ
1553 1942 1621 1996 τὰ

78 2039 296 2110 μάλιστα
321 2037 379 2090 τὸ
408 2038 533 2108 όρος
576 2035 638 2089 τὺ
678 2035 932 2088 άποδοθὲν
979 2034 1214 2089 τοιοῦτον
1243 2035 1515 2104 τυγχάνει,
1547 2034 1622 2095 ὡς

75 2136 126 2184 ὲν
169 2129 313 2200 αὑτῷ
359 2133 631 2183 κατοικεῖν
677 2129 785 2181 πᾶν
829 2127 889 2180 τὸ
932 2125 1203 2198 πλήρωμα
1228 2127 1326 2196 τῆς
1353 2125 1621 2194 πατρικῆς

77 2222 332 2294 θεότητος,
351 2222 463 2275 ἀλλ’
479 2224 540 2275 ού
570 2222 725 2293 μόνον
748 2219 902 2273 τοῦτο
931 2219 1117 2290 κτῆμά
1138 2221 1253 2271 ἐστι
1277 2217 1369 2274 τοῦ
1391 2217 1619 2286 Πατρός,

78 2317 176 2386 ἔχει
216 2316 271 2368 δὲ
317 2317 406 2368 καὶ
429 2314 594 2374 ἄλλας
623 2312 1018 2384 ύποσεὸηκυίας
1058 2309 1364 2372 διακονικὰς
1397 2307 1490 2361 καὶ
1523 2308 1626 2360 λει-

78 2405 354 2477 τουργικάς
375 2406 649 2476 δυνάμεις,
675 2405 741 2469 ἃς
777 2405 972 2476 μυρίας
996 2402 1162 2466 οὔσας
1199 2402 1292 2455 καὶ
1318 2400 1535 2463 πολλὰς,
1556 2401 1623 2470 τῃ

79 2515 130 2550 τε
155 2500 316 2568 αρετῇ
340 2497 698 2568 διαφερούσας
723 2497 811 2566 ὑφ’
840 2497 933 2550 ἕνα
956 2479 1134 2563 ῆζυγὸν
1164 2493 1623 2564 καταδησάμενος,

80 2590 217 2660 ἅρμα
240 2587 412 2658 ἑαυτῷ
434 2589 752 2654 κατέζευξεν
776 2591 804 2642 ό
821 2587 1194 2659 παμϐασιλεὺς
1232 2586 1383 2648 Θεὸς,
1415 2586 1501 2653 ὑφ’
1519 2586 1627 2653 ἡνι-

81 2679 176 2749 όχῳ
205 2679 280 2748 τῷ
311 2681 599 2746 Μονογενεῖ
626 2678 785 2731 αὑτοῦ
817 2679 989 2747 Λόγῳ.
1014 2678 1086 2730 Τὸ
1111 2678 1167 2730 δὲ
1193 2677 1395 2729 τούτων
1427 2674 1625 2745 πλῆθος

83 2773 164 2824 καὶ
190 2771 380 2842 Δανιὴλ
405 2773 434 2824 ό
459 2773 738 2842 προφήτης
773 2772 829 2824 ἐν
856 2774 920 2841 τῇ
952 2769 1174 2840 θεοπτίᾳ
1217 2769 1508 2840 παρίστησι
1541 2766 1628 2819 λέ-

82 2879 204 2930 γων·
235 2881 253 2912 ι
274 2863 476 2934 Μύριαι
504 2863 758 2934 μυριάδες
778 2861 1149 2934 ἐλειτούργουν
1179 2859 1628 2932 αὐτῷ,καὶχίλιαι

85 2955 300 3026 χιλιάδες
325 2958 779 3027 παρειστήκεισαν
804 2955 1107 3027 ἔμπροσθεν
1137 2953 1317 3007 αὑτοῦ.
1350 2947 1454 3024 »Ὦ
1489 2971 1628 3024 συμ-

87 3044 260 3115 φώνως
286 3048 375 3100 καὶ
406 3047 500 3100 νῦν
535 3047 779 3102 λέλεκται
797 3065 810 3078 ·
843 3066 861 3098 ι
885 3047 957 3099 Τὸ
982 3047 1130 3117 ἅρμα
1159 3045 1250 3099 τοῦ
1278 3045 1412 3100 Θεοῦ
1449 3063 1631 3117 μυριο-

87 3139 315 3200 πλάσιον,
353 3139 586 3209 χιλιάδες
618 3138 1002 3209 εὐθηνούντων.
1033 3158 1051 3189 ι
1072 3137 1209 3190 ’Δνθ’
1238 3128 1298 3190 οῦ
1339 3139 1366 3190 6
1407 3136 1631 3207 Σύμμα-

1793 1485 1959 1541 νειιε.
1997 1486 2083 1540 18.
2108 1506 2126 1537 ι
2151 1487 2358 1544 Currus
2382 1489 2474 1547 Dei
2496 1491 2681 1547 decem
2713 1491 2951 1546 millibus
2978 1492 3276 1561 multiplex,

1721 1578 1886 1632 millia
1917 1580 2232 1644 laetantium,
2263 1579 2524 1638 Dominus
2557 1584 2610 1637 in
2637 1585 2738 1649 eis,
2780 1585 2832 1638 in
2863 1582 3033 1647 Sinai,
3068 1583 3122 1636 in
3149 1598 3279 1638 san-

1721 1679 1827 1726 cto.
1871 1691 1889 1724 ι
1928 1671 2058 1727 Post
2084 1671 2310 1742 primam
2343 1673 2596 1728 traditam
2623 1675 2690 1729 de
2720 1673 2928 1744 Spiritu
2968 1683 3156 1752 sancto
3185 1674 3280 1726 do-

1722 1763 1951 1817 ctrinam
1982 1779 2079 1833 per
2105 1764 2370 1818 columbae
2395 1765 2806 1821 similitudinem
2828 1805 2843 1830 ,
2883 1766 3189 1836 deindeque
3216 1766 3282 1820 de

1723 1851 1858 1908 Filio
1891 1869 1986 1923 per
2013 1853 2237 1924 ﬁguram
2269 1855 2467 1908 montis
2499 1853 2620 1919 Dei,
2655 1855 2720 1909 ad
2757 1854 3039 1909 inferiores
3065 1857 3281 1911 demum

1727 1951 2022 2013 potestates
2047 1945 2370 2013 descendit;
2401 1946 2702 2009 declarans,
2739 1945 2948 2000 etiamsi
2993 1959 3150 1999 mons
3193 1947 3283 2000 ille

1726 2047 2057 2094 memoratus
2108 2040 2417 2110 hujusmodi
2471 2041 2578 2106 sit,
2640 2047 2698 2092 ut
2746 2039 2803 2093 in
2855 2037 2973 2109 ipso
3023 2038 3284 2092 inhabitet

1727 2129 1905 2184 omnis
1949 2130 2231 2200 plenitudo
2262 2141 2499 2201 paterna:
2522 2130 2852 2193 divinitatis,
2884 2145 2991 2183 non
3033 2144 3152 2183 esse
3194 2136 3280 2180 ta-

1727 2232 1850 2272 men
1883 2220 2054 2274 solam
2104 2218 2282 2275 Patris
2321 2221 2758 2291 possessionem;
2806 2221 2901 2275 sed
2931 2222 3105 2290 ipsum
3150 2219 3284 2293 alias

1729 2307 1926 2362 habere
1957 2309 2308 2365 administras
2333 2317 2386 2364 et
2416 2309 2661 2364 subditas
2691 2309 2938 2370 virtutes.
2972 2325 3130 2379 quas,
3162 2310 3286 2365 licet

1729 2392 1940 2449 inﬁnito
1969 2411 2196 2451 numero
2220 2395 2540 2465 sint,'atque
2574 2395 2772 2449 virtute
2812 2402 3152 2464 praestantes,
3183 2394 3287 2449 sub

1731 2501 1840 2540 uno
1864 2487 1996 2556 jugo
2018 2487 2280 2556 colligans
2307 2486 2548 2540 omnium
2569 2499 2662 2539 rex
2693 2485 2780 2538 ille
2808 2482 2948 2538 Deus
2977 2485 3160 2537 currui
3186 2483 3288 2539 ad-

1725 2577 1906 2648 junxit
1939 2593 2059 2641 suo,
2093 2578 2373 2646 aurigante
2399 2575 2688 2646 Unigenito
2713 2573 2887 2630 Verbo
2911 2589 3029 2629 suo.
3081 2573 3288 2628 Harum

1731 2681 1859 2720 vero
1890 2666 2288 2720 multitudinem
2333 2665 2388 2718 in
2428 2665 2610 2719 divina
2655 2679 2751 2720 sua
2801 2665 3008 2719 visione
3050 2664 3289 2718 declarat

1731 2756 1939 2822 Daniel,
1967 2758 2153 2813 dicens
2185 2780 2196 2812 :
2241 2776 2258 2808 ι
2289 2757 2478 2812 Decies
2510 2757 2705 2811 millies
2741 2758 2878 2810 dena
2917 2758 3081 2810 millia
3127 2757 3289 2814 mini«

1734 2861 1976 2916 strabant
2002 2860 2073 2922 ei,
2098 2865 2150 2911 et
2173 2856 2340 2911 millia
2373 2855 2600 2910 millium
2629 2856 2878 2910 astabant
2913 2855 2966 2908 in
2993 2863 3288 2928 conspectu

1734 2953 1853 3022 ejus
1884 2954 1947 3008 ".
1986 2972 2005 3004 ›
2041 2951 2140 3007 Cui
2166 2949 2365 3004 accinit
2393 2949 2482 3002 hic
2508 2949 2660 3004 locus
2690 2965 2704 3001 :
2747 2967 2765 2999 ι
2802 2947 3009 3003 Currus
3033 2947 3124 3002 Dei
3155 2950 3290 3002 mul-

1734 3047 1899 3118 tiplex
1929 3044 2096 3099 millia
2136 3042 2453 3114 laetantium.
2485 3061 2503 3094 ι
2556 3040 2660 3095 Pro
2691 3053 2796 3110 quo
2827 3037 3180 3110 Symmaéhus
3209 3041 3289 3094 sic

1738 3141 2144 3209 interpretatur,
2180 3135 2443 3192 «Vectura
2470 3132 2566 3190 Dei
2596 3133 2858 3188 denorum
2887 3131 3132 3197 millium,
3168 3131 3288 3185 mil-

87 3249 169 3300 χος
193 3233 527 3304 ήρμήνευσεν
543 3248 554 3260 ·
587 3229 847 3303 ιὈχησις
870 3228 961 3282 τοῦ
985 3229 1118 3282 Θεοῦ
1142 3228 1431 3300 μυριάδων,
1461 3227 1626 3298 χιλιά-

1736 3234 1805 3287 lia
1837 3232 2169 3287 sonantium.
2200 3248 2221 3280 ›
2263 3224 2402 3293 Quid
2434 3225 2587 3292 illud,
2620 3243 2637 3276 ι
2662 3225 3024 3286 sonantium,»
3059 3223 3162 3277 nisi
3189 3237 3287 3276 vo-

89 3325 165 3387 δες
211 3324 501 3395 ἠχούντων.
531 3343 550 3376 ι
590 3323 654 3376 Τί
703 3323 759 3375 δὲ
795 3343 811 3373 ι
841 3322 1112 3391 ἠχούντων
1142 3341 1159 3372 ι
1191 3323 1223 3392 ἢ
1271 3321 1486 3384 πάντως
1531 3337 1631 3373 που

91 3417 256 3485 φωνάς
287 3417 510 3489 πλήρεις
538 3415 840 3484 δοξολογίας
872 3417 964 3468 xui.
991 3414 1294 3482 θεολογίας;
1327 3409 1427 3468 Οἴα
1451 3412 1542 3466 καὶ
1566 3411 1634 3466 τὰ

93 3508 344 3578 σεραφεὶμ
365 3489 952 3578 άναγέγραπταδπαρά
980 3505 1055 3575 τῷ
1090 3505 1284 3574 Ἠσαίᾳ
1315 3504 1518 3574 βοῶντα
1543 3504 1636 3556 καὶ

89 3597 297 3664 λέγοντα
316 3615 328 3627 °
357 3599 596 3665 «Ἀγιος,
623 3598 794 3665 ἅγιος,
826 3596 978 3664 ἅγιος
1003 3595 1203 3666 Κύριος
1233 3593 1476 3658 Σαϐαὼθ,
1499 3594 1636 3665 πλή-

96 3705 182 3760 ρης
214 3690 359 3742 πᾶσα
384 3691 417 3760 ὴ
443 3691 513 3759 γῆ
540 3688 640 3758 τῆς
658 3687 814 3759 δόξης
833 3686 1014 3741 αὐτοῦ.
1045 3705 1063 3738 ι
1085 3688 1170 3740 Ἐν
1191 3685 1410 3749 ταύταις
1432 3686 1486 3738 δὲ
1516 3689 1635 3750 ταῖς

92 3780 278 3849 χιλιάσι
339 3781 432 3834 καὶ
481 3782 600 3844 ταῖς
653 3780 876 3852 μυριάσι
917 3782 1038 3842 ταῖς
1089 3778 1516 3849 ύπεξευγμέναις
1558 3778 1637 3849 τῷ

95 3871 280 3944 ἅρματι
307 3871 400 3927 τοῦ
430 3871 566 3926 Θεοῦ
607 3874 700 3925 καὶ
727 3872 885 3936 αὐτὸς
927 3873 954 3925 6
988 3870 1188 3942 Κύριος
1216 3870 1376 3941 μέσος
1416 3869 1636 3939 ἐμπολι-

92 3965 310 4030 τεύεται,
342 3962 529 4034 ὥσπερ
557 3963 784 4035 ἡνιοχῶν
812 3963 979 4027 αὐτὰς
1007 3965 1099 4016 καὶ
1122 3958 1200 4033 τῷ
1233 3961 1504 4032 Πνεύματι
1534 3979 1636 4014 πα-

97 4055 447 4122 ρασκευάζων.
496 4055 587 4108 Διὸ
628 4056 953 4124 ὲπιλέγεται,
997 4072 1016 4104 ι
1044 4053 1238 4125 Κύριος
1278 4055 1336 4105 ὲν
1383 4055 1580 4116 αὐτοῖς.
1611 4073 1629 4105 ι

96 4144 238 4209 Doto;
268 4145 324 4199 δὲ
355 4146 576 4218 Κύριος,
609 4147 858 4217 σημαίνει
888 4142 1089 4214 προῖὼν
1114 4145 1204 4197 καὶ
1227 4143 1473 4212 φάσκων·
1509 4161 1527 4194 ι
1550 4144 1638 4196 Ἐν

96 4235 232 4289 Σινατ
261 4239 315 4290 ὲν
342 4237 605 4308 τῷλάγίῳ.
638 4257 656 4288 ι
686 4236 854 4299 Αὐτὸς
878 4235 986 4307 γάρ
1019 4237 1240 4299 ἐκεῖνος,
1275 4236 1460 4306 φησὶν,
1484 4237 1511 4290 6
1535 4234 1640 4289 Κύ-

1734 3341 1824 3379 ces
1852 3323 2100 3378 laudibus
2135 3321 2440 3389 divinisque
2464 3317 2805 3373 sermonibus
2833 3317 3018 3386 plenas
3048 3314 3291 3369 emitten-

1735 3415 1901 3471 tium?
1929 3413 2120 3480 Qualia
2150 3411 2419 3480 seraphim
2449 3407 2590 3478 apud
2613 3406 2809 3461 Isaiam
2857 3406 3091 3459 clamare
3117 3418 3179 3456 ac
3201 3403 3289 3457 di-

1733 3521 1855 3562 cere
1885 3505 2144 3573 scriptum
2167 3507 2251 3556 est
2281 3519 2294 3554 :
2332 3518 2350 3550 ι
2386 3496 2637 3560 Sanctus,
2665 3502 2911 3556 sanctus,
2935 3501 3156 3547 sanctus
3183 3490 3289 3545 Do.

1734 3597 1913 3652 minus
1938 3593 2194 3656 Sabaoth,
2214 3592 2372 3662 plena
2395 3598 2476 3646 est
2491 3589 2668 3645 omnis
2684 3596 2828 3642 terra
2857 3583 3026 3657 gloria
3052 3582 3169 3662 ejus
3186 3582 3249 3636 ³⁷.
3265 3601 3286 3634 ι

1736 3688 1879 3743 luter
1927 3687 2042 3742 haec
2089 3686 2255 3740 mlllia
2296 3692 2348 3740 et
2375 3683 2511 3738 dena
2545 3682 2747 3745 millia,
2800 3695 2919 3749 quae
2969 3677 3061 3732 Dei
3109 3678 3290 3730 currui

1732 3781 1922 3852 juncta
1950 3785 2108 3840 sunt.
2144 3777 2356 3833 medius
2381 3781 2629 3830 versatur
2658 3773 2775 3842 ipse
2809 3769 3070 3824 Dominus
3089 3808 3103 3830 ,
3134 3768 3290 3835 quasi

1738 3872 1993 3940 aurigans
2024 3884 2086 3923 ac
2114 3866 2337 3937 Spiritui
2367 3877 2674 3934 pmparans
2701 3863 2865 3930 ipsas.
2929 3856 3291 3923 Quamobrem

1739 3964 2101 4032 subjungitur,
2139 3978 2159 4012 ι
2191 3958 2449 4012 Dominus
2494 3956 2546 4008 in
2581 3953 2682 4008 eis.
2719 3971 2737 4003 ι
2791 3951 2894 4016 Qui
2930 3950 3000 4004 sit
3034 3947 3294 4002 Dominus

1739 4051 1966 4107 subinde
1987 4050 2226 4103 declarat
2259 4046 2342 4100 his
2367 4044 2564 4107 verbis,
2602 4060 2621 4094 ι
2659 4042 2716 4096 Ιιι
2752 4040 2923 4103 Sinai,
2958 4041 3012 4092 in
3047 4045 3287 4094 sancto.)

1739 4145 2028 4213 Nam‘ipse,
2063 4141 2258 4212 inquit,
2291 4140 2552 4194 Dominus
2577 4147 2658 4194 est
2692 4138 2785 4207 qui
2819 4137 2871 4190 in
2901 4143 3081 4190 monte
3105 4141 3295 4187 sancto

1741 4235 1888 4288 Sinai
1917 4233 2066 4289 visus
2090 4239 2210 4298 est;
2244 4241 2361 4286 erat
2390 4238 2567 4286 autem
2596 4230 2684 4283 ille
2717 4226 2810 4282 Dei
2845 4225 3078 4279 Verbum
3101 4262 3115 4286 ,
3143 4223 3294 4276 visus

97 4345 199 4400 ριος
232 4329 260 4380 6
301 4330 356 4382 ὲν
403 4328 553 4382 Σινατ
584 4328 663 4399 τῷ
688 4328 828 4398 άγίῳ
857 4327 972 4398 δρει
998 4327 1212 4395 ὀφθείς·
1247 4322 1315 4399 ἦν
1346 4327 1401 4380 δὲ
1432 4320 1584 4390 οὗτος
1610 4328 1626 4378 ἐ

1739 4325 1942 4380 scilicet
1971 4323 2038 4377 iis
2067 4322 2160 4392 qui
2211 4323 2312 4377 sub
2339 4336 2505 4374 curru
2549 4318 2642 4372 Dei
2684 4319 2857 4386 juncti
2889 4322 3064 4368 erant.
3114 4311 3293 4377 Quare

93 4418 178 4472 τοῦ
210 4419 339 4478 Θεοῦ
365 4419 556 4488 Λόγος,
589 4420 787 4491 δηλαδὴ
831 4423 942 4484 τοῖς
984 4420 1088 4472 ὑπὸ
1118 4420 1178 4471 τὺ
1203 4419 1354 4490 ᾶρμα
1381 4419 1473 4472 τοῦ
1505 4417 1626 4471 Θεοῐ

1739 4415 2003 4470 Hebraica
2033 4416 2212 4479 lectio,
2254 4428 2362 4468 non
2412 4420 2822 4480 tetragrammo,
2863 4407 2975 4461 sive
3008 4419 3138 4458 voce
3165 4419 3295 4472 qua-

94 4510 442 4580 ιζευγμένοις.
464 4511 553 4564 Διὸ
564 4511 624 4564 ού
645 4510 720 4582 τῷ
733 4509 897 4582 [τιτινῖ
913 4510 1318 4582 τετραγράμμῳ
1329 4510 1587 4579 κέχρηται
1603 4509 1626 4576 ἡ

1739 4515 1861 4561 ιιιοι·
1882 4508 2182 4562 litterarum
2216 4506 2406 4567 utitur,
2437 4502 2530 4557 sed
2553 4501 2816 4554 elementa
2848 4497 3154 4551 communia
3187 4493 3295 4548 Do-

105 4577 346 4674 Ἐϐραῖκὴ
378 4600 540 4668 λέξις,
574 4577 851 4674 στοιχείοις
972 4577 1167 4666 κοινοές
1192 4577 1510 4672 τόν-Κύριον
1539 4616 1626 4651 πε-

1740 4598 1942 4651 minum
1971 4585 2274 4651 memorans
2302 4595 2528 4661 usurpat
2554 4589 2608 4643 iu
2627 4589 2739 4652 illo,
2771 4586 3061 4641 «Dominus
3081 4586 3132 4638 in
3154 4585 3286 4638 eis.»

99 4691 252 4764 ριέχει
294 4695 350 4747 ιν
394 4693 492 4765 τῷ,
530 4713 548 4744 ι
574 4694 776 4765 Κύριος
809 4697 866 4749 ὲν
916 4693 1118 4758 αὐτοῖς.
1151 4695 1294 4746 »Ἵνα
1321 4693 1429 4762 γάρ
1456 4691 1626 4760 ἕτερον

1744 4688 1810 4744 Ut
1834 4690 1980 4744 enim
2027 4703 2148 4743 eum
2180 4686 2344 4739 alium
2367 4698 2487 4738 esse
2525 4681 2823 4736 declararet
2865 4679 2930 4732 ab
2959 4693 3044 4740 eo,
3076 4677 3166 4745 qui
3201 4691 3292 4729 su-

96 4788 402 4859 παραστήσῃ
426 4785 612 4842 τοῦτον
642 4785 736 4838 τοῦ
765 4786 1017 4857 ἀνωτέρω
1058 4785 1143 4838 διὰ
1169 4783 1261 4837 τοῦ
1295 4779 1626 4852 τετραγράμ-

1739 4783 1920 4851 perius
1969 4796 2065 4850 per
2111 4793 2305 4832 nomen
2335 4781 2568 4846 quatuor
2598 4775 2896 4828 litterarum
2928 4769 3287 4828 indicabatur,

99 4855 187 4945 μου
214 4855 570 4953 σημανθέντος
595 4877 751 4941 Θεοῦ,
780 4879 866 4931 ὅτε
902 4855 1000 4948 μεν
1033 4899 1050 4929 ι
1077 4877 1138 4930 τὸ
1159 4877 1306 4947 ἅρμα
1331 4873 1422 4926 τοῦ
1451 4871 1581 4924 Θεοῦ
1612 4891 1626 4922 ι

1741 4872 1870 4935 Deo,
1907 4885 2031 4925 cum
2065 4887 2083 4918 ι
2116 4881 2312 4920 currus
2344 4863 2435 4919 Dei
2473 4883 2490 4916 ι
2525 4863 2816 4926 diceretur,
2845 4858 3122 4912 elementis
3148 4855 3288 4924 apud

96 4968 312 5038 ἐλέγετο,
346 4969 434 5025 διὰ
481 4969 586 5022 τῶν
629 4970 1024 5040 άνεκφωνήτων
1059 4970 1184 5038 παρ’
1223 4964 1485 5036 Ἑϐραίοις
1518 4963 1626 5033 ἐδη-

1738 4965 1988 5020 Hebmos
2013 4958 2375 5014 ineﬂ‘abilibus
2399 4971 2530 5012 usus
2574 4964 2691 5020 est;
2723 4965 2866 5005 nunc
2889 4962 3016 5003 vero
3048 4961 3290 4999 commu-

94 5062 238 5118 λοῦτο
266 5065 538 5142 στοιχείων
559 5079 574 5095 ⁸
608 5063 724 5117 νυνὶ
755 5063 810 5116 δὲ
842 5038 949 5125 rei;
981 5061 1300 5132 κοινοτέροις
1330 5060 1626 5130 χαρακτῆρ-

1739 5057 1982 5114 nioribus
2011 5050 2438 5112 characteribus,
2486 5047 2682 5116 quibus
2733 5042 3001 5096 indicatur
3036 5038 3290 5091 dominus

96 5167 190 5218 σιν,
206 5150 284 5218 οἷς
307 5125 448 5209 καῖό
472 5157 600 5227 παρ’
628 5153 933 5227 ἀνθρώποις
953 5125 1222 5225 γράφεται
1245 5125 1446 5220 κύριος.
1467 5125 1626 5220 Ἀκρι·

1739 5147 1962 5218 quilibet
1991 5143 2132 5214 apud
2160 5143 2423 5197 homines.
2477 5136 2676 5189 Locum
2713 5135 2838 5219 item
2870 5137 3118 5186 accurate
3149 5125 3291 5180 indi-

97 5238 195 5304 σῶς
223 5241 278 5294 δὲ
312 5245 403 5296 καὶ
426 5243 517 5296 τὸν
542 5222 702 5300 ¹εότιεον
728 5222 1144 5314 ἐπισημαίνεται
1168 5239 1255 5292 τὸν
1289 5258 1306 5289 ι
1335 5239 1391 5291 ἐν
1418 5237 1586 5302 Σιναῒ,
1614 5257 1626 5290 ι

1740 5249 1843 5301 cat,
1881 5255 1899 5287 ι
1933 5237 1987 5291 in
2016 5234 2198 5299 Sinai,
2235 5253 2253 5285 ›
2285 5241 2344 5286 ιιι
2383 5230 2710 5300 signiﬁcaret
2744 5225 3025 5280 Dominum
3059 5222 3112 5274 in
3145 5229 3292 5273 terra

100 5331 175 5384 ῐνα
214 5335 428 5405 σημήνῃ
453 5333 542 5387 τὸν
575 5337 664 5387 ἐπὶ
692 5336 792 5406 γῆς
830 5309 1061 5406 όῴθέντα
1088 5333 1307 5402 Κύριον.
1343 5331 1548 5402 Σφόδρα
1583 5330 1626 5383 δὲ

1741 5333 1936 5386 visum.
2004 5327 2205 5384 Deinde
2259 5331 2650 5392 consequenter
2707 5317 2993 5372 admodum
3055 5309 3221 5364 infert
3270 5325 3288 5366 :

104 5425 390 5489 ἀκολούθως
411 5424 648 5494 ἐπιλέγει
677 5424 822 5494 ἑξῆς·
2665 5497 2676 5500 _
2947 5491 2956 5500 _
3019 5490 3030 5500 ,
3195 5488 3205 5498 ,
3249 5489 3260 5497 ,

199 5541 215 5572 ι
267 5520 507 5591 Ἀνέὸης
553 5491 631 5583 εις
706 5491 876 5587 si...
943 5513 1363 5587 ᾐχμαλώτευσας
1432 5515 1626 5584 αἰχμα-

1811 5510 1973 5566 Vsns.
2004 5508 2094 5562 29..
2156 5525 2175 5556 ι
2213 5501 2518 5559 Ascendisti
2549 5500 2602 5574 in
2631 5497 2817 5555 altum,
2846 5491 3033 5560 cepisti
3066 5491 3290 5557 captivi-

111 5611 322 5666 λωσίανο
395 5580 582 5676 ἔλαϐες
612 5580 869 5685 νδόματαγ
915 5580 1351 5677 ἐξίῃ-ἀνθρώποις.
1395 5622 1413 5654 ι

1741 5611 1923 5666 tatem,
1960 5595 2212 5669 accepisti
2251 5594 2392 5648 dona
2441 5593 2496 5645 in
2537 5583 2862 5661 hominibus.
2902 5599 2920 5630 ι
2961 5580 3290 5633 Descensum

168 5844 432 5904 “Coloss.
471 5866 506 5914 ι,
553 5851 634 5906 l9.
713 5852 758 5887 "I
779 5850 974 5921 Ephcs.
1013 5864 1074 5914 ιι,
1120 5848 1206 5904 14.
1271 5827 1478 5902 ."Psal.
1514 5859 1626 5898 ιη

1728 5844 1758 5900 ἱ.
1835 5840 2032 5895 “Dan.
2067 5852 2162 5900 vn,
2200 5834 2276 5887 l0.
2355 5833 2394 5863 ³⁷
2423 5830 2524 5886 lsa.
2557 5843 2629 5890 vt,
2661 5825 2712 5880 ὅ.
