3966 6340
736 399 838 474 ’105

1389 411 1656 469 EUSEBII
1688 409 2162 500 CIESARIFENSIS
2197 410 2345 467 OPP.
2383 408 2561 464 PARS
2597 407 2682 463 lii.
2723 437 2785 448 —
2827 404 3227 462 EXEGETICA.
3813 409 3899 462 704
3950 404 3951 440 1

738 521 896 604 porro
920 531 1039 600 ejus
1060 529 1365 585 subindicat
1384 545 1505 583 cum
1533 529 1628 592 ait,
1657 530 1979 584 «ascendisti
2015 513 2073 586 ii)
2103 546 2274 599 neque

2384 544 2518 580 τεται
2565 525 2620 578 δὲ
2675 523 2836 578 αὐτοῦ
2867 523 2965 595 τὴν
3004 523 3243 588 κάθοδον,
3293 521 3380 575 διά
3418 523 3508 576 τοῦ
3547 524 3745 597 φάναι,
3784 527 3898 577 (ἀν.
3950 537 3951 544 ‘

734 624 877 678 enim
936 634 1255 674 ascensurus
1313 626 1462 683 erat,
1528 619 1633 673 nisi
1686 620 1839 688 prius
1890 620 2275 675 descendisset.

741 695 909 766 «Nam
945 711 1037 780 qui
1065 710 1362 774 descendit,
1390 711 1506 779 ipse
1527 718 1610 764 est
1643 721 1693 765 et
1732 711 1822 780 qui
1849 711 2091 766 ascendit
2118 727 2280 781 super

735 817 920 856 omnes
961 803 1151 862 cmlos,
1186 809 1246 854 ut
1274 801 1524 868 impleret
1566 802 1748 855 omnia
1778 802 1840 854 ³⁸.
1875 821 1895 852 ι
1937 799 2073 867 Quid
2104 809 2279 856 autem

737 893 863 947 fecit
909 907 1029 946 cum
1065 891 1440 952 ascendisset!
1490 889 1762 960 Captivam
1796 893 1951 947 duxit
2004 893 2279 962 captivita-

739 995 868 1046 tem,
900 992 953 1038 et
977 985 1182 1053 accepit
1208 984 1348 1037 dona
1372 982 1425 1035 in
1451 982 1777 1036 hominibus.
1837 983 2007 1048 Quam
2035 998 2160 1036 vero
2191 997 2282 1036 ca-

735 1077 1032 1145 ptivitatem
1052 1075 1316 1142 captivam
1339 1073 1511 1132 duxit.
1538 1074 1640 1127 nisi
1672 1076 1925 1143 praedicta
1959 1075 2282 1143 spolia,qu:e

736 1167 932 1220 milites
975 1167 1059 1220 sui
1090 1165 1390 1219 diviserant
1422 1165 1445 1217 ?
1484 1163 1587 1217 Sed
1638 1166 1800 1218 etiam
1840 1165 2100 1233 largiente
2128 1163 2282 1219 Putre

737 1273 837 1312 suo
865 1258 1071 1325 accepit
1101 1256 1237 1309 dona
1269 1257 1322 1309 in
1350 1255 1679 1320 hominibus,
1736 1256 2028 1310 secundum
2055 1257 2284 1324 promiss

737 1347 944 1400 sionem
981 1344 1045 1397 ad
1085 1344 1257 1413 ipsum
1305 1343 1500 1396 factam
1549 1344 1633 1397 liis
1682 1345 1864 1399 verbis
1897 1365 1908 1398 :
1948 1366 1964 1395 ι
2000 1344 2216 1399 Postula
2252 1361 2280 1398 a

737 1450 844 1498 me,
895 1418 948 1488 et
991 1433 1130 1487 dabo
1162 1433 1258 1486 tibi
1291 1443 1475 1503 gentes
1510 1432 1871 1510 hereditatem
1899 1441 2046 1488 tuam
2076 1445 2128 1487 et
2161 1450 2282 1504 pos-

739 1524 1037 1579 sessionem
1063 1530 1210 1575 tuam
1235 1523 1492 1576 terminos
1518 1531 1694 1579 terrm.
1724 1524 1766 1555 "
1801 1541 1820 1573 ι
1851 1523 2100 1593 Acceptis
2128 1540 2157 1578 a
2184 1523 2283 1577 Pa-

738 1623 822 1669 tre
869 1613 1174 1683 hujusmodi
1211 1613 1380 1668 donis
1417 1633 1435 1665 ι
1467 1615 1522 1668 in
1555 1614 1881 1678 hominibus,
1915 1633 1932 1665 ι
1971 1631 2120 1668 suam
2151 1630 2282 1669 con-

742 1705 916 1759 stituit
963 1703 1279 1761 Ecciesiam.
1338 1702 1435 1758 His
1482 1704 1771 1772 subjicitur
1813 1723 1826 1758 :
1881 1722 1900 1754 ι
1939 1703 2145 1758 Etenim
2177 1719 2282 1759 non

743 1796 1021 1851 credentes
1061 1791 1402 1862 inhabitare;
1440 1815 1460 1848 ι
1508 1794 1650 1864 quod
1675 1796 1876 1849 clarius
1901 1796 2281 1864 interpretatus

2376 616 2507 686 έϐης
2526 630 2539 645 ⁸
2571 635 2590 668 ›
2620 616 2686 674 ,οὐ
2718 614 2824 686 γάρ
2851 612 2916 666 ἀν
2943 613 3114 689 ἄλλως
3147 612 3331 682 ἀνέϐη,
3358 612 3405 662 εί
3439 611 3511 682 μὴ
3538 612 3795 684 πρότερον
3817 631 3898 666 κα-

2374 705 2712 776 ταϐεϐήκει.ι
2733 705 2790 757 ὐ
2805 704 2910 776 γάρ
2945 703 3204 768 καταϐὰς,
3231 704 3386 767 αὐτός
3414 705 3527 756 ἐστι
3559 705 3650 759 καὶ
3673 707 3703 758 ὁ
3720 706 3899 769 ἀναϐὰς

2378 797 2625 867 ὑπεράνω
2655 796 2864 848 πάντων
2885 795 2991 848 τῶν
3017 795 3278 865 οὐρανῶν,
3305 796 3389 848 ἴνα
3419 794 3677 865 πληρώσῃ
3703 795 3768 848 τὰ
3793 801 3901 849 ad».

2376 903 2461 940 τα.
2495 905 2512 937 ι
2533 886 2761 948 Ἀναϐὰς
2793 887 2850 938 δὲ
2877 885 2929 938 τί
2960 886 3217 957 έ·πραξεν;
3255 885 3696 958 ᾘχμαλώτευσεν
3730 889 3900 956 αἰχμα-

2377 976 2593 1040 λωσίαν,
2629 978 2721 1029 καὶ¹
2771 975 2924 1028 ἔλαϐε
2968 976 3169 1047 δόματα
3213 978 3269 1030 ὲν
3314 977 3633 1048 ἀνθρώποις.
3672 978 3827 1030 Ποίαν
3852 979 3897 1030 δὲ

2379 1067 2745 1138 αίχμαλωσίαν
2768 1067 3176 1138 ᾐχμαλώτευσεν
3200 1069 3232 1138 ἢ
3257 1069 3324 1121 τά
3349 1068 3709 1140 προλεχθέντα
3733 1069 3898 1129 σκύλα,

2377 1158 2412 1212 ἃ
2437 1159 2764 1228 διενείμαντο
2793 1161 2840 1210 oi
2875 1158 3036 1211 αὐτοῦ
3066 1159 3420 1229 στρατιῶται;
3466 1159 3622 1212 Ἀλλά
3655 1161 3746 1212 καὶ
3770 1159 3902 1212 ἔλαϐε

2377 1249 2580 1318 δόματα
2608 1251 2664 1302 ὲν
2689 1249 3010 1320 ἀνθρώποις,
3028 1249 3117 1301 τοῦ
3147 1251 3356 1323 Πατρὸς
3374 1251 3520 1322 αὐτῷ
3536 1251 3900 1322 δεδωρημένου,

2379 1342 2496 1396 καθ’
2523 1343 2587 1415 ἡν
2616 1339 2942 1412 ἐπήγγελται
2984 1341 3118 1412 πρὸς
3146 1341 3305 1394 αὐτὸν
3343 1342 3688 1410 ἐπαγγελίαν,
3718 1344 3902 1412 φὴσαςέ

2384 1445 2403 1479 ι
2431 1427 2657 1498 Αῐτησαι
2687 1431 2815 1503 παρ’
2833 1427 2989 1496 ἐμοῦ,
3012 1430 3103 1482 καὶ
3126 1429 3276 1483 δώσω
3301 1447 3380 1483 σοι
3412 1430 3536 1502 ἔθνη
3561 1430 3655 1499 τὴν
3684 1431 3907 1503 κληρονο-

2383 1518 2507 1588 μίαν
2534 1535 2622 1571 σου
2643 1517 2734 1572 καὶ
2757 1521 2854 1590 τὴν
2879 1520 3199 1590 κατάσχεσίν
3223 1537 3311 1574 σου
3331 1521 3399 1573 τά
3419 1521 3625 1592 πέρατα
3647 1523 3748 1590 τῆς
3768 1525 3898 1592 γῆς.»

2379 1610 2560 1663 Ταῦτα
2580 1609 2634 1663 δὲ
2647 1611 2712 1662 τὰ
2739 1611 2942 1681 δόματα
2963 1632 2979 1662 ι
3000 1602 3061 1664 έν
3083 1612 3381 1682 ἀνθρώποις
3403 1631 3420 1663 ι
3449 1613 3696 1684 παράτοῦ
3719 1615 3904 1684 Harpe;

2383 1699 2576 1763 λαϐὼν,
2616 1703 2972 1772 συνεστήσατο
3009 1703 3107 1772 τὴν
3147 1703 3461 1772 Ἐκκλησίαν
3504 1705 3686 1756 αὐτοῦ.
3713 1706 3907 1766 Τούτοις

2381 1790 2504 1860 ἑξῆς
2545 1792 2783 1862 εἴρηται·
2824 1809 2842 1841 ι
2873 1793 2980 1844 Καὶ
3023 1793 3129 1862 γὰρ
3156 1791 3499 1856 ἀπειθοῦντες
3535 1794 3626 1846 τοῦ
3657 1812 3910 1864 κατασκη-

744 1883 1098 1956 Symmachus
1127 1893 1229 1948 est,
1281 1903 1299 1936 ι
1335 1884 1522 1942 Adhuc
1549 1892 1601 1939 et
1625 1886 1679 1939 in
1705 1901 1809 1938 non
1835 1885 2174 1940 credentibus
2203 1887 2283 1939 in-

2384 1879 2577 1933 νῶσαι·
2608 1900 2626 1931 ι
2660 1882 2794 1951 ὅπερ
2823 1881 3145 1952 σαφέστερον
3181 1882 3454 1936 ἀπέδωκεν
3475 1886 3501 1936 ὁ
3535 1883 3820 1955 Σύμμαχος
3848 1889 3908 1936 εἰ-

744 1975 1006 2029 habitare.
1051 1995 1070 2026 ι
1117 1974 1250 2029 Nam
1281 1982 1336 2027 et
1369 1972 1524 2036 illud,
1556 1974 1752 2043 inquit,
1808 1989 1836 2026 a
1865 1973 2021 2029 Patre
2057 1977 2278 2044 accepit,

708 2128 715 2134 Α
742 2073 801 2119 ut
830 2065 1154 2135 inhabitaret
1190 2065 1244 2117 in
1271 2059 1352 2133 eis
1388 2069 1481 2134 qui
1513 2064 1638 2119 olim
1667 2080 1775 2119 non
1817 2065 2189 2130 crediderant,
2230 2077 2284 2120 et

744 2157 927 2226 pietati
952 2156 1005 2208 in
1028 2155 1197 2219 Deum
1230 2156 1687 2212 contradixerant.
1742 2156 1872 2210 Nam
1905 2158 2044 2212 hanc
2073 2172 2284 2228 quoque

747 2252 1059 2314 potestatem
1087 2245 1314 2314 accepit,
1342 2253 1402 2298 ut
1430 2246 1486 2299 in
1504 2245 1680 2299 medio
1703 2259 1810 2298 non
1845 2245 2183 2316 credentium,
2202 2246 2285 2298 i‘n-
2340 2263 2344 2268 λ

747 2337 1030 2415 habitaret,
1075 2344 1331 2407 atque'ex
1359 2337 1492 2406 ipsis
1523 2352 1631 2390 non
1656 2335 2000 2406 credentibus
2032 2336 2168 2390 dona
2196 2351 2287 2390 ac-

746 2431 963 2500 ciperet.
993 2427 1285 2496 Postquam
1313 2436 1490 2483 autem
1521 2439 1600 2482 tot
1621 2438 1883 2500 praecepta
1912 2435 2033 2497 post
2057 2429 2287 2500 prophe—

744 2521 873 2574 tiam
921 2521 1046 2574 data
1095 2529 1239 2582 sunt,
1275 2519 1530 2590 deinceps
1575 2519 1810 2590 Spiritus
1856 2529 2098 2585 sanctus,
2130 2522 2284 2591 quasi

743 2609 1016 2681 praeclaris
1047 2609 1487 2680 mirabilibusque
1520 2611 1684 2680 gestis
1718 2611 1992 2681 operibus,
2020 2619 2098 2665 tot
2120 2613 2285 2667 bono-

745 2716 863 2755 rum
892 2701 1132 2770 largitori
1161 2700 1430 2755 benedicit
1452 2700 1535 2755 his
1560 2691 1735 2756 verbis
1768 2720 1780 2754 :
1822 2719 1840 2751 ‹
1861 2701 2117 2755 Dominus
2148 2699 2286 2755 Deus

744 2792 1080 2856 benedictus,
1133 2790 1449 2846 benedictus
1495 2789 1752 2847 Dominus
1806 2790 2064 2860 quotidie.
2099 2809 2118 2843 ι
2171 2789 2287 2843 Non

746 2883 883 2935 ultra
930 2882 1092 2947 enim,
1134 2881 1328 2950 inquit,
1362 2881 1608 2935 homines
1661 2881 1922 2952 malignos
1954 2881 2176 2949 spiritus
2203 2895 2287 2934 er-

745 2986 868 3026 rore
899 2972 1045 3024 ducti
1071 2973 1276 3034 colunt,
1308 2971 1402 3024 sed
1436 2971 1662 3041 singulis
1687 2971 1875 3025 diebus
1899 2978 1951 3025 et
1983 2971 2128 3024 horis
2153 2963 2288 3039 prae?

745 3062 948 3115 dictum
985 3060 1266 3114 Dominum
1317 3061 1664 3115 benedicunt.
1729 3061 1846 3132 ipse
1874 3075 2000 3115 vero
2029 3057 2287 3116 Dominus

753 3170 771 3203 ‹
801 3167 1112 3222 prosperum
1143 3153 1245 3206 iter
1266 3150 1425 3207 faciet
1453 3152 1625 3214 nobis,
1650 3173 1668 3206 ι
1708 3169 1829 3207 cum
1853 3154 1966 3222 ipse
1989 3154 2058 3208 sit
2092 3173 2110 3204 ι
2149 3152 2287 3207 Deus

748 3243 1064 3296 salutarium
1093 3253 1453 3298 nostrorum.»
1489 3242 1612 3297 Haec
1643 3260 1769 3298 vero
1796 3261 1861 3299 ex
1887 3259 2111 3314 persona
2138 3245 2289 3298 chori

749 3333 1110 3401 apostolorum
1144 3332 1376 3403 Spiritus
1402 3343 1622 3388 sanctus
1650 3334 1918 3402 loquitur,
1954 3342 2013 3388 ut
2043 3334 2110 3387 ab
2139 3333 2290 3388 initio

750 3423 1013 3476 sermonis
1045 3423 1458 3479 declaravimus.
1488 3425 1748 3489 Quoniam
1779 3425 1943 3493 igitur
1973 3439 2289 3494 prosperum

750 3515 854 3565 iter
881 3517 910 3565 a
941 3512 1049 3567 Deo
1077 3515 1152 3566 illi
1181 3515 1559 3582 precabantur,
1589 3525 1644 3568 ut
1668 3530 1790 3569 eum
1817 3516 2046 3579 adirent,
2078 3516 2153 3569 nti
2178 3515 2288 3584 jam

750 3609 908 3656 antea
940 3603 1146 3656 dictum
1168 3610 1269 3666 est,
1308 3606 1614 3661 necessario
1649 3605 1836 3659 dicunt
1867 3624 1882 3658 :
1921 3625 1939 3657 ι
1971 3603 2288 3661 Benedictus

750 3692 1006 3747 Dominus
1035 3692 1293 3762 quotidie,
1325 3709 1639 3764 prosperum
1670 3697 1770 3749 iter
1795 3695 1950 3751 faciet
1972 3693 2124 3751 nobis
2150 3695 2289 3753 Deus

753 3770 1065 3836 salutarium
1097 3769 1428 3838 nostrorum.
1463 3804 1484 3838 ι
1547 3784 1654 3839 Pro
1679 3787 1771 3840 illo
1799 3796 1998 3852 autem,
2037 3806 2054 3839 ι
2089 3789 2290 3844 saluta-

750 3869 891 3924 rium
916 3878 1276 3941 nostrorum,_t
1318 3873 1671 3945 Symmachus
1708 3895 1726 3927 ι
1751 3875 2044 3947 Salvatoris
2071 3881 2238 3933 nostri
2262 3898 2280 3930 ι

753 3952 1131 4028 interpretatus
1154 3970 1237 4016 est
1255 3981 1271 4029 ;
1301 3979 1398 4032 pro
1418 3979 1525 4033 quo
1544 3948 1758 4020 rursum
1773 3965 2091 4022 chraicum
2111 3984 2289 4024 exem-

754 4049 891 4119 plar,
927 4048 1220 4104 Salvatoris
1251 4054 1420 4106 nostri
1441 4052 1568 4108 Jesu
1599 4071 1793 4112 nomen
1831 4059 2284 4113 commemoravit.

760 4158 778 4191 ι
802 4139 943 4195 Deus
977 4152 1182 4208 noster,
1201 4141 1341 4198 Deus
1377 4143 1552 4198 salvos
1578 4143 1831 4210 faciendi,
1863 4155 1916 4201 et
1943 4145 2153 4202 Domini
2184 4147 2290 4202 Do-

753 4232 884 4286 mini
915 4233 1318 4295 exitus‘mortis,
1362 4253 1380 4287 ι
1413 4232 1534 4288 Haec
1565 4250 1777 4290 rursum
1806 4251 2130 4310 expersona
2164 4247 2290 4307 apo-

754 4322 1012 4403 stolorum
1056 4324 1364 4393 prephetice
1391 4323 1532 4378 dicta
1564 4332 1708 4378 sunt.
1757 4323 1894 4388 Quia
1915 4327 2064 4398 enim
2095 4327 2160 4381 de
2183 4326 2290 4382 Deo

750 4413 902 4484 prius
929 4415 1091 4476 locuti
1121 4420 1675 4485 sunt,consequentcr
1704 4418 1756 4470 in
1786 4418 2033 4487 pmsenti
2063 4419 2286 4483 dicunt:

733 4509 777 4553 ἐ
813 4501 954 4558 Deus
986 4512 1188 4562 noster.
1217 4505 1355 4560 Deus
1385 4508 1564 4561 salvos
1593 4508 1844 4574 faciendi,
1871 4517 1924 4563 et
1949 4507 2157 4564 Domini
2186 4509 2289 4564 Do-

751 4592 884 4645 mini
908 4592 1084 4645 exitus
1113 4595 1326 4655 mortis;
1351 4612 1368 4644 ›
1402 4594 1515 4648 sive
1542 4597 1835 4653 secundum
1861 4595 2234 4666 Symmachum
2268 4619 2281 4654 :

756 4705 775 4734 ε
814 4685 958 4740 Deus
990 4688 1165 4750 nobis,
1190 4685 1328 4741 Deus
1361 4689 1417 4759 in
1445 4691 1692 4757 salutem,
1724 4699 1778 4746 et
1809 4689 2018 4744 Domini
2041 4691 2284 4747 domina-

752 4777 887 4832 toris
909 4779 1164 4846 exitus‘in
1190 4789 1435 4833 mortem.
1472 4799 1491 4832 ι
1527 4779 1658 4834 Nam
1689 4797 1812 4836 cum
1843 4782 1928 4836 hic
1956 4783 2104 4837 solus
2145 4784 2284 4844 Deus

753 4871 844 4936 sit,
881 4870 928 4923 is
957 4882 1087 4923 sane
1120 4873 1296 4927 exitus
1340 4873 1542 4928 invenit
1576 4874 1731 4942 (meis
1759 4888 1788 4926 a
1813 4883 1985 4932 morte
2015 4877 2279 4933 evaderet.

753 4957 1191 5029 Quandoquidem
1235 4961 1410 5016 omnis
1441 4963 1602 5017 homo
1633 4963 1697 5017 ad
1739 4964 2037 5035 ingressum
2071 4970 2286 5038 quidem

753 5049 941 5102 mortis
965 5051 1224 5126 pervenit,
1255 5050 1492 5104 nondum
1524 5060 1702 5107 tamen
1733 5054 1799 5108 ab
1825 5070 1888 5108 eo
1923 5059 2069 5112 exire
2092 5061 2283 5127 potuit.

754 5137 1010 5193 Dominus
1051 5149 1226 5196 autem
1261 5142 1349 5195 hic
1376 5151 1722 5209 memoratus,
1752 5147 1841 5214 qui
1866 5145 1975 5212 jam
1999 5148 2288 5204 communi-

755 5228 856 5284 bus
884 5229 1159 5284 clementis
1189 5231 1241 5283 in
1272 5231 1699 5294 Hebraicovlibro
1727 5235 1998 5300 scribitur,
2029 5254 2149 5292 cum
2187 5239 2287 5293 ex-

757 5319 863 5372 itus
892 5337 920 5372 a
949 5330 1117 5375 morte
1145 5323 1430 5390 aperuerit,
1454 5322 1591 5377 Deus
1615 5327 1771 5379 saluti
1795 5329 2129 5396 cognominis
2162 5330 2288 5384 effe-

757 5413 876 5460 ctus
905 5416 1002 5460 est.
1045 5402 1397 5474 Quamobrem
1427 5411 1620 5466 dicitur
1648 5432 1660 5467 :
1702 5432 1720 5464 ι
1752 5415 1890 5470 Deus
1915 5421 2116 5481 nester,
2147 5417 2286 5472 Deus

759 5495 935 5549 salvos
971 5495 1218 5552 faciendi.
1259 5520 1276 5550 ι
1318 5499 1494 5565 Quare
1539 5503 1628 5556 hic
1661 5502 1774 5572 ipse
1819 5504 1955 5559 Jobo
1986 5509 2286 5566 vaticinans

759 5587 1007 5642 dicebat:
1047 5605 1065 5637 ‹
1093 5587 1302 5645 Venisti
1342 5600 1517 5646 autem
1564 5593 1617 5647 in
1653 5594 1855 5650 fontem
1903 5598 2088 5665 maris,
2124 5613 2176 5656 et
2232 5603 2284 5655 in

803 5755 875 5798 ’³⁸
905 5765 1075 5831 Ειιῐιεέ
1128 5785 1195 5830 tv,
1242 5769 1321 5822 ιο.
1401 5772 1440 5804 ⁸³
1468 5771 1607 5826 Pssl.
1650 5791 1706 5837 ll,
1741 5776 1790 5828 8.

2381 1970 2527 2024 mbv'
2561 1973 2710 2026 (Ἔτι
2751 1975 2844 2026 καὶ⁸
2889 1975 2945 2025 ὲν
2993 1973 3271 2026 ἀπειθοῦσι
3313 1976 3744 2046 κατασκηνᾶωαι.
3773 1995 3792 2027 ι
3819 1978 3910 2029 Καὶ

2380 2065 2534 2120 τοῦτο
2564 2067 2691 2138 γὰρ,
2726 2068 2876 2139 φησὶ,
2907 2067 3055 2138 παρά
3077 2067 3168 2120 τοῦ
3199 2068 3408 2139 Πατρὸς
3439 2069 3616 2132 ἔλαϐε,
3658 2069 3718 2122 τὸ
3764 2087 3910 2122 κατα-

2384 2158 2654 2229 σκηνώσαι
2677 2161 2733 2212 ὲν
2755 2161 2866 2222 τοῖς
2895 2159 3058 2212 πάλαι
3083 2159 3362 2213 ἀπειθοῦσι
3387 2161 3479 2213 καὶ
3511 2160 3838 2229 ἀντιλέγουσι
3858 2163 3909 2230 τῇ

2381 2252 2473 2305 τοῦ
2499 2251 2630 2305 Θεοῦ
2659 2252 2923 2322 εὐσεϐείᾳ.
2951 2251 3061 2304 Καὶ
3091 2251 3290 2322 ταύτην
3313 2253 3418 2322 γὰρ
3451 2251 3636 2322 οτληφε
3667 2254 3766 2322 τὴν
3792 2251 3913 2315 ἐξου-

2385 2344 2523 2407 σίαν,
2553 2341 2690 2395 ὥστε
2723 2344 2779 2394 έν
2813 2341 2961 2412 μέσῳ
2998 2342 3104 2394 τῶν
3147 2341 3506 2395 ἀπειθούντων
3535 2341 3910 2411 κατασκηνοῦν,

2383 2435 2441 2500 ἐξ
2472 2434 2646 2488 αὐτῶν
2690 2450 2748 2485 τε
2792 2432 2898 2486 τῶν
2943 2432 3301 2486 ἀπειθούντων
3327 2430 3615 2503 λαμϐάνειν
3643 2432 3816 2502 ἑαυτῷ
3840 2431 3888 2484 δό

2386 2541 2546 2596 ματα.
2577 2523 2850 2576 Τοσούτων
2900 2522 2962 2592 δὴ
3018 2522 3349 2592 μαθημάτων
3400 2521 3805 2594 παραδοθέντων
3841 2523 3914 2573 διὰ

2381 2618 2480 2686 τῆς
2502 2615 2849 2686 προφητείας,
2872 2614 2996 2684 ἑξῆς
3015 2615 3075 2667 τὸ
3095 2612 3317 2686 Πνεῦμα
3340 2613 3400 2667 τὸ
3423 2613 3593 2682 ἅγιον,
3619 2615 3694 2676 ὼς
3721 2614 3809 2666 tati.
3835 2631 3912 2682 με·

2383 2695 2563 2774 γάλοις
2595 2707 2689 2765 καὶ
2715 2703 3033 2775 παραδόξοις
3063 2703 3491 2775 κατορθώμασιν,
3514 2704 3723 2772 εὐλογεῐ
3742 2704 3827 2756 τὸν
3847 2720 3915 2754 τίν’

2385 2797 2584 2850 σούτων
2613 2796 2829 2864 ἀγαθῶν
2855 2797 3053 2866 δστῆρα
3083 2795 3284 2862 φάσκον
3306 2811 3320 2824 ’
3354 2813 3373 2845 ι
3398 2795 3598 2866 Κύριος
3630 2796 3659 2846 ό
3690 2794 3818 2856 Θεὸς
3841 2793 3914 2845 εὐ-

2383 2880 2624 2958 λογητὸς,
2668 2887 2952 2957 εὐλογητὸς
2992 2886 3192 2958 Κύριος
3236 2886 3444 2958 ἡμέραν
3488 2887 3604 2940 καθ’
3646 2887 3908 2957 ἡμέραν.ι

2386 2979 2576 3032 Οὐκέτι
2609 2978 2735 3049 γὰρ,
2768 2980 2949 3050 φησὶν,
2983 2979 3251 3051 ἄνθρωποι
3280 2978 3532 3048 δαίμονας
3559 2978 3822 3048 πονηροὺς
3844 2993 3916 3028 πε-

2385 3068 2735 3139 πλανημένως
2758 3069 3083 3136 δοξάζουσιν,
3110 3069 3223 3122 ἀλλ’
3249 3070 3336 3138 ἐφ’
3353 3069 3584 3141 ἑκάστης
3611 3071 3816 3141 ἡμέρας
3838 3071 3914 3120 καὶ

2386 3157 2503 3210 καθ’
2530 3159 2761 3229 ἑκάστην
2795 3159 2944 3229 ὥραν
2990 3160 3081 3212 τὸν
3124 3158 3528 3230 προδηλωθέντα
3554 3159 3754 3229 Κύριον
3782 3159 3912 3210 εὐλο-

2387 3247 2663 3317 γοῦσιν.⁹0
2685 3249 2741 3301 δὲ
2774 3250 2932 3312 αὐτὸς
2956 3251 3153 3321 Κύριος
3186 3267 3203 3300 ι
3234 3248 3586 3303 κατευοδώσει
3612 3251 3762 3319 ἡμῖν,
3787 3269 3803 3299 ›
3833 3251 3915 3301 αὐ-

2389 3339 2477 3402 τὸς
2502 3338 2576 3391 ὢν
2604 3358 2621 3391 ‹
2648 3339 2821 3402 όΘεὸς
2840 3339 2944 3394 τῶν
2969 3341 3243 3413 σωτηριῶν
3270 3340 3444 3411 ἡμῶν.
3467 3359 3484 3390 ι
3505 3340 3666 3408 Λέγει
3683 3341 3742 3393 δὲ
3766 3339 3916 3393 ταῦτα

2386 3430 2446 3481 τὸ
2469 3429 2690 3500 Πνεῦμα
2720 3430 2960 3498 τὸάγιον
2983 3431 3046 3482 ἐκ
3071 3423 3355 3503 προσώπου
3383 3429 3473 3482 τοῦ
3495 3429 3653 3501 χοροῦ
3676 3431 3784 3484 τῶν
3805 3433 3916 3482 ἀπο-

2389 3521 2604 3586 στόλων,
2649 3523 2834 3593 ὦσπερ
2864 3517 2959 3576 οῦν
3014 3522 3104 3576 καὶ
3134 3522 3419 3591 ἀρχόμενοι
3437 3521 3529 3574 τοῦ
3577 3522 3732 3590 λόγου
3797 3538 3951 3588 παρ-η

2386 3614 2709 3684 εστήσαμεν.
2760 3614 2909 3667 Ἐπεὶ
2949 3614 3124 3668 τοίνυν
3163 3618 3260 3685 τῆς
3293 3614 3460 3668 ὲκτοῦ
3476 3613 3608 3668 Θεοῦ
3638 3614 3914 3668 κατευοδώ-

2389 3719 2520 3765 σεως
2549 3703 2752 3757 ἐδέοντο
2779 3699 2941 3768 οὗτοι,
2969 3706 3047 3767 εἰς
3082 3705 3142 3757 τὸ
3168 3705 3477 3777 ὁδοποιῆσαι
3507 3704 3680 3774 αὐτῷ,
3704 3706 3841 3758 κατά
3861 3706 3915 3754 τὰ

2386 3791 2686 3864 ἔμπροσθεν
2709 3792 2984 3864 εἰρημένα,
3017 3794 3323 3862 ἀναγκαίως
3371 3793 3548 3862 φασίν·
3587 3811 3605 3843 ‹
3633 3792 3914 3862 Εὐλογητὸς

2386 3884 2584 3954 Κύριος
2636 3885 2844 3956 ἡμέραν
2892 3882 3010 3940 καθ’
3045 3884 3287 3955 ἡμέραν,
3333 3875 3682 3936 κατευοδώσει
3731 3885 3852 3954 ἡμῖν
3893 3885 3916 3932 ὁ

2385 3975 2512 4039 Θεὸς
2552 3977 2658 4030 τῶν
2700 3977 2973 4048 σωτηριῶν
3009 3975 3182 4046 ἡμῶν.
3213 3995 3231 4027 ι
3253 3977 3394 4028 Ἀντί
3418 3975 3472 4027 δὲ
3505 3975 3618 4037 τοῦ,
3648 3993 3666 4026 ι
3692 3974 3800 4028 τῶν
3827 3991 3914 4026 σω-

2385 4065 2581 4136 τηριῶν
2608 4066 2783 4136 ἡμῶν,
2816 4085 2834 4116 ι
2863 4067 2890 4122 ό
2915 4065 3229 4135 Σύμμαχος,
3267 4081 3285 4114 ι
3311 4063 3403 4115 τοῦ
3431 4063 3677 4133 Σωτῆρος
3694 4062 3868 4133 ἡμῶν,
3897 4080 3911 4108 ι

2385 4156 2721 4226 ἡρμήνευσεν
2740 4173 2754 4186 ·
2787 4155 2902 4209 ἀνθ’
2927 4151 2988 4210 οῦ
3015 4156 3074 4208 τὸ
3119 4154 3398 4226 Ἐϐραῖκὸν
3430 4155 3584 4208 πάλιν
3616 4153 3708 4208 τοῦ
3741 4153 3916 4221 ὀνόμα-

2385 4262 2474 4307 τος
2510 4243 2601 4297 τοῦ
2634 4245 2880 4316 Σωτῆρος
2924 4243 3076 4315 ἡμῶν
3112 4244 3284 4314 Ἰησοῦ
3337 4244 3621 4314 μέμνηται.
3659 4264 3678 4294 ι
3706 4243 3764 4297 Ὀ
3804 4241 3914 4311 Θεὸς

2388 4333 2561 4403 ἡμῶν,
2603 4336 2631 4386 ό
2658 4333 2788 4396 Θεὸς
2835 4332 2928 4386 τοῦ
2962 4332 3169 4398 σώζειν,
3200 4334 3293 4387 καὶ
3325 4332 3418 4385 τοῦ
3473 4334 3674 4403 Κυρίου
3729 4330 3914 4399 Κυρίου

2388 4427 2444 4478 αί
2485 4423 2701 4488 διέξοδοι
2741 4423 2832 4477 τοῦ
2876 4423 3123 4480 θανάτου.
3158 4445 3176 4477 ›
3218 4425 3382 4479 Πάλιν
3423 4426 3486 4477 ἐκ
3519 4421 3799 4492 προσώπω
3824 4419 3915 4474 τῶν

2391 4514 2694 4567 ἀποστόλων
2713 4513 3057 4583 προφητικῶς
3076 4515 3166 4568 καὶ
3190 4511 3356 4570 ταῦτα
3380 4511 3641 4564 λέλεκται.
3659 4509 3716 4561 Ἐ
3726 4512 3810 4562 πεί
3826 4509 3915 4576 γὰρ

2389 4604 2738 4677 ὲθεολόγησαν
2778 4602 2864 4655 διὰ
2902 4604 3008 4656 τῶν
3045 4601 3365 4674 ἔμπροσθεν,
3400 4598 3704 4661 ἀκολούθως
3732 4600 3820 4651 καὶ
3841 4598 3912 4648 διὰ

2387 4696 2493 4748 τῶν
2538 4695 2672 4766 μετά
2709 4695 2890 4765 χεῖράς
2915 4710 3074 4763 φασιν
3093 4710 3106 4724 ο
3147 4710 3164 4742 ι
3187 4691 3244 4742 '0
3273 4690 3401 4752 Θεὸς
3428 4689 3601 4760 ἡμῶν,
3631 4691 3658 4742 ὁ
3685 4689 3813 4750 Θεὸς
3837 4688 3913 4739 τοῦ

2389 4786 2598 4853 σώζειν,
2630 4788 2722 4839 καὶ
2747 4786 2838 4838 τοῦ
2866 4786 3067 4855 Κυρίου
3099 4782 3304 4852 Κυρίου
3333 4784 3387 4834 αἱ
3419 4781 3635 4846 διέξοδοι
3659 4780 3756 4832 τοῦ
3785 4780 3916 4833 θανά-

2388 4893 2478 4928 του
2495 4893 2509 4908 ο
2535 4895 2553 4927 ι
2579 4874 2612 4945 ἡ
2638 4874 2773 4927 κατά
2803 4874 2894 4927 τὸν
2922 4873 3214 4943 Σύμμαχον
3234 4886 3248 4899 ·
3285 4890 3304 4922 ι
3326 4871 3383 4924 '0
3405 4870 3533 4934 Θεὸς
3555 4872 3682 4942 ἡμῖν
3705 4871 3831 4933 Θεὸς
3851 4873 3914 4931 εἰς

2393 4967 2679 5036 σωτηρίαν,
2713 4967 2802 5018 καὶ
2828 4965 2920 5018 τοῦ
2943 4963 3145 5033 Κυρίου
3182 4963 3273 5015 τοῦ
3305 4961 3559 5016 δεσπότου
3593 4962 3647 5019 at
3679 4963 3759 5025 είς
3779 4961 3914 5014 θάνα-

2389 5073 2478 5109 τον
2509 5056 2690 5120 ἔξοδοι.
2723 5076 2741 5107 ι
2775 5055 2943 5117 Μόνος
2977 5053 3082 5124 γὰρ
3128 5049 3277 5116 οὗτος
3320 5052 3450 5115 Θεὸς
3491 5051 3565 5105 ὣν
3608 5051 3700 5105 τοῦ
3747 5051 3913 5114 σώζειν

2391 5148 2596 5212 ἐξόδους
2615 5148 2798 5217 εὕρετο
2817 5147 2907 5199 τοῦ
2931 5145 3176 5198 θανάτου.
3194 5143 3408 5215 Ἐπειδὴ
3433 5145 3538 5206 πᾶς
3558 5144 3831 5216 ἄνθρωπος
3850 5143 3913 5200 εἰς

2396 5240 2488 5308 μὲν
2521 5240 2619 5310 τὴν
2648 5239 2842 5291 είσοδον
2874 5236 2966 5289 τοῦ
3001 5235 3223 5289 θανάτου
3257 5235 3504 5305 ἔφθασεν,
3534 5235 3714 5287 οὐκέτι
3755 5234 3807 5286 δέ
3838 5233 3913 5284 καὶ

2389 5330 2668 5396 διεξελθεῖν
2713 5330 2869 5383 αὐτὸν
2917 5325 3284 5395 δεδύνηταιέὈ
3314 5325 3368 5378 δὲ
3395 5326 3481 5377 διὰ
3520 5324 3628 5377 τῶν
3656 5325 3912 5392 παρόντων

2389 5420 2706 5490 δηλούμενος
2725 5419 2946 5488 Κύριος,
2972 5418 3065 5470 καὶ
3097 5417 3190 5470 νῦν
3212 5416 3300 5467 διὰ
3317 5414 3423 5467 τῶν
3451 5413 3641 5466 κοινῶν
3664 5409 3909 5479 στοιχείων

2390 5513 2446 5562 έν
2477 5510 2827 5580 τῇ,”Εϐραῖκῇ
2855 5495 3016 5576 βίϐλῳ
3035 5508 3393 5578 γραφόμενος,
3417 5500 3680 5564 διεξόδους
3711 5497 3906 5568 ποιησαι

2394 5617 2547 5670 μενος
2574 5599 2666 5652 τοῦ
2699 5599 2943 5661 θανάτου,
2970 5597 3155 5664 γέγονε
3186 5594 3316 5656 Θεὸς
3343 5591 3626 5661 ἐπώνυμος
3648 5587 3903 5659 σωτηρίας.
