3950 6342
697 427 805 485 7οἹ

1402 417 1672 477 EUSEBll
1710 416 2189 475 CESARIENSIS
2225 418 2372 475 OPP.
2415 417 2596 475 PARS
2632 419 2718 475 ΙΙΙ.
2759 451 2828 460 --
2867 418 3276 477 EXEGETICA.
3818 422 3892 478 703

699 543 933 598 induxit.
967 540 1246 610 Siquidem
1276 537 1330 591 in
1352 536 1562 608 psalmo
1593 534 1685 604 qui
1721 534 1802 588 sic
1833 534 2034 588 habet:
2068 552 2086 584 ι
2115 533 2249 589 Dixit

2366 537 2450 609 μῷ
2471 556 2483 568 ·
2522 557 2539 589 ι
2567 533 2701 591 Εἶπε
2725 535 2926 609 Κύριος
2957 536 3037 607 τῷ
3064 535 3251 608 Κυρίῳ
3275 551 3398 607 μου.
3438 535 3627 590 Κάθου
3657 536 3717 589 ἐκ
3745 536 3891 605 δεξιῶν

698 633 960 688 Dominus
1018 630 1246 684 Domino
1277 643 1399 683 meo
1435 646 1448 681 :
1490 625 1629 681 Sede
1665 641 1694 678 a
1729 624 1937 680 dextris
1962 625 2196 690 meis“,
2235 645 2255 678 ι

699 726 906 796 primus
949 740 1043 794 per
1077 721 1370 776 ineffabilia
1398 719 1538 789 apud
1575 717 1831 773 Hebraeos
1863 726 2100 788 quatuor
2147 721 2258 774 ele—

698 825 875 872 menta
914 810 1211 881 scribitur;
1243 813 1516 868 secundus
1549 819 1750 874 autem,
1777 825 1938 881 quem
1965 811 2048 866 sui
2085 810 2264 865 Domi-

696 925 822 963 num
873 907 1140 976 Propheta
1196 904 1438 959 declarat
1479 903 1689 965 dicens,
1721 919 1742 952 ι
1773 899 2002 956 Domino
2030 916 2153 956 meo
2177 941 2192 966 ,
2235 922 2254 954 ι

694 1003 812 1056 aliis
846 999 1128 1054 elementis
1160 997 1508 1067 exprimitur,
1538 995 1694 1064 queis
1718 993 1966 1063 cujusvis
1997 994 2141 1049 servi
2169 993 2262 1049 do-

641 1152 643 1154 ,
676 1094 873 1147 minus
901 1091 1259 1162 signiﬁcatur.
1296 1086 1386 1142 Sic
1411 1103 1542 1158 ergo
1569 1103 1716 1141 nunc
1744 1101 1962 1157 quoque
1984 1087 2098 1157 jam
2149 1094 2260 1141 ter-

692 1186 887 1239 tio-ille
910 1183 1195 1247 Dominus,
1224 1181 1318 1250 qui
1341 1195 1516 1249 usque
1547 1178 1613 1233 ad
1648 1178 1923 1234 infernum
1953 1179 2255 1246 descendit,

690 1278 976 1344 exitusque
1020 1275 1213 1328 mortis
1250 1272 1480 1342 paravit,
1516 1269 1837 1340 vulgaribus
1885 1276 1939 1324 et
1981 1270 2257 1326 consuetis

691 1367 834 1438 apud
873 1366 1127 1422 Hebraeos
1155 1364 1440 1419 elementis
1489 1360 1835 1430 exprimitur.
1891 1359 2071 1426 Quare
2102 1359 2259 1433 Sym-

690 1462 921 1514 machus
971 1458 1256 1527 δεσπότην,
1299 1457 1414 1512 sive
1451 1455 1833 1509 dominatorem
1869 1454 2257 1525 interpretatus

689 1551 928 1609 σει-,ΗΜ
972 1565 1101 1620 ergo
1136 1548 1418 1612 Dominus,
1448 1547 1698 1601 videlicet
1724 1545 1819 1601 Dei
1851 1544 2110 1611 Verbum,
2160 1546 2262 1611 ait,

697 1662 716 1695 ι
750 1642 1021 1697 ExBasan
1054 1649 1402 1706 convertam;
1444 1659 1462 1690 ι
1503 1653 1566 1693 ac
1599 1653 1851 1703 rursum,
1880 1656 1900 1690 ι
1931 1639 2256 1694 Convertam

689 1752 754 1791 ex
789 1735 1058 1806 profundo
1086 1734 1270 1789 maris.
1301 1752 1319 1784 ι
1347 1731 1566 1786 Proillo
1587 1740 1790 1796 autem,
1821 1750 1839 1782 ι
1870 1739 2202 1794 convertam,
2233 1750 2250 1782 ι

690 1844 754 1884 ac
784 1829 1050 1892 secundo,
1086 1845 1103 1878 ‹
1135 1834 1467 1888 convertam,
1512 1845 1530 1876 ι
1572 1821 1935 1895 Symmachus
1973 1824 2054 1878 sic
2090 1825 2258 1877 inter-

2367 647 2491 701 μου,
2521 650 2539 682 ι
2569 629 2656 683 διὰ
2682 628 2788 690 τῶν
2820 629 3214 700 ὰνεκφωνήτων
3258 630 3388 700 παρ’
3431 627 3703 700 Ἐδραίοις
3739 631 3888 684 τεττά-
3948 627 3950 690 1

2366 739 2474 794 ρων
2506 721 2780 795 στοιχείων
2808 720 3136 792 ἐγέγραπτο.
3175 718 3231 774 '0
3260 718 3316 773 δὲ
3344 705 3620 789 δεύτερος,
3651 719 3708 773 ὃν
3735 720 3889 776 ἐαυτοῦ

2364 814 2564 886 Κύριον
2587 817 2615 867 ό
2639 815 2920 885 προφήτης
2940 812 3126 885 ἐδήλου
3147 812 3390 882 φάσκων,
3417 810 3540 882 «Τῷ
3558 812 3744 884 Κυρίῳ
3766 832 3888 883 μου.»

2363 907 2566 979 ἐτέροις
2599 907 2884 976 στοιχείοις
2915 904 3185 977 ἐδηλοῦτο,
3217 899 3296 969 οἷς
3326 904 3420 959 καὶ
3448 906 3556 969 πᾶς
3582 907 3614 959 6
3640 907 3696 959 ἐν
3721 905 3891 979 ἀνθρὼο

2361 1015 2481 1061 ποις
2511 997 2696 1051 δούλου
2726 997 2914 1067 κύριος
2960 996 3300 1067 σημαίνεται.
3334 995 3521 1059 Οῦτως
3564 989 3663 1048 οὖν
3700 996 3783 1049 καὶ
3827 998 3892 1048 ἐν-
3948 1047 3950 1052 .

2360 1091 2534 1145 ταῦθα
2578 1090 2678 1161 ’ήδη
2713 1089 2893 1162 τρίτον
2942 1091 2970 1142 6
3022 1089 3214 1160 μέχρις
3251 1088 3377 1159 ᾅδου
3425 1086 3676 1151 καταϐὰς
3713 1088 3798 1142 καὶ
3831 1087 3891 1141 δι·
3948 1139 3950 1162 τ

2360 1183 2570 1248 ἐξόδους
2608 1181 2838 1235 θανάτου
2871 1180 3235 1252 πεποιημένος
3283 1181 3486 1251 Κύριος
3533 1168 3634 1234 διὰ
3670 1179 3769 1233 τῶν
3791 1185 3891 1252 παρ’

2371 1276 2636 1347 Ἐθραίοις
2683 1273 2875 1336 κοινῶς
2905 1271 3261 1344 γραφομένων
3295 1272 3567 1343 στοιχείων
3600 1269 3890 1341 ὠνόμασται.
3948 1281 3950 1316 ἲ

2358 1366 2557 1436 Διόπερ
2584 1367 2612 1418 6
2641 1364 2930 1435 Σύμμαχος
2963 1380 2980 1413 ι
3011 1362 3273 1433 δεσπότην
3304 1381 3322 1412 ι
3354 1363 3704 1433 ήρμήνευσεν
3745 1362 3889 1414 αὐτόν.

2359 1453 2526 1524 Οὗτος
2553 1454 2643 1513 οὖν
2665 1462 2693 1513 6
2725 1457 2948 1530 Κύριος,
2973 1455 3133 1518 αὐτὸς
3159 1457 3187 1508 6
3213 1454 3305 1508 τοῦ
3339 1455 3474 1508 Θεοῦ
3509 1455 3683 1523 Λόγος
3707 1454 3890 1523 δηλαδὴ,
3948 1457 3950 1474 ⁵

2359 1546 2477 1604 εἷπε
2492 1568 2504 1580 ·
2519 1570 2535 1599 ι
2560 1551 2652 1602 Ἐκ
2666 1549 2846 1602 Βασὰν
2863 1545 3190 1618 ἐπιστρέψω·
3207 1545 3326 1598 »καὶ
3343 1545 3503 1598 πάλιν
3519 1563 3530 1574 ·
3544 1562 3564 1595 ι
3589 1545 3891 1616 Time-1966a.»

2358 1645 2421 1696 ἐκ
2441 1633 2619 1712 βυθῶν
2648 1641 2973 1713 θαλάσσης.»
2996 1640 3137 1694 Ἀντὶ
3161 1640 3217 1694 δὲ
3237 1637 3352 1705 τοῦ,
3381 1659 3398 1691 ι
3429 1639 3759 1711 ἐπιστρέψω,
3781 1658 3798 1690 ι
3822 1639 3892 1692 καὶ
3948 1637 3950 1686 ζ

2356 1737 2450 1790 τοῦ
2480 1737 2749 1809 δεύτερον,
2782 1756 2800 1788 ι
2825 1735 3156 1809 ἐπιστρέψω,
3189 1755 3206 1788 ι
3242 1736 3270 1788 6
3295 1734 3590 1806 Σύμμαχος
3617 1733 3793 1788 τοῦτον
3819 1736 3892 1804 ήρ-
3948 1769 3950 1780 ε

2361 1832 2592 1901 μήνευσε
2615 1831 2703 1884 τὸν
2734 1831 2932 1903 τρόπον
2952 1848 2964 1862 ο
2994 1849 3014 1883 ι
3040 1825 3174 1884 Εἷπε
3199 1829 3404 1901 Κύριος
3421 1848 3432 1858 ι
3453 1829 3584 1882 Ἀπὸ
3605 1829 3778 1883 Βασάν
3800 1829 3893 1880 ἐπι·
3948 1869 3950 1872 .

689 1927 953 1992 pretatur,
993 1888 1189 1972 «Dixit
1219 1916 1482 1970 Dominu’s
1513 1933 1525 1967 :
1683 1911 1862 1966 Basan
1891 1919 2166 1976 revertar,
2203 1919 2249 1966 el

2359 1888 2595 1992 στρέψω,
2623 1913 2718 1974 καὶ
2745 1888 3079 1994 άναστρέψαι
3121 1888 3331 1992 ποιήσῶ
3376 1888 3483 1974 άπὸ
3521 1918 3697 1990 βυθῶν
3727 1918 3892 1973 9am!-
3948 1943 3950 1948 ·

688 2011 884 2066 reverti
934 2010 1128 2063 faciam
1175 2024 1242 2062 ex
1293 2003 1564 2076 profundo
1614 2002 1801 2056 maris.
1841 2021 1859 2054 ›
1897 1999 2093 2056 Viden’
2136 2018 2257 2072 quas

686 2115 850 2170 opera
892 2098 1125 2153 ediderit
1172 2095 1438 2149 Dominus
1476 2108 1602 2147 cum
1650 2089 2026 2146 descendisset
2051 2091 2105 2144 in
2133 2107 2256 2162 pro-

685 2192 914 2253 fundum
939 2190 1146 2246 maris?
1174 2186 1454 2258 Confregit
1477 2185 1654 2257 capita
1683 2184 1983 2239 draconum
2013 2185 2068 2237 in
2093 2198 2253 2254 aqua,

685 2298 898 2342 necnon
929 2281 1157 2351 capillos
1187 2279 1532 2333 inimicorum
1565 2291 1814 2340 suorum,
1837 2275 1930 2346 qui
1954 2294 1972 2327 ‹
2000 2277 2251 2331 verticem

684 2377 997 2447 capillatum
1033 2374 1088 2428 in
1127 2372 1344 2428 delictis
1375 2390 1392 2422 ι
1427 2369 1858 2434 conculcabant;
1889 2369 2087 2423 reverti
2128 2367 2254 2423 fecit

682 2487 751 2525 ex
799 2469 976 2525 Basan
1006 2475 1060 2522 et
1103 2483 1168 2521 ex
1197 2463 1470 2537 profundo
1516 2463 1686 2519 maris
1731 2463 1941 2518 animas
1977 2463 2100 2516 istic
2123 2461 2252 2517 olim

684 2563 984 2617 demersas.
1028 2559 1210 2614 Basan
1259 2565 1441 2611 autem
1476 2555 1783 2625 explicatur
1825 2553 2147 2625 ignominia,
2196 2555 2253 2622 in

682 2670 848 2727 quam
899 2653 1158 2722 delapsus
1207 2658 1291 2706 est
1332 2649 1597 2704 Dominus
1646 2662 1743 2718 per
1793 2653 2092 2703 memorata
2144 2637 2254 2700 elei-

681 2757 866 2802 menta
912 2746 1206 2807 indicatus,
1249 2743 1342 2813 qui
1389 2741 1748 2813 ignominiam
1784 2740 2115 2811 contempsit
2154 2755 2252 2810 prs

681 2842 856 2897 salute
887 2855 1075 2894 eorum
1107 2841 1198 2908 qui
1231 2839 1354 2893 istic
1397 2837 1452 2890 in
1501 2835 1815 2907 captivitate
1838 2834 2042 2889 detenti
2074 2841 2248 2888 erant.

679 2934 1044 3004 Quamobrem
1093 2933 1296 2986 dicitur
1325 2950 1340 2985 :
1371 2949 1388 2982 ι
1427 2929 1570 2983 Dixit
1621 2928 1920 2983 Dominus:
1955 2925 2033 2980 Ex
2072 2925 2250 2980 Basan

677 3036 1015 3093 convertam,
1032 3033 1348 3081 convertam
1379 3037 1442 3077 ex
1468 3020 1741 3091 profundo
1771 3020 1978 3074 maris:
2007 3030 2028 3070 ι’
2053 3017 2248 3072 deinde

677 3121 975 3190 adjicitur:
1002 3137 1021 3169 ‹
1056 3116 1127 3171 Ut
1158 3115 1460 3185 intingatur
1509 3127 1606 3183 pes
1640 3121 1766 3167 tuus
1794 3111 1851 3164 in
1893 3111 2177 3181 sanguine.
2221 3129 2240 3162 ι

2360 2030 2478 2084 σης.
2511 2031 2529 2064 ι
2579 2013 2742 2084 Ὁρᾷς
2775 2014 2933 2066 ὁποῖα
2984 2010 3380 2085 κατορθώματα
3422 2011 3715 2084 εἰργάσατο
3757 2025 3891 2066 κατα.

2356 2105 2457 2168 σὰς
2505 2106 2586 2169 εἰς
2616 2105 2740 2168 τοὺς
2783 2103 3099 2176 βυθοὺςτῆς
3138 2105 3409 2176 θαλάσσης
3439 2106 3467 2157 6
3510 2103 3749 2175 Κύριοςς
3795 2120 3892 2156 συν-
3927 2135 3942 2148 ι

2355 2198 2545 2252 έθλασε
2576 2196 2674 2261 τὰς
2708 2195 2946 2266 κεφαλὰς
2977 2196 3086 2252 τῶν
3123 2196 3428 2270 δρακόντων
3452 2197 3546 2250 ἐπὶ
3576 2196 3670 2250 τοῦ
3713 2194 3890 2258 ὓδατος.

2356 2290 2448 2343 καὶ
2477 2290 2575 2354 τὰς
2603 2289 2793 2362 τρίχας
2814 2288 2920 2342 τῶν
2946 2288 3152 2360 ἐχθρῶν
3183 2287 3347 2342 αὐτοῦ
3373 2287 3485 2342 τῶν
3515 2307 3535 2340 t
3561 2289 3659 2358 τὴν
3686 2287 3893 2359 ἐντριχον

2356 2381 2594 2454 κορυφὴν
2639 2374 2697 2433 ἐν
2741 2379 3136 2452 πλημμελείαις
3173 2398 3190 2431 ι
3233 2373 3706 2451 διαπορευομένων
3732 2393 3750 2411 ο
3793 2380 3893 2430 ἐπι·
3948 2389 3950 2392 ·

2356 2475 2583 2545 στρέψαι
2640 2474 2695 2528 δὲ
2740 2474 2910 2527 ἐποίει
2954 2473 3060 2526 ἀπὸ
3091 2472 3269 2527 Βασὰν
3315 2473 3410 2525 καὶ
3462 2472 3573 2535 άπὸ
3623 2470 3791 2542 βυθῶν
3817 2469 3895 2540 τῆς

2353 2566 2629 2638 θαλάσσης
2685 2565 2784 2630 τὰς
2859 2565 3026 2618 πάλαι
3098 2564 3662 2634 καταπεποντωμένας
3729 2562 3893 2617 αὐτόσε

2351 2658 2546 2730 ψυχάς.
2580 2657 2758 2711 Βασὰν
2791 2658 2845 2710 δὲ
2877 2658 3213 2730 ἡρμήνευται
3239 2655 3490 2728 αἰσχύνη,
3520 2655 3648 2710 ἔνθα
3679 2655 3744 2711 δι’
3771 2657 3893 2726 ἡμᾶς

2352 2752 2614 2823 κατῆλθεν
2651 2752 2680 2803 6
2710 2751 2796 2804 διὰ
2837 2751 2947 2806 τῶν
2996 2751 3300 2822 εἰρημένων
3333 2749 3614 2820 στοιχείων
3661 2748 3891 2822 δηλωθεὶς

2351 2843 2575 2915 Κύριος,
2606 2845 2865 2924 αἰσχύνης
2896 2847 3312 2917 καταφρονήσας
3345 2842 3483 2914 ὑπὲρ
3517 2843 3782 2914 σωτηρίας
3805 2841 3892 2895 τῶν

2352 2941 2537 2993 αὐτόθι
2566 2939 3137 3010 καταδεδουλωμένων.
3162 2940 3254 2993 Διὸ
3282 2937 3532 2994 λέλεκται
3556 2957 3570 2969 ·
3602 2958 3621 2990 ι
3649 2934 3780 2992 Εἶπε
3803 2937 3893 2991 Κύ-

2355 3048 2502 3102 ριος·
2546 3031 2648 3086 Ἐκ,
2673 3030 2850 3083 Βασὰν
2894 3031 3202 3103 ἐπιστρέιμι)
3230 3071 3244 3095 ,
3290 3031 3604 3102 ἐπιστρέψω
3650 3033 3713 3084 ἐκ
3745 3030 3894 3102 βυθῶν

2354 3121 2624 3194 θαλάσσης
2649 3139 2660 3152 ’
2694 3141 2712 3173 ι
2747 3117 2843 3175 εἷθ’
2870 3121 2997 3193 ἑξῆς
3020 3120 3304 3175 λέλεκται·
3350 3141 3369 3173 ι
3403 3124 3590 3187 Ὅπως
3620 3123 3685 3176 ἂν
3721 3120 3892 3195 βαφῇὸ

675 3211 783 3267 Pro
811 3226 920 3282 quo
964 3207 1325 3281 Symmachus
1349 3207 1762 3276 interpretatur.
1803 3222 1822 3256 ι
1855 3201 2245 3274 υιοοιιΐιιίηεαο

2354 3215 2488 3279 ποῦς
2536 3233 2630 3269 σου
2681 3217 2738 3268 ἐν
2769 3215 2980 3286 αἵματι.
3014 3234 3031 3266 ι
3075 3214 3214 3269 Ἀνθ’
3260 3211 3374 3270 οὗό
3419 3215 3710 3287 Σύμμαχος
3742 3217 3893 3287 ήρμή-

678 3315 766 3359 tur
790 3319 885 3374 pes
912 3311 1041 3358 tuus
1062 3317 1186 3356 cum
1216 3301 1502 3369 sanguine,
1527 3306 1580 3353 et
1608 3297 1810 3351 lambat
1835 3297 2020 3367 lingua
2048 3311 2244 3351 canum

2353 3326 2534 3361 νευσεν
2560 3308 2755 3362 εἰπών·
2792 3327 2810 3359 ι
2842 3309 3028 3372 Ὅπως
3059 3306 3404 3382 συγκατεὰξῃ
3434 3310 3464 3362 6
3495 3307 3632 3372 ποῦς
3661 3300 3750 3363 σού
3781 3309 3893 3379 μετὰ

679 3393 894 3451 tuorum
925 3395 992 3450 ab
1024 3407 1353 3465 unoquoque
1389 3390 1738 3446 inimicorum
1767 3398 2011 3446 tuorum.
2052 3409 2071 3442 ι
2109 3388 2245 3444 Nam

677 3504 799 3542 cum
856 3486 1108 3542 inimicos
1161 3500 1294 3542 suos
1347 3477 1673 3547 contereret,
1727 3490 1783 3536 et
1827 3483 2005 3553 capita
2056 3497 2244 3536 eorum

674 3581 1068 3652 confringeret,
1097 3579 1287 3652 pedem
1317 3594 1477 3635 suum
1507 3576 1776 3647 sanguine
1807 3591 1877 3631 ex
1921 3576 2098 3647 capite
2141 3576 2245 3630 ini-

673 3675 798 3729 mici
834 3675 917 3728 sui
949 3672 1151 3727 fluente
1180 3671 1444 3741 replebat.
1469 3668 1652 3736 Quare
1705 3671 1761 3723 in
1814 3667 1954 3723 Isaia
2001 3670 2237 3726 dicitur:

676 3784 697 3818 ι
736 3764 872 3833 Quis
925 3773 1010 3820 est
1060 3763 1147 3818 hic
1204 3763 1297 3833 qui
1344 3762 1496 3816 venit
1539 3777 1606 3816 ex
1661 3759 1856 3825 Edom,
1887 3761 2053 3816 rubor
2077 3763 2243 3817 vesti-

673 3865 976 3912 mentorum
1005 3872 1071 3910 ex
1104 3855 1274 3911 Bosor
1291 3855 1375 3908 ⁸δῖ
1402 3874 1420 3906 ι
1461 3868 1523 3908 ac
1557 3853 1751 3909 deinde
1779 3872 1791 3907 :
1828 3872 1847 3903 ‹
1873 3852 2054 3920 Quare
2078 3855 2250 3909 rubra-

671 3952 996 4004 vestimenta
1021 3957 1134 4014 tua,
1163 3956 1218 4003 et
1254 3949 1582 4019 indumenta
1604 3955 1697 4001 tua
1727 3946 1873 4002 sicut
1903 3947 2097 4001 calcati
2126 3953 2241 4002 tor-

671 4041 897 4103 t-ularis,
930 4040 1121 4110 plenus
1152 4039 1575 4095 conculcata“?
1609 4060 1628 4092 ›
1667 4041 1867 4094 Postea
1919 4039 2237 4109 rogantibus

669 4131 746 4185 ita
773 4130 1074 4199 .respOndet
1106 4148 1118 4182 :
1157 4148 1176 4180 ι
1218 4129 1436 4184 Calcavi
1468 4131 1617 4201 ipsos
1645 4131 1700 4186 in
1748 4131 1938 4186 furore
1971 4145 2093 4185 meo
2114 4130 2179 4185 ⁵³.
2213 4149 2230 4182 ι

667 4217 769 4277 Hic
814 4223 940 4276 item
990 4228 1117 4291 post
1155 4221 1362 4275 calcata
1413 4222 1711 4277 draconum
1749 4223 1952 4293 capita,
1986 4221 2188 4277 dicitur
2219 4242 2263 4278 :.

671 4333 690 4366 ι
724 4311 796 4369 Ut
846 4312 1222 4384 confringatur
1274 4327 1370 4383 pes
1411 4320 1540 4368 tuus
1586 4329 1709 4367 cum
1758 4315 2042 4385 sanguine,
2074 4334 2092 4366 ›
2127 4314 2232 4381 vel,

671 4425 690 4457 σ
731 4405 802 4461 Ut
834 4407 1137 4477 intingatur
1161 4420 1258 4476 pes
1290 4413 1418 4459 tuus
1442 4404 1496 4457 in
1522 4405 1894 4478 sanguine,_et
1931 4406 2115 4477 lingua
2141 4421 2233 4461 cas

2347 3403 2595 3472 αἵματος,
2637 3402 2732 3456 καὶ
2779 3401 2920 3473 λάψῃ
2964 3402 2997 3473 ή
3029 3399 3248 3470 γλῶσσα
3292 3400 3398 3454 τῶν
3444 3401 3623 3455 κυνῶν
3676 3419 3765 3455 σου
3807 3401 3894 3454 ἀπὸ

2346 3495 2575 3558 ἑκάστου
2630 3493 2737 3547 τῶν
2787 3492 2994 3567 ἐχθρῶν
3045 3510 3155 3546 σου.
3205 3511 3222 3543 ι
3287 3493 3595 3566 Συντρίὸων
3640 3493 3748 3565 γὰρ
3789 3494 3893 3554 τοὺς

2346 3582 2539 3638 ἑαυτοῦ
2585 3582 2812 3656 ἐχθροὺς
2843 3584 2938 3636 καὶ
2984 3582 3082 3647 τὰς
3135 3581 3374 3652 κεφαλὰς
3420 3581 3600 3635 αὐτῶν
3649 3580 3891 3638 συνθλῶν,

2343 3676 2580 3748 ἐπλήρου
2627 3675 2718 3728 τὸν
2750 3672 2944 3728 ἐαυτοῦ
2989 3672 3124 3725 πόδα
3155 3673 3405 3743 αἵματος,
3438 3669 3533 3723 τοῦ
3581 3673 3646 3724 ἐκ
3671 3669 3776 3724 τῶν
3816 3685 3892 3723 κε-

2343 3763 2527 3835 φαλῶν
2575 3764 2670 3818 τοῦ
2706 3766 2900 3838 ἐχθροῦ
2953 3762 3117 3818 αὐτοῦ
3171 3764 3407 3834 ῥυέντος.
3461 3761 3556 3815 Διὸ
3606 3761 3811 3830 ἐλέγετο
3845 3761 3892 3812 ἐν

2353 3859 2582 3928 Ἡσαΐᾳ·
2622 3877 2639 3908 ι
2675 3858 2770 3920 Τίς
2801 3850 2956 3919 οὗτος
3007 3858 3035 3910 ό
3084 3853 3528 3926 παραγενόμενος
3577 3850 3640 3916 ἐξ
3701 3850 3888 3919 Ἐδὼμ,

2341 3953 2590 4024 ἐρύθημα
2627 3951 2856 4022 ἱματίων
2886 3952 2950 4003 ἐκ
2971 3948 3140 4020 Βοσόρ
3166 3965 3179 4013 ;
3210 3967 3227 3998 ι
3253 3947 3345 4000 καὶ
3375 3946 3501 4015 ἑξῆς
3521 3963 3536 3977 ·
3561 3965 3580 3998 ε
3605 3944 3702 3998 Διὰ
3733 3944 3781 3996 τί
3813 3956 3888 3993 σου

2340 4041 2542 4114 ἐρυθρὰ
2581 4041 2648 4094 τὰ
2679 4042 2884 4112 ἱμάτια,
2931 4038 3022 4093 καὶ
3051 4039 3119 4092 τὰ
3152 4035 3422 4108 ἐνδύματά
3450 4030 3548 4088 σου
3585 4034 3661 4098 ὡς
3695 4035 3887 4086 ἀποπα-

2338 4136 2499 4207 τητοῦ
2525 4133 2706 4204 ληνοῦ,
2733 4133 2945 4206 πλήρης
2973 4147 3188 4199 πεπατη
3199 4129 3362 4201 μένης
3387 4145 3400 4194 ;
3432 4146 3450 4178 ›
3476 4122 3590 4180 Εἶθ’
3621 4126 3744 4197 ἐξῆς
3773 4124 3886 4176 ἁπο-

2339 4229 2581 4300 κρίνεται
2613 4227 2747 4300 πρὸς
2774 4226 2898 4290 τοὺς
2926 4225 3326 4298 ἐριυτήσαντας,
3362 4221 3456 4276 καί
3493 4238 3627 4292 φησι
3649 4237 3662 4250 ο
3707 4237 3724 4270 ι
3756 4220 3886 4272 Κατ-

2338 4320 2586 4392 επάτησα
2611 4319 2806 4382 αὐτοὺς
2840 4320 2897 4372 ἐν
2927 4317 3082 4390 θυμῷ
3115 4315 3237 4388 μου.
3291 4334 3308 4367 ι
3337 4315 3447 4369 Καὶ
3480 4311 3714 4367 ἐνταῦθα
3727 4307 3885 4362 τοίνυν

2339 4410 2476 4483 μετὰ
2519 4410 2616 4482 τὴν
2668 4408 2954 4480 συντριόὴν
2984 4407 3093 4461 τῶν
3137 4403 3392 4476 κεφαλῶν
3434 4402 3544 4457 τῶν
3602 4399 3886 4472 δρακόντιιη

663 4505 792 4555 num
818 4508 1035 4554 tuorum
1060 4515 1128 4556 ex
1152 4497 1390 4552 inimicis
1421 4497 1489 4551 ah
1516 4497 1653 4567 ipso.
1696 4517 1713 4548 ι
1756 4494 1864 4551 Pro
1893 4512 2002 4567 quo
2029 4497 2230 4554 clarius

2353 4504 2605 4556 ιέλεκται·
2643 4521 2659 4552 ι
2695 4503 2877 4564 Ὅπως
2907 4500 2973 4554 ἂν
3020 4494 3366 4571 συγκατεάξῃ
3394 4498 3423 4550 6
3453 4492 3589 4558 ποῦς
3625 4508 3718 4546 σου
3768 4487 3885 4562 μετὰ

665 4588 1028 4662 Symmachus
1064 4589 1451 4658 interpretatus
1486 4596 1570 4643 est
1612 4586 1822 4650 dicens,
1860 4604 1878 4638 ι
1915 4586 1982 4641 Et
2023 4588 2226 4645 lambat

2353 4597 2582 4668 ιῖματος,
2597 4616 2614 4648 ι
2635 4596 2690 4666 ἧ,
2711 4615 2728 4646 ι
2743 4595 2928 4658 Ὅπως
2951 4593 3095 4665 βαφῇ
3118 4595 3145 4646 6
3162 4591 3296 4654 ποῦς
3319 4607 3410 4645 σου
3436 4592 3493 4642 ἐν
3520 4588 3729 4658 αἵματι,
3749 4584 3834 4638 καὶ
3855 4587 3882 4652 ἡ

662 4681 848 4752 lingua
875 4696 1072 4735 canum
1108 4689 1350 4743 tuorum.
1380 4681 1450 4736 ab
1499 4693 1832 4750 unoquoque
1877 4679 2228 4736 inimicorum

2353 4687 2548 4740 ’λῶσσα
2602 4685 2708 4738 τῶν
2743 4684 2917 4738 κυνῶν
2971 4701 3064 4738 σου
3121 4684 3181 4749 ἐξ
3235 4680 3445 4754 ἐχθρῶν
3492 4680 3621 4750 παρ’
3657 4676 3879 4732 αὑτοῦ.)

661 4781 902 4828 tuorum.
947 4791 965 4825 ›
1003 4771 1181 4828 Canes
1216 4789 1380 4845 porro
1411 4773 1626 4828 Domini
1679 4770 2000 4843 sanguinem
2042 4773 2228 4828 inimi-

2353 4778 2480 4833 Ανθ⁹
2511 4771 2570 4853 οῦ
2605 4777 2922 4850 λευκότερον
2950 4779 2978 4832 6
3000 4777 3294 4848 Σύμμαχος
3322 4773 3670 4846 ήρμήνευσεν
3695 4767 3880 4821 εἰπών·

659 4879 850 4919 corum
885 4863 1005 4933 ejus
1039 4863 1361 4932 lambentes,
1397 4880 1537 4936 quos
1565 4879 1688 4920 esse
1718 4862 1948 4928 dixeris,
1975 4865 2080 4919 nisi
2106 4881 2223 4937 gre-

2379 4873 2489 4926 Καὶ
2521 4871 2662 4943 λάψῃ
2692 4873 2724 4942 ή
2761 4870 2981 4940 γλῶσσα
3025 4868 3134 4922 τῶν
3171 4865 3349 4923 κυνῶν
3379 4862 3472 4917 ἇου
3515 4862 3628 4916 ἀπὸ
3674 4859 3882 4915 ἑκάστου

658 4958 743 5028 gis
790 4956 963 5028 ipsius
1003 4957 1259 5029 custodes
1303 4956 1594 5029 pervigiles
1639 4957 1733 5028 qui
1781 4955 2080 5012 Ecclesiam
2107 4957 2227 5026 ejus

2353 4965 2432 5018 ’ῶν
2463 4964 2670 5036 ἐχθρῶν
2718 4980 2830 5017 σου.
2863 4983 2881 5016 ι
2916 4963 3100 5026 Κύνας
3133 4960 3190 5014 δέ
3222 4957 3315 5012 τοῦ
3362 4954 3568 5026 Κυρίου
3603 4953 3882 5012 λάπτοντας

658 5057 900 5116 tuentur,
956 5052 1072 5106 sive
1098 5049 1322 5106 ultrices
1367 5048 1635 5120 quasdam
1679 5049 1934 5114 virtutes,
1960 5064 2078 5119 qua:
2105 5065 2229 5105 con-

2357 5055 2384 5106 ὸ
2406 5050 2542 5126 αἷμα
2574 5055 2681 5109 τῶν
2712 5053 2922 5126 ἐχθρῶν
2953 5050 3117 5106 αὑτοῦ
3149 5048 3302 5113 τίνας
3328 5045 3394 5102 ἂν
3421 5047 3598 5108 εἴποις
3627 5044 3661 5115 ἢ
3690 5045 3808 5105 τοὺς
3826 5043 3882 5093 τὰ

655 5142 897 5248 ιεϋιιίίὶε
931 5142 1167 5198 inimicis
1181 5141 1300 5212 ejus
1327 5141 1669 5206 incumbunt,
1689 5156 1915 5212 quaeque
1928 5142 2222 5211 perniciem

2353 5146 2553 5216 ποίμνια
2597 5145 2761 5200 αὐτοῦ
2798 5143 3158 5214 φυλάττοντας
3191 5139 3435 5214 φύλακάς
3475 5152 3628 5200 τινας
3672 5133 3880 5207 ἐγρηγό-

657 5229 849 5291 ροιτυηι
878 5236 1280 5312 quodammodo
1303 5234 1596 5307 degustare
1617 5233 1911 5305 satagunt?

2353 5254 2476 5302 δους,
2503 5238 2600 5310 τὴν
2633 5237 2956 5307 Ἐκκλησίαν
2988 5231 3151 5287 αὐτοῦ
3187 5229 3576 5304 φρουροῦντας,
3655 5241 3876 5300 τιμωρη-

652 5333 811 5396 τικάς
829 5351 979 5396 τινας
1003 5332 1259 5404 δυνάμεις
1283 5331 1718 5403 ἐπεμϐαινούσας
1742 5333 1808 5401 τῇ
1867 5329 2123 5402 συντριϐῇ
2150 5331 2258 5384 τῶν
2296 5331 2505 5405 ἐχθρῶν
2531 5333 2696 5387 αὐτοῦ
2714 5373 2727 5398 ,
2786 5332 2881 5385 καὶ
2913 5329 3100 5400 ὥσπερ
3146 5326 3509 5396 ἀπογεύεσθαι
3555 5311 3877 5394 πέιρωμένας

653 5429 747 5499 τῆς
779 5421 1054 5490 ἀπωλείας
1085 5425 1262 5480 αὐτῶν
1288 5441 1303 5491 ;

717 5540 886 5596 Vens.
918 5541 1006 5605 25,
1037 5541 1128 5597 26.
1162 5559 1182 5593 ι
1239 5539 1356 5596 Visi
1406 5548 1535 5596 sunt
1579 5540 1862 5612 ingressus
1899 5539 2001 5604 tui,
2053 5540 2218 5605 Deus,

647 5638 932 5706 ingressus
961 5633 1052 5688 Dei
1077 5637 1205 5701 mei,
1245 5634 1391 5705 regis
1425 5634 1566 5697 mei,
1594 5634 1811 5704 quiest
1855 5633 1909 5685 in
1943 5643 2152 5687 sancto.
2193 5651 2211 5684 ι

2353 5631 2412 5685 οῦ
2446 5631 2579 5685 Θεοῦ
2615 5649 2740 5702 μου,
2779 5630 2872 5684 τοῦ
2911 5630 3171 5701 βασιλέως
3201 5646 3325 5700 μου,
3367 5628 3461 5683 τοῦ
3488 5631 3546 5683 ἐν
3575 5627 3653 5698 τῷ
3685 5624 3866 5706 ἁγίῳ.)

645 5703 772 5784 Haec
798 5726 1197 5798 consequenter
1224 5703 1659 5798 praecedentibus
1683 5725 2039 5796 adjiciuntur.
2075 5724 2214 5791 Quia

2353 5726 2428 5779 Lati.
2452 5723 2619 5779 ταῦτα
2639 5725 2751 5788 τοῖς
2781 5723 3151 5795 προλεχθεῖσιν
3178 5720 3486 5785 ἀκολούθως
3513 5703 3864 5790 ἐπενήνεκτατ.

2399 5562 2414 5592 ι
2460 5541 2870 5614 Ἐἑλεωρήθησαν
2909 5543 2965 5594 ιιι
2996 5535 3212 5612 πορεῖαί
3254 5559 3367 5605 σου,
3394 5539 3549 5602 8.26;,
3591 5541 3644 5592 αἱ
3683 5551 3871 5606 7.59.3;

715 5883 760 5914 ⁸¹
785 5880 927 5939 Psal.
955 5898 1067 5952 tux,
1095 5883 1146 5940 1.
1200 5884 1265 5930 -⁸³
1290 5882 1394 5942 lsa.
1425 5892 1580 5950 um,
1605 5882 1657 5937 1.
1771 5881 1818 5915 ⁸⁵
1841 5881 1973 5938 ibid.
1999 5880 2055 5938 2.
2129 5880 2174 5914 ”
2202 5879 2334 5937 ibid.
2371 5881 2423 5936 5.
