3976 6348
44 433 133 489 7οῢ

1149 418 1646 479 COMMENTARIA
1688 417 1753 472 IN
1793 415 2128 473 PSALMOS.

3149 413 3250 470 7I0

50 546 251 617 Ἐπειδὴ
289 545 399 616 γὰρ
445 544 514 598 τὰ
564 542 928 614 θεσπιζὸμενα
977 521 1104 615 πρῖν
1148 541 1397 610 γενέσθαι
1458 557 1592 612 προ-

1700 512 1838 593 enim
1867 552 1988 606 qua:
2012 536 2065 590 in
2096 532 2356 588 vaticinio
2400 531 2670 598 feruntur,
2722 539 3014 602 antequam
3067 536 3251 585 essent

41 638 310 709 εθεωρεῖτο
335 639 448 700 τοῖς
481 636 653 704 ἁγίοις
682 635 774 688 τοῦ
806 634 938 687 Θεοῦ
964 634 1285 705 προφήταις,
1321 630 1406 683 διὰ
1430 630 1587 683 τοῦτό

40 745 186 799 φησιν
220 727 461 795 όλόγος·
510 744 530 777 ι
576 725 987 797 Ἐθεωρήθησαν
1029 726 1083 778 αἱ
1130 725 1341 794 πορεῖαί
1400 739 1512 784 σου,
1561 723 1589 773 6

39 824 172 885 Θεός.
200 843 218 874 ι
247 823 407 875 Ποῖαι
431 822 486 874 δὲ
510 823 748 894 πορεῖαις
783 819 916 872 ἀλλὰ
946 817 1132 890 πρώτη
1171 817 1272 888 μὴν
1305 819 1338 887 ἡ
1367 817 1588 880 κάθοδος

38 914 240 984 αὐτοῦὴ
278 914 336 965 ὲν
366 911 534 974 Σιναῒ,
563 913 654 964 καὶ
689 910 848 964 πάλιν
889 910 921 980 ὴ
956 908 1215 970 ἀνάϐασις
1244 911 1275 982 ἡ
1322 910 1399 971 εἰς
1435 908 1586 977 ὐψος,

41 1006 123 1061 καὶ
153 1003 307 1068 αὖθις
345 1007 378 1076 ἡ
402 1004 672 1074 κάθοδοςὴ
701 1005 790 1057 ἐπὶ
815 1003 994 1057 Βασὰν
1035 1003 1128 1055 καὶ
1170 1003 1202 1071 ἡ
1238 1000 1444 1054 ἐκεῖθεν
1466 1003 1586 1053 ἐπι-

41 1097 258 1170 στροφὴ,
308 1099 344 1168 ἦ
385 1116 442 1151 τε
492 1098 649 1169 μέχρι
698 1095 791 1171 τοῦ
842 1095 1071 1157 θανάτου
1120 1093 1446 1156 κατάϐασις,
1495 1093 1588 1145 καὶ

40 1188 268 1241 ἐντεῦθεν
319 1187 537 1254 διέξοδοι
581 1185 740 1240 αὐτοῦ
767 1225 780 1249 ,
829 1187 922 1239 καὶ
960 1186 1050 1237 ἐπὶ
1088 1186 1308 1253 πᾶσινὴ
1359 1185 1421 1234 ἐκ
1482 1182 1588 1234 τῶν

39 1284 198 1352 βυθῶν
223 1284 325 1354 τῆς
348 1282 619 1350 θαλάσσης
651 1278 909 1341 ἐπάνοδος
935 1295 949 1342 ;
977 1272 1145 1330 Αὐται
1181 1278 1349 1329 πᾶσαι
1377 1277 1587 1345 πορεῖαι

40 1374 162 1446 ἦσαν
193 1374 286 1429 τοῦ
322 1373 644 1445 δηλουμένου
683 1371 910 1443 Κυρίου,
944 1370 1142 1433 αἵτινες
1178 1372 1288 1431 τοῖς
1328 1367 1419 1420 τοῦ
1455 1365 1586 1419 Θεοῦ

42 1470 329 1540 προφήταις
349 1463 726 1536 ὲθεωρήθησαν
751 1463 879 1534 πρὶν
913 1460 1159 1530 γενέσθαι
1180 1477 1191 1489 °
1235 1459 1314 1511 διὸ
1351 1460 1442 1512 καὶ
1471 1462 1588 1521 ταῖς

42 1559 386 1632 προφητικῶς
434 1554 806 1626 παρεδόθησαν
869 1553 1129 1625 Γραφαίς.
1199 1550 1435 1612 Εἰκότως
1496 1546 1588 1603 οὖν

41 1651 259 1719 εἴρηται·
291 1665 311 1697 ‹
353 1645 761 1717 Ἐθεωρήθησαν
805 1646 858 1696 αἱ
910 1643 1120 1714 πορεῖαί
1151 1660 1239 1695 σου
1267 1683 1280 1706 ,
1312 1644 1339 1694 6
1377 1642 1524 1705 Θεὸς.
1563 1662 1581 1692 ι

40 1739 137 1792 Εἶτ’
175 1739 527 1808 ἁσφαλίζεται
575 1737 839 1790 διδάσκων
892 1736 1045 1788 ποίου
1091 1736 1224 1788 Θεοῦ
1270 1738 1326 1788 αἱ
1376 1740 1588 1806 πορεῖαι

41 1831 435 1903 ἑθεωρήθησαν·
481 1830 560 1883 διὸ
601 1829 838 1897 ἐπιλέγει
865 1845 878 1858 ο
931 1847 947 1878 ι
980 1829 1044 1879 Ai
1083 1832 1292 1899 πορεῖαι
1321 1827 1415 1880 τοῦ
1453 1827 1587 1881 Θεοῦ

1690 629 2127 700 ρτωνίἀεὺοηιυι·
2151 642 2180 680 a
2205 625 2408 680 sanctis
2431 623 2524 679 Dei
2551 624 2850 694 prophetis,
2874 624 2994 678 ideo
3015 621 3246 676 dicitur:

1694 739 1712 772 ι
1759 719 1869 774 Visi
1927 727 2057 775 sunt
2106 720 2385 788 ingressus
2432 718 2531 778 tui.
2566 716 2728 771 Deus.
2760 735 2779 768 ι
2815 715 2916 780 Qui
2945 716 3247 785 ingressus.
3287 780 3290 783 _

1688 812 1797 866 nisi
1852 812 2084 881 primum
2143 809 2443 864 descensus
2472 808 2590 876 ejus
2632 809 2684 860 in
2714 807 2891 868 Sinni,
2922 821 2989 860 ac
3030 820 3250 858 rursum

1689 919 1953 976 ascensus
1989 904 2044 956 in
2080 902 2271 964 altum,
2310 901 2615 969 iterumque
2641 900 2937 954 descensus
2966 900 3022 951 in
3069 896 3251 951 Basan

1689 1011 1751 1049 ac
1781 1009 2062 1064 regressus
2084 993 2138 1046 in
2171 993 2362 1053 altum,
2395 999 2448 1046 et
2488 1006 2677 1045 rursus
2709 989 2967 1044 demissio
3001 987 3122 1056 ejus
3155 1002 3252 1043 us-

1691 1103 1796 1156 que
1825 1083 1917 1139 "ad
1974 1093 2230 1147 mortem,
2259 1091 2313 1138 et
2358 1084 2538 1138 exitus
2583 1084 2729 1138 illius
2753 1099 2814 1135 ex
2837 1097 2924 1146 ea,
2949 1096 3010 1134 ac
3055 1090 3252 1150 prater

1692 1181 1805 1234 haec
1863 1179 2047 1233 omnia
2109 1179 2316 1232 reditus
2343 1192 2406 1231 ex
2437 1175 2710 1245 profundo
2739 1175 2932 1229 maris?
2964 1173 3026 1226 IIi
3059 1177 3272 1227 omnes"

1690 1272 1970 1341 ingressus
2014 1275 2170 1323 erant
2217 1271 2500 1328 memorati
2545 1268 2779 1333 Domini,
2811 1267 2902 1336 qui
2963 1276 3248 1335 antequam

1688 1363 2016 1416 exsisterent
2046 1377 2074 1414 a
2112 1360 2388 1432 prophetis
2425 1357 2519 1414 Dei
2573 1359 2675 1413 visi
2723 1364 2850 1412 sunt
2884 1375 2896 1410 :
2926 1372 3094 1426 quare
3125 1369 3252 1424 pro-

1690 1453 1919 1522 pheticis
1949 1451 2003 1507 in
2039 1442 2276 1522 scriptis
2306 1452 2612 1521 consignati
2651 1457 2799 1505 sunt.
2853 1447 2982 1503 Jure
3019 1462 3148 1518 ergo
3174 1445 3253 1501 di-

1689 1553 1835 1598 ctum
1870 1553 1953 1600 est
1990 1564 2004 1599 :
2044 1563 2061 1595 ι
2099 1543 2212 1598 Visi
2246 1554 2372 1598 sunt
2402 1545 2679 1613 ingressus
2711 1542 2811 1604 tui,
2839 1541 2999 1595 Deus.
3043 1563 3052 1570 κ
3097 1537 3260 1594 Dein-

1689 1637 1862 1706 deque
1888 1652 1998 1691 rem
2023 1635 2308 1690 confirmat
2336 1635 2587 1688 indicans
2612 1635 2898 1704 cuiusnam
2929 1632 3018 1686 Dei
3046 1633 3256 1701 ingres-

1665 1729 1784 1784 ‘sus
1816 1730 1917 1783 visi
1949 1728 2183 1795 fuerint;
2220 1742 2342 1781 nam
2375 1725 2562 1794 adjicit
2592 1745 2603 1778 :
2636 1744 2652 1775 ι
2690 1725 2974 1795 Ingressus
3006 1723 3106 1778 Dei
3123 1723 3252 1786 mei,

1691 1821 1832 1890 regis
1880 1819 2006 1874 mei.
2044 1839 2064 1872 ›
2111 1818 2230 1873 Non
2275 1817 2592 1886 simpliciter
2618 1814 2742 1879 Dei,
2777 1827 2867 1870 aut
2914 1817 3059 1882 regis
3087 1855 3103 1880 ,
3159 1813 3254 1869 sed

44 1945 150 1994 μου,
184 1924 274 1978 τοῦ
304 1922 565 1994 βασιλέως
599 1906 718 1994 μου.
749 1942 768 1972 ι
800 1922 874 1974 Οὐ
920 1921 1026 1992 γὰρ
1057 1921 1239 1985 ἁπλῶς
1284 1920 1438 1983 Θεοῦ,
1471 1921 1590 1974 οὐδὲ

1700 1931 1714 1962 ι
1744 1911 1834 1965 Dei
1865 1911 1992 1965 mei.
2018 1929 2034 1961 ι
2066 1908 2180 1964 Hoc
2208 1923 2373 1979 porro
2397 1908 2571 1962 simile
2605 1906 2765 1960 fuerit
2797 1904 2897 1968 illi,
2918 1923 2936 1954 ι
2967 1903 3113 1958 Dixit
3151 1903 3256 1956 Do-

42 2017 321 2086 βασιλέως,
358 2015 492 2069 ἀλλὰ
518 2013 611 2068 τοῦ
661 2033 677 2065 ι
707 2013 840 2067 Θεοῦ
883 2031 1002 2084 μου.
1057 2034 1073 2064 ι
1114 2013 1282 2065 Τοῦτο
1323 2013 1378 2066 δὲ
1411 2014 1590 2084 ὅμοιον

41 2110 276 2194 tandem
306 2107 414 2178 τῷ,
445 2102 628 2159 «Eine
657 2106 856 2178 Κύριος
881 2105 957 2176 τῷ
991 2106 1178 2177 Κυρίῳ
1206 2122 1304 2176 μου
1325 2122 1338 2135 ⁸
1387 2125 1406 2156 ι
1439 2108 1466 2158 6
1496 2107 1591 2176 μὲν

41 2192 136 2273 γάρ
157 2192 371 2272 πρῶτος
398 2202 425 2253 6
447 2201 539 2253 ἐπὶ
568 2200 781 2253 πάντων
815 2199 897 2269 εῐη
930 2198 994 2251 ἂν
1024 2198 1181 2261 Θεός·
1211 2200 1238 2250 ὁ
1261 2199 1316 2251 δὲ
1341 2197 1592 2270 δεύτερος

43 2294 225 2365 Κύριος
265 2294 295 2345 6
342 2291 583 2346 ἀκούων·
639 2310 656 2341 ι
692 2289 872 2343 Κάθου
913 2291 977 2342 ὲκ
1027 2287 1213 2354 δεξιῶν
1267 2307 1388 2360 μου,
1413 2308 1430 2340 ι
1464 2290 1592 2359 ὲμὸς

42 2384 279 2454 τυγχάνει
297 2382 500 2453 Κύριος
518 2397 531 2409 ο
567 2379 664 2442 διὸ,
689 2398 705 2428 ι
733 2373 866 2430 Εἷπε
889 2377 1091 2448 Κύριος
1109 2376 1185 2447 τῷ
1213 2377 1402 2446 Κυρίῳ
1426 2393 1544 2445 μου.
1569 2393 1586 2425 ι

44 2477 140 2529 Καὶ
163 2474 395 2555 ἐνταῦθα
416 2473 595 2550 ,τοίνυν
625 2470 715 2524 τὸν
760 2469 1008 2540 δεύτερον
1071 2469 1344 2539 σημαίνων
1374 2469 1402 2519 ὁ
1433 2466 1592 2529 αὐτὸς

45 2569 311 2640 προφήτης
360 2568 558 2639 φησίν
596 2585 613 2617 ι
647 2567 713 2618 Ai
755 2567 966 2638 πορεῖαι
1015 2564 1108 2617 τοῦ
1152 2564 1285 2616 Θεοῦ
1320 2581 1417 2634 μου
1441 2602 1455 2626 ,
1498 2560 1590 2613 τοῦ

45 2659 289 2726 βασιλέως
323 2675 454 2729 μου,
503 2655 595 2708 τοῦ
643 2657 700 2708 ὲν
732 2655 810 2725 τῷ
854 2656 1060 2724 ἁγίῳ..)
1123 2652 1247 2705 Ἐὰν
1293 2651 1399 2721 γὰρ
1452 2649 1593 2729 λέγω

45 2727 404 2821 θεωρουμένας
440 2747 697 2818 πορείας,
754 2745 826 2817 μή
863 2763 948 2808 τις
984 2743 1250 2816 νομιζέτω
1306 2759 1370 2812 με
1416 2727 1592 2810 λέγειν

46 2839 126 2892 τοῦ
156 2840 246 2891 ἐπὶ
293 2839 510 2891 πάντων
545 2836 684 2888 Θεοῦ
705 2852 716 2864 ·
752 2834 885 2888 ἀλλὰ
929 2832 1022 2886 τοῦ
1059 2832 1191 2885 Θεοῦ
1225 2849 1323 2902 μου
1367 2832 1459 2884 καὶ
1500 2827 1592 2882 τοῦ

48 2931 295 3001 βασιλέως
343 2947 444 3002 μου
485 2930 717 2998 πορεῖαι.
774 2926 910 2978 Ἀλλ’
959 2925 1152 2996 ἐπειδὴ·
1192 2943 1210 2976 ‹
1251 2922 1592 2994 προέφθασαν

48 3027 285 3094 ἄρχοντες
347 3011 592 3093 ἐχόμενοι
649 3019 953 3090 ψαλλόντων
1011 3020 1068 3071 ὲν
1138 3017 1287 3087 μέσῳ
1341 3014 1593 3069 νεανίδων

47 3119 495 3192 τυμπανιστριῶν.
533 3137 552 3171 ι
587 3118 749 3170 Αὐτοὶ
787 3116 892 3186 γὰρ
924 3105 1067 3167 οῦτοι
1100 3114 1147 3166 οἱ
1190 3111 1596 3182 προφθάσαντες

48 3217 311 3286 ἄρχοντες,
349 3214 382 3286 ἢ
415 3216 463 3266 οἱ
489 3213 701 3286 ᾄδοντες
725 3213 817 3264 καὶ
845 3208 1116 3279 Πνεῦματι
1147 3206 1282 3277 ἁγίῳ
1308 3205 1369 3258 τὸ
1404 3203 1596 3293 μέλλον
1625 3239 1666 3293 C

50 3301 417 3370 θεσπίζοντες,
461 3301 879 3375 προεθεώρησαν
927 3298 1022 3362 τὰς
1071 3297 1290 3367 πορείας
1335 3292 1427 3347 τοῦ
1463 3290 1596 3346 Θεοῦ

54 3415 142 3466 μου
172 3398 380 3452 καὶτοῦ
409 3395 671 3467 βασιλέως
708 3412 830 3464 μου.
867 3385 1023 3445 Οὗτοι
1050 3390 1105 3442 δὲ
1140 3385 1278 3459 ἦσαν
1304 3387 1352 3440 οἱ
1388 3385 1598 3456 προφῆ-

48 3508 145 3550 ται,
178 3493 223 3544 οἱ
265 3490 674 3562 προφθάσαντες
708 3488 832 3549 τούς
877 3484 1013 3556 μετὰ
1039 3482 1211 3536 ταῦτα
1241 3479 1601 3552 προελθόντας

51 3582 382 3644 ἀποστόλους.
414 3580 517 3632 Δύο
554 3579 662 3652 γὰρ
695 3577 869 3648 χορῶν
898 3576 995 3645 τὴν
1027 3572 1118 3627 τοῦ
1151 3572 1400 3642 Σωτῆρος
1445 3568 1600 3639 ἡμῶν

53 3674 310 3744 θεολογίαν
333 3671 636 3743 ἀνθρώποις
671 3667 1144 3741 παραδεδωκότων,
1168 3664 1196 3715 ὁ
1224 3664 1321 3734 μὲν
1355 3660 1598 3732 προφθά-

52 3783 140 3828 σας
169 3765 324 3836 χορὸς
354 3759 423 3836 ἦν
451 3765 478 3816 6
511 3759 866 3833 προφητικδς,
917 3761 943 3811 6
975 3757 1032 3810 δὲ
1077 3754 1325 3825 δεύτερος
1363 3749 1601 3803 ἐπελθὼν

52 3858 201 3912 ὁτῶν
238 3855 550 3910 ἀποστόλων
585 3853 679 3907 καὶ
718 3849 970 3924 μαθητῶν
1008 3847 1100 3901 τοῦ
1150 3846 1420 3916 Σωτῆρος.
1456 3842 1600 3912 Πλὴν

53 3950 175 4003 ἀλλὰ
203 3948 584 4022 ὲθεωρήθησαν
627 3948 680 3999 αἱ
708 3946 921 4015 πορεῖαι
963 3940 1055 3994 τοῦ
1087 3938 1410 4010 δηλωθέντος
1435 3933 1597 3987 Θεοῦ·

55 4042 224 4111 ἦτοϊς
278 4042 376 4111 μὲν
436 4038 748 4101 ἀποστόλοις
793 4033 1202 4105 ὲθεωρήθησαν,
1247 4030 1294 4083 οἳ
1345 4029 1437 4082 καὶ
1484 4027 1604 4096 ὄψει

56 4132 347 4204 παρέλαϐον
403 4130 471 4184 τὰ
523 4129 689 4182 πάλαι
749 4125 1048 4198 προγνώσει
1110 4119 1600 4194 προπεφωνημένα.

57 4218 202 4275 Οὗτοι
236 4223 336 4293 μὲν
374 4216 464 4273 οὖν
499 4221 682 4280 αὐτοῖς
726 4216 1020 4285 ὀφθαλμοῖς
1050 4212 1146 4276 τὰς
1187 4211 1405 4282 πορείας
1446 4207 1606 4262 ἐθεώ-

59 4331 213 4384 ρησαν
260 4313 354 4366 τοῦ
396 4311 564 4365 Θεοῦ·
614 4308 962 4382 προέφθασαν
1007 4307 1064 4359 δὲ
1109 4305 1302 4367 αὐτοὺς
1351 4303 1606 4375 ἄρχοντές

55 4424 183 4470 τινες
213 4401 356 4460 οὗτοι
389 4407 436 4457 οἱ
479 4403 724 4474 ἐχόμενοι
764 4401 870 4454 τῶν
902 4398 1225 4471 ψαλλόντων.
1261 4396 1520 4469 Σημαίνει
1551 4394 1607 4447 δὲ

57 4500 80 4549 ὁ
104 4498 248 4566 λόγος
276 4497 370 4550 τὸν
398 4494 558 4548 Δαυῖδ
591 4493 751 4548 αὐτὸν
785 4493 876 4547 καὶ
898 4493 1024 4556 τοὺς
1057 4491 1150 4544 σὺν
1174 4488 1318 4560 αὐτῷ
1347 4489 1439 4542 καὶ
1471 4485 1610 4541 κατὰ

58 4594 168 4657 τοὺς
200 4593 399 4655 αὐτοὺς
443 4589 666 4661 χρόνους
704 4586 1036 4667 ἡγουμένους
1066 4584 1158 4638 τοῦ
1205 4583 1366 4638 λαοῦ·
1420 4582 1610 4644 οἵτινες
1643 4585 1684 4640 D

62 4688 291 4758 ixdysvm.
321 4685 428 4738 τῶν
475 4681 783 4753 ψαλλόντων
818 4678 1168 4751 προέφθασαν
1213 4679 1270 4730 ὲν
1312 4677 1462 4747 μέσῳ
1489 4691 1612 4728 νεα-

61 4779 205 4834 νίδων
230 4773 690 4851 τυμπανιστριῶν.
711 4771 968 4826 Τοιαῦται
999 4771 1055 4822 δὲ
1077 4765 1215 4840 ἦσαν
1241 4771 1296 4822 αἱ
1330 4765 1613 4821 ἰουδαῖκαὶ

65 4871 384 4940 συναγωγαὶ,
415 4868 625 4931 ἀτελεῖς
651 4866 745 4920 καὶ
783 4863 945 4917 εἰσέτι
974 4863 1231 4925 νεάνιδες,
1273 4863 1429 4916 πλέον
1463 4860 1614 4924 οὐδὲν

64 4963 408 5034 ἐπιστάμεναι
453 4962 487 5033 ἢ
532 4959 832 5031 τυμπάνοις
875 4953 1107 5027 χρῆσθαι
1133 4957 1247 5015 τοῖς
1288 4953 1615 5023 σωματικοῖς

64 5056 297 5128 ὀργάνοις
333 5057 398 5109 ὲκ
435 5054 596 5125 δορᾶς
618 5049 839 5121 ,νεκρῶν
873 5046 1025 5111 ζώων
1070 5045 1608 5115 κατεσκευασμένοις.
1648 5119 1654 5125 .

65 5143 145 5196 Διὺ
167 5145 589 5215 τυμπανίστριαι
616 5141 880 5213 εἴρηνται,
911 5136 988 5208 τῷ
1017 5134 1178 5206 μηδὲν
1209 5133 1391 5202 ἕτερον
1417 5133 1613 5187 εἰδέναι

67 5235 96 5307 ἢ
123 5237 186 5289 τὰ
219 5236 506 5308 σωματικά
535 5235 628 5290 τοῦ
652 5235 818 5304 νόμου
844 5229 1295 5303 παραγγέλματα.

137 5367 154 5400 ι
192 5349 280 5402 Ἐν
323 5343 666 5419 Ἐκκλησίαις
694 5349 961 5417 εὐλογεῖτε
990 5345 1079 5398 τὸν
1128 5341 1256 5395 Θεὸν
1300 5338 1500 5410 Κύρων
1556 5339 1620 5390 ὲκ

35 5458 41 5464 “
71 5440 249 5513 πηγῶν
286 5441 528 5513 Ἰσραήλ.
561 5461 578 5493 ι
637 5424 791 5494 Μετὰ
840 5442 964 5504 τοὺς
999 5436 1481 5510 προθεωρήσαντας
1525 5429 1622 5492 τὰς

71 5534 154 5588 τοῦ
206 5533 536 5606 δηλωθέντος
568 5531 702 5586 Θεοῦ
741 5533 995 5603 πορείας,
1044 5524 1345 5585 ἀκολούθως
1386 5523 1414 5574 6
1467 5521 1623 5589 λόγος

74 5628 266 5698 ἑτέροις
295 5627 404 5681 τισὶ
458 5625 594 5697 μετὰ
635 5626 758 5687 τοὺς
809 5623 1055 5694 πρώτους
1083 5616 1401 5690 γενομένους
1458 5629 1626 5686 προσ-

77 5722 230 5786 φωνεῖ
244 5719 418 5789 λέγων
437 5736 450 5748 '
489 5737 508 5770 ι
548 5718 635 5771 Ἐν
661 5714 979 5786 ἐκκλησίαις
1009 5711 1275 5782 εὐλογεῖτε
1296 5707 1388 5762 τὸν
1408 5704 1568 5760 Θεόν·
1598 5723 1616 5758 ι

136 5878 179 5908 ⁸⁸
199 5877 341 5934 Psat.
372 5891 482 5940 cu,
518 5875 570 5931 i.

1692 2002 1873 2055 minus
1905 2001 2132 2054 Domino
2165 2015 2284 2055 meo
2325 2019 2337 2053 :
2388 2019 2406 2052 ι
2455 2001 2661 2068 primus
2720 1997 2916 2065 quippe
2971 1995 3257 2050 universo-

1693 2107 1815 2145 rum
1851 2089 1990 2146 Deus
2024 2088 2188 2144 iuerit
2215 2107 2230 2156 ;
2261 2088 2533 2143 secundus
2558 2101 2684 2140 vero
2714 2082 2994 2145 Dominus,
3029 2080 3123 2150 qui
3165 2094 3259 2132 au-

1693 2183 1792 2246 dit,
1830 2203 1848 2233 (
1890 2180 2026 2237 Sede
2055 2197 2085 2236 a
2109 2181 2316 2235 dextris
2345 2180 2562 2243 meis“,
2602 2197 2620 2228 ι
2655 2191 2806 2231 meus
2828 2173 3087 2227 Dominus
3117 2178 3200 2226 est
3236 2187 3252 2223 :

1693 2292 1880 2346 quare,
1919 2293 1936 2326 ι
1982 2274 2126 2328 Dixit
2169 2272 2430 2328 Dominus
2463 2271 2689 2326 Domino
2713 2285 2851 2323 meo.
2887 2286 2905 2319 ›
2944 2265 3043 2319 Hic
3089 2265 3257 2334 igitur

1693 2368 1843 2421 illum
1881 2366 2123 2421 secundo
2154 2367 2274 2420 loco
2320 2365 2553 2436 poSitum
2583 2365 2696 2433 ipse
2734 2360 3001 2429 Propheta
3050 2355 3259 2425 signiti-

1693 2472 1826 2511 cans
1853 2456 1987 2510 dicit
2016 2475 2030 2510 :
2068 2474 2087 2506 c
2126 2455 2412 2526 Ingressus
2439 2453 2530 2510 Dei
2554 2454 2680 2516 mei,
2719 2452 2862 2521 regis
2901 2449 3029 2514 mei,
3062 2449 3154 2518 qui
3176 2454 3262 2503 est

1695 2550 1748 2602 in
1786 2555 1997 2603 sancto.
2033 2567 2050 2599 ι
2077 2546 2211 2600 Nam
2269 2562 2392 2602 cum
2439 2547 2722 2616 ingressus
2780 2541 2950 2596 videri
3001 2540 3145 2603 dico,
3191 2553 3262 2593 ne

1695 2639 1818 2708 quis
1843 2632 2116 2694 existimet
2147 2640 2528 2695 universorum
2553 2635 2646 2690 Dei
2686 2633 2808 2688 illos
2833 2649 2989 2697 esse;
3027 2631 3122 2686 sed
3165 2629 3260 2684 Dei

1694 2730 1833 2794 mei,
1866 2730 2009 2799 regis
2039 2730 2145 2784 mei
2188 2731 2469 2799 ingreSsus
2495 2734 2644 2781 sunt.
2680 2723 2876 2780 Verum
2902 2725 3030 2793 quia
3067 2741 3086 2774 ι
3123 2738 3261 2792 pra:-

1693 2828 1957 2876 venerunt
1985 2819 2258 2891 principes
2286 2818 2565 2886 conjuncti
2593 2813 2974 2885 psallentibus,
3002 2814 3055 2865 in
3078 2812 3259 2866 medio

1691 2913 2103 2982 juvencularum
2161 2907 2684 2980 tympanistriarum.
2730 2924 2748 2956 ι
2806 2902 2870 2956 IIi
2932 2903 3076 2957 enim
3151 2902 3257 2972 ipsi

1697 3005 1972 3074 principes
2004 3002 2096 3073 qui
2134 3004 2535 3072 praevenerunt,
2563 2998 2676 3052 sive
2707 2995 2800 3066 qui
2841 3005 3063 3059 canunt,
3102 3002 3156 3047 et
3202 2994 3260 3048 in

1701 3094 1908 3167 Spiritu
1943 3103 2135 3165 sancto
2165 3093 2346 3147 futura
2370 3089 2760 3162 praenuntiant,
2787 3083 3263 3162 praevideruntin-

1703 3205 1926 3262 gressus
1959 3187 2071 3260 ‘Dei
2118 3185 2222 3241 mei
2273 3185 2416 3256 regis
2463 3181 2588 3238 mei.
2646 3181 2725 3235 Illi
2773 3195 2941 3243 vero,
2988 3177 3266 3249 propheta

1702 3295 1912 3352 nempe,
1947 3280 2244 3351 apostolbs,
2274 3278 2367 3349 qui
2417 3283 2539 3346 pOst
2589 3288 2819 3340 venere,
2854 3277 3262 3342 praverterunt.

1699 3374 1913 3430 Etenim
1971 3388 2095 3426 cum
2137 3371 2246 3425 duo
2279 3369 2432 3424 chori
2483 3365 2781 3421 Salvatoris
2837 3363 3008 3418 nostri
3052 3361 3301 3415 theolo--

1701 3467 1844 3537 giam
1897 3463 2209 3519 hominibus
2258 3461 2601 3522 tradiderint,
2648 3456 2739 3526 qui
2789 3452 2995 3525 primus
3040 3452 3265 3522 prodiit,

1701 3556 2052 3628 propheticus
2081 3555 2459 3621 chorus‘erat;
2491 3549 2581 3620 qui
2614 3563 2742 3601 vero
2781 3545 3054 3605 secundus
3080 3558 3268 3599 acces-

1701 3649 1792 3711 sit,
1828 3647 2205 3716 apostolorum
2231 3654 2284 3700 et
2302 3641 2689 3712 discipulorum
2719 3636 2920 3691 Christi
2946 3635 3147 3688 chorus
3171 3649 3268 3687 ex-

1702 3739 1859 3794 stitit.
1894 3737 2160 3794 Caaterum
2193 3737 2295 3792 visi
2328 3742 2458 3790 sunt
2503 3734 2780 3802 ingressus
2809 3725 3092 3782 memorati
3129 3724 3265 3794 Dei;

1702 3831 1817 3887 sive
1843 3827 2102 3898 apostolis
2131 3826 2352 3896 quidem
2382 3824 2482 3879 visi
2532 3829 2680 3882 sunt,
2710 3819 2801 3889 qui
2849 3832 2971 3887 quae
3020 3816 3150 3870 olim
3198 3830 3269 3870 ex

1707 3923 2051 3996 praescientia
2092 3919 2452 3991 praenuntiata
2487 3915 2700 3970 fuerant
2750 3913 2882 3984 ipsis
2923 3909 3097 3966 oculis
3136 3923 3271 3963 con-

1706 4025 2019 4091 spexerunt.
2068 4017 2133 4071 Hi
2171 4015 2354 4084 itaque
2402 4011 2602 4067 oculati
2636 4010 2918 4081 ingressus
2965 4007 3058 4063 Dei
3099 4016 3270 4064 testes

1707 4118 1857 4169 fuere
1890 4132 1902 4166 :
1937 4113 2084 4182 ipsos
2117 4117 2296 4162 tamen
2323 4111 2696 4175 praevenerunt
2728 4101 2998 4171 principes
3051 4099 3271 4169 quidam

1707 4207 1986 4277 conjuncti
2037 4198 2394 4275 psallentibus
2426 4217 2438 4251 :
2473 4196 2629 4267 queis
2706 4193 3082 4276 signiﬁcantur
3143 4203 3270 4243 cum

1710 4272 1828 4372 ipse
1865 4272 2056 4361 David,
2103 4303 2216 4349 tum
2274 4292 2310 4348 ii
2362 4292 2454 4361 qui
2505 4303 2612 4343 una
2669 4302 2790 4340 cum
2822 4300 2887 4339 eo
2938 4272 3069 4336 tunc
3102 4281 3270 4335 duces

1715 4365 1897 4463 populi
1928 4394 2102 4443 erant.
2156 4382 2219 4437 Hi
2255 4377 2533 4450 conjuncti
2589 4365 2948 4447 psallentibus
2995 4365 3271 4440 praevene-

1710 4455 1836 4533 runt
1860 4476 1912 4530 in
1930 4475 2106 4529 medio
2124 4469 2534 4542 juvencularum
2567 4461 3086 4533 tympanistriarum.
3112 4455 3272 4512 Tales

1713 4579 1858 4625 certe
1887 4575 2042 4622 erant
2087 4563 2326 4618 Iudaica:
2355 4560 2658 4629 synagoga,
2699 4547 3029 4620 imperfectae
3062 4546 3273 4601 scilicet

1714 4669 1768 4717 et
1818 4658 1995 4713 adhuc
2033 4652 2354 4726 juvenculae,
2388 4647 2538 4702 nulla
2588 4644 2698 4728 alia
2739 4637 2967 4694 scientia
3008 4634 3278 4707 pratditm,

1714 4768 1876 4824 quam
1914 4758 1973 4804 ut
1995 4724 2263 4821 tympanis
2293 4741 2406 4796 sive
2433 4724 2712 4807 corporeis
2745 4727 3122 4787 instrumentis
3147 4724 3271 4780 ute-

1717 4818 1927 4907 rentur,
1973 4818 2038 4897 ei
2067 4847 2405 4894 mortuorum
2440 4829 2759 4884 animalium
2804 4825 2942 4896 pelle
2987 4818 3271 4876 confectis.

1717 4938 1897 5004 Quare
1955 4926 2349 5005 tympanistria;
2408 4924 2714 5002 dicuntur,
2749 4917 2895 4990 quod
2938 4913 3074 4971 nihil
3129 4907 3276 4964 aliud

1720 5035 1968 5093 nossent,
1992 5039 2153 5097 quam
2179 5032 2441 5091 corporea
2463 5017 2599 5088 legis
2621 5021 2910 5086 praecepta.

1794 5326 1960 5382 Vens.
1989 5323 2080 5388 27,
2107 5320 2194 5375 28.
2225 5336 2243 5368 ι
2272 5316 2330 5370 In
2363 5310 2618 5368 Ecclesiis
2646 5302 2945 5362 benedicite
2999 5295 3134 5388 Deo?
3171 5292 3283 5388 Do?

1726 5419 1874 5473 mino
1905 5414 1972 5468 de
2018 5384 2258 5465 fontibus
2305 5404 2488 5461 Israel.
2530 5421 2547 5453 ι
2585 5398 2657 5452 De
2691 5398 2756 5450 iis
2795 5395 3008 5446 locutus
3049 5387 3140 5456 qui
3183 5384 3278 5439 Dei

1724 5513 1836 5584 jam
1884 5504 2166 5584 memorati
2216 5485 2499 5572 ingressus
2545 5489 2923 5564 prazviderant,
2989 5488 3110 5553 post
3157 5479 3283 5584 illos

1731 5570 1940 5680 primos
1970 5570 2366 5666 consequenter
2413 5591 2550 5645 alios
2582 5581 2866 5651 compellat
2895 5576 3080 5630 diccns
3109 5586 3173 5671 τ’(
3222 5570 3280 5680 1³η

1731 5655 1974 5758 ecclesiis
2022 5655 2322 5747 benedicite
2373 5681 2500 5736 Deo.
2540 5700 2558 5731 ι
2593 5675 2728 5741 Quia
2769 5684 2898 5734 vero
2936 5669 2987 5721 hi
3019 5679 3047 5717 a
3079 5655 3285 5733 princi-
