3950 6342
701 418 792 471 7H

1351 416 1614 472 nussum
1653 414 2120 472 cmsammvsrs
2155 413 2302 468 opp.
2345 413 2521 469 PARS
2559 391 2745 471 "1...;
2792 417 3192 472 EXLISMILA.
3777 421 3855 474 ne

700 534 860 602 pibus
909 532 1015 586 illis
1053 532 1146 601 qui
1203 541 1576 601 prwvenerunt
1637 533 1838 586 diversi
1895 539 2086 598 erant;
2114 532 2227 601 iure

2335 534 2426 585 καὶ
2448 534 2738 604 ἐπειδήπερ
2769 534 2941 604 ’ἑτεροι
2983 531 3119 605 ἦσαν
3142 529 3280 588 οῦτοι
3309 535 3456 605 παρά
3490 536 3615 597 τοὺς
3651 535 3854 604 προφθὰ-

700 632 875 679 ρωιιιε
909 625 1118 678 illorum
1143 624 1412 679 ecclesias
1445 630 1622 686 vocat,
1653 625 1807 692 queis
1831 623 2109 691 prophetia
2140 638 2238 676 nec

697 716 928 769 obscure
976 712 1278 767 Servatoris
1323 703 1495 766 nostri
1541 712 1802 766 ecclesias
1832 719 2232 765 commemorat.

697 802 959 861 Jubentur
985 816 1144 870 porro
1173 801 1225 853 hi
1262 801 1486 855 secundi
1511 841 1526 864 ,
1558 816 1666 854 non
1699 801 1753 853 in
1782 800 1957 854 medio
1981 800 2239 869 iuvencu-

700 893 869 945 laruin
917 891 1442 961 tympanistriarum,
1487 890 1580 944 sed
1630 889 1686 943 in
1731 890 1977 944 ecclesiis
2017 890 2237 944 benedi-

697 999 816 1038 cere
844 982 970 1036 Deo.
1000 983 1129 1048 Quis
1180 983 1250 1036 sit
1291 981 1432 1036 Deus
1474 983 1562 1035 ille
1594 998 1716 1035 mox
1768 982 1971 1035 indicat
2027 983 2230 1044 dicens,

700 1092 719 1124 ι
756 1072 998 1126 Domino.
1035 1093 1052 1123 ι
1094 1071 1243 1126 Unde
1273 1087 1398 1125 vero
1451 1073 1502 1125 id
1563 1073 1858 1134 hauserint,
1908 1071 2051 1141 quod
2083 1087 2233 1142 opor.

621 1188 630 1227 ς
693 1173 800 1220 teat
826 1155 1080 1219 Ecclesiis
1105 1165 1323 1217 Domini
1353 1163 1427 1234 (l)
1455 1163 1769 1231 theologiam
1791 1163 2023 1229 tradere,
2059 1179 2238 1217 neces-

694 1256 836 1308 sario
863 1265 866 1268 ‘
892 1256 1122 1322 explicat
1167 1253 1250 1306 his
1307 1255 1525 1308 verbis:
1557 1261 1573 1303 ι
1609 1253 1836 1308 Domino
1881 1241 2230 1309 de'fontibus

691 1345 884 1411 Israel,
925 1366 942 1397 ›
992 1345 1408 1413 vulgaribusque
1443 1345 1637 1398 iterum
1693 1345 2103 1400 characteribus
2147 1345 2232 1398 hic

693 1437 952 1491 Dominus
979 1437 1317 1506 exprimitur.
1364 1436 1562 1492 Fontes
1591 1452 1716 1490 vero
1745 1436 1925 1500 Israel,
1961 1436 2233 1505 propheti-

690 1546 765 1584 cae
814 1530 1104 1598 Scriptum
1155 1536 1280 1583 sunt
1328 1536 1488 1597 atque
1517 1529 1597 1582 lex
1629 1527 1845 1597 Moysis.
1900 1527 1975 1580 Ex
2033 1529 2230 1597 quibus

690 1619 845 1687 quasi
877 1633 940 1671 ex
965 1617 1222 1678 foiitibus,
1250 1633 1343 1687 per
1374 1618 1564 1671 hausta
1611 1615 1677 1671 de
1721 1615 2002 1670 Salvatore
2047 1625 2232 1671 nostro

692 1709 1023 1769 testimonia,
1062 1709 1283 1762 secundi
1315 1709 1390 1760 illi
1422 1710 1476 1762 in
1513 1709 1757 1763 ecclesiis
1791 1709 2108 1763 benedicere
2130 1709 2228 1777 ipsi

684 1800 957 1868 iubentur.
985 1798 1180 1853 Deinde
1203 1799 1478 1869 subiungit
1507 1818 1518 1851 :
1556 1816 1574 1849 ι
1613 1797 1688 1852 lbi
1721 1797 1999 1867 Beniamin
2047 1799 2230 1853 adole-

2342 641 2535 688 σαντας
2565 627 2854 696 ἄρχοντας,
2904 626 3123 689 εἰκότως
3155 628 3248 678 καὶ
3289 628 3388 688 τάς
3437 625 3680 689 συνόδους
3709 627 3854 678 αὐτῶν

2337 716 2626 785 ἐκκλησίας
2647 714 2923 780 ἀποκαλεῖ,
2960 717 3235 786 μονονουχὶ
3259 721 3438 787 γυμνῇ
3467 719 3532 786 τῇ
3562 718 3758 786 κεφαλῇ
3780 717 3854 779 τὰς

2334 807 2428 859 τοῦ
2467 808 2713 877 Σωτῆρος
2744 808 2899 878 ἡμῶν
2938 808 3229 878 ἐκκλησίας
3275 809 3739 880 προαγορευούσης
3777 809 3854 875 τῆς

2336 897 2680 967 προφητείας.
2720 895 3034 949 Κελεύονται
3067 897 3123 948 δὲ
3150 890 3291 947 οῦτοι
3325 897 3373 946 οἱ
3417 893 3658 965 δεύτεροι
3695 895 3784 946 οὐκ
3811 897 3854 944 ἐν

2339 989 2485 1057 μέσῳ
2539 987 2785 1039 νεανίδων
2815 985 3287 1056 τυμπανιστριῶν,
3311 985 3424 1038 ἀλλ’
3469 986 3526 1036 ἐν
3573 984 3852 1054 ἐκκλησίαις

2335 1078 2569 1144 εὐλογεῖν
2601 1077 2688 1128 τὸν
2723 1077 2872 1128 Θεόν.
2923 1077 3029 1130 Kal.
3064 1080 3211 1128 ποῖον
3257 1077 3407 1138 Θεὸν,
3455 1076 3614 1128 πάλιν
3644 1075 3852 1141 ἐπιλέγει

2333 1168 2479 1236 ἑξῆς,
2518 1187 2534 1216 ι
2565 1167 2785 1238 Κύριον.
2818 1187 2836 1218 ›
2872 1167 2979 1220 Καὶ
3025 1166 3184 1218 πόθεν
3222 1165 3552 1237 ἀρυομένους
3593 1165 3723 1235 χρῆν
3757 1168 3852 1225 ταῖς

2334 1257 2642 1326 ἐκκλησίαις
2679 1257 2774 1327 τὴν
2815 1257 2907 1309 τοῦ
2959 1256 3160 1327 Κυρίου
3215 1256 3560 1326 παραδιδόναι
3612 1256 3852 1323 θεολογίαν

2333 1349 2636 1414 ἀναγκαίως
2695 1349 2986 1419 παρίστησι
3024 1348 3223 1414 λέγων’
3275 1365 3293 1397 ι
3330 1347 3528 1418 Κύριον
3584 1349 3648 1398 ἐκ
3693 1348 3852 1416 πηγῶν

2343 1438 2590 1509 Ἰσραὴλ,
2633 1458 2650 1489 ι
2700 1443 2811 1502 τοῖς
2849 1438 3170 1508 κοινοτέροις
3220 1439 3555 1509 χαρακτῆρσι
3609 1437 3852 1490 κάνταῦθα

2311 1530 2490 1588 ,πάλιν
2522 1529 2615 1582 τοῦ
2649 1530 2853 1599 Κυρίου
2885 1529 3299 1599 σημαινομένου.
3342 1529 3520 1598 Πηγαὶ
3569 1528 3626 1580 δέ
3668 1528 3851 1599 Ἰσραὴλ

2338 1621 2390 1670 αἱ
2442 1621 2768 1690 προφητικαὶ
2817 1621 3025 1690 Γραφαὶ
3053 1621 3422 1688 τυγχάνουσιν,
3451 1621 3484 1689 ἤ
3519 1638 3578 1672 τε
3607 1621 3850 1676 Μωῡσέως

2331 1710 2614 1780 νομοθεσία
2635 1727 2647 1739 σ
2682 1711 2738 1775 ἐξ
2771 1705 2843 1762 ὧν
2864 1709 3048 1779 ῶσπερ
3076 1710 3182 1763 ἀπὸ
3219 1709 3408 1779 πηγῶν
3430 1710 3750 1781 ἀρυομένους
3772 1708 3850 1767 τὰς

2334 1801 2462 1870 περὶ
2511 1800 2604 1852 τοῦ
2636 1802 2879 1872 Σωτῆρος
2920 1800 3071 1870 ἡμῶν
3107 1801 3402 1871 μαρτυρίας
3450 1799 3684 1866 εὐλογεῖν
3716 1798 3850 1850 αὐτὸν

690 1893 963 1945 scentulus
1033 1892 1088 1944 in
1149 1891 1343 1945 mentis
1391 1906 1636 1946 excessu.
1675 1908 1692 1940 ι
1730 1889 1834 1942 Pro
1886 1890 1978 1942 illo
2023 1896 2226 1953 autem,

2331 1891 2386 1942 ἐν
2434 1894 2550 1953 ταῖς
2589 1891 2900 1960 ἐκκλησίαις
2951 1893 3063 1953 τοῖς
3107 1891 3374 1962 δευτέροις
3425 1889 3847 1961 παρακελεύεται.

693 2001 712 2032 ‹
745 1983 838 2046 ibi,
866 2002 884 2033 ι
911 1981 1264 2052 Symmachus
1287 1983 1379 2044 ait,
1407 2000 1426 2032 ι
1453 1982 1542 2034 ubi
1578 1980 1857 2048 Beniamin
1892 1982 2179 2044 minimus;
2205 2000 2222 2032 ο

686 2073 876 2140 Aquila
927 2085 1052 2124 vero
1092 2071 1359 2133 similiter,
1399 2088 1416 2120 (
1452 2071 1524 2123 ibi
1571 2070 1846 2138 Beniamin
1901 2070 2097 2134 brevis,
2130 2070 2230 2122 im-

687 2177 882 2232 perans
918 2162 1070 2230 ipsis.
1110 2181 1128 2212 ι
1166 2150 1442 2228 Beniamin
1472 2175 1596 2214 vero
1621 2160 1827 2228 iunior,
1862 2161 2115 2215 minimus
2137 2170 2228 2213 aut

686 2255 1037 2308 brevissimus
1093 2251 1290 2305 Paulus
1339 2260 1454 2306 erat
1518 2251 1729 2306 divinus
1783 2252 2092 2321 Apostolus,
2161 2267 2226 2306 ex

685 2346 825 2402 tribu
868 2343 1166 2411 Beniamin,
1205 2341 1458 2396 Hebraeus
1485 2358 1552 2397 ex
1582 2342 1816 2397 Hebraeis
1835 2385 1848 2408 ,
1879 2344 2226 2412 quemadmo-

686 2436 814 2489 dum
841 2436 954 2504 ipse
1004 2434 1160 2488 docet
1207 2435 1291 2489 his
1322 2435 1500 2488 verbis
1535 2452 1548 2487 :
1590 2453 1608 2485 ‹
1647 2433 2003 2489 Circumcisio
2038 2444 2228 2490 octavo

685 2526 790 2586 die,
825 2541 890 2579 ex
916 2540 1108 2594 genere
1142 2525 1322 2586 Israel,
1357 2525 1425 2579 de
1457 2527 1598 2579 tribu
1635 2527 1937 2597 Beniamin,
1971 2529 2227 2584 Hebraeus

685 2632 750 2670 ex
777 2616 1013 2673 Hebmis
1035 2615 1098 2668 ⁸⁷.
1144 2636 1160 2666 ι
1201 2615 1391 2670 Iunior
1425 2633 1550 2672 vero
1578 2617 1795 2678 dicitur.
1833 2620 1945 2674 sive
1972 2621 2228 2673 minimus

685 2717 777 2763 aut
804 2709 1003 2772 brevis,
1034 2708 1159 2778 quia
1200 2709 1250 2761 id
1283 2708 1397 2777 ipse
1450 2710 1685 2763 declarat
1718 2711 1902 2765 dicens
1935 2731 1948 2766 :
1987 2731 2005 2762 ‹
2043 2710 2230 2765 Novis-

686 2803 833 2858 simo
874 2811 1049 2855 autem
1096 2801 1335 2854 omnium
1389 2802 1543 2871 quasi
1581 2802 1825 2857 abortivo
1869 2803 2019 2857 visus
2047 2811 2130 2856 est
2176 2807 2228 2856 et

683 2894 816 2947 mihi
837 2894 902 2948 ⁸⁸.
937 2913 955 2943 ι
1010 2892 1112 2946 Pro
1143 2893 1233 2946 illo
1267 2901 1470 2956 autem,
1510 2911 1528 2944 ι
1560 2895 1615 2946 in
1669 2895 1866 2948 mentis
1911 2909 2161 2957 excessu,
2203 2913 2220 2944 ι

681 2985 873 3055 Aquila
901 3025 916 3050 ,
975 3003 993 3035 ι
1048 2985 1317 3054 imperans
1369 2986 1538 3054 ipsis;
1579 3006 1595 3035 ι
1639 2986 1940 3041 Theodotio
1999 2997 2177 3041 autem
2208 3028 2222 3050 ,

688 3097 706 3127 ι
744 3083 1036 3146 praeceptor
1081 3090 1306 3142 eorum;
1341 3096 1360 3128 ι
1403 3078 1588 3146 quinta
1633 3077 1818 3142 editio,
1872 3097 1891 3129 ‹
1944 3079 2226 3134 instituen-

2329 1976 2459 2034 Εἶτα
2498 1982 2764 2048 ἐπιλέγει·
2794 2000 2812 2031 ‹
2846 1982 2989 2034 Ἐκεῖ
3014 1982 3265 2051 Βενιαμὶν
3304 1980 3562 2050 νεώτερος
3597 1983 3652 2032 ἐν
3682 1980 3850 2031 ἐκστὰ-

2330 2089 2428 2124 σει.
2462 2092 2479 2122 ι
2524 2073 2664 2124 ’Δντὶ
2697 2071 2753 2125 δὲ
2778 2071 2870 2125 τοῦ
2905 2091 2924 2124 ‹
2957 2076 3073 2126 ἐκεῖ
3094 2113 3107 2137 ,
3154 2092 3170 2124 ι
3205 2075 3232 2124 ὁ
3277 2071 3598 2142 Σύμμαχος,
3647 2090 3665 2120 ι
3701 2072 3848 2131 ὅπου,

2328 2164 2490 2233 φησὶ,
2551 2163 2802 2231 Βενιαμὶν
2869 2164 2896 2214 ὁ
2955 2165 3306 2234 μικρότατος·
3349 2181 3368 2214 ι
3427 2161 3520 2213 καὶ
3570 2161 3598 2210 ό
3651 2161 3851 2220 Ἀκύλας

2326 2252 2521 2322 ὁμοίως
2543 2269 2556 2283 ο
2585 2271 2602 2302 ‹
2639 2254 2800 2315 Ἐκεῖ,
2825 2255 2975 2322 φησι,
3003 2254 3255 2324 Βενιαμὶν
3279 2255 3307 2305 ὁ
3329 2251 3549 2322 βραχὺς,
3569 2250 3849 2321 ἐπικρατῶν

2326 2342 2520 2394 αὐτῶν.
2559 2361 2578 2392 ι
2631 2343 2882 2412 Βενιαμὶν
2929 2344 2986 2396 δέ
3027 2343 3282 2415 νεώτερος
3328 2345 3418 2398 καὶ
3472 2342 3777 2413 μικρότατος
3822 2342 3848 2408 ἢ

2329 2433 2654 2503 βραχύτατος
2687 2433 2893 2496 Παῦλος
2922 2430 2988 2504 ἦν
3008 2436 3035 2487 ὁ
3063 2435 3199 2498 θεῖος
3245 2435 3576 2498 Ἀπόστολος,
3608 2435 3767 2505 φυλῆς
3788 2433 3850 2485 ῶν

2327 2525 2597 2593 Βενιαμὶν,
2654 2524 2898 2594 Ἑϐραῖος
2935 2525 2994 2588 ἐξ
3049 2525 3342 2597 Ἐϐραίων,
3384 2525 3561 2589 καθὼς
3604 2526 3755 2588 αὐτὸς
3787 2524 3850 2576 δι-

2327 2615 2506 2668 δάσκει
2555 2615 2758 2683 λέγων⁹
2817 2635 2834 2666 ι
2877 2616 3152 2687 Περιτομὴ
3196 2619 3532 2688 ὀκταήμερος
3576 2616 3638 2668 ἐκ
3681 2616 3850 2682 γένους

2338 2705 2567 2778 Ἰσραὴλ,
2597 2707 2765 2777 φυλῆς
2812 2709 3097 2776 Βενιαμὶν,
3145 2707 3388 2779 Ἐϐραῖος
3430 2707 3487 2773 ἐξ
3533 2706 3845 2778 Ἑϐραίων.»

2327 2795 2598 2868 Νεώτερος
2625 2797 2680 2849 δὲ
2715 2797 2946 2868 εἴρηται,
2976 2797 3381 2868 ἤ¹μικρότατος,
3414 2798 3446 2868 ἢ
3496 2797 3711 2868 βραχὺς,
3745 2797 3850 2848 ἐπεὶ

2327 2889 2418 2940 καὶ
2449 2888 2607 2950 αὐτὸς
2635 2887 2789 2942 τοῦτο
2811 2887 3044 2940 διδάσκει
3070 2887 3240 2955 λέγων
3262 2904 3274 2917 ·
3310 2905 3327 2937 ι
3359 2887 3617 2957 Ὕστερον
3647 2887 3699 2938 δὲ
3729 2886 3847 2937 πάν-

2324 2995 2427 3031 των
2466 2977 2652 3049 ὥσπερ
2685 2978 2761 3048 τῷ
2799 2976 3294 3048 ἐκτρώματιῶφθη
3344 2977 3528 3046 κάμοί.
3563 2996 3581 3027 ι
3636 2976 3768 3028 Ἀντὶ
3802 2975 3847 3028 δὲ

2323 3069 2414 3123 τοῦ
2434 3111 2448 3135 ,
2480 3088 2498 3120 ι
2525 3070 2581 3122 ἐν
2625 3069 2872 3121 ἐκστάσει
2899 3107 2912 3128 ,
2959 3086 2978 3118 ι
3013 3068 3041 3117 ό
3091 3067 3185 3136 μὲν
3221 3065 3476 3132 Ἀκύλας,
3516 3083 3535 3116 ι
3568 3065 3848 3136 ἐπικρατῶν

682 3176 811 3231 tem,
844 3188 861 3219 ι
929 3175 1020 3222 aut
1080 3186 1098 3218 ‹
1137 3166 1438 3234 docentem,
1472 3188 1491 3221 ι
1528 3169 1863 3239 interpretati
1915 3180 2060 3227 sunt.
2115 3171 2224 3239 Nec

2327 3157 2499 3211 αὐτῶν
2519 3175 2531 3186 ο
2563 3175 2580 3206 ι
2613 3159 2639 3209 ό
2667 3156 2720 3207 δὲ
2757 3154 3064 3218 Θεοδοτίων,
3095 3173 3113 3205 ι
3139 3157 3424 3226 παιδευτὴς
3462 3152 3661 3206 αὐτῶν·
3699 3173 3714 3203 ι
3748 3153 3848 3222 ἠδὲ

682 3261 868 3315 multis
923 3261 1101 3315 verbis
1140 3275 1275 3330 opus
1325 3261 1388 3315 ad
1438 3262 1921 3331 comprobandum,
1977 3273 2220 3320 sanctum

651 3349 1015 3420 ‘Apostolum,
1051 3351 1140 3420 qui
1174 3349 1450 3420 Beniamin
1475 3359 1721 3415 vocatur,
1750 3350 2007 3408 Ecclesiis
2053 3355 2225 3423 impe-

682 3454 823 3501 rare,
857 3454 1146 3509 earumque
1177 3447 1556 3510 praceptorem
1591 3457 1731 3496 esse.
1781 3439 1900 3496 Non
1932 3444 2081 3497 solus
2123 3444 2221 3497 ita-

681 3527 785 3601 q‘be
815 3529 1092 3598 Beniamin
1123 3532 1197 3584 ibi
1224 3538 1339 3584 erat
1363 3569 1378 3594 ,
1407 3530 1658 3585 videlicet
1687 3531 1751 3584 ‘in
1798 3529 2056 3587 Ecclesiis
2087 3530 2180 3586 Dei
2205 3549 2220 3598 ;

682 3619 773 3674 sed
802 3619 962 3673 etiam
1005 3637 1023 3668 (
1059 3618 1329 3687 principes
1357 3615 1493 3670 Juda
1519 3618 1687 3672 duces
1710 3633 1917 3682 eorum,
1950 3620 2222 3691 principes

680 3711 956 3772 Zabulon,
1019 3709 1290 3778 principes
1338 3706 1643 3778 Nephthali.
1683 3727 1701 3760 ι
1738 3706 1832 3764 His
1877 3725 2037 3780 porro
2084 3704 2225 3767 indi-

650 3797 874 3851 'cantur
905 3795 1093 3864 reliqui
1118 3796 1366 3864 apostoli,
1393 3810 1623 3865 quorum
1654 3795 1743 3850 alii
1772 3813 1836 3852 ex
1865 3801 2011 3854 tribu
2061 3798 2219 3869 Juda,

682 3887 770 3938 alii
796 3899 861 3938 ex
885 3886 1028 3939 tribu
1049 3885 1307 3951 Zabulon,
1341 3886 1432 3939 alii
1459 3901 1524 3941 ex
1555 3886 1698 3940 tribu
1732 3883 2015 3958 Nephthali
2042 3900 2218 3945 erant.

681 3975 859 4043 Quare
890 3977 1080 4030 horum
1114 3985 1312 4032 terram
1341 3989 1600 4034 memorat
1630 3979 1862 4050 Spiritus
1884 3991 2104 4038 sanctus
2127 3999 2222 4054 per

681 4065 873 4121 Isaiam
928 4066 1238 4135 prophetam
1306 4069 1545 4124 dicens:
1587 4088 1605 4120 ι
1644 4069 1810 4125 Terra
1869 4071 2110 4127 Zabulon
2167 4083 2221 4129 et

682 4172 821 4212 terra
862 4156 1221 4229 Nephthalim,
1267 4159 1407 4211 viam
1453 4160 1617 4214 maris
1645 4200 1659 4222 .
1691 4168 1842 4217 trans
1908 4162 2219 4228 Iordanem,

678 4247 891 4304 Galilma
927 4249 1166 4320 gentium
1188 4248 1251 4301 ".
1292 4267 1309 4299 ι
1347 4249 1462 4318 Ipse
1489 4265 1700 4319 quoque
1752 4253 2004 4308 Servator
2041 4263 2222 4311 trans-

680 4341 797 4396 iens
839 4341 990 4410 iuxta
1040 4355 1188 4395 mare
1218 4338 1470 4407 Galilaaaa,
1503 4341 1701 4395 istbinc
1752 4359 1880 4398 suos
1931 4345 2221 4416 discipulos

679 4434 910 4488 vocavit.
970 4433 1165 4503 Aperte
1211 4434 1389 4502 itaque
1441 4433 1598 4487 docet
1655 4433 1911 4490 Ecclesiis
1961 4438 2222 4508 imperare

2326 3249 2541 3318 πέμπτη
2566 3246 2786 3310 ἔκδοσις,
2818 3266 2834 3298 ι
2859 3247 3634 3318 παιδάὸνταμῆμδιδάσκοντα
3659 3265 3676 3296 ›
3692 3246 3849 3316 ἡρμή-

2323 3355 2533 3393 νευσαν.
2567 3339 2637 3390 UO
2671 3339 2750 3391 δεῖ
2775 3338 2832 3392 δὲ
2860 3341 2988 3409 ἡμῖν
3017 3339 3272 3392 πλειόνων
3304 3339 3474 3406 λόγων
3507 3341 3584 3400 εἰς
3604 3337 3848 3402 ἀπόδειξιν

2321 3427 2412 3482 τοῦ
2445 3431 2661 3499 κρατεῖν
2702 3429 2808 3481 τῶν
2847 3421 3218 3502 Ἕκκλησιῶν,
3253 3431 3344 3483 καὶ
3375 3428 3660 3500 παιδευτὴν
3691 3427 3848 3482 αὐτῶν

2321 3514 2454 3573 εἷναι
2482 3521 2570 3572 τὸν
2603 3520 2740 3591 ἱερὸν
2769 3520 3077 3580 Ἀπόστολον
3103 3520 3354 3591 Βενιαμὶν
3380 3518 3847 3591 ὠνομασμένον.οὑ

2325 3609 2480 3680 μόνος
2513 3609 2569 3662 δὲ
2612 3611 2718 3682 ἄρα
2763 3614 2791 3664 ό
2836 3611 3088 3681 Βενιαμὶν
3117 3608 3182 3680 ἦν
3221 3614 3362 3678 ἐκεῖ,
3396 3611 3591 3683 δηλαδὴ
3641 3612 3700 3664 ἐν
3741 3613 3848 3672 ταῖς

2334 3701 2671 3771 Ἐκκλησίαις
2699 3702 2790 3755 τοῦ
2821 3702 3131 3768 Θεοῦ,“ἀλλά
3174 3703 3265 3755 καὶ
3296 3722 3314 3753 ι
3341 3704 3387 3755 οἱ
3416 3701 3666 3773 ἄρχοντες
3697 3699 3849 3753 Ἰούδα

2297 3783 2580 3864 ⁴ἡγεμόνες
2612 3793 2818 3857 αὐτῶν,
2864 3794 3001 3845 οἵτε
3051 3793 3306 3861 ἄρχοντες
3356 3790 3633 3843 Ζαϐουλὼν
3683 3791 3768 3843 καὶ
3805 3791 3846 3840 οἱ

2319 3885 2574 3955 ἄρχοντες
2600 3883 2928 3953 Νεφθαλείμ.
2959 3884 3029 3952 Ση
3040 3882 3212 3951 μαίνει
3242 3882 3296 3934 δὲ
3327 3884 3354 3933 ὁ
3375 3881 3528 3949 λόγος
3555 3882 3638 3934 διὰ
3666 3879 3848 3932 τούτων

2317 3975 2442 4038 τοὺς
2481 3975 2696 4038 λοιποὺς
2729 3973 3072 4035 ἀποστόλους,
3112 3966 3185 4025 ὧν
3213 3973 3258 4024 oi
3299 3971 3394 4041 μὲν
3425 3968 3561 4041 ἦσαν
3601 3973 3662 4025 ἐκ
3695 3971 3848 4039 φυλῆς

2331 4067 2517 4130 Ἰούδα,
2547 4069 2595 4118 οί
2623 4066 2677 4119 δέ
2705 4067 2768 4118 ἐκ
2801 4063 2972 4133 φυλῆς
2996 4063 3278 4116 Ζαϐουλὼν
3303 4062 3396 4116 καὶ
3420 4057 3746 4132 Νεφθαλείμ.
3769 4061 3848 4112 Διδ

2318 4160 2415 4230 τῆς
2456 4161 2656 4213 τούτων
2696 4159 2961 4232 μέμνηται
3006 4157 3187 4230 χώρας
3232 4157 3292 4209 τὸ
3341 4157 3491 4224 ἅγιον
3525 4157 3736 4227 Πνεῦμα
3770 4154 3848 4206 διὰ

2331 4251 2548 4303 Ἡσαΐου
2569 4251 2664 4303 τοῦ
2690 4236 2961 4320 προφήτου
2996 4248 3148 4317 λέγον
3169 4267 3181 4279 ·
3212 4268 3228 4298 t
3255 4249 3328 4318 Γῆ
3357 4246 3634 4301 Ζαὸουλὼν
3676 4246 3762 4300 καί
3785 4246 3846 4313 ﬁ

2318 4341 2660 4411 Νεφθαλεὶμ,
2712 4341 2825 4393 ὁδὸν
2861 4340 3131 4409 θαλάσσης
3155 4381 3170 4405 ,
3208 4340 3382 4410 πέραν
3423 4338 3514 4391 τοῦ
3576 4339 3844 4408 Ἰορδάνου,

2319 4432 2568 4485 Γαλιλαία
2590 4431 2694 4483 τῶν
2719 4429 2903 4483 ἐθνῶν.
2920 4450 2937 4482 ι
2958 4432 3066 4486 Καὶ
3090 4429 3246 4492 αὐτὸς
3265 4429 3321 4482 δὲ
3345 4431 3371 4481 ό
3390 4428 3596 4498 Σωτὴρ,
3622 4445 3846 4498 παραγα-

682 4526 854 4593 primo
905 4523 1151 4588 Paulum,
1205 4525 1579 4579 brevissimum
1612 4534 1663 4579 et
1695 4527 1973 4580 minimum
1997 4570 2011 4594 ,
2041 4544 2104 4583 ac
2127 4530 2216 4599 ju-

2327 4525 2430 4592 γὼν
2461 4522 2607 4593 παρά
2633 4522 2728 4594 τὴν
2761 4523 3029 4576 θάλασσαν
3057 4522 3155 4591 τῆς
3181 4519 3483 4583 Γαλιλαίας,
3518 4522 3641 4582 τοὺς
3673 4517 3846 4571 ἑαυτοῦ

680 4617 884 4670 niorem
938 4617 1147 4670 wteris
1185 4617 1443 4686 apostolis
1469 4655 1484 4679 ,
1514 4619 1568 4672 in
1615 4617 1810 4671 mentis
1860 4632 2084 4674 excessu
2122 4621 2218 4673 ali-

681 4705 895 4776 quando
926 4706 1181 4776 positum,
1218 4708 1432 4776 quando
1461 4707 1883 4778 persequebatur
1913 4708 2214 4766 Ecclesiam

680 4796 796 4861 Dei,
832 4810 1058 4866 eamque
1091 4799 1353 4861 vastabat,
1386 4799 1499 4853 sive
1547 4799 1762 4868 quando
1801 4799 1858 4852 in
1893 4801 2218 4856 revelatione

666 4887 1010 4942 'Salvatorem
1043 4888 1210 4952 vidit;
1240 4891 1321 4942 vel
1354 4891 1569 4958 quando
1600 4901 1785 4961 raptus
1814 4898 1898 4947 est
1919 4893 1972 4945 in
2005 4894 2220 4962 paradi-

681 4993 796 5031 sum
830 4994 996 5048 usque
1025 4979 1089 5032 ad
1119 4979 1339 5033 tertium
1361 4979 1577 5033 caelum.
1617 4979 1748 5034 Post
1794 4979 2018 5035 Paulum
2065 4998 2216 5046 vero,

680 5077 901 5124 cancros
947 5071 1219 5139 apostolos
1252 5087 1270 5119 ι
1311 5069 1404 5132 ibi,
1445 5088 1462 5120 ι
1501 5070 1706 5124 scilicet
1738 5072 1791 5124 in
1831 5072 1947 5140 ipsa
1978 5071 2219 5128 Ecclesia

679 5168 868 5215 ornate
921 5169 1229 5217 versaturos
1283 5160 1626 5224 vaticinatur,
1672 5163 2050 5232 principesque
2106 5164 2220 5220 fore

663 5261 898 5309 nostros
925 5253 1157 5309 extribu
1188 5253 1347 5318 Iuda,
1377 5268 1439 5308 ac
1469 5254 1741 5324 principes
1776 5252 2037 5321 Zabulon,
2073 5258 2218 5327 prin-

681 5348 827 5416 cipes
857 5344 1162 5416 Nephtbali.
1196 5344 1252 5400 Si
1286 5347 1408 5419 quis
1435 5361 1564 5400 vero
1606 5361 1701 5416 per
1753 5347 1920 5401 otium
1968 5358 2216 5405 accurate

683 5437 1041 5506 perquisierit,
1085 5435 1348 5507 cuiusque
1394 5438 1620 5506 apostoli
1689 5437 1886 5492 tribum
1936 5440 2211 5507 reperiet:

750 5618 794 5650 "
821 5616 1049 5687 Philipp.
1099 5632 1179 5679 Ill,
1219 5617 1272 5670 5.
1344 5616 1428 5670 ⁵⁸1
1456 5586 1580 5670 Cor.
1628 5632 1715 5682 xv,
1749 5616 1801 5670 8.
1876 5614 2048 5670 “Isa.
2081 5633 2155 5680 Ix,
2199 5617 2246 5669 l.

2328 4614 2567 4685 μαθητὰς
2595 4614 2798 4667 ἐνθένδε
2843 4613 3170 4667 ἀνεκαλεῖτο.
3202 4611 3390 4679 Σαφῶς
3421 4606 3513 4662 οὖν
3558 4613 3848 4677 ἐπικρατεῖν

2323 4707 2426 4758 τῶν
2467 4707 2790 4778 Ἐκκλησιῶν
2819 4707 3027 4778 πρῶτον
3060 4708 3154 4777 μὲν
3184 4705 3388 4759 Παῦλον
3415 4703 3505 4757 τὸν
3539 4704 3845 4774 βραχύτατον

2323 4799 2414 4850 καὶ
2445 4798 2789 4870 μικρότατον,
2822 4799 2913 4852 καὶ
2942 4798 3203 4851 νεώτατον
3229 4796 3336 4847 τῶν
3365 4796 3667 4848 ἀποστόλων
3693 4793 3845 4846 ἐδίδα-

2325 4886 2442 4952 ξεν,
2476 4891 2530 4941 ἐν
2579 4890 2829 4943 ἐκστάσει
2858 4891 2985 4945 ποτέ
3027 4889 3341 4958 γενόμενον,
3397 4887 3484 4938 ὅτε
3537 4886 3716 4939 ἐδίωκε
3762 4886 3847 4955 τὴν

2336 4980 2653 5050 Ἐκκλησίαν
2683 4980 2774 5034 τοῦ
2808 4981 2939 5034 Θεοῦ
2959 5021 2973 5045 ,
3017 4980 3110 5031 καὶ
3144 4977 3357 5048 ἐπόρθει
3381 4977 3568 5047 αὐτὴν,
3612 4978 3645 5046 ἦ
3673 4977 3754 5028 ὅτε
3799 4979 3846 5028 ὲν

2323 5073 2651 5140 ἀποκαλύψει
2676 5075 2763 5127 τὸν
2797 5075 3022 5145 Σωτῆρα
3057 5070 3305 5123 τεθέατοο
3341 5069 3374 5138 ἢ
3406 5070 3495 5121 ὅτε
3532 5070 3747 5140 ἡρπάγη
3780 5071 3848 5127 εἷς

2323 5164 2412 5216 τὸν
2460 5165 2777 5237 παράδεισον
2819 5166 2922 5227 ἐως
2963 5162 3142 5234 τρίτου
3193 5161 3446 5232 ούρανοῖν
3503 5164 3636 5231 μετά
3689 5162 3738 5213 δὲ
3769 5159 3847 5214 τὸν

2326 5255 2532 5309 Παῦλον
2569 5259 2696 5319 τοὺς
2743 5256 2960 5316 λοιποὺς
3009 5252 3329 5315 ἀποστόλους
3360 5253 3476 5304 ἐκεῖ
3524 5253 3581 5304 ἐν
3624 5253 3684 5320 τῇ
3723 5248 3844 5313 αὐτῇ

2335 5345 2621 5419 Ἐκκλησία
2685 5347 3002 5419 διαπρέπειν
3054 5342 3325 5408 θεσπίζει,
3393 5341 3654 5413 ἄρχοντας
3707 5339 3845 5394 ὄντας

2323 5441 2616 5512 ἡμετέρους
2647 5441 2708 5494 ἐκ
2734 5439 2903 5510 φυλῆς
2941 5435 3126 5500 Ἰούδα,
3160 5436 3252 5490 καί
3288 5434 3552 5505 ἄρχοντας
3585 5423 3846 5488 Ζαϐουλὼν

753 5773 828 5844 (I)
875 5773 927 5828 Id
973 5782 1054 5828 est
1082 5814 1094 5836 ,
1146 5772 1306 5827 Deum
1337 5773 1482 5827 illum
1525 5787 1630 5828 rue
1665 5772 1714 5823 in
1755 5768 1984 5824 Ecclesia
2019 5770 2317 5840 pra'dicarc.
