3976 6348
93 434 184 488 IIS

1115 387 1130 400 ’
1188 420 1687 481 εοιιιιΕΝτΑιιιΑ
1725 419 1791 476 IN
1831 419 2165 476 PSALMOS.

3163 406 3287 474 ιιι

87 551 172 602 καὶ
203 549 462 632 ἄρχοντας
500 546 831 617 Νεφθαλείμ.
878 547 998 614 Ἐπὶ
1032 547 1220 618 σχολῆς
1246 549 1289 600 δ’
1328 549 1394 602 ἄν
1424 564 1507 609 τις
1539 565 1624 616 φι-

1728 560 1848 598 nam
1882 545 2055 600 cuivis
2089 541 2348 615 qumrcnti
2372 542 2530 596 datur
2557 557 2589 598 ε
2636 541 2921 598 Servatore
2963 542 3263 598 inveniendi

86 642 407 710 λοκαλησας,
462 639 557 710 τὴν
609 637 835 692 ἑκάστου
896 639 1002 691 τῶν
1055 639 1359 692 ἀποστόλων
1410 640 1627 710 εὑρήσει

89 730 283 800 φυλήν·
340 729 458 782 ἐπεὶ
513 731 670 784 παντὶ
719 729 798 799 τῷ
856 729 1099 800 ζητοῦντι
1149 731 1181 800 ή
1230 729 1328 799 τῆς
1368 730 1628 800 εὑρέσεως

85 822 280 874 δέδοται
305 821 406 872 ὑπὸ
425 821 517 873 τοῦ
552 820 798 892 Σωτῆρος
828 820 1143 887 ἐπαγγελία.

157 930 173 961 ι
203 910 489 974 Ἐντειλαι,
520 912 548 961 6
589 910 738 975 Θεὸς,
773 909 868 980 τὴν
896 910 1118 981 δύναμιν
1148 927 1260 974 σου,
1297 911 1627 981 δυνάμωσον,

86 1007 110 1056 6
129 1003 274 1066 Θεὸς,
301 1003 455 1056 τοῦτο
471 1002 499 1055 6
521 1003 864 1073 κατειργάσω
887 1002 1032 1073 ἡμῖν.
1056 1020 1075 1053 ι
1103 1003 1332 1055 Ἔπεται
1353 1001 1629 1057 καὶταῦτα

87 1098 189 1156 τοῖς
236 1094 627 1165 προλεχθεῖσιν.
677 1093 891 1162 Ἐπειδὴ
931 1092 1036 1163 γὰρ
1073 1093 1420 1164 προφητικῶς
1467 1076 1630 1162 προσ-

88 1185 301 1236 έταττεν
333 1187 359 1236 6
396 1183 549 1251 λόγος
575 1186 685 1247 τοῖς
714 1185 1025 1248 ἀποστόλοις
1048 1185 1104 1236 ἐν
1133 1184 1443 1254 ἐκκλησίαις
1479 1184 1628 1237 εὐλο-

89 1276 196 1339 γεῖν
221 1274 312 1326 τὸν
343 1273 562 1345 Κύριον,
593 1275 686 1326 καὶ
732 1274 886 1327 τοῦτο
923 1278 1091 1330 ποιεῖν
1130 1274 1430 1348 μηέτὲρων
1471 1275 1630 1329 τινῶν

88 1367 430 1436 ὁρμωμένους
477 1368 681 1436 λόγων,
716 1369 829 1422 ἀλλ’
878 1371 942 1424 ἐκ
993 1370 1097 1423 τῶν
1146 1370 1331 1440 πηγῶν
1398 1368 1627 1438 Ἰσραὴλ,

91 1457 385 1522 ἀκολούθως
423 1458 558 1529 ὑπὲρ
589 1459 765 1512 αὐτῶν
792 1460 954 1532 εὐχὴν
981 1460 1286 1531 ἀναπέμπει
1321 1459 1381 1514 τὸ
1409 1459 1628 1528 Πνεῦμα

88 1549 143 1599 τὸ
167 1550 512 1619 προφητικὸν,
545 1552 749 1618 φάσκον
772 1570 784 1582 ·
813 1570 830 1603 ι
861 1552 1144 1616 Ἔντειλαι,
1177 1554 1204 1604 6
1237 1551 1384 1617 Θεὸς,
1413 1552 1510 1621 τὴν
1535 1549 1626 1603 δύ-

90 1641 239 1710 ναμίν
284 1657 413 1694 σου·
449 1661 468 1694 ι
511 1643 642 1695 ὡσεὶ
686 1643 1011 1714 σαφέστερον
1061 1634 1278 1713 ἔλεγενέ
1341 1644 1629 1696 Ἐπισπευ-

93 1731 226 1784 σάτω
259 1732 301 1811 ἡ.
319 1731 541 1802 δύναμίς
573 1749 688 1795 σου,
725 1733 816 1785 καὶ
843 1736 1165 1807 συνεργείτω
1196 1737 1305 1798 τοῖς
1343 1734 1593 1805 ἀνδράσιν
1612 1751 1625 1764 ·

91 1821 217 1874 ἀλλά
254 1823 346 1874 καὶ
369 1821 465 1892 ήδη
495 1823 623 1876 ποτὲ
649 1827 712 1894 τῇ
739 1825 882 1894 ίσχύῖ
909 1841 998 1877 σου
1029 1825 1095 1878 δι’
1124 1825 1297 1896 ἔργων
1330 1826 1628 1897 χωρησάτω

91 1915 151 1966 τὰ
179 1914 628 1986 προφητευόμενα
649 1931 662 1943 ·
699 1915 965 1968 καὶτοῦτο
994 1916 1051 1969 δὲ
1077 1916 1105 1968 ὃ
1136 1904 1476 1986 κατείργασω
1505 1904 1632 1986 ἡμῖν

90 2007 150 2074 τῇ
184 2008 245 2075 σῇ
274 2004 434 2076 βουλῇ
467 2006 777 2078 προορίσας,
811 2007 906 2060 καὶ
937 2008 1065 2059 αὐτὸ
1096 2007 1406 2077 δυνάμωσον
1429 2023 1444 2040 ⁸
1486 2008 1632 2069 ὅπως

87 2097 150 2174 τῇ
185 2097 248 2165 σῇ
275 2096 498 2166 δυνάμει
525 2091 702 2168 ἔργοις
742 2097 1127 2169 ἐπιτελεσθείη.
1153 2098 1215 2150 Τί
1245 2098 1300 2150 δὲ
1327 2093 1393 2168 ἦν
1416 2097 1569 2152 τοῦτο
1596 2097 1627 2167 ἢ
1669 2111 1674 2118 ·

91 2184 144 2236 τὸ
173 2184 296 2254 ἑξῆς
346 2187 756 2257 ἐπιφερόμενον,
797 2205 816 2237 ‹
859 2187 978 2239 Ἐπὶ
1019 2187 1109 2240 τὸν
1144 2187 1266 2240 ναόν
1301 2203 1392 2238 σου
1440 2186 1528 2239 τὸν
1575 2181 1631 2238 ἐν

100 2276 560 2349 Ἰερουσαλὴμσώ
588 2277 1066 2349 οἴσουσιξβασιλεῖς
1094 2279 1266 2349 δῶρα;
1300 2298 1318 2329 ι
1344 2278 1500 2332 τοῦτο
1526 2279 1631 2350 γὰρ

91 2368 215 2443 αὐτὸ.
235 2369 696 2458 ἐπαγγειλάμενος
735 2372 866 2441 ἡμῖν
895 2370 1204 2441 δυνάμωσον
1233 2369 1499 2439 γενέσθαι.
1531 2370 1634 2422 Βα-

94 2458 247 2523 σιλεῖς
281 2461 339 2514 δὲ
379 2461 466 2514 διά
493 2461 649 2514 τοῦτο
680 2462 736 2514 αἱ
788 2461 1050 2531 βασιλεῖαι
1087 2462 1186 2530 τῆς
1219 2461 1320 2531 γῆς
1368 2461 1628 2532 εἴρηνται,

90 2548 187 2600 τῶν
207 2549 373 2602 ἐθνῶν
394 2551 643 2604 ἁπάντων
666 2552 850 2628 τοῦτον
880 2554 1284 2622 σημαινομένων
1302 2553 1392 2606 τὸν
1412 2554 1627 2623 τρόπον.

91 2637 232 2700 Νεὼς
268 2639 326 2690 δὲ
350 2640 408 2690 ἐν
447 2639 814 2709 Ἰερουσαλὴμ,
843 2641 925 2708 ἐφ’
951 2640 1009 2692 ὃν
1038 2641 1105 2692 τὰ
1138 2641 1282 2711 δῶρα
1321 2640 1552 2694 οἴσουσιν
1580 2642 1628 2692 οί

94 2729 336 2800 βασιλεῖς,
366 2731 471 2782 οὐδ’
502 2731 685 2801 ἔτερος
737 2731 800 2783 ἂν
840 2730 922 2800 εἵη
955 2731 1052 2801 τῆς
1099 2730 1370 2800 βασιλείας
1411 2731 1516 2784 τῶν
1543 2731 1630 2782 ού-

1729 637 2016 704 prumissio
2036 636 2096 689 '°.

1799 907 1960 972 Vens.
1993 905 2084 959 29.
2124 922 2141 954 ι
2182 903 2394 968 Munda,
2423 902 2586 966 Deus,
2617 901 2800 956 virtuti
2827 908 2971 966 tuae;
3011 901 3265 954 contirma

1681 1003 1687 1007 '
1730 998 1851 1059 hoc,
1883 995 2044 1061 Deus,
2073 994 2216 1065 quod
2250 1001 2504 1064 operatus
2537 993 2686 1066 es_in
2719 991 2895 1047 nobis.
2925 1011 2943 1043 ι
2979 989 3103 1044 Haec
3131 1006 3266 1060 prse-

1729 1087 2045 1142 cedentibus
2101 1093 2513 1139 connectuntur.
2574 1082 2710 1150 Quia
2763 1083 2904 1138 enim
2962 1082 3266 1152 propheticc

1729 1177 2036 1249 praecipitur
2091 1175 2349 1246 apostolis
2395 1175 2450 1228 in
2501 1172 2750 1228 ecclesiis
2810 1171 3130 1244 benedicere-
3166 1168 3267 1222 Do-
3306 1166 3309 1170 ’

1729 1270 1910 1337 mino,
1946 1269 2106 1338 idque
2144 1277 2398 1339 praestare
2442 1281 2550 1320 non
2598 1264 2718 1318 aliis
2752 1262 3088 1319 sermonibus
3116 1277 3267 1316 exoro

1730 1377 1820 1415 sos
1844 1402 1856 1423 ,
1888 1361 1982 1414 sed
2013 1377 2076 1414 ex
2114 1360 2352 1413 fontibus
2406 1357 2604 1422 Israel;
2637 1352 3032 1424 consequenter
3066 1368 3166 1423 pro
3205 1354 3273 1408 iis

1728 1450 2020 1504 orationem
2079 1449 2315 1518 Spiritus
2367 1445 2718 1518 propheticus
2762 1443 3006 1509 eIIundit,
3039 1443 3225 1498 dicens
3254 1433 3294 1498 Ξ.

1732 1562 1749 1591 ι
1790 1540 2003 1606 Manda,
2035 1540 2195 1605 Deus,
2227 1538 2412 1592 virtuti
2440 1547 2587 1598 tuas;
2629 1556 2647 1589 ι
2686 1551 2748 1590 ac
2781 1537 2826 1590 si
2861 1535 3100 1604 apertius
3131 1535 3275 1588 dice-

1728 1640 1808 1687 ret
1845 1652 1856 1686 :
1892 1631 2131 1687 Festinet
2153 1630 2322 1685 virtus
2353 1635 2443 1681 tua
2466 1665 2479 1691 ,
2507 1627 2722 1696 illisque
2749 1626 2880 1681 viris
2905 1633 3224 1696 cooperetur
3248 1641 3262 1688 ;

1692 1712 1824 1778 'sed
1871 1724 1955 1778 vel
1986 1737 2107 1778 sero
2140 1721 2358 1775 tandem
2409 1719 2608 1772 virtute
2659 1724 2752 1770 tua
2806 1731 2926 1786 quae
2965 1717 3275 1786 prophetice

1730 1815 1873 1870 dicta
1903 1820 2029 1870 sunt
2061 1828 2224 1883 npere
2249 1809 2622 1879 compleantur
2648 1826 2661 1862 :
2697 1814 2749 1861 et
2778 1807 2880 1860 boc
2922 1805 3098 1876 ipsum
3127 1807 3270 1875 quod

1733 1913 1987 1976 cperatus
2027 1920 2086 1959 es
2124 1904 2184 1957 in.
2228 1901 2386 1956 nobis
2431 1907 2714 1970 postquam
2756 1897 2998 1950 futurum
3028 1911 3148 1951 esse
3179 1913 3272 1948 vo-

1734 2000 1939 2052 luntate
1966 2006 2055 2050 tua
2096 1995 2402 2054 delinieras,
2435 1993 2694 2046 conﬁrma
2720 2028 2734 2051 ,
2766 1996 2825 2042 ut
2870 1994 3133 2057 potestate
3181 1995 3271 2039 tua

1731 2102 1818 2141 res
1853 2087 1968 2156 ipsa
2012 2083 2342 2154 perﬁciatur.
2373 2080 2511 2147 Quid
2561 2087 2739 2134 autem
2776 2078 2916 2131 aliud
2958 2075 3088 2129 illud
3133 2086 3268 2134 erat.

1730 2193 1890 2250 quam
1922 2177 1974 2231 id
2003 2174 2148 2245 quod
2174 2173 2436 2250 sequitur,
2478 2189 2496 2222 ι
2533 2171 2612 2225 Ad
2642 2170 2894 2240 templum
2930 2178 3075 2221 tuum
3106 2167 3159 2220 in
3182 2165 3272 2219 Je-

1731 2248 1966 2326 rusalem
2010 2267 2108 2322 tibi
2158 2248 2384 2320 oﬂ‘erent
2429 2279 2585 2333 reges
2616 2262 2883 2316 munera?
2921 2281 2939 2312 ι
2979 2259 3091 2314 Hoc
3133 2258 3274 2313 enim

1732 2365 1906 2434 ipsum
1931 2359 2075 2431 quod
2110 2357 2266 2413 nobis
2299 2355 2597 2427 promisisti
2641 2354 2917 2418 conﬁrma,
2957 2360 3016 2406 ut
3047 2351 3272 2406 eveniat.

1734 2456 1905 2526 Reges
1935 2461 2112 2506 autem
2139 2463 2303 2519 regna
2349 2456 2508 2502 terra:
2552 2444 2879 2515 significant,
2915 2457 3020 2513 qua
3055 2437 3277 2521 'ratione

1731 2544 1996 2598 universae
2017 2550 2202 2612 gentes
2234 2532 2559 2592 indicantur.
2592 2536 2871 2605 Templum
2900 2542 3077 2588 autem
3107 2533 3160 2585 in
3188 2530 3278 2585 Je-

1729 2634 1988 2694 rusalem,
2041 2643 2161 2701 quo‘
2198 2629 2442 2684 deferent
2495 2643 2652 2697 reges
2702 2640 2946 2689 munera,
2979 2640 3088 2680 non
3128 2622 3275 2677 aliud

1730 2721 1890 2780 fuerit
1923 2738 2082 2792 quam
2113 2735 2335 2790 regnum
2368 2719 2649 2773 calorum.
2700 2716 2956 2770 Novimus
3007 2715 3272 2784 siquidem

96 2822 288 2894 ρανῶν’
346 2824 502 2894 εἰπερ
554 2824 709 2894 ἴσμεν
768 2823 1112 2894 Ἰερουσαλὴμ
1161 2825 1476 2892 ἐπουράνιον
1500 2808 1528 2887 ,’
1564 2824 1628 2894 ἣν

1728 2815 2024 2871 Jerusalem
2055 2815 2325 2868 cmlestem
2382 2823 2541 2878 quam
2593 2807 2848 2861 iudicavit
2891 2806 3158 2875 quispiam
3189 2804 3274 2857 his

91 2913 277 2980 ἔδειξεν
316 2915 344 2967 6
377 2914 575 2968 εἰπών’
617 2934 634 2966 ι
669 2917 731 2968 Ἦ
762 2916 817 2968 δὲ
848 2917 959 2970 ἄνω
999 2916 1348 2986 Ἰερουσαλὴμ
1372 2915 1630 2988 ἐλευθέρα

1732 2909 1949 2964 verbis:
1981 2925 1999 2957 ι
2029 2905 2102 2960 Ea
2145 2920 2273 2959 vero
2317 2918 2436 2974 quae
2479 2915 2695 2956 sursum
2740 2907 2822 2953 est
2853 2896 3170 2960 Jerusalem,
3207 2895 3274 2947 li-

93 3008 245 3072 ἐστὶν,
272 3007 392 3077 ἥτις
411 3007 528 3060 ἐστὶ
560 3003 940 3079 μήτηρ
970 3008 1120 3070 ι’καὶ,
1152 3026 1170 3058 ι
1196 3007 1629 3080 Προσεληλύθατε

1730 3003 1859 3058 bera
1887 3007 1990 3063 est,
2021 3014 2140 3070 quae
2167 3005 2251 3053 est
2303 3003 2473 3049 mater
2517 3005 2699 3048 nostra
2719 2994 2760 3024 ⁵³
2788 3009 2802 3058 ;
2846 3012 2864 3042 ι
2897 2998 2950 3044 et
2979 3009 2991 3043 :
3020 3006 3039 3039 ι
3085 2989 3278 3042 Αοεεευ

93 3095 221 3150 Σιὼν
242 3087 358 3169 ὄρει
390 3077 654 3160 καὶπόλει
675 3077 809 3150 Θεοῦ
839 3097 1056 3162 ζῶντος,
1100 3077 1449 3170 Ἰερουσαλὴμ
1473 3100 1631 3151 ἐπου-

1730 3089 1882 3145 sistis
1929 3087 1995 3141 ad
2040 3087 2172 3141 Sion
2218 3092 2456 3139 montem
2499 3091 2551 3137 et
2590 3081 2863 3136 civitatem
2912 3078 3004 3134 Dei
3046 3077 3278 3133 viventis

99 3165 284 3260 paviqi.
309 3210 328 3241 ›
380 3190 594 3261 Ταύτης
646 3185 737 3244 οὖν
783 3191 888 3260 τῆς
934 3165 1248 3263 ἐπουρανίου
1295 3165 1497 3256 πόλεως
1543 3194 1632 3246 τοῦ

1735 3180 2031 3238 Jerusalem
2065 3165 2338 3234 coalestem
2361 3178 2425 3230 ".
2464 3195 2482 3227 ι
2516 3174 2666 3241 Quod
2691 3175 2854 3247 igitur
2875 3173 2928 3228 in
2959 3173 3050 3227 illa
3069 3171 3276 3228 caelesti

99 3279 221 3334 Θεοῦ
248 3282 308 3334 τὸ
337 3256 609 3352 ἐξαίρετον
641 3281 735 3333 καὶ
765 3256 1033 3335 ἀνῶτατον
1062 3256 1155 3334 καὶ
1180 3285 1418 3353 κρεῖττον
1444 3285 1472 3335 6
1505 3281 1632 3344 νεώς

1739 3269 1830 3325 Dei
1876 3270 2090 3324 civitate
2143 3267 2505 3347 praestantius,
2551 3264 2836 3319 sublimius
2875 3269 2929 3316 et
2967 3256 3159 3316 melius
3184 3261 3271 3314 hc.-

93 3375 194 3425 ἐστι
218 3373 309 3426 τοῦ
344 3373 496 3426 Θεοῦ.
539 3373 658 3425 Ἐπὶ
686 3367 870 3426 τοῦτον
900 3373 1073 3427 τοίνυν
1100 3374 1188 3426 τὸν
1220 3373 1353 3427 νεών
1380 3390 1493 3436 σου,
1530 3391 1633 3444 φη-

95 3463 186 3528 σὶν,
235 3463 318 3515 σοὶ
361 3463 562 3516 οἴσουσι
596 3463 830 3532 βασιλετς
873 3462 1047 3532 δῶρα·
1089 3466 1136 3516 οί
1187 3465 1283 3534 τὴν
1326 3455 1511 3534 λοιπὴν
1543 3463 1635 3534 δη-

93 3552 209 3623 λαδὴ
241 3553 391 3604 πόλιν
415 3553 514 3623 τὴν
542 3551 856 3622 ἐπουράνιον
900 3552 1170 3616 οἰκοῦντες
1201 3553 1433 3623 βασιλεῖς
1463 3553 1630 3619 ὄντες,

94 3644 168 3696 διὰ
193 3643 251 3696 τὸ
274 3643 640 3716 κατηξιῶσθαι
668 3643 767 3712 τῆς
797 3629 1069 3713 βασιλείας
1091 3645 1196 3698 τῶν
1243 3645 1503 3716 οὐρανῶν,
1541 3646 1633 3698 καὶ

92 3735 169 3788 διὰ
193 3735 348 3790 τοῦτο
369 3733 778 3806 συμϐασιλεύειν
798 3734 875 3805 τῷ
898 3727 1104 3789 ἑαυτῶν
1135 3736 1340 3807 Κυρίῳ.
1375 3755 1393 3787 ι
1432 3737 1495 3788 EI
1526 3737 1632 3807 γάρ

95 3828 513 3899 συναπεθάνομεν
535 3869 550 3892 ,
580 3828 672 3880 καὶ
719 3825 1021 3898 συζήσομεν
1046 3869 1060 3892 ,
1091 3829 1187 3882 καὶ
1215 3830 1262 3880 εί
1297 3829 1633 3898 ὑπομένομεν

91 3919 230 3985 Θεὸν,
263 3921 355 3974 καὶ
391 3918 902 3991 συμϐασιλεύσομεν.
942 3938 961 3970 ι
987 3914 1142 3972 Οὗτοι
1171 3915 1262 3973 οὖν
1299 3920 1348 3972 οἱ
1378 3918 1630 3989 βασιλεῖς,

91 4016 156 4080 ὡς
184 4017 246 4071 ἂν
276 4018 379 4087 ὑπὸ
429 4016 646 4087 μεγάλῳ
684 4015 928 4086 ἀρχιερεῖ
961 4013 1038 4083 τῷ
1071 4012 1360 4080 Μονογενεῖ
1383 4009 1476 4063 τοῦ
1500 4010 1631 4062 Θεοῦ

92 4110 529 4182 λειτουργοῦντες,
558 4112 718 4179 ἱερεῖς
739 4125 797 4161 τε
822 4107 988 4168 ὄντες,
1017 4107 1109 4157 καὶ
1131 4105 1280 4158 αὐτοὶ
1306 4104 1450 4176 δῶρα
1476 4120 1634 4173 προσ-

92 4203 312 4256 οίσουσιν
340 4204 420 4264 εἰς
460 4203 548 4254 τὸν
583 4200 706 4254 ναὸν
745 4198 907 4251 αὑτοῦ
934 4199 1024 4250 τὸν
1055 4197 1388 4266 ἐπουράνιον,
1421 4212 1631 4247 συνεισ-
1702 4252 1704 4255 τ

94 4295 355 4365 ερχόμενοι
395 4293 472 4362 τῷ
512 4292 727 4364 μεγάλῳ
757 4293 1017 4363 ἀρχιερεῖ.
1047 4289 1232 4351 Ὅπως
1265 4286 1321 4340 δὲ
1353 4286 1507 4339 τοῦτο
1538 4287 1631 4354 γέ-

93 4385 237 4459 νηται
259 4390 349 4441 καὶ
374 4387 437 4439 δι’
464 4386 637 4456 ἔργων
661 4385 1006 4456 προχωρήσῃ,
1034 4379 1340 4448 ἀναγκαίως
1365 4379 1633 4448 ἐπηύξατο

95 4479 274 4533 εἰπών’
311 4497 329 4530 ι
367 4477 654 4538 Ἐντειλαι,
683 4477 712 4527 6
744 4473 896 4543 Θεὸς,
938 4472 1032 4542 τὴν
1069 4469 1289 4538 δύναμίν
1324 4485 1437 4533 σου,
1477 4468 1632 4520 δυνά-

97 4589 291 4640 μωσον,
333 4573 360 4625 6
391 4567 541 4634 Θεὸς,
575 4568 729 4623 τοῦτο
760 4567 788 4620 ὅ
827 4561 1164 4634 κατειργάσω
1208 4562 1354 4631 ἡμῖν.
1393 4580 1411 4612 ι

163 4684 179 4715 ι
200 4664 368 4717 Ἑπιτί
374 4681 446 4733 μη
454 4680 544 4715 σον
558 4663 669 4724 τοῖς
687 4658 891 4732 θηρίοις
904 4655 996 4709 τοῦ
1015 4648 1254 4722 καλάμου
1265 4695 1277 4706 .
1291 4671 1308 4703 ι
1320 4653 1525 4721 Ὥσπερ
1541 4649 1634 4720 ηὖ-

95 4755 212 4820 ξατο
228 4757 550 4826 συνεργῆσαι
562 4757 673 4817 τοῖς
685 4744 1245 4824 προλεχθεῖσινείπώψ
1267 4759 1285 4793 ι
1300 4743 1583 4801 Ἐντειλαι,
1607 4744 1634 4794 6

94 4848 231 4913 Θεὸς,
258 4850 354 4922 τὴν
378 4849 602 4918 δύναμίν
623 4862 735 4899 σου’
757 4864 782 4896 ν
806 4844 898 4898 καὶ
915 4839 1283 4908 «Δυνάμωσον,
1302 4836 1328 4887 6
1343 4833 1491 4904 Θεὸς,
1516 4832 1633 4885 τοῦδ

94 4939 183 4991 τοδ
208 4942 689 5011 ωτειργάσωήμῖν
708 4956 723 4969 ·
758 4957 776 4989 ι
803 4935 944 4989 οὕτω
959 4932 1116 4986 ’τάλιν
1141 4926 1350 4998 εὔχεται
1369 4926 1435 4978 τά
1457 4925 1598 4978 κωλύ
1615 4956 1630 4964 -

100 5047 230 5098 ματα
255 5031 491 5085 ἐκποδὼν
519 5030 746 5103 ἀρθῆναι
785 5028 849 5080 ἐκ
893 5025 1076 5096 μέσου,
1103 5022 1248 5078 ὅπως
1291 5015 1578 5079 ἀκωλύτως
1604 5019 1631 5068 ὁ

95 5121 237 5189 λόγος
283 5123 569 5197 διαδράμῃ.
618 5119 867 5194 Συνεώρα
912 5116 1018 5188 γὰρ
1061 5114 1125 5185 τῇ
1167 5108 1464 5181 προγνώσει
1506 5108 1631 5169 τοὺς

100 5212 366 5282 μέλλοντας
411 5210 791 5270 ἐπανίστασθαι
831 5209 907 5280 τῷ
951 5201 1280 5283 εύαγγελικῷ
1319 5198 1627 5271 κηρύγματι

96 5292 345 5377 διωγμοὺς
371 5306 464 5358 καὶ
488 5306 610 5367 τοὺς
645 5290 863 5376 νοητοὺς
899 5300 1089 5371 θῆρας,
1117 5291 1189 5351 ὧν
1214 5293 1408 5366 ηὔχετο
1435 5292 1630 5363 ρυσθῆ-

99 5414 175 5448 ναι
203 5395 438 5449 ὁείπώψ
477 5412 495 5444 ι
532 5392 623 5463 Μὴ
656 5390 908 5462 παραδῷς
950 5393 1060 5452 τοῖς
1103 5384 1305 5457 θηρίοις
1341 5380 1514 5450 ψυχάς
1546 5380 1631 5444 ἐξ·

53 5517 59 5524 ·
101 5487 512 5559 ομολογουμὲνας
574 5500 687 5537 σοι·
727 5502 746 5534 ι
784 5482 944 5554 θηρία
985 5481 1042 5544 δὲ
1096 5477 1335 5545 καλάμου
1388 5471 1626 5540 νοήσεις,

105 5582 272 5650 μαθὼν
298 5579 403 5635 ἀπὸ
427 5578 518 5632 τοῦ
558 5575 674 5629 Ἰὼϐ
703 5576 848 5638 ὅπως
873 5575 1080 5644 εἴρηται
1111 5569 1214 5624 ύπό
1238 5566 1330 5619 τοῦ
1351 5561 1590 5616 διαϐόλου
1611 5578 1623 5590 ·

106 5692 121 5723 I
167 5674 295 5728 Ὑπὸ
321 5669 628 5728 παντοδαπά
669 5666 856 5736 δένδρα
903 5666 1175 5734 κοιμᾶται,
1211 5656 1355 5712 παρὰ
1383 5653 1628 5707 πάπυοον

162 5829 202 5861 ⁵⁸
229 5830 408 5885 Matth.
443 5800 535 5892 vn,
570 5827 618 5892 7,
658 5825 712 5880 8.
782 5825 825 5856 ⁸¹
854 5779 1025 5876 Galat.
1063 5837 1134 5883 tv,
1165 5818 1252 5873 26.
1329 5817 1370 5846 "
1399 5811 1561 5867 Hebr.
1597 5825 1692 5863 xu.
1724 5805 1812 5859 2‘2.
1890 5801 1935 5833 "
1963 5799 2002 5852 II
2029 5797 2168 5852 Tim.
2205 5811 2266 5872 ιι,
2301 5791 2384 5854 II,
2417 5786 2499 5842 12.
2575 5785 2620 5816 ⁸⁵
2647 5781 2788 5837 Psal.
2814 5793 3002 5892 LX:I1I.

327 5930 592 5986 ΡΑτιοι..
639 5925 756 5983 Ωιι.
803 5918 1036 5983 XXIII.

1733 3362 1909 3424 betur,
1942 3360 2197 3430 templum
2242 3358 2332 3413 Dei
2362 3367 2464 3412 est.
2507 3358 2564 3411 In
2590 3356 2690 3408 hoc
2717 3354 2916 3424 templo
2938 3363 3050 3418 tuo,
3082 3352 3277 3423 inquit,

1733 3453 1830 3506 tibi
1891 3451 2117 3506 oﬂ‘ere'nt
2165 3465 2319 3519 reges
2399 3446 2780 3515 munera:qui
2847 3445 3056 3498 scilicet
3118 3444 3280 3500 aliam

1733 3542 1878 3595 illam
1932 3540 2202 3593 civitatem
2259 3538 2534 3592 caelestem
2591 3535 2873 3595 incolunt,
2925 3547 3064 3607 vere
3099 3530 3278 3600 reges,

1731 3633 1858 3702 quia
1929 3645 2095 3700 regno
2171 3630 2430 3683 caelorum
2509 3626 2712 3697 dignati
2801 3631 2974 3689 sunt;
3051 3621 3279 3692 ideoque

1733 3740 1836 3779 una
1898 3739 2020 3778 cum
2093 3721 2319 3776 Domino
2372 3735 2472 3774 suo
2529 3725 2775 3789 regnant.
2815 3735 2832 3767 ι
2868 3713 3003 3768 Nam
3044 3713 3089 3769 si
3130 3728 3281 3768 com~

1731 3816 1928 3872 mortui
1958 3830 2179 3880 sumus,
2229 3821 2285 3868 et
2330 3813 2695 3874 convivemus,
2755 3817 2808 3863 et
2842 3810 2888 3864 si
2947 3809 3280 3864 sustinemus

1731 3907 1897 3963 Deum
1948 3915 2000 3960 et
2051 3899 2587 3972 conregnabimus”.
2625 3918 2642 3950 ι
2681 3896 2743 3950 ιιι
2782 3897 2960 3965 itaque
2986 3909 3159 3964 reges,
3195 3905 3282 3946 ut-

1731 4007 1851 4068 pote
1878 3997 1970 4067 qui
1997 3977 2098 4051 sub
2131 3990 2690 4063 magnosacerdmum
2723 3988 2965 4058 principe
2994 3984 3282 4054 Unigenito

1730 4089 1825 4143 Dei
1854 4087 2211 4142 ministerium
2237 4085 2451 4147 obeant,
2478 4091 2532 4136 et
2563 4081 2872 4147 sacerdotes
2896 4078 3026 4139 sint,
3058 4088 3282 4130 munera

1729 4187 1782 4234 et
1814 4177 1916 4248 ipsi
1945 4176 1999 4230 in
2027 4175 2283 4244 templum
2332 4174 2449 4243 ejus
2479 4171 2696 4226 caeleste
2735 4168 2978 4226 afferent,
3003 4177 3110 4216 uua
3144 4172 3280 4215 'cum

1731 4284 1927 4340 magno
1957 4266 2297 4322 sacerdotum
2327 4263 2570 4334 principe
2620 4261 2972 4314 introeuntes.
3005 4253 3073 4307 Ut
3100 4264 3278 4308 autem

1733 4363 1834 4416 hoc
1861 4361 1953 4414 liat
1979 4365 2032 4414 et
2057 4371 2220 4426 opere
2249 4353 2600 4423 compleatur,
2637 4346 2956 4422 necessario
2983 4343 3062 4398 sic
3090 4355 3281 4412 preca-

1734 4458 1819 4506 tus
1843 4457 1926 4504 est
1954 4467 1967 4502 :
2005 4466 2023 4498 ι
2057 4444 2279 4508 blanda,
2302 4441 2461 4503 Deus,
2495 4437 2683 4493 virtuti
2707 4444 2809 4489 tua:
2829 4452 2843 4494 :
2864 4432 3122 4488 conlirma
3150 4430 3276 4496 hoc,

1664 4531 1708 4585 Ῑ)
1736 4543 1897 4608 Deus,
1928 4539 2073 4609 quod
2103 4543 2356 4605 operatus
2381 4547 2441 4586 es
2469 4530 2522 4584 in
2549 4527 2726 4582 nobis.
2763 4545 2780 4577 ι

1804 4631 1969 4687 Vsus.
2002 4631 2062 4684 51
2098 4629 2183 4682 55.
2229 4644 2247 4675 ι
2286 4623 2504 4690 Iucrepa
2540 4618 2680 4674 feras
2709 4615 3013 4672 arundinis.
3044 4635 3060 4666 ι
3081 4613 3281 4680 Quem-

1689 4722 2020 4780 “admodum
2063 4727 2312 4788 precatus
2359 4714 2556 4777 fuerat,
2595 4720 2652 4769 ut
2701 4709 2988 4780 praedictos
3034 4705 3283 4763 homines

1733 4817 2012 4888 adjuvaret
2042 4797 2229 4866 dicens
2273 4828 2284 4862 :
2342 4825 2360 4857 ι
2384 4806 2600 4866 blanda,
2647 4803 2809 4867 Deus,
2839 4801 3028 4855 virtuti
3082 4807 3222 4861 tuae;
3257 4817 3274 4847 ι

1733 4919 1785 4966 et
1807 4950 1821 4972 ,
1857 4927 1874 4958 ι
1897 4904 2171 4961 Conlirma
2196 4901 2319 4964 hoc,
2349 4898 2513 4958 Deus,
2545 4895 2688 4967 quod
2718 4901 2972 4965 Operatus
3002 4906 3060 4945 es
3091 4890 3143 4941 in
3180 4904 3281 4943 no-

1735 5003 1851 5065 bis;
1879 5018 1895 5051 ι
1934 4998 2012 5053 sic
2042 4993 2202 5048 modo
2237 4999 2508 5063 precatur,
2544 4997 2602 5042 ut
2633 4987 2817 5042 obices
2857 4983 2924 5039 de
2961 4981 3146 5065 medio
3179 4980 3280 5034 tol-

1734 5096 1932 5159 lantur,
1993 5095 2046 5144 et
2107 5089 2224 5143 sine
2284 5083 2666 5152 impedimento
2731 5091 2908 5134 sermo
2973 5083 3270 5144 percurrat.

1733 5183 2075 5243 Prascientia
2103 5183 2300 5252 quippe
2325 5184 2545 5233 noverat
2576 5190 2669 5230 eas
2695 5188 2814 5242 qua:
2844 5169 3105 5223 adversus
3135 5181 3273 5236 pra:-

1733 5277 2057 5334 dicationem
2100 5269 2462 5340 evangelicam
2498 5261 2796 5320 excitanda:
2834 5263 2986 5310 erant
3019 5269 3272 5323 persecu-

1728 5374 1924 5433 tiones,
1958 5363 2387 5436 ~spiritualesque
2425 5358 2588 5418 feras,
2643 5370 2673 5407 a
2717 5349 2916 5419 quibus
2945 5348 3079 5415 eripi
3112 5359 3270 5413 roga-

1730 5466 1821 5518 bat
1870 5461 1958 5515 ille
1985 5459 2078 5528 qui
2118 5458 2230 5510 haec
2262 5453 2582 5523 loquebatur
2623 5466 2635 5500 :
2689 5441 2806 5496 «Ne
2841 5440 3025 5495 tradas
3080 5437 3269 5491 bestiis

1730 5555 1937 5610 animas
1983 5549 2300 5604 conﬁtentes
2355 5539 2566 5596 tibi“.i
2631 5536 2760 5601 Qua:
2810 5533 2917 5588 sint
2979 5529 3081 5581 illa:
3142 5528 3275 5580 [erae

1731 5628 2012 5702 arundinis
2042 5639 2330 5707 intelligas.
2368 5637 2412 5688 si
2459 5647 2488 5684 a
2516 5630 2615 5683 Job
2650 5627 2864 5682 ediscas
2905 5620 3034 5691 quid
3065 5619 3265 5673 dictqu

3035 5775 3119 5828 I9.

2887 5873 2962 5930 23
