3950 6342
678 437 779 492 7η

1338 431 1604 491 EUSEBII
1643 431 2113 490 CESARIENSlS
2148 432 2296 489 OPP.
2335 433 2514 489 PARS
2552 434 2637 489 lﬂ.
2676 458 2747 479 -—
2784 388 3195 513 ESEGETICA.
3788 439 3870 493 7l5

674 558 743 615 de.
767 556 981 612 diabolo
1013 555 1081 610 sit
1114 573 1125 608 :
1149 573 1176 605 ιι
1215 554 1328 609 Sub
1365 558 1541 609 omnis
1561 557 1773 625 generis
1795 554 2080 609 arboribus
2101 553 2213 607 dor-

2329 556 2420 608 καὶ
2460 555 2695 626 κάλαμον
2731 556 2824 609 καὶ
2867 555 3144 627 βούτομον.
3184 574 3205 608 ι
3236 555 3311 610 Ού
3358 555 3465 627 γάρ
3506 554 3653 625 παρά
3702 555 3867 625 συκῆν,

680 650 797 715 mit,
826 650 977 718 juxta
1006 663 1290 719 papyrum,
1324 649 1594 701 calamum
1626 655 1679 701 et
1708 648 2056 701 caricem".n
2114 645 2229 700 Non

670 741 821 807 juxta
854 739 1035 803 ﬁcum,
1064 740 1253 801 vitem,
1304 741 1475 793 oleam
1530 748 1622 791 aut
1676 739 1929 806 palmam,
1966 745 2058 790 aut
2102 739 2229 806 quid

674 834 741 887 iis
762 832 939 887 si'mile
967 871 980 893 ,
1014 832 1106 886 sed
1129 831 1283 900 juxta
1306 845 1587 901 papyrum,
1619 830 1886 882 calamum
1915 838 1968 881 et
1995 829 2227 880 caricem

672 922 953 990 quiescere
992 921 1169 990 ipsum
1210 921 1316 982 ait,
1350 920 1616 978 inﬁrmas.
1654 918 1877 987 frigidas
1913 917 2229 985 nullumque

674 1014 905 1067 fructum
940 1013 1142 1067 bonum
1188 1010 1538 1080 .proferentes
1584 1012 1793 1064 animas
1847 1009 1931 1063 his
1982 1009 2231 1064 s'ubindi—

671 1118 841 1169 cans;
878 1103 1032 1167 juxta
1060 1102 1181 1155 illas
1213 1101 1412 1171 quippe
1439 1102 1603 1156 draco
1635 1102 1969 1171 quiescebat.
2018 1100 2227 1155 Truces

670 1204 847 1245 autem
884 1193 985 1245 illa:
1038 1191 1164 1248 ferte
1209 1192 1513 1254 arundinis,
1546 1201 1675 1246 sunt
1719 1190 2047 1248 adversariae
2080 1201 2227 1261 pote-

670 1294 858 1347 states,
890 1283 1109 1351 maligni
1143 1283 1436 1347 damones,
1492 1294 1546 1337 et
1590 1285 1848 1338 venenosi
1894 1285 2225 1354 reptilesque

668 1378 913 1446 spiritus,
944 1390 1084 1444 quos
1118 1381 1175 1427 ut
1205 1374 1445 1443 increpet
1489 1374 1652 1436 Deus,
1706 1373 1945 1444 Spiritus
1996 1384 2224 1429 sanctus

667 1477 820 1536 rogat
849 1468 999 1521 hisce
1029 1466 1241 1521 verbis:
1280 1484 1299 1516 ι
1323 1465 1546 1536 lncrepa
1581 1466 1723 1521 feras
1760 1468 2066 1523 arundinis.
2102 1489 2119 1519 ι
2161 1468 2223 1521 Et

665 1560 1137 1630 congregationem
1184 1567 1495 1626 taurorum;
1542 1563 1675 1625 sive,
1717 1563 2015 1618 secundum
2066 1564 2223 1634 Sym-

665 1648 937 1711 machum,
1005 1659 1243 1725 cccetum
1297 1652 1791 1721 pra‘grandiump
1847 1669 2047 1709 vaccas
2094 1656 2220 1709 item

664 1742 983 1811 populorum
1021 1743 1287 1812 increpari
1322 1743 1561 1812 postulat
1608 1763 1620 1797 :

665 1837 912 1904 pulorum
982 1844 1035 1890 et
1102 1838 1265 1897 tauri,
1333 1845 1457 1891 sunt
1517 1838 1552 1891 ii
1628 1837 1767 1892 inter
1846 1836 2066 1892 Judaeo's
2129 1837 2219 1906 qui

664 1928 815 1981 verbi
868 1936 1243 1996 persecutores
1292 1936 1439 1982 sunt.
1503 1927 1598 1981 llis
1644 1929 1790 1982 aliud
1819 1944 1956 1997 opus
1996 1928 2224 1998 subjun-

662 2024 827 2089 gitur,
868 2029 963 2073 «ut
987 2020 1343 2074 excludantur
1385 2020 1421 2071 ii
1459 2020 1551 2088 qui
1578 2022 1787 2088 probati
1832 2028 1961 2075 sunt
2018 2035 2219 2089 argen-

662 2120 752 2166 to:
780 2129 795 2160 ι
841 2110 983 2179 quod
1025 2108 1286 2176 liquidius
1329 2109 1563 2179 explicat
1596 2108 1953 2180 Symmachus
1996 2107 2215 2161 dicens:

666 2202 806 2268 «Qui
839 2201 1078 2256 calcibus
1127 2202 1332 2270 pellunt
1360 2218 1457 2257 eos
1485 2201 1578 2271 qui
1623 2201 1839 2270 probati
1884 2207 2011 2255 sunt
2054 2200 2213 2270 quasi

658 2293 980 2361 probatione
1026 2294 1289 2364 argenti.»
1348 2291 1411 2345 Hi
1460 2307 1694 2362 namque
1722 2292 1891 2355 tauri,
1928 2299 1981 2345 et
2012 2306 2217 2345 memo—

659 2394 789 2437 ratae
820 2398 1017 2447 vacem,
1052 2398 1079 2436 a
1117 2382 1244 2437 feris
1280 2381 1567 2436 arundinis
1606 2382 1842 2451 agitatae,
1896 2382 2104 2435 nullum
2139 2366 2219 2433 la-

662 2477 837 2544 pidem
863 2492 971 2529 non
994 2482 1231 2537 movent,
1266 2481 1322 2527 ut
1365 2475 1541 2527 sancti
1573 2472 1664 2527 Dei
1696 2490 1722 2525 a
1749 2489 1842 2542 spe
1872 2474 1974 2526 sibi
2014 2487 2216 2542 propo-

660 2571 763 2622 sita
813 2567 1189 2624 deturbentur.
1234 2567 1421 2621 Sancti
1451 2580 1579 2620 vero
1614 2564 1705 2619 Dei
1734 2576 1859 2618 sunt
1882 2565 1975 2634 qui
2005 2563 2215 2635 probati

660 2668 786 2715 sunt
823 2667 1070 2730 argento.
1111 2657 1577 2725 Quemadmodum
1621 2656 1766 2710 enim
1818 2675 1835 2707 ι
1860 2658 2073 2727 eloquia
2112 2654 2217 2710 Do-

658 2752 790 2806 mini
820 2759 993 2813 casta,
1025 2758 1307 2820 argentum
1340 2750 1462 2821 igne
1491 2749 1965 2817 examinatum";
1994 2771 2013 2801 ο
2055 2748 2139 2804 sic
2162 2756 2215 2803 et

656 2846 900 2899 homines
940 2842 1033 2899 Dei
1090 2844 1299 2913 probati
1357 2850 1486 2895 sunt
1540 2849 1599 2896 ut
1662 2849 1991 2912 argentum:
2044 2854 2215 2909 quare

653 2940 873 2992 dicunt:
912 2957 929 2989 ι
953 2935 1205 2991 Probasti
1233 2950 1353 2998 nos,
1386 2933 1547 2995 Deus.
1594 2935 1716 3004 igne
1760 2949 1862 2991 nos
1894 2932 2212 2989 examinasti

655 3029 795 3083 sicut
824 3028 1163 3082 examinatur
1213 3032 1495 3096 argentum
1516 3026 1615 3077 ⁸⁷.»
1660 3025 1827 3097 Igitur
1874 3025 1999 3081 fera:
2048 3040 2215 3079 arun-

2332 648 2449 700 οὐδὲ
2484 648 2631 718 παρά
2655 648 2915 718 ἄμπελον,
2942 650 3060 715 οὐδὲ
3112 648 3261 718 παρὰ
3307 646 3571 718 ὲλαίαν,ῆ
3598 646 3869 717 φοίνικα,ἠ

2330 754 2383 790 τι
2427 737 2533 791 τῶν
2576 739 2783 803 τούτοις
2830 739 3246 811 παραπλησίων,
3295 736 3428 791 ἀλλά
3458 738 3608 807 παρὰ
3650 736 3869 808 πάπυρον

2331 831 2422 883 καὶ
2454 829 2693 900 κάλαμον
2724 833 2815 883 καὶ
2840 831 3095 901 βούτομον
3125 828 3493 884 ἀναπαύεσθαί
3523 846 3683 900 φησιν
3710 830 3868 890 αὐτὸν,

2329 923 2427 984 τὰς
2450 922 2676 985 ἀτόνους
2707 925 2801 976 καὶ
2828 923 3127 993 καθύγρους
3152 924 3243 975 καὶ
3274 921 3481 993 μηδένα,
3505 922 3711 992 καρπὸν
3735 922 3869 989 ἀναγ-

2332 1014 2481 1064 καῖον
2532 1012 2908 1083 προφερούσας
2952 1012 3127 1082 ψυχὰς
3188 1012 3374 1066 τοῦτον
3422 1012 3761 1082 αἰνιξάμενος
3793 1012 3869 1063 τὸν

2328 1104 2556 1175 τρόπον·
2612 1104 2760 1175 παρὰ
2806 1104 3080 1168 τοιαύταις
3123 1104 3231 1176 γάρ
3273 1102 3572 1156 ἀνεπαύετο
3602 1105 3629 1156 ό
3659 1102 3865 1172 δράκων.

2328 1196 2486 1255 Δεινά
2518 1195 2573 1248 δὲ
2598 1195 2759 1266 θηρία
2783 1196 3026 1267 καλάμου
3060 1198 3407 1267 τυγχάνουσιν
3436 1198 3491 1249 αί
3527 1195 3867 1265 ἀντικείμεναι

2325 1287 2600 1358 δυνάμεις,
2641 1288 2695 1340 οἵ
2728 1305 2786 1341 τε
2836 1289 3058 1360 πονηροὶ
3096 1288 3343 1358 δαίμονες
3378 1287 3472 1342 καὶ
3498 1287 3567 1341 τὰ
3600 1287 3769 1340 ἰοδόλα
3790 1288 3868 1339 καὶ

2326 1377 2627 1449 ὲρπυστικὰ
2670 1377 2974 1449 πνεύματα,
3022 1372 3103 1441 οἷς
3146 1378 3464 1448 ἐπιτιμῆσαι
3513 1377 3603 1429 τὸν
3654 1377 3777 1430 Θεὸν
3819 1376 3867 1429 τὸ

2325 1470 2543 1541 Πνεῦμα
2570 1470 2632 1522 τὸ
2665 1471 2815 1538 ἅγιον
2844 1470 2930 1523 διὰ
2960 1470 3066 1523 τῶν
3098 1471 3231 1541 μετὰ
3255 1472 3440 1541 χεῖρας
3465 1468 3682 1539 εὔχεται
3712 1469 3863 1537 λέγον·

2329 1579 2347 1610 ι
2400 1561 2750 1631 Ἐπιτίμησον
2791 1564 2902 1626 τοῖς
2946 1561 3153 1633 Θηρίοις
3200 1562 3293 1614 τοῦ
3337 1560 3605 1629 καλάμου.
3638 1578 3655 1610 ι
3690 1560 3790 1612 Καὶ
3810 1564 3863 1629 τῇ

2326 1657 2607 1723 συναγωγῇ
2657 1653 2712 1706 δὲ
2761 1652 2868 1705 τῶν
2914 1653 3145 1724 ταύρων,
3186 1653 3240 1723 ἢ,
3270 1651 3409 1706 κατά
3456 1651 3546 1704 τὸν
3582 1650 3864 1723 Σύμμαχον,

1690 1759 1865 1799 vacca:
1898 1753 2078 1799 autem
2127 1760 2213 1814 po-

2330 1762 2347 1795 t
2384 1746 2583 1814 συνόδῳ
2630 1744 3029 1815 παμμεγέθων,
3077 1764 3095 1795 ι
3149 1744 3241 1797 καὶ
3292 1747 3413 1809 ταῖς
3467 1742 3725 1814 δαμάλεσι
3775 1741 3866 1795 τῶν

2320 1836 2461 1890 λαῶν
2516 1837 2837 1907 ἐπιτιμῆσαι
2887 1836 3149 1888 ἱκετεύει·
3201 1836 3459 1906 δαμάλεις
3505 1836 3562 1889 δὲ
3607 1834 3745 1888 λαῶν
3785 1836 3864 1888 καὶ

2320 1925 2508 1998 ταῦροι
2556 1927 2605 1979 οἱ
2659 1927 2806 1998 παρά
2849 1927 3120 1991 Ἰουδαίοις
3175 1928 3279 1980 εἰσὶ
3317 1928 3540 1981 διῶκται
3574 1926 3667 1980 τοῦ
3703 1928 3862 1994 λόγου.

2326 2011 2430 2070 Ὠν
2478 2018 2652 2089 ἔργων
2695 2019 2755 2071 τὸ
2805 2017 2933 2087 ἑξῆς
2974 2017 3349 2090 ἐπιλεγόμενον
3387 2023 3444 2073 ὲν
3488 2018 3584 2090 τῷ,
3615 2039 3633 2072 ι
3663 2020 3753 2073 τοῦ
3793 2022 3866 2072 ὲκ-

2286 2102 2628 2181 ’κλεισθῆναι
2687 2110 2813 2172 τοὺς
2867 2103 3356 2181 δεδοκιμασμένους
3406 2111 3484 2181 τῷ
3531 2112 3799 2182 ἀργυρίῳ·
3845 2129 3863 2162 ι

2317 2201 2452 2272 ὅπερ
2499 2201 2827 2270 σαφέστερον
2874 2202 3212 2273 ἡρμήνευσεν
3257 2204 3285 2254 ό
3339 2201 3630 2273 Σύμμαχος
3684 2202 3863 2256 είπών·

2324 2311 2342 2343 ‹
2375 2294 2498 2356 Τοῖς
2520 2292 2920 2356 διαλακτίζουσι
2948 2294 3073 2356 τοὺς
3099 2292 3416 2364 εὐδοκήτους
3436 2294 3510 2358 ὡς
3539 2294 3758 2366 δοκιμὴν
3782 2296 3867 2367 ἀρ-

2318 2383 2530 2453 γυρίου.
2569 2374 2778 2436 ιὈῦτοι
2815 2381 2924 2453 γὰρ
2967 2384 3015 2435 οἱ
3069 2380 3281 2455 ταῦροι,
3315 2385 3409 2435 καὶ
3434 2384 3490 2435 αἱ
3514 2384 3866 2455 προλεχθεῖσιιι

2316 2474 2593 2545 δαμάλεις,
2630 2473 2733 2527 ὑπὸ
2761 2473 2868 2526 τῶν
2910 2473 3113 2545 θηρίων
3143 2474 3235 2528 τοῦ
3287 2475 3533 2545 καλάμου
3573 2476 3867 2548 ἐνεργούμε-

2316 2584 2423 2626 ναι,
2454 2565 2552 2635 τὴν
2583 2566 2761 2618 πᾶσαν
2798 2563 3071 2617 ποιοῦνται
3120 2565 3359 2637 ¹σπουδὴν
3403 2566 3540 2637 πρὸς
3580 2566 3638 2620 τὸ
3681 2566 3865 2620 ἐκκλει-

2318 2660 2506 2731 σθῆναι
2536 2662 2661 2737 τοὺς
2694 2660 2881 2729 ἁγίους
2913 2659 3007 2713 τοῦ
3040 2659 3173 2713 Θεοῦ
3212 2662 3311 2733 τῆς
3344 2662 3752 2734 ἐπηγγελμένης
3780 2664 3865 2717 αὑ-

2314 2752 2681 2818 τοῖς,ὲλπίδος.
2713 2752 2893 2820 ’Δγιοι
2941 2750 3005 2815 δὲ,
3044 2750 3178 2805 Θεοῦ
3226 2753 3275 2806 οι
3318 2753 3755 2825 δεδοκιμασμένοι
3799 2753 3865 2823 τῷ

2315 2842 2575 2913 ἀργυρίῳ.
2618 2843 2824 2916 Ὠσπερ
2854 2842 2962 2916 γὰρ
2990 2863 3007 2895 ι
3036 2845 3103 2898 τὰ
3128 2843 3281 2913 λόγια
3309 2846 3513 2917 Κυρίου
3536 2846 3691 2915 ἀγνά,
3715 2846 3865 2920 ἀργύ-

2317 2950 2429 3004 ριον
2458 2929 2867 3005 πεπυρωμένον,
2900 2954 2918 2988 ι
2946 2933 3120 2999 οὕτως
3154 2935 3247 2988 καὶ
3269 2936 3318 2988 οἱ
3342 2936 3437 2989 τοῦ
3460 2936 3595 2991 Θεοῦ
3619 2937 3864 3009 ἄνθρωποι

2322 3023 2764 3096 δεδοκιμασμένοι
2812 3026 2948 3079 εἰσὶν
2994 3027 3069 3088 ὡς
3121 3026 3182 3080 τὸ
3235 3027 3523 3098 ἀργύριον·
3579 3029 3656 3082 διό
3694 3036 3859 3098 φασιν·

652 3122 821 3183 diois,
860 3120 1203 3190 congregatio
1229 3118 1530 3182 taurOrum,
1564 3128 1617 3174 et
1642 3135 1819 3175 vaccae
1851 3120 2193 3189 populorum,

2319 3135 2337 3167 ι
2379 3117 2737 3187 Ἐδοκίμασας
2760 3119 2925 3189 ἡμᾶς,
2951 3118 2980 3170 ὁ
3012 3116 3162 3182 Θεὸς,
3198 3118 3485 3199 ὲπύρωσας
3514 3122 3658 3191 ἡμᾶς
3684 3122 3753 3185 ὡς
3777 3139 3863 3174 πυ-

652 3228 748 3267 eos
784 3211 877 3282 qui
908 3212 1117 3282 probati
1150 3218 1278 3264 sunt
1310 3218 1537 3282 argento
1571 3226 1601 3264 a
1646 3212 1926 3287 proposita
1976 3213 2079 3267 sibi
2116 3227 2212 3283 spe

651 3302 938 3357 excludere
967 3309 1238 3373 satagunt.
1296 3301 1439 3367 Sive,
1468 3303 1763 3359 secundum
1804 3302 2210 3376 Symmachum,

656 3413 676 3445 ι
702 3394 955 3451 Calcibus
988 3395 1195 3465 pellunt
1225 3410 1320 3450 eos
1364 3397 1457 3467 qui
1489 3396 1703 3467 probati
1738 3407 1864 3451 sunt
1894 3396 2053 3467 quasi
2086 3412 2213 3466 pro-

651 3488 867 3542 batione
904 3488 1166 3559 argenti.»
1215 3485 1282 3542 Ut
1312 3503 1379 3543 ne
1412 3488 1595 3558 itaque
1628 3488 1705 3541 illi
1732 3503 1897 3559 supra
1922 3488 2054 3542 dicti
2082 3503 2211 3543 san-

650 3580 754 3634 ctis
791 3579 886 3637 Dei
923 3580 1309 3650 impedimento
1342 3580 1472 3638 sint.
1501 3581 1813 3635 necessario
1862 3581 2070 3634 dictum
2094 3588 2208 3636 est:

654 3678 918 3746 «Increpa
975 3673 1116 3730 feras
1164 3673 1472 3733 arundinis.
1522 3674 1873 3743 congregatio
1926 3682 2210 3727 taurorum

650 3769 705 3820 in
758 3766 940 3819 vaccis
985 3763 1367 3833 populorum.»
1424 3762 1545 3815 Alia
1599 3763 1727 3817 item
1768 3764 1981 3818 ratione
2025 3771 2211 3837 tauros

649 3856 917 3926 intelligas
936 3851 1244 3908 Iudaeorum
1270 3851 1573 3922 principes:
1606 3866 1801 3908 vaccas
1825 3859 2003 3908 autem
2021 3868 2209 3909 eorum

649 3960 950 4017 synagogas
1005 3945 1072 4000 iis
1125 3942 1393 4005 subditas,
1439 3951 1492 3998 et
1543 3942 1771 4013 populos
1823 3944 1916 4014 qui
1967 3952 2211 4015 tempore

648 4036 920 4109 passionis
953 4024 1259 4090 Servatoris
1283 4036 1457 4089 nostri
1489 4036 1924 4091 insurrexerunt.
1944 4034 2057 4091 ,Cui
2083 4052 2209 4091 sen-

647 4129 831 4183 tentia:
886 4126 1211 4196 astipulatur
1245 4140 1353 4180 vox
1408 4126 1501 4179 illa
1546 4141 1615 4181 ex
1677 4125 1849 4196 ipsius
1907 4124 2207 4183 Salvatoris

649 4235 879 4290 persona
934 4218 987 4272 in
1014 4217 1225 4288 psalmo
1264 4232 1357 4271 ut
1392 4216 1568 4286 posita
1596 4236 1609 4272 :
1652 4236 1669 4267 ι
1690 4216 1955 4283 Quoniam
1980 4218 2209 4273 circum-

616 4306 619 4309 ’
646 4313 908 4369 dederunt
939 4326 1024 4366 me
1050 4309 1205 4363 vituli
1240 4308 1418 4371 multi,
1447 4309 1592 4363 tauri
1624 4310 1852 4380 pingues
1876 4310 2207 4366 obsederunt

644 4421 751 4459 me.
790 4394 1139 4473 Aperuerunt
1190 4402 1241 4453 in
1276 4415 1360 4454 me
1396 4415 1459 4453 os
1490 4414 1650 4454 suum
1671 4400 1774 4454 ⁸⁸.»
1817 4399 1983 4473 Queis
2014 4402 2205 4456 subin-

2314 3208 2499 3281 ρθῦται
2549 3209 2609 3262 τὸ
2650 3208 2930 3282 ἀργύριον.
2973 3229 2989 3260 ι
3018 3212 3083 3263 Οἱ
3117 3205 3207 3264 οῦν
3237 3210 3398 3283 θῆρες
3429 3213 3477 3265 ei
3519 3214 3611 3266 τοῦ
3644 3214 3862 3284 καλάμου

2314 3302 2409 3354 καὶ
2442 3303 2474 3372 ή
2519 3300 2805 3373 συναγωγὴ
2837 3301 2945 3354 τῶν
2974 3301 3207 3373 ταύρων,
3238 3304 3330 3356 καὶ
3374 3304 3429 3377 αἱ
3478 3304 3729 3374 δαμάλεις
3769 3304 3862 3357 τῶν

2312 3389 2475 3453 λαῶν,
2508 3390 2633 3453 τοὺς
2656 3390 3138 3461 δεδοκιμασμένους
3161 3390 3239 3461 τῷ
3264 3392 3509 3463 ἀργυρίῳ
3532 3393 3864 3463 ἀποκλεισθῆ-

2312 3498 2398 3533 ναι
2438 3479 2793 3544 σπουδάζουσι
2831 3483 2928 3552 τῆς
2978 3481 3388 3553 ἐπηγγελμένης
3424 3485 3607 3549 αὐτοῖς
3648 3483 3859 3548 ἐλπίδος.

2313 3558 2407 3634 Ἦ,
2458 3570 2597 3625 κατὰ
2644 3571 2736 3624 τὸν
2769 3569 3090 3642 Σύμμαχον,
3136 3591 3153 3623 ι
3202 3573 3611 3639 Διαλακτίζουσι
3665 3575 3861 3638 τούτους

2312 3660 2507 3723 αὐτοὺς
2557 3661 2879 3732 εὐδοκήτους
2921 3660 3080 3726 ὄντας
3138 3663 3213 3727 ὡς
3265 3664 3491 3736 δοκιμὴν
3539 3668 3854 3739 ἀργυρίου.»

2315 3754 2407 3805 ”1ν’
2436 3749 2527 3806 οὖν
2559 3753 2633 3825 μὴ
2667 3755 2913 3824 ἐμποδὼν
2944 3755 3201 3823 γένωνται
3252 3760 3362 3820 τοῖς
3410 3759 3586 3826 ἁγίοις
3614 3760 3704 3813 τοῦ
3740 3759 3862 3813 Θεοῦ

2311 3846 2359 3896 οἱ
2392 3843 2793 3915 προλεχθέντες,
2839 3845 3148 3912 ἀναγκαίως
3190 3844 3431 3917 ετρηται·
3465 3867 3484 3899 ι
3530 3850 3858 3922 Ἐπιτίμησον

2310 3937 2420 3998 τοῖς
2451 3934 2656 4006 Θηρίοις
2684 3935 2779 3988 τοῦ
2812 3935 3085 4006 καλάμου,
3127 3936 3159 4007 ἡ
3212 3939 3498 4010 συναγωγῆ
3532 3941 3637 3996 τῶν
3665 3943 3860 4013 ταύρων

2311 4028 2368 4079 ἐν
2408 4030 2528 4091 ταῖς
2566 4027 2826 4098 δαμάλεσι
2870 4026 2977 4080 τῶν
3010 4026 3171 4080 λαῶν.
3220 4048 3237 4079 ι
3276 4031 3382 4083 Καὶ
3428 4027 3603 4096 ἄλλως
3650 4032 3858 4103 ταύρους

2310 4122 2519 4192 νοήσεις
2548 4123 2672 4186 τοὺς
2707 4122 2968 4177 Ἰουδαίων
3004 4122 3268 4195 ἄρχοντας
3288 4144 3302 4156 ·
3337 4118 3597 4196 δαμάλεις
3620 4129 3674 4182 δὲ
3697 4128 3857 4182 αὐτῶν

2308 4214 2406 4278 τὰς
2445 4215 2548 4267 ὑπὸ
2589 4214 2809 4280 τούτους
2850 4217 3170 4286 συναγωγάς
3224 4219 3316 4272 καὶ
3377 4222 3501 4285 τοὺς
3550 4220 3705 4285 λαοὺς
3744 4222 3859 4285 τοὺς

2310 4308 2697 4372 ὲπισυστάντας
2747 4308 2886 4362 κατά
2929 4308 2991 4361 τὸ
3042 4309 3210 4374 πάθος
3264 4310 3357 4364 τοῦ
3405 4312 3655 4384 Σωτῆρος
3692 4312 3853 4384 ἡμῶν.

2309 4396 2588 4465 Μαρτυρεῖ
2610 4395 2666 4447 δὲ
2690 4395 2767 4465 τῷ
2801 4394 2943 4467 λόγῳ
2970 4399 3003 4467 ὴ
3036 4398 3095 4462 ἐξ
3121 4396 3283 4452 αὑτοῦ
3318 4400 3607 4471 προσώπου
3635 4401 3723 4455 τοῦ
3754 4398 3852 4453 Σω-

644 4495 862 4548 dicabat
888 4495 1162 4565 principes
1202 4494 1414 4553 Iudaici
1460 4498 1666 4568 populi,
1708 4513 1918 4553 necnon
1954 4499 2203 4574 multitu-_

2314 4486 2471 4556 τῆρος
2500 4487 2556 4537 ὲν
2581 4494 2660 4538 κα¹
2688 4485 2884 4557 ψαλμῷ
2912 4488 3061 4560 φωνὴ
3089 4489 3396 4557 φάσκουσα·
3432 4510 3451 4543 ι
3485 4495 3605 4547 Ὀτι
3637 4493 3852 4547 ἐκύκλω-

644 4587 824 4641 dinem
882 4588 1015 4658 ipsis
1063 4588 1337 4644 subditam
1390 4604 1510 4660 qua:
1561 4590 1852 4645 adversum
1913 4604 1971 4645 se
2019 4589 2205 4643 insur-

644 4680 805 4734 rexit.

718 4933 974 5005 «Dissipa
1014 4941 1204 5005 gentes
1251 4950 1371 5004 quae
1402 4940 1542 4991 bella
1584 4937 1825 4993 volunt.»
1870 4938 2002 5006 Qua:
2039 4956 2203 5012 supe-

641 5028 756 5083 rius
786 5025 1059 5091 feruntur,
1104 5026 1172 5081 de
1226 5027 1557 5083 adversariis
1607 5030 1975 5099 potestatibus
2030 5041 2084 5089 et
2136 5031 2203 5086 de

642 5119 977 5188 principibus
1008 5118 1321 5175 Judreorum
1386 5131 1640 5174 enarrata
1686 5130 1853 5177 sunt:
1908 5122 2023 5178 haec
2075 5140 2203 5178 vero

642 5209 708 5261 de
742 5208 976 5263 inimicis
1020 5208 1275 5264 Ecclesia:
1324 5225 1389 5263 ex
1428 5210 1760 5281 reliquarum
1810 5212 2053 5282 gentium
2100 5231 2203 5267 nu-

641 5315 808 5355 mero.
851 5298 1196 5369 Prospiciens
1233 5316 1467 5370 namque
1501 5300 1737 5372 Spiritus
1767 5310 1992 5359 sanctus
2019 5319 2199 5360 eosex

640 5390 890 5461 gentibus
915 5390 1009 5459 qui
1046 5390 1099 5442 in
1147 5390 1533 5446 incredulitate
1577 5393 1980 5462 perseveraturi
2018 5403 2197 5461 erant,

641 5483 902 5537 adversus
932 5480 1117 5535 ﬁdeles
1140 5482 1277 5535 bella
1300 5492 1357 5537 et
1384 5486 1791 5553 persecutiones
1809 5493 2053 5542 moturos
2078 5503 2199 5542 esse

639 5582 829 5626 contra
871 5572 1175 5628 Ecclesiam
1218 5572 1333 5633 Dei.
1384 5577 1699 5631 necessario
1752 5577 1853 5631 hac
1900 5577 1966 5632 de
2011 5595 2070 5633 re
2117 5580 2197 5635 sic

638 5674 890 5733 precatur
928 5683 943 5719 :
982 5683 1000 5715 ι
1022 5664 1237 5734 Dissipa
1266 5675 1455 5733 gentes
1483 5683 1604 5737 qua:
1632 5668 1772 5723 bella
1803 5669 2041 5723 volunt.)
2100 5670 2195 5725 His

638 5772 874 5837 namque
904 5756 1210 5827 dissipatis,
1250 5759 1423 5828 gratia
1456 5760 1769 5831 evangelica
1818 5760 1994 5815 locum
2024 5762 2194 5818 habe-

707 5915 748 5943 ”
773 5910 872 5966 Job
899 5927 983 5975 ιι,
1024 5912 1103 5966 16.
1180 5914 1225 5945 ⁸⁸
1254 5912 1396 5970 Psal.
1435 5932 1506 5981 xi,
1533 5915 1585 5970 7.

2306 4575 2404 4629 σάν
2446 4592 2512 4646 με
2559 4575 2745 4645 μόσχοι
2788 4576 2990 4642 πολλοὶ,
3040 4578 3230 4651 ταῦροι
3264 4576 3444 4646 πίονες
3468 4584 3746 4655 περιέσχον
3773 4600 3850 4653 με.

2308 4666 2559 4732 Ἤνοιξαν
2584 4668 2671 4719 ἐπ’
2700 4666 2799 4738 ἐμὲ
2831 4667 2892 4721 τὸ
2921 4668 3093 4739 στόμα
3127 4671 3324 4728 αὐτῶν.
3359 4692 3378 4726 ι
3412 4674 3489 4725 Δι’
3525 4668 3600 4727 ὧν
3635 4674 3853 4744 ᾐνίττετο

2303 4756 2427 4822 τοὺς
2453 4759 2716 4830 ἄρχοντας
2740 4759 2833 4813 τοῦ
2860 4760 3131 4815 Ἰουδαίων
3151 4762 3280 4818 λαοῦ
3320 4764 3415 4818 καὶ
3448 4764 3520 4818 τὰ
3548 4765 3637 4818 ὑπ’
3679 4765 3852 4827 αὐτοὺς

2306 4847 2482 4919 πλήθη
2508 4846 2576 4903 τὰ
2603 4852 2963 4906 ὲπισυστάντα
2994 4857 3112 4907 κατ’
3141 4854 3324 4909 αὑτοῦ.

2378 4958 2395 4991 ι
2435 4942 2826 5013 Διασκόρπισον
2856 4942 2983 5015 ἔθνη
3024 4946 3090 4999 τὰ
3126 4947 3251 5009 τοὺς
3290 4946 3556 5018 πολέμους
3579 4946 3802 5004 θέλοντα.
3830 4968 3847 5001 ι

2301 5029 2382 5084 Τὰ
2412 5033 2509 5102 μὲν
2546 5032 2789 5105 ἀνώτερα
2835 5037 2964 5108 περὶ
3005 5037 3112 5089 τῶν
3149 5037 3537 5108 ἀντικειμένων
3571 5042 3848 5113 δυνάμεων,

2299 5123 2391 5174 καὶ
2441 5125 2565 5197 περὶ
2611 5126 2719 5180 τῶν
2766 5128 3039 5198 ἀρχόντων
3086 5126 3179 5205 τοῦ
3223 5128 3487 5184 Ἰουδαίων
3532 5132 3710 5197 ἔθνους
3747 5133 3853 5198 ἐδη-

2298 5212 2480 5281 λοῦτο,
2528 5218 2594 5270 τὰ
2630 5217 2685 5270 δὲ
2732 5218 3067 5288 προκείμενα
3109 5206 3235 5288 περὶ
3271 5219 3378 5272 τῶν
3420 5223 3478 5275 ὲν
3519 5226 3630 5287 τοῖς
3668 5220 3848 5281 λοιποῖς

2298 5304 2471 5360 ἔθνεσι
2505 5309 2774 5381 πολεμίων
2800 5310 2900 5379 τῆς
2946 5309 3291 5381 Ἐκκλησίας.
3334 5312 3548 5387 Ἐπειδὴ
3582 5313 3686 5387 γάρ
3720 5314 3849 5384 ἑώρα

2298 5396 2359 5448 τὺ
2388 5400 2608 5471 Πνεῦμα
2641 5402 2701 5455 τὸ
2747 5402 2898 5467 ἅγιον
2942 5403 3067 5465 τοὺς
3111 5404 3167 5455 ὲν
3201 5404 3429 5476 ἀπιστίᾳ
3474 5407 3847 5477 ἀπομείναντας

2297 5489 2405 5544 τῶν
2454 5494 2620 5549 ἐθνῶν
2648 5494 3181 5564 ὲπαναστησομένους
3221 5498 3332 5560 τοῖς
3362 5502 3591 5564 πιστοῖς,
3632 5498 3719 5551 καὶ
3745 5496 3875 5548 Biar--

2297 5584 2467 5652 γμοὺς
2507 5585 2646 5639 κατὰ
2700 5587 2797 5656 τῆς
2843 5586 3165 5656 Ἐκκλησίας
3206 5587 3299 5642 τοῦ
3350 5590 3485 5643 Θεοῦ
3528 5592 3843 5661 κινήσοντσς.

2297 5674 2604 5742 ἀναγκαίως
2654 5677 2744 5729 καὶ
2791 5677 2916 5746 περὶ
2957 5676 3144 5729 τούτου
3196 5677 3411 5749 εὔχεται
3452 5680 3638 5748 λέγον·
3680 5697 3697 5729 ι
3735 5679 3844 5729 Δια-

2296 5767 2583 5837 σκόρπισον
2626 5768 2751 5839 ἔθνη
2804 5770 2871 5826 τά
2922 5771 3047 5833 τοὺς
3096 5770 3364 5842 πολέμους
3413 5773 3651 5828 θέλοντα.
3683 5791 3700 5824 ι
3733 5777 3838 5824 Δια-

1662 5918 1705 5947 ⁵⁷
1732 5915 1872 5971 Psal.
1907 5931 2028 5983 txv,
2065 5916 2150 5981 l0,
2228 5920 2271 5952 ⁸⁸
2304 5920 2446 5976 Psal.
2474 5938 2582 5987 xxi,
2615 5923 2700 5990 15,
2732 5923 2815 5979 ll.
