3966 6348
110 468 195 521 717

1199 465 1695 529 COMMENTARIA
1732 468 1801 528 ΙΝ
1837 465 2175 530 PSALMOS.

3181 467 3279 538 7.18

106 584 523 657 σκορπιζομένων
546 588 655 661 γὰρ
704 589 927 657 τούτων,
1050 582 1207 665 χάρις
1322 593 1646 667 εὐαγγελικὴ

1746 594 1847 649 bit.
1905 592 2022 649 Jam
2067 591 2307 647 futurum
2362 596 2478 646 erat
2523 595 2582 643 ut
2619 587 2790 660 gratia
2840 592 3176 659 operaretur,
3216 586 3283 640 ab

101 679 264 751 χώραν
288 680 413 745 ἔξει.
446 682 683 752 Ἤμελλε
705 681 796 737 τοῦ
823 686 1059 755 ἐνεργεῖν
1091 685 1184 738 καὶ
1212 685 1270 749 ἐξ
1295 684 1471 738 αὐτῶν
1492 684 1641 756 πρώ-

100 789 193 824 των
241 771 496 843 ἄρχεσθαι
544 773 651 827 τῶν
702 775 821 828 καθ’
877 768 1174 847 ὑπερϐολὴν
1230 775 1639 847 εἰδωλολατρῶν.

99 860 362 929 Αἰγύπτιοι
391 864 447 917 δὲ
473 861 612 937 ἦσαν
649 868 697 919 οἱ
725 866 938 921 πάντων
987 867 1284 939 ἀνθρώπων
1312 869 1403 922 καὶ¹
1432 871 1643 923 πάντων

99 953 251 1006 ὲθνῶν
272 950 828 1027 δεισιδαιμονέστατοι.
853 958 941 1012 Διὸ
966 957 1095 1028 ἑξῆς
1111 960 1369 1030 ἐπιλέγει·
1391 959 1643 1025 ι”Ηξουσι

102 1042 337 1117 πρέσϐεις
364 1046 420 1112 ἐξ
444 1045 733 1125 Αἰγύπτου.
772 1069 788 1101 ι
822 1050 979 1105 Κατὰ
1016 1051 1071 1103 δὲ
1095 1051 1187 1104 τὸν
1222 1052 1469 1117 Ἀκύλαν,
1506 1057 1523 1099 ἀ
1555 1052 1645 1107 Οτ-

100 1154 263 1191 σουσιν
288 1140 661 1210 ἐσπευσμένως
684 1130 742 1209 ἐξ
767 1142 1037 1211 Αἰγύπτου
1053 1161 1067 1175 -
1107 1163 1124 1194 ι
1153 1143 1292 1198 κατὰ
1315 1144 1370 1198 δὲ
1389 1145 1478 1199 τὸν
1501 1130 1645 1216 Σύμ-

101 1244 275 1300 μαχον,
308 1250 325 1283 ι
349 1232 675 1287 Ἑλθέτωσαν
719 1234 1045 1303 ὲκφάναντες
1086 1238 1132 1288 οί
1179 1235 1237 1299 ὲξ
1289 1237 1581 1306 Αἰγύπτου.
1621 1256 1639 1288 ι

99 1321 196 1374 Καὶ
243 1322 303 1375 τὺ
350 1319 448 1393 μὲν
495 1326 710 1380 πάντων
758 1324 1151 1397 είδωλολατρῶν
1194 1327 1349 1393 γένος
1397 1325 1485 1381 διὰ
1536 1328 1644 1380 τῶν

98 1408 443 1480 ἐλευσομένων
467 1410 525 1479 ἐξ
552 1412 824 1481 Αἰγύπτου
859 1414 951 1467 καὶ
980 1414 1377 1485 διαϐησομένων
1415 1416 1506 1469 ἐπὶ
1545 1412 1659 1485 τὴν

97 1498 180 1551 τοῦ
215 1501 346 1555 Θεοῦ
367 1504 566 1572 γνῶσιν
602 1504 922 1577 δεδήλωται·
959 1506 1044 1559 διὰ
1080 1506 1134 1560 δὲ
1179 1506 1271 1561 τοῦ
1304 1507 1429 1578 ἑξῆς
1468 1508 1645 1561 ὲπιλειι
1684 1559 1693 1565 .

99 1584 332 1656 γομένουο
352 1606 370 1639 ι
388 1590 636 1644 Αἰθιοπία
656 1593 954 1664 προφθάσει
982 1597 1136 1665 χεῖρα
1162 1596 1327 1666 αὐτῆς
1347 1595 1422 1666 τῷ
1450 1596 1587 1668 Θεῷ,
1620 1616 1638 1649 ι

99 1676 158 1730 τὰ
186 1678 325 1749 ἄκρα
361 1681 458 1752 τῆς
502 1683 611 1737 τῶν
648 1684 944 1755 ἀνθρώπων
994 1687 1338 1758 οἰκουμένης.
1387 1687 1644 1759 Σημαίνεὶ

98 1770 195 1842 γὰρ
236 1773 263 1824 ό
292 1771 466 1840 λόγος,
512 1776 587 1839 ὡς
620 1776 725 1847 ἄρα
776 1776 834 1841 ἐξ
879 1778 1129 1831 ἁπάντων
1173 1779 1280 1832 τῶν
1330 1778 1496 1834 ὲθνῶν
1538 1779 1645 1833 τῶν

99 1862 180 1915 ἀπ’
207 1861 461 1935 ἀνατολῆς
487 1865 638 1937 ἡλίου
673 1868 831 1939 μέχρι
882 1867 1098 1939 δυσμῶν
1141 1870 1377 1941 ἥξουσιν,
1421 1872 1558 1941 κατὰ
1586 1868 1646 1927 τὸ

99 1954 287 2023 φάσκον
322 1958 377 2011 ὲν
411 1959 619 2030 ἑτέροις
644 1959 850 2029 λόγιον·
892 1980 910 2011 ι
943 1960 1353 2033 Μνησθήσονται
1387 1964 1480 2017 καὶ
1525 1966 1644 2018 ἐπι-

100 2050 477 2120 στραφήσονται
528 2051 663 2123 πρὸς
713 2052 917 2124 Κύριον
964 2054 1137 2107 πάντα
1186 2054 1252 2106 τὰ
1296 2054 1506 2125 πέρατα
1541 2055 1640 2127 τῆς

97 2141 206 2211 γῆς,
233 2142 324 2195 καὶ
368 2146 829 2215 προσκυνήσουσιν
878 2143 1104 2198 ἐνώπιον
1151 2146 1312 2200 αὑτοῦ
1370 2149 1535 2219 πᾶσαι
1579 2149 1638 2205 αἱ

97 2235 305 2303 πατριαὶ
349 2234 455 2288 τῶν
500 2235 685 2289 ἐθνῶν.
722 2256 740 2289 ι
776 2238 930 2293 Κατὰ
972 2238 1027 2292 δὲ
1064 2239 1155 2292 τὸν
1198 2240 1452 2295 Ἀκύλαν·
1489 2259 1506 2292 ι
1543 2243 1639 2295 Αί-

97 2322 225 2394 θίοψ,
248 2326 399 2397 φησὶ,
428 2326 693 2399 δρομώσει
718 2332 873 2400 χεῖρα
894 2314 1056 2384 αὐτοῦ
1082 2330 1158 2402 τῷ
1186 2330 1328 2402 Θεῷ·
1367 2319 1393 2384 ι’
1420 2332 1557 2386 κατὰ
1583 2333 1640 2385 δὲ

96 2414 173 2469 τὸν
202 2416 517 2489 Σύμμαχον·
551 2438 570 2470 ι
612 2418 860 2473 Αἰθιοπία
906 2421 1188 2476 σπευσάτω
1233 2419 1445 2475 διδοῦσα
1484 2424 1640 2493 χεῖρα

94 2504 164 2573 τῷ
192 2496 322 2577 Θεῷι
362 2527 381 2559 2
418 2510 570 2562 Ἐστι
615 2510 673 2563 δὲ
724 2511 816 2565 καὶ
868 2511 1008 2565 κατὰ
1063 2513 1160 2583 τὴν
1202 2513 1437 2585 ἱστορίαν
1484 2512 1640 2565 τοῦτο

96 2596 462 2667 πεπληρῶσθαι
496 2599 661 2667 φάναι
700 2601 791 2653 ἐπὶ
816 2600 911 2655 τοῦ
943 2602 1215 2665 Αἰθίοπος,
1246 2595 1305 2654 οὗ
1341 2602 1638 2673 μέμνηνται

93 2685 188 2737 τῶν
216 2686 521 2741 ἀποστόλων
552 2692 606 2743 αἱ
641 2690 892 2762 Πράξεις.
940 2692 1131 2762 Σχεδὸν
1164 2691 1271 2763 γὰρ
1304 2691 1640 2764 προέφθασεν

94 2769 231 2842 οὗτος
261 2778 331 2831 τὰ
374 2779 531 2833 λοιπὰ
564 2780 712 2853 ἔθνη,
767 2782 1120 2849 καταξιωθεὶς
1152 2784 1257 2854 πρὸ
1298 2784 1512 2838 πάντων
1542 2785 1641 2855 τῆς

94 2870 328 2939 γνώσεως
352 2872 443 2926 τοῦ
472 2874 739 2946 Σωτῆρος.
771 2874 1032 2953 "omet
1070 2874 1162 2929 καὶ
1204 2876 1456 2947 πρέσϐεις
1482 2872 1641 2949 ἦλθον

96 2960 149 3025 ἐξ
187 2962 453 3030 Δίγύπτου
487 2963 629 3019 κατὰ
670 2965 768 3036 τὴν
813 2967 1082 3037 ἱστορίαν,
1126 2968 1375 3022 πάλινίαί
1402 2969 1643 3042 Πράξεις

95 3052 189 3105 τῶν
236 3053 541 3108 ἀποστόλων
584 3055 851 3128 δηλοῦσιν,
904 3059 960 3110 έν
1011 3051 1098 3123 αἷς
1150 3060 1376 3139 εἴρηται,
1424 3061 1499 3124 ὡς
1537 3062 1644 3133 ἄρα

96 3144 221 3199 κατὰ
264 3146 360 3229 τὴν
407 3148 617 3220 ἡμέραν
663 3146 763 3220 τῆς
809 3150 1183 3222 Πεντηκοστῆς
1223 3152 1283 3204 τὸ
1329 3152 1549 3224 Πνεῦμα
1582 3153 1644 3207 τὸ

96 3235 233 3305 ἄτιον
272 3236 553 3313 ἐπλήρωσέ
591 3240 680 3321 τὸν
724 3237 870 3296 οἷκον
912 3240 1039 3295 ἔνθα
1068 3238 1207 3314 ἦσαν
1246 3243 1295 3296 οἱ
1340 3244 1640 3309 ἀπόστολοι,

97 3330 297 3384 ὲκάθισέ
324 3310 506 3385 τενέπὶ
541 3317 666 3397 τοὺς
694 3333 964 3404 παρόντας
999 3310 1268 3398 ἅπαντας·
1304 3337 1360 3388 ἐν
1390 3331 1646 3429 οἷςτνῆσαν
1672 3310 1713 3367 c

98 3419 286 3495 Πάρθοι
317 3424 411 3476 καὶ
442 3423 618 3494 Μῆδοι
655 3424 748 3477 καὶ
789 3424 1071 3495 Ἐλαμῖται
1118 3426 1211 3477 καὶ
1251 3427 1299 3479 οἱ
1340 3419 1650 3493 κατᾶικρῦν-

96 3529 177 3577 τες
210 3512 305 3585 τὴν
349 3515 800 3586 Μεσοποταμίαν,
836 3516 1091 3569 Ἰουδαίαν
1123 3534 1183 3568 τε
1229 3519 1322 3571 καὶ
1359 3520 1651 3573 Καππαδο-

99 3606 226 3670 κίαν,
256 3606 455 3661 Πόντον
501 3608 594 3661 καὶ
635 3607 733 3679 τὴν
769 3608 969 3672 Ἀσίαν,
1001 3609 1237 3680 Φρυγίαν
1267 3627 1326 3663 τε
1364 3610 1456 3663 καὶ
1491 3612 1649 3682 Παμ-

99 3694 295 3764 φυλίαν,
328 3695 598 3764 Δῖγυπτον
629 3696 723 3751 καὶ
748 3696 817 3750 τὰ
858 3698 996 3770 μέρη
1029 3698 1128 3769 τῆς
1159 3696 1363 3769 Λιϐύης
1385 3700 1493 3772 τῆς
1511 3699 1653 3754 κατὰ

99 3787 358 3859 Κυρήνην.
403 3781 561 3843 Οὗτοι
612 3789 675 3860 δὴ
724 3787 817 3843 οὖν
870 3790 1065 3853 πάντες
1108 3788 1347 3862 ὡσπερεὶ
1395 3791 1652 3862 πρέσδεις

100 3880 371 3951 ἐτύγχανον
426 3883 532 3937 τῶν
581 3883 781 3948 ἐθνῶν,
832 3885 933 3955 τῆς
978 3886 1072 3940 τοῦ
1128 3886 1281 3955 ἁγίου
1340 3866 1653 3957 Πνὲύματος

100 3970 336 4045 ἀπαρχῆς
392 3974 805 4045 κατηξιωμένοι.
846 3951 1005 4027 Ἀλλὰ
1053 3951 1185 4045 γὰρ⁷
1217 3974 1354 4046 μετὰ
1396 3951 1536 4039 ν”τοίις
1594 3974 1653 4039 ἐξ

102 4062 383 4132 Αἰγύπτου,
432 4066 526 4119 καὶ⁹
573 4065 710 4136 μετὰ
758 4066 856 4139 τὴν
914 4065 1301 4137 προφθάσασαν
1349 4066 1649 4131 Αἰθιοπίαν,

99 4155 216 4225 ἑξῆς
246 4159 301 4210 αἱ
330 4156 511 4210 λοιπαὶ
552 4156 816 4227 βασιλεῖαι
857 4158 957 4227 τῆς
984 4157 1087 4227 γῆς
1114 4157 1420 4221 καλοῦνται,
1454 4157 1650 4229 δηλαδὴ

100 4246 274 4301 καὶτὰ
303 4248 406 4300 ὑπὸ
432 4246 652 4311 ταύταις
684 4247 832 4319 ἔθνη.
863 4248 953 4301 Διὸ
989 4247 1328 4317 ὲπιλέγεται·
1358 4269 1376 4300 ι
1405 4251 1470 4302 At
1502 4250 1653 4320 βασι-

100 4336 224 4390 λεῖαι
247 4334 345 4408 τῆς
382 4338 503 4407 γῆς,
556 4337 721 4407 ᾄσατε
761 4335 839 4407 τῷ
868 4335 1006 4407 Θεῷ,
1038 4335 1243 4405 ψάλατε
1274 4336 1350 4408 τῷ
1377 4338 1582 4410 Κυρίῳ.
1626 4357 1645 4389 ι

108 4428 167 4480 ’Δ
204 4429 297 4481 καὶ
331 4427 437 4481 οὐδ’
475 4426 646 4491 ἄλλως
775 4426 863 4480 διὰ
912 4428 1078 4499 μόνης
1122 4428 1221 4499 τῆς
1265 4428 1358 4483 τοῦ
1404 4430 1650 4500 Σωτῆρος

103 4517 244 4590 ἡμῶν
274 4518 617 4582 διδασκαλίας
650 4518 835 4582 τέλους
878 4519 1189 4591 ἐτύγχανεν.
1226 4522 1340 4575 Ούκ
1380 4521 1524 4575 ἔστιν
1560 4518 1651 4575 οὖν

100 4611 258 4677 ἔθνος,
299 4613 361 4666 οὐ
405 4610 575 4684 χώρα,
626 4612 687 4664 οὐ
739 4611 892 4680 γένος
940 4611 1259 4684 ἀνθρώπων,
1306 4616 1367 4667 ού
1409 4615 1650 4686 βασιλεία

1742 685 1810 741 iis
1860 685 2133 755 prioribus
2184 680 2449 753 orsa,qui
2496 686 2658 752 supra
2715 678 2933 734 modum
2984 672 3284 755 idololatra:

1740 752 1929 833 erant:
1971 775 2209 846 Egyptli
2245 752 2423 829 autem
2455 773 2530 826 illi
2572 779 2725 827 erant
2764 770 3004 825 omnium
3044 752 3284 838 gentium

1742 883 1805 922 ac
1832 868 2154 939 pOpulorum
2186 863 2727 936 superstitiosissimi.
2758 861 2936 928 Quare
2951 860 3139 931 postea
3166 857 3289 913 sub:

1737 956 1917 1030 jungit
1955 978 1968 1014 :
2013 979 2031 1011 ι
2061 957 2289 1013 Venient
2330 957 2490 1027 legati
2531 971 2603 1011 ex
2653 954 2936 1026 Egypto.»
2980 949 3286 1007 Secundum

1742 1052 1992 1123 Aquilam
2027 1052 2177 1111 'vero,
2232 1070 2250 1101 ι
2277 1048 2474 1105 Ferent
2521 1047 2839 1102 festinanter
2862 1058 2925 1099 ex
2961 1041 3194 1113 iEgypto
3219 1058 3234 1106 ;
3262 1056 3282 1090 ι

1744 1140 2042 1199 seeundum
2096 1140 2503 1214 Symmachum,
2559 1134 2833 1193 «Veniant
2884 1134 3164 1191 effel‘entes
3220 1138 3288 1185 est

1744 1233 2029 1311 λΕςγριο.»
2064 1232 2365 1303 Totumque
2406 1232 2811 1286 idololatrarum
2841 1242 3031 1300 genus,
3064 1232 3157 1296 per
3193 1234 3288 1279 eos

1742 1328 1837 1396 qui
1872 1342 1936 1381 ex
1973 1325 2207 1398 Egypto
2234 1321 2469 1387 venturi,
2515 1330 2568 1376 et
2601 1320 2667 1375 ad
2701 1320 2791 1375 Dei
2822 1319 3065 1374 notitiam
3117 1326 3291 1370 transs

1743 1418 1872 1471 ituri
1900 1425 2047 1481 sunt,
2081 1417 2387 1482 indicatur;
2420 1430 2518 1487 per
2560 1414 2611 1468 id
2641 1422 2771 1468 vero
2810 1410 2952 1480 quod
2986 1422 3111 1463 mox
3138 1404 3293 1461 addi-

1743 1516 1867 1562 tur:
1917 1507 2234 1578 rEtbiopia
2264 1506 2502 1576 porriget
2554 1506 2769 1558 manum
2795 1503 2948 1558 suam
2980 1500 3109 1563 Deo,
3140 1517 3158 1549 ι
3197 1506 3293 1551 ειέ

1743 1600 1912 1655 trem'a
1944 1599 2091 1654 orbls
2125 1596 2520 1669 significantur.
2564 1594 2879 1650 Declaratur
2901 1607 3064 1664 porro
3084 1605 3149 1645 ex
3174 1589 3295 1645 uni-

1743 1690 1915 1745 versis
1946 1681 2195 1759 gentibus
2223 1687 2292 1742 ab
2323 1688 2532 1742 oriente
2570 1686 2684 1741 sole
2714 1699 2887 1754 usque
2930 1680 2996 1737 ad
3039 1679 3319 1739 occidens-

1744 1784 2207 1841 tem'ac4;e98uros
2254 1794 2395 1843 esse,
2444 1785 2504 1832 ut
2536 1776 2666 1830 alibi
2714 1773 2918 1831 dicitur
2952 1792 2965 1827 :
3003 1770 3294 1826 «Remini-

1747 1882 1967 1928 scentur
1991 1883 2043 1927 et
2079 1877 2462 1927 conrertentur
2488 1868 2553 1923 ad
2581 1866 2880 1921 Dominum'
2898 1864 3137 1937 uniVersi
3158 1862 3293 1918 ﬁnes

1676 1958 1715 2011 Β
1745 1968 1903 2015 terrae
1946 1978 1960 2015 :
2008 1967 2060 2015 et
2108 1958 2409 2013 adorabunt
2433 1957 2490 2010 in
2521 1961 2815 2025 conspectu
2855 1953 2974 2023 ejus
3025 1950 3292 2006 universa:

1746 2052 1965 2107 familia:
1995 2050 2302 2122 gentium".
2331 2069 2347 2101 ι
2370 2046 2676 2103 Secundum
2697 2043 2981 2115 Aquilam:
3002 2060 3020 2094 ι
3040 2041 3293 2112 Ethiops

1746 2158 2032 2200 accurrere
2072 2140 2233 2195 faciet
2288 2154 2508 2193 manum
2556 2153 2710 2193 suam
2759 2135 2899 2203 Deo;
2929 2154 2948 2186 ι
2992 2132 3288 2190 secundum

1748 2234 2178 2306 Symmachum:
2216 2229 2531 2301 cEthiOpia
2596 2228 2814 2284 festinet
2884 2226 3015 2281 dare
3071 2238 3295 2279 manum

1746 2326 1906 2381 Deo.»
1950 2323 2030 2378 Ex
2057 2324 2286 2378 historia
2322 2338 2486 2394 porro
2534 2322 2658 2376 licet
2705 2335 2825 2375 eam
2863 2333 2978 2374 rem
3014 2316 3296 2387 ,implelam

1744 2417 1929 2471 dicere
1962 2414 2017 2468 in
2051 2412 2330 2485 EthiOpe,
2357 2414 2516 2483 cujus
2546 2412 2874 2466 mentionem
2912 2409 3115 2464 habent
3160 2405 3294 2461 Acta

1745 2506 2138 2577 apostolorum.
2202 2506 2324 2576 Ipse
2375 2503 2609 2574 namque
2659 2509 2886 2557 caeteras
2930 2506 3119 2570 gentes
3179 2496 3291 2551 fere

1686 2590 1689 2591 ν
1749 2598 2029 2669 pmvenit,
2061 2597 2364 2653 Salvatoris
2394 2597 2705 2675 cognitione
2731 2584 2857 2648 ante
2898 2606 3086 2647 omnes
3110 2590 3299 2660 digna»

1745 2698 1853 2744 tus.
1896 2686 2179 2754 Quomodo
2212 2698 2393 2741 autem
2442 2685 2602 2756 legati
2650 2684 2897 2740 venerint
2940 2697 3002 2736 ex
3036 2679 3293 2751 Egypto,

1746 2796 1963 2836 rursum
2014 2785 2274 2834 enarrant
2300 2776 2459 2831 ’Acta
2514 2775 2904 2845 apostolorum,
2953 2772 3047 2826 ubi
3074 2770 3296 2832 dicitur,

1748 2873 1803 2928 in
1842 2872 1929 2927 die
1976 2864 2348 2928 Pentecostes'
2386 2866 2654 2938 Spiritum
2701 2875 2948 2922 sanctum
3004 2863 3300 2933 replevisse

1747 2963 1987 3026 domum,
2018 2960 2111 3015 ubi
2147 2966 2304 3014 erant
2337 2959 2590 3029 apostoli,
2636 2956 2954 3026 sedisseque
2981 2968 3146 3023 supra
3180 2968 3302 3008 om-

1750 3071 1849 3111 nes
1901 3053 1997 3126 qui
2050 3052 2298 3109 aderant.
2338 3050 2396 3105 lu
2441 3050 2641 3121 quibus
2682 3055 2837 3104 erant
2884 3046 3089 3111 Parthi,
3135 3044 3296 3109 Medi,

1750 3145 2009 3211 Elamiue,
2065 3153 2117 3200 et
2163 3143 2256 3214 qui
2314 3142 2660 3196 habitabant
2700 3138 3162 3211 Mesopotamiam,
3204 3134 3303 3190 Jun

1749 3237 1917 3291 datam
1968 3244 2022 3290 et
2070 3234 2491 3306 Cappadociam,
2528 3231 2765 3285 Pontum
2792 3239 2846 3286 et
2877 3227 3300 3299 AsiamyPhry-

1746 3329 1887 3400 giam
1919 3335 1974 3383 et
2020 3326 2417 3396 Pamphyliam,
2456 3320 2749 3394 Egyptum
2791 3330 2846 3377 et
2901 3319 3301 3392 partesgLibyaa

1747 3420 1894 3473 circa
1923 3415 2271 3489 Cyrenem“.
2314 3413 2379 3468 Hi
2409 3414 2575 3486 igitur
2608 3428 2799 3479 omnes
2843 3427 2944 3467 ceu
2980 3412 3140 3481 legati
3167 3427 3299 3481 gen-

1748 3514 1881 3568 tium
1938 3518 2114 3575 erant,
2164 3509 2400 3581 Spiritus
2446 3507 2618 3563 sancti
2654 3504 2907 3577 primitiis
2945 3503 3147 3575 donati.
3196 3506 3295 3557 At-
3354 3526 3367 3557 ί

1751 3607 1897 3661 enim
1929 3612 2055 3677 post
2070 3602 2377 3675 Egyptios.
2419 3606 2543 3672 post
2582 3597 2915 3668 Ethiopiam
2948 3610 3068 3666 qua:
3098 3608 3301 3665 praeve-

1748 3707 1925 3762 nerat,
1968 3706 2160 3753 caetera
2188 3693 2386 3763 deinde
2431 3707 2593 3764 regna
2630 3701 2787 3746 terra:
2815 3696 3102 3751 vocantur,
3150 3685 3299 3740 vide-

1749 3791 1879 3845 licet
1956 3792 2157 3860 gentes
2208 3788 2276 3843 iis
2331 3784 2609 3859 subjectae,
2687 3781 2862 3848 Quare
2918 3777 3298 3852 subiungitur:

1756 3881 1983 3953 (Regna
2035 3892 2212 3947 terrae,
2270 3886 2485 3935 cantate
2541 3875 2669 3937 Deo,
2738 3873 2952 3945 psallite
3010 3870 3319 3939 Domino.y

1753 3975 1882 4041 Quae
1912 3989 2019 4029 non
2073 3973 2183 4026 alio
2227 3968 2387 4025 modo
2419 3967 2593 4039 quam
2644 3970 2737 4037 per
2781 3978 2947 4020 unam
2996 3962 3305 4019 Senatoris

1750 4067 1924 4123 nostri
1973 4065 2277 4121 doctrinam
2321 4054 2481 4117 finem
2536 4064 2886 4129 acceperunt.
2926 4055 3086 4111 Nulla
3136 4054 3305 4125 igitur

1752 4174 1901 4228 gens,
1928 4156 2076 4210 nulla
2108 4156 2278 4227 regio,
2298 4154 2511 4208 nullum
2543 4167 2714 4223 genus
2754 4137 3298 4214 hominum,nuilum

1751 4250 1807 4304 in
1839 4256 1954 4303 toto
1981 4248 2112 4303 orbe
2138 4260 2388 4318 regnum,
2433 4244 2490 4299 in
2528 4260 2637 4315 quo
2668 4259 2775 4299 non
2806 4242 2991 4313 populi
3026 4239 3301 4320 Deacon-

1750 4343 1957 4414 gregati
1978 4342 2193 4413 iussum
2223 4349 2616 4411 exsequantur.
2670 4337 2770 4391 Hic
2793 4350 2923 4391 vero
2953 4349 3170 4390 rursum
3210 4347 3306 4388 ca—

1750 4448 1879 4488 nere
1926 4431 2057 4498 Deo,
2111 4428 2339 4503 psallere
2380 4429 2606 4485 Domino
2649 4428 2823 4496 jubet
2874 4441 2980 4487 non
3027 4440 3125 4495 per
3170 4424 3303 4479 illud

1752 4531 1984 4594 quatuor
2010 4500 2312 4579 litterarum
2344 4524 2560 4581 nomen,
2610 4505 2705 4574 sed
2736 4534 2803 4573 eo
2845 4517 2939 4587 qui
2988 4516 3304 4591 vulgaribus
3344 4500 3347 4511 ἠ

1752 4600 2035 4673 elementis
2076 4616 2409 4671 enuntiatur;
2449 4610 2623 4680 Atque
2669 4618 2728 4664 ut
2769 4610 3305 4681 clariusperspicia-

102 4702 211 4756 καθ’
250 4704 377 4777 ὅλης
404 4706 502 4776 τῆς
544 4704 882 4774 οίκουμένης,
916 4703 1041 4761 ἔνθα
1090 4706 1209 4776 οὐχὶ
1257 4705 1372 4767 λαοὶ
1414 4706 1491 4778 τῷ
1532 4705 1647 4777 Θεῷ

1752 4725 1872 4764 mus
1902 4710 2023 4779 quis
2065 4709 2134 4763 sit
2172 4708 2261 4761 ille
2288 4703 2569 4768 Dominus,
2621 4702 2844 4759 subdit:
2885 4721 2902 4754 ι
2930 4703 3031 4769 Qui
3065 4694 3307 4758 ascendit

102 4797 373 4860 συστάντες
402 4796 465 4850 τὸ
494 4797 766 4868 κέλευσμα
797 4795 1215 4867 ἀποπληροῦσιν.
1238 4797 1405 4865 Πάλιν
1434 4798 1491 4853 δὲ
1524 4800 1649 4853 κάν-

100 4886 258 4941 ταῦθα
284 4888 428 4960 ᾅδειν
458 4890 556 4959 μὲν
585 4887 904 4960 προστάττει
930 4886 1011 4957 τῷ
1041 4885 1190 4962 Θεῷ,
1217 4887 1436 4958 ψάλλειν
1478 4890 1535 4944 δὲ
1571 4890 1650 4960 τῷ

100 4976 275 5050 Κυρίῳ
289 4982 385 5051 οὐχ
406 4981 491 5035 ἵνα
507 4982 583 5054 (1)
599 4981 693 5035 τοῦ
708 4980 1151 5053 τπραγράμμου,
1165 4980 1241 5051 τῷ
1256 4981 1311 5034 δὲ
1328 4984 1651 5056 κοινοτέροις

104 5072 368 5139 στοιχείοις
412 5072 723 5145 δηλουμένῳ
762 5075 1000 5144 ὀνόματι.
1037 5072 1146 5151 Καὶ
1184 5073 1272 5127 ἵνα
1324 5075 1649 5146 σαφέστερον

102 5158 301 5230 γνῶμεν
314 5162 397 5227 τίς
412 5181 539 5218 ποτε
559 5162 626 5237 ἦν
645 5161 796 5230 οὗτος
814 5167 843 5219 ό
868 5164 1086 5236 Κύριος,
1105 5165 1456 5220 ὲπισυνάπτει
1476 5166 1649 5235 λέγων

103 5254 244 5326 ἑξῆς·
280 5275 299 5309 ι
329 5259 419 5330 Τῷ
464 5262 811 5333 ἐπιϐεϐηκότι
852 5262 944 5314 ἐπὶ
986 5261 1075 5315 τὸν
1108 5261 1331 5333 οὐρανὸν
1361 5261 1451 5315 τοῦ
1484 5264 1648 5335 οὐρα-

103 5346 183 5400 νοῦ
230 5350 373 5404 κατὰ
411 5352 706 5417 ἀνατολάςο
762 5374 781 5407 ι
833 5355 1034 5425 σφόδρα
1080 5352 1412 5416 ἀκολούθωςο
1465 5355 1648 5425 ἐπειδὴ

102 5439 199 5509 γὰρ
242 5439 329 5494 διὰ
384 5440 509 5521 τῶν⁸
543 5443 798 5515 ἀνωτέρω
846 5441 1111 5516 εἴρητοοι
1158 5445 1529 5514 ’θδοποιήσατε
1573 5445 1651 5517 τῷ

103 5529 435 5604 ὶπιὸεὸηκότι
488 5534 586 5586 ἐπὶ
641 5534 879 5605 δυσμῶν,
933 5536 1132 5607 Κύριος
1188 5536 1355 5607 ὄνομα
1411 5536 1586 5607 αὐτῷ·
1617 5523 1645 5589 ἰ

104 5621 392 5688 ἀκολούθως
415 5622 504 5678 διὰ
542 5623 651 5678 τῶν
679 5625 816 5697 μετὰ
849 5627 1034 5696 χεῖρας
1061 5626 1241 5679 οὐκέτι
1271 5625 1651 5699 ὲπιὸεὗηκέναι

108 5714 251 5770 αὐτὸν
289 5718 383 5772 ἐπὶ
422 5718 638 5788 δυσμῶν
670 5730 853 5790 φησιν,
882 5717 994 5772 ἀλλ’
1024 5702 1114 5771 ἐπὶ
1148 5719 1236 5773 τὸν
1270 5720 1493 5792 οὐρανὸν
1531 5723 1649 5775 κατ’

172 5838 208 5859 ·δ
231 5830 375 5889 Psai.
407 5850 521 5896 ni,
552 5836 640 5891 28.
718 5835 760 5866 "
788 5835 906 5890 Act.
940 5850 1001 5899 ιι,
1030 5824 1179 5890 1-10.

170 5922 238 5993 ιι)
259 5922 397 5995 Lege
421 5927 481 5978 οὐ
510 5926 637 5991 διά.

1742 4817 1919 4871 super
1947 4800 2141 4854 caelum
2178 4797 2303 4853 caeli
2332 4797 2398 4851 ad
2427 4797 2728 4852 orientem:
2761 4815 2778 4848 ι
2823 4795 2984 4864 idque
3013 4794 3301 4849 admodum

1755 4898 2167 4962 consequenter,
2191 4891 2315 4962 quia
2344 4889 2593 4960 superius
2624 4888 2829 4942 dictum
2861 4888 2997 4940 fuit:
3037 4903 3055 4936 ι
3079 4884 3191 4939 lter
3227 4883 3306 4938 fa-

1755 4985 1861 5041 cile
1886 4985 1932 5039 ei
1955 4984 2049 5053 qui
2074 4983 2320 5042 ascendit
2343 4998 2504 5054 super
2524 4995 2799 5041 occasum,
2828 4976 3086 5031 Dominus
3106 4990 3301 5030 nomen

1755 5076 1883 5131 illi.»
1927 5076 1971 5130 Ε
2000 5093 2060 5133 re
2111 5078 2167 5133 in
2211 5076 2462 5149 presenti
2508 5088 2618 5128 non
2667 5072 2742 5125 ait
2769 5070 2947 5139 ipsum
2992 5066 3304 5121 ascendisse

1753 5186 1915 5241 super
1959 5176 2235 5247 occasum,
2294 5169 2385 5225 sed
2426 5182 2600 5237 super
2652 5162 2849 5219 coelum
2891 5158 2958 5213 ad
3010 5159 3300 5213 orientem.

1703 5277 1709 5284 ’
1752 5262 1855 5316 Par
1884 5264 2080 5335 quippe
2116 5271 2365 5319 eratnos
2402 5260 2496 5331 qui
2534 5258 2856 5313 descensum
2897 5253 3017 5321 ejus
3058 5250 3299 5307 edidice-

1752 5370 1959 5419 ramus,
2000 5356 2233 5412 reditum
2260 5338 2411 5427 'item
2460 5348 2702 5407 edoceri;
2759 5344 3069 5401 Descensus
3112 5342 3295 5411 itaque

1754 5456 1813 5501 ut
1861 5446 2080 5504 deitatis
2122 5461 2233 5503 suae
2265 5446 2469 5501 lumina
2499 5440 2800 5499 occultaret
2831 5436 2897 5492 ad
2933 5448 3186 5491 occasum
3218 5431 3302 5485 fa-

1754 5546 1879 5591 ctus
1901 5548 2013 5603 est;
2034 5540 2321 5593 ascensus
2350 5541 2526 5589 autem
2576 5528 2696 5601 ejus
2723 5530 2789 5584 ad
2829 5528 3022 5584 caelum
3052 5524 3201 5588 cali,
3233 5526 3301 5579 ad

1760 5628 2046 5694 orientem,
2082 5630 2151 5684 ob
2185 5628 2476 5700 gloriosam
2533 5623 2654 5693 ejus
2691 5622 2747 5677 in
2802 5619 2998 5675 caelum
3037 5615 3301 5685 remigra-

1759 5720 1975 5775 'Sonem.
2016 5718 2130 5776 Hoc
2162 5734 2321 5791 porro
2350 5716 2553 5771 dictum
2582 5713 2829 5783 exemplo
2854 5708 2985 5765 soiis
3008 5706 3301 5777 inteliigas.
