3966 6348
683 450 783 521 τις)

1248 398 1253 401 ’
1347 440 1611 497 ausam!
1646 436 2113 509 cessaremus
2149 437 2220 494 or

2336 436 2513 494 PARS
2550 438 2635 492 III.
2672 465 2741 487 -μ
2768 437 3175 497 EXEGETICA.
3764 445 3849 498 τεο

684 563 835 618 Sicut
876 558 1020 613 enim
1063 556 1143 617 sol
1177 556 1229 609 in
1269 554 1549 611 occidente
1579 555 1791 611 occulte
1832 553 2207 624 progreditur,

2322 552 2593 615 ἀνατολάς.
2642 552 2788 606 Ἔδει
2820 554 3122 624 γάρνήμᾶς,
3152 553 3248 624 τὴν
3286 550 3505 605 κάθοδον
3541 552 3707 608 αὑτοῦ
3740 571 3849 627 προ·

678 648 975 718 deindeque
1002 653 1283 717 postquam
1309 644 1375 699 ad
1408 644 1727 699 orientalem
1760 643 2092 697 horizontem
2118 642 2213 696 ad-

678 740 845 806 venit,
888 746 1030 794 recta
1062 738 1117 791 in
1144 737 1285 792 caelo
1314 735 1509 806 pergit,
1555 720 1737 788 omnia
1766 734 2103 799 illuminans,
2137 734 2218 786 lu-

680 830 963 897 cidamque
991 827 1131 882 diem
1162 824 1418 888 efﬁciens,
1469 823 1654 879 eadem
1703 822 1913 876 ratione
1958 821 2216 877 Dominus

682 920 769 974 hic
794 918 1130 979 enuntiatus,
1161 915 1254 985 qui
1290 922 1532 984 tempore
1577 913 1851 983 passionis
1891 920 1946 966 et
1999 911 2215 973 mortis,

680 1024 954 1070 occasum,
981 1017 1038 1061 ut
1068 1008 1142 1061 ita
1183 1006 1382 1067 dicam,
1417 1003 1637 1067 fecerat,
1668 1012 1953 1073 postquam
1981 1002 2219 1082 regionis

680 1100 825 1154 illius
849 1094 1071 1157 cursum
1101 1095 1444 1158 confecisset,
1474 1086 1658 1164 pestes
1680 1094 1880 1147 dicitur
1908 1093 2220 1149 ascendisse

680 1205 842 1261 super
873 1190 1073 1245 caelum
1103 1189 1227 1243 caeli
1275 1187 1340 1240 ad
1384 1187 1665 1241 orientem.
1712 1184 2220 1253 SecundumAqui-

679 1282 784 1335 Iam
813 1296 972 1337 vero:
996 1298 1015 1331 ι
1038 1280 1142 1345 Qui
1170 1278 1409 1334 ascendit
1438 1277 1497 1347 in
1521 1277 1726 1333 coelum
1746 1276 1869 1330 coeli
1893 1275 1959 1329 ab
1981 1274 2172 1341 initio;
2195 1294 2213 1326 ι

679 1371 973 1427 secundum
1003 1368 1381 1440 Symmachum
1405 1387 1418 1421 :
1447 1386 1465 1419 ι
1485 1366 1588 1432 Qui
1613 1366 1826 1421 vehitur
1856 1366 1911 1419 in
1944 1366 2080 1420 ccclo
2103 1366 2225 1419 coeli

679 1478 745 1514 ex
775 1460 996 1529 prima»
1039 1457 1172 1511 Illud
1201 1465 1401 1521 autem,
1436 1476 1457 1509 ι
1504 1474 1570 1511 ex
1610 1457 1804 1527 prima,
1835 1475 1854 1508 ι
1887 1466 1970 1520 et,
2009 1474 2027 1503 ι
2052 1457 2118 1510 ab
2142 1456 2224 1510 in-

680 1551 826 1613 itio,»
859 1550 1025 1619 probe
1054 1563 1350 1619 cognoscas
1389 1548 1611 1603 audiens
1656 1546 1989 1602 Servatorem
2022 1547 2094 1600 ita
2145 1547 2222 1599 lo-

678 1649 930 1711 quentem
979 1660 1040 1695 ε(
1077 1641 1255 1705 Pater,
1288 1642 1525 1712 glorifica
1574 1658 1659 1697 me
1697 1640 1867 1713 gloria
1913 1654 2073 1708 quam
2125 1638 2220 1691 ha-

679 1734 770 1787 bui
792 1718 1086 1804 antequam
1119 1734 1352 1787 mundus
1386 1741 1530 1795 esset
1560 1733 1699 1803 apud
1723 1732 1857 1787 te“.
1898 1748 1917 1781 ι

2325 642 2718 714 μεμαθηκότας,
2743 643 2851 695 ικαὶ
2891 644 2984 714 τὴν
3019 643 3271 697 ὲπάνοδον
3302 642 3634 713 διδαχθῆναι.
3676 644 3737 697 Ἡ
3776 647 3851 714 μὲν

2321 728 2411 787 οὖν
2439 726 2656 796 κάθοδος
2699 733 2786 787 διὰ
2830 732 2923 786 τοῦ
2973 733 3263 788 καλύπτειν
3304 722 3470 787 αὐτοῦ
3499 737 3571 786 τὰ
3595 734 3744 802 φῶτα
3774 738 3853 804 τῆς

2322 823 2569 893 θεότητος
2608 825 2697 877 ἐπὶ
2743 824 2959 894 δυσμῶν
3007 826 3247 893 ἐγίνετοο
3281 828 3314 896 ή
3353 824 3410 878 δὲ
3446 810 3633 887 ἄνοδος
3665 825 3755 876 ἐπὶ
3780 826 3853 876 τὸν

2320 913 2541 983 οὐρανὸν
2572 912 2663 966 τοῦ
2693 913 2751 965 οὐ
2760 912 2917 985 ρανοῦ
2962 914 3080 967 κατ’
3111 914 3367 977 ἀνατολὰς
3414 914 3503 967 διὰ
3542 914 3646 985 τήν
3678 914 3854 980 ἔνδοξον

2323 1000 2483 1054 αὐτοῦ
2529 1004 2607 1065 εἰς
2658 1002 2911 1073 οὐρανοὺς
2946 1002 3397 1058 ἀποκατάστασιν.
3450 1004 3687 1073 Νοήσεις
3728 1002 3781 1055 δὲ
3808 1003 3855 1054 τὸ

2321 1092 2635 1163 λελεγμένον
2674 1095 2739 1146 ἐκ
2786 1092 2878 1146 τοῦ
2929 1093 3067 1147 κατά
3108 1094 3199 1147 τὸν
3241 1094 3388 1164 ήλιον
3418 1091 3851 1163 παραδείγματος.

2326 1186 2538 1256 Ὥσπερ
2563 1185 2670 1258 γὰρ
2716 1186 2744 1238 ό
2786 1186 2931 1256 ἥλιος
2954 1227 2969 1250 ,
3017 1185 3158 1240 κατά
3199 1186 3403 1257 δυσμὰς
3438 1186 3747 1256 γενόμενος,
3776 1185 3854 1254 τὴν

2322 1275 2498 1346 ἀφανῆ
2528 1275 2749 1345 πορείαν
2782 1278 3033 1339 ποιεῖται,
3062 1272 3159 1330 εἶτ’
3184 1277 3275 1329 ὲπὶ
3309 1276 3400 1330 τὸν
3430 1274 3739 1331 ἀνατολικὸν
3763 1275 3854 1342 ὁρί-

2329 1363 2485 1429 ζοντα
2540 1368 2872 1437 καταντήσας
2894 1407 2913 1431 ,
2965 1367 3091 1421 εὐθὺ
3130 1366 3225 1420 τοῦ
3270 1366 3491 1437 ούρανοῦ
3545 1365 3765 1437 φέρεται
3803 1366 3855 1415 τὰ

2329 1455 2610 1527 σύμπαντα
2642 1456 2886 1526 φωτίζων
2914 1458 3005 1511 καὶ
3048 1453 3308 1529 λαμπράν
3330 1457 3541 1529 ἡμέραν
3581 1456 3855 1530 ἐργαζόμε-

2325 1562 2431 1610 νος,
2478 1548 2616 1602 κατά
2654 1548 2746 1601 τὸν
2794 1548 2953 1601 αὑτὸν
2982 1548 3180 1620 τρόπον
3227 1550 3318 1603 καὶ
3366 1551 3395 1601 ό
3436 1548 3759 1619 δηλούμενος
3790 1550 3856 1599 ἐν·

2323 1637 2499 1691 ταῦθα
2530 1637 2751 1708 Κύριος,
2794 1640 2889 1708 τὴν
2931 1628 3273 1693 ἀποδοθεῖσαν
3320 1640 3612 1707 κατάδυσιν
3655 1639 3881 1706 ποιησάο,

2328 1745 2483 1798 μενος
2527 1728 2666 1782 κατὰ
2688 1729 2783 1782 ιτὸν
2815 1728 3000 1800 καιρὸν
3031 1728 3122 1793 τοῦ
3156 1729 3356 1795 πάθους
3384 1732 3477 1785 καὶ
3503 1728 3602 1783 τοῦ
3636 1728 3858 1786 θανάτου,

678 1826 773 1898 τὴν
823 1824 1002 1900 χώραν
1046 1826 1434 1898 διαπορευθεὶς,
1483 1829 1618 1898 μετά
1638 1820 1805 1880 ταῦτα
1848 1825 2059 1891 λέγεται
2092 1820 2479 1890 ἀναϐεϐηκέναι
2541 1822 2633 1875 ἐπὶ
2676 1810 2767 1876 τὸν
2809 1823 3032 1895 οὐρανὸν
3094 1823 3186 1877 τοῦ
3250 1825 3472 1895 ούρανοῦ
3512 1825 3632 1877 κατ’
3693 1823 3857 1874 ovum.

677 1917 789 1980 λάς.
829 1918 1172 1975 Κατάδὲτὸν
1204 1919 1449 1983 Ἀκύλαν,
1492 1936 1510 1969 ι
1546 1918 1634 1989 Τῷ
1667 1916 2009 1988 ὲπιὸεὸηκότι
2050 1917 2105 1968 ὲν
2164 1916 2377 1988 οὐρανῷ
2408 1916 2634 1987 ούρανοῦ
2675 1917 2907 1988 ἀρχῆθεν
2955 1933 2969 1948 ⁸

3042 1936 3062 1970 ι
3128 1918 3280 1989 κατά
3329 1920 3387 1971 δὲ
3435 1919 3527 1971 τὸν
3568 1916 3857 1986 Σύμμαχον,

683 2028 700 2059 ι
742 2007 829 2080 Τῷ
856 2007 1193 2081 ἔποχουμένῳ
1239 2012 1330 2063 ἰπὶ
1371 2011 1460 2063 τὸν
1509 2010 1734 2081 οὐρανὸν
1769 2010 1859 2062 τοῦ
1898 2007 2124 2081 ούρανοῦ
2192 2010 2255 2063 ὲκ
2287 2008 2526 2081 πρώτης,
2574 2027 2595 2062 ι
2650 2009 2882 2081 εἴρηται.
2916 2009 2988 2063 Τὸ
3026 2009 3103 2074 δὲ,
3134 2029 3153 2061 ι
3178 2012 3241 2064 ὲκ
3270 2008 3488 2081 πρώτης
3519 2026 3538 2060 ι
3567 2009 3681 2071 καὶ,
3712 2025 3732 2057 ε
3782 2006 3861 2075 ἁρ-

676 2105 857 2176 χῆθεν,
890 2125 910 2157 ι
944 2108 1151 2175 νοήσεις
1194 2103 1355 2159 αὑτοῦ
1376 2105 1635 2174 λέγοντος
1678 2104 1888 2159 ἀκούων
1920 2104 2014 2157 τοῦ
2048 2104 2292 2176 Σωτῆρος

676 2196 767 2249 τὸν
800 2195 1002 2265 κόσμον
1034 2192 1171 2249 εἶναι
1206 2194 1356 2266 παρά
1388 2197 1488 2249 σοί.
1534 2214 1554 2248 ι

2334 2121 2348 2135 ο
2384 2123 2402 2155 ι
2441 2104 2640 2175 Πάτερ,
2686 2103 2905 2169 δόξασόν
2954 2121 3020 2176 με
3065 2107 3129 2175 τῇ
3414 2098 3554 2171 εἶχον
3622 2098 3728 2171 πρὸ
3782 2096 3860 2149 τοῦ

748 2306 912 2364 Vns.
946 2309 1128 2395 55-56.
1166 2328 1183 2360 ι
1210 2310 1346 2366 Ecce
1378 2310 1528 2365 dabit
1560 2311 1677 2365 voci
1732 2326 1845 2366 suae
1886 2326 2068 2365 vocem
2122 2311 2220 2365 vir-

2402 2345 2420 2378 ε
2469 2325 2597 2379 Ἰδοὺ
2641 2323 2798 2378 δώσει
2841 2327 2907 2395 τῇ
2959 2326 3106 2394 φωνῇ
3155 2321 3316 2375 αὐτοῦ
3362 2320 3539 2392 φωνὴν
3579 2321 3856 2392 δυνάμεως,

680 2400 834 2463 tutis,
893 2399 1015 2456 date
1050 2392 1273 2471 gloriam
1322 2401 1429 2456 Deo
1487 2417 1648 2471 super
1692 2399 1912 2457 Israel.»
1963 2401 2217 2457 Notitiam

680 2492 879 2563 prebet
903 2482 1185 2546 memerati
1224 2490 1435 2547 Domini
1458 2493 1647 2549 dicens
1677 2511 1689 2548 :
1716 2513 1734 2546 ‹
1763 2493 1901 2548 Ecce
1933 2493 2080 2549 dabit
2100 2495 2218 2548 voci

681 2594 792 2635 sua!
825 2594 1012 2634 vocem
1048 2580 1319 2634 virtutis.»
1363 2578 1463 2635 IIic
1517 2597 1643 2637 vere
1674 2582 1801 2637 licet
1853 2581 2077 2635 formam
2128 2582 2221 2636 de-

677 2673 914 2729 scribere
954 2671 1170 2725 virtutis
1203 2670 1320 2741 ejus
1344 2712 1359 2737 ,
1391 2672 1531 2743 quis
1562 2673 1615 2727 in
1644 2673 1909 2743 principio
1932 2681 2047 2728 erat
2078 2674 2217 2745 apud

669 2748 844 2818 Deum
862 2763 928 2829 “,
964 2780 981 2815 ι
1010 2761 1104 2819 Dei
1133 2762 1315 2828 Verbi,
1347 2764 1489 2835 quod
1512 2780 1613 2820 vos
1639 2765 1755 2833 ejus
1800 2780 1905 2819 non
1941 2764 2218 2818 hominum

677 2857 795 2911 voci
840 2856 1057 2923 similis,
1110 2856 1207 2912 sed
1249 2857 1431 2911 divina
1479 2861 1678 2913 virtute
1730 2858 1886 2928 plena
1938 2859 2029 2912 sit.
2078 2856 2215 2911 Nam

682 2946 891 3012 «dabit,
952 2949 1149 3020 inquit,
1217 2950 1336 3003 voci
1394 2965 1504 3004 suae
1548 2964 1733 3004 vocem
1796 2947 2221 3003 virtutis.rb‘u—

680 3041 861 3106 perius
892 3041 1019 3097 item
1050 3041 1333 3096 dicebatur
1370 3059 1384 3095 :
1439 3058 1463 3105 «η
1491 3040 1757 3116 Dominus
1800 3041 1949 3095 dabit
1992 3041 2218 3096 verbum

695 3132 1190 3201 rvangelizantibus,
1242 3131 1443 3186 virtute
1489 3132 1892 3199 [nullan-Quia
1924 3133 2218 3203 enim_vox
2282 3123 2290 3140 ’

682 3222 797 3290 ejus
852 3222 1051 3277 virtute
1106 3222 1434 3293 replebatur,
1516 3222 1710 3277 merito
1782 3222 2216 3293 praedicationem

679 3327 831 3367 suam
876 3313 1369 3385 evangelizantibus
1398 3314 1620 3370 verbum
1667 3315 1829 3369 dabat
1854 3330 1977 3369 cum
2021 3316 2218 3369 virtute

677 3405 865 3459 multa.
903 3403 1051 3475 Opus
1081 3416 1257 3460 autem
1286 3406 1460 3477 ipsum
1494 3407 1744 3461 virtutem
1780 3405 2040 3461 declarat.
2080 3404 2216 3459 Nam

677 3511 801 3550 cum
820 3497 1051 3567 simplici
1096 3498 1287 3551 vocula
1333 3496 1614 3566 discipulis
1643 3498 1756 3553 suis
1782 3496 2030 3561 dixisset,
2071 3516 2089 3548 ‹
2113 3495 2219 3550 Ve-

678 3590 806 3650 nite.
854 3588 1141 3658 sequimini
1187 3604 1295 3651 me,
1324 3595 1380 3641 et
1413 3589 1605 3643 faciam
1660 3604 1754 3645 vos
1785 3589 2084 3658 piscatores
2116 3588 2216 3641 ho-

2322 2418 2441 2472 δότε
2468 2415 2621 2479 δόξαν
2648 2414 2725 2485 τῷ
2756 2413 2874 2485 Θεῷ
2904 2414 2995 2467 ἐπὶ
3027 2413 3115 2466 τὸν
3146 2411 3373 2484 Ἰσραήλ.
3410 2431 3430 2463 ι
3464 2410 3754 2483 Γνώρισμα
3783 2413 3865 2465 τοῦ

2322 2506 2644 2578 δηλωθέντος
2688 2505 2894 2577 Κυρίου
2939 2503 3267 2576 παραδίδωσι
3314 2504 3513 2572 λέγων·
3548 2523 3565 2555 ι
3613 2505 3740 2558 Ἰδοὺ
3777 2504 3861 2557 δὼ-

2325 2618 2407 2659 σει
2430 2603 2495 2672 τῇ
2527 2601 2673 2669 φωνῇ
2698 2595 2863 2651 αὑτοῦ
2892 2596 3067 2667 φωνήν
3095 2594 3389 2667 δυνάμεως.
3429 2612 3449 2647 ι
3488 2594 3763 2650 Ἐντεῦθεν
3784 2593 3862 2648 σύν

2322 2692 2533 2763 ἀληθῶς
2565 2693 2678 2743 ἐστι
2709 2688 3106 2760 χαρακτηρίσαι
3130 2688 3228 2759 τὴν
3258 2687 3456 2759 ἀρετὴν
3492 2706 3511 2739 ι
3539 2686 3635 2741 τοῦ
3654 2690 3712 2743 ὲν
3738 2690 3861 2758 ἀρχῇ

2325 2780 2456 2851 πρὸς
2488 2780 2577 2833 τὸν
2602 2779 2735 2832 Θεὸν
2766 2798 2785 2830 ι
2805 2777 2939 2833 Θεοῦ
2971 2778 3164 2846 Λόγου,
3190 2780 3252 2831 ἐκ
3273 2779 3365 2831 τοῦ
3385 2779 3482 2849 τὴν
3510 2779 3691 2849 φωνὴν
3719 2778 3863 2832 αὐτσῦ

2327 2873 2400 2942 μὴ
2428 2871 2616 2941 ὁμοίαν
2648 2867 2784 2925 εἶναι
2816 2869 3139 2942 ἀνθρώποις,
3176 2871 3452 2942 δυνάμεως
3489 2872 3543 2925 δὲ
3584 2872 3863 2943 πεπληρῶ-

2325 2962 2445 3015 σθαι
2479 2962 2644 3025 θείας.
2687 2981 2706 3014 ι
2737 2962 2905 3015 Δὼσει
2944 2980 2964 3014 ι
2993 2962 3121 3033 γὰρ,
3165 2963 3315 3033 φησὶ,
3351 2981 3370 3014 ι
3399 2966 3465 3037 τῇ
3517 2966 3665 3035 φωνῇ
3719 2964 3865 3017 αὐτοῦ

2325 3053 2503 3126 φωνὴν
2535 3054 2834 3125 δυνάμεως.
2869 3071 2887 3104 ι
2912 3054 3023 3107 Καὶ
3062 3053 3316 3125 ἀνωτέρω
3343 3054 3400 3107 δὲ
3437 3054 3676 3122 ἐλέγετο·
3712 3074 3732 3106 ι
3769 3057 3863 3109 Κύ-

2327 3161 2438 3217 ριος
2491 3143 2648 3198 δώσει
2713 3144 2860 3215 ῥῆμα
2925 3146 3036 3207 τοῖς
3107 3143 3601 3216 εύαγγελιζομένοις
3657 3145 3863 3216 δυνάμει

2324 3237 2507 3307 πολλῇ.
2544 3256 2564 3288 ι
2605 3235 2816 3307 Ἐπειδὴ
2848 3236 2955 3307 γὰρ
2996 3238 3030 3307 ᾐ
3078 3235 3225 3306 φωνὴ
3254 3236 3416 3289 αὐτοῦ
3445 3238 3765 3309 πεπλήρωτο
3788 3240 3863 3290 δυ-

2322 3326 2553 3396 νάμεως,
2588 3324 2806 3388 είκότως
2843 3324 2937 3377 καὶ
2985 3326 3094 3387 τοῖς
3134 3324 3631 3395 εύαγγελιζομένοις
3660 3325 3725 3379 τὸ
3754 3328 3863 3397 αρὶ

2322 3415 2483 3470 αὐτοῦ
2506 3416 2763 3487 κήρυγμα
2783 3413 2949 3469 ἐδίδου
2975 3415 3120 3486 ῥῆμα
3146 3415 3240 3468 σὺν
3262 3415 3485 3487 δυνάμει
3508 3416 3694 3488 πολλῇ.
3722 3418 3866 3487 Παρε-

2323 3525 2475 3578 στησι
2506 3507 2563 3561 δὲ
2594 3506 2653 3560 τὸ
2684 3505 2842 3578 ἔργον
2891 3506 2988 3578 τὴν
3016 3505 3429 3578 δύναμιν..Ψιλῇ
3458 3508 3562 3579 γὰρ
3586 3511 3739 3579 φωνῇ
3768 3510 3866 3569 τοῖς

2323 3599 2484 3653 αὑτοῦ
2531 3598 2795 3670 μαθηταῖς
2841 3598 3039 3651 εἰπών’
3105 3616 3124 3649 ε
3174 3596 3336 3651 Δεῦτε
3383 3597 3724 3652 ἀκολουθεῖτὲ
3766 3613 3863 3666 μοι,

676 3676 997 3741 ηιίηιιηι⁶⁸,»
1051 3692 1187 3747 Opus
1244 3676 1419 3746 ipsum
1472 3678 1671 3733 virtute
1722 3693 1822 3741 sua
1877 3678 2070 3733 edebat
2106 3694 2216 3739 :ac

2322 3688 2410 3741 καὶ
2424 3689 2630 3758 ποιήσω
2644 3687 2785 3757 ὑμᾶς
2801 3685 2967 3762 ἁλιεῖς
2981 3686 3075 3739 ἀνθ
3085 3684 3297 3758 ρώπων,
3336 3705 3354 3736 ι
3382 3682 3603 3757 δυνάμει
3630 3686 3695 3739 τὸ
3724 3685 3869 3758 ἔργον

678 3782 893 3824 rursum
924 3782 1047 3823 cum
1080 3770 1422 3837 praecepisset
1458 3770 1645 3826 iisdem
1667 3756 1882 3826 'dicens
1917 3790 1931 3825 :
1969 3791 1987 3822 ι
2016 3771 2221 3829 Euntes

676 3860 865 3913 docete
888 3873 1074 3914 omnes
1100 3868 1286 3930 gentes
1318 3861 1369 3914 in
1393 3862 1609 3917 nomine
1640 3861 1874 3925 meo“,i
1910 3877 2073 3932 apere
2102 3862 2220 3917 vir-

676 3958 842 4006 tutem
871 3950 1145 4006 exhibuit:
1177 3968 1239 4007 ac
1271 3969 1485 4008 rursum
1522 3968 1646 4007 cum
1680 3953 1913 4009 dicereti
1955 3972 1973 4005 ι
1998 3952 2219 4025 Oportet

677 4043 957 4113 praedicari
992 4042 1335 4113 Evangelium
1387 4046 1539 4115 regni
1572 4046 1625 4100 in
1676 4056 1789 4101 toto
1818 4048 1956 4102 orbe
1979 4048 2032 4101 in
2066 4048 2218 4103 testi-

676 4134 913 4189 monium
938 4134 1191 4189 omnibus
1222 4136 1582 4204 gentibus”,i
1620 4138 1771 4193 verbi
1802 4139 2054 4195 virtutem
2086 4138 2218 4209 ipsis

676 4225 935 4296 operibus
973 4226 1434 4295 conspiciendam-
1450 4228 1674 4295 praebuit
1700 4270 1715 4290 ,
1745 4239 1797 4283 et
1849 4228 1985 4283 alias
2035 4231 2114 4284 sic
2139 4230 2219 4283 lo—

675 4326 833 4372 cutus
866 4336 881 4373 :
911 4335 929 4369 ι
952 4315 1125 4387 Supra
1156 4327 1362 4388 petram
1391 4317 1665 4381 aedificabo
1702 4319 1990 4375 Ecclesiam
2018 4336 2214 4385 meam,

674 4420 727 4465 et
759 4418 930 4479 portae
969 4409 1124 4465 inferi
1155 4426 1262 4465 non
1289 4412 1657 4480 praevalebunt
1682 4411 1942 4469 adversus
1976 4429 2093 4495 eam
2114 4416 2213 4479 “,i

674 4517 734 4555 re
765 4502 884 4571 ipsa
915 4502 1023 4555 vim
1070 4502 1380 4557 declaravit.
1430 4502 1627 4557 Eodem
1680 4519 1903 4574 prorsus
1953 4506 2113 4560 modo
2164 4507 2216 4560 iu

676 4591 887 4647 caeteris
937 4593 1189 4647 omnibus
1245 4594 1363 4663 ejus
1400 4595 1663 4651 doctrina:
1698 4597 1879 4653 verbis
1924 4598 2213 4653 admistam

676 4683 912 4736 divinam
951 4684 1068 4751 ejus
1106 4684 1358 4740 virtutem
1396 4688 1790 4756 deprehendas.
1845 4690 2014 4761 Cujus
2049 4706 2217 4746 causa

677 4774 879 4827 dictum
908 4782 991 4829 est
1016 4794 1028 4829 :
1066 4793 1083 4824 ι
1110 4774 1245 4830 Ecce
1268 4779 1417 4831 dabit
1452 4781 1569 4833 voci
1594 4796 1705 4835 sua:
1731 4798 1915 4836 vocem
1945 4784 2211 4837 virtutis.»

681 4862 783 4919 Sed
824 4865 982 4918 etiam
1038 4865 1120 4919 his
1152 4865 1367 4921 traditis
1414 4868 1699 4933 institutis,
1734 4874 1836 4927 sub
1878 4872 1989 4937 haec
2031 4875 2220 4944 praeci-

678 4958 787 5024 pit:
828 4974 845 5007 ι
869 4954 999 5011 Date
1029 4958 1253 5026 gloriam
1310 4958 1416 5014 Deo
1453 4976 1615 5030 super
1648 4961 1839 5017 Israel:
1873 4966 2219 5036 magniﬁcen-

660 5047 753 5125 tia
786 5044 903 5115 ejus
938 5054 994 5101 et
1021 5046 1194 5101 virtus
1220 5048 1337 5118 ejus
1367 5050 1425 5104 iu
1466 5051 1754 5107 nubibus.»
1806 5053 1948 5115 Illud
1975 5055 2213 5123 quidem,

686 5157 703 5188 ι
731 5137 859 5192 Date
901 5125 1133 5209 gloriam.
1160 5138 1318 5205 Deo,»
1350 5143 1603 5198 omnibus
1629 5142 1851 5209 dicitur,
1889 5142 1981 5214 qui
2029 5146 2097 5200 ad
2127 5162 2215 5201 sa-

682 5231 906 5283 lutarem
931 5228 1084 5284 fidem
1112 5240 1404 5297 vocantur;
1437 5234 1567 5288 illud
1590 5243 1791 5299 autem,
1830 5254 1847 5285 ι
1877 5250 2039 5304 super
2060 5235 2219 5291 Israel

682 5316 1077 5388 magnificentia
1133 5320 1307 5389 ejus,»
1368 5321 1630 5391 significat
1660 5338 1753 5379 eos
1790 5338 1853 5377 ex
1901 5321 2097 5377 Isracle
2125 5323 2217 5392 qui

680 5410 894 5466 deitatis
943 5411 1061 5480 ejus
1101 5428 1377 5481 praecones
1418 5412 1655 5475 fuerunt.
1697 5415 1971 5484 apostolos
2014 5414 2219 5469 scilicet

681 5510 735 5553 et
766 5491 1148 5571 evangelislas,
1180 5517 1209 5555 a
1238 5504 1436 5570 quibus
1475 5504 1871 5573 magniﬁcentia
1899 5504 2040 5573 ejus,
2069 5503 2217 5557 vide—

611 5596 618 5606 ’
684 5594 807 5649 licet
868 5594 1100 5659 deitatis,
1174 5596 1522 5650 noscebatur.
1582 5593 1758 5661 Quare
1808 5596 1934 5649 alibi
1975 5594 2212 5649 dicitur:

2321 3778 2524 3832 ἐποίει·
2562 3779 2656 3831 καὶ
2694 3778 2852 3831 πάλιν
2904 3768 3272 3846 ἐντειλάμενος
3315 3777 3494 3839 αὐτοῖς
3545 3776 3637 3828 καὶ
3680 3775 3861 3828 εἰπών·

2324 3888 2345 3920 ο
2382 3869 2735 3941 Πορευθέντες
2798 3867 3165 3939 μαθητεύσατε
3207 3867 3384 3931 πάντα
3417 3866 3486 3919 τὰ
3522 3865 3646 3935 ἔθνη
3690 3868 3749 3919 ὲν
3797 3865 3867 3935 τῷ

2317 3960 2537 4031 ὀνόματί
2568 3977 2691 4031 μου,
2736 3977 2753 4011 ι
2784 3959 2929 4029 ἔργῳ
2950 3958 3055 4029 τὴν
3087 3957 3317 4028 δύναμιν
3341 3957 3542 4010 ἐδείκνυ
3560 3973 3572 3986 ·
3602 3956 3699 4009 καὶ
3727 3953 3863 4017 αὖθις

2316 4050 2514 4105 εἰπών·
2554 4070 2572 4102 ι
2629 4053 2721 4104 Δεῖ
2765 4044 3098 4121 κηρυχθῆναι
3141 4047 3201 4103 τὸ
3228 4048 3550 4116 Εὑαγγέλιον
3589 4049 3691 4118 τῆς
3736 4047 3865 4117 βασι-

2316 4143 2464 4206 λείας
2502 4141 2567 4196 ὲν
2601 4143 2697 4216 ὅλῃ
2746 4144 2812 4213 τῇ
2844 4141 3137 4214 οἰκουμένῃ
3182 4142 3260 4204 είς
3290 4139 3578 4213 μαρτύριον
3607 4141 3741 4193 πᾶσι
3768 4141 3863 4200 τοῖς

2317 4234 2513 4298 ἔθνεσι,
2541 4253 2559 4284 ι
2596 4233 2689 4286 τοῦ
2719 4232 2876 4301 λόγου
2909 4231 3006 4302 τὴν
3034 4231 3258 4300 δύναμιν
3285 4231 3464 4294 αὐτοῖς
3491 4230 3669 4301 ἐρίοις
3694 4230 3861 4300 παρεῖ-

2317 4342 2409 4396 χεν
2441 4326 2571 4396 όρᾷν
2591 4340 2603 4353 ·
2638 4324 2729 4376 καί⁹
2772 4322 2953 4377 ἄλλοτε
2986 4323 3188 4392 φήσαςο
3227 4339 3251 4372 ι
3294 4321 3415 4374 Ἐπὶ
3444 4321 3542 4392 τὴν
3571 4321 3775 4393 πέτραν
3799 4320 3861 4372 oi-

2318 4415 2604 4484 κοδομήσω
2649 4429 2747 4482 μου
2790 4411 2888 4482 τὴν
2927 4411 3267 4483 Ἐκκλησίαν,
3313 4414 3406 4465 καὶ
3452 4413 3611 4465 πύλαι
3649 4413 3776 4483 ᾅδου
3810 4412 3859 4462 οὐ

2318 4503 2727 4572 κατισχύσουσιν
2748 4502 2936 4572 αὐτῆς,
2970 4522 2987 4554 ι
3024 4500 3171 4572 αύτῷ
3210 4502 3488 4573 πράγματι
3514 4502 3608 4572 τὴν
3644 4502 3858 4569 δύναμιν

2318 4593 2711 4665 παρεστήσατο.
2746 4592 2847 4645 Τὸν
2879 4593 3037 4646 αὑτὸν
3064 4588 3156 4647 οὖν
3184 4592 3381 4664 τρόπον
3413 4593 3641 4654 καὶτοῖς
3673 4591 3860 4649 λοιπε-ξ

2317 4685 2489 4738 ἅπασι
2514 4688 2623 4749 τοῖς
2653 4685 2750 4755 τῆς
2778 4684 3116 4748 διδασκαλίας
3144 4683 3306 4738 αὐτοῦ
3336 4685 3543 4755 ῥήμασι
3572 4699 3858 4752 συγκεκρα-

2321 4778 2485 4849 μένην
2514 4779 2689 4850 εὕροις
2719 4780 2784 4833 ἂν
2809 4779 2908 4850 τὴν
2939 4778 3123 4850 θεῖκὴν
3162 4777 3404 4848 δύναμιν.
3440 4770 3515 4828 OB
3546 4776 3704 4847 χάριν
3729 4776 3858 4845 εἴρη-

2317 4886 2437 4923 ται·
2468 4890 2485 4920 ‹
2518 4870 2649 4939 ,Ἰδοὺ
2673 4869 2837 4925 δώσει
2857 4873 2923 4941 τῇ
2946 4873 3094 4941 φωνῇ
3120 4868 3281 4922 αὐτοῦ
3314 4868 3496 4939 φωνὴν
3524 4868 3813 4938 δυνάμεως.
3840 4888 3853 4918 ι

2333 4959 2488 5013 Ἀλλά
2524 4960 2631 5033 γάρ
2660 4962 2832 5015 ταῦτα
2853 4960 3166 5023 παιδεύσας,
3186 4958 3310 5028 ἑξῆς
3328 4958 3749 5030 παρακελεύεται
3772 4960 3858 5027 φά-

2322 5067 2463 5105 σκων
2488 5071 2500 5083 ·
2540 5073 2557 5104 r
2588 5054 2715 5106 Δότε
2743 5053 2897 5120 δόξαν
2929 5050 3007 5121 τῷ
3033 5050 3150 5120 Θεῷ
3185 5050 3391 5103 ὲπὶμτδν
3431 5050 3677 5121 Ἰσραήλο
3710 5052 3744 5121 ή
3779 5068 3858 5119 με·

2318 5139 2681 5212 γαλοπρέπεια
2709 5141 2871 5219 αὐτού
2906 5140 3001 5194 καὶ
3028 5142 3061 5210 ή
3090 5139 3312 5210 δύναμις
3336 5139 3498 5193 αὑτοῦ
3520 5141 3590 5194 νὲν
3628 5142 3751 5202 ταῖς
3789 5154 3856 5190 π-

2318 5231 2521 5300 φέλαις.
2564 5233 2675 5287 »Τὸ
2710 5234 2806 5304 μὲν
2846 5228 2958 5296 οὖν,
2996 5251 3013 5283 ι
3050 5233 3177 5286 Δότε
3203 5231 3354 5296 δόξαν
3377 5230 3454 5301 τῷ
3486 5229 3619 5301 Θεῷ,
3660 5250 3679 5281 ι
3712 5233 3853 5281 πᾶσιν

2324 5324 2528 5397 εἴρηται
2567 5327 2678 5387 τοῖς
2704 5323 3055 5395 κεκλημένοις
3093 5324 3196 5377 ὑπὸ
3233 5324 3327 5394 τὴν
3360 5326 3617 5393 σωτήριον
3655 5322 3852 5374 πίστιν·

2326 5415 2397 5470 Τὸ
2422 5417 2497 5480 δὲ,
2527 5436 2545 5468 ι
2575 5415 2667 5468 ἐπὶ
2707 5416 2798 5469 τὸν
2847 5416 3055 5488 Ἰσραὴλ
3091 5418 3125 5487 ἡ
3162 5414 3600 5487 μεγαλοπρέπεια
3625 5412 3806 5469 αὑτοῦ.
3836 5429 3849 5458 ι

2325 5507 2572 5576 σημαίνει
2611 5507 2737 5570 τοὺς
2780 5505 2838 5571 ἐξ
2879 5506 3088 5580 Ἰσραὴλ
3124 5506 3441 5578 γενομένους
3485 5505 3583 5577 τῆς
3621 5502 3852 5571 θεότηττδς

2323 5594 2483 5647 αὑτοῦ
2512 5596 2771 5667 κήρυκας,
2796 5596 3114 5659 ἀποστόλους
3134 5594 3328 5667 δηλαδὴ
3354 5596 3446 5649 καὶ
3463 5590 3848 5662 εὐαγγελιστάς.

750 5750 787 5779 ⁶¹
815 5747 968 5805 Joan.
1003 5766 1131 5813 ml,
1162 5751 1215 5805 5.
1291 5751 1332 5784 ⁶²
1360 5749 1514 5806 Joan.
1547 5767 1583 5815 I,
1610 5752 1663 5804 I.
1734 5752 1776 5782 ⁸³
1799 5750 1980 5804 Matth.
2022 5766 2091 5812 Iv,
2122 5749 2205 5803 I9.

2322 5747 2538 5802 ’Mallh.
2574 5763 2757 5813 uvm,
2791 5748 2876 5804 19.
2950 5750 2995 5783 ιι
3026 5726 3229 5803 Matth.
3260 5765 3409 5813 ων,
3444 5750 3529 5804 u.
3603 5745 3844 5801 “lauta.

685 5834 787 5877 ιιι,
830 5821 905 5871 l8.
