3966 6348
125 432 216 485 τει
1233 426 1733 486 COMSIENTARIA
1771 424 1836 480 IN
1876 423 2210 479 PSALMOS.

3232 403 3336 472 7'22

119 552 243 620 παρ’
272 546 351 613 οἷς
391 553 423 621 ή
473 549 904 621 μεγαλοπρέπεια
944 547 1105 604 αὑτοῦ
1151 548 1474 619 ὲγνωρίζετο
1497 565 1511 579 ·
1547 547 1679 599 οὕτω

1797 531 2105 609 ιριιοηίιιω
2158 541 2364 595 elevata
2420 548 2504 594 est
2577 539 2975 608 magniﬁcentia
3026 547 3115 591 tua
3171 549 3333 603 super

117 639 210 709 τῆς
243 641 495 709 θεότητος
527 641 688 693 αὑτοῦ
723 640 1073 710 καλουμένης.
1089 639 1189 692 Διὸ
1211 639 1451 693 λέλεκται
1481 641 1536 691 ὲν
1567 639 1684 692 ἑτέ--

121 733 230 795 ltoi:
252 746 265 758 ·
303 749 322 780 ι
366 731 484 782 Ὀτι
527 730 736 800 ἐπήρθη
768 733 800 799 ὴ
839 728 1276 800 μεγαλοπρέπεια
1312 745 1402 781 σου
1436 727 1686 797 ὑπεράνω

119 818 222 870 τῶν
253 819 512 890 οὐρανῶν.
563 840 581 871 ›
611 823 729 872 ’Ότι
762 821 818 873 δὲ
854 821 913 872 οὐ
942 819 1140 883 πάντες
1167 822 1216 872 οἱ
1251 818 1308 885 ἐξ
1352 818 1564 889 Ἰσραήλ
1594 812 1684 871 οὗ·

120 927 196 961 τοι
239 912 476 982 Ἰσραὴλ,
507 913 624 965 οὐδὲ
665 914 743 964 ὅτι
783 913 890 964 εἰσὶ
944 912 1161 984 σπέρμα
1196 910 1442 981 Ἀδραάμ
1489 913 1685 975 πάντες

121 1002 284 1055 τέκνα
304 1020 316 1032 ·
350 1004 444 1056 καὶ
469 1003 544 1065 ὡς
573 1003 635 1055 ὀὐ
664 1001 731 1054 τὰ
765 1002 925 1055 τέκνα
968 1003 1066 1073 τῆς
1090 1000 1290 1072 σαρκὸς
1319 997 1487 1054 ταῦτα
1518 1002 1682 1054 τέκνα

119 1092 210 1143 τοῦ
249 1092 412 1145 Θεοῦ·
455 1093 571 1145 οὐδὲ
594 1095 621 1145 ὁ
647 1093 702 1145 ὲν
731 1090 806 1160 τῷ
845 1090 1060 1161 φανειιῷ
1104 1091 1347 1153 Ἰουδαῖός
1370 1092 1535 1154 ἐστιν,
1567 1093 1686 1145 οὐδὲ

121 1182 237 1248 ήὲν
272 1180 349 1250 τῷ
380 1178 596 1250 φανερῷ
645 1180 702 1230 ὲν
752 1180 912 1248 σαρκὶ
961 1180 1247 1251 περιτομὴ,
1280 1181 1392 1232 ἀλλ’
1436 1182 1464 1232 6
1509 1182 1565 1232 ὲν
1609 1178 1687 1249 τῷ

121 1273 343 1343 κρυπτῷ
377 1272 641 1334 Ἰουδαῖος,
672 1275 762 1326 καὶ
788 1274 1052 1345 περιτομὴ
1078 1273 1297 1343 καρδίας
1325 1275 1381 1325 έν
1398 1273 1681 1342 πνεύματι,

119 1365 177 1414 οὐ
205 1364 513 1434 γράμματι,
548 1364 783 1418 διδάσκει
815 1365 997 1434 σαφῶς
1025 1367 1051 1417 6
1084 1365 1417 1428 Ἀπόστολος.
1447 1366 1566 1418 Ἐπὶ
1596 1367 1685 1417 τὸν

133 1453 344 1524 Ἰσραὴλ
364 1454 590 1525 τοίνυνή
626 1458 1065 1527 μεγαλοπρέπεια
1106 1455 1265 1508 αὑτοῦ
1289 1473 1302 1485 ·
1331 1455 1464 1509 ἀλλὰ
1490 1456 1581 1508 καὶ
1607 1475 1624 1506 ι

119 1544 340 1612 δύναμις
386 1545 544 1597 αὐτοῦ
572 1548 626 1598 ἐν
652 1551 772 1610 ταῖς
800 1548 1075 1616 νεφέλαις·
1115 1567 1133 1599 ι
1167 1549 1293 1619 περὶ
1336 1541 1410 1600 ὧν
1462 1545 1686 1613 Ἡσαΐας

121 1634 359 1697 θεσπίζει
396 1635 589 1702 λέγων·
631 1655 650 1688 ι
683 1639 790 1691 Καὶ
825 1641 944 1700 ταῖς
975 1636 1219 1706 νεφέλαις
1264 1637 1575 1708 έντελοῦμαι
1613 1641 1684 1710 μὴ

121 1723 303 1793 βρέξαι
346 1726 436 1777 ἐπὶ
484 1727 574 1779 τὸν
619 1727 911 1798 ἀμπελῶνα
942 1729 1113 1781 ὑετόν.
1153 1748 1170 1780 ι
1218 1729 1431 1798 Ἐδήλου
1475 1729 1531 1781 δὲ
1577 1731 1684 1800 ἄρα

120 1817 246 1877 τοὺς
285 1818 567 1886 προφήτας
597 1820 686 1871 καὶ
734 1820 857 1883 τοὺς
899 1819 1006 1872 τῶν
1050 1819 1205 1872 θείων
1249 1821 1579 1892 μαθημάτων
1607 1822 1686 1874 δι-

1786 634 2062 689 υωιοεθτδ
2107 631 2261 698 Quod
2307 640 2484 684 autem
2517 645 2624 683 non
2669 643 2858 682 omnes
2895 626 2991 697 qui
3036 642 3101 681 ex
3135 624 3333 678 lsraele

1786 729 1933 788 sunt,
1964 726 2125 780 Israel
2154 721 2381 786 vocandi
2413 725 2552 786 sint;
2583 735 2756 790 neque
2782 720 2909 788 quia
2941 733 3124 772 semen
3165 716 3334 770 Abra—

1784 817 1868 870 hae
1893 821 2040 877 sunt,
2078 807 2198 868 id'eo
2233 827 2422 866 omnes
2469 810 2561 864 ﬁlii
2604 811 2722 878 ejus
2768 810 2905 873 sint;
2953 807 3207 876 quodque
3241 806 3334 859 ﬁlii

1785 908 1969 962 carnis
1997 922 2104 960 non
2155 907 2248 958 ﬁlii
2282 905 2374 959 Dei
2422 903 2612 964 sint“,
2663 916 2836 970 neque
2891 900 2980 969 qui
3028 900 3205 968 palam
3240 897 3336 952 Ju-

1785 998 1954 1058 daaus.
1985 1012 2112 1051 vere
2150 997 2276 1051 talis
2305 997 2397 1054 sit.
2430 1009 2604 1065 neque
2633 1009 2761 1048 vera
2792 992 3138 1046 circumcisio
3168 992 3240 1044 sit
3273 1006 3336 1045 ea

1785 1103 1906 1158 quae
1940 1088 1994 1142 in
2025 1092 2192 1146 carne
2222 1085 2315 1149 ﬁt;
2353 1086 2447 1141 sed
2475 1084 2697 1140 Judaeus
2724 1099 2880 1138 verus
2920 1083 2973 1136 in
3013 1081 3249 1144 occulto,
3282 1090 3338 1134 et

1785 1180 2134 1234 circumcisio
2163 1178 2344 1233 cordis
2380 1179 2433 1231 in
2466 1178 2657 1246 spiritu
2682 1218 2696 1242 ,
2743 1191 2850 1229 non
2879 1173 2934 1228 in
2962 1174 3140 1227 littera
3172 1173 3332 1235 sit“,

1786 1270 1933 1323 clare
1962 1269 2121 1322 docet
2147 1269 2455 1339 Apostolus.
2499 1266 2674 1348 Super
2705 1265 2873 1320 Israel
2921 1264 3087 1333 igitur
3127 1263 3335 1331 magni-

1786 1359 1999 1413 licentia
2025 1360 2144 1428 ejus
2168 1377 2183 1426 ;
2226 1357 2322 1414 sed
2346 1358 2510 1414 etiam
2547 1375 2563 1407 ι
2590 1358 2766 1411 virtus
2787 1356 2905 1425 ejus
2935 1356 2988 1408 in
3020 1354 3285 1409 nubibus:
3309 1372 3329 1408 ι

1768 1453 1852 1526 _de
1885 1453 2082 1522 quibus
2131 1453 2297 1508 Isaias
2322 1452 2647 1506 vaticinatur
2700 1450 2921 1503 dicens:
2966 1467 2982 1498 ι
3010 1446 3076 1501 Et
3101 1446 3334 1503 nubibus

1787 1544 2056 1597 mandabo
2083 1557 2151 1597 ne
2179 1544 2366 1611 pluant
2392 1557 2556 1612 supra
2582 1531 2793 1597 vineam
2831 1540 3068 1610 pluviam
3086 1539 3166 1604 7°;
3193 1557 3210 1588 ι
3247 1538 3332 1591 in-

1787 1637 1978 1690 dicans
2033 1635 2239 1690 scilicet
2292 1634 2604 1703 prophetas,
2657 1641 2712 1688 et
2745 1633 3049 1687 divinarum
3081 1630 3329 1699 discip|i~

1785 1740 1976 1780 narum
2030 1725 2300 1786 doctores,
2332 1724 2445 1792 qui,
2478 1722 2925 1778 subministrante
2953 1721 3182 1791 Spiritu,
3223 1734 3336 1774 co:-

1786 1817 1907 1872 lesti
1935 1816 2113 1886 pluvia
2140 1816 2350 1870 animas
2379 1814 2657 1869 hominum
2689 1821 2747 1867 ut
2774 1816 2974 1868 bonum
3009 1830 3194 1885 agrum
3220 1812 3338 1866 irri-

116 1906 433 1972 δισκάλους,
468 1911 515 1963 οἳ
547 1914 612 1980 τῇ
651 1910 742 1963 τοῦ
785 1911 1097 1978 Πνεύματος
1125 1911 1354 1982 χορηγίᾳ
1398 1913 1487 1964 τὸν
1525 1914 1679 1983 οὐρά·

1788 1909 2006 1978 gabant.
2048 1908 2120 1961 lla
2154 1922 2280 1977 ergo
2309 1907 2483 1960 virtus
2518 1905 2638 1974 ejus
2670 1904 2725 1958 in
2761 1903 3022 1958 nubibus.
3070 1922 3090 1954 ι
3112 1903 3335 1958 Mirabi-

119 2015 226 2050 νιον
255 1999 408 2051 ὑετὸν
431 2002 547 2061 ταῖς
584 1999 691 2052 τῶν
726 1998 1020 2070 ἀνθρώπων
1042 2001 1237 2069 ψυχαῖς
1283 2001 1468 2072 ὥσπερ
1491 2003 1548 2053 ἐν
1581 2001 1686 2072 χώ-

122 2105 236 2156 ραις
268 2089 494 2154 ἀγαθαῖς
520 2090 833 2159 ὲπήρδευον.
881 2088 1063 2152 Οὕτως
1114 2086 1205 2142 οὖν
1254 2091 1345 2143 καὶ
1383 2093 1414 2160 ή
1462 2090 1686 2160 δύναμις

119 2177 281 2233 αὐτοῦ
329 2180 386 2231 ὲν
407 2180 524 2241 ταῖς
560 2179 824 2247 νεφέλαις.
858 2197 879 2232 ι
906 2180 1223 2254 Θαυμαστὸς
1266 2181 1295 2232 6
1337 2181 1465 2244 Θεὸς
1492 2183 1549 2233 ὲν
1576 2185 1684 2244 τοῖς

122 2267 294 2333 ἁγίοις
317 2267 501 2331 αὐτοῦ,
534 2287 552 2320 ι
592 2269 793 2341 ἑτέροις
813 2266 928 2323 οὖσι
950 2257 1099 2343 παρά
1117 2272 1240 2334 τοὺς
1265 2271 1686 2342 προωνομασμέ-

119 2376 235 2421 νους
257 2360 540 2428 προφήτας
571 2359 664 2412 καὶ
691 2361 1228 2425 ἀποστόλους.ΪΤίνες
1253 2362 1296 2415 δ’
1323 2362 1386 2414 ἂν
1413 2357 1518 2415 εἶεν
1545 2356 1685 2417 οὗτοι

119 2449 227 2499 ἀλλ’
253 2451 304 2500 oI
331 2447 390 2512 ἐξ
419 2451 668 2503 ἁπάντων
691 2451 796 2503 τῶν
824 2453 994 2506 ὲθνῶν
1024 2453 1242 2521 ἁγνείας
1265 2455 1356 2507 καὶ
1383 2454 1684 2524 ἁγιωσύνης

120 2537 438 2617 ἡξιωμένοι;
471 2541 526 2592 έν
553 2535 632 2602 οἷς
660 2542 752 2593 καὶ
785 2540 1093 2612 θαυμαστός
1115 2545 1261 2596 ὲστιν
1283 2545 1311 2596 6
1338 2545 1488 2609 Θεὸς,
1514 2545 1684 2608 διδοὺς

120 2627 298 2688 αὐτοῖς
325 2625 549 2695 δύναμιν
589 2629 682 2679 καὶ
720 2633 1070 2700 κραταίωσιν.
1103 2633 1187 2684 Διὸ
1229 2633 1491 2701 συνῆπται
1529 2634 1679 2705 ἑξῆς·

124 2734 141 2763 ι
182 2715 238 2766 Ὀ
265 2713 398 2777 Θεὸς
440 2716 654 2786 Ἰσραὴλ
678 2718 837 2779 αὐτὸς
864 2718 1021 2771 δώσει
1047 2719 1272 2790 δύναμιν
1297 2724 1388 2774 καὶ
1417 2726 1684 2793 κραταίω-

123 2821 199 2856 σιν
230 2803 310 2874 τῷ
338 2803 453 2874 λαῷ
479 2806 664 2868 αὐτοῦ,
691 2807 974 2878 εὐλογητὸς
1001 2810 1029 2860 6
1058 2810 1205 2873 Θεός.
1242 2830 1259 2862 ι
1286 2813 1452 2866 Πάλιν
1481 2815 1534 2867 δὲ
1559 2816 1679 2867 κάν·

121 2894 288 2947 ταῦθα
326 2895 554 2965 δύναμιν
600 2898 907 2966 ἀναγκαίως
935 2899 1129 2952 διδόναι
1154 2900 1396 2956 λέλεκται
1431 2904 1507 2974 τῷ
1544 2905 1683 2975 άγίῳ

124 2983 226 3048 λ.αῷ
254 2983 440 3048 αὐτοῦ,
491 2985 575 3037 ἵνα
620 2986 838 3056 δύνηται
886 2986 1097 3056 λέγειν·
1130 3006 1149 3040 ι
1191 2990 1372 3044 Πάντα
1423 2994 1585 3062 ἰσχύω
1624 2995 1681 3046 ὲν

120 3076 194 3143 τῷ
217 3076 599 3147 ἐνδυναμοῦντί
631 3095 714 3148 με.
746 3098 764 3128 ι
789 3080 933 3135 Ἐδει
963 3081 1088 3152 γὰρ,
1119 3082 1303 3153 ὥσπερ
1322 3087 1433 3146 τοῖς
1452 3087 1678 3154 εὐαγγε-

122 3166 414 3235 λιζομένοις
444 3168 619 3221 δέδοτο
641 3169 791 3240 ῥῆμα
823 3173 918 3223 σὺν
944 3167 1166 3244 δυνάμει
1199 3174 1388 3246 πολλῇ,
1414 3177 1552 3229 οὕτω
1587 3178 1676 3229 καὶ

1791 2000 1857 2055 lis
1904 1997 2045 2052 Deus
2082 1998 2136 2051 in
2185 1998 2388 2052 sanctis
2443 1997 2610 2060 suis,»
2667 1996 2763 2065 qui
2811 1995 2901 2048 alii
2952 2004 3134 2049 sunta
3171 2010 3337 2064 supra

1789 2089 2101 2144 memoratis
2150 2088 2426 2156 prophetis
2478 2097 2532 2142 et
2600 2086 2882 2158 apostolis.
2938 2085 3170 2152 Quinam
3227 2086 3330 2150 illi,

1790 2180 1895 2234 nisi
1936 2180 2027 2249 qui
2061 2196 2127 2234 ex
2153 2179 2408 2232 omnibus
2450 2179 2704 2248 gentibus
2741 2179 2994 2234 castitate
3039 2186 3092 2234 et
3134 2178 3336 2234 sanctir

1789 2271 1970 2325 monia
2002 2271 2189 2324 donati
2223 2270 2383 2324 sunt?
2412 2270 2702 2346 inquibus
2751 2269 3020 2324 mirabilis
3060 2268 3201 2325 Deus
3228 2277 3332 2331 est,

1789 2366 1882 2436 qui
1911 2365 2166 2419 virtutem
2193 2372 2247 2418 et
2275 2362 2440 2416 robur
2463 2362 2595 2430 ipsis
2626 2362 2902 2432 impertiit.
2936 2363 3113 2426 Quare
3143 2359 3338 2417 deinde

1790 2456 2132 2525 subjungitur
2163 2474 2173 2507 :
2236 2473 2252 2504 ι
2277 2452 2416 2507 Deus
2465 2451 2629 2506 Israel
2678 2451 2794 2520 ipse
2827 2449 2976 2503 dabit
3004 2451 3253 2504 virtutem
3283 2456 3337 2503 ct

1789 2550 2161 2603 fortitudinem
2207 2546 2348 2615 plebi
2414 2560 2545 2608 sum,
2595 2541 2915 2597 benedictus
2973 2540 3169 2596 Deus.»
3237 2538 3336 2596 Hic

1787 2654 2006 2695 rursum
2061 2638 2311 2691 virtutem
2365 2643 2556 2691 sancto
2606 2635 2805 2703 populo
2855 2634 2973 2703 ejus
3024 2632 3332 2687 necessario

1787 2729 1900 2783 dari
1935 2728 2030 2789 ait,
2082 2734 2140 2779 ut
2169 2726 2341 2794 possit
2370 2724 2550 2778 dicere
2589 2742 2601 2775 :
2659 2742 2677 2774 ι
2702 2721 2894 2777 Omnia
2924 2731 3143 2793 passum
3174 2722 3227 2775 in
3269 2737 3335 2776 eo

1786 2820 1877 2890 qui
1927 2833 2010 2872 me
2057 2816 2444 2870 confortat“.i
2482 2809 2737 2882 Oportuit
2761 2814 2930 2876 enim,
2963 2820 3019 2865 ut
3054 2812 3328 2880 evangeli-

1786 2908 2045 2962 zantibus
2070 2907 2293 2962 verbum
2323 2904 2506 2958 datum
2556 2902 2729 2956 fuerat
2755 2917 2875 2956 cum
2910 2904 3108 2956 virtute
3137 2901 3328 2961 multa.
3372 2962 3376 2967 ,

1787 2996 1860 3049 ita
1891 3011 2108 3065 quoque
2143 2994 2343 3064 popqu
2389 2993 2509 3062 ejus
2558 2983 2724 3048 rObur
2754 2999 2807 3046 et
2837 2991 3086 3044 virtutem
3122 2988 3330 3043 submi-

1786 3085 2030 3148 nistrari,
2065 3092 2134 3138 ut‘
2156 3085 2327 3153 possit
2372 3092 2559 3138 contra
2591 3083 2862 3138 versutias
2907 3081 3109 3136 diaboli
3147 3080 3330 3134 consi-

1786 3185 1948 3242 stere,
1982 3192 2043 3231 ac
2076 3177 2298 3246 perinde
2328 3181 2489 3244 atque
2519 3173 2720 3228 Paulus
2751 3174 2932 3227 dicere
2965 3192 2976 3226 :
3023 3191 3040 3223 ι
3070 3171 3202 3238 Quis
3232 3187 3331 3225 nos

119 3256 192 3332 τῷ
235 3256 347 3327 λαῷ
386 3259 548 3336 αὑτοῦ
598 3260 924 3330 κραταίωσιν
978 3265 1071 3316 καὶ
1113 3265 1336 3336 δύναμιν
1395 3269 1670 3337 παρέχειν,

1782 3267 2044 3340 separabit
2075 3283 2105 3320 a
2136 3267 2401 3322 cbaritate
2428 3266 2556 3320 Dei?
2593 3265 2895 3327 tribulatio,
2945 3279 3012 3317 an
3053 3262 3329 3332 angustia,

120 3347 251 3414 πρὸς
285 3349 344 3400 τὸ
371 3348 623 3403 δύνασθαι
661 3351 906 3406 ἵστασθαι
953 3355 1086 3425 πρὸς
1119 3355 1230 3425 Ιτὰς
1262 3356 1538 3427 μεθόδείας
1582 3359 1672 3412 τοῦ

1781 3377 1847 3415 an
1879 3357 2206 3429 persecutio,
2235 3371 2302 3409 an
2332 3355 2562 3409 fames"
2583 3355 2604 3406 *ί
2626 3373 2644 3406 ›
2683 3365 2737 3409 et
2764 3357 2849 3409 bis
2876 3354 3093 3409 similia.

118 3435 377 3504 διαϐόλου,
403 3445 493 3494 καὶ
531 3441 705 3510 λέγειν
738 3445 937 3513 ὁμοίως
999 3445 1223 3517 Παύλῳ·
1281 3465 1299 3500 ι
1332 3449 1427 3513 Τίς
1483 3453 1628 3522 ἡμᾶς
1664 3455 1884 3524 χωρίσει
1927 3453 2034 3506 ἀπὸ
2075 3452 2173 3520 τῆς
2214 3449 2429 3517 ἀγάπης
2479 3445 2572 3523 ’τρῦ
2613 3446 2785 3510 θεοῦὲ
2835 3445 3008 3513 θλίψις
3053 3445 3085 3514 ἢ
3155 3459 3332 3502 mo"

119 3531 307 3599 χωρθι,
338 3531 371 3600 ἢ
397 3531 649 3601 διωγμὸς,
691 3535 723 3605 ἢ
769 3534 950 3604 λιμός;
985 3554 1002 3587 ι
1037 3538 1130 3590 καὶ
1160 3538 1226 3590 τὰ
1265 3539 1472 3603 τούτοις
1507 3543 1876 3614 παραπλήσια.

122 3641 224 3692 ΕΙΣ
265 3639 350 3695 ΤΟ
392 3642 643 3703 ΤΕΛΟΣ,
695 3643 878 3698 ΥΠΕΡ
937 3645 1068 3698 ΤΩΝ
1117 3647 1674 3707 ΑΛΔΟΙΩΘΗΣΟΜΕ-

310 3735 315 3742 ~
549 3714 706 3777 ΝΩΝ,
745 3715 832 3785 TI}
871 3716 1088 3771 ΔΑΥΙΔ.
1129 3717 1250 3772 EH’.

193 3818 212 3850 ‹
253 3799 431 3853 Σῶσόν
487 3818 574 3872 με,
621 3803 650 3854 6
691 3803 841 3868 Θεὸς,
874 3805 953 3857 ὅτι
1001 3807 1317 3878 εἰσήλθοσαν
1364 3810 1529 3865 ὕδατα
1573 3793 1678 3876 ἕως

123 3889 294 3959 ψυχῆς
351 3910 468 3960 μου.
515 3913 533 3944 ι
595 3895 860 3964 Τέτταρές
916 3898 1051 3950 εἰσιν
1107 3900 1160 3960 οἱ¹
1214 3900 1675 3972 ἐπιγεγραμμένοι

128 3999 143 4027 ι
187 3979 357 4050 ’Υπὲρ
381 3984 489 4036 τῶν
509 3973 1043 4056 ἀλλοιωθησομένων·
1083 4007 1101 4038 ι
1137 3988 1228 4041 δύο
1255 3990 1351 4059 μὲν
1374 3986 1466 4043 τοῦ
1496 3993 1673 4057 Δαυῒδ,

125 4073 147 4122 ὁ
178 4071 315 4139 μετὰ
341 4076 524 4142 χεῖρας
549 4077 639 4127 καὶ
664 4078 693 4130 ὁ,
723 4076 946 4128 νϐ’·-τῶν
977 4078 1035 4130 δὲ
1063 4079 1193 4130 υἱῶν
1214 4081 1356 4150 Κορὲ
1380 4077 1479 4146 εἷς,
1510 4088 1538 4137 6
1573 4083 1674 4155 μᾶ,

126 4159 213 4206 καὶ
259 4160 352 4209 τοῦ
395 4160 564 4228 Ἀσάφ
606 4162 805 4228 ὁμοίως
850 4164 878 4214 6
918 4163 1010 4216 οϐ’.
1057 4165 1178 4219 Ἐπὶ
1221 4167 1435 4223 πάντων
1473 4172 1526 4225 δὲ
1560 4175 1680 4226 ἀντὶ

127 4245 234 4306 τοῦ,
280 4265 299 4297 ι
342 4248 511 4322 Ὑπὲρ
560 4250 666 4302 τῶν
711 4252 1234 4325 ἀλλοιωθησομένων,
1270 4281 1288 4310 ι
1323 4264 1351 4314 ὁ
1387 4262 1481 4331 μὲν
1522 4264 1677 4317 Ἀκύ-

126 4336 236 4398 λας,
271 4356 290 4386 ι
340 4338 460 4390 Ἐπὶ
503 4341 722 4410 κρίνων,
757 4362 775 4394 ι
822 4344 1146 4398 ἐκδέδωκεν·
1194 4350 1222 4400 6
1262 4351 1320 4403 δὲ
1365 4353 1674 4423 Σύμμαχος,

130 4446 146 4475 ι
191 4426 362 4496 ’Υπὲρ
399 4427 505 4480 τῶν
549 4430 740 4484 ἀνθῶν.
780 4451 798 4483 ι
847 4432 904 4496 Ὀ
931 4437 1025 4504 μὲν
1052 4433 1142 4490 οὖν
1177 4439 1258 4507 μδ¹
1283 4439 1379 4510 τὴν
1425 4445 1551 4512 περὶ
1585 4443 1675 4495 τοῦ

136 4517 439 4585 ’Δγαπητοῦ
489 4524 820 4591 προφητείαν
858 4530 1118 4596 περιεῖχε,
1164 4529 1262 4598 τῆς
1301 4547 1360 4601 τε
1408 4531 1467 4593 ἐξ
1510 4531 1674 4584 ἐθνῶν

1777 3654 1842 3707 1N
1890 3651 2095 3707 FINEM
2121 3689 2136 3715 ,
2175 3647 2336 3721 tino
2362 3646 2448 3721 ns
2473 3647 2612 3721 ppu
2652 3641 3326 3721 ACQMIUTABUNTUR.

2207 3712 2337 3773 IPSI
2379 3712 2608 3770 DAVID.
2652 3715 2877 3770 LXVIII.
2914 3734 2924 3744 κ-

1846 3811 2011 3866 Vens.
2043 3812 2097 3872 Ξ,
2129 3812 2180 3865 ’5.
2221 3829 2238 3861 ι
2278 3810 2495 3864 Salvum
2527 3824 2611 3862 me
2649 3807 2751 3868 fac,
2779 3805 2941 3864 Deus.
2975 3802 3228 3872 quoniam
3255 3802 3331 3856 in-

1779 3911 2059 3959 traverunt
2080 3918 2232 3972 aqua:
2258 3916 2428 3970 usque
2458 3900 2522 3952 ad
2546 3898 2778 3950 animam
2810 3910 3052 3947 meam.»
3087 3892 3334 3957 Quatuor

1778 3995 1968 4064 psalmi
2006 4013 2027 4045 ι
2079 3992 2185 4048 Pro
2235 3991 2302 4045 iis
2354 3989 2445 4058 qui
2487 3986 2964 4042 commutabuntur
3017 4004 3035 4037 ι
3082 3985 3327 4055 inscripti

1779 4089 1925 4136 sunt.
1958 4079 2074 4133 Duo
2106 4077 2344 4139 Davidis,
2379 4091 2571 4144 nempe
2605 4075 2692 4127 hic
2739 4089 2897 4142 quem
2949 4081 3244 4129 tractamus
3277 4084 3331 4130 et

1781 4189 1869 4226 Lux
1901 4191 1913 4225 :
1945 4171 2174 4223 ﬁliorum
2203 4166 2339 4220 Core
2362 4182 2521 4228 unus,
2542 4166 2746 4219 scilicet
2769 4178 2890 4216 κων
2914 4181 2928 4227 ;
2957 4164 3157 4232 Asajhi
3181 4165 3331 4218 simi-

1776 4263 1896 4316 liter
1929 4273 2111 4320 ιιι-χιχ.
2144 4258 2200 4310 ln
2229 4257 2481 4310 omnibus
2530 4269 2692 4323 porro
2719 4253 2864 4306 illius
2895 4254 3032 4318 loco,
3066 4275 3083 4303 ι
3129 4254 3232 4308 Pro
3264 4255 3329 4310 iis

1778 4352 1868 4419 qui
1900 4351 2398 4408 commutabuntur,
2439 4367 2456 4397 1
2495 4345 2708 4413 Aquila,
2743 4362 2761 4394 ι
2797 4343 2970 4414 Super
2992 4346 3121 4411 lilia,
3157 4365 3175 4397 ι
3212 4346 3327 4399 edi-

1780 4444 1858 4496 dit
1887 4461 1900 4507 ;
1927 4441 2279 4512 Symmachus
2310 4453 2459 4498 vero,
2490 4454 2509 4485 ι
2551 4435 2656 4488 Pro
2684 4434 2923 4489 ﬁoribus.
2964 4454 2981 4485 ι
3021 4434 3330 4506 ρυαάταεεφ

1781 4535 1952 4587 simus
1980 4535 2159 4600 itaque
2190 4537 2416 4600 quartus
2446 4527 2511 4580 de
2544 4525 2748 4578 Dilecto
2787 4526 3141 4594 prophetiam,
3166 4535 3326 4595 atque

135 4607 452 4702 'lil‘xnlnaia;
489 4611 594 4681 τὴν
627 4613 733 4666 ἀπὸ
775 4615 880 4668 τῶν
909 4618 1158 4689 χειρόνων
1199 4621 1290 4674 ἐπὶ
1331 4622 1400 4672 τὰ
1444 4621 1673 4692 κρείττω

1782 4626 2010 4702 gentium
2051 4623 2306 4676 Ecclesia:
2338 4633 2367 4670 a
2406 4618 2683 4685 pejoribus
2717 4616 2780 4668 ad
2817 4615 3038 4669 meliora
3081 4617 3328 4669 immuta-

122 4699 436 4753 ἀλλοίωσιν·
478 4703 507 4753 6
549 4703 606 4757 δὲ
650 4711 1007 4776 πεντηκοστὸς
1052 4711 1235 4776 ἔνατος
1273 4712 1539 4783 ἀποϐολὴν
1579 4714 1671 4767 τοῦ

1782 4699 1996 4778 tionem,
2049 4709 2463 4779 complectitur;
2503 4707 2983 4786 quinquagesimus
3017 4722 3191 4761 nonus
3231 4711 3327 4761 ab-

137 4790 400 4843 Ἰουδαίων
430 4791 613 4858 ἔθνους
641 4797 732 4848 καὶ
762 4798 869 4850 τῶν
903 4801 1206 4869 ἀλλοφύλων
1246 4801 1411 4855 ἐθνῶν
1451 4804 1549 4872 τὴν
1582 4807 1674 4858 ἐπὶ

1782 4806 2059 4875 iectionem
2083 4800 2291 4855 Judaici
2313 4800 2517 4869 populi,
2536 4798 3063 4868 alienigenarumque
3086 4799 3320 4866 gentium

124 4877 187 4928 τα
213 4878 472 4933 κάλλιστα
502 4881 828 4954 μεταϐολήν·
869 4887 896 4937 6
923 4887 978 4938 δὲ
1005 4889 1077 4954 οθ’
1110 4886 1262 4954 αὖθις
1292 4892 1388 4960 τὴν
1417 4890 1510 4943 τοῦ
1547 4893 1675 4945 Ἰουη

123 4965 280 5019 δαίων
307 4967 490 5033 ἔθνους
516 4973 848 5040 ἀπόπτωσιν,
875 4978 966 5031 καὶ
999 4978 1089 5029 τοῦ
1112 4981 1359 5051 Σωτῆρος
1386 4983 1417 5049 ἡ
1427 4980 1541 5050 μῶν
1575 4983 1670 5052 τὴν

125 5057 525 5130 ὲνανθρώπησιν
559 5065 825 5134 σημαίνει.
855 5067 1086 5129 Εἰκότως
1113 5064 1206 5121 οὖν
1233 5071 1325 5123 καὶ
1353 5071 1382 5122 6
1407 5069 1542 5142 μετὰ
1566 5075 1674 5142 χεῖ-

131 5162 240 5218 Ρα-ςν
294 5166 313 5196 ι
362 5150 527 5221 ’Υπὲρ
573 5154 678 5207 τῶν
718 5157 1238 5228 ἀλλοιωθησομένων,
1291 5179 1308 5210 ι
1341 5160 1396 5228 ἢ,
1443 5179 1461 5210 ι
1508 5163 1674 5235 Ὑπὲρ

126 5236 227 5288 τῶν
250 5238 443 5301 ἀνθῶν,
477 5260 495 5290 ι
527 5246 666 5297 κατὰ
685 5248 774 5299 τὸν
808 5249 1201 5319 Σύμμαχον,’ἢ,
1235 5269 1251 5300 ι
1276 5250 1396 5303 Ἐπὶ
1419 5253 1666 5324 κρίνων.»

130 5325 265 5378 κατὰ
294 5326 384 5377 τὸν
426 5328 667 5396 Ἀκύλαν,
694 5336 1084 5408 ἐπιγέγραπται
1105 5357 1116 5370 ·
1145 5342 1330 5412 ἐπειδὴ
1360 5343 1457 5412 τὴν
1489 5345 1671 5398 ὲπΥτὸ

1777 4897 1842 4952 ad
1893 4891 2337 4962 przestantissima
2362 4889 2770 4944 conversionem
2802 4905 2815 4950 ;
2857 4895 3068 4942 rursum
3103 4897 3323 4954 septua-

1777 4985 2012 5056 gesimus
2052 4995 2226 5036 nonus
2274 4979 2484 5035 Iudaici
2515 4978 2696 5048 p0puli
2731 4978 2958 5047 lapsum,
2992 4984 3045 5030 et
3078 4975 3324 5030 Salvato-

1779 5081 1853 5133 ris
1907 5077 2078 5130 nostri
2133 5074 2554 5129 incarnationem
2618 5070 2904 5140 signiﬁcat.
2954 5066 3083 5122 Jure
3141 5067 3321 5136 itaque

1777 5185 2012 5240 praesens
2043 5170 2169 5224 item
2199 5168 2459 5237 psalmus,
2499 5183 2518 5212 ι
2552 5163 2655 5216 Pro
2693 5164 2759 5219 iis
2786 5163 2876 5232 qui
2908 5160 3319 5216 commutabun-

1776 5270 1902 5325 tur;
1951 5282 1968 5311 ι
2003 5267 2094 5312 aut
2143 5277 2161 5309 ι
2198 5257 2299 5309 Pro
2338 5254 2580 5322 ﬁoribus,
2626 5275 2642 5305 ο
2686 5261 2744 5305 ut
2788 5250 3316 5320 Symmachus;aut,

1781 5371 1798 5402 ι
1835 5352 2008 5420 Super
2029 5350 2162 5413 lilia,
2202 5366 2229 5398 ι.
2259 5356 2318 5400 ιιι
2354 5345 2566 5416 Aquila.
2599 5343 2892 5412 inscriptus
2920 5345 3028 5403 est.
3057 5341 3180 5410 quia
3218 5355 3316 5408 po.

130 5417 302 5510 χεῖρον
351 5416 625 5510 ἀλλοίωσιν
658 5424 751 5476 τοῦ
785 5428 1189 5502 ὲκ-περιτομῆς
1220 5430 1346 5483 λαοῦ
1390 5433 1482 5484 καὶ
1514 5435 1670 5496 αὐτὸς

1782 5441 1882 5508 puli
1909 5416 1976 5496 ex
2006 5437 2422 5495 circumcisione
2453 5436 2516 5490 ad
2544 5435 2727 5510 pejora
2767 5433 3113 5488 mutationem
3145 5431 3319 5484 conti-

130 5507 387 5600 περιέχει,
414 5507 524 5574 οὓς,
550 5503 706 5582 κρίνα
735 5518 826 5570 καὶ
852 5517 985 5590 ἄνθη
1013 5523 1151 5576 κατὰ
1180 5522 1364 5593 καιρὸν
1388 5523 1668 5592 ὀφθέντας,

131 5598 281 5662 ἡ-ὲπὶ
321 5598 386 5652 τὰ
411 5601 573 5672 χείρω
605 5603 868 5674 διεδέξατο
913 5614 1196 5686 μεταϐολή.
1229 5613 1524 5675 mosmos
1571 5615 1670 5667 αὐ-

198 5711 404 5796 ‘1Psal.
442 5731 558 5782 vm,
635 5721 686 5779 2.
764 5726 807 5759 ⁸⁸
837 5723 990 5782 Rom.
1029 5745 1102 5796 ix,
1133 5730 1238 5785 6-8.

135 5795 245 5843 rm,
276 5782 360 5836 35.

1769 5537 1883 5594 net,
1935 5531 2026 5600 qui
2071 5542 2193 5584 cum
2246 5527 2374 5580 liliis
2428 5532 2480 5579 ct
2521 5513 2747 5577 ﬁoribus
2794 5523 2919 5576 olim
2965 5519 3168 5575 similes
3214 5522 3316 5574 visi

1771 5618 2025 5682 fuissent,
2076 5618 2186 5686 jam
2230 5615 2295 5669 ad
2347 5613 2614 5668 deteriora
2666 5611 3023 5666 declinarunt.
3068 5607 3314 5664 Floribus

1341 5731 1383 5763 ⁶⁹
1408 5730 1561 5788 llom.
1598 5749 1657 5798 ιι,
1691 5717 1778 5802 ΞΒ,
1817 5734 1906 5795 29.

2009 5737 2054 5769 ⁷ο
2094 5738 2199 5790 lsa.
2235 5751 2286 5798 ν,
2320 5731 2370 5787 6.
2471 5732 2512 5763 ”
2538 5713 2770 5801 Pliilipp.
2805 5745 2878 5791 Iv,
2922 5728 3007 5782 15.
3084 5729 3126 5758 ⁷⁸
3157 5726 3310 5783 Rom.
