3950 6342
658 432 758 487 725

1321 433 1585 490 EUSEBII
1623 421 2096 489 CIESARIENSIS
2135 433 2281 488 OPP.
2321 431 2502 486 PARS
2537 431 2623 488 lll.
2655 462 2722 472 -—
2761 429 3164 485 EXEGEI‘ICA.
3751 430 3831 482 iii

654 554 835 602 autem
863 546 985 630 illos
1025 547 1192 602 Isaias
1244 559 1522 618 comparat
1551 552 1772 607 dicens:
1810 570 1827 601 ι
1860 551 2050 604 Omnis
2074 533 2198 604 caro

2301 549 2426 611 τοὺς
2453 547 2784 619 παραϐάλλει
2813 548 2906 607 καὶ
2938 547 2966 597 ὁ
3001 545 3220 609 Ἡσαῖας
3248 543 3450 612 λέγωντ
3493 563 3509 594 ί
3549 545 3696 598 Πᾶσα
3721 547 3830 616 σὰρξ

651 636 857 702 fenum,
889 642 942 690 et
972 638 1144 692 omnis
1172 639 1341 708 gloria
1374 640 1494 708 ejus
1524 642 1676 710 quasi
1713 641 1809 697 llos
1841 641 1971 696 feni.
2010 640 2201 695 Exsic-

650 731 831 777 catum
860 733 944 779 est
992 725 1193 790 fenum,
1235 735 1287 780 et
1320 727 1418 783 ﬂos
1457 729 1654 783 decidit
1682 730 1747 781 υ.
1795 750 1812 780 μ
1865 728 2028 794 Queis
2081 745 2205 798 spe-

649 815 856 869 ciosum
889 815 1036 870 illum
1059 817 1126 870 ad
1153 816 1313 872 breve
1339 825 1551 888 tempus
1577 804 1855 882 ﬂorentem
1883 833 2200 888 corporeum

648 900 952 958 Judmorum
986 906 1188 959 cultum
1225 905 1352 960 feno
1383 917 1436 968 et
1465 908 1687 963 floribus
1720 909 1947 964 confert.
1978 907 2036 963 In
2062 925 2200 979 pra:-

649 997 788 1051 senti
819 1013 1033 1067 quoque
1060 998 1234 1053 floridi
1265 1007 1451 1053 eorum
1489 1008 1660 1056 status
1685 1002 1748 1055 ad
1775 1002 2044 1056 deteriora
2079 1019 2199 1056 mu—

647 1086 904 1142 lationem
941 1095 993 1141 et
1023 1089 1431 1144 conversionem
1463 1089 1698 1145 declarat
1740 1091 1793 1146 in
1828 1093 2199 1161 sequentibus,

647 1179 738 1234 ubi
779 1179 978 1234 dicitur
1009 1200 1020 1235 :
1051 1199 1068 1234 ‹
1107 1179 1224 1236 Fiat
1257 1197 1438 1236 mensa
1494 1197 1681 1237 eorum
1734 1198 1915 1236 coram
1967 1184 2100 1253 ipsis
2146 1185 2200 1237 in

646 1267 934 1337 laqueum,
985 1277 1039 1323 et
1092 1270 1148 1321 in
1193 1270 1601 1329 retributionem
1655 1279 1708 1326 et
1752 1273 1805 1338 in
1859 1273 2198 1327 scandalum.

644 1357 1015 1413 Obscurentur
1043 1360 1186 1415 oculi
1228 1375 1437 1424 eorum,
1490 1377 1559 1417 ne
1611 1363 1848 1430 videant,
1907 1382 1925 1416 ι
1979 1371 2084 1418 etc.
2137 1364 2200 1421 Et

644 1447 770 1514 quia
802 1447 980 1517 longis
1011 1434 1196 1517 postea
1218 1451 1553 1519 temporibus
1593 1451 1705 1509 hmc
1735 1461 1992 1507 eventura
2017 1460 2194 1515 erant,

644 1534 980 1598 necessario,
1023 1552 1040 1582 ε
1074 1533 1133 1587 ln
1173 1535 1356 1600 tinem,
1398 1554 1418 1588 ι
1454 1535 1775 1606 inscriptum
1823 1547 1924 1592 est.
1963 1538 2027 1591 Et
2072 1554 2198 1593 vero

643 1636 819 1692 neque
855 1623 1121 1692 psalmus,
1161 1640 1336 1693 neque
1378 1627 1668 1690 canticum,
1720 1643 1895 1698 neque
1943 1629 2193 1700 hymnus,

647 1713 820 1780 neque
835 1712 972 1780 'quid
1003 1712 1180 1767 simile
1208 1722 1292 1768 est
1319 1732 1331 1767 :
1364 1715 1489 1784 quia
1539 1730 1603 1771 ea
1647 1732 1765 1791 qua:
1792 1719 2198 1788 subsequuntur

644 1817 752 1854 non
803 1812 1163 1859 consentanea
1193 1805 1285 1877 tali
1338 1806 1495 1868 titulo
1545 1816 1719 1862 erant.
1772 1809 1950 1875 Quare
1995 1813 2198 1878 dixeris

2309 641 2515 713 χόρτος,
2546 641 2637 693 καὶ
2663 642 2810 694 πᾶσα
2842 638 2966 703 δόξα
2997 639 3164 708 αὐτῆς
3193 637 3266 700 ὡς
3307 636 3464 701 ἄνθος
3491 637 3678 707 χόρτου
3699 656 3709 668 ο
3733 637 3831 710 ἐξη-

2312 733 2477 804 ράνθη
2511 735 2538 784 6
2580 734 2791 803 χόρτος,
2825 733 3003 784 καὶτὸ
3045 729 3201 792 ἄνθος
3229 728 3452 795 ἐξέπεσε
3477 746 3491 758 ο
3530 747 3548 780 ›
3599 729 3662 782 δι’
3685 722 3750 782 ὧν
3785 732 3832 782 τὸ

2308 827 2442 897 πρὸς
2482 825 2685 896 βραχύν
2713 837 2831 878 τινα
2872 824 3057 893 χρόνον
3090 821 3324 891 ἀνθῆσαν
3352 820 3445 873 καὶ
3479 820 3673 892 ὡραῖον
3700 822 3833 890 ὀφθέν

2305 919 2403 989 τῆς
2431 918 2744 988 σωματικῆς
2775 916 3045 995 ,Ἰουδαίων
3088 912 3378 984 θρησκείας
3421 913 3596 985 χόρτῳ
3634 914 3722 966 καὶ
3759 915 3833 979 ἀν-

2306 1007 2453 1064 θεσιν
2499 1007 2802 1070 ἀπεικάζει.
2841 1007 2948 1058 Κάὶ
2990 1005 3076 1058 διὰ
3117 1004 3224 1059 τῶν
3267 1004 3639 1075 προκειμένων
3683 1005 3833 1060 τοίνυν

2305 1103 2400 1174 τὴν
2431 1104 2711 1156 ἀλλοίωσιν
2743 1103 2833 1155 καὶ
2865 1103 2961 1172 τὴν
2997 1101 3085 1152 ἐπὶ
3125 1101 3185 1154 τὸ
3213 1102 3389 1172 χεῖρον
3441 1098 3727 1171 μεταϐολὴν
3754 1100 3835 1169 τῆς

2305 1195 2471 1263 ᾶνθης
2499 1194 2615 1265 (sic)
2660 1193 2835 1247 αὐτῶν
2880 1192 3171 1263 παρίστησι
3216 1192 3415 1264 προῖὼν
3444 1195 3472 1248 6
3499 1192 3652 1259 λόγος
3691 1194 3741 1244 ἐν
3770 1187 3834 1255 (οἷς

2307 1302 2437 1354 φησι
2460 1303 2472 1314 ·
2513 1305 2531 1336 ι
2566 1283 2849 1354 Γενηθήτω
2883 1283 3183 1355 ήτράπεζα
3224 1282 3402 1339 αὐτῶν
3434 1282 3659 1339 ἐνώπιον
3685 1281 3834 1334 αὐτῶν

2305 1377 2383 1438 εἰς
2413 1376 2614 1444 παγίδα
2655 1374 2748 1428 καὶ
2781 1376 2860 1436 είς
2903 1373 3252 1428 ἀνταπόδοσιν
3291 1374 3383 1427 καὶ
3430 1376 3516 1452 εἰς.
3545 1355 3833 1430 σκάνδαλον.

2305 1466 2745 1537 Σκοτισθήτωσαν
2773 1468 2821 1520 οἱ
2847 1464 3111 1536 ὀφθαλμοὶ
3138 1465 3312 1518 αὐτῶν
3331 1465 3431 1517 τοῦ
3464 1466 3538 1536 μὴ
3574 1464 3790 1535 βλέπειν,
3817 1486 3831 1512 ›

2303 1558 2396 1626 καὶ
2422 1558 2487 1610 τὰ
2510 1558 2654 1628 ἐξῆς.
2680 1559 2789 1612 Καὶ
2817 1557 3110 1628 ἐπειδήπερ
3147 1559 3371 1627 μακροῖς
3399 1555 3622 1625 ὕστερον
3654 1555 3836 1626 χρόνοις

2301 1649 2474 1703 ταῦτα
2505 1649 2568 1702 δι’
2599 1649 2771 1721 ἔργων
2803 1650 2996 1720 χωρεῖν
3024 1648 3261 1718 ἔμελλον,
3286 1647 3592 1715 ἀναγκαίως
3627 1665 3645 1697 ι
3678 1648 3762 1710 Et;
3789 1647 3837 1702 τὸ

2303 1740 2452 1803 τέλος
2488 1760 2506 1790 ι
2544 1739 2976 1810 προγέγραπται.
3012 1738 3148 1792 Οὔτε
3195 1739 3251 1791 δέ
3295 1739 3506 1810 ψαλμός
3537 1742 3699 1803 ἐστιν,
3734 1739 3838 1792 οὕτε

2302 1831 2428 1902 ᾠδὴ,
2462 1831 2584 1885 οὔτε
2629 1832 2812 1901 ὕμνος,
2836 1830 2957 1885 οὗτε
2999 1849 3051 1886 τι
3093 1830 3329 1885 τοιοῦτον
3351 1850 3363 1862 ο
3393 1832 3513 1884 ἐπεὶ
3543 1832 3688 1903 ’μηδὲ
3729 1849 3841 1885 κατ-

645 1895 979 1966 prophetiam
1006 1911 1126 1964 esse
1159 1913 1226 1951 ex
1255 1913 1484 1968 persona
1517 1898 1821 1956 Servatoris
1844 1905 2018 1961 nostri
2049 1921 2198 1960 enar-

2303 1895 2502 1993 άλλῆλα
2528 1920 2595 1994 ἦν
2641 1895 2708 1976 τὰ
2741 1922 3097 1993 ἐπιλεγόμενα
3156 1923 3375 1994 τοιαύτῃ
3417 1895 3724 1994 προγραφῇ.
3765 1921 3842 1975 Διὸ

643 1987 816 2041 rantis
859 2001 923 2042 ea
956 2003 1075 2057 qua:
1114 1989 1217 2055 sibi
1253 1999 1440 2059 postea
1478 1993 1859 2061 contigerunt;
1891 1997 2199 2064 praedictio-

643 2093 873 2147 nemque
901 2095 1087 2141 eorum
1117 2096 1234 2151 quae
1257 2080 1456 2137 Judaeis
1486 2093 1606 2152 post
1641 2091 1822 2140 tantos
1853 2101 2020 2142 ausus
2053 2089 2200 2141 illata

644 2176 790 2226 sunt.
827 2169 1052 2234 Orditur
1090 2172 1271 2242 itaque
1320 2173 1575 2228 Servator
1613 2177 1912 2241 orationem
1947 2181 2199 2235 emittens

641 2259 710 2330 ad
755 2260 968 2325 Patrem
1021 2263 1104 2319 bis
1155 2265 1396 2333 verbis:
1455 2285 1473 2314 η
1518 2267 1733 2323 Salvum
1769 2285 1852 2324 me
1902 2269 2006 2333 fac,
2035 2270 2196 2337 Deus,

641 2351 898 2420 quoniam
969 2354 1307 2424 intraverunt
1376 2373 1529 2427 aquae
1589 2375 1762 2429 usque
1829 2362 1895 2414 ad
1962 2363 2198 2417 animam

642 2458 837 2506 meam.
873 2462 891 2494 ›
937 2442 1309 2517 Yidenturque
1345 2448 1475 2517 mihi
1514 2450 1581 2503 de
1609 2451 1874 2512 industria
1909 2453 2024 2507 haec
2073 2470 2195 2516 cum

642 2533 800 2594 dictis
830 2536 886 2596 in
919 2538 1240 2606 praecedenti
1277 2540 1487 2608 psalmo
1521 2541 1810 2610 conjuncta
1841 2559 1980 2598 esse.
2017 2544 2075 2597 fn
2103 2545 2198 2603 illo

642 2640 874 2696 namque
925 2625 1242 2696 dicebatur:
1293 2649 1308 2683 ι
1371 2629 1512 2694 Dixit
1547 2630 1843 2688 Dominus:
1896 2633 1974 2687 Ex
2023 2634 2197 2698 Basan

640 2725 972 2788 convertam,
1007 2729 1316 2776 convertam
1347 2736 1411 2774 ex
1438 2723 1706 2796 profundo
1750 2726 1918 2782 maris
1941 2727 2016 2790 7‘;
2075 2746 2092 2776 ι
2143 2727 2197 2780 in

641 2807 744 2864 hoc
772 2824 918 2873 vero,
948 2829 966 2861 ι
1003 2809 1130 2866 Veni
1164 2813 1218 2866 in
1249 2814 1587 2876 altitudinem
1612 2817 1800 2880 maris,
1821 2826 1874 2872 et
1903 2826 2196 2890 tempestas

640 2900 896 2967 demersit
920 2918 1024 2958 me.
1063 2924 1080 2956 ι
1109 2890 1359 2974 Oportuit
1381 2908 1521 2973 enim
1543 2908 1757 2963 edoceri
1784 2925 1884 2965 nos
1910 2927 2018 2981 quo
2039 2922 2196 2982 pacto

640 2994 984 3058 descenderit
1015 2997 1273 3060 Dominus
1295 3002 1346 3053 in
1381 3000 1574 3064 Basan,
1601 3003 1743 3071 quod
1768 3011 1851 3076 est
1876 3006 2192 3075 ignominia,

638 3094 694 3139 et
722 3087 993 3157 quomodo
1022 3091 1236 3152 dixerit,
1272 3110 1290 3142 ι
1325 3088 1647 3155 Convertam
1680 3109 1745 3148 ex
1785 3095 2053 3164 profundo
2081 3113 2198 3152 ma-

639 3179 738 3233 ris.
788 3198 806 3229 ι
854 3177 1033 3251 Quare
1083 3181 1196 3234 haec
1245 3182 1359 3252 ipsa
1412 3182 1466 3236 in
1499 3186 1750 3253 praesenti
1800 3186 2081 3249 declarat:
2127 3187 2196 3243 de

638 3269 932 3340 ignominia
977 3271 1194 3341 quidem
1231 3274 1284 3328 in
1318 3277 1686 3345 sequentibus,
1713 3277 1899 3335 dicens
1931 3299 1941 3332 :
1985 3299 2001 3330 ι
2045 3280 2192 3345 Quo-
2222 3269 2262 3323 (αἶ

641 3361 786 3414 niam
813 3371 1030 3431 propter
1056 3371 1108 3418 te
1153 3367 1389 3428 sustinui
1417 3369 1788 3438 opprobrium,
1820 3372 2034 3440 aperuit
2062 3386 2194 3426 con-

642 3448 784 3504 fusio
809 3449 999 3516 faciem
1038 3468 1250 3520 meam;
1293 3474 1312 3506 ι
1349 3471 1411 3510 ac
1434 3472 1664 3513 rursus:
1696 3476 1712 3509 ι
1751 3457 1830 3525 Tu
1859 3460 1967 3528 scis
1992 3457 2203 3530 improl

640 3540 848 3610 perium
875 3557 1052 3597 meum
1083 3552 1135 3599 et
1161 3545 1536 3602 confusionem
1563 3563 1735 3603 meam
1761 3558 1815 3605 et
1839 3553 2194 3606 reverentiam

641 3648 838 3713 meam.
869 3653 886 3685 ›
926 3633 997 3689 De
1023 3637 1291 3714 profundo
1320 3645 1499 3694 autem
1527 3642 1693 3706 maris
1726 3642 1881 3708 illud,
1913 3663 1931 3696 ι
1977 3642 2196 3700 Salvum

641 3736 727 3777 me
761 3712 867 3787 fac,
900 3722 1061 3787 Deus,
1089 3712 1342 3795 quoniam
1378 3729 1715 3793 intraverunt
1749 3748 1902 3803 aqua:
1917 3725 2098 3804 usque
2130 3735 2197 3788 ad

608 3813 877 3867 “animam
909 3830 1105 3870 meam.
1147 3814 1349 3873 Inﬁxus
1383 3836 1502 3877 sum
1557 3821 1609 3875 in
1659 3823 1788 3877 limo
1835 3823 2111 3894 profundi,
2145 3832 2199 3880 et

643 3918 751 3957 non
776 3913 859 3961 est
888 3899 1221 3966 ~subStantia.
1256 3909 1387 3965 Veni
1439 3913 1492 3966 in
1542 3913 1882 3970 altitudinem
1922 3916 2110 3977 maris,
2145 3924 2199 3970 et

639 4001 934 4064 tempestas
972 3996 1228 4060 demersit
1252 4015 1358 4054 me.
1408 4019 1425 4051 ι
1471 3999 1594 4060 Haec
1623 4003 1763 4070 enim
1803 4019 2050 4074 magnam
2087 4003 2199 4058 afﬁ-

643 4087 864 4147 nitatem
899 4085 1134 4141 habeant
1165 4104 1286 4162 cnm
1312 4091 1378 4151 iis
1401 4108 1519 4161 quae
1548 4097 1602 4147 in
1643 4095 1965 4164 praecedenti
1992 4096 2200 4164 psalmo

644 4174 786 4232 dicta
822 4187 968 4240 sunt,
1020 4195 1212 4251 nempe
1259 4182 1312 4234 in
1360 4183 1492 4237 illo:
1532 4203 1550 4235 ι
1589 4183 1734 4239 Dixit
1773 4185 2069 4249 Dominus:
2124 4186 2197 4241 Ex

643 4268 818 4328 Basan
848 4280 1180 4337 convertam,
1216 4283 1524 4336 convertam
1557 4293 1622 4330 ex
1647 4277 1916 4347 profundo
1957 4279 2142 4334 maris.
2175 4299 2193 4342 ι

642 4360 778 4427 Quia
825 4361 879 4417 in
913 4364 1004 4420 illo
1053 4366 1169 4435 ipse
1217 4365 1478 4424 Dominus
1531 4367 1612 4427 sic
1661 4367 1914 4433 dicebat;
1955 4377 2008 4423 et
2056 4384 2200 4425 nunc

643 4455 1116 4526 quoqueeumdem
1164 4457 1339 4526 ipsum
1383 4472 1504 4513 esse
1544 4457 1634 4527 qui
1675 4458 1787 4522 haec
1814 4459 2047 4528 loquitur
2088 4463 2199 4526 exi—

645 4540 992 4596 stimandnm.

606 4773 612 4779 '
717 4741 836 4812 Ipse
863 4743 1026 4810 igitur
1062 4759 1218 4812 quem
1247 4762 1353 4801 non
1402 4749 1719 4806 alium'osse
1765 4742 1924 4822 quani
1952 4752 2043 4809 Dei
2072 4753 2198 4809 Ver-

648 4834 774 4889 bum
806 4836 1056 4903 superius
1093 4835 1601 4907 demonstravimus,
1640 4845 1939 4900 orationem
1972 4845 2198 4901 effundit

648 4925 716 4980 ad
744 4925 976 4991 Patrem,
1007 4925 1239 4983 hominis
1269 4945 1430 4998 quem
1462 4934 1753 5001 assumpsit
1784 4937 2057 4992 cruciatus
2091 4939 2198 4994 sibi

648 5017 898 5087 proprios
942 5025 1219 5086 reputans,
1260 5016 1429 5091 quare
1479 5023 1592 5076 ait:
1633 5042 1650 5073 ι
1690 5017 1904 5081 Salvum
1957 5045 2040 5084 me
2091 5029 2193 5094 fac,

650 5105 812 5171 Deus,
843 5110 1096 5177 quoniam
1130 5110 1466 5167 intraverunt
1495 5129 1648 5184 aqua:
1676 5131 1848 5185 usque
1869 5119 1938 5172 ad
1964 5121 2199 5175 animam

650 5213 843 5253 meam.
894 5198 1095 5256 Intixus
1134 5217 1251 5254 sum
1286 5203 1340 5255 in
1391 5205 1519 5273 limo
1563 5207 1836 5276 profundi,
1873 5219 1927 5263 et
1963 5227 2067 5265 non
2116 5221 2199 5268 est

651 5289 969 5349 substantia.
999 5290 1132 5345 Veni
1154 5293 1213 5372 in
1241 5293 1575 5350 altitudinem
1607 5300 1794 5363 maris,
1826 5311 1878 5354 et
1906 5309 2196 5371 tempestas

653 5383 907 5436 demersit
936 5396 1038 5435 me.
1081 5401 1099 5432 ι
1132 5383 1446 5441 Praecedens
1470 5389 1651 5456 utique
1679 5378 1917 5462 psalmus
1942 5393 2026 5450 his
2051 5410 2198 5449 com—

652 5472 925 5542 pellabat:
962 5490 979 5521 ι
1019 5472 1124 5524 lter
1145 5473 1304 5529 facite
1349 5476 1396 5530 ei
1451 5477 1543 5545 qui
1573 5481 1814 5535 ascendit
1852 5498 2013 5550 super
2043 5499 2198 5538 occa-

653 5575 794 5626 sum,
833 5560 1093 5615 Dominus
1140 5578 1331 5620 nomen
1376 5568 1451 5620 illi
1475 5568 1537 5622 ⁷⁸.
1589 5588 1605 5619 ι
1643 5569 1842 5627 Deinde
1893 5588 2045 5627 suam
2075 5588 2196 5628 cum

726 5713 772 5744 ’⁷³
796 5714 899 5769 lsa.
925 5733 1010 5782 XL,
1041 5719 1094 5783 ί),
1139 5723 1188 5773 7.
1264 5721 1308 5751 ⁷⁸
1346 5720 1484 5776 Psal.
1527 5740 1690 5790 van,
1730 5725 1817 5779 25.
1894 5727 1937 5756 ⁷⁵
1977 5727 2104 5780 ibid.
2146 5727 2198 5781 5.

2300 2014 2473 2077 εἴποις
2522 2014 2585 2068 ἂν
2637 2015 2970 2086 προφητείαν
3018 2017 3081 2067 ἐκ
3126 2015 3414 2085 προσώπου
3458 2015 3552 2067 τοῦ
3613 2016 3839 2085 Σωτῆρος

2301 2107 2454 2177 ἡμῶν
2483 2106 2766 2170 διεξιόντος
2826 2107 2893 2160 τὰ
2927 2107 3054 2177 περὶ
3087 2106 3246 2159 αὑτὸν
3284 2103 3684 2176 συμϐεϐηκότα,
3729 2123 3842 2175 προ-

2299 2200 2639 2272 αναφώνησίν
2681 2219 2738 2254 τε
2783 2201 2891 2256 τῶν
2940 2202 3208 2264 Ἰουδαίοις
3229 2201 3560 2254 ἐπελθόντων
3613 2201 3741 2272 μετὰ
3785 2202 3841 2254 τὰ

2299 2291 2415 2342 κατ’
2451 2291 2643 2353 αὐτοὺς
2682 2291 3074 2362 τετολμημένα.
3114 2291 3437 2362 Ἀρχόμενος
3467 2290 3510 2343 δ’
3543 2285 3634 2344 οὖν
3679 2291 3705 2341 6
3739 2291 3840 2342 Σω-

2296 2382 2418 2453 τὴρ,
2446 2383 2610 2453 εὐχὴν
2637 2383 2945 2451 ἀναπέμπει
2971 2381 3105 2452 πρὸς
3136 2381 3227 2433 τὸν
3251 2381 3468 2451 Πατέρα
3486 2381 3656 2448 λέγων
3679 2398 3691 2412 ·
3720 2400 3736 2431 ι
3753 2380 3839 2432 Σῶ-

2301 2477 2390 2530 σόν
2446 2492 2532 2545 με,
2582 2477 2609 2527 6
2662 2473 2813 2537 Θεὸς,
2862 2475 2943 2526 ὅτι
2992 2472 3304 2542 είσήλθοσαν
3358 2472 3524 2524 ῦδατα
3553 2472 3656 2534 ἕως
3685 2471 3841 2541 ψυχῆς

2302 2583 2421 2636 μου.
2464 2585 2482 2617 ›
2519 2565 2627 2618 Καί
2672 2582 2759 2634 μοι
2798 2562 3121 2624 δοκεῖ⁹κατὰ
3153 2562 3306 2629 λόγον
3346 2561 3516 2615 ταῦτα
3556 2565 3665 2624 τοῖς
3696 2563 3748 2613 ἐν
3774 2561 3842 2631 τῷ

2298 2657 2646 2728 προλεχθέντι
2682 2655 2946 2725 συνῆφθαι
2992 2653 3208 2725 ψαλμῷ.
3257 2656 3340 2708 Ἐν
3383 2655 3576 2724 ἐκείνῳ
3620 2654 3713 2724 μὲν
3748 2653 3842 2723 γὰρ

2297 2746 2509 2813 ἐλέγετο
2531 2761 2544 2774 ⁸
2584 2764 2600 2795 ι
2634 2741 2766 2797 Εἷπε
2802 2743 3002 2813 Κύριος
3025 2760 3036 2771 ·
3075 2742 3167 2795 Ἐκ
3197 2743 3372 2796 Βασὰν
3399 2742 3722 2813 ἐπιστρέψω,
3747 2745 3844 2793 ἐπι-

2307 2837 2521 2908 στρέψω
2563 2837 2625 2889 ἐκ
2672 2835 2846 2904 βυθῶν
2878 2837 3180 2908 θαλάσσηςο
3216 2855 3234 2887 ι
3271 2837 3328 2887 ἐν
3361 2835 3534 2904 τούτῳ
3561 2835 3640 2895 δέ,
3677 2852 3694 2884 ι
3723 2829 3843 2885 Ἦλ-

2296 2926 2385 2979 θον
2415 2928 2493 2988 είς
2540 2925 2609 2978 τὰ
2643 2925 2778 2996 βάθη
2824 2926 2920 2995 τῆς
2953 2926 3245 2997 θαλάσσης,
3305 2926 3399 2978 καὶ
3441 2925 3691 2991 καταίγὶς
3727 2939 3843 2975 κατ-

2294 3017 2539 3071 επόντισε
2584 3034 2668 3088 με.
2706 3036 2723 3067 ι
2761 3017 2905 3069 Ἔδει
2952 3017 3057 3086 γὰρ
3090 3018 3234 3087 ἡμᾶς
3261 3015 3570 3086 διδαχθῆναι
3617 3012 3729 3077 πῶς
3774 3016 3842 3075 είς

2293 3108 2389 3178 τὴν
2419 3108 2595 3160 Βασὰν
2627 3105 2890 3176 κατῆλθεν
2928 3108 2956 3158 6
3003 3106 3222 3177 Κύριος,
3261 3105 3395 3174 ὅπερ
3427 3105 3573 3158 ἐστὶν
3611 3102 3841 3173 αἰσχύνη,

2298 3201 2525 3264 καὶπῶς
2553 3200 2754 3268 ἔλεγεν,
2787 3219 2804 3252 ι
2845 3201 3029 3252 Ἐπιστ
3042 3200 3188 3271 ρέψω
3219 3201 3281 3252 ἐκ
3309 3197 3484 3268 βυθῶν
3518 3198 3797 3269 θαλάσσης.
3821 3217 3838 3248 ›

2295 3295 2385 3346 Διὸ
2417 3294 2482 3365 δὴ
2508 3293 2675 3346 ταῦτα
2708 3292 2844 3345 αὐτὰ
2869 3292 2958 3346 διὰ
2985 3293 3093 3345 τῶν
3123 3289 3494 3362 προκειμένων
3531 3290 3840 3362 παρίστησι·

2295 3385 2422 3456 περὶ
2457 3384 2554 3454 μὲν
2597 3383 2694 3452 τῆς
2727 3383 2986 3458 αἰσχύνης
3028 3380 3230 3453 προῖὼν
3278 3381 3372 3436 καὶ
3419 3380 3630 3448 λέγων·
3679 3399 3696 3431 ι
3736 3380 3843 3432 Ὅτι

2296 3477 2456 3530 ’ἑνεκα
2504 3474 2598 3528 σοῦ
2646 3476 2925 3546 ὑπήνεγκα
2969 3474 3285 3544 ὀνειδισμὸν,
3321 3473 3586 3544 ἐκάλυψεν
3629 3470 3844 3544 ἐντροπὴ

2296 3568 2356 3619 τὸ
2382 3567 2668 3639 πρόσωπόν
2709 3585 2808 3638 μου
2838 3585 2850 3597 ο
2891 3587 2908 3618 ι
2952 3569 3044 3620 καὶ
3089 3564 3274 3631 αὖθις·
3310 3586 3326 3619 ι
3355 3568 3427 3623 Σὺ
3460 3560 3738 3634 γινώσκεις
3765 3565 3846 3618 τὸν

2298 3660 2595 3730 ὁνειδισμόν
2628 3677 2726 3730 μου
2753 3661 2846 3712 καὶ
2871 3660 2968 3729 τὴν
3002 3658 3258 3729 αἰσχύνην
3298 3677 3397 3730 μου
3425 3660 3520 3712 καὶ
3555 3659 3651 3729 τὴν
3677 3660 3847 3729 ἐντρο-

2299 3753 2407 3821 πήν
2461 3758 2602 3822 pou"
2648 3772 2665 3803 ι
2722 3753 2848 3823 περὶ
2897 3752 2954 3805 δὲ
2998 3752 3091 3805 τοῦ
3139 3752 3298 3823 βυθοῦ
3336 3752 3433 3822 τῆς
3467 3752 3737 3822 Θαλάσσης
3771 3749 3843 3812 τὸ,

2304 3862 2322 3892 ι
2358 3841 2537 3895 Σῶσόν
2563 3860 2649 3913 με,
2677 3845 2704 3895 6
2729 3842 2878 3906 Θεὸς,
2905 3843 2983 3895 ὃτι
3010 3843 3324 3913 εἰσήλθοσαν
3355 3841 3522 3905 ὕδατα
3553 3841 3658 3905 ἕως
3681 3841 3847 3910 ψυχῆς

2303 3949 2423 4001 μου.
2443 3933 2834 4002 Ἐνεπάγηνεὶς
2863 3932 2993 4003 ὕλην
3020 3932 3094 4001 (1)
3112 3931 3294 4002 βυθοῦ,
3325 3933 3417 3985 καὶ
3446 3932 3544 3983 οὑκ
3567 3932 3710 3984 ἔστιν
3725 3928 3847 3982 ὑπό-

2302 4041 2506 4088 στασις.
2541 4019 2741 4078 Ἦλθον
2771 4027 2850 4088 εἰς
2877 4024 2943 4077 τὰ
2985 4023 3119 4096 βάθη
3153 4025 3252 4094 τῆς
3275 4023 3568 4095 θαλάσσης,
3595 4023 3685 4076 καὶ
3727 4039 3848 4076 κατ-

2300 4117 2444 4184 αιγὶς
2472 4117 2818 4169 κατεπόντισέ
2878 4134 2965 4186 με.
3013 4135 3031 4167 ι
3070 4115 3251 4170 Ταῦτα
3286 4117 3393 4186 γὰρ
3451 4117 3707 4184 πλείστην
3745 4113 3847 4186 ἔχοι

2301 4207 2366 4260 ἂν
2395 4207 2711 4260 ἀκολουθίαν
2742 4207 2876 4277 πρὸς
2901 4207 2966 4260 τά
3007 4208 3065 4258 ἐν
3093 4206 3170 4276 τῷ
3199 4207 3303 4278 πρὸ
3331 4207 3522 4260 τούτου
3547 4204 3744 4278 ψαλμῷ
3771 4204 3824 4256 λε

2299 4296 2562 4367 λεγμένα·
2596 4299 2652 4350 ἐν
2681 4296 2776 4367 τῷ,
2815 4318 2832 4348 ι
2867 4292 3032 4349 Εἶπεν
3070 4299 3098 4349 6
3122 4297 3322 4367 Κύριος
3343 4313 3356 4325 °
3397 4298 3490 4349 Ἐκ
3521 4295 3699 4348 Βασὰν
3739 4297 3848 4347 ἐπι-

2299 4373 2536 4459 στρέψω,
2572 4388 2881 4460 ἐπιστρέψω
2927 4389 2991 4440 ἐκ
3039 4387 3212 4458 βυθῶν
3244 4387 3538 4457 θαλάσσης.
3579 4407 3596 4438 ι
3642 4385 3846 4471 Ἐπειδὴ

2300 4481 2358 4532 ἐν
2388 4479 2576 4548 ἐκείνῳ
2608 4479 2767 4540 αὐτὸς
2796 4475 2863 4549 ἦν
2890 4480 2917 4530 6
2940 4479 3140 4549 Κύριος
3183 4481 3210 4531 6
3247 4476 3415 4530 ταῦτα
3441 4476 3641 4544 λέγων·
3672 4476 3849 4528 ἔπειτα

2231 4591 2272 4644 D
2303 4569 2392 4622 καὶ
2423 4568 2518 4620 νῦν
2558 4568 2649 4622 τὸν
2676 4567 2834 4619 αὑτὸν
2862 4564 3000 4621 εἷναι
3030 4567 3273 4636 ἡγεῖσθαι
3307 4565 3398 4617 τὸν
3432 4565 3501 4618 τὰ
3527 4565 3847 4635 προκείμενα

2292 4659 2578 4725 ιδιεξιόντα.

2369 4771 2537 4833 Αὐτὸς
2565 4768 2867 4840 τοιγαροῦν,
2896 4769 2954 4821 δν
2991 4770 3097 4824 οὐδ’
3137 4772 3318 4840 ἕτερον
3353 4768 3490 4822 εἶναι
3519 4769 3552 4839 ἦ
3593 4767 3692 4848 τοῦ.
3720 4764 3847 4818 Θεοῦ

2301 4855 2467 4922 Λόγον
2491 4855 2576 4908 διὰ
2612 4855 2717 4908 τῶν
2740 4855 3043 4926 ἔμπροσθεν
3073 4857 3702 4930 παρεστήσαμεν,..εύχὴν
3728 4857 3850 4908 άναο

2302 4945 2507 5014 πέμπει
2537 4945 2614 5015 τῷ
2640 4947 2832 5018 Πατρὶ,
2872 4946 3284 5018 ἰδιοποιούμενος
3309 4950 3377 5002 τὰ
3406 4949 3526 5002 καθ’
3559 4943 3618 5001 οὗ
3646 4935 3849 5016 άνεῑλη-

2303 5052 2399 5104 φεν
2429 5037 2712 5108 ἀνθρώπου
2743 5036 2885 5114 πάθη
2905 5023 2924 5068 ί
2952 5039 3032 5091 διό
3060 5057 3191 5109 φησι
3214 5057 3227 5070 ο
3264 5059 3282 5090 ι
3319 5038 3498 5090 Σῶσόν
3531 5054 3616 5107 με,
3646 5038 3675 5090 6
3703 5036 3846 5097 Θεὸς,

2300 5127 2380 5177 ὅτι
2412 5128 2723 5199 εἰσήλθοσαν
2753 5128 2917 5182 ῦδατα
2947 5130 3048 5193 ἕως
3075 5130 3248 5198 ψυχῆς
3281 5145 3400 5198 μου.
3444 5127 3746 5199 Ἐνεπάγην
3777 5129 3849 5191 εἰς

2304 5215 2432 5284 ὓλην
2459 5215 2640 5285 βυθοῦ,
2668 5219 2762 5270 καὶ⁴
2801 5219 2900 5271 ούκ
2931 5218 3076 5271 ἐστιν
3111 5219 3423 5278 ὑπόστασις.
3450 5212 3649 5268 Ἦλθον
3678 5219 3757 5280 εἰς
3788 5219 3848 5269 τὰ

2306 5305 2439 5374 βάθη
2470 5308 2566 5377 τῆς
2600 5299 2890 5378 θαλάσσης,
2920 5310 3012 5361 καὶ
3049 5309 3297 5375 καταιγὶς
3329 5307 3681 5360 κατεπόντισε
3713 5325 3796 5376 με.
3826 5326 3842 5357 ι

2315 5397 2369 5450 '0
2398 5383 2497 5466 μὲν
2526 5395 2615 5452 οὖν
2645 5400 2750 5470 πρὸ
2784 5400 2971 5452 τούτου
2997 5398 3206 5468 ψαλμὸς
3238 5397 3568 5467 προσεφώνει
3595 5398 3844 5464 φάο-κων⁸

2309 5505 2326 5535 ι
2375 5486 2748 5561 Ὀδοποιήσατε
2778 5489 2854 5557 τῷ
2891 5488 3233 5559 ἐπιϐεϐηκότι
3273 5491 3362 5542 ἐπὶ
3389 5488 3626 5558 δυσμῶν,
3653 5488 3849 5558 Κύριος

2303 5575 2469 5646 ὄνομα
2502 5571 2680 5649 αύτῷέ
2717 5600 2734 5631 ι
2775 5576 2870 5630 εἷθ’
2904 5579 3028 5649 ἐξῆς
3059 5581 3155 5652 τὴν
3180 5583 3292 5650 ἆμα
3317 5577 3620 5648 ἀνθρώποις
3645 5577 3848 5648 διατρι-

725 5803 1008 5863 ίιΥὙλην.
1041 5807 1301 5889 lnterpres
1332 5812 1521 5884 legisse
1543 5816 1752 5880 videtur
1779 5816 1910 5883 ἰλύν,
1946 5817 2090 5890 quod
2120 5816 2463 5873 verisimilius
2487 5827 2569 5874 est
2596 5829 2649 5874 ct
2670 5817 2826 5873 nobis
2848 5832 3060 5890 quoque
3093 5819 3262 5886 magis
3300 5817 3501 5910 placet:
3526 5815 3685 5874 Enn.
