3966 6348
68 455 168 513 725
1182 460 1683 517 COMMENTARIA
1719 462 1784 517 1N
1823 462 2155 518 PSALMOS.

3203 458 3302 511 7'26

65 577 158 646 δὴν
181 577 350 633 αὐτου
389 579 678 651 παρίστησι
706 579 964 662 λέγων-ἰ
995 580 1100 634 Καὶ
1130 580 1454 650 ἀγαλλιᾶσθε
1488 580 1619 634 ἐνώ-

1734 582 2035 636 hominihus
2063 581 2545 635 commorationem
2568 579 2884 633 enuntiabat
2920 578 3111 633 dicens
3140 598 3151 631 :
3186 598 3202 628 ι
3237 576 3300 630 lit

64 682 178 719 πιον
208 666 397 732 αὑτοῦ,
422 669 516 725 τοῦ
544 670 745 742 πατρὸς
767 670 875 724 τῶν
907 670 1155 741 ὀρφανῶν
1183 672 1277 725 καὶ
1301 671 1485 742 κριτοῦ
1515 672 1623 724 τῶν

62 756 257 828 χηρῶν.
308 780 324 810 ι
356 760 465 812 Καὶ
500 759 607 813 τῶν
642 760 898 830 μαθητῶν
923 761 979 814 δὲ
1018 760 1183 815 αὑτοῦ
1219 761 1311 814 καὶ
1354 761 1461 815 τῶν
1493 762 1628 815 άπο-

63 850 258 903 στόλων
305 851 401 922 τὴν
437 852 626 923 κλῆσιν
678 853 866 923 ἐδήλου
918 854 975 905 ἐν
1019 852 1117 923 τῷ,
1171 872 1188 904 ι
1233 853 1432 926 Κύριος
1470 851 1628 907 δώσει

62 942 207 1012 ῥῆμα
253 948 371 1007 τοῖς
414 943 917 1019 εύαγγελιζομένοις
968 946 1193 1017 δυνάμει
1226 947 1412 1017 πολλῇ.
1448 965 1466 997 ι
1515 942 1627 999 Εἶθ’

59 1035 177 1108 ἐξῆς
205 1039 288 1103 εἰς
316 1037 403 1091 τὸν
432 1038 654 1093 θάνατον
679 1037 841 1092 αὑτοῦ
873 1037 1095 1092 κάθοδον
1138 1040 1232 1092 καὶ
1264 1038 1360 1109 τὴν
1402 1037 1630 1105 διέξοδον

59 1128 150 1198 τὴν
178 1130 430 1183 ἐντεῦθεν
460 1130 736 1183 ἐδίδασκεν
764 1132 820 1183 ἐν
848 1130 945 1200 τῷ,
979 1148 997 1182 ι
1031 1130 1140 1183 Καὶ
1167 1130 1259 1183 τοῦ
1292 1130 1494 1202 Κυρίου
1519 1132 1631 1184 Ku-

61 1222 169 1293 ρίου
201 1224 257 1275 αἱ
280 1222 501 1288 διέξοδοι
519 1221 609 1274 τοῦ
639 1221 869 1275 Θανάτου
892 1239 905 1251 ·
937 1241 955 1273 ι
992 1223 1087 1275 καὶ
1111 1224 1167 1274 ἐν
1194 1221 1291 1293 τῷ,
1331 1240 1348 1272 ι
1374 1217 1507 1275 Εἷπε
1526 1220 1634 1273 Κύ-

61 1334 184 1385 ριος·
202 1316 299 1368 Ἐκ
314 1314 489 1367 Βασάν
505 1314 835 1386 ἐπιστρέψω,
849 1314 1156 1385 ἐπιστρέψω
1168 1316 1231 1367 ἐκ
1249 1313 1423 1383 βυθῶν
1441 1314 1632 1369 θαλάσ-

62 1424 212 1477 σης-ι
247 1407 341 1461 ἐπὶ
368 1408 500 1469 πᾶσι
529 1406 588 1458 δὲ
616 1406 824 1469 τούτοις
855 1406 953 1477 τὴν
982 1408 1060 1469 είς
1091 1407 1348 1477 οὐρανοὺς
1376 1405 1631 1461 ἐπάνοδον

61 1498 324 1574 αὑτοῦιδιὰ
356 1498 452 1551 τοῦ
475 1497 638 1552 αὑτοῦ
668 1498 855 1571 ἐδήλου
886 1498 1089 1567 λέγων·
1120 1498 1369 1553 ιΨάλατε
1401 1498 1479 1568 τῷ
1511 1498 1630 1569 Θεῷ

61 1591 129 1662 τῷ
144 1590 492 1661 ἐπιϐεϐηκότι
519 1592 610 1644 ἐπὶ
637 1592 729 1645 τὸν
744 1591 971 1663 οὐρανὸν
993 1588 1086 1643 τοῦ
1104 1589 1332 1661 ούρανοῦ
1360 1592 1479 1644 κατ’
1509 1591 1634 1643 ἀνα-

59 1682 229 1743 τολάς.
273 1702 290 1733 ›
326 1682 511 1735 Ταῦτα
542 1685 639 1754 μὲν
667 1701 759 1755 ουν
778 1662 845 1736 ’ἐν
874 1683 1101 1748 ἐκείνοις
1123 1700 1135 1713 ·
1159 1681 1247 1737 διὰ
1274 1682 1331 1737 δὲ
1362 1682 1469 1735 τῶν
1486 1700 1629 1754 ,προ-

60 1772 327 1843 κειμένων
362 1773 430 1826 τά
460 1774 537 1836 ὠς
560 1777 618 1827 ἐν
646 1775 970 1845 παραδρομῇ
1008 1774 1128 1827 τότε
1159 1773 1460 1844 λελεγμένα
1493 1774 1632 1827 πλαε

59 1864 220 1929 τύνει,
262 1856 476 1929 δεικνῚυς
502 1866 648 1929 ὅπως
685 1867 934 1919 λέλεκτο·
974 1885 991 1916 ι
1023 1866 1135 1919 Καὶ
1168 1866 1260 1920 τοῦ
1288 1868 1491 1939 Κυρίου
1517 1869 1631 1923 Κυ-

60 1956 169 2026 ρίου
212 1957 270 2009 αἱ
314 1955 531 2017 διέξοδοι
573 1956 665 2010 τοῦ
696 1957 951 2021 θανάτου,
994 1976 1012 2008 ι
1049 1959 1141 2011 καὶ
1173 1959 1251 2025 τὸ,
1298 1978 1329 2011 ι-
1358 1956 1492 2012 Εἷπε
1520 1960 1633 2012 Κύ-
1662 1993 1703 2047 Β

62 2064 198 2118 ριος·
254 2048 349 2101 Ἐκ
386 2048 567 2101 Βασὰν
610 2050 944 2121 ἐπιστρέψω,
987 2049 1299 2121 ἐπιστρέψω
1348 2052 1413 2104 ἐκ
1456 2051 1630 2120 βυθῶν

59 2138 348 2209 θαλάσσης.
380 2159 398 2190 ι
434 2140 619 2192 Ταῦτα
644 2140 753 2211 γάρ
782 2143 863 2204 είς
893 2139 1091 2203 πλάτος
1120 2140 1213 2200 ἐπὶ
1244 2140 1632 2213 τοῦπαρόντος

58 2232 381 2303 διεξέρχεται
410 2232 588 2301 λέγων
607 2251 619 2263 ·
651 2254 669 2285 ι
702 2232 881 2286 Σῶσόν
917 2251 1003 2304 με,
1032 2234 1061 2285 ὁ
1090 2232 1243 2299 Θεὸς,
1272 2236 1354 2288 ὅτι
1394 2232 1633 2305 εἰσήλθο-

60 2339 152 2376 σαν
189 2324 359 2377 ὕδατα
390 2324 495 2387 ἕως
543 2324 719 2396 ψυχῆς
755 2342 878 2396 μου.
920 2328 1221 2399 Ἐνεπάγην
1261 2329 1339 2392 είς
1375 2328 1505 2399 ῦλην
1537 2326 1627 2397 βυ-

58 2414 167 2478 θοῦ,
199 2416 294 2468 καὶ
340 2415 440 2469 οὐκ
486 2416 631 2469 ἐστιν
670 2418 985 2482 ὑπόστασις.
1017 2416 1217 2483 Ἦλθον
1262 2423 1342 2484 εἰς
1383 2419 1453 2474 τὰ
1495 2418 1630 2490 βάθη

58 2507 151 2576 τῆς
192 2508 470 2580 Θαλάσσης
517 2510 612 2563 καὶ
652 2512 903 2585 καταιγὶς
934 2513 1287 2573 κατεπόντισε
1338 2531 1423 2585 με.
1455 2532 1473 2565 ι
1509 2514 1635 2565 Πει-

61 2602 302 2670 ῖασμοὺς
337 2601 395 2654 δέ
439 2603 533 2655 καὶ
566 2602 837 2673 διωγμοὺς
869 2604 960 2665 καὶ
992 2604 1383 2667 ἐπαναστάσεις
1423 2604 1633 2658 ἀσεϐῶν

60 2690 263 2761 ἀνδρῶν
289 2690 455 2745 ὕδατα
486 2692 668 2753 καλεῖν
700 2693 888 2747 εἴωθεν
916 2697 947 2753 ό
972 2695 1176 2764 Λόγος·
1216 2694 1371 2748 Οὕτω
1404 2694 1533 2763 γοῦν
1558 2694 1634 2748 εἷ-

62 2800 216 2851 ρηται
264 2782 531 2853 ἀλλαχοῦ·
574 2803 592 2835 ι
629 2786 732 2837 Τὸν
782 2787 1079 2859 χείμαρρον
1130 2786 1344 2859 διῆλθεν
1403 2790 1435 2859 ὴ
1489 2786 1633 2860 ψυχὴ

60 2875 242 2948 ἡμῶν·
273 2876 380 2949 ἄρα
406 2876 619 2947 διῆλθεν
644 2880 677 2949 ἡ
702 2878 846 2949 ψυχὴ
872 2877 1027 2949 ήμῶν
1067 2878 1128 2931 τὸ
1162 2878 1308 2951 ὕδωρ
1336 2879 1636 2933 ἀνυπόστα-

60 2985 162 3024 τον.
206 2986 225 3018 ι
258 2964 369 3021 Καὶ
405 2968 565 3032 αὐτὸς
596 2968 653 3022 δὲ
684 2970 711 3021 ὁ
746 2970 935 3041 Σωτὴρ
969 2969 1215 3024 ἐδίδασκε
1238 2971 1395 3025 τοῦτο
1429 2971 1632 3040 λέγων·

68 3079 83 3108 ι
119 3059 339 3131 Κατέὂη
376 3062 409 3131 ὴ
460 3060 647 3133 βροχὴ,
694 3056 855 3133 ἦλθον
899 3063 945 3113 οἱ
977 3066 1234 3134 ποταμοὶ,
1282 3064 1546 3117 ἔπνευσαν
1584 3064 1633 3116 οἱ

60 3152 266 3222 ἄνεμοι,
299 3153 394 3206 καὶ
437 3152 814 3225 προσέρρηξαν
851 3158 916 3225 τῇ
958 3155 1103 3227 οἰκίᾳ
1149 3156 1355 3228 ἐκείνῃ,
1392 3155 1488 3209 καὶ
1533 3156 1634 3209 οὐκ

60 3244 217 3297 ἔπεσε
238 3261 251 3274 ·
275 3245 630 3316 τεθεμελίωτο
663 3246 773 3321 γάρ
809 3249 899 3299 ἐπὶ
959 3248 1057 3318 τὴν
1089 3249 1316 3320 πέτρανζ
1347 3268 1366 3300 ι
1410 3250 1519 3303 Καὶ
1546 3248 1633 3301 διὰ

1732 674 2002 728 exsultate
2036 672 2090 726 in
2115 678 2409 739 conspectu
2446 670 2585 739 ejus,
2619 671 2791 739 patris
2830 671 3200 740 orphanorum
3248 677 3300 723 ct

1726 765 1930 837 judicis
1955 764 2239 819 viduarum
2261 764 2327 817 ”.
2358 781 2375 813 ι
2414 761 2813 831 Discipulorum
2840 760 2965 814 item
3001 768 3054 813 et
3085 769 3302 830 aposto-

1732 861 1907 915 lorum
1930 873 2153 915 suorum
2184 856 2525 911 vocationem
2551 854 2865 909 declarabat
2895 853 2949 907 in
2979 853 3106 906 illo:
3146 872 3163 905 ι
3198 852 3302 905 Do-

1731 952 1912 1007 minus
1980 949 2129 1004 dabit
2202 948 2425 1003 verbum
2492 946 3024 1016 evangelizantibus,
3104 944 3301 999 virtute

1732 1044 1989 1098 multa".
2038 1061 2055 1094 I
2106 1039 2220 1097 Sub
2254 1040 2368 1095 haec
2412 1039 2531 1110 ejus
2581 1038 2649 1093 ad
2694 1047 2919 1092 mortem
2954 1036 3297 1099 descensum,

1730 1136 1926 1192 etinde
1947 1134 2176 1195 reditum
2209 1132 2394 1188 docuit
2426 1133 2500 1186 ita
2532 1129 2675 1187 fatus
2696 1154 2708 1185 -.
2731 1151 2748 1181 ι
2776 1128 2840 1183 Et
2857 1127 3299 1183 DominiDomini

1730 1230 1904 1284 exitus
1934 1228 2126 1283 mortis
2146 1228 2226 1293 ἐς
2271 1244 2289 1276 ι
2328 1223 2457 1279 etin
2494 1224 2607 1291 illo,
2645 1243 2663 1275 ι
2714 1222 2854 1276 Dixit
2879 1220 3139 1275 Dominus
3174 1239 3187 1273 :
3221 1218 3298 1275 Ex

1732 1320 1905 1374 Basan
1928 1324 2597 1382 convertam,convertam
2640 1331 2709 1370 ex
2748 1313 3017 1385 profundo
3062 1312 3247 1368 maris.
3272 1331 3291 1362 ι

1730 1412 1810 1466 Ad
1841 1411 1953 1467 haec
1992 1419 2172 1466 autem
2200 1410 2404 1476 omnia,
2460 1407 2694 1463 reditum
2742 1408 2864 1478 ejus
2902 1406 2967 1461 ad
2998 1407 3193 1460 malum
3244 1407 3297 1459 in

1730 1502 1917 1557 eodem
1965 1503 2177 1572 psalmo
2229 1505 2309 1559 sic
2359 1502 2673 1559 enarravit:
2735 1520 2753 1551 ι
2798 1498 3021 1557 Psallite
3069 1499 3176 1553 Deo
3205 1501 3297 1568 qui

1732 1593 1977 1649 ascendit
2004 1610 2167 1667 super
2204 1596 2401 1649 castum
2450 1596 2571 1649 coeli
2606 1595 2670 1649 ad
2727 1594 2988 1649 orientem
3013 1593 3079 1647 ⁸ο.
3123 1611 3140 1642 ι
3176 1582 3299 1646 Hinc

1734 1686 1830 1740 ibi.
1890 1684 2257 1755 ln-przrsenti
2306 1694 2484 1740 autem
2517 1700 2635 1753 qua:
2672 1686 2826 1757 quasi
2881 1689 2935 1742 in
2982 1692 3298 1739 transcursu

1733 1786 1865 1831 tunc
1913 1764 2058 1830 dicta
2108 1775 2322 1831 fuerant
2382 1774 2557 1831 fusius
2609 1775 2803 1845 aperit,
2852 1774 3146 1835 ostendens
3193 1789 3301 1844 quo

1737 1883 1903 1923 sensu
1953 1866 2156 1921 dictum
2183 1868 2250 1921 de
2290 1866 2520 1921 Domino
2549 1865 2710 1921 fuerit
2745 1884 2758 1921 :
2806 1884 2839 1917 ιη
2861 1865 2927 1918 Et
2957 1865 3169 1920 Domini
3202 1866 3303 1920 Do-

1735 1959 1865 2013 mini
1907 1958 2086 2013 exitus
2120 1958 2331 2021 mortis,
2387 1976 2405 2008 ι
2441 1965 2602 2027 atque
2650 1954 2782 2010 illud
2810 1996 2824 2019 ,
2861 1975 2895 2006 ι.
2921 1954 3063 2009 Dixit
3090 1942 3302 2008 ‘Domio

1732 2071 1836 2110 nus
1868 2074 1880 2107 :
1919 2052 1994 2107 Ex
2026 2051 2197 2107 Basan
2225 2060 2564 2115 convertam,
2596 2060 2906 2105 convertam
2929 2058 2995 2105 ex
3029 2048 3302 2119 profundo

1730 2145 1917 2200 maris.
1962 2164 1979 2195 ι
2034 2143 2161 2197 Hmc
2194 2145 2339 2199 enim
2380 2143 2556 2198 fusius
2591 2142 2647 2196 in
2681 2142 2935 2213 praesenti
2968 2149 3186 2196 enarrat
3215 2140 3303 2194 di-

1730 2252 1861 2292 cens
1888 2255 1902 2291 :
1936 2255 1957 2287 ι
1990 2234 2211 2291 Salvum
2242 2250 2327 2289 me
2353 2234 2458 2298 fac,
2485 2235 2648 2298 Deus.
2676 2235 2933 2305 quoniam
2965 2234 3301 2289 intraverunt

1731 2343 1884 2399 aqua:
1916 2342 2090 2398 usque
2123 2326 2189 2385 ad
2214 2328 2447 2382 animam
2479 2340 2677 2383 meam.
2708 2324 2912 2383 Infixus
2946 2341 3066 2380 sum
3093 2325 3147 2379 in
3172 2323 3302 2379 limo

1730 2418 2009 2489 profundi,
2044 2427 2098 2473 et
2140 2424 2250 2479 non
2297 2424 2396 2471 est.
2435 2416 2760 2472 substantia.
2802 2413 2937 2469 Veni
2974 2416 3028 2469 in
3059 2416 3301 2469 altitudi-

1733 2528 1857 2566 nem
1893 2511 2083 2576 maris,
2118 2517 2171 2565 et
2201 2500 2495 2579 tempestas
2524 2508 2781 2563 demersit
2826 2524 2930 2563 me.
2968 2527 2987 2559 ι
3024 2506 3303 2567 Tentatiu-

1732 2622 1829 2659 nes
1861 2612 2063 2668 autem,
2112 2603 2425 2658 vexationes
2459 2612 2513 2656 et
2558 2598 2795 2656 insultus
2842 2598 3129 2669 impiorum
3159 2598 3326 2651 viro-'

1732 2713 1874 2761 rum,
1927 2711 2097 2766 aquas
2136 2708 2332 2749 vocare
2376 2691 2672 2762 Scriptura:
2726 2707 2845 2748 mos
2884 2699 2987 2747 est.
3036 2690 3114 2745 lta
3158 2691 3299 2745 enim

1731 2788 1934 2843 dicitur
1998 2785 2125 2840 alibi
2183 2804 2197 2840 :
2266 2803 2285 2836 ι
2354 2783 2673 2839 Torrentem
2710 2783 3062 2853 pertransivit
3123 2784 3302 2838 anima

1733 2888 1941 2944 nostra,
1971 2877 2199 2931 forsitan
2234 2875 2623 2947 pertransisset
2652 2874 2831 2928 anima
2877 2882 3061 2930 nostra
3105 2890 3302 2945 aquam

1735 2974 1852 3029 sine
1886 2970 2054 3026 fundo
2078 2969 2145 3024 ⁸⁸.
2190 2987 2208 3020 ι
2241 2965 2594 3037 ldipsumque
2641 2965 2781 3021 idem
2836 2963 3092 3020 Servator
3144 2965 3304 3039 docet

1736 3064 1819 3119 his
1850 3063 2031 3119 verbis
2060 3080 2073 3114 :
2110 3078 2127 3111 ι
2179 3058 2469 3115 Descendit
2498 3058 2702 3129 pluvia,
2755 3064 3022 3112 venerunt
3055 3055 3299 3120 ﬂumina,

1735 3154 2002 3209 ﬂaverunt
2034 3144 2201 3215 venti,
2234 3158 2287 3207 et
2318 3150 2660 3220 impegerunt
2694 3151 2750 3204 in
2782 3149 3002 3204 domum
3055 3148 3221 3215 illam,
3249 3155 3303 3204 et

1734 3261 1843 3299 non
1881 3243 2080 3299 cecidit
2112 3263 2122 3296 :
2156 3240 2378 3297 fundata
2412 3241 2557 3297 enim
2584 3248 2703 3296 erat
2738 3255 2903 3311 supra
2937 3250 3143 3311 petram
3167 3241 3231 3295 “.
3277 3259 3298 3294 ι

62 3335 163 3387 τῶν
210 3337 585 3407 προκειμένων
630 3339 809 3392 τοίνυν
858 3340 984 3404 τοὺς
1032 3342 1369 3412 πειρασμοὺς
1402 3321 1495 3393 καὶ
1536 3339 1633 3403 τὰς

1736 3336 1791 3390 ln
1823 3336 1908 3390 his
1941 3336 2121 3404 itaque
2151 3333 2314 3388 dictis
2340 3332 2672 3387 tentationes
2708 3342 2763 3386 et
2809 3333 3039 3388 insidias
3071 3333 3175 3389 sibi
3204 3348 3304 3402 pa-

63 3427 177 3480 κατ⁹
205 3427 372 3481 αὑτοῦ
400 3428 712 3494 ἐπιϐουλάς,
752 3430 920 3489 ὕδατα
965 3433 1247 3503 ὀνομάζων
1292 3431 1627 3501 εἰσεληλυθέ-

62 3536 143 3573 ναι
166 3519 273 3583 ἐως
304 3519 404 3589 τῆς
430 3521 608 3591 ψυχῆς
642 3521 804 3575 αὑτοῦ
838 3522 1097 3577 διδάσκει.
1143 3524 1264 3577 Ἐπὶ
1293 3524 1391 3595 μὲν
1417 3520 1508 3578 οῦν
1533 3525 1627 3578 τοῦ

76 3608 209 3673 Ἰὼϐ,
268 3610 471 3681 καίπερ
512 3610 664 3674 δντος
712 3610 946 3683 ἀθλητοῦ
1004 3614 1270 3682 γενναίου,
1325 3615 1630 3688 γέγραπται

63 3698 299 3771 εἰρηκὼς
337 3702 365 3753 ὁ
400 3700 530 3764 Θεὸς
576 3701 653 3773 τῷ
692 3705 1032 3782 πιιράέοντι·
1085 3724 1103 3756 ι
1145 3705 1275 3759 Ἰδοὺ
1320 3706 1496 3760 πάντα
1532 3709 1631 3763 ὅσα

64 3791 477 3863 ὑπάρχει“αύτῷ
508 3793 700 3865 δίδωμι
732 3796 789 3859 ἐν
819 3799 884 3867 τῇ
916 3797 1057 3868 χειρί
1087 3814 1200 3863 σου,
1228 3800 1386 3869 μόνον
1410 3798 1507 3869 τὴν
1533 3799 1633 3869 ψυ-

64 3885 158 3953 χὴν
184 3883 351 3937 αὑτοῦ
380 3884 721 3953 διαφύλαξον.
756 3906 776 3939 ι
825 3888 1083 3942 Ἐνταῦθα
1111 3889 1166 3942 δέ
1203 3891 1301 3961 τὴν
1334 3890 1509 3960 ψυχὴν
1537 3893 1632 3945 αὑ-

63 3976 155 4047 τὴν
204 3978 235 4029 ὁ
290 3976 564 4048 πειράζων
614 3978 897 4050 πειράζει,
932 3981 1054 4051 ἥτις
1101 3974 1328 4051 ποτέἦν
1359 3980 1516 4052 αὕτη,
1564 3977 1631 4054 ἦς

67 4068 309 4138 μέμνητο
332 4067 424 4121 καὶ
456 4067 616 4133 αὐτὸς
641 4068 812 4138 λέγων
832 4086 847 4101 ·
887 4088 911 4122 ι
947 4068 1135 4133 Οὐδεὶς
1164 4070 1307 4138 αἴρει
1334 4071 1430 4141 τὴν
1454 4070 1631 4141 ψυχήν

68 4175 162 4227 μου
196 4160 292 4211 ἀπ’
328 4156 496 4228 ἐμοῦ·
526 4155 772 4222 ἐξουσίαν
804 4158 917 4230 ἔχω.
940 4158 1111 4211 θεῖναι
1139 4159 1328 4229 αὐτὴν,
1351 4161 1449 4218 καὶ
1483 4159 1633 4226 ἐξου-

68 4248 185 4301 σίαν
228 4248 338 4316 ἐχω
378 4246 558 4310 λαϐεῖν
587 4247 792 4317 αὐτήν·
815 4237 856 4301 ἰ,
887 4249 981 4310 καὶ
1020 4248 1209 4301 πάλιν·
1252 4267 1269 4299 ι
1314 4250 1424 4320 Τὴν
1455 4250 1631 4322 ψυχήν

68 4354 166 4405 μ’,υ
206 4334 401 4413 τίθημι
441 4336 581 4407 ὑπὲρ
620 4336 729 4415 τῶν
768 4338 1063 4415 προϐάτων·
1088 4356 1221 4417 μου·
1256 4359 1275 4391 ι
1321 4342 1433 4405 καὶ,
1471 4361 1487 4393 ι
1520 4342 1631 4395 Νῦν

66 4428 98 4495 ἡ
123 4425 267 4496 ψυχή
299 4443 397 4495 μου
424 4427 783 4497 τετάρακται·
826 4447 847 4480 ι
876 4429 987 4491 καὶ,
1026 4447 1044 4480 ι
1075 4429 1377 4500 Περίλυπός
1402 4432 1566 4484 ἐστιν
1598 4434 1631 4500 ἡ

65 4518 204 4589 ψυχή
260 4535 363 4589 μου
422 4518 533 4582 ἕως
571 4518 821 4575 θανάτου.
862 4539 880 4571 ι
920 4520 1092 4615 ὶ’Ὀιθεν
1148 4524 1242 4575 καὶ
1286 4522 1381 4577 νῦν
1433 4539 1627 4594 φησιν·

1730 3433 1898 3487 ratas,
1932 3438 2102 3496 aquas
2141 3438 2488 3493 nuncupans,
2543 3437 2715 3491 usque
2743 3422 2812 3476 ad
2861 3424 3097 3476 animam
3146 3438 3301 3477 suam

1729 3516 1944 3571 venisse
1995 3514 2173 3569 docet.
2230 3512 2305 3568 De
2361 3511 2498 3567 Jobo
2559 3527 2729 3576 sane,
2781 3514 2995 3567 tametsi
3044 3520 3301 3577 strenuus

1732 3610 1931 3663 athleta
1964 3615 2101 3675 erat,
2138 3607 2343 3663 dixisse
2368 3605 2537 3663 Deum
2570 3606 2823 3660 tentatori
2862 3604 3069 3661 fertur:
3110 3624 3127 3658 ι
3165 3603 3299 3660 Ecce

1731 3702 1913 3756 omnia
1954 3716 2292 3771 quaecunque
2322 3700 2425 3770 ipsi
2462 3708 2590 3756 sunt
2617 3700 2686 3755 do
2723 3700 2775 3753 in
2811 3714 2972 3754 manu
3031 3707 3143 3762 tua,
3182 3707 3301 3752 tan-

1734 3802 1846 3850 tum
1884 3793 2119 3846 animam
2150 3792 2269 3861 ejus
2298 3802 2512 3846 servato
2535 3791 2599 3843 ⁸³.
2639 3808 2657 3842 ι
2688 3782 2794 3845 Hic
2824 3776 2950 3845 vero
2980 3790 3151 3859 ipsam
3183 3790 3302 3844 ani-

1732 3899 1872 3938 mam
1899 3890 2135 3938 tentator
2156 3881 2491 3952 aggreditur,
2516 3896 2632 3934 eam
2660 3880 2832 3949 ipsam
2872 3880 3079 3935 scilicet
3103 3879 3169 3934 de
3194 3895 3301 3950 qua

1733 3972 1993 4029 Dominus
2012 3973 2198 4027 dicitzc
2222 3971 2391 4026 Nemo
2405 3970 2545 4024 tollit
2562 3970 2794 4024 animam
2818 3974 2990 4024 meam
3009 3984 3046 4030 a,
3058 3986 3141 4025 me
3166 3989 3191 4027 :,
3208 3987 3304 4041 po-

1733 4072 1979 4119 testatem
1994 4064 2165 4125 habeo
2181 4062 2413 4131 ponendi
2441 4062 2668 4127 illam,et
2685 4070 3005 4133 potestatem
3026 4063 3203 4127 habeo
3215 4078 3302 4121 ac-

1734 4154 1979 4225 cipiendi.
1996 4169 2117 4210 eam
2136 4154 2202 4211 βδ.
2241 4173 2260 4205 ι
2293 4152 2359 4207 Et
2392 4155 2619 4213 iterum;
2650 4153 2947 4207 «Animam
2966 4169 3138 4207 meam
3160 4170 3303 4224 pono

1736 4264 1833 4318 pro
1866 4247 2061 4303 ovibus
2096 4245 2230 4299 meis
2253 4245 2320 4309 ⁸⁸,
2362 4265 2379 4296 ι
2418 4254 2491 4308 οι,
2524 4263 2542 4295 ι
2574 4242 2729 4297 Nunc
2746 4245 2924 4304 anima
2944 4258 3070 4298 mea
3089 4244 3301 4301 turbata

1732 4340 1871 4395 est"
1889 4344 2015 4405 pet,
2027 4357 2044 4389 ι
2056 4336 2253 4392 Tristis
2269 4344 2351 4393 est
2367 4338 2544 4390 anima
2564 4351 2680 4390 mea
2699 4351 2866 4405 usque
2880 4335 2945 4388 ad
2965 4336 3263 4391 mortem".
3278 4356 3296 4388 ι

1736 4430 2097 4497 Quamobrem
2140 4446 2285 4484 nunc
2312 4443 2529 4498 quoque
2560 4428 2635 4480 ait
2673 4445 2686 4481 :
2718 4444 2735 4476 ι
2765 4424 3029 4501 Quoniam
3064 4426 3302 4481 intrave-

1732 4530 1860 4577 runt
1879 4538 2031 4592 aqua:
2060 4536 2231 4591 usque
2243 4520 2309 4573 ad
2331 4521 2566 4573 animam
2602 4521 2772 4571 mea‘m
2795 4536 2805 4570 :
2832 4533 2852 4568 ι
2874 4518 2983 4571 sive
3002 4518 3299 4572 secundum

74 4582 91 4660 ἑ
124 4582 602 4682 εἰσήλθοσαν
632 4609 797 4669 ὕδατα
824 4582 931 4676 ιωξ
959 4586 1135 4684 ψύχῆς
1181 4631 1280 4685 μου
1301 4631 1313 4643 ·
1344 4632 1371 4666 ι
1409 4582 1549 4666 κατὰ
1574 4611 1630 4665 δὲ

1737 4611 2118 4684 Symmachum
2146 4621 2161 4667 :‘
2184 4631 2201 4663 ι
2226 4610 2490 4677 Quoniam
2504 4618 2852 4664 accesserunt
2867 4623 3021 4678 aquze
3041 4624 3211 4679 usque
3233 4610 3299 4662 ad

67 4702 154 4754 τὸν
204 4674 531 4774 Σύμμαχον·
590 4722 608 4754 ι
642 4704 762 4758 Ὀτι
794 4674 1252 4776 ιπῆᾲθένἜιςαὶα
1301 4707 1403 4769 ἕως
1456 4705 1632 4775 ψυχῆς

1737 4703 1972 4755 animam
1988 4716 2182 4756 meam.
2209 4719 2227 4752 ι
2255 4699 2453 4753 Deinde
2475 4697 2753 4767 subjungit
2781 4716 2792 4750 :
2829 4715 2845 4747 ι
2876 4696 3076 4752 Infixus
3096 4714 3213 4753 sum
3247 4699 3301 4753 in

72 4795 216 4861 μου.’
236 4814 256 4846 ι
306 4791 743 4864 Εἶταέπιλέτει·
777 4815 799 4851 ι
843 4798 1145 4867 Ἐνεπάγην
1178 4800 1255 4861 είς
1283 4797 1413 4867 ὓλην
1450 4796 1631 4867 βυθοῦ,

70 4884 161 4943 καὶ
184 4886 288 4949 οὐκ
329 4884 475 4938 ἐστιν
505 4884 801 4947 ὑπόστασις
826 4900 839 4915 ·
877 4905 895 4936 ι
925 4887 1071 4939 κατὰ·
1102 4887 1158 4939 δὲ
1186 4887 1274 4939 τὸν
1300 4886 1590 4956 Σύμμαχον
1617 4903 1628 4914 ·

75 4993 93 5024 ι
138 4975 507 5048 Ὲὸαπτίσθην
548 4980 627 5041 εἰς
672 4978 1008 5049 ἀπεράντους
1036 4980 1377 5043 καταδύσεις,
1405 4981 1499 5032 καὶ
1536 4981 1636 5032 οὐκ

71 5066 181 5118 ἐστι
207 5068 416 5133 στάσις,
451 5070 811 5140 »ἡρμήνευσε
834 5088 846 5099 ·
880 5069 1083 5141 σφόδρα
1112 5069 1444 5132 ἀκολούθως.
1470 5070 1635 5123 Ἔνθα

71 5153 174 5225 γάρ
198 5156 301 5209 οὐκ
320 5154 599 5227 ἦνστάσις
624 5159 848 5232 ἐτέροις,
878 5159 963 5213 διὰ
987 5159 1048 5211 τὸ
1073 5160 1275 5222 πάντας
1305 5160 1430 5219 τοὺς
1451 5158 1636 5212 αὐτόθι

73 5246 430 5311 κατελθόντας
479 5248 676 5322 όλίσθῳ
724 5253 1035 5323 περιπεσεῖν
1086 5252 1177 5303 καὶ
1234 5235 1634 5320 κατασύρεσθαι

75 5335 178 5389 ὑπὸ
219 5334 330 5390 τῶν
361 5337 454 5389 τοῦ
486 5337 717 5392 θανάτου
762 5342 1065 5410 ῥευμάτων,
1095 5339 1324 5393 ἐνταῦθα
1353 5340 1447 5392 καὶ
1475 5340 1637 5404 αὐτὸς

73 5423 255 5497 ἦλθον,
285 5426 623 5496 ὁπηνίκαείς
655 5430 723 5482 τά
763 5429 901 5502 βάθη
926 5432 1026 5501 τῆς
1067 5431 1337 5501 θαλάσσης
1371 5429 1631 5500 ἐλήλυθα·

78 5518 129 5588 ἢ.
160 5518 416 5581 usam
450 5518 757 5590 Σύμμαχον,
788 5540 804 5572 ι
837 5522 1097 5593 Εἱσῆλθον
1125 5524 1203 5585 είς
1242 5521 1308 5574 τά
1351 5519 1488 5590 βάθη
1530 5522 1637 5575 τῶν

76 5610 302 5671 ὑδάτων,
348 5612 441 5663 καὶ
473 5611 680 5682 ῥεῖθρον
722 5613 987 5674 ἐπέκλυσὲ
1024 5631 1109 5685 με.
1149 5634 1167 5665 ι
1204 5613 1314 5666 Καὶ
1354 5611 1423 5665 τὰ
1464 5630 1640 5683 παρα-

80 5700 280 5772 πλήσια
312 5702 370 5756 δὲ
418 5703 623 5767 τούτοις
656 5704 749 5757 καὶ
786 5704 969 5769 Ἰωνᾶς
1015 5707 1044 5758 ό
1086 5686 1366 5778 προφήτης
1400 5704 1507 5757 ἀπὸ
1539 5705 1639 5773 τῆς

147 5858 193 5935 ’ξ
226 5856 374 5935 Psal.
402 5876 578 5935 Auni,
612 5859 665 5935 ξ),
707 5859 759 5913 6;
850 5860 1189 5935 ";_ibid._12_.

81 5924 122 5956 "
156 5924 259 5983 Job
295 5944 356 5994 ll,
398 5930 449 5985 6.

1740 4792 2156 4862 limoprofundi,
2190 4801 2243 4845 et
2272 4790 2380 4845 non
2428 4801 2513 4844 est
2557 4790 2899 4854 substantia;
2941 4809 2958 4841 ι
3002 4790 3299 4845 secundum

1742 4880 2124 4954 Symmachum
2141 4895 2268 4934 vero
2288 4898 2299 4932 :
2327 4899 2343 4929 ι
2364 4877 2656 4937 lmmersus
2674 4896 2793 4934 sum
2814 4879 2867 4933 in
2888 4879 3125 4932 infinitas
3146 4893 3299 4930 vora-

1740 4976 1910 5045 gines,
1950 4979 2003 5026 et
2035 4986 2142 5025 non
2173 4977 2255 5025 est
2308 4978 2507 5033 status,
2557 4989 2574 5021 ι
2622 4968 2959 5039 explicatur;
2999 4975 3051 5021 et
3079 4966 3299 5035 quidem

1740 5084 1770 5121 e
1804 5081 1861 5119 re
1889 5061 2201 5117 admodum.
2230 5058 2364 5114 Nam
2397 5061 2486 5115 ubi
2526 5060 2709 5117 nullus
2751 5058 2927 5119 standi
2956 5056 3148 5111 modus
3179 5057 3301 5112 aliis

1741 5164 1877 5218 erat,
1916 5154 2042 5222 quia
2070 5161 2336 5221 quotquot
2361 5166 2426 5205 eo
2460 5150 2854 5204 descenderant
2900 5146 2954 5199 in
3006 5147 3299 5214 perniciem

1743 5247 1912 5308 ibant,
1937 5251 1990 5298 et
2036 5258 2065 5296 a
2100 5243 2355 5301 ﬂuctibus
2393 5236 2584 5298 mortis
2621 5238 3061 5301 detrahebantur,
3112 5238 3299 5291 eodem

1745 5336 1947 5392 accessi
1992 5338 2209 5405 quando
2242 5316 2367 5388 veni
2412 5332 2465 5385 in
2510 5330 2857 5384 altitudinem
2914 5329 3295 5394 maris;sive,

1745 5428 2043 5487 secundum
2081 5424 2486 5499 Symmachum.
2536 5442 2554 5474 ι
2590 5420 2874 5491 Ingressus
2906 5435 3025 5475 sum
3074 5418 3126 5473 in
3175 5433 3298 5486 pro-

1747 5523 1969 5578 fundum
2001 5536 2286 5591 aquarum,
2313 5516 2594 5573 et‘ﬂuctus
2625 5514 2904 5569 inundavit
2928 5528 3028 5566 me.
3067 5530 3085 5561 ι
3122 5508 3185 5561 Ει
3215 5508 3300 5562 his

1746 5612 1939 5668 similia
1977 5609 2145 5665 Jonas
2184 5608 2443 5679 propheta
2467 5622 2496 5659 a
2523 5615 2711 5661 ventre
2738 5604 2842 5659 ceti
2885 5607 3136 5672 precatus
3164 5600 3302 5653 scri-

1744 5705 1924 5767 bitur;
1966 5702 2039 5755 ait
2067 5702 2229 5770 igitur
2262 5680 2388 5754 il'le:
2437 5720 2453 5748 ι
2497 5696 2837 5753 Circumfusa
2870 5704 2953 5749 est
2995 5693 3126 5746 mihi
3160 5706 3299 5761 aqua

1300 5858 1511 5914 "ibid.
1551 5858 1633 5911 21.

1734 5859 1833 5891 ’⁹·⁸⁰
1876 5859 2004 5913 ibid.
2043 5857 2129 5910 δι.
2205 5857 2247 5887 ⁸³
2272 5853 2413 5908 Psal.
2453 5854 2712 5916 cxxm,5.
2790 5849 3037 5905 ".‘latth.
3074 5863 3169 5913 vn,
3207 5844 3297 5904 $5.

522 5932 568 5964 ”
605 5928 762 5987 Joan.
798 5948 851 6000 x,
888 5931 950 5990 18
1046 5932 1090 5963 “'
1128 5930 1258 5989 ibid.
1306 5930 1391 5986 15.
1466 5930 1511 5966 ⁸⁸
1547 5927 1703 5983 Joan.
1756 5944 1853 5996 xu,
1892 5928 1981 5983 27.
2056 5929 2098 5959 ⁸⁷
2142 5924 2328 5980 Matth.
2371 5938 2513 5987 xm,
2556 5923 2641 5977 58.
2720 5954 2721 5957 η
