3950 6342
656 393 756 458 ’ἦῖ

1327 397 1597 456 EUSEBH
1627 397 2100 472 CAESABIENSIS
2135 397 2213 453 ΟΡ

2340 395 2520 450 PARS
2558 395 2643 451 lll.
2686 425 2754 434 —
2794 393 3200 452 EXEGETILA.
3738 394 3822 449 718
3924 349 3925 386 ξ

652 532 826 587 usque
855 517 922 572 ad
953 517 1185 571 animam
1232 531 1431 581 meam,
1479 516 1710 586 abyssus
1753 516 1943 570 ultima
1971 518 2204 570 circum-

2314 514 2505 577 κοιλίας
2529 512 2622 566 τοῦ
2648 514 2844 585 κήτους
2867 514 3272 584 ἀναγέγραπται
3297 512 3589 582 ηύγμένος.
3621 510 3767 577 Λέγει
3787 513 3822 565 δ’

650 609 799 664 dedit
827 624 929 664 me.
957 607 1129 663 Subiit
1175 615 1338 677 caput
1382 624 1560 664 meum
1613 608 1680 662 ad
1725 606 2020 663 divisiones
2047 623 2202 661 mon-

653 700 807 764 tium,
845 699 1095 754 descendi
1125 699 1176 752 in
1208 706 1431 762 terram,
1472 694 1631 765 cujus
1668 708 1846 754 vectes
1878 708 2005 754 sunt
2034 699 2204 752 admi-

653 790 833 845 nicula
865 799 1063 845 aeterna
1085 789 1150 842 ⁸⁸.
1203 807 1222 840 ι
1255 787 1594 857 Quapropter
1630 790 1876 858 exemplo
1902 787 2050 844 Ione
2077 803 2204 860 pro-

650 881 825 950 phetze
855 896 988 935 usus
1025 877 1281 934 Servator
1308 886 1392 948 est
1413 878 1493 932 ad
1528 893 1640 942 eos,
1671 880 1762 948 qui
1802 882 2012 950 signuin
2053 881 2122 934 ab
2146 895 2205 936 se

654 970 922 1039 petebant,
958 969 1182 1023 dicens:
1243 986 1261 1018 ι
1309 967 1595 1022 Generatio
1645 984 1810 1039 prava
1859 978 1916 1025 et
1962 969 2245 1025 adultera'

655 1061 864 1135 signum
900 1061 1113 1130 quaerit,
1140 1067 1192 1113 et
1223 1059 1434 1129 signuni
1483 1075 1591 1114 non
1623 1060 1840 1135 dabitur
1885 1061 1956 1125 ei,
1994 1062 2100 1116 nisi
2139 1063 2206 1116 si-

653 1133 815 1221 gnum
844 1148 992 1205 Jonas
1026 1149 1316 1219 prophetae.
1356 1148 1505 1204 Sic'ut
1542 1133 1688 1206 enim
1733 1146 1833 1206 fuit
1883 1149 2048 1204 Jonas
2072 1162 2202 1230 pro—

654 1241 814 1308 pheta
838 1239 890 1292 in
915 1247 1101 1294 ventre
1129 1241 1227 1293 ceti
1257 1240 1432 1318 tribus
1447 1237 1639 1295 diebus
1659 1251 1714 1295 et
1734 1240 1902 1296 tribus
1925 1240 2173 1294 noctibus
2188 1280 2203 1304 ,

655 1331 734 1385 sic
761 1331 862 1385 erit
885 1339 939 1385 et
967 1330 1136 1385 Filius
1163 1331 1398 1386 hominis
1428 1331 1482 1384 in
1513 1331 1675 1386 corde
1702 1339 1859 1399 terra;
1889 1331 2064 1388 tribus
2093 1332 2206 1387 die-

655 1423 758 1478 bus
787 1432 839 1478 et
866 1423 1040 1477 tribus
1070 1407 1322 1478 noctibus
1338 1423 1403 1477 ⁸⁸.
1437 1441 1456 1474 ι
1489 1423 1596 1477 Cor
1619 1430 1777 1477 terra:
1795 1432 1951 1478 vocat
1980 1424 2032 1479 id
2063 1423 2206 1493 quod

657 1513 744 1567 hic
776 1514 976 1568 dicitur
1003 1513 1328 1583 profundum
1361 1515 1547 1576 maris,
1581 1513 1778 1570 inferni
1806 1515 1924 1569 loca
1959 1516 2206 1570 subindi-

656 1621 807 1661 cans.
838 1604 1196 1671 Quamobrem
1226 1605 1281 1658 in
1321 1602 1423 1658 Job
1451 1620 1667 1675 quoque
1711 1607 1928 1660 oracula
1978 1606 2208 1661 fundens

656 1696 774 1766 ipse
817 1694 1074 1763 Dominus
1105 1694 1304 1766 similia
1352 1695 1647 1774 declaravit
1677 1696 1906 1752 dicens:
1945 1715 1962 1748 ι
2004 1695 2208 1753 Venisti

657 1793 837 1841 autem
871 1787 935 1839 ad
987 1785 1187 1840 fontem
1230 1786 1416 1853 maris,
1466 1787 1522 1842 in
1573 1788 1820 1858 vestigiis
1849 1803 1976 1842 vero
2025 1788 2208 1857 abyssi

658 1875 1036 1931 deambulasti.
1067 1875 1402 1949 Aperiuntur
1439 1875 1537 1929 tibi
1566 1876 1761 1930 timore
1787 1883 1955 1947 portae
1981 1876 2169 1935 mortis
2195 1893 2208 1929 :

659 1958 866 2026 ostiarii
889 1970 1087 2025 inferni
1118 1969 1365 2024 videntes
1393 1976 1448 2024 te
1474 1970 1756 2044 conterriti
1778 1979 1906 2024 sunt
1928 1971 1992 2025 ὀ.
2036 1990 2054 2022 ι

2301 602 2391 659 οὖν
2414 606 2505 673 καί
2527 605 2687 667 αὐτός
2705 621 2717 634 ·
2749 604 2768 655 ι
2797 601 3096 674 Περιεχύθη
3124 619 3211 672 μοι
3236 601 3375 671 ὕδωρ
3393 602 3496 663 ἓως
3521 599 3691 670 ψυχῆς
3719 616 3822 669 μου·

2303 696 2531 760 ἄϐυσσος
2557 695 2829 749 ἐκύκλωσέ
2859 712 2925 766 με
2948 694 3170 765 ἐσχάτη.
3198 693 3326 746 Ἔδυ
3347 695 3378 762 ή
3408 692 3616 760 κεφαλή
3647 709 3739 760 μου
3759 693 3824 755 εἰς

2306 771 2536 860 σχισμὰς
2566 789 2754 860 ὀρέων,
2786 787 3014 858 κατέϐην
3040 789 3117 850 εἰς
3146 786 3267 857 γῆν,
3296 780 3362 856 ἦς
3393 787 3440 861 οἱ
3473 783 3653 854 μοχλοί⁸
3681 785 3825 856 αὐτῆς

2305 880 2517 948 κάτοχοι
2575 877 2797 932 αἰώνιοι.
2841 897 2860 930 ›
2915 878 3112 946 Διόπερ
3167 875 3243 946 τῷ
3301 873 3828 945 παραδείγματι.τώ

2317 971 2467 1022 Ἰωνᾶ
2503 970 2762 1040 κέχρηται
2781 971 2827 1030 Δό
2860 969 3047 1038 Σωτὴρ
3077 966 3211 1038 πρὸς
3247 967 3371 1029 τοὺς
3401 967 3722 1034 αἰτήσαντας
3748 966 3829 1017 air»

2302 1061 2394 1129 τὸν
2440 1053 2679 1130 σημεῖον,
2729 1057 2895 1112 εἰπών
2914 1075 2927 1088 ο
2961 1077 2980 1109 ‹
3013 1057 3178 1112 Γενεὰ
3219 1058 3428 1128 πονηρά
3473 1056 3566 1109 καὶ
3612 1056 3830 1126 μοιχαλὶς

2305 1149 2525 1218 σημεῖον
2563 1146 2822 1217 ἐπιζητεῖ,
2858 1145 2949 1200 καὶ
2992 1149 3210 1216 σημεῖον
3236 1147 3295 1199 οὐ
3323 1145 3603 1216 δοθήσεται
3626 1145 3753 1214 αὐτῇ
3791 1145 3831 1196 εἰ

2309 1238 2382 1309 μὴ
2430 1238 2491 1293 τὸ
2535 1240 2756 1308 σημεῖον
2809 1239 2963 1291 Ἰωνᾶ
3016 1237 3109 1300 τοῦ
3158 1239 3454 1310 προφήτου.
3493 1238 3697 1308 Ὠσπερ
3741 1236 3834 1307 γὰρ

2304 1329 2519 1398 ἐγένετο
2557 1330 2734 1392 Ἰωνᾶς
2760 1331 2789 1382 ό
2828 1331 3109 1401 προφήτης
3140 1332 3196 1382 ἐν
3226 1331 3290 1400 τῇ
3324 1329 3497 1402 κοιλίᾳ
3538 1328 3632 1382 τοῦ
3658 1328 3833 1398 κήτους

2303 1424 2452 1493 τρεῖς
2482 1422 2694 1493 ἡμέρας
2725 1423 2817 1474 καί
2853 1426 3000 1493 τρεῖς
3040 1421 3258 1486 νύκτας,
3293 1421 3460 1487 οὕτως
3504 1421 3653 1475 ἔσται
3696 1422 3780 1485 καὶ
3811 1422 3834 1471 ὁ

2307 1511 2434 1590 Υίιὸς
2463 1512 2555 1566 τοῦ
2582 1511 2866 1584 ἀνθρώπου
2890 1514 2947 1566 ἐν
2973 1515 3038 1585 τῇ
3069 1513 3262 1584 καρδίᾳ
3288 1514 3385 1583 τῆς
3425 1514 3526 1582 γῆς
3555 1516 3698 1583 τρεῖς
3723 1513 3828 1581 me.

2311 1621 2408 1674 ρας
2444 1605 2538 1657 καὶ
2559 1607 2705 1677 τρεῖς
2745 1604 2962 1667 νύκτας.
3001 1624 3020 1656 ι
3057 1605 3296 1675 Καρδίαν
3319 1605 3374 1658 δὲ
3400 1606 3500 1675 γῆς
3525 1604 3594 1657 τὰ
3630 1602 3838 1657 ἐνταῦθα

2306 1694 2567 1765 λεγόμενα
2599 1695 2738 1765 βάθη
2767 1693 3040 1764 Θαλάσσης
3077 1695 3348 1763 ὀνομάζει,
3378 1695 3447 1748 τά
3474 1695 3573 1748 τοῦ
3602 1695 3721 1764 ᾅδου
3752 1713 3840 1764 χω-

2311 1785 2400 1856 ρία
2435 1783 2819 1854 αἰνιττόμενος.
2849 1784 2937 1836 Διὸ
2970 1783 3063 1836 καὶ
3099 1787 3155 1837 ἐν
3186 1783 3264 1853 τῷ
3307 1782 3425 1837 Ἰὼϐ
3457 1785 3842 1856 χρηματίζωνὸ

2315 1875 2476 1939 αὐτὸς
2505 1874 2706 1950 Κύριος
2735 1876 2803 1928 τὰ
2839 1875 2999 1945 ὅμοια
3031 1875 3265 1946 παρίστη
3295 1874 3463 1942 λέγων
3482 1872 3514 1904 ·’
3537 1894 3556 1927 ι
3579 1872 3770 1939 Ἦλθες
3796 1877 3843 1929 δὲ

2320 1970 2411 2029 ἐπὶ
2438 1970 2618 2041 πηγὴν
2642 1969 2930 2040 θαλάσσης,
2959 1970 3015 2024 ἐν
3039 1969 3096 2022 δέ
3122 1969 3316 2039 ῐχνεσιν
3345 1968 3579 2022 ἀϐύσσου
3606 1970 3844 2039 περιεπά-

658 2081 846 2134 τησας.
873 2063 1195 2131 Ἀνοίγονται
1225 2062 1282 2115 δέ
1315 2079 1396 2115 σοι
1431 2061 1575 2132 φόϐῳ
1605 2061 1766 2115 πύλαι
1794 2064 2038 2128 Θανάτου,
2077 2063 2313 2134 πυλωροί
2343 2063 2472 2134 ᾅδου,
2492 2062 2684 2124 ἰδόντες
2709 2077 2766 2113 σε
2800 2059 3086 2131 ἔπτηξαν.»

734 2177 891 2233 Vides
925 2185 1100 2232 autem
1133 2178 1404 2248 quomodo
1450 2179 1539 2233 hic
1591 2195 1807 2251 quoque
1838 2196 1962 2236 cum
2007 2180 2208 2256 fontem
2241 2190 2283 2244 Β

659 2269 827 2323 maris
879 2268 1242 2341 nominasset,
1297 2276 1351 2334 et
1407 2269 1736 2339 adjecisset,
1790 2289 1808 2322 ι
1865 2271 1921 2324 In
1969 2271 2208 2340 vestigiis

662 2358 842 2428 abyssi
871 2360 1176 2426 ambulasti,
1213 2377 1233 2411 ι
1268 2359 1505 2414 declaret
1536 2360 1666 2429 quid
1693 2361 1764 2416 sit
1798 2360 2046 2431 abyssus,
2080 2361 2210 2430 quid

661 2448 1190 2516 mare,‘subjiciens:
1238 2465 1256 2497 ι
1297 2445 1628 2520 Aperiuntur
1657 2456 1835 2502 autem
1890 2448 1988 2502 tibi
2018 2449 2211 2504 timore

661 2545 828 2608 portae
861 2538 1069 2600 mortis,
1097 2536 1306 2591 ostiarii
1338 2552 1466 2592 vero
1505 2536 1700 2592 inferni
1733 2537 1972 2593 videntes
2003 2546 2055 2593 te
2084 2553 2211 2592 con-

663 2630 839 2690 territi
870 2636 1014 2685 sulat.
1058 2649 1074 2680 ι
1134 2627 1232 2686 Hic
1268 2628 1434 2699 igitur
1461 2628 1622 2684 etiam
1673 2629 1998 2700 profundum
2046 2631 2210 2685 maris

665 2722 855 2785 mortis
887 2721 1133 2792 regiones
1165 2720 1469 2784 adumbrat,
1513 2735 1622 2789 quo
1657 2713 1993 2785 descendens
2023 2719 2208 2778 Salva-

663 2820 750 2866 tor
787 2818 847 2866 εν
891 2810 1147 2866 Dominus
1200 2816 1405 2871 noster,
1444 2809 1595 2864 solus
1626 2809 1750 2865 inde
1799 2825 2083 2880 regressus
2107 2819 2213 2888 est,

665 2900 842 2968 Quare
890 2891 945 2956 in
991 2901 1578 2982 praecedenti‘quoque
1631 2904 1842 2971 psalmo
1883 2902 2206 2976 dicebatur:

671 3012 688 3042 ‹
723 2992 789 3045 Et
817 2990 1025 3055 Domini
1055 2993 1265 3047 Domini
1294 2994 1473 3049 exitus
1494 2994 1684 3049 mortis
1707 2994 1749 3026 ⁹¹
1773 3011 1789 3059 ;
1822 3014 1840 3044 ›
1871 3008 1933 3048 ac
1961 3008 2208 3049 rursum:

672 3103 690 3133 ι
728 3081 872 3136 Dixit
901 3082 1202 3139 Dominus:
1228 3082 1307 3137 Ex
1337 3084 1511 3140 Basan
1537 3093 1867 3151 convertam,
1903 3092 2210 3140 convertam

665 3189 729 3229 ex
775 3173 1040 3244 profundo
1068 3176 1234 3230 maris
1255 3177 1321 3230 θ’.
1360 3195 1378 3228 ι
1425 3175 1527 3230 Pro
1555 3177 1647 3230 illo
1673 3183 1869 3241 autem,
1914 3194 1934 3227 ι
1985 3177 2050 3229 Et
2085 3184 2214 3233 tem—

673 3271 852 3335 Destas.
895 3263 1149 3331 demersit
1197 3280 1302 3336 me,
1363 3285 1384 3318 ι
1436 3266 1650 3337 Aquila,
1707 3285 1726 3318 ι
1781 3266 1846 3319 Et
1893 3265 2212 3336 proﬂuvium

690 3356 946 3410 nundavit
973 3373 1088 3425 me;
1113 3377 1130 3408 ι
1154 3357 1508 3429 Symmachus
1527 3374 1676 3424 vero,
1710 3376 1728 3409 ι
1752 3357 1813 3411 Et
1840 3361 2035 3412 lluctus
2059 3358 2214 3412 inun-

2391 2181 2550 2250 ,ορᾷς
2574 2179 2682 2250 γὰρ
2725 2181 2871 2242 ὅπως
2911 2180 3005 2234 καὶ
3036 2180 3092 2230 ἐν
3130 2179 3336 2243 τούτοις
3377 2177 3557 2250 πηγὴν
3593 2177 3847 2246 θαλασσης

2309 2269 2601 2341 ὀνομάσας,
2632 2269 2724 2322 καὶ
2755 2268 3006 2340 προσθεὶς
3030 2269 3112 2331 τὸ,
3146 2288 3165 2320 ι
3200 2269 3301 2321 ’Ἑν
3327 2269 3384 2320 δι
3411 2269 3608 2338 ἴχνεσιν
3631 2265 3846 2320 ἀϐύσσου

2311 2359 2731 2430 περιεπάτησας,
2769 2378 2788 2410 ι
2821 2357 2914 2430 τὴν
2947 2358 3178 2413 ἄϐυσσον
3213 2359 3304 2412 καὶ
3330 2358 3426 2428 τὴν
3455 2358 3722 2412 θάλασσαν
3737 2357 3848 2429 ,τίνα

2311 2451 2424 2503 ἐστί
2469 2450 2721 2518 διασαφεῖ
2757 2449 3019 2517 ἐπιλέγων
3043 2465 3057 2478 ⁸
3095 2468 3112 2499 ι
3157 2448 3481 2516 Ἀνοίγονται
3521 2448 3576 2501 δέ
3605 2465 3683 2505 σοι
3715 2448 3849 2517 φόϐῳ

2310 2541 2468 2594 πύλαι
2493 2541 2740 2604 θανάτου,
2769 2539 3004 2610 πυλωρυί
3026 2540 3080 2592 δὲ
3110 2539 3233 2610 ᾅδου
3264 2539 3458 2603 ἰδόντες
3489 2557 3546 2593 σε
3574 2539 3841 2610 ἔπτηξαν.ι

2311 2628 2516 2682 Οὐκοῦν
2545 2629 2635 2682 καὶ
2667 2630 2724 2681 ἐν
2749 2631 2861 2691 τοῖς
2891 2627 3269 2699 προκειμένοις
3291 2627 3358 2681 τὰ
3381 2628 3518 2699 βάθη
3547 2629 3642 2698 τῆς
3669 2627 3850 2681 Θαλάσ-

2313 2735 2410 2788 σης
2450 2719 2516 2771 τά
2555 2718 2648 2774 τοῦ
2695 2718 2923 2771 θανάτου
2965 2717 3138 2789 χωρία
3180 2718 3492 2781 αἰνίττεται,
3537 2717 3663 2772 ἔνθα
3710 2718 3852 2788 μόνος

2312 2807 2554 2870 καταϐὰς
2577 2810 2605 2860 ὁ
2627 2807 2814 2878 Σωτὴρ
2842 2808 2935 2860 καὶ
2959 2807 3160 2879 Κύριος
3180 2808 3334 2878 ήμῶν
3359 2807 3651 2878 διεξῆλθεν.
3686 2809 3772 2861 Διὸ
3802 2809 3852 2860 ἐν

2310 2897 2387 2967 τῷ
2433 2897 2538 2968 πρὸ
2573 2896 2758 2950 τούτου
2797 2896 2995 2966 ψαλμῷ
3042 2896 3259 2964 ἐλέγετο
3283 2913 3295 2928 ·
3330 2913 3349 2946 ι
3386 2896 3494 2948 Καὶ
3527 2895 3617 2949 τοῦ
3661 2894 3851 2965 Κυρίου

2312 2986 2511 3058 Κυρίου
2540 2989 2592 3038 αἱ
2623 2986 2840 3050 διέξοδοι
2872 2985 2963 3039 τοῦ
2996 2985 3222 3059 θανάτου
3249 3002 3261 3014 ·
3300 3003 3319 3035 ›
3345 2986 3435 3038 καὶ
3459 2985 3650 3039 πάλιν·
3689 3005 3708 3037 ι
3731 2981 3852 3037 Eine

2311 3077 2529 3148 Ιίιύριος⁸
2549 3078 2640 3130 Ἐκ
2655 3077 2832 3131 Βασάν
2847 3077 3176 3148 ἐπιστρέψω,
3194 3077 3500 3146 ἐπιστρέψω
3516 3079 3578 3129 ἐκ
3595 3075 3762 3146 βυθῶν
3779 3075 3856 3128 θα-

2311 3169 2562 3245 λάσσηςτι
2583 3170 2723 3223 Ἀντί
2754 3169 2810 3234 δέ
2849 3168 2941 3222 τοῦ
2961 3185 2975 3198 ·
3028 3187 3045 3218 ι
3069 3152 3073 3156 ’
3094 3167 3203 3221 Καὶ
3241 3165 3488 3235 καταιγίς
3520 3165 3854 3221 κατεπόντισέ

2317 3278 2401 3330 με,
2431 3280 2449 3312 ι
2482 3264 2509 3314 ὁ
2535 3261 2633 3331 μὲν
2648 3261 2892 3325 Ἀκύλας,
2924 3279 2943 3312 ι
2973 3260 3082 3313 Καὶ
3113 3259 3237 3330 ῥοῦς
3269 3260 3527 3312 ἐπέκλυσέ
3557 3276 3622 3328 με
3649 3274 3660 3285 °
3699 3278 3718 3309 ι
3755 3260 3782 3312 ὁ
3807 3257 3855 3308 δέ

2314 3352 2622 3422 Σύμμαχος,
2659 3370 2678 3402 ι
2704 3352 2814 3405 Καὶ
2840 3350 3048 3422 ῥεῖθρον
3070 3350 3331 3404 ἐπέκλυσέ
3354 3367 3472 3420 ps,»
3510 3351 3853 3420 ήρμήνευσεν.

673 3446 813 3500 .lavit
859 3463 965 3513 me,
1016 3467 1035 3510 ι
1075 3448 1414 3519 interpretati
1448 3446 1598 3506 sunt.
1637 3449 1772 3502 Nam
1814 3449 2103 3504 verisimile
2129 3455 2213 3502 est

2316 3445 2472 3507 Εἰκὸς
2518 3443 2624 3516 γὰρ
2671 3443 2796 3513 περί
2842 3442 3003 3496 αὑτὸν
3031 3441 3310 3511 γεγονέναι
3359 3443 3455 3506 τὰς
3494 3440 3856 3516 ἀντικειμένας

672 3537 1010 3597 adversarias
1053 3547 1349 3610 potestates
1410 3541 1464 3594 in
1514 3541 1752 3604 circuitu
1799 3541 1915 3608 ejus
1972 3539 2213 3616 stetisse.

2321 3536 2590 3605 δυνάμεις,
2619 3537 2727 3599 ὅτε,
2756 3535 2945 3601 ἐπιϐὰς
2978 3538 3042 3607 τῇ
3079 3536 3340 3609 θαλάσσῃ,
3367 3536 3641 3609 συνέτριϐε
3669 3537 3765 3600 τὰς
3787 3553 3858 3589 κε-

670 3629 887 3696 quando
918 3629 1197 3698 ingressus
1228 3646 1375 3685 mare
1424 3632 1686 3702 confregit
1715 3635 1889 3703 capita
1919 3632 2214 3705 draconum

673 3716 726 3766 in
760 3729 918 3783 aqua.
952 3714 1212 3801 Quocirca
1243 3717 1298 3772 in
1327 3720 1647 3787 praecedenti
1670 3722 1876 3789 psalmo
1901 3721 2213 3776 dicebatur:

677 3823 696 3854 ι
741 3803 807 3858 Ει
840 3804 1052 3885 Domini
1102 3806 1310 3863 Domini
1349 3810 1526 3865 exitus
1577 3812 1783 3867 mortis.
1842 3808 2217 3866 Verumtamen

676 3891 813 3947 Deus
838 3893 1137 3964 confringet
1165 3897 1337 3965 capita
1357 3897 1700 3959 inimicorum
1723 3898 2021 3954 suorum".
2055 3919 2077 3965 ι⁵
2099 3897 2217 3952 Non

673 3983 816 4035 enim
849 3983 953 4036 alio
1001 3985 1160 4038 modo
1200 3987 1322 4040 illos
1356 3990 1546 4044 mortis
1585 3989 1764 4055 exitus
1812 3989 2214 4060 pertransisset,

675 4072 778 4128 nisi
812 4072 1168 4142 confregisset
1215 4077 1390 4144 capita
1443 4078 1781 4133 inimicorum
1833 4094 2074 4142 suorum,
2125 4080 2217 4149 qui

677 4167 796 4217 istic
827 4171 999 4218 erant.
1042 4164 1195 4232 Quod
1243 4166 1288 4219 si
1318 4167 1440 4234 quis
1470 4167 1580 4220 haec
1607 4185 1677 4222 eo
1715 4169 1917 4223 dixisse
1967 4166 2218 4242 Davidem

678 4266 847 4325 putet,
875 4257 1018 4326 quod
1047 4258 1247 4326 ipsein
1275 4260 1471 4314 multas
1498 4261 1821 4326 tentatio‘nes
1849 4259 2099 4315 inciderit
2124 4301 2139 4324 ,
2172 4261 2218 4314 is

679 4349 973 4417 perpendat
996 4348 1265 4417 quomodo
1302 4350 1512 4418 possint
1559 4351 1745 4416 isthaec
1775 4351 1962 4406 Davidi
2003 4367 2219 4421 compe-

679 4447 827 4493 tere:
863 4458 881 4490 ι
916 4438 1186 4509 Dederunt
1212 4440 1264 4494 in
1286 4453 1469 4495 escam
1501 4456 1670 4496 meam
1703 4441 1792 4504 fel,
1824 4431 1960 4496 etin
1991 4441 2080 4495 siti
2102 4429 2220 4496 mea

680 4535 997 4597 potaverunt
1043 4544 1128 4583 me
1178 4537 1368 4604 aceto;
1408 4549 1426 4580 ι
1485 4541 1576 4584 aut
1597 4531 1727 4584 illud
1753 4571 1776 4611 ,κ
1816 4551 1831 4581 ι
1869 4529 1986 4584 Fiat
2038 4546 2220 4586 mensa

677 4634 863 4674 eorum
894 4634 1075 4672 coram
1107 4621 1238 4687 ipsis
1263 4621 1322 4673 in
1352 4622 1621 4690 laqueum,
1661 4623 1791 4687 et,in
1839 4622 2222 4695 retributiones

678 4720 726 4765 et
759 4711 812 4765 in
843 4710 1175 4766 scandalum.
1214 4710 1584 4766 Obscurentur
1629 4714 1768 4767 oculi
1803 4708 1988 4768 eorum
2038 4729 2106 4769 ne
2138 4713 2220 4767 vi-

678 4803 859 4864 deant,
890 4807 946 4860 et
971 4800 1190 4854 dorsum
1223 4814 1409 4854 eorum
1436 4816 1648 4870 semper
1677 4803 1920 4858 incurva.
1952 4824 1968 4855 ι
2000 4805 2225 4860 Caetera-

2325 3625 2496 3693 φαλὰς
2519 3626 2627 3678 τῶν
2651 3626 2953 3696 δρακόντων
2981 3627 3072 3679 ἐπὶ
3094 3625 3185 3681 τοῦ
3212 3626 3419 3690 ὓδατος.
3442 3628 3533 3680 Διὸ
3577 3629 3668 3680 καὶ
3694 3630 3750 3680 ἐν
3790 3626 3857 3695 τῷ

2323 3717 2427 3786 πρὸ
2465 3717 2651 3768 τούτου
2684 3717 2898 3784 ἐλέγετο
2924 3718 3121 3788 ψαλμῷ
3147 3737 3159 3749 ο
3196 3736 3215 3768 ε
3247 3719 3355 3771 Καὶ
3386 3718 3478 3771 τοῦ
3516 3719 3720 3790 Κυρίου
3755 3720 3857 3770 Κυ-

2298 3846 2300 3848 τ
2325 3807 2438 3878 ρίου
2467 3809 2520 3860 αἱ
2547 3807 2762 3870 διέξοδοι
2798 3808 2890 3861 τοῦ
2917 3809 3160 3862 θανάτου.
3190 3808 3334 3878 Πλὴν
3357 3810 3385 3860 ὁ
3422 3809 3553 3872 Θεὸς
3594 3807 3860 3861 συνθλάσει

2323 3896 2559 3964 κεφαλὰς
2572 3896 2682 3973 τῶν
2705 3896 2909 3968 ἐχθρῶν
2933 3896 3116 3950 αὑτοῦ.
3166 3904 3188 3949 ›
3215 3898 3284 3950 Oi:
3313 3897 3420 3968 γὰρ
3446 3896 3511 3949 ἂν
3538 3896 3709 3958 ἄλλως
3732 3895 3859 3960 διεξ-

2324 3984 2564 4056 εληλύθει
2605 3987 2701 4050 τὰς
2728 3986 2984 4054 διεξόδους
3022 3987 3113 4040 τοῦ
3152 3985 3431 4058 θανάτουῆ
3460 3986 3754 4050 συνθλάσας
3774 3987 3859 4047 τὰς

2325 4076 2557 4143 κεφαλὰς
2580 4077 2686 4129 τῶν
2713 4077 2893 4129 αὐτόθι
2925 4077 3132 4149 ἐχθρῶν
3159 4077 3344 4133 αὑτοῦ.
3380 4077 3505 4131 Ἐὰν
3525 4076 3581 4129 δέ
3602 4093 3683 4140 τις
3705 4075 3861 4129 ταῦτα

2327 4164 2517 4237 νομίζῃ
2550 4167 2724 4232 λέγειν
2747 4167 2837 4220 τὸν
2871 4167 3030 4220 Δαυῒδ
3061 4167 3150 4221 διὰ
3184 4169 3244 4220 τὸ
3285 4167 3496 4230 πολλοῖς
3527 4182 3861 4239 περιπεπτω-

2326 4261 2474 4313 κέναι
2517 4262 2855 4330 πειρασμοῖς,
2902 4258 3243 4329 ἐπιστησάτω
3280 4257 3394 4320 πῶς
3431 4254 3540 4310 οἷόν
3585 4275 3642 4310 τε
3687 4254 3753 4328 ἦν
3795 4254 3863 4323 τῷ

2325 4351 2483 4406 Δαυῖδ
2516 4349 2772 4420 ἁρμόζειν
2804 4351 2863 4402 τὸ
2890 4350 3099 4418 λέγειν’
3142 4369 3159 4400 ι
3197 4349 3440 4403 Ἐδωκαν
3474 4351 3552 4412 εἰς
3594 4350 3653 4401 τὸ
3685 4345 3866 4419 βρῶμά

2330 4462 2429 4515 μου
2457 4441 2636 4514 χολὴν,
2667 4440 2756 4494 καὶ
2781 4441 2858 4503 εἰς
2879 4440 2976 4510 τὴν
2996 4439 3151 4508 δίψαν
3183 4455 3282 4508 μου
3310 4429 3560 4491 ἐπότισάν
3597 4456 3663 4509 με
3690 4426 3826 4512 ὅξος·
3844 4457 3858 4486 ι

2325 4533 2360 4602 ἢ
2384 4531 2464 4598 τὸ,
2502 4547 2520 4581 ι
2555 4527 2838 4598 Γενηθήτω
2869 4528 2903 4594 ἡ
2949 4523 3191 4595 τράπεζα
3219 4524 3396 4578 αὐτῶν
3433 4525 3660 4579 ἐνώπιον
3699 4523 3866 4590 αὐτῶν

2328 4625 2406 4685 εἰς
2428 4609 2626 4691 παγίδα
2664 4620 2756 4672 καὶ
2785 4620 2862 4679 εἰς
2889 4617 3262 4681 ἀνταποδόσεις
3309 4617 3401 4669 καὶ
3439 4618 3520 4679 εἰς
3563 4615 3864 4670 σκάνδαλον,

2329 4712 2769 4782 Σκοτισθήτωσαν
2809 4711 2855 4761 οἰ
2883 4707 3146 4779 ὀφθαλμοὶ
3176 4709 3352 4762 αὐτῶν
3385 4707 3475 4760 τοῦ
3517 4707 3592 4777 μὴ
3641 4706 3864 4774 βλέπειν.

2329 4801 2545 4876 καὶτὸν
2577 4802 2742 4856 νῶι-ον
2772 4793 2945 4853 αὐτῶν
2981 4800 3066 4853 διά
3103 4801 3302 4862 παντὸς
3334 4798 3674 4868 σύγκαμψον.
3715 4816 3733 4847 ι
3768 4797 3865 4848 Καὶ

679 4907 783 4958 que
810 4891 897 4946 his
924 4889 1126 4958 similia.
1147 4890 1193 4945 si
1220 4891 1344 4959 quis
1380 4890 1484 4944 sibi
1513 4891 1809 4965 collegerit,
1842 4893 2059 4949 Davidis
2096 4911 2213 4964 per-

2323 4893 2391 4946 τὰ
2444 4894 2605 4946 λοιπά
2665 4892 2723 4944 δέ
2773 4891 2978 4954 τούτοις
3023 4891 3378 4963 παραπλήσια,
3429 4885 3746 4956 συναγαγών
3790 4905 3863 4949 τις

681 4994 827 5034 εοιιω
856 4980 1165 5035 nullatenus
1200 4995 1495 5050 congruere
1535 4963 1914 5048 deprehendet.
1953 4963 2213 5054 Interpre-

2326 4985 2519 5054 ἐαυτῷ,
2549 4984 2696 5054 εὖροι
2728 4983 2796 5048 ἂν
2831 4984 3079 5054 οὐδαμῶς
3115 4980 3420 5052 ἁρμόζοντα
3459 4977 3538 5050 τῷ
3578 4979 3673 5033 τοῦ
3720 4979 3866 5035 Δαυῖδ

682 5069 873 5121 tationi
902 5083 1078 5124 autem
1116 5070 1190 5122 illi
1237 5071 1304 5123 de
1333 5067 1617 5126 Servatore
1664 5082 1850 5126 nostro
1885 5075 2213 5131 evidentibus

2327 5075 2616 5146 προσώπῳ.
2653 5073 2761 5143 Τὴν
2791 5073 2846 5127 δέ
2885 5090 2947 5141 γε
2979 5073 3070 5126 ἐπὶ
3112 5073 3202 5124 τὸν
3239 5071 3504 5141 ἡμέτερον
3535 5070 3759 5143 Σωτῆρα
3787 5073 3866 5143 ἐρ·

683 5160 1009 5226 urgumentis
1039 5157 1196 5224 ﬁdem
1228 5160 1480 5212 conciliat
1509 5175 1784 5214 sacrorum
1819 5157 2213 5230 Evangeliorum

2330 5165 2550 5232 μηνείαν
2579 5163 2901 5216 πιστώσεται
2934 5163 3218 5232 σφραγῖσιν
3249 5161 3665 5231 ἀναμφιλέκτοις
3699 5165 3730 5231 ἠ
3771 5163 3865 5214 τῶν

686 5246 1070 5308 testimonium,
1101 5264 1220 5302 cum
1250 5249 1316 5301 ab
1349 5250 1506 5303 allato
1539 5250 1687 5305 Iona:
1718 5253 1984 5320 exemplo,
2019 5261 2131 5306 tum
2159 5269 2213 5310 ea

2328 5253 2484 5323 ἱερῶν
2512 5254 2850 5321 Εὑαγγελίων
2885 5251 3176 5322 μαρτυρία,
3204 5253 3309 5304 ἀπό
3334 5269 3390 5319 τε
3417 5239 3509 5306 τοῦ
3545 5253 3867 5322 παρατεθέν-

686 5337 848 5406 hujus
890 5337 1081 5407 psalmi
1124 5339 1288 5403 dicto,
1341 5357 1359 5389 ι
1398 5337 1660 5403 Quoniam
1691 5342 1843 5395 zelus
1887 5341 2077 5397 domus
2122 5352 2213 5398 tua

2329 5361 2417 5405 τος
2448 5345 2538 5396 τοῦ
2581 5346 2732 5397 Ἰωνᾶ
2773 5340 3222 5412 παραδείγματος,
3253 5343 3346 5396 καὶ
3371 5344 3476 5395 ἀπὸ
3508 5343 3602 5395 τοῦ
3630 5340 3867 5410 λέγεσθαι

692 5428 923 5483 comedit
963 5443 1069 5492 me,
1109 5448 1127 5478 ι
1154 5431 1294 5498 quod
1323 5432 1375 5484 in
1415 5429 1700 5501 Evangelio
1739 5432 2033 5486 secundum
2064 5431 2213 5489 Joan-

2332 5437 2388 5484 ὲν
2426 5437 2534 5496 τοῖς
2567 5434 2958 5505 προκειμένοις,
2993 5451 3010 5483 ι
3045 5434 3158 5485 Ὀτι
3194 5436 3222 5486 ό
3257 5432 3413 5502 ζῆλος
3456 5431 3550 5485 τοῦ
3587 5431 3734 5485 οὲκου
3783 5443 3864 5479 σου

695 5533 838 5580 nem,
881 5519 1167 5587 ipsissimis
1205 5522 1377 5574 verbis
1428 5522 1702 5590 impletum
1741 5523 2082 5587 declaratur,
2137 5526 2208 5579 ub

2333 5525 2604 5594 κατέφαγε
2651 5541 2748 5594 με·
2786 5545 2817 5574 ›-
2857 5524 2989 5594 ὅπερ
3027 5510 3296 5590 αύτολεξεὶ
3345 5523 3757 5594 μεμαρτύρηται
3799 5521 3859 5572 tl;

760 5669 971 5724 “Joan.
1016 5689 1071 5737 ιι,
1111 5676 1161 5737 ϐ,
1208 5674 1251 5726 7.
1349 5674 1589 5730 "Matth.
1626 5692 1722 5741 sit,
1759 5677 1847 5741 39,
1888 5676 1975 5731 40.
2073 5679 2118 5710 ⁹⁰
2137 5674 2213 5734 Jol

667 5741 740 5800 -ιλ
776 5741 903 5810 ibid.
943 5742 1028 5796 τε.

2314 5661 2514 5744 xxviii,
2551 5678 2633 5745 l6,
2667 5678 2748 5733 17.
2844 5681 2884 5710 ⁹¹
2925 5678 3067 5734 Psal.
3111 5694 3275 5737 stn.
3315 5676 3375 5729 ει
3512 5674 3560 5706 ⁶¹
3603 5674 3748 5727 ibid..
3787 5667 3850 5722 εἰ
