3966 6348
107 372 214 428 7'29

1237 378 1657 434 COMMENTAR

1774 381 1837 436 IN
1880 380 2046 436 PSAL
2056 381 2209 438 MOS.
2851 379 2856 384 ’
3216 388 3315 442 750

103 492 277 544 αὐτὸν
329 493 746 566 πεπληρωμένον
788 496 843 546 ἐν
876 495 952 566 τῷ
983 493 1120 548 κατά
1154 497 1401 566 Ἰωάννην
1441 499 1657 565 Εὑαγγε

1778 498 1976 557 dicitur
2011 518 2023 553 :
2065 519 2082 554 ι
2138 499 2203 552 Ει
2242 498 2480 554 ascendit
2509 498 2665 555 Jesus
2710 499 3118 572 Jerosolymam,
3150 511 3201 556 et
3231 505 3316 557 in-

105 583 228 651 λίῳ,
255 585 321 636 ἐν
353 577 396 652 ᾧ
420 585 750 656 γέγραπται·
787 605 805 636 ι
840 586 948 638 Kal
977 586 1142 657 ἀνέϐη
1169 589 1198 640 6
1237 587 1440 657 Ἰησοῦς
1465 591 1543 651 εἰς
1580 590 1674 641 Ἱε-

111 674 413 745 ροσόλυμα,
447 677 540 728 καὶ
566 670 720 747 εὗρεν
749 679 805 729 ἐν
831 676 908 745 τῷ
942 677 1069 746 ἱερῷ
1098 676 1337 747 πρόϐατα
1366 679 1672 744 πωλοῦντας

106 764 200 818 καὶ
237 765 374 834 βόας
415 767 506 819 καὶ
545 768 886 837 περιστεράς.
923 787 940 817 ›
989 764 1100 819 Εἶθ’
1133 767 1206 830 ὡς
1247 768 1410 837 ήιλασε
1454 769 1671 832 τούτους

107 856 285 909 εἰπών
305 873 320 885 ⁸
355 876 373 907 ι
413 858 609 926 Ἀρατε
631 857 798 910 ταῦτα
843 844 1109 921 ἐντεῦθεν,
1145 858 1218 927 μὴ
1250 862 1448 912 ποιεῖτε
1481 858 1570 912 τὸν
1599 856 1674 912 οἶ-

108 965 204 1000 κον
243 947 347 1000 τοῦ
391 949 600 1018 Πατρός
652 965 751 1018 μου
792 945 936 1001 οἷκον
975 948 1254 1019 ἐμπορίου,
1293 968 1311 999 ι
1362 950 1600 1018 ἐπιλέγει
1646 954 1674 1004 6

107 1041 540 1114 εύαγγελιστήςο
597 1062 614 1094 ι
665 1041 1039 1113 Ἐμνήσθησαν
1092 1043 1139 1094 οἱ
1199 1041 1432 1112 μαθηταὶ
1488 1043 1669 1109 αὑτοῦ,

108 1131 188 1183 ὅτι
223 1136 610 1206 γεγραμμένον
642 1135 814 1188 ἐστίν’
855 1135 911 1186 '0
935 1133 1092 1204 ζῆλος
1123 1133 1214 1186 τοῦ
1243 1136 1388 1186 οἴκου
1411 1150 1502 1185 σου
1551 1150 1674 1187 κατ-

105 1221 283 1290 έφαγέ
338 1243 421 1294 με.
461 1245 478 1276 ›
533 1225 689 1278 Ἀλλά
731 1225 822 1278 καὶ
871 1225 951 1286 τὸ,
983 1244 1000 1276 ι
1052 1225 1292 1277 Ἔδωκαν
1336 1225 1413 1286 εἰς
1481 1221 1673 1293 βρῶμά

107 1326 211 1377 μου
238 1312 426 1380 χολὴν,
449 1315 543 1368 καὶ
565 1317 642 1375 sl;
666 1315 763 1382 τὴν
789 1313 942 1382 δίψαν
968 1331 1066 1384 μου
1100 1313 1350 1366 ἐπότισάν
1386 1328 1450 1381 με
1484 1311 1622 1376 ὅξος,
1645 1331 1662 1362 ι

103 1401 161 1449 ἐν
193 1401 315 1462 τοῖς
342 1403 475 1470 μετά
508 1406 692 1473 χεῖρας
719 1403 985 1472 κείμενον,
1016 1407 1079 1456 ἐκ
1119 1399 1406 1473 προσώπου
1434 1399 1524 1463 τοῦ
1561 1401 1670 1451 m-

103 1489 270 1560 τῆρος
328 1491 482 1561 ἡμῶν
546 1492 959 1563 μεμαρτύρηται
1013 1492 1356 1560 λελεγμένον,
1389 1490 1524 1544 κατὰ
1579 1490 1668 1541 τὸν

117 1579 392 1651 Ἰωάννην,
422 1582 683 1652 φήσαντα·
718 1601 736 1634 ι
770 1583 922 1636 Μετά
943 1582 1114 1635 ταῦτα
1141 1581 1262 1634 ιδὼν
1283 1584 1311 1634 6
1344 1579 1562 1650 Ἰησοῦς,
1590 1579 1668 1631 ὃτι

103 1670 284 1722 πάντα
313 1671 618 1724 τετέλεσται
644 1673 764 1742 ήδη,
795 1673 882 1726 ἵνα
908 1673 1164 1743 πληρωθῇ
1188 1674 1219 1742 ή
1251 1670 1458 1741 Γραφὴ,
1483 1669 1627 1736 λέγει
1652 1687 1672 1734 '.

104 1758 273 1826 Διψῶ.
320 1761 533 1832 Λεκάνη
562 1761 736 1814 ἔκειτο
775 1761 926 1828 ὄξους
957 1762 1125 1831 μεστή
1148 1780 1159 1791 ·
1198 1761 1430 1828 σπόγγον
1457 1754 1547 1812 οὖν
1583 1775 1670 1827 με·

1779 589 1925 642 venit
1954 589 2009 642 in
2043 589 2243 658 templo
2274 587 2564 644 vendentes
2598 603 2725 645 oves
2756 597 2809 643 et
2842 589 3005 644 boves
3032 600 3084 645 et
3109 591 3316 645 colum-

1779 679 1896 734 bas.
1933 699 1951 731 ι
1984 679 2185 734 Deinde
2205 690 2484 749 postquam
2512 680 2757 749 ejecisset
2779 696 2875 736 eos
2898 681 3083 735 dicens
3106 702 3171 734 τι
3211 686 3319 737 Αυ-

1778 770 1912 824 ferte
1947 772 2051 826 ista
2087 771 2250 837 hinc;
2289 771 2455 826 nolite
2494 771 2672 825 facere
2724 770 2939 825 domum
2991 770 3167 829 Patris
3214 776 3317 828 ιιιρὶ

1778 863 1994 915 domum
2041 863 2439 930 negotiationis,
2470 881 2487 912 ι
2517 862 2700 916 subdit
2748 862 3114 931 evangelista:
3153 881 3171 913 ι
3213 863 3318 918 Re-

1779 947 1982 1002 cordati
2008 956 2134 1003 sunt
2154 949 2400 1018 discipuli
2425 951 2540 1018 ejus
2569 951 2692 1018 quia
2721 951 2977 1018 scriptum
3001 959 3083 1006 est
3111 971 3123 1005 :
3160 952 3317 1007 Zelus

1778 1037 1970 1091 domus
2022 1037 2125 1092 t‘uaa'
2173 1036 2406 1090 comedit
2457 1053 2542 1091 me
2562 1037 2624 1093 ³⁸,
2692 1057 2709 1088 ι
2767 1037 2871 1091 Sed
2933 1039 3093 1092 etiam
3144 1040 3312 1104 illud,

1783 1146 1799 1177 ι
1838 1127 2109 1182 Dederunt
2141 1129 2192 1181 in
2225 1143 2403 1183 escam
2437 1144 2609 1182 meam
2635 1129 2724 1192 fel,
2764 1138 2816 1183 et
2847 1130 2900 1182 in
2943 1131 3030 1183 siti
3061 1144 3177 1184 mea
3219 1145 3317 1199 po-

1777 1225 2029 1270 taverunt
2060 1233 2145 1272 me
2172 1227 2344 1280 aceto,
2382 1237 2400 1270 »
2442 1218 2582 1286 quod
2618 1219 2672 1272 in
2706 1219 2806 1272 hoc
2835 1220 3040 1288 psalmo
3066 1220 3312 1282 habetur,

1773 1322 1838 1360 ex
1870 1323 2098 1376 persona
2129 1307 2424 1362 Salvatoris
2454 1309 2624 1362 nostri
2641 1309 2841 1362 dictum
2871 1309 3192 1371 declaratur,
3225 1327 3308 1364 se-

1773 1397 2008 1450 cundum
2047 1395 2326 1469 Joannem,
2371 1396 2464 1467 qui
2514 1399 2588 1450 ait
2619 1416 2630 1450 :
2664 1417 2682 1447 ι
2721 1397 2910 1453 Postea
2944 1400 3130 1454 videns
3157 1398 3314 1458 Jesus

1772 1487 1895 1554 quia
1943 1487 2123 1540 omnia
2154 1496 2524 1542 consummata
2557 1498 2702 1551 sunt,
2737 1497 2794 1542 ut
2827 1490 3134 1560 impleretur
3169 1489 3315 1544 Scri-

1772 1583 1948 1645 ptura,
1971 1575 2108 1629 dixit
2138 1595 2150 1630 :
2186 1574 2342 1631 Sitio.
2365 1574 2471 1629 Vas
2497 1586 2609 1630 erat
2636 1579 2866 1646 positum
2896 1588 3048 1635 aceto
3078 1582 3309 1650 plenum.

1772 1664 1851 1718 llli
1891 1671 2068 1719 autem
2102 1665 2379 1733 spongiam
2414 1664 2625 1732 plenam
2673 1673 2824 1720 aceto
2855 1681 2977 1720 cum
3020 1668 3141 1723 felle
3187 1671 3312 1740 bys~

1772 1770 1903 1824 SOpO
1953 1750 2461 1824 circumponetites,
2505 1756 2815 1812 obtulerunt
2857 1759 2936 1813 ori
2991 1760 3127 1827 ejus.
3177 1760 3311 1824 Cum

105 1851 225 1901 στὸν
275 1853 597 1921 ποιήσαντες
634 1852 786 1916 δξους
841 1853 974 1922 μετά
1017 1851 1197 1925 χολῆς,
1235 1851 1467 1920 ὑσσώπῳ
1510 1866 1657 1919 περι-

1761 1861 1885 1915 ergo
1930 1845 2224 1915 accepisset
2275 1843 2432 1900 Iesus
2485 1856 2693 1901 acetum
2750 1863 2871 1902 cum
2923 1849 3082 1917 felle,
3133 1852 3308 1917 dixit,

103 1941 310 2006 θέντες,
357 1945 736 2013 προσήνεγκαν
785 1944 948 1996 αὑτοῦ
992 1942 1067 2013 τῷ
1111 1942 1352 2012 στόματι.
1403 1942 1528 1993 Ὅτε
1574 1937 1665 1992 οὖν

102 2033 292 2086 ἔλαϐεν
340 2035 368 2086 6
418 2034 620 2105 Ἰησοῦς
662 2037 723 2088 τὸ
763 2035 879 2100 ὅξος
914 2035 1050 2106 μετά
1082 2034 1264 2104 χολῆς,
1304 2029 1419 2084 εἷπε
1445 2049 1458 2062 ·
1505 2030 1666 2082 Τετέ-

102 2128 288 2179 λεσται
343 2128 438 2181 καὶ
479 2127 615 2198 αὕτη
659 2131 691 2198 ή
738 2129 946 2199 Γραφὴ,
985 2147 1003 2179 ι
1045 2128 1139 2182 καὶ
1170 2126 1237 2180 τά
1282 2125 1440 2182 λοιπά
1481 2124 1537 2176 δὲ
1589 2124 1667 2183 εις

1769 1937 2158 1990 Consummata
2186 1947 2269 1992 est
2294 1946 2346 1992 et
2375 1938 2489 1993 haec
2539 1937 2817 2009 Scriptura
2838 1942 2904 2004 ",
2944 1959 2962 1992 ι
3014 1951 3067 1996 et
3115 1950 3309 1998 caetera

1747 2039 1890 2095 'qua:
1915 2027 1982 2080 ad
2009 2043 2294 2096 personam
2327 2028 2634 2086 Servatoris
2679 2034 2850 2088 nostri
2879 2035 3183 2089 referuntur
3214 2053 3229 2102 ;
3258 2042 3311 2091 et

1769 2118 1884 2171 sine
1913 2118 2020 2170 ulla
2056 2119 2312 2173 violentia
2341 2121 2840 2189 interpretationem
2872 2125 3010 2179 banc
3037 2133 3253 2181 tuentur

102 2218 400 2286 πρόσωπσν
440 2216 532 2271 τοῦ
580 2219 827 2290 Σωτῆρος
868 2219 1022 2290 ήμῶν
1060 2219 1451 2291 ἀναφερόμενα,
1498 2216 1656 2280 σώζοι
1681 2210 1994 2267 ἀναὸίαστσν
2027 2210 2103 2282 (1)
2139 2213 2234 2281 τὴν
2263 2215 2572 2283 ἑρμηνείαν.

175 2329 193 2360 ι
218 2309 516 2364 Ἐκοπίασα
561 2311 798 2382 κράζων,
851 2300 1210 2384 ἐδραγχῖασεν
1249 2317 1275 2366 ὁ
1301 2313 1502 2384 λάρυγξ
1538 2329 1659 2382 μου,

103 2401 349 2466 ἐξέλιπον
390 2405 438 2455 οἱ
480 2403 744 2474 ὀφθαλμοί
788 2422 887 2475 μου
927 2407 1034 2458 ἀπὸ
1065 2405 1157 2458 τοῦ
1199 2405 1434 2469 ἐλπίζειν
1475 2421 1540 2474 με
1584 2407 1662 2466 εις

105 2492 188 2544 τὸν
226 2493 360 2544 Θεόν
398 2510 518 2563 μου.
547 2513 578 2544 ιι
643 2495 752 2546 Καὶ
789 2495 961 2549 ταῦτα
1005 2497 1063 2548 ἐν
1104 2496 1184 2566 τῷ
1227 2497 1365 2548 κατὰ
1416 2496 1659 2563 Ἰωάννην

1838 2305 2002 2360 Vsus.
2033 2305 2089 2370 4,
2121 2306 2172 2360 5.
2221 2325 2237 2357 ι
2284 2306 2549 2362 Labora'vi
2601 2309 2866 2375 clamans,
2920 2325 3096 2368 rauca:
3153 2315 3310 2369 factm

1765 2414 1894 2458 sunt
1943 2401 2128 2458 fauces
2163 2418 2315 2466 mete,
2346 2402 2663 2458 defecerunt
2694 2405 2833 2459 oculi
2866 2407 2967 2460 mei
2999 2405 3124 2460 dum
3149 2424 3309 2477 spero

1762 2494 1816 2547 in
1846 2493 2013 2548 Deum
2047 2509 2243 2548 meum.
2271 2513 2290 2545 ι
2323 2492 2444 2549 Hazc
2467 2509 2680 2565 quoque
2716 2496 2771 2549 in
2797 2495 3082 2566 Evangelio
3113 2512 3308 2553 secun-

103 2580 408 2650 ἐπληροῦτο
433 2583 745 2652 Εὑαγγελίῳ
767 2600 779 2613 ·
826 2585 881 2637 ἐν
920 2578 963 2651 ᾧ
993 2587 1232 2655 εἱστήκει
1268 2589 1296 2638 6
1339 2584 1540 2656 Ἰησοῦς
1572 2585 1657 2655 καὶ

1764 2584 1892 2637 dum
1926 2582 2184 2638 Joannem
2220 2585 2440 2655 impleta
2485 2586 2750 2651 feruntur,
2780 2591 2995 2658 quando
3023 2591 3198 2643 stabat
3221 2589 3308 2646 Je-

106 2669 299 2738 ἕκραζε
342 2671 550 2739 λέγων’
594 2692 612 2724 ι
652 2675 772 2726 Ἐάν
818 2692 901 2737 τις
944 2675 1097 2746 διψᾷ,
1145 2676 1383 2746 ἐρχέσθω
1423 2677 1556 2746 πρὸς
1591 2675 1657 2744 μὲ

1761 2691 1859 2730 sus
1889 2682 1942 2728 et
1972 2674 2055 2730 bis
2079 2675 2258 2730 verbis
2292 2677 2560 2731 clamabat
2591 2698 2602 2732 :
2639 2698 2657 2729 ι
2697 2679 2752 2732 Si
2785 2679 2909 2748 quis
2957 2681 3092 2746 sitit,
3126 2661 3308 2737 veniat

107 2763 194 2813 καὶ
227 2762 456 2815 πινέτωο
485 2783 503 2815 ι
537 2760 690 2826 αὖθις
726 2764 782 2817 δέ
815 2767 1046 2837 εἴρηται·
1087 2785 1106 2817 t
1151 2766 1352 2837 Ἰησοῦς
1382 2767 1437 2819 δὲ
1464 2766 1657 2837 ἐκραζε

1764 2765 1829 2818 ad
1861 2779 1945 2818 me
1977 2773 2030 2818 et
2067 2765 2215 2818 bibat
2241 2768 2308 2820 ’°.
2342 2786 2360 2817 ι
2393 2765 2604 2824 Rursus
2656 2760 2871 2838 quoque
2914 2772 3117 2825 dictum
3169 2779 3255 2826 es‘.
3286 2790 3302 2828 :

107 2855 195 2905 καὶ
243 2854 458 2922 ἔλεγεν·
509 2857 564 2909 ὐ
605 2858 866 2910 πιστεύων
911 2861 989 2921 εἰς
1037 2859 1134 2928 ἐμὲ
1186 2859 1247 2911 ού
1295 2858 1535 2912 πιστεύει
1581 2859 1657 2922 εἰς

1771 2873 1788 2905 ι
1829 2853 1988 2908 Jesus
2021 2862 2196 2908 autem
2230 2856 2497 2916 clamabat
2529 2865 2582 2935 et
2601 2857 2805 2912 dicebat
2838 2879 2852 2911 :
2890 2858 2992 2924 Qui
3040 2861 3206 2914 credit
3247 2861 3306 2916 in

108 2947 220 3016 ἐμὲ,
269 2946 384 3000 ἀλλ’
417 2951 494 3009 εἰς
533 2949 622 3000 τὸν
663 2948 950 3019 πέμψαντά
993 2965 1077 3020 με.
1115 2949 1222 3003 Καὶ
1253 2951 1280 3002 6
1313 2950 1526 3020 θεωρῶν
1560 2951 1657 3021 ἐμὲ

1766 2960 1873 3008 me,
1900 2961 2006 3000 non
2041 2945 2214 3000 credit
2245 2944 2298 2999 in
2332 2963 2436 3015 me,
2461 2948 2554 3002 sed
2579 2948 2630 3002 in
2656 2964 2775 3002 eum
2808 2950 2897 3021 qui
2919 2965 3002 3004 me
3047 2951 3211 3005 misit.
3237 2950 3304 3005 Et

108 3036 296 3108 θεωρεῖ
324 3039 414 3091 τὸν
449 3039 736 3109 πέμψαντά
777 3058 862 3111 με.
905 3041 1044 3108 Ἐγὼ
1070 3041 1182 3109 φῶς
1213 3045 1291 3104 εις
1333 3041 1422 3093 τὸν
1456 3041 1655 3110 κόσμον

1762 3034 1851 3102 qui
1884 3033 2026 3087 videt
2054 3049 2157 3096 me,
2188 3035 2334 3089 videt
2356 3035 2490 3089 eum
2523 3038 2616 3105 qui
2644 3037 2790 3091 misit
2829 3053 2931 3092 me.
2961 3037 3069 3107 Ego
3117 3039 3206 3090 lux
3244 3039 3302 3093 in

107 3127 363 3199 ἐλήλυθα,
397 3131 480 3183 ἵνα
522 3133 626 3193 πᾶς
657 3132 685 3184 ό
713 3132 986 3196 πιστεύων
1015 3133 1094 3194 εἰς
1126 3134 1223 3202 ἐμὲ
1247 3130 1324 3184 ’ἐν
1367 3135 1430 3203 τῇ
1470 3132 1655 3203 σκοτία

1763 3125 2021 3178 mundum
2049 3126 2191 3187 veni,
2223 3133 2282 3178 ut
2320 3125 2498 3181 omnis
2519 3128 2611 3196 qui
2645 3127 2813 3182 credit
2846 3129 2898 3180 in
2928 3145 3031 3192 me,
3056 3129 3121 3182 in
3145 3137 3296 3184 tene-

109 3220 181 3291 μὴ
233 3223 412 3293 μείνῃ.
444 3243 460 3274 ι
503 3224 610 3275 Kal
660 3224 750 3276 ἐπὶ
782 3222 874 3275 τοῦ
903 3223 1150 3294 Λαζάρου
1195 3222 1250 3275 δὲ
1295 3223 1499 3294 ἐπάρας
1530 3225 1653 3284 τοὺς

105 3309 410 3381 ὀφθαλμοὺς
449 3310 611 3364 αὐτοῦ
655 3313 734 3373 εἰς
777 3312 868 3364 τὸν
909 3313 1135 3381 οὐρανὸν
1189 3309 1333 3364 εἶπε·
1392 3331 1411 3361 ι
1451 3313 1649 3381 Πάτερ,

108 3403 406 3473 εὐχαριστῶ
438 3420 537 3467 σοι,
573 3404 654 3454 ὅτι
685 3401 920 3471 ήκουσάς
956 3419 1076 3470 μου.
1125 3401 1261 3468 Ἐγὼ
1293 3401 1348 3453 δέ
1381 3402 1543 3471 ῇδειν,
1572 3402 1650 3454 ὅτι

107 3493 330 3545 πάντοτέ
367 3509 464 3562 μου
499 3492 730 3554 ἀκούεις.
779 3493 887 3545 Kal
932 3491 1100 3544 ταῦτα
1145 3489 1330 3553 εἰπὼν,
1373 3494 1519 3561 φωνῇ
1557 3509 1652 3561 με-

107 3581 240 3652 γάλῃ
283 3582 623 3653 ἐκραύγασε·
676 3583 909 3654 Λάζαρε,
955 3582 1110 3653 δεῦρο
1156 3582 1274 3648 ἔξω.
1312 3602 1329 3633 ι
1377 3582 1529 3635 Ἀλλά
1559 3584 1650 3634 καὶ

108 3675 219 3725 κατ’
247 3674 378 3726 αὐτὸ
404 3674 464 3725 τὸ
491 3673 658 3736 πάθος
687 3676 884 3744 ἱστορεῖ
910 3676 938 3726 6
959 3671 1232 3736 Ματθαῖος
1256 3673 1425 3741 λέγων
1441 3690 1453 3702 ·
1493 3673 1652 3725 «Ἀπὸ

107 3761 159 3814 δέ
197 3763 360 3835 ἕκτης
389 3763 547 3834 ὥρας.
585 3764 770 3836 σκότος
816 3764 1028 3832 ἐγένετο
1081 3765 1170 3817 ἐπὶ
1214 3766 1390 3817 πᾶσαν
1418 3765 1513 3834 τήν
1551 3766 1652 3836 γῆν

109 3854 204 3918 ἕως
230 3855 378 3926 ὧρας
405 3857 613 3925 ἐνάτης.
649 3855 782 3926 Περὶ
810 3854 865 3906 δέ
892 3854 990 3925 τὴν
1019 3855 1213 3924 ἐνάτην
1235 3854 1400 3925 ὥραν,
1435 3855 1653 3927 ἀνεδόη-

112 3963 203 3999 σεν-
247 3949 275 3998 6
315 3946 517 4016 Ἰησοῦς
570 3949 718 4016 φωνῇ
777 3932 995 4016 μεγάλῃ¹
1031 3945 1236 4013 λέγων’
1281 3944 1444 4009 ’mel',
1487 3945 1648 4012 Ἠλεὶ,

111 4037 262 4106 Λαμά
292 4037 640 4107 Σασαχθανεί.
668 4057 703 4088 »ι
722 4038 851 4089 Τότε
880 4037 975 4106 μὲν
1001 4031 1093 4088 οὖν
1124 4033 1294 4088 συνὼν
1328 4035 1649 4108 ἀνθρώποις,

111 4125 307 4188 πάντας
349 4125 486 4194 βοῶν
513 4125 809 4195 παρεκάλει
838 4108 992 4194 ’ήκειν
1020 4124 1112 4177 καὶ
1146 4125 1390 4178 σπεύδειν
1436 4127 1524 4179 ἐπὶ
1554 4127 1650 4197 τὴν

111 4213 261 4265 αὑτοῦ
306 4213 676 4268 διδασκαλίανο
734 4215 824 4267 καὶ
866 4212 955 4266 τὸν
1001 4219 1312 4286 τεταρταῖον
1360 4217 1415 4269 δὲ
1463 4218 1651 4292 νεκρὸν

116 4303 239 4368 μετά
281 4303 516 4373 μεγάλης
557 4303 864 4357 ἀνεκαλεῖτο
903 4305 1167 4374 κραυγῆς.
1217 4306 1371 4359 Ἀλλά
1403 4308 1493 4360 καὶ
1523 4308 1648 4378 περὶ

1758 3214 1870 3268 bris
1893 3228 1999 3267 non
2019 3216 2310 3268 maneat".
2341 3235 2359 3265 ι
2393 3215 2451 3268 Et
2480 3232 2638 3285 super
2655 3215 2911 3271 Lazarum
2945 3219 3160 3274 elevatis
3179 3235 3300 3274 ocuo

1739 3304 1827 3386 'lis
1848 3304 1961 3359 suis
2009 3304 2064 3357 in
2106 3305 2302 3358 coelum
2342 3307 2520 3361 dixit:
2561 3323 2580 3356 ‹
2615 3306 2792 3370 Pater,
2835 3311 3032 3378 gratias
3079 3325 3178 3380 ago
3199 3312 3296 3365 tibi
3336 3334 3337 3337 η

1759 3396 1885 3465 quia
1919 3396 2114 3450 audisti
2145 3411 2249 3451 me.
2279 3395 2389 3467 Ego
2419 3405 2594 3451 autem
2644 3399 2877 3452 sciebam
2929 3401 3055 3469 quia
3085 3415 3298 3471 semper

1759 3502 1844 3541 me
1867 3485 2041 3541 audis.
2073 3486 2139 3540 Et
2159 3502 2279 3542 cum
2304 3488 2416 3542 haec
2444 3489 2686 3554 dixisset,
2717 3504 2847 3542 voce
2869 3504 3061 3559 magna
3096 3491 3298 3544 clama—

1756 3579 1833 3630 vit
1871 3595 1882 3628 :
1918 3578 2138 3641 Lazare,
2189 3581 2305 3634 veni
2359 3579 2588 3634 foras".
2631 3600 2648 3631 ι
2686 3578 2791 3634 Sed
2847 3582 3007 3634 etiam
3063 3581 3128 3635 de
3178 3583 3297 3651 ipso

1758 3670 2028 3737 passionis
2049 3678 2290 3741 tempore
2318 3671 2431 3725 haec
2448 3679 2634 3724 narrat
2666 3672 2944 3726 Matthaeus
2972 3693 2986 3726 :
3022 3691 3040 3722 ι
3078 3674 3120 3725 Α
3143 3682 3295 3732 sexta

1757 3768 1934 3819 autem
1970 3762 2102 3815 hora
2134 3764 2366 3816 tenebrae
2408 3761 2564 3816 facta:
2619 3769 2745 3816 sunt
2789 3775 2954 3829 super
2991 3763 3292 3818 universam

1757 3857 1968 3904 terram.
2001 3866 2175 3920 usque
2227 3851 2292 3904 ad
2322 3851 2507 3904 horam
2550 3866 2767 3905 nonam.
2816 3849 2880 3902 Et
2907 3851 3052 3904 circa
3107 3852 3292 3908 horam

1755 3955 1950 3992 nonam
1997 3941 2246 3999 clamavit
2289 3939 2449 3995 Jesus
2500 3955 2632 3995 voce
2684 3956 2875 4008 magna
2909 3940 3095 3995 dicens
3131 3960 3145 3996 :
3184 3941 3290 4009 Eli,

1755 4029 1856 4090 Eli,
1889 4026 2048 4085 Latna
2091 4030 2454 4085 Sabachthani
2480 4031 2545 4085 ”.
2587 4051 2606 4082 ι
2646 4031 2796 4086 Tunc
2848 4033 3026 4101 itaque
3050 4050 3168 4086 cum
3195 4034 3294 4089 bos

1757 4120 1990 4177 minibus
2047 4121 2266 4191 degens,
2317 4122 2596 4178 clamando
2650 4138 2837 4178 omnes
2889 4125 3288 4190 cohortabatur,

1755 4219 1814 4263 ut
1843 4211 2085 4264 venirent
2127 4222 2563 4283 maturarentque
2605 4213 2672 4265 ad
2708 4213 2827 4281 ejus
2859 4213 3154 4266 doctrinam
3189 4232 3203 4267 :
3236 4223 3290 4276 et

1754 4297 2174 4366 quatriduanum
2208 4308 2476 4353 mortuum
2525 4300 2759 4353 clamore
2790 4315 2984 4368 magno
3009 4301 3286 4356 evocabat.

112 4392 199 4460 τὴν
227 4372 418 4464 ἐνάτην
451 4372 598 4464 ὥραν
627 4392 720 4447 τοῦ
752 4372 954 4458 πάθους
982 4372 1176 4449 ἀνεϐόα
1207 4400 1353 4468 φωνῇ
1407 4372 1611 4469 μεγάλῇ
1629 4413 1642 4426 ·

1761 4386 1856 4442 Sed
1890 4389 2049 4443 etiam
2085 4391 2228 4444 circa
2259 4406 2452 4444 nonam
2475 4389 2743 4459 passionis
2782 4390 2990 4451 horam,
3022 4381 3289 4451 clamabat

113 4485 195 4536 καὶ
241 4485 378 4554 μετά
431 4483 602 4536 ταῦτα
643 4483 834 4537 πάλινο
897 4504 916 4536 ι
946 4484 1166 4553 Κράξας
1213 4489 1358 4556 φωνῇ
1417 4481 1641 4558 μεγάλῃ,

113 4574 277 4642 ἀφῆκε
320 4576 381 4627 τὸ
421 4572 653 4643 πνεῦμα.
714 4573 824 4628 Kal
868 4575 976 4627 ἰδοὺ
1024 4574 1083 4626 τὸ
1122 4576 1508 4643 καταπέτασμα
1552 4572 1644 4625 τοῦ

112 4665 226 4716 ναοῦ
253 4664 469 4735 ἐσχίσθη
490 4664 569 4725 εἰς
591 4662 702 4724 δύο,
727 4665 819 4715 καὶ
845 4665 877 4734 ἠ
900 4665 971 4734 γῆ
993 4664 1228 4736 ἐσείσθη,
1253 4667 1344 4718 καὶ
1369 4667 1423 4716 αἱ
1452 4664 1643 4734 πέτραι

115 4754 429 4824 ὲρῤάγησαν,
464 4753 558 4805 καὶ
593 4751 660 4804 τὰ
689 4758 920 4823 μνημεῖα
947 4752 1309 4824 ἀνεῴχθησαν,
1346 4754 1437 4805 καὶ
1480 4754 1644 4808 πολλά

116 4841 324 4909 σώματα
363 4843 470 4895 τῶν
507 4844 918 4912 κεκοιμημένων
961 4843 1126 4910 ἀγίων
1163 4844 1501 4914 ἠγέρθησαν·
1525 4863 1540 4892 ι
1580 4845 1648 4898 τὰ

116 4933 334 4986 τοσαῦτα
375 4934 470 5003 τῆς
507 4934 744 5004 μεγάλης
781 4931 941 4985 αὑτοῦ
977 4931 1161 5000 φωνῆς
1206 4934 1442 5002 ἐνεργεῖν
1490 4930 1647 4984 δυνα-

121 5018 292 5089 μένης.
327 5021 389 5072 Εἰ
419 5014 476 5073 δέ
501 5020 805 5092 ἐπιστήσειέ
851 5037 953 5082 τις,
997 5019 1070 5081 ὼς
1115 5020 1171 5086 ἐξ
1209 5021 1413 5074 ἐκείνου
1450 5022 1540 5072 καὶ
1567 5023 1646 5083 εἰς

118 5110 260 5180 δεῦρο
296 5111 416 5164 καθ’
451 5109 578 5181 ὅλης
609 5113 707 5182 τῆς
738 5111 1032 5182 ἀνθρώπων
1076 5111 1394 5182 οἰκουμένης
1429 5111 1486 5161 ἐν
1526 5117 1645 5174 ταῖς

121 5201 413 5270 ἐκκλησίαις
465 5201 625 5253 αὐτοῦ
676 5201 792 5272 βοᾷ,
847 5201 1090 5255 σπεύδειν
1140 5203 1228 5255 ἐπὶ
1283 5201 1341 5254 τὸ
1387 5201 1643 5264 ζωοποιὸν

122 5289 264 5342 αὑτοῦ
297 5293 445 5362 πόμα
468 5290 812 5360 παρακαλῶν,
840 5291 931 5344 καὶ
958 5290 1082 5354 τοὺς
1111 5294 1227 5353 ταῖς
1259 5290 1392 5361 πρὸς
1423 5290 1643 5345 θάνατον

120 5379 393 5449 ἁμαρτίαις
467 5378 898 5449 νενεκρωμένους
955 5378 1422 5446 ἀνακαλούμενος·
1468 5378 1544 5447 τῷ
1584 5395 1641 5430 τε

182 5533 223 5564 ’δ
253 5531 407 5589 Joan.
436 5548 495 5596 ιι,
521 5531 706 5587 13-17.
777 5528 1012 5600 ’fVJoan.
1051 5527 1385 5600 “ng-30.
1461 5530 1506 5562 “
1543 5530 1657 5586 Joat

1761 5549 1832 5598 ιιι,
1874 5534 1960 5588 37.
2037 5537 2080 5568 ’⁷
2120 5534 2271 5590 Joan.
2304 5551 2402 5600 xu,
2442 5534 2626 5590 ιι-ισ.

124 5601 161 5632 θ’
198 5600 374 5656 Matth.
416 5617 583 5665 xxv",
621 5601 710 5666 65,
757 5597 844 5654 66.
922 5602 936 5630 ¹
983 5601 1125 5660 ibid,
1177 5597 1350 5652 50-52.

1746 4493 1875 4533 voce
1902 4494 2096 4549 magna
2127 4501 2138 4533 :
2182 4495 2244 4534 ac
2285 4489 2468 4550 postea
2526 4495 2741 4534 rursum
2768 4498 2794 4533 ,:
2826 4497 2844 4529 ‹
2874 4479 3126 4538 Clamans
3157 4498 3288 4537 voce

1751 4583 1965 4638 magna,
1996 4553 2174 4638 emisit
2197 4571 2465 4640 spiritum.
2499 4570 2564 4622 Et
2592 4585 2718 4623 ecce
2741 4570 2912 4623 velum
2944 4573 3124 4642 templi
3147 4574 3288 4625 scis-

1755 4675 1874 4713 sum
1902 4670 1986 4715 est
2007 4663 2060 4714 in
2081 4662 2207 4723 duo,
2243 4668 2296 4714 et
2324 4668 2467 4730 terra
2495 4669 2639 4714 mota
2686 4670 2790 4724 est,
2814 4672 2881 4716 'et
2907 4675 3066 4732 petra:
3105 4664 3288 4718 scissa:

1750 4760 1896 4815 sunt,
1927 4761 1979 4806 ει
2011 4760 2354 4805 monumenta
2378 4760 2561 4821 aperta
2589 4762 2734 4816 sunt,
2762 4764 2813 4808 et
2860 4756 3023 4807 multa
3055 4768 3285 4821 corpora

1753 4826 2062 4895 sanctorum
2088 4842 2180 4910 qui
2225 4836 2556 4897 dormierant
2585 4852 2994 4899 resurrexerunt
3029 4846 3065 4897 ί.
3106 4861 3125 4894 ι
3160 4842 3285 4897 Haec

1751 4932 1958 4985 scilicet
1987 4946 2178 5001 magna
2208 4933 2376 5002 ipsius
2409 4950 2509 4989 vox
2563 4938 2720 4990 edere
2780 4943 3006 5002 poterat.
3041 4934 3191 5000 Quod
3239 4937 3284 4988 si

1746 5020 1867 5087 quis
1887 5019 2189 5074 consideret
2222 5022 2312 5091 qui
2362 5023 2429 5075 ab
2456 5023 2548 5075 illo
2588 5023 2655 5076 ad
2711 5023 2812 5076 hoc
2855 5039 3025 5092 usque
3073 5031 3284 5091 tempus

1747 5126 1841 5177 per
1869 5118 2041 5164 totum
2064 5113 2248 5167 orbem
2297 5115 2349 5166 in
2390 5113 2636 5167 ecclesiis
2663 5115 2776 5168 suis
2799 5115 2914 5183 ipse
2940 5116 3154 5188 clamet,
3190 5129 3283 5166 co—

1747 5199 1974 5257 bortans
2002 5203 2246 5273 singulos
2288 5210 2345 5255 ut
2388 5210 2657 5256 maturent
2710 5206 2774 5258 ad
2811 5205 3076 5258 viviﬂcum
3109 5203 3281 5272 ipsius

1746 5295 1963 5358 potum;
1998 5305 2062 5346 ac
2113 5305 2371 5346 revocans
2421 5291 2540 5345 illos
2579 5293 2671 5361 qui
2701 5294 3016 5346 mortalibus
3048 5294 3281 5359 peccatis

1747 5382 1998 5437 exstiut-a
2051 5392 2208 5449 sunt;
2260 5382 2442 5437 audiat
2493 5383 2625 5439 item
2671 5385 2986 5438 clamantem
3030 5383 3285 5453 passione

2701 5536 2746 5569 °'
2783 5533 2935 5591 Joan.
2978 5550 3054 5601 ιι,
3092 5536 3279 5605 Η-ιόι,

188 5711 254 5781 (Ι)
285 5712 465 5777 Σώζοιη
483 5715 856 5769 ἁναϐἔαστον.
886 5713 1042 5769 Forle
1072 5711 1230 5776 σώζει
1256 5713 1657 5782 ἀκαταὸίαστον1

1761 5711 1783 5765 τι
1814 5709 2080 5778 ἀϐίαστον.
2119 5709 2269 5767 Eutr.
