3950 6342
63 383 137 440 735

1139 378 1642 460 ΟΟΜΜΕΝΤΑΒΙΑ
1680 380 1743 434 lN
1780 380 2113 437 PSALMOS.

3121 383 3221 441 mw

62 496 156 548 t'A
194 492 283 562 οὐχ
324 492 573 564 ἥρπαζον
622 492 741 545 τότε
783 491 1126 547 ἀτιετίννυον⁸
1162 512 1180 545 ι
1208 494 1265 563 ἢ,
1304 493 1442 547 κατά
1480 495 1558 547 τὸν

1674 496 1823 549 lam:
1869 515 1887 548 ι
1929 494 2059 562 Quae
2092 510 2198 550 non
2229 493 2494 550 violenter
2538 496 2737 552 abstuli
2796 501 2928 551 tunc
2973 499 3225 557 restitue.

68 586 278 643 Ἀκύλαν·
318 588 423 639 «Ἃ
451 587 553 641 οὐκ
583 584 887 657 ἐϐιασάμην
918 586 1037 639 τότε
1070 586 1422 658 ἐπέστρεφον.
1446 606 1464 638 ι

112 694 193 751 ιό
212 694 356 764 Θεὸς,
391 699 456 752 σὺ
484 697 653 766 ἔγνως
676 696 773 769 τὴν
807 698 1115 769 ἀφροσύνην
1146 716 1268 770 μου.
1306 719 1325 751 ι
1363 700 1570 769 Ὥσπερ

57 788 348 860 ἀνεγκλήτως
371 789 403 841 6
433 788 574 852 θεῖος
598 786 913 850 Ἀπόστολος
931 790 1130 857 μωρὸν
1143 789 1251 844 τοῦ
1269 790 1415 844 Θεοῦ
1435 790 1539 845 ώνό
1555 820 1569 830 -

61 899 164 951 μασε
183 878 430 943 τὸπάθος
450 878 544 931 τοῦ
566 878 837 950 Σωτῆρος,
864 878 959 931 καὶ
983 878 1265 933 ἀσθένειαν
1285 882 1378 935 τὸν
1407 898 1569 935 σταυ-

60 976 140 1045 ρδν,
172 971 322 1026 εἰπών
339 990 352 1002 ·
384 990 406 1022 ‹
430 969 773 1043 Ἐσταυρώθη
798 970 857 1036 ἐξ
886 964 1167 1035 ἀσθενείας
1188 989 1235 1024 ἰ
1259 974 1351 1025 καὶ
1376 972 1533 1027 πάλιν
1550 990 1565 1004 ·

60 1069 252 1137 «Ἡμεῖς
311 1064 370 1118 δὲ
432 1062 774 1134 κηρύσσομεν
840 1063 1071 1134 Χριστὸν
1136 1064 1565 1136 ἐσταυρωμένον,

64 1156 285 1218 Ἰουδαίοις
319 1154 421 1225 μὲν
451 1152 764 1216 σκάνδαλον,
804 1150 978 1204 ἔθνεσι
1005 1151 1063 1204 δὲ
1105 1152 1347 1222 μωρίαν·
1388 1152 1469 1219 ὅτι
1508 1154 1567 1217 τὸ

60 1246 193 1316 μωρὸν
217 1244 304 1297 τοῦ
336 1242 474 1296 Θεοῦ
515 1241 815 1313 σοφώτερον
842 1241 948 1295 τῶν
975 1241 1273 1314 ἀνθρώπων
1305 1244 1440 1307 ἐστὶ,
1472 1244 1566 1305 καὶ

56 1340 95 1389 τὸ
118 1338 312 1401 ἀσθενὲς
342 1336 440 1390 τοῦ
464 1333 600 1388 Θεοῦ
634 1334 982 1407 ἰσχυρότερον
1029 1334 1134 1397 τῶν
1177 1334 1476 1405 ἀνθρώπων
1496 1352 1509 1365 ·
1539 1356 1558 1388 ι

54 1428 155 1481 οὕτω
188 1429 271 1482 καὶ
308 1427 406 1482 νῦν
445 1415 545 1482 οῦκ
584 1427 650 1482 ἂν
693 1428 957 1500 ἁμάρτοις
988 1428 1087 1499 τὴν
1141 1427 1369 1482 ἐνταῦθα
1408 1427 1562 1497 λεγο-

57 1523 180 1591 μένην
222 1520 527 1591 ἀφροσύνην
574 1520 969 1593 παραπλησίως
1014 1522 1211 1591 νοήσας
1256 1522 1320 1591 τῇ
1370 1519 1564 1591 ὀνομα-

56 1613 190 1682 sitim
214 1612 357 1684 παρά
384 1611 461 1681 τῷ
499 1614 802 1685 Ἀποστόλῳ
835 1612 1032 1684 μωρίᾳ.
1072 1611 1229 1665 Ἀλλά
1257 1612 1350 1665 καὶ
1379 1612 1563 1683 ὥσπερ

54 1706 156 1771 ἔγνω
180 1703 371 1775 Κύριος
421 1704 549 1767 τοὺς
592 1703 751 1768 ὄντας
792 1704 991 1769 αὐτοῦ,
1031 1705 1258 1777 ἐπείπερ
1297 1704 1563 1776 ὲξαίρετοί
1596 1765 1602 1772 ,

54 1796 155 1858 τινές
187 1798 311 1849 εἰσιν
338 1798 391 1850 οί
425 1797 525 1867 τῆς
555 1795 648 1849 τοῦ
672 1796 807 1851 Θεοῦ
848 1797 1099 1867 γνώσεως
1136 1797 1555 1869 κατηξιωμένοι·
1591 1840 1633 1894 Β

51 1888 177 1949 οὕτως
199 1889 344 1959 καὶὴ
396 1887 630 1942 ἐνταῦθα
676 1887 974 1960 ἀφροσύνη,
1011 1886 1133 1952 ἀξία
1172 1888 1269 1958 τῆς
1310 1886 1560 1956 γνώσεως

52 1978 329 2046 τυγχάνουσα
372 1978 471 2030 τοῦ
519 1977 673 2043 Θεοῦ,
727 1978 899 2049 μέγαν
940 1976 1060 2031 τινά
1096 1977 1189 2030 καὶ
1234 1976 1401 2047 βαθὺν
1447 1972 1558 2047 εἶχε

52 2067 177 2133 λόγον.
216 2069 285 2120 Οὐ
325 2066 439 2137 γὰρ
494 2066 648 2139 παρά
694 2067 789 2139 τὴν
845 2066 940 2139 σὴν
985 2067 1197 2137 βουλὴν,
1244 2067 1365 2120 οὐδὲ
1412 2067 1560 2139 παρὰ

52 2160 119 2227 τὴν
158 2159 240 2229 σὴν
267 2158 468 2227 γνῶσιν
512 2159 745 2229 ἐγένετο,
800 2160 983 2230 φησὶν,
1029 2162 1062 2230 ὴ
1112 2158 1387 2231 ἀφροσύνη
1434 2177 1556 2231 μου.

55 2249 150 2302 Ποία
188 2232 238 2302 δὲ
284 2248 424 2321 αὕτη
472 2251 523 2303 εί
578 2249 652 2320 μὴ
697 2252 731 2321 ἡ
771 2248 1101 2322 νομιζομένη
1167 2254 1279 2315 τοῖς
1318 2250 1556 2323 πολλοῖς;

60 2336 122 2400 Ὣς
151 2340 241 2409 γάρ
280 2341 311 2410 ή
350 2339 533 2411 μωρία
564 2339 814 2411 Ἕλλησιν
866 2328 1141 2419 ἐνομίζετο
1188 2342 1386 2414 μωρία,
1420 2342 1561 2396 κατὰ

57 2426 190 2495 βαθεῖς
238 2428 291 2481 δὲ
334 2428 530 2497 λόγους
581 2424 715 2482 Θεοῦ
780 2420 1173 2484 συνεστελεῖτοσ
1237 2432 1330 2496 καὶ
1382 2427 1448 2503 ἦν
1499 2431 1560 2487 τὸ

55 2519 143 2587 παρ’
167 2518 457 2590 ἀνθρώποις
496 2521 677 2591 μωρὸν
721 2521 1072 2593 νομιζόμενον
1121 2521 1423 2595 σοφώτερον
1453 2522 1558 2577 τῶν

54 2609 324 2679 ἀνθρώπων·
368 2612 639 2683 ηὑδόκησε
687 2612 794 2684 γὰρ
840 2614 870 2665 6
912 2613 1046 2676 Θεὸς
1088 2612 1174 2667 διά
1219 2614 1317 2685 τῆς
1352 2613 1558 2685 μωρίας

53 2700 115 2752 τεῦ
138 2701 464 2773 κηρύγματος
490 2703 660 2758 σῶσαι
702 2704 827 2767 τοὺς
861 2702 1231 2767 πιστεύοντας·
1262 2705 1431 2769 οὕτως
1465 2706 1557 2759 καὶ

55 2792 365 2862 ἧάεὲροσύνη,
406 2794 473 2863 ἣν
519 2793 586 2848 δι’
632 2795 779 2864 ἡμᾶς
821 2793 1027 2864 ὑπῆλθε
1082 2793 1322 2859 κενώσας
1369 2796 1557 2853 ἑαυτὸν

54 2884 118 2933 nl
150 2884 338 2955 μορφὴν
364 2883 554 2938 δούλου
597 2884 774 2947 λαϐὼν
801 2887 893 2953 καί
933 2886 1123 2959 μέχρις
1153 2886 1381 2940 θανάτου
1414 2904 1557 2958 παρ-

54 2974 188 3039 ελθὼν,
245 2978 526 3049 σοφωτέρα
570 2977 669 3048 τῆς
714 2978 823 3031 τῶν
875 2978 1172 3051 ἀνθρώπων
1235 2980 1425 3048 σοφίας
1466 2976 1553 3052 ἦν.

60 3065 100 3120 Ὀ
115 3068 239 3137 λόγος
261 3070 369 3142 γάρ
415 3073 443 3125 6
482 3068 576 3124 τοῦ
611 3070 844 3143 σταυροῦ
877 3073 987 3134 τοῖς
1024 3072 1120 3143 μὲν
1145 3071 1553 3142 ἀπολλυμένοις,

54 3160 168 3227 φησιν
209 3163 235 3214 6
264 3161 606 3226 ’Ἀπόστολος
631 3201 646 3225 ,
701 3161 879 3232 μωρία
926 3163 1106 3227 ἐστὶν,
1146 3166 1194 3217 εἰ
1242 3164 1298 3217 δὲ
1352 3164 1551 3247 μωρίαν
1582 3168 1625 3227 c

52 3252 115 3302 nl
150 3252 439 3323 ἀφροσύνη,
503 3255 614 3316 τοῖς
665 3253 723 3308 δὲ
770 3254 1097 3326 σωζομένοις
1149 3257 1280 3326 ἡμῖν
1329 3254 1555 3325 δύναμις

53 3338 145 3392 Θειῦ
192 3342 316 3397 ἐστι.
378 3343 594 3418 Ταύτην
650 3340 741 3396 οῦν
790 3346 888 3413 τὴν
944 3345 1252 3417 ἀφροσύνην
1314 3347 1407 3399 καὶ
1458 3345 1555 3416 τὴν

56 3430 204 3497 μωρίαν
247 3431 345 3487 οὐκ
394 3435 663 3505 ⁴ηγνόησεν
705 3436 734 3487 6
782 3433 945 3498 Θεόςο
989 3432 1152 3489 αὑτοῦ
1211 3435 1318 3507 γὰρ
1378 3437 1553 3507 κρίσει

53 3520 293 3592 γεγῶται.
354 3526 447 3579 Διό
496 3542 660 3596 φησιν
684 3541 696 3554 ·
736 3544 774 3575 η(
810 3525 867 3579 Ὀ
918 3525 1049 3589 Θεὸς
1063 3558 1079 3600 _,-
1126 3529 1189 3581 σὺ
1236 3528 1405 3594 ἔγνως
1457 3527 1553 3597 τὴν

52 3611 293 3685 ἁτροσᾶνην
326 3632 450 3687 μου.
485 3633 503 3666 ι
573 3614 870 3687 Ἀπήλλαξε
923 3615 979 3681 δὲ
1016 3617 1163 3687 ἡμᾶς
1215 3618 1553 3688 πραγμάτων

52 3701 360 3777 ὀΣύμμαχος,
399 3705 742 3778 ἑρμηνεύσας
778 3707 870 3775 καὶ
912 3707 1113 3761 είπών·
1171 3726 1189 3759 ι
1212 3708 1271 3761 Ὀ
1301 3708 1454 3772 Θεὸς,
1489 3710 1551 3763 σὺ

52 3792 153 3862 (οἶδας
175 3800 259 3872 τὴν
288 3801 545 3872 ἀπειρίαν
592 3816 691 3872 μου
718 3816 731 3830 ·
765 3819 783 3852 ›
841 3802 1097 3873 ἀπειρίαν
1128 3802 1327 3875 δηλαδὴ
1363 3805 1461 3875 τὴν
1495 3807 1553 3858 ὲν

54 3890 308 3963 Minimum.
351 3894 465 3966 Τῆς
490 3893 599 3965 γὰρ
625 3895 682 3947 ὲν
715 3893 1018 3965 ἀνθρώποις
1056 3896 1252 3957 κακίας
1280 3895 1552 3965 ἀλλότριος

54 3980 115 4043 in,
136 3987 216 4056 τὴν
239 3986 406 4057 καλὴν
436 3984 640 4055 ταύτην
666 3986 915 4057 ἀπειρίαν
947 3985 1230 4057 ἀνατίθησι
1260 3988 1325 4056 τῇ
1356 3985 1552 4053 γνώσει

54 4073 114 4124 τιῦ
140 4076 307 4130 ἑαυτοῦ
334 4077 571 4148 Πατρός.
610 4079 723 4131 Καὶ
754 4078 885 4149 άλλη
927 4077 983 4130 δὲ
1016 4076 1202 4147 Γραφὴ
1236 4076 1354 4129 θεία
1385 4080 1553 4149 ἀφρο-

56 4165 169 4235 σύνης
196 4168 458 4240 μέμνηται
489 4167 585 4221 τοῦ
611 4168 863 4239 Σωτῆρος
898 4166 1198 4239 συμφώνως
1234 4170 1299 4238 τῇ
1331 4186 1548 4239 προκει-

58 4254 163 4327 μένῃ.
192 4256 497 4328 Γέγραπται
540 4255 672 4324 γοῦν
709 4258 766 4331 ἐν
791 4254 1117 4332 Παροιμίαις
1141 4275 1153 4286 ·
1193 4276 1210 4309 ‹
1234 4257 1371 4312 Τάδε
1407 4258 1549 4328 λέγει

56 4346 146 4419 ἀθὴρ
177 4350 276 4412 τοϊς
318 4342 636 4413 πιστεύουέσι
673 4348 812 4420 Θεῷ,
851 4350 943 4403 καλ⁸
986 4350 1248 4422 παύομαι.
1301 4353 1551 4423 Ἀφρονέ-

57 4454 192 4502 ενι-ξος
216 4441 319 4510 γάρ
362 4443 483 4509 είμι
527 4441 746 4494 πάντων
797 4440 1116 4504 ἀνθρώπων,
1150 4434 1246 4496 καὶ
1290 4444 1549 4515 φρόνησις

54 4526 267 4597 ἀνθρώτωυ
290 4530 390 4583 οὐκ
415 4530 563 4584 ἔστιν
588 4532 647 4583 ὲν
671 4530 811 4602 ἐμοί.
829 4530 959 4594 Θεὸς
984 4528 1219 4603 δεδίδαχέ
1243 4550 1307 4604 με
1337 4536 1547 4604 σοφίαν,

56 4620 117 4669 ui
152 4622 324 4689 γνῶσιν
377 4623 552 4700 ἁγίων
597 4623 829 4691 ἔγνωκα.
856 4644 874 4677 ι
934 4627 1043 4679 Καὶ
1099 4626 1159 4678 ὲν
1199 4626 1405 4689 τούτοις
1442 4627 1550 4700 γάρ

58 4707 208 4765 πάντων
252 4712 346 4783 μὲν
390 4694 696 4783 ἀνθρώπων
745 4716 1138 4787 ἀφρονέστατον
1170 4716 1373 4771 ἑαυτὸν
1412 4694 1550 4787 εῖναι

56 4795 170 4865 ὶέτιι,
194 4806 275 4857 καὶ
301 4804 568 4878 φρόνησιν
612 4804 895 4877 ἀνθρώπου
938 4808 1012 4878 μὴ
1052 4807 1367 4878 ὲσχηκέναν
1403 4810 1550 4879 ὅμως

56 4882 90 4937 ἃ
114 4891 211 4961 παρ’
232 4892 393 4969 αὑτοῦ
434 4891 529 4946 τοῦ
554 4891 686 4946 Θεοῦ
718 4892 1018 4964 δεδιδάχθαι
1049 4896 1147 4965 τὴν
1182 4899 1550 4971 πνευματικὴν

60 4976 205 5040 misti,
232 4968 323 5033 ttat
345 4982 447 5051 τὴν
477 4981 677 5048 γνῶσιν
701 4980 806 5035 τῶν
834 4983 1001 5051 ἁγίων
1028 4985 1341 5052 ἐγνωκέναι.
1392 4968 1549 5044 Ἀλλὰ

60 5065 157 5119 ult
192 5072 239 5123 αί
291 5072 669 5143 πλημμέλειαί
711 5093 846 5146 μου,
896 5077 1092 5145 φησὶν,
1153 5077 1262 5131 ἀπὸ
1310 5078 1403 5131 σοῦ
1450 5081 1548 5135 οὐκ

60 5150 392 5230 ἀπιρύῦησαν.
423 5180 444 5212 ι
498 5161 564 5213 Et
604 5163 713 5235 γὰρ
757 5159 896 5235 ἦσάν
939 5180 1081 5226 τινες
1125 5168 1181 5217 ὲν
1212 5166 1332 5235 ἐμοὶ
1372 5152 1550 5239 πλημ-

40 5238 222 5308 Ῐίιὲὶειαι,
259 5250 325 5303 δι’
367 5250 438 5313 ἃς
481 5251 560 5321 τῷ
599 5240 829 5326 σταυρῷ
846 5272 911 5325 με
946 5255 1368 5326 προσετίμησαν,
1410 5238 1549 5329 τάχα

40 5344 125 5419 ι’σδ
157 5339 207 5389 δέ
240 5341 454 5411 τηοῶτφς
486 5339 688 5409 ἔγνως,
734 5344 791 5397 ὃν
820 5345 1099 5399 λανθάνειν
1134 5344 1283 5397 οὐδὲν
1318 5339 1429 5397 οἷόν
1458 5364 1545 5400 τε·

40 5418 335 5523 ούδένές
360 5425 683 5523 (εἱςλῆσαν.
724 5433 814 5523 Αιὸ
846 5435 894 5486 oi
929 5431 1209 5505 μισοῦντές
1243 5449 1308 5502 με
1340 5434 1549 5505 δωρεὰν

40 5508 243 5589 Piliam,
311 5520 409 5574 καὶ
448 5508 515 5572 ὀί
586 5521 933 5587 ὲκδιώκοντές
986 5541 1052 5594 με
1106 5523 1304 5585 ἀδίκως
1366 5524 1402 5576 ἃ
1453 5527 1550 5595 οὐχ

263 5612 614 5684 ἑξέπραττον.
678 5602 827 5668 Ἐπεὶ
868 5614 925 5667 δὲ
958 5613 1406 5684 ψευδομάρτυρας
1457 5617 1555 5668 καὶ

1674 586 1817 639 bam.
1850 605 1868 636 ι

1742 696 1911 752 Vens.
1940 699 1993 752 ti.
2030 717 2048 749 ι
2088 697 2250 762 Deus,
2286 706 2342 752 tu
2388 699 2497 753 scis
2547 697 2908 765 insipientiam
2965 711 3163 751 meam.
3201 717 3218 748 ι

1671 788 2140 855 Quemadmodum
2216 790 2434 847 divinus
2486 789 2776 859 Apostolus
2829 787 3051 843 stultum
3100 786 3220 850 Dei,

1674 881 1977 949 passionem
2012 878 2311 935 Salvatoris
2334 920 2348 944 ,
2380 887 2433 934 et
2467 896 2706 943 crucem,
2737 878 3105 959 infirmitatem
3134 878 3221 932 in-

1669 974 1926 1042 culpatim
1954 972 2167 1026 vocavit
2194 972 2401 1039 dicens
2442 992 2455 1026 :
2493 992 2511 1025 ι
2547 973 2849 1027 Cruciﬁxus
2874 981 2959 1026 est
2978 986 3043 1026 ex
3072 969 3223 1025 inﬁr-

1668 1064 1859 1118 mitate
1883 1063 1905 1095 ‘
1929 1080 1959 1129 ς,
1984 1082 2004 1116 ι
2035 1078 2100 1117 ac
2146 1078 2362 1118 rursum
2391 1083 2403 1117 :
2441 1082 2460 1113 ‹
2500 1063 2610 1119 Nos
2658 1074 2833 1119 autem
2868 1062 3223 1132 praedicamus

1667 1149 1943 1206 Christum
1999 1140 2340 1213 cruciﬁxum,
2370 1149 2573 1207 ludatis
2618 1154 2836 1222 quidem
2869 1151 3217 1216 scandalum,

1665 1242 1922 1310 gentibus
1950 1249 2128 1295 autem
2186 1242 2491 1306 stultitiam,
2521 1243 2645 1312 quia
2693 1244 2835 1313 quod
2880 1242 3103 1297 stultum
3136 1248 3222 1296 est

1666 1330 1782 1394 Dei,
1815 1334 2117 1402 sapientius
2146 1341 2231 1389 est
2255 1334 2592 1389 hominibus:
2615 1336 2827 1405 etquod
2847 1334 3115 1388 inﬁrmum
3135 1339 3221 1393 esl.

1665 1422 1780 1485 Dei,
1809 1422 2101 1479 furtiusest
2123 1424 2433 1481 hominibus
2453 1428 2472 1458 ⁸
2495 1445 2508 1493 ;
2536 1446 2551 1476 ι
2574 1428 2653 1483 sic
2674 1436 2729 1480 et
2758 1427 2813 1480 in
2842 1425 3092 1496 praesenti
3108 1438 3218 1478 non

1671 1514 2033 1579 aberraveris,
2066 1516 2113 1569 si
2150 1517 2515 1585 insipientiam
2558 1519 2643 1575 hic
2693 1526 3067 1579 memoratam,
3103 1512 3221 1585 pari

1663 1606 1873 1659 ratione
1916 1606 2183 1677 intelligas
2216 1616 2377 1676 atque
2422 1609 2710 1663 stultitiam
2745 1609 2813 1663 ab
2842 1608 3102 1679 Apostolo
3134 1604 3221 1661 di-

1664 1702 1826 1748 ctam.
1854 1694 1959 1748 Sed
1992 1695 2133 1749 sicut
2162 1697 2311 1750 novit
2346 1696 2605 1751 Dominus
2634 1698 2725 1766 qui
2756 1698 2883 1753 sunt
2903 1699 3043 1768 ejus,
3084 1712 3215 1768 quo-

1662 1785 1810 1837 niam
1833 1784 2051 1854 quidam
2081 1786 2264 1844 selecti
2288 1777 2533 1842 homines
2559 1796 2686 1849 sunt
2705 1786 2797 1843 Dei
2816 1769 3124 1857 cognitione
3144 1787 3222 1845 di-

1662 1876 1830 1943 gnati,
1881 1877 1953 1930 ita
1999 1876 2101 1930 hoc
2154 1878 2274 1933 loco
2325 1862 2633 1949 insipientia
2661 1880 2917 1949 illa,qua3
2942 1879 3104 1948 digna
3133 1874 3220 1933 est

1662 1964 1755 2019 Dei
1804 1969 2132 2037 cognitione,
2166 1986 2417 2041 magnam
2464 1970 2917 2042 profundamque
2948 1972 3215 2025 rationem

1661 2054 2068 2127 habuit.Neque
2091 2060 2234 2113 enim
2261 2068 2457 2129 praeter
2482 2061 2814 2116 voluntatem
2841 2076 2903 2116 ac
2922 2057 3114 2133 praeter
3130 2076 3219 2117 co-

1659 2145 1955 2215 gnitionem
1982 2155 2128 2201 tuam
2160 2147 2261 2202 fuit
2281 2146 2372 2203 illa
2425 2150 2737 2221 insipientia
2778 2166 2921 2207 mea.
2959 2150 3216 2218 Quaenam

1662 2238 1773 2305 illa,
1798 2238 1902 2293 nisi
1924 2255 2044 2308 quae
2074 2240 2197 2295 talis
2242 2236 2276 2295 a
2312 2243 2499 2298 multis
2528 2245 2852 2313 reputatur?
2881 2242 3035 2301 Sicut
3077 2244 3219 2299 enim

1650 2329 1976 2401 insipientia
2001 2334 2092 2387 illa
2120 2330 2324 2389 Grecis
2354 2335 2666 2406 insipientia
2706 2336 3113 2402 mstimabatur,
3133 2351 3221 2392 se-

1661 2426 1903 2479 cundum
1934 2428 2261 2505 profundam
2288 2445 2416 2485 vero
2457 2428 2551 2485 Dei
2591 2431 2878 2494 rationem,
2918 2429 2986 2485 ad
3022 2429 3217 2485 melius

1660 2520 2011 2586 vertebatur;
2039 2527 2095 2573 et
2125 2518 2269 2595 quod
2304 2520 2372 2574 ab
2408 2520 2722 2574 hominibus
2741 2519 2965 2575 stultum
2994 2518 3219 2589 putaba-

1661 2616 1773 2673 tur,
1823 2609 2123 2678 sapientius
2161 2619 2279 2665 erat
2311 2610 2659 2679 hominibus;
2693 2610 2835 2665 nam'
2866 2610 2977 2665 Deo
3018 2609 3220 2681 placuit

1659 2714 1755 2768 per
1785 2699 2067 2754 stultitiam
2091 2700 2492 2769 praedicationis
2508 2697 2792 2757 credentes
2812 2702 2993 2757 salvos
3014 2701 3216 2766 facere,

1661 2793 1741 2845 sic
1767 2801 1821 2847 et
1850 2793 2100 2857 stultitia,
2123 2809 2284 2863 quam
2315 2801 2535 2874 propter
2558 2809 2660 2848 nos
2704 2795 2893 2858 subiit,
2924 2795 3217 2850 humilians

1659 2884 1920 2952 seipsum,
1979 2882 2209 2938 formam
2288 2884 2431 2939 servi
2499 2883 2797 2955 accipiens,
2823 2894 2877 2940 et
2920 2900 3092 2955 usque
3146 2884 3216 2939 ad

1660 2983 1889 3030 mortem
1917 2976 2215 3040 accedens,
2264 2977 2562 3047 sapientior
2610 2978 2726 3047 ipsa
2786 2978 3065 3033 hominum
3116 2985 3215 3034 ‘sa-

1660 3068 1862 3138 pientia
1894 3078 2028 3123 erat.
2054 3068 2190 3123 Nam
2224 3069 2403 3125 crucis
2430 3069 2565 3126 ratio
2591 3074 2941 3142 pereuntibus
2972 3073 3212 3143 quidem,

1656 3160 1834 3229 inquit
1861 3158 2175 3228 Apostolus,
2214 3160 2447 3214 stultitia
2477 3171 2579 3220 est.
2612 3161 2770 3227 Quod
2808 3164 2853 3219 si
2902 3164 3127 3219 stultitia
3160 3170 3216 3219 et

1657 3250 1967 3319 insipientia
1994 3258 2097 3313 est,
2138 3250 2299 3305 nobis
2328 3259 2507 3309 tamen
2536 3253 2768 3309 salutem
2829 3256 3006 3311 nactis
3036 3255 3214 3310 virtus

1655 3336 1750 3392 Dei
1778 3346 1880 3392 est.
1910 3337 2058 3392 ilanc
2086 3338 2253 3407 igitur
2293 3338 2660 3417 insipientiam
2696 3352 2750 3395 et
2786 3343 3072 3397 stultitiam
3104 3360 3213 3398 non

1656 3428 1923 3498 ignoravit
1961 3428 2139 3497 Deus;
2172 3444 2299 3484 nam
2353 3429 2527 3498 ipsius
2571 3430 2779 3499 judicio
2823 3434 3052 3488 exstitit.
3086 3434 3213 3488 Ideo

1655 3522 1768 3576 aiz:
1809 3543 1826 3573 ι
1867 3520 2028 3586 Deus,
2081 3532 2139 3577 tu
2195 3524 2306 3578 scis
2373 3524 2738 3594 insipientiam
2805 3538 3000 3579 meam.
3045 3544 3065 3577 ι
3096 3523 3212 3581 ‘Nos

1653 3627 1783 3666 vero
1816 3612 2174 3683 Symmachus
2205 3614 2273 3668 ab
2316 3614 2418 3669 hac
2449 3630 2511 3669 re
2554 3612 2845 3684 expedivit,
2897 3614 2979 3670 sic
3037 3615 3209 3670 inter-

1654 3692 1898 3772 pretatus
1930 3722 1942 3756 :
1981 3722 1999 3760 ι
2039 3697 2203 3766 Deus,
2236 3713 2293 3759 tu
2324 3705 2434 3760 scis
2457 3707 2781 3776 imperitiam
2814 3722 3009 3774 meam,
3053 3725 3072 3759 ι
3108 3708 3214 3761 im-

1654 3793 1901 3863 peritiam
1930 3794 2141 3851 scilicet
2170 3812 2291 3874 quae
2336 3798 2391 3851 in
2438 3796 2750 3852 hominibus
2786 3805 2889 3854 est.
2914 3796 3048 3851 Nam
3086 3814 3208 3853 cum

1654 3886 1721 3937 ab
1753 3885 2032 3950 hominum
2083 3888 2291 3941 malitia
2349 3889 2562 3943 aliends
2596 3896 2762 3954 esset,
2795 3889 2935 3946 hanc
2986 3891 3209 3961 probam

1652 3978 1977 4048 imperitiam
2010 3979 2189 4055 Patris
2243 3983 2329 4036 sui
2410 3983 2705 4053 cognitioni
2760 3982 3024 4052 assignat.
3069 3982 3211 4061 Alibi

1651 4084 1867 4140 quoque
1891 4070 2073 4125 divina
2108 4071 2390 4143 Scriptura
2414 4074 2743 4145 insipientia:
2772 4073 3073 4129 Salvatoris
3097 4089 3210 4129 me-

1652 4161 1829 4227 minit,
1867 4161 2062 4232 bisque
2118 4174 2406 4220 consonat.
2465 4165 2741 4238 Scriptum
2800 4168 2983 4237 itaque
3022 4173 3107 4221 est
3152 4166 3211 4220 in

1650 4253 1958 4309 Proverbiis
2022 4274 2034 4309 :
2074 4273 2093 4307 ‹
2150 4254 2274 4312 Haec
2299 4258 2432 4313 dicit
2470 4259 2554 4314 vir
2602 4258 2949 4315 credentibus
2982 4258 3110 4322 Deo,
3155 4268 3211 4313 et

1650 4334 2246 4403 cessofStultissimus
2268 4350 2411 4404 enim
2443 4366 2564 4406 sum
2614 4350 2855 4406 omnium
2906 4351 3209 4418 numinum,

1651 4442 1704 4488 et
1733 4434 2022 4505 prudentia
2065 4438 2303 4494 hominis
2334 4455 2440 4494 non
2484 4449 2568 4496 est
2619 4441 2672 4495 in
2708 4456 2815 4496 me.
2856 4426 3210 4497 Deusdocuit

1654 4539 1742 4578 me
1771 4525 2117 4595 sapientiam,
2144 4535 2196 4583 et
2225 4530 2586 4598 cognitionem
2617 4540 2928 4585 sanctorum
2970 4532 3091 4584 novi
3112 4530 3152 4584 ⁸.
3184 4548 3217 4583 »ν

1656 4614 1713 4668 In
1747 4616 1834 4673 his
1868 4626 2107 4688 namque
2129 4635 2188 4674 se
2222 4620 2464 4673 omnium
2514 4621 2794 4676 hominum
2835 4621 3212 4691 insipientissi-

1642 4720 1803 4759 mum
1826 4706 2177 4775 pronuntiat.
2216 4714 2271 4761 et
2322 4702 2666 4776 prudentiam
2713 4710 2949 4765 hominis
3004 4725 3062 4765 se
3098 4724 3207 4763 non

1657 4797 1855 4853 habere
1884 4797 2015 4851 dicit
2048 4790 2061 4850 ξ
2091 4796 2187 4856 sed
2236 4805 2419 4854 tamen
2440 4799 2521 4855 .ab
2556 4800 2674 4872 ipso
2704 4800 2817 4857 Deo
2853 4801 3101 4857 edoctum
3150 4816 3209 4855 se

1656 4888 1994 4958 spiritualem
2030 4886 2460 4957 sapientiam,'et
2490 4892 2855 4962 cognitionem
2897 4899 3207 4945 sanctorum
3248 4881 3255 4888 ’

1656 4994 1819 5035 nosse
1842 4985 2050 5033 narrat.
2084 4976 2192 5034 Sed
2226 4980 2412 5045 etiam,
2451 4980 2648 5051 inquit,
2663 4997 2693 5032 ἰ
2729 4981 2925 5036 delicta
2956 4998 3075 5037 mea
3094 4996 3125 5035 a
3155 4991 3215 5037 te

1652 5087 1761 5125 non
1823 5077 1949 5126 sunt
2010 5072 2346 5129 abscondita.
2382 5089 2403 5124 ι
2440 5070 2571 5125 Nam
2606 5073 2651 5127 si
2706 5074 2951 5143 quaedam
3005 5075 3061 5128 in
3122 5089 3209 5141 me

1654 5162 1853 5219 delicta
1899 5172 2106 5229 essent,
2155 5164 2235 5219 ‘ob
2280 5179 2401 5234 qua:
2455 5178 2542 5218 me
2597 5166 2748 5220 cruci
2796 5165 3207 5234 destinarerint,

1655 5268 1785 5309 sane
1809 5260 1867 5315 tu
1900 5253 2109 5324 primus
2134 5258 2347 5319 nosses,
2372 5254 2460 5309 cui
2496 5255 2665 5312 latere
2698 5256 2833 5310 nihil
2863 5263 3081 5325 potest;
3108 5258 3206 5317 sed

1656 5345 1803 5399 nulla
1825 5354 2001 5401 erant.
2043 5346 2222 5411 Quare
2241 5347 2333 5417 qui
2355 5345 2582 5402 oderant
2604 5363 2708 5412 me,
2735 5349 2905 5417 gratis
2935 5344 3162 5414 oderant
3188 5367 3203 5401 ι

1655 5444 1708 5491 et
1732 5437 1824 5507 qui
1846 5438 2313 5507 persequebantur
2342 5455 2449 5503 me,
2492 5438 2693 5511 injuste
2726 5448 2858 5509 quae
2910 5456 3019 5497 non
3050 5444 3204 5512 rapui

1655 5527 1961 5598 exigebant.
1993 5527 2133 5595 Quia
2178 5545 2311 5587 vero
2335 5530 2505 5587 falsos
2545 5538 2711 5587 testes
2756 5539 2810 5587 et
2840 5532 3204 5606 sycophantas

1656 5617 1722 5703 ad
1757 5633 1843 5674 me
1872 5620 2240 5678 accusandum
2295 5622 2689 5690 subornarunt,
2713 5614 2771 5680 tu
2810 5626 2975 5691 nosti,
3004 5625 3230 5703 inquit,~

40 5734 47 5911 ἰ
112 5760 181 5814 ιιι
206 5766 318 5823 Cor.
360 5785 480 5837 ιιιι,
522 5769 575 5823 4.
652 5770 883 5832 'lCor.
932 5788 967 5837 ι,
1006 5769 1192 5833 23-25.
1270 5769 1488 5842 θρῖον-
1532 5786 1665 5849 xxxi
1703 5773 1813 5848 i-3,
