3950 6342
116 160 118 169 ι

2 1116 15 1139 ἕ.

2 1142 3 1151 l

2 1262 3 1273 l

2 1286 17 1305 Ἰ

2 1314 11 1321 ι

2 1370 11 1381 ο

2 1714 9 1745 ί

6 1750 13 1763 Ἰ

12 1922 17 1929 ι

2 2008 11 2025 ἦ

6 2104 11 2115 l

2 2346 5 2357 r

24 2424 25 2427 η
32 2418 37 2425 α

722 434 824 488 755

1370 420 1636 479 EUSEBII
1672 411 2143 475 CESARIENSIS
2176 406 2327 466 OPP.
2367 404 2548 461 PARS
2582 402 2670 459 Ill.
2709 432 2780 446 -
2816 398 3221 457 EXEGETICA.

3807 397 3885 454 πε

720 550 864 605 Deus
886 562 1014 602 num
1048 545 1175 615 quid
1200 551 1482 616 peccatum
1515 558 1546 595 a
1584 556 1670 595 me
1717 540 1804 593 sit.
1834 537 2018 605 Neque
2058 528 2202 588 enim
2228 529 2274 583 si

2378 526 2713 595 συκοφάντας
2746 523 2975 592 ἔστησαν
3007 517 3073 574 ἐν’
3094 521 3160 591 τῇ
3195 519 3310 573 κατ’
3345 516 3478 587 ἐμοῦ
3509 496 3811 589 κατηγορίᾳ,
3838 523 3887 573 σὺ

720 639 963 708 quaedam
987 638 1120 691 mihi
1172 636 1368 691 delicta
1400 636 1662 693 inessent,
1699 630 1794 684 tibi
1821 632 2003 682 essent
2038 622 2268 678 occulta.

719 726 786 782 Et
817 727 972 789 alias,
1006 726 1051 780 si
1080 736 1263 779 nostra
1297 724 1413 791 ipse
1445 727 1661 790 peccata
1696 716 1968 780 abstersit,
1994 723 2046 768 et
2097 711 2271 765 factus

718 828 803 874 cst
830 834 928 888 pro
971 816 1130 872 nobis
1180 813 1549 885 maledictum.
1582 810 1657 863 ita
1698 816 1756 862 ut
1797 807 1864 860 de
1891 806 1982 860 illo
2008 804 2219 859 dicatur
2255 818 2268 852 :

726 931 743 961 ε
783 909 904 979 ipse
936 914 1160 987 peccata
1201 910 1384 959 nostra
1433 909 1631 972 portat,
1657 909 1709 955 et
1748 914 1849 969 pro
1878 899 2036 952 nobis
2064 897 2272 951 crucia-

719 1011 827 1056 tur.
862 1000 924 1053 Et
957 1004 1071 1069 ipse
1095 999 1409 1053 vulneratus
1442 1001 1525 1048 est
1556 1000 1777 1062 propter
1806 998 2026 1059 peccata
2064 994 2269 1049 nostra,
2314 1026 2317 1033 ι

721 1080 1023 1145 infirmatus
1054 1100 1136 1143 est
1179 1096 1395 1155 propter
1433 1083 1745 1152 iniquitates
1804 1086 2043 1132 nostras.
2074 1076 2136 1129 Et
2171 1074 2267 1129 Do-

722 1184 906 1237 minus
941 1180 1165 1234 tradidit
1195 1193 1315 1230 eum
1365 1175 1602 1245 peccatis
1660 1170 1920 1225 nostris'.
1954 1188 1975 1220 ι
2013 1166 2157 1229 Haec,
2190 1166 2273 1219 in-

720 1276 857 1342 quit,
903 1272 1100 1326 delicta
1168 1283 1267 1337 pro
1314 1264 1625 1319 hominibus
1692 1259 1904 1329 suscepi
1942 1273 1955 1308 :
1994 1264 2052 1311 tu
2103 1256 2268 1319 nosti,

723 1364 883 1426 Deus,
914 1362 1040 1431 quia
1071 1374 1179 1413 non
1212 1354 1525 1426 abscondita
1568 1353 1665 1407 tibi
1720 1359 1864 1406 sunt.
1904 1349 2086 1418 Neque
2116 1348 2263 1405 enim

723 1464 915 1526 praeter
944 1451 1230 1506 consilium
1263 1459 1411 1501 tuum
1464 1445 1649 1499 istbzec
1700 1443 1934 1499 suscepi.
1963 1439 2140 1507 Quare
2181 1440 2271 1493 illa

725 1546 913 1601 notitia
944 1555 1038 1597 tua
1067 1544 1228 1612 digna
1263 1537 1508 1595 effecisti.

794 1808 966 1880 Vens.
987 1826 1036 1878 7.
1068 1843 1085 1874 ι
1125 1823 1241 1878 Non
1270 1820 1597 1877 erubescant
1643 1818 1699 1872 in
1720 1832 1807 1870 me
1835 1815 1928 1885 qui
1952 1819 2270 1883 exspectant

724 1926 798 1982 te,
852 1917 1097 1976 Domine,
1146 1912 1370 1965 Domine
1411 1911 1692 1964 virtutum.
1732 1926 1751 1957 ι
1783 1902 1921 1970 Quia
1974 1900 2271 1956 doctrinam

725 2024 897 2063 meam
924 2008 1196 2075 sapientes
1241 2003 1404 2071 hujus
1437 2000 1619 2057 seculi
1662 1999 2038 2058 criminantur,
2072 1996 2273 2062 ipsam-

618 2076 626 2085 ⁴
724 2115 829 2170 que
853 2098 1061 2167 pellunt
1090 2090 1491 2163 ut'insipientia
1532 2096 1587 2145 et
1638 2088 1864 2144 stultitia
1900 2087 2109 2157 plenam
2149 2098 2271 2154 pro-

723 2200 843 2262 pter
902 2185 1316 2258 ignominiosam
1368 2200 1605 2247 crucem,
1658 2196 1849 2253 precor
1882 2196 1945 2234 ac
1995 2194 2143 2249 rogo,
2178 2193 2271 2233 eos

725 2283 819 2350 qui
849 2281 1077 2334 credunt
1120 2278 1174 2331 in
1204 2293 1289 2332 me
1322 2276 1419 2331 abs
1447 2284 1499 2331 te
1538 2274 1740 2329 servari
1790 2272 2168 2333 immutabiles,
2199 2270 2271 2323 ita

726 2379 786 2427 ut
842 2386 1117 2442 nunquam
1178 2370 1520 2424 erubescant.
1554 2365 1733 2433 Quare
1762 2373 1819 2418 tu
1853 2364 1988 2433 ipse,
2028 2363 2268 2426 Domine,

726 2462 953 2517 Domine
1009 2462 1291 2521 virtutum,
1325 2472 1418 2512 eos
1472 2457 1565 2526 qui
1616 2464 1834 2526 propter
1910 2453 2270 2523 cognitionem

726 2563 872 2607 tuam
936 2566 966 2604 a
1015 2566 1100 2605 me
1153 2548 1408 2603 traditam
1458 2548 1863 2616 impugnantur,
1930 2544 2023 2615 qui
2088 2544 2271 2613 gravia

726 2656 937 2711 semper
959 2641 1257 2709 patiuntur,
1277 2644 1330 2693 et
1355 2652 1526 2707 usque
1552 2636 1618 2690 ad
1643 2624 1870 2690 mortem
1891 2640 2258 2704 perseverant,

726 2750 793 2788 ue
839 2732 1205 2801 derelinquas,
1237 2745 1304 2784 ne
1357 2730 1412 2783 in
1462 2744 1547 2783 me
1587 2736 1866 2799 sperantes
1909 2723 2266 2782 confundan-

724 2831 834 2891 tur,
864 2824 956 2895 qui
993 2830 1047 2877 te
1090 2821 1257 2877 Deum
1314 2819 1478 2886 Israel
1525 2820 1836 2889 exquirunt.
1864 2818 2089 2872 Etiamsi
2129 2818 2270 2872 enim

726 2928 776 2970 te
804 2916 932 2969 olim
961 2930 1069 2969 non
1097 2920 1407 2975 noscerent,
1436 2915 1561 2980 quia
1585 2911 1919 2966 daemonibus
1948 2911 2107 2964 malis
2141 2909 2270 2965 sub-

724 3006 825 3061 diti
858 3014 1014 3061 erant
1038 3024 1052 3072 ;
1083 3013 1136 3058 at
1156 3005 1267 3073 jam
1294 3018 1414 3057 cum
1432 3009 1485 3056 te
1504 3013 1749 3065 noscant,
1769 3003 1822 3055 in
1851 3003 2092 3056 omnium
2124 3001 2267 3055 obli-

726 3098 938 3152 vionem
971 3104 1257 3159 venerunt,
1289 3094 1448 3163 teque
1485 3094 1658 3148 solum
1708 3093 1996 3163 quaerendo
2024 3107 2271 3163 perseve-

727 3194 868 3242 rant.
898 3179 1258 3253 Quamobrem
1288 3184 1554 3255 supplicio
1587 3199 1656 3239 ne
1700 3184 2125 3247 confundantur,
2165 3200 2267 3239 neu
2298 3206 2338 3262 ε

674 3300 675 3303 η
732 3295 752 3327 ι
791 3275 1087 3345 ignominia
1135 3273 1456 3341 adiciantur;
1498 3293 1517 3325 ι
1564 3274 1649 3328 sic
1696 3275 1839 3328 enim
1888 3275 2271 3345 interpretatus

729 3361 1086 3434 Symmachus
1134 3372 1216 3418 est
1250 3379 1263 3415 :
1301 3382 1319 3414 ι
1361 3363 1439 3417 Ne
1498 3361 1902 3416 confundantur
1950 3379 2112 3433 super
2163 3380 2269 3426 me,

729 3456 820 3524 qui
856 3462 1171 3525 exspectant
1201 3462 1274 3521 te,
1303 3454 1527 3509 Domine
1551 3455 1694 3509 Deus
1720 3455 2004 3517 virtutum,
2034 3470 2101 3507 ne
2122 3455 2275 3523 igno-

728 3544 895 3597 minia
940 3543 1246 3597 afficiantur
1290 3558 1453 3613 super
1492 3558 1577 3599 me
1608 3545 1703 3613 qui
1749 3555 1997 3615 quaerunt
2026 3551 2097 3607 te,
2134 3543 2274 3599 Deus

728 3634 914 3688 lsrael.
960 3652 978 3683 ι
1020 3630 1286 3688 Observes
1345 3648 1506 3702 porro
1580 3634 1853 3704 quomodo
1910 3634 2115 3689 dictum
2182 3634 2271 3695 sit,

700 3724 755 3773 ἰ
802 3721 1049 3782 Domine,
1080 3720 1303 3776 Domine
1340 3724 1633 3789 virtutum;
1670 3743 1688 3776 ι
1724 3724 1796 3777 ita
1842 3720 1898 3777 ut'
1950 3738 2143 3777 nomen
2173 3721 2276 3775 Do-

732 3810 863 3865 mini
888 3810 1190 3879 repetitum,
1221 3818 1275 3863 et
1312 3809 1379 3863 ad
1408 3809 1576 3865 Deum
1615 3812 1991 3869 universorum
2047 3813 2273 3866 relatum

732 3901 822 3955 sit.

803 4012 971 4066 Vsus.
999 4012 1051 4076 8,
1079 4012 1133 4066 9.
1171 4032 1188 4063 ι
1227 4012 1493 4078 Quoniam
1550 4022 1771 4084 propter
1817 4022 1871 4069 te
1920 4014 2154 4069 sustinui
2181 4029 2278 4083 op-

732 4106 1036 4176 probrium,
1068 4106 1278 4174 operuit
1321 4105 1569 4159 confusio
1626 4104 1814 4159 faciem
1864 4119 2061 4159 meam.
2105 4124 2123 4155 »
2163 4104 2275 4158 Cu:-

732 4194 857 4259 teri,
891 4196 1086 4264 inquit,
1123 4194 1369 4256 homines
1408 4194 1477 4247 ob
1522 4201 1738 4262 peccata
1788 4210 1885 4249 sua
1917 4195 2270 4263 correptioni-

733 4285 836 4359 bus
858 4296 911 4338 ct
937 4285 1246 4355 opprobriis
1296 4272 1818 4354 subjiciuntur;ego
1866 4300 1995 4338 vero
2018 4286 2108 4353 qui
2150 4300 2276 4353 pec-

734 4385 911 4430 catum
948 4393 1056 4430 non
1089 4376 1233 4439 novi,
1268 4387 1489 4445 propter
1522 4384 1575 4430 te
1619 4376 1849 4431 sustinui
1903 4372 2273 4448 opprobrium,

733 4467 860 4533 quia
890 4473 947 4519 tu
974 4468 1108 4535 ipse,
1137 4466 1279 4521 Deus
1334 4467 1611 4521 hominum
1660 4477 1885 4527 amator,
1911 4481 2011 4535 pro
2042 4466 2273 4520 humano

652 4578 653 4581 η
733 4569 931 4631 genere
961 4570 1046 4608 me
1080 4565 1357 4623 peccatum
1381 4554 1583 4621 fecisti;
1613 4567 1669 4610 ut
1700 4554 1790 4625 qui
1823 4556 2052 4609 credunt
2081 4556 2133 4608 in
2162 4572 2266 4621 me,

729 4642 941 4715 justitia
970 4642 1285 4701 efﬁciantur.
1315 4645 1427 4700 imo
1464 4646 1624 4700 etiam
1657 4665 1674 4695 ι
1706 4655 1923 4714 propter
1952 4654 2003 4699 te
2039 4646 2271 4699 sustinui

732 4735 1100 4804 opprobrium,
1132 4753 1150 4785 ι
1180 4750 1301 4788 cum
1329 4752 1397 4791 ex
1420 4730 1707 4791 "voluntate
1736 4744 1826 4790 tua
1848 4750 1931 4790 me
1951 4736 2021 4789 ad
2046 4736 2270 4789 nihilum

732 4825 936 4893 redegi,
984 4834 1037 4879 et
1088 4823 1159 4877 ad
1197 4834 1423 4881 mortem
1454 4841 1626 4896 usque
1666 4827 1929 4897 depressi,
1975 4843 2094 4898 «quo
2141 4837 2275 4883 tem-

733 4922 1301 4987 pore‘praetereuntes
1352 4916 1819 4985 blasphemabant,
1876 4928 2152 4973 moventes
2182 4934 2274 4973 ca-

735 5007 843 5075 pita
878 5021 973 5060 sua
1000 5014 1058 5061 et
1084 5007 1324 5062 dicentes
1353 5027 1366 5061 :
1404 5026 1421 5059 ι
1454 5006 1589 5071 Vah,
1616 5007 1709 5077 qui
1732 5006 1966 5063 destruis
1992 5010 2271 5077 templum,

735 5105 788 5153 et
837 5097 890 5149 in
941 5097 1114 5151 tribus
1153 5098 1343 5153 diebus
1397 5100 1652 5162 aedificas,
1687 5100 1895 5154 salvum
1951 5099 2038 5155 fac
2085 5110 2271 5155 temet-

736 5188 936 5257 ipsum.
963 5188 1019 5240 Si
1058 5185 1226 5243 Filius
1252 5188 1343 5244 Dei
1372 5206 1453 5271 es,
1479 5190 1745 5246 descende
1767 5191 1834 5245 de
1861 5206 2043 5247 cruce.
2078 5192 2275 5246 Simili-
2308 5260 2314 5275 ἱ

739 5283 819 5328 ter
841 5283 893 5330 et
928 5276 1200 5345 principes
1240 5267 1578 5334 sacerdotum
1612 5281 1898 5336 illudentes
1929 5295 2049 5334 cum
2096 5296 2275 5336 sacer-

740 5366 955 5421 dotibus
1001 5376 1053 5421 et
1078 5366 1286 5422 Scribis
1337 5377 1390 5422 et
1434 5368 1721 5426 Phariszeis
1757 5372 2010 5426 dicebant
2066 5388 2079 5423 :
2126 5373 2273 5426 Alios

743 5454 921 5507 salvos
976 5454 1124 5518 fecit,
1156 5457 1403 5525 seipsume
1442 5474 1552 5513 non
1588 5468 1769 5529 potest
1820 5462 2027 5515 salvum
2076 5460 2273 5516 facere.

745 5543 802 5596 Si
856 5558 950 5599 rex
1007 5548 1173 5601 Israel
1218 5556 1322 5610 est.
1357 5550 1649 5607 desuendat
1701 5568 1845 5607 nunc
1886 5553 1953 5607 de
2015 5568 2196 5613 cruce.
2222 5561 2275 5607 et

684 5632 701 5717 ς
742 5634 1022 5689 credemus
1062 5636 1132 5690 ei.
1174 5634 1415 5705 speravit
1477 5642 1530 5697 in
1578 5642 1765 5707 Deum,
1802 5642 1993 5715 eripiat
2039 5659 2182 5710 eum,
2226 5644 2272 5698 si

740 5814 743 5819 λ
816 5762 1129 5843 Μεληιιιι,
1171 5767 1288 5829 4-6.
1338 5848 1339 5851 η

2373 613 2535 680 οἶδας,
2587 617 2769 687 φησὶν,
2816 618 2844 668 ὸ
2870 613 3035 676 Θεὸς,
3082 611 3135 664 ετ
3159 609 3278 663 τινά
3317 625 3406 679 μοι
3451 606 3883 678 πεπλημμέληται.

2371 708 2445 761 Οὑ
2485 707 2593 779 γὰρ
2638 707 2704 760 ἂν
2740 703 3045 776 ἐκρύϐησάν
3096 718 3195 769 σε,
3238 700 3289 753 εἴ
3328 714 3471 761 τινες
3518 692 3659 769 ἦσαν
3701 698 3755 749 ἐν
3794 702 3887 768 ἐμοὶ

2373 798 2754 870 πλημμέλειαι.
2780 797 2888 851 Καὶ
2913 795 3105 857 ἄλλως,
3131 795 3179 847 εί
3202 791 3299 855 τὰς
3319 789 3592 861 ἡμετέρας
3623 788 3887 858 ἀνεμάξατο

2373 890 2670 960 ἁμαρτίας,
2706 889 2799 942 καὶ
2829 886 3050 955 γέγονεν
3085 884 3223 952 ὑπὲρ
3267 881 3418 954 ήμῶν
3460 880 3703 951 κατάρα,
3731 880 3797 943 ὡς
3822 882 3888 933 λέ-

2370 981 2559 1047 γεσθαι
2608 980 2735 1048 πυρὶ
2787 977 2980 1033 αὑτοῦ·
3039 996 3057 1027 ι
3093 971 3257 1055 Οὗτος
3306 974 3403 1037 τὰς
3448 971 3720 1043 ἁμαρτίας
3760 974 3886 1042 ἡμῶν

2372 1070 2545 1141 φέρει,
2580 1068 2672 1119 καὶ
2721 1068 2847 1137 περὶ
2874 1064 3027 1135 ήμῶν
3070 1064 3335 1118 ὀδυνᾶται.
3380 1062 3490 1115 Καὶ
3534 1060 3695 1123 αὐτὸς
3730 1060 3889 1131 ἐτραυ-

2376 1159 2606 1229 ματίσθη
2640 1157 2727 1212 διὰ
2757 1157 2855 1221 τάς
2887 1149 3153 1227 ἁμαρτίας
3188 1154 3363 1225 ήμῶν,
3393 1154 3485 1206 καὶ
3528 1151 3887 1223 μεμαλάκισται

2370 1250 2455 1303 διὰ
2481 1250 2581 1313 τὰς
2612 1234 2845 1319 ἀνομίας
2868 1246 3039 1319 ήμῶν.
3068 1246 3177 1299 Καὶ
3198 1244 3399 1317 Κύριος
3432 1243 3738 1315 παρέδωκεν
3760 1245 3888 1296 αὑτὸν

2370 1344 2484 1403 ταῖς
2508 1342 2797 1412 ἁμαρτίαις
2820 1341 3027 1411 ἡμῶν.»
3060 1338 3167 1393 Καὶ
3191 1338 3409 1401 ταύτας,
3441 1336 3591 1408 φησὶ,
3624 1338 3717 1399 τᾶς
3743 1338 3889 1408 πλημ-

2374 1431 2589 1500 μελείας
2628 1432 2778 1502 ,ὑπὲρ
2839 1430 3135 1503 ἀνθρώπων
3188 1428 3547 1500 ἀνεδεξάμην·
3613 1429 3677 1482 σὺ
3728 1428 3885 1494 ἔγνως.

2368 1524 2397 1572 ὸ
2430 1520 2577 1584 Θεὸς,
2600 1522 2720 1573 ἐπεὶ
2767 1521 2840 1592 μὴ
2883 1521 3268 1591 ἀπεκρύϐησάν
3297 1537 3377 1574 σε.
3416 1520 3489 1573 Οὐ
3530 1517 3639 1589 γὰρ
3671 1518 3783 1587 δίχα
3808 1518 3887 1585 τῆς

2372 1612 2467 1680 σῆς
2500 1611 2800 1682 βουλήσεως
2859 1614 3059 1676 ταύτας
3106 1612 3470 1681 ἀνεδεξάμην
3514 1610 3595 1663 διὸ
3640 1609 3730 1662 καὶ
3763 1608 3888 1674 ἀξίας

2368 1700 2463 1770 τῆς
2494 1701 2687 1754 σαυτοῦ
2714 1701 2963 1770 γνώσεως
2986 1701 3153 1765 αὑτὰς
3178 1702 3430 1770 ἐποιήσω.

2416 1829 2433 1859 ί
2446 1811 2535 1883 Μή
2551 1812 2959 1883 αἰσχυνθείησαν
2975 1813 3167 1882 ἐπ’ἐμὲ
3189 1814 3238 1864 οί
3256 1812 3613 1882 ὑπομένοντες
3632 1827 3709 1875 σε,
3728 1810 3889 1883 Κύριε,

2304 1882 2345 1936 Β
2374 1900 2542 1972 Κύριε
2565 1903 2671 1957 τῶν
2702 1882 2996 1975 δυνάμεων.
3013 1924 3032 1956 ι
3051 1904 3264 1974 Ἐπειδὴ
3293 1903 3390 1975 τὴν
3418 1904 3552 1975 ἐμὴν
3579 1882 3892 1958 διδασκαλίαν

2372 1994 2418 2049 οἱ
2460 1995 2611 2062 σοφοὶ
2652 1995 2745 2047 τοῦ
2774 1996 2966 2058 αἰῶνος
2996 1994 3180 2049 τούτου
3220 1995 3607 2061 διαϐάλλουσιν,
3643 1996 3891 2050 ἐλαύνουσί

2370 2102 2427 2137 τε
2465 2086 2629 2155 αὐτὴν
2666 2087 2740 2149 ὡς
2777 2087 2975 2156 μεστήν
3010 2087 3313 2159 ἀφροσύνης
3341 2089 3434 2143 καὶ
3479 2090 3685 2159 μωρίας
3710 2090 3790 2142 διὰ
3821 2091 3893 2143 τὸν

2370 2178 2725 2230 ἐπονείδιστον
2759 2177 3007 2247 σταυρὸν,
3034 2178 3291 2232 ἀντιϐολῶ
3322 2179 3413 2263 καὶ
3444 2179 3651 2248 δέομαι,
3679 2180 3798 2242 τοὺς
3832 2184 3893 2242 εἰς

2370 2271 2467 2340 ἐμὲ
2497 2268 2842 2331 πιστεύοντας
2872 2262 3355 2337 φυλάττεσθαιὺτὼ
3388 2262 3480 2320 σοῦ
3514 2270 3890 2340 ἅδιατρέπτους,

2369 2363 2443 2425 ὡς
2481 2362 2683 2433 μήποτε
2713 2360 3181 2432 καταισχυνϐῆναι.
3213 2362 3301 2413 Διὸ
3337 2362 3398 2415 σὺ
3432 2361 3620 2424 αὐτὸς,
3653 2355 3697 2414 ὦ
3724 2362 3891 2431 Κύριε,

2370 2454 2538 2525 Κύριε
2579 2453 2684 2506 τῶν
2727 2452 3022 2523 δυνάμεων,
3072 2453 3194 2516 τοὺς
3242 2450 3672 2521 πολεμουμένους
3702 2450 3785 2504 διὰ
3813 2453 3894 2523 τὴν

2372 2544 2467 2615 σὴν
2514 2544 2744 2613 γνῶσιν,
2795 2545 2860 2615 ἣν
2907 2543 3003 2597 ὑπι
3047 2542 3178 2614 ἐμοῦ
3236 2543 3635 2615 παρειλήφασι,
3693 2544 3893 2605 πάντοτε

2371 2636 2731 2707 ὑπομένοντας
2758 2636 2825 2689 τὰ
2851 2635 3000 2688 δεινὰ
3027 2636 3119 2691 καὶ
3155 2636 3310 2707 μέχρι
3334 2636 3564 2695 θανάτου
3596 2636 3895 2708 καρτεροῦν-

2368 2744 2494 2790 τας,
2533 2726 2605 2798 μὴ
2639 2726 3030 2799 ἐγκαταλείπῃς
3054 2767 3070 2791 ,
3108 2727 3238 2799 μηδὲ
3280 2728 3673 2797 ἐντραπείησαν
3715 2726 3896 2798 θαρή-

2372 2828 2557 2879 σαντες
2602 2818 2684 2868 ἐπ’
2713 2816 2865 2885 ἐμοὶ,
2906 2818 2957 2869 οι
2997 2817 3056 2869 σὲ
3098 2816 3186 2868 τὸν
3214 2815 3342 2868 Θεὸν
3375 2814 3465 2867 τοῦ
3502 2814 3716 2886 Ἰσραὴλ
3757 2814 3896 2883 ἐκζη-

2368 2906 2602 2970 τοῦντες.
2622 2908 2682 2960 Εί
2708 2908 2814 2979 γὰρ
2829 2908 2924 2960 καὶ
2944 2907 3010 2959 τὰ
3044 2906 3271 2978 μάλιστα
3293 2903 3429 2976 ἦσάν
3448 2908 3575 2959 ποτε
3605 2908 3897 2975 άγνοοῦντές

2372 3016 2429 3051 σε
2467 3000 2553 3052 δια
2572 3000 2647 3052 ’τὸ
2677 2999 2893 3070 δαίμοσι
2933 3002 3187 3070 πονηροῖς
3219 2997 3596 3063 δεδουλῶσθαι,
3637 2999 3770 3052 ἀλλά
3796 2998 3895 3061 νῦν,

2371 3089 2675 3157 ἐπιγνόντες
2720 3105 2811 3151 σε,
2864 3089 3077 3142 πάντων
3123 3088 3217 3157 μὲν
3263 3085 3428 3156 λήθην
3476 3086 3820 3156 ἐποιήσαντο,
3850 3086 3897 3137 ai

2371 3179 2426 3231 δὲ
2487 3180 2640 3249 μόνον
2696 3176 2992 3231 διατελοῦσι
3048 3176 3350 3248 ζητοῦντες.
3418 3175 3507 3227 Διὸ
3565 3177 3788 3228 ἱκετεύω
3838 3175 3897 3245 μή

2373 3268 3049 3340 καταισχυνθῆναιαύτοὺς,
3086 3268 3219 3339 μηδὲ
3252 3287 3271 3320 ι
3296 3268 3667 3337 ἀσχημονήσαι
3692 3285 3704 3297 ·
3736 3287 3755 3319 ι
3778 3266 3899 3322 οὕτω

2372 3362 2477 3432 γὰρ
2502 3362 2836 3433 ήρμήνευσεν
2863 3363 2891 3413 ὁ
2914 3360 3202 3430 Σύμμαχος
3220 3357 3387 3411 εἰπών
3402 3377 3415 3388 ⁸
3450 3378 3466 3408 ι
3489 3358 3580 3429 Μὴ
3601 3364 3901 3429 καταισχυν-

2373 3451 2589 3521 Θείησαν
2631 3450 2717 3502 ἐπ’
2765 3448 2885 3519 ἐμοὶ
2935 3449 2984 3500 οί
3027 3448 3427 3516 προσδοκῶντες
3471 3463 3562 3509 σε,
3610 3447 3780 3518 Κύριε
3814 3447 3900 3499 Θεὲ

2372 3541 2478 3594 τῶν
2513 3541 2790 3612 δυνάμεων
2812 3557 2824 3570 ·
2864 3540 2937 3611 μὴ
2959 3540 3394 3609 ἀσχημονήσαιεν
3432 3539 3517 3591 ἐπ’
3550 3538 3649 3595 ἐμὲ
3676 3542 3726 3592 οἱ
3757 3537 3901 3608 ἐκζη·

2372 3633 2584 3695 τοῢντές
2635 3649 2715 3695 σε,
2761 3632 2859 3684 Θεέ
2896 3628 2990 3683 τοῦ
3030 3631 3260 3703 Ἰσραήλ.
3294 3648 3312 3681 ι
3373 3629 3649 3702 Ἐπίτήρει
3687 3630 3743 3683 δὲ
3772 3633 3899 3692 ὅπως

2347 3750 2354 3761 ν
2375 3725 2583 3795 εἴρηται
2602 3723 2681 3785 τὸ,
2700 3742 2718 3773 ι
2743 3717 2932 3792 Κύριε,
2958 3720 3127 3791 Κύριε
3138 3720 3243 3773 τῶν
3259 3720 3555 3790 δυνάμεων,
3576 3739 3596 3773 ›
3622 3719 3903 3789 δευτεροῦν·

2375 3834 2461 3880 τος
2493 3815 2584 3868 τοῦ
2613 3814 2768 3881 λόγου
2812 3812 2908 3885 τὴν
2940 3814 3277 3885 κυριολογίαν
3296 3814 3389 3865 καὶ
3408 3810 3501 3864 ἐπὶ
3521 3810 3615 3863 τὸν
3648 3810 3755 3864 τῶν
3785 3812 3902 3864 ὅλων

2375 3906 2505 3958 Θεὸν
2529 3906 2955 3976 ἀναπέμποντος.

2451 4039 2469 4071 ι
2500 4022 2619 4072 Ὅτι
2649 4018 2809 4071 ἐνεκά
2846 4033 2938 4071 σου
2979 4016 3259 4087 ὑπήνεγκα
3299 4013 3618 4083 ὀνειδισμὸν,
3658 4012 3903 4083 ἐκάλυψεν

2375 4110 2618 4180 ἐντροπὴ·
2638 4109 2699 4161 τὸ
2731 4103 3017 4179 πρόσωπόν
3052 4124 3169 4178 μου.
3198 4126 3216 4157 ι
3279 4107 3341 4159 Οί
3385 4106 3481 4177 μὲν
3507 4106 3705 4169 λοιποὶ,
3738 4109 3901 4176 φησὶν,

2375 4200 2639 4270 ἄνθρωποι
2677 4198 2743 4251 δι’
2776 4199 2979 4261 οἰκείας
3021 4200 3290 4269 ἁμαρτίας
3327 4197 3568 4268 ἐλέγχοις
3600 4199 3692 4253 καὶ
3728 4198 3901 4251 ὀνειδι-

2376 4292 2529 4359 σμοῖς
2570 4288 2985 4345 ὑποϐάλλονται·
3030 4289 3139 4355 ἐγὼ
3172 4288 3228 4341 δὲ
3266 4289 3294 4339 ὁ
3340 4287 3413 4357 μή
3448 4288 3609 4355 γνοὺς
3649 4288 3903 4359 ἁμαρτίαν

2373 4378 2535 4431 ἕνεκά
2563 4394 2652 4430 σου
2684 4378 2960 4446 ὑπήνεγκα
2981 4378 3275 4448 ὀνειδισμόν
3293 4395 3306 4407 ·
3344 4378 3634 4449 ἐπειδήπερ
3671 4378 3735 4437 σὺ
3762 4377 3903 4439 αὐτὸς

2374 4470 2402 4521 ὁ
2425 4468 2793 4538 φιλάνθρωπος
2816 4466 2945 4531 Θεὸς
2978 4468 3116 4538 ὑπὲρ
3151 4468 3243 4529 τοῦ
3270 4468 3374 4522 τῶν
3403 4468 3700 4541 ἀνθρώπων
3730 4469 3903 4537 γένους

2356 4536 2642 4632 ’ἁμαρτίαν
2672 4576 2737 4629 με
2766 4559 3042 4630 ἐποίησας,
3083 4536 3227 4622 ὅπως
3260 4561 3309 4612 οἱ
3339 4536 3681 4622 πιστεύοντες
3710 4536 3796 4621 είς-
3816 4561 3903 4628 ἐμὲ
3932 4608 3933 4611 η

2371 4652 2625 4719 γένωνται
2643 4650 2972 4719 δικαιοσύνη.
2991 4649 3147 4703 Ἀλλά
3172 4652 3264 4709 καὶ
3286 4669 3305 4702 ι
3326 4649 3487 4703 ἕνεκά
3514 4666 3606 4702 σου
3639 4651 3902 4719 ὑπήνεγκα

2375 4740 2699 4809 ὀνειδισμὸν,
2732 4758 2751 4790 ι
2789 4740 2873 4792 διά
2901 4738 2998 4808 τὴν
3022 4739 3118 4808 σὴν
3166 4737 3353 4810 βουλὴν
3394 4736 3639 4799 κενώσας
3686 4737 3902 4809 ἐμαυτὸν

2373 4831 2465 4883 καὶ
2516 4831 2674 4899 μέχρι
2724 4829 2948 4883 θανάτου
3014 4828 3378 4892 ταπεινώσας,
3438 4828 3558 4880 καθ’
3617 4830 3677 4881 ὃν
3732 4831 3901 4897 καιρὸν

2372 4922 2420 4973 oi
2479 4910 2977 4991 παραπορευόμενοι
3035 4918 3408 4987 ἐϐλασφήμουν
3488 4916 3764 4981 κινοῦντες
3818 4918 3902 4987 τὰς

2372 5011 2607 5079 κεφαλὰς
2632 5009 2807 5064 αὐτῶν
2833 5010 2923 5063 καὶ
2948 5010 3192 5078 λέγοντες
3215 5025 3227 5038 ·
3275 5027 3293 5057 ι
3322 5005 3434 5059 0ὑά
3464 5011 3491 5061 ὀ
3524 5010 3803 5066 καταλύων
3824 5011 3902 5062 τὸν

2370 5104 2524 5164 ναὸν,
2572 5104 2665 5173 καὶ
2706 5103 2761 5155 ἐν
2812 5104 2985 5173 τρισὶν
3043 5099 3271 5170 ἡμέραις
3338 5100 3667 5170 οἰκοδομῶν,
3746 5102 3902 5156 σῶσον

2374 5196 2610 5250 σεαυτόν.
2662 5196 2723 5247 Εί
2747 5193 2873 5257 Υἱὸς
2920 5190 2971 5247 εῐ
3036 5190 3129 5245 τοῦ
3170 5190 3331 5257 Θεοῦ,
3374 5192 3639 5264 κατάϐηθι
3677 5195 3785 5247 ἀπὸ
3820 5192 3902 5249 τοῦ

2373 5285 2618 5356 σταυροῦ.
2667 5286 2890 5355 ὀμοίως
2928 5284 2983 5338 δὲ
3022 5283 3113 5337 καὶ
3155 5284 3202 5335 οἱ
3250 5284 3520 5356 ἀρχιερεῖς
3562 5285 3901 5354 ἐμπαίζοντες

2374 5375 2511 5444 μετὰ
2560 5374 2667 5428 τῶν
2708 5375 2893 5447 ἱερέων
2927 5375 3021 5429 καὶ
3057 5372 3430 5444 Γραμματέων
3472 5374 3567 5428 καὶ
3609 5374 3903 5447 Φαρισαίων

2372 5464 2572 5533 ἔλεγον·
2598 5466 2823 5529 ιἈλλους
2862 5465 3080 5531 ἔσωσεν,
3126 5464 3313 5519 ἑαυτὸν
3353 5464 3413 5518 οὑ
3459 5464 3679 5517 δύναται
3719 5463 3899 5523 σῶσαι,

2373 5557 2435 5609 Et
2483 5556 2728 5626 βασιλεὺς
2765 5555 2976 5627 Ἰσραήλ
3017 5557 3163 5621 ἐστι,
3214 5554 3501 5609 καταϐάτω
3538 5554 3633 5607 νῦν
3670 5553 3779 5608 ἀπὸ
3819 5552 3899 5605 τοῦ

2376 5650 2625 5715 σταυροῦ,
2671 5648 2760 5701 καὶ
2801 5646 3155 5716 πιστεύσομεν
3199 5643 3364 5697 αὑτῶ.
3411 5643 3673 5697 nemon
3701 5642 3794 5697 ἐπὶ
3820 5642 3901 5696 τὸν

3862 5788 3893 5799 ν’

3933 1318 3935 1441 l
