3950 6342
60 416 139 468 ῖπιι
164 446 168 450 -
1162 386 1607 479 COMMENTAR]

1706 407 1768 462 [Ν
1806 407 2143 466 PSALMOS.

3161 386 3269 474 τω

58 533 135 585 καὶ
160 532 208 584 ol
237 528 536 600 ὀνειδισμοὶ
566 528 674 582 τῶν
711 528 1071 591 ὀνειδιζόντων
1121 544 1179 579 σε
1214 527 1483 585 ἐπέπεσαν
1515 524 1601 578 ἐπ’

1706 541 1845 579 mam
1902 542 2097 595 meam,
2140 537 2193 583 et
2222 528 2420 583 factum
2459 530 2618 587 estin
2649 530 2994 601 opprobrium
3046 530 3196 587 mihi.
3236 552 3254 583 ι

59 623 162 693 ἐμέ.
252 622 365 674 Καὶ
431 619 775 691 συνεκάλυψα
848 621 904 671 ἐν
980 618 1201 689 νηστείᾳ
1267 617 1363 687 τὴν
1425 616 1600 686 ψυχήν

60 730 190 787 μου,
237 713 333 766 καὶ
394 712 626 781 ἐγενήθη
683 713 761 773 είς
819 710 1153 779 ὀνειδισμοὺς
1208 710 1348 779 ἐμοί.
1391 728 1408 759 ι
1473 709 1603 759 Ὅτε

61 805 166 877 μὲν,
210 804 398 875 φησὶν,
448 803 630 875 ἐώρων
680 804 769 855 τὸν
818 802 907 854 σὸν
950 799 1094 855 οἷκον
1143 801 1321 871 πάσης
1364 798 1602 871 πληρούα

64 914 203 967 μενον
240 895 491 964 ἀνομίας,
518 894 610 947 καὶ
645 894 772 946 ποτὲ
806 894 901 963 μὲν
927 893 1239 962 γιγνόμενον
1267 888 1411 944 οἷκον
1443 892 1606 960 ἐμπο-

62 988 181 1059 ρίου,
207 987 337 1039 ποτὲ
362 987 419 1040 δὲ
437 985 695 1055 σπήλαιον
718 982 945 1056 λῃστῶν,
977 982 1313 1053 πυρούμενος
1339 982 1441 1034 ὑπὸ
1460 981 1602 1033 θείου

63 1080 225 1150 ζήλου,
252 1078 482 1150 ἤλαυνον
513 1078 636 1141 τοὺς
665 1077 806 1130 ἔνδον
836 1076 1301 1147 παρανομοῦντας·
1343 1073 1476 1126 ἀλλὰ
1510 1075 1604 1127 καὶ

60 1173 133 1224 ὅτε
178 1174 299 1234 ταῖς
337 1170 544 1226 ἐαυτῶν
568 1169 844 1241 ἀθεμίτοις
891 1168 1150 1240 πράξεσιν
1193 1167 1392 1245 ὄνειδος
1442 1183 1599 1236 περι-

60 1263 208 1333 ῆπτόν
225 1281 305 1316 σοι
318 1262 395 1333 τῷ
416 1262 554 1332 Θεῷ,
571 1255 631 1315 οὗ
645 1261 741 1334 τὴν
756 1260 905 1315 θεοσέ
913 1262 1060 1314 σειαν
1071 1260 1478 1331 ἐπηγγέλλοντο,
1501 1257 1603 1310 πά-

60 1355 127 1409 λιν
156 1358 229 1418 εἰς
266 1355 457 1409 ἑαυτὸν
520 1353 910 1424 ἀναλαμϐάνων
952 1355 1077 1421 τοὺς
1115 1352 1381 1414 τοιούτους
1420 1349 1603 1403 ὀνειδι-

64 1447 230 1516 σμοὺς,
243 1445 633 1515 ἠναγκαζόμην
649 1444 927 1516 παρρησίᾳ
940 1442 1192 1513 χρῆσθαι,
1213 1443 1438 1495 καὶτοὺς
1453 1440 1601 1508 ἐλέγ-

61 1555 170 1607 χους
195 1539 375 1601 αὐτοῖς
408 1534 813 1608 θεραπευτικῶς
846 1535 1188 1606 προσφέρειν·
1225 1536 1313 1586 ὅτε
1332 1533 1387 1585 δὲ
1418 1532 1600 1601 ἑώρων

63 1630 377 1699 ἀναισθήτως
406 1628 603 1689 αὐτοὺς
622 1626 859 1696 ἔχοντας,
884 1626 974 1678 καὶ
1009 1626 1082 1695 μὴ
1110 1624 1600 1696 ἐπιστρεφομένους
1624 1652 1627 1653 ν

62 1722 168 1782 τοὺς
197 1720 361 1790 ἐμοὺς
387 1719 667 1789 ἐλέγχους,
709 1716 1131 1795 άποκλαιόμενος
1160 1715 1338 1769 αὐτῶν
1373 1714 1469 1786 τὴν
1492 1716 1598 1768 άπ-

62 1812 251 1875 ὡλειαν,
292 1812 578 1888 ἐνήστευην
609 1812 699 1863 καὶ
722 1810 1047 1863 κατεπόνουν
1081 1809 1312 1879 ἐμαυτὸν
1330 1808 1468 1879 ὑπὲρ
1502 1808 1600 1862 αύ-

62 1902 258 1956 τῶν.“οί
291 1902 346 1954 δὲ
382 1902 477 1955 καὶ
507 1901 677 1965 οὕτως
710 1898 978 1964 ὠνείδιζόν
1023 1916 1111 1970 μοι
1143 1898 1481 1971 διασύροντες
1509 1900 1601 1952 καὶ

62 1994 386 2065 χλευάζοντες
403 1992 499 2064 τὴν
527 1994 663 2063 ἐμὴν
693 1991 962 2063 νηστείαν.
986 1991 1314 2062 Βουλόμενος
1334 1991 1391 2045 δὲ
1422 1992 1601 2053 αὐτοῖς

62 2082 399 2155 ὑπογραμμὸν
432 2083 719 2153 μετανοίας
741 2080 1029 2141 δεικνύναι,
1056 2081 1115 2132 ού
1154 2080 1311 2150 μόνον
1328 2079 1602 2147 νηστείαις

64 2175 271 2247 ἐμαυτὸν
302 2175 649 2237 κατεπόνουν,
679 2172 812 2248 ἀλλὰ
843 2172 934 2224 καὶ
968 2173 1029 2224 τὸ
1048 2171 1249 2241 ἐνδυμά
1277 2187 1376 2241 μου
1403 2170 1601 2223 σάκκον

66 2266 359 2338 ἐποιούμην,
392 2265 643 2330 κολάζων
664 2263 758 2318 καὶ
797 2262 1201 2335 τιμωρούμενος
1232 2261 1327 2333 τὴν
1363 2259 1600 2339 ἐμαυτού

67 2359 239 2428 σάρκα,
268 2358 417 2429 αύτῷ
437 2375 498 2411 τε
524 2356 669 2429 ἔργῳ
698 2355 896 2429 τρόπον
920 2353 1353 2435 ἐξομολογήσεως
1370 2353 1463 2407 καὶ
1495 2352 1601 2406 τῶν

67 2448 318 2520 προτέρων
364 2448 775 2521 ἁμαρτημάτων
813 2438 1131 2517 καθάρσεως
1178 2438 1482 2507 ἐπιδεικνὺς
1508 2445 1603 2498 αύ-

66 2544 175 2604 τιίς.
206 2545 267 2594 υἱ
298 2542 357 2596 δὲ
377 2542 473 2595 καὶ
503 2541 670 2595 ταῦτα
688 2540 950 2610 γελῶντες
971 2540 1091 2593 ἀντὶ
1112 2539 1425 2610 παραϐολῆς
1446 2555 1513 2609 με
1527 2532 1601 2590 εἶέ-

68 2649 159 2701 χον,
188 2633 564 2704 συνερχόμενοι
600 2633 698 2703 μὲν
722 2632 838 2702 ἆμα
868 2632 959 2685 καὶ
992 2632 1127 2703 πρὸς
1139 2635 1258 2694 ταῖς
1272 2629 1476 2683 ἑαυτῶν
1495 2627 1601 2683 πύ-

67 2720 163 2787 λαις
191 2724 558 2794 καθεζόμενοι,
592 2723 769 2777 πᾶσαν
790 2721 845 2775 δὲ
867 2724 965 2793 τὴν
995 2722 1201 2775 ἑαυτῶν
1231 2720 1444 2793 ὁμιλίαν
1474 2721 1612 2794 περὶ,

69 2805 177 2885 ὲμοῢ
204 2814 543 2885 ποιούμενοι,
587 2814 683 2868 καὶ
717 2814 995 2889 μονονουχὶ
1028 2813 1435 2884 ἀδολεσχοῦντες
1467 2814 1601 2886 πρὸς

68 2907 298 2978 ἀλλήλους
330 2908 388 2960 ἐν
415 2908 483 2978 τῇ
506 2907 625 2961 κατ’
647 2907 778 2978 ἐμοῦ
808 2907 989 2979 χλεύῃ.
1027 2907 1139 2960 Οὐκ
1159 2908 1394 2978 άπήρκει
1421 2907 1476 2961 δὲ
1505 2908 1603 2960 αύ-

67 3001 156 3062 τοίς
191 2996 461 3069 διασύρειν
491 2999 586 3052 καὶ
624 2994 908 3069 χλευάζειν
950 2998 1047 3061 τὰς
1078 2997 1216 3069 ἐμὰς
1245 2999 1384 3070 ὑπὲρ
1424 2998 1601 3053 αὐτῶν

68 3092 328 3162 ἀσκήσεις,
367 3086 502 3144 ἀλλὰ
534 3090 629 3144 καὶ
663 3091 941 3160 συμπόσια
977 3090 1429 3162 συγκροτοῦντες.,
1463 3092 1602 3163 ᾠδὰς

1702 616 1860 681 Cum,
1890 614 2318 689 inquit,domum
2359 629 2505 679 tuam
2534 620 2771 677 viderem
2805 622 2951 676 omni
2979 621 3262 691 iniquitate

1702 710 1986 779 repletam,
2008 720 2061 764 et
2085 712 2245 766 modo
2277 712 2498 766 domum
2531 700 2933 784 negotiationis.
2953 713 3112 769 modo
3142 708 3264 783 spe-

1702 801 1917 857 luncam
1946 803 2222 877 latronum
2272 803 2539 869 effectam,
2584 806 2769 861 divino
2809 806 3069 865 incensus
3123 808 3257 868 zelo,

1702 906 1795 945 eos
1841 894 1935 962 qui
1981 894 2127 948 intus
2164 894 2506 965 iniquitatem
2542 898 2910 966 operabantur
2956 897 3112 967 ejeci.
3150 897 3263 950 imo

1701 984 1862 1039 etiam
1905 1001 2027 1039 cum
2057 985 2283 1042 nefariis
2315 989 2483 1059 gestis
2509 990 2622 1043 suis
2653 990 2999 1058 opprobrium
3028 992 3126 1045 tibi
3152 990 3263 1045 Deo

1670 1076 1984 1145 ’iuferrent,
2006 1094 2319 1150 ergaquem
2363 1088 2541 1134 tamen
2576 1081 2893 1150 religionem
2928 1082 3263 1150 proﬁteban-

1700 1180 1809 1235 tur,
1846 1170 1901 1223 in
1932 1184 2016 1223 me
2041 1184 2258 1223 rursum
2288 1170 2579 1240 opprobria
2615 1169 2925 1238 hujusmodi
2973 1171 3263 1240 recipiens,

1667 1271 1672 1276 '
1700 1263 2030 1317 necessitate
2057 1262 2395 1331 compulsus,
2431 1263 2803 1331 correptiones
2834 1262 2968 1331 ipsis
2993 1263 3057 1318 ad
3090 1278 3266 1318 reme-

1698 1354 1846 1407 dium
1890 1354 2262 1408 admovebam.
2315 1353 2386 1408 Ut
2440 1354 2688 1409 videbam
2748 1362 2927 1408 autem
2963 1356 3081 1411 illos
3116 1357 3266 1411 nullo

1699 1461 1863 1501 sensu
1908 1446 2134 1509 moveri,
2163 1461 2338 1515 neque
2371 1446 2693 1514 resipiscere
2735 1462 2801 1501 ex
2847 1448 3268 1516 reprehensione

1698 1549 1836 1598 mea,
1859 1549 2047 1588 eorum
2083 1537 2374 1604 perniciem
2402 1536 2691 1603 deplorans
2718 1535 3049 1605 jejunabam,
3073 1552 3268 1607 meque

1698 1625 1911 1678 illorum
1939 1638 2105 1678 causa
2123 1623 2492 1677 macerabam.
2510 1624 2588 1677 Illi
2618 1633 2796 1677 autem
2822 1631 2954 1678 tunc
2979 1626 3139 1679 etiam
3163 1641 3260 1680 ex-

1698 1714 2035 1784 probrabant
2056 1713 2211 1777 mihi,
2231 1722 2284 1768 et
2308 1713 2572 1781 jejunium
2596 1727 2773 1767 meum
2793 1712 3030 1782 profusis
3043 1714 3267 1768 cachin-

1697 1805 1787 1860 nis
1814 1803 2133 1881 irridebant.
2162 1803 2298 1857 Cum
2340 1804 2531 1858 vellem
2564 1818 2727 1873 porro
2759 1805 3062 1875 exemplum
3091 1807 3266 1875 poeni-

1704 1896 1885 1950 tentia:
1915 1895 2049 1965 ipsis
2082 1910 2406 1965 proponere,
2448 1910 2556 1948 non
2587 1895 2746 1949 modo
2776 1896 3002 1965 jejuniis
3032 1910 3117 1950 me
3148 1910 3263 1949 ma-

1703 1988 1974 2052 cerabam,
2011 1986 2104 2041 sed
2138 1987 2301 2040 etiam
2344 2001 2443 2056 pro
2488 1986 2812 2042 vestimento
2846 1988 3111 2063 ponebam
3141 1988 3265 2042 cili-

1704 2080 1870 2144 cium,
1895 2090 2112 2133 camem
2170 2093 2345 2133 meam
2404 2079 2679 2149 castigans
2719 2087 2774 2134 et
2814 2079 3079 2150 puniens,
3102 2089 3265 2151 atque

1704 2173 1823 2244 ipso
1871 2187 2034 2241 opere
2081 2171 2297 2225 modum
2332 2171 2694 2227 confessionis
2720 2181 2883 2243 atque
2933 2175 3269 2243 purgationis

1702 2261 2059 2332 pristinorum
2086 2270 2432 2332 peccatorum
2459 2262 2596 2332 ipsis
2631 2265 3155 2330 commonstrabam.
3189 2264 3269 2320 llli

1703 2371 1831 2411 vero
1877 2356 1991 2413 haec
2034 2370 2251 2427 quoque
2280 2354 2593 2410 deridentes
2614 2370 2712 2426 pro
2751 2358 3007 2427 parabola
3046 2374 3131 2414 me
3173 2360 3269 2413 ha-
3360 2397 3367 2411 ς.

1702 2451 1958 2512 buerunt,
1987 2450 2149 2504 simul
2176 2450 2586 2515 convenientes,
2614 2458 2667 2505 et
2709 2450 2777 2504 ad
2810 2458 2992 2520 portas
3023 2464 3152 2505 suas
3182 2465 3271 2505 se-

1702 2541 1912 2605 dentes,
1944 2541 2010 2595 de
2041 2556 2127 2596 me
2171 2556 2277 2595 una
2304 2540 2601 2615 colloquia
2647 2542 2962 2606 miscentes,
2988 2559 3052 2598 ac
3080 2551 3269 2597 mutuo
3316 2564 3319 2565 ν
3347 2588 3355 2602 ,η

1682 2645 1875 2706 nugas
1915 2639 2235 2699 spargentes
2271 2630 2400 2685 dum
2446 2646 2529 2684 me
2582 2631 2899 2688 irridereut.
2959 2632 3146 2704 Neque
3184 2638 3270 2689 sat

1700 2722 1809 2775 illis
1840 2702 1940 2773 fuit
1970 2721 2114 2791 quod
2155 2737 2240 2775 me
2271 2722 2609 2784 deluderent,
2641 2731 2803 2792 atque
2837 2724 2906 2778 ob
2929 2702 3177 2795 mea—pro
3204 2725 3269 2778 il-
3324 2702 3331 2715 ἠ

1702 2814 1767 2867 lis
1796 2820 2049 2882 suscepta
2082 2813 2342 2867 exercitia
2375 2812 2666 2866 ridiculum
2702 2822 2954 2883 agerent;
2980 2813 3073 2869 sed
3102 2814 3267 2867 etiam

1702 2906 1953 2959 convivia
1986 2912 2232 2975 agentes,
2263 2905 2563 2960 cantilenas
2589 2904 2716 2959 vino
2750 2905 2891 2974 capti
2927 2912 2981 2959 et
3028 2904 3186 2967 ebrii,
3213 2903 3265 2955 in

1688 3014 1787 3052 me
1814 2995 2214 3051 debacchantes
2238 2994 2645 3061 edebant.,Qua
2681 2993 2747 3050 de
2784 2989 2948 3048 causa
2967 3009 3066 3064 ego
3099 2993 3270 3046 multo

1704 3089 1878 3159 magis
1902 3088 2210 3158 operiebam
2247 3088 2299 3140 in
2330 3087 2539 3157 jejunio
2585 3086 2821 3141 animam
2853 3101 3045 3148 meam,
3080 3092 3133 3140 et
3170 3098 3268 3153 po-

68 3183 143 3235 xal
164 3185 377 3255 ᾅσματα
403 3186 484 3248 εἰς
508 3184 607 3253 ἐμὲ
628 3182 903 3253 διεξῄεσαν
921 3183 1359 3252 οἱνοφλυγοῦντες
1385 3184 1477 3237 καὶ
1507 3202 1602 3255 με-

1706 3182 1896 3241 nebam
1922 3180 2303 3234 vestimentum
2349 3194 2527 3232 meum
2556 3178 2819 3239 cilicium,
2852 3177 3075 3231 exitium
3126 3176 3272 3243 ipso-

69 3272 360 3345 ϐοσκόμενοι
387 3277 444 3331 ἐν
470 3271 589 3337 ταῖς
617 3276 735 3327 κατ’
764 3272 899 3344 ἐμοῦ
920 3270 1242 3344 παροινίαις.
1279 3275 1393 3344 Ἐφ’
1423 3272 1502 3339 οἷς
1516 3277 1600 3329 ἔτι

71 3368 236 3436 μάλλον
263 3362 374 3436 ἐγὼ
403 3367 799 3421 συνεκάλυπτον
830 3368 889 3419 ἐν
920 3368 1143 3439 νηστείᾳ
1165 3367 1261 3439 τὴν
1284 3367 1462 3440 ψυχήν
1486 3388 1607 3440 μου,

68 3458 144 3511 καὶ
172 3458 422 3531 ἐτιθέμην
450 3454 511 3512 τὸ
547 3457 749 3529 ἔνδυμά
780 3475 879 3529 μου
914 3458 1137 3521 σάκκον,
1168 3460 1264 3529 τὴν
1300 3460 1478 3514 αὐτῶν
1500 3446 1608 3512 άπ-

68 3547 233 3603 ὡλειαν
264 3549 709 3621 ἀποκλαιόμενος.
734 3550 824 3602 Διὸ
860 3549 998 3603 κατὰ
1019 3549 1110 3602 τὸν
1126 3548 1354 3602 Ἀκύλαν
1368 3550 1604 3621 εἴρηται·

74 3661 87 3689 ε
121 3643 216 3695 Καὶ
256 3640 498 3697 ἔκλαυσα
518 3643 575 3694 ἐν
616 3640 838 3713 νηστείᾳ
866 3640 1042 3711 ψυχήν
1088 3656 1188 3710 μου
1209 3679 1223 3704 ,
1254 3641 1348 3694 καὶ
1376 3639 1607 3713 ἐγενήθη

70 3734 133 3799 εἰς
149 3734 476 3807 ὀνειδισμοὺς
503 3718 644 3806 ἐμοί.
664 3735 774 3787 Καὶ
798 3732 994 3787 ἔδωκεν
1019 3731 1226 3787 ἐνδυσίν
1255 3750 1354 3803 μου
1380 3731 1603 3795 σάκκον,

70 3827 145 3879 καὶ
173 3823 434 3898 ἐγενόμην
456 3828 640 3890 αὐτοῖς
662 3826 741 3888 εις
757 3825 1091 3897 παραϐολήν.
1132 3823 1377 3896 Ὠμίλουν
1400 3825 1457 3877 ἐν
1486 3824 1608 3894 ἐμοὶ

70 3919 333 3990 καθήμενοι
366 3920 572 3990 πύληνο
640 3919 732 3973 καὶ
764 3908 965 3989 ψαλμοὶ
1003 3917 1259 3971 πινόντων
1279 3918 1545 3986 μέθυσμα.
1585 3934 1603 3967 ι

72 4008 183 4062 κατὰ
208 4009 262 4062 δὲ
290 4008 381 4063 τὸν
403 4008 473 4061 Σύ
483 4025 714 4079 μμαχονο
750 4027 769 4058 ι
809 4008 918 4061 Καὶ
945 4007 1160 4061 κλάοντι
1197 4004 1333 4076 μετὰ
1360 4004 1610 4073 νηστείας

71 4099 146 4166 τὴν
173 4099 344 4168 ψυχήν
375 4117 477 4171 μου
507 4099 720 4167 ἐγένετο
752 4100 831 4161 είς
860 4097 1057 4160 ὄνειδος
1089 4098 1230 4167 ἐμοί.
1261 4096 1369 4149 Καὶ
1396 4095 1610 4149 τάσσων
1642 4172 1645 4173 ν

24 4239 41 4267 ,
72 4189 119 4242 τὸ
135 4191 321 4262 ἕνδυμά
343 4210 447 4263 μου
479 4184 701 4256 σάκκον,
723 4193 815 4245 καὶ
836 4190 1099 4261 ἐγενόμην
1126 4190 1305 4251 αὐτοῖς
1325 4191 1404 4252 είς
1436 4206 1612 4259 παρα-

73 4281 223 4351 ϐολήν.
256 4283 553 4355 Διηγοῦντό
585 4301 650 4354 με
695 4283 990 4354 καθήμενοι
1020 4284 1076 4335 ἐν
1109 4281 1248 4353 πύλῃ
1268 4322 1282 4346 ,
1317 4282 1410 4335 καὶ
1452 4280 1612 4351 ἔψαλ-

73 4370 145 4423 λόν
169 4390 231 4442 με
285 4375 334 4427 oi.
376 4372 625 4437 πίνοντες
666 4373 939 4444 μέθυσμα.
984 4393 1003 4425 ι
1054 4373 1212 4440 Ἀλλὰ
1248 4374 1455 4437 τούτοις
1490 4390 1613 4427 συν·-

74 4456 289 4521 εξιτάσαι
316 4462 632 4529 ἀναγκαῖον,
663 4462 779 4526 πῶς
795 4462 1004 4533 εἴρηται
1037 4463 1143 4515 ὑπὸ
1156 4463 1247 4516 τοῦ
1280 4464 1529 4535 Σωτῆρος
1553 4465 1610 4517 ἐν

1710 3287 1829 3325 rum
1852 3272 2160 3341 deplorans.
2193 3270 2391 3336 Quare,
2409 3268 2709 3325 secundum
2739 3269 3008 3338 Aquilam,
3033 3267 3230 3320 dicitur

1716 3383 1733 3415 ι
1775 3364 1841 3419 Et
1881 3365 2085 3435 ploravi
2139 3364 2195 3418 in
2223 3364 2431 3432 jejunio
2460 3364 2695 3417 animam
2746 3377 2942 3426 meam,
2969 3370 3023 3415 et
3066 3360 3268 3415 factum

1710 3460 1795 3508 est
1829 3456 1882 3509 in
1909 3452 2202 3524 opprobria
2230 3452 2385 3506 mihi.
2416 3450 2483 3504 Et
2511 3450 2660 3506 dedit
2682 3451 3063 3527 vestimentum
3090 3464 3266 3503 meum

1711 3561 1953 3609 saccum,
1973 3554 2027 3601 et
2058 3544 2235 3601 factus
2267 3559 2386 3599 sum
2416 3544 2525 3598 illis
2546 3544 2598 3597 in
2630 3543 2960 3613 parabolam.
2993 3541 3273 3610 Colloquc—

1711 3637 1912 3691 bantur
1956 3637 2010 3690 in
2052 3652 2139 3691 me
2171 3628 2423 3691 sedentes
2450 3636 2517 3689 ad
2566 3642 2775 3706 portam
2823 3652 2837 3687 :
2878 3640 2932 3686 et
2962 3632 3155 3701 psalmi
3190 3632 3244 3685 bi

1709 3729 1951 3783 bentium
1983 3730 2335 3794 ebrietatem;
2373 3748 2391 3780 ι
2425 3726 2722 3783 secundum
2761 3723 3144 3794 Symmachum
3172 3737 3270 3775 au-

1711 3830 1818 3874 tem
1850 3840 1862 3876 :
1904 3839 1922 3869 ι
1962 3818 2029 3872 Ει
2068 3820 2303 3891 ριξτιιηιί
2334 3825 2456 3889 post
2476 3810 2682 3888 jejunia
2707 3816 2941 3869 animam
2969 3829 3162 3875 meam,
3195 3811 3274 3867 fac

1711 3926 1856 3968 ctum
1903 3913 2063 3969 estin
2095 3912 2444 3982 opprobrium
2480 3906 2712 3963 mibi.Et
2745 3922 2952 3977 ponens
2985 3906 3273 3959 indumen-

1708 4015 1823 4059 tum
1853 4020 2031 4071 meum
2064 4019 2305 4066 saccum,
2336 4009 2391 4057 et
2426 4001 2603 4056 factus
2642 4016 2764 4055 sum
2806 3998 2913 4054 illis
2958 3999 3012 4052 in
3042 3997 3273 4067 parabo-

1710 4097 1839 4150 lam.
1868 4094 2211 4148 Enarrabant
2254 4108 2341 4148 me
2364 4092 2614 4147 sedentes
2655 4092 2711 4145 in
2764 4098 2941 4160 porta,
2976 4096 3030 4143 et
3063 4086 3233 4157 psalle

1710 4189 1841 4246 baut
1864 4203 1951 4242 me
1971 4187 2220 4243 bibentes
2250 4187 2587 4241 ebrietatem.
2621 4204 2639 4235 ι
2669 4182 2736 4237 At
2766 4183 2956 4237 horum
2988 4180 3273 4234 occasione

1709 4279 2118 4349 disquirendum
2136 4287 2255 4341 est,
2287 4292 2386 4332 cur
2412 4292 2441 4330 a
2468 4274 2758 4331 Servature
2780 4274 2987 4328 dictum
3020 4271 3073 4324 in
3102 4264 3246 4323 Euan

1709 4362 1849 4442 gelio
1882 4371 2045 4427 fuerit
2081 4391 2092 4425 :
2129 4389 2147 4424 ι
2191 4371 2353 4427 Venit
2402 4370 2639 4426 Joannes
2693 4381 2869 4436 neque
2904 4362 3273 4446 ,manducans.

1714 4478 1889 4531 neque
1927 4462 2141 4525 bibens,
2177 4469 2230 4515 et
2260 4461 2449 4517 dicunt
2476 4479 2489 4514 :
2518 4451 2856 4513 Damioniqu
2906 4453 3084 4505 habet.
3116 4444 3277 4503 Venit

77 4546 412 4639 Εύαγγελίοιςο
453 4569 473 4603 ι
505 4546 706 4604 Ἦλθεν
762 4551 1009 4623 Ἰωάννης
1059 4553 1193 4622 μήτε
1236 4550 1428 4603 ἐσθίων
1472 4551 1607 4621 μήτε

1712 4554 1881 4609 Filius
1921 4554 2157 4609 hominis
2202 4552 2540 4607 manducans
2587 4558 2641 4605 et
2688 4548 2900 4607 bibens,
2932 4540 3271 4627 etrdicunt:

80 4638 239 4706 πίνων,
278 4644 372 4697 καὶ
398 4643 666 4711 λέγουσιν·
710 4642 994 4714 Δαιμόνιον
1028 4644 1158 4715 ἔχει.
1185 4638 1385 4695 Ἦλθεν
1422 4645 1451 4695 ὁ
1484 4642 1608 4706 Υἱὸς

78 4729 152 4782 τοῦ
174 4732 454 4804 ἀνθρώπου
479 4732 671 4787 ἐσθίων
699 4733 789 4789 καὶ
820 4732 1010 4801 πίνων,
1045 4735 1137 4787 καὶ
1173 4732 1438 4801 λέγουσιν·
1478 4732 1609 4785 ’ἰδοὺ

81 4820 331 4894 ἄνθρωπος
366 4826 539 4895 φάγος
566 4826 657 4879 καὶ
690 4825 969 4895 οἰνοπότης
990 4867 1005 4891 ,
1049 4819 1299 4879 τελωνῶν
1323 4825 1475 4894 φίλος
1520 4826 1613 4879 καὶ

83 4912 409 4984 ἁμαρτωλῶν.
436 4937 454 4970 ι
486 4918 623 4971 Ἀλλ’
641 4920 783 4989 ἐρεῖς
797 4915 967 4971 ταῦτα
992 4919 1110 4971 κατ’
1131 4917 1301 4989 ἀρχὰς
1325 4914 1418 4969 τοῦ
1436 4918 1613 4986 Εὐαγ-

84 5005 232 5070 γελίου
274 5009 577 5079 γίγνεσθαι,
614 5011 702 5063 ὅτε
728 5009 813 5063 διὰ
843 5005 904 5062 τὸ
940 5006 1012 5081 μὴ
1044 5008 1318 5080 νηστεύειν
1348 5010 1472 5072 τοὺς
1513 5027 1616 5080 μα-

85 5095 221 5165 θητὰς
240 5102 426 5167 αὑτοῦ,
457 5102 555 5171 τὴν
581 5103 719 5173 ὑπὲρ
748 5102 919 5156 αὐτῶν
948 5101 1237 5171 ἀπολογίαν
1279 5100 1616 5170 ποιούμενος,

86 5186 285 5254 ἔφασκεν
305 5210 318 5221 ⁸
345 5194 450 5245 «Uti
462 5192 711 5247 δύνανται
726 5198 773 5246 οἱ
796 5193 899 5248 υίοὶ
911 5194 1003 5247 τοῦ
1020 5194 1301 5265 νυμφῶνος
1317 5191 1615 5261 νηστεύειν,

87 5278 149 5345 ἐφ’
174 5281 287 5335 ὅσον
320 5284 437 5352 μετ’
463 5282 643 5335 αὐτῶν
667 5286 812 5338 ἐστιν
844 5288 871 5338 ὁ
899 5286 1128 5357 νυμφίος
1146 5301 1160 5315 ·
1187 5284 1480 5355 ἀρθήσεται
1517 5284 1610 5336 ἀπ’

88 5370 232 5425 αὑτιῖιν
272 5374 303 5425 ὁ
339 5371 594 5442 νυμφίος,
641 5373 733 5425 καὶ
770 5373 890 5428 τότε
942 5374 1336 5447 νηστεύσουσιν.
1374 5392 1393 5424 ι
1457 5374 1616 5446 Ὁρᾷς

88 5458 189 5533 γὰρ,
215 5463 287 5527 ὡς
324 5464 420 5516 καὶ
452 5461 614 5531 αὐτὸς
645 5464 909 5532 ἠπίστατο
944 5467 1033 5519 τὸν
1070 5466 1167 5535 τῆς
1207 5465 1458 5535 νηστείας
1494 5485 1616 5521 και-

91 5553 186 5621 ρόνς
210 5550 457 5609 Είτοίνυν
478 5552 567 5609 τὸν
594 5555 782 5628 καιρὸν
809 5558 900 5612 τοῦ
923 5559 1125 5619 πάθους
1151 5556 1312 5610 αὑτοῦ
1338 5558 1617 5623 συνεξετά-

103 5661 211 5711 ista;
237 5650 345 5714 τοῖς
373 5647 511 5720 μενά
538 5652 723 5721 χεῖρας
748 5652 1141 5724 προκειμένοις,
1178 5647 1356 5720 εῠροις
1378 5650 1443 5703 ἂν
1472 5653 1619 5718 ὅπως.

151 5828 183 5855 ⁸³
212 5828 398 5887 Matth.
449 5846 526 5896 ιι,
580 5831 666 5900 18,
708 5832 792 5888 19.
870 5835 915 5865 ¹¹⁶
958 5830 1145 5887 Matth.
1191 5845 1270 5895 ιε,
1317 5828 1404 5883 15.

1713 4648 1851 4701 Ecce
1882 4646 2044 4699 homo
2070 4659 2232 4699 vorax
2272 4650 2325 4697 et
2364 4650 2581 4711 potator
2610 4642 2740 4703 vini,
2773 4626 3188 4708 publicanorum
3220 4639 3280 4687 et,

1717 4743 2060 4806 peccatorum
2100 4737 2309 4789 amicus
2330 4734 2397 4787 ".
2428 4754 2446 4785 ι
2476 4733 2585 4788 Sed
2611 4732 2761 4787 dicas
2789 4730 2904 4783 haec
2929 4726 3081 4782 initio
3102 4722 3275 4775 Evano

1717 4824 1839 4893 gelii
1863 4823 2007 4877 facta
2034 4837 2176 4888 esse,
2204 4820 2425 4891 quando
2452 4838 2517 4877 eo
2538 4820 2685 4893 quod
2715 4817 2969 4889 discipuli
3003 4814 3121 4882 ejus
3166 4825 3273 4865 non

1715 4918 2052 4988 ieiunarent,
2101 4931 2201 4984 pro
2238 4916 2400 4985 ipsis,
2430 4916 2643 4986 objecta
2672 4912 2948 4983 depellens
2968 4950 2982 4973 ,
3009 4906 3222 4973 dicebat
3256 4925 3271 4961 :

1726 5028 1743 5061 ι
1806 5007 1924 5061 Non
1978 5013 2205 5077 possunt
2262 5006 2355 5061 lilii
2410 5006 2641 5060 thalami
2685 5002 2959 5073 sponsalis
3000 4998 3273 5066 jejunare,

1719 5098 1955 5170 quandiu
1996 5114 2117 5152 cum
2174 5098 2282 5153 illis
2328 5108 2410 5152 est
2459 5112 2731 5167 sponsus:
2771 5093 3044 5146 auferetur
3077 5089 3144 5141 ab
3197 5088 3275 5140 eis

1722 5206 1980 5263 sponsus,
2013 5198 2066 5245 et
2100 5200 2229 5245 tunc
2253 5190 2577 5260 jejunabunt
2600 5188 2665 5239 ⁸⁵.
2706 5205 2724 5237 ι
2760 5180 2949 5238 Viden’
2983 5178 3127 5249 quod
3162 5178 3278 5248 ipSe

1718 5299 1934 5354 quoque
1978 5283 2171 5353 jejunii
2219 5267 2429 5353 tempus
2456 5282 2624 5352 probe
2662 5276 2860 5335 sciret?
2896 5273 2951 5327 Si
2985 5288 3113 5340 ergo
3144 5282 3278 5323 tem-

1720 5391 1821 5447 pus
1863 5374 2135 5443 passionis
2187 5374 2361 5447 ipsius
2415 5388 2538 5429 cum
2588 5362 2655 5426 iis
2683 5382 2802 5437 quae
2831 5366 2942 5435 jam
2978 5372 3277 5416 tractamus

1723 5445 2455 5538 contuleris‘dcprebendes
2516 5460 2785 5534 quomodo
2834 5459 2948 5530 haec
3011 5453 3285 5522 completa.

1723 5560 1945 5625 fuerint,
1977 5562 2196 5629 quando
2254 5559 2468 5616 sublato
2507 5557 2723 5612 demum
2772 5565 2993 5622 sponso,
3024 5542 3275 5613 discipuli

1720 5652 1840 5722 ejus
1863 5652 2204 5722 jejunabant.
2232 5652 2413 5721 Neque
2441 5650 2551 5706 veri
2583 5645 2833 5704 absimile
2855 5653 2964 5707 est,
2994 5652 3115 5694 eum
3138 5648 3281 5707 prm-
