3966 6348
695 411 796 463 743

1409 403 1673 464 EUSEBII
1711 401 2187 462 CAESARIENSIS
2218 402 2364 461 OPP.
2403 401 2579 460 PARS
2616 403 2698 459 Ill.
2738 420 2808 448 έ-
2845 406 3245 463 EXEGETICA.
3794 415 3876 468 7U

693 530 962 590 videntem
1014 541 1072 581 se
1116 526 1262 580 brevi
1307 534 1429 595 post
1483 535 1721 596 tempore
1754 527 1889 596 ipsis
1935 535 2229 581 extraneun

2351 526 2516 579 ταῦτα
2546 526 2860 599 ἐπληροῦτο,
2895 529 2994 598 ὅτε,
3018 529 3197 583 λοιπὸν
3227 529 3509 601 αὶρομένου
3540 531 3634 583 τοῦ
3670 536 3874 601 νυμᾳίού

693 618 826 681 fore,
854 627 908 672 et
941 626 1111 672 totum
1156 632 1224 673 ex
1267 619 1689 673 circumcisione
1733 619 1988 687 populum
2024 618 2245 688 sangui-

693 725 813 763 nem
845 725 1001 764 suum
1035 696 1438 779 postulaturum
1465 726 1608 775 esse,
1640 709 1858 764 Petrum
1898 717 2241 780 negaturum,

2348 618 2438 670 καὶ
2466 620 2514 670 οἱ
2546 618 2778 690 μαθηταὶ
2797 619 2959 672 αὐτοῦ
2982 621 3283 695 ἐνήστευον.
3315 622 3426 688 Ἐφ’
3443 616 3524 685 οἷς
3547 623 3649 675 οὒκ
3677 625 3876 689 ἀπεικὲς

2342 703 2409 779 ἦν
2433 710 2526 762 καὶ
2559 710 2717 764 αὑτὸν
2746 711 3076 780 προορῶντα,
3103 711 3179 774 ὡς
3201 712 3393 782 μικρὸν
3413 711 3638 784 ὕστερον
3667 715 3877 785 ἀπηλλο-

692 793 745 852 et
775 799 901 852 talia
952 807 1143 878 cpntra
1188 811 1247 854 se
1295 799 1652 869 perpetranda
1694 815 1853 864 esse;
1906 809 1964 854 ut
2002 799 2229 854 l'utururr

2342 800 2635 870 τριωμένος
2665 801 2812 854 ἔσται
2855 802 3052 865 αὐτοῖς,
3085 802 3178 854 καὶ
3208 803 3282 865 ὼς
3305 802 3365 855 τὸ
3394 805 3499 855 πᾶν
3526 804 3681 871 ἔθνος⁹
3710 805 3799 858 τοῦ
3827 811 3876 859 ἐκ

690 897 836 944 esset
887 891 1136 944 tenebras
1187 891 1368 943 omnia
1427 890 1634 943 circum
1691 888 2013 951 obvolvere,
2077 891 2229 944 solcrr

2329 891 2639 960 ’περιτομῆς
2669 890 2796 944 λαοῦ
2835 891 2895 943 τὸ
2922 886 3058 961 αἷμα
3093 891 3256 944 αὐτοῦ
3290 893 3628 964 ἐξαιτήσεται
3650 935 3667 960 ,
3705 899 3791 948 καὶ
3817 901 3868 958 ὡς

690 982 863 1050 ipsum
895 980 1200 1042 obscurari,
1248 981 1425 1035 velum
1472 980 1654 1047 templi
1706 980 1902 1042 scindi,
1957 982 2229 1049 omniaque

2341 983 2543 1054 Πέτρος
2567 982 2722 1035 αὑτὸν
2752 984 3062 1053 ἀρνήσεται,
3096 985 3189 1037 καὶ
3209 984 3428 1039 τοιαῦτα
3447 988 3566 1039 κατ’
3587 989 3753 1040 αὑτοῦ
3779 990 3871 1040 τολ-

686 1075 813 1127 olim
842 1074 896 1127 in
927 1070 1126 1128 lsraele
1158 1071 1464 1126 veneranda
1495 1073 1696 1136 everti;
1725 1070 1976 1126 nimirum
2017 1087 2229 1142 regnum

2342 1074 2661 1144 μηθήσεται,
2685 1071 2825 1126 ὥστε
2861 1060 3041 1138 σκότος
3073 1074 3341 1128 διαλαϐεῖν
3371 1076 3428 1129 τὸ
3453 1079 3728 1148 περιέχον,
3749 1080 3872 1148 ἥλιόν

686 1165 1273 1229 eorum,sacerdotium
1297 1173 1350 1217 et
1381 1163 1576 1218 Sancta
1608 1173 1948 1229 sanctorum;
1979 1165 2240 1218 omnium-

686 1272 790 1325 que
824 1271 1009 1310 eorum
1050 1254 1410 1322 abjectionem
1447 1261 1501 1308 et
1541 1253 1808 1307 excidium
1839 1253 2123 1308 confertim
2156 1254 2238 1309 fu-
2268 1245 2276 1254 ’

686 1354 866 1400 turum
897 1363 911 1399 :
947 1359 1056 1397 non
1085 1343 1218 1406 veri,
1250 1343 1495 1411 inquamq
1517 1343 1764 1398 absimile
1803 1351 1906 1406 est,
1937 1344 2110 1414 ipsum
2145 1345 2237 1399 ho-

2336 1181 2396 1216 τε
2425 1163 2584 1217 αὑτὸν
2616 1164 2957 1234 σκοτισθῆναι
2980 1208 2993 1228 ,
3023 1167 3116 1218 καὶ
3148 1166 3208 1218 τὸ
3240 1168 3636 1238 καταπέτασμα
3669 1170 3761 1222 τοῦ
3789 1170 3872 1222 νεὼ

2339 1255 2649 1325 σχισθῆναι,
2708 1257 3074 1327 ἀνατραπῆναὶ
3120 1274 3178 1310 τε
3240 1259 3415 1310 πάντα
3473 1259 3541 1312 τά
3580 1261 3747 1313 πάλαι
3796 1262 3868 1313 τοῦ

2347 1345 2556 1416 Ἰσραὴλ
2589 1345 2777 1415 σεμνὰ,
2812 1345 2951 1414 λέγω
2981 1345 3036 1398 δὲ
3059 1345 3155 1417 τὴν
3183 1346 3448 1416 βασιλείαν
3469 1349 3648 1402 αὐτῶν
3684 1349 3774 1403 καὶ
3793 1353 3868 1418 τὴν

683 1451 804 1490 rum
827 1451 990 1490 causa
1015 1444 1319 1490 macerasse
1355 1437 1408 1489 in
1433 1436 1641 1505 jejunio
1685 1438 1918 1491 animam
1971 1454 2145 1503 suam,
2179 1448 2229 1494 et

2339 1436 2628 1508 ἱερωσύνην
2663 1437 2754 1488 καὶ
2787 1435 2856 1489 τὰ
2879 1439 3039 1506 ’Ἅγια
3067 1438 3173 1490 τῶν
3205 1439 3393 1506 ἁγίων·
3425 1441 3641 1493 πάντων
3679 1458 3734 1492 τε
3769 1441 3869 1492 τού-

682 1529 932 1598 posuisse
965 1529 1342 1582 vestimentum
1373 1543 1530 1581 suum
1562 1543 1804 1583 saccum.
1845 1529 1963 1594 Qua
1987 1531 2053 1584 de
2072 1547 2229 1598 causa

2335 1547 2442 1584 των
2475 1528 2738 1598 ἀποϐολὴν
2776 1530 2869 1581 καὶ
2893 1530 3197 1602 ἀνατροπὴν
3230 1530 3427 1602 ἀθρόαν
3455 1531 3740 1600 γενέσθαι*
3769 1533 3868 1584 τούκ

682 1620 833 1689 impii
860 1620 1104 1674 homines
1127 1620 1299 1688 ipsum
1330 1620 1644 1683 irridebant,
1668 1620 1794 1674 dum
1830 1622 1947 1676 loco
1970 1625 2229 1693 parabole

2334 1638 2438 1674 των
2469 1619 2630 1674 ἕνεκα
2667 1622 2764 1674 ούκ
2805 1622 3029 1684 ἀπεικὸς
3060 1618 3126 1693 ἦν
3162 1622 3320 1674 αὑτὸν
3354 1625 3673 1674 καταπονεῖν
3701 1625 3756 1674 ἐν
3790 1641 3865 1691 νη-

682 1707 931 1763 futilihus
954 1710 1068 1763 suis
1100 1709 1441 1763 sermonibus
1487 1719 1847 1779 nugarentur;
1876 1711 2099 1782 alioque
2127 1712 2229 1767 diei

2336 1713 2486 1783 στείᾳ
2516 1713 2607 1784 τὴν
2642 1712 2816 1783 ψυχὴν
2838 1712 3021 1775 αὑτοῦ,
3054 1713 3147 1766 καὶ
3169 1712 3371 1765 τιθέναι
3396 1711 3456 1764 τδ
3492 1713 3697 1782 ἔνδυμα
3725 1715 3864 1766 αὐτοῦ

682 1813 922 1870 tempore
952 1801 1003 1854 in
1038 1803 1204 1870 portis
1251 1802 1486 1867 collecti,
1516 1818 1610 1856 eos
1635 1803 1728 1871 qui
1762 1804 2108 1871 praeteribant
2139 1820 2229 1874 per

2336 1805 2534 1858 σάκκον
2572 1807 2656 1872 ἐφ’
2683 1799 2727 1872 ᾧ
2756 1806 2846 1857 καὶ
2883 1789 3164 1875 ἐχλεύαζον
3198 1804 3358 1856 αὐτὸν
3389 1807 3435 1857 οἱ
3481 1805 3697 1867 ἀσεϐεῖς
3724 1845 3737 1868 ,
3769 1805 3866 1857 ἀντὶ

679 1894 978 1948 calumnias
1027 1894 1081 1946 in
1134 1893 1306 1961 ipsuru
1351 1901 1587 1947 structas
1626 1894 1681 1945 in
1715 1908 1972 1953 errorem,
1999 1894 2229 1950 deduce-

2335 1893 2642 1967 παραϐολῆς
2661 1899 2778 1959 ταῖς
2810 1893 2925 1949 κατ’
2952 1895 3114 1949 αὐτοῦ
3130 1897 3438 1967 διηγήσεσιν
3457 1897 3864 1966 ἀδολεσχοῦντες⁸

677 1998 832 2054 rent;
876 1995 1118 2057 tempore
1151 1993 1331 2038 autem
1363 1984 1490 2047 cibi,
1522 1985 1648 2038 vino
1678 1993 1730 2038 et
1752 1984 2001 2039 ebrietati
2035 2002 2232 2040 vacan~

678 2093 778 2142 tes.
807 2081 1106 2136 cantilenas
1157 2085 1346 2131 contra
1396 2077 1569 2139 ipsum
1616 2077 1860 2131 ederent.
1913 2077 2090 2144 Quare
2143 2079 2230 2134 ille

676 2173 1039 2245 operiebat‘in
1078 2170 1287 2238 jejunio
1320 2168 1552 2221 aniuum
1585 2184 1763 2233 suam,
1795 2178 1849 2224 et
1894 2172 2127 2241 ponebat
2153 2174 2230 2227 in-

676 2265 993 2318 dumentum
1043 2274 1199 2314 suum
1237 2273 1478 2317 saccum,
1513 2259 1675 2327 idque
1697 2275 1796 2328 pro
1825 2260 2052 2316 aliorum
2086 2264 2230 2318 salu-

675 2363 729 2408 te
757 2368 824 2415 ει
848 2352 1106 2406 bonitatis
1133 2351 1513 2418 exsuperantia
1545 2351 1850 2419 praestabat.

2334 1989 2531 2042 καὶτὸν
2551 1989 2645 2058 μὲν
2673 1988 2826 2044 ἀλλον
2845 1989 3031 2059 καιρὸν
3056 1987 3154 2058 τῇς
3180 1989 3410 2059 ἡμέρας,
3438 1991 3494 2041 ἐν
3525 1991 3642 2050 ταῖς
3694 1989 3866 2049 πύλαις

2336 2080 2714 2149 συναγόμενοι,
2735 2080 2858 2142 τοὺς
2891 2079 2956 2131 δι’
2984 2080 3164 2133 ,αὐτῶν
3204 2080 3578 2151 διερχομένους
3610 2083 3735 2143 ταῖς
3766 2080 3865 2132 κατ’

2333 2167 2495 2220 αὑτοῦ
2527 2167 2794 2229 διαϐολαῖς
2814 2166 3075 2222 ἐπλάνωψ
3108 2169 3164 2220 ἐν
3186 2168 3241 2220 δὲ
3259 2169 3334 2238 τῷ
3350 2168 3526 2240 καιρῷ
3547 2170 3645 2237 τῆς
3662 2170 3865 2238 τροφῆς,

2334 2263 2457 2331 οῐνῳ
2489 2260 2580 2313 καὶ
2623 2259 2758 2332 μέθῃ
2793 2259 3158 2329 σχολάζοντες,
3196 2257 3335 2329 ᾠδὰς
3382 2262 3724 2314 συνετίθεσαν
3768 2265 3866 2315 κατ’

2333 2335 2513 2406 αὺτοῦ.
2545 2351 2633 2404 Διὸ
2659 2351 2878 2405 συνεκά)
2891 2367 3053 2404 υπτεν
3080 2353 3136 2404 ἐν
3165 2352 3380 2422 νηστείᾳ
3398 2353 3494 2423 τὴν
3507 2353 3683 2423 ψυχὴν
3703 2353 3866 2420 αὑτοῦ,

675 2444 771 2497 καὶ
801 2442 1004 2496 ἐτίθετο
1033 2441 1093 2494 τὸ
1159 2440 1360 2510 ἔνδυμα
1406 2441 1567 2495 αὑτοῦ
1603 2443 1831 2508 σάκκον,
1899 2444 2037 2514 ὑπὲρ
2075 2437 2172 2516 τῆς
2233 2446 2432 2518 ἐτέρων
2479 2445 2777 2515 σωτηρίας,
2821 2443 2887 2497 δι’
2935 2444 3234 2516 ὑπερϐολὴν
3277 2444 3685 2518 φιλανθρωπίας
3717 2445 3866 2497 ταῦτα

676 2540 948 2608 πράττων.

747 2655 913 2711 Vens.
939 2653 1023 2732 ﬂ_.
1055 2671 1074 2704 ι
1095 2651 1204 2722 Ego
1237 2667 1366 2707 vero
1389 2653 1688 2707 orationem
1718 2668 1892 2708 meam
1920 2655 1986 2709 ad
2021 2663 2090 2719 te,
2125 2655 2225 2709 Do.

675 2749 840 2812 mine,
873 2754 1085 2825 tempus
1139 2746 1480 2814 beneplaciti,
1525 2744 1706 2801 Deus:
1767 2746 1846 2800 ln'
1884 2747 2226 2802 multitudine

673 2839 1054 2900 misericordia
1081 2845 1185 2891 tua:
1207 2837 1398 2892 exaudi
1430 2853 1532 2892 me.
1575 2857 1594 2890 ›
1628 2837 1708 2891 11ιὶ
1742 2839 1979 2908 quidem,
2005 2841 2098 2904 ait,
2132 2840 2226 2893 de-

671 2930 937 2992 ridebant,
980 2927 1434 2993 alﬂictionemque
1477 2940 1649 2978 meam
1689 2926 2062 2979 traducebant.
2114 2926 2225 2995 Ego

671 3038 798 3076 vero
831 3019 1262 3090 perseverabam,
1294 3017 1590 3070 orationem
1641 3026 1815 3071 meam
1845 3017 1945 3071 tibi
1998 3017 2224 3071 Domino

670 3113 922 3169 offerens.
954 3111 1218 3165 Observes
1264 3123 1428 3178 porro
1479 3109 1658 3173 velim,
1702 3103 2020 3163 Hebraicam
2081 3107 2224 3165 Scri-

676 3211 889 3274 pturam
918 3203 1006 3256 hic
1032 3216 1245 3270 quoque
1275 3207 1508 3269 quatuor
1553 3200 1854 3254 litterarum
1880 3215 2011 3264 voce
2037 3201 2220 3255 Dom!-

675 3313 802 3350 num
835 3295 1154 3364 exprimere.
1182 3291 1256 3346 Te
1283 3309 1412 3348 vero
1446 3290 1732 3346 Dominum
1764 3292 2062 3362 deprecans
2086 3292 2227 3348 dice-

671 3388 796 3442 bam
831 3405 843 3440 :
880 3405 897 3436 ι
935 3385 1171 3454 Tempus
1206 3384 1552 3453 beneplaciti,
1583 3380 1765 3447 Deus;
1808 3402 1826 3435 ›
1861 3383 1999 3447 sive,
2030 3395 2227 3437 secun—

672 3479 798 3533 dum
822 3475 1201 3548 Symmachum
1227 3491 1240 3528 :
1269 3492 1286 3524 ι
1307 3473 1541 3543 Tempus
1565 3472 2043 3527 reconciliationis.
2062 3470 2222 3533 Deus,

671 3571 726 3624 in
749 3568 1090 3625 multitudine
1125 3565 1514 3619 misericordia:
1551 3572 1658 3617 tua:
1677 3563 1872 3617 exaudi
1906 3578 2010 3617 me.
2047 3581 2064 3614 ι
2093 3560 2224 3616 Nam

671 3663 716 3716 si
747 3660 878 3714 alias
912 3675 1010 3713 vox
1044 3665 1136 3709 tua
1174 3654 1350 3709 Patris
1373 3655 1477 3708 mei
1509 3654 1641 3707 mihi
1663 3653 1777 3707 haec
1799 3652 2080 3709 testiﬁcata
2108 3659 2221 3706 est:

677 3773 695 3803 ‹
738 3751 835 3805 Hic
867 3759 949 3805 est
987 3749 1156 3802 Filius
1205 3762 1358 3801 meus
1405 3745 1635 3800 dilectus
1681 3745 1735 3798 in
1771 3759 1877 3815 quo
1926 3744 2057 3811 mihi
2090 3744 2226 3798 bene

671 3843 970 3913 complacui
1010 3843 1090 3909 ’5;
1134 3860 1151 3893 ι
1188 3853 1334 3894 nunc
1371 3838 1606 3892 maxime
1635 3847 1845 3907 tempus
1895 3833 2222 3906 'beneplaciti

669 3944 756 3990 est
791 3949 997 4002 :quare
1025 3947 1218 4002 precor
1264 3939 1325 3984 ut
1357 3932 1412 3984 in
1460 3928 1804 3982 multitudine
1840 3926 2225 3981 misericordiae

670 4032 780 4077 tua;
809 4022 1066 4076 exaudias
1096 4038 1197 4086 me,
1227 4014 1281 4075 et
1314 4021 1366 4072 in
1414 4019 1641 4073 veritate
1683 4018 1876 4072 salutis
1908 4024 2015 4070 tua?
2040 4030 2223 4070 serves

669 4130 774 4170 me.
824 4111 942 4172 Non
989 4114 1278 4165 humanam
1326 4113 1523 4180 quippe
1573 4109 1788 4178 postulo
1844 4109 2092 4170 salutem,
2129 4105 2224 4160 sed

668 4222 871 4261 veram.
903 4205 1049 4258 Talis
1074 4201 1237 4273 porro
1264 4211 1347 4257 est
1388 4217 1507 4271 quae
1535 4218 1602 4256 ex
1625 4211 1678 4255 te
1706 4199 1973 4270 provenit,
2003 4212 2108 4268 qua
2138 4211 2224 4249 me

669 4313 801 4368 rogo
851 4297 986 4365 eripi
1039 4310 1069 4348 a
1100 4296 1215 4347 luto
1247 4302 1308 4346 ut
1351 4308 1460 4346 non
1505 4291 1716 4361 infigar.
1745 4291 1926 4359 A‘quo
1951 4290 2084 4354 luto,
2117 4286 2224 4341 nisi

669 4387 737 4441 de
773 4385 1155 4456 quosuperius
1181 4381 1463 4436 dicebam:
1513 4397 1531 4430 ι
1580 4379 1780 4432 lniixus
1823 4392 1941 4432 sum
1992 4377 2048 4429 in
2097 4375 2224 4428 limo

668 4479 941 4551 profundi,
977 4487 1028 4531 et
1059 4491 1163 4529 non
1187 4485 1270 4530 est
1300 4473 1632 4528 substantia?
1659 4490 1676 4522 ι
1701 4469 1831 4524 Nam
1859 4470 1949 4539 qui
1974 4468 2222 4537 superius

669 4575 833 4648 limus
882 4568 1148 4639 profundi
1195 4568 1374 4621 dictus
1431 4574 1544 4627 est,
1603 4564 1692 4617 hic
1748 4563 1919 4616 lutum
1971 4569 2220 4614 vocatur.
2251 4600 2294 4654 Β

669 4663 766 4720 His
850 4677 1007 4732 porro
1084 4661 1347 4729 signiﬁcat
1439 4657 1765 4713 solutionem
1839 4654 2082 4723 corporis
2167 4652 2220 4704 in
2252 4652 2272 4692 '-

669 4763 876 4818 morte,
940 4754 1006 4807 de
1063 4768 1168 4822 qua
1231 4753 1288 4804 in
1355 4752 1460 4803 alio
1505 4751 1585 4804 sic
1632 4747 2000 4817 loquebatur:
2037 4762 2056 4795 ι
2103 4741 2220 4795 Νοιι

669 4850 1014 4916 derelinques
1054 4844 1288 4898 animam
1343 4856 1516 4897 meam
1561 4841 1616 4894 in
1665 4839 1903 4900 inferno,
1928 4851 2028 4890 nec
2066 4833 2222 4888 dabis

668 4949 916 4999 sanctum
942 4946 1091 4991 tuum
1124 4935 1309 4990 videre
1332 4933 1735 5002 corruptionem
1766 4931 1831 4983 '°.
1875 4948 1893 4980 ι
1928 4927 2030 4992 Qui
2060 4925 2223 4996 igitur

670 5049 700 5086 a
734 5039 908 5086 morte
934 5027 1263 5091 detinentur,
1311 5025 1712 5094 corruptionem
1754 5020 1924 5091 passi,
1965 5019 2019 5072 in
2050 5031 2220 5086 eaque

669 5124 973 5186 constituti,
1009 5135 1129 5176 cum
1165 5121 1220 5173 in
1262 5134 1324 5174 ea
1353 5114 1784 5188 permanserint,
1814 5110 1961 5164 inﬁxi
1995 5119 2122 5164 sunt
2165 5110 2220 5163 in

668 5217 783 5269 luto
817 5234 830 5269 :
862 5229 960 5284 ego
991 5226 1117 5266 vero
1145 5209 1359 5264 etiamsi
1404 5204 1796 5266 descenderim,
1826 5201 1890 5255 ad
1927 5201 2096 5254 lutum
2129 5215 2219 5254 us-

670 5322 773 5378 que
805 5305 1096 5358 humilians
1131 5302 1415 5370 meipsum,
1442 5312 1635 5368 precor
1672 5304 1850 5378 tamen
1883 5293 1967 5347 his
1997 5293 2175 5348 verbis
2202 5311 2214 5345 :

2403 2669 2420 2700 ι
2459 2646 2625 2717 Κάγὼ
2646 2648 2701 2714 δέ
2724 2649 2756 2717 ή
2785 2648 3051 2718 προσευχή
3078 2665 3175 2717 μου
3216 2646 3349 2718 πρὸς
3377 2648 3456 2714 σὲ,
3479 2649 3673 2721 Κύριε,
3697 2669 3866 2723 καιρος

2328 2739 2588 2803 εὐδοκίας,
2626 2741 2654 2791 ὁ
2680 2738 2840 2801 Θεός⁴
2870 2739 2927 2817 ἐν
2965 2738 3042 2808 τῷ
3072 2739 3262 2809 πλήθει
3288 2740 3381 2793 τοῦ
3415 2741 3595 2802 ἐλέους
3625 2758 3719 2794 σου
3750 2745 3866 2795 ἑπά-

2328 2825 2518 2877 κουσόν
2555 2842 2673 2894 μου.
2709 2845 2727 2878 ι
2762 2827 2824 2879 Οἱ
2857 2826 2954 2896 μὲν
3007 2827 3317 2896 ἐχλεύαζον,
3345 2831 3495 2899 φησὶ,
3515 2831 3611 2883 καὶ
3639 2832 3864 2902 διέσυρον

2330 2916 2427 2979 τὰς
2476 2915 2613 2985 ἐμὰς
2658 2914 2944 2979 κακώσεις·
2993 2916 3103 2984 ἐγὼ
3151 2917 3206 2969 δὲ
3263 2921 3751 2991 προσεκαρτέρουν,
3783 2923 3863 2992 τὴν

2329 3008 2468 3077 ἐμὴν
2500 3007 2800 3077 προσευχήν
2826 3022 2906 3059 σοι
2935 3006 3014 3076 τῷ
3035 3007 3220 3077 Κυρίῳ
3238 3010 3679 3080 προσαναφέρων.
3715 3014 3862 3082 Τήρει

2326 3099 2402 3163 δὲ,
2437 3098 2510 3162 ὡς
2546 3098 2637 3150 καὶ
2670 3097 2896 3150 ἐνταῦθα
2929 3097 3019 3150 τὸν
3055 3098 3254 3168 Κύριον
3285 3099 3368 3152 διὰ
3397 3099 3489 3152 τοῦ
3532 3104 3861 3172 τετραγράμ-

2329 3207 2430 3260 μου
2463 3191 2494 3260 ὴ
2534 3189 2790 3261 Ἑϐραῖκὴ
2820 3191 3232 3261 ἐπισημαίνεται
3263 3194 3466 3263 γραφή,
3493 3194 3789 3264 Εὐχάμενος
3816 3196 3861 3247 δὲ

2327 3285 2460 3356 πρὸς
2489 3284 2546 3336 σὲ
2568 3284 2656 3336 τὸν
2686 3282 2886 3354 Κύριον
2903 3283 3072 3337 ταῦτα
3092 3283 3293 3352 ἐλεγον⁴
3337 3305 3355 3337 ι
3382 3287 3584 3356 Καιρδς
3615 3287 3860 3347 εὐδοκίας,

2325 3375 2355 3426 ὁ
2389 3374 2537 3438 Θεόςο
2573 3395 2590 3427 ι
2620 3360 2842 3445 ἢ,’κατά
2871 3376 2960 3428 τὸν
2974 3375 3282 3446 Σύμμαχον·
3319 3377 3545 3448 ςκαιρὸς
3570 3377 3859 3445 διαλλαγῆς.

2338 3466 2393 3526 '0
2410 3465 2559 3531 Θεὸς,
2588 3468 2644 3520 ἐν
2669 3467 2744 3538 τῷ
2759 3466 3057 3539 πλήθειτοῦ
3079 3467 3260 3531 ἐλέους
3274 3485 3365 3521 σου
3386 3469 3685 3522 ἐπάκουσύν
3707 3486 3820 3538 μου.
3842 3487 3856 3518 ι

2326 3557 2388 3612 El
2413 3558 2519 3630 γάρ
2555 3558 2648 3612 καί
2681 3560 2807 3611 ποτε
2830 3557 3014 3611 ἄλλοτε
3043 3559 3160 3630 ήσὴ
3176 3557 3267 3611 τοῦ
3295 3558 3504 3629 Πατρὸς
3536 3560 3861 3631 ἐμαρτύρησε

2321 3652 2473 3722 φωνὴ
2507 3652 2751 3720 λέγουσα·
2795 3671 2813 3704 ι
2839 3646 3004 3715 Οὗτός
3030 3655 3174 3705 ἐστιν
3193 3654 3220 3704 ὁ
3252 3652 3375 3715 Υἱός
3405 3670 3501 3721 μου
3531 3656 3557 3705 ὁ
3576 3653 3857 3723 ἀγαπητὸς.

2323 3748 2380 3800 ἐν
2404 3741 2447 3814 ᾧ
2476 3746 2768 3817 ηὑδόκησα.
2800 3764 2819 3798 ι
2867 3745 3025 3798 Ἀλλά
3049 3746 3142 3798 νῦν
3174 3745 3404 3815 μάλιστα
3428 3746 3616 3815 καιρός
3650 3749 3764 3799 ἐστι
3780 3748 3861 3814 τῆς

2323 3837 2585 3900 εὐδοκίας·
2613 3835 2692 3888 διὸ
2723 3834 2947 3888 ἱκετεύω
2977 3838 3034 3888 ἐν
3083 3835 3159 3905 τῷ
3199 3835 3386 3905 πλήθει
3419 3835 3511 3888 τοῦ
3553 3837 3739 3899 ἐλέους
3781 3853 3857 3888 σου

2323 3926 2621 3980 ἐπακοῦσαὶ
2648 3942 2770 3996 μου,
2797 3925 2890 3978 καὶ
2918 3921 2974 3980 ἐν
2995 3923 3218 3995 ἀληθείᾳ
3235 3924 3334 3995 τῆς
3356 3924 3623 3994 σωτηρίας
3647 3941 3744 3977 σου
3772 3925 3858 3976 σῶα

2325 4014 2411 4067 σαί
2441 4032 2526 4085 με.
2561 4015 2633 4068 Οὐ
2670 4014 2778 4084 γὰρ
2807 4013 3154 4085 ,ἀνθρωπίνης
3185 4014 3381 4084 δέομαι-
3402 4014 3708 4084 σωτηρίας,
3741 4013 3857 4067 ἀλλὰ

2322 4105 2416 4175 τῆς
2437 4105 2683 4176 ἀληθοῦς·
2721 4104 2951 4172 Τοιαύτη
2988 4104 3045 4157 δέ
3079 4105 3224 4157 ἐστιν
3321 4103 3470 4175 παρὰ
3509 4102 3621 4167 σοῦ,
3655 4103 3774 4157 καθ’
3805 4104 3858 4170 ἦν

2325 4195 2557 4264 σωθῆναι
2577 4195 2798 4248 ἱκετεύω
2810 4195 2916 4249 ἀπὸ
2937 4193 3126 4265 πηλοῦ,
3146 4195 3235 4248 ἵνα
3263 4196 3335 4266 μὴ
3362 4195 3609 4266 ἐμπαγῶ.
3646 4193 3854 4247 Ποίουδὲ

2323 4285 2515 4354 πηλοῦ,
2530 4286 2561 4355 ἢ
2589 4304 2655 4338 πε
2663 4289 2715 4356 pl.
2726 4280 2786 4338 οὗ
2799 4287 3048 4358 ἀνωτέρω
3066 4286 3266 4354 ελεγον·
3294 4306 3312 4338 ι
3335 4288 3630 4358 Ἐνεπάγην
3646 4289 3727 4350 εἰς
3744 4286 3855 4350 ὕλην

2324 4372 2504 4445 βυθοῦ,
2529 4366 2620 4428 καὶ
2647 4378 2746 4428 οὐκ
2762 4376 2903 4429 ἐστιν
2925 4378 3212 4440 ὑπόστασις
3231 4394 3245 4442 ;
3274 4397 3292 4429 ι
3312 4377 3374 4431 Ἦ
3398 4377 3504 4446 γὰρ
3521 4379 3774 4450 ἀνωτέρω
3786 4377 3855 4427 λε-

2322 4466 2507 4537 χθεῖσα
2527 4467 2638 4528 ίλὺς
2656 4466 2814 4537 βυθοῦ
2836 4467 3066 4521 ἐνταῦθα
3081 4467 3246 4537 πηλθς
3267 4467 3599 4537 ὠνόμασται.
3613 4469 3689 4537 Ση
3700 4469 3853 4536 μαίνει

2323 4558 2378 4610 δὲ
2402 4558 2486 4610 διὰ
2506 4556 2703 4610 τούτων
2727 4557 2823 4629 τὴν
2852 4557 2944 4611 τοῦ
2990 4556 3235 4628 σώματος
3255 4559 3323 4634 ,ἐν
3362 4557 3439 4628 τῷ
3464 4557 3675 4626 θανάτῳ
3703 4556 3836 4609 λύσιν

2323 4649 2449 4720 περὶ
2496 4645 2562 4720 ἦς
2619 4651 2675 4702 ἐν
2731 4644 2900 4721 ἑτέρῳ
2940 4649 3173 4717 ἐφασκεν
3203 4666 3217 4678 ·
3257 4667 3276 4700 ι
3327 4649 3439 4702 Ούκ
3470 4648 3852 4716 ἐγκαταλείψεις

2320 4740 2418 4809 τὴν
2468 4736 2641 4810 ψυχήν
2695 4758 2794 4810 μου
2844 4731 2923 4793 εἰς
2971 4741 3058 4794 τὸν
3123 4740 3253 4812 ᾅδην
3281 4776 3297 4806 ,
3359 4739 3478 4791 οὐδὲ
3534 4737 3725 4800 δώσεις
3781 4739 3852 4789 τὸν

2320 4831 2459 4884 ὅσιόν
2502 4849 2604 4886 σου
2655 4833 2778 4884 ἱδεῐν
2827 4831 3136 4904 διαφθοράν.
3180 4850 3199 4883 ι
3243 4832 3307 4884 Οἱ
3346 4829 3444 4900 μὲν
3487 4825 3577 4882 οὖν
3627 4830 3734 4882 ὑπὸ
3776 4828 3851 4880 τοῦ

2321 4923 2547 4977 θανάτου
2594 4924 2969 4996 κρατηθέντες,
3007 4922 3298 4994 διαφθορὰν
3340 4921 3726 4993 ὑπομείναντες
3780 4923 3853 4973 καὶ

2320 5015 2376 5066 ἐν
2412 5015 2582 5087 φθορᾷ
2615 5016 2910 5086 γενόμενοι,
2945 5013 3390 5085 ἐναπομεὶναντές
3412 5029 3472 5066 τε
3501 5013 3660 5082 αὐτῇ,
3683 5008 3852 5064 Eveni-

2319 5123 2491 5174 γησαν
2513 5110 2592 5170 εἱς
2622 5107 2711 5160 τὸν
2743 5106 2929 5177 πηλόν.
2970 5105 3109 5174 Ἐγὼ
3138 5104 3194 5158 δὲ
3226 5105 3276 5156 εἱ
3300 5104 3393 5157 καὶ
3415 5102 3680 5174 κατῆλθον
3707 5098 3849 5153 κενώ-

2325 5215 2421 5261 σας
2467 5198 2694 5269 ἐμαυτὸν
2755 5197 2911 5270 μέχρι
2956 5197 3176 5251 τούτου·
3228 5195 3358 5250 ἀλλ’
3388 5195 3609 5248 ἱκετεύω
3656 5194 3847 5261 ’λέγων’

2330 5309 2347 5341 ι
2373 5290 2550 5344 Σῶσόν
2581 5289 2768 5362 μεάπδ
2789 5288 2980 5360 πηλοῦ,
3004 5290 3091 5344 ἵνα
3126 5287 3198 5360 μὴ
3226 5287 3473 5359 ἐμπαγῶ.
3503 5306 3521 5337 ι
3547 5285 3624 5339 Τὰ
3657 5285 3715 5338 δὲ
3746 5284 3847 5351 ἑξῆς

675 5375 701 5450 ξ
739 5397 896 5466 Eripe
925 5410 1008 5448 me
1042 5395 1108 5449 de
1153 5394 1380 5456 luto,'ut
1426 5404 1534 5443 non
1583 5377 1804 5458 inligar.‘
1833 5404 1852 5436 ι
1879 5382 2009 5448 Quae
2048 5399 2209 5453 porro

2327 5379 2667 5453 ἐπιλεγόμενα
2697 5381 2794 5445 τὰς
2828 5384 2884 5434 ἐν
2915 5380 3060 5464 αὐ.τῷ
3086 5381 3162 5451 τῷ
3192 5375 3400 5450 θανάτῳ
3432 5377 3687 5448 δυνάμεις
3733 5389 3848 5442 παρ-

672 5489 1093 5557 subsequuntur,
1119 5484 1341 5536 virtutes
1363 5480 1418 5534 in
1446 5480 1561 5548 ipsa
1584 5485 1755 5531 morte
1783 5475 1915 5529 sitas
1931 5474 2209 5541 denotant,

2318 5476 2550 5545 ἐστησιν·
2582 5477 2672 5546 ἀφ’
2697 5469 2771 5530 ὧν
2815 5454 3072 5544 ρυσθῆναι
3103 5473 3314 5545 εῦχεται
3345 5473 3532 5541 λέγων’
3553 5489 3572 5522 ι
3595 5466 3846 5534 Ῥυσθεέην

671 5597 700 5634 a
729 5581 922 5650 quibus
952 5579 1081 5647 eripi
1113 5593 1170 5630 se
1203 5583 1352 5646 rogat
1382 5571 1568 5626 dicens
1595 5586 1608 5622 :
1640 5587 1658 5620 ι
1697 5567 1915 5622 Liberer
1939 5566 2008 5620 ab
2033 5567 2098 5620 iis
2121 5566 2211 5636 qui

2327 5568 2379 5619 ix
2399 5568 2505 5620 τῶν
2530 5568 2823 5639 μισούντων
2853 5584 2916 5636 με
2945 5567 3037 5620 καὶ
3061 5568 3124 5620 ἐκ
3150 5565 3259 5619 τῶν
3281 5563 3482 5634 βαθέων
3511 5562 3617 5617 τῶν
3643 5559 3840 5614 ὑδάτων.

671 5673 902 5727 oderunt
927 5686 1032 5732 me,
1064 5677 1117 5723 et
1152 5667 1216 5723 de
1246 5663 1528 5736 profundis
1553 5674 1835 5732 aquarum.
1864 5655 1977 5712 Non
2013 5674 2096 5714 me
2121 5659 2214 5714 de—

751 5856 793 5889 "
824 5852 1004 5907 Matth.
1049 5867 1130 5916 ιιι,
1175 5850 1268 5933 17',
1301 5865 1431 5916 xvu,
1459 5848 1509 5901 ὅ.
1587 5845 1629 5875 ’⁸
1669 5842 1812 5897 Psal.
1854 5857 1939 5907 xv,
1982 5841 2067 5894 10.

2317 5659 2404 5729 Μή
2432 5676 2497 5729 με
2524 5659 2963 5712 καταποπισάτω
2999 5657 3248 5726 καταιγὶς
3289 5655 3496 5720 ὓδατος,
3535 5652 3667 5724 μηδὲ
3703 5664 3845 5704 πται
