3966 6348
117 499 233 559 us
293 460 303 469 ’

1238 503 1734 561 (ἷΟΠΠΕΝΤᾹῐὶΙΑ
1772 506 1838 560 IN
1877 506 2208 562 PSALIIOS.

3210 517 3308 575 ηδ
3336 512 3345 521 .

111 623 294 676 πιέτω
320 638 385 693 με
414 620 585 691 βυθός.
618 639 635 671 ο
674 620 850 675 Ταῦτα
878 622 932 675 δὲ
957 622 1023 676 τὰ
1057 623 1215 679 ὕδατα
1241 627 1292 678 οἵ
1321 642 1377 679 τε
1403 630 1459 679 ὲν
1484 627 1659 691 αὐτοῖς

1762 639 1964 700 mergat
1991 635 2285 698 tempestas
2315 641 2482 697 aqua,
2528 645 2698 700 neque
2743 630 3030 686 absorbeat
3072 646 3156 686 me
3181 646 3309 703 pro-

108 712 404 779 δράκοντες
437 712 525 764 καὶ
571 712 654 765 διὰ
701 711 805 764 τῶν
852 712 1152 784 ἔμπροσθεν
1206 716 1499 786 ὲδηλοῦντο,
1527 720 1664 772 κατὰ

110 802 204 851 τό·
251 822 269 853 ι
304 802 480 855 Emam
510 820 595 872 με,
629 804 657 854 ὁ
683 802 830 865 Θεὸς,
873 806 953 855 ὅτι
993 805 1301 876 είσήλθοσαν
1360 807 1521 861 ὕδατα
1562 810 1663 873 ἓως

108 894 293 965 ψυχῆς
332 912 457 964 μου·
494 894 787 965 Ἐνεπὰγην
821 896 898 958 εἰς
923 893 1051 965 ὓλην
1077 896 1254 966 βυθοῦ,
1280 898 1371 951 καὶ
1394 898 1490 951 οὐκ
1520 887 1663 953 ἐστιν

109 984 430 1048 ὑπόστασις
462 981 659 1038 ’Ἦλθον
721 987 799 1048 εἰς
855 985 924 1038 τὰ
956 987 1090 1059 βάθη
1124 989 1222 1057 τῆς
1255 988 1540 1061 θαλάσσης,
1572 990 1665 1043 καὶ

107 1078 371 1145 καταιγίς
403 1076 745 1130 κατεπόντισέ
781 1094 866 1146 με.
900 1098 919 1128 ο
973 1077 1128 1131 Ἀλλὰ
1159 1078 1245 1132 διά
1280 1080 1375 1149 μὲν
1396 1080 1497 1132 τῶν
1530 1098 1663 1150 προ-

105 1169 289 1240 τέρων
318 1169 413 1239 τὴν
441 1168 657 1221 κάθοδον
695 1168 854 1221 αὐτοῦ
884 1168 979 1239 τὴν
1008 1172 1084 1233 είς
1113 1170 1280 1225 ταῦτα
1306 1163 1557 1243 παρίστη,
1581 1173 1665 1226 διὰ

103 1256 164 1309 δὲ
192 1257 307 1311 τῶν
337 1258 469 1328 μετὰ
497 1260 677 1329 χεῖρας
698 1256 930 1327 τὴν-άπὸ
950 1257 1152 1311 τούτων
1178 1260 1453 1316 ἐπάνοδον.
1480 1280 1497 1311 ι
1540 1263 1665 1315 νῬυ-

107 1346 302 1417 σθείην
327 1368 344 1399 ι
369 1348 473 1419 γάρ
506 1365 662 1417 φησιν
699 1368 716 1399 ι
759 1350 823 1401 ἐκ
856 1348 962 1401 τῶν
991 1347 1195 1418 βαθέων
1225 1349 1329 1404 τῶν
1352 1352 1554 1405 ὑδάτων
1575 1354 1666 1405 καὶ

109 1443 187 1509 μή
234 1460 303 1511 με
336 1443 770 1495 καταποντισάτω
817 1444 1061 1509 καταιγὶς
1095 1441 1300 1507 ὕδατος,
1338 1444 1467 1515 μηδὲ
1501 1461 1665 1496 κατα-

106 1534 285 1586 πιέτω
321 1551 384 1604 με
429 1533 601 1603 βυθὸς,
634 1534 760 1605 μηδὲ
814 1535 1052 1604 σνσχέτω
1104 1536 1187 1587 ἐπ’
1231 1536 1327 1603 ἐμὲ
1384 1535 1557 1605 φρέαρ
1606 1535 1665 1587 τὸ

108 1622 293 1691 στόμα
333 1622 514 1675 αὑτοῦ.
558 1642 575 1672 ι
605 1622 713 1683 Τάς
748 1623 843 1691 μὲν
872 1625 977 1692 γὰρ
1009 1621 1193 1684 λοιπὰς
1224 1622 1328 1673 τῶν
1372 1620 1664 1693 ἀνθρώπιον

102 1712 288 1780 ψυχάς
320 1708 568 1766 κατέπιεν
596 1716 623 1766 ὁ
646 1713 864 1776 θάνατος
897 1714 1134 1783 ἰσχύσας,
1154 1713 1245 1767 καὶ
1266 1713 1322 1765 τὸ
1346 1714 1519 1784 φρέαρ
1544 1731 1665 1766 συν-

104 1805 233 1872 έσχε
283 1807 375 1857 καὶ
440 1804 719 1857 ἀπέκλεισε
761 1805 836 1874 τῷ
876 1804 1064 1858 ἑαυτοῦ
1118 1805 1359 1874 στόματι.
1392 1806 1568 1876 Φρέαρ
1609 1806 1665 1859 δὲ

106 1895 293 1961 στόμα
338 1896 455 1963 ἕχον
494 1896 649 1958 αὐτὸς
681 1895 744 1948 ἂν
773 1894 979 1963 λεχθείη
1014 1897 1041 1947 ὁ
1074 1894 1314 1957 θάνατος,
1338 1896 1365 1946 ὁ
1394 1894 1450 1961 ἐξ
1476 1894 1666 1959 αἰῶνος

1765 718 2013 773 fundum.
2049 738 2069 771 ›
2104 718 2195 773 lite
2232 733 2358 773 vero
2390 734 2557 789 aquae,
2588 730 2640 776 et
2668 719 2928 776 dracones
2955 721 3010 775 in
3046 720 3177 789 ipsis
3217 721 3311 778 de-

1763 817 1968 881 gentes,
2021 810 2272 879 superius
2333 810 2709 865 indicabantur
2762 812 2815 865 in
2851 810 2940 864 illo
2984 831 2996 864 :
3032 828 3050 861 ι
3086 810 3309 865 Salvum

1762 916 1847 955 me
1882 901 1982 963 fac,
2014 899 2174 961 Deus,
2214 901 2465 969 quoniam
2498 901 2835 957 intraverunt
2861 915 3011 971 aquae
3041 914 3216 971 usque
3240 902 3311 955 ad

1761 992 1992 1046 animam
2048 1004 2239 1043 meam.
2284 990 2485 1044 Infixus
2531 1007 2650 1046 sum
2683 990 2735 1044 iu
2780 990 2908 1043 limo
2944 990 3217 1061 profundi,
3255 999 3310 1048 et

1762 1099 1871 1138 non
1898 1090 1982 1137 est
2015 1079 2335 1136 substantia.
2367 1080 2501 1135 Veni
2555 1083 2609 1135 in
2664 1082 2997 1136 altitudinem
3036 1081 3222 1145 maris,
3255 1092 3307 1137 et

1764 1183 2056 1244 tempestas
2106 1174 2361 1230 demersit
2404 1188 2505 1228 me.
2547 1192 2566 1225 ι
2613 1172 2720 1228 Sed
2767 1173 2917 1243 prius
2949 1172 3162 1243 quidem
3188 1172 3310 1243 ejus

1762 1268 1817 1322 in
1851 1282 2020 1337 aquas
2047 1266 2342 1321 descensus
2368 1266 2778 1333 declarabatur;
2812 1269 2866 1319 in
2897 1264 2980 1320 his
3010 1271 3187 1319 autem
3226 1278 3314 1318 re-

1746 1372 1979 1429 gressus
2032 1358 2154 1412 inde
2207 1365 2441 1412 notatur.
2476 1376 2493 1407 ι
2532 1358 2769 1421 Liberer,
2817 1357 3008 1427 inquit,
3072 1355 3137 1410 de
3186 1370 3309 1425 pro-

1765 1446 1944 1502 fundis
1958 1462 2242 1518 aquarum,
2260 1456 2311 1502 et
2323 1463 2430 1503 non
2446 1463 2529 1503 me
2545 1448 2816 1519 demergat
2830 1454 3119 1517 tempestas
3136 1460 3310 1515 aquae,

1762 1552 1937 1607 neque
1962 1538 2244 1593 absorbeat
2267 1554 2350 1593 me
2366 1537 2711 1609 profundum,
2742 1553 2917 1607 neque
2940 1545 3121 1605 urgeat
3146 1550 3310 1604 super

1763 1644 1849 1685 me
1870 1638 2060 1701 puteus
2086 1644 2148 1683 os
2172 1644 2349 1683 suum.
2377 1650 2396 1682 ›
2412 1630 2645 1684 Caeteras
2676 1631 2871 1699 quippe
2895 1628 3170 1682 hominum
3193 1626 3310 1679 aui-

1765 1731 1881 1771 mas
1910 1730 2052 1771 mors
2077 1716 2365 1786 absorpsit,
2384 1727 2437 1771 et
2457 1718 2752 1786 praevaluit,
2775 1732 2836 1771 ac
2862 1724 3055 1786 puteus
3077 1716 3229 1777 ut-sit,
3254 1722 3308 1768 et

1729 1824 1742 1836 ·
1766 1807 2029 1862 conclusit
2044 1823 2136 1863 ore
2163 1824 2282 1864 suo.
2313 1807 2515 1862 Putcus
2542 1816 2719 1862 autem
2739 1822 2834 1862 ore
2856 1808 3169 1868 instructus,
3191 1808 3305 1875 ipsa

1768 1912 1915 1951 mors
1938 1913 2058 1952 esse
2086 1897 2316 1964 dicatur,
2346 1914 2464 1968 qua:
2488 1898 2554 1951 ab
2578 1898 2729 1953 initio
2755 1913 2940 1953 omnes
2962 1898 3139 1961 isthuc
3167 1897 3307 1952 dela-

106 1986 323 2047 πάντας
363 1986 766 2050 καταπεπωκὼς
795 1988 916 2048 τοὺς
950 1988 1026 2049 εἰς
1058 1986 1217 2039 αὐτὸν
1244 1985 1659 2038 καταπεπτωκό-

1763 2002 1890 2058 psos
1918 1988 2198 2059 dcglutivit
2224 2010 2236 2044 :
2269 1998 2323 2044 et
2357 1998 2639 2059 postquam
2664 1988 2961 2059 deglulivit,
2993 1987 3302 2052 momordit,

104 2093 226 2139 τας,
267 2095 355 2128 κο..
417 2077 549 2144 μετὰ
592 2078 652 2130 τὸ
701 2080 978 2131 καταπιεῖν
1029 2076 1283 2139 ἐνδακὼν,
1340 2075 1525 2147 ὥσπερ
1571 2079 1661 2129 καὶ

104 2169 435 2230 ἀποκλείσας
464 2170 515 2221 τὸ
544 2167 731 2221 ἑαυτοῦ
758 2169 946 2237 στόμα,
975 2168 1109 2239 πρὸς
1135 2168 1192 2221 τὸ
1224 2171 1295 2238 μή
1328 2184 1447 2220 τινα
1478 2167 1664 2220 παλιν-

99 2258 399 2327 δρομῆσαι.
440 2258 550 2309 Ἐπ’
584 2259 712 2327 ἐμοῦ
742 2258 796 2311 δὲ
846 2259 917 2329 μὴ
950 2257 1150 2325 γένοιτο
1183 2257 1355 2310 τοῦτο.
1396 2257 1485 2310 Διὸ
1517 2258 1665 2310 ἀντι-

104 2348 250 2399 6016i
287 2364 343 2417 σε
371 2348 457 2399 τὸν
487 2348 699 2417 Πατέρα
731 2347 899 2414 λέγων
919 2365 930 2375 ·
964 2366 981 2396 ι
1011 2347 1099 2415 Μή
1131 2364 1194 2416 με
1225 2346 1663 2400 καταποντισάτω

105 2402 614 2512 καταιγὶξχρδατος,
675 2438 806 2509 μηδὲ
856 2438 1163 2491 καταπιέτω
1214 2453 1278 2507 με
1323 2436 1496 2505 βυθὸς,
1531 2437 1664 2507 μηδὲ

109 2528 377 2597 συσχέτὼ
406 2530 491 2580 ἐπ’
526 2528 623 2598 ἐμὲ
670 2529 843 2598 φρέαρ
875 2530 934 2581 τὸ
978 2528 1144 2598 στόμα
1177 2526 1359 2579 αὐτοῦ’
1402 2545 1421 2578 ι
1460 2526 1491 2596 ἢ
1525 2526 1663 2579 κατά

104 2615 204 2668 τον
260 2615 567 2685 Σύμμαχον,
612 2635 630 2667 ι
679 2617 828 2686 Μηδὲ
880 2617 1228 2685 ὲπιπωμάσαι
1266 2634 1353 2687 μοι
1399 2616 1571 2687 φρέαρ
1602 2615 1663 2667 τὸ

105 2705 290 2777 στόμα
315 2706 496 2760 αὑτοῦ.
541 2725 558 2758 ι
595 2707 699 2759 Καὶ
733 2706 823 2758 νῦν
872 2707 966 2776 μὲν
1018 2707 1219 2760 ὑδάτων
1274 2706 1537 2776 μέμνηται
1570 2705 1663 2760 καὶ

106 2796 293 2866 βυθῶν
347 2798 439 2850 καὶ
489 2798 715 2867 φρέατος
736 2814 748 2825 ·
806 2797 862 2848 ὲν
915 2797 972 2850 δὲ.
1002 2796 1076 2866 τῷ
1100 2796 1182 2849 κα¹
1214 2796 1409 2867 ψαλμῷ
1432 2797 1498 2849 τὰ
1526 2796 1663 2850 αὑτά

103 2887 282 2942 ταῦτα
333 2887 628 2959 σημαίνων,
670 2886 872 2959 ἑτέροις
902 2886 1121 2957 ὀνόμασι
1167 2887 1425 2959 κέχρηται
1456 2886 1657 2955 λέγων’

109 3000 130 3032 ε
156 2979 345 3033 Ῥὖσαι
374 2978 480 3032 ἀπὸ
505 2978 773 3049 ῥομφαίας
800 2978 894 3049 τὴν
922 2978 1095 3047 ψυχήν
1124 2994 1242 3048 μοι),
1273 2979 1366 3032 καὶ
1390 2978 1453 3032 ὲκ
1484 2980 1663 3051 χειρὸς

106 3071 273 3133 κυνὸς
297 3070 392 3139 τὴν
417 3069 667 3139 μονογενῆ
698 3084 815 3138 μου.
838 3068 1014 3121 Σῶσόν
1042 3086 1106 3137 με
1139 3071 1201 3121 ὲκ
1230 3069 1491 3140 στόματος
1514 3070 1660 3125 λέον-

106 3177 222 3223 τος,
253 3161 346 3213 καὶ
376 3159 481 3213 ἀπὸ
520 3160 763 3230 κεράτων
803 3158 1179 3229 μονοκερὼτων
1222 3160 1317 3231 τὴν
1342 3160 1662 3215 ταπείνωσίν

111 3268 239 3322 μου.
285 3250 444 3319 »Καὶ
471 3248 640 3303 ταῦτα
670 3248 777 3321 γάρ
808 3252 931 3321 περὶ
963 3250 1068 3302 τῶν
1119 3250 1176 3304 ἐν
1225 3250 1303 3321 τῷ
1351 3250 1663 3321 καλουμένῳ

107 3343 216 3415 ᾅδῃ
237 3341 509 3411 δυνάμεων
530 3341 908 3410 ἀντικειμένων
937 3341 1197 3405 λέλεκται,
1221 3341 1294 3403 ὡς
1322 3340 1445 3403 τοὺς
1462 3341 1658 3405 τόπους

105 3434 454 3506 διηγούμενοι
484 3450 557 3483 πα
568 3433 919 3501 ρεστήσαμεν.

184 3496 578 3577 ἷΕίσάκουσόν
618 3496 737 3591 μου,
791 3496 980 3592 Κύριε,
1028 3523 1109 3574 ὅτι
1164 3521 1394 3593 χρηστὸν
1423 3521 1483 3574 τὸ
1516 3520 1658 3585 ἔλεός
1700 3496 1706 3501 ”

109 3633 239 3670 σου*
272 3616 409 3668 κατὰ
452 3615 509 3666 τὸ
554 3613 749 3683 πλῆθος
788 3613 892 3664 τῶν
920 3614 1212 3683 οἰκτιρμῶν
1245 3631 1337 3667 σου
1375 3613 1657 3683 ὲπίϐλεψον

106 3708 198 3760 ἐπ’
227 3705 349 3776 ὲμέ.
386 3726 403 3757 ι
435 3704 542 3756 Καὶ
592 3703 816 3756 ἐνταῦθα
840 3702 925 3756 διά
946 3703 1038 3757 τοῦ
1065 3707 1190 3776 παρ’
1217 3704 1483 3775 Ἑϐραίοις
1503 3707 1659 3758 άνεκ-

107 3799 360 3867 φωνήτω
416 3796 503 3848 τὸν
551 3794 739 3847 ἑαυτοῦ
774 3795 987 3866 Πατέρα
1037 3797 1065 3849 ὁ
1116 3795 1299 3868 Σωτὴρ
1327 3796 1657 3850 ἐπικαλεῖται

105 3890 287 3958 λέγων
308 3906 322 3919 ·
364 3889 574 3959 Ἐπειδὴ
602 3888 726 3941 τάδε
759 3889 851 3941 καὶ
882 3888 1005 3942 τάδε
1041 3888 1232 3960 ᾔτησα,
1263 3890 1348 3944 ἵνα
1378 3889 1449 3961 μὴ
1478 3890 1656 3961 ἐμπά-

107 3999 197 4050 γω
219 3983 299 4044 εἰς
324 3980 410 4033 τὸν
445 3980 630 4052 πηλὸν,
648 3982 740 4033 καὶ
766 3981 909 4045 ὅπως
957 3980 1204 4051 ρυσθείην
1232 3983 1295 4034 ὲκ
1319 3981 1425 4035 τῶν
1457 3982 1657 4053 βαθέων

105 4070 221 4126 τῶν
240 4071 463 4137 ὑδάτων,
489 4071 556 4123 τά
585 4088 641 4123 τε
660 4069 864 4134 τούτοις
886 4071 1029 4139 ἑξῆς,
1055 4071 1241 4123 τούτου
1265 4071 1421 4142 χάριν
1444 4071 1656 4126 ἐπίνευ-

110 4164 209 4217 σὸν
243 4180 344 4233 μου
372 4166 436 4233 τῇ
480 4162 675 4233 δεήσει,
708 4156 752 4213 ὦ
789 4161 977 4233 Κύριε,
1012 4179 1031 4212 ι
1063 4161 1141 4214 ὅτι
1172 4162 1398 4233 χρηστὸν
1425 4160 1484 4214 τὸ
1512 4161 1657 4225 ἔλεός

111 4252 341 4322 cummi.
363 4253 497 4305 κατὰ
511 4252 570 4304 τὸ
590 4252 788 4320 πλῆθος
814 4250 919 4303 τῶν
938 4251 1228 4320 οἰκτιρμῶν
1255 4267 1345 4303 σου
1368 4250 1655 4320 ὲπίϐλεψον

108 4350 203 4397 ἐπ’
230 4344 349 4417 ὲμέ.
378 4345 466 4414 Μὴ
499 4344 831 4413 άπὸστρεψον
857 4341 918 4393 τὸ
942 4339 1229 4411 πρόσωπόν
1277 4356 1369 4392 σου
1406 4342 1512 4394 ἀπὸ
1562 4340 1653 4394 τοῦ

106 4437 302 4498 παιδός
342 4452 451 4488 σου.
491 4453 509 4486 ι
548 4434 637 4488 Ἐν
668 4428 746 4496 οἷς
797 4430 1096 4503 παρακαλεῖ
1138 4430 1439 4501 ἐπιϐλέψαι,
1467 4434 1555 4486 καὶ
1582 4432 1654 4505 μὴ

105 4523 447 4595 ἀποστρέψαι
476 4523 535 4575 τὸ
557 4522 838 4594 πρόσωπον
868 4521 928 4588 ἐξ
959 4520 1119 4574 αὑτοῦ
1140 4537 1155 4551 ·
1191 4512 1256 4574 ἵν’
1279 4522 1463 4595 ὥσπερ
1488 4524 1655 4593 μέγας

106 4614 451 4684 ἀγωνοθέτης
496 4613 763 4683 δοκιμάσῃ
782 4611 871 4665 τὸν
899 4610 1081 4679 ἀγῶνα
1110 4610 1169 4665 ὃν
1207 4612 1409 4683 ὑπέστη
1442 4613 1534 4667 καὶ
1558 4614 1654 4685 τὴν

106 4707 385 4777 ὑπομονὴν
429 4704 521 4758 καὶ
570 4704 667 4773 τὴν
690 4703 1025 4767 ταπείνωσιν,
1066 4704 1147 4773 ἐφ’
1268 4704 1652 4775 σεμνυνόμενος

106 4799 257 4865 ἀξιοῖ
295 4797 381 4850 τὸν
428 4794 639 4864 Πατέρα
687 4794 757 4864 μὴ
796 4792 1123 4866 ἀποστρέψαι
1175 4793 1233 4847 τὸ
1272 4795 1555 4865 πρόσωπον
1595 4795 1654 4860 ἐξ

108 4887 301 4951 αὐτοῦ,
347 4887 456 4940 ἀλλ’
510 4884 787 4955 ἐπιϐλέψαι
855 4888 932 4949 είς
994 4879 1329 4940 αὐτόν..Εἷτα
1383 4885 1651 4954 ἐπιλέγει·

113 4997 135 5031 ι
179 4980 300 5032 Ὅτι
340 4978 602 5049 θλίϐομαι,
637 4977 769 5047 ταχῦ
810 4977 1103 5031 ἐπάκουσὸν
1134 4993 1259 5046 μου·
1288 4995 1306 5027 ι
1334 4975 1369 5045 ἢ
1404 4976 1543 5030 κατὰ
1567 4970 1655 5033 τον

123 5068 376 5132 Ἀκύλαν,
415 5087 433 5119 ι
470 5072 588 5122 Ὀτι
632 5068 809 5121 στενόν
844 5085 951 5138 μοι,
983 5070 1117 5139 ταχὺ
1149 5067 1442 5120 ἐπάκουσον
1482 5085 1601 5139 μου.
1632 5088 1650 5122 ι

106 5160 343 5229 Νοήσεις
381 5161 437 5213 δὲ
477 5157 569 5214 καὶ
597 5160 780 5214 τούτου
809 5160 904 5231 τὴν
925 5159 1160 5214 διάνοιαν
1188 5159 1481 5228 ἐπιστήσας
1510 5160 1656 5223 ὅπως

107 5252 325 5323 εἴρηται
356 5252 433 5316 τὸ,
469 5269 489 5302 ι
509 5253 672 5323 Στενὴ
695 5253 785 5306 καὶ
812 5252 1185 5323 τεθλιμμένηή
1211 5250 1325 5313 ὁδὸς
1356 5252 1388 5322 ή
1417 5251 1655 5319 ἀπάγον-

112 5359 185 5396 σα
216 5342 295 5401 είς
327 5341 423 5410 τὴν
450 5339 613 5411 ζωὴν.
637 5342 729 5395 καὶ
762 5340 926 5409 ὀλίγοι
955 5341 1089 5393 εἰσιν
1119 5341 1168 5392 οἱ
1199 5338 1555 5409 εἰσερχόμενοι
1585 5339 1649 5392 δι’

108 5431 302 5501 αὐτῆς.
348 5449 368 5483 ι
408 5432 625 5501 Πρῶτος
660 5430 788 5500 γοῦν
833 5432 991 5495 αὐτὸς
1026 5431 1121 5501 τὴν
1152 5429 1337 5500 στενὴν
1364 5429 1529 5500 αὐτὴν
1558 5432 1652 5486 καὶ⁵

108 5523 210 5597 τὴν
235 5521 587 5592 τεθλιμμένην
613 5520 832 5585 ὁδεύσας
853 5521 1032 5589 ἔλεγεν
1050 5538 1063 5551 ο
1104 5540 1123 5573 ι
1150 5523 1265 5599 ’Ότι
1300 5520 1454 5589 στενή
1488 5537 1596 5590 μοι,
1624 5541 1643 5573 ο

106 5614 228 5678 καὶ,
266 5630 286 5665 ι
328 5614 409 5666 ὅτι
444 5610 709 5681 θλίϐομαι,
742 5611 875 5680 ταχὺ
910 5610 1201 5665 ἐπάκουσον
1236 5625 1352 5680 μου·
1381 5627 1400 5660 ι
1437 5610 1649 5681 Ἐδήλου

105 5705 170 5763 δὲ
194 5706 291 5778 καὶ
313 5705 398 5759 διὰ
423 5702 528 5759 τῶν
553 5700 852 5775 ἔμπροσθεν
878 5701 973 5773 τὴν
1006 5701 1177 5773 θλίψιν
1210 5699 1398 5756 ἑαυτοῦ
1430 5702 1523 5757 καὶ
1554 5703 1649 5775 τὴν

180 5886 229 5920 ⁸¹¹
267 5884 410 5941 Psal.
451 5884 695 5948 ιιιγΞΙ,
733 5883 822 5939 22.
898 5886 942 5917 ⁸⁸
981 5884 1165 5941 Matth.
1208 5901 1301 5951 vn,
1344 5883 1425 5939 ιι.

272 5981 539 6042 Ριτιοι..
586 5980 700 6042 Gtt.
738 5980 965 6043 XXIII.

1761 2093 1826 2132 ac
1856 2079 1901 2133 si
1925 2080 2244 2136 occlusisset
2266 2096 2326 2135 os
2346 2078 2524 2145 suum,
2548 2094 2616 2133 ne
2642 2080 2765 2149 quis
2788 2078 3065 2133 inde'revct
3081 2086 3300 2132 teretur.

1762 2168 1972 2226 Mecum
2001 2180 2177 2227 autem
2212 2188 2279 2227 ne
2303 2172 2416 2242 pari
2448 2172 2606 2227 modo
2634 2179 2838 2243 agatur.
2872 2170 3047 2237 Quare
3074 2171 3167 2224 tibi
3201 2169 3304 2221 Pa-

1761 2262 1832 2313 tri
1876 2264 2119 2332 supplico
2156 2264 2340 2318 dicens
2372 2284 2383 2318 :
2413 2283 2431 2314 ‹
2466 2262 2581 2317 Non
2613 2280 2698 2318 me
2719 2264 2989 2332 demergat
3009 2267 3299 2333 tempestas

1761 2366 1931 2420 aquae,
1959 2369 2131 2423 neque
2178 2356 2464 2410 absorbeat
2511 2370 2595 2410 me
2628 2345 2975 2424 profundum,
3015 2368 3186 2422 neque
3217 2368 3300 2404 ur-

1761 2452 1879 2511 geat
1915 2459 2078 2513 super
2112 2461 2197 2500 me
2229 2455 2423 2516 puteus
2463 2460 2524 2500 os
2564 2461 2752 2512 suum;
2793 2464 2812 2497 ι
2852 2444 2964 2501 sive
3012 2443 3297 2501 secundum

1762 2528 2138 2601 Symmachum
2176 2554 2189 2589 :
2230 2553 2249 2587 ι
2287 2534 2469 2605 Neque
2510 2535 2725 2590 obturet
2772 2550 2933 2606 super
2978 2545 3082 2589 me'
3113 2541 3299 2603 puteus

1762 2637 1822 2678 os
1853 2639 2030 2679 suum.
2066 2645 2084 2677 ι
2119 2624 2311 2697 Etjam
2345 2627 2560 2696 quidem
2591 2634 2779 2699 aquas,
2837 2624 3100 2696 profunda
3126 2633 3179 2680 et
3208 2641 3300 2695 pu-

1760 2721 1902 2767 teum
1930 2723 2192 2770 memorat
2223 2734 2235 2770 :
2268 2716 2323 2769 in
2356 2716 2611 2771 vicesimo
2653 2725 2830 2770 autem
2880 2715 3053 2785 primo
3098 2713 3301 2783 psalmo

1760 2802 1944 2858 eadem
1966 2806 2088 2874 ipsa
2131 2805 2251 2860 aliis
2285 2806 2563 2860 vocabulis
2599 2807 2802 2860 iudicat
2836 2806 3023 2859 dicens
3055 2823 3069 2858 :
3104 2824 3123 2855 ι
3166 2804 3306 2859 Erue

1760 2908 1793 2947 a
1824 2892 2043 2959 framea,
2072 2894 2234 2959 Deus,
2268 2895 2505 2949 animam
2540 2911 2735 2962 meam,
2767 2903 2818 2951 et
2843 2895 2908 2951 de
2942 2910 3104 2950 manu
3153 2896 3304 2950 canis

1761 2980 2082 3050 unigenitam
2137 2998 2331 3038 meam.
2388 2982 2544 3037 Salva
2575 2999 2661 3038 me
2710 3000 2775 3039 ex
2828 3000 2921 3040 ore
2952 2985 3144 3049 leonis,
3186 2994 3240 3039 et
3272 2988 3304 3039 a

1761 3072 2016 3129 cornibus
2052 3074 2391 3138 unicornium
2448 3075 2803 3131 humilitatem
2853 3092 3025 3129 meam
3060 3077 3124 3131 ³⁷.
3168 3096 3187 3128 ι
3238 3074 3305 3128 Et

1762 3163 1876 3218 haac
1908 3165 1976 3219 de
2004 3159 2330 3223 adversariis
2366 3168 2725 3238 potestatibus
2758 3168 2813 3221 in
2853 3167 3081 3231 inferno,
3123 3174 3180 3220 ut
3211 3183 3302 3220 vo-
3393 3228 3401 3240 ο

1764 3263 1908 3322 cant,
1940 3256 2257 3327 degentibus
2288 3259 2433 3313 dicta
2463 3264 2609 3322 sunt,
2647 3260 2781 3313 utin
2816 3259 3123 3330 hujusmodi
3159 3259 3304 3313 loco-

1682 3322 1729 3386 C
1762 3354 1882 3394 rum
1910 3322 2268 3425 epricatione
2290 3343 2702 3399 declaravimus.

1836 3514 1998 3572 Vens.
2046 3516 2249 3571 47—21.
2310 3535 2329 3568 ι
2374 3514 2579 3570 Exaudi
2618 3531 2722 3579 me,
2770 3513 3017 3579 Domine,
3047 3516 3301 3585 quoniam

1756 3611 1987 3681 benigna
2024 3616 2106 3665 est
2137 3607 2505 3663 misericordia
2535 3616 2647 3674 tua,
2680 3598 2980 3663 secundum
3006 3608 3304 3687 multitudi-

1758 3718 1880 3759 nem
1939 3701 2345 3757 miseratiouum
2399 3707 2613 3754 tuarum
2659 3700 2865 3769 respice
2910 3699 2963 3771 in
2997 3716 3100 3755 me.
3138 3720 3158 3753 ι
3206 3692 3343 3757 Βία

1757 3809 1970 3865 quoque
2007 3793 2262 3848 ineﬂabili
2300 3792 2443 3863 apud
2475 3792 2726 3847 Hebraeos
2755 3804 2885 3847 voce
2918 3791 3173 3847 Servator
3200 3790 3303 3847 Pa-

1757 3896 1892 3941 trem
1915 3900 2071 3941 suum
2095 3885 2307 3939 invocat
2336 3883 2521 3939 dicens
2552 3902 2565 3938 :
2597 3881 2728 3948 Quia
2757 3881 2871 3937 haec
2897 3892 2950 3938 et
2976 3883 3067 3937 illa
3096 3886 3297 3955 rogavi,

1757 3989 1820 4033 ut
1846 3993 1911 4033 ne
1940 3977 2130 4047 inﬁgar
2152 3976 2204 4030 in
2222 3977 2353 4039 luto,
2377 3983 2435 4030 ut
2458 3976 2652 4029 liberer
2670 3989 2698 4027 a
2716 3964 2996 4043 profundis
3018 3991 3301 4047 aquarum,

1758 4078 1813 4125 et
1847 4076 2039 4125 caetera
2072 4082 2190 4136 qua:
2231 4074 2551 4135 sequuntur,
2589 4064 2707 4119 ideo
2732 4081 2910 4141 annue
2941 4067 3300 4122 obsecrationi

1756 4172 1906 4219 meae.
1931 4171 1963 4210 ο
1988 4154 2231 4221 Domine,
2265 4173 2285 4206 ‹
2328 4154 2580 4225 quoniam
2610 4154 2841 4226 benigna
2874 4165 2955 4210 est
2993 4156 3303 4210 misericor-

1755 4246 1841 4300 dia
1870 4255 1982 4312 tua,
2019 4255 2069 4301 et
2112 4244 2406 4301 secundum
2456 4245 2856 4302 multitudinem
2896 4248 3298 4303 miserationum

1722 4362 1723 4365 η
1756 4346 1967 4393 tuarum
2007 4340 2214 4409 respice
2246 4338 2301 4392 in
2332 4352 2435 4393 me.
2475 4337 2552 4394 Ne
2591 4346 2804 4395 avertas
2854 4338 3042 4394 faciem
3085 4347 3228 4391 tuam
3266 4352 3298 4392 a

1754 4434 1922 4501 puero
1949 4438 2062 4485 tuo.
2104 4450 2121 4481 ι
2163 4428 2369 4497 Quibus
2396 4439 2546 4500 rogat
2574 4436 2631 4484 ut
2661 4430 2930 4499 respiciat,
2962 4446 3061 4483 nec
3095 4435 3300 4486 avertat

1755 4523 1947 4578 faciem
1978 4539 2131 4579 suam
2175 4528 2220 4577 a'
2248 4540 2326 4587 se,
2376 4530 2435 4576 ut
2497 4522 2654 4591 quasi
2700 4536 2926 4589 magnus
2975 4522 3297 4590 agonotheta

1684 4654 1731 4713 ο
1757 4617 1945 4685 probet
1973 4616 2115 4686 quod
2140 4623 2413 4687 certamen
2443 4612 2688 4675 subierit,
2727 4627 2884 4683 quam
2914 4613 3223 4681 patientiam
3244 4622 3295 4669 e'

1757 4706 2110 4761 humilitatem
2143 4725 2157 4762 :
2190 4706 2255 4761 de
2279 4720 2383 4775 qua
2413 4704 2692 4774 gloriatus,
2730 4702 2939 4757 Patrem
2973 4711 3124 4774 rogat
3149 4713 3207 4760 ut
3230 4722 3293 4761 nc

1759 4807 1964 4854 avertat
1994 4798 2183 4852 faciem
2212 4812 2385 4855 suam.
2422 4795 2514 4851 sed
2542 4796 2897 4865 se'rcSpieiat.
2938 4794 3138 4853 Dehinc
3171 4797 3300 4853 sub-

1754 4890 1931 4960 jungit
1958 4908 1971 4942 :
2012 4908 2030 4939 ι
2060 4886 2323 4953 Quoniam
2354 4887 2601 4952 tribulor,
2620 4888 2875 4943 velociter
2902 4886 3095 4944 exaudi
3119 4903 3203 4943 me
3228 4905 3242 4954 ;
3270 4908 3290 4940 ι

1758 4981 1871 5036 sive
1893 4978 2185 5035 secundum
2216 4978 2483 5047 Aquilam,
2510 4998 2528 5031 ι
2557 4978 2690 5045 Quia
2714 4987 2995 5049 angustum
3026 4979 3175 5042 mihi,
3204 4995 3296 5034 ve—

1754 5072 1940 5125 lociter
1970 5068 2163 5124 exaudi
2191 5084 2293 5124 me.
2337 5090 2356 5123 ›
2395 5069 2543 5125 Hane
2572 5086 2733 5142 porro
2771 5071 3091 5127 sententiam
3131 5070 3291 5124 intel-

1754 5162 1908 5231 liges,
1940 5161 1986 5214 si
2022 5158 2330 5215 consideres
2360 5160 2503 5231 quod
2536 5161 2737 5216 dictum
2770 5169 2853 5216 est
2880 5180 2893 5216 :
2927 5178 2946 5212 ι
2977 5161 3213 5228 Angusta
3238 5168 3291 5215 et

1756 5257 1902 5304 arcta
1938 5249 2023 5301 via
2068 5256 2150 5302 est
2178 5264 2298 5318 qua;
2348 5250 2493 5303 ducit
2543 5248 2829 5315 ad-vitam,
2880 5256 2934 5303 et
2977 5246 3129 5315 pauci
3163 5252 3289 5301 sunt

1756 5342 1845 5413 qui
1880 5339 2256 5409 ingrediuntur
2280 5356 2375 5410 per
2410 5357 2525 5395 eam
2557 5342 2621 5396 ³⁸.
2664 5363 2683 5395 ι
2722 5340 2837 5412 Ipse
2864 5340 3042 5409 igitur,
3064 5337 3157 5406 qui
3178 5338 3287 5407 prio

1757 5449 1878 5489 mus
1906 5432 2007 5486 hac
2052 5439 2279 5502 angusta
2330 5438 2385 5485 et
2439 5440 2585 5487 arcta
2626 5434 2708 5487 ria
2750 5430 2988 5492 incessit,
3025 5426 3281 5483 dicebat:

1762 5541 1782 5576 ι
1814 5521 2076 5589 Quoniam
2105 5530 2331 5591 angusta
2366 5520 2517 5582 mihi,
2556 5541 2574 5573 ›
2607 5533 2680 5585 οι,
2708 5539 2726 5570 ι
2754 5519 3003 5590 quoniam
3034 5516 3282 5578 tribulor,

1754 5604 2008 5669 uelociter
2026 5612 2220 5667 exaudi
2248 5627 2352 5666 me.
2384 5629 2400 5661 ι
2432 5609 2486 5664 In
2508 5612 3096 5682 superioribusquoque
3118 5608 3287 5663 tribu-

1755 5706 2006 5760 lationem
2052 5698 2434 5775 et'angustiam
2481 5719 2632 5758 suam
2677 5703 2756 5759 sic
2784 5700 3087 5757 dedarabat
3114 5717 3129 5756 :
3160 5716 3182 5753 ι
3221 5697 3289 5754 Et

2933 5970 3007 6033 25
