3966 6348
106 508 212 561 ται

1224 488 1722 555 ΟΟΜΙΕΝΤΑΝΑ
1748 492 1825 555 ἸΝ
1861 491 2197 553 PSALHOS.

3203 498 3315 560 750

103 620 293 673 (Idm:
310 616 369 673 δέ
392 617 460 672 τὰ
479 618 604 673 κατ’
629 614 763 687 ἐμοῦ
794 609 1184 689 ἐγχειροῦντες,
1213 616 1293 680 είς
1324 615 1425 689 μιν
1446 615 1509 670 τὸ
1530 614 1670 689 βρῶ-

1770 620 1959 669 contra
1985 627 2071 669 me
2098 626 2207 667 non
2230 608 2622 683 aggredientes,
2642 611 2705 668 in
2728 628 2908 670 escam
2937 629 3108 670 meam
3129 617 3205 672 ‘l’el
3232 619 3319 674 ln-

102 711 181 782 μά
232 727 340 782 μου
394 708 553 781 χολὴν
592 706 832 772 ίσαλλον,
880 708 1054 762 καίτοι
1100 708 1306 781 τροφάς
1328 710 1509 775 αὐτοῖς
1538 708 1672 782 ἐμοῦ

107 800 367 865 πλουσίας
400 799 797 873 παρεχομένου·
830 798 1051 869 διψῶντι
1074 798 1135 853 δέ
1157 817 1247 871 μοι
1275 799 1395 866 ὅξος
1426 801 1547 856 ἀντὶ
1573 818 1670 857 πο-

106 894 195 949 ιοῦ
260 893 617 967 προσέφερον.
662 892 929 964 Τοιαύτην
981 892 1040 946 δέ
1102 904 1189 964 μοι
1236 892 1466 966 ἐκίρνων
1510 894 1671 967 χολὴν

99 988 293 1045 ὁποίαν
337 986 524 1057 ἐδήλου
574 986 603 1039 6
647 984 979 1057 προφητικὸς
1030 985 1185 1055 λόγος
1234 985 1433 1063 είπὼν⁸
1477 1006 1497 1039 ι
1547 988 1671 1053 Πῶς

95 1078 380 1151 ὲστράφης
406 1078 486 1141 είς
515 1076 755 1146 πικρίαν,
782 1077 816 1145 ἡ
840 1073 1079 1146 ἄμπελος
1104 1077 1143 1146 ἠ
1178 1074 1463 1148 ἀλλοτρία;
1488 1095 1508 1129 ι
1529 1076 1672 1147 Νοή-

99 1184 216 1231 σεις
251 1169 311 1222 δὲ
341 1169 489 1234 ὅπως
522 1167 776 1240 τρέφεται
804 1169 833 1221 6
862 1166 1053 1238 Σωτὴρ
1077 1165 1232 1239 ήμῶν
1265 1166 1549 1222 ἐπακούων
1575 1162 1671 1221 αὖ-

96 1258 193 1314 τεῦ
222 1259 505 1331 λέγοντος’
532 1278 553 1311 ι
598 1248 874 1322 Ἐπείνων,
916 1259 1008 1311 καὶ
1039 1256 1274 1311 ἐδώκατέ
1310 1274 1397 1329 μοι
1438 1260 1630 1328 φαγεῖν
1651 1273 1667 1288 ⁶

92 1353 324 1424 ἐδίψων,
376 1352 470 1407 καὶ
517 1332 801 1407 ἐποτίσατέ
864 1368 949 1423 με.
989 1369 1008 1403 ι
1048 1352 1109 1405 El
1137 1351 1192 1405 δέ
1220 1351 1350 1406 ἀντὶ
1389 1352 1669 1425 τροφίμων

96 1444 332 1517 καρπῶν
361 1443 469 1497 τῶν
489 1442 577 1498 διὰ
600 1442 855 1507 εὐσεϐοῦς
885 1442 1003 1513 βίον
1033 1442 1235 1514 πικράς
1258 1457 1342 1507 τις
1373 1444 1667 1515 προσφέροι

96 1536 219 1592 κατ’
244 1536 407 1591 αὐτοῦ
436 1535 799 1607 βλασφημίας,
831 1538 972 1607 τῇτε
999 1534 1310 1608 διδασκαλίᾳ
1333 1535 1495 1591 αὑτοῦ
1528 1553 1670 1608 παρ-

94 1627 366 1699 εμπλέκοι
421 1610 555 1681 ἄθεα
609 1626 705 1679 καὶ¹
750 1626 919 1697 ψευδῆ
967 1625 1229 1697 δόγματα,
1285 1618 1441 1690 οὗτος
1486 1628 1567 1691 είς
1606 1626 1668 1679 τὸ

96 1718 298 1790 βρῶμα
330 1718 491 1773 αὑτοῦ
540 1718 699 1790 χολὴν
733 1718 1009 1789 ἐμϐάλλει,
1042 1718 1132 1771 καὶ
1158 1718 1378 1789 διψῶντι
1404 1714 1542 1773 οἶνον
1572 1720 1666 1772 ἐκ·

93 1812 328 1881 τροπίαν
362 1811 451 1864 τὸν
492 1813 555 1865 ἐκ
589 1810 691 1881 τῆς
735 1809 945 1873 εὐθείας
988 1810 1109 1866 ὁδοῦ
1147 1811 1694 1883 παρατειτραμινλνον⁸

92 1902 333 1956 δίδωσιν.
357 1902 589 1957 Τοιαῦτα
610 1902 664 1956 δὲ
686 1901 937 1965 ἐθέσπιζε
962 1896 1215 1977 περὶτοῦ
1248 1904 1511 1957 Ἰουδαίων
1534 1902 1665 1959 λαοῦ

91 1994 336 2063 Μυῦσῆς
370 1996 426 2047 ἐν
455 1994 663 2069 μεγάλῃ
701 1994 808 2066 ᾠδῇ
847 1963 1201 2068 προφητικῶς
1234 1996 1531 2067 άναφωνῶν
1572 1998 1664 2053 καὶ
1698 1963 1740 2022 Β

91 2085 269 2154 λέγων
289 2102 301 2114 ·
352 2103 370 2135 ι
418 2087 511 2139 Ἐκ
543 2087 651 2159 γάρ
684 2088 925 2159 ἀμπέλου
956 2088 1203 2161 Σοδόμων
1230 2091 1263 2160 ή
1291 2088 1534 2161 ἄμπελος
1562 2092 1662 2145 αὑ-

91 2176 226 2241 τῶν,
262 2178 355 2230 καὶ
383 2179 415 2249 ἠ
448 2178 714 2249 κληματίς
739 2179 912 2234 αὐτῶν
939 2182 1002 2233 ὲκ
1032 2181 1333 2254 Γομόρρας·
1355 2185 1388 2253 ἡ
1426 2180 1685 2254 σταφυλὴ.

66 2269 278 2325 ἀὐτῶν
306 2272 547 2343 σταφυλὴ
575 2272 757 2344 χολῆς,
783 2272 975 2345 βότρυς
1006 2273 1231 2347 πικρίας
1257 2273 1452 2328 αὐτῶν.
1487 2294 1505 2326 ι
1541 2275 1666 2329 Ἕν·-

91 2363 190 2417 θεν
237 2364 461 2428 εἰκότως
500 2369 614 2429 τοῖς
648 2365 831 2430 αὐτοῖς
868 2368 959 2422 καὶ
989 2366 1075 2421 διὰ
1115 2368 1332 2421 Ἠσαίου
1378 2368 1663 2440 καταμέμ-

96 2474 261 2525 φεται
289 2458 351 2513 τὸ
380 2458 600 2529 Πνεῦμα
628 2456 782 2527 λέγον
803 2475 816 2488 ·
842 2459 1101 2530 ιἘμεινα
1124 2460 1208 2513 ἵνα
1232 2446 1430 2531 ποιήσῇ
1458 2475 1663 2529 σταφυ-

90 2548 217 2620 λὴν,
249 2549 471 2622 ἐποίησε
501 2548 559 2602 δὲ
592 2546 830 2612 ἀκάνθας
853 2566 865 2579 ν
902 2568 920 2600 ι
957 2547 1066 2601 Καὶ
1094 2546 1252 2601 πάλιν
1272 2548 1559 2617 ΊἝμεινα
1577 2546 1665 2600 ἴνα

92 2641 300 2712 ποιήσῃ
330 2640 531 2713 κρίσιν,
558 2626 778 2712 ἐποίησε
808 2639 865 2692 δὲ
896 2638 1141 2710 ἀνομίαν,
1170 2640 1262 2693 καὶ
1288 2639 1348 2693 οὺ
1390 2637 1665 2693 δικαιοσύ-

94 2749 216 2802 νην,
270 2731 405 2786 ἀλλὰ
453 2734 718 2805 κραυγήν.
763 2751 782 2786 ι
821 2733 1039 2803 Ἔργοις
1085 2731 1491 2804 τοιγαροῦνλκαὶ
1524 2729 1700 2804 πρά-’

95 2823 237 2889 ξεσι,
267 2824 447 2896 πικρῷ
477 2842 535 2877 τε
564 2824 710 2899 λόγῳ
735 2826 827 2878 καὶ
857 2824 955 2897 βίῳ
985 2824 1187 2878 ἔδωκαν
1238 2828 1317 2889 είς
1362 2825 1423 2879 τὸ
1465 2824 1661 2897 βρῶμα

92 2916 191 2971 τοῦ
234 2917 485 2989 Σωτῆρος
516 2916 696 2989 χολὴν,
734 2916 828 2973 καὶ
859 2919 936 2980 είς
966 2916 1064 2987 τὴν
1094 2916 1249 2985 δίψαν
1274 2916 1442 2971 αὑτοῦ
1482 2916 1662 2970 ἐπότι-

96 3028 198 3066 σαν
230 3011 391 3066 αὐτὸν
428 3011 563 3075 ὅξος.
616 3012 767 3064 Ἐπεὶ
795 3011 851 3066 δὲ
883 3011 987 3064 ἔδει
1012 3012 1107 3065 καὶ
1133 3009 1271 3065 κατά
1290 3009 1388 3083 τ’ὴν
1423 3011 1660 3083 ἱστορίαν

94 3104 189 3157 τὸν
218 3104 317 3175 τῆς
348 3104 676 3174 προφητείας
706 3102 1159 3176 ἀποπληρωθῆναι
1195 3102 1371 3172 λόγον,
1397 3099 1537 3157 κατά
1572 3101 1663 3155 τὸν

96 3196 294 3270 καιρὸν
324 3195 417 3249 τοῦ
453 3195 655 3259 πάθους
678 3195 841 3250 αὑτοῦ
881 3197 1083 3269 ἱστορεῖ
1105 3198 1132 3249 6
1158 3193 1543 3266 εὐαγγελιστὴς
1572 3194 1661 3247 λέ-
1694 3220 1701 3229 -

93 3305 242 3358 γων·
275 3306 294 3339 ι
332 3287 485 3343 Μετὰ
511 3287 666 3341 τοῦτο
692 3287 844 3353 εἰδὼς
871 3290 900 3342 6
944 3286 1167 3360 Ἰησοῦς,
1201 3287 1281 3340 ὅτι
1314 3285 1489 3339 πάντα
1518 3285 1733 3384 σιτε-ιτιέέϐ

94 3382 429 3454 λεσταιήδη,
465 3382 551 3435 ἵνα
577 3381 833 3454 πληρωθῇ
867 3384 899 3453 ἡ
935 3382 1145 3455 Γραφὴ,
1173 3379 1338 3450 λέγει·
1368 3378 1535 3449 Διψῶ.
1560 3380 1664 3432 Λε-

97 3474 240 3545 κάνη
274 3474 448 3527 ἔκειτο
477 3474 628 3540 ὄξους
661 3475 851 3543 μεστή.
887 3473 1131 3541 Σπόγγον
1160 3468 1253 3527 οὖν
1279 3471 1476 3542 μεστὸν
1509 3470 1693 3540 ποίη-η

56 3592 59 3603 ι
96 3584 295 3628 σαντες
332 3566 485 3633 δξους
534 3564 671 3637 μετά
712 3564 870 3636 χολῆς
920 3564 1012 3617 καὶ
1068 3562 1304 3633 ὑσσώπῳ
1353 3560 1665 3633 περιθέντες

96 3659 479 3732 προσήνεγκαν
527 3655 689 3711 αὑτοῦ
734 3656 810 3728 τῷ
852 3656 1110 3726 στόματι.
1139 3654 1267 3706 Ὅτε
1292 3648 1386 3706 οὖν
1424 3650 1611 3705 ἐλαϐεν
1635 3654 1667 3706 6

356 3725 425 3805 τὺ
470 3749 590 3815 ὄξος
632 3748 766 3821 μετὰ
782 3725 889 3820 ⁷’τῆς
931 3746 1112 3819 χολῆς,
1153 3741 1305 3799 εἷπε·
1342 3743 1661 3798 Τετέλεσται

94 3844 195 3897 καὶ
236 3842 376 3914 αῦτη
402 3844 436 3913 ή
469 3842 678 3913 Γραφή.
710 3842 818 3894 Καὶ
854 3841 1039 3904 κλίνας
1067 3839 1162 3911 τὴν
1198 3835 1458 3910 κεφαλὴν,
1488 3836 1665 3907 ἀφῆκε

94 3934 159 3987 τὸ
190 3931 427 4003 πνεῦμα.
468 3949 486 3981 ι
523 3930 631 3984 Καὶ
662 3931 846 4002 ἐπειδὴ
878 3930 1060 3995 κλίνας
1100 3928 1195 4001 τὴν
1236 3928 1471 4000 κεφαλὴν
1498 3926 1666 3999 παρέ-

94 4025 241 4079 δωκε
262 4024 321 4078 τὸ
344 4023 557 4094 πνεῦμα
592 4022 728 4094 μετά
755 4023 855 4094 τὴν
884 4022 1273 4095 συμπλήρωσιν
1301 4021 1399 4092 τῆς
1422 4018 1663 4092 Γωφῆς,

96 4118 327 4181 εἰκότως
370 4116 461 4169 καὶ
503 4116 560 4168 ἐν
602 4113 677 4186 τῷ
727 4113 923 4185 ψαλμῷ
951 4114 1113 4186 μέχρι
1160 4113 1347 4168 τούτου
1376 4112 1445 4167 τά
1475 4109 1667 4166 ἑαυτοῦ

96 4208 433 4280 περιγράφει
471 4207 638 4281 πάθη.
676 4205 786 4262 Εἶτ’
823 4206 1068 4263 ἐντεῦθεν
1100 4208 1256 4261 ὁποῖα
1288 4204 1668 4277 μετελεύσεται

96 4304 301 4366 αὐτοὺς
334 4302 595 4369 θεσπίζει·
633 4321 651 4354 ι
690 4301 1029 4373 Γενηθήτωή
1058 4300 1304 4371 τράπεζα
1335 4299 1514 4354 αὐτῶν
1535 4300 1669 4354 ἐνώ-

98 4413 226 4453 πιον
270 4396 445 4451 αὐτῶν
477 4397 557 4459 είς
588 4394 809 4464 παγίδα,
853 4393 946 4447 καὶ
982 4394 1062 4456 είς
1086 4393 1436 4447 ἀνταπόδοσιν
1475 4394 1567 4448 καὶ
1592 4396 1669 4457 είς

99 4486 416 4543 σκάνδαλον.
454 4506 475 4539 ο
523 4486 730 4557 Ὥσπερ
756 4485 897 4539 κατά
931 4501 1050 4537 τινα
1104 4484 1410 4555 συνήθειαν,
1446 4484 1519 4543 τά
1545 4484 1671 4556 μέλ-

97 4581 263 4635 λοντα
289 4578 363 4643 ὡς
390 4578 752 4650 παρῳχηκότα
786 4574 1154 4649 προφέρεσθαι
1186 4574 1373 4629 εἴωθεν
1403 4576 1665 4648 ήΓραφήο

1770 703 2039 774 iecerunt,
2060 702 2273 758 etiamsi
2294 716 2391 772 ego
2412 702 2586 769 lautos
2609 703 2714 759 illis
2732 706 2884 761 cibos
2910 713 3315 777 apposuissem-:

1770 796 1975 853 sitienti
2005 810 2135 852 vero
2166 795 2296 850 mihi
2332 804 2542 851 acetum
2578 810 2674 865 pro
2701 806 2832 873 potu
2862 799 3179 859 oll‘erebant.
3210 801 3321 858 Hu-

1765 889 2004 960 jusmodi
2020 904 2150 945 vero
2178 888 2310 944 mihi
2330 886 2400 944 fel
2416 889 2734 953 miscebant,
2758 892 2919 961 quale
2938 892 3179 948 declarat
3200 899 3323 965 pro:

1767 981 2019 1053 pbeticus
2043 996 2224 1039 sermo
2254 982 2483 1040 dicens:
2520 1002 2541 1035 ι
2577 982 2860 1051 Quomodo
2886 999 3147 1041 conversa
3179 1002 3239 1042 es
3262 988 3320 1043 in

1726 1088 1731 1089 ί
1770 1072 2208 1137 amaritudinem,
2238 1074 2365 1129 vitis
2412 1075 2588 1129 aliena
2620 1075 2734 1128 ὐἷ’
2762 1095 2781 1127 ι
2834 1076 3114 1141 Quomodo
3137 1088 3321 1133 autem

1770 1164 1946 1219 alatur
1966 1162 2233 1220 Servator
2275 1173 2480 1231 noster,
2524 1166 2789 1238 intelliges
2820 1168 2865 1222 si
2904 1169 3077 1237 ipsum
3125 1170 3319 1226 audias

1769 1255 2037 1312 dicentem
2068 1275 2133 1311 τι
2158 1253 2399 1323 -Εειιι-ἰνί,
2433 1267 2488 1313 et
2516 1258 2743 1315 dedistis
2782 1259 2911 1313 mihi
2951 1258 3318 1327 manducare;

1769 1348 1939 1414 sitivi,
1962 1357 2016 1406 et
2038 1349 2269 1406 dedistis
2299 1350 2431 1404 mihi
2461 1350 2646 1406 bibere
2671 1351 2736 1403 ".
2770 1371 2794 1403 θ
2814 1349 2968 1417 Quod
2999 1352 3043 1406 si
3072 1366 3171 1421 pro
3199 1349 3324 1405 ἴωσι

1768 1445 1949 1501 etibus
1999 1444 2067 1501 ad
2125 1445 2376 1500 alendum
2422 1445 2778 1515 opportunis,
2834 1460 2929 1515 per
2974 1446 3116 1516 piam
3154 1444 3321 1500 vitam

1766 1537 2042 1608 praebitis,
2082 1538 2307 1593 acerbas
2342 1543 2538 1612 contra
2578 1539 2752 1609 ipsum
2794 1536 3159 1607 blasphemias
3198 1536 3321 1606 quis

1767 1625 2025 1698 proferat,
2054 1636 2113 1683 et
2149 1629 2410 1683 doctrina:
2455 1628 2575 1697 ejus
2611 1628 2766 1684 atbea
2796 1636 2848 1683 et
2901 1628 3034 1684 falsa
3070 1627 3321 1698 dogmata

1767 1720 2088 1783 admisceat,
2135 1719 2183 1773 is
2214 1720 2280 1773 ad
2314 1734 2494 1774 escam
2538 1719 2656 1790 ejus
2697 1719 2765 1774 fel
2805 1720 3000 1789 injicit,
3029 1727 3085 1773 et
3118 1722 3322 1775 sitienti

1766 1813 1975 1872 vinum,
2003 1826 2229 1882 vappam
2260 1826 2291 1865 ε
2320 1819 2467 1865 recta
2490 1810 2572 1864 via
2596 1810 2964 1866 deﬂectentem
2989 1810 3164 1867 oﬂ'ert.
3186 1810 3321 1868 limo

1767 1912 1947 1959 autem
1979 1903 2047 1959 de
2074 1901 2297 1957 Iudaico
2329 1904 2527 1975 populo
2557 1902 2766 1973 Moyses
2788 1902 2847 1955 in
2877 1916 3072 1972 magno
3093 1904 3319 1958 cantico

1768 1995 2082 2068 prophetico
2118 1996 2447 2057 vaticinatus
2468 2002 2570 2061 est,
2601 1996 2713 2049 haec
2743 1994 3046 2050 vociferans
3078 2013 3101 2048 .:
3138 2014 3156 2045 ι
3182 1993 3327 2094 Napi,

1768 2102 1836 2143 ex
1862 2090 2016 2141 vinea
2065 2084 2422 2140 Sodomorum
2459 2085 2614 2139 vinea
2638 2099 2847 2147 eorum,
2885 2091 2938 2139 et
2967 2084 3170 2153 palmes
3196 2084 3318 2153 ejus

1763 2192 1836 2234 ex
1860 2176 2183 2234 Gomorrha.
2216 2174 2564 2240 Uvaeorum,
2595 2191 2695 2229 uva
2718 2174 2877 2237 fellis,
2902 2175 3089 2230 botrus
3120 2175 3322 2245 amari-

1770 2261 1976 2319 tudinis
2003 2278 2191 2319 eorum
2222 2263 2287 2317 ³⁶.
2327 2276 2353 2316 »⁷
2384 2261 2522 2319 Hinc
2554 2261 2801 2319 similiter
2832 2263 3063 2333 Spiritus
3090 2278 3184 2321 eos
3221 2279 3321 2335 per

1767 2354 1963 2410 Isaiam
1988 2354 2167 2425 arguit
2186 2355 2373 2411 dicens
2403 2375 2417 2411 :
2449 2374 2468 2407 ι
2498 2354 2815 2430 Exspectavi
2838 2366 2895 2411 ut
2918 2358 3116 2412 faceret
3138 2372 3317 2422 uvam,

1746 2450 1892 2507 'fecit
1921 2458 2101 2505 autem
2135 2451 2423 2522 spinas“;
2458 2468 2476 2502 ι
2504 2465 2556 2508 et
2585 2467 2836 2516 rursum.-
2854 2470 2876 2503 ι
2917 2451 3233 2522 Exspectavi
3260 2460 3321 2505 ut

1768 2540 1969 2598 faceret
1993 2543 2284 2613 judicium,
2333 2542 2460 2599 fecit
2503 2553 2681 2599 autem
2726 2543 3086 2614 iniquitatem,
3119 2551 3173 2599 et
3211 2559 3322 2598 non

1763 2633 2034 2705 justitiam
2065 2635 2159 2693 sed
2193 2635 2485 2690 clamorem
2517 2635 2584 2687 "..
2628 2654 2647 2688 ι
2681 2632 2948 2706 Operibus
2986 2650 3117 2703 ergo
3144 2642 3201 2690 et
3238 2651 3323 2690 re-

1767 2725 1872 2782 bus
1901 2728 2092 2798 gestis,
2136 2728 2334 2783 acerbo
2381 2741 2635 2783 sermone
2682 2736 2737 2783 et
2786 2728 2896 2781 vita
2946 2725 3213 2782 dederunt
3264 2728 3322 2782 in

1757 2829 1948 2877 ,escam
1980 2813 2253 2871 Servatori
2287 2813 2377 2879 fel,
2409 2823 2462 2870 et
2488 2815 2549 2869 in
2570 2815 2674 2871 siti
2698 2815 2817 2886 ejus
2841 2825 3172 2886 potaverunt
3194 2832 3323 2873 eum

1766 2917 1938 2962 aceto.
1954 2907 2090 2973 Quia
2107 2922 2235 2962 vero
2252 2907 2548 2962 secundum
2562 2900 2842 2962 historiam
2860 2924 3075 2978 quoque
3089 2909 3323 2981 prepbe-
3381 2898 3383 2903 6

1765 3000 1856 3055 tiae
1884 3016 2185 3056 sermonem
2203 3000 2413 3071 impleri
2434 2999 2693 3069 oportuit,
2718 2998 2830 3054 haec
2852 2999 2919 3054 de
2938 3006 3179 3068 tempore
3194 3016 3323 3070 pas-

1767 3092 1938 3149 sionis
1954 3091 2074 3162 ejus
2089 3099 2276 3147 narrat
2301 3092 2632 3163 evangelista
2647 3091 2831 3148 dicens
2850 3106 2863 3143 :
2881 3110 2902 3142 ‹
2916 3089 3112 3148 Postea
3139 3093 3321 3148 scietis

1766 3184 1926 3242 Iesus
1945 3186 2071 3257 quia
2091 3186 2273 3241 omnia
2294 3192 2671 3245 consummata
2695 3194 2823 3240 sunt
2845 3184 2976 3254 jam,
3002 3194 3057 3238 ut
3071 3198 3324 3240 consum-

1768 3287 2009 3336 maretur
2038 3277 2342 3351 Scriptura,
2373 3278 2509 3343 dixit
2544 3297 2558 3333 :
2593 3277 2748 3334 Sitio.
2789 3276 2897 3333 Vas
2933 3288 3051 3334 erat
3085 3279 3325 3349 positum

1765 3381 1918 3429 aceto
1943 3372 2182 3443 plenum.
2214 3371 2296 3427 illi
2358 3378 2537 3426 autem
2587 3372 2867 3441 spongiam
2912 3371 3126 3441 plenam
3169 3379 3325 3426 aceto

1764 3480 1889 3521 cum
1939 3466 2065 3522 felle
2110 3474 2165 3523 et
2199 3465 2435 3539 byssopo
2483 3464 2957 3533 circumponentes
3012 3464 3324 3519 obtulerunt

1765 3559 1848 3613 ori
1896 3558 2036 3630 ejus.
2065 3556 2227 3622 ,Eum
2260 3572 2389 3628 ergo
2431 3556 2727 3625 accepisset
2776 3560 2985 3609 acetum
3018 3569 3141 3608 cum
3172 3553 3319 3625 felle,

1765 3647 1934 3703 dixit:
1963 3646 2349 3703 Consummata
2376 3654 2459 3703 cst
2487 3654 2542 3701 et
2566 3646 2679 3700 haec
2710 3643 3008 3714 Scriptura.
3035 3641 3129 3721 Et,
3164 3644 3325 3697 incli-

1764 3746 1897 3794 nato
1919 3740 2115 3809 capite,
2160 3737 2381 3793 tradidit
2435 3737 2684 3807 spiritum
2720 3734 2784 3788 ⁸³.
2828 3754 2846 3787 ι
2880 3733 3146 3799 Quoniam
3191 3748 3323 3789 vero

1766 3830 2026 3886 inclinato
2056 3829 2233 3900 capite
2264 3828 2486 3884 tradidit
2515 3828 2761 3899 spiritum
2805 3834 2927 3897 post
2976 3839 3324 3881 consumma-

1767 3921 1993 3977 tionem
2023 3919 2339 3986 Scriptura,
2392 3920 2517 3990 jure
2562 3921 2629 3975 in
2672 3920 2881 3990 psalmo
2916 3917 2981 3973 ad
3013 3919 3115 3973 hoc
3144 3932 3324 3989 usque

1765 4024 1980 4084 tempus
2011 4014 2286 4068 cruciatus
2315 4003 2721 4069 circumscribit
2764 4026 2915 4067 suos.
2957 4010 3164 4067 Deinde
3197 4026 3325 4067 vero

1766 4123 1887 4180 quae
1922 4106 2056 4178 ipsis
2099 4107 2242 4162 mala
2280 4114 2539 4161 eventura
2590 4107 2698 4161 sint
2747 4106 3071 4161 vaticinatur
3102 4126 3115 4161 :
3156 4123 3176 4156 ι
3208 4104 3326 4158 Fiat

1767 4212 1954 4254 mensa
1982 4212 2171 4253 eorum
2206 4211 2389 4252 coram
2422 4195 2632 4267 ipsisin
2667 4198 2939 4267 laqueum,
2983 4206 3037 4251 et
3068 4197 3121 4250 in
3164 4196 3325 4250 retri-

1767 4280 2043 4345 butionem
2057 4296 2119 4344 et
2139 4288 2193 4343 in
2212 4288 2550 4344 scandalum.
2589 4307 2608 4341 ι
2638 4287 2804 4355 Quasi
2832 4305 2895 4344 ex
2928 4286 3324 4343 consuetudine

1754 4383 1907 4437 solet
1952 4378 2230 4450 Scriptura
2280 4380 2461 4435 futura
2492 4380 2649 4450 quasi
2688 4381 2964 4451 praterita
2998 4380 3320 4448 vaticinari;

1767 4490 1937 4546 quare
1963 4475 2184 4546 jauq‘am
2208 4472 2421 4529 dicebat
2450 4491 2467 4529 :
2495 4491 2515 4524 ι
2545 4471 2819 4527 Dederunt
2842 4472 2897 4525 in
2931 4485 3113 4526 escam
3146 4486 3324 4527 meam

1771 4568 1863 4634 l‘el,
1907 4589 1925 4621 ι
1968 4566 2032 4623 ac
2060 4569 2107 4624 si
2133 4567 2355 4631 diceret,
2385 4564 2622 4627 dabuntt;
2656 4580 2678 4613 ‹
2718 4571 2770 4617 et
2799 4563 2853 4616 in
2894 4563 2985 4637 siti
3012 4577 3129 4617 mea
3168 4570 3326 4633 pota-

98 4673 308 4747 ἀρτίως
336 4670 465 4741 γοῦν
503 4670 654 4738 ἔλεγε
681 4670 761 4733 τὺ,
800 4688 820 4721 ‹
850 4668 1093 4722 Ἔδωκαν
1116 4668 1196 4731 είς
1228 4667 1287 4720 τὸ
1330 4666 1525 4739 βρῶμά
1559 4684 1657 4737 μου

1766 4672 1954 4724 verunt
2015 4678 2101 4717 me
2147 4671 2328 4727 aceto,
2357 4677 2381 4710 θ
2423 4657 2478 4712 id
2528 4663 2614 4712 est
2657 4654 2927 4720 potabant.
2989 4654 3127 4711 Alibi
3190 4672 3330 4727 quo-

99 4766 289 4838 χολὴν,
314 4782 354 4816 ι)
395 4762 514 4815 ἀντὶ
551 4760 667 4825 τοῦ,
720 4758 1003 4821 δώσουσι,
1035 4776 1055 4808 ι
1093 4758 1186 4811 καὶ
1232 4758 1310 4819 είς
1370 4759 1468 4828 τὴν
1512 4756 1667 4826 δίψαν

103 4874 210 4929 μου
275 4852 530 4908 sminch
588 4869 655 4923 με
711 4850 860 4918 ὅξος·
903 4871 922 4904 ι
959 4850 1077 4905 ἀντὶ
1124 4847 1248 4911 τοῦ,
1320 4847 1669 4901 ποτίσουσιέ

98 4949 215 5005 Καὶ
263 4947 488 5019 ἀλλαχοῦ
519 4946 575 5000 δὲ
603 4945 800 5018 ὁμοίως
847 4943 1092 5017 εἴρηται·
1129 4959 1148 4993 ι
1187 4940 1574 5012 Διεμερίσαντο
1602 4939 1669 4992 τά

103 5041 299 5111 ίμάτιά
331 5057 431 5112 μου
463 5040 692 5103 ἑαυτοῖς,
718 5037 809 5092 καὶ
847 5039 940 5092 ἐπὶ
964 5037 1054 5096 τὸν
1088 5032 1378 5107 ἱματισμόν
1407 5050 1506 5104 μου
1539 5031 1664 5085 ἐϐα-

98 5130 195 5187 λαν
236 5130 457 5203 κλῆρον’
498 5151 519 5183 ι
553 5130 647 5185 καὶ
678 5129 866 5184 πάλινο
908 5148 927 5181 ι
962 5126 1313 5200 Παρέστησαν
1343 5123 1391 5175 οἱ
1428 5121 1667 5194 βασιλεῖς

100 5220 207 5292 τῆς
242 5221 368 5291 γῆς,
401 5203 504 5276 ’καὶ
558 5224 606 5275 oi
638 5222 891 5294 ἄρχοντες
923 5217 1262 5291 συνήχθησαν
1292 5214 1385 5297 ἐπί
1428 5213 1489 5266 τὸ
1513 5215 1663 5280 αὐτὸ,

105 5310 254 5367 κατὰ
308 5312 400 5366 τοῦ
447 5312 652 5385 Κυρίου
699 5310 963 5367 καὶκατὰ
1004 5309 1096 5363 τοῦ
1144 5303 1375 5378 Χριστοῦ
1422 5304 1607 5359 αὐτοῦ.
1644 5325 1663 5358 ι

116 5401 354 5476 Ὁμοίως
392 5403 499 5478 γάρ
540 5405 633 5457 καὶ
659 5403 827 5457 ταῦτα
860 5401 1116 5474 μέλλοντα
1148 5395 1423 5469 γίγνεσθαι
1463 5396 1539 5459 ὡς
1568 5396 1670 5467 ἥδη

106 5480 478 5571 παρῳχηκότα
510 5497 956 5568 προανεφωνεῖτο.
986 5492 1141 5548 Οῦτω
1196 5489 1288 5543 καὶ
1314 5489 1413 5542 ὅσα
1458 5487 1670 5558 νομίζε-

106 5608 201 5646 ται
234 5586 641 5660 προστακτικῶς
674 5587 709 5657 ἢ
752 5586 1013 5651 εὐκπκῶς
1045 5582 1314 5655 λέγεσθαι,
1347 5580 1454 5635 ,καὶ
1497 5579 1671 5634 ταῦτα

87 5679 434 5757 ,προφητικῷ
480 5679 666 5751 τρόπῳ
705 5677 1177 5752 προαγορευτικῶς
1205 5672 1517 5742 ἐξακούεται
1538 5686 1551 5702 ⁸
1583 5667 1673 5725 οἷά

1769 4774 1879 4831 que
1909 4755 2160 4813 similiter
2189 4753 2389 4807 dicitur
2415 4768 2428 4805 :
2462 4767 2487 4800 4
2523 4747 2836 4803 Diviserunt
2866 4748 2969 4803 sibi
3000 4748 3332 4804 vestimenta

1774 4860 1913 4913 mea,
1941 4855 1995 4902 et
2024 4858 2188 4915 super
2218 4851 2417 4898 vestem
2452 4855 2624 4897 meam
2658 4844 2933 4896 miserunt
2959 4848 3161 4897 sortem
3187 4839 3233 4871 "
3260 4856 3276 4907 ;
3307 4858 3326 4890 δ

1769 4956 1840 4996 ac
1868 4952 2085 4994 rursum
2120 4953 2185 4989 ;·‹
2218 4935 2525 4991 Astiterunt
2557 4950 2716 5006 reges
2763 4941 2942 4997 terrm,
2972 4942 3025 4987 et
3054 4932 3336 5002 principes

1773 5035 2143 5087 convenerunt
2171 5027 2223 5079 in
2253 5040 2423 5083 unum
2456 5023 2717 5079 adversus
2740 5020 3026 5076 Dominum
3055 5025 3108 5072 ει
3135 5017 3334 5073 adver—

1773 5138 1868 5179 sus
1894 5119 2171 5175 Christum
2199 5118 2317 5187 ejus
2347 5118 2411 5173 ⁸⁸.
2446 5137 2464 5168 ι
2503 5115 2637 5170 Nam
2667 5114 2911 5171 similiter
2942 5111 3054 5167 hac
3085 5124 3205 5180 quas
3240 5106 3333 5165 fit-

1769 5222 1895 5268 tura
1924 5218 2099 5276 erant,
2137 5212 2293 5283 quasi
2326 5212 2445 5282 jam
2477 5211 2752 5280 praeterita
2792 5204 3328 5277 praenuntiabuntur.

1772 5304 1898 5361 Pari
1951 5305 2159 5360 ratione
2205 5308 2541 5376 quaecunque
2586 5308 2843 5373 putantur
2884 5298 3200 5369 imperando
3237 5304 3333 5351 aut

1771 5396 2010 5470 optando
2040 5397 2170 5461 dici,
2204 5396 2519 5468 prophetico
2564 5407 2713 5449 more
2744 5389 3093 5463 praenuntiari
3128 5394 3334 5459 putan-

1771 5488 1899 5545 dum
1925 5495 2011 5544 est
2063 5506 2078 5543 :
2122 5490 2302 5559 qualia
2338 5493 2465 5543 sunt
2521 5486 2634 5539 haec
2679 5491 2799 5555 quae
2838 5490 3154 5537 tractamus.
3186 5475 3329 5533 Illud

1774 5582 1915 5637 enim
1950 5598 1963 5634 :
1994 5597 2012 5631 ι
2049 5577 2171 5635 Fiat
2213 5594 2399 5635 mensa
2452 5591 2664 5643 eorum,
2704 5595 2722 5627 ι
2758 5575 3048 5657 intelligas,
3079 5589 3099 5623 ι
3128 5570 3219 5627 ﬁet
3251 5590 3266 5627 :
3302 5589 3322 5623 ι

1774 5680 1825 5727 et
1855 5668 1987 5729 illud
2014 5690 2029 5728 :
2058 5671 2460 5729 t‘Obscurentur
2488 5668 2632 5727 oculi
2652 5683 2861 5734 eorum,
2888 5687 2909 5721 ι
2938 5680 3043 5737 pro
3069 5682 3090 5716 ι
3126 5664 3333 5723 obscu-

182 5886 253 5917 ’⁸⁸
291 5883 572 5942 IeremJi.
608 5878 698 5938 Il.
772 5880 817 5913 ”
852 5879 1045 5948 Matth.
1086 5896 1215 5948 xxv,
1255 5880 1345 5937 55.
1420 5876 1465 5913 ⁸⁸
1506 5877 1659 5938 Deut.

1766 5894 1869 5948 an,
1913 5878 2001 5936 32.
2078 5878 2119 5912 ³¹
2156 5875 2264 5933 lsa.
2308 5890 2360 5942 v,
2398 5873 2455 5929 2.
2531 5874 2574 5907 ⁸¹
2617 5872 2751 5930 ibid.
2795 5870 2845 5927 7.
2908 5869 2969 5929 ,⁸³
3009 5860 3166 5924 Joan.
3208 5884 3331 5940 xu,

111 5939 345 6016 23-501
385 5954 430 5987 ιι
466 5939 611 6011 Psal.
654 5966 770 6022 ιη,
811 5939 897 6010 to.
969 5952 1015 5987 ει
1056 5939 1214 6011 Psat:
1243 5967 1308 6023 ιι,
1345 5948 1398 6006 a.
