3966 6348
645 501 740 557 '75!
1209 526 1212 530 -
1248 487 1250 489 ’
1294 493 1561 553 EUSEBII
1599 491 2067 551 CESARIENSIS
2101 490 2248 549 OPP.
2288 491 2465 551 PARS
2502 492 2590 554 Ill.
2625 522 2694 536 ——
2728 493 3133 553 EXEGETICA.
3729 503 3824 559 75!.

621 620 933 684 rabuntun;
970 633 988 668 ι
1018 623 1070 672 et
1099 617 1375 686 sequentia
1421 617 1688 672 similiter.
1728 614 1844 669 Non
1875 616 2018 671 enim
2048 629 2169 670 con-

2280 615 2393 667 ἐστι
2420 613 2488 668 τά
2519 615 2655 685 μετά
2677 618 2878 688 χεῖρας,
2901 617 2942 668 Τ
2946 616 2973 669 ὸ
2999 617 3124 689 γὰρ,
3154 635 3172 668 ι
3211 616 3491 690 Γενηθήτω
3514 621 3546 690 ἡ
3583 620 3825 692 τράπεζα

637 715 956 768 sentaneum
987 715 1089 773 est,
1127 723 1248 762 eum
1275 708 1367 778 qui
1398 705 1556 762 nobis
1598 707 1839 777 praecipit
1891 715 1949 760 ut
1983 705 2169 761 malum

2280 705 2473 772 αὐτῶν,
2512 727 2531 759 ι
2561 707 2846 761 ἀκουστέον
2877 709 2995 761 ἀντὶ
3021 710 3132 774 τοῦ,
3164 729 3182 762 ι
3209 713 3490 782 γενήσεται
3509 730 3523 744 ο
3559 732 3580 764 ι
3619 713 3715 766 καὶ
3749 713 3822 776 τὸ,

635 815 738 872 pro
773 801 912 854 malo
927 815 1044 854 non
1071 798 1379 865 reddamus,
1413 798 1506 855 sed
1529 813 1809 868 precemur
1844 814 1949 868 pro
1981 798 2049 853 iis
2087 799 2169 868 qui

2287 816 2304 847 ι
2355 798 2789 870 Σκοτισθήτωσαν
2830 801 2879 852 οἱ
2921 801 3183 872 ὀφθαλμοὶ
3219 803 3413 867 αὐτῶν,
3454 823 3474 856 ι
3524 805 3647 857 ἀντὶ
3714 804 3821 868 τοῦ,

636 893 1115 958 nobis-molestiam
1141 898 1349 955 creant,
1377 899 1429 944 et
1457 897 1512 944 ut
1541 889 1945 954 benedicamus,
1968 903 2068 945 nec
2094 904 2169 944 ex-

2285 908 2304 940 (
2337 891 2792 962 σκοτισθήσονται·
2843 911 2862 944 ι
2910 895 3001 945 καὶ⁵
3029 893 3096 946 τὰ
3130 895 3253 966 ἑξῆς
3301 897 3505 960 τούτοις
3540 896 3824 967 παραπληο

637 999 934 1048 secremur,
964 983 1319 1052 inimicosque
1347 982 1655 1054 diligamus,
1693 980 2001 1050 bujusmodi
2039 982 2169 1035 mala

2281 985 2429 1050 σίως.
2467 987 2555 1047 Οὐ,
2582 988 2689 1060 γὰρ
2720 988 2828 1058 ἔχει
2856 987 3010 1055 λόγον
3039 988 3127 1042 τὸν
3159 990 3285 1059 ἡμῖν
3322 990 3726 1063 προστάττοντα
3755 993 3823 1060 μὴ

636 1077 756 1132 aliis
789 1075 1097 1146 imprecari.
1122 1073 1237 1128 Non
1267 1075 1502 1144 Optativo
1533 1074 1712 1144 igitur,
1737 1089 1912 1144 neque
1948 1074 2169 1144 impera-

2277 1076 2672 1134 ἀνταποδιδόναι
2699 1083 2876 1153 ,κακὸν
2913 1084 3031 1137 ἀντὶ
3061 1082 3249 1146 κακοῦ,
3275 1081 3407 1135 ἀλλά
3435 1080 3824 1153 προσεύχεσθαι

637 1169 746 1223 tivo
778 1167 957 1231 modo,
981 1167 1076 1221 sed
1127 1167 1421 1222 secundum
1475 1167 1722 1220 traditam
1757 1166 2018 1222 rationem
2066 1168 2169 1221 haec

2280 1169 2422 1240 ὑπὲρ
2443 1169 2547 1223 τῶν
2579 1152 3004 1244 ἐπηρεαζόντων,
3036 1175 3129 1227 καὶ
3158 1172 3394 1240 εὐλογεῖν
3428 1152 3522 1226 καὶ
3555 1171 3632 1242 μὴ
3665 1189 3824 1224 κατα-

555 1318 559 1323 ,
636 1259 948 1330 prophetico
970 1259 1311 1328 pronuntiata
1343 1266 1488 1312 sunt.
1513 1256 1617 1311 Pro
1638 1258 1705 1312 iis
1725 1256 1866 1310 enim
1900 1271 2020 1325 quae
2045 1271 2177 1310 cono

637 1358 721 1405 tra
771 1367 857 1406 me
909 1349 1026 1405 ausi
1067 1358 1463 1421 perpetrarunt,
1499 1350 1612 1404 haec
1667 1349 1812 1419 ipsos
1867 1350 2171 1419 excipient:

635 1459 821 1500 mensa
857 1459 1044 1499 eorum
1103 1444 1207 1498 illis
1253 1458 1360 1496 non
1409 1442 1474 1495 ad
1518 1441 1969 1512 suppeditandum
1995 1441 2174 1496 cibum

635 1536 760 1598 erit,
785 1535 880 1590 sed
900 1536 954 1589 in
983 1534 1253 1604 laqueum,
1278 1542 1330 1588 et
1361 1536 1413 1586 ln
1437 1531 1817 1588 retributiones
1847 1543 1899 1586 ct
1935 1534 1989 1587 in
2018 1548 2177 1588 scan-

633 1624 839 1688 dalum,
873 1625 1000 1694 quia
1025 1623 1287 1678 dederunt
1322 1624 1376 1678 in
1401 1638 1581 1678 escam
1610 1637 1782 1677 meam
1816 1621 1905 1678 fel.
1936 1622 2171 1678 Mensam

627 1731 801 1785 porro
824 1715 1034 1770 Iudaici
1065 1715 1244 1786 populi
1282 1730 1440 1784 quam
1476 1713 1677 1768 dixeris
1718 1728 1858 1778 esse,
1895 1714 2002 1770 nisi
2039 1713 2176 1768 divi-

623 1810 782 1864 alitus
830 1809 1118 1878 inspiratas
1167 1806 1491 1875 Scripturas,
1525 1819 1658 1875 quas
1697 1805 1945 1860 meditari
1978 1812 2032 1860 et
2061 1820 2174 1860 me.

536 1940 539 1945 .
627 1899 859 1953 moritor
897 1897 1145 1968 proferre
1182 1896 1389 1952 solent?
1419 1895 1655 1962 Quarum
1701 1895 2081 1964 contemplatio
2118 1903 2172 1950 et

2280 1261 2488 1332 ρᾶσθαι,
2519 1263 2733 1333 ἀγαπᾷν
2768 1263 2823 1316 δὲ
2851 1266 2944 1316 καὶ
2979 1265 3100 1327 τοὺς
3143 1262 3387 1335 ἐχθροὺς,
3417 1262 3577 1315 αὑτὸν
3608 1260 3824 1313 τοιαῦτα

2279 1351 2628 1422 κατεύχεσθαι
2687 1355 2911 1424 ἑτέροις.
2959 1355 3070 1406 Οὐκ
3123 1352 3387 1417 εὐκτικῶς
3444 1352 3656 1417 τοίνυν,
3715 1352 3822 1403 οὐδὲ

2274 1444 2700 1514 προστακτικῶς.
2728 1446 2866 1499 κατά
2899 1446 2957 1498 δὲ
2987 1445 3074 1498 τὸν
3108 1445 3430 1500 άποδοθέντα
3461 1444 3665 1516 τρόπον
3699 1459 3821 1512 προ-

2273 1533 2512 1603 φητικῶς
2546 1535 2640 1588 καὶ
2666 1535 2834 1590 ταῦτα
2858 1535 3123 1589 λέλεκται.
3163 1535 3300 1590 Ἀνθ’
3329 1529 3404 1590 ὧν
3431 1535 3540 1609 γὰρ
3569 1534 3822 1606 τετολμή-

2273 1641 2400 1677 κασι
2451 1624 2544 1678 καὶ
2593 1625 2946 1698 διεπράξαντο
2990 1629 3111 1681 κατ’
3157 1627 3312 1698 ἐμοῦ,
3359 1627 3589 1683 τοιαῦτα
3633 1624 3821 1690 αὐτοὺς

2271 1713 2592 1778 διαδέξεται·
2628 1719 2660 1787 ἡ
2701 1715 2941 1788 τράπεζα
2972 1717 3145 1771 αὐτῶν
3197 1717 3345 1771 ἔσται
3397 1717 3576 1781 αὐτοῖς
3612 1717 3714 1769 οὐκ
3751 1717 3822 1778 είς

2272 1803 2565 1875 παράθεσιν
2611 1808 2834 1878 τροφῆς,
2872 1807 2985 1861 ἀλλ’
3031 1808 3112 1871 είς
3144 1807 3341 1876 παγίδα
3371 1807 3464 1860 καλ⁹
3497 1809 3575 1869 είς
3606 1806 3823 1859 ἀνταπο

2271 1896 2442 1960 δόσεις
2492 1899 2585 1950 καὶ
2636 1900 2714 1962 εἰς
2761 1899 3070 1964 σκάνδαλον,
3127 1898 3243 1952 ἀνθ’
3289 1892 3362 1952 ῶν
3411 1898 3617 1953 ἔδωκαν
3651 1901 3734 1962 εἰς
3768 1900 3825 1950 τὸ

635 1990 1005 2059 intelligentia,
1037 1988 1341 2042 animarum
1373 1986 1771 2040 rationabilium
1801 1997 1984 2039 escam
2024 2000 2169 2039 com-

2273 1987 2465 2058 βρῶμά
2489 2004 2590 2058 μου
2622 1989 2802 2060 χολήν.
2828 1989 3114 2062 Τράπεζαν
3143 1989 3200 2042 δὲ
3225 1988 3316 2042 τοῦ
3357 1989 3625 2044 Ἰουδαίων
3646 1989 3823 2052 ἔθνους

631 2081 909 2151 plectitur,
933 2079 1098 2135 dictio
1122 2086 1299 2134 autem
1330 2092 1528 2131 mensae
1554 2077 1672 2130 loco
1700 2086 1802 2132 est.

2275 2078 2393 2131 τίνα
2413 2077 2479 2132 ἂν
2509 2079 2677 2142 εἴποις
2698 2079 2844 2150 me;
2868 2080 3243 2144 θεοπνεύστους
3260 2080 3497 2151 Γραφάς,
3515 2080 3580 2145 ἃς
3605 2081 3828 2152 μελετᾷν

630 2173 722 2224 καὶ
769 2171 1211 2241 ἀποστοματίζειν
1252 2169 1498 2222 εἰώθασιν
1520 2163 1639 2234 ,ὧν
1666 2171 1697 2240 ὴ
1737 2171 1835 2240 μὲν
1868 2169 2065 2241 θεωρία
2127 2171 2216 2223 καὶ
2252 2172 2285 2241 ἡ
2339 2172 2539 2242 νόησις,
2564 2171 2744 2242 ψυχῶν
2766 2175 2968 2246 τροφὴν
2997 2173 3222 2243 λογικῶν
3254 2175 3511 2247 περιέχει,
3534 2177 3568 2246 ἡ
3598 2174 3656 2228 δὲ
3687 2171 3829 2241 λέξις

627 2262 900 2334 τραπέζης
931 2260 1110 2332 χώραν
1145 2262 1404 2332 περιέχει.
1440 2282 1442 2289 ι

698 2374 849 2430 Hanc
893 2375 1073 2444 itaque
1101 2389 1344 2429 mensam
1385 2389 1590 2440 eorum,
1622 2390 1813 2446 nempe
1847 2376 2058 2431 obviam
2090 2377 2173 2432 di-

628 2466 875 2520 vinarum
900 2463 1300 2534 Scripturarum
1328 2466 1637 2533 lectionem,
1659 2468 1791 2538 ipsis
1811 2471 1866 2522 in
1897 2468 2168 2538 laqueum,

626 2565 683 2608 et
706 2555 763 2610 in
789 2554 1170 2612 retributiones
1192 2555 1315 2610 etin
1341 2557 1653 2611 scandalum
1677 2557 1790 2613 fore
1808 2559 2166 2629 praenuntiat;

629 2653 790 2717 atque
824 2661 933 2700 non
975 2654 1169 2700 natura
1209 2646 1370 2701 talem
1403 2662 1544 2711 esse,
1579 2647 1673 2704 sed
1701 2649 1833 2719 ipsis
1861 2649 2171 2719 bujusmodi

627 2736 886 2792 futuram.
922 2735 977 2792 Id
1009 2738 1151 2793 enim
1185 2739 1271 2800 his
1291 2739 1469 2793 verbis
1507 2739 1840 2810 signiﬁcatur
1874 2759 1888 2794 :
1920 2759 1940 2792 ι
1974 2740 2170 2797 Coram

625 2829 760 2900 ipsis
786 2827 878 2883 ﬁat
905 2842 1092 2884 mensa
1122 2832 1390 2884 eorum'in
1419 2831 1665 2900 laqueum
1695 2839 1749 2887 et
1777 2832 1830 2886 in
1858 2820 2173 2888 retributio-
2213 2866 2217 2870 -

625 2931 724 2976 nes
767 2925 822 2974 et
850 2919 908 2973 in
957 2919 1291 2975 scandalum.
1332 2939 1351 2972 ι
1402 2919 1514 2977 Ηοο
1549 2929 1726 2976 autem
1768 2929 1930 2991 opere
1969 2922 2024 2982 in
2065 2922 2172 2976 illis

624 3012 944 3080 completur.
984 3009 1202 3066 Divinas
1255 3026 1488 3081 namque
1538 3011 1848 3082 Scripturas
1899 3013 2169 3092 legentes,

626 3102 820 3156 exinde
865 3102 1070 3172 laqueis
1109 3103 1502 3170 complicantur
1532 3118 1547 3155 :
1575 3117 1760 3157 earum
1795 3104 1994 3174 quippe
2025 3105 2168 3159 dicta

625 3200 820 3262 praeter
838 3208 1019 3248 veram
1044 3194 1321 3248 scientiam
1345 3191 1692 3263 excipientes,
1723 3199 2034 3266 rectumque
2059 3212 2172 3252 ver-

625 3283 817 3359 borum
862 3299 1080 3339 sensum
1113 3291 1443 3346 evertentes;
1488 3284 1555 3341 iis
1586 3286 1651 3340 ad
1693 3301 1801 3340 non
1841 3287 2168 3342 credendum

626 3373 902 3431 Servatori
947 3373 1152 3430 seducti
1196 3383 1340 3432 sunt.
1393 3377 1506 3433 [mo
1535 3377 1694 3432 etiam
1745 3393 1930 3434 mensa
1979 3395 2167 3434 eorum

534 3456 538 3461 ’
623 3464 758 3538 ipsis
811 3466 864 3519 in
930 3467 1310 3523 retributiones
1367 3468 1610 3524 vertitur.
1673 3469 1828 3536 Quod
1888 3472 2031 3528 enim
2095 3474 2174 3526 le-

623 3559 830 3614 ctiones
857 3574 966 3613 non
992 3559 1319 3630 intelligant,
1352 3561 1432 3616 vel
1459 3562 1584 3617 inde
1610 3561 1911 3617 facinorum
1945 3579 2170 3620 suorum

622 3653 678 3704 in
711 3651 884 3720 ipsum
911 3665 1102 3721 pmnas
1130 3652 1303 3706 luunt.
1332 3650 1512 3718 Quare
1535 3652 1890 3725 Symmachus
1919 3671 2015 3725 pro
2044 3657 2168 3720 ille,

628 3762 646 3791 ι
673 3749 726 3795 et
756 3742 810 3794 in
843 3741 1264 3800 retributiones.
1287 3761 1304 3793 ι
1327 3745 1520 3811 vertit,
1545 3764 1562 3795 ‹
1589 3754 1642 3798 et
1674 3745 1728 3798 in
1759 3747 2080 3816 supplicium
2106 3764 2120 3812 ;
2147 3766 2165 3798 ι

623 3834 753 3904 quin
779 3835 940 3889 etiam
973 3833 1029 3889 in
1060 3833 1373 3888 scandalum
1400 3851 1580 3890 coram
1611 3837 1742 3906 ipsis
1769 3851 1957 3892 mensa
1984 3821 2172 3892 eorum

621 3929 868 3981 vertitur.
913 3925 1067 3981 Nuda
1108 3928 1306 3998 quippe
1354 3929 1519 3982 verba
1561 3930 1798 3999 legentes
1830 3929 2168 4002 impingunt,

624 4029 880 4072 arcanum
929 4033 1117 4072 eorum
1164 4034 1382 4074 sensum
1429 4035 1535 4073 non
1580 4023 1875 4090 capientes.
1929 4020 2170 4089 Exempli

623 4122 788 4164 causa
807 4148 822 4173 ,
849 4123 970 4163 cum
993 4111 1254 4176 audiunt,
1277 4121 1367 4177 ut,
1399 4112 1714 4168 adveniente
1738 4113 1983 4191 Christo,
2007 4111 2169 4168 simul

623 4209 809 4270 pascet
835 4201 994 4270 lupus
1016 4216 1137 4256 cum
1169 4216 1307 4272 agno
1325 4244 1341 4266 ,
1369 4213 1422 4257 et
1451 4205 1652 4273 pardus
1677 4219 1800 4260 cum
1833 4204 1984 4272 haedo
2009 4219 2171 4258 accu-

627 4291 815 4356 babit,
846 4291 930 4347 leo
959 4299 1011 4347 et
1043 4292 1153 4358 bos
1174 4294 1456 4347 comedent
1486 4295 1665 4363 paleas
1707 4295 1789 4362 ³⁶;
1839 4296 1953 4348 haec
1997 4302 2052 4350 et
2092 4296 2168 4350 si-

625 4383 774 4437 milia
806 4373 912 4438 non
943 4383 1336 4453 intelligentes,
1372 4383 1690 4438 adveniente
1720 4382 1939 4460 Christo
1959 4383 2025 4460 in
2054 4383 2170 4437 haec

622 4475 956 4544 impingunt;
981 4475 1108 4545 quia
1136 4475 1250 4529 haec
1273 4489 1379 4530 non
1403 4474 1647 4530 sensibili
1676 4474 1836 4529 modo
1856 4475 1912 4529 in
1933 4475 2052 4544 ejus
2075 4475 2172 4530 ad-

621 4574 785 4622 ventu
809 4569 1170 4638 contigerunt.
1206 4565 1299 4620 Sic
1326 4581 1456 4636 ergo
1485 4565 1740 4637 praedicta
1770 4581 1956 4620 eorum
1981 4581 2168 4623 mensa

2349 2374 2391 2428 Τ
2395 2373 2560 2445 αύτην
2582 2373 2757 2428 τοίνυν
2780 2375 2875 2446 τὴν
2898 2373 3171 2446 τράπεζαν
3206 2372 3403 2438 αὐτῶν,
3421 2375 3518 2446 τὴν
3545 2377 3826 2449 πρόχειρον

2275 2464 2380 2517 τῶν
2429 2463 2583 2516 θείων
2615 2463 2842 2534 Γραφῶν
2884 2463 3182 2531 ἀνάγνωσιν
3212 2460 3565 2533 προαγορεύει
3613 2465 3823 2517 ἔσεσθαι

2273 2554 2453 2617 αὐτοῖς
2483 2555 2560 2617 είς
2583 2555 2782 2622 παγίδα
2805 2555 2897 2607 κα)⁹
2923 2556 3000 2617 είς
3026 2553 3402 2628 ἀνταποδόσεις
3435 2555 3528 2607 καὶ
3565 2557 3643 2618 εἰς
3670 2556 3821 2610 σκάν-

2272 2645 2459 2699 δαλον’
2495 2646 2589 2714 καὶ
2617 2645 2831 2699 ἔσεσθαι
2859 2645 3030 2716 αὐτὴν
3055 2644 3304 2717 τοιαύτην
3337 2645 3538 2711 αὐτοῖς,
3577 2648 3636 2700 ού
3673 2645 3820 2716 φύσει

2271 2734 2432 2792 οὖσαν
2463 2737 2734 2808 τοιαύτην,
2758 2739 2871 2793 ἀλλ’
2903 2740 3084 2803 αὐτοῖς
3117 2738 3332 2793 ἔσεσθαι
3365 2739 3637 2810 τοιαύτην.
3663 2740 3821 2794 Τοῦτο

2272 2827 2377 2900 γὰρ
2403 2829 2650 2900 σημαίνει
2679 2831 2706 2882 ὁ
2741 2829 2904 2896 λόγος·
2923 2823 3140 2882 εἰπών’(
3181 2828 3434 2883 Ἐνώπιον
3463 2831 3639 2883 αὐτῶν
3671 2847 3821 2902 γενη-

2272 2920 2417 2991 θήτω
2447 2923 2480 2992 ή
2511 2922 2754 2990 τράπεζα
2780 2923 2957 2976 αὐτῶν
2993 2925 3071 2988 είς
3112 2925 3330 2993 παγίδα,
3366 2925 3459 2979 καὶ
3480 2927 3560 2989 εἰς
3597 2928 3818 2980 ἀνταπο-

2269 3013 2442 3076 δόσεις
2474 3014 2568 3066 καὶ
2590 3017 2668 3076 είς
2697 3015 3006 3068 σκάνδαλον.
3032 3034 3049 3064 ι
3077 3016 3260 3087 Ἐργῳ
3273 3015 3328 3068 δὲ
3349 3015 3504 3069 τοῦτο
3533 3019 3616 3081 είς
3634 3019 3817 3078 αὐτοὺς

2273 3103 2589 3174 πληροῦται.
2623 3105 2752 3166 Ταῖς
2783 3104 2909 3171 γοῦν
2942 3104 3109 3168 θείαις
3141 3105 3380 3176 Γραφαῖς
3414 3108 3816 3176 ἐντυγχάνοντες

2274 3195 2331 3261 ἐξ
2379 3194 2556 3248 αὐτῶν
2588 3195 2774 3262 παγίσι
2813 3197 3235 3269 περιπείρονται,
3271 3197 3468 3268 ἑτέρως
3497 3199 3531 3269 ἢ
3568 3200 3707 3251 κατὰ
3735 3199 3818 3252 τὸν

2273 3288 2445 3358 ἀληθῆ
2465 3286 2585 3340 νοῦν
2603 3285 3026 3358 ἐκλαμϐάνοντες
3049 3286 3142 3351 τὰς
3160 3288 3351 3355 λέξεις,
3373 3288 3466 3341 καὶ
3486 3289 3816 3362 διαστρέφον-

2271 3399 2360 3444 τες
2378 3380 2466 3433 τὺν
2490 3381 2547 3432 ὲν
2571 3380 2757 3443 αὐταῖς
2774 3379 2928 3450 ὀρθὸν
2949 3380 3122 3448 λόγον,
3136 3380 3192 3448 ἐξ
3209 3381 3382 3435 αὐτῶν
3404 3399 3466 3435 τε
3485 3384 3563 3445 είς
3573 3384 3815 3439 ἀπιστίαν

2270 3472 2363 3526 τοῦ
2397 3470 2644 3541 Σωτῆρος
2681 3473 3138 3543 περιπειρόμενοι.
3179 3471 3334 3525 Ἀλλά
3367 3473 3460 3525 καὶ
3493 3474 3571 3536 είς
3595 3475 3816 3526 ἀνταπο-

2269 3565 2441 3628 δόσεις
2461 3563 2667 3632 γίνεται
2691 3564 2870 3626 αὐτοῖς
2893 3566 2924 3634 ἠ
2943 3564 3184 3634 τράπεζα
3213 3564 3407 3619 αὐτῶν.
3443 3566 3528 3618 Ἐν
3548 3566 3654 3637 γάρ
3679 3564 3816 3635 αὐτῷ

2269 3657 2442 3726 τούτῳ
2473 3656 2548 3726 τῷ
2584 3655 2656 3727 μὴ
2691 3656 2922 3709 συνιέναι
2951 3657 3018 3711 τὰ
3047 3657 3472 3728 ἀναγνῶσματα,
3505 3657 3813 3719 ἀπολαμϐά-

2271 3764 2448 3800 νουσιν
2572 3746 2804 3819 ἔδρασαν
2836 3749 2954 3800 κατ’
2985 3747 3143 3801 αὐτοῦ
3176 3749 3273 3819 τὴν
3303 3748 3594 3820 τιμωρίαν.
3626 3749 3813 3818 Διόπερ

2267 3839 2299 3890 ὁ
2321 3833 2612 3906 Σύμμαχος
2637 3837 2755 3889 ἀντὶ
2779 3836 2893 3902 τοῦ,
2921 3854 2938 3886 ι
2968 3837 3058 3888 καὶ
3090 3837 3168 3899 είς
3192 3835 3568 3899 ἀνταποδόσεις
3586 3836 3720 3901 ,καὶ
3737 3838 3813 3900 είς

2271 3929 2576 3996 τιμωρίαν,
2624 3927 2980 3996 ἡρμήνευσεν.
3036 3925 3222 4000 Ἀλλὰ.
3251 3927 3346 3978 καὶ
3391 3928 3470 3988 είς
3528 3927 3810 3980 σκάνδαλον

2271 4019 2475 4088 γίνεται
2511 4017 2736 4070 ἐνώπιον
2769 4016 2944 4070 αὐτῶν
2977 4019 3009 4087 ἡ
3040 4014 3281 4088 τράπεζα
3313 4014 3508 4070 αὐτῶν.
3542 4016 3811 4069 Σκανδαλί·

2273 4107 2448 4173 ζονται
2477 4108 2583 4180 γάρ
2608 4106 3018 4179 ἐντυγχάνοντες
3044 4106 3221 4176 ψιλαῖς
3250 4109 3366 4170 ταῖς
3395 4105 3589 4172 λέξεσι,
3623 4109 3716 4160 καὶ
3744 4106 3809 4177 μὴ

2228 4260 2244 4270 ι
2271 4201 2537 4265 συνιέντες
2563 4201 2660 4272 τὴν
2683 4203 2740 4254 ἐν
2766 4201 2954 4262 αὑταῖς
2981 4191 3207 4271 θεωρίαν
3229 4215 3241 4227 ⁸
3267 4196 3375 4252 οἷον
3397 4199 3700 4264 ἀκούοντες,
3723 4199 3807 4264 ὡς,

2271 4292 2585 4355 ἐπιστάντος
2608 4291 2699 4344 τοῦ
2721 4290 2976 4362 Χριστοῦ,
3000 4290 3428 4364 συμϐοσκήσεται
3475 4289 3634 4354 λύκος
3684 4288 3808 4360 μετά

2265 4382 2449 4453 ἀρνὸς,
2467 4382 2559 4434 καὶ
2580 4380 2838 4452 πάρδαλις
2864 4379 3320 4433 συναναπαύσεται
3344 4380 3515 4451 ἐρίφῳ
3530 4420 3549 4445 ,
3573 4381 3666 4434 καὶ
3687 4379 3808 4433 λέων

2266 4473 2364 4525 καὶ
2401 4471 2525 4543 βοῦς
2555 4465 2782 4540 φάγεται
2811 4472 3014 4542 ἄχυρα*
3065 4471 3232 4524 ταῦτα
3270 4471 3361 4525 καὶ
3393 4471 3460 4524 τὰ
3490 4471 3710 4526 τοιαῦτα
3740 4471 3806 4543 μὴ

2272 4564 2557 4626 συνιέντες,
2588 4560 3017 4631 σκανδαλίζονται
3054 4564 3145 4616 ἐπὶ
3171 4562 3250 4632 τῷ
3275 4563 3549 4632 ἐληλυθότι
3578 4563 3803 4635 Χριστῷ,

623 4659 725 4714 fuit
753 4673 939 4713 coram.
963 4659 1097 4728 ipsis
1128 4659 1185 4713 in
1214 4659 1465 4729 laqueum
1489 4697 1506 4724 ,
1533 4666 1587 4713 et
1617 4659 1672 4713 in
1699 4658 2083 4713 retributiones
2114 4665 2168 4713 et

2269 4657 2353 4712 ὅτι
2386 4655 2458 4726 μὴ
2503 4652 2772 4723 αἰσθητῶς
2802 4653 3013 4720 ἐγένετο
3036 4654 3205 4707 ταῦτα
3230 4655 3287 4708 ἐν
3318 4656 3382 4727 τῇ
3401 4655 3580 4709 αὐτοῦ
3612 4673 3800 4727 παρου·

623 4751 681 4807 in
709 4748 1043 4803 scandalum.
1074 4749 1303 4821 Haecque
1331 4750 1477 4821 passi
1525 4758 1683 4812 sunt,
1725 4751 1851 4820 quia
1891 4750 2168 4804 obscurati

622 4825 751 4899 sunt
780 4841 922 4895 oculi
944 4855 1131 4896 eorum
1156 4851 1214 4902 ut
1239 4858 1348 4897 non
1381 4843 1625 4898 viderent
1646 4882 1660 4906 ,
1688 4842 1813 4912 quia
1845 4848 2168 4910 respuerunt

621 4937 795 4988 lucem
821 4930 1213 4988 illuminantem
1239 4947 1453 4986 omnem
1483 4933 1783 4995 hominem,
1809 4939 1863 4987 et
1891 4933 2017 5002 quia
2045 4946 2170 4986 ocu-

620 5028 701 5081 los
732 5025 993 5080 habentes
1022 5039 1130 5079 non
1161 5023 1418 5078 videbant
1440 5062 1456 5087 ,
1485 5033 1538 5078 et
1564 5039 1724 5078 aures
1767 5023 2027 5079 habentes
2058 5037 2165 5077 non

620 5117 930 5173 audiebant.
977 5114 1339 5170 Incrassalum
1373 5117 1515 5168 enim
1555 5123 1638 5170 est
1683 5131 1777 5170 cor
1821 5131 2033 5179 eorum,
2083 5131 2167 5170 se-

620 5209 856 5263 cundum
880 5208 1093 5272 Isaiam,
1115 5212 1185 5261 "et
1208 5207 1393 5262 oculos
1416 5208 1760 5283 obturat-unt,
1787 5221 2051 5278 auresque
2074 5221 2165 5277 ag-

623 5311 920 5372 gravarunt
939 5300 1007 5356 ".
1043 5301 1222 5366 Quare
1247 5299 1333 5352 hic
1353 5297 1744 5368 praenuntiatur
1770 5319 1782 5352 :
1813 5317 1830 5350 ι
1855 5298 2163 5354 Obscuren-

621 5399 711 5444 tur
727 5390 870 5444 oculi
897 5405 1086 5444 eorum
1113 5405 1180 5443 ne
1208 5386 1444 5442 videant.
1477 5408 1494 5440 ι
1525 5389 1702 5442 Alium
1729 5403 1946 5464 quoque
1971 5403 2160 5444 casum

621 5497 807 5539 eorum
835 5482 979 5535 clare
1001 5480 1328 5535 vaticinatur
1353 5480 1438 5534 his
1464 5481 1646 5536 verbis
1669 5500 1680 5534 :
1703 5499 1719 5531 ι
1742 5479 1805 5534 Et
1829 5479 2050 5536 dorsum
2075 5496 2164 5535 eo-

623 5587 744 5628 nun
775 5585 987 5642 semper
1017 5573 1236 5624 incurva
1257 5610 1272 5634 ,
1307 5554 1405 5624 rid
1431 5577 1552 5632 est,
1580 5589 1598 5622 ι
1632 5571 1940 5626 incurvabis
1965 5590 1980 5639 ;
2017 5591 2036 5624 ι
2064 5578 2116 5626 et
2143 5588 2156 5623 :

597 5683 604 5692 -
629 5662 884 5731 rilﬂ'unde
907 5678 1071 5732 super
1097 5677 1189 5717 eos
1210 5663 1344 5716 iram
1371 5663 1805 5726 tuamnscilicet,
1829 5663 2153 5728 redundesp

621 5761 676 5808 et
701 5770 716 5808 :
753 5751 958 5808 (“Furor
988 5753 1082 5808 ira:
1114 5762 1220 5808 tua:
1247 5754 1665 5824 comprehendat
1693 5771 1786 5813 eos
1806 5758 2118 5823 ,mimirum
2139 5798 2154 5824 ,

689 5911 740 5949 "
772 5913 879 5968 133.
920 5925 996 5975 ιι,
1035 5908 1085 5966 6.
1164 5910 1205 5943 ⁸⁷
1243 5907 1346 5967 isa.
1385 5927 1456 5974 γι,
1498 5911 1580 5969 l0.

2270 4749 2377 4818 σία.
2418 4745 2601 4811 Οὕτως
2622 4740 2712 4800 οὖν
2732 4729 2771 4816 δή
2804 4744 3115 4798 ἀποδοθεῖσα
3138 4747 3311 4800 αὐτῶν
3330 4747 3575 4820 τράπεζα
3597 4747 3802 4816 γέγονεν

2242 4823 2494 4893 ’ἐνώπιον
2526 4837 2702 4891 αὐτῶν
2733 4838 2811 4900 είς
2843 4836 3062 4904 παγίδα,
3095 4838 3187 4891 καὶ
3217 4841 3294 4902 είς
3318 4839 3695 4902 ἀνταποδόσεις
3719 4840 3800 4893 καὶ

2269 4931 2348 4990 είς
2368 4929 2675 4984 σκάνδαλον.
2693 4927 2798 4982 Καὶ
2814 4926 2979 4980 ταῦτα
3000 4929 3343 4995 πεπόνθασιν,
3364 4927 3653 5000 ἐπειδήπερ
3671 4932 3801 4983 ἐσκο-

2266 5019 2526 5091 τίσθησαν
2552 5021 2601 5072 οῑ
2627 5016 2889 5087 ὀφθαλμοὶ
2915 5017 3090 5071 αὐτῶν
3118 5018 3212 5072 τοῦ
3249 5018 3322 5091 μὴ
3355 5000 3568 5088 βλέπειν
3592 5057 3605 5081 ,
3638 5019 3724 5073 διὰ
3751 5021 3801 5074 τὸ

2271 5111 2610 5184 παρῃτῆσθαι
2631 5110 2690 5164 τὸ
2718 5109 2832 5179 φῶς
2858 5109 2918 5162 τὸ
2943 5111 3170 5179 φωτίζον
3198 5111 3372 5164 πάντα
3389 5108 3696 5181 ἄνθρωπον,
3719 5111 3800 5164 καὶ

2269 5203 2390 5262 enat
2411 5202 2714 5272 ὀφθαλμοὺς
2748 5199 2955 5269 ἔχοντες
2984 5201 3081 5255 οὐκ
3120 5201 3359 5263 έὸλεπον,
3389 5200 3483 5253 καὶ
3517 5193 3627 5255 ὦτα
3667 5201 3799 5271 ἔχον-

2265 5311 2354 5358 τες
2393 5295 2491 5347 οὐκ
2545 5293 2756 5363 ῆκουον.
2809 5292 3108 5363 Ἐπαχύνθη
3152 5291 3260 5363 γάρ
3290 5293 3324 5362 ὴ
3369 5292 3561 5365 καρδία
3595 5292 3794 5355 αὐτῶν,

2217 5381 2222 5385 ’
2264 5383 2402 5453 κατά
2425 5385 2515 5438 τὸν
2556 5383 2793 5448 Ἡσαΐαν,
2839 5383 2927 5436 καὶ
2969 5385 3093 5447 τοὺς
3121 5382 3424 5454 ὀφθαλμοὺς
3465 5384 3791 5456 ἐκάμμυσαν,

2267 5481 2360 5534 καὶ
2402 5479 2468 5533 τὰ
2505 5474 2639 5533 ὦτα
2682 5477 2965 5547 ὲὸάρυναν.
3005 5477 3094 5532 Διὸ
3125 5481 3495 5552 λπροαγορεύει
3533 5480 3795 5552 φάσκωνό

2265 5571 2446 5640 λόγος·
2490 5570 2961 5642 (Σκοτισθήτωσαν
2997 5573 3053 5625 ot
3099 5571 3358 5644 ὀφθαλμοὶ
3395 5573 3572 5628 αὐτῶν
3610 5571 3701 5626 τοῦ
3728 5569 3792 5642 μή

2267 5663 2497 5734 βλέπειν.
2525 5663 2680 5718 ›·Καὶ
2703 5662 2827 5716 ἄλλο
2850 5663 2904 5716 δὲ
2929 5662 3167 5738 ἰναργῶς
3196 5663 3402 5735 συμϐὰν
3419 5667 3600 5728 αὐτοῖς
3626 5661 3793 5717 θεσπί-

2265 5755 2344 5822 ζει
2363 5755 2565 5826 λέγων’
2595 5774 2617 5811 ι
2638 5753 2746 5811 Καὶ
2766 5755 2857 5807 τὸν
2877 5755 3040 5809 νῶτον
3061 5754 3237 5811 αὐτῶν
3253 5755 3541 5820 διαπαντὸς
3567 5754 3794 5826 σύγ-κάμε
