3966 6348
200 377 305 434 753

1302 384 1788 441 communem
1827 386 1892 440 1N
1931 368 2278 440 PSALMOS.‘

3285 373 3389 432 7“

197 499 321 567 «ιο-ν,
345 513 364 548 ι
407 497 526 550 άντὶ
564 498 656 551 τοῦ
676 540 690 564 ,
735 516 753 548 ι
782 498 1142 570 συγκάμψεις·
1171 517 1188 551 ι
1231 502 1342 564 καὶ,
1369 520 1388 552 ι
1415 504 1638 574 Ἕκχεον
1669 507 1750 559 ἐπ’

1859 522 1878 552 ε
1909 503 2342 575 comprehendet.
2371 520 2388 550 ι
2419 498 2698 566 Quomodo
2725 504 2902 554 autem
2935 497 3120 553 istbaze
3145 501 3267 566 post
3287 492 3386 548 Ju-

198 587 394 651 αὺτοὺς
414 589 508 660 τὴν
523 590 686 661 ὀργήν
719 594 810 644 σου
833 631 846 655 ,
873 611 890 642 ι
925 593 1040 643 ἀντὶ
1064 591 1179 654 τοῦ,
1203 610 1221 642 ι
1244 593 1452 663 ὲκχεεῖς
1469 612 1515 647 ἰ
1539 595 1650 660 καὶ,
1676 615 1693 650 ι
1724 599 1754 650 ὁ

199 678 370 749 θυμὸς
399 680 495 751 τῆς
535 682 702 751 ὀργῆς
747 699 840 735 σου
874 682 1173 742 καταλάϐοι
1195 685 1408 748 αὐτοὺς,
1431 705 1448 736 ι
1487 686 1605 739 ἀντὶ
1636 689 1750 751 τοῦ,

205 788 225 821 ι
247 771 664 842 καταλήψεται.»
701 773 884 836 Ὅπως
910 773 966 826 δὲ
1003 775 1095 827 καὶ
1121 773 1289 829 ταῦτα
1326 777 1458 847 μετὰ
1488 778 1583 849 τὴν
1613 781 1753 834 κατὰ

196 859 294 914 τοῦ
320 862 566 933 Σωτῆρος
591 862 743 933 ήμῶν
769 863 982 933 τόλμαν.
997 864 1073 934 τῷ
1116 865 1378 920 Ἰουδαίων
1401 865 1741 936 συμϐέϐηκεν

199 949 376 1013 tam,
417 952 477 1004 οὐ
514 951 767 1022 δυσχερὲς
804 952 1150 1022 καταμαθεῖν.
1199 953 1370 1007 Πάλαι
1404 953 1499 1022 μὲν
1531 953 1636 1026 γάρ
1665 952 1752 1006 διὰ

195 1041 298 1105 τὰς
324 1037 757 1112 είδὼλολατρείας
775 1042 949 1096 αὐτῶν
979 1043 1187 1120 ἐχθροῖς
1209 1045 1299 1096 καὶ
1323 1043 1596 1114 πολεμίοις
1618 1045 1751 1116 πρὸς

196 1133 378 1204 ὀλίγον
401 1135 585 1204 καιρὸν
607 1133 911 1187 ἐδουλοῦντο
929 1149 943 1163 ·
970 1131 1066 1188 εἶτ’
1091 1132 1240 1200 αὖθις
1262 1135 1358 1206 τὴν
1381 1127 1584 1188 οἰκείαν
1604 1136 1752 1189 ἐλευ-

198 1224 386 1294 θερίαν
418 1223 713 1292 ἐλάμϐανον
732 1241 747 1254 ·
778 1224 1057 1296 αὐτόνομοί
1087 1244 1145 1280 τε
1187 1226 1281 1280 καὶ
1324 1226 1749 1279 αὑτοϐασί).ευτοι

197 1315 483 1378 διετέλουν,
504 1314 564 1366 τδ
579 1314 716 1385 ἱερὸν
741 1316 830 1368 καὶ
852 1315 947 1387 τὴν
967 1318 1023 1368 ἐν
1048 1317 1194 1387 αὑτῷ
1221 1315 1356 1369 κατά
1375 1317 1464 1368 τὸν
1478 1317 1750 1380 Μωῦσέως

199 1407 364 1475 νόμον
401 1405 648 1476 λατρείαν
678 1406 1070 1477 διατρέχοντες·
1113 1407 1247 1477 μετὰ
1278 1407 1334 1460 δὲ
1366 1409 1463 1477 τὴν
1488 1407 1625 1460 κατὰ
1655 1406 1747 1460 τοῦ

200 1496 452 1566 Σωτῆρος
477 1497 632 1566 ἡμῶν
654 1496 965 1568 ἐπιϐουλὴν,
989 1498 1202 1552 πάντων
1229 1480 1436 1569 ἀθρόως
1461 1499 1579 1550 ἐστε
1589 1496 1751 1568 ρήθη-

203 1602 335 1639 σαν·
379 1588 684 1658 πολιορκίαν
709 1605 766 1641 τε
797 1590 889 1641 καὶ
921 1589 1155 1644 δουλείαν
1194 1589 1290 1661 τὴν
1318 1589 1420 1643 ὑπὸ
1467 1589 1750 1660 Ῥωμαίοις

201 1678 612 1747 ὑπομείναντες,
652 1677 921 1749 διέμειναν
953 1679 1093 1734 οῦτω
1129 1681 1402 1743 ταπεινοὶ,
1437 1681 1528 1732 καὶ
1563 1675 1748 1749 μηκέτ’

200 1768 490 1824 ἀνανεῦσαι
520 1769 856 1840 δεδυνημένοι
876 1787 890 1800 ·
928 1771 956 1822 ὃ
979 1770 1042 1840 δὴ
1076 1771 1376 1841 σημαίνειή
1412 1770 1544 1841 μετὰ
1569 1762 1750 1840 χεῖρᾶς

1852 596 2087 650 deorum
2116 602 2304 649 contra
2332 591 2668 647 Servatorem
2698 596 2941 643 nostrum
2975 587 3151 642 audax
3177 587 3384 640 facinus

1851 685 1994 758 genti
2021 686 2381 756 contigerint,
2420 697 2528 737 non
2557 679 2771 735 difﬁcile
2801 679 3080 733 intellectu
3109 685 3215 733 est.
3244 676 3380 730 Nam

1852 779 1977 830 olim
2007 777 2243 846 quidem,
2274 775 2588 829 idololatriae
2617 786 2726 828 suae
2751 785 2935 828 causa.
2964 768 3304 822 inimicorum
3333 775 3386 822 et

1852 859 2087 922 hostium
2139 863 2388 920 servituti
2432 863 2498 917 ad
2544 863 2707 924 breve
2744 867 2956 928 tempus
2998 856 3386 920 tradebantur;

1850 959 2059 1031 deinde,
2088 957 2144 1010 in
2184 955 2466 1026 pristinam
2510 953 2810 1007 libertatem
2850 946 3296 1010 restituebantur,
3326 962 3421 1000 ac:

1851 1052 1937 1109 Sui
1974 1030 2139 1121 juris'
2162 1050 2384 1117 suisque
2422 1030 2645 1115 regibus
2687 1041 2886 1100 subditi
2925 1039 3220 1109 degebant,
3252 1047 3364 1093 tern-
3398 1073 3406 1084 .

1848 1143 1994 1213 plum
2015 1183 2028 1206 ,
2059 1141 2371 1208 cultumque
2413 1138 2484 1192 ibi
2516 1153 2578 1192 ex
2625 1134 2821 1206 Moysis
2868 1134 2982 1201 lege
3016 1130 3386 1202 praescriptum

1850 1229 2306 1300 frequentabant;
2339 1236 2460 1297 post
2489 1223 2712 1280 insidias
2741 1236 2869 1276 vero
2908 1227 3095 1274 contra
3135 1217 3384 1272 Salvato-

1849 1337 1960 1376 rem
1990 1330 2236 1376 nostrum
2267 1325 2506 1382 structas
2526 1356 2541 1380 ,
2574 1314 2827 1370 omnibus
2866 1309 3148 1366 confertim
3191 1307 3385 1379 privati

1849 1419 1978 1467 sunt
2003 1431 2015 1465 :
2043 1421 2204 1479 atque
2230 1409 2513 1463 obsidione
2537 1413 2590 1460 et
2617 1405 2875 1459 servitute
2898 1403 3152 1456 Romanis
3173 1414 3390 1470 Oppres-

1849 1503 1929 1566 si,
1969 1502 2049 1556 sic
2078 1500 2278 1568 abiecti
2297 1538 2311 1562 ,
2344 1513 2412 1552 ne
2437 1489 2653 1566 q'uidem
2682 1502 2846 1572 caput
2871 1495 3080 1563 erigere
3107 1492 3383 1551 audentes.

1849 1599 2241 1649 remanserunt.
2288 1588 2442 1655 Quod
2485 1589 2582 1640 hac
2623 1585 2901 1656 pr0pbetia
2943 1585 3274 1655 significatur
3300 1583 3386 1637 his

1848 1684 2064 1739 verbis:
2095 1701 2113 1733 ι
2146 1679 2209 1734 Et
2238 1679 2457 1733 dorsum
2487 1692 2672 1733 eorum
2717 1690 2927 1744 semper
2969 1678 3213 1731 incurva.
3245 1694 3263 1726 ι
3291 1673 3386 1727 At-

1848 1764 2008 1829 tende
2031 1787 2159 1828 vero
2187 1770 2254 1825 ad
2285 1768 2415 1823 illud
2437 1807 2450 1831 ,
2477 1786 2494 1818 ι
2521 1781 2752 1836 semper.
2782 1784 2800 1816 ι
2824 1764 2938 1820 Non
2964 1765 3106 1829 enim
3135 1765 3200 1818 ad
3229 1765 3388 1818 breve

191 1861 505 1930 προφητεία
536 1860 593 1913 ἐν
617 1859 693 1930 τῷ
719 1861 894 1929 λέγειν
910 1878 924 1892 ·
964 1880 982 1912 ι
1007 1862 1113 1915 Kal
1138 1863 1227 1914 τὸν
1250 1862 1413 1915 νῶτον
1442 1862 1616 1916 αὐτῶν
1643 1862 1750 1916 δια-

1853 1876 2063 1935 tempus
2094 1872 2151 1918 ut
2177 1863 2305 1918 olim
2326 1901 2341 1926 ,
2373 1859 2463 1916 sed
2486 1877 2504 1911 ι
2532 1873 2762 1928 semper,
2790 1876 2808 1908 ι
2832 1857 2925 1911 ait.
2948 1855 3052 1910 Pro
3071 1870 3178 1926 quo
3194 1856 3386 1925 Aquila

198 1949 398 2011 παντὸς
438 1949 803 2021 σύγκαμψον.»
857 1950 1092 2021 Πρὸσχες
1121 1951 1226 2022 γάρ
1254 1953 1399 2015 ὅπως
1422 1952 1631 2023 εἴρηται
1667 1954 1746 2017 τὸ,

204 2057 224 2090 ι
250 2039 571 2104 διαπαντός·
603 2060 621 2092 ι
661 2042 718 2094 οὐ
759 2041 865 2112 γὰρ
897 2042 1031 2114 πρὸς
1063 2043 1236 2109 ὀλίγον
1269 2043 1388 2096 τινὰ
1425 2043 1611 2113 χρόνον
1648 2061 1749 2098 κα-

199 2127 311 2192 θὼς
334 2130 517 2184 ἄλλοτε
538 2132 767 2200 ἐγένετο,
794 2132 943 2196 ἀλλὰ,
977 2153 994 2184 ι
1014 2133 1360 2196 διαπαντὸς,»
1388 2135 1568 2205 φησίν.
1613 2135 1749 2188 Ἀνθ’

198 2212 312 2272 οῦ·ό
346 2219 445 2289 μὲν
480 2219 706 2284 Ἀκύλας
743 2222 1076 2295 ἡρμήνευσε·
1099 2241 1136 2300 [ι
1161 2223 1268 2274 Kal
1296 2223 1417 2285 τοὺς
1437 2221 1635 2284 νώτους
1656 2224 1751 2276 αῦ-

197 2307 308 2361 τῶν
333 2308 615 2379 ἐνδελεχῶς
641 2310 904 2365 ἀτόνωσον
921 2328 935 2341 ·
960 2331 978 2362 ι
1007 2315 1034 2365 ὁ
1055 2312 1108 2366 δὲ
1135 2312 1423 2382 Σύμμαχος
1440 2329 1453 2342 ·
1487 2331 1504 2363 ι
1525 2313 1631 2366 Kal
1654 2313 1750 2374 τὰς

198 2401 374 2470 ὀσφῦς
405 2403 580 2456 αὐτῶν
616 2404 900 2472 διαπαντὸς
931 2405 1284 2476 ἐξάρθρωσον.
1314 2425 1331 2456 ι
1375 2406 1491 2464 Καὶ,
1513 2405 1666 2459 τοῦτο
1695 2406 1750 2460 δὲ

200 2492 385 2556 αὐτοῖς
425 2493 618 2563 συνέϐη
646 2511 658 2525 ·
693 2497 810 2548 ἐπεὶ
837 2497 869 2565 ή
900 2492 1032 2567 ὀργὴ
1070 2495 1162 2548 τοῦ
1201 2495 1331 2548 Θεοῦ
1360 2495 1536 2548 οὐκέτι
1571 2495 1750 2566 μέτρῳ

203 2582 348 2636 κατὰ
374 2584 434 2637 τὸ
453 2585 674 2637 παλαιὸν
699 2586 953 2662 μετῆλθεν
982 2586 1172 2650 αὐτούς
1193 2603 1216 2622 °-
1236 2588 1269 2655 ἡ
1304 2587 1450 2638 πᾶσα
1467 2586 1523 2638 δὲ
1547 2586 1750 2657 ἀθρόως

202 2672 322 2726 κατ’
346 2673 521 2726 αὐτῶν
544 2673 785 2745 ἐξεχύθη.
809 2676 897 2728 Διὸ
915 2676 1214 2744 ἐπιλέγεται
1236 2694 1249 2706 ·
1273 2695 1290 2726 ι
1306 2677 1526 2745 Ἐκχεον
1547 2677 1631 2729 ἐπ’
1654 2679 1749 2730 αὐ-

199 2764 326 2826 τοὺς
355 2765 450 2834 τὴν
475 2765 638 2836 ὀργήν
662 2783 781 2828 σου,
807 2768 897 2819 καὶ
919 2769 947 2820 ὁ
970 2767 1135 2836 θυμὸς
1158 2767 1255 2838 τῆς
1276 2767 1443 2837 ὀργῆς
1473 2785 1562 2821 σου
1588 2785 1753 2822 κατα-

199 2853 355 2908 λάϐοι
385 2857 594 2922 αὐτούς.
623 2879 640 2910 ι
677 2858 846 2910 Τοῦτο
865 2858 920 2910 δὲ
949 2859 1039 2911 καὶ
1072 2861 1127 2910 ἐν
1155 2860 1318 2930 ἑτέρῳ
1345 2858 1592 2928 δηλοῦται
1617 2859 1753 2928 ψαλ-

203 2942 289 3012 μῷ
321 2944 398 3015 τῷ
424 2948 680 3018 φήσαντι·
720 2967 736 2998 ι
773 2947 949 3009 Ἱνατί,
971 2948 996 2998 ὁ
1015 2947 1163 3010 Θεὸς,
1189 2949 1390 3018 ἀπώσω
1428 2951 1506 3012 εἰς
1526 2949 1674 3010 τέλος
1697 2965 1744 3011 ;›

199 3035 309 3088 Καὶ
335 3037 365 3088 ὁ
401 3036 539 3102 θεῖος
558 3039 613 3093 δὲ
630 3039 944 3104 Ἀπόστολος
968 3038 1174 3104 τούτοις
1205 3040 1506 3110 συμφώνως
1537 3041 1714 3109 ἔλεγεν
1734 3059 1745 3070 ·

205 3145 224 3178 ι
250 3128 494 3196 Ἔφθασε
522 3130 578 3182 δὲ
614 3131 699 3183 ἐπ’
729 3132 921 3195 αὐτοὺς
953 3133 984 3202 ἠ
1023 3132 1155 3210 ὀργὴ
1186 3135 1262 3196 είς
1291 3134 1488 3196 τέλος.»
1528 3132 1747 3204 Πρῶτον

1852 1956 2235 2025 interpretatus
2273 1959 2393 2008 est:
2425 1969 2443 2002 ι
2475 1949 2538 2003 Et
2583 1950 2745 2004 dorsa
2791 1963 2975 2004 eorum
3023 1945 3388 2001 indesinenter

1849 2061 2042 2101 enerva
2071 2063 2085 2110 ;
2121 2063 2138 2095 ι
2171 2041 2526 2113 Symmachus
2581 2055 2743 2104 vero,
2778 2059 2794 2092 ι
2829 2038 2894 2093 Et
2944 2039 3154 2092 lumbos
3197 2051 3384 2092 eorum

1850 2152 2060 2205 semper
2109 2135 2351 2189 debilitas
2389 2131 2587 2198 »ρυοά
2640 2133 2800 2186 etiam
2857 2130 3054 2186 accidit
3105 2131 3246 2196 illis;
3304 2130 3387 2184 ira

1848 2226 2045 2295 quippe
2074 2224 2167 2278 Dei
2199 2237 2306 2277 non
2336 2229 2739 2277 cum‘mensura
2770 2222 3002 2290 quadam
3023 2212 3127 2284 ,rut
3149 2219 3388 2290 antiqui-

1852 2325 1958 2377 tus,
1987 2315 2180 2367 invasit
2194 2326 2286 2367 eos
2306 2329 2320 2378 ;
2339 2311 2432 2367 sed
2459 2317 2570 2366 tota
2593 2310 2875 2365 confertim
2891 2309 3058 2365 effusa
3069 2317 3170 2365 est.
3195 2308 3388 2375 Quam-

1848 2406 2031 2460 obrem
2076 2405 2328 2460 additur:
2359 2423 2377 2456 ι
2407 2402 2628 2457 Elfunde
2672 2415 2832 2471 super
2873 2415 2966 2455 eos
3007 2401 3142 2453 iram
3193 2407 3338 2452 tuam
3364 2437 3381 2460 .

1847 2505 1902 2552 et
1941 2497 2089 2551 furor
2129 2497 2222 2551 irae
2262 2504 2366 2551 tua:
2401 2492 2819 2565 comprehendat
2848 2506 3011 2561 eos.)
3039 2489 3150 2545 Hoc
3177 2490 3232 2544 in
3278 2491 3388 2543 alio

1849 2591 1976 2644 item
2031 2586 2235 2657 psalmo
2285 2587 2597 2642 enuntiatur
2653 2583 2738 2638 his
2790 2581 3016 2636 verbis:
3072 2599 3090 2632 ι
3147 2578 3388 2648 υιῳιίἀ,

1850 2679 1990 2734 Deus
2009 2717 2024 2740 ,
2059 2678 2298 2747 repulisti
2328 2677 2382 2729 in
2413 2675 2568 2730 linem
2594 2675 2684 2725 "'t
2721 2692 2738 2725 ι
2768 2672 2862 2726 His
2889 2673 3050 2727 etiam
3079 2671 3254 2725 afﬁnia
3289 2671 3384 2724 ha-

1850 2772 1938 2826 bet
1961 2769 2176 2825 divinus
2206 2767 2492 2837 Apostolus
2519 2785 2533 2821 :
2563 2783 2580 2816 (
2607 2765 2853 2819 Pervenit
2887 2764 2941 2817 in
2967 2777 3061 2816 eos
3088 2763 3165 2814 ira
3216 2763 3270 2815 in
3321 2762 3386 2816 ti:-

1851 2875 1972 2915 nem
1999 2860 2063 2914 ³⁸.
2095 2879 2112 2911 ι
2143 2857 2324 2912 Primo
2350 2858 2529 2926 itaque
2557 2870 2743 2910 mensa
2788 2869 2974 2909 eorum
3016 2853 3116 2908 fuit
3157 2852 3288 2920 ipsis
3325 2852 3399 2905 in.

1851 2952 2101 3018 laqueum
2128 2989 2153 3013 ,,
2177 2948 2369 3004 deinde
2401 2949 2541 3003 oculi
2570 2961 2755 3022 eorum
2786 2945 3060 3000 obscurati
3089 2952 3217 2999 sunt
3241 2960 3256 3008 ;
3287 2957 3384 3012 po-

1851 3050 1965 3096 stea
1995 3042 2215 3097 dorsum
2249 3055 2433 3095 eorum
2466 3054 2677 3109 semper
2702 3039 3038 3092 incurvatum
3069 3043 3151 3090 est
3170 3073 3185 3098 ,
3215 3033 3384 3089 effusa

1849 3129 2056 3184 scilicet
2082 3130 2136 3182 in
2167 3130 2290 3183 illos
2317 3129 2395 3182 ira
2423 3127 2538 3181 Dei.
2573 3126 2686 3181 Sub
2713 3126 2825 3179 hac
2855 3134 3035 3178 autem
3065 3122 3212 3176 aliud
3245 3119 3392 3192 ipsis.

199 3213 294 3270 οὖν
311 3221 344 3287 ὴ
372 3220 612 3291 τράπεζα
639 3222 812 3274 αὐτῶν
841 3223 1050 3291 ἐγένετο
1076 3223 1253 3286 αὐτοῖς
1275 3227 1353 3287 είς
1377 3223 1570 3292 παγίδα
1589 3239 1604 3255 ·
1632 3218 1748 3276 εἶτα

1848 3230 2165 3275 eventurum
2194 3221 2518 3274 vaticinatur
2543 3217 2726 3272 dicens
2752 3235 2764 3270 :

199 3309 250 3362 οί
280 3310 544 3381 ὀφθαλμοὶ
575 3311 751 3365 αὐτῶν
777 3313 1107 3375 ἐσκοτίζοντο
1125 3329 1137 3343 ·
1168 3309 1284 3366 εἶτα
1315 3315 1342 3366 ὁ
1369 3313 1533 3376 vitim;
1565 3311 1740 3369 αὐτῶν
1773 3310 2057 3371 διαπαντὸς
2077 3309 2401 3380 ἐκάμπτετο,
2435 3307 2530 3376 τῆς
2558 3305 2650 3358 τοῦ
2677 3303 2807 3358 Θεοῦ
2835 3304 3002 3375 ὀργῆς
3049 3304 3138 3357 ἐπ’
3191 3303 3381 3370 αὐτοὺς

200 3399 545 3472 ἐκκαιομένης.
580 3401 732 3455 Μετὰ
751 3402 808 3456 δὲ
826 3400 993 3458 ταῦτα
1014 3403 1138 3457 άλλο
1156 3420 1207 3457 τι
1226 3405 1541 3472 γενήσεσθαι
1568 3404 1748 3466 αὐτοῖς
1785 3399 2134 3472 προαγορεύει
2159 3401 2396 3470 φάσκων·

278 3516 598 3589 «Γενηθήτω
631 3519 664 3588 ή
705 3517 926 3582 ἔπαυλις
967 3520 1142 3574 αὐτῶν
1178 3522 1545 3594 ὴρημωμένη·
1572 3541 1589 3574 ι
1628 3523 1746 3576 ἀντὶ
1812 3542 1823 3552 ·

202 3606 317 3673 τοῦ,
340 3607 748 3678 πενηθήσεται·
772 3630 789 3663 ι
814 3613 904 3664 καὶ
920 3613 976 3666 ἐν
992 3615 1102 3676 τοῖς
1115 3613 1645 3684 σηνώμασωαὺτῶν
1672 3617 1745 3688 μὴ

201 3697 346 3754 Ictu)
372 3703 400 3754 6
435 3700 721 3755 κατοικῶν·
754 3722 773 3754 ι
806 3704 922 3756 ἀντὶ
947 3704 1057 3769 τοῦ,
1086 3704 1170 3774 μὴ
1207 3705 1429 3762 ἔσεται.
1466 3706 1611 3759 Ἔδει
1636 3707 1746 3780 γάρ

207 3792 346 3863 μηδὲ
404 3792 558 3846 τοῦτο
594 3792 878 3864 παρελθεῖν
909 3797 1006 3867 τὴν
1039 3797 1373 3868 προφητικὴν
1403 3795 1597 3866 γνῶσιν
1619 3811 1634 3827 ·
1673 3799 1747 3862 ὡς

205 3879 314 3951 ἄρα
346 3881 436 3933 καὶ
463 3882 496 3952 ή
528 3879 750 3944 ἔπαυλις
775 3882 951 3936 αὐτῶν
990 3882 1139 3938 ἔσται
1171 3885 1369 3956 ἔρημος
1390 3887 1406 3914 ·’
1433 3883 1465 3954 ἢ
1495 3883 1631 3938 κατὰ
1659 3885 1748 3938 τὸν

205 3972 518 4042 Σύμμαχον,
547 3990 568 4024 ι
589 3971 838 4045 ἀοίκητος
857 3991 870 4004 ·
921 3993 938 4026 ι
963 3974 994 4044 ἢ
1021 3974 1158 4028 κατὰ
1175 3976 1264 4028 τὸν
1302 3976 1545 4040 ’Δκύλαν,
1573 3995 1590 4028 ι
1610 3978 1750 4047 ἡφα-

202 4061 446 4132 νισμένη.
462 4081 479 4113 ι
505 4062 763 4117 Ἐπαυλιν
788 4064 844 4117 δὲ
869 4063 1046 4117 αὐτῶν
1063 4064 1159 4135 τὴν
1193 4065 1536 4138 Ἰερουσαλὴμ
1558 4066 1770 4138 ὀνομά-’

205 4147 288 4213 ζει
311 4189 326 4214 ,
359 4149 534 4203 οὐκέτι
567 4149 698 4203 Θεοῦ
729 4151 880 4204 πόλιν
904 4147 1067 4205 οὖσαν
1087 4193 1100 4216 ,
1147 4153 1260 4206 ἀλλ’
1293 4155 1469 4209 αὐτῶν
1505 4155 1744 4212 ἔπαυλιν.

206 4237 300 4291 Διὸ
325 4238 419 4290 καὶ
445 4236 645 4307 ἔρημον
673 4237 838 4308 αὐτὴν
865 4233 1307 4314 ἔσεσθαίφησιν·
1339 4243 1367 4295 ὃ
1396 4244 1458 4315 δὴ
1483 4247 1575 4299 καὶ
1597 4245 1748 4316 ἔργῳ

204 4327 497 4382 δείκνυται.
532 4323 642 4380 Εἶτ’
675 4327 913 4396 ἐπιλέγει
932 4347 946 4362 ο
1002 4332 1147 4386 «Καὶ
1176 4335 1239 4387 ὲν·
1265 4337 1375 4400 τοῖς
1406 4335 1748 4407 σκηνώμασιν

206 4421 384 4476 αὐτῶν
431 4418 504 4490 μὴ
528 4418 666 4472 ἔστω
692 4421 719 4473 ὁ
750 4419 1015 4474 κατοικῶν
1037 4461 1052 4485 ,
1079 4441 1096 4474 ι
1134 4423 1192 4488 ἐξ
1221 4425 1393 4479 αὐτῶν
1420 4426 1618 4497 δηλαδὴ
1644 4427 1748 4481 τῶν

209 4509 376 4564 πάλαι
393 4508 685 4580 οἰκητόρων
703 4525 717 4539 ·
739 4509 766 4561 ὃ
785 4508 877 4562 καὶ
901 4510 1028 4564 αὐτὸ
1053 4513 1344 4584 ὀφθαλμοῖς
1366 4516 1407 4589 ή
1421 4516 1639 4586 ἀλήθεια
1656 4517 1746 4570 τοῦ

208 4601 365 4670 λόγου
381 4601 716 4672 παρίστησιν.
735 4601 796 4653 Εί
812 4599 938 4669 γοῦν
957 4612 1039 4664 τις
1052 4602 1291 4671 ἀφίκοιτο
1307 4605 1382 4668 είς
1399 4607 1521 4667 τοὺς
1535 4606 1745 4670 τόπους,

211 4690 307 4744 ῑδοι
335 4689 398 4744 ἃν
422 4690 516 4762 τὴν
549 4691 786 4762 ἐσχάτην
806 4690 1034 4761 ἐρημίαν
1064 4693 1154 4746 τοῦ
1177 4695 1336 4747 τόπου
1355 4710 1368 4726 ·
1410 4696 1670 4750 Ἰουδαίων
1692 4698 1750 4751 δὲ

1911 3516 2076 3574 Vsus.
2101 3516 2286 3572 26—29.
2324 3535 2342 3568 ι
2375 3514 2491 3570 Fiat
2520 3512 2776 3569 habitatio
2802 3525 2987 3567 eorum
3013 3512 3256 3571 deserta;
3286 3527 3304 3558 ι
3327 3509 3378 3562 id

1844 3618 1924 3664 est
1944 3649 1958 3673 ,
1980 3610 2068 3678 ﬁet
2097 3624 2116 3662 :
2147 3626 2164 3658 ι
2195 3619 2244 3663 et
2271 3608 2325 3662 ln
2351 3607 2709 3662 tabernaculis
2735 3618 2920 3660 eorum
2940 3618 3053 3656 non
3081 3601 3149 3656 sit
3179 3600 3271 3669 qui
3297 3600 3380 3653 in-

1846 3700 2078 3762 habitet,
2124 3717 2143 3750 ι
2174 3699 2408 3761 scilicet,
2443 3714 2544 3752 non
2589 3697 2704 3751 erit.
2741 3697 2809 3748 At
2842 3695 2985 3748 enim
3013 3690 3376 3762 prepheticam

1843 3791 2086 3844 notitiam
2127 3787 2179 3841 id
2221 3789 2494 3859 przeterire
2535 3805 2640 3842 non
2680 3786 2952 3856 oportuit,
2995 3782 3138 3852 quod
3188 3796 3380 3852 nempe

1846 3880 2104 3934 habitatio
2129 3895 2313 3935 eorum
2341 3878 2554 3934 deserta
2581 3879 2754 3931 futura
2779 3880 2880 3943 sit;
2910 3876 3022 3928 sive
3041 3914 3056 3938 ,
3085 3872 3377 3928 secundum

1847 3970 2227 4043 Symmachum
2243 4009 2258 4033 ,
2282 3970 2680 4023 «inhabitabilis
2701 3968 2870 4034 ;ivel,
2895 3965 3186 4023 secundum
3209 3962 3360 4032 Aqui-

1845 4059 1984 4129 lam,
2007 4081 2024 4113 ι
2048 4062 2242 4117 deleta.
2269 4081 2286 4113 ι
2309 4059 2704 4116 Habitationem
2742 4074 2928 4115 eorum
2969 4063 3122 4112 vocat
3161 4053 3376 4110 Jeroso-

1845 4155 2040 4225 lymam
2061 4194 2075 4218 ,
2105 4167 2223 4222 qua:
2250 4165 2360 4207 non
2392 4152 2534 4206 ultra
2563 4152 2757 4205 civitas
2789 4150 2879 4204 Dei
2909 4156 3022 4211 est,
3057 4146 3148 4202 sed
3191 4161 3376 4202 eorum

1847 4244 2125 4299 habitatio.
2170 4243 2349 4308 Quare
2392 4243 2660 4298 desertam
2705 4241 2818 4294 fore
2866 4239 3037 4304 dicit;
3078 4239 3217 4309 quod
3261 4240 3377 4310 ipso
3412 4257 3415 4261 ·

1847 4351 2006 4405 opere
2037 4333 2442 4404 comprobatus.
2477 4331 2669 4386 Suhdit
2698 4337 2922 4400 postea:
2956 4350 2974 4381 ι
3003 4329 3068 4383 Et
3103 4330 3157 4384 in
3199 4331 3378 4384 tabero

1845 4427 2057 4484 naculis
2099 4441 2284 4494 eorum
2332 4439 2440 4478 non
2484 4422 2556 4477 sit
2584 4420 2674 4490 qui
2718 4422 3012 4484 inhabitet,
3047 4439 3063 4472 ι
3088 4434 3150 4474 ex
3185 4421 3377 4489 priscis

1848 4518 2057 4572 scilicet
2089 4515 2281 4571 incolis
2307 4532 2322 4580 ;
2357 4512 2501 4582 quod
2529 4512 2704 4581 ipsum
2734 4513 2892 4567 etiam
2921 4510 3093 4565 oculis
3123 4510 3198 4563 rei
3241 4509 3379 4562 veri-

1847 4618 1928 4663 tas
1953 4607 2126 4663 offert.
2160 4606 2215 4662 Si
2246 4607 2368 4675 quis
2407 4604 2552 4659 enim
2593 4603 2710 4658 loca
2746 4601 2935 4665 adeat,
2971 4610 3260 4660 extremam
3303 4599 3376 4653 ibi

1849 4699 2186 4773 solitudinem
2212 4694 2507 4765 conspiciet
2533 4710 2547 4765 ;
2571 4691 2876 4750 «Iudaeorum
2900 4689 3298 4746 nulloiaudente
3322 4687 3374 4742 in

209 4778 398 4831 οὐδένα
432 4773 706 4849 τολμῶντα
738 4780 1030 4833 ἐπιϐαίνειν
1052 4785 1116 4852 τῇ
1152 4784 1321 4848 πόλει,
1351 4785 1554 4854 μήτιγε
1585 4788 1750 4840 οίκεῐν

1851 4791 2036 4845 urbem
2064 4789 2323 4842 accedere
2342 4825 2356 4850 ,
2382 4786 2578 4840 nedum
2603 4784 2763 4840 isthic
2787 4783 3025 4841 habitare
3049 4800 3066 4846 ;
3089 4783 3193 4836 imo
3214 4781 3374 4834 etiam

205 4867 421 4932 αὐτόθι·
459 4867 569 4922 ἀλλ’
597 4869 716 4922 οὑδὲ
743 4869 949 4940 οἴκησις
985 4870 1239 4944 ἰουδαῖκή
1268 4873 1658 4944 περιλέλειπται
1686 4878 1743 4930 ἐν

208 4956 286 5027 τῷ
311 4958 461 5028 τόπῳ
485 5000 500 5024 ,
548 4958 622 5020 ὥς
647 4976 766 5014 τινα
791 4960 896 5012 τῶν
932 4958 1190 5030 Ἑλλήνων
1220 4967 1383 5018 οἰκεῖν
1411 4966 1466 5017 ἐν
1492 4965 1626 5036 αὐτῇ
1652 4966 1742 5020 δύ-

206 5048 420 5100 νασθαι.
454 5049 544 5102 Διὸ
568 5050 841 5103 λέλεκται·
879 5070 896 5100 ι
923 5053 1026 5103 Καὶ
1052 5054 1107 5104 ἐν
1131 5058 1244 5116 τοῖς
1276 5055 1616 5126 σκηνώμασιν
1647 5060 1744 5110 αὑ-

205 5137 312 5187 τῶν
345 5137 418 5206 μὴ
437 5138 572 5191 ἔστω
591 5143 617 5192 ὁ
637 5141 917 5221 κατοικῶν·
942 5160 960 5192 ι
982 5141 1012 5211 ἦ
1040 5143 1176 5196 κατὰ
1197 5144 1286 5198 τὸν
1309 5146 1376 5196 Σύ
1384 5162 1638 5214 μμαχονοι
1663 5149 1746 5200 Ἐν

207 5228 328 5288 ταῖς
352 5229 570 5296 σκηναῖς
584 5231 757 5284 αὐτῶν
779 5231 851 5301 μὴ
870 5231 1004 5283 ἔστω
1023 5233 1052 5284 ὁ
1074 5234 1349 5289 κατοικῶν.
1373 5253 1391 5285 ι
1423 5234 1617 5304 Ἀρδην
1637 5237 1743 5308 γὰρ

209 5317 272 5368 ἐκ
319 5315 529 5387 βάθρων
572 5320 737 5373 πᾶσαι
778 5319 951 5373 αὐτῶν
990 5324 1043 5374 αἱ
1077 5325 1267 5394 σκηναὶ
1301 5324 1390 5378 καὶ
1425 5325 1478 5376 αἱ
1509 5325 1755 5394 οἰκήσεις⁴

210 5409 644 5479 κατεσκάφησαν.⁵
701 5412 836 5482 Ὅρα
866 5415 1270 5467 τοίνυν-ὁπόσων
1297 5393 1749 5487 ἐμνημόνευσενιδ

212 5497 386 5567 λόγος,
414 5500 642 5571 ἐρημίας
661 5500 752 5556 τοῦ
779 5502 930 5571 άγίου
951 5505 1112 5558 τόπου
1133 5544 1147 5568 ,
1172 5506 1470 5578 ἀφανισμοῦ
1491 5490 1744 5576 τῶνοσκη-

214 5591 472 5660 νωμάτων
499 5591 693 5656 αὐτῶν,
725 5592 813 5646 τοῦ
840 5594 1023 5658 ἔθνους
1048 5595 1332 5661 παντελοῦς
1353 5595 1739 5662 ταπεινώσεως,
1767 5636 1772 5640 ι

281 5742 324 5773 ³⁸
363 5741 504 5800 Psal.
548 5761 735 5812 uxut,
778 5747 827 5803 l.
903 5748 944 5780 ”
982 5747 1003 5802 ι
1042 5747 1229 5806 Thess.
1273 5765 1336 5817 ιι,
1377 5730 1460 5804 l6.

1849 4881 2050 4938 nullum
2083 4877 2488 4937 ibiJudtnorum
2514 4877 2874 4932 habitaculum
2903 4876 3146 4930 relictum
3174 4879 3254 4926 est
3285 4873 3374 4925 ubi

1848 4970 2154 5025 Graecorum
2199 4970 2468 5039 quispiam
2515 4968 2775 5042 habitare.
2803 4967 2996 5036 possit.
3040 4964 3377 5032 Quapropter

1849 5061 2048 5116 dictum
2077 5069 2160 5116 est
2183 5081 2195 5116 :
2220 5081 2239 5112 ι
2267 5061 2330 5114 Et
2359 5062 2412 5113 in
2443 5056 3016 5111 tabernaculis‘eorum
3047 5067 3152 5106 non
3183 5052 3256 5107 sit
3280 5053 3372 5122 qui

1853 5151 2143 5215 inhabitet;
2170 5170 2187 5201 ι
2212 5151 2316 5215 vel,
2336 5146 2627 5204 secundum
2659 5145 3054 5216 Symmachum,
3073 5157 3094 5192 ι
3112 5141 3168 5196 ἰιι
3196 5142 3374 5197 taber-

1847 5238 2051 5296 naculis
2075 5253 2258 5292 eorum
2284 5251 2388 5292 non
2408 5237 2477 5290 sit
2499 5224 2592 5304 qui
2615 5233 2888 5289 inhabitet.
2903 5229 3207 5286 nRadicitus
3226 5229 3368 5284 enim

1846 5337 1951 5384 et»a
1983 5326 2530 5384 fundamentisomnia
2553 5324 2896 5381 tabernacula
2925 5331 2976 5376 et
2991 5320 3259 5376 domicilia
3284 5333 3371 5374 eo-

1844 5433 1961 5472 rum
1986 5419 2166 5475 excisa
2190 5427 2332 5475 sunt.
2361 5417 2735 5472 Animadverte
2759 5415 2920 5485 igitur
2938 5407 3073 5483 {quot
3094 5417 3148 5464 et
3169 5421 3368 5479 quanta

1844 5505 1932 5560 hic
1958 5515 2343 5580 memorentur,
2373 5507 2544 5562 sancti
2587 5506 2689 5560 loci
2728 5503 2994 5564 solitudo,
3036 5499 3242 5555 evulsio
3289 5509 3366 5581 ta-

1845 5596 2256 5654 bernaculorum
2297 5599 2563 5669 ipsorum,
2608 5605 2840 5653 extrema
2884 5593 3054 5669 gentis
3099 5591 3329 5662 abjectio
3361 5632 3376 5659 ,
