3950 6342
643 374 748 430 75")

1315 371 1581 430 susssu
1619 368 2100 428 casamsssrs
2130 369 2277 427 ser.
2316 328 2495 427 eius
2533 369 2618 430 ur.
2661 400 2729 413 -
2757 367 3164 427 EXEGETICA.
3728 368 3814 425 τις

643 491 849 546 mentis
884 505 1074 546 eorum
1107 492 1463 556 obscuratio,
1521 494 1826 564 ignorantia
1873 492 2174 546 divinarum

2284 492 2569 563 σκοτισμοῦ
2596 495 2692 565 τῆς
2720 492 2953 556 διανοίας
2986 489 3481 560 αὑτῶνι,.ὰνοησίας
3675 486 3813 544 θείων

644 579 1084 650 Scripturarum;
1138 597 1257 653 quae
1311 597 1417 637 non
1467 570 1574 637 alio
1623 591 1867 653 tempore
1921 584 2185 652 completa

641 678 806 738 sunt,
837 689 996 742 quam
1025 681 1149 743 post
1183 675 1344 744 impia
1372 667 1470 729 sua
1501 675 1555 728 in
1588 674 1862 729 Christum
1895 674 1983 730 Dei
2013 683 2183 745 gesta.

641 761 818 826 Quare
839 765 1039 818 horum
1056 781 1276 820 causam
1302 766 1597 821 secundum
1622 767 1731 822 haec
1755 768 2031 838 prophetia
2061 783 2187 821 nar-

639 862 724 906 rat
773 855 857 908 his
905 857 1086 911 verbis
1109 857 1464 923 :.tanniam
1521 860 1784 928 quem,tu
1833 841 2182 930 percussisti,

639 948 908 1014 persecuti
931 937 1088 1015 sunt,
1110 957 1163 1004 et
1188 965 1352 1018 super
1377 949 1612 1006 dolorem
1640 954 1918 1007 vulnerum
1943 970 2184 1011 meorum

641 1037 1000 1101 addiderunt.
1031 1061 1049 1092 ι
1077 1051 1180 1095 etc.
1233 1041 1428 1096 Omnia,
1467 1045 1718 1114 superius
1757 1035 2006 1124 enarrata
2053 1049 2186 1118 ipsis

640 1138 898 1186 eventura
925 1149 1046 1188 esse
1072 1134 1239 1198 dicit,
1264 1151 1370 1189 non
1404 1146 1625 1206 propter
1651 1137 1917 1192 idolorum
1944 1139 2146 1193 cultum
2169 1157 2184 1209 ;

640 1222 734 1275 sed
762 1225 1048 1293 «quoniam
1080 1241 1236 1294 quem
1265 1236 1319 1281 tu
1347 1229 1666 1298 percussisti
1696 1232 1968 1298 persecuti
1996 1239 2180 1287 sunt.»

641 1313 722 1369 Tu
766 1332 1000 1386 namque
1037 1320 1333 1373 secundum
1366 1321 1505 1374 hanc
1538 1323 1873 1392 prophetiam
1896 1364 1909 1389 ,
1940 1343 1959 1375 ‹
1987 1324 2187 1381 Percu-

636 1405 768 1459 tiam
813 1417 1118 1474 pastorem,
1169 1418 1222 1464 et
1264 1409 1646 1482 dispergentur
1689 1427 1825 1470 oves
1849 1416 2031 1486 gregis
2060 1415 2125 1481 ‘°,
2160 1436 2178 1469 ι

637 1497 945 1553 rationibus
986 1500 1081 1554 abs
1125 1509 1178 1555 te
1222 1505 1454 1572 cognitis
1492 1505 1834 1574 percussisti.
1860 1505 2014 1562 Unde
2044 1508 2184 1578 apud

636 1589 957 1656 Apostolum
985 1592 1183 1646 dicitur
1207 1613 1218 1647 :
1245 1613 1262 1644 ι
1292 1594 1346 1647 Si
1372 1596 1514 1650 enim
1547 1598 1766 1667 proprio
1791 1597 1928 1654 Filio
1950 1615 2049 1677 suo
2074 1615 2182 1655 non

635 1684 872 1749 pepercit
895 1723 907 1743 ,
940 1687 1029 1740 sed
1062 1703 1157 1756 pro
1190 1690 1344 1745 nobis
1375 1691 1628 1746 omnibus
1655 1692 1875 1748 tradidit
1902 1694 2052 1757 illum
2080 1694 2177 1751 ".i

635 1772 734 1826 Cui
768 1774 1042 1831 tradiderit
1069 1780 1224 1845 eum,
1255 1780 1421 1837 Isaias
1451 1784 1668 1840 docebit
1700 1785 1786 1841 bis
1815 1785 2030 1842 verbis:
2066 1806 2086 1839 ε
2119 1787 2183 1842 Et

2285 588 2648 660 Γραμμάτων,
2682 587 2718 641 ἃ
2747 587 2840 641 καὶ
2871 588 2970 640 οὐκ
3000 585 3182 639 ἄλλοτε
3206 581 3507 654 ἐπληροῦτο
3538 583 3615 644 εἰς
3639 583 3813 645 αὐτοὺς

2286 683 2318 753 ἢ
2355 681 2489 752 μετὰ
2521 681 2581 734 τὸ
2613 679 2877 747 ἀσεϐῆσαι
2903 679 2978 741 είς
3010 676 3100 733 τὸν
3137 674 3365 747 Χριστὸν
3397 673 3490 726 τοῦ
3532 672 3681 725 Θεοῦ.
3740 673 3813 725 Διὸ

2287 774 2524 842 ἐπιλέγει
2547 774 2752 836 τούτοις
2779 772 2904 842 ἑξῆς
2926 770 3023 841 τὴν
3053 769 3230 823 αίτίαν
3257 761 3357 822 ὧδε
3389 766 3666 835 φάσκουσα
3701 782 3815 835 προ-

2286 869 2478 941 φητεία
2495 886 2506 898 ·
2542 887 2560 920 ι
2584 869 2703 920 Ὅτι
2731 865 2790 919 δν
2811 867 2878 918 σὺ
2905 862 3202 929 ὲπάταξας,
3234 860 3562 924 κατεδίωξαν
3585 901 3600 923 ,
3627 858 3716 911 καὶ
3740 859 3814 911 ἐπὶ

2284 964 2345 1015 τὸ
2382 961 2541 1029 ἄλγος
2581 958 2694 1013 τῶν
2712 954 3038 1030 τραυμάτων
3068 973 3167 1026 μου
3195 952 3533 1026 προσέθηκαν
3553 993 3567 1017 ,
3591 969 3610 1001 ι
3647 950 3733 1002 καὶ
3759 948 3814 1002 τὰ

2287 1057 2429 1128 ἑξῆς.
2455 1057 2535 1109 Τὰ
2555 1051 2914 1126 προλεχθέντα
2939 1050 3118 1104 πάντα
3141 1044 3510 1118 συμὸήσεσθαι
3533 1044 3710 1104 αὐτοῖς
3735 1059 3815 1112 φη-

2289 1167 2390 1213 σιν,
2423 1150 2486 1202 οὑ
2506 1149 2592 1202 διά
2611 1163 2732 1200 τινα
2757 1141 3211 1212 είδοὺιολατρείαν,
3242 1137 3352 1193 ἀλλ’
3385 1156 3401 1189 t
3427 1139 3506 1190 ὃτι
3526 1136 3589 1221 ,ὃν
3617 1135 3677 1187 σὺ
3702 1133 3814 1186 ἐπά-

2284 1239 2478 1306 ταξας,
2511 1235 2852 1301 κατεδίωξαν.
2877 1253 2899 1285 ι
2927 1234 3003 1287 Σὺ
3034 1232 3130 1302 μὲν
3155 1229 3259 1301 γὰρ
3289 1227 3428 1282 κατὰ
3451 1227 3549 1298 τὴν
3576 1224 3814 1292 λέγουσαν

2287 1333 2650 1408 προφητείαν,
2705 1350 2723 1382 ι
2751 1326 2980 1390 Πατάξω
3024 1324 3124 1377 τδν-
3159 1322 3421 1392 ποιμένα,
3463 1320 3554 1372 καὶ

2284 1406 2604 1498 πισθήσεται
2634 1420 2703 1476 τὰ
2733 1417 2975 1491 πρόϐατα
2999 1415 3099 1485 τῆς
3130 1412 3358 1482 ποίμνης
3377 1450 3401 1475 ,
3419 1428 3444 1461 ι
3469 1409 3535 1461 δι’
3557 1406 3647 1470 οὓς
3675 1406 3814 1467 αὐτὸς

2283 1516 2428 1582 οἶδας
2449 1517 2637 1586 λόγους
2665 1509 2955 1577 ὲπάταξας.
2989 1506 3150 1560 Ὅθεν
3173 1505 3382 1576 είρηται
3404 1500 3554 1572 παρὰ
3572 1499 3647 1569 τῷ
3678 1499 3820 1550 Ἀπο-

2286 1613 2453 1684 στόλῳ
2467 1630 2478 1641 ·
2501 1632 2523 1663 ί
2543 1610 2606 1662 Et
2625 1607 2731 1676 γὰρ
2749 1603 2843 1657 τοῦ
2867 1597 3127 1656 ίδίουΥίοῦ
3151 1597 3250 1651 οὐκ
3271 1593 3541 1664 ἐφείσατο,
3568 1591 3676 1646 ἀλλ’
3696 1589 3821 1661 ὑπὲρ

2281 1708 2314 1778 ἡ
2324 1703 2438 1776 μῶν
2468 1701 2681 1755 πάντων
2713 1694 3022 1766 παρέδωκεν
3049 1691 3226 1744 αὐτόν.
3266 1705 3284 1740 ο
3317 1686 3434 1778 Τίνι
3448 1685 3508 1778 δὲΔ
3527 1684 3816 1778 παρέδωκεν

2283 1774 2471 1858 αὺτὸν,
2513 1791 2737 1852 Ἡσαΐας
2778 1785 2974 1849 διδάξει
3005 1783 3202 1851 λέγων·
3244 1797 3262 1832 t
3286 1777 3395 1832 Καὶ
3431 1775 3630 1846 Κύριος
3667 1774 3818 1846 παρέ-

637 1860 903 1922 Dominus
933 1872 1156 1924 tradidit
1187 1888 1309 1927 eum
1342 1875 1578 1942 peccatis
1608 1878 1812 1932 nostris
1841 1879 1885 1910 ’⁸⁸
1911 1897 1924 1933 :
1959 1897 1978 1931 ι
2011 1894 2174 1948 quare

2275 1888 2448 1942 δωκεν
2485 1884 2644 1940 αὐτὸν
2682 1879 2975 1952 ἁμαρτίαις
3017 1874 3204 1948 ήμῶνο
3235 1891 3252 1925 ι
3307 1871 3388 1923 διὸ
3432 1869 3651 1936 γέγονεν
3694 1867 3817 1940 ὑπὲρ

636 1954 813 2010 factus
840 1965 923 2011 est
955 1974 1050 2028 pro
1082 1961 1243 2014 nobis
1274 1962 1640 2018 maledictum.
1673 1964 1808 2020 Nam
1837 1982 1959 2022 cum
1990 1982 2182 2037 pecca-

633 2052 748 2098 tum
779 2063 884 2100 non
913 2057 1132 2115 nossrt,
1168 2050 1309 2106 Deus
1340 2053 1488 2108 illum
1521 2070 1618 2124 pro
1647 2057 1803 2112 nobis
1844 2056 2021 2114 effecit
2061 2075 2181 2114 esse

632 2146 953 2207 peccatum,
990 2149 1046 2193 ut
1089 2156 1189 2197 nos
1238 2144 1408 2200 simus
1445 2147 1760 2214 justitiasin
1806 2150 1943 2220 ipso.
1987 2148 2092 2206 Sed
2127 2159 2180 2206 et

639 2248 658 2280 α
691 2232 851 2286 homo
899 2232 1000 2285 fuit
1044 2235 1096 2287 in
1141 2236 1293 2306 plaga
1336 2237 1704 2302 constitutus,
1737 2249 1791 2295 et
1832 2242 2009 2298 sciens
2039 2242 2180 2298 ferre

632 2322 998 2380 inﬁrmitatem
1027 2345 1039 2379 :
1074 2334 1126 2380 et
1155 2329 1328 2383 vibice
1357 2329 1475 2401 ejus
1503 2344 1605 2386 nos
1633 2333 1807 2390 sanati
1834 2348 2031 2389 sumus
2059 2335 2122 2386 ⁸³.
2153 2353 2171 2386 ι

632 2410 822 2482 Plagas
849 2415 1029 2485 itaque
1052 2424 1104 2471 et
1130 2418 1332 2473 vibices
1358 2421 1584 2490 accepit,
1612 2427 1665 2474 et
1693 2420 1806 2476 haec
1834 2424 2014 2477 omnia
2035 2462 2047 2486 ,
2077 2421 2178 2477 Pa-

631 2511 716 2557 tre
739 2506 953 2561 volente
975 2515 1027 2560 et
1058 2510 1401 2576 permittente
1421 2552 1434 2575 ,
1467 2528 1661 2582 passus
1683 2523 1785 2569 est.
1813 2514 2172 2580 Quamobrem

632 2594 687 2647 in
721 2594 977 2650 Zacharia
1012 2601 1269 2669 propheta
1312 2602 1514 2657 dictum
1557 2616 1676 2661 est:
1705 2625 1722 2656 ι
1754 2605 1976 2662 Framea
1999 2650 2014 2674 ,
2056 2626 2178 2665 sus-

630 2685 798 2741 citare
825 2703 986 2757 super
1010 2704 1278 2759 pastorem
1306 2710 1504 2761 meum,
1533 2704 1587 2752 et
1614 2713 1778 2768 super
1801 2700 1974 2754 virum
2003 2701 2174 2756 civem

628 2779 768 2846 ejus.
801 2777 1030 2836 Percute
1058 2792 1357 2852 pastorem,
1389 2793 1443 2840 et
1480 2787 1859 2859 dispergantur
1893 2805 2019 2845 oves
2050 2805 2188 2862 gre--

627 2872 710 2937 gis
744 2871 806 2924 “.
840 2893 856 2921 ι
886 2873 942 2925 1η
989 2872 1277 2944 Evangelio
1319 2884 1495 2932 autem
1536 2878 1652 2948 ipse
1695 2878 1948 2935 Servator
1994 2892 2176 2939 noster

628 2962 871 3031 passioni
913 2964 1128 3020 Vicinus
1179 2966 1460 3036 discipulis
1507 2971 1903 3037 praenuntiabat
1942 2973 2169 3029 dicens:

635 3073 653 3103 ι
683 3050 885 3108 Omnes
916 3071 1012 3110 vos
1039 3058 1541 3114 scandalizabimini
1571 3063 1624 3115 in
1654 3078 1757 3117 me.
1793 3062 2064 3135 Scriptum
2093 3076 2176 3121 est

628 3143 811 3198 enim:
859 3143 1158 3200 Percutiam
1200 3154 1499 3217 pastorem,
1542 3158 1595 3205 et
1640 3152 2017 3222 dispergentur
2045 3168 2172 3209 oves

624 3236 802 3305 gregis
827 3238 895 3292 ⁸³.
920 3256 938 3288 ›
965 3236 1020 3290 1η
1056 3238 1156 3292 hoc
1187 3214 1430 3296 similiter
1457 3243 1661 3311 psalmo
1687 3214 1754 3297 iis
1781 3214 1953 3299 allinia
1981 3245 2170 3300 dicun-
2197 3214 2238 3270 ο

629 3336 737 3388 tur,
774 3343 997 3398 nempe,
1031 3350 1048 3380 ί
1077 3329 1339 3396 Quoniam
1373 3349 1530 3400 quem
1559 3343 1614 3388 tu
1647 3337 1961 3403 percussisti
1989 3353 2170 3406 perse-

613 3419 736 3490 cuti
769 3427 912 3474 sunt.
941 3439 958 3471 ι
978 3420 1139 3475 Pater
1168 3422 1328 3491 igitur
1361 3425 1579 3494 pr0prio
1607 3423 1746 3479 Filio
1773 3443 1881 3480 non
1906 3428 2166 3496 pepercit,

628 3509 722 3564 sed
757 3525 854 3578 pro
887 3513 1043 3568 nobis
1076 3515 1329 3569 omnibus
1362 3515 1583 3569 tradidit
1618 3517 1788 3571 illum.
1827 3516 1891 3571 Vi
1924 3519 2082 3572 etiam
2116 3525 2169 3573 et

626 3603 835 3658 ratione
859 3603 1086 3671 quadam
1114 3605 1228 3674 ipse
1255 3617 1336 3661 est
1364 3607 1454 3675 qui
1484 3609 1786 3676 percussit,
1816 3610 1940 3678 quia
1973 3611 2170 3680 permi-

627 3694 696 3747 sit
727 3695 901 3761 ipsum
935 3695 1058 3747 talia
1091 3697 1316 3765 perpeti.
1353 3697 1433 3753 llli
1466 3713 1591 3752 vero
1619 3715 1725 3753 non
1757 3701 1913 3755 modo
1949 3716 2169 3770 percus-

626 3792 832 3845 serunt,
868 3785 961 3839 sed
997 3786 1091 3841 abs
1132 3801 1188 3843 se
1237 3789 1544 3856 abjecerunt
1577 3798 1628 3843 et
1669 3791 1854 3859 procul
1901 3793 2168 3867 persecuti

626 3884 753 3929 sunt
785 3891 906 3929 eum
946 3894 959 3930 :
993 3893 1115 3932 cum
1148 3894 1246 3948 par
1281 3880 1470 3936 fuisset
1508 3884 1696 3937 saltem
1733 3898 2046 3952 percussum
2078 3900 2172 3940 ex-

625 3967 829 4035 cipere.
860 3974 912 4022 et
944 3984 1104 4025 nosse
1125 3971 1396 4027 Christum
1429 3990 1524 4042 pro
1550 3959 1704 4030 nobis
1729 3984 1999 4030 mortuum
2026 3993 2168 4041 esse,

623 4057 824 4113 factum
876 4075 974 4129 pro
1026 4062 1183 4120 nobis
1235 4065 1618 4133 maledictum;
1651 4084 1844 4138 quem,
1894 4085 2015 4123 cum
2053 4081 2168 4125 non

623 4159 808 4205 nosset
837 4162 1112 4220 peccatum
1137 4194 1151 4218 ,
1170 4154 1321 4214 Deus
1349 4171 1447 4225 pro
1471 4158 1635 4214 nobis
1657 4169 1933 4229 peccatum
1962 4161 2165 4222 effecit,

625 4248 685 4294 ut
731 4255 830 4296 nos
869 4242 1163 4300 elﬁciamur
1198 4247 1410 4314 justitia
1461 4247 1555 4301 Dei
1597 4249 1650 4302 in
1700 4250 1812 4304 illo.
1860 4251 2167 4307 Meminisse

623 4329 748 4383 item
784 4339 993 4400 oportet
1025 4333 1172 4390 Isaia:
1203 4352 1391 4391 vocum
1422 4353 1544 4406 quae
1575 4339 1652 4395 sic
1685 4339 1882 4400 habent
1907 4359 1920 4394 :
1950 4359 1967 4390 ‹
1998 4327 2167 4396 Homo

621 4420 677 4474 in
708 4422 858 4491 plaga
890 4426 1256 4492 constitutus,
1283 4437 1337 4483 et
1370 4429 1547 4485 sciens
1583 4429 1722 4483 ferre
1757 4430 2160 4490 inﬁrmitatem:

2281 1979 2436 2053 ἡμῶν
2457 1976 2687 2047 κατάρα.
2718 1973 2809 2043 Μὴ
2831 1971 3022 2040 γνόντα
3043 1966 3152 2040 γὰρ
3176 1964 3338 2019 αὑτὸν
3363 1959 3680 2053 ἁμαρτίαν
3702 1958 3819 2053 05b;

2450 2065 2604 2138 ἡμῶν
2642 2060 2909 2139 ἁμαρτίαν
2939 2058 3186 2126 ἐποίησεν
3204 2095 3217 2120 ,
3247 2057 3337 2109 ἵνα
3367 2055 3524 2125 ἡμεῖς
3552 2047 3818 2119 γενώμεθα

2248 2159 2252 2164 ’
2277 2159 2585 2228 δικαιοσύνη
2612 2159 2669 2211 ὲν
2696 2151 3036 2224 αὐτῷςἏλλὰ
3063 2150 3155 2204 καὶ
3197 2167 3218 2198 ι
3251 2146 3531 2217 ἄνθρωπος
3567 2145 3624 2196 ὲν
3651 2140 3819 2210 πληγῇ

2278 2255 2352 2308 ὢν
2371 2293 2386 2318 ,
2416 2253 2510 2306 καὶ
2542 2249 2693 2312 εἰδὼς
2728 2246 2914 2319 φέρειν
2948 2241 3212 2315 μαλακίαν
3241 2239 3429 2306 γέγονε
3449 2253 3461 2264 ·
3493 2233 3585 2287 καὶ
3613 2231 3689 2301 τῷ
3714 2229 3816 2301 μὼο

2277 2347 2415 2399 λωπι
2451 2340 2616 2396 αὐτοῦ
2635 2341 2795 2412 ἡμεῖς
2834 2336 3080 2406 ίάθημεν.
3106 2351 3124 2385 ι
3151 2327 3357 2383 Οὐκοῦν
3381 2326 3476 2380 καὶ
3492 2323 3708 2421 Δ’πληγὰς
3733 2324 3817 2421 καζι

2280 2437 2550 2510 μώλωπας
2595 2432 2781 2502 εἴληφε
2802 2470 2816 2493 ,
2866 2428 2959 2483 καὶ
2997 2424 3168 2480 ταῦτα
3216 2422 3393 2476 πάντα
3436 2416 3696 2510 πέπονθε,
3722 2416 3820 2510 ’τοῦ

2277 2505 2486 2599 Πατρὸς
2510 2523 2833 2596 βουλομένου
2845 2521 2939 2574 καὶ
2954 2513 3352 2587 συγχωροῦντος
3369 2510 3509 2564 o'vtw
3529 2505 3814 2599 γίγνεσθαι.

2276 2620 2366 2674 Διὸ
2384 2597 2439 2673 έν
2468 2619 2563 2690 μὲν
2579 2614 2820 2688 Ζαχαρία
2839 2611 2915 2682 τῷ
2934 2610 3184 2681 προφήτῃ
3202 2605 3444 2659 λέλεκται
3459 2620 3471 2632 ·
3500 2619 3519 2653 ι
3541 2597 3815 2690 Ῥομφαία,

2276 2689 2584 2783 έξεγέρθητι
2611 2709 2703 2762 ἐπὶ
2733 2707 2823 2760 τὸν
2856 2705 3085 2774 ποιμένα
3111 2717 3232 2773 μου,
3257 2699 3352 2752 καὶ
3383 2698 3468 2751 ἐπ’
3493 2695 3659 2765 ἄνδρα
3681 2689 3819 2783 πολί-

2275 2780 2383 2873 την
2396 2780 2578 2853 αὺτοῦ.
2616 2795 2858 2861 Πάταξον
2887 2793 2977 2846 τὸν
3009 2790 3256 2861 ποιμένα,
3290 2788 3383 2841 καί
3405 2780 3815 2873 διασκορπισθή-

2273 2871 2350 2945 τῴ
2392 2891 2459 2944 τὰ
2503 2888 2745 2961 πρόϐατα
2776 2886 2873 2955 τῆς
2902 2883 3163 2954 ποίμνηςο
3182 2901 3202 2934 ι
3242 2882 3304 2932 έν
3324 2879 3380 2931 δὲ
3411 2875 3487 2946 τῷ
3515 2871 3819 2942 Εὑαγγελίῳ

2276 2979 2435 3044 αὐτὸς
2476 2982 2504 3032 ὁ
2532 2977 2717 3048 Σωτὴρ
2766 2973 2922 3045 ἡμῶν
2954 2972 3086 3043 πρὸς
3113 2970 3191 3041 τῷ
3223 2967 3380 3020 πάθει
3406 2965 3690 3034 γενόμενος
3714 2963 3816 3022 τοῖς

2273 3071 2436 3127 αὐτοῦ
2469 3070 2732 3141 μαθηταῖς
2777 3066 3101 3120 διεστέλλετο
3142 3061 3339 3117 εἰπών·
3391 3079 3410 3109 ‹
3434 3057 3638 3117 Πάντες
3671 3055 3817 3141 ὑμεῖς

2277 3140 2788 3231 σκανδαλισθήσεσθε
2841 3159 2897 3208 ὲν
2922 3154 3060 3226 ἐμοί.
3090 3140 3821 3242 Γέγραπται-γάρῘΔΠατάςω

2269 3251 2361 3304 τὸν
2393 3249 2644 3320 ποιμένα,
2679 3247 2773 3300 καὶ
2794 3241 3328 3315 διασκορπισθήσεται
3361 3239 3435 3290 τὰ.
3455 3234 3705 3339 πρόϐαταν
3726 3234 3816 3300 τῆς

2267 3342 2518 3413 ποίμνης.
2543 3359 2562 3392 ›
2609 3339 2718 3393 Καὶ
2753 3341 2807 3391 ὲν
2833 3337 2910 3408 τῷ
2940 3334 3074 3407 μετὰ
3103 3336 3286 3404 χεῖρας
3313 3327 3594 3399 τοιγαροῦν
3618 3327 3819 3385 τούτοις

2268 3433 2569 3505 συμφώνως
2591 3431 2896 3503 εἴρηταιτὸ,
2922 3431 3074 3482 «Ὅτι
3092 3429 3149 3482 ὃν
3174 3428 3237 3480 σὺ
3259 3423 3552 3489 ὲπάταξας,
3577 3413 3819 3471 κατεδίω-

2267 3527 2381 3591 ξαν.
2406 3545 2424 3578 ι
2467 3525 2525 3578 '0
2549 3523 2645 3594 μὲν
2668 3510 2758 3577 οὖν
2785 3520 2971 3592 Πατὴρ
2998 3517 3090 3572 τοῦ
3117 3518 3245 3571 ἰδίου
3266 3515 3398 3569 Υίοῦ
3423 3515 3521 3567 οὐκ
3547 3510 3809 3578 ἐφείσατο.

2265 3617 2376 3674 ἀλλ’
2399 3613 2710 3687 ὑπὲρ
2735 3613 2948 3668 πάντων
2974 3609 3285 3681 παρέδωκεν
3303 3607 3492 3661 αὐτόν.·
3511 3603 3742 3672 Δυνάμει
3763 3616 3818 3651 τε

2266 3705 2424 3768 αὐτὸς
2451 3700 2519 3775 ἦν
2544 3706 2572 3757 ό
2597 3702 2838 3767 πατάξας
2865 3700 2950 3755 διὰ
2980 3699 3072 3752 τοῦ
3102 3696 3450 3769 συγχωρῆσαι
3473 3691 3694 3746 τοιαῦτα
3725 3690 3816 3743 αὑ-

2265 3796 2354 3851 τὸν
2387 3795 2596 3849 παθεῖν.
2629 3793 2690 3847 Οἱ
2714 3793 2770 3848 δὲ
2795 3793 2892 3847 οὐκ
2917 3789 3188 3854 ἐπάταξαν
3221 3787 3397 3858 μόνον,
3420 3784 3556 3839 ἀλλὰ
3574 3784 3667 3837 καὶ
3695 3780 3814 3853 ἦλα-

2269 3904 2364 3943 σαν
2390 3887 2446 3954 ὲξ
2470 3884 2673 3941 ἑαυτῶν
2695 3885 2788 3937 καὶ
2815 3882 3027 3953 μακρὰν
3050 3879 3351 3943 ἀπεδίωξαν
3371 3875 3532 3932 αὐτόν
3553 3894 3566 3906 ·
3591 3875 3706 3928 δέον
3729 3871 3817 3928 καὶ

2268 3977 2608 4046 παταχθέντα
2629 3971 3054 4046 παραδέξασθαι·
3077 3969 3318 4039 γνόντας,
3334 3969 3414 4021 ὅτι
3437 3966 3664 4037 Χριστὸς
3684 3964 3816 4033 ὑπὲρ
3865 4036 3867 4038 η

2266 4068 2420 4140 ἡμῶν
2457 4067 2693 4123 ἀπέθανε
2718 4108 2732 4133 ,
2777 4066 3060 4136 γενόμενος
3093 4063 3232 4134 ὑπὲρ
3255 4061 3413 4134 ἡμῶν
3441 4061 3651 4131 κατάρα
3671 4099 3687 4121 ,
3729 4059 3815 4112 καὶ

2265 4163 2346 4214 ὅτι
2391 4161 2463 4231 μὴ
2503 4160 2694 4228 γνόντα
2731 4156 3001 4230 ἁμαρτίαν
3025 4198 3039 4222 ,
3083 4156 3242 4213 αὑτὸν
3275 4158 3302 4208 ό
3342 4153 3473 4215 Θεὸς
3502 4153 3639 4223 ὑπὲρ
3664 4151 3814 4222 ἡμῶν

2268 4252 2538 4322 ἁμαρτίαν
2571 4251 2821 4321 ἐποίησεν
2844 4265 2858 4280 ο
2894 4249 2978 4301 ἶνα
3012 4249 3168 4316 ἡμεῖς
3200 4244 3478 4329 γενώμεθα
3511 4242 3812 4310 δικαιοσύνη

2263 4342 2396 4399 Θεοῦ
2430 4345 2487 4396 ὲν
2518 4340 2682 4412 αὐτῷ.
2709 4338 3086 4409 Μνημονεῦσαι
3111 4338 3165 4390 δὲ
3193 4338 3295 4409 χρὴ
3327 4339 3418 4390 καὶ
3445 4336 3555 4388 τῶν
3597 4333 3811 4387 Ἡσαΐου

2265 4436 2475 4505 φωνῶν,
2502 4434 2567 4486 δι’
2593 4426 2666 4485 ὧν
2691 4430 2931 4498 ἐλέγετο·
2968 4449 2984 4480 ι
3001 4429 3311 4502 Ἀνθρωπος
3333 4430 3389 4480 ἐν
3414 4428 3592 4495 πληγῇ
3610 4423 3705 4487 ὣν,
3729 4425 3814 4476 καὶ

623 4523 675 4566 et
710 4511 966 4570 Dominus
1001 4518 1221 4574 tradidit
1250 4536 1370 4574 eum
1405 4523 1643 4591 peccatis
1673 4523 1877 4579 nostris,
1910 4523 1994 4589 ⁶⁶;
2025 4542 2043 4574 ι
2071 4530 2162 4578 et:

2270 4528 2418 4592 εἰδὼς
2461 4525 2642 4600 φέρειν
2690 4524 2986 4595 μαλακίανν
3025 4523 3120 4576 καὶ
3159 4521 3360 4609 Κύριος
3390 4518 3670 4588 παρέδωκε
3702 4517 3812 4609 ταῖς

626 4620 647 4653 ι
677 4602 941 4669 Quoniam
975 4610 1088 4677 ipse
1123 4624 1339 4680 peccata
1377 4623 1558 4667 nostra
1600 4623 1810 4685 portat,
1846 4624 1898 4670 et
1931 4631 2028 4686 pro
2060 4631 2163 4671 no-

621 4696 706 4750 ltis
732 4700 1005 4779 crucia‘tur
1028 4702 1091 4755 ⁸⁷.
1120 4722 1137 4752 ι
1156 4705 1415 4768 Quoniam
1448 4704 1760 4763 vulnck'atus
1785 4717 1866 4763 est
1883 4750 1895 4770 ,
1927 4724 2036 4764 non
2061 4709 2165 4763 alia

621 4787 687 4843 de
720 4805 879 4846 causa
908 4773 1023 4848 nisi
1057 4803 1274 4864 pr0pter
1303 4805 1522 4863 peccata
1554 4808 1830 4864 nostra,et
1864 4801 2164 4857 inﬁrmatus

621 4889 702 4936 est
729 4891 943 4952 propter
971 4884 1282 4954 iniquitates
1311 4892 1546 4942 nostras.
1579 4888 1655 4941 llli
1682 4905 1808 4944 vero
1826 4892 1956 4945 nihil
1975 4906 2163 4947 eorum

619 4973 943 5042 cogitarunt,
971 4975 1065 5029 sed
1093 4976 1366 5045 ejecerunt
1386 4993 1507 5033 eum
1536 4987 1589 5033 et
1618 4979 1711 5034 abs
1738 4995 1794 5035 se
1821 4983 2162 5051 repulerunt,

618 5066 956 5131 postulantes
1014 5066 1391 5133 homicidiam,
1440 5085 1500 5124 ac
1552 5071 1673 5126 vita
1725 5073 2016 5142 principem
2073 5089 2182 5127 ne-.

618 5161 828 5221 gantcs.
890 5155 1014 5209 Ideo
1060 5155 1148 5209 hic
1201 5159 1310 5212 ait:
1365 5177 1392 5215 ι,
1430 5158 1693 5225 Quoniam
1729 5178 1886 5231 quem
1929 5173 1984 5218 tu
2043 5179 2166 5234 per-

615 5242 838 5297 cussisti
869 5246 1135 5311 persecuti
1183 5254 1340 5312 sunt,
1386 5257 1438 5302 et
1485 5267 1645 5320 super
1691 5253 1924 5307 dolorem
1980 5256 2166 5309 vulne-

615 5349 733 5388 rum
773 5348 1009 5388 meorum
1047 5337 1386 5392 addiderunt.
1417 5359 1436 5390 ι
1467 5340 1575 5411 Ego
1617 5343 1829 5412 quidem
1873 5359 1968 5414 pro
2017 5345 2152 5416 ipsis

621 5426 845 5482 vulnera
893 5429 1110 5497 excepi,
1160 5430 1407 5500 purgatio
1450 5446 1636 5486 eorum
1681 5433 1933 5496 eﬂ‘ectus,
1973 5444 2026 5490 et
2073 5450 2162 5490 re-

616 5513 859 5580 demptio
898 5529 994 5585 pro
1047 5522 1279 5584 peccatis
1309 5536 1544 5577 eorum:
1590 5524 1665 5580 illi
1713 5520 1839 5579 vero
1880 5525 2018 5580 mala
2062 5531 2161 5580 sita

693 5692 736 5767 δί’
775 5691 936 5748 Zach.
968 5711 1080 5767 xui,
1125 5695 1173 5750 7.
1251 5701 1292 5728 ⁶ί
1336 5701 1487 5754 tiom.
1518 5717 1634 5767 vm,
1676 5701 1759 5760 Ὦ.
1837 5702 1882 5735 ⁵³
1921 5700 2024 5761 lsa.
2067 5717 2159 5758 Lm

627 5763 674 5802 δ”
715 5760 815 5816 lsa.
856 5777 969 5828 Lm,
1011 5765 1062 5819 θ.
1137 5767 1177 5798 ⁵⁷
1222 5767 1346 5824 ibid.
1389 5775 1436 5833 ό,
1481 5773 1530 5825 5.

2269 4619 2555 4690 ἁμαρτίαις
2592 4616 2747 4688 ἡμῶν
2767 4633 2780 4648 ·
2804 4635 2822 4667 ι
2874 4614 2996 4676 καὶ,
3035 4634 3054 4667 t
3082 4617 3200 4668 Ὅτι
3231 4604 3382 4674 οὗτος
3413 4610 3509 4673 τὰς
3551 4608 3812 4680 ἁμαρτίας

2221 4744 2230 4751 λ·
2265 4713 2297 4782 ἡ
2308 4711 2420 4780 μῶν
2447 4710 2616 4782 φέρει,
2643 4708 2882 4776 καὶπερὶ
2908 4711 2939 4777 ἡ
2950 4708 3062 4778 μῶν
3084 4708 3360 4760 όδυνᾶταγ
3383 4723 3402 4755 ι
3433 4705 3513 4758 ὅτι
3539 4720 3597 4757 τε
3628 4704 3811 4772 ἐτραυ-

2271 4800 2501 4872 ματίσθη
2528 4803 2586 4853 οὺ
2615 4802 2678 4853 δι’
2709 4793 2833 4853 ἄλλο
2853 4817 2936 4866 τι,
2958 4799 3094 4856 ἀλλὰ
3118 4797 3205 4850 διὰ
3232 4796 3327 4858 τὰς
3348 4796 3618 4868 ἁμαρτίας
3637 4793 3808 4865 ἡμῶν,

2266 4893 2358 4945 καὶ
2388 4891 2782 4963 μεμαλάκισται
2811 4889 2898 4942 διὰ
2928 4892 3023 4955 τὰς
3051 4886 3272 4957 ἀνομίας
3304 4888 3482 4957 ἡμῶν.
3524 4888 3584 4941 Οί
3613 4886 3674 4939 δὲ
3699 4885 3810 4938 τούο

2265 4999 2371 5037 των
2405 4983 2500 5053 μὲν
2527 4983 2673 5037 οὐδὲν
2696 4982 3059 5053 διενοήθησαν,
3087 4980 3287 5051 ῆλασαν
3307 4979 3363 5037 δὲ
3389 4973 3550 5032 αὑτὸν
3569 4979 3664 5032 καὶ
3687 4979 3810 5032 άπε-

2262 5072 2448 5137 δίωξαν
2478 5073 2682 5128 ἑαυτῶν
2707 5114 2720 5137 ,
2756 5074 3162 5145 ὲξαιτησάμενοι
3193 5073 3288 5143 μὲν
3314 5071 3403 5124 τὸν
3427 5071 3590 5141 φονέα
3610 5112 3624 5136 ,
3649 5073 3738 5126 τὸν
3757 5072 3809 5124 δὲ

2262 5163 2499 5234 ἀρχηγὸν
2529 5167 2626 5236 τῆς
2666 5164 2808 5235 ζωῆς
2833 5166 3212 5234 ἀρνησάμενοι.
3241 5164 3330 5217 Διό
3355 5180 3516 5233 φησιν
3547 5164 3776 5217 ἐνταῦθα
3794 5181 3806 5194 ·

2268 5273 2285 5305 ι
2301 5255 2417 5308 Ὅτι
2444 5257 2502 5310 ὃν
2529 5258 2592 5312 σὺ
2624 5256 2894 5319 ὲπάταξας
2914 5295 2928 5319 ,
2956 5255 3278 5320 κατεδίωξαν
3302 5293 3317 5317 ,
3345 5255 3437 5310 καὶ
3462 5255 3552 5310 ἐπὶ
3573 5255 3636 5308 τὸ
3656 5255 3810 5323 ἄλγος

2261 5343 2369 5397 τῶν
2388 5347 2712 5416 τραυμάτων
2741 5364 2840 5416 μου
2868 5345 3225 5415 προσέθηκαν.
3254 5367 3270 5396 υ
3327 5346 3465 5413 Ἐγὼ
3491 5347 3587 5418 μὲν
3620 5345 3729 5416 γὰρ
3748 5344 3812 5396 τὰ

2265 5435 2400 5507 ὑπὲρ
2436 5439 2610 5494 αὐτῶν
2641 5437 2965 5505 ἁνεδεχόμην
2994 5436 3305 5508 τραύματα,
3337 5436 3619 5509 καθαρμὸς
3641 5434 3810 5487 αὐτῶν

2262 5525 2563 5597 γενόμενος,
2588 5529 2683 5581 καὶ
2709 5526 2995 5596 ἀντίψυχον
3015 5526 3105 5582 διὰ
3129 5526 3223 5591 τὰς
3247 5528 3516 5600 ἁμαρτίας
3541 5524 3738 5580 αὐτῶν·
3764 5523 3809 5577 οι

2169 5747 2182 5772 ,
2222 5705 2274 5760 6.
2352 5705 2399 5740 "
2433 5708 2560 5764 ibid.
2603 5708 2653 5762 5.
2732 5707 2955 5793 “Zach.
2989 5711 3175 5776 xm,7.
3253 5713 3295 5745 “
3335 5711 3521 5766 Matth.
3546 5706 3802 5778 nvt,3l.
