3966 6348
160 339 281 396 75Ἱ

1314 340 1820 398 COMMENTAMA
1855 340 1924 397 IN
1962 340 2293 399 PSALMOS.

3306 348 3407 406 758

154 454 224 510 δὲ
256 458 618 531 προσέθηκαν
643 460 765 530 ipsi
787 460 855 513 τὰ
874 458 1073 513 ἑαυτῶν
1094 460 1254 514 κακά.
1290 478 1308 511 ι
1324 460 1567 515 Ἔδωκαν
1589 482 1606 513 ι
1628 462 1749 531 γοῦν

1856 462 1987 517 mihi
2015 463 2355 518 addiderunt.
2369 481 2387 515 ι
2411 462 2680 529 Dederunt
2708 484 2727 517 ι
2750 464 2936 535 igitun
2964 464 3018 520 in
3035 479 3214 522 escam
3233 482 3406 523 meam

113 548 119 565 τ
161 550 293 612 «εις
322 549 387 603 τὸ
420 550 615 623 βρῶμά
642 567 743 621 μου
769 550 949 621 χολὴν,
976 551 1069 603 καῖ
1094 552 1172 615 είς
1198 552 1293 621 τὴν
1324 552 1758 623 δίψσνᾉουέπό-

154 642 343 693 τισάν
371 659 441 712 με
464 640 581 707 ὅξος
600 661 613 673 ·
645 662 661 694 ι
707 644 768 696 ού
795 644 952 714 μόνον
982 642 1102 696 καθ’
1128 643 1186 706 δν
1215 643 1451 715 ἔπασχον
1473 646 1562 699 ὑπ’
1585 646 1760 699 αὐτῶν

155 735 377 804 καιρὸν
397 775 414 798 ,
451 734 583 788 ἀλλὰ
613 737 705 789 καὶ
728 738 786 788 ἐν
809 738 921 799 τοῖς
939 734 1075 805 μετά
1086 735 1257 789 ταῦτα
1271 738 1480 809 χρόνοις
1499 741 1618 803 ταῖς
1639 740 1759 791 κατ’

162 825 321 894 ἐμοῦ
358 826 728 899 βλασφημίαις
758 827 1179 898 παραμένοντες.
1205 830 1295 882 Διὸ
1317 829 1457 882 κατά
1482 829 1572 884 τὸν
1603 829 1761 883 Ἀκύ-

157 912 295 982 ἶδαν,
329 920 453 972 ἀντὶ
481 919 595 983 τοῦ,
618 938 635 970 ι
664 918 1021 991 προσέθηκαν,
1044 937 1061 967 ι
1095 918 1501 988 διηγήσονται,
1525 920 1755 992 εἴρηται·

162 1010 325 1063 κατὰ
348 1010 407 1063 δὲ
425 1010 514 1063 τὸν
532 1010 843 1081 Σύμμαχον,
875 1027 893 1060 ι
917 1007 1223 1078 ἐξηγοῦντο.
1246 1028 1265 1061 ι
1291 1010 1365 1063 ού
1390 1008 1498 1079 γὰρ
1520 1010 1756 1081 ἀπήρκει

157 1100 231 1153 τὸ
264 1102 427 1169 ἅπαξ
465 1102 593 1154 ποτέ
630 1100 993 1172 τραυματίσαι
1022 1100 1215 1165 αὑτὸν,
1260 1102 1355 1153 καὶ
1388 1100 1609 1155 τοιαῦτα
1640 1102 1755 1153 κατ’

161 1193 353 1246 αὐτοῦ
372 1194 636 1265 τολμῆσαι
652 1211 665 1224 ·
684 1193 796 1245 ἀλλ’
813 1192 1001 1265 ὥσπερ
1018 1193 1109 1245 ἐπὶ
1129 1192 1541 1264 κατορθώμασιν
1558 1194 1756 1261 ἐγκαυ-

164 1285 425 1356 χώμενοι
457 1290 565 1350 τοῖς
596 1285 801 1339 ἑαυτῶν
828 1284 1066 1350 τέκνοις,
1099 1284 1166 1338 τὰ
1208 1285 1327 1338 κατ’
1359 1284 1521 1339 αὐτοῦ
1551 1284 1753 1355 τολμη-

164 1377 349 1432 θέντα
401 1379 582 1441 αὐτοῖς
617 1375 916 1448 διηγοῦντο.
961 1375 1114 1429 Ἐπεὶ
1143 1375 1321 1428 τοίνυν
1363 1375 1515 1429 αὐτοὶ
1552 1374 1753 1445 ταύτην

164 1470 400 1525 εἵλαντο
428 1470 525 1541 τὴν
559 1469 748 1541 μερίδα
768 1509 781 1532 ,
830 1467 1114 1533 διώξαντες
1150 1467 1246 1538 μὲν
1271 1467 1330 1521 ὃν
1360 1468 1423 1521 σὺ
1454 1466 1748 1531 ὲπάταξας,

164 1563 415 1633 ἀνομίας
440 1562 496 1615 δὲ
524 1562 617 1615 καὶ
636 1562 885 1626 ἀσεϐείας
905 1563 998 1631 ’ἐφ’
1023 1561 1244 1623 ἑαυτοὺς
1272 1559 1365 1613 καὶ
1388 1560 1479 1612 ἐπὶ
1500 1558 1567 1612 τὰ
1587 1559 1751 1611 τέκνα

163 1652 363 1704 αὐτῶν
419 1651 827 1723 σωρεύσαντες·
882 1651 1102 1713 εἰκότως
1150 1650 1458 1717 ἐπιλέγεται
1506 1633 1746 1712 τούτοις·

174 1764 195 1794 ι
223 1742 479 1815 Πρόσθες
499 1744 721 1815 ἀνομίαν
744 1742 834 1796 ἐπὶ
855 1744 951 1812 τὴν
982 1741 1208 1812 ἀνομίαν
1225 1741 1400 1794 αὐτῶν
1416 1759 1428 1771 ·
1444 1760 1462 1795 ι
1488 1741 1605 1795 ἀντῖ
1632 1736 1745 1803 τοῦ,

174 1854 197 1885 ι
228 1836 591 1906 προσθήσεις·
619 1854 637 1886 ι
677 1834 824 1887 ἐσται
857 1834 963 1904 γὰρ
996 1832 1175 1896 αὐτοῖς
1222 1832 1405 1886 κακῶν
1446 1832 1747 1905 προσθήκη.
1782 1815 1824 1869 Β

170 1926 260 1979 Τὰ
293 1927 396 1997 μὲν
428 1926 534 1998 γὰρ
560 1927 623 1978 ἐκ
638 1925 739 1978 τοῦ
771 1926 855 1994 ἐφ’
888 1927 1018 1996 ἡμῖν
1052 1924 1351 1995 ἀνθρώποις
1374 1924 1654 1992 γίγνεται,
1683 1924 1753 1977 τά

167 2016 231 2069 δὲ
268 2018 340 2070 ἐκ
374 2016 480 2070 τῶν
512 2014 1011 2069 ἐπακολουθούντων
1041 2013 1235 2078 ἔξωθεν
1266 2014 1342 2085 τῷ
1369 2016 1453 2084 ἐφ’
1482 2016 1633 2085 ἡμῖν.
1664 2014 1751 2066 Διὸ

171 2107 432 2161 λέλεκταί
466 2125 565 2160 που
597 2108 727 2180 πρὸς
751 2108 841 2161 τὸν
864 2106 994 2159 Θεόν
1013 2124 1025 2136 ·
1066 2126 1083 2159 ι
1108 2106 1260 2160 Μετὰ
1283 2106 1427 2159 ὁσίου
1453 2105 1749 2175 ὁσιωθήσῃ,

175 2201 277 2253 καὶ¹
326 2200 465 2270 μετά
508 2199 762 2271 στρεϐλοῦ
809 2196 1181 2269 διαστρέψεις·
1204 2216 1221 2248 ι
1259 2196 1368 2249 Καὶ
1406 2196 1465 2248 ἐν
1497 2194 1574 2266 τῷ
1606 2195 1752 2264 νόμῳ

172 2290 234 2344 δὲ
264 2292 485 2360 εἴρηται
515 2292 578 2343 ἐκ
610 2289 899 2361 προσώπου
938 2286 1123 2342 αὑτοῦ.
1164 2306 1181 2338 ι
1203 2286 1310 2339 Καὶ
1334 2286 1427 2339 ἐὰν
1449 2282 1749 2356 πορευθῆτε

178 2379 325 2450 πρὸς
355 2380 423 2449 με
452 2379 699 2447 πλάγιοι,
731 2376 1062 2450 πορεύσομαι
1095 2374 1248 2445 κάγὼ
1272 2373 1404 2446 πρὸς
1429 2373 1570 2443 ὑμᾶς
1596 2368 1751 2439 θυμῷ

178 2468 423 2539 πλαγίῳ.
450 2487 470 2522 ι
517 2468 667 2522 Ἐπεὶ
712 2466 889 2521 τοίνυν
918 2466 1069 2519 αὐτοὶ
1100 2465 1284 2536 ὥσπερ
1318 2460 1509 2535 μακρῷ
1535 2459 1750 2530 σχοινίῳ

174 2559 283 2623 τὰς
315 2561 544 2630 ἀνομίας
573 2559 778 2613 ἑαυτῶν
810 2558 1184 2613 ἐπεσπάσαντο
1205 2597 1217 2619 ,
1248 2554 1468 2617 εἰκότως
1504 2552 1597 2607 καὶ
1626 2551 1690 2604 σὺ
1721 2553 1751 2604 ό

174 2650 393 2713 δίκαιος
427 2650 614 2720 κριτὴς
653 2648 977 2720 προσθήσεις
1008 2647 1231 2717 ἀνομίαν
1262 2644 1352 2697 ἐπὶ⁵
1388 2642 1485 2713 τὴν
1522 2641 1749 2711 ἀνομίαν

177 2740 398 2795 αὐτῶν·
436 2739 693 2812 δευτέραν
724 2738 902 2801 αὐτοῖς
928 2737 1062 2809 πρὸς
1092 2739 1159 2808 τῇ
1201 2734 1439 2807 προτέρᾳ
1469 2722 1748 2801 λογιζόμε-

178 2850 295 2897 νος.
345 2832 503 2886 Ἀλλὰ
546 2833 638 2887 καὶ
672 2848 690 2883 ι
724 2829 816 2901 Μὴ
862 2829 1280 2891 είσελθέτωσαν,
1325 2824 1518 2897 φησὶν,
1573 2825 1628 2875 ἐν
1673 2822 1751 2875 δι-

180 2924 448 2996 καιοσύνῃ
479 2940 590 2977 σου.
618 2941 636 2975 ι
699 2923 760 2975 Ἡ
797 2922 891 2991 μὲν
928 2920 1034 2990 γὰρ
1078 2918 1144 2989 σὴ
1176 2915 1488 2986 δικαιοσύνη
1513 2914 1748 2976 δικαίους

180 3015 536 3079 εἰσκαλεῖται,
560 3014 654 3067 καὶ
682 3014 885 3076 πάντας
907 3014 987 3074 είς
1008 3009 1075 3063 τὰ
1107 3008 1369 3063 ἐνδοτάτω
1393 3008 1493 3077 τῆς
1526 3005 1625 3075 σῆς
1652 3005 1748 3075 βα-

182 3107 393 3169 σιλείας
422 3105 562 3160 κατά
590 3104 687 3169 τὰς
717 3102 1046 3173 ἐπαγγελίας
1073 3101 1391 3171 ὑποδέχεται
1412 3118 1423 3130 ·
1474 3101 1521 3152 οἱ
1553 3099 1609 3151 δὲ
1642 3115 1749 3150 τοι-

180 3159 715 3269 αῦτατολμήσαντες
738 3159 849 3250 οὐκ.
867 3159 1271 3247 είσελεύσονταῖ
1293 3190 1427 3263 μετά
1455 3190 1561 3244 τῶν
1583 3192 1646 3260 τῇ
1681 3191 1744 3259 σῇ
1774 3159 1816 3216 C

181 3288 497 3365 δικαιοσύνῃ
530 3286 1013 3356 συνελευσομένων·
1054 3283 1167 3338 ἀλλ’
1199 3284 1317 3336 οὐδὲ
1372 3281 1747 3352 ἐγγραφήσον-

181 3398 274 3434 ται
309 3384 369 3434 ἐν
402 3380 567 3451 βίϐλῳ
597 3376 843 3443 ζώντων·
883 3376 1186 3429 τούναντίον
1224 3374 1280 3427 δὲ
1318 3373 1603 3427 πείσονται⁹
1639 3373 1748 3433 τοῖς

182 3470 630 3542 ἐγγραφομένοις.
665 3468 726 3521 Ei
758 3465 865 3537 γὰρ
881 3465 973 3519 καὶ
1006 3464 1208 3537 πρῶτοι
1239 3464 1339 3542 τῆς
1371 3462 1511 3533 ἐμῆς
1530 3462 1749 3532 χάριτος

182 3540 503 3629 ἀξιωθέντες
540 3558 914 3629 ἐνεγράφησαν
946 3573 1077 3610 ποτε
1102 3558 1158 3609 ἐν
1186 3558 1251 3625 τῇ
1286 3540 1452 3624 βίϐλῳ
1483 3552 1590 3605 τῶν
1616 3550 1769 3629 ζὼν-η

184 3670 292 3707 των
324 3652 412 3724 διᾲ
443 3652 567 3716 τοὺς
608 3649 754 3721 παρὰ
786 3649 862 3719 τῷ
891 3647 1010 3719 Θεῷ
1051 3646 1254 3713 ζῶντας
1288 3644 1527 3716 πατέρας
1550 3641 1746 3707 αὐτῶν,

182 3743 260 3808 ὡς
281 3744 377 3798 καὶ
400 3745 579 3807 αὐτοῖς
603 3741 842 3796 δεδόσθαι
863 3740 962 3804 τὰς
984 3740 1309 3809 ἐπαγγελίας
1328 3756 1342 3770 ·
1368 3737 1481 3792 ἀλλ’
1503 3738 1622 3791 ἐπεὶ
1648 3754 1751 3789 τοι·

185 3833 324 3889 αὔτα
372 3835 804 3906 τετολμήκασιν,
863 3852 882 3885 ι
920 3833 1416 3902 Ἐξαλειφθήτωσαν
1457 3832 1520 3883 ὲκ
1567 3826 1746 3897 βίϐλου

186 3926 418 3989 ζώντων.
448 3946 467 3980 ι
519 3926 803 3995 Διασαφῶν
835 3925 892 3980 δὲ
914 3927 1014 3995 τὴν
1051 3924 1255 3977 ἔννοιαν
1293 3921 1393 3991 τῆς
1428 3920 1607 3990 βίϐλου
1638 3918 1746 3971 τῶν

188 4016 425 4081 ζώντων,
457 4017 693 4086 ἐπιλέγει
730 4018 853 4087 ἑξῆς
873 4034 886 4047 ·
929 4035 947 4067 ‹
969 4016 1076 4085 Καὶ
1104 4013 1241 4083 μετά
1265 4012 1493 4070 δικαίων,
1512 4010 1586 4082 μὴ
1608 4026 1745 4081 γρα-

189 4108 465 4178 φήτωσαν.
480 4126 498 4160 ι
519 4108 775 4177 Ἐκλογῆς
795 4107 900 4177 γὰρ
920 4106 1239 4176 γιγνομένης
1258 4102 1365 4156 τῶν
1387 4101 1523 4155 κατὰ
1544 4101 1632 4155 τὸν
1652 4103 1745 4154 ἀν-

189 4199 456 4271 Θρὼπινον
487 4199 599 4276 βίον
619 4237 633 4261 ,
671 4200 721 4251 οἱ
757 4198 852 4268 μὲν
876 4196 1018 4280 ζωῇς
1046 4196 1183 4262 ἀξιοι
1213 4195 1311 4265 τῆς
1341 4193 1489 4264 παρὰ
1521 4194 1598 4263 τῷ
1631 4191 1746 4261 Θεῷ

188 4292 277 4347 διὰ
320 4290 418 4363 τὴν
449 4289 651 4343 οἰκείαν
674 4286 1013 4358 δικαιοσύνην
1045 4286 1381 4356 ἀνάγραπτοι
1428 4282 1745 4355 γενήσονται

189 4384 318 4455 παρ’
346 4381 491 4453 αὐτῷ
510 4399 524 4412 ·
548 4381 597 4433 οἱ
623 4380 677 4433 δὲ
704 4378 997 4448 ἀπόϐλητοι
1018 4378 1113 4446 τῆς
1143 4377 1323 4447 βίϐλου
1354 4378 1565 4430 ἔσονται
1587 4378 1632 4428 οἱ
1656 4375 1744 4428 τὸν

1862 554 1965 620 fel,
1995 566 2049 611 et
2082 557 2134 610 in
2168 556 2256 611 siti
2288 570 2404 611 mea
2439 564 2762 626 potaverunt
2796 572 2881 612 me
2910 565 3066 633 aceto
3090 576 3113 625 λ
3134 577 3155 612 ι
3184 574 3291 613 non
3321 572 3412 616 so-

1861 649 1970 703 lum
2020 659 2261 719 tempore
2307 649 2573 720 passionis
2607 664 2773 712 meae,
2819 648 2914 705 sed
2959 651 3012 711 in
3056 650 3421 719 sequentibus.

1859 741 2176 812 blasphema
2201 748 2391 795 contra
2418 756 2503 795 me
2534 740 2681 795 dicta
2708 738 2952 810 proferre
2979 752 3421 809 perseverantes..

1859 829 2063 897 Quare,
2088 831 2385 908 secundum
2416 831 2666 896 Aquilam
2687 868 2703 895 ,
2732 844 2828 900 pro
2851 829 2965 893 illo,
2990 847 3007 879 ι
3033 829 3410 895 addiderunt,»

1858 924 2079 987 dicitur,
2108 924 2151 973 ἰ
2187 923 2558 988 enarrabunt;
2600 941 2619 975 ι
2674 920 2973 977 secundum
3030 919 3410 991 Symmachum

1862 1029 1988 1069 vero
2017 1032 2036 1065 ι
2064 1015 2413 1069 enarrabant.
2448 1033 2467 1066 ι
2497 1012 2616 1068 Non
2660 1016 2808 1067 enim
2848 1019 2933 1066 sat
2972 1012 3079 1066 illis
3123 1011 3226 1066 fuit
3266 1013 3410 1083 quod

1858 1106 2025 1161 semel
2085 1105 2262 1175 ipsum
2311 1106 2725 1168 vulnerassent,
2773 1110 2830 1159 et
2877 1104 3006 1157 talia
3050 1113 3239 1159 contra
3286 1118 3409 1159 eum

1855 1198 1972 1251 ausi
2018 1196 2286 1261 fuissent;
2330 1198 2423 1252 sed
2471 1196 2627 1265 quasi
2676 1211 2734 1251 re
2782 1196 2920 1251 bene
2964 1203 3113 1265 gesta
3152 1193 3406 1265 gloriosi,

1854 1305 2020 1346 ausus
2070 1306 2204 1345 suos
2247 1290 2374 1345 tiliis
2412 1290 2760 1343 enarrabaut.
2816 1288 3083 1355 Quoniam
3127 1285 3290 1357 igitur
3330 1285 3407 1341 illi

1853 1382 2013 1435 talem
2043 1383 2348 1451 portionem
2381 1387 2716 1451 coaptarunt
2739 1421 2755 1445 ,
2788 1395 2945 1449 quem
2992 1388 3047 1433 tu
3091 1377 3408 1449 percussisti

1853 1483 2267 1546 persequentes,
2300 1474 2619 1544 iniquitates
2646 1481 2825 1527 autem
2847 1481 2901 1527 et
2933 1473 3235 1541 impietates
3267 1470 3323 1525 in
3348 1484 3410 1525 se

1850 1574 1906 1621 et
1937 1566 1991 1619 in
2020 1566 2158 1620 ﬁlios
2184 1579 2315 1619 suos
2338 1569 2724 1619 coacervantes
2750 1578 2765 1626 ;
2802 1561 2925 1630 jure
2954 1562 3238 1630 adjicitur:
3263 1578 3281 1612 ι
3301 1559 3409 1631 Ap-

1850 1671 1993 1727 pone
2028 1654 2369 1725 iniquitatem
2416 1667 2580 1722 super
2623 1651 2964 1721 iniquitatem
3000 1640 3240 1718 ipsorum
3261 1688 3274 1712 ,
3309 1667 3327 1699 ι
3354 1647 3409 1703 id

1852 1754 1966 1813 est,
1999 1764 2016 1798 ι
2050 1760 2287 1817 appones
2317 1762 2330 1799 :
2364 1762 2382 1797 ›
2410 1742 2549 1813 ipsis
2588 1756 2821 1811 namque
2854 1740 3122 1794 malorum
3164 1737 3407 1793 accessio

1851 1841 1975 1896 erit.
2028 1838 2144 1893 Alia
2193 1836 2335 1892 enim
2390 1836 2548 1891 nobis
2591 1830 2906 1889 hominibus
2946 1846 3013 1885 ex
3040 1828 3409 1883 interioribus

1851 1932 2148 1997 eveniunt;
2187 1930 2459 1984 alia'véro
2506 1927 2725 1981 aliunde
2767 1942 2831 1981 ex
2883 1922 3233 1994 sequentibus
3262 1920 3405 1975 inte-

1852 2026 1997 2078 riora
2049 2031 2258 2077 nostra.
2308 2019 2488 2085 Quare
2540 2017 2737 2093 alicubi
2790 2015 2903 2070 Deo
2950 2014 3184 2069 dicitur:
3217 2029 3235 2062 ι
3267 2009 3405 2075 Cum

1852 2123 2047 2170 sancto
2066 2119 2295 2168 sanctus'
2306 2111 2438 2173 eris,
2460 2117 2513 2164 et
2531 2124 2652 2163 cum
2686 2121 2940 2177 perverso
2966 2104 3290 2175 perverteris
3302 2100 3400 2157 ⁵⁸.»

1850 2206 1910 2260 In
1943 2204 2059 2275 lege
2089 2216 2304 2272 quoque
2336 2216 2401 2255 ex
2432 2199 2604 2269 ipsius
2638 2211 2867 2266 persona
2899 2195 3138 2249 dicitur:
3173 2211 3190 2243 ι
3220 2190 3278 2244 Si
3307 2205 3403 2245 ve-

1851 2297 2014 2352 niatis
2041 2294 2109 2349 ad
2142 2309 2225 2349 me
2252 2291 2488 2363 obliqui,
2517 2288 2769 2344 accedam
2796 2293 2851 2340 et
2879 2299 2980 2355 ego
3007 2285 3072 2338 ad
3102 2298 3196 2338 vos
3223 2281 3407 2336 animo

1849 2389 2074 2459 obliquo
2100 2387 2219 2441 “.1
2250 2364 2385 2452 Quia
2418 2385 2582 2454 igitur
2610 2381 2688 2437 illi
2717 2378 2872 2452 quasi
2903 2375 3144 2431 funiculo
3173 2373 3404 2441 oblonga

1850 2481 2072 2546 peccata
2107 2488 2205 2528 sua
2238 2471 2527 2526 trahebant
2548 2510 2564 2534 ,
2598 2470 2721 2541 jure
2755 2478 2811 2522 tu
2842 2479 3057 2539 quoque
3087 2462 3272 2533 justus
3306 2460 3401 2529 ju-

1850 2567 1954 2622 dex
1995 2580 2233 2635 appones
2276 2562 2613 2633 iniquitatem
2660 2574 2823 2629 super
2870 2556 3211 2627 iniquitatem
3255 2552 3405 2622 ipso-

1850 2672 1969 2712 rum
1996 2674 2011 2723 ;
2042 2654 2109 2710 ad
2136 2655 2372 2725 priorem
2398 2653 2574 2715 illam,
2604 2650 2763 2703 aliam
2797 2649 3089 2717 imputans.
3121 2642 3232 2698 Imo
3262 2655 3403 2712 quo-

1850 2763 1956 2820 que
1997 2747 2110 2801 ait:
2144 2743 2304 2798 «Non
2355 2744 2557 2798 intrent
2605 2742 2660 2795 in
2702 2738 2969 2810 justitiam
3015 2743 3185 2790 tuam.
3215 2753 3235 2787 ι
3263 2732 3403 2787 Nam

1846 2839 2059 2909 justitia
2093 2837 2309 2909 quidem
2348 2843 2443 2889 tua
2483 2833 2663 2903 justos
2705 2830 2965 2891 advocat,
3001 2839 3303 2894 omnesque
3331 2822 3430 2881 ads.

1851 2932 2038 2985 intima
2084 2906 2252 3001 regni.
2283 2929 2362 2983 tui
2400 2925 2699 2982 secundum
2731 2920 3148 2993 promissionem
3184 2915 3399 2985 recipit.

1850 3020 1955 3089 Qui
2000 3036 2127 3077 vero
2179 3020 2309 3074 talia
2358 3020 2475 3073 ausi
2520 3023 2646 3072 sunt
2693 3030 2799 3069 non
2850 3012 3131 3068 intrabunt
3176 3023 3299 3062 cum
3334 3006 3406 3067 iis

1850 3113 1943 3184 qui
1979 3128 2085 3168 una
2116 3127 2239 3167 cum
2270 3109 2481 3180 justitia
2515 3116 2606 3162 tua
2638 3103 2939 3175 ingressuri
2977 3108 3144 3158 sunt:
3178 3099 3273 3156 sed
3307 3112 3401 3158 ne-

1849 3219 1955 3275 que
1977 3204 2034 3259 in
2059 3204 2197 3258 libro
2219 3200 2511 3256 viventium
2533 3198 2842 3253 scribentur
2866 3212 2881 3261 ;
2909 3195 3016 3248 imo
3040 3190 3312 3247 contraria
3332 3188 3403 3243 iis

1849 3295 1942 3367 qui
1989 3292 2247 3363 descripti
2293 3299 2420 3346 sunt
2451 3290 2742 3360 patientur.
2793 3285 3015 3340 Etiamsi
3048 3284 3191 3339 enim
3226 3280 3402 3353 gratia

1849 3387 2032 3443 donati
2065 3401 2183 3441 mea
2213 3382 2507 3455 aliquando
2540 3382 2596 3436 in
2633 3381 2775 3435 libro
2806 3377 3103 3433 viventium
3131 3416 3146 3441 ,
3185 3382 3397 3445 patrum

1850 3480 2075 3534 suorum
2111 3475 2253 3548 apud
2312 3474 2476 3530 Deum
2526 3473 2817 3528 viventium
2873 3483 3068 3532 causa,
3105 3462 3403 3537 conscripti

1850 3573 2082 3633 fuerint,
2128 3572 2202 3625 ita
2250 3578 2307 3625 ut
2358 3578 2408 3623 et
2430 3568 2563 3638 ipsis
2613 3565 2883 3636 promissa
2929 3561 3112 3617 oblata
3159 3558 3300 3621 sint;
3346 3563 3402 3615 at

1847 3665 2101 3735 quoniam
2154 3661 2283 3715 talia
2365 3669 2493 3716 sunt
2554 3657 2706 3719 ausi,
2760 3676 2778 3707 ι
2828 3655 3108 3709 deleantur
3154 3651 3220 3705 de
3260 3648 3402 3703 libro

1849 3753 2161 3809 viventium.
2196 3771 2213 3802 ι
2242 3750 2388 3804 Libri
2418 3758 2595 3803 autem
2625 3745 2918 3802 viventium
2941 3737 3402 3807 rationemcpo-

1847 3860 2013 3907 cans,
2049 3840 2231 3898 subdit
2261 3848 2479 3910 postea,
2512 3856 2531 3888 ι
2561 3836 2630 3890 Ει
2660 3850 2782 3890 cum
2810 3834 2971 3903 justis
3013 3846 3121 3888 non
3154 3830 3400 3886 scriban-

1849 3944 1956 3990 tur.
1990 3953 2009 3986 ι
2033 3932 2309 3989 Electione
2340 3930 2537 4000 quippe
2570 3927 2719 3981 facta
2745 3939 2930 3993 eorum
2962 3923 3055 3997 qni
3102 3923 3156 3976 in
3197 3917 3397 3974 mundo

1846 4032 2004 4080 erant
2035 4022 2318 4075 hominum
2338 4057 2353 4083 ,
2391 4019 2483 4071 alii
2526 4018 2741 4087 quidem
2771 4014 3030 4083 vitaquaa
3061 4008 3200 4082 apud
3231 4008 3399 4064 Deum
3465 4062 3472 4073 ,

1846 4124 1929 4170 est
1958 4112 2143 4184 digni,
2177 4111 2249 4167 ob
2279 4110 2551 4182 propriam
2582 4107 2850 4178 justitiam
2895 4103 3037 4174 apud
3083 4103 3260 4170 ipsum
3306 4099 3399 4155 de-

1844 4209 2183 4273 scribentur;
2210 4204 2299 4275 qui
2325 4212 2503 4263 autem
2531 4200 2765 4261 exiihro
2793 4196 3136 4254 delebuntur,
3170 4191 3207 4245 ii
3238 4200 3400 4246 erunt

1844 4303 1939 4373 qui
1971 4302 2096 4356 vitae
2133 4300 2451 4370 principem,
2477 4295 2848 4366 repudiarunt.
2896 4286 2961 4339 Et
3011 4286 3099 4339 hic
3144 4284 3267 4339 ﬁnis
3295 4283 3400 4341 erit

1847 4409 2035 4451 eorum
2075 4394 2169 4463 qui
2200 4393 2311 4460 jam
2356 4393 2652 4445 memorata
2704 4387 2892 4436 contra
2933 4376 3271 4432 Servatorem
3300 4388 3397 4432 no-

189 4474 427 4546 ἀρχηγὸν
458 4473 556 4544 τῆς
584 4469 728 4544 ζωῆς
761 4466 1240 4547 παραιτῃσάμενοι.
1290 4470 1399 4522 Καὶ
1440 4467 1596 4522 τοῦτο
1646 4469 1741 4538 μὲν

1850 4494 2015 4545 strum
2048 4482 2292 4557 aggressi
2322 4488 2467 4535 sunt.
2497 4478 2627 4543 Qum
2658 4480 2956 4544 sequuntur
2984 4465 3187 4532 autem,
3220 4467 3275 4548 in
3306 4468 3397 4523 la:-

189 4566 248 4619 τὸ
271 4566 421 4629 τέλος
439 4562 636 4622 τῶν,τὰ
664 4561 1019 4634 προλεχθέντα
1045 4559 1183 4613 κατὰ
1207 4560 1299 4613 τοῦ
1322 4560 1570 4631 Σωτῆρος
1590 4561 1622 4629 ἡ
1631 4557 1742 4628 μῶν

188 4658 593 4728 τετολμηκότων
610 4673 623 4686 ·
658 4656 726 4709 τὰ
747 4637 790 4709 δ⁴
816 4656 940 4724 ἐξῆς
966 4656 993 4707 ό
1021 4652 1174 4719 λόγος
1203 4654 1294 4706 ἐπὶ
1318 4652 1378 4705 τὸ
1404 4651 1743 4723 φαιδρότερον

194 4746 510 4816 μεταϐάλλει
529 4785 543 4809 ,
570 4744 813 4798 ἐντεῦθεν
835 4742 1014 4797 λοιπὸν
1036 4741 1135 4813 τῆς
1156 4740 1508 4812 εωγγελικῆς
1526 4738 1743 4810 χάριτος

191 4838 585 4911 ἀπαρχόμενος.

265 4968 283 5000 ι
302 4950 523 5021 Πτωχὸς
554 4949 647 5003 καὶ
678 4947 856 5016 ἀλγῶν
882 4944 991 5015 ἐγώ
1024 4947 1138 5017 εἰμι
1161 4987 1176 5009 ,
1222 4948 1255 5017 ἡ
1288 4943 1525 5015 σωτηρία
1575 4946 1741 5009 σουλό

194 5038 337 5104 Θεὸς,
360 5040 677 5095 ἀντελάϐετό
728 5059 849 5112 μου.
874 5060 893 5091 ι
958 5036 1018 5093 '0
1046 5036 1213 5090 εἰπὼν
1260 5038 1319 5089 ἐν
1357 5033 1737 5103 Εὑαγγελίοις·

200 5149 218 5183 ι
240 5132 450 5186 Μάθετε
495 5134 589 5187 ἀπ’
616 5133 779 5205 ἐμοῦ,
817 5133 903 5186 ὅτι
935 5128 1105 5200 πρᾶός
1136 5129 1250 5198 ειμι
1280 5126 1371 5180 καὶ
1395 5124 1642 5187 ταπεινὸς
1672 5127 1738 5196 τῇ

196 5221 411 5293 καρδία,
438 5241 457 5272 ι
483 5220 570 5275 διὰ
594 5221 699 5274 τῶν
714 5219 1078 5292 προκειμένων
1100 5215 1311 5285 πτωχὸς
1326 5213 1419 5271 καὶ
1431 5210 1614 5280 ἀλγῶν
1630 5211 1741 5278 ἐγώ

200 5308 338 5379 ειμι,
370 5308 523 5379 φησί.
585 5309 803 5377 Πτωχὸς
833 5308 890 5361 δὲ
924 5302 991 5377 ἦν
1028 5303 1123 5357 τὸν.
1148 5300 1371 5362 πλοῦτον
1392 5300 1490 5371 τῆς
1523 5299 1737 5361 αίωνίου

199 5399 462 5468 βασιλείας
488 5382 831 5468 ἀποθέμενος.
862 5397 952 5451 Διό
983 5395 1189 5465 φησινά
1214 5391 1447 5453 Παῦλος·
1474 5408 1503 5439 ι
1536 5390 1741 5461 Ἰησοῦς

200 5492 420 5564 Χριστὸς
445 5492 694 5554 πλούσιος
712 5488 808 5553 ὣν,
831 5491 897 5544 δι’
921 5491 1069 5562 ἡμᾶς
1091 5487 1447 5557 ἐπτώχευσεν,
1478 5485 1565 5537 ἵνα
1581 5486 1741 5555 ἡμεῖς

198 5584 258 5653 τῇ
272 5582 435 5637 αὐτοῦ
462 5582 699 5661 πτωχείᾳ
717 5580 1152 5653 πλουτήσωμεν.)
1174 5577 1327 5639 Ἀλλά
1358 5577 1451 5629 καὶ
1472 5595 1489 5637 ι
1513 5574 1734 5645 ἀλγῶν-ι

1850 4581 2043 4641 tiorem
2090 4575 2319 4631 formam
2369 4578 2681 4623 mutantur:
2733 4582 2856 4622 nam
2905 4566 3028 4622 inde
3076 4561 3396 4636 evangelica

1849 4665 2273 4743 gratimjnitium
2300 4659 2535 4720 ducitur.

1916 4932 2081 4989 Vens.
2116 4927 2223 4992 .30.,
2252 4927 2340 4983 51.
2367 4944 2385 4979 ι
2406 4925 2516 4997 Ego
2542 4939 2659 4981 sum
2686 4940 2787 4993 pan
2798 4938 2892 4993 per
2920 4929 2973 4978 et
2998 4921 3185 4977 dolens
3204 4960 3226 4984 ,
3250 4918 3394 4973 salus

1847 5037 1976 5088 tua,
2018 5019 2444 5089 Deus,.suscepit
2486 5034 2589 5071 me.
2616 5035 2633 5068 ι
2656 5015 2759 5081 Qui
2791 5016 2853 5069 in
2884 5012 3196 5083 Evangeliis
3215 5010 3391 5065 dixit;

1853 5135 1871 5167 ι
1896 5112 2097 5169 Discite
2118 5125 2149 5164 a
2173 5124 2259 5165 me
2287 5109 2413 5179 quia
2469 5106 2615 5176 mitis
2641 5119 2760 5157 sum
2787 5110 2842 5157 et
2870 5101 3086 5157 humilis
3110 5097 3271 5153 corde
3291 5096 3388 5159 ⁸⁸,ι

1847 5209 1902 5262 in
1935 5202 2186 5275 praesenti
2206 5217 2265 5258 se
2295 5212 2580 5271 pauperem
2612 5204 2666 5249 et
2694 5194 2964 5251 dolentem
2997 5189 3151 5244 dicit.
3186 5186 3392 5256 Pauper

1846 5307 2023 5355 autem
2052 5302 2206 5359 erat,
2236 5289 2496 5363 depositis
2535 5285 2727 5342 aeterni
2750 5283 2901 5353 regni
2928 5280 3151 5337 divitiis.
3200 5278 3397 5347 Quam-

1844 5391 2027 5445 obrem
2058 5386 2132 5441 ait
2148 5384 2350 5441 Paulus
2370 5398 2384 5435 :
2407 5401 2424 5431 ι
2445 5378 2605 5435 Iesus
2623 5376 2874 5433 Christus
2896 5385 3020 5457 cum
3049 5370 3208 5428 dives
3225 5375 3391 5428 esset,

1846 5487 2068 5552 propter
2096 5492 2196 5534 nos
2236 5477 2393 5553 inops
2422 5470 2790 5529 eﬂ'ectussest,
2824 5471 2883 5525 ut
2925 5462 3174 5530 nosejus
3213 5458 3395 5529 inopia

1848 5550 2042 5627 divites
2063 5550 2310 5624 essemus
2331 5564 2401 5623 ἰι
2425 5582 2442 5615 ι
2468 5559 2572 5619 Sed
2586 5559 2753 5619 etiam
2778 5574 2797 5610 ι
2816 5554 3005 5611 dolens
3027 5572 3047 5606 ι
3066 5550 3204 5618 fuit;
3226 5563 3398 5621 quare

262 5736 307 5770 ⁸³
342 5735 487 5794 Psal.
529 5727 671 5804 xm,
695 5734 787 5804 26,
826 5734 916 5791 21.
990 5735 1033 5770 υ
1073 5732 1246 5791 Levit.
1287 5746 1433 5800 uri,
1471 5728 1563 5797 23,
1600 5728 1716 5790 2L.

1853 5724 2039 5781 Matth.
2081 5737 2160 5784 ιι,
2194 5718 2291 5781 29.
2385 5718 2427 5750 ¹¹
2468 5714 2509 5771 ll
2536 5712 2672 5773 Cor.
2712 5725 2829 5775 riu,
2863 5706 2916 5765 9.
