  <div class='ocr_page' id='page_1' title='image "/cluster/home/n/w/nwhite01/storage/ocr_20150623/23/pst.000005712076/387.png"; bbox 0 0 3966 6348; ppageno 0'>
   <div class='ocr_carea' id='block_1_1' title="bbox 676 327 782 388">
    <p class='ocr_par' dir='ltr' id='par_1_1' title="bbox 676 327 782 388">
     <span class='ocr_line' id='line_1_1' title="bbox 676 327 782 388; baseline 0.057 -5"><span class='ocrx_word' id='word_1_1' title='bbox 676 327 782 388; x_wconf 72' lang='lat'><strong>159</strong></span> 
     </span>
    </p>
   </div>
   <div class='ocr_carea' id='block_1_2' title="bbox 1337 321 3134 386">
    <p class='ocr_par' dir='ltr' id='par_1_2' title="bbox 1337 321 3134 386">
     <span class='ocr_line' id='line_1_2' title="bbox 1337 321 3134 386; baseline -0.003 -1"><span class='ocrx_word' id='word_1_2' title='bbox 1337 327 1599 386; x_wconf 77' lang='lat' dir='ltr'><strong>EL&#39;SEBII</strong></span> <span class='ocrx_word' id='word_1_3' title='bbox 1633 329 2106 386; x_wconf 60' lang='lat' dir='ltr'><strong>CESARIENSIS</strong></span> <span class='ocrx_word' id='word_1_4' title='bbox 2144 327 2292 385; x_wconf 87' lang='lat' dir='ltr'><strong>OPP.</strong></span> <span class='ocrx_word' id='word_1_5' title='bbox 2324 325 2499 383; x_wconf 80' lang='lat' dir='ltr'><strong>PARS</strong></span> <span class='ocrx_word' id='word_1_6' title='bbox 2536 324 2706 382; x_wconf 84' lang='lat' dir='ltr'><strong>lll.--</strong></span> <span class='ocrx_word' id='word_1_7' title='bbox 2735 321 3134 380; x_wconf 80' lang='lat' dir='ltr'><strong>EXEGETICA.</strong></span> 
     </span>
    </p>
   </div>
   <div class='ocr_carea' id='block_1_3' title="bbox 3738 326 3819 383">
    <p class='ocr_par' dir='ltr' id='par_1_3' title="bbox 3738 326 3819 383">
     <span class='ocr_line' id='line_1_3' title="bbox 3738 326 3819 383; baseline 0.062 -5"><span class='ocrx_word' id='word_1_8' title='bbox 3738 326 3819 383; x_wconf 79' lang='grc'><strong>760</strong></span> 
     </span>
    </p>
   </div>
   <div class='ocr_carea' id='block_1_4' title="bbox 667 440 2184 520">
    <p class='ocr_par' dir='ltr' id='par_1_4' title="bbox 667 447 2184 520">
     <span class='ocr_line' id='line_1_4' title="bbox 667 447 2184 520; baseline 0.002 -18"><span class='ocrx_word' id='word_1_9' title='bbox 667 462 830 519; x_wconf 78' lang='lat' dir='ltr'><strong>supra</strong></span> <span class='ocrx_word' id='word_1_10' title='bbox 862 448 1067 503; x_wconf 88' lang='lat' dir='ltr'><strong>dicebat</strong></span> <span class='ocrx_word' id='word_1_11' title='bbox 1096 467 1109 503; x_wconf 90' lang='lat'><strong>:</strong></span> <span class='ocrx_word' id='word_1_12' title='bbox 1143 467 1161 501; x_wconf 76' lang='grc' dir='ltr'><strong>ι</strong></span> <span class='ocrx_word' id='word_1_13' title='bbox 1189 447 1252 502; x_wconf 86' lang='lat' dir='ltr'><strong>Et</strong></span> <span class='ocrx_word' id='word_1_14' title='bbox 1280 464 1443 520; x_wconf 86' lang='lat' dir='ltr'><strong>super</strong></span> <span class='ocrx_word' id='word_1_15' title='bbox 1468 450 1707 505; x_wconf 83' lang='lat' dir='ltr'><strong>dolorem</strong></span> <span class='ocrx_word' id='word_1_16' title='bbox 1737 450 2019 504; x_wconf 82' lang='lat' dir='ltr'><strong>vulnerum</strong></span> <span class='ocrx_word' id='word_1_17' title='bbox 2051 463 2184 505; x_wconf 78' lang='lat' dir='ltr'><strong>meo</strong></span> 
     </span>
    </p>
   </div>
   <div class='ocr_carea' id='block_1_5' title="bbox 2284 440 3821 520">
    <p class='ocr_par' dir='ltr' id='par_1_5' title="bbox 2299 440 3821 516">
     <span class='ocr_line' id='line_1_5' title="bbox 2299 440 3821 516; baseline -0.003 -15"><span class='ocrx_word' id='word_1_18' title='bbox 2299 447 2511 516; x_wconf 81' lang='grc' dir='ltr'>γέγονε·</span> <span class='ocrx_word' id='word_1_19' title='bbox 2547 446 2626 499; x_wconf 85' lang='grc' dir='ltr'><strong>διὸ</strong></span> <span class='ocrx_word' id='word_1_20' title='bbox 2647 443 2827 513; x_wconf 78' lang='grc' dir='ltr'>ἔλεγεν</span> <span class='ocrx_word' id='word_1_21' title='bbox 2854 441 3105 513; x_wconf 83' lang='grc' dir='ltr'><strong>ἀνωτέρω</strong></span> <span class='ocrx_word' id='word_1_22' title='bbox 3124 459 3137 472; x_wconf 81' lang='grc'><em>’</em></span> <span class='ocrx_word' id='word_1_23' title='bbox 3180 460 3197 492; x_wconf 78' lang='grc' dir='ltr'><strong>ι</strong></span> <span class='ocrx_word' id='word_1_24' title='bbox 3219 440 3329 494; x_wconf 76' lang='grc' dir='ltr'><strong>Καὶ</strong></span> <span class='ocrx_word' id='word_1_25' title='bbox 3355 442 3446 495; x_wconf 71' lang='grc' dir='ltr'><strong>ἐπὶ</strong></span> <span class='ocrx_word' id='word_1_26' title='bbox 3475 441 3536 495; x_wconf 81' lang='grc' dir='ltr'>τὸ</span> <span class='ocrx_word' id='word_1_27' title='bbox 3553 441 3710 509; x_wconf 71' lang='grc' dir='ltr'>ἄλγος</span> <span class='ocrx_word' id='word_1_28' title='bbox 3730 441 3821 495; x_wconf 80' lang='grc' dir='ltr'><strong>τῶν</strong></span> 
     </span>
    </p>
   </div>
   <div class='ocr_carea' id='block_1_6' title="bbox 664 542 2197 615">
    <p class='ocr_par' dir='ltr' id='par_1_6' title="bbox 664 542 2197 615">
     <span class='ocr_line' id='line_1_6' title="bbox 664 542 2197 615; baseline 0.003 -19"><span class='ocrx_word' id='word_1_29' title='bbox 664 556 785 596; x_wconf 75' lang='lat' dir='ltr'><strong>rum</strong></span> <span class='ocrx_word' id='word_1_30' title='bbox 810 542 1148 599; x_wconf 87' lang='lat' dir='ltr'><strong>addiderunt.</strong></span> <span class='ocrx_word' id='word_1_31' title='bbox 1180 562 1198 595; x_wconf 79' lang='grc' dir='ltr'><strong>ι</strong></span> <span class='ocrx_word' id='word_1_32' title='bbox 1226 543 1447 599; x_wconf 85' lang='lat' dir='ltr'><strong>Dolebat</strong></span> <span class='ocrx_word' id='word_1_33' title='bbox 1472 545 1613 599; x_wconf 90' lang='lat' dir='ltr'><strong>enim</strong></span> <span class='ocrx_word' id='word_1_34' title='bbox 1646 561 1743 614; x_wconf 85' lang='lat' dir='ltr'><strong>pro</strong></span> <span class='ocrx_word' id='word_1_35' title='bbox 1775 546 1842 601; x_wconf 91' lang='lat' dir='ltr'><strong>iis</strong></span> <span class='ocrx_word' id='word_1_36' title='bbox 1871 546 1959 615; x_wconf 88' lang='lat' dir='ltr'><strong>qui</strong></span> <span class='ocrx_word' id='word_1_37' title='bbox 1990 546 2042 599; x_wconf 92' lang='lat' dir='ltr'><strong>in</strong></span> <span class='ocrx_word' id='word_1_38' title='bbox 2074 561 2197 615; x_wconf 88' lang='lat' dir='ltr'><strong>per-</strong></span> 
     </span>
    </p>
   </div>
   <div class='ocr_carea' id='block_1_7' title="bbox 664 628 2199 705">
    <p class='ocr_par' dir='ltr' id='par_1_7' title="bbox 664 628 2199 705">
     <span class='ocr_line' id='line_1_7' title="bbox 664 628 2199 705; baseline 0.005 -23"><span class='ocrx_word' id='word_1_39' title='bbox 664 628 870 684; x_wconf 82' lang='lat' dir='ltr'><strong>nieiem-</strong></span> <span class='ocrx_word' id='word_1_40' title='bbox 905 631 1084 694; x_wconf 83' lang='lat' dir='ltr'><strong>ibant,</strong></span> <span class='ocrx_word' id='word_1_41' title='bbox 1129 642 1182 687; x_wconf 90' lang='lat' dir='ltr'><strong>et</strong></span> <span class='ocrx_word' id='word_1_42' title='bbox 1224 633 1524 704; x_wconf 88' lang='lat' dir='ltr'><strong>patiebatur</strong></span> <span class='ocrx_word' id='word_1_43' title='bbox 1562 650 1746 687; x_wconf 88' lang='lat' dir='ltr'><strong>eorum</strong></span> <span class='ocrx_word' id='word_1_44' title='bbox 1787 649 1951 688; x_wconf 88' lang='lat' dir='ltr'><strong>causa</strong></span> <span class='ocrx_word' id='word_1_45' title='bbox 1992 638 2083 705; x_wconf 85' lang='lat' dir='ltr'><strong>qui</strong></span> <span class='ocrx_word' id='word_1_46' title='bbox 2130 635 2199 689; x_wconf 87' lang='lat' dir='ltr'><strong>ad</strong></span> 
     </span>
    </p>
   </div>
   <div class='ocr_carea' id='block_1_8' title="bbox 661 718 2198 789">
    <p class='ocr_par' dir='ltr' id='par_1_8' title="bbox 661 718 2198 789">
     <span class='ocr_line' id='line_1_8' title="bbox 661 718 2198 789; baseline 0.004 -16"><span class='ocrx_word' id='word_1_47' title='bbox 661 718 884 773; x_wconf 78' lang='lat' dir='ltr'><strong>salutem</strong></span> <span class='ocrx_word' id='word_1_48' title='bbox 926 720 1021 775; x_wconf 90' lang='lat' dir='ltr'><strong>abs</strong></span> <span class='ocrx_word' id='word_1_49' title='bbox 1065 736 1123 777; x_wconf 87' lang='lat' dir='ltr'><strong>se</strong></span> <span class='ocrx_word' id='word_1_50' title='bbox 1167 731 1502 789; x_wconf 76' lang='lat' dir='ltr'><strong>procuratum</strong></span> <span class='ocrx_word' id='word_1_51' title='bbox 1547 738 1652 775; x_wconf 92' lang='lat' dir='ltr'><strong>non</strong></span> <span class='ocrx_word' id='word_1_52' title='bbox 1698 723 2031 779; x_wconf 71' lang='lat' dir='ltr'><strong>accederent.</strong></span> <span class='ocrx_word' id='word_1_53' title='bbox 2076 723 2198 779; x_wconf 88' lang='lat' dir='ltr'><strong>ideo</strong></span> 
     </span>
    </p>
   </div>
   <div class='ocr_carea' id='block_1_9' title="bbox 661 813 2198 883">
    <p class='ocr_par' dir='ltr' id='par_1_9' title="bbox 661 813 2198 883">
     <span class='ocr_line' id='line_1_9' title="bbox 661 813 2198 883; baseline 0.004 -18"><span class='ocrx_word' id='word_1_54' title='bbox 661 827 757 867; x_wconf 86' lang='lat' dir='ltr'><strong>seu</strong></span> <span class='ocrx_word' id='word_1_55' title='bbox 805 814 989 868; x_wconf 75' lang='lat' dir='ltr'><strong>dolens</strong></span> <span class='ocrx_word' id='word_1_56' title='bbox 1045 815 1347 867; x_wconf 85' lang='lat' dir='ltr'><strong>clamabat:</strong></span> <span class='ocrx_word' id='word_1_57' title='bbox 1380 832 1397 864; x_wconf 73' lang='grc' dir='ltr'><strong>ι</strong></span> <span class='ocrx_word' id='word_1_58' title='bbox 1428 813 1469 867; x_wconf 89' lang='grc' dir='ltr'><strong>Ο</strong></span> <span class='ocrx_word' id='word_1_59' title='bbox 1499 816 1772 883; x_wconf 79' lang='lat' dir='ltr'><strong>generatio</strong></span> <span class='ocrx_word' id='word_1_60' title='bbox 1822 816 2096 870; x_wconf 82' lang='lat' dir='ltr'><strong>incredula</strong></span> <span class='ocrx_word' id='word_1_61' title='bbox 2145 826 2198 872; x_wconf 91' lang='lat' dir='ltr'><strong>et</strong></span> 
     </span>
    </p>
   </div>
   <div class='ocr_carea' id='block_1_10' title="bbox 658 906 2196 977">
    <p class='ocr_par' dir='ltr' id='par_1_10' title="bbox 658 906 2196 977">
     <span class='ocr_line' id='line_1_10' title="bbox 658 906 2196 977; baseline 0.004 -18"><span class='ocrx_word' id='word_1_62' title='bbox 658 918 939 974; x_wconf 82' lang='lat' dir='ltr'><strong>perversa,</strong></span> <span class='ocrx_word' id='word_1_63' title='bbox 980 920 1260 974; x_wconf 82' lang='lat' dir='ltr'><strong>quousque</strong></span> <span class='ocrx_word' id='word_1_64' title='bbox 1303 906 1578 961; x_wconf 80' lang='lat' dir='ltr'><strong>vobiscum</strong></span> <span class='ocrx_word' id='word_1_65' title='bbox 1615 908 1751 961; x_wconf 89' lang='lat' dir='ltr'><strong>ero?</strong></span> <span class='ocrx_word' id='word_1_66' title='bbox 1792 924 2074 977; x_wconf 75' lang='lat' dir='ltr'><strong>quousque</strong></span> <span class='ocrx_word' id='word_1_67' title='bbox 2098 925 2196 965; x_wconf 91' lang='lat' dir='ltr'><strong>vos</strong></span> 
     </span>
    </p>
   </div>
   <div class='ocr_carea' id='block_1_11' title="bbox 658 995 2191 1067">
    <p class='ocr_par' dir='ltr' id='par_1_11' title="bbox 658 995 2191 1067">
     <span class='ocr_line' id='line_1_11' title="bbox 658 995 2191 1067; baseline 0.006 -20"><span class='ocrx_word' id='word_1_68' title='bbox 658 996 830 1063; x_wconf 85' lang='lat' dir='ltr'><strong>patiar</strong></span> <span class='ocrx_word' id='word_1_69' title='bbox 858 996 944 1048; x_wconf 71' lang='lat'><strong>“1&#39;</strong></span> <span class='ocrx_word' id='word_1_70' title='bbox 971 1016 989 1048; x_wconf 75' lang='grc' dir='ltr'><strong>ι</strong></span> <span class='ocrx_word' id='word_1_71' title='bbox 1018 995 1140 1049; x_wconf 88' lang='lat' dir='ltr'><strong>Ideo</strong></span> <span class='ocrx_word' id='word_1_72' title='bbox 1168 997 1327 1052; x_wconf 87' lang='lat' dir='ltr'><strong>dicit:</strong></span> <span class='ocrx_word' id='word_1_73' title='bbox 1355 1016 1371 1047; x_wconf 80' lang='grc' dir='ltr'><strong>ι</strong></span> <span class='ocrx_word' id='word_1_74' title='bbox 1398 996 1505 1067; x_wconf 86' lang='lat' dir='ltr'><strong>Ego</strong></span> <span class='ocrx_word' id='word_1_75' title='bbox 1535 1006 1652 1053; x_wconf 81' lang='lat' dir='ltr'><strong>sunt</strong></span> <span class='ocrx_word' id='word_1_76' title='bbox 1679 1014 1880 1067; x_wconf 80' lang='lat' dir='ltr'><strong>pauper</strong></span> <span class='ocrx_word' id='word_1_77' title='bbox 1905 1009 1957 1054; x_wconf 85' lang='lat' dir='ltr'><strong>et</strong></span> <span class='ocrx_word' id='word_1_78' title='bbox 1985 1000 2191 1066; x_wconf 78' lang='lat' dir='ltr'><strong>dolens,</strong></span> 
     </span>
    </p>
   </div>
   <div class='ocr_carea' id='block_1_12' title="bbox 657 1085 2192 1159">
    <p class='ocr_par' dir='ltr' id='par_1_12' title="bbox 657 1085 2192 1159">
     <span class='ocr_line' id='line_1_12' title="bbox 657 1085 2192 1159; baseline 0.004 -20"><span class='ocrx_word' id='word_1_79' title='bbox 657 1086 803 1140; x_wconf 89' lang='lat' dir='ltr'><strong>salus</strong></span> <span class='ocrx_word' id='word_1_80' title='bbox 832 1093 923 1140; x_wconf 86' lang='lat' dir='ltr'><strong>tua</strong></span> <span class='ocrx_word' id='word_1_81' title='bbox 943 1126 957 1150; x_wconf 92' lang='lat'><strong>,</strong></span> <span class='ocrx_word' id='word_1_82' title='bbox 987 1085 1159 1149; x_wconf 92' lang='lat' dir='ltr'><strong>Deus,</strong></span> <span class='ocrx_word' id='word_1_83' title='bbox 1194 1090 1431 1157; x_wconf 86' lang='lat' dir='ltr'><strong>suscepit</strong></span> <span class='ocrx_word' id='word_1_84' title='bbox 1462 1104 1567 1142; x_wconf 87' lang='lat' dir='ltr'><strong>me.</strong></span> <span class='ocrx_word' id='word_1_85' title='bbox 1601 1107 1618 1139; x_wconf 72' lang='grc' dir='ltr'><strong>ι</strong></span> <span class='ocrx_word' id='word_1_86' title='bbox 1646 1087 1741 1141; x_wconf 81' lang='lat' dir='ltr'><strong>llis</strong></span> <span class='ocrx_word' id='word_1_87' title='bbox 1775 1104 1936 1159; x_wconf 91' lang='lat' dir='ltr'><strong>porro</strong></span> <span class='ocrx_word' id='word_1_88' title='bbox 1966 1091 2192 1146; x_wconf 78' lang='lat' dir='ltr'><strong>salutem</strong></span> 
     </span>
    </p>
   </div>
   <div class='ocr_carea' id='block_1_13' title="bbox 655 1175 2190 1247">
    <p class='ocr_par' dir='ltr' id='par_1_13' title="bbox 655 1175 2190 1247">
     <span class='ocr_line' id='line_1_13' title="bbox 655 1175 2190 1247; baseline 0.005 -19"><span class='ocrx_word' id='word_1_89' title='bbox 655 1175 961 1230; x_wconf 78' lang='lat' dir='ltr'><strong>subindieat</strong></span> <span class='ocrx_word' id='word_1_90' title='bbox 983 1193 1088 1246; x_wconf 90' lang='lat' dir='ltr'><strong>qua</strong></span> <span class='ocrx_word' id='word_1_91' title='bbox 1112 1186 1230 1247; x_wconf 91' lang='lat' dir='ltr'><strong>post</strong></span> <span class='ocrx_word' id='word_1_92' title='bbox 1252 1188 1473 1233; x_wconf 89' lang='lat' dir='ltr'><strong>mortem</strong></span> <span class='ocrx_word' id='word_1_93' title='bbox 1497 1178 1780 1235; x_wconf 80' lang='lat' dir='ltr'><strong>donandus</strong></span> <span class='ocrx_word' id='word_1_94' title='bbox 1801 1189 1900 1235; x_wconf 85' lang='lat' dir='ltr'><strong>est.</strong></span> <span class='ocrx_word' id='word_1_95' title='bbox 1916 1180 2047 1235; x_wconf 89' lang='lat' dir='ltr'><strong>Nam</strong></span> <span class='ocrx_word' id='word_1_96' title='bbox 2069 1197 2190 1236; x_wconf 90' lang='lat' dir='ltr'><strong>cum</strong></span> 
     </span>
    </p>
   </div>
   <div class='ocr_carea' id='block_1_14' title="bbox 655 1266 2192 1337">
    <p class='ocr_par' dir='ltr' id='par_1_14' title="bbox 655 1266 2192 1337">
     <span class='ocr_line' id='line_1_14' title="bbox 655 1266 2192 1337; baseline 0.007 -21"><span class='ocrx_word' id='word_1_97' title='bbox 655 1266 859 1332; x_wconf 83' lang='lat' dir='ltr'><strong>pridem</strong></span> <span class='ocrx_word' id='word_1_98' title='bbox 907 1267 1102 1323; x_wconf 81' lang='lat' dir='ltr'><strong>inﬁxus</strong></span> <span class='ocrx_word' id='word_1_99' title='bbox 1146 1270 1197 1321; x_wconf 90' lang='lat' dir='ltr'><strong>in</strong></span> <span class='ocrx_word' id='word_1_100' title='bbox 1239 1269 1367 1321; x_wconf 85' lang='lat' dir='ltr'><strong>limo</strong></span> <span class='ocrx_word' id='word_1_101' title='bbox 1418 1267 1706 1337; x_wconf 72' lang='lat' dir='ltr'><strong>profundi,</strong></span> <span class='ocrx_word' id='word_1_102' title='bbox 1745 1272 1951 1326; x_wconf 89' lang='lat' dir='ltr'><strong>venerit</strong></span> <span class='ocrx_word' id='word_1_103' title='bbox 1984 1273 2037 1327; x_wconf 90' lang='lat' dir='ltr'><strong>in</strong></span> <span class='ocrx_word' id='word_1_104' title='bbox 2069 1273 2192 1326; x_wconf 89' lang='lat' dir='ltr'><strong>alti-</strong></span> 
     </span>
    </p>
   </div>
   <div class='ocr_carea' id='block_1_15' title="bbox 653 1359 2190 1433">
    <p class='ocr_par' dir='ltr' id='par_1_15' title="bbox 653 1359 2190 1433">
     <span class='ocr_line' id='line_1_15' title="bbox 653 1359 2190 1433; baseline 0.005 -23"><span class='ocrx_word' id='word_1_105' title='bbox 653 1359 894 1414; x_wconf 91' lang='lat' dir='ltr'><strong>tudinem</strong></span> <span class='ocrx_word' id='word_1_106' title='bbox 931 1362 1127 1422; x_wconf 88' lang='lat' dir='ltr'><strong>maris,</strong></span> <span class='ocrx_word' id='word_1_107' title='bbox 1166 1369 1222 1415; x_wconf 89' lang='lat' dir='ltr'><strong>ttt</strong></span> <span class='ocrx_word' id='word_1_108' title='bbox 1256 1363 1306 1413; x_wconf 88' lang='lat' dir='ltr'><strong>in</strong></span> <span class='ocrx_word' id='word_1_109' title='bbox 1339 1361 1614 1430; x_wconf 85' lang='lat' dir='ltr'><strong>prophetia</strong></span> <span class='ocrx_word' id='word_1_110' title='bbox 1647 1362 1855 1417; x_wconf 88' lang='lat' dir='ltr'><strong>dicebat</strong></span> <span class='ocrx_word' id='word_1_111' title='bbox 1880 1403 1893 1427; x_wconf 95' lang='lat'><strong>,</strong></span> <span class='ocrx_word' id='word_1_112' title='bbox 1920 1363 2033 1433; x_wconf 89' lang='lat' dir='ltr'><strong>jam</strong></span> <span class='ocrx_word' id='word_1_113' title='bbox 2064 1380 2190 1419; x_wconf 89' lang='lat' dir='ltr'><strong>vero</strong></span> 
     </span>
    </p>
   </div>
   <div class='ocr_carea' id='block_1_16' title="bbox 652 1449 2189 1526">
    <p class='ocr_par' dir='ltr' id='par_1_16' title="bbox 652 1449 2189 1526">
     <span class='ocr_line' id='line_1_16' title="bbox 652 1449 2189 1526; baseline 0.007 -24"><span class='ocrx_word' id='word_1_114' title='bbox 652 1449 822 1513; x_wconf 87' lang='lat' dir='ltr'><strong>dicit,</strong></span> <span class='ocrx_word' id='word_1_115' title='bbox 866 1468 884 1501; x_wconf 74' lang='grc' dir='ltr'><strong>ι</strong></span> <span class='ocrx_word' id='word_1_116' title='bbox 915 1450 1071 1506; x_wconf 88' lang='lat' dir='ltr'><strong>Salus</strong></span> <span class='ocrx_word' id='word_1_117' title='bbox 1124 1462 1212 1505; x_wconf 91' lang='lat' dir='ltr'><strong>tua</strong></span> <span class='ocrx_word' id='word_1_118' title='bbox 1233 1492 1248 1514; x_wconf 91' lang='lat'><strong>,</strong></span> <span class='ocrx_word' id='word_1_119' title='bbox 1281 1451 1420 1509; x_wconf 90' lang='lat' dir='ltr'><strong>Deus</strong></span> <span class='ocrx_word' id='word_1_120' title='bbox 1444 1493 1459 1515; x_wconf 89' lang='lat'><strong>,</strong></span> <span class='ocrx_word' id='word_1_121' title='bbox 1518 1456 1752 1525; x_wconf 79' lang='lat' dir='ltr'><strong>suscepit</strong></span> <span class='ocrx_word' id='word_1_122' title='bbox 1805 1472 1926 1511; x_wconf 88' lang='lat' dir='ltr'><strong>me:</strong></span> <span class='ocrx_word' id='word_1_123' title='bbox 1961 1476 1979 1508; x_wconf 74' lang='grc' dir='ltr'><strong>ι</strong></span> <span class='ocrx_word' id='word_1_124' title='bbox 2008 1466 2189 1526; x_wconf 89' lang='lat' dir='ltr'><strong>aperte</strong></span> 
     </span>
    </p>
   </div>
   <div class='ocr_carea' id='block_1_17' title="bbox 649 1542 2189 1615">
    <p class='ocr_par' dir='ltr' id='par_1_17' title="bbox 649 1542 2189 1615">
     <span class='ocr_line' id='line_1_17' title="bbox 649 1542 2189 1615; baseline 0.005 -19"><span class='ocrx_word' id='word_1_125' title='bbox 649 1542 889 1597; x_wconf 85' lang='lat' dir='ltr'><strong>declarat</strong></span> <span class='ocrx_word' id='word_1_126' title='bbox 938 1557 1032 1607; x_wconf 87' lang='lat' dir='ltr'><strong>se,</strong></span> <span class='ocrx_word' id='word_1_127' title='bbox 1082 1553 1360 1615; x_wconf 80' lang='lat' dir='ltr'><strong>postquam</strong></span> <span class='ocrx_word' id='word_1_128' title='bbox 1408 1546 1463 1599; x_wconf 90' lang='lat' dir='ltr'><strong>in</strong></span> <span class='ocrx_word' id='word_1_129' title='bbox 1512 1546 1847 1609; x_wconf 84' lang='lat' dir='ltr'><strong>altitudinem</strong></span> <span class='ocrx_word' id='word_1_130' title='bbox 1893 1549 2057 1603; x_wconf 91' lang='lat' dir='ltr'><strong>maris</strong></span> <span class='ocrx_word' id='word_1_131' title='bbox 2098 1566 2189 1604; x_wconf 81' lang='lat' dir='ltr'><strong>ve-</strong></span> 
     </span>
    </p>
   </div>
   <div class='ocr_carea' id='block_1_18' title="bbox 648 1636 2183 1715">
    <p class='ocr_par' dir='ltr' id='par_1_18' title="bbox 648 1636 2183 1715">
     <span class='ocr_line' id='line_1_18' title="bbox 648 1636 2183 1715; baseline 0.006 -32"><span class='ocrx_word' id='word_1_132' title='bbox 648 1639 833 1694; x_wconf 84' lang='lat' dir='ltr'><strong>nerat,</strong></span> <span class='ocrx_word' id='word_1_133' title='bbox 859 1640 1136 1707; x_wconf 81' lang='lat' dir='ltr'><strong>postquam</strong></span> <span class='ocrx_word' id='word_1_134' title='bbox 1163 1642 1451 1701; x_wconf 89' lang='lat' dir='ltr'><strong>memorata</strong></span> <span class='ocrx_word' id='word_1_135' title='bbox 1479 1636 1727 1709; x_wconf 85' lang='lat' dir='ltr'><strong>superius</strong></span> <span class='ocrx_word' id='word_1_136' title='bbox 1756 1653 1948 1707; x_wconf 87' lang='lat' dir='ltr'><strong>passus</strong></span> <span class='ocrx_word' id='word_1_137' title='bbox 1977 1639 2150 1693; x_wconf 85' lang='lat' dir='ltr'><strong>fuerat</strong></span> <span class='ocrx_word' id='word_1_138' title='bbox 2160 1681 2183 1715; x_wconf 60' lang='lat'><strong>,</strong></span> 
     </span>
    </p>
   </div>
   <div class='ocr_carea' id='block_1_19' title="bbox 649 1722 2187 1792">
    <p class='ocr_par' dir='ltr' id='par_1_19' title="bbox 649 1722 2187 1792">
     <span class='ocr_line' id='line_1_19' title="bbox 649 1722 2187 1792; baseline 0.007 -18"><span class='ocrx_word' id='word_1_139' title='bbox 649 1722 1007 1790; x_wconf 80' lang='lat' dir='ltr'><strong>patrocinium</strong></span> <span class='ocrx_word' id='word_1_140' title='bbox 1052 1736 1401 1780; x_wconf 91' lang='lat' dir='ltr'><strong>consecutum</strong></span> <span class='ocrx_word' id='word_1_141' title='bbox 1446 1741 1585 1781; x_wconf 87' lang='lat' dir='ltr'><strong>esse.</strong></span> <span class='ocrx_word' id='word_1_142' title='bbox 1633 1726 1809 1792; x_wconf 84' lang='lat' dir='ltr'><strong>Quare</strong></span> <span class='ocrx_word' id='word_1_143' title='bbox 1844 1729 1897 1782; x_wconf 93' lang='lat' dir='ltr'><strong>in</strong></span> <span class='ocrx_word' id='word_1_144' title='bbox 1932 1729 2187 1785; x_wconf 83' lang='lat' dir='ltr'><strong>vicesimo</strong></span> 
     </span>
    </p>
   </div>
   <div class='ocr_carea' id='block_1_20' title="bbox 2299 531 3820 609">
    <p class='ocr_par' dir='ltr' id='par_1_20' title="bbox 2299 531 3820 609">
     <span class='ocr_line' id='line_1_20' title="bbox 2299 531 3820 609; baseline -0.005 -17"><span class='ocrx_word' id='word_1_145' title='bbox 2299 537 2621 609; x_wconf 80' lang='grc' dir='ltr'><strong>τραυμάτων</strong></span> <span class='ocrx_word' id='word_1_146' title='bbox 2655 552 2751 606; x_wconf 88' lang='grc' dir='ltr'><strong>μου</strong></span> <span class='ocrx_word' id='word_1_147' title='bbox 2787 532 3143 605; x_wconf 87' lang='grc' dir='ltr'>προσέθηκαν.</span> <span class='ocrx_word' id='word_1_148' title='bbox 3186 551 3204 584; x_wconf 75' lang='grc' dir='ltr'><strong>ι</strong></span> <span class='ocrx_word' id='word_1_149' title='bbox 3241 531 3428 600; x_wconf 86' lang='grc' dir='ltr'>Ἤλγει</span> <span class='ocrx_word' id='word_1_150' title='bbox 3474 532 3580 601; x_wconf 76' lang='grc' dir='ltr'>γὰρ</span> <span class='ocrx_word' id='word_1_151' title='bbox 3618 532 3706 585; x_wconf 77' lang='grc' dir='ltr'>ὲπί</span> <span class='ocrx_word' id='word_1_152' title='bbox 3728 537 3820 596; x_wconf 74' lang='grc' dir='ltr'>τοῖς</span> 
     </span>
    </p>
   </div>
   <div class='ocr_carea' id='block_1_21' title="bbox 2297 622 3817 699">
    <p class='ocr_par' dir='ltr' id='par_1_21' title="bbox 2297 622 3817 699">
     <span class='ocr_line' id='line_1_21' title="bbox 2297 622 3817 699; baseline -0.006 -15"><span class='ocrx_word' id='word_1_153' title='bbox 2297 629 2698 699; x_wconf 77' lang='grc' dir='ltr'><strong>ἀπολλυμένοις,</strong></span> <span class='ocrx_word' id='word_1_154' title='bbox 2727 626 2818 679; x_wconf 73' lang='grc' dir='ltr'>καὶ</span> <span class='ocrx_word' id='word_1_155' title='bbox 2840 626 2937 678; x_wconf 86' lang='grc' dir='ltr'><strong>ὑπε</strong></span> <span class='ocrx_word' id='word_1_156' title='bbox 2948 624 3180 698; x_wconf 81' lang='grc' dir='ltr'>ρέπασχε</span> <span class='ocrx_word' id='word_1_157' title='bbox 3203 622 3308 675; x_wconf 90' lang='grc' dir='ltr'><strong>τῶν</strong></span> <span class='ocrx_word' id='word_1_158' title='bbox 3332 625 3404 693; x_wconf 78' lang='grc' dir='ltr'><strong>μὴ</strong></span> <span class='ocrx_word' id='word_1_159' title='bbox 3429 625 3747 694; x_wconf 72' lang='grc' dir='ltr'>προσιόντων</span> <span class='ocrx_word' id='word_1_160' title='bbox 3766 627 3817 695; x_wconf 76' lang='grc' dir='ltr'>τῇ</span> 
     </span>
    </p>
   </div>
   <div class='ocr_carea' id='block_1_22' title="bbox 2297 713 3817 790">
    <p class='ocr_par' dir='ltr' id='par_1_22' title="bbox 2297 713 3817 790">
     <span class='ocr_line' id='line_1_22' title="bbox 2297 713 3817 790; baseline -0.005 -16"><span class='ocrx_word' id='word_1_161' title='bbox 2297 722 2361 774; x_wconf 85' lang='grc' dir='ltr'>δι’</span> <span class='ocrx_word' id='word_1_162' title='bbox 2399 719 2559 774; x_wconf 81' lang='grc' dir='ltr'>αὐτοῦ</span> <span class='ocrx_word' id='word_1_163' title='bbox 2604 716 2997 790; x_wconf 81' lang='grc' dir='ltr'>προξενουμένῃ</span> <span class='ocrx_word' id='word_1_164' title='bbox 3028 716 3283 785; x_wconf 76' lang='grc' dir='ltr'><strong>σωτηρίᾳ.</strong></span> <span class='ocrx_word' id='word_1_165' title='bbox 3333 714 3423 766; x_wconf 79' lang='grc' dir='ltr'>Διὸ</span> <span class='ocrx_word' id='word_1_166' title='bbox 3448 713 3634 782; x_wconf 83' lang='grc' dir='ltr'>ῶσπερ</span> <span class='ocrx_word' id='word_1_167' title='bbox 3665 715 3817 782; x_wconf 81' lang='grc' dir='ltr'>ἀλγῶν</span> 
     </span>
    </p>
   </div>
   <div class='ocr_carea' id='block_1_23' title="bbox 2297 806 3817 879">
    <p class='ocr_par' dir='ltr' id='par_1_23' title="bbox 2297 806 3817 879">
     <span class='ocr_line' id='line_1_23' title="bbox 2297 806 3817 879; baseline -0.002 -15"><span class='ocrx_word' id='word_1_168' title='bbox 2297 813 2422 864; x_wconf 78' lang='grc' dir='ltr'>ἐϐόα</span> <span class='ocrx_word' id='word_1_169' title='bbox 2440 830 2452 842; x_wconf 85' lang='grc'>·</span> <span class='ocrx_word' id='word_1_170' title='bbox 2489 829 2506 862; x_wconf 82' lang='lat' dir='ltr'><strong>t</strong></span> <span class='ocrx_word' id='word_1_171' title='bbox 2532 808 2600 863; x_wconf 87' lang='grc' dir='ltr'><strong><em>Ὦ</em></strong></span> <span class='ocrx_word' id='word_1_172' title='bbox 2631 809 2790 879; x_wconf 88' lang='grc' dir='ltr'>γενεά</span> <span class='ocrx_word' id='word_1_173' title='bbox 2816 808 3005 861; x_wconf 78' lang='grc' dir='ltr'><strong>ἄπιστε</strong></span> <span class='ocrx_word' id='word_1_174' title='bbox 3037 806 3129 861; x_wconf 64' lang='grc' dir='ltr'><strong>καί¹</strong></span> <span class='ocrx_word' id='word_1_175' title='bbox 3153 807 3566 878; x_wconf 81' lang='grc' dir='ltr'>διεστραμμένη,</span> <span class='ocrx_word' id='word_1_176' title='bbox 3591 808 3695 870; x_wconf 82' lang='grc' dir='ltr'>ἓως</span> <span class='ocrx_word' id='word_1_177' title='bbox 3712 808 3817 861; x_wconf 71' lang='grc' dir='ltr'>πότε</span> 
     </span>
    </p>
   </div>
   <div class='ocr_carea' id='block_1_24' title="bbox 2299 896 3817 975">
    <p class='ocr_par' dir='ltr' id='par_1_24' title="bbox 2299 896 3817 975">
     <span class='ocr_line' id='line_1_24' title="bbox 2299 896 3817 975; baseline -0.003 -19"><span class='ocrx_word' id='word_1_178' title='bbox 2299 902 2413 975; x_wconf 85' lang='grc' dir='ltr'>μεθ’</span> <span class='ocrx_word' id='word_1_179' title='bbox 2467 902 2614 972; x_wconf 81' lang='grc' dir='ltr'>ὑμῶν</span> <span class='ocrx_word' id='word_1_180' title='bbox 2659 901 2803 971; x_wconf 62' lang='lat' dir='ltr'><strong>situ;</strong></span> <span class='ocrx_word' id='word_1_181' title='bbox 2850 898 2951 960; x_wconf 72' lang='grc' dir='ltr'>ἕως</span> <span class='ocrx_word' id='word_1_182' title='bbox 2997 897 3123 949; x_wconf 80' lang='grc' dir='ltr'>πότε</span> <span class='ocrx_word' id='word_1_183' title='bbox 3182 896 3438 966; x_wconf 88' lang='grc' dir='ltr'>ἀνέχομαι</span> <span class='ocrx_word' id='word_1_184' title='bbox 3474 897 3659 966; x_wconf 74' lang='grc' dir='ltr'>ὐμῶνς</span> <span class='ocrx_word' id='word_1_185' title='bbox 3696 917 3712 947; x_wconf 74' lang='grc' dir='ltr'><strong>ι</strong></span> <span class='ocrx_word' id='word_1_186' title='bbox 3744 899 3817 951; x_wconf 73' lang='grc' dir='ltr'>Διό</span> 
     </span>
    </p>
   </div>
   <div class='ocr_carea' id='block_1_25' title="bbox 2297 988 3814 1067">
    <p class='ocr_par' dir='ltr' id='par_1_25' title="bbox 2297 988 3814 1067">
     <span class='ocr_line' id='line_1_25' title="bbox 2297 988 3814 1067; baseline -0.003 -20"><span class='ocrx_word' id='word_1_187' title='bbox 2297 1013 2425 1067; x_wconf 86' lang='grc' dir='ltr'>φησι</span> <span class='ocrx_word' id='word_1_188' title='bbox 2448 1012 2462 1025; x_wconf 70' lang='grc' dir='ltr'><strong>ο</strong></span> <span class='ocrx_word' id='word_1_189' title='bbox 2503 1014 2520 1045; x_wconf 85' lang='lat' dir='ltr'><strong>t</strong></span> <span class='ocrx_word' id='word_1_190' title='bbox 2544 991 2762 1062; x_wconf 75' lang='grc' dir='ltr'>Πτωχὸς</span> <span class='ocrx_word' id='word_1_191' title='bbox 2790 990 2883 1043; x_wconf 74' lang='grc' dir='ltr'><strong>καὶ</strong></span> <span class='ocrx_word' id='word_1_192' title='bbox 2904 989 3079 1057; x_wconf 86' lang='grc' dir='ltr'>ἀλγῶν</span> <span class='ocrx_word' id='word_1_193' title='bbox 3111 988 3218 1057; x_wconf 78' lang='grc' dir='ltr'><strong>ἐγώ</strong></span> <span class='ocrx_word' id='word_1_194' title='bbox 3242 991 3382 1059; x_wconf 81' lang='grc' dir='ltr'>εἰμι’</span> <span class='ocrx_word' id='word_1_195' title='bbox 3410 990 3442 1059; x_wconf 86' lang='grc' dir='ltr'><strong>ἡ</strong></span> <span class='ocrx_word' id='word_1_196' title='bbox 3465 989 3700 1059; x_wconf 86' lang='grc' dir='ltr'>σωτηρία</span> <span class='ocrx_word' id='word_1_197' title='bbox 3721 1006 3814 1054; x_wconf 79' lang='grc' dir='ltr'>σου,</span> 
     </span>
    </p>
   </div>
   <div class='ocr_carea' id='block_1_26' title="bbox 2293 1078 3817 1151">
    <p class='ocr_par' dir='ltr' id='par_1_26' title="bbox 2293 1078 3817 1151">
     <span class='ocr_line' id='line_1_26' title="bbox 2293 1078 3817 1151; baseline -0.003 -14"><span class='ocrx_word' id='word_1_198' title='bbox 2293 1086 2320 1137; x_wconf 84' lang='grc' dir='ltr'>ὁ</span> <span class='ocrx_word' id='word_1_199' title='bbox 2366 1085 2496 1148; x_wconf 73' lang='grc' dir='ltr'>Θεὸς</span> <span class='ocrx_word' id='word_1_200' title='bbox 2515 1126 2528 1149; x_wconf 88' lang='grc'><strong>,</strong></span> <span class='ocrx_word' id='word_1_201' title='bbox 2560 1080 2876 1137; x_wconf 86' lang='grc' dir='ltr'>ἀντελάϐετό</span> <span class='ocrx_word' id='word_1_202' title='bbox 2907 1097 3025 1151; x_wconf 90' lang='grc' dir='ltr'>μου.</span> <span class='ocrx_word' id='word_1_203' title='bbox 3052 1099 3069 1131; x_wconf 82' lang='grc'>›</span> <span class='ocrx_word' id='word_1_204' title='bbox 3097 1080 3389 1134; x_wconf 81' lang='grc' dir='ltr'>Αίνίττεται</span> <span class='ocrx_word' id='word_1_205' title='bbox 3428 1078 3482 1131; x_wconf 77' lang='grc' dir='ltr'>δὲ</span> <span class='ocrx_word' id='word_1_206' title='bbox 3520 1078 3611 1131; x_wconf 78' lang='grc' dir='ltr'>διὰ</span> <span class='ocrx_word' id='word_1_207' title='bbox 3640 1080 3817 1133; x_wconf 74' lang='grc' dir='ltr'>τούτων</span> 
     </span>
    </p>
   </div>
   <div class='ocr_carea' id='block_1_27' title="bbox 2291 1171 3815 1249">
    <p class='ocr_par' dir='ltr' id='par_1_27' title="bbox 2291 1171 3815 1249">
     <span class='ocr_line' id='line_1_27' title="bbox 2291 1171 3815 1249; baseline -0.005 -17"><span class='ocrx_word' id='word_1_208' title='bbox 2291 1179 2388 1249; x_wconf 77' lang='grc' dir='ltr'><strong>τὴν</strong></span> <span class='ocrx_word' id='word_1_209' title='bbox 2429 1176 2564 1249; x_wconf 87' lang='grc' dir='ltr'><strong>μετά</strong></span> <span class='ocrx_word' id='word_1_210' title='bbox 2595 1177 2683 1231; x_wconf 75' lang='grc' dir='ltr'>τὸν</span> <span class='ocrx_word' id='word_1_211' title='bbox 2712 1175 2933 1230; x_wconf 81' lang='grc' dir='ltr'>θάνατον</span> <span class='ocrx_word' id='word_1_212' title='bbox 2964 1173 3122 1229; x_wconf 75' lang='grc' dir='ltr'>αὑτοῦ</span> <span class='ocrx_word' id='word_1_213' title='bbox 3155 1171 3441 1245; x_wconf 75' lang='grc' dir='ltr'><strong>σωτηρίαν.</strong></span> <span class='ocrx_word' id='word_1_214' title='bbox 3496 1173 3557 1227; x_wconf 83' lang='lat' dir='ltr'><strong>Ei</strong></span> <span class='ocrx_word' id='word_1_215' title='bbox 3592 1172 3695 1241; x_wconf 81' lang='grc' dir='ltr'>γὰρ</span> <span class='ocrx_word' id='word_1_216' title='bbox 3722 1173 3815 1224; x_wconf 77' lang='grc' dir='ltr'>ἑνε-</span> 
     </span>
    </p>
   </div>
   <div class='ocr_carea' id='block_1_28' title="bbox 2290 1261 3812 1341">
    <p class='ocr_par' dir='ltr' id='par_1_28' title="bbox 2290 1261 3812 1341">
     <span class='ocr_line' id='line_1_28' title="bbox 2290 1261 3812 1341; baseline -0.004 -20"><span class='ocrx_word' id='word_1_217' title='bbox 2290 1271 2437 1341; x_wconf 77' lang='grc' dir='ltr'>πόιγη</span> <span class='ocrx_word' id='word_1_218' title='bbox 2464 1271 2541 1333; x_wconf 86' lang='grc' dir='ltr'><strong>είς</strong></span> <span class='ocrx_word' id='word_1_219' title='bbox 2575 1267 2704 1339; x_wconf 80' lang='grc' dir='ltr'>ὓλην</span> <span class='ocrx_word' id='word_1_220' title='bbox 2730 1267 2889 1339; x_wconf 77' lang='grc' dir='ltr'>βυθοῦ</span> <span class='ocrx_word' id='word_1_221' title='bbox 2914 1308 2928 1328; x_wconf 86' lang='grc'><strong>.</strong></span> <span class='ocrx_word' id='word_1_222' title='bbox 2966 1266 3058 1319; x_wconf 78' lang='grc' dir='ltr'><strong>καὶ</strong></span> <span class='ocrx_word' id='word_1_223' title='bbox 3083 1261 3241 1336; x_wconf 83' lang='grc' dir='ltr'>ἦλθεν</span> <span class='ocrx_word' id='word_1_224' title='bbox 3266 1269 3343 1330; x_wconf 89' lang='grc' dir='ltr'>εἰς</span> <span class='ocrx_word' id='word_1_225' title='bbox 3371 1264 3439 1317; x_wconf 81' lang='grc' dir='ltr'><strong>τὰ</strong></span> <span class='ocrx_word' id='word_1_226' title='bbox 3465 1263 3603 1335; x_wconf 83' lang='grc' dir='ltr'>βάθη</span> <span class='ocrx_word' id='word_1_227' title='bbox 3625 1265 3719 1334; x_wconf 77' lang='grc' dir='ltr'>τῆς</span> <span class='ocrx_word' id='word_1_228' title='bbox 3736 1263 3812 1316; x_wconf 82' lang='grc' dir='ltr'>θα-</span> 
     </span>
    </p>
   </div>
   <div class='ocr_carea' id='block_1_29' title="bbox 2289 1354 3813 1431">
    <p class='ocr_par' dir='ltr' id='par_1_29' title="bbox 2289 1354 3813 1431">
     <span class='ocr_line' id='line_1_29' title="bbox 2289 1354 3813 1431; baseline -0.003 -19"><span class='ocrx_word' id='word_1_229' title='bbox 2289 1360 2488 1431; x_wconf 84' lang='grc' dir='ltr'>λάσσης</span> <span class='ocrx_word' id='word_1_230' title='bbox 2507 1400 2521 1424; x_wconf 88' lang='grc'><strong>,</strong></span> <span class='ocrx_word' id='word_1_231' title='bbox 2552 1358 2627 1423; x_wconf 72' lang='lat' dir='ltr'><strong>t&#39;o;</strong></span> <span class='ocrx_word' id='word_1_232' title='bbox 2653 1359 2738 1413; x_wconf 89' lang='grc' dir='ltr'><strong>διά</strong></span> <span class='ocrx_word' id='word_1_233' title='bbox 2769 1359 2877 1412; x_wconf 83' lang='grc' dir='ltr'><strong>τῶν</strong></span> <span class='ocrx_word' id='word_1_234' title='bbox 2904 1358 3000 1429; x_wconf 82' lang='grc' dir='ltr'>τῆς</span> <span class='ocrx_word' id='word_1_235' title='bbox 3018 1354 3360 1428; x_wconf 75' lang='grc' dir='ltr'><strong>προφητείας</strong></span> <span class='ocrx_word' id='word_1_236' title='bbox 3385 1355 3571 1427; x_wconf 75' lang='grc' dir='ltr'>ἐδήλου</span> <span class='ocrx_word' id='word_1_237' title='bbox 3591 1393 3606 1418; x_wconf 90' lang='grc'><strong>,</strong></span> <span class='ocrx_word' id='word_1_238' title='bbox 3641 1356 3745 1407; x_wconf 72' lang='grc' dir='ltr'>νυνὶ</span> <span class='ocrx_word' id='word_1_239' title='bbox 3767 1354 3813 1407; x_wconf 81' lang='grc' dir='ltr'><strong>δέ</strong></span> 
     </span>
    </p>
   </div>
   <div class='ocr_carea' id='block_1_30' title="bbox 2290 1448 3806 1525">
    <p class='ocr_par' dir='ltr' id='par_1_30' title="bbox 2290 1448 3806 1525">
     <span class='ocr_line' id='line_1_30' title="bbox 2290 1448 3806 1525; baseline -0.007 -18"><span class='ocrx_word' id='word_1_240' title='bbox 2290 1470 2475 1525; x_wconf 81' lang='grc' dir='ltr'>φησιν’</span> <span class='ocrx_word' id='word_1_241' title='bbox 2512 1471 2531 1504; x_wconf 80' lang='grc' dir='ltr'><strong>ι</strong></span> <span class='ocrx_word' id='word_1_242' title='bbox 2554 1453 2615 1505; x_wconf 84' lang='grc' dir='ltr'><strong>Ἦ</strong></span> <span class='ocrx_word' id='word_1_243' title='bbox 2641 1452 2875 1523; x_wconf 87' lang='grc' dir='ltr'>σωτηρία</span> <span class='ocrx_word' id='word_1_244' title='bbox 2908 1468 3023 1512; x_wconf 84' lang='grc' dir='ltr'>σου,</span> <span class='ocrx_word' id='word_1_245' title='bbox 3047 1451 3074 1503; x_wconf 84' lang='grc' dir='ltr'>ὁ</span> <span class='ocrx_word' id='word_1_246' title='bbox 3098 1450 3229 1513; x_wconf 79' lang='grc' dir='ltr'>θεὸς</span> <span class='ocrx_word' id='word_1_247' title='bbox 3247 1488 3262 1511; x_wconf 89' lang='grc'><strong>,</strong></span> <span class='ocrx_word' id='word_1_248' title='bbox 3305 1448 3622 1502; x_wconf 78' lang='grc' dir='ltr'>ἀντελάϐετό</span> <span class='ocrx_word' id='word_1_249' title='bbox 3655 1464 3772 1518; x_wconf 86' lang='grc' dir='ltr'>μου·</span> <span class='ocrx_word' id='word_1_250' title='bbox 3793 1468 3806 1496; x_wconf 77' lang='grc' dir='ltr'><strong>ι</strong></span> 
     </span>
    </p>
   </div>
   <div class='ocr_carea' id='block_1_31' title="bbox 2290 1537 3813 1617">
    <p class='ocr_par' dir='ltr' id='par_1_31' title="bbox 2290 1537 3813 1617">
     <span class='ocr_line' id='line_1_31' title="bbox 2290 1537 3813 1617; baseline -0.005 -20"><span class='ocrx_word' id='word_1_251' title='bbox 2290 1542 2472 1612; x_wconf 85' lang='grc' dir='ltr'>σαφῶς</span> <span class='ocrx_word' id='word_1_252' title='bbox 2522 1542 2839 1613; x_wconf 72' lang='grc' dir='ltr'>παρίστησιν</span> <span class='ocrx_word' id='word_1_253' title='bbox 2887 1539 3216 1610; x_wconf 74' lang='grc' dir='ltr'>ἀντιλήψεως</span> <span class='ocrx_word' id='word_1_254' title='bbox 3265 1540 3641 1617; x_wconf 78' lang='grc' dir='ltr'><strong>τετυχηκέναι,</strong></span> <span class='ocrx_word' id='word_1_255' title='bbox 3698 1537 3813 1607; x_wconf 71' lang='grc' dir='ltr'>μετὰ</span> 
     </span>
    </p>
   </div>
   <div class='ocr_carea' id='block_1_32' title="bbox 2286 1628 3812 1703">
    <p class='ocr_par' dir='ltr' id='par_1_32' title="bbox 2286 1628 3812 1703">
     <span class='ocr_line' id='line_1_32' title="bbox 2286 1628 3812 1703; baseline -0.004 -19"><span class='ocrx_word' id='word_1_256' title='bbox 2286 1632 2346 1684; x_wconf 80' lang='grc' dir='ltr'><strong>τὸ</strong></span> <span class='ocrx_word' id='word_1_257' title='bbox 2390 1630 2696 1703; x_wconf 76' lang='grc' dir='ltr'>ἐληλυθέναι</span> <span class='ocrx_word' id='word_1_258' title='bbox 2732 1633 2810 1694; x_wconf 82' lang='grc' dir='ltr'>εἰς</span> <span class='ocrx_word' id='word_1_259' title='bbox 2844 1630 2916 1685; x_wconf 83' lang='grc' dir='ltr'>τὰ</span> <span class='ocrx_word' id='word_1_260' title='bbox 2953 1630 3085 1701; x_wconf 86' lang='grc' dir='ltr'><strong>βάθη</strong></span> <span class='ocrx_word' id='word_1_261' title='bbox 3123 1630 3221 1698; x_wconf 82' lang='grc' dir='ltr'><strong>τῆς</strong></span> <span class='ocrx_word' id='word_1_262' title='bbox 3258 1628 3526 1699; x_wconf 75' lang='grc' dir='ltr'>θαλάσσης</span> <span class='ocrx_word' id='word_1_263' title='bbox 3548 1669 3562 1692; x_wconf 93' lang='grc'><strong>,</strong></span> <span class='ocrx_word' id='word_1_264' title='bbox 3605 1629 3733 1698; x_wconf 82' lang='grc' dir='ltr'><strong>μετά</strong></span> <span class='ocrx_word' id='word_1_265' title='bbox 3764 1628 3812 1679; x_wconf 74' lang='grc' dir='ltr'><strong>τὸ</strong></span> 
     </span>
    </p>
   </div>
   <div class='ocr_carea' id='block_1_33' title="bbox 2288 1718 3825 1793">
    <p class='ocr_par' dir='ltr' id='par_1_33' title="bbox 2288 1718 3825 1793">
     <span class='ocr_line' id='line_1_33' title="bbox 2288 1718 3825 1793; baseline -0.003 -18"><span class='ocrx_word' id='word_1_266' title='bbox 2288 1722 2604 1777; x_wconf 79' lang='grc' dir='ltr'>πεπονθέναι</span> <span class='ocrx_word' id='word_1_267' title='bbox 2629 1722 2697 1775; x_wconf 83' lang='grc' dir='ltr'><strong>τά</strong></span> <span class='ocrx_word' id='word_1_268' title='bbox 2722 1722 3095 1793; x_wconf 87' lang='grc' dir='ltr'>προλεχθέντα.</span> <span class='ocrx_word' id='word_1_269' title='bbox 3121 1721 3210 1775; x_wconf 81' lang='grc' dir='ltr'>Διὸ</span> <span class='ocrx_word' id='word_1_270' title='bbox 3230 1721 3321 1775; x_wconf 73' lang='grc' dir='ltr'><strong>καὶ</strong></span> <span class='ocrx_word' id='word_1_271' title='bbox 3347 1724 3403 1775; x_wconf 83' lang='grc' dir='ltr'>ὲν</span> <span class='ocrx_word' id='word_1_272' title='bbox 3428 1728 3507 1774; x_wconf 86' lang='grc' dir='ltr'>κα’</span> <span class='ocrx_word' id='word_1_273' title='bbox 3527 1720 3719 1790; x_wconf 79' lang='grc' dir='ltr'>ψαλμῷ</span> <span class='ocrx_word' id='word_1_274' title='bbox 3738 1718 3825 1771; x_wconf 72' lang='grc' dir='ltr'><strong>τὸν</strong></span> 
     </span>
    </p>
   </div>
   <div class='ocr_carea' id='block_1_34' title="bbox 651 1810 2184 1885">
    <p class='ocr_par' dir='ltr' id='par_1_34' title="bbox 651 1811 2184 1885">
     <span class='ocr_line' id='line_1_34' title="bbox 651 1811 2184 1885; baseline 0.01 -29"><span class='ocrx_word' id='word_1_275' title='bbox 651 1822 822 1874; x_wconf 78' lang='lat' dir='ltr'><strong>primo</strong></span> <span class='ocrx_word' id='word_1_276' title='bbox 863 1811 1067 1878; x_wconf 88' lang='lat' dir='ltr'><strong>psalmo</strong></span> <span class='ocrx_word' id='word_1_277' title='bbox 1115 1812 1369 1880; x_wconf 75' lang='lat' dir='ltr'><strong>hymnum</strong></span> <span class='ocrx_word' id='word_1_278' title='bbox 1400 1832 1416 1864; x_wconf 74' lang='grc' dir='ltr'><strong>ι</strong></span> <span class='ocrx_word' id='word_1_279' title='bbox 1442 1828 1539 1882; x_wconf 90' lang='lat' dir='ltr'><strong>pro</strong></span> <span class='ocrx_word' id='word_1_280' title='bbox 1587 1816 1931 1885; x_wconf 86' lang='lat' dir='ltr'><strong>susceptione</strong></span> <span class='ocrx_word' id='word_1_281' title='bbox 1974 1819 2184 1873; x_wconf 81' lang='lat' dir='ltr'><strong>matuti—</strong></span> 
     </span>
    </p>
   </div>
   <div class='ocr_carea' id='block_1_35' title="bbox 2284 1810 3811 1885">
    <p class='ocr_par' dir='ltr' id='par_1_35' title="bbox 2289 1810 3811 1882">
     <span class='ocr_line' id='line_1_35' title="bbox 2289 1810 3811 1882; baseline -0.002 -17"><span class='ocrx_word' id='word_1_282' title='bbox 2289 1830 2308 1865; x_wconf 77' lang='grc' dir='ltr'><strong>ι</strong></span> <span class='ocrx_word' id='word_1_283' title='bbox 2332 1812 2471 1882; x_wconf 79' lang='grc' dir='ltr'>ὑπὲρ</span> <span class='ocrx_word' id='word_1_284' title='bbox 2505 1812 2607 1881; x_wconf 80' lang='grc' dir='ltr'>τῆς</span> <span class='ocrx_word' id='word_1_285' title='bbox 2628 1810 2958 1882; x_wconf 82' lang='grc' dir='ltr'>ἀντιλήψεως</span> <span class='ocrx_word' id='word_1_286' title='bbox 2989 1813 3085 1882; x_wconf 81' lang='grc' dir='ltr'>τῆς</span> <span class='ocrx_word' id='word_1_287' title='bbox 3112 1811 3335 1882; x_wconf 76' lang='grc' dir='ltr'>ἑωθινῆς</span> <span class='ocrx_word' id='word_1_288' title='bbox 3354 1830 3373 1863; x_wconf 73' lang='grc' dir='ltr'><strong>ι</strong></span> <span class='ocrx_word' id='word_1_289' title='bbox 3400 1811 3705 1881; x_wconf 82' lang='grc' dir='ltr'>ἀνέπεμπεν</span> <span class='ocrx_word' id='word_1_290' title='bbox 3726 1811 3811 1878; x_wconf 79' lang='grc' dir='ltr'><strong>ὓμ-</strong></span> 
     </span>
    </p>
   </div>
   <div class='ocr_carea' id='block_1_36' title="bbox 649 1902 2177 1975">
    <p class='ocr_par' dir='ltr' id='par_1_36' title="bbox 649 1902 2177 1975">
     <span class='ocr_line' id='line_1_36' title="bbox 649 1902 2177 1975; baseline 0.008 -25"><span class='ocrx_word' id='word_1_291' title='bbox 649 1915 716 1951; x_wconf 87' lang='lat' dir='ltr'><strong>na</strong></span> <span class='ocrx_word' id='word_1_292' title='bbox 739 1902 812 1952; x_wconf 77' lang='grc'><strong>⁸³»</strong></span> <span class='ocrx_word' id='word_1_293' title='bbox 834 1902 1051 1955; x_wconf 89' lang='lat' dir='ltr'><strong>emittit.</strong></span> <span class='ocrx_word' id='word_1_294' title='bbox 1080 1902 1276 1961; x_wconf 76' lang='lat' dir='ltr'><strong>Deinde</strong></span> <span class='ocrx_word' id='word_1_295' title='bbox 1299 1920 1449 1964; x_wconf 85' lang='lat' dir='ltr'><strong>vero.</strong></span> <span class='ocrx_word' id='word_1_296' title='bbox 1476 1914 1531 1958; x_wconf 93' lang='lat' dir='ltr'><strong>ut</strong></span> <span class='ocrx_word' id='word_1_297' title='bbox 1554 1907 1903 1975; x_wconf 86' lang='lat' dir='ltr'><strong>patrocinium</strong></span> <span class='ocrx_word' id='word_1_298' title='bbox 1926 1923 2177 1964; x_wconf 88' lang='lat' dir='ltr'><strong>consecu-</strong></span> 
     </span>
    </p>
   </div>
   <div class='ocr_carea' id='block_1_37' title="bbox 648 1991 2187 2068">
    <p class='ocr_par' dir='ltr' id='par_1_37' title="bbox 648 1991 2187 2068">
     <span class='ocr_line' id='line_1_37' title="bbox 648 1991 2187 2068; baseline 0.009 -29"><span class='ocrx_word' id='word_1_299' title='bbox 648 1996 753 2052; x_wconf 87' lang='lat' dir='ltr'><strong>tus,</strong></span> <span class='ocrx_word' id='word_1_300' title='bbox 783 1991 847 2043; x_wconf 89' lang='lat' dir='ltr'><strong>ad</strong></span> <span class='ocrx_word' id='word_1_301' title='bbox 875 1994 1193 2057; x_wconf 70' lang='lat' dir='ltr'><strong>iucundiora</strong></span> <span class='ocrx_word' id='word_1_302' title='bbox 1227 2011 1528 2050; x_wconf 84' lang='lat' dir='ltr'><strong>sermonem</strong></span> <span class='ocrx_word' id='word_1_303' title='bbox 1560 1999 1823 2051; x_wconf 83' lang='lat' dir='ltr'><strong>convertit</strong></span> <span class='ocrx_word' id='word_1_304' title='bbox 1852 1999 2065 2068; x_wconf 76' lang='lat' dir='ltr'><strong>hymnis</strong></span> <span class='ocrx_word' id='word_1_305' title='bbox 2086 2000 2187 2053; x_wconf 79' lang='lat' dir='ltr'><strong>Pa-</strong></span> 
     </span>
    </p>
   </div>
   <div class='ocr_carea' id='block_1_38' title="bbox 645 2081 2185 2149">
    <p class='ocr_par' dir='ltr' id='par_1_38' title="bbox 645 2081 2185 2149">
     <span class='ocr_line' id='line_1_38' title="bbox 645 2081 2185 2149; baseline 0.006 -17"><span class='ocrx_word' id='word_1_306' title='bbox 645 2089 781 2133; x_wconf 78' lang='lat' dir='ltr'><strong>trem</strong></span> <span class='ocrx_word' id='word_1_307' title='bbox 809 2081 1108 2145; x_wconf 80' lang='lat' dir='ltr'><strong>celebrans,</strong></span> <span class='ocrx_word' id='word_1_308' title='bbox 1137 2100 1256 2136; x_wconf 80' lang='lat' dir='ltr'><strong>eum</strong></span> <span class='ocrx_word' id='word_1_309' title='bbox 1284 2084 1390 2149; x_wconf 88' lang='lat' dir='ltr'><strong>ait,</strong></span> <span class='ocrx_word' id='word_1_310' title='bbox 1408 2103 1426 2135; x_wconf 75' lang='grc' dir='ltr'><strong>ι</strong></span> <span class='ocrx_word' id='word_1_311' title='bbox 1452 2086 1704 2140; x_wconf 83' lang='lat' dir='ltr'><strong>Laudabo</strong></span> <span class='ocrx_word' id='word_1_312' title='bbox 1730 2103 1920 2142; x_wconf 86' lang='lat' dir='ltr'><strong>nomen</strong></span> <span class='ocrx_word' id='word_1_313' title='bbox 1948 2088 2037 2142; x_wconf 87' lang='lat' dir='ltr'><strong>Dei</strong></span> <span class='ocrx_word' id='word_1_314' title='bbox 2063 2104 2185 2142; x_wconf 90' lang='lat' dir='ltr'><strong>cum</strong></span> 
     </span>
    </p>
   </div>
   <div class='ocr_carea' id='block_1_39' title="bbox 646 2171 2186 2234">
    <p class='ocr_par' dir='ltr' id='par_1_39' title="bbox 646 2171 2186 2234">
     <span class='ocr_line' id='line_1_39' title="bbox 646 2171 2186 2234; baseline 0.008 -13"><span class='ocrx_word' id='word_1_315' title='bbox 646 2171 876 2225; x_wconf 73' lang='lat' dir='ltr'><strong>cantico.</strong></span> <span class='ocrx_word' id='word_1_316' title='bbox 910 2192 927 2223; x_wconf 72' lang='grc' dir='ltr'><strong>ι</strong></span> <span class='ocrx_word' id='word_1_317' title='bbox 958 2171 1087 2225; x_wconf 86' lang='lat' dir='ltr'><strong>Cum</strong></span> <span class='ocrx_word' id='word_1_318' title='bbox 1122 2175 1346 2229; x_wconf 69' lang='lat' dir='ltr'><strong>melodia</strong></span> <span class='ocrx_word' id='word_1_319' title='bbox 1379 2184 1556 2230; x_wconf 91' lang='lat' dir='ltr'><strong>autem</strong></span> <span class='ocrx_word' id='word_1_320' title='bbox 1589 2185 1640 2230; x_wconf 89' lang='lat' dir='ltr'><strong>et</strong></span> <span class='ocrx_word' id='word_1_321' title='bbox 1666 2178 1881 2232; x_wconf 88' lang='lat' dir='ltr'><strong>cantico</strong></span> <span class='ocrx_word' id='word_1_322' title='bbox 1909 2194 2186 2234; x_wconf 87' lang='lat' dir='ltr'><strong>sermones</strong></span> 
     </span>
    </p>
   </div>
   <div class='ocr_carea' id='block_1_40' title="bbox 646 2259 2186 2336">
    <p class='ocr_par' dir='ltr' id='par_1_40' title="bbox 646 2259 2186 2336">
     <span class='ocr_line' id='line_1_40' title="bbox 646 2259 2186 2336; baseline 0.008 -25"><span class='ocrx_word' id='word_1_323' title='bbox 646 2259 907 2329; x_wconf 78' lang='lat' dir='ltr'><strong>proferre.</strong></span> <span class='ocrx_word' id='word_1_324' title='bbox 944 2262 997 2315; x_wconf 88' lang='lat' dir='ltr'><strong>id</strong></span> <span class='ocrx_word' id='word_1_325' title='bbox 1061 2264 1273 2331; x_wconf 84' lang='lat' dir='ltr'><strong>signum</strong></span> <span class='ocrx_word' id='word_1_326' title='bbox 1318 2267 1499 2336; x_wconf 80' lang='lat' dir='ltr'><strong>gaudii</strong></span> <span class='ocrx_word' id='word_1_327' title='bbox 1551 2274 1605 2321; x_wconf 92' lang='lat' dir='ltr'><strong>et</strong></span> <span class='ocrx_word' id='word_1_328' title='bbox 1662 2267 1863 2322; x_wconf 71' lang='lat' dir='ltr'><strong>ltetitizn</strong></span> <span class='ocrx_word' id='word_1_329' title='bbox 1914 2280 2046 2322; x_wconf 87' lang='lat' dir='ltr'><strong>erat.</strong></span> <span class='ocrx_word' id='word_1_330' title='bbox 2084 2269 2186 2324; x_wconf 87' lang='lat' dir='ltr'><strong>Sed</strong></span> 
     </span>
    </p>
   </div>
   <div class='ocr_carea' id='block_1_41' title="bbox 643 2352 2185 2426">
    <p class='ocr_par' dir='ltr' id='par_1_41' title="bbox 643 2352 2185 2426">
     <span class='ocr_line' id='line_1_41' title="bbox 643 2352 2185 2426; baseline 0.005 -21"><span class='ocrx_word' id='word_1_331' title='bbox 643 2352 807 2405; x_wconf 86' lang='lat' dir='ltr'><strong>etiam</strong></span> <span class='ocrx_word' id='word_1_332' title='bbox 834 2370 852 2401; x_wconf 72' lang='grc' dir='ltr'><strong>ε</strong></span> <span class='ocrx_word' id='word_1_333' title='bbox 880 2353 1229 2421; x_wconf 82' lang='lat' dir='ltr'><strong>magnilicabo</strong></span> <span class='ocrx_word' id='word_1_334' title='bbox 1258 2370 1400 2419; x_wconf 89' lang='lat' dir='ltr'><strong>eum,</strong></span> <span class='ocrx_word' id='word_1_335' title='bbox 1442 2374 1461 2406; x_wconf 74' lang='grc' dir='ltr'><strong>ι</strong></span> <span class='ocrx_word' id='word_1_336' title='bbox 1507 2356 1697 2426; x_wconf 87' lang='lat' dir='ltr'><strong>inqttit,</strong></span> <span class='ocrx_word' id='word_1_337' title='bbox 1735 2357 1943 2410; x_wconf 75' lang='lat' dir='ltr'><strong>scilicet</strong></span> <span class='ocrx_word' id='word_1_338' title='bbox 1973 2356 2185 2413; x_wconf 82' lang='lat' dir='ltr'><strong>Patrem</strong></span> 
     </span>
    </p>
   </div>
   <div class='ocr_carea' id='block_1_42' title="bbox 645 2440 2180 2516">
    <p class='ocr_par' dir='ltr' id='par_1_42' title="bbox 645 2440 2180 2516">
     <span class='ocr_line' id='line_1_42' title="bbox 645 2440 2180 2516; baseline 0.005 -21"><span class='ocrx_word' id='word_1_339' title='bbox 645 2458 822 2497; x_wconf 89' lang='lat' dir='ltr'><strong>suum.</strong></span> <span class='ocrx_word' id='word_1_340' title='bbox 847 2440 947 2506; x_wconf 88' lang='lat' dir='ltr'><strong>Qui</strong></span> <span class='ocrx_word' id='word_1_341' title='bbox 977 2442 1337 2511; x_wconf 82' lang='lat' dir='ltr'><strong>magniﬁcabit</strong></span> <span class='ocrx_word' id='word_1_342' title='bbox 1358 2456 1541 2515; x_wconf 90' lang='lat' dir='ltr'><strong>postea</strong></span> <span class='ocrx_word' id='word_1_343' title='bbox 1573 2447 1811 2513; x_wconf 86' lang='lat' dir='ltr'><strong>subjicit,</strong></span> <span class='ocrx_word' id='word_1_344' title='bbox 1843 2467 1859 2498; x_wconf 79' lang='grc' dir='ltr'><strong>ι</strong></span> <span class='ocrx_word' id='word_1_345' title='bbox 1894 2449 1947 2504; x_wconf 88' lang='lat' dir='ltr'><strong>in</strong></span> <span class='ocrx_word' id='word_1_346' title='bbox 1974 2450 2180 2516; x_wconf 63' lang='lat' dir='ltr'><strong>laude,»</strong></span> 
     </span>
    </p>
   </div>
   <div class='ocr_carea' id='block_1_43' title="bbox 644 2529 2181 2605">
    <p class='ocr_par' dir='ltr' id='par_1_43' title="bbox 644 2529 2181 2605">
     <span class='ocr_line' id='line_1_43' title="bbox 644 2529 2181 2605; baseline 0.005 -21"><span class='ocrx_word' id='word_1_347' title='bbox 644 2531 776 2594; x_wconf 83' lang='lat' dir='ltr'><strong>sive,</strong></span> <span class='ocrx_word' id='word_1_348' title='bbox 804 2529 1094 2584; x_wconf 83' lang='lat' dir='ltr'><strong>secundum</strong></span> <span class='ocrx_word' id='word_1_349' title='bbox 1128 2531 1393 2599; x_wconf 87' lang='lat' dir='ltr'><strong>Aquilam,</strong></span> <span class='ocrx_word' id='word_1_350' title='bbox 1432 2552 1451 2585; x_wconf 73' lang='grc' dir='ltr'><strong>τ</strong></span> <span class='ocrx_word' id='word_1_351' title='bbox 1492 2534 1545 2587; x_wconf 92' lang='lat' dir='ltr'><strong>in</strong></span> <span class='ocrx_word' id='word_1_352' title='bbox 1573 2536 1867 2605; x_wconf 77' lang='lat' dir='ltr'><strong>gratiarum</strong></span> <span class='ocrx_word' id='word_1_353' title='bbox 1892 2540 2123 2594; x_wconf 90' lang='lat' dir='ltr'><strong>actione.</strong></span> <span class='ocrx_word' id='word_1_354' title='bbox 2163 2560 2181 2591; x_wconf 86' lang='grc'><strong>›</strong></span> 
     </span>
    </p>
   </div>
   <div class='ocr_carea' id='block_1_44' title="bbox 646 2618 2185 2699">
    <p class='ocr_par' dir='ltr' id='par_1_44' title="bbox 646 2618 2185 2699">
     <span class='ocr_line' id='line_1_44' title="bbox 646 2618 2185 2699; baseline 0.008 -27"><span class='ocrx_word' id='word_1_355' title='bbox 646 2618 950 2674; x_wconf 83' lang='lat' dir='ltr'><strong>Gratiarum</strong></span> <span class='ocrx_word' id='word_1_356' title='bbox 980 2637 1108 2676; x_wconf 87' lang='lat' dir='ltr'><strong>vero</strong></span> <span class='ocrx_word' id='word_1_357' title='bbox 1139 2624 1399 2679; x_wconf 73' lang='lat' dir='ltr'><strong>actionem</strong></span> <span class='ocrx_word' id='word_1_358' title='bbox 1464 2634 1516 2681; x_wconf 90' lang='lat' dir='ltr'><strong>et</strong></span> <span class='ocrx_word' id='word_1_359' title='bbox 1568 2627 1785 2681; x_wconf 89' lang='lat' dir='ltr'><strong>laudem</strong></span> <span class='ocrx_word' id='word_1_360' title='bbox 1827 2644 1933 2699; x_wconf 87' lang='lat' dir='ltr'><strong>qua</strong></span> <span class='ocrx_word' id='word_1_361' title='bbox 1972 2629 2185 2685; x_wconf 88' lang='lat' dir='ltr'><strong>Patrem</strong></span> 
     </span>
    </p>
   </div>
   <div class='ocr_carea' id='block_1_45' title="bbox 640 2702 2187 2783">
    <p class='ocr_par' dir='ltr' id='par_1_45' title="bbox 640 2702 2187 2783">
     <span class='ocr_line' id='line_1_45' title="bbox 640 2702 2187 2783; baseline 0.01 -23"><span class='ocrx_word' id='word_1_362' title='bbox 640 2706 814 2764; x_wconf 78' lang='lat' dir='ltr'><strong>Filius</strong></span> <span class='ocrx_word' id='word_1_363' title='bbox 863 2710 1170 2782; x_wconf 77' lang='lat' dir='ltr'><strong>magniﬁeat</strong></span> <span class='ocrx_word' id='word_1_364' title='bbox 1223 2702 1508 2783; x_wconf 83' lang='lat' dir='ltr'><strong>intelliges,</strong></span> <span class='ocrx_word' id='word_1_365' title='bbox 1566 2716 1610 2769; x_wconf 88' lang='lat' dir='ltr'><strong>si</strong></span> <span class='ocrx_word' id='word_1_366' title='bbox 1662 2716 1798 2772; x_wconf 85' lang='lat' dir='ltr'><strong>Novi</strong></span> <span class='ocrx_word' id='word_1_367' title='bbox 1859 2718 2187 2775; x_wconf 86' lang='lat' dir='ltr'><strong>Testamenti</strong></span> 
     </span>
    </p>
   </div>
   <div class='ocr_carea' id='block_1_46' title="bbox 641 2801 2187 2880">
    <p class='ocr_par' dir='ltr' id='par_1_46' title="bbox 641 2801 2187 2880">
     <span class='ocr_line' id='line_1_46' title="bbox 641 2801 2187 2880; baseline 0.01 -29"><span class='ocrx_word' id='word_1_368' title='bbox 641 2801 913 2870; x_wconf 85' lang='lat' dir='ltr'><strong>mysteriis</strong></span> <span class='ocrx_word' id='word_1_369' title='bbox 965 2802 1201 2856; x_wconf 87' lang='lat' dir='ltr'><strong>animum</strong></span> <span class='ocrx_word' id='word_1_370' title='bbox 1229 2804 1509 2868; x_wconf 87' lang='lat' dir='ltr'><strong>adhibens,</strong></span> <span class='ocrx_word' id='word_1_371' title='bbox 1554 2806 1644 2861; x_wconf 90' lang='lat' dir='ltr'><strong>ubi</strong></span> <span class='ocrx_word' id='word_1_372' title='bbox 1676 2807 1915 2863; x_wconf 86' lang='lat' dir='ltr'><strong>Ecclesia</strong></span> <span class='ocrx_word' id='word_1_373' title='bbox 1951 2809 2044 2864; x_wconf 86' lang='lat' dir='ltr'><strong>Dei</strong></span> <span class='ocrx_word' id='word_1_374' title='bbox 2091 2827 2187 2880; x_wconf 89' lang='lat' dir='ltr'><strong>per</strong></span> 
     </span>
    </p>
   </div>
   <div class='ocr_carea' id='block_1_47' title="bbox 642 2891 2186 2963">
    <p class='ocr_par' dir='ltr' id='par_1_47' title="bbox 642 2891 2186 2963">
     <span class='ocr_line' id='line_1_47' title="bbox 642 2891 2186 2963; baseline 0.01 -21"><span class='ocrx_word' id='word_1_375' title='bbox 642 2896 812 2943; x_wconf 85' lang='lat' dir='ltr'><strong>totum</strong></span> <span class='ocrx_word' id='word_1_376' title='bbox 830 2891 1013 2945; x_wconf 89' lang='lat' dir='ltr'><strong>orbem</strong></span> <span class='ocrx_word' id='word_1_377' title='bbox 1032 2893 1097 2946; x_wconf 91' lang='lat' dir='ltr'><strong>ad</strong></span> <span class='ocrx_word' id='word_1_378' title='bbox 1129 2893 1420 2962; x_wconf 79' lang='lat' dir='ltr'><strong>gratiarum</strong></span> <span class='ocrx_word' id='word_1_379' title='bbox 1447 2897 1705 2963; x_wconf 85' lang='lat' dir='ltr'><strong>actiones,</strong></span> <span class='ocrx_word' id='word_1_380' title='bbox 1733 2899 1797 2951; x_wconf 90' lang='lat' dir='ltr'><strong>ad</strong></span> <span class='ocrx_word' id='word_1_381' title='bbox 1816 2900 2186 2958; x_wconf 88' lang='lat' dir='ltr'><strong>rationabilem</strong></span> 
     </span>
    </p>
   </div>
   <div class='ocr_carea' id='block_1_48' title="bbox 639 2978 2183 3049">
    <p class='ocr_par' dir='ltr' id='par_1_48' title="bbox 639 2978 2183 3049">
     <span class='ocr_line' id='line_1_48' title="bbox 639 2978 2183 3049; baseline 0.01 -17"><span class='ocrx_word' id='word_1_382' title='bbox 639 2988 695 3032; x_wconf 87' lang='lat' dir='ltr'><strong>et</strong></span> <span class='ocrx_word' id='word_1_383' title='bbox 731 2979 846 3034; x_wconf 86' lang='lat' dir='ltr'><strong>sine</strong></span> <span class='ocrx_word' id='word_1_384' title='bbox 869 2978 1017 3033; x_wconf 84' lang='lat' dir='ltr'><strong>fumo</strong></span> <span class='ocrx_word' id='word_1_385' title='bbox 1056 2981 1258 3036; x_wconf 92' lang='lat' dir='ltr'><strong>cultum</strong></span> <span class='ocrx_word' id='word_1_386' title='bbox 1310 2982 1417 3039; x_wconf 87' lang='lat' dir='ltr'><strong>Deo</strong></span> <span class='ocrx_word' id='word_1_387' title='bbox 1448 2982 1780 3042; x_wconf 76' lang='lat' dir='ltr'><strong>oﬂ‘crendum</strong></span> <span class='ocrx_word' id='word_1_388' title='bbox 1808 2989 2053 3045; x_wconf 90' lang='lat' dir='ltr'><strong>instituta</strong></span> <span class='ocrx_word' id='word_1_389' title='bbox 2080 3002 2183 3049; x_wconf 90' lang='lat' dir='ltr'><strong>est.</strong></span> 
     </span>
    </p>
   </div>
   <div class='ocr_carea' id='block_1_49' title="bbox 642 3060 2183 3150">
    <p class='ocr_par' dir='ltr' id='par_1_49' title="bbox 642 3060 2183 3150">
     <span class='ocr_line' id='line_1_49' title="bbox 642 3060 2183 3150; baseline 0.012 -29"><span class='ocrx_word' id='word_1_390' title='bbox 642 3066 787 3124; x_wconf 85' lang='lat' dir='ltr'><strong>Laus</strong></span> <span class='ocrx_word' id='word_1_391' title='bbox 823 3060 1007 3124; x_wconf 83' lang='lat' dir='ltr'><strong>isthaec</strong></span> <span class='ocrx_word' id='word_1_392' title='bbox 1045 3078 1097 3126; x_wconf 88' lang='lat' dir='ltr'><strong>et</strong></span> <span class='ocrx_word' id='word_1_393' title='bbox 1145 3074 1440 3142; x_wconf 83' lang='lat' dir='ltr'><strong>gratiarum</strong></span> <span class='ocrx_word' id='word_1_394' title='bbox 1490 3079 1631 3130; x_wconf 88' lang='lat' dir='ltr'><strong>actio</strong></span> <span class='ocrx_word' id='word_1_395' title='bbox 1665 3082 1938 3150; x_wconf 86' lang='lat' dir='ltr'><strong>corporeis</strong></span> <span class='ocrx_word' id='word_1_396' title='bbox 1969 3084 2183 3148; x_wconf 88' lang='lat' dir='ltr'><strong>hostiis,</strong></span> 
     </span>
    </p>
   </div>
   <div class='ocr_carea' id='block_1_50' title="bbox 2243 1897 3808 1972">
    <p class='ocr_par' dir='ltr' id='par_1_50' title="bbox 2243 1897 3808 1972">
     <span class='ocr_line' id='line_1_50' title="bbox 2243 1897 3808 1972; baseline 0.022 -58"><span class='ocrx_word' id='word_1_397' title='bbox 2243 1904 2246 1915; x_wconf 84' lang='lat'><strong>.</strong></span> <span class='ocrx_word' id='word_1_398' title='bbox 2285 1918 2390 1957; x_wconf 88' lang='grc' dir='ltr'>νον.</span> <span class='ocrx_word' id='word_1_399' title='bbox 2419 1897 2527 1954; x_wconf 83' lang='grc' dir='ltr'><strong>Εἶθ’</strong></span> <span class='ocrx_word' id='word_1_400' title='bbox 2553 1900 2627 1965; x_wconf 82' lang='grc' dir='ltr'>ὡς</span> <span class='ocrx_word' id='word_1_401' title='bbox 2652 1900 2825 1971; x_wconf 78' lang='grc' dir='ltr'>τυχὼν</span> <span class='ocrx_word' id='word_1_402' title='bbox 2853 1900 3179 1971; x_wconf 76' lang='grc' dir='ltr'>ἀντιλήψεως</span> <span class='ocrx_word' id='word_1_403' title='bbox 3196 1941 3211 1963; x_wconf 93' lang='grc'><strong>,</strong></span> <span class='ocrx_word' id='word_1_404' title='bbox 3246 1900 3558 1972; x_wconf 78' lang='grc' dir='ltr'>μεταϐάλλει</span> <span class='ocrx_word' id='word_1_405' title='bbox 3590 1900 3710 1962; x_wconf 72' lang='grc' dir='ltr'>τοὺς</span> <span class='ocrx_word' id='word_1_406' title='bbox 3738 1899 3808 1950; x_wconf 75' lang='grc' dir='ltr'>λό-</span> 
     </span>
    </p>
   </div>
   <div class='ocr_carea' id='block_1_51' title="bbox 2285 1984 3808 2063">
    <p class='ocr_par' dir='ltr' id='par_1_51' title="bbox 2285 1984 3808 2063">
     <span class='ocr_line' id='line_1_51' title="bbox 2285 1984 3808 2063; baseline -0.003 -17"><span class='ocrx_word' id='word_1_407' title='bbox 2285 2011 2411 2063; x_wconf 91' lang='grc' dir='ltr'>γους</span> <span class='ocrx_word' id='word_1_408' title='bbox 2437 1992 2526 2045; x_wconf 71' lang='grc' dir='ltr'><strong>ἐπὶ</strong></span> <span class='ocrx_word' id='word_1_409' title='bbox 2552 1992 2611 2044; x_wconf 84' lang='grc' dir='ltr'><strong>τὸ</strong></span> <span class='ocrx_word' id='word_1_410' title='bbox 2641 1991 2997 2062; x_wconf 68' lang='grc' dir='ltr'>φαιδρότερον,</span> <span class='ocrx_word' id='word_1_411' title='bbox 3032 1990 3229 2061; x_wconf 78' lang='grc' dir='ltr'>ὕμνους</span> <span class='ocrx_word' id='word_1_412' title='bbox 3255 1984 3587 2061; x_wconf 81' lang='grc' dir='ltr'>ἀναπέμπων</span> <span class='ocrx_word' id='word_1_413' title='bbox 3613 1990 3686 2059; x_wconf 74' lang='grc' dir='ltr'>τῷ</span> <span class='ocrx_word' id='word_1_414' title='bbox 3704 1992 3808 2042; x_wconf 79' lang='grc' dir='ltr'>ἐαυ-</span> 
     </span>
    </p>
   </div>
   <div class='ocr_carea' id='block_1_52' title="bbox 2284 2075 3809 2153">
    <p class='ocr_par' dir='ltr' id='par_1_52' title="bbox 2284 2075 3809 2153">
     <span class='ocr_line' id='line_1_52' title="bbox 2284 2075 3809 2153; baseline -0.004 -17"><span class='ocrx_word' id='word_1_415' title='bbox 2284 2084 2375 2136; x_wconf 74' lang='grc' dir='ltr'>τοῦ</span> <span class='ocrx_word' id='word_1_416' title='bbox 2414 2084 2613 2153; x_wconf 75' lang='grc' dir='ltr'>Πατρὶ,</span> <span class='ocrx_word' id='word_1_417' title='bbox 2650 2085 2707 2134; x_wconf 82' lang='grc' dir='ltr'>ὲν</span> <span class='ocrx_word' id='word_1_418' title='bbox 2748 2075 2828 2144; x_wconf 84' lang='grc' dir='ltr'><strong>οἷς</strong></span> <span class='ocrx_word' id='word_1_419' title='bbox 2866 2097 3026 2152; x_wconf 85' lang='grc' dir='ltr'>φησιν</span> <span class='ocrx_word' id='word_1_420' title='bbox 3053 2099 3066 2110; x_wconf 92' lang='grc'><strong>·</strong></span> <span class='ocrx_word' id='word_1_421' title='bbox 3128 2100 3144 2131; x_wconf 78' lang='grc' dir='ltr'><strong>ι</strong></span> <span class='ocrx_word' id='word_1_422' title='bbox 3168 2080 3371 2133; x_wconf 81' lang='grc' dir='ltr'>Λίνέσω</span> <span class='ocrx_word' id='word_1_423' title='bbox 3420 2081 3481 2133; x_wconf 82' lang='grc' dir='ltr'><strong>τὸ</strong></span> <span class='ocrx_word' id='word_1_424' title='bbox 3527 2081 3690 2149; x_wconf 77' lang='grc' dir='ltr'>ὄνομα</span> <span class='ocrx_word' id='word_1_425' title='bbox 3731 2080 3809 2131; x_wconf 75' lang='grc' dir='ltr'>τοῦ</span> 
     </span>
    </p>
   </div>
   <div class='ocr_carea' id='block_1_53' title="bbox 2284 2166 3808 2244">
    <p class='ocr_par' dir='ltr' id='par_1_53' title="bbox 2284 2166 3808 2244">
     <span class='ocr_line' id='line_1_53' title="bbox 2284 2166 3808 2244; baseline -0.003 -19"><span class='ocrx_word' id='word_1_426' title='bbox 2284 2173 2416 2226; x_wconf 71' lang='grc' dir='ltr'>Θεοῦ</span> <span class='ocrx_word' id='word_1_427' title='bbox 2449 2176 2561 2244; x_wconf 78' lang='grc' dir='ltr'>μετ’</span> <span class='ocrx_word' id='word_1_428' title='bbox 2588 2173 2745 2243; x_wconf 77' lang='grc' dir='ltr'>ᾠδῆς.</span> <span class='ocrx_word' id='word_1_429' title='bbox 2762 2191 2779 2222; x_wconf 74' lang='grc' dir='ltr'><strong>ι</strong></span> <span class='ocrx_word' id='word_1_430' title='bbox 2805 2172 2876 2224; x_wconf 84' lang='grc' dir='ltr'><strong>Τὸ</strong></span> <span class='ocrx_word' id='word_1_431' title='bbox 2904 2171 2959 2225; x_wconf 78' lang='grc' dir='ltr'>δὲ</span> <span class='ocrx_word' id='word_1_432' title='bbox 2986 2172 3120 2241; x_wconf 85' lang='grc' dir='ltr'><strong>μετά</strong></span> <span class='ocrx_word' id='word_1_433' title='bbox 3153 2169 3337 2241; x_wconf 70' lang='grc' dir='ltr'>μέλους</span> <span class='ocrx_word' id='word_1_434' title='bbox 3373 2170 3462 2222; x_wconf 71' lang='grc' dir='ltr'>καὶ</span> <span class='ocrx_word' id='word_1_435' title='bbox 3486 2166 3623 2240; x_wconf 77' lang='grc' dir='ltr'>ᾠδῆς</span> <span class='ocrx_word' id='word_1_436' title='bbox 3646 2171 3808 2237; x_wconf 82' lang='grc' dir='ltr'>λόγους</span> 
     </span>
    </p>
   </div>
   <div class='ocr_carea' id='block_1_54' title="bbox 2285 2259 3805 2337">
    <p class='ocr_par' dir='ltr' id='par_1_54' title="bbox 2285 2259 3805 2337">
     <span class='ocr_line' id='line_1_54' title="bbox 2285 2259 3805 2337; baseline -0.003 -18"><span class='ocrx_word' id='word_1_437' title='bbox 2285 2265 2681 2337; x_wconf 74' lang='grc' dir='ltr'>προσφέρεσθαι</span> <span class='ocrx_word' id='word_1_438' title='bbox 2708 2264 2968 2334; x_wconf 84' lang='grc' dir='ltr'>σύμϐολον</span> <span class='ocrx_word' id='word_1_439' title='bbox 2997 2259 3063 2332; x_wconf 75' lang='grc' dir='ltr'>ἦν</span> <span class='ocrx_word' id='word_1_440' title='bbox 3085 2261 3346 2334; x_wconf 85' lang='grc' dir='ltr'>θυμηδίας</span> <span class='ocrx_word' id='word_1_441' title='bbox 3368 2262 3460 2316; x_wconf 73' lang='grc' dir='ltr'>καὶ</span> <span class='ocrx_word' id='word_1_442' title='bbox 3480 2262 3805 2333; x_wconf 78' lang='grc' dir='ltr'>εὐφροσύνης.</span> 
     </span>
    </p>
   </div>
   <div class='ocr_carea' id='block_1_55' title="bbox 2299 2355 3806 2427">
    <p class='ocr_par' dir='ltr' id='par_1_55' title="bbox 2299 2355 3806 2427">
     <span class='ocr_line' id='line_1_55' title="bbox 2299 2355 3806 2427; baseline -0.002 -18"><span class='ocrx_word' id='word_1_443' title='bbox 2299 2358 2453 2409; x_wconf 75' lang='grc' dir='ltr'>Ἀλλὰ</span> <span class='ocrx_word' id='word_1_444' title='bbox 2484 2358 2575 2410; x_wconf 77' lang='grc' dir='ltr'>καὶ</span> <span class='ocrx_word' id='word_1_445' title='bbox 2614 2376 2631 2407; x_wconf 75' lang='grc' dir='ltr'><strong>ι</strong></span> <span class='ocrx_word' id='word_1_446' title='bbox 2671 2356 2949 2427; x_wconf 87' lang='grc' dir='ltr'>μεγαλυνῶ</span> <span class='ocrx_word' id='word_1_447' title='bbox 3002 2355 3185 2419; x_wconf 71' lang='grc' dir='ltr'>αὐτὸν,</span> <span class='ocrx_word' id='word_1_448' title='bbox 3221 2374 3239 2407; x_wconf 77' lang='grc' dir='ltr'><strong>ι</strong></span> <span class='ocrx_word' id='word_1_449' title='bbox 3274 2355 3466 2426; x_wconf 88' lang='grc' dir='ltr'>φησίν·</span> <span class='ocrx_word' id='word_1_450' title='bbox 3500 2355 3653 2426; x_wconf 82' lang='grc' dir='ltr'>δῆλον</span> <span class='ocrx_word' id='word_1_451' title='bbox 3680 2356 3719 2408; x_wconf 75' lang='grc' dir='ltr'>δ’</span> <span class='ocrx_word' id='word_1_452' title='bbox 3741 2358 3806 2407; x_wconf 70' lang='grc' dir='ltr'><strong>δτι</strong></span> 
     </span>
    </p>
   </div>
   <div class='ocr_carea' id='block_1_56' title="bbox 2283 2445 3805 2517">
    <p class='ocr_par' dir='ltr' id='par_1_56' title="bbox 2283 2445 3805 2517">
     <span class='ocr_line' id='line_1_56' title="bbox 2283 2445 3805 2517; baseline -0.003 -16"><span class='ocrx_word' id='word_1_453' title='bbox 2283 2448 2373 2501; x_wconf 71' lang='grc' dir='ltr'><strong>τὸν</strong></span> <span class='ocrx_word' id='word_1_454' title='bbox 2404 2446 2561 2501; x_wconf 86' lang='grc' dir='ltr'><strong>αύτοῦ</strong></span> <span class='ocrx_word' id='word_1_455' title='bbox 2605 2447 2843 2517; x_wconf 78' lang='grc' dir='ltr'>Πατέρα.</span> <span class='ocrx_word' id='word_1_456' title='bbox 2894 2446 3015 2510; x_wconf 86' lang='grc' dir='ltr'><strong>Πῶς</strong></span> <span class='ocrx_word' id='word_1_457' title='bbox 3065 2446 3119 2500; x_wconf 86' lang='grc' dir='ltr'>δὲ</span> <span class='ocrx_word' id='word_1_458' title='bbox 3165 2447 3258 2501; x_wconf 78' lang='grc' dir='ltr'>καὶ</span> <span class='ocrx_word' id='word_1_459' title='bbox 3310 2446 3471 2499; x_wconf 79' lang='grc' dir='ltr'>αὐτὸν</span> <span class='ocrx_word' id='word_1_460' title='bbox 3524 2445 3805 2515; x_wconf 81' lang='grc' dir='ltr'>μεγαλυνεῖ,</span> 
     </span>
    </p>
   </div>
   <div class='ocr_carea' id='block_1_57' title="bbox 2285 2534 3797 2608">
    <p class='ocr_par' dir='ltr' id='par_1_57' title="bbox 2285 2534 3797 2608">
     <span class='ocr_line' id='line_1_57' title="bbox 2285 2534 3797 2608; baseline -0.004 -18"><span class='ocrx_word' id='word_1_461' title='bbox 2285 2538 2517 2605; x_wconf 75' lang='grc' dir='ltr'>ἐπιλέγει</span> <span class='ocrx_word' id='word_1_462' title='bbox 2540 2536 2682 2608; x_wconf 78' lang='grc' dir='ltr'>ἑξῆς,</span> <span class='ocrx_word' id='word_1_463' title='bbox 2735 2555 2753 2588; x_wconf 77' lang='lat' dir='ltr'><strong>t</strong></span> <span class='ocrx_word' id='word_1_464' title='bbox 2788 2539 2845 2589; x_wconf 81' lang='grc' dir='ltr'>ὲν</span> <span class='ocrx_word' id='word_1_465' title='bbox 2883 2536 3134 2590; x_wconf 64' lang='grc' dir='ltr'>αίνέσειη</span> <span class='ocrx_word' id='word_1_466' title='bbox 3184 2537 3216 2607; x_wconf 82' lang='grc' dir='ltr'>ἣ</span> <span class='ocrx_word' id='word_1_467' title='bbox 3276 2535 3413 2589; x_wconf 83' lang='grc' dir='ltr'><strong>κατά</strong></span> <span class='ocrx_word' id='word_1_468' title='bbox 3442 2535 3531 2587; x_wconf 82' lang='grc' dir='ltr'><strong>τὸν</strong></span> <span class='ocrx_word' id='word_1_469' title='bbox 3577 2534 3797 2595; x_wconf 78' lang='grc' dir='ltr'>Ἀκύλαν,</span> 
     </span>
    </p>
   </div>
   <div class='ocr_carea' id='block_1_58' title="bbox 2291 2624 3803 2699">
    <p class='ocr_par' dir='ltr' id='par_1_58' title="bbox 2291 2624 3803 2699">
     <span class='ocr_line' id='line_1_58' title="bbox 2291 2624 3803 2699; baseline -0.001 -20"><span class='ocrx_word' id='word_1_470' title='bbox 2291 2630 2374 2680; x_wconf 80' lang='grc' dir='ltr'>«ὲν</span> <span class='ocrx_word' id='word_1_471' title='bbox 2406 2628 2772 2699; x_wconf 77' lang='grc' dir='ltr'>εὐχαριστίᾳ.)</span> <span class='ocrx_word' id='word_1_472' title='bbox 2806 2629 3029 2699; x_wconf 84' lang='grc' dir='ltr'>Νοήσεις</span> <span class='ocrx_word' id='word_1_473' title='bbox 3062 2628 3116 2681; x_wconf 83' lang='grc' dir='ltr'>δὲ</span> <span class='ocrx_word' id='word_1_474' title='bbox 3138 2628 3231 2697; x_wconf 83' lang='grc' dir='ltr'>τὴν</span> <span class='ocrx_word' id='word_1_475' title='bbox 3262 2626 3601 2697; x_wconf 70' lang='grc' dir='ltr'>εὐχαριστίαν</span> <span class='ocrx_word' id='word_1_476' title='bbox 3622 2624 3803 2695; x_wconf 64' lang='lat' dir='ltr'><strong>xui-rip</strong></span> 
     </span>
    </p>
   </div>
   <div class='ocr_carea' id='block_1_59' title="bbox 2285 2716 3804 2791">
    <p class='ocr_par' dir='ltr' id='par_1_59' title="bbox 2285 2716 3804 2791">
     <span class='ocr_line' id='line_1_59' title="bbox 2285 2716 3804 2791; baseline -0.003 -18"><span class='ocrx_word' id='word_1_477' title='bbox 2285 2722 2484 2773; x_wconf 80' lang='grc' dir='ltr'>αἴνεσιν</span> <span class='ocrx_word' id='word_1_478' title='bbox 2513 2720 2578 2771; x_wconf 83' lang='grc' dir='ltr'>δι’</span> <span class='ocrx_word' id='word_1_479' title='bbox 2600 2716 2666 2791; x_wconf 74' lang='grc' dir='ltr'>ἧς</span> <span class='ocrx_word' id='word_1_480' title='bbox 2687 2724 2715 2773; x_wconf 86' lang='grc' dir='ltr'>ὁ</span> <span class='ocrx_word' id='word_1_481' title='bbox 2740 2719 2863 2782; x_wconf 77' lang='grc' dir='ltr'>Υἱὸς</span> <span class='ocrx_word' id='word_1_482' title='bbox 2894 2719 3176 2789; x_wconf 86' lang='grc' dir='ltr'>μεγαλύνει</span> <span class='ocrx_word' id='word_1_483' title='bbox 3225 2717 3313 2771; x_wconf 81' lang='grc' dir='ltr'><strong>τὸν</strong></span> <span class='ocrx_word' id='word_1_484' title='bbox 3340 2718 3573 2784; x_wconf 74' lang='grc' dir='ltr'>Πατέρα,</span> <span class='ocrx_word' id='word_1_485' title='bbox 3610 2717 3804 2785; x_wconf 69' lang='grc' dir='ltr'><strong>ἔπιε-τη⁴</strong></span> 
     </span>
    </p>
   </div>
   <div class='ocr_carea' id='block_1_60' title="bbox 2285 2802 3803 2879">
    <p class='ocr_par' dir='ltr' id='par_1_60' title="bbox 2285 2802 3803 2879">
     <span class='ocr_line' id='line_1_60' title="bbox 2285 2802 3803 2879; baseline -0.001 -18"><span class='ocrx_word' id='word_1_486' title='bbox 2285 2826 2381 2871; x_wconf 89' lang='grc' dir='ltr'><strong>σας</strong></span> <span class='ocrx_word' id='word_1_487' title='bbox 2410 2812 2517 2872; x_wconf 85' lang='grc' dir='ltr'>τοῖς</span> <span class='ocrx_word' id='word_1_488' title='bbox 2557 2808 2867 2879; x_wconf 85' lang='grc' dir='ltr'>μυστηρίοις</span> <span class='ocrx_word' id='word_1_489' title='bbox 2921 2808 3017 2877; x_wconf 81' lang='grc' dir='ltr'>τῆς</span> <span class='ocrx_word' id='word_1_490' title='bbox 3078 2807 3278 2877; x_wconf 77' lang='grc' dir='ltr'>Καινῆς</span> <span class='ocrx_word' id='word_1_491' title='bbox 3326 2807 3615 2877; x_wconf 79' lang='grc' dir='ltr'>Διαθήκης,</span> <span class='ocrx_word' id='word_1_492' title='bbox 3660 2809 3711 2859; x_wconf 83' lang='grc' dir='ltr'>ὲν</span> <span class='ocrx_word' id='word_1_493' title='bbox 3738 2802 3803 2869; x_wconf 73' lang='grc' dir='ltr'>οἷς</span> 
     </span>
    </p>
   </div>
   <div class='ocr_carea' id='block_1_61' title="bbox 2284 2896 3801 2967">
    <p class='ocr_par' dir='ltr' id='par_1_61' title="bbox 2284 2896 3801 2967">
     <span class='ocr_line' id='line_1_61' title="bbox 2284 2896 3801 2967; baseline 0.001 -18"><span class='ocrx_word' id='word_1_494' title='bbox 2284 2897 2403 2950; x_wconf 80' lang='grc' dir='ltr'>καθ’</span> <span class='ocrx_word' id='word_1_495' title='bbox 2437 2896 2689 2967; x_wconf 73' lang='grc' dir='ltr'>ὅληςτῆς</span> <span class='ocrx_word' id='word_1_496' title='bbox 2717 2897 3033 2965; x_wconf 83' lang='grc' dir='ltr'>οἰκουμένης</span> <span class='ocrx_word' id='word_1_497' title='bbox 3063 2899 3095 2965; x_wconf 83' lang='grc' dir='ltr'>ἡ</span> <span class='ocrx_word' id='word_1_498' title='bbox 3137 2896 3423 2967; x_wconf 83' lang='grc' dir='ltr'>Ἐκκλησία</span> <span class='ocrx_word' id='word_1_499' title='bbox 3442 2897 3533 2949; x_wconf 79' lang='grc' dir='ltr'>τοῦ</span> <span class='ocrx_word' id='word_1_500' title='bbox 3558 2897 3685 2949; x_wconf 84' lang='grc' dir='ltr'><strong>Θεοῦ</strong></span> <span class='ocrx_word' id='word_1_501' title='bbox 3723 2898 3801 2959; x_wconf 72' lang='grc' dir='ltr'>τὰς</span> 
     </span>
    </p>
   </div>
   <div class='ocr_carea' id='block_1_62' title="bbox 2284 2986 3803 3058">
    <p class='ocr_par' dir='ltr' id='par_1_62' title="bbox 2284 2986 3803 3058">
     <span class='ocr_line' id='line_1_62' title="bbox 2284 2986 3803 3058; baseline 0.001 -19"><span class='ocrx_word' id='word_1_502' title='bbox 2284 2986 2625 3057; x_wconf 79' lang='grc' dir='ltr'>εὐχαριστίας</span> <span class='ocrx_word' id='word_1_503' title='bbox 2649 2987 2741 3039; x_wconf 76' lang='grc' dir='ltr'><strong>καὶ</strong></span> <span class='ocrx_word' id='word_1_504' title='bbox 2772 2986 2868 3049; x_wconf 75' lang='grc' dir='ltr'><strong>τὰς</strong></span> <span class='ocrx_word' id='word_1_505' title='bbox 2898 2986 3117 3053; x_wconf 75' lang='grc' dir='ltr'>λογικὰς</span> <span class='ocrx_word' id='word_1_506' title='bbox 3148 2990 3240 3040; x_wconf 80' lang='grc' dir='ltr'>καὶ</span> <span class='ocrx_word' id='word_1_507' title='bbox 3275 2988 3545 3051; x_wconf 80' lang='grc' dir='ltr'>ἀκάπνους</span> <span class='ocrx_word' id='word_1_508' title='bbox 3576 2988 3803 3058; x_wconf 83' lang='grc' dir='ltr'>λατρείας</span> 
     </span>
    </p>
   </div>
   <div class='ocr_carea' id='block_1_63' title="bbox 2284 3075 3800 3149">
    <p class='ocr_par' dir='ltr' id='par_1_63' title="bbox 2284 3075 3800 3149">
     <span class='ocr_line' id='line_1_63' title="bbox 2284 3075 3800 3149; baseline 0.001 -20"><span class='ocrx_word' id='word_1_509' title='bbox 2284 3076 2566 3148; x_wconf 79' lang='grc' dir='ltr'>ἀναφέρειν</span> <span class='ocrx_word' id='word_1_510' title='bbox 2598 3076 2677 3147; x_wconf 82' lang='grc' dir='ltr'>τῷ</span> <span class='ocrx_word' id='word_1_511' title='bbox 2722 3075 2837 3146; x_wconf 83' lang='grc' dir='ltr'><strong>Θεῷ</strong></span> <span class='ocrx_word' id='word_1_512' title='bbox 2886 3076 3233 3147; x_wconf 82' lang='grc' dir='ltr'>παρείληφεν.</span> <span class='ocrx_word' id='word_1_513' title='bbox 3282 3078 3424 3146; x_wconf 72' lang='grc' dir='ltr'>Αὕτη</span> <span class='ocrx_word' id='word_1_514' title='bbox 3463 3079 3518 3130; x_wconf 78' lang='grc' dir='ltr'>δὲ</span> <span class='ocrx_word' id='word_1_515' title='bbox 3569 3080 3800 3149; x_wconf 82' lang='grc' dir='ltr'>ἡαίνεσις</span> 
     </span>
    </p>
   </div>
   <div class='ocr_carea' id='block_1_64' title="bbox 640 3160 2184 3241">
    <p class='ocr_par' dir='ltr' id='par_1_64' title="bbox 640 3160 2181 3241">
     <span class='ocr_line' id='line_1_64' title="bbox 640 3160 2181 3241; baseline 0.013 -30"><span class='ocrx_word' id='word_1_516' title='bbox 640 3174 759 3228; x_wconf 75' lang='lat' dir='ltr'><strong>quae</strong></span> <span class='ocrx_word' id='word_1_517' title='bbox 811 3160 938 3213; x_wconf 90' lang='lat' dir='ltr'><strong>olim</strong></span> <span class='ocrx_word' id='word_1_518' title='bbox 991 3163 1291 3218; x_wconf 83' lang='lat' dir='ltr'><strong>secundum</strong></span> <span class='ocrx_word' id='word_1_519' title='bbox 1341 3166 1507 3238; x_wconf 80' lang='lat' dir='ltr'><strong>legem</strong></span> <span class='ocrx_word' id='word_1_520' title='bbox 1562 3168 1759 3240; x_wconf 83' lang='lat' dir='ltr'><strong>Moysis</strong></span> <span class='ocrx_word' id='word_1_521' title='bbox 1801 3172 2181 3241; x_wconf 82' lang='lat' dir='ltr'><strong>oﬂ&#39;erebantur,</strong></span> 
     </span>
    </p>
   </div>
   <div class='ocr_carea' id='block_1_65' title="bbox 2284 3160 3803 3241">
    <p class='ocr_par' dir='ltr' id='par_1_65' title="bbox 2284 3167 3803 3240">
     <span class='ocr_line' id='line_1_65' title="bbox 2284 3167 3803 3240; baseline 0.001 -19"><span class='ocrx_word' id='word_1_522' title='bbox 2284 3170 2375 3221; x_wconf 68' lang='grc' dir='ltr'>καὶ</span> <span class='ocrx_word' id='word_1_523' title='bbox 2408 3171 2440 3239; x_wconf 82' lang='grc' dir='ltr'>ἠ</span> <span class='ocrx_word' id='word_1_524' title='bbox 2469 3168 2781 3240; x_wconf 78' lang='grc' dir='ltr'>εὐχαριστία</span> <span class='ocrx_word' id='word_1_525' title='bbox 2814 3167 2946 3220; x_wconf 74' lang='grc' dir='ltr'>πολὺ</span> <span class='ocrx_word' id='word_1_526' title='bbox 3000 3169 3257 3240; x_wconf 83' lang='grc' dir='ltr'>κρείττων</span> <span class='ocrx_word' id='word_1_527' title='bbox 3292 3171 3540 3240; x_wconf 80' lang='grc' dir='ltr'>τυγχάνει</span> <span class='ocrx_word' id='word_1_528' title='bbox 3572 3170 3674 3223; x_wconf 84' lang='grc' dir='ltr'><strong>τῶν</strong></span> <span class='ocrx_word' id='word_1_529' title='bbox 3716 3188 3803 3223; x_wconf 82' lang='grc' dir='ltr'>σω-</span> 
     </span>
    </p>
   </div>
   <div class='ocr_carea' id='block_1_66' title="bbox 639 3249 2185 3333">
    <p class='ocr_par' dir='ltr' id='par_1_66' title="bbox 639 3249 2185 3333">
     <span class='ocr_line' id='line_1_66' title="bbox 639 3249 2185 3333; baseline 0.012 -32"><span class='ocrx_word' id='word_1_530' title='bbox 639 3249 810 3304; x_wconf 89' lang='lat' dir='ltr'><strong>multo</strong></span> <span class='ocrx_word' id='word_1_531' title='bbox 838 3254 1181 3319; x_wconf 71' lang='lat' dir='ltr'><strong>prmstautior</strong></span> <span class='ocrx_word' id='word_1_532' title='bbox 1224 3262 1327 3310; x_wconf 91' lang='lat' dir='ltr'><strong>est.</strong></span> <span class='ocrx_word' id='word_1_533' title='bbox 1387 3257 1749 3323; x_wconf 84' lang='lat' dir='ltr'><strong>Quamobrem</strong></span> <span class='ocrx_word' id='word_1_534' title='bbox 1800 3264 1986 3333; x_wconf 80' lang='lat' dir='ltr'><strong>adjicit</strong></span> <span class='ocrx_word' id='word_1_535' title='bbox 2027 3284 2086 3320; x_wconf 72' lang='lat' dir='ltr'>:c</span> <span class='ocrx_word' id='word_1_536' title='bbox 2118 3266 2185 3320; x_wconf 88' lang='lat' dir='ltr'><strong>Et</strong></span> 
     </span>
    </p>
   </div>
   <div class='ocr_carea' id='block_1_67' title="bbox 643 3341 2183 3417">
    <p class='ocr_par' dir='ltr' id='par_1_67' title="bbox 643 3341 2183 3417">
     <span class='ocr_line' id='line_1_67' title="bbox 643 3341 2183 3417; baseline 0.013 -26"><span class='ocrx_word' id='word_1_537' title='bbox 643 3341 879 3409; x_wconf 90' lang='lat' dir='ltr'><strong>placebit</strong></span> <span class='ocrx_word' id='word_1_538' title='bbox 926 3342 1151 3398; x_wconf 89' lang='lat' dir='ltr'><strong>Domino</strong></span> <span class='ocrx_word' id='word_1_539' title='bbox 1186 3362 1359 3416; x_wconf 87' lang='lat' dir='ltr'><strong>super</strong></span> <span class='ocrx_word' id='word_1_540' title='bbox 1378 3349 1606 3403; x_wconf 83' lang='lat' dir='ltr'><strong>vitulum</strong></span> <span class='ocrx_word' id='word_1_541' title='bbox 1655 3354 1945 3417; x_wconf 88' lang='lat' dir='ltr'><strong>novellum,</strong></span> <span class='ocrx_word' id='word_1_542' title='bbox 1979 3370 2183 3412; x_wconf 88' lang='lat' dir='ltr'><strong>cornua</strong></span> 
     </span>
    </p>
   </div>
   <div class='ocr_carea' id='block_1_68' title="bbox 639 3428 2239 3508">
    <p class='ocr_par' dir='ltr' id='par_1_68' title="bbox 639 3428 2239 3508">
     <span class='ocr_line' id='line_1_68' title="bbox 639 3428 2239 3508; baseline 0.014 -30"><span class='ocrx_word' id='word_1_543' title='bbox 639 3428 1024 3496; x_wconf 88' lang='lat' dir='ltr'><strong>producentem</strong></span> <span class='ocrx_word' id='word_1_544' title='bbox 1056 3439 1109 3485; x_wconf 88' lang='lat' dir='ltr'><strong>et</strong></span> <span class='ocrx_word' id='word_1_545' title='bbox 1143 3435 1390 3502; x_wconf 78' lang='lat' dir='ltr'><strong>ungulas.</strong></span> <span class='ocrx_word' id='word_1_546' title='bbox 1423 3455 1440 3486; x_wconf 78' lang='grc' dir='ltr'><strong>ι</strong></span> <span class='ocrx_word' id='word_1_547' title='bbox 1482 3435 1538 3489; x_wconf 91' lang='lat' dir='ltr'><strong>Si</strong></span> <span class='ocrx_word' id='word_1_548' title='bbox 1575 3454 1805 3508; x_wconf 86' lang='lat' dir='ltr'><strong>namque</strong></span> <span class='ocrx_word' id='word_1_549' title='bbox 1834 3443 1899 3496; x_wconf 87' lang='lat' dir='ltr'><strong>de</strong></span> <span class='ocrx_word' id='word_1_550' title='bbox 1932 3444 1999 3498; x_wconf 90' lang='lat' dir='ltr'><strong>iis</strong></span> <span class='ocrx_word' id='word_1_551' title='bbox 2014 3443 2183 3500; x_wconf 74' lang='lat' dir='ltr'><strong>Judtei</strong></span> <span class='ocrx_word' id='word_1_552' title='bbox 2236 3442 2239 3445; x_wconf 71' lang='grc'><em>’</em></span> 
     </span>
    </p>
   </div>
   <div class='ocr_carea' id='block_1_69' title="bbox 639 3517 2183 3605">
    <p class='ocr_par' dir='ltr' id='par_1_69' title="bbox 639 3517 2183 3605">
     <span class='ocr_line' id='line_1_69' title="bbox 639 3517 2183 3605; baseline 0.014 -37"><span class='ocrx_word' id='word_1_553' title='bbox 639 3517 960 3587; x_wconf 75' lang='lat' dir='ltr'><strong>gloriantur,</strong></span> <span class='ocrx_word' id='word_1_554' title='bbox 1025 3524 1199 3577; x_wconf 88' lang='lat' dir='ltr'><strong>sciant</strong></span> <span class='ocrx_word' id='word_1_555' title='bbox 1232 3526 1417 3594; x_wconf 89' lang='lat' dir='ltr'><strong>utique</strong></span> <span class='ocrx_word' id='word_1_556' title='bbox 1468 3528 1622 3599; x_wconf 86' lang='lat' dir='ltr'><strong>longe</strong></span> <span class='ocrx_word' id='word_1_557' title='bbox 1664 3533 1935 3588; x_wconf 89' lang='lat' dir='ltr'><strong>meliorem</strong></span> <span class='ocrx_word' id='word_1_558' title='bbox 1971 3534 2183 3605; x_wconf 90' lang='lat' dir='ltr'><strong>Deoque</strong></span> 
     </span>
    </p>
   </div>
   <div class='ocr_carea' id='block_1_70' title="bbox 642 3613 2182 3685">
    <p class='ocr_par' dir='ltr' id='par_1_70' title="bbox 642 3613 2182 3685">
     <span class='ocr_line' id='line_1_70' title="bbox 642 3613 2182 3685; baseline 0.012 -23"><span class='ocrx_word' id='word_1_559' title='bbox 642 3613 995 3680; x_wconf 80' lang='lat' dir='ltr'><strong>acceptiorem</strong></span> <span class='ocrx_word' id='word_1_560' title='bbox 1032 3629 1204 3668; x_wconf 87' lang='lat' dir='ltr'><strong>meam</strong></span> <span class='ocrx_word' id='word_1_561' title='bbox 1244 3618 1538 3685; x_wconf 76' lang='lat' dir='ltr'><strong>gratiarum</strong></span> <span class='ocrx_word' id='word_1_562' title='bbox 1586 3621 1852 3676; x_wconf 86' lang='lat' dir='ltr'><strong>actionem</strong></span> <span class='ocrx_word' id='word_1_563' title='bbox 1882 3632 1935 3678; x_wconf 94' lang='lat' dir='ltr'><strong>et</strong></span> <span class='ocrx_word' id='word_1_564' title='bbox 1971 3626 2182 3679; x_wconf 87' lang='lat' dir='ltr'><strong>laudem</strong></span> 
     </span>
    </p>
   </div>
   <div class='ocr_carea' id='block_1_71' title="bbox 640 3704 2181 3770">
    <p class='ocr_par' dir='ltr' id='par_1_71' title="bbox 640 3704 2181 3770">
     <span class='ocr_line' id='line_1_71' title="bbox 640 3704 2181 3770; baseline 0.012 -21"><span class='ocrx_word' id='word_1_565' title='bbox 640 3712 803 3765; x_wconf 68' lang='lat' dir='ltr'><strong>supra</strong></span> <span class='ocrx_word' id='word_1_566' title='bbox 866 3704 1175 3757; x_wconf 86' lang='lat' dir='ltr'><strong>memoratis</strong></span> <span class='ocrx_word' id='word_1_567' title='bbox 1234 3720 1373 3759; x_wconf 92' lang='lat' dir='ltr'><strong>esse.</strong></span> <span class='ocrx_word' id='word_1_568' title='bbox 1449 3706 1807 3770; x_wconf 80' lang='lat' dir='ltr'><strong>Quamobrem</strong></span> <span class='ocrx_word' id='word_1_569' title='bbox 1886 3713 2181 3767; x_wconf 76' lang='lat' dir='ltr'><strong>secundum</strong></span> 
     </span>
    </p>
   </div>
   <div class='ocr_carea' id='block_1_72' title="bbox 642 3784 2177 3875">
    <p class='ocr_par' dir='ltr' id='par_1_72' title="bbox 642 3784 2177 3875">
     <span class='ocr_line' id='line_1_72' title="bbox 642 3784 2177 3875; baseline 0.014 -37"><span class='ocrx_word' id='word_1_570' title='bbox 642 3784 1018 3856; x_wconf 60' lang='lat' dir='ltr'><strong>Symmachum</strong></span> <span class='ocrx_word' id='word_1_571' title='bbox 1054 3794 1269 3860; x_wconf 89' lang='lat' dir='ltr'><strong>dicitur,</strong></span> <span class='ocrx_word' id='word_1_572' title='bbox 1307 3813 1325 3845; x_wconf 77' lang='grc' dir='ltr'><strong>ι</strong></span> <span class='ocrx_word' id='word_1_573' title='bbox 1355 3794 1418 3848; x_wconf 87' lang='lat' dir='ltr'><strong>Et</strong></span> <span class='ocrx_word' id='word_1_574' title='bbox 1472 3798 1703 3866; x_wconf 86' lang='lat' dir='ltr'><strong>placebit</strong></span> <span class='ocrx_word' id='word_1_575' title='bbox 1742 3798 1969 3855; x_wconf 91' lang='lat' dir='ltr'><strong>Domino</strong></span> <span class='ocrx_word' id='word_1_576' title='bbox 1989 3804 2177 3875; x_wconf 81' lang='lat' dir='ltr'><strong>magis,</strong></span> 
     </span>
    </p>
   </div>
   <div class='ocr_carea' id='block_1_73' title="bbox 640 3881 2174 3956">
    <p class='ocr_par' dir='ltr' id='par_1_73' title="bbox 640 3881 2174 3956">
     <span class='ocr_line' id='line_1_73' title="bbox 640 3881 2174 3956; baseline 0.012 -28"><span class='ocrx_word' id='word_1_577' title='bbox 640 3881 921 3946; x_wconf 85' lang='lat' dir='ltr'><strong>quambos</strong></span> <span class='ocrx_word' id='word_1_578' title='bbox 953 3890 1160 3948; x_wconf 89' lang='lat' dir='ltr'><strong>taurus,</strong></span> <span class='ocrx_word' id='word_1_579' title='bbox 1204 3887 1432 3956; x_wconf 84' lang='lat' dir='ltr'><strong>ungulas</strong></span> <span class='ocrx_word' id='word_1_580' title='bbox 1483 3887 1787 3953; x_wconf 83' lang='lat' dir='ltr'><strong>diﬂindcns,</strong></span> <span class='ocrx_word' id='word_1_581' title='bbox 1842 3903 2123 3949; x_wconf 91' lang='lat' dir='ltr'><strong>cornutus.</strong></span> <span class='ocrx_word' id='word_1_582' title='bbox 2155 3913 2174 3947; x_wconf 86' lang='grc'><strong>›</strong></span> 
     </span>
    </p>
   </div>
   <div class='ocr_carea' id='block_1_74' title="bbox 640 3969 2179 4041">
    <p class='ocr_par' dir='ltr' id='par_1_74' title="bbox 640 3969 2179 4041">
     <span class='ocr_line' id='line_1_74' title="bbox 640 3969 2179 4041; baseline 0.013 -20"><span class='ocrx_word' id='word_1_583' title='bbox 640 3969 749 4022; x_wconf 83' lang='lat' dir='ltr'><strong>Cur</strong></span> <span class='ocrx_word' id='word_1_584' title='bbox 776 3970 861 4024; x_wconf 90' lang='lat' dir='ltr'><strong>hic</strong></span> <span class='ocrx_word' id='word_1_585' title='bbox 896 3973 1122 4027; x_wconf 84' lang='lat' dir='ltr'><strong>vitulum</strong></span> <span class='ocrx_word' id='word_1_586' title='bbox 1180 3976 1343 4040; x_wconf 83' lang='lat' dir='ltr'><strong>dicat,</strong></span> <span class='ocrx_word' id='word_1_587' title='bbox 1373 3994 1479 4032; x_wconf 92' lang='lat' dir='ltr'><strong>non</strong></span> <span class='ocrx_word' id='word_1_588' title='bbox 1515 3981 1658 4037; x_wconf 88' lang='lat' dir='ltr'><strong>aliud</strong></span> <span class='ocrx_word' id='word_1_589' title='bbox 1708 3984 1901 4037; x_wconf 82' lang='lat' dir='ltr'><strong>animal</strong></span> <span class='ocrx_word' id='word_1_590' title='bbox 1931 3988 1983 4039; x_wconf 88' lang='lat' dir='ltr'><strong>iu</strong></span> <span class='ocrx_word' id='word_1_591' title='bbox 2014 3987 2179 4041; x_wconf 54' lang='lat' dir='ltr'><strong>sacri-</strong></span> 
     </span>
    </p>
   </div>
   <div class='ocr_carea' id='block_1_75' title="bbox 643 4059 2180 4144">
    <p class='ocr_par' dir='ltr' id='par_1_75' title="bbox 643 4059 2180 4144">
     <span class='ocr_line' id='line_1_75' title="bbox 643 4059 2180 4144; baseline 0.015 -35"><span class='ocrx_word' id='word_1_592' title='bbox 643 4060 762 4112; x_wconf 78' lang='lat' dir='ltr'><strong>[icio</strong></span> <span class='ocrx_word' id='word_1_593' title='bbox 788 4059 964 4115; x_wconf 79' lang='lat' dir='ltr'><strong>oﬂ‘erri</strong></span> <span class='ocrx_word' id='word_1_594' title='bbox 993 4065 1233 4128; x_wconf 81' lang='lat' dir='ltr'><strong>solitum,</strong></span> <span class='ocrx_word' id='word_1_595' title='bbox 1284 4083 1389 4120; x_wconf 85' lang='lat' dir='ltr'><strong>nun</strong></span> <span class='ocrx_word' id='word_1_596' title='bbox 1422 4070 1537 4125; x_wconf 88' lang='lat' dir='ltr'><strong>sine</strong></span> <span class='ocrx_word' id='word_1_597' title='bbox 1577 4074 1821 4128; x_wconf 75' lang='lat' dir='ltr'><strong>examine</strong></span> <span class='ocrx_word' id='word_1_598' title='bbox 1864 4079 2180 4144; x_wconf 61' lang='lat' dir='ltr'><strong>prtetermito</strong></span> 
     </span>
    </p>
   </div>
   <div class='ocr_carea' id='block_1_76' title="bbox 641 4150 2177 4237">
    <p class='ocr_par' dir='ltr' id='par_1_76' title="bbox 641 4150 2177 4237">
     <span class='ocr_line' id='line_1_76' title="bbox 641 4150 2177 4237; baseline 0.013 -35"><span class='ocrx_word' id='word_1_599' title='bbox 641 4150 881 4205; x_wconf 87' lang='lat' dir='ltr'><strong>tendum.</strong></span> <span class='ocrx_word' id='word_1_600' title='bbox 942 4152 1198 4210; x_wconf 61' lang='lat' dir='ltr'><strong>Nam-ex</strong></span> <span class='ocrx_word' id='word_1_601' title='bbox 1260 4158 1582 4217; x_wconf 86' lang='lat' dir='ltr'><strong>animalibus</strong></span> <span class='ocrx_word' id='word_1_602' title='bbox 1646 4165 1939 4219; x_wconf 87' lang='lat' dir='ltr'><strong>secundum</strong></span> <span class='ocrx_word' id='word_1_603' title='bbox 2012 4169 2177 4237; x_wconf 80' lang='lat' dir='ltr'><strong>legem</strong></span> 
     </span>
    </p>
   </div>
   <div class='ocr_carea' id='block_1_77' title="bbox 642 4238 2174 4321">
    <p class='ocr_par' dir='ltr' id='par_1_77' title="bbox 642 4238 2174 4321">
     <span class='ocr_line' id='line_1_77' title="bbox 642 4238 2174 4321; baseline 0.012 -29"><span class='ocrx_word' id='word_1_604' title='bbox 642 4238 840 4310; x_wconf 86' lang='lat' dir='ltr'><strong>Moysis</strong></span> <span class='ocrx_word' id='word_1_605' title='bbox 879 4243 1145 4299; x_wconf 87' lang='lat' dir='ltr'><strong>immolari</strong></span> <span class='ocrx_word' id='word_1_606' title='bbox 1201 4249 1394 4317; x_wconf 84' lang='lat' dir='ltr'><strong>jussis,</strong></span> <span class='ocrx_word' id='word_1_607' title='bbox 1453 4253 1556 4304; x_wconf 89' lang='lat' dir='ltr'><strong>alia</strong></span> <span class='ocrx_word' id='word_1_608' title='bbox 1599 4268 1662 4307; x_wconf 81' lang='lat' dir='ltr'><strong>ex</strong></span> <span class='ocrx_word' id='word_1_609' title='bbox 1717 4265 1961 4311; x_wconf 80' lang='lat' dir='ltr'><strong>armento</strong></span> <span class='ocrx_word' id='word_1_610' title='bbox 1994 4258 2174 4321; x_wconf 93' lang='lat' dir='ltr'><strong>boum,</strong></span> 
     </span>
    </p>
   </div>
   <div class='ocr_carea' id='block_1_78' title="bbox 644 4328 2177 4402">
    <p class='ocr_par' dir='ltr' id='par_1_78' title="bbox 644 4328 2177 4402">
     <span class='ocr_line' id='line_1_78' title="bbox 644 4328 2177 4402; baseline 0.014 -23"><span class='ocrx_word' id='word_1_611' title='bbox 644 4328 746 4381; x_wconf 87' lang='lat' dir='ltr'><strong>alia</strong></span> <span class='ocrx_word' id='word_1_612' title='bbox 779 4344 840 4383; x_wconf 79' lang='lat' dir='ltr'><strong>ex</strong></span> <span class='ocrx_word' id='word_1_613' title='bbox 882 4347 1039 4402; x_wconf 83' lang='lat' dir='ltr'><strong>grege</strong></span> <span class='ocrx_word' id='word_1_614' title='bbox 1062 4335 1237 4389; x_wconf 85' lang='lat' dir='ltr'><strong>ovium</strong></span> <span class='ocrx_word' id='word_1_615' title='bbox 1261 4338 1683 4400; x_wconf 87' lang='lat' dir='ltr'><strong>adducebantur,</strong></span> <span class='ocrx_word' id='word_1_616' title='bbox 1713 4342 1815 4394; x_wconf 88' lang='lat' dir='ltr'><strong>alia</strong></span> <span class='ocrx_word' id='word_1_617' title='bbox 1841 4359 1905 4396; x_wconf 73' lang='lat' dir='ltr'><strong>ex</strong></span> <span class='ocrx_word' id='word_1_618' title='bbox 1949 4346 2177 4400; x_wconf 88' lang='lat' dir='ltr'><strong>volatili-</strong></span> 
     </span>
    </p>
   </div>
   <div class='ocr_carea' id='block_1_79' title="bbox 642 4415 2176 4500">
    <p class='ocr_par' dir='ltr' id='par_1_79' title="bbox 642 4415 2176 4500">
     <span class='ocr_line' id='line_1_79' title="bbox 642 4415 2176 4500; baseline 0.012 -30"><span class='ocrx_word' id='word_1_619' title='bbox 642 4415 782 4483; x_wconf 84' lang='lat' dir='ltr'><strong>bus;</strong></span> <span class='ocrx_word' id='word_1_620' title='bbox 817 4432 1037 4486; x_wconf 87' lang='lat' dir='ltr'><strong>quorum</strong></span> <span class='ocrx_word' id='word_1_621' title='bbox 1070 4424 1171 4500; x_wconf 81' lang='lat' dir='ltr'><strong>alia</strong></span> <span class='ocrx_word' id='word_1_622' title='bbox 1204 4429 1445 4488; x_wconf 87' lang='lat' dir='ltr'><strong>masculi,</strong></span> <span class='ocrx_word' id='word_1_623' title='bbox 1476 4430 1579 4481; x_wconf 86' lang='lat' dir='ltr'><strong>alia</strong></span> <span class='ocrx_word' id='word_1_624' title='bbox 1614 4429 1822 4483; x_wconf 61' lang='lat' dir='ltr'><strong>femina:</strong></span> <span class='ocrx_word' id='word_1_625' title='bbox 1850 4440 2042 4498; x_wconf 87' lang='lat' dir='ltr'><strong>erant;</strong></span> <span class='ocrx_word' id='word_1_626' title='bbox 2075 4435 2176 4488; x_wconf 86' lang='lat' dir='ltr'><strong>alia</strong></span> 
     </span>
    </p>
   </div>
   <div class='ocr_carea' id='block_1_80' title="bbox 645 4514 2177 4587">
    <p class='ocr_par' dir='ltr' id='par_1_80' title="bbox 645 4514 2177 4587">
     <span class='ocr_line' id='line_1_80' title="bbox 645 4514 2177 4587; baseline 0.012 -26"><span class='ocrx_word' id='word_1_627' title='bbox 645 4516 939 4575; x_wconf 74' lang='lat' dir='ltr'><strong>spontanee</strong></span> <span class='ocrx_word' id='word_1_628' title='bbox 961 4527 1025 4564; x_wconf 79' lang='lat' dir='ltr'><strong>ex</strong></span> <span class='ocrx_word' id='word_1_629' title='bbox 1058 4514 1300 4577; x_wconf 88' lang='lat' dir='ltr'><strong>arbitrio,</strong></span> <span class='ocrx_word' id='word_1_630' title='bbox 1338 4517 1441 4571; x_wconf 89' lang='lat' dir='ltr'><strong>alia</strong></span> <span class='ocrx_word' id='word_1_631' title='bbox 1493 4535 1554 4572; x_wconf 81' lang='lat' dir='ltr'><strong>ex</strong></span> <span class='ocrx_word' id='word_1_632' title='bbox 1593 4521 1810 4587; x_wconf 77' lang='lat' dir='ltr'><strong>debito;</strong></span> <span class='ocrx_word' id='word_1_633' title='bbox 1840 4524 1941 4575; x_wconf 86' lang='lat' dir='ltr'><strong>alia</strong></span> <span class='ocrx_word' id='word_1_634' title='bbox 1970 4526 2177 4579; x_wconf 79' lang='lat' dir='ltr'><strong>sacrifi-</strong></span> 
     </span>
    </p>
   </div>
   <div class='ocr_carea' id='block_1_81' title="bbox 644 4599 2179 4681">
    <p class='ocr_par' dir='ltr' id='par_1_81' title="bbox 644 4599 2179 4681">
     <span class='ocr_line' id='line_1_81' title="bbox 644 4599 2179 4681; baseline 0.012 -30"><span class='ocrx_word' id='word_1_635' title='bbox 644 4600 787 4651; x_wconf 83' lang='lat' dir='ltr'><strong>cium</strong></span> <span class='ocrx_word' id='word_1_636' title='bbox 820 4599 1090 4663; x_wconf 87' lang='lat' dir='ltr'><strong>salutaris,</strong></span> <span class='ocrx_word' id='word_1_637' title='bbox 1126 4606 1227 4657; x_wconf 88' lang='lat' dir='ltr'><strong>alia</strong></span> <span class='ocrx_word' id='word_1_638' title='bbox 1278 4623 1371 4674; x_wconf 79' lang='lat' dir='ltr'><strong>pro</strong></span> <span class='ocrx_word' id='word_1_639' title='bbox 1419 4620 1637 4676; x_wconf 77' lang='lat' dir='ltr'><strong>peccato</strong></span> <span class='ocrx_word' id='word_1_640' title='bbox 1695 4615 2179 4681; x_wconf 87' lang='lat' dir='ltr'><strong>vocabantur;alia</strong></span> 
     </span>
    </p>
   </div>
   <div class='ocr_carea' id='block_1_82' title="bbox 654 4696 2177 4774">
    <p class='ocr_par' dir='ltr' id='par_1_82' title="bbox 654 4696 2177 4774">
     <span class='ocr_line' id='line_1_82' title="bbox 654 4696 2177 4774; baseline 0.012 -34"><span class='ocrx_word' id='word_1_641' title='bbox 654 4704 748 4757; x_wconf 87' lang='lat' dir='ltr'><strong>pro</strong></span> <span class='ocrx_word' id='word_1_642' title='bbox 777 4704 986 4744; x_wconf 85' lang='lat' dir='ltr'><strong>summo</strong></span> <span class='ocrx_word' id='word_1_643' title='bbox 1030 4696 1325 4758; x_wconf 85' lang='lat' dir='ltr'><strong>sacerdote,</strong></span> <span class='ocrx_word' id='word_1_644' title='bbox 1359 4699 1461 4750; x_wconf 90' lang='lat' dir='ltr'><strong>alia</strong></span> <span class='ocrx_word' id='word_1_645' title='bbox 1516 4716 1611 4768; x_wconf 92' lang='lat' dir='ltr'><strong>pro</strong></span> <span class='ocrx_word' id='word_1_646' title='bbox 1666 4704 1916 4760; x_wconf 83' lang='lat' dir='ltr'><strong>universo</strong></span> <span class='ocrx_word' id='word_1_647' title='bbox 1961 4707 2177 4774; x_wconf 84' lang='lat' dir='ltr'><strong>populo,</strong></span> 
     </span>
    </p>
   </div>
   <div class='ocr_carea' id='block_1_83' title="bbox 660 4779 2178 4859">
    <p class='ocr_par' dir='ltr' id='par_1_83' title="bbox 660 4779 2178 4859">
     <span class='ocr_line' id='line_1_83' title="bbox 660 4779 2178 4859; baseline 0.011 -28"><span class='ocrx_word' id='word_1_648' title='bbox 660 4779 749 4831; x_wconf 79' lang='lat' dir='ltr'><strong>ilia</strong></span> <span class='ocrx_word' id='word_1_649' title='bbox 768 4792 864 4846; x_wconf 91' lang='lat' dir='ltr'><strong>pro</strong></span> <span class='ocrx_word' id='word_1_650' title='bbox 884 4781 1122 4849; x_wconf 75' lang='lat' dir='ltr'><strong>principe</strong></span> <span class='ocrx_word' id='word_1_651' title='bbox 1155 4796 1406 4851; x_wconf 86' lang='lat' dir='ltr'><strong>peccante</strong></span> <span class='ocrx_word' id='word_1_652' title='bbox 1458 4788 1835 4859; x_wconf 69' lang='lat' dir='ltr'><strong>oderehantur.</strong></span> <span class='ocrx_word' id='word_1_653' title='bbox 1874 4794 2007 4849; x_wconf 89' lang='lat' dir='ltr'><strong>Cum</strong></span> <span class='ocrx_word' id='word_1_654' title='bbox 2062 4811 2178 4848; x_wconf 80' lang='lat' dir='ltr'><strong>nta-</strong></span> 
     </span>
    </p>
   </div>
   <div class='ocr_carea' id='block_1_84' title="bbox 654 4869 2181 4954">
    <p class='ocr_par' dir='ltr' id='par_1_84' title="bbox 654 4869 2181 4954">
     <span class='ocr_line' id='line_1_84' title="bbox 654 4869 2181 4954; baseline 0.014 -35"><span class='ocrx_word' id='word_1_655' title='bbox 654 4884 808 4935; x_wconf 72' lang='lat' dir='ltr'><strong>gnum</strong></span> <span class='ocrx_word' id='word_1_656' title='bbox 839 4869 1017 4937; x_wconf 88' lang='lat' dir='ltr'><strong>itaque</strong></span> <span class='ocrx_word' id='word_1_657' title='bbox 1050 4874 1102 4927; x_wconf 91' lang='lat' dir='ltr'><strong>in</strong></span> <span class='ocrx_word' id='word_1_658' title='bbox 1133 4875 1215 4929; x_wconf 89' lang='lat' dir='ltr'><strong>his</strong></span> <span class='ocrx_word' id='word_1_659' title='bbox 1239 4877 1524 4932; x_wconf 81' lang='lat' dir='ltr'><strong>discrimen</strong></span> <span class='ocrx_word' id='word_1_660' title='bbox 1554 4891 1725 4943; x_wconf 90' lang='lat' dir='ltr'><strong>esset,</strong></span> <span class='ocrx_word' id='word_1_661' title='bbox 1776 4899 2052 4954; x_wconf 90' lang='lat' dir='ltr'><strong>nunquam</strong></span> <span class='ocrx_word' id='word_1_662' title='bbox 2098 4893 2181 4939; x_wconf 64' lang='lat' dir='ltr'><strong>tau</strong></span> 
     </span>
    </p>
   </div>
   <div class='ocr_carea' id='block_1_85' title="bbox 651 4959 2179 5043">
    <p class='ocr_par' dir='ltr' id='par_1_85' title="bbox 651 4959 2179 5043">
     <span class='ocr_line' id='line_1_85' title="bbox 651 4959 2179 5043; baseline 0.015 -37"><span class='ocrx_word' id='word_1_663' title='bbox 651 4972 769 5012; x_wconf 86' lang='lat' dir='ltr'><strong>men</strong></span> <span class='ocrx_word' id='word_1_664' title='bbox 802 4973 897 5028; x_wconf 90' lang='lat' dir='ltr'><strong>pro</strong></span> <span class='ocrx_word' id='word_1_665' title='bbox 922 4959 1159 5028; x_wconf 87' lang='lat' dir='ltr'><strong>principe</strong></span> <span class='ocrx_word' id='word_1_666' title='bbox 1178 4966 1413 5032; x_wconf 89' lang='lat' dir='ltr'><strong>quolibet</strong></span> <span class='ocrx_word' id='word_1_667' title='bbox 1446 4969 1524 5020; x_wconf 87' lang='lat' dir='ltr'><strong>vel</strong></span> <span class='ocrx_word' id='word_1_668' title='bbox 1559 4983 1654 5036; x_wconf 89' lang='lat' dir='ltr'><strong>pro</strong></span> <span class='ocrx_word' id='word_1_669' title='bbox 1684 4973 1931 5039; x_wconf 87' lang='lat' dir='ltr'><strong>quopiam</strong></span> <span class='ocrx_word' id='word_1_670' title='bbox 1972 4976 2179 5043; x_wconf 88' lang='lat' dir='ltr'><strong>privato</strong></span> 
     </span>
    </p>
   </div>
   <div class='ocr_carea' id='block_1_86' title="bbox 660 5046 2177 5134">
    <p class='ocr_par' dir='ltr' id='par_1_86' title="bbox 660 5046 2177 5134">
     <span class='ocr_line' id='line_1_86' title="bbox 660 5046 2177 5134; baseline 0.013 -35"><span class='ocrx_word' id='word_1_671' title='bbox 660 5046 848 5104; x_wconf 58' lang='lat' dir='ltr'><strong>vitulus</strong></span> <span class='ocrx_word' id='word_1_672' title='bbox 906 5050 1242 5107; x_wconf 75' lang='lat' dir='ltr'><strong>oﬁ&#39;erebatur.</strong></span> <span class='ocrx_word' id='word_1_673' title='bbox 1297 5056 1508 5113; x_wconf 78' lang='lat' dir='ltr'><strong>Vitulns</strong></span> <span class='ocrx_word' id='word_1_674' title='bbox 1573 5064 1841 5116; x_wconf 86' lang='lat' dir='ltr'><strong>masculus</strong></span> <span class='ocrx_word' id='word_1_675' title='bbox 1891 5066 2177 5134; x_wconf 88' lang='lat' dir='ltr'><strong>aliquando</strong></span> 
     </span>
    </p>
   </div>
   <div class='ocr_carea' id='block_1_87' title="bbox 649 5141 2175 5226">
    <p class='ocr_par' dir='ltr' id='par_1_87' title="bbox 649 5141 2175 5226">
     <span class='ocr_line' id='line_1_87' title="bbox 649 5141 2175 5226; baseline 0.012 -36"><span class='ocrx_word' id='word_1_676' title='bbox 649 5141 1056 5210; x_wconf 78' lang='lat' dir='ltr'><strong>immolabatur;</strong></span> <span class='ocrx_word' id='word_1_677' title='bbox 1095 5146 1381 5213; x_wconf 83' lang='lat' dir='ltr'><strong>aliquando</strong></span> <span class='ocrx_word' id='word_1_678' title='bbox 1411 5165 1555 5213; x_wconf 83' lang='lat' dir='ltr'><strong>vero,</strong></span> <span class='ocrx_word' id='word_1_679' title='bbox 1587 5167 1705 5203; x_wconf 89' lang='lat' dir='ltr'><strong>eum</strong></span> <span class='ocrx_word' id='word_1_680' title='bbox 1756 5160 1863 5207; x_wconf 84' lang='lat' dir='ltr'><strong>tota</strong></span> <span class='ocrx_word' id='word_1_681' title='bbox 1910 5170 2175 5226; x_wconf 79' lang='lat' dir='ltr'><strong>synagoga</strong></span> 
     </span>
    </p>
   </div>
   <div class='ocr_carea' id='block_1_88' title="bbox 643 5229 2177 5312">
    <p class='ocr_par' dir='ltr' id='par_1_88' title="bbox 643 5229 2177 5312">
     <span class='ocr_line' id='line_1_88' title="bbox 643 5229 2177 5312; baseline 0.012 -30"><span class='ocrx_word' id='word_1_682' title='bbox 643 5229 699 5283; x_wconf 88' lang='lat' dir='ltr'><strong>in</strong></span> <span class='ocrx_word' id='word_1_683' title='bbox 729 5240 1003 5297; x_wconf 81' lang='lat' dir='ltr'><strong>precatum</strong></span> <span class='ocrx_word' id='word_1_684' title='bbox 1058 5236 1207 5304; x_wconf 80' lang='lat' dir='ltr'><strong>lapsa</strong></span> <span class='ocrx_word' id='word_1_685' title='bbox 1262 5245 1422 5301; x_wconf 84' lang='lat' dir='ltr'><strong>esset,</strong></span> <span class='ocrx_word' id='word_1_686' title='bbox 1486 5242 1755 5308; x_wconf 77' lang='lat' dir='ltr'><strong>sacerdos,</strong></span> <span class='ocrx_word' id='word_1_687' title='bbox 1805 5246 1895 5312; x_wconf 78' lang='lat' dir='ltr'><strong>qui</strong></span> <span class='ocrx_word' id='word_1_688' title='bbox 1945 5248 2177 5301; x_wconf 88' lang='lat' dir='ltr'><strong>universi</strong></span> 
     </span>
    </p>
   </div>
   <div class='ocr_carea' id='block_1_89' title="bbox 644 5322 2175 5396">
    <p class='ocr_par' dir='ltr' id='par_1_89' title="bbox 644 5322 2175 5396">
     <span class='ocr_line' id='line_1_89' title="bbox 644 5322 2175 5396; baseline 0.015 -28"><span class='ocrx_word' id='word_1_689' title='bbox 644 5322 825 5388; x_wconf 76' lang='lat' dir='ltr'><strong>poauli</strong></span> <span class='ocrx_word' id='word_1_690' title='bbox 866 5336 960 5376; x_wconf 89' lang='lat' dir='ltr'><strong>seu</strong></span> <span class='ocrx_word' id='word_1_691' title='bbox 990 5335 1149 5392; x_wconf 87' lang='lat' dir='ltr'><strong>caput</strong></span> <span class='ocrx_word' id='word_1_692' title='bbox 1176 5337 1307 5390; x_wconf 87' lang='lat' dir='ltr'><strong>erat,</strong></span> <span class='ocrx_word' id='word_1_693' title='bbox 1356 5336 1412 5379; x_wconf 91' lang='lat' dir='ltr'><strong>ut</strong></span> <span class='ocrx_word' id='word_1_694' title='bbox 1455 5334 1656 5396; x_wconf 79' lang='lat' dir='ltr'><strong>peccati</strong></span> <span class='ocrx_word' id='word_1_695' title='bbox 1687 5349 1909 5389; x_wconf 86' lang='lat' dir='ltr'><strong>consors</strong></span> <span class='ocrx_word' id='word_1_696' title='bbox 1952 5339 2175 5391; x_wconf 86' lang='lat' dir='ltr'><strong>vitulum</strong></span> 
     </span>
    </p>
   </div>
   <div class='ocr_carea' id='block_1_90' title="bbox 646 5408 2175 5490">
    <p class='ocr_par' dir='ltr' id='par_1_90' title="bbox 646 5408 2175 5490">
     <span class='ocr_line' id='line_1_90' title="bbox 646 5408 2175 5490; baseline 0.013 -28"><span class='ocrx_word' id='word_1_697' title='bbox 646 5408 920 5467; x_wconf 63' lang='lat' dir='ltr'><strong>offerebat.</strong></span> <span class='ocrx_word' id='word_1_698' title='bbox 952 5411 1074 5467; x_wconf 63' lang='lat' dir='ltr'><strong>Haec</strong></span> <span class='ocrx_word' id='word_1_699' title='bbox 1114 5433 1272 5484; x_wconf 88' lang='lat' dir='ltr'><strong>porro</strong></span> <span class='ocrx_word' id='word_1_700' title='bbox 1322 5419 1373 5471; x_wconf 91' lang='lat' dir='ltr'><strong>in</strong></span> <span class='ocrx_word' id='word_1_701' title='bbox 1418 5417 1651 5472; x_wconf 78' lang='lat' dir='ltr'><strong>Levitieo</strong></span> <span class='ocrx_word' id='word_1_702' title='bbox 1701 5422 2085 5490; x_wconf 82' lang='lat' dir='ltr'><strong>deprehendas,</strong></span> <span class='ocrx_word' id='word_1_703' title='bbox 2123 5428 2175 5482; x_wconf 93' lang='lat' dir='ltr'><strong>in</strong></span> 
     </span>
    </p>
   </div>
   <div class='ocr_carea' id='block_1_91' title="bbox 647 5503 2170 5585">
    <p class='ocr_par' dir='ltr' id='par_1_91' title="bbox 647 5503 2170 5585">
     <span class='ocr_line' id='line_1_91' title="bbox 647 5503 2170 5585; baseline 0.011 -30"><span class='ocrx_word' id='word_1_704' title='bbox 647 5516 753 5570; x_wconf 83' lang='lat' dir='ltr'><strong>quo</strong></span> <span class='ocrx_word' id='word_1_705' title='bbox 777 5503 1062 5558; x_wconf 85' lang='lat' dir='ltr'><strong>scribitur:</strong></span> <span class='ocrx_word' id='word_1_706' title='bbox 1100 5525 1118 5555; x_wconf 85' lang='grc'><strong>‹</strong></span> <span class='ocrx_word' id='word_1_707' title='bbox 1154 5505 1219 5559; x_wconf 85' lang='grc' dir='ltr'>Ει</span> <span class='ocrx_word' id='word_1_708' title='bbox 1239 5509 1445 5565; x_wconf 90' lang='lat' dir='ltr'><strong>locutus</strong></span> <span class='ocrx_word' id='word_1_709' title='bbox 1472 5520 1552 5563; x_wconf 90' lang='lat' dir='ltr'><strong>est</strong></span> <span class='ocrx_word' id='word_1_710' title='bbox 1568 5509 1821 5566; x_wconf 85' lang='lat' dir='ltr'><strong>Dominus</strong></span> <span class='ocrx_word' id='word_1_711' title='bbox 1841 5515 1903 5567; x_wconf 89' lang='lat' dir='ltr'><strong>ad</strong></span> <span class='ocrx_word' id='word_1_712' title='bbox 1935 5515 2170 5585; x_wconf 73' lang='lat' dir='ltr'><strong>bloyscm</strong></span> 
     </span>
    </p>
   </div>
   <div class='ocr_carea' id='block_1_92' title="bbox 724 5686 1828 5761">
    <p class='ocr_par' dir='ltr' id='par_1_92' title="bbox 724 5686 1828 5761">
     <span class='ocr_line' id='line_1_92' title="bbox 724 5686 1828 5761; baseline 0.008 -21"><span class='ocrx_word' id='word_1_713' title='bbox 724 5688 765 5718; x_wconf 79' lang='grc'><strong>⁴²</strong></span> <span class='ocrx_word' id='word_1_714' title='bbox 808 5686 989 5741; x_wconf 75' lang='lat' dir='ltr'><strong>Matth.</strong></span> <span class='ocrx_word' id='word_1_715' title='bbox 1033 5702 1161 5753; x_wconf 76' lang='lat' dir='ltr'><strong>xvtt,</strong></span> <span class='ocrx_word' id='word_1_716' title='bbox 1209 5690 1287 5744; x_wconf 90' lang='lat' dir='ltr'><strong>l6.</strong></span> <span class='ocrx_word' id='word_1_717' title='bbox 1363 5692 1405 5722; x_wconf 80' lang='grc'><strong>³⁸</strong></span> <span class='ocrx_word' id='word_1_718' title='bbox 1446 5692 1583 5747; x_wconf 78' lang='lat' dir='ltr'><strong>Psal.</strong></span> <span class='ocrx_word' id='word_1_719' title='bbox 1631 5712 1738 5761; x_wconf 70' lang='lat' dir='ltr'><strong>xvi,</strong></span> <span class='ocrx_word' id='word_1_720' title='bbox 1784 5698 1828 5749; x_wconf 87' lang='lat' dir='ltr'><strong>l.</strong></span> 
     </span>
    </p>
   </div>
   <div class='ocr_carea' id='block_1_93' title="bbox 2287 3258 3798 3329">
    <p class='ocr_par' dir='ltr' id='par_1_93' title="bbox 2287 3258 3798 3329">
     <span class='ocr_line' id='line_1_93' title="bbox 2287 3258 3798 3329; baseline -0.001 -17"><span class='ocrx_word' id='word_1_721' title='bbox 2287 3259 2527 3329; x_wconf 87' lang='grc' dir='ltr'>ματικῶν</span> <span class='ocrx_word' id='word_1_722' title='bbox 2546 3258 2763 3323; x_wconf 81' lang='grc' dir='ltr'>θυσιῶν,</span> <span class='ocrx_word' id='word_1_723' title='bbox 2782 3258 2888 3311; x_wconf 88' lang='grc' dir='ltr'><strong>τῶν</strong></span> <span class='ocrx_word' id='word_1_724' title='bbox 2910 3259 3049 3311; x_wconf 82' lang='grc' dir='ltr'><strong>κατά</strong></span> <span class='ocrx_word' id='word_1_725' title='bbox 3076 3259 3163 3312; x_wconf 83' lang='grc' dir='ltr'><strong>τὸν</strong></span> <span class='ocrx_word' id='word_1_726' title='bbox 3180 3260 3449 3322; x_wconf 79' lang='grc' dir='ltr'>Μωῦσέως</span> <span class='ocrx_word' id='word_1_727' title='bbox 3474 3260 3632 3329; x_wconf 86' lang='grc' dir='ltr'>νόμον</span> <span class='ocrx_word' id='word_1_728' title='bbox 3660 3260 3798 3313; x_wconf 56' lang='lat' dir='ltr'><strong>nam</strong></span> 
     </span>
    </p>
   </div>
   <div class='ocr_carea' id='block_1_94' title="bbox 2282 3348 3799 3421">
    <p class='ocr_par' dir='ltr' id='par_1_94' title="bbox 2282 3348 3799 3421">
     <span class='ocr_line' id='line_1_94' title="bbox 2282 3348 3799 3421; baseline 0 -18"><span class='ocrx_word' id='word_1_729' title='bbox 2282 3349 2717 3421; x_wconf 75' lang='grc' dir='ltr'>προσαγομένων.</span> <span class='ocrx_word' id='word_1_730' title='bbox 2762 3348 2851 3401; x_wconf 79' lang='grc' dir='ltr'>Διὸ</span> <span class='ocrx_word' id='word_1_731' title='bbox 2875 3349 3129 3417; x_wconf 75' lang='grc' dir='ltr'>ἐπιλέγει·</span> <span class='ocrx_word' id='word_1_732' title='bbox 3165 3370 3182 3401; x_wconf 84' lang='lat' dir='ltr'><strong>t</strong></span> <span class='ocrx_word' id='word_1_733' title='bbox 3208 3351 3316 3403; x_wconf 79' lang='grc' dir='ltr'>Καὶ</span> <span class='ocrx_word' id='word_1_734' title='bbox 3348 3351 3531 3421; x_wconf 85' lang='grc' dir='ltr'>ἀρέσει</span> <span class='ocrx_word' id='word_1_735' title='bbox 3552 3351 3627 3421; x_wconf 85' lang='grc' dir='ltr'>τῷ</span> <span class='ocrx_word' id='word_1_736' title='bbox 3640 3351 3799 3420; x_wconf 74' lang='grc' dir='ltr'>Κυρίῳ</span> 
     </span>
    </p>
   </div>
   <div class='ocr_carea' id='block_1_95' title="bbox 2281 3436 3791 3510">
    <p class='ocr_par' dir='ltr' id='par_1_95' title="bbox 2281 3436 3791 3510">
     <span class='ocr_line' id='line_1_95' title="bbox 2281 3436 3791 3510; baseline -0.001 -20"><span class='ocrx_word' id='word_1_737' title='bbox 2281 3438 2414 3510; x_wconf 71' lang='grc' dir='ltr'>ὑπὲρ</span> <span class='ocrx_word' id='word_1_738' title='bbox 2453 3438 2646 3507; x_wconf 79' lang='grc' dir='ltr'>μόσχον</span> <span class='ocrx_word' id='word_1_739' title='bbox 2680 3436 2817 3502; x_wconf 84' lang='grc' dir='ltr'>νέον,</span> <span class='ocrx_word' id='word_1_740' title='bbox 2873 3438 3073 3508; x_wconf 81' lang='grc' dir='ltr'>κέρατα</span> <span class='ocrx_word' id='word_1_741' title='bbox 3103 3438 3395 3509; x_wconf 79' lang='grc' dir='ltr'>ἐκφέροντα</span> <span class='ocrx_word' id='word_1_742' title='bbox 3444 3441 3537 3491; x_wconf 70' lang='grc' dir='ltr'>καὶ</span> <span class='ocrx_word' id='word_1_743' title='bbox 3567 3440 3743 3502; x_wconf 75' lang='grc' dir='ltr'>ὁπλάς.</span> <span class='ocrx_word' id='word_1_744' title='bbox 3778 3459 3791 3489; x_wconf 75' lang='grc' dir='ltr'><strong>ι</strong></span> 
     </span>
    </p>
   </div>
   <div class='ocr_carea' id='block_1_96' title="bbox 2280 3527 3795 3599">
    <p class='ocr_par' dir='ltr' id='par_1_96' title="bbox 2280 3527 3795 3599">
     <span class='ocr_line' id='line_1_96' title="bbox 2280 3527 3795 3599; baseline 0 -18"><span class='ocrx_word' id='word_1_745' title='bbox 2280 3529 2343 3581; x_wconf 75' lang='lat' dir='ltr'><strong>Ei</strong></span> <span class='ocrx_word' id='word_1_746' title='bbox 2374 3528 2480 3599; x_wconf 72' lang='grc' dir='ltr'>γὰρ</span> <span class='ocrx_word' id='word_1_747' title='bbox 2512 3529 2603 3581; x_wconf 77' lang='grc' dir='ltr'><strong>ἐπὶ</strong></span> <span class='ocrx_word' id='word_1_748' title='bbox 2655 3527 2860 3592; x_wconf 81' lang='grc' dir='ltr'>τούτοις</span> <span class='ocrx_word' id='word_1_749' title='bbox 2924 3528 3269 3599; x_wconf 86' lang='grc' dir='ltr'>σεμνύνονται</span> <span class='ocrx_word' id='word_1_750' title='bbox 3313 3530 3573 3582; x_wconf 73' lang='grc' dir='ltr'>Ἰουδαίων</span> <span class='ocrx_word' id='word_1_751' title='bbox 3619 3530 3795 3591; x_wconf 78' lang='grc' dir='ltr'>παῖδες,</span> 
     </span>
    </p>
   </div>
   <div class='ocr_carea' id='block_1_97' title="bbox 2282 3618 3797 3691">
    <p class='ocr_par' dir='ltr' id='par_1_97' title="bbox 2282 3618 3797 3691">
     <span class='ocr_line' id='line_1_97' title="bbox 2282 3618 3797 3691; baseline 0.002 -22"><span class='ocrx_word' id='word_1_752' title='bbox 2282 3620 2532 3681; x_wconf 74' lang='grc' dir='ltr'>ἴστωσαν,</span> <span class='ocrx_word' id='word_1_753' title='bbox 2563 3619 2642 3670; x_wconf 80' lang='grc' dir='ltr'><strong>ὅτι</strong></span> <span class='ocrx_word' id='word_1_754' title='bbox 2668 3618 2798 3671; x_wconf 78' lang='grc' dir='ltr'>πολὺ</span> <span class='ocrx_word' id='word_1_755' title='bbox 2837 3618 3052 3687; x_wconf 87' lang='grc' dir='ltr'>βελτίων</span> <span class='ocrx_word' id='word_1_756' title='bbox 3084 3619 3175 3670; x_wconf 74' lang='grc' dir='ltr'><strong>καὶ</strong></span> <span class='ocrx_word' id='word_1_757' title='bbox 3203 3618 3280 3687; x_wconf 80' lang='grc' dir='ltr'><strong>τῷ</strong></span> <span class='ocrx_word' id='word_1_758' title='bbox 3324 3618 3440 3689; x_wconf 80' lang='grc' dir='ltr'><strong>Θεῷ</strong></span> <span class='ocrx_word' id='word_1_759' title='bbox 3464 3619 3797 3691; x_wconf 80' lang='grc' dir='ltr'>προτιμοτέρα</span> 
     </span>
    </p>
   </div>
   <div class='ocr_carea' id='block_1_98' title="bbox 2278 3708 3797 3783">
    <p class='ocr_par' dir='ltr' id='par_1_98' title="bbox 2278 3708 3797 3783">
     <span class='ocr_line' id='line_1_98' title="bbox 2278 3708 3797 3783; baseline 0.003 -23"><span class='ocrx_word' id='word_1_760' title='bbox 2278 3711 2311 3778; x_wconf 79' lang='grc' dir='ltr'>ἡ</span> <span class='ocrx_word' id='word_1_761' title='bbox 2336 3708 2437 3778; x_wconf 83' lang='grc' dir='ltr'>ὲμὴ</span> <span class='ocrx_word' id='word_1_762' title='bbox 2465 3708 2777 3778; x_wconf 74' lang='grc' dir='ltr'>εὐχαριστία</span> <span class='ocrx_word' id='word_1_763' title='bbox 2812 3709 2903 3760; x_wconf 75' lang='grc' dir='ltr'><strong>καὶ</strong></span> <span class='ocrx_word' id='word_1_764' title='bbox 2944 3712 2978 3778; x_wconf 79' lang='grc' dir='ltr'>ἡ</span> <span class='ocrx_word' id='word_1_765' title='bbox 3008 3709 3111 3779; x_wconf 73' lang='grc' dir='ltr'><strong>ἐμὴ</strong></span> <span class='ocrx_word' id='word_1_766' title='bbox 3135 3710 3337 3773; x_wconf 81' lang='grc' dir='ltr'>αῖνεσις</span> <span class='ocrx_word' id='word_1_767' title='bbox 3377 3711 3484 3764; x_wconf 86' lang='grc' dir='ltr'><strong>τῶν</strong></span> <span class='ocrx_word' id='word_1_768' title='bbox 3510 3712 3797 3783; x_wconf 81' lang='grc' dir='ltr'>προλεχθέν-</span> 
     </span>
    </p>
   </div>
   <div class='ocr_carea' id='block_1_99' title="bbox 2278 3797 3793 3874">
    <p class='ocr_par' dir='ltr' id='par_1_99' title="bbox 2278 3797 3793 3874">
     <span class='ocr_line' id='line_1_99' title="bbox 2278 3797 3793 3874; baseline 0.005 -24"><span class='ocrx_word' id='word_1_769' title='bbox 2278 3797 2523 3855; x_wconf 71' lang='grc' dir='ltr'>των.ῖΔιὺ</span> <span class='ocrx_word' id='word_1_770' title='bbox 2549 3799 2686 3852; x_wconf 86' lang='grc' dir='ltr'><strong>κατά</strong></span> <span class='ocrx_word' id='word_1_771' title='bbox 2725 3799 2814 3852; x_wconf 90' lang='grc' dir='ltr'><strong>τὸν</strong></span> <span class='ocrx_word' id='word_1_772' title='bbox 2855 3798 3142 3870; x_wconf 87' lang='grc' dir='ltr'>Σύμμαχον</span> <span class='ocrx_word' id='word_1_773' title='bbox 3176 3801 3404 3873; x_wconf 74' lang='grc' dir='ltr'>εἴρηταιο</span> <span class='ocrx_word' id='word_1_774' title='bbox 3445 3822 3464 3853; x_wconf 76' lang='grc' dir='ltr'><strong>ι</strong></span> <span class='ocrx_word' id='word_1_775' title='bbox 3497 3805 3604 3857; x_wconf 71' lang='grc' dir='ltr'><strong>Καὶ</strong></span> <span class='ocrx_word' id='word_1_776' title='bbox 3638 3803 3793 3874; x_wconf 82' lang='grc' dir='ltr'>ἀρέσει</span> 
     </span>
    </p>
   </div>
   <div class='ocr_carea' id='block_1_100' title="bbox 2278 3888 3795 3965">
    <p class='ocr_par' dir='ltr' id='par_1_100' title="bbox 2278 3888 3795 3965">
     <span class='ocr_line' id='line_1_100' title="bbox 2278 3888 3795 3965; baseline 0.005 -24"><span class='ocrx_word' id='word_1_777' title='bbox 2278 3888 2353 3959; x_wconf 83' lang='grc' dir='ltr'><strong>τῷ</strong></span> <span class='ocrx_word' id='word_1_778' title='bbox 2382 3889 2567 3961; x_wconf 81' lang='grc' dir='ltr'>Κυρίῳ</span> <span class='ocrx_word' id='word_1_779' title='bbox 2620 3888 2877 3961; x_wconf 70' lang='grc' dir='ltr'>μᾶλλο·λῆ</span> <span class='ocrx_word' id='word_1_780' title='bbox 2932 3890 3054 3958; x_wconf 74' lang='grc' dir='ltr'>βοῦς</span> <span class='ocrx_word' id='word_1_781' title='bbox 3101 3890 3297 3960; x_wconf 84' lang='grc' dir='ltr'>ταῦρος</span> <span class='ocrx_word' id='word_1_782' title='bbox 3356 3892 3604 3962; x_wconf 85' lang='grc' dir='ltr'>διχηλῶν,</span> <span class='ocrx_word' id='word_1_783' title='bbox 3660 3897 3795 3965; x_wconf 80' lang='grc' dir='ltr'>κερά-</span> 
     </span>
    </p>
   </div>
   <div class='ocr_carea' id='block_1_101' title="bbox 2281 3981 3794 4056">
    <p class='ocr_par' dir='ltr' id='par_1_101' title="bbox 2281 3981 3794 4056">
     <span class='ocr_line' id='line_1_101' title="bbox 2281 3981 3794 4056; baseline 0.004 -23"><span class='ocrx_word' id='word_1_784' title='bbox 2281 3998 2459 4053; x_wconf 81' lang='grc' dir='ltr'>στης.»</span> <span class='ocrx_word' id='word_1_785' title='bbox 2495 3982 2591 4035; x_wconf 88' lang='grc' dir='ltr'>Διά</span> <span class='ocrx_word' id='word_1_786' title='bbox 2616 3984 2668 4035; x_wconf 88' lang='grc' dir='ltr'><strong>τί</strong></span> <span class='ocrx_word' id='word_1_787' title='bbox 2689 3983 2744 4035; x_wconf 81' lang='grc' dir='ltr'>δὲ</span> <span class='ocrx_word' id='word_1_788' title='bbox 2769 3981 2999 4035; x_wconf 75' lang='grc' dir='ltr'>ἐνταῦθα</span> <span class='ocrx_word' id='word_1_789' title='bbox 3024 3983 3219 4054; x_wconf 83' lang='grc' dir='ltr'>μόσχου</span> <span class='ocrx_word' id='word_1_790' title='bbox 3254 3984 3571 4053; x_wconf 81' lang='grc' dir='ltr'>μνημονεύει</span> <span class='ocrx_word' id='word_1_791' title='bbox 3600 3988 3688 4039; x_wconf 78' lang='grc' dir='ltr'><strong>καὶ</strong></span> <span class='ocrx_word' id='word_1_792' title='bbox 3714 3987 3794 4056; x_wconf 76' lang='grc' dir='ltr'>οὐχ</span> 
     </span>
    </p>
   </div>
   <div class='ocr_carea' id='block_1_102' title="bbox 2279 4075 3794 4148">
    <p class='ocr_par' dir='ltr' id='par_1_102' title="bbox 2279 4075 3794 4148">
     <span class='ocr_line' id='line_1_102' title="bbox 2279 4075 3794 4148; baseline 0.003 -21"><span class='ocrx_word' id='word_1_793' title='bbox 2279 4075 2459 4146; x_wconf 77' lang='grc' dir='ltr'>ἑτέρου</span> <span class='ocrx_word' id='word_1_794' title='bbox 2492 4077 2631 4140; x_wconf 74' lang='grc' dir='ltr'>τινος</span> <span class='ocrx_word' id='word_1_795' title='bbox 2661 4076 2768 4129; x_wconf 88' lang='grc' dir='ltr'><strong>τῶν</strong></span> <span class='ocrx_word' id='word_1_796' title='bbox 2800 4078 3193 4148; x_wconf 72' lang='grc' dir='ltr'>προσφέρεσθαι</span> <span class='ocrx_word' id='word_1_797' title='bbox 3218 4076 3480 4130; x_wconf 80' lang='grc' dir='ltr'>είωθὸτων</span> <span class='ocrx_word' id='word_1_798' title='bbox 3530 4080 3608 4141; x_wconf 89' lang='grc' dir='ltr'><strong>είς</strong></span> <span class='ocrx_word' id='word_1_799' title='bbox 3634 4078 3794 4131; x_wconf 81' lang='grc' dir='ltr'>θυσίαν</span> 
     </span>
    </p>
   </div>
   <div class='ocr_carea' id='block_1_103' title="bbox 2279 4163 3792 4236">
    <p class='ocr_par' dir='ltr' id='par_1_103' title="bbox 2279 4163 3792 4236">
     <span class='ocr_line' id='line_1_103' title="bbox 2279 4163 3792 4236; baseline -0.001 -20"><span class='ocrx_word' id='word_1_800' title='bbox 2279 4163 2448 4229; x_wconf 82' lang='grc' dir='ltr'>ζώων,</span> <span class='ocrx_word' id='word_1_801' title='bbox 2476 4166 2618 4230; x_wconf 81' lang='grc' dir='ltr'>ἄξιον</span> <span class='ocrx_word' id='word_1_802' title='bbox 2654 4167 2727 4235; x_wconf 74' lang='grc' dir='ltr'>μὴ</span> <span class='ocrx_word' id='word_1_803' title='bbox 2791 4166 3156 4229; x_wconf 85' lang='grc' dir='ltr'>ἀϐασανίστως</span> <span class='ocrx_word' id='word_1_804' title='bbox 3218 4166 3518 4236; x_wconf 84' lang='grc' dir='ltr'>παρελθεῖν.</span> <span class='ocrx_word' id='word_1_805' title='bbox 3556 4165 3671 4217; x_wconf 87' lang='grc' dir='ltr'>Τῶν</span> <span class='ocrx_word' id='word_1_806' title='bbox 3704 4164 3792 4233; x_wconf 71' lang='grc' dir='ltr'>γὰρ</span> 
     </span>
    </p>
   </div>
   <div class='ocr_carea' id='block_1_104' title="bbox 2278 4253 3791 4326">
    <p class='ocr_par' dir='ltr' id='par_1_104' title="bbox 2278 4253 3791 4326">
     <span class='ocr_line' id='line_1_104' title="bbox 2278 4253 3791 4326; baseline -0.003 -19"><span class='ocrx_word' id='word_1_807' title='bbox 2278 4255 2415 4307; x_wconf 81' lang='grc' dir='ltr'><strong>κατά</strong></span> <span class='ocrx_word' id='word_1_808' title='bbox 2459 4254 2546 4306; x_wconf 84' lang='grc' dir='ltr'><strong>τὸν</strong></span> <span class='ocrx_word' id='word_1_809' title='bbox 2589 4254 2858 4317; x_wconf 83' lang='grc' dir='ltr'>Μωῦσέως</span> <span class='ocrx_word' id='word_1_810' title='bbox 2881 4256 3039 4324; x_wconf 88' lang='grc' dir='ltr'>νόμον</span> <span class='ocrx_word' id='word_1_811' title='bbox 3084 4255 3300 4309; x_wconf 87' lang='grc' dir='ltr'>θύεσθαι</span> <span class='ocrx_word' id='word_1_812' title='bbox 3348 4253 3791 4326; x_wconf 82' lang='grc' dir='ltr'>προσταττομένων</span> 
     </span>
    </p>
   </div>
   <div class='ocr_carea' id='block_1_105' title="bbox 2279 4342 3791 4417">
    <p class='ocr_par' dir='ltr' id='par_1_105' title="bbox 2279 4342 3791 4417">
     <span class='ocr_line' id='line_1_105' title="bbox 2279 4342 3791 4417; baseline 0 -23"><span class='ocrx_word' id='word_1_813' title='bbox 2279 4343 2427 4409; x_wconf 75' lang='grc' dir='ltr'>ζώων</span> <span class='ocrx_word' id='word_1_814' title='bbox 2462 4344 2528 4396; x_wconf 79' lang='grc' dir='ltr'>τὰ</span> <span class='ocrx_word' id='word_1_815' title='bbox 2563 4344 2657 4413; x_wconf 84' lang='grc' dir='ltr'>μὲν</span> <span class='ocrx_word' id='word_1_816' title='bbox 2688 4343 2746 4407; x_wconf 80' lang='grc' dir='ltr'><strong>ἐξ</strong></span> <span class='ocrx_word' id='word_1_817' title='bbox 2791 4343 2989 4416; x_wconf 83' lang='grc' dir='ltr'>ἀγέλης</span> <span class='ocrx_word' id='word_1_818' title='bbox 3024 4346 3156 4415; x_wconf 87' lang='grc' dir='ltr'>βοῶν</span> <span class='ocrx_word' id='word_1_819' title='bbox 3213 4348 3531 4417; x_wconf 82' lang='grc' dir='ltr'>προσήγετο,</span> <span class='ocrx_word' id='word_1_820' title='bbox 3570 4344 3635 4396; x_wconf 87' lang='grc' dir='ltr'><strong>τά</strong></span> <span class='ocrx_word' id='word_1_821' title='bbox 3658 4342 3707 4395; x_wconf 80' lang='grc' dir='ltr'>δὲ</span> <span class='ocrx_word' id='word_1_822' title='bbox 3736 4346 3791 4400; x_wconf 77' lang='grc' dir='ltr'><strong>,ἑκ</strong></span> 
     </span>
    </p>
   </div>
   <div class='ocr_carea' id='block_1_106' title="bbox 2282 4434 3787 4505">
    <p class='ocr_par' dir='ltr' id='par_1_106' title="bbox 2282 4434 3787 4505">
     <span class='ocr_line' id='line_1_106' title="bbox 2282 4434 3787 4505; baseline 0.003 -18"><span class='ocrx_word' id='word_1_823' title='bbox 2282 4436 2579 4505; x_wconf 82' lang='grc' dir='ltr'>προϐάτων,</span> <span class='ocrx_word' id='word_1_824' title='bbox 2609 4434 2673 4487; x_wconf 73' lang='grc' dir='ltr'>τὰ</span> <span class='ocrx_word' id='word_1_825' title='bbox 2710 4435 2765 4486; x_wconf 80' lang='grc' dir='ltr'>δὲ</span> <span class='ocrx_word' id='word_1_826' title='bbox 2802 4435 2905 4488; x_wconf 84' lang='grc' dir='ltr'><strong>ἀπὸ</strong></span> <span class='ocrx_word' id='word_1_827' title='bbox 2942 4438 3216 4491; x_wconf 84' lang='grc' dir='ltr'>πετεινῶν·</span> <span class='ocrx_word' id='word_1_828' title='bbox 3254 4438 3346 4490; x_wconf 73' lang='grc' dir='ltr'>καὶ</span> <span class='ocrx_word' id='word_1_829' title='bbox 3366 4437 3433 4488; x_wconf 87' lang='grc' dir='ltr'><strong>τά</strong></span> <span class='ocrx_word' id='word_1_830' title='bbox 3471 4436 3566 4505; x_wconf 82' lang='grc' dir='ltr'>μὲν</span> <span class='ocrx_word' id='word_1_831' title='bbox 3596 4436 3787 4504; x_wconf 64' lang='grc' dir='ltr'>ἄρρενα,</span> 
     </span>
    </p>
   </div>
   <div class='ocr_carea' id='block_1_107' title="bbox 2281 4525 3785 4597">
    <p class='ocr_par' dir='ltr' id='par_1_107' title="bbox 2281 4525 3785 4597">
     <span class='ocr_line' id='line_1_107' title="bbox 2281 4525 3785 4597; baseline 0.003 -20"><span class='ocrx_word' id='word_1_832' title='bbox 2281 4526 2347 4577; x_wconf 71' lang='grc' dir='ltr'>τὰ</span> <span class='ocrx_word' id='word_1_833' title='bbox 2372 4527 2427 4579; x_wconf 81' lang='grc' dir='ltr'>δὲ</span> <span class='ocrx_word' id='word_1_834' title='bbox 2457 4526 2633 4597; x_wconf 72' lang='grc' dir='ltr'>θηλεασ</span> <span class='ocrx_word' id='word_1_835' title='bbox 2670 4528 2762 4579; x_wconf 74' lang='grc' dir='ltr'>καὶ</span> <span class='ocrx_word' id='word_1_836' title='bbox 2798 4525 2865 4578; x_wconf 83' lang='grc' dir='ltr'>τὰ</span> <span class='ocrx_word' id='word_1_837' title='bbox 2895 4527 2989 4596; x_wconf 81' lang='grc' dir='ltr'>μὲν</span> <span class='ocrx_word' id='word_1_838' title='bbox 3030 4527 3249 4580; x_wconf 80' lang='grc' dir='ltr'>ἑκούσια</span> <span class='ocrx_word' id='word_1_839' title='bbox 3276 4526 3438 4579; x_wconf 25' lang='grc' dir='ltr'>Ακατά</span> <span class='ocrx_word' id='word_1_840' title='bbox 3486 4525 3785 4596; x_wconf 80' lang='grc' dir='ltr'>προαίρεσιν.</span> 
     </span>
    </p>
   </div>
   <div class='ocr_carea' id='block_1_108' title="bbox 2282 4616 3787 4688">
    <p class='ocr_par' dir='ltr' id='par_1_108' title="bbox 2282 4616 3787 4688">
     <span class='ocr_line' id='line_1_108' title="bbox 2282 4616 3787 4688; baseline -0.001 -20"><span class='ocrx_word' id='word_1_841' title='bbox 2282 4616 2349 4668; x_wconf 71' lang='grc' dir='ltr'>τὰ</span> <span class='ocrx_word' id='word_1_842' title='bbox 2379 4617 2434 4669; x_wconf 84' lang='grc' dir='ltr'>δὲ</span> <span class='ocrx_word' id='word_1_843' title='bbox 2466 4618 2603 4670; x_wconf 82' lang='grc' dir='ltr'><strong>κατά</strong></span> <span class='ocrx_word' id='word_1_844' title='bbox 2634 4617 2999 4688; x_wconf 75' lang='grc' dir='ltr'>ὀφειλήν·,καὶ</span> <span class='ocrx_word' id='word_1_845' title='bbox 3052 4618 3120 4669; x_wconf 85' lang='grc' dir='ltr'><strong>τά</strong></span> <span class='ocrx_word' id='word_1_846' title='bbox 3168 4618 3265 4687; x_wconf 85' lang='grc' dir='ltr'>μὲν</span> <span class='ocrx_word' id='word_1_847' title='bbox 3314 4618 3617 4688; x_wconf 76' lang='grc' dir='ltr'>ὠνομάζετο</span> <span class='ocrx_word' id='word_1_848' title='bbox 3655 4616 3787 4668; x_wconf 84' lang='grc' dir='ltr'>θυσία</span> 
     </span>
    </p>
   </div>
   <div class='ocr_carea' id='block_1_109' title="bbox 2284 4709 3785 4781">
    <p class='ocr_par' dir='ltr' id='par_1_109' title="bbox 2284 4709 3785 4781">
     <span class='ocr_line' id='line_1_109' title="bbox 2284 4709 3785 4781; baseline 0.001 -21"><span class='ocrx_word' id='word_1_849' title='bbox 2284 4712 2564 4780; x_wconf 87' lang='grc' dir='ltr'>σωτηρίου,</span> <span class='ocrx_word' id='word_1_850' title='bbox 2589 4709 2656 4762; x_wconf 84' lang='grc' dir='ltr'><strong>τά</strong></span> <span class='ocrx_word' id='word_1_851' title='bbox 2682 4710 2738 4762; x_wconf 80' lang='grc' dir='ltr'>δὲ</span> <span class='ocrx_word' id='word_1_852' title='bbox 2776 4711 2910 4781; x_wconf 78' lang='grc' dir='ltr'>ὑπὲρ</span> <span class='ocrx_word' id='word_1_853' title='bbox 2964 4710 3251 4781; x_wconf 81' lang='grc' dir='ltr'><strong>ἁμαρτίας⁹</strong></span> <span class='ocrx_word' id='word_1_854' title='bbox 3299 4711 3392 4762; x_wconf 77' lang='grc' dir='ltr'><strong>καὶ</strong></span> <span class='ocrx_word' id='word_1_855' title='bbox 3435 4711 3502 4762; x_wconf 82' lang='grc' dir='ltr'>τὰ</span> <span class='ocrx_word' id='word_1_856' title='bbox 3558 4709 3650 4779; x_wconf 80' lang='grc' dir='ltr'><strong>μὲν</strong></span> <span class='ocrx_word' id='word_1_857' title='bbox 3676 4709 3785 4777; x_wconf 80' lang='grc' dir='ltr'>ὑπὲρ</span> 
     </span>
    </p>
   </div>
   <div class='ocr_carea' id='block_1_110' title="bbox 2282 4799 3784 4873">
    <p class='ocr_par' dir='ltr' id='par_1_110' title="bbox 2282 4799 3784 4873">
     <span class='ocr_line' id='line_1_110' title="bbox 2282 4799 3784 4873; baseline 0.001 -22"><span class='ocrx_word' id='word_1_858' title='bbox 2282 4799 2372 4851; x_wconf 82' lang='grc' dir='ltr'>τοῦ</span> <span class='ocrx_word' id='word_1_859' title='bbox 2407 4800 2696 4872; x_wconf 83' lang='grc' dir='ltr'>ἀρχιερέως</span> <span class='ocrx_word' id='word_1_860' title='bbox 2725 4802 3105 4873; x_wconf 81' lang='grc' dir='ltr'>προσεφέρετο,</span> <span class='ocrx_word' id='word_1_861' title='bbox 3153 4802 3220 4853; x_wconf 88' lang='grc' dir='ltr'><strong>τά</strong></span> <span class='ocrx_word' id='word_1_862' title='bbox 3250 4801 3305 4854; x_wconf 81' lang='grc' dir='ltr'><strong>δὲ</strong></span> <span class='ocrx_word' id='word_1_863' title='bbox 3343 4803 3480 4872; x_wconf 83' lang='grc' dir='ltr'>ὑπὲρ</span> <span class='ocrx_word' id='word_1_864' title='bbox 3509 4802 3692 4864; x_wconf 81' lang='grc' dir='ltr'>παντὸς</span> <span class='ocrx_word' id='word_1_865' title='bbox 3710 4799 3784 4853; x_wconf 77' lang='grc' dir='ltr'>τοῦ</span> 
     </span>
    </p>
   </div>
   <div class='ocr_carea' id='block_1_111' title="bbox 2282 4888 3784 4963">
    <p class='ocr_par' dir='ltr' id='par_1_111' title="bbox 2282 4888 3784 4963">
     <span class='ocr_line' id='line_1_111' title="bbox 2282 4888 3784 4963; baseline 0.001 -23"><span class='ocrx_word' id='word_1_866' title='bbox 2282 4888 2427 4951; x_wconf 88' lang='grc' dir='ltr'>λαοῦ,</span> <span class='ocrx_word' id='word_1_867' title='bbox 2458 4891 2524 4947; x_wconf 84' lang='grc' dir='ltr'>τὰ</span> <span class='ocrx_word' id='word_1_868' title='bbox 2551 4891 2606 4943; x_wconf 87' lang='grc' dir='ltr'>δὲ</span> <span class='ocrx_word' id='word_1_869' title='bbox 2635 4891 2771 4960; x_wconf 80' lang='grc' dir='ltr'>ὑπὲρ</span> <span class='ocrx_word' id='word_1_870' title='bbox 2796 4892 3049 4961; x_wconf 80' lang='grc' dir='ltr'>ἄρχοντος</span> <span class='ocrx_word' id='word_1_871' title='bbox 3085 4891 3473 4962; x_wconf 80' lang='grc' dir='ltr'>ἡμαρτηκότος.</span> <span class='ocrx_word' id='word_1_872' title='bbox 3524 4892 3715 4963; x_wconf 80' lang='grc' dir='ltr'>Πολλῆς</span> <span class='ocrx_word' id='word_1_873' title='bbox 3740 4892 3784 4942; x_wconf 79' lang='grc' dir='ltr'>δὲ</span> 
     </span>
    </p>
   </div>
   <div class='ocr_carea' id='block_1_112' title="bbox 2278 4982 3782 5055">
    <p class='ocr_par' dir='ltr' id='par_1_112' title="bbox 2278 4982 3782 5055">
     <span class='ocr_line' id='line_1_112' title="bbox 2278 4982 3782 5055; baseline 0 -22"><span class='ocrx_word' id='word_1_874' title='bbox 2278 4982 2439 5051; x_wconf 76' lang='grc' dir='ltr'>οῡσης</span> <span class='ocrx_word' id='word_1_875' title='bbox 2483 4987 2538 5035; x_wconf 84' lang='grc' dir='ltr'>ὲν</span> <span class='ocrx_word' id='word_1_876' title='bbox 2576 4983 2777 5044; x_wconf 82' lang='grc' dir='ltr'>τούτοις</span> <span class='ocrx_word' id='word_1_877' title='bbox 2827 4984 3100 5052; x_wconf 80' lang='grc' dir='ltr'>διαφορᾶς,</span> <span class='ocrx_word' id='word_1_878' title='bbox 3129 4983 3247 5035; x_wconf 71' lang='grc' dir='ltr'>οὐδὲ</span> <span class='ocrx_word' id='word_1_879' title='bbox 3285 4982 3495 5037; x_wconf 81' lang='grc' dir='ltr'>πώποτε</span> <span class='ocrx_word' id='word_1_880' title='bbox 3545 4986 3675 5055; x_wconf 82' lang='grc' dir='ltr'>ὑπὲρ</span> <span class='ocrx_word' id='word_1_881' title='bbox 3708 4982 3782 5033; x_wconf 71' lang='grc' dir='ltr'>τοῦ</span> 
     </span>
    </p>
   </div>
   <div class='ocr_carea' id='block_1_113' title="bbox 2280 5070 3783 5147">
    <p class='ocr_par' dir='ltr' id='par_1_113' title="bbox 2280 5070 3783 5147">
     <span class='ocr_line' id='line_1_113' title="bbox 2280 5070 3783 5147; baseline 0.006 -25"><span class='ocrx_word' id='word_1_882' title='bbox 2280 5073 2524 5139; x_wconf 80' lang='grc' dir='ltr'>τυχόντος</span> <span class='ocrx_word' id='word_1_883' title='bbox 2546 5074 2817 5142; x_wconf 81' lang='grc' dir='ltr'>ἄρχοντος,</span> <span class='ocrx_word' id='word_1_884' title='bbox 2851 5072 2954 5124; x_wconf 72' lang='grc' dir='ltr'>οὐδ’</span> <span class='ocrx_word' id='word_1_885' title='bbox 2986 5072 3121 5142; x_wconf 79' lang='grc' dir='ltr'>ὑπὲρ</span> <span class='ocrx_word' id='word_1_886' title='bbox 3157 5070 3357 5124; x_wconf 75' lang='grc' dir='ltr'>ἰδιώτου</span> <span class='ocrx_word' id='word_1_887' title='bbox 3414 5075 3596 5147; x_wconf 81' lang='grc' dir='ltr'>ἀνδρὸς</span> <span class='ocrx_word' id='word_1_888' title='bbox 3620 5076 3783 5145; x_wconf 60' lang='grc' dir='ltr'>μὴσχος</span> 
     </span>
    </p>
   </div>
   <div class='ocr_carea' id='block_1_114' title="bbox 2280 5162 3778 5234">
    <p class='ocr_par' dir='ltr' id='par_1_114' title="bbox 2280 5162 3778 5234">
     <span class='ocr_line' id='line_1_114' title="bbox 2280 5162 3778 5234; baseline 0.001 -21"><span class='ocrx_word' id='word_1_889' title='bbox 2280 5163 2581 5233; x_wconf 75' lang='grc' dir='ltr'>ἀνεφέρετο.</span> <span class='ocrx_word' id='word_1_890' title='bbox 2617 5163 2751 5214; x_wconf 77' lang='grc' dir='ltr'>Ποτὲ</span> <span class='ocrx_word' id='word_1_891' title='bbox 2778 5162 2831 5213; x_wconf 82' lang='grc' dir='ltr'>δὲ</span> <span class='ocrx_word' id='word_1_892' title='bbox 2860 5166 2886 5215; x_wconf 86' lang='grc' dir='ltr'><strong>ό</strong></span> <span class='ocrx_word' id='word_1_893' title='bbox 2916 5163 3107 5232; x_wconf 85' lang='grc' dir='ltr'>μόσχος</span> <span class='ocrx_word' id='word_1_894' title='bbox 3131 5165 3159 5214; x_wconf 90' lang='grc' dir='ltr'><em>ὀ</em></span> <span class='ocrx_word' id='word_1_895' title='bbox 3186 5162 3355 5234; x_wconf 73' lang='grc' dir='ltr'>ἄρρην</span> <span class='ocrx_word' id='word_1_896' title='bbox 3380 5166 3576 5230; x_wconf 79' lang='grc' dir='ltr'>ἐθύετο,</span> <span class='ocrx_word' id='word_1_897' title='bbox 3625 5165 3778 5219; x_wconf 75' lang='grc' dir='ltr'>ἄλλοτε</span> 
     </span>
    </p>
   </div>
   <div class='ocr_carea' id='block_1_115' title="bbox 2279 5246 3778 5323">
    <p class='ocr_par' dir='ltr' id='par_1_115' title="bbox 2279 5246 3778 5323">
     <span class='ocr_line' id='line_1_115' title="bbox 2279 5246 3778 5323; baseline 0.001 -19"><span class='ocrx_word' id='word_1_898' title='bbox 2279 5255 2473 5323; x_wconf 79' lang='grc' dir='ltr'>πᾶσαὴ</span> <span class='ocrx_word' id='word_1_899' title='bbox 2508 5252 2788 5323; x_wconf 81' lang='grc' dir='ltr'>συναγωγὴ</span> <span class='ocrx_word' id='word_1_900' title='bbox 2822 5251 3061 5322; x_wconf 74' lang='grc' dir='ltr'>ἁμαρτίᾳ</span> <span class='ocrx_word' id='word_1_901' title='bbox 3108 5255 3523 5322; x_wconf 84' lang='grc' dir='ltr'>περιπεπτώκει,</span> <span class='ocrx_word' id='word_1_902' title='bbox 3556 5256 3683 5322; x_wconf 82' lang='grc' dir='ltr'>ὑπὲρ</span> <span class='ocrx_word' id='word_1_903' title='bbox 3723 5246 3778 5320; x_wconf 85' lang='grc' dir='ltr'>ἦς</span> 
     </span>
    </p>
   </div>
   <div class='ocr_carea' id='block_1_116' title="bbox 2277 5340 3775 5417">
    <p class='ocr_par' dir='ltr' id='par_1_116' title="bbox 2277 5340 3775 5417">
     <span class='ocr_line' id='line_1_116' title="bbox 2277 5340 3775 5417; baseline 0.005 -23"><span class='ocrx_word' id='word_1_904' title='bbox 2277 5344 2365 5395; x_wconf 72' lang='grc' dir='ltr'><strong>καὶ</strong></span> <span class='ocrx_word' id='word_1_905' title='bbox 2399 5345 2553 5405; x_wconf 77' lang='grc' dir='ltr'>αὐτὸς</span> <span class='ocrx_word' id='word_1_906' title='bbox 2584 5346 2611 5395; x_wconf 87' lang='grc' dir='ltr'>ὁ</span> <span class='ocrx_word' id='word_1_907' title='bbox 2663 5345 2834 5413; x_wconf 79' lang='grc' dir='ltr'>ἱερεὺς</span> <span class='ocrx_word' id='word_1_908' title='bbox 2884 5346 3067 5414; x_wconf 79' lang='grc' dir='ltr'>ὥσπερ</span> <span class='ocrx_word' id='word_1_909' title='bbox 3126 5346 3329 5417; x_wconf 83' lang='grc' dir='ltr'>κεφαλὴ</span> <span class='ocrx_word' id='word_1_910' title='bbox 3375 5346 3448 5399; x_wconf 88' lang='grc' dir='ltr'><strong>ῶν</strong></span> <span class='ocrx_word' id='word_1_911' title='bbox 3494 5346 3580 5399; x_wconf 76' lang='grc' dir='ltr'><strong>τοῦ</strong></span> <span class='ocrx_word' id='word_1_912' title='bbox 3610 5340 3775 5401; x_wconf 57' lang='grc' dir='ltr'>παντὸς</span> 
     </span>
    </p>
   </div>
   <div class='ocr_carea' id='block_1_117' title="bbox 2275 5430 3771 5506">
    <p class='ocr_par' dir='ltr' id='par_1_117' title="bbox 2275 5430 3771 5506">
     <span class='ocr_line' id='line_1_117' title="bbox 2275 5430 3771 5506; baseline 0.003 -24"><span class='ocrx_word' id='word_1_913' title='bbox 2275 5430 2399 5484; x_wconf 73' lang='grc' dir='ltr'>λαοῦ</span> <span class='ocrx_word' id='word_1_914' title='bbox 2431 5434 2529 5500; x_wconf 71' lang='grc' dir='ltr'>τῆς</span> <span class='ocrx_word' id='word_1_915' title='bbox 2560 5434 2825 5505; x_wconf 81' lang='grc' dir='ltr'>ἁμαρτίας</span> <span class='ocrx_word' id='word_1_916' title='bbox 2874 5435 3120 5498; x_wconf 78' lang='grc' dir='ltr'>κοινωνὸς</span> <span class='ocrx_word' id='word_1_917' title='bbox 3173 5438 3262 5489; x_wconf 83' lang='grc' dir='ltr'>τὸν</span> <span class='ocrx_word' id='word_1_918' title='bbox 3304 5438 3493 5506; x_wconf 83' lang='grc' dir='ltr'>μόσχον</span> <span class='ocrx_word' id='word_1_919' title='bbox 3543 5434 3771 5505; x_wconf 80' lang='grc' dir='ltr'>προσῆγι.</span> 
     </span>
    </p>
   </div>
   <div class='ocr_carea' id='block_1_118' title="bbox 2277 5514 3770 5597">
    <p class='ocr_par' dir='ltr' id='par_1_118' title="bbox 2277 5514 3770 5597">
     <span class='ocr_line' id='line_1_118' title="bbox 2277 5514 3770 5597; baseline 0.004 -24"><span class='ocrx_word' id='word_1_920' title='bbox 2277 5522 2453 5575; x_wconf 72' lang='grc' dir='ltr'>Ταῦτα</span> <span class='ocrx_word' id='word_1_921' title='bbox 2477 5523 2532 5576; x_wconf 85' lang='grc' dir='ltr'>δὲ</span> <span class='ocrx_word' id='word_1_922' title='bbox 2578 5525 2635 5575; x_wconf 84' lang='grc' dir='ltr'><strong>ὲν</strong></span> <span class='ocrx_word' id='word_1_923' title='bbox 2664 5525 2925 5595; x_wconf 74' lang='grc' dir='ltr'>Λευιτικῷ</span> <span class='ocrx_word' id='word_1_924' title='bbox 2979 5525 3152 5596; x_wconf 77' lang='grc' dir='ltr'>εὕροις</span> <span class='ocrx_word' id='word_1_925' title='bbox 3209 5526 3273 5579; x_wconf 85' lang='grc' dir='ltr'>ἂν</span> <span class='ocrx_word' id='word_1_926' title='bbox 3300 5526 3607 5597; x_wconf 72' lang='grc' dir='ltr'>ἐπιστήσας,</span> <span class='ocrx_word' id='word_1_927' title='bbox 3661 5514 3770 5590; x_wconf 69' lang='grc' dir='ltr'><strong>ὲνῷ</strong></span> 
     </span>
    </p>
   </div>
  </div>
