3966 6348
124 393 218 449 761

1206 384 1693 443 COMMENTARIA
1728 383 1790 439 IN
1827 383 2157 440 PSALMOS.

3162 381 3271 438 762

122 504 434 575 γέγραπται·
463 518 482 552 ι
517 500 624 554 Καὶ
651 500 871 578 ὲλάλησε
894 499 1094 571 Κύριος
1126 499 1259 570 πρὸς
1297 497 1532 567 Μωῡσῆν
1557 498 1642 551 λέ-

1744 498 1958 554 dicens:
1978 499 2219 570 Loquere
2251 498 2314 553 ad
2332 497 2468 553 lilios
2493 495 2676 563 lsrael,
2699 496 2921 553 dicens:
2946 494 3001 551 Si
3023 510 3267 552 summus

120 610 251 662 γων·
296 592 520 663 Δάλησον
550 592 680 663 πρὸς
709 594 830 654 τοὺς
860 592 1003 653 υἱοὺς
1043 590 1253 660 Ἰσραὴλ
1277 589 1462 656 λέγων·
1519 589 1641 641 Ἐὰν

118 684 147 734 6
175 683 445 753 ἀρχιερεὺς
473 683 501 735 6
526 681 875 753 κεχρισμένος
913 680 1128 753 ἁμάρτῃ
1187 679 1281 732 τοῦ
1318 679 1443 732 λαὸν
1472 680 1642 751 ἁμαρ-

117 775 251 834 τεῖν,
289 772 370 825 καὶ
397 771 649 843 προσάξει
704 771 827 841 περί
883 771 978 841 τῆς
1036 770 1303 842 ἁμαρτίας
1366 770 1523 835 αὑτοῦ
1577 766 1643 841 ἦς

116 865 343 932 ἥμαρτε,
378 862 569 931 μόσχον
596 863 658 912 ὲκ
710 858 845 928 βοῶν
898 858 1121 930 ἄμωμον
1151 858 1227 929 τῷ
1282 860 1515 931 Κυρίῳ-ι
1552 864 1645 915 καὶ

114 953 262 1021 ἑξῆς·
303 972 319 1003 ι
354 953 471 1005 Ἐάν
511 952 567 1005 δὲ
599 953 744 1004 πᾶσα
792 950 1074 1022 συναγωγῆ
1117 952 1326 1023 Ἰσραὴλ
1387 954 1641 1025 ἀγνοήσῃ,

117 1044 207 1097 καὶ
243 1043 372 1115 λάθῃ
395 1043 542 1113 ῥῆμα
591 1041 650 1105 ἐξ
702 1042 985 1113 ὀφθαλμῶν
1038 1045 1134 1113 τῆς
1172 1045 1501 1113 συναγωγῆς·
1557 1047 1645 1099 καί

117 1137 371 1205 ποιήσωσι
406 1136 529 1202 μίαν
555 1132 657 1186 ἀπὸ
683 1131 867 1186 πασῶν
901 1133 1005 1185 τῶν
1036 1134 1259 1187 ἐντολῶν
1296 1135 1387 1188 τοῦ
1426 1136 1641 1205 Κυρίου,

118 1226 150 1294 ἣ
181 1226 242 1277 ού
284 1223 635 1294 Μιηθὴσεται,
667 1223 758 1275 καὶ
791 1222 1162 1293 πλημμελῶσι,
1198 1226 1288 1277 καὶ
1316 1226 1523 1293 γνωσθῇ
1551 1226 1647 1277 αύ-

118 1317 225 1376 τοῖς
258 1316 293 1383 ἡ
312 1314 541 1384 ἁμαρτία
570 1313 637 1381 ἢν
670 1314 910 1383 ἥμαρτον
943 1316 997 1366 ὲν
1020 1315 1173 1384 αὐτῇ·
1213 1315 1302 1367 καὶ
1332 1315 1585 1383 προσάξει
1611 1317 1643 1385 ἡ

121 1405 390 1476 συναγωγὴ
425 1406 617 1476 μόσχον
642 1406 704 1458 ὲκ
735 1406 877 1477 βοῶν
900 1407 1024 1478 περὶ⁹
1046 1408 1142 1476 τῆς
1168 1407 1453 1476 ἁμαρτίας.
1496 1426 1513 1458 ι
1537 1408 1645 1460 Καὶ

122 1495 257 1561 μετά
303 1494 463 1547 ταῦτα
489 1496 522 1565 ὴ
554 1496 757 1566 ἱστορία
789 1497 992 1564 εἰσάγει
1049 1496 1183 1566 ὑπὲρ
1208 1496 1299 1548 τοῦ
1355 1498 1645 1568 ἀρχιερέως

120 1582 304 1636 θυσίαν
348 1584 558 1656 μόσχον,
610 1588 666 1639 ἐν
715 1582 793 1649 οἷς
841 1584 1070 1657 εἴρηται·
1137 1605 1155 1637 ι
1193 1587 1297 1639 Καὶ
1333 1588 1643 1659 προσήγαγε

116 1675 347 1743 Μωῦσῆς
373 1676 459 1728 τὸν
485 1676 676 1746 μόσχον
704 1676 792 1729 τὸν
809 1679 932 1745 περὶ
966 1676 1064 1746 τῆς
1090 1678 1372 1749 ἁμαρτίας,
1402 1678 1493 1732 καί⁹
1522 1680 1644 1732 ὲπέ-
1667 1664 1672 1670 ’

118 1762 284 1834 θηκεν
334 1765 529 1836 Ἀαρὼν
558 1768 648 1819 καὶ
670 1769 717 1819 οἰ
749 1768 850 1820 υἱοὶ
876 1767 1039 1820 αὐτοῦ
1065 1767 1167 1829 τὰς
1210 1770 1394 1839 χεῖρας
1434 1771 1523 1823 ἐπὶ
1550 1770 1646 1841 τὴν

117 1853 346 1923 κεφαλὴν
374 1854 462 1906 τοῦ
488 1856 683 1924 μόσχου
708 1856 799 1908 τοῦ
828 1854 922 1925 τῆς
952 1857 1241 1928 ἁμαρτίας,
1299 1861 1388 1913 καὶ
1420 1859 1645 1929 ἔσφαξεν
1678 1843 1720 1901 Β

120 1944 323 1994 αὐτόν.»
366 1944 521 2014 Ὁρᾷς
553 1946 643 1997 ἐπὶ
679 1945 850 2008 ποίοις
877 1948 905 1998 6
940 1948 1133 2018 μόσχος
1170 1951 1529 2021 προσεφέρετο
1557 1952 1646 2002 ἐπὶ

119 2030 264 2102 πάσῃ
289 2035 347 2101 τῇ
376 2037 654 2104 συναγωγῇ
694 2034 902 2105 Ἰσραὴλ
951 2037 1282 2110 ἁμαρτούσῃ,
1312 2040 1404 2092 καὶ
1430 2042 1517 2093 ἐπὶ
1546 2042 1644 2113 ἀρ-

118 2122 287 2188 χιερεῖ
330 2122 695 2193 ἡμαρτηκότι·
744 2125 837 2177 καὶ
888 2126 982 2195 οὐχ
1034 2127 1214 2191 ἁπλῶς
1276 2132 1670 2201 ἡμαρτηκότι,

119 2210 247 2263 ἀλλά
277 2212 365 2264 καὶ
418 2211 493 2282 τῷ
525 2212 635 2284 λαῷ
667 2214 819 2285 αἰτίῳ
849 2217 1118 2287 γενομένῳ
1172 2220 1461 2289 ἁμαρτίας·
1505 2222 1647 2289 λέγει

118 2300 243 2369 γάρ·
278 2302 430 2355 «Ἐὰν
456 2306 484 2357 6
528 2306 809 2375 ἀρχιερεὺς
835 2308 863 2357 6
906 2309 1253 2377 κεχρισμένος
1292 2311 1509 2381 ἁμάρτῃ
1554 2310 1645 2364 τοῦ

120 2391 206 2441 τὴν
235 2390 354 2444 λαὸν
379 2394 660 2465 ἁμαρτεῖν
679 2416 697 2446 ι
729 2396 842 2448 ἀνθ’
873 2393 933 2451 οὗ
959 2399 987 2449 ὁ
1033 2397 1254 2462 Ἀκύλας
1291 2402 1643 2471 ήρμήνευσεν·

123 2500 141 2529 ι
180 2482 271 2544 Εἰς
300 2484 667 2554 πλημμέλησιν
702 2486 793 2539 τοῦ
828 2487 1010 2541 λαοῦ.»
1051 2490 1200 2542 Ἐπεὶ
1229 2491 1402 2543 τοίνυν
1432 2492 1567 2545 κατά
1590 2493 1647 2545 1b

124 2571 374 2641 σωτήριον
408 2573 573 2636 πάθος
614 2575 661 2626 οἱ
721 2575 992 2646 ἀρχιερεῖς
1031 2578 1122 2630 καὶ
1171 2580 1218 2630 οἰ
1262 2579 1514 2648 ἄρχοντες
1553 2582 1645 2634 τοῦ

132 2656 382 2711 Ἰουδαίων
418 2659 597 2722 ἔθνους
630 2662 962 2733 συνήχθησαν
1002 2662 1108 2716 Δἐπὶ
1151 2666 1209 2717 τὸ
1234 2666 1361 2719 αὐτὸ
1391 2667 1529 2722 κατὰ
1553 2668 1646 2724 τοῦ

123 2749 318 2819 Κυρίου
343 2751 429 2804 καὶ
460 2751 600 2805 κατά
642 2754 735 2806 τοῦ
784 2756 1017 2826 Χριστοῦ
1050 2758 1231 2821 αὐτοῦ,
1275 2759 1352 2830 τῷ
1394 2778 1453 2814 τε
1490 2764 1649 2815 παντὶ

120 2834 221 2905 λαῷ
261 2837 572 2911 διαστροφῆς
603 2841 754 2894 αὐτοὶ
807 2843 1086 2911 γεγόνασιν
1123 2845 1300 2900 αἴτιοι·
1351 2849 1649 2920 γέγραπται

122 2927 239 2996 γάρ·
276 2946 294 2977 ι
325 2930 428 2982 Καὶ
456 2933 504 2983 οἰ
539 2931 806 3003 ἀρχιερεῖς
845 2934 937 2986 καὶ
986 2935 1046 2987 τὸ
1075 2938 1341 3007 συνέδριον
1388 2940 1504 2992 ὅλον
1529 2941 1650 3011 ἐζή-

120 3033 237 3070 τουν
262 3020 716 3094 ψευδομαρτυρίαν
744 3027 879 3080 κατά
900 3028 991 3082 τοῦ
1033 3028 1221 3097 Ἰησοῦ,
1242 3030 1384 3092 ὅπως
1409 3030 1651 3085 θανωτώ-

124 3128 278 3165 σωσιν
303 3114 471 3167 αὐτόν·
489 3134 506 3166 ι
540 3117 632 3169 καὶ
654 3116 807 3170 πάλιν
836 3118 981 3188 ὲξῆςο
1010 3138 1028 3170 ι
1053 3122 1113 3173 Οἱ
1166 3120 1221 3173 δὲ
1253 3121 1521 3192 ἀρχιερεῖς
1554 3123 1646 3176 καὶ

121 3202 167 3253 οἱ
192 3203 535 3276 πρεσϐύτεροι
562 3205 780 3259 ἔπεισαν
804 3209 925 3268 τοὺς
950 3208 1135 3276 ὄχλους
1156 3210 1240 3287 ἵνα
1272 3213 1528 3281 αἰτήσωσι
1558 3213 1644 3265 τὸν
1670 3183 1713 3240 C

123 3290 417 3364 Βαραϐϐᾶν,
452 3296 541 3350 τὸν
563 3296 619 3348 δὲ
658 3296 858 3367 Ἰησοῦν
891 3299 1273 3378 ἀπολέσωσινοι
1304 3302 1470 3373 Χρεία
1493 3301 1549 3354 δὲ
1577 3298 1644 3372 ἦν

124 3385 423 3456 καθάρσεως
449 3391 560 3452 τοῖς
591 3387 756 3441 ταῦτα
802 3389 1171 3461 τετολμηκόσι,
1204 3395 1294 3447 καὶ
1336 3395 1519 3458 θυσίας
1549 3397 1646 3449 οὐκ

124 3475 295 3547 ἄλλης,
320 3478 353 3548 ἢ
379 3480 474 3549 τῆς
494 3479 581 3533 διὰ
607 3478 709 3534 τοῦ,
733 3479 947 3549 μόσχου,
1003 3481 1078 3544 ὡς
1116 3484 1525 3555 μεμαρτύρηται
1560 3486 1648 3539 διὰ

122 3568 214 3637 τῆς
237 3570 580 3641 προτεθείσης
603 3571 840 3642 Γραφῆς·
856 3571 1095 3635 εἰκότως,
1119 3574 1229 3627 Οὐκ
1244 3574 1492 3645 αἰσθητὸν
1516 3575 1644 3643 ἐγὼ,

125 3660 269 3731 φησι,
302 3654 494 3733 μόσχον
530 3663 835 3735 προσφέρω,
862 3662 949 3717 διὰ
972 3664 1081 3718 τῶν
1109 3665 1471 3736 προκειμένων
1491 3667 1520 3718 6
1539 3667 1648 3720 Σω-

123 3750 218 3822 τὴρ
246 3751 417 3822 ἡμῶν,
454 3753 588 3807 ἀλλὰ
619 3754 715 3827 τὴν
768 3754 1009 3826 καθαρὰν
1033 3756 1126 3809 καὶ
1168 3757 1393 3825 ἄναιμον
1438 3754 1644 3821 θυσίαν,

124 3841 184 3909 ἥν
211 3842 364 3904 αὐτὸς
387 3842 495 3911 ἐγὼ
520 3845 922 3915 συνεστησάμην
974 3846 1030 3897 ὲν
1054 3847 1116 3914 τῇ
1162 3844 1388 3914 ἐμαυτοῦ
1429 3845 1646 3915 Ἐκκληα

127 3930 207 4000 σία
226 3931 309 3984 διὰ
338 3933 434 4003 τῆς
466 3919 692 4003 ἀναίμου
717 3932 807 3986 καὶ
828 3933 1035 4003 ἀπύρου
1068 3934 1419 4005 λειτουργίας,
1454 3936 1550 4004 τῆς
1581 3937 1647 3990 δι’

126 4022 382 4087 αἰνέσεως
412 4025 535 4093 ἥτις
585 4025 766 4096 ἀρέσει
816 4025 891 4095 τῷ
947 4024 1064 4095 Θεῷ
1111 4025 1303 4096 μᾶλλον
1352 4026 1384 4096 ἢ
1422 4030 1449 4080 6
1500 4028 1648 4098 παρὰ

125 4116 332 4168 Μωῦσεῖ
359 4116 671 4186 νενομοθετη
680 4118 833 4185 μένος
859 4117 1067 4186 μόσχος.
1102 4117 1188 4169 Διὸ
1212 4116 1474 4171 λέλεκται·
1495 4138 1513 4170 ι
1536 4122 1672 4174 Μει-Δ

125 4206 325 4272 γαλυνῶ
352 4206 513 4261 αὐτὸν
539 4209 595 4259 ὲν
623 4206 835 4259 αἰνέσει.
865 4206 973 4259 Καὶ
1001 4208 1183 4278 ἀρέσει
1212 4209 1289 4279 τῷ
1312 4210 1479 4281 Θεῷ,ι
1507 4214 1539 4282 ὴ
1570 4213 1651 4265 αῐ-

128 4313 257 4359 νεσις
278 4298 494 4368 δηλαδὴ,
523 4316 541 4348 ι
568 4298 704 4367 ὑπὲρ
727 4297 921 4368 μόσχον
948 4300 1085 4364 νέον,
1115 4286 1318 4371 κέρατα
1347 4303 1647 4374 ἐκφέροντα

126 4389 210 4440 καὶ
234 4389 415 4453 ὁπλάς.
444 4409 463 4442 ι
501 4389 722 4458 Ἔτυχον
749 4389 791 4441 δ’
820 4389 885 4443 ἂν
917 4392 1159 4460 ἀφέσεως
1206 4394 1298 4447 καὶ
1342 4394 1649 4465 καθάρσεως

1740 592 1993 647 sacerdos
2014 593 2106 662 qui
2130 598 2324 650 unctus
2351 599 2434 646 est
2460 591 2774 661 peccaverit,
2822 596 2885 643 ut
2934 603 3159 659 peccare
3187 587 3267 642 fa-

1739 682 2137 752 ciatpopulum,
2168 682 2351 739 olIeret
2384 698 2480 753 pro
2525 689 2742 751 peccato
2795 696 2891 737 suo
2926 696 3031 751 quo
3076 695 3270 750 pecca~

1740 774 1837 835 vit,
1870 774 2091 828 vitulum
2121 789 2183 827 ex
2210 774 2381 827 bobus
2433 774 2830 827 immaculatum
2874 771 3098 827 Domino
3130 772 3205 839 “;
3243 790 3263 823 ι

1741 876 1803 917 ac
1835 862 2026 917 deinde
2056 877 2068 913 :
2108 880 2125 912 ι
2152 861 2303 927 Quod
2348 863 2392 917 si
2430 863 2606 916 omnis
2642 876 2908 932 synagoga
2934 859 3095 915 Israel
3125 861 3271 929 igno-

1744 955 1958 1016 raverit,
2005 959 2059 1011 et
2092 953 2313 1008 latuerit
2356 953 2574 1007 verbum
2622 968 2687 1006 ex
2732 953 2904 1007 oculis
2954 966 3266 1021 synagogas:

1743 1054 1833 1098 aut
1868 1044 2054 1098 fecerit
2077 1030 2238 1097 unum
2291 1059 2357 1097 ex
2392 1042 2644 1098 omnibus
2688 1044 2970 1113 praereptis
3028 1041 3279 1105 Domini;

1743 1143 1835 1188 aut
1867 1151 1973 1190 non
2004 1134 2209 1198 fecerit,
2244 1140 2297 1189 et
2321 1133 2602 1204 deliquerit
2639 1142 2691 1189 et
2744 1133 3054 1203 cognoverit
3084 1147 3269 1201 pecca-

1742 1235 1855 1280 tum
1882 1241 2036 1281 suum
2066 1241 2173 1295 quo
2215 1226 2485 1294 peccavit;
2514 1224 2700 1279 otl'eret
2751 1240 3019 1295 synagoga
3046 1225 3279 1277 vitulum

1742 1333 1804 1371 ex
1833 1319 2002 1372 bobus
2034 1334 2131 1387 pro
2153 1326 2372 1386 peccato
2400 1318 2463 1371 ⁵³.
2499 1338 2517 1368 ι
2554 1316 2663 1376 Sub
2688 1317 2799 1371 lucc
2829 1324 3004 1370 autem
3052 1330 3149 1384 pro
3198 1331 3282 1369 sa-

1742 1406 1952 1461 cerdote
1976 1407 2247 1460 inducitur
2297 1409 2350 1460 in
2408 1400 2731 1463 sacriﬁcium
2787 1407 3006 1471 vitulus,
3038 1420 3159 1460 nam
3190 1405 3271 1459 di«

1742 1497 1881 1550 citur
1907 1511 1917 1544 :
1949 1514 1965 1546 ι
1991 1493 2056 1549 Ει
2082 1496 2274 1549 obtulit
2296 1494 2505 1565 Moyses
2536 1496 2767 1563 ,vitulum
2797 1511 2893 1562 pro
2942 1501 3160 1564 peccato
3185 1509 3198 1545 :
3222 1500 3276 1546 et

1743 1585 1995 1655 imposuit
2014 1587 2190 1638 Aaron
2207 1593 2260 1640 et
2303 1586 2393 1638 lilii
2436 1585 2554 1654 ejus
2579 1598 2771 1639 manus
2798 1599 2963 1653 super
3017 1592 3177 1652 caput
3197 1584 3282 1654 vi:
3324 1648 3334 1661 ι

1743 1677 1837 1730 tuli
1872 1693 1967 1746 pro
1993 1684 2232 1747 peccato,
2262 1684 2316 1729 et
2338 1676 2633 1730 immolavit
2678 1690 2797 1729 eum
2821 1676 2887 1726 ⁵⁸.
2919 1693 2937 1726 ι
2972 1674 3132 1728 Vides
3158 1674 3278 1744 qui-

1744 1771 1845 1824 ltus
1864 1769 1930 1825 de
1953 1770 2132 1825 causis
2153 1769 2352 1824 vitulus
2384 1767 2668 1822 oll‘erretur
2707 1782 2804 1836 pro
2827 1766 3078 1822 universa
3110 1779 3275 1835 syna-

1746 1875 1876 1931 goga
1908 1858 2123 1915 lsraelis
2167 1867 2447 1929 peccante,
2494 1868 2547 1913 et
2589 1874 2686 1928 pro
2730 1872 2951 1913 rsummo
2990 1857 3277 1912 sacerdote

1746 1960 2033 2021 peccante;
2057 1967 2155 2005 nec
2186 1952 2343 2005 modo
2368 1958 2641 2020 peccante,
2697 1950 2791 2004 sed
2833 1950 2995 2004 etiam
3026 1949 3277 2018 populum

1744 2042 1797 2094 in
1828 2050 2106 2111 peceatum
2146 2042 2464 2104 inducente;
2499 2040 2630 2093 dicit
2680 2042 2854 2095 enim:
2892 2060 2910 2091 ι
2948 2039 3006 2095 Si
3036 2056 3278 2097 summus

1744 2132 2015 2196 sacerdds,
2042 2132 2130 2201 qui
2153 2139 2347 2186 unctus
2369 2140 2469 2192 est,
2505 2132 2823 2200 peccaverit,
2868 2141 2926 2187 ut
2952 2148 3173 2202 peccare
3203 2132 3282 2184 ia-

1743 2223 2185 2292 ciatpopulum.»
2218 2222 2323 2277 Pro
2346 2239 2454 2292 quo
2496 2224 2699 2293 'Aquila
2759 2224 2839 2277 sic
2897 2223 3279 2293 interpretatus

1742 2320 1861 2367 est:
1898 2330 1916 2361 ι
1954 2311 2011 2366 In
2061 2312 2313 2368 delictum
2364 2313 2566 2382 populi.
2600 2331 2617 2363 ι
2675 2310 2810 2378 Quia
2866 2312 3280 2382 igiturtempore

1745 2406 2012 2475 passionis
2070 2403 2277 2459 Domini
2334 2406 2527 2459 summi
2587 2405 2896 2460 sacerdotes
2926 2415 2977 2459 et
3008 2404 3279 2474 principes

1742 2492 1977 2547 Judaicae
2038 2494 2213 2563 gentis
2272 2502 2637 2549 convenerunt
2693 2495 2746 2547 in
2808 2510 2977 2570 unum
3024 2496 3280 2548 adversus

1744 2590 2023 2645 Dominum
2057 2597 2109 2644 et
2141 2590 2398 2645 adversus
2443 2589 2717 2644 Christum
2751 2591 2890 2658 ejus,
2939 2591 3141 2658 totique
3192 2604 3283 2657 po-

1744 2684 1870 2754 pulo
1930 2681 2289 2750 perversionis
2332 2688 2580 2734 auctores
2640 2678 2809 2743 fuere,
2877 2680 3135 2749 scriptum
3199 2687 3280 2733 est

1744 2775 1915 2832 enim:
1944 2792 1962 2824 ι
1990 2772 2267 2842 Principes
2300 2771 2639 2827 sacerdotum
2688 2778 2742 2825 et
2792 2769 3075 2824 consilium
3109 2775 3277 2823 totum

1745 2865 2055 2937 quaerebant
2074 2865 2266 2920 falsum
2300 2864 2668 2919 testimonium
2697 2872 2883 2917 contra
2916 2861 3119 2928 Jesum,
3142 2862 3301 2931 quc-‘

1746 2955 1905 3010 modo
1936 2956 2095 3010 morti
2123 2954 2393 3010 traderent
2408 2969 2529 3010 eum
2553 2955 2627 3021 5";
2655 2972 2673 3004 ι
2709 2968 2771 3007 ac
2798 2968 3043 3008 rursum:
3074 2970 3091 3003 ι
3124 2950 3279 3006 Prin-

1746 3047 1891 3116 cipes
1921 3048 2260 3101 sacerdotum
2297 3055 2349 3100 et
2387 3045 2627 3101 seniores
2673 3051 3061 3115 persuaserunt
3106 3044 3279 3100 turbis

1750 3144 2063 3208 utpeterent
2106 3136 2425 3200 Barabbam,
2454 3133 2633 3191 Iesum
2678 3151 2805 3190 vero
2845 3134 3127 3205 perderent
3158 3135 3222 3187 ⁵⁸.
3254 3154 3274 3186 ο

1744 3227 1810 3284 lis
1832 3242 1992 3297 porro
2019 3225 2108 3296 qui
2137 3226 2259 3279 talia
2283 3226 2399 3281 ausi
2427 3224 2639 3280 fuerant
2654 3228 3114 3297 purgationeopus
3140 3234 3276 3290 erat,

1742 3328 1796 3375 et
1824 3319 2109 3384 sacriﬁcio,
2141 3334 2247 3373 non
2277 3318 2382 3372 alio
2405 3332 2563 3386 quam
2601 3317 2776 3381 vituli,
2798 3326 2856 3372 ut
2882 3316 3158 3387 Scriptura
3182 3335 3277 3374 su-

1744 3414 1925 3483 perius
1956 3413 2115 3465 allata
2164 3410 2501 3466 testiﬁcatur.
2533 3409 2661 3466 J'ure
2694 3411 2782 3464 hic
2821 3410 3072 3466 Servator
3098 3418 3280 3465 noster

1745 3505 1854 3558 ait:
1886 3503 2002 3559 Non
2049 3503 2353 3559 sensibilem
2387 3517 2484 3572 ego
2516 3502 2741 3556 vitulum
2762 3500 3008 3572 ‘profero.
3063 3500 3155 3555 sed
3182 3518 3280 3571 pu-

1742 3609 1857 3647 ram
1881 3600 1932 3649 et
1960 3595 2291 3647 incruentam
2341 3592 2591 3654 hostiam,
2632 3608 2789 3661 quam
2822 3608 2919 3663 ego
2947 3592 3060 3662 ipse
3098 3593 3151 3645 in
3180 3591 3279 3645 Ec-

1746 3685 1908 3741 clesia
1965 3699 2081 3737 mea
2109 3683 2387 3746 constitui,
2428 3698 2523 3753 per
2576 3683 2915 3737 incruentum
2961 3690 3012 3736 et
3038 3682 3159 3751 igne
3185 3695 3279 3735 va-

1746 3756 1903 3829 cuum
1931 3771 2306 3843 ministerium,
2340 3772 2481 3840 quod
2514 3770 2670 3825 laude
2717 3771 3077 3839 persolvitur;
3136 3772 3278 3840 quod

1748 3878 1877 3918 sane
1904 3862 2012 3919 Deo
2040 3864 2197 3933 longe
2246 3863 2517 3931 acceptius
2545 3869 2598 3914 et
2631 3862 2835 3931 gratius
2858 3861 2980 3923 erit,
3010 3876 3170 3930 quam
3194 3861 3281 3917 ille
3322 3902 3327 3908 .

1746 3952 1946 4024 Moysis
1973 3953 2088 4022 lege
2135 3952 2443 4023 assignatus
2472 3950 2693 4005 vitulus.
2717 3948 3053 4020 Quapropter
3075 3950 3277 4005 dictum

1746 4053 1828 4099 est
1856 4062 1867 4096 :
1905 4059 1923 4093 ι
1949 4040 2296 4111 Magniﬁcabo
2318 4056 2439 4095 eum
2477 4041 2530 4094 in
2558 4040 2733 4095 laude.
2766 4039 2829 4091 Et
2851 4040 3078 4109 placebit
3096 4038 3223 4099 Deo,
3254 4058 3273 4090 ι

1747 4135 1866 4190 laus
1913 4134 2152 4200 scilicet,
2209 4150 2229 4183 ι
2257 4148 2419 4203 super
2473 4132 2703 4186 vitulum
2747 4132 3034 4196 novellum,
3076 4146 3280 4185 cornua

1746 4223 2125 4295 producentem
2154 4232 2208 4279 et
2234 4223 2481 4294 ungulas.
2521 4240 2540 4275 ι
2575 4220 2641 4275 Ει
2666 4237 2796 4277 sane
2830 4223 3039 4277 veniam
3086 4236 3280 4291 purga-

1746 4319 2050 4388 tionemque
2070 4332 2191 4371 cum
2230 4316 2499 4387 principes
2524 4314 2883 4386 sacerdotum,
2910 4324 3021 4368 tum
3050 4314 3279 4385 populus

1748 4411 1921 4465 omnis
1982 4409 2253 4487 consecuti
2315 4413 2514 4471 essent,
2581 4406 2625 4460 si
2685 4416 2885 4460 novum
2946 4412 3001 4459 ct
3048 4402 3281 4461 salutare

124 4478 221 4531 τῶν
250 4480 643 4560 ἡμαρτημένων
692 4480 873 4544 αὐτοῖς
920 4484 968 4535 οἰ
1004 4484 1273 4554 ἀρχιερεῖς
1320 4486 1410 4538 καὶ
1458 4487 1506 4538 οἱ
1556 4483 1647 4537 τοῦ

1747 4502 2144 4558 Testamentum
2191 4479 2567 4568 suscipientes,
2615 4497 2708 4553 tali
2760 4495 3026 4551 sacrificio
3052 4495 3279 4552 fuissent

126 4570 306 4635 παντὸς
332 4571 531 4633 ἔθνους,
556 4572 604 4623 εἰ
640 4570 901 4641 κέχρηντο
925 4574 1092 4645 ταύτῃ
1117 4577 1181 4645 τῇ
1204 4574 1379 4645 θυσία,
1403 4576 1499 4644 τὴν
1523 4591 1643 4627 και-

127 4658 211 4729 νὴν
240 4663 329 4716 καὶ
368 4665 626 4733 σωτήριον
650 4662 920 4734 Διαθήκην
950 4666 1390 4736 παραδεξάμενοι.

186 4746 311 4806 Εἶτα
338 4754 497 4826 εὐχὴν
525 4751 827 4822 ἀναπέμπει
863 4756 892 4806 6
929 4756 1240 4826 προλεχθεὶς
1277 4756 1484 4827 πτωχὸς
1513 4755 1647 4825 ὑπὲρ

128 4838 221 4901 τῶν
246 4845 631 4917 παραπλησίως
657 4842 801 4914 αὐτῷ
857 4845 1101 4914 πτωχῶν,
1134 4848 1259 4916 περὶ
1311 4841 1383 4899 ὧν
1417 4847 1650 4901 διδάσκει

128 4929 299 4998 λέγων’
333 4952 352 4984 ι
374 4936 641 5005 Μακάριοι
672 4938 721 4989 οι
767 4936 967 5006 πτωχοὶ
1015 4934 1091 5004 τῷ
1124 4936 1407 5005 πνεύματι,
1441 4938 1520 4989 ὅτι
1558 4936 1650 4989 αύ-

127 5018 221 5071 τῶν
245 5022 387 5072 ἐστιν
414 5023 446 5091 ἡ
474 5023 709 5090 βασιλεία
757 5024 861 5078 τῶν
894 5024 1185 5095 οὐρανῶν.»
1240 5025 1344 5077 Καί
1394 5041 1523 5096 φησι
1562 5025 1650 5078 διὰ

126 5108 211 5178 τῆς
233 5111 411 5180 εὐχῆς
450 5130 466 5161 ι
490 5113 760 5168 Ἰδέτωσαν
799 5116 999 5185 πτωχοὶ⁴
1030 5116 1121 5168 καὶ
1145 5114 1639 5185 εύφρανθήτωσαν.»

130 5198 340 5270 Εὖχεται
398 5200 453 5253 δὲ
505 5202 604 5271 ἤδη
652 5205 779 5257 ποτὲ
810 5209 888 5268 εἰς
943 5206 1078 5274 ἔργα
1107 5206 1344 5277 χωρῆσαι
1400 5204 1467 5256 τὰ
1516 5221 1646 5275 προ-

128 5290 387 5361 λεχθέντα,
411 5290 547 5344 ὥστε
566 5293 856 5363 ὀφθαλμοῖς
881 5296 1014 5348 αύτά
1036 5296 1322 5349 θεάσασθαι
1354 5281 1649 5367 τοὶ-ῖὶεἰρη-

133 5379 305 5446 μένους
344 5383 600 5452 πτωχοὺς,
646 5383 851 5453 δηλαδὴ
907 5385 1030 5447 τοὺς
1086 5385 1325 5457 μαθητὰς
1364 5375 1520 5437 αὐτοῦ
1555 5387 1647 5437 καὶ

130 5472 238 5533 τοὺς
258 5474 601 5537 ἀποστόλους,
630 5474 772 5527 Ἰδεῖν
797 5475 852 5527 δὲ
883 5476 1088 5539 τούτοις
1112 5477 1320 5547 εὔχεται
1350 5475 1441 5545 τὴν
1468 5476 1649 5527 ἀπόδο-

136 5564 398 5631 μασμένην
426 5563 550 5632 ὑμῖν
603 5563 870 5633 βασιλείαν
916 5567 1020 5618 ἀπὸ
1069 5567 1363 5636 καταϐολῆς
1391 5567 1640 5635 κόσμου.»

192 5672 453 5759 ’ζ’,ιςςνὶιι
517 5692 589 5759 1v.
648 5679 758 5733 4-5.
833 5681 877 5712 "
926 5682 1052 5738 ibid.
1082 5683 1297 5759 15,”,
1366 5679 1603 5736 “Levit.
1638 5696 1762 5746 vnt,
1803 5678 1881 5732 ιι.

136 5739 176 5773 "
208 5740 386 5799 Hatth.
434 5761 485 5807 ν.
517 5745 568 5801 5.

1746 4595 1849 4649 usi.

1811 4734 2009 4797 Deinde
2027 4739 2303 4795 mendicus
2333 4717 2422 4795 ille
2448 4738 2747 4807 orationem
2776 4737 2999 4792 eﬂundit
3028 4754 3124 4809 pro
3148 4752 3279 4807 pau-

1743 4835 1959 4907 peribus
1985 4832 2067 4886 sui
2096 4830 2385 4895 similibus,
2417 4829 2483 4883 de
2506 4827 2699 4896 quibus
2732 4826 2845 4880 hau:
2872 4828 3062 4882 tradit:
3092 4845 3110 4878 ι
3134 4826 3278 4883 Beati

1742 4936 2002 4995 pauperes
2054 4920 2271 4988 spiritu,
2326 4916 2579 4989 quoniam
2628 4914 2869 4985 ipsorum
2923 4925 3005 4971 est
3057 4927 3279 4985 regnum

1743 5014 2000 5070 malorum
2033 5010 2098 5065 ‘9.
2128 5029 2146 5061 ι
2186 5008 2243 5065 1η
2267 5007 2511 5065 oratione
2542 5021 2671 5061 vero
2717 5021 2815 5061 sua
2863 5006 2937 5060 ait
2963 5024 2977 5058 :
3008 5023 3024 5055 ι
3056 5003 3281 5085 Videant
3390 5002 3399 5008 ’

1745 5117 2006 5176 pauperes
2034 5110 2088 5157 et
2114 5102 2372 5156 laetentur.
2406 5116 2424 5149 ι
2463 5095 2578 5151 Jam
2614 5108 2786 5165 autem
2811 5104 3279 5167 precaturutqua:

1747 5209 1907 5263 supra
1926 5192 2066 5245 dicta
2088 5200 2214 5247 sunt
2241 5188 2507 5252 eveniant,
2537 5189 2608 5242 ita
2638 5197 2979 5257 utpauperes
3012 5187 3125 5251 isti,
3176 5187 3276 5243 8σί-

1746 5289 1869 5342 licet
1904 5284 2152 5353 discipuli
2201 5291 2253 5338 et
2306 5281 2543 5349 apostoli.
2584 5280 2689 5344 sui,
2734 5279 2966 5333 videant.
3021 5277 3281 5333 Precatur

1745 5396 1871 5435 vero
1902 5386 1957 5431 ut
1984 5377 2192 5431 laudern
2238 5374 2378 5428 illam
2406 5373 2574 5426 vitulo
2602 5370 2809 5425 novello
2839 5383 3039 5423 cornua
3070 5366 3273 5434 produ-

1749 5476 1903 5525 eente
1941 5475 1995 5522 et
2034 5466 2258 5537 ungulas
2295 5454 2579 5532 gratiorem
2632 5460 2983 5529 conspiciant.
3033 5455 3099 5510 Et
3120 5440 3269 5513 “bane

1758 5581 1777 5633 ς
1814 5562 1885 5616 Ea
1927 5574 2051 5614 vero
2076 5574 2195 5629 quae
2251 5542 2463 5611 sursum
2521 5560 2611 5609 est’
2656 5551 2945 5615 Jerusalem
2977 5550 3140 5604 libera
3164 5559 3268 5614 est,

1972 5679 2010 5709 ⁵⁷
2045 5675 2225 5730 Matth.
2284 5687 2429 5738 xxvi,
2476 5669 2562 5725 59.
2656 5669 2722 5703 η’
2751 5666 3124 5731 Mattb.xxvu,
3175 5663 3266 5722 20.
