3950 6342
731 379 835 436 765
912 400 915 403 '

727 590 975 649 eﬂ'octum
997 594 1288 641 consecuta
1341 591 1445 647 est,
1478 583 1665 638 beatos
1715 581 2037 652 praedicabat
2057 596 2152 636 eos
2182 579 2275 649 qui

727 681 917 736 talium
970 692 1152 733 rerum
1211 675 1519 745 Spectacqu
1552 673 1752 743 dignati
1797 680 2201 742 essentzquare
2222 671 2275 725 in

728 769 1035 832 Evangeliis
1062 764 1343 834 discipulis
1372 763 1487 829 suis
1506 762 1709 817 dixisse
1730 761 1985 817 scribitur
2008 778 2023 815 :
2058 778 2078 811 ‹
2098 758 2277 814 Vestri

726 870 907 917 autem
968 858 1109 914 beati
1133 856 1296 919 oculi,
1350 856 1477 924 Quia
1524 854 1745 921 vident;
1783 860 1838 907 et
1866 868 2027 907 aures
2062 858 2275 917 vestrae,

730 955 858 1024 quia
890 952 1117 1008 audiunt
1168 950 1232 1001 ⁸⁸.
1269 968 1288 1003 ι
1324 948 1448 1003 Hac
1501 950 1701 1018 quippe
1724 945 1929 1011 aﬂinia,
1960 944 2085 999 huic
2134 945 2277 999 dicto

726 1053 902 1111 erant,
949 1040 1219 1097 «Videant
1271 1055 1539 1111 pauperes
1569 1078 1585 1102 .
1634 1037 2021 1109 et‘lretentur:
2054 1036 2277 1105 quaerite

727 1136 918 1198 Deum,
946 1145 1001 1191 et
1038 1135 1180 1189 vivet
1214 1133 1392 1187 anima
1430 1139 1634 1187 vestra.
1670 1149 1688 1183 ι
1731 1127 1867 1184 Cum
1905 1142 2003 1198 pro
2029 1128 2278 1198 pauperi-

726 1230 829 1285 bus
870 1232 1136 1298 rogasset,
1193 1225 1340 1295 ipsos
1398 1222 1614 1277 demum
1677 1221 1989 1291 alloquitur,
2037 1218 2277 1289 ipsisque

726 1326 891 1380 vitam
922 1322 1254 1390 denuntiat,
1286 1336 1396 1375 non
1452 1334 1760 1389 corporum,
1807 1318 1901 1374 sed
1927 1317 2227 1371 animarum
2259 1335 2271 1370 :

725 1431 890 1487 quam
922 1415 991 1469 ab
1025 1413 1158 1483 ipsis
1187 1411 1353 1467 Deum
1381 1410 1746 1481 quaarentibus
1768 1408 2133 1479 reperiendam
2155 1423 2277 1463 esse

730 1506 1035 1577 pollicetur,
1085 1503 1215 1557 talia
1278 1501 1505 1556 fatusu
1535 1500 1769 1566 Quaerite
1793 1498 1982 1563 Deum,
2030 1506 2085 1553 et
2134 1498 2277 1553 vivet

730 1597 910 1651 anima
942 1603 1138 1651 vestra.
1170 1612 1190 1648 ι
1225 1592 1368 1648 Fons
1397 1593 1596 1663 quippe
1644 1591 1768 1646 vita:
1788 1605 1955 1660 penes
1988 1589 2139 1643 illum
2170 1595 2273 1644 est.

604 1702 613 1711 ο
728 1687 1089 1753 Quamobrem
1112 1685 1301 1741 iisdem
1340 1683 1670 1754 pauperibus
1691 1682 1952 1752 praecipit,
1987 1687 2067 1745 ut,
2096 1680 2276 1735 omnia

731 1788 1134 1850 postponentes,
1170 1778 1320 1834 illum
1374 1777 1477 1831 lide
1514 1777 1762 1845 bonaque
1793 1788 1889 1845 spe
1939 1772 2133 1827 muniti
2156 1786 2278 1842 per-

1395 372 1664 430 nusssn
1696 369 2171 443 cessaremus
2207 369 2357 427 OPP.
2396 366 2579 425 esas
2615 366 2703 423 ιιι.
2740 350 2810 408 ι-
2840 348 3261 420 emissarios.
3817 367 3848 420 ιο

727 495 985 571 quoniam
1025 494 1198 550 oratio
1254 492 1373 561 ejus
1416 490 1689 549 diuturnis
1733 499 1920 561 postea
1944 489 2275 559 temporibus

2378 488 2553 541 θεῖσαν
2572 484 2735 539 αὑτοῦ
2763 485 2963 537 αῐνεσιν
2982 482 3077 553 τὴν
3098 481 3196 534 ῦπὲ
3204 498 3235 552 ρ
3260 497 3457 551 μοσχον
3473 480 3593 535 νέον
3620 480 3709 535 τὸν
3728 482 3850 555 κέρα

3873 576 3897 631 ῦ

3870 690 3897 733 ι

3869 809 3933 1138 1

2380 578 2675 651 ἐκφέροντα
2733 578 2825 632 καὶ
2873 575 3071 638 ὁπλάς..
3094 575 3202 628 Καὶ
3239 574 3302 645 δὴ
3351 573 3733 646 πληρουμένης
3765 576 3897 631 αὒτῦ

2377 669 2476 739 τῆς
2502 668 2667 739 εὐχῆς
2704 668 2935 738 μακροῖς
2962 665 3184 735 ὕστερον
3214 664 3443 734 χρόνοις,
3478 664 3777 735 ἐμακάριζε
3801 682 3850 718 το
3870 690 3897 733 ν,

2378 757 2810 829 κατηξιωμένους
2852 758 2950 828 τῆς
2991 755 3098 809 τῶν
3146 755 3482 827 πραγμάτων
3536 754 3688 819 θέας·
3744 756 3814 809 διὸ
3870 800 3873 807 .

2378 846 2724 919 Εὐαγγελίοις
2752 851 3157 921 ἀναγέγραπται
3203 852 3315 913 τοῖς
3347 847 3798 920 αὐτοῦμαθηταϊς
3839 852 3897 902 ιι.

2379 942 2511 996 πῶν·
2547 963 2564 994 ι
2598 943 2776 1013 ’Υμῶν
2801 942 2858 995 δὲ
2893 942 3212 1014 μακάριοιοὶ
3240 941 3627 1012 ὁφθαλμοὶ,ὃτι
3660 940 3852 1010 sum

2378 1033 2471 1085 καὶ
2498 1033 2565 1086 τά
2588 1026 2701 1085 ὦτα
2731 1031 2903 1101 ὑμῶν,
2934 1032 3013 1085 ὅτι
3044 1030 3347 1085 ἀκούουσι.»
3404 1029 3593 1085 Ταῦτα
3642 1030 3748 1099 γὰρ
3788 1030 3876 1099 σύι,

2378 1142 2527 1195 φωνα
2555 1120 2623 1193 ἦεν
2654 1122 2730 1193 τῷ
2754 1124 2980 1194 φήσαντι
3018 1122 3177 1194 λόγῳο
3227 1142 3247 1175 ι
3283 1122 3555 1176 Ἰδέτωσαν
3605 1123 3804 1193 πτωχοὶ
3828 1123 3882 1174 κι

2377 1214 2845 1285 εὐφρανθήτωσαν·
2879 1212 3207 1283 ὲκξητήσατε
3228 1213 3316 1265 τὸν
3344 1212 3496 1277 Θεὸν,
3524 1211 3629 1265 καὶ⁹
3653 1210 3853 1281 ζήσεται
3872 1210 3913 1283 ﬁl

2374 1304 2518 1376 ψυχὴ
2552 1304 2753 1374 ὑμῶν.»
2808 1302 3115 1373 Εὐξάμενος
3160 1302 3298 1373 ὑπὲρ
3327 1302 3432 1355 τῶν
3494 1300 3757 1370 πτωχῶν,
3795 1318 3899 1372 arpi;

2375 1397 2568 1459 αὐτοὺς
2588 1395 2770 1448 λοιπὸν
2795 1397 3022 1448 ποιεῖται
3063 1393 3152 1447 τὸν
3207 1392 3379 1462 λόγον,
3435 1392 3832 1462 εὐαγγελίζεται
3869 1410 3899 1444 τε

2374 1490 2554 1552 αὐτοῖς
2587 1488 2727 1559 ζωὴν
2753 1488 2811 1541 οὐ
2841 1487 3128 1557 σωμάτων.
3178 1484 3312 1539 ἀλλά
3342 1485 3548 1558 ψυχῶν·
3606 1486 3707 1541 arat
3733 1484 3907 1555 ταύτῃ

2376 1583 2557 1645 αὐτοῖς
2588 1566 2974 1651 εὑρεθήσεσθαι
3008 1579 3336 1651 ὲκζητήσασι
3361 1576 3449 1633 τὸν
3480 1580 3614 1634 Θεὸν
3662 1580 3900 1648 ἐπαγγει-

2376 1674 2541 1727 λεται·
2576 1673 2665 1731 διόΔ
2682 1689 2831 1744 φησι·
2863 1692 2883 1725 ι
2905 1672 3268 1745 Ἐκξητήσατε
3294 1673 3385 1726 τὸν
3401 1671 3552 1738 Θεὸν,
3586 1672 3687 1727 καὶ
3710 1671 3856 1743 ζήσετ
3869 1690 3902 1727 ιι

2376 1763 2589 1835 ἡψυχὴ
2612 1763 2782 1833 ὑμῶν·
2819 1781 2837 1814 ι
2889 1763 3045 1833 Πηγὴ
3100 1764 3207 1834 γὰρ
3249 1761 3391 1833 ζωῆς
3442 1764 3572 1833 παρ’
3615 1761 3782 1831 αὐτῷ·
3833 1763 3904 1815 Διὸ

702 1873 976 1942 .‹ιυίι·ειιιῑ;
1008 1872 1083 1929 ita
1113 1871 1275 1952 enim
1295 1884 1389 1925 eos
1420 1870 1529 1922 vita
1571 1869 1764 1921 anima:
1798 1868 2037 1922 victuros
2060 1865 2278 1935 pollice-

2380 1859 2555 1917 πάντα
2586 1857 2809 1928 δεύτερα
2832 1856 3086 1928 θεμένους
3139 1857 3261 1920 τοὺς
3310 1856 3635 1928 εἰρημένους
3666 1856 3901 1927 πτωχοὺς,

728 1971 856 2018 tur:
885 1964 953 2018 de
1001 1978 1107 2033 qua
1156 1962 1268 2017 vita
1302 1961 1435 2015 haec
1493 1955 1782 2028 Apostolus
1839 1956 2063 2012 docuit:
2104 1954 2275 2009 «Nam

730 2055 843 2113 vita
896 2061 1077 2109 vestra
1128 2052 1444 2107 abscondita
1495 2058 1580 2105 est
1618 2058 1741 2103 cum
1792 2047 2013 2102 Christo
2058 2048 2113 2101 in
2145 2044 2273 2101 Deo.

727 2143 864 2199 Cum
888 2150 1064 2197 autem
1106 2140 1355 2197 Christus
1400 2140 1709 2211 apparuerit
1758 2139 1869 2193 vita
1918 2146 2113 2201 vestra,
2146 2144 2278 2190 tunc

728 2247 787 2293 et
836 2249 934 2289 vos
968 2249 1090 2288 cum
1122 2234 1214 2289 illo
1259 2231 1593 2304 apparebitis
1639 2230 1694 2283 in
1741 2230 1910 2300 gloria
1934 2228 1999 2281 ⁶¹.
2040 2247 2057 2280 ι
2084 2226 2277 2282 Postea

728 2326 945 2382 subdit:
983 2344 1001 2377 ι
1022 2325 1285 2392 Quoniam
1302 2324 1577 2379 exaudivit
1628 2336 1888 2392 pauperes
1914 2318 2195 2383 Dominus,
2222 2326 2279 2375 et

730 2418 937 2473 vinctos
959 2432 1089 2473 suos
1110 2432 1217 2470 non
1244 2416 1509 2485 despexit.
1548 2434 1567 2465 ι
1601 2413 1701 2468 Hic
1739 2428 1954 2467 rursum
1974 2452 1988 2476 ,
2027 2410 2278 2466 «exaudi-

730 2509 827 2573 vit,
856 2530 876 2561 ι
910 2524 1028 2579 pro,
1066 2527 1083 2558 ι
1112 2507 1396 2571 exaudiet;
1437 2527 1454 2558 ι
1489 2514 1542 2562 et
1570 2547 1586 2573 ,
1623 2525 1641 2557 ι
1671 2519 1776 2560 non
1812 2504 2077 2574 despexit,
2103 2522 2123 2554 ι
2157 2517 2275 2573 pro,

736 2612 757 2645 ι
793 2609 901 2647 non
924 2594 1204 2663 deSpiciet,
1232 2614 1250 2647 ι
1285 2594 1487 2648 dictum
1510 2603 1613 2649 est.
1643 2592 1776 2648 Cum
1794 2592 1906 2662 jam
1935 2593 2081 2647 enim
2110 2590 2277 2645 dixis-

729 2693 833 2749 set,
868 2702 887 2734 ι
914 2683 1147 2751 Quaerite
1173 2683 1364 2750 Deum,
1410 2694 1464 2740 et
1504 2684 1647 2739 vivet
1698 2685 1877 2739 anima
1920 2692 2137 2746 vestra;
2169 2702 2187 2734 ι
2214 2681 2279 2735 ii-

728 2778 919 2832 dentcr
952 2778 1049 2840 ait.
1094 2778 1336 2847 quaerite,
1390 2776 1644 2846 quoniam
1698 2774 1951 2831 exaudiet
1992 2787 2272 2844 pauperes.

728 2867 912 2938 Neque
931 2868 1072 2922 enim
1100 2866 1548 2937 voluptariorum,
1573 2867 1929 2936 superborum
1954 2874 2007 2921 et
2027 2879 2279 2934 arrogano

729 2960 865 3015 tium
915 2957 1055 3013 Deus
1083 2965 1199 3025 est;
1234 2957 1328 3013 sed
1371 2958 1654 3012 humilium
1686 2966 1739 3013 et
1771 2962 2107 3027 pauperum!
2133 2955 2278 3022 Qua-

728 3062 949 3121 propter
964 3051 1160 3107 dicitur
1192 3068 1205 3103 :
1244 3068 1261 3101 ι
1293 3048 1353 3103 In
1379 3064 1539 3119 quem
1571 3051 1876 3119 respiciam,
1911 3049 2021 3103 nisi
2047 3048 2101 3103 in
2124 3063 2278 3103 man-

731 3152 947 3199 suetum
978 3152 1031 3199 et
1072 3143 1326 3199 humilem
1379 3150 1433 3197 et
1463 3143 1702 3214 quietum
1731 3150 1786 3198 et
1821 3150 2135 3196 trementem
2156 3155 2279 3196 ser-

2375 1947 2619 2019 ὲκζητεῖν
2642 1950 2800 2005 αὑτὸν
2830 1951 3149 2020 προστάττει
3181 1951 3315 2021 μετὰ
3349 1949 3581 2013 πίστεως
3606 1950 3702 2003 καὶ
3725 1950 3904 2019 ἀγαθῆς

2374 2038 2601 2102 ἐλπίδος·
2664 2038 2921 2104 ζήσεσθαι
2972 2039 3078 2110 γὰρ
3110 2040 3303 2104 αὐτοὺς
3369 2038 3764 2109 ἐπαγγέλλεται
3788 2036 3906 2109 ζωὴν

2356 2130 2568 2201 ψυχῆς,
2630 2130 2755 2204 περὶ
2807 2126 2873 2203 ἦς
2918 2133 3007 2183 καὶ
3033 2133 3060 2185 ὁ
3105 2130 3418 2195 Ἀπόστολος
3450 2131 3700 2187 ἐδίδασκε
3722 2131 3902 2199 λέγων·

2381 2242 2399 2273 ι
2423 2224 2483 2274 Ἠ
2512 2222 2619 2293 γὰρ
2648 2222 2757 2293 ζωὴ
2780 2222 2929 2293 ὑμῶν
2962 2222 3261 2293 κέκρυπται
3296 2222 3389 2275 σὺν
3421 2221 3497 2292 τῷ
3529 2221 3750 2293 Χριστῷ
3776 2224 3828 2273 ὲν
3846 2222 3907 2291 τῷ

2375 2314 2512 2387 Θεῷ.
2556 2316 2718 2368 Ὅταν
2748 2318 2776 2368 ὁ
2814 2315 3041 2386 Χριστὸς
3096 2315 3435 2387 φανερωθῇή
3466 2314 3580 2386 ζωὴ
3614 2315 3783 2386 ὑμῶν,
3808 2316 3906 2368 τότε

2376 2409 2467 2463 καὶ
2499 2408 2653 2478 ὑμεῖς
2683 2408 2777 2461 σὺν
2799 2409 2945 2478 αὐτῷ
2974 2407 3415 2480 φανερωθήσεσθε
3446 2411 3502 2462 ὲν
3555 2408 3701 2482 δόξῃ.
3742 2427 3761 2461 ι
3817 2406 3907 2461 Εἶτ’

2376 2500 2630 2567 ἐπιλέγει·
2678 2499 2831 2553 «Ὅτι
2876 2500 3153 2570 εἰσήκουσε
3194 2499 3301 2555 τῶν
3349 2502 3596 2572 πενήτων
3642 2504 3672 2554 ὁ
3709 2501 3906 2571 Κύριος,

2375 2592 2465 2645 καί
2498 2594 2620 2656 τοὺς
2641 2591 3040 2663 πεπεδημένους
3061 2590 3225 2645 αὑτοῦ
3249 2593 3347 2646 οὐκ
3372 2592 3713 2659 ἑξουδένωσε.
3727 2614 3745 2645 ι
3764 2592 3908 2645 Πάλιν

2373 2683 2431 2735 δὲ
2461 2683 2734 2737 κάνταῦθα
2760 2682 2841 2745 τὸ,
2878 2701 2897 2733 ι
2925 2685 3293 2753 εἰσήκουσεν,ι
3331 2683 3449 2737 ἀντὶ
3494 2683 3613 2747 τοῦ,
3643 2702 3661 2735 ι
3690 2682 3908 2736 sicam}-

2376 2791 2545 2835 σεται,
2568 2794 2584 2827 ι
2602 2774 2829 2844 εἴρηται,
2848 2774 2941 2827 καὶ
2966 2774 3044 2837 τὸ,
3082 2793 3098 2825 ι
3130 2774 3229 2827 οὐκ
3246 2773 3617 2841 ὲξουδένωσεν,
3644 2794 3661 2825 ι
3683 2775 3797 2828 ἀντὶ
3810 2772 3907 2835 τοῦ,

2381 2884 2400 2915 r
2427 2866 2525 2918 οὐκ
2550 2864 2940 2929 ὲξουδενὼσει.»
2980 2863 3259 2937 Προειπὼν
3290 2864 3417 2937 γὰρ,
3461 2885 3480 2917 ι
3505 2868 3781 2937 Ζητήσατε
3834 2864 3908 2918 τὸν

2374 2954 2524 3018 Θεὸν,
2556 2956 2647 3009 καὶ⁵
2680 2953 2901 3027 ζήσεται
2927 2956 2960 3025 ή
2983 2952 3126 3025 ψυχή
3155 2954 3361 3024 ὑμῶν,›
3405 2955 3748 3027 θαρσούντως
3776 2958 3907 3027 φησι,

2375 3048 2670 3121 Ζητήσατε,
2700 3048 2780 3101 ὃτι
2832 3048 3201 3103 εξσακούσεται
3256 3047 3364 3101 τῶν
3389 3051 3658 3120 πενήτων.
3698 3050 3772 3103 Οὐ
3819 3050 3909 3121 γὰρ

2373 3137 2698 3210 τρυφώντων
2724 3138 2869 3191 ἐστὶν
2894 3139 2923 3191 ὁ
2953 3138 3103 3203 Θεὸς,
3130 3137 3249 3192 οὐδὲ
3271 3138 3592 3209 ἐπηρμένων
3614 3140 3709 3193 καὶ
3739 3139 3909 3203 ἀλαζο-

731 3250 920 3291 nones
959 3249 1105 3289 meos
1140 3233 1217 3287 “1?
1254 3252 1273 3285 ›
1306 3232 1531 3291 Fiducia
1571 3236 1736 3307 igitur
1778 3234 2028 3289 instructi
2059 3235 2278 3301 quaerite

2380 3228 2696 3299 νευομένων,
2721 3230 2853 3283 ἀλλὰ
2902 3230 3173 3285 ταπεινῶν
3223 3230 3314 3283 καὶ
3366 3230 3630 3302 πενήτων.
3667 3230 3757 3284 Διὸ
3786 3232 3913 3303 εἴρη-

733 3324 924 3387 Deum,
951 3325 1104 3395 gnari
1132 3324 1412 3383 Dominum
1445 3341 1542 3382 vos
1580 3341 1843 3396 pauperes
1876 3324 2274 3388 exauditurum,

731 3427 787 3473 et
819 3420 1025 3473 vinctos
1045 3434 1173 3475 suos
1205 3435 1312 3474 non
1350 3419 1729 3487 despecturum
1751 3431 1908 3483 esse;
1941 3416 2056 3472 sive
2082 3430 2293 3471 secun--

731 3507 860 3560 dum
920 3506 1338 3576 Symmachum:
1371 3527 1389 3558 ι
1421 3507 1487 3560 Et
1522 3508 1732 3561 vinctos
1792 3520 1921 3561 suos
1976 3522 2083 3561 non
2128 3507 2279 3577 parvi

736 3597 944 3652 faciet.»
974 3596 1091 3663 Quo
1114 3606 1270 3667 pacto
1296 3598 1539 3653 autemlii
1567 3612 1851 3668 pauperes,
1869 3596 2029 3651 vincti
2057 3606 2111 3653 et
2130 3612 2274 3653 com-

734 3688 896 3756 pediti
932 3686 1422 3759 fuerintintelliges,
1446 3690 1492 3744 si
1514 3690 1735 3744 Paulum
1765 3690 1951 3746 audias
1982 3691 2275 3747 dicentem:

742 3798 759 3829 ι
782 3777 981 3833 Paulus
1008 3779 1220 3833 vinctus
1248 3778 1375 3834 Jesu
1422 3780 1625 3834 Christi
1650 3779 1694 3809 ”
1720 3797 1732 3832 :
1759 3798 1777 3830 ι
1806 3794 1869 3832 ac
1902 3780 2154 3836 similiter
2203 3797 2281 3836 re-

738 3870 870 3939 liqui
930 3871 1179 3941 discipuli
1232 3888 1329 3941 pro
1365 3871 1566 3927 Christi
1604 3871 1799 3925 vinctis
1846 3871 2096 3927 habendi.
2142 3871 2281 3938 Quin

731 3962 896 4016 etiam
932 3962 967 4014 ii
997 3964 1090 4030 qui
1120 3963 1175 4017 in
1205 3964 1550 4019 tabernaculo
1579 3962 1863 4035 (corporis)
1892 3965 2047 4033 quasi
2078 3948 2130 4019 in
2162 3967 2280 4019 vin-

734 4052 873 4105 culis
924 4058 1069 4116 sunt,
1117 4051 1300 4121 lugent
1344 4054 1711 4123 Supplicantes
1742 4070 1772 4108 a
1804 4040 2032 4110 vinculis
2093 4056 2227 4125 eripi
2264 4071 2279 4107 :

734 4153 903 4210 quare
931 4138 1119 4210 dicunt
1145 4158 1157 4192 :
1195 4157 1215 4189 ι
1233 4137 1437 4213 infelix
1450 4154 1549 4211 ego
1571 4134 1752 4207 homo,
1776 4141 1898 4211 quis
1923 4157 2006 4197 me
2035 4140 2284 4195 liberabit

734 4246 801 4284 ex
836 4244 1062 4299 corpore
1108 4229 1302 4303 mortis
1336 4229 1497 4299 hujus
1527 4231 1605 4284 “i
1641 4250 1659 4283 ι
1692 4224 1804 4297 Qui
1839 4248 1967 4303 ergo
2016 4230 2285 4302 corrupti-

736 4320 829 4375 bili
849 4336 1075 4392 corpore
1102 4322 1283 4377 onusti
1315 4330 1460 4389 sunt,
1495 4328 1549 4377 et
1577 4326 1978 4394 corruptionem
2035 4338 2285 4378 aversan-

736 4417 846 4476 tur,
894 4419 1167 4482 gementes
1214 4412 1271 4466 in
1317 4414 1419 4468 hac
1448 4416 1787 4485 corruptibili
1830 4416 1959 4479 vita,
1995 4416 2159 4469 vincti
2190 4414 2281 4469 Dei

738 4508 885 4565 sunt,
918 4510 971 4558 et
999 4502 1286 4573 compediti
1309 4505 1447 4573 ejus,
1476 4521 1705 4575 quorum
1746 4507 2152 4577 deprecationes
2174 4520 2281 4560 non

737 4592 993 4662 despiciet
1014 4609 1185 4663 neque
1206 4595 1563 4651 aversabitur.
1611 4598 1714 4664 Qui
1740 4614 1866 4653 vero
1909 4596 2123 4651 vincula
2180 4609 2279 4650 sua

739 4683 1093 4755 impinguant,
1119 4694 1172 4742 et
1204 4688 1371 4743 nimia
1399 4689 1672 4758 voluptate
1731 4690 1933 4756 fovent,
1966 4688 2131 4745 vincti
2154 4703 2279 4743 cor-

738 4776 1002 4847 ruptionis
1026 4783 1082 4852 et
1114 4783 1301 4835 mortis
1323 4781 1446 4850 jure
1467 4780 1734 4836 dicantur.

2376 3337 2481 3375 ταν
2530 3340 2548 3372 ι
2590 3320 2712 3374 Ἐπὶ
2732 3321 2853 3375 τινα
2874 3321 3142 3391 ὲπιδλέψω
3180 3322 3213 3393 ἢ
3246 3322 3337 3375 ὲπὶ
3368 3322 3459 3375 τὸν
3492 3323 3665 3394 πρᾶον
3700 3323 3792 3376 καὶ
3831 3340 3911 3377 τσ-

2378 3412 2579 3477 πεινὸν,
2615 3414 2708 3465 καὶ
2740 3412 2959 3493 ήσύχιον
2986 3414 3077 3467 καὶ
3104 3413 3372 3485 τρέμοντά
3397 3430 3496 3485 μου
3519 3415 3645 3478 τοῦς
3671 3414 3908 3484 λόγουςςι

2377 3504 2709 3577 Θαρσοῦντες
2741 3501 2832 3559 οὖν
2852 3504 3118 3577 ξητήσατε
3150 3506 3240 3558 τὸν
3290 3506 3438 3573 Θεὸν,
3465 3507 3686 3573 ειδότες,
3715 3510 3794 3562 ὃτι
3820 3511 3915 3561 εἰσ·

2379 3597 2666 3652 ακούσεται
2714 3596 2864 3669 ὑμῶν
2911 3597 3018 3651 τῶν
3071 3598 3312 3668 πενήτων
3355 3599 3576 3671 Κύριος,
3664 3602 3759 3655 καὶ
3805 3603 3913 3663 τοὺς

2378 3687 2777 3758 πεπεδημένους
2826 3687 2990 3742 αὐτοῦ
3032 3690 3130 3742 οὐκ
3160 3688 3520 3753 ὲξουδενώσει·
3568 3690 3601 3761 ἢ
3648 3692 3790 3746 κατὰ
3838 3692 3915 3743 τὸν

2380 3780 2688 3849 Σύμμαχον,
2740 3797 2758 3829 ι
2806 3778 2916 3832 Καὶ
2972 3780 3096 3843 τοὺς
3137 3779 3415 3849 δεσμώτας
3449 3782 3573 3844 τοὺς
3619 3783 3808 3837 ἑαυτοῦ
3832 3783 3915 3837 οὐκ

2381 3870 2715 3935 ὲξευτελὶσει.
2750 3890 2768 3922 ι
2829 3871 3058 3941 Νοήσεις
3106 3870 3162 3924 δὲ
3218 3872 3364 3935 ὅπως
3424 3872 3475 3924 οἱ
3528 3874 3737 3943 πτωχοὶ
3791 3870 3915 3928 οῦτοι

2380 3964 2648 4033 δεσμῶται
2672 3964 2765 4015 καὶ
2792 3963 3145 4033 πεπεδημένοι
3166 3962 3446 4031 γεγόνασιν
3477 3964 3687 4019 ἀκούων
3724 3966 3915 4020 Παύλου

2381 4051 2649 4119 λέγοντος-ε
2704 4070 2721 4101 ι
2776 4050 2981 4114 Παῦλος
3017 4051 3238 4122 δέσμιος
3299 4050 3471 4122 Ἰησοῦ
3524 4054 3782 4126 Χριστοῦ·
3821 4076 3837 4106 ι
3880 4049 3917 4123 ᾧ

2381 4143 2772 4213 παραπλησίως
2813 4143 2906 4197 καὶ
2968 4145 3017 4195 oi
3071 4144 3248 4198 λοιποὶ
3282 4145 3517 4217 μαθηταὶ
3546 4146 3756 4217 δέσμιοι
3794 4144 3915 4218 ἦσαν

2380 4234 2629 4303 Χριστοῦ.
2678 4234 2836 4287 Ἀλλὰ
2884 4234 2979 4287 καὶ
3009 4237 3058 4288 oi
3104 4235 3253 4301 ὅντες
3298 4239 3355 4291 ὲν
3404 4238 3481 4309 τῷ
3536 4241 3722 4310 σκήνει
3751 4238 3915 4309 ὥσπερ

2380 4326 2439 4377 ὲν
2472 4324 2683 4394 δεσμοῖς
2720 4325 2869 4388 ὄντες
2904 4325 3141 4379 στένουσι
3178 4327 3396 4399 λυθῆναι
3437 4329 3547 4384 τῶν
3586 4330 3798 4401 δεσμῶν
3826 4332 3918 4381 ικεο-

2380 4416 2637 4479 τεύοντες·
2669 4416 2751 4469 διό
2775 4433 2922 4485 φασι·
2958 4434 2977 4467 ι
3006 4418 3356 4490 Ταλαιπωρος
3402 4422 3511 4489 ἐγὼ
3530 4421 3829 4491 ἄνθρωπος,
3848 4422 3916 4483 τίς

2387 4528 2451 4581 με
2483 4510 2698 4579 ῥύσεται
2737 4513 2800 4564 ὲκ
2829 4512 3075 4584 σώματος
3128 4510 3219 4565 τοῦ
3255 4511 3481 4566 θανάτου
3538 4513 3729 4567 τούτου
3758 4530 3812 4579 ;»
3864 4513 3916 4566 Ol

2386 4601 2485 4671 μὲν
2514 4596 2609 4654 οὖν
2641 4601 2702 4654 τὸ
2731 4600 2960 4673 φθαρτὸν
2990 4601 3145 4673 σῶμα
3190 4601 3532 4675 βαρούμενοι,
3572 4604 3665 4657 καὶ
3686 4604 3785 4675 τήν
3807 4603 3915 4671 φθο-

2385 4689 2483 4761 ρὰν
2515 4691 2993 4763 ἀποστρεφόμενοι,
3020 4694 3291 4757 στένοντές
3346 4710 3404 4747 τε
3437 4692 3530 4745 ἐπὶ
3586 4692 3666 4762 τῷ
3713 4692 3916 4763 φθαρτῷ

2385 4780 2502 4850 βίῳ,
2532 4781 2799 4851 δεσμῶται
2832 4782 2923 4837 τοῦ
2963 4784 3095 4839 Θεοῦ
3128 4787 3466 4857 τυγχάνουσι,
3502 4784 3596 4837 καὶ
3630 4784 3916 4855 πεπεδημέ-

737 4889 817 4925 νοι
847 4870 1032 4937 αὑτοῦ,
1059 4865 1133 4927 ὧν
1156 4874 1252 4937 τὰς
1274 4876 1436 4946 εὐχὰς
1466 4878 1564 4931 οὐκ
1594 4875 1954 4941 ὲξουδενώσει,
1993 4878 2112 4931 οὐδὲ
2143 4877 2635 4947 ἀποστραφήσεται.
2676 4878 2738 4930 Οἱ
2763 4878 2819 4931 δὲ
2849 4880 2973 4943 τοὺς
2994 4879 3196 4934 ἑαυτῶν
3221 4878 3450 4950 δεσμοὺς
3476 4878 3799 4947 πιαίνοντες,
3837 4879 3917 4931 καὶ

737 4963 825 5019 διὰ
860 4965 1055 5038 πολλῆς
1086 4967 1295 5040 τρυφῆς
1321 4968 1684 5041 περιέποντες,
1716 4969 1988 5042 δεσμῶται
2020 4971 2223 5043 φθορᾶς
2260 4971 2351 5024 καὶ⁵
2373 4971 2597 5026 θανάτου
2622 4971 2861 5042 λεχθεῖεν
2889 4973 2954 5028 ἂν
2988 4975 3227 5038 εἰκότως.

811 5081 969 5141 Vens.
994 5086 1081 5141 '55.
1110 5107 1127 5139 ι
1165 5088 1407 5145 Laudent
1444 5091 1593 5146 illum
1635 5092 1755 5147 coeli
1784 5099 1839 5146 et
1867 5099 2028 5159 terra,
2062 5106 2209 5147 mare
2228 5100 2282 5147 et

738 5172 917 5225 omnia
945 5176 1155 5243 reptilia
1178 5178 1233 5231 in
1255 5194 1338 5235 eo.
1367 5198 1386 5231 ι
1433 5178 1695 5245 Quoniam
1750 5196 1969 5252 regnum
2020 5184 2279 5239 caelorum

740 5261 1062 5336 pauperibus
1091 5267 1359 5334 pollicitus
1402 5277 1487 5325 est
1541 5269 1625 5326 his
1672 5270 1886 5326 verbis:
1931 5290 1949 5323 ι
1980 5270 2126 5327 Beati
2154 5288 2281 5343 pauc

738 5365 894 5421 peres
918 5354 1127 5423 spiritu,
1159 5360 1413 5427 quoniam
1454 5357 1693 5430 ipsorum
1742 5370 1825 5418 est
1871 5376 2094 5434 regnum
2115 5364 2280 5422 ταξιο-

739 5458 858 5497 rum
918 5444 995 5511 ⁶⁸;
1028 5462 1047 5497 ι
1109 5446 1393 5505 admodum
1450 5462 1851 5523 consequenter.
1882 5463 2163 5528 postquam
2212 5456 2279 5513 de

740 5536 1063 5605 pauperibus
1123 5537 1331 5596 locutus
1349 5551 1475 5611 est,
1531 5542 1736 5601 infert:
1777 5543 2061 5604 «Laudent
2126 5548 2277 5605 illum

811 5686 1072 5762 '_'_Ma_ttb.
1131 5708 1248 5762 xm,
1306 5672 1390 5751 i6.

2242 5705 2286 5737 “
2337 5702 2443 5763 In.
2496 5718 2644 5770 var,
2697 5704 2751 5759 2.

2461 5111 2480 5144 ι
2522 5092 2895 5148 Αἱνεσάτωσαν
2928 5093 3086 5145 αὐτὸν
3111 5092 3323 5162 οὐρανοὶ⁵
3345 5093 3438 5147 καὶ
3459 5093 3552 5165 γῆ,
3574 5094 3817 5152 θάλασσα
3838 5092 3917 5147 καὶ

2386 5180 2559 5236 πάντα
2586 5180 2657 5234 τὰ
2676 5180 2907 5252 ἒρποντα
2952 5183 3009 5235 ὲν
3060 5182 3248 5253 αὐτῇ.»
3303 5183 3517 5257 Ἐπειδὴ
3545 5189 3653 5250 τοῖς
3705 5189 3914 5257 πτωχοῖς

2384 5272 2741 5343 επηγγεῐλατο
2764 5271 3036 5342 βασιλείαν
3091 5272 3333 5345 οὐρανῶν
3374 5275 3563 5341 εἰπὼν,
3596 5295 3616 5329 ι
3659 5278 3915 5347 Μακάριοι

2382 5366 2430 5417 οι
2452 5367 2652 5437 πτωχοὶ
2684 5365 2762 5436 τῷ
2788 5366 3072 5438 πνεύματι,
3110 5368 3191 5421 δτι
3227 5367 3404 5439 αὐτῶν
3440 5370 3585 5423 ἐστιν
3624 5371 3658 5442 ή
3691 5366 3915 5440 βασιλεία

2384 5457 2489 5511 τῶν
2508 5457 2800 5529 οὐρανῶν-ι
2835 5457 3035 5530 σφόδρα
3055 5458 3356 5524 ἀκολούθως
3386 5460 3526 5531 μετὰ
3554 5460 3642 5514 τὸν
3673 5462 3800 5532 περὶ
3824 5456 3914 5511 τῶν

2383 5551 2627 5624 πενήτων
2649 5552 2802 5619 λόγον
2826 5550 3095 5622 ιπιφέρειν
3128 5568 3149 5602 ι
3185 5551 3559 5605 Δινεσάτωσαν
3585 5550 3747 5606 αὑτὸν
3772 5551 3913 5618 obpa-

2862 5707 2912 5780 ξι
2952 5706 3176 5762 Philem.
3218 5719 3256 5771 ι,
3290 5689 3342 5761 Ιῖ
3452 5706 3496 5738 ⁸⁵
3522 5698 3678 5763 Βοω.
3713 5720 3806 5771 vn,
3835 5702 3909 5760 26.
