3966 6348
4 407 80 461 Γδδ
1090 388 1582 448 COMMENTARIA
1606 385 1674 441 IN
1710 381 2051 439 PSALMOS.

3097 377 3196 448 76s

4 520 107 573 ιοίδ
160 513 384 584 Ἐπειδὴ
423 509 558 564 κατά
598 509 771 561 πᾶσαν
801 507 898 576 τὴν
934 506 1255 575 οἰκουμένην
1284 504 1424 556 κατά
1478 520 1535 555 τε
1567 555 1568 559 η

1670 498 1780 552 mli.
1815 516 1833 550 ι
1864 495 2001 562 Quia
2052 507 2179 549 vero
2224 490 2465 547 futurum
2497 494 2720 553 erat,'ut
2753 501 2848 558 per
2892 494 3066 545 totum
3095 504 3185 545 or—

4 615 79 678 ςῆν
107 610 199 662 καὶ
233 606 513 660 Θάλασσαν
538 601 766 674 ήμελλον
803 597 1117 667 Ἐκκλησίαι
1139 595 1214 666 τῷ
1255 595 1373 664 Θεῷ
1400 595 1546 647 συνί-

4 701 207 757 ιτασθαι
237 701 306 752 ἐκ
337 696 442 750 τῶν
493 677 929 764 προλελεγμένων
957 685 1206 757 πτωχῶν,
1247 685 1549 747 ἀκολούθως

4 791 372 860 πισυνῆπται,
416 806 434 837 ι
471 785 563 837 καὶ
586 784 655 853 γῆ
711 780 804 833 καὶ
845 778 1084 832 θάλασσα
1128 777 1221 829 καὶ
1267 776 1442 833 πάντα
1484 775 1550 828 τὰ

4 882 316 952 Ξρποντα’ἐν
349 879 578 938 αὐτοῖς.»
611 875 879 944 ’Ἑρποντα
912 870 967 922 δέ
1016 867 1108 922 ἐπὶ
1147 867 1250 936 γῆς
1303 867 1396 920 καὶ
1444 865 1544 918 θα-

4 975 183 1040 ιάσσης
211 967 449 1022 ἐνταῦθα
473 963 796 1036 κελευόμενα
823 961 917 1013 σὺν
946 955 1154 1028 οὐρανῷ
1170 956 1262 1008 καὶ
1286 958 1355 1024 γῇ
1386 956 1551 1008 αἰνεῖν

4 1066 52 1117 ιά
80 1064 205 1131 ἔθνη
224 1058 484 1129 τυγχάνει
512 1056 578 1108 τά
601 1057 654 1107 ὲν
677 1051 752 1120 τῷ
785 1049 960 1120 θνητῷ
993 1047 1090 1119 βίῳ
1120 1045 1227 1099 τῶν
1254 1044 1552 1117 ἀνθρώπων

4 1153 230 1223 ἑρπετῶν
243 1150 404 1219 δίκην
431 1148 491 1200 τὸ
507 1144 728 1198 παλαιὸν
744 1142 837 1196 ἐπὶ
857 1139 930 1210 τῷ
961 1138 1141 1208 στήθει
1169 1137 1260 1188 καὶ
1282 1137 1347 1205 τῇ
1379 1134 1554 1204 κοιλίᾳ

4 1222 352 1313 πορευόμενα.
381 1237 488 1292 Kal
510 1233 659 1302 παρά
701 1231 776 1301 τῷ
819 1230 1016 1299 Ἡσαΐᾳ
1047 1224 1208 1297 θηρία
1238 1225 1335 1313 καί
1354 1222 1556 1294 ἐρπετά

4 1308 337 1402 ἀλληγορικῷ
369 1323 644 1398 τρόπῳτά
690 1322 816 1393 έθνη
854 1319 1136 1390 κέκληται,
1175 1318 1231 1370 ἐν
1281 1308 1360 1378 οἷς
1409 1313 1556 1383 εἴρη-

4 1442 96 1477 ται·
135 1443 151 1473 ι
179 1421 297 1476 Kal
343 1417 776 1490 συμδοσκήσεται
825 1413 987 1474 λύκος
1056 1407 1194 1481 μετά
1242 1406 1421 1477 ἀρνὸς,
1465 1403 1557 1456 καὶ

4 1515 252 1583 πάρδαλις
277 1506 747 1580 συναναπαύσεται
799 1502 988 1574 ἐρίφῳ,
1027 1499 1122 1554 καί⁵
1142 1496 1274 1550 λέων
1301 1495 1374 1558 ὡς
1437 1492 1558 1563 βοῦς

4 1608 222 1675 φάγεται
271 1604 472 1672 ἄχυρα.
535 1598 642 1652 Kal
684 1595 890 1650 παιδίον
937 1593 1128 1662 νήπιον
1178 1587 1268 1641 ἐπὶ
1316 1585 1558 1659 τρώγλην

4 1666 234 1750 ἀσπίδων
273 1666 485 1748 καὶίέπὶ
517 1690 700 1758 κοίτην
725 1685 961 1756 ἐγγόνων
1003 1681 1239 1739 ἀσπίδων
1289 1679 1384 1750 τὴν
1410 1666 1568 1747 χεῖρα

6 1788 264 1850 ὲπιδαλεί,
294 1786 390 1839 καὶ
411 1785 470 1838 ού
514 1782 587 1854 μή
616 1780 1013 1849 ἀδικήσουσιν·›
1039 1775 1074 1828 ἀ
1094 1774 1188 1826 καὶ
1202 1767 1566 1843 διερμηνεύων

6 1881 119 1945 iii;
147 1881 174 1931 ὁ
197 1878 358 1942 λόγος
395 1874 659 1944 ἐπιφέρει·
697 1889 714 1922 ι
741 1869 850 1923 Kal
878 1867 1025 1920 ἔσται
1082 1865 1115 1934 ἡ
1152 1862 1275 1933 ῥίζα
1304 1859 1396 1913 τοῦ
1431 1858 1559 1910 Ἰεσ-

8 1969 89 2022 σαὶ
111 1966 205 2020 καὶ
241 1968 273 2020 ό
305 1963 657 2030 ἀνιστάμενος
692 1957 878 2028 ἄρχειν
923 1952 1110 2018 ἐθνῶν,
1163 1952 1221 2004 ἐν
1261 1946 1406 2016 αύτῷ
1435 1946 1558 2017 ἔθνη

8 2056 297 2112 ἐλπιοῦσω
327 2053 438 2122 Τῆς
459 2048 550 2104 οὖν
582 2045 876 2120 μεταόολῆς
912 2041 1114 2111 ταύτης
1149 2038 1256 2092 τῶν
1286 2035 1451 2090 ἐθνῶν
1471 2035 1563 2088 ἐπὶ

8 2152 66 2220 τῇ
95 2145 190 2200 τοῦ
233 2141 475 2215 Χριστοῦ
506 2137 775 2211 παρουσίᾳ
815 2131 1158 2204 γιγνομένης,
1204 2127 1425 2189 εἰκότως
1467 2127 1561 2179 σὺν

274 2235 373 2290 καί⁵
417 2237 526 2296 τοῖς
564 2231 682 2285 κατ’
719 2228 942 2299 οὐρανὸν
990 2223 1236 2305 ἀγγέλοις
1272 2220 1337 2273 τὰ
1376 2217 1562 2272 ἀποδο-

13 2311 158 2385 θέντα
207 2328 415 2403 ἐρπετά
467 2327 632 2379 αἰνεῖν
684 2321 1071 2392 προστάττεται
1124 2315 1212 2368 τὸν
1275 2313 1427 2366 Θεόν.
1477 2311 1566 2362 Διὸ

13 2402 265 2476 λέλεκται⁸
307 2444 326 2472 ι
355 2417 724 2472 Δίνεσάτωσαν
771 2412 930 2466 αὑτὸν
973 2407 1186 2480 οὐρανοὶ
1216 2407 1303 2457 καί
1343 2403 1435 2473 γῆ,
1475 2402 1567 2454 θά-

15 2516 176 2565 λασσα
209 2513 305 2564 καὶ
355 2510 530 2562 πάντα
568 2503 636 2557 τὰ
688 2503 926 2573 ἐρποντα
956 2501 1013 2551 ἐν
1062 2497 1299 2557 αὐτοῖς.»
1344 2491 1464 2554 Πῶς
1511 2487 1567 2542 δὲ

16 2605 224 2656 δύναται
257 2601 352 2652 τὸν
381 2598 511 2650 Θεὸν
551 2597 716 2648 αἰνεῖν
745 2592 812 2644 τὰ
853 2589 1074 2662 ἐρπετά,
1113 2590 1158 2639 εἰ
1201 2587 1274 2656 μὴ
1317 2584 1569 2654 μετάσχοι

19 2697 322 2765 φρονήσεως
352 2691 443 2758 καὶ
498 2687 631 2741 Θεοῦ
688 2684 970 2754 γνὼσεως;
1022 2678 1227 2733 Οὐκοῦν
1278 2677 1427 2729 θύσει
1471 2673 1568 2746 τὴν

19 2789 196 2842 θυσίαν
223 2786 328 2856 τῆς
362 2781 617 2842 αἰνέσεως
654 2778 748 2831 καὶ
773 2773 842 2828 τὰ
867 2771 1073 2845 ἑρπετά
1095 2789 1109 2835 ;
1141 2771 1258 2824 Ὀτι
1280 2769 1335 2822 δὲ
1361 2767 1567 2838 ἀνθρώ-

20 2895 142 2941 πους
170 2878 260 2930 διά
294 2874 498 2928 τούτων
529 2872 839 2931 αἰνίττεται,
862 2865 1098 2921 διδάσκει
1128 2863 1187 2917 τὸ
1217 2860 1560 2930 Εὑαγγέλιον,

1650 593 1778 646 bern.
1801 589 1854 642 in
1888 599 2032 643 terra
2062 593 2115 640 et
2149 585 2206 639 in
2240 583 2374 637 mari
2407 580 2662 637 Ecclesia:
2707 579 2817 635 Deo
2839 595 2904 635 ex
2937 596 3204 636 memera-

1649 683 1719 737 tis
1751 678 2080 750 pauperibus
2108 675 2589 736 constituerentur,
2628 669 2920 728 secundum
2961 669 3075 724 haec
3107 671 3190 723 ad-

1650 773 1793 827 ditur
1826 790 1839 823 :
1874 781 1984 824 net
2011 776 2154 823 terra
2185 775 2239 821 et
2270 782 2417 821 mare
2454 776 2506 820 et
2529 763 2708 818 omnia
2737 761 2942 831 reptilia
2971 761 3024 814 in
3056 761 3156 814 eis.
3179 779 3198 813 ι

1651 865 1781 931 Quae
1812 862 2024 931 reptilia
2054 860 2109 913 in
2135 867 2279 914 terra
2301 865 2354 912 et
2385 859 2441 912 in
2485 855 2623 910 mari
2673 870 2776 908 una
2816 869 2937 908 cum
2972 861 3118 906 terra
3152 858 3204 903 et

1651 956 1790 1012 ccelo
1829 953 2050 1016 laudare
2095 951 2381 1020 iubentur,
2423 955 2609 1019 gentes
2633 956 2944 1017 sunt,.quaa
2971 944 3098 997 olim
3151 944 3204 996 in

1654 1045 1866 1102 mortali
1891 1029 2168 1098 hominum
2203 1043 2311 1096 vita
2329 1039 2599 1110 reptilium
2632 1039 2802 1091 instar
2827 1049 2986 1107 supra
3016 1041 3206 1104 pectus

1654 1146 1706 1194 et
1756 1147 1993 1192 ventrem
2026 1134 2427 1206 gradiebantur.
2481 1130 2538 1186 ln
2574 1131 2713 1186 Isaia
2758 1143 2973 1200 quoque
3007 1127 3131 1182 fera:
3151 1132 3204 1180 et

1655 1230 1864 1299 reptilia
1913 1228 2204 1298 allegorice
2235 1241 2385 1282 more
2415 1232 2602 1296 gentes
2636 1230 2916 1285 vocantur,
2968 1235 3093 1275 cum
3121 1219 3202 1278 di-

1656 1325 1797 1377 citur
1828 1341 1841 1378 :
1881 1339 1900 1373 ι
1939 1319 2006 1374 Et
2035 1327 2220 1390 pascet
2243 1319 2401 1388 lupus
2439 1333 2560 1373 cum
2590 1330 2748 1386 agno,
2774 1321 2829 1370 et
2849 1311 3049 1384 pardus
3080 1325 3205 1365 cum

1658 1412 1809 1468 Medo
1837 1411 2143 1472 accubabit,
2185 1417 2238 1464 et
2272 1410 2358 1464 l'co
2393 1409 2550 1478 quasi
2591 1407 2690 1462 bos
2733 1403 2979 1460 comedet
3002 1402 3202 1474 paleas.

1659 1502 1723 1556 Et
1753 1516 1887 1571 puer
1911 1499 2092 1555 infans
2125 1501 2179 1553 in
2210 1498 2416 1554 foveam
2475 1497 2742 1567 aspidum,
2775 1498 2909 1553 etin
2945 1495 3118 1550 cubile
3143 1495 3206 1548 ii-

1660 1595 1855 1649 liorum
1918 1590 2164 1659 aspidum
2221 1604 2438 1643 manum
2491 1589 2729 1657 injiciet;
2761 1596 2819 1643 et
2857 1588 2990 1658 nihil
3017 1585 3210 1640 laedent

1661 1702 1781 1742 eum
1814 1686 1878 1738 “.
1919 1703 1936 1735 ι
1975 1683 2104 1749 Quae
2143 1682 2245 1737 sub
2276 1681 2388 1735 haec
2427 1681 2703 1751 explicans
2731 1679 2930 1734 infert:
2963 1698 2982 1731 ι
3009 1678 3076 1732 Et
3107 1678 3212 1732 erit

1663 1778 1816 1830 radix
1841 1774 2026 1838 Jessa,
2057 1782 2109 1828 et
2140 1771 2424 1843 quisurgit
2455 1772 2519 1826 ad
2539 1771 2907 1840 imperandum
2936 1771 3208 1842 gentibus,

1594 1843 1634 1896 Β
1665 1861 1717 1914 in
1745 1875 1866 1915 eum
1900 1867 2086 1931 gentes
2125 1858 2497 1929 sperabunt".
2531 1876 2550 1907 ι
2587 1855 2754 1910 Tanta
2776 1856 2941 1926 igitur
2968 1855 3209 1925 gentium

1663 1951 1959 2005 mutatione
1989 1951 2042 2003 in
2073 1950 2304 2003 adventu
2336 1948 2539 2004 Christi
2559 1947 2765 2013 eil‘ecta,
2783 1947 2903 2016 jure
2926 1961 3048 1999 cum
3070 1944 3215 2004 caelo

1663 2042 1803 2096 etiis
1823 2041 1918 2109 qui
1948 2041 2002 2093 in
2037 2037 2192 2094 'coelo
2241 2049 2368 2095 sunt
2417 2038 2630 2114 angelis
2692 2037 2946 2108 praedicta
3000 2036 3210 2106 reptilla

1665 2131 1828 2185 Deum
1872 2129 2076 2184 laudari
2108 2129 2388 2198 iubentur.
2421 2127 2599 2193 Quare
2625 2128 2830 2182 dictum
2857 2141 2940 2182 est
2967 2146 2980 2181 :
3011 2145 3030 2178 ι
3063 2125 3206 2180 Lau-

1663 2222 1790 2276 dent
1818 2222 1968 2274 illum
2009 2222 2128 2275 coeli
2164 2230 2217 2276 et
2247 2227 2413 2282 terra,
2449 2234 2598 2274 mare
2628 2226 2683 2271 et
2723 2220 2901 2273 omnia
2920 2218 3130 2288 reptilia
3155 2217 3216 2270 in

1664 2314 1762 2368 eis.
1795 2331 1811 2361 ι
1851 2312 2133 2378 Quomodo
2162 2311 2616 2381 possuntreptilia
2644 2309 2812 2364 Deum
2846 2309 3084 2376 laudare,
3106 2308 3245 2366 nisi.

1666 2402 1947 2472 prudentia
1979 2411 2032 2458 et
2063 2404 2372 2472 cognitione
2403 2400 2496 2456 Dei
2549 2397 2860 2455 instructa?
2888 2398 2966 2452 An
3000 2399 3217 2469 reptilia

1667 2494 1989 2550 sacrificium
2021 2495 2197 2548 laudis
2243 2492 2504 2549 offerent?
2565 2492 2718 2559 Quod
2776 2491 3058 2561 reptilibus
3105 2491 3210 2545 illis

1667 2586 1911 2639 homines
1938 2586 2367 2649 subindicentur,
2405 2589 2564 2638 docet
2595 2582 2939 2653 Evangelium
2973 2581 3057 2636 his
3093 2596 3216 2636 νον·
3266 2632 3270 2635 .

1664 2680 1746 2735 bis
1779 2696 1789 2730 :
1825 2701 1842 2729 ι
1872 2676 2153 2732 Genimina
2189 2680 2518 2746 viperarum,
2549 2677 2673 2744 quis
2703 2689 2797 2728 vos
2813 2673 2998 2727 docuit
3027 2671 3216 2742 fugere

1661 2778 1950 2825 acventura
1983 2770 2108 2824 ira?
2157 2768 2341 2822 Facite
2387 2782 2514 2837 ergo
2560 2764 2768 2820 fructus
2812 2761 3005 2834 dignos
3042 2761 3214 2832 pinni-

1660 2865 1841 2918 tentia:
1863 2863 1926 2916 “.
1967 2881 1986 2916 ι
3113 2860 3116 2863 ’

22 2975 72 3024 ὲν
94 2967 137 3039 ᾧ
163 2971 491 3040 γέγραπται·
540 2986 557 3018 ι
594 2965 904 3032 Γεννήματα
929 2957 1168 3031 ἐχιδνῶν,
1190 2957 1272 3020 τίς
1303 2955 1574 3021 ὑπέδειξεν
1608 2956 1733 3027 ὑμῖν
1767 2960 1953 3028 φυγεῖν
1981 2957 2086 3012 ἀπὸ
2112 2956 2208 3028 τῆς
2240 2954 2531 3026 μελλούσης
2556 2952 2756 3026 ὀργῆς;
2805 2951 3067 3021 Ποιήσατε
3123 2940 3216 3001 οὖν

23 3063 258 3135 καρποὺς
289 3061 472 3127 ἀξίους
498 3058 796 3132 μετανοίας.
825 3073 843 3106 ι

94 3184 244 3236 «Ὅτι
263 3179 438 3244 δΘεζις
467 3165 625 3231 σώσει
650 3176 748 3246 τήν
776 3173 931 3236 Σιὼν,
949 3173 1039 3225 καί
1059 3170 1562 3241 οἰκοδομηθήσονται

1733 3162 1897 3218 Vens.
1923 3162 2012 3225 56,
2033 3162 2119 3216 '57.
2149 3180 2168 3212 ι
2192 3157 2455 3224 Quoniam
2481 3157 2622 3211 Deus
2644 3155 2844 3209 salvam
2875 3153 3034 3240 faciet
3060 3154 3211 3222 Sion,

25 3277 75 3329 al
113 3275 294 3337 πόλεις
327 3242 430 3342 τῆς
481 3242 788 3330 Ἰουδαίας.»
845 3266 1029 3319 Δίτίαν
1075 3264 1362 3319 ἀποδίδωσι
1416 3262 1481 3316 δι’
1503 3265 1567 3332 ήν

1667 3262 1718 3308 et
1754 3249 2162 3306 aedificabuntur
2189 3248 2438 3301 civitates
2487 3242 2702 3298 Iudaee.
2747 3262 2766 3294 ι
2803 3243 3031 3298 Causam
3058 3244 3209 3300 eﬂ‘ert

25 3367 232 3437 οὐρανοὶ
268 3365 366 3420 καὶ
410 3362 483 3431 γῆ
520 3361 613 3414 καὶ
653 3359 890 3413 θάλασσα
933 3358 1024 3410 καὶ
1073 3357 1246 3409 πάντα
1269 3355 1336 3407 τὰ
1373 3355 1431 3406 ἐν
1475 3354 1570 3405 αὐ-

27 3459 126 3519 τοῖς
158 3455 394 3508 αἰνέσειν
447 3453 692 3519 λέγονται
740 3448 830 3501 τὸν
871 3447 1118 3501 ΘεόνΩἭ
1150 3447 1206 3500 δὲ
1236 3446 1382 3500 αἰτία
1427 3445 1570 3498 ἐστὶν

28 3548 178 3616 αὕτη,
223 3564 242 3598 ι
268 3546 391 3616 Ὀτι
423 3546 451 3597 ό
480 3542 610 3604 Θεὸς
642 3539 802 3594 σώσει
854 3538 952 3610 τὴν
982 3537 1137 3602 Σιὼν,
1162 3539 1255 3592 καὶ
1295 3537 1572 3608 οἰκοδομη-

30 3635 280 3706 θήσονται
320 3633 377 3686 αἰ
435 3631 614 3694 πόλεις
675 3627 977 3691 Ἰουδαίας.)
1029 3627 1192 3680 Ποίαν
1251 3627 1305 3679 δὲ
1338 3625 1493 3690 Σιὼν,
1537 3626 1570 3697 ἢ

28 3725 258 3798 δηλονότι
289 3724 386 3794 τὴν
412 3721 530 3776 καθ’
559 3720 682 3792 ὅλης
703 3720 798 3790 τῆς
819 3718 1132 3790 οἰκουμένης
1160 3717 1456 3788 ἱδρυθεῖσαν
1479 3715 1574 3770 τοῦ

33 3817 272 3888 Σιιντῆρος
318 3813 473 3887 ήμῶν
517 3812 1079 3883 Ἐκκλησίαν;Πόλεις
1124 3810 1180 3862 δὲ
1225 3810 1474 3888 Ἰουδαίας
1503 3807 1576 3880 μὴ

32 3885 190 3960 ὄκνει-
221 3885 401 3976 λέγειν
448 3905 544 3968 τάς
586 3903 968 3964 θεοπνεύστους
1022 3899 1259 3971 Γραφάς,
1317 3900 1382 3952 δι’
1425 3885 1573 3970 ’ῶνή

47 3999 300 4068 Ἰουδαῖκή
330 3995 569 4049 πολιτεία
622 3993 943 4047 τετύπωται.
1005 3991 1141 4044 Ἀλλ’
1192 3984 1348 4044 αὗται
1383 3990 1479 4060 μὲν
1522 3992 1578 4043 αἰ

37 4089 208 4151 πόλεις
240 4087 568 4158 καθῄρηντο,
599 4085 720 4137 ὅσον
760 4084 851 4135 ἐπὶ
892 4082 1181 4145 Ἰουδαίοις,
1217 4080 1495 4150 οἰκοδομὴν
1524 4081 1577 4133 δὲ

39 4181 280 4248 εἰλήφασι
315 4177 400 4230 διὰ
431 4179 530 4247 τῆς
561 4180 616 4230 ἐν
646 4177 860 4247 Χριστῷ
890 4177 1081 4246 καινῆς
1110 4175 1473 4237 διδασκαλίας·
1513 4175 1578 4228 δι’

1667 3359 1764 3397 cur
1782 3342 1925 3404 cceli,
1991 3347 2157 3404 terra,
2213 3351 2363 3390 mare
2394 3342 2447 3389 et
2477 3335 2655 3389 omnia
2714 3349 2834 3403 quae
2872 3333 2926 3387 in
2980 3336 3060 3389 eis
3091 3344 3218 3394 sunt

1669 3435 1834 3490 Deum
1863 3433 2143 3488 laudatura
2165 3446 2286 3486 esse
2313 3429 2580 3484 dicantur.
2619 3425 2693 3480 Ea
2728 3441 2854 3481 vero
2878 3433 2959 3480 est
2984 3444 2996 3478 :
3035 3443 3054 3476 ι
3077 3425 3218 3493 Quo-

1669 3529 1814 3580 niam
1852 3525 1990 3579 Deus
2015 3524 2219 3579 salvam
2253 3520 2412 3573 faciet
2442 3517 2596 3582 Sion,
2628 3525 2680 3570 et
2705 3514 3114 3570 aaditicabuntur
3137 3531 3219 3569 CI-

1669 3621 1862 3674 vitates
1892 3615 2106 3672 Judaeaa.
2130 3632 2148 3665 ι
2182 3612 2352 3678 Quam
2373 3609 2589 3665 Sionem
2622 3608 2772 3671 dicit,
2797 3606 2900 3662 nisi
2928 3604 3218 3660 Ecclesiam

1675 3708 1979 3766 Servatoris
2014 3703 2189 3771 nostri
2229 3702 2284 3754 in
2319 3706 2432 3753 toto
2460 3698 2589 3752 orbe
2615 3695 2933 3750 fundatam?
2964 3694 3221 3750 Civitates

1675 3807 1852 3853 autem
1886 3795 2082 3851 ludam
2104 3809 2172 3848 ne
2211 3780 2487 3845 cunéteris
2517 3787 2697 3842 dicere
2724 3785 2986 3838 divinitus
3015 3783 3222 3843 aliiatas

1678 3887 2005 3958 Scripturas,
2028 3884 2182 3955 queis
2209 3879 2512 3933 Judaaomm
2547 3873 2850 3944 respublica
2876 3867 3216 3928 informatur.

1679 3978 1783 4034 Sed
1831 3979 1913 4033 hae
1970 3975 2188 4045 quidem
2245 3969 2514 4033 civitates,
2581 3972 2841 4036 quantum
2895 3964 2959 4018 ad
3007 3963 3219 4020 Iudaeos

1679 4067 1985 4140 spectat,de
2007 4065 2181 4119 medio
2213 4063 2435 4116 sublata:
2451 4066 2604 4125 sunt;
2637 4060 2728 4113 sed
2757 4057 2934 4111 denuo
2953 4056 3222 4110 aedificatae

1681 4179 1774 4235 per
1806 4175 1995 4216 novam
2027 4158 2080 4211 in
2099 4157 2312 4211 Christo
2351 4143 2648 4210 doctrinam
2683 4152 2850 4213 fuere,
2888 4157 2990 4219 Qua
3019 4158 3070 4203 et
3097 4163 3222 4203 vera

37 4268 98 4338 ἦς
125 4236 216 4320 ξιέιι
243 4269 278 4338 ὴ
303 4236 524 4336 ἀληθινή
549 4236 810 4334 περιτομὴ
832 4236 1166 4326 συνίσταται,
1206 4264 1298 4316 καί
1327 4263 1394 4315 τὰ
1427 4236 1568 4316 πνευ-

1684 4247 2022 4304 circumcisio
2073 4245 2346 4308 consistit,
2388 4258 2596 4297 necnon
2634 4240 2933 4310 spiritualia
2966 4236 3219 4297 Sabbata.

42 4334 238 4427 ματικά
266 4334 560 4419 'msem,
606 4355 699 4408 καὶ
755 4357 807 4407 αἰ
863 4355 1222 4425 πνευματικαὶ
1269 4355 1444 4407 θυσίαι
1493 4356 1568 4407 κα¹

1684 4339 1988 4411 spirituales
2015 4339 2205 4393 hostia:
2243 4345 2296 4391 et
2319 4335 2498 4390 omnia
2519 4349 2636 4403 quae
2678 4334 2789 4385 haec
2821 4339 3227 4398 consequuntur

42 4420 208 4501 πάντα
236 4446 448 4508 τούτοις
490 4441 791 4505 ἀκολούθως
838 4440 976 4495 κατά
1004 4420 1109 4512 ’τὴν
1160 4440 1448 4511 ἑρμηνείαν
1493 4439 1568 4490 τοῐ

1685 4431 1979 4489 secundum
2029 4429 2519 4497 interpretationem
2577 4424 2870 4494 spiritualis
2920 4423 3068 4492 legis.
3135 4420 3225 4475 Sic

42 4537 402 4610 πνευματικοῦ
430 4535 612 4604 νόμον.
632 4533 816 4601 Οὖτως
840 4529 930 4586 οὖν
960 4532 1360 4602 οἰκοδομοῦνται
1410 4531 1466 4582 αἱ
1494 4528 1568 4581 πό

1688 4523 1866 4592 itaque
1889 4520 2224 4576 aediﬁcantur
2250 4518 2497 4571 civitates
2517 4515 2735 4581 Judeeaz,
2768 4515 2820 4568 in
2851 4515 3037 4584 eisque
3070 4514 3225 4568 inha-

43 4631 144 4693 λεις
171 4605 273 4702 τῆς
315 4626 587 4687 Ἰουδαίας,
627 4625 722 4690 καὶ
764 4625 1175 4694 κατοικήσουσιν
1218 4621 1273 4673 ἐν
1316 4620 1502 4681 αὐταῖς
1535 4635 1562 4669 ο

1682 4617 1930 4671 bitabunt
1961 4615 2106 4668 cives
2138 4619 2190 4665 et
2221 4609 2461 4664 heredes
2495 4610 2882 4679 promissorum
2918 4622 3037 4677 quae
3065 4607 3117 4660 in
3144 4605 3227 4660 di-

44 4694 248 4774 πολῖται
271 4719 438 4775 καὶ,οἰ
469 4712 786 4785 κληρονόμοι
816 4710 922 4764 τῶν
941 4713 997 4764 ἐν
1016 4713 1134 4772 ταῖς
1160 4709 1328 4770 θείαις
1346 4708 1568 4778 Γραφαῖι

1683 4706 1824 4761 vinis
1873 4701 2168 4773 Scripturis
2208 4699 2476 4754 feruntur.
2505 4700 2683 4765 Quare
2709 4699 2913 4751 dictum
2960 4707 3043 4752 est
3068 4712 3080 4747 :
3109 4715 3128 4747 ι
3161 4694 3228 4749 Et

46 4810 476 4881 ἐπηγγελμένων·
504 4806 581 4859 διὸ
612 4805 879 4858 λέλεκται·
914 4821 934 4853 ι
967 4803 1074 4856 Καὶ
1103 4800 1568 4872 κληρονομήσουσιι

1681 4792 2069 4850 ἰιιθτεόίιδὺυηι
2102 4790 2266 4842 illam.
2306 4808 2326 4841 ›
2359 4787 2463 4842 Sed
2486 4787 2646 4842 etiam
2680 4804 2699 4837 ι
2738 4802 2918 4841 semen
2951 4799 3226 4840 servorum

47 4876 260 4969 αὑτήν.»
285 4876 468 4952 *Ἀλλά
504 4899 597 4954 xal
657 4917 675 4949 ι
707 4897 766 4950 τὸ
794 4896 1011 4967 σπέρμα
1042 4894 1148 4946 τῶν
1197 4895 1392 4946 δούλων
1424 4888 1568 4943 αὐτοί

1688 4889 1806 4958 ejus
1827 4883 2118 4958 possidebit
2141 4895 2279 4937 eam.
2309 4899 2326 4933 ι
2359 4880 2508 4936 Servi
2535 4885 2710 4934 autem
2738 4879 2855 4947 ejus
2876 4878 2968 4948 qui
3007 4876 3224 4938 fuerint,

49 4991 354 5055 καθέξουσιν
382 4991 568 5061 αὑτήν.
592 5010 608 5041 ι
663 4987 844 5041 Δοῦλοι
875 4985 931 5037 δὲ
976 4983 1138 5036 αὐτοῦ
1186 4985 1326 5045 τίνες
1353 4981 1416 5033 ἂν
1457 4975 1586 5044 εἷεν,

50 5079 317 5148 ήπαντως
341 5079 389 5129 οἰ
445 5078 538 5129 τοῦ
575 5077 822 5147 Σωτῆρος
862 5073 1016 5145 ἡμῶν
1066 5071 1335 5141 μαθηταὶ,
1394 5068 1486 5121 καὶ
1529 5067 1590 5118 τὸ

54 5169 262 5239 σπέρμα
286 5166 348 5218 τὺ
380 5165 500 5218 καθ’
538 5168 665 5236 ὅλης
713 5169 810 5236 τῆς
857 5162 1172 5233 οἰκουμένης
1226 5157 1588 5228 κατασπαρέν,

55 5262 180 5330 ὅπερ
221 5257 321 5328 τήν
374 5255 729 5326 κληρονομίαν
778 5256 876 5326 τήν
932 5252 1338 5328 ἐπηγγελμένην
1385 5249 1441 5300 ἐν
1475 5249 1594 5310 ταῖς

56 5350 218 5412 θείαις
243 5348 486 5418 Γραφαῖς
537 5344 784 5411 καθέξει;
828 5345 983 5396 ’Δλλά
1014 5334 1137 5395 καῖ’
1167 5358 1185 5390 ι
1212 5342 1259 5392 οί
1281 5337 1594 5406 ἀγαπῶντες

58 5439 109 5490 τὺ
141 5438 312 5506 ὄνομα
337 5429 499 5487 αὑτοῦ
546 5428 1051 5501 κατασκηνώσουσιν
1088 5431 1144 5481 ἐν
1186 5427 1341 5496 αὐτῇ,
1371 5443 1391 5477 ›
1439 5424 1592 5494 δῆλον

61 5532 94 5582 δ’
127 5532 205 5584 ὅτι
235 5533 304 5599 τῇ
324 5527 675 5598 κληρονομίας
707 5521 787 5587 οἷς
830 5524 1162 5595 λεχθήσεταιο
1203 5540 1221 5570 ι
1251 5520 1407 5572 Δεῦτε
1427 5520 1476 5571 οἰ
1504 5519 1590 5570 εύ-

61 5622 338 5690 λογημένοι
366 5619 460 5673 τοῦ
483 5618 690 5687 Πατρός
726 5633 844 5688 μου,
875 5614 1305 5710 κληρονομήσατε
1334 5612 1427 5680 τὴν
1453 5612 1591 5680 ἡτοι-

1693 4980 1798 5035 nisi
1824 4974 1964 5032 haud
2019 4972 2182 5028 dubie
2226 4970 2520 5027 Salvatoris
2555 4970 2726 5026 nostri
2750 4966 3021 5038 discipuli,
3064 4970 3118 5019 et
3153 4981 3233 5020 se-

1693 5083 1813 5123 men
1839 5067 1894 5120 in
1915 5063 2171 5120 universo
2196 5066 2326 5118 orbe
2371 5074 2640 5130 sparsum,
2691 5059 2832 5129 quod
2861 5056 3232 5111 haereditatem

1694 5158 1751 5212 in
1782 5157 1977 5212 divinis
2036 5154 2353 5225 Scripturis~
2388 5153 2709 5222 promissam
2753 5146 3045 5204 obtinebit?
3080 5146 3195 5202 lmo
3217 5186 3234 5210 ,

1703 5265 1724 5299 ι
1759 5247 1850 5317 qui
1882 5245 2109 5315 diligunt
2161 5258 2356 5298 nomen
2395 5241 2524 5311 ejus‘
2577 5239 2887 5295 babitabunt
2916 5237 2970 5291 in
3019 5253 3104 5301 ea,
3127 5256 3145 5288 ι
3182 5237 3233 5290 id

1696 5347 1799 5402 est,
1852 5337 1908 5391 in
1958 5352 2020 5391 ea
2041 5335 2382 5392 haereditate.
2439 5333 2648 5399 Quibus
2703 5325 3229 5386 dieeturuVenite,

1696 5427 1958 5482 benedicti
1979 5425 2152 5482 Patris
2179 5426 2301 5488 mei,
2325 5423 2582 5493 percipite
2630 5435 2851 5489 regnum
2884 5418 3037 5472 vobis
3073 5428 3230 5486 para.

1694 5526 1806 5572 tum
1833 5533 1862 5570 a
1893 5519 2292 5573 constitutione
2321 5514 2503 5567 mundi
2533 5514 2596 5563 ‘°.
2650 5531 2667 5562 ι
2708 5509 2859 5576 Quod
2902 5508 2947 5563 si
2992 5503 3228 5560 cmlestil

1695 5608 1763 5662 sit
1790 5605 1883 5661 Dei
1913 5607 2099 5664 civitas
2137 5608 2285 5672 Sion,
2325 5605 2389 5660 de
2415 5619 2518 5676 qua
2556 5602 2843 5675 Apostolus
2867 5600 2979 5653 hac
3003 5594 3184 5652 docuit
3208 5609 3226 5644 :

130 5771 298 5828 “lsa.
326 5784 406 5836 ιι,
434 5769 542 5823 6-9.
620 5771 660 5801 ⁸⁷
684 5770 815 5825 ibid.
838 5769 917 5822 l0.
992 5767 1033 5798 ⁵⁸
1055 5763 1183 5816 Luc.
1221 5777 1300 5828 ιιι,
1327 5763 1384 5836 ~8.
1458 5764 1499 5794 ”
1532 5760 1716 5814 Matth.
1749 5775 1868 5823 xxv,
1895 5757 1977 5810 δί.
