3966 6348
28 474 102 528 'C-9
1123 464 1493 523 COMMENTA
1502 464 1613 519 RIA
1644 465 1711 519 IN
1749 464 2077 519 PSALMOS.

3095 475 3200 533 770

28 589 183 659 ιλγῶν
214 586 336 658 ὲγώ
360 590 494 661 ειμι,
525 588 558 659 ἡ
593 586 832 659 σωτηρία
878 601 989 647 σου,
1022 587 1051 639 ὸ
1071 585 1218 649 Θεὸς,
1252 581 1565 636 ἀντελάϐετό

1667 582 1719 636 in
1739 582 1986 653 praesenti
2016 588 2199 651 postea
2228 579 2397 636 dicit:
2432 599 2452 636 ι
2491 579 2601 654 Ego
2619 596 2746 638 vero
2774 598 2976 650 egenus
2996 594 3048 643 et
3066 600 3199 660 pau-

28 698 137 733 ιου·
177 699 197 731 ι
243 679 510 743 ὡσαύτως
544 679 601 733 δὲ
639 680 731 732 καὶ
766 680 822 732 ὲν
858 676 935 746 τῷ
956 676 1103 749 μετά
1134 677 1314 746 χεῖρας
1362 672 1559 745 προῖὼν

28 773 232 824 πάσκει·
266 789 288 822 ε
332 768 475 839 Ἐγὼ
504 769 559 821 δὲ
594 768 802 839 πτωχὸς
832 767 924 822 καὶ
955 765 1154 835 πένης,
1197 763 1225 815 ὁ
1261 763 1410 826 Θεὸς,
1441 762 1561 833 βοή-

28 864 167 933 ιησόν
193 879 316 933 μοι.
353 881 372 914 ι
401 862 560 915 Ὥστε
592 860 685 913 καὶ
712 858 797 912 διὰ
820 858 976 912 τοῦτο
1009 855 1313 925 ἀναγκαίως
1339 855 1561 927 ἐπιγρά-

26 974 122 1023 ρειν
156 974 175 1005 ι
214 956 306 1018 εἰς
342 954 403 1007 τὸ
451 953 621 1016 τέλος.
656 970 675 1004 ι
723 951 845 1004 Ἐάν
899 950 996 1025 μὲν
1029 945 1121 1003 οὖν
1160 950 1225 1001 ὲκ
1276 945 1561 1019 προσώπου

26 1049 93 1099 τοῦ
127 1045 302 1100 Δαυῒδ
327 1046 556 1116 λέγοιτο,
586 1045 752 1106 εἴποις
787 1042 851 1097 ἂν
895 1044 977 1095 ὅτι
1005 1040 1233 1113 μεγάλου
1269 1038 1562 1109 βασιλεύων

26 1138 224 1202 ἷθνους,
278 1137 489 1209 σφόδρα
543 1134 938 1196 πλουσιώτατος
976 1131 1080 1197 ὢν,
1135 1131 1234 1184 οὐκ
1275 1128 1457 1201 ἠγνόει
1502 1128 1564 1181 τὸ

26 1233 215 1298 ράσκον
249 1228 462 1298 λόγιον
494 1246 512 1279 ι
548 1229 694 1297 Ὅσῳ
730 1227 900 1296 μέγας
929 1219 1015 1287 εἴ,
1047 1221 1281 1292 τοσούτῳ
1308 1220 1562 1275 ταπεινοῦ

26 1320 265 1384 τεαυτὺν,
302 1323 398 1374 καὶ
436 1317 660 1374 ὶνώπιον
689 1313 891 1388 Κυρίού
925 1316 1175 1387 εὑρήσεις
1205 1314 1383 1385 χάριν.
1420 1333 1438 1365 ι
1475 1312 1564 1367 Διὸ

26 1412 420 1483 ιετριοφρονῶν
460 1411 551 1464 καὶ
591 1407 1021 1477 ταπεινοφρονῶν
1052 1408 1146 1459 καὶ
1186 1404 1398 1475 ἀληθῶς
1436 1422 1563 1473 σμιαο

26 1502 221 1575 ιρύνων
255 1504 485 1567 ἑαυτὸν,
527 1502 623 1555 καὶ
668 1499 802 1571 πρὸς
842 1494 902 1550 τὸ
945 1496 1168 1568 μέγεθος
1212 1496 1427 1567 ἀφορῶν
1470 1495 1562 1549 τοῦ

25 1596 241 1649 πλούτου
272 1594 381 1663 τῆς
410 1590 771 1665 χρηστότητος
801 1588 893 1644 τοῦ
914 1588 1046 1643 Θεοῦ
1066 1630 1081 1655 ,
1108 1587 1317 1658 πτωχὸν
1343 1586 1435 1641 καὶ
1468 1587 1563 1640 πέ-

26 1672 143 1757 νητα
194 1686 394 1740 ἑαυτὸν
444 1684 529 1738 διά
574 1685 683 1737 τῶν
728 1680 1096 1754 προκειμένων
1145 1679 1386 1749 ὠνόμασε
1412 1696 1423 1707 ·
1471 1678 1562 1732 καὶ

26 1776 315 1849 ἀρχόμενος
354 1775 411 1829 δὲ
448 1774 539 1827 τοῦ
568 1774 745 1842 λόγου,
775 1771 850 1835 ὡς
883 1769 1044 1841 μηδὲν
1082 1766 1228 1838 αὐτῷ
1266 1765 1561 1838 συμϐαλλο-

26 1871 197 1935 μένου,
235 1866 377 1935 μήτε
405 1862 653 1927 πλούτου,
680 1862 815 1933 μήτε
852 1858 1140 1929 βασιλείας,
1174 1858 1306 1928 μήτε
1345 1857 1441 1927 τῆς
1470 1855 1561 1909 τοῦ

1661 689 1755 743 per
1782 690 1921 740 sum,
1960 672 2117 739 Deus,
2152 671 2343 738 adiuva
2393 688 2497 730 me.
2545 693 2563 727 ι
2596 674 2672 729 Ita
2720 684 2778 729 ut
2826 692 2886 731 ea
2922 677 2990 733 de
3031 693 3199 735 causa

1668 785 1683 813 ι
1717 766 1769 819 in
1816 766 1973 820 tinem
2009 784 2029 817 ι
2082 764 2388 820 necessario
2446 764 2787 821 inscribatur.
2840 768 2992 843 Quod.
3046 772 3093 825 si
3129 785 3200 830 ex

1662 872 1889 927 persona
1924 856 2142 912 Davidis
2173 855 2499 927 proferatur,
2532 858 2680 913 dicas
2712 860 2834 914 licet
2870 861 3042 930 ipsum
3083 877 3201 917 ma-

1661 964 1776 1020 gna
1811 950 1982 1021 gentis
2025 966 2219 1020 regem,
2254 965 2319 1006 ac
2345 951 2709 1013 ditissimum,
2759 967 2866 1007 non
2926 954 3201 1023 ignorasse

1663 1054 1838 1097 tamen
1872 1042 2070 1095 dictum
2122 1042 2298 1097 illud:
2356 1060 2375 1093 ι
2415 1041 2626 1109 Quanto
2680 1044 2852 1111 major
2901 1058 2990 1109 es,
3051 1052 3203 1099 tanto

1662 1132 1833 1201 magis
1871 1132 2101 1200 teipsum
2149 1131 2404 1197 humilia,
2456 1139 2510 1185 et
2557 1131 2610 1184 in
2654 1140 2942 1200 conspectu
2988 1131 3202 1187 Domini

1663 1223 1903 1278 invenies
1927 1224 2151 1295 gratiam
2179 1225 2267 1276 η’.
2292 1243 2311 1275 ι
2340 1222 2517 1289 Quare
2548 1226 2820 1279 moderate
2852 1233 2903 1278 et
2932 1224 3205 1280 humiliter

1664 1316 1921 1380 sentiens,
1951 1332 2181 1385 vereque
2209 1330 2328 1370 sese
2361 1330 2581 1385 parvum
2627 1324 2900 1385 reputans,
2936 1331 2997 1369 ac
3032 1315 3204 1382 respi-

1663 1408 1811 1462 ciens
1842 1408 2263 1477 magnitudinem
2288 1408 2594 1463 divitiarum
2634 1408 2887 1462 bonitatis
2921 1408 3048 1473 Dei,
3084 1423 3207 1478 ege-

1663 1514 1788 1565 num
1824 1514 1883 1553 se
1928 1508 1982 1553 et
2012 1489 2300 1569 pauperem
2356 1500 2411 1553 in
2459 1498 2705 1567 prasenti
2750 1482 2997 1555 vocaviti
3046 1505 3208 1568 atque

1662 1602 1961 1643 sermonem
1992 1589 2229 1651 ordiens,
2263 1603 2326 1641 ac
2360 1588 2406 1643 si
2443 1584 2677 1653 divitia,
2734 1604 2987 1659 regnum,
3041 1591 3209 1645 totius

1662 1680 1839 1749 populi
1870 1680 2087 1743 auxilia,
2114 1681 2349 1752 itemque
2387 1680 2593 1750 justitia
2626 1694 2722 1750 per
2766 1681 3207 1737 exercitationem

1663 1777 1989 1849 comparata,
2020 1770 2155 1824 nihil
2185 1771 2287 1827 sibi
2338 1770 2668 1835 conferrent,
2696 1768 2866 1825 solius
2910 1769 3002 1825 Dei
3053 1772 3209 1827 auxi-

1663 1860 1791 1914 lium
1848 1862 2127 1930 expetebat
2183 1861 2414 1920 dicens:
2461 1880 2481 1916 ι
2534 1860 2708 1925 Deus,
2768 1860 2823 1916 in
2880 1860 3206 1929 adiutorium

26 1957 213 2020 παντὸς
253 1956 440 2019 ἔθνους
470 1954 714 2026 βοηθείας
733 1992 747 2015 ,
786 1954 917 2024 μήτε
941 1951 1037 2022 τῆς
1076 1948 1136 2013 εξ
1161 1949 1441 2019 ἀσκήσεως
1472 1964 1563 2000 πο-

1667 1963 1841 2007 mcum
1857 1951 2071 2006 intende
2089 1970 2103 2019 ;
2122 1951 2363 2017 Domine,
2389 1952 2455 2007 ad
2475 1953 2834 2023 adjuvandum
2854 1964 2939 2007 me
2956 1953 3169 2008 festina.
3184 1972 3201 2004 ι

24 2047 296 2118 ρισθείσης
339 2045 486 2117 αὐτῷ
527 2043 882 2115 δικαιοσύνης,
929 2042 1026 2112 τὴν
1072 2040 1217 2113 παρά
1270 2039 1426 2110 μόνου
1473 2036 1565 2091 τοῦ

24 2138 149 2191 Θεοῦ
184 2138 445 2210 βοήθειαν
477 2134 835 2207 ὲξῄπιὶέγων
854 2150 868 2164 ·
910 2153 927 2185 ι
951 2133 1008 2185 '0
1026 2132 1187 2195 Θεὸς,
1214 2133 1291 2198 είς
1315 2129 1411 2202 τὴν
1440 2118 1566 2199 βοή-

26 2231 163 2299 Θειάν
192 2246 297 2301 μου
320 2228 571 2301 πρόσχες.
596 2218 787 2298 Κύριε,
822 2226 898 2288 είς
919 2224 979 2277 τὸ
1000 2222 1259 2295 βοηθῆσαί
1286 2239 1375 2294 μοι
1402 2220 1581 2273 amba.

29 2337 130 2372 σον.
163 2340 181 2371 ι
208 2319 405 2391 ,Ὁρῶν
447 2319 503 2372 δὲ
536 2316 758 2379 πολλοὺς
802 2314 1277 2384 διαφθονουμένους
1322 2315 1387 2383 τῇ
1431 2308 1568 2364 κατὰ

28 2412 148 2465 Θεὸν
170 2409 339 2465 αὐτοῦ
364 2410 608 2482 προκοπῇ
640 2407 733 2461 καὶ
761 2404 1146 2476 βασκαίνοντας
1172 2405 1333 2461 αὑτοῦ
1361 2406 1425 2475 τῇ
1458 2421 1564 2458 σω-

27 2504 181 2574 ’τηρίειτ⁵
219 2504 321 2574 τῆς
354 2501 561 2572 ψυχῆς,
607 2497 909 2570 προσετίθει
940 2497 1033 2559 τὸ,
1061 2516 1080 2548 ι
1119 2496 1565 2567 Αἰσχυνθήτωσαν

24 2597 115 2647 -καὶ
160 2595 580 2664 ὲντραπήτωσαν
629 2592 677 2644 ot
727 2587 1013 2659 ζητοῦντες
1060 2588 1157 2660 τὴν
1206 2588 1380 2658 ψυχήν
1442 2603 1562 2657 μου.

30 2672 555 2751 Ἆποστραφήτωσαν
582 2680 660 2741 είς
691 2678 756 2732 τά
791 2678 963 2731 ὀπίσω
984 2677 1075 2731 καὶ
1104 2674 1565 2745 καταισχυνθήτω-

24 2788 122 2845 ’σαν
150 2776 199 2827 οξ
232 2772 541 2843 βουλόμενοί
574 2787 664 2841 μοι
699 2771 862 2825 κακά.
903 2769 1421 2845 ’Δποστραφήτωσαν
1460 2784 1563 2819 πα-

24 2866 251 2938 ’ραυτίκα
280 2861 650 2933 αἰσχυνόμενοι
675 2862 724 2913 oi
753 2859 995 2928 λέγοντές
1025 2876 1145 2929 μοι,
1173 2854 1335 2927 Εὖγε,
1361 2854 1507 2925 εὖγε.
1540 2876 1560 2909 ›

34 2958 121 3010 Διά
138 2956 339 3009 τούτων
352 2956 460 3026 γὰρ
472 2951 717 3024 ὁμολογεῖ
732 2951 887 3013 αὐτὸς
910 2950 1004 3021 μὲν
1021 2949 1196 3021 ἑαυτῷ
1222 2949 1296 3022 μὴ
1314 2948 1567 3004 δύνασθαι

32 3048 280 3119 ἐπαρκεῖν
300 3086 314 3110 ,
347 3044 549 3099 δεῖσθαι
584 3043 640 3097 δὲ
670 3043 765 3106 τῆς
802 3040 949 3114 παρὰ
990 3041 1083 3094 τοῦ
1104 3042 1404 3114 κρείττονος
1442 3040 1566 3112 βοη-

38 3137 174 3200 θείας
191 3126 205 3170 ί
224 3137 337 3203 θὼς,
365 3136 413 3189 εί
449 3134 523 3207 μὴ
547 3134 695 3205 τύχοι
726 3133 942 3206 ταύτης,
974 3132 1175 3206 ἔρημος
1200 3126 1450 3203 ἐσόμενος
1476 3132 1569 3185 καὶ

39 3226 477 3298 ἐλεγχοησὸμενος
494 3224 732 3296 ἀσθενὴς
746 3224 838 3278 καὶ
863 3224 1022 3277 πλέον
1036 3224 1184 3277 οὐδὲν
1210 3224 1244 3293 ἢ
1272 3222 1457 3294 θνητὸς
1475 3224 1567 3277 ἆν-

42 3318 272 3386 θρωτοος·
301 3318 397 3372 καὶ
414 3315 501 3381 ’ὥς
530 3319 576 3370 οἰ
602 3316 783 3390 ὲχθροὶ
814 3316 971 3395 αύτοῦ
997 3314 1455 3387 ὲπιχαιρεσίκακοί
1490 3331 1569 3367 τι-

38 3424 117 3469 νες
151 3409 301 3472 ὄντες
336 3404 560 3461 ’πεσόντι
604 3405 750 3481 αὐτῷ
788 3404 1233 3475 ἐπαναϐήσονται.
1274 3404 1336 3458 Et
1362 3404 1417 3457 δὲ
1448 3403 1572 3474 βοη-

38 3496 125 3552 θοῦ
174 3495 324 3571 τύχοι
372 3499 464 3552 τοῦ
518 3498 672 3563 Θεοῦ,
724 3496 880 3560 αὐτὸς
930 3496 1025 3566 μὲν
1088 3496 1235 3549 ἔσται
1278 3494 1567 3571 άνώτερος·

41 3568 285 3662 ιίσχύνην
320 3589 378 3643 δὲ
416 3587 801 3659 καταχεοῦνται
840 3589 888 3639 οἱ
925 3587 1025 3655 τῆς
1051 3584 1211 3638 αὑτοῦ
1252 3584 1426 3653 ψυχῆς
1457 3568 1572 3635 ἐπί-

43 3684 234 3743 ϐούλοιο
261 3682 457 3745 οἵτινες
503 3681 585 3749 ἔφ’
612 3679 814 3751 ἑκάστῃ
843 3677 1034 3749 πράξει
1059 3675 1197 3729 κατά
1220 3676 1383 3738 πόδας
1406 3673 1569 3729 αὐτοῦ

46 3776 298 3845 βαίνοντες
308 3771 735 3846 καὶπειρὼμενοι
751 3769 1074 3841 ὲπιλαμϐάνε
1082 3768 1201 3838 σθαι
1214 3765 1373 3819 αὑτοῦ
1394 3764 1567 3833 λέγειν

46 3869 298 3931 εἰώθασιν,
334 3885 353 3917 ι
383 3861 522 3934 Εὖγε
540 3904 555 3930 ,
587 3858 711 3931 εὖγε
732 3902 746 3926 ,
776 3880 794 3914 ι
823 3861 898 3937 ὡς
918 3860 982 3914 ἂν
1010 3857 1449 3928 ἐπιτυγχάνοντες
1476 3856 1566 3909 καὶ

42 3962 152 4013 κατ’
177 3959 338 4031 εὐχάς
367 3958 690 4030 πράττοντες
711 3958 767 4008 ὲν
799 3947 877 4017 οἷς
906 3953 1066 4006 αὐτὸν
1099 3948 1420 4026 σφάλλεσθαι
1452 3948 1565 4001 ivd-

50 4050 205 4117 μιζον.
242 4050 306 4103 Et
326 4048 381 4102 δὲ
417 4048 509 4101 ἐπὶ
540 4047 630 4099 τὸν
656 4043 879 4115 Σωτῆρά
898 4060 978 4105 τις
1003 4042 1255 4112 ἀναφέροι
1285 4037 1450 4091 ταῦτα
1482 4036 1569 4090 διά

45 4137 131 4207 τὴν
154 4138 495 4193 ἀποδοθεῖσαν
526 4136 721 4199 αἰτίαν,
754 4127 900 4206 ἐρεῖ,
926 4134 1006 4185 ὅτι
1048 4132 1171 4193 τοὺς
1206 4127 1569 4183 ὲπιόουλεύον-

46 4240 136 4291 τας
154 4228 313 4283 αὑτοῦ
338 4228 415 4299 τῷ
434 4229 575 4297 λόγῳ
602 4227 694 4281 καὶ
717 4228 781 4295 τῇ
809 4222 1142 4295 διδασκαλίᾳ,
1168 4221 1244 4292 τῷ
1263 4237 1322 4274 τε
1351 4218 1567 4290 μεγάλῳ

51 4318 239 4389 σώματι
266 4321 365 4390 τῆς
401 4317 719 4388 Ἐκκλησίας
757 4313 916 4369 αὑτοῦ
957 4311 1172 4385 θεωρῶν
1207 4311 1556 4381 ἐπανισταμέ-

1667 2044 2113 2100 Animadvertens
2147 2054 2321 2101 autem
2354 2036 2636 2116 plurimos
2674 2062 2795 2103 esse
2825 2047 2917 2117 qui
2965 2060 3065 2099 suo
3125 2061 3209 2100 se-

1666 2138 1899 2189 cundum
1929 2133 2094 2197 Deum
2125 2134 2407 2207 profectui,
2434 2140 2602 2193 livore
2628 2137 2793 2204 ducti,
2816 2153 2878 2192 ac
2900 2137 3060 2193 saluti
3085 2137 3207 2191 ani-

1666 2242 1765 2303 ma
1789 2240 1899 2282 sua
1941 2226 2260 2292 inviderent,
2290 2229 2435 2283 illud
2468 2230 2702 2299 adjecit:
2743 2248 2761 2281 ι
2794 2227 3209 2285 ϐοηῖιιηᾶειιιιιε

1665 2325 1719 2373 et
1746 2324 2087 2373 revereantur
2125 2322 2217 2391 qui
2250 2329 2497 2391 quarunt
2526 2320 2757 2375 animam
2790 2336 2985 2377 meam.
3040 2319 3209 2374 Aver-

1664 2417 1845 2464 tantur
1890 2419 2187 2467 retrorsum
2233 2420 2287 2468 et
2337 2415 2657 2471 erubescant
2700 2415 2793 2485 qui
2845 2415 3030 2469 volunt
3077 2414 3210 2468 mihi

1664 2497 1822 2549 mala.
1849 2494 2177 2554 Avertantur
2211 2501 2394 2555 statim
2451 2503 2833 2557 erubescentes
2872 2502 2965 2571 qui
3023 2503 3210 2557 dicunt

1662 2588 1814 2651 mihi,
1838 2586 2003 2658 Euge,
2030 2605 2185 2659 euge.
2224 2611 2244 2644 ι
2277 2590 2371 2647 liis
2408 2594 2696 2648 conﬁtetur
2722 2607 2780 2648 se
2806 2607 2916 2647 non
2948 2593 3047 2647 sibi
3076 2595 3213 2650 satis

1662 2693 1801 2741 esse,
1828 2678 1923 2733 sed
1954 2678 2049 2733 Dei
2088 2681 2290 2737 auxilio
2325 2697 2500 2752 egere.
2535 2681 2796 2737 Futurum
2828 2682 3029 2754 quippe
3055 2691 3208 2749 erat,

1664 2770 1710 2825 si
1732 2770 1784 2824 id
1811 2755 1921 2824 non
1942 2783 2383 2843 consequeretur,
2417 2782 2476 2828 ut
2517 2774 2763 2829 desertus
2786 2784 2949 2835 esset.
2972 2790 3037 2829 ac
3060 2776 3212 2830 inﬁr—

1664 2877 1786 2918 mus
1810 2863 2050 2933 nihilque
2071 2864 2239 2935 magis
2261 2880 2419 2935 quam
2450 2867 2691 2921 mortalis
2716 2864 2873 2921 homo
2898 2864 3207 2935 deprehen-

1664 2953 2228 3026 deretur,inimicique
2256 2956 2443 3012 alienis
2463 2957 2616 3011 malis
2648 2956 2965 3026 gaudentes,
2995 2958 3210 3028 lapsum

1668 3060 1726 3101 se
1752 3044 1992 3102 invasuri
2015 3053 2215 3102 essent.
2253 3045 2310 3102 Si
2354 3062 2483 3103 vero
2516 3048 2813 3118 adiutorem
2859 3047 3027 3104 Deum
3072 3063 3217 3103 nan-

1669 3140 1729 3189 (ἓξ
1758 3147 1978 3209 -ctjetur,
2010 3139 2341 3210 superiorem
2374 3143 2441 3195 se
2463 3139 2575 3195 fore
2604 3140 2898 3211 animaque
2949 3155 3061 3195 sua
3110 3141 3220 3196 ini-

1671 3228 1837 3282 micos
1862 3228 2065 3298 pudore
2094 3229 2355 3289 sulfusum
2402 3230 2479 3285 iri-
2511 3229 2780 3300 sperabat.
2836 3228 2901 3284 Hi
2946 3231 3089 3287 enim
3148 3230 3217 3286 ad
3262 3266 3269 3273 ο

1671 3320 1879 3388 singula
1909 3329 2056 3389 gesta
2076 3320 2191 3389 ejus
2207 3335 2237 3375 e
2251 3320 2477 3390 vestigio
2498 3322 2805 3377 incedentes
2829 3322 3216 3395 observabant,
3238 3310 3244 3318 “

1674 3408 1953 3478 Ipsumque
2004 3408 2455 3478 comprehendere
2484 3410 2784 3466 studentes
2844 3412 3025 3468 dicere
3068 3414 3219 3470 sole—

1673 3493 1819 3565 bant,
1849 3516 1867 3549 ι
1907 3497 2091 3569 Euge,
2127 3514 2279 3570 euge,
2316 3518 2333 3550 ι
2369 3499 2521 3568 quasi
2561 3514 2615 3553 re
2658 3500 2794 3555 bene
2835 3510 2983 3571 gesta
3028 3511 3084 3557 et
3118 3520 3219 3574 pro

1662 3600 1792 3645 voto
1824 3590 2166 3652 succedente,
2198 3603 2318 3643 cum
2354 3591 2558 3659 lapsum
2594 3606 2712 3645 cum
2742 3597 3025 3660 putarent.
3062 3591 3217 3660 Quod

1672 3682 1863 3751 siquis
1891 3682 2005 3736 hac
2033 3680 2099 3735 ad
2134 3681 2461 3736 Salvatorem
2506 3680 2575 3735 ob
2617 3696 2778 3751 super
2802 3680 3052 3737 traditam
3085 3700 3219 3738 catt-

1674 3786 1785 3825 sam
1817 3772 2032 3835 referat,
2067 3773 2116 3827 is
2145 3773 2319 3839 dicet,
2366 3774 2539 3844 ipsum
2567 3788 2689 3827 cum
2722 3782 2962 3829 cerneret
2984 3774 3094 3851 eos
3124 3778 3217 3845 qui

1671 3864 1834 3918 verbo
1876 3870 1928 3918 et
1989 3864 2247 3919 doctrina
2299 3854 2412 3921 sua
2456 3880 2752 3935 magnoque
2796 3864 3047 3921 Ecclesia
3106 3882 3219 3924 sua

1671 3952 1885 4022 corpori
1926 3952 2343 4017 insidiabantur,
2378 3954 2653 4023 insurgere
2682 3968 2745 4009 ac
2785 3953 3094 4025 frequenter
3123 3957 3217 4011 ad-

1668 4058 1860 4099 versus
1906 4042 2049 4096 illam
2082 4044 2480 4112 persecutiones
2517 4045 2793 4111 excitare;
2827 4056 3014 4101 eorum
3060 4048 3217 4104 mali-

1667 4137 1794 4189 tiam
1818 4141 2175 4200 exsecratum,
2211 4135 2350 4191 banc
2381 4121 2692 4207 prophetice
2730 4125 3030 4197 orationem
3079 4142 3215 4196 emis

1668 4228 1824 4289 sisse,
1852 4226 2059 4295 hocque
2092 4226 2281 4281 orandi
2315 4228 2622 4294 institutum
2650 4228 2920 4287 Ecclesia
2963 4246 3075 4287 sua
3106 4240 3216 4297 ιηέ
3290 4278 3292 4281 ,

1668 4312 1883 4367 didisse.
3020 4315 3028 4327 ‘

52 4428 175 4478 νηυς,
197 4412 434 4475 καὶτοὺς
468 4409 733 4479 διωγμοὺς
766 4408 1001 4479 ,συνεχῶς
1035 4406 1152 4461 κατ’
1179 4405 1348 4476 αὐτῆς
1392 4405 1737 4475 ἐνεργοῦντας
1756 4447 1769 4469 ,
1801 4407 2319 4480 ἀπτροπιαζόμενος
2378 4409 2555 4464 αὐτῶν
2612 4410 2709 4483 τὴν
2758 4410 2984 4479 κακίαν,
3015 4412 3216 4484 ταύτην

52 4506 374 4577 προφητικῶς
425 4504 697 4573 ἀνέπεμπε
748 4502 846 4571 τὴν
886 4500 1079 4573 εὐχὴν,
1126 4500 1264 4554 οὕτω
1306 4500 1412 4554 δεῖν
1458 4500 1704 4571 εὔχεσθαι
1733 4500 1989 4585 διδάσκων
2010 4502 2106 4574 τὴν
2150 4503 2467 4589 Ἐκκλησίαν
2499 4505 2680 4559 αὐτοῦ.
2794 4558 2817 4567 _

115 4614 134 4649 ι
172 4596 624 4669 ’Δγαλλιάσθωσαν
654 4595 746 4648 καὶ
770 4595 1221 4667 εύφρανθήτωσαν
1251 4594 1341 4648 ἐπὶ
1367 4594 1424 4671 σὲ
1445 4594 1566 4647 πάν-

1744 4592 1907 4649 Vens.
1949 4594 2001 4660 5,
2040 4596 2091 4650 6.
2116 4614 2135 4646 ι
2160 4594 2439 4651 Exsultent
2474 4605 2527 4650 et
2558 4596 2802 4650 latuntur
2819 4610 2983 4668 super
3013 4608 3064 4655 te
3097 4614 3215 4653 om-

50 4699 131 4751 τες
156 4691 203 4742 οι
245 4688 524 4764 ζητοῦντές
552 4704 629 4741 σε.
661 4706 679 4738 ι
716 4685 796 4742 Τά
820 4687 933 4758 μὲν
976 4686 1164 4759 πρῶτα
1208 4684 1572 4758 άνατρεπτικὰ

54 4772 111 4846 ἢν
161 4780 260 4834 τῶν
295 4781 580 4837 ἐναντίων·
635 4776 935 4841 ἀκολούθως
970 4778 1025 4831 δὲ
1066 4777 1133 4830 τά
1176 4778 1399 4848 δεύτερα
1436 4776 1570 4846 ὑπὲρ

56 4866 147 4921 τῶν
170 4873 374 4927 οἰκείων
414 4869 720 4945 πρεσϐεύει.
754 4870 863 4924 Καὶ
897 4872 944 4924 εἰ
991 4871 1087 4941 μὲν
1124 4871 1154 4922 ὁ
1188 4855 1346 4923 Αάυτδ
1382 4868 1571 4939 δικαίῳ

60 4958 343 5037 πρέπουσαν
368 4964 526 5036 εὐχὴν
557 4964 807 5026 ἐποιεῖτο,
842 4961 917 5026 ὼς
942 4962 1005 5015 ἂν
1038 4962 1234 5025 πάντες
1255 4963 1301 5014 oi
1326 4960 1416 5013 τὸν
1440 4959 1570 5013 Θεὸν

59 5048 335 5119 ζητοῦντες,
368 5048 442 5110 ὧν
488 5051 566 5119 εἷς
614 5053 707 5108 καὶ
753 5052 911 5125 αὐτὸς
955 5047 1053 5123 ἦν,
1085 5052 1446 5123 ἀγαλλιάσεως
1477 5051 1571 5105 καὶ

61 5138 364 5214 εὐφροσύνης
384 5145 653 5217 μετέχοιεν
672 5142 777 5197 τῶν
806 5141 1008 5217 ἐχθρῶν
1036 5140 1533 5212 καταισχυνομὲνων
1553 5159 1566 5174 ο

63 5230 103 5281 οἱ
133 5229 183 5285 δὲ
215 5234 523 5303 ἀγαπῶντες
554 5238 615 5292 τὸ
652 5237 909 5309 σωτήριον
952 5233 1043 5289 τοῦ
1075 5233 1209 5287 Θεοῦ
1249 5234 1451 5302 λέγοιεν
1476 5231 1567 5297 ἃν,

69 5321 481 5397 ιΜεγαλυνθήτω
524 5330 554 5381 δ
596 5330 757 5394 Θεός·
790 5348 808 5392 ρ
863 5328 955 5383 καὶ
991 5326 1147 5381 τοῦτο
1202 5326 1275 5397 μὴ
1320 5323 1567 5389 εἰσάπαξ,

71 5412 181 5482 μηδὲ
217 5415 291 5469 ἑνί
340 5434 465 5472 ποτε
496 5414 687 5493 καιρῷ
709 5462 725 5485 ,
757 5421 890 5477 ἀλλά
913 5418 1194 5486 διαπαντὸς
1232 5417 1436 5486 λέγοιεν
1456 5455 1470 5477 .
1495 5434 1571 5469 νι-

69 5502 239 5571 κῶντος
284 5508 342 5561 ιν
384 5508 563 5572 αὐτοῖς
603 5512 696 5565 καὶ
725 5512 789 5567 δι’
823 5511 998 5567 αὐτῶν
1038 5510 1145 5563 πᾶν
1188 5507 1278 5563 τδν
1316 5506 1569 5576 πολέμιον

72 5593 305 5661 γένοςτοῦ
328 5597 481 5653 Θεοῦ.
510 5599 574 5654 Ei
601 5601 658 5656 δὲ
680 5605 709 5657 6
741 5603 927 5675 Σωτὴρ
948 5605 1055 5666 τοῖς
1094 5597 1458 5671 προλεχθεῖσιν
1492 5597 1569 5669 (1)

71 5682 339 5757 ἀκολούθοκ
372 5690 455 5763 εῐη
490 5692 627 5765 ὑπὲρ
650 5694 755 5749 τῶν
801 5694 858 5760 ἑξ
894 5694 1141 5750 ἁπάντων
1174 5690 1473 5765 τῶνσὲθνῶν
1496 5692 1573 5755 εἰς

132 5778 187 5813 ⁷⁸⁸
210 5780 366 5841 Eccli.
402 5788 479 5847 ιιι,
505 5783 593 5839 20.
758 5800 761 5801 ⁷

138 5873 199 5943 (1)
222 5879 424 5933 Λείπει.

1672 4701 1769 4741 nes
1799 4687 1890 4757 qui
1922 4696 2167 4757 quarunt
2192 4696 2261 4743 te.
2300 4707 2318 4740 ι
2364 4686 2551 4742 Priora
2590 4688 2805 4757 quidem
2840 4690 2908 4744 ad
2963 4691 3214 4747 inimicos

1672 4764 1997 4841 avertendos,
2018 4780 2161 4833 dicta
2209 4786 2371 4845 sunt;
2410 4779 2644 4833 secunda
2675 4796 2802 4835 vero
2830 4795 2927 4851 pro
2959 4783 3215 4839 domesti-

1670 4868 2111 4936 cis.supplicant.
2147 4864 2212 4920 Et
2252 4880 2382 4920 sane
2433 4864 2649 4941 quidem
2701 4867 2864 4924 David
2914 4872 3213 4927 orationem

1666 4958 1812 5027 justo
1844 4964 2225 5027 congruentem
2256 4957 2457 5023 emisit,
2493 4970 2743 5031 precatus
2767 4972 2824 5017 ut
2856 4963 3090 5019 universi
3117 4964 3212 5033 qui

1669 5048 1836 5105 Deum
1869 5048 2168 5118 requirunt,
2203 5062 2269 5105 ex
2298 5064 2526 5119 quorum
2553 5052 2640 5108 ille
2665 5068 2889 5110 numero
2912 5061 3030 5108 erat
3050 5093 3066 5117 ,
3101 5053 3211 5108 ini-

1674 5141 1827 5197 micis
1849 5139 2049 5210 pudore
2076 5138 2317 5205 sudusis,
2340 5142 2714 5199 exsultationis
2735 5152 2789 5200 et
2827 5144 3002 5214 gaudii
3047 5143 3215 5213 parti-

1675 5232 1821 5301 cipes
1850 5230 1978 5285 sint.
2033 5229 2071 5286 Ii
2107 5246 2234 5288 vero
2279 5234 2371 5304 qui
2400 5234 2629 5305 diligunt
2679 5235 2913 5292 salutare
2944 5232 3058 5299 Dei,
3089 5230 3217 5301 iure

1676 5322 1938 5385 dixerint,
1997 5340 2015 5371 ι
2082 5321 2449 5394 Magniﬁcetur
2506 5324 2790 5391 Dominus;
2833 5344 2850 5377 ι
2903 5323 3064 5378 idaue
3105 5336 3212 5379 non

1676 5415 1858 5479 semel,
1889 5413 1983 5469 sed
2007 5416 2150 5469 omni
2170 5424 2428 5488 tempore,
2448 5419 2577 5491 quia
2598 5417 2711 5487 ipse
2727 5416 2982 5470 Dominus
3002 5416 3056 5469 in
3080 5414 3212 5485 ipsis

1674 5507 2019 5579 ipsorumque
2045 5520 2210 5577 opera
2242 5524 2413 5579 genus
2456 5523 2615 5563 omne
2663 5506 3091 5561 adversariorum
3115 5501 3211 5559 Dei

1676 5597 1941 5669 proﬂigat.
1973 5596 2125 5662 Quod
2171 5599 2217 5655 si
2266 5598 2511 5657 Salvator
2558 5598 2824 5669 pradictis
2852 5597 3031 5653 verbis
3078 5610 3212 5653 usus

1679 5690 1770 5755 sit,
1791 5696 2179 5759 consequenter
2224 5689 2291 5745 de
2341 5690 2590 5746 omnibus
2638 5687 2884 5761 gentibus
2918 5688 2970 5741 in
3000 5701 3061 5742 se
3087 5698 3211 5742 cre-
