3966 6348
34 424 154 485 773

1197 432 1687 521 conuersum
1726 433 1788 490 IN
1824 430 2160 493 PSALMOS.

3076 416 3091 423 ⁷
3166 440 3276 496 m

37 538 157 612 πρὸ
199 514 392 595 ctme
432 525 812 613 τεταγμένοις,
855 542 942 597 διὰ
990 544 1052 597 τὸ
1086 545 1281 617 πολλὴν
1319 547 1453 619 πρὸς
1496 546 1634 601 αὐτὰ

1737 549 1853 604 beat
1903 550 2230 609 aﬁlnitatem.
2268 550 2417 608 'Nam
2476 553 2529 609 in
2593 555 2910 625 pnecedcnti
2955 554 3275 613 dicebatur:

38 629 262 696 σώζειν
294 633 621 687 ἀκολουθίαν
640 648 655 663 ·
684 634 740 686 ἐν
780 633 907 701 γοῦν
922 633 1013 705 »τῷ
1042 636 1143 707 πρὸ
1171 638 1357 690 τούτου
1381 637 1595 706 ἐλέγετο
1613 654 1630 670 ’

42 743 62 775 ι
106 722 176 778 '0
200 724 380 789 Θεὸς,
423 726 503 788 είς
520 725 619 796 τὴν
650 724 894 797 βοήθειάν
924 742 1023 797 μου
1051 727 1300 798 πρόσχες.
1332 728 1632 801 Αἰσχυνθή-

36 829 241 868 τωσαν
296 816 403 868 καὶ
449 816 866 887 ἐντραπήτωσαν
901 816 950 868 οί
994 816 1275 886 ζητοῦντες
1319 816 1416 889 τὴν
1457 818 1635 890 ψυχήν

42 922 177 975 μου.
216 906 743 979 Ἀποστραφείησαν
773 910 853 970 είς
890 906 955 960 τὰ
983 908 1156 961 ὀπίσω
1193 909 1285 963 καὶ
1308 926 1631 981 καταισχυν-

40 996 301 1068 θείησαν
344 999 396 1051 ot
438 997 739 1069 βουλόμενοί
770 1014 860 1069 μοι
890 998 1064 1052 κακά·
1103 1018 1120 1049 ι
1157 1000 1250 1053 καὶ
1281 1000 1338 1052 ἐν
1360 1002 1469 1064 τοῖς
1501 1000 1635 1071 μετά

41 1089 256 1159 χεῖρας
287 1088 357 1143 δέ
391 1090 591 1161 προῖὼν
627 1092 656 1144 ό
681 1088 847 1160 λόγος
865 1092 984 1154 ταῖς
1013 1091 1204 1155 αὑταῖς
1238 1091 1499 1164 κέχρηται
1527 1110 1635 1161 (pub

46 1182 178 1243 ναῖς
202 1181 400 1250 λέγων
420 1199 432 1211 ·
463 1199 481 1232 ι
502 1182 559 1235 '0
585 1181 736 1246 Θεδς,
754 1182 842 1245 Γείς
865 1180 961 1252 τὴν
981 1180 1227 1253 βοήθειάν
1256 1200 1355 1253 μου
1379 1181 1632 1255 πρόσχες,

46 1272 500 1345 αἰσχυνθείησαν
519 1290 533 1303 ·
565 1292 583 1324 ι
627 1274 719 1327 καὶ
762 1274 829 1327 τὰ
865 1274 1023 1328 λοιπὰ
1051 1275 1107 1328 δὲ
1139 1276 1236 1345 τῆς
1261 1276 1427 1347 αὐτῆς
1454 1276 1634 1347 ἔχεται

48 1363 341 1428 διανοίας,
368 1363 447 1429 εὶς
479 1364 674 1428 πλάτος
704 1365 1074 1437 ἐκτεινομένου
1101 1368 1193 1419 τοῦ
1222 1367 1378 1435 λόγου
1414 1368 1500 1422 διὰ
1530 1369 1635 1421 τῶν

50 1457 493 1525 προκειμένων,
526 1456 666 1527 ἀπερ
691 1440 789 1510 οὐκ
819 1457 926 1515 ἀπὸ
955 1458 1155 1525 σκόπου
1181 1459 1245 1513 ἄν
1269 1475 1350 1521 τις
1374 1459 1511 1511 εῐποι
1540 1459 1637 1529 ἁρ-

57 1547 263 1615 μόζειν
286 1547 373 1618 τῷ
396 1548 567 1619 Πατρι
586 1566 598 1580 ο
633 1549 731 1603 Διά
748 1566 806 1601 τε
835 1547 894 1601 τὸ
914 1548 1167 1617 -λέγεσθαι
1203 1551 1259 1602 ἐν
1289 1550 1455 1619 αὐτῷ’
1486 1549 1636 1602 ιὌτι

58 1641 123 1692 σὺ
155 1636 210 1691 εἷ
238 1641 278 1710 ἡ
315 1640 559 1712 ὑπομονὴ
595 1658 716 1712 μου,
750 1640 942 1711 Κύριε,
976 1640 1166 1712 Κύριε,
1196 1643 1226 1711 ή
1259 1640 1409 1705 ἐλπίς
1443 1658 1540 1712 μου
1573 1641 1636 1693 ἐκ

56 1732 333 1802 νεότητός
370 1750 470 1802 μου
491 1750 503 1764 ·
538 1752 556 1784 ι
591 1733 727 1786 αὐτὰ
751 1733 856 1805 γὰρ
876 1733 1047 1786 ταῦτα
1075 1735 1132 1785 ὲν
1165 1714 1258 1786 καὶ
1281 1730 1357 1803 τῷ
1400 1730 1483 1784 κα¹
1511 1730 1637 1799 ψαλ-

60 1823 149 1891 μῷ
180 1823 249 1887 ἐξ
274 1822 447 1876 αὑτοῦ
477 1824 760 1895 προσώπου
789 1825 1003 1893 ἐλέγετο
1023 1826 1080 1876 ἐν
1109 1822 1340 1887 τούτοις·
1382 1841 1400 1874 ι
1430 1823 1547 1875 ’Θτι
1573 1823 1634 1875 σὺ

61 1909 109 1965 εἷ
136 1917 166 1968 ὁ
202 1916 496 2004 ἐκσπάσας
524 1932 591 1986 με
623 1917 687 1968 ἐκ
724 1915 985 1985 γαστρός·
1019 1933 1037 1965 ι
1209 1913 1276 1966 τὰ
1304 1912 1448 1983 ἑξῆς.
1483 1909 1639 1964 Ἀλλά
1669 1950 1709 2004 Β

58 2006 160 2057 καὶ
194 2004 263 2056 τὸ
305 2002 434 2075 ἑξῆς
465 2004 845 2073 ἐπιλεγόμενον
865 2004 922 2057 ἐν
950 2006 1015 2074 τῇ
1052 2003 1187 2073 μετά
1213 2006 1397 2075 χεῖρας
1431 2020 1637 2074 προφη-

62 2097 189 2167 τείᾳ
218 2096 281 2149 ἐν
318 2094 416 2165 τῷ,
450 2114 468 2146 ι
508 2095 564 2149 '0
593 2096 723 2158 Θεὸς
754 2112 875 2165 μου,
919 2094 992 2166 μὴ
1042 2094 1405 2166 ἐγκαταλίπῃς
1428 2095 1638 2166 με,ἐως

64 2188 127 2240 ἂν
162 2184 475 2254 ἀπαγγελῶ
494 2185 583 2242 τὸν
615 2185 871 2257 βραχίονα
898 2204 989 2239 σου
1016 2189 1079 2257 τῇ
1104 2188 1262 2257 γενεᾷ
1290 2188 1436 2257 πάσῃ
1460 2189 1523 2257 τῇ
1551 2188 1639 2259 ἐρ-

67 2280 309 2352 χομένῃ,
335 2299 352 2331 ι
379 2281 712 2349 ἰσοδυναμεῖν
735 2278 873 2351 ἔοικε
892 2278 968 2349 τῷ
988 2272 1044 2331 ἐν
1065 2279 1148 2332 κα’
1165 2278 1360 2349 ψαλμῴ
1382 2280 1637 2348 φάσκοντι

68 2369 216 2437 λόγῳ
236 2387 250 2399 ·
278 2387 301 2420 ι
328 2369 775 2440 Ἀναγγελήσεται
791 2368 866 2439 τῷ
880 2368 1067 2438 Κυρίῳ
1087 2368 1245 2437 γενεὰ
1264 2371 1296 2439 ἡ
1317 2368 1598 2441 ἐρχομένη.
1614 2387 1632 2419 ι

71 2458 331 2528 Πρόσχες
375 2460 481 2531 γὰρ
514 2459 755 2530 ἀκριϐῶς
793 2460 938 2523 ὅπως
967 2459 1024 2510 ἐν
1051 2458 1243 2530 ἐκείνῳ
1277 2459 1634 2529 μὲνὲλέγετο,

74 2572 92 2601 ι
104 2554 567 2626 Ἀναγγελήσεται
578 2555 655 2623 τῷ
668 2554 857 2625 Κυρίῳ
868 2555 1027 2623 γενεὰ
1039 2556 1071 2623 ἡ
1095 2542 1379 2626 ἐρχομένη,
1394 2554 1475 2608 »ἐν
1488 2554 1543 2606 δέ
1561 2552 1638 2623 τῷ

70 2647 431 2718 προκειμένῳ
450 2686 465 2707 ,
505 2666 524 2698 ι
560 2649 701 2710 Ἕως
728 2646 793 2699 ἂν
824 2646 1117 2715 ἀπαγγελῶ
1136 2647 1228 2701 τὸν
1262 2646 1516 2719 βραχίονά
1542 2663 1636 2699 σου

72 2739 136 2806 τῇ
163 2738 339 2807 γενεᾷ
362 2739 509 2811 πάσῃ
532 2741 596 2808 τῇ
628 2737 914 2809 ἐρχομένῃ.
951 2756 969 2788 ι
1008 2738 1164 2791 Ἀλλά
1201 2739 1293 2791 και
1324 2738 1423 2808 τὴν
1455 2737 1520 2789 ἐκ
1548 2754 1636 2791 νε-

73 2827 219 2898 ιερῶν
241 2829 539 2883 ἀνάστασιν
555 2828 713 2897 αὐτοῦ
730 2828 912 2897 σαφῶς
926 2830 1245 2901 παρίστησιν
1264 2830 1295 2900 ἡ
1310 2828 1442 2899 μετά
1452 2830 1638 2901 χεῖρας

73 2919 387 2991 προφητεία
415 2920 641 2989 λέγουσα
657 2917 715 2984 ἐξ
737 2919 897 2973 αὐτοῦ
916 2920 1204 2992 προσώπου
1218 2936 1231 2951 ⁸
1262 2938 1280 2971 ι
1304 2921 1359 2973 '0
1373 2920 1521 2983 Θεὸς,
1556 2919 1639 2983 τίς

70 3010 255 3081 ὅμοιός
288 3013 547 3076 conﬁsa;
576 3010 778 3077 ἕδειξάς
795 3028 882 3082 μοι
909 3010 1113 3080 θλίψεις
1128 3009 1322 3074 πολλὰς
1348 3010 1439 3063 καὶ
1466 3010 1638 3073 κακὰς

74 3104 167 3155 καὶ
186 3104 523 3175 ἐπιστρέψας
551 3103 912 3175 ἐζωοποίησάς
933 3119 1019 3174 με,
1042 3102 1136 3155 καὶ
1154 3101 1261 3156 τῶν
1280 3100 1528 3171 ἀναγκῶν
1541 3102 1637 3172 τῆς
1660 3170 1665 3177 ἡ

74 3195 176 3265 γῆς
190 3196 358 3250 πάλιν
369 3195 636 3269 ἀνήγαγές
650 3211 714 3266 με
731 3212 745 3260 ;
772 3215 789 3247 ι
810 3194 922 3249 Εἶτ’
935 3190 1026 3248 οὖν
1038 3196 1103 3247 ἐκ
1121 3193 1404 3265 προσώπου
1420 3192 1512 3247 τοῦ
1530 3194 1641 3246 Σωέ

1737 654 1757 689 ι
1787 637 1949 704 Deus,
1979 640 2035 695 in
2061 639 2386 711 adjutorium
2416 657 2593 698 meum
2628 644 2842 701 intende
2864 685 2881 704 .
2932 644 3257 703 Confundan

1733 737 1819 783 tur
1868 738 1922 785 et
1968 743 2313 791 revereantur
2358 735 2450 804 qui
2501 744 2746 805 quaerunt
2797 736 3029 790 animam
3080 752 3279 795 meam.

1730 818 2052 875 Avertantur
2104 829 2400 879 retrorsum
2457 832 2510 879 et
2554 825 2878 881 erubescant
2938 828 3029 897 qui
3093 830 3284 885 volunt

1731 910 1861 964 mihi
1890 911 2033 965 mala
2066 909 2130 967 ⁷⁸.
2174 931 2193 965 ι
2234 911 2293 968 In
2325 914 2429 970 hoc
2463 929 2595 972 vero
2618 954 2636 981 ,
2683 932 2843 987 quem
2895 934 3037 973 nunc
3087 930 3291 976 tracta-'

1732 1016 1879 1067 mus,
1918 1001 2201 1072 ipsissimae
2226 1020 2385 1062 voces
2415 1006 2471 1061 in
2503 1009 2854 1077 sequentibus
2902 1020 3231 1078 usurpantur
3264 1030 3279 1066 :

1738 1108 1756 1142 ι
1789 1089 1950 1155 Deus,
1979 1091 2035 1146 in
2061 1093 2389 1163 adiutorium
2420 1108 2599 1151 meum
2630 1098 2852 1152 intende
2874 1138 2889 1159 ,
2943 1098 3285 1155 conﬁmdan-

1734 1188 1841 1245 tur,
1863 1202 1882 1235 ι
1907 1191 1961 1238 et
1984 1192 2200 1249 caetera,
2233 1200 2448 1257 quoque
2472 1187 2644 1243 eidem
2678 1190 2958 1245 sententia!
2986 1190 3286 1255 insistunt;

1734 1272 1829 1329 sed
1859 1273 2151 1331 hic-fusius
2172 1292 2256 1332 res
2285 1286 2629 1345 enarrantur,
2660 1293 2795 1351 quas
2820 1280 2963 1335 Patri
2995 1282 3289 1336 convenire

1732 1380 1840 1419 non
1860 1365 1957 1422 abs
1980 1381 2042 1423 re
2067 1369 2334 1439 quispiam
2363 1370 2581 1425 dixerit.
2605 1372 2740 1426 Cum
2774 1374 2898 1428 item
2927 1373 2980 1427 in
3006 1374 3106 1428 hoc
3140 1372 3291 1444 psal-
3364 1389 3368 1397 ί

1733 1473 1822 1512 mo
1847 1458 2079 1524 dicatur,
2108 1479 2126 1511 ι
2161 1459 2425 1526 Quoniam
2443 1470 2500 1516 tu
2523 1479 2583 1519 es
2601 1464 2854 1533 patientia
2874 1479 3014 1528 mea,
3038 1464 3284 1529 Domine.

1740 1548 1965 1605 Domine
1994 1564 2118 1620 spes
2151 1567 2268 1607 mea
2289 1567 2318 1606 a
2341 1552 2619 1619 juventute
2648 1569 2802 1619 inea;
2844 1574 2863 1606 ι
2895 1555 2998 1609 hoc
3026 1556 3200 1625 ipsum
3227 1556 3286 1610 in

1732 1642 1943 1711 psalmo
1972 1657 2086 1705 xxi,
2113 1658 2178 1698 ex
2204 1644 2390 1698 eadem
2418 1659 2650 1715 persona
2688 1632 2925 1701 dicitur!
2958 1664 2978 1698 ι
3015 1644 3283 1712 Quoniam

1717 1740 1793 1786 -tu
1817 1748 1874 1788 es
1896 1734 1988 1803 qui
2009 1734 2287 1789 extraxisti
2322 1749 2405 1788 me
2428 1735 2495 1790 de
2538 1744 2723 1791 ventre
2750 1737 2817 1801 τ’,
2855 1756 2873 1789 ι
2906 1744 2959 1792 et
2981 1739 3280 1807 sequentia.

1736 1819 1842 1877 Sed
1890 1823 2049 1879 etiam
2105 1823 2247 1894 quod
2293 1825 2349 1878 in
2400 1825 2502 1879 hac
2557 1825 2834 1896 prophetia
2898 1827 3281 1899 subiungitur,

1742 1930 1761 1963 ι
1794 1911 1935 1969 Deus
1970 1929 2123 1969 meus
2141 1953 2155 1977 ,
2186 1929 2255 1969 ne
2274 1914 2617 1985 derelinquas
2646 1930 2747 1981 me,
2770 1915 3282 1971 donec'annuntiem

1736 2000 2015 2055 brachium
2044 2009 2191 2057 tuum
2219 2004 2551 2073 generationi
2572 2006 2720 2061 omni
2740 2016 2859 2076 quae
2882 2015 3101 2062 ventura
3128 2014 3231 2073 est;
3258 2022 3279 2059 ι

1737 2093 1914 2150 simile
1939 2094 2150 2153 videtur
2180 2096 2254 2151 illi
2300 2109 2392 2151 ut
2433 2098 2625 2168 psalmi
2675 2097 2841 2161 dicto,
2877 2117 2896 2150 ι
2936 2098 3286 2154 Annuntiabi-

1735 2194 1826 2239 tur
1856 2185 2078 2240 Domino
2107 2187 2382 2257 generatio
2399 2196 2629 2243 ventura
2658 2189 2725 2241 ⁸⁸.
2760 2208 2777 2241 ι
2804 2190 3066 2246 attendas
3086 2189 3286 2259 quippe

1736 2277 1915 2343 velim,
1939 2278 2210 2346 quomodo
2235 2278 2287 2331 in
2313 2278 2403 2333 illo
2424 2279 2638 2351 quidem
2664 2280 2895 2345 dicatur,
2924 2299 2943 2332 ι
2981 2280 3288 2334 Annuntia—

1737 2367 1883 2421 bitur
1922 2367 2150 2435 Domino
2192 2372 2469 2439 generatio
2500 2378 2763 2436 ventura;
2805 2390 2826 2425 ι
2862 2371 2916 2425 in
2944 2372 3048 2425 hoc
3083 2378 3283 2435 autem,

1743 2476 1763 2509 ι
1787 2458 1967 2515 Donec
1996 2462 2309 2516 annuntiem
2335 2448 2613 2517 brachium
2635 2473 2783 2518 tuum
2812 2463 3140 2533 generationi
3169 2478 3290 2517 om-

1737 2549 1789 2601 ni
1815 2562 1932 2617 quze
1952 2556 2177 2603 ventura
2216 2559 2318 2606 est.
2359 2570 2379 2603 ι
2417 2548 2557 2615 Quin
2601 2554 2762 2623 etiam
2793 2544 2911 2622 ejus
2945 2568 3007 2607 ex
3058 2552 3289 2606 mortuis

1737 2641 2186 2695 resurrectionem
2220 2649 2405 2711 aperte
2430 2644 2668 2699 declarat
2698 2643 2810 2698 haec
2842 2643 3122 2713 prephetia
3142 2682 3157 2707 ,
3217 2657 3287 2698 ex

1734 2733 1854 2803 ejus
1871 2747 2103 2804 persona
2119 2733 2338 2788 dicens:
2362 2752 2381 2785 ι
2417 2733 2717 2803 Deus,quis
2743 2734 2935 2789 similis
2957 2735 3088 2790 tibi?
3110 2734 3287 2799 Quan-

1735 2832 1821 2880 tas
1851 2824 2135 2879 ostendisti
2161 2826 2291 2879 mihi
2313 2825 2691 2881 tribulationes
2712 2826 2907 2879 multas
2928 2834 2980 2879 et
3000 2826 3170 2882 malas
3191 2867 3207 2894 ,
3228 2835 3286 2881 et

1736 2929 2033 2990 conversus
2057 2915 2337 2976 viviﬁcasti
2372 2931 2477 2980 me,
2517 2914 2661 2971 etde
2690 2914 3097 2971 necessitatibus
3125 2923 3286 2971 ternm

1737 3001 1932 3056 iterum
1958 3002 2219 3059 reduxisti
2251 3004 2369 3059 me?
2405 3023 2425 3056 ι
2460 3002 2586 3057 Sive
2618 3003 2782 3075 igitur
2806 3020 2871 3059 ex
2894 3019 3125 3075 persona
3158 3003 3283 3061 Ser-

1736 3091 1960 3155 vatoris,
1991 3091 2103 3148 sive
2130 3106 2196 3145 ex
2225 3106 2456 3162 persona
2499 3091 2788 3160 cujuslibet
2816 3090 2950 3161 justi
2995 3090 3109 3147 haec
3138 3090 3285 3146 acci-

1700 3212 1706 3217 -
1736 3184 1929 3255 pienda
1951 3192 2097 3240 sunt.
2130 3183 2436 3239 Doctrinam
2479 3184 2622 3238 enim
2671 3183 3099 3253 complectuntur
3119 3220 3137 3247 ,
3163 3196 3283 3256 quas

75 3289 261 3359 τῆρος,
287 3288 397 3343 εῐτε
426 3290 490 3341 ἐκ
505 3287 801 3359 προσώπου
826 3289 1020 3349 παντὸς
1041 3286 1265 3349 δικαίου,
1287 3286 1394 3339 τῶν
1424 3302 1640 3358 προκει-

1740 3292 1841 3332 nos
1865 3276 2099 3333 instituit
2128 3285 2185 3330 ut
2214 3291 2282 3331 ex
2313 3276 2455 3331 bono
2483 3275 2760 3346 proposito
2788 3274 2968 3329 omnia
3018 3276 3142 3346 past
3192 3274 3289 3331 du-
3340 3258 3355 3289 ³

83 3381 256 3450 μένων
276 3378 588 3434 ἀκουστέον.
612 3368 857 3450 Περιέχείι
882 3379 987 3450 γὰρ
1006 3376 1344 3432 διδασκαλίαν
1366 3377 1638 3431 παιδεύου-

84 3490 178 3525 σαν
210 3474 365 3543 ήμᾶς
394 3472 529 3543 μετά
558 3472 846 3533 διαθέσεως
878 3469 1060 3539 ὑγιοῦς
1094 3471 1268 3524 πάντα
1294 3469 1393 3541 μὲν
1413 3469 1647 3539 δεύτερα·

82 3566 347 3627 τίθεσθαι,
366 3565 457 3617 ἐπὶ
479 3564 634 3635 μόνον
653 3564 711 3615 δὲ
729 3563 818 3615 τὸν
841 3561 1041 3633 Κύριον
1058 3562 1157 3624 τὰς
1178 3561 1384 3614 ἑαυτῶν
1404 3562 1637 3632 ἀναρτᾷν

86 3657 322 3722 ἐλπίδας,
348 3656 483 3710 ὥστε
503 3655 679 3723 λέγειν
700 3653 845 3726 αὐτῷ
864 3652 1094 3706 διαθέσει
1118 3651 1363 3722 motam
1388 3652 1509 3704 Ἐπὶ
1534 3653 1634 3715 σοὶ,

86 3752 513 3825 Κύριε,ῆλπισα,
544 3750 616 3823 μὴ
642 3748 1084 3820 καταισχυνθείην
1108 3748 1187 3811 είς
1210 3746 1299 3799 τὸν
1323 3745 1511 3800 αίῶνα.
1539 3764 1557 3796 ι
1575 3745 1637 3798 Οἱ

87 3845 295 3919 γάρὲπὶ
322 3844 531 3915 πλούτῳ
552 3843 644 3897 καὶ
666 3842 828 3912 πολλῇ
848 3840 1128 3913 περιουσία
1161 3839 1295 3909 βίου,
1314 3838 1346 3908 ἢ
1370 3837 1461 3891 ἐπὶ
1477 3835 1639 3903 ἀξιώ-

93 3954 216 4006 μασι
232 3941 534 4008 κοσμικαῖς,
552 3935 584 4007 ἢ
604 3936 694 3988 ἐπὶ
710 3935 979 4006 ἀρχόντων
1001 3933 1282 4002 οἰκειότητι
1306 3933 1396 3985 καλ⁸
1417 3946 1642 4003 προστα-

92 4028 194 4098 σία,
242 4028 332 4098 ἐφ’
366 4027 534 4099 ἑτέρῳ
562 4029 669 4080 τινὶ
715 4025 823 4079 τῶν
856 4024 1058 4095 θνητῶν
1097 4024 1189 4078 καὶ
1230 4023 1509 4093 ἐπικήρων
1544 4020 1641 4086 τὰς
1682 4073 1695 4087 ,

90 4119 290 4172 ἑαυτῶν
338 4119 671 4182 ἀνατιθέντες
720 4117 957 4180 ἐλπίδας,
1006 4115 1262 4185 αἰσχύνην
1302 4113 1637 4183 ὀφλήσουσιν.

99 4228 115 4258 ι
150 4210 571 4280 Ἐπικατάρατος
586 4208 694 4280 γὰρ
714 4208 992 4277 ἄνθρωπος
1010 4206 1067 4270 ὃς
1096 4207 1190 4275 τὴν
1207 4204 1392 4258 ἐλπίδα
1416 4204 1527 4275 ἔχει
1554 4203 1639 4259 ἐπ’

94 4299 390 4370 ἄνθρωπον,
451 4301 545 4353 καὶ
602 4297 841 4369 στηρίξει
878 4297 1051 4366 σάρκα
1077 4296 1353 4368 βραχίονος
1388 4294 1571 4351 αὑτοῦ.
1617 4314 1636 4348 ι

96 4391 341 4464 Κέκραγέ
379 4408 436 4444 τε
469 4391 604 4461 βοῶν
630 4392 659 4444 ὁ
702 4390 852 4458 λόγος
878 4407 891 4421 ·
922 4409 939 4440 ι
974 4388 1065 4459 Μὴ
1102 4387 1391 4442 πεποίθατε
1422 4389 1506 4442 ἐπ’
1546 4387 1643 4461 ἀρ-

96 4458 298 4552 χοντας,
338 4458 574 4554 μηδὲνέιιΐ
605 4481 751 4545 υἱοὺς
799 4458 1116 4553 ἀνθρώπων,
1146 4474 1225 4544 οἷς
1255 4481 1352 4533 οὑκ
1380 4478 1493 4533 ἔστι
1538 4458 1645 4532 σῳ-

98 4576 249 4647 τηρία
272 4593 288 4608 ’
333 4595 351 4627 ι
378 4576 471 4629 καὶ
499 4574 657 4629 πάλιν
679 4591 692 4604 ’
723 4594 741 4627 ι
782 4574 1014 4638 Πλοῦτος
1046 4574 1138 4628 ἐὰν
1173 4572 1289 4644 ῥέῃ,
1322 4572 1396 4644 μὴ
1427 4572 1646 4644 προστί-
1682 4632 1684 4635 λ

1735 3385 1942 3433 camus,
1970 3369 2024 3424 in
2043 3384 2259 3441 unoque
2281 3368 2511 3424 Domino
2531 3382 2680 3438 spem
2706 3375 3005 3423 statuamus
3019 3376 3286 3429 nostram,

1735 3464 1809 3518 ita
1836 3468 1896 3515 ut
1927 3460 2143 3516 sincero
2170 3459 2365 3526 aﬁ'ectu
2407 3461 2651 3516 dicamus
2682 3477 2697 3514 :
2734 3476 2756 3511 ι
2804 3457 2864 3513 In
2910 3466 2990 3523 te,
3022 3458 3249 3515 Domine
3270 3502 3285 3525 ,

1736 3554 1969 3618 speravi,
1986 3568 2094 3607 non
2115 3552 2419 3623 confundar
2438 3555 2492 3607 in
2509 3559 2786 3607 :eternum.
2810 3569 2829 3602 ι
2855 3548 2957 3616 Qui
2974 3550 3115 3623 enim
3134 3551 3186 3604 in
3205 3552 3311 3605 div
3345 3558 3350 3567 ‘

1735 3645 1884 3700 vitiis
1901 3660 1963 3699 ac
1978 3644 2032 3698 in
2048 3620 2283 3716 copio’sis
2296 3647 2421 3701 vita:
2436 3642 2915 3707 facultatibus,sive
2932 3642 2983 3695 in
2999 3641 3287 3697 mundanis

1740 3735 2123 3805 dignitatibus,
2152 3728 2267 3793 sive
2298 3738 2356 3792 in
2390 3728 2695 3809 principum
2746 3734 2927 3789 favore
2957 3742 3009 3788 et
3052 3735 3288 3804 patroci-

1736 3828 1850 3894 nio.
1887 3828 2000 3883 sive
2055 3829 2108 3882 in
2158 3828 2263 3883 alia
2299 3830 2550 3900 quapiam
2586 3826 2893 3880 mortalium
2933 3833 2986 3881 et
3021 3824 3286 3879 ﬁuxarum

1738 3936 1919 3976 rerum
1972 3936 2121 3990 spem
2181 3929 2471 3989 reponunt,
2506 3910 2811 3990 ignominiae
2839 3918 3057 3972 obnoxii
3105 3925 3285 3974 erunt.

1746 4031 1764 4064 ι
1809 4011 2127 4067 Maledictus
2155 4012 2299 4067 enim
2325 4012 2486 4067 homo
2520 4012 2611 4082 qui
2648 4026 2799 4081 spem
2823 4010 2986 4065 habet
3015 4011 3070 4065 in
3106 4010 3286 4065 homi-

1741 4120 1887 4169 nem,
1922 4113 1976 4159 et
1997 4104 2172 4159 ﬁrmat
2201 4119 2422 4160 carnem
2455 4105 2661 4160 brachii
2691 4104 2857 4159 sui“.
2887 4103 3130 4158 vClamat
3163 4108 3287 4158 item

1744 4197 2047 4268 Scriptura,
2081 4215 2099 4248 ι
2136 4196 2310 4253 Nolite
2345 4198 2617 4255 conﬁdere
2647 4199 2701 4253 in
2731 4197 3090 4269 principibus,
3117 4188 3289 4266 neque

1740 4275 1798 4347 in
1850 4291 1975 4346 ﬁliis
2016 4290 2316 4355 hominum,
2362 4291 2417 4347 in
2459 4291 2659 4363 quibus
2703 4306 2811 4346 non
2854 4296 2937 4345 est
2976 4290 3122 4344 salus
3145 4288 3225 4352 ⁸¹;
3264 4305 3283 4337 ι

1742 4391 1796 4438 et
1822 4398 2064 4447 rursum,
2098 4402 2116 4435 ι
2158 4382 2368 4439 Divitias
2410 4384 2455 4441 si
2505 4384 2745 4446 aﬂluant,
2794 4381 2957 4434 nolite
2990 4380 3085 4433 eor
3118 4392 3283 4448 appo-

1744 4488 1873 4528 nere
1894 4474 1958 4525 ⁸³.
1992 4492 2011 4526 ι
2040 4471 2097 4527 ln
2122 4474 2242 4529 aliis
2266 4473 2391 4530 item
2414 4474 2481 4529 ad
2509 4474 2621 4528 hate
2651 4469 2878 4527 dicenda
2901 4468 3237 4523 instituimur
3266 4483 3281 4520 :

1749 4583 1769 4617 ι
1806 4563 2066 4620 Dominus
2117 4566 2245 4619 mihi
2290 4564 2524 4634 adjutor,
2575 4578 2680 4617 non
2722 4560 2922 4614 timebo
2953 4559 3083 4629 quid
3125 4557 3289 4613 faciat

100 4662 244 4718 θεσθε
272 4666 514 4739 καρδίαν.
531 4666 665 4719 ιΚαὶ
690 4668 747 4719 ἐν
771 4666 973 4738 ἑτέροις
995 4666 1051 4718 δὲ
1071 4664 1243 4733 λέγειν
1265 4663 1638 4734 διδασκόμεθα·

1745 4656 1875 4711 mihi
1914 4656 2093 4711 homo.
2130 4655 2337 4711 Bonum
2372 4664 2455 4711 est
2484 4653 2751 4711 conﬁdere
2776 4655 2831 4708 in
2854 4652 3102 4717 Domino,
3124 4667 3313 4723 quam.

106 4773 123 4804 ι
153 4756 346 4828 Κύριος
374 4759 494 4829 ἐμοὶ
515 4757 720 4829 βοηθὸς,
744 4758 803 4810 οὐ
826 4757 1197 4828 φοὸηθήσομαι
1220 4755 1272 4808 τί
1300 4755 1515 4825 ποιήσει
1549 4771 1638 4825 μοι

102 4846 391 4917 ἄνθρωπος.
430 4848 653 4918 Ἀγαθὸν
671 4847 983 4901 πεποιθέναι
1018 4848 1107 4901 ἐπὶ
1138 4845 1359 4917 Κύριον,
1391 4844 1424 4915 ἢ
1459 4860 1642 4898 πεποι-

104 4936 237 4990 θέναι
261 4940 357 4993 ἐπὶ
376 4940 676 5011 ἄνθρωπον.
721 4938 942 5007 Ἀγαθὸν
977 4937 1213 5002 ἐλπίζειν
1238 4938 1329 4989 ἐπὶ
1362 4935 1636 5007 Κύριον,ἢ

102 5024 327 5092 ἐλπίζειν
372 5032 464 5084 ἐπὶ
488 5030 767 5103 ἄρχοντας.
809 5049 827 5081 ι
876 5031 932 5083 '0
958 5030 1017 5083 δὲ
1052 5028 1229 5099 ἀγαθὰ
1266 5026 1440 5097 ἐαυτῷ
1469 5044 1642 5080 συνει-

104 5112 193 5177 δὼς
220 5118 357 5171 εἴποι
378 5119 443 5173 ἂν
468 5119 545 5191 τῷ
567 5120 754 5192 Κυρίῳ
778 5118 985 5185 καὶιτὸ,
1022 5138 1040 5170 ι
1092 5120 1177 5173 Ἐν
1207 5115 1515 5189 δικαιοσύνῃ
1544 5133 1636 5169 σου
1662 5192 1669 5193 7

108 5202 249 5271 ῥῦσαί
313 5224 376 5277 με
432 5211 527 5263 καὶ
576 5210 755 5276 ἐξέλου
791 5227 877 5282 με.
923 5230 942 5263 ι
979 5210 1151 5281 Πολλῇ
1184 5210 1291 5279 γὰρ
1324 5207 1638 5276 πεποιθήσει

108 5294 440 5369 τεθάρῤηκεν,
469 5302 569 5366 ὅτι,
604 5303 743 5356 κατά
784 5303 843 5356 τὸ
870 5303 1200 5357 δικαιότατον
1235 5300 1422 5371 κρίνας
1446 5298 1640 5362 ὁΘεὸς,

112 5388 312 5460 εὑρήσει
346 5391 507 5444 αὑτὸν
535 5394 595 5445 οὐ
622 5397 1010 5468 κατακρίσεως,
1041 5396 1159 5449 ούδέ
1184 5390 1448 5459 ἀποϐολῆς
1473 5389 1640 5455 ἄξιον,

113 5479 226 5534 ἀλλὰ
251 5482 498 5553 βοηθείας
529 5484 623 5536 καὶ
655 5485 985 5559 ἀντιλήψεως
1009 5508 1021 5519 ·
1060 5488 1138 5541 διό
1163 5502 1321 5556 φησιν
1340 5500 1353 5513 ·
1392 5500 1410 5533 ι
1460 5483 1546 5534 Ἐν
1572 5485 1637 5554 τῇ

113 5568 400 5649 δικαιοσύνῃ
429 5591 520 5628 σου
538 5574 696 5646 ῥῦσαί
732 5593 799 5647 με
836 5580 928 5632 καὶ
956 5580 1134 5647 ἐξέλου
1170 5595 1256 5651 με.
1285 5597 1303 5630 ι
1336 5575 1640 5647 Συνειδήσει

179 5774 220 5805 ⁷⁸
244 5777 385 5833 Psal.
411 5791 558 5838 uix,
573 5775 692 5832 24.

110 5840 155 5873 ‘“
181 5842 313 5903 Ρειιι.
343 5863 510 5915 cxvu,
549 5847 659 5901 7-9.

1742 4744 2011 4803 conﬁdere
2049 4745 2104 4800 in
2133 4745 2369 4799 homine.
2423 4745 2628 4800 Bonum
2660 4752 2743 4800 est
2770 4758 2989 4814 sperare
3023 4741 3079 4797 in
3110 4740 3291 4797 Domi-‘-

1744 4854 1837 4904 no,
1871 4852 2033 4908 quam
2080 4852 2302 4907 sperare
2357 4838 2412 4892 in
2458 4839 2792 4911 principibus
2811 4835 2876 4890 “.
2916 4857 2935 4889 ι
2976 4835 3079 4903 Qui
3109 4841 3289 4891 autem

1745 4933 2011 4987 bonorum
2043 4929 2147 4983 sibi
2187 4930 2442 4986 conscius
2471 4931 2837 4999 est,ADommo
2867 4929 3065 4984 dixerit
3111 4926 3240 4981 illud
3272 4944 3286 4979 :

1753 5043 1770 5076 ι
1814 5024 1871 5078 ln
1900 5021 2111 5092 justitia
2160 5028 2254 5075 tua
2301 5022 2472 5079 libera
2531 5040 2618 5081 me
2650 5032 2701 5080 et
2749 5025 2895 5094 eripe
2921 5036 3089 5089 me.)
3124 5018 3290 5073 Multa

1746 5117 1943 5188 quippe
1980 5112 2173 5169 ﬁducia
2201 5116 2460 5187 repletur,
2494 5120 2619 5190 quia
2645 5116 2951 5189 justissimo
2994 5127 3175 5169 secum
3202 5109 3289 5180 ju-

1746 5208 1889 5263 dicio
1921 5204 2062 5261 Deus
2084 5218 2271 5275 agens,
2298 5224 2406 5263 non
2440 5209 2808 5273 damnatione,
2846 5220 3019 5275 neque
3050 5199 3288 5271 repulsa.

1748 5300 1842 5358 sed
1871 5297 2072 5353 auxilio
2093 5306 2145 5352 et
2174 5300 2475 5368 patrocinio
2500 5300 2718 5372 dignum
2752 5296 3081 5366 comperiet:
3120 5305 3291 5361 quare

1748 5393 1824 5447 ait
1856 5412 1869 5447 :
1908 5410 1926 5443 ι
1970 5391 2028 5445 1n
2056 5378 2384 5458 justitia'tua
2413 5391 2580 5448 libera
2607 5407 2693 5446 me
2716 5398 2769 5446 et
2802 5390 2948 5457 eripe
2972 5399 3078 5441 me.
3111 5406 3133 5438 ι
3183 5381 3292 5455 Ριι-

1745 5502 1914 5557 raque
1965 5486 2294 5540 conscientia
2342 5484 2614 5555 supplices
2642 5498 2802 5539 voces
2834 5481 2901 5535 ad
2937 5479 3099 5534 Deum
3132 5476 3293 5532 emit-

1748 5585 1870 5635 tens
1894 5576 1947 5633 id
1967 5591 2181 5649 quoque
2206 5577 2465 5643 dicebat:
2523 5594 2542 5628 ι
2596 5575 2800 5630 lnclina
2852 5572 2917 5628 ad
2968 5587 3055 5626 me.
3104 5583 3291 5624 aurem

767 5779 810 5812 το
833 5778 975 5836 P821.
996 5797 1106 5849 xxI,
1139 5782 1222 5839 10.
1298 5780 1343 5814 ⁸⁸
1371 5777 1499 5835 ibid.
1522 5778 1608 5834 δί.

1760 5735 2123 5849 ίετειιικιινιι,
2144 5781 2193 5836 5.
2282 5766 2484 5837 *‘I’sal.
2504 5791 2659 5843 την,
2688 5776 2741 5833 ‘2.
2819 5776 2864 5808 ’⁸³
2894 5773 3037 5831 Psal.
3069 5786 3179 5842 ut,
3199 5772 3289 5863 id;
