  <div class='ocr_page' id='page_1' title='image "/cluster/home/n/w/nwhite01/storage/ocr_20150623/23/pst.000005712076/395.png"; bbox 0 0 3966 6348; ppageno 0'>
   <div class='ocr_carea' id='block_1_1' title="bbox 724 460 3873 528">
    <p class='ocr_par' dir='ltr' id='par_1_1' title="bbox 724 460 3873 528">
     <span class='ocr_line' id='line_1_1' title="bbox 724 460 3873 528; baseline -0.004 -2"><span class='ocrx_word' id='word_1_1' title='bbox 724 471 832 528; x_wconf 77' lang='grc' dir='ltr'>7Ἰὸ</span> <span class='ocrx_word' id='word_1_2' title='bbox 1382 467 1638 523; x_wconf 79' lang='lat' dir='ltr'>EUSEBII</span> <span class='ocrx_word' id='word_1_3' title='bbox 1676 465 2143 523; x_wconf 70' lang='lat' dir='ltr'>CASSARIENSIS</span> <span class='ocrx_word' id='word_1_4' title='bbox 2179 466 2326 523; x_wconf 87' lang='lat' dir='ltr'>OPP.</span> <span class='ocrx_word' id='word_1_5' title='bbox 2365 465 2541 521; x_wconf 73' lang='lat' dir='ltr'>PARS</span> <span class='ocrx_word' id='word_1_6' title='bbox 2575 464 2662 519; x_wconf 81' lang='lat' dir='ltr'><strong>Ill.</strong></span> <span class='ocrx_word' id='word_1_7' title='bbox 2699 494 2770 505; x_wconf 91' lang='lat'>-—</span> <span class='ocrx_word' id='word_1_8' title='bbox 2805 462 3206 520; x_wconf 76' lang='lat' dir='ltr'>EXEGETICA.</span> <span class='ocrx_word' id='word_1_9' title='bbox 3796 460 3873 513; x_wconf 79' lang='grc' dir='ltr'>⁸ῖῖιί</span> 
     </span>
    </p>
   </div>
   <div class='ocr_carea' id='block_1_2' title="bbox 731 570 2297 648">
    <p class='ocr_par' dir='ltr' id='par_1_2' title="bbox 731 576 2297 648">
     <span class='ocr_line' id='line_1_2' title="bbox 731 576 2297 648; baseline -0.004 -12"><span class='ocrx_word' id='word_1_10' title='bbox 731 592 895 645; x_wconf 83' lang='lat' dir='ltr'><strong>tuam,</strong></span> <span class='ocrx_word' id='word_1_11' title='bbox 924 587 977 636; x_wconf 87' lang='lat' dir='ltr'>et</span> <span class='ocrx_word' id='word_1_12' title='bbox 1026 580 1172 635; x_wconf 83' lang='lat' dir='ltr'><strong>salva</strong></span> <span class='ocrx_word' id='word_1_13' title='bbox 1207 592 1302 632; x_wconf 83' lang='lat' dir='ltr'>-me</span> <span class='ocrx_word' id='word_1_14' title='bbox 1323 577 1388 629; x_wconf 77' lang='grc'>⁸⁵.</span> <span class='ocrx_word' id='word_1_15' title='bbox 1429 597 1446 628; x_wconf 75' lang='grc' dir='ltr'>ι</span> <span class='ocrx_word' id='word_1_16' title='bbox 1488 576 1602 632; x_wconf 84' lang='lat' dir='ltr'><strong>imo</strong></span> <span class='ocrx_word' id='word_1_17' title='bbox 1634 578 1790 648; x_wconf 81' lang='lat' dir='ltr'><strong>quasi</strong></span> <span class='ocrx_word' id='word_1_18' title='bbox 1831 593 1900 633; x_wconf 80' lang='lat' dir='ltr'><strong>ex</strong></span> <span class='ocrx_word' id='word_1_19' title='bbox 1938 577 2255 633; x_wconf 74' lang='lat' dir='ltr'>necessitate</span> <span class='ocrx_word' id='word_1_20' title='bbox 2287 623 2297 646; x_wconf 43' lang='grc' dir='ltr'>γ</span> 
     </span>
    </p>
   </div>
   <div class='ocr_carea' id='block_1_3' title="bbox 2304 570 3870 648">
    <p class='ocr_par' dir='ltr' id='par_1_3' title="bbox 2304 570 3870 646">
     <span class='ocr_line' id='line_1_3' title="bbox 2304 570 3870 646; baseline -0.003 -18"><span class='ocrx_word' id='word_1_21' title='bbox 2304 592 2329 646; x_wconf 61' lang='grc' dir='ltr'>ι</span> <span class='ocrx_word' id='word_1_22' title='bbox 2356 576 2410 628; x_wconf 83' lang='grc' dir='ltr'>δὲ</span> <span class='ocrx_word' id='word_1_23' title='bbox 2438 574 2816 645; x_wconf 68' lang='grc' dir='ltr'>κεκαθαρμένη</span> <span class='ocrx_word' id='word_1_24' title='bbox 2840 574 2935 637; x_wconf 68' lang='grc' dir='ltr'>τὰς</span> <span class='ocrx_word' id='word_1_25' title='bbox 2967 574 3267 644; x_wconf 77' lang='grc' dir='ltr'>ίικετηρίους</span> <span class='ocrx_word' id='word_1_26' title='bbox 3286 572 3464 641; x_wconf 78' lang='grc' dir='ltr'>φωνὰς</span> <span class='ocrx_word' id='word_1_27' title='bbox 3493 571 3623 640; x_wconf 85' lang='grc' dir='ltr'>πρὸς</span> <span class='ocrx_word' id='word_1_28' title='bbox 3657 570 3753 623; x_wconf 73' lang='grc' dir='ltr'>τὸν</span> <span class='ocrx_word' id='word_1_29' title='bbox 3773 572 3870 624; x_wconf 55' lang='grc' dir='ltr'>Θεὸν</span> 
     </span>
    </p>
   </div>
   <div class='ocr_carea' id='block_1_4' title="bbox 718 655 2284 740">
    <p class='ocr_par' dir='ltr' id='par_1_4' title="bbox 718 667 2256 740">
     <span class='ocr_line' id='line_1_4' title="bbox 718 667 2256 740; baseline -0.005 -12"><span class='ocrx_word' id='word_1_30' title='bbox 718 671 893 728; x_wconf 85' lang='lat' dir='ltr'><strong>Deum</strong></span> <span class='ocrx_word' id='word_1_31' title='bbox 926 672 999 725; x_wconf 87' lang='lat' dir='ltr'><strong>ita</strong></span> <span class='ocrx_word' id='word_1_32' title='bbox 1028 669 1249 740; x_wconf 82' lang='lat' dir='ltr'><strong>rogabat</strong></span> <span class='ocrx_word' id='word_1_33' title='bbox 1280 688 1293 723; x_wconf 87' lang='lat'><strong>:</strong></span> <span class='ocrx_word' id='word_1_34' title='bbox 1324 687 1343 719; x_wconf 71' lang='lat' dir='ltr'>c</span> <span class='ocrx_word' id='word_1_35' title='bbox 1376 667 1505 722; x_wconf 86' lang='lat' dir='ltr'><strong>Esto</strong></span> <span class='ocrx_word' id='word_1_36' title='bbox 1547 669 1680 722; x_wconf 91' lang='lat' dir='ltr'><strong>mihi</strong></span> <span class='ocrx_word' id='word_1_37' title='bbox 1712 671 1764 722; x_wconf 91' lang='lat' dir='ltr'><strong>in</strong></span> <span class='ocrx_word' id='word_1_38' title='bbox 1792 668 1959 723; x_wconf 90' lang='lat' dir='ltr'><strong>Deum</strong></span> <span class='ocrx_word' id='word_1_39' title='bbox 1989 675 2256 738; x_wconf 90' lang='lat' dir='ltr'><strong>protecto-</strong></span> 
     </span>
    </p>
   </div>
   <div class='ocr_carea' id='block_1_5' title="bbox 2302 655 3868 740">
    <p class='ocr_par' dir='ltr' id='par_1_5' title="bbox 2354 655 3868 735">
     <span class='ocr_line' id='line_1_5' title="bbox 2354 655 3868 735; baseline -0.005 -17"><span class='ocrx_word' id='word_1_40' title='bbox 2354 666 2683 735; x_wconf 79' lang='grc' dir='ltr'>ἀναπέμπων</span> <span class='ocrx_word' id='word_1_41' title='bbox 2713 704 2727 727; x_wconf 90' lang='grc'>,</span> <span class='ocrx_word' id='word_1_42' title='bbox 2770 666 2860 717; x_wconf 73' lang='grc' dir='ltr'>καὶ</span> <span class='ocrx_word' id='word_1_43' title='bbox 2889 664 2968 725; x_wconf 88' lang='grc' dir='ltr'>τὸ,</span> <span class='ocrx_word' id='word_1_44' title='bbox 3003 683 3020 714; x_wconf 73' lang='grc' dir='ltr'>ι</span> <span class='ocrx_word' id='word_1_45' title='bbox 3061 662 3249 715; x_wconf 77' lang='grc' dir='ltr'>Κλῖνον</span> <span class='ocrx_word' id='word_1_46' title='bbox 3271 660 3409 729; x_wconf 83' lang='grc' dir='ltr'>πρὸς</span> <span class='ocrx_word' id='word_1_47' title='bbox 3451 659 3515 730; x_wconf 78' lang='grc' dir='ltr'>μὲ</span> <span class='ocrx_word' id='word_1_48' title='bbox 3559 660 3617 711; x_wconf 88' lang='grc' dir='ltr'>τὸ</span> <span class='ocrx_word' id='word_1_49' title='bbox 3644 655 3744 721; x_wconf 67' lang='grc' dir='ltr'>οὖς</span> <span class='ocrx_word' id='word_1_50' title='bbox 3784 676 3868 719; x_wconf 62' lang='grc' dir='ltr'>σου,</span> 
     </span>
    </p>
   </div>
   <div class='ocr_carea' id='block_1_6' title="bbox 725 750 2291 824">
    <p class='ocr_par' dir='ltr' id='par_1_6' title="bbox 725 760 2251 823">
     <span class='ocr_line' id='line_1_6' title="bbox 725 760 2251 823; baseline -0.004 -4"><span class='ocrx_word' id='word_1_51' title='bbox 725 778 839 819; x_wconf 87' lang='lat' dir='ltr'><strong>rem</strong></span> <span class='ocrx_word' id='word_1_52' title='bbox 867 769 920 817; x_wconf 89' lang='lat' dir='ltr'><strong>et</strong></span> <span class='ocrx_word' id='word_1_53' title='bbox 946 763 1004 816; x_wconf 82' lang='lat' dir='ltr'><strong>in</strong></span> <span class='ocrx_word' id='word_1_54' title='bbox 1031 762 1207 816; x_wconf 89' lang='lat' dir='ltr'><strong>locum</strong></span> <span class='ocrx_word' id='word_1_55' title='bbox 1238 760 1526 823; x_wconf 91' lang='lat' dir='ltr'><strong>munitum,</strong></span> <span class='ocrx_word' id='word_1_56' title='bbox 1565 768 1623 814; x_wconf 94' lang='lat' dir='ltr'><strong>ut</strong></span> <span class='ocrx_word' id='word_1_57' title='bbox 1655 761 1861 816; x_wconf 87' lang='lat' dir='ltr'><strong>salvum</strong></span> <span class='ocrx_word' id='word_1_58' title='bbox 1886 774 1969 815; x_wconf 93' lang='lat' dir='ltr'><strong>me</strong></span> <span class='ocrx_word' id='word_1_59' title='bbox 2004 760 2190 815; x_wconf 80' lang='lat' dir='ltr'>facias.</span> <span class='ocrx_word' id='word_1_60' title='bbox 2234 781 2251 813; x_wconf 71' lang='grc' dir='ltr'>ι</span> 
     </span>
    </p>
   </div>
   <div class='ocr_carea' id='block_1_7' title="bbox 2305 750 3871 824">
    <p class='ocr_par' dir='ltr' id='par_1_7' title="bbox 2354 750 3871 824">
     <span class='ocr_line' id='line_1_7' title="bbox 2354 750 3871 824; baseline -0.013 -12"><span class='ocrx_word' id='word_1_61' title='bbox 2354 760 2447 812; x_wconf 75' lang='grc' dir='ltr'>καὶ</span> <span class='ocrx_word' id='word_1_62' title='bbox 2481 757 2648 809; x_wconf 78' lang='grc' dir='ltr'>σῶσόν</span> <span class='ocrx_word' id='word_1_63' title='bbox 2672 773 2757 824; x_wconf 86' lang='grc' dir='ltr'>με,</span> <span class='ocrx_word' id='word_1_64' title='bbox 2796 776 2812 806; x_wconf 76' lang='grc' dir='ltr'>ι</span> <span class='ocrx_word' id='word_1_65' title='bbox 2851 755 3048 823; x_wconf 80' lang='grc' dir='ltr'>ἔλεγεν.</span> <span class='ocrx_word' id='word_1_66' title='bbox 3078 752 3234 805; x_wconf 84' lang='grc' dir='ltr'>Ἀλλὰ</span> <span class='ocrx_word' id='word_1_67' title='bbox 3254 754 3347 805; x_wconf 72' lang='grc' dir='ltr'>καὶ</span> <span class='ocrx_word' id='word_1_68' title='bbox 3375 752 3450 814; x_wconf 85' lang='grc' dir='ltr'>ὡς</span> <span class='ocrx_word' id='word_1_69' title='bbox 3484 750 3792 818; x_wconf 75' lang='grc' dir='ltr'>ἀναγκαίως</span> 
     </span>
    </p>
   </div>
   <div class='ocr_carea' id='block_1_8' title="bbox 722 842 2288 922">
    <p class='ocr_par' dir='ltr' id='par_1_8' title="bbox 722 851 2259 922">
     <span class='ocr_line' id='line_1_8' title="bbox 722 851 2259 922; baseline -0.003 -13"><span class='ocrx_word' id='word_1_70' title='bbox 722 852 1007 908; x_wconf 83' lang='lat' dir='ltr'><strong>Nam&#39;cum</strong></span> <span class='ocrx_word' id='word_1_71' title='bbox 1043 851 1182 906; x_wconf 87' lang='lat' dir='ltr'><strong>Deus</strong></span> <span class='ocrx_word' id='word_1_72' title='bbox 1210 852 1440 921; x_wconf 74' lang='lat' dir='ltr'>protegit</span> <span class='ocrx_word' id='word_1_73' title='bbox 1462 859 1515 904; x_wconf 91' lang='lat' dir='ltr'>et</span> <span class='ocrx_word' id='word_1_74' title='bbox 1535 859 1858 922; x_wconf 81' lang='lat' dir='ltr'><strong>prepugnat,</strong></span> <span class='ocrx_word' id='word_1_75' title='bbox 1883 866 1991 905; x_wconf 89' lang='lat' dir='ltr'><strong>non</strong></span> <span class='ocrx_word' id='word_1_76' title='bbox 2021 867 2118 921; x_wconf 92' lang='lat' dir='ltr'>pro</span> <span class='ocrx_word' id='word_1_77' title='bbox 2138 853 2259 905; x_wconf 86' lang='lat' dir='ltr'><strong>nul-</strong></span> 
     </span>
    </p>
   </div>
   <div class='ocr_carea' id='block_1_9' title="bbox 2305 842 3871 922">
    <p class='ocr_par' dir='ltr' id='par_1_9' title="bbox 2352 842 3871 921">
     <span class='ocr_line' id='line_1_9' title="bbox 2352 842 3871 921; baseline -0.004 -21"><span class='ocrx_word' id='word_1_78' title='bbox 2352 850 2469 921; x_wconf 82' lang='grc' dir='ltr'>Θεῷ</span> <span class='ocrx_word' id='word_1_79' title='bbox 2514 850 2799 920; x_wconf 73' lang='grc' dir='ltr'>παρεκάλει</span> <span class='ocrx_word' id='word_1_80' title='bbox 2841 847 3039 915; x_wconf 81' lang='grc' dir='ltr'>λέγων·</span> <span class='ocrx_word' id='word_1_81' title='bbox 3078 863 3095 895; x_wconf 76' lang='grc' dir='ltr'>ι</span> <span class='ocrx_word' id='word_1_82' title='bbox 3136 842 3295 896; x_wconf 84' lang='grc' dir='ltr'>Γενοῦ</span> <span class='ocrx_word' id='word_1_83' title='bbox 3340 860 3426 911; x_wconf 88' lang='grc' dir='ltr'>μοι</span> <span class='ocrx_word' id='word_1_84' title='bbox 3458 844 3534 905; x_wconf 82' lang='grc' dir='ltr'>είς</span> <span class='ocrx_word' id='word_1_85' title='bbox 3570 842 3707 895; x_wconf 82' lang='grc' dir='ltr'>Θεὸν</span> <span class='ocrx_word' id='word_1_86' title='bbox 3740 843 3871 914; x_wconf 60' lang='grc' dir='ltr'>ὑπερ-</span> 
     </span>
    </p>
   </div>
   <div class='ocr_carea' id='block_1_10' title="bbox 722 931 2288 1013">
    <p class='ocr_par' dir='ltr' id='par_1_10' title="bbox 722 942 2254 1013">
     <span class='ocr_line' id='line_1_10' title="bbox 722 942 2254 1013; baseline -0.002 -16"><span class='ocrx_word' id='word_1_87' title='bbox 722 944 826 998; x_wconf 89' lang='lat' dir='ltr'><strong>lius</strong></span> <span class='ocrx_word' id='word_1_88' title='bbox 860 943 1015 1013; x_wconf 84' lang='lat' dir='ltr'>pretii</span> <span class='ocrx_word' id='word_1_89' title='bbox 1057 943 1289 996; x_wconf 83' lang='lat' dir='ltr'>homine</span> <span class='ocrx_word' id='word_1_90' title='bbox 1315 942 1368 995; x_wconf 88' lang='lat' dir='ltr'><strong>id</strong></span> <span class='ocrx_word' id='word_1_91' title='bbox 1423 943 1552 1012; x_wconf 85' lang='lat' dir='ltr'><strong>agit,</strong></span> <span class='ocrx_word' id='word_1_92' title='bbox 1595 945 1850 1012; x_wconf 80' lang='lat' dir='ltr'>Solusque</span> <span class='ocrx_word' id='word_1_93' title='bbox 1885 942 2154 1012; x_wconf 88' lang='lat' dir='ltr'><strong>perfectus</strong></span> <span class='ocrx_word' id='word_1_94' title='bbox 2203 944 2254 995; x_wconf 90' lang='lat' dir='ltr'><strong>id</strong></span> 
     </span>
    </p>
   </div>
   <div class='ocr_carea' id='block_1_11' title="bbox 2307 931 3873 1013">
    <p class='ocr_par' dir='ltr' id='par_1_11' title="bbox 2353 931 3873 1012">
     <span class='ocr_line' id='line_1_11' title="bbox 2353 931 3873 1012; baseline -0.005 -21"><span class='ocrx_word' id='word_1_95' title='bbox 2353 939 2617 1012; x_wconf 82' lang='grc' dir='ltr'>ασπιστὴν</span> <span class='ocrx_word' id='word_1_96' title='bbox 2636 941 2726 991; x_wconf 70' lang='grc' dir='ltr'>καὶ</span> <span class='ocrx_word' id='word_1_97' title='bbox 2760 939 2837 999; x_wconf 77' lang='grc' dir='ltr'>εἰς</span> <span class='ocrx_word' id='word_1_98' title='bbox 2868 937 3027 989; x_wconf 80' lang='grc' dir='ltr'>τόπον</span> <span class='ocrx_word' id='word_1_99' title='bbox 3058 934 3247 1005; x_wconf 83' lang='grc' dir='ltr'>ὀχυρὸν</span> <span class='ocrx_word' id='word_1_100' title='bbox 3275 932 3365 985; x_wconf 83' lang='grc' dir='ltr'>τοῦ</span> <span class='ocrx_word' id='word_1_101' title='bbox 3396 931 3564 986; x_wconf 76' lang='grc' dir='ltr'>σῶσαί</span> <span class='ocrx_word' id='word_1_102' title='bbox 3600 934 3873 1003; x_wconf 53' lang='lat' dir='ltr'><strong>psallim-</strong></span> 
     </span>
    </p>
   </div>
   <div class='ocr_carea' id='block_1_12' title="bbox 721 1023 2287 1099">
    <p class='ocr_par' dir='ltr' id='par_1_12' title="bbox 721 1030 2253 1096">
     <span class='ocr_line' id='line_1_12' title="bbox 721 1030 2253 1096; baseline 0.002 -13"><span class='ocrx_word' id='word_1_103' title='bbox 721 1031 829 1087; x_wconf 92' lang='lat' dir='ltr'><strong>Deo</strong></span> <span class='ocrx_word' id='word_1_104' title='bbox 853 1031 1033 1087; x_wconf 83' lang='lat' dir='ltr'>dicere</span> <span class='ocrx_word' id='word_1_105' title='bbox 1057 1034 1231 1087; x_wconf 88' lang='lat' dir='ltr'><strong>valeat</strong></span> <span class='ocrx_word' id='word_1_106' title='bbox 1263 1051 1277 1087; x_wconf 89' lang='lat'><strong>:</strong></span> <span class='ocrx_word' id='word_1_107' title='bbox 1312 1050 1330 1083; x_wconf 76' lang='grc' dir='ltr'>ι</span> <span class='ocrx_word' id='word_1_108' title='bbox 1367 1030 1629 1096; x_wconf 83' lang='lat' dir='ltr'>Quoniam</span> <span class='ocrx_word' id='word_1_109' title='bbox 1664 1033 2056 1087; x_wconf 83' lang='lat' dir='ltr'><strong>firmamentum</strong></span> <span class='ocrx_word' id='word_1_110' title='bbox 2082 1050 2253 1086; x_wconf 72' lang='lat' dir='ltr'><strong>nieum</strong></span> 
     </span>
    </p>
   </div>
   <div class='ocr_carea' id='block_1_13' title="bbox 2306 1023 3872 1099">
    <p class='ocr_par' dir='ltr' id='par_1_13' title="bbox 2356 1023 3872 1099">
     <span class='ocr_line' id='line_1_13' title="bbox 2356 1023 3872 1099; baseline -0.005 -18"><span class='ocrx_word' id='word_1_111' title='bbox 2356 1029 2558 1092; x_wconf 75' lang='grc' dir='ltr'>σπίζων</span> <span class='ocrx_word' id='word_1_112' title='bbox 2583 1028 2690 1099; x_wconf 81' lang='grc' dir='ltr'>γὰρ</span> <span class='ocrx_word' id='word_1_113' title='bbox 2714 1030 2741 1080; x_wconf 86' lang='grc' dir='ltr'>ὁ</span> <span class='ocrx_word' id='word_1_114' title='bbox 2764 1027 2891 1091; x_wconf 83' lang='grc' dir='ltr'>Θεὸς</span> <span class='ocrx_word' id='word_1_115' title='bbox 2932 1027 3023 1079; x_wconf 78' lang='grc' dir='ltr'>καὶ</span> <span class='ocrx_word' id='word_1_116' title='bbox 3060 1023 3405 1095; x_wconf 78' lang='grc' dir='ltr'>ὑπερμαχῶν,</span> <span class='ocrx_word' id='word_1_117' title='bbox 3432 1025 3527 1076; x_wconf 79' lang='grc' dir='ltr'>οὐκ</span> <span class='ocrx_word' id='word_1_118' title='bbox 3556 1024 3620 1076; x_wconf 78' lang='grc' dir='ltr'>ἂν</span> <span class='ocrx_word' id='word_1_119' title='bbox 3654 1023 3781 1094; x_wconf 77' lang='grc' dir='ltr'>περὶ</span> <span class='ocrx_word' id='word_1_120' title='bbox 3810 1042 3872 1093; x_wconf 70' lang='grc' dir='ltr'>μισ</span> 
     </span>
    </p>
   </div>
   <div class='ocr_carea' id='block_1_14' title="bbox 718 1112 2284 1193">
    <p class='ocr_par' dir='ltr' id='par_1_14' title="bbox 718 1122 2258 1193">
     <span class='ocr_line' id='line_1_14' title="bbox 718 1122 2258 1193; baseline 0.001 -17"><span class='ocrx_word' id='word_1_121' title='bbox 718 1131 773 1176; x_wconf 95' lang='lat' dir='ltr'><strong>et</strong></span> <span class='ocrx_word' id='word_1_122' title='bbox 798 1122 1063 1193; x_wconf 77' lang='lat' dir='ltr'>refugium</span> <span class='ocrx_word' id='word_1_123' title='bbox 1092 1138 1269 1177; x_wconf 90' lang='lat' dir='ltr'><strong>meum</strong></span> <span class='ocrx_word' id='word_1_124' title='bbox 1299 1138 1360 1177; x_wconf 90' lang='lat' dir='ltr'>es</span> <span class='ocrx_word' id='word_1_125' title='bbox 1391 1132 1491 1177; x_wconf 90' lang='lat' dir='ltr'><strong>tu.-</strong></span> <span class='ocrx_word' id='word_1_126' title='bbox 1514 1142 1531 1174; x_wconf 80' lang='grc' dir='ltr'>ι</span> <span class='ocrx_word' id='word_1_127' title='bbox 1568 1122 1672 1178; x_wconf 87' lang='lat' dir='ltr'>Pro</span> <span class='ocrx_word' id='word_1_128' title='bbox 1694 1139 1801 1192; x_wconf 91' lang='lat' dir='ltr'><strong>quo</strong></span> <span class='ocrx_word' id='word_1_129' title='bbox 1829 1124 2041 1193; x_wconf 87' lang='lat' dir='ltr'><strong>Aquila,</strong></span> <span class='ocrx_word' id='word_1_130' title='bbox 2073 1143 2090 1174; x_wconf 87' lang='grc'><em>‹</em></span> <span class='ocrx_word' id='word_1_131' title='bbox 2118 1123 2258 1190; x_wconf 80' lang='lat' dir='ltr'><strong>Quo-</strong></span> 
     </span>
    </p>
   </div>
   <div class='ocr_carea' id='block_1_15' title="bbox 2303 1112 3869 1193">
    <p class='ocr_par' dir='ltr' id='par_1_15' title="bbox 2357 1112 3869 1189">
     <span class='ocr_line' id='line_1_15' title="bbox 2357 1112 3869 1189; baseline -0.007 -18"><span class='ocrx_word' id='word_1_132' title='bbox 2357 1117 2487 1189; x_wconf 85' lang='grc' dir='ltr'>κροῦ</span> <span class='ocrx_word' id='word_1_133' title='bbox 2509 1135 2649 1180; x_wconf 81' lang='grc' dir='ltr'>τινος</span> <span class='ocrx_word' id='word_1_134' title='bbox 2668 1117 2808 1169; x_wconf 79' lang='grc' dir='ltr'>τοῦτ’</span> <span class='ocrx_word' id='word_1_135' title='bbox 2830 1115 3046 1186; x_wconf 79' lang='grc' dir='ltr'>ἐποίησε</span> <span class='ocrx_word' id='word_1_136' title='bbox 3066 1133 3078 1144; x_wconf 92' lang='grc'><strong>·</strong></span> <span class='ocrx_word' id='word_1_137' title='bbox 3115 1115 3270 1184; x_wconf 77' lang='grc' dir='ltr'>μόνος</span> <span class='ocrx_word' id='word_1_138' title='bbox 3289 1113 3345 1166; x_wconf 72' lang='grc' dir='ltr'>δὲ</span> <span class='ocrx_word' id='word_1_139' title='bbox 3376 1116 3404 1166; x_wconf 84' lang='grc' dir='ltr'>ὁ</span> <span class='ocrx_word' id='word_1_140' title='bbox 3428 1112 3628 1174; x_wconf 80' lang='grc' dir='ltr'>τέλειος</span> <span class='ocrx_word' id='word_1_141' title='bbox 3661 1113 3798 1163; x_wconf 63' lang='lat' dir='ltr'><strong>sine:</strong></span> <span class='ocrx_word' id='word_1_142' title='bbox 3828 1114 3869 1163; x_wconf 48' lang='grc' dir='ltr'>ἐκ.</span> 
     </span>
    </p>
   </div>
   <div class='ocr_carea' id='block_1_16' title="bbox 720 1204 2286 1286">
    <p class='ocr_par' dir='ltr' id='par_1_16' title="bbox 720 1215 2258 1286">
     <span class='ocr_line' id='line_1_16' title="bbox 720 1215 2258 1286; baseline -0.002 -16"><span class='ocrx_word' id='word_1_143' title='bbox 720 1215 865 1271; x_wconf 87' lang='lat' dir='ltr'><strong>niam</strong></span> <span class='ocrx_word' id='word_1_144' title='bbox 899 1223 1049 1286; x_wconf 86' lang='lat' dir='ltr'><strong>petra</strong></span> <span class='ocrx_word' id='word_1_145' title='bbox 1079 1231 1199 1269; x_wconf 88' lang='lat' dir='ltr'><strong>mea</strong></span> <span class='ocrx_word' id='word_1_146' title='bbox 1232 1223 1285 1269; x_wconf 90' lang='lat' dir='ltr'>et</span> <span class='ocrx_word' id='word_1_147' title='bbox 1314 1215 1621 1284; x_wconf 66' lang='lat' dir='ltr'><strong>praisidium</strong></span> <span class='ocrx_word' id='word_1_148' title='bbox 1654 1229 1852 1277; x_wconf 92' lang='lat' dir='ltr'><strong>meum,</strong></span> <span class='ocrx_word' id='word_1_149' title='bbox 1891 1234 1907 1266; x_wconf 77' lang='grc' dir='ltr'>ι</span> <span class='ocrx_word' id='word_1_150' title='bbox 1941 1216 2258 1284; x_wconf 76' lang='lat' dir='ltr'><strong>interpreta-</strong></span> 
     </span>
    </p>
   </div>
   <div class='ocr_carea' id='block_1_17' title="bbox 2302 1204 3868 1286">
    <p class='ocr_par' dir='ltr' id='par_1_17' title="bbox 2353 1204 3868 1280">
     <span class='ocr_line' id='line_1_17' title="bbox 2353 1204 3868 1280; baseline -0.007 -18"><span class='ocrx_word' id='word_1_151' title='bbox 2353 1210 2429 1279; x_wconf 78' lang='grc' dir='ltr'>τῷ</span> <span class='ocrx_word' id='word_1_152' title='bbox 2465 1210 2605 1280; x_wconf 79' lang='grc' dir='ltr'>Θεῷ·</span> <span class='ocrx_word' id='word_1_153' title='bbox 2644 1228 2660 1259; x_wconf 82' lang='grc' dir='ltr'>ι</span> <span class='ocrx_word' id='word_1_154' title='bbox 2700 1210 2817 1261; x_wconf 86' lang='grc' dir='ltr'>Ὅτι</span> <span class='ocrx_word' id='word_1_155' title='bbox 2848 1206 3128 1278; x_wconf 86' lang='grc' dir='ltr'>στερέωμά</span> <span class='ocrx_word' id='word_1_156' title='bbox 3182 1223 3282 1274; x_wconf 85' lang='grc' dir='ltr'>μου</span> <span class='ocrx_word' id='word_1_157' title='bbox 3330 1206 3422 1258; x_wconf 72' lang='grc' dir='ltr'>καὶ</span> <span class='ocrx_word' id='word_1_158' title='bbox 3470 1204 3755 1271; x_wconf 74' lang='grc' dir='ltr'>καταφυγή</span> <span class='ocrx_word' id='word_1_159' title='bbox 3796 1219 3868 1270; x_wconf 61' lang='grc' dir='ltr'>μου</span> 
     </span>
    </p>
   </div>
   <div class='ocr_carea' id='block_1_18' title="bbox 719 1292 2285 1379">
    <p class='ocr_par' dir='ltr' id='par_1_18' title="bbox 719 1302 2257 1379">
     <span class='ocr_line' id='line_1_18' title="bbox 719 1302 2257 1379; baseline -0.002 -19"><span class='ocrx_word' id='word_1_160' title='bbox 719 1314 810 1361; x_wconf 83' lang='lat' dir='ltr'>tus</span> <span class='ocrx_word' id='word_1_161' title='bbox 834 1313 950 1371; x_wconf 88' lang='lat' dir='ltr'><strong>est;</strong></span> <span class='ocrx_word' id='word_1_162' title='bbox 977 1303 1333 1376; x_wconf 84' lang='lat' dir='ltr'><strong>Symmachus</strong></span> <span class='ocrx_word' id='word_1_163' title='bbox 1352 1318 1498 1368; x_wconf 90' lang='lat' dir='ltr'><strong>vero,</strong></span> <span class='ocrx_word' id='word_1_164' title='bbox 1540 1321 1559 1354; x_wconf 81' lang='grc' dir='ltr'>ί</span> <span class='ocrx_word' id='word_1_165' title='bbox 1587 1302 1851 1379; x_wconf 80' lang='lat' dir='ltr'><strong>Quoniam</strong></span> <span class='ocrx_word' id='word_1_166' title='bbox 1885 1315 2034 1373; x_wconf 65' lang='lat' dir='ltr'><strong>petra</strong></span> <span class='ocrx_word' id='word_1_167' title='bbox 2061 1319 2177 1358; x_wconf 89' lang='lat' dir='ltr'><strong>mea</strong></span> <span class='ocrx_word' id='word_1_168' title='bbox 2206 1312 2257 1359; x_wconf 86' lang='lat' dir='ltr'>et</span> 
     </span>
    </p>
   </div>
   <div class='ocr_carea' id='block_1_19' title="bbox 2302 1292 3868 1379">
    <p class='ocr_par' dir='ltr' id='par_1_19' title="bbox 2358 1292 3868 1368">
     <span class='ocr_line' id='line_1_19' title="bbox 2358 1292 3868 1368; baseline -0.007 -15"><span class='ocrx_word' id='word_1_169' title='bbox 2358 1302 2419 1353; x_wconf 78' lang='grc' dir='ltr'>σὺ</span> <span class='ocrx_word' id='word_1_170' title='bbox 2454 1295 2519 1351; x_wconf 80' lang='grc' dir='ltr'>εἶ.</span> <span class='ocrx_word' id='word_1_171' title='bbox 2556 1319 2574 1350; x_wconf 72' lang='grc' dir='ltr'>ι</span> <span class='ocrx_word' id='word_1_172' title='bbox 2612 1298 2746 1351; x_wconf 82' lang='grc' dir='ltr'>Ἀνθ’</span> <span class='ocrx_word' id='word_1_173' title='bbox 2779 1292 2836 1351; x_wconf 80' lang='grc' dir='ltr'>οῦ</span> <span class='ocrx_word' id='word_1_174' title='bbox 2860 1301 2887 1350; x_wconf 81' lang='grc' dir='ltr'>ὁ</span> <span class='ocrx_word' id='word_1_175' title='bbox 2924 1297 3021 1368; x_wconf 79' lang='grc' dir='ltr'>μὲν</span> <span class='ocrx_word' id='word_1_176' title='bbox 3064 1296 3319 1358; x_wconf 53' lang='grc' dir='ltr'>Ἀκύλας</span> <span class='ocrx_word' id='word_1_177' title='bbox 3372 1313 3392 1346; x_wconf 84' lang='grc'><strong>‹</strong></span> <span class='ocrx_word' id='word_1_178' title='bbox 3429 1296 3545 1346; x_wconf 80' lang='grc' dir='ltr'>Ὀτι</span> <span class='ocrx_word' id='word_1_179' title='bbox 3584 1294 3756 1365; x_wconf 78' lang='grc' dir='ltr'>πέτρα</span> <span class='ocrx_word' id='word_1_180' title='bbox 3796 1308 3868 1361; x_wconf 65' lang='grc' dir='ltr'>με)</span> 
     </span>
    </p>
   </div>
   <div class='ocr_carea' id='block_1_20' title="bbox 721 1386 2287 1468">
    <p class='ocr_par' dir='ltr' id='par_1_20' title="bbox 721 1394 2258 1468">
     <span class='ocr_line' id='line_1_20' title="bbox 721 1394 2258 1468; baseline -0.002 -14"><span class='ocrx_word' id='word_1_181' title='bbox 721 1398 988 1468; x_wconf 78' lang='lat' dir='ltr'><strong>refugium</strong></span> <span class='ocrx_word' id='word_1_182' title='bbox 1017 1412 1193 1452; x_wconf 88' lang='lat' dir='ltr'><strong>meum</strong></span> <span class='ocrx_word' id='word_1_183' title='bbox 1220 1394 1660 1451; x_wconf 69' lang='lat' dir='ltr'>estu.»-—&#39;—«Deus</span> <span class='ocrx_word' id='word_1_184' title='bbox 1688 1412 1861 1457; x_wconf 89' lang='lat' dir='ltr'><strong>meus,</strong></span> <span class='ocrx_word' id='word_1_185' title='bbox 1891 1396 2037 1465; x_wconf 86' lang='lat' dir='ltr'><strong>eripe</strong></span> <span class='ocrx_word' id='word_1_186' title='bbox 2069 1412 2153 1451; x_wconf 90' lang='lat' dir='ltr'>me</span> <span class='ocrx_word' id='word_1_187' title='bbox 2192 1397 2258 1451; x_wconf 89' lang='lat' dir='ltr'><strong>de</strong></span> 
     </span>
    </p>
   </div>
   <div class='ocr_carea' id='block_1_21' title="bbox 2299 1386 3865 1468">
    <p class='ocr_par' dir='ltr' id='par_1_21' title="bbox 2355 1386 3865 1460">
     <span class='ocr_line' id='line_1_21' title="bbox 2355 1386 3865 1460; baseline -0.001 -19"><span class='ocrx_word' id='word_1_188' title='bbox 2355 1390 2448 1442; x_wconf 80' lang='grc' dir='ltr'>καὶ</span> <span class='ocrx_word' id='word_1_189' title='bbox 2498 1390 2755 1460; x_wconf 78' lang='grc' dir='ltr'>ὀχύρωμα</span> <span class='ocrx_word' id='word_1_190' title='bbox 2802 1406 2921 1457; x_wconf 80' lang='grc' dir='ltr'>μου,</span> <span class='ocrx_word' id='word_1_191' title='bbox 2965 1408 2983 1440; x_wconf 69' lang='grc' dir='ltr'>ι</span> <span class='ocrx_word' id='word_1_192' title='bbox 3016 1390 3350 1460; x_wconf 76' lang='grc' dir='ltr'>ἡρμήνευσεν</span> <span class='ocrx_word' id='word_1_193' title='bbox 3377 1406 3388 1417; x_wconf 94' lang='grc'><strong>·</strong></span> <span class='ocrx_word' id='word_1_194' title='bbox 3415 1389 3442 1441; x_wconf 75' lang='grc' dir='ltr'>ὁ</span> <span class='ocrx_word' id='word_1_195' title='bbox 3483 1387 3538 1440; x_wconf 79' lang='grc' dir='ltr'>δὲ</span> <span class='ocrx_word' id='word_1_196' title='bbox 3573 1386 3865 1456; x_wconf 75' lang='grc' dir='ltr'>Σύμμαχος·</span> 
     </span>
    </p>
   </div>
   <div class='ocr_carea' id='block_1_22' title="bbox 720 1475 2286 1555">
    <p class='ocr_par' dir='ltr' id='par_1_22' title="bbox 720 1485 2257 1555">
     <span class='ocr_line' id='line_1_22' title="bbox 720 1485 2257 1555; baseline 0 -15"><span class='ocrx_word' id='word_1_197' title='bbox 720 1502 889 1540; x_wconf 85' lang='lat' dir='ltr'><strong>manu</strong></span> <span class='ocrx_word' id='word_1_198' title='bbox 912 1485 1234 1555; x_wconf 84' lang='lat' dir='ltr'><strong>peccatoris,</strong></span> <span class='ocrx_word' id='word_1_199' title='bbox 1266 1495 1317 1539; x_wconf 92' lang='lat' dir='ltr'><strong>et</strong></span> <span class='ocrx_word' id='word_1_200' title='bbox 1343 1485 1412 1539; x_wconf 89' lang='lat' dir='ltr'><strong>de</strong></span> <span class='ocrx_word' id='word_1_201' title='bbox 1449 1499 1608 1538; x_wconf 90' lang='lat' dir='ltr'><strong>manu</strong></span> <span class='ocrx_word' id='word_1_202' title='bbox 1637 1494 1824 1538; x_wconf 87' lang='lat' dir='ltr'><strong>contra</strong></span> <span class='ocrx_word' id='word_1_203' title='bbox 1855 1485 2021 1555; x_wconf 80' lang='lat' dir='ltr'><strong>legem</strong></span> <span class='ocrx_word' id='word_1_204' title='bbox 2051 1486 2257 1555; x_wconf 81' lang='lat' dir='ltr'><strong>agentis</strong></span> 
     </span>
    </p>
   </div>
   <div class='ocr_carea' id='block_1_23' title="bbox 2300 1475 3866 1555">
    <p class='ocr_par' dir='ltr' id='par_1_23' title="bbox 2361 1475 3866 1551">
     <span class='ocr_line' id='line_1_23' title="bbox 2361 1475 3866 1551; baseline -0.001 -20"><span class='ocrx_word' id='word_1_205' title='bbox 2361 1480 2509 1533; x_wconf 75' lang='grc' dir='ltr'>«Ὅτι</span> <span class='ocrx_word' id='word_1_206' title='bbox 2535 1480 2702 1551; x_wconf 84' lang='grc' dir='ltr'>πέτρα</span> <span class='ocrx_word' id='word_1_207' title='bbox 2727 1497 2822 1549; x_wconf 87' lang='grc' dir='ltr'>μου</span> <span class='ocrx_word' id='word_1_208' title='bbox 2846 1479 2936 1532; x_wconf 72' lang='grc' dir='ltr'>καὶ</span> <span class='ocrx_word' id='word_1_209' title='bbox 2958 1481 3237 1549; x_wconf 78' lang='grc' dir='ltr'>καταφυγή</span> <span class='ocrx_word' id='word_1_210' title='bbox 3260 1497 3357 1549; x_wconf 85' lang='grc' dir='ltr'>μου</span> <span class='ocrx_word' id='word_1_211' title='bbox 3373 1480 3435 1531; x_wconf 79' lang='grc' dir='ltr'>σὺ</span> <span class='ocrx_word' id='word_1_212' title='bbox 3448 1475 3511 1532; x_wconf 81' lang='grc' dir='ltr'>εἴ.</span> <span class='ocrx_word' id='word_1_213' title='bbox 3528 1497 3545 1529; x_wconf 74' lang='grc' dir='ltr'>ι</span> <span class='ocrx_word' id='word_1_214' title='bbox 3567 1498 3659 1528; x_wconf 68' lang='grc' dir='ltr'>-οι</span> <span class='ocrx_word' id='word_1_215' title='bbox 3686 1479 3743 1531; x_wconf 86' lang='grc' dir='ltr'>ὐ</span> <span class='ocrx_word' id='word_1_216' title='bbox 3766 1477 3866 1538; x_wconf 65' lang='grc' dir='ltr'>Θεὰς</span> 
     </span>
    </p>
   </div>
   <div class='ocr_carea' id='block_1_24' title="bbox 719 1568 2285 1645">
    <p class='ocr_par' dir='ltr' id='par_1_24' title="bbox 719 1573 2253 1645">
     <span class='ocr_line' id='line_1_24' title="bbox 719 1573 2253 1645; baseline -0.003 -13"><span class='ocrx_word' id='word_1_217' title='bbox 719 1584 775 1633; x_wconf 76' lang='lat' dir='ltr'>et</span> <span class='ocrx_word' id='word_1_218' title='bbox 821 1577 1010 1645; x_wconf 85' lang='lat' dir='ltr'><strong>iniqui.</strong></span> <span class='ocrx_word' id='word_1_219' title='bbox 1041 1573 1301 1641; x_wconf 87' lang='lat' dir='ltr'><strong>Quoniam</strong></span> <span class='ocrx_word' id='word_1_220' title='bbox 1335 1582 1393 1627; x_wconf 92' lang='lat' dir='ltr'><strong>tu</strong></span> <span class='ocrx_word' id='word_1_221' title='bbox 1441 1590 1499 1630; x_wconf 91' lang='lat' dir='ltr'>es</span> <span class='ocrx_word' id='word_1_222' title='bbox 1533 1575 1789 1644; x_wconf 86' lang='lat' dir='ltr'><strong>patientia</strong></span> <span class='ocrx_word' id='word_1_223' title='bbox 1822 1589 1959 1637; x_wconf 88' lang='lat' dir='ltr'><strong>mea,</strong></span> <span class='ocrx_word' id='word_1_224' title='bbox 1992 1573 2253 1640; x_wconf 86' lang='lat' dir='ltr'>Domine,</span> 
     </span>
    </p>
   </div>
   <div class='ocr_carea' id='block_1_25' title="bbox 2302 1568 3868 1645">
    <p class='ocr_par' dir='ltr' id='par_1_25' title="bbox 2357 1568 3868 1645">
     <span class='ocr_line' id='line_1_25' title="bbox 2357 1568 3868 1645; baseline -0.001 -21"><span class='ocrx_word' id='word_1_225' title='bbox 2357 1590 2478 1644; x_wconf 88' lang='grc' dir='ltr'>μου,</span> <span class='ocrx_word' id='word_1_226' title='bbox 2509 1571 2664 1643; x_wconf 77' lang='grc' dir='ltr'>ῥῦσαί</span> <span class='ocrx_word' id='word_1_227' title='bbox 2707 1589 2772 1642; x_wconf 89' lang='grc' dir='ltr'>με</span> <span class='ocrx_word' id='word_1_228' title='bbox 2804 1575 2866 1626; x_wconf 81' lang='grc' dir='ltr'>ἐκ</span> <span class='ocrx_word' id='word_1_229' title='bbox 2889 1573 3067 1645; x_wconf 67' lang='grc' dir='ltr'>χειρὸς</span> <span class='ocrx_word' id='word_1_230' title='bbox 3101 1573 3441 1642; x_wconf 84' lang='grc' dir='ltr'>ἁμαρτωλοῦ,</span> <span class='ocrx_word' id='word_1_231' title='bbox 3492 1573 3585 1625; x_wconf 77' lang='grc' dir='ltr'>καὶ</span> <span class='ocrx_word' id='word_1_232' title='bbox 3618 1572 3682 1623; x_wconf 80' lang='grc' dir='ltr'>ἐκ</span> <span class='ocrx_word' id='word_1_233' title='bbox 3725 1568 3868 1641; x_wconf 62' lang='grc' dir='ltr'>χειρὸς</span> 
     </span>
    </p>
   </div>
   <div class='ocr_carea' id='block_1_26' title="bbox 722 1664 2288 1739">
    <p class='ocr_par' dir='ltr' id='par_1_26' title="bbox 722 1664 2255 1739">
     <span class='ocr_line' id='line_1_26' title="bbox 722 1664 2255 1739; baseline -0.003 -16"><span class='ocrx_word' id='word_1_234' title='bbox 722 1684 846 1739; x_wconf 86' lang='lat' dir='ltr'>spes</span> <span class='ocrx_word' id='word_1_235' title='bbox 876 1683 993 1721; x_wconf 90' lang='lat' dir='ltr'><strong>mea</strong></span> <span class='ocrx_word' id='word_1_236' title='bbox 1019 1683 1048 1719; x_wconf 90' lang='lat' dir='ltr'><strong>a</strong></span> <span class='ocrx_word' id='word_1_237' title='bbox 1074 1666 1356 1736; x_wconf 79' lang='lat' dir='ltr'><strong>juventute</strong></span> <span class='ocrx_word' id='word_1_238' title='bbox 1399 1681 1536 1721; x_wconf 91' lang='lat' dir='ltr'><strong>mea.</strong></span> <span class='ocrx_word' id='word_1_239' title='bbox 1578 1688 1596 1717; x_wconf 73' lang='grc' dir='ltr'>ι</span> <span class='ocrx_word' id='word_1_240' title='bbox 1642 1665 1737 1719; x_wconf 73' lang='lat' dir='ltr'>Vir</span> <span class='ocrx_word' id='word_1_241' title='bbox 1786 1664 2051 1733; x_wconf 85' lang='lat' dir='ltr'><strong>perfectus</strong></span> <span class='ocrx_word' id='word_1_242' title='bbox 2099 1666 2255 1737; x_wconf 86' lang='lat' dir='ltr'><strong>quasi</strong></span> 
     </span>
    </p>
   </div>
   <div class='ocr_carea' id='block_1_27' title="bbox 2299 1664 3865 1739">
    <p class='ocr_par' dir='ltr' id='par_1_27' title="bbox 2355 1664 3865 1738">
     <span class='ocr_line' id='line_1_27' title="bbox 2355 1664 3865 1738; baseline 0.001 -20"><span class='ocrx_word' id='word_1_243' title='bbox 2355 1666 2792 1738; x_wconf 77' lang='grc' dir='ltr'>παρανομοῦντος</span> <span class='ocrx_word' id='word_1_244' title='bbox 2819 1664 2915 1731; x_wconf 73' lang='grc' dir='ltr'>καῖ</span> <span class='ocrx_word' id='word_1_245' title='bbox 2928 1666 3249 1730; x_wconf 77' lang='grc' dir='ltr'>ἀδικοῦντος.</span> <span class='ocrx_word' id='word_1_246' title='bbox 3276 1668 3397 1720; x_wconf 87' lang='grc' dir='ltr'>Ὅτι</span> <span class='ocrx_word' id='word_1_247' title='bbox 3426 1670 3490 1721; x_wconf 79' lang='grc' dir='ltr'>σὺ</span> <span class='ocrx_word' id='word_1_248' title='bbox 3522 1664 3624 1738; x_wconf 75' lang='grc' dir='ltr'>εἴη</span> <span class='ocrx_word' id='word_1_249' title='bbox 3657 1668 3865 1737; x_wconf 64' lang='grc' dir='ltr'>ὑπομονῇ</span> 
     </span>
    </p>
   </div>
   <div class='ocr_carea' id='block_1_28' title="bbox 722 1755 2288 1829">
    <p class='ocr_par' dir='ltr' id='par_1_28' title="bbox 722 1755 2251 1829">
     <span class='ocr_line' id='line_1_28' title="bbox 722 1755 2251 1829; baseline -0.001 -16"><span class='ocrx_word' id='word_1_250' title='bbox 722 1759 995 1829; x_wconf 83' lang='lat' dir='ltr'><strong>propriam</strong></span> <span class='ocrx_word' id='word_1_251' title='bbox 1055 1758 1448 1828; x_wconf 80' lang='lat' dir='ltr'>possessionem</span> <span class='ocrx_word' id='word_1_252' title='bbox 1500 1755 1666 1811; x_wconf 92' lang='lat' dir='ltr'><strong>Deum</strong></span> <span class='ocrx_word' id='word_1_253' title='bbox 1737 1758 1954 1811; x_wconf 88' lang='lat' dir='ltr'><strong>invocat</strong></span> <span class='ocrx_word' id='word_1_254' title='bbox 2029 1757 2251 1819; x_wconf 85' lang='lat' dir='ltr'><strong>dicens.</strong></span> 
     </span>
    </p>
   </div>
   <div class='ocr_carea' id='block_1_29' title="bbox 2302 1755 3868 1829">
    <p class='ocr_par' dir='ltr' id='par_1_29' title="bbox 2360 1756 3868 1829">
     <span class='ocr_line' id='line_1_29' title="bbox 2360 1756 3868 1829; baseline 0.001 -20"><span class='ocrx_word' id='word_1_255' title='bbox 2360 1773 2481 1827; x_wconf 83' lang='grc' dir='ltr'>μου,</span> <span class='ocrx_word' id='word_1_256' title='bbox 2511 1756 2701 1828; x_wconf 82' lang='grc' dir='ltr'>Κύριε,</span> <span class='ocrx_word' id='word_1_257' title='bbox 2732 1760 2765 1828; x_wconf 80' lang='grc' dir='ltr'>ἡ</span> <span class='ocrx_word' id='word_1_258' title='bbox 2781 1757 2932 1820; x_wconf 78' lang='grc' dir='ltr'>ἐλπίς</span> <span class='ocrx_word' id='word_1_259' title='bbox 2966 1774 3065 1828; x_wconf 89' lang='grc' dir='ltr'>μου</span> <span class='ocrx_word' id='word_1_260' title='bbox 3090 1759 3153 1810; x_wconf 85' lang='grc' dir='ltr'>ὲκ</span> <span class='ocrx_word' id='word_1_261' title='bbox 3170 1759 3415 1829; x_wconf 83' lang='grc' dir='ltr'>νεότητός</span> <span class='ocrx_word' id='word_1_262' title='bbox 3438 1776 3557 1829; x_wconf 87' lang='grc' dir='ltr'>μου.</span> <span class='ocrx_word' id='word_1_263' title='bbox 3578 1777 3598 1810; x_wconf 71' lang='grc' dir='ltr'>ι</span> <span class='ocrx_word' id='word_1_264' title='bbox 3627 1760 3682 1811; x_wconf 88' lang='lat'>&#39;0</span> <span class='ocrx_word' id='word_1_265' title='bbox 3699 1759 3868 1820; x_wconf 75' lang='grc' dir='ltr'>τέλειος</span> 
     </span>
    </p>
   </div>
   <div class='ocr_carea' id='block_1_30' title="bbox 722 1844 2288 1923">
    <p class='ocr_par' dir='ltr' id='par_1_30' title="bbox 722 1844 2256 1915">
     <span class='ocr_line' id='line_1_30' title="bbox 722 1844 2256 1915; baseline 0 -17"><span class='ocrx_word' id='word_1_266' title='bbox 722 1868 746 1898; x_wconf 59' lang='grc' dir='ltr'><strong>υ(</strong></span> <span class='ocrx_word' id='word_1_267' title='bbox 786 1847 925 1902; x_wconf 89' lang='lat' dir='ltr'><strong>Deus</strong></span> <span class='ocrx_word' id='word_1_268' title='bbox 951 1861 1099 1901; x_wconf 91' lang='lat' dir='ltr'><strong>meus</strong></span> <span class='ocrx_word' id='word_1_269' title='bbox 1132 1864 1144 1899; x_wconf 91' lang='lat'><strong>:</strong></span> <span class='ocrx_word' id='word_1_270' title='bbox 1184 1863 1203 1898; x_wconf 68' lang='grc' dir='ltr'>ι</span> <span class='ocrx_word' id='word_1_271' title='bbox 1234 1847 1363 1915; x_wconf 87' lang='lat' dir='ltr'><strong>quia</strong></span> <span class='ocrx_word' id='word_1_272' title='bbox 1394 1844 1681 1914; x_wconf 87' lang='lat' dir='ltr'><strong>promissio</strong></span> <span class='ocrx_word' id='word_1_273' title='bbox 1715 1845 1894 1915; x_wconf 84' lang='lat' dir='ltr'><strong>dignis</strong></span> <span class='ocrx_word' id='word_1_274' title='bbox 1927 1859 1957 1898; x_wconf 90' lang='lat' dir='ltr'><strong>a</strong></span> <span class='ocrx_word' id='word_1_275' title='bbox 1991 1844 2097 1899; x_wconf 92' lang='lat' dir='ltr'>Deo</span> <span class='ocrx_word' id='word_1_276' title='bbox 2131 1844 2256 1898; x_wconf 84' lang='lat' dir='ltr'><strong>data</strong></span> 
     </span>
    </p>
   </div>
   <div class='ocr_carea' id='block_1_31' title="bbox 2298 1844 3864 1923">
    <p class='ocr_par' dir='ltr' id='par_1_31' title="bbox 2354 1850 3864 1923">
     <span class='ocr_line' id='line_1_31' title="bbox 2354 1850 3864 1923; baseline 0.001 -18"><span class='ocrx_word' id='word_1_277' title='bbox 2354 1850 2538 1923; x_wconf 83' lang='grc' dir='ltr'>ὥσπερ</span> <span class='ocrx_word' id='word_1_278' title='bbox 2599 1850 2725 1905; x_wconf 78' lang='grc' dir='ltr'>ἴδιον</span> <span class='ocrx_word' id='word_1_279' title='bbox 2779 1852 2964 1922; x_wconf 83' lang='grc' dir='ltr'>κτῆμα</span> <span class='ocrx_word' id='word_1_280' title='bbox 3011 1851 3101 1904; x_wconf 88' lang='grc' dir='ltr'>τὸν</span> <span class='ocrx_word' id='word_1_281' title='bbox 3149 1851 3277 1904; x_wconf 85' lang='grc' dir='ltr'>Θεὸν</span> <span class='ocrx_word' id='word_1_282' title='bbox 3317 1851 3646 1904; x_wconf 78' lang='grc' dir='ltr'>ἐπικαλεῖται</span> <span class='ocrx_word' id='word_1_283' title='bbox 3693 1853 3864 1921; x_wconf 75' lang='grc' dir='ltr'>λέγων·</span> 
     </span>
    </p>
   </div>
   <div class='ocr_carea' id='block_1_32' title="bbox 722 1935 2288 2015">
    <p class='ocr_par' dir='ltr' id='par_1_32' title="bbox 722 1935 2288 2007">
     <span class='ocr_line' id='line_1_32' title="bbox 722 1935 2288 2007; baseline -0.004 -14"><span class='ocrx_word' id='word_1_284' title='bbox 722 1947 805 1993; x_wconf 93' lang='lat' dir='ltr'>est</span> <span class='ocrx_word' id='word_1_285' title='bbox 836 1937 918 1991; x_wconf 87' lang='lat' dir='ltr'>his</span> <span class='ocrx_word' id='word_1_286' title='bbox 944 1937 1117 1991; x_wconf 85' lang='lat' dir='ltr'><strong>verbis</strong></span> <span class='ocrx_word' id='word_1_287' title='bbox 1157 1955 1169 1990; x_wconf 92' lang='lat'><strong>:</strong></span> <span class='ocrx_word' id='word_1_288' title='bbox 1220 1954 1238 1986; x_wconf 78' lang='grc' dir='ltr'>ι</span> <span class='ocrx_word' id='word_1_289' title='bbox 1275 1935 1380 1989; x_wconf 87' lang='lat' dir='ltr'><strong>Ero</strong></span> <span class='ocrx_word' id='word_1_290' title='bbox 1412 1935 1627 1989; x_wconf 90' lang='lat' dir='ltr'><strong>illorum</strong></span> <span class='ocrx_word' id='word_1_291' title='bbox 1677 1935 1840 1996; x_wconf 89' lang='lat' dir='ltr'><strong>Deus,</strong></span> <span class='ocrx_word' id='word_1_292' title='bbox 1887 1944 1938 1988; x_wconf 90' lang='lat' dir='ltr'><strong>et</strong></span> <span class='ocrx_word' id='word_1_293' title='bbox 1963 1935 2064 2003; x_wconf 89' lang='lat' dir='ltr'><strong>ipsi</strong></span> <span class='ocrx_word' id='word_1_294' title='bbox 2098 1942 2256 1988; x_wconf 89' lang='lat' dir='ltr'><strong>erunt</strong></span> <span class='ocrx_word' id='word_1_295' title='bbox 2286 2003 2288 2007; x_wconf 16' lang='grc' dir='ltr'>η</span> 
     </span>
    </p>
   </div>
   <div class='ocr_carea' id='block_1_33' title="bbox 2296 1935 3862 2015">
    <p class='ocr_par' dir='ltr' id='par_1_33' title="bbox 2296 1942 3862 2015">
     <span class='ocr_line' id='line_1_33' title="bbox 2296 1942 3862 2015; baseline 0.002 -24"><span class='ocrx_word' id='word_1_296' title='bbox 2296 1955 2327 2009; x_wconf 74' lang='grc' dir='ltr'><strong>Β</strong></span> <span class='ocrx_word' id='word_1_297' title='bbox 2361 1960 2377 1991; x_wconf 85' lang='grc' dir='ltr'>ι</span> <span class='ocrx_word' id='word_1_298' title='bbox 2425 1942 2484 1995; x_wconf 79' lang='lat'>&#39;0</span> <span class='ocrx_word' id='word_1_299' title='bbox 2520 1942 2649 2007; x_wconf 82' lang='grc' dir='ltr'>Θεός</span> <span class='ocrx_word' id='word_1_300' title='bbox 2692 1959 2826 2008; x_wconf 87' lang='grc' dir='ltr'>μου·</span> <span class='ocrx_word' id='word_1_301' title='bbox 2870 1962 2888 1993; x_wconf 73' lang='grc' dir='ltr'>ι</span> <span class='ocrx_word' id='word_1_302' title='bbox 2935 1943 3257 2015; x_wconf 81' lang='grc' dir='ltr'>Ἐπειδήπερ</span> <span class='ocrx_word' id='word_1_303' title='bbox 3307 1943 3600 2012; x_wconf 68' lang='grc' dir='ltr'>ἐπαγγελία</span> <span class='ocrx_word' id='word_1_304' title='bbox 3645 1942 3757 1996; x_wconf 70' lang='grc' dir='ltr'>ἐστὶ</span> <span class='ocrx_word' id='word_1_305' title='bbox 3793 1942 3862 1995; x_wconf 72' lang='grc' dir='ltr'>τοῦ</span> 
     </span>
    </p>
   </div>
   <div class='ocr_carea' id='block_1_34' title="bbox 720 2024 2286 2105">
    <p class='ocr_par' dir='ltr' id='par_1_34' title="bbox 720 2024 2253 2100">
     <span class='ocr_line' id='line_1_34' title="bbox 720 2024 2253 2100; baseline -0.003 -16"><span class='ocrx_word' id='word_1_306' title='bbox 720 2030 850 2084; x_wconf 88' lang='lat' dir='ltr'><strong>mihi</strong></span> <span class='ocrx_word' id='word_1_307' title='bbox 883 2029 1112 2100; x_wconf 89' lang='lat' dir='ltr'><strong>populus</strong></span> <span class='ocrx_word' id='word_1_308' title='bbox 1140 2028 1258 2081; x_wconf 68' lang='lat' dir='ltr'>“.‘i</span> <span class='ocrx_word' id='word_1_309' title='bbox 1292 2026 1391 2092; x_wconf 88' lang='lat' dir='ltr'>Qui</span> <span class='ocrx_word' id='word_1_310' title='bbox 1412 2040 1543 2079; x_wconf 83' lang='lat' dir='ltr'><strong>vero</strong></span> <span class='ocrx_word' id='word_1_311' title='bbox 1572 2024 1724 2088; x_wconf 84' lang='lat' dir='ltr'><strong>dicit,</strong></span> <span class='ocrx_word' id='word_1_312' title='bbox 1749 2044 1767 2075; x_wconf 86' lang='grc'>‹</span> <span class='ocrx_word' id='word_1_313' title='bbox 1819 2026 1875 2078; x_wconf 91' lang='lat' dir='ltr'>ln</span> <span class='ocrx_word' id='word_1_314' title='bbox 1905 2033 1978 2089; x_wconf 88' lang='lat' dir='ltr'><strong>te,</strong></span> <span class='ocrx_word' id='word_1_315' title='bbox 2010 2024 2253 2090; x_wconf 87' lang='lat' dir='ltr'><strong>Domine,</strong></span> 
     </span>
    </p>
   </div>
   <div class='ocr_carea' id='block_1_35' title="bbox 2298 2024 3864 2105">
    <p class='ocr_par' dir='ltr' id='par_1_35' title="bbox 2352 2030 3864 2105">
     <span class='ocr_line' id='line_1_35' title="bbox 2352 2030 3864 2105; baseline 0.001 -22"><span class='ocrx_word' id='word_1_316' title='bbox 2352 2030 2484 2083; x_wconf 84' lang='grc' dir='ltr'>Θεοῦ</span> <span class='ocrx_word' id='word_1_317' title='bbox 2540 2034 2664 2103; x_wconf 75' lang='grc' dir='ltr'>περὶ</span> <span class='ocrx_word' id='word_1_318' title='bbox 2711 2033 2817 2105; x_wconf 79' lang='grc' dir='ltr'>τῶν</span> <span class='ocrx_word' id='word_1_319' title='bbox 2862 2033 3029 2099; x_wconf 78' lang='grc' dir='ltr'>ἀξίων</span> <span class='ocrx_word' id='word_1_320' title='bbox 3067 2033 3330 2102; x_wconf 75' lang='grc' dir='ltr'>λέγουσα·</span> <span class='ocrx_word' id='word_1_321' title='bbox 3384 2054 3403 2084; x_wconf 77' lang='grc' dir='ltr'>ι</span> <span class='ocrx_word' id='word_1_322' title='bbox 3454 2034 3677 2103; x_wconf 78' lang='grc' dir='ltr'>Ἔσομαι</span> <span class='ocrx_word' id='word_1_323' title='bbox 3718 2033 3864 2086; x_wconf 58' lang='grc' dir='ltr'>αὐτῶν</span> 
     </span>
    </p>
   </div>
   <div class='ocr_carea' id='block_1_36' title="bbox 721 2114 2287 2195">
    <p class='ocr_par' dir='ltr' id='par_1_36' title="bbox 721 2114 2257 2189">
     <span class='ocr_line' id='line_1_36' title="bbox 721 2114 2257 2189; baseline -0.003 -15"><span class='ocrx_word' id='word_1_324' title='bbox 721 2119 954 2189; x_wconf 79' lang='lat' dir='ltr'><strong>speravi,</strong></span> <span class='ocrx_word' id='word_1_325' title='bbox 996 2137 1014 2170; x_wconf 72' lang='grc' dir='ltr'>ι</span> <span class='ocrx_word' id='word_1_326' title='bbox 1041 2126 1095 2173; x_wconf 91' lang='lat' dir='ltr'><strong>et</strong></span> <span class='ocrx_word' id='word_1_327' title='bbox 1123 2115 1301 2170; x_wconf 84' lang='lat' dir='ltr'><strong>omnia</strong></span> <span class='ocrx_word' id='word_1_328' title='bbox 1328 2122 1448 2184; x_wconf 88' lang='lat' dir='ltr'><strong>post</strong></span> <span class='ocrx_word' id='word_1_329' title='bbox 1478 2116 1682 2183; x_wconf 82' lang='lat' dir='ltr'><strong>putavit</strong></span> <span class='ocrx_word' id='word_1_330' title='bbox 1710 2128 1766 2169; x_wconf 92' lang='lat' dir='ltr'><strong>ut</strong></span> <span class='ocrx_word' id='word_1_331' title='bbox 1789 2117 1879 2169; x_wconf 92' lang='lat' dir='ltr'><strong>uni</strong></span> <span class='ocrx_word' id='word_1_332' title='bbox 1902 2114 2006 2170; x_wconf 90' lang='lat' dir='ltr'><strong>Deo</strong></span> <span class='ocrx_word' id='word_1_333' title='bbox 2034 2131 2091 2170; x_wconf 90' lang='lat' dir='ltr'><strong>se</strong></span> <span class='ocrx_word' id='word_1_334' title='bbox 2110 2131 2257 2171; x_wconf 82' lang='lat' dir='ltr'><strong>eom-</strong></span> 
     </span>
    </p>
   </div>
   <div class='ocr_carea' id='block_1_37' title="bbox 2296 2114 3862 2195">
    <p class='ocr_par' dir='ltr' id='par_1_37' title="bbox 2353 2122 3862 2195">
     <span class='ocr_line' id='line_1_37' title="bbox 2353 2122 3862 2195; baseline 0.003 -20"><span class='ocrx_word' id='word_1_335' title='bbox 2353 2122 2502 2187; x_wconf 84' lang='grc' dir='ltr'>Θεὸς,</span> <span class='ocrx_word' id='word_1_336' title='bbox 2548 2123 2642 2177; x_wconf 73' lang='grc' dir='ltr'>καὶ</span> <span class='ocrx_word' id='word_1_337' title='bbox 2679 2124 2829 2176; x_wconf 74' lang='grc' dir='ltr'>αὐτοὶ</span> <span class='ocrx_word' id='word_1_338' title='bbox 2874 2123 3082 2177; x_wconf 78' lang='grc' dir='ltr'>ἔσονταί</span> <span class='ocrx_word' id='word_1_339' title='bbox 3124 2142 3213 2195; x_wconf 78' lang='grc' dir='ltr'>μοι</span> <span class='ocrx_word' id='word_1_340' title='bbox 3268 2124 3413 2187; x_wconf 86' lang='grc' dir='ltr'>λαός.</span> <span class='ocrx_word' id='word_1_341' title='bbox 3454 2143 3472 2175; x_wconf 75' lang='grc' dir='ltr'>ι</span> <span class='ocrx_word' id='word_1_342' title='bbox 3526 2125 3580 2177; x_wconf 85' lang='lat'>&#39;0</span> <span class='ocrx_word' id='word_1_343' title='bbox 3615 2124 3667 2177; x_wconf 80' lang='grc' dir='ltr'>δὲ</span> <span class='ocrx_word' id='word_1_344' title='bbox 3700 2124 3862 2191; x_wconf 61' lang='grc' dir='ltr'>λέγων.</span> 
     </span>
    </p>
   </div>
   <div class='ocr_carea' id='block_1_38' title="bbox 658 2200 2224 2285">
    <p class='ocr_par' dir='ltr' id='par_1_38' title="bbox 658 2204 2224 2279">
     <span class='ocr_line' id='line_1_38' title="bbox 658 2204 2224 2279; baseline -0.001 -14"><span class='ocrx_word' id='word_1_345' title='bbox 658 2204 661 2209; x_wconf 73' lang='grc'><em>’</em></span> <span class='ocrx_word' id='word_1_346' title='bbox 717 2212 976 2274; x_wconf 84' lang='lat' dir='ltr'><strong>mitteret,</strong></span> <span class='ocrx_word' id='word_1_347' title='bbox 1009 2210 1131 2279; x_wconf 82' lang='lat' dir='ltr'><strong>jure</strong></span> <span class='ocrx_word' id='word_1_348' title='bbox 1152 2207 1316 2271; x_wconf 87' lang='lat' dir='ltr'><strong>dicat,</strong></span> <span class='ocrx_word' id='word_1_349' title='bbox 1348 2225 1368 2258; x_wconf 71' lang='grc' dir='ltr'>ι</span> <span class='ocrx_word' id='word_1_350' title='bbox 1408 2204 1547 2261; x_wconf 87' lang='lat' dir='ltr'><strong>Deus</strong></span> <span class='ocrx_word' id='word_1_351' title='bbox 1576 2222 1751 2262; x_wconf 80' lang='lat' dir='ltr'><strong>meus.</strong></span> <span class='ocrx_word' id='word_1_352' title='bbox 1804 2226 1822 2258; x_wconf 76' lang='grc' dir='ltr'>ι</span> <span class='ocrx_word' id='word_1_353' title='bbox 1869 2206 2013 2277; x_wconf 86' lang='lat' dir='ltr'><strong>Eripi</strong></span> <span class='ocrx_word' id='word_1_354' title='bbox 2042 2223 2171 2263; x_wconf 87' lang='lat' dir='ltr'><strong>vero</strong></span> <span class='ocrx_word' id='word_1_355' title='bbox 2197 2222 2224 2263; x_wconf 88' lang='lat' dir='ltr'>s</span> 
     </span>
    </p>
   </div>
   <div class='ocr_carea' id='block_1_39' title="bbox 2299 2200 3865 2285">
    <p class='ocr_par' dir='ltr' id='par_1_39' title="bbox 2358 2200 3865 2285">
     <span class='ocr_line' id='line_1_39' title="bbox 2358 2200 3865 2285; baseline -0.001 -19"><span class='ocrx_word' id='word_1_356' title='bbox 2358 2233 2378 2265; x_wconf 74' lang='grc' dir='ltr'>ι</span> <span class='ocrx_word' id='word_1_357' title='bbox 2420 2214 2539 2267; x_wconf 77' lang='grc' dir='ltr'>Ἐπὶ</span> <span class='ocrx_word' id='word_1_358' title='bbox 2572 2214 2673 2277; x_wconf 77' lang='grc' dir='ltr'>σοὶ,</span> <span class='ocrx_word' id='word_1_359' title='bbox 2713 2215 2903 2285; x_wconf 81' lang='grc' dir='ltr'>Κύριε,</span> <span class='ocrx_word' id='word_1_360' title='bbox 2932 2213 3152 2284; x_wconf 68' lang='grc' dir='ltr'>ἤλπισα,</span> <span class='ocrx_word' id='word_1_361' title='bbox 3191 2232 3209 2266; x_wconf 71' lang='grc' dir='ltr'>ι</span> <span class='ocrx_word' id='word_1_362' title='bbox 3242 2200 3333 2268; x_wconf 72' lang='grc' dir='ltr'>καὶ</span> <span class='ocrx_word' id='word_1_363' title='bbox 3356 2216 3530 2268; x_wconf 82' lang='grc' dir='ltr'>πάντα</span> <span class='ocrx_word' id='word_1_364' title='bbox 3559 2213 3775 2285; x_wconf 80' lang='grc' dir='ltr'>δεύτερα</span> <span class='ocrx_word' id='word_1_365' title='bbox 3802 2213 3865 2265; x_wconf 77' lang='grc' dir='ltr'>Θέ-</span> 
     </span>
    </p>
   </div>
   <div class='ocr_carea' id='block_1_40' title="bbox 718 2298 2284 2377">
    <p class='ocr_par' dir='ltr' id='par_1_40' title="bbox 718 2298 2250 2376">
     <span class='ocr_line' id='line_1_40' title="bbox 718 2298 2250 2376; baseline -0.001 -24"><span class='ocrx_word' id='word_1_366' title='bbox 718 2301 786 2355; x_wconf 75' lang='grc' dir='ltr'>«Ιο</span> <span class='ocrx_word' id='word_1_367' title='bbox 814 2315 973 2353; x_wconf 88' lang='lat' dir='ltr'><strong>manu</strong></span> <span class='ocrx_word' id='word_1_368' title='bbox 1004 2299 1309 2368; x_wconf 78' lang='lat' dir='ltr'><strong>peccatoris&quot;</strong></span> <span class='ocrx_word' id='word_1_369' title='bbox 1329 2304 1499 2376; x_wconf 72' lang='lat' dir='ltr'><strong>rogat,</strong></span> <span class='ocrx_word' id='word_1_370' title='bbox 1546 2312 1613 2351; x_wconf 92' lang='lat' dir='ltr'><strong>ne</strong></span> <span class='ocrx_word' id='word_1_371' title='bbox 1640 2298 1949 2367; x_wconf 72' lang='lat' dir='ltr'><strong>gestissuis</strong></span> <span class='ocrx_word' id='word_1_372' title='bbox 1982 2298 2250 2368; x_wconf 87' lang='lat' dir='ltr'><strong>peccatori</strong></span> 
     </span>
    </p>
   </div>
   <div class='ocr_carea' id='block_1_41' title="bbox 2298 2298 3864 2377">
    <p class='ocr_par' dir='ltr' id='par_1_41' title="bbox 2355 2303 3864 2377">
     <span class='ocr_line' id='line_1_41' title="bbox 2355 2303 3864 2377; baseline -0.001 -21"><span class='ocrx_word' id='word_1_373' title='bbox 2355 2321 2530 2374; x_wconf 89' lang='grc' dir='ltr'>μενος,</span> <span class='ocrx_word' id='word_1_374' title='bbox 2556 2306 2645 2356; x_wconf 70' lang='grc' dir='ltr'>ἐπὶ</span> <span class='ocrx_word' id='word_1_375' title='bbox 2678 2304 2831 2375; x_wconf 82' lang='grc' dir='ltr'>μόνον</span> <span class='ocrx_word' id='word_1_376' title='bbox 2860 2305 2915 2358; x_wconf 80' lang='grc' dir='ltr'>δὲ</span> <span class='ocrx_word' id='word_1_377' title='bbox 2931 2306 3020 2359; x_wconf 87' lang='grc' dir='ltr'>τὸν</span> <span class='ocrx_word' id='word_1_378' title='bbox 3054 2305 3391 2359; x_wconf 73' lang='grc' dir='ltr'>Θεὸνὲαυτὸν</span> <span class='ocrx_word' id='word_1_379' title='bbox 3414 2305 3717 2377; x_wconf 72' lang='grc' dir='ltr'>ὲπιῤῥίψας,</span> <span class='ocrx_word' id='word_1_380' title='bbox 3749 2303 3864 2357; x_wconf 73' lang='grc' dir='ltr'>εἰκό-</span> 
     </span>
    </p>
   </div>
   <div class='ocr_carea' id='block_1_42' title="bbox 718 2387 2284 2478">
    <p class='ocr_par' dir='ltr' id='par_1_42' title="bbox 718 2387 2254 2474">
     <span class='ocr_line' id='line_1_42' title="bbox 718 2387 2254 2474; baseline -0.001 -29"><span class='ocrx_word' id='word_1_381' title='bbox 718 2392 805 2445; x_wconf 85' lang='lat' dir='ltr'>vel</span> <span class='ocrx_word' id='word_1_382' title='bbox 834 2391 1019 2459; x_wconf 90' lang='lat' dir='ltr'><strong>iniquo</strong></span> <span class='ocrx_word' id='word_1_383' title='bbox 1049 2389 1240 2444; x_wconf 88' lang='lat' dir='ltr'><strong>similis</strong></span> <span class='ocrx_word' id='word_1_384' title='bbox 1268 2390 1500 2445; x_wconf 82' lang='lat' dir='ltr'><strong>evadat:</strong></span> <span class='ocrx_word' id='word_1_385' title='bbox 1544 2403 1710 2459; x_wconf 90' lang='lat' dir='ltr'><strong>quare</strong></span> <span class='ocrx_word' id='word_1_386' title='bbox 1742 2389 1907 2452; x_wconf 88' lang='lat' dir='ltr'><strong>addit,</strong></span> <span class='ocrx_word' id='word_1_387' title='bbox 1944 2408 1961 2440; x_wconf 78' lang='grc' dir='ltr'>ι</span> <span class='ocrx_word' id='word_1_388' title='bbox 1992 2387 2062 2444; x_wconf 92' lang='lat' dir='ltr'>De</span> <span class='ocrx_word' id='word_1_389' title='bbox 2083 2404 2254 2474; x_wconf 80' lang='lat' dir='ltr'><strong>_manu</strong></span> 
     </span>
    </p>
   </div>
   <div class='ocr_carea' id='block_1_43' title="bbox 2297 2387 3863 2478">
    <p class='ocr_par' dir='ltr' id='par_1_43' title="bbox 2352 2395 3863 2468">
     <span class='ocr_line' id='line_1_43' title="bbox 2352 2395 3863 2468; baseline -0.001 -21"><span class='ocrx_word' id='word_1_390' title='bbox 2352 2413 2455 2460; x_wconf 90' lang='grc' dir='ltr'>τως</span> <span class='ocrx_word' id='word_1_391' title='bbox 2474 2395 2621 2450; x_wconf 68' lang='grc' dir='ltr'>ἐἴποι</span> <span class='ocrx_word' id='word_1_392' title='bbox 2637 2396 2723 2460; x_wconf 82' lang='grc' dir='ltr'>ἂν,</span> <span class='ocrx_word' id='word_1_393' title='bbox 2756 2416 2773 2448; x_wconf 79' lang='grc' dir='ltr'>ι</span> <span class='ocrx_word' id='word_1_394' title='bbox 2823 2398 2878 2450; x_wconf 83' lang='lat'>&#39;0</span> <span class='ocrx_word' id='word_1_395' title='bbox 2906 2398 3035 2461; x_wconf 84' lang='grc' dir='ltr'>Θεός</span> <span class='ocrx_word' id='word_1_396' title='bbox 3065 2414 3185 2468; x_wconf 82' lang='grc' dir='ltr'>μου.</span> <span class='ocrx_word' id='word_1_397' title='bbox 3223 2415 3242 2447; x_wconf 75' lang='grc' dir='ltr'>ι</span> <span class='ocrx_word' id='word_1_398' title='bbox 3285 2396 3569 2465; x_wconf 82' lang='grc' dir='ltr'>Ῥυσθῆναι</span> <span class='ocrx_word' id='word_1_399' title='bbox 3595 2396 3651 2448; x_wconf 82' lang='grc' dir='ltr'>δὲ</span> <span class='ocrx_word' id='word_1_400' title='bbox 3692 2397 3754 2447; x_wconf 84' lang='grc' dir='ltr'>ὲκ</span> <span class='ocrx_word' id='word_1_401' title='bbox 3775 2412 3863 2463; x_wconf 76' lang='grc' dir='ltr'>χει-</span> 
     </span>
    </p>
   </div>
   <div class='ocr_carea' id='block_1_44' title="bbox 718 2481 2284 2559">
    <p class='ocr_par' dir='ltr' id='par_1_44' title="bbox 718 2481 2252 2552">
     <span class='ocr_line' id='line_1_44' title="bbox 718 2481 2252 2552; baseline -0.002 -15"><span class='ocrx_word' id='word_1_402' title='bbox 718 2487 1019 2552; x_wconf 87' lang='lat' dir='ltr'><strong>peccatoris</strong></span> <span class='ocrx_word' id='word_1_403' title='bbox 1046 2492 1098 2539; x_wconf 89' lang='lat' dir='ltr'><strong>et</strong></span> <span class='ocrx_word' id='word_1_404' title='bbox 1130 2483 1195 2537; x_wconf 91' lang='lat' dir='ltr'><strong>de</strong></span> <span class='ocrx_word' id='word_1_405' title='bbox 1219 2498 1376 2536; x_wconf 90' lang='lat' dir='ltr'><strong>manu</strong></span> <span class='ocrx_word' id='word_1_406' title='bbox 1405 2488 1594 2536; x_wconf 88' lang='lat' dir='ltr'><strong>contra</strong></span> <span class='ocrx_word' id='word_1_407' title='bbox 1619 2483 1784 2552; x_wconf 87' lang='lat' dir='ltr'><strong>legem</strong></span> <span class='ocrx_word' id='word_1_408' title='bbox 1820 2482 2028 2551; x_wconf 83' lang='lat' dir='ltr'><strong>agentis</strong></span> <span class='ocrx_word' id='word_1_409' title='bbox 2061 2490 2117 2536; x_wconf 90' lang='lat' dir='ltr'><strong>et</strong></span> <span class='ocrx_word' id='word_1_410' title='bbox 2146 2481 2252 2535; x_wconf 89' lang='lat' dir='ltr'><strong>ini-</strong></span> 
     </span>
    </p>
   </div>
   <div class='ocr_carea' id='block_1_45' title="bbox 2295 2481 3861 2559">
    <p class='ocr_par' dir='ltr' id='par_1_45' title="bbox 2355 2487 3861 2559">
     <span class='ocr_line' id='line_1_45' title="bbox 2355 2487 3861 2559; baseline -0.001 -20"><span class='ocrx_word' id='word_1_411' title='bbox 2355 2488 2444 2559; x_wconf 78' lang='grc' dir='ltr'>ρὸς</span> <span class='ocrx_word' id='word_1_412' title='bbox 2511 2488 2831 2559; x_wconf 77' lang='grc' dir='ltr'>ἁμαρτωλοῦ</span> <span class='ocrx_word' id='word_1_413' title='bbox 2904 2488 3153 2559; x_wconf 74' lang='grc' dir='ltr'>εὔχεται,</span> <span class='ocrx_word' id='word_1_414' title='bbox 3206 2489 3292 2545; x_wconf 78' lang='grc' dir='ltr'>ἵνα</span> <span class='ocrx_word' id='word_1_415' title='bbox 3344 2488 3416 2559; x_wconf 80' lang='grc' dir='ltr'>μὴ</span> <span class='ocrx_word' id='word_1_416' title='bbox 3465 2490 3581 2550; x_wconf 81' lang='grc' dir='ltr'>ταῖς</span> <span class='ocrx_word' id='word_1_417' title='bbox 3635 2487 3861 2555; x_wconf 73' lang='grc' dir='ltr'>πράξεσιν</span> 
     </span>
    </p>
   </div>
   <div class='ocr_carea' id='block_1_46' title="bbox 718 2562 2284 2647">
    <p class='ocr_par' dir='ltr' id='par_1_46' title="bbox 718 2570 2253 2645">
     <span class='ocr_line' id='line_1_46' title="bbox 718 2570 2253 2645; baseline -0.001 -17"><span class='ocrx_word' id='word_1_418' title='bbox 718 2577 839 2645; x_wconf 85' lang='lat' dir='ltr'><strong>qui;</strong></span> <span class='ocrx_word' id='word_1_419' title='bbox 878 2595 897 2627; x_wconf 73' lang='grc' dir='ltr'>ι</span> <span class='ocrx_word' id='word_1_420' title='bbox 919 2590 981 2628; x_wconf 90' lang='lat' dir='ltr'>ac</span> <span class='ocrx_word' id='word_1_421' title='bbox 1007 2591 1073 2629; x_wconf 91' lang='lat' dir='ltr'><strong>ne</strong></span> <span class='ocrx_word' id='word_1_422' title='bbox 1091 2576 1157 2629; x_wconf 89' lang='lat' dir='ltr'><strong>iis</strong></span> <span class='ocrx_word' id='word_1_423' title='bbox 1180 2574 1454 2643; x_wconf 86' lang='lat' dir='ltr'><strong>subjectus</strong></span> <span class='ocrx_word' id='word_1_424' title='bbox 1478 2572 1576 2638; x_wconf 88' lang='lat' dir='ltr'><strong>sit;</strong></span> <span class='ocrx_word' id='word_1_425' title='bbox 1602 2573 1694 2626; x_wconf 91' lang='lat' dir='ltr'>sed</span> <span class='ocrx_word' id='word_1_426' title='bbox 1712 2573 1902 2625; x_wconf 90' lang='lat' dir='ltr'><strong>merito</strong></span> <span class='ocrx_word' id='word_1_427' title='bbox 1930 2570 2117 2635; x_wconf 91' lang='lat' dir='ltr'><strong>Deum,</strong></span> <span class='ocrx_word' id='word_1_428' title='bbox 2143 2588 2253 2627; x_wconf 87' lang='lat' dir='ltr'><strong>non</strong></span> 
     </span>
    </p>
   </div>
   <div class='ocr_carea' id='block_1_47' title="bbox 2292 2562 3858 2647">
    <p class='ocr_par' dir='ltr' id='par_1_47' title="bbox 2351 2562 3858 2647">
     <span class='ocr_line' id='line_1_47' title="bbox 2351 2562 3858 2647; baseline -0.002 -18"><span class='ocrx_word' id='word_1_429' title='bbox 2351 2576 2529 2646; x_wconf 83' lang='grc' dir='ltr'>ὅμοιος</span> <span class='ocrx_word' id='word_1_430' title='bbox 2548 2576 2766 2646; x_wconf 83' lang='grc' dir='ltr'>γένηται</span> <span class='ocrx_word' id='word_1_431' title='bbox 2787 2575 2861 2645; x_wconf 84' lang='grc' dir='ltr'>τῷ</span> <span class='ocrx_word' id='word_1_432' title='bbox 2880 2562 3203 2646; x_wconf 62' lang='grc' dir='ltr'>ἁμαρτωλῷ,</span> <span class='ocrx_word' id='word_1_433' title='bbox 3229 2573 3361 2647; x_wconf 71' lang='grc' dir='ltr'>μῆδὲ</span> <span class='ocrx_word' id='word_1_434' title='bbox 3384 2574 3461 2645; x_wconf 82' lang='grc' dir='ltr'>τῷ</span> <span class='ocrx_word' id='word_1_435' title='bbox 3479 2568 3858 2646; x_wconf 58' lang='grc' dir='ltr'>παρένομοῦντι·</span> 
     </span>
    </p>
   </div>
   <div class='ocr_carea' id='block_1_48' title="bbox 718 2654 2284 2737">
    <p class='ocr_par' dir='ltr' id='par_1_48' title="bbox 718 2654 2255 2733">
     <span class='ocr_line' id='line_1_48' title="bbox 718 2654 2255 2733; baseline -0.003 -12"><span class='ocrx_word' id='word_1_436' title='bbox 718 2668 892 2721; x_wconf 90' lang='lat' dir='ltr'><strong>solum</strong></span> <span class='ocrx_word' id='word_1_437' title='bbox 922 2668 991 2720; x_wconf 86' lang='lat' dir='ltr'><strong>ob</strong></span> <span class='ocrx_word' id='word_1_438' title='bbox 1019 2666 1179 2718; x_wconf 89' lang='lat' dir='ltr'><strong>allata</strong></span> <span class='ocrx_word' id='word_1_439' title='bbox 1216 2654 1482 2733; x_wconf 64' lang='lat' dir='ltr'><strong>superius,</strong></span> <span class='ocrx_word' id='word_1_440' title='bbox 1517 2664 1608 2719; x_wconf 89' lang='lat' dir='ltr'>sed</span> <span class='ocrx_word' id='word_1_441' title='bbox 1637 2663 1796 2716; x_wconf 90' lang='lat' dir='ltr'><strong>etiam</strong></span> <span class='ocrx_word' id='word_1_442' title='bbox 1824 2664 1891 2716; x_wconf 84' lang='lat' dir='ltr'><strong>ob</strong></span> <span class='ocrx_word' id='word_1_443' title='bbox 1924 2663 2255 2733; x_wconf 80' lang='lat' dir='ltr'><strong>subsequen-</strong></span> 
     </span>
    </p>
   </div>
   <div class='ocr_carea' id='block_1_49' title="bbox 2295 2654 3861 2737">
    <p class='ocr_par' dir='ltr' id='par_1_49' title="bbox 2351 2664 3861 2737">
     <span class='ocr_line' id='line_1_49' title="bbox 2351 2664 3861 2737; baseline -0.002 -18"><span class='ocrx_word' id='word_1_444' title='bbox 2351 2666 2430 2719; x_wconf 80' lang='grc' dir='ltr'>διὸ</span> <span class='ocrx_word' id='word_1_445' title='bbox 2458 2667 2729 2735; x_wconf 76' lang='grc' dir='ltr'>ἐπιλέγειο</span> <span class='ocrx_word' id='word_1_446' title='bbox 2764 2685 2781 2717; x_wconf 76' lang='grc' dir='ltr'>ι</span> <span class='ocrx_word' id='word_1_447' title='bbox 2823 2666 2915 2719; x_wconf 89' lang='grc' dir='ltr'>Ἐκ</span> <span class='ocrx_word' id='word_1_448' title='bbox 2930 2665 3108 2737; x_wconf 78' lang='grc' dir='ltr'>χειρὸς</span> <span class='ocrx_word' id='word_1_449' title='bbox 3141 2666 3484 2737; x_wconf 77' lang='grc' dir='ltr'>ἁμαρτωλοῦ,</span> <span class='ocrx_word' id='word_1_450' title='bbox 3518 2666 3609 2718; x_wconf 73' lang='grc' dir='ltr'>καὶ</span> <span class='ocrx_word' id='word_1_451' title='bbox 3630 2668 3687 2718; x_wconf 82' lang='grc' dir='ltr'>ἐκ</span> <span class='ocrx_word' id='word_1_452' title='bbox 3709 2664 3861 2736; x_wconf 64' lang='lat' dir='ltr'><strong>xatpb;</strong></span> 
     </span>
    </p>
   </div>
   <div class='ocr_carea' id='block_1_50' title="bbox 714 2752 2280 2831">
    <p class='ocr_par' dir='ltr' id='par_1_50' title="bbox 714 2752 2252 2825">
     <span class='ocr_line' id='line_1_50' title="bbox 714 2752 2252 2825; baseline -0.002 -14"><span class='ocrx_word' id='word_1_453' title='bbox 714 2768 800 2812; x_wconf 84' lang='lat' dir='ltr'><strong>tes</strong></span> <span class='ocrx_word' id='word_1_454' title='bbox 834 2773 1049 2821; x_wconf 84' lang='lat' dir='ltr'><strong>causas,</strong></span> <span class='ocrx_word' id='word_1_455' title='bbox 1107 2758 1208 2811; x_wconf 85' lang='lat' dir='ltr'><strong>sibi</strong></span> <span class='ocrx_word' id='word_1_456' title='bbox 1255 2755 1419 2809; x_wconf 88' lang='lat' dir='ltr'><strong>Deum</strong></span> <span class='ocrx_word' id='word_1_457' title='bbox 1473 2756 1722 2824; x_wconf 85' lang='lat' dir='ltr'><strong>appellat.</strong></span> <span class='ocrx_word' id='word_1_458' title='bbox 1780 2752 1935 2816; x_wconf 81' lang='lat' dir='ltr'><strong>Nam,</strong></span> <span class='ocrx_word' id='word_1_459' title='bbox 1971 2754 2162 2825; x_wconf 90' lang='lat' dir='ltr'><strong>inquit,</strong></span> <span class='ocrx_word' id='word_1_460' title='bbox 2196 2763 2252 2809; x_wconf 91' lang='lat' dir='ltr'>tu</span> 
     </span>
    </p>
   </div>
   <div class='ocr_carea' id='block_1_51' title="bbox 2293 2752 3859 2831">
    <p class='ocr_par' dir='ltr' id='par_1_51' title="bbox 2353 2756 3859 2831">
     <span class='ocr_line' id='line_1_51' title="bbox 2353 2756 3859 2831; baseline -0.002 -19"><span class='ocrx_word' id='word_1_461' title='bbox 2353 2759 2785 2831; x_wconf 76' lang='grc' dir='ltr'>παρανομοῦντος</span> <span class='ocrx_word' id='word_1_462' title='bbox 2816 2758 2907 2812; x_wconf 76' lang='grc' dir='ltr'>καὶ</span> <span class='ocrx_word' id='word_1_463' title='bbox 2934 2756 3271 2822; x_wconf 81' lang='grc' dir='ltr'>ἀδικοῦντος·</span> <span class='ocrx_word' id='word_1_464' title='bbox 3308 2777 3326 2809; x_wconf 77' lang='grc' dir='ltr'>ι</span> <span class='ocrx_word' id='word_1_465' title='bbox 3368 2758 3503 2812; x_wconf 77' lang='grc' dir='ltr'>ἀλλὰ</span> <span class='ocrx_word' id='word_1_466' title='bbox 3524 2759 3612 2812; x_wconf 75' lang='grc' dir='ltr'>καὶ</span> <span class='ocrx_word' id='word_1_467' title='bbox 3638 2758 3777 2819; x_wconf 56' lang='grc' dir='ltr'>ὀπίας</span> <span class='ocrx_word' id='word_1_468' title='bbox 3804 2759 3859 2823; x_wconf 67' lang='grc' dir='ltr'>μὴ</span> 
     </span>
    </p>
   </div>
   <div class='ocr_carea' id='block_1_52' title="bbox 714 2845 2280 2922">
    <p class='ocr_par' dir='ltr' id='par_1_52' title="bbox 714 2845 2254 2918">
     <span class='ocr_line' id='line_1_52' title="bbox 714 2845 2254 2918; baseline -0.004 -13"><span class='ocrx_word' id='word_1_469' title='bbox 714 2850 848 2905; x_wconf 86' lang='lat' dir='ltr'><strong>mihi</strong></span> <span class='ocrx_word' id='word_1_470' title='bbox 883 2848 1140 2918; x_wconf 89' lang='lat' dir='ltr'><strong>patientia</strong></span> <span class='ocrx_word' id='word_1_471' title='bbox 1169 2863 1249 2907; x_wconf 86' lang='lat' dir='ltr'><strong>es,</strong></span> <span class='ocrx_word' id='word_1_472' title='bbox 1282 2856 1337 2901; x_wconf 91' lang='lat' dir='ltr'><strong>tu</strong></span> <span class='ocrx_word' id='word_1_473' title='bbox 1368 2862 1491 2916; x_wconf 87' lang='lat' dir='ltr'><strong>spes</strong></span> <span class='ocrx_word' id='word_1_474' title='bbox 1536 2862 1651 2899; x_wconf 85' lang='lat' dir='ltr'><strong>mea</strong></span> <span class='ocrx_word' id='word_1_475' title='bbox 1692 2860 1720 2897; x_wconf 90' lang='lat' dir='ltr'>a</span> <span class='ocrx_word' id='word_1_476' title='bbox 1757 2845 2059 2913; x_wconf 86' lang='lat' dir='ltr'><strong>juventute.</strong></span> <span class='ocrx_word' id='word_1_477' title='bbox 2108 2845 2254 2899; x_wconf 74' lang='lat' dir='ltr'>Nun-</span> 
     </span>
    </p>
   </div>
   <div class='ocr_carea' id='block_1_53' title="bbox 2295 2845 3861 2922">
    <p class='ocr_par' dir='ltr' id='par_1_53' title="bbox 2352 2845 3861 2922">
     <span class='ocr_line' id='line_1_53' title="bbox 2352 2845 3861 2922; baseline -0.003 -19"><span class='ocrx_word' id='word_1_478' title='bbox 2352 2850 2655 2922; x_wconf 83' lang='grc' dir='ltr'>ὑποχείριος</span> <span class='ocrx_word' id='word_1_479' title='bbox 2699 2850 2920 2920; x_wconf 84' lang='grc' dir='ltr'>γένηται</span> <span class='ocrx_word' id='word_1_480' title='bbox 2968 2852 3078 2914; x_wconf 87' lang='grc' dir='ltr'>τοῖς</span> <span class='ocrx_word' id='word_1_481' title='bbox 3126 2850 3400 2913; x_wconf 76' lang='grc' dir='ltr'>τοιούτοις,</span> <span class='ocrx_word' id='word_1_482' title='bbox 3447 2849 3669 2918; x_wconf 79' lang='grc' dir='ltr'>εὐλόγως</span> <span class='ocrx_word' id='word_1_483' title='bbox 3703 2848 3762 2901; x_wconf 78' lang='grc' dir='ltr'>δὲ</span> <span class='ocrx_word' id='word_1_484' title='bbox 3795 2845 3861 2899; x_wconf 53' lang='grc' dir='ltr'>τὸν</span> 
     </span>
    </p>
   </div>
   <div class='ocr_carea' id='block_1_54' title="bbox 710 2936 2276 3012">
    <p class='ocr_par' dir='ltr' id='par_1_54' title="bbox 710 2936 2253 3007">
     <span class='ocr_line' id='line_1_54' title="bbox 710 2936 2253 3007; baseline -0.001 -16"><span class='ocrx_word' id='word_1_485' title='bbox 710 2956 875 3007; x_wconf 89' lang='lat' dir='ltr'><strong>quam</strong></span> <span class='ocrx_word' id='word_1_486' title='bbox 903 2940 1044 2994; x_wconf 87' lang='lat' dir='ltr'><strong>enim</strong></span> <span class='ocrx_word' id='word_1_487' title='bbox 1074 2949 1123 2991; x_wconf 92' lang='lat' dir='ltr'>te</span> <span class='ocrx_word' id='word_1_488' title='bbox 1146 2949 1456 3007; x_wconf 81' lang='lat' dir='ltr'><strong>exspectare</strong></span> <span class='ocrx_word' id='word_1_489' title='bbox 1485 2936 1689 3000; x_wconf 83' lang='lat' dir='ltr'><strong>destiti,</strong></span> <span class='ocrx_word' id='word_1_490' title='bbox 1722 2951 1893 3004; x_wconf 84' lang='lat' dir='ltr'><strong>neque</strong></span> <span class='ocrx_word' id='word_1_491' title='bbox 1918 2936 2017 2989; x_wconf 87' lang='lat' dir='ltr'><strong>fuit</strong></span> <span class='ocrx_word' id='word_1_492' title='bbox 2044 2944 2253 3004; x_wconf 84' lang='lat' dir='ltr'><strong>tempus</strong></span> 
     </span>
    </p>
   </div>
   <div class='ocr_carea' id='block_1_55' title="bbox 2296 2936 3862 3012">
    <p class='ocr_par' dir='ltr' id='par_1_55' title="bbox 2350 2937 3862 3012">
     <span class='ocr_line' id='line_1_55' title="bbox 2350 2937 3862 3012; baseline -0.002 -19"><span class='ocrx_word' id='word_1_493' title='bbox 2350 2941 2481 2994; x_wconf 85' lang='grc' dir='ltr'>Θεὸν</span> <span class='ocrx_word' id='word_1_494' title='bbox 2538 2942 2727 2995; x_wconf 78' lang='grc' dir='ltr'>ἑαυτοῦ</span> <span class='ocrx_word' id='word_1_495' title='bbox 2780 2942 2910 2995; x_wconf 85' lang='grc' dir='ltr'>Θεὸν</span> <span class='ocrx_word' id='word_1_496' title='bbox 2963 2942 3211 3011; x_wconf 81' lang='grc' dir='ltr'>ὀνομάζοι</span> <span class='ocrx_word' id='word_1_497' title='bbox 3261 2942 3347 3004; x_wconf 85' lang='grc' dir='ltr'>ἂν,</span> <span class='ocrx_word' id='word_1_498' title='bbox 3404 2942 3465 3005; x_wconf 71' lang='grc' dir='ltr'>οὗ</span> <span class='ocrx_word' id='word_1_499' title='bbox 3514 2941 3664 3012; x_wconf 85' lang='grc' dir='ltr'>μόνον</span> <span class='ocrx_word' id='word_1_500' title='bbox 3695 2939 3778 2992; x_wconf 71' lang='grc' dir='ltr'>διὰ</span> <span class='ocrx_word' id='word_1_501' title='bbox 3811 2937 3862 2992; x_wconf 72' lang='grc' dir='ltr'>τὰ</span> 
     </span>
    </p>
   </div>
   <div class='ocr_carea' id='block_1_56' title="bbox 712 3025 2278 3104">
    <p class='ocr_par' dir='ltr' id='par_1_56' title="bbox 712 3025 2253 3097">
     <span class='ocr_line' id='line_1_56' title="bbox 712 3025 2253 3097; baseline -0.003 -14"><span class='ocrx_word' id='word_1_502' title='bbox 712 3045 823 3095; x_wconf 76' lang='lat' dir='ltr'><strong>quo</strong></span> <span class='ocrx_word' id='word_1_503' title='bbox 878 3045 987 3083; x_wconf 87' lang='lat' dir='ltr'><strong>non</strong></span> <span class='ocrx_word' id='word_1_504' title='bbox 1035 3038 1087 3082; x_wconf 90' lang='lat' dir='ltr'><strong>te</strong></span> <span class='ocrx_word' id='word_1_505' title='bbox 1126 3028 1259 3081; x_wconf 89' lang='lat' dir='ltr'><strong>mihi</strong></span> <span class='ocrx_word' id='word_1_506' title='bbox 1312 3028 1363 3080; x_wconf 91' lang='lat' dir='ltr'><strong>in</strong></span> <span class='ocrx_word' id='word_1_507' title='bbox 1414 3042 1562 3097; x_wconf 92' lang='lat' dir='ltr'><strong>spem</strong></span> <span class='ocrx_word' id='word_1_508' title='bbox 1621 3042 1991 3095; x_wconf 85' lang='lat' dir='ltr'><strong>proponerem.</strong></span> <span class='ocrx_word' id='word_1_509' title='bbox 2048 3025 2253 3091; x_wconf 56' lang='lat' dir='ltr'><strong>Quam-</strong></span> 
     </span>
    </p>
   </div>
   <div class='ocr_carea' id='block_1_57' title="bbox 2292 3025 3858 3104">
    <p class='ocr_par' dir='ltr' id='par_1_57' title="bbox 2353 3030 3858 3104">
     <span class='ocr_line' id='line_1_57' title="bbox 2353 3030 3858 3104; baseline -0.004 -16"><span class='ocrx_word' id='word_1_510' title='bbox 2353 3030 2651 3102; x_wconf 73' lang='grc' dir='ltr'>ἔμπροσθεν</span> <span class='ocrx_word' id='word_1_511' title='bbox 2677 3033 2989 3103; x_wconf 81' lang='grc' dir='ltr'>λελεγμένα,</span> <span class='ocrx_word' id='word_1_512' title='bbox 3027 3032 3160 3086; x_wconf 80' lang='grc' dir='ltr'>ἀλλὰ</span> <span class='ocrx_word' id='word_1_513' title='bbox 3202 3033 3296 3086; x_wconf 81' lang='grc' dir='ltr'>καὶ</span> <span class='ocrx_word' id='word_1_514' title='bbox 3328 3032 3415 3086; x_wconf 74' lang='grc' dir='ltr'>διὰ</span> <span class='ocrx_word' id='word_1_515' title='bbox 3440 3034 3535 3096; x_wconf 83' lang='grc' dir='ltr'>τὰς</span> <span class='ocrx_word' id='word_1_516' title='bbox 3567 3032 3686 3104; x_wconf 76' lang='grc' dir='ltr'>ἑξῆς</span> <span class='ocrx_word' id='word_1_517' title='bbox 3708 3032 3858 3085; x_wconf 78' lang='grc' dir='ltr'>ἐπιλε-</span> 
     </span>
    </p>
   </div>
   <div class='ocr_carea' id='block_1_58' title="bbox 708 3117 2274 3196">
    <p class='ocr_par' dir='ltr' id='par_1_58' title="bbox 708 3117 2252 3191">
     <span class='ocr_line' id='line_1_58' title="bbox 708 3117 2252 3191; baseline -0.005 -14"><span class='ocrx_word' id='word_1_518' title='bbox 708 3124 900 3177; x_wconf 83' lang='lat' dir='ltr'><strong>obrem</strong></span> <span class='ocrx_word' id='word_1_519' title='bbox 948 3135 1079 3191; x_wconf 88' lang='lat' dir='ltr'><strong>rogo</strong></span> <span class='ocrx_word' id='word_1_520' title='bbox 1120 3135 1188 3173; x_wconf 76' lang='lat' dir='ltr'>ex</span> <span class='ocrx_word' id='word_1_521' title='bbox 1244 3134 1404 3172; x_wconf 90' lang='lat' dir='ltr'><strong>manu</strong></span> <span class='ocrx_word' id='word_1_522' title='bbox 1462 3128 1802 3187; x_wconf 77' lang='lat' dir='ltr'><strong>peccatorum</strong></span> <span class='ocrx_word' id='word_1_523' title='bbox 1847 3127 1899 3171; x_wconf 89' lang='lat' dir='ltr'>et</span> <span class='ocrx_word' id='word_1_524' title='bbox 1948 3117 2252 3187; x_wconf 88' lang='lat' dir='ltr'><strong>iniquorum</strong></span> 
     </span>
    </p>
   </div>
   <div class='ocr_carea' id='block_1_59' title="bbox 2295 3117 3861 3196">
    <p class='ocr_par' dir='ltr' id='par_1_59' title="bbox 2352 3122 3861 3196">
     <span class='ocr_line' id='line_1_59' title="bbox 2352 3122 3861 3196; baseline -0.007 -9"><span class='ocrx_word' id='word_1_525' title='bbox 2352 3122 2583 3191; x_wconf 82' lang='grc' dir='ltr'>γομένας</span> <span class='ocrx_word' id='word_1_526' title='bbox 2632 3122 2824 3187; x_wconf 64' lang='grc' dir='ltr'>αἰτίας-</span> <span class='ocrx_word' id='word_1_527' title='bbox 2868 3126 2938 3178; x_wconf 85' lang='grc' dir='ltr'>Σὺ</span> <span class='ocrx_word' id='word_1_528' title='bbox 2980 3125 3087 3196; x_wconf 83' lang='grc' dir='ltr'>γάρ</span> <span class='ocrx_word' id='word_1_529' title='bbox 3129 3143 3249 3195; x_wconf 89' lang='grc' dir='ltr'>μου,</span> <span class='ocrx_word' id='word_1_530' title='bbox 3290 3126 3441 3195; x_wconf 73' lang='grc' dir='ltr'>φησὶ,</span> <span class='ocrx_word' id='word_1_531' title='bbox 3466 3125 3736 3195; x_wconf 77' lang='grc' dir='ltr'>τυγχάνεις</span> <span class='ocrx_word' id='word_1_532' title='bbox 3761 3126 3861 3178; x_wconf 76' lang='grc' dir='ltr'>ὑπο-</span> 
     </span>
    </p>
   </div>
   <div class='ocr_carea' id='block_1_60' title="bbox 710 3212 3859 3287">
    <p class='ocr_par' dir='ltr' id='par_1_60' title="bbox 710 3212 3859 3287">
     <span class='ocr_line' id='line_1_60' title="bbox 710 3212 3859 3287; baseline 0 -20"><span class='ocrx_word' id='word_1_533' title='bbox 710 3212 871 3282; x_wconf 78' lang='lat' dir='ltr'><strong>eripi.</strong></span> <span class='ocrx_word' id='word_1_534' title='bbox 2357 3214 2507 3285; x_wconf 84' lang='grc' dir='ltr'>μονὴ,</span> <span class='ocrx_word' id='word_1_535' title='bbox 2538 3216 2629 3268; x_wconf 74' lang='grc' dir='ltr'>καὶ</span> <span class='ocrx_word' id='word_1_536' title='bbox 2660 3214 2721 3268; x_wconf 77' lang='grc' dir='ltr'><em>σύ</em></span> <span class='ocrx_word' id='word_1_537' title='bbox 2759 3233 2857 3286; x_wconf 91' lang='grc' dir='ltr'>μου</span> <span class='ocrx_word' id='word_1_538' title='bbox 2892 3216 3044 3280; x_wconf 68' lang='grc' dir='ltr'>ἐλπὶς</span> <span class='ocrx_word' id='word_1_539' title='bbox 3061 3220 3124 3270; x_wconf 87' lang='grc' dir='ltr'>ὲκ</span> <span class='ocrx_word' id='word_1_540' title='bbox 3153 3218 3416 3287; x_wconf 81' lang='grc' dir='ltr'>νεότητος.</span> <span class='ocrx_word' id='word_1_541' title='bbox 3438 3218 3512 3271; x_wconf 84' lang='grc' dir='ltr'><strong>Οὐ</strong></span> <span class='ocrx_word' id='word_1_542' title='bbox 3543 3216 3647 3287; x_wconf 79' lang='grc' dir='ltr'>γὰρ</span> 
     </span>
    </p>
   </div>
   <div class='ocr_carea' id='block_1_61' title="bbox 711 3294 3859 3380">
    <p class='ocr_par' dir='ltr' id='par_1_61' title="bbox 711 3294 3859 3380">
     <span class='ocr_line' id='line_1_61' title="bbox 711 3294 3859 3380; baseline 0 -23"><span class='ocrx_word' id='word_1_543' title='bbox 711 3304 946 3358; x_wconf 77' lang='grc' dir='ltr'>διέλιπόν</span> <span class='ocrx_word' id='word_1_544' title='bbox 980 3320 1037 3356; x_wconf 90' lang='grc' dir='ltr'>σε</span> <span class='ocrx_word' id='word_1_545' title='bbox 1078 3303 1377 3373; x_wconf 77' lang='grc' dir='ltr'>ὑπομένων,</span> <span class='ocrx_word' id='word_1_546' title='bbox 1413 3300 1530 3355; x_wconf 76' lang='grc' dir='ltr'>οὐδὲ</span> <span class='ocrx_word' id='word_1_547' title='bbox 1554 3301 1739 3369; x_wconf 87' lang='grc' dir='ltr'>γέγονέ</span> <span class='ocrx_word' id='word_1_548' title='bbox 1772 3317 1853 3364; x_wconf 84' lang='grc' dir='ltr'>τις</span> <span class='ocrx_word' id='word_1_549' title='bbox 1883 3300 2090 3372; x_wconf 80' lang='grc' dir='ltr'>καιρὸς,</span> <span class='ocrx_word' id='word_1_550' title='bbox 2126 3302 2183 3355; x_wconf 84' lang='grc' dir='ltr'>ὲν</span> <span class='ocrx_word' id='word_1_551' title='bbox 2210 3294 2253 3369; x_wconf 82' lang='grc' dir='ltr'>ᾧ</span> <span class='ocrx_word' id='word_1_552' title='bbox 2288 3306 2406 3375; x_wconf 86' lang='grc' dir='ltr'>οὐχί</span> <span class='ocrx_word' id='word_1_553' title='bbox 2458 3324 2514 3360; x_wconf 89' lang='grc' dir='ltr'>σε</span> <span class='ocrx_word' id='word_1_554' title='bbox 2558 3308 2862 3379; x_wconf 81' lang='grc' dir='ltr'>προεθέμην</span> <span class='ocrx_word' id='word_1_555' title='bbox 2902 3308 3136 3380; x_wconf 78' lang='grc' dir='ltr'>ἐμαυτοῦ</span> <span class='ocrx_word' id='word_1_556' title='bbox 3190 3308 3393 3362; x_wconf 77' lang='grc' dir='ltr'>ἐλπίδα.</span> <span class='ocrx_word' id='word_1_557' title='bbox 3423 3301 3521 3361; x_wconf 84' lang='grc' dir='ltr'>Ὧν</span> <span class='ocrx_word' id='word_1_558' title='bbox 3571 3308 3720 3378; x_wconf 81' lang='grc' dir='ltr'>χάριν</span> <span class='ocrx_word' id='word_1_559' title='bbox 3774 3309 3859 3359; x_wconf 69' lang='lat' dir='ltr'>lxa-</span> 
     </span>
    </p>
   </div>
   <div class='ocr_carea' id='block_1_62' title="bbox 712 3396 2444 3475">
    <p class='ocr_par' dir='ltr' id='par_1_62' title="bbox 712 3396 2444 3475">
     <span class='ocr_line' id='line_1_62' title="bbox 712 3396 2444 3475; baseline 0.005 -30"><span class='ocrx_word' id='word_1_560' title='bbox 712 3399 855 3454; x_wconf 79' lang='grc' dir='ltr'>τεύω</span> <span class='ocrx_word' id='word_1_561' title='bbox 883 3399 945 3452; x_wconf 84' lang='grc' dir='ltr'>ὲκ</span> <span class='ocrx_word' id='word_1_562' title='bbox 975 3398 1151 3471; x_wconf 83' lang='grc' dir='ltr'>χειρὸς</span> <span class='ocrx_word' id='word_1_563' title='bbox 1190 3396 1524 3475; x_wconf 78' lang='grc' dir='ltr'>ἁμαρτωλῶν</span> <span class='ocrx_word' id='word_1_564' title='bbox 1554 3397 1644 3448; x_wconf 84' lang='grc' dir='ltr'>καὶ</span> <span class='ocrx_word' id='word_1_565' title='bbox 1686 3396 2131 3466; x_wconf 73' lang='grc' dir='ltr'>παρανομούντων</span> <span class='ocrx_word' id='word_1_566' title='bbox 2167 3398 2444 3471; x_wconf 81' lang='grc' dir='ltr'>ρυσθῆναι.</span> 
     </span>
    </p>
   </div>
   <div class='ocr_carea' id='block_1_63' title="bbox 785 3516 2351 3596">
    <p class='ocr_par' dir='ltr' id='par_1_63' title="bbox 785 3516 2319 3587">
     <span class='ocr_line' id='line_1_63' title="bbox 785 3516 2319 3587; baseline -0.002 -14"><span class='ocrx_word' id='word_1_567' title='bbox 785 3518 949 3574; x_wconf 75' lang='lat' dir='ltr'><strong>Vens.</strong></span> <span class='ocrx_word' id='word_1_568' title='bbox 981 3518 1035 3582; x_wconf 84' lang='lat'>6,</span> <span class='ocrx_word' id='word_1_569' title='bbox 1067 3518 1115 3573; x_wconf 90' lang='lat'>7.</span> <span class='ocrx_word' id='word_1_570' title='bbox 1151 3535 1169 3569; x_wconf 85' lang='grc' dir='ltr'>ι</span> <span class='ocrx_word' id='word_1_571' title='bbox 1198 3516 1257 3572; x_wconf 84' lang='lat' dir='ltr'><strong>in</strong></span> <span class='ocrx_word' id='word_1_572' title='bbox 1287 3523 1341 3570; x_wconf 92' lang='lat' dir='ltr'><strong>te</strong></span> <span class='ocrx_word' id='word_1_573' title='bbox 1367 3516 1716 3571; x_wconf 85' lang='lat' dir='ltr'><strong>confirmatus</strong></span> <span class='ocrx_word' id='word_1_574' title='bbox 1744 3531 1861 3570; x_wconf 91' lang='lat' dir='ltr'>sum</span> <span class='ocrx_word' id='word_1_575' title='bbox 1887 3531 1964 3570; x_wconf 78' lang='lat' dir='ltr'>ex-</span> <span class='ocrx_word' id='word_1_576' title='bbox 1986 3526 2158 3580; x_wconf 91' lang='lat' dir='ltr'><strong>utero,</strong></span> <span class='ocrx_word' id='word_1_577' title='bbox 2181 3517 2246 3570; x_wconf 94' lang='lat' dir='ltr'><strong>de</strong></span> <span class='ocrx_word' id='word_1_578' title='bbox 2274 3526 2319 3587; x_wconf 79' lang='grc' dir='ltr'>ο</span> 
     </span>
    </p>
   </div>
   <div class='ocr_carea' id='block_1_64' title="bbox 2292 3516 3858 3596">
    <p class='ocr_par' dir='ltr' id='par_1_64' title="bbox 2292 3517 3858 3596">
     <span class='ocr_line' id='line_1_64' title="bbox 2292 3517 3858 3596; baseline -0.011 -9"><span class='ocrx_word' id='word_1_579' title='bbox 2292 3526 2319 3587; x_wconf 69' lang='lat'><strong>3</strong></span> <span class='ocrx_word' id='word_1_580' title='bbox 2423 3540 2442 3574; x_wconf 74' lang='grc' dir='ltr'>ι</span> <span class='ocrx_word' id='word_1_581' title='bbox 2492 3521 2614 3581; x_wconf 68' lang='grc' dir='ltr'>,Ἐπὶ</span> <span class='ocrx_word' id='word_1_582' title='bbox 2658 3522 2716 3575; x_wconf 80' lang='grc' dir='ltr'>σὲ</span> <span class='ocrx_word' id='word_1_583' title='bbox 2761 3522 3148 3596; x_wconf 78' lang='grc' dir='ltr'>ἐπεστηρίχθην</span> <span class='ocrx_word' id='word_1_584' title='bbox 3190 3522 3296 3577; x_wconf 81' lang='grc' dir='ltr'>ἀπὸ</span> <span class='ocrx_word' id='word_1_585' title='bbox 3328 3523 3574 3594; x_wconf 86' lang='grc' dir='ltr'>γαστρὸς,</span> <span class='ocrx_word' id='word_1_586' title='bbox 3600 3522 3660 3574; x_wconf 82' lang='grc' dir='ltr'>ὲκ</span> <span class='ocrx_word' id='word_1_587' title='bbox 3689 3517 3858 3579; x_wconf 71' lang='grc' dir='ltr'>κοιλίας</span> 
     </span>
    </p>
   </div>
   <div class='ocr_carea' id='block_1_65' title="bbox 713 3604 2279 3684">
    <p class='ocr_par' dir='ltr' id='par_1_65' title="bbox 713 3604 2251 3675">
     <span class='ocr_line' id='line_1_65' title="bbox 713 3604 2251 3675; baseline -0.003 -13"><span class='ocrx_word' id='word_1_588' title='bbox 713 3618 903 3664; x_wconf 78' lang='lat' dir='ltr'><strong>ventre</strong></span> <span class='ocrx_word' id='word_1_589' title='bbox 930 3610 1120 3663; x_wconf 88' lang='lat' dir='ltr'><strong>matris</strong></span> <span class='ocrx_word' id='word_1_590' title='bbox 1141 3620 1271 3662; x_wconf 44' lang='lat' dir='ltr'><strong>mea:</strong></span> <span class='ocrx_word' id='word_1_591' title='bbox 1297 3617 1351 3661; x_wconf 94' lang='lat' dir='ltr'><strong>tu</strong></span> <span class='ocrx_word' id='word_1_592' title='bbox 1378 3622 1437 3661; x_wconf 91' lang='lat' dir='ltr'><strong>es</strong></span> <span class='ocrx_word' id='word_1_593' title='bbox 1470 3614 1741 3675; x_wconf 84' lang='lat' dir='ltr'><strong>protector</strong></span> <span class='ocrx_word' id='word_1_594' title='bbox 1761 3621 1934 3661; x_wconf 89' lang='lat' dir='ltr'><strong>meus.</strong></span> <span class='ocrx_word' id='word_1_595' title='bbox 1976 3624 1994 3658; x_wconf 73' lang='grc' dir='ltr'>ι</span> <span class='ocrx_word' id='word_1_596' title='bbox 2032 3604 2107 3659; x_wconf 91' lang='lat' dir='ltr'><strong>De</strong></span> <span class='ocrx_word' id='word_1_597' title='bbox 2148 3605 2251 3658; x_wconf 88' lang='lat' dir='ltr'>Da-</span> 
     </span>
    </p>
   </div>
   <div class='ocr_carea' id='block_1_66' title="bbox 2292 3604 3858 3684">
    <p class='ocr_par' dir='ltr' id='par_1_66' title="bbox 2355 3610 3858 3684">
     <span class='ocr_line' id='line_1_66' title="bbox 2355 3610 3858 3684; baseline -0.001 -21"><span class='ocrx_word' id='word_1_598' title='bbox 2355 3612 2558 3683; x_wconf 85' lang='grc' dir='ltr'>μητρός</span> <span class='ocrx_word' id='word_1_599' title='bbox 2591 3615 2693 3684; x_wconf 85' lang='grc' dir='ltr'>μου</span> <span class='ocrx_word' id='word_1_600' title='bbox 2723 3613 2783 3666; x_wconf 86' lang='grc' dir='ltr'>σύ</span> <span class='ocrx_word' id='word_1_601' title='bbox 2815 3631 2912 3683; x_wconf 86' lang='grc' dir='ltr'>μου</span> <span class='ocrx_word' id='word_1_602' title='bbox 2952 3610 3003 3666; x_wconf 75' lang='grc' dir='ltr'>εἴ</span> <span class='ocrx_word' id='word_1_603' title='bbox 3043 3615 3363 3684; x_wconf 86' lang='grc' dir='ltr'>σκεπαστής.</span> <span class='ocrx_word' id='word_1_604' title='bbox 3408 3633 3428 3665; x_wconf 76' lang='grc' dir='ltr'>ι</span> <span class='ocrx_word' id='word_1_605' title='bbox 3454 3614 3524 3666; x_wconf 84' lang='grc' dir='ltr'>Τὸ</span> <span class='ocrx_word' id='word_1_606' title='bbox 3551 3612 3642 3683; x_wconf 78' lang='grc' dir='ltr'>μὲν</span> <span class='ocrx_word' id='word_1_607' title='bbox 3678 3612 3735 3664; x_wconf 81' lang='grc' dir='ltr'>ὲκ</span> <span class='ocrx_word' id='word_1_608' title='bbox 3757 3610 3858 3669; x_wconf 78' lang='grc' dir='ltr'>νέας</span> 
     </span>
    </p>
   </div>
   <div class='ocr_carea' id='block_1_67' title="bbox 714 3699 2280 3771">
    <p class='ocr_par' dir='ltr' id='par_1_67' title="bbox 714 3699 2250 3771">
     <span class='ocr_line' id='line_1_67' title="bbox 714 3699 2250 3771; baseline -0.001 -16"><span class='ocrx_word' id='word_1_609' title='bbox 714 3702 802 3756; x_wconf 84' lang='lat' dir='ltr'>vid</span> <span class='ocrx_word' id='word_1_610' title='bbox 838 3718 1051 3771; x_wconf 89' lang='lat' dir='ltr'><strong>quoque</strong></span> <span class='ocrx_word' id='word_1_611' title='bbox 1083 3700 1189 3753; x_wconf 91' lang='lat' dir='ltr'><strong>dici</strong></span> <span class='ocrx_word' id='word_1_612' title='bbox 1215 3701 1388 3755; x_wconf 83' lang='lat' dir='ltr'><strong>valeat</strong></span> <span class='ocrx_word' id='word_1_613' title='bbox 1412 3700 1557 3767; x_wconf 84' lang='lat' dir='ltr'><strong>quod</strong></span> <span class='ocrx_word' id='word_1_614' title='bbox 1588 3714 1617 3751; x_wconf 91' lang='lat' dir='ltr'><strong>a</strong></span> <span class='ocrx_word' id='word_1_615' title='bbox 1650 3707 1834 3753; x_wconf 87' lang='lat' dir='ltr'><strong>tenera</strong></span> <span class='ocrx_word' id='word_1_616' title='bbox 1883 3699 2165 3767; x_wconf 84' lang='lat' dir='ltr'><strong>juventute</strong></span> <span class='ocrx_word' id='word_1_617' title='bbox 2195 3699 2250 3753; x_wconf 89' lang='lat' dir='ltr'><strong>in</strong></span> 
     </span>
    </p>
   </div>
   <div class='ocr_carea' id='block_1_68' title="bbox 2289 3699 3855 3771">
    <p class='ocr_par' dir='ltr' id='par_1_68' title="bbox 2346 3699 3855 3771">
     <span class='ocr_line' id='line_1_68' title="bbox 2346 3699 3855 3771; baseline -0.003 -18"><span class='ocrx_word' id='word_1_618' title='bbox 2346 3701 2559 3771; x_wconf 75' lang='grc' dir='ltr'>ἡλικίας</span> <span class='ocrx_word' id='word_1_619' title='bbox 2587 3704 2677 3756; x_wconf 77' lang='grc' dir='ltr'>ἐπὶ</span> <span class='ocrx_word' id='word_1_620' title='bbox 2726 3703 2816 3756; x_wconf 89' lang='grc' dir='ltr'>τὸν</span> <span class='ocrx_word' id='word_1_621' title='bbox 2865 3703 2995 3757; x_wconf 85' lang='grc' dir='ltr'>Θεὸν</span> <span class='ocrx_word' id='word_1_622' title='bbox 3022 3703 3261 3768; x_wconf 76' lang='grc' dir='ltr'>ἐλπίζειν</span> <span class='ocrx_word' id='word_1_623' title='bbox 3293 3703 3485 3771; x_wconf 84' lang='grc' dir='ltr'>λέγοιτ’</span> <span class='ocrx_word' id='word_1_624' title='bbox 3530 3702 3594 3765; x_wconf 78' lang='grc' dir='ltr'>ἂν</span> <span class='ocrx_word' id='word_1_625' title='bbox 3633 3701 3721 3755; x_wconf 71' lang='grc' dir='ltr'>καὶ</span> <span class='ocrx_word' id='word_1_626' title='bbox 3755 3699 3855 3768; x_wconf 69' lang='grc' dir='ltr'>περὶ</span> 
     </span>
    </p>
   </div>
   <div class='ocr_carea' id='block_1_69' title="bbox 713 3789 2279 3868">
    <p class='ocr_par' dir='ltr' id='par_1_69' title="bbox 713 3789 2252 3862">
     <span class='ocr_line' id='line_1_69' title="bbox 713 3789 2252 3862; baseline -0.003 -14"><span class='ocrx_word' id='word_1_627' title='bbox 713 3793 1105 3862; x_wconf 67' lang='grc' dir='ltr'>Βευερετονὶι.</span> <span class='ocrx_word' id='word_1_628' title='bbox 1144 3789 1274 3844; x_wconf 85' lang='lat' dir='ltr'><strong>Nam</strong></span> <span class='ocrx_word' id='word_1_629' title='bbox 1303 3790 1520 3858; x_wconf 81' lang='lat' dir='ltr'><strong>juvenis</strong></span> <span class='ocrx_word' id='word_1_630' title='bbox 1559 3804 1679 3843; x_wconf 91' lang='lat' dir='ltr'><strong>cum</strong></span> <span class='ocrx_word' id='word_1_631' title='bbox 1722 3799 1883 3853; x_wconf 85' lang='lat' dir='ltr'><strong>esset,</strong></span> <span class='ocrx_word' id='word_1_632' title='bbox 1923 3798 1975 3844; x_wconf 91' lang='lat' dir='ltr'><strong>et</strong></span> <span class='ocrx_word' id='word_1_633' title='bbox 2008 3799 2252 3859; x_wconf 84' lang='lat' dir='ltr'><strong>pasceret</strong></span> 
     </span>
    </p>
   </div>
   <div class='ocr_carea' id='block_1_70' title="bbox 2288 3789 3854 3868">
    <p class='ocr_par' dir='ltr' id='par_1_70' title="bbox 2346 3791 3854 3868">
     <span class='ocr_line' id='line_1_70' title="bbox 2346 3791 3854 3868; baseline -0.002 -21"><span class='ocrx_word' id='word_1_634' title='bbox 2346 3793 2438 3847; x_wconf 86' lang='grc' dir='ltr'>τοῦ</span> <span class='ocrx_word' id='word_1_635' title='bbox 2466 3796 2641 3848; x_wconf 76' lang='grc' dir='ltr'>Δαυῒᾶ</span> <span class='ocrx_word' id='word_1_636' title='bbox 2677 3796 2953 3868; x_wconf 80' lang='grc' dir='ltr'>Ἐπείπερ,</span> <span class='ocrx_word' id='word_1_637' title='bbox 2988 3796 3105 3859; x_wconf 83' lang='grc' dir='ltr'>νέος</span> <span class='ocrx_word' id='word_1_638' title='bbox 3130 3794 3205 3848; x_wconf 84' lang='grc' dir='ltr'>ὣν</span> <span class='ocrx_word' id='word_1_639' title='bbox 3232 3796 3323 3849; x_wconf 72' lang='grc' dir='ltr'>καὶ</span> <span class='ocrx_word' id='word_1_640' title='bbox 3351 3796 3646 3864; x_wconf 82' lang='grc' dir='ltr'>ποιμαίνων</span> <span class='ocrx_word' id='word_1_641' title='bbox 3671 3794 3730 3847; x_wconf 69' lang='grc' dir='ltr'>τὰ</span> <span class='ocrx_word' id='word_1_642' title='bbox 3750 3791 3854 3863; x_wconf 65' lang='grc' dir='ltr'>πρὸ·</span> 
     </span>
    </p>
   </div>
   <div class='ocr_carea' id='block_1_71' title="bbox 713 3880 2279 3957">
    <p class='ocr_par' dir='ltr' id='par_1_71' title="bbox 713 3880 2254 3953">
     <span class='ocr_line' id='line_1_71' title="bbox 713 3880 2254 3953; baseline -0.001 -14"><span class='ocrx_word' id='word_1_643' title='bbox 713 3900 841 3939; x_wconf 89' lang='lat' dir='ltr'><strong>oves</strong></span> <span class='ocrx_word' id='word_1_644' title='bbox 875 3882 1040 3938; x_wconf 66' lang='lat' dir='ltr'><strong>Jessae</strong></span> <span class='ocrx_word' id='word_1_645' title='bbox 1070 3884 1238 3953; x_wconf 88' lang='lat' dir='ltr'><strong>patris</strong></span> <span class='ocrx_word' id='word_1_646' title='bbox 1268 3882 1374 3945; x_wconf 90' lang='lat' dir='ltr'><strong>sui,</strong></span> <span class='ocrx_word' id='word_1_647' title='bbox 1411 3881 1512 3935; x_wconf 83' lang='lat' dir='ltr'><strong>fide</strong></span> <span class='ocrx_word' id='word_1_648' title='bbox 1542 3896 1603 3934; x_wconf 86' lang='lat' dir='ltr'>ac</span> <span class='ocrx_word' id='word_1_649' title='bbox 1638 3896 1730 3949; x_wconf 90' lang='lat' dir='ltr'>spe</span> <span class='ocrx_word' id='word_1_650' title='bbox 1761 3881 1813 3935; x_wconf 91' lang='lat' dir='ltr'><strong>in</strong></span> <span class='ocrx_word' id='word_1_651' title='bbox 1846 3880 2032 3944; x_wconf 83' lang='lat' dir='ltr'><strong>Deum,</strong></span> <span class='ocrx_word' id='word_1_652' title='bbox 2058 3884 2112 3937; x_wconf 86' lang='lat' dir='ltr'><strong>in</strong></span> <span class='ocrx_word' id='word_1_653' title='bbox 2144 3884 2254 3938; x_wconf 84' lang='lat' dir='ltr'><strong>leo-</strong></span> 
     </span>
    </p>
   </div>
   <div class='ocr_carea' id='block_1_72' title="bbox 2288 3880 3854 3957">
    <p class='ocr_par' dir='ltr' id='par_1_72' title="bbox 2348 3885 3854 3957">
     <span class='ocr_line' id='line_1_72' title="bbox 2348 3885 3854 3957; baseline -0.003 -18"><span class='ocrx_word' id='word_1_654' title='bbox 2348 3887 2714 3947; x_wconf 73' lang='grc' dir='ltr'>6αταἸεσσαὶ</span> <span class='ocrx_word' id='word_1_655' title='bbox 2768 3888 2859 3940; x_wconf 85' lang='grc' dir='ltr'>τοῦ</span> <span class='ocrx_word' id='word_1_656' title='bbox 2915 3887 3135 3957; x_wconf 85' lang='grc' dir='ltr'>πατρὸς,</span> <span class='ocrx_word' id='word_1_657' title='bbox 3172 3886 3346 3938; x_wconf 79' lang='grc' dir='ltr'>πίστει</span> <span class='ocrx_word' id='word_1_658' title='bbox 3376 3887 3470 3939; x_wconf 72' lang='grc' dir='ltr'>καὶ</span> <span class='ocrx_word' id='word_1_659' title='bbox 3513 3885 3676 3939; x_wconf 78' lang='grc' dir='ltr'>ἐλπίδι</span> <span class='ocrx_word' id='word_1_660' title='bbox 3712 3888 3769 3954; x_wconf 75' lang='grc' dir='ltr'>τῇ</span> <span class='ocrx_word' id='word_1_661' title='bbox 3793 3885 3854 3947; x_wconf 73' lang='grc' dir='ltr'>εἰς</span> 
     </span>
    </p>
   </div>
   <div class='ocr_carea' id='block_1_73' title="bbox 712 3966 2278 4048">
    <p class='ocr_par' dir='ltr' id='par_1_73' title="bbox 712 3972 2249 4036">
     <span class='ocr_line' id='line_1_73' title="bbox 712 3972 2249 4036; baseline -0.002 -7"><span class='ocrx_word' id='word_1_662' title='bbox 712 3992 812 4029; x_wconf 86' lang='lat' dir='ltr'>nes</span> <span class='ocrx_word' id='word_1_663' title='bbox 845 3983 898 4030; x_wconf 90' lang='lat' dir='ltr'>et</span> <span class='ocrx_word' id='word_1_664' title='bbox 928 3972 1082 4030; x_wconf 86' lang='lat' dir='ltr'><strong>ursos</strong></span> <span class='ocrx_word' id='word_1_665' title='bbox 1114 3974 1372 4036; x_wconf 87' lang='lat' dir='ltr'><strong>irruebat,</strong></span> <span class='ocrx_word' id='word_1_666' title='bbox 1417 3980 1473 4025; x_wconf 94' lang='lat' dir='ltr'><strong>ut</strong></span> <span class='ocrx_word' id='word_1_667' title='bbox 1517 3979 1755 4025; x_wconf 86' lang='lat' dir='ltr'><strong>servaret</strong></span> <span class='ocrx_word' id='word_1_668' title='bbox 1801 3985 1927 4027; x_wconf 75' lang='lat' dir='ltr'><strong>oves</strong></span> <span class='ocrx_word' id='word_1_669' title='bbox 1984 3992 1996 4025; x_wconf 91' lang='lat'>:</span> <span class='ocrx_word' id='word_1_670' title='bbox 2052 3974 2249 4027; x_wconf 90' lang='lat' dir='ltr'><strong>bonum</strong></span> 
     </span>
    </p>
   </div>
   <div class='ocr_carea' id='block_1_74' title="bbox 2286 3966 3852 4048">
    <p class='ocr_par' dir='ltr' id='par_1_74' title="bbox 2345 3966 3852 4048">
     <span class='ocr_line' id='line_1_74' title="bbox 2345 3966 3852 4048; baseline -0.003 -19"><span class='ocrx_word' id='word_1_671' title='bbox 2345 3978 2436 4030; x_wconf 87' lang='grc' dir='ltr'>τὸν</span> <span class='ocrx_word' id='word_1_672' title='bbox 2464 3977 2593 4031; x_wconf 89' lang='grc' dir='ltr'>Θεὸν</span> <span class='ocrx_word' id='word_1_673' title='bbox 2625 3980 2716 4031; x_wconf 75' lang='grc' dir='ltr'>καὶ</span> <span class='ocrx_word' id='word_1_674' title='bbox 2744 3978 2919 4031; x_wconf 81' lang='grc' dir='ltr'>λέουσι</span> <span class='ocrx_word' id='word_1_675' title='bbox 2951 3978 3043 4029; x_wconf 83' lang='grc' dir='ltr'>καὶ</span> <span class='ocrx_word' id='word_1_676' title='bbox 3074 3978 3291 4048; x_wconf 82' lang='grc' dir='ltr'>ἄρκτοις</span> <span class='ocrx_word' id='word_1_677' title='bbox 3312 3966 3485 4047; x_wconf 61' lang='grc' dir='ltr'>’ἐπῄει</span> <span class='ocrx_word' id='word_1_678' title='bbox 3512 3980 3609 4047; x_wconf 82' lang='grc' dir='ltr'>τῆς</span> <span class='ocrx_word' id='word_1_679' title='bbox 3631 3977 3728 4028; x_wconf 83' lang='grc' dir='ltr'>τῶν</span> <span class='ocrx_word' id='word_1_680' title='bbox 3754 3991 3852 4043; x_wconf 84' lang='grc' dir='ltr'>προ-</span> 
     </span>
    </p>
   </div>
   <div class='ocr_carea' id='block_1_75' title="bbox 717 4062 2283 4140">
    <p class='ocr_par' dir='ltr' id='par_1_75' title="bbox 717 4062 2253 4137">
     <span class='ocr_line' id='line_1_75' title="bbox 717 4062 2253 4137; baseline -0.001 -18"><span class='ocrx_word' id='word_1_681' title='bbox 717 4074 987 4137; x_wconf 88' lang='lat' dir='ltr'><strong>pastorem</strong></span> <span class='ocrx_word' id='word_1_682' title='bbox 1019 4067 1284 4129; x_wconf 78' lang='lat' dir='ltr'><strong>imitatus,</strong></span> <span class='ocrx_word' id='word_1_683' title='bbox 1329 4066 1393 4118; x_wconf 88' lang='lat' dir='ltr'><strong>de</strong></span> <span class='ocrx_word' id='word_1_684' title='bbox 1429 4078 1537 4133; x_wconf 91' lang='lat' dir='ltr'>quo</span> <span class='ocrx_word' id='word_1_685' title='bbox 1561 4062 1762 4116; x_wconf 82' lang='lat' dir='ltr'><strong>dicitur</strong></span> <span class='ocrx_word' id='word_1_686' title='bbox 1793 4081 1805 4117; x_wconf 90' lang='lat'>:</span> <span class='ocrx_word' id='word_1_687' title='bbox 1844 4082 1861 4113; x_wconf 76' lang='grc' dir='ltr'>ι</span> <span class='ocrx_word' id='word_1_688' title='bbox 1898 4062 2253 4128; x_wconf 88' lang='lat' dir='ltr'><strong>Quemadmo-</strong></span> 
     </span>
    </p>
   </div>
   <div class='ocr_carea' id='block_1_76' title="bbox 2281 4062 3847 4140">
    <p class='ocr_par' dir='ltr' id='par_1_76' title="bbox 2301 4065 3847 4140">
     <span class='ocr_line' id='line_1_76' title="bbox 2301 4065 3847 4140; baseline -0.003 -18"><span class='ocrx_word' id='word_1_689' title='bbox 2301 4102 2309 4109; x_wconf 89' lang='lat'><strong>-</strong></span> <span class='ocrx_word' id='word_1_690' title='bbox 2349 4069 2527 4122; x_wconf 76' lang='grc' dir='ltr'>ϐάτων</span> <span class='ocrx_word' id='word_1_691' title='bbox 2573 4070 2838 4140; x_wconf 81' lang='grc' dir='ltr'>σωτηρίας</span> <span class='ocrx_word' id='word_1_692' title='bbox 2875 4069 3065 4121; x_wconf 75' lang='grc' dir='ltr'>ἕνεκα·</span> <span class='ocrx_word' id='word_1_693' title='bbox 3098 4067 3187 4120; x_wconf 88' lang='grc' dir='ltr'>τὸν</span> <span class='ocrx_word' id='word_1_694' title='bbox 3213 4065 3371 4119; x_wconf 84' lang='grc' dir='ltr'>καλὸν</span> <span class='ocrx_word' id='word_1_695' title='bbox 3408 4066 3722 4137; x_wconf 81' lang='grc' dir='ltr'>μιμούμενος</span> <span class='ocrx_word' id='word_1_696' title='bbox 3753 4081 3847 4116; x_wconf 73' lang='grc' dir='ltr'>ποι-</span> 
     </span>
    </p>
   </div>
   <div class='ocr_carea' id='block_1_77' title="bbox 717 4153 2283 4232">
    <p class='ocr_par' dir='ltr' id='par_1_77' title="bbox 717 4154 2252 4225">
     <span class='ocr_line' id='line_1_77' title="bbox 717 4154 2252 4225; baseline -0.003 -14"><span class='ocrx_word' id='word_1_697' title='bbox 717 4159 845 4211; x_wconf 93' lang='lat' dir='ltr'><strong>dum</strong></span> <span class='ocrx_word' id='word_1_698' title='bbox 876 4171 996 4210; x_wconf 89' lang='lat' dir='ltr'>cum</span> <span class='ocrx_word' id='word_1_699' title='bbox 1022 4156 1316 4211; x_wconf 80' lang='lat' dir='ltr'><strong>extraxerit</strong></span> <span class='ocrx_word' id='word_1_700' title='bbox 1336 4165 1519 4225; x_wconf 84' lang='lat' dir='ltr'><strong>pastor</strong></span> <span class='ocrx_word' id='word_1_701' title='bbox 1548 4170 1614 4209; x_wconf 77' lang='lat' dir='ltr'>ex</span> <span class='ocrx_word' id='word_1_702' title='bbox 1644 4169 1739 4209; x_wconf 90' lang='lat' dir='ltr'><strong>ore</strong></span> <span class='ocrx_word' id='word_1_703' title='bbox 1786 4154 1956 4208; x_wconf 89' lang='lat' dir='ltr'><strong>leonis</strong></span> <span class='ocrx_word' id='word_1_704' title='bbox 1986 4154 2094 4208; x_wconf 91' lang='lat' dir='ltr'><strong>duo</strong></span> <span class='ocrx_word' id='word_1_705' title='bbox 2124 4169 2252 4208; x_wconf 85' lang='lat' dir='ltr'><strong>cru-</strong></span> 
     </span>
    </p>
   </div>
   <div class='ocr_carea' id='block_1_78' title="bbox 2282 4153 3848 4232">
    <p class='ocr_par' dir='ltr' id='par_1_78' title="bbox 2352 4153 3848 4232">
     <span class='ocr_line' id='line_1_78' title="bbox 2352 4153 3848 4232; baseline -0.005 -18"><span class='ocrx_word' id='word_1_706' title='bbox 2352 4161 2504 4231; x_wconf 84' lang='grc' dir='ltr'>μένα,</span> <span class='ocrx_word' id='word_1_707' title='bbox 2540 4162 2667 4232; x_wconf 75' lang='grc' dir='ltr'>περὶ</span> <span class='ocrx_word' id='word_1_708' title='bbox 2699 4153 2757 4212; x_wconf 80' lang='grc' dir='ltr'>οῦ</span> <span class='ocrx_word' id='word_1_709' title='bbox 2795 4160 3062 4231; x_wconf 81' lang='grc' dir='ltr'>εἴρηται·‹</span> <span class='ocrx_word' id='word_1_710' title='bbox 3081 4161 3173 4212; x_wconf 85' lang='grc' dir='ltr'>Ὃν</span> <span class='ocrx_word' id='word_1_711' title='bbox 3191 4160 3386 4229; x_wconf 87' lang='grc' dir='ltr'>τρόπον</span> <span class='ocrx_word' id='word_1_712' title='bbox 3417 4159 3543 4213; x_wconf 86' lang='grc' dir='ltr'>ὃταν</span> <span class='ocrx_word' id='word_1_713' title='bbox 3585 4156 3848 4228; x_wconf 72' lang='grc' dir='ltr'>ὲκσπάοῃὸ</span> 
     </span>
    </p>
   </div>
   <div class='ocr_carea' id='block_1_79' title="bbox 715 4242 2281 4322">
    <p class='ocr_par' dir='ltr' id='par_1_79' title="bbox 715 4242 2252 4317">
     <span class='ocr_line' id='line_1_79' title="bbox 715 4242 2252 4317; baseline -0.003 -14"><span class='ocrx_word' id='word_1_714' title='bbox 715 4265 797 4313; x_wconf 88' lang='lat' dir='ltr'>ra,</span> <span class='ocrx_word' id='word_1_715' title='bbox 846 4258 936 4301; x_wconf 88' lang='lat' dir='ltr'>aut</span> <span class='ocrx_word' id='word_1_716' title='bbox 988 4248 1303 4317; x_wconf 86' lang='lat' dir='ltr'><strong>particulam</strong></span> <span class='ocrx_word' id='word_1_717' title='bbox 1355 4247 1610 4300; x_wconf 70' lang='lat' dir='ltr'><strong>auriculte</strong></span> <span class='ocrx_word' id='word_1_718' title='bbox 1637 4246 1703 4299; x_wconf 67' lang='grc' dir='ltr'>ετ.</span> <span class='ocrx_word' id='word_1_719' title='bbox 1751 4265 1766 4296; x_wconf 76' lang='grc' dir='ltr'>ι</span> <span class='ocrx_word' id='word_1_720' title='bbox 1802 4242 1909 4298; x_wconf 83' lang='lat' dir='ltr'><strong>Sed</strong></span> <span class='ocrx_word' id='word_1_721' title='bbox 1940 4247 2098 4300; x_wconf 71' lang='lat' dir='ltr'><strong>etiam</strong></span> <span class='ocrx_word' id='word_1_722' title='bbox 2129 4260 2252 4301; x_wconf 89' lang='lat' dir='ltr'><strong>cum</strong></span> 
     </span>
    </p>
   </div>
   <div class='ocr_carea' id='block_1_80' title="bbox 2280 4242 3846 4322">
    <p class='ocr_par' dir='ltr' id='par_1_80' title="bbox 2351 4247 3846 4322">
     <span class='ocr_line' id='line_1_80' title="bbox 2351 4247 3846 4322; baseline -0.001 -19"><span class='ocrx_word' id='word_1_723' title='bbox 2351 4252 2549 4322; x_wconf 82' lang='grc' dir='ltr'>ποιμὴν</span> <span class='ocrx_word' id='word_1_724' title='bbox 2576 4253 2639 4305; x_wconf 88' lang='grc' dir='ltr'>ὲκ</span> <span class='ocrx_word' id='word_1_725' title='bbox 2682 4252 2939 4320; x_wconf 78' lang='grc' dir='ltr'>στόματος</span> <span class='ocrx_word' id='word_1_726' title='bbox 2969 4251 3060 4305; x_wconf 91' lang='grc' dir='ltr'>τοῦ</span> <span class='ocrx_word' id='word_1_727' title='bbox 3095 4251 3304 4315; x_wconf 82' lang='grc' dir='ltr'>λέοντος</span> <span class='ocrx_word' id='word_1_728' title='bbox 3340 4249 3432 4303; x_wconf 80' lang='grc' dir='ltr'>δύο</span> <span class='ocrx_word' id='word_1_729' title='bbox 3466 4251 3648 4321; x_wconf 84' lang='grc' dir='ltr'>σκέλη,</span> <span class='ocrx_word' id='word_1_730' title='bbox 3673 4251 3702 4322; x_wconf 78' lang='grc' dir='ltr'>ἢ</span> <span class='ocrx_word' id='word_1_731' title='bbox 3724 4247 3846 4302; x_wconf 77' lang='grc' dir='ltr'>λοεὺν</span> 
     </span>
    </p>
   </div>
   <div class='ocr_carea' id='block_1_81' title="bbox 714 4330 2280 4414">
    <p class='ocr_par' dir='ltr' id='par_1_81' title="bbox 714 4336 2247 4409">
     <span class='ocr_line' id='line_1_81' title="bbox 714 4336 2247 4409; baseline -0.002 -18"><span class='ocrx_word' id='word_1_732' title='bbox 714 4353 848 4409; x_wconf 88' lang='lat' dir='ltr'><strong>puer</strong></span> <span class='ocrx_word' id='word_1_733' title='bbox 886 4345 1049 4399; x_wconf 88' lang='lat' dir='ltr'><strong>esset,</strong></span> <span class='ocrx_word' id='word_1_734' title='bbox 1086 4336 1335 4406; x_wconf 89' lang='lat' dir='ltr'><strong>spiritum</strong></span> <span class='ocrx_word' id='word_1_735' title='bbox 1371 4336 1660 4405; x_wconf 85' lang='lat' dir='ltr'><strong>malignum</strong></span> <span class='ocrx_word' id='word_1_736' title='bbox 1705 4354 1770 4391; x_wconf 77' lang='lat' dir='ltr'><strong>ex</strong></span> <span class='ocrx_word' id='word_1_737' title='bbox 1806 4337 1965 4390; x_wconf 72' lang='lat' dir='ltr'><strong>Saule</strong></span> <span class='ocrx_word' id='word_1_738' title='bbox 2000 4336 2247 4405; x_wconf 65' lang='lat' dir='ltr'><strong>pellebat,</strong></span> 
     </span>
    </p>
   </div>
   <div class='ocr_carea' id='block_1_82' title="bbox 2280 4330 3846 4414">
    <p class='ocr_par' dir='ltr' id='par_1_82' title="bbox 2349 4330 3846 4414">
     <span class='ocr_line' id='line_1_82' title="bbox 2349 4330 3846 4414; baseline 0 -19"><span class='ocrx_word' id='word_1_739' title='bbox 2349 4343 2525 4396; x_wconf 79' lang='grc' dir='ltr'>ὠτίου.</span> <span class='ocrx_word' id='word_1_740' title='bbox 2556 4362 2574 4394; x_wconf 75' lang='grc' dir='ltr'>ι</span> <span class='ocrx_word' id='word_1_741' title='bbox 2611 4330 2767 4395; x_wconf 71' lang='grc' dir='ltr'>Ἀλλὰ</span> <span class='ocrx_word' id='word_1_742' title='bbox 2797 4344 2888 4396; x_wconf 73' lang='grc' dir='ltr'>καὶ</span> <span class='ocrx_word' id='word_1_743' title='bbox 2915 4343 3190 4414; x_wconf 81' lang='grc' dir='ltr'>παιδάριον</span> <span class='ocrx_word' id='word_1_744' title='bbox 3211 4341 3286 4396; x_wconf 83' lang='grc' dir='ltr'>ὢν</span> <span class='ocrx_word' id='word_1_745' title='bbox 3316 4343 3584 4414; x_wconf 74' lang='grc' dir='ltr'>ἧλαυνετὸ</span> <span class='ocrx_word' id='word_1_746' title='bbox 3606 4338 3846 4413; x_wconf 75' lang='grc' dir='ltr'>πνεῦματδ</span> 
     </span>
    </p>
   </div>
   <div class='ocr_carea' id='block_1_83' title="bbox 716 4427 2282 4508">
    <p class='ocr_par' dir='ltr' id='par_1_83' title="bbox 716 4427 2253 4501">
     <span class='ocr_line' id='line_1_83' title="bbox 716 4427 2253 4501; baseline -0.003 -16"><span class='ocrx_word' id='word_1_747' title='bbox 716 4432 879 4501; x_wconf 89' lang='lat' dir='ltr'><strong>idque</strong></span> <span class='ocrx_word' id='word_1_748' title='bbox 902 4430 952 4483; x_wconf 89' lang='lat' dir='ltr'><strong>vi</strong></span> <span class='ocrx_word' id='word_1_749' title='bbox 988 4430 1107 4483; x_wconf 85' lang='lat' dir='ltr'><strong>tidei</strong></span> <span class='ocrx_word' id='word_1_750' title='bbox 1141 4436 1195 4482; x_wconf 92' lang='lat' dir='ltr'>et</span> <span class='ocrx_word' id='word_1_751' title='bbox 1224 4429 1337 4498; x_wconf 83' lang='lat' dir='ltr'><strong>spei</strong></span> <span class='ocrx_word' id='word_1_752' title='bbox 1368 4427 1423 4480; x_wconf 89' lang='lat' dir='ltr'><strong>in</strong></span> <span class='ocrx_word' id='word_1_753' title='bbox 1460 4427 1645 4480; x_wconf 90' lang='lat' dir='ltr'><strong>Deum.</strong></span> <span class='ocrx_word' id='word_1_754' title='bbox 1684 4427 1897 4481; x_wconf 77' lang='lat' dir='ltr'><strong>Atcnim</strong></span> <span class='ocrx_word' id='word_1_755' title='bbox 1943 4428 1996 4481; x_wconf 93' lang='lat' dir='ltr'>id</span> <span class='ocrx_word' id='word_1_756' title='bbox 2038 4442 2253 4496; x_wconf 89' lang='lat' dir='ltr'><strong>quoque</strong></span> 
     </span>
    </p>
   </div>
   <div class='ocr_carea' id='block_1_84' title="bbox 2279 4427 3845 4508">
    <p class='ocr_par' dir='ltr' id='par_1_84' title="bbox 2353 4431 3845 4508">
     <span class='ocr_line' id='line_1_84' title="bbox 2353 4431 3845 4508; baseline 0.004 -22"><span class='ocrx_word' id='word_1_757' title='bbox 2353 4433 2582 4508; x_wconf 80' lang='grc' dir='ltr'>πονηρὸν</span> <span class='ocrx_word' id='word_1_758' title='bbox 2613 4434 2719 4487; x_wconf 79' lang='grc' dir='ltr'>ἀπὸ</span> <span class='ocrx_word' id='word_1_759' title='bbox 2738 4434 2831 4488; x_wconf 85' lang='grc' dir='ltr'>τοῦ</span> <span class='ocrx_word' id='word_1_760' title='bbox 2868 4434 3037 4489; x_wconf 79' lang='grc' dir='ltr'>Σαοὺλ</span> <span class='ocrx_word' id='word_1_761' title='bbox 3063 4434 3284 4505; x_wconf 82' lang='grc' dir='ltr'>δυνάμει</span> <span class='ocrx_word' id='word_1_762' title='bbox 3315 4438 3548 4499; x_wconf 83' lang='grc' dir='ltr'>πίστεως</span> <span class='ocrx_word' id='word_1_763' title='bbox 3563 4437 3655 4489; x_wconf 78' lang='grc' dir='ltr'>καὶ</span> <span class='ocrx_word' id='word_1_764' title='bbox 3678 4431 3845 4493; x_wconf 69' lang='grc' dir='ltr'>ἐλπίδος</span> 
     </span>
    </p>
   </div>
   <div class='ocr_carea' id='block_1_85' title="bbox 712 4519 2278 4596">
    <p class='ocr_par' dir='ltr' id='par_1_85' title="bbox 712 4519 2251 4596">
     <span class='ocr_line' id='line_1_85' title="bbox 712 4519 2251 4596; baseline -0.006 -16"><span class='ocrx_word' id='word_1_765' title='bbox 712 4527 895 4596; x_wconf 69' lang='lat' dir='ltr'><strong>juveni</strong></span> <span class='ocrx_word' id='word_1_766' title='bbox 927 4524 1168 4585; x_wconf 85' lang='lat' dir='ltr'><strong>cuilibet,</strong></span> <span class='ocrx_word' id='word_1_767' title='bbox 1193 4522 1285 4592; x_wconf 88' lang='lat' dir='ltr'><strong>qui</strong></span> <span class='ocrx_word' id='word_1_768' title='bbox 1319 4519 1409 4576; x_wconf 86' lang='lat' dir='ltr'><strong>Dei</strong></span> <span class='ocrx_word' id='word_1_769' title='bbox 1436 4521 1698 4575; x_wconf 82' lang='lat' dir='ltr'><strong>electione</strong></span> <span class='ocrx_word' id='word_1_770' title='bbox 1729 4519 1978 4589; x_wconf 84' lang='lat' dir='ltr'><strong>dignatus</strong></span> <span class='ocrx_word' id='word_1_771' title='bbox 2006 4522 2093 4582; x_wconf 90' lang='lat' dir='ltr'><strong>sit,</strong></span> <span class='ocrx_word' id='word_1_772' title='bbox 2116 4535 2251 4589; x_wconf 89' lang='lat' dir='ltr'><strong>qua-</strong></span> 
     </span>
    </p>
   </div>
   <div class='ocr_carea' id='block_1_86' title="bbox 2281 4519 3847 4596">
    <p class='ocr_par' dir='ltr' id='par_1_86' title="bbox 2348 4520 3847 4594">
     <span class='ocr_line' id='line_1_86' title="bbox 2348 4520 3847 4594; baseline 0.004 -24"><span class='ocrx_word' id='word_1_773' title='bbox 2348 4520 2447 4588; x_wconf 78' lang='grc' dir='ltr'>τῆς</span> <span class='ocrx_word' id='word_1_774' title='bbox 2466 4521 2543 4582; x_wconf 87' lang='grc' dir='ltr'>είς</span> <span class='ocrx_word' id='word_1_775' title='bbox 2578 4521 2667 4573; x_wconf 87' lang='grc' dir='ltr'>τὸν</span> <span class='ocrx_word' id='word_1_776' title='bbox 2691 4521 2839 4575; x_wconf 80' lang='grc' dir='ltr'>Θεόν.</span> <span class='ocrx_word' id='word_1_777' title='bbox 2871 4522 3113 4576; x_wconf 79' lang='grc' dir='ltr'>Ἐπειδὰν</span> <span class='ocrx_word' id='word_1_778' title='bbox 3135 4525 3228 4577; x_wconf 74' lang='grc' dir='ltr'>καὶ</span> <span class='ocrx_word' id='word_1_779' title='bbox 3258 4526 3365 4589; x_wconf 74' lang='grc' dir='ltr'>πᾶς</span> <span class='ocrx_word' id='word_1_780' title='bbox 3391 4526 3418 4578; x_wconf 86' lang='grc' dir='ltr'>ὁ</span> <span class='ocrx_word' id='word_1_781' title='bbox 3440 4526 3505 4578; x_wconf 85' lang='grc' dir='ltr'>ὲκ</span> <span class='ocrx_word' id='word_1_782' title='bbox 3531 4525 3654 4589; x_wconf 86' lang='grc' dir='ltr'>νέας</span> <span class='ocrx_word' id='word_1_783' title='bbox 3679 4524 3847 4594; x_wconf 68' lang='grc' dir='ltr'>ἡλικίας</span> 
     </span>
    </p>
   </div>
   <div class='ocr_carea' id='block_1_87' title="bbox 716 4609 2282 4688">
    <p class='ocr_par' dir='ltr' id='par_1_87' title="bbox 716 4610 2255 4682">
     <span class='ocr_line' id='line_1_87' title="bbox 716 4610 2255 4682; baseline -0.006 -11"><span class='ocrx_word' id='word_1_784' title='bbox 716 4618 783 4672; x_wconf 86' lang='lat' dir='ltr'>lis</span> <span class='ocrx_word' id='word_1_785' title='bbox 815 4625 929 4671; x_wconf 84' lang='lat' dir='ltr'><strong>erat</strong></span> <span class='ocrx_word' id='word_1_786' title='bbox 959 4614 1293 4676; x_wconf 82' lang='lat' dir='ltr'><strong>Timotheus,</strong></span> <span class='ocrx_word' id='word_1_787' title='bbox 1328 4614 1469 4682; x_wconf 88' lang='lat' dir='ltr'><strong>quia</strong></span> <span class='ocrx_word' id='word_1_788' title='bbox 1496 4627 1660 4682; x_wconf 84' lang='lat' dir='ltr'><strong>puero</strong></span> <span class='ocrx_word' id='word_1_789' title='bbox 1695 4627 1876 4666; x_wconf 77' lang='lat' dir='ltr'><strong>sacras</strong></span> <span class='ocrx_word' id='word_1_790' title='bbox 1894 4610 2123 4665; x_wconf 88' lang='lat' dir='ltr'><strong>Litteras</strong></span> <span class='ocrx_word' id='word_1_791' title='bbox 2145 4610 2255 4664; x_wconf 86' lang='lat' dir='ltr'><strong>edi-</strong></span> 
     </span>
    </p>
   </div>
   <div class='ocr_carea' id='block_1_88' title="bbox 2278 4609 3844 4688">
    <p class='ocr_par' dir='ltr' id='par_1_88' title="bbox 2349 4609 3844 4688">
     <span class='ocr_line' id='line_1_88' title="bbox 2349 4609 3844 4688; baseline 0.002 -25"><span class='ocrx_word' id='word_1_792' title='bbox 2349 4614 2447 4681; x_wconf 81' lang='grc' dir='ltr'>τῆς</span> <span class='ocrx_word' id='word_1_793' title='bbox 2479 4610 2616 4664; x_wconf 85' lang='grc' dir='ltr'>κατὰ</span> <span class='ocrx_word' id='word_1_794' title='bbox 2645 4611 2774 4665; x_wconf 91' lang='grc' dir='ltr'>Θεὸν</span> <span class='ocrx_word' id='word_1_795' title='bbox 2807 4613 3031 4685; x_wconf 83' lang='grc' dir='ltr'>ἐκλογῆς</span> <span class='ocrx_word' id='word_1_796' title='bbox 3063 4615 3483 4688; x_wconf 63' lang='grc' dir='ltr'>κατηξιωμένος,</span> <span class='ocrx_word' id='word_1_797' title='bbox 3498 4609 3609 4679; x_wconf 75' lang='grc' dir='ltr'>οἷος</span> <span class='ocrx_word' id='word_1_798' title='bbox 3630 4611 3692 4686; x_wconf 76' lang='grc' dir='ltr'>ἦν</span> <span class='ocrx_word' id='word_1_799' title='bbox 3713 4611 3844 4680; x_wconf 73' lang='grc' dir='ltr'>Τιμό-</span> 
     </span>
    </p>
   </div>
   <div class='ocr_carea' id='block_1_89' title="bbox 714 4700 2280 4777">
    <p class='ocr_par' dir='ltr' id='par_1_89' title="bbox 714 4701 2254 4774">
     <span class='ocr_line' id='line_1_89' title="bbox 714 4701 2254 4774; baseline -0.002 -14"><span class='ocrx_word' id='word_1_800' title='bbox 714 4710 941 4769; x_wconf 81' lang='lat' dir='ltr'><strong>dicerat,</strong></span> <span class='ocrx_word' id='word_1_801' title='bbox 977 4707 1154 4761; x_wconf 89' lang='lat' dir='ltr'><strong>dicere</strong></span> <span class='ocrx_word' id='word_1_802' title='bbox 1186 4706 1467 4774; x_wconf 76' lang='lat' dir='ltr'><strong>competit,</strong></span> <span class='ocrx_word' id='word_1_803' title='bbox 1505 4722 1523 4754; x_wconf 75' lang='grc' dir='ltr'>ι</span> <span class='ocrx_word' id='word_1_804' title='bbox 1563 4701 1700 4772; x_wconf 87' lang='lat' dir='ltr'><strong>Spes</strong></span> <span class='ocrx_word' id='word_1_805' title='bbox 1730 4719 1843 4756; x_wconf 81' lang='lat' dir='ltr'>mea</span> <span class='ocrx_word' id='word_1_806' title='bbox 1895 4718 1923 4755; x_wconf 88' lang='lat' dir='ltr'><strong>a</strong></span> <span class='ocrx_word' id='word_1_807' title='bbox 1970 4702 2254 4770; x_wconf 86' lang='lat' dir='ltr'><strong>juventute</strong></span> 
     </span>
    </p>
   </div>
   <div class='ocr_carea' id='block_1_90' title="bbox 2277 4700 3843 4777">
    <p class='ocr_par' dir='ltr' id='par_1_90' title="bbox 2352 4700 3843 4777">
     <span class='ocr_line' id='line_1_90' title="bbox 2352 4700 3843 4777; baseline 0.003 -24"><span class='ocrx_word' id='word_1_808' title='bbox 2352 4700 2468 4763; x_wconf 87' lang='grc' dir='ltr'>θεος</span> <span class='ocrx_word' id='word_1_809' title='bbox 2499 4703 2563 4754; x_wconf 81' lang='grc' dir='ltr'>ὲκ</span> <span class='ocrx_word' id='word_1_810' title='bbox 2598 4702 2778 4764; x_wconf 78' lang='grc' dir='ltr'>παιδὸς</span> <span class='ocrx_word' id='word_1_811' title='bbox 2802 4702 2929 4771; x_wconf 81' lang='grc' dir='ltr'>ἆγια</span> <span class='ocrx_word' id='word_1_812' title='bbox 2956 4704 3255 4776; x_wconf 85' lang='grc' dir='ltr'>Γρὰμματα</span> <span class='ocrx_word' id='word_1_813' title='bbox 3304 4704 3639 4777; x_wconf 80' lang='grc' dir='ltr'>μεμαθηκὼς</span> <span class='ocrx_word' id='word_1_814' title='bbox 3654 4706 3720 4764; x_wconf 87' lang='grc' dir='ltr'>τὸ,</span> <span class='ocrx_word' id='word_1_815' title='bbox 3742 4722 3760 4754; x_wconf 77' lang='grc' dir='ltr'>ι</span> <span class='ocrx_word' id='word_1_816' title='bbox 3796 4701 3843 4754; x_wconf 77' lang='grc' dir='ltr'><strong>Ἠ</strong></span> 
     </span>
    </p>
   </div>
   <div class='ocr_carea' id='block_1_91' title="bbox 719 4790 2285 4863">
    <p class='ocr_par' dir='ltr' id='par_1_91' title="bbox 719 4794 2285 4863">
     <span class='ocr_line' id='line_1_91' title="bbox 719 4794 2285 4863; baseline -0.003 -11"><span class='ocrx_word' id='word_1_817' title='bbox 719 4813 855 4852; x_wconf 85' lang='lat' dir='ltr'><strong>mea.</strong></span> <span class='ocrx_word' id='word_1_818' title='bbox 899 4816 917 4848; x_wconf 70' lang='grc' dir='ltr'><em>υ</em></span> <span class='ocrx_word' id='word_1_819' title='bbox 960 4795 1090 4848; x_wconf 80' lang='lat' dir='ltr'><strong>Illud</strong></span> <span class='ocrx_word' id='word_1_820' title='bbox 1139 4804 1336 4859; x_wconf 83' lang='lat' dir='ltr'><strong>autent,</strong></span> <span class='ocrx_word' id='word_1_821' title='bbox 1375 4813 1392 4845; x_wconf 80' lang='grc' dir='ltr'>ι</span> <span class='ocrx_word' id='word_1_822' title='bbox 1439 4796 1496 4849; x_wconf 84' lang='grc' dir='ltr'><strong>1η</strong></span> <span class='ocrx_word' id='word_1_823' title='bbox 1534 4805 1583 4849; x_wconf 91' lang='lat' dir='ltr'>te</span> <span class='ocrx_word' id='word_1_824' title='bbox 1616 4794 1962 4847; x_wconf 80' lang='lat' dir='ltr'><strong>confirmatus</strong></span> <span class='ocrx_word' id='word_1_825' title='bbox 2014 4807 2133 4845; x_wconf 88' lang='lat' dir='ltr'><strong>sum</strong></span> <span class='ocrx_word' id='word_1_826' title='bbox 2185 4807 2285 4863; x_wconf 79' lang='lat' dir='ltr'>ex_</span> 
     </span>
    </p>
   </div>
   <div class='ocr_carea' id='block_1_92' title="bbox 2277 4790 3843 4863">
    <p class='ocr_par' dir='ltr' id='par_1_92' title="bbox 2281 4790 3843 4863">
     <span class='ocr_line' id='line_1_92' title="bbox 2281 4790 3843 4863; baseline 0.002 -21"><span class='ocrx_word' id='word_1_827' title='bbox 2281 4859 2308 4863; x_wconf 89' lang='lat'>_</span> <span class='ocrx_word' id='word_1_828' title='bbox 2353 4790 2505 4854; x_wconf 78' lang='grc' dir='ltr'>ἐλπίς</span> <span class='ocrx_word' id='word_1_829' title='bbox 2536 4808 2634 4862; x_wconf 81' lang='grc' dir='ltr'>μου</span> <span class='ocrx_word' id='word_1_830' title='bbox 2658 4792 2720 4843; x_wconf 84' lang='grc' dir='ltr'>ὲκ</span> <span class='ocrx_word' id='word_1_831' title='bbox 2747 4791 2988 4862; x_wconf 84' lang='grc' dir='ltr'>νεότητός</span> <span class='ocrx_word' id='word_1_832' title='bbox 3016 4809 3133 4863; x_wconf 88' lang='grc' dir='ltr'>μου.</span> <span class='ocrx_word' id='word_1_833' title='bbox 3164 4813 3181 4845; x_wconf 69' lang='grc' dir='ltr'>ι</span> <span class='ocrx_word' id='word_1_834' title='bbox 3203 4796 3274 4848; x_wconf 90' lang='grc' dir='ltr'>Τὸ</span> <span class='ocrx_word' id='word_1_835' title='bbox 3294 4795 3368 4858; x_wconf 81' lang='grc' dir='ltr'>δὲ,</span> <span class='ocrx_word' id='word_1_836' title='bbox 3395 4813 3413 4845; x_wconf 80' lang='grc' dir='ltr'>ι</span> <span class='ocrx_word' id='word_1_837' title='bbox 3438 4795 3560 4847; x_wconf 71' lang='grc' dir='ltr'>Ἐπὶ</span> <span class='ocrx_word' id='word_1_838' title='bbox 3592 4794 3650 4847; x_wconf 80' lang='grc' dir='ltr'>σὲ</span> <span class='ocrx_word' id='word_1_839' title='bbox 3672 4795 3843 4857; x_wconf 73' lang='grc' dir='ltr'>ἐπεστη-</span> 
     </span>
    </p>
   </div>
   <div class='ocr_carea' id='block_1_93' title="bbox 719 4859 2285 4956">
    <p class='ocr_par' dir='ltr' id='par_1_93' title="bbox 719 4887 2285 4955">
     <span class='ocr_line' id='line_1_93' title="bbox 719 4887 2285 4955; baseline -0.006 -11"><span class='ocrx_word' id='word_1_840' title='bbox 719 4901 890 4952; x_wconf 86' lang='lat' dir='ltr'><strong>utero,</strong></span> <span class='ocrx_word' id='word_1_841' title='bbox 922 4889 987 4942; x_wconf 86' lang='lat' dir='ltr'>de</span> <span class='ocrx_word' id='word_1_842' title='bbox 1012 4896 1198 4941; x_wconf 86' lang='lat' dir='ltr'><strong>ventre</strong></span> <span class='ocrx_word' id='word_1_843' title='bbox 1223 4887 1414 4940; x_wconf 87' lang='lat' dir='ltr'><strong>matris</strong></span> <span class='ocrx_word' id='word_1_844' title='bbox 1432 4902 1561 4941; x_wconf 76' lang='lat' dir='ltr'><strong>mea:</strong></span> <span class='ocrx_word' id='word_1_845' title='bbox 1587 4894 1644 4939; x_wconf 94' lang='lat' dir='ltr'>tu</span> <span class='ocrx_word' id='word_1_846' title='bbox 1662 4901 1721 4941; x_wconf 87' lang='lat' dir='ltr'><strong>es</strong></span> <span class='ocrx_word' id='word_1_847' title='bbox 1747 4893 2018 4955; x_wconf 88' lang='lat' dir='ltr'><strong>protector</strong></span> <span class='ocrx_word' id='word_1_848' title='bbox 2041 4896 2243 4946; x_wconf 65' lang='lat' dir='ltr'><strong>meus,»</strong></span> <span class='ocrx_word' id='word_1_849' title='bbox 2280 4902 2285 4914; x_wconf 62' lang='grc' dir='ltr'>ι</span> 
     </span>
    </p>
   </div>
   <div class='ocr_carea' id='block_1_94' title="bbox 2276 4859 3842 4956">
    <p class='ocr_par' dir='ltr' id='par_1_94' title="bbox 2280 4859 3842 4956">
     <span class='ocr_line' id='line_1_94' title="bbox 2280 4859 3842 4956; baseline -0.002 -22"><span class='ocrx_word' id='word_1_850' title='bbox 2280 4859 2324 4915; x_wconf 79' lang='grc' dir='ltr'>Ῑ)</span> <span class='ocrx_word' id='word_1_851' title='bbox 2355 4859 2545 4953; x_wconf 84' lang='grc' dir='ltr'>ρίχθην</span> <span class='ocrx_word' id='word_1_852' title='bbox 2566 4882 2670 4935; x_wconf 83' lang='grc' dir='ltr'>ἀπὸ</span> <span class='ocrx_word' id='word_1_853' title='bbox 2698 4859 2946 4952; x_wconf 79' lang='grc' dir='ltr'>γαστρὸς,</span> <span class='ocrx_word' id='word_1_854' title='bbox 2973 4859 3261 4947; x_wconf 73' lang='grc' dir='ltr'>ἐκκοιλίας</span> <span class='ocrx_word' id='word_1_855' title='bbox 3295 4884 3495 4956; x_wconf 85' lang='grc' dir='ltr'>μητρός</span> <span class='ocrx_word' id='word_1_856' title='bbox 3546 4900 3663 4953; x_wconf 85' lang='grc' dir='ltr'>μου,</span> <span class='ocrx_word' id='word_1_857' title='bbox 3690 4879 3738 4935; x_wconf 78' lang='grc' dir='ltr'>σύ</span> <span class='ocrx_word' id='word_1_858' title='bbox 3765 4896 3842 4950; x_wconf 82' lang='grc' dir='ltr'>μου</span> 
     </span>
    </p>
   </div>
   <div class='ocr_carea' id='block_1_95' title="bbox 719 4963 2285 5045">
    <p class='ocr_par' dir='ltr' id='par_1_95' title="bbox 719 4974 2255 5045">
     <span class='ocr_line' id='line_1_95' title="bbox 719 4974 2255 5045; baseline -0.005 -9"><span class='ocrx_word' id='word_1_859' title='bbox 719 4982 820 5037; x_wconf 87' lang='lat' dir='ltr'><strong>soli</strong></span> <span class='ocrx_word' id='word_1_860' title='bbox 844 4980 1129 5033; x_wconf 83' lang='lat' dir='ltr'><strong>conveniat</strong></span> <span class='ocrx_word' id='word_1_861' title='bbox 1164 4976 1427 5029; x_wconf 80' lang='lat' dir='ltr'><strong>Salvatori</strong></span> <span class='ocrx_word' id='word_1_862' title='bbox 1456 4984 1659 5035; x_wconf 82' lang='lat' dir='ltr'><strong>nostro.</strong></span> <span class='ocrx_word' id='word_1_863' title='bbox 1681 4978 1772 5045; x_wconf 91' lang='lat' dir='ltr'>qui</span> <span class='ocrx_word' id='word_1_864' title='bbox 1806 4974 2183 5031; x_wconf 85' lang='lat' dir='ltr'><strong>immaculatus</strong></span> <span class='ocrx_word' id='word_1_865' title='bbox 2199 4983 2255 5029; x_wconf 89' lang='lat' dir='ltr'><strong>et</strong></span> 
     </span>
    </p>
   </div>
   <div class='ocr_carea' id='block_1_96' title="bbox 2276 4963 3842 5045">
    <p class='ocr_par' dir='ltr' id='par_1_96' title="bbox 2350 4963 3842 5043">
     <span class='ocr_line' id='line_1_96' title="bbox 2350 4963 3842 5043; baseline 0.003 -24"><span class='ocrx_word' id='word_1_866' title='bbox 2350 4963 2401 5019; x_wconf 80' lang='grc' dir='ltr'>εἶ</span> <span class='ocrx_word' id='word_1_867' title='bbox 2445 4966 2769 5036; x_wconf 76' lang='grc' dir='ltr'>σκεπαττὴς,</span> <span class='ocrx_word' id='word_1_868' title='bbox 2808 4986 2825 5018; x_wconf 75' lang='grc' dir='ltr'>ι</span> <span class='ocrx_word' id='word_1_869' title='bbox 2859 4967 3000 5038; x_wconf 85' lang='grc' dir='ltr'>μόνῳ</span> <span class='ocrx_word' id='word_1_870' title='bbox 3025 4968 3089 5024; x_wconf 82' lang='grc' dir='ltr'>ἂν</span> <span class='ocrx_word' id='word_1_871' title='bbox 3137 4971 3461 5043; x_wconf 78' lang='grc' dir='ltr'>ἀρμὸζοιτῷ</span> <span class='ocrx_word' id='word_1_872' title='bbox 3492 4971 3695 5042; x_wconf 79' lang='grc' dir='ltr'>Σωτῆρι</span> <span class='ocrx_word' id='word_1_873' title='bbox 3723 4970 3842 5041; x_wconf 69' lang='grc' dir='ltr'>ἡμῶν</span> 
     </span>
    </p>
   </div>
   <div class='ocr_carea' id='block_1_97' title="bbox 718 5056 2284 5137">
    <p class='ocr_par' dir='ltr' id='par_1_97' title="bbox 718 5067 2255 5137">
     <span class='ocr_line' id='line_1_97' title="bbox 718 5067 2255 5137; baseline -0.005 -12"><span class='ocrx_word' id='word_1_874' title='bbox 718 5073 850 5125; x_wconf 86' lang='lat' dir='ltr'><strong>mtul</strong></span> <span class='ocrx_word' id='word_1_875' title='bbox 881 5071 1194 5137; x_wconf 80' lang='lat' dir='ltr'><strong>inquinatus</strong></span> <span class='ocrx_word' id='word_1_876' title='bbox 1226 5076 1341 5120; x_wconf 89' lang='lat' dir='ltr'><strong>erat</strong></span> <span class='ocrx_word' id='word_1_877' title='bbox 1386 5081 1495 5137; x_wconf 90' lang='lat' dir='ltr'>quo</span> <span class='ocrx_word' id='word_1_878' title='bbox 1535 5074 1773 5136; x_wconf 85' lang='lat' dir='ltr'><strong>tempore</strong></span> <span class='ocrx_word' id='word_1_879' title='bbox 1804 5067 1858 5119; x_wconf 91' lang='lat' dir='ltr'>in</span> <span class='ocrx_word' id='word_1_880' title='bbox 1891 5074 2044 5120; x_wconf 89' lang='lat' dir='ltr'><strong>utero</strong></span> <span class='ocrx_word' id='word_1_881' title='bbox 2078 5072 2255 5135; x_wconf 86' lang='lat' dir='ltr'><strong>gesta-</strong></span> 
     </span>
    </p>
   </div>
   <div class='ocr_carea' id='block_1_98' title="bbox 2274 5056 3840 5137">
    <p class='ocr_par' dir='ltr' id='par_1_98' title="bbox 2352 5056 3840 5130">
     <span class='ocr_line' id='line_1_98' title="bbox 2352 5056 3840 5130; baseline -0.003 -20"><span class='ocrx_word' id='word_1_882' title='bbox 2352 5057 2603 5129; x_wconf 67' lang='lat' dir='ltr'><strong>d003.o&#39;rrtp</strong></span> <span class='ocrx_word' id='word_1_883' title='bbox 2651 5056 2743 5108; x_wconf 73' lang='grc' dir='ltr'>καὶ</span> <span class='ocrx_word' id='word_1_884' title='bbox 2788 5056 3067 5127; x_wconf 79' lang='grc' dir='ltr'>ἁσυγχύτῳ</span> <span class='ocrx_word' id='word_1_885' title='bbox 3119 5059 3387 5130; x_wconf 85' lang='grc' dir='ltr'>γενομένῳ</span> <span class='ocrx_word' id='word_1_886' title='bbox 3439 5057 3557 5111; x_wconf 80' lang='grc' dir='ltr'>καθ’</span> <span class='ocrx_word' id='word_1_887' title='bbox 3617 5058 3672 5110; x_wconf 80' lang='grc' dir='ltr'>ὃν</span> <span class='ocrx_word' id='word_1_888' title='bbox 3719 5059 3840 5108; x_wconf 76' lang='grc' dir='ltr'>ἐκνο-</span> 
     </span>
    </p>
   </div>
   <div class='ocr_carea' id='block_1_99' title="bbox 719 5146 2285 5223">
    <p class='ocr_par' dir='ltr' id='par_1_99' title="bbox 719 5154 2250 5223">
     <span class='ocr_line' id='line_1_99' title="bbox 719 5154 2250 5223; baseline -0.004 -11"><span class='ocrx_word' id='word_1_889' title='bbox 719 5168 891 5214; x_wconf 69' lang='lat' dir='ltr'><strong>ttatur.</strong></span> <span class='ocrx_word' id='word_1_890' title='bbox 920 5155 1051 5210; x_wconf 85' lang='lat' dir='ltr'><strong>Nam</strong></span> <span class='ocrx_word' id='word_1_891' title='bbox 1074 5156 1276 5223; x_wconf 74' lang='lat' dir='ltr'><strong>reliqui</strong></span> <span class='ocrx_word' id='word_1_892' title='bbox 1308 5155 1551 5208; x_wconf 84' lang='lat' dir='ltr'><strong>homines</strong></span> <span class='ocrx_word' id='word_1_893' title='bbox 1584 5169 1790 5215; x_wconf 86' lang='lat' dir='ltr'><strong>omnes,</strong></span> <span class='ocrx_word' id='word_1_894' title='bbox 1833 5154 1961 5223; x_wconf 84' lang='lat' dir='ltr'><strong>dum</strong></span> <span class='ocrx_word' id='word_1_895' title='bbox 1984 5163 2137 5208; x_wconf 89' lang='lat' dir='ltr'><strong>utero</strong></span> <span class='ocrx_word' id='word_1_896' title='bbox 2157 5168 2250 5222; x_wconf 83' lang='lat' dir='ltr'><strong>ge-</strong></span> 
     </span>
    </p>
   </div>
   <div class='ocr_carea' id='block_1_100' title="bbox 2274 5146 3840 5223">
    <p class='ocr_par' dir='ltr' id='par_1_100' title="bbox 2354 5146 3840 5221">
     <span class='ocr_line' id='line_1_100' title="bbox 2354 5146 3840 5221; baseline 0.001 -20"><span class='ocrx_word' id='word_1_897' title='bbox 2354 5153 2566 5221; x_wconf 84' lang='grc' dir='ltr'>φορεῐτο</span> <span class='ocrx_word' id='word_1_898' title='bbox 2589 5149 2790 5218; x_wconf 83' lang='grc' dir='ltr'>καιρόν.</span> <span class='ocrx_word' id='word_1_899' title='bbox 2820 5149 2881 5200; x_wconf 81' lang='lat' dir='ltr'>Ui</span> <span class='ocrx_word' id='word_1_900' title='bbox 2916 5149 3011 5218; x_wconf 79' lang='grc' dir='ltr'>μὲν</span> <span class='ocrx_word' id='word_1_901' title='bbox 3037 5150 3142 5221; x_wconf 87' lang='grc' dir='ltr'>γὰρ</span> <span class='ocrx_word' id='word_1_902' title='bbox 3184 5150 3355 5203; x_wconf 79' lang='grc' dir='ltr'>λοιποὶ</span> <span class='ocrx_word' id='word_1_903' title='bbox 3394 5148 3592 5211; x_wconf 83' lang='grc' dir='ltr'>πάντες</span> <span class='ocrx_word' id='word_1_904' title='bbox 3621 5146 3840 5219; x_wconf 72' lang='grc' dir='ltr'>ἄνθρωποι</span> 
     </span>
    </p>
   </div>
   <div class='ocr_carea' id='block_1_101' title="bbox 721 5238 2287 5318">
    <p class='ocr_par' dir='ltr' id='par_1_101' title="bbox 721 5243 2251 5318">
     <span class='ocr_line' id='line_1_101' title="bbox 721 5243 2251 5318; baseline -0.005 -13"><span class='ocrx_word' id='word_1_905' title='bbox 721 5250 953 5305; x_wconf 85' lang='lat' dir='ltr'><strong>stinntur</strong></span> <span class='ocrx_word' id='word_1_906' title='bbox 997 5256 1050 5301; x_wconf 83' lang='lat' dir='ltr'>et</span> <span class='ocrx_word' id='word_1_907' title='bbox 1078 5248 1302 5318; x_wconf 84' lang='lat' dir='ltr'><strong>primam</strong></span> <span class='ocrx_word' id='word_1_908' title='bbox 1351 5245 1595 5314; x_wconf 88' lang='lat' dir='ltr'><strong>corporis</strong></span> <span class='ocrx_word' id='word_1_909' title='bbox 1646 5245 2080 5300; x_wconf 85' lang='lat' dir='ltr'><strong>constitutionem</strong></span> <span class='ocrx_word' id='word_1_910' title='bbox 2114 5243 2251 5297; x_wconf 87' lang='lat' dir='ltr'><strong>acci-</strong></span> 
     </span>
    </p>
   </div>
   <div class='ocr_carea' id='block_1_102' title="bbox 2272 5238 3838 5318">
    <p class='ocr_par' dir='ltr' id='par_1_102' title="bbox 2352 5238 3838 5312">
     <span class='ocr_line' id='line_1_102' title="bbox 2352 5238 3838 5312; baseline -0.001 -21"><span class='ocrx_word' id='word_1_911' title='bbox 2352 5238 2409 5291; x_wconf 80' lang='grc' dir='ltr'>ὲν</span> <span class='ocrx_word' id='word_1_912' title='bbox 2443 5240 2519 5310; x_wconf 80' lang='grc' dir='ltr'>τῷ</span> <span class='ocrx_word' id='word_1_913' title='bbox 2550 5238 2879 5303; x_wconf 76' lang='grc' dir='ltr'>κυΐσκεσθαι,</span> <span class='ocrx_word' id='word_1_914' title='bbox 2929 5240 3022 5293; x_wconf 77' lang='grc' dir='ltr'>καὶ</span> <span class='ocrx_word' id='word_1_915' title='bbox 3067 5239 3285 5312; x_wconf 81' lang='grc' dir='ltr'>πρώτην</span> <span class='ocrx_word' id='word_1_916' title='bbox 3311 5239 3599 5310; x_wconf 74' lang='grc' dir='ltr'>λαμϐάνειν</span> <span class='ocrx_word' id='word_1_917' title='bbox 3635 5239 3838 5291; x_wconf 75' lang='grc' dir='ltr'>σύστασιν</span> 
     </span>
    </p>
   </div>
   <div class='ocr_carea' id='block_1_103' title="bbox 721 5326 2287 5410">
    <p class='ocr_par' dir='ltr' id='par_1_103' title="bbox 721 5337 2251 5410">
     <span class='ocr_line' id='line_1_103' title="bbox 721 5337 2251 5410; baseline -0.002 -17"><span class='ocrx_word' id='word_1_918' title='bbox 721 5342 889 5410; x_wconf 86' lang='lat' dir='ltr'><strong>piunt,</strong></span> <span class='ocrx_word' id='word_1_919' title='bbox 931 5340 1085 5408; x_wconf 84' lang='lat' dir='ltr'><strong>quasi</strong></span> <span class='ocrx_word' id='word_1_920' title='bbox 1116 5341 1221 5394; x_wconf 88' lang='lat' dir='ltr'><strong>ritu</strong></span> <span class='ocrx_word' id='word_1_921' title='bbox 1250 5339 1553 5410; x_wconf 85' lang='lat' dir='ltr'><strong>plantarum</strong></span> <span class='ocrx_word' id='word_1_922' title='bbox 1580 5339 1842 5401; x_wconf 88' lang='lat' dir='ltr'><strong>viventes,</strong></span> <span class='ocrx_word' id='word_1_923' title='bbox 1873 5353 2046 5408; x_wconf 87' lang='lat' dir='ltr'><strong>neque</strong></span> <span class='ocrx_word' id='word_1_924' title='bbox 2076 5337 2251 5394; x_wconf 87' lang='lat' dir='ltr'><strong>sensi-</strong></span> 
     </span>
    </p>
   </div>
   <div class='ocr_carea' id='block_1_104' title="bbox 2272 5326 3838 5410">
    <p class='ocr_par' dir='ltr' id='par_1_104' title="bbox 2352 5326 3838 5404">
     <span class='ocr_line' id='line_1_104' title="bbox 2352 5326 3838 5404; baseline 0 -20"><span class='ocrx_word' id='word_1_925' title='bbox 2352 5332 2444 5385; x_wconf 89' lang='grc' dir='ltr'>τοῦ</span> <span class='ocrx_word' id='word_1_926' title='bbox 2477 5332 2739 5402; x_wconf 84' lang='grc' dir='ltr'>σώματος,</span> <span class='ocrx_word' id='word_1_927' title='bbox 2773 5332 2998 5404; x_wconf 82' lang='grc' dir='ltr'>φυτικὴν</span> <span class='ocrx_word' id='word_1_928' title='bbox 3016 5331 3201 5403; x_wconf 81' lang='grc' dir='ltr'>ὥσπερ</span> <span class='ocrx_word' id='word_1_929' title='bbox 3221 5332 3363 5400; x_wconf 77' lang='grc' dir='ltr'>ζωὴν</span> <span class='ocrx_word' id='word_1_930' title='bbox 3392 5331 3605 5397; x_wconf 81' lang='grc' dir='ltr'>ζῶντες,</span> <span class='ocrx_word' id='word_1_931' title='bbox 3630 5330 3733 5384; x_wconf 79' lang='grc' dir='ltr'>οὔτε</span> 
     </span>
    </p>
   </div>
   <div class='ocr_carea' id='block_1_105' title="bbox 718 5419 2284 5502">
    <p class='ocr_par' dir='ltr' id='par_1_105' title="bbox 718 5427 2246 5502">
     <span class='ocr_line' id='line_1_105' title="bbox 718 5427 2246 5502; baseline -0.004 -13"><span class='ocrx_word' id='word_1_932' title='bbox 718 5435 816 5489; x_wconf 80' lang='lat' dir='ltr'>bus</span> <span class='ocrx_word' id='word_1_933' title='bbox 863 5447 1036 5500; x_wconf 87' lang='lat' dir='ltr'><strong>neque</strong></span> <span class='ocrx_word' id='word_1_934' title='bbox 1086 5440 1263 5489; x_wconf 90' lang='lat' dir='ltr'><strong>mente</strong></span> <span class='ocrx_word' id='word_1_935' title='bbox 1314 5445 1506 5486; x_wconf 88' lang='lat' dir='ltr'><strong>sensus</strong></span> <span class='ocrx_word' id='word_1_936' title='bbox 1554 5438 1812 5502; x_wconf 88' lang='lat' dir='ltr'><strong>sequente</strong></span> <span class='ocrx_word' id='word_1_937' title='bbox 1855 5438 2107 5497; x_wconf 88' lang='lat' dir='ltr'><strong>utuntur;</strong></span> <span class='ocrx_word' id='word_1_938' title='bbox 2154 5427 2246 5484; x_wconf 91' lang='lat' dir='ltr'>sed</span> 
     </span>
    </p>
   </div>
   <div class='ocr_carea' id='block_1_106' title="bbox 2270 5419 3836 5502">
    <p class='ocr_par' dir='ltr' id='par_1_106' title="bbox 2349 5419 3836 5495">
     <span class='ocr_line' id='line_1_106' title="bbox 2349 5419 3836 5495; baseline -0.003 -20"><span class='ocrx_word' id='word_1_939' title='bbox 2349 5422 2439 5475; x_wconf 81' lang='grc' dir='ltr'>τοῦ</span> <span class='ocrx_word' id='word_1_940' title='bbox 2462 5422 2705 5493; x_wconf 77' lang='grc' dir='ltr'>σώματος</span> <span class='ocrx_word' id='word_1_941' title='bbox 2715 5422 3098 5495; x_wconf 77' lang='grc' dir='ltr'>αἰσθητηρίοις,</span> <span class='ocrx_word' id='word_1_942' title='bbox 3122 5420 3243 5476; x_wconf 76' lang='grc' dir='ltr'>οὔτε</span> <span class='ocrx_word' id='word_1_943' title='bbox 3254 5423 3317 5491; x_wconf 79' lang='grc' dir='ltr'>τῇ</span> <span class='ocrx_word' id='word_1_944' title='bbox 3331 5421 3534 5493; x_wconf 73' lang='grc' dir='ltr'>διανοίᾳ</span> <span class='ocrx_word' id='word_1_945' title='bbox 3556 5419 3836 5492; x_wconf 56' lang='lat' dir='ltr'>raparum-</span> 
     </span>
    </p>
   </div>
   <div class='ocr_carea' id='block_1_107' title="bbox 722 5503 2288 5595">
    <p class='ocr_par' dir='ltr' id='par_1_107' title="bbox 722 5520 2247 5595">
     <span class='ocr_line' id='line_1_107' title="bbox 722 5520 2247 5595; baseline -0.003 -17"><span class='ocrx_word' id='word_1_946' title='bbox 722 5525 875 5578; x_wconf 79' lang='lat' dir='ltr'><strong>etiam</strong></span> <span class='ocrx_word' id='word_1_947' title='bbox 912 5525 1030 5595; x_wconf 86' lang='lat' dir='ltr'><strong>ipsa</strong></span> <span class='ocrx_word' id='word_1_948' title='bbox 1062 5524 1305 5593; x_wconf 82' lang='lat' dir='ltr'><strong>principe</strong></span> <span class='ocrx_word' id='word_1_949' title='bbox 1329 5523 1494 5577; x_wconf 88' lang='lat' dir='ltr'><strong>animi</strong></span> <span class='ocrx_word' id='word_1_950' title='bbox 1531 5530 1683 5592; x_wconf 88' lang='lat' dir='ltr'><strong>parte</strong></span> <span class='ocrx_word' id='word_1_951' title='bbox 1715 5529 1769 5577; x_wconf 86' lang='lat' dir='ltr'><strong>et</strong></span> <span class='ocrx_word' id='word_1_952' title='bbox 1813 5520 2247 5589; x_wconf 78' lang='lat' dir='ltr'><strong>mentedemersi</strong></span> 
     </span>
    </p>
   </div>
   <div class='ocr_carea' id='block_1_108' title="bbox 2270 5503 3836 5595">
    <p class='ocr_par' dir='ltr' id='par_1_108' title="bbox 2351 5503 3836 5591">
     <span class='ocr_line' id='line_1_108' title="bbox 2351 5503 3836 5591; baseline -0.005 -25"><span class='ocrx_word' id='word_1_953' title='bbox 2351 5514 2513 5586; x_wconf 82' lang='grc' dir='ltr'>θούσῃ</span> <span class='ocrx_word' id='word_1_954' title='bbox 2564 5514 2852 5585; x_wconf 87' lang='grc' dir='ltr'>κέχρηνται</span> <span class='ocrx_word' id='word_1_955' title='bbox 2870 5530 2884 5545; x_wconf 82' lang='lat'><strong><em>°</em></strong></span> <span class='ocrx_word' id='word_1_956' title='bbox 2922 5515 3054 5591; x_wconf 79' lang='grc' dir='ltr'>ἀλλὰ</span> <span class='ocrx_word' id='word_1_957' title='bbox 3086 5515 3179 5569; x_wconf 67' lang='grc' dir='ltr'>καὶ</span> <span class='ocrx_word' id='word_1_958' title='bbox 3207 5512 3267 5567; x_wconf 87' lang='grc' dir='ltr'>τὸ</span> <span class='ocrx_word' id='word_1_959' title='bbox 3293 5512 3604 5584; x_wconf 78' lang='grc' dir='ltr'>ἡγεμονικὸν</span> <span class='ocrx_word' id='word_1_960' title='bbox 3623 5508 3739 5565; x_wconf 72' lang='grc' dir='ltr'>αὐτὸ</span> <span class='ocrx_word' id='word_1_961' title='bbox 3766 5503 3836 5559; x_wconf 60' lang='lat' dir='ltr'><strong>id</strong></span> 
     </span>
    </p>
   </div>
   <div class='ocr_carea' id='block_1_109' title="bbox 715 5599 2281 5695">
    <p class='ocr_par' dir='ltr' id='par_1_109' title="bbox 715 5608 2248 5695">
     <span class='ocr_line' id='line_1_109' title="bbox 715 5608 2248 5695; baseline -0.006 -23"><span class='ocrx_word' id='word_1_962' title='bbox 715 5617 851 5672; x_wconf 83' lang='lat' dir='ltr'><strong>nihil</strong></span> <span class='ocrx_word' id='word_1_963' title='bbox 876 5632 905 5669; x_wconf 90' lang='lat' dir='ltr'><strong>a</strong></span> <span class='ocrx_word' id='word_1_964' title='bbox 936 5631 1115 5670; x_wconf 88' lang='lat' dir='ltr'><strong>verme</strong></span> <span class='ocrx_word' id='word_1_965' title='bbox 1153 5614 1425 5695; x_wconf 66' lang='lat' dir='ltr'><strong>differunt.</strong></span> <span class='ocrx_word' id='word_1_966' title='bbox 1461 5612 1562 5678; x_wconf 84' lang='lat' dir='ltr'><strong>Qui</strong></span> <span class='ocrx_word' id='word_1_967' title='bbox 1593 5622 1771 5667; x_wconf 86' lang='lat' dir='ltr'><strong>autem</strong></span> <span class='ocrx_word' id='word_1_968' title='bbox 1803 5611 1910 5666; x_wconf 91' lang='lat' dir='ltr'>Deo</span> <span class='ocrx_word' id='word_1_969' title='bbox 1933 5612 2084 5676; x_wconf 83' lang='lat' dir='ltr'><strong>dicit,</strong></span> <span class='ocrx_word' id='word_1_970' title='bbox 2130 5629 2149 5661; x_wconf 76' lang='grc' dir='ltr'>ι</span> <span class='ocrx_word' id='word_1_971' title='bbox 2190 5608 2248 5663; x_wconf 89' lang='lat' dir='ltr'>In</span> 
     </span>
    </p>
   </div>
   <div class='ocr_carea' id='block_1_110' title="bbox 2268 5599 3834 5695">
    <p class='ocr_par' dir='ltr' id='par_1_110' title="bbox 2349 5599 3834 5695">
     <span class='ocr_line' id='line_1_110' title="bbox 2349 5599 3834 5695; baseline -0.007 -36"><span class='ocrx_word' id='word_1_972' title='bbox 2349 5606 2438 5659; x_wconf 86' lang='grc' dir='ltr'>τὸν</span> <span class='ocrx_word' id='word_1_973' title='bbox 2467 5606 2587 5660; x_wconf 87' lang='grc' dir='ltr'>νοῦν</span> <span class='ocrx_word' id='word_1_974' title='bbox 2618 5605 3026 5677; x_wconf 82' lang='grc' dir='ltr'>βεϐαπτισμένοι</span> <span class='ocrx_word' id='word_1_975' title='bbox 3052 5646 3066 5669; x_wconf 90' lang='grc'>,</span> <span class='ocrx_word' id='word_1_976' title='bbox 3093 5605 3242 5660; x_wconf 79' lang='grc' dir='ltr'>οὐδὲν</span> <span class='ocrx_word' id='word_1_977' title='bbox 3270 5604 3543 5677; x_wconf 83' lang='grc' dir='ltr'>σκώληκος</span> <span class='ocrx_word' id='word_1_978' title='bbox 3570 5599 3834 5695; x_wconf 61' lang='grc' dir='ltr'>διενέγκοιεν</span> 
     </span>
    </p>
   </div>
   <div class='ocr_carea' id='block_1_111' title="bbox 717 5684 2283 5770">
    <p class='ocr_par' dir='ltr' id='par_1_111' title="bbox 717 5684 2244 5766">
     <span class='ocr_line' id='line_1_111' title="bbox 717 5684 2244 5766; baseline -0.007 -5"><span class='ocrx_word' id='word_1_979' title='bbox 717 5715 770 5761; x_wconf 75' lang='lat' dir='ltr'><strong>te</strong></span> <span class='ocrx_word' id='word_1_980' title='bbox 796 5705 1143 5761; x_wconf 71' lang='lat' dir='ltr'><strong>conﬁrmatus</strong></span> <span class='ocrx_word' id='word_1_981' title='bbox 1192 5684 1308 5757; x_wconf 68' lang='lat' dir='ltr'><strong>stim</strong></span> <span class='ocrx_word' id='word_1_982' title='bbox 1354 5719 1418 5758; x_wconf 84' lang='lat' dir='ltr'>ex</span> <span class='ocrx_word' id='word_1_983' title='bbox 1452 5711 1622 5766; x_wconf 88' lang='lat' dir='ltr'><strong>utero,</strong></span> <span class='ocrx_word' id='word_1_984' title='bbox 1662 5721 1680 5752; x_wconf 77' lang='grc' dir='ltr'>ι</span> <span class='ocrx_word' id='word_1_985' title='bbox 1732 5716 1836 5754; x_wconf 90' lang='lat' dir='ltr'><strong>non</strong></span> <span class='ocrx_word' id='word_1_986' title='bbox 1883 5701 2039 5755; x_wconf 90' lang='lat' dir='ltr'><strong>modo</strong></span> <span class='ocrx_word' id='word_1_987' title='bbox 2070 5715 2127 5755; x_wconf 90' lang='lat' dir='ltr'><strong>se</strong></span> <span class='ocrx_word' id='word_1_988' title='bbox 2154 5697 2244 5751; x_wconf 87' lang='lat' dir='ltr'>Dei</span> 
     </span>
    </p>
   </div>
   <div class='ocr_carea' id='block_1_112' title="bbox 2268 5684 3834 5770">
    <p class='ocr_par' dir='ltr' id='par_1_112' title="bbox 2352 5684 3834 5770">
     <span class='ocr_line' id='line_1_112' title="bbox 2352 5684 3834 5770; baseline 0.004 -19"><span class='ocrx_word' id='word_1_989' title='bbox 2352 5698 2435 5751; x_wconf 82' lang='grc' dir='ltr'>ἀν.</span> <span class='ocrx_word' id='word_1_990' title='bbox 2481 5699 2538 5751; x_wconf 91' lang='grc' dir='ltr'><strong>Ὀ</strong></span> <span class='ocrx_word' id='word_1_991' title='bbox 2571 5698 2626 5753; x_wconf 69' lang='grc' dir='ltr'>δι</span> <span class='ocrx_word' id='word_1_992' title='bbox 2667 5700 2837 5768; x_wconf 81' lang='grc' dir='ltr'>λέγων</span> <span class='ocrx_word' id='word_1_993' title='bbox 2861 5698 2954 5770; x_wconf 72' lang='grc' dir='ltr'>τῷ</span> <span class='ocrx_word' id='word_1_994' title='bbox 2990 5697 3126 5769; x_wconf 82' lang='grc' dir='ltr'>Θεῷ,</span> <span class='ocrx_word' id='word_1_995' title='bbox 3164 5698 3351 5767; x_wconf 69' lang='grc' dir='ltr'>ςἝπὶ</span> <span class='ocrx_word' id='word_1_996' title='bbox 3397 5699 3455 5753; x_wconf 72' lang='grc' dir='ltr'>σὲ</span> <span class='ocrx_word' id='word_1_997' title='bbox 3500 5684 3834 5763; x_wconf 63' lang='lat' dir='ltr'><strong>ma:er</strong></span> 
     </span>
    </p>
   </div>
   <div class='ocr_carea' id='block_1_113' title="bbox 784 5851 2473 5923">
    <p class='ocr_par' dir='ltr' id='par_1_113' title="bbox 784 5851 2473 5923">
     <span class='ocr_line' id='line_1_113' title="bbox 784 5851 2473 5923; baseline -0.004 -11"><span class='ocrx_word' id='word_1_998' title='bbox 784 5861 829 5891; x_wconf 80' lang='grc'>⁶⁴</span> <span class='ocrx_word' id='word_1_999' title='bbox 863 5858 1005 5918; x_wconf 82' lang='lat' dir='ltr'><strong>Psal.</strong></span> <span class='ocrx_word' id='word_1_1000' title='bbox 1042 5875 1168 5923; x_wconf 76' lang='lat' dir='ltr'><strong>nx,</strong></span> <span class='ocrx_word' id='word_1_1001' title='bbox 1202 5857 1253 5913; x_wconf 77' lang='lat'><strong>3.</strong></span> <span class='ocrx_word' id='word_1_1002' title='bbox 1327 5858 1595 5914; x_wconf 78' lang='lat' dir='ltr'>&quot;-Ezech.</span> <span class='ocrx_word' id='word_1_1003' title='bbox 1636 5871 1839 5921; x_wconf 68' lang='lat' dir='ltr'><strong>sum,</strong></span> <span class='ocrx_word' id='word_1_1004' title='bbox 1865 5854 1952 5910; x_wconf 75' lang='grc'>25.</span> <span class='ocrx_word' id='word_1_1005' title='bbox 2030 5854 2073 5887; x_wconf 86' lang='grc'>⁸⁷</span> <span class='ocrx_word' id='word_1_1006' title='bbox 2101 5852 2262 5908; x_wconf 79' lang='lat' dir='ltr'><strong>Amos</strong></span> <span class='ocrx_word' id='word_1_1007' title='bbox 2287 5865 2364 5915; x_wconf 86' lang='lat' dir='ltr'><strong>tu,</strong></span> <span class='ocrx_word' id='word_1_1008' title='bbox 2390 5851 2473 5905; x_wconf 73' lang='grc' dir='ltr'>η.</span> 
     </span>
    </p>
   </div>
  </div>
