3966 6348
89 488 181 540 πῖ

1191 474 1678 531 ΩΟΜΜΕΝΤΑΙΗΑ
1718 475 1780 529 ΙΝ
1819 475 2150 530 PSALMOS‘.

3145 478 3241 527 ηδ

76 603 177 655 ἀπὸ
201 598 460 669 γαστρὸς,
498 616 515 649 ι
549 596 610 649 οὑ
644 594 798 665 μόνον
826 594 1020 667 γνῶσιν
1060 596 1307 661 ἐμφαίνει
1330 592 1620 662 κεκτῆσθαι

1720 574 2027 663 cognitione
2049 592 2308 646 imbutum
2341 590 2507 646 fuisse
2549 590 2804 654 ostendit,
2826 591 2922 646 sed
2944 591 3106 645 etiam
3136 603 3238 641 ma-

76 691 224 751 Θεοῦ,
253 687 389 741 ἀλλὰ
423 688 515 742 καὶ
541 687 793 758 μεγίστην
821 683 1014 754 ἀρετὴν
1052 682 1293 753 φιλοθέου
1323 683 1617 753 δυνάμεως,

76 782 135 833 δι’
164 778 231 851 ἦς
247 781 338 831 ἐπ’
374 779 532 833 αὑτὸν
572 778 660 830 est
692 776 821 829 Θεὸν
876 776 1202 847 ἐστηρίζετο.
1246 777 1353 829 Καὶ
1388 774 1621 837 τοιοῦτος

75 869 138 942 ἦν
185 871 541 939 κυῖσκόμενος
578 868 667 920 καί
712 869 767 919 ἐν
795 866 990 937 γαστρί
1021 870 1115 937 τῆς
1139 867 1340 936 μητρὸς
1388 863 1619 933 συλλαμ-

77 958 387 1020 ϐανόμενος.
411 957 481 1009 Τὸ
506 955 583 1017 δὲ,
621 972 639 1005 ι
687 955 777 1007 Ἐκ
816 954 1017 1017 κοιλίας
1043 954 1243 1025 μητρός
1279 949 1451 1023 μουέἷ
1500 969 1621 1005 σκε-

78 1054 302 1116 παστὴς,
330 1066 347 1097 ι
386 1046 603 1099 δύναται
632 1048 723 1098 καὶ
742 1047 831 1097 ἐπὶ
859 1046 1069 1098 πάντων
1105 1044 1375 1114 ἁρμόζειν.
1414 1044 1474 1097 Εἰ
1516 1044 1621 1114 γὰρ

82 1140 151 1206 μὴ
199 1138 337 1191 Θεοῦ
391 1131 615 1207 δύναμις
657 1136 905 1207 ἐφρούρει
953 1136 1044 1187 κώ
1094 1134 1352 1203 ἐφύλαττε
1384 1134 1444 1186 τὸ
1484 1134 1622 1186 κατὰ

78 1228 307 1299 γαπρὸς
348 1218 715 1297 κυΐσκόμενον,
758 1227 862 1279 οὐδ’
891 1225 955 1279 ἂν
1002 1225 1247 1295 συνέστη,
1282 1224 1386 1276 οὑδ’
1405 1225 1469 1277 ἂν
1498 1242 1622 1295 μετ-

78 1319 197 1387 έσχε
234 1317 405 1388 ζωῆς,
449 1320 584 1388 μήτε
613 1320 761 1370 πνεῖν
784 1316 1094 1385 δυνάμενον,
1117 1317 1251 1385 μήτε
1282 1318 1392 1377 τοῖς
1421 1316 1622 1377 λοιποῖς

81 1406 375 1477 κεχρῆσθαι
401 1406 787 1477 αἰσθητηρίοις.
838 1405 1001 1459 Πάλιν
1033 1404 1090 1457 δὲ
1122 1404 1213 1456 καὶ
1247 1405 1303 1455 ἐν
1330 1403 1501 1472 τούτῳ
1535 1403 1620 1454 λέ-

80 1511 203 1560 γων,
238 1512 256 1545 ι
288 1494 361 1545 Σύ
408 1511 507 1563 μου
548 1490 597 1545 εἰ
638 1494 960 1563 σκεπαστὴς,
999 1512 1017 1544 ι
1050 1493 1322 1560 ἐνέφαινεν
1354 1491 1620 1561 ἐξαίρετόν

81 1601 128 1633 τι
156 1585 443 1653 ἐσχηκέναι
469 1584 613 1654 παρὰ
628 1584 749 1646 τοὺς
771 1583 984 1645 λοιποῦς
1008 1582 1130 1645 τοὺς
1154 1585 1208 1634 ἐν
1229 1582 1401 1651 κοιλίᾳ
1423 1582 1623 1653 μητρὸς

84 1673 490 1744 συλληφθέντας.
550 1675 696 1745 Τάχα
739 1674 846 1745 γὰρ
887 1675 976 1727 ἐπὶ
1016 1674 1109 1743 μὲν
1152 1674 1250 1744 τῆς
1289 1673 1393 1725 τῶν
1423 1672 1623 1725 λοιπῶν

83 1762 379 1834 ἀνθρώπων
410 1765 671 1831 γενέσεως
698 1764 841 1818 ἄλλοι
867 1765 1005 1827 τινὲς
1031 1766 1388 1835 ἐφεστήκασιν
1409 1764 1623 1832 ἄγγελοι

83 1853 476 1923 διακονούμενοι
519 1858 581 1924 τῇ
611 1856 837 1908 ἑκάστου
881 1856 959 1918 εἰς
984 1854 1073 1907 τὸν
1106 1854 1217 1924 βίον
1250 1854 1495 1925 παρόδῳ·
1532 1854 1623 1906 ἐπὶ

1716 696 1873 749 gnam
1906 697 1964 738 se
1990 681 2260 745 virtutem,
2293 681 2508 749 vimque
2540 680 2738 734 amoris
2766 694 2894 749 erga
2929 680 3114 740 Deum,
3140 692 3245 746 qua

1716 769 1770 820 in
1804 770 1923 837 ipso
1960 754 2400 833 Conﬁrmabatur,
2438 769 2689 823 habuisse
2718 768 3069 824 demonstrat.
3098 764 3248 819 Talis

1717 867 1892 914 autem
1921 860 1979 913 in
2017 870 2169 915 utero
2197 869 2251 917 et
2300 860 2354 914 in
2395 867 2579 915 ventre
2625 858 2813 912 matris
2839 857 3131 911 conclusus
3160 857 3249 908 ille

1715 961 1852 1006 erat.
1885 951 2020 1006 Illud
2048 966 2197 1015 vero,
2233 970 2253 1004 ‹
2289 951 2365 1006 De
2384 959 2571 1005 ventre
2596 950 2781 1003 matris
2804 949 2931 1002 meai
2957 954 3018 1001 tu
3041 962 3099 1001 es
3123 961 3250 1016 pro-

1716 1052 1905 1107 tector,
1940 1062 1958 1094 ι
2010 1044 2261 1101 omnibus
2294 1043 2585 1097 convenire
2609 1042 2799 1111 possit.
2826 1038 2939 1093 Nisi
2978 1038 3120 1092 enim
3153 1037 3247 1091 Dei

1715 1134 1889 1188 virtus
1916 1133 2214 1187 custodiret
2256 1148 2319 1187 ac
2371 1140 2613 1189 servaret
2663 1130 2829 1185 fetum
2878 1128 3039 1193 uteri,
3073 1143 3249 1197 neque

1719 1223 2066 1290 formaretur,
2116 1240 2291 1295 neque
2334 1224 2457 1278 vita:
2506 1223 2776 1293 particeps
2801 1230 2963 1287 esset,
2999 1236 3121 1275 cum
3150 1235 3251 1275 nec
3307 1231 3309 1233 ‘

1717 1316 2006 1385 respirare,
2033 1331 2133 1371 nec
2172 1317 2393 1386 reliquis
2434 1315 2684 1371 sensibus
2737 1316 2814 1368 uti
2860 1314 3075 1367 valeret.
3111 1311 3252 1365 Rur-

1718 1418 1944 1474 sumque
1962 1394 2083 1458 cum
2117 1404 2268 1469 dicit,
2292 1423 2310 1456 ι
2334 1405 2415 1459 Tu
2432 1421 2491 1460 es
2518 1412 2791 1475 protector
2821 1418 2992 1463 meus,
3019 1422 3035 1453 ι
3065 1417 3123 1457 se
3155 1401 3252 1459 ali-

1716 1492 1847 1562 quid
1868 1494 2214 1564 praestantius
2240 1496 2465 1575 reliquis
2498 1494 2807 1549 hominibus
2839 1494 2897 1547 in
2924 1500 3111 1547 ventre
3141 1506 3254 1543 ma-

1719 1583 1818 1639 tris
1876 1585 2151 1653 conceptis
2215 1586 2469 1640 habuisse
2526 1592 2933 1640 commonstrat.
3002 1582 3254 1637 Fortasse

1719 1674 1913 1742 quippe
1945 1673 1999 1726 in
2040 1674 2370 1743 reliquorum
2400 1674 2679 1727 hominum
2702 1667 3043 1743 generatione
3075 1673 3246 1741 angeli

1694 1759 1937 1829 'quidam
1958 1761 2162 1818 adsunt
2195 1762 2531 1832 singulorum
2570 1761 2636 1814 ad
2664 1763 2832 1815 vitam
2860 1761 3125 1831 ingressui
3152 1760 3254 1813 mi-

1723 1851 2049 1917 nistrantes;
2080 1854 2135 1906 in
2162 1851 2503 1920 generatione
2529 1865 2653 1905 vero
2687 1848 2988 1903 Servatoris
3018 1849 3133 1918 ipse
3153 1846 3255 1901 Pa-

84 1942 133 2000 δέ
162 1942 261 2011 τῆς
290 1944 551 2009 γενέσεως
602 1944 693 1997 τοῦ
748 1946 994 2015 Σωτῆρος
1016 1985 1029 2008 ,
1062 1945 1219 2008 αὑτὸς
1251 1940 1317 2015 ἦν
1364 1945 1391 1996 ό
1436 1944 1618 2018 Πατὴρ

1719 1949 1801 1995 ter
1830 1948 2102 2010 protector
2127 1941 2245 2010 ejus
2272 1948 2420 2017 erat;
2452 1954 2620 2010 quare
2652 1940 2707 1993 in
2750 1942 2867 2008 ipso
2896 1938 3255 1991 conﬁrmaba-

87 2033 388 2104 σκεπαστὴς
413 2033 574 2088 αὑτοῦ
598 2037 906 2106 γιγνόμενος
925 2052 937 2066 ·
974 2036 1050 2102 διὸ
1072 2036 1163 2089 καὶ
1191 2037 1282 2087 ἐπὶ
1320 2036 1476 2088 αὑτὸν
1525 2036 1623 2089 ἐπ-

84 2126 412 2197 εστηρίζετο.
450 2127 633 2191 Οὕτως
678 2128 961 2190 διαπαντὸς
1012 2149 1028 2179 ι
1079 2129 1308 2199 ὖμνησιν
1359 2149 1377 2180 ι
1431 2129 1619 2182 ἐαυτοῦ

86 2216 189 2288 εἶχε
218 2220 309 2270 τὸν
344 2220 573 2289 Πατέρα.
605 2218 693 2271 Διὸ
723 2221 957 2288 ἐπιλέγει
977 2240 989 2253 ο
1029 2240 1048 2270 ι
1098 2222 1185 2273 Ἐν
1207 2223 1288 2273 σοὶ
1318 2224 1349 2291 ή
1394 2219 1624 2291 ὑμνησίς

91 2325 184 2375 μου
208 2308 513 2373 διαπαντός.
548 2330 565 2361 ι
593 2312 665 2362 Οὑ
693 2311 818 2381 γάρ.
838 2312 1043 2364 διέλιπέ
1083 2329 1202 2364 τινα
1232 2312 1417 2381 καιρὸν
1445 2311 1624 2382 ὑμνῶν

88 2396 172 2449 τὸν
219 2398 454 2468 Πατέρα,
514 2398 545 2468 ἢ
601 2400 692 2452 καὶ
737 2400 1066 2471 ὑμνούμενος
1120 2402 1209 2453 ὑπ’
1238 2401 1400 2454 αὑτοῦ
1442 2404 1621 2472 ἐπὶητῇ

88 2488 311 2560 τοσαύτῃ
333 2491 562 2560 ὑπακοῇ.
610 2490 767 2551 Ἀλλ’,
809 2492 874 2543 Ἠ
905 2492 1000 2561 μὲν
1023 2490 1149 2561 ἐμὴ,
1186 2492 1365 2559 φησὶν,
1401 2492 1621 2552 αινεσις.

88 2578 118 2646 ἦ
145 2578 232 2630 καὶ
264 2579 490 2649 ὑμνησις
519 2584 576 2633 ἐν
608 2582 689 2634 σοὶ
708 2582 894 2649 γέγονε
922 2581 1226 2643 διαπαντός.
1258 2581 1320 2633 Οἱ
1348 2579 1404 2631 δὲ
1444 2579 1625 2631 πολλοὶ

89 2666 187 2717 τῶν
230 2667 546 2738 ἀνθρώπων,
598 2669 761 2739 μηδὲν
794 2670 992 2723 τούτων
1030 2669 1394 2738 ἐπιστάμενοι,
1440 2667 1624 2738 ὥσπερ

91 2756 238 2824 τέρας
266 2758 557 2827 ἐκτήσαντό
598 2776 682 2828 με.
711 2759 1000 2829 Τεράστιον
1020 2759 1149 2826 γοῦν
1180 2776 1233 2810 τι
1266 2759 1495 2829 πρᾶγμα
1516 2762 1625 2823 τοῖς

94 2846 292 2908 πολλοῖς
345 2848 621 2916 ἐγενόμην,
673 2847 748 2911 ὡς
774 2848 1000 2918 διάφορα
1044 2849 1170 2920 περί
1215 2848 1349 2918 ἐμοῦ
1388 2848 1625 2915 δοξάζειν

92 2934 276 2997 αὐτούς
295 2952 309 2965 ·
352 2936 444 2988 καί
477 2953 622 2998 τινας
666 2936 761 3005 μὲν
784 2936 912 2989 Θεὸν
941 2933 1078 2989 εἶναι
1108 2938 1341 3005 ἄσαρκον
1374 2939 1464 2991 καὶ
1485 2938 1626 2991 ἀσώ-

95 3042 268 3093 ματον,
313 3026 526 3097 δοκήσει
580 3028 735 3096 μόνον
784 3027 1010 3095 ὀφθέντα
1059 3029 1149 3080 ἐπὶ
1191 3029 1313 3097 γῆς,
1356 3028 1624 3099 ἡγεῖσθαι,

92 3114 312 3178 τινάςδέ
340 3117 489 3186 ψιλὸν
519 3117 816 3189 ἄνθρωπον,
856 3118 929 3181 ὡς
961 3118 1122 3188 μηδὲν
1153 3119 1308 3172 πλέον
1334 3119 1480 3191 παρὰ
1502 3122 1627 3184 τοὺς

94 3204 297 3269 λοιποὺς
321 3208 586 3277 ἐσχηκότα
609 3225 621 3237 ο
647 3210 741 3261 καὶ
772 3208 962 3273 ἄλλους
986 3209 1084 3279 μὲν
1114 3212 1269 3279 ἀραῖς
1303 3213 1394 3265 καὶ
1426 3210 1624 3281 δυσφη-
1650 3261 1692 3317 c

98 3298 233 3361 μίαις
266 3298 603 3362 ὑποϐάλλειν,
623 3300 839 3371 ἐτέρους
869 3300 925 3352 δέ
955 3300 1129 3354 σέὅειν
1168 3303 1259 3354 καὶ
1286 3307 1622 3374 προσκυνεῖν.

96 3386 256 3458 Τέρας
279 3389 336 3440 δέ
361 3392 471 3451 τοῖς
499 3391 661 3441 πᾶσιν
690 3389 902 3459 άληθῶς
925 3390 1142 3457 γέγονεν
1177 3383 1204 3443 ό
1229 3392 1359 3462 ἐμὸς
1383 3392 1655 3455 θάνατος.‹

95 3476 160 3527 Τὸ
190 3477 295 3548 γάρ
324 3479 547 3549 σταυρὸν
597 3478 876 3547 ὑπομεῖναι
921 3478 1050 3531 Θεὸν
1085 3480 1230 3545 ὄντα,
1274 3483 1366 3535 καὶ
1407 3481 1628 3537 τοιαῦτα

98 3566 272 3619 παθεῖν
311 3567 397 3621 τὸν
446 3568 649 3638 ἐτέροις
696 3567 837 3637 ζωὴν
892 3571 1297 3639 κεχαρισμένον,
1348 3572 1508 3643 τέρας
1560 3566 1628 3643 ἦν

96 3656 312 3726 άληθῶς.
363 3656 451 3709 Διό
494 3672 686 3727 φησιν·
736 3674 756 3706 ι
811 3657 950 3708 Ὠσεὶ
1004 3658 1163 3727 τέρας
1210 3658 1467 3729 ἐγενήθην
1518 3664 1628 3724 τοῖς

99 3747 311 3809 πολλοξ.
350 3766 367 3797 ι
409 3746 544 3799 Ἀλλ’
568 3748 625 3799 ἐν
656 3749 786 3800 πᾶσι
819 3748 1020 3811 τούτοις
1047 3748 1131 3810 σὺ,
1158 3750 1307 3816 φησι,
1344 3767 1362 3800 ι
1388 3748 1577 3820 βοηθός
1602 3770 1619 3800 ι

100 3855 189 3905 μου
220 3840 445 3906 γέγονας
478 3857 497 3889 ‹
533 3840 788 3909 κραταιός
811 3856 823 3869 θ
867 3859 885 3889 ι
922 3839 1039 3892 οὑδὲ
1070 3838 1176 3911 γὰρ
1208 3839 1361 3893 ἄλλον
1400 3841 1627 3912 ἐκτησά-

101 3946 195 3999 μην
227 3928 431 4001 βοηθόν.
459 3930 640 3982 Πάντα
665 3930 772 4000 γάρ
797 3926 865 4000 ἦν
894 3930 1115 4001 δεύτερα
1141 3930 1233 3984 καὶ
1258 3930 1626 4001 ὑποὸεὸηκότα

96 4021 184 4090 τὴν
211 4021 343 4091 ἐμὴν
390 4021 611 4092 δύναμιν
635 4037 648 4049 ·
678 4024 740 4075 σὺ
786 4022 841 4076 δέ
878 4022 1053 4091 μόνος,
1085 4022 1141 4075 ὃν
1176 4022 1363 4076 ἐλπίδα
1395 4022 1624 4091 ἐμαυτὸν

98 4110 501 4183 ὑπεγραψάμην,
546 4132 565 4165 ι
596 4112 784 4183 βοηθός
818 4133 835 4165 ι
864 4131 962 4183 μου
995 4114 1220 4181 γέγονας
1250 4132 1269 4165 ι
1294 4114 1563 4184 κραταιός.
1600 4132 1619 4164 ι

100 4201 195 4252 Καὶ
244 4203 383 4255 κατὰ
422 4205 513 4256 τὸν
540 4203 828 4273 Σύμμαχον
864 4204 923 4256 δέ
959 4204 1157 4275 ὁμοίως
1200 4205 1437 4275 εἴρηταισ
1470 4225 1487 4257 ι
1536 4207 1623 4259 Σοὶ

100 4289 479 4363 ἐπεπηρίχθην
518 4292 625 4345 ἀπὸ
665 4294 916 4364 γαστρὸς,
952 4298 1059 4348 ἀπὸ
1086 4296 1193 4348 τῶν
1233 4298 1508 4352 ἐνδοσθίων
1529 4301 1624 4371 τῆς

101 4381 289 4450 μητρός
332 4398 432 4451 μου
484 4382 547 4434 σὺ
592 4382 796 4445 ἐπείδές
841 4400 928 4453 με.
957 4386 1051 4448 Εἰς
1087 4387 1145 4439 σὲ
1183 4390 1213 4457 ή
1250 4388 1483 4460 άναμονή
1521 4408 1621 4459 μου

100 4471 386 4543 ἐνδελεχῶς,
415 4473 544 4526 ὡσεὶ
574 4474 735 4543 τέρας
777 4475 1038 4545 ἐγενόμην
1063 4481 1173 4541 τοῖς
1196 4480 1435 4541 πολλοῖς·
1474 4484 1537 4535 σὺ
1566 4482 1622 4534 δὲ

100 4565 399 4637 πεποίθησίς
438 4580 537 4635 μου
569 4565 781 4635 ἰσχυρά.
818 4584 836 4617 ι

166 4696 183 4729 ι
208 4677 544 4752 Πληρωθήτω
558 4678 617 4730 τὸ
638 4678 807 4748 στόμα
820 4696 917 4749 μου
934 4680 1207 4747 αἰνέσεως,
1231 4684 1375 4746 ὅπως
1401 4686 1624 4755 ὑμνήσω

100 4768 187 4840 τὴν
204 4769 352 4837 δόξαν
385 4787 498 4831 σου,
523 4770 649 4841 ὅλην
679 4769 775 4839 τὴν
796 4770 1003 4842 ἡμέραν
1030 4770 1137 4843 ,τὴν
1162 4774 1624 4846 μιγαλοπρέπειάν
1658 4773 1661 4778 ι
1686 4788 1689 4791 ,

104 4873 206 4913 σου.
236 4879 254 4911 ι
286 4862 421 4932 Ἤδη
457 4863 551 4933 μὲν
583 4859 717 4915 κατὰ
758 4861 848 4913 τὸν
882 4858 1211 4932 παρελθόντα
1243 4864 1429 4934 χρόνον
1452 4864 1622 4935 ὑμνη-

104 4944 175 5007 σίς
199 4964 315 5016 μου,
338 4952 519 5020 φησὶν,
566 4951 623 5001 ἐν
667 4947 748 5002 σοὶ
773 4947 959 5016 γέγονε
982 4948 1265 5019 διαπαντός
1284 4965 1296 4978 ·
1335 4951 1469 5022 πλὴν
1490 4952 1623 5006 ἀλλὰ

101 5034 186 5086 καὶ
203 5039 323 5109 περὶ
352 5037 445 5090 τοῦ
472 5038 747 5109 μέλλοντος
763 5035 969 5106 δέομαι,
997 5035 1071 5100 ὼς
1099 5035 1163 5090 ἂν
1188 5036 1375 5108 μέχρις
1390 5037 1623 5109 ἐσχάτης

100 5122 233 5192 ὧρας
258 5127 350 5180 τοῦ
382 5128 495 5198 βίου
524 5130 585 5183 τὸ
619 5129 787 5199 στόμα
814 5143 913 5197 μου
943 5126 1042 5195 τῆς
1075 5127 1173 5195 σῆς
1206 5128 1458 5190 αἰνέσεως
1488 5129 1623 5200 πλη-

104 5212 245 5283 ρῷτο,
272 5218 362 5270 καὶ
386 5217 554 5280 οὕτως
571 5236 635 5288 γε
662 5216 928 5289 πληρῷτο,
956 5216 1031 5279 ὡς
1061 5214 1259 5286 μηδένα
1293 5214 1473 5286 χώραν
1497 5235 1618 5290 σχο-

101 5300 344 5365 λάζουσαν
388 5304 529 5375 ἔχειν
587 5308 713 5380 πρὸς
742 5309 803 5362 τὸ
833 5306 957 5362 ἄλλο
1003 5322 1053 5358 τι
1090 5304 1430 5374 φθέγγεσθαι,
1488 5308 1620 5378 μηδὲ

102 5392 383 5464 ἀνθρώποις
428 5396 664 5464 ὁμιλεῖν·
710 5401 803 5452 καὶ
846 5397 998 5452 τοῦτό
1054 5413 1165 5467 μοιλ
1197 5395 1431 5467 ὑπάρξαι
1485 5398 1618 5463 ἀξιῶ

103 5484 226 5539 κατὰ
252 5487 425 5540 πᾶσαν
449 5487 680 5559 ἡμέραν,
706 5492 796 5546 καὶ
819 5493 877 5544 ἐν
901 5489 977 5561 τῷ
1004 5487 1160 5557 παντὶ
1183 5487 1354 5559 χρόνῳ
1374 5489 1471 5558 τῆς
1482 5491 1618 5561 ἐμῆς

107 5575 325 5649 ζωῆς-μὴ
353 5578 786 5649 ἀποστερηθῆναι
800 5583 893 5637 καὶ
908 5583 1268 5654 άποῤῥιφῆναι
1299 5578 1497 5651 ταύτης
1520 5581 1618 5651 τῆς

105 5667 317 5739 χάριτος,
339 5667 439 5723 κᾶν
466 5669 559 5722 ἐπὶ
584 5653 781 5741 γήραος
808 5672 947 5743 οὐδῷ
972 5653 1077 5728 δέοι
1094 5670 1310 5742 φθάσαι,
1340 5671 1474 5741 μηδέ
1521 5673 1617 5743 μέ-

106 5775 211 5826 ιρις
218 5760 439 5837 ὲεινχάτης
447 5760 697 5831 τελευτῆς
706 5763 831 5817 ἄλλο
841 5765 891 5817 τί
907 5782 970 5834 με
984 5766 1229 5839 πράττειι,
1246 5764 1276 5835 ἦ
1296 5763 1393 5832 πλη
1403 5762 1617 5835 ροῦσθαι

106 5848 153 5899 τὸ
176 5852 333 5917 στόμα
362 5870 461 5920 μου
484 5853 578 5923 τῆς
612 5852 709 5922 σῆς
740 5856 991 5920 αἰνέσεως
1013 5859 1115 5912 καῖ
1140 5856 1234 5926 τῆς
1269 5855 1363 5925 σῆς
1395 5855 1617 5925 μεγαλο-

321 5948 581 6008 Persen.
613 5945 729 6008 Gn.
768 5949 997 6014 XXIII.

1652 4604 1694 4657 D

1724 2039 1833 2083 tur.
1869 2028 1959 2083 Sic
1999 2046 2209 2100 semper
2264 2031 2691 2085 i‘cantationem
2725 2048 2743 2081 ›
2780 2030 2965 2096 habuit
2994 2030 3050 2082 in
3078 2027 3255 2082 Patris

1723 2120 1956 2177 laudem.
1990 2120 2167 2186 Quare
2196 2121 2381 2177 subdit
2414 2139 2427 2174 :
2470 2141 2488 2171 ‹
2527 2119 2582 2173 in
2613 2128 2665 2175 te
2692 2121 2927 2174 cantatio
2955 2134 3072 2174 mea
3116 2134 3257 2173 sem-

1724 2226 1836 2280 per.
1880 2230 1899 2262 ι
1935 2209 2151 2265 Nullum
2197 2215 2340 2267 enim
2370 2212 2714 2282 pratermisit
2752 2220 2985 2281 tempus,
3018 2210 3146 2279 quin
3177 2211 3257 2264 vel

1722 2301 1936 2357 Patrem
1965 2302 2181 2374 hymnis
2231 2304 2549 2368 celebraret,
2593 2304 2674 2357 vel
2726 2303 2795 2357 ab
2824 2305 2944 2372 ipso
2986 2317 3083 2372 pro
3110 2309 3255 2355 tanta

1721 2393 2077 2463 obsequentia
2123 2395 2505 2451 celebraretur.
2558 2393 2758 2450 Verum
2812 2396 2907 2459 ait,
2953 2392 3096 2448 Laus
3148 2393 3259 2446 sive

1723 2483 1960 2537 cantatio
1981 2498 2099 2539 mea
2122 2484 2175 2539 in
2194 2494 2245 2541 te
2260 2485 2364 2540 fuit
2387 2500 2617 2555 semper.
2644 2483 2930 2539 Hominum
2954 2498 3084 2538 vero
3109 2482 3259 2551 multi

1722 2571 1915 2626 horum
1944 2574 2137 2643 ignari,
2174 2584 2431 2645 tanquam
2470 2577 2774 2647 prodigium
2816 2592 2903 2630 me
2935 2576 3260 2630 habuerunt.

1722 2659 2096 2731 Prodigiosum
2134 2680 2262 2734 ergo
2293 2665 2569 2734 quidpiam
2616 2665 2801 2722 multis
2843 2664 3065 2720 eﬂectus
3117 2680 3260 2728 sum,

1724 2751 1795 2805 ita
1825 2761 1881 2804 ut
1921 2752 1975 2806 in
2028 2755 2206 2809 varias
2241 2755 2307 2808 de
2358 2771 2443 2810 me
2480 2756 2777 2811 sententias
2811 2756 3056 2821 abirent;
3087 2763 3141 2811 et
3171 2756 3262 2809 alii

1724 2840 1936 2911 quidem
1967 2839 2133 2896 Deum
2162 2857 2325 2896 carne
2366 2858 2592 2897 vacuum
2621 2852 2676 2897 et
2705 2846 3102 2911 incorporeum,
3146 2846 3260 2898 sola

1723 2928 1901 2997 specie
1924 2930 2096 2984 visum
2126 2930 2181 2984 in
2212 2938 2355 2985 terra
2394 2940 2683 3011 putarent;
2716 2933 2808 2987 alii
2840 2932 3045 3009 pudum
3084 2933 3260 2985 homi-

1725 3030 1865 3082 nem,
1898 3016 2035 3071 nihil
2068 3018 2189 3088 plus
2235 3018 2518 3088 quam‘ah’i
2547 3020 2864 3085 habentem;
2896 3020 2986 3071 alii
3008 3032 3261 3072 exsecra-

1724 3106 1966 3167 tionibus
1989 3115 2044 3164 et
2074 3109 2338 3164 conviciis
2367 3125 2452 3165 me
2478 3110 2836 3179 subjicerent;
2886 3108 2973 3162 alii
3024 3108 3261 3161 colerent

1724 3205 1778 3251 et
1809 3197 2117 3253 adorarent.
2148 3197 2290 3253 Mors
2339 3192 2468 3255 vero
2502 3214 2621 3254 mea
2665 3198 2915 3254 omnibus
2960 3197 3259 3268 prodigium

1726 3288 1884 3356 plane
1908 3287 2039 3355 fuit.‘
2069 3286 2201 3341 Nam
2231 3304 2353 3343 eum
2384 3289 2474 3359 qui
2502 3288 2643 3345 Deus
2681 3299 2825 3345 esset
2860 3305 3075 3344 crucem
3098 3290 3264 3345 susti-

1727 3394 1873 3443 nere,
1905 3387 1958 3434 et
1980 3369 2106 3434 talia
2135 3380 2246 3449 pati
2272 3394 2397 3435 eum
2438 3380 2532 3451 qui
2586 3380 2705 3434 aliis
2751 3381 2913 3433 vitam
2944 3380 3260 3449 impertiret,

1728 3482 1849 3523 vere
1874 3468 2175 3540 prodigium
2207 3476 2343 3523 erat.
2377 3467 2735 3533 Quamobrem
2766 3470 2880 3524 ait:
2921 3487 2940 3519 ι
2980 3467 3259 3541 Tanquam

1726 3560 2027 3630 prodigium
2055 3560 2231 3614 factus
2260 3575 2380 3615 sum
2399 3550 2603 3615 multis;
2635 3577 2653 3611 ι
2688 3559 2793 3614 Sed
2824 3560 2878 3614 in
2903 3560 2987 3614 his
3009 3563 3259 3617 omnibus

1725 3656 1781 3700 tu
1814 3648 1968 3713 mihi,
2000 3649 2196 3718 inquit,
2234 3668 2251 3701 ι
2288 3650 2503 3720 adjutor
2538 3648 2712 3713 fortis,
2784 3667 2802 3699 I
2870 3648 3261 3720 fuisti.'Neqne

1722 3736 1864 3789 enim
1914 3736 2044 3790 mihi
2092 3738 2230 3795 alius
2269 3738 2485 3807 adjutor
2535 3739 2761 3793 exstitit.
2817 3736 3009 3792 Omnia
3061 3739 3260 3809 quippe

1721 3826 1909 3879 virtuti
1932 3840 2063 3881 mea:
2087 3827 2339 3882 inferiora
2368 3838 2422 3883 et
2460 3830 2683 3899 imparia
2705 3837 2861 3883 erant
2893 3847 2906 3883 :
2942 3838 2999 3884 tu
3027 3845 3153 3884 vero
3173 3847 3260 3885 so-

1723 3914 1828 3978 lus,
1862 3929 2021 3984 quem
2047 3916 2177 3968 mihi
2202 3917 2256 3970 in
2280 3933 2428 3987 spem
2458 3919 2707 3989 ascripsi,
2751 3918 2899 3974 fuisti
2941 3920 3072 3973 mihi
3110 3939 3128 3970 ‹
3166 3921 3262 3973 ad-

1717 4006 1866 4075 jutor
1895 4005 2081 4061 fertis;
2112 4024 2132 4059 ι
2166 4006 2472 4063 Secundum
2494 4009 2876 4079 Symmachum
2906 4012 3034 4065 item
3070 4011 3285 4083 similig

1723 4107 1803 4151 ter
1836 4098 2054 4165 dicitur,
2095 4120 2112 4150 ι
2154 4098 2271 4153 Tibi
2307 4100 2657 4157 conﬁrmatus
2708 4119 2826 4157 sum
2856 4120 2921 4158 ex
2959 4109 3167 4167 ventre,
3194 4120 3261 4159 ex

1721 4174 2019 4243 visceribus
2049 4189 2237 4244 matris
2276 4203 2406 4243 mea:
2438 4197 2494 4243 tu
2528 4188 2806 4261 respexisti
2850 4206 2953 4244 me.
3002 4190 3057 4244 In
3085 4199 3138 4244 te
3166 4206 3262 4259 pa-

1700 4280 1910 4334 tientia
1958 4294 2076 4335 mea
2121 4288 2403 4351 perpetuo,
2446 4289 2701 4351 tanquam
2752 4283 3051 4351 prodigiqu
3084 4282 3260 4336 factus

1722 4387 1839 4427 sum
1872 4371 2055 4427 multis
2090 4391 2102 4425 :
2133 4380 2191 4425 tu
2218 4388 2345 4427 vero
2378 4373 2571 4427 ﬁducia
2604 4388 2722 4427 mea
2742 4373 2917 4426 fortis.
2956 4392 2975 4422 ι

1792 4672 1953 4728 Vens.
1996 4672 2144 4726 8-H.
2213 4688 2231 4721 ‹
2299 4668 2588 4737 Repleatur
2630 4684 2693 4723 os
2749 4684 2924 4743 meum
2962 4670 3134 4736 laude,
3197 4688 3251 4724 ιι.

1722 4774 1933 4819 cantem
1993 4761 2215 4831 gloriam
2268 4768 2458 4823 tuam,
2520 4768 2632 4815 tota
2695 4760 2782 4815 die
2831 4763 3249 4834 magnitudinem

1722 4868 1888 4912 tuam.
1927 4874 1946 4906 ι
1980 4852 2097 4908 lam
2151 4853 2439 4923 praeterito,
2481 4854 2674 4924 inquit,
2728 4863 2985 4927 tempore,
3016 4857 3253 4911 cantatio

1721 4960 1838 5008 mea
1868 4945 1922 4999 in
1954 4951 2006 4999 te
2040 4943 2140 4999 fuit
2168 4960 2381 5015 semper
2414 4964 2425 4998 :
2478 4956 2728 5001 caaterum
2758 4963 2855 5017 pro
2886 4947 3067 5002 futuro
3114 4962 3252 5017 quo-

1720 5052 1822 5108 que
1849 5034 2113 5106 supplico,
2143 5042 2201 5089 ut
2224 5039 2291 5092 ad
2322 5040 2575 5094 ultimam,
2604 5040 2727 5094 vitae
2768 5040 2953 5093 horam
2984 5054 3046 5093 os
3072 5052 3251 5107 meum

1719 5128 1875 5183 laude
1901 5136 1989 5181 tua
2017 5129 2305 5197 repleatur,
2336 5138 2389 5184 et
2418 5132 2490 5184 ita
2523 5131 2813 5201 repleatur,
2845 5138 2903 5185 ut
2929 5129 3072 5183 aliud
3093 5129 3250 5197 quid-

1717 5222 1856 5292 piam
1889 5220 2159 5290 loquendi.
2191 5222 2275 5276 vel
2304 5237 2425 5276 cum
2458 5223 2766 5277 hominibus
2796 5218 3040 5276 versandi
3068 5221 3249 5276 nullus

1718 5312 1951 5383 supersit
1988 5312 2143 5368 locus
2174 5332 2187 5365 :
2214 5328 2405 5387 meque
2434 5313 2674 5383 quotidie
2701 5320 2755 5366 et
2796 5320 2908 5365 toto
2941 5311 3081 5391 vita
3118 5324 3250 5364 mem

1716 5404 1946 5460 decursu
2000 5404 2073 5458 ita
2120 5400 2489 5475 comparatum
2522 5419 2642 5461 esse
2681 5417 2831 5471 rogo,
2866 5409 2925 5455 ut
2951 5402 3045 5455 tali
3073 5402 3246 5472 gratia

1714 5496 1935 5550 orbatus
1966 5510 2243 5565 nunquam
2270 5509 2370 5548 nec
2390 5494 2645 5563 depulsus
2673 5493 2770 5547 sim
2802 5510 2813 5543 :
2847 5498 3012 5561 utque
3032 5491 3245 5547 etiamsi

1716 5588 1783 5643 ad
1806 5588 1965 5641 limen
1993 5586 2287 5643 senectutis
2315 5585 2601 5647 devenero,
2634 5583 2766 5637 nihil
2814 5582 2955 5636 aliud
2995 5571 3075 5637 ad
3108 5598 3245 5637 mor-

1714 5687 1818 5731 tem
1842 5689 2009 5743 usque
2029 5688 2302 5744 peragam,
2326 5686 2505 5741 quam,
2523 5668 2661 5740 quod
2691 5669 2960 5736 repleatur
2984 5683 3043 5723 os
3066 5682 3242 5723 meum

1714 5769 1870 5822 laude
1903 5773 1957 5819 et
1989 5764 2387 5837 magnificentia
2422 5770 2533 5815 tua.
2567 5760 2670 5815 Pro
2710 5760 2799 5813 illo
2834 5768 3035 5820 autem,
3072 5776 3090 5806 σ
3128 5762 3240 5827 tota

1716 5858 1821 5925 die,
1857 5877 1873 5909 ι
1919 5854 2299 5928 Symmachus,
2339 5874 2355 5906 ι
2395 5857 2489 5924 per
2538 5866 2749 5907 omnem
2801 5850 2963 5910 diem,
3019 5867 3035 5899 ι
3074 5843 3239 5902 edidit
