3950 6342
697 462 796 522 779

1350 462 1612 519 EUSEBll
1652 458 2127 519 cmssnmn'ms
2165 457 2316 515 opp.
2358 456 2538 512 pass
2573 455 2749 528 in.,—
2780 455 3184 513 EXEGETICA.
3771 456 3856 510 rso

699 619 718 652 ι
752 600 1059 670 Repleatur,
1093 602 1288 671 inquit,
1341 618 1404 657 os
1437 618 1615 657 meum
1646 602 1805 656 laude
1833 610 1947 665 tua,
1993 615 2087 670 per
2120 615 2206 653 om

2326 597 2616 677 πρεπείας.
2663 595 2806 661 ’ἀντὶ
2834 593 2892 656 δέ
2912 593 3026 658 τοῦ,
3051 613 3068 644 ι
3098 593 3222 663 ὅλην
3254 591 3350 662 τὴν
3380 592 3610 664 ἡμέραν,
3638 611 3655 643 ι
3687 593 3714 644 ὁ
3736 593 3855 663 Σύμι

693 705 815 745 nem
845 690 1006 757 diem,
1050 691 1103 744 in
1145 691 1341 746 decore
1375 702 1466 746 tuo
1499 709 1567 747 ne
1616 691 1845 761 abjicias
1875 707 1961 745 me
1995 698 2237 757 tempore

693 781 1004 835 senectutis.
1060 799 1080 833 ›
1119 777 1253 834 Nam
1305 781 1352 835 si
1402 781 1466 834 ad
1503 787 1838 834 senectutem
1873 791 2044 846 usque
2071 777 2235 830 vitam

692 870 941 925 devenire
978 885 1152 948 meam
1188 879 1455 940 oporteat,
1493 863 1603 923 non
1661 869 1839 922 abnuo
1868 882 1883 919 :
1911 866 1963 919 id
1995 864 2235 934 supplico

692 972 918 1028 tantum,
944 974 1002 1016 ut
1029 977 1090 1017 os
1117 977 1299 1017 meum
1341 976 1616 1031 nunquam
1663 960 1822 1015 ﬁnem
1871 959 2033 1012 faciat
2093 957 2234 1009 cele-

691 1054 879 1108 brandi
905 1053 1116 1109 laudem
1145 1061 1295 1106 tuam
1326 1061 1379 1107 et
1405 1051 1854 1122 magniﬁcentiam
1876 1057 2044 1103 tuam.
2081 1047 2234 1112 Quod

689 1145 733 1199 si
775 1145 1071 1199 senectutis
1105 1158 1270 1197 causa
1317 1142 1610 1212 aliquando
1645 1143 1787 1196 vires
1828 1154 1914 1194 me
1959 1138 2230 1202 deﬁciant,

688 1251 755 1288 ne
787 1245 920 1290 tunc
951 1234 1168 1304 quidem
1201 1241 1288 1286 me
1313 1231 1682 1302 derelinquas.
1717 1229 1841 1284 Haec
1890 1230 1943 1283 in
1990 1229 2233 1283 oratione

688 1328 869 1383 dicere
899 1325 1154 1380 convenit
1186 1333 1301 1379 tum
1336 1323 1617 1388 David‘em,
1648 1333 1760 1378 tum
1795 1324 2038 1394 quemvis
2066 1321 2232 1376 homi-

684 1431 806 1470 nem
854 1416 1186 1484 religiosum.
1221 1413 1601 1468 Animadverte
1648 1427 1808 1482 porro
1853 1412 2121 1481 quomodo
2163 1413 2230 1466 de

686 1506 962 1562 Salvatorc
986 1506 1052 1560 ab
1075 1507 1335 1576 Apostolo
1364 1505 1586 1559 dicatur
1613 1523 1626 1559 :
1666 1523 1684 1554 ι
1715 1503 2016 1559 Cruciﬁxus
2045 1512 2130 1558 est
2161 1519 2230 1558 ex

682 1599 1013 1661 inﬁrmitate,
1046 1597 1141 1653 sed
1173 1597 1303 1650 vivit
1333 1612 1398 1650 ex
1424 1597 1623 1649 virtute
1657 1594 1750 1650 Dei
1774 1596 1840 1650 ⁸⁸.
1884 1614 1902 1646 ι
1937 1595 2048 1648 Etsi
2082 1593 2224 1648 enim

681 1705 744 1742 ex
773 1689 1086 1742 inﬁrmitate
1117 1687 1410 1740 cruciﬁxus
1436 1687 1506 1741 sit
1547 1705 1560 1753 ;
1591 1696 1643 1738 at
1669 1699 1777 1740 non
1810 1685 1878 1739 ab
1910 1685 2032 1739 aliis
2068 1700 2227 1753 supe-

680 1789 831 1833 ratus
863 1799 875 1832 :
904 1780 1017 1849 ipse
1046 1780 1243 1848 quippe
1263 1793 1382 1832 sese
1410 1776 1681 1830 inﬁrmum
1709 1773 1907 1839 effecit,
1943 1789 2106 1843 seque
2131 1773 2225 1828 de-

680 1867 916 1920 dititium
947 1867 1255 1920 hominibus
1290 1866 1509 1918 obtulit.
1538 1864 1692 1929 Quod
1724 1864 1886 1918 etiam
1919 1863 2035 1931 ipse
2065 1861 2222 1915 docet

2343 705 2528 758 μαχος,
2560 707 2577 738 ι
2605 687 2743 740 κατὰ
2763 688 2938 740 πᾶσαν
2976 685 3186 756 ἡμέραν
3224 703 3241 736 ι
3267 683 3491 747 ἐξέδωκε
3511 699 3522 712 ·
3564 701 3582 734 ι
3614 683 3854 754 Πλησθέξη

2335 779 2394 832 τὸ
2412 779 2592 848 στόμα
2632 795 2724 830 σου
2762 778 2943 838 αῐνους
2975 793 3066 828 σου
3101 774 3240 828 κατὰ
3275 775 3451 827 πᾶσαν
3473 773 3700 843 ἡμέραν,
3727 775 3778 825 ἐν
3801 779 3855 845 τῇ

2335 869 2631 940 εὐπρεπείᾳ
2668 885 2758 920 σου
2812 865 2883 936 μὴ
2924 865 3199 938 ἀποϐάλῃς
3229 882 3293 934 με
3330 864 3502 935 καιρῷ
3533 867 3728 935 γήρως.
3760 885 3774 917 ι
3806 868 3856 919 Εἰ

2335 959 2438 1028 γὰρ
2464 959 2568 1011 δέοι
2622 959 2714 1010 καὶ
2753 957 2909 1027 μέχρι
2955 957 3138 1026 γήρως
3173 957 3490 1025 παρατεῖναι
3523 954 3618 1023 τὴν
3648 955 3854 1022 ἠλικίαν,

2333 1050 2487 1101 τοῦτο
2517 1049 2613 1116 μὲν
2640 1049 2699 1100 ού
2743 1044 3117 1118 παραιτητέον,
3142 1042 3362 1096 ἱκετεύω
3396 1045 3449 1096 δὲ
3470 1042 3542 1112 μὴ
3577 1045 3856 1114 ἀποστερη-

2334 1140 2486 1209 θῆναί
2524 1157 2650 1192 ποτε
2698 1137 2790 1191 τοῦ
2820 1136 3200 1208 πεπληρῶσθαι
3241 1135 3300 1187 τὸ
3332 1137 3503 1206 στόμα
3530 1120 3628 1205 μου
3654 1136 3748 1205 τῆς
3775 1137 3857 1204 σῆς

2332 1232 2584 1294 αίνέσεως
2625 1232 2716 1283 καὶ
2758 1231 2855 1300 τῆς
2884 1229 2981 1299 σῆς
3019 1227 3502 1298 μεγαλοπρεπείας.
3534 1228 3597 1278 Εἰ
3629 1228 3682 1279 δὲ
3706 1228 3856 1296 καιρῷ

2329 1339 2432 1375 τινι
2453 1321 2539 1374 διὰ
2563 1322 2736 1391 γῆρας
2761 1319 2969 1372 ἐκλίποι
2995 1321 3026 1387 ἡ
3078 1317 3226 1386 ἰσχύς
3250 1334 3369 1387 μου,
3404 1317 3534 1386 μηδέ
3566 1317 3682 1368 τότε
3717 1335 3777 1386 με
3803 1321 3858 1369 σὺ

2329 1412 2723 1480 ἐγκαταλίποις.
2770 1411 2951 1464 Ταῦτα
2985 1409 3080 1480 μὲν
3109 1405 3199 1462 οὖν
3233 1409 3454 1479 ἁρμόζοι
3491 1410 3556 1461 ἂν
3583 1407 3754 1476 λέγειν
3778 1410 3856 1462 καὶ

2328 1503 2404 1572 τῷ
2423 1502 2582 1556 Δαυῖδ
2611 1504 2701 1556 καὶ
2745 1503 2903 1555 παντὶ
2945 1499 3210 1570 ἀνθρώπῳ
3250 1498 3481 1568 θεοφιλεῖ
3511 1500 3567 1552 ἐν
3597 1503 3710 1561 ταῖς
3740 1499 3855 1570 πρὸς

2325 1594 2414 1646 τὸν
2446 1593 2574 1646 Θεὸν
2616 1593 2932 1664 ἱκετηρίαις.
2982 1591 3100 1642 Ἐπὶ
3125 1590 3180 1642 δέ
3208 1588 3299 1642 τοῦ
3317 1591 3561 1660 Σωτῆρος
3592 1591 3858 1659 ἐπίστησον

2318 1683 2469 1747 ὅπως
2493 1672 2701 1755 εἴρηται
2746 1683 2822 1753 τῷ
2867 1682 3165 1752 Ἀπτοστόλῳ
3193 1683 3270 1745 τὸ,
3303 1701 3321 1732 ι
3365 1681 3702 1753 Ἐσταυρώθη
3737 1681 3787 1734 δὲ
3807 1680 3857 1744 ἐξ

2324 1775 2625 1837 ἀσθενείας,
2658 1774 2789 1827 ἀλλὰ
2816 1773 2880 1844 ζῇ
2913 1775 2975 1826 ἐκ
3004 1774 3278 1844 δυνάμεως
3304 1773 3458 1828 Θεοῦ.
3497 1793 3514 1824 ›
3552 1776 3612 1826 Ei
3643 1773 3749 1844 γὰρ
3777 1775 3855 1826 καὶ

2325 1865 2382 1930 ἐξ
2430 1866 2709 1929 ἀσθενείας
2763 1865 3096 1937 ἐσταυρώθη,
3140 1864 3250 1918 ἀλλ’
3278 1865 3391 1918 οὔτι
3424 1883 3487 1932 γε
3522 1865 3751 1935 νικηθεὶς
3779 1867 3855 1931 ὑφ’

679 1959 763 2012 his
783 1958 958 2012 verbis
982 1977 995 2014 :
1036 1976 1057 2008 ι
1096 1956 1262 2012 Nemo
1291 1957 1432 2010 tollit
1460 1957 1693 2008 animam
1717 1969 1889 2007 meam
1923 1968 2099 2007 ame:
2127 1953 2218 2032 sed

2323 1957 2540 2026 ἐτέρων,
2572 1955 2730 2018 αὐτὸς
2755 1955 2809 2008 δέ
2847 1955 3035 2008 ἐαυτὸν
3056 1955 3252 2024 ἀσθενῆ
3282 1958 3531 2024 ποιήσας,
3567 1958 3656 2009 καὶ
3685 1955 3858 2008 ἐαυτὸν

676 2062 773 2116 ego
798 2061 938 2116 pono
971 2061 1092 2117 eam
1124 2061 1152 2098 a
1184 2047 1409 2114 meipso.
1435 2044 1762 2099 Potestatem
1791 2043 1964 2098 habeo
1988 2044 2219 2113 ponendi

673 2152 812 2202 eam,
830 2146 882 2191 et
903 2144 1223 2207 potestatem
1243 2136 1416 2206 habeo
1437 2134 1733 2204 recipiendi
1754 2149 1873 2188 eam
1888 2136 1953 2189 θ’.
1984 2154 2001 2186 ι
2024 2135 2222 2200 Quem-

673 2227 962 2281 admodum
995 2227 1182 2296 ‘igi'tur
1237 2225 1541 2279 liumiliavit
1588 2225 1956 2296 semetipsum,
1991 2224 2220 2280 formam

673 2317 814 2369 servi
846 2316 1156 2384 accipiens;
1192 2315 1272 2369 sic
1305 2329 1425 2370 sese
1463 2314 1737 2368 inﬁrmum
1791 2314 1988 2380 eﬁ‘ecit,
2019 2307 2022 2312 ’
2053 2324 2110 2370 ut
2153 2315 2221 2368 ab

673 2406 982 2461 hominibus
1011 2406 1128 2475 capi
1154 2413 1356 2474 posset,
1395 2413 1560 2476 utque
1581 2422 1796 2462 crucem
1826 2408 2051 2473 subiret,
2091 2427 2109 2458 ι
2139 2407 2218 2462 fa-

669 2505 791 2553 ctus
817 2496 1073 2552 obediens
1103 2516 1121 2548 ι
1150 2495 1299 2551 Patri
1336 2517 1352 2548 ι
1391 2513 1564 2568 usque
1596 2500 1660 2554 ad
1708 2509 1954 2563 mortem,
1991 2509 2218 2556 mortem

669 2598 849 2643 autem
879 2588 1150 2642 crucis”.
1193 2606 1211 2639 ›
1248 2586 1428 2653 Quare
1456 2588 1551 2654 ait;
1600 2609 1617 2640 ι
1657 2590 1792 2645 Cum
1826 2591 2082 2646 defecerit
2106 2595 2218 2648 vir-

669 2690 757 2735 tus
789 2694 928 2744 mea,
961 2695 1028 2734 ne
1048 2679 1396 2749 derelinquas
1429 2695 1532 2735 me.
1568 2700 1586 2732 ι
1622 2680 1827 2737 Deinde
1857 2698 1976 2737 cum
2007 2685 2218 2753 passio-

666 2786 788 2824 nem
821 2776 1194 2835 memorasset,
1228 2769 1514 2837 passionis.
1547 2778 1830 2826 auctorum
1888 2774 2215 2827 mentionem

666 2861 794 2914 facit
823 2859 1011 2915 dicens
1043 2879 1054 2912 :
1094 2878 1111 2909 ι
1156 2859 1291 2925 Quia
1328 2860 1578 2914 dixerunt
1611 2861 1816 2916 inimici
1847 2864 1951 2918 mei
1981 2864 2135 2926 mihi,
2165 2873 2217 2919 et

682 2953 756 3020 lui
780 2951 1158 3006 custodiebant
1188 2951 1423 3003 animam
1470 2966 1674 3017 meam;
1722 2972 1742 3005 ›
1772 2954 1885 3008 sive
1919 2955 2216 3009 secundum

686 3043 1069 3114 Symmachum,
1110 3059 1129 3091 ι
1166 3040 1231 3092 Et
1259 3041 1350 3109 qui
1380 3033 1743 3107 observabant
1764 3043 1997 3098 animam
2021 3061 2213 3112 meam,

667 3133 962 3188 consilium
988 3121 1225 3186 inierunt
1257 3131 1419 3186 simul
1450 3133 1694 3188 dicentes
1714 3173 1728 3198 ,
1763 3132 1903 3189 Deus
1933 3135 2218 3206 dereliquit

662 3239 814 3289 eum;
859 3221 1244 3292 persequimini
1288 3230 1340 3276 et
1392 3223 1830 3293 comprehendite
1888 3240 2010 3280 eum
2034 3245 2060 3292 ,’
2088 3228 2215 3294 quia

2323 2049 2591 2118 παραδοὺς
2609 2048 2913 2118 ὑποχείριον
2953 2047 3253 2118 ἀνθρώποις
3276 2064 3287 2077 ·
3324 2048 3351 2100 ὃ
3382 2048 3446 2117 δὴ
3491 2048 3723 2100 διδάσκει
3768 2047 3854 2114 φά-

2322 2157 2463 2192 σκων
2482 2155 2494 2168 ·
2523 2158 2540 2188 ι
2571 2139 2755 2200 Οὐδεὶς
2801 2138 2940 2207 αἷρει
2982 2137 3078 2207 τὴν
3105 2138 3277 2208 ψυχήν
3307 2155 3405 2207 μου
3433 2138 3524 2190 ἀπ’
3555 2137 3683 2206 ἐμοῦ
3704 2155 3716 2166 ·

2320 2228 2427 2297 ἐγὼ
2447 2227 2632 2298 τίθημι
2665 2228 2830 2298 αὐτὴν
2863 2230 2957 2281 ἀπ’
2979 2228 3232 2298 ἐμαυτοῦ.
3277 2227 3548 2292 Ἐξουσίαν
3570 2228 3673 2297 ἔχω
3702 2229 3852 2280 θεῖναι

2319 2321 2508 2392 αὐτὴν,
2539 2320 2630 2390 καὶ
2660 2319 2901 2384 ἐξουσίαν
2927 2319 3033 2389 ἔχω
3065 2317 3245 2372 λαϐεῖν
3276 2320 3463 2391 αὑτήν.
3503 2339 3521 2372 ι
3554 2321 3752 2392 Ὠσπερ
3774 2316 3856 2372 οὖν

2318 2413 2578 2465 ἐκένωσεν
2610 2412 2770 2474 αὐτὸς
2802 2411 2986 2464 ἐαυτὸν
3019 2411 3228 2482 μορφὴν
3260 2411 3443 2464 δούλου
3477 2411 3673 2475 λαῦὼν,
3699 2411 3855 2473 οὕτως

2317 2503 2512 2572 ἀσθενῆ
2540 2503 2725 2558 ἐαυτὸν
2774 2495 3080 2574 εἰργάσατο,
3126 2503 3270 2565 ὅπως
3301 2503 3501 2566 ἀλωτὸς
3538 2504 3750 2572 γένηται
3781 2503 3857 2556 ἀν-

2317 2594 2569 2666 θρώποις,
2594 2598 2685 2649 καὶ
2720 2597 2804 2649 ἵνα
2839 2596 3067 2665 σταυρὸν
3090 2595 3332 2665 ὑπομένῃ
3372 2614 3391 2645 ι
3432 2596 3667 2664 ὑπήκοος
3695 2594 3854 2662 γιγνό-

2319 2704 2476 2757 μενος
2521 2707 2538 2739 ι
2577 2686 2653 2758 τῷ
2706 2688 2879 2758 Πατρὶ
2911 2707 2928 2738 ι
2977 2687 3134 2758 μέχρι
3187 2685 3434 2750 θανάτου,
3494 2686 3587 2740 καὶ
3641 2686 3852 2740 θανάτου

2319 2778 2566 2850 σταυροῦ,
2603 2798 2620 2830 ι
2656 2778 2744 2831 Διό
2791 2795 2951 2847 φησιν
2972 2795 2984 2807 ·
3026 2798 3043 2829 ι
3094 2779 3180 2832 Ἐν
3209 2777 3283 2847 τῷ
3307 2777 3575 2830 ἐκλείπειν
3594 2778 3688 2846 τὴν
3716 2770 3854 2847 ἰσχύν

2319 2887 2419 2939 μου
2451 2870 2523 2940 μὴ
2565 2869 2930 2939 ἐγκαταλίπῃς
2977 2887 3063 2940 με.
3101 2889 3119 2920 ι
3157 2866 3286 2922 Εἶτα
3315 2870 3496 2939 ἐπειδὴ
3536 2869 3625 2922 τοῦ
3666 2868 3852 2929 πάθους

2316 2961 2506 3012 ἐαυτοῦ
2532 2961 2897 3030 ἐμνημόνευσε
2932 2963 3025 3014 καὶ
3053 2961 3159 3035 τῶν
3184 2962 3242 3012 τὸ
3276 2961 3443 3024 πάθος
3486 2961 3852 3032 ἐργασαμένων

2315 3050 2616 3114 ἀκολούθως
2668 3055 2895 3104 ποιεῖται
2945 3053 3162 3121 μνήμην
3207 3051 3409 3119 λέγων·
3441 3072 3459 3103 ι
3496 3053 3612 3105 Ὀτι
3641 3050 3789 3104 εἶπαν
3809 3054 3852 3102 ol

2314 3143 2496 3214 ἐχθροί
2516 3161 2613 3212 μου
2643 3143 2784 3213 ἐμοὶ,
2809 3143 2902 3195 καὶ
2924 3145 2971 3194 οἱ
2989 3141 3346 3211 φυλάσσοντες
3371 3145 3469 3213 τὴν
3495 3143 3666 3214 ψυχήν
3691 3160 3787 3214 μου
3805 3159 3846 3192 ·›

2313 3235 2347 3304 ἢ
2378 3233 2515 3288 κατὰ
2569 3234 2659 3288 τὸν
2694 3233 3001 3304 Σύμμαχον,
3049 3251 3067 3284 ι
3115 3234 3220 3287 Καὶ
3254 3234 3302 3285 οἱ
3345 3234 3726 3305 ἐπιτηροῦντες
3762 3233 3855 3302 τὴν

659 3330 769 3371 non
795 3322 878 3369 est
909 3314 1001 3384 qui
1031 3312 1245 3383 eripiat.
1280 3333 1297 3362 ι
1335 3312 1458 3368 Haec
1500 3315 1701 3386 quippe
1728 3314 1982 3370 dicebant
2007 3317 2210 3386 princi-

2319 3324 2483 3395 ψυχήν
2509 3342 2609 3394 μου
2663 3323 3045 3381 ἐδουλεύσαντο
3079 3325 3170 3377 ἐπὶ
3207 3325 3266 3378 τὸ
3307 3325 3438 3378 αὐτὸ
3485 3325 3757 3392 λέγοντες·
3800 3325 3855 3376 ὐ

661 3421 758 3477 ,σεε
789 3405 1129 3460 sacerdotum
1159 3413 1211 3459 et
1239 3405 1331 3475 qui
1371 3421 1494 3459 cum
1529 3406 1596 3461 iis
1641 3413 1817 3471 erant,
1855 3408 1910 3460 in
1963 3414 2207 3478 tempore

657 3497 931 3569 passionis
966 3491 1245 3553 moventes
1270 3499 1449 3568 capita
1483 3512 1583 3553 sua
1636 3506 1690 3552 et
1743 3498 1823 3552 sic
1871 3499 2156 3568 loquentes
2189 3517 2204 3555 :

662 3606 682 3641 ι
715 3587 817 3655 Qui
846 3588 1077 3644 destruit
1104 3588 1364 3657 templum
1399 3599 1452 3644 et
1483 3589 1540 3642 in
1569 3588 1747 3642 tribus
1778 3587 1972 3645 diebus
2002 3592 2209 3646 excitat

655 3679 808 3744 illud,
835 3680 969 3736 alios
996 3681 1175 3735 salvos
1197 3678 1346 3744 fecit,
1383 3681 1622 3750 seipsum
1658 3695 1768 3735 non
1797 3689 1973 3752 potest
1998 3685 2204 3740 salvum

656 3765 854 3828 facere.
892 3771 949 3826 Si
974 3788 1068 3826 rex
1100 3771 1265 3827 Israel
1298 3779 1404 3837 est,
1431 3770 1726 3828 descendat
1753 3786 1898 3830 nunc
1918 3775 1986 3831 de
2013 3790 2199 3844 cruce,

654 3870 709 3918 et
733 3863 1015 3918 credemus
1042 3864 1091 3917 ei
1117 3864 1184 3915 θ’.
1232 3882 1250 3914 ι

2310 3413 2440 3477 Θεὸς
2477 3414 2826 3482 ἐγκατέλιπεν
2859 3414 3048 3468 αὐτόν·
3094 3413 3453 3481 καταδιώξατε
3498 3416 3589 3469 καὶ
3634 3414 3853 3468 καταλά-

2311 3504 2633 3569 6ετε,αὐτὸν,
2658 3507 2739 3558 ὅτι
2786 3507 2886 3560 οὐκ
2928 3506 3071 3559 ἐστιν
3110 3508 3137 3559 ό
3171 3507 3444 3576 ῥυόμενος.
3489 3525 3507 3558 ι
3548 3506 3726 3559 Ταῦτα
3755 3507 3853 3577 γὰρ

2310 3596 2492 3665 ἔλεγον
2536 3599 2584 3651 οἱ
2626 3599 2896 3669 ἀρχιερεῖς
2929 3598 3021 3651 καὶ
3045 3599 3093 3651 oi
3129 3593 3223 3651 ὃὺν
3255 3599 3432 3662 αὐτοῖς
3463 3598 3602 3652 κατὰ
3631 3599 3718 3652 τὸν
3744 3616 3852 3651 και-

2311 3689 2401 3758 ρὸν
2430 3688 2525 3742 τοῦ
2579 3689 2802 3756 πάθους,
2851 3688 3124 3751 κινοῦντες
3153 3688 3328 3742 αὐτῶν
3367 3689 3466 3751 τὰς
3503 3690 3735 3759 κεφαλὰς
3767 3691 3852 3743 καὶ

2307 3765 2582 3847 λέγοντεςη
2627 3800 2646 3831 ι
2693 3780 2752 3833 Ὀ
2802 3780 3083 3849 καταλύων
3138 3781 3227 3833 τὸν
3274 3780 3399 3832 ναὸν
3456 3782 3548 3833 καὶ
3575 3783 3632 3832 ἐν
3684 3781 3851 3851 τρισὶν

2306 3870 2540 3940 ἡμέραις
2599 3869 2825 3940 ἐγείρων
2881 3868 3062 3931 αὑτὸν,
3106 3859 3300 3930 ἄλλους
3328 3868 3548 3931 ἔσωσεν,
3583 3870 3764 3921 ἑαυτὸν
3794 3869 3852 3920 οὐ

652 3951 867 4009 δύναται
895 3955 1082 4008 σῶσαι.
1123 3954 1185 4007 El
1212 4009 1224 4021 ,
1250 3953 1495 4024 βασιλεύς
1526 3956 1641 4009 ἐστι
1690 3957 1780 4010 τοῦ
1827 3958 2038 4033 Ἰσραὴλ
2058 4000 2072 4025 ,
2114 3960 2403 4015 κατασάτω
2436 3961 2528 4016 νῦν
2556 3960 2663 4013 ἀπὸ
2684 3958 2777 4012 τοῦ
2809 3958 3039 4031 σταυροῦ
3064 3998 3078 4023 ,
3127 3959 3220 4013 καὶ
3249 3959 3607 4030 πιστεύσομεν
3630 3960 3792 4032 αὐτῷ.
3829 3979 3844 4009 ι

723 4066 888 4121 Vna.
925 4065 1107 4122 42—16.
1147 4085 1165 4117 ι
1228 4066 1389 4130 Deus,
1423 4084 1490 4124 ne
1525 4070 1796 4139 elongeris
1837 4086 1868 4125 a
1914 4088 2020 4137 me,
2061 4073 2199 4130 Deus

650 4159 706 4214 in
737 4157 1000 4212 auxilium
1059 4172 1236 4210 meum
1287 4159 1519 4227 respice.
1558 4179 1576 4210 ι
1615 4160 1824 4215 inimici
1875 4163 1983 4217 mei
2034 4178 2199 4234 supra

650 4249 938 4305 memorati
980 4247 1256 4313 dicebant,
1290 4268 1308 4299 ι
1343 4249 1485 4304 Deus
1513 4250 1798 4320 dereliquit
1829 4268 1953 4307 eum
1989 4273 2003 4308 :
2044 4274 2064 4306 ›
2099 4270 2198 4324 ego

651 4349 830 4395 autem
859 4354 991 4410 rogo
1022 4341 1393 4410 deprecorque
1424 4348 1475 4395 te
1521 4339 1689 4395 Deum
1725 4357 1924 4406 meum,
1954 4352 2013 4398 ut
2049 4344 2196 4401 adsis

646 4446 859 4501 semper
908 4431 1060 4495 mihi,
1098 4447 1275 4501 neque
1303 4432 1492 4501 procul
1524 4447 1554 4486 a
1607 4447 1691 4488 me
1722 4432 1965 4498 recedas,
2001 4435 2095 4489 sed
2130 4437 2197 4491 ad

645 4523 904 4576 auxilium
937 4538 1116 4578 meum
1146 4525 1428 4594 respicias.
1452 4522 1528 4578 Te
1553 4524 1751 4594 quippe
1778 4524 2078 4593 adjutorem
2103 4541 2199 4580 na-

2381 4094 2398 4125 ι
2447 4075 2505 4127 '0
2527 4073 2675 4136 Θεὸς,
2704 4072 2777 4143 μὴ
2804 4072 3080 4144 μακρύνῃς
3107 4073 3199 4125 ἀπ’
3222 4071 3353 4143 ἐμοῦ
3374 4089 3388 4102 ο
3416 4075 3444 4124 ὁ
3471 4072 3619 4136 Θεὸς,
3653 4075 3731 4136 είς
3757 4073 3849 4145 τὴν

2307 4165 2550 4238 βοήθειάν
2587 4181 2687 4234 μου
2715 4165 2965 4236 πρόσχες.
2992 4186 3009 4217 ι
3039 4166 3099 4218 Ol
3141 4164 3237 4234 μὲν
3276 4163 3653 4235 προλεχθέντες
3675 4163 3847 4234 ἐχθροί

2307 4275 2408 4329 μου
2455 4257 2663 4325 ἔλεγον·
2712 4277 2729 4309 ι
2773 4259 2830 4311 Ὀ
2879 4258 3008 4322 Θεὸς
3059 4258 3408 4327 ἐγκατέλιπεν
3455 4259 3644 4312 αὐτόν·
3685 4277 3704 4310 ι
3746 4256 3848 4325 ἐγὼ

2302 4348 2359 4402 δὲ
2387 4346 2645 4400 άιτιὸολῶ
2671 4348 2764 4402 καὶ⁵
2809 4349 2996 4420 δέομαί
3026 4367 3084 4403 σε
3125 4350 3213 4403 τὸν
3244 4349 3477 4420 ἐμαυτοῦ
3511 4349 3637 4403 Θεὸν
3669 4350 3846 4420 παρεῖ-

2304 4439 2391 4493 ναί
2453 4457 2540 4510 μοι
2596 4439 2902 4508 διαπαντὸς,
2968 4444 3101 4514 μηδὲ
3159 4445 3371 4515 μακράν
3423 4462 3522 4514 μου
3581 4441 3843 4501 ἵστασθαι,

2304 4531 2588 4603 προσέχειν
2619 4533 2674 4585 δέ
2721 4536 2801 4598 είς
2833 4535 2929 4606 τὴν
2972 4534 3220 4605 βοήθειάν
3266 4553 3382 4606 μου.
3427 4537 3494 4588 Σὲ
3526 4535 3631 4605 γὰρ
3664 4534 3845 4603 βοηθὸν

644 4621 788 4676 ctus,
813 4614 981 4684 probe
1021 4616 1136 4670 scio
1175 4630 1261 4670 me
1292 4630 1481 4671 omnes
1512 4615 1765 4669 inimicos
1810 4630 1960 4670 meos
1990 4617 2194 4684 pudore

2319 4623 2589 4693 ιτώμενος,
2618 4621 2713 4678 οἷδ’
2748 4627 2827 4679 ὅτι
2868 4626 3068 4696 ὄψομαι
3105 4626 3618 4697 καταισχυνομένους
3650 4625 3844 4686 πάντας

643 4704 880 4761 suffusos
922 4705 1165 4758 visurum
1216 4721 1355 4760 esse.
1393 4706 1529 4760 Illud
1560 4714 1761 4771 autem,
1797 4725 1814 4757 ι
1860 4706 2199 4762 confundan-

2319 4732 2402 4766 mu
2431 4714 2555 4776 τοὺς
2599 4701 2843 4788 ἐχθρούς.
2892 4717 2963 4770 Τὸ
3004 4717 3080 4781 δέ,
3123 4736 3140 4768 ι
3178 4718 3633 4788 αἱσχυνθήτωσαν,
3677 4736 3694 4767 ι
3732 4732 3843 4768 ςυν-

640 4806 750 4860 tur,
790 4816 810 4848 ο
836 4811 933 4866 pro
961 4806 1223 4850 consueto
1245 4797 1300 4851 in
1323 4798 1506 4852 divina
1537 4796 1818 4866 Scriptura
1843 4813 2015 4864 more,
2051 4815 2197 4853 nunc

2319 4805 2533 4879 jﬁwgrﬁ
2553 4807 2670 4880 θείᾳ
2690 4810 2873 4881 Γραφῇ
2912 4808 3006 4861 καὶ
3039 4808 3133 4861 νῦν
3165 4809 3282 4862 ἀντὶ
3313 4806 3428 4871 τοῦ,
3449 4806 3842 4875 ιαίσχυνθήσον-

640 4907 856 4962 quoque
909 4904 1007 4960 pro
1055 4905 1073 4938 ι
1135 4887 1536 4942 confundentur
1590 4908 1607 4940 ›
1644 4889 1852 4944 dictum
1901 4898 2019 4957 est;
2067 4890 2197 4944 illud

2319 4914 2385 4950 ται
2419 4918 2436 4949 ι
2469 4901 2712 4972 εἴρηται·
2764 4904 2854 4954 καὶ
2885 4901 2963 4963 τὸ,
3008 4918 3026 4949 ι
3077 4899 3491 4959 ἐκλειπέτωσαν,
3529 4919 3548 4951 ι
3580 4898 3692 4951 ἀντὶ
3731 4897 3839 4957 τοῦ,

641 4983 792 5044 item,
831 5000 849 5031 ι
907 4989 959 5034 et
991 4978 1266 5041 deﬁciant,
1311 4999 1328 5029 ι
1363 4994 1461 5049 pro
1507 4998 1525 5030 ι
1565 4979 1818 5035 deﬁcient
1846 4980 2195 5037 detrahentes

2319 5007 2323 5038 π
2363 4989 2694 5058 ἐκλείψουσιν
2719 4992 2766 5044 ol
2803 4990 3228 5054 ἐνδιαϐάλλοντες
3256 4991 3354 5062 τὴν
3380 4990 3559 5059 ψυχήν
3592 5005 3687 5059 μου
3710 5005 3724 5017 ο
3760 5008 3776 5039 ι
3809 4987 3838 5057 ἢ

640 5073 832 5128 animae
860 5087 1010 5135 meae,
1053 5091 1071 5123 ι
1121 5071 1351 5141 positum
1383 5078 1505 5136 est;
1561 5070 1675 5124 sive
1706 5071 2000 5125 secundum
2039 5071 2194 5143 Sym-

2319 5080 2438 5132 ιατά
2456 5081 2544 5133 τὸν
2573 5083 2882 5151 Σύμμαχον,
2914 5099 2930 5129 ι
2955 5083 3001 5133 οἱ
3023 5081 3380 5150 ἀντικείμενοι
3420 5083 3483 5150 τῇ
3517 5080 3654 5150 ψυχῇ
3689 5096 3834 5149 μου.»

639 5163 913 5225 machum,
956 5181 973 5213 ι
1013 5162 1312 5216 adversarii
1343 5164 1534 5217 anima:
1554 5178 1703 5217 mere.
1742 5182 1760 5214 ι
1794 5162 2075 5228 Quomodo
2096 5181 2193 5220 au-

2319 5169 2480 5233 Ὀπως
2502 5172 2555 5224 δὲ
2583 5171 2953 5224 ἐκλελοίπασιν
2986 5173 3244 5242 αἰσχύνην
3271 5173 3658 5242 καταχεάμενοι
3689 5172 3736 5224 οἱ
3758 5171 3841 5223 τὸν

641 5262 750 5308 tem
783 5255 988 5326 pudore
1023 5256 1215 5312 suffusi
1255 5254 1554 5310 defecerint
1581 5257 1674 5326 qui
1707 5271 1894 5310 necem
1923 5258 2044 5325 ejus
2076 5271 2191 5312 mo-

2319 5260 2519 5314 ldvarov
2563 5261 2708 5330 αὐτῷ
2745 5263 3123 5332 τυρεύσαντες,
3162 5264 3220 5314 οὐ
3262 5263 3480 5332 μακρῶν
3503 5267 3627 5335 ἡμῖν
3657 5263 3736 5316 δεῖ
3757 5262 3838 5314 λό-

638 5346 720 5400 liti
751 5355 899 5411 sunt,
933 5362 1042 5404 non
1074 5349 1237 5419 longo
1272 5348 1430 5402 nobis
1454 5362 1705 5402 sermone
1732 5347 2036 5416 disquirere
2055 5363 2192 5418 opus

2319 5365 2435 5402 ’ων-
2473 5354 2629 5404 ὁπότε
2657 5353 2714 5417 ἐξ
2739 5353 2942 5405 ἐκείνου
2971 5353 3242 5406 ἐκλέλοιπε
3273 5355 3376 5417 πᾶς
3408 5356 3689 5426 ἀρχιερεὺς
3717 5353 3839 5421 παρ’

638 5445 722 5493 est
750 5458 763 5492 :
796 5454 918 5493 nam
949 5455 1013 5493 ex
1038 5455 1104 5495 eo
1133 5448 1374 5511 tempore
1404 5439 1657 5512 princeps
1679 5439 2021 5494 sacerdotum
2049 5438 2189 5512 apud

2319 5442 2492 5506 ιὺτοῖς,
2518 5445 2823 5513 Φαρισαίων
2865 5445 2919 5496 δέ
2963 5447 3080 5498 οὐδέ
3124 5445 3289 5514 ὸνομα
3319 5445 3396 5499 ἔτι
3437 5447 3695 5506 λείπεται,
3729 5442 3838 5494 οὐδὲ

639 5547 732 5585 cos
765 5531 982 5602 penitus
1028 5531 1243 5596 defecit,
1290 5533 1689 5586 Pharisaeorum
1727 5547 1856 5586 vero
1889 5547 1958 5586 ne
1993 5550 2188 5589 nomen

2319 5538 2480 5606 ινήμη
2526 5536 2634 5588 τῶν
2678 5539 2805 5606 παρ’
2839 5538 3017 5597 αὐτοῖς
3037 5535 3372 5605 ἀξιωμάτων.
3429 5537 3693 5603 Ἐξέλιπον
3739 5532 3839 5598 γὰρ

638 5622 850 5689 quidem
886 5635 1151 5692 superest,
1200 5640 1375 5693 neque
1423 5621 1686 5676 memoria
1723 5622 1830 5675 ulla
1865 5622 2185 5693 dignitatum

2319 5630 2549 5698 ἐρχοντες
2576 5629 2633 5691 ἐξ
2675 5628 2841 5680 Ἰούδα
2881 5630 2972 5680 καὶ
3002 5630 3285 5701 ἡγούμενοι
3319 5633 3512 5685 ἐκτῶν
3543 5626 3724 5700 μηρῶν
3749 5622 3839 5678 αὐ-

713 5819 752 5872 ll
793 5820 913 5873 Cor.
950 5834 1068 5881 XLII,
1097 5820 1147 5872 4.
1225 5820 1266 5851 ⁸³
1309 5818 1459 5876 luuu.
1509 5835 1536 5866 τ
1600 5818 1676 5868 lR.
1755 5820 1798 5850 ’°
1824 5817 2016 5889 Philip.
2056 5838 2115 5887 II,
2151 5826 2202 5878 ὅ.
2261 5826 2316 5897 ,θ’
2347 5824 2534 5879 Matth.
2572 5839 2736 5881 xxv”,
2767 5822 2834 5872 Ml
