3966 6348
48 488 131 543 78!
906 534 909 537 .
1145 487 1595 545 COMMENTARI

1695 488 1746 571 IN
1784 485 2115 541 PSALMOS.

3120 489 3219 543 ’Χδὲ

43 604 147 664 τοῦ,
183 602 285 672 τῆς
316 602 637 673 ⁸ιικροσδοιιίας
662 602 962 656 τῶνηὲθνῶν
998 605 1292 675 ἐπιστάσης
1321 606 1461 659 κατὰ
1488 606 1584 674 τὴν

1695 618 1891 658 eorum.
1922 601 2240 657 Defecerunt
2267 601 2464 686 quippe
2491 601 2761 672 principes
2791 617 2856 657 ex
2886 602 3025 673 Juda
3054 606 3223 659 etdu-

47 691 193 743 τοῦτο
240 690 606 753 θεσπίζουσαν
639 692 988 761 προφητείαν.
1013 692 1121 745 Καὶ
1163 692 1284 744 οὔτε
1330 691 1583 761 βασιλεῖς,

46 780 156 832 οὔτε
182 781 468 850 ἡγεμόνες,
494 780 615 833 οὔτε
637 782 776 844 τινὲς
794 782 920 852 παρ’
942 784 1119 845 αὐτοῖς
1150 783 1399 835 δυνάσται
1429 785 1585 846 εἰσὶν,

48 873 155 926 οὐδέ
186 890 237 924 τι
256 872 444 941 τάγμα
479 871 582 923 τῶν
613 872 775 924 πάλαι
805 874 929 943 παρ’
958 874 1137 934 αὐτοῖς
1170 873 1333 926 ὄντων
1376 873 1587 943 περιλέ-

49 968 277 1019 λειπται·
335 966 811 1035 καταισχυνθέντες
855 968 910 1020 δὲ
961 969 1159 1029 πάντες
1218 968 1586 1020 ἐκλελοίπασιν

53 1063 93 1110 οἰ
120 1058 488 1120 διαὸἁλλοντες
534 1058 693 1111 αὐτοῦ
731 1058 828 1129 τὴν
873 1059 1067 1128 ψυχήν.
1103 1059 1187 1111 Ἐν
1216 1059 1374 1127 ὁποίᾳ
1413 1059 1467 1110 δὲ
1501 1061 1585 1111 αἰ·-

55 1150 211 1221 σχύνῃ
260 1149 613 1220 τυγχάνουσιν
660 1150 822 1202 εἰσέτι
866 1152 957 1203 καὶ
990 1149 1081 1202 νῦν
1106 1150 1154 1200 οἰ
1183 1148 1287 1201 τῶν
1323 1149 1587 1202 Ἰουδαίων

55 1239 370 1310 προεστάναι
427 1238 793 1309 νομιζόμενοι,
836 1238 1065 1311 ὁρῶντες
1104 1240 1322 1302 ἑαυτοὺς
1363 1241 1457 1309 μὲν
1500 1241 1587 1293 διὰ

56 1331 224 1399 πάσης
257 1328 481 1397 Γραφῆς
516 1329 609 1380 ἐπὶ
636 1328 1089 1397 εἰδωλολατρείαις
1120 1328 1584 1398 διαϐεϐλημένους,

56 1422 215 1473 πάντα
242 1421 298 1472 δὲ
334 1419 403 1471 τὰ
441 1419 558 1471 καθ’
587 1419 714 1490 ὅλης
742 1420 839 1490 τῆς
870 1421 1191 1490 οἰκουμένης
1218 1419 1341 1491 ἔθνη
1375 1420 1461 1472 διὰ
1487 1421 1587 1488 τῆς

54 1511 135 1562 τοῦ
168 1508 400 1579 Χριστοῦ
445 1510 781 1573 διδασκαλίας
814 1510 909 1579 τῆς
952 1510 1417 1581 πατροπαραδότου
1456 1510 1589 1562 πλά-

56 1618 142 1670 νης
169 1600 603 1671 μεταϐεϐληκότα
619 1618 632 1631 ·
662 1603 718 1653 ὲν
736 1596 815 1665 οἷς
830 1602 930 1672 ήδη
956 1602 1323 1671 τυγχάνουσιν,
1358 1602 1585 1670 ὲντροπῇ

58 1692 272 1761 ὁρῶντες
304 1692 525 1755 ἑαυτοὺς
561 1693 655 1762 μὲν
685 1692 783 1762 τῆς
806 1693 1079 1762 βασιλικῆς
1109 1692 1284 1746 αὐτῶν
1321 1692 1614 1763 μητροπό-“

59 1784 181 1845 λεως
207 1783 299 1835 καὶ
326 1784 678 1853 ἀποὸλήτους,
699 1784 955 1854 ’Έλληνας
982 1784 1037 1836 δὲ
1068 1783 1260 1853 ἄνδρας
1290 1782 1589 1848 ἀλλογενεῖς

61 1874 144 1927 καὶ
189 1874 513 1943 ἀλλοφύλους
554 1876 644 1927 τὸν
687 1876 845 1928 τόπον
897 1876 1071 1927 αὐτῶν
1122 1875 1416 1937 οἰκοῦντας,
1451 1872 1591 1926 κατὰ

1685 709 1775 748 ces
1806 708 1870 747 ex
1896 691 2195 747 femoribus
2234 692 2373 761 ejus,
2401 706 2521 745 cum
2554 692 2859 747 advenisset
2889 697 3223 764 exspectatio

1685 782 1922 851 gentium
1953 782 2019 844 ⁸⁵,
2040 780 2334 837 secundum
2376 780 2710 851 prephetiam
2758 782 2871 836 haec
2923 784 3223 837 vaticinan-

1684 882 1812 927 tem.
1841 872 1919 927 Ac
1946 888 2121 942 neque
2165 887 2342 942 reges,
2376 888 2548 942 neque
2583 872 2769 937 duces,
2792 889 2981 943 ,ncque
3012 875 3104 928 ulli
3137 890 3225 944 pe-

1685 980 1781 1019 nes
1800 980 1892 1019 eos
1917 972 2197 1035 magnates
2232 971 2378 1029 sunt,
2410 980 2520 1019 non
2551 964 2682 1020 ordo
2719 966 2984 1035 quispiam
3015 966 3225 1035 prisco-

1686 1073 1804 1110 rum
1832 1057 2240 1125 magistratuum
2270 1057 2377 1112 illis
2412 1066 2688 1127 superstes
2738 1066 2854 1123 est;
2908 1058 3002 1112 sed
3032 1073 3223 1114 omnes

1685 1146 1778 1214 qui
1799 1145 2155 1199 detrahebant
2188 1144 2380 1199 animae
2428 1146 2570 1214 ejus,
2629 1145 2842 1201 confusi
2890 1146 3219 1203 defeCerunt.

1686 1237 1897 1301 Quanta
1928 1250 2055 1289 vero
2072 1235 2126 1287 in
2156 1234 2478 1289 confusione
2499 1244 2785 1290 versantur
2816 1237 3097 1308 hodieque,
3129 1240 3223 1309 qui

1685 1323 1885 1379 Iudaeis
1938 1340 2168 1393 prmesse
2199 1332 2479 1393 putantur,
2535 1325 2779 1382 videntes
2828 1343 2885 1383 se
2933 1330 3129 1397 passim
3168 1330 3222 1383 in

1689 1412 1986 1483 Scripturis
2006 1415 2322 1469 idololatria
2341 1416 2558 1470 nomine
2586 1419 2853 1485 accusari,
2881 1434 3067 1475 omnes
3099 1434 3226 1474 vero

1686 1519 1782 1573 per
1805 1505 1987 1558 orbem
2016 1512 2201 1574 gentes
2234 1520 2330 1574 per
2358 1506 2895 1575 Christisdoctrinam
2933 1526 2961 1563 a
3001 1519 3225 1579 paterno

1686 1607 1867 1647 errore
1893 1592 2192 1647 descivisse
2227 1610 2325 1648 :ac
2362 1596 2415 1648 in
2442 1598 2640 1665 quibus
2683 1599 2816 1655 locis
2866 1601 2973 1669 jam
3001 1601 3223 1671 degunt,

1686 1680 1785 1738 nix:
1813 1684 1931 1739 sine
1950 1683 2272 1738 confusione
2296 1694 2601 1754 cernentes,
2629 1704 2687 1743 se
2707 1690 2922 1759 quidem
2957 1693 3101 1762 regia
3129 1708 3227 1747 sua

1687 1775 1975 1845 metropoli
1996 1782 2249 1830 extrusos
2278 1790 2341 1831 ac
2364 1776 2621 1844 dejectos,
2655 1777 2870 1835 Grtecos
2892 1789 3079 1837 autem
3104 1784 3231 1838 alie-

1690 1866 1914 1936 nigenas
1943 1874 1997 1920 et
2028 1874 2313 1924 extraneos
2340 1870 2513 1923 locum
2550 1886 2706 1925 suum
2733 1871 3066 1943 incolentes;
3100 1891 3228 1945 gen-

64 1964 228 2026 πάσας
263 1981 321 2017 τε
354 1963 615 2033 ἐπαρχίας
656 1964 746 2016 καί⁸
790 1964 985 2035 χώρας,
1028 1965 1119 2017 καὶ
1154 1964 1334 2026 πόλεις
1376 1965 1499 2027 τοὺς
1531 1962 1589 2028 ἐξ

1695 1964 1875 2027 tesque
1896 1958 1951 2011 in
1979 1960 2229 2015 omnibus
2258 1961 2572 2030 provinciis,
2599 1963 2910 2033 regionibus
2933 1972 2986 2019 et
3003 1966 3228 2021 urbibus

63 2053 215 2106 ἐθνῶν
236 2055 333 2117 τὰς
361 2053 484 2125 περὶ
514 2053 608 2105 τοῦ
638 2051 880 2125 Σωτῆρος
913 2053 1249 2125 προφητικὰς
1278 2053 1457 2121 φωνὰς
1495 2071 1592 2123 κη-

34 2144 373 2214 ·ρύττονταςς
411 2145 645 2215 Αἰσχύνη
680 2144 736 2197 δὲ
772 2144 982 2215 ἀληθῶς
1028 2145 1119 2197 καὶ
1154 2144 1383 2213 ἐντροπὴ
1411 2143 1592 2196 κατεί-

62 2237 214 2307 ληφεν
245 2237 420 2290 αὐτῶν
467 2236 563 2300 τὰς
596 2237 789 2306 ψυχὰς,
823 2238 913 2289 τὸν
943 2236 1066 2305 χθὲς
1086 2236 1150 2289 δι’
1184 2235 1359 2288 αὐτῶν
1380 2234 1595 2307 σταυρῷ

64 2328 417 2397 παραδοθέντα
446 2328 566 2382 καθ’
608 2330 733 2399 ὅλης
768 2331 866 2400 τῆς
916 2328 1233 2398 οἰκουμένης
1266 2328 1594 2397 προσκυνού-

69 2434 210 2486 μενον
246 2420 340 2472 καὶ
373 2418 781 2489 θεολογούμενον
820 2420 1089 2490 ὁρῶντας·
1125 2418 1160 2472 ἃ
1201 2418 1264 2489 δὴ
1298 2416 1596 2487 ἐπληροῦτο

67 2508 353 2573 ἀκολούθως
375 2513 439 2580 τῇ
467 2509 603 2578 μετὰ
629 2513 815 2580 χεῖρας
854 2512 1150 2581 προρρήσει
1178 2509 1463 2578 λεγούσῃ·ι
1492 2507 1595 2559 Πε-

72 2600 447 2667 ριϐσλέσθωσαν
479 2599 733 2669 αἰσχύνην
766 2600 861 2653 καὶ
881 2600 1139 2670 ἐντροπὴν
1156 2601 1211 2652 οἰ
1228 2598 1512 2668 ζητοῦντες
1528 2599 1595 2650 τὰ

68 2689 197 2741 κακά
226 2706 362 2758 μοι.»
384 2690 489 2741 Καὶ
515 2684 657 2741 οὗτοι
688 2688 785 2756 μὲν
808 2689 929 2742 τάδε
958 2690 1247 2742 πείσονται·
1285 2707 1302 2739 ι
1325 2686 1461 2755 Ἐγὼ
1481 2688 1589 2749 δὲ,›

73 2778 153 2829 ὑπ’
181 2779 351 2832 αὐτῶν
365 2779 430 2833 τὰ
458 2779 688 2833 τοσαῦτα
706 2778 1000 2842 πεπονθὼς,
1031 2797 1049 2828 ι
1084 2778 1385 2842 διαπαντὸς,
1414 2780 1592 2848 φησιν,

73 2869 240 2932 ὲλπιῶ,
261 2872 355 2923 καὶ
380 2870 667 2942 προσθήσω
693 2871 785 2924 ἐπὶ
836 2872 1011 2923 πᾶσαν
1034 2869 1127 2941 τὴν
1168 2869 1367 2923 αῖνεσίν
1420 2887 1534 2922 σου.
1572 2889 1590 2921 ι

85 2958 217 3011 Ἐπεὶ
250 2958 305 3011 δὲ
376 2958 513 3011 κατὰ
566 2958 770 3022 πάντας
819 2958 943 3019 τοὺς
1017 2957 1449 3027 ἑρμηνεύσαντας
1500 2956 1594 3018 τὸ,

80 3066 96 3098 ι
122 3050 392 3121 προσθήσω
420 3089 437 3114 ,
478 3069 498 3101 ι
520 3050 765 3104 λέλεκται
802 3050 830 3103 ὃ
862 3066 920 3102 τε
971 3048 1195 3111 Ἀκύλας
1221 3050 1379 3117 φησι,
1416 3067 1434 3100 ι
1491 3048 1599 3100 Καὶ

77 3142 343 3213 προσθήσω
374 3142 465 3195 ἐπὶ
499 3141 674 3205 πάσας
707 3142 996 3211 ὑμνήσεις·
1041 3160 1060 3193 ι
1092 3142 1185 3193 καὶ
1212 3142 1241 3193 ό
1266 3140 1555 3211 Σύμμαχος
1580 3180 1595 3204 ,

81 3251 97 3281 ι
137 3233 219 3285 καὶ
250 3234 532 3305 προσθήσω
551 3235 661 3295 τοῖς
695 3231 903 3302 ὕμνοις·
937 3250 956 3283 ι
988 3232 1087 3303 ὅρα
1107 3234 1155 3284 εί
1186 3231 1258 3302 μὴ
1288 3230 1599 3302 προσθήκην

1694 2048 2040 2118 propheticas
2072 2047 2381 2104 Servatoris
2413 2066 2572 2114 voces
2602 2052 2993 2121 praedicantes?
3020 2053 3225 2108 Confu—

1693 2140 1774 2193 sio
1819 2153 2005 2193 revera
2032 2150 2086 2193 et
2113 2140 2408 2209 ignominia
2441 2141 2647 2197 animas
2682 2157 2866 2196 eorum
2899 2144 3116 2208 invasit,
3148 2144 3227 2196 vi~

1692 2228 1880 2283 dentes
1900 2243 2023 2282 eum
2039 2230 2130 2298 qui
2155 2230 2221 2283 ab
2242 2230 2373 2299 ipsis
2396 2230 2648 2309 hesterna
2674 2231 2759 2287 die
2789 2232 2855 2286 ad
2887 2220 3099 2288 cruciant
3116 2242 3230 2287 tra-

1693 2316 1835 2371 ditus
1851 2325 1953 2380 est,
1970 2331 2069 2387 per
2082 2325 2253 2372 totum
2273 2319 2458 2375 orbem
2474 2321 2684 2375 adorari
2699 2320 2972 2392 Deumque
2980 2322 3232 2392 praedica-

1693 2405 1737 2456 ri
1758 2422 1775 2471 ς
1796 2420 1914 2473 quae
1932 2420 2063 2460 sane
2080 2407 2296 2477 impleta
2315 2417 2441 2462 sunt
2461 2418 2850 2481 consequenter
2867 2411 2932 2465 ad
2944 2412 3081 2465 hanc
3100 2427 3233 2482 prm-

1692 2494 1981 2549 dictionem
2001 2496 2078 2551 sic
2096 2497 2381 2554 habentem
2411 2519 2423 2555 :
2456 2508 2481 2552 ἰ
2515 2492 2815 2557 lnduantur
2838 2503 3158 2557 confusione
3181 2511 3235 2558 et

1693 2587 1990 2639 reverentia
2004 2588 2091 2656 qui
2108 2598 2352 2657 quaerunt
2368 2592 2503 2644 mala
2520 2592 2667 2647 mihi.
2682 2592 2774 2646 »Ει
2788 2594 2861 2646 illi
2880 2593 3091 2664 quidem
3108 2594 3235 2648 talia

1694 2677 1999 2745 patientur:
2022 2695 2040 2728 ι
2065 2693 2161 2747 ego
2176 2695 2323 2742 vero,
2351 2700 2369 2733 ι
2398 2682 2492 2744 ait,‘
2516 2690 2594 2736 tot
2611 2685 2765 2739 malis
2787 2684 3007 2741 affectus
3019 2687 3087 2742 ab
3110 2686 3233 2750 illis.
3302 2740 3303 2747 η

1700 2786 1717 2819 ι
1741 2784 1952 2838 semper
1981 2772 2228 2837 sperabo,
2265 2778 2319 2827 et
2364 2771 2614 2840 adjiciam
2664 2789 2827 2842 super
2865 2770 3078 2830 omnem
3116 2778 3235 2832 lau-

1693 2859 1814 2915 dem
1848 2869 2046 2914 tuam.»
2091 2860 2223 2915 Cum
2252 2871 2430 2916 autem
2470 2864 2539 2917 ab
2568 2865 2819 2919 omnibus
2853 2865 3235 2937 interpretibus

1700 2969 1720 3003 ι
1740 2951 1989 3021 adjiciam
2018 2970 2036 3003 ι
2058 2952 2289 3017 dicatur,
2310 2962 2364 3009 et
2380 2954 2569 3023 Aquila
2591 2956 2670 3010 sic
2687 2955 2898 3019 habeat,
2928 2974 2947 3007 ι
2970 2956 3232 3027 Adjiciam

1696 3060 1858 3114 super
1891 3060 2079 3100 omnes
2106 3046 2357 3117 hymnos,
2400 3065 2419 3098 ›
2452 3045 2805 3118 Symmachus
2834 3065 2981 3113 vero,
3013 3069 3030 3101 ι
3050 3049 3115 3103 Et
3143 3051 3238 3104 ad-

1693 3133 1876 3203 jiciam
1911 3134 2159 3205 hymnis;
2186 3154 2205 3187 D
2243 3135 2363 3190 vide
2391 3150 2520 3189 num
2572 3137 2785 3207 hymnis
2822 3137 2998 3194 Patris
3029 3140 3113 3194 sui
3141 3140 3237 3194 ad-

1698 3224 2055 3281 ditamentum
2112 3224 2321 3291 fecerit,
2370 3225 2575 3279 Novum
2620 3226 3021 3284 Testamentum
3060 3229 3237 3286 Veteri

79 3326 343 3393 ὲποιήσατο
374 3327 483 3386 τοῖς
513 3322 605 3376 τοῦ
635 3322 838 3391 Πατρὸς
867 3320 1070 3391 ὕμνοις,
1097 3321 1192 3392 τὴν
1236 3320 1437 3391 Καινὴν
1484 3324 1595 3373 Δια-

1708 3318 1937 3372 addens.
1976 3318 2159 3387 Neque
2186 3318 2328 3373 enim
2362 3318 2538 3387 priora
2577 3321 2814 3383 sustulit,
2854 3336 2976 3375 cum
3004 3324 3238 3378 secunda

81 3414 229 3483 θήκην
256 3416 387 3485 πρδς
417 3418 483 3485 τῇ
531 3413 737 3481 Παλαιᾷ
769 3411 1056 3482 παραδούς.
1085 3413 1159 3464 Οὐ
1209 3411 1314 3482 γὰρ
1328 3412 1500 3464 ἀνεῖλε
1528 3411 1599 3489 τὰ

82 3502 268 3570 πρῶτα,
295 3502 597 3571 εἰσαγαγὼν
628 3501 695 3553 τὰ
725 3499 968 3571 δεύτερα,
1000 3500 1311 3571 προσθήκην
1329 3496 1385 3554 δὲ
1411 3503 1597 3572 ἐποιή-

82 3606 218 3642 σατο·
251 3592 339 3645 καὶ
368 3592 523 3644 τοῦτό
549 3594 694 3644 ἐστιν
714 3592 900 3662 εὑρεῖν
925 3591 981 3643 ὲν
1003 3592 1122 3652 ταῖς
1149 3590 1309 3642 αὑτοῦ
1347 3590 1597 3644 διδασκα-

79 3678 217 3743 λίαις,
237 3682 298 3734 δι’
325 3676 397 3736 ὧν
431 3700 590 3751 φησιν
611 3698 623 3709 ·
667 3701 684 3732 ι
707 3681 931 3753 Ἐρρέθη
961 3683 1072 3743 τοῖς
1096 3680 1357 3752 ἀρχαίοις,
1399 3681 1471 3733 Οὐ
1501 3698 1599 3751 φο-

81 3771 291 3836 νεύσεις·
324 3773 432 3842 ὲγὼ
462 3775 516 3827 δὲ
540 3774 681 3843 λέγω
699 3813 714 3837 ,
736 3772 869 3844 μηδὲ
891 3772 1214 3843 ὀργίζεσθαι.
1250 3772 1472 3843 Ἐρῤέθη
1491 3775 1600 3835 τοῖς

82 3860 315 3931 ἀρχαίοις,
342 3865 413 3918 Ού
447 3864 779 3935 μοιχεύσεις·
810 3861 919 3931 ἐγὼ
963 3863 1019 3917 δὲ
1040 3850 1374 3933 λέγω,’μηδὲ
1418 3862 1600 3914 ἐπιθυ-

85 3956 214 4021 μείνο
248 3974 267 4006 ι
300 3957 391 4009 κα)⁸
422 3958 520 4009 ὅσα
551 3956 683 4010 ἄλλα
714 3955 934 4010 τοιαῦτα
964 3955 1275 4028 προσθήκην
1300 3953 1486 4025 ἔχοντα
1514 3954 1600 4007 διὰ

82 4043 165 4111 τῆς
186 4047 541 4118 πνευματικῆς
563 4046 791 4117 θεωρίας
818 4064 876 4099 τε
902 4048 996 4100 καὶ
1014 4046 1300 4118 ἑρμηνείας
1321 4044 1411 4098 τοῦ
1438 4045 1599 4115 νόμου

84 4130 131 4181 ὲν
155 4136 213 4204 τῇ
246 4136 530 4207 Ἐκκλησία
556 4137 719 4190 αὐτοῦ
752 4137 1121 4209 παραδέδοται.
1169 4137 1326 4190 Ἀλλὰ
1366 4138 1457 4191 καὶ
1488 4156 1506 4188 ι
1542 4138 1601 4191 τὸ

86 4222 234 4291 στόμα
291 4243 431 4296 μου,
521 4227 719 4297 φησὶν,
776 4228 1059 4295 ἀναγγελεῖ
1122 4230 1219 4299 τήν
1263 4228 1600 4299 δικαιοσύνην

86 4328 181 4365 σου.
204 4332 221 4365 ι
240 4315 305 4369 Τὸ
340 4317 449 4389 γὰρ
480 4318 801 4386 Εὖαγγέλιον
815 4304 1152 4390 δικαιοσύνην
1172 4321 1420 4390 ἐμφαίνει
1446 4320 1598 4383 Θεοῦ,

85 4406 434 4473 οὑκἹουδαίοις
465 4410 645 4481 μόνοις
666 4409 1040 4480 ἀφωρισμένον
1063 4408 1248 4483 ὥσπερ
1271 4414 1300 4465 ὁ
1324 4412 1410 4466 διὰ
1438 4415 1599 4466 Mwi'a-

88 4495 202 4559 σέως
224 4498 397 4570 νόμος.
428 4499 516 4552 Διό
545 4494 706 4567 φησιν
727 4499 755 4550 ὁ
793 4498 1106 4562 ’Δπόστολος
1127 4516 1140 4528 ’
1171 4519 1189 4550 ι
1220 4502 1295 4553 Οὐ
1324 4501 1432 4573 γὰρ
1446 4502 1601 4554 ἔπαι-

1700 3409 1921 3476 adjecit,
1956 3411 2050 3463 sed
2078 3408 2504 3463 additamentum
2533 3408 2729 3463 effecit.
2787 3409 2939 3475 Quod
2980 3413 3139 3467 etiam
3184 3413 3238 3467 in

1698 3500 1817 3567 ejus
1856 3499 2100 3553 doctrina
2128 3500 2365 3569 reperire
2405 3506 2506 3564 est,
2562 3500 2649 3554 ubi
2687 3500 2764 3553 ait
2811 3520 2823 3553 :
2864 3520 2882 3551 ι
2907 3482 3115 3557 Dictum
3153 3514 3237 3559 est

1700 3590 1960 3659 antiquis,
1996 3589 2111 3643 Non
2148 3590 2399 3659 occides;
2435 3606 2533 3661 ego
2562 3601 2737 3645 autem
2784 3592 2907 3645 dico
2960 3594 3134 3654 vobis.
3161 3593 3240 3650 Ne

1698 3680 2032 3737 irascamini.
2050 3681 2274 3737 .Dictum
2300 3691 2383 3737 est
2412 3684 2667 3753 antiquis,
2694 3682 2809 3738 Non
2841 3686 3235 3753 mmchaberis;

1697 3785 1797 3839 ego
1848 3781 2027 3825 autem
2056 3772 2179 3826 dico
2226 3773 2400 3838 vobis,
2433 3774 2510 3829 Ne
2554 3775 2953 3844 concupiscatis
2975 3778 3075 3841 ⁸³.»
3109 3788 3162 3833 et
3190 3784 3234 3834 si

1698 3874 1803 3928 qua
1858 3861 2077 3931 similia,
2128 3876 2247 3930 qua:
2302 3863 2569 3931 spirituali
2616 3880 2777 3919 sensu
2825 3873 2879 3919 et
2919 3868 3239 3937 interpreta-

1701 3952 1846 4005 tione
1894 3951 2184 4015 intellccta,
2219 3960 2273 4007 et
2319 3952 2742 4009 additamentum
2778 3956 2896 4027 ’legi
2931 3958 3235 4021 inferentia.

1698 4042 1753 4097 in
1793 4040 2031 4097 Ecclesia
2085 4045 2205 4114 ejus
2252 4045 2444 4102 tradita
2498 4054 2647 4101 sunt.
2690 4044 2795 4101 Sed
2826 4049 3011 4113 etiam,
3045 4051 3237 4121 inquit.

1704 4147 1722 4179 ι
1744 4144 1805 4184 os
1837 4145 2015 4185 meum
2041 4133 2667 4203 annuntiabitjustitiam
2710 4142 2879 4190 tuam.
2900 4156 2921 4190 ι
2964 4138 3237 4208 Siquidem

1694 4220 1960 4289 justitiam
1994 4222 2086 4277 Dei
2119 4225 2336 4281 exhibet
2361 4226 2727 4297 Evangeliuln,
2756 4245 2861 4283 non
2883 4229 3080 4285 Iudaeis
3104 4233 3239 4285 dun-

1701 4317 1846 4364 taxat
1876 4311 2224 4379 destinatum,
2256 4321 2313 4367 ut
2341 4317 2423 4370 lex
2453 4333 2547 4386 per
2569 4318 2802 4389 Moysem
2848 4319 2991 4374 data.
3035 4319 3235 4385 Quam-

1700 4402 1885 4458 obrem
1916 4404 1990 4456 ait
2017 4402 2340 4482 Apostolus:
2382 4426 2400 4459 ι
2430 4406 2548 4463 Non
2580 4411 2720 4464 enim
2763 4412 3021 4466 erubesco
3058 4411 3237 4465 Evan-

1700 4496 1919 4565 gelium.
1970 4495 2156 4552 Virtus
2189 4500 2329 4553 enim
2360 4499 2450 4554 Dei
2475 4511 2558 4554 est
2596 4502 2649 4554 in
2686 4502 2909 4557 salutem
2941 4504 3086 4557 omni
3114 4520 3235 4560 cre-

88 4586 314 4659 σχύνομαι
345 4591 406 4642 τὴ
427 4590 773 4658 Εὕαγγέλιον.
809 4588 1041 4661 Δύναμις
1066 4589 1169 4661 γὰρ
1194 4590 1326 4644 Θεοῦ
1354 4594 1497 4645 ἐστιν
1522 4595 1595 4657 εἰς

1701 4587 1869 4650 denti,
1904 4585 2088 4642 Judeo
2118 4591 2347 4657 primum
2377 4598 2429 4643 et
2451 4588 2659 4650 (ἔγρετο.
2712 4590 2929 4647 Iustitia
2957 4597 3099 4650 enim
3144 4596 3237 4651 Dei

90 4681 323 4750 σωτηρίαν
352 4682 511 4736 παντὶ
537 4681 611 4751 τῷ
637 4682 963 4745 πιστεύοντι,
1023 4680 1255 4752 Ἰουδαίῳ
1283 4701 1340 4735 τε
1388 4684 1599 4756 πρῶτον

88 4769 164 4820 καὶ
188 4771 422 4844 Ἕλληνι,
450 4773 770 4842 Δικαιοσύνη
799 4772 903 4844 γὰρ
938 4770 1070 4825 Θεοῦ
1103 4773 1160 4824 ἐν
1205 4772 1352 4849 αὐτῷ
1392 4775 1597 4829 ἀποκα-

89 4852 323 4917 λύπτεται,
377 4883 397 4917 ›
428 4864 518 4917 Διὸ
566 4861 793 4916 ἐνταῦθα
827 4862 1063 4915 λέλεκται
1085 4877 1099 4887 ⁸
1142 4880 1162 4911 σ
1195 4861 1268 4914 Τὸ
1290 4861 1461 4932 στόμα
1499 4881 1597 4933 μου

90 4941 339 5016 ἀναγγελεῖ
366 4952 464 5023 τὴν
488 4950 825 5022 δικαιοσύνην
853 4968 968 5017 σου,
991 4950 1116 5020 ὃλην
1143 4950 1241 5020 τὴν
1265 4950 1471 5020 ήμέραν
1500 4953 1598 5023 τὴν

94 5040 325 5107 σωτηρίαν
352 5060 445 5096 σου
467 5060 481 5072 ·
524 5063 543 5096 ›
578 5043 611 5114 ἢ
638 5042 773 5097 κατὰ
802 5042 890 5095 τὸν
922 5040 1230 5112 Σύμμαχον,
1274 5058 1293 5090 ι
1327 5040 1465 5093 κατὰ
1504 5045 1601 5095 πᾶ-

94 5138 171 5176 σαν
195 5130 519 5207 ήμέρανντὴν
548 5135 815 5206 σωτηρίαν
847 5151 959 5188 σου.
1002 5152 1021 5184 ι
1063 5131 1172 5186 Καὶ
1215 5129 1371 5184 τοῦτο
1401 5131 1455 5184 δέ
1490 5135 1603 5187 ἐστι

94 5206 425 5290 πληρούμενον
454 5206 673 5297 θεωρεῖν
696 5224 813 5279 καθ’
829 5224 953 5295 ὅλης
980 5224 1075 5293 τῆς
1100 5222 1415 5293 οἰκουμένης
1438 5240 1450 5252 ·
1486 5225 1542 5276 ἑν

92 5302 139 5353 τὸ
165 5308 318 5378 στόμα
349 5311 441 5365 τοῦ
477 5312 725 5386 Σωτῆρος
756 5313 911 5385 ήμῶν
943 5313 1028 5367 διὰ
1057 5312 1160 5364 τῶν
1192 5310 1348 5365 θείων
1374 5313 1604 5382 Γραφῶν

97 5394 228 5447 πᾶσιν
254 5401 552 5473 ἀνθρώποις
584 5406 668 5474 ἐφ’
698 5407 929 5476 ἑκάστης
968 5405 1175 5475 ἡμέρας
1216 5405 1313 5475 τήν
1339 5405 1404 5458 δι’
1440 5408 1601 5460 αὑτοῦ

95 5483 474 5561 προξενηθεῖσαν
523 5492 693 5545 ἅπασι
736 5493 1003 5565 σωτηρίαν
1029 5492 1299 5563 κηρύττει.
1337 5495 1602 5564 Ἐπιλέγει

97 5570 141 5625 δὲ
161 5578 523 5647 τούτοις,‹”οτι
548 5584 647 5636 οὐκ
665 5584 832 5651 ἔγνων
856 5586 1252 5656 γραμματείας.
1286 5604 1303 5636 ι
1326 5586 1434 5649 Τὰς
1456 5587 1601 5650 κλεῖς

95 5664 331 5740 εἰληφότες
364 5676 460 5747 τῆς
488 5675 777 5744 βασιλείας,
806 5676 896 5728 καὶ
924 5679 1059 5747 μήτε
1098 5679 1248 5731 αύτοί⁵
1287 5676 1598 5749 εἰσερχόμε-

1704 4678 1757 4731 in
1789 4693 1855 4732 eo
1883 4677 2148 4733 revelatur
2185 4679 2281 4731 ".i
2301 4678 2507 4735 Idcirco
2527 4682 2616 4736 hic
2643 4682 2880 4739 dicitur:
2915 4704 2932 4737 ι
2957 4684 3029 4741 Os
3063 4700 3238 4742 meum

1704 4768 2041 4823 annuntiabit
2053 4768 2319 4839 justitiam
2339 4782 2505 4833 tuam,
2525 4782 2636 4827 tota
2660 4773 2747 4830 die
2770 4776 2998 4831 salutem
3022 4788 3163 4832 tuam
3187 4798 3233 4844 ;›

1705 4861 1818 4913 sive
1864 4860 2161 4913 secundum
2210 4860 2615 4930 Symmachum,
2671 4883 2689 4916 ι
2717 4863 2821 4919 Per
2855 4881 3069 4921 omnem
3099 4867 3236 4921 diem
3296 4912 3307 4919 .

1706 4950 1934 5004 salutem
1972 4958 2180 5005 tuam.»
2223 4949 2388 5023 quue
2419 4969 2513 5023 per
2547 4965 2716 5009 totum
2744 4955 2930 5011 orbem
2963 4958 3236 5027 impletum

1707 5040 1885 5093 videre
1936 5051 2060 5095 eSt:
2102 5040 2158 5094 in
2203 5058 2312 5112 quo
2342 5058 2405 5098 os
2438 5043 2732 5099 Salvatoris
2765 5046 2934 5101 nostri
2966 5062 3059 5116 per
3101 5048 3239 5102 divi-

1706 5144 1803 5182 nas
1865 5126 2179 5201 Scripturas
2211 5132 2465 5188 omnibus
2497 5135 2802 5190 hominibus
2828 5136 3066 5206 quotidie
3093 5139 3235 5192 salu-

1705 5228 1810 5274 tem
1840 5221 1907 5275 ab
1944 5237 2003 5277 se
2030 5226 2283 5280 omnibus
2328 5235 2670 5295 procuratam
2703 5226 2976 5297 pradicat.
3023 5226 3116 5285 His
3138 5233 3235 5285 ad-

1696 5310 1838 5378 jicit,
1898 5332 1915 5361 ι
1942 5310 2207 5378 Quoniam
2259 5330 2367 5370 non
2402 5320 2625 5387 cognovi
2666 5318 3041 5375 litteraturam.
3091 5340 3107 5371 ι
3136 5320 3235 5387 Qui

1702 5401 1944 5457 clavibus
1982 5406 2135 5475 regni
2166 5408 2419 5475 acceptis,
2450 5423 2621 5477 neque
2647 5408 2747 5477 ipsi
2779 5409 3234 5480 ingrediebantur.

1708 5506 1879 5560 neque
1907 5494 2049 5549 alios"
2089 5497 2297 5567 ingredi
2338 5498 2725 5561 concedebant,
2755 5499 3109 5554 litteraturam
3134 5500 3237 5577 de-

1707 5588 1973 5642 tinebant.
2015 5590 2126 5662 Ego
2176 5609 2326 5659 vero,
2379 5594 2571 5663 inquit,
2614 5594 2705 5664 qui
2766 5595 2964 5667 Moysis
3020 5598 3234 5668 scriptis

1704 5695 1811 5735 non
1847 5682 2083 5737 attendo.
2123 5702 2296 5757 neque
2341 5702 2651 5760 corpoream
2698 5689 2829 5758 legis
2883 5691 3231 5747 litteraturam

152 5820 325 5885 "Gen.
350 5847 501 5897 XLIX,
538 5832 618 5886 i0.
694 5833 739 5865 ⁹³
770 5830 952 5885 Matth.
982 5851 1030 5901 ν,
1057 5835 1147 5901 21,
1176 5836 1264 5903 '27,
1292 5834 1399 5913 28.7
1440 5834 1502 5910 _”
1534 5833 1595 5889 Rt

1701 5850 1737 5903 ι,
1772 5834 1851 5897 ιο,
1887 5837 1963 5887 l7.
