3966 6348
751 460 854 514 755

1408 456 1670 513 EUSEBii
1706 455 2179 513 CAISARIENSIS
2216 457 2365 514 OPP.
2407 458 2586 514 PARS
2620 458 2711 515 111.
2751 491 2818 501 -——
2857 460 3259 517 EXEGETICA.
3826 469 3907 523 78$

746 576 1027 647 discipulis
1066 575 1199 630 meis
1234 572 1452 638 tradidi,
1480 589 1590 630 non
1635 575 1863 645 cognovi
1894 575 2271 629 litteraturam.

2376 595 2451 629 νοι
2483 578 2617 648 μήτε
2650 577 2852 647 ἑτέροις
2906 576 3305 648 συγχωροῦντες
3334 619 3348 641 ,
3402 579 3502 641 τὰς
3550 582 3905 651 γραμματεὺς

746 664 885 734 Quid
912 673 1086 720 autem
1116 664 1297 718 nosti?
1344 661 1400 717 id
1434 674 1617 731 postea
1640 664 1884 727 declarat
1910 664 2124 720 dicens:
2156 684 2173 716 ι
2198 664 2280 719 in-

745 758 924 812 troibo
943 758 995 811 in
1025 755 1292 825 potentias
1336 754 1549 809 Domini
1582 753 1817 819 Domini,
1847 764 1900 831 et
1937 745 2279 811 memorabor

746 844 969 919 justitia:
1001 855 1108 902 tuae
1144 847 1370 920 solius.»
1406 846 1540 901 Nam
1576 846 1878 901 litteratura
1907 845 2107 901 Judasis
2146 848 2277 903 solis

744 943 1097 1013 competebat,
1145 941 1239 1011 qui
1287 950 1369 997 ter
1411 941 1467 994 in
1511 955 1653 995 anno
1694 939 2079 1012 Jerosolymam
2128 941 2279 997 adire

738 1030 1091 1101 jubebantur;
1120 1044 1293 1098 eaque
1321 1028 1489 1082 multa
1519 1029 1623 1083 alia
1653 1028 1819 1083 ardua
1848 1044 1947 1084 nec
1970 1030 2277 1084 necessaria

742 1125 1068 1179 continebat.
1112 1122 1222 1193 Ego
1248 1136 1379 1177 vero
1426 1121 1479 1174 in
1523 1121 1758 1192 potentia
1822 1118 2033 1174 Domini
2064 1120 2274 1175 Domini

744 1216 795 1268 in
840 1213 1111 1270 Ecclesias
1150 1227 1299 1267 meas
1332 1212 1586 1279 introibo,
1617 1221 1670 1266 et
1694 1212 2033 1266 memorabor
2053 1212 2280 1282 jnstitize

740 1313 843 1360 tuae
873 1304 1060 1361 solius.
1090 1303 1303 1359 iustitia
1342 1316 1587 1373 namque
1615 1301 1791 1357 Patris
1817 1312 1952 1370 erat,
2004 1312 2063 1357 ut
2091 1317 2276 1360 omnes

740 1395 984 1451 homines
1027 1393 1242 1449 Graecos
1276 1395 1437 1449 simul
1466 1403 1521 1448 et
1554 1393 1813 1448 barbaros
1846 1409 1943 1449 sua
1971 1394 2277 1464 cognitione

740 1487 987 1549 donaret,
1019 1490 1073 1539 et
1100 1492 1160 1539 ut
1190 1484 1243 1537 in
1276 1484 1423 1538 omni
1450 1484 1587 1551 loco,
1624 1500 1801 1554 neque
1823 1484 1875 1538 in
1905 1499 2014 1539 uno
2041 1492 2098 1540 ut
2122 1486 2272 1553 olim,

739 1577 845 1629 coli
877 1591 936 1631 se
967 1576 1310 1645 praeciperet;
1344 1574 1417 1627 ita
1462 1582 1521 1629 ut
1570 1574 1637 1629 ab
1686 1577 1897 1630 oriente
1942 1576 2057 1632 sole
2101 1580 2275 1647 usque

741 1669 808 1722 ad
846 1668 1177 1723 occidentem
1224 1682 1420 1723 nomen
1450 1666 1569 1737 ejus
1604 1668 1972 1724 celebraretur
2013 1670 2068 1725 in
2096 1668 2273 1741 genti—

740 1760 841 1813 bus
862 1759 919 1808 ’⁸.

2381 669 2646 736 κατεῖχον.
2687 665 2825 735 Ἐγὼ
2844 666 2917 731 δὲ,
2947 666 3200 739 φησ“ι,,μὴ
3225 668 3302 738 τῷ
3336 670 3611 743 Μωῦσέως
3650 672 3909 741 συγγράμ-

2384 773 2511 826 ματι
2534 756 2827 825 προσέχων,
2848 757 2979 827 μηδὲ
3002 758 3101 821 τάς
3128 757 3220 810 τοῦ
3244 760 3405 829 νόμου
3424 760 3736 828 σωματικὰς
3759 778 3909 831 γραμο

2384 848 2609 917 ματείας
2637 850 2749 911 τοῖς
2767 848 3002 918 ἐμαυτοῦ
3026 848 3294 920 παραδοὺς
3318 850 3601 919 μαθηταῖς,
3630 852 3731 903 οὐκ
3758 851 3905 916 ἔγνων

2381 932 2776 1008 γραμματείας.
2812 937 2876 990 Τί
2906 937 2964 991 δὲ
3003 938 3209 1006 ἔγνως;
3248 924 3400 1009 Ἑξῆς
3437 938 3686 1008 διασαφεῖ
3717 938 3901 1005 λέγων·

2387 1047 2404 1079 ι
2446 1027 2826 1097 Είσελεύσομαι
2851 1031 2930 1092 είς
2952 1028 3263 1092 δυναστείας
3306 1029 3505 1101 Κυρίου
3548 1030 3781 1100 Κυρίου,
3824 1032 3904 1081 καὶ

2385 1121 2756 1193 μνησθήσομαι
2774 1122 2899 1192 ..τῆς
2930 1122 3268 1192 δικαιοσύνης
3300 1138 3390 1175 σου
3433 1122 3611 1193 μόνου.
3651 1141 3670 1173 ›
3700 1124 3767 1175 Δί
3819 1124 3903 1193 μὲι

2380 1210 2487 1282 γὰρ
2512 1216 2884 1283 γραμματεῖαι
2942 1212 3207 1275 Ἰουδαίοις
3252 1213 3430 1284 μόνοις
3475 1215 3772 1285 ἣρμοττον,
3802 1214 3903 1284 τρὶς

2378 1298 2470 1352 τοῦ
2490 1300 2733 1355 ἐνιαυτοῦ
2765 1301 3282 1373 παρακελευομένοις
3312 1304 3555 1374 ἀπαντᾷν
3595 1305 3675 1367 είς
3716 1304 3783 1357 τὰ
3820 1305 3902 1355 ἰε-

2380 1394 2667 1464 ροσόλυμα,
2696 1394 2863 1448 πολλά
2884 1413 2943 1449 τε
2964 1396 3095 1450 ἀλλα
3117 1396 3349 1466 δυσχερῆ
3394 1380 3489 1449 καὶ
3520 1398 3618 1450 οὐκ
3655 1396 3902 1462 ἀναγκαῖα

2378 1489 2666 1556 περιεῖχον.
2717 1485 2856 1555 Ἐγὼ
2885 1487 2940 1540 δέ
2970 1491 3027 1541 ἐν
3048 1489 3329 1558 δυναστείᾳ
3348 1487 3551 1558 Κυρίου
3587 1487 3809 1559 Κυρίου,
3836 1491 3901 1549 εἰς

2326 1646 2329 1647 ν
2376 1574 2477 1638 τὰς
2503 1574 2735 1646 ἐμαυτοῦ
2781 1577 3100 1649 Ἐκκλησίας
3137 1577 3527 1648 είσελεύσομαι,
3564 1579 3657 1631 καὶ
3685 1578 3903 1649 μνησθῇ-

2378 1682 2540 1735 σομαι
2564 1667 2663 1737 τῆς
2682 1667 3021 1739 δικαιοσύνης
3046 1686 3136 1722 σου
3169 1670 3348 1739 μόνου.
3373 1668 3689 1738 Δικαιοσύνη
3706 1668 3810 1738 γάρ
3822 1667 3900 1719 τοῦ

2377 1755 2587 1826 Πατρὸς
2611 1752 2679 1826 ἦν
2707 1757 2769 1810 τὸ
2790 1757 2991 1822 πάντας
3018 1758 3332 1830 ἀνθρώπους
3367 1760 3629 1831 Ἕλληνας
3673 1760 3787 1830 ἃμα
3824 1758 3900 1810 καὶ

739 1850 1037 1921 βαρὸάρους
1066 1849 1163 1919 τῆς
1210 1847 1371 1902 αὐτοῦ
1401 1847 1796 1916 καταξιωθῆναι
1846 1845 2126 1914 γνώσεως,
2170 1843 2262 1895 καὶ
2305 1842 2367 1896 τὸ
2414 1846 2471 1897 ἐν
2493 1849 2650 1899 παντὶ
2684 1848 2850 1920 τόπῳ,
2879 1850 3012 1904 ἀλλά
3040 1850 3229 1922 μηκέτι
3257 1852 3314 1904 ἐν
3364 1852 3446 1903 ἐνὶ
3488 1851 3768 1922 ἐπιτρέιιμαι
3822 1851 3902 1902 λα-

720 1946 940 2023 τρεύειν
967 1944 1139 2016 αὐτῷ·
1202 1945 1340 2000 ὥστε
1378 1942 1483 1996 ἀπὸ
1505 1941 1771 1995 ἀνατολῶν
1814 1940 1963 2011 ἡλίου
2014 1939 2185 2009 μέχρι
2213 1937 2428 2009 δυσμῶν
2471 1940 2781 2007 δοξάζεσθαι
2806 1944 2964 1998 αὑτοῦ
2997 1946 3054 1998 τὸ
3083 1946 3250 2016 δνομα
3272 1946 3329 2000 ἐν
3354 1948 3465 2009 τοῖς
3487 1944 3709 1999 ἔθνεσιν.

810 2064 969 2125 Vens.
1022 2063 1109 2119 17.
1161 2081 1180 2115 ι
1212 2062 1374 2126 Deus,
1407 2060 1640 2116 docuisti
1668 2075 1751 2114 me
1782 2075 1811 2112 a
1837 2058 2114 2127 iuventute
2141 2072 2276 2123 mea,

2454 2079 2472 2110 ι
2515 2061 2571 2113 '0
2594 2060 2743 2127 Θεὸς,
2769 2062 3007 2131 ἐδίδαξάς
3028 2082 3097 2135 με
3122 2065 3187 2118 ἐκ
3208 2065 3453 2134 νεότητός
3488 2082 3608 2131 μου,
3638 2066 3734 2119 καὶ
3764 2067 3901 2135 μέχρι

733 2166 787 2213 et
824 2172 996 2228 usque
1034 2170 1180 2209 nunc
1212 2153 1575 2224 pronuntiabo
1621 2151 1890 2205 mirabilia
1918 2160 2063 2205 tua.»
2116 2146 2276 2204 Solus

736 2247 988 2303 Servatur
1023 2244 1235 2300 Patrem
1280 2245 1384 2300 sibi
1430 2242 1745 2315 magistrum
1806 2240 2058 2296 ascribit:
2108 2255 2277 2310 quare

734 2336 1066 2393 eontribules
1112 2336 1231 2405 ejus
1277 2334 1561 2391 dicebant:
1600 2331 1793 2388 «Unde
1840 2332 1967 2387 huic
2006 2332 2273 2401 sapientia

734 2435 907 2491 tanta,
938 2420 992 2482 et
1038 2425 1310 2480 virtutes?
1352 2422 1540 2479 Nonne
1583 2423 1671 2479 hic
1703 2431 1787 2478 est
1824 2421 1962 2477 fabri
1999 2422 2139 2477 illius
2154 2422 2269 2475 “‘2.

734 2516 908 2573 Probe
934 2517 1133 2588 quippe
1165 2515 1409 2571 sciebant
1439 2515 1612 2584 ipsum
1644 2529 1749 2568 non
1783 2512 2057 2585 magistris
2099 2512 2277 2566 homi-

733 2606 896 2661 nibus
922 2619 1139 2676 operam
1174 2604 1405 2659 dedisse.
1466 2601 1601 2668 Quia
1635 2602 1797 2673 igitur
1821 2603 1993 2658 forma
2021 2602 2163 2658 servi
2185 2616 2275 2655 ac-

732 2702 909 2766 cepta,
959 2702 1013 2749 et
1087 2694 1277 2748 habitu
1334 2693 1586 2749 inventus
1644 2701 1702 2746 ut
1766 2692 1947 2755 homo,
2014 2691 2275 2762 puerilem

733 2800 983 2842 emensus
1014 2791 1097 2840 est
1132 2792 1367 2847 atatem,
1400 2799 1461 2838 ac
1505 2782 1730 2854 perinde
1760 2789 1922 2851 atque
1949 2796 2052 2837 nos
2080 2781 2275 2850 juven-

734 2881 862 2935 tnti's
894 2891 1071 2933 annos
1104 2876 1368 2939 decurrit,
1416 2876 1618 2945 illoque
1656 2881 1900 2945 tempore
1950 2887 2059 2926 non
2111 2870 2278 2925 disci-

732 2971 915 3041 plinis.
972 2984 1079 3025 non
1112 2968 1387 3039 magistris
1437 2980 1654 3035 cperam
1696 2964 1874 3031 dedit;
1926 2963 2021 3017 sed
2075 2961 2277 3016 virtute

732 3064 914 3117 divina
943 3060 1258 3131 proﬁciebat
1296 3066 1452 3113 aetate
1487 3065 1540 3113 et
1570 3055 1836 3127 sapientia
1861 3063 1913 3109 et
1935 3053 2108 3125 gratia
2136 3050 2278 3122 apud

734 3152 897 3209 Deum
936 3157 990 3204 et
1025 3150 1310 3215 homines;
1355 3148 1477 3217 jure
1511 3147 1596 3201 hic
1623 3147 1698 3200 ait
1737 3166 1752 3201 :
1803 3162 1823 3196 ι
1845 3144 2009 3209 Deus,
2044 3141 2278 3199 docuisti

733 3258 819 3298 me
860 3257 890 3296 a
918 3242 1197 3310 iuventute
1225 3255 1364 3305 mea,
1395 3248 1448 3294 et
1499 3252 1671 3308 usque
1719 3252 1865 3292 nunc
1916 3236 2278 3308 pronuntiabo

732 3332 1001 3388 mirabilia
1031 3339 1121 3385 tua
1146 3349 1161 3399 ;
1189 3349 1207 3383 ι
1240 3333 1383 3400 quod
1413 3330 1575 3384 etiam
1609 3344 1775 3401 penes
1802 3329 2099 3399 discipulos
2126 3342 2275 3383 meos

2375 2146 2465 2200 τοῦ
2494 2148 2587 2203 νῦν
2610 2150 2888 2219 ἀναγγελῶ
2914 2152 2981 2205 τά
3006 2153 3282 2225 θαυμάσιά
3304 2169 3421 2207 σου.
3443 2174 3461 2206 ι
3484 2156 3657 2218 Μόνος
3685 2158 3714 2208 ὁ
3739 2156 3902 2225 Σωτὴρ

2372 2234 2463 2289 τὸν
2489 2236 2704 2307 Πατέρα
2733 2238 3048 2294 διδάσκαλον
3074 2244 3433 2313 ἐπιγράφεται
3453 2260 3467 2275 ⁸
3491 2244 3677 2315 διόπερ
3706 2246 3756 2298 oi
3779 2248 3831 2298 ἑν
3850 2252 3903 2313 τῇ

2374 2326 2587 2399 πατρίδι
2621 2328 2781 2383 αὐτοῦ
2806 2330 3017 2399 ἔλεγονο
3058 2351 3077 2382 ι
3113 2331 3281 2384 Πόθεν
3312 2332 3485 2402 τούτῳ
3516 2335 3665 2387 πᾶσα
3707 2338 3741 2404 ἡ
3769 2338 3905 2403 σοφία

2373 2418 2510 2489 αῦτη
2540 2419 2631 2472 καὶ
2656 2422 2709 2472 αἱ
2742 2420 2993 2490 δυνάμεις
3017 2438 3030 2486 ;
3054 2422 3164 2492 Οὐχ
3196 2418 3344 2485 οὗτός
3385 2424 3530 2495 ἐστιν
3548 2425 3584 2485 ,ὁ
3618 2424 3712 2476 τοῦ
3744 2426 3907 2479 τέκτο-

2372 2526 2460 2572 νος
2504 2512 2647 2576 υἱός;
2687 2529 2704 2561 ι
2747 2512 2977 2583 ᾜδεσαν
3031 2513 3137 2586 γάρ
3175 2513 3417 2584 ἀκριὸῶς
3470 2514 3542 2586 μὴ
3588 2515 3906 2578 διδασκάλοις

2371 2602 2674 2674 ἀνθρώποις
2707 2604 3113 2675 προσεσχηκότα
3139 2605 3319 2658 αὐτόν.
3369 2605 3520 2659 Ἐπεὶ
3545 2607 3742 2672 τοίνυν,
3793 2626 3907 2679 popa

2374 2696 2481 2766 φὴν
2508 2694 2691 2748 δούλου
2715 2693 2909 2761 λαβὼν,
2945 2695 3037 2747 καὶ
3063 2697 3296 2765 σχήματι
3338 2694 3576 2766 εὑρεθεὶς
3603 2696 3680 2760 ὡς
3717 2697 3905 2767 ἀνθρω-

2374 2801 2492 2848 πος,
2524 2785 2619 2856 τὴν
2644 2785 2893 2854 παιδικὴν
2914 2784 3124 2855 διῆλθεν
3151 2784 3363 2856 ἡλικίαν
3382 2825 3399 2850 ,
3426 2786 3526 2839 ικαὶ
3554 2787 3653 2858 τῆς
3682 2788 3903 2856 νεότητος

2374 2874 2469 2944 τὴν
2494 2873 2637 2946 ὥραν
2676 2875 2872 2945 ὁμοίως
2897 2878 3025 2947 ἡμῖν
3056 2876 3369 2946 ὑπέμεινεν·
3402 2877 3523 2930 οὒτε
3552 2879 3609 2931 δὲ
3632 2879 3905 2950 διατριϐαῖς

2360 2966 2693 3035 ιπροσέσχεν,
2710 2964 2831 3019 οὔτε
2854 2966 3188 3030 διδασκάλοις
3212 2967 3352 3021 κατά
3386 2967 3571 3022 τοῦτον
3594 2969 3686 3021 τὸν
3714 2972 3903 3041 χρόνον,

2375 3058 2596 3126 δυνάμει
2627 3055 2683 3108 δὲ
2725 3056 2876 3127 θεῖκῇ
2903 3056 3234 3127 προέκοπτεν
3270 3059 3453 3129 ἡλικίᾳ
3486 3060 3580 3112 καὶ
3619 3062 3799 3131 σοφία,
3832 3062 3903 3113 καὶ
3950 3100 3951 3107 η

2377 3146 2555 3217 χάριτι
2600 3144 2749 3216 παρὰ
2773 3144 2890 3215 Θεῷ
2917 3146 3009 3197 καὶ
3057 3144 3391 3217 ἀνθρώποις·
3433 3149 3655 3211 εἰκότως
3698 3150 3905 3201 ἐνταῦθά

2378 3254 2566 3310 φησιν’
2604 3256 2621 3289 ι
2676 3238 2733 3290 Ὁ
2758 3236 2908 3301 Θεὸς,
2944 3237 3183 3303 ἐδίδαξάς
3217 3255 3283 3308 με
3310 3240 3374 3291 ἐκ
3404 3240 3649 3310 νεότητός
3678 3258 3797 3311 μου,
3829 3244 3901 3292 καὶ

2381 3331 2540 3400 μέχρι
2563 3329 2654 3383 τοῦ
2680 3329 2773 3383 νῦν
2797 3329 3078 3398 ἀναγγελῶ
3107 3330 3174 3384 τὰ
3196 3330 3475 3401 θαυμάσιά
3501 3348 3592 3384 σου
3616 3350 3630 3363 ·
3658 3351 3678 3383 ι
3698 3332 3788 3385 καὶ
3814 3335 3900 3391 τοῖς

731 3431 977 3479 servetur
1004 3437 1179 3493 usque
1210 3423 1275 3476 ad
1302 3421 1825 3476 consummationem
1856 3419 2073 3475 saeculi:
2110 3426 2185 3482 et,
2216 3423 2275 3472 ut

2376 3424 2523 3494 ἐμοῖς
2554 3421 2844 3493 φυλαχθείη
2876 3422 3134 3494 μαθηταῖς
3165 3422 3324 3496 μέχρι
3350 3424 3654 3488 συντελείας
3673 3424 3765 3477 τοῦ
3795 3423 3901 3475 αἰῶ-

730 3514 927 3572 dixerit
962 3514 1255 3585 quispiam,
1283 3528 1456 3581 usque
1487 3510 1554 3566 ad
1608 3521 1964 3575 senectutem.
1998 3517 2052 3566 et
2080 3509 2146 3564 ad
2186 3525 2279 3565 us-

729 3621 834 3676 que
869 3611 1197 3674 postremam
1243 3601 1786 3662 consummationem,
1836 3607 1890 3653 te
1934 3612 2151 3653 rursum
2181 3598 2275 3653 de-

729 3710 941 3767 precor,
984 3692 1151 3758 Deus,
1184 3707 1252 3747 ne
1284 3706 1370 3745 me
1420 3690 1801 3760 derelinquas;
1834 3689 1930 3744 sed
1960 3691 2094 3744 mihi
2127 3687 2275 3744 adsis

732 3802 795 3841 ac
828 3801 925 3858 per
956 3799 1042 3839 me
1086 3782 1353 3837 mirabilia
1381 3789 1470 3833 tua
1515 3780 1776 3848 opereris,
1826 3796 1844 3829 ι
1868 3778 2038 3833 donec
2070 3793 2281 3832 annun-

729 3881 855 3935 ιίοω
876 3878 1166 3933 brachium
1208 3884 1360 3928 tuum
1398 3871 1738 3944 generationi
1782 3871 1951 3934 omni,
1988 3886 2109 3941 qua:
2138 3880 2275 3924 ven-

730 3980 852 4024 tura
883 3977 982 4025 est.
1001 3992 1018 4020 ι
1046 3967 1179 4022 Nam
1210 3980 1469 4037 praesens,
1502 3965 1698 4036 inquit,
1720 3965 1998 4034 generatio
2035 3970 2277 4019 tortuosa

730 4070 886 4115 estet
913 4073 1191 4130 perversa,
1234 4056 1505 4128 generatio
1560 4057 1703 4110 mala
1736 4064 1789 4112 et
1817 4055 2089 4110 adultera.
2126 4053 2275 4120 Qua—

732 4160 951 4223 propter
988 4150 1043 4202 in
1096 4148 1279 4201 futura
1326 4146 1675 4216 generatione
1735 4136 2069 4201 annuntiabo
2136 4162 2153 4195 ι
2181 4159 2277 4213 po-

730 4244 953 4300 tentiam
991 4252 1136 4296 tuam
1167 4247 1221 4293 et
1266 4238 1534 4308 justitiam
1580 4246 1752 4301 tuam,
1785 4237 1948 4302 Deus,
1995 4251 2168 4307 usque
2218 4236 2276 4290 in

732 4329 1024 4393 altisnima,
1051 4336 1103 4382 et
1126 4341 1245 4397 qua:
1274 4312 1449 4380 iecisti
1483 4324 1797 4395 magnaiia.»
1827 4323 1907 4379 Tu
1938 4326 2071 4393 ipse,
2096 4323 2273 4389 Pater,

732 4438 825 4493 per
859 4428 943 4475 me
973 4421 1086 4474 haec
1112 4418 1387 4482 omnibus,
1421 4419 1514 4488 qui
1546 4424 1671 4487 post
1717 4414 1883 4470 futuri
1919 4425 2047 4471 sunt
2102 4416 2277 4470 homi-

731 4515 911 4577 nibus,
942 4521 996 4569 et
1022 4519 1263 4585 Ventura:
1300 4510 1633 4584 generationi
1665 4507 2115 4570 annuntiabis,-et
2141 4523 2275 4577 pra:-

730 4606 1002 4663 dicabitur
1024 4606 1235 4677 justitia
1262 4613 1356 4660 tua
1388 4619 1557 4674 usque
1586 4607 1642 4657 in
1671 4602 1956 4658 altissima.
1988 4599 2122 4654 Nam
2151 4615 2276 4654 cum

731 4699 768 4753 ii
798 4698 890 4769 qui
916 4697 971 4750 in
1000 4704 1146 4750 terra
1164 4705 1312 4761 sunt,
1335 4697 1560 4752 salutem
1581 4702 1998 4765 consequentur,
2021 4691 2273 4763 gaudium

729 4791 833 4844 erit
867 4789 923 4842 in
969 4786 1144 4850 cmlis,
1174 4787 1402 4857 angelis,
1430 4786 1523 4855 qui
1572 4786 1625 4838 in
1684 4785 1963 4840 altissimis
2005 4783 2269 4846 habitant,

648 4894 653 4897 '
697 4870 1012 4934 hominum
1049 4876 1211 4931 saluti
1257 4876 1673 4945 gratulantibus.
1717 4875 2003 4930 Senectam
2056 4887 2186 4928 vero
2215 4882 2270 4927 et

733 4974 943 5028 senium
978 4984 1046 5024 ne
1091 4969 1367 5023 cuncteris
1413 4968 1616 5027 dicere,
1650 4982 1767 5022 esse
1794 4965 2191 5035 discipulorum
2222 4970 2303 5017 et‘

732 5062 987 5117 Ecclesia
1040 5061 1213 5130 ipsius
1246 5060 1655 5129 perfectionem.
1714 5056 1771 5111 Si
1807 5073 2041 5128 namque
2070 5070 2271 5126 corpus

731 5158 848 5223 ejus
878 5154 1115 5210 Ecclesia
1131 5161 1233 5219 est,
1258 5162 1315 5207 ut
1340 5151 1832 5221 docuitApostolus
1866 5150 2081 5205 dicens:
2122 5169 2140 5201 ι
2167 5147 2279 5201 Vos

732 5253 909 5300 autem
939 5246 1071 5301 estis
1094 5260 1293 5315 corpus
1321 5242 1524 5299 Christi
1550 5255 1603 5298 et
1624 5244 1861 5297 membra
1883 5257 1947 5294 ex
1972 5248 2123 5310 parte
2142 5240 2227 5306 '7;
2253 5257 2269 5289 ι

733 5352 859 5407 pars
892 5336 1147 5393 Ecclesiae
1194 5346 1248 5393 et
1298 5338 1507 5391 senium
1554 5338 1673 5406 ejus
1718 5344 2025 5406 opportune
2062 5334 2278 5389 dicatur

732 5441 873 5491 csse,
931 5426 1050 5495 ejus
1106 5429 1161 5481 in
1202 5427 1453 5497 praesenti
1499 5428 1608 5481 vita
1661 5426 1959 5481 secundum
2021 5425 2273 5478 virtutem

732 5519 1148 5582 consummatio,
1198 5528 1322 5589 post
1363 5533 1528 5589 quam
1584 5528 1746 5572 exuta
1804 5516 2017 5571 mortali
2071 5531 2135 5570 ac
2170 5522 2275 5567 ter-

735 5623 863 5662 rena
900 5610 1031 5673 vita,
1063 5607 1270 5662 caelesti
1316 5610 1598 5664 mansione
1628 5608 1868 5679 dignata,
1899 5615 1953 5661 et
1983 5607 2275 5675 conjuncta

736 5695 989 5753 hrclesia:
1040 5698 1518 5769 primogenitorum
1568 5694 1965 5768 de‘scriptorum
2008 5699 2062 5751 in
2097 5694 2270 5755 cmlis,

806 5854 849 5882 "
880 5850 1083 5905 Malach
1150 5869 1187 5919 ι,
1218 5856 1304 5912 li.
1382 5856 1426 5887 "
1464 5854 1649 5909 Matth.
1680 5870 1796 5919 xm,
1826 5854 2008 5911 55—55.

2377 3532 2498 3578 νος·
2524 3516 2617 3568 καὶ
2644 3515 2717 3577 ὡς
2742 3514 2806 3568 άν
2836 3532 2917 3579 τις
2942 3514 3102 3580 εἴποι,
3140 3516 3299 3587 μέχρι
3332 3517 3516 3589 γήρως
3570 3517 3665 3571 καὶ
3700 3518 3795 3587 τῆς
3836 3519 3897 3578 εἰς

2378 3607 2542 3677 ἀκρον
2568 3605 2909 3673 τελειώσεως,
2944 3607 3003 3659 σέ
3034 3608 3192 3662 πάλιν
3221 3608 3310 3661 τὸν
3328 3608 3460 3662 Θεὸν
3486 3609 3708 3673 ἱκετεύω
3742 3612 3811 3680 μή
3844 3626 3896 3677 με

2380 3699 2781 3768 ἐγκαταλιπεῖν,
2816 3703 3049 3753 συνεῖναι
3078 3699 3135 3752 δέ
3165 3717 3252 3769 μοι
3279 3700 3372 3752 καὶ
3402 3701 3471 3753 τά
3513 3702 3781 3770 θαυμάσια
3824 3718 3897 3753 σεδ

2379 3790 2613 3859 ἐνεργεῖν
2634 3788 2701 3841 δι’
2735 3787 2887 3858 ἐμοῦ,
2925 3806 2942 3838 ι
2974 3786 3075 3850 ἕως
3108 3787 3412 3854 ἀναγγείλω
3435 3787 3522 3839 τὸν
3557 3786 3805 3858 βραχίονά
3822 3802 3895 3837 σου

2376 3883 2443 3950 τῇ
2470 3881 2630 3950 γενεᾷ
2654 3879 2802 3950 πάσῃ
2817 3881 2882 3948 τῇ
2911 3877 3311 3947 ἐρχομένῃ.ιἩ
3334 3877 3580 3948 γὰρρνῦν,
3609 3879 3756 3947 φησι,
3783 3894 3895 3946 περ

2376 3970 2510 4025 οῦσα
2550 3970 2711 4039 γενεά
2763 3967 2947 4021 σκολιά
2977 3969 3231 4038 τυγχάνει
3256 3970 3348 4021 καὶ
3374 3968 3789 4039 διεστραμμένη,
3822 3968 3893 4019 καὶ

2376 4058 2533 4129 γενεά
2562 4056 2769 4129 πονηρά
2790 4055 2879 4108 καὶ
2911 4055 3172 4127 μοιχαλίς.
3218 4056 3308 4108 Διὸ
3346 4058 3413 4127 τῇ
3459 4056 3620 4126 γενεᾷ
3664 4060 3727 4127 τῇ
3771 4057 3893 4124 ἐρχο-

2378 4151 2515 4230 μένῃ
2540 4148 2831 4217 ἀπαγγελῶ
2870 4168 2887 4199 ι
2910 4148 3006 4220 τὴν
3037 4148 3352 4201 δυναστείαν
3377 4164 3470 4200 σου
3498 4148 3595 4201 καὶ
3616 4148 3711 4217 τὴν
3729 4146 3893 4198 δικαιο-

2377 4240 2540 4311 σύνην
2567 4256 2681 4304 σου,
2709 4240 2740 4291 δ
2764 4237 2915 4303 Θεὸς,
2944 4240 3047 4302 ἐως
3070 4237 3176 4291 τῶν
3199 4238 3455 4307 ὑψίστων,
3498 4239 3534 4292 ἆ
3578 4256 3636 4305 τε
3674 4240 3891 4305 ἐποίησας
3948 4306 3949 4317 γ

2378 4332 2653 4403 μεγαλεῖα.
2684 4350 2703 4383 ι
2736 4332 2805 4383 Σὺ
2827 4331 2984 4395 αὐτὸς
3006 4334 3034 4385 ὁ
3060 4330 3264 4403 Πατὴρ,
3298 4331 3364 4385 δι’
3404 4330 3535 4402 ἐμοῦ
3573 4330 3741 4383 ταῦτα
3790 4330 3891 4380 πᾶσι
3948 4372 3949 4375 η

2374 4428 2485 4488 τοῖς
2510 4422 2645 4495 μετά
2668 4414 2838 4478 ταῦτα
2870 4424 3249 4496 γενησομένοις
3273 4421 3579 4493 ἀνθρώποις
3609 4422 3703 4475 καὶ
3740 4422 3800 4489 τῇ
3821 4435 3891 4484 γε·
3948 4426 3949 4496 ᾖ

2374 4488 2558 4587 νεᾷτῇ
2613 4488 2893 4586 ἐρχομένῃ.
2917 4488 3275 4582 ἀπαγγελεῖς,
3321 4488 3414 4565 καὶ
3462 4488 3892 4583 κηρυχθήσεταιή
3948 4488 3949 4581 ί

2373 4606 2682 4679 δικαιοσύνη
2704 4622 2796 4661 σου
2817 4608 2919 4672 ἕως
2939 4606 3044 4661 τῶν
3071 4604 3324 4673 ὑψίστων.
3343 4603 3671 4674 Σωζομένων
3694 4600 3793 4672 γάρ
3812 4599 3892 4651 τῶν

2378 4700 2471 4752 ἐπὶ
2501 4698 2627 4769 γῆς,
2658 4698 2798 4770 χαρά
2830 4698 2979 4751 ἔσται
3009 4698 3067 4750 ἐν
3098 4696 3363 4765 οὐρανοῖς,
3398 4692 3789 4763 συγχαιρόντων
3808 4687 3891 4740 τῶν

2375 4789 2432 4841 ἐν
2458 4790 2568 4850 τοῖς
2600 4786 2840 4857 ὑψίστοις
2874 4783 3162 4839 οἰκούντων
3186 4783 3429 4852 ἀγγέλων
3470 4784 3537 4851 τῇ
3564 4780 3671 4833 τῶν
3715 4777 3888 4849 ἀνθρώ-

2375 4888 2490 4927 πων
2513 4874 2772 4944 σωτηρίᾳ.
2801 4873 2978 4942 Γῆρας
2996 4870 3052 4922 δὲ
3080 4872 3172 4923 καὶ
3200 4870 3463 4942 πρεσϐεία
3486 4871 3560 4941 μὴ
3582 4870 3724 4923 δκνει
3748 4868 3891 4934 λέγειν

2376 4963 2471 5034 τὴν
2500 4964 2807 5034 τελειότητα
2836 4962 2941 5015 τῶν
2968 4961 3129 5015 αὐτοῦ
3160 4961 3412 5033 μαθητῶν
3440 4962 3533 5013 καὶ
3559 4961 3652 5031 τῆς
3706 4958 3887 5025 Ἐκκλη-

2380 5056 2497 5119 σίας
2520 5055 2703 5109 αὑτοῦ.
2735 5055 2797 5107 Ei
2824 5054 2930 5123 γὰρ
2965 5053 3119 5125 σῶμα
3140 5052 3299 5106 αὐτοῦ
3333 5054 3365 5121 ἠ
3409 5050 3697 5122 Ἐκκλησία
3726 5050 3884 5119 τυγχά-

2377 5163 2474 5210 νει,
2498 5148 2571 5210 ὼς
2596 5144 2829 5211 ἐδίδαξεν
2853 5146 2881 5196 ὁ
2922 5140 3416 5207 Ἀπόστολοςείταίιν
3433 5159 3446 5172 ε
3472 5150 3497 5194 ι
3520 5143 3700 5213 Ὑμεῖς
3718 5142 3769 5195 δέ
3792 5146 3883 5193 ἐστι

2382 5238 2537 5308 σῶμα
2582 5236 2813 5309 Χριστοῦ
2860 5240 2952 5291 καὶ
2986 5239 3127 5309 μέλην
3171 5239 3235 5290 ἐκ
3288 5235 3513 5306 μέρους·
3552 5254 3571 5287 ι
3614 5236 3770 5307 μέρος
3810 5234 3881 5299 τῆς

2393 5328 2707 5399 Ἑκκλησίας
2741 5330 2832 5381 καὶ
2853 5330 3131 5403 πρεσϐεῖον
3158 5326 3324 5396 αὐτῆς
3366 5326 3559 5395 λέγοιτ’
3599 5327 3662 5381 ἂν
3701 5326 3880 5379 sitm;

2378 5421 2410 5488 ή
2438 5420 2555 5473 κατ’
2586 5420 2782 5491 ἀρετὴν
2803 5420 2896 5492 τὴν
2927 5421 2983 5497 ἐν
3010 5420 3086 5491 τῷ
3112 5417 3334 5489 παρόντι
3356 5418 3455 5491 βίῳ
3482 5418 3772 5480 τελείωσιςο
3792 5410 3869 5481 μεθ

2378 5512 2463 5581 ἢν,
2500 5510 2684 5583 ὥσπερ
2706 5512 3083 5583 ἀποδυσαμένη
3108 5510 3197 5563 τδν
3213 5512 3303 5564 ἐπὶ
3320 5498 3422 5582 γῆς
3439 5510 3625 5582 θνητὸν
3645 5508 3771 5579 βίον,
3789 5504 3869 5555 ἀνι

2376 5598 2774 5682 καινισθήσεται
2802 5603 2899 5673 τῆς
2927 5602 3177 5673 οὐρανίου
3210 5603 3480 5676 οιατρισῆς
3525 5596 3869 5661 animi”

2378 5695 2535 5765 μένη,
2576 5678 2950 5767 συναπτομένη
2978 5710 3035 5748 τε
3064 5696 3128 5765 τῇ
3163 5693 3447 5761 Ἐκκλησία
3494 5692 3597 5745 τῶν
3643 5688 3875 5756 πρωτοτθ
3946 5678 3947 5767 ί

2087 5854 2129 5883 ³³⁷
2158 5852 2174 5904 1
2204 5852 2327 5905 Cor.
2353 5866 2450 5916 xu,
2480 5851 2565 5905 9.7.
