3966 6348
79 415 166 469 735
1171 396 1662 456 COMMENTABIA
1697 393 1761 447 ΙΝ
1798 389 2130 449 PSAthOS.

3155 382 3253 437 786

75 549 172 585 κων
196 529 298 581 τῶν
336 524 840 596 ἀπογεγραμμένων
865 521 921 574 ἐν
941 520 1204 589 οὐρανοῖς.
1233 516 1386 572 Οὕτω
1405 517 1603 586 νοήσεις

1719 511 2087 568 renovabitur.
2131 504 2222 561 Sic
2252 507 2376 560 item
2419 505 2692 574 intelligas
2721 504 2863 573 quod
2900 503 3148 573 superius
3174 503 3254 556 di-

79 621 239 675 καὶτὸ
267 619 521 689 ἀνωτέρω
545 614 860 686 λελεγμένον
899 615 956 666 ἐν
984 609 1080 680 τῷ,
1120 628 1138 660 ι
1175 607 1266 678 Μὴ
1307 606 1615 678 ammon;

78 727 136 779 με
170 711 244 772 εἰς
275 708 465 779 καιρὸν
485 707 687 778 γήρως,
720 707 776 757 ἐν
806 701 882 771 τῷ
910 699 1176 754 ἐκλείπειν
1199 697 1296 767 τὴν
1333 695 1482 765 ίσχύν
1514 711 1613 765 μου

80 801 143 869 μὴ
184 798 546 868 ἐγκαταλίπῃς
583 813 668 866 με.
722 813 741 845 ι
792 791 948 845 Κατά
997 789 1105 861 γὰρ
1161 787 1350 858 ἐτέραν
1394 786 1615 856 ἐκδοχὴν

77 889 418 959 ύπερεύχεται
455 888 550 956 τῆς
606 881 924 951 Ἐκκλησίας
969 877 1167 940 αὑτοῦ,
1207 878 1291 931 ῖνα
1337 876 1395 928 ἐν
1441 873 1614 946 καιρῷ

75 981 158 1049 τῆς
187 980 325 1033 κατά
353 979 456 1047 γῆν
486 975 819 1047 μακρότητπ
843 973 918 1042 μὴ
941 968 1302 1042 ἀπορριφθείη
1326 986 1338 997 ·
1371 969 1419 1020 εί
1441 967 1495 1020 δέ
1520 966 1614 1018 καὶ

73 1071 177 1122 τότε
204 1069 442 1122 ἐκλείπει
471 1068 504 1136 ἡ
541 1065 691 1134 ίσχὺς
712 1062 914 1133 αὐτῆς,
961 1061 1092 1131 μηδέ
1140 1059 1260 1136 τότε
1303 1055 1613 1127 ἐγκαταλει-

74 1164 234 1233 φθείη.
265 1161 559 1231 Συμϐαίνει
591 1158 698 1228 γάρ
729 1155 983 1218 πολλάκις
1013 1135 1285 1206 ἐκλείπειν
1313 1148 1454 1202 κατὰ
1488 1148 1611 1209 τοὺς

73 1257 276 1326 καιροὺς
327 1252 432 1304 τῶν
479 1250 730 1319 διωγμῶν
757 1288 772 1311 ,
818 1245 1034 1300 ἐπειδὰν
1057 1246 1105 1297 οἱ
1148 1240 1333 1294 πολλοὶ
1372 1237 1465 1291 τοῦ
1511 1236 1614 1290 σώ-

74 1363 223 1415 ματος
274 1345 372 1412 τῆς
428 1341 745 1410 Ἐκκλησίας
785 1339 848 1392 δι’
898 1335 1174 1391 ἀσθένειαν
1230 1332 1457 1393 πίστεως
1534 1328 1612 1395 ἐξ·

68 1437 338 1506 ομνύονται
369 1433 464 1504 τὴν
503 1435 701 1486 πίστιν.
743 1431 850 1483 Καὶ
901 1429 1103 1499 μήποτε
1151 1422 1320 1477 ταῦτα
1372 1420 1612 1506 ἀναπέμ-

72 1546 212 1580 πεται
232 1528 322 1580 ἐπὶ
358 1527 449 1580 τὸν
477 1523 663 1595 καιρὸν
683 1522 782 1591 τῆς
814 1517 1162 1578 ἀποστασίας,
1182 1514 1308 1584 περὶ
1336 1505 1396 1565 οὗ
1418 1509 1605 1581 καιροῦ

68 1625 91 1672 ὀ
129 1617 436 1681 Ἀπόστολος
489 1615 730 1668 ἐδίδασκε
781 1611 981 1680 λέγων·
1032 1627 1050 1660 ι
1098 1605 1220 1660 Ἑάν
1272 1603 1344 1674 μὴ
1398 1601 1523 1673 ἔλθῃ
1575 1602 1608 1671 ἡ

70 1710 351 1764 ἀποστασία
411 1707 663 1779 πρῶτον,
732 1703 824 1759 καὶ
907 1699 1257 1767 ἀποκαλυφθῇ
1329 1695 1609 1779 ἄνθρωπος

69 1800 151 1870 τῆς
202 1799 508 1870 ἁμαρτίας,
571 1797 600 1849 6
654 1795 778 1858 Υίὸς
834 1795 930 1862 τῆς
983 1790 1273 1851 ἀπωλείας.
1337 1807 1356 1838 ι
1412 1783 1610 1839 Τοῦτον

1715 604 1896 657 citur:
1938 599 2056 654 «Ne
2097 596 2353 668 projicias
2407 610 2493 650 me
2540 597 2594 649 in
2642 604 2888 663 lemp‘trc
2936 594 3252 654 senectutis.

1714 715 1835 756 cum
1859 697 2073 752 deﬁciet
2105 695 2276 749 virtus
2314 705 2452 759 mea,
2483 706 2550 745 ne
2579 691 2923 760 derelinquas
2945 706 3084 744 me.»
3120 687 3253 743 Nam

1714 787 2013 846 secundum
2064 787 2224 839 aliam
2275 783 2663 854 expositionem
2704 795 2802 850 pro
2864 780 3103 834 Ecclesia
3156 795 3254 837 sua

1713 888 1984 952 precatur,
2017 888 2075 931 ut
2107 893 2176 933 ne
2201 878 2256 932 in
2291 885 2528 946 tempore
2574 884 2804 930 terrenae
2852 874 3000 926 illius
3035 873 3256 927 diutur-

1713 971 1900 1027 nitatis
1942 969 2279 1039 projiciatur.
2329 966 2480 1033 Quod
2537 966 2584 1020 si
2630 973 2762 1019 tunc
2813 964 3028 1018 deﬁciat
3080 963 3256 1020 virtus

1712 1063 1852 1130 ej-us,
1888 1069 2045 1133 rogat
2081 1068 2141 1114 ut
2173 1074 2240 1114 ne
2279 1055 2358 1114 sfc
2400 1059 2616 1128 quidem
2653 1057 3081 1125 derelinquatur.
3120 1053 3257 1109 Con-

1712 1155 1870 1224 tingit
1921 1153 2063 1208 enim
2119 1152 2458 1223 plerumque,
2511 1159 2572 1205 ut
2626 1149 3067 1221 persecutionum
3116 1155 3254 1202 tern-

1707 1261 1842 1317 pore
1872 1245 2108 1307 deﬁciat,
2145 1258 2269 1297 cum
2309 1243 2462 1298 multi
2497 1258 2561 1296 ex
2595 1241 2850 1297 Ecclesiae
2894 1254 3121 1309 corpore
3186 1239 3255 1292 ob

1710 1335 1835 1391 ﬁdei
1866 1334 2256 1399 inﬁrmitatem,
2297 1349 2415 1388 eam
2462 1332 2734 1400 abiurant.
2775 1331 2911 1386 Num
2958 1329 3098 1384 forte
3141 1330 3255 1385 hac

1710 1425 1991 1481 referenda
2035 1426 2103 1480 ad
2141 1433 2358 1496 tempus
2392 1423 2735 1489 defectionis,
2773 1424 2840 1480 de
2889 1439 2996 1494 quq
3026 1424 3256 1493 Aposto-

1710 1520 1795 1575 lus
1845 1519 1958 1574 haec
2014 1518 2231 1573 docuit:
2284 1517 2442 1571 «Nisi
2483 1517 2690 1571 venerit
2723 1516 2956 1571 defectio
3000 1517 3252 1586 primum,

1708 1617 1760 1664 et
1793 1609 2068 1664 revelatus
2125 1608 2288 1662 fuerit
2338 1608 2499 1662 homo
2547 1608 2775 1678 peccati,
2813 1607 2955 1662 ﬁlius
3002 1607 3254 1677 perditio-

1709 1701 1906 1756 nis".r
1952 1698 2064 1754 Hoc
2093 1713 2218 1754 vero
2253 1705 2466 1766 tempus
2516 1697 2770 1753 Servator
2816 1699 3113 1755 declaravit
3147 1699 3232 1752 his

1708 1793 1912 1850 verbis:
1945 1812 1961 1844 ι
1985 1791 2122 1846 Num
2145 1791 2367 1846 veniens
2393 1789 2559 1846 Filius
2584 1791 2820 1845 hominis
2839 1792 3076 1848 inveniet
3096 1791 3254 1847 fidem

67 1891 116 1940 δὲ
167 1891 250 1942 τὸν
310 1890 498 1960 καιρὸν
572 1890 602 1941 6
647 1886 834 1955 Σωτὴρ
891 1882 1076 1953 ἐδήλου
1129 1880 1300 1949 λέγων
1324 1894 1338 1907 ⁸
1405 1895 1422 1928 ι
1457 1873 1601 1947 τΑρα

1703 1902 1866 1956 super
1899 1896 2092 1940 terram
2116 1885 2193 1937 ’9?
2219 1903 2238 1936 ι
2270 1894 2323 1938 et
2354 1898 2580 1939 rursum
2607 1902 2621 1938 :
2652 1902 2671 1935 ι
2700 1882 2766 1936 Et
2796 1885 3053 1954 quoniam
3082 1885 3258 1939 abun.

70 1980 221 2032 ἐλθὼν
273 1983 303 2032 6
351 1981 476 2042 Υἱὸς
519 1979 612 2032 τοῦ
660 1975 942 2046 ἀνθρώπου
1002 1975 1220 2044 εὑρήσει
1275 1972 1374 2042 τ’ὴν
1425 1971 1605 2022 πίστιν

73 2072 149 2121 ἐπὶ
174 2069 266 2139 τῆς
296 2071 430 2140 γῆς;
459 2089 477 2120 ›
509 2071 617 2122 Kal
665 2069 822 2123 πάλιν
846 2085 858 2098 ⁸
911 2087 929 2119 ι
957 2066 1053 2120 Διά
1077 2066 1134 2120 δὲ
1162 2066 1222 2119 τὸ
1247 2061 1606 2132 πληθυνθῆναι

69 2164 152 2230 τὴν
181 2162 420 2231 ἀνομίαν,
444 2161 743 2231 ψυγήσεται
775 2161 808 2229 ἡ
839 2159 1022 2230 ἀγάπη
1055 2157 1161 2213 τῶν
1185 2154 1410 2209 πολλῶν.
1438 2153 1606 2206 ιΤότε

69 2254 164 2323 γὰρ
193 2253 339 2305 ἔσται
378 2251 640 2322 γηραλέον
673 2253 765 2304 καὶ
799 2250 1018 2312 ἀσθενὲς
1048 2249 1109 2302 τὸ
1154 2248 1310 2317 σῶμα
1351 2246 1447 2314 τῆς
1489 2245 1606 2297 Ἐκ-

71 2344 294 2413 κλησίας.
315 2344 451 2397 Ἀλλ’
477 2344 562 2400 ἵνα
598 2343 729 2414 μηδέ
767 2343 884 2395 τότε
928 2341 1128 2412 ἕρημος
1169 2337 1547 2407 καταλειφθείη
1578 2337 1606 2387 6

71 2436 180 2496 λαὸς
209 2435 390 2498 αὐτοῦ,
425 2436 731 2503 ἀναγκαίως
772 2435 869 2498 τάς
907 2433 1264 2505 προκειμένας
1297 2431 1603 2498 ἀναπέμπει

73 2526 234 2588 φωνάς
252 2543 264 2554 ·
303 2544 321 2576 ι
345 2527 400 2577 '0
434 2524 582 2587 Θεὸς,
617 2526 699 2587 τίς
725 2525 1114 2597 ὁμοιωθήσεταί
1141 2542 1250 2587 σοις
1278 2524 1442 2583 Ὅσας
1475 2519 1605 2571 ἐδει-

73 2616 154 2678 ξάς
203 2632 289 2685 μοι
339 2616 542 2683 θλίψεις
586 2617 782 2679 πολλὰς
836 2618 928 2670 καὶ
972 2617 1150 2679 κακά;
1178 2635 1196 2667 ι
1240 2615 1330 2666 καὶ
1361 2613 1427 2665 τά
1455 2611 1600 2679 ἑξῆς.

75 2705 196 2767 Τοὺς
216 2706 458 2777 ἀκριϐεῖς
490 2706 680 2773 λόγους
711 2708 831 2761 καθ’
865 2707 955 2770 οὓς
978 2709 1006 2758 6
1036 2706 1165 2768 Θεὸς
1192 2703 1284 2757 τοῦ
1322 2702 1446 2756 ίδίου
1474 2702 1602 2755 Υίοῦ

72 2799 158 2849 οὐκ
205 2799 468 2866 ἐφείσατο,
513 2799 625 2852 ἀλλ’
653 2799 792 2869 ὑπὲρ
834 2798 990 2870 ἡμῶν
1034 2798 1246 2850 πάντων
1296 2795 1605 2866 παρέδωκεν

73 2889 234 2951 αὑτὸν,
271 2891 343 2960 μὴ
394 2889 586 2958 γνόντα
633 2908 692 2943 τε
739 2891 898 2944 αὑτὸν
946 2887 1214 2960 ἁμαρτίαν
1266 2888 1401 2960 ὑπὲρ
1449 2886 1604 2956 ἡμῶν

77 2982 324 3050 ἁμαρτίαν
355 2981 626 3053 ἐποίησεν,
652 2981 824 3045 οὐδεὶς
854 2980 1073 3034 δύναται
1113 2978 1334 3033 διελθεῖν
1373 2979 1405 3048 ἢ
1450 2978 1605 3048 μόνος

73 3072 232 3135 αὑτός.
273 3091 290 3123 ι
317 3073 410 3136 Τίς
447 3075 554 3145 γὰρ
602 3073 740 3142 ἔγνω
777 3072 898 3128 νοῦν
933 3072 1158 3144 Κυρίου,
1185 3071 1244 3135 ὃς
1285 3068 1605 3139 συμϐιϐάσει

75 3160 244 3224 αύτόνς
275 3181 293 3210 ›
330 3162 450 3214 066‘
487 3163 552 3215 ἂν
599 3163 842 3216 ἐπιϐάλοι
885 3179 967 3223 τις
996 3163 1062 3231 τῇ
1103 3159 1197 3215 τοῦ
1239 3157 1372 3212 Θεοῦ
1406 3157 1602 3228 κρίσει,

1706 1978 1850 2033 davit
1899 1979 2174 2048 iniquitas,
2217 1976 2531 2046 refrigescet
2559 1976 2798 2032 Charitas
2839 1977 3132 2031 multorum
3158 1980 3198 2028 ¹.
3229 1994 3249 2028 ι

1705 2071 1856 2125 Tunc
1888 2071 2030 2124 enim
2060 2085 2258 2139 corpus
2289 2067 2543 2124 Ecclesia
2570 2067 2724 2124 senio
2751 2067 3054 2123 confectum
3084 2075 3140 2121 et
3167 2068 3255 2122 in-

1706 2163 1916 2217 firmum
1951 2161 2076 2216 erit.
2112 2160 2310 2215 Verum
2349 2176 2418 2216 ne
2447 2160 2539 2214 illo
2580 2169 2825 2230 tempore
2867 2160 3116 2216 desertus
3154 2172 3255 2228 po-

1704 2254 1864 2324 pulus
1891 2253 2010 2320 ejus
2051 2252 2412 2321 relinquatur,
2455 2253 2767 2307 necessario
2810 2253 2910 2308 has
2940 2251 3144 2322 profert
3169 2268 3258 2308 vo-

1702 2360 1792 2398 ces
1818 2362 1832 2397 :
1863 2362 1880 2394 ι
1910 2342 2074 2405 Deus,
2109 2342 2232 2410 quis
2271 2330 2464 2396 similis
2503 2341 2608 2396 erit
2637 2338 2775 2395 tibi?
2798 2341 3042 2406 Quantas
3072 2350 3257 2398 osten-

1704 2436 1831 2489 disti
1879 2435 2010 2488 mihi
2041 2433 2419 2488 tribulationes
2469 2432 2666 2488 multas
2697 2439 2752 2486 et
2802 2433 2974 2486 mala?
3005 2453 3023 2484 ι
3070 2443 3123 2489 et
3161 2449 3256 2489 ca:-

1703 2533 1838 2581 tera.
1872 2525 2008 2579 Nam
2049 2533 2358 2579 accuratam
2388 2524 2658 2578 rationem
2692 2537 2790 2578 cur
2818 2522 2960 2578 Deus
2987 2520 3126 2577 Filio
3155 2539 3256 2578 suo

1704 2633 1812 2671 non
1847 2617 2166 2686 pepercerit,
2204 2615 2298 2672 sed
2343 2630 2443 2686 pro
2479 2615 2639 2671 nobis
2682 2615 2933 2670 omnibus
2975 2615 3256 2670 tradiderit

1705 2708 1892 2772 illum;
1925 2721 1987 2758 ac
2009 2721 2132 2759 cum
2159 2713 2438 2775 peccatum
2465 2719 2573 2758 non
2595 2712 2802 2768 nosset,
2833 2712 3109 2774 peccatum
3130 2718 3255 2759 eum

1706 2811 1802 2866 pro
1827 2795 1982 2850 nobis
2004 2793 2261 2858 effecerit,
2295 2808 2455 2849 nemo
2477 2801 2671 2864 praeter
2692 2795 2868 2863 ipsum
2898 2794 3074 2848 solum
3095 2808 3254 2849 enar-

1703 2902 1824 2941 rare
1855 2893 2052 2956 potest.
2094 2904 2112 2936 ι
2141 2885 2277 2952 Quis
2305 2885 2449 2940 enim
2474 2886 2624 2953 novit
2646 2900 2868 2940 sensum
2901 2883 3135 2951 Domini,
3159 2886 3257 2955 qui

1705 2979 1940 3034 instruat
1976 2993 2099 3034 eum
2120 2977 2178 3030 ’ἲ
2205 2997 2224 3030 ι
2259 2976 2441 3047 Neque
2463 2977 2606 3033 enim
2637 2978 2759 3047 quis
2787 2977 2840 3031 in
2871 2977 2964 3031 Dei
2988 2977 3252 3045 judicium

1707 3087 1828 3128 sese
1871 3070 2164 3126 immittere
2204 3069 2420 3132 audeat,
2474 3084 2649 3139 neque
2688 3069 2926 3124 consilia
2953 3067 3254 3136 deprehen-

1707 3163 1833 3217 dere
1858 3162 2049 3230 possit,
2083 3161 2244 3229 queis
2271 3159 2558 3230 Unigenito
2606 3175 2707 3215 suo
2753 3160 2990 3215 ostendit
3032 3160 3252 3214 tribula-

71 3253 164 3302 οὐδ’
195 3252 256 3304 ἀν
304 3252 510 3321 ἐξεύροι
560 3254 686 3316 τοὺς
729 3227 1142 3322 λογισμοὺςίδυ
1175 3248 1266 3313 οὓς
1314 3227 1603 3311 ἐνεδείξατο

1704 3227 1884 3308 tiones
1913 3259 1970 3307 et
1996 3227 2165 3307 multa
2190 3253 2354 3306 mala.
2382 3227 2570 3320 Neque
2602 3251 2657 3305 in
2684 3253 2753 3307 iis
2782 3253 2957 3320 ipsum
2988 3251 3248 3311 deseruit,

75 3343 140 3411 τῷ
172 3345 454 3415 Μονογενεί
497 3345 698 3413 θλίψεις
727 3343 924 3407 πολλάς
950 3344 1043 3396 καὶ
1069 3340 1242 3396 κακά·
1277 3342 1338 3392 οὺ
1375 3339 1472 3409 μὲν
1499 3337 1607 3390 ετα-

78 3448 156 3484 σεν
198 3435 349 3488 αὑτὸν
392 3437 448 3486 ἐν
487 3435 700 3494 αὑταῖςο
743 3432 856 3485 ἀλλ’
881 3430 1205 3501 ἐπιστρέψας
1249 3426 1603 3497 ἐζωοποίησεν

72 3524 214 3575 αὑτὸν
248 3526 336 3576 xa‘t
370 3527 432 3576 ἐκ
474 3523 578 3575 τῶν
620 3523 866 3575 ἀϐύσσων
898 3524 994 3592 τῆς
1018 3524 1120 3592 γῆς
1153 3521 1309 3574 πάλιν
1334 3521 1602 3590 ἀνήγαγεν

74 3614 232 3666 αὐτόν.
267 3616 472 3685 Σφόδρα
504 3615 559 3667 δὲ
591 3614 829 3685 ἀκριϐῶς
857 3615 1066 3686 είρηται
1093 3614 1172 3676 τὸ,
1204 3612 1477 3675 «Ἐδειξάς
1514 3629 1602 3682 μοι

73 3703 259 3772 θλίψεις
286 3705 480 3767 πολλάς
509 3705 599 3758 καὶ
610 3704 791 3773 ςκακά.
816 3724 831 3754 ι
852 3701 996 3756 Ἰδὼν
1020 3702 1128 3773 γὰρ
1146 3701 1250 3763 τὰς.
1273 3700 1478 3769 θλίψεις
1509 3699 1602 3752 καὶ

71 3796 127 3847 τὰ
172 3795 534 3864 ὀνομαζόμενα
575 3795 750 3859 κακὰ,
796 3780 909 3864 οὐχ’
939 3793 1078 3848 ἑάλω
1121 3791 1208 3844 ὑπ’
1240 3790 1436 3854 αὐτῶν,
1482 3790 1602 3842 οὐδὲ

75 3884 258 3956 ἡττήθη
281 3904 293 3914 ·
329 3887 588 3957 κρείττων
619 3887 673 3939 δὲ
708 3886 920 3939 πάντων
953 3885 1258 3954 γενόμενος,
1295 3881 1493 3952 θεωρὸς
1533 3875 1600 3950 ἦν

75 3979 256 4031 αὐτῶν·
291 3980 362 4043 ὼς
402 3981 615 4032 πάντων
651 3977 847 4047 μᾶλλον
877 3979 1050 4030 εἰπεῖν
1071 3975 1136 4028 ἀν
1163 3974 1242 4036 τὸ,
1278 3991 1296 4023 ι
1321 3973 1408 4025 Ἑν
1443 3972 1600 4024 παντὶ

75 4070 374 4140 Θλιϐὁμενοι,
421 4070 532 4123 ἀλλ’
558 4070 617 4122 ού
666 4065 1174 4137 στενοχωρούμενοιο
1219 4061 1596 4134 ἀπορούμενοι,

74 4160 171 4210 ἀλλ’
201 4161 297 4212 οὐκ
342 4161 781 4231 ἐξαπορούμενοι·
835 4155 1307 4224 καταϐαλλόμενοι,
1355 4153 1466 4207 ἀλλ’
1500 4154 1600 4206 οὐκ

75 4251 583 4320 ἐγκαταλειπόμενοι.
617 4268 635 4301 ι
669 4247 850 4302 Ταῦτα
895 4247 1001 4315 γὰρ
1029 4245 1237 4308 Παῦλος
1274 4245 1367 4298 καλ⁸
1408 4247 1456 4298 οί
1495 4262 1599 4298 πα-

76 4342 338 4412 ραπλήσιοι
367 4341 543 4411 ὠφελη
554 4341 698 4410 μένοι
725 4338 816 4393 τδν
851 4336 1162 4392 διδάσκαλον
1190 4336 1390 4404 ελεγον.
1409 4335 1598 4390 Ἀϐύσ-

79 4449 185 4494 seu;
209 4433 262 4485 δὲ
293 4431 391 4501 γῆς
417 4431 645 4484 ἐνταῦθα
688 4429 786 4500 τὴν
826 4427 934 4482 τῶν
974 4427 1335 4497 καταχθονίων
1367 4427 1468 4496 γῆν
1492 4425 1596 4497 χώ-

78 4541 162 4590 ραν
189 4523 454 4592 ὠνόμαζεν
475 4539 489 4553 ·
529 4522 558 4574 ὂ
583 4507 644 4591 δὴ
679 4519 956 4591 σαφηνίζει
988 4520 1016 4572 6
1048 4517 1358 4581 Ἀπόστολος
1384 4517 1556 4585 λέγων
1577 4534 1590 4546 ⁸

81 4634 94 4661 ε
120 4615 200 4683 Μὴ
228 4593 401 4683 εἴπῃς,
425 4613 520 4675 Τίς
548 4611 907 4683 καταϐήσεται
927 4612 1002 4673 είς
1028 4610 1126 4680 τὴν
1148 4609 1398 4673 ἄϐυσσον,
1442 4624 1596 4659 τουτ-

76 4705 174 4756 ἐστι
196 4705 417 4777 Χριστὸν
440 4708 504 4758 ἐκ
524 4702 731 4773 νεκρῶν
751 4703 1042 4770 ἀναγαγεῖν
1065 4719 1078 4765 ;
1121 4720 1139 4751 ι
1160 4701 1270 4754 Καὶ
1291 4701 1346 4752 ἐν
1368 4699 1446 4769 τῷ
1478 4697 1596 4751 Ἰὼϐ

76 4794 122 4846 δέ
140 4799 164 4848 ὁ
188 4797 525 4881 χρηματίζων
551 4793 699 4861 αὐτῷ
723 4794 924 4865 Κύριος
951 4793 1098 4860 ἔλεγε
1117 4809 1130 4822 ο
1169 4810 1184 4843 ι
1224 4790 1394 4852 Ηλθες
1423 4790 1480 4842 δὲ
1507 4792 1598 4842 ἐπὶ

76 4887 234 4954 πηγὴν
263 4887 548 4958 θαλάσσης,
582 4888 640 4939 ἐν
680 4885 736 4937 δέ
778 4885 975 4954 ἴχνεσιν
1004 4882 1236 4937 ἀϐύσσου
1269 4881 1599 4950 περιεπάτη-

80 4978 512 5045 σας.Ἀνοίγονται
556 4978 612 5030 δέ
654 4993 734 5028 σοι
769 4976 915 5047 φόϐῳ
949 4977 1112 5030 πύλαι
1143 4976 1398 5029 θανάτου·
1431 4978 1600 5029 πυλω-

80 5066 148 5131 ροὶ
173 5065 225 5116 δὲ
257 5068 374 5136 ᾇδου
411 5069 608 5132 ἰδόντες
635 5085 693 5120 σε
725 5066 974 5136 ἔπτηξαν.
1007 5087 1025 5119 ι
1045 5070 1102 5121 Ὀ
1138 5069 1195 5122 δὲ
1237 5067 1400 5120 εἰπὼν
1421 5066 1601 5120 ἐνταῦ-

79 5152 153 5213 θα,
184 5172 200 5204 ι
229 5157 330 5209 Καὶ
362 5162 425 5212 ἐκ
466 5159 572 5213 τῶν
607 5158 854 5213 ἀϐύσσων
881 5157 978 5224 τῆς
1007 5160 1109 5229 γῆς
1141 5161 1298 5213 πάλιν
1329 5161 1598 5229 ἀνήγαγές

82 5260 159 5310 με,
190 5263 207 5295 ι
237 5250 413 5316 σαφῶς
447 5250 682 5315 ἐδίδαξεν
711 5249 896 5303 ἑαυτὸν
923 5250 1338 5320 κατεληλυθέναι
1386 5252 1463 5312 είς
1503 5253 1602 5314 τὰς

78 5334 319 5398 ἀϐύσσους
341 5339 438 5406 τῆς
461 5339 587 5407 γῆς,
617 5343 708 5394 καὶ
739 5341 896 5394 πάλιν
919 5323 1310 5409 ἀνεληλυθέναι.
1341 5340 1451 5394 Ούκ
1482 5337 1598 5395 οἶδα

78 5421 126 5472 δὲ
161 5423 208 5476 εί
231 5443 305 5488 τις
342 5427 559 5481 δύναται
605 5431 804 5502 ἑτέρως
839 5430 1081 5486 ἐκλαϐεῖν
1123 5429 1291 5483 ταῦτα
1317 5430 1348 5498 ἢ
1379 5431 1470 5483 ἐπὶ
1505 5431 1595 5485 τὸν

79 5510 284 5584 Σωτῆρα
307 5520 395 5571 καὶ
417 5518 619 5590 Κύριον
646 5521 796 5585 ἡμῶν
817 5521 1097 5590 ἀναφέρων
1120 5522 1217 5585 τὴν
1241 5521 1590 5589 προφητείαν.

84 5750 100 5779 ,
125 5687 442 5779 διηξΐιιεεε.
473 5696 744 5779 ιμ’-ὅ.ητη
776 5697 928 5765 Luc.,
950 5715 1098 5766 xvni,
1121 5701 1170 5757 8.

119 5750 222 5821 Joh,
243 5775 458 5830 unm,
501 5750 582 5830 f6,
625 5764 705 5818 f7.

1703 3343 1796 3400 sed
1827 3358 2126 3399 conversus
2160 3341 2454 3396 viviﬁcavit
2478 3357 2621 3405 eum,
2653 3350 2710 3397 et
2753 3343 2820 3396 de
2851 3342 3062 3411 abyssis
3092 3350 3249 3396 terra:

1701 3437 1893 3491 iterum
1926 3435 2142 3490 reduxit
2177 3449 2321 3488 eum.
2358 3433 2781 3510 Accuratissime
2824 3442 3003 3489 autem
3045 3435 3248 3489 dictum

1701 3527 1800 3582 fuit
1835 3527 1987 3589 illud,
2025 3544 2042 3575 ‹
2075 3524 2370 3581 Ostendisti
2398 3524 2528 3578 mihi
2555 3523 2930 3579 tribulationes
2963 3525 3163 3581 multas
3192 3534 3246 3581 et

1700 3619 1858 3674 mala.
1894 3636 1911 3666 ι
1971 3615 2109 3670 Cum
2160 3615 2492 3686 prospiceret
2536 3615 2677 3670 enim
2730 3615 3138 3677 tribulationes,
3191 3626 3246 3670 et

1699 3706 1867 3760 multa
1903 3706 1996 3760 illa
2026 3721 2147 3776 quae
2179 3715 2440 3761 vocantur
2469 3707 2630 3770 mala,
2665 3721 2774 3760 non
2813 3713 3002 3775 captus
3036 3708 3103 3761 ab
3137 3708 3244 3763 illis

1699 3812 1873 3866 neque
1916 3797 2092 3852 victus
2134 3804 2252 3864 est;
2300 3798 2395 3852 sed
2433 3797 2685 3852 omnibus
2720 3799 2964 3866 superior
2998 3797 3239 3862 effectus,

1698 3891 2166 3961 contemplabatur
2211 3905 2305 3955 ea;
2361 3890 2433 3944 ita
2475 3899 2534 3943 ut
2568 3890 2652 3945 his
2691 3890 2914 3944 vocibus
2957 3891 3240 3960 plusquam

1697 3997 1884 4039 omnes
1931 3983 2024 4037 alii
2074 3997 2208 4037 usus
2253 3982 2324 4037 sit
2357 3986 2382 4036 :"
2408 4000 2428 4031 ι
2458 3980 2514 4034 1η
2548 3981 3240 4037 omnibustrihulationem

1698 4075 1951 4143 patimur,
1974 4073 2068 4128 sed
2092 4087 2199 4126 non
2225 4073 2597 4142 angustiamur
2625 4091 2637 4126 :
2663 4073 2989 4141 aporiamur.
3015 4072 3109 4128 sed
3133 4088 3240 4127 non

1697 4164 2042 4219 destituimur
2072 4181 2084 4216 :
2112 4163 2418 4231 dejicimur,
2449 4164 2542 4219 sed
2569 4180 2677 4218 non
2706 4165 3184 4233 derelinquimur'.
3219 4186 3235 4212 ι

1695 4253 1818 4310 Ηωο
1847 4254 2046 4324 quippe
2076 4252 2300 4318 Paulus,
2347 4265 2400 4310 et
2428 4257 2519 4324 qui
2555 4271 2736 4324 parem
2788 4261 2948 4323 atque
2984 4255 3240 4324 magister

1695 4346 1785 4400 ille
1812 4345 2097 4401 utilitatem
2129 4355 2478 4415 perceperant
2504 4345 2772 4400 dicebant.
2813 4344 3050 4414 Abyssos
3084 4354 3240 4399 terrae

1695 4437 1783 4491 hic
1824 4436 2117 4492 inferorum
2162 4437 2432 4506 regionem
2473 4435 2682 4489 vocavit
2715 4455 2726 4487 :
2767 4435 2910 4504 quod
2948 4436 3239 4504 Apostolus

1695 4529 1924 4598 explicat
1945 4527 2161 4582 dicens:
2191 4547 2208 4578 ι
2239 4525 2316 4581 Ne
2337 4527 2486 4580 dicas
2510 4523 2674 4589 :Quis
2699 4524 2987 4580 descendet
3012 4526 3064 4578 in
3087 4526 3239 4595 abys-

1697 4619 1891 4684 sum‘;
1924 4618 1976 4673 id
2016 4625 2119 4680 est,
2165 4615 2441 4670 Christum
2491 4630 2556 4669 ex
2604 4614 2832 4668 mortuis
2886 4614 3180 4668 reducere?
3217 4635 3232 4660 ι

1697 4708 1760 4762 Ει
1789 4709 1844 4764 in
1871 4706 1972 4763 Job
1993 4721 2206 4778 quoque
2234 4705 2491 4760 Dominus
2517 4704 2608 4772 qui
2641 4705 2694 4757 in
2725 4705 2843 4774 ipso
2864 4705 3083 4758 oracula
3115 4703 3238 4756 fun-

1695 4800 1850 4853 debat
1888 4799 2000 4853 hzec
2034 4795 2260 4866 protulit
2289 4814 2302 4849 :
2333 4814 2352 4847 ι
2386 4793 2591 4850 Venisti
2630 4809 2758 4848 vero
2807 4795 2861 4848 in
2897 4793 3095 4848 fontem
3125 4808 3239 4844 ma-

1692 4894 1790 4953 ris,
1826 4891 1879 4944 in
1923 4889 2168 4958 vestigiis
2200 4895 2380 4943 autem
2425 4888 2604 4958 abyssi
2636 4886 2944 4942 ambulasti.
2976 4885 3238 4955 Aperiun-

1694 4991 1784 5036 tur
1812 4996 1940 5035 vero
1986 4981 2081 5035 tibi
2111 4981 2307 5036 timore
2341 4989 2508 5048 portae
2537 4980 2726 5032 mortis
2761 4997 2772 5031 :
2808 4977 3018 5033 ostiarii
3057 4985 3236 5032 autem

1695 5072 1892 5127 inferni
1936 5071 2179 5128 videntes
2225 5083 2278 5129 te
2319 5071 2598 5126 conterriti
2650 5070 2837 5124 sunt“.
2872 5087 2890 5120 ι
2927 5067 3028 5134 Qui
3076 5083 3238 5135 porro

1696 5161 1784 5215 hic
1822 5161 1916 5221 ait,
1981 5179 1997 5210 ι
2030 5160 2096 5214 Ει
2147 5161 2212 5216 de
2268 5160 2480 5230 abyssis
2523 5169 2677 5213 terra:
2731 5159 2924 5213 iterum
2972 5154 3236 5212 reduxisti

1697 5268 1802 5316 me,
1834 5271 1854 5303 ι
1886 5254 2032 5308 clare
2052 5252 2238 5308 docuit
2265 5266 2324 5306 se
2349 5255 2404 5306 in
2431 5251 2658 5321 abyssos
2686 5259 2844 5305 terra:
2863 5247 3232 5308 descendisse.

1700 5357 1764 5397 ac
1796 5357 2012 5396 rursum
2053 5341 2382 5397 ascendisse.
2413 5339 2523 5396 Nec
2562 5343 2675 5395 scio
2704 5348 2880 5393 utrum
2912 5339 3034 5407 quis
3061 5338 3235 5392 valeat

1702 5433 1812 5487 haec
1839 5431 1943 5484 alio
1978 5433 2226 5499 accipere
2271 5429 2452 5495 modo,
2496 5443 2654 5498 quam
2696 5426 2762 5479 ad
2812 5424 3150 5480 Servatorem
3182 5430 3236 5476 et

1702 5520 1982 5577 Dominum
1998 5530 2241 5575 nostrum
2254 5514 2534 5575 referendo
2547 5518 2898 5586 prophetiam.
2915 5514 2962 5571 ιε
2978 5514 3091 5583 ipse
3108 5525 3236 5567 vero

1253 5703 1266 5730 ⁵
1300 5699 1481 5755 Matth.
1516 5718 1602 5755 rm

1714 5702 1795 5755 12.
1872 5703 1902 5732 ’⁷
1923 5699 2076 5754 Rom.
2103 5713 2176 5763 xx,
2209 5697 2292 5753 34.
2373 5695 2391 5725 ³
2419 5692 2460 5746 ll
2482 5693 2717 5758 Cor.'tv,
2742 5694 2795 5753 8,
2869 5691 2890 5722 ⁸
2913 5689 3066 5743 Rom.
3090 5704 3143 5752 κ,
3170 5687 3222 5741 7.
