3966 6348
683 373 781 428 7S7
1194 376 1200 381 ’
1340 378 1604 435 EUSEBII
1642 380 2114 437 C/ESARIENSIS
2150 384 2298 438 OPP.
2341 381 2521 437 PARS
2557 381 2737 439 Ill.—
2770 381 3169 437 EXEGETICA.

3797 372 3891 425 733

640 538 655 547 .
681 490 988 560 subiungit:
1013 511 1030 542 ι
1055 492 1419 563 Multiplicasti
1458 499 1911 568 magniﬁcentiam
1948 516 2141 563 meam,
2170 511 2218 555 et

2337 503 2394 553 '0
2421 503 2464 555 δ’
2496 500 2656 564 αὐτὸς
2686 500 2923 568 ἐπιλέγει
2943 517 2956 529 ο
2992 518 3011 551 ι
3034 499 3384 561 Ἑπλεόνασας
3427 498 3528 568 τὴν
3579 494 3889 567 μεγαλοσύ-

679 594 972 635 conversus
995 584 1304 638 consolatus
1326 602 1385 641 es
1416 602 1522 641 me.
1555 607 1573 640 ι
1604 588 1887 653 Quomodo
1914 600 2091 645 autem
2120 590 2224 644 Pa-

681 676 764 723 ter
802 671 1235 741 multiplicaverit
1286 676 1741 744 magniﬁcentiam
1794 679 2067 751 Unigeniti
2115 683 2220 747 sui,

680 759 784 813 nisi
807 776 925 814 cum
957 764 1193 817 ostendit
1223 766 1297 819 illi
1328 769 1707 824 tribulationes
1742 771 1937 827 multas
1968 781 2021 827 et
2050 775 2225 827 mala?

680 845 1136 913 Quemadmodum
1187 857 1331 909 enim
1376 859 1699 933 agonotheta
1740 862 2047 931 quispiam,
2098 879 2221 917 cum

681 939 960 997 adversum
999 946 1196 1001 multos
1236 948 1493 1001 athletam
1523 959 1735 1022 exercet
1779 968 1957 1017 suum,
1993 956 2112 1022 ejus
2158 954 2224 1008 li-

616 1069 623 1073 .
679 1032 893 1100 quidius
945 1035 1198 1091 virtutem
1245 1038 1505 1102 ostendit,
1548 1020 1766 1109 quando
1817 1058 1940 1097 eum
1982 1020 2222 1098 omnium

678 1121 932 1177 victorem
967 1127 1254 1194 pradicat;
1281 1127 1466 1181 eodem
1496 1130 1655 1186 modo
1685 1131 1844 1186 Pater
1864 1131 1986 1186 Filii
2012 1135 2221 1204 magni-

678 1213 945 1268 ﬁcentiam
977 1228 1035 1270 ut
1060 1219 1314 1274 omnibus
1353 1221 1527 1289 palam
1572 1222 1792 1286 faceret,
1827 1223 2017 1278 multis
2045 1225 2221 1293 ipsum

676 1302 1120 1363 tribulationibus
1148 1316 1200 1362 et
1226 1310 1383 1366 malis
1416 1311 1803 1381 circumdedit;
1837 1321 1896 1367 ut
1929 1322 2079 1383 parta
2100 1331 2225 1381 con-

674 1403 761 1450 tra
814 1412 1002 1452 omnes
1050 1401 1305 1466 victoria,
1366 1404 1507 1473 apud
1572 1419 1760 1459 omnes
1816 1405 2218 1475 prazdicaretur.

674 1485 851 1552 Quare
884 1490 957 1541 ait
985 1508 997 1543 :
1030 1508 1047 1539 ι
1078 1489 1445 1561 Multiplicasti
1480 1493 1931 1563 magniﬁcentiam
1962 1511 2165 1563 meam;
2196 1516 2215 1549 ι

674 1576 771 1633 sed
805 1572 927 1647 post
972 1579 1083 1632 haac
1116 1582 1318 1646 omnia,
1348 1583 1544 1651 inquit,
1586 1604 1603 1635 ι
1634 1593 1930 1640 conversus
1967 1586 2221 1640 consola-

674 1674 767 1723 tus
794 1683 854 1722 es
884 1685 986 1723 me.
1022 1690 1039 1720 ι
1076 1670 1192 1735 Quo
1236 1680 1394 1742 pacto
1429 1675 1738 1729 consolatus
1770 1690 1891 1729 eum
1918 1683 2020 1739 est,
2057 1691 2221 1746 supe-

676 1759 793 1814 rius
835 1760 1016 1814 docuit
1064 1762 1147 1817 his
1192 1764 1368 1819 verbis
1401 1784 1413 1817 :
1445 1783 1462 1814 ι
1492 1764 1558 1817 Ει
1595 1780 1891 1821 conversus
1940 1766 2221 1821 viviﬁcasti

674 1859 781 1909 me,
813 1855 864 1900 et
885 1847 951 1902 de
979 1849 1187 1919 abyssis
1211 1859 1370 1905 terra:
1392 1853 1587 1906 iterum
1615 1852 1879 1908 reduxisti
1906 1870 2009 1909 me.
2045 1876 2064 1907 ο
2095 1854 2219 1910 Ηαιο

675 1937 871 2007 quippe
907 1941 1206 1995 consolatio
1240 1950 1377 2004 erat,
1410 1958 1571 2011 quam
1604 1944 1895 2013 Apostolus
1926 1945 2012 2000 bis
2035 1946 2216 2000 decla-

674 2041 849 2082 ravu:
885 2048 901 2079 ι
931 2030 1153 2099 Propter
1187 2032 1331 2100 quod
1379 2042 1431 2086 et
1470 2032 1612 2088 Deus
1644 2029 1903 2089 exaltavit
1948 2036 2125 2099 illum,
2166 2046 2219 2091 et

674 2120 819 2175 dedit
852 2120 926 2173 illi
958 2136 1173 2183 nomen,
1203 2121 1349 2191 quod
1392 2130 1474 2176 est
1510 2140 1672 2194 super
1700 2141 1859 2181 omne
1889 2140 2121 2192 nomen;
2158 2135 2219 2180 ut

674 2210 733 2266 in
775 2212 989 2264 nomine
1030 2208 1156 2265 Jesu
1205 2227 1362 2267 omne
1401 2226 1551 2283 genu
1598 2214 1844 2270 ﬂectatur
1890 2218 2214 2283 cmlestium,

674 2303 1011 2357 terrestrium
1041 2312 1091 2357 et
1124 2302 1455 2359 infernormu
1482 2306 1522 2359 '.
1557 2327 1575 2356 ι
1783 2382 1791 2411 ὅ

743 2481 907 2538 Vsus.
933 2485 1127 2541 93-24.
1170 2505 1188 2537 ι
1219 2484 1351 2539 Nam
1383 2494 1436 2539 et
1464 2502 1562 2557 ego
1590 2488 1885 2551 conﬁtebor
1913 2490 2007 2544 tibi
2038 2491 2093 2545 in
2120 2505 2213 2544 va-

674 2574 751 2629 sis
782 2575 977 2644 psalmi
1008 2578 1287 2630 veritatem
1323 2584 1489 2630 tuam.
1524 2596 1543 2627 »
1576 2576 1656 2630 Τυ
1684 2578 1811 2632 mihi
1842 2578 2057 2648 quidem
2081 2581 2215 2645 haec,

672 2664 852 2730 Pater,
901 2668 1197 2736 praebuisti,
1248 2668 1441 2738 inquit.
1494 2666 1621 2723 Post
1660 2672 1857 2726 multas
1906 2674 2047 2727 enim
2098 2673 2217 2727 illas

673 2758 1070 2824 rribulationes,
1107 2772 1227 2829 post
1259 2763 1515 2830 praedicta
1560 2764 1722 2825 mala,
1761 2782 1778 2813 ι
1808 2764 2107 2821 conversus
2137 2768 2218 2821 vi-

672 2834 899 2904 vilicasti
939 2866 1041 2915 me,
1077 2859 1129 2905 et
1157 2852 1224 2905 de
1256 2853 1467 2921 abyssis
1516 2865 1671 2909 terra:
1713 2855 1909 2909 iterum
1957 2857 2215 2911 reduxisti

673 2954 780 3004 me,
815 2959 832 2990 ι
862 2950 915 2995 et
949 2942 1263 2997 consolatus
1326 2958 1410 2997 me
1443 2958 1523 3007 es,
1574 2944 1938 3012 multiplicans
1976 2947 2219 3016 magniﬁ-

674 3029 906 3081 centiam
942 3044 1133 3083 meam.
1170 3030 1281 3100 Ego
1309 3046 1434 3086 vero
1463 3046 1563 3101 pro
1591 3033 1803 3089 collatis
1843 3034 1939 3090 abs
1986 3043 2038 3090 te
2086 3033 2216 3089 mihi

676 3119 950 3173 beneﬁciis
979 3121 1150 3174 vicem
1184 3122 1503 3192 rependens,
1537 3140 1555 3173 ι
1585 3122 1879 3179 conﬁtebor
1910 3125 2004 3180 tibi
2033 3128 2087 3180 in
2125 3142 2219 3180 va-

678 3210 754 3263 sis
810 3209 1039 3278 psalmi:
1074 3230 1097 3263 ι
1124 3226 1244 3264 nam
1278 3229 1297 3262 ι
1328 3212 1456 3281 quid
1510 3214 1800 3267 retribuam
1842 3213 2070 3269 Domino
2120 3231 2219 3285 pro

677 3303 926 3357 omnibus
957 3319 1075 3373 qua:
1109 3306 1359 3360 retribuit
1387 3307 1516 3359 mihi
1542 3307 1602 3359 ’?
1632 3327 1650 3359 ›
1690 3306 1801 3361 lmo
1831 3324 1959 3363 vero
1992 3325 2219 3379 appara-

679 3395 751 3448 tis
779 3394 923 3449 vasis
964 3395 1058 3449 tibi
1103 3398 1547 3466 congruentibus,
1591 3401 2037 3470 concinnatisqne
2072 3403 2217 3470 psal-

678 3483 869 3561 modize
906 3485 1281 3542 instrumentis
1324 3496 1377 3543 te
1421 3489 1617 3560 dignis,
1658 3506 1753 3560 per
1801 3491 1915 3545 haec
1942 3480 2219 3546 veritatem

678 3584 825 3629 tuam
854 3577 1081 3630 cantabo
1106 3577 1227 3641 tibi,
1254 3579 1496 3647 talesque
1519 3581 1763 3635 excitabo
1785 3582 2043 3647 citharas,
2064 3584 2219 3653 queis

680 3665 817 3718 labia
847 3682 962 3719 mea
995 3668 1361 3733 eisultabunt,
1398 3686 1608 3724 necnon
1642 3690 1660 3721 ι
1691 3671 1867 3725 anima
1908 3678 2027 3727 mea
2057 3689 2217 3743 quam

680 3750 975 3816 redemisti,
1008 3773 1027 3804 ι
1062 3754 1324 3810 reducens
1349 3771 1465 3810 eam
1506 3759 1572 3811 de
1601 3759 1812 3827 abyssis
1852 3767 2029 3825 terras,
2058 3770 2113 3815 et
2139 3761 2221 3814 vi-

679 3842 902 3897 viﬁcans
934 3859 1053 3897 eam
1095 3852 1375 3914 postquam
1415 3854 1643 3900 mortem
1683 3849 2041 3903 sustinuerat.
2074 3848 2217 3904 Vasa

680 3939 856 3986 autem
894 3941 947 3986 et
992 3935 1345 3989 instrumenta
1384 3935 1492 3990 Deo
1524 3945 1697 4007 grata,
1720 3938 1918 4008 quibus
1955 3938 2219 4010 hodieque

678 4022 924 4077 Christus
956 4022 1049 4077 Dei
1078 4039 1172 4094 per
1200 4028 1371 4079 totum
1402 4030 1586 4082 orbem
1616 4030 1876 4099 psalmos,
1911 4030 2140 4101 hymnos
2166 4040 2219 4086 et

679 4114 864 4169 laudes
897 4113 1041 4169 Patri
1068 4117 1282 4182 emittit,
1314 4120 1655 4187 quae’dixeris
1682 4137 1823 4186 esse,
1853 4123 1958 4177 nisi
1992 4125 2218 4193 populos

679 4203 733 4256 in
764 4204 993 4274 singulis
1026 4204 1710 4270 Ecclesiisconsistentes?
1742 4225 1972 4284 quorum
2010 4213 2218 4267 animas

678 4310 1009 4365 componens
1034 4296 1127 4351 Dei
1158 4295 1416 4361 Verbum,
1446 4299 1700 4369 ipsasque
1742 4316 1851 4355 uno
1890 4303 2219 4373 symphonia

678 4392 733 4438 et
779 4385 1075 4456 harmoniae
1128 4388 1340 4447 vinculo
1396 4388 1542 4443 Patri
1595 4390 1879 4461 colligatis,
1931 4393 2217 4453 amabilem

679 4476 999 4545 dulcemque
1056 4478 1475 4533 modulationem
1529 4482 1743 4534 emittit.
1809 4480 1865 4534 Si
1918 4482 2040 4551 quis
2091 4499 2219 4554 ergo

681 4567 846 4619 animi
884 4566 1077 4635 gratia,
1109 4568 1464 4623 instrumenta
1502 4570 1590 4623 illa
1623 4560 1930 4624 Iudaeorum
1954 4578 2217 4636 veterum,

681 4656 990 4709 inanimatis
1012 4671 1079 4709 ex
1113 4657 1330 4713 chordis
1364 4660 1613 4724 conllata,
1650 4675 1713 4714 ac
1744 4674 1851 4715 non
1882 4661 2218 4714 articulatam

680 4759 865 4801 vocem
891 4745 1234 4815 prolerentia,
1267 4762 1389 4803 cum
1424 4750 1637 4820 hymnis
1671 4752 1724 4805 in
1752 4751 1954 4806 Christi
1982 4749 2221 4804 Ecclesia

682 4850 713 4888 a
751 4826 1158 4894 rationabilibus
1191 4839 1475 4913 animabus
1504 4839 1616 4894 Deo
1642 4842 1863 4897 emissis
1888 4840 2217 4905 contulerit;

681 4925 822 4979 nihil
848 4925 902 4979 in
948 4926 1033 4983 bis
1063 4928 1239 4984 simile
1266 4928 1651 4998 deprehendet.
1683 4927 1885 4994 Quovis
1927 4930 2069 4985 enim
2104 4944 2221 4983 cor-

681 5030 845 5085 poreo
872 5017 1125 5086 psalterio
1154 5019 1494 5087 praestantior
1524 5026 1608 5073 est
1639 5018 1947 5084 multitudo,
1976 5034 2095 5089 qua:
2122 5032 2217 5087 per

680 5118 851 5161 totum
893 5108 1079 5163 orbem
1109 5123 1217 5161 uno
1243 5116 1529 5173 concentu,
1559 5109 1839 5163 harmonia
1886 5125 2014 5172 una,
2048 5109 2218 5164 Deum

682 5195 775 5265 qui
803 5210 965 5265 super
995 5197 1174 5251 omnia
1201 5204 1285 5250 est
1313 5194 1567 5258 celebrat.
1600 5197 1769 5268 Cujus
1799 5198 2097 5253 ministerio
2125 5196 2217 5249 Fi-

684 5289 793 5343 lius
836 5302 895 5341 se
922 5284 1087 5342 Patri.
1117 5288 1351 5359 psallere
1379 5288 1665 5343 conﬁtetur
1694 5292 1883 5345 dicens
1908 5308 1919 5342 :
1953 5306 1972 5339 ι
2004 5290 2133 5343 Nam
2164 5296 2219 5343 et

681 5392 786 5448 ego
812 5376 1105 5433 conﬁtebor
1135 5380 1231 5433 tibi
1260 5379 1317 5433 in
1346 5380 1488 5434 vasis
1514 5380 1707 5449 psalmi
1733 5381 2011 5435 veritatem
2043 5388 2211 5443 tuam,

684 5465 844 5521 Deus.
879 5486 900 5518 ι
934 5465 1055 5521 Non
1082 5468 1222 5522 ultra
1258 5470 1401 5524 enim
1431 5468 1651 5538 ﬁguras,
1682 5485 1795 5526 non
1823 5470 2063 5533 umbras.
2110 5486 2221 5525 non

684 5558 926 5626 symbola
959 5557 1139 5626 qualia
1169 5560 1309 5628 apud
1338 5559 1573 5632 Moysem
1604 5570 1778 5625 erant,
1822 5548 1915 5617 sed
1944 5562 2220 5617 veritatem

792 5739 805 5763 '
839 5723 1031 5807 Philip.
1058 5751 1118 5803 ιι,
1149 5738 1182 5792 9
1261 5738 1279 5769 '
1300 5736 1443 5794 Pral.
1474 5754 1595 5806 cxv,
1630 5739 1718 5795 12.

2323 611 2418 663 νην
2455 610 2576 663 μου,
2608 594 2699 646 καὶ
2728 591 3056 663 ἐπιστρέψας
3083 590 3456 660 παρεκάλεσάς
3486 607 3575 659 με.
3600 608 3618 639 ›
3664 587 3804 649 Πῶς
3840 586 3889 637 δὲ

2322 683 2638 735 ἐπλεόνασεν
2669 682 2698 734 6
2734 681 2921 751 Πατὴρ
2965 680 3071 751 τὴν
3099 678 3462 749 μεγαλοσύνην
3501 679 3596 730 τοῦ
3632 678 3886 741 Moven-

2321 773 2443 834 νοῦς
2469 773 2653 837 αὐτοῦ,
2675 774 2707 843 ἢ
2735 772 2820 825 διὰ
2841 771 2932 824 τοῦ
2958 771 3123 835 δεῖξαι
3152 769 3298 840 αὐτῷ
3321 769 3524 838 θλίψεις
3547 769 3767 829 πολλὰς
3800 770 3887 818 καὶ

2321 862 2497 927 κακά;
2534 862 2741 931 Ὠσπερ
2786 861 2893 932 γάρ
2937 878 3019 924 τις
3053 859 3408 928 ἀγωνοθέτης,
3440 858 3660 920 πολλοῖς
3706 872 3884 924 παρα-

2322 952 2528 1004 ϐάλλων
2556 950 2644 1003 τδν
2680 951 2867 1004 ἑαυτοῦ
2892 950 3149 1021 ἀθλητὴν,
3181 948 3435 1020 μειζόνως
3461 947 3625 1001 αὑτοῦ
3651 948 3764 1015 τὴν
3800 948 3886 998 ἀν-

2319 1042 2499 1111 δρείαν
2530 1042 2875 1105 ἐπιδείκνυσι,
2910 1044 3131 1112 νικητὴν
3170 1043 3331 1096 αὐτὸν
3375 1040 3626 1094 ἁπάντων
3678 1038 3884 1105 ἀνακη-

2323 1131 2525 1201 ρύττων
2545 1150 2567 1164 δ
2588 1133 2678 1185 τὸν
2706 1133 2867 1187 αὐτὸν
2900 1135 3097 1203 τρόπον
3122 1136 3216 1187 καὶ
3259 1136 3287 1187 6
3332 1132 3537 1203 Πατὴρ,
3569 1130 3677 1201 τὴν
3717 1145 3882 1197 μεγα-

2318 1222 2542 1294 λοσύνην
2571 1224 2663 1277 τοῦ
2688 1224 2817 1277 Υἱοῦ
2849 1226 2958 1287 τοῖς
2992 1214 3122 1277 πάσι
3145 1223 3379 1294 φανεράν
3408 1222 3750 1284 ἐπιδεικνὺς,
3778 1220 3881 1272 01i-

2318 1314 2436 1385 ψεις
2470 1315 2667 1378 πολλὰς
2709 1316 2803 1367 καὶ
2850 1300 2997 1367 κακὰ
3044 1313 3387 1385 περιέϐαλλεν
3415 1312 3581 1383 αὐτῷ,
3607 1313 3693 1373 ὡς
3728 1309 3797 1363 ἂν
3823 1312 3882 1361 τά

2320 1405 2460 1458 κατά
2502 1406 2714 1459 πάντων
2750 1405 3019 1475 ἀράμενος
3050 1405 3356 1473 νικητήρια,
3385 1402 3539 1474 παρά
3580 1404 3703 1463 τοῖς
3753 1402 3879 1453 πᾶσι

2320 1493 2633 1564 κηρυχθείη.
2668 1493 2758 1545 Διό
2789 1510 2976 1563 φησιν·
3016 1511 3034 1543 ι
3058 1492 3414 1555 Ἐπλεόνασας
3442 1492 3547 1562 τὴν
3567 1489 3881 1561 μεγαλοσύο

2319 1600 2416 1652 νην
2463 1601 2583 1652 μου.
2615 1583 2809 1636 »Ἀλλά
2855 1583 2988 1653 μετά
3031 1583 3209 1635 ταῦτα
3252 1582 3446 1644 πάντα,
3494 1582 3684 1651 φησὶν,
3724 1599 3745 1630 ι
3776 1581 3879 1631 61::-

2322 1672 2555 1743 στρέψας
2585 1672 2957 1743 παρεκάλεσάς
2988 1689 3074 1743 με.
3107 1691 3126 1724 ι
3157 1671 3279 1734 Πῶς
3308 1671 3363 1723 δὲ
3394 1668 3776 1740 παρεκάλεσεν
3797 1670 3879 1719 αύο

2321 1756 2798 1835 τὸν,’προεδίδαξεν
2842 1763 3094 1833 ἀνωτέρω
3132 1762 3325 1815 εἰπών’
3359 1781 3376 1811 ι
3401 1762 3510 1813 Καὶ
3540 1760 3878 1830 ἐπιστρέψας

2246 1841 2292 1899 Β
2319 1855 2683 1926 ὲζωοποίησάς
2713 1873 2802 1927 με,
2833 1857 2924 1909 καὶ
2954 1858 3017 1909 ὲκ
3047 1856 3155 1907 τῶν
3182 1854 3430 1908 ἀϐύσσων
3454 1840 3689 1921 τῆςθγῆς
3721 1852 3877 1905 πάλιν

2316 1948 2586 2017 ἀνήγαγές
2617 1964 2703 2018 με.
2732 1967 2750 1999 ›
2780 1948 2926 2018 Αῦτη
2952 1948 3060 2020 γὰρ
3087 1943 3155 2019 ἦν
3196 1948 3228 2015 ἡ
3275 1944 3635 2015 παράκλησις,
3669 1944 3742 2013 ἢν
3788 1944 3874 1996 καὶ

2315 2040 2344 2090 6
2380 2038 2693 2103 Ἀπόστολος
2735 2039 3073 2109 παρέστησεν
3116 2030 3315 2091 είπώνλ
3361 2055 3380 2087 ι
3412 2035 3499 2088 Διὸ
3533 2036 3629 2088 καὶ
3676 2037 3707 2088 6
3751 2034 3875 2096 Θεὸς

2318 2126 2668 2197 ὑπερύψιιηεν
2720 2128 2899 2189 αὑτὸν,
2933 2127 3025 2179 καὶ
3073 2126 3360 2195 ἐχαρίσατο
3407 2123 3551 2193 αὐτῷ
3589 2122 3789 2193 ὄνομα,
3820 2122 3881 2177 τὸ

2316 2218 2450 2287 ὑπὲρ
2479 2220 2585 2271 πᾶν
2612 2218 2780 2287 ὄνομα
2798 2234 2812 2247 ·
2843 2220 2928 2272 ἴνα
2959 2221 3016 2271 ὲν
3045 2218 3121 2288 τῷ
3145 2218 3365 2286 ὀνόματι
3408 2215 3578 2287 Ἰησοῦ
3608 2218 3724 2267 πᾶν
3749 2217 3871 2282 γόνυ

2316 2308 2526 2378 κάμψῃ,
2582 2307 2939 2376 ἐπουρανίων,
2974 2307 3069 2360 καὶ
3120 2306 3395 2373 ἐπιγείων,
3454 2306 3545 2358 καὶ
3605 2302 3873 2372 καταχθο-

2317 2396 2463 2449 νίων.
2496 2417 2516 2448 ι

2389 2505 2407 2537 ι
2431 2488 2539 2539 Καὶ
2563 2488 2669 2557 γάρ
2692 2487 2799 2555 ἐγὼ
2820 2487 3281 2558 ὲξομολογήσομαί
3311 2504 3390 2541 σοι
3423 2488 3480 2540 ὲν
3509 2486 3731 2541 σκεύεσι
3751 2484 3871 2553 ψαλ-

2320 2579 2418 2649 μοῦ
2446 2582 2543 2649 τὴν
2575 2580 2827 2651 ἀλήθειάν
2860 2596 2973 2632 σου.
3005 2599 3024 2630 ι
3062 2580 3132 2632 Σὺ
3170 2579 3267 2649 μὲν
3306 2579 3431 2649 ἐμοὶ
3463 2577 3656 2642 ταῦτα,
3688 2578 3866 2645 φησιν,

2316 2662 2360 2721 ὦ
2400 2669 2597 2741 Πάτερ,
2631 2670 2935 2740 παρέσχου·
2975 2669 3108 2739 μετὰ
3149 2670 3256 2741 γὰρ
3287 2669 3385 2732 τὰς
3433 2668 3631 2733 πολλάς
3664 2668 3870 2736 θλίψεις

2318 2764 2409 2815 xal.
2451 2762 2521 2816 τὰ
2564 2762 2855 2832 λελεγμένα
2896 2763 3042 2817 κακὰ
3080 2782 3097 2814 ι
3129 2761 3459 2832 ἐπιστρέψας
3501 2759 3865 2829 ὲζωοποίησάς

2321 2873 2405 2924 με,
2431 2856 2523 2907 καὶ
2546 2858 2609 2908 ὲκ
2628 2854 2735 2906 τῶν
2756 2854 3005 2909 ἀϐύσσων
3025 2856 3121 2926 τῆς
3143 2855 3249 2923 γῆς
3273 2852 3432 2906 πάλιν
3453 2852 3728 2921 ἀνήγαγές
3751 2868 3865 2920 με.»

2318 2947 2411 2998 καὶ
2458 2944 2832 3016 παρεκάλεσάς
2876 2962 2963 3016 με,
3012 2944 3310 3007 πλεονάσας
3353 2944 3454 3015 τὴν
3502 2944 3864 3014 μεγαλοσύνην

2322 3053 2420 3106 μου
2440 3051 2453 3065 ·
2484 3035 2636 3102 κάγὼ
2664 3035 2741 3099 δὲ,
2769 3035 3123 3107 ἀμειϐόμενος
3155 3036 3254 3099 τὰς
3281 3037 3359 3098 είς
3391 3035 3491 3105 ὲμέ
3524 3050 3618 3087 σου
3649 3036 3864 3104 εὐεργε-

2323 3128 2461 3190 σίας,
2499 3145 2517 3176 ι
2563 3125 3020 3197 ἐξομολογησομαί
3061 3140 3141 3179 σοι
3184 3128 3240 3179 ὲν
3278 3126 3491 3179 σκεύεσι
3528 3124 3773 3194 ψαλμοῦ·
3817 3125 3863 3174 τί

2320 3217 2425 3288 γὰρ
2450 3204 2810 3270 ἀνταποδώσω
2841 3216 2918 3286 τῷ
2934 3218 3119 3289 Κυρίῳ
3144 3218 3271 3289 περὶ
3294 3217 3509 3271 πάντων
3542 3210 3617 3269 ὧν
3635 3216 3863 3269 ἀνταπέο

2317 3307 2456 3360 δωκέ
2487 3322 2607 3376 μοις
2638 3324 2658 3358 ι
2678 3306 2833 3360 Ἀλλά
2855 3307 2963 3378 γὰρ
2982 3308 3050 3360 τά
3064 3323 3149 3360 σοι
3180 3307 3455 3377 πρέποντα
3482 3306 3649 3376 σκεύη
3675 3322 3862 3375 καταρ-

2317 3394 2614 3466 τιζόμενος,
2638 3395 2842 3465 ὄργανά
2861 3395 2919 3448 τέ
2948 3412 3038 3450 σου
3060 3396 3181 3463 ἀξια
3200 3395 3518 3467 ψαλμῳδίας
3536 3397 3861 3448 κατασκευάς

2319 3502 2437 3548 σας,
2469 3472 2535 3537 δι⁴
2562 3485 2737 3538 αὐτῶν
2762 3484 2859 3556 τὴν
2884 3484 3134 3555 ἀλήθειάν
3156 3502 3249 3538 σου
3266 3484 3420 3554 ψαλῶ
3442 3501 3546 3549 σοι,
3578 3484 3671 3536 καὶ
3700 3483 3859 3536 τοιαύ-

2316 3592 2413 3639 τας
2446 3593 2527 3629 σοι
2559 3562 2785 3646 κιθάρας
2807 3578 3109 3648 ἀναστήσω,
3135 3577 3200 3630 δι’
3230 3570 3303 3631 ὧν
3331 3576 3398 3630 τὰ
3415 3575 3566 3647 χείλη
3591 3592 3694 3646 μου
3715 3574 3860 3642 ἀγαλ-

2318 3666 2577 3729 λιάσεται,
2606 3666 2740 3720 ἀλλὰ
2786 3668 2880 3722 καὶ
2926 3670 3002 3739 ιή
3046 3667 3191 3737 ψυχή
3244 3685 3364 3737 μου,
3385 3668 3452 3736 ἠν
3494 3665 3802 3737 ὲλυτρώσω,
3836 3684 3851 3714 ι

2317 3756 2648 3819 ἀναϐιϐάσας
2674 3756 2840 3828 αὐτὴν
2860 3758 2924 3809 ὲκ
2942 3756 3049 3808 τῶν
3076 3754 3323 3810 ἀϐύσσων
3348 3755 3447 3823 τῆς
3478 3754 3604 3824 γῆς,
3628 3757 3725 3807 καὶ
3747 3755 3857 3816 ζωο-

2321 3845 2746 3918 ποιήσαςαὺτὴν
2792 3845 2909 3916 μεθ’
2940 3845 2998 3898 δν
3031 3845 3283 3915 ὑπέμεινε
3322 3844 3567 3900 θάνατον.
3597 3845 3773 3913 Σκεύη
3806 3844 3854 3897 δὲ

2318 3938 2410 3989 καὶ
2456 3938 2656 4008 ὄργανα
2694 3936 2772 4007 τῷ
2817 3936 2932 4007 Θεῷ
2975 3936 3359 4006 κεχαρισμένα,
3384 3936 3449 3987 δι’
3477 3929 3551 3990 ὧν
3576 3937 3745 3989 εἰσέτι
3774 3936 3854 3987 καὶ

2318 4026 2412 4081 νῦν
2458 4030 2487 4081 6
2531 4029 2761 4098 Χριστὸς
2805 4028 2895 4082 τοῦ
2943 4027 3076 4082 Θεοῦ
3122 4028 3241 4081 καθ’
3273 4026 3399 4098 ὅλης
3425 4027 3521 4097 τῆς
3546 4028 3854 4099 οἰκουμένης

2316 4116 2629 4189 ψαλμῳδίας
2653 4120 2960 4189 ἀναπέμπει
2993 4136 3085 4171 και
3109 4117 3310 4189 ὕμνους
3339 4118 3432 4171 καὶ
3453 4116 3631 4181 αἱνους
3666 4117 3744 4187 τῷ
3766 4117 3853 4168 Πα-

2317 4210 2425 4279 τρὶ,
2449 4210 2597 4273 τίνας
2633 4210 2697 4264 ἂν
2729 4210 2899 4273 εἴποις
2920 4210 2951 4280 ἢ
2974 4211 3099 4273 τοὺς
3131 4209 3249 4263 καθ’
3271 4210 3500 4279 ἑκάστην
3545 4209 3852 4279 Ἐκκλησίαν

2318 4298 2509 4364 λαούς;
2532 4294 2629 4351 Ὧν
2676 4298 2773 4361 τὰς
2814 4298 2987 4367 ψυχὰς
3036 4299 3308 4362 συντείνας
3333 4301 3361 4351 6
3386 4298 3479 4350 τοῦ
3508 4296 3643 4351 Θεοῦ
3678 4298 3849 4364 Λόγος.

2319 4392 2602 4459 συμφωνίᾳ
2627 4405 2686 4441 τε
2718 4389 2808 4440 καὶ
2848 4389 3077 4459 ἁρμονίᾳ
3105 4390 3201 4459 μιᾷ
3230 4389 3617 4469 συνδησάμενος
3643 4388 3728 4458 τῷ
3756 4388 3850 4440 Πα-

2319 4482 2426 4552 τρὶ,
2461 4478 2728 4552 προσφιλῆ
2776 4479 2868 4532 καὶ
2915 4480 3095 4549 ἡδεῖαν
3139 4478 3444 4551 ἀναπέμπει
3492 4479 3776 4551 μελῳδίαν.
3797 4476 3850 4529 Εἰ

2320 4573 2448 4641 γοῦν
2488 4589 2571 4635 τις
2614 4572 2688 4633 ὡς
2717 4572 2773 4623 ὲν
2807 4569 3101 4642 παραθέσει
3131 4569 3411 4641 σύγκρισιν
3436 4572 3729 4641 ’ποιήσοιτο
3761 4567 3850 4619 τῶν

2320 4662 2485 4715 πάλαι
2531 4662 2680 4733 παρά
2717 4662 2979 4724 Ἰουδαίοις
3006 4663 3325 4731 σωματικῶν
3369 4662 3610 4733 ὀργάνων
3634 4660 3705 4725 ἐξ
3730 4658 3847 4727 6166-

2312 4770 2427 4822 χων
2477 4753 2676 4824 χορδῶν
2702 4752 3253 4822 κατεσκευασμένων,
3284 4754 3464 4822 φωνήν
3498 4767 3555 4803 τε
3596 4748 3849 4820 ἄναρθρσι

2323 4840 2672 4913 ὲξηχούντων,
2700 4842 2791 4896 καὶ⁵
2819 4841 2926 4894 τῶν
2949 4843 3007 4895 ὲν
3030 4845 3094 4913 τῇ
3123 4842 3355 4911 Χριστοῦ
3388 4839 3687 4909 Ἐκκλησία.
3700 4841 3759 4892 ὲκ
3778 4840 3847 4891 λο-

2324 4935 2491 5001 γικῶν
2516 4934 2699 5005 ψυχῶν
2728 4933 3187 5003 ἀναπεμπομένων
3220 4932 3399 5001 ὕμνων
3432 4929 3508 4999 τῷ
3537 4928 3681 4999 Θεῷ,
3722 4929 3848 4983 οὐδὲν

2320 5022 2385 5075 ἂν
2433 5024 2587 5095 εὕροι
2620 5026 2817 5094 ὅμοιον.
2853 5023 3054 5087 Παντὸς
3093 5022 3200 5093 γὰρ
3240 5020 3515 5092 κρείττονα
3553 5020 3845 5091 σωματικοῦ

2321 5112 2613 5185 ψαλτηρίου
2658 5114 2909 5184 τυγχάνει
2956 5114 3025 5167 τὰ
3069 5111 3245 5182 πλήθη
3268 5110 3336 5163 τὰ
3365 5110 3481 5163 καθ’
3507 5109 3633 5181 ὅλης
3661 5112 3763 5180 τῆς
3786 5112 3842 5161 οε.

2324 5203 2591 5272 κουμένης
2616 5203 2901 5275 συμφωνίᾳ
2927 5206 3023 5273 μιᾷ
3043 5202 3135 5255 καὶ
3161 5201 3389 5272 ἁρμονίᾳ
3418 5202 3505 5256 τὸν
3533 5202 3626 5255 ἐπὶ
3650 5204 3843 5256 nam
3938 5244 3939 5275 γ

2323 5292 2451 5346 Θεὸν
2483 5295 2767 5365 ὑμνοῦντα,
2800 5296 2866 5349 δι’
2883 5288 2957 5349 ὧν
2982 5296 3011 5347 6
3039 5294 3165 5354 Υἱὸς
3192 5310 3269 5361 τῳ
3290 5295 3461 5363 Πατρὶ
3488 5292 3714 5361 ψάλλειν
3737 5295 3842 5361 6pc-
3938 5310 3939 5323 π

2319 5381 2465 5451 λογεῖ
2495 5386 2746 5455 φάσκωνδ
2780 5406 2799 5439 ι
2818 5387 2937 5444 Καὶ
2985 5385 3094 5454 γὰρ
3137 5383 3245 5447 ἐγὼ
3285 5380 3744 5455 ἑξομολογήσομαί
3778 5397 3841 5431 cm:

2320 5472 2379 5523 ἐν
2404 5475 2624 5529 σκεύεσι,
2638 5475 2855 5547 ψαλμοῦ
2873 5475 2973 5543 τὴν
2999 5472 3250 5544 ἀλήθειάν
3274 5490 3388 5536 σου,
3412 5472 3620 5551 δΘεός.
3636 5491 3657 5524 ι
3675 5469 3841 5525 Οὐκέτι

2320 5561 2430 5636 γὰρ
2452 5563 2672 5629 τύπους,
2688 5564 2806 5619 οὐδὲ
2838 5563 2992 5629 σκιὰς
3019 5563 3109 5620 καὶ
3135 5554 3497 5634 σύμϐολα,οῆ
3522 5558 3593 5633 ἦν
3621 5561 3693 5647 τὰ
3720 5560 3838 5627 παρά
