3966 6348
85 421 194 476 789

1205 411 1704 473 COMMENTARIA
1737 409 1803 464 IN
1841 409 2176 464 PSALMOS.

3195 411 3295 467 790

82 539 328 599 Μωῦσεῖ,
355 537 454 606 τήν
503 536 557 588 δὲ
603 535 856 606 ἀλήθειαν
896 537 993 606 τὴν
1043 535 1140 606 σὴν
1172 538 1504 608 παραστήσω
1533 536 1643 596 τοῖς

1750 538 1892 583 luam
1924 527 2233 581 hominibus
2266 523 2575 589 declarabo,
2603 531 2657 578 et
2693 543 2711 576 ε
2742 497 2968 593 psallam
3000 525 3097 580 tibi
3131 525 3184 579 in
3218 513 3310 578 εἰς’

80 627 407 697 ἀνθρώποις,
434 629 525 681 καὶ
572 645 588 678 ι
617 628 769 697 ψαλῶ
819 645 897 680 σοι
943 629 999 679 ὲν
1043 627 1261 698 κιθάρᾳ,
1291 631 1318 681 ὁ
1356 629 1506 697 ἅγιος
1548 625 1639 680 τοῦ

94 723 345 790 Ἰσραήλ·
378 741 395 773 ι
435 721 466 792 ἢ
500 723 640 774 κατὰ
676 723 767 775 τὸν
807 721 1050 783 Ἀκύλαν,
1091 741 1108 772 ι
1136 721 1439 791 Μελῳδήσω
1469 738 1551 774 σοι
1585 724 1641 776 ὲν

80 813 304 885 κιθάρᾳ,
338 814 456 882 ἅγιε
500 813 728 884 Ἰσραήλ.
769 832 786 863 ι
808 811 962 865 Ἀλλὰ
996 813 1086 864 καὶ
1121 831 1139 863 ι
1167 812 1546 880 ἀγαλλιάσεται
1572 812 1642 866 τὰ

79 905 236 975 χείλη
275 923 395 975 μου,
420 906 545 958 ὅταν
574 904 725 972 ψαλῶ
760 920 874 956 σοι·
910 923 927 955 ι
957 903 990 973 ἢ
1024 903 1162 956 κατὰ
1193 904 1285 956 τὸν
1327 903 1636 974 Σύμμαχον,

83 1017 101 1047 ι
131 997 456 1067 Εὑφημήσει
489 994 555 1047 τά
584 995 736 1064 χείλη
776 1013 897 1065 μου,
934 995 1058 1048 ὅταν
1098 994 1387 1064 μελῳδήσω
1416 1011 1514 1057 σοι,
1547 996 1639 1047 καὶ

78 1091 111 1155 ή
137 1088 290 1158 ψυχή
322 1105 440 1157 μου,
469 1087 534 1156 ἢν
565 1085 999 1156 ἐλυτρώσω.Ἔτι
1025 1085 1080 1137 δὲ
1113 1086 1258 1154 καὶὴ
1291 1084 1508 1153 γλῶσσά
1537 1101 1636 1153 μου

82 1176 378 1246 μελητήσει
420 1176 544 1243 ὃλην
587 1175 684 1246 τήν
725 1175 935 1246 ἡμέραν
974 1174 1069 1245 τὴν
1101 1173 1440 1242 δικαιοσύνην
1468 1189 1578 1225 σου.
1615 1193 1633 1225 ι

79 1266 254 1337 Χείλη
281 1267 334 1319 δὲ
368 1267 457 1318 καὶ
485 1265 732 1333 γλῶσσαν
759 1264 920 1318 αὑτοῦ
949 1264 1256 1334 μελετῶσαν
1298 1263 1395 1333 τήν
1439 1263 1640 1315 δικαιο-

79 1359 255 1428 σύνην
274 1357 364 1410 τοῦ
389 1358 598 1430 Πατρὸς
627 1358 723 1410 οὐκ
760 1356 825 1410 ἂν
866 1356 1126 1427 ἁμάρτοις
1160 1353 1324 1407 εἰπὼν
1347 1354 1470 1417 τοὺς
1493 1356 1547 1406 ὲν
1573 1357 1636 1424 τῇ

92 1449 390 1520 Ἐκκλησία
415 1449 574 1502 αὑτοῦ
601 1449 827 1519 ἀσκήσει
844 1448 998 1502 θείων
1021 1448 1190 1516 λόγων
1215 1446 1436 1508 ἑαυτοὺς
1459 1447 1642 1498 ἀνατε-

79 1541 353 1602 θεικότας.
397 1542 502 1593 Καὶ
547 1539 715 1594 ταῦτα
763 1541 955 1603 πάντα,
1001 1539 1152 1608 φησὶ,
1200 1538 1425 1608 ποιήσω,
1469 1554 1487 1588 ι
1515 1537 1640 1589 ὅταν

80 1631 410 1700 αἰσχυνθῶσι
457 1633 549 1685 καὶ
595 1633 932 1704 ὲντρατυῶσιν
980 1633 1028 1684 οἰ
1076 1624 1358 1701 ζητοῦντες
1397 1628 1465 1682 τά
1496 1627 1642 1681 κακά

83 1743 171 1793 μοι
189 1742 202 1754 ·
242 1744 260 1774 ι
293 1724 325 1793 ἢ
354 1713 489 1776 κατά
512 1724 602 1776 τὸν
627 1725 938 1794 Σύμμαχον,
978 1723 1132 1775 «Ὅτι
1174 1719 1639 1793 κατῃσχύνθησαν,
1665 1753 1668 1756 ι

1749 622 1924 684 thara,
1967 626 2190 676 sanctus
2234 616 2416 671 Israel.
2452 636 2470 668 ι
2516 616 2638 672 Sive
2676 619 2976 672 secundum
3025 617 3293 687 Aquilam,

1754 731 1772 763 ε
1805 710 2123 765 Modulabor
2165 708 2264 763 tibi
2315 708 2368 761 in
2407 707 2635 771 cithara,
2682 715 2869 762 sancte
2903 706 3090 762 Israel.
3132 728 3150 759 ι
3191 705 3294 761 Sed

1747 802 1910 856 etiam
1971 801 2365 855 «exsultabunt
2425 798 2567 854 labia
2626 813 2778 862 mea,
2831 813 2954 851 cum
3010 806 3297 852 cantavero

1746 893 1876 959 tibi;
1911 913 1928 945 ο
1963 893 2077 948 sive
2110 891 2406 947 secundum
2439 889 2840 960 Symmachum,
2875 906 2893 938 ι
2924 887 3289 943 Celebrabunt

1746 980 1887 1034 labia
1937 994 2054 1034 mea
2103 993 2228 1033 cum
2282 977 2598 1032 modulabor
2646 977 2763 1042 tibi,
2819 985 2872 1031 et
2926 975 3105 1029 anima
3155 991 3294 1038 mea,

1746 1084 1910 1139 quam
1939 1066 2235 1139 redemisti.
2269 1065 2375 1120 Sed
2405 1073 2458 1120 et
2499 1065 2678 1135 lingua
2707 1080 2823 1119 mea
2857 1072 2970 1117 tota
2994 1063 3081 1118 die
3123 1063 3294 1118 medi-

1746 1159 1951 1213 tabitur
1977 1157 2241 1227 justitiam
2286 1164 2455 1210 tuam.
2489 1174 2506 1208 ι
2544 1153 2707 1209 Labia
2751 1161 2928 1208 autem
2962 1163 3015 1208 et
3058 1154 3296 1223 linguam

1746 1249 1864 1319 ejus
1895 1248 2244 1304 meditantem
2281 1247 2547 1317 justitiam
2575 1245 2778 1310 Patris,
2817 1261 2924 1300 non
2958 1245 3296 1300 aberraveris

1747 1341 1792 1395 si
1827 1340 1978 1396 dicas
2009 1354 2104 1394 eos
2150 1354 2270 1394 esse
2299 1340 2391 1408 qui
2439 1338 2493 1392 in
2538 1337 2780 1393 Ecclesia
2819 1339 2989 1407 ipsius
3031 1340 3297 1394 exercita-

1746 1430 1879 1484 tioni
1912 1429 2106 1484 divina:
2143 1427 2434 1498 Scriptura:
2475 1445 2595 1485 sese
2634 1437 3049 1486 consecrarunt.
3084 1429 3149 1484 Et
3179 1431 3295 1485 haec

1744 1518 1945 1584 omnia,
1979 1519 2174 1588 inquit,
2221 1519 2437 1584 faciam,
2491 1537 2509 1570 ι
2545 1535 2670 1574 cum
2720 1519 2931 1574 confusi
2975 1528 3032 1576 et
3077 1522 3295 1585 reveriti

1747 1610 1947 1665 fuerint
1979 1610 2071 1679 qui
2105 1616 2358 1678 quaerunt
2391 1609 2533 1663 mala
2574 1609 2741 1676 mihi;
2773 1629 2793 1662 ι
2833 1610 2969 1676 sive,
2998 1611 3295 1667 secundum

1749 1698 2152 1769 Symmachum,
2191 1715 2209 1748 ι
2239 1695 2375 1763 Quia
2407 1696 2620 1752 confusi
2657 1705 2806 1763 sunt,
2840 1707 2934 1753 aut
2961 1699 3088 1772 quia
3118 1698 3290 1756 οσοσεὶ

80 1786 112 1886 ῆ
148 1818 232 1868 ὅτι
265 1786 628 1886 άπωρύγησαν
655 1786 716 1869 οἰ.
736 1786 1020 1887 ζητοῦντες
1049 1813 1147 1885 τὴν
1175 1786 1412 1867 κάκωσίν
1448 1786 1546 1884 μου
1567 1830 1578 1842 ·
1618 1831 1636 1864 ι

1750 1797 1883 1845 sunt
1903 1790 1995 1860 qui
2018 1794 2265 1859 quarunt
2287 1786 2626 1842 aﬂlictionem
2649 1803 2845 1852 meam,
2878 1809 2898 1841 ι
2931 1790 3068 1856 sive,
3102 1806 3266 1847 secuti

79 1883 114 1975 ή
151 1908 295 1959 κατὰ
324 1883 408 1958 τὸν
441 1883 686 1969 Ἀκύλαν,
711 1883 861 1960 ι’ότι
891 1883 1335 1977 κατῃσχύνθησαν
1355 1905 1403 1957 οἰ
1425 1883 1646 1975 ζητοῦν·
1675 1885 1717 1940 Β
1746 1888 1874 1943 dum
1916 1887 2188 1957 Αᾳυῦειω.
2245 1905 2263 1937 ⁴
2293 1884 2430 1977 Ωιι-ίδ
2481 1883 2692 1939 conm!“
2737 1892 2865 1939 sum
2910 1886 3004 1954 qui
3048 1901 3290 1977 (ῐυωτῑιηι

85 2015 175 2059 τες
224 2000 418 2048 κακίαν
467 2015 584 2065 μου.
616 2017 632 2047 ι
667 1997 900 2067 Πάρεστι
932 1997 986 2050 δὲ
1020 1997 1110 2051 καὶ
1139 1996 1307 2050 ταῦτα
1341 1996 1482 2066 ἔργῳ
1513 1996 1649 2065 πλη-

85 2089 326 2158 ρούμενα
359 2088 576 2157 Θεωρεῖν
597 2107 608 2118 ·
651 2088 959 2158 ἅπανταχοῦ
991 2090 1098 2158 γὰρ
1140 2088 1242 2158 γῆς
1278 2086 1386 2140 τῶν
1424 2087 1648 2155 Ἐκκλη-

85 2181 218 2232 σιῶν
255 2179 344 2233 τοῦ
380 2182 624 2252 Σωτῆρος
668 2181 764 2251 τὴν
801 2180 1139 2251 δικαιοσύνην
1165 2179 1256 2232 τοῦ
1285 2178 1417 2232 Θεοῦ
1449 2177 1647 2249 διεξερ-

83 2273 349 2342 χομὲνων,
378 2274 468 2325 καὶ
501 2273 662 2327 αὑτοῦ
703 2274 757 2326 δὲ
803 2273 966 2340 σκεύη
996 2270 1247 2341 ἐκλογῆς,
1281 2264 1367 2323 οἶα
1398 2269 1648 2341 προλέλε-

83 2381 230 2429 κται,
267 2365 361 2418 καὶ
405 2367 606 2436 ὄργανα
638 2365 829 2434 λογικὰ
853 2364 929 2434 τῷ
955 2354 1129 2435 Πατρὶ
1173 2361 1642 2433 καταρτιζομένου,

81 2456 444 2524 ὰνυμνοῦντός
478 2475 534 2510 τε
568 2458 653 2510 ἀεὶ
681 2459 747 2511 δι’
773 2458 948 2510 αὐτῶν
976 2458 1065 2510 τὸν
1112 2458 1203 2509 ἐπὶ
1248 2456 1462 2508 πάντων
1494 2454 1643 2518 Θεὸν,

83 2547 347 2617 αἰσχύνην
372 2549 778 2618 περιϐάλλονται
823 2551 871 2602 οἰ
911 2549 1094 2619 ὲχθροὶ
1125 2547 1318 2600 αὑτοῦ·
1350 2546 1646 2615 ὲνετράπη-
1717 2595 1721 2598 .

87 2639 186 2690 σάν
210 2656 269 2690 τε
294 2641 386 2693 καὶ
406 2641 748 2710 ἐντρέπονται
771 2642 818 2692 οἰ
854 2640 1136 2710 ζητοῦντες
1167 2638 1314 2707 αὐτῷ
1347 2636 1508 2691 κακά.
1542 2632 1644 2690 οὖ-

83 2745 163 2782 τοι
182 2730 241 2782 δέ
266 2733 400 2782 εἰσιν
417 2733 463 2783 οἰ
487 2732 797 2801 Θηρεύοντες
826 2734 921 2801 μὲν
943 2731 1117 2792 πάσας
1138 2729 1450 2800 προφάσεις,
1466 2727 1647 2799 ὕϐρεις

85 2834 142 2868 τε
173 2820 269 2872 καὶ
299 2819 566 2884 διαϐολὰς,
602 2822 693 2872 καὶ
727 2821 1068 2889 βλασφημίας
1104 2822 1221 2871 κατ’
1243 2817 1404 2871 αὑτοῦ
1435 2836 1648 2889 περινο-

86 2907 292 2974 οὖντες,
333 2911 596 2981 μηδεμίαν
641 2912 697 2964 δὲ
729 2913 1065 2982 εὑρίσκοντες
1109 2910 1361 2963 ὑπόθεσιν
1380 2910 1644 2980 διαϐολῆς,

90 3001 225 3069 μήτε
258 3003 377 3053 κατ’
400 3002 584 3065 αὐτοῦ,
616 3003 749 3072 μήτε
773 3003 871 3072 τῆς
905 3002 1222 3072 Ἐκκλησίας
1244 3000 1426 3055 αὐτοῦ.
1446 3001 1533 3054 Διὸ
1555 3019 1648 3054 κα-

86 3091 370 3160 ταχέονται
394 3092 651 3163 αἰσχύνην
683 3095 776 3145 καὶ
808 3095 1154 3164 ἐντρέπονται
1194 3093 1328 3160 πρὸς
1362 3093 1420 3145 τὸ
1451 3093 1644 3161 μηκέτι

93 3181 259 3249 μηδὲν
308 3181 508 3251 τολμᾷν
559 3181 802 3251 διαϐολῆς
843 3182 986 3246 ἄξων
1017 3179 1310 3234 ἐπικαλεῖν.
1346 3181 1454 3232 Καὶ
1481 3179 1646 3231 ταῦτα
1675 3215 1716 3271 c

90 3271 268 3323 πάντα
312 3271 454 3342 ἔργῳ
503 3272 793 3342 πληροῦται
827 3272 1125 3342 συμφώνως
1155 3275 1219 3342 τῇ
1255 3271 1533 3342 φασκούσῃ
1561 3270 1646 3322 διὰ

87 3361 196 3412 τῶν
221 3362 594 3431 προκειμένων
625 3363 920 3433 προφητείᾳ
937 3382 949 3393 ο
988 3383 1004 3413 ι
1021 3365 1184 3416 Ὅταν
1207 3361 1531 3430 αἰσχυνθῶσι
1555 3363 1646 3412 καὶ

87 3451 429 3521 ὲντραπῶσιν
477 3455 526 3504 οἰ
579 3452 858 3521 ζητοῦντες
890 3454 955 3506 τὰ
987 3455 1128 3506 κακά
1163 3469 1270 3522 μου.
1302 3471 1319 3502 ι
1357 3452 1486 3503 Τότε
1519 3450 1643 3519 γάρ,

90 3545 274 3611 φησιν,
301 3545 423 3594 ὅταν
453 3545 501 3595 οἰ
529 3543 707 3613 ἐχθροὶ
732 3543 1206 3614 καταισχύνωνται,
1235 3541 1344 3609 ἐγὼ
1364 3541 1517 3613 ψαλῶ
1540 3559 1643 3605 σοι,

89 3634 182 3684 καὶ
215 3632 675 3705 ὲξομολογήσομαί
723 3651 802 3688 σοι
849 3635 926 3705 τῷ
968 3634 1200 3704 ἐμαυτοῦ
1249 3633 1564 3702 Πατρί.Ἐτι
1591 3633 1646 3685 δὲ

89 3727 184 3777 καὶ⁵
223 3743 241 3776 ι
273 3728 306 3796 ή
344 3719 562 3792 γλῶσσά
598 3745 696 3796 μου
730 3728 855 3797 ὅλην
883 3727 980 3797 τὴν
1009 3727 1219 3797 ἡμέραν
1245 3725 1647 3795 μελητήσειτὶω

89 3813 432 3885 δικαιοσύνην
469 3833 580 3869 σου.
611 3831 630 3867 ι

519 3926 624 3979 ΕΙΣ
653 3927 1062 3980 ΣΟΔΟΜΩΝΤΑ
1101 3927 1219 3978 OA'.

167 4036 188 4070 ι
210 4018 269 4070 ’0
302 4017 524 4082 Θεὸς,τὸ
556 4017 728 4088 κρίμα
757 4033 850 4068 σου
881 4017 957 4086 τῷ
990 4015 1193 4085 βασιλεῖ
1222 4014 1327 4077 δός.
1359 4033 1376 4065 ι
1397 4015 1458 4067 Οἱ
1477 4015 1648 4068 λοιποὶ

88 4108 186 4163 τοῦ
225 4128 245 4160 ι
284 4109 624 4180 Σολομῶντος
667 4127 683 4158 ι
721 4107 1244 4176 ήρμήνευσαν.,Ἔστι
1269 4106 1325 4158 δὲ
1353 4107 1442 4158 καὶ
1467 4107 1650 4177 ἔτερος

89 4198 186 4250 τοῦ
220 4198 386 4250 αὑτοῦ
419 4199 476 4249 ὲν
505 4200 622 4259 ταῖς
651 4196 812 4267 ᾠδαῖς
844 4194 950 4248 τῶν
977 4195 1322 4266 ἀναϐαθμῶν,
1348 4190 1408 4248 οὗ
1431 4199 1463 4267 ή
1484 4198 1643 4268 άρχήέ

97 4307 118 4338 ε
143 4289 266 4343 Ἐὰν
303 4288 378 4356 μὴ
413 4286 611 4355 Κύριος
655 4286 979 4358 οἰκοδομήσει
1023 4282 1186 4350 οἷκον,
1220 4288 1299 4348 εἰς
1330 4287 1502 4355 μάτην
1533 4289 1650 4339 ὲκο-

93 4379 300 4432 πίασαν
331 4378 377 4429 οἱ
398 4376 796 4446 οἰκοδομοῦντες
825 4376 1004 4430 αὐτόν.
1035 4396 1054 4428 ι
1075 4377 1159 4432 Ἐν
1189 4371 1270 4439 οἷς
1301 4374 1472 4430 ἔοικεν
1499 4380 1526 4430 ὁ
1552 4378 1644 4428 Σο-

92 4467 276 4538 λομὼν
323 4468 412 4519 ἐπὶ
441 4470 506 4536 τῇ
540 4468 843 4536 κατασκευῇ
893 4465 986 4519 τοῦ
1031 4466 1196 4530 οἴκου,
1226 4466 1284 4518 δν
1330 4468 1545 4537 ήγειρεν
1590 4467 1648 4517 ὲν

1748 1978 2022 2034 miseriam
2057 1991 2250 2032 meam.
2291 1996 2312 2027 ›
2344 1974 2468 2030 Haec
2503 1990 2667 2045 porro
2708 1989 2871 2045 opere
2902 1977 3172 2045 completa
3213 1975 3294 2031 vi-

1746 2071 1872 2125 dere
1913 2072 2056 2125 licet.
2113 2068 2246 2122 Nam
2299 2083 2422 2122 cum
2475 2067 2675 2138 ubique
2724 2075 2990 2122 terrarum
3042 2066 3296 2124 Ecclesiae

1748 2159 2336 2228 Servatorisjustitiam
2361 2159 2453 2213 Dei
2486 2166 2765 2221 enarrem,
2791 2159 3014 2230 ipseque
3037 2156 3295 2214 Servator

1747 2265 1872 2305 vasa
1899 2248 2201 2311 electionis,
2237 2249 2416 2317 qualia
2451 2263 2614 2322 supra
2655 2249 2800 2302 dicta
2831 2257 2977 2315 sunt,
3014 2257 3068 2304 et
3097 2251 3295 2306 instruo

1745 2349 1922 2396 menta
1938 2340 2277 2394 rationabilia
2299 2337 2444 2392 Patri
2475 2348 2760 2408 praeparet,
2785 2355 3103 2412 semperque
3131 2342 3295 2398 Deum

1745 2434 1837 2502 qui
1870 2447 2033 2502 supra
2079 2433 2260 2485 omnia
2302 2439 2385 2486 est
2421 2433 2487 2488 iis
2536 2432 2897 2498 concelebret,
2927 2433 3132 2486 inimici
3174 2432 3296 2501 ejus

1746 2523 2065 2578 confusione
2095 2522 2415 2587 induuntur,
2469 2540 2532 2579 ac
2575 2524 2785 2580 confusi
2829 2532 2883 2579 et
2923 2523 3138 2578 reveriti
3170 2535 3296 2578 sunt

1745 2616 1839 2685 qui
1876 2623 2125 2684 quarunt
2178 2615 2280 2684 ipsi
2322 2616 2482 2670 mala.
2530 2614 2594 2670 Hi
2628 2631 2757 2671 vero
2802 2615 3073 2684 sunt,‘qui
3106 2629 3294 2669 omnes

1746 2708 2059 2761 occasiones
2104 2714 2391 2770 venantur,
2451 2708 2830 2773 contumelias,
2887 2706 3188 2761 calumnias
3244 2713 3298 2760 et

1746 2796 2108 2866 blasphemias
2137 2803 2326 2850 contra
2352 2811 2475 2850 eum
2515 2797 2842 2866 excogitant,
2871 2781 3184 2865 nullamque
3211 2811 3298 2851 re-
3340 2863 3344 2868 ι

1749 2889 1961 2958 periunt
1995 2888 2076 2942 vel
2115 2889 2168 2941 in
2207 2889 2383 2958 ipsum
2431 2887 2513 2941 vel
2553 2887 2606 2940 in
2659 2886 2949 2940 Ecclesiam
2983 2885 3154 2955 ipsius
3186 2899 3298 2957 ca-

1750 2981 1964 3034 lumnia:
1995 2995 2236 3036 causam.
2268 2979 2446 3045 Quare
2475 2980 2681 3049 pudore
2719 2975 3100 3033 sufl‘unduntur
3126 2982 3180 3029 et
3206 2989 3295 3030 ro-

1749 3078 2022 3137 verentur,
2070 3069 2217 3140 quod
2266 3070 2408 3124 ultra
2452 3085 2560 3125 non
2607 3069 2841 3123 audeant
2885 3066 3162 3137 quidpiam
3205 3079 3296 3118 ca-

1750 3166 1968 3219 lumnia:
1995 3163 2259 3236 proferre.
2292 3164 2357 3218 Et
2392 3166 2504 3219 haec
2527 3165 2708 3232 omnia
2739 3177 2901 3234 opere
2936 3162 3292 3234 complentur,
3378 3162 3384 3167 “

1750 3256 2047 3311 secundum
2093 3257 2430 3326 prophetiam
2470 3271 2588 3326 quae
2643 3257 2710 3321 in,
2751 3252 3172 3324 praecedentibus
3216 3254 3294 3307 sic

1747 3347 1928 3410 habet,
1963 3365 1979 3396 ι
2006 3344 2139 3399 Cum
2188 3344 2402 3400 confusi
2436 3349 2492 3400 et’
2537 3345 2756 3400 reveriti
2795 3342 2995 3398 fuerint
3025 3342 3118 3412 qui
3158 3357 3296 3411 quae-

1746 3443 1874 3490 runt
1907 3435 2046 3488 mala
2075 3433 2226 3487 mihi.
2259 3453 2277 3484 ι
2310 3431 2460 3485 Tunc
2496 3432 2663 3496 enim,
2693 3431 2888 3502 inquit,
2923 3443 3047 3483 cum
3089 3430 3295 3483 inimici

1745 3521 2164 3583 confundentur,
2195 3533 2295 3590 ego
2334 3519 2557 3589 psallam
2590 3519 2707 3584 tibi,
2749 3519 2953 3588 tibique
2980 3515 3126 3570 Patri
3174 3531 3295 3570 meo

1747 3610 2061 3665 conﬁtebor.
2093 3608 2425 3680 lnsuperque
2469 3627 2488 3659 ι
2516 3609 2696 3679 lingua
2729 3622 2846 3664 mea
2875 3615 2985 3662 tota
3011 3605 3100 3660 die
3127 3605 3294 3661 medi-
3319 3594 3330 3605 ”

1747 3699 1950 3755 tabit'ur
1978 3700 2245 3770 justitiam
2269 3707 2435 3754 tuam.
2472 3721 2488 3752 ι

2141 3905 2209 3960 IN
2242 3902 2655 3960 SALOMONEM
2685 3878 2901 3955 LXXI.’

1819 3998 1981 4063 Vens.
2012 4000 2062 4063 i‘,
2086 3999 2139 4053 2.
2185 4017 2202 4049 ‹
2235 3996 2373 4052 Deus
2403 3994 2665 4065 judicium
2701 4005 2850 4049 tuum
2883 3994 2990 4063 regi
3026 3993 3113 4047 da.
3146 4011 3164 4044 ι
3200 3993 3297 4048 Re-
3337 4038 3340 4042 .

1749 4089 1902 4158 liqui,
1952 4109 1969 4140 ‹
2001 4087 2326 4153 Salomonis,
2359 4106 2389 4139 »ι
2409 4086 2746 4156 interpretati
2796 4085 2944 4140 sunt!
2981 4083 3076 4139 Est
3117 4091 3295 4138 autem

1749 4189 1810 4235 et
1831 4181 1970 4235 alius
1997 4179 2238 4248 ejusdem
2291 4163 2616 4233 in'canticis
2655 4177 2938 4247 graduum,
2989 4176 3146 4244 cujus
3186 4175 3294 4228 ini-

1752 4271 1882 4323 tium
1909 4288 1922 4324 :
1953 4287 1970 4319 ι
2001 4269 2116 4324 Nisi
2161 4269 2423 4324 Dominus
2463 4267 2810 4322 aedificaverit
2839 4267 3081 4330 domum,
3123 4264 3188 4339 in
3209 4279 3297 4318 va-

1749 4375 1880 4414 num
1927 4359 2313 4416 laboraverunt
2354 4358 2447 4429 qui
2494 4358 2764 4413 aediﬁcant
2801 4372 2919 4412 eam
2944 4357 2985 4411 '.
3019 4377 3036 4408 ι
3067 4355 3144 4410 Ex
3177 4360 3296 4428 qui«
3361 4418 3365 4422 _

1749 4453 1851 4508 bus
1885 4451 2098 4508 videtur
2145 4451 2488 4506 Salomonem
2537 4449 2591 4501 in
2637 4432 3042 4503 constructione
3082 4447 3296 4512 domus,

108 4532 516 4629 Ἱεροσολύμοις,
547 4558 763 4628 πρῶτος
802 4532 961 4622 αὐτὸς
1003 4532 1646 4629 οἰκοδομήσαςττὸίαύτόθι

1750 4559 1912 4614 quam
1973 4532 2230 4600 excitavit
2272 4543 2328 4597 in
2374 4540 2705 4604 Ierusalem,
2755 4554 2879 4593 nam
2935 4539 3049 4608 ipse
3091 4539 3300 4612 primus

101 4649 264 4718 ἱερὸν,
299 4648 395 4718 τὴν
444 4647 582 4718 ᾠδὴν
630 4649 974 4718 πεποιῆσθαι,
1007 4649 1356 4702 διδάσκουσαν
1403 4649 1535 4718 μόνα
1584 4646 1652 4699 τά

96 4737 190 4791 τοῦ
221 4737 357 4791 Θεοῦ
390 4731 787 4814 οἰκοδομήματα
832 4737 1147 4801 διαιωνίζειν
1167 4752 1180 4768 ⁸
1211 4737 1277 4789 τὰ
1302 4736 1410 4806 γὰρ
1448 4732 1652 4812 ᾲνθρώο

102 4846 232 4889 πινα,
277 4828 450 4899 καιρῷ
484 4825 864 4880 συνίστασθαι·
908 4827 936 4880 ὃ
977 4827 1039 4897 δὴ
1085 4828 1176 4879 καὶ
1208 4825 1380 4895 ἀπέϐη
1425 4823 1516 4875 ἐπὶ
1553 4822 1652 4891 τῆς

101 4917 266 4968 αὐτοῦ
309 4917 591 4986 οἰκοδομῆς
613 4933 625 4945 ·
663 4915 761 4967 οὐκ
791 4915 869 4976 εἰς
903 4915 1109 4984 μακρδν
1138 4915 1266 4980 γοῦν
1304 4914 1332 4964 ὁ
1375 4913 1464 4963 ὑπ’
1490 4907 1651 4962 αὐτοῦ

103 5007 554 5070 κατασκευασθεὶς
590 5007 722 5070 νεὼς
773 5006 875 5057 ὑπὸ
913 5006 1259 5059 Βαϐυλωνίων
1289 5003 1652 5073 κατελύθη.Ἡ

100 5097 156 5147 δὲ
183 5099 322 5165 μετὰ
341 5101 526 5168 χεῖρας
552 5097 850 5168 προφητεία
879 5095 984 5148 εἴτε
1017 5099 1094 5158 εἰς
1120 5097 1277 5150 αὐτὸν
1303 5095 1545 5148 λέλεκται
1563 5096 1652 5148 τὸν

103 5187 438 5256 Σολομῶντα,
463 5188 572 5241 εἴτε
597 5189 758 5242 αὐτοῦ
791 5190 903 5240 ὲστι
921 5187 1057 5239 κατὰ
1083 5188 1208 5250 τοὺς
1240 5189 1451 5248 λοιποὺς
1485 5189 1653 5258 ὲρμητ

102 5277 294 5339 νευτάς
314 5293 325 5306 ·
357 5279 406 5329 οἰ
434 5277 575 5345 λόγοι
607 5281 788 5349 ἕτερόν
829 5296 949 5332 τινα
996 5279 1294 5346 παριστῶσι
1321 5279 1651 5349 προφητευό-

112 5384 288 5434 μενον.
329 5368 419 5419 Διὸ
451 5367 572 5420 οὔτε
598 5369 825 5440 ψαλμὸς,
859 5370 977 5423 οὔτε
1010 5369 1140 5438 ᾠδὴ,
1168 5368 1288 5420 οὔτε
1315 5369 1500 5437 ὕμνος,
1531 5369 1652 5422 οὔτε

109 5470 156 5506 τι
178 5454 392 5517 τούτοις,
408 5457 778 5528 παραπλήσιον
806 5459 1218 5528 ἐπιγέγραπται.
1237 5458 1371 5511 Ἀλλ’
1394 5458 1506 5510 ἔστι
1531 5477 1655 5529 προ-

111 5545 300 5615 φητεία
334 5543 653 5608 θεσπίζουσα
685 5547 1112 5620 άναφανήσεσθαί
1134 5564 1252 5601 τινα
1278 5550 1334 5600 ὲν
1355 5548 1654 5620 ἀνθρώποις

111 5637 352 5704 πενήτων
401 5636 494 5687 καὶ
543 5638 768 5706 πτωχῶν
820 5641 1053 5711 σωτῆρα,
1088 5639 1180 5695 καὶ
1220 5639 1402 5694 τοῦτον
1454 5641 1654 5695 ἄνωθέν

181 5787 201 5815 ⁸
225 5785 369 5842 Psal.
401 5803 580 5852 cnvt,
625 5793 672 5845 ι.

1752 4637 2008 4706 templum
2053 4635 2164 4689 illic
2223 4633 2508 4696 exstruxit,
2556 4633 2658 4687 hoc
2701 4632 2974 4686 canticum
3014 4630 3248 4686 edidisse
3282 4650 3295 4685 :

1752 4747 1860 4801 quo
1888 4717 2164 4792 docemur,
2214 4727 2328 4782 sola
2375 4726 2467 4781 Dei
2496 4726 2723 4781 aediﬁcia
2777 4735 3038 4782 mteruum
3086 4741 3298 4796 perma-

1753 4838 1924 4886 nere;_
1947 4803 2181 4873 humana
2226 4819 2428 4889 quippe
2462 4834 2562 4889 pro
2607 4827 2849 4886 tempore
2895 4819 3067 4872 solum
3114 4819 3298 4872 consi-

1753 4919 1903 4968 stunt
1930 4929 1942 4963 :
1965 4909 2110 4978 quod
2140 4909 2300 4963 etiam
2335 4909 2389 4963 in
2418 4909 2536 4977 ejus
2577 4909 2940 4966 exstructione
2975 4919 3148 4962 actum
3182 4916 3298 4974 est;

1753 5018 1860 5058 non
1889 5001 1980 5055 diu
2028 5001 2170 5053 enim
2213 5011 2399 5069 postea
2429 5000 2684 5069 templum
2717 4999 2785 5053 ab
2804 5013 2869 5053 eo
2898 4998 3236 5062 aedificatum,
3269 5015 3299 5052 a

1752 5091 2059 5162 Babyloniis
2107 5091 2348 5145 dirutum
2381 5089 2500 5144 fuit.
2539 5088 2784 5144 Praesens
2827 5105 2955 5145 vero
2991 5089 3292 5158 prophetia,

1754 5185 1865 5238 sive
1896 5183 1950 5235 in
1981 5181 2322 5236 Salomonem
2358 5180 2500 5234 dicta
2540 5187 2655 5245 est,
2689 5181 2802 5235 sive
2834 5179 3129 5235 secundum
3165 5181 3297 5234 reli-

1755 5288 1889 5343 quos
1911 5273 2256 5343 interpretes,
2289 5273 2462 5342 ipsius
2489 5261 2794 5326 salomonis
2820 5277 2922 5325 est.
2950 5268 3130 5325 Series
3151 5279 3300 5324 certe

1756 5365 2021 5422 sermonis
2077 5366 2243 5419 alium
2295 5365 2601 5434 quempiam
2643 5362 2901 5417 vaticinia
2956 5363 3295 5423 enuntiatum

1754 5455 2031 5511 declarare
2082 5456 2316 5510 videtur.
2362 5453 2542 5520 Quare
2591 5468 2765 5523 neque
2809 5454 3070 5521 psalmus,
3123 5439 3297 5521 neque

1753 5545 2044 5613 canticum,
2081 5541 2253 5617 neque
2283 5546 2538 5617 hymnus.
2569 5562 2741 5616 neque
2785 5543 3060 5615 quidpiam
3097 5543 3294 5608 simiic,

1756 5635 2050 5706 inscriptus
2071 5644 2170 5692 est.
2198 5631 2302 5690 Sed
2323 5648 2406 5691 est
2418 5634 2696 5704 prophetia
2722 5632 3088 5704 praenuntiant
3107 5646 3296 5701 quem-
