  <div class='ocr_page' id='page_1' title='image "/cluster/home/n/w/nwhite01/storage/ocr_20150623/23/pst.000005712076/403.png"; bbox 0 0 3950 6342; ppageno 0'>
   <div class='ocr_carea' id='block_1_1' title="bbox 628 306 726 364">
    <p class='ocr_par' dir='ltr' id='par_1_1' title="bbox 628 306 726 364">
     <span class='ocr_line' id='line_1_1' title="bbox 628 306 726 364; baseline 0.041 -4"><span class='ocrx_word' id='word_1_1' title='bbox 628 306 726 364; x_wconf 70' lang='lat' dir='ltr'><strong>7M</strong></span> 
     </span>
    </p>
   </div>
   <div class='ocr_carea' id='block_1_2' title="bbox 1281 257 3124 393">
    <p class='ocr_par' dir='ltr' id='par_1_2' title="bbox 1281 257 3124 393">
     <span class='ocr_line' id='line_1_2' title="bbox 1281 257 3124 393; baseline 0.004 -32"><span class='ocrx_word' id='word_1_2' title='bbox 1281 304 1545 363; x_wconf 78' lang='lat' dir='ltr'><strong>EUSEBII</strong></span> <span class='ocrx_word' id='word_1_3' title='bbox 1583 257 2054 393; x_wconf 63' lang='lat' dir='ltr'><strong>CESABIENSIS</strong></span> <span class='ocrx_word' id='word_1_4' title='bbox 2089 303 2240 360; x_wconf 84' lang='lat' dir='ltr'><strong>OPP.</strong></span> <span class='ocrx_word' id='word_1_5' title='bbox 2282 304 2459 360; x_wconf 69' lang='lat' dir='ltr'><strong>PARS</strong></span> <span class='ocrx_word' id='word_1_6' title='bbox 2494 306 2582 361; x_wconf 85' lang='lat' dir='ltr'><strong>Ill.</strong></span> <span class='ocrx_word' id='word_1_7' title='bbox 2622 339 2689 349; x_wconf 85' lang='grc'><strong>--</strong></span> <span class='ocrx_word' id='word_1_8' title='bbox 2723 307 3124 368; x_wconf 76' lang='lat' dir='ltr'><strong>EXEGETICA.</strong></span> 
     </span>
    </p>
   </div>
   <div class='ocr_carea' id='block_1_3' title="bbox 3710 321 3800 377">
    <p class='ocr_par' dir='ltr' id='par_1_3' title="bbox 3710 321 3800 377">
     <span class='ocr_line' id='line_1_3' title="bbox 3710 321 3800 377; baseline 0.033 -3"><span class='ocrx_word' id='word_1_9' title='bbox 3710 321 3800 377; x_wconf 75' lang='grc'><strong>792</strong></span> 
     </span>
    </p>
   </div>
   <div class='ocr_carea' id='block_1_4' title="bbox 626 415 2175 505">
    <p class='ocr_par' dir='ltr' id='par_1_4' title="bbox 626 415 2167 488">
     <span class='ocr_line' id='line_1_4' title="bbox 626 415 2167 488; baseline -0.001 -19"><span class='ocrx_word' id='word_1_10' title='bbox 626 422 768 488; x_wconf 83' lang='lat' dir='ltr'><strong>piam</strong></span> <span class='ocrx_word' id='word_1_11' title='bbox 808 415 1114 471; x_wconf 75' lang='lat' dir='ltr'><strong>lmminibus</strong></span> <span class='ocrx_word' id='word_1_12' title='bbox 1143 417 1498 472; x_wconf 84' lang='lat' dir='ltr'><strong>adventurum</strong></span> <span class='ocrx_word' id='word_1_13' title='bbox 1534 432 1827 487; x_wconf 83' lang='lat' dir='ltr'><strong>pauperum</strong></span> <span class='ocrx_word' id='word_1_14' title='bbox 1869 424 1922 471; x_wconf 91' lang='lat' dir='ltr'><strong>et</strong></span> <span class='ocrx_word' id='word_1_15' title='bbox 1950 417 2167 485; x_wconf 79' lang='lat' dir='ltr'><strong>inopum</strong></span> 
     </span>
    </p>
   </div>
   <div class='ocr_carea' id='block_1_5' title="bbox 2275 415 3800 505">
    <p class='ocr_par' dir='ltr' id='par_1_5' title="bbox 2275 416 3800 505">
     <span class='ocr_line' id='line_1_5' title="bbox 2275 416 3800 505; baseline 0.014 -39"><span class='ocrx_word' id='word_1_16' title='bbox 2275 416 2429 470; x_wconf 84' lang='grc' dir='ltr'>ποθεν</span> <span class='ocrx_word' id='word_1_17' title='bbox 2458 419 2637 488; x_wconf 79' lang='grc' dir='ltr'>ἠρέμα</span> <span class='ocrx_word' id='word_1_18' title='bbox 2681 421 3079 491; x_wconf 72' lang='grc' dir='ltr'>καταϐήσεσθαι</span> <span class='ocrx_word' id='word_1_19' title='bbox 3105 423 3195 475; x_wconf 71' lang='grc' dir='ltr'><strong>καὶ</strong></span> <span class='ocrx_word' id='word_1_20' title='bbox 3218 425 3450 497; x_wconf 74' lang='grc' dir='ltr'>ἀψοφητὶ</span> <span class='ocrx_word' id='word_1_21' title='bbox 3468 445 3484 459; x_wconf 76' lang='grc' dir='ltr'><strong>ο</strong></span> <span class='ocrx_word' id='word_1_22' title='bbox 3519 448 3536 480; x_wconf 79' lang='grc' dir='ltr'><strong>ι</strong></span> <span class='ocrx_word' id='word_1_23' title='bbox 3568 431 3800 505; x_wconf 63' lang='grc' dir='ltr'><strong>Κπαὸή-</strong></span> 
     </span>
    </p>
   </div>
   <div class='ocr_carea' id='block_1_6' title="bbox 627 506 2166 576">
    <p class='ocr_par' dir='ltr' id='par_1_6' title="bbox 627 506 2166 576">
     <span class='ocr_line' id='line_1_6' title="bbox 627 506 2166 576; baseline 0 -15"><span class='ocrx_word' id='word_1_24' title='bbox 627 511 980 570; x_wconf 71' lang='lat' dir='ltr'><strong>servatorem,</strong></span> <span class='ocrx_word' id='word_1_25' title='bbox 1010 506 1102 576; x_wconf 90' lang='lat' dir='ltr'><strong>qui</strong></span> <span class='ocrx_word' id='word_1_26' title='bbox 1130 521 1193 561; x_wconf 81' lang='lat' dir='ltr'><strong>ex</strong></span> <span class='ocrx_word' id='word_1_27' title='bbox 1226 507 1335 561; x_wconf 92' lang='lat' dir='ltr'><strong>alto</strong></span> <span class='ocrx_word' id='word_1_28' title='bbox 1362 508 1563 563; x_wconf 80' lang='lat' dir='ltr'><strong>sensim</strong></span> <span class='ocrx_word' id='word_1_29' title='bbox 1594 514 1648 561; x_wconf 89' lang='lat' dir='ltr'><strong>et</strong></span> <span class='ocrx_word' id='word_1_30' title='bbox 1674 508 1790 561; x_wconf 83' lang='lat' dir='ltr'><strong>sine</strong></span> <span class='ocrx_word' id='word_1_31' title='bbox 1821 506 2043 575; x_wconf 77' lang='lat' dir='ltr'><strong>strepitu</strong></span> <span class='ocrx_word' id='word_1_32' title='bbox 2074 522 2166 561; x_wconf 90' lang='lat' dir='ltr'><strong>ac-</strong></span> 
     </span>
    </p>
   </div>
   <div class='ocr_carea' id='block_1_7' title="bbox 626 597 2165 666">
    <p class='ocr_par' dir='ltr' id='par_1_7' title="bbox 626 597 2165 666">
     <span class='ocr_line' id='line_1_7' title="bbox 626 597 2165 666; baseline 0.001 -16"><span class='ocrx_word' id='word_1_33' title='bbox 626 611 884 652; x_wconf 83' lang='lat' dir='ltr'><strong>cessurus</strong></span> <span class='ocrx_word' id='word_1_34' title='bbox 931 608 1060 653; x_wconf 89' lang='lat' dir='ltr'><strong>est:</strong></span> <span class='ocrx_word' id='word_1_35' title='bbox 1103 616 1120 648; x_wconf 79' lang='grc' dir='ltr'><strong>ι</strong></span> <span class='ocrx_word' id='word_1_36' title='bbox 1161 597 1460 653; x_wconf 84' lang='lat' dir='ltr'><strong>Descendet</strong></span> <span class='ocrx_word' id='word_1_37' title='bbox 1506 599 1649 652; x_wconf 86' lang='lat' dir='ltr'><strong>enim</strong></span> <span class='ocrx_word' id='word_1_38' title='bbox 1697 597 1841 652; x_wconf 83' lang='lat' dir='ltr'><strong>sicut</strong></span> <span class='ocrx_word' id='word_1_39' title='bbox 1891 598 2069 666; x_wconf 84' lang='lat' dir='ltr'><strong>pluvia</strong></span> <span class='ocrx_word' id='word_1_40' title='bbox 2111 598 2165 652; x_wconf 90' lang='lat' dir='ltr'><strong>in</strong></span> 
     </span>
    </p>
   </div>
   <div class='ocr_carea' id='block_1_8' title="bbox 630 688 2166 759">
    <p class='ocr_par' dir='ltr' id='par_1_8' title="bbox 630 688 2166 759">
     <span class='ocr_line' id='line_1_8' title="bbox 630 688 2166 759; baseline 0.003 -20"><span class='ocrx_word' id='word_1_41' title='bbox 630 688 820 742; x_wconf 76' lang='lat' dir='ltr'><strong>vellus.</strong></span> <span class='ocrx_word' id='word_1_42' title='bbox 850 707 869 739; x_wconf 65' lang='grc' dir='ltr'><strong>ι</strong></span> <span class='ocrx_word' id='word_1_43' title='bbox 901 688 1096 758; x_wconf 87' lang='lat' dir='ltr'><strong>Aitque</strong></span> <span class='ocrx_word' id='word_1_44' title='bbox 1108 689 1372 758; x_wconf 89' lang='lat' dir='ltr'><strong>justitiam</strong></span> <span class='ocrx_word' id='word_1_45' title='bbox 1407 689 1662 758; x_wconf 83' lang='lat' dir='ltr'><strong>deinceps</strong></span> <span class='ocrx_word' id='word_1_46' title='bbox 1702 691 1757 745; x_wconf 89' lang='lat' dir='ltr'><strong>in</strong></span> <span class='ocrx_word' id='word_1_47' title='bbox 1790 689 2019 744; x_wconf 82' lang='lat' dir='ltr'><strong>adventu</strong></span> <span class='ocrx_word' id='word_1_48' title='bbox 2048 689 2166 759; x_wconf 83' lang='lat' dir='ltr'><strong>ejus</strong></span> 
     </span>
    </p>
   </div>
   <div class='ocr_carea' id='block_1_9' title="bbox 630 778 2166 850">
    <p class='ocr_par' dir='ltr' id='par_1_9' title="bbox 630 778 2166 850">
     <span class='ocr_line' id='line_1_9' title="bbox 630 778 2166 850; baseline 0.004 -21"><span class='ocrx_word' id='word_1_49' title='bbox 630 778 683 832; x_wconf 89' lang='lat' dir='ltr'><strong>in</strong></span> <span class='ocrx_word' id='word_1_50' title='bbox 703 794 894 847; x_wconf 83' lang='lat' dir='ltr'><strong>genere</strong></span> <span class='ocrx_word' id='word_1_51' title='bbox 921 780 1201 834; x_wconf 87' lang='lat' dir='ltr'><strong>hominum</strong></span> <span class='ocrx_word' id='word_1_52' title='bbox 1227 787 1562 849; x_wconf 86' lang='lat' dir='ltr'><strong>versaturam</strong></span> <span class='ocrx_word' id='word_1_53' title='bbox 1597 800 1608 833; x_wconf 94' lang='lat'>:</span> <span class='ocrx_word' id='word_1_54' title='bbox 1640 782 1920 850; x_wconf 86' lang='lat' dir='ltr'><strong>ipsumque</strong></span> <span class='ocrx_word' id='word_1_55' title='bbox 1946 795 2053 835; x_wconf 86' lang='lat' dir='ltr'><strong>non</strong></span> <span class='ocrx_word' id='word_1_56' title='bbox 2081 780 2166 835; x_wconf 71' lang='lat' dir='ltr'><strong>Ju-</strong></span> 
     </span>
    </p>
   </div>
   <div class='ocr_carea' id='block_1_10' title="bbox 629 868 2165 941">
    <p class='ocr_par' dir='ltr' id='par_1_10' title="bbox 629 868 2165 941">
     <span class='ocr_line' id='line_1_10' title="bbox 629 868 2165 941; baseline 0.005 -21"><span class='ocrx_word' id='word_1_57' title='bbox 629 868 752 921; x_wconf 65' lang='lat' dir='ltr'><strong>rlazae</strong></span> <span class='ocrx_word' id='word_1_58' title='bbox 786 868 965 935; x_wconf 89' lang='lat' dir='ltr'><strong>modo,</strong></span> <span class='ocrx_word' id='word_1_59' title='bbox 1010 885 1184 939; x_wconf 85' lang='lat' dir='ltr'><strong>neque</strong></span> <span class='ocrx_word' id='word_1_60' title='bbox 1232 869 1444 923; x_wconf 89' lang='lat' dir='ltr'><strong>duabus</strong></span> <span class='ocrx_word' id='word_1_61' title='bbox 1477 871 1717 926; x_wconf 79' lang='lat' dir='ltr'><strong>tribusve</strong></span> <span class='ocrx_word' id='word_1_62' title='bbox 1757 873 2026 941; x_wconf 86' lang='lat' dir='ltr'><strong>gentibus,</strong></span> <span class='ocrx_word' id='word_1_63' title='bbox 2072 872 2165 927; x_wconf 90' lang='lat' dir='ltr'><strong>sed</strong></span> 
     </span>
    </p>
   </div>
   <div class='ocr_carea' id='block_1_11' title="bbox 628 959 2166 1031">
    <p class='ocr_par' dir='ltr' id='par_1_11' title="bbox 628 959 2166 1031">
     <span class='ocr_line' id='line_1_11' title="bbox 628 959 2166 1031; baseline 0.005 -22"><span class='ocrx_word' id='word_1_64' title='bbox 628 960 874 1014; x_wconf 88' lang='lat' dir='ltr'><strong>omnibus</strong></span> <span class='ocrx_word' id='word_1_65' title='bbox 922 976 1017 1029; x_wconf 88' lang='lat' dir='ltr'><strong>per</strong></span> <span class='ocrx_word' id='word_1_66' title='bbox 1062 962 1248 1013; x_wconf 90' lang='lat' dir='ltr'><strong>orbem</strong></span> <span class='ocrx_word' id='word_1_67' title='bbox 1288 959 1705 1026; x_wconf 85' lang='lat' dir='ltr'><strong>dominaturum,</strong></span> <span class='ocrx_word' id='word_1_68' title='bbox 1749 976 1935 1016; x_wconf 89' lang='lat' dir='ltr'><strong>omnes</strong></span> <span class='ocrx_word' id='word_1_69' title='bbox 1982 970 2166 1031; x_wconf 84' lang='lat' dir='ltr'><strong>gentes</strong></span> 
     </span>
    </p>
   </div>
   <div class='ocr_carea' id='block_1_12' title="bbox 627 1048 2169 1121">
    <p class='ocr_par' dir='ltr' id='par_1_12' title="bbox 627 1048 2169 1121">
     <span class='ocr_line' id='line_1_12' title="bbox 627 1048 2169 1121; baseline 0.001 -19"><span class='ocrx_word' id='word_1_70' title='bbox 627 1050 949 1119; x_wconf 86' lang='lat' dir='ltr'><strong>subigendas</strong></span> <span class='ocrx_word' id='word_1_71' title='bbox 981 1050 1084 1119; x_wconf 89' lang='lat' dir='ltr'><strong>ipsi</strong></span> <span class='ocrx_word' id='word_1_72' title='bbox 1116 1048 1251 1114; x_wconf 87' lang='lat' dir='ltr'><strong>fore,</strong></span> <span class='ocrx_word' id='word_1_73' title='bbox 1291 1051 1669 1106; x_wconf 79' lang='lat' dir='ltr'><strong>celebrandum</strong></span> <span class='ocrx_word' id='word_1_74' title='bbox 1702 1052 1876 1121; x_wconf 87' lang='lat' dir='ltr'><strong>ipsum</strong></span> <span class='ocrx_word' id='word_1_75' title='bbox 1906 1066 2027 1107; x_wconf 88' lang='lat' dir='ltr'><strong>esse</strong></span> <span class='ocrx_word' id='word_1_76' title='bbox 2052 1066 2169 1104; x_wconf 91' lang='lat' dir='ltr'><strong>om-</strong></span> 
     </span>
    </p>
   </div>
   <div class='ocr_carea' id='block_1_13' title="bbox 626 1137 2161 1209">
    <p class='ocr_par' dir='ltr' id='par_1_13' title="bbox 626 1137 2161 1209">
     <span class='ocr_line' id='line_1_13' title="bbox 626 1137 2161 1209; baseline 0.006 -20"><span class='ocrx_word' id='word_1_77' title='bbox 626 1137 802 1201; x_wconf 87' lang='lat' dir='ltr'><strong>nibus,</strong></span> <span class='ocrx_word' id='word_1_78' title='bbox 832 1153 939 1192; x_wconf 90' lang='lat' dir='ltr'><strong>non</strong></span> <span class='ocrx_word' id='word_1_79' title='bbox 968 1139 1119 1209; x_wconf 60' lang='lat' dir='ltr'><strong>brevi</strong></span> <span class='ocrx_word' id='word_1_80' title='bbox 1157 1148 1422 1209; x_wconf 88' lang='lat' dir='ltr'><strong>tempore,</strong></span> <span class='ocrx_word' id='word_1_81' title='bbox 1452 1140 1547 1195; x_wconf 88' lang='lat' dir='ltr'><strong>sed</strong></span> <span class='ocrx_word' id='word_1_82' title='bbox 1576 1156 1671 1209; x_wconf 85' lang='lat' dir='ltr'><strong>per</strong></span> <span class='ocrx_word' id='word_1_83' title='bbox 1694 1155 1852 1195; x_wconf 89' lang='lat' dir='ltr'><strong>omne</strong></span> <span class='ocrx_word' id='word_1_84' title='bbox 1888 1142 2161 1198; x_wconf 66' lang='lat' dir='ltr'><strong>saeculum.</strong></span> 
     </span>
    </p>
   </div>
   <div class='ocr_carea' id='block_1_14' title="bbox 625 1226 2167 1298">
    <p class='ocr_par' dir='ltr' id='par_1_14' title="bbox 625 1226 2167 1298">
     <span class='ocr_line' id='line_1_14' title="bbox 625 1226 2167 1298; baseline 0.002 -18"><span class='ocrx_word' id='word_1_85' title='bbox 625 1226 682 1281; x_wconf 81' lang='lat' dir='ltr'><strong>In</strong></span> <span class='ocrx_word' id='word_1_86' title='bbox 708 1244 917 1285; x_wconf 87' lang='lat' dir='ltr'><strong>summa</strong></span> <span class='ocrx_word' id='word_1_87' title='bbox 943 1229 1073 1298; x_wconf 89' lang='lat' dir='ltr'><strong>quid</strong></span> <span class='ocrx_word' id='word_1_88' title='bbox 1115 1228 1260 1283; x_wconf 87' lang='lat' dir='ltr'><strong>aliud</strong></span> <span class='ocrx_word' id='word_1_89' title='bbox 1298 1230 1388 1283; x_wconf 86' lang='lat' dir='ltr'><strong>hic</strong></span> <span class='ocrx_word' id='word_1_90' title='bbox 1442 1243 1621 1284; x_wconf 86' lang='lat' dir='ltr'><strong>sermo</strong></span> <span class='ocrx_word' id='word_1_91' title='bbox 1648 1239 1910 1295; x_wconf 86' lang='lat' dir='ltr'><strong>recenset,</strong></span> <span class='ocrx_word' id='word_1_92' title='bbox 1939 1232 2043 1285; x_wconf 89' lang='lat' dir='ltr'><strong>nisi</strong></span> <span class='ocrx_word' id='word_1_93' title='bbox 2087 1239 2167 1284; x_wconf 89' lang='lat' dir='ltr'><strong>ta-</strong></span> 
     </span>
    </p>
   </div>
   <div class='ocr_carea' id='block_1_15' title="bbox 630 1319 2165 1390">
    <p class='ocr_par' dir='ltr' id='par_1_15' title="bbox 630 1319 2165 1390">
     <span class='ocr_line' id='line_1_15' title="bbox 630 1319 2165 1390; baseline 0.003 -19"><span class='ocrx_word' id='word_1_94' title='bbox 630 1322 729 1372; x_wconf 65' lang='lat' dir='ltr'><strong>lem</strong></span> <span class='ocrx_word' id='word_1_95' title='bbox 756 1334 879 1374; x_wconf 88' lang='lat' dir='ltr'><strong>esse</strong></span> <span class='ocrx_word' id='word_1_96' title='bbox 905 1319 999 1388; x_wconf 86' lang='lat' dir='ltr'><strong>qui</strong></span> <span class='ocrx_word' id='word_1_97' title='bbox 1031 1319 1084 1372; x_wconf 89' lang='lat' dir='ltr'><strong>in</strong></span> <span class='ocrx_word' id='word_1_98' title='bbox 1115 1321 1373 1375; x_wconf 81' lang='lat' dir='ltr'><strong>vaticinia</strong></span> <span class='ocrx_word' id='word_1_99' title='bbox 1408 1319 1599 1385; x_wconf 81' lang='lat' dir='ltr'><strong>fertur,</strong></span> <span class='ocrx_word' id='word_1_100' title='bbox 1631 1321 1841 1390; x_wconf 89' lang='lat' dir='ltr'><strong>qualem</strong></span> <span class='ocrx_word' id='word_1_101' title='bbox 1872 1337 2027 1376; x_wconf 89' lang='lat' dir='ltr'><strong>nemo</strong></span> <span class='ocrx_word' id='word_1_102' title='bbox 2060 1337 2165 1375; x_wconf 89' lang='lat' dir='ltr'><strong>un-</strong></span> 
     </span>
    </p>
   </div>
   <div class='ocr_carea' id='block_1_16' title="bbox 625 1407 2165 1480">
    <p class='ocr_par' dir='ltr' id='par_1_16' title="bbox 625 1407 2165 1480">
     <span class='ocr_line' id='line_1_16' title="bbox 625 1407 2165 1480; baseline 0.001 -17"><span class='ocrx_word' id='word_1_103' title='bbox 625 1421 806 1479; x_wconf 82' lang='lat' dir='ltr'><strong>quam,</strong></span> <span class='ocrx_word' id='word_1_104' title='bbox 836 1424 936 1463; x_wconf 88' lang='lat' dir='ltr'><strong>nec</strong></span> <span class='ocrx_word' id='word_1_105' title='bbox 964 1410 1015 1462; x_wconf 93' lang='lat' dir='ltr'><strong>in</strong></span> <span class='ocrx_word' id='word_1_106' title='bbox 1044 1407 1353 1464; x_wconf 66' lang='lat' dir='ltr'><strong>Iudaeorum</strong></span> <span class='ocrx_word' id='word_1_107' title='bbox 1381 1417 1559 1480; x_wconf 89' lang='lat' dir='ltr'><strong>gente,</strong></span> <span class='ocrx_word' id='word_1_108' title='bbox 1582 1426 1758 1479; x_wconf 89' lang='lat' dir='ltr'><strong>neque</strong></span> <span class='ocrx_word' id='word_1_109' title='bbox 1782 1411 1837 1465; x_wconf 92' lang='lat' dir='ltr'><strong>in</strong></span> <span class='ocrx_word' id='word_1_110' title='bbox 1859 1410 1981 1467; x_wconf 89' lang='lat' dir='ltr'><strong>aliis</strong></span> <span class='ocrx_word' id='word_1_111' title='bbox 2002 1411 2165 1466; x_wconf 85' lang='lat' dir='ltr'><strong>fuisse</strong></span> 
     </span>
    </p>
   </div>
   <div class='ocr_carea' id='block_1_17' title="bbox 625 1497 2166 1570">
    <p class='ocr_par' dir='ltr' id='par_1_17' title="bbox 625 1497 2166 1570">
     <span class='ocr_line' id='line_1_17' title="bbox 625 1497 2166 1570; baseline 0 -17"><span class='ocrx_word' id='word_1_112' title='bbox 625 1499 981 1555; x_wconf 85' lang='lat' dir='ltr'><strong>memoravit?</strong></span> <span class='ocrx_word' id='word_1_113' title='bbox 1010 1497 1193 1568; x_wconf 87' lang='lat' dir='ltr'><strong>Neque</strong></span> <span class='ocrx_word' id='word_1_114' title='bbox 1212 1501 1358 1554; x_wconf 84' lang='lat' dir='ltr'><strong>enim</strong></span> <span class='ocrx_word' id='word_1_115' title='bbox 1398 1500 1514 1569; x_wconf 91' lang='lat' dir='ltr'><strong>ipse</strong></span> <span class='ocrx_word' id='word_1_116' title='bbox 1558 1498 1831 1564; x_wconf 90' lang='lat' dir='ltr'><strong>Salomon,</strong></span> <span class='ocrx_word' id='word_1_117' title='bbox 1864 1514 2036 1570; x_wconf 86' lang='lat' dir='ltr'><strong>neque</strong></span> <span class='ocrx_word' id='word_1_118' title='bbox 2065 1500 2166 1553; x_wconf 88' lang='lat' dir='ltr'><strong>Da-</strong></span> 
     </span>
    </p>
   </div>
   <div class='ocr_carea' id='block_1_18' title="bbox 622 1593 2159 1663">
    <p class='ocr_par' dir='ltr' id='par_1_18' title="bbox 622 1593 2159 1663">
     <span class='ocr_line' id='line_1_18' title="bbox 622 1593 2159 1663; baseline 0.001 -15"><span class='ocrx_word' id='word_1_119' title='bbox 622 1594 734 1657; x_wconf 83' lang='lat' dir='ltr'><strong>vid,</strong></span> <span class='ocrx_word' id='word_1_120' title='bbox 767 1608 940 1661; x_wconf 88' lang='lat' dir='ltr'><strong>neque</strong></span> <span class='ocrx_word' id='word_1_121' title='bbox 965 1593 1231 1663; x_wconf 87' lang='lat' dir='ltr'><strong>quispiam</strong></span> <span class='ocrx_word' id='word_1_122' title='bbox 1253 1609 1629 1650; x_wconf 86' lang='lat' dir='ltr'><strong>successorum</strong></span> <span class='ocrx_word' id='word_1_123' title='bbox 1650 1597 1697 1651; x_wconf 88' lang='lat' dir='ltr'><strong>is</strong></span> <span class='ocrx_word' id='word_1_124' title='bbox 1720 1594 1998 1650; x_wconf 85' lang='lat' dir='ltr'><strong>videbatur</strong></span> <span class='ocrx_word' id='word_1_125' title='bbox 2021 1610 2159 1659; x_wconf 86' lang='lat' dir='ltr'><strong>esse,</strong></span> 
     </span>
    </p>
   </div>
   <div class='ocr_carea' id='block_1_19' title="bbox 623 1681 2159 1753">
    <p class='ocr_par' dir='ltr' id='par_1_19' title="bbox 623 1681 2159 1753">
     <span class='ocr_line' id='line_1_19' title="bbox 623 1681 2159 1753; baseline 0.001 -18"><span class='ocrx_word' id='word_1_126' title='bbox 623 1681 797 1735; x_wconf 87' lang='lat' dir='ltr'><strong>cuiea</strong></span> <span class='ocrx_word' id='word_1_127' title='bbox 840 1695 958 1749; x_wconf 83' lang='lat' dir='ltr'><strong>quae</strong></span> <span class='ocrx_word' id='word_1_128' title='bbox 1004 1681 1056 1734; x_wconf 90' lang='lat' dir='ltr'><strong>in</strong></span> <span class='ocrx_word' id='word_1_129' title='bbox 1099 1682 1379 1751; x_wconf 85' lang='lat' dir='ltr'><strong>prephetia</strong></span> <span class='ocrx_word' id='word_1_130' title='bbox 1428 1682 1675 1738; x_wconf 86' lang='lat' dir='ltr'><strong>feruntur</strong></span> <span class='ocrx_word' id='word_1_131' title='bbox 1715 1684 1890 1753; x_wconf 88' lang='lat' dir='ltr'><strong>aptari</strong></span> <span class='ocrx_word' id='word_1_132' title='bbox 1932 1685 2159 1753; x_wconf 91' lang='lat' dir='ltr'><strong>possint.</strong></span> 
     </span>
    </p>
   </div>
   <div class='ocr_carea' id='block_1_20' title="bbox 2266 508 3799 591">
    <p class='ocr_par' dir='ltr' id='par_1_20' title="bbox 2266 508 3799 591">
     <span class='ocr_line' id='line_1_20' title="bbox 2266 508 3799 591; baseline 0.015 -35"><span class='ocrx_word' id='word_1_133' title='bbox 2266 522 2412 559; x_wconf 83' lang='grc' dir='ltr'>σεται</span> <span class='ocrx_word' id='word_1_134' title='bbox 2436 508 2542 579; x_wconf 82' lang='grc' dir='ltr'>γὰρ</span> <span class='ocrx_word' id='word_1_135' title='bbox 2590 509 2664 571; x_wconf 83' lang='grc' dir='ltr'>ὼς</span> <span class='ocrx_word' id='word_1_136' title='bbox 2689 512 2842 574; x_wconf 81' lang='grc' dir='ltr'>ὑετὸς</span> <span class='ocrx_word' id='word_1_137' title='bbox 2868 512 2959 564; x_wconf 74' lang='grc' dir='ltr'><strong>ἐπὶ</strong></span> <span class='ocrx_word' id='word_1_138' title='bbox 3000 513 3181 567; x_wconf 82' lang='grc' dir='ltr'>πόκον.</span> <span class='ocrx_word' id='word_1_139' title='bbox 3212 533 3232 563; x_wconf 66' lang='grc' dir='ltr'><strong><em>ι</em></strong></span> <span class='ocrx_word' id='word_1_140' title='bbox 3271 518 3799 591; x_wconf 82' lang='grc' dir='ltr'>Δικαιοσύνηντελοι-</span> 
     </span>
    </p>
   </div>
   <div class='ocr_carea' id='block_1_21' title="bbox 2264 594 3796 684">
    <p class='ocr_par' dir='ltr' id='par_1_21' title="bbox 2264 594 3796 684">
     <span class='ocr_line' id='line_1_21' title="bbox 2264 594 3796 684; baseline 0.014 -40"><span class='ocrx_word' id='word_1_141' title='bbox 2264 594 2361 645; x_wconf 88' lang='grc' dir='ltr'><strong>πὸν</strong></span> <span class='ocrx_word' id='word_1_142' title='bbox 2399 597 2838 664; x_wconf 78' lang='grc' dir='ltr'><strong>ἐμπολιτεύεσθαι</strong></span> <span class='ocrx_word' id='word_1_143' title='bbox 2882 599 2959 670; x_wconf 80' lang='grc' dir='ltr'>τῷ</span> <span class='ocrx_word' id='word_1_144' title='bbox 3006 602 3152 669; x_wconf 83' lang='grc' dir='ltr'>γένει</span> <span class='ocrx_word' id='word_1_145' title='bbox 3177 603 3283 656; x_wconf 88' lang='grc' dir='ltr'><strong>τῶν</strong></span> <span class='ocrx_word' id='word_1_146' title='bbox 3314 605 3611 677; x_wconf 84' lang='grc' dir='ltr'>ἀνθρώπων</span> <span class='ocrx_word' id='word_1_147' title='bbox 3639 613 3796 684; x_wconf 75' lang='grc' dir='ltr'>ὲπὶτῇ</span> 
     </span>
    </p>
   </div>
   <div class='ocr_carea' id='block_1_22' title="bbox 2263 684 3798 772">
    <p class='ocr_par' dir='ltr' id='par_1_22' title="bbox 2263 684 3798 772">
     <span class='ocr_line' id='line_1_22' title="bbox 2263 684 3798 772; baseline 0.015 -37"><span class='ocrx_word' id='word_1_148' title='bbox 2263 684 2424 737; x_wconf 80' lang='grc' dir='ltr'>αὐτοῦ</span> <span class='ocrx_word' id='word_1_149' title='bbox 2455 689 2740 759; x_wconf 77' lang='grc' dir='ltr'><strong>παρουσίᾳ.</strong></span> <span class='ocrx_word' id='word_1_150' title='bbox 2761 691 3173 762; x_wconf 86' lang='grc' dir='ltr'>Ἑπικρατήσειν</span> <span class='ocrx_word' id='word_1_151' title='bbox 3195 712 3252 746; x_wconf 88' lang='grc' dir='ltr'><strong>τε</strong></span> <span class='ocrx_word' id='word_1_152' title='bbox 3280 696 3437 750; x_wconf 78' lang='grc' dir='ltr'>αὐτὸν</span> <span class='ocrx_word' id='word_1_153' title='bbox 3473 701 3532 751; x_wconf 79' lang='grc' dir='ltr'><strong>οὐ</strong></span> <span class='ocrx_word' id='word_1_154' title='bbox 3558 702 3654 772; x_wconf 84' lang='grc' dir='ltr'><strong>τῆς</strong></span> <span class='ocrx_word' id='word_1_155' title='bbox 3686 706 3798 757; x_wconf 73' lang='grc' dir='ltr'>ἰουο</span> 
     </span>
    </p>
   </div>
   <div class='ocr_carea' id='block_1_23' title="bbox 2262 773 3796 853">
    <p class='ocr_par' dir='ltr' id='par_1_23' title="bbox 2262 773 3796 853">
     <span class='ocr_line' id='line_1_23' title="bbox 2262 773 3796 853; baseline 0.014 -28"><span class='ocrx_word' id='word_1_156' title='bbox 2262 773 2413 838; x_wconf 76' lang='grc' dir='ltr'>δαίας</span> <span class='ocrx_word' id='word_1_157' title='bbox 2448 776 2631 846; x_wconf 85' lang='grc' dir='ltr'>μόνης,</span> <span class='ocrx_word' id='word_1_158' title='bbox 2664 779 2783 831; x_wconf 78' lang='grc' dir='ltr'>οὐδὲ</span> <span class='ocrx_word' id='word_1_159' title='bbox 2810 780 2957 834; x_wconf 81' lang='grc' dir='ltr'>δυεῖν</span> <span class='ocrx_word' id='word_1_160' title='bbox 2983 783 3015 851; x_wconf 81' lang='grc' dir='ltr'><strong>ἢ</strong></span> <span class='ocrx_word' id='word_1_161' title='bbox 3045 782 3209 853; x_wconf 84' lang='grc' dir='ltr'>τριῶν</span> <span class='ocrx_word' id='word_1_162' title='bbox 3238 786 3424 851; x_wconf 76' lang='grc' dir='ltr'>ἐθνῶν,</span> <span class='ocrx_word' id='word_1_163' title='bbox 3445 788 3581 843; x_wconf 82' lang='grc' dir='ltr'>ἀλλὰ</span> <span class='ocrx_word' id='word_1_164' title='bbox 3603 792 3796 846; x_wconf 80' lang='grc' dir='ltr'>πάντων</span> 
     </span>
    </p>
   </div>
   <div class='ocr_carea' id='block_1_24' title="bbox 2263 862 3793 953">
    <p class='ocr_par' dir='ltr' id='par_1_24' title="bbox 2263 862 3793 953">
     <span class='ocr_line' id='line_1_24' title="bbox 2263 862 3793 953; baseline 0.013 -39"><span class='ocrx_word' id='word_1_165' title='bbox 2263 862 2369 917; x_wconf 87' lang='grc' dir='ltr'><strong>τῶν</strong></span> <span class='ocrx_word' id='word_1_166' title='bbox 2412 864 2529 917; x_wconf 90' lang='grc' dir='ltr'>καθ’</span> <span class='ocrx_word' id='word_1_167' title='bbox 2560 867 2687 937; x_wconf 78' lang='grc' dir='ltr'>ὅλης</span> <span class='ocrx_word' id='word_1_168' title='bbox 2731 869 2830 936; x_wconf 82' lang='grc' dir='ltr'><strong>τῆς</strong></span> <span class='ocrx_word' id='word_1_169' title='bbox 2877 873 3214 943; x_wconf 82' lang='grc' dir='ltr'>οἰκουμένης,</span> <span class='ocrx_word' id='word_1_170' title='bbox 3249 878 3421 930; x_wconf 82' lang='grc' dir='ltr'>πάντα</span> <span class='ocrx_word' id='word_1_171' title='bbox 3466 896 3526 931; x_wconf 86' lang='grc' dir='ltr'><strong>τε</strong></span> <span class='ocrx_word' id='word_1_172' title='bbox 3552 880 3640 953; x_wconf 38' lang='grc' dir='ltr'><strong>,τὰ</strong></span> <span class='ocrx_word' id='word_1_173' title='bbox 3686 882 3793 953; x_wconf 83' lang='grc' dir='ltr'>ἔθνη</span> 
     </span>
    </p>
   </div>
   <div class='ocr_carea' id='block_1_25' title="bbox 2264 956 3797 1031">
    <p class='ocr_par' dir='ltr' id='par_1_25' title="bbox 2264 956 3797 1031">
     <span class='ocr_line' id='line_1_25' title="bbox 2264 956 3797 1031; baseline 0.012 -25"><span class='ocrx_word' id='word_1_174' title='bbox 2264 956 2693 1025; x_wconf 80' lang='grc' dir='ltr'>ὑποταγήσεσθαι</span> <span class='ocrx_word' id='word_1_175' title='bbox 2718 960 2883 1030; x_wconf 80' lang='grc' dir='ltr'>αὐτῷ,</span> <span class='ocrx_word' id='word_1_176' title='bbox 2905 963 3194 1031; x_wconf 82' lang='grc' dir='ltr'>ὀνομαστόν</span> <span class='ocrx_word' id='word_1_177' title='bbox 3217 984 3277 1018; x_wconf 90' lang='grc' dir='ltr'><strong>τε</strong></span> <span class='ocrx_word' id='word_1_178' title='bbox 3296 968 3452 1021; x_wconf 77' lang='grc' dir='ltr'>αὑτὸν</span> <span class='ocrx_word' id='word_1_179' title='bbox 3484 969 3695 1025; x_wconf 77' lang='grc' dir='ltr'>ἔσεσθαι</span> <span class='ocrx_word' id='word_1_180' title='bbox 3714 990 3797 1025; x_wconf 77' lang='grc' dir='ltr'>παρ</span> 
     </span>
    </p>
   </div>
   <div class='ocr_carea' id='block_1_26' title="bbox 2266 1046 3795 1129">
    <p class='ocr_par' dir='ltr' id='par_1_26' title="bbox 2266 1046 3795 1129">
     <span class='ocr_line' id='line_1_26' title="bbox 2266 1046 3795 1129; baseline 0.01 -30"><span class='ocrx_word' id='word_1_181' title='bbox 2266 1046 2335 1116; x_wconf 83' lang='grc' dir='ltr'>ρὰ</span> <span class='ocrx_word' id='word_1_182' title='bbox 2371 1048 2482 1109; x_wconf 79' lang='grc' dir='ltr'>τοῖς</span> <span class='ocrx_word' id='word_1_183' title='bbox 2512 1050 2693 1109; x_wconf 84' lang='grc' dir='ltr'>πᾶσιν,</span> <span class='ocrx_word' id='word_1_184' title='bbox 2725 1051 2782 1102; x_wconf 83' lang='grc' dir='ltr'><strong>ού</strong></span> <span class='ocrx_word' id='word_1_185' title='bbox 2813 1054 2948 1105; x_wconf 88' lang='grc' dir='ltr'>κατά</span> <span class='ocrx_word' id='word_1_186' title='bbox 2978 1070 3096 1107; x_wconf 86' lang='grc' dir='ltr'>τινα</span> <span class='ocrx_word' id='word_1_187' title='bbox 3119 1058 3309 1127; x_wconf 86' lang='grc' dir='ltr'>χρόνον</span> <span class='ocrx_word' id='word_1_188' title='bbox 3336 1058 3556 1129; x_wconf 79' lang='grc' dir='ltr'>βραχὺν,</span> <span class='ocrx_word' id='word_1_189' title='bbox 3591 1062 3699 1114; x_wconf 79' lang='grc' dir='ltr'>ἀλλ’</span> <span class='ocrx_word' id='word_1_190' title='bbox 3729 1066 3795 1127; x_wconf 82' lang='grc' dir='ltr'><strong>εις</strong></span> 
     </span>
    </p>
   </div>
   <div class='ocr_carea' id='block_1_27' title="bbox 2266 1138 3795 1218">
    <p class='ocr_par' dir='ltr' id='par_1_27' title="bbox 2266 1138 3795 1218">
     <span class='ocr_line' id='line_1_27' title="bbox 2266 1138 3795 1218; baseline 0.01 -29"><span class='ocrx_word' id='word_1_191' title='bbox 2266 1138 2476 1190; x_wconf 79' lang='grc' dir='ltr'>ἅπαντα</span> <span class='ocrx_word' id='word_1_192' title='bbox 2511 1139 2599 1189; x_wconf 90' lang='grc' dir='ltr'><strong>τὸν</strong></span> <span class='ocrx_word' id='word_1_193' title='bbox 2643 1139 2830 1194; x_wconf 83' lang='grc' dir='ltr'>αἰῶνα.</span> <span class='ocrx_word' id='word_1_194' title='bbox 2867 1144 2974 1196; x_wconf 77' lang='grc' dir='ltr'>Καὶ</span> <span class='ocrx_word' id='word_1_195' title='bbox 3004 1143 3056 1195; x_wconf 83' lang='grc' dir='ltr'>τί</span> <span class='ocrx_word' id='word_1_196' title='bbox 3090 1145 3197 1216; x_wconf 83' lang='grc' dir='ltr'><strong>γὰρ</strong></span> <span class='ocrx_word' id='word_1_197' title='bbox 3228 1146 3337 1200; x_wconf 80' lang='grc' dir='ltr'>ἄλλ’</span> <span class='ocrx_word' id='word_1_198' title='bbox 3368 1149 3401 1218; x_wconf 78' lang='grc' dir='ltr'>ἦ</span> <span class='ocrx_word' id='word_1_199' title='bbox 3434 1150 3667 1203; x_wconf 79' lang='grc' dir='ltr'>τοιοῦτόν</span> <span class='ocrx_word' id='word_1_200' title='bbox 3690 1169 3795 1204; x_wconf 84' lang='grc' dir='ltr'>τινα</span> 
     </span>
    </p>
   </div>
   <div class='ocr_carea' id='block_1_28' title="bbox 2265 1222 3794 1313">
    <p class='ocr_par' dir='ltr' id='par_1_28' title="bbox 2265 1222 3794 1313">
     <span class='ocr_line' id='line_1_28' title="bbox 2265 1222 3794 1313; baseline 0.013 -35"><span class='ocrx_word' id='word_1_201' title='bbox 2265 1226 2477 1281; x_wconf 72' lang='grc' dir='ltr'>ἔσεσθαι</span> <span class='ocrx_word' id='word_1_202' title='bbox 2509 1222 2600 1282; x_wconf 78' lang='grc' dir='ltr'><strong>τὸν</strong></span> <span class='ocrx_word' id='word_1_203' title='bbox 2628 1231 3006 1304; x_wconf 82' lang='grc' dir='ltr'>θεσπιζόμενον</span> <span class='ocrx_word' id='word_1_204' title='bbox 3044 1239 3073 1289; x_wconf 86' lang='grc' dir='ltr'><strong>ό</strong></span> <span class='ocrx_word' id='word_1_205' title='bbox 3107 1239 3241 1307; x_wconf 85' lang='grc' dir='ltr'>μετὰ</span> <span class='ocrx_word' id='word_1_206' title='bbox 3280 1243 3466 1312; x_wconf 83' lang='grc' dir='ltr'>χεῖρας</span> <span class='ocrx_word' id='word_1_207' title='bbox 3512 1245 3794 1313; x_wconf 77' lang='grc' dir='ltr'>ὑπογράφει</span> 
     </span>
    </p>
   </div>
   <div class='ocr_carea' id='block_1_29' title="bbox 2264 1315 3795 1402">
    <p class='ocr_par' dir='ltr' id='par_1_29' title="bbox 2264 1315 3795 1402">
     <span class='ocr_line' id='line_1_29' title="bbox 2264 1315 3795 1402; baseline 0.014 -36"><span class='ocrx_word' id='word_1_208' title='bbox 2264 1315 2433 1385; x_wconf 81' lang='grc' dir='ltr'>λόγος,</span> <span class='ocrx_word' id='word_1_209' title='bbox 2466 1320 2645 1371; x_wconf 78' lang='grc' dir='ltr'>ὁποῖον</span> <span class='ocrx_word' id='word_1_210' title='bbox 2679 1321 2852 1385; x_wconf 80' lang='grc' dir='ltr'>οὐδεὶς</span> <span class='ocrx_word' id='word_1_211' title='bbox 2880 1323 3094 1379; x_wconf 88' lang='grc' dir='ltr'>πώποτε</span> <span class='ocrx_word' id='word_1_212' title='bbox 3126 1327 3246 1381; x_wconf 80' lang='grc' dir='ltr'>οὔτε</span> <span class='ocrx_word' id='word_1_213' title='bbox 3282 1332 3523 1402; x_wconf 61' lang='grc' dir='ltr'>παρατῷ</span> <span class='ocrx_word' id='word_1_214' title='bbox 3551 1335 3795 1388; x_wconf 82' lang='grc' dir='ltr'>Ἰουδαίων</span> 
     </span>
    </p>
   </div>
   <div class='ocr_carea' id='block_1_30' title="bbox 2264 1407 3794 1493">
    <p class='ocr_par' dir='ltr' id='par_1_30' title="bbox 2264 1407 3794 1493">
     <span class='ocr_line' id='line_1_30' title="bbox 2264 1407 3794 1493; baseline 0.014 -35"><span class='ocrx_word' id='word_1_215' title='bbox 2264 1407 2422 1473; x_wconf 84' lang='grc' dir='ltr'>ἔθνει,</span> <span class='ocrx_word' id='word_1_216' title='bbox 2455 1408 2576 1461; x_wconf 77' lang='grc' dir='ltr'>οὕτε</span> <span class='ocrx_word' id='word_1_217' title='bbox 2609 1415 2737 1482; x_wconf 85' lang='grc' dir='ltr'>παρ’</span> <span class='ocrx_word' id='word_1_218' title='bbox 2770 1414 2970 1484; x_wconf 81' lang='grc' dir='ltr'>ἑτέροις</span> <span class='ocrx_word' id='word_1_219' title='bbox 3001 1419 3273 1486; x_wconf 85' lang='grc' dir='ltr'>γεγονέναι</span> <span class='ocrx_word' id='word_1_220' title='bbox 3303 1427 3654 1493; x_wconf 83' lang='grc' dir='ltr'>μνημονεύει;</span> <span class='ocrx_word' id='word_1_221' title='bbox 3676 1426 3794 1479; x_wconf 81' lang='grc' dir='ltr'>Οὔτε</span> 
     </span>
    </p>
   </div>
   <div class='ocr_carea' id='block_1_31' title="bbox 2263 1496 3795 1588">
    <p class='ocr_par' dir='ltr' id='par_1_31' title="bbox 2263 1496 3795 1588">
     <span class='ocr_line' id='line_1_31' title="bbox 2263 1496 3795 1588; baseline 0.015 -40"><span class='ocrx_word' id='word_1_222' title='bbox 2263 1496 2371 1569; x_wconf 83' lang='grc' dir='ltr'>γὰρ</span> <span class='ocrx_word' id='word_1_223' title='bbox 2421 1500 2580 1563; x_wconf 78' lang='grc' dir='ltr'>αὐτὸς</span> <span class='ocrx_word' id='word_1_224' title='bbox 2614 1502 2880 1572; x_wconf 86' lang='grc' dir='ltr'>Σολομὼν,</span> <span class='ocrx_word' id='word_1_225' title='bbox 2904 1505 3023 1559; x_wconf 77' lang='grc' dir='ltr'>οὔτε</span> <span class='ocrx_word' id='word_1_226' title='bbox 3070 1510 3249 1572; x_wconf 80' lang='grc' dir='ltr'>Δαυῒδ,</span> <span class='ocrx_word' id='word_1_227' title='bbox 3282 1512 3403 1567; x_wconf 79' lang='grc' dir='ltr'>οὔτε</span> <span class='ocrx_word' id='word_1_228' title='bbox 3443 1532 3529 1578; x_wconf 88' lang='grc' dir='ltr'><strong>τις</strong></span> <span class='ocrx_word' id='word_1_229' title='bbox 3559 1518 3664 1569; x_wconf 89' lang='grc' dir='ltr'><strong>τῶν</strong></span> <span class='ocrx_word' id='word_1_230' title='bbox 3694 1518 3795 1588; x_wconf 84' lang='grc' dir='ltr'>μετ’</span> 
     </span>
    </p>
   </div>
   <div class='ocr_carea' id='block_1_32' title="bbox 2264 1589 3794 1668">
    <p class='ocr_par' dir='ltr' id='par_1_32' title="bbox 2264 1589 3794 1668">
     <span class='ocr_line' id='line_1_32' title="bbox 2264 1589 3794 1668; baseline 0.014 -29"><span class='ocrx_word' id='word_1_231' title='bbox 2264 1589 2457 1651; x_wconf 77' lang='grc' dir='ltr'>αὐτοὺς</span> <span class='ocrx_word' id='word_1_232' title='bbox 2504 1590 2740 1655; x_wconf 89' lang='grc' dir='ltr'>τοιοῦτος</span> <span class='ocrx_word' id='word_1_233' title='bbox 2784 1594 2975 1665; x_wconf 72' lang='grc' dir='ltr'>ἐφάνη,</span> <span class='ocrx_word' id='word_1_234' title='bbox 3010 1597 3085 1659; x_wconf 79' lang='grc' dir='ltr'>ὡς</span> <span class='ocrx_word' id='word_1_235' title='bbox 3135 1600 3369 1668; x_wconf 82' lang='grc' dir='ltr'>ἁρμόσαι</span> <span class='ocrx_word' id='word_1_236' title='bbox 3413 1606 3518 1656; x_wconf 78' lang='grc' dir='ltr'>τινὶ</span> <span class='ocrx_word' id='word_1_237' title='bbox 3547 1606 3715 1659; x_wconf 78' lang='grc' dir='ltr'>αὐτῶν</span> <span class='ocrx_word' id='word_1_238' title='bbox 3736 1609 3794 1661; x_wconf 81' lang='grc' dir='ltr'>τὰ</span> 
     </span>
    </p>
   </div>
   <div class='ocr_carea' id='block_1_33' title="bbox 2266 1678 3796 1768">
    <p class='ocr_par' dir='ltr' id='par_1_33' title="bbox 2266 1678 3796 1768">
     <span class='ocr_line' id='line_1_33' title="bbox 2266 1678 3796 1768; baseline 0.014 -39"><span class='ocrx_word' id='word_1_239' title='bbox 2266 1678 2368 1730; x_wconf 86' lang='grc' dir='ltr'>ὑπὸ</span> <span class='ocrx_word' id='word_1_240' title='bbox 2397 1678 2495 1747; x_wconf 89' lang='grc' dir='ltr'><strong>τῆς</strong></span> <span class='ocrx_word' id='word_1_241' title='bbox 2527 1682 2857 1750; x_wconf 77' lang='grc' dir='ltr'>προφητείας</span> <span class='ocrx_word' id='word_1_242' title='bbox 2889 1686 3423 1759; x_wconf 84' lang='grc' dir='ltr'>σημαινόμενα.Ὄρα</span> <span class='ocrx_word' id='word_1_243' title='bbox 3451 1694 3629 1747; x_wconf 79' lang='grc' dir='ltr'>τοίνυν</span> <span class='ocrx_word' id='word_1_244' title='bbox 3656 1699 3700 1749; x_wconf 79' lang='grc' dir='ltr'><strong>ει</strong></span> <span class='ocrx_word' id='word_1_245' title='bbox 3731 1697 3796 1768; x_wconf 71' lang='grc' dir='ltr'>μὴ</span> 
     </span>
    </p>
   </div>
   <div class='ocr_carea' id='block_1_34' title="bbox 624 1746 2175 1853">
    <p class='ocr_par' dir='ltr' id='par_1_34' title="bbox 624 1746 2164 1853">
     <span class='ocr_line' id='line_1_34' title="bbox 624 1746 2164 1853; baseline 0.003 -28"><span class='ocrx_word' id='word_1_246' title='bbox 624 1746 897 1840; x_wconf 82' lang='lat' dir='ltr'><strong>Perpende</strong></span> <span class='ocrx_word' id='word_1_247' title='bbox 928 1746 1255 1841; x_wconf 44' lang='lat' dir='ltr'><strong>igitur-num</strong></span> <span class='ocrx_word' id='word_1_248' title='bbox 1293 1774 1589 1853; x_wconf 70' lang='lat' dir='ltr'><strong>prmmissis</strong></span> <span class='ocrx_word' id='word_1_249' title='bbox 1622 1774 1689 1829; x_wconf 83' lang='lat' dir='ltr'><strong>de</strong></span> <span class='ocrx_word' id='word_1_250' title='bbox 1724 1746 2028 1830; x_wconf 66' lang='lat' dir='ltr'><strong>servatoris</strong></span> <span class='ocrx_word' id='word_1_251' title='bbox 2070 1790 2164 1829; x_wconf 88' lang='lat' dir='ltr'><strong>no-</strong></span> 
     </span>
    </p>
   </div>
   <div class='ocr_carea' id='block_1_35' title="bbox 2275 1746 3795 1853">
    <p class='ocr_par' dir='ltr' id='par_1_35' title="bbox 2275 1746 3795 1853">
     <span class='ocr_line' id='line_1_35' title="bbox 2275 1746 3795 1853; baseline 0.013 -35"><span class='ocrx_word' id='word_1_252' title='bbox 2275 1769 2384 1831; x_wconf 80' lang='grc' dir='ltr'>ταῖς</span> <span class='ocrx_word' id='word_1_253' title='bbox 2414 1746 2876 1839; x_wconf 76' lang='grc' dir='ltr'>προτεταγμέναις</span> <span class='ocrx_word' id='word_1_254' title='bbox 2918 1746 3006 1826; x_wconf 72' lang='grc' dir='ltr'><strong>δῖά</strong></span> <span class='ocrx_word' id='word_1_255' title='bbox 3054 1746 3159 1827; x_wconf 78' lang='grc' dir='ltr'><strong>τῶν</strong></span> <span class='ocrx_word' id='word_1_256' title='bbox 3198 1746 3503 1849; x_wconf 78' lang='grc' dir='ltr'>ἔμπροσθεν</span> <span class='ocrx_word' id='word_1_257' title='bbox 3550 1746 3795 1853; x_wconf 42' lang='grc' dir='ltr'>περιττοῦ</span> 
     </span>
    </p>
   </div>
   <div class='ocr_carea' id='block_1_36' title="bbox 623 1848 2173 1935">
    <p class='ocr_par' dir='ltr' id='par_1_36' title="bbox 623 1848 2173 1935">
     <span class='ocr_line' id='line_1_36' title="bbox 623 1848 2173 1935; baseline 0.002 -18"><span class='ocrx_word' id='word_1_258' title='bbox 623 1862 719 1917; x_wconf 83' lang='lat' dir='ltr'><strong>stri</strong></span> <span class='ocrx_word' id='word_1_259' title='bbox 750 1864 997 1931; x_wconf 84' lang='lat' dir='ltr'><strong>passione</strong></span> <span class='ocrx_word' id='word_1_260' title='bbox 1029 1862 1470 1933; x_wconf 72' lang='lat' dir='ltr'><strong>praedictionibus</strong></span> <span class='ocrx_word' id='word_1_261' title='bbox 1493 1848 1635 1926; x_wconf 81' lang='lat' dir='ltr'><strong>haec,</strong></span> <span class='ocrx_word' id='word_1_262' title='bbox 1665 1877 1771 1933; x_wconf 87' lang='lat' dir='ltr'><strong>qua</strong></span> <span class='ocrx_word' id='word_1_263' title='bbox 1799 1878 2021 1934; x_wconf 78' lang='lat' dir='ltr'><strong>regnum</strong></span> <span class='ocrx_word' id='word_1_264' title='bbox 2048 1867 2173 1935; x_wconf 88' lang='lat' dir='ltr'><strong>ejus</strong></span> 
     </span>
    </p>
   </div>
   <div class='ocr_carea' id='block_1_37' title="bbox 2266 1857 3795 1937">
    <p class='ocr_par' dir='ltr' id='par_1_37' title="bbox 2266 1857 3795 1937">
     <span class='ocr_line' id='line_1_37' title="bbox 2266 1857 3795 1937; baseline 0.012 -27"><span class='ocrx_word' id='word_1_265' title='bbox 2266 1857 2469 1923; x_wconf 82' lang='grc' dir='ltr'><strong>πάθους</strong></span> <span class='ocrx_word' id='word_1_266' title='bbox 2512 1859 2604 1913; x_wconf 85' lang='grc' dir='ltr'><strong>τοῦ</strong></span> <span class='ocrx_word' id='word_1_267' title='bbox 2648 1861 2895 1933; x_wconf 79' lang='grc' dir='ltr'>Σωτῆρος</span> <span class='ocrx_word' id='word_1_268' title='bbox 2936 1868 3302 1937; x_wconf 75' lang='grc' dir='ltr'>προρρήσεσιν</span> <span class='ocrx_word' id='word_1_269' title='bbox 3346 1871 3647 1937; x_wconf 82' lang='grc' dir='ltr'>ἀκολούθως</span> <span class='ocrx_word' id='word_1_270' title='bbox 3689 1892 3795 1927; x_wconf 71' lang='grc' dir='ltr'><strong>συν⁸</strong></span> 
     </span>
    </p>
   </div>
   <div class='ocr_carea' id='block_1_38' title="bbox 622 1950 2175 2036">
    <p class='ocr_par' dir='ltr' id='par_1_38' title="bbox 622 1952 2167 2023">
     <span class='ocr_line' id='line_1_38' title="bbox 622 1952 2167 2023; baseline 0 -16"><span class='ocrx_word' id='word_1_271' title='bbox 622 1954 971 2018; x_wconf 84' lang='lat' dir='ltr'><strong>describitur,</strong></span> <span class='ocrx_word' id='word_1_272' title='bbox 1004 1961 1404 2022; x_wconf 88' lang='lat' dir='ltr'><strong>consequenter</strong></span> <span class='ocrx_word' id='word_1_273' title='bbox 1430 1952 1733 2023; x_wconf 83' lang='lat' dir='ltr'><strong>adjiciatur.</strong></span> <span class='ocrx_word' id='word_1_274' title='bbox 1764 1952 1868 2007; x_wconf 86' lang='lat' dir='ltr'><strong>Par</strong></span> <span class='ocrx_word' id='word_1_275' title='bbox 1885 1961 1999 2007; x_wconf 90' lang='lat' dir='ltr'><strong>erat</strong></span> <span class='ocrx_word' id='word_1_276' title='bbox 2023 1957 2167 2010; x_wconf 85' lang='lat' dir='ltr'><strong>enim</strong></span> 
     </span>
    </p>
   </div>
   <div class='ocr_carea' id='block_1_39' title="bbox 2275 1950 3792 2036">
    <p class='ocr_par' dir='ltr' id='par_1_39' title="bbox 2275 1950 3792 2036">
     <span class='ocr_line' id='line_1_39' title="bbox 2275 1950 3792 2036; baseline 0.011 -35"><span class='ocrx_word' id='word_1_277' title='bbox 2275 1950 2430 2018; x_wconf 74' lang='grc' dir='ltr'>ἧπται</span> <span class='ocrx_word' id='word_1_278' title='bbox 2477 1952 2508 2019; x_wconf 80' lang='grc' dir='ltr'>ὴ</span> <span class='ocrx_word' id='word_1_279' title='bbox 2563 1952 2699 2019; x_wconf 84' lang='grc' dir='ltr'>μετὰ</span> <span class='ocrx_word' id='word_1_280' title='bbox 2744 1956 2930 2023; x_wconf 80' lang='grc' dir='ltr'>χεῖρας</span> <span class='ocrx_word' id='word_1_281' title='bbox 2974 1955 3072 2026; x_wconf 79' lang='grc' dir='ltr'>τὴν</span> <span class='ocrx_word' id='word_1_282' title='bbox 3101 1957 3371 2028; x_wconf 81' lang='grc' dir='ltr'>βασιλείαν</span> <span class='ocrx_word' id='word_1_283' title='bbox 3404 1963 3566 2016; x_wconf 82' lang='grc' dir='ltr'>αὑτοῦ</span> <span class='ocrx_word' id='word_1_284' title='bbox 3590 1964 3792 2036; x_wconf 83' lang='grc' dir='ltr'>διαγρά-</span> 
     </span>
    </p>
   </div>
   <div class='ocr_carea' id='block_1_40' title="bbox 623 2041 2175 2124">
    <p class='ocr_par' dir='ltr' id='par_1_40' title="bbox 623 2042 2165 2115">
     <span class='ocr_line' id='line_1_40' title="bbox 623 2042 2165 2115; baseline 0.003 -18"><span class='ocrx_word' id='word_1_285' title='bbox 623 2060 723 2099; x_wconf 81' lang='lat' dir='ltr'><strong>nos</strong></span> <span class='ocrx_word' id='word_1_286' title='bbox 764 2060 885 2115; x_wconf 71' lang='lat' dir='ltr'><strong>qua:</strong></span> <span class='ocrx_word' id='word_1_287' title='bbox 922 2044 989 2099; x_wconf 87' lang='lat' dir='ltr'><strong>ad</strong></span> <span class='ocrx_word' id='word_1_288' title='bbox 1029 2042 1163 2097; x_wconf 88' lang='lat' dir='ltr'><strong>illud</strong></span> <span class='ocrx_word' id='word_1_289' title='bbox 1203 2058 1418 2113; x_wconf 87' lang='lat' dir='ltr'><strong>quoque</strong></span> <span class='ocrx_word' id='word_1_290' title='bbox 1476 2045 1705 2100; x_wconf 81' lang='lat' dir='ltr'><strong>attinent</strong></span> <span class='ocrx_word' id='word_1_291' title='bbox 1746 2045 1980 2102; x_wconf 85' lang='lat' dir='ltr'><strong>edoceri.</strong></span> <span class='ocrx_word' id='word_1_292' title='bbox 2032 2048 2165 2102; x_wconf 90' lang='lat' dir='ltr'><strong>Cum</strong></span> 
     </span>
    </p>
   </div>
   <div class='ocr_carea' id='block_1_41' title="bbox 2275 2041 3793 2124">
    <p class='ocr_par' dir='ltr' id='par_1_41' title="bbox 2275 2041 3793 2124">
     <span class='ocr_line' id='line_1_41' title="bbox 2275 2041 3793 2124; baseline 0.013 -34"><span class='ocrx_word' id='word_1_293' title='bbox 2275 2050 2456 2108; x_wconf 63' lang='lat' dir='ltr'><strong>pauca.</strong></span> <span class='ocrx_word' id='word_1_294' title='bbox 2477 2041 2670 2111; x_wconf 84' lang='grc' dir='ltr'>Ἐχρῆν</span> <span class='ocrx_word' id='word_1_295' title='bbox 2702 2043 2807 2115; x_wconf 84' lang='grc' dir='ltr'><strong>γὰρ</strong></span> <span class='ocrx_word' id='word_1_296' title='bbox 2841 2045 2984 2114; x_wconf 81' lang='grc' dir='ltr'>ἡμᾶς</span> <span class='ocrx_word' id='word_1_297' title='bbox 3014 2048 3105 2100; x_wconf 68' lang='grc' dir='ltr'>καὶ</span> <span class='ocrx_word' id='word_1_298' title='bbox 3134 2050 3201 2102; x_wconf 83' lang='grc' dir='ltr'>τὰ</span> <span class='ocrx_word' id='word_1_299' title='bbox 3232 2053 3355 2123; x_wconf 80' lang='grc' dir='ltr'>περὶ</span> <span class='ocrx_word' id='word_1_300' title='bbox 3379 2053 3580 2124; x_wconf 79' lang='grc' dir='ltr'>ταύτης</span> <span class='ocrx_word' id='word_1_301' title='bbox 3607 2056 3793 2108; x_wconf 68' lang='grc' dir='ltr'>παιδευσ</span> 
     </span>
    </p>
   </div>
   <div class='ocr_carea' id='block_1_42' title="bbox 624 2128 2175 2215">
    <p class='ocr_par' dir='ltr' id='par_1_42' title="bbox 624 2135 2169 2209">
     <span class='ocr_line' id='line_1_42' title="bbox 624 2135 2169 2209; baseline 0.005 -24"><span class='ocrx_word' id='word_1_302' title='bbox 624 2146 803 2190; x_wconf 78' lang='lat' dir='ltr'><strong>autem</strong></span> <span class='ocrx_word' id='word_1_303' title='bbox 834 2135 1081 2204; x_wconf 68' lang='lat' dir='ltr'><strong>plurima:</strong></span> <span class='ocrx_word' id='word_1_304' title='bbox 1110 2135 1405 2205; x_wconf 67' lang='lat' dir='ltr'><strong>prophetiae</strong></span> <span class='ocrx_word' id='word_1_305' title='bbox 1430 2135 1727 2203; x_wconf 87' lang='lat' dir='ltr'><strong>Christum,</strong></span> <span class='ocrx_word' id='word_1_306' title='bbox 1767 2140 1856 2209; x_wconf 90' lang='lat' dir='ltr'><strong>qui</strong></span> <span class='ocrx_word' id='word_1_307' title='bbox 1880 2154 1945 2193; x_wconf 77' lang='lat' dir='ltr'><strong>ex</strong></span> <span class='ocrx_word' id='word_1_308' title='bbox 1968 2138 2169 2194; x_wconf 89' lang='lat' dir='ltr'><strong>Davide</strong></span> 
     </span>
    </p>
   </div>
   <div class='ocr_carea' id='block_1_43' title="bbox 2275 2128 3793 2215">
    <p class='ocr_par' dir='ltr' id='par_1_43' title="bbox 2275 2128 3793 2215">
     <span class='ocr_line' id='line_1_43' title="bbox 2275 2128 3793 2215; baseline 0.012 -36"><span class='ocrx_word' id='word_1_309' title='bbox 2275 2128 2440 2200; x_wconf 77' lang='grc' dir='ltr'>θῆναι.</span> <span class='ocrx_word' id='word_1_310' title='bbox 2480 2131 2692 2183; x_wconf 79' lang='grc' dir='ltr'>Πολλῶν</span> <span class='ocrx_word' id='word_1_311' title='bbox 2723 2133 2778 2185; x_wconf 82' lang='grc' dir='ltr'>δὲ</span> <span class='ocrx_word' id='word_1_312' title='bbox 2806 2138 3143 2206; x_wconf 83' lang='grc' dir='ltr'>προφητειῶν</span> <span class='ocrx_word' id='word_1_313' title='bbox 3184 2140 3274 2193; x_wconf 90' lang='grc' dir='ltr'><strong>τὸν</strong></span> <span class='ocrx_word' id='word_1_314' title='bbox 3320 2142 3383 2193; x_wconf 83' lang='grc' dir='ltr'>ὲκ</span> <span class='ocrx_word' id='word_1_315' title='bbox 3411 2143 3569 2195; x_wconf 78' lang='grc' dir='ltr'>Δαυῖδ</span> <span class='ocrx_word' id='word_1_316' title='bbox 3606 2162 3793 2215; x_wconf 76' lang='grc' dir='ltr'>προφη-</span> 
     </span>
    </p>
   </div>
   <div class='ocr_carea' id='block_1_44' title="bbox 622 2222 2165 2300">
    <p class='ocr_par' dir='ltr' id='par_1_44' title="bbox 622 2222 2165 2300">
     <span class='ocr_line' id='line_1_44' title="bbox 622 2222 2165 2300; baseline 0.005 -25"><span class='ocrx_word' id='word_1_317' title='bbox 622 2222 885 2291; x_wconf 87' lang='lat' dir='ltr'><strong>originem</strong></span> <span class='ocrx_word' id='word_1_318' title='bbox 927 2222 1193 2279; x_wconf 89' lang='lat' dir='ltr'><strong>ducturus</strong></span> <span class='ocrx_word' id='word_1_319' title='bbox 1248 2233 1386 2289; x_wconf 90' lang='lat' dir='ltr'><strong>erat,</strong></span> <span class='ocrx_word' id='word_1_320' title='bbox 1437 2227 1797 2294; x_wconf 85' lang='lat' dir='ltr'><strong>celebrarent,</strong></span> <span class='ocrx_word' id='word_1_321' title='bbox 1842 2230 1969 2300; x_wconf 88' lang='lat' dir='ltr'><strong>quia</strong></span> <span class='ocrx_word' id='word_1_322' title='bbox 2022 2231 2165 2285; x_wconf 87' lang='lat' dir='ltr'><strong>veri-</strong></span> 
     </span>
    </p>
   </div>
   <div class='ocr_carea' id='block_1_45' title="bbox 624 2314 2167 2390">
    <p class='ocr_par' dir='ltr' id='par_1_45' title="bbox 624 2314 2167 2390">
     <span class='ocr_line' id='line_1_45' title="bbox 624 2314 2167 2390; baseline 0.004 -22"><span class='ocrx_word' id='word_1_323' title='bbox 624 2314 798 2369; x_wconf 79' lang='lat' dir='ltr'><strong>simile</strong></span> <span class='ocrx_word' id='word_1_324' title='bbox 816 2322 951 2379; x_wconf 89' lang='lat' dir='ltr'><strong>erat,</strong></span> <span class='ocrx_word' id='word_1_325' title='bbox 974 2317 1265 2371; x_wconf 88' lang='lat' dir='ltr'><strong>nonnullos</strong></span> <span class='ocrx_word' id='word_1_326' title='bbox 1290 2317 1357 2370; x_wconf 91' lang='lat' dir='ltr'><strong>iis</strong></span> <span class='ocrx_word' id='word_1_327' title='bbox 1375 2315 1719 2373; x_wconf 85' lang='lat' dir='ltr'><strong>Salomonem</strong></span> <span class='ocrx_word' id='word_1_328' title='bbox 1738 2320 1965 2375; x_wconf 87' lang='lat' dir='ltr'><strong>indicari</strong></span> <span class='ocrx_word' id='word_1_329' title='bbox 1988 2321 2167 2390; x_wconf 86' lang='lat' dir='ltr'><strong>suspi-</strong></span> 
     </span>
    </p>
   </div>
   <div class='ocr_carea' id='block_1_46' title="bbox 624 2406 2169 2469">
    <p class='ocr_par' dir='ltr' id='par_1_46' title="bbox 624 2406 2169 2469">
     <span class='ocr_line' id='line_1_46' title="bbox 624 2406 2169 2469; baseline 0.005 -11"><span class='ocrx_word' id='word_1_330' title='bbox 624 2412 844 2460; x_wconf 85' lang='lat' dir='ltr'><strong>eaturos</strong></span> <span class='ocrx_word' id='word_1_331' title='bbox 871 2421 1032 2469; x_wconf 88' lang='lat' dir='ltr'><strong>esse;</strong></span> <span class='ocrx_word' id='word_1_332' title='bbox 1066 2421 1191 2459; x_wconf 90' lang='lat' dir='ltr'><strong>nam</strong></span> <span class='ocrx_word' id='word_1_333' title='bbox 1226 2406 1273 2460; x_wconf 90' lang='lat' dir='ltr'><strong>is</strong></span> <span class='ocrx_word' id='word_1_334' title='bbox 1307 2407 1455 2461; x_wconf 89' lang='lat' dir='ltr'><strong>solus</strong></span> <span class='ocrx_word' id='word_1_335' title='bbox 1500 2422 1566 2461; x_wconf 84' lang='lat' dir='ltr'><strong>ex</strong></span> <span class='ocrx_word' id='word_1_336' title='bbox 1598 2408 1723 2466; x_wconf 84' lang='lat' dir='ltr'><strong>ﬁliis</strong></span> <span class='ocrx_word' id='word_1_337' title='bbox 1756 2408 1972 2466; x_wconf 86' lang='lat' dir='ltr'><strong>Davidis</strong></span> <span class='ocrx_word' id='word_1_338' title='bbox 2005 2412 2058 2465; x_wconf 92' lang='lat' dir='ltr'><strong>in</strong></span> <span class='ocrx_word' id='word_1_339' title='bbox 2088 2427 2169 2466; x_wconf 88' lang='lat' dir='ltr'><strong>re-</strong></span> 
     </span>
    </p>
   </div>
   <div class='ocr_carea' id='block_1_47' title="bbox 622 2492 2170 2573">
    <p class='ocr_par' dir='ltr' id='par_1_47' title="bbox 622 2492 2170 2573">
     <span class='ocr_line' id='line_1_47' title="bbox 622 2492 2170 2573; baseline 0.001 -24"><span class='ocrx_word' id='word_1_340' title='bbox 622 2509 730 2563; x_wconf 80' lang='lat' dir='ltr'><strong>gno</strong></span> <span class='ocrx_word' id='word_1_341' title='bbox 756 2495 990 2549; x_wconf 82' lang='lat' dir='ltr'><strong>maxime</strong></span> <span class='ocrx_word' id='word_1_342' title='bbox 1017 2494 1234 2559; x_wconf 87' lang='lat' dir='ltr'><strong>claruit,</strong></span> <span class='ocrx_word' id='word_1_343' title='bbox 1269 2492 1380 2549; x_wconf 89' lang='lat' dir='ltr'><strong>Deo</strong></span> <span class='ocrx_word' id='word_1_344' title='bbox 1410 2496 1670 2573; x_wconf 87' lang='lat' dir='ltr'><strong>templum</strong></span> <span class='ocrx_word' id='word_1_345' title='bbox 1695 2498 1968 2562; x_wconf 82' lang='lat' dir='ltr'><strong>excitavit,</strong></span> <span class='ocrx_word' id='word_1_346' title='bbox 1999 2506 2051 2553; x_wconf 92' lang='lat' dir='ltr'><strong>et</strong></span> <span class='ocrx_word' id='word_1_347' title='bbox 2080 2513 2170 2553; x_wconf 87' lang='lat' dir='ltr'><strong>sa-</strong></span> 
     </span>
    </p>
   </div>
   <div class='ocr_carea' id='block_1_48' title="bbox 624 2582 2169 2651">
    <p class='ocr_par' dir='ltr' id='par_1_48' title="bbox 624 2582 2169 2651">
     <span class='ocr_line' id='line_1_48' title="bbox 624 2582 2169 2651; baseline 0.003 -15"><span class='ocrx_word' id='word_1_348' title='bbox 624 2583 827 2651; x_wconf 89' lang='lat' dir='ltr'><strong>pientia</strong></span> <span class='ocrx_word' id='word_1_349' title='bbox 858 2590 1082 2638; x_wconf 91' lang='lat' dir='ltr'><strong>ornatus</strong></span> <span class='ocrx_word' id='word_1_350' title='bbox 1113 2582 1282 2639; x_wconf 89' lang='lat' dir='ltr'><strong>fuisse</strong></span> <span class='ocrx_word' id='word_1_351' title='bbox 1321 2596 1692 2643; x_wconf 86' lang='lat' dir='ltr'><strong>memoratur:</strong></span> <span class='ocrx_word' id='word_1_352' title='bbox 1722 2588 2034 2643; x_wconf 88' lang='lat' dir='ltr'><strong>necessario</strong></span> <span class='ocrx_word' id='word_1_353' title='bbox 2068 2605 2087 2639; x_wconf 70' lang='grc' dir='ltr'><strong>ι</strong></span> <span class='ocrx_word' id='word_1_354' title='bbox 2114 2589 2169 2641; x_wconf 92' lang='lat' dir='ltr'><strong>in</strong></span> 
     </span>
    </p>
   </div>
   <div class='ocr_carea' id='block_1_49' title="bbox 628 2674 2170 2750">
    <p class='ocr_par' dir='ltr' id='par_1_49' title="bbox 628 2674 2170 2750">
     <span class='ocr_line' id='line_1_49' title="bbox 628 2674 2170 2750; baseline 0.006 -22"><span class='ocrx_word' id='word_1_355' title='bbox 628 2674 969 2729; x_wconf 75' lang='lat' dir='ltr'><strong>Salomonem</strong></span> <span class='ocrx_word' id='word_1_356' title='bbox 995 2694 1014 2727; x_wconf 73' lang='grc' dir='ltr'><strong>ι</strong></span> <span class='ocrx_word' id='word_1_357' title='bbox 1046 2677 1160 2731; x_wconf 64' lang='grc' dir='ltr'><strong>Ι)ωο</strong></span> <span class='ocrx_word' id='word_1_358' title='bbox 1182 2678 1461 2747; x_wconf 87' lang='lat' dir='ltr'><strong>prophetia</strong></span> <span class='ocrx_word' id='word_1_359' title='bbox 1484 2678 1832 2744; x_wconf 89' lang='lat' dir='ltr'><strong>inscribitur;</strong></span> <span class='ocrx_word' id='word_1_360' title='bbox 1862 2680 1976 2736; x_wconf 89' lang='lat' dir='ltr'><strong>sive</strong></span> <span class='ocrx_word' id='word_1_361' title='bbox 1999 2679 2170 2750; x_wconf 84' lang='lat' dir='ltr'><strong>ipsius</strong></span> 
     </span>
    </p>
   </div>
   <div class='ocr_carea' id='block_1_50' title="bbox 630 2766 2173 2840">
    <p class='ocr_par' dir='ltr' id='par_1_50' title="bbox 630 2766 2173 2840">
     <span class='ocr_line' id='line_1_50' title="bbox 630 2766 2173 2840; baseline 0.002 -19"><span class='ocrx_word' id='word_1_362' title='bbox 630 2766 936 2821; x_wconf 83' lang='lat' dir='ltr'><strong>Salomonis</strong></span> <span class='ocrx_word' id='word_1_363' title='bbox 983 2782 1107 2822; x_wconf 90' lang='lat' dir='ltr'><strong>esse</strong></span> <span class='ocrx_word' id='word_1_364' title='bbox 1168 2767 1374 2838; x_wconf 79' lang='lat' dir='ltr'><strong>fertur;</strong></span> <span class='ocrx_word' id='word_1_365' title='bbox 1427 2777 1486 2824; x_wconf 89' lang='lat' dir='ltr'><strong>ut</strong></span> <span class='ocrx_word' id='word_1_366' title='bbox 1542 2786 1651 2824; x_wconf 92' lang='lat' dir='ltr'><strong>non</strong></span> <span class='ocrx_word' id='word_1_367' title='bbox 1697 2771 1839 2827; x_wconf 88' lang='lat' dir='ltr'><strong>ultra</strong></span> <span class='ocrx_word' id='word_1_368' title='bbox 1892 2779 2173 2840; x_wconf 82' lang='lat' dir='ltr'><strong>putaretur</strong></span> 
     </span>
    </p>
   </div>
   <div class='ocr_carea' id='block_1_51' title="bbox 548 2855 2166 2928">
    <p class='ocr_par' dir='ltr' id='par_1_51' title="bbox 548 2855 2166 2928">
     <span class='ocr_line' id='line_1_51' title="bbox 548 2855 2166 2928; baseline 0.004 -21"><span class='ocrx_word' id='word_1_369' title='bbox 548 2904 551 2907; x_wconf 21' lang='grc' dir='ltr'><strong>Α</strong></span> <span class='ocrx_word' id='word_1_370' title='bbox 630 2857 808 2925; x_wconf 88' lang='lat' dir='ltr'><strong>ipsum</strong></span> <span class='ocrx_word' id='word_1_371' title='bbox 838 2870 957 2911; x_wconf 87' lang='lat' dir='ltr'><strong>esse</strong></span> <span class='ocrx_word' id='word_1_372' title='bbox 988 2870 1053 2910; x_wconf 78' lang='lat' dir='ltr'><strong>ex</strong></span> <span class='ocrx_word' id='word_1_373' title='bbox 1087 2855 1307 2913; x_wconf 87' lang='lat' dir='ltr'><strong>Davidis</strong></span> <span class='ocrx_word' id='word_1_374' title='bbox 1346 2858 1551 2913; x_wconf 88' lang='lat' dir='ltr'><strong>semine</strong></span> <span class='ocrx_word' id='word_1_375' title='bbox 1578 2860 1672 2927; x_wconf 87' lang='lat' dir='ltr'><strong>qui</strong></span> <span class='ocrx_word' id='word_1_376' title='bbox 1708 2861 2126 2928; x_wconf 77' lang='lat' dir='ltr'><strong>exspectabatur</strong></span> <span class='ocrx_word' id='word_1_377' title='bbox 2154 2880 2166 2914; x_wconf 91' lang='lat'><strong>:</strong></span> 
     </span>
    </p>
   </div>
   <div class='ocr_carea' id='block_1_52' title="bbox 628 2944 2168 3021">
    <p class='ocr_par' dir='ltr' id='par_1_52' title="bbox 628 2944 2168 3021">
     <span class='ocr_line' id='line_1_52' title="bbox 628 2944 2168 3021; baseline 0.004 -22"><span class='ocrx_word' id='word_1_378' title='bbox 628 2961 696 2999; x_wconf 77' lang='lat' dir='ltr'><strong>ex</strong></span> <span class='ocrx_word' id='word_1_379' title='bbox 720 2948 839 3015; x_wconf 86' lang='lat' dir='ltr'><strong>ipso</strong></span> <span class='ocrx_word' id='word_1_380' title='bbox 869 2946 1068 3017; x_wconf 87' lang='lat' dir='ltr'><strong>quippe</strong></span> <span class='ocrx_word' id='word_1_381' title='bbox 1103 2944 1401 3013; x_wconf 36' lang='lat' dir='ltr'><strong>Salomone,</strong></span> <span class='ocrx_word' id='word_1_382' title='bbox 1424 2949 1565 3005; x_wconf 87' lang='lat' dir='ltr'><strong>alius</strong></span> <span class='ocrx_word' id='word_1_383' title='bbox 1594 2956 1854 3006; x_wconf 85' lang='lat' dir='ltr'><strong>venturus</strong></span> <span class='ocrx_word' id='word_1_384' title='bbox 1898 2959 2168 3021; x_wconf 87' lang='lat' dir='ltr'><strong>speratur,</strong></span> 
     </span>
    </p>
   </div>
   <div class='ocr_carea' id='block_1_53' title="bbox 631 3035 2172 3113">
    <p class='ocr_par' dir='ltr' id='par_1_53' title="bbox 631 3035 2172 3113">
     <span class='ocr_line' id='line_1_53' title="bbox 631 3035 2172 3113; baseline 0.004 -24"><span class='ocrx_word' id='word_1_385' title='bbox 631 3044 689 3089; x_wconf 84' lang='lat' dir='ltr'><strong>ut</strong></span> <span class='ocrx_word' id='word_1_386' title='bbox 722 3037 826 3106; x_wconf 88' lang='lat' dir='ltr'><strong>ipsi</strong></span> <span class='ocrx_word' id='word_1_387' title='bbox 855 3035 1179 3106; x_wconf 81' lang='lat' dir='ltr'><strong>promissum</strong></span> <span class='ocrx_word' id='word_1_388' title='bbox 1209 3048 1308 3094; x_wconf 90' lang='lat' dir='ltr'><strong>est.</strong></span> <span class='ocrx_word' id='word_1_389' title='bbox 1336 3038 1392 3093; x_wconf 86' lang='lat' dir='ltr'><strong>Si</strong></span> <span class='ocrx_word' id='word_1_390' title='bbox 1415 3040 1595 3110; x_wconf 87' lang='lat' dir='ltr'><strong>itaque</strong></span> <span class='ocrx_word' id='word_1_391' title='bbox 1621 3042 1915 3098; x_wconf 84' lang='lat' dir='ltr'><strong>secundum</strong></span> <span class='ocrx_word' id='word_1_392' title='bbox 1949 3041 2172 3113; x_wconf 88' lang='lat' dir='ltr'><strong>Septua-</strong></span> 
     </span>
    </p>
   </div>
   <div class='ocr_carea' id='block_1_54' title="bbox 630 3123 2173 3201">
    <p class='ocr_par' dir='ltr' id='par_1_54' title="bbox 630 3123 2173 3201">
     <span class='ocr_line' id='line_1_54' title="bbox 630 3123 2173 3201; baseline 0.003 -22"><span class='ocrx_word' id='word_1_393' title='bbox 630 3126 779 3196; x_wconf 89' lang='lat' dir='ltr'><strong>ginta</strong></span> <span class='ocrx_word' id='word_1_394' title='bbox 826 3123 1183 3196; x_wconf 88' lang='lat' dir='ltr'><strong>lnterpretum</strong></span> <span class='ocrx_word' id='word_1_395' title='bbox 1228 3127 1443 3182; x_wconf 90' lang='lat' dir='ltr'><strong>titulum</strong></span> <span class='ocrx_word' id='word_1_396' title='bbox 1492 3130 1548 3184; x_wconf 91' lang='lat' dir='ltr'><strong>in</strong></span> <span class='ocrx_word' id='word_1_397' title='bbox 1599 3131 1775 3201; x_wconf 88' lang='lat' dir='ltr'><strong>ipsum</strong></span> <span class='ocrx_word' id='word_1_398' title='bbox 1830 3130 2173 3186; x_wconf 88' lang='lat' dir='ltr'><strong>Salomonem</strong></span> 
     </span>
    </p>
   </div>
   <div class='ocr_carea' id='block_1_55' title="bbox 631 3215 2174 3291">
    <p class='ocr_par' dir='ltr' id='par_1_55' title="bbox 631 3215 2174 3291">
     <span class='ocr_line' id='line_1_55' title="bbox 631 3215 2174 3291; baseline 0.003 -21"><span class='ocrx_word' id='word_1_399' title='bbox 631 3217 833 3271; x_wconf 90' lang='lat' dir='ltr'><strong>dictum</strong></span> <span class='ocrx_word' id='word_1_400' title='bbox 868 3215 1037 3272; x_wconf 88' lang='lat' dir='ltr'><strong>fuisse</strong></span> <span class='ocrx_word' id='word_1_401' title='bbox 1065 3219 1330 3287; x_wconf 87' lang='lat' dir='ltr'><strong>psalmum</strong></span> <span class='ocrx_word' id='word_1_402' title='bbox 1376 3221 1761 3291; x_wconf 88' lang='lat' dir='ltr'><strong>intelligamus,</strong></span> <span class='ocrx_word' id='word_1_403' title='bbox 1795 3222 2036 3279; x_wconf 85' lang='lat' dir='ltr'><strong>dicemus</strong></span> <span class='ocrx_word' id='word_1_404' title='bbox 2070 3223 2174 3277; x_wconf 83' lang='lat' dir='ltr'><strong>uti-</strong></span> 
     </span>
    </p>
   </div>
   <div class='ocr_carea' id='block_1_56' title="bbox 632 3305 2171 3383">
    <p class='ocr_par' dir='ltr' id='par_1_56' title="bbox 632 3305 2171 3383">
     <span class='ocr_line' id='line_1_56' title="bbox 632 3305 2171 3383; baseline 0.003 -23"><span class='ocrx_word' id='word_1_405' title='bbox 632 3322 736 3376; x_wconf 89' lang='lat' dir='ltr'><strong>que</strong></span> <span class='ocrx_word' id='word_1_406' title='bbox 786 3305 1041 3378; x_wconf 88' lang='lat' dir='ltr'><strong>Spiritum</strong></span> <span class='ocrx_word' id='word_1_407' title='bbox 1081 3318 1352 3377; x_wconf 80' lang='lat' dir='ltr'><strong>sanctum,</strong></span> <span class='ocrx_word' id='word_1_408' title='bbox 1397 3326 1537 3367; x_wconf 90' lang='lat' dir='ltr'><strong>cum</strong></span> <span class='ocrx_word' id='word_1_409' title='bbox 1574 3327 1674 3381; x_wconf 90' lang='lat' dir='ltr'><strong>pro</strong></span> <span class='ocrx_word' id='word_1_410' title='bbox 1717 3310 1835 3383; x_wconf 91' lang='lat' dir='ltr'><strong>ipso</strong></span> <span class='ocrx_word' id='word_1_411' title='bbox 1877 3314 2171 3367; x_wconf 91' lang='lat' dir='ltr'><strong>orationem</strong></span> 
     </span>
    </p>
   </div>
   <div class='ocr_carea' id='block_1_57' title="bbox 633 3400 2171 3476">
    <p class='ocr_par' dir='ltr' id='par_1_57' title="bbox 633 3400 2171 3476">
     <span class='ocr_line' id='line_1_57' title="bbox 633 3400 2171 3476; baseline 0.005 -24"><span class='ocrx_word' id='word_1_412' title='bbox 633 3400 744 3457; x_wconf 86' lang='lat' dir='ltr'><strong>Deo</strong></span> <span class='ocrx_word' id='word_1_413' title='bbox 798 3403 1067 3459; x_wconf 85' lang='lat' dir='ltr'><strong>emisisset</strong></span> <span class='ocrx_word' id='word_1_414' title='bbox 1120 3404 1175 3457; x_wconf 92' lang='lat' dir='ltr'><strong>in</strong></span> <span class='ocrx_word' id='word_1_415' title='bbox 1237 3405 1411 3473; x_wconf 87' lang='lat' dir='ltr'><strong>primo</strong></span> <span class='ocrx_word' id='word_1_416' title='bbox 1464 3420 1646 3470; x_wconf 91' lang='lat' dir='ltr'><strong>versu,</strong></span> <span class='ocrx_word' id='word_1_417' title='bbox 1706 3407 1798 3476; x_wconf 90' lang='lat' dir='ltr'><strong>qui</strong></span> <span class='ocrx_word' id='word_1_418' title='bbox 1861 3406 1941 3462; x_wconf 87' lang='lat' dir='ltr'><strong>sic</strong></span> <span class='ocrx_word' id='word_1_419' title='bbox 1991 3406 2171 3469; x_wconf 83' lang='lat' dir='ltr'><strong>habet,</strong></span> 
     </span>
    </p>
   </div>
   <div class='ocr_carea' id='block_1_58' title="bbox 638 3490 2173 3564">
    <p class='ocr_par' dir='ltr' id='par_1_58' title="bbox 638 3490 2173 3564">
     <span class='ocr_line' id='line_1_58' title="bbox 638 3490 2173 3564; baseline 0.005 -22"><span class='ocrx_word' id='word_1_420' title='bbox 638 3510 657 3542; x_wconf 79' lang='grc' dir='ltr'><strong>ι</strong></span> <span class='ocrx_word' id='word_1_421' title='bbox 684 3490 1127 3561; x_wconf 83' lang='lat' dir='ltr'><strong>Deus,judicium</strong></span> <span class='ocrx_word' id='word_1_422' title='bbox 1162 3501 1313 3547; x_wconf 92' lang='lat' dir='ltr'><strong>tuum</strong></span> <span class='ocrx_word' id='word_1_423' title='bbox 1346 3495 1457 3564; x_wconf 88' lang='lat' dir='ltr'><strong>regi</strong></span> <span class='ocrx_word' id='word_1_424' title='bbox 1490 3495 1577 3558; x_wconf 89' lang='lat' dir='ltr'><strong>da,</strong></span> <span class='ocrx_word' id='word_1_425' title='bbox 1610 3515 1629 3547; x_wconf 75' lang='grc' dir='ltr'><strong>ι</strong></span> <span class='ocrx_word' id='word_1_426' title='bbox 1665 3496 1719 3550; x_wconf 88' lang='lat' dir='ltr'><strong>id</strong></span> <span class='ocrx_word' id='word_1_427' title='bbox 1751 3503 1833 3551; x_wconf 92' lang='lat' dir='ltr'><strong>est</strong></span> <span class='ocrx_word' id='word_1_428' title='bbox 1863 3496 2173 3560; x_wconf 89' lang='lat' dir='ltr'><strong>Salomoni;</strong></span> 
     </span>
    </p>
   </div>
   <div class='ocr_carea' id='block_1_59' title="bbox 635 3583 2177 3663">
    <p class='ocr_par' dir='ltr' id='par_1_59' title="bbox 635 3583 2177 3663">
     <span class='ocr_line' id='line_1_59' title="bbox 635 3583 2177 3663; baseline 0.002 -26"><span class='ocrx_word' id='word_1_429' title='bbox 635 3598 754 3651; x_wconf 59' lang='lat' dir='ltr'><strong>qua?</strong></span> <span class='ocrx_word' id='word_1_430' title='bbox 782 3592 1083 3653; x_wconf 88' lang='lat' dir='ltr'><strong>sequuntur</strong></span> <span class='ocrx_word' id='word_1_431' title='bbox 1121 3583 1187 3637; x_wconf 90' lang='lat' dir='ltr'><strong>de</strong></span> <span class='ocrx_word' id='word_1_432' title='bbox 1218 3584 1309 3638; x_wconf 92' lang='lat' dir='ltr'><strong>illo</strong></span> <span class='ocrx_word' id='word_1_433' title='bbox 1335 3586 1427 3653; x_wconf 90' lang='lat' dir='ltr'><strong>qui</strong></span> <span class='ocrx_word' id='word_1_434' title='bbox 1457 3585 1525 3639; x_wconf 88' lang='lat' dir='ltr'><strong>ab</strong></span> <span class='ocrx_word' id='word_1_435' title='bbox 1554 3587 1672 3655; x_wconf 89' lang='lat' dir='ltr'><strong>ipso</strong></span> <span class='ocrx_word' id='word_1_436' title='bbox 1702 3588 2013 3642; x_wconf 89' lang='lat' dir='ltr'><strong>nasciturus</strong></span> <span class='ocrx_word' id='word_1_437' title='bbox 2058 3596 2177 3663; x_wconf 74' lang='lat' dir='ltr'><strong>erat</strong></span> 
     </span>
    </p>
   </div>
   <div class='ocr_carea' id='block_1_60' title="bbox 635 3674 2170 3748">
    <p class='ocr_par' dir='ltr' id='par_1_60' title="bbox 635 3674 2170 3748">
     <span class='ocr_line' id='line_1_60' title="bbox 635 3674 2170 3748; baseline 0 -19"><span class='ocrx_word' id='word_1_438' title='bbox 635 3674 836 3730; x_wconf 80' lang='lat' dir='ltr'><strong>dixisse</strong></span> <span class='ocrx_word' id='word_1_439' title='bbox 862 3675 949 3729; x_wconf 91' lang='lat' dir='ltr'><strong>his</strong></span> <span class='ocrx_word' id='word_1_440' title='bbox 978 3674 1177 3736; x_wconf 79' lang='lat' dir='ltr'><strong>verbis,</strong></span> <span class='ocrx_word' id='word_1_441' title='bbox 1220 3692 1237 3724; x_wconf 75' lang='grc' dir='ltr'><strong>ι</strong></span> <span class='ocrx_word' id='word_1_442' title='bbox 1268 3674 1333 3727; x_wconf 86' lang='grc' dir='ltr'>Ει</span> <span class='ocrx_word' id='word_1_443' title='bbox 1356 3676 1623 3743; x_wconf 86' lang='lat' dir='ltr'><strong>justitiam</strong></span> <span class='ocrx_word' id='word_1_444' title='bbox 1646 3683 1793 3730; x_wconf 85' lang='lat' dir='ltr'><strong>tuam</strong></span> <span class='ocrx_word' id='word_1_445' title='bbox 1825 3676 1933 3731; x_wconf 83' lang='lat' dir='ltr'><strong>filio</strong></span> <span class='ocrx_word' id='word_1_446' title='bbox 1959 3678 2122 3748; x_wconf 89' lang='lat' dir='ltr'><strong>regis,</strong></span> <span class='ocrx_word' id='word_1_447' title='bbox 2152 3698 2170 3729; x_wconf 71' lang='grc' dir='ltr'><strong>ι</strong></span> 
     </span>
    </p>
   </div>
   <div class='ocr_carea' id='block_1_61' title="bbox 636 3760 2172 3833">
    <p class='ocr_par' dir='ltr' id='par_1_61' title="bbox 636 3760 2172 3833">
     <span class='ocr_line' id='line_1_61' title="bbox 636 3760 2172 3833; baseline 0.003 -18"><span class='ocrx_word' id='word_1_448' title='bbox 636 3762 687 3815; x_wconf 77' lang='lat' dir='ltr'><strong>id</strong></span> <span class='ocrx_word' id='word_1_449' title='bbox 711 3772 813 3829; x_wconf 89' lang='lat' dir='ltr'><strong>est,</strong></span> <span class='ocrx_word' id='word_1_450' title='bbox 846 3763 945 3833; x_wconf 81' lang='lat' dir='ltr'><strong>ipsi</strong></span> <span class='ocrx_word' id='word_1_451' title='bbox 978 3760 1106 3817; x_wconf 70' lang='lat' dir='ltr'><strong>Iesu</strong></span> <span class='ocrx_word' id='word_1_452' title='bbox 1135 3763 1227 3831; x_wconf 89' lang='lat' dir='ltr'><strong>qui</strong></span> <span class='ocrx_word' id='word_1_453' title='bbox 1263 3778 1327 3818; x_wconf 83' lang='lat' dir='ltr'><strong>ex</strong></span> <span class='ocrx_word' id='word_1_454' title='bbox 1359 3763 1562 3817; x_wconf 90' lang='lat' dir='ltr'><strong>semine</strong></span> <span class='ocrx_word' id='word_1_455' title='bbox 1592 3765 1711 3833; x_wconf 88' lang='lat' dir='ltr'><strong>ejus</strong></span> <span class='ocrx_word' id='word_1_456' title='bbox 1737 3773 1997 3822; x_wconf 88' lang='lat' dir='ltr'><strong>venturus</strong></span> <span class='ocrx_word' id='word_1_457' title='bbox 2038 3776 2172 3821; x_wconf 85' lang='lat' dir='ltr'><strong>erat.</strong></span> 
     </span>
    </p>
   </div>
   <div class='ocr_carea' id='block_1_62' title="bbox 636 3852 2179 3922">
    <p class='ocr_par' dir='ltr' id='par_1_62' title="bbox 636 3852 2179 3922">
     <span class='ocr_line' id='line_1_62' title="bbox 636 3852 2179 3922; baseline 0.006 -19"><span class='ocrx_word' id='word_1_458' title='bbox 636 3852 732 3908; x_wconf 72' lang='lat' dir='ltr'><strong>Vel</strong></span> <span class='ocrx_word' id='word_1_459' title='bbox 758 3854 946 3907; x_wconf 90' lang='lat' dir='ltr'><strong>horum</strong></span> <span class='ocrx_word' id='word_1_460' title='bbox 970 3869 1088 3922; x_wconf 69' lang='lat' dir='ltr'><strong>quae</strong></span> <span class='ocrx_word' id='word_1_461' title='bbox 1127 3858 1421 3908; x_wconf 88' lang='lat' dir='ltr'><strong>tractamus</strong></span> <span class='ocrx_word' id='word_1_462' title='bbox 1453 3855 1575 3909; x_wconf 90' lang='lat' dir='ltr'><strong>talis</strong></span> <span class='ocrx_word' id='word_1_463' title='bbox 1606 3871 1758 3910; x_wconf 87' lang='lat' dir='ltr'><strong>meus</strong></span> <span class='ocrx_word' id='word_1_464' title='bbox 1782 3855 1961 3919; x_wconf 79' lang='lat' dir='ltr'><strong>fuerit,</strong></span> <span class='ocrx_word' id='word_1_465' title='bbox 1993 3859 2179 3913; x_wconf 84' lang='lat' dir='ltr'><strong>decre-</strong></span> 
     </span>
    </p>
   </div>
   <div class='ocr_carea' id='block_1_63' title="bbox 636 3943 2181 4017">
    <p class='ocr_par' dir='ltr' id='par_1_63' title="bbox 636 3943 2181 4017">
     <span class='ocr_line' id='line_1_63' title="bbox 636 3943 2181 4017; baseline 0.007 -24"><span class='ocrx_word' id='word_1_466' title='bbox 636 3951 751 3998; x_wconf 89' lang='lat' dir='ltr'><strong>tum</strong></span> <span class='ocrx_word' id='word_1_467' title='bbox 797 3958 827 3996; x_wconf 89' lang='lat' dir='ltr'><strong>a</strong></span> <span class='ocrx_word' id='word_1_468' title='bbox 864 3943 1060 3997; x_wconf 86' lang='lat' dir='ltr'><strong>deitate</strong></span> <span class='ocrx_word' id='word_1_469' title='bbox 1093 3952 1184 3997; x_wconf 88' lang='lat' dir='ltr'><strong>tua</strong></span> <span class='ocrx_word' id='word_1_470' title='bbox 1239 3944 1440 3999; x_wconf 90' lang='lat' dir='ltr'><strong>editum</strong></span> <span class='ocrx_word' id='word_1_471' title='bbox 1476 3946 1596 4011; x_wconf 89' lang='lat' dir='ltr'><strong>fuit,</strong></span> <span class='ocrx_word' id='word_1_472' title='bbox 1646 3957 1807 4017; x_wconf 91' lang='lat' dir='ltr'><strong>atque</strong></span> <span class='ocrx_word' id='word_1_473' title='bbox 1850 3948 2086 4002; x_wconf 91' lang='lat' dir='ltr'><strong>edictum</strong></span> <span class='ocrx_word' id='word_1_474' title='bbox 2126 3957 2181 4004; x_wconf 89' lang='lat' dir='ltr'><strong>et</strong></span> 
     </span>
    </p>
   </div>
   <div class='ocr_carea' id='block_1_64' title="bbox 635 4033 2176 4105">
    <p class='ocr_par' dir='ltr' id='par_1_64' title="bbox 635 4033 2176 4105">
     <span class='ocr_line' id='line_1_64' title="bbox 635 4033 2176 4105; baseline 0.004 -17"><span class='ocrx_word' id='word_1_475' title='bbox 635 4033 895 4103; x_wconf 79' lang='lat' dir='ltr'><strong>judicium</strong></span> <span class='ocrx_word' id='word_1_476' title='bbox 936 4035 1141 4103; x_wconf 73' lang='lat' dir='ltr'><strong>regium</strong></span> <span class='ocrx_word' id='word_1_477' title='bbox 1190 4049 1252 4088; x_wconf 83' lang='lat' dir='ltr'><strong>ex</strong></span> <span class='ocrx_word' id='word_1_478' title='bbox 1309 4035 1511 4104; x_wconf 85' lang='lat' dir='ltr'><strong>Spiritu</strong></span> <span class='ocrx_word' id='word_1_479' title='bbox 1552 4043 1649 4091; x_wconf 92' lang='lat' dir='ltr'><strong>tuo</strong></span> <span class='ocrx_word' id='word_1_480' title='bbox 1689 4038 2041 4093; x_wconf 84' lang='lat' dir='ltr'><strong>constitutum</strong></span> <span class='ocrx_word' id='word_1_481' title='bbox 2073 4048 2176 4105; x_wconf 90' lang='lat' dir='ltr'><strong>est,</strong></span> 
     </span>
    </p>
   </div>
   <div class='ocr_carea' id='block_1_65' title="bbox 642 4123 2177 4194">
    <p class='ocr_par' dir='ltr' id='par_1_65' title="bbox 642 4123 2177 4194">
     <span class='ocr_line' id='line_1_65' title="bbox 642 4123 2177 4194; baseline 0.003 -15"><span class='ocrx_word' id='word_1_482' title='bbox 642 4132 699 4179; x_wconf 90' lang='lat' dir='ltr'><strong>ut</strong></span> <span class='ocrx_word' id='word_1_483' title='bbox 725 4140 788 4179; x_wconf 81' lang='lat' dir='ltr'><strong>ex</strong></span> <span class='ocrx_word' id='word_1_484' title='bbox 822 4123 1123 4179; x_wconf 87' lang='lat' dir='ltr'><strong>Salomonis</strong></span> <span class='ocrx_word' id='word_1_485' title='bbox 1168 4126 1318 4194; x_wconf 85' lang='lat' dir='ltr'><strong>prole</strong></span> <span class='ocrx_word' id='word_1_486' title='bbox 1363 4124 1617 4180; x_wconf 89' lang='lat' dir='ltr'><strong>Servator</strong></span> <span class='ocrx_word' id='word_1_487' title='bbox 1657 4128 1843 4182; x_wconf 86' lang='lat' dir='ltr'><strong>mundi</strong></span> <span class='ocrx_word' id='word_1_488' title='bbox 1880 4130 2177 4184; x_wconf 90' lang='lat' dir='ltr'><strong>secundum</strong></span> 
     </span>
    </p>
   </div>
   <div class='ocr_carea' id='block_1_66' title="bbox 640 4212 2178 4284">
    <p class='ocr_par' dir='ltr' id='par_1_66' title="bbox 640 4212 2178 4284">
     <span class='ocr_line' id='line_1_66' title="bbox 640 4212 2178 4284; baseline 0.005 -17"><span class='ocrx_word' id='word_1_489' title='bbox 640 4229 856 4268; x_wconf 85' lang='lat' dir='ltr'><strong>carnem</strong></span> <span class='ocrx_word' id='word_1_490' title='bbox 884 4212 1296 4283; x_wconf 82' lang='lat' dir='ltr'><strong>gignatur.‘Hoc</strong></span> <span class='ocrx_word' id='word_1_491' title='bbox 1331 4213 1494 4284; x_wconf 87' lang='lat' dir='ltr'><strong>igitur</strong></span> <span class='ocrx_word' id='word_1_492' title='bbox 1514 4214 1779 4282; x_wconf 86' lang='lat' dir='ltr'><strong>judicium</strong></span> <span class='ocrx_word' id='word_1_493' title='bbox 1813 4226 1985 4282; x_wconf 87' lang='lat' dir='ltr'><strong>tuum,</strong></span> <span class='ocrx_word' id='word_1_494' title='bbox 2016 4221 2178 4281; x_wconf 85' lang='lat' dir='ltr'><strong>Deus,</strong></span> 
     </span>
    </p>
   </div>
   <div class='ocr_carea' id='block_1_67' title="bbox 640 4302 2183 4371">
    <p class='ocr_par' dir='ltr' id='par_1_67' title="bbox 640 4302 2183 4371">
     <span class='ocr_line' id='line_1_67' title="bbox 640 4302 2183 4371; baseline 0.006 -18"><span class='ocrx_word' id='word_1_495' title='bbox 640 4318 784 4357; x_wconf 83' lang='lat' dir='ltr'><strong>nunc</strong></span> <span class='ocrx_word' id='word_1_496' title='bbox 822 4302 1037 4356; x_wconf 89' lang='lat' dir='ltr'><strong>tandem</strong></span> <span class='ocrx_word' id='word_1_497' title='bbox 1070 4303 1182 4371; x_wconf 89' lang='lat' dir='ltr'><strong>regi</strong></span> <span class='ocrx_word' id='word_1_498' title='bbox 1210 4303 1297 4369; x_wconf 87' lang='lat' dir='ltr'><strong>da,</strong></span> <span class='ocrx_word' id='word_1_499' title='bbox 1331 4302 1537 4357; x_wconf 86' lang='lat' dir='ltr'><strong>scilicet</strong></span> <span class='ocrx_word' id='word_1_500' title='bbox 1584 4302 1986 4370; x_wconf 74' lang='lat' dir='ltr'><strong>Salomoni,,ut</strong></span> <span class='ocrx_word' id='word_1_501' title='bbox 2020 4311 2183 4363; x_wconf 85' lang='lat' dir='ltr'><strong>verba</strong></span> 
     </span>
    </p>
   </div>
   <div class='ocr_carea' id='block_1_68' title="bbox 2266 2220 3795 2303">
    <p class='ocr_par' dir='ltr' id='par_1_68' title="bbox 2266 2220 3795 2303">
     <span class='ocr_line' id='line_1_68' title="bbox 2266 2220 3795 2303; baseline 0.009 -30"><span class='ocrx_word' id='word_1_502' title='bbox 2266 2220 2548 2290; x_wconf 85' lang='grc' dir='ltr'>τευόμενον</span> <span class='ocrx_word' id='word_1_503' title='bbox 2576 2223 2807 2293; x_wconf 82' lang='grc' dir='ltr'>Χριστὸν</span> <span class='ocrx_word' id='word_1_504' title='bbox 2837 2225 2930 2278; x_wconf 87' lang='grc' dir='ltr'><strong>ἁνυ</strong></span> <span class='ocrx_word' id='word_1_505' title='bbox 2939 2227 3179 2295; x_wconf 84' lang='grc' dir='ltr'>μνουσῶν</span> <span class='ocrx_word' id='word_1_506' title='bbox 3199 2245 3211 2258; x_wconf 87' lang='grc'><strong>·</strong></span> <span class='ocrx_word' id='word_1_507' title='bbox 3245 2230 3428 2301; x_wconf 76' lang='grc' dir='ltr'>ἐπειδὴ</span> <span class='ocrx_word' id='word_1_508' title='bbox 3449 2233 3591 2294; x_wconf 74' lang='grc' dir='ltr'>εἰκὸς</span> <span class='ocrx_word' id='word_1_509' title='bbox 3609 2229 3669 2303; x_wconf 83' lang='grc' dir='ltr'>ἦν</span> <span class='ocrx_word' id='word_1_510' title='bbox 3689 2235 3795 2287; x_wconf 78' lang='grc' dir='ltr'>ὑπο-</span> 
     </span>
    </p>
   </div>
   <div class='ocr_carea' id='block_1_69' title="bbox 2263 2302 3780 2393">
    <p class='ocr_par' dir='ltr' id='par_1_69' title="bbox 2263 2302 3780 2393">
     <span class='ocr_line' id='line_1_69' title="bbox 2263 2302 3780 2393; baseline 0.008 -29"><span class='ocrx_word' id='word_1_511' title='bbox 2263 2311 2443 2366; x_wconf 75' lang='grc' dir='ltr'>λαϐεῖν</span> <span class='ocrx_word' id='word_1_512' title='bbox 2472 2330 2621 2375; x_wconf 91' lang='grc' dir='ltr'>τινας</span> <span class='ocrx_word' id='word_1_513' title='bbox 2646 2314 2735 2367; x_wconf 86' lang='grc' dir='ltr'><strong>τὸν</strong></span> <span class='ocrx_word' id='word_1_514' title='bbox 2752 2315 3068 2385; x_wconf 77' lang='grc' dir='ltr'>Σολομῶντα</span> <span class='ocrx_word' id='word_1_515' title='bbox 3081 2318 3365 2387; x_wconf 83' lang='grc' dir='ltr'>δηλοῦσθαι</span> <span class='ocrx_word' id='word_1_516' title='bbox 3397 2322 3462 2373; x_wconf 79' lang='grc' dir='ltr'>δι’</span> <span class='ocrx_word' id='word_1_517' title='bbox 3486 2302 3683 2375; x_wconf 74' lang='grc' dir='ltr'>αὐτῶν·</span> <span class='ocrx_word' id='word_1_518' title='bbox 3712 2302 3780 2393; x_wconf 75' lang='grc' dir='ltr'><strong>μό</strong></span> 
     </span>
    </p>
   </div>
   <div class='ocr_carea' id='block_1_70' title="bbox 2266 2396 3793 2482">
    <p class='ocr_par' dir='ltr' id='par_1_70' title="bbox 2266 2396 3793 2482">
     <span class='ocr_line' id='line_1_70' title="bbox 2266 2396 3793 2482; baseline 0.007 -27"><span class='ocrx_word' id='word_1_519' title='bbox 2266 2420 2355 2467; x_wconf 89' lang='grc' dir='ltr'><strong>νος</strong></span> <span class='ocrx_word' id='word_1_520' title='bbox 2379 2403 2486 2474; x_wconf 77' lang='grc' dir='ltr'>γὰρ</span> <span class='ocrx_word' id='word_1_521' title='bbox 2513 2396 2665 2467; x_wconf 77' lang='grc' dir='ltr'>οὗτος</span> <span class='ocrx_word' id='word_1_522' title='bbox 2696 2404 2802 2457; x_wconf 90' lang='grc' dir='ltr'><strong>τῶν</strong></span> <span class='ocrx_word' id='word_1_523' title='bbox 2836 2405 2963 2459; x_wconf 80' lang='grc' dir='ltr'>υἱῶν</span> <span class='ocrx_word' id='word_1_524' title='bbox 3005 2408 3163 2461; x_wconf 81' lang='grc' dir='ltr'><strong>Δαυῖδ</strong></span> <span class='ocrx_word' id='word_1_525' title='bbox 3195 2410 3539 2481; x_wconf 75' lang='grc' dir='ltr'>ἐπιδοξότατα</span> <span class='ocrx_word' id='word_1_526' title='bbox 3576 2412 3793 2482; x_wconf 66' lang='grc' dir='ltr'>βασιλεὺς</span> 
     </span>
    </p>
   </div>
   <div class='ocr_carea' id='block_1_71' title="bbox 2269 2495 3794 2577">
    <p class='ocr_par' dir='ltr' id='par_1_71' title="bbox 2269 2495 3794 2577">
     <span class='ocr_line' id='line_1_71' title="bbox 2269 2495 3794 2577; baseline 0.007 -30"><span class='ocrx_word' id='word_1_527' title='bbox 2269 2511 2385 2559; x_wconf 87' lang='grc' dir='ltr'>σας,</span> <span class='ocrx_word' id='word_1_528' title='bbox 2414 2498 2505 2548; x_wconf 82' lang='grc' dir='ltr'><strong>καὶ</strong></span> <span class='ocrx_word' id='word_1_529' title='bbox 2534 2495 2625 2550; x_wconf 90' lang='grc' dir='ltr'><strong>τὸν</strong></span> <span class='ocrx_word' id='word_1_530' title='bbox 2661 2496 2791 2551; x_wconf 87' lang='grc' dir='ltr'>νεὼν</span> <span class='ocrx_word' id='word_1_531' title='bbox 2816 2498 2999 2569; x_wconf 82' lang='grc' dir='ltr'>ῆγειρε</span> <span class='ocrx_word' id='word_1_532' title='bbox 3026 2499 3103 2570; x_wconf 82' lang='grc' dir='ltr'>τῷ</span> <span class='ocrx_word' id='word_1_533' title='bbox 3134 2500 3267 2571; x_wconf 83' lang='grc' dir='ltr'>Θεῷ,</span> <span class='ocrx_word' id='word_1_534' title='bbox 3300 2505 3393 2556; x_wconf 77' lang='grc' dir='ltr'>καὶ</span> <span class='ocrx_word' id='word_1_535' title='bbox 3417 2505 3575 2574; x_wconf 79' lang='grc' dir='ltr'>σοφίᾳ</span> <span class='ocrx_word' id='word_1_536' title='bbox 3594 2505 3794 2577; x_wconf 81' lang='grc' dir='ltr'>διαπρέ-</span> 
     </span>
    </p>
   </div>
   <div class='ocr_carea' id='block_1_72' title="bbox 2267 2585 3793 2665">
    <p class='ocr_par' dir='ltr' id='par_1_72' title="bbox 2267 2585 3793 2665">
     <span class='ocr_line' id='line_1_72' title="bbox 2267 2585 3793 2665; baseline 0.007 -29"><span class='ocrx_word' id='word_1_537' title='bbox 2267 2585 2362 2654; x_wconf 74' lang='grc' dir='ltr'><strong>ψαι</strong></span> <span class='ocrx_word' id='word_1_538' title='bbox 2398 2586 2807 2658; x_wconf 86' lang='grc' dir='ltr'>μεμαρτύρηται</span> <span class='ocrx_word' id='word_1_539' title='bbox 2826 2604 2840 2619; x_wconf 76' lang='grc' dir='ltr'><strong><em>ο</em></strong></span> <span class='ocrx_word' id='word_1_540' title='bbox 2870 2589 3225 2661; x_wconf 73' lang='grc' dir='ltr'>ἀναγκαίωςὴ</span> <span class='ocrx_word' id='word_1_541' title='bbox 3252 2594 3581 2664; x_wconf 81' lang='grc' dir='ltr'>προκειμένη</span> <span class='ocrx_word' id='word_1_542' title='bbox 3609 2611 3793 2665; x_wconf 84' lang='grc' dir='ltr'>προφη-</span> 
     </span>
    </p>
   </div>
   <div class='ocr_carea' id='block_1_73' title="bbox 2266 2674 3795 2750">
    <p class='ocr_par' dir='ltr' id='par_1_73' title="bbox 2266 2674 3795 2750">
     <span class='ocr_line' id='line_1_73' title="bbox 2266 2674 3795 2750; baseline 0.006 -26"><span class='ocrx_word' id='word_1_543' title='bbox 2266 2674 2385 2725; x_wconf 83' lang='grc' dir='ltr'>τεία</span> <span class='ocrx_word' id='word_1_544' title='bbox 2424 2692 2442 2724; x_wconf 88' lang='grc'><strong><em>‹</em></strong></span> <span class='ocrx_word' id='word_1_545' title='bbox 2470 2676 2549 2738; x_wconf 86' lang='grc' dir='ltr'>εἰς</span> <span class='ocrx_word' id='word_1_546' title='bbox 2574 2675 2889 2746; x_wconf 89' lang='grc' dir='ltr'>Σολομῶντα</span> <span class='ocrx_word' id='word_1_547' title='bbox 2915 2695 2932 2727; x_wconf 74' lang='grc' dir='ltr'><strong>ι</strong></span> <span class='ocrx_word' id='word_1_548' title='bbox 2968 2677 3392 2749; x_wconf 77' lang='grc' dir='ltr'>ἐπιγέγραπται·</span> <span class='ocrx_word' id='word_1_549' title='bbox 3437 2680 3468 2750; x_wconf 80' lang='grc' dir='ltr'>ἢ</span> <span class='ocrx_word' id='word_1_550' title='bbox 3512 2683 3668 2733; x_wconf 80' lang='grc' dir='ltr'>αὑτοῦ</span> <span class='ocrx_word' id='word_1_551' title='bbox 3713 2681 3795 2734; x_wconf 87' lang='grc' dir='ltr'><strong>τοῦ</strong></span> 
     </span>
    </p>
   </div>
   <div class='ocr_carea' id='block_1_74' title="bbox 2271 2762 3794 2840">
    <p class='ocr_par' dir='ltr' id='par_1_74' title="bbox 2271 2762 3794 2840">
     <span class='ocr_line' id='line_1_74' title="bbox 2271 2762 3794 2840; baseline 0.007 -26"><span class='ocrx_word' id='word_1_552' title='bbox 2271 2763 2608 2833; x_wconf 79' lang='grc' dir='ltr'>Σολομῶντος</span> <span class='ocrx_word' id='word_1_553' title='bbox 2637 2762 2772 2818; x_wconf 81' lang='grc' dir='ltr'>εἶναι</span> <span class='ocrx_word' id='word_1_554' title='bbox 2794 2765 3037 2819; x_wconf 85' lang='grc' dir='ltr'>λέλεκται</span> <span class='ocrx_word' id='word_1_555' title='bbox 3056 2783 3068 2796; x_wconf 81' lang='grc'><em>’</em></span> <span class='ocrx_word' id='word_1_556' title='bbox 3095 2767 3180 2819; x_wconf 79' lang='grc' dir='ltr'><strong>ἵνα</strong></span> <span class='ocrx_word' id='word_1_557' title='bbox 3201 2769 3390 2838; x_wconf 84' lang='grc' dir='ltr'>μηκέτι</span> <span class='ocrx_word' id='word_1_558' title='bbox 3415 2771 3573 2832; x_wconf 77' lang='grc' dir='ltr'>αὐτὸς</span> <span class='ocrx_word' id='word_1_559' title='bbox 3602 2771 3794 2840; x_wconf 79' lang='grc' dir='ltr'>νομίζη-</span> 
     </span>
    </p>
   </div>
   <div class='ocr_carea' id='block_1_75' title="bbox 2270 2852 3795 2925">
    <p class='ocr_par' dir='ltr' id='par_1_75' title="bbox 2270 2852 3795 2925">
     <span class='ocr_line' id='line_1_75' title="bbox 2270 2852 3795 2925; baseline 0.006 -22"><span class='ocrx_word' id='word_1_560' title='bbox 2270 2869 2357 2904; x_wconf 88' lang='grc' dir='ltr'><strong>ται</strong></span> <span class='ocrx_word' id='word_1_561' title='bbox 2386 2853 2416 2903; x_wconf 87' lang='grc' dir='ltr'><strong>ό</strong></span> <span class='ocrx_word' id='word_1_562' title='bbox 2449 2854 2888 2923; x_wconf 79' lang='grc' dir='ltr'>προσδοκώμενος</span> <span class='ocrx_word' id='word_1_563' title='bbox 2940 2852 3078 2907; x_wconf 76' lang='grc' dir='ltr'>εἶναι</span> <span class='ocrx_word' id='word_1_564' title='bbox 3119 2858 3182 2909; x_wconf 83' lang='grc' dir='ltr'>ἐκ</span> <span class='ocrx_word' id='word_1_565' title='bbox 3223 2857 3418 2910; x_wconf 80' lang='grc' dir='ltr'>Δαυῒδ’</span> <span class='ocrx_word' id='word_1_566' title='bbox 3471 2859 3528 2925; x_wconf 72' lang='grc' dir='ltr'>ἐξ</span> <span class='ocrx_word' id='word_1_567' title='bbox 3580 2861 3795 2913; x_wconf 83' lang='grc' dir='ltr'>αύτοῦδὲ</span> 
     </span>
    </p>
   </div>
   <div class='ocr_carea' id='block_1_76' title="bbox 2273 2942 3794 3020">
    <p class='ocr_par' dir='ltr' id='par_1_76' title="bbox 2273 2942 3794 3020">
     <span class='ocr_line' id='line_1_76' title="bbox 2273 2942 3794 3020; baseline 0.003 -24"><span class='ocrx_word' id='word_1_568' title='bbox 2273 2942 2606 3013; x_wconf 85' lang='grc' dir='ltr'>Σολομῶντος</span> <span class='ocrx_word' id='word_1_569' title='bbox 2635 2942 2903 3007; x_wconf 79' lang='grc' dir='ltr'>ὲλπὶζεται</span> <span class='ocrx_word' id='word_1_570' title='bbox 2934 2945 3115 3016; x_wconf 79' lang='grc' dir='ltr'>ἕτερος</span> <span class='ocrx_word' id='word_1_571' title='bbox 3138 2947 3166 2997; x_wconf 92' lang='lat'><strong>6</strong></span> <span class='ocrx_word' id='word_1_572' title='bbox 3191 2948 3283 3000; x_wconf 76' lang='grc' dir='ltr'>καὶ</span> <span class='ocrx_word' id='word_1_573' title='bbox 3310 2949 3455 3018; x_wconf 77' lang='grc' dir='ltr'>αὐτῷ</span> <span class='ocrx_word' id='word_1_574' title='bbox 3488 2950 3794 3020; x_wconf 75' lang='grc' dir='ltr'>ἐπηγγελμέρ</span> 
     </span>
    </p>
   </div>
   <div class='ocr_carea' id='block_1_77' title="bbox 2274 3030 3800 3109">
    <p class='ocr_par' dir='ltr' id='par_1_77' title="bbox 2274 3030 3800 3109">
     <span class='ocr_line' id='line_1_77' title="bbox 2274 3030 3800 3109; baseline 0.005 -22"><span class='ocrx_word' id='word_1_575' title='bbox 2274 3053 2380 3099; x_wconf 85' lang='grc' dir='ltr'>νος.</span> <span class='ocrx_word' id='word_1_576' title='bbox 2398 3036 2521 3088; x_wconf 87' lang='grc' dir='ltr'><strong>Ἐὰν</strong></span> <span class='ocrx_word' id='word_1_577' title='bbox 2553 3034 2650 3105; x_wconf 85' lang='grc' dir='ltr'><strong>μὲν</strong></span> <span class='ocrx_word' id='word_1_578' title='bbox 2674 3030 2765 3088; x_wconf 83' lang='grc' dir='ltr'><strong>οὖν</strong></span> <span class='ocrx_word' id='word_1_579' title='bbox 2799 3036 3135 3105; x_wconf 76' lang='grc' dir='ltr'>ὲκδεξῶμεθα</span> <span class='ocrx_word' id='word_1_580' title='bbox 3162 3038 3241 3099; x_wconf 75' lang='grc' dir='ltr'>εἰς</span> <span class='ocrx_word' id='word_1_581' title='bbox 3272 3039 3431 3091; x_wconf 80' lang='grc' dir='ltr'>αὐτὸν</span> <span class='ocrx_word' id='word_1_582' title='bbox 3456 3039 3694 3109; x_wconf 82' lang='grc' dir='ltr'>εἰρῆσθαι</span> <span class='ocrx_word' id='word_1_583' title='bbox 3720 3043 3800 3094; x_wconf 76' lang='grc' dir='ltr'><strong>τὸν</strong></span> 
     </span>
    </p>
   </div>
   <div class='ocr_carea' id='block_1_78' title="bbox 2276 3123 3800 3200">
    <p class='ocr_par' dir='ltr' id='par_1_78' title="bbox 2276 3123 3800 3200">
     <span class='ocr_line' id='line_1_78' title="bbox 2276 3123 3800 3200; baseline 0.003 -21"><span class='ocrx_word' id='word_1_584' title='bbox 2276 3124 2585 3196; x_wconf 78' lang='grc' dir='ltr'>Σολομῶντα</span> <span class='ocrx_word' id='word_1_585' title='bbox 2605 3123 2693 3177; x_wconf 88' lang='grc' dir='ltr'><strong>τὸν</strong></span> <span class='ocrx_word' id='word_1_586' title='bbox 2716 3124 2925 3194; x_wconf 78' lang='grc' dir='ltr'>ψαλμὸν</span> <span class='ocrx_word' id='word_1_587' title='bbox 2968 3125 3108 3178; x_wconf 83' lang='grc' dir='ltr'>κατὰ</span> <span class='ocrx_word' id='word_1_588' title='bbox 3150 3128 3245 3197; x_wconf 83' lang='grc' dir='ltr'>τὴν</span> <span class='ocrx_word' id='word_1_589' title='bbox 3282 3126 3388 3179; x_wconf 86' lang='grc' dir='ltr'><strong>τῶν</strong></span> <span class='ocrx_word' id='word_1_590' title='bbox 3429 3128 3800 3200; x_wconf 71' lang='grc' dir='ltr'><strong>ἙϐδομήκοντιιΔ</strong></span> 
     </span>
    </p>
   </div>
   <div class='ocr_carea' id='block_1_79' title="bbox 2278 3216 3797 3292">
    <p class='ocr_par' dir='ltr' id='par_1_79' title="bbox 2278 3216 3797 3292">
     <span class='ocr_line' id='line_1_79' title="bbox 2278 3216 3797 3292; baseline 0.004 -23"><span class='ocrx_word' id='word_1_591' title='bbox 2278 3218 2613 3288; x_wconf 82' lang='grc' dir='ltr'>προγραφὴν,</span> <span class='ocrx_word' id='word_1_592' title='bbox 2640 3216 2889 3287; x_wconf 82' lang='grc' dir='ltr'>ἐροῦμεν,</span> <span class='ocrx_word' id='word_1_593' title='bbox 2925 3217 3006 3269; x_wconf 83' lang='grc' dir='ltr'>ὅτι</span> <span class='ocrx_word' id='word_1_594' title='bbox 3051 3217 3112 3269; x_wconf 86' lang='grc' dir='ltr'><strong>τὸ</strong></span> <span class='ocrx_word' id='word_1_595' title='bbox 3151 3217 3371 3288; x_wconf 77' lang='grc' dir='ltr'>Πνεῦμα</span> <span class='ocrx_word' id='word_1_596' title='bbox 3409 3219 3468 3271; x_wconf 86' lang='grc' dir='ltr'><strong>τὸ</strong></span> <span class='ocrx_word' id='word_1_597' title='bbox 3496 3221 3659 3287; x_wconf 76' lang='grc' dir='ltr'>ἅγιον,</span> <span class='ocrx_word' id='word_1_598' title='bbox 3687 3224 3797 3292; x_wconf 78' lang='grc' dir='ltr'>περὶ</span> 
     </span>
    </p>
   </div>
   <div class='ocr_carea' id='block_1_80' title="bbox 2276 3306 3796 3382">
    <p class='ocr_par' dir='ltr' id='par_1_80' title="bbox 2276 3306 3796 3382">
     <span class='ocr_line' id='line_1_80' title="bbox 2276 3306 3796 3382; baseline 0.001 -22"><span class='ocrx_word' id='word_1_599' title='bbox 2276 3307 2436 3361; x_wconf 82' lang='grc' dir='ltr'>αὑτοῦ</span> <span class='ocrx_word' id='word_1_600' title='bbox 2474 3308 2568 3377; x_wconf 85' lang='grc' dir='ltr'>τὴν</span> <span class='ocrx_word' id='word_1_601' title='bbox 2596 3306 2756 3376; x_wconf 78' lang='grc' dir='ltr'>εὐχὴν</span> <span class='ocrx_word' id='word_1_602' title='bbox 2782 3307 3105 3377; x_wconf 72' lang='grc' dir='ltr'>ἀναπέμψειν</span> <span class='ocrx_word' id='word_1_603' title='bbox 3134 3308 3210 3379; x_wconf 79' lang='grc' dir='ltr'>τῷ</span> <span class='ocrx_word' id='word_1_604' title='bbox 3233 3308 3348 3379; x_wconf 85' lang='grc' dir='ltr'>Θεῷ</span> <span class='ocrx_word' id='word_1_605' title='bbox 3375 3309 3461 3363; x_wconf 86' lang='grc' dir='ltr'>διὰ</span> <span class='ocrx_word' id='word_1_606' title='bbox 3488 3310 3578 3363; x_wconf 88' lang='grc' dir='ltr'><strong>τοῦ</strong></span> <span class='ocrx_word' id='word_1_607' title='bbox 3609 3310 3796 3382; x_wconf 81' lang='grc' dir='ltr'>πρώτου</span> 
     </span>
    </p>
   </div>
   <div class='ocr_carea' id='block_1_81' title="bbox 2276 3390 3798 3472">
    <p class='ocr_par' dir='ltr' id='par_1_81' title="bbox 2276 3390 3798 3472">
     <span class='ocr_line' id='line_1_81' title="bbox 2276 3390 3798 3472; baseline 0.002 -21"><span class='ocrx_word' id='word_1_608' title='bbox 2276 3400 2476 3468; x_wconf 82' lang='grc' dir='ltr'>στίχου,</span> <span class='ocrx_word' id='word_1_609' title='bbox 2510 3398 2573 3450; x_wconf 77' lang='grc' dir='ltr'>δι’</span> <span class='ocrx_word' id='word_1_610' title='bbox 2598 3390 2659 3450; x_wconf 76' lang='grc' dir='ltr'>οὗ</span> <span class='ocrx_word' id='word_1_611' title='bbox 2691 3398 2931 3469; x_wconf 77' lang='grc' dir='ltr'>εἴρηται·</span> <span class='ocrx_word' id='word_1_612' title='bbox 2975 3417 2991 3448; x_wconf 79' lang='grc' dir='ltr'><strong>ι</strong></span> <span class='ocrx_word' id='word_1_613' title='bbox 3014 3399 3071 3451; x_wconf 86' lang='grc' dir='ltr'>ὐ</span> <span class='ocrx_word' id='word_1_614' title='bbox 3109 3398 3258 3464; x_wconf 87' lang='grc' dir='ltr'>Θεὸς,</span> <span class='ocrx_word' id='word_1_615' title='bbox 3290 3400 3352 3453; x_wconf 84' lang='grc' dir='ltr'><strong>τὸ</strong></span> <span class='ocrx_word' id='word_1_616' title='bbox 3398 3402 3566 3472; x_wconf 82' lang='grc' dir='ltr'>κρίμα</span> <span class='ocrx_word' id='word_1_617' title='bbox 3610 3419 3694 3456; x_wconf 86' lang='grc' dir='ltr'><strong>σου</strong></span> <span class='ocrx_word' id='word_1_618' title='bbox 3731 3402 3798 3471; x_wconf 81' lang='grc' dir='ltr'>τῷ</span> 
     </span>
    </p>
   </div>
   <div class='ocr_carea' id='block_1_82' title="bbox 2278 3488 3797 3564">
    <p class='ocr_par' dir='ltr' id='par_1_82' title="bbox 2278 3488 3797 3564">
     <span class='ocr_line' id='line_1_82' title="bbox 2278 3488 3797 3564; baseline 0.001 -23"><span class='ocrx_word' id='word_1_619' title='bbox 2278 3488 2479 3558; x_wconf 83' lang='grc' dir='ltr'>βασιλεῖ</span> <span class='ocrx_word' id='word_1_620' title='bbox 2502 3489 2606 3551; x_wconf 86' lang='grc' dir='ltr'>δὸς,</span> <span class='ocrx_word' id='word_1_621' title='bbox 2633 3508 2651 3539; x_wconf 72' lang='grc' dir='ltr'><strong>ι</strong></span> <span class='ocrx_word' id='word_1_622' title='bbox 2686 3490 2924 3543; x_wconf 81' lang='grc' dir='ltr'>τουτέστι</span> <span class='ocrx_word' id='word_1_623' title='bbox 2953 3489 3031 3559; x_wconf 82' lang='grc' dir='ltr'>τῷ</span> <span class='ocrx_word' id='word_1_624' title='bbox 3058 3491 3380 3560; x_wconf 88' lang='grc' dir='ltr'>Σολομῶντι,</span> <span class='ocrx_word' id='word_1_625' title='bbox 3397 3492 3486 3545; x_wconf 86' lang='grc' dir='ltr'><strong>τὸν</strong></span> <span class='ocrx_word' id='word_1_626' title='bbox 3516 3492 3635 3564; x_wconf 76' lang='grc' dir='ltr'>ἑξῆς</span> <span class='ocrx_word' id='word_1_627' title='bbox 3661 3493 3797 3561; x_wconf 66' lang='grc' dir='ltr'>λόγον</span> 
     </span>
    </p>
   </div>
   <div class='ocr_carea' id='block_1_83' title="bbox 2276 3580 3794 3652">
    <p class='ocr_par' dir='ltr' id='par_1_83' title="bbox 2276 3580 3794 3652">
     <span class='ocr_line' id='line_1_83' title="bbox 2276 3580 3794 3652; baseline 0.001 -21"><span class='ocrx_word' id='word_1_628' title='bbox 2276 3582 2401 3651; x_wconf 68' lang='grc' dir='ltr'>περὶ</span> <span class='ocrx_word' id='word_1_629' title='bbox 2420 3580 2510 3633; x_wconf 89' lang='grc' dir='ltr'><strong>τοῦ</strong></span> <span class='ocrx_word' id='word_1_630' title='bbox 2532 3580 2588 3646; x_wconf 76' lang='grc' dir='ltr'><strong>ἐξ</strong></span> <span class='ocrx_word' id='word_1_631' title='bbox 2608 3581 2770 3633; x_wconf 80' lang='grc' dir='ltr'>αὑτοῦ</span> <span class='ocrx_word' id='word_1_632' title='bbox 2796 3581 3152 3652; x_wconf 78' lang='grc' dir='ltr'>γενησομένου</span> <span class='ocrx_word' id='word_1_633' title='bbox 3177 3585 3405 3635; x_wconf 81' lang='grc' dir='ltr'>ποιεῖται</span> <span class='ocrx_word' id='word_1_634' title='bbox 3423 3600 3436 3612; x_wconf 84' lang='grc'><em>’</em></span> <span class='ocrx_word' id='word_1_635' title='bbox 3459 3583 3538 3637; x_wconf 83' lang='grc' dir='ltr'><strong>διὸ</strong></span> <span class='ocrx_word' id='word_1_636' title='bbox 3561 3584 3794 3650; x_wconf 79' lang='grc' dir='ltr'>ἐπιλέγει·</span> 
     </span>
    </p>
   </div>
   <div class='ocr_carea' id='block_1_84' title="bbox 2282 3672 3791 3743">
    <p class='ocr_par' dir='ltr' id='par_1_84' title="bbox 2282 3672 3791 3743">
     <span class='ocr_line' id='line_1_84' title="bbox 2282 3672 3791 3743; baseline 0.002 -23"><span class='ocrx_word' id='word_1_637' title='bbox 2282 3690 2299 3719; x_wconf 74' lang='grc' dir='ltr'><strong>ι</strong></span> <span class='ocrx_word' id='word_1_638' title='bbox 2329 3672 2434 3723; x_wconf 76' lang='grc' dir='ltr'>Καὶ</span> <span class='ocrx_word' id='word_1_639' title='bbox 2475 3673 2572 3741; x_wconf 82' lang='grc' dir='ltr'><strong>τὴν</strong></span> <span class='ocrx_word' id='word_1_640' title='bbox 2614 3672 2953 3741; x_wconf 86' lang='grc' dir='ltr'>δικαιοσύνην</span> <span class='ocrx_word' id='word_1_641' title='bbox 2987 3689 3077 3724; x_wconf 90' lang='grc' dir='ltr'><strong>σου</strong></span> <span class='ocrx_word' id='word_1_642' title='bbox 3111 3672 3187 3741; x_wconf 83' lang='grc' dir='ltr'>τῷ</span> <span class='ocrx_word' id='word_1_643' title='bbox 3225 3672 3323 3742; x_wconf 80' lang='grc' dir='ltr'><strong>υἱῷ</strong></span> <span class='ocrx_word' id='word_1_644' title='bbox 3347 3674 3438 3726; x_wconf 82' lang='grc' dir='ltr'><strong>τοῦ</strong></span> <span class='ocrx_word' id='word_1_645' title='bbox 3470 3674 3740 3743; x_wconf 80' lang='grc' dir='ltr'>βασιλέως·</span> <span class='ocrx_word' id='word_1_646' title='bbox 3775 3693 3791 3723; x_wconf 80' lang='grc' dir='ltr'><strong>ι</strong></span> 
     </span>
    </p>
   </div>
   <div class='ocr_carea' id='block_1_85' title="bbox 2275 3759 3796 3835">
    <p class='ocr_par' dir='ltr' id='par_1_85' title="bbox 2275 3759 3796 3835">
     <span class='ocr_line' id='line_1_85' title="bbox 2275 3759 3796 3835; baseline 0.001 -23"><span class='ocrx_word' id='word_1_647' title='bbox 2275 3759 2468 3829; x_wconf 84' lang='grc' dir='ltr'>δηλαδὴ</span> <span class='ocrx_word' id='word_1_648' title='bbox 2495 3760 2571 3829; x_wconf 79' lang='grc' dir='ltr'><strong>τῷ</strong></span> <span class='ocrx_word' id='word_1_649' title='bbox 2600 3760 2839 3829; x_wconf 79' lang='grc' dir='ltr'>μέλλοντι</span> <span class='ocrx_word' id='word_1_650' title='bbox 2866 3761 3279 3832; x_wconf 86' lang='grc' dir='ltr'>προελεύσεσθαι</span> <span class='ocrx_word' id='word_1_651' title='bbox 3312 3766 3375 3816; x_wconf 81' lang='grc' dir='ltr'>ὲκ</span> <span class='ocrx_word' id='word_1_652' title='bbox 3401 3765 3698 3835; x_wconf 84' lang='grc' dir='ltr'>σπέρματος</span> <span class='ocrx_word' id='word_1_653' title='bbox 3720 3764 3796 3815; x_wconf 71' lang='grc' dir='ltr'>αύ-</span> 
     </span>
    </p>
   </div>
   <div class='ocr_carea' id='block_1_86' title="bbox 2275 3850 3795 3923">
    <p class='ocr_par' dir='ltr' id='par_1_86' title="bbox 2275 3850 3795 3923">
     <span class='ocr_line' id='line_1_86' title="bbox 2275 3850 3795 3923; baseline 0.002 -21"><span class='ocrx_word' id='word_1_654' title='bbox 2275 3850 2368 3902; x_wconf 86' lang='grc' dir='ltr'><strong>τοῦ</strong></span> <span class='ocrx_word' id='word_1_655' title='bbox 2398 3850 2669 3921; x_wconf 85' lang='grc' dir='ltr'>Ἰησοῦ.Ἢ</span> <span class='ocrx_word' id='word_1_656' title='bbox 2686 3852 2791 3903; x_wconf 84' lang='grc' dir='ltr'><strong>τῶν</strong></span> <span class='ocrx_word' id='word_1_657' title='bbox 2814 3852 3181 3921; x_wconf 83' lang='grc' dir='ltr'>προκειμένων</span> <span class='ocrx_word' id='word_1_658' title='bbox 3206 3853 3233 3904; x_wconf 98' lang='lat'><strong>6</strong></span> <span class='ocrx_word' id='word_1_659' title='bbox 3264 3852 3383 3915; x_wconf 85' lang='grc' dir='ltr'>νοῦς</span> <span class='ocrx_word' id='word_1_660' title='bbox 3397 3853 3795 3923; x_wconf 77' lang='grc' dir='ltr'>τοιοῦτοςοὊρος</span> 
     </span>
    </p>
   </div>
   <div class='ocr_carea' id='block_1_87' title="bbox 2283 3942 3796 4015">
    <p class='ocr_par' dir='ltr' id='par_1_87' title="bbox 2283 3942 3796 4015">
     <span class='ocr_line' id='line_1_87' title="bbox 2283 3942 3796 4015; baseline -0.001 -22"><span class='ocrx_word' id='word_1_661' title='bbox 2283 3942 2430 4011; x_wconf 81' lang='grc' dir='ltr'>παρὰ</span> <span class='ocrx_word' id='word_1_662' title='bbox 2465 3942 2563 4008; x_wconf 83' lang='grc' dir='ltr'><strong>τῆς</strong></span> <span class='ocrx_word' id='word_1_663' title='bbox 2596 3942 2693 4012; x_wconf 91' lang='grc' dir='ltr'><strong>σῆς</strong></span> <span class='ocrx_word' id='word_1_664' title='bbox 2741 3942 2988 4013; x_wconf 82' lang='grc' dir='ltr'>θεότητος</span> <span class='ocrx_word' id='word_1_665' title='bbox 3026 3942 3380 4015; x_wconf 77' lang='grc' dir='ltr'>ἐξενήνεκται,</span> <span class='ocrx_word' id='word_1_666' title='bbox 3423 3943 3593 4013; x_wconf 80' lang='grc' dir='ltr'>δόγμα</span> <span class='ocrx_word' id='word_1_667' title='bbox 3632 3961 3686 3996; x_wconf 88' lang='grc' dir='ltr'><strong>τε</strong></span> <span class='ocrx_word' id='word_1_668' title='bbox 3716 3942 3796 3995; x_wconf 72' lang='grc' dir='ltr'>καὶ</span> 
     </span>
    </p>
   </div>
   <div class='ocr_carea' id='block_1_88' title="bbox 2277 4030 3788 4104">
    <p class='ocr_par' dir='ltr' id='par_1_88' title="bbox 2277 4030 3788 4104">
     <span class='ocr_line' id='line_1_88' title="bbox 2277 4030 3788 4104; baseline 0.001 -22"><span class='ocrx_word' id='word_1_669' title='bbox 2277 4030 2449 4101; x_wconf 86' lang='grc' dir='ltr'>κρίμα</span> <span class='ocrx_word' id='word_1_670' title='bbox 2501 4031 2767 4100; x_wconf 85' lang='grc' dir='ltr'>βασιλικὸν</span> <span class='ocrx_word' id='word_1_671' title='bbox 2825 4036 2888 4085; x_wconf 84' lang='grc' dir='ltr'>ὲκ</span> <span class='ocrx_word' id='word_1_672' title='bbox 2954 4031 3045 4084; x_wconf 85' lang='grc' dir='ltr'><strong>σοῦ</strong></span> <span class='ocrx_word' id='word_1_673' title='bbox 3104 4032 3414 4104; x_wconf 84' lang='grc' dir='ltr'>Πνεύματος</span> <span class='ocrx_word' id='word_1_674' title='bbox 3456 4033 3788 4089; x_wconf 83' lang='grc' dir='ltr'>διατέτακται,</span> 
     </span>
    </p>
   </div>
   <div class='ocr_carea' id='block_1_89' title="bbox 2290 4120 3794 4195">
    <p class='ocr_par' dir='ltr' id='par_1_89' title="bbox 2290 4120 3794 4195">
     <span class='ocr_line' id='line_1_89' title="bbox 2290 4120 3794 4195; baseline 0.003 -23"><span class='ocrx_word' id='word_1_675' title='bbox 2290 4121 2366 4183; x_wconf 81' lang='grc' dir='ltr'>ὡς</span> <span class='ocrx_word' id='word_1_676' title='bbox 2382 4120 2445 4174; x_wconf 83' lang='grc' dir='ltr'>ἂν</span> <span class='ocrx_word' id='word_1_677' title='bbox 2468 4121 2531 4173; x_wconf 82' lang='grc' dir='ltr'>ὲκ</span> <span class='ocrx_word' id='word_1_678' title='bbox 2543 4121 2642 4189; x_wconf 84' lang='grc' dir='ltr'><strong>τῆς</strong></span> <span class='ocrx_word' id='word_1_679' title='bbox 2661 4122 2995 4192; x_wconf 85' lang='grc' dir='ltr'>Σολομῶντος</span> <span class='ocrx_word' id='word_1_680' title='bbox 3008 4123 3254 4193; x_wconf 83' lang='grc' dir='ltr'>διαδοχῆς</span> <span class='ocrx_word' id='word_1_681' title='bbox 3280 4125 3308 4175; x_wconf 88' lang='lat'><strong>6</strong></span> <span class='ocrx_word' id='word_1_682' title='bbox 3342 4141 3405 4176; x_wconf 92' lang='grc' dir='ltr'><strong>το</strong></span> <span class='ocrx_word' id='word_1_683' title='bbox 3419 4125 3613 4195; x_wconf 88' lang='grc' dir='ltr'>κόσμου</span> <span class='ocrx_word' id='word_1_684' title='bbox 3629 4122 3794 4191; x_wconf 71' lang='grc' dir='ltr'>Σωτὴρ</span> 
     </span>
    </p>
   </div>
   <div class='ocr_carea' id='block_1_90' title="bbox 2279 4210 3793 4286">
    <p class='ocr_par' dir='ltr' id='par_1_90' title="bbox 2279 4210 3793 4286">
     <span class='ocr_line' id='line_1_90' title="bbox 2279 4210 3793 4286; baseline 0.001 -23"><span class='ocrx_word' id='word_1_685' title='bbox 2279 4210 2420 4264; x_wconf 85' lang='grc' dir='ltr'>κατὰ</span> <span class='ocrx_word' id='word_1_686' title='bbox 2472 4212 2646 4283; x_wconf 82' lang='grc' dir='ltr'>σάρκα</span> <span class='ocrx_word' id='word_1_687' title='bbox 2686 4212 2986 4283; x_wconf 80' lang='grc' dir='ltr'>γεννηθείη.</span> <span class='ocrx_word' id='word_1_688' title='bbox 3015 4213 3181 4267; x_wconf 88' lang='grc' dir='ltr'>Τοῦτο</span> <span class='ocrx_word' id='word_1_689' title='bbox 3221 4210 3311 4267; x_wconf 78' lang='grc' dir='ltr'><strong>οὖν</strong></span> <span class='ocrx_word' id='word_1_690' title='bbox 3346 4215 3405 4267; x_wconf 90' lang='grc' dir='ltr'><strong>τὸ</strong></span> <span class='ocrx_word' id='word_1_691' title='bbox 3445 4216 3614 4286; x_wconf 73' lang='grc' dir='ltr'>κρίμα</span> <span class='ocrx_word' id='word_1_692' title='bbox 3643 4232 3742 4276; x_wconf 88' lang='grc' dir='ltr'>σου,</span> <span class='ocrx_word' id='word_1_693' title='bbox 3767 4215 3793 4265; x_wconf 92' lang='lat'><strong>6</strong></span> 
     </span>
    </p>
   </div>
   <div class='ocr_carea' id='block_1_91' title="bbox 2282 4300 3797 4372">
    <p class='ocr_par' dir='ltr' id='par_1_91' title="bbox 2282 4300 3797 4372">
     <span class='ocr_line' id='line_1_91' title="bbox 2282 4300 3797 4372; baseline -0.001 -19"><span class='ocrx_word' id='word_1_694' title='bbox 2282 4301 2431 4365; x_wconf 88' lang='grc' dir='ltr'>Θεὸς,</span> <span class='ocrx_word' id='word_1_695' title='bbox 2459 4300 2558 4371; x_wconf 82' lang='grc' dir='ltr'><strong>ῆδη</strong></span> <span class='ocrx_word' id='word_1_696' title='bbox 2604 4302 2734 4353; x_wconf 78' lang='grc' dir='ltr'>ποτὲ</span> <span class='ocrx_word' id='word_1_697' title='bbox 2771 4300 3007 4371; x_wconf 87' lang='grc' dir='ltr'>δώρησαι</span> <span class='ocrx_word' id='word_1_698' title='bbox 3038 4302 3116 4370; x_wconf 81' lang='grc' dir='ltr'>τῷ</span> <span class='ocrx_word' id='word_1_699' title='bbox 3151 4301 3373 4370; x_wconf 83' lang='grc' dir='ltr'>βασιλεῖ,</span> <span class='ocrx_word' id='word_1_700' title='bbox 3401 4303 3593 4372; x_wconf 81' lang='grc' dir='ltr'>δηλαδὴ</span> <span class='ocrx_word' id='word_1_701' title='bbox 3618 4302 3687 4371; x_wconf 82' lang='grc' dir='ltr'><strong>τῷ</strong></span> <span class='ocrx_word' id='word_1_702' title='bbox 3714 4301 3797 4352; x_wconf 83' lang='grc' dir='ltr'>Σο-</span> 
     </span>
    </p>
   </div>
   <div class='ocr_carea' id='block_1_92' title="bbox 643 4388 2175 4467">
    <p class='ocr_par' dir='ltr' id='par_1_92' title="bbox 643 4394 2175 4467">
     <span class='ocr_line' id='line_1_92' title="bbox 643 4394 2175 4467; baseline 0.005 -21"><span class='ocrx_word' id='word_1_703' title='bbox 643 4410 803 4463; x_wconf 86' lang='lat' dir='ltr'><strong>opere</strong></span> <span class='ocrx_word' id='word_1_704' title='bbox 839 4397 1209 4464; x_wconf 88' lang='lat' dir='ltr'><strong>compleantur</strong></span> <span class='ocrx_word' id='word_1_705' title='bbox 1238 4415 1249 4449; x_wconf 88' lang='lat'><strong>:</strong></span> <span class='ocrx_word' id='word_1_706' title='bbox 1281 4397 1493 4467; x_wconf 86' lang='lat' dir='ltr'><strong>ipsique</strong></span> <span class='ocrx_word' id='word_1_707' title='bbox 1518 4394 1626 4466; x_wconf 85' lang='lat' dir='ltr'><strong>regi</strong></span> <span class='ocrx_word' id='word_1_708' title='bbox 1658 4406 2012 4451; x_wconf 87' lang='lat' dir='ltr'><strong>memoratum</strong></span> <span class='ocrx_word' id='word_1_709' title='bbox 2038 4400 2175 4466; x_wconf 87' lang='lat' dir='ltr'><strong>judi-</strong></span> 
     </span>
    </p>
   </div>
   <div class='ocr_carea' id='block_1_93' title="bbox 2275 4388 3797 4467">
    <p class='ocr_par' dir='ltr' id='par_1_93' title="bbox 2282 4388 3797 4462">
     <span class='ocr_line' id='line_1_93' title="bbox 2282 4388 3797 4462; baseline -0.004 -19"><span class='ocrx_word' id='word_1_710' title='bbox 2282 4390 2533 4462; x_wconf 86' lang='grc' dir='ltr'>λομῶντι,</span> <span class='ocrx_word' id='word_1_711' title='bbox 2552 4390 2626 4453; x_wconf 84' lang='grc' dir='ltr'>ὡς</span> <span class='ocrx_word' id='word_1_712' title='bbox 2652 4388 2716 4442; x_wconf 85' lang='grc' dir='ltr'><strong>ἂν</strong></span> <span class='ocrx_word' id='word_1_713' title='bbox 2732 4390 2797 4441; x_wconf 83' lang='grc' dir='ltr'>δι’</span> <span class='ocrx_word' id='word_1_714' title='bbox 2814 4389 2986 4460; x_wconf 81' lang='grc' dir='ltr'>ἔργων</span> <span class='ocrx_word' id='word_1_715' title='bbox 3012 4392 3313 4459; x_wconf 80' lang='grc' dir='ltr'>χωρήσειαν</span> <span class='ocrx_word' id='word_1_716' title='bbox 3339 4393 3387 4443; x_wconf 80' lang='grc' dir='ltr'>οἱ</span> <span class='ocrx_word' id='word_1_717' title='bbox 3415 4392 3557 4459; x_wconf 86' lang='grc' dir='ltr'>λόγοι</span> <span class='ocrx_word' id='word_1_718' title='bbox 3574 4409 3586 4421; x_wconf 82' lang='grc'><em>’</em></span> <span class='ocrx_word' id='word_1_719' title='bbox 3616 4390 3698 4444; x_wconf 83' lang='grc' dir='ltr'><strong>καὶ</strong></span> <span class='ocrx_word' id='word_1_720' title='bbox 3716 4388 3797 4439; x_wconf 79' lang='grc' dir='ltr'>αύ-</span> 
     </span>
    </p>
   </div>
   <div class='ocr_carea' id='block_1_94' title="bbox 643 4485 2183 4559">
    <p class='ocr_par' dir='ltr' id='par_1_94' title="bbox 643 4485 2183 4559">
     <span class='ocr_line' id='line_1_94' title="bbox 643 4485 2183 4559; baseline 0.004 -23"><span class='ocrx_word' id='word_1_721' title='bbox 643 4485 785 4539; x_wconf 89' lang='lat' dir='ltr'><strong>cium</strong></span> <span class='ocrx_word' id='word_1_722' title='bbox 821 4488 1086 4554; x_wconf 68' lang='lat' dir='ltr'><strong>praebeas;</strong></span> <span class='ocrx_word' id='word_1_723' title='bbox 1116 4485 1382 4555; x_wconf 87' lang='lat' dir='ltr'><strong>justitiam</strong></span> <span class='ocrx_word' id='word_1_724' title='bbox 1415 4502 1542 4542; x_wconf 81' lang='lat' dir='ltr'><strong>vero</strong></span> <span class='ocrx_word' id='word_1_725' title='bbox 1579 4494 1729 4539; x_wconf 87' lang='lat' dir='ltr'><strong>tuam</strong></span> <span class='ocrx_word' id='word_1_726' title='bbox 1762 4487 1871 4541; x_wconf 84' lang='lat' dir='ltr'><strong>ﬁlio</strong></span> <span class='ocrx_word' id='word_1_727' title='bbox 1891 4488 2054 4557; x_wconf 84' lang='lat' dir='ltr'><strong>regis,</strong></span> <span class='ocrx_word' id='word_1_728' title='bbox 2090 4490 2183 4559; x_wconf 91' lang='lat' dir='ltr'><strong>qui</strong></span> 
     </span>
    </p>
   </div>
   <div class='ocr_carea' id='block_1_95' title="bbox 644 4572 2182 4645">
    <p class='ocr_par' dir='ltr' id='par_1_95' title="bbox 644 4572 2182 4645">
     <span class='ocr_line' id='line_1_95' title="bbox 644 4572 2182 4645; baseline 0.003 -20"><span class='ocrx_word' id='word_1_729' title='bbox 644 4587 707 4625; x_wconf 79' lang='lat' dir='ltr'><strong>ex</strong></span> <span class='ocrx_word' id='word_1_730' title='bbox 739 4572 942 4626; x_wconf 85' lang='lat' dir='ltr'><strong>semine</strong></span> <span class='ocrx_word' id='word_1_731' title='bbox 989 4574 1107 4641; x_wconf 88' lang='lat' dir='ltr'><strong>ejus</strong></span> <span class='ocrx_word' id='word_1_732' title='bbox 1145 4575 1460 4642; x_wconf 84' lang='lat' dir='ltr'><strong>proditurus</strong></span> <span class='ocrx_word' id='word_1_733' title='bbox 1489 4580 1607 4639; x_wconf 87' lang='lat' dir='ltr'><strong>est;</strong></span> <span class='ocrx_word' id='word_1_734' title='bbox 1650 4584 1711 4628; x_wconf 90' lang='lat' dir='ltr'><strong>ut</strong></span> <span class='ocrx_word' id='word_1_735' title='bbox 1739 4574 1832 4643; x_wconf 92' lang='lat' dir='ltr'><strong>qui</strong></span> <span class='ocrx_word' id='word_1_736' title='bbox 1863 4590 1928 4629; x_wconf 79' lang='lat' dir='ltr'><strong>ex</strong></span> <span class='ocrx_word' id='word_1_737' title='bbox 1981 4574 2182 4645; x_wconf 89' lang='lat' dir='ltr'><strong>Spiritu</strong></span> 
     </span>
    </p>
   </div>
   <div class='ocr_carea' id='block_1_96' title="bbox 645 4662 2184 4743">
    <p class='ocr_par' dir='ltr' id='par_1_96' title="bbox 645 4662 2184 4743">
     <span class='ocr_line' id='line_1_96' title="bbox 645 4662 2184 4743; baseline 0.003 -27"><span class='ocrx_word' id='word_1_738' title='bbox 645 4662 893 4733; x_wconf 85' lang='lat' dir='ltr'><strong>gignctur</strong></span> <span class='ocrx_word' id='word_1_739' title='bbox 926 4677 1207 4717; x_wconf 85' lang='lat' dir='ltr'><strong>successor</strong></span> <span class='ocrx_word' id='word_1_740' title='bbox 1246 4664 1386 4732; x_wconf 90' lang='lat' dir='ltr'><strong>ejus,</strong></span> <span class='ocrx_word' id='word_1_741' title='bbox 1428 4674 1650 4735; x_wconf 88' lang='lat' dir='ltr'><strong>accepta</strong></span> <span class='ocrx_word' id='word_1_742' title='bbox 1671 4665 1878 4743; x_wconf 87' lang='lat' dir='ltr'><strong>justitia</strong></span> <span class='ocrx_word' id='word_1_743' title='bbox 1906 4674 2019 4730; x_wconf 90' lang='lat' dir='ltr'><strong>tua,</strong></span> <span class='ocrx_word' id='word_1_744' title='bbox 2054 4686 2071 4718; x_wconf 76' lang='grc' dir='ltr'><strong>ι</strong></span> <span class='ocrx_word' id='word_1_745' title='bbox 2096 4667 2184 4737; x_wconf 87' lang='lat' dir='ltr'><strong>ju-</strong></span> 
     </span>
    </p>
   </div>
   <div class='ocr_carea' id='block_1_97' title="bbox 645 4749 2189 4823">
    <p class='ocr_par' dir='ltr' id='par_1_97' title="bbox 645 4749 2189 4823">
     <span class='ocr_line' id='line_1_97' title="bbox 645 4749 2189 4823; baseline 0.003 -18"><span class='ocrx_word' id='word_1_746' title='bbox 645 4752 787 4805; x_wconf 87' lang='lat' dir='ltr'><strong>dicet</strong></span> <span class='ocrx_word' id='word_1_747' title='bbox 814 4749 1068 4819; x_wconf 86' lang='lat' dir='ltr'><strong>populum</strong></span> <span class='ocrx_word' id='word_1_748' title='bbox 1122 4756 1275 4802; x_wconf 90' lang='lat' dir='ltr'><strong>tuum</strong></span> <span class='ocrx_word' id='word_1_749' title='bbox 1316 4752 1369 4803; x_wconf 91' lang='lat' dir='ltr'><strong>in</strong></span> <span class='ocrx_word' id='word_1_750' title='bbox 1395 4751 1623 4819; x_wconf 89' lang='lat' dir='ltr'><strong>justitia,</strong></span> <span class='ocrx_word' id='word_1_751' title='bbox 1671 4762 1724 4807; x_wconf 88' lang='lat' dir='ltr'><strong>et</strong></span> <span class='ocrx_word' id='word_1_752' title='bbox 1762 4769 2027 4823; x_wconf 90' lang='lat' dir='ltr'><strong>pauperes</strong></span> <span class='ocrx_word' id='word_1_753' title='bbox 2064 4764 2189 4810; x_wconf 91' lang='lat' dir='ltr'><strong>tuos</strong></span> 
     </span>
    </p>
   </div>
   <div class='ocr_carea' id='block_1_98' title="bbox 645 4841 2188 4912">
    <p class='ocr_par' dir='ltr' id='par_1_98' title="bbox 645 4841 2188 4912">
     <span class='ocr_line' id='line_1_98' title="bbox 645 4841 2188 4912; baseline 0.003 -18"><span class='ocrx_word' id='word_1_754' title='bbox 645 4844 701 4895; x_wconf 86' lang='lat' dir='ltr'><strong>in</strong></span> <span class='ocrx_word' id='word_1_755' title='bbox 724 4843 953 4911; x_wconf 88' lang='lat' dir='ltr'><strong>judicio.</strong></span> <span class='ocrx_word' id='word_1_756' title='bbox 984 4859 1003 4891; x_wconf 84' lang='grc'>›</span> <span class='ocrx_word' id='word_1_757' title='bbox 1037 4841 1101 4894; x_wconf 85' lang='lat' dir='ltr'><strong>Et</strong></span> <span class='ocrx_word' id='word_1_758' title='bbox 1122 4847 1232 4896; x_wconf 70' lang='lat' dir='ltr'><strong>haec</strong></span> <span class='ocrx_word' id='word_1_759' title='bbox 1258 4841 1497 4911; x_wconf 86' lang='lat' dir='ltr'><strong>quidem,</strong></span> <span class='ocrx_word' id='word_1_760' title='bbox 1524 4843 1571 4896; x_wconf 91' lang='lat' dir='ltr'><strong>si</strong></span> <span class='ocrx_word' id='word_1_761' title='bbox 1602 4842 1655 4895; x_wconf 88' lang='lat' dir='ltr'><strong>in</strong></span> <span class='ocrx_word' id='word_1_762' title='bbox 1684 4844 1853 4912; x_wconf 88' lang='lat' dir='ltr'><strong>ipsius</strong></span> <span class='ocrx_word' id='word_1_763' title='bbox 1884 4845 2188 4901; x_wconf 91' lang='lat' dir='ltr'><strong>Salomonis</strong></span> 
     </span>
    </p>
   </div>
   <div class='ocr_carea' id='block_1_99' title="bbox 649 4926 2189 5004">
    <p class='ocr_par' dir='ltr' id='par_1_99' title="bbox 649 4926 2189 5004">
     <span class='ocr_line' id='line_1_99' title="bbox 649 4926 2189 5004; baseline 0.004 -19"><span class='ocrx_word' id='word_1_764' title='bbox 649 4930 929 5000; x_wconf 79' lang='lat' dir='ltr'><strong>personam</strong></span> <span class='ocrx_word' id='word_1_765' title='bbox 973 4930 1234 4985; x_wconf 80' lang='lat' dir='ltr'><strong>referatur</strong></span> <span class='ocrx_word' id='word_1_766' title='bbox 1284 4931 1564 5001; x_wconf 88' lang='lat' dir='ltr'><strong>inscriptio</strong></span> <span class='ocrx_word' id='word_1_767' title='bbox 1618 4926 1964 5004; x_wconf 87' lang='lat' dir='ltr'><strong>Septuaginta</strong></span> <span class='ocrx_word' id='word_1_768' title='bbox 2015 4938 2189 4993; x_wconf 84' lang='lat' dir='ltr'><strong>Inter-</strong></span> 
     </span>
    </p>
   </div>
   <div class='ocr_carea' id='block_1_100' title="bbox 648 5011 2187 5090">
    <p class='ocr_par' dir='ltr' id='par_1_100' title="bbox 648 5011 2187 5090">
     <span class='ocr_line' id='line_1_100' title="bbox 648 5011 2187 5090; baseline 0.008 -19"><span class='ocrx_word' id='word_1_769' title='bbox 648 5028 876 5089; x_wconf 85' lang='lat' dir='ltr'><strong>pretum.</strong></span> <span class='ocrx_word' id='word_1_770' title='bbox 913 5011 1032 5090; x_wconf 60' lang='lat' dir='ltr'><strong>quae</strong></span> <span class='ocrx_word' id='word_1_771' title='bbox 1064 5038 1084 5069; x_wconf 73' lang='grc' dir='ltr'><strong>ι</strong></span> <span class='ocrx_word' id='word_1_772' title='bbox 1136 5021 1192 5074; x_wconf 83' lang='lat' dir='ltr'><strong>in</strong></span> <span class='ocrx_word' id='word_1_773' title='bbox 1219 5020 1556 5076; x_wconf 86' lang='lat' dir='ltr'><strong>Salomonem</strong></span> <span class='ocrx_word' id='word_1_774' title='bbox 1594 5041 1613 5074; x_wconf 75' lang='grc' dir='ltr'><strong>ι</strong></span> <span class='ocrx_word' id='word_1_775' title='bbox 1644 5023 1824 5078; x_wconf 85' lang='lat' dir='ltr'><strong>habet.</strong></span> <span class='ocrx_word' id='word_1_776' title='bbox 1857 5022 1950 5078; x_wconf 87' lang='lat' dir='ltr'><strong>Sin</strong></span> <span class='ocrx_word' id='word_1_777' title='bbox 1992 5043 2187 5083; x_wconf 86' lang='lat' dir='ltr'><strong>secun-</strong></span> 
     </span>
    </p>
   </div>
   <div class='ocr_carea' id='block_1_101' title="bbox 652 5109 2188 5184">
    <p class='ocr_par' dir='ltr' id='par_1_101' title="bbox 652 5109 2188 5184">
     <span class='ocr_line' id='line_1_101' title="bbox 652 5109 2188 5184; baseline 0.003 -20"><span class='ocrx_word' id='word_1_778' title='bbox 652 5113 777 5164; x_wconf 84' lang='lat' dir='ltr'><strong>dum</strong></span> <span class='ocrx_word' id='word_1_779' title='bbox 804 5112 1038 5179; x_wconf 88' lang='lat' dir='ltr'><strong>reliquos</strong></span> <span class='ocrx_word' id='word_1_780' title='bbox 1062 5109 1379 5179; x_wconf 89' lang='lat' dir='ltr'><strong>interpretes</strong></span> <span class='ocrx_word' id='word_1_781' title='bbox 1404 5111 1705 5169; x_wconf 88' lang='lat' dir='ltr'><strong>Salomonis</strong></span> <span class='ocrx_word' id='word_1_782' title='bbox 1729 5113 2007 5184; x_wconf 88' lang='lat' dir='ltr'><strong>prophetia</strong></span> <span class='ocrx_word' id='word_1_783' title='bbox 2039 5118 2188 5172; x_wconf 87' lang='lat' dir='ltr'><strong>dica-</strong></span> 
     </span>
    </p>
   </div>
   <div class='ocr_carea' id='block_1_102' title="bbox 654 5186 2190 5274">
    <p class='ocr_par' dir='ltr' id='par_1_102' title="bbox 654 5186 2190 5274">
     <span class='ocr_line' id='line_1_102' title="bbox 654 5186 2190 5274; baseline 0.003 -19"><span class='ocrx_word' id='word_1_784' title='bbox 654 5186 739 5255; x_wconf 80' lang='lat' dir='ltr'><strong>tur</strong></span> <span class='ocrx_word' id='word_1_785' title='bbox 779 5216 929 5262; x_wconf 83' lang='lat' dir='ltr'><strong>esse;</strong></span> <span class='ocrx_word' id='word_1_786' title='bbox 969 5201 1207 5255; x_wconf 89' lang='lat' dir='ltr'><strong>dicemus</strong></span> <span class='ocrx_word' id='word_1_787' title='bbox 1255 5201 1428 5269; x_wconf 88' lang='lat' dir='ltr'><strong>ipsum</strong></span> <span class='ocrx_word' id='word_1_788' title='bbox 1479 5203 1815 5260; x_wconf 88' lang='lat' dir='ltr'><strong>Salomonem</strong></span> <span class='ocrx_word' id='word_1_789' title='bbox 1854 5204 2052 5274; x_wconf 89' lang='lat' dir='ltr'><strong>Spiritu</strong></span> <span class='ocrx_word' id='word_1_790' title='bbox 2103 5222 2190 5259; x_wconf 84' lang='lat' dir='ltr'><strong>re—</strong></span> 
     </span>
    </p>
   </div>
   <div class='ocr_carea' id='block_1_103' title="bbox 656 5293 2190 5363">
    <p class='ocr_par' dir='ltr' id='par_1_103' title="bbox 656 5293 2190 5363">
     <span class='ocr_line' id='line_1_103' title="bbox 656 5293 2190 5363; baseline 0.005 -20"><span class='ocrx_word' id='word_1_791' title='bbox 656 5294 879 5360; x_wconf 89' lang='lat' dir='ltr'><strong>pletum,</strong></span> <span class='ocrx_word' id='word_1_792' title='bbox 910 5298 1016 5343; x_wconf 83' lang='lat' dir='ltr'><strong>tres</strong></span> <span class='ocrx_word' id='word_1_793' title='bbox 1062 5293 1148 5346; x_wconf 89' lang='lat' dir='ltr'><strong>hic</strong></span> <span class='ocrx_word' id='word_1_794' title='bbox 1193 5307 1452 5362; x_wconf 86' lang='lat' dir='ltr'><strong>personas</strong></span> <span class='ocrx_word' id='word_1_795' title='bbox 1502 5294 1809 5362; x_wconf 73' lang='lat' dir='ltr'><strong>declarare,</strong></span> <span class='ocrx_word' id='word_1_796' title='bbox 1851 5294 2049 5363; x_wconf 88' lang='lat' dir='ltr'><strong>Deum,</strong></span> <span class='ocrx_word' id='word_1_797' title='bbox 2102 5298 2190 5352; x_wconf 86' lang='lat' dir='ltr'><strong>cui</strong></span> 
     </span>
    </p>
   </div>
   <div class='ocr_carea' id='block_1_104' title="bbox 658 5374 2190 5458">
    <p class='ocr_par' dir='ltr' id='par_1_104' title="bbox 658 5374 2190 5458">
     <span class='ocr_line' id='line_1_104' title="bbox 658 5374 2190 5458; baseline 0.007 -27"><span class='ocrx_word' id='word_1_798' title='bbox 658 5383 952 5435; x_wconf 79' lang='lat' dir='ltr'><strong>orationem</strong></span> <span class='ocrx_word' id='word_1_799' title='bbox 974 5381 1200 5447; x_wconf 81' lang='lat' dir='ltr'><strong>emittit;</strong></span> <span class='ocrx_word' id='word_1_800' title='bbox 1232 5398 1427 5451; x_wconf 85' lang='lat' dir='ltr'><strong>regem,</strong></span> <span class='ocrx_word' id='word_1_801' title='bbox 1453 5374 1610 5451; x_wconf 90' lang='lat' dir='ltr'><strong>quem</strong></span> <span class='ocrx_word' id='word_1_802' title='bbox 1640 5386 1696 5441; x_wconf 90' lang='lat' dir='ltr'><strong>in</strong></span> <span class='ocrx_word' id='word_1_803' title='bbox 1718 5386 1969 5441; x_wconf 89' lang='lat' dir='ltr'><strong>universa</strong></span> <span class='ocrx_word' id='word_1_804' title='bbox 2003 5402 2190 5458; x_wconf 85' lang='lat' dir='ltr'><strong>regna-</strong></span> 
     </span>
    </p>
   </div>
   <div class='ocr_carea' id='block_1_105' title="bbox 661 5464 2249 5539">
    <p class='ocr_par' dir='ltr' id='par_1_105' title="bbox 661 5464 2249 5539">
     <span class='ocr_line' id='line_1_105' title="bbox 661 5464 2249 5539; baseline 0.004 -17"><span class='ocrx_word' id='word_1_805' title='bbox 661 5480 837 5523; x_wconf 86' lang='lat' dir='ltr'><strong>turum</strong></span> <span class='ocrx_word' id='word_1_806' title='bbox 861 5471 1128 5531; x_wconf 77' lang='lat' dir='ltr'><strong>credebat,</strong></span> <span class='ocrx_word' id='word_1_807' title='bbox 1151 5471 1398 5526; x_wconf 78' lang='lat' dir='ltr'><strong>videlicet</strong></span> <span class='ocrx_word' id='word_1_808' title='bbox 1436 5470 1627 5525; x_wconf 83' lang='lat' dir='ltr'><strong>Filium</strong></span> <span class='ocrx_word' id='word_1_809' title='bbox 1675 5472 1805 5539; x_wconf 88' lang='lat' dir='ltr'><strong>Dei;</strong></span> <span class='ocrx_word' id='word_1_810' title='bbox 1841 5477 1998 5530; x_wconf 90' lang='lat' dir='ltr'><strong>tertio</strong></span> <span class='ocrx_word' id='word_1_811' title='bbox 2020 5477 2188 5533; x_wconf 88' lang='lat' dir='ltr'><strong>homi-</strong></span> <span class='ocrx_word' id='word_1_812' title='bbox 2243 5464 2249 5471; x_wconf 67' lang='grc'><em>’</em></span> 
     </span>
    </p>
   </div>
   <div class='ocr_carea' id='block_1_106' title="bbox 666 5560 2193 5637">
    <p class='ocr_par' dir='ltr' id='par_1_106' title="bbox 666 5560 2193 5637">
     <span class='ocr_line' id='line_1_106' title="bbox 666 5560 2193 5637; baseline 0.006 -25"><span class='ocrx_word' id='word_1_813' title='bbox 666 5575 805 5619; x_wconf 82' lang='lat' dir='ltr'><strong>nem,</strong></span> <span class='ocrx_word' id='word_1_814' title='bbox 836 5576 991 5629; x_wconf 86' lang='lat' dir='ltr'><strong>quem</strong></span> <span class='ocrx_word' id='word_1_815' title='bbox 1017 5560 1307 5629; x_wconf 86' lang='lat' dir='ltr'><strong>assumpsit</strong></span> <span class='ocrx_word' id='word_1_816' title='bbox 1331 5577 1393 5615; x_wconf 81' lang='lat' dir='ltr'><strong>ex</strong></span> <span class='ocrx_word' id='word_1_817' title='bbox 1425 5564 1628 5617; x_wconf 88' lang='lat' dir='ltr'><strong>semine</strong></span> <span class='ocrx_word' id='word_1_818' title='bbox 1649 5561 1835 5629; x_wconf 86' lang='lat' dir='ltr'><strong>David,</strong></span> <span class='ocrx_word' id='word_1_819' title='bbox 1866 5580 1930 5619; x_wconf 84' lang='lat' dir='ltr'><strong>ex</strong></span> <span class='ocrx_word' id='word_1_820' title='bbox 1971 5567 2193 5637; x_wconf 89' lang='lat' dir='ltr'><strong>ipsoque</strong></span> 
     </span>
    </p>
   </div>
   <div class='ocr_carea' id='block_1_107' title="bbox 667 5649 2190 5725">
    <p class='ocr_par' dir='ltr' id='par_1_107' title="bbox 667 5649 2190 5725">
     <span class='ocr_line' id='line_1_107' title="bbox 667 5649 2190 5725; baseline 0.005 -23"><span class='ocrx_word' id='word_1_821' title='bbox 667 5649 953 5705; x_wconf 78' lang='lat' dir='ltr'><strong>Salomone</strong></span> <span class='ocrx_word' id='word_1_822' title='bbox 986 5650 1350 5716; x_wconf 83' lang='lat' dir='ltr'><strong>nasciturum;</strong></span> <span class='ocrx_word' id='word_1_823' title='bbox 1382 5650 1541 5704; x_wconf 90' lang='lat' dir='ltr'><strong>alium</strong></span> <span class='ocrx_word' id='word_1_824' title='bbox 1566 5652 1633 5706; x_wconf 88' lang='lat' dir='ltr'><strong>ab</strong></span> <span class='ocrx_word' id='word_1_825' title='bbox 1679 5653 1768 5706; x_wconf 91' lang='lat' dir='ltr'><strong>illo</strong></span> <span class='ocrx_word' id='word_1_826' title='bbox 1814 5669 1936 5723; x_wconf 79' lang='lat' dir='ltr'><strong>rege</strong></span> <span class='ocrx_word' id='word_1_827' title='bbox 1987 5657 2076 5725; x_wconf 86' lang='lat' dir='ltr'><strong>qui</strong></span> <span class='ocrx_word' id='word_1_828' title='bbox 2139 5673 2190 5710; x_wconf 84' lang='lat' dir='ltr'><strong>In</strong></span> 
     </span>
    </p>
   </div>
   <div class='ocr_carea' id='block_1_108' title="bbox 2280 4478 3795 4552">
    <p class='ocr_par' dir='ltr' id='par_1_108' title="bbox 2280 4478 3795 4552">
     <span class='ocr_line' id='line_1_108' title="bbox 2280 4478 3795 4552; baseline -0.005 -17"><span class='ocrx_word' id='word_1_829' title='bbox 2280 4481 2357 4552; x_wconf 82' lang='grc' dir='ltr'><strong>τῷ</strong></span> <span class='ocrx_word' id='word_1_830' title='bbox 2390 4482 2483 4551; x_wconf 84' lang='grc' dir='ltr'><strong>μὲν</strong></span> <span class='ocrx_word' id='word_1_831' title='bbox 2510 4479 2585 4550; x_wconf 84' lang='grc' dir='ltr'>τῷ</span> <span class='ocrx_word' id='word_1_832' title='bbox 2618 4480 2823 4551; x_wconf 79' lang='grc' dir='ltr'>βασιλεί</span> <span class='ocrx_word' id='word_1_833' title='bbox 2846 4480 2907 4533; x_wconf 87' lang='grc' dir='ltr'><strong>τὸ</strong></span> <span class='ocrx_word' id='word_1_834' title='bbox 2932 4478 3165 4549; x_wconf 83' lang='grc' dir='ltr'>δηλωθὲν</span> <span class='ocrx_word' id='word_1_835' title='bbox 3195 4481 3365 4551; x_wconf 84' lang='grc' dir='ltr'>κρίμα</span> <span class='ocrx_word' id='word_1_836' title='bbox 3398 4482 3683 4549; x_wconf 85' lang='grc' dir='ltr'>παράσχου,</span> <span class='ocrx_word' id='word_1_837' title='bbox 3712 4478 3795 4543; x_wconf 83' lang='grc' dir='ltr'>τὴν</span> 
     </span>
    </p>
   </div>
   <div class='ocr_carea' id='block_1_109' title="bbox 2282 4568 3792 4641">
    <p class='ocr_par' dir='ltr' id='par_1_109' title="bbox 2282 4568 3792 4641">
     <span class='ocr_line' id='line_1_109' title="bbox 2282 4568 3792 4641; baseline -0.005 -17"><span class='ocrx_word' id='word_1_838' title='bbox 2282 4572 2338 4624; x_wconf 80' lang='grc' dir='ltr'><strong>δὲ</strong></span> <span class='ocrx_word' id='word_1_839' title='bbox 2361 4572 2699 4641; x_wconf 87' lang='grc' dir='ltr'>δικαιοσύνην</span> <span class='ocrx_word' id='word_1_840' title='bbox 2720 4588 2811 4624; x_wconf 91' lang='grc' dir='ltr'><strong>σου</strong></span> <span class='ocrx_word' id='word_1_841' title='bbox 2838 4570 2914 4641; x_wconf 84' lang='grc' dir='ltr'>τῷ</span> <span class='ocrx_word' id='word_1_842' title='bbox 2936 4569 3035 4638; x_wconf 83' lang='grc' dir='ltr'>υἱῷ</span> <span class='ocrx_word' id='word_1_843' title='bbox 3055 4569 3145 4621; x_wconf 91' lang='grc' dir='ltr'><strong>τοῦ</strong></span> <span class='ocrx_word' id='word_1_844' title='bbox 3174 4570 3449 4640; x_wconf 81' lang='grc' dir='ltr'>βασιλέως,</span> <span class='ocrx_word' id='word_1_845' title='bbox 3479 4569 3556 4639; x_wconf 80' lang='grc' dir='ltr'>τῷ</span> <span class='ocrx_word' id='word_1_846' title='bbox 3580 4568 3792 4638; x_wconf 74' lang='grc' dir='ltr'>μέλλοντι</span> 
     </span>
    </p>
   </div>
   <div class='ocr_carea' id='block_1_110' title="bbox 2284 4656 3794 4729">
    <p class='ocr_par' dir='ltr' id='par_1_110' title="bbox 2284 4656 3794 4729">
     <span class='ocr_line' id='line_1_110' title="bbox 2284 4656 3794 4729; baseline -0.002 -19"><span class='ocrx_word' id='word_1_847' title='bbox 2284 4659 2346 4711; x_wconf 80' lang='grc' dir='ltr'>ἐκ</span> <span class='ocrx_word' id='word_1_848' title='bbox 2381 4660 2687 4729; x_wconf 83' lang='grc' dir='ltr'>σπέρματος</span> <span class='ocrx_word' id='word_1_849' title='bbox 2723 4658 2883 4713; x_wconf 82' lang='grc' dir='ltr'>αὐτοῦ</span> <span class='ocrx_word' id='word_1_850' title='bbox 2925 4657 3369 4727; x_wconf 79' lang='grc' dir='ltr'>προελεύσεσθαι’</span> <span class='ocrx_word' id='word_1_851' title='bbox 3404 4659 3469 4710; x_wconf 79' lang='grc' dir='ltr'><strong>ἵν’</strong></span> <span class='ocrx_word' id='word_1_852' title='bbox 3493 4660 3521 4710; x_wconf 90' lang='lat'><strong>6</strong></span> <span class='ocrx_word' id='word_1_853' title='bbox 3556 4656 3794 4725; x_wconf 82' lang='grc' dir='ltr'>γεννώμε-</span> 
     </span>
    </p>
   </div>
   <div class='ocr_carea' id='block_1_111' title="bbox 2285 4744 3797 4821">
    <p class='ocr_par' dir='ltr' id='par_1_111' title="bbox 2285 4744 3797 4821">
     <span class='ocr_line' id='line_1_111' title="bbox 2285 4744 3797 4821; baseline -0.002 -20"><span class='ocrx_word' id='word_1_854' title='bbox 2285 4766 2371 4813; x_wconf 92' lang='grc' dir='ltr'><strong>νος</strong></span> <span class='ocrx_word' id='word_1_855' title='bbox 2408 4754 2435 4804; x_wconf 83' lang='grc' dir='ltr'>ὁ</span> <span class='ocrx_word' id='word_1_856' title='bbox 2471 4752 2533 4804; x_wconf 82' lang='grc' dir='ltr'><strong>ἐκ</strong></span> <span class='ocrx_word' id='word_1_857' title='bbox 2562 4750 2864 4821; x_wconf 86' lang='grc' dir='ltr'>πνεύματος</span> <span class='ocrx_word' id='word_1_858' title='bbox 2899 4750 2989 4800; x_wconf 76' lang='grc' dir='ltr'><strong>καὶ</strong></span> <span class='ocrx_word' id='word_1_859' title='bbox 3015 4747 3249 4817; x_wconf 82' lang='grc' dir='ltr'>διάδοχος</span> <span class='ocrx_word' id='word_1_860' title='bbox 3290 4748 3471 4812; x_wconf 82' lang='grc' dir='ltr'>αὐτοῦ,</span> <span class='ocrx_word' id='word_1_861' title='bbox 3502 4744 3797 4815; x_wconf 76' lang='grc' dir='ltr'>ὑποδεξάμε-</span> 
     </span>
    </p>
   </div>
   <div class='ocr_carea' id='block_1_112' title="bbox 2286 4838 3796 4913">
    <p class='ocr_par' dir='ltr' id='par_1_112' title="bbox 2286 4838 3796 4913">
     <span class='ocr_line' id='line_1_112' title="bbox 2286 4838 3796 4913; baseline -0.003 -20"><span class='ocrx_word' id='word_1_862' title='bbox 2286 4858 2373 4905; x_wconf 86' lang='grc' dir='ltr'><strong>νος</strong></span> <span class='ocrx_word' id='word_1_863' title='bbox 2400 4842 2495 4913; x_wconf 82' lang='grc' dir='ltr'>τὴν</span> <span class='ocrx_word' id='word_1_864' title='bbox 2532 4842 2630 4912; x_wconf 86' lang='grc' dir='ltr'>σὴν</span> <span class='ocrx_word' id='word_1_865' title='bbox 2659 4838 3019 4908; x_wconf 83' lang='grc' dir='ltr'>δικαιοσύνην,</span> <span class='ocrx_word' id='word_1_866' title='bbox 3067 4859 3085 4889; x_wconf 72' lang='grc' dir='ltr'><strong>ι</strong></span> <span class='ocrx_word' id='word_1_867' title='bbox 3111 4840 3355 4909; x_wconf 81' lang='grc' dir='ltr'>διακρίνῃ</span> <span class='ocrx_word' id='word_1_868' title='bbox 3381 4839 3473 4891; x_wconf 86' lang='grc' dir='ltr'><strong>τὸν</strong></span> <span class='ocrx_word' id='word_1_869' title='bbox 3502 4838 3619 4890; x_wconf 86' lang='grc' dir='ltr'>λαόν</span> <span class='ocrx_word' id='word_1_870' title='bbox 3644 4854 3724 4889; x_wconf 88' lang='grc' dir='ltr'><strong>σου</strong></span> <span class='ocrx_word' id='word_1_871' title='bbox 3747 4838 3796 4888; x_wconf 84' lang='grc' dir='ltr'>ἐν</span> 
     </span>
    </p>
   </div>
   <div class='ocr_carea' id='block_1_113' title="bbox 2285 4914 3796 5003">
    <p class='ocr_par' dir='ltr' id='par_1_113' title="bbox 2285 4914 3796 5003">
     <span class='ocr_line' id='line_1_113' title="bbox 2285 4914 3796 5003; baseline -0.004 -19"><span class='ocrx_word' id='word_1_872' title='bbox 2285 4932 2611 5003; x_wconf 79' lang='grc' dir='ltr'>δικαιοσύνῃ,</span> <span class='ocrx_word' id='word_1_873' title='bbox 2645 4932 2740 4984; x_wconf 76' lang='grc' dir='ltr'>καὶ</span> <span class='ocrx_word' id='word_1_874' title='bbox 2766 4914 2887 4992; x_wconf 81' lang='grc' dir='ltr'>τοὺς</span> <span class='ocrx_word' id='word_1_875' title='bbox 2916 4929 3155 4999; x_wconf 87' lang='grc' dir='ltr'>πτωχούς</span> <span class='ocrx_word' id='word_1_876' title='bbox 3201 4945 3290 4979; x_wconf 92' lang='grc' dir='ltr'><strong>σου</strong></span> <span class='ocrx_word' id='word_1_877' title='bbox 3342 4930 3399 4978; x_wconf 83' lang='grc' dir='ltr'><strong>ἐν</strong></span> <span class='ocrx_word' id='word_1_878' title='bbox 3442 4928 3630 4999; x_wconf 79' lang='grc' dir='ltr'>κρίσει.</span> <span class='ocrx_word' id='word_1_879' title='bbox 3662 4947 3678 4979; x_wconf 72' lang='grc' dir='ltr'><strong>ι</strong></span> <span class='ocrx_word' id='word_1_880' title='bbox 3706 4928 3796 4981; x_wconf 73' lang='grc' dir='ltr'><strong>Καὶ</strong></span> 
     </span>
    </p>
   </div>
   <div class='ocr_carea' id='block_1_114' title="bbox 2286 5018 3795 5095">
    <p class='ocr_par' dir='ltr' id='par_1_114' title="bbox 2286 5018 3795 5095">
     <span class='ocr_line' id='line_1_114' title="bbox 2286 5018 3795 5095; baseline -0.003 -20"><span class='ocrx_word' id='word_1_881' title='bbox 2286 5024 2453 5077; x_wconf 84' lang='grc' dir='ltr'>ταῦτα</span> <span class='ocrx_word' id='word_1_882' title='bbox 2474 5025 2589 5094; x_wconf 83' lang='grc' dir='ltr'>μὲν,</span> <span class='ocrx_word' id='word_1_883' title='bbox 2612 5022 2765 5095; x_wconf 77' lang='grc' dir='ltr'>εἴπερ</span> <span class='ocrx_word' id='word_1_884' title='bbox 2780 5024 2856 5084; x_wconf 78' lang='grc' dir='ltr'><strong>εἰς</strong></span> <span class='ocrx_word' id='word_1_885' title='bbox 2874 5022 3033 5074; x_wconf 81' lang='grc' dir='ltr'>αὑτοῦ</span> <span class='ocrx_word' id='word_1_886' title='bbox 3064 5019 3346 5092; x_wconf 85' lang='grc' dir='ltr'>προσώπου</span> <span class='ocrx_word' id='word_1_887' title='bbox 3380 5018 3472 5072; x_wconf 84' lang='grc' dir='ltr'><strong>τοῦ</strong></span> <span class='ocrx_word' id='word_1_888' title='bbox 3494 5019 3795 5091; x_wconf 82' lang='grc' dir='ltr'>Σολομῶντος</span> 
     </span>
    </p>
   </div>
   <div class='ocr_carea' id='block_1_115' title="bbox 2288 5110 3795 5187">
    <p class='ocr_par' dir='ltr' id='par_1_115' title="bbox 2288 5110 3795 5187">
     <span class='ocr_line' id='line_1_115' title="bbox 2288 5110 3795 5187; baseline -0.007 -18"><span class='ocrx_word' id='word_1_889' title='bbox 2288 5118 2602 5187; x_wconf 79' lang='grc' dir='ltr'>ἀναφέροιτο</span> <span class='ocrx_word' id='word_1_890' title='bbox 2658 5116 2691 5183; x_wconf 81' lang='grc' dir='ltr'><strong>ἡ</strong></span> <span class='ocrx_word' id='word_1_891' title='bbox 2757 5112 3042 5184; x_wconf 80' lang='grc' dir='ltr'>προγραφὴ</span> <span class='ocrx_word' id='word_1_892' title='bbox 3089 5110 3227 5163; x_wconf 84' lang='grc' dir='ltr'>κατὰ</span> <span class='ocrx_word' id='word_1_893' title='bbox 3274 5110 3398 5172; x_wconf 81' lang='grc' dir='ltr'>τοὺς</span> <span class='ocrx_word' id='word_1_894' title='bbox 3437 5110 3795 5181; x_wconf 74' lang='grc' dir='ltr'>Ἐὁδομήκοντα</span> 
     </span>
    </p>
   </div>
   <div class='ocr_carea' id='block_1_116' title="bbox 2290 5198 3797 5280">
    <p class='ocr_par' dir='ltr' id='par_1_116' title="bbox 2290 5198 3797 5280">
     <span class='ocr_line' id='line_1_116' title="bbox 2290 5198 3797 5280; baseline -0.006 -15"><span class='ocrx_word' id='word_1_895' title='bbox 2290 5210 2548 5280; x_wconf 80' lang='grc' dir='ltr'>φέρουσα,</span> <span class='ocrx_word' id='word_1_896' title='bbox 2574 5224 2592 5257; x_wconf 77' lang='grc' dir='ltr'><strong>ι</strong></span> <span class='ocrx_word' id='word_1_897' title='bbox 2618 5208 2695 5268; x_wconf 81' lang='grc' dir='ltr'><strong>εἰς</strong></span> <span class='ocrx_word' id='word_1_898' title='bbox 2725 5203 3040 5272; x_wconf 89' lang='grc' dir='ltr'>Σολομῶντα</span> <span class='ocrx_word' id='word_1_899' title='bbox 3057 5218 3071 5232; x_wconf 72' lang='grc'><strong>⁸</strong></span> <span class='ocrx_word' id='word_1_900' title='bbox 3104 5220 3122 5251; x_wconf 73' lang='grc' dir='ltr'><strong>ι</strong></span> <span class='ocrx_word' id='word_1_901' title='bbox 3152 5203 3199 5253; x_wconf 86' lang='grc' dir='ltr'>εἰ</span> <span class='ocrx_word' id='word_1_902' title='bbox 3228 5200 3282 5253; x_wconf 81' lang='grc' dir='ltr'>δὲ</span> <span class='ocrx_word' id='word_1_903' title='bbox 3307 5201 3453 5255; x_wconf 80' lang='grc' dir='ltr'>κατὰ</span> <span class='ocrx_word' id='word_1_904' title='bbox 3471 5204 3591 5265; x_wconf 77' lang='grc' dir='ltr'>τοὺς</span> <span class='ocrx_word' id='word_1_905' title='bbox 3612 5198 3797 5256; x_wconf 77' lang='grc' dir='ltr'>λοιποὺς</span> 
     </span>
    </p>
   </div>
   <div class='ocr_carea' id='block_1_117' title="bbox 2291 5288 3797 5369">
    <p class='ocr_par' dir='ltr' id='par_1_117' title="bbox 2291 5288 3797 5369">
     <span class='ocr_line' id='line_1_117' title="bbox 2291 5288 3797 5369; baseline -0.007 -17"><span class='ocrx_word' id='word_1_906' title='bbox 2291 5297 2623 5369; x_wconf 83' lang='grc' dir='ltr'>ἑρμηνευτὰς</span> <span class='ocrx_word' id='word_1_907' title='bbox 2664 5293 2755 5368; x_wconf 82' lang='grc' dir='ltr'><strong>τοῦ</strong></span> <span class='ocrx_word' id='word_1_908' title='bbox 2798 5293 3138 5362; x_wconf 87' lang='grc' dir='ltr'>Σολομῶντος</span> <span class='ocrx_word' id='word_1_909' title='bbox 3169 5288 3581 5362; x_wconf 80' lang='grc' dir='ltr'>εἷναιλέγοιτοή</span> <span class='ocrx_word' id='word_1_910' title='bbox 3620 5290 3797 5360; x_wconf 54' lang='lat' dir='ltr'><strong>spem-</strong></span> 
     </span>
    </p>
   </div>
   <div class='ocr_carea' id='block_1_118' title="bbox 2290 5378 3796 5456">
    <p class='ocr_par' dir='ltr' id='par_1_118' title="bbox 2290 5378 3796 5456">
     <span class='ocr_line' id='line_1_118' title="bbox 2290 5378 3796 5456; baseline -0.008 -17"><span class='ocrx_word' id='word_1_911' title='bbox 2290 5388 2405 5455; x_wconf 78' lang='grc' dir='ltr'>τεία</span> <span class='ocrx_word' id='word_1_912' title='bbox 2428 5428 2443 5450; x_wconf 92' lang='grc'><strong>,</strong></span> <span class='ocrx_word' id='word_1_913' title='bbox 2491 5388 2763 5456; x_wconf 84' lang='grc' dir='ltr'>φήσομεν,</span> <span class='ocrx_word' id='word_1_914' title='bbox 2802 5386 2883 5437; x_wconf 86' lang='grc' dir='ltr'><strong>ὃτι</strong></span> <span class='ocrx_word' id='word_1_915' title='bbox 2916 5380 3074 5443; x_wconf 83' lang='grc' dir='ltr'>αὐτὸς</span> <span class='ocrx_word' id='word_1_916' title='bbox 3110 5381 3138 5431; x_wconf 89' lang='grc' dir='ltr'>ὀ</span> <span class='ocrx_word' id='word_1_917' title='bbox 3187 5380 3467 5450; x_wconf 79' lang='grc' dir='ltr'>Σολομὼν,</span> <span class='ocrx_word' id='word_1_918' title='bbox 3520 5378 3796 5445; x_wconf 79' lang='grc' dir='ltr'>Πνεύματος</span> 
     </span>
    </p>
   </div>
   <div class='ocr_carea' id='block_1_119' title="bbox 2292 5464 3792 5545">
    <p class='ocr_par' dir='ltr' id='par_1_119' title="bbox 2292 5464 3792 5545">
     <span class='ocr_line' id='line_1_119' title="bbox 2292 5464 3792 5545; baseline -0.008 -17"><span class='ocrx_word' id='word_1_919' title='bbox 2292 5476 2611 5545; x_wconf 82' lang='grc' dir='ltr'>πληρωθεὶς,</span> <span class='ocrx_word' id='word_1_920' title='bbox 2660 5464 2915 5545; x_wconf 77' lang='grc' dir='ltr'>τρὶαδιὰ</span> <span class='ocrx_word' id='word_1_921' title='bbox 2949 5471 3149 5524; x_wconf 86' lang='grc' dir='ltr'>τούτων</span> <span class='ocrx_word' id='word_1_922' title='bbox 3195 5471 3485 5542; x_wconf 78' lang='grc' dir='ltr'>παρίστησι</span> <span class='ocrx_word' id='word_1_923' title='bbox 3528 5468 3792 5539; x_wconf 84' lang='grc' dir='ltr'>πρόσωπα·</span> 
     </span>
    </p>
   </div>
   <div class='ocr_carea' id='block_1_120' title="bbox 2290 5555 3792 5632">
    <p class='ocr_par' dir='ltr' id='par_1_120' title="bbox 2290 5555 3792 5632">
     <span class='ocr_line' id='line_1_120' title="bbox 2290 5555 3792 5632; baseline -0.008 -15"><span class='ocrx_word' id='word_1_924' title='bbox 2290 5566 2380 5618; x_wconf 66' lang='grc' dir='ltr'><strong>τὸν</strong></span> <span class='ocrx_word' id='word_1_925' title='bbox 2409 5567 2557 5628; x_wconf 86' lang='grc' dir='ltr'>Θεὸν,</span> <span class='ocrx_word' id='word_1_926' title='bbox 2592 5559 2636 5632; x_wconf 82' lang='grc' dir='ltr'>ᾧ</span> <span class='ocrx_word' id='word_1_927' title='bbox 2664 5564 2759 5631; x_wconf 82' lang='grc' dir='ltr'><strong>τὴν</strong></span> <span class='ocrx_word' id='word_1_928' title='bbox 2792 5563 2952 5632; x_wconf 80' lang='grc' dir='ltr'>εὐχὴν</span> <span class='ocrx_word' id='word_1_929' title='bbox 2987 5560 3313 5628; x_wconf 77' lang='grc' dir='ltr'>ἀναπέμπει,</span> <span class='ocrx_word' id='word_1_930' title='bbox 3342 5560 3437 5612; x_wconf 71' lang='grc' dir='ltr'>καὶ</span> <span class='ocrx_word' id='word_1_931' title='bbox 3475 5559 3564 5611; x_wconf 78' lang='grc' dir='ltr'><strong>τὸν</strong></span> <span class='ocrx_word' id='word_1_932' title='bbox 3592 5555 3792 5626; x_wconf 76' lang='grc' dir='ltr'>βασιλέα.</span> 
     </span>
    </p>
   </div>
   <div class='ocr_carea' id='block_1_121' title="bbox 2295 5646 3795 5721">
    <p class='ocr_par' dir='ltr' id='par_1_121' title="bbox 2295 5646 3795 5721">
     <span class='ocr_line' id='line_1_121' title="bbox 2295 5646 3795 5721; baseline -0.007 -13"><span class='ocrx_word' id='word_1_933' title='bbox 2295 5656 2350 5709; x_wconf 77' lang='grc' dir='ltr'>ὃν</span> <span class='ocrx_word' id='word_1_934' title='bbox 2397 5656 2652 5709; x_wconf 62' lang='grc' dir='ltr'>πέπειστο</span> <span class='ocrx_word' id='word_1_935' title='bbox 2688 5652 2980 5719; x_wconf 74' lang='grc' dir='ltr'>βασιλεύειν</span> <span class='ocrx_word' id='word_1_936' title='bbox 3012 5653 3116 5704; x_wconf 83' lang='grc' dir='ltr'><strong>τῶν</strong></span> <span class='ocrx_word' id='word_1_937' title='bbox 3145 5652 3311 5712; x_wconf 70' lang='grc' dir='ltr'>δλωδ,</span> <span class='ocrx_word' id='word_1_938' title='bbox 3340 5647 3538 5721; x_wconf 67' lang='grc' dir='ltr'>δηλαδὴ</span> <span class='ocrx_word' id='word_1_939' title='bbox 3572 5648 3654 5701; x_wconf 72' lang='grc' dir='ltr'><strong>τὸν</strong></span> <span class='ocrx_word' id='word_1_940' title='bbox 3698 5646 3795 5699; x_wconf 73' lang='grc' dir='ltr'>Υξιὸν</span> 
     </span>
    </p>
   </div>
  </div>
