3966 6348
72 376 164 428 793

1144 375 1642 433 COMMENTARIA
1680 368 1746 431 IN
1786 374 2119 431 PSALMOS.

3158 385 3259 440 795

68 494 150 546 τοῦ
196 492 360 546 Θεοῦ·
410 494 503 547 καὶ
546 492 724 563 τρίτον
775 494 833 546 ὃν
879 493 1163 565 ἀνείληφεν
1223 495 1503 566 ἄνθρωπον
1554 497 1609 548 ὲκ

1717 494 1923 566 psalmo
1959 492 2071 546 ait:
2107 508 2126 541 ι
2165 486 2276 561 Ego
2320 496 2499 545 autem
2524 490 2854 547 constitutus
2898 508 3016 550 sum
3070 509 3161 548 rex
3191 497 3260 550 ab

67 585 367 655 σπέρματος
382 584 610 649 Δαυτδὲξ
634 584 794 637 αὑτοῦ
824 601 885 637 τε
911 584 1004 637 τοῦ
1042 585 1383 656 Σολομῶντος
1408 585 1607 653 γεννώ-

71 693 237 745 μενον,
266 676 453 747 ἕτερον
500 676 627 729 ὅντα
660 676 810 747 παρὰ
851 676 942 729 τὸν
996 675 1217 747 βασιλέα
1246 677 1335 730 τὸν
1378 677 1464 729 διὰ
1513 676 1606 729 τοῦ

65 768 266 836 ψαλμοῦ
306 770 511 837 φάντα·
546 787 565 819 t
602 766 742 837 Ἐγὼ
776 768 830 819 δὲ
872 767 1205 837 κατεστάθην
1239 768 1485 839 βασιλεὺς
1517 769 1607 820 ὑπ’

67 860 217 912 αὐτοῦ
268 861 361 913 ἐπὶ
388 857 526 913 Σιὼν
578 860 701 933 ὅρος
746 861 903 927 ,ἅγιον
949 859 1111 913 αὐτοῦ
1137 899 1151 921 ,
1195 861 1518 929 διαγγέλλων
1547 860 1607 914 τὺ

69 952 381 1022 πρόσταγμα
407 953 633 1024 Κυρίου.
657 951 858 1021 Κύριος
872 946 991 1005 εἷπε
1011 951 1142 1021 πρὸς
1168 951 1265 1021 με’·
1296 953 1421 1016 Υἱός
1439 971 1539 1023 μου
1558 947 1609 1004 εἴ

70 1043 123 1095 σύ
149 1060 160 1072 ⁸
196 1045 304 1111 ὲγὼ
335 1046 571 1115 σήμερον
589 1044 893 1113 γεγέννηκά
932 1060 1009 1096 σε.
1046 1044 1267 1114 Αἶτησαι
1291 1046 1418 1115 παρ’
1450 1044 1608 1115 ἐμοῦ,

67 1135 151 1185 mil.
181 1133 335 1187 δώσω
369 1151 449 1187 σοι
484 1133 608 1203 ἔθνη
658 1134 757 1203 τὴν
805 1135 1163 1206 κληρονομίαν
1212 1151 1299 1188 σου
1322 1176 1334 1198 ,
1368 1136 1466 1188 καὶ
1510 1136 1607 1207 τὴν

66 1227 379 1295 κατάσχεσίν
431 1243 521 1279 σου
568 1226 634 1279 τὰ
676 1225 886 1295 πέρατα
926 1226 1025 1296 τῆς
1066 1230 1184 1296 γῆς.
1222 1246 1238 1277 ι
1269 1227 1363 1280 Διὰ
1404 1227 1606 1281 τούτων

64 1318 161 1387 γὰρ
179 1318 361 1385 σαφῶς
382 1318 676 1381 καταστὰς,
695 1316 877 1371 ἀκούει
904 1320 1038 1387 πρὸς
1056 1318 1149 1371 τοῦ
1171 1319 1378 1391 Πατρός
1397 1337 1410 1349 ο
1437 1339 1455 1370 ι
1482 1320 1607 1382 Υἱός

67 1424 157 1477 μου
209 1404 260 1460 εῐ
308 1408 411 1461 οῦδ
468 1408 576 1476 ἐγὼ
628 1410 863 1480 σήμερον
908 1408 1210 1479 γεγέννηκὰ
1260 1426 1335 1461 σε.
1384 1409 1607 1480 Αίτησαι

67 1501 181 1569 παρ’
204 1499 358 1569 ἐμοῦ,
387 1501 480 1553 καὶ
506 1500 659 1554 δώσω
692 1518 773 1554 σοι
801 1501 925 1571 ἔθνη
952 1502 1048 1572 τὴν
1078 1502 1433 1572 κληρονομίαν
1458 1519 1602 1554 σου.»

63 1584 173 1639 Οἵδε
216 1588 272 1641 δὲ
318 1590 410 1641 καὶ
457 1590 617 1653 αὐτὸς
658 1593 685 1643 6
732 1591 978 1662 Σολομὼν
1028 1592 1117 1644 τὸν
1152 1591 1276 1645 Υίὺν
1317 1592 1408 1644 τοῦ
1452 1591 1606 1654 Θεοῦ,

64 1679 241 1746 σοφίαν
284 1680 561 1750 ὀνομάζων
591 1682 769 1745 αὐτὸν,
804 1683 862 1734 ἐν
893 1678 972 1745 οἷς
1023 1681 1080 1745 ἐξ
1113 1683 1276 1735 αὐτοῦ
1322 1682 1635 1753 προσώπουο

62 1770 111 1819 ἐν
157 1768 478 1840 Παροιμίαις
532 1771 656 1823 τάδε
692 1772 888 1841 φησίν·
929 1791 947 1821 1
1008 1771 1146 1839 Ἐγὼ
1192 1773 1224 1842 ἡ
1264 1772 1429 1840 Σοφία
1476 1789 1604 1824 κατι

1710 601 1775 641 eo
1804 599 1967 654 super
2002 580 2130 637 Sion
2161 589 2396 637 montem
2455 591 2702 637 sanctum
2754 582 2907 651 ejus,
2960 583 3262 654 praedicans

1712 682 2035 745 prmeeptum
2072 672 2299 727 Domini.
2331 670 2592 727 Dominus
2639 671 2774 727 dixit
2812 672 2880 727 ad
2920 688 3040 728 me:
3091 672 3262 729 Filius

1711 781 1864 821 meus
1901 781 1959 818 es
1983 773 2060 828 tu,
2095 778 2197 833 ego
2242 764 2402 818 hodie
2426 765 2584 833 genui
2619 771 2693 817 te.
2740 760 2957 817 Postula
2986 777 3017 816 a
3043 779 3129 819 me
3155 803 3169 827 ,
3208 772 3263 818 et

1710 856 1850 911 dabo
1885 856 1977 909 tibi
2014 862 2202 924 gentes
2247 852 2614 908 btereditatem
2652 860 2831 917 tuam,
2872 860 2922 906 et
2968 854 3265 921 possessio-

1712 963 1832 1002 nem
1883 956 2029 1000 tuam
2078 944 2338 1000 terminos
2392 952 2548 997 terra:
2576 945 2619 999 9.
2678 963 2697 995 ι
2744 942 2840 998 llis
2894 943 3035 997 enim
3080 952 3264 1012 aperte

1711 1039 2059 1105 constitutus,
2092 1022 2207 1091 bzec
2261 1051 2292 1089 a
2336 1034 2497 1089 Patre
2546 1034 2731 1088 audit:
2768 1053 2786 1085 ι
2823 1032 2991 1089 Filius
3023 1048 3175 1088 meus
3204 1048 3264 1085 es

1711 1138 1790 1192 tu,
1823 1145 1923 1199 ego
1963 1127 2121 1183 hodie
2154 1125 2315 1197 genui
2347 1135 2415 1180 te.
2441 1123 2659 1180 Postula
2688 1139 2719 1177 a
2761 1140 2865 1188 mc,
2897 1130 2949 1178 et
2991 1122 3128 1176 dabo
3166 1121 3261 1174 tibi

1711 1226 1897 1289 gentes
1944 1216 2308 1271 baireditatem
2358 1225 2525 1267 tuam.
2580 1232 2596 1263 ι
2651 1211 2808 1265 Novit
2863 1225 3023 1279 porro
3067 1216 3119 1262 et
3148 1210 3263 1277 ipse

1714 1307 1966 1362 Salomon
2001 1305 2196 1359 Filium
2230 1304 2342 1366 Dei,
2368 1304 2461 1372 qui
2485 1303 2660 1373 ipsum
2694 1301 3011 1369 sapientiam
3029 1305 3187 1352 vocat
3207 1297 3258 1348 in

1710 1396 2039 1459 Proverbiis,
2074 1396 2163 1449 ubi
2189 1410 2255 1450 ex
2286 1395 2402 1464 ejus
2426 1406 2655 1463 persona
2692 1376 2769 1447 sic
2801 1392 3071 1461 loquitur:
3100 1408 3121 1441 α
3153 1389 3262 1460 Ego

1642 1490 1645 1495 ’
1715 1487 1986 1558 Sapientia
2012 1476 2306 1540 inliabitavi
2342 1485 2646 1546 consilium,
2672 1492 2725 1538 et
2754 1482 3054 1545 scientiam,
3084 1487 3139 1533 et
3167 1494 3260 1534 co-

1712 1584 2021 1654 gitationem
2046 1596 2145 1651 ego
2166 1578 2432 1633 invocavi.
2458 1576 2557 1631 Per
2584 1591 2668 1631 me
2693 1591 2847 1645 reges
2878 1580 3105 1642 regnant
3123 1572 3201 1637 1°;
3238 1592 3256 1624 ι

1714 1689 1777 1727 ac
1797 1671 1991 1727 deinde
2016 1689 2084 1725 γι
2135 1669 2395 1723 Dominus
2443 1665 2642 1721 creavit
2678 1680 2764 1718 me
2806 1664 3019 1716 initium
3053 1661 3263 1716 viarum

1716 1780 1933 1822 suarum
1965 1764 2019 1817 in
2057 1775 2220 1829 opera
2259 1774 2355 1814 sua
2385 1776 2396 1811 :
2435 1763 2557 1811 ante
2594 1754 2846 1810 saeculum
2874 1751 3117 1805 fundavit
3145 1766 3252 1812 me,

63 1862 328 1927 ετκήνωσα
352 1861 562 1930 βουλὴν,
593 1862 685 1914 καὶ
713 1862 909 1929 γνῶσιν
935 1864 1027 1914 καὶ
1047 1863 1250 1915 ἔννοιαν
1281 1862 1388 1930 ἐγὼ
1411 1866 1609 1916 ὲπεκα-

1710 1866 1996 1928 antequam
2032 1860 2242 1908 montcs
2271 1851 2665 1906 collocarentur
2693 1866 2705 1901 :
2738 1853 2860 1900 ante
2883 1857 3072 1900 omnes
3094 1842 3259 1897 colles

62 1949 309 2020 λεσὰμην.
337 1952 414 2002 Δι’
441 1950 575 2021 ἐμοῦ
610 1951 850 2020 βασιλεῖς
876 1952 1241 2021 βασιλεύουσι·
1274 1972 1290 2003 ι
1330 1954 1418 2005 καὶ
1450 1954 1572 2023 ἑξῆς
1590 1973 1603 1985 ·

67 2060 82 2089 ι
122 2039 320 2110 Κύριος
366 2041 547 2093 ἐκτισέ
611 2058 678 2111 με
715 2044 885 2112 ἀρχὴν
927 2042 1059 2095 ὁδῶν
1124 2042 1285 2094 αὑτοῦ
1348 2043 1425 2104 είς
1475 2042 1608 2113 ἔργα

61 2130 231 2193 αὐτοῦ,
269 2132 379 2202 Πρὸ
406 2132 497 2185 τοῦ
536 2132 729 2195 αἰῶνος
758 2132 1079 2203 ὲθεμελίωσέ
1110 2150 1196 2202 με,
1237 2132 1340 2203 πρὸ
1376 2132 1469 2185 τοῦ
1508 2132 1608 2204 ὅρη

64 2222 421 2293 ἑδρασθῆναι·
477 2224 582 2295 πρὸ
638 2223 695 2276 δὲ
746 2223 961 2276 πάντων
1018 2223 1215 2293 βουνῶν
1259 2225 1419 2293 γεννᾷ
1472 2240 1557 2293 με.
1584 2242 1603 2275 ι

62 2315 297 2385 Γέννημει
325 2315 501 2368 τοίνυν
548 2315 639 2367 τοῦ
668 2315 799 2368 Θεοῦ
828 2316 859 2385 ἡ
909 2302 1066 2385 σοφία
1108 2317 1201 2369 καὶ⁵
1229 2317 1256 2368 6
1290 2316 1415 2379 Υἱὸς
1446 2314 1608 2368 αὑτοῦ

62 2410 86 2459 ὁ
110 2408 444 2476 Μονογενής·
480 2407 576 2459 καὶ
626 2408 759 2478 περὶ
784 2406 945 2459 αὑτοῦ
988 2405 1084 2476 τὴν
1128 2404 1402 2475 παροῦσαν
1448 2402 1609 2473 εὐχὴν

62 2498 357 2565 ἀναπέμπει
391 2498 421 2548 6
452 2496 698 2566 Σολομὼν
729 2497 976 2565 φάσκων·
1017 2517 1035 2548 ι
1071 2498 1126 2549 '0
1149 2496 1299 2559 Θεὸς,
1331 2496 1391 2547 τὸ
1435 2494 1608 2567 κρίμα

65 2604 149 2639 σου
192 2588 273 2657 τῷ,
300 2588 508 2657 βασιλεῖ
552 2589 672 2651 δὸς,
718 2606 740 2640 ι
780 2590 935 2659 δῆλον
980 2589 1024 2641 δ’
1068 2589 1150 2640 ὃτι
1197 2587 1273 2656 τῷ
1323 2587 1610 2653 Μονογενεί

64 2678 207 2747 Λόγῳ
232 2694 347 2729 σου.
385 2677 604 2747 Ἐπειδὴ
634 2677 743 2748 γὰρ
769 2677 986 2749 ἔκρινας
1016 2678 1174 2731 αὑτὸν
1200 2676 1290 2729 ἐπὶ
1314 2675 1415 2744 γῆς
1444 2675 1611 2745 ὀφθῆ-

64 2785 161 2831 ναι,
186 2770 272 2821 ἵνα
307 2769 379 2838 μὴ
419 2770 575 2839 μόνον
609 2769 717 2821 τῶν
751 2769 870 2822 κατ’
903 2767 1167 2841 οὐρανῶν,
1204 2766 1341 2821 ἀλλὰ
1381 2766 1472 2818 καὶ
1500 2765 1607 2818 τῶν

68 2856 147 2907 ἐπὶ
174 2857 273 2925 γῆς
300 2856 573 2927 βασιλεύῃ,
595 2857 749 2909 τοῦτο
771 2857 831 2910 τὸ
857 2857 1029 2927 κρίμα
1052 2858 1151 2927 ἤδη
1175 2855 1303 2908 ποτὲ
1332 2856 1421 2907 ἐπὶ
1439 2856 1609 2924 πέρας

66 2946 291 3012 ἀγέσθωο
325 2950 416 3001 καὶ
446 2948 543 3019 τὴν
572 2948 911 3018 δικαιοσύνην
942 2949 999 3001 δὲ
1027 2950 1124 3017 τὴν
1158 2947 1252 3018 σὴν
1282 2946 1359 3017 τῷ
1384 2946 1485 3015 υἱῴ
1513 2946 1606 2998 τοῦ

66 3036 315 3103 βασιλέως
340 3038 445 3103 δὸς,
472 3039 661 3103 ὁΘεός·
682 3040 795 3093 υἱοῦ
821 3040 1081 3110 βασιλέως
1106 3038 1333 3093 ἐνταῦθα
1357 3036 1448 3090 τοῦ
1469 3037 1608 3090 κατὰ

67 3128 227 3197 σάρκα
244 3130 527 3200 νοουμένου
558 3134 621 3183 ὲκ
647 3131 957 3207 σπέρματος
967 3130 1147 3194 Δαυῒδ,
1170 3130 1227 3183 ὃν
1252 3115 1411 3189 αὐτὸς
1434 3125 1606 3195 ἑαυτῷ

1711 1932 1882 2017 gignit
1911 1960 1995 1999 me
2019 1945 2082 1998 “.
2120 1963 2139 1996 ι
2165 1941 2353 1997 Proles
2383 1941 2546 2011 igitur
2576 1937 2669 1993 Dei
2700 1946 2782 1991 est
2809 1935 3071 2004 sapientia
3093 1930 3260 1990 et‘Fi-

1710 2035 1814 2087 lius
1863 2034 1982 2100 ejus
2028 2030 2384 2101 Unigenitus:
2436 2043 2609 2098 neque
2661 2028 2753 2081 illo
2809 2025 3059 2081 Salomon
3118 2024 3258 2079 hanc

1710 2118 1887 2173 fundit
1903 2120 2200 2172 orationem
2222 2118 2437 2172 dicens:
2468 2136 2487 2167 ι
2514 2115 2949 2184 Deus,judicium
2971 2120 3119 2168 tuum
3143 2113 3257 2175 regi

1709 2209 1799 2271 da,
1837 2229 1859 2261 ι
1892 2209 2100 2264 scilicet
2130 2206 2415 2277 Unigenito
2442 2205 2619 2261 Verbo
2664 2213 2779 2261 tuo.
2814 2202 2951 2271 Quia
2982 2205 3126 2261 enim
3169 2205 3271 2275 ju-,

1708 2301 1905 2356 dicasti
1942 2308 1999 2354 ut
2027 2300 2081 2353 in
2111 2307 2256 2354 terra
2290 2282 2582 2360 videretur,
2620 2304 2678 2349 ut
2702 2311 2810 2373 non
2840 2298 3000 2363 modo
3024 2296 3261 2351 ctelesti‘

1710 2395 1835 2457 bus,
1856 2392 1949 2448 sed
1976 2393 2136 2447 etiam
2172 2389 2399 2445 terrenis
2427 2394 2706 2457 regnaret;
2736 2388 2837 2441 hoc
2866 2385 3129 2454 judicium
3145 2387 3259 2456 jam

1708 2486 1925 2540 demum
1964 2484 2030 2539 ad
2077 2482 2367 2538 terminum
2425 2479 2740 2535 deducatur.
2799 2478 3072 2534 Justitiam
3130 2477 3259 2532 item

1708 2586 1853 2630 tuam
1888 2574 1997 2629 lilio
2026 2574 2167 2643 regis
2190 2612 2205 2636 ,
2243 2587 2278 2627 ο
2308 2571 2450 2627 Deus
2474 2611 2486 2635 ,
2520 2570 2755 2626 concede
2781 2589 2794 2625 :
2829 2570 2916 2625 hic
2955 2583 3084 2625 vero
3116 2567 3261 2623 ﬁlius

1708 2665 1852 2735 regis
1900 2661 2219 2729 intelligitur
2247 2659 2544 2713 secundum
2576 2672 2795 2732 carnem
2823 2673 2891 2712 ex
2922 2656 3125 2712 semine
3154 2655 3259 2711 Da-

1708 2756 1817 2818 vid,
1849 2768 2007 2824 quem
2040 2752 2132 2806 Dei
2156 2749 2413 2812 Verbum,
2445 2749 2586 2819 quod
2621 2756 2779 2803 antea
2803 2749 3118 2812 exsistebat,
3152 2747 3259 2803 sibi

1708 2842 1781 2900 ex
1823 2843 2023 2914 Spiritu
2072 2849 2260 2898 sancto
2321 2847 2376 2895 et
2431 2847 2620 2899 sancta
2664 2837 2882 2908 Virgine
2939 2837 3254 2893 constituit:

1707 2950 1865 3006 quem
1910 2933 2035 2989 item
2067 2940 2199 3002 puto
2232 2929 2573 2984 Salomonem
2628 2928 2683 2982 in
2726 2926 3032 2991 Proverbiis
3064 2923 3255 2981 subin-

1708 3028 1891 3081 dicare
1913 3027 1996 3081 his
2019 3025 2197 3079 verbis
2221 3042 2234 3078 :
2270 3042 2289 3073 ι
2326 3023 2457 3087 Quis
2486 3020 2727 3077 ascendit
2756 3023 2810 3074 in
2838 3022 3032 3076 caelum
3073 3031 3124 3075 et
3162 3019 3258 3074 de-

1708 3119 1925 3173 cendit?
1957 3117 2089 3183 Quis
2150 3116 2492 3185 congregavit
2552 3120 2742 3169 ventos
2805 3114 2860 3168 in
2908 3114 3075 3168 sinu?
3123 3111 3259 3178 Quis

64 3218 89 3267 6
129 3216 317 3285 ’προὼν
346 3199 439 3271 τοῦ
470 3219 603 3273 Θεοῦ
654 3199 825 3299 Λόγος
867 3219 927 3285 ἐξ
972 3221 1123 3289 ἁγίου
1164 3220 1475 3289 Πνεῦματος
1512 3216 1604 3268 καὶ

1705 3208 1969 3261 convertit
1996 3218 2186 3273 aquam
2228 3203 2284 3256 in
2311 3201 2736 3259 vestimentum?
2777 3200 2911 3267 Quis
2946 3199 3260 3254 dominatus

64 3305 150 3373 τῆς
175 3308 338 3376 ἁγίας
360 3309 639 3383 Παρθένου
685 3312 1045 3381 συνεστήσατο
1065 3329 1077 3342 ·
1106 3312 1163 3363 ὃν
1197 3312 1289 3363 καὶ
1317 3312 1373 3361 εν
1412 3310 1607 3377 Παροι-

71 3396 204 3475 flint;
230 3406 554 3461 αἰνίττεσθαι
588 3403 676 3457 τὸν
694 3402 1011 3471 Σολομῶντα
1030 3402 1162 3472 ἡγοῦ
1172 3420 1265 3471 μαι
1289 3403 1354 3454 δι’
1374 3394 1447 3453 ὧν
1461 3392 1607 3471 ’γρά-

70 3497 479 3565 φειλέγωνίΤίς
506 3495 671 3564 ἀνέϐη
692 3496 770 3556 είς
784 3494 874 3546 τὸν
894 3494 1114 3563 οὐρανὸν
1132 3493 1223 3544 καὶ
1250 3492 1448 3560 κατέση
1474 3508 1488 3554 ;
1514 3491 1607 3553 Τίς

70 3588 356 3657 συνήγαγεν
381 3586 612 3657 ἀνέμους
638 3586 694 3637 ὲν
719 3584 929 3654 κὸλπῳ;
960 3584 1056 3646 Τίς
1083 3583 1436 3653 συνέστρεψεν
1467 3582 1607 3651 ὕδωρ

70 3680 119 3729 ὲν
138 3678 329 3747 ἱματίῳ
352 3694 367 3742 ;
388 3676 484 3739 Τίς
501 3677 768 3747 ἐκράτησε
791 3675 1005 3728 πάντων
1023 3673 1129 3727 τῶν
1152 3673 1331 3742 ἄκρων
1354 3674 1453 3742 τῆς
1473 3673 1573 3742 γῆς
1591 3689 1605 3737 ;

71 3769 127 3820 Τί
146 3769 307 3837 ὗνομα
335 3768 499 3837 αὐτῷ,
528 3769 619 3821 καί
649 3767 701 3819 τί
727 3768 892 3836 ὄνομα
922 3765 999 3836 τῷ
1025 3764 1137 3834 Υἱῷ
1170 3762 1364 3827 aurai");
1398 3780 1416 3813 ι
1454 3762 1607 3814 Οὕτω

72 3854 165 3925 γὰρ
198 3858 544 3928 ήρμήνευσαν
576 3857 623 3908 oi
666 3855 871 3908 λοιποί·
909 3847 943 3906 6
985 3853 1080 3923 μὲν
1140 3852 1365 3914 Ἀκύλας
1401 3849 1566 3903 εἰπών
1590 3868 1602 3881 ·

78 3964 92 3993 σ
120 3946 177 3996 Ti
202 3947 370 4017 ὄνομα
402 3947 568 4016 αὐτῷ,
595 3947 688 4000 καὶ
709 3946 761 3997 τί
787 3946 954 4015 ὄνομα
985 3943 1067 4012 τῷ
1100 3941 1209 4012 Υἱῷ
1234 3941 1432 4005 dinei;
1467 3960 1484 3991 ι
1516 3940 1608 3993 καὶ

72 4038 95 4087 6
115 4036 606 4107 Θεώοτίωνοὸμοίως
621 4054 635 4067 ·
650 4055 667 4086 t
686 4036 750 4087 Ti
778 4036 944 4104 ὄνομα
975 4033 1138 4103 αὐτῷ,
1161 4032 1250 4085 καὶ
1265 4032 1317 4083 τί
1343 4030 1508 4101 ὄνομα
1531 4033 1608 4102 τῷ

73 4124 174 4193 Tqu
205 4125 400 4188 αὐτοῦς
430 4144 447 4176 ι
492 4124 681 4192 Σαφῶς
718 4124 826 4193 γὰρ
856 4126 912 4176 ὲν
957 4123 1164 4184 τούτοις
1208 4110 1303 4190 μὲν
1333 4122 1607 4192 κρατήσας

73 4215 159 4283 τῆς
187 4216 307 4283 γῆς,
342 4216 434 4267 καὶ
466 4211 853 4283 καταϐεϐηκὼς
880 4214 972 4265 καὶ
1003 4208 1235 4265 ἀνελθὼν
1261 4212 1339 4273 είς
1363 4212 1605 4282 οὐρανὸν,

74 4306 133 4357 τά
160 4323 215 4357 τε
246 4305 656 4373 λοιπὰ’δεόμενα
679 4304 776 4373 τῆς
808 4302 946 4356 κατὰ
976 4302 1165 4373 σχολὴν
1189 4300 1478 4372 ἑρμηνείας
1516 4319 1609 4355 πε-

75 4395 321 4467 ποιηκὼς,
354 4396 525 4458 οὐδεὶς
556 4394 620 4447 ἂν
646 4395 848 4461 γένοιτο
868 4396 1048 4465 ἕτερος
1066 4391 1157 4447 τοῦ
1184 4389 1312 4443 Υίοῦ
1336 4391 1428 4444 τοῦ
1450 4390 1604 4454 Θεοῦ,

76 4490 127 4551 ὃς
152 4489 283 4542 αὐτὰ
309 4488 370 4559 δὴ
397 4488 569 4541 ταῦτα
592 4484 851 4538 διδάσκων
890 4485 1070 4553 ἔλεγεν
1092 4500 1105 4513 ·
1147 4501 1164 4533 ι
1193 4482 1377 4545 Οὐδεὶς
1412 4481 1605 4535 ἀναϐέ-

1709 3305 1790 3353 est
1812 3296 2050 3351 omnium
2091 3293 2279 3349 (inium
2331 3291 2525 3348 terrae?
2554 3291 2705 3357 Quod
2746 3306 2940 3345 nomen
2987 3290 3104 3361 ejus
3130 3330 3145 3354 ,
3203 3298 3257 3345 et

1705 3390 1846 3461 quod
1871 3404 2065 3445 nomen
2096 3387 2205 3441 ﬁlio
2258 3385 2378 3456 ejus
2402 3385 2485 3439 "‘P
2520 3404 2540 3461 ι
2596 3383 2685 3439 Sic
2721 3385 2863 3439 enim
2918 3381 3255 3451 interpretati

1684 3488 1843 3538 sunt
1884 3482 2096 3551 reliqui,
2125 3479 2317 3549 Aquila
2368 3478 2576 3534 scilicet
2610 3477 2831 3532 dicens:
2885 3493 2901 3525 ι
2938 3472 3092 3539 Quod
3154 3487 3255 3525 no-

1705 3590 1827 3628 men
1856 3573 1995 3642 ipsi,
2034 3578 2089 3625 et
2131 3569 2274 3640 quod
2310 3570 2502 3623 nomen
2537 3567 2646 3621 lilio
2689 3564 2841 3635 ejus?
2879 3583 2897 3615 ι
2960 3561 3256 3616 Theodotio

1707 3664 1987 3725 similiter,
2044 3680 2062 3712 ι
2100 3660 2253 3727 Quod
2306 3675 2500 3715 nomen
2548 3660 2699 3727 ejus,
2758 3664 2812 3711 ct
2862 3644 3004 3725 quod
3058 3667 3257 3707 nomen

1707 3755 1815 3810 ﬁlio
1848 3754 2009 3822 ejus?
2042 3773 2060 3805 ι
2095 3752 2253 3807 Clare
2289 3752 2433 3807 enim
2466 3749 2558 3819 qui
2587 3749 2674 3802 hic
2706 3747 2877 3803 fertur
2895 3753 3052 3801 terrm
3089 3745 3258 3811 impe-

1704 3860 1873 3906 rasse,
1899 3843 2245 3899 descendisse
2287 3851 2340 3897 et
2364 3838 2674 3895 ascendisse
2707 3838 2761 3891 in
2791 3835 3010 3900 coelum,
3040 3841 3093 3887 et
3129 3833 3257 3885 reli-

1704 3948 1810 4003 qua
1856 3931 2162 4001 peregisse,
2224 3944 2343 3999 quae
2390 3927 2607 3981 n0nnisi
2656 3923 2961 4003 pervetium
3000 3919 3256 3989 explicari

1705 4000 1952 4093 possunt,
1983 4000 2164 4075 nullus
2191 4019 2328 4072 alius
2358 4031 2517 4087 quam
2550 4014 2718 4068 Filius
2757 4000 2852 4067 Dei
2904 4010 3067 4065 fuerit
3090 4050 3105 4075 ,
3164 4008 3259 4077 qui

1704 4109 1819 4168 haec
1850 4113 1965 4183 ipsa
1998 4111 2224 4167 docebat
2268 4110 2356 4164 his
2403 4108 2580 4163 verbis
2615 4125 2628 4161 :
2673 4123 2691 4155 ι
2726 4102 2895 4158 Nemo
2931 4099 3170 4155 ascendit
3202 4099 3256 4155 in

1714 4203 1941 4267 caelum,
1995 4201 2100 4255 nisi
2150 4199 2241 4269 qui
2272 4199 2338 4253 de
2371 4199 2506 4252 cmlo
2558 4191 2836 4249 descendit
2886 4188 3053 4244 Filius
3081 4186 3259 4241 homi-

1678 4297 1791 4350 -nis
1822 4294 1886 4345 ¹³.
1928 4311 1946 4345 ι
1987 4291 2089 4358 Qui
2118 4299 2296 4345 autem
2346 4287 2435 4342 hic
2462 4285 2632 4339 Filius
2661 4283 2777 4353 ejus
2816 4278 3032 4341 dicitur,
3063 4290 3255 4331 secun-

1706 4388 1834 4442 dum
1867 4399 2085 4440 carnem
2119 4381 2471 4451 intelligatur,
2501 4390 2660 4446 quam
2683 4389 2747 4428 ex
2780 4371 2982 4426 semine
3015 4365 3181 4419 David
3202 4371 3257 4419 et

1708 4476 2014 4533 Salomonis
2040 4474 2235 4528 factam
2264 4473 2511 4547 accepit,

78 4549 228 4650 6ηκεν
258 4584 335 4645 εἰς
358 4549 452 4635 ἰἐὸν
484 4578 707 4649 οὐρανὸν
748 4581 796 4631 εί
834 4580 908 4649 μὴ
934 4580 961 4631 6
987 4549 1049 4630 εκ
1081 4574 1173 4631 τοῦ
1217 4576 1440 4645 οὐρανοῦ
1472 4574 1711 4637 καταὸὰς
1749 4576 1776 4627 6
1832 4571 1959 4634 Υἱὸς
2005 4569 2096 4623 τοῦ
2145 4564 2453 4637 ἀνθρώπου·
2503 4580 2522 4612 ι
2560 4561 2617 4613 ’0
2640 4558 2683 4609 δ’
2709 4554 2933 4609 ἐνταῦθα
2975 4549 3261 4650 λεγόμενος

78 4642 226 4725 αῦτοῦ
259 4642 383 4737 Tib;
412 4674 494 4744 εἴη
522 4642 588 4725 aiv
620 4672 648 4724 6
669 4671 807 4723 κατὰ
834 4642 1029 4744 ’σάρκα
1059 4642 1358 4740 νοοῦμενος,
1385 4668 1450 4739 ἢν
1509 4667 1795 4739 ἀνείληφεν
1824 4668 1894 4718 ὲκ
1923 4663 2231 4733 σπέρματος
2262 4655 2421 4709 Δαυῖδ
2453 4654 2543 4707 καὶ
2575 4649 2908 4721 Σολομῶντος
2942 4642 3248 4715 γενομένην,

152 4785 281 4837 Ἀλλ’
320 4785 440 4838 ἐπεὶ
472 4782 733 4837 Ἰουδαίων
762 4784 946 4846 παῖδες
983 4784 1085 4846 τὰς
1117 4782 1478 4855 προκειμένας
1505 4782 1609 4834 τῶν

1784 4777 1886 4834 Sed
1911 4776 2036 4845 quia
2063 4772 2234 4828 Judaei
2261 4771 2359 4825 bas
2402 4766 2815 4840 Proverbiorum
2848 4774 3006 4816 voces
3034 4757 3256 4811 univer-

80 4872 373 4944 Παροιμιῶν
405 4873 583 4944 φωνὰς
612 4875 690 4937 είς
721 4874 809 4926 τὸν
846 4876 937 4926 ἐπὶ
966 4876 1178 4929 πάντων
1214 4874 1343 4927 Θεὸν
1382 4872 1604 4949 ἀνάξου-

80 4980 173 5025 ςιν,
194 4966 288 5017 οὐκ
318 4967 514 5028 εἰδότες
537 4966 626 5019 τὸν
650 4966 773 5019 Υίὸν
787 4965 877 5017 τοῦ
909 4964 1063 5029 Θεοῦ,
1086 4965 1319 5017 δεικτέον
1340 4963 1517 5025 αὐτοῖς
1546 4964 1608 5015 ὲκ

80 5052 175 5103 τῶν
198 5057 565 5123 προκειμένων
588 5059 661 5120 ὡς
697 5057 823 5109 Υἱὸν
861 5055 1014 5120 Θεοῦ,
1051 5057 1233 5125 σαφῶς
1261 5055 1351 5108 καὶ
1387 5054 1607 5125 διαρρή··
1665 5053 1669 5056 ”

81 5140 165 5207 δην
192 5142 511 5213 παρίστησιν
535 5147 568 5214 ἡ
606 5146 794 5218 Γραφὴ
822 5145 1047 5214 λέγουσα
1066 5162 1078 5175 ·
1120 5164 1137 5196 t
1162 5145 1225 5197 Ti
1246 5144 1413 5212 ὄνομα
1441 5143 1607 5211 αὐτῷ,

82 5232 164 5283 καὶ
180 5232 229 5283 τί
257 5233 421 5302 ὖνομα
452 5233 531 5303 τῷ
560 5234 671 5303 Υίῷ
703 5236 896 5300 aurei};
932 5256 949 5286 ι
978 5237 1197 5290 Φάσκων
1226 5234 1282 5286 δὲ
1306 5235 1335 5285 6
1372 5232 1524 5300 λόγος
1553 5236 1610 5285 ὲν

82 5322 149 5391 τῷ
172 5322 360 5393 ψαλμῷ
384 5340 396 5349 ·
422 5343 441 5374 ι
476 5325 533 5377 Ὀ
561 5324 710 5389 Θεὸς,
734 5327 794 5377 τὸ
815 5327 987 5399 κρίμα
1016 5345 1107 5379 σου
1131 5325 1206 5394 τῷ
1240 5323 1446 5393 βασιλεῖ
1467 5324 1603 5386 δὸςι⁹

84 5412 199 5464 ἄλλο
223 5408 354 5465 εἶναι
375 5413 434 5466 τὸ
455 5412 627 5483 κρίμα
652 5415 800 5485 παρά
821 5414 917 5486 τὴν
942 5417 1119 5487 κρίσιν
1134 5416 1398 5467 διδάσκει.
1421 5415 1607 5485 Κρίμα

84 5502 182 5572 γὰρ
209 5504 268 5556 τὸ
298 5502 441 5567 ἆπαξ
472 5503 624 5569 δόξαν
650 5503 727 5575 τῷ
751 5504 867 5577 Θεῷ
896 5505 987 5559 καὶ
1014 5507 1074 5558 τὸ
1102 5503 1286 5576 κριθὲν
1311 5505 1438 5573 παρ’
1462 5504 1635 5573 αὐτῷ,

89 5586 347 5663 τυγχάνειέ
394 5595 571 5666 κρίσις
609 5595 665 5649 δὲ
714 5595 819 5649 τῶν
867 5596 1194 5667 κρινομένων
1237 5595 1532 5666 διάκρισις,
1574 5589 1607 5667 ᾗ

153 5769 171 5799 ’
194 5767 329 5826 Psal.
360 5788 419 5840 ιι,
446 5772 562 5829 6-8.
640 5774 681 5805 ¹⁰
705 5772 859 5828 Prov.
897 5787 1012 5835 vni,
1042 5772 1123 5827 li.
1204 5774 1239 5804 ¹¹
1267 5771 1396 5825 ibid.
1426 5770 1513 5836 ‘22,
1545 5770 1629 5822 Εἲς.

1706 4885 1886 4925 serum
1918 4867 2023 4920 Deo
2071 4860 2660 4932 referenthnescientes
2709 4854 2899 4911 Filium
2956 4849 3051 4905 Dei
3104 4848 3254 4900 hisce

1706 4960 1883 5017 verbis
1920 4956 2073 5026 quasi
2111 4971 2237 5011 vere
2276 4953 2464 5008 Filium
2496 4951 2587 5005 Dei
2619 4943 3091 5003 demonstrandum
3122 4938 3255 5007 ipsis

1708 5065 1847 5111 esse,
1876 5047 1928 5100 id
1962 5046 2105 5100 clare
2138 5052 2194 5099 et
2226 5049 2407 5113 aperte
2434 5038 2713 5106 Scriptura
2762 5034 2998 5088 declarat
3026 5029 3112 5082 liis
3137 5042 3255 5081 ver-

1709 5142 1824 5195 bis:
1854 5157 1871 5189 ι
1895 5137 2049 5203 Quod
2076 5151 2271 5190 nomen
2299 5134 2435 5201 ejus,
2453 5138 2506 5185 et
2528 5128 2670 5198 quod
2695 5141 2885 5181 nomen
2902 5121 3036 5177 Filio
3053 5120 3196 5187 ejus?
3227 5138 3246 5170 ι

1664 5230 1669 5239 “
1714 5233 1847 5287 Cum
1894 5238 2068 5283 autem
2098 5226 2376 5295 Scriptura
2414 5222 2469 5274 in
2502 5220 2707 5289 psalmo
2741 5218 2894 5279 dicit,
2929 5232 2949 5263 ‹
2983 5210 3145 5271 Deus,
3172 5211 3281 5279 ,ἱίι-Δ

1714 5322 1913 5379 dicium
1964 5327 2113 5372 tuum
2161 5318 2270 5385 regi
2312 5313 2412 5377 da;
2454 5329 2473 5361 ›
2516 5311 2785 5364 diversum
2828 5319 2947 5360 esse
2990 5302 3249 5372 judicium

1712 5430 1744 5469 a
1771 5409 2101 5481 judicatione
2128 5408 2303 5462 docet.
2330 5401 2461 5455 Nam
2512 5400 2771 5471 judicium
2805 5404 2889 5451 est
2914 5393 3055 5464 quod
3086 5391 3251 5445 semel

1712 5502 1820 5557 Deo
1858 5499 2111 5569 placitum
2146 5508 2198 5551 et
2223 5494 2519 5563 judicatum
2555 5497 2673 5556 est;
2701 5486 2962 5557 judicatio
3006 5495 3134 5536 vero
3165 5487 3250 5534 est

1712 5606 1895 5667 eorum
1923 5605 2040 5659 qua:
2064 5588 2375 5659 judicantur
2405 5596 2648 5643 examen,
2683 5578 2824 5648 quod
2873 5572 3113 5645 sequitur
3151 5584 3249 5639 pro

1712 5769 1751 5799 ι’
1781 5764 1935 5819 Prov.
1960 5764 2048 5819 '50.
2073 5763 2124 5816 4.
2238 5761 2278 5791 ¹³
2307 5757 2461 5813 Joan.
2486 5772 2568 5811 ιιι.
2609 5753 2690 5807 l5.
