3966 6348
689 395 792 453 795

1346 395 1608 449 EUSEBH
1644 391 2120 449 CAESARIENSIS
2159 391 2308 448 OPP.
2349 391 2528 446 PARS
2566 390 2744 450 lll.-—-
2771 385 3178 445 EXEGETICA.

3801 389 3898 444 795

688 511 882 566 merito
913 510 1134 579 singulis
1171 510 1293 563 data
1335 511 1635 567 retributio.
1684 510 1862 576 Quare
1891 510 1976 563 hic
2005 525 2111 563 non
2147 509 2228 578 ju-

2332 509 2720 580 παρακολουθεῖ
2750 507 2809 560 τδ
2857 508 2974 561 κατ’
3009 505 3160 571 ἀξίαν
3204 503 3598 575 ἀπονεμητικδν
3647 503 3890 573 ἑκάστῳ.

689 601 1006 656 dicationem
1056 603 1290 670 postulat
1321 605 1432 672 regi
1462 604 1600 663 dari,
1633 603 1727 658 sed
1765 603 2025 671 judicium
2049 643 2064 665 ,
2116 603 2228 657 sive

689 693 1006 746 sententiam
1037 701 1090 746 et
1121 693 1371 761 placitum
1399 691 1576 746 Patris
1605 693 1670 747 de
1702 693 1882 756 divino
1907 692 2025 746 Filii
2055 693 2138 748 sui
2162 692 2228 747 ad

687 780 932 845 homines
965 782 1213 835 adventu.
1269 780 1540 835 Judicium
1590 783 1768 850 itaque
1820 783 1965 852 regi,
2017 784 2226 853 justitia

687 887 815 926 vero
843 864 952 925 tilio
979 874 1118 941 regis
1146 871 1322 924 datur.
1355 873 1474 940 Ipse
1499 872 1693 941 quippe
1725 888 1816 926 rex
1842 873 2050 942 justitia
2090 883 2226 936 erat,

689 969 748 1012 ut
803 962 1038 1015 declarat
1094 961 1380 1031 Apostolus
1430 962 1612 1017 dicens
1648 983 1660 1018 :
1701 982 1718 1014 ι
1761 965 1860 1030 Qui
1921 964 2094 1018 factus
2144 974 2228 1018 est

683 1049 842 1103 nobis
875 1051 1136 1118 sapientia
1168 1065 1197 1102 a
1230 1049 1357 1114 Deo,
1383 1051 1592 1122 justitia
1623 1055 1747 1108 item
1777 1064 1831 1126 et
1854 1055 2225 1119 sanctiﬁcatio,

687 1150 740 1194 et
767 1143 1062 1212 redemptio
1088 1143 1150 1196 ιδ.
1190 1161 1206 1193 ι
1247 1141 1369 1197 Haec
1417 1149 1594 1214 itaque
1629 1143 1803 1198 Patris
1863 1144 2228 1212 justitia-lilio

685 1230 827 1300 regis
878 1231 1000 1284 data
1060 1241 1138 1286 est
1205 1247 1270 1287 ex
1315 1234 1519 1288 semine
1569 1233 1732 1307 David
1784 1234 2078 1288 secundum
2110 1250 2228 1288 car-

691 1334 810 1373 nem
867 1321 1052 1375 facto:
1094 1323 1148 1376 in
1181 1338 1286 1390 quo
1337 1338 1436 1377 ceu
1479 1324 1532 1375 in
1582 1324 1778 1393 templo
1824 1323 2077 1378 habitavit
2132 1325 2226 1399 Dei

685 1412 906 1464 verbum
959 1423 1011 1466 et
1053 1414 1310 1482 sapientia
1354 1421 1407 1468 et
1449 1414 1675 1482 justitia.
1713 1415 1940 1470 Causam
1974 1432 2099 1471 vero
2129 1431 2228 1471 cur

682 1499 892 1568 justitia
926 1511 1217 1556 memorato
1248 1504 1356 1557 tilio
1386 1505 1527 1575 regis
1561 1506 1683 1559 data
1717 1508 1824 1570 sit,
1854 1507 2043 1561 deinde
2072 1507 2226 1564 docet

688 1589 773 1644 bis
803 1592 1013 1644 verbis:
1053 1612 1070 1644 ι
1105 1591 1353 1649 Judicare
1373 1597 1625 1664 populum
1659 1604 1808 1652 tuum
1836 1599 1888 1652 in
1918 1600 2148 1668 justitia,
2174 1609 2227 1655 et

688 1693 952 1748 pauperes
981 1690 1102 1736 tuos
1133 1684 1185 1737 in
1213 1685 1443 1752 judicio.
1479 1707 1499 1738 ι
1527 1685 1822 1756 Oportebat
1854 1691 1996 1743 enim
2029 1705 2226 1759 paupe-

688 1783 778 1822 res
813 1767 920 1833 Dei,
958 1781 1007 1823 et
1038 1773 1292 1841 populum
1316 1774 1435 1842 ejus
1474 1775 1528 1828 in
1558 1776 1870 1832 hominibus
1895 1793 1924 1830 a
1951 1778 2058 1833 tilio
2087 1781 2226 1849 regis

2333 604 2526 672 Διόπερ
2570 601 2798 655 ἐνταῦθα
2834 602 2891 652 ού
2921 600 3016 671 τὴν
3057 599 3234 668 κρίσιν
3274 596 3411 660 ἀξιοῖ
3453 596 3747 664 δοῦναιτῷ
3798 595 3889 664 βα-

2335 694 2492 746 σιλεῖ’
2524 692 2657 745 ἀλλά
2688 693 2748 745 τδ
2782 692 2974 763 κρίμα,
2997 690 3235 743 τουτέστι
3255 689 3315 742 τὸ
3353 689 3524 758 δόγμα
3550 687 3644 739 καὶ
3677 687 3746 738 τὸ
3776 704 3898 755 κρι-

2334 786 2423 838 θὲν
2453 784 2528 855 τῷ
2554 785 2724 855 Πατρὶ
2765 784 2890 855 περὶ
2930 782 3030 851 τῆς
3077 784 3156 845 είς
3200 779 3512 851 ἀνθρώπους
3563 777 3892 847 exaequata;

2334 874 2513 927 αὑτοῦ.
2547 874 2617 926 Τὸ
2655 875 2751 944 μὲν
2786 869 2878 926 οὖν
2921 871 3090 942 κρίμα
3129 869 3205 940 τῷ
3240 869 3445 938 βασιλεῖ
3484 868 3695 920 δέδοται
3722 883 3735 895 ’
3771 868 3805 935 η
3839 866 3888 915 δὲ

2332 965 2636 1034 δικαιοσύνη
2669 965 2746 1035 τῷ
2773 965 2871 1035 υἱῷ
2899 963 2992 1016 τοῦ
3021 961 3296 1032 βασιλέως.
3323 960 3636 1028 Δικαιοσύνη
3680 959 3800 1028 γὰρ
3828 952 3892 1026 ἦν

2333 1057 2489 1118 αὐτὸς
2518 1059 2545 1108 6
2586 1056 2866 1125 βασιλεὺς,
2914 1054 3095 1122 ὥσπερ
3132 1047 3222 1103 οὖν
3274 1050 3592 1121 παρίστησιν
3631 1052 3662 1101 6
3731 1050 3886 1101 Ἀπέ-

2336 1147 2515 1210 στολος
2543 1146 2738 1200 εἰπών·
2779 1165 2797 1196 ι
2827 1147 2918 1208 Ὃς
2953 1143 3177 1214 ἐγενήθη
3216 1145 3345 1213 ἡμῖν
3397 1141 3552 1210 σοφία
3583 1141 3698 1193 ἀπὸ
3731 1140 3884 1198 Θεοῦ,

2331 1236 2636 1304 δικαιοσύνη
2667 1252 2726 1287 τε
2748 1235 2840 1287 καὶ
2864 1233 3147 1302 ἁγιασμὸς,
3172 1233 3264 1284 καὶ
3292 1230 3658 1301 ἀπολύτρωσις
3701 1250 3721 1280 ι
3741 1228 3885 1296 A612,

2331 1329 2500 1382 τοίνυν
2525 1329 2557 1398 ἡ
2589 1326 2680 1380 τοῦ
2703 1324 2912 1395 Πατρὸς
2936 1323 3240 1392 δικαιοσύνη
3265 1323 3340 1393 τῷ
3368 1322 3478 1392 Υίῷ
3494 1322 3586 1375 τοῦ
3619 1320 3884 1392 βασιλέως

2330 1404 2540 1473 δέδοταί
2579 1419 2654 1489 τῷ
2689 1421 2751 1472 ἐκ
2793 1417 3099 1487 σπέρματος
3141 1413 3312 1466 Δαυῖδ.
3337 1414 3476 1467 κατά
3513 1415 3698 1485 σάρκα
3735 1429 3882 1478 γενο-

2335 1513 2507 1582 μένῳ·
2557 1504 2688 1577 ἐν
2731 1506 3043 1577 κατῴκησεν
3080 1505 3266 1574 ὥσπερ
3298 1506 3352 1557 ἐν
3383 1503 3493 1574 ναῷ
3541 1506 3570 1556 6
3609 1504 3726 1555 τοῦ.
3754 1501 3882 1553 Θεοῦ

2330 1602 2481 1669 λόγος
2509 1603 2602 1654 καὶ
2644 1603 2675 1672 ἡ
2712 1599 2892 1667 σοφία,
2931 1598 3023 1650 καὶ
3049 1598 3082 1666 ὴ
3113 1595 3440 1665 δικαιοσύνη.
3476 1595 3582 1665 Τὴν
3614 1595 3670 1646 δὲ
3711 1592 3880 1645 αἰτίαν

2330 1692 2421 1744 τοῦ
2449 1692 2661 1762 δοθῆναι
2704 1690 2799 1760 τὴν
2839 1687 3177 1757 δικαιοσύνην
3209 1685 3286 1756 τῷ
3317 1685 3600 1756 δηλωθέντι
3645 1684 3758 1754 υἱῷ
3795 1684 3880 1735 τεῦ

2335 1780 2616 1851 βασιλέως,
2653 1777 2778 1848 ἑξῆς
2820 1779 3057 1834 διδάσκει
3083 1778 3283 1846 λέγων’
3328 1796 3345 1827 ι
3377 1775 3594 1845 Κρίνειν
3634 1775 3732 1826 τὸν
3763 1774 3879 1827 λαόν

688 1860 744 1913 in
773 1860 980 1928 justitia
1007 1863 1241 1931 judicari
1279 1885 1290 1918 :
1327 1867 1453 1933 quia
1505 1867 1611 1920 alio
1656 1869 1814 1922 modo
1853 1885 2026 1940 regem
2053 1887 2228 1926 susce-

2331 1892 2417 1927 σου
2445 1876 2502 1926 ἐν
2533 1871 2862 1944 δικαιοσύνῃ,
2890 1872 2981 1923 καὶ
3005 1872 3129 1932 τοὺς
3154 1867 3398 1936 πτωχούς
3429 1884 3518 1919 σου
3545 1867 3603 1918 ἐν
3638 1867 3838 1936 κρίσει.
3860 1887 3874 1916 ι

689 1954 828 2021 pturi
870 1967 975 2005 non
1014 1961 1187 2007 erant.
1221 1954 1582 2019 Quamobrem
1618 1956 1842 2012 formam
1892 1963 2030 2015 servi
2085 1964 2228 2016 acci-

623 2079 628 2082 .
690 2042 840 2109 piens
867 2052 917 2096 et
945 2044 1130 2097 habitu
1153 2045 1401 2101 inventus
1436 2054 1493 2098 ut
1515 2047 1693 2106 homo.
1725 2066 1816 2117 per
1842 2049 2030 2103 Filium
2055 2052 2226 2106 homi—

690 2133 776 2188 nis
810 2150 967 2203 quem
1001 2138 1311 2205 assumpsit,
1352 2153 1416 2192 ex
1457 2140 1709 2194 omnibus
1755 2143 2005 2210 gentibus
2034 2159 2228 2198 secun-

687 2226 814 2279 dum
852 2229 953 2280 hoc
975 2228 1106 2296 justi
1138 2229 1236 2282 viri
1263 2230 1464 2284 dictum
1495 2232 1591 2302 (l),
1622 2251 1640 2284 ‹
1668 2234 1826 2303 elegit
1846 2235 1944 2288 sibi
1975 2237 2225 2305 populum

688 2318 1012 2385 peculiarem
1041 2320 1115 2386 “‘;
1158 2338 1177 2370 ›
1216 2336 1423 2377 necnon
1459 2337 1552 2376 eos
1575 2324 1664 2391 qui
1700 2325 1786 2377 hic
1810 2341 2072 2394 pauperes
2109 2331 2225 2394 ejus

690 2415 974 2471 vocantur,
1011 2425 1146 2477 quos
1188 2412 1278 2465 ille
1313 2412 1499 2467 beatos
1547 2415 1802 2482 praedicat
1861 2416 1946 2470 his
1996 2417 2174 2472 verbis
2211 2438 2223 2471 :

697 2509 717 2544 α
763 2493 907 2550 Beati
949 2515 1212 2568 pauperes
1255 2500 1470 2568 spiritu,
1538 2504 1787 2571 quoniam
1853 2506 2091 2572 ipsorum
2146 2516 2228 2560 est

691 2599 975 2655 regnorum
997 2590 1252 2642 caelorum
1281 2591 1342 2645 ".
1387 2611 1404 2643 ι
1434 2592 1497 2645 Et
1517 2594 1648 2649 alias
1679 2596 1743 2648 de
1767 2595 1977 2664 justitia
1999 2598 2111 2650 haec
2131 2597 2228 2650 do-

689 2680 777 2725 cet
807 2676 1094 2741 Apostolus
1123 2697 1136 2731 :
1178 2697 1194 2728 ι
1234 2676 1349 2732 Νοη
1376 2681 1516 2734 enim
1542 2684 1803 2737 erubesco
1833 2683 2177 2754 Evangelium
2212 2705 2224 2738 :

690 2761 865 2816 virtus
898 2765 1039 2818 enim
1083 2765 1172 2820 Dei
1203 2775 1285 2821 est
1316 2769 1368 2822 in
1405 2772 1631 2824 salutem
1663 2775 1807 2826 omni
1841 2775 2102 2839 credenti,
2137 2774 2229 2828 Ju-

691 2854 805 2906 (Ιωο
832 2856 1082 2923 primum,
1113 2867 1164 2909 et
1191 2855 1396 2914 Graeco.
1426 2857 1641 2914 Iustitia
1666 2863 1809 2916 enim
1847 2864 1899 2916 in
1923 2865 2040 2932 ipso
2077 2880 2227 2918 revev-

690 2945 833 2997 latur
859 2947 919 2999 ¹⁷.
973 2965 991 2997 ι
1033 2945 1108 3000 De
1139 2948 1466 3016 pauperibus
1495 2953 1620 3004 item
1646 2952 1759 3005 haic
1799 2953 1915 3022 ipse
1942 2953 2176 3007 declarat
2211 2949 2231 3008 ε’

695 3050 715 3084 ι
757 3032 942 3087 Videte
978 3036 1119 3088 enim
1152 3039 1492 3092 vocationem
1534 3049 1790 3104 vestram,
1833 3040 2047 3105 fratres,
2103 3025 2227 3114 quia

690 3137 799 3176 non
850 3124 999 3177 multi
1045 3127 1313 3195 sapientes
1344 3129 1636 3184 secundum
1669 3147 1906 3196 carnem,
1939 3149 2044 3187 non
2076 3136 2226 3188 multi

692 3213 922 3276 nobiles,
957 3229 1063 3268 non
1105 3219 1252 3270 multi
1279 3227 1525 3288 potentes
1565 3241 1577 3276 :
1624 3223 1719 3278 sed
1749 3239 1866 3293 quae
1891 3226 2053 3299 stulta
2105 3235 2229 3279 sunt

691 3302 903 3366 mundi,
926 3305 1261 3374 elegitDeus,
1295 3317 1354 3361 ut
1380 3310 1674 3365 confundat
1712 3314 2026 3382 sapientes;
2062 3322 2115 3368 et
2147 3315 2231 3367 in-

693 3394 846 3447 ﬁrma
884 3402 937 3448 et
960 3399 1381 3466 contemptibilia
1415 3401 1598 3471 elegit,
1629 3409 1682 3455 et
1706 3417 1768 3456 ea
1807 3417 1926 3470 quae
1955 3419 2061 3456 non
2085 3415 2229 3466 sunt,

691 3496 836 3542 utea
863 3503 979 3557 qua:
995 3499 1140 3554 sunt,
1166 3488 1506 3557 destrueret;
1545 3501 1602 3544 ut
1635 3506 1740 3545 non
1773 3492 2029 3562 glorietur
2057 3495 2232 3549 omnis

693 3592 820 3631 caro
849 3580 902 3632 in
931 3589 1221 3648 conspectu
1252 3578 1345 3633 Dei
1371 3580 1436 3633 ¹⁸.
1479 3600 1496 3631 ι

2330 1966 2474 2019 ΙἜδει
2507 1964 2612 2037 γὰρ
2646 1966 2767 2026 τοὺς
2792 1964 3036 2033 πτωχοὺς
3064 1960 3157 2013 τοῦ
3189 1958 3322 2012 Θεοῦ
3350 1959 3554 2013 καὶτὸν
3586 1962 3645 2011 ἐν
3673 1958 3874 2030 ἀνθρώ⁴

2327 2073 2447 2131 ποις
2478 2055 2602 2108 λαὸν
2641 2052 2802 2107 αὑτοῦ
2837 2054 2939 2106 ὑπὸ
2967 2052 3060 2105 τοῦ
3102 2051 3216 2104 υἱοῦ
3244 2050 3337 2103 τοῦ
3387 2050 3648 2120 βασιλέως
3678 2051 3878 2119 turpi-

2325 2146 2507 2199 νεσθαι
2538 2147 2595 2197 ἐν
2623 2143 2954 2214 δικαιοσύνῃ·
2987 2141 3106 2196 ἐπεὶ
3151 2141 3223 2212 μὴ
3255 2140 3488 2210 ἐχώρουν
3525 2140 3700 2202 ἄλλως
3734 2139 3872 2202 δέξα-

2327 2236 2446 2288 σθαι
2474 2236 2560 2286 τὸν
2592 2233 2828 2304 βασιλέα.
2861 2233 3054 2302 Διόπερ
3076 2249 3080 2254 δ
3100 2232 3310 2302 μορφὴν
3347 2229 3526 2282 δούλου
3573 2229 3769 2282 λαϐὼν
3792 2231 3874 2279 καὶ

2329 2328 2559 2396 σχήματι
2609 2322 2846 2394 εὑρεθεὶς
2898 2324 2971 2385 ὼς
3019 2322 3320 2391 ἄνθρωπος,
3353 2321 3417 2372 δι’
3478 2311 3538 2370 οὗ
3596 2319 3872 2386 ἀνείληφεν

2327 2416 2455 2468 Υίοῦ
2492 2408 2773 2485 ἀνθρώπου
2809 2413 2868 2478 ὲξ
2901 2414 3150 2467 ἁπάντων
3176 2413 3281 2465 τῶν
3316 2411 3480 2464 ἐθνῶν
3516 2410 3654 2464 κατά
3690 2409 3786 2462 τοῦ
3805 2410 3873 2461 δι-

2327 2507 2477 2560 καίου
2515 2507 2688 2574 λόγον.
2741 2526 2758 2557 ι
2790 2505 3066 2571 ἐξελέξατο
3105 2502 3279 2572 ἐαυτῷ
3319 2501 3442 2554 λαὸν
3491 2501 3820 2570 περιούσιον,
3851 2520 3866 2550 ρ

2328 2601 2418 2652 καὶ
2448 2601 2570 2662 τοὺς
2618 2597 2979 2668 καλουμένους
3023 2593 3186 2648 αὐτοῦ
3220 2595 3481 2662 πτωχοὺς,
3517 2591 3608 2654 οὓς
3653 2592 3750 2642 καὶ
3781 2606 3868 2658 μα-

2327 2689 2561 2760 καρίζων
2593 2690 2739 2756 ἔλεγε
2762 2707 2774 2719 ·
2810 2708 2827 2738 ι
2854 2687 3123 2756 Μακάριοι
3169 2687 3218 2738 οί
3255 2685 3455 2753 πτωχοὶ
3491 2683 3566 2752 τῷ
3592 2682 3866 2749 πνεύματι,

2327 2780 2406 2831 ὅτι
2428 2778 2601 2831 αὐτῶν
2627 2782 2769 2830 ἐστιν
2799 2780 2830 2848 ἡ
2855 2778 3095 2847 βασιλεία
3113 2775 3219 2828 τῶν
3239 2772 3498 2846 οὐρανῶν.
3526 2792 3542 2822 ι
3574 2771 3866 2829 Rutilii»;

2327 2869 2382 2920 δέ
2412 2869 2537 2940 περὶ
2581 2870 2679 2937 τῆς
2721 2868 3059 2938 δικαιοσύνης
3101 2867 3337 2945 διδάσκει
3373 2868 3402 2918 6
3442 2864 3757 2924 Ἀπόστολος

2327 2975 2437 3025 γων
2455 2975 2468 2989 ⁸
2497 2977 2515 3009 ι
2539 2959 2612 3010 Οὐ
2637 2957 2742 3028 γὰρ
2772 2960 3160 3028 ἐπαισχύνομαι
3189 2957 3249 3009 τὸ
3272 2955 3592 3023 Εὑαγγέλιον
3615 2972 3627 2985 ’
3654 2955 3866 3023 δύναμις

2329 3051 2434 3119 γὰρ
2459 3048 2590 3102 Θεοῦ
2633 3052 2778 3103 ἐστιν
2813 3049 2890 3111 εἰς
2933 3047 3201 3118 σωτηρίαν
3243 3047 3405 3098 παντὶ
3440 3045 3519 3114 τῷ
3551 3047 3864 3105 πιστεύοντι,

2342 3139 2575 3208 Ἰουδαίῳ
2605 3155 2664 3190 τε
2693 3139 2902 3209 πρῶτον
2939 3139 3031 3190 καὶ
3058 3137 3295 3207 Ἕλληνι.
3329 3136 3648 3204 Δικαιοσύνη
3687 3135 3790 3204 γὰρ
3818 3139 3864 3186 tv

2329 3227 2473 3297 αὐτῷ
2499 3227 2947 3280 ἀποκαλύπτεται.
2981 3247 2998 3277 ›
3030 3227 3152 3279 Καὶ.
3171 3228 3300 3296 περὶ
3328 3226 3437 3279 τῶν
3463 3225 3689 3294 πτωχῶν
3722 3225 3870 3276 πάλιν

2328 3320 2355 3369 6
2395 3319 2552 3381 αὐτὸς
2579 3319 2824 3385 διασαφεῖ
2866 3317 3035 3385 λέγων
3056 3335 3070 3348 ο
3106 3337 3124 3368 ι
3155 3317 3384 3370 Βλέπετε
3410 3315 3516 3386 γὰρ
3548 3317 3646 3385 τὴν
3691 3316 3856 3385 κλῆσις

2330 3407 2499 3478 ὑμῶν,
2531 3408 2774 3476 ἀδελφοί·
2803 3409 2883 3460 ὅτι
2911 3408 2970 3460 οὐ
3000 3407 3182 3461 πολλολ⁵
3214 3407 3363 3476 σοφοὶ
3407 3405 3547 3459 κατά
3589 3407 3782 3475 σάρκα,
3811 3405 3864 3457 εὖ

2331 3498 2511 3550 πολλοὶ
2553 3500 2806 3567 εὐγενεῖς,
2833 3501 2894 3552 οὐ
2942 3498 3124 3552 πολλοὶ
3153 3498 3397 3552 δυνατοί³
3438 3497 3571 3550 ἀλλὰ
3617 3497 3686 3550 τὰ
3721 3498 3861 3566 μωρά

2329 3587 2421 3640 τοῦ
2453 3589 2654 3659 κόσμου
2705 3579 2979 3654 ἐξελέξατο
3014 3590 3042 3641 6
3081 3587 3239 3650 Θεὸς,
3266 3587 3352 3639 ἵνα
3397 3585 3724 3655 καταισχύνῃ
3756 3585 3862 3643 τοὺς

650 3724 653 3727 _
693 3668 914 3737 σοφούς·
945 3669 1036 3720 καὶ
1077 3668 1144 3722 τά
1171 3668 1364 3739 ἀσθενῆ
1399 3669 1488 3721 καὶ
1525 3667 1592 3721 τὰ
1619 3669 2005 3742 ἐξουθενημένα
2050 3673 2346 3740 ἐξελέξατο,
2372 3678 2464 3730 καὶ
2490 3679 2558 3732 τὰ
2592 3680 2665 3749 μὴ
2689 3680 2835 3741 ὄντα,
2903 3680 2986 3730 ἵνα
3047 3677 3115 3731 τὰ
3152 3678 3278 3730 ὄντα
3341 3680 3694 3746 καταργήσῃ·
3731 3677 3859 3734 ὅπως

695 3767 768 3836 μὴ
802 3766 1138 3836 καυχήσηται
1171 3766 1316 3817 πᾶσα
1341 3763 1474 3836 σὰρξ
1498 3763 1723 3818 ἐνώπιον
1748 3766 1840 3819 τοῦ
1859 3767 2013 3822 Θεοῦ.
2038 3788 2056 3819 ι

762 3881 926 3937 Vens.
960 3884 1011 3938 3.
1048 3904 1066 3936 ι
1109 3885 1416 3956 Suscipiant
1442 3894 1650 3942 montes
1691 3901 1876 3956 pacem
1923 3889 2141 3958 populo,
2175 3896 2230 3943 et

695 3973 862 4027 colles
886 3974 1172 4042 justitiam.
1205 3997 1224 4029 ι
1248 3976 1447 4032 Praeter
1478 3978 1657 4049 priora
1678 3978 1790 4032 haec
1821 3993 2032 4048 quoque
2063 3979 2232 4050 spiri-

696 4070 786 4117 tus
811 4064 1156 4133 propheticus
1183 4076 1456 4137 precatur,
1478 4078 1536 4123 ut
1576 4077 1784 4125 montes
1833 4071 2096 4139 quondam
2132 4079 2256 4139 po-‘

704 4154 830 4222 pulo
858 4152 1057 4216 infesti,
1089 4157 1259 4224 posita
1292 4157 1591 4220 inimicitia,
1623 4173 1806 4226 pacem
1827 4175 1946 4213 cum
1979 4174 2044 4213 eo
2067 4159 2223 4214 habe-

702 4250 842 4305 rent,
871 4252 925 4297 et
950 4253 1004 4298 ut
1039 4247 1199 4301 colles
1225 4248 1528 4317 praedictam
1550 4248 1808 4317 justitiam
1897 4251 2007 4302 lem
2034 4251 2230 4319 populo

700 4333 1101 4387 annuntiarent.
1153 4333 1267 4388 Jam
1324 4336 1530 4406 pridem
1563 4339 1706 4390 enim
1746 4345 1953 4393 montes
1989 4353 2110 4392 cum
2144 4353 2231 4408 po-

698 4423 824 4490 pulo
874 4423 1183 4479 inimicitias
1234 4434 1558 4496 gesserunt,
1631 4434 1684 4481 et
1736 4427 1900 4482 colles
1959 4429 2226 4484 similiter.

2411 3909 2428 3940 ι
2469 3887 2897 3941 Ἀναλαὸέτωσαν
2926 3885 2994 3939 τὰ
3033 3886 3137 3962 ὅρη
3162 3887 3378 3956 εἰρήνην
3405 3885 3482 3954 τῷ
3515 3885 3648 3954 λαῷ,
3695 3886 3783 3938 καὶ
3819 3888 3856 3936 cl

2338 3979 2512 4050 βουνοὶ
2533 3977 2890 4045 δικαιοσύνην.
2922 3995 2939 4027 ι
2970 3975 3113 4045 Πρὸς
3144 3978 3254 4038 τοῖς
3286 3975 3576 4050 προτέροις.
3596 3977 3688 4027 καὶ⁵
3712 3972 3858 4026 ταῦτι.

2335 4069 2396 4121 τὸ
2432 4067 2640 4137 πνεῦμα
2677 4068 2736 4119 τὸ
2774 4065 3102 4137 προφητικὸν
3134 4063 3368 4133 εῦχεται,
3394 4064 3541 4126 ὅπως
3574 4065 3640 4118 τὰ
3684 4064 3776 4134 ὄρη
3804 4065 3857 4116 τὰ

2337 4158 2498 4210 πάλαι
2533 4157 2878 4227 ἐχθραίνοντα
2917 4155 2993 4225 τῷ
3034 4155 3146 4224 λαῷ
3175 4155 3501 4224 είρηνεύσειε
3541 4157 3674 4226 πρὸς
3720 4156 3857 4209 ausi”

2334 4247 2688 4318 ἀπωθούμενα
2729 4247 2824 4317 τὴν
2867 4247 3061 4317 ἔχθραν
3086 4286 3100 4311 ,
3147 4247 3236 4299 καὶ
3277 4249 3423 4310 ὅπως
3464 4249 3513 4300 oi
3563 4248 3734 4318 βουνοί
3776 4251 3854 4315 τὴν

2337 4335 2718 4408 προλεχθεῖσαν
2767 4336 3102 4405 δικαιοσύνην
3145 4337 3222 4406 τῷ
3272 4338 3418 4407 αὐτῷ
3455 4338 3566 4408 λαῷ
3604 4339 3854 4405 εὐαγγελί-

2335 4424 2549 4487 ζωνται.
2575 4423 2839 4494 Πρότερον
2873 4424 2970 4492 μὲν
2993 4423 3099 4492 γὰρ
3126 4422 3195 4475 τὰ
3237 4425 3337 4494 ὅρη
3387 4425 3583 4496 ἔχθραν
3609 4423 3718 4495 εἶχε
3743 4423 3852 4494 πρὸς

695 4509 831 4565 Cum
859 4519 1033 4568 autem
1071 4514 1212 4569 filius
1255 4517 1392 4586 regis
1423 4517 1677 4586 populum
1719 4515 1848 4569 olim
1893 4525 2226 4586 extraneum,

2331 4519 2419 4571 τὸν
2459 4515 2602 4581 λαὸν,
2637 4515 2729 4568 καὶ
2761 4519 2809 4567 οἱ
2839 4515 3011 4583 βουνοὶ
3055 4514 3338 4578 ὡσαύτωςο
3366 4517 3453 4569 ὅτε
3481 4517 3537 4569 δὲ
3561 4521 3590 4570 6
3631 4517 3739 4578 υίὸς
3777 4515 3851 4569 τοῦ

697 4603 972 4669 proprium
1005 4604 1108 4656 sibi
1143 4604 1292 4669 facit,
1347 4614 1478 4659 tunc
1513 4613 1742 4668 montes,
1784 4612 1842 4658 ut
1893 4603 1982 4658 hic
2037 4620 2228 4660 vocan-

2331 4607 2586 4677 βασιλέως
2641 4606 2767 4660 ἴδιον
2801 4607 3087 4675 ἐποιήσατο
3117 4607 3206 4658 τὸν
3255 4605 3378 4662 λαὸν
3431 4608 3595 4662 πάλαι
3646 4606 3850 4675 ἀπηλλο-

699 4699 808 4754 tur,
840 4705 1023 4758 pacem
1052 4707 1171 4746 cum
1212 4695 1412 4764 populo
1459 4695 1674 4748 habent.
1727 4693 1936 4748 Montes
1974 4701 2148 4748 autem
2181 4702 2228 4748 el

2331 4695 2620 4766 τριωμένον
2651 4692 2835 4756 αὑτοῦ,
2861 4691 3155 4762 τηνικαῦτα
3197 4695 3290 4746 καὶ⁵
3340 4694 3408 4745 τὰ
3441 4694 3739 4762 καλούμενα
3782 4696 3848 4744 tv.

695 4781 863 4838 colles
882 4796 1064 4849 pacem
1095 4797 1216 4836 cum
1247 4785 1444 4854 populo
1471 4785 1750 4848 habentes,
1773 4799 1908 4854 quos
1939 4799 2061 4838 esse
2088 4783 2228 4838 dixe-

2331 4787 2499 4840 ταῦθα
2529 4786 2629 4856 ὅρη
2661 4783 2927 4856 είρηνεύει
2945 4783 3079 4854 πρὸς
3101 4784 3189 4836 τὸν
3213 4786 3357 4837 λαόν.
3389 4787 3525 4854 Ὄρη
3552 4784 3608 4836 δὲ
3637 4786 3723 4835 καὶ
3753 4783 3846 4850 βοτα-

698 4871 795 4933 ris,
825 4872 928 4925 nisi
958 4873 1268 4942 angelorum
1293 4875 1540 4935 chorum,
1572 4884 1626 4927 et
1649 4875 1734 4928 bis
1762 4876 2067 4944 superiores
2093 4873 2234 4927 divi-

699 4978 799 5019 nas
829 4965 1090 5019 virtutes?
1119 4981 1236 5034 qua:
1261 4981 1381 5020 cum
1410 4964 1537 5018 olim
1568 4965 1796 5033 populus
1819 4975 2104 5022 extraneus
2126 4965 2233 5019 Deo

701 5067 861 5117 esset,
896 5055 1206 5110 inimicitias
1237 5072 1358 5109 cum
1407 5071 1470 5109 eo
1518 5055 1811 5124 gerebant;
1859 5070 2002 5114 nunc
2054 5063 2232 5111 autem

701 5159 824 5199 cum
852 5144 903 5197 in
941 5145 1334 5213 possessionem
1367 5145 1460 5199 filii
1490 5145 1632 5214 regis
1664 5146 1890 5208 venerit,
1923 5141 2098 5214 posita
2125 5147 2231 5200 ini-

703 5234 926 5296 micitia,
958 5236 1142 5288 amica:
1171 5234 1288 5302 ejus
1313 5235 1511 5289 eﬂ'ecue
1537 5245 1679 5290 sunt.
1712 5233 1847 5300 Quis
1878 5236 1946 5290 sit
1972 5252 2099 5292 vero
2130 5252 2231 5305 po-

705 5325 865 5394 pulus
894 5341 959 5378 ex
992 5325 1242 5379 omnibus
1269 5325 1515 5394 gentibus
1553 5333 1771 5380 coactus
1829 5326 2096 5398 intelliges
2120 5366 2134 5391 ,
2185 5327 2231 5380 si

710 5415 795 5469 his
819 5413 1065 5469 conferas
1097 5413 1367 5470 Zachariae
1399 5415 1755 5484 prophetiam,
1788 5430 1905 5484 qua:
1927 5420 2004 5472 sic
2034 5417 2229 5472 habet:

2333 4877 2452 4939 νοῦς
2485 4875 2852 4946 είρηνεύοντας
2883 4872 3182 4942 ἀνθρώποις
3223 4875 3370 4935 τίνας
3400 4873 3465 4925 ἂν
3519 4874 3690 4935 εἴποις
3718 4874 3747 4940 ἢ
3777 4873 3849 4922 τὸν

2339 4966 2578 5034 ἀγγέλων
2621 4965 2780 5036 χορὸν
2825 4963 2918 5016 καὶ
2949 4964 3045 5027 τὰς
3075 4963 3274 5017 τούτων
3306 4963 3578 5032 ἀνωτέρας
3615 4963 3752 5025 Θείας
3778 4962 3845 5013 δυ-

2339 5059 2555 5128 νάμεις;
2584 5057 2639 5110 αἱ
2685 5054 2846 5108 πάλαι
2880 5056 3000 5126 μὲν,
3024 5056 3111 5108 ὅτε
3151 5053 3423 5124 ἀλλότριος
3467 5049 3591 5129 ἦνιό
3619 5054 3732 5117 λαὸς
3770 5048 3845 5103 τοῦ

2307 5148 2489 5212 ,Θεοῦ,
2521 5146 2711 5216 ἐχθραὶ
2740 5141 2878 5214 ἦσαν
2909 5144 3072 5198 αἰτοῦ
3095 5160 3108 5175 °
3140 5143 3232 5198 νῦν
3254 5143 3297 5194 δ’
3342 5144 3428 5195 ὅτε
3462 5144 3646 5214 κτῆμα
3685 5144 3841 5210 γέγονε

2337 5236 2426 5288 τοῦ
2466 5235 2581 5288 υἱοῦ
2615 5232 2704 5287 τοῦ
2738 5231 3025 5301 βασιλέως,
3073 5229 3427 5300 ἱφιλιὼθησαν
3468 5233 3614 5302 αὐτῷ
3646 5229 3840 5300 μεταδα-

2337 5324 2510 5387 λόντες
2538 5325 2636 5392 τῆς
2664 5321 2878 5393 ἔχθρας.
2918 5322 3151 5391 Νοησεις
3177 5319 3232 5372 δέ
3261 5317 3349 5373 τὸν
3383 5321 3440 5387 ἐξ
3479 5322 3722 5374 ἁπάντων

2339 5413 2502 5468 ἐθνῶν
2540 5413 2871 5483 συνηγμένον
2898 5410 3336 5480 λαδν,.παραθεὶς
3358 5411 3560 5474 τούτοις
3588 5411 3681 5481 τὴν
3709 5410 3760 5458 ἐν
3781 5410 3840 5470 τῳ

784 5566 860 5620 ⁸⁸1
888 5567 1014 5623 Cor.
1051 5581 1089 5633 ι,
1113 5567 1198 5622 50.
1275 5568 1318 5600 ⁸³
1346 5567 1627 5632 Deut.xrv,
1660 5567 1714 5621 Ξ.
1791 5568 1833 5598 ’⁸
1865 5567 2049 5624 Matth.
2081 5586 2130 5634 v,
2161 5569 2216 5624 3.

2331 5569 2332 5576 ‘
2367 5565 2516 5622 Rom.
2551 5583 2587 5630 ι,
2616 5565 2699 5620 16.
2778 5563 2858 5619 ι⁶Ι
2889 5562 3011 5620 Cor.
3037 5579 3074 5632 ι,
3107 5564 3292 5620 26-29.

785 5744 860 5814 (1)
894 5741 1003 5808 Vel,
1033 5742 1306 5799 secundum
1337 5744 1554 5814 justitia
1579 5746 1845 5801 rationem.
