3966 6348
87 409 188 461 797

1197 412 1692 472 COMMENTARIA
1729 416 1793 469 IN
1832 415 2161 472 PSALMOS.

81 520 331 589 Ζαχαρία
377 523 737 590 προφητείαν,
781 515 880 574 ὦδε
926 523 1218 590 λέγουσαν·
1266 544 1283 574 ι
1330 527 1494 594 Χαῖρε
1541 527 1621 580 καί

1739 545 1755 576 ι
1794 527 1979 581 Gaude
2010 535 2062 581 et
2092 528 2291 590 laetare,
2327 526 2430 579 filia
2467 526 2618 580 Sion.
2651 527 2786 582 Ecce
2824 544 2919 583 rex
2951 537 3078 584 tuus
3106 535 3272 596 venit,

81 608 392 677 εὐφραίνου,
431 608 660 678 θύγατερ
684 610 833 663 Σιών.
853 611 979 662 ’ἰδοὺ
1009 612 1036 661 6
1067 611 1310 679 βασιλεύς
1355 629 1444 664 σου
1483 612 1634 684 ἔρχει

81 716 190 761 ται,
227 701 319 750 καὶ
343 700 743 767 κατασκηνώσει
778 704 833 752 ὲν
879 701 1025 769 μέσῳ
1058 718 1171 766 σου,
1223 702 1365 771 λέγει
1398 703 1629 778 Κύριος.

1731 625 1784 671 et
1816 617 2077 670 habitabit
2108 618 2160 669 in
2194 617 2368 674 medio
2403 618 2499 680 tui,
2527 617 2658 670 dicit
2689 617 2967 674 Dominus.
2993 619 3059 672 Et
3086 622 3275 676 confu-

1730 711 1877 780 gient
1903 717 2088 778 gentes
2123 709 2304 761 multa:
2349 708 2414 761 ad
2439 707 2748 772 Dominum,
2783 717 2836 780 et
2864 721 3021 764 erunt
3051 712 3182 764 mihi
3217 713 3274 766 in

81 788 194 839 Kal
223 788 643 857 καταφεύξονται
679 790 802 860 έθνη
833 790 998 842 πολλὰ
1035 791 1125 842 ἐπὶ
1162 791 1250 844 τὸν
1283 793 1508 863 Κύριον,
1540 794 1621 846 καὶ

1733 777 2010 870 populum,
2033 809 2088 854 et
2113 815 2213 870 ego
2243 816 2337 854 ero
2367 800 2446 854 eis
2479 800 2534 852 in
2582 777 2799 852 Deum:
2829 799 2893 852 Et
2942 813 3273 869 cognoscent

81 877 297 928 ἔσονταί
340 895 426 946 μοι
456 880 533 940 είς
566 879 720 940 λαὸν,
759 880 908 945 κάγὼ
949 877 1136 948 ἔσομαι
1168 883 1346 944 αὐτοῖς
1375 886 1454 945 είς
1478 883 1626 936 Θεόν.

80 968 194 1019 Καὶ
261 967 583 1035 γνώσονται,
634 971 712 1021 ὅτι
773 968 972 1039 Κύριος
1031 973 1414 1044 παντοκράτωρ
1462 975 1626 1040 ἐξαπ-

81 1055 313 1108 έσταλκέ
348 1075 409 1124 με
436 1058 567 1126 πρὸς
595 1059 672 1110 σέ,
699 1077 716 1108 ι
739 1058 928 1125 Σαφῶς
947 1059 1052 1128 γὰρ
1072 1060 1155 1112 διὰ
1175 1060 1373 1112 τούτων
1395 1063 1499 1114 ἀπὸ
1523 1063 1628 1114 τῶν

80 1145 275 1208 ἐθνῶν,
311 1148 418 1199 ἀλλ’
449 1149 544 1198 οὐκ
571 1147 674 1198 ἀπὸ
709 1147 800 1199 τοῦ
849 1148 1110 1200 Ἰουδαίων
1143 1148 1320 1211 ἔθνους
1353 1150 1627 1214 συντάξειν

81 1236 248 1298 αὐτὸς
280 1236 451 1304 ἑαυτῷ
471 1236 595 1287 λαὸν
623 1238 649 1288 6
680 1236 877 1305 Κύριος
908 1235 1326 1303 εὐαγγελίζεται.
1356 1236 1537 1307 Τούτῳ
1563 1238 1625 1308 δὴ

79 1321 173 1377 οὖν
207 1326 284 1394 τῷ
313 1325 422 1394 λαῴ
447 1327 498 1377 αἰ
521 1326 772 1396 δυνάμεις
800 1328 852 1379 αἱ
886 1327 1234 1397 ύπερκόσμιοι
1267 1328 1357 1378 καὶ
1385 1328 1440 1380 αἰ
1466 1328 1627 1394 ἀγγε-

80 1415 252 1478 λικαὶ,
281 1415 377 1486 ὄρη
410 1416 501 1468 καὶ
537 1415 713 1484 βουνοὶ
759 1417 986 1469 ἐνταῦθα
1022 1417 1443 1486 ὀνομαζόμεναι,
1478 1418 1626 1486 είρή-

79 1522 275 1557 νευσαν
308 1505 678 1574 ὲχθραίνουσαι
712 1509 771 1558 τὸ
800 1509 944 1578 πρὶν,
974 1510 1059 1560 ὅτε
1089 1512 1152 1577 τῇ
1184 1507 1323 1578 ἀθέῳ
1346 1511 1625 1578 προσεῖχεν

1727 893 1853 962 quia
1885 891 2145 944 Dominus
2179 893 2522 959 omnipotens
2552 892 2698 944 misit
2735 907 2817 945 me
2854 893 2918 944 ad
2951 899 3002 945 te
3027 895 3088 946 ¹⁹.
3127 914 3145 945 ›
3179 893 3273 949 His

1727 983 1923 1052 quippe
1949 981 2232 1043 Dominus,
2285 997 2348 1035 ex
2395 981 2647 1050 gentibus
2699 996 2776 1045 se,
2810 995 2917 1033 non
2944 979 3272 1044 ex_Judaica

1728 1079 1904 1139 gente,
1931 1070 2038 1124 sibi
2061 1071 2316 1138 pepulum
2342 1079 2792 1138 congregaturum
2819 1084 2938 1122 esse
2985 1069 3272 1136 perspicue

1726 1160 2026 1214 denuntiat.
2073 1159 2212 1212 Huic
2264 1143 2394 1212 sane
2442 1161 2639 1228 populo
2671 1160 2898 1234 virtutes
2942 1175 3060 1228 quae
3107 1174 3271 1227 supra

1725 1251 1982 1304 mundum
2025 1259 2079 1304 et
2114 1250 2370 1319 angelicae
2421 1258 2569 1314 sunt,
2631 1250 2718 1303 hic
2767 1259 2978 1303 montes
3011 1256 3063 1302 et
3101 1249 3269 1302 colles

1724 1350 1946 1404 vocata,
1974 1340 2040 1393 ad
2067 1342 2217 1410 pacis
2262 1339 2602 1394 conditiones
2641 1349 2939 1404 venerunt;
2971 1354 3088 1408 qua:
3118 1340 3266 1405 olim,

1723 1445 1845 1484 cum
1863 1431 2092 1499 populus
2109 1431 2268 1499 impie
2287 1432 2604 1485 idololatria:
2619 1430 3078 1495 haereret,infesta3
3090 1436 3267 1484 erant.

1724 1520 1816 1574 Ha:
1847 1537 1975 1575 vero
2003 1522 2132 1588 ipsa
2160 1521 2430 1588 justitiam
2459 1522 2634 1576 eidem
2679 1524 2878 1591 populo
2923 1522 3266 1582 annuntiant,

3167 422 3273 474 798
3313 451 3341 473 Α

77 1595 507 1668 εἰδωλολατρείᾳ.
556 1599 619 1650 Αἰ
669 1598 709 1650 δ⁸
751 1599 910 1651 αὑταὶ
958 1599 1297 1667 δικαιοσύνην
1352 1599 1626 1665 εὐαγγελί-

77 1686 262 1747 ζονται
299 1686 374 1756 τῷ
419 1687 564 1756 αὑτῷ
597 1687 737 1756 λαῷ·
779 1688 892 1757 ήτοι
927 1689 1012 1740 τὸν
1057 1689 1283 1757 Χριστὸν
1323 1689 1414 1740 τοῦ
1457 1687 1656 1757 Θεοῦν

1724 1609 1974 1665 videlicet
2003 1609 2283 1663 Christum‘
2326 1609 2442 1673 Dei,
2477 1612 2569 1679 qui
2610 1626 2738 1665 vere
2757 1612 2969 1679 justitia
3007 1621 3122 1676 est;
3156 1612 3269 1666 sive

1725 1702 1963 1756 salutare
2007 1698 2380 1769 Evangelium,
2443 1700 2602 1768 cujus
2661 1714 2826 1754 causa
2877 1701 3079 1759 dictum
3124 1710 3205 1755 est
3252 1721 3264 1754 :

78 1779 242 1830 αὑτὸν
269 1779 394 1831 ὂντα
414 1779 510 1848 τὴν
537 1779 895 1847 δικαιοσύνην,
933 1779 964 1849 ἢ
997 1778 1055 1830 τὸ
1089 1780 1347 1849 σωτήριον
1390 1778 1621 1845 Εὐαγγέ-

1731 1810 1748 1842 ι
1787 1790 2104 1859 Suscipiant
2129 1797 2341 1843 montes
2372 1803 2555 1858 pacem
2588 1787 2807 1857 populo,
2842 1795 2894 1841 et
2928 1789 3097 1842 colles
3114 1789 3270 1856 justi-

76 1868 208 1931 λιον,
240 1868 303 1919 δι’
331 1868 356 1919 ὃ
385 1868 627 1919 λέλεκται
647 1884 658 1896 ο
691 1886 708 1917 ι
745 1866 1173 1920 Ἀναλαϐέτωσαν
1195 1867 1261 1918 τὰ
1285 1867 1384 1937 ὅρη
1411 1869 1621 1936 εἰρήνην

1726 1884 1876 1935 tiam.
1923 1901 1941 1933 ι
1978 1879 2101 1932 llaec
2124 1892 2288 1946 porro
2317 1877 2586 1939 evenient,
2618 1877 2743 1945 quia
2769 1883 3096 1932 memoratus
3127 1877 3268 1933 filius

74 1955 149 2024 τῷ
203 1954 347 2023 λαῷ,
389 1955 481 2006 καὶ
522 1957 568 2006 oi
623 1954 798 2022 βουνο)⁸
843 1954 1194 2022 δικαιοσύνην.
1244 1973 1263 2006 ι
1307 1955 1414 2005 Καὶ
1458 1953 1621 2004 ταῦτα

1723 1974 1867 2041 regis
1905 1990 1923 2023 ι
1959 1971 2228 2040 judicabit
2263 1984 2526 2038 pauperes
2558 1967 2761 2038 populi,
2810 1974 2863 2021 et
2893 1967 3073 2022 salvos
3106 1967 3267 2021 faciet

75 2046 249 2098 ἔσται.
279 2044 460 2113 ἐπειδὴ
484 2045 511 2094 6
538 2042 849 2113 προλεχθεὶς
877 2045 988 2105 υίὸς
1005 2043 1096 2096 τοῦ
1125 2044 1382 2113 βασιλέως
1410 2062 1426 2092 ι
1456 2045 1626 2112 κρινεῖ⁹

73 2135 196 2196 τοὺς
237 2135 474 2203 πτωχοὺς
517 2133 607 2185 τοῦ
639 2133 798 2197 λαοῦ,
851 2135 942 2185 καὶ
976 2132 1133 2186 σώσει
1187 2135 1309 2195 τοὺς
1344 2135 1486 2194 υἱοὺς
1517 2131 1623 2184 τῶν

75 2225 321 2293 πενήτων
342 2240 353 2252 °
387 2243 404 2274 ι
446 2223 633 2293 κρίνας
664 2222 771 2293 γὰρ
801 2223 1056 2292 πρότερον
1085 2223 1262 2286 ἀξίους
1295 2219 1427 2274 εἶναι
1457 2239 1624 2291 σωτη-

75 2311 214 2380 ρίας,
249 2309 418 2374 οὕτως
463 2312 657 2373 αὐτοὺς
675 2301 876 2373 ’σώζει.
925 2312 998 2363 Οὐ
1042 2312 1147 2383 γὰρ
1197 2313 1463 2382 ἀκρίτως,
1509 2309 1623 2380 μετ’

77 2400 441 2468 ὲξητασμένης
484 2399 539 2451 δὲ
568 2400 796 2470 κρίσεως
825 2401 922 2470 τὴν
955 2395 1222 2471 σωτηρίαν
1265 2401 1487 2471 παρέχει
1515 2402 1623 2462 τοῖς

74 2490 267 2542 ἑαυτοῦ
305 2494 536 2560 πτωχοῖς
567 2491 660 2544 καὶ
697 2495 806 2554 τοῖς
844 2493 977 2554 υίοῖς
1005 2492 1112 2545 τῶν
1142 2495 1405 2562 πενήτων,
1438 2489 1509 2548 ὧν
1532 2495 1622 2547 καί⁸

75 2583 106 2649 ὴ
153 2581 453 2649 προφητεία
503 2581 770 2650 μέμνηται
804 2581 1059 2648 λέγουσα·
1109 2601 1128 2633 ι
1164 2585 1621 2650 Εὐαγγελίσασθαι

76 2675 305 2739 πτωχοῖς
331 2671 629 2724 ἀπέσταλκέ
662 2689 756 2741 με·
787 2671 1014 2741 κηρῦξαι
1047 2674 1403 2742 αἰχμαλώτοις
1435 2677 1622 2744 ἄφεσιν

76 2764 164 2814 καὶ
199 2761 416 2827 τυφλοῖς
445 2761 749 2830 ἀνάϐλεψιν.
766 2781 784 2812 ι
808 2763 1059 2831 Πτωχοὺς
1086 2762 1141 2814 δὲ
1169 2765 1350 2828 ποίους
1373 2767 1554 2836 φησιν,
1585 2769 1619 2840 ἢ

73 2853 192 2912 τοὺς
225 2849 550 2919 δυναμένους
579 2849 774 2919 ὁμοίως
817 2848 1008 2919 Παύλῳ
1040 2851 1214 2918 λέγειν
1235 2870 1246 2880 ’
1278 2870 1295 2902 t
1330 2856 1485 2925 ’Δχρι
1524 2858 1621 2928 τῆς

75 2940 188 3008 ἄρτι
227 2939 375 3008 ὧρας
411 2942 503 2991 καὶ
557 2939 822 3008 πεινῶμεν
870 2940 962 2992 καὶ
987 2939 1243 3010 διψῶμεν,
1274 2943 1363 2994 καὶ
1415 2962 1622 3015 γυμνη-

74 3029 317 3098 τεύομεν,
364 3031 456 3082 καὶ
484 3028 900 3098 κολαφιζόμεθα,
934 3031 1026 3082 καὶ
1051 3031 1380 3101 ἀστατοῦμεν
1402 3053 1413 3064 ·
1446 3053 1463 3085 ι
1498 3035 1619 3097 τούς

72 3135 127 3172 τε
173 3121 375 3189 ὁμοίως
406 3121 596 3190 Πέτρῳ
644 3123 914 3191 φήσαντας
937 3137 948 3150 ·
985 3139 1002 3170 ι
1044 3121 1323 3192 Ἀργύριον
1355 3126 1448 3176 καὶ
1490 3143 1618 3193 χρυ-

77 3211 182 3262 σίον
209 3211 308 3279 οὐχ
341 3211 584 3282 ὑπάρχει
603 3229 709 3281 μοι.
745 3230 762 3262 ι
792 3210 1073 3275 Τοιούτους
1103 3213 1158 3265 δὲ
1191 3215 1432 3282 πτωχοὺς
1460 3217 1617 3278 αὐτὸς
1644 3209 1684 3265 C

75 3300 244 3370 ἑαυτῷ
290 3298 659 3370 παρεσκεύαζε
703 3300 976 3371 παραινῶν
1012 3301 1084 3371 μὴ
1131 3302 1354 3372 κτῆσθαι
1403 3305 1617 3373 χρυσίον

77 3395 204 3464 μηδὲ
238 3394 496 3464 ἀργύριον
543 3397 622 3456 εἰς
656 3393 752 3455 τὰς
786 3392 975 3457 ζώνας,
1032 3394 1104 3464 μὴ
1148 3397 1324 3465 πήραν
1370 3398 1447 3458 εἰς
1481 3397 1614 3458 ὁδὸν,

78 3485 205 3553 μηδὲ
237 3483 329 3535 δύο
361 3485 589 3552 χιτῶνας
612 3523 626 3547 ,
661 3484 790 3554 μηδὲ
817 3484 1131 3554 ὑποδήματα
1151 3525 1165 3547 ,
1219 3486 1348 3556 μηδὲ
1405 3489 1612 3557 ράὁδον.

79 3595 94 3623 ι
125 3574 363 3626 Τοιοῦτοι
391 3575 448 3626 δὲ
477 3571 614 3644 ἦσαν
639 3575 732 3626 καὶ
760 3575 808 3625 οἱ
841 3575 1004 3627 πάλαι
1036 3575 1403 3646 περιελθόντες
1426 3581 1482 3630 ὲν
1517 3598 1617 3650 μη-

72 3664 278 3726 λωταῖς,
303 3666 360 3715 ὲν
391 3664 611 3732 αἰγείοις
650 3664 942 3734 δέρμασιν,
976 3665 1388 3737 ὑστερούμενοι,
1438 3667 1615 3722 θλιϐό-

78 3772 236 3821 μενοι,
282 3754 734 3824 κακουχούμενοι,
762 3759 819 3810 ὲν
859 3758 1109 3828 ἐρημίαις
1161 3757 1494 3828 πλανώμενοι
1524 3763 1615 3814 καὶ

73 3842 236 3913 ὄρεσι,
271 3845 361 3895 καὶ
389 3844 688 3914 σπηλαίοις,
715 3846 806 3898 καὶ
843 3849 960 3909 ταῖς
984 3849 1142 3910 ὀπαῖς
1170 3850 1266 3918 τῆς
1290 3849 1406 3918 γῆς.
1423 3869 1441 3899 ι
1479 3851 1614 3903 Ἀλλ’

73 3936 115 3984 εἰ
152 3934 249 4002 μὲν
294 3936 494 3988 τούτων
545 3937 702 4005 μόνον
733 3937 1130 4007 ἐμνημόνευσεν
1157 3941 1184 3990 6
1234 3938 1418 4005 λόγος,
1479 3941 1613 3994 ἀπο-

73 4023 342 4078 κέκλειστο
379 4028 485 4088 πᾶς
516 4029 543 4079 ὁ
598 4027 670 4098 μὴ
696 4027 963 4090 τοιοῦτος·
1012 4028 1105 4079 νῦν
1150 4028 1204 4080 δὲ
1247 4031 1338 4080 καὶ
1369 4028 1616 4101 δεύτερον

73 4114 252 4184 τάγμα
294 4116 708 4186 καταριθμεῖται
759 4118 1014 4183 φάσκωνο
1076 4134 1094 4166 ι
1132 4117 1240 4168 Καὶ
1285 4117 1442 4170 σώσει
1491 4121 1614 4182 τοὺς

76 4203 215 4264 υἱοὺς
241 4202 348 4254 τῶν
381 4205 644 4272 πενήτων.
673 4221 692 4253 ι
731 4203 847 4255 Υἱοὶ
887 4204 942 4256 δὲ
986 4205 1223 4274 πενήτων
1244 4200 1380 4276 ἦσαν
1417 4209 1464 4259 οἰ
1509 4210 1614 4262 τῶν

75 4289 373 4344 ἀποστόλων
406 4293 499 4344 καὶ
555 4291 806 4361 μαθητῶν
851 4293 943 4345 τοῦ
992 4293 1239 4362 Σωτῆρος
1277 4296 1309 4364 ὴ
1320 4294 1434 4365 μῶν
1476 4297 1612 4363 γνώ-

80 4398 237 4450 ριμοι,
259 4382 471 4444 ὁποίους
498 4381 668 4451 δηλῶν
695 4384 722 4434 6
754 4383 1065 4446 Ἀπόστολος
1087 4383 1295 4453 ἔλεγεν·
1321 4403 1339 4436 ι
1363 4367 1483 4443 Ἐὰν
1507 4387 1613 4457 γὰρ

78 4472 296 4536 πολλοὺς
322 4472 695 4540 παιδαγωγοὺς
722 4474 879 4544 ἔχητε
912 4475 968 4545 έν
993 4475 1230 4546 Χριστῷ,
1263 4476 1375 4530 ἀλλ’
1398 4479 1457 4529 οὐ
1487 4477 1611 4532 πολ-

75 4561 190 4625 λοὺς
218 4564 480 4634 πατέρας·
513 4565 570 4615 ὲν
591 4563 698 4632 γὰρ
728 4565 942 4635 Χριστῷ
971 4565 1142 4635 Ἰησοῦ
1163 4565 1271 4633 ἐγὼ
1294 4567 1437 4635 ὑμᾶς
1467 4569 1614 4634 ὲγέν-
1645 4551 1688 4605 Ῑ)

77 4667 208 4719 νησα
227 4667 240 4680 ’
275 4672 291 4703 ι
325 4655 417 4705 καὶ
447 4653 605 4705 πάλιν
624 4669 637 4681 ·
681 4671 699 4702 ι
729 4654 902 4708 Τέκνα
939 4671 1034 4724 μου
1061 4694 1075 4718 ,
1116 4655 1208 4719 οὓς
1254 4657 1411 4709 πάλιν
1442 4657 1611 4710 ὠδίνω

77 4741 224 4811 ἄχρις
249 4735 311 4794 οὗ
334 4739 596 4812 ’μορφωθῇ
620 4743 848 4812 Χριστὸς
877 4747 934 4796 ὲν
957 4747 1098 4814 ὑμῖν.
1133 4765 1150 4797 ι
1183 4746 1339 4798 Ἀλλὰ
1365 4748 1485 4808 τοὺς
1516 4748 1612 4816 μὲν

82 4832 318 4899 πτωχοὺς
345 4832 534 4884 ἑαυτοῦ
568 4833 659 4884 καὶ
691 4832 811 4893 τοὺς
841 4834 986 4896 υἱοὺς
1012 4834 1387 4904 τῶνιπενήτων
1417 4835 1509 4887 σὺν
1531 4835 1608 4888 δι-

76 4922 320 4992 καιοσύνῃ
349 4924 442 4976 καὶ
469 4924 597 4994 ὀρθῇ
635 4923 810 4993 κρίσει
853 4923 1046 4988 σώζει·
1081 4927 1170 4979 τὸν
1193 4927 1248 4978 δὲ
1273 4928 1608 4998 συκοφάντην

79 5014 444 5082 προῃρημένον
474 5015 505 5083 ἢ
546 5016 637 5067 καὶ
665 5014 753 5066 τὸν
781 5014 905 5066 λαὸν
935 5016 1096 5068 αὑτοῦ
1128 5018 1222 5069 καὶ
1246 5013 1345 5087 τὴν
1384 5019 1608 5090 Ἐκκλη-

80 5100 188 5151 σίαν
215 5102 466 5171 πολεμεῖν
500 5107 702 5176 (μυρίοι
743 5105 799 5157 δὲ
835 5107 1158 5174 συκοφάνται
1179 5109 1276 5181 τήν
1291 5111 1609 5180 Ἐκκλησίαν

1726 2064 1861 2116 filios
1893 2077 2220 2132 pauperum;
2261 2079 2278 2111 ι
2313 2075 2437 2114 nam
2473 2075 2594 2114 cum
2645 2059 2797 2128 prius
2848 2059 3020 2112 salute
3075 2057 3266 2126 dignos

1717 2154 2037 2222 judicasset,
2061 2153 2140 2206 sic
2162 2149 2243 2205 eis
2267 2151 2492 2204 salutem
2527 2150 2784 2219 impertit.
2829 2148 2945 2203 Non
2979 2149 3119 2203 enim
3150 2149 3267 2203 sine

1722 2245 1920 2314 praevio
1962 2243 2193 2312 judicio,
2251 2241 2342 2294 sed
2398 2242 2678 2308 praemisso
2727 2243 2994 2304 examine,
3041 2240 3266 2295 salutem

1723 2337 1923 2406 praebet
1942 2333 2270 2402 pauperibus
2303 2332 2417 2384 suis
2440 2340 2491 2384 et
2520 2330 2644 2383 ﬁliis
2669 2345 2990 2398 pauperum,
3034 2346 3265 2399 quorum

1722 2426 1999 2497 prophetia
2028 2417 2272 2478 meminit
2293 2422 2478 2476 dicens
2506 2440 2518 2474 :
2558 2440 2574 2471 ι
2611 2419 2994 2490 Evangelizare
3016 2422 3266 2489 pauperi-

1723 2522 1824 2574 bus
1858 2517 2004 2571 misit
2046 2532 2132 2570 me
2160 2535 2170 2568 ε
2201 2516 2493 2585 ρτωόίοδτε
2523 2513 2750 2582 captivis
2779 2513 3173 2574 dimissionem,
3213 2520 3268 2565 et

1722 2610 1878 2665 caecis
1911 2610 2060 2662 visus
2085 2605 2482 2660 restitutionem
2513 2605 2578 2659 '°.
2612 2624 2630 2656 ι
2669 2603 2940 2659 Mendicos
2968 2617 3099 2657 vero
3127 2619 3266 2671 quos

1721 2701 1815 2760 ait,
1840 2698 1944 2750 nisi
1967 2709 2061 2749 eos
2086 2695 2177 2764 qui
2205 2693 2424 2762 perinde
2449 2702 2608 2760 atque
2635 2691 2836 2746 Paulus
2861 2692 3041 2746 dicere
3065 2694 3264 2759 valent,

1727 2810 1745 2841 ι
1786 2789 1967 2857 Usque
2002 2787 2056 2839 in
2085 2785 2225 2837 hanc
2254 2785 2440 2836 horam
2466 2791 2520 2836 et
2549 2783 2818 2836 esurimus
2846 2792 2898 2834 et
2933 2785 3168 2847 sitimus,
3212 2793 3269 2844 et

1721 2880 1846 2935 nudi
1872 2893 2077 2939 sumus,
2114 2885 2167 2930 et
2197 2874 2438 2944 colaphis
2471 2873 2746 2937 caedimur,
2777 2882 2831 2927 et
2861 2874 3142 2928 instabiles
3169 2890 3264 2928 su-

1721 2985 1841 3023 mus
1867 2970 1909 3000 ¹¹
1953 2987 1965 3019 :
2010 2987 2026 3018 ι
2059 2975 2218 3034 atque
2243 2981 2339 3019 eos
2372 2966 2462 3034 qui
2491 2980 2615 3018 eum
2637 2963 2800 3018 Petro
2827 2964 2938 3018 haec
2967 2964 3115 3018 effari
3135 2980 3264 3033 pos-

1722 3064 1866 3117 sunt,
1902 3075 1918 3106 ι
1944 3055 2235 3124 Argentum
2271 3061 2323 3108 et
2352 3067 2542 3105 aurum
2573 3068 2679 3106 non
2710 3059 2791 3107 est
2813 3053 2944 3105 mihi
2964 3054 3026 3106 ".
3064 3072 3081 3103 ι
3103 3051 3261 3107 Tales

1723 3149 1824 3204 sibi
1851 3161 2116 3217 pauperes
2145 3144 2371 3215 paravit,
2393 3144 2710 3212 praecipiens
2731 3143 2838 3198 illis
2869 3152 2927 3195 ut
2954 3158 3058 3197 non
3087 3144 3264 3212 possi-

1718 3241 1905 3294 derent
1953 3253 2144 3291 aurum
2195 3250 2368 3304 neque
2417 3241 2696 3303 argentum
2747 3234 2801 3287 in
2860 3235 3033 3297 zonis,
3086 3221 3262 3304 neque

1718 3345 1896 3399 peram
1923 3329 1989 3383 ad
2015 3328 2177 3390 viam,
2202 3340 2376 3394 neque
2407 3324 2542 3377 duas
2576 3323 2807 3388 tunicas,
2843 3340 3018 3393 neque
3059 3325 3260 3378 calcea-

1719 3429 1919 3482 menta,
1957 3432 2134 3486 neque
2157 3416 2358 3482 virgam
2383 3413 2447 3465 ”.
2475 3411 2794 3479 Hujusmodi
2826 3412 2954 3483 item
2984 3420 3138 3466 erant
3180 3412 3258 3465 illi

1716 3512 1842 3564 olim
1874 3527 1891 3559 ι
1931 3509 2332 3562 circumeuntes
2362 3503 2414 3555 in
2445 3503 2679 3563 melotis,
2715 3502 2769 3554 in
2811 3501 3039 3570 pellibus
3082 3503 3260 3571 capri-

1713 3603 1823 3666 nis,
1858 3607 2097 3669 egentes,
2157 3595 2468 3664 angustiati,
2521 3594 2720 3656 amicti,
2770 3594 2826 3646 in
2879 3593 3258 3648 solitudinibus

1715 3700 1984 3752 errantes,
2020 3689 2076 3740 in
2106 3687 2402 3746 montibus,
2430 3685 2485 3738 in
2517 3684 2788 3754 speluncis
2813 3694 2867 3738 et
2891 3684 2944 3737 in
2979 3683 3259 3738 foramini-

1715 3784 1816 3838 bus
1844 3789 2002 3833 terrae
2022 3778 2088 3832 “.
2128 3796 2146 3828 ι
2203 3776 2306 3832 Sed
2338 3776 2383 3830 si
2421 3776 2584 3830 hosce
2609 3775 2780 3828 solum
2812 3788 2990 3829 sermo
3019 3789 3256 3829 comme-

1714 3876 1996 3932 morasset,
2059 3868 2310 3923 exclusus
2371 3881 2501 3922 sane
2540 3866 2677 3919 foret
2741 3865 2988 3934 quisquis
3037 3865 3104 3917 iis
3147 3877 3256 3917 non

1717 3962 1911 4019 similis
1945 3966 2110 4014 esset.
2147 3959 2214 4011 At
2255 3960 2366 4026 jam
2396 3958 2560 4010 alium
2588 3945 2832 4009 ordinem
2860 3960 3140 4007 enumerat
3173 3953 3258 4007 di-

1713 4067 1864 4115 cens,
1901 4067 1920 4100 ‹
1954 4048 2020 4102 Et
2045 4047 2226 4100 salvos
2251 4047 2410 4099 faciet
2441 4045 2577 4098 filios
2601 4057 2918 4114 pauperum.
2944 4061 2961 4093 ι
2987 4042 3108 4096 Filii
3132 4059 3256 4098 vero

1713 4154 2003 4210 pauperum
2032 4144 2185 4191 erant
2216 4137 2579 4205 apostolorum
2611 4142 2663 4188 et
2708 4133 3092 4202 disclpulorum
3137 4131 3257 4186 Ser-

1712 4229 1913 4284 vatoris
1941 4230 2112 4282 nostri
2136 4228 2271 4291 noti,
2302 4243 2437 4297 quos
2475 4226 2762 4296 Apostolus
2783 4224 2930 4278 hisce
2969 4215 3147 4276 verbis
3170 4221 3255 4274 in-

1716 4321 1943 4375 dicavit:
1976 4337 1994 4370 ι
2033 4318 2166 4373 Nam
2193 4319 2294 4374 etsi
2339 4317 2538 4371 multos
2570 4316 2885 4386 paedagogos
2921 4312 3174 4378 habeatis"
3198 4313 3253 4366 in

1713 4411 1949 4476 Christo,
1983 4409 2077 4465 sed
2117 4426 2225 4464 non
2263 4429 2274 4464 :
2315 4409 2511 4463 multos
2542 4415 2756 4478 patres‘:
2780 4406 2835 4459 in
2869 4405 3080 4458 Christo
3107 4401 3252 4456 enim

1711 4501 1838 4557 Jesu
1867 4516 1964 4571 ego
2007 4516 2102 4556 vos
2133 4502 2288 4572 genui
2308 4501 2385 4564 ";
2435 4517 2452 4549 ι
2487 4513 2550 4551 ac
2593 4511 2810 4552 rursum
2860 4513 2873 4549 :
2917 4513 2935 4544 ι
2973 4492 3092 4546 Filii
3123 4495 3249 4557 mei,

1714 4606 1852 4662 quos
1885 4607 2102 4645 rursum
2135 4589 2398 4660 parturio,
2430 4586 2600 4642 donec
2630 4586 2889 4640 formetur
2916 4584 3165 4638 Christus
3195 4584 3281 4639 in'

1713 4682 1865 4737 vobis
1891 4683 1954 4733 ".
1989 4701 2006 4730 ι
2034 4679 2232 4733 Verum
2263 4685 2529 4746 pauperes
2550 4690 2682 4730 suos
2711 4682 2764 4730 et
2793 4673 2931 4728 ﬁlios
2953 4686 3250 4743 pauperum

1709 4788 1830 4826 cum
1850 4771 2062 4840 justitia
2090 4776 2144 4822 et
2171 4765 2319 4823 recto
2352 4767 2561 4837 judicio
2603 4767 2777 4823 salute
2805 4767 2986 4821 donat.
3033 4763 3251 4817 Calum-

1710 4859 1935 4914 niatoris
1962 4867 2162 4921 autem,
2187 4857 2280 4926 qui
2319 4857 2371 4909 in
2405 4857 2640 4910 animum
2669 4855 2877 4910 induxit
2905 4854 3160 4924 populum
3195 4856 3249 4904 et

1713 4947 2003 5004 Ecclesiam
2048 4946 2166 5016 ejus
2211 4948 2527 5017 impugnare
2599 4950 2758 5013 (nam
2812 4942 3051 4997 sexcenti
3087 4956 3246 5011 syco—

1711 5038 1920 5107 phantae
1974 5044 2098 5089 sunt
2156 5036 2248 5103 qui
2287 5035 2579 5088 Ecclesiam
2628 5033 2746 5100 ejus
2791 5028 3244 5100 calumniantur);

1709 5123 1814 5175 imo
1845 5121 2005 5174 etiam
2030 5121 2261 5175 aliorum
2291 5122 2383 5190 qui
2422 5119 2572 5188 probi
2622 5120 2852 5173 instituti
2880 5121 3022 5173 viros
3061 5119 3113 5170 in
3144 5116 3263 5172 Ec-'

80 5187 231 5279 αὐτού
257 5189 636 5264 διαϐάλλουσι),
660 5196 752 5250 καὶ
781 5196 868 5248 τὸν
894 5195 1003 5265 βίον
1029 5197 1136 5251 τῶν
1159 5200 1217 5252 ἑν
1239 5203 1301 5270 τῇ
1320 5200 1608 5274 Ἐκκλησία

1718 5208 1867 5261 alesia
1889 5207 2010 5276 ejus
2043 5187 2716 5279 sycophantiisimpetunt,
2739 5209 2860 5262 vita:
2891 5209 3090 5263 exitum
3123 5223 3246 5278 per-

79 5278 231 5331 αὺτοῦ
260 5280 658 5352 διαπρεπόντων
704 5286 847 5339 ἄλλοι
882 5285 1441 5356 ωκοφαντοῦσιν·ίῶν
1489 5295 1609 5347 ἑπι-

84 5369 274 5437 στήσας
297 5372 361 5441 τῇ
389 5372 608 5443 τελευτῇ
641 5374 734 5454 τοῦ
765 5375 910 5445 βίου,
943 5375 1059 5444 ὕψει
1082 5378 1226 5440 ὅπως
1267 5380 1474 5450 εἴρηται
1524 5383 1604 5450 τὸ,

85 5457 213 5512 «Kal.
236 5459 557 5514 ταπεινώσει
592 5467 944 5551 συκοφάντην.
972 5487 991 5520 ι
1021 5467 1114 5530 Τίς
1145 5467 1252 5538 γὰρ
1281 5469 1388 5523 τῶν
1411 5488 1605 5543 τυραν-

163 5657 203 5728 _"
226 5657 399 5728 _Zach.
435 5679 495 5727 Il,
527 5664 612 5728 10,
645 5665 729 5719 Η.

87 5721 126 5755 ³⁸
155 5724 173 5777 Ι
203 5726 324 5782 Cor.
377 5746 457 5804 ιν,
481 5721 610 5786 ’15.’
649 5735 692 5765 ³⁸
725 5734 839 5794 Gal.
878 5721 1069 5794 Iv.‘7l9‘.

1712 5298 1969 5368 pendens,
2013 5297 2180 5369 probe
2211 5299 2472 5367 intelliges
2519 5313 2614 5352 cur
2643 5298 2868 5360 dicatur,
2905 5316 2923 5346 ι
2977 5297 3041 5350 Et
3059 5299 3244 5352 humi-

1710 5387 1860 5442 liabit
1905 5389 2372 5444 calumniatorcm.
2411 5408 2430 5440 ι
2464 5387 2595 5454 Quis
2633 5389 2774 5442 enim
2806 5402 3013 5451 eorum,
3045 5387 3135 5456 qui
3167 5395 3244 5456 ty.

1707 5477 1928 5536 rannlce
1980 5475 2036 5530 in
2086 5474 2383 5533 Salvatoris
2427 5477 2598 5533 nostri
2659 5475 2950 5531 Ecclesiarn
2995 5483 3234 5546 egerunt,

806 5670 880 5747 ._'°
912 5672 1153 5747 lsaLin,
1187 5673 1232 5726 1.
1258 5675 1298 5707 ³³
1331 5672 1496 5732 lCor.
1521 5678 1577 5746 4,
1616 5693 1621 5733 f

1794 5682 1838 5713 "
1867 5679 1985 5734 Act.
2016 5680 2177 5747 1:1,.6.
2274 5681 2321 5713 "
2354 5680 2539 5738 Matth.
2570 5697 2620 5746 ιι,
2646 5681 2696 5734 9.
2774 5680 2817 5711 ’⁵
2849 5679 3010 5738 Hebr.
3040 5696 3114 5747 xi,
3143 5679 3230 5736 37.
