3966 6348
89 413 197 470 801
1225 414 1715 471 COMMENTARIA
1754 414 1817 469 lN
1852 414 2185 472 PSALMOS.
3185 431 3289 487 802

88 532 194 583 ἰπὶ
261 530 439 586 πόκον
471 531 604 585 κατὰ
651 534 773 595 τοὺς
816 530 1185 593 ἀπωσθέντας·
1230 531 1492 599 τρόπους·
1536 529 1657 600 μετᾶ

1772 539 1967 594 autem,
1991 546 2098 584 non
2133 523 2281 584 ultra'
2299 528 2438 587 sicut
2488 531 2540 584 in
2588 532 2777 600 vellus,
2816 535 2907 590 sed
2950 551 3143 607 magno
3170 556 3292 597 cum

87 618 283 672 ταῦτα
320 618 382 675 δὶ
429 620 605 675 οὐκέτι
656 620 731 683 ὡς
778 622 870 674 ἐπὶ
918 620 1113 683 πόκον,
1172 619 1305 672 ἀλλὰ
1363 620 1459 671 σὺν
1503 619 1657 690 πολλῇ

1770 627 1939 684 motu,
1973 621 2185 675 sonitus
2218 620 2330 675 sive
2352 620 2595 676 doctrina
2620 625 2738 692 ejus
2778 640 2875 695 per
2902 633 3073 680 totum
3112 631 3295 685 orbem

88 706 332 780 κινήσει
353 727 368 741 ⁸
400 710 492 764 καὶ
514 709 713 773 κτύπος
736 709 1053 774 ἐξάκουστος
1072 709 1258 777 γέγονε
1284 709 1402 762 καθ’
1427 710 1549 779 ὅλης
1572 710 1657 779 τῆς

1770 711 1834 765 ad
1861 711 2098 766 omnium
2134 726 2293 766 aures
2331 714 2584 781 pervasit.
2618 713 2792 780 Quare
2821 716 3036 771 additur
3081 719 3293 787 deinde,

89 798 445 871 οἰκουμένης
463 801 496 871 ἡ
520 800 829 854 δῶασκαλία
849 799 1031 854 αὐτοῦ.
1054 799 1129 852 Δι’
1151 800 1179 852 ὃ
1198 798 1497 866 ἔπιλέγεται
1521 798 1657 869 ἑξῆς,

1774 820 1792 853 ‹
1825 810 1878 858 et
1906 803 2043 857 sicut
2068 801 2342 873 stillicidia
2391 803 2642 857 stillantia
2670 820 2828 874 super
2855 815 3072 861 terram.
3111 826 3131 859 ι
3168 809 3296 863 Stil-

97 905 118 936 ι
147 888 258 940 καὶ
293 888 427 942 ὡσεὶ
472 888 723 957 σταγόνες
751 888 1035 951 στάζουσαι
1080 888 1172 941 ἐπὶ
1212 887 1310 957 τὴν
1340 886 1499 957 γῆν.»
1533 888 1657 940 Στα·

1769 891 1943 945 licidia
1983 905 2229 960 namque,
2264 891 2376 946 sive
2407 909 2424 942 ι
2465 900 2625 960 gutta:
2665 894 2805 949 roris
2841 915 2858 946 ι
2891 895 3180 950 secundum
3213 913 3299 953 re-

90 976 268 1043 γόνες
294 978 407 1049 γὰρ
436 978 468 1048 ἡ
511 977 738 1047 ψεκάδες
767 977 904 1031 κατὰ
938 977 1060 1039 τοὺς
1090 977 1306 1039 λοιποὺς
1334 977 1665 1047 ἑρμηνευτὰς

94 1066 413 1131 στάζουσαι
444 1069 535 1121 ἐπὶ
578 1069 674 1137 τὴν
706 1070 807 1138 γῆν
858 1067 1032 1122 οὐκέτ’
1066 1067 1327 1137 ἀψοφητὶ,
1366 1067 1458 1119 σὺν
1491 1066 1665 1137 πολλῷ

90 1157 155 1210 δὲ
193 1159 371 1231 ψόφῳ
396 1160 628 1213 κατίασι.
665 1159 774 1210 Καὶ
802 1157 955 1212 τοῦτο
978 1158 1031 1210 δὲ
1061 1157 1207 1219 τέλος
1234 1156 1537 1225 ἐτύγχανεν,
1578 1157 1663 1210 ὅτε

92 1250 182 1311 εἰς
205 1252 401 1306 πᾶσαν
423 1251 519 1323 τὴν
541 1250 644 1321 γῆν
674 1249 890 1320 ὲξῆλθεν
917 1252 945 1303 ὁ
967 1248 1192 1317 φθόγγος
1229 1247 1336 1300 τῶν
1362 1248 1663 1302 ἀποστόλων

90 1339 301 1403 αὑτοῦ,
328 1343 421 1396 καὶ
442 1341 615 1405 emat
646 1340 851 1410 πέρατα
876 1340 972 1409 τῆς
1008 1338 1324 1410 οἰκουμένης
1350 1340 1417 1393 τὰ
1451 1342 1663 1412 ρὴματα

93 1444 317 1486 αυτων.
1160 1444 1168 1450 ’

165 1543 407 1607 Τούτοις
433 1536 555 1616 ἑξῆς
574 1544 802 1617 εἴρηται·
856 1565 876 1598 ι
918 1547 1183 1601 Ἀνατελεί
1204 1548 1260 1600 ἐν
1285 1547 1402 1609 ταῖς
1432 1544 1663 1615 ἡμέραις

93 1633 275 1688 αὐτοῦ
306 1635 612 1707 δικαιοσύνη
641 1637 734 1690 καὶ
761 1637 958 1708 πλῆθος
983 1639 1201 1709 εἰρήνης
1220 1654 1231 1667 ·
1272 1656 1291 1689 ι
1325 1636 1466 1691 κατὰ
1486 1636 1541 1689 δὲ
1572 1636 1661 1690 τὸν

108 1724 380 1793 Ἀκύλαν,
407 1745 426 1779 ι
452 1726 743 1799 Βλαστὴσει
783 1730 841 1781 έν
870 1730 1099 1799 ἡμέραις
1130 1728 1294 1781 αὑτοῦ
1336 1728 1537 1791 δίκαιος
1572 1729 1662 1781 καὶ

97 1814 321 1887 πλῆθος
348 1816 562 1886 εἰρὴνης
583 1831 598 1845 ο
628 1833 648 1867 ι
686 1814 823 1877 κατὰ
852 1815 907 1867 δὲ
934 1814 1027 1867 τὸν
1070 1814 1374 1884 Σύμμαχον,
1413 1832 1432 1865 ι
1479 1812 1663 1882 ’Δνθή-

1768 983 1941 1052 liquos
2001 982 2341 1051 interpretes,
2402 984 2666 1038 stillantes
2716 999 2876 1053 super
2934 993 3151 1050 terram,
3188 1001 3297 1042 non

1768 1087 1988 1143 lel‘SllS
2017 1074 2133 1129 sine
2170 1074 2419 1143 strepitu,
2456 1074 2550 1130 sed
2600 1090 2793 1146 magno
2840 1084 2957 1133 eum
2996 1077 3170 1131 sonitu
3202 1078 3300 1131 de-

1767 1164 2048 1219 scendunt.
2088 1162 2146 1216 ld
2198 1179 2325 1217 vero
2378 1172 2488 1216 tum
2525 1163 2682 1219 linem
2720 1166 2946 1235 accepit,
2994 1167 3207 1235 quando
3241 1166 3296 1220 in

1766 1269 1977 1309 omnem
2009 1263 2205 1309 terram
2230 1255 2396 1309 exivit
2446 1270 2613 1311 sonus
2672 1257 3036 1329 apostolorum
3074 1256 3211 1327 ejus,
3244 1264 3298 1313 et

1765 1344 1820 1398 in
1853 1345 1985 1399 lines
2013 1346 2162 1401 orbis
2192 1339 2347 1401 terra:
2376 1346 2540 1401 verba
2567 1360 2774 1402 eorum.
3018 1334 3027 1340 ’

1835 1540 1943 1597 Sub
1970 1542 2082 1597 haec
2117 1543 2313 1597 dicitur
2341 1562 2354 1597 :
2396 1562 2413 1595 ι
2444 1542 2660 1599 Orietur
2687 1544 2741 1598 in
2769 1542 2957 1600 diebus
2984 1546 3102 1615 ejus
3138 1548 3299 1615 justi-

1764 1632 1836 1696 tia
1869 1640 1920 1689 et
1950 1633 2276 1687 abundantia
2310 1635 2524 1702 pacisp
2548 1634 2858 1696 secundum
2875 1635 3122 1705 Aquilam
3149 1651 3298 1700 vero,

1769 1744 1789 1775 ‹
1819 1709 2148 1779 Germinabit
2177 1726 2231 1778 in
2260 1725 2450 1779 diebus
2496 1724 2613 1792 ejus
2654 1725 2857 1793 justus.
2890 1733 2941 1779 et
2973 1726 3299 1780 abundantia

1762 1810 1943 1878 pacis;
1978 1827 1995 1861 ι
2043 1810 2337 1865 secundum
2388 1808 2764 1879 Symmachum
2807 1826 2957 1875 vero,
3012 1829 3031 1860 ι
3062 1810 3298 1865 Florebit

97 1878 296 1957 ast-tv
500 1878 730 1973 ἡμέραις
784 1900 945 1954 αὐτοῦ
987 1878 1208 1963 δίκαιοςξ
1252 1878 1297 1951 in
1322 1899 1551 1969 Ἡμέραι
1607 1878 1657 1951 δὲ

1762 1901 1816 1952 in
1845 1899 2034 1955 diebus
2061 1899 2179 1969 ejus
2204 1878 2456 1970 justusQ-i
2511 1900 2631 1954 Dies
2660 1909 2833 1960 autem
2865 1890 3164 1955 Sewatdris
3195 1918 3295 1956 n0»

94 1994 197 2046 τοῦ
244 1994 497 2063 Σωτῆρος
548 1991 719 2067 ἡμῶν
750 1992 806 2044 αἱ
856 1990 961 2043 ἀπὺ
1006 1990 1107 2058 τῆς
1151 1989 1447 2059 παρουσίας
1498 1987 1657 2041 αὑτοῦ

1762 1991 1857 2045 stri
1908 1992 1976 2046 ab
2022 1992 2255 2047 adventu
2308 1993 2425 2061 ejus
2470 2007 2640 2063 usque
2679 1993 2745 2047 ad
2786 1994 3295 2048 consummationem

100 2085 276 2155 μέχρι
296 2084 396 2155 τῆς
421 2081 722 2146 συντελείας
751 2080 841 2136 τοῦ
859 2080 1051 2145 αἰῶνος
1065 2080 1430 2153 νοηθήσονται.
1455 2081 1657 2151 Ὠσπερ

1761 2082 1935 2136 saeculi
1967 2082 2299 2151 intelligendi
2323 2089 2471 2137 sunt.
2492 2082 2606 2147 Qua
2628 2083 2836 2139 ratione
2863 2085 3003 2139 enim
3026 2084 3293 2149 audimus,

98 2174 213 2249 γὰρ
249 2173 517 2243 ἀκούομεν
552 2171 633 2235 τὺ,
672 2190 690 2223 ι
741 2172 828 2224 Ἐν
860 2168 1250 2241 ταῖς’ἡμέραις
1282 2169 1459 2233 Δαυῒδ,
1494 2189 1511 2221 ι
1545 2172 1655 2235 καὶ,

1766 2191 1783 2222 ι
1810 2170 1867 2225 In
1913 2172 2103 2227 diebus
2160 2172 2355 2238 David;
2391 2174 2451 2227 In
2482 2173 2671 2229 diebus
2711 2170 3025 2242 Jeroboam;
3058 2195 3076 2227 ›
3112 2176 3294 2230 eodem

103 2282 123 2314 ι
177 2264 275 2317 Ἑν
318 2262 543 2333 ἡμέραις
586 2261 880 2333 Ἱεροὸοὰμ,
936 2280 955 2313 ι
1001 2261 1170 2324 οὕτως
1222 2258 1325 2313 εἷεν
1368 2262 1431 2315 ἂν
1463 2261 1657 2332 ἡμέραι

1759 2277 1981 2332 prorsus
2050 2263 2211 2317 modo
2255 2264 2371 2319 dies
2420 2264 2721 2320 Servatoris
2777 2267 2948 2321 nostri
3002 2267 3299 2335 excipiendi

97 2352 195 2406 τοῦ
242 2354 493 2423 Σωτῆρος
522 2353 693 2424 ἡμῶν.
740 2352 877 2405 Ἀλλ’
918 2353 1112 2405 ἐκεῖνοι
1147 2352 1263 2422 μὲν,
1297 2352 1453 2432 πρὸς.
1483 2351 1657 2419 ὀλίγον

1761 2360 1903 2406 sunt.
1958 2350 2059 2407 Sed
2095 2354 2170 2407 illi
2201 2354 2417 2423 quidem
2442 2369 2563 2409 cum
2594 2355 2661 2409 ad
2690 2356 2852 2411 breve
2882 2364 3092 2424 tempus
3114 2372 3302 2426 super-

98 2446 388 2512 φανέντες,
418 2445 605 2498 θᾶττον
637 2444 1073 2514 ἀπεσϐέσθησαψ
1107 2444 1176 2496 δι’
1206 2443 1235 2496 ὃ
1264 2444 1353 2496 καὶ
1382 2444 1437 2497 αἰ
1464 2443 1657 2514 ἡμέραι

1760 2442 1913 2497 stites
1936 2436 2187 2508 fuissent,
2219 2445 2366 2499 brevi
2408 2446 2660 2500 exstincti
2696 2454 2843 2511 sunt,
2892 2461 3058 2516 quare
3090 2446 3203 2503 dies
3236 2448 3299 2502 il-

99 2534 290 2586 αὐτῶν
334 2532 605 2598 ὲξέλιποψ
641 2533 698 2584 αἱ
736 2532 792 2585 δὲ
834 2532 1036 2603 ἡμέραι
1080 2532 1173 2585 τοῦ
1223 2532 1471 2601 Σωτῆρος
1510 2532 1657 2601 ἡμῶν

1757 2532 1931 2598 lorum
1959 2532 2292 2591 defecerunt.
2329 2535 2452 2592 Dies
2480 2552 2609 2591 vero
2639 2536 2938 2593 Servatoris
2966 2540 3137 2594 nostri
3169 2549 3299 2609 quot

98 2624 301 2676 ὁπόσαι
345 2621 683 2691 τυγχάνουσι,
711 2621 918 2690 φθάσας
944 2622 974 2673 ὀ
1003 2622 1157 2689 λόγος
1178 2621 1442 2697 ἐδήλωσεν
1470 2620 1655 2673 εἰπών·

1758 2624 1885 2687 sint,
1922 2638 2082 2693 supra
2109 2618 2439 2681 declaratum
2475 2627 2559 2682 his
2581 2628 2758 2682 verbis
2789 2636 2872 2682 est
2902 2647 2914 2681 :
2953 2646 2972 2678 ι
3011 2628 3297 2683 Permane-

107 2733 125 2765 ι
163 2714 587 2784 Συμπαραμενεῖ
608 2710 685 2783 τῷ
705 2711 837 2783 ἡλίῳ
861 2710 952 2764 καὶ
984 2710 1285 2783 ἔμπροσθεν
1308 2711 1406 2782 τῆς
1434 2710 1657 2781 σελήνης

1757 2711 1833 2765 bit
1866 2728 1987 2767 cum
2019 2715 2132 2769 sole
2167 2723 2219 2770 et
2260 2724 2382 2770 ante
2421 2717 2625 2781 lunam,
2657 2718 2712 2771 in
2744 2718 3114 2786 generationes
3137 2734 3298 2787 gene-

101 2807 303 2874 γενεὰς
331 2805 555 2873 γενεῶν⁹
596 2824 618 2858 ι
650 2799 733 2868 οἷς
763 2803 1063 2867 ἀκολούθως
1096 2804 1188 2856 καὶ
1216 2801 1377 2865 αὐτὸς
1400 2805 1512 2867 τοῖς
1540 2804 1657 2855 ἐαυ-

1757 2804 2041 2858 rationum.
2078 2825 2096 2857 ι
2152 2801 2568 2876 Ὀοηεοᾳυθιιῑειν
2596 2808 2661 2861 ad
2687 2808 2799 2861 haec
2826 2808 2988 2863 verba
3015 2808 3296 2879 discipulis

104 2896 196 2948 τοῦ
250 2895 513 2966 μαθηταῖς
539 2894 896 2965 ἐπηγγέλλετο
936 2892 1137 2960 λέγων’
1173 2910 1191 2943 ι
1236 2892 1364 2945 Ἰδοὺ
1402 2890 1509 2961 ἐγὼ
1540 2879 1653 2962 μέθ’

1758 2896 1869 2950 suis
1912 2896 2025 2950 baac
2050 2898 2320 2965 pollicitus
2360 2907 2478 2953 est:
2516 2897 2706 2953 «Ecce
2732 2914 2829 2969 ego
2864 2900 3140 2955 vobiscum
3175 2918 3293 2956 sum

104 2986 263 3057 ὑμῶν
299 2990 411 3059 εἰμι
442 2984 569 3059 ἄχρι
603 2986 702 3056 τῆς
739 2983 1037 3047 συντελείας
1075 2981 1167 3036 τοῦ
1195 2982 1414 3045 αἰῶνος·
1455 3000 1475 3033 ι
1508 2980 1657 3035 Οὕτω

1758 3000 1930 3061 usque
1973 2986 2040 3042 ad
2090 2988 2604 3042 consummationem
2654 2988 2836 3043 saeculi
2863 2989 2942 3056 ";
2978 3007 2995 3040 ι
3049 2989 3121 3042 ita
3151 2990 3294 3043 enim

104 3081 213 3151 γὰρ
232 3081 429 3151 ἤμελλε
460 3077 896 3152 συμπαραμένειν
922 3075 996 3147 τῷ
1024 3075 1175 3146 ἡλίῳ.
1219 3073 1421 3128 Οὐκοῦν
1456 3076 1512 3128 έν
1541 3076 1657 3140 ταῖς

1757 3080 1877 3132 cum
1908 3078 2019 3133 sole
2043 3094 2429 3148 permansurus
2457 3086 2591 3135 erat.
2619 3078 2802 3149 Itaque
2822 3080 2876 3134 in
2895 3080 3081 3135 diebus
3103 3082 3293 3150 ipsius,

104 3171 343 3253 ἡμέραις
372 3170 555 3235 αὐτοῦ,
595 3170 715 3225 καθ’
742 3170 805 3233 ἃς
832 3168 1249 3241 συμπαραμένεῖ
1276 3168 1353 3238 τῷ
1378 3167 1531 3238 ἡλίῳ,
1565 3168 1657 3221 καὶ

1758 3173 1908 3240 queis
1953 3186 2073 3225 cum
2125 3170 2237 3225 sole
2286 3161 2652 3240 permanebit,
2705 3178 2758 3225 et
2810 3171 2969 3225 simili
3015 3186 3121 3241 quo
3168 3171 3295 3225 luna

103 3261 308 3329 ὁμοίως
332 3261 522 3332 σελὴνῃ
543 3260 641 3323 τὰς
665 3260 770 3314 τῶν
800 3262 858 3313 ὲν
878 3260 1052 3329 σκότῳ
1075 3260 1296 3329 φωτίσει
1323 3258 1517 3329 ψυχὰς,
1542 3259 1657 3312 ἀνα-

1758 3260 1949 3323 modo,
2002 3260 2210 3312 animas
2240 3258 2292 3311 in
2322 3259 2554 3313 tenebris
2590 3258 2795 3327 positas
2824 3258 3177 3323 illuminabit,
3208 3260 3298 3327 ju-

104 3350 311 3420 λάμψει
341 3353 432 3405 ἐπὶ
468 3350 644 3421 πάσης
675 3350 773 3420 τῆς
810 3350 913 3419 γῆς
956 3349 1293 3422 δικαιοσύνη·
1320 3350 1353 3422 ἡ
1394 3348 1549 3418 κατὰ,
1568 3349 1657 3402 τὸν

1757 3351 1899 3405 stitia
1968 3351 2164 3405 lucebit
2215 3350 2269 3403 in
2316 3349 2565 3403 universa
2613 3356 2785 3415 terra;
2835 3350 2948 3404 sive
2997 3350 3291 3403 secundum

116 3442 368 3507 Ἀκύλαν,
409 3460 429 3493 ι
458 3442 688 3504 δίκαιος·
730 3460 750 3493 ι
781 3440 961 3493 οὐκέτι
990 3440 1139 3512 παρὰ
1178 3442 1445 3505 Ἰουδαίοις
1480 3443 1657 3513 μόνοις

1757 3442 2022 3514 Aquilam,
2062 3459 2080 3491 ι
2107 3440 2305 3511 justus.
2338 3459 2358 3491 ι
2396 3438 2502 3493 Nec
2534 3440 2674 3491 ultra
2723 3439 2862 3508 apud
2903 3437 3118 3493 Iudaeos
3172 3447 3294 3492 tan-

107 3532 222 3596 ἑνός
264 3550 366 3585 που
409 3534 502 3586 καὶ
526 3530 775 3603 δευτέρου
818 3530 1208 3601 ὀνομαζομένου
1260 3531 1488 3593 δικαίου,
1538 3532 1656 3586 καθ’

105 3622 233 3693 ὅλης
256 3622 313 3676 δὲ
332 3624 431 3693 τῆς
459 3622 778 3694 οἰκουμένης
810 3621 1010 3693 μυρίων
1035 3622 1091 3673 ιν
1116 3620 1330 3691 Χριστῷ
1354 3621 1659 3691 δικαιουμέ-

108 3733 233 3772 νων.
274 3716 347 3769 Τὸ
370 3716 425 3770 δὲ
453 3716 652 3787 πλῆθος
678 3715 783 3769 τῶν
814 3714 1031 3768 δικαίων
1054 3715 1163 3766 τῶν
1196 3714 1251 3765 ὲν
1280 3716 1398 3776 ταῖς
1426 3714 1657 3784 ἡμέραις

106 3808 197 3860 τοῦ
224 3810 474 3880 Σωτῆρος
512 3808 809 3863 ἀνθούντων
841 3809 934 3862 καὶ⁸
962 3808 1134 3878 φωτὸς
1170 3806 1322 3877 δίκην
1346 3804 1655 3859 ἀνατέλλον-

108 3914 213 3951 των
235 3899 435 3971 ὁμοίως
454 3899 530 3970 τῷ
555 3900 756 3954 ἑαυτῶν
778 3902 1016 3972 φωστῆρι
1044 3901 1252 3969 νοήσεις
1276 3896 1382 3950 ἀπὸ
1407 3896 1502 3949 τοῦ
1534 3898 1658 3967 πλή-

111 3987 235 4053 θους
260 3991 369 4045 τῶν
415 3990 719 4062 ἁπανταχοῦ
756 3980 857 4061 γῆς
896 3990 1184 4064 μαρτύρων
1210 3987 1384 4041 αὐτοῦ
1415 3988 1509 4040 καὶ
1551 3986 1657 4040 τῶν

110 4079 251 4132 κατὰ
274 4080 371 4151 τὴν
406 4081 725 4152 Ἐκκλησίαν
751 4081 912 4136 αὑτοῦ
940 4081 1029 4134 τὸν
1068 4079 1351 4148 ἀγγελικὸν
1378 4079 1433 4131 ὲν
1460 4094 1655 4131 παντε-

111 4166 190 4219 λεῖ
216 4168 405 4238 ἁγνεία
442 4168 840 4239 κατορθούντων
875 4168 1006 4239 βίον.
1035 4170 1097 4223 Εἰ
1136 4169 1193 4222 δὲ
1234 4167 1326 4220 καὶ
1355 4164 1653 4236 δικαιοσύνη

113 4258 168 4311 ὲν
197 4260 319 4323 ταῖς
338 4258 568 4330 ἡμέραις
592 4259 753 4313 αὑτοῦ
786 4258 1038 4331 ἀνθήσειν
1078 4258 1341 4321 λέλεκται,
1375 4256 1466 4310 καὶ
1505 4255 1657 4308 τοῦτο

112 4350 257 4411 ὅπως
282 4348 348 4404 δι’
382 4347 552 4419 ἔργων
597 4347 891 4420 πληροῦται
928 4348 1039 4403 ἔστι
1086 4347 1420 4418 καταμαθεῖν
1458 4348 1521 4399 ἐκ
1564 4345 1654 4397 τοῦ

117 4440 190 4513 μὴ
220 4440 499 4502 Ἰουδαίους
538 4438 745 4509 μόνους,
780 4438 913 4511 ἀλλὰ
958 4440 1050 4493 καὶ
1079 4441 1185 4492 πᾶν
1212 4438 1359 4501 ἔθνος
1382 4436 1657 4489 καλεῖσθαι

116 4532 205 4587 ἐπὶ
229 4534 327 4605 τὴν
360 4531 533 4585 ἔνθεον
564 4531 767 4595 πίστιν,
796 4532 1010 4595 δούλους
1038 4548 1097 4584 τε
1124 4532 1181 4597 ἐξ
1210 4529 1322 4582 ἴσου
1355 4532 1465 4591 τοῖς
1506 4528 1653 4581 ἐλευ-

1755 3545 1865 3588 tum
1906 3545 2047 3587 unus
2084 3530 2186 3586 ant
2233 3530 2368 3583 alter
2396 3529 2575 3597 justus
2626 3525 3023 3592 nominabitur;
3057 3527 3151 3582 sed
3197 3543 3295 3597 per

1754 3632 1921 3679 totum
1994 3624 2175 3677 orbem
2227 3617 2420 3675 inﬁniti
2469 3618 2524 3674 in
2562 3614 2776 3673 Christo
2835 3616 3291 3687 justiﬁcabuntur.

1755 3713 2145 3768 Multitudinem
2192 3717 2371 3765 autem
2412 3708 2702 3786 justorum.
2738 3707 2829 3776 qui
2874 3707 2927 3759 in
2954 3706 3143 3770 diebus
3174 3707 3295 3761 Ser-

1752 3803 1954 3857 vatoris
1972 3804 2139 3855 nostri
2162 3800 2472 3860 floruerunt,
2497 3805 2549 3852 et
2574 3796 2664 3866 qui
2697 3796 2915 3850 luminis
2942 3796 3129 3859 instar,
3158 3810 3283 3861 pero

1754 3892 1877 3947 inde
1917 3898 2078 3959 atque
2122 3890 2361 3957 ipsorum
2391 3886 2672 3951 luminare,
2707 3884 2875 3938 exorti
2907 3892 3053 3945 sunt,
3090 3885 3285 3936 intelli-

1754 3998 1843 4053 ges
1874 3997 1938 4035 ex
1965 3979 2307 4034 multitudine
2357 3984 2648 4045 martyrum
2694 3976 2811 4045 ejus
2854 3984 2953 4044 per
2988 3976 3288 4031 universam

1754 4080 1971 4134 terram,
2020 4082 2311 4138 eorumque
2356 4067 2445 4137 qui
2477 4068 2530 4120 in
2563 4066 2800 4121 Ecclesia
2835 4069 2952 4131 ejus
2999 4067 3289 4136 angelicam

1753 4163 1914 4215 vitam
1932 4175 2054 4214 cum
2075 4160 2221 4213 omnl
2249 4160 2496 4214 castitate
2522 4157 2808 4212 duxerunt.
2844 4156 2992 4222 Quod
3018 4157 3063 4209 si
3091 4158 3293 4210 dictum

1753 4260 1855 4314 est,
1890 4252 2130 4305 futurum
2174 4264 2293 4305 esse
2325 4259 2383 4302 ut
2408 4248 2615 4317 justitia
2664 4248 2715 4301 in
2762 4246 3100 4320 diebusejus
3133 4246 3294 4299 emo-

1753 4350 1925 4397 rescat
1945 4361 1959 4408 ;
1978 4350 2029 4397 et
2057 4345 2158 4396 hoc
2183 4356 2290 4410 quo
2322 4347 2478 4410 pacto
2503 4339 2711 4393 eveniat
2744 4338 2868 4391 hinc
2898 4337 3124 4397 edisces,
3146 4336 3290 4403 quud

1754 4446 1861 4485 non
1894 4439 2098 4486 tantum
2131 4429 2321 4494 Judaei,
2352 4429 2443 4484 sed
2472 4429 2632 4483 etiam
2671 4441 2856 4481 omnes
2888 4433 3072 4493 gentes
3106 4425 3168 4480 ad
3198 4424 3289 4476 di-

1754 4523 1933 4577 vinam
1975 4522 2129 4575 ﬁdem
2157 4524 2356 4573 vocata:
2380 4518 2507 4578 sint,
2546 4530 2608 4569 ac
2650 4515 2787 4569 servi
2814 4514 3015 4582 pariter
3041 4520 3093 4567 et
3132 4512 3290 4566 lberi

118 4594 294 4695 θέροις
309 4625 591 4689 θεοσεϐεῖν,
619 4622 711 4677 καὶ
739 4622 971 4694 πένητας
1004 4594 1199 4696 ὁμοίως
1228 4624 1339 4684 τοῖς
1364 4620 1651 4684 πλουσίοις,

1758 4616 1920 4670 Deum
1952 4612 2150 4671 colant,
2180 4620 2441 4677 pauperes
2473 4605 2690 4672 perinde
2714 4611 2873 4673 atque
2904 4604 3119 4666 divites,
3140 4600 3292 4672 pri-no

116 4711 375 4783 ἄρχοντάς
400 4731 458 4768 τε
497 4714 592 4768 σὺν
615 4711 933 4784 ἀρχομένοις
962 4715 1057 4767 σὺν
1094 4713 1254 4781 πολλῇ
1282 4708 1412 4763 Θεοῦ
1458 4708 1655 4761 δικαιοο

122 4804 268 4876 cum.
293 4806 480 4869 Ὅπως
509 4806 567 4860 δὲ
592 4805 790 4876 πλῆθος
832 4806 1049 4877 είρὴνης
1075 4802 1430 4859 ἀνατέταλκεν
1457 4801 1514 4853 ὲν
1538 4802 1655 4863 ταῖς

117 4893 458 4964 δηλωθείσαις
504 4897 597 4950 τοῦ
940 4895 1095 4966 ἡμῶν
1152 4894 1415 4965 ἡμέραις,
1470 4892 1653 4959 νοῆσαι

122 4984 259 5039 ιστιν
289 4989 651 5059 ιπιστὴσαντα
671 4990 736 5059 τῇ
768 4985 1091 5041 καταστάσει
1111 4984 1223 5038 τῶν
1247 4980 1353 5055 πρὸ
1366 4982 1463 5051 τῆς
1485 4981 1653 5035 αὑτοῦ

124 5078 413 5144 παρουσίας
437 5082 789 5150 πραγμάτων.
824 5077 959 5133 Καθ’
981 5077 1048 5148 ἡν
1083 5077 1144 5129 τὸ
1172 5075 1391 5146 σύμπαν
1424 5071 1533 5124 τῶν
1569 5073 1657 5124 άν-

127 5167 344 5238 θρώταυν
398 5170 551 5237 γένος
597 5170 813 5243 διῄρητο
856 5166 1307 5236 ἀποτετμημένον
1359 5162 1542 5232 ὥσπερ
1595 5160 1654 5228 ἐξ

127 5258 233 5322 ἑνὸς
279 5258 523 5329 σώματος
564 5261 642 5322 εἰς
676 5260 839 5331 μυρία
881 5254 1242 5325 διεσπαρμένα
1283 5251 1438 5321 μέλη,
1484 5248 1654 5305 ἀλλων

129 5349 287 5411 δλλως
324 5347 488 5401 ἐθνῶν
537 5348 698 5400 πάλαι
746 5348 1000 5419 πρότερον
1043 5339 1447 5412 ἀφωρισμένων,
1498 5338 1655 5391 πολε-

133 5441 358 5509 μούντων
388 5455 445 5491 τε
478 5436 717 5508 ἀλλήλοις
741 5442 835 5492 καὶ
857 5424 1279 5507 πολεμουμένων
1309 5429 1401 5485 καὶ
1424 5428 1530 5481 τῶν
1556 5429 1652 5498 μὲν

130 5529 568 5604 τυραννουμένων,
602 5526 708 5580 τῶν
737 5526 792 5580 δὶ
818 5523 1347 5599 δημοκρατουμένων,
1370 5518 1567 5589 ἑτέρων
1595 5520 1653 5573 δὲ

130 5620 601 5695 ὀλιγαρχουμένων·
637 5619 918 5689 τοπάρχων
939 5621 1056 5674 κατ’
1079 5617 1226 5681 levo;
1267 5613 1359 5669 καὶ
1382 5609 1652 5681 τυράννων

194 5781 233 5811 ”
262 5778 447 5844 Matth.
488 5783 675 5840 nvm,
702 5775 789 5829 20.

1756 4708 1902 4777 eipes
1932 4717 2051 4756 cum
2075 4698 2327 4759 subditis,
2357 4711 2477 4749 cum
2502 4696 2667 4749 multa
2703 4693 2794 4748 Dei
2833 4694 3039 4763 justitia
3066 4692 3186 4764 [pie
3208 4694 3291 4747 vi-
3336 4716 3339 4721 ·

1758 4794 1936 4865 νείκη.
1988 4790 2104 4855 Quo
2133 4795 2289 4857 pacto
2322 4795 2498 4839 autem
2542 4784 2869 4839 abandantia
2898 4784 3047 4853 pacis
3086 4783 3141 4836 in
3184 4798 3294 4836 me-

1759 4883 1977 4941 moratis
1997 4877 2299 4933 Salvatoris
2329 4875 2500 4930 nostri
2523 4875 2710 4931 diebus
2737 4882 2853 4928 orta
2882 4876 2973 4939 sit,
3003 4874 3165 4943 probe
3191 4874 3290 4926 in-

1754 4975 2008 5045 telligitur
2048 4985 2110 5025 ex
2161 4982 2342 5022 rerum
2392 4974 2517 5021 ante
2565 4968 2796 5037 primum
2846 4965 2963 5035 ejus
3004 4965 3291 5018 adventum

1752 5062 2074 5123 conditione.
2129 5057 2246 5123 Quo
2296 5067 2533 5126 tempore
2577 5065 2745 5111 totum
2795 5056 3086 5109 humanum
3116 5068 3292 5123 genus

1754 5172 1852 5212 ceu
1881 5168 1944 5208 ex
1978 5165 2087 5205 uno
2128 5163 2355 5219 corpore
2401 5149 2453 5202 in
2490 5146 2693 5201 inﬁnita
2716 5145 2950 5213 membra
2999 5142 3123 5196 hinc
3160 5142 3288 5196 inde

1756 5248 1992 5317 dispersa
2019 5242 2249 5298 divisum
2277 5248 2412 5295 erat.
2476 5234 2608 5291 Nani
2635 5245 2820 5308 gentes
2851 5236 2965 5289 aliae
2989 5233 3096 5285 alio
3127 5233 3291 5285 modo

1756 5352 1785 5392 a
1806 5334 1998 5407 priscis
2021 5332 2133 5400 jam
2161 5328 2489 5399 temporibus
2509 5326 2693 5380 divisa:
2714 5324 2949 5385 fuerant;
2984 5321 3284 5387 bellumque

1756 5430 1894 5483 inter
1919 5437 1976 5477 se
2004 5422 2291 5492 gerebant,
2342 5419 2409 5472 ab
2452 5418 2678 5486 aliisque
2708 5412 3153 5482 impugnabantur
3188 5426 3200 5460 :
3233 5417 3288 5459 et

1758 5516 1847 5570 alii
1869 5512 2081 5584 quidem
2110 5509 2353 5582 tyrannis
2378 5507 2578 5564 subditi
2606 5512 2777 5567 erant,
2824 5501 2911 5556 alii
2935 5497 3284 5559 democratia,

1758 5609 1845 5664 alii
1880 5618 2171 5677 paucorum
2220 5603 2494 5660 dominatu
2527 5586 2909 5670 regebantur,
2940 5590 3206 5663 toparcliaa
3233 5597 3287 5644 et
