3950 6342
655 436 762 492 805

1311 423 1575 480 EUSEBII
1610 417 2084 478 CESARIENSIS
2119 416 2266 471 OPP.
2306 411 2615 468 PARS‘HI.
2653 441 2718 451 —
2745 409 3145 493 EXEGETICA.

3746 405 3840 458 804

653 549 868 617 tyranni
910 547 1039 600 varii
1081 545 1366 614 imperium
1401 543 1748 607 obtinebant;
1782 547 1841 593 ut
1871 538 2062 592 vicinis
2089 552 2196 591 non

2314 533 2651 605 ιρατούντιοιν·
2678 531 2752 592 ὡς
2776 529 2979 600 ἄμικτα
3012 523 3147 581 εἶναι
3171 526 3261 578 καὶ
3289 525 3462 578 ἄϐατα
3493 527 3603 586 τοῖς
3632 524 3842 592 πλησιτ»

653 636 880 690 facultas
907 642 1047 690 esset
1068 637 1132 688 ad
1160 634 1413 687 ﬁnitimas
1433 633 1680 701 regiones
1704 628 2059 690 commeandi,
2075 626 2199 696 quia

654 729 800 781 nulla
828 734 968 781 esset
1000 727 1253 787 societas,
1281 726 1528 792 bellaque
1559 719 1904 791 inexpiabilia
1936 727 1988 773 et
2014 718 2194 786 implao

653 821 852 874 cabiles
899 820 1196 873 inimicitia:
1238 818 1446 886 jamdiu
1479 830 1650 885 usque
1674 814 1739 866 ad
1767 810 2068 866 Servatoris
2105 823 2202 861 no-

653 911 751 964 stri
800 904 1010 980 tempus
1063 910 1437 980 perdurarent.
1496 906 1572 957 Ex
1615 918 1722 972 quo
1769 911 1943 955 autem
1978 897 2201 954 sublatis

651 1001 873 1071 regulis,
906 1000 1219 1054 monarchia
1251 997 1500 1066 gentibus
1530 995 1711 1048 multis
1744 989 2046 1060 imperavit,
2081 1002 2203 1040 vere

653 1092 753 1145 fuit
783 1091 1109 1144 abundantia
1149 1089 1390 1159 pacis,et
1414 1083 1795 1139 commercium
1830 1080 2202 1132 universarum

653 1182 924 1251 gentium;
978 1181 1051 1232 ita
1103 1187 1162 1231 ut
1210 1192 1370 1246 opere
1419 1173 1800 1242 comprobetur
1832 1169 1932 1222 hoc
1963 1167 2205 1222 testimo-

656 1273 805 1324 nium
831 1271 936 1325 soli
966 1268 1238 1322 Servatori
1291 1276 1479 1320 nostro
1502 1263 1804 1318 convenire.
1857 1258 2004 1311 Hanc
2027 1263 2204 1310 autem

655 1359 1036 1413 abundantiam
1057 1357 1200 1425 pacis
1226 1366 1632 1422 permansuraiu
1663 1350 1736 1401 ait
1763 1346 1963 1400 «donec
1993 1343 2203 1397 aufera-

656 1447 1058 1512 turlunagsive
1072 1445 1363 1499 secundum
1390 1442 1655 1510 Aquilam,
1677 1450 1985 1506 «usquequo
2016 1435 2200 1496 lunap

656 1542 761 1604 vel,
815 1536 1109 1593 secundum
1156 1533 1560 1602 Symmachum,
1619 1548 1636 1578 ι
1682 1529 1853 1580 donec
1898 1526 2207 1593 antiquetur

658 1631 806 1682 luna.
839 1646 859 1678 ι
898 1624 1244 1690 Quandonam
1279 1621 1645 1688 antiquabitur
1671 1616 1833 1668 luna?
1864 1617 1923 1667 In
1959 1626 2207 1666 consum-

657 1722 893 1774 matione
939 1716 1137 1776 szeculi,
1185 1729 1288 1783 qua
1341 1713 1452 1766 hate
1503 1710 1782 1781 prephetia
1830 1705 2139 1774 implebitur
2192 1718 2204 1752 :

663 1829 682 1862 ι
716 1808 804 1862 Sol
842 1816 893 1861 et
922 1808 1045 1860 luna
1072 1803 1513 1860 obscurabuntur
1542 1801 1647 1865 ³⁰;›
1688 1813 1749 1850 ac
1782 1809 2018 1855 rursum,
2052 1812 2069 1843 ι
2092 1790 2207 1844 Non

659 1895 759 1949 crit
791 1894 889 1948 tibi
921 1892 1001 1946 sel
1028 1892 1082 1944 iu
1105 1892 1278 1943 lucem
1306 1888 1625 1954 diei,neque
1655 1886 1780 1937 luna
1812 1880 2135 1935 illuminabit
2158 1874 2280 1932 teB

659 1997 818 2038 noctu
843 1984 907 2037 δι.
941 2002 959 2033 ι
997 1981 1182 2049 Itaque
1206 1976 1656 2048 quemadmodum
1689 1966 1940 2041 superius
1970 1984 2089 2022 eum
2118 1968 2208 2036 qui

660 2075 715 2127 in
743 2073 996 2126 vaticinio
1027 2069 1218 2132 fertur,
1246 2082 1366 2120 cum
1400 2066 1513 2119 sole
1542 2075 1950 2132 permansurum
1979 2057 2212 2111 declara-

660 2164 786 2227 bat;
831 2164 910 2216 sic
946 2162 1054 2228 jam
1103 2155 1486 2211 abundantiam
1520 2152 1669 2222 pacis
1699 2151 1766 2204 ab
1806 2165 1869 2203 eo
1901 2147 2210 2201 hominibus

661 2249 1034 2320 procurandae,
1069 2261 1240 2314 usque
1269 2243 1334 2297 ad
1357 2241 1875 2297 consummationem
1898 2237 2210 2291 duraturam

663 2356 783 2394 esse
806 2339 1130 2392 vaticinatur
1156 2353 1169 2388 :
1202 2333 1345 2403 quod
1386 2334 1591 2386 scilicet
1624 2331 1803 2399 quiete
1833 2344 1895 2382 ac
1925 2327 2041 2380 sine
2073 2334 2212 2379 stre-

662 2435 776 2503 pitu
811 2433 864 2484 in
896 2429 1172 2482 Judaicam
1221 2434 1430 2496 gentem
1473 2408 1696 2477 ventura
1725 2421 1827 2481 sit,
1860 2428 1912 2473 et
1939 2419 2082 2487 quod
2118 2419 2214 2471 im-

665 2524 873 2592 pletura
907 2520 980 2574 sit
1013 2528 1186 2572 totum
1234 2517 1420 2571 orbem
1468 2516 1638 2568 instar
1672 2511 2064 2567 stillicidiorum
2100 2509 2211 2564 stil-

665 2613 887 2667 lantium
938 2624 1098 2679 super
1137 2616 1357 2663 terram.
1416 2605 1566 2670 Quod
1607 2607 1730 2657 item
1782 2602 2020 2656 futurum
2051 2601 2121 2654 sit
2154 2607 2211 2653 ut

661 2705 868 2774 justitia
898 2704 1104 2756 oriatur
1130 2702 1184 2754 in
1208 2700 1397 2753 diebus
1418 2698 1535 2765 ejus
1563 2704 1722 2765 atque
1756 2693 2087 2763 abundantia
2117 2705 2209 2761 pa-

665 2797 769 2861 cis,
796 2795 906 2863 jam
937 2792 1186 2860 superius
1216 2794 1697 2843 commonstratum
1727 2792 1832 2839 est.

737 2994 848 3047 Sub
872 2994 985 3046 haec
1008 2991 1182 3054 docet,
1204 3004 1310 3042 non
1341 2987 1572 3057 quodam
1599 2984 1793 3054 angulo
1809 2991 1964 3038 teme
1980 2982 2212 3036 cireum-

668 3084 1014 3142 scrihendum
1059 3080 1392 3135 dominatum
1437 3077 1554 3145 ejus
1595 3091 1745 3139 esse;
1781 3079 1873 3128 sed
1917 3073 2212 3128 dominatu-

667 3190 788 3229 rum
821 3175 994 3243 ipsum
1025 3185 1144 3224 esse
1167 3169 1415 3222 omnibus
1435 3165 1704 3235 gentibus.
1751 3162 2106 3228 Quamobrem
2131 3162 2212 3216 di-

668 3272 811 3316 ctum
839 3267 920 3315 est
949 3279 963 3314 :
1001 3257 1095 3311 «Et
1119 3256 1482 3311 dominabitur
1515 3271 1545 3307 a
1572 3254 1704 3306 mari
1733 3267 1904 3321 usque
1935 3252 1998 3305 ad
2018 3268 2210 3306 mare.»

668 3351 803 3410 Nam
838 3350 884 3403 si
915 3348 1128 3402 termini
1160 3345 1374 3416 quidam
1407 3351 1565 3398 terra:
1599 3351 1745 3406 sunt,
1775 3343 1863 3412 qui
1898 3343 2066 3411 ipsam
2119 3348 2218 3395 cir-

670 3454 1008 3510 cumquaque
1056 3435 1593 3500 ambiant,videlicct
1636 3433 1803 3487 maria
1841 3431 2213 3501 Oceanusque,

670 3534 762 3604 qui
808 3533 875 3586 ab
913 3527 1225 3583 hominibus
1268 3512 1702 3595 praeternavigari
1752 3527 1963 3593 nequit;
2001 3540 2128 3578 sane
2164 3526 2216 3578 id

670 3623 813 3693 quod
843 3621 910 3674 ab
938 3619 1189 3674 omnibus
1220 3616 1455 3684 undique
1481 3615 1721 3693 maribus
1750 3616 2074 3674 continetur,
2113 3614 2216 3668 Do-

669 3714 840 3778 mino,
868 3710 957 3780 qui
991 3707 1402 3780 praenuntiatum
1435 3686 1797 3759 confitebitur.
1852 3705 2112 3770 Quocirca
2142 3707 2217 3760 di-

671 3807 811 3858 citur
842 3821 854 3856 :
897 3821 914 3852 ι
953 3799 1018 3852 Ει
1047 3798 1414 3853 dominabitur
1445 3811 1474 3849 a
1516 3796 1650 3850 mari
1680 3813 1849 3866 usque
1894 3798 1958 3851 ad
1989 3814 2155 3853 mare.
2192 3819 2209 3850 ι

674 3892 886 3946 Dictum
921 3899 1098 3943 autem
1131 3881 1405 3957 impletum
1436 3886 1672 3951 noveris,
1705 3887 1752 3941 si
1794 3888 2092 3958 perpendas
2123 3887 2213 3942 Dei

673 3978 942 4032 Ecclesias
975 3977 1170 4045 ubique
1200 3985 1465 4029 terrarum
1486 3974 1755 4028 Christum
1779 3977 1915 4043 ejus,
1933 3975 2214 4030 Dominum

675 4071 984 4140 praedicare.
1016 4068 1120 4120 Sed
1150 4069 1310 4120 etiam
1350 4083 1380 4119 a
1415 4066 1632 4120 flumine
1661 4083 1831 4137 usque
1861 4069 1927 4122 ad
1959 4071 2215 4124 terminos

671 4162 823 4229 orbis
871 4168 1134 4212 terrarum
1183 4156 1580 4209 dominaturum
1614 4174 1734 4210 eum
1766 4162 2071 4214 necessario
2101 4176 2217 4229 pro-

673 4250 909 4304 nuntiat.
961 4247 1069 4301 Nos
1111 4249 1308 4316 quippe
1350 4246 1589 4301 ediscere
1633 4261 1768 4317 Opus
1801 4259 1913 4303 erat
1953 4253 2214 4305 undenam

672 4342 932 4397 doctrina:
979 4339 1190 4392 initium
1241 4338 1501 4390 ducturus
1545 4338 1616 4393 sit
1665 4356 1677 4390 :
1730 4340 1992 4408 significat
2040 4351 2215 4396 autem

675 4431 996 4501 principium
1025 4430 1128 4498 ipsi
1164 4426 1400 4480 futurum
1429 4442 1550 4481 esse
1589 4442 1618 4479 a
1648 4428 1882 4484 flumine.
1934 4429 2084 4495 Quod
2113 4430 2214 4483 flu-

2302 625 2493 695 χώροις
2536 622 2604 694 τά
2653 621 2751 689 τῆς
2799 620 2904 671 τῶν
2941 620 3191 697 γειτόνων
3219 617 3427 686 χώραςτ
3480 615 3745 684 πολέμους
3789 629 3842 667 τι

2299 717 2590 776 ἀσπόνδους
2615 715 2704 765 καὶ
2731 711 2926 782 ἔχθρας
2947 709 3377 769 ἀκαταλλάκτους
3401 708 3466 757 ὲκ
3495 704 3700 774 μακροῦ
3724 704 3845 757 αίῶ-

2300 827 2387 872 νος
2417 808 2572 877 μέχρι
2604 804 2695 856 τοῦ
2731 803 2978 871 Σωτῆρος
3020 800 3171 870 ήμῶν
3212 798 3542 852 συνεστάναι.
3585 796 3673 858 Ἐξ
3709 796 3842 848 ἐκεί-

2303 912 2391 946 νου
2419 894 2472 945 δὲ
2501 893 2680 961 πάσης
2708 888 3033 958 πολυαρχίας
3063 887 3296 938 ἐκποδὼν
3335 886 3610 955 ἀρθείσης,
3651 901 3839 955 μοναρ-

2303 983 2392 1052 χία
2419 982 2521 1033 τῶν
2546 981 2804 1032 πλείστων
2833 976 2996 1029 ἐθνῶν
3022 975 3413 1044 ὲπικεκράτηκε
3437 991 3448 1001 ”
3481 973 3667 1040 γέγονέ
3697 989 3752 1022 τε
3776 972 3843 1032 ὡς

2304 1074 2512 1144 ἀληθῶς
2564 1070 2762 1140 πλῆθος
2812 1065 3373 1138 εἰρήνης,’κοινωνίαν
3427 1064 3520 1117 καὶ
3575 1062 3841 1132 ἐπιμιξίαν

2305 1165 2651 1237 κτησαμένων
2681 1160 3045 1226 ἁπάντωντῶν
3075 1159 3267 1224 ὲθνῶνς
3289 1159 3362 1220 ὡς
3391 1157 3534 1227 ἔργῳ
3563 1159 3842 1227 μαρτυρεί-

2307 1258 2426 1310 σθαι
2449 1258 2545 1326 τὴν
2577 1259 2633 1308 ὲν
2662 1254 2814 1326 χερσὶ
2858 1252 3154 1322 μαρτυρίαν
3187 1249 3328 1319 μόνῳ
3355 1248 3430 1317 τῷ
3466 1247 3674 1317 Σωτῆρι
3697 1246 3840 1315 ἡμῶν

2307 1347 2760 1417 ἐφαρμόττουσαν.
2788 1342 2954 1394 Τοῦτο
2990 1341 3046 1392 δὲ
3075 1340 3134 1391 τὸ
3167 1338 3364 1410 πλῆθος
3392 1339 3488 1407 τῆς
3514 1339 3727 1406 εἰρήνης
3750 1353 3842 1389 πα-

2311 1437 2557 1509 ραμένειν
2602 1434 2761 1504 φησὶν
2801 1452 2816 1482 ι
2856 1432 2960 1493 ἓως
3001 1423 3061 1483 οὗ
3103 1428 3457 1498 ἀνταναιρεθῇ
3491 1430 3523 1497 ή
3574 1428 3781 1498 σελήνη·
3818 1446 3834 1477 ι

2306 1527 2338 1595 ἢ
2375 1524 2512 1578 κατά
2541 1524 2629 1576 τὸν
2662 1521 2907 1582 Ἀκύλαν,
2947 1538 2965 1570 ι
3001 1519 3102 1581 ἓως
3141 1512 3198 1570 οῦ
3241 1519 3273 1587 ἡ
3325 1517 3546 1586 σελήνη·
3589 1516 3666 1586 »ἢ
3713 1516 3840 1568 κατὰ

2306 1615 2392 1666 τὸν
2423 1612 2725 1682 Σύμμαχον,
2752 1628 2768 1658 ι
2793 1609 2894 1670 ἕως
2919 1605 3263 1669 παλαιῦσεως
3285 1607 3381 1674 τῆς
3405 1605 3644 1675 σελήνης.
3677 1624 3694 1653 ι
3716 1605 3840 1657 Πότε

2306 1706 2364 1758 δὲ
2415 1702 2734 1758 παλαιοῦται
2784 1700 3013 1771 σελήνη;
3065 1699 3220 1752 Κατὰ
3269 1699 3365 1767 τὴν
3417 1697 3715 1750 συντέλειαν
3753 1695 3837 1748 τοῦ

2307 1797 2515 1860 αἰῶνος,
2545 1795 2662 1848 καθ’
2695 1796 2759 1864 ἢν
2812 1792 3219 1862 πληρωθήσεται
3254 1791 3286 1860 ἡ
3317 1790 3593 1857 φάσκουσα
3640 1805 3836 1859 προφη-

2308 1889 2455 1941 τεία·
2495 1906 2513 1937 ι
2555 1888 2611 1939 Ὀ
2647 1885 2793 1954 ἥλιος
2834 1884 2926 1937 καὶ
2953 1884 2985 1952 ὴ
3014 1883 3205 1954 σελήνη
3252 1881 3633 1934 συσκοτάσουσι
3655 1897 3668 1912 ·
3705 1899 3725 1931 ι
3757 1880 3838 1932 καὶ

2310 1979 2466 2031 πάλιν
2486 1995 2498 2007 ·
2529 1996 2546 2026 ι
2577 1975 2690 2030 Οὐκ
2719 1975 2864 2027 ἔσται
2891 1992 2970 2026 σοι
3000 1977 3026 2027 6
3052 1974 3289 2044 ἥλιοςείς
3308 1973 3419 2040 φῶς
3445 1973 3665 2044 ἡμέρας,
3685 1972 3837 2041 οὐδὲὴ

2313 2065 2504 2134 σελήνη
2521 2067 2705 2132 φωτιεῖ
2715 2080 2794 2115 σοι
2819 2063 2913 2132 τὴν
2928 2063 3112 2114 νύκτα.
3137 2081 3154 2113 ι
3176 2062 3378 2115 Ούκοῦν
3401 2062 3585 2132 ὥσπερ
3603 2061 3838 2131 ἀνωτέρω

2313 2154 2747 2224 συμπαραμένειν
2773 2153 2846 2222 τῷ
2877 2151 3008 2223 ἡλίῳ
3031 2151 3117 2204 τὸν
3160 2152 3621 2221 προφητευόμενον
3648 2153 3836 2221 ἐδήλου,

2309 2246 2477 2310 οὓτως
2499 2247 2590 2299 καὶ
2617 2244 2845 2298 ἐνταῦθα
2873 2245 2930 2297 τὸ
2957 2244 3154 2313 πλῆθος
3184 2243 3279 2312 τῆς
3301 2243 3389 2294 ὑπ’
3411 2242 3573 2295 αὑτοῦ
3600 2243 3838 2313 προξενη-

2311 2339 2607 2408 θησομένῆς
2639 2336 2939 2404 ἀνθρώποις
2968 2337 3184 2406 εἰρήνης
3219 2334 3376 2404 μέχρι
3422 2335 3518 2404 τῆς
3553 2333 3837 2395 συντελείας

2310 2428 2605 2498 διαρκέσειν
2652 2425 2911 2488 θεσπίζει.
2961 2425 3142 2487 Ὅπως
3191 2425 3285 2495 μὲν
3349 2421 3440 2476 οὖν
3497 2422 3834 2494 καταθήσεται

2311 2518 2488 2588 ἡρέμα
2520 2518 2614 2569 καὶ
2646 2515 2879 2586 ἀψοφητὶ
2929 2514 3018 2568 ἐπὶ
3049 2515 3107 2566 τὸ
3144 2514 3406 2567 Ἰουδαίων
3445 2513 3610 2576 ἔθνος,
3658 2513 3747 2565 καὶ
3772 2512 3837 2574 ὡς

2310 2607 2583 2680 πληρώσει
2612 2609 2710 2676 τὴν
2745 2606 3028 2676 σύμπασαν
3058 2605 3374 2675 οἰκουμένην
3403 2604 3556 2674 δίκην
3588 2604 3834 2671 σταγόνων

2313 2697 2614 2760 σταζουσῶν
2644 2697 2735 2748 ἐπὶ
2755 2695 2854 2764 τῆς
2895 2695 3013 2765 γῆς,
3049 2695 3140 2748 καὶ
3167 2693 3242 2758 ὼς
3274 2694 3581 2763 δικαιοσύνη
3615 2694 3838 2746 ἀνατελεῖ

2311 2789 2364 2838 ἐν
2390 2790 2506 2848 ταῖς
2537 2787 2765 2856 ἡμέραις
2786 2785 2948 2839 αὐτοῦ
2979 2784 3067 2838 καὶ
3093 2783 3289 2854 πλῆθος
3312 2785 3547 2854 εἰρήνης,
3569 2782 3834 2854 δεδήλωται

2309 2875 2395 2927 διὰ
2427 2875 2529 2927 τῶν
2553 2876 2866 2945 εἰρημένων.

2391 2986 2547 3056 Ἑξῆς
2571 2987 2624 3055 δὲ
2660 2987 2913 3051 διδάσκει,
2947 2985 3027 3038 ὃτι
3061 2984 3134 3056 μὴ
3172 2987 3228 3037 ὲν
3260 2985 3427 3062 γωνίᾳ
3460 2985 3562 3053 γῆς
3601 3001 3836 3056 περιγρα-

2311 3078 2537 3148 φήσεται
2571 3076 2732 3128 αὑτοῦ
2759 3077 2790 3145 ή
2821 3074 3123 3128 δεσποτεία·
3169 3074 3439 3144 κυριεύσει
3477 3075 3531 3127 δὲ
3557 3075 3661 3126 τῶν
3689 3075 3837 3127 ἐθνῶν

2317 3169 2584 3221 ἁπάντων.
2626 3168 2700 3219 Δι’
2727 3167 2753 3219 ὃ
2797 3166 3070 3219 λέλεκται·
3107 3183 3124 3215 t
3161 3166 3269 3219 Καὶ
3299 3168 3704 3236 κατακυριεύσει
3744 3166 3836 3218 ἀπὸ

2322 3259 2588 3328 Θαλάσσης
2615 3259 2717 3320 ἓως
2747 3256 3030 3326 θαλάσσης.
3071 3275 3090 3309 ι
3125 3256 3187 3309 El
3231 3257 3336 3328 γάρ
3368 3257 3482 3310 ἐστί
3509 3275 3626 3310 τινα
3652 3258 3835 3328 πέρατα

2321 3350 2439 3418 γῆς,
2481 3349 2515 3402 ἃ
2541 3349 2603 3418 δὴ
2632 3347 2903 3417 πανταχοῦ
2931 3346 3199 3410 κυκλοῦσι,
3228 3346 3486 3400 θάλασσαι
3529 3348 3760 3410 Ὠκεανός
3785 3363 3834 3398 τε

2321 3442 2617 3510 ἀπέραντος
2644 3439 2942 3509 ἀνθρώποις
2960 3456 2972 3468 ·
2996 3437 3150 3491 τοῦτο
3178 3439 3388 3491 πάντων
3407 3439 3535 3490 εῐσω
3559 3437 3662 3490 τῶν
3686 3440 3834 3491 ἁπαν-

2318 3517 2478 3601 ταχοῦ
2507 3531 2782 3584 θαλασσῶν
2809 3531 3007 3602 Κύριον
3056 3530 3371 3602 ὁμολογήσει
3413 3529 3505 3582 τὸν
3544 3529 3836 3598 θεσπιζόμε-

2319 3640 2426 3675 νον.
2451 3622 2526 3674 Δι’
2553 3623 2582 3674 ὂ
2608 3621 2879 3674 λέλεκται·
2915 3639 2934 3672 ι
2961 3621 3068 3673 Καὶ
3098 3621 3510 3690 κατακυριεύσει
3539 3622 3642 3674 ἀπὺ
3666 3620 3836 3674 θαλάσ-
3870 3652 3879 3670 ι

2320 3728 2427 3783 σης·
2451 3712 2552 3775 ἓως
2584 3713 2868 3781 θαλάσσης.
2905 3731 2923 3763 ι
2953 3711 3134 3780 Γνῴης
3163 3710 3206 3762 δ’
3239 3709 3423 3782 ἄντοῦ
3457 3711 3613 3777 λόγου
3644 3713 3697 3764 τὸ
3721 3712 3835 3764 ἀπο-

2317 3806 2550 3873 τέλεσμα
2599 3800 2818 3854 συνιδὼν
2863 3803 3006 3863 ὅπως
3049 3800 3350 3869 ἁπανταχοῦ
3377 3801 3479 3870 γῆς
3513 3805 3566 3854 at
3608 3802 3692 3855 τοῦ
3719 3800 3834 3852 Θεοῦ

2331 3895 2638 3966 Ἐκκλησίαι
2653 3893 2743 3946 τὸν
2769 3892 2995 3962 Χριστὸν
3022 3889 3179 3943 αὑτοῦ
3201 3890 3398 3961 Κύριον
3429 3892 3831 3963 ἀναγορεύουσιν.

2331 3987 2485 4039 Ἀλλά
2520 3985 2610 4037 καὶ
2642 3982 2747 4036 ἀπὸ
2772 3981 3012 4052 ποταμοῦ
3038 3981 3140 4046 ἓως
3163 3982 3268 4036 τῶν
3299 3984 3544 4053 περάτων
3571 3983 3666 4052 τῆς
3691 3986 3834 4036 οίκου-

2323 4077 2486 4146 μένης
2507 4072 2945 4143 κατακυριεύσειν
2972 4073 3132 4125 αὐτόν
3163 4089 3292 4142 φησι
3339 4074 3515 4144 σφόδρ’
3536 4072 3830 4141 ἀναγκαίως.

2333 4166 2523 4235 Ἐχρῆν
2549 4164 2653 4234 γὰρ
2686 4165 2828 4233 ἡμᾶς
2880 4161 3064 4233 μαθεῖν
3108 4163 3297 4215 ὁπόθεν
3329 4163 3545 4234 ἄρξεται
3589 4166 3680 4233 τῆς
3715 4163 3832 4214 διδα-

2322 4256 2540 4316 σκαλίας
2558 4271 2579 4294 ’-
2606 4254 2853 4326 σημαίνει
2879 4255 2954 4318 δὲ,
2976 4254 3050 4317 ὡς
3084 4254 3186 4325 ἄρα
3218 4255 3363 4307 ἔσται
3397 4257 3592 4326 αὐτῷή
3621 4253 3832 4324 καταρχὴ

2322 4345 2426 4399 ἀπὸ
2460 4344 2718 4413 ποταμοῦ.
2754 4345 2966 4397 Ὄντινα
2988 4346 3222 4416 ποταμὸν
3267 4348 3556 4418 παρίστησι
3597 4348 3655 4401 τὸ
3681 4349 3830 4412 Εὐαγ-

2321 4434 2493 4501 γέλιον
2517 4432 2717 4500 φάσκον
2738 4448 2751 4461 ·
2787 4449 2805 4481 t
2837 4433 2965 4485 Τότε
2989 4433 3335 4502 παραγίνεται
3357 4437 3384 4486 6
3416 4435 3619 4505 Ἰησοῦς
3640 4435 3735 4486 ἀπὸ
3751 4433 3830 4501 τῆς

674 4536 794 4574 men
845 4519 1043 4571 indicat
1087 4517 1430 4585 Evangelium
1475 4514 1661 4571 dicens
1716 4534 1730 4569 :
1772 4536 1789 4567 ι
1820 4516 1971 4572 Tunc
2013 4519 2214 4572 accedit

2322 4519 2600 4582 Γαλιλαίας
2655 4521 2745 4572 ἐπὶ
2792 4521 2881 4597 τὸν
2937 4520 3199 4591 Ἰορδάνην
3251 4510 3708 4592 πρὸςἺωάννην,
3754 4521 3829 4574 τοῦ

607 4683 616 4694 Α
672 4613 830 4667 Jesus
857 4625 887 4663 a
915 4609 1130 4663 Galilaaa
1159 4610 1211 4660 in
1234 4605 1522 4669 Jordanem
1550 4609 1613 4662 ad
1645 4605 1929 4673 Joannem,
1961 4616 2019 4659 ut
2048 4608 2222 4675 bapti-

674 4708 889 4756 zaretur
920 4699 988 4751 ab
1014 4712 1096 4751 eo.
1154 4696 1247 4751 Ille
1281 4705 1456 4752 autem
1485 4700 1801 4768 prohibebat
1831 4713 1952 4752 eum
1985 4697 2167 4751 dicens
2204 4716 2215 4750 :

675 4793 785 4863 Ego
815 4806 843 4842 a
875 4801 925 4843 te
950 4789 1118 4841 debeo
1149 4787 1428 4855 baptizari,
1462 4799 1514 4842 et
1557 4796 1613 4842 tu
1661 4790 1812 4843 venis
1855 4789 1920 4842 ad
1962 4803 2065 4842 me.
2129 4787 2221 4841 ille

677 4890 854 4936 autem
903 4876 1235 4946 respondens
1273 4876 1406 4929 dixit
1434 4878 1482 4930 ei
1532 4897 1543 4930 :
1582 4879 1710 4931 Sine
1750 4879 1910 4932 modo
1928 4897 1952 4941 ,λ
1973 4878 2050 4931 sic
2079 4879 2219 4931 enim

675 4973 829 5026 decet
875 4985 977 5024 nos
1026 4968 1247 5037 implere
1295 4982 1508 5021 omnem
1536 4967 1805 5036 justitiam
1846 4969 1911 5022 η.
1941 4988 1959 5018 ι
1997 4968 2221 5032 Quando

676 5060 1296 5133 postquam-baptizatus
1349 5058 1561 5120 fuisset,
1617 5076 1634 5107 ι
1667 5057 1857 5125 Aperti
1909 5065 2034 5111 sunt
2077 5058 2219 5122 cmli,

673 5159 726 5204 et
749 5149 881 5203 vidit
897 5144 1153 5216 Spiritum
1186 5145 1276 5200 Dei
1305 5146 1716 5202 descendentem
1743 5146 1882 5199 sicut
1918 5147 2218 5200 columbam

674 5251 729 5293 et
761 5240 1060 5293 venientem
1101 5252 1263 5305 super
1290 5240 1485 5306 ipsum.
1540 5236 1608 5289 Et
1635 5252 1734 5290 vox
1763 5237 1829 5290 de
1851 5237 2002 5291 cmlis
2036 5236 2216 5290 audita

675 5340 757 5384 est
791 5329 975 5383 dicens
1009 5349 1020 5382 :
1062 5327 1161 5382 llic
1189 5336 1271 5382 est
1314 5327 1483 5383 Filius
1530 5344 1681 5382 meus
1719 5326 1965 5393 dilectus,
2011 5330 2063 5382 in
2110 5342 2216 5398 quo

678 5421 809 5473 mihi
857 5421 1158 5488 complacui
1188 5421 1251 5473 ⁸³.
1293 5439 1311 5470 ι
1371 5419 1444 5472 Ex
1475 5421 1565 5475 illo
1592 5435 1823 5490 namque
1867 5427 2104 5491 tempore
2129 5422 2218 5475 do-

679 5513 913 5565 minatus
946 5511 1062 5578 ejus
1086 5510 1304 5580 agnosci
1334 5510 1518 5579 cmpit.
1553 5510 1683 5565 Miro
1710 5526 1922 5581 quoque
1937 5511 2095 5567 modo
2123 5511 2217 5565 hu-

673 5605 764 5670 jns
827 5604 1062 5659 ﬂuminis
1129 5605 1456 5658 mentionem
1527 5603 1691 5659 Isaias
1741 5604 1995 5672 propheta
2044 5603 2211 5668 facit,

785 5756 1188 5829 5°Joelli,10.'f
1228 5758 1394 5812 “15.1.
1433 5773 1517 5822 1.x,
1556 5758 1636 5811 19.
1718 5758 1758 5788 ³¹
1794 5756 1978 5810 Matth.
2015 5775 2095 5823 ιιι,
2133 5759 2310 5812 85-15.

2323 4613 2671 4682 βαπτισθῆναι
2704 4612 2794 4664 ὑπ’
2840 4611 3020 4665 αὐτοῦ.
3067 4614 3121 4665 Ὀ
3150 4613 3205 4666 δὲ
3245 4613 3528 4668 διεκώλυεν
3573 4614 3722 4667 αὑτὸν
3762 4612 3830 4662 λέ-

2320 4714 2457 4764 γωνο
2501 4696 2639 4765 Ἐγὼ
2665 4698 2850 4768 χρείαν
2883 4699 2986 4768 ἔχω
3016 4699 3118 4752 ὑπὸ
3148 4701 3240 4753 σοῦ
3281 4701 3652 4770 βαπτισθῆναι,
3673 4701 3827 4753 καὶσὺ

2319 4788 2452 4860 ἔρχῃ
2496 4787 2629 4858 πρὸς
2665 4788 2747 4857 μέ.
2786 4789 2842 4841 Ὀ
2865 4789 2920 4842 δὲ
2947 4790 3258 4861 ἀποκριθεὶς
3294 4787 3443 4843 εἶπεν
3485 4791 3661 4862 αὐτῷ·
3691 4793 3829 4858 Ἄφες

2319 4879 2441 4949 ἄρτι
2461 4897 2472 4908 ’
2505 4879 2646 4933 οὕτω
2668 4879 2773 4951 γὰρ
2805 4881 3008 4950 πρέπον
3028 4883 3140 4934 ἐστὶ
3164 4881 3438 4951 πληρῶσαι
3472 4885 3644 4936 πᾶσαν
3663 4884 3830 4936 δικαιο-

2323 4968 2502 5038 σύνην.
2546 4989 2564 5020 ι
2597 4970 2722 5022 Ὅτε
2754 4968 2888 5039 μετὰ
2906 4968 2966 5021 τὸ
2997 4969 3348 5040 βαπτισθῆναι
3370 4971 3530 5025 αὑτὸν
3561 4991 3579 5022 α
3628 4973 3829 5039 Ἢνοίγη-

2322 5073 2418 5112 σαν
2448 5061 2496 5112 οί
2532 5061 2765 5130 οὐρανοὶ,
2800 5061 2892 5112 καὶ
2932 5055 3036 5112 εἶδε
3066 5060 3126 5112 τὸ
3172 5057 3390 5130 Πνεῦμα
3415 5061 3508 5115 τοῦ
3535 5062 3665 5116 Θεοῦ
3691 5079 3829 5118 καταο

2323 5149 2499 5204 ϐαῖνον
2521 5151 2595 5213 ὡς
2623 5151 2940 5221 περιστερὰν
2966 5151 3056 5204 καὶ
3081 5150 3371 5219 ἐρχόμενον
3394 5155 3474 5216 εἰς
3501 5156 3675 5210 αὐτόν.
3700 5153 3825 5218 Φωνή

2317 5256 2377 5292 τε
2399 5241 2461 5292 ὲκ
2497 5241 2601 5294 τῶν
2625 5240 2863 5311 οὐρανῶν
2901 5239 3137 5310 ἠκούσθη
3168 5239 3420 5305 λέγουσα·
3456 5241 3620 5310 Οὗτός
3659 5241 3829 5299 ἐστινὸ

2321 5329 2445 5393 Υἱός
2478 5349 2576 5402 μου
2610 5333 2637 5383 6
2663 5333 2955 5402 ἀγαπητὸς,
2991 5333 3049 5383 ὲν
3078 5324 3121 5397 ᾧ
3144 5331 3430 5404 ηὐδόκησα.
3474 5354 3493 5387 ι
3537 5337 3623 5401 Ἐξ
3654 5334 3827 5388 ἐκείνου

2319 5420 2424 5491 γὰρ
2449 5422 2799 5492 γνωρίζεσθαι
2838 5419 2999 5474 αὑτοῦ
3030 5421 3227 5491 ῆρξατο
3258 5426 3289 5493 ἡ
3321 5427 3590 5499 κυριότης.
3623 5421 3828 5495 Παραδό-

2319 5509 2422 5574 ξως
2457 5513 2511 5564 δὲ
2542 5513 2725 5566 τούτου
2763 5512 3029 5581 μέμνηται
3065 5511 3153 5566 τοῦ
3184 5517 3422 5587 ποταμοῦ
3447 5519 3538 5571 καὶ
3580 5511 3828 5576 Ἠσαῐαςΰ

2320 5607 2594 5677 προφήτης
2625 5602 3094 5674 εὐαγγελιζόμενος
3120 5608 3216 5677 τὴν
3243 5590 3466 5679 ἔρημον,
3495 5611 3550 5663 ἐν
3628 5608 3826 5677 ἐκήρυτ-

2391 5759 2430 5789 "
2459 5762 2526 5812 ibi
2551 5760 2584 5809 l.
2620 5759 2698 5817 16,
2733 5758 2811 5810 l7.
