3966 6348
65 494 161 548 809
1168 479 1666 541 COMMENTARIA
1699 480 1766 535 1N
1807 477 2145 536 PSALMOb.
3147 480 3249 532 8l0

64 609 220 679 αὐτῷ.
258 610 327 662 ’0
350 606 414 679 δή
450 607 550 661 ’καὶ
584 600 823 675 Μωῧσῆς
853 606 910 657 ἐν
959 601 1164 673 μεγάλῃ
1199 600 1308 671 ᾠδῇ
1342 600 1613 653 ἐδίδασκεν

1717 594 1784 651 ei.
1828 616 1847 649 ι
1900 593 2053 663 Quod
2085 608 2216 649 sane
2247 592 2373 648 huic
2402 591 2550 647 dicto
2579 590 2735 648 aliine
2764 601 2884 650 est:
2941 613 2959 645 ι
3000 592 3256 653 Dominus

62 703 148 755 ὡδί
192 719 269 772 πη
306 703 433 773 περὶ
463 699 694 772 Χριστοῦ
735 698 936 764 λέγων’
981 715 998 747 ι
1033 692 1400 767 Εὐφράνθητε,
1457 691 1611 763 ούρα-

1717 686 1849 740 dixit
1877 686 1945 739 ad
1962 681 2089 740 'me:
2114 682 2284 738 Filius
2314 699 2465 740 meus
2485 698 2543 739 es
2569 692 2646 749 tu,
2679 698 2779 754 ego
2809 684 2969 739 hodie
2994 687 3155 756 genui
3182 695 3254 741 te.

63 798 154 859 νοὶ,
190 796 311 865 ἅμα
341 793 504 865 αὐτῷ,
540 795 631 846 καὶ
674 787 1194 863 προσκυνησάτωσαν
1226 782 1372 854 αὐτῷ
1412 784 1608 845 πάντες

1717 777 1933 832 Postula
1991 789 2021 829 a
2064 790 2170 838 me,
2227 782 2281 830 et
2327 775 2466 831 dabo
2514 774 2610 829 tibi
2656 782 2841 846 gentes
2894 774 3255 835 haereditatem

62 864 269 955 ἄγγελοι
305 864 465 939 Θεοῦ,
501 906 518 938 ι
545 880 699 939 Οὗτοι
725 883 859 953 δῆτα
892 882 940 934 οἱ
974 879 1227 950 βασιλεῖς,
1268 878 1487 945 ἀφανεῖς
1515 875 1610 929 καὶ

1717 880 1879 929 luam,
1924 871 1977 921 et
2008 864 2404 935 possessionem
2450 872 2594 917 tuam
2644 864 3102 934 terminosterra‘.
3125 867 3188 921 ".
3234 887 3254 919 ι

60 950 271 1047 ἀόρατοι
322 974 427 1028 τῶν
464 973 627 1027 ἐθνῶν
680 950 957 1043 ἄρχοντες,
1010 966 1478 1038 προσκυνήσαντες
1520 960 1609 1012 τὸν

1717 958 1863 1029 Quod
1916 971 2047 1012 sane
2090 962 2405 1010 eventurum
2452 969 2573 1009 esse
2618 950 2944 1009 credendum
2970 994 2983 1018 ,
3042 957 3259 1024 quando

60 1067 258 1121 ἑαυτῶν
301 1066 519 1137 Κύριον,
561 1063 659 1126 τὰς
690 1063 780 1115 ὑπ’
822 1062 1001 1124 αὐτοῖς
1033 1058 1205 1128 ψυχὰς
1250 1055 1395 1125 δῶρα
1448 1069 1614 1123 προσ-

60 1161 185 1227 ῆγον
204 1158 373 1229 αύτῷ.
402 1157 593 1227 Διόπερ
609 1156 815 1217 τούτοις
838 1151 965 1222 ἑξῆς
993 1150 1254 1218 συνῆπται
1278 1144 1354 1200 τό·
1385 1167 1401 1196 ι
1431 1144 1614 1197 Πάντα

56 1250 121 1302 τά
170 1250 298 1320 ἔθνη
342 1247 704 1301 δουλεύσουσιν
756 1244 919 1314 αύτῷ.
962 1262 978 1292 ι
1018 1239 1309 1309 Σύμφωνον
1346 1237 1388 1289 δ’
1423 1236 1487 1288 ἂν
1531 1234 1615 1304 εἴη

56 1340 206 1394 τοῦτο
264 1341 343 1410 τῷ
387 1341 611 1410 φήσαντι
660 1338 820 1407 λόγῳ·
862 1353 879 1385 t
920 1334 1119 1399 Κύριος
1164 1328 1281 1381 εἷπε
1330 1328 1461 1398 πρὸς
1506 1324 1631 1397 με’.

56 1429 176 1493 Υἱός
212 1449 316 1501 μου
347 1427 395 1484 εἶ
423 1430 485 1483 σύ
506 1447 518 1458 ·
554 1430 661 1497 ἐγὼ
682 1429 915 1498 σήμερον
942 1420 1244 1493 γεγέννηκά
1275 1436 1351 1473 σε.
1378 1418 1604 1486 Αἴτησαι

60 1526 181 1591 παρ’
215 1522 374 1592 ἐμοῦ,
404 1514 499 1575 καὶ
538 1519 690 1574 δώσω
718 1536 798 1572 σοι
826 1517 950 1587 ἔθνη
975 1514 1070 1585 τὴν
1104 1510 1461 1584 κληρονομίαν
1490 1508 1619 1570 σου,

59 1616 145 1662 καὶ
182 1611 283 1679 τὴν
313 1610 632 1679 κατάσχεσίν
659 1626 751 1661 σου
772 1608 838 1660 τά
867 1607 1074 1677 πέρατα
1105 1604 1206 1672 τῆς
1230 1602 1347 1672 γῆς.
1390 1619 1407 1650 ι
1453 1601 1515 1652 ’0
1542 1597 1606 1668 δὴ

59 1702 144 1753 καὶ
193 1694 483 1754 πεπεῖσθαι
516 1701 621 1772 χρὴ
666 1697 1136 1771 πληρωθήσεσθαι,
1167 1696 1240 1748 ὅτ’
1272 1693 1335 1745 ἂν
1372 1688 1432 1744 τὸ
1473 1690 1607 1759 πλή-

61 1808 211 1861 ρωμα
244 1792 351 1843 τῶν
379 1791 543 1844 ἐθνῶν
564 1775 797 1861 εἰσέλθῃ,
833 1789 923 1843 καὶ
958 1788 1188 1863 μάλιστα
1218 1782 1357 1837 κατὰ
1384 1782 1481 1853 τὴν
1500 1780 1612 1833 δευι

1714 1048 1991 1122 plenitudo
2019 1046 2257 1117 gentium
2298 1045 2541 1114 ingressa
2593 1040 2776 1107 fuerit,
2812 1044 3150 1114 maximeque
3201 1046 3259 1100 in

1717 1139 1955 1215 secundo
1984 1146 2037 1193 et
2064 1137 2248 1192 divino
2279 1132 2585 1191 Servatoris
2617 1136 2787 1190 nostri
2815 1135 3063 1191 adventu.
3100 1133 3254 1193 Tunc

1715 1246 1904 1285 omnes
1930 1244 2082 1299 reges
2114 1225 2413 1280 adorabunt
2450 1241 2592 1288 eum,
2628 1232 2680 1279 et
2707 1240 2893 1282 omnes
2925 1235 3110 1298 gentes
3137 1243 3255 1282 ser-

1711 1323 1857 1375 vient
1886 1336 1961 1375 ei.
1997 1338 2017 1369 ‹
2051 1320 2115 1373 Et
2144 1318 2232 1372 hic
2253 1316 2501 1371 omnium
2534 1316 2652 1371 ﬁnis
2682 1318 2805 1380 erit,
2831 1331 2950 1372 cum
2977 1318 3261 1374 tradiderit

1711 1408 1936 1482 regnum
1990 1410 2101 1466 Deo
2147 1418 2199 1465 et
2256 1407 2441 1473 Patri,
2488 1423 2607 1462 cum
2672 1408 2999 1465 destruxerit
3046 1422 3258 1465 omnem

1711 1501 2069 1571 principatum
2133 1506 2187 1553 et
2234 1513 2445 1553 omnem
2493 1505 2811 1567 potestatem
2870 1508 2921 1554 et
2983 1502 3255 1556 virtutem.

1710 1590 1931 1661 Oportet
1977 1590 2122 1643 enim
2172 1603 2293 1647 eum
2340 1602 2586 1657 regnare.
2641 1588 2813 1643 donec
2862 1598 3024 1652 ponat
3070 1606 3259 1646 omnes

1711 1683 1961 1737 inimicos
1994 1681 2093 1735 sub
2138 1677 2365 1749 pedibus
2409 1678 2554 1754 suis,
2594 1689 2648 1734 et
2697 1681 2995 1737 novissima
3042 1684 3260 1739 inimica

1713 1777 2022 1831 destruatur
2053 1788 2199 1829 mors
2220 1772 2288 1827 ⁸⁸.
2331 1792 2350 1823 ι
2970 1784 2973 1789 ·

58 1881 209 1952 τέραν
241 1882 335 1934 τοῦ
369 1879 795 1952 Σωτῆροςκήμῶν
826 1862 1159 1947 θεοφάνειαν.
1185 1874 1315 1928 Τότε
1363 1872 1490 1940 γοῦν
1530 1871 1725 1931 πάντες
1762 1869 1812 1920 οἱ
1848 1865 2081 1936 βασιλεῖς
2114 1862 2591 1943 προσκυνήσουσιφ
2614 1863 2782 1933 αὐτῷ,
2836 1865 2929 1917 καὶ⁵
2970 1866 3144 1920 πάντα
3189 1883 3258 1922 τα

59 1976 176 2045 ἔθνη
203 1958 577 2026 δουλεύσουσιν
606 1971 772 2041 αὐτῷ.
814 1990 832 2020 ι
852 1954 855 1957 Δ
879 1970 987 2022 Καὶ
1012 1968 1168 2021 τοῦτο
1198 1967 1347 2019 ἔσται
1375 1963 1433 2015 τὸ
1469 1962 1683 2017 πάντων
1706 1958 1875 2021 τέλος,
1907 1956 1982 2010 ὅτ’
2022 1954 2087 2007 ἄν
2138 1952 2409 2023 παραδιδῷ
2447 1952 2543 2023 τὴν
2592 1952 2862 2023 βασιλειαν
2894 1954 2969 2024 τῷ
3005 1954 3121 2025 Θεῷ
3166 1956 3260 2011 καὶ

58 2042 245 2141 Ila-cpt,
278 2071 353 2121 ὅτ’
392 2066 455 2119 ἂν
501 2068 816 2138 καταργήσῃ
859 2066 1033 2117 πᾶσαν
1084 2061 1256 2133 ἀρχὴν
1327 2059 1420 2112 καὶ
1461 2042 1653 2109 πᾶσαν
1710 2049 1953 2117 ἐξουσίαν
2012 2046 2106 2124 καῖ
2152 2047 2398 2118 δύναμιν.
2443 2047 2533 2098 Δεῖ
2586 2046 2692 2119 γὰρ
2736 2044 3255 2123 αύτδννβασιλεύειν,

58 2164 183 2234 ἄχρι
216 2158 275 2216 οὗ
301 2162 365 2231 θῇ
408 2162 611 2222 πάντας
648 2160 772 2222 τοὺς
815 2158 1037 2229 ἐχθροὺς
1076 2156 1179 2209 ὑπὸ
1214 2155 1381 2215 πόδας
1419 2150 1605 2213 αὑτοῦ,
1644 2148 1867 2219 ἔσχατος
1894 2144 2085 2215 ἐχθρὸς
2114 2146 2463 2213 καταργεῖται
2485 2142 2776 2207 όθάνατος.
2818 2162 2835 2195 ι
2955 2144 2959 2150 ⁴

130 2297 147 2326 ι
181 2276 301 2329 Ὀτι
338 2277 599 2346 ἐρρύσατο
644 2271 854 2342 πτωχὸν
888 2273 952 2324 ὲκ
977 2270 1255 2332 δυνάστου,
1289 2269 1381 2321 καὶ
1403 2268 1605 2336 πένητα

1776 2259 1941 2313 Vsus.
1974 2257 2061 2311 12.
2100 2275 2119 2309 ι
2144 2256 2281 2323 Quia
2308 2256 2553 2312 liberavit
2572 2269 2861 2326 pauperem
2885 2272 2915 2311 ιι
2944 2232 3179 2326 potente,
3202 2267 3256 2314 et

58 2362 97 2434 ᾧ
128 2368 223 2438 οὐχ
262 2368 471 2437 ὑπῆρχε
503 2364 751 2435 βοηθός.ι
797 2363 940 2415 Ἀντὶ
977 2360 1090 2427 τοῦ·
1129 2380 1147 2413 ι
1188 2362 1303 2413 Ὀτι
1341 2357 1604 2430 ἐρρύσατο

1717 2367 1995 2426 pauperem
2022 2351 2110 2405 cui
2136 2366 2244 2405 non
2275 2356 2391 2405 crat
2423 2348 2658 2418 adiutor.
2694 2368 2715 2401 ι
2752 2347 2856 2403 Pro
2888 2351 2980 2404 illo
3007 2368 3019 2404 :
3062 2369 3082 2402 ‹
3122 2349 3258 2416 Quia

60 2462 269 2530 πτωχὸν
303 2462 364 2512 ὲκ
386 2460 663 2521 δυνάστου,
702 2478 721 2511 ι
752 2458 780 2510 ὁ
807 2456 1115 2527 Σύμμαχος·
1154 2474 1173 2507 ι
1216 2455 1336 2506 Ὅτι
1358 2450 1611 2515 ὲξελεῖται

1717 2440 1959 2496 liberavit
1984 2453 2269 2510 pauperem
2291 2454 2321 2493 a
2344 2445 2582 2508 potente,
2605 2458 2623 2490 ι
2644 2437 3003 2511 Symmachus
3027 2460 3038 2495 :
3074 2460 3094 2517 ι
3122 2439 3260 2507 Quia

61 2551 263 2623 πένητα
319 2550 637 2621 οἰμώζοντα.
679 2570 697 2600 ι
731 2550 804 2601 Ού
856 2548 965 2618 γὰρ
996 2547 1069 2609 ὡς
1109 2545 1207 2615 ἤδη
1250 2540 1609 2612 γεγενημένα,

62 2642 165 2694 ἀλλ’
202 2642 280 2703 ὡς
316 2640 573 2711 μέλλοντα
609 2638 823 2691 ἔσεσθαι
866 2637 1037 2711 ταῦτα
1080 2634 1338 2697 θεσπίζει.
1377 2632 1515 2701 Ὅρα
1557 2629 1613 2681 δὲ

61 2729 241 2791 ὁσάκις
263 2727 356 2780 τοῦ
382 2727 596 2797 πτωχοῦ
620 2724 959 2796 μνημονεύει,
987 2723 1196 2793 πρῶτον
1217 2714 1401 2775 εἰπών·
1432 2738 1449 2770 ι
1480 2717 1613 2788 Κρί-

64 2837 165 2872 νειν
197 2819 289 2871 τὸν
322 2818 446 2871 λαόν
495 2834 587 2870 σου
617 2819 672 2868 ἐν
702 2815 1031 2887 δικαιοσύνῃ,
1064 2815 1156 2867 καὶ
1202 2813 1326 2874 τοὺς
1370 2810 1615 2880 πτωχοὺς

64 2914 115 2965 ἐν
132 2912 329 2983 κρίσει·
353 2909 655 2982 »δεύτερον,
679 2928 695 2960 ι
724 2910 911 2980 Κρινεῖ
942 2909 1065 2970 τοὺς
1092 2905 1336 2976 πτωχοὺς
1358 2903 1448 2983 τοῦ
1464 2901 1611 2965 λαοῦ,

65 3003 151 3055 καὶ
177 3003 337 3056 σώσει
357 3002 482 3065 τοὺς
507 3002 655 3064 υἱοὺς
675 3001 779 3053 τῶν
818 3000 1089 3069 πενήτωψ
1134 3016 1153 3049 ι
1181 2997 1275 3049 καὶ
1303 2992 1396 3049 νῦν
1424 2993 1581 3047 πάλιν
1598 3008 1612 3021 ·

69 3114 86 3145 ι
121 3097 239 3149 Ὅτι
280 3093 545 3165 ἐρρύσατο
587 3092 795 3163 πτωχὸν
834 3094 896 3145 ὲκ
925 3091 1181 3144 δυνάστου
1209 3088 1301 3142 καὶ
1335 3088 1540 3156 πένητα
1572 3080 1617 3153 ᾧ

64 3189 156 3258 οὐχ
175 3188 384 3259 ὑπῆρχε
402 3185 610 3257 βοηθός·
626 3206 645 3238 ο
664 3168 755 3239 καὶ
770 3181 942 3247 αὖθιςσ
968 3203 984 3236 ι
1012 3183 1255 3236 Φείσεται
1280 3179 1492 3251 πτωχοῦ
1525 3181 1618 3233 καὶ

68 3278 310 3347 πένητος,
341 3278 431 3331 καὶ
465 3276 639 3346 ψυχὰς
680 3279 924 3346 πενήτων
968 3274 1145 3327 σώσει.
1189 3294 1207 3326 ι
1240 3268 1404 3343 Οἶμαι
1445 3270 1501 3324 δὲ
1532 3269 1619 3323 διά

66 3374 260 3423 τούτων
292 3371 543 3423 ἁπάντων
585 3366 842 3438 πτωχοὺς
862 3372 954 3421 καὶ
999 3367 1232 3437 πένητας
1274 3364 1455 3418 καλεῖν
1492 3362 1620 3424 τοὺς

67 3461 384 3523 ἀποστόλους
410 3463 504 3514 καὶ
529 3460 655 3522 τοὺς
684 3458 927 3529 μαθητὰς
948 3457 1041 3509 τοῦ
1065 3457 1311 3525 Σωτῆρος
1340 3453 1515 3524 ἡμῶν,
1542 3452 1613 3517 οἳ,

68 3549 157 3619 τὴν
188 3548 255 3602 δι’
283 3549 439 3601 αὐτὸν
484 3547 751 3617 πτωχείαν
794 3544 1156 3619 ἀνειληφότες,
1189 3545 1286 3613 τὴν
1332 3544 1411 3605 εις
1450 3543 1615 3612 ἄκρον

70 3640 260 3732 ἀρετῆς
292 3638 610 3691 ἐλαύνουσαν
638 3635 947 3707 κατώρθουν
976 3634 1316 3705 φιλοσοφίανο
1350 3632 1415 3686 δι’
1438 3632 1465 3683 ὃ
1491 3633 1616 3701 περὶ
1646 3677 1685 3733 C

68 3719 237 3784 αὐτῶν
280 3731 503 3793 Ἡσαΐας
541 3730 636 3800 μὲν
674 3725 1038 3798 προανεφώνει
1078 3725 1249 3793 λέγων
1272 3739 1284 3752 ·
1321 3740 1338 3773 ι
1375 3722 1614 3789 Εὑαγγε-

68 3819 305 3874 λίσασθαι
356 3822 586 3890 πτωχοῖς
625 3816 927 3871 ἀπέσταλκέ
963 3832 1047 3886 με.
1090 3833 1109 3867 ι
1153 3812 1335 3875 Ἀυτδς
1357 3812 1412 3865 δὲ
1443 3813 1470 3863 ὁ
1500 3812 1612 3865 Σω-

68 3914 185 3984 τὴρ,
217 3913 400 3976 αὐτοῖς
430 3907 789 3982 προσομιλῶν,
823 3908 970 3975 ἔλεγε
989 3924 1002 3937 ·
1043 3923 1061 3957 ι
1102 3904 1375 3979 Μακάριοι
1398 3904 1446 3955 οἱ
1469 3918 1615 3954 πτω-

71 4005 167 4072 χοὶ,
184 4004 265 4057 δτι
290 4004 465 4059 αὐτῶν
494 4006 636 4056 ἐστιν
658 4003 691 4072 ή
720 3998 958 4071 βασιλεία
978 3997 1085 4050 τῶν
1102 3994 1362 4073 οὐρανῶν.
1386 3995 1567 4047 Πάντα
1589 4011 1608 4044 ι

70 4090 155 4149 οὖν
181 4114 199 4145 ι
238 4095 307 4148 τὰ
335 4095 456 4165 ἔθνη
483 4093 852 4147 δουλεύσουσιν
879 4088 1042 4160 αὐτῷ,
1064 4089 1144 4141 ὅτι
1178 4087 1443 4159 ἐρρύσατο
1470 4103 1614 4138 πτω-

71 4188 155 4256 χὸν
188 4187 254 4240 ὲκ
283 4186 559 4249 δυνάστου,
590 4185 682 4237 καὶ
713 4182 916 4252 πένητα
941 4174 985 4249 ᾧ
1006 4180 1102 4249 οὐχ
1132 4179 1340 4249 ὑπῆρχε
1362 4166 1566 4248 βοηθός.
1590 4197 1609 4229 ι

72 4282 139 4334 Τὸ
172 4282 302 4353 γάρ,
332 4300 351 4332 ι
381 4282 482 4345 ὅτι,
514 4299 534 4330 ι
569 4277 719 4349 παρὰ
746 4278 876 4333 πᾶσι
916 4276 1026 4337 τοῖς
1058 4273 1413 4344 ὲρμηνευταῖς
1444 4267 1535 4323 καὶ
1557 4268 1617 4321 ἐν

74 4374 203 4445 αὑτῇ
249 4375 315 4444 τῇ
348 4386 351 4387 ⁷
384 4371 639 4442 Ἑϐραῐκῇ
682 4370 860 4439 γραφῇ
935 4366 1179 4437 κείμενον
1200 4404 1214 4427 ,
1266 4360 1617 4430 αἰτιολογικὸν

72 4463 339 4537 τυγχάνει,
360 4461 618 4517 διδάσκον
664 4461 808 4521 ὅπως
844 4458 1018 4511 πάντα
1048 4456 1117 4509 τὰ
1150 4456 1274 4527 ἔθνη
1317 4453 1616 4508 δουλεύσειν

74 4557 267 4628 ήμιλλε
316 4555 394 4627 τῷ
431 4554 657 4624 Σωτῆρι.
712 4552 880 4605 Τοῦτο
931 4550 1057 4621 γὰρ,
1110 4549 1259 4619 φησι,
1313 4549 1614 4617 γενήσεται,

82 4669 99 4702 ι
132 4650 311 4721 Επειδὴ
347 4648 563 4721 ῥύσεται
604 4643 811 4714 πτωχὸν
845 4645 907 4696 ὲκ
943 4640 1232 4696 δυνάστουέ
1269 4661 1287 4692 ι
1319 4639 1396 4703 ὡς
1440 4640 1487 4691 εἰ
1526 4655 1618 4691 σα-

78 4740 325 4813 φέστερον
341 4739 543 4807 ἑλεγενο
557 4738 679 4795 Ὀτι
698 4735 803 4789 τῶν
830 4734 1134 4788 ἀποστόλων
1147 4729 1310 4786 αὑτοῦ
1328 4729 1390 4783 τὸ
1413 4729 1614 4799 τάγμα,

76 4831 176 4883 τῶν
195 4832 262 4886 δι’
281 4832 439 4886 αὐτὸν
466 4827 691 4899 πτωχῶν
721 4826 813 4879 καὶ
833 4831 1093 4897 πενήτων,
1110 4824 1327 4893 ῥύσεται
1348 4819 1455 4873 ἀπὸ
1471 4835 1617 4894 παν-

77 4923 160 4984 τὸς
182 4923 460 4977 δυνάστου.
494 4918 707 4974 Πολλῶν
737 4919 846 4989 γὰρ
887 4916 1158 4970 δυναστῶν
1192 4911 1399 4986 ὁρατῶν
1434 4928 1493 4963 τε
1526 4910 1619 4963 καὶ

80 5012 293 5079 ἀφανῶν
316 5013 700 5084 ἀντικειμένων
726 5010 820 5065 καὶ
843 5008 1279 5079 ἐπανισταμένων
1304 5001 1508 5066 τούτοις
1531 5002 1619 5075 αύ-
1652 5029 1696 5083 D

80 5106 184 5165 τοῖς
206 5104 318 5165 τοῖς
335 5107 565 5175 πτωχοῖς
589 5102 685 5158 καὶ
712 5104 824 5165 τοῖς
847 5100 1087 5171 πένησιν,
1116 5098 1293 5159 αὐτὸς,
1324 5095 1516 5162 ἀφανεῖ
1533 5094 1623 5145 δυ-

82 5192 235 5265 νάμει
265 5193 610 5265 προασπιζων
634 5193 830 5258 αὐτῶν,
856 5195 920 5247 ὲκ
939 5192 1149 5247 πάντων
1165 5187 1355 5248 αὐτοὺς
1385 5183 1621 5256 ῥύσεται,

85 5287 211 5358 πρὸς
239 5284 409 5356 τὺομὴ
442 5284 744 5356 κωλυθῆναι
774 5289 871 5359 τὴν
909 5287 974 5340 δι’
1006 5282 1181 5339 αὐτῶν
1211 5276 1622 5345 ἐπιτελουμένην

85 5377 173 5433 τοῦ
199 5374 546 5445 εὐαγγελικοῦ
584 5376 928 5449 κηρύγματος
966 5374 1279 5447 ὑπηρεσίαν.
1326 5369 1432 5423 Καὶ
1466 5366 1622 5420 τοῦτο

88 5469 276 5543 πράξει
306 5466 477 5521 συνὼν
508 5467 707 5531 αὐτοῖς,
747 5467 862 5522 καθ’
883 5470 952 5539 ἢν
981 5468 1259 5537 ποιήσεται
1279 5460 1411 5531 πρὸς
1430 5460 1624 5523 αὐτοὺς

90 5538 405 5633 ὶπαγγελίαν
431 5560 640 5629 φήσαςσ
676 5578 694 5610 ι
744 5560 874 5613 Ἰδοὺ
907 5538 1017 5627 εγὼ
1049 5560 1166 5631 μεθ’
1201 5554 1351 5625 ὑμῶν
1374 5555 1489 5623 εἰμι
1522 5538 1631 5604 πάέ

92 5670 183 5718 σας
202 5653 297 5717 τὰς
314 5651 418 5724 ήμέ
425 5666 523 5723 ρας
545 5650 649 5712 ἕως
668 5649 767 5721 τῆς
795 5650 1097 5713 συντελείας
1116 5634 1208 5702 τοῦ
1229 5644 1437 5705 αἰῶνος.
1474 5661 1493 5693 ι
1525 5640 1627 5695 Οὔ-

92 5758 192 5804 τως
220 5736 313 5797 οὖν
343 5742 435 5798 καὶ
478 5738 725 5809 ἐφείσατο
750 5736 960 5806 πτωχοῦ
994 5737 1085 5790 καὶ
1120 5736 1362 5805 πένητος,
1394 5730 1487 5783 καὶ
1527 5728 1631 5799 time.

1708 2530 1899 2600 eripiet
1943 2544 2234 2600 pauperem
2284 2528 2609 2597 eiulantem.
2656 2548 2674 2579 ι
2733 2528 2858 2584 Haec
2905 2531 3101 2601 quippe
3150 2547 3259 2587 non

1710 2622 1867 2692 quasi
1920 2619 2032 2689 iam
2081 2619 2379 2682 evenerint,
2435 2618 2533 2673 sed
2577 2628 2634 2673 ut
2683 2620 2883 2689 futura.
2914 2623 3256 2679 vaticinatur.

1710 2712 2125 2768 Animadvertas
2163 2710 2324 2766 velim
2372 2709 2583 2778 quoties
2624 2724 2916 2779 pauperem
2954 2721 3256 2781 memoret;

1711 2804 1886 2874 primo
1903 2816 2025 2857 cum
2056 2801 2168 2855 ait:
2196 2820 2213 2851 ‹
2249 2796 2497 2853 Judicare
2543 2800 2798 2869 populum
2827 2802 3065 2855 tuumiu
3088 2802 3256 2872 iusti-

1713 2896 1808 2959 tia,
1842 2901 1895 2949 et
1922 2905 2186 2965 pauperes
2214 2901 2335 2946 tuos
2364 2890 2420 2943 in
2446 2888 2694 2959 iudicio;
2736 2909 2755 2941 ι
2788 2890 3063 2965 secundo:
3096 2910 3115 2943 ι
3162 2890 3260 2949 Ju—

1713 2985 1913 3041 dicabit
1928 2961 2198 3054 pauperes
2235 2980 2531 3051 populi,-et
2569 2980 2748 3035 salvos
2776 2961 2934 3035 faciet
2960 2979 3098 3035 filios
3126 2995 3259 3051 pau-

1714 3074 1937 3149 perum;
1972 3094 1995 3129 ι
2016 3083 2070 3130 et
2100 3070 2245 3157 nunc
2275 3074 2470 3128 iterum
2497 3071 2517 3126 ἐ
2554 3091 2574 3123 ‹
2616 3070 2756 3140 Quia
2786 3073 3030 3129 liberavit
3061 3089 3261 3146 paupe‘

1716 3185 1828 3226 rem
1859 3183 1890 3224 a
1912 3175 2146 3239 potente,
2167 3174 2221 3221 et
2252 3178 2540 3236 pauperem
2562 3165 2650 3219 cui
2679 3179 2786 3219 nou
2812 3175 2930 3221 erat
2961 3166 3203 3237 adiutor;
3236 3184 3257 3218 ι

1716 3280 1780 3320 ac
1810 3276 2026 3318 rursum
2059 3277 2129 3315 :‘r
2183 3255 2373 3314 Parcet
2395 3252 2617 3329 pauperi
2647 3266 2700 3313 et
2731 3259 2913 3329 inopi,
2964 3268 3018 3317 et
3054 3261 3263 3316 animas

1702 3364 2014 3427 pauperum
2042 3349 2221 3405 salvas
2248 3347 2429 3403 faciet.
2463 3366 2483 3400 ι
2514 3347 2763 3401 Arbitror
2788 3362 2951 3418 porro
2972 3348 3059 3404 his
3087 3352 3265 3407 omni-

1706 3446 1819 3513 bus
1850 3443 1905 3497 in
1936 3441 2069 3497 locis
2100 3440 2276 3510 ipsum
2306 3442 2587 3509 apostolos
2611 3445 2665 3493 et
2691 3438 2982 3508 discipulos
3010 3438 3263 3517 Servate-5

1718 3535 1796 3589 ris
1832 3533 2023 3601 nostri,
2053 3545 2319 3602 pauperes
2350 3536 2404 3585 et
2446 3530 2635 3600 inopes
2658 3542 2869 3591 vocare,
2911 3519 3020 3598 qui?
3044 3538 3264 3601 prapter

1718 3626 1895 3695 ipsum
1931 3626 2297 3695 paupertatem
2332 3622 2643 3695 subeuntes,
2674 3618 3065 3689 philosophiam
3113 3622 3259 3676 illam

1722 3717 1790 3770 ad
1826 3716 2044 3770 virtutis
2082 3713 2355 3784 fastigium
2386 3710 2696 3777 evehentem
2747 3708 3013 3764 colebant.
3064 3708 3263 3776 Quam-

1719 3808 1904 3862 obrem
1932 3805 2046 3859 haec
2085 3804 2153 3858 de
2198 3802 2305 3858 illis
2356 3802 2525 3857 Isaias
2566 3801 3000 3871 praenuntiabat:
3039 3820 3058 3852 ‹
3092 3801 3263 3856 Evan-

1719 3897 1949 3968 gelizare
1986 3891 2315 3964 pauperibus
2355 3890 2505 3969 misit
2530 3904 2615 3945 me
2634 3890 2701 3945 “.
2739 3908 2757 3941 ι
2786 3890 2905 3959 Ipse
2931 3906 3056 3947 vero
3081 3890 3263 3955 Domi-

1719 4004 1825 4044 nus
1854 4002 1948 4043 eos
1975 3986 2254 4056 alloquens
2286 3983 2496 4038 dicebat
2529 4001 2542 4038 :
2579 4001 2601 4034 σ
2631 3980 2780 4038 Beati
2817 3984 3101 4052 pauperes,
3128 3997 3264 4054 quo-

1669 4080 1673 4081 ⁷
1719 4081 1864 4135 niam
1896 4079 2136 4149 ipsorum
2186 4082 2272 4132 est
2324 4088 2548 4145 regnum
2591 4074 2936 4131 ctelorum".
2999 4073 3198 4130 Omnes
3234 4093 3256 4128 ι

1720 4185 1849 4243 ergo
1882 4190 1901 4223 ι
1921 4178 2107 4241 gentes
2133 4168 2456 4235 servicntei,
2489 4166 2618 4237 quia
2648 4167 2898 4222 liberavit
2916 4180 3198 4238 pauperem
3229 4182 3262 4221 a

1721 4268 1960 4333 potente,
1994 4269 2047 4317 et
2076 4274 2366 4337 pauperem
2396 4248 2487 4314 cui
2516 4272 2624 4313 non
2654 4264 2770 4312 erat
2801 4256 3035 4326 adiutor.
3074 4273 3095 4307 ι
3126 4253 3261 4337 Nam

1723 4353 1877 4419 illud,
1914 4373 1933 4406 ι
1970 4354 2120 4424 quia,
2157 4371 2176 4406 ι
2208 4336 2350 4422 apud
2379 4364 2566 4406 omnes
2599 4350 2936 4418 interpretes,
2969 4353 3024 4403 et
3059 4340 3091 4401 i:
3148 4334 3261 4415 ipsa

1723 4446 1983 4503 Hebraica
2038 4444 2305 4515 scriptura
2372 4441 2602 4511 positum
2628 4477 2645 4504 ,
2717 4451 2933 4493 causam
2997 4433 3257 4499 denotat,

1722 4540 1924 4595 docens
1954 4552 2051 4593 cur
2097 4535 2337 4591 futurum
2381 4533 2536 4587 situt
2582 4540 2767 4584 omnes
2799 4536 2982 4599 gentes
3028 4515 3261 4583 serviant

1726 4626 2039 4699 Servatori;
2074 4624 2128 4681 id
2154 4615 2385 4692 namque
2418 4620 2526 4686 ﬁet,
2575 4618 2828 4689 inquit,¢
2859 4619 2983 4693 quia
3014 4616 3262 4672 liberavit
3346 4652 3347 4655 η

1722 4729 2010 4788 pauperem
2044 4728 2076 4768 a
2102 4717 2318 4783 potente
2345 4723 2360 4775 ;
2395 4726 2415 4758 ι
2448 4721 2510 4760 ac
2540 4705 2587 4761 si
2612 4704 2813 4771 clarius
2855 4704 3060 4759 diceret
3086 4720 3099 4756 :
3124 4700 3261 4768 Quia

1725 4809 2089 4882 apostolorum
2130 4815 2375 4862 suorum,
2407 4800 2499 4869 qui
2530 4804 2747 4870 propter
2796 4797 2970 4869 ipsum
3004 4808 3262 4881 pauperes

1724 4880 1777 4956 et
1809 4900 1996 4968 inopes
2016 4898 2194 4957 erant,
2221 4891 2465 4946 ordinem
2488 4889 2738 4944 liberabit
2759 4888 2827 4943 ab
2848 4885 2996 4941 omni
3022 4880 3257 4955 potente.

1724 4992 1859 5048 Cum
1891 4985 2046 5042 multi
2095 4972 2249 5039 enim
2285 4989 2533 5053 potentes
2569 4980 2811 5036 visibiles
2867 4985 2922 5032 et
2967 4972 3261 5031 invisibiles

1728 5082 2009 5138 adversum
2022 5077 2143 5133 illos
2158 5089 2422 5146 pauperes
2436 5080 2487 5129 et
2504 5072 2689 5143 inopes
2715 5070 3015 5139 insurgent,
3046 5062 3261 5119 eosdem

1728 5176 1843 5244 ipse
1878 5156 2088 5227 occulta
2107 5168 2307 5229 virtute
2336 5171 2597 5237 proteget,
2613 5176 2785 5233 exque
2810 5159 3060 5216 omnibus
3074 5154 3244 5244 libera

1728 5240 1826 5330 bit,
1857 5273 1916 5319 ut
1943 5277 2013 5319 ne
2038 5260 2183 5334 quod
2213 5260 2317 5331 ipsi
2346 5260 2553 5317 .obeunt
2581 5253 2900 5327 evangelica
2927 5240 3261 5321 praedicatio-

1726 5360 1811 5415 nis
1841 5355 2199 5411 ministerium
2232 5336 2608 5423 praepediatur.
2651 5345 2819 5415 quue
2864 5340 2981 5412 ipse
3024 5351 3261 5408 praesens

1728 5450 1937 5514 efﬁciet,
1966 5448 2263 5504 secundum
2294 5445 2361 5499 ab
2384 5457 2443 5498 se
2474 5437 2788 5494 tradendam
2833 5432 3260 5507 promissionem,

1730 5558 1834 5614 qua
1864 5541 1995 5596 dicit
2023 5558 2037 5594 :
2077 5558 2098 5593 ‹
2132 5539 2270 5595 Ecce
2294 5551 2395 5608 ego
2419 5519 2697 5590 vobiscum
2726 5542 2845 5585 sum
2874 5524 3122 5581 omnibus
3150 5520 3265 5576 dico

1730 5610 1833 5690 lius
1879 5647 2051 5701 usque
2094 5631 2163 5686 ad
2216 5623 2732 5693 consummationem
2777 5615 3046 5688 saeculi“.
3099 5633 3119 5668 ι
3173 5610 3265 5675 Sic

1733 5726 1913 5797 itaque
1939 5724 2179 5797 pepercit
2210 5719 2433 5795 pauperi
2460 5723 2516 5773 et
2544 5714 2705 5785 inopi,
2738 5724 2792 5768 et
2826 5713 3039 5771 animas
3068 5720 3265 5780 paupe-

162 5898 370 5957 “Psal.
402 5915 462 5964 ιι,
488 5899 540 5962 7,
568 5898 619 5952 8.
695 5896 739 5927 "
773 5893 939 5951 lCor.
966 5908 1055 5956 xv,
1088 5889 1267 5946 2&26.
1342 5889 1385 5920 “
1424 5886 1527 5943 lsa.
1557 5899 1619 5939 ιι

1718 5922 1732 5949 ,
1808 5880 1851 5914 ⁴⁷
1879 5878 2064 5935 Matth.
2093 5895 2145 5947 v,
2184 5879 2234 5933 Ξ.
2312 5840 2563 5929 ul“Matth.
2606 5883 2791 5935 xxviii,
2821 5843 2934 5921 20.-

396 5994 674 6056 PATBOL.’
721 5990 835 6050 Gn.
913 5984 1149 6047 XXIII.

2880 5955 2958 6015 26
2986 5977 2991 5981 ,
