3966 6348
697 467 794 523 ΒΗ

1356 467 1620 524 EUSEBII
1658 466 2134 525 CESARIENSIS
2169 465 2320 524 OPP.
2360 467 2538 523 PARS
2572 469 2657 525 Ill.
2696 502 2766 513 —-
2788 471 3190 530 EXEGETICA.
3799 475 3878 528 8i!

693 604 811 644 rum
829 589 1002 646 salvas
1021 588 1144 647 fecit
1170 611 1179 644 :
1205 592 1425 662 haecque
1437 594 1614 647 omnia
1635 591 1914 660 discipulis
1930 598 1976 645 et
1993 591 2228 654 apostoli:

2350 606 2448 660 χας
2504 601 2742 663 πενήτων
2793 595 2991 648 ἔσωσε·
3028 611 3119 647 και
3166 592 3334 646 ταῦτα
3382 593 3565 646 πάντα
3599 595 3716 654 τοῖς
3745 593 3876 645 αὐτος

695 684 810 739 suis
828 681 1072 753 praebuit,
1088 684 1212 738 utin
1227 699 1440 738 omnem
1463 693 1659 738 terram
1677 692 1847 738 exiret
1865 698 2032 738 sonus
2056 698 2244 739 eorum

694 775 832 828 et-in
871 773 1002 830 fines
1025 775 1174 828 orbis
1227 785 1384 829 terrae
1433 775 1595 833 verba
1635 790 1840 828 eorum.
1881 775 2084 829 Horum
2118 791 2244 831 vero

693 881 985 937 pauperum
1009 875 1063 924 et
1088 869 1306 937 inopum
1339 868 1547 920 animas
1570 882 1633 921 ex
1665 869 1847 922 usuris
1877 875 1931 921 et
1961 868 2243 938 iniquitate

693 957 938 1021 redemit,
993 965 1053 1012 ut
1098 957 1300 1011 nemini
1347 957 1620 1027 quidpiam
1668 957 1943 1013 deberent.
1993 957 2144 1024 Quod
2196 959 2242 1013 si

691 1050 1012 1119 quandoque
1057 1048 1213 1104 fenus
1250 1047 1587 1117 acceperint,
1621 1048 1695 1101 ita
1743 1054 1803 1101 ut
1843 1056 2084 1103 veterum
2115 1063 2241 1118 pec-

617 1166 623 1174 -
691 1149 933 1194 calorum
971 1140 1048 1195 rei
1090 1140 1393 1205 exsistant;
1437 1149 1491 1193 at
1543 1139 1659 1209 ipse
1705 1138 1944 1208 pretioso
1976 1140 2241 1209 sanguine

689 1245 786 1299 pro
819 1230 926 1284 illis
973 1229 1173 1283 tradito
1207 1229 1435 1284 redemit
1466 1230 1674 1284 animas
1713 1244 1898 1284 eorum
1927 1249 1940 1284 :
1985 1229 2128 1284 unde
2159 1229 2241 1283 di—

689 1321 848 1375 vinus
891 1319 1181 1389 Apostolus
1219 1321 1330 1374 haec
1362 1319 1585 1376 docuit:
1622 1338 1639 1369 ι
1680 1319 1929 1375 Christus
1962 1335 2060 1375 nos
2084 1321 2239 1375 rede-

689 1409 788 1461 mit
817 1408 885 1462 de
934 1410 1220 1464 maledicto
1247 1410 1401 1480 legis,
1454 1410 1629 1464 factus
1681 1425 1779 1479 pro
1810 1410 1965 1465 nobis
2017 1411 2240 1466 maledi-

689 1506 835 1552 ctum
860 1499 922 1554 ".
970 1519 988 1552 ι
1025 1498 1158 1554 Nam
1193 1501 1318 1570 quia
1353 1501 1624 1556 debitores
1653 1508 1807 1556 erant
1835 1501 1936 1570 legi
1967 1501 2155 1572 Moysi,
2184 1509 2238 1562 et

688 1603 806 1658 quae
858 1589 1060 1659 scripto
1114 1589 1309 1643 tradita
1366 1597 1494 1645 sunt
1539 1606 1648 1649 non
1705 1592 2077 1662 impleverant,
2135 1578 2237 1648 sub

684 1680 969 1735 maledicto
994 1679 1186 1735 deinde
1209 1690 1382 1746 erant,
1422 1682 1565 1751 quod
1589 1698 1696 1736 non
1728 1691 1894 1737 totam
1926 1684 2095 1750 legem
2114 1697 2236 1759 ser-

683 1777 922 1825 vassent.
948 1768 1216 1839 Scriptum
1237 1770 1435 1840 quippe
1463 1781 1612 1825 erat:
1646 1789 1664 1822 ι
1711 1769 2027 1826 Maledictus
2060 1771 2236 1825 omnis

2348 684 2607 753 μαθηταῖς
2633 687 2722 738 καὶ
2747 685 3068 747 ἀποστόλοις·
3089 687 3362 754 παρεῖχεν,
3395 685 3460 735 ἶν’
3491 685 3573 746 εις
3601 685 3779 735 πᾶσαν

2342 775 2442 844 γῆν
2474 775 2673 839 ἐξέλθοι
2703 778 2730 827 6
2751 776 2981 844 φθόγγος
3014 775 3210 838 αὐτῶν,
3241 776 3333 826 καὶ⁵
3367 778 3446 836 είς
3470 774 3540 827 τά
3572 775 3782 842 πέρατα
3803 779 3878 841 τῆς

2342 865 2655 936 οἰκουμένης
2691 867 2757 920 τὰ
2791 870 3006 937 ῥήματα
3042 867 3236 920 αὐτῶν.
3275 865 3487 918 Τούτων
3529 865 3591 918 δὲ
3623 864 3733 916 τῶν
3763 882 3879 917 πτω-

2341 958 2449 1027 χῶν
2483 959 2709 1011 καὶτῶν
2751 961 2990 1030 πενήτων
3020 962 3082 1012 ἐκ
3126 961 3282 1012 τόκου
3316 961 3404 1012 καὶ
3432 958 3491 1025 ἐξ
3539 958 3757 1019 ἀδικίας
3781 958 3876 1008 ἔλυε

2340 1050 2582 1119 τρώσατο
2611 1050 2708 1112 τὰς
2729 1049 2923 1120 ψυχὰς,
2951 1053 3096 1114 ὅπως
3122 1051 3308 1121 μηδενὶ
3334 1048 3498 1120 μηδὲν
3531 1049 3810 1118 ὀφείλοιεν.
3831 1050 3878 1100 Ei

2339 1141 2392 1192 δὲ
2425 1140 2514 1192 καί
2547 1158 2672 1192 ποτε
2705 1141 3090 1212 δεδανεισμένοι
3111 1140 3382 1212 ῶφλησαν,
3405 1140 3546 1193 ῶττε
3577 1141 3790 1210 ἐνόχους
3811 1143 3879 1191 αὑ-

2338 1231 2462 1294 τοὺς
2484 1231 2728 1298 γενέσθαι
2758 1233 2994 1285 παλαιῶν
3026 1233 3451 1302 ἁμαρτημάτων,
3486 1231 3603 1284 ἀλλ’
3637 1230 3810 1292 αὐτὸς,
3833 1231 3879 1281 τὸ

2338 1317 2474 1391 αἷμα
2506 1323 2564 1374 τὸ
2594 1323 2765 1392 τίμιον
2798 1323 2986 1393 λύτρον
3016 1324 3152 1392 ὑπὲρ
3184 1324 3358 1375 αὐτῶν
3386 1322 3527 1386 δοὺς,
3561 1320 3880 1391 ὲλυτρώςατο

2337 1415 2434 1476 τάς
2459 1413 2630 1482 ψυχὰς
2675 1413 2849 1466 αὐτῶν
2873 1415 3035 1466 ’.ὅθεν
3079 1416 3106 1466 6
3148 1414 3286 1476 θεῖος
3315 1412 3629 1476 Ἀπόστολος
3659 1412 3876 1464 ἐδίδασκε

2337 1503 2537 1571 λέγων·
2575 1524 2592 1553 ι
2631 1504 2859 1572 Χριστὸς
2892 1506 3035 1574 ήμᾶς
3077 1504 3401 1574 ἐξηγόρασεν
3437 1507 3500 1556 ἐκ
3525 1504 3623 1572 τῆς
3653 1504 3877 1571 κατάρας

2335 1595 2427 1647 τοῦ
2461 1597 2642 1666 νόμου,
2678 1595 2961 1662 γενόμενος
3000 1596 3134 1666 ὑπὲρ
3167 1596 3319 1664 ἡμῶν
3350 1595 3582 1664 κατάρα.
3618 1613 3636 1645 ι
3683 1593 3877 1660 Ἐπειδὴ

2336 1682 2443 1754 γὰρ
2473 1686 2734 1755 χρεῶσται
2757 1681 2891 1753 ἦσαν
2920 1685 3011 1738 καὶ
3029 1685 3294 1752 ὀφειλέται
3317 1686 3413 1755 τῆς
3437 1686 3718 1747 Μωῡσέως
3739 1701 3874 1752 νομο-

2338 1771 2538 1837 θεσίας,
2587 1777 2683 1827 οὐκ
2741 1776 3005 1846 ἐπλήρουν
3034 1776 3090 1828 δὲ
3126 1778 3194 1828 τὰ
3236 1777 3618 1848 γεγραμμένα,
3663 1771 3766 1827 εἷθ’
3791 1775 3877 1826 ὑπὸ

683 1862 774 1930 qui
816 1877 925 1919 non
964 1862 1202 1916 manebit
1241 1863 1297 1916 in
1333 1863 1585 1918 omnibus
1621 1877 1741 1929 qua:
1778 1863 1981 1932 scripta
2020 1871 2146 1915 sunt
2178 1861 2228 1915 in

2338 1865 2574 1936 κατάραν
2603 1863 2738 1935 ἦσαν
2759 1906 2772 1930 ,
2822 1868 2906 1920 διὰ
2932 1867 2992 1918 τὺ
3027 1868 3099 1938 μὴ
3153 1867 3324 1920 πάντα
3360 1867 3447 1918 τὸν
3481 1869 3639 1937 νόμον
3693 1865 3873 1934 φυλάτ-

681 1951 825 2004 libro
846 1951 1000 2021 legis,
1036 1957 1095 2004 ut
1148 1950 1312 2005 faciat
1361 1966 1421 2003 ea
1446 1950 1511 2004 '°.
1553 1971 1570 2001 ι
1611 1947 1801 2005 Merito
1846 1961 2059 2020 ereptos
2109 1952 2228 2006 illos

2333 1972 2461 2009 τειν.
2511 1957 2549 2007 Γ
2552 1957 2786 2026 έγραπτο
2837 1959 2974 2029 γάρ’
3013 1976 3030 2008 ι
3083 1959 3511 2029 Ἐπικατάρατος
3559 1960 3665 2020 πᾶς
3701 1958 3758 2020 ὃς
3793 1958 3876 2008 οὐκ

681 2057 746 2095 ex
788 2042 878 2095 tali
906 2041 1307 2103 maledictione,
1341 2056 1406 2094 ex
1449 2043 1631 2096 usuris
1665 2048 1718 2096 et
1749 2042 2033 2110 iniquitate
2076 2042 2229 2096 rede-

611 2127 616 2134 ’
683 2135 799 2194 mit,
834 2133 1007 2187 factus
1029 2132 1248 2202 pro-illis
1281 2111 1983 2203 maledictumztraditoque
2011 2149 2227 2188 eorum-

680 2225 800 2280 dem
848 2225 1020 2294 gratia
1065 2225 1300 2293 pretioso
1342 2227 1626 2296 sanguine,
1674 2227 1754 2282 sic
1812 2228 1912 2282 sibi
1963 2228 2229 2296 pretiosus

679 2313 874 2370 effecit.
913 2314 1089 2380 Quare
1119 2316 1220 2372 sub
1238 2307 1363 2371 haec
1401 2317 1620 2382 dicitur,
1658 2336 1677 2369 ι
1710 2317 1777 2372 Ει
1811 2319 2106 2388 pretiosum
2130 2335 2232 2374 no-

680 2413 806 2458 men’
851 2419 1036 2459 eorum
1078 2421 1259 2461 coram
1287 2408 1416 2474 illo;
1455 2428 1473 2460 i
1518 2408 1638 2463 ideo
1671 2408 1792 2464 illos
1849 2410 1927 2464 sic
1961 2410 2228 2466 allocutus

679 2496 937 2552 scribitur
968 2517 980 2552 :
1019 2517 1038 2550 ι
1071 2497 1245 2555 Nolite
1275 2500 1508 2571 gaudere
1540 2503 1790 2570 quoniam
1811 2502 2069 2556 dazmonia
2100 2504 2228 2557 sub-

676 2587 941 2656 jiciuntur
969 2589 1127 2646 vobis
1161 2609 1173 2645 :
1208 2592 1434 2661 gaudete
1477 2599 1655 2648 autem
1707 2602 1760 2648 et
1793 2593 2059 2649 exsultate
2102 2596 2227 2663 quia

676 2681 894 2735 nomina
927 2690 1105 2737 vestra
1142 2683 1340 2752 scripta
1363 2691 1495 2738 sunt
1518 2685 1572 2739 in
1602 2685 1834 2740 cmlis“.
1867 2705 1886 2737 ι
1918 2684 2028 2740 Cur
2047 2693 2226 2740 autem

676 2788 874 2828 nomen
899 2788 1085 2828 eorum
1124 2775 1418 2843 pretiosum
1464 2783 1578 2831 erat
1609 2790 1790 2830 coram
1825 2777 1937 2842 illo,
1963 2778 2069 2832 nisi
2097 2779 2224 2847 quia

676 2865 793 2932 ipse
824 2865 1044 2919 nomina
1091 2864 1198 2920 illis
1238 2865 1422 2920 indere
1462 2865 1714 2936 dignatus
1765 2875 1867 2932 est,
1921 2868 2222 2932 Simonem,

678 2954 898 3009 Petrum
952 2970 1306 3026 nuncupans;
1363 2955 1660 3022 Thomam,
1712 2958 2031 3030 Didymum;
2085 2960 2226 3015 ﬁlios

676 3043 942 3109 Zebeda‘i,
976 3045 1302 3117 Boanerges,
1331 3046 1473 3116 quod
1507 3048 1809 3118 explicatur
1839 3051 1939 3119 ﬁlii
1963 3052 2224 3106 tonitrui?

676 3135 789 3190 lino
822 3149 950 3191 vero
976 3136 1270 3192 universim
1303 3138 1542 3192 omnium
1570 3153 1761 3194 nomen
1791 3141 2087 3209 pretiosum
2109 3149 2227 3197 erat

676 3237 860 3276 coram
891 3224 1006 3315 illo.
1039 3221 1204 3294 quue
1235 3225 1505 3296 signiﬁcat
1534 3225 1812 3299 Evangelii
1843 3221 2221 3300 scriptura'di-
2249 3257 2293 3315 α

676 3329 843 3369 cens:
882 3332 901 3366 ι
930 3313 1040 3370 Hos
1067 3315 1361 3392 duodecim‘
1384 3318 1544 3390 elegit
1571 3317 1750 3383 Jesus,
1782 3336 1919 3392 quos
1950 3323 2224 3392 apostolos

676 3407 976 3462 nominavit
995 3406 1064 3464 ⁸².
1109 3428 1128 3460 ι
1165 3407 1270 3464 Pro
1305 3409 1396 3466 illo
1427 3419 1628 3478 autem,
1664 3430 1683 3464 ι
1723 3429 1920 3469 nomen
1955 3430 2163 3481 eorum,
2199 3436 2218 3469 ι

674 3495 938 3553 Hebraica
959 3499 1253 3570 scriptura,
1288 3519 1307 3552 ι
1331 3503 1552 3573 sanguis
1594 3519 1801 3571 eorum,
1832 3524 1852 3558 ›
1877 3505 2220 3577 circumfert;

677 3598 840 3658 atque
869 3587 1064 3659 reliqui
1092 3588 1172 3644 sic
1201 3589 1541 3660 interpretati
1577 3601 1722 3657 sunt,
1740 3595 1944 3664 ‘Aquila
1975 3599 2181 3654 scilicet
2206 3619 2218 3653 :

680 3697 699 3728 ς
734 3676 798 3732 Et
830 3677 1188 3759 honorabitur
1216 3682 1437 3752 sanguis
1478 3697 1666 3738 eorum
1697 3685 1752 3739 in
1803 3688 1975 3744 oculis
2011 3690 2163 3760 ejr:;
2198 3710 2216 3743 ι

675 3769 1029 3841 Symmachus
1055 3787 1183 3828 vero
1207 3792 1219 3827 :
1250 3791 1268 3824 ι
1293 3772 1359 3828 Ει
1383 3777 1650 3846 pretiosus
1663 3781 1766 3833 erit
1789 3782 2007 3851 sanguis
2034 3797 2219 3842 eorum

671 3875 855 3917 coram
885 3862 996 3919 illo.
1027 3882 1046 3915 ›
1073 3863 1238 3931 Quei‘s
1265 3873 1450 3936 aperte
1497 3883 1684 3923 necem
1724 3871 1937 3927 illorum
1973 3875 2224 3929 subindi-

671 3951 834 4017 cavit,
885 3967 992 4022 qua
1037 3954 1238 4026 singuli
1295 3957 1446 4012 vario
1500 3961 1746 4031 martyrii
1796 3978 1991 4033 genere
2044 3963 2220 4020 affecti

673 4051 820 4108 sunt,
851 4058 915 4098 ac
961 4045 1100 4101 alius
1145 4047 1253 4103 alio
1289 4049 1451 4104 modo
1498 4051 1568 4106 ob
1616 4053 1986 4109 testimonium
2031 4057 2097 4111 de
2131 4058 2221 4112 illo

671 4137 857 4191 datum
889 4138 1171 4207 sanguinis
1197 4153 1422 4209 agonem
1464 4140 1663 4210 subiit;
1700 4145 1772 4199 ita
1795 4155 1855 4200 ut
1894 4147 1959 4203 de
1994 4147 2101 4204 illis
2135 4151 2223 4204 di-

671 4238 826 4283 catur
858 4248 875 4287 :
912 4247 930 4281 ι
958 4228 1204 4286 Pretiosa
1237 4233 1290 4286 in
1332 4241 1622 4302 conspectu
1655 4235 1867 4293 Domini
1907 4256 2052 4297 mors
2097 4259 2224 4298 san-

672 4325 882 4374 ctorum
911 4320 1108 4390 ejus”.
1152 4340 1170 4373 ›
1207 4319 1302 4377 Isti
1334 4323 1480 4378 enim
1524 4325 1701 4380 simile
1741 4327 1844 4382 hoc
1882 4345 2094 4401 quoque
2140 4335 2222 4388 di-
2259 4400 2267 4414 I

672 4417 818 4462 ctum
867 4417 996 4464 est:
1033 4428 1052 4463 ι
1087 4409 1152 4465 Ει
1185 4413 1480 4482 pretiosum
1536 4431 1734 4471 nomen
1791 4433 1976 4474 eorum
2038 4437 2218 4479 coram

674 4498 786 4554 illo.
825 4517 845 4552 ι

2330 2043 2553 2114 ἐμμένει
2587 2047 2717 2097 πᾶσι
2755 2050 2864 2108 τοῖς
2905 2045 3300 2119 γεγραμμένοις
3339 2050 3395 2098 έν
3424 2047 3500 2116 τῷ
3557 2045 3750 2115 βιϐλίῳ
3799 2046 3873 2097 τοῦ

2329 2136 2493 2204 νόμου
2572 2136 2663 2187 τοῦ
2737 2137 2952 2206 ποιῆσαι
3014 2137 3167 2189 αὑτά.
3213 2156 3231 2187 ι
3264 2137 3496 2200 Εἰκότως
3540 2137 3748 2205 ταύτης
3794 2137 3872 2204 τῆς

2328 2226 2463 2296 ἀρᾶς
2502 2225 2864 2297 ἐλευθερώσας
2903 2227 3116 2290 αὐτοὺς,
3154 2228 3216 2278 ὲκ
3262 2227 3418 2278 τόκου
3448 2227 3538 2278 καὶ
3580 2225 3639 2290 ἑξ
3681 2225 3875 2285 ἀδικίας

2327 2319 2860 2388 ὲλυτρούτοαὺτοὺς,
2922 2319 3200 2388 γινόμενος
3248 2319 3385 2388 ὑπὲρ
3417 2318 3593 2371 αὐτῶν
3639 2318 3872 2387 κατάρα·

2328 2412 2419 2463 καὶ
2450 2412 2528 2463 τὸ·
2565 2412 2740 2481 τίμιον
2795 2409 2952 2463 αὐτοῦ
2991 2404 3126 2480 αἷμα
3152 2410 3288 2483 ὑπὲρ
3333 2410 3507 2462 αὐτῶν
3556 2409 3753 2473 διδοὺς,
3795 2410 3873 2460 καί

2287 2502 2463 2574 ,οὕτω
2506 2503 2716 2573 τιμίους
2769 2501 2942 2572 ἐαυτῷ
2989 2499 3437 2571 ἀπεργαζόμενος.
3493 2501 3581 2553 Διὸ
3640 2500 3872 2551 λέλεκται

2327 2596 2478 2666 ἑξῆς·
2519 2615 2536 2646 ι
2579 2597 2686 2648 Καὶ
2733 2595 2945 2662 ἔντιμον
2982 2594 3041 2647 τὸ
3088 2593 3256 2664 ὄνομα
3301 2595 3480 2647 αὐτῶν
3523 2593 3752 2646 ἐνώπιον
3790 2593 3872 2644 αὐ-

2325 2686 2436 2738 τοῦ.
2483 2705 2498 2736 ›
2537 2685 2693 2739 Ὅθεν
2743 2685 3147 2754 ἀναγέγραπται
3202 2684 3435 2756 εἰρηκὼς
3480 2684 3613 2755 πρὸς
3653 2683 3869 2744 αὐτούς·

2332 2795 2348 2826 ι
2384 2775 2471 2845 Μὴ
2513 2777 2749 2844 χαίρετε,
2792 2777 2871 2829 ὅτι
2909 2777 2975 2828 τά
3027 2776 3276 2846 δαιμόνια
3317 2777 3443 2845 ύμῖν
3485 2775 3868 2828 ὑποτάσσεται·

2325 2884 2537 2937 χαιρετε
2569 2867 2624 2919 δὲ
2648 2870 2742 2920 καὶ
2776 2866 3116 2934 ἀγαλλιᾶσθε,
3146 2869 3226 2919 ὅτι
3255 2867 3320 2918 τὰ
3345 2867 3582 2937 ὀνόματα
3612 2867 3766 2937 ὑμῶν
3791 2870 3870 2932 ξγ-

2325 2958 2628 3027 γέγραπται
2660 2958 2714 3008 ὲν
2749 2961 2856 3019 τοῖς
2883 2959 3144 3026 οὐρανοῖς.
3187 2975 3204 3008 ι
3243 2957 3336 3008 Διά
3362 2957 3412 3008 τί
3438 2958 3565 3010 δὲτὸ
3595 2959 3765 3028 ὅνομα
3791 2958 3872 3010 αὖα

2324 3051 2429 3102 τῶν
2455 3045 2757 3119 ἐντιμονῆν
2782 3049 3005 3102 ἐνώπιον
3031 3047 3214 3110 αὑτοῦ,
3247 3049 3358 3100 ἀλλ’
3385 3050 3680 3120 ἐπειδήπερ
3721 3050 3870 3110 αὐτὸς

2325 3143 2416 3195 καὶ
2441 3140 2544 3193 τῶν
2574 3140 2846 3210 ὀνομάτων
2877 3141 3068 3202 αὐτοὺς
3088 3138 3260 3208 ἠξίου,
3284 3139 3371 3190 τὸν
3405 3140 3499 3208 μὲν
3529 3139 3750 3210 Σίμωνα
3779 3140 3872 3192 Ili-

2324 3251 2448 3302 τρον
2479 3234 2730 3296 ἀνειπὼν,
2764 3232 2853 3284 τὸν
2884 3231 2940 3283 δὲ
2978 3225 3174 3300 Θωμᾶν
3213 3231 3456 3301 Δίδυμον,
3489 3231 3611 3293 τούς
3649 3249 3707 3284 τε
3741 3233 3871 3294 υἱοὺς

2324 3327 2604 3381 Ζεϐεδαίου
2630 3327 2967 3393 Βοανεῖργες,
3002 3324 3134 3396 ὅπερ
3181 3321 3531 3394 ἑρμηνεύεται
3557 3323 3672 3376 υἱοί
3699 3323 3871 3392 ,Βρον-

2323 3420 2427 3489 τῆς
2449 3439 2461 3486 ;
2493 3419 2646 3472 Ἀλλά
2667 3418 2759 3472 καὶ
2782 3417 2920 3470 κατά
2946 3416 3004 3468 τὸ
3028 3416 3200 3470 κοινὸν
3227 3400 3640 3470 πάντωνάύτῶν
3669 3415 3868 3483 ἔντιμον

2322 3514 2488 3582 ὄνομα
2513 3507 2584 3581 ἦν
2636 3508 2859 3562 ἐνώπιον
2898 3507 3080 3561 αὑτοῦ.
3117 3504 3286 3560 Τοῦτο
3317 3506 3372 3558 δὲ
3415 3502 3480 3575 ἧν
3524 3506 3659 3579 ὅπερ
3689 3505 3868 3572 ἐπεση-

2327 3605 2529 3674 μήνατο
2563 3604 2596 3671 ὴ
2629 3598 2720 3652 τοῦ
2748 3597 3074 3665 Εὑαγγελίου
3103 3598 3283 3668 γραφὴ
3309 3597 3524 3668 φήσασα
3544 3613 3555 3626 ·
3589 3615 3608 3647 ι
3649 3595 3866 3655 Τούτους

2320 3696 2444 3756 τοὺς
2470 3693 2672 3746 δώδεκα
2698 3686 2970 3753 ἐξελέξατο
2995 3690 3022 3741 6
3051 3686 3271 3757 Ἰησοῦς,
3301 3686 3391 3749 οὓς
3433 3688 3525 3740 καλ⁵
3550 3686 3866 3747 ἀποστόλους

2321 3785 2616 3853 ὠνόμασεν.
2657 3800 2674 3832 ι
2697 3781 2840 3835 Ἀντ“ι
2860 3779 2914 3832 δὲ
2940 3778 3054 3846 τοῦ,
3089 3797 3106 3828 ι
3135 3779 3193 3830 τὸ
3219 3777 3392 3848 ὄνομα
3409 3779 3711 3842 αύτῶν,›τό
3737 3773 3866 3846 αἷμα

2321 3875 2534 3936 αὐτῶν,
2592 3877 2623 3944 ἡ
2665 3870 2920 3942 Ἐὁραῖκὴ
2953 3867 3136 3940 γραφὴ
3171 3870 3438 3939 περιέχει·
3475 3860 3615 3921 δοτω
3659 3868 3716 3920 δὲ
3779 3869 3861 3920 καὶ

2320 3970 2367 4021 οἱ
2405 3967 2578 4020 λοιποὶ
2612 3965 2985 4036 ήρμήνευσαν·
3025 3962 3053 4013 6
3095 3962 3192 4030 μὲν
3226 3959 3448 4023 Ἀκύλας
3484 3958 3668 4013 εἰπών·
3722 3977 3740 4009 ι
3768 3960 3863 4010 Kal

2320 4059 2673 4128 τιμηθήσεται
2719 4055 2778 4107 τὸ
2807 4049 2944 4124 αἷμα
2985 4051 3158 4106 αὐτῶν
3194 4053 3249 4103 ὲν
3288 4049 3579 4120 ὀφθαλμοῖς
3619 4049 3812 4103 αὑτοῦ·
3840 4068 3856 4098 ι

2321 4151 2348 4202 6
2380 4149 2432 4200 δὲ
2473 4148 2783 4218 Σύμμαχος·
2836 4163 2853 4195 ι
2896 4144 3004 4197 Καὶ
3044 4143 3218 4213 τίμιον
3257 4142 3404 4195 ἔσται
3441 4141 3502 4194 τὸ
3530 4137 3666 4211 αἷμα
3700 4139 3861 4193 αὐτῶν

2321 4239 2547 4295 ἐνώπιον
2575 4236 2754 4291 αὑτοῦ.
2803 4257 2819 4286 ι
2858 4237 2932 4288 Δι’
2965 4228 3037 4287 ὧν
3069 4233 3251 4302 σαφῶς
3283 4229 3496 4304 ᾐνίξατο
3521 4232 3609 4284 τὸν
3651 4231 3858 4284 θάνατον

2321 4331 2424 4384 τῶν
2455 4328 2869 4401 προλεχθέντων,
2895 4320 2967 4377 ὧν
3003 4328 3031 4378 6
3059 4325 3242 4386 καθεὶς
3273 4323 3510 4377 ποικίλον
3533 4323 3784 4393 ὑπέμεινε
3810 4319 3856 4372 τὸ

2321 4419 2412 4472 τοῦ
2445 4416 2740 4488 μαρτυρίου
2772 4414 2942 4476 τέλος,
2975 4413 3129 4476 ἄλλος
3166 4413 3336 4476 ἄλλως
3363 4413 3447 4465 διὰ
3476 4414 3570 4482 τὴν
3603 4415 3681 4475 είς
3712 4411 3855 4464 αὐτὸν

2326 4507 2626 4582 μαρτυρίαν
2670 4505 2759 4556 τὸν
2791 4505 2856 4556 δι’
2897 4503 3121 4572 αἵματος
3158 4503 3452 4573 ὑπομείνας
3497 4502 3711 4570 ἀγῶνα·
3743 4499 3856 4553 ὥστ’

671 4592 912 4664 είρῆσθαι
959 4598 1084 4668 περὶ
1126 4597 1327 4652 αὐτῶν·
1375 4621 1394 4652 ι
1432 4601 1620 4673 Τίμιος
1665 4603 1888 4658 ἐνώπιον
1937 4607 2128 4677 Κυρίοι
2187 4611 2214 4661 6
2253 4609 2474 4666 θάνατος
2499 4585 2793 4654 τῶνάόσίων
2819 4595 2999 4649 αὐτοῦ.
3045 4615 3062 4647 ι
3091 4597 3272 4668 Τούτῳ
3300 4596 3406 4667 γὰρ
3459 4597 3651 4664 ,ὅμοιον
3678 4593 3852 4662 τυγχά-

671 4703 750 4740 νει
788 4688 881 4740 καὶ
930 4689 981 4741 τὸ
1028 4692 1161 4759 μετά
1199 4697 1381 4765 χεῖρας
1424 4697 1658 4765 φάσκον·
1704 4719 1721 4749 ι
1758 4702 1865 4752 Καὶ
1917 4701 2126 4772 ἔντιμον
2156 4703 2214 4755 τὸ
2244 4703 2410 4772 ὄνομα
2440 4699 2615 4752 αὐτῶν
2644 4692 2865 4747 ἐνώπιον
2894 4691 3073 4745 αὑτοῦ.
3106 4711 3124 4744 ι

743 4803 905 4859 Vens.
944 4805 1032 4869 15,
1064 4806 1148 4861 16.
1183 4828 1200 4859 ι
1239 4809 1302 4863 Et
1331 4812 1472 4866 vivet
1541 4821 1594 4878 et
1639 4815 1853 4870 dabitur
1889 4818 1935 4871 ei
1975 4818 2042 4872 de
2091 4833 2226 4873 auro

2401 4836 2417 4866 ι
2456 4809 2561 4868 Καὶ
2594 4812 2810 4881 ζήσεται
2840 4809 2932 4860 καὶ
2954 4807 3232 4878 δοθήσεται
3265 4805 3410 4876 αὐτῷ
3436 4808 3499 4859 ὲκ
3532 4805 3622 4859 τοῦ
3652 4805 3848 4878 χρυσίου

670 4894 900 4960 Arabia,
931 4904 984 4951 et
1011 4898 1242 4953 orabunt
1284 4900 1351 4956 de
1392 4903 1512 4971 ipso
1543 4918 1774 4974 semper.
1817 4927 1835 4959 ι
1868 4906 1966 4963 Hic
2005 4909 2216 4963 videtur

672 4988 804 5042 mihi
836 4989 988 5053 illud,
1021 5008 1040 5041 ι
1071 5000 1123 5045 et
1155 4993 1317 5058 vivet,
1355 5013 1374 5046 ›
1408 4995 1524 5049 voci
1574 4995 1881 5054 Servatoris
1919 5000 2216 5070 discipulos

672 5078 994 5148 alloquentis
1021 5077 1300 5138 accinere:
1324 5103 1341 5135 ι
1377 5085 1516 5141 Ecce
1535 5102 1633 5157 ego
1651 5089 1925 5145 vobiscum
1953 5105 2070 5145 sum
2103 5107 2220 5145 om-

652 5168 833 5229 nibus
863 5170 1051 5226 diebus
1084 5188 1255 5241 usque
1284 5175 1351 5230 ad
1372 5178 1891 5241 consummationem
1923 5182 2213 5235 saeculi“:

677 5257 742 5311 Ut
763 5258 904 5312 enim
931 5261 1048 5333 ejus
1075 5265 1168 5333 qui
1193 5264 1246 5317 in
1272 5269 1528 5322 vaticinio
1558 5267 1732 5324 fertur
1762 5273 2215 5338 permansionem,

669 5358 724 5404 et
770 5350 932 5405 vitam
982 5356 1037 5408 in
1071 5355 1364 5410 inﬁnitum
1416 5358 1702 5417 durantem
1750 5362 2068 5430 declararet,
2115 5355 2216 5419 hac

673 5456 801 5495 usus
844 5456 974 5495 voce
1016 5452 1121 5508 est,
1147 5464 1166 5496 ι
1211 5452 1264 5499 et
1293 5445 1459 5500 vivet.
1497 5466 1516 5498 ι
1551 5447 1814 5502 Diuturna
1861 5451 2058 5522 quippe
2107 5454 2215 5505 vita

670 5547 806 5600 opus
837 5542 952 5587 erat
994 5534 1062 5588 ad
1094 5537 1348 5621 pmdictg
1393 5552 1556 5607 opera
1601 5538 1828 5595 edenda.
1869 5541 1922 5595 Si
1956 5545 2137 5614 itaque
2170 5545 2218 5599 is

670 5625 762 5692 qui
813 5625 864 5677 in
899 5624 1179 5695 prophetia
1212 5628 1400 5694 fertur,
1432 5629 1693 5699 iudicabit
1746 5635 2003 5703 populum
2057 5652 2213 5691 suum

646 5729 653 5753 ‘
741 5762 782 5791 δ’
807 5761 921 5814 Gal.
963 5769 1154 5828 “1,13.

672 5847 855 5893 nun,
892 5831 979 5886 20.

1263 5769 1306 5801 ⁸⁸
1338 5769 1489 5828 Deut.
1527 5789 1694 5840 xxvii,
1729 5773 1817 5830 26.
1889 5780 1930 5809 "
1962 5779 2092 5833 Luc.
2135 5797 2156 5833 ι
2180 5821 2192 5842 ,
2225 5781 2314 5835 20.

2320 4911 2413 4978 τῆς
2448 4905 2728 4977 Ἀραόίας
2758 4902 2851 4954 καὶ
2892 4899 3271 4973 προσεύξονται
3297 4899 3423 4970 περὶ
3459 4899 3623 4952 αὑτοῦ
3650 4899 3850 4952 διαπαν-

2320 4999 2427 5058 τός.
2471 5015 2488 5046 ›
2528 4994 2681 5046 Δοκεῖ
2711 5008 2798 5060 μοι
2836 4989 3064 5043 ἐνταῦθα
3093 4989 3171 5050 τὸ,
3207 5006 3226 5038 ι
3268 4988 3360 5040 καὶ
3388 4987 3630 5059 ζήσεται,
3665 5009 3682 5040 ι
3715 4991 3850 5057 συνᾴ-

2323 5089 2430 5140 δειν
2456 5092 2519 5158 τῇ
2555 5083 2799 5154 σωτηρίῳ
2827 5084 2975 5152 φωνῇ
3009 5080 3226 5150 φησάσῃ
3253 5080 3386 5158 ⁸ξτρὸς
3412 5082 3537 5144 τοὺς
3579 5081 3733 5134 αὑτοῦ
3766 5097 3850 5150 μα-

2326 5179 2519 5248 θητάς·
2560 5197 2576 5227 ι
2623 5175 2748 5227 Ἰδοὺ
2779 5174 2886 5241 ὲγὼ
2916 5173 3030 5244 μεθ’
3058 5171 3207 5242 ὑμῶν
3250 5173 3360 5242 εἰμι
3398 5176 3576 5238 πάσας
3615 5177 3709 5237 τὰς
3735 5175 3846 5242 ήμέ·

2327 5290 2422 5344 ρας
2455 5273 2557 5332 ἕως
2595 5266 2689 5336 τῆς
2718 5266 3020 5327 συντελείας
3066 5261 3158 5317 τοῦ
3189 5263 3397 5328 αίῶνος.
3435 5286 3454 5317 ›
3487 5268 3600 5319 Ἵνα
3642 5267 3744 5335 γὰρ
3769 5264 3848 5330 τὴν

2323 5358 2637 5432 παραμονὴν
2678 5357 2770 5409 καὶ
2812 5356 2906 5426 τὴν
2932 5355 3350 5426 παρατείνουσαν
3379 5357 3456 5419 είς
3483 5357 3702 5427 ἄπειρον
3727 5354 3848 5420 ζωὴν

2320 5455 2411 5507 τοῦ
2445 5451 2913 5523 προρητευομένου
2958 5450 3300 5520 παραστήσῃ,
3328 5450 3570 5519 ἐπήγαγε
3600 5451 3679 5511 τὸ,
3720 5467 3738 5497 ι
3771 5447 3845 5495 καὶ

2321 5547 2560 5617 ζήσεται.
2594 5561 2609 5591 ι
2656 5543 2886 5610 Μακρᾶς
2927 5542 3033 5612 γὰρ
3087 5541 3190 5594 ἔδει
3237 5541 3378 5610 ζωῆς
3424 5543 3502 5602 είς
3539 5539 3842 5607 κατόρθωσιν

2319 5634 2432 5688 τῶν
2467 5628 2786 5703 εἰρημένων.
2834 5632 2894 5684 Εί
2938 5633 3066 5701 γοῦν
3103 5635 3131 5686 6
3175 5624 3641 5701 προφητευόμενος
3701 5629 3844 5696 κρινεῖ

2427 5781 2468 5810 ⁵¹
2495 5776 2623 5830 Luc.
2685 5789 2755 5837 γι,
2793 5777 2876 5832 15.
2983 5780 3025 5810 ³³
3054 5777 3195 5833 Psal.
3251 5790 3369 5838 ειν,
3409 5774 3490 5826 15.
3592 5775 3636 5804 ⁸⁸
3678 5771 3842 5825 Matth.
