3966 6348
86 438 185 493 883

1183 431 1675 505 COMMENTABIA
1701 434 1779 491 ἸΝ
1814 434 2154 492 ΡεΑιιιοε.

3152 432 3261 491 8η

84 552 165 602 τὸν
187 548 318 602 λαὸν
354 546 513 601 αὐτοῦ
541 546 598 607 ιν
623 545 952 617 δικαιοσύνῃ.
983 532 1077 600 καὶ
1102 548 1228 611 τοὺς
1256 550 1499 619 πτωχοὺς
1523 550 1620 602 αύ-

1721 552 1776 605 in
1808 552 2018 621 iustitia
2051 558 2107 607 et
2132 563 2393 620 pauperes
2427 562 2556 603 suos
2592 548 2646 602 in
2673 546 2899 617 judicio,
2930 556 2982 601 et
3013 545 3264 601 humilia-

79 641 251 693 τοῦοὲν
279 640 478 710 κρίσει,
509 638 597 690 καὶ⁵
636 640 877 717 ταπεινοῖ
900 639 1257 708 συκοφάντην,
1283 640 1373 708 καὶ
1399 656 1620 709 συμπα-

84 734 306 803 ραμενετ
337 730 413 801 τῷ
438 730 583 800 ήλίῳ,
612 728 1086 799 κατακυριεύσειτε
1110 730 1217 784 ἀπὺ
1231 730 1496 802 θαλάσσης
1520 732 1623 794 ἓως
1660 792 1663 797 ί

80 822 373 890 θαλάσσης,
396 821 487 874 καὶ
526 822 633 873 ἀπὸ
672 820 911 890 ποταμοῦ
952 820 1055 885 ἕως
1095 821 1202 875 τῶν
1244 823 1489 893 περάτων
1524 823 1621 893 τῆς

79 911 428 980 οἰκουμένηςο
485 910 710 981 εἰκότως
764 909 1053 979 μακροϐίου
1102 910 1245 980 ζωῆς
1295 911 1398 965 ἔδει
1453 911 1617 981 αὐτῷ.

77 1002 195 1065 Πῶς
215 1018 275 1054 τε
313 1002 624 1069 ὑποταγεῖεν
647 999 791 1068 αύτῷ
818 999 1067 1064 Αἰθίοπες
1092 1002 1183 1054 καὶ
1217 1001 1451 1071 βασιλεῖς
1479 1002 1619 1072 Θαρ-

78 1092 183 1151 σεῖς
207 1091 307 1141 καὶ
338 1090 507 1157 νῆσοι,
538 1087 958 1159 προσκυνήσουσί
982 1106 1039 1141 τε
1064 1089 1210 1158 αύτῷ
1234 1090 1428 1151 πάντες
1447 1090 1496 1141 οἱ
1528 1089 1619 1158 βα-

78 1178 237 1240 σιλεῖς
276 1179 376 1247 τῆς
428 1178 549 1245 γῆς,
599 1177 688 1229 καὶ
730 1176 908 1228 πάντα
960 1176 1026 1228 τὰ
1079 1175 1203 1247 ἔθνη
1254 1177 1619 1230 δουλεύσουσιν

74 1265 244 1335 αύτῷς
283 1265 497 1319 Τούτων
546 1265 653 1335 γὰρ
697 1265 854 1318 ἕνεκα
904 1265 1117 1317 πάντων
1172 1266 1423 1335 διαρκοῦς
1477 1266 1620 1335 αύτῴ

76 1351 213 1422 ζωῆς
254 1354 387 1406 ἔδει.
428 1354 515 1406 Διδ
538 1354 689 1427 μετά
720 1353 887 1407 ταῦτα
924 1352 1097 1406 πάντα
1140 1353 1312 1415 καλῶς
1339 1356 1429 1405 καὶ
1452 1356 1621 1421 ἀναγ-

76 1443 243 1506 καίως
280 1446 631 1515 ἐπενήνεκται
676 1444 756 1505 τὸ,
790 1462 807 1493 ι
844 1444 934 1495 καὶ
970 1441 1189 1512 ζήσεται
1213 1461 1225 1472 ·
1263 1463 1280 1494 ι
1308 1444 1491 1497 τοῦτον
1529 1444 1621 1514 δη-

73 1531 343 1603 λοῦμεν-ης
382 1536 469 1587 τὸν
501 1536 697 1606 τρόπον
725 1535 818 1605 τῆς
854 1533 944 1585 τοῦ
994 1533 1455 1604 προφητευομένου
1487 1532 1617 1586 ἀθα-

73 1626 229 1677 νάτου
256 1624 353 1677 καὶ
375 1625 585 1677 αἰωνίου
619 1625 778 1696 ζωῆς.
824 1624 976 1694 Ἑξῆς
999 1625 1042 1677 δ’
1068 1623 1278 1695 εἴρηται
1298 1640 1311 1653 ·
1348 1641 1368 1673 ι
1402 1622 1509 1675 Καὶ
1538 1622 1618 1675 δο-

72 1714 294 1782 θήσεται
326 1700 468 1782 αὐτῷ
492 1716 556 1766 ἐκ
579 1714 669 1767 τοῦ
714 1717 931 1785 χρυσίου
973 1716 1068 1784 τῆς
1102 1713 1373 1785 Ἀραϐίας.
1414 1733 1432 1765 ι
1478 1715 1625 1766 Ἀντί

68 1800 121 1854 δὲ
152 1800 273 1862 τοῦ,
314 1820 335 1851 ι
373 1800 468 1870 τῆς
507 1800 777 1872 Ἀραϐίας,
816 1821 835 1851 ι
870 1801 1029 1853 πάλιν
1058 1800 1386 1871 ἡ“Ἐ6ραῖκὴ
1437 1798 1619 1870 γραφὴ

68 1890 126 1943 τὸ
163 1885 371 1944 (Σαϐὰ
408 1909 426 1941 ι
472 1891 746 1960 περιέχει·
792 1891 845 1943 οἴ
883 1908 942 1943 τε
985 1890 1158 1943 λοιποὶ
1205 1889 1530 1959 ἑρμηνευταὶ
1557 1891 1621 1957 τῇ
1654 1885 1696 1939 Β

66 1980 226 2065 ὁμοία
261 1980 553 2052 κέχρηνται
590 1983 654 2050 τῇ
697 1983 865 2051 φωνῇ.
900 1978 1183 2050 Τροωκῶς
1228 1979 1324 2047 μὲν
1353 1975 1445 2031 οὖν
1479 1977 1617 2029 εἴποι

65 2071 129 2125 ἄν
157 2088 243 2134 τις
275 2070 340 2130 τὸ
367 2070 582 2141 χρυσίον
612 2070 763 2122 τοῦτο
786 2068 1067 2140 σημαίνειν
1090 2069 1179 2121 τὸν
1219 2069 1280 2122 ὲν
1316 2066 1620 2137 ἀνθρώποις

68 2158 456 2231 καθαρώτατον
487 2157 628 2212 νοῦν.
672 2158 780 2212 Καὶ
808 2159 943 2211 κατὰ
974 2158 1206 2229 ἱστορίαν
1241 2157 1297 2210 δὲ
1322 2156 1619 2227 ἐπληροῦτο

64 2248 124 2302 τὸ
146 2249 355 2318 λόγιον,
380 2248 471 2303 ’ὅτε
497 2251 543 2302 οἱ
575 2248 633 2312 ἐξ
670 2249 927 2317 ἀνατολῆς
971 2250 1129 2319 μάγοι
1168 2249 1408 2311 ἐλθόντες
1459 2242 1641 2300 παῖδα

64 2340 190 2394 ΰντα
240 2338 650 2410 προσεκύνησαν
693 2341 782 2393 τὸν
836 2342 1076 2412 Σωτῆρα,
1134 2341 1507 2412 προσήνεγκαν
1559 2357 1620 2392 τε

65 2431 209 2501 αὐτῷ
235 2433 460 2502 χρυσίον
490 2432 581 2485 καὶ
616 2431 823 2485 λίϐανον
853 2433 945 2485 καὶ
993 2432 1252 2503 σμύρναν.
1287 2434 1373 2503 Μή
1406 2450 1531 2485 ποτε
1563 2433 1617 2486 δὲ

66 2520 260 2581 καὶτὸ,
304 2539 325 2569 ι
359 2519 593 2590 ζήσεται,
632 2541 651 2571 ι
682 2524 759 2583 είς
783 2523 983 2573 ἐκεῖνον
1014 2520 1333 2589 ἀναφέρεται
1367 2521 1456 2571 τὸν
1494 2520 1618 2589 χρό-

64 2627 170 2673 νον,
216 2610 346 2663 καθ’
377 2609 435 2663 δν
484 2609 742 2681 Ἡρώδης,
794 2609 1149 2663 ἐπιϐουλεύων
1190 2609 1499 2680 νηπιάζοντι
1540 2607 1617 2677 τῷ

73 2700 270 2772 Ἰησοῦ,
312 2719 334 2752 ι
364 2700 577 2772 πέμψας
610 2701 779 2754 ἀνεῖλε
820 2702 1021 2762 πάντας
1045 2701 1167 2762 τοὺς
1191 2699 1317 2769 περὶ⁵
1349 2698 1615 2769 τὴν,,Βηθ-

62 2790 191 2861 λεὲμ
226 2789 428 2853 παῖδας
490 2790 595 2843 ἀπὸ
630 2789 833 2853 διετοῦς
874 2791 965 2843 καὶ
1005 2790 1314 2860 κατωτέρω,
1351 2789 1491 2843 κατὰ
1525 2790 1619 2842 τὸν

62 2881 251 2952 χρόνον
306 2880 368 2933 ὃν
408 2879 673 2950 ἡκρίόωσε
726 2880 875 2951 παρὰ
905 2880 1012 2932 τῶν
1058 2880 1263 2948 μάγων.
1307 2898 1325 2930 ι
1352 2879 1482 2931 Τότε
1508 2879 1615 2949 γὰρ

61 2973 456 3045 χρηματισθεὶς
494 2974 522 3025 ό
555 2974 768 3043 Ἰωσὴφ,
811 2972 1078 3043 παρέλαϐε
1128 2971 1338 3042 Μαρίαν
1380 2972 1478 3042 τὴν
1526 2988 1617 3039 γυ-

62 3069 223 3118 ναῖκα
255 3064 423 3118 αὑτοῦ
448 3064 539 3117 καὶ
572 3064 632 3124 τὸ
660 3064 885 3128 παιδίον,
923 3066 1015 3117 καὶ
1041 3062 1379 3134 ἀνεχώρησεν
1419 3064 1497 3125 είς
1525 3061 1616 3114 Ατ-

62 3170 287 3222 γυπτον.
328 3154 416 3206 Διὸ
437 3152 605 3207 ταῦτα
637 3153 958 3218 θεσπίζουσα
989 3156 1023 3225 ἡ
1050 3153 1293 3225 παροῦσα
1318 3153 1613 3224 προφητεία

66 3244 390 3315 προῦλεγεν,
436 3246 514 3297 ὅτι
575 3263 591 3293 ι
629 3243 867 3314 ζήσεται,
911 3245 1001 3297 καὶ
1047 3243 1327 3314 δοθήσεται
1373 3242 1520 3313 αὐτῷ
1556 3246 1620 3297 ἑκ

60 3334 150 3386 τοῦ
177 3332 407 3404 χρυσίου
430 3331 528 3401 τῆς
566 3330 819 3401 Ἀραϐίας
854 3352 872 3383 ι
910 3331 1000 3385 τοῦ
1030 3331 1135 3385 ἀπὸ
1160 3332 1339 3386 Σαόἀ·
1370 3332 1499 3385 ὡσεὶ
1527 3349 1621 3386 σα-

62 3428 329 3497 φέστερον
356 3425 502 3493 ἔλεγε
538 3443 557 3475 ι
590 3425 679 3476 τοῦ
707 3425 978 3477 ἐκλεκτοῦ.
1010 3444 1027 3475 ι
1078 3427 1141 3477 Ἠ
1167 3425 1273 3496 γὰρ
1305 3424 1449 3478 Σαῦἀ
1480 3424 1620 3494 αῦτη

60 3521 152 3571 καὶ
196 3518 262 3570 τὸ
307 3515 583 3569 Σαδαῖτῶν
624 3516 769 3579 ἔθνος
809 3514 1021 3583 λέγεται
1054 3512 1192 3568 εἶναι
1235 3517 1333 3586 τῆς
1370 3517 1621 3587 Ἀραϐίας

57 3609 156 3679 τῆς
186 3608 531 3678 καλουμένης
570 3607 896 3677 Εὐδαίμονος
916 3623 929 3636 ·
965 3604 1209 3658 ἐντεῦθέν
1240 3623 1297 3658 τε
1334 3609 1618 3677 ἱστορεῖται

56 3700 136 3771 τῷ
162 3698 439 3770 Σολομῶνι
477 3698 732 3769 φέρεσθαι
762 3695 897 3767 μετά
928 3695 1032 3748 τῶν
1072 3696 1242 3749 ἄλλων
1271 3696 1363 3747 καὶ
1402 3695 1621 3764 χρυσίον

60 3790 343 3844 ἐκλεκτόν.
393 3790 499 3842 Καὶ
539 3789 710 3852 άλλως
749 3786 804 3839 δὲ
847 3786 1024 3849 αὐτοῖς
1066 3782 1358 3852 ὀφθαλμοῖς
1407 3781 1620 3851 όρῶμεν

59 3882 115 3933 ὲν
163 3882 294 3945 ταῖς
348 3878 660 3947 ἐκκλησίαις
704 3875 936 3947 Χριστοῦ
986 3873 1151 3945 μυρία
1198 3873 1452 3944 κειμήλια
1513 3871 1619 3925 ἀπὺ

58 3974 289 4043 χρυσίου
330 3970 566 4042 καθαροῦ
614 3971 694 4034 είς
726 3968 887 4022 αὑτοῦ
931 3984 991 4020 τε
1032 3966 1192 4037 τιμὴν
1232 3964 1616 4037 ἀφιερούμενα.

56 4066 306 4125 Εἰκότως
337 4058 431 4117 οῦν
450 4062 571 4115 οὐδὲ
598 4062 697 4131 τὴν
726 4060 925 4112 τούτων
956 4058 1170 4127 μνήμην
1198 4056 1437 4128 παριδεῖν
1466 4054 1619 4125 ἠξίω-

59 4168 150 4205 σεν
180 4154 211 4206 6
238 4152 421 4218 λόγος.
458 4150 725 4216 Ἐπιλέγει
763 4147 818 4200 δὲ
842 4147 972 4216 ἑξῆς
996 4165 1008 4179 ·
1052 4165 1068 4196 ι
1104 4148 1211 4200 Καὶ
1240 4143 1621 4219 προσιύξονται

56 4246 186 4316 περὶ
240 4226 417 4303 αὐτοῦ
460 4239 736 4311 διηνεκῶς,
786 4237 871 4289 διὰ
920 4237 1098 4306 πάσης
1149 4224 1357 4308 ἡμέρας
1394 4238 1619 4302 ἕκαστος

56 4336 347 4405 εὐλογήσει
390 4330 569 4384 αὐτόν.
611 4349 630 4380 ι
666 4329 739 4383 σύ
772 4328 849 4380 δεῖ
883 4328 938 4380 δὲ
986 4328 1188 4381 πολλῶν
1237 4328 1407 4398 λόγων
1438 4333 1515 4394 είς
1559 4332 1619 4384 τὸ

57 4425 413 4498 παραστῆσαι
434 4422 577 4483 ὅπως
604 4420 798 4481 πάντες
821 4420 869 4470 οἱ
902 4420 979 4483 είς
1002 4419 1088 4471 τὸν
1106 4419 1333 4490 Χριστὸν
1364 4420 1455 4475 τοῦ
1485 4420 1621 4473 Θεοῦ

57 4512 484 4574 πεπιστευκότες
505 4508 867 4573 ἀδιαλείπτους
893 4500 1251 4581 ἀναφέρουσιν
1272 4507 1434 4582 εύχάς
1463 4515 1618 4584 ιπερὶ

55 4605 247 4668 αὐτοῦ,
283 4624 305 4656 ι
336 4603 411 4667 ὡς
438 4602 503 4656 ἃν
527 4598 692 4670 ἔχοιεν
716 4601 875 4653 αὑτὸν
908 4601 1012 4654 αίεὶ
1043 4603 1283 4665 συνόντα,
1314 4604 1405 4656 καὶ
1429 4603 1618 4673 βοηθὸν

54 4697 245 4760 αὐτοῖς
293 4697 428 4748 πᾶσι
460 4692 790 4762 γιγνόμενον.
834 4691 920 4753 ’ος
963 4691 1020 4743 δὲ
1068 4691 1154 4744 διὰ
1203 4692 1381 4763 πάσης
1410 4693 1619 4763 ἡμέρας

55 4786 294 4851 ἕκαστος
326 4784 532 4852 εὐλογεῖ
561 4782 738 4844 αὐτὸν,
779 4780 861 4843 τίς
899 4779 964 4833 ἂν
1001 4782 1353 4850 ἀμφιδάλλοις
1385 4781 1622 4853 Νύκτωρ

56 4876 190 4943 γοῦν
235 4877 336 4929 καὶ
386 4874 503 4944 μεθ’
536 4874 742 4944 ἡμέραν
792 4870 972 4923 πλεῖον
1015 4868 1115 4941 τῆς
1148 4874 1415 4942 ἀναπνοῆς
1469 4875 1616 4926 πᾶσα

54 4966 203 5039 ψυχὴ
248 4966 362 5019 τῶν
406 4968 483 5031 είς
524 4966 684 5019 αὐτὸν
728 4963 963 5034 γνησίως
1022 4963 1470 5024 πεπιστευκότων,
1518 4964 1615 5035 τὴν

57 5074 266 5131 προστῇ
279 5056 434 5128 ορίαν
460 5056 619 5111 αὑτοῦ
649 5055 859 5125 τιμῶσα
887 5055 997 5121 καὶ,
1020 5053 1246 5107 σέδουσα
1277 5055 1485 5120 εὐλογεῖ
1515 5055 1612 5133 αὑ.-

55 5150 167 5212 τδν,
215 5145 561 5213 πεπεισμένη
598 5147 676 5207 είς
705 5146 899 5215 ἑαυτὴν
942 5143 1311 5213 ἀντιστρέφειν
1338 5141 1437 5211 τὴν
1466 5143 1613 5196 εὐλο-

57 5242 205 5307 γίαν,
239 5234 548 5297 ἀκολούθως
579 5234 739 5306 λογίῳ
769 5238 846 5298 εἰς
878 5234 1039 5288 αὑτοῦ
1068 5233 1349 5306 πρόσωπον
1377 5234 1611 5304 Χριστοῦ

58 5334 299 5403 φήσαντι
315 5344 330 5357 ⁸
351 5345 369 5375 ι
388 5326 451 5379 Oi
476 5325 816 5392 εὐλογοῦντες
842 5343 902 5379 σε
916 5325 1247 5397 εὐλόγηνται,
1281 5324 1374 5377 καὶ
1401 5325 1451 5375 oi
1477 5342 1609 5379 κατ-

61 5416 341 5492 αρώμενοί
384 5432 441 5468 σε
483 5415 894 5485 κεκατήρανται.
940 5434 959 5467 ι
990 5416 1148 5469 Ὅθεν
1178 5415 1269 5469 καὶ
1294 5411 1443 5479 αὔξει
1484 5416 1616 5485 ὁση-

66 5513 229 5583 μέραι
264 5506 359 5563 καὶ
382 5497 606 5576 πληθύει
632 5505 693 5557 τὸ
713 5506 1048 5576 Χριστιανῶν
1070 5507 1249 5579 γένος,
1269 5505 1354 5559 διά
1383 5505 1444 5558 τὸ
1464 5507 1615 5575 μετέ-

62 5620 175 5673 χειν
214 5602 322 5671 τῆς
352 5601 416 5653 ἐκ
447 5594 581 5650 Θεοῦ
610 5594 870 5661 εὐλογίας,
901 5590 969 5666 ἦι,
986 5598 1241 5652 ἀπολαύει
1270 5596 1355 5674 διὰ
1381 5596 1441 5649 τὸ
1467 5595 1607 5651 ἀδια-

131 5783 177 5816 ’³
208 5779 406 5838 Παιιὴ.
439 5795 500 5845 ιι,
546 5775 628 5833 ίθ.
700 5774 745 5809 ⁵⁸
773 5772 931 5830 Num.
958 5790 1103 5846 “IV,
1128 5776 1180 5832 9.

1724 642 1802 698 bit
1824 642 2294 708 calumniatorem,
2320 647 2373 694 et
2411 638 2744 717 permanebit
2772 652 2894 692 cum
2935 636 3067 698 sole.
3090 637 3262 693 domi-

1724 732 2095 801 nabiturquea
2123 731 2261 785 mari
2293 746 2463 800 usque
2494 730 2559 783 ad
2607 743 2753 783 mare
2782 737 2836 783 et
2867 743 2896 781 a
2921 726 3139 783 ﬂumine
3172 744 3266 783 us-

1724 837 1826 890 que
1850 821 1914 874 ad
1943 821 2201 876 terminos
2219 820 2368 875 orbis
2393 830 2651 875 terrarum
2674 836 2687 880 ;
2710 818 2831 889 jure
2851 817 2950 885 ipsi
2974 817 3131 885 longa
3156 820 3266 873 vita

1723 928 1879 981 Opus.
1910 912 2056 967 Alias
2098 912 2242 966 enim
2272 926 2380 981 quo
2433 918 2589 976 pacto
2640 909 2740 977 ipsi
2785 907 2984 962 subditi
3035 906 3268 965 fuissent

1725 1002 2026 1071 Aitliiopes,
2056 1018 2265 1057 necnon
2294 1016 2445 1070 reges
2474 998 2696 1052 Tharsis
2716 1004 2769 1053 et
2798 999 3006 1062 insulae,
3035 998 3124 1067 qui
3167 995 3287 1071 ad-l

1723 1102 1969 1148 orassent
1991 1108 2112 1147 eum
2146 1107 2333 1149 omnes
2374 1098 2724 1163 regesterrm,
2760 1098 2811 1144 Εῑ
2840 1104 3027 1142 omnes
3078 1096 3268 1158 gentes

1725 1185 2041 1240 serviissent
2058 1184 2143 1240 ei?
2172 1182 2374 1237 Horum
2411 1184 2552 1236 enim
2584 1181 2822 1247 omnium
2851 1194 3010 1233 causa
3043 1179 3265 1248 perenni

1723 1275 1830 1328 vita
1872 1275 1973 1344 ipsi
2009 1289 2143 1343 Opus
2191 1282 2327 1328 erat.
2378 1271 2716 1340 QuaprOpter
2764 1271 2864 1323 sub
2918 1270 3033 1323 haec
3084 1270 3265 1324 omnia

1722 1367 1890 1435 probe
1931 1381 1993 1419 ac
2026 1366 2338 1419 necessario
2373 1363 2592 1418 affertur
2614 1361 2765 1425 illud,
2797 1379 2813 1412 ι
2844 1358 3060 1416 εινίνει
3088 1378 3101 1413 :
3142 1379 3160 1411 ι
3186 1361 3271 1415 sic

1721 1470 1953 1523 namque
1977 1454 2096 1522 ejus
2127 1456 2219 1523 qui
2257 1455 2308 1507 in
2353 1453 2611 1507 vaticinia
2664 1453 2985 1515 enuntiatur
3011 1452 3141 1515 vita,
3166 1451 3269 1503 im-

1722 1544 1967 1600 mortalis
1998 1552 2051 1598 et
2087 1552 2283 1597 aeterna
2317 1543 2432 1598 fore
2461 1546 2792 1613 praedicitur.
2834 1544 3095 1611 Deinceps
3127 1541 3273 1596 addi-

1722 1622 1811 1689 tur
1844 1652 1856 1686 :
1890 1653 1907 1685 ι
1942 1634 2009 1687 Et
2042 1634 2259 1688 dabitur
2282 1636 2332 1689 ei
2365 1635 2430 1689 de
2459 1650 2591 1689 auro
2620 1634 2849 1688 Arabiae.
2882 1654 2901 1685 ι
2932 1632 3038 1688 Pro
3059 1634 3153 1687 ilio
3181 1648 3272 1687 au-

1721 1733 1854 1789 tem,
1875 1725 2181 1787 «Arabiae,»
2209 1740 2423 1782 rursum
2455 1724 2717 1799 Hebraica
2747 1726 3017 1794 scriptura
3042 1743 3060 1775 ι
3092 1724 3263 1779 Saba:

1723 1816 2033 1872 circumfert
2051 1833 2074 1895 ς.
2096 1832 2159 1871 ac
2186 1816 2380 1886 reliqui
2415 1819 2733 1887 interpretes
2781 1816 2943 1871 simili
2981 1813 3112 1871 v'oce
3141 1821 3269 1870 sunt

1724 1909 1828 1963 usi.
1862 1907 2066 1964 Dixerit
2117 1910 2410 1979 quispiam.
2439 1907 2529 1964 hic
2562 1923 2751 1963 aurum
2791 1908 2998 1976 tropice
3030 1907 3271 1961 indicare

1723 2001 2066 2070 purissimam
2097 2001 2151 2054 in
2180 2000 2495 2055 hominibus
2540 2008 2792 2054 mentem.
2852 1999 3155 2053 Secundum
3190 1996 3272 2051 lii;

1724 2090 1943 2143 storiam
1972 2098 2148 2144 autem
2175 2090 2448 2159 impletum
2478 2088 2609 2143 illud
2640 2088 2760 2151 fuit,
2795 2090 3006 2159 quando
3030 2089 3167 2158 magi
3198 2088 3271 2141 ab

1722 2180 1943 2237 Oriente
2009 2178 2293 2244 venerunt,
2349 2188 2403 2236 et
2465 2180 2804 2236 Servatorem
2852 2191 2981 2235 tunc
3042 2195 3269 2251 puerum

1724 2273 2107 2334 adoraverunt,‘
2130 2272 2543 2341 obtuleruntque
2569 2273 2617 2326 ei
2642 2288 2845 2343 aurum;
2864 2300 2865 2303 η
2885 2273 3009 2327 thus
3038 2280 3090 2326 ct
3119 2284 3276 2342 myr-

1721 2351 1893 2415 rham.
1927 2349 2063 2413 Num
2098 2360 2233 2416 forte
2284 2361 2436 2424 illud,
2470 2378 2489 2413 ι
2522 2364 2682 2423 vivet,
2717 2381 2734 2413 ι
2774 2361 2828 2416 in
2871 2362 2923 2415 id
2958 2371 3165 2429 tempus
3189 2347 3269 2415 ὧν

1722 2450 1944 2512 feratur,
1980 2467 2087 2519 quo
2133 2450 2325 2515 infanti
2365 2450 2492 2506 Jesu
2522 2451 2747 2505 insidias
2778 2467 2974 2521 parans
3005 2450 3263 2507 Herodes.

1726 2559 1745 2591 ι
1779 2537 1993 2594 mittens
2050 2541 2245 2596 occidit
2305 2557 2493 2595 omnes
2534 2557 2755 2609 pueros,
2796 2541 2885 2611 qui
2933 2548 3087 2595 erant
3117 2540 3262 2593 circa

1719 2626 2027 2683 Bethlebem
2048 2630 2293 2682 abimatu
2315 2638 2365 2682 et
2384 2627 2544 2687 infra.
2569 2629 2863 2683 secundum
2884 2636 3093 2698 tempus
3121 2626 3271 2697 quod

1719 2718 2046 2787 exquisierat
2091 2733 2119 2770 a
2164 2717 2415 2787 magis".
2449 2738 2468 2769 ι
2501 2718 2654 2772 Tunc
2686 2720 2827 2771 enim
2872 2732 3134 2787 responso
3166 2733 3265 2771 ac—

1719 2819 1897 2879 cepto,
1931 2808 2127 2879 Joseph
2156 2810 2445 2879 assumpsit
2478 2808 2698 2861 Mariam
2729 2809 3009 2879 coniugem
3033 2824 3185 2864 suam
3209 2816 3266 2863 et

1720 2916 1965 2970 puerum,
1999 2908 2053 2955 et
2082 2902 2305 2958 secessit
2344 2902 2399 2955 in
2436 2898 2745 2970 Egyptum.
2777 2898 2956 2965 Quare
2987 2899 3101 2953 haec
3124 2914 3264 2969 «pro-

1720 2991 1901 3061 phetia
1926 2991 2268 3047 vaticinando
2291 2992 2617 3061 praenuntiat
2637 3009 2661 3043 :7
2677 3008 2695 3040 ι
2719 2987 2873 3043 Vivet
2900 2995 2954 3044 et
2973 2988 3189 3044 dabitur
3210 2986 3267 3046 ei

1720 3081 1785 3136 de
1814 3096 1945 3135 auro
1972 3081 2201 3143 Arabiae,
2235 3101 2253 3132 ι
2287 3097 2379 3136 seu
2407 3080 2473 3134 de
2498 3077 2671 3145 Salia;
2703 3093 2765 3132 ac
2792 3078 2836 3134 si
2855 3079 3092 3148 apertius
3116 3077 3273 3132 dice-r

1721 3182 1823 3237 ret,
1861 3193 1879 3225 ι
1913 3175 2102 3229 electo.
2134 3194 2161 3231 Δι
2201 3173 2334 3226 Nam
2365 3174 2479 3225 haec
2510 3171 2659 3240 regio
2712 3170 2851 3225 Saba
2891 3178 2945 3225 et
2990 3180 3122 3239 gens
3165 3168 3274 3222 Sa-

1720 3259 1861 3314 baita
1870 3276 1983 3312 rum
1994 3301 2007 3321 ,
2024 3260 2225 3313 dicitur
2238 3275 2360 3314 esse
2374 3258 2771 3327 Arabiaquam
2784 3256 3018 3313 Felicem
3032 3263 3263 3316 vocant:

1694 3366 1784 3405 .ex
1814 3364 1922 3418 qua
1956 3350 2228 3405 Salomoni
2271 3364 2483 3418 quoque
2518 3349 2738 3401 allatum
2762 3363 2897 3402 cum
2929 3348 3048 3405 aliis
3096 3347 3276 3403 fuisse

1720 3457 1909 3495 aurum
1947 3442 2173 3496 electum
2218 3453 2519 3494 enarratur.
2559 3438 2622 3492 Et
2660 3439 2798 3507 alias,
2834 3454 3051 3509 quoque
3088 3440 3143 3495 in
3171 3455 3272 3507 ec:

1720 3532 1899 3587 clesiis
1927 3532 2129 3587 Christi
2161 3531 2369 3587 infinita
2404 3531 2647 3589 videmus
2677 3546 2743 3585 ex
2772 3544 2905 3582 auro
2930 3536 3068 3599 puro
3092 3529 3273 3585 cime—

1719 3628 1791 3680 lia
1826 3628 1883 3681 in
1923 3626 2043 3695 ejus
2070 3627 2327 3682 honorem
2380 3631 2716 3680 consecrata.
2750 3621 2942 3676 Merito
2969 3621 3135 3692 igitur
3158 3620 3271 3674 hoc

1717 3730 1836 3770 rum
1890 3719 2153 3772 memoria
2194 3730 2533 3787 nequaquam
2584 3712 2944 3784 praetermissa
2982 3710 3103 3766 fuit.
3140 3709 3264 3767 Mox

1718 3804 2084 3874 subiungitur,
2112 3823 2130 3855 ι
2160 3805 2239 3859 Et
2269 3806 2511 3863 orabunt
2528 3801 2592 3856 de
2620 3805 2738 3871 ipso
2778 3804 3008 3870 semper,
3032 3807 3143 3855 tota
3174 3800 3268 3857 die

1718 3896 1915 3966 singuli
1962 3895 2282 3950 benedicent
2327 3886 2472 3949 eum.
2510 3912 2528 3945 ι
2561 3891 2678 3947 Non
2703 3884 2887 3945 multis
2916 3889 3093 3945 uerbis
3127 3905 3267 3961 opus

1720 3985 1787 4039 ad
1827 3986 2208 4040 declarandum
2235 3999 2343 4054 quo
2370 3991 2530 4052 pacto
2562 3996 2749 4037 omnes
2777 3982 2869 4050 qui
2903 3981 2960 4035 in
2982 3980 3259 4053 Christum

1718 4074 1812 4131 Dei
1859 4075 2223 4138 crediderunt,
2264 4072 2634 4128 indesinenter
2662 4084 2849 4142 preces
2882 4069 3106 4125 efferant
3130 4087 3156 4151 ι
3193 4069 3267 4125 de

1719 4167 1833 4232 illo,
1858 4184 1883 4218 “ι
1925 4172 1984 4219 ιιι
2014 4165 2162 4218 illum
2198 4179 2409 4234 semper
2456 4177 2640 4219 secum
2677 4161 2933 4225 habeant,
2962 4163 3019 4217 et
3049 4160 3263 4230 adjuto-
3350 4234 3353 4235 ν

1719 4274 1833 4313 rem
1865 4259 1919 4312 in
1941 4257 2194 4327 omnibus
2211 4256 2617 4311 nanciscantur.
2646 4252 2800 4319 Quod
2818 4261 2993 4306 autem
3020 4238 3267 4321 quotidie

1722 4347 1920 4417 singuli
1949 4345 2269 4401 benedicant
2296 4344 2366 4406 ei,
2404 4343 2526 4413 quis
2567 4328 2933 4396 dubitaverit?
2951 4354 3074 4395 nam
3102 4348 3265 4393 nocte

1692 4444 1771 4493 'et
1803 4438 1888 4492 die
1916 4437 2107 4490 anima:
2140 4435 2379 4490 omnium
2403 4434 2456 4487 in
2482 4434 2658 4501 ipsum
2692 4432 2901 4486 sincere
2925 4426 3259 4483 credentium

1651 4549 1694 4603 ῃ
1720 4528 2073 4599 frequentius,
2101 4540 2259 4596 quam
2292 4524 2576 4592 respirent,
2602 4534 2799 4574 nomen
2833 4519 2951 4588 ejus
2980 4518 3261 4603 colunt-ao

1722 4596 2067 4679 venerantur,
2100 4616 2307 4684 ipsique
2334 4610 2656 4684 benedicunt
2685 4626 2699 4659 ε
2730 4616 2891 4663 certae
2915 4609 2975 4663 in
3005 4624 3064 4664 se
3098 4596 3261 4667 πεῦέὲ

1722 4708 1792 4761 cti
1824 4706 1982 4760 talem
2028 4700 2474 4759 benedictionem,
2510 4696 2806 4751 secundum
2835 4694 2943 4749 hoc
2979 4698 3032 4750 in
3073 4712 3260 4766 perso-

1723 4810 1845 4849 nam
1869 4790 2072 4848 Christi
2110 4788 2309 4843 dictum
2342 4800 2357 4836 :
2393 4802 2411 4835 ι
2443 4783 2546 4849 Qui
2580 4781 2901 4839 benedicunt
2946 4781 3259 4844 tibi,‘benc-

1721 4885 1848 4939 dicti
1889 4888 2033 4947 sunt,
2066 4885 2119 4934 et
2151 4875 2241 4948 qui
2288 4876 2617 4930 maledicunt
2666 4874 2793 4937 tibi,
2835 4870 3205 4927 maledicti”.,
3232 4889 3253 4918 ι

1719 4973 2077 5041 Quamobrem
2104 4967 2341 5039 quotidie
2363 4968 2560 5022 crescit
2587 4973 2641 5019 et
2665 4970 2892 5032 augetur
2916 4961 3257 5017 Christiano—

1719 5079 1837 5118 rum
1886 5075 2075 5130 genus,
2105 5058 2248 5127 quod
2290 5055 2683 5112 benedictionis
2732 5052 2823 5107 Dei
2866 5064 3089 5107 consors
3131 5056 3250 5103 est:

1720 5163 1780 5201 ea
1813 5147 2009 5215 quippe
2040 5144 2259 5207 fruitur,
2305 5144 2430 5215 quia
2464 5152 2681 5211 semper
2710 5138 2925 5201 Christo
2959 5136 3129 5204 ipsius
3159 5135 3251 5191 be-

1721 5236 1959 5298 nedicit,
2016 5235 2310 5289 secundum
2366 5234 2503 5287 hanc
2541 5230 2873 5298 Scripturam
2924 5226 3189 5281 dicentem
3230 5243 3247 5280 :

1723 5344 1739 5375 ι
1779 5324 1913 5377 Tota
1936 5325 2021 5379 die
2044 5325 2368 5391 ,benedicent
2401 5324 2473 5379 ei.
2511 5341 2531 5374 ι
2556 5320 2864 5388 ﬂorumque
2899 5330 3122 5371 causam
3150 5316 3250 5371 de—

1715 5416 1882 5471 clarat
1904 5414 2088 5469 dicens
2120 5433 2135 5468 :
2167 5429 2185 5466 ι
2219 5413 2333 5467 Erit
2362 5406 2839 5473 firmamentum‘in
2859 5413 3001 5464 terra
3020 5407 3075 5461 in
3103 5420 3255 5459 sum-

1713 5508 1816 5561 mis
1850 5506 2129 5561 montium.
2170 5524 2188 5558 ι
2228 5504 2321 5560 His
2362 5509 2537 5559 autem
2580 5501 2779 5556 indicat
2813 5488 3104 5555 Ecclesism
3130 5495 3260 5565 ejus

1714 5598 1768 5653 in
1797 5597 1949 5653 ﬁrma
1975 5600 2195 5657 virtutis
2235 5598 2405 5671 ipsius
2436 5602 2589 5669 petra
2629 5575 2924 5649 fundatam
2960 5589 3259 5645 firmatam.
