3950 6342
718 469 819 525 815

1372 464 1637 523 EUSEBll
1675 462 2147 521 CJESAMENSIS
2185 463 2335 519 OPP.
2377 462 2556 518 PARS
2597 461 2772 518 ιιι-
2796 462 3216 533 EXEGETICA.

3718 154 3839 180 ”“’
3882 155 3946 309 1

3815 467 3897 520 816

716 602 840 658 que,
865 587 1058 643 elatam
1081 587 1208 642 item
1237 594 1289 642 et
1302 582 1611 654 exaltatum,
1632 595 1686 643 et
1715 602 1872 657 quasr
1904 586 1957 640 in
1987 586 2234 641 cacumin

2366 584 2594 648 λείπτως
2638 582 2729 637 τὸν
2774 584 3003 654 Χριστὸν
3041 579 3202 634 αὑτοῦ
3246 581 3481 648 εὐλογεῖν
3521 580 3815 643 ἀκολούθως
3850 586 3896 653 τῇ

715 678 975 733 montium
1002 678 1182 743 sitam,
1228 678 1282 732 in
1314 678 1645 747 pr0pheticis
1697 678 1904 733 scilicet
1936 684 1990 731 et
2038 686 2257 746 aposto-

678 830 681 834 ς
714 771 833 826 licis
856 769 1056 837 verbis,
1086 769 1243 841 queis
1277 768 1519 825 Ecclesia
1573 770 1881 826 Servatoris
1914 770 2089 826 nostri
2130 786 2259 827 con-

715 862 963 915 struitur.

2296 629 2341 682 [δ

2372 675 2508 745 μετὰ
2538 676 2721 745 χεῖρας
2756 676 2940 744 γραφῇ
2978 670 3257 742 φασκούσῃ
3279 688 3293 701 °
3339 690 3356 723 ι
3392 671 3557 743 Ὅλην
3596 671 3693 743 τὴν
3716 674 3897 743 ἡμέραν

2364 766 2743 836 εὐλογήσουσιν
2795 765 2976 817 αὐτόν’
3020 782 3039 815 ι
3078 765 3186 816 Καὶ
3218 763 3280 815 τὸ
3314 763 3516 817 τούτων
3559 764 3725 816 αῖτιον
3762 764 3897 834 παρί-

2362 875 2519 929 στησι
2546 856 2717 926 λέγων
2735 874 2747 886 ·
2790 876 2807 906 ι
2852 857 3040 910 Ἔσται
3070 856 3344 926 στήριγμα
3367 855 3427 907 ὲν
3446 857 3511 924 τῇ
3546 857 3617 924 γῇ
3644 855 3729 906 ἐπ’
3755 855 3896 925 ἄκρου

710 953 811 1006 τῶν
848 952 1035 1023 ὀρέων.
1070 972 1088 1003 ι
1119 952 1270 1005 Οὕτω
1302 952 1358 1005 δὲ
1397 950 1647 1022 σημαίνει
1690 951 1787 1023 τὴν
1824 950 2146 1019 Ἐκκλησίαν
2168 950 2331 1003 αὑτοῦ
2369 950 2833 1021 τεθεμελιωμένην
2877 936 2971 1002 καὶ
3006 948 3401 1019 ὲστηριγμένην
3431 947 3524 999 ἐπὶ
3569 946 3666 1016 τὴν
3708 947 3897 1017 ἀρραγῆ

708 1047 805 1117 τῆς
835 1046 996 1101 αὑτοῦ
1022 1047 1297 1116 δυνάμεως
1325 1045 1542 1117 πέτραν,
1592 1045 1905 1123 ἐπηρμένην
1965 1044 2021 1097 δὲ
2053 1046 2147 1098 καὶ
2211 1046 2521 1117 ὑψωμένην,
2557 1047 2633 1109 ὡς
2660 1047 2725 1100 ἂν
2762 1044 2851 1098 ἐπὶ
2894 1043 3038 1115 ἄκρα
3065 1043 3236 1114 ὀρέων
3267 1041 3546 1112 κειμένην,
3576 1042 3899 1113 προφητικῶν

708 1139 904 1211 δηλαδὴ
932 1140 1025 1193 καὶ
1056 1138 1420 1193 ἀποπολικῶν
1449 1138 1639 1204 λόγων,
1668 1134 1747 1199 οἷς
1773 1138 1807 1207 ἡ
1854 1138 2144 1208 Ἐκκλησία
2165 1137 2257 1191 τοῦ
2284 1139 2531 1210 Σωτῆρος
2560 1138 2715 1211 ἡμῶν
2747 1138 3191 1209 ὲποικοδομεῖται.

780 1256 941 1312 Vens.
975 1258 1064 1327 lii,
1109 1258 1193 1311 l7.
1231 1274 1251 1306 ‹
1292 1254 1757 1326 Superextolletur
1800 1270 1963 1326 super
1990 1254 2253 1310 Libanum

705 1349 915 1405 fructus
970 1347 1111 1416 ejus,
1142 1354 1199 1401 et
1226 1346 1492 1401 ﬂorebunt
1524 1346 1591 1401 de
1635 1344 1853 1400 civitate
1898 1345 2040 1400 sicut
2071 1344 2252 1399 fenum

710 1447 887 1495 terrae.
930 1457 950 1489 ι
1001 1438 1117 1504 Qua
1162 1438 1371 1493 ratione
1402 1436 1727 1499 Servatoris,
1760 1437 1851 1507 qui
1884 1436 1938 1491 in
1972 1439 2253 1508 prophetia

703 1530 1039 1592 enuntiatur,
1084 1526 1298 1584 fructus
1330 1542 1493 1598 super
1530 1524 1793 1582 Libanum
1844 1530 2110 1583 exaltatns
2160 1530 2248 1593 sit,

705 1618 992 1688 intelliges,
1017 1619 1063 1673 si
1093 1618 1313 1688 colligas
1332 1633 1392 1672 ea
1413 1632 1531 1688 qua:
1549 1618 1602 1671 in
1626 1618 1924 1687 prophetiis
1952 1619 2019 1673 de
2045 1618 2250 1672 Libano

703 1706 976 1762 dicuntur.
1006 1706 1218 1762 Dictum
1260 1709 1457 1778 quippe
1498 1717 1581 1763 est
1626 1708 1681 1761 in
1723 1706 1861 1762 Isaia
1892 1725 1903 1759 ;
1941 1728 1959 1759 ι
1988 1708 2125 1763 Ecce
2156 1709 2252 1761 Do-

701 1799 882 1854 minus
937 1798 1171 1852 Sabaoth
1222 1801 1510 1853 conturbat
1557 1798 1829 1868 gloriosos
1871 1815 1992 1854 cum
2037 1798 2250 1853 fortitu-

2438 1277 2456 1309 ι
2503 1259 2962 1329 ’Υπεραρθήσεται
2992 1256 3127 1326 ὑπὲρ
3160 1254 3250 1307 τὸν
3281 1253 3510 1307 Λίϐανον
3535 1254 3563 1305 6
3588 1253 3785 1324 καρπὸς
3816 1252 3894 1305 αὑ-

2359 1350 2471 1413 τοῦ,
2504 1350 2597 1403 καὶ
2639 1349 3021 1418 ὲξανθήσουσιν
3053 1349 3116 1399 ὲκ
3163 1345 3364 1408 πόλεως
3410 1345 3544 1397 ὡσεὶ
3588 1345 3773 1414 χόρτος
3815 1348 3893 1411 τῆς

2358 1445 2479 1513 γῆς·
2530 1460 2548 1493 ³
2579 1442 2763 1505 Ὅπως
2795 1438 3075 1511 ὑπερήρθη
3104 1437 3196 1491 τοῦ
3230 1435 3702 1507 προφητευομένου
3741 1434 3895 1503 Σωτῆ-

2360 1549 2451 1601 ρος
2497 1532 2653 1601 ἡμῶν
2705 1532 2733 1583 6
2779 1531 2986 1600 καρπὸς
3024 1528 3162 1600 ὑπὲρ
3205 1529 3295 1581 τὸν
3340 1528 3570 1581 Λίϐανον
3610 1527 3809 1597 νοήσεις
3840 1526 3896 1577 τὸ.

2358 1623 2486 1694 περὶ
2514 1622 2607 1675 τοῦ
2632 1622 2863 1676 Λιϐάνου
2894 1623 2950 1674 ὲν
2982 1620 3337 1691 προφητείαις
3363 1618 3657 1689 λελεγμένα
3687 1634 3894 1683 συναγα-

2358 1714 2487 1781 γών.
2526 1715 2750 1783 Εἴρηται
2783 1714 2839 1767 δὲ
2870 1715 2927 1765 ὲν
2975 1713 3072 1782 μὲν
3104 1711 3181 1781 τῷ
3223 1712 3447 1782 Ἡσαΐᾳ·
3483 1730 3499 1762 ι
3546 1711 3671 1763 Ἰδοὺ
3702 1710 3762 1781 δὴ
3795 1710 3892 1762 Κύ-

2316 1809 2470 1875 ’ριος
2543 1806 2765 1860 Σαϐαὼθ
2840 1806 3199 1876 συνταράσσει
3266 1805 3392 1867 τοὺς
3459 1803 3701 1869 εὐδόξους
3775 1802 3895 1871 μετὰ

698 1890 916 1957 dine";
954 1908 973 1941 ι
997 1898 1048 1945 et
1077 1898 1261 1959 postea
1296 1908 1308 1944 :
1345 1909 1361 1940 ‹
1399 1888 1636 1944 Libanus
1665 1896 1843 1945 autem
1870 1905 1991 1943 cum
2022 1890 2238 1944 excelsis

2356 1898 2534 1967 ἰσχύος
2554 1916 2566 1928 ·
2597 1917 2616 1950 ›
2664 1898 2755 1951 καὶ
2787 1894 2908 1965 ἑξῆς
2931 1914 2942 1925 ο
2986 1914 3005 1946 ι
3056 1896 3113 1947 '0
3144 1894 3201 1948 δὲ
3239 1894 3467 1957 Λίϐανος
3502 1895 3601 1946 σὺν
3642 1896 3749 1956 τοῖς
3774 1892 3894 1962 ὑψη-

697 1982 929 2038 cadet“.
958 2000 977 2034 ι
1012 1981 1069 2036 ln
1095 1979 1354 2035 Zacharia
1377 1995 1505 2034 vero
1536 1980 1707 2036 fertur
1734 2001 1744 2035 :
1779 1998 1797 2031 ι
1823 1980 2244 2051 Aperi,Libanc,

696 2080 883 2143 portas
918 2086 1059 2136 tuas,
1091 2078 1146 2126 et
1188 2070 1409 2126 devoret
1446 2070 1585 2140 ignis
1635 2071 1827 2127 cedros
1852 2079 1971 2127 tuas
1994 2074 2059 2125 ‘9.
2102 2092 2118 2123 ι
2159 2072 2249 2125 bi-

696 2174 840 2217 ctum
879 2163 1004 2217 item
1038 2160 1139 2214 fuit
1171 2160 1227 2214 in
1257 2161 1513 2216 vicesimo
1535 2169 1726 2216 octavo
1758 2163 1967 2232 psalmo
1999 2180 2013 2215 ;
2051 2180 2071 2213 ι
2107 2163 2248 2217 Con-

696 2256 894 2325 fringet
922 2252 1183 2309 Dominus
1222 2253 1414 2309 cedrus
1436 2253 1656 2320 Libani,
1684 2262 1738 2310 et
1786 2255 2115 2311 comminuet
2155 2272 2247 2311 eas

696 2356 718 2404 ι
794 2360 955 2416 quam
1005 2346 1233 2400 vitulum
1289 2344 1549 2399 Libanum
1569 2346 1634 2398 ‘°.
1668 2364 1685 2396 ι
1730 2343 1838 2401 Has
1877 2361 2039 2416 porro
2084 2362 2246 2402 voces

696 2454 828 2493 sane
860 2436 1122 2492 obscuras
1160 2437 1393 2507 explicat
1440 2435 1721 2506 Scriptura
1750 2437 1803 2491 in
1839 2436 2124 2492 Ezechiele
2162 2437 2246 2491 di-

695 2546 825 2585 cens
855 2549 868 2583 :
902 2547 919 2579 (
949 2528 1141 2599 Aquila
1192 2527 1413 2597 grandis
1462 2542 1779 2598 magnarum
1814 2529 2043 2593 alarum,
2086 2530 2245 2601 longo

696 2622 1061 2677 membrorum
1114 2620 1300 2684 ductu,
1350 2620 1507 2689 plena
1564 2618 1861 2689 unguibus,
1914 2620 2246 2691 ductumque

696 2712 900 2767 habens
962 2720 1021 2765 ut
1074 2708 1409 2780 ingrediatur
1459 2710 1514 2763 in
1570 2708 1855 2773 Libanum,
1905 2717 1958 2763 et
2004 2711 2269 2766 exsecuit-

697 2813 881 2859 tenera
908 2801 1147 2869 cedri“;
1188 2820 1207 2853 I
1236 2802 1434 2871 quibus
1461 2800 1677 2856 subdit:
1716 2818 1733 2851 ι
1765 2800 1899 2856 Cum
1929 2803 2137 2855 venerit
2152 2818 2242 2857 rex

698 2894 1009 2968 Babylonis,
1043 2904 1095 2950 et
1146 2894 1425 2963 ingressus
1459 2894 1620 2949 fuerit
1645 2893 1699 2946 in
1734 2892 2059 2959 Jerusalem,
2092 2910 2248 2949 assu-

695 2998 806 3043 met
842 2986 1191 3057 principes".
1215 3003 1233 3036 ι
1261 2985 1355 3040 His
1373 2986 1570 3055 quippe
1599 2987 1743 3039 clare
1783 2985 2062 3054 prophetia
2091 2986 2244 3055 aqui-

694 3081 799 3133 lam
824 3077 1077 3148 grandem
1106 3091 1421 3146 magnarum
1450 3076 1678 3140 alarum,
1708 3068 1886 3145 regem
1925 3075 2244 3146 Babylonio-

2351 1987 2461 2051 λοῖς
2487 1988 2745 2040 πεσεῖται.
2781 2005 2799 2037 ι
2831 1984 3090 2038 Λέλεκται
3120 1984 3177 2036 δὲ
3209 1985 3300 2038 καὶ
3324 1985 3380 2037 ὲν
3408 1983 3683 2054 Ζαχαρία·
3708 2001 3725 2032 ι
3753 1982 3889 2033 Διάγ-

2349 2078 2509 2145 οιξον,
2567 2078 2596 2129 ὁ
2639 2078 2888 2144 Λίϐανος,
2927 2077 3023 2141 τὰς
3067 2076 3238 2139 πύλας
3274 2092 3387 2139 σου,
3412 2076 3509 2128 καὶ
3552 2073 3893 2141 καταφαγέτω

2350 2168 2461 2240 πῦρ
2485 2168 2580 2234 τὰς
2605 2170 2826 2241 κέδρους
2852 2186 2961 2221 σου.
3001 2188 3018 2219 ι
3048 2168 3273 2237 Εἴρηται
3297 2166 3354 2224 δὲ
3378 2167 3471 2218 καὶ
3499 2167 3557 2217 ὲν
3583 2164 3665 2235 κη’

2356 2281 2372 2313 ι
2406 2260 2688 2331 Συντρίψει
2729 2261 2824 2322 τὰς
2868 2259 3091 2329 κέδρους
3118 2257 3213 2310 τοῦ
3248 2255 3499 2319 Λιϐάνου,
3547 2257 3639 2307 καὶ
3666 2254 3892 2307 λεπτυνεῖ

2348 2352 2516 2414 αὐτὰς
2542 2353 2615 2413 ὡς
2652 2352 2741 2404 τὸν
2786 2352 2983 2421 μόσχον
3019 2349 3110 2401 τὸν
3159 2347 3411 2401 Λιϐανον.
3453 2366 3472 2397 ι
3521 2346 3817 2398 Ἐπιλὺεται
3844 2345 3891 2395 δὲ

2346 2446 2547 2509 ταύτας
2570 2446 2668 2508 τὰς
2698 2444 2876 2513 φωνὰς
2901 2445 3126 2517 ἀσαφεῖς
3155 2440 3317 2505 οῦσας
3341 2441 3369 2493 6
3392 2439 3542 2511 παρὰ
3567 2440 3643 2510 τῷ
3669 2438 3891 2506 Ἐζεκιὴλ

2347 2536 2568 2605 φάσκων
2600 2536 2790 2602 λόγος·
2832 2553 2850 2586 ι
2894 2534 2950 2586 Ὀ
2982 2532 3137 2595 ἀετὸς
3168 2534 3195 2584 6
3240 2532 3410 2603 μέγας
3448 2534 3475 2585 6
3512 2531 3891 2601 μεγαλοπτέρι-

2345 2646 2458 2696 γος,
2492 2631 2520 2682 6
2564 2627 2768 2689 πλατὺς
2807 2629 2872 2696 τῇ
2910 2625 3148 2688 ἐκτάσει,
3208 2624 3418 2696 πλήρης
3451 2624 3676 2694 ὀνύχων,
3710 2624 3765 2685 ὃς
3795 2622 3893 2691 ἔχει

2342 2722 2403 2774 τὸ
2430 2722 2619 2792 ἥγημα
2644 2718 2900 2772 εἰσελθεῖν
2927 2719 3004 2781 είς
3033 2717 3123 2770 τὸν
3166 2716 3407 2779 Λίϐανον,
3436 2717 3527 2768 καὶ
3572 2714 3803 2782 ἀπέκοψε
3832 2715 3890 2764 τα

2343 2808 2527 2861 ἁπαλὰ
2566 2813 2663 2878 τῆς
2694 2810 2913 2878 κέδρου’
2954 2826 2972 2858 ι
3001 2801 3079 2869 οἷς
3106 2806 3583 2876 ὲξῆςὲπιλέγεται*
3622 2826 3637 2858 ι
3678 2805 3798 2857 Ὅτε
3833 2804 3889 2855 ἂν

2346 2900 2469 2971 ἔλθῃ
2492 2902 2520 2953 6
2546 2901 2793 2971 βασιλεὺς
2825 2900 3139 2964 Βαϐυλῶνος
3170 2900 3265 2953 καὶ
3289 2898 3503 2969 εἰσέλθῃ
3529 2900 3609 2961 είς
3644 2900 3889 2968 Ἰερουσα-

2343 2992 2471 3061 λὴμ,
2509 2993 2601 3046 καὶ
2629 2991 2854 3061 λήψεται
2887 2992 3011 3053 τοῦς
3045 2990 3326 3061 ἄρχοντας.
3358 3008 3375 3040 ι
3424 2989 3617 3058 Σαφῶς
3666 2990 3769 3059 γὰρ
3813 2985 3888 3039 διὰ

2342 3080 2545 3134 τούτων
2585 3084 2618 3150 ἡ
2665 3081 2967 3152 προφητεία
3017 3080 3107 3131 τὸν
3148 3080 3245 3149 μὲν
3286 3078 3439 3132 ἀετὸν
3473 3080 3566 3131 τὸν
3620 3078 3781 3148 μέγαν
3810 3076 3888 3127 τὸν

693 3186 811 3224 rum
826 3170 1229 3237 interpretatur;
1244 3166 1505 3222 Libanum
1520 3182 1645 3223 vero
1655 3166 1973 3225 Jerusalem.
1991 3165 2238 3243 Reliquo—

2348 3171 2813 3243 μεγαλοπτέρυγον
2834 3170 2923 3223 τὸν
2959 3169 3179 3240 βασιλέα
3218 3170 3322 3221 τῶν
3352 3167 3702 3222 Βαϐυλωνίων
3721 3167 3882 3236 ἡρμή-

692 3275 810 3312 rum
834 3259 957 3312 item
983 3256 1356 3327 prophetarum
1382 3257 1545 3323 dicta,
1568 3272 1666 3311 ceu
1690 3256 1755 3312 de
1784 3255 1990 3311 Libano
2008 3240 2237 3327 prolata,

2344 3240 2519 3322 νευσε,
2551 3240 2730 3313 τὸνγδὲ
2768 3260 2995 3315 Λίϐανον
3023 3260 3505 3331 τὴνῚερουσαλήμ.
3551 3259 3888 3328 Ἐφαρμόσεις

688 3350 1035 3421 Jerosolymae
1063 3350 1292 3419 aptabis.
1319 3349 1473 3404 Enim
1514 3366 1643 3405 vero
1672 3366 1830 3405 nemo
1859 3366 1925 3405 ex
1951 3350 2238 3404 circumci-

2342 3350 2400 3403 δὲ
2432 3352 2523 3403 καὶ
2554 3349 2622 3403 τὰ
2646 3349 2795 3421 παρὰ
2819 3352 2930 3412 τοῖς
2959 3350 3161 3414 λοιποῖς
3191 3352 3491 3422 προφήταις
3521 3348 3707 3419 ὥσπερ
3733 3346 3883 3401 Λιϐά-

688 3444 840 3499 sione
873 3441 1027 3497 fateri
1057 3441 1285 3505 dubitet,
1322 3442 1387 3497 iis
1417 3457 1535 3511 quae
1559 3442 1625 3497 de
1650 3440 1854 3497 Libano
1880 3440 2135 3496 dicuntur
2156 3439 2238 3496 Je-

2342 3459 2429 3494 νου
2474 3441 2766 3512 λελεγμένα
2815 3445 2880 3512 τῇ
2928 3441 3298 3514 Ἰερουσαλήμ.
3353 3440 3488 3493 Ἀλλ’
3536 3439 3657 3492 οὐδὲ
3686 3436 3787 3491 τῶν
3827 3438 3884 3492 ἐκ

684 3533 1013 3603 rosolymam
1064 3530 1398 3586 adumbrari.
1454 3548 1471 3581 ι
1524 3528 2046 3600 Supercxaltabitur,
2101 3549 2120 3583 ›
2179 3539 2237 3585 ιιι

2342 3538 2635 3607 περιτομῆς
2669 3552 2748 3597 τις
2776 3518 3100 3605 ἀμφιϐάλλοι
3120 3536 3200 3589 ’ἂν
3233 3534 3309 3607 μὴ
3340 3534 3458 3605 οὐχὶ
3505 3533 3633 3605 περὶ
3662 3533 3753 3603 τῆς
3790 3532 3879 3585 Ἰε-

684 3622 789 3678 fert
816 3637 995 3678 sermo
1025 3637 1286 3691 praesens,
1315 3638 1331 3670 ι
1353 3634 1514 3690 super
1535 3619 1799 3674 Libanum
1828 3620 2037 3677 fructus
2061 3621 2230 3691 ejus,»

2342 3628 2613 3699 ρουσαλὴμ
2640 3628 2967 3681 αἰνίττεσθαι
2996 3627 3273 3699 ὁμολογεῖν
3300 3625 3367 3680 τὰ
3398 3625 3527 3697 περὶ⁵
3553 3624 3774 3679 Λιϐάνου
3803 3622 3881 3673 λε-

684 3712 895 3768 scilicet
928 3702 1228 3766 Servatort‘s
1266 3709 1331 3763 de
1364 3724 1472 3779 quo
1496 3708 1776 3779 prophetia
1810 3709 2067 3777 loquitur.
2091 3702 2234 3764 Fru-

2342 3719 2585 3789 λεγμένα.
2640 3738 2681 3770 ι·
2710 3718 3172 3789 ’Υπεραρθήσεται
3207 3736 3224 3768 ι
3260 3718 3458 3781 τοίνυν,
3488 3716 3549 3769 τὸ
3592 3716 3759 3786 παρὸν
3799 3713 3880 3764 λό-

680 3814 806 3860 ctus
832 3810 1010 3858 autem
1038 3802 1155 3871 ejus
1174 3801 1295 3871 quis
1329 3800 1510 3864 fuerit,
1541 3802 1644 3856 nisi
1675 3799 2105 3871 Ecclesiaipsius
2140 3816 2235 3871 per

2342 3810 2448 3877 γιὸν
2482 3825 2663 3879 φησιν,
2721 3828 2738 3859 ι
2780 3809 2917 3879 ὑπὲρ
2949 3808 3039 3859 τὸν
3083 3807 3309 3861 Λίϐανον
3342 3810 3370 3860 6
3401 3807 3609 3877 καρπὸς
3644 3804 3821 3868 αὑτοῦ,
3860 3822 3876 3853 ι

683 3906 854 3953 ιοιυω
888 3897 1075 3951 orbem
1109 3895 1336 3958 ﬁrmata,
1374 3894 1439 3950 de
1464 3908 1569 3965 qua
1608 3893 1887 3949 dicebatur
1915 3915 1927 3949 :
1960 3914 1977 3943 ι
2008 3894 2124 3949 Erit
2147 3895 2236 3947 tir-

2342 3900 2532 3972 δηλαδὴ
2586 3900 2678 3953 τοῦ
2723 3898 3195 3970 προφητευομένου
3241 3884 3509 3968 Σωτῆρος.
3562 3896 3782 3967 Καρπὸς
3831 3897 3880 3947 δὲ

680 3995 1010 4044 mamentum
1054 3986 1110 4041 in
1141 3996 1286 4042 terra
1320 3987 1375 4040 in
1414 3984 1641 4041 summis
1690 3986 1988 4041 montium?
2023 4006 2039 4037 ι
2084 3985 2235 4039 Hanc

2342 3996 2493 4050 αὑτοῦ
2526 3996 2608 4062 τίς
2640 3996 2704 4049 ἂν
2733 3994 2991 4065 γένοιτοῆ
3036 3993 3328 4062 Ἐκκλησία
3356 3989 3517 4043 αὑτοῦ
3561 3992 3594 4061 η
3621 3989 3736 4043 καθ’
3762 3988 3878 4058 ὅλης

681 4079 862 4148 itaque
901 4092 1062 4147 super
1090 4076 1350 4132 Libanum
1396 4077 1736 4133 exaltandam
1768 4092 1889 4132 esse
1915 4077 1971 4130 in
2001 4076 2233 4146 prophe-

680 4170 756 4223 tia
790 4168 1007 4226 dicitur.
1036 4166 1182 4223 Licet
1206 4167 1345 4222 enim
1376 4166 1616 4225 Libanus
1640 4169 1749 4232 ille,
1784 4184 1977 4238 nempe
2008 4151 2231 4223 Jeroso-

681 4260 844 4331 lyma,
868 4258 996 4313 olim
1026 4256 1197 4328 gloria
1229 4254 1364 4309 aﬂici
1394 4263 1449 4310 et
1475 4254 1667 4311 ﬂorere
1696 4257 1846 4312 visus
1880 4257 1985 4323 sit;
2016 4267 2069 4310 at
2096 4273 2233 4327 prae-

680 4350 929 4406 stantiori
984 4347 1502 4419 incomparabilique
1568 4346 1727 4401 modo
1792 4348 2230 4416 superexaltatus

679 4443 778 4497 fuit
796 4442 1098 4499 Servatoris
1120 4440 1289 4495 nostri
1320 4439 1546 4503 fructus,
1567 4453 1662 4493 seu
1686 4436 1923 4493 Ecclesia
1947 4453 2041 4507 per
2056 4445 2227 4493 totum

677 4537 860 4591 orbem
897 4536 1209 4591 constituta.
1234 4534 1347 4591 Sub
1368 4534 1480 4588 hac
1500 4540 1679 4587 autem
1703 4531 1929 4602 populos
1950 4530 2007 4583 in
2038 4530 2224 4599 singu-

2335 4093 2432 4159 τῆς
2496 4078 2817 4159 οίκουμένης
2878 4084 3280 4157 ὲστηριγμένη,
3340 4083 3468 4154 περὶ⁵
3521 4077 3590 4152 ἦς
3644 4081 3875 4147 ἐλέγετο’

2340 4198 2357 4230 ι
2404 4180 2593 4234 Ἔσται
2628 4181 2900 4249 στήριγμα
2932 4180 2989 4229 ὲν
3020 4172 3086 4247 τῇ
3115 4178 3184 4247 γῇ
3211 4176 3295 4229 ἐπ’
3320 4175 3485 4245 ἄκρον
3519 4172 3624 4227 τῶν
3653 4172 3869 4243 (ipsum:

2332 4270 2479 4340 Λῦτη
2509 4271 2685 4325 τοίνυν
2714 4268 3176 4341 ὑπεραρθήσεσθαι
3213 4268 3351 4340 ὑπὲρ
3378 4265 3467 4319 τὸν
3501 4265 3722 4319 Λίϐανον
3750 4279 3873 4333 προ-

2333 4361 2623 4431 φητεύεται
2644 4378 2657 4390 ·
2697 4363 2744 4415 εί
2772 4361 2879 4431 γὰρ
2902 4362 2994 4413 καὶ
3032 4358 3176 4424 ἔδοξέ
3212 4376 3340 4411 ποτε
3379 4358 3407 4409 6
3440 4356 3692 4429 δηλωθεὶς
3722 4352 3874 4407 Λίϐα-

2332 4468 2439 4514 νος,
2479 4450 2620 4518 λέγω
2648 4450 2704 4503 δὲ
2738 4451 2769 4519 ἡ
2808 4450 3177 4520 Ἰερουσαλὴμ,
3218 4447 3530 4515 δοξάζεσθαι
3562 4446 3653 4498 καὶ
3683 4443 3870 4501 ἀνθεῖν,

2333 4542 2444 4595 ἀλλ’
2486 4538 2765 4612 ὑπερήρθη
2799 4542 2891 4593 καὶ
2921 4540 3052 4593 πολὺ
3082 4540 3295 4593 κάλλιον
3333 4540 3544 4607 ἐκείνης
3576 4536 3871 4605 ἀσυγκρίτῳ

675 4626 747 4681 lis
776 4625 1001 4679 urbibus
1028 4626 1281 4681 collectos
1317 4601 1826 4693 multitudinemque
1855 4635 2105 4691 magnam
2142 4622 2225 4674 in-

2342 4635 2567 4705 Βπεροχῇ
2726 4601 2971 4703 έωτῆρος
3017 4632 3171 4702 ημῶν
3216 4634 3245 4685 ὁ
3284 4601 3513 4703 καρπὸς,
3542 4630 3573 4697 ἡ
3604 4601 3720 4679 καθ’
3749 4601 3868 4692 ῦληξ

678 4718 821 4771 dicat
860 4717 945 4771 bis
989 4718 1205 4774 verbis:
1245 4736 1261 4766 ι
1298 4716 1362 4769 Ει
1405 4716 1679 4771 ﬂorebunt
1715 4716 1780 4769 de
1826 4713 2046 4768 civitate
2084 4713 2225 4766 sicut

676 4811 860 4866 fenum
892 4817 1064 4865 terrae.
1099 4828 1116 4861 ι
1151 4806 1284 4863 Illud
1313 4824 1495 4878 porro,
1542 4828 1559 4860 ι
1590 4807 1658 4863 de
1678 4807 1919 4870 civitate,
1963 4824 1980 4856 ι
2018 4804 2222 4858 dictum

675 4912 778 4968 est,
810 4902 964 4973 quasi
1003 4901 1231 4972 singulis
1268 4902 1323 4954 in
1352 4901 1659 4956 civitatibus
1691 4907 1745 4954 et
1772 4899 2027 4953 omnibus
2066 4897 2123 4951 in
2147 4896 2223 4949 lo-

674 4998 773 5051 cis.
805 4995 919 5051 lmo
944 4996 1106 5051 etiam
1140 4992 1380 5048 Ecclesia
1412 4992 1604 5063 ipsius,
1631 4993 1700 5047 ob
1728 4992 1947 5060 politica
1978 4998 2033 5044 ct
2068 5002 2224 5042 evan-

675 5070 865 5158 gelica,
898 5087 1051 5157 queis
1086 5075 1275 5147 utitur,
1306 5083 1574 5148 instituta,
1613 5082 1807 5137 civitas
1846 5080 1939 5135 Dei
1974 5089 2219 5134 vocatur.

674 5181 854 5247 Quare
876 5178 1083 5233 dictum
1116 5185 1235 5231 est:
1269 5194 1287 5227 ι
1316 5175 1561 5230 Gloriosa
1607 5172 1755 5227 dicta
1794 5181 1922 5226 sunt
1945 5172 2013 5225 de
2042 5178 2113 5234 te,
2140 5168 2221 5222 ci-

680 5248 813 5321 vitas
835 5265 1019 5332 Dei“;
1053 5273 1141 5318 iet
1169 5278 1385 5319 rursum
1413 5283 1425 5318 :
1463 5281 1479 5313 ι
1516 5260 1779 5316 Fluminis
1796 5260 2025 5329 impetus
2052 5256 2223 5323 laetiﬁ-

674 5367 802 5412 cant
841 5357 1110 5411 civitatem
1151 5353 1245 5410 Dei
1265 5356 1328 5410 “.
1360 5373 1378 5406 ›
1411 5353 1547 5420 Quia
1587 5367 1718 5423 ergo
1765 5349 2086 5406 civitasilla
2130 5347 2222 5401 Dei

675 5451 837 5505 ﬂuvio
856 5450 908 5503 in
931 5463 987 5503 se
1012 5448 1339 5509 exundante,
1363 5462 1456 5501 seu
1481 5445 1665 5507 verbo,
1698 5442 1940 5512 irrigata,
1973 5454 2221 5510 magnam

675 5541 877 5610 profert
910 5540 1079 5594 turbae
1110 5542 1164 5594 in
1218 5538 1456 5595 Ecclesia
1498 5537 1738 5590 collecta:
1776 5533 2175 5588 multitudinem
2203 5548 2217 5595 ;

2328 4723 2524 4795 δηλαδὴ
2564 4708 2667 4792 τῆς
2711 4721 3029 4792 οἰκουμένης
3068 4721 3363 4792 Ἐκκλησία
3412 4718 3621 4787 γέγονε.
3663 4716 3867 4775 Τούτοις

2329 4816 2452 4885 ἑξῆς
2477 4815 2601 4877 τοὺς
2632 4812 2793 4875 λαοὺς
2835 4815 2959 4876 τοὺς
2994 4812 3133 4867 κατὰ
3170 4814 3349 4865 πᾶσαν
3373 4809 3528 4862 πόλιν
3558 4822 3866 4878 συγκροτου-

2329 4888 2518 4977 μένους
2544 4906 2637 4959 καὶ
2663 4904 2733 4957 τὰ
2759 4903 2925 4957 πολλὰ
2960 4904 3137 4976 πλήθη
3170 4903 3463 4974 παρίστησι
3489 4900 3659 4968 λέγων
3682 4916 3692 4926 ·
3729 4917 3744 4947 ι
3764 4896 3867 4948 Καὶ

2325 4997 2703 5069 ἐξανθήσουσιν
2732 4998 2797 5047 ὲκ
2834 4996 3035 5060 πόλεως
3068 4996 3204 5049 ’ὡσεὶ
3231 4999 3417 5065 χόρτος
3456 4992 3554 5061 τῆς
3594 4992 3705 5061 γῆς.
3743 5010 3760 5039 ι
3797 4988 3864 5039 T6

2327 5090 2403 5149 δὲ,
2444 5108 2462 5140 ι
2498 5090 2560 5141 ὲκ
2609 5087 2832 5151 πόλεως,
2870 5106 2887 5139 ι
2922 5090 3153 5171 εἴρηται,
3186 5087 3304 5139 ἀντὶ
3344 5083 3458 5148 τοῦ,
3493 5083 3609 5137 καθ’
3645 5083 3865 5147 ἑκάστην

2329 5180 2479 5232 πόλιν
2506 5180 2595 5231 καὶ
2622 5177 2759 5230 κατὰ
2790 5180 2966 5231 πάντα
2990 5169 3172 5230 τόπον.
3213 5175 3368 5228 Ἀλλὰ
3398 5177 3491 5229 καὶ
3523 5178 3556 5245 ή
3591 5169 3862 5241 Ἐκκλησία
3902 5220 3913 5241 η]

2328 5264 2487 5317 αὑτοῦ
2530 5263 2678 5327 πόλις
2723 5264 3029 5334 ὠνόμασται
3064 5264 3154 5315 τοῦ
3200 5262 3334 5316 Θεοῦ
3376 5262 3466 5317 διὰ
3510 5264 3608 5333 τὴν
3648 5264 3702 5313 ὲν
3734 5258 3857 5323 αὐτῇ

2330 5352 2713 5422 συνισταμένην
2738 5352 2962 5422 νόμιμον
2985 5352 3075 5404 καὶ
3095 5351 3449 5422 εὐαγγελικὴν
3471 5349 3749 5402 πολιτείαν.
3779 5343 3861 5393 Διὸ

2327 5443 2598 5495 ).έλεκται’
2642 5461 2658 5491 ι
2692 5440 3051 5512 Δεδοίεασμένα
3098 5441 3324 5513 ἐλαλήθη
3359 5442 3485 5511 περὶ
3516 5438 3627 5499 σοῦ,
3655 5437 3686 5505 ὴ
3720 5432 3859 5491 πόλις

2325 5535 2415 5587 τοῦ
2442 5533 2573 5587 Θεοῦ
2594 5552 2605 5562 ·
2641 5553 2658 5585 ι
2689 5534 2781 5586 καὶ
2804 5533 2959 5587 πάλιν
2981 5551 2993 5563 ·
3037 5553 3053 5585 ι
3088 5532 3193 5587 Τοῦ
3220 5533 3464 5603 ποταμοῦ
3492 5530 3559 5583 τὰ
3580 5526 3858 5598 ὁρμήματα

3902 5246 3913 5305 1

3902 5316 3911 5369 ί

3902 5524 3911 5603 i

666 5634 792 5703 jure
829 5632 1122 5703 adjicitur:
1157 5652 1178 5684 ι
1218 5632 1281 5687 Et
1306 5631 1572 5686 ﬂorebunt
1602 5630 1669 5683 de
1706 5626 1925 5682 civitate
1957 5626 2099 5682 sicut
2136 5626 2217 5681 le-

2342 5628 2670 5699 εὺφραίνουσι
2719 5626 2814 5695 τὴν
2861 5626 3011 5680 πόλιν
3052 5626 3144 5680 τοῦ
3187 5625 3341 5682 Θεοῦ.
3384 5644 3401 5676 ι
3440 5616 3788 5683 Ἐπεὶτοίνυν
3826 5615 3855 5682 ἡ

744 5748 785 5777 ⁸⁷
814 5748 916 5802 lsa.
971 5765 1024 5807 Χ,
1065 5748 1149 5802 55.
1259 5750 1301 5782 ⁸⁸
1331 5747 1458 5801 Ibid.
1492 5746 1579 5800 54.
1655 5746 1698 5777 ⁸³
1731 5743 1893 5800 Zach.
1928 5759 2003 5809 ιι,
2035 5745 2085 5798 1.

676 5817 719 5847 ⁸³
753 5815 895 5871 Psal.
938 5834 1150 5883 Lxxxvr,
1186 5819 1234 5871 5.
1304 5819 1345 5849 ’⁵⁸
1386 5817 1526 5871 Ρειιί.
1561 5832 1681 5883 ην,
1721 5816 1771 5870 5.
1960 5814 1963 5817 ’

2193 5746 2235 5777 ⁸⁸
2263 5745 2405 5801 Psal.
2464 5762 2651 5808 xxvm,
2687 5746 2738 5809 5,
2772 5744 2823 5799 6.

2931 5747 2971 5778 ⁸¹
3004 5744 3192 5799 Ezech.
3241 5741 3447 5803 xvtt,3.
3525 5737 3566 5769 "
3594 5734 3717 5789 ibid.
3775 5727 3850 5782 ιε.
3902 5764 3909 5829 ί

3902 5858 3909 5869 r
