3966 6348
92 400 197 454 817

1224 402 1725 462 COMMENTARIA
1766 404 1829 458 IN
1863 404 2195 461 PSALMOS.

3210 405 3310 460 8l8

92 522 261 584 πόλις
309 520 403 574 τοῦ
449 520 600 584 Θεοῦ,
640 520 966 591 ἀρδευομένη
1008 521 1082 591 τῷ
1130 523 1185 573 ὲν
1229 522 1364 591 αὐτῇ
1412 520 1665 592 πλημμύ-

1774 537 1893 575 uum
1927 528 2102 577 terrae.
2141 541 2159 574 ι
2210 520 2560 576 Praemittitur
2597 534 2727 576 sane
2778 519 3141 585 multitudini,
3196 536 3313 589 qua:

96 620 249 685 ροντι
278 612 528 683 ποταμῷ,
563 610 723 681 λόγῳ,
766 611 897 665 πολὺ
927 612 1123 683 πλῆθος
1165 613 1422 687 προφέρει
1456 612 1560 665 τῶν
1604 616 1663 665 ὲν

92 707 161 775 τῇ
214 704 519 775 Ἐκκλησία
539 698 1030 776 συγκρατουμένων,
1058 703 1278 766 εἰκότως
1302 703 1663 757 ἐπιλέλεκταιο

104 816 120 847 ι
154 797 270 849 Καὶ
300 795 676 867 ὲξανθήσουσιν
706 798 770 848 ὲκ
794 796 997 857 πόλεως
1020 794 1149 846 ὡσεὶ
1172 794 1357 865 χόρτος
1389 796 1484 865 τῆς
1509 796 1658 865 γῆς.»

97 891 416 960 Ιῐροηγεῖτο
446 890 540 960 μὲν
562 886 653 943 οὖν
678 888 770 942 τοῦ
792 890 981 959 χόρτου
1006 889 1156 959 δίκην
1176 888 1514 954 ὲξανθοῦντος
1539 891 1668 961 πλήσ

98 982 228 1044 θους
272 984 304 1034 6
339 979 759 1053 προλελεγμένος
801 980 1010 1053 καρπὸς
1050 981 1232 1044 αὑτοῦ,
1266 981 1398 1037 πολὺ
1450 982 1666 1052 βελτίων

100 1077 197 1126 καὶ
258 1076 525 1145 κρείττων
576 1071 855 1142 τυγχάνων
897 1071 988 1125 τοῦ
1033 1072 1226 1144 χόρτου
1280 1072 1379 1143 τῆς
1419 1074 1519 1143 γῆς
1544 1091 1556 1103 ·
1590 1074 1669 1125 διὸ

100 1163 476 1232 προτέτακται
503 1162 582 1216 τό*
618 1180 637 1213 ‹
661 1160 1118 1232 ’Υπέραρθήσεται
1146 1161 1284 1233 ὑπὲρ
1320 1164 1412 1216 τὸν
1444 1163 1668 1217 Λίὸανον

98 1259 127 1307 6
175 1254 399 1327 καρπὸς
428 1253 618 1307 αὐτοῦ·
657 1272 677 1305 t
722 1253 857 1323 μετά
882 1254 937 1307 δὲ
967 1255 1056 1308 τὸν
1102 1254 1307 1326 καρπὸν
1335 1254 1422 1308 τὸν
1464 1253 1670 1326 ἐξαίρε-

99 1362 215 1405 τον,
247 1345 382 1406 τοὺς
408 1344 463 1395 ὲν
491 1345 556 1413 τῇ
603 1342 890 1415 Ἐκκλησία
934 1343 1132 1413 δηλαδὴ
1176 1343 1666 1415 καρποφοροῦντας,

99 1436 169 1486 τὰ
199 1432 374 1487 λοιπὰ
400 1432 572 1504 πλήθη
617 1433 938 1505 καταριθμεῖ
977 1433 1063 1486 διὰ
1092 1433 1203 1486 τοῦθ
1246 1453 1263 1484 ι
1305 1433 1413 1486 Kai.
1450 1434 1670 1503 ἐξανθή-

101 1543 296 1578 σουσιν
339 1528 401 1579 ὲκ
442 1525 644 1588 πόλεως
679 1525 808 1578 ὡσεὶ
852 1526 1038 1595 χόρτος
1078 1526 1173 1595 τῆς
1204 1524 1324 1593 γῆς.
1360 1544 1379 1576 ι
1426 1521 1536 1578 Εἶτ’
1579 1525 1671 1578 ἐπὶ

99 1618 326 1681 τούτοις
363 1618 605 1686 λέγεται·
655 1636 674 1668 t
708 1618 899 1669 Ἔσται
930 1618 989 1669 τὸ
1028 1618 1193 1687 ὄνομα
1232 1617 1393 1671 αὐτοῦ
1432 1618 1511 1681 είς
1549 1617 1671 1681 τοὺς

101 1710 339 1773 αἰῶνας.
372 1730 388 1761 ι
426 1710 772 1780 Διαμένοντος
796 1709 853 1762 δὲ
884 1710 979 1763 καὶ
999 1710 1391 1773 διαιωνίζοντος
1415 1709 1507 1762 τοῦ
1542 1710 1673 1779 Χρι-

104 1796 237 1849 στοῦ
266 1798 546 1867 ὀνόματος,
573 1799 1123 1869 συμπαρεκτείνεσθαι
1152 1800 1244 1852 καὶ
1265 1799 1672 1869 τὺΧριστιανῶν
1714 1790 1742 1819 ’·

1770 614 1944 668 instar
1992 612 2097 667 feni
2149 611 2473 679 eﬂlorescit,
2528 618 2855 668 memoratus
2904 610 3117 667 fructus
3168 612 3310 681 ejus,

1773 714 1929 777 longe
1977 705 2337 776 praestabilior
2387 704 2681 773 meliorque
2720 701 2842 757 leno
2882 710 3074 766 terrae;
3124 719 3316 773 quam-

1772 799 1957 852 obrem
1975 796 2323 867 praepositum
2343 795 2443 850 fuit
2462 794 2593 850 illud
2617 813 2630 849 :
2654 813 2672 846 t
2704 793 3202 864 Superexaltabitur
3230 810 3312 849 su-

1772 904 1865 959 per
1899 887 2163 942 Libanum
2196 880 2405 942 fructus
2436 888 2555 955 ejus
2587 904 2601 941 :
2642 905 2659 938 ι
2698 892 2817 955 post
2849 884 3081 939 fructum
3136 891 3316 939 autem

1772 982 1924 1035 illum
1975 980 2388 1049 praacellentem,
2425 978 2680 1057 videlicet
2708 985 2832 1046 post
2870 992 2963 1032 eos
2997 976 3087 1046 qui
3122 975 3175 1029 in
3212 974 3315 1029 Ec-

1772 1074 1937 1128 clesia
1966 1070 2317 1135 fructiﬁcant,
2349 1070 2613 1139 reliquam
2656 1068 3055 1123 multitudinem
3093 1082 3315 1123 enume-

1775 1174 1879 1226 rat,
1911 1162 1990 1218 sic
2022 1150 2210 1216 dicens
2242 1176 2255 1211 :
2297 1179 2315 1211 ι
2346 1159 2413 1212 Et
2438 1158 2701 1214 ﬂorebunt
2722 1158 2788 1213 de
2816 1159 3033 1213 civitate
3079 1144 3220 1215 sicut
3241 1157 3316 1214 ie-

1776 1270 1903 1308 num
1934 1261 2110 1308 terrae.
2143 1271 2161 1305 ›
2192 1248 2499 1307 Secuan
2529 1250 2642 1305 haec
2674 1250 2909 1304 dicitur:
2940 1248 3092 1303 «Erit
3123 1265 3319 1305 nomen

1775 1348 1894 1415 ejus
1922 1346 1977 1401 in
2004 1345 2219 1400 saecula.
2260 1361 2280 1395 ι
2314 1342 2446 1398 Cum
2495 1357 2658 1413 porro
2707 1357 2900 1396 nomen
2945 1338 3147 1395 Christi
3195 1356 3318 1411 per-

1776 1447 1939 1508 petuo
1992 1443 2226 1500 maneat,
2279 1441 2673 1503 conseqnenter
2729 1448 2855 1488 sane
2890 1432 3319 1486 Christianorum

1775 1546 1974 1586 nomen
2005 1528 2343 1584 tantumdem
2378 1526 2639 1597 temporis
2688 1526 3043 1596 permanebit.
3075 1525 3188 1581 lloc
3221 1540 3319 1579 au-

1778 1632 1881 1676 tem
1902 1636 2101 1676 nomen
2126 1618 2273 1691 quod
2303 1628 2386 1676 est
2408 1633 2570 1689 super
2586 1632 2745 1673 omne
2764 1634 2959 1673 nomen
2983 1628 3109 1673 ante
3135 1616 3323 1673 mundi

1776 1712 2218 1767 constitutionem
2253 1717 2371 1764 erat
2407 1721 2614 1778 :quare
2632 1707 2836 1763 dictum
2869 1716 2951 1762 est
2978 1726 2990 1762 :
3030 1728 3047 1759 ς
3079 1709 3217 1764 Ante
3241 1721 3325 1763 so-

1777 1804 1880 1858 lem
1908 1808 2193 1873 permanet
2234 1816 2429 1856 nomen
2462 1799 2601 1869 ejus.
2639 1817 2657 1851 ›
2696 1797 2958 1868 Superius
3006 1814 3219 1868 quoque
3248 1799 3322 1855 di-

101 1886 283 1955 ὅνομα
316 1888 599 1941 ἀκόλουθον
626 1888 692 1941 ἂν
721 1888 824 1957 εἴη.
859 1888 1025 1941 Τοῦτο
1064 1889 1119 1940 δὲ
1152 1888 1211 1940 τὸ
1255 1887 1421 1957 ὄνομα
1449 1888 1509 1940 τὸ
1543 1888 1674 1959 ὑπὲρ

1778 1893 2020 1959 cebatur,
2047 1906 2460 1961 permansurum
2486 1903 2606 1945 esse
2627 1902 2748 1943 cum
2778 1888 2890 1943 sole
2921 1896 2973 1942 et
2998 1897 3120 1941 ante
3137 1888 3319 1942 lunam

105 1981 219 2030 πᾶν
252 1977 425 2047 ὄνομα
456 1980 549 2031 καὶ
592 1979 696 2047 πρὸ
734 1980 831 2049 τῆς
860 1978 951 2030 τοῦ
984 1979 1185 2047 κόσμου
1221 1979 1525 2041 συστάσεως
1565 1974 1630 2049 ἧν
1655 1996 1667 2009 ·

102 2070 185 2122 διὸ
214 2068 464 2139 εἴρηται·
506 2087 524 2119 ‹
562 2069 673 2139 Πρὸ
703 2069 795 2121 τοῦ
830 2069 977 2141 ἡλίου
1022 2069 1261 2137 διαμένει
1291 2069 1349 2121 τὸ
1381 2069 1547 2139 ὄνομα
1578 2070 1673 2121 αὑ·
1716 2062 1717 2065 “

102 2158 228 2214 τοῦ.
273 2178 294 2209 ι
336 2157 442 2211 Ka‘t
482 2157 733 2230 ἀνωτέρω
761 2158 815 2211 δὲ
848 2159 1061 2227 ἐλέγετο
1109 2159 1550 2229 συμπαραμένειν
1598 2160 1674 2229 τῷ

106 2246 248 2317 ἡλίῳ
284 2246 381 2299 καὶ
425 2246 527 2317 πρὸ
547 2247 641 2318 τῆς
672 2248 895 2319 σελήνης
917 2251 993 2311 εἰς
1016 2248 1205 2317 γενεὰς
1232 2248 1450 2317 γενεῶν.
1487 2251 1604 2303 Ὅτι
1622 2251 1676 2303 δὲ

105 2338 292 2392 ταῦτα
327 2340 385 2392 οὐ
425 2340 643 2393 δυνατὸν
679 2340 842 2412 θνητῇ
878 2342 1183 2412 ἐφαρμόσαι
1217 2342 1394 2410 φύσει,
1437 2342 1673 2411 φθάσαν-

107 2446 200 2491 τες
233 2428 343 2499 ἤδη
391 2429 823 2500 παρεστήσαμεν.
872 2431 1023 2484 Μετὰ
1072 2428 1237 2483 ταῦτα
1290 2431 1346 2484 δὲ
1396 2431 1671 2484 λέλεκται·

114 2538 133 2569 ‹
168 2519 288 2571 Καὶ
327 2518 800 2590 ὲνευλογηθήσεται
830 2522 886 2572 ὲν
917 2520 1064 2592 αὐτῷ
1106 2522 1280 2574 πάντα
1310 2520 1379 2573 τὰ
1424 2520 1546 2589 ἔθνη
1580 2519 1677 2587 τῆς

109 2613 234 2680 γῆς.
309 2630 329 2661 ι
394 2606 487 2672 Οἷς
543 2611 879 2681 παραθήσεις
937 2612 1025 2664 τὸν
1088 2612 1333 2681 φήσαντα
1390 2611 1525 2682 πρὸς
1587 2611 1675 2662 τὸν

122 2700 385 2773 Ἀϐραὰμ
428 2702 701 2771 χρησμόψ
750 2719 769 2753 ι
802 2702 911 2763 Καὶ
946 2701 1448 2773 ὲνευλογηθήσονται
1501 2702 1557 2753 ἐν
1598 2701 1676 2773 τῷ

114 2790 398 2861 σπέρματί
430 2808 521 2843 σου
560 2791 735 2845 πάντα
763 2791 831 2845 τὰ
873 2783 997 2863 ἔθνη
1043 2792 1143 2860 τῆς
1182 2792 1301 2861 γῆς.
1342 2811 1360 2859 ι
1406 2793 1516 2845 Ka‘t
1560 2792 1674 2859 θέα,

112 2882 266 2946 ὅπως
315 2882 526 2952 ήνπρὺς
584 2883 671 2936 τὸν
720 2882 966 2955 Ἀϐραάμ
1011 2883 1307 2951 ἐπαγγελία
1358 2882 1682 2958 ἐφυλάττετο

113 2972 261 3027 κατὰ
282 2974 508 3044 χρόνους
530 2975 891 3047 ἀνανεουμένη
918 2974 983 3028 δι’
1014 2974 1238 3028 ἑκάστου
1269 2978 1559 3049 προφήτου.
1588 2977 1676 3046 Τῷ

116 3065 214 3134 μὲν
262 3063 375 3134 γὰρ
415 3064 658 3137 Ἀϐραὰμ
705 3066 902 3136 πρώτῳ
951 3066 1165 3121 λέλεκτο
1184 3067 1280 3119 τόο
1318 3085 1337 3118 ‹
1377 3067 1678 3139 Εὑλογηθή-

115 3171 301 3208 σονται
337 3157 393 3208 ὲν
420 3155 495 3225 τῷ
525 3156 792 3227 σπέρματί
817 3174 909 3210 σου
942 3158 1114 3211 πάντα
1140 3158 1207 3210 τά
1228 3156 1351 3229 ἔθνη
1382 3158 1477 3227 τῆς
1506 3157 1669 3227 γῆς’»

116 3243 258 3312 μετὰ
290 3242 347 3295 δὲ
375 3244 549 3297 ταῦτα
581 3248 608 3298 6
645 3245 840 3299 Ἰακὼϐ
874 3246 1137 3311 θεσπίζων
1168 3248 1294 3315 περὶ
1319 3247 1412 3300 τοῦ
1443 3247 1675 3318 Χριστοῦ

115 3334 530 3405 ἀναγέγραπται
574 3336 843 3410 εἰρηκώς’
882 3355 900 3389 t
951 3339 1064 3391 Οὐκ
1113 3339 1347 3408 ἐκλείψει
1392 3340 1572 3409 ἄρχων
1617 3339 1676 3404 ἐξ

126 3427 300 3481 ’ἰούδα
330 3429 430 3492 ἕως
457 3429 520 3481 ἂν
545 3430 669 3501 ἔλθῃ
700 3430 727 3482 ὃ
757 3430 1041 3483 ἀπόκειται
1072 3434 1146 3501 (1)
1167 3450 1180 3461 ·
1214 3434 1307 3486 καὶ
1334 3433 1491 3495 αὐτὸς
1528 3432 1675 3485 ἔσται

116 3518 427 3588 προσδοκία
441 3518 627 3573 ἐθνῶν.
679 3540 698 3572 ι
736 3521 845 3573 Καὶ
872 3524 929 3573 ἐν
957 3524 1066 3583 τοῖς
1106 3520 1239 3591 μετὰ
1273 3520 1441 3573 ταῦτα
1469 3522 1678 3591 χρόνοις

115 3606 275 3673 αὖθις
311 3607 519 3679 εἴρηται
560 3608 649 3661 διὰ
688 3607 780 3661 τοῦ
824 3608 1080 3678 Βαλαάμ·
1131 3628 1148 3660 t
1198 3608 1557 3673 Ἐξελεὺσεται
1587 3609 1677 3662 άν-

116 3702 339 3773 θρωπος
396 3701 460 3753 ὲκ
511 3698 604 3753 τοῦ
658 3699 963 3771 σπέρματος
1016 3700 1195 3763 αὐτοῦ,
1253 3700 1344 3753 καὶ
1396 3700 1668 3771 κυριεύσει

116 3791 287 3843 ἐθνῶν
322 3782 543 3843 πολλῶν.
588 3809 606 3842 ι
641 3790 751 3845 Καὶ
782 3792 1019 3861 Μωῦσῆς
1047 3793 1103 3847 δὲ
1133 3792 1240 3845 τῶν
1271 3791 1434 3846 ἐθνῶν
1481 3792 1536 3846 ἐν
1565 3793 1672 3866 ᾠδῇ

120 3882 335 3951 μεγάλῃ
384 3880 621 3951 μέμνητο
668 3881 871 3949 λέγων·
927 3900 945 3933 ‹
984 3882 1353 3955 Εὐφράνθητε,
1389 3883 1513 3955 ἔθνη
1552 3883 1677 3947 λαὸς

117 3973 283 4027 αὑτοῦ
313 3989 325 4002 ·
386 3974 478 4027 καὶ
523 3973 1073 4043 προσκυνησάτωσαν.
1107 3972 1254 4043 αὐτῷ
1310 3973 1509 4036 πάντες
1574 3975 1680 4027 υἱοὶ

117 4062 276 4114 Θεοῦ.
314 4079 332 4113 ι
359 4062 539 4126 Οὕτως
572 4058 661 4116 οὖν
688 4063 777 4115 καὶ
804 4062 1028 4115 ἐνταῦθα
1057 4063 1123 4115 τὰ
1152 4063 1284 4133 πρὸς
1312 4064 1401 4118 τὸν
1434 4063 1678 4135 Ἀϐραὰμ

118 4152 206 4204 διὰ
260 4150 358 4205 τοῦ
399 4152 644 4224 χρησμοῦ
696 4152 1088 4223 τεθεσπισμένα
1137 4154 1572 4224 ἐπαναλαμϐάνει
1620 4158 1679 4211 τὸ

118 4244 301 4311 λόγιον
327 4241 568 4295 διδάσκον
589 4244 691 4296 οὐκ
717 4243 886 4306 ἄλλως
914 4243 944 4312 ἢ
976 4245 1062 4297 διὰ
1085 4243 1175 4297 τοῦ
1206 4244 1437 4315 Χριστοῦ
1464 4245 1679 4318 πληρω-

119 4328 403 4399 θήσεσθαι,
449 4329 681 4397 (pacator
733 4349 750 4380 ι
802 4330 911 4384 Καὶ
955 4332 1399 4402 εὐλογηθήσονται
1445 4336 1500 4387 ὲν
1533 4335 1678 4406 αὐτῷ

1777 1986 1830 2039 in
1890 1984 2266 2054 generationes
2316 1982 2747 2054 generationum.
2795 1978 2948 2045 Quod
3008 1993 3132 2033 vero
3186 1978 3319 2033 illud

1774 2076 1990 2130 mortali
2020 2082 2231 2129 natura:
2257 2073 2498 2143 coaptari
2532 2078 2787 2142 nequeat,
2828 2070 2938 2139 jam
2972 2070 3323 2140 comprobare

1774 2166 2181 2235 occupavimus.
2218 2163 2330 2218 Sub
2369 2164 2485 2218 haec
2512 2172 2691 2217 autem
2728 2162 2971 2217 dicitur:
3009 2179 3027 2212 ι
3066 2160 3322 2225 Εινϋεηθ-

1776 2255 2022 2309 dicentur
2045 2255 2100 2308 in
2119 2254 2235 2324 ipso
2254 2268 2441 2308 omnes
2471 2258 2658 2322 gentes
2674 2258 2854 2308 terrae.
2889 2271 2909 2304 ι
2948 2252 3157 2318 Quibus
3189 2267 3322 2308 con-

1776 2344 1918 2399 i'eras
1958 2344 2113 2398 velim
2146 2344 2251 2398 hoc
2280 2347 2559 2399 oraculum
2589 2342 2659 2397 ad
2686 2342 3054 2398 Abrahamum
3091 2344 3275 2398 datum
3304 2362 3319 2398 :

1782 2454 1797 2485 ι
1829 2434 1893 2488 Ει
1948 2434 2339 2490 benedicentur
2386 2434 2443 2488 in
2502 2434 2706 2491 semine
2748 2442 2841 2489 tuo
2888 2447 3079 2489 omnes
3138 2442 3324 2503 gentes

1776 2527 2016 2582 terrae“.
2061 2546 2078 2578 ι
2114 2527 2179 2581 Et
2228 2527 2517 2600 perpende,
2556 2541 2760 2598 quaeso,
2793 2525 3207 2598 promissionem
3258 2527 3326 2582 ad

1774 2616 2140 2671 Abrahamum
2187 2616 2407 2681 factam,
2453 2614 2813 2685 subsequenti
2853 2620 3095 2683 tempore
3135 2625 3321 2667 serva-

1774 2719 1905 2773 tam,
1937 2723 2001 2763 ac
2028 2723 2125 2777 per
2158 2708 2403 2777 singulos
2451 2704 2744 2775 prophetas
2785 2711 3093 2759 renovatam
3134 2701 3323 2757 fuisse.

1775 2800 1985 2855 Atenim
2028 2798 2336 2853 Abrahamo
2365 2797 2600 2866 primum
2630 2793 2833 2849 dictum
2871 2792 3010 2848 fuit:
3044 2812 3062 2844 ι
3096 2791 3325 2849 Benedi-

1775 2899 1971 2946 centur
1998 2890 2051 2943 in
2100 2888 2307 2945 semine
2332 2894 2429 2941 tuo
2472 2900 2661 2941 omnes
2700 2890 2883 2955 gentes
2929 2891 3104 2938 terrae.
3144 2901 3163 2934 ι
3195 2882 3325 2941 Post

1776 2980 1891 3035 haec
1913 2977 2079 3033 Jacob
2106 2977 2173 3033 de
2205 2976 2422 3032 Christo
2446 2976 2751 3030 vaticinans
2781 2973 2986 3029 dixisse
3015 2971 3275 3027 scribitur
3301 2986 3317 3023 :

1784 3087 1802 3119 ι
1835 3066 1955 3121 Non
1988 3066 2482 3136 dehcietprinceps
2510 3079 2576 3120 ex
2608 3062 2767 3128 Juda,
2800 3063 2970 3118 donec
3004 3062 3183 3117 veniat
3224 3062 3315 3117 cui

1778 3159 2072 3228 repositum
2091 3165 2174 3212 est
2204 3150 2294 3211 :et
2326 3158 2439 3227 ipse
2466 3157 2570 3211 erit
2600 3153 2931 3227 exspectatio
2956 3153 3271 3225 gentium“.
3299 3172 3316 3205 I

1778 3247 2086 3303 Secundum
2131 3247 2244 3300 haec
2278 3254 2521 3316 tempora
2554 3260 2770 3300 rursum
2803 3260 2833 3298 a
2857 3244 3076 3299 Balaam
3115 3246 3321 3321 dictum

1775 3345 1896 3393 est:
1937 3354 1958 3389 ι
1993 3337 2312 3408 Egredietur
2354 3336 2518 3391 homo
2548 3350 2612 3391 ex
2654 3336 2859 3390 semine
2891 3335 3030 3405 ejus,
3066 3347 3119 3391 et
3150 3322 3323 3389 domi-

1775 3428 1994 3482 nabitur
2012 3428 2264 3499 gentibus
2292 3426 2478 3482 multis
2497 3426 2559 3480 "’.
2589 3444 2607 3477 ι
2649 3424 2856 3496 Moyses
2882 3425 3011 3480 item
3041 3427 3097 3482 in
3126 3440 3324 3495 magno

1775 3519 1985 3574 cantico
2011 3519 2248 3591 gentium
2266 3518 2508 3575 meminit
2523 3517 2708 3572 dicens
2737 3535 2789 3572 ιι
2821 3514 3117 3581 Laetamini,
3137 3525 3323 3585 gentes

1776 3609 2009 3678 populus
2038 3610 2157 3679 ejus
2191 3626 2205 3663 :
2239 3616 2292 3664 et
2313 3608 2536 3664 adorent
2570 3624 2693 3663 eum
2734 3622 2923 3664 omnes
2957 3606 3051 3660 ﬁlii
3081 3605 3173 3661 Dei
3190 3606 3254 3659 ⁸⁸.
3296 3626 3317 3658 ι

1776 3700 1867 3757 Sic
1898 3702 2063 3772 igitur
2090 3703 2193 3757 hoc
2237 3702 2359 3757 loco
2403 3718 2523 3772 qua:
2566 3717 2661 3773 per
2696 3702 2976 3757 oraculum
3002 3702 3321 3758 .Abrahamo

1778 3793 2139 3865 praenuntiata
2184 3784 2400 3846 fuerant
2435 3800 2803 3857 resumuntur,
2839 3792 2966 3847 dum
2998 3808 3060 3849 ea
3102 3809 3210 3848 non
3253 3794 3323 3848 ab

1774 3886 1881 3939 alio
1919 3899 2080 3954 quam
2124 3898 2155 3937 a
2192 3882 2411 3939 Christo
2456 3883 2725 3953 implenda
2765 3898 2886 3938 esse
2928 3882 3187 3937 docemur
3234 3882 3321 3937 bis

1774 3975 1955 4031 verbis
1989 3993 2003 4029 :
2042 3992 2060 4025 ‹
2099 3972 2167 4028 Et
2194 3973 2582 4029 benedicentur
2630 3973 2685 4026 in
2738 3973 2858 4043 ipso
2900 3986 3089 4027 omnes
3132 3962 3349 4043 gentes.

1777 4078 1953 4122 terrae.
1990 4085 2008 4117 ι
2040 4064 2242 4121 Deinde
2265 4078 2391 4119 vero
2425 4065 2538 4117 ait:
2585 4080 2603 4113 ι
2640 4060 2840 4117 Omnes
2877 4069 3062 4133 gentes
3102 4063 3317 4118 beatum

1777 4156 2149 4230 praedicabunt
2178 4171 2325 4210 eum.
2363 4174 2381 4207 ›
2410 4153 2687 4221 Quomodo
2713 4155 2929 4208 beatum
2952 4152 3320 4223 praedicabunt

1776 4263 1897 4302 eum
1930 4262 2117 4302 omnes
2136 4244 2362 4316 gentes?
2389 4259 2482 4314 per
2501 4242 2885 4299 beatitudinem
2916 4256 3068 4297 suam
3091 4242 3318 4313 gratiam

1776 4339 1895 4407 ejus
1926 4337 2282 4392 declarantes.

122 4425 296 4477 πάντα
333 4423 403 4476 τὰ
433 4422 555 4494 ἔθνη
616 4424 714 4494 τῆς
743 4424 865 4494 γῆς.
900 4443 918 4474 ι
963 4421 1075 4477 Εἶθ’
1102 4425 1225 4495 ὲξῆς
1264 4444 1394 4497 φησι
1428 4444 1440 4457 ’
1479 4448 1497 4480 t
1530 4430 1711 4483 Πάντα
1744 4430 1811 4483 τὰ
1855 4430 1977 4502 ἔθνη
2024 4428 2376 4501 μκαριοῦσιν
2413 4428 2592 4482 αὐτόν.
2628 4447 2647 4479 ›
2690 4427 2806 4492 Πῶς
2848 4428 2904 4482 δὲ
2966 4425 3317 4497 μακαριοῢσιν

120 4518 280 4572 αὑτὸν
304 4518 478 4571 πάντα
516 4518 583 4571 τὰ
614 4517 770 4587 ἐθνης
798 4517 883 4572 διὰ
912 4518 1009 4589 τῆς
1033 4520 1089 4572 ἐν
1121 4522 1299 4584 αὐτοῖς
1336 4523 1727 4594 μακαριότητος
1751 4524 1847 4594 τὴν
1874 4524 1933 4589 ἐξ
1953 4524 2114 4577 αὑτοῦ
2142 4524 2296 4595 χάριν
2339 4521 2694 4593 παριστῶντα.

194 4626 213 4658 ι
246 4607 548 4678 Εὑλογητῖις
578 4607 777 4686 Κύριος
811 4611 840 4661 6
868 4608 995 4672 Θεὸς
1036 4611 1266 4682 Ἰσραὴλ,
1300 4614 1328 4664 6
1352 4613 1517 4665 ποιῶν
1541 4613 1661 4664 θαυ-

1845 4616 2007 4686 Vens.
2037 4615 2124 4680 18,
2152 4602 2291 4667 Ξυί(
2317 4610 2639 4669 Benedictus
2673 4609 2932 4666 Dominus
2954 4609 3095 4666 Deus
3125 4607 3312 4677 Israel,

125 4697 294 4766 μάσια
539 4716 558 4748 ι
594 4698 968 4768 Εὑλογούμενα
994 4700 1061 4752 τὰ
1090 4700 1231 4772 ,ἔθνη
1270 4703 1326 4755 ὲν
1356 4702 1433 4771 τῷ
1465 4719 1673 4773 προφη-

120 4787 395 4858 τευομένῳ
420 4786 559 4841 κατὰ
584 4786 643 4838 τὸ
669 4786 841 4854 λόγιον
867 4788 927 4841 τὸ
956 4790 1130 4859 φῆσαν
1148 4807 1161 4819 ·
1200 4809 1218 4842 t
1250 4792 1358 4844 Καὶ
1381 4792 1672 4861 εὐλογηθή-

124 4893 305 4931 σονται
339 4880 397 4931 ἐν
439 4875 585 4942 αὒτῷ
621 4876 795 4929 πάντα
843 4876 910 4929 τὰ
953 4876 1111 4949 ἔθνη·
1152 4900 1170 4931 ι
1209 4880 1356 4945 αὔξει
1392 4882 1489 4953 τήν
1535 4880 1673 4934 κατὰ

123 4966 253 5031 Θεὸν
276 4966 520 5037 αὔξησιν,
546 4966 636 5020 καὶ
656 4964 900 5036 πληθύει,
926 4968 1135 5040 καὶτῆς
1152 4971 1253 5041 γῆς
1275 4972 1670 5042 κατακυριεόει.

124 5058 513 5129 Διόπερηφησὶν
534 5060 561 5111 6
586 5059 724 5123 θεῖος
751 5059 1063 5124 Ἀπόστολος
1080 5079 1093 5091 ·
1130 5082 1148 5114 t
1178 5064 1473 5134 Εὐλογητὸς
1495 5066 1522 5116 6
1543 5064 1671 5129 Θεὸς

124 5150 151 5201 6
190 5148 487 5220 εὐλογήσας
532 5150 677 5222 ήμᾶς
708 5153 766 5205 ὲν
810 5150 956 5224 πάσῃ
1004 5151 1219 5223 εὐλογίᾳ
1250 5155 1603 5224 πνευματικῇ.
1647 5173 1665 5206 ι

126 5239 278 5292 Οὕτω
304 5238 362 5290 δὲ
393 5238 601 5308 ἔχοντα,
637 5242 944 5310 ἀντευλογεῖ
975 5242 1062 5295 τὸν
1088 5244 1186 5312 τῆς
1218 5238 1464 5313 ε’ὑλογίας
1492 5245 1670 5311 αὐτοῖς

129 5327 291 5380 αἴτιον
318 5326 699 5399 γεγενημένον.
731 5331 821 5383 Διὸ
849 5330 1057 5400 πρῶτον
1090 5332 1185 5400 μὲν
1213 5330 1541 5402 ἐμακάριζον
1571 5331 1668 5385 αὐ-

128 5420 233 5480 τὴν,
266 5414 383 5471 εἶτα
423 5417 516 5470 καὶ
555 5416 790 5486 εὐλογεῖν
828 5405 1128 5476 διδάσκεται
1173 5420 1261 5473 διὰ
1308 5419 1401 5479 τοῦ
1457 5420 1671 5489 λέγειν’

133 5524 151 5554 ο
188 5508 486 5579 εὐλογητὸς
510 5506 709 5579 Κύριος
739 5511 775 5561 ὀν
791 5509 920 5574 Θεὸς
962 5512 1192 5583 Ἰσραήλ,
1217 5514 1246 5565 6
1274 5510 1438 5565 ποιῶν
1460 5512 1665 5582 θαυμά-

132 5610 217 5647 σια
262 5597 434 5661 μόνος.
480 5616 497 5648 ι
545 5596 815 5665 Ἐπιτήρει
857 5598 932 5667 δὲ,
975 5601 1048 5664 ὡς
1096 5602 1315 5656 ἕκαστον
1370 5602 1533 5673 μέρος
1570 5602 1663 5673 τῆς

1774 4688 1866 4776 qui
1927 4707 2057 4761 facit
2108 4706 2373 4760 mirabilia
2412 4702 2601 4777 solus.
2645 4721 2663 4752 ι
2700 4704 2835 4755 Cum
2886 4716 3073 4772 gentes
3125 4702 3177 4756 in
3223 4718 3309 4767 eo,

1773 4813 1932 4867 quem
1966 4790 2244 4867 prophetia
2266 4794 2486 4855 indicat,
2518 4790 2945 4847 benedictionem
2980 4792 3309 4862 acceperint,

1772 4899 1932 4958 prout
1964 4877 2219 4957 superius
2250 4884 2513 4941 habetur:
2545 4903 2565 4936 ι
2594 4877 2664 4939 Et
2683 4884 3069 4941 benedicentur
3099 4883 3155 4937 in
3194 4884 3310 4952 ipso

1772 4991 1960 5033 omnes
2012 4981 2233 5045 gentes;
2283 4993 2301 5027 ι
2334 4974 2645 5029 accessione
2703 4977 2956 5027 crescunt
3014 4969 3309 5027 secundum

1772 5065 1962 5127 Deum,
2006 5060 2440 5131 multiplicantur
2472 5074 2543 5135 et
2565 5070 2723 5116 terrae
2766 5060 3133 5115 dominantur.
3165 5058 3311 5122 Qua-

1768 5156 1985 5222 propter
2006 5148 2083 5200 ait
2122 5145 2343 5204 divinus
2374 5148 2662 5218 Apostolus
2695 5166 2708 5202 :
2745 5166 2763 5198 ι
2796 5146 3113 5203 Benedictus
3144 5144 3307 5209 Deus.

1766 5240 1858 5310 qui
1881 5236 2150 5293 benedixit
2167 5252 2269 5293 nos
2290 5238 2345 5294 in
2362 5236 2508 5293 omni
2524 5238 2899 5299 benedictione
2920 5235 3269 5307 spirituali".
3284 5254 3302 5287 ι

1767 5331 1902 5385 Cum
1934 5329 2006 5381 ita
2035 5342 2200 5397 porro
2239 5345 2300 5385 se
2330 5327 2661 5391 reshabea‘t,
2691 5326 3084 5385 benedictionis
3117 5334 3308 5381 aucto-

1766 5436 1879 5474 rem
1910 5433 1940 5473 e
1980 5432 2246 5473 converso
2298 5416 2641 5474 benedicunt.
2671 5418 2849 5484 Quare
2885 5416 3059 5488 primo
3089 5415 3303 5486 quidem

1768 5511 1982 5566 beatum
2006 5508 2299 5576 praedicant
2328 5520 2486 5572 eum;
2518 5506 2712 5562 deinde
2749 5504 3101 5561 benedicendi
3134 5501 3303 5577 ratio-

1768 5616 1888 5656 nem
1927 5598 2219 5653 edocentur
2268 5596 2349 5652 his
2372 5595 2595 5652 verbis:
2629 5614 2649 5651 t
2684 5594 3001 5655 Benedictus
3044 5593 3305 5653 Dominus

196 5692 396 5753 “Gen.
424 5676 560 5749 xm.
594 5690 678 5747 18.
754 5690 946 5749 “Gen.
979 5710 1122 5757 κων.
1154 5699 1231 5752 ιυ.
1310 5700 1351 5739 ’⁷
1385 5694 1540 5753 Num.
1585 5713 1673 5753 ιιι

1774 5696 1844 5751 l9.
1924 5695 1963 5729 ⁸⁸
1990 5695 2124 5748 Deut
2178 5707 2346 5756 xxxii,
2380 5689 2467 5745 63.
2534 5690 2577 5727 ⁸³
2611 5688 2811 5760 Ephes-
2839 5706 2876 5748 ι.
2912 5692 2961 5745 3.

201 5788 273 5833 tta
308 5783 445 5853 Lege
474 5780 517 5852 ᾧ
541 5786 838 5842 ἀπόκειται.
876 5820 878 5823 -
