3950 6342
668 398 770 460 819

1323 408 1586 465 EUSEBII
1620 410 2089 471 CASSARIENSIS
2124 414 2271 471 OPP.
2313 415 2489 470 PARS
2525 414 2613 470 III.
2644 446 2712 457 --
2748 414 3155 472 EXEGETICA.

3697 412 3834 470 *8‘20

672 517 813 571 Deus
847 514 1033 580 Israel,
1078 519 1169 588 qui
1207 518 1335 573 facit
1373 523 1636 578 mirabilia
1687 527 1855 587 solus,
1909 549 1927 578 ι
1963 528 2200 583 Observa

2315 530 2480 583 Ξίὸλου
2508 531 2611 584 τῶν
2625 531 2863 600 Ψαλμῶν
2900 526 2978 594 εῑς
3004 531 3182 601 ὅμοιον
3208 531 3496 601 καταλήγει
3535 530 3699 592 τέλος.
3740 526 3834 580 Τοῦ

667 623 830 676 porro
855 610 1094 678 singulas
1130 611 1252 665 libri
1287 611 1624 668 Psalmorum
1661 627 1842 684 partes
1887 620 2115 672 similem
2151 622 2204 674 in

668 701 825 753 tinem
850 701 1116 757 desinere.
1154 703 1285 756 Nam
1317 706 1506 772 primae
1533 709 1702 773 partis
1729 717 2032 776 postremus
2065 712 2206 778 psal-

669 809 790 846 mus
827 802 943 846 erat
981 794 1450 863 quadragesimus,
1499 798 1589 865 qui
1637 800 1714 852 sic
1761 800 1811 852 in
1846 802 1947 854 fine
1994 803 2151 855 habet
2189 822 2200 856 :

675 899 690 928 ι
707 881 1018 935 Benedictus
1037 881 1290 935 Dominus
1307 883 1444 940 Deus
1467 885 1627 941 Israel
1648 904 1712 942 ex
1731 905 1869 943 nunc
1891 902 1940 945 et
1959 892 2009 944 in
2033 908 2201 946 saecu-

663 972 800 1036 lum,
821 973 932 1035 ﬁat,
957 972 1061 1026 ﬁat.
1078 993 1095 1023 ›
1119 974 1378 1029 δεευηότε
1408 978 1576 1043 partis
1607 980 1826 1034 ultimus
1853 990 1935 1033 est
1962 983 2047 1036 hic
2071 985 2208 1050 psal-

658 1079 809 1126 mus,
843 1065 932 1134 qui
965 1065 1212 1120 similiter
1232 1067 1288 1119 in
1324 1067 1426 1118 ﬁne
1442 1068 1605 1120 dicit:
1636 1087 1652 1117 ι
1678 1069 1996 1124 Benedictus
2031 1071 2210 1129 Domi-

659 1170 770 1208 nus
807 1155 942 1208 Deus
988 1153 1169 1216 Israel,
1203 1157 1292 1224 qui
1348 1155 1475 1208 facit
1530 1158 1797 1211 mirabilia
1829 1162 1997 1214 solus.
2020 1161 2083 1212 Et
2113 1162 2206 1215 be-

668 1246 944 1300 nedictum
993 1261 1191 1301 nomen
1245 1248 1426 1316 gloriae
1459 1247 1598 1316 ejus,
1632 1268 1648 1299 ι
1692 1257 1745 1304 et
1775 1261 1984 1305 extera.
2017 1251 2209 1308 Tertia:

665 1338 837 1407 partis
895 1345 1200 1407 postremus
1255 1347 1338 1394 est
1398 1356 1657 1402 Lxxxvm,
1698 1343 1853 1410 cujus
1912 1344 2031 1398 ﬁnis
2079 1353 2204 1398 est:

671 1447 692 1479 σ
726 1421 1044 1490 Benedictus
1073 1429 1331 1484 Dominus
1389 1431 1440 1483 in
1499 1433 1750 1485 sreculum
1807 1453 1817 1486 :
1868 1435 1979 1500 ﬁat,
2035 1435 2144 1488 ﬁat.
2186 1457 2201 1486 ι

665 1517 794 1572 Item
817 1526 1022 1587 quarta
1045 1519 1212 1587 partis
1239 1521 1457 1576 ultimus
1485 1529 1568 1575 est
1592 1537 1676 1584 cv,
1706 1523 1866 1591 hujus
1887 1540 2012 1577 vero
2042 1525 2162 1580 ﬁnis
2193 1543 2204 1575 :

669 1628 694 1658 c
729 1609 1047 1663 Benedictus
1100 1609 1358 1665 Dominus
1419 1612 1557 1667 Deus
1611 1613 1774 1668 Israel
1837 1631 1865 1668 a
1911 1617 2106 1668 saeculo
2160 1624 2210 1669 et

654 1715 839 1776 usque
866 1701 919 1752 in
954 1702 1229 1766 saeculum,
1273 1709 1326 1756 et
1359 1704 1495 1757 dicet
1549 1705 1725 1759 omnis
1760 1706 1989 1773 pupulus
2022 1725 2034 1758 :
2075 1705 2210 1769 Fiat,

670 1793 779 1846 ﬁat.
809 1811 828 1842 ι
855 1791 1049 1858 Quinta
1090 1809 1216 1863 pars
1243 1802 1420 1847 autem
1448 1795 1500 1846 in
1539 1814 1555 1844 ι
1581 1796 1788 1848 alleluia
1818 1817 1833 1846 ι
1872 1785 2209 1856 terminatur,

664 1901 773 1954 quo
803 1885 1106 1938 totusliber
1145 1883 1628 1938 circumscribitur.
1673 1885 1929 1938 Cancrum
1972 1902 2209 1954 prmsens
2242 1870 2280 1925 Β

666 1976 904 2044 psalmus
938 1982 1058 2044 post
1081 1983 1430 2028 memoratam
1458 1975 1523 2028 de
1545 1974 1762 2030 Christo
1790 1975 2206 2044 pnedietionem,

664 2066 851 2135 adjicit
878 2065 1006 2118 illud
1043 2085 1052 2116 :
1095 2085 1113 2114 ‹
1150 2065 1468 2120 Benedictus
1499 2065 1755 2120 Dominus
1795 2065 1935 2120 Deus
1964 2065 2149 2130 Israel,
2188 2087 2205 2118 ι

664 2156 977 2223 subditque,
1015 2174 1032 2206 ι
1068 2158 1158 2224 qui
1184 2156 1309 2210 facit
1345 2157 1607 2210 mirabilia
1642 2159 1806 2212 solus.
1849 2177 1864 2207 ι
1899 2159 2026 2223 Quae
2051 2163 2212 2213 mira-

669 2246 819 2311 bilia,
851 2246 954 2298 nisi
978 2262 1039 2301 ea
1060 2263 1176 2316 quae
1205 2249 1453 2317 superius
1474 2249 1630 2301 allata
1651 2258 1775 2305 sunt
1809 2267 1819 2299 ε
1842 2252 1980 2318 quod
2007 2252 2212 2305 scilicet

666 2336 1030 2394 descensurus
1055 2342 1126 2394 sit
1151 2342 1289 2394 sicut
1309 2342 1486 2409 pluvia
1512 2342 1566 2395 in
1590 2343 1780 2402 vellus,
1831 2343 2209 2396 humiliaturus

671 2432 744 2501 sit
802 2431 1269 2493 calumniatorem,
1328 2432 1470 2501 quod
1538 2447 1920 2500 permansurus
1970 2436 2038 2488 sit
2087 2449 2208 2487 cum

670 2521 792 2575 sole
820 2537 833 2583 ;
874 2520 1017 2588 quod
1047 2521 1100 2572 in
1120 2521 1308 2576 diebus
1334 2522 1452 2589 ejus
1479 2525 1683 2576 oritura
1713 2526 1782 2577 sit
1808 2526 2037 2593 justitia,
2068 2525 2210 2593 quod

671 2610 1048 2668 dominaturus
1068 2614 1188 2665 sita
1207 2615 1340 2667 mari
1366 2615 1429 2669 ad
1452 2631 1625 2679 mare;
1647 2617 1785 2685 quod
1809 2615 2047 2669 futurum
2071 2618 2136 2669 sit
2158 2625 2212 2669 ut

675 2700 954 2770 Ethiopes
987 2704 1267 2771 procidant
1291 2721 1470 2759 coram
1504 2707 1632 2772 illo;
1666 2707 1806 2776 quod
1839 2708 1976 2761 dona
2006 2707 2106 2775 ipsi
2147 2722 2211 2760 ex

671 2792 922 2846 omnibus
946 2793 1194 2861 gentibus
1225 2793 1493 2848 aﬁerenda
1543 2797 1680 2860 sint;
1715 2795 1855 2865 quod
1904 2796 2062 2849 etiam
2101 2797 2212 2864 ipse

673 2882 1064 2937 ﬁrmamentum
1095 2883 1305 2939 futurus
1341 2885 1412 2938 sit
1437 2884 1490 2937 in
1547 2892 1709 2948 terra,
1755 2894 1807 2941 et
1849 2885 2056 2938 fructus
2095 2886 2212 2952 ejus

672 2987 837 3041 super
864 2970 1126 3027 Libanum
1166 2974 1484 3028 exaltandus
1507 2975 1610 3039 sit;
1635 2983 1687 3028 et
1715 2975 1911 3028 similia
1942 2991 2059 3044 qua:
2113 2975 2212 3029 sub

673 3062 787 3115 hac
821 3063 1458 3129 enumerantuﬂQuibus
1487 3066 1738 3120 omnibus
1765 3065 1829 3118 ad
1857 3065 1968 3121 hzec
1987 3066 2211 3119 dicenda

673 3151 1042 3206 iustituimur:
1073 3171 1089 3202 ι
1113 3153 1429 3210 Benedictus
1456 3154 1713 3211 Dominus
1736 3155 1876 3211 Deus
1912 3156 2096 3218 Israel,
2119 3158 2211 3226 qui

2310 623 2404 691 μὲν
2432 623 2534 692 γὰρ
2573 620 2782 691 πρώτου
2815 621 3009 691 μέρους
3037 622 3334 684 τελευταῖος
3365 615 3431 689 ἦν
3463 622 3490 671 6
3527 623 3598 688 μ’;
3627 613 3685 672 οὗ
3711 619 3834 688 πρὸς

2305 712 2380 781 τῷ
2401 712 2536 764 τέλει
2571 711 2780 778 ἐλέγετο
2796 727 2808 740 ·
2837 729 2854 760 ‹
2886 710 3179 779 Εὐλογητὸς
3213 708 3408 778 Κύριος
3431 710 3458 760 6
3482 707 3614 769 Θεὸς
3639 706 3836 777 Ἰσραὴλ

2306 803 2521 855 ἀπὸτοῦ
2555 801 2646 854 νῦν
2673 800 2763 853 καὶ
2801 803 2878 864 εἰς
2921 801 3007 854 τὸν
3049 801 3237 852 αἰῶνα·
3272 799 3492 866 γένοιτο,
3534 799 3774 864 γένοιτο·
3818 816 3831 846 ι

2305 893 2396 945 τοῦ
2439 893 2492 944 δὲ
2526 892 2772 961 δευτέρου
2798 890 3091 954 τελευταῖος
3120 887 3186 960 ἦν
3218 893 3244 942 6
3277 890 3407 959 μετὰ
3441 890 3624 958 χεῖρας
3653 887 3836 956 ὁμοίως

2307 986 2396 1037 ἐπὶ
2426 986 2503 1052 τῷ
2551 984 2692 1036 τέλει
2742 984 2940 1050 λέγων·
3000 1003 3018 1032 ι
3068 981 3362 1050 Εὐλογητὸς
3401 980 3601 1050 Κύριος
3645 981 3671 1030 6
3720 977 3837 1039 Θεὸς

2319 1075 2530 1145 Ἰσραὴλ
2575 1077 2602 1127 6
2637 1074 2798 1125 ποιῶν
2832 1074 3099 1143 θαυμάσια
3143 1073 3315 1143 μόνος.
3344 1072 3453 1123 Καὶ
3479 1067 3760 1137 εὐλογητὸν
3787 1067 3839 1117 τὸ

2308 1167 2473 1235 ὄνομα
2504 1167 2599 1236 τῆς
2629 1165 2784 1235 δόξης
2812 1163 2992 1226 αὐτοῦ,
3037 1185 3054 1215 ι
3106 1166 3196 1217 καὶ
3227 1164 3290 1216 τὰ
3333 1165 3486 1232 ἑξῆς·
3518 1161 3610 1213 τοῦ
3649 1160 3702 1212 δὲ
3732 1158 3837 1229 τρί-

2307 1273 2400 1308 του
2453 1256 2647 1326 μέρους
2695 1256 2991 1318 τελευταῖος
3040 1259 3067 1308 6
3116 1262 3202 1325 πη¹
3255 1255 3524 1324 τυγχάνει,
3577 1245 3638 1303 οὗ
3668 1248 3834 1311 τέλος·

2315 1366 2332 1397 ‹
2368 1348 2665 1418 Εὐλογητὸς
2685 1348 2884 1418 Κύριος
2916 1350 2994 1409 είς
3020 1347 3108 1399 τὸν
3134 1346 3314 1398 αἰῶνα·
3342 1341 3564 1414 γένοιτο,
3589 1342 3832 1410 γένοιτο.)

2321 1438 2544 1507 Ὁμοίως
2572 1437 2627 1489 δὲ
2656 1440 2747 1490 καὶ
2780 1438 2874 1490 τοῦ
2905 1437 3158 1507 τετάρτου
3193 1437 3382 1506 μέρους
3419 1435 3715 1493 τελευταῖος
3750 1431 3834 1500 μὲν

2310 1528 2453 1580 ἔστιν
2483 1531 2509 1580 6
2536 1535 2630 1598 ρε’,
2661 1528 2806 1590 τέλος
2836 1528 2890 1580 δὲ
2934 1528 3118 1580 τούτου
3142 1545 3153 1557 ·
3195 1545 3212 1577 ι
3253 1526 3551 1593 Εὐλογητὸς
3583 1523 3776 1593 Κύριος
3812 1522 3836 1572 6

2306 1619 2439 1680 Θεὸς
2477 1618 2684 1688 Ἰσραὴλ
2716 1619 2820 1671 ἀπὸ
2862 1617 2953 1669 τοῦ
2998 1617 3189 1679 αἰῶνος
3229 1617 3320 1668 καὶ
3368 1618 3470 1678 ἕως
3501 1613 3592 1666 τοῦ
3639 1612 3832 1672 αἰῶνος,

2314 1708 2402 1760 καὶ
2435 1710 2549 1778 ἐρεῖ
2581 1710 2684 1770 πᾶς
2710 1711 2738 1760 6
2765 1707 2907 1769 λαός·
2929 1707 3164 1768 Γένοιτο,
3199 1707 3418 1774 γένοιτο.
3464 1724 3482 1756 ι
3515 1705 3588 1757 Τὸ
3629 1703 3684 1756 δὲ
3712 1702 3836 1771 πέμ-

2314 1815 2442 1851 πτον
2472 1798 2631 1868 μέρος
2658 1800 2734 1860 είς
2756 1797 2814 1849 τὸ
2845 1816 2862 1847 ι
2901 1796 3184 1866 ἁλληλούἳα
3221 1817 3238 1846 ι
3272 1794 3584 1864 καταλήγει,
3616 1794 3672 1845 ὲν
3692 1787 3734 1859 ᾧ
3756 1791 3838 1842 καὶ

2311 1889 2458 1939 ’πᾶσα
2497 1887 2922 1957 περιγέγραπται
2957 1889 3001 1956 ἠ,
3031 1885 3224 1954 βίϐλος.
3264 1883 3414 1954 ’Πλὴν
3451 1886 3479 1935 6
3503 1880 3688 1952 παρὼν
3718 1877 3838 1949 μετὰ

2308 1979 2404 2046 τὴν
2431 1978 2841 2047 προεκτεθείσαν
2874 1975 3110 2046 περὶτοῦ
3148 1977 3377 2046 Χριστοῦ
3403 1973 3702 2044 πρόρρησιν
3733 1973 3836 2022 ὲπι-

2311 2067 2470 2139 φέρει
2490 2068 2568 2119 τό·
2603 2088 2620 2119 ι
2653 2068 2949 2138 Εὐλογητὸς
2982 2067 3178 2138 Κύριος
3209 2069 3236 2118 6
3264 2065 3392 2128 Θεὸς
3433 2063 3665 2134 Ἰσραὴλ,
3698 2079 3716 2112 ι
3753 2059 3835 2112 καὶ

2311 2158 2626 2228 προστίθησι
2655 2158 2734 2220 τὸ,
2772 2176 2789 2207 ι
2819 2160 2846 2209 6
2891 2157 3052 2209 ποιῶν
3080 2156 3349 2224 θαυμάσια
3380 2154 3557 2225 μόνος.
3589 2172 3606 2204 ι
3643 2153 3768 2206 Ποῖα
3788 2149 3835 2201 δὲ

2311 2247 2601 2317 θαυμάσια,
2629 2248 2660 2317 ἢ
2698 2247 2764 2299 τὰ
2794 2247 3145 2316 προλεχθέντα
3171 2250 3226 2298 ὲν
3248 2240 3326 2306 οἷς
3364 2241 3429 2312 ἦν
3463 2245 3524 2296 τὸ
3562 2240 3839 2309 καταϐήσε-

2315 2338 2431 2390 σθαι
2459 2339 2615 2390 αὐτὸν
2656 2339 2746 2391 ἐπὶ
2783 2338 2943 2390 πόκον
2974 2337 3046 2406 ὡς
3084 2335 3255 2398 ὑετὸν,
3301 2335 3392 2386 καὶ
3423 2333 3484 2385 τό
3523 2329 3837 2403 ταπεινῶσαι

2315 2428 2668 2498 συκοφάντην,
2708 2429 2800 2479 καὶ
2848 2428 2907 2479 τὸ
2949 2427 3388 2496 συμπαραμενεῖν
3433 2422 3507 2492 τῷ
3548 2423 3712 2491 ἡλίῳ·
3756 2418 3837 2471 καὶ

2310 2517 2370 2570 τὸ
2398 2520 2454 2569 ὲν
2479 2520 2595 2578 ταῖς
2625 2515 2855 2586 ἡμέραις
2881 2515 3040 2568 αὐτοῦ
3068 2514 3338 2566 ἀνατελεῖν
3371 2510 3726 2578 δικαιοσύνην,
3755 2506 3838 2559 καὶ

2311 2611 2369 2662 τὸ
2402 2608 2843 2680 κατακυριεύσειν
2876 2607 3032 2659 αὐτὸν
3079 2606 3183 2658 ἀπὸ
3215 2604 3486 2673 θαλάσσης
3529 2603 3632 2664 ἓως
3659 2599 3838 2653 θαλάσ-

2314 2715 2412 2771 σης
2434 2718 2447 2732 ·
2475 2703 2594 2762 τοὺς
2623 2699 2878 2761 Αἰθίοπας
2907 2697 3223 2768 προπίπτειν
3245 2695 3468 2747 ἐνώπιον
3495 2691 3657 2746 αὐτοῦ
3677 2709 3690 2721 ·
3713 2687 3839 2757 δῶρᾶ

2309 2807 2369 2842 τε
2401 2789 2561 2858 ιαύτῷ
2603 2787 3066 2858 προσαχθήσεσθαι
3112 2787 3168 2850 ἐξ
3210 2784 3461 2837 ἁπάντων
3502 2783 3608 2834 τῶν
3655 2779 3833 2833 ἐθνῶν·

2313 2881 2446 2934 ἀλλὰ
2483 2883 2570 2933 καὶ
2609 2881 2667 2932 τὸ
2705 2873 2972 2949 στήριγμα
3003 2880 3159 2930 αὐτὸν
3201 2878 3256 2928 ὲν
3289 2877 3352 2944 τῇ
3398 2876 3466 2943 γῇ
3515 2869 3835 2942 γενήσεσθαι,

2313 2973 2405 3024 καὶ
2433 2971 2520 3023 τὸν
2545 2971 2751 3041 καρπὸν
2786 2967 2946 3020 αὐτοῦ
2975 2967 3111 3038 ὑπὲρ
3143 2965 3229 3018 τὸν
3261 2964 3484 3016 Λίϐανον
3511 2961 3837 3034 ἁρθήσεσθαι.

2313 3063 2405 3117 καὶ
2445 3064 2542 3115 ὅσα
2589 3061 2720 3114 ἄλλα
2759 3060 2963 3120 τούτοις
3007 3057 3130 3127 ἑξῆς
3174 3053 3613 3125 κατηρίθμηταιῖ
3659 3054 3734 3121 ἐφ’
3769 3046 3840 3111 οἷς

2315 3159 2444 3209 πᾶσι
2475 3153 2828 3224 διδασκόμεθα
2850 3152 3022 3220 λέγειν
3041 3168 3052 3181 ·
3084 3170 3100 3200 ι
3124 3148 3421 3218 Εὐλογητὸς
3453 3145 3650 3216 Κύριος
3678 3148 3703 3197 6
3724 3144 3840 3203 Θεὸς

673 3239 802 3294 facit
832 3242 1094 3294 mirabilia
1128 3244 1292 3297 solus.
1327 3244 1386 3295 Et
1434 3245 1772 3300 benedictum
1814 3261 2006 3300 nomen
2032 3245 2214 3315 glorias

2329 3246 2537 3317 Ἰσραὴλ
2558 3247 2587 3296 6
2625 3243 2790 3317 ποιῶν
2824 3243 3096 3311 θαυμάσια
3129 3241 3301 3310 μόνος.
3341 3238 3448 3290 Καὶ
3480 3235 3755 3304 εὐλογητὸν
3791 3234 3842 3283 τὸ

679 3331 793 3399 ejus
841 3332 894 3384 in
925 3340 1202 3387 aeternum.
1233 3354 1251 3385 ι
1289 3334 1492 3389 Nomen
1523 3343 1698 3389 autem
1743 3337 1925 3406 gloriae
1963 3339 2080 3406 ejus
2133 3348 2214 3394 est

674 3420 846 3477 deitas
874 3422 1007 3491 ejus.
1041 3422 1095 3477 Si
1128 3424 1267 3478 enim
1303 3425 1444 3493 quod
1473 3434 1654 3479 natum
1683 3433 1764 3489 est
1801 3443 1862 3481 ex
1902 3425 2216 3481 sanctaVir-

674 3512 824 3583 gine,
855 3514 979 3568 Jcsu
1007 3501 1225 3569 nomine
1253 3515 1527 3584 dignatum
1550 3527 1631 3571 est
1661 3503 1957 3572 secundum
1993 3517 2218 3595 Gabrie-_

672 3601 914 3668 Iem,qui
958 3602 1030 3652 ait
1071 3601 1137 3654 ad
1156 3600 1389 3670 Ioseph:
1437 3621 1454 3652 ‹
1494 3602 1556 3654 Et
1610 3605 1778 3672 pariet
1820 3605 2012 3668 tilium,
2037 3613 2090 3658 et
2117 3624 2212 3659 vo—

671 3691 824 3744 cabis
856 3705 1049 3745 nomen
1083 3691 1200 3758 ejus
1246 3690 1426 3744 Jesum
1461 3710 1472 3742 :
1500 3693 1614 3760 ipse
1640 3695 1780 3745 enim
1824 3694 2028 3746 salvum
2060 3693 2214 3747 faciet

673 3779 929 3848 populum
954 3795 1109 3833 suum
1144 3795 1172 3832 a
1198 3781 1430 3849 peccatis
1456 3793 1638 3833 eorum
1664 3783 1738 3847 7°;
1772 3801 1787 3832 ι
1820 3782 1947 3835 hinc
1976 3783 2215 3850 sequitur

679 3884 872 3922 nomen
905 3870 1086 3938 gloria:
1103 3867 1242 3937 ejus,
1271 3870 1640 3939 accipiendum
1689 3887 1809 3926 esse
1852 3872 1918 3926 de
1950 3873 2215 3940 theolmgia

677 3961 869 4028 ipsius,
900 3976 1004 4027 qua
1035 3960 1175 4016 Deus
1198 3960 1428 4013 Verbum
1446 3969 1498 4014 et
1515 3964 1822 4031 unigenitus
1844 3963 2001 4028 Deus,
2018 3965 2106 4032 qui
2134 3971 2216 4018 est

677 4050 733 4101 in
764 4049 884 4101 sinu
909 4047 1106 4112 Patris,
1136 4050 1470 4120 intelligitur.
1507 4051 1684 4117 Quare
1703 4054 1896 4106 dehinc
1927 4055 2212 4122 adjicitur:

679 4159 703 4192 4
725 4142 788 4194 Et
811 4141 1107 4210 replebitur
1139 4143 1307 4211 gloria
1338 4145 1454 4210 ejus
1476 4145 1650 4198 omnis
1688 4154 1848 4198 terra.
1872 4164 1889 4194 ι
1930 4145 2057 4198 Nam
2090 4147 2212 4197 olim

676 4233 893 4303 quidem
929 4252 947 4284 ‹
976 4233 1028 4286 in
1058 4234 1259 4288 mundo
1295 4242 1408 4288 erat
1436 4243 1488 4290 et
1534 4237 1766 4290 mundus
1793 4253 1886 4305 per
1918 4238 2090 4305 ipsum
2135 4237 2215 4289 fa-

678 4334 797 4376 ctus
819 4316 920 4385 est,
940 4329 991 4376 et
1021 4324 1251 4376 miindus
1280 4339 1398 4376 eum
1423 4341 1525 4378 non
1562 4327 1809 4394 cognovit
1831 4327 1926 4376 τί.»
1955 4325 2215 4389 Quoniam

676 4429 805 4465 vero
833 4429 898 4466 ne
928 4412 1347 4482 Judzeiquidem,
1386 4416 1538 4483 queis
1569 4423 1716 4467 tanta
1757 4416 1992 4485 prodigia
2037 4425 2218 4469 osten-

682 4503 1215 4573 derat,coguitionem
1239 4506 1356 4572 ejus
1383 4505 1732 4573 recipiebant,
1755 4507 1874 4572 jure
1899 4507 1963 4559 ad
1985 4507 2214 4576 Moysem

2315 3338 2482 3406 ὄνομα
2521 3334 2617 3403 τῆς
2655 3333 2808 3400 δόξης
2839 3329 3000 3384 αὐτοῦ
3041 3331 3118 3391 εἰς
3163 3329 3251 3380 τὸν
3289 3327 3478 3379 αἰῶνα.
3514 3344 3532 3376 ι
3574 3325 3765 3394 Ὄνομα
3792 3321 3841 3371 δὲ

2317 3424 2471 3493 δόξης
2496 3421 2654 3474 αὐτοῦ
2685 3423 2717 3490 ἠ
2753 3419 2942 3487 θεότης
2969 3415 3127 3470 αὐτοῦ
3153 3415 3402 3485 τυγχάνει
3425 3431 3438 3443 ·
3467 3414 3513 3465 εί
3539 3412 3644 3485 γὰρ
3672 3413 3727 3465 τὸ
3749 3408 3843 3462 ὑπὸ

2315 3515 2415 3583 τῆς
2445 3514 2601 3580 ἁγίας
2640 3509 2910 3579 Παρθένου
2952 3507 3306 3577 γεγενημένον
3339 3506 3596 3574 ὀνόματος
3637 3502 3841 3570 ἠξίωται

2317 3605 2408 3658 τοῦ
2447 3601 2618 3672 Ἰησοῦ
2647 3601 2783 3654 κατὰ
2812 3600 2900 3651 τὸν
2929 3597 3163 3668 Γαϐριὴλ
3184 3598 3429 3667 φήσαντα
3463 3595 3595 3666 πρὸς
3620 3593 3705 3645 τὸν
3742 3592 3843 3642 Ἰω-

2321 3697 2426 3763 σήφ
2451 3712 2462 3722 ·
2503 3713 2520 3744 ι
2563 3694 2671 3745 Kal
2704 3691 2910 3757 τέξεται
2936 3691 3066 3752 υἱὸν,
3095 3690 3186 3742 καὶ
3219 3688 3460 3748 καλέσεις
3485 3685 3544 3738 τὸ
3577 3685 3738 3751 ὄνομα
3765 3680 3843 3732 αὑι

2318 3783 2409 3835 τοῦ
2448 3781 2681 3851 Ἰησοῦν·
2725 3779 2882 3841 αὐτὸς
2920 3777 3025 3848 γὰρ
3062 3776 3217 3828 σώσει
3259 3778 3349 3828 τὸν
3391 3774 3518 3826 λαὸν
3555 3770 3707 3825 αὐτοῦ
3746 3765 3844 3820 ἀπὸ

2316 3874 2422 3925 τῶν
2451 3870 2724 3942 ἁμαρτιῶν
2755 3871 2916 3923 αὐτοῦ
2943 3887 2953 3897 ·
2987 3888 3004 3919 ι
3047 3866 3332 3921 ἀκόλουθόν
3356 3861 3471 3917 ἔστι
3498 3865 3559 3916 τὸ
3580 3863 3674 3930 τῆς
3703 3859 3844 3926 δόξης

2321 3963 2478 4016 αὐτοῦ
2507 3965 2674 4033 ὄνομα
2705 3963 2801 4031 τὴν
2845 3962 2970 4032 περὶ
3019 3959 3179 4013 αὐτοῦ
3210 3957 3443 4010 νοεῖσθαι
3475 3954 3751 4021 θεολογίαν,
3782 3946 3841 4002 δι’

2320 4051 2383 4124 ἧς
2411 4055 2537 4116 Θεὸς
2571 4054 2737 4121 Λόγος
2762 4053 2854 4105 καὶ
2884 4049 3170 4122 μονογενὴς
3207 4048 3337 4110 Θεὸς
3363 4050 3390 4100 ὁ
3423 4047 3497 4097 ὢν
3527 4049 3604 4108 είς
3628 4044 3711 4096 τὸν
3735 4041 3843 4094 κόλ-

2322 4163 2418 4197 πον
2449 4145 2539 4198 τοῦ
2574 4144 2782 4214 Πατρὸς
2813 4145 3179 4212 ἐπινενόηται·
3219 4129 3338 4193 ὅθεν
3369 4138 3669 4204 ὲπιλέγεται
3697 4133 3840 4202 ἑξῆς·

2327 4255 2342 4285 ι
2386 4238 2490 4288 Καὶ
2516 4236 2917 4306 πληρωθήσεται
2941 4235 3038 4302 τῆς
3073 4235 3226 4305 δόξης
3250 4230 3408 4284 αὐτοῦ
3455 4231 3602 4281 πᾶσα
3633 4229 3664 4296 ἡ
3703 4225 3782 4292 γῆ.
3823 4239 3837 4270 ³

2322 4328 2488 4379 Πάλαι
2517 4328 2610 4395 μὲν
2633 4327 2737 4394 γὰρ
2763 4329 2819 4378 ὲν
2843 4325 2918 4394 τῷ
2946 4325 3130 4395 κόσμῳ
3159 4319 3245 4394 ἦν,
3277 4321 3369 4374 καὶ
3393 4322 3420 4372 6
3453 4321 3648 4388 κόσμος
3669 4316 3728 4368 δι’
3753 4315 3840 4365 αὐτ

2322 4417 2412 4469 τοῦ
2455 4417 2683 4484 ἐγένετο,
2717 4417 2809 4468 καὶ
2856 4418 2883 4467 6
2926 4418 3124 4485 κόσμος
3162 4414 3322 4466 αὐτὸν
3370 4413 3468 4463 οὐκ
3508 4410 3662 4476 ἔγνω.
3694 4424 3712 4456 ι
3744 4407 3840 4458 Kal

2323 4505 2440 4558 ἐπεὶ
2490 4503 2616 4573 μηδὲ
2653 4503 2883 4554 Ἰουδαῖοι
2919 4499 2998 4566 οἷς
3038 4501 3299 4562 τοσαύτας
3325 4497 3614 4560 ἐνεδείξατο
3651 4495 3840 4562 θαυμαι

677 4590 811 4642 dicit
845 4606 856 4640 2
891 4611 906 4640 ι
940 4592 1066 4648 Sine
1102 4609 1202 4657 me,
1233 4604 1285 4648 et
1320 4597 1395 4648 ira
1431 4611 1690 4649 accensus
1717 4603 1987 4648 conteram
2031 4612 2143 4661 eos,
2167 4607 2214 4649 et

2322 4596 2570 4664 τουργίας
2621 4593 2973 4662 παρεδέξαντο
3028 4593 3124 4661 τὴν
3171 4588 3366 4661 γνῶσιν
3419 4586 3598 4648 αὐτοῦ,
3647 4584 3841 4644 εἰκότως

685 4683 875 4734 faciam
901 4692 952 4736 te
990 4686 1042 4737 in
1097 4697 1302 4755 gentem
1359 4702 1602 4755 magnam
1627 4691 1701 4752 ⁷¹;
1737 4708 1754 4739 ›
1789 4696 1947 4756 atque
1997 4688 2174 4740 subdit
2204 4703 2218 4738 :

684 4792 711 4820 ε
751 4770 889 4826 Vivit
914 4791 1102 4828 nomen
1122 4791 1295 4829 meum
1321 4779 1444 4843 quia
1461 4780 1751 4847 replebitur
1774 4781 1940 4848 gloria
1968 4793 2082 4830 mea
2102 4781 2222 4830 uni-

683 4879 842 4918 versa
865 4870 1008 4918 terra
1029 4865 1477 4931 "-“JQuamvis
1503 4870 1642 4921 enim
1674 4869 1748 4929 hi,
1775 4870 1966 4936 inquit,
2001 4868 2221 4936 gloriam

683 4966 856 5006 meam
887 4951 1189 5019 depellant;
1215 4955 1306 5008 sed
1347 4954 1530 5007 futuro
1559 4955 1786 5020 quodam
1821 4965 2055 5022 tempore
2081 4961 2222 5008 totus

687 5043 833 5095 orbis
858 5042 1146 5111 replebitur
1177 5046 1344 5112 gloria
1399 5059 1536 5098 mea.
1596 5043 1746 5108 Quod
1777 5047 1829 5098 in
1863 5046 2110 5114 prasenti
2135 5044 2225 5096 do-

685 5142 837 5189 cetur
861 5135 943 5188 his
986 5134 1167 5188 verbis
1193 5154 1209 5186 ι
1244 5155 1260 5184 ι
1289 5135 1354 5187 Ει
1404 5134 1696 5204 replebitur
1725 5135 1892 5203 gloria
1943 5137 2063 5204 ej-is
2104 5137 2231 5188 uni-‘

688 5238 843 5277 versa
870 5232 1032 5277 terra.
1064 5244 1084 5264 ι
1126 5223 1275 5288 Quod
1307 5224 1479 5294 ipsum
1538 5221 1704 5278 Isaias
1752 5225 2090 5280 vaticinando
2129 5227 2222 5279 de-

689 5310 948 5372 clarabat,
975 5312 1158 5365 dicens
1189 5313 1454 5380 seraphim
1493 5315 1632 5365 circa
1683 5311 1962 5367 Dominum
1987 5314 2222 5367 Sabaoth

690 5401 924 5452 clamare
971 5414 1032 5452 ac
1081 5401 1297 5454 dicere:
1329 5419 1346 5448 ‹
1381 5399 1643 5466 Sanctus,
1697 5411 1914 5457 sanctus
1941 5443 1954 5466 ,
2005 5412 2224 5458 sanctus

693 5486 949 5541 Dominus
1011 5486 1243 5543 Sabaoth
1276 5509 1288 5542 :
1321 5491 1473 5559 plena
1523 5497 1601 5546 est
1647 5493 1822 5547 omnis
1872 5501 2015 5547 terra.
2061 5493 2226 5561 gloria

691 5575 809 5643 ejus
834 5577 898 5628 ".
933 5595 950 5627 ι
1015 5574 1358 5635 νει-ιιπι,ιιίεε
1388 5582 1602 5650 quidem
1635 5580 1760 5636 olim’
1813 5598 1874 5637 ex
1897 5584 2227 5653 praescientia

2318 4687 2446 4756 φησὶ
2476 4686 2604 4754 πρὸς
2636 4685 2870 4752 Μωῡσῆν
2889 4700 2902 4711 ·
2939 4701 2956 4732 ι
2991 4682 3184 4735 Ἕασόν
3211 4699 3295 4751 με,
3322 4681 3413 4733 καὶ
3431 4675 3692 4747 θυμωθεὶς
3719 4673 3838 4741 ὀργῇ

2318 4776 2553 4845 ὲκτρίῲω
2595 4777 2804 4838 αὐτοὺς,
2848 4775 2935 4826 καὶ
2967 4775 3174 4844 ποιήσω
3217 4789 3274 4825 σε
3317 4775 3393 4833 είς
3424 4769 3572 4830 ἔθνος
3627 4767 3777 4834 μέγα·
3819 4784 3834 4812 υ

2319 4867 2409 4917 καὶ
2441 4845 2705 4932 ὲπιλέγέι·
2747 4883 2763 4913 ι
2797 4866 2868 4933 Ζῇ
2904 4865 2961 4916 τὸ
2991 4863 3158 4932 δνομὰ
3193 4879 3312 4930 μου,
3343 4860 3426 4911 ὅτι
3457 4854 3836 4927 πληρωθήσεται

2319 4956 2416 5023 τῆς
2449 4955 2600 5024 δόξης
2631 4973 2726 5024 μου
2762 4957 2906 5006 πᾶσα
2936 4957 2980 5024 η’
3006 4955 3094 5024 γῆ.
3131 4972 3147 5003 ι
3186 4953 3246 5004 Et
3279 4949 3386 5017 γὰρ
3418 4948 3510 5000 καὶ
3541 4948 3604 4999 τὰ
3635 4945 3837 5014 μάλιστα

2321 5041 2483 5106 οὗτοι,
2504 5046 2652 5114 φησι,
2673 5039 3038 5115 παρωθοῦνται
3061 5043 3154 5112 τὴν
3183 5041 3316 5110 ἐμὴν
3335 5039 3509 5103 δόξαν,
3535 5039 3660 5092 ἀλλὰ
3684 5033 3836 5102 καιρῷ

2321 5154 2423 5189 τινι
2462 5136 2865 5205 πληρωθήσεται
2895 5138 2926 5203 ἡ
2961 5127 3437 5214 οίκουμένηλπᾷσα
3475 5132 3569 5199 τῆς
3601 5130 3726 5200 ἐμῆς
3761 5126 3835 5176 δό-

2325 5225 2438 5294 ξης.
2491 5227 2555 5277 Ὃ
2599 5226 2661 5294 δὴ
2708 5227 2798 5277 καὶ
2829 5224 2888 5275 τὸ
2940 5223 3106 5291 παρὸν
3144 5221 3318 5290 λόγιον
3364 5223 3598 5276 διδάσκει
3646 5222 3832 5288 φῆσαν·

2330 5335 2347 5365 ι
2390 5317 2497 5368 Καὶ
2531 5315 2933 5385 πληρωθήσεται
2960 5313 3060 5380 τῆς
3090 5309 3243 5381 δόξης
3276 5313 3435 5365 αὐτοῦ
3473 5314 3614 5364 πᾶσα
3646 5306 3782 5378 ήγῆ-
3816 5321 3829 5352 ι

2328 5405 2491 5458 Τοῦτο
2518 5408 2605 5457 καὶ
2643 5403 2880 5464 Ἦσαὶας
2909 5403 3135 5473 παρίστη
3183 5402 3445 5466 θεσπίζων
3488 5403 3556 5455 τὰ
3597 5396 3829 5469 σεραφεὶιι

2297 5479 2624 5548 νκυκλοῦντα
2655 5492 2744 5544 τὸν
2790 5491 2988 5571 Κύριον
3027 5492 3248 5544 Σαϐαὼθ
3297 5493 3502 5561 βοῶντα
3543 5508 3599 5542 τε
3635 5488 3715 5540 καὶ
3763 5485 3836 5536 λέ·

2331 5599 2520 5650 γοντα·
2558 5602 2576 5638 ι
2611 5583 2814 5650 Ἀγιος,
2845 5584 3013 5652 ἅγιος,
3045 5583 3194 5651 ἅγιος
3219 5583 3416 5652 Κύριος
3440 5577 3680 5635 Σαὼώθ·
3719 5575 3824 5640 πλΫΓ

764 5731 811 5806 ’έ
844 5729 1192 5797 Matth-hil.
1268 5707 1491 5789 ".Joan.
1520 5751 1558 5802 ι,
1591 5736 1676 5792 IO.
1751 5700 1792 5770 θ’
1825 5735 2214 5801 Exod.xxx|t,i

2351 5735 2395 5765 ⁷³
2427 5735 2471 5768 ⁷⁵
2495 5734 2653 5795 Num.
2686 5752 2794 5798 xw,
2829 5737 2919 5790 2|.
2993 5736 3040 5768 "
3071 5735 3172 5791 lea.
3203 5733 3346 5797 v1.5.
