3966 6348
53 471 142 528 εει

1120 461 1615 519 COMMENTARtA
1644 460 1709 514 IN
1744 459 2076 517 PSALHOS.

3122 435 3226 495 822

58 605 149 657 ρης
179 586 332 638 πᾶσα
359 586 392 656 ἡ
428 567 493 653 γῆ
538 583 632 653 τῆς
659 581 811 650 δόξης
843 577 1022 632 αὑτοῦ.
1057 594 1075 628 ι
1122 576 1275 628 Ἀλλὰ
1296 575 1463 629 ταῦτα
1495 576 1590 645 μὲν

1726 573 1866 628 ivina
1888 569 2389 654 praenuntiabantur
2419 584 2432 620 :
2466 578 2627 635 opere
2672 570 2850 616 autem
2891 555 3227 626 compleban-

55 679 204 746 θεῐπῇ
246 673 547 745 προγνώσει
573 669 877 732 ἐθεσπίζετο
905 667 1067 720 πάλαι
1092 684 1104 696 ·
1140 666 1316 736 ἔργοις
1354 665 1406 717 δὲ
1435 664 1596 734 ἐπλη-

57 762 210 833 ροῦτο
246 763 509 832 πρότερον
537 762 568 828 ἥ
601 760 690 810 τὸν
724 756 946 826 Σωτῆρα
975 755 1066 808 καὶ
1099 755 1294 825 Κύριον
1320 753 1472 824 ἡμῶν
1496 754 1598 821 ’1η-

59 850 181 902 σοῦν
222 851 320 902 τὸν
353 849 576 920 Χριστὸν
603 847 681 916 τῷ
722 845 824 897 τῶν
857 843 1150 914 ἀνθρώπων
1183 842 1478 911 ἐπιλάμψαι
1511 841 1600 908 γέ-

56 957 171 992 νει’
219 939 332 991 ἱδοὺ
369 940 473 1009 γὰρ
514 939 629 990 καθ’
674 938 814 1007 ἡμᾶς
843 937 1034 997 αὐτοὺς
1074 935 1465 1006 ἀνατέτραπται
1506 932 1600 1002 μὲν

60 1032 207 1082 πᾶσα
229 1028 510 1097 δαιμονικὴ
534 1027 702 1096 πλάνη
721 1044 732 1056 ·
758 1025 1074 1094 πεπλήρωκε
1096 1024 1151 1076 δὲ
1176 1023 1268 1093 τὴν
1289 1022 1602 1092 οἰκουμένην

61 1118 280 1168 ἅπασαν
316 1118 347 1183 ἡ
382 1114 667 1182 Ἐκκλησία
716 1113 968 1182 Χριστοῦ,
1008 1113 1096 1164 τὸν
1135 1112 1262 1164 Θεὸν
1304 1111 1514 1182 Ἰσραὴλ
1549 1113 1605 1162 ἐν

63 1205 209 1272 πάσῃ
261 1206 332 1272 τῇ
377 1205 444 1271 γῇ
489 1201 796 1264 δοξάζουσα.
849 1201 958 1254 Καὶ
1002 1200 1297 1270 ἐπειδήπερ
1333 1200 1500 1272 ταῦτα
1548 1199 1607 1251 τὸ

65 1265 560 1362 ΠνεῦΠμαπὺ-ἀγιον
580 1292 926 1362 προφητικῶς
955 1265 1210 1361 μέλλοντα
1241 1265 1452 1343 ἔσεσθαι
1468 1265 1609 1358 ⁶προ--

62 1384 348 1453 ανεφώνει,
365 1386 514 1454 χορὸς
528 1383 765 1452 ἀγγέλων
784 1383 1040 1436 ὑπακούει
1059 1383 1134 1453 (1)
1153 1383 1529 1451 συνευχόμενος
1542 1385 1608 1451 τῇ

64 1479 169 1530 τῶν
205 1477 543 1548 πραγμάτων
573 1475 863 1540 τελειώσει,
893 1474 1239 1544 πιπούμενὸς
1263 1489 1319 1524 τε
1357 1472 1493 1524 αὐτὰ
1520 1470 1611 1522 καὶ

65 1568 260 1635 λέγων’
313 1587 332 1618 ί
373 1569 600 1631 Γένοιτο,
636 1567 873 1635 γένοιτο·
913 1586 931 1618 ι
978 1565 1010 1634 ἢ
1054 1563 1192 1616 κατά
1231 1563 1317 1615 τὸν
1366 1561 1610 1624 Ἀκύλαν,

69 1676 89 1709 ι
126 1655 573 1724 πεπιστωμὲνως,
604 1654 1044 1722 πεπιστωμένως,
1084 1671 1101 1702 ι
1133 1652 1165 1721 ἢ
1191 1650 1328 1703 κατά
1355 1649 1442 1701 τὸν
1469 1649 1613 1718 Σύμ-

72 1761 278 1815 μαχον·
322 1765 339 1796 ι
383 1735 546 1816 Ἀμὴν
587 1747 678 1798 καὶ
722 1746 864 1813 ἀμήν
888 1760 901 1773 ο
936 1762 952 1792 ι
990 1738 1068 1804 οἷς
1114 1741 1235 1810 ἑξῆς
1273 1739 1610 1816 ἐπιλέγεταιι·

74 1813 92 1886 ὲ
140 1813 416 1898 Ἐξέλιπον
448 1813 610 1904 Ἵῦμνοι
669 1832 828 1886 Δαυῒδ
866 1830 956 1884 τοῦ
1002 1831 1114 1882 υἱοῦ
1152 1830 1360 1882 Ἰεσσαί.
1411 1848 1429 1879 ι
1479 1813 1615 1880 Ἀνθ’

1693 672 1782 716 tur
1813 651 1962 732 prius
1988 674 2150 731 quam
2169 657 2426 713 Servator
2450 661 2503 710 et
2532 651 2793 706 Dominus
2847 655 3032 704 noster
3073 645 3228 701 Jesus

1694 754 1940 808 Christus
1997 750 2231 804 humano
2284 745 2464 818 generi
2513 743 2754 796 illuceret
2788 756 2800 790 :
2837 753 2964 794 ecce
3004 750 3234 805 namque

1695 850 1932 910 tempore
1962 847 2148 896 nostro
2179 852 2400 893 eversus
2426 840 2510 889 est
2533 831 2710 888 omnis
2738 829 3039 884 diabolicus
3060 840 3232 899 error.

1701 940 1864 987 totam
1888 946 2017 985 vero
2047 937 2248 983 terram
2271 925 2494 996 replevit
2539 921 2778 977 Ecclesia
2812 917 3039 981 Christi,
3065 914 3235 970 Deum

1707 1023 1868 1077 Israel
1909 1022 1965 1074 in
2010 1027 2123 1075 toto
2173 1018 2299 1072 orbe
2329 1017 2498 1088 gloria
2525 1012 2776 1068 alliciens.
2823 1007 2888 1062 Et
2942 1007 3068 1077 quia
3124 1005 3239 1057 inec

1706 1113 1941 1183 Spiritus,
1997 1121 2215 1166 sanctus
2274 1106 2582 1178 praphetice
2648 1101 2827 1155 futura
2896 1095 3237 1168 praedixerat,

1706 1207 1907 1260 chorus
1956 1184 2268 1274 angelorum
2317 1197 2605 1269 respondet
2653 1207 2761 1248 una
2808 1191 3106 1262 deprecans
3141 1200 3240 1256 pro

1708 1299 1787 1353 rei
1814 1294 2297 1354 consummatione,
2331 1291 2530 1359 illaque
2563 1284 2886 1341 conﬁrmans
2921 1294 2984 1335 ac
3010 1277 3237 1354 dicens:

1714 1409 1731 1440 ‹
1768 1387 1906 1451 Fiat,
1936 1386 2024 1439 ﬁat
2051 1394 2074 1450 ',‘
2103 1402 2122 1436 ›
2144 1383 2256 1438 sive
2287 1378 2582 1437 secundum
2630 1375 2899 1446 Aquilam,
2933 1390 2952 1425 ι
2990 1369 3240 1434 ﬁdeliter,

1709 1476 1971 1540 ﬁdeliter;
2001 1491 2019 1524 ι
2061 1479 2154 1526 aut
2189 1469 2486 1526 secundum
2534 1463 2911 1536 Symmachum
2942 1478 2954 1513 :
3003 1477 3022 1511 ι
3050 1458 3241 1520 Amen,

1710 1580 1882 1618 amen.
1919 1583 1936 1613 ι
1968 1562 2129 1628 Queis
2158 1560 2350 1616 deinde
2387 1557 2635 1621 additur:
2665 1573 2683 1605 ι
2714 1552 3034 1608 Deli-nerunt
3061 1545 3244 1618 hymni

1711 1648 1877 1703 David
1905 1647 1996 1701 ﬁlii
2029 1647 2242 1702 Jessam
2268 1645 2374 1700 Pro
2393 1659 2498 1714 quo
2521 1641 2879 1712 Symmachus
2899 1638 3249 1704 sicinterpre—

1715 1746 1859 1792 tatur
1887 1753 1898 1787 :
1924 1755 1942 1786 ι
1960 1734 2212 1790 Perfectae
2233 1740 2358 1788 sunt
2378 1729 2649 1786 orationes
2675 1725 2842 1780 David
2867 1725 2960 1798 ﬁlii
2990 1721 3156 1778 Jessaa
3181 1737 3195 1785 ;
3224 1736 3242 1767 ι

1717 1824 2012 1881 Theodotio
2056 1831 2232 1877 autem
2292 1827 2346 1874 et
2395 1817 2584 1887 quinta
2639 1811 2845 1867 editio:
2901 1827 2919 1860 ι
2947 1806 3252 1875 Recognitze

68 1919 127 1977 οῦ
169 1925 198 1975 ὁ
231 1925 335 1993 μὲν
366 1898 654 1993 Σύμμαχος
681 1921 1018 1992 ἡρμήνευσεν
1044 1938 1056 1950 ’
1102 1938 1119 1970 ι
1169 1918 1616 1987 Ἐπετελέσθησαν

1719 1927 1842 1975 sunt
1865 1917 2136 1972 orationes
2167 1911 2336 1965 David
2362 1909 2458 1964 ﬁlii
2489 1907 2669 1962 Jessze.
2692 1921 2722 1955 ι·
2754 1901 2856 1967 Qui
2881 1898 3128 1953 lectionis
3156 1909 3251 1948 ac-

72 2015 378 2085 προσευχαὶ
411 2013 568 2066 Δαυῖδ
605 2013 718 2065 υἱοῦ
765 2011 954 2064 Ἰεσσαί
982 2027 993 2038 ·
1024 2030 1042 2062 ι
1069 2013 1097 2062 ό
1125 2010 1181 2062 δὲ
1216 2010 1498 2062 Θεοδοτίων
1528 2011 1618 2061 καὶ

73 2104 104 2173 ὴ
141 2105 370 2174 πέμπτη
401 2105 637 2166 ἐκδοσις·
674 2123 691 2154 ι
737 2101 1296 2173 Ἀνεκεφαλαιώθησαν
1330 2100 1618 2172 προσευχαὶ

71 2194 232 2246 Δαυῗδ
269 2195 384 2247 υἱοῦ
423 2195 632 2246 Ἰεσσαί.
670 2214 688 2243 ι
736 2195 795 2245 Οἱ
828 2193 923 2261 μὲν
954 2189 1043 2245 οῦν
1077 2193 1288 2263 ἄπειροι
1334 2191 1430 2260 τῆς
1470 2193 1620 2260 ἀκρι-

73 2284 226 2346 ϐείας
250 2283 348 2336 τοῦ
377 2283 790 2353 ἀναγνώσματος
813 2283 908 2351 οὐχ
945 2282 1019 2344 ὡς
1048 2283 1206 2352 μέρος
1235 2281 1465 2334 τοῦὸλου
1490 2279 1620 2348 ψαλ-

78 2374 180 2444 μοῦ
231 2365 544 2444 ἐξειλήφασι
582 2374 662 2436 τὸ,
710 2392 728 2424 ι
782 2374 1050 2443 Ἐξέλιπρν
1101 2371 1256 2441 ὕμνοι
1303 2372 1460 2424 Δαυῒδ
1507 2369 1618 2422 υἱοῦ

89 2464 320 2517 Ἰεσσαί·
356 2483 375 2514 ι
420 2463 531 2516 ἀλλ’
564 2464 638 2525 ὼς
669 2462 861 2527 ἔξωθεν
889 2461 1343 2532 τῆςλπροφητείαθς
1387 2475 1622 2530 παραγε-

78 2553 400 2623 γραμμένον
424 2552 744 2618 ἀνέγνωσαν.
775 2552 839 2603 Δί
861 2551 918 2602 δέ
949 2550 1124 2602 λοιπαὶ
1157 2552 1429 2620 ἑρμηνεῖαι
1473 2550 1564 2599 καὶ
1588 2549 1620 2615 ἡ

90 2641 359 2711 Ἐϐραῖκὴ
399 2641 578 2711 γραφὴ
622 2639 804 2707 σαφῶς
847 2640 1191 2710 παρίστησιν,
1231 2638 1310 2688 ὅτι
1341 2636 1622 2688 καὶταῦτα

82 2729 250 2800 μέρος
284 2729 536 2796 τυγχάνει
563 2727 654 2779 τοῦ
683 2729 801 2780 ὅλου
827 2728 1054 2796 ψαλμοῦ.
1093 2725 1304 2794 Ἐπειδὴ
1337 2725 1443 2794 γὰρ
1464 2724 1624 2777 Δαυῒδ

79 2820 109 2872 ὁ
133 2817 389 2887 βασιλεὺς
425 2819 481 2870 ἐν
513 2820 830 2890 προσευχαῖς
862 2817 1062 2869 ἐτίθετο
1097 2818 1179 2869 ἀεὶ
1202 2815 1495 2886 ἐπιλάμψαι
1532 2815 1624 2868 τοῦ

82 2907 342 2976 Σωτῆρος
387 2909 482 2976 τὴν
527 2909 590 2960 ἐκ
630 2907 936 2977 σπέρματος
984 2905 1142 2959 αὑτοῦ
1180 2905 1627 2977 προφωνουμένην

85 2998 331 3066 γένεσιν”
363 2998 562 3066 ταύτης
587 2997 643 3049 δὲ
671 2998 749 3058 εἱς
771 2997 904 3068 ἔργα
940 2997 1234 3068 χωρούσης,
1278 2997 1464 3066 ἔμελλε
1501 3014 1630 3067 συμ-

87 3087 423 3160 πληροῦσθαι
447 3088 618 3140 πάντα
637 3087 702 3140 τά
726 3104 1062 3158 προπειρητευ
1071 3088 1200 3156 μένα
1220 3105 1231 3116 ·
1257 3087 1474 3149 εἱκότως
1498 3086 1630 3157 μετὰ

1715 2007 2048 2062 curationem
2095 2003 2388 2073 ignorant,
2449 1996 2563 2050 haec
2623 1991 2786 2047 verba
2818 2029 2833 2053 ,
2886 2005 2904 2038 ι
2931 1984 3253 2040 Defecernnt

1715 2097 1897 2168 hymni
1924 2094 2085 2149 David
2120 2092 2212 2146 ﬁlii
2237 2089 2420 2153 Jessaa,
2448 2106 2466 2139 ι
2501 2101 2597 2157 pro
2623 2089 2774 2154 parte
2801 2076 2989 2150 psalmi
3017 2089 3124 2128 non
3156 2073 3254 2139 ha-

1716 2164 1872 2252 bent;
1905 2186 1999 2242 sed
2029 2184 2182 2255 quasi
2225 2196 2339 2236 rem
2385 2186 2535 2234 extra
2586 2171 2923 2246 pr0phetiam
2950 2175 3003 2223 et
3033 2164 3255 2235 adjecti-

1717 2281 1844 2333 tiam
1887 2277 2089 2346 legunt.
2143 2271 2342 2326 Verum
2384 2269 2604 2336 reliqua:
2656 2260 3146 2333 interpretationes,
3203 2260 3257 2308 et

1718 2369 1834 2437 ipsa
1861 2343 2126 2418 Hebraica
2167 2360 2459 2430 scriptura,
2482 2355 2630 2410 clare
2683 2354 3114 2406 commonstrant
3143 2343 3257 2403 hate

1717 2433 1931 2527 quoque
1958 2453 2125 2508 totius
2147 2450 2336 2522 psalmi
2367 2456 2570 2518 partem
2599 2458 2738 2499 esse.
2762 2440 2899 2507 Quia
2918 2438 3061 2494 enim
3090 2433 3258 2487 David

1719 2561 1814 2601 rex
1844 2545 1900 2599 in
1929 2541 2270 2598 orationibus
2288 2539 2408 2594 suis
2447 2549 2657 2604 semper
2685 2529 2990 2592 insistebat,
3023 2532 3084 2580 ut
3103 2531 3258 2584 ortus

1723 2631 2152 2699 Servatoris,qui
2181 2645 2247 2683 ex
2275 2626 2479 2684 semine
2501 2639 2601 2680 suo
2623 2620 2934 2692 proditurus
2976 2621 3110 2677 erat,
3133 2612 3262 2667 illu-

1720 2731 1990 2786 cesceret;
2025 2720 2148 2788 quia
2183 2731 2303 2772 cum
2355 2713 2422 2767 ad
2451 2711 2702 2768 eﬁ‘ectum
2727 2770 2733 2775 ,
2755 2705 3046 2778 perductus
3093 2707 3260 2764 esset,

1724 2813 2095 2870 futurumerat
2121 2813 2180 2859 ut
2198 2804 2513 2871 omniaquae
2563 2800 2617 2852 in
2669 2793 2967 2868 prophetiis
3014 2790 3260 2848 feruntur

1726 2900 2110 2971 implerentur;
2146 2894 2269 2964 jure
2299 2897 2422 2961 post
2467 2887 2846 2959 praedictorum
2894 2880 3260 2950 complemen-

1726 2969 1840 3047 tum
1868 2990 2102 3052 additur,
2131 2983 2401 3056 perfectas
2431 2989 2484 3036 et
2524 2976 2818 3048 completas
2850 2969 3261 3041 superius'esse

1728 3081 1945 3136 Davidis
1993 3078 2284 3132 orationes.
2330 3072 2512 3126 Potest
2554 3068 2717 3127 etiam
2755 3063 2907 3128 illud,
2965 3080 2983 3114 ι
3011 3057 3264 3131 perfectae

85 3182 145 3232 τὸ
177 3150 552 3250 συμπέρασμα
585 3176 688 3229 τῶν
722 3150 1154 3246 προλελεγμένων
1188 3150 1511 3247 ἐπιλέγεται,
1552 3174 1621 3236 ὡς

1730 3181 1854 3228 sunt
1883 3177 1975 3224 aut
1999 3167 2328 3228 defecerunt,
2360 3181 2377 3214 ι
2412 3153 2976 3231 propheticeintelligi
2996 3152 3063 3208 de
3080 3150 3269 3206 futuro

87 3271 194 3342 ἄρα
244 3268 667 3338 ἐπετελέσθησαν
713 3269 805 3320 καὶ
859 3267 1336 3339 συνεπληρώθησαν
1390 3266 1625 3342 διάτῶν

89 3339 532 3430 προλελεγμένων
566 3359 618 3408 αἱ
655 3355 744 3408 τοῦ
783 3355 943 3408 Δαυῒδ
982 3356 1285 3426 προσευχαί.
1325 3339 1548 3411 Δύνατέιι
1573 3354 1629 3406 δέ

87 3446 166 3510 τὸ,
205 3466 224 3498 ε
271 3444 690 3516 ἐπετελέσθησαν
733 3445 764 3512 ἢ
813 3444 1072 3509 ἐξέλιπον,
1105 3465 1121 3496 ι
1162 3443 1505 3514 προφητικῶς
1545 3443 1631 3494 λέ-

87 3535 284 3603 γεσθαι
315 3537 392 3598 εἱς
421 3533 670 3603 μέλλοντα
694 3531 877 3600 χρόνον
902 3549 913 3560 ·
936 3533 1043 3583 τῶν
1065 3533 1168 3602 γὰρ
1195 3531 1630 3602 προκατηριθμη-

93 3625 274 3694 μένων
301 3624 522 3677 ἕκαστον
553 3624 833 3691 γενήσεται
857 3623 990 3673 ἐπὰν
1019 3622 1110 3674 καὶ
1138 3622 1509 3676 ἐπιτελεσθῶσι
1540 3625 1632 3676 καὶ

92 3712 561 3798 συμπληρωθῶσιν
597 3713 652 3765 αἱ
699 3713 986 3782 προσευχαὶ
1026 3712 1182 3765 Δαυῒδ
1217 3712 1307 3765 τοῦ
1352 3714 1465 3767 υἱοῦ
1502 3715 1634 3767 Ἰεσ-

91 3803 202 3856 σαί.
238 3802 608 3873 Εὐκαιρότατα
630 3802 684 3854 δὲ
715 3801 800 3854 διὰ
824 3803 910 3854 τὸν
932 3803 1386 3873 προφητευόμενον
1410 3806 1635 3875 Χριστὸν

88 3892 184 3945 τοῦ
231 3892 369 3945 Θεοῦ
411 3892 803 3962 ἐμνημόνευσεν
849 3894 945 3962 οὐχ
989 3893 1169 3956 ἁπλῶς
1211 3912 1229 3944 ι
1259 3893 1349 3946 τοῦ
1401 3895 1580 3958 Δαυῒδ,
1612 3915 1630 3946 ι

91 3980 231 4034 ἀλλά
257 3982 399 4051 μετά
430 3981 738 4052 προσθήκης
767 3999 786 4031 ι
818 3981 908 4033 τοῦ
933 3981 1047 4034 υἱοῦ
1090 3983 1307 4035 Ἰεσσαί’
1348 4003 1366 4034 ι
1402 3984 1484 4036 ἵνα
1517 4001 1641 4036 συνο

93 4079 323 4148 ἅψωμεν
343 4082 406 4149 τῇ
433 4078 675 4148 παρούσῃ
702 4080 879 4149 γραφῇ
920 4079 1015 4147 τὴν
1050 4079 1263 4131 Ἡσαΐου
1292 4081 1637 4149 προφητείαν,

92 4172 158 4224 δι’
192 4166 264 4239 ἦς
302 4171 371 4222 τά
400 4171 556 4238 ὅμοια
595 4170 717 4238 περὶ
752 4168 844 4221 τοῦ
877 4168 1104 4237 Χριστοῦ
1133 4168 1437 4231 Θεσπίζεται
1477 4173 1532 4223 ἐν
1562 4167 1641 4235 οἷς

92 4261 314 4330 ,εἴρηται
339 4274 351 4286 ·
387 4278 406 4309 ι
452 4259 810 4342 Ἐξελεύσεται
857 4258 1064 4338 ῥάϐδος
1089 4259 1151 4310 ἐκ
1192 4261 1482 4331 τῆςτρίζης
1515 4263 1642 4314 Ἰεσ-

97 4351 209 4412 σαὶί,
240 4350 334 4402 καὶ
364 4350 520 4412 ἀνθος
545 4352 607 4401 ἐκ
638 4349 732 4418 τῆς
765 4349 916 4419 ῥίζης
946 4350 1266 4418 ἀναϐήσεται
1288 4368 1300 4380 ·
1330 4352 1420 4403 καὶ
1450 4355 1644 4405 ἐπανα-

1727 3272 1965 3331 tempore
1989 3275 2001 3310 :
2025 3273 2149 3312 nam
2203 3253 2412 3325 singula
2440 3266 2559 3321 qua:
2606 3247 2852 3318 superius
2880 3250 3263 3300 enumerantur

1727 3363 1854 3409 tunc
1868 3348 2133 3426 evenient,
2151 3361 2274 3401 cum
2289 3345 2556 3398 orationes
2569 3339 2785 3394 Davidis
2806 3336 2898 3391 ﬁlii
2918 3333 3084 3391 Jessae
3102 3331 3268 3403 perﬁu

1726 3444 1934 3499 cientur
1949 3449 2002 3495 et
2013 3454 2070 3494 re
2080 3439 2194 3507 ipsa
2215 3433 2593 3503 implebuntur.
2607 3427 3071 3498 Opportunissime
3085 3430 3265 3477 autem

1728 3542 1942 3605 propter
1956 3530 2223 3584 Christum
2245 3525 2339 3580 Dei
2355 3523 2446 3594 qui
2466 3523 2520 3576 in
2543 3513 3115 3578 vaticinio'ferturmon
3136 3512 3274 3565 «Da-L

1728 3601 1898 3679 vidis»
1920 3629 2127 3677 tantum
2148 3619 2303 3682 dixit,
2331 3614 2424 3672 sed
2441 3629 2564 3669 cum
2585 3613 2686 3666 hoc
2701 3608 3082 3669 additamento,
3122 3621 3140 3654 ι
3171 3601 3268 3655 ﬁlii

1729 3716 1921 3781 JesSaa;
1943 3734 1961 3766 ι
2010 3721 2067 3766 ιιι
2101 3710 2226 3764 huic
2268 3707 2568 3776 scripturae,
2603 3702 2754 3757 lsaia:
2789 3697 3118 3769 prophetiam
3141 3693 3269 3749 sub—

1727 3808 2014 3877 jungamus
2030 3816 2146 3872 quae
2156 3799 2352 3877 similia
2365 3797 2430 3851 de
2445 3795 2656 3849 Christo
2672 3790 3013 3850 vaticinatur,
3031 3799 3152 3840 cum
3165 3784 3266 3837 ait:

1739 3873 1758 3949 ξ
1785 3873 2093 3965 Egredietur
2122 3873 2270 3959 virga
2301 3886 2366 3941 de
2382 3883 2558 3939 radice
2579 3880 2761 3943 Jessm,
2792 3885 2844 3933 et
2875 3876 2973 3931 ﬂos
2999 3875 3064 3928 de
3092 3873 3272 3927 radice

1733 3963 1853 4055 ejus
1902 3981 2182 4041 ascendet,
2227 3985 2280 4031 et
2325 3973 2626 4042 requiescet
2677 3984 2838 4038 super
2867 3980 2990 4022 eum
3039 3963 3272 4033 Spiritus

1735 4051 1829 4129 Dei
1851 4074 1928 4135 ⁷⁸,
1955 4091 1973 4123 ι
2013 4065 2067 4124 et
2089 4074 2279 4122 caetera
2300 4102 2315 4127 ,
2367 4061 2562 4133 quibus
2597 4059 2850 4129 adjicitur
2873 4075 2886 4111 :
2925 4073 2942 4105 ι
2972 4053 3038 4106 Εῑ
3058 4051 3160 4108 erit
3185 4066 3273 4103 ra-

1736 4154 1829 4219 dix
1853 4162 2038 4222 Jessaa,
2083 4167 2135 4212 et
2163 4156 2256 4225 qui
2292 4159 2545 4222 exsurget
2590 4151 2856 4220 imperare
2894 4144 3162 4216 gentibus,
3217 4140 3273 4195 in

1738 4255 1854 4323 ipso
1879 4259 2065 4320 gentes
2100 4247 2395 4316 sperabunt
2424 4245 2493 4295 ⁷⁷.
2516 4262 2534 4294 ι
2576 4241 2739 4297 Vides
2774 4239 2915 4293 enim
2953 4252 3060 4306 quo
3118 4240 3276 4303 pacto

1737 4344 1824 4396 hic
1846 4356 1940 4411 per
1959 4339 2194 4393 radicem
2220 4335 2383 4389 Jessae
2403 4333 2611 4387 vacatio
2639 4330 2876 4399 gentium
2904 4324 3271 4381 annuntietur.

97 4439 368 4492 παύσεται
407 4439 490 4491 ἐπ’
529 4440 686 4492 αὑτὸν
728 4440 787 4490 τὸ
819 4439 1035 4508 Πνεῦμα
1078 4441 1170 4492 τοῦ
1213 4440 1366 4503 Θεοῦ,
1400 4426 1419 4490 ui
1458 4444 1548 4493 καὶ
1576 4441 1621 4494 τέ

1740 4435 1813 4487 ita
1855 4440 1913 4486 ut
1959 4429 2385 4484 additamentum
2418 4423 2571 4488 illud,
2607 4441 2626 4472 ι
2661 4417 2954 4478 ﬁliiJessaa,
2988 4436 3006 4466 ι
3039 4415 3147 4469 non
3163 4411 3277 4466 fru-

95 4530 246 4598 ἐξῆς·
286 4524 366 4592 οἷς
389 4530 709 4597 ἐπιλέγεται’
743 4549 759 4580 ι
791 4525 896 4581 Καὶ
922 4503 1069 4582 ἔσται
1100 4532 1131 4599 ἡ
1159 4531 1278 4599 ῥίζα
1306 4530 1394 4582 τοῦ
1429 4531 1619 4582 Ἰεσσαὶ

1746 4535 1855 4582 stra
1887 4524 1962 4585 in,
1994 4523 2096 4576 hac
2144 4517 2422 4591 prophetia
2465 4516 2662 4583 jaceat.
2690 4511 2825 4564 Cum
2866 4514 3044 4561 autem
3071 4503 3280 4559 Christi

220 4620 251 4671 ὁ
284 4595 630 4689 ἀνιστάμενος
667 4620 850 4691 ἄρχειν
886 4620 1071 4684 ἐθνῶν,
1226 4619 1368 4690 αὐτῷ
1404 4620 1524 4689 ἔθνη
1556 4621 1621 4672 ἐλ·

1743 4631 1966 4688 regnum
1983 4623 2037 4670 et
2068 4613 2307 4683 gentium
2342 4607 2554 4662 vocatio
2601 4601 2914 4656 annuntiata
2940 4597 3160 4660 fuerint,
3187 4595 3283 4648 hic

96 4708 334 4763 πιοῦσιν.
372 4729 389 4760 ι
618 4687 723 4780 γὰρ
741 4687 895 4774 ’ὅπως
933 4711 1025 4763 καὶ
1068 4710 1290 4763 ἐνταῦθα
1314 4687 1399 4762 διὰ
1435 4687 1530 4777 τῆς
1562 4710 1621 4778 ῥί·

1741 4687 2134 4778 peropportune
2169 4696 2484 4754 terminatur
2520 4691 2756 4748 secunda
2793 4705 2918 4760 pars
2953 4687 3076 4743 libri
3118 4687 3274 4740 Psal-

97 4799 198 4868 ζης
241 4798 434 4883 Ἰεσσαὶ
463 4776 504 4865 ἡ.
536 4776 719 4866 κλῆσις
750 4800 854 4851 τῶν
893 4799 1056 4851 ἐθνῶν
1089 4802 1438 4868 ἀναφωνείται
1457 4814 1472 4827 ο
1491 4776 1621 4850 Ῠῶστι

1743 4776 1972 4856 morum,
1999 4804 2117 4860 quae
2141 4804 2170 4842 a
2209 4785 2621 4856 quadragesimo
2661 4784 2833 4851 primo
2852 4779 3062 4849 incipit,
3109 4785 3160 4831 et
3222 4776 3285 4828 in

98 4887 380 4960 μὴμάτην
412 4877 540 4958 μηδὲ
576 4889 673 4956 τὴν
703 4888 1012 4959 προσθήκην
1039 4891 1134 4958 τὴν
1171 4909 1187 4939 ι
1226 4888 1315 4941 τοῦ
1352 4889 1463 4940 υἱοῦ
1509 4889 1621 4940 Ἰεσ-

1742 4891 2053 4955 praesentem
2080 4878 2343 4948 psalmum
2366 4875 2580 4930 desinit.

97 4980 191 5034 cui.
223 5000 242 5030 ι
282 4983 341 5033 ἐν
375 4983 439 5051 τῇ
481 4981 805 5053 προκειμένῃ
849 4982 1101 5050 φέρεσθαι
1139 4982 1450 5053 προφητείᾳ.
1484 4983 1637 5034 κατά
1675 4980 1858 5050 καιρὸν
1899 4977 1954 5028 δὲ
1995 4970 2257 5034 ἐνταῦθα,
2288 4969 2521 5038 Χριστοῦ
2566 4968 2834 5038 βασιλείας
2877 4967 2968 5019 καὶ
3037 4961 3280 5030 κλήσεως

97 5068 268 5163 ἐθνῶν
307 5051 787 5139 εύαγγελισθείσης,
826 5069 884 5120 τὸ
900 5051 1191 5163 -δεύτερον-
1220 5071 1376 5139 μέρος
1413 5069 1510 5136 τῆς
1554 5068 1731 5136 βίϐλου
1775 5066 1878 5118 τῶν
1905 5059 2143 5130 Ψαλμῶν
2173 5058 2606 5131 περιγράφεται,
2670 5054 2964 5124 ἀρξάμενον
3014 5051 3110 5119 μὲν
3174 5051 3280 5102 ἀπὸ

99 5156 319 5229 πρώτου
362 5162 454 5213 καὶ
502 5156 949 5229 τεσσαρακοστοῦ,
997 5158 1297 5226 καταλῆξαν
1336 5159 1391 5209 δέ
1435 5161 1511 5220 εἱς
1553 5160 1642 5231 τρν
1680 5156 1812 5228 μετά
1845 5156 2044 5224 χεῖρας.
2573 5173 2576 5177 ~

105 5271 238 5325 των
290 5255 1088 5391 ΕΠΙΓΕΓΡΑΜέἶΕῙῙξὲὶὲιΟὲἩ
1135 5271 1302 5321 nm
1352 5270 1643 5323 ΨΑΛΜΩΝ

851 5428 926 5477 A'.

168 5517 234 5571 Οἱ
253 5517 560 5584 τοῦῘΑσὰφ
579 5515 1028 5585 ἐπιγεγραμμένοι
1054 5518 1156 5571 εἰσὶ
1179 5518 1274 5588 μὲν
1304 5515 1393 5569 τὸν
1422 5515 1647 5586 ἀριθμὸν

168 5672 217 5701 ’⁸
243 5677 346 5724 lsa.
379 5685 458 5732 Il,
488 5670 536 5722 L
612 5670 655 5698 ""
694 5669 820 5723 ibid.
864 5670 948 5725 10.

1843 5263 2270 5319 ARGUMENTA
2305 5254 2722 5314 PSALMORUM
2760 5254 2876 5320 QUI
2927 5252 3173 5308 ASAPHI

2252 5325 2780 5387 INSCRIBUNTUR.

2489 5415 2530 5468 ι.

1815 5513 2007 5568 Psalmi
2031 5513 2121 5583 qui
2144 5508 2339 5576 Asaphi
2363 5471 2731 5602 inscribuntur
2754 5503 3032 5558 duodecim
3056 5515 3281 5556 numero

173 5782 249 5849 (Ι)
303 5780 641 5842 ’Υπακούειν,
665 5779 717 5832 id
741 5787 820 5834 est
850 5785 1164 5836 respondere.
1192 5778 1252 5831 ἲ.
1273 5777 1323 5832 le
1353 5777 1407 5839 in
1434 5774 1621 5829 Οηοιηι

1719 5789 1764 5826 ro
1795 5771 1858 5825 ad
1898 5771 2070 5840 Opera
2098 5769 2152 5823 S.
2187 5766 2486 5828 .uhanasiit
