3950 6342
666 346 771 400 825

1323 335 1583 392 EUSEBII
1621 333 2094 393 CESABIENSIS
2129 330 2276 388 OPP.
2316 304 2493 385 PARS
2530 328 2614 384 Ill.
2645 360 2715 369 ——
2748 327 3150 383 EXEGETICA.

3724 323 3814 376 Μαί

666 465 795 516 sunt
827 455 935 527 (ί),
968 467 1193 525 quorum
1238 469 1377 509 unus
1418 469 1447 507 a
1480 453 1704 523 reliquis
1736 454 1987 509 undecim
2019 454 2200 521 sejun-

2308 449 2384 511 ιϐ’,
2412 446 2612 502 τούτων
2642 447 2697 500 δὲ
2727 440 2806 510 εἷς
2832 445 3228 515 ἀπεσχοίνισται
3274 446 3370 513 τῆς
3418 441 3525 493 τῶν
3553 444 3814 511 προκειμέ-

665 556 806 608 ctus,
827 560 889 599 ac
912 554 1035 599 ante
1053 543 1553 613 quinquagesimum
1574 544 1900 598 constitutus
1921 550 2024 599 est.
2059 543 2203 609 Qua-

662 636 996 707 dragesimus
1028 648 1200 688 uonus
1227 636 1405 703 itaque
1431 633 1670 701 psalmus
1696 632 1890 700 Asaplri
1916 633 2203 701 inscriptus

664 731 776 779 cst.
807 722 960 790 cujus
994 722 1067 776 rei
1098 736 1316 776 causam
1338 760 1352 781 ,
1384 720 1558 790 qualis
1588 726 1698 773 tum
1734 720 2110 782 succurrebat,
2148 720 2202 773 in

662 814 780 881 ejus
812 810 1145 882 expositione
1184 810 1488 864 retulimus.
1537 808 1749 865 Primus
1788 817 1963 865 autem
2001 810 2199 879 Asaphi

662 902 937 971 psalmus,
985 902 1051 955 de
1093 917 1199 970 quo
1242 901 1353 969 jam
1388 900 1583 969 agitur,
1636 902 1949 973 prophetam
2000 901 2202 955 inducit

661 991 863 1060 ingenti
896 990 1250 1043 admiratione
1280 996 1494 1058 captum
1524 989 1590 1045 de
1622 990 2031 1060 longanimitate
2058 992 2198 1060 cpti-

660 1084 731 1139 mi
780 1081 904 1144 Dei,
942 1081 1122 1150 deque
1162 1081 1281 1147 ejus
1315 1096 1438 1150 erga
1470 1081 1664 1149 impios
1696 1080 1979 1135 tolerantia
2000 1119 2014 1145 ,
2049 1082 2203 1135 ittmo

660 1188 767 1242 que
802 1171 869 1227 de
900 1172 1055 1227 venia
1091 1171 1442 1247 peccantibus
1473 1184 1752 1225 concessa.
1782 1170 1896 1237 Qua
1926 1170 1993 1226 de
2019 1187 2077 1226 re
2103 1172 2199 1226 ob-

661 1272 1005 1333 stupescens,
1028 1277 1148 1316 sese
1180 1268 1237 1314 ut
1292 1260 1686 1328 pusillanimem
1714 1275 1779 1315 ac
1806 1277 1939 1330 pene
1967 1277 2201 1316 commoo

660 1361 773 1407 tum
794 1393 809 1417 ,
842 1362 1003 1423 atque
1030 1352 1221 1424 animae
1250 1365 1437 1421 gressu
1468 1366 1714 1406 eversum
1743 1352 2020 1423 coarguit;
2057 1353 2201 1423 quod

658 1445 865 1501 videret
895 1438 1181 1513 impiorum
1213 1449 1266 1496 et
1304 1441 1581 1498 atheorum
1624 1443 1901 1499 hominum
1942 1461 2029 1500 res
2075 1459 2203 1515 pro-

660 1556 815 1611 spere
844 1539 1053 1596 cedere.
1090 1540 1354 1595 Caaterum
1385 1546 1670 1610 postquam
1706 1540 1759 1595 in
1790 1541 2056 1611 principio
2086 1556 2199 1594 rem

661 1646 803 1703 :egre
834 1629 976 1687 ferre
1007 1631 1156 1687 visus
1190 1630 1398 1694 fuerat,
1435 1631 1489 1684 in
1520 1632 1873 1701 sequentibus
1905 1630 2199 1685 infaustum

659 1736 847 1777 eorum
885 1723 1082 1777 exitum
1134 1722 1459 1779 vaticinatur
1506 1723 1734 1778 dicens:
1790 1720 2031 1790 Dejecisli
2079 1739 2197 1786 eos,

659 1814 785 1867 dum
819 1814 1206 1870 extollerentur.
1261 1812 1531 1878 Quomodo
1570 1814 1698 1881 facti
1736 1824 1857 1867 sunt
1896 1816 1951 1869 in
1993 1815 2198 1870 desola-

662 1906 849 1959 tionem
878 1906 1049 1959 subito
1071 1908 1096 1959 ?
1125 1904 1460 1972 Defecerunt,
1495 1903 1759 1970 perierunt
1784 1914 1991 1973 propter
2019 1906 2199 1959 incon-

660 1994 1030 2050 siderationem
1059 2009 1211 2047 suam
1241 1993 1308 2057 ⁷⁸,
1338 2001 1392 2045 et
1420 2007 1541 2062 quae
1567 2001 1887 2062 sequuntur.

1401 2105 1447 2158 ll

732 2194 1014 2251 Secundus
1049 2196 1115 2249 de
1150 2210 1255 2265 qua
1280 2210 1461 2250 rerum
1490 2196 1800 2253 conditione
1843 2197 1896 2252 in
1927 2200 2102 2268 primo
2130 2200 2204 2256 di-

662 2294 808 2341 ctum
839 2286 909 2341 sit
935 2285 1155 2351 edocet,
1182 2287 1467 2357 deplorans
1490 2296 1813 2357 postremam
1839 2289 2200 2346 Romanorum

662 2386 902 2448 tempore
937 2378 1283 2450 Jerosolymaz
1319 2379 1653 2434 obsidionem
1680 2419 1694 2443 ,
1734 2380 2203 2453 obsidentiumque

664 2479 844 2527 motus
874 2479 927 2525 et
953 2480 1101 2541 gesta
1130 2471 1371 2526 declarat
1396 2470 1480 2524 his
1509 2472 1687 2526 verbis
1714 2492 1726 2526 :
1766 2471 1957 2543 thuid
1982 2513 1997 2537 ,
2032 2474 2167 2529 Deus
2186 2515 2201 2539 ,

665 2562 904 2631 repulisti
935 2564 991 2615 in
1024 2562 1214 2630 finem,
1248 2562 1419 2614 iratus
1449 2572 1525 2616 est
1563 2563 1712 2631 furor
1749 2573 1868 2618 tuus
1908 2581 2060 2633 super
2091 2584 2203 2621 oves

663 2664 874 2720 pascuae
907 2658 1009 2702 tua:
1030 2648 1273 2718 ?quibus
1302 2648 1489 2717 adjicit
1522 2669 1533 2703 :
1579 2650 1744 2715 Quasi
1780 2652 1833 2704 in
1873 2649 2004 2705 silva
2043 2652 2208 2721 ligno-

666 2758 785 2797 rum
822 2739 1084 2796 securibus
1123 2740 1426 2794 exciderunt
1454 2741 1651 2811 januas
1690 2743 1804 2810 eius
1843 2743 1897 2797 in
1944 2742 2204 2812 idipsum,

666 2834 721 2895 in
750 2833 918 2905 securi
943 2840 991 2887 et
1020 2834 1167 2887 ascia
1193 2830 1491 2901 dejecerunt
1528 2848 1662 2886 eam.
1706 2830 2058 2887 Incenderunt
2092 2835 2208 2904 igne

666 2925 1023 2980 sanetuarium
1055 2934 1241 2988 tuum;
1267 2924 1464 2994 quibus
1490 2923 1680 2979 iterum
1707 2923 2012 2993 subjungit:
2045 2923 2209 2992 Signa

668 3024 850 3069 nostra
880 3029 981 3066 non
1012 3012 1264 3076 vidimus,
1293 3012 1409 3079 jam
1442 3028 1547 3063 non
1587 3020 1666 3065 est
1701 3009 1985 3079 propheta,
2027 3018 2075 3063 et
2113 3026 2206 3062 nos

667 3121 772 3162 non
801 3111 1067 3171 cognoscet
1096 3102 1320 3171 amplius
1349 3104 1413 3155 ⁷⁸.
1444 3103 1575 3156 Nam
1607 3104 1748 3173 quod
1775 3102 1935 3166 dicit,
1969 3109 2207 3172 tempore

668 3193 969 3248 obsidionis
1002 3194 1163 3248 istius
1190 3195 1479 3264 prophetas
1514 3211 1622 3250 non
1649 3196 1958 3260 exstitisse;
1992 3193 2044 3247 id
2080 3208 2209 3248 sane

669 3283 928 3354 postremi
959 3299 1145 3337 eorum
1175 3285 1369 3340 excidii
1399 3294 1773 3355 argumentum
1804 3293 1904 3340 est.
1934 3283 2058 3338 Haec
2084 3298 2211 3337 vero

670 3378 1027 3440 congruenter
1061 3381 1183 3441 post
1212 3375 1588 3437 praedictiones
1618 3378 1684 3430 de
1711 3367 1929 3428 Christo
1958 3373 2210 3443 superius

670 3461 977 3516 enuntiatus
1004 3464 1176 3532 posita
1202 3473 1347 3518 sunt.
1378 3456 1512 3529 Quia
1538 3465 1680 3519 enim
1710 3464 1885 3533 ipsum
1910 3465 2209 3519 venientem

667 3563 781 3613 non
816 3562 1173 3619 acceperunt,
1208 3554 1521 3607 necessario
1556 3568 1672 3606 eam
1695 3593 1709 3615 ,
1750 3568 1869 3622 quae
1904 3559 2025 3621 post
2061 3559 2210 3606 tanta

671 3638 727 3693 in
758 3639 1033 3695 Christum
1067 3639 1310 3701 facinora
1339 3642 1485 3714 ipsos
1519 3645 1753 3709 invasit,
1790 3645 2046 3698 ultionem
2075 3643 2211 3697 vati-

673 3729 904 3789 cinatur.

1398 4010 1482 4064 Ill.

747 4092 960 4151 Tertius
997 4098 1198 4169 Asaphi
1238 4101 1477 4169 psalmus
1513 4103 1567 4157 in
1606 4102 1765 4159 ﬁnem
1819 4105 2045 4159 remittit
2090 4122 2210 4161 eum

678 4184 768 4251 qui
800 4185 980 4254 priora
1010 4187 1200 4257 legerit
1228 4229 1241 4253 ,
1270 4178 1625 4262 hortaturque
1651 4211 1713 4247 ne
1741 4196 2007 4263 disperdat
2035 4195 2102 4248 ”.
2134 4198 2213 4251 Ad

677 4272 793 4326 inec
818 4282 993 4329 autem
1019 4277 1207 4332 titulus
1233 4278 1496 4348 psalmum
1525 4292 1572 4334 el
1595 4283 1865 4336 canticum
1892 4283 2067 4353 ipsum
2095 4299 2214 4338 esse

679 4361 945 4427 deelarat,
973 4367 1105 4434 quia
1136 4384 1323 4422 eorum
1355 4370 1445 4438 qui
1482 4368 1537 4422 in
1564 4369 1839 4425 Christum
1870 4374 2215 4428 crediderunt

681 4454 975 4520 gratiarum
1028 4460 1292 4513 actionem
1344 4461 1741 4529 complectitur.
1790 4461 2041 4518 Divinum
2088 4466 2215 4520 item

677 4538 935 4615 judicium
961 4556 1252 4611 memorat,
1279 4559 1565 4617 narratque
1591 4550 1856 4618 quomodo
1878 4555 2217 4607 constituerit

682 4628 822 4682 diem
845 4631 1034 4697 judicii
1054 4674 1067 4697 ,
1092 4634 1199 4702 quo
1218 4637 1403 4691 reddet
1427 4640 1715 4709 unicuique
1739 4642 2033 4695 secundum
2056 4656 2215 4711 opera

682 4720 837 4787 ejus,
879 4721 953 4774 ita
995 4730 1051 4776 ut
1098 4726 1190 4794 qui
1236 4728 1290 4781 iu
1335 4732 1581 4797 praesenti
1613 4726 1723 4785 vita
1752 4732 2006 4787 aerumnis
2039 4732 2217 4786 afﬂicti

686 4807 923 4874 fuerint,
956 4810 1131 4867 futura
1168 4816 1221 4867 in
1265 4814 1371 4870 Deo
1401 4821 1636 4887 reposita
1666 4837 1760 4890 spe
1788 4838 1895 4876 non
1926 4822 2215 4887 excidant;

686 4900 781 4968 qui
813 4916 943 4955 vero
984 4902 1083 4955 hoc
1113 4912 1352 4974 tempore
1382 4908 1506 4961 elati
1548 4919 1737 4963 contra
1765 4912 2037 4967 Christum
2067 4928 2219 4967 arroo

689 4999 875 5060 ganter
904 4993 1144 5060 egerint,
1177 4994 1429 5053 ultionem
1472 4996 1525 5051 in
1560 4998 1741 5051 futura
1768 5001 1876 5053 vita
1907 5016 2022 5055 non
2053 4999 2220 5055 decli—

689 5086 835 5139 nent.
879 5081 1213 5151 Quapmpter
1252 5100 1317 5137 ex
1358 5102 1584 5154 persona
1629 5090 1991 5158 apostolorum
2014 5133 2028 5159 ,
2058 5089 2221 5146 disci-

691 5169 937 5239 pulorum
966 5179 1020 5227 et
1057 5176 1507 5243 evangelistarum
1552 5180 1849 5234 Salvatoris
1889 5181 2065 5236 nostri
2106 5182 2220 5235 haec

2302 558 2404 594 νων
2437 546 2501 592 ια’
2530 540 2832 607 συναφείας,
2863 537 3251 591 κατατέτακται
3287 535 3343 587 δὲ
3375 533 3478 603 πρὸ
3514 531 3605 599 τοῦ
3634 540 3670 583 ν’
3697 529 3814 600 ψαλ-

2305 631 2501 701 μοῦ.Ὀ
2530 630 2658 698 γοῦν
2708 631 2788 700 μθ⁹
2820 630 3211 700 ἐπιγέγραπται
3254 626 3357 680 τοῦ
3400 624 3608 691 Ἀσάφ·
3642 624 3725 691 τήν
3765 626 3813 675 6's

2302 722 2667 777 ὑποπεσοῦσαν
2714 724 2840 793 ἡμίν
2884 724 3058 777 αἰτίαν
3103 722 3226 783 τοὺς
3271 720 3464 780 τόπους
3501 714 3808 784 διηγούμενοι

2302 815 2707 885 παρεθήκαμεν.
2735 815 2956 882 Εἰσάγει
2984 815 3040 867 δὲ
3071 815 3098 866 ὁ
3134 810 3268 883 μετὰ
3293 813 3479 881 χεῖρας
3511 807 3709 877 πρῶτος
3748 807 3811 859 ὢν

2298 906 2391 959 τοῦ
2425 905 2612 973 ’Δσὰφ,
2638 904 2725 957 τὸν
2752 907 3025 975 προφήτην
3052 900 3531 973 ύπερθαυμάζοντα
3552 899 3609 951 τὸ
3635 900 3810 967 μακρό-

2301 997 2466 1067 θυμον
2499 996 2589 1049 τοῦ
2622 995 2926 1063 παναγάθου
2959 995 3111 1056 Θεοῦ,
3152 995 3244 1047 καὶ
3277 990 3370 1061 τὴν
3402 991 3494 1042 ἐπὶ
3518 992 3622 1051 τοῖς
3649 988 3812 1041 ἀσείέ·
3904 988 3905 1057 ἰ

2303 1104 2385 1141 σιν
2413 1087 2753 1154 ἀνεξικακίαν
2781 1086 2963 1148 αὑτοῦ,
2993 1087 3089 1156 τήν
3117 1102 3174 1137 τε
3201 1081 3534 1152 ἐνδιδομένην
3564 1079 3810 1150 συγχώρη-
3904 1078 3905 1131 l

2302 1198 2385 1234 σιν
2426 1182 2535 1244 τοῖς
2563 1179 2958 1250 ἁμαρτάνουσιν
2979 1194 2991 1207 ·
3022 1178 3086 1247 ἢν
3114 1172 3684 1245 ὺπερεκπληττόμενος,
3707 1172 3811 1221 ὲαυ-

2299 1273 2391 1325 τοῦ
2420 1274 2711 1343 κατηγορεῖ
2737 1273 2809 1334 ὡς
2832 1268 3268 1339 έλιγοψυχοῦντος
3288 1267 3380 1320 καὶ
3406 1263 3595 1335 μικροῦ
3619 1264 3715 1316 δεῖν
3732 1280 3813 1314 σαι

2300 1362 2593 1426 λευθέντος,
2617 1363 2706 1416 καὶ
2726 1364 2824 1443 τῆς
2859 1361 3030 1432 ψυχῆς
3063 1360 3161 1423 τὰς
3190 1358 3371 1429 βάσεις
3400 1355 3807 1427 περιτραπέντος.
3904 1376 3905 1433 3

2299 1456 2363 1509 δι’
2384 1455 2448 1517 ἃς
2477 1454 2620 1524 ἑώρα
2640 1455 2744 1508 τῶν
2990 1428 3083 1505 καὶ
3106 1428 3276 1504 ἀθέων
3296 1449 3500 1519 ἀνδρῶν
3524 1448 3809 1516 εὐπραγίας.

2299 1545 2441 1614 Πλὴν
2488 1546 2929 1615 ἀποδυσπετήσας
2976 1545 3031 1594 ὲν
3081 1544 3190 1604 τοῖς
3235 1540 3486 1611 πρώτοις,
3515 1536 3700 1605 προῖὼν
3728 1536 3812 1602 τὴν

2300 1635 2671 1705 καταστροφὴν
2702 1634 2877 1688 αὐτῶν
2904 1632 3141 1694 θεσπίζει
3158 1631 3328 1698 λέγων
3349 1648 3362 1661 ⁸
3388 1627 3701 1691 Κατέὄαλες
3718 1629 3809 1679 αὐ-
3904 1682 3905 1689 η

2300 1727 2441 1791 τοὺς
2469 1728 2537 1779 ἐν
2564 1725 2643 1789 τῷ
2666 1723 3010 1792 ἐπαρθῆναι.
3035 1720 3171 1785 ’Πῶς
3207 1719 3478 1788 ἐγένοντο
3511 1718 3593 1782 είς
3626 1715 3812 1785 ἐρήμω-
3904 1764 3905 1792 ἦ

2300 1834 2400 1871 σιν
2427 1819 2675 1882 ἐξάπινα
2692 1834 2708 1879 ;
2728 1815 3054 1879 Ἐξέλιπον,
3086 1810 3392 1865 ἀπώλοντο
3416 1808 3509 1863 διὰ
3532 1808 3639 1875 τὴν
3667 1808 3813 1862 (1601.!-

2298 1908 2438 1960 λίαν
2465 1903 2679 1967 αὐτῶν,
2715 1904 2807 1957 καὶ
2837 1901 2907 1955 τὰ
2936 1902 3140 1962 τούτοις
3168 1897 3452 1954 ἀκόλουθα.

3034 2101 3108 2151 B'.

2382 2192 2435 2244 Ὁ
2463 2190 2704 2260 δεύτερος
2725 2188 2815 2240 ἐπὶ
2849 2188 3022 2249 ποίαις
3042 2204 3196 2257 mpm
3212 2186 3417 2238 ιὰςεσιν
3440 2182 3505 2236 τὰ
3524 2184 3579 2235 έν
3597 2182 3667 2251 τῷ
3688 2197 3813 2247 πρω-

2300 2299 2377 2352 τῳ
2410 2282 2625 2333 λέλεκτο
2650 2280 2905 2341 διδάσκει,
2938 2277 3330 2346 ἀποδυρόμενος
3368 2275 3464 2343 τῆς
3500 2271 3811 2343 Ἰερουσαλὴμ
3904 2300 3905 2305 η

2301 2374 2397 2444 τὴν
2428 2372 2656 2443 ἐσχάτην
2689 2368 3017 2439 πολιορκίαν,
3050 2369 3115 2438 ἠν
3145 2365 3407 2419 πέπονθεν
3446 2363 3537 2417 ἐπὶ
3567 2363 3664 2414 τῶν
3702 2361 3810 2413 Ῥω-

2307 2463 2511 2533 μαϊκῶν
2542 2461 2765 2531 χρόνων,
2800 2458 3072 2529 σημαίνων
3118 2473 3176 2509 τε
3221 2456 3318 2523 τὴν
3360 2455 3702 2506 ἐπανάστασιν
3723 2450 3812 2502 τῶν

2302 2552 2389 2605 τὸν
2436 2552 2596 2604 τόπον
2640 2548 3131 2620 πολιορκησὰντων·
3164 2546 3191 2598 ὃ
3214 2548 3276 2617 δὴ
3313 2547 3600 2617 παρίστησι
3630 2544 3805 2612 φήεας·

2305 2644 2432 2696 Ἵνα
2445 2643 2501 2694 τί
2507 2682 2520 2705 ,
2551 2645 2582 2695 d
2609 2639 2767 2703 Θεὸς,
2786 2639 2999 2694 ἀπώσω
3023 2642 3109 2703 εὶς
3123 2638 3312 2702 τέλος,
3336 2638 3589 2705 ὠργίσθη
3610 2638 3639 2688 ό
3658 2634 3815 2701 θυμός

2306 2749 2419 2787 σου
2457 2733 2556 2785 ἐπὶ
2593 2734 2850 2801 πρόϐατα
2890 2730 3078 2799 νομῆς
3124 2746 3267 2791 σου;
3300 2725 3397 2793 Οἷς
3428 2728 3551 2796 ἑξῆς
3577 2725 3807 2792 ἐπιλέγει·

2316 2823 2408 2887 Ὠς
2427 2823 2495 2876 ἐν
2515 2820 2709 2891 δρυμῷ
2738 2822 2936 2886 ξύλων
2957 2821 3189 2885 ἀξίναις
3214 2819 3512 2886 ἐξέκοψαν
3538 2818 3637 2881 τὰς
3665 2817 3816 2883 θύρας

2305 2914 2491 2982 αὐτῆς
2514 2913 2612 2965 ἐπὶ
2638 2911 2704 2965 τὸ
2730 2913 2893 2975 αὐτὸ,
2918 2912 2985 2964 ἐν
3015 2912 3225 2964 πέλυκι
3252 2909 3346 2961 καί
3373 2908 3718 2974 λαξευτηρίφ
3734 2923 3815 2959 κα-

2306 3003 2591 3073 τέρῤαξαν
2609 3002 2815 3069 αὐτήν.
2836 3002 3215 3069 Ἐνεπύρισαν
3232 3000 3300 3052 ἐν
3323 3000 3461 3066 πυρί
3494 2999 3557 3050 τὸ
3579 2995 3815 3064 ἀγιαστή-

2302 3097 2436 3165 ριόν
2464 3110 2578 3148 σου
2598 3112 2609 3122 ·
2638 3089 2717 3155 οἷς
2742 3089 2893 3153 αὖθις
2928 3091 3193 3157 ἐπιλέγει·
3224 3089 3295 3142 Τὰ
3315 3088 3529 3156 σημεῖα
3553 3085 3706 3155 ἡμῶν
3730 3089 3815 3137 οὐκ

2306 3186 2557 3254 εἴδομεν·
2590 3187 2698 3237 οὐκ
2741 3183 2909 3235 ἔστιν
2954 3181 3039 3233 ἔτι
3091 3179 3415 3249 προφήτης,
3447 3178 3542 3231 καὶ
3582 3174 3723 3244 ἡμᾶς
3762 3176 3816 3229 οὺ

2308 3274 2593 3344 γνώσεται
2616 3274 2700 3326 ἔτι
2720 3291 2732 3301 ·
2761 3272 2836 3341 τῷ
2859 3272 2964 3341 γὰρ
2993 3272 3214 3339 φάσκειν
3250 3270 3443 3339 μηκέτι
3469 3270 3729 3339 προφήτας
3747 3282 3817 3333 γε·

2309 3365 2520 3431 γονέναι
2552 3362 2691 3416 κατά
2717 3363 2814 3432 τὴν
2846 3361 3171 3431 δηλουμένην
3198 3360 3502 3429 πολιορκίαν
3544 3361 3743 3428 σημεῖον
3766 3351 3816 3433 ἦν

2308 3455 2405 3523 τῆς
2436 3453 2664 3521 ὑστάτης
2713 3451 2884 3504 αὐτῶν
2934 3452 3547 3513 ἀποπτώσεως.”Επεται
3591 3450 3642 3501 δὲ
3680 3446 3818 3499 ταῦτα

2313 3545 2514 3614 σφόδρα
2540 3541 2839 3605 ἀκολούθως
2868 3544 2988 3604 ταῖς
3017 3541 3104 3593 διὰ
3139 3539 3580 3609 τῶνέμπροσθεν
3610 3538 3725 3607 περὶ
3745 3533 3816 3586 τοῦ

2310 3633 2541 3705 Χριστοῦ
2573 3633 2871 3701 λεχθείσαις
2901 3620 3281 3701 προρρήσεσιν.
3302 3627 3514 3697 Ἐπειδὴ
3546 3626 3648 3697 γὰρ
3674 3625 3818 3678 ἐλθὼ-

2311 3742 2376 3775 τα
2397 3724 2556 3777 αὐτὸν
2586 3724 2657 3793 μὴ
2680 3722 3052 3793 παρεδέξαντο,
3077 3719 3381 3787 ἀναγκαίως
3407 3721 3505 3791 τὴν
3534 3717 3819 3771 ἐπελθοῦσιν

2311 3815 2491 3875 αὐτοῖς
2518 3813 2683 3882 ὀργὴν
2719 3812 2854 3883 μετὰ
2896 3811 2961 3865 τὰ
2992 3811 3109 3865 κατ’
3134 3810 3293 3863 αὑτοῦ
3324 3809 3649 3878 τολμηθέντα
3674 3807 3819 3867 αὐτοις

2313 3900 2573 3965 θεσπίζει.

2979 4012 2983 4016 .
3043 4010 3116 4065 Γπ

2391 4103 2449 4154 Ὁ
2477 4104 2655 4173 τρίτος
2678 4102 2768 4156 τοῦ
2810 4101 2977 4171 Ἀσὰφ
3006 4103 3085 4164 είς
3112 4100 3338 4161 τὸτέλος
3368 4112 3712 4170 παραπέμπει
3754 4097 3820 4148 τὸν
3904 4158 3905 4169 ἶ

2314 4195 2421 4253 τοῖς
2454 4192 2733 4261 προτέροις
2762 4192 3167 4262 ὲντετυχηκότα,
3200 4190 3292 4241 καὶ
3330 4192 3582 4259 παραινεῖ
3615 4188 3691 4257 μὴ
3722 4187 3818 4238 δια-

2315 4281 2558 4350 φθεῖραι.
2578 4281 2894 4353 Ἐπιγράφει
2920 4299 2976 4333 τε
3006 4279 3141 4351 πρὸς
3163 4279 3387 4343 τούτοις,
3424 4282 3505 4332 ὃτι
3538 4281 3627 4332 καὶ
3649 4275 3821 4345 ψαλμδς

2246 4348 2288 4401 D
2316 4348 2399 4441 εἴη
2450 4373 2541 4424 καὶ
2585 4348 2943 4441 ipss-emat;
2995 4348 3231 4440 περιέχει
3275 4370 3617 4440 εὐχαριστίαν
3642 4368 3735 4419 τῶν
3763 4366 3819 4425 εἰς

2318 4463 2408 4515 τὸν
2454 4461 2682 4529 Χριστὸν
2713 4459 3160 4512 πεπιστευκότων.
3195 4459 3303 4511 Καὶ
3346 4458 3441 4527 τὴν
3468 4457 3576 4510 τοῦ
3614 4453 3733 4510 Θεοῦ
3767 4452 3822 4504 διο
3904 4500 3905 4533 Τ

2320 4553 2655 4623 καιοκρισίαν
2685 4552 2973 4622 παρίστησι
2999 4550 3255 4604 διδάσκων
3298 4552 3444 4613 ὅπως
3490 4552 3701 4623 ἔστησεν
3726 4546 3821 4617 ὴμὲ·

2324 4662 2422 4714 ραν
2455 4646 2702 4715 κρίσεως,
2736 4636 2848 4715 ὲνῇ
2879 4641 3139 4695 ἀποδώσει
3180 4633 3389 4713 ὲκάστῳ
3436 4643 3576 4696 κατὰ
3620 4640 3681 4697 τὰ
3717 4638 3822 4706 ἔργα

2322 4735 2503 4789 αὑτοῦ.
2533 4735 2640 4787 Καὶ
2668 4732 2787 4785 οῦτε
2820 4735 2867 4788 οἱ
2897 4732 3034 4811 κατὰ
3068 4732 3158 4785 τὸν
3185 4734 3420 4805 παρόντα
3453 4734 3565 4802 βίον
3589 4727 3821 4796 κακούμεο
3904 4730 3905 4733 “

2323 4843 2399 4877 νοι
2424 4829 2519 4895 τῆς
2552 4816 2699 4895 παρὰ
2724 4823 2799 4894 τῷ
2831 4820 2947 4892 Θεῷ
2979 4823 3271 4895 μελλούσης
3299 4824 3508 4886 ἐλπίδος
3536 4817 3822 4875 ἀποπεσοῦν-
3904 4824 3905 4829 ‘

2322 4932 2429 4981 ται,
2449 4915 2558 4968 οὔθ’
2575 4918 2623 4967 οἱ
2652 4913 2789 4967 κατὰ
2817 4914 2904 4967 τὸν
2925 4914 3187 4967 ἐνεστῶτα
3217 4914 3403 4983 καιρὸν
3428 4910 3730 4981 ἐπαρθέντες
3750 4906 3820 4958 καὶ

2325 5005 2901 5074 καταλαζονευσάμενοι
2942 5004 3035 5058 τοῦ
3063 5003 3294 5076 Χριστοῦ
3323 4997 3655 5071 ἀτιμώρητον
3676 4997 3818 5064 ἕξουσι

2323 5096 2408 5149 τὸν
2448 5096 2580 5166 μετὰ
2614 5096 2782 5149 ταῦτα
2811 5096 2939 5166 βίον.
2968 5097 3056 5150 Διὸ
3098 5097 3161 5149 ὲκ
3200 5089 3485 5165 προσώπου
3517 5092 3609 5162 μὲν
3629 5091 3723 5144 τῶν
3748 5084 3818 5140 τί)ὖ
3904 5148 3905 5151 η

2326 5183 2569 5253 Σωτῆρος
2592 5186 2623 5253 ἡ
2633 5183 2745 5253 μῶν
2773 5185 3077 5239 ἀποστόλων
3102 5181 3193 5236 καὶ
3237 5180 3491 5252 μαθητῶν
3518 5182 3606 5235 καὶ
3633 5180 3817 5244 εὐαγγε-

690 5260 1003 5331 pronuntiat
1030 5280 1044 5314 :
1076 5263 1445 5333 Conﬁtebimur
1474 5270 1599 5334 tibi,
1623 5271 1782 5335 Deus,
1808 5279 1855 5325 et
1877 5272 2207 5326 invocabimui

2326 5271 2516 5326 λιστῶν
2560 5276 2827 5341 ἀναφωνεῖ
2878 5276 2964 5328 τό·
3010 5271 3583 5342 Ἑξομολοτησόμεθά
3621 5284 3754 5328 σοι,
3793 5264 3818 5312 δ

691 5368 872 5413 nomen
901 5363 1064 5407 tuum.
1091 5354 1163 5411 De
1186 5358 1252 5413 iis
1274 5374 1403 5413 vero
1427 5360 1519 5429 qui
1544 5359 1597 5415 in
1621 5360 1953 5417 Salvatorem
1978 5370 2207 5419 nostrum

2330 5364 2490 5429 Θεὸς,
2515 5364 2612 5418 καὶ
2650 5365 3114 5436 ἐπικαιεσόμεθα
3140 5362 3205 5417 τὸ
3243 5363 3427 5434 ὄνομά
3449 5378 3593 5420 σου’
3643 5357 3749 5429 περὶ
3774 5346 3818 5404 δδ
3904 5412 3905 5445 1

762 5508 806 5538 "
848 5506 1178 5573 Psaluxn,
1219 5512 1304 5577 i8,
1330 5512 1416 5568 i9.
1488 5513 1533 5544 τ’
1561 5512 1703 5571 Psal.
1728 5529 1917 5579 Lxxut,
1944 5514 2050 5571 1-9.
2129 5514 2172 5547 '°
2202 5512 2608 5587 Psal.uxtv,i.

768 5684 840 5752 (ί)
878 5684 1001 5738 Vide
1029 5702 1188 5759 supra
1228 5688 1291 5745 ad
1326 5689 1458 5758 psal.
1489 5704 1610 5747 χιιι
1647 5689 1813 5743 initio.
