3966 6348
76 456 168 510 825

1170 445 1665 504 COMMENTARIA
1706 442 1772 497 IN
1800 442 2135 498 PSALMOS.

3157 437 3262 494 826

75 576 173 625 τῶν
196 573 261 625 τὰ
290 572 430 625 κατὰ
456 572 542 623 τοῦ
570 570 985 642 Σωῆροςὴειῶν
1011 572 1391 641 τολμησάντων
1417 573 1618 639 προῖων

1743 566 1849 618 alia
1880 580 1999 619 aus:
2033 571 2159 619 sunt
2190 562 2292 618 sub
2327 562 2440 616 haec
2469 561 2658 631 adjicit
2688 578 2701 616 :
2736 559 2861 641 Dixi
2890 559 3081 627 iniquis
3104 572 3123 611 :
3157 555 3269 609 No-

78 666 254 731 ἐπέγει
286 665 366 716 τό-
404 661 555 717 Εἷπα
584 663 706 728 τοῖς
742 663 1185 731 παρανομοῦσι·
1230 661 1324 728 Μὴ
1374 676 1621 727 παρανο-

72 758 241 825 pairs,
272 756 368 808 καὶ
414 754 538 819 τοῖς
577 753 1007 823 ἁμαρτάνουσι·
1038 753 1133 819 Μὴ
1166 753 1391 820 ὐψοῦτε
1424 750 1617 819 κέρας.

78 848 162 914 Μὴ
193 848 459 916 cara/pere
491 849 576 910 εὶς
596 847 750 914 ὕψος
768 845 833 897 τὸ
854 845 1029 913 κέρας
1060 843 1242 912 ὑμῶν,
1264 842 1346 912 μὴ
1387 842 1623 897 λαλεῖτε

78 941 217 992 κατὰ
249 940 354 993 τοῦ
390 939 534 992 Θεοῦ
582 938 833 991 ἀδικίαν.
875 934 1145 1014 Εἶθ’έξῆς
1175 936 1233 1000 ἐξ
1264 935 1424 988 αὐτοῦ
1459 951 1624 1003 προσ-

78 1029 217 1081 ώπου
256 1028 345 1080 τοῦ
375 1026 606 1098 Χριστοῦ
639 1027 883 1096 ἐπιφέρει
917 1027 1005 1078 τὸ’
1050 1026 1188 1094 Ἐγὼ
1223 1024 1288 1077 δὲ
1316 1021 1624 1091 ἀπαγγελῶ

78 1120 157 1181 εις
196 1119 301 1169 τὸν
335 1116 538 1179 αἰῶνα,
577 1114 753 1185 ψαλῶ
785 1114 863 1179 τῷ
891 1116 1009 1179 Θεῷ
1046 1116 1255 1171 Ἰακώϐ.
1285 1113 1393 1166 Καὶ
1432 1112 1627 1165 πάντα

79 1205 144 1261 τὰ
172 1208 383 1277 κέρατα
408 1205 524 1259 τῶν
543 1203 900 1274 ἁμαρτωλῶν
917 1203 1261 1265 συνθλάσω,
1285 1202 1379 1255 καὶ
1398 1202 1626 1270 ὑψωθή-

79 1314 236 1356 σεται
271 1301 340 1354 τὰ
376 1298 587 1353 κέρατα
622 1298 726 1354 τοῦ
752 1296 1002 1351 δικαίου.

819 1414 891 1465 a'.

142 1504 249 1557 Kal.
281 1504 309 1554 ὁ
336 1500 521 1572 παρὼν
535 1500 745 1571 ψαλμὺς
776 1501 1018 1557 λέλεκται
1037 1502 1136 1552 Ἐν
1170 1500 1371 1568 ὕμνοις
1391 1515 1403 1527 ·
1435 1500 1493 1550 οὐ
1528 1496 1623 1567 μό-

79 1610 161 1647 νον
186 1592 319 1646 ἀλλὰ
364 1594 455 1645 καὶ
496 1593 606 1664 ᾠδὴ
646 1596 897 1663 τυγχάνει
925 1591 1319 1660 ἀναπέμπουσα
1349 1592 1423 1652 εἰς
1454 1590 1513 1642 τὸ
1538 1590 1627 1641 τέ-

80 1685 181 1747 λος.
216 1684 513 1754 Διαγράφει
558 1684 613 1736 δὲ
645 1685 753 1737 τῶν
789 1684 885 1753 μὲν
921 1682 1228 1737 ἀποστόλων
1260 1681 1352 1733 τοῦ
1383 1680 1630 1750 Σωτῆρος

81 1779 167 1829 καὶ
200 1780 298 1848 τῆς
336 1777 653 1846 Ἐκκλησίας
681 1774 839 1829 αὑτοῦ
872 1773 968 1845 τὴν
1008 1773 1320 1841 ἀσφάλειαν,
1366 1771 1528 1825 αὐτοῦ
1557 1771 1631 1839 ,δὲ

79 1870 170 1937 τὴν
196 1869 251 1920 ὲν
277 1870 463 1939 εἰρήνῃ
497 1868 657 1937 μονὴν
682 1869 773 1920 καὶ
797 1868 1001 1927 στάσιν,
1021 1868 1112 1917 καὶ
1140 1866 1236 1933 τὴν
1260 1863 1349 1916 ἐπὶ
1377 1865 1472 1933 τῆς
1501 1863 1633 1914 Ἰου-

82 1924 228 2019 δαίας
261 1923 559 2028 παρουσίαν
582 1976 592 1987 ’
618 1923 723 2010 ’καί
744 1958 816 2019 ὡς
839 1958 870 2025 ἡ
900 1923 1121 2025 ἀλήθινὴ
1144 1923 1305 2007 αξιτοῦ
1337 1923 1511 2017 πόὶίιὴς.
1538 1953 1630 2004 καὶ
1665 1923 1703 1977 Β

81 2050 135 2101 τὸ
167 2049 302 2101 Σιὼν
332 2050 454 2119 ὅρος
476 2048 535 2101 τὸ
568 2047 814 2117 ἀληθινὸν
856 2045 1018 2100 αὐτοῦ
1057 2048 1367 2117 οἰκητήριον
1407 2046 1631 2098 πάντοτε

84 2140 429 2213 εἰρηνεύεται,
477 2140 595 2192 οὐδὲ
635 2138 851 2192 πώποτε
883 2138 1093 2209 ἐχθροῖς
1126 2138 1430 2208 ὑποχείριον
1457 2136 1635 2204 γιγνό-

87 2234 333 2303 μενον.““υ
365 2231 427 2300 δὴ
456 2231 706 2300 σημαίνει
729 2228 897 2296 λέγων
918 2246 929 2257 ·
980 2228 1259 2303 Γνωστὸς
1292 2229 1362 2279 ἐν
1390 2224 1461 2293 τῇ
1494 2228 1631 2278 Ἰου-

87 2248 333 2303 μενον.“υ
365 2248 427 2300 οη
456 2248 706 2300 σημαινει
730 2248 897 2296 Αετων
918 2248 929 2257 ·
980 2248 1002 2281 ι
1031 2248 1221 2280 νωστο
1292 2248 1362 2279 εν
1390 2248 1459 2293 τῃ
1504 2248 1631 2278 ιου-

84 2326 212 2392 δαίᾳ
243 2328 277 2378 ὁ
310 2326 471 2388 Θεὸς,
496 2324 566 2375 ἐν
587 2320 665 2386 τῷ
704 2320 939 2389 Ἰσραὴλ
958 2319 1109 2389 μέγα
1134 2320 1193 2371 τὸ
1218 2248 1401 2385 δορα
1430 2314 1631 2369 αὐτοῦ.

96 2414 365 2483 Ἐγενήθη
392 2413 593 2483 ειρήνη
622 2416 653 2466 ό
674 2413 854 2474 τόπος
876 2411 1060 2464 αὺτοῦ
1084 2410 1180 2463 καὶ
1201 2408 1265 2461 τὸ
1295 2403 1638 2471 κατοικητή-

83 2520 206 2572 ριον
228 2504 411 2557 αὐτοῦ
438 2503 508 2555 ἐν
529 2500 699 2555 Σιών.
724 2495 836 2552 Εἶθ’
857 2498 981 2568 ἑξῆς
1006 2488 1113 2551 τῶν
1136 2496 1339 2567 ἐχθρῶν
1363 2492 1522 2548 αὐτοῦ
1544 2494 1636 2546 καὶ

84 2595 185 2647 τῶν
210 2596 309 2663 τῆς
339 2592 658 2662 Ἐκκλησίας
678 2590 841 2644 αὐτοῦ
870 2591 1139 2659 πολεμίων
1161 2591 1258 2659 τὴν
1280 2587 1483 2640 πτῶσιν
1510 2600 1637 2654 παρ-

90 2690 292 2757 ίστησιν
338 2680 437 2738 ὧδε
487 2684 735 2752 φάσκων
783 2683 943 2735 Ἐκεῖ
972 2681 1294 2747 συνέτριψε
1336 2678 1407 2730 τὰ
1455 2674 1636 2743 κράτη

88 2776 197 2830 τῶν
243 2776 450 2841 τόξων,
482 2774 673 2827 ὅπλον
722 2764 823 2825 καὶ
844 2772 1147 2840 ῥομφαίαν
1198 2769 1293 2822 καὶ
1342 2769 1638 2837 πόλεμον-ο

91 2868 175 2920 καὶ
207 2867 395 2920 πάλον
446 2863 888 2933 Ἑταράχθησαν
912 2862 1132 2925 πάντες
1154 2864 1207 2915 οἱ
1251 2861 1529 2914 ἁσύνετοι
1566 2858 1639 2926 τῇ

91 2956 311 3027 καρδίᾳ.
350 2957 664 3008 ’Ύπνωσαν
708 2954 904 3007 ὕπνον
933 2950 1146 3015 αὐτῶν,
1185 2951 1280 3004 καὶ
1320 2953 1429 3018 οὐχ
1466 2947 1644 3020 εὗρον

93 3048 264 3103 οὐδὲν
296 3048 514 3112 πάντες
537 3050 589 3100 oi
619 3045 829 3115 ἄνδρες
851 3046 955 3099 τοῦ
984 3046 1247 3097 πλούτου
1290 3043 1417 3108 ταῖς
1439 3044 1645 3111 χερσὶν

92 3139 299 3195 αὐτῶν.
318 3139 445 3193 Ἀπὸ
473 3135 1011 3205 ἐπιτιμήσεὼςσου,
1039 3137 1069 3187 ό
1100 3134 1241 3198 Θεὸς
1276 3132 1487 3196 Ἰακὼϐ,
1515 3134 1644 3185 ἐνύ-

1722 656 1817 709 lite
1844 657 2019 724 inique
2045 670 2233 724 agere;
2260 662 2306 706 et
2339 651 2752 722 delinquentibus
2780 666 2797 703 :
2826 647 3009 703 Nolite
3034 648 3271 701 exaltare

1721 762 1902 798 cornu.
1939 743 2117 798 Nolite
2144 743 2391 797 extollere
2420 746 2471 795 in
2503 743 2668 794 altum
2699 756 2857 794 cornu
2888 749 3115 793 uestrum
3135 778 3149 801 ,
3180 754 3273 790 no-

1722 836 1811 889 lite
1848 836 1991 903 loqui
2033 835 2283 887 adversus
2326 833 2491 886 Deum
2533 832 2879 899 iniquitatem.
2910 828 3112 883 Deinde
3146 843 3274 881 vero

1722 943 1784 980 ex
1818 940 2049 994 persona
2079 926 2251 993 ipsius
2282 922 2483 979 Christi
2518 923 2700 977 addit:
2738 921 2844 990 Ego
2875 930 3045 972 autem
3078 935 3275 971 annun-

1726 1015 1865 1068 tiabo
1911 1018 1963 1068 in
2006 1014 2294 1077 sceculum,
2346 1014 2569 1067 cantabo
2613 1013 2719 1066 Deo
2758 1008 2940 1065 Jacob.
2991 1008 3058 1063 Et
3096 1010 3273 1069 onuiia

1725 1122 1921 1159 cornua
1974 1116 2309 1177 peccatorum
2364 1106 2738 1176 confringam,
2796 1113 2845 1157 et
2899 1100 3272 1156 exaltabuutur

1726 1215 1923 1251 cornua
1944 1196 2100 1265 justi.

2458 1412 2547 1466 ιν.

1796 1505 2042 1559 Praesens
2080 1518 2295 1575 quoque
2332 1503 2575 1573 psalmus
2603 1501 2667 1556 In
2718 1502 2927 1572 hymnis
2965 1504 3006 1534 ³⁸
3040 1503 3274 1567 dicitur;

1730 1596 1858 1665 quin
1901 1595 2061 1650 etiam
2102 1594 2376 1648 canticum
2413 1602 2492 1648 est
2528 1594 2594 1646 ad
2635 1594 2794 1648 tinem
2834 1595 3139 1649 remittens.
3177 1592 3279 1648 Do-

1730 1687 1919 1742 scribit
1964 1700 2090 1739 vero
2138 1685 2507 1754 apostolorum
2568 1684 2873 1741 Servatoris
2924 1698 2973 1741 et
3025 1686 3281 1743 Ecclesiae

1729 1781 1904 1850 ipsius
1944 1778 2331 1843 securitatem;
2374 1776 2547 1845 ipsius
2584 1791 2712 1830 vero
2752 1776 2955 1831 Christi
2998 1780 3280 1848 paciﬁcum

1732 1870 2064 1923 mansionem
2102 1874 2153 1921 et
2188 1878 2386 1921 statum
2414 1908 2427 1932 ,
2461 1868 2685 1936 ejusque
2720 1868 2771 1920 in
2806 1863 3043 1921 Judteam
3080 1870 3281 1922 adven-

1734 1964 1869 2017 tum.
1928 1958 2229 2028 Narratque
2284 1972 2465 2011 veram
2512 1959 2631 2025 ejus
2690 1956 2997 2022 civitatem,
3047 1967 3100 2012 et
3152 1958 3282 2013 Sion

1732 2059 1968 2105 montem
1992 2090 2006 2115 ,
2041 2050 2161 2116 eius
2191 2065 2378 2104 verum
2414 2048 2746 2103 domicilium
2773 2089 2786 2110 ,
2826 2048 2877 2102 in
2909 2064 3040 2118 pace
3072 2065 3283 2119 semper

1720 2141 1969 2203 versari,
2009 2156 2183 2210 neque
2223 2155 2460 2208 unquam
2492 2140 2545 2190 in
2576 2138 2814 2193 hostium
2854 2139 3114 2194 ditionem
3154 2156 3285 2194 ven-

1734 2238 1915 2284 turum
1944 2246 2086 2284 esse.
2133 2230 2286 2295 Quod
2326 2245 2457 2283 sane
2493 2229 2576 2281 bis
2611 2230 2789 2284 verbis
2823 2230 3125 2300 signiﬁcat:
3169 2229 3287 2285 Νο-

1735 2332 1817 2376 tus
1855 2324 1907 2377 in
1936 2322 2128 2377 Judwa
2161 2322 2301 2376 Deus
2324 2363 2337 2385 ,
2371 2323 2423 2397 in
2460 2320 2630 2374 Israel
2664 2338 2909 2390 magnum
2940 2339 3122 2378 nomen
3152 2324 3286 2391 ejus.

1736 2413 1936 2468 Factus
1964 2423 2040 2470 est
2070 2430 2174 2484 paa'.
2202 2416 2346 2467 locus
2378 2415 2490 2482 ejus
2511 2453 2525 2476 ,
2551 2422 2599 2466 et
2630 2413 2883 2485 habitatio
2913 2412 3026 2481 ejus
3056 2416 3108 2466 in
3136 2414 3286 2469 Sion.

1739 2502 1853 2557 Sub
1888 2504 2000 2558 haec
2032 2504 2376 2559 inimicorum
2429 2504 2581 2573 ejus,
2628 2519 2837 2559 necnon
2881 2503 3136 2560 Ecclesiae
3171 2505 3289 2574 ejus

1739 2595 1975 2649 hostium
2005 2597 2217 2650 ruinam
2259 2597 2499 2651 declarat
2532 2597 2615 2649 bis
2656 2595 2869 2650 verbis:
2919 2595 2999 2648 Ibi
3038 2596 3290 2666 confregit

1738 2687 1997 2755 potentias
2039 2702 2290 2750 arcuum,
2340 2687 2539 2749 telum,
2584 2686 2817 2756 gladium
2862 2696 2911 2739 et
2954 2687 3185 2751 bellum;
3229 2702 3293 2741 ac

1740 2792 1955 2832 rursum
1984 2795 1996 2829 :
2026 2776 2246 2830 Turbati
2272 2787 2392 2829 sunt
2418 2794 2593 2830 omnes
2622 2778 2917 2844 insipientes
2946 2778 3119 2832 corde.
3152 2780 3292 2832 Dor-

1740 2870 1966 2923 mierunt
2009 2884 2249 2921 somnum
2292 2884 2478 2931 suum,
2523 2877 2572 2921 et
2613 2866 2748 2921 nihil
2787 2866 3087 2923 inuenerunt
3118 2886 3291 2925 omnes

1742 2959 1839 3012 ciri
1867 2958 2167 3013 divitiarum
2191 2959 2247 3011 in
2272 2958 2515 3011 manibus
2542 2959 2674 3013 suis.
2702 2961 2780 3013 Ab
2802 2961 3152 3030 increpatione
3176 2970 3289 3023 tua,

1742 3048 1883 3101 Deus
1920 3047 2118 3111 Iacob,
2162 3048 2572 3101 dormitaveruut
2614 3066 2789 3104 omnes
2826 3052 2914 3121 qui
2952 3050 3293 3103 ascenderunt

1743 3155 1919 3207 equos.
1956 3138 2163 3203 Quibus
2193 3140 2485 3207 gloriosum
2514 3138 2819 3195 Servatoris
2849 3142 3134 3194 adventum
3164 3142 3294 3195 sub-

95 3234 320 3297 σταξαν
347 3228 565 3292 πάντες
594 3231 647 3281 oi
677 3227 1084 3294 ἐπιϐεϐηκότες
1108 3225 1247 3287 τοὺς
1283 3225 1501 3285 ἵππους
1522 3237 1533 3251 ·
1566 3218 1644 3285 οἷς

1744 3229 1863 3296 jicit
1912 3228 2135 3282 dicens:
2196 3228 2269 3281 De
2322 3230 2449 3283 caelo
2496 3230 2734 3283 auditum
2789 3232 2958 3299 fecisti
3002 3232 3290 3301 judicium,

96 3324 439 3379 ὲπισυνάπτει
474 3320 571 3389 τὴν
600 3318 804 3381 ἔνδοξον
832 3318 922 3369 τοῦ
958 3317 1205 3385 Σωτῆρος
1233 3316 1529 3383 παρουσίαν
1558 3314 1644 3367 λέ-

94 3436 195 3483 γων
214 3436 228 3447 ο
276 3417 368 3467 Ἐκ
394 3412 500 3465 τοῦ
526 3410 779 3476 οὐρανοῦ
808 3410 1135 3475 ἠκούτισας
1165 3406 1383 3472 κρίσιν,
1410 3405 1486 3474 τῆ
1509 3406 1644 3473 ἐφο-

1750 3328 1889 3373 terra
1919 3321 2127 3373 tremuit
2156 3328 2202 3371 et
2235 3320 2456 3388 quievit,
2490 3337 2606 3372 cum
2637 3333 2935 3392 exsurgeret
2961 3324 3014 3375 in
3038 3323 3293 3391 judicium

1751 3410 1889 3463 Deus
1912 3451 1926 3473 ,
1958 3422 2014 3462 ut
2045 3409 2214 3462 salvos
2246 3409 2439 3476 faceret
2468 3427 2641 3464 omnes
2674 3427 2815 3479 reges
2846 3422 3018 3465 terr-az.

98 3510 235 3577 εήθη
270 3508 366 3561 καὶ
393 3505 708 3572 ἡσύχασεν
734 3502 801 3553 ἐν
833 3499 911 3564 τῷ
937 3498 1304 3565 καταστῆναι
1357 3502 1443 3565 εἰς
1478 3502 1677 3567 κρίσιν
1714 3503 1817 3557 τὸν
1858 3504 2027 3569 Θεὸν,
2055 3505 2159 3557 τοῦ
2194 3502 2387 3557 σῶσαι
2420 3504 2647 3573 πᾴντας
2674 3504 2814 3567 τοὺς
2870 3505 3150 3567 ,Βασιλεῖς
3188 3500 3295 3568 τῆς

96 3623 220 3670 γης-

828 3716 902 3767 E’.

163 3814 273 3867 Καὶ
296 3814 323 3865 ὁ
360 3810 494 3872 μετὰ
516 3811 700 3880 χεῖρας
732 3805 823 3860 τοῦ
854 3807 956 3876 μὲν,
990 3805 1158 3874 Ἀσὰφ
1202 3806 1475 3875 τυγχάνει,
1512 3808 1641 3858 ὐπο-

100 3904 292 3974 γράφει
319 3902 395 3967 δὲ,
420 3900 596 3967 Ὑπὲρ
628 3896 901 3966 Ἰδιθούμ·
937 3890 1062 3967 περὶ
1101 3892 1161 3951 οὗ
1196 3895 1644 3966 προδιειλήφαμεν

99 3996 180 4049 διὰ
200 3996 308 4049 τῶν
329 3991 873 4065 ἕμπροσθεν.⁹Εοικεν
901 3989 957 4040 δὲ
987 3989 1122 4057 ὑπὲρ
1147 3986 1239 4038 τοῦ
1272 3986 1499 4055 Ἰδιθοὺμ
1526 4005 1645 4040 συν-

102 4088 307 4141 τάττειν
336 4086 456 4148 τοὺς
490 4083 697 4149 λόγους,
728 4078 894 4133 πολλὰ
931 4079 1003 4139 ὡς
1044 4078 1262 4139 εἰκότως
1294 4078 1377 4145 ἐφ’
1405 4074 1483 4140 οἷς
1516 4079 1647 4150 ἀκή-

102 4192 219 4228 κοεν
242 4176 368 4243 περὶ
393 4171 486 4224 τοῦ
514 4169 639 4222 λαοῦ
670 4166 1171 4230 καταστενάζοντος,
1203 4166 1648 4235 λειποθυμοῦντός

103 4283 159 4317 τε
184 4266 283 4334 ἤδη
314 4264 403 4315 καὶ
435 4258 625 4331 μικροῦ
666 4258 773 4311 δεῖν
821 4257 912 4310 καὶ
957 4255 1142 4309 ἑαυτὸν
1192 4256 1648 4327 ἀπογινώσκοντας

1815 3805 1913 3859 Hic
1938 3805 2064 3860 item
2089 3806 2327 3875 psalmus
2349 3805 2550 3875 Asapbi
2577 3816 2657 3860 est
2686 3824 2698 3858 :
2733 3805 2926 3861 titulus
2958 3815 3136 3861 autem
3171 3807 3288 3873 ejus

1746 3900 1854 3958 est,
1888 3893 1993 3947 Pro
2021 3893 2254 3946 [dit/tum
2283 3895 2326 3925 "
2354 3910 2367 3958 ;
2399 3880 2589 3963 dequo
2611 3894 2720 3960 jam
2749 3896 3019 3964 superius.
3050 3893 3291 3948 Videtur-

1751 3998 1855 4052 que
1887 3997 2189 4037 sermonem
2221 3994 2399 4037 texere
2431 3997 2529 4049 pro
2559 3980 2792 4035 lditbnm
2814 4021 2829 4047 ,
2857 3984 2949 4052 qui
2982 3983 3168 4037 audito
3200 4000 3295 4053 po—

1752 4074 1862 4143 puli
1908 4079 2089 4133 statu,
2139 4072 2401 4135 multum,
2449 4080 2508 4126 ut
2553 4086 2651 4140 par
2694 4081 2843 4136 erat,
2876 4073 3293 4141 ingemiscebat,

1748 4163 1967 4231 jamque
1995 4161 2175 4214 animo
2202 4159 2486 4217 deﬁciebat
2504 4200 2518 4224 ,
2553 4169 2715 4230 atque
2742 4161 2813 4215 ob
2842 4152 3022 4230 populi
3056 4162 3259 4216 scelera
3280 4204 3293 4225 ,

1753 4268 1817 4305 ac
1856 4250 2064 4305 futuras
2107 4250 2227 4304 ideo
2265 4252 2532 4308 universa:
2574 4252 2720 4321 genti
2761 4252 3127 4315 calamitates,
3165 4267 3298 4321 pene

105 4356 185 4407 διὰ
227 4353 325 4415 τὰς
376 4350 467 4403 τοῦ
500 4348 626 4401 λαοῦ
660 4347 997 4415 παρανομίας
1028 4347 1132 4398 ,καὶ
1173 4348 1240 4398 τὰ
1271 4346 1644 4416 συμὸησὸμενα

1756 4341 2092 4411 desperabat.
2137 4338 2315 4404 Quare
2359 4342 2413 4396 in
2454 4342 2720 4411 principio
2750 4342 2998 4410 quidem,
3037 4344 3195 4411 quasi
3230 4358 3298 4401 ex

106 4446 166 4498 δι’
189 4442 356 4504 αὐτὰς
401 4441 477 4510 τῷ
511 4439 669 4491 παντὶ
712 4438 867 4491 ἔθνει.
903 4437 977 4487 Δι’
1007 4436 1034 4488 ὃ
1066 4439 1122 4491 ὲν
1150 4438 1286 4507 ἀρχῇ
1334 4438 1428 4505 μὲν
1473 4436 1547 4498 ὡς
1591 4440 1644 4489 ἐκ

1756 4447 1985 4503 persona
2016 4424 2187 4501 ipsius
2220 4432 2299 4486 sic
2332 4432 2490 4487 habet
2517 4453 2527 4485 :
2568 4431 2701 4485 Voce
2730 4448 2842 4485 mea
2885 4432 2951 4484 ad
2989 4432 3155 4485 Deum
3184 4432 3299 4484 cla-

110 4534 391 4605 προσὼπου
437 4531 598 4586 αὑτοῦ
646 4528 824 4598 τίθησι
866 4528 944 4590 τὸ,
978 4527 1149 4594 Φωνιῇ
1198 4546 1313 4596 μου
1360 4526 1511 4593 πρὸς
1551 4528 1644 4581 τὸν

1760 4524 1893 4576 mavi
1919 4561 1933 4585 ,
1966 4538 2083 4603 voce
2113 4539 2228 4576 mea
2257 4522 2325 4575 ad
2360 4522 2523 4575 Deum
2548 4563 2563 4587 ,
2592 4532 2641 4577 et
2674 4524 2892 4577 intendit
2922 4523 3066 4575 mini.
3100 4521 3301 4577 Deinde

114 4587 253 4679 Θεὸν
296 4624 604 4695 ἐκέκραξα,
641 4587 809 4692 φωνῇ
852 4587 969 4690 μοι)
1021 4587 1168 4688 προς
1198 4587 1317 4672 ’τὸν
1562 4621 1644 4673 καὶ

1758 4628 1884 4667 vero
1916 4590 2071 4666 suum
2106 4614 2271 4666 animi
2303 4614 2594 4680 deliquium
2626 4612 2931 4666 subindicat
2960 4612 3043 4666 his
3076 4613 3294 4670 verbis:

113 4717 410 4787 προσέσχε
442 4732 568 4785 μοι·
605 4712 698 4765 εἷθ’
732 4713 857 4781 ἑξῆς
888 4712 984 4781 τὴν
1030 4712 1325 4782 γενομένην
1350 4710 1496 4779 αὺτῴ
1527 4710 1661 4763 ἀθυ-

119 4810 240 4877 μίαν
274 4808 552 4875 ὑποφαίνει
582 4806 749 4873 λέγων
767 4820 781 4833 ⁶
826 4804 1185 4868 Ἀπηνήνατο
1213 4799 1662 4870 παρακληθῆναι

117 4898 151 4963 ἡ
183 4898 378 4967 ψυχή.
400 4914 536 4966 μου,
567 4893 942 4961 ήδολέσχησε
981 4894 1075 4947 καὶ
1126 4893 1542 4961 (oder-0191311108
1596 4893 1663 4947 τὸ

118 4982 345 5056 πνεῦμά
373 4984 887 5057 μου.Ὲταράχθην
932 4984 1029 5037 καὶ
1074 4988 1183 5039 οὐκ
1230 4983 1521 5049 ἐλάλησα.
1555 4985 1663 5037 Καὶ

122 5079 354 5146 ἐπιλέγει
377 5098 391 5111 ’
421 5081 663 5147 Νύκτωρ
696 5078 843 5145 μετὰ
888 5075 995 5142 τῆς
1038 5076 1281 5144 καρδίας
1304 5091 1420 5143 μου
1456 5072 1666 5138 nam-

123 5168 431 5239 Uxovrrcal
451 5170 757 5223 ἔσκαλλον
790 5166 851 5219 τὸ
892 5165 1123 5233 πνεῦμά
1138 5161 1381 5234 μου.Μὴ
1412 5164 1498 5225 εις
1524 5162 1665 5227 τοὺς

123 5258 333 5322 αἰῶνας
367 5258 659 5311 ἀπώσεται
685 5259 916 5325 Κύριος,
958 5256 1053 5312 καὶ
1085 5259 1155 5311 οὐ
1194 5252 1521 5325 προσθήσει
1559 5255 1664 5309 τοῦ

122 5347 438 5415 εὐδοκῆσιιι
467 5348 583 5409 Eri;
613 5345 651 5412 ἧ
684 5348 771 5411 εις
798 5346 967 5415 τέλος
1011 5345 1077 5399 τὸ
1106 5346 1274 5412 ἕλεος
1300 5344 1480 5398 αὐτοῦ
1523 5344 1666 5397 ἁπο-

126 5440 333 5506 κρύψει
362 5432 478 5487 ἀπὸ
504 5431 707 5502 γενεᾶς
728 5434 813 5498 εὶς
843 5434 1085 5503 medic;
1113 5434 1150 5501 ἢ
1190 5432 1538 5502 ἐπιλήσεται
1560 5432 1664 5486 τοῦ

127 5524 479 5595 οὶκτειρῆσαι
502 5526 534 5576 ό
563 5523 720 5587 Θεὸς,
746 5522 785 5589 ἢ
810 5524 1049 5589 συνέξει
1092 5525 1160 5577 ὲν
1197 5522 1270 5591 τῇ
1314 5519 1457 5591 ὀργῇ
1483 5519 1666 5575 αὐτοῦ

129 5618 263 5681 τοὺς
310 5598 639 5682 οἰκτιρμοὺς
692 5613 902 5675 aurai};
946 5614 1105 5667 Ταῦτ’
1131 5610 1199 5685 ἦν
1246 5616 1315 5668 τὰ
1358 5612 1665 5681 λυπήσαντα

132 5708 223 5774 τὴν
253 5708 347 5761 τοῦ
385 5703 609 5775 Ἰδιθοὺμ
632 5702 820 5774 ψυχήν.
852 5704 926 5756 Δι’
950 5704 980 5757 ὃ
1007 5705 1184 5768 καλῶς
1208 5704 1662 5774 ὠλιγοψυχηκέναι

201 5866 241 5897 ⁸³
270 5862 419 5919 Psat.
445 5878 600 5931 un,
632 5864 679 5921 l.
752 5865 794 5895 "
826 5860 964 5918 Psal.
1005 5877 1188 5929 Lxxw,
1227 5862 1273 5915 i.

1759 4703 1943 4757 Renuit
1997 4705 2259 4759 consolari
2312 4704 2490 4755 anima
2535 4701 2687 4765 mea,
2734 4703 3051 4756 exercitatus
3097 4711 3206 4765 est,
3250 4712 3300 4757 et

1760 4796 1943 4863 defecit
1976 4798 2189 4863 spiritus
2225 4796 2385 4847 meus.
2420 4792 2681 4847 Turbatus
2712 4809 2827 4848 sum
2857 4802 2906 4848 et
2936 4810 3036 4847 non
3065 4809 3178 4846 sum
3220 4792 3300 4846 lo-

1761 4893 1931 4938 cutus.
1972 4883 2071 4939 His
2110 4882 2427 4957 subjungit;
2467 4880 2632 4937 Nocte
2669 4899 2785 4937 cum
2819 4884 2972 4937 corde
3008 4901 3118 4937 meo
3153 4897 3299 4937 exer-

1761 4974 1965 5028 citabar
2009 4983 2057 5028 et
2106 4974 2374 5040 scopebam
2421 4974 2663 5041 spiritum
2711 4990 2896 5028 meum.
2948 4972 3196 5043 Nunquid
3244 4974 3299 5030 in

1762 5077 2014 5121 internum
2064 5065 2301 5133 projiciet
2356 5065 2643 5129 Dominus,
2692 5079 2781 5119 au.
2826 5082 2926 5119 non
2979 5072 3192 5132 apponet
3240 5076 3297 5120 ut

1763 5156 2117 5223 camplacitior
2144 5148 2212 5210 sit
2242 5155 2411 5210 adhuc
2431 5195 2447 5220 ,
2478 5164 2571 5209 aut
2606 5155 2658 5208 in
2697 5155 2851 5223 finem
2892 5154 3299 5212 misericordiam

1764 5262 1912 5299 suam
1941 5244 2216 5301 abscondet
2246 5265 2278 5300 a
2305 5246 2632 5317 generatione
2667 5246 2719 5300 in
2760 5246 3141 5316 generationem
3161 5285 3175 5309 ,
3207 5255 3299 5300 aut

1765 5339 2092 5393 obliviscetur
2120 5340 2351 5393 misereri
2380 5337 2516 5390 Deus
2539 5376 2553 5399 ,
2587 5344 2679 5389 aut
2708 5335 2986 5392 continebit
3009 5336 3062 5389 in
3090 5338 3174 5389 ira
3200 5352 3299 5392 sua

1765 5428 2150 5484 misericordias
2188 5447 2313 5484 suas
2338 5432 2363 5484 2
2395 5426 2516 5483 Haec
2546 5435 2699 5483 erant
2736 5441 2855 5497 quae
2892 5425 3143 5481 lditbumi
3182 5426 3300 5479 ani-

1764 5538 1906 5577 mam
1938 5522 2259 5593 aﬂligebant.
2300 5522 2477 5588 Quare
2505 5537 2565 5576 se
2596 5524 2775 5576 animo
2802 5519 3065 5575 defecisse
3096 5518 3298 5573 lateba-

1766 5622 1871 5667 tur.
1921 5611 2024 5665 Sed
2080 5610 2314 5681 Spiritus
2354 5618 2576 5666 sanctus
2617 5625 2712 5680 per
2749 5608 3062 5681 prophetam
3113 5604 3294 5672 Asaph

1766 5702 1881 5771 ejus
1927 5700 2099 5757 dolori
2149 5699 2344 5757 deinde
2390 5697 2655 5762 medetur,
2691 5698 2815 5763 dum
2849 5698 2958 5751 ait:
2994 5694 3122 5761 Quis
3156 5694 3295 5749 Deus
