3966 6348
643 410 744 464 827

1335 410 1597 466 EUSEBII
1630 412 2094 471 CESARIENSIS
2132 415 2279 473 OPP.
2321 416 2497 472 PARS
2531 415 2706 470 lll.—
2741 415 3143 472 EXEGETICA.

3760 416 3849 472 8‘28

571 522 587 552 ’-
644 537 868 594 παρῆκε
912 526 1044 579 sicut
1090 522 1226 581 Deus
1260 529 1578 584 nosterfTu
1623 547 1675 584 es
1723 530 1864 584 Deus
1908 533 1994 598 qui
2046 533 2181 600 facis

2291 535 2562 603 ὡμολόγει.
2582 534 2737 588 Ἀλλὰ
2767 535 2826 588 τὺ
2858 521 2996 587 θεῖον
3030 531 3253 604 Πνεῦμα
3291 533 3376 587 διὰ
3425 532 3519 588 τοῦ
3559 535 3848 606 προφήτου

643 615 930 685 mirabilia.
969 615 1165 670 Notam
1197 617 1368 685 fecisti
1401 620 1457 672 in
1485 620 1688 687 populis
1723 622 1963 674 virtutem
1997 630 2139 675 tuam
2160 662 2174 687 ,

641 705 909 760 redemisti
951 708 1004 759 in
1035 706 1243 760 brachio
1275 719 1361 762 tuo
1393 711 1637 777 populum
1686 719 1864 773 tuum,
1909 713 2047 780 ﬁlios
2077 712 2177 765 Ja-

644 800 735 850 cob
780 808 827 851 et
875 799 1106 867 Ioseph;
1163 817 1226 855 ac
1285 817 1543 856 rursum:
1591 801 1840 855 Viderunt
1891 812 1937 856 te
1998 819 2178 874 aquw,

645 889 780 943 Deus
801 930 816 953 ,
847 891 1083 944 uiderunt
1114 902 1160 946 te
1191 909 1370 962 aquae,
1398 902 1445 945 et
1471 895 1788 958 timuerunt,
1814 898 2031 948 turbata
2061 903 2182 949 sunt

644 980 858 1048 abyssi:
908 979 1188 1034 multitudo
1225 984 1425 1035 sonitus
1456 1000 1749 1052 aquarum:
1782 999 1846 1038 ac
1879 1000 2181 1038 sermonem

641 1070 726 1131 his
755 1071 1040 1140 obsignat:
1088 1071 1360 1126 Deduxisti
1407 1076 1538 1126 sicut
1587 1090 1699 1128 oves
1742 1073 1989 1142 populum
2038 1082 2183 1126 tuum

641 1161 697 1212 in
741 1178 896 1214 manu
940 1161 1112 1230 Moysi
1155 1171 1202 1215 et
1248 1162 1441 1220 Aaron,
1489 1163 1612 1217 Haec
1645 1164 1960 1216 necessario
2005 1161 2185 1229 Asapli

642 1251 744 1318 ipsi
790 1250 1022 1304 ldithum
1046 1253 1516 1314 commemoravit,
1554 1260 1610 1305 ut
1649 1267 1714 1306 ne
1745 1251 1887 1304 ultra
1931 1239 2131 1306 diceret
2166 1269 2181 1304 ;

645 1339 980 1394 Exercitatus
1019 1354 1095 1393 est
1133 1351 1179 1393 et
1201 1342 1387 1409 defecit
1431 1343 1643 1409 spiritus
1687 1358 1865 1405 meus;
1897 1341 1990 1396 sed
2023 1341 2187 1394 mira-

643 1431 844 1484 bilibus
887 1430 981 1485 Dei
1022 1447 1107 1500 per
1157 1432 1392 1500 Moysem
1438 1432 1564 1508 olim
1598 1432 1798 1502 gestis,
1835 1433 1988 1502 queis
2019 1447 2190 1500 popu-

646 1522 756 1575 lum
787 1536 943 1574 suum
967 1523 1211 1583 redemit,
1236 1522 1389 1577 ﬁdem
1415 1521 1618 1577 habens
1646 1539 1742 1593 pro
1770 1523 1951 1579 futuro
1971 1539 2183 1593 quoque

645 1620 885 1680 tempore
914 1612 1105 1667 similia
1139 1621 1392 1667 eventura
1422 1622 1676 1682 speraret.

2296 626 2461 694 ’Λσὰερ
2501 625 2624 696 ἑξῆς
2667 625 2734 678 τὰ
2771 626 2986 697 λυπηρὰ
3031 625 3315 697 θεραπεύει
3346 628 3402 678 ὲν
3429 622 3509 689 οἷς
3540 643 3689 696 φησι
3711 643 3725 656 ·
3769 629 3846 691 Τίς

2251 707 2258 712 ’
2286 715 2619 783 saeuam;
2648 717 2726 779 ὡς
2753 719 2783 767 ό
2803 717 2943 780 Θεὸς
2967 713 3130 783 ἡμῶν
3143 733 3162 778 ;
3179 715 3260 767 Σὺ
3285 711 3344 768 εἷ
3366 718 3397 768 ό
3426 715 3567 778 Θεὸς
3594 717 3636 767 o'
3663 712 3846 765 noui:

2285 804 2596 872 θαυμάσια.
2616 801 2967 873 Ἐγννώρισας
2988 804 3056 857 ἐν
3079 803 3198 867 τοῖς
3229 804 3396 866 λαοῖς
3433 803 3546 870 τὴν
3579 802 3846 869 δύναμίν

2286 911 2418 957 σου,
2445 895 2754 962 ὲλυτρώσω
2771 895 2838 946 ἐν
2861 893 2937 958 τῷ
2955 895 3239 962 ,ϐραχίονι
3264 909 3377 947 σου
3400 894 3685 952 term
3713 907 3844 952 σου,

2287 985 2427 1048 τοὺς
2460 986 2624 1049 υίοὺς
2661 986 2858 1038 Ἰακὼϐ
2895 985 2990 1038 καὶ
3035 984 3268 1054 Ἰωσήφο
3316 986 3405 1037 καὶ
3439 981 3593 1046 αὖθις
3617 1001 3632 1013 ο
3679 982 3845 1036 Εἶδο-

2286 1072 2406 1125 σάν
2432 1090 2525 1125 σε
2578 1073 2782 1134 ὕδατα,
2817 1077 2848 1125 ό
2882 1073 3041 1138 Θεὸς,
3073 1074 3317 1127 είδοσάν
3360 1090 3433 1127 σε
3483 1072 3709 1134 ὕδατα,
3760 1074 3845 1124 καὶ

2285 1164 2686 1232 ἐφοϐήθησαν,
2726 1164 3137 1232 ἐταράχθησαν
3175 1169 3232 1218 αὶ
3266 1165 3517 1218 ἄϐυσσοι
3542 1182 3556 1194 ·
3598 1162 3843 1229 πλῆθος

2287 1254 2474 1321 ἤχους
2517 1253 2760 1318 ὓδατος·
2804 1255 2896 1308 καὶ
2938 1256 3378 1324 ὲπισφραγίζεται
3414 1254 3627 1322 λέγων’
3681 1252 3843 1315 Ὠδή-

2286 1359 2477 1414 γησας
2512 1345 2589 1410 ὡς
2631 1347 2888 1413 πρόϐατα
2909 1345 3014 1398 τὸν
3040 1347 3190 1399 λαόν
3212 1360 3324 1399 σου
3349 1346 3416 1399 ἐν
3436 1346 3582 1415 χειρί
3609 1344 3840 1412 Μωῦσῆ

2285 1433 2377 1486 καὶ
2418 1432 2643 1501 Ἀαρών.
2662 1433 2986 1501 Ἀναγκαίως
3015 1415 3069 1486 δέ
3095 1434 3295 1486 τούτων
3313 1436 3341 1486 ὁ
3371 1435 3536 1503 ’Δσὰφ
3555 1434 3841 1501 ὑπέμνησε

2285 1524 2372 1576 τὸν
2421 1523 2665 1592 Ἰδιθοὺμ,
2712 1523 2785 1585 ὡς
2832 1523 2897 1575 ἂν
2948 1524 3140 1593 μηκέτι
3193 1523 3366 1591 λέγοι·
3396 1511 3400 1514 ’
3435 1523 3840 1593 Ἠδολέσχησε

2288 1613 2385 1667 καί
2432 1613 2856 1681 ἀλλιγοψύχησε
2900 1613 2963 1666 τὸ
3015 1613 3244 1682 πνεῦμά
3278 1631 3423 1683 μου·
3477 1616 3762 1667 πιστεύων
3792 1612 3840 1664 δὲ

647 1707 756 1770 τοίς
782 1705 944 1758 πάλαι
976 1707 1064 1758 ἐπὶ
1091 1708 1361 1770 Μωῦσέως
1393 1708 1481 1760 τοῦ
1514 1709 1646 1761 Θεοῦ
1681 1710 1996 1778 παραδόξοις
2020 1709 2217 1780 ἔργοις,
2254 1709 2318 1760 δι’
2368 1701 2440 1761 ὧν
2478 1705 2810 1778 ὲλυτρὼσατο
2851 1708 2940 1760 τὸν
2985 1707 3129 1772 λαὸν,
3172 1708 3240 1760 τὰ
3280 1710 3434 1779 ὅμοια
3481 1711 3573 1762 καὶ
3614 1711 3702 1770 είς
3757 1709 3839 1759 τὸν

647 1796 863 1851 mem
897 1798 1081 1867 χρόνον
1118 1797 1319 1862 ἐλπίζοι
1346 1799 1685 1869 γενήσεσθαι.

1366 1907 1454 1962 Vl.

718 1996 910 2053 Sextus
954 2013 1128 2068 neque
1157 1998 1398 2066 psalmus
1426 2006 1508 2053 est
1542 2013 1715 2068 neque
1743 1977 2043 2061 canticum,
2093 2016 2188 2054 ne-

649 2105 752 2158 que
784 2089 1049 2160 hymnus,
1091 2103 1265 2157 neque
1306 2089 1358 2141 in
1409 2088 1565 2143 tinem
1599 2089 1844 2160 remittit.
1880 2090 2059 2156 Quare
2090 2091 2190 2143 hu-

647 2179 884 2249 iusinodi
923 2178 1059 2232 nihil
1102 2179 1156 2232 in
1197 2179 1354 2232 titulo
1402 2179 1602 2234 habet:
1636 2180 1727 2233 sed
1761 2193 1861 2233 nos
1894 2178 1960 2230 ad
2003 2192 2188 2231 eorum

646 2284 770 2339 qua:
797 2269 885 2322 hic
915 2269 1162 2324 feruntur
1193 2268 1598 2339 intelligentiam
1627 2270 1845 2324 excitat.
1877 2269 1986 2321 Cur
2013 2275 2190 2322 autem
2223 2299 2227 2308 ι

649 2358 782 2413 nihil
811 2373 996 2412 eorum
1028 2374 1148 2428 quae
1179 2360 1416 2412 diximus
1448 2358 1551 2412 fert
1580 2358 1898 2426 inscriptio,
1930 2357 2034 2411 nisi
2066 2358 2190 2425 quia

651 2457 796 2502 totus
824 2447 912 2502 hic
947 2463 1123 2504 sermo
1150 2445 1430 2500 Iudaicam
1474 2453 1684 2521 gentem
1721 2445 1971 2506 incusat,
2010 2445 2194 2521 pristi-

652 2553 752 2593 nas
793 2553 982 2592 eorum
1025 2537 1328 2604 impietates
1368 2520 1737 2590 enumerans?
1785 2534 1935 2600 Quod
1966 2536 2030 2588 ad
2061 2520 2192 2602 justi

646 2628 836 2696 judicii
886 2626 979 2680 Dei
1013 2626 1376 2681 defensionem
1407 2625 1664 2695 propheta
1693 2627 2070 2680 concinnavit:
2107 2641 2194 2678 va-

653 2719 973 2785 ticinaturus
997 2717 1138 2770 enim
1166 2731 1226 2770 ea
1247 2755 1260 2778 ,
1286 2731 1404 2786 qua:
1430 2725 1554 2769 ante
1579 2715 1881 2771 Servatoris
1906 2718 2192 2770 adventum

654 2809 852 2878 populo
885 2815 1141 2862 eventura
1173 2816 1362 2873 erant,
1395 2808 1701 2862 necessario
1728 2809 1885 2862 docet
1917 2809 2062 2877 ipsos
2090 2823 2194 2860 non

654 2898 984 2952 modicarum
1050 2899 1381 2967 impietatum
1445 2913 1609 2952 causa
1669 2899 1854 2953 isthaac
1917 2914 2190 2967 passuros.

652 2989 1008 3056 Quamobrem
1058 2995 1298 3042 recenset
1346 2988 1434 3041 ille
1484 2988 1696 3057 quoties
1745 2989 2109 3056 peccaverint,
2143 2987 2213 3043 et'

656 3079 864 3148 quoties
913 3076 1006 3130 Dei
1058 3077 1312 3145 patientia
1365 3087 1585 3144 peccata
1632 3092 1818 3131 eorum
1864 3074 2080 3144 tulerit,
2132 3095 2196 3133 ac

657 3166 926 3238 quomodo
959 3167 1171 3220 demum
1201 3182 1322 3220 cum
1349 3167 1659 3235 implessent
1689 3170 2016 3237 impietatum
2043 3185 2194 3224 men-

2370 2001 2426 2051 ὐ
2454 1999 2606 2060 ἕκτος
2633 1996 2812 2049 οὐκέτι
2843 1995 3049 2064 ψαλμος
3073 1995 3190 2048 οὐδὲ
3218 1995 3324 2066 ᾠδὴ
3352 1996 3468 2049 οὐδὲ
3504 1996 3694 2066 ὕμνος,
3720 1999 3835 2050 οὒδὶ

2288 2088 2590 2156 ἀναπέμπει
2616 2088 2705 2147 είς,
2720 2085 2778 2136 τὸ
2798 2084 3130 2146 τέλος.“υθεν
3153 2085 3300 2136 οὐδὲν
3321 2084 3516 2138 τούτων
3542 2087 3837 2157 ἐπιγέγραο

2291 2193 2446 2229 πταιθ
2473 2175 2722 2243 διεγείρει
2748 2174 2804 2225 δὲ
2834 2176 2979 2242 ἡμᾶς
3024 2175 3100 2236 είς
3145 2174 3354 2227 σύνεσιν
3382 2173 3489 2227 τῶν
3528 2177 3835 2248 ἐμφερομέ-

2289 2285 2410 2318 νων.
2441 2266 2536 2318 Διὰ
2567 2266 2617 2316 τί
2649 2265 2703 2318 δὲ
2741 2264 2900 2336 μηδὲν
2923 2264 3028 2316 τῶν
3052 2265 3452 2335 προειρημένων
3477 2267 3511 2333 ἡ
3546 2270 3831 2336 προγραφή

2291 2357 2548 2425 περιέχει,
2575 2355 2684 2407 ἀλλ’
2712 2354 2998 2424 ἐπειδήπερ
3044 2355 3071 2406 ό
3118 2355 3224 2415 πᾶς
3254 2353 3406 2421 λόγος
3437 2353 3527 2406 τοῦ
3573 2355 3833 2408 Ἰουδαίων

2292 2446 2470 2509 ἔθνους
2502 2448 2806 2517 κατηγορεῖ,
2831 2444 3326 2516 καταριθμούμενος
3368 2443 3544 2497 αὐτῶν
3572 2445 3640 2497 τὰ
3670 2445 3831 2498 πάλαι

2292 2537 2637 2606 ἀσεϐήματα;
2672 2535 2838 2587 Τοῦτο
2874 2535 2928 2587 δὲ
2964 2537 3184 2605 πράττει
3215 2538 3242 2587 ὁ
3286 2536 3562 2604 προφήτης
3604 2538 3682 2598 εις
3712 2538 3835 2588 ἁπο-

2291 2625 2470 2693 λογίαν
2510 2626 2607 2694 τῆς
2636 2623 2744 2678 τοῦ
2772 2624 2904 2677 Θεοῦ
2933 2625 3347 2695 δικαιοκρισίας
3384 2622 3589 2694 μέλλων
3613 2626 3722 2695 γὰρ
3750 2625 3830 2677 θε-

2294 2718 2500 2780 σπίζειν
2522 2717 2589 2770 τὰ
2621 2717 3004 2787 συμϐησόμενα
3025 2717 3101 2786 τῷ
3126 2716 3263 2769 ἔθνει
3291 2717 3395 2787 πρὸ
3417 2717 3517 2786 τῆς
3536 2717 3626 2770 τοῦ
3649 2716 3830 2785 Σωτῇ-

2297 2825 2384 2879 ρος
2418 2809 2729 2879 παρουσίας,
2757 2808 3059 2876 ἀναγκαίως
3089 2808 3338 2868 διδάσκει,
3378 2809 3458 2860 ὅτι
3497 2808 3570 2878 μὴ
3611 2809 3702 2860 ἐπὶ
3749 2825 3828 2877 μι-

2295 2905 2443 2972 κροῖς
2484 2900 2784 2970 ἀσεΰήμασι
2831 2899 2999 2952 ταῦτα
3050 2901 3338 2951 πείσονται.
3387 2899 3581 2970 Διόπερ
3607 2917 3828 2970 καταρι-

2295 2991 2504 3063 θμεῖται
2518 2991 2701 3053 ὁσάκις
2713 2978 2922 3061 ἥμαρτέ
2938 2990 3027 3042 καὶ
3042 2989 3227 3050 ὁσάκις
3247 2989 3469 3058 ἤνεγκεν
3491 2991 3678 3052 αὐτοὺς
3689 2993 3721 3058 ὴ
3740 2987 3826 3043 τοῦ

2294 3082 2425 3134 Θεοῦ
2459 3081 2820 3152 μακροθυμία,
2862 3080 2952 3132 καὶ
2980 3079 3053 3141 ὡς
3078 3078 3297 3148 ὕστερον
3330 3078 3714 3148 πληρώσαντας
3733 3081 3825 3134 αὐ-

2295 3174 2415 3235 τοὺς
2439 3174 2497 3224 τὸ
2530 3173 2720 3242 μέτρον
2743 3170 2850 3223 τῶν
2872 3169 3036 3240 ἀσεόη
3046 3170 3223 3238 μάτων
3242 3168 3548 3222 δικαιότατα
3576 3171 3822 3240 μετῆλθεν

653 3271 839 3313 suram
863 3295 878 3321 ,
917 3272 1008 3311 eos
1045 3257 1188 3325 ipsos
1211 3255 1497 3309 admodum
1520 3256 1663 3325 iuste
1698 3259 1776 3309 ira
1800 3256 1890 3311 Dei
1919 3259 2190 3313 invaserit.

2295 3264 2326 3333 ἡ
2358 3250 2419 3315 ὲκ
2449 3261 2581 3315 Θεοῦ
2621 3261 2876 3330 ὀργή.”Ῐν’
2905 3254 2995 3311 οὖν
3038 3258 3208 3312 ταῦτα
3251 3259 3483 3328 γνῶμεν,
3528 3261 3822 3328 ἀναγκαίοις

651 3345 729 3404 Ut
755 3348 864 3401 haec
897 3349 1076 3417 itaque
1103 3362 1492 3418 cognoscamus
1512 3387 1525 3411 ,
1554 3348 1862 3403 necessario
1893 3350 1970 3403 sic
1997 3349 2194 3406 inscri-

657 3438 770 3496 bit:
808 3437 1107 3493 Intellectus
1140 3438 1316 3511 Asaplt
1345 3439 1410 3502 ⁸³,
1444 3453 1508 3494 ac
1541 3438 1594 3492 in
1629 3440 1980 3509 sequentibus
2011 3442 2192 3496 omnia

622 3606 627 3611 ι
657 3546 844 3586 eorum
877 3529 1081 3586 scelera
1112 3537 1381 3585 recenset.
1644 3534 1649 3539 '

1355 3640 1465 3694 VII.

685 3798 690 3801 1
727 3734 1017 3804 Postquam
1045 3736 1438 3792 multitudinem
1480 3745 1820 3806 peccatorum
1848 3736 2051 3792 Judaici
2098 3754 2193 3807 po-

661 3825 770 3894 puli
810 3826 1124 3894 compendio
1153 3828 1439 3891 retulerat,
1470 3835 1522 3880 et
1555 3840 1651 3880 ceu
1689 3827 1744 3880 in
1775 3828 1933 3897 cippo
1969 3828 2193 3881 crimina

662 3927 846 3966 eorum
870 3913 1256 3982 insculpserat;
1280 3925 1671 3982 consequenter
1696 3914 1781 3968 hic
1807 3915 2155 3984 iri-optionem
2174 3955 2191 3979 ,

664 4019 783 4073 qua:
813 4012 1050 4072 tempore
1081 4005 1330 4060 Antiochi
1363 4005 1530 4076 Syria:
1563 4005 1705 4074 regis
1739 4005 1879 4058 facta
1907 4013 2021 4070 est,
2052 4007 2193 4059 vati-

663 4097 894 4150 cinatur.
923 4093 1022 4158 Qui
1051 4094 1434 4166 JerOsolymam
1466 4097 1774 4165 ingressus,
1805 4097 2057 4165 templum
2087 4112 2194 4152 non

581 4199 587 4205 '
657 4187 880 4249 evertit,
912 4184 1004 4239 sed
1036 4174 1372 4252 profanavit,
1410 4193 1567 4254 atque
1601 4197 1807 4258 gentem
1839 4187 1902 4240 ad
1937 4187 2076 4240 idola
2110 4202 2194 4240 co-

660 4276 816 4331 lenda
860 4277 1138 4344 compulit.
1189 4274 1426 4339 Quarum
1471 4291 1648 4330 rerum
1695 4277 2009 4341 historiam,
2057 4277 2194 4330 liber

663 4366 1082 4422 Hachabzeorutn
1146 4366 1435 4433 inscriptus
1479 4369 1870 4436 complectitur.
1896 4367 1953 4421 ln
1977 4382 2083 4437 quo
2108 4383 2196 4422 oc-

659 4457 901 4511 cisorum
932 4472 1187 4512 numerus
1206 4497 1220 4521 ,
1249 4457 1489 4525 variique
1530 4457 1672 4510 modi
1702 4458 1853 4524 queis
1884 4472 1980 4526 pro
1999 4458 2196 4526 pietate

2278 3351 2598 3420 ἐπιγράφει,
2628 3349 2933 3413 Συνέσεως
2979 3346 3056 3412 τῷ
3091 3350 3289 3417 Ἀσὰςρ,
3325 3350 3416 3402 καὶ
3457 3349 3654 3419 προῖὼν
3703 3351 3821 3420 ἑξῆς

2292 3441 2775 3512 ἀνακεφαλαιοῦται
2808 3441 2981 3493 αὐτῶν
3013 3440 3189 3503 πάσας
3223 3439 3318 3502 τὰς
3351 3441 3704 3510 παρανομίας.

3028 3644 3100 3694 Z’.

2340 3766 2341 3769 η
2377 3732 2792 3800 Ἐπιτεμόμενος
2831 3749 2891 3784 το
2933 3731 3132 3799 πλῆθος
3179 3733 3284 3784 τῶν
3334 3732 3685 3803 ἀσεϐημάτων
3735 3734 3816 3787 τοῦ

2305 3821 2566 3874 Ἰουδαίων
2599 3821 2798 3883 ἔθνους,
2833 3822 2925 3872 καὶ
2953 3820 3135 3891 ὥσπερ
3169 3824 3226 3873 ὲν
3256 3822 3420 3892 στήλῃ
3453 3823 3551 3886 τὰς
3586 3824 3700 3876 κατ’
3731 3826 3816 3876 αὖ·

2291 3913 2398 3964 τῶν
2431 3912 2754 3981 κατηγορίας
2777 3911 3103 3975 ὲντυπώσας,
3131 3912 3433 3975 ἀκολούθως
3461 3913 3548 3965 διὰ
3573 3914 3673 3965 τῶν
3700 3930 3817 3984 προ-

2293 4004 2553 4073 κειμένων
2581 4004 2675 4073 τὴν
2699 4003 2986 4073 γενομένην
3017 4005 3132 4055 κατ’
3162 4003 3335 4056 αὐτῶν
3361 4004 3710 4058 ἐπανάστασιν
3733 4023 3816 4057 κα-

2291 4094 2358 4146 τὰ
2387 4095 2509 4155 τοὺς
2537 4095 2755 4163 χρόνους
2789 4094 3052 4164 Ἀντιόχου
3066 4093 3174 4145 ’τοῦ
3206 4094 3303 4160 τῆς
3343 4093 3537 4165 Συρίας
3578 4095 3812 4164 βασιλέως

2295 4178 2551 4242 θεσπίζει.
2572 4180 2626 4232 '0
2653 4180 2885 4233 ἐπελθὼν
2919 4185 3026 4243 τοῖς
3065 4181 3462 4252 Ἱεροσολύμοις,
3503 4183 3561 4236 οὐ
3591 4183 3813 4253 καθαιρεῖ

2299 4267 2413 4336 μὲν,
2448 4267 2660 4338 βεδηλοῖ
2685 4268 2739 4321 δὲ
2760 4269 2820 4322 τὸ
2846 4272 2886 4322 ίε
2897 4271 3004 4341 ρὸν,
3032 4271 3430 4342 είδωλολατρεϊν
3452 4273 3811 4340 ὲπαναγκάσας

2294 4357 2352 4410 τὸ
2384 4357 2545 4420 ἔθνος.
2576 4359 2786 4410 Τούτων
2819 4360 2872 4410 δὲ
2907 4360 2999 4428 τὴν
3035 4360 3266 4430 ίστορίαν
3358 4362 3463 4413 τῶν
3504 4363 3812 4432 ἐπιγεγραμ-

2300 4449 2470 4517 μένων
2517 4447 2881 4501 Μακκαϐαίων
2924 4448 3096 4517 βίϐλος
3140 4451 3410 4519 περιέχει·
3460 4453 3517 4502 ὲν
3634 4452 3720 4504 καὶ
3754 4452 3809 4503 τὰ

664 4546 976 4613 martyrium
1003 4545 1238 4613 perpessi
1262 4555 1406 4610 sunt,
1444 4547 1844 4606 describuntur.
1873 4545 2049 4611 Quare
2084 4549 2190 4614 spi-

2299 4537 2470 4607 πλήθη
2499 4537 2604 4589 τῶν
2637 4539 3010 4608 ἀνῃρημένων,
3042 4539 3094 4589 οἵ
3120 4555 3177 4590 τε
3209 4541 3397 4607 τρόποι
3422 4539 3528 4592 τῶν
3562 4541 3660 4593 ὑπὸ
3684 4542 3810 4593 εὐσε-

665 4634 800 4686 ritus
828 4625 1294 4700 propheticusihas
1328 4637 1597 4704 supplices
1633 4650 1791 4688 voces
1821 4650 1917 4703 pro
1949 4635 2199 4689 universo

663 4721 862 4790 populo
889 4719 1109 4774 ellundit
1141 4739 1154 4776 :
1188 4722 1348 4787 Deus,
1375 4715 1620 4778 venerunt
1648 4734 1814 4794 gentes
1840 4726 1893 4775 in
1928 4723 2202 4776 hwredita-

665 4821 766 4865 tem
797 4819 977 4872 tuam,
1003 4812 1299 4879 polluerunt
1341 4815 1583 4878 templum
1609 4823 1847 4867 sanctum
1894 4821 2068 4871 tuum,
2108 4825 2200 4877 po-

664 4909 878 4953 suerunt
914 4901 1205 4955 Jerusalem
1249 4903 1305 4954 in
1344 4918 1613 4968 pomorum
1653 4903 1964 4955 custodiam.
2000 4900 2198 4954 Posue-

668 5000 788 5042 runt
829 4986 1112 5046 morticina
1156 5009 1421 5046 servorum
1471 5004 1676 5046 tuorum
1715 5009 1857 5046 escas
1902 4992 2196 5045 volatilibus

664 5082 811 5145 caeli,
837 5099 1015 5136 carnes
1041 5068 1336 5138 sanctorum
1366 5095 1573 5137 tuorum
1605 5083 1779 5136 bestiis
1806 5093 1955 5138 tes-rte
1982 5083 2047 5138 “.
2073 5079 2196 5136 Haec

667 5175 732 5226 ad
760 5175 980 5242 gloriam
1013 5177 1185 5244 gentis
1213 5178 1535 5245 vergebant,
1567 5190 1734 5243 quare
1760 5189 1950 5244 magna
1979 5183 2100 5228 eum
2136 5173 2198 5226 ll-

668 5261 824 5315 ducia
851 5249 989 5316 dicta
1017 5270 1160 5318 sunt.
1192 5261 1527 5318 Verumnon
1557 5263 1683 5317 talia
1714 5268 1868 5315 erant
1895 5262 1949 5315 in
1979 5271 2197 5331 septua-

667 5351 874 5418 gesimo
927 5353 1112 5416 tertio,
1162 5352 1218 5405 in
1259 5365 1366 5420 quo
1406 5351 1721 5407 dicebatur:
1760 5349 1984 5420 thuid,
2028 5351 2197 5414 Deus,

677 5440 913 5511 repulisti
943 5441 994 5491 in
1027 5443 1214 5506 ﬁnem,
1252 5443 1420 5494 iratus
1446 5451 1523 5494 est
1562 5441 1710 5508 furor
1739 5434 1858 5494 tuus
1898 5457 2051 5509 super
2084 5458 2196 5496 oues

656 5540 874 5592 pascua:
902 5539 1002 5577 tua:
1026 5526 1105 5578 δεῖ
1135 5527 1242 5581 Illis
1263 5529 1458 5596 quippe
1482 5526 1714 5594 ’abjectio
1743 5527 1923 5595 populi
1955 5528 2009 5581 in
2038 5529 2197 5582 linem

674 5628 843 5682 usque
869 5615 1277 5680 declarabatur,
1301 5632 1512 5673 necnon
1547 5624 1819 5686 postrema
1853 5617 2200 5691 Jerosolymge

2298 4629 2444 4691 σείας
2501 4628 2989 4698 μεμαρτυρηκότων
3053 4632 3178 4698 παρ’
3211 4631 3390 4694 αὐτοῖς
3434 4634 3804 4702 ἀνεγράφησαν.

2296 4718 2383 4771 Διὸ
2419 4719 2477 4772 τὸ
2509 4718 2836 4790 προφητικὸν
2863 4718 3079 4789 Πνεῦμα
3113 4720 3344 4786 ἔντευξιν
3367 4725 3504 4794 ὑπὲρ
3529 4723 3807 4786 τοῦπαντὺς

2289 4809 2600 4878 ῥναπέμπει
2635 4807 2758 4862 λαοῦ
2790 4809 3010 4876 φάσκοψ
3030 4812 3080 4861 '0
3109 4811 3269 4876 Θεὸς,
3290 4813 3560 4880 ᾕλθοσαν
3588 4815 3720 4880 ἔθνη
3739 4819 3807 4878 είς

2295 4901 2406 4963 τὴν
2459 4900 2858 4966 κληρονομίαν
2903 4913 3037 4965 σου,
3085 4902 3332 4969 ἐμίαναν
3372 4904 3478 4956 τόν
3535 4905 3678 4958 ναόν
3724 4905 3808 4958 τὸν

2294 4987 2460 5053 ἅγιόν
2501 5003 2615 5043 σου
2634 5028 2648 5052 ,
2686 4991 2885 5043 ἔθεντο
2919 4992 3295 5060 Ἰερουσαλὴμ
3335 4996 3420 5056 εις
3454 4997 3804 5066 όπωροφυλά-

2296 5082 2697 5133 κιον.Ἕθεντο
2722 5081 2792 5133 τὰ
2819 5083 3135 5150 θνησιμαῖα
3158 5081 3275 5134 τῶν
3301 5082 3532 5137 δούλων
3551 5102 3661 5140 σου
3675 5087 3805 5154 ,βριὲι-

2295 5185 2445 5227 ιιατα
2469 5170 2591 5234 τοῖς
2617 5173 2903 5239 πετεινοῖς
2925 5172 3026 5225 τοῦ
3050 5173 3321 5240 οὐρανοῦ,
3345 5175 3448 5239 τὰς
3473 5175 3696 5243 σάρκας
3713 5175 3805 5227 τών

2297 5259 2478 5312 ὁσίων
2525 5275 2639 5314 σου
2685 5261 2809 5325 τοῖς
2848 5262 3069 5329 θηρίοις
3110 5261 3218 5329 τῆς
3244 5263 3372 5332 τῆς.
3409 5265 3590 5320 Ταῦτα
3635 5268 3733 5336 γὰρ
3753 5261 3804 5330 ἦν

2302 5351 2741 5420 σεμνολογήματα
2770 5349 2861 5404 τοῦ
2894 5350 3093 5410 ἔθνους·
3123 5351 3202 5405 διὸ
3240 5353 3335 5405 σὺν
3359 5358 3635 5426 παρρησίᾳ
3667 5352 3800 5418 πολλῇ

2301 5437 2530 5493 λέλεκτο.
2550 5441 2683 5492 Ἀλλ’
2704 5441 2784 5494 οὑ-
2807 5439 3026 5492 τοιαῦτα
3062 5435 3130 5510 ἦν
3173 5441 3241 5494 τὰ
3283 5444 3340 5494 ὲν
3370 5443 3450 5513 τῷ
3475 5452 3524 5512 γ’
3549 5446 3639 5498 καὶ
3671 5439 3798 5502 oni!

2299 5523 2358 5580 οὗ
2387 5529 2628 5596 ἐλέγετοο
2661 5529 2783 5583 Ἵνα
2804 5529 2884 5593 τί,
2916 5533 2948 5582 ό
2985 5531 3144 5597 Θεὸς,
3167 5532 3382 5588 ἀπώσω
3407 5538 3493 5598 είς
3515 5534 3696 5596 τέλος,
3717 5530 3796 5596 dr-

2298 5617 2474 5687 τίσθη
2520 5622 2552 5672 ό
2592 5619 2773 5688 θυμός
2799 5605 2912 5675 σου
2941 5622 3036 5676 ἐπὶ
3071 5625 3327 5692 πρόϐατα
3363 5606 3549 5694 νομῖῆς
3574 5637 3707 5685 σου;
3733 5621 3798 5672 Ἐιο

741 5764 945 5830 μενέει.
979 5785 1176 5834 tum,
1220 5771 1266 5825 l.
1341 5771 1385 5803 "
1419 5769 1561 5826 Psal.
1592 5786 1815 5837 uniti,
1851 5770 1901 5838 Ι,
1935 5770 1989 5840 2.
2066 5772 2109 5805 ⁸⁸
2141 5769 2285 5827 Psal.
2319 5784 2506 5837 tum,
2544 5769 2592 5822 l.
