3966 6348
116 424 225 481 835

114 632 203 693 τὸς
262 633 292 683 ὁ
349 630 636 701 Προφήτης
688 629 848 700 εὐχὴν
896 628 1205 699 ἀναπέμπει
1248 630 1387 701 ὑπὲρ
1425 631 1521 699 τῆς
1571 630 1677 684 τῶν

114 720 289 774 ἐθνῶν
325 719 567 790 κλήσεως
603 719 821 787 φάσκων
845 734 857 747 ·
894 716 1166 781 Ἀνάστα,
1196 720 1228 771 ὀ
1269 717 1430 785 Θεὸς,
1475 720 1677 788 κρῖνον

114 811 232 879 τὴν
256 809 399 880 τῆν,
429 810 515 863 ὅτι
546 809 627 862 σὺ
646 808 1263 878 κατακληρονομήσεις
1289 810 1359 862 ἐν
1387 808 1532 865 πᾶσι
1557 810 1677 876 τοῖς

120 903 386 957 ἔθνεσιν.
419 903 600 955 Ἐοικε
632 902 687 954 δὲ
715 900 887 971 τούτῳ
912 901 1195 965 ἀκόλουθος
1223 897 1358 955 εἶναι
1381 904 1408 955 ὁ
1440 901 1523 974 μθ¹
1552 903 1676 971 ψαλο

119 995 240 1064 μὸς,
294 996 355 1047 ἐν
401 988 445 1061 ᾧ
484 994 577 1046 καὶ
618 992 764 1063 αὑτῷ
795 993 1044 1047 λέλεκτοο
1090 994 1233 1059 Θεὸς
1272 992 1422 1047 θεῶν
1466 995 1677 1063 Κύριος

115 1086 407 1154 ἐλάλησε.
456 1086 564 1138 Καὶ
607 1086 664 1139 ἐν
695 1085 1019 1156 ἀμφοτέροις
1054 1083 1097 1137 δ’
1128 1081 1218 1137 οὖν
1251 1084 1382 1148 Θεὸς
1410 1084 1545 1137 θεῶν
1570 1088 1679 1137 εἰσ-

116 1172 311 1242 ῆκταν
349 1174 445 1225 καὶ
490 1171 648 1226 πάλιν
680 1171 738 1223 ἐν
774 1172 1101 1243 ἀμφοτέροις
1141 1172 1339 1243 κρίνων
1374 1176 1675 1246 ἀναγέγρα-

117 1280 271 1316 πται.
310 1263 417 1315 Καὶ
450 1264 508 1316 ἐν
544 1262 640 1333 μὲν
673 1263 754 1333 τῷ
783 1264 1009 1334 παρόντι
1043 1264 1304 1317 λέλεκται’
1347 1266 1612 1330 Ἀνάστα,
1645 1272 1678 1321 ό

120 1354 286 1420 Θεὸς,
316 1354 521 1424 κρῖνον
547 1356 659 1423 τὴν
678 1355 814 1423 γῆν,
838 1354 925 1408 ὅτι
950 1355 1031 1408 σὺ
1057 1359 1677 1426 κατακληρονομήσεις

116 1447 185 1498 ὲν
219 1444 374 1499 πᾶσι
399 1446 522 1513 τοῖς
556 1446 795 1501 ἔθνεσιν
816 1463 831 1477 ο
857 1448 913 1499 ἐν
936 1446 993 1499 δέ
1026 1445 1101 1517 τῷ
1138 1447 1220 1518 μθ¹
1246 1449 1446 1520 σφόδρα
1472 1450 1677 1514 τούτοις

117 1537 423 1601 ἀκολούθως
451 1539 597 1601 ὅπως
622 1539 857 1601 ἀναστὰς
894 1538 1065 1609 κρίνει
1104 1541 1200 1610 τὴν
1232 1543 1329 1608 γῆν
1375 1543 1674 1612 ὑπογράφει

116 1632 143 1680 ό
190 1629 350 1697 λόγος
372 1630 625 1698 φάσκων·
660 1630 801 1696 Θεὸς
845 1629 994 1684 θεῶν
1021 1632 1232 1699 Κύριος
1268 1633 1547 1700 ἐλάλησε,
1580 1634 1676 1687 καὶ

116 1722 379 1777 ἐκάλεσε
435 1720 550 1789 τὴν
600 1721 715 1793 γῆν
759 1721 874 1776 ἀπὸ
926 1722 1232 1775 ἀνατολῶν
1284 1724 1459 1790 ἡλίου
1504 1725 1676 1794 μέχρι

117 1813 392 1883 δυσμῶν
429 1817 522 1869 καὶ
548 1814 673 1885 ἐξῆς
692 1831 704 1844 ·
750 1815 803 1867 ’0
832 1814 974 1881 Θεὸς
998 1814 1271 1885 ἐμφανῶς
1298 1816 1447 1882 ἥξει,
1479 1818 1573 1870 καὶ
1607 1821 1677 1871 οὺ

1112 457 1128 475 ..
1236 424 1739 491 οοιιιιεκτλιιιι
1779 427 1840 481 IN
1881 410 2217 482 tisaLuo‘s.

110 542 425 610 ταιωμέιίον
450 539 577 594 Θεὸν
607 540 883 610 ὁμολογεῖν
900 556 921 604 ν;
956 536 1066 594 Εἶτ’
1107 542 1199 593 ἐπὶ
1237 541 1376 594 τέλει
1406 543 1499 596 τοῦ
1549 561 1669 597 παν-

1781 541 1833 594 in
1872 542 1975 595 line
2001 541 2197 610 psalmi
2225 540 2519 597 orationem
2553 534 2813 609 Propheta
2846 540 3049 609 profert
3075 557 3170 611 pro
3202 559 3327 615 gen-
3434 615 3437 620 η

3225 433 3331 489 εδι

1778 634 1911 687 tium
1971 634 2271 697 vocatione,
2321 632 2507 686 dicens
2538 650 2550 685 :
2579 629 2764 699 Surge,
2798 629 2956 691 Deus,
2989 632 3176 697 judica
3227 645 3331 689 ter-

1780 741 1912 787 ram,
1949 726 2197 793 quoniam
2231 734 2285 777 tu
2320 723 2652 778 htereditabis
2700 725 2754 776 in
2801 723 3039 777 omnibus
3066 726 3325 795 gentibus.
3368 782 3369 785 η

1784 814 2003 870 Videtur
2058 816 2187 871 huic
2227 818 2436 887 psalmo
2466 815 2913 887 quadragesimus
2941 831 3119 872 nonus
3156 818 3329 875 aiﬁuis

1777 926 1914 974 esse,
1949 912 1998 964 in
2034 927 2142 980 quo
2175 912 2336 965 etiam
2367 911 2647 966 dicebatur
2678 930 2691 964 :
2722 910 2861 964 Deus
2893 911 3106 963 deorum
3140 912 3330 965 Domi-

1777 1017 1873 1056 nus
1919 1002 2117 1055 loculus
2162 1012 2239 1055 est
2263 1003 2308 1033 ⁸ο
2337 1020 2348 1055 :
2379 1017 2501 1055 nam
2551 1004 2607 1054 in
2660 1009 2887 1071 utroque
2923 1000 3062 1057 Deus
3104 1001 3328 1055 deorum

1783 1093 2092 1156 inducitur;
2123 1108 2448 1163 rursumque
2476 1095 2528 1147 in
2563 1094 2825 1147 ambobus
2852 1093 3097 1163 judicare
3134 1093 3329 1146 scribi-

1776 1196 1895 1250 tur;
1925 1187 1977 1238 in
2001 1186 2252 1255 praesenti
2274 1186 2470 1255 quippe
2492 1184 2690 1238 dicitur
2713 1203 2726 1238 :
2752 1182 2935 1254 Surge,
2964 1178 3124 1248 Deus,
3147 1185 3329 1254 judica

1780 1290 1996 1342 terram,
2020 1262 2264 1348 quoniam
2292 1288 2345 1332 tu
2368 1278 2697 1332 liceretlitabis
2725 1280 2777 1331 in
2803 1277 3041 1332 omnibus
3066 1278 3328 1347 gentibus;

1776 1372 1829 1425 in
1870 1355 2285 1441 quadragesimo
2335 1380 2514 1425 autem
2562 1385 2726 1432 nono,
2776 1370 2930 1425 valde
2952 1354 3329 1425 consentanea

1778 1462 1901 1515 huic
1930 1460 2161 1522 ratione,
2196 1478 2304 1531 quo
2327 1469 2485 1530 pacto
2517 1476 2743 1529 surgens
2770 1461 2974 1530 judicet
3007 1469 3206 1515 terram
3237 1462 3331 1516 de-

1776 1551 2033 1604 scribitur
2062 1550 2146 1605 his
2167 1551 2343 1605 verbis
2374 1570 2386 1603 :
2420 1550 2557 1603 Deus
2589 1551 2805 1603 deorum
2835 1550 3092 1605 Dominus
3127 1551 3329 1604 loeutus

1775 1653 1871 1703 est,
1911 1650 1958 1693 et
1994 1641 2187 1694 vocavit
2233 1649 2427 1693 terram
2472 1657 2503 1692 a
2552 1639 2680 1693 solis
2725 1650 2843 1694 ortu
2876 1658 3033 1712 usque
3074 1642 3141 1695 ad
3175 1659 3329 1697 .occa~

1777 1749 1889 1786 sum
1913 1733 1956 1763 εί
1982 1751 1996 1792 ς
2030 1747 2091 1786 ac
2127 1732 2381 1801 deinceps
2409 1751 2423 1786 :
2448 1730 2589 1785 Deus
2637 1732 2911 1798 manifeste
2932 1734 3113 1797 veniet,
3149 1744 3198 1787 et
3229 1750 3330 1787 non

1776 1823 1967 1877 silebit.
2000 1822 2143 1893 Ignis
2177 1824 2231 1876 in
2261 1831 2533 1890 conspectu
2561 1822 2673 1891 ejus
2712 1821 3012 1876 exardescet
3038 1825 3104 1886 ",
3136 1833 3187 1878 et
3220 1840 3329 1879 c112-

118 1906 663 1977 καρασιωπήσετιιι.
679 1905 803 1973 Πῦρ
821 1905 1073 1960 ἐνώπιον
1085 1906 1269 1958 αὐτοῦ
1295 1905 1669 1971 καυθήσεται,

1778 1924 1927 1969 tera:
1963 1890 2118 1984 queis
2164 1913 2435 1982 quomodo
2472 1890 2815 1983 iudicaturus
2860 1914 2931 1966 sit
2973 1914 3210 1969 enarrat.
3266 1914 3329 1970 Et

119 2000 211 2050 καὶ
238 1998 308 2050 τὰ
337 1996 489 2066 ἑξῆς·
521 1996 588 2049 δι’
615 1989 688 2049 ὧν
716 1996 862 2059 ὅπως
888 1994 1067 2066 μέλλει
1100 1996 1301 2066 κρίνειν
1327 1995 1675 2067 διεξέρχεται.

100 2092 225 2155 ,Καὶ
255 2090 552 2163 ἐπειδήπερ
586 2091 643 2142 ἐν
669 2090 745 2160 τῷ
772 2089 905 2161 μετὰ
938 2093 1122 2161 χεῖρας
1148 2088 1409 2143 λέλεκται·
1444 2092 1569 2143 Ὀτι
1595 2091 1675 2145 σὺ

120 2183 745 2253 κατακληρονομ-ήσεις
780 2183 849 2236 ἐν
888 2181 1037 2239 πᾶσι
1074 2181 1195 2247 τοῖς
1226 2183 1494 2236 ἔθνεσιν·
1532 2184 1676 2237 εικό-

118 2292 222 2339 τως
256 2278 315 2327 ἐν
344 2275 422 2346 τῷ
473 2276 557 2345 μθ¹
587 2277 712 2337 τοὺς
757 2273 902 2346 παρὰ
930 2275 1150 2334 Μωΰσεῖ
1181 2274 1308 2345 περὶ
1331 2275 1526 2328 θυσιῶν
1551 2276 1677 2328 ἀνα-

121 2366 311 2434 τρέπει
355 2366 569 2434 νόμους,
615 2365 797 2437 ἕτερον
841 2363 1039 2435 τρόπον
1087 2364 1409 2435 παραδιδοὺς
1456 2364 1677 2431 λογικῆς

122 2456 329 2519 θυσίας,
364 2457 452 2510 τὸν
492 2457 612 2511 καθ’
652 2456 781 2527 ὅλης
819 2457 916 2526 τῆς
960 2456 1282 2526 οἰκουμένης
1319 2459 1376 2507 ἐν
1402 2457 1532 2507 πᾶσι
1567 2458 1676 2518 τοῖς

124 2548 329 2600 ἔθνεσιν
360 2548 771 2618 ἐπιτελούμενον
794 2566 806 2578 ·
842 2548 910 2599 δι’
951 2547 980 2599 ὂ
1006 2546 1276 2599 λέλεκταιο
1312 2546 1429 2599 Ὅτι
1466 2546 1547 2599 σὺ
1572 2562 1676 2599 κα-

119 2639 658 2709 τακληρονομήσεις
679 2641 749 2693 ἐν
773 2637 923 2693 πᾶσι
949 2638 1072 2703 τοῖς
1094 2636 1354 2692 ἔθνεσιν.

848 2753 951 2805 ΙΑ.

199 2844 255 2897 ’0
283 2844 472 2915 παρὼν
501 2838 676 2913 λόγος,
711 2844 1013 2907 τελευταῖος
1042 2841 1116 2896 ὢν
1139 2841 1231 2921 τοῦ
1273 2843 1462 2912 Ἀσὰφ,
1490 2844 1672 2913 ἱκετη-

129 2936 243 3007 ρίαν
266 2938 508 3009 περιέχει
537 2937 631 2991 καὶ
657 2936 996 3008 παράκλησιν
1028 2938 1166 3010 ὑπὲρ
1200 2936 1295 2990 τοῦ
1322 2936 1451 2990 λαοῦ
1488 2938 1672 3009 σφόδρ’

123 3027 439 3105 ἀκολούθως.
483 3029 697 3100 Ἐπειδὴ
744 3029 850 3102 γὰρ
896 3031 952 3082 ἐν
989 3031 1101 3093 τοῖς
1144 3026 1379 3098 πρώτοις
1422 3026 1672 3082 ἐθέσπισε

124 3120 213 3191 τὴν
256 3122 485 3193 ἐσχάτην
513 3121 607 3175 τοῦ
639 3118 1174 3192 τόπουπολιορκίαν,
1209 3116 1306 3173 εἴτ’
1346 3120 1672 3191 ἀναδραμὼν

124 3212 195 3281 τῷ
214 3213 386 3282 χρόνῳ
418 3212 672 3282 δευτέραν
693 3211 791 3281 τὴν
819 3209 907 3263 ὑπ’
943 3211 1206 3281 Ἀντιόχου
1235 3209 1530 3281 γενομένην
1552 3209 1673 3263 ἕτα-

128 3302 228 3367 ξεν,
268 3298 365 3367 εἶτ’
407 3304 496 3356 ἐπὶ
535 3304 735 3371 ταύτης
757 3302 945 3373 τρίτης
980 3301 1346 3373 ἐμνημόνευσε
1375 3302 1472 3372 τῆς
1499 3317 1669 3373 προατ-

125 3392 317 3465 γούσης
346 3397 456 3458 τοῖς
487 3394 718 3465 χρόνοις,
746 3393 889 3461 λέγω
927 3394 983 3446 δὲ
1021 3394 1119 3463 τῆς
1164 3394 1301 3447 κατὰ
1342 3393 1449 3446 τῶν
1484 3395 1670 3445 Ἀσσυο

129 3483 247 3553 ρίων
274 3485 364 3538 καὶ
384 3484 731 3537 Βαϐυλωνίων
758 3484 931 3555 ἀρχῆς
950 3502 961 3513 ·
987 3483 1288 3546 ἀκολούθως
1311 3484 1522 3538 διὰτῶν
1546 3502 1670 3554 προ-

125 3576 377 3646 κειμένων
415 3577 595 3648 δέησιν
624 3576 716 3630 καὶ
747 3576 1023 3645 ἱκετηρίαν
1054 3576 1362 3645 ἀναπέμπει
1396 3575 1530 3647 ὑπὲρ
1572 3576 1670 3645 τῆς

124 3671 225 3731 τοῖς
252 3670 459 3740 χρόνοις
488 3668 708 3742 πρώτης
747 3668 1072 3739 πολιορκίας,
1121 3666 1239 3719 καθ’
1281 3667 1345 3735 ἣν
1381 3670 1577 3728 πάντες
1619 3668 1666 3718 οἱ

129 3761 379 3830 περίοικοι
420 3761 520 3832 τῆς
558 3761 813 3824 Ἰουδαίας
849 3758 1025 3825 δεξιὰς
1064 3761 1175 3821 τοῖς
1208 3757 1504 3829 ’Λσσδρίοις
1546 3762 1663 3809 κατ’

127 3852 290 3905 αὑτῶν
330 3851 554 3925 ὣρεξαν.
588 3855 653 3906 Ὃ
676 3852 737 3924 δὴ
776 3851 1026 3923 σημαίνει
1069 3850 1237 3917 λέγων
1274 3866 1284 3877 ·
1325 3849 1400 3902 Τὰ
1436 3848 1667 3915 σκηνώ-

121 3960 264 4011 ματα
306 3944 420 3997 τῶν
462 3943 795 4013 Ἰδουμαίων
840 3942 937 3997 καὶ
982 3944 1036 3995 cl
1074 3939 1447 4009 Ἰσμαηλῖται,
1492 3940 1670 3994 Μωάδ

128 4035 210 4086 καὶ
237 4040 287 4087 οἱ
323 4034 859 4104 Ὰγαρηνοὶ,⁷Γεϐὰλ
881 4034 975 4088 καὶ
1014 4033 1233 4101 Ἀμμὼν
1256 4032 1351 4085 καὶ
1389 4034 1661 4101 Ἀμαληκ,

127 4124 442 4194 ἀλλόφυλοι
484 4126 634 4194 μετά
669 4123 786 4178 τῶν
828 4125 1260 4177 κατοικούντων
1302 4125 1506 4192 Τύρον.
1556 4104 1665 4177 lini

128 4214 223 4281 γὰρ
276 4217 370 4268 καὶ
439 4216 686 4285 Ἀσσοὺρ
734 4215 1211 4285 συμπαρεγένετο
1266 4216 1391 4284 μετ’
1448 4214 1661 4279 αὐτῶν,

127 4305 480 4375 ἐγενήθησαν
532 4309 617 4374 εἷς
658 4308 980 4376 ἀντίληψιν
1024 4308 1147 4373 τοῖς
1178 4307 1328 4374 υἱοῖς
1372 4308 1520 4362 Λώτ.
1571 4304 1661 4371 Οἷς

130 4399 242 4470 ἑξῆς
266 4402 323 4454 τὺ
349 4400 784 4472 καταληψόμενον
812 4398 1005 4462 αὐτοὺς
1050 4400 1352 4472 ὑπογράφει
1387 4399 1534 4462 τέλος
1560 4400 1660 4468 φά-

131 4510 285 4551 σκων·
327 4498 379 4550 Ὁ
423 4499 566 4563 θεός
604 4514 759 4568 μου,
785 4495 891 4554 θοῦ
936 4495 1149 4561 αὐτοὺς
1201 4497 1279 4562 ὡς
1319 4496 1548 4563 τροχὸν,
1584 4496 1662 4557 ὡς

1775 2007 1900 2076 quia
1927 2007 1982 2059 in
2014 2006 2265 2076 praesenti
2294 2005 2499 2058 dictum
2531 2013 2614 2058 est
2638 2024 2650 2057 :
2670 2004 2928 2070 Quoniam
2964 2015 3019 2057 tu
3048 2006 3329 2060 lui-redita-

1776 2099 1853 2153 bis
1892 2098 1948 2152 in
1994 2097 2235 2152 omnibus
2278 2095 2548 2167 gentibus;
2600 2103 2898 2166 opportune
2928 2098 2982 2149 in
3026 2098 3329 2169 quadrage-

1775 2191 1913 2244 simo
1959 2203 2125 2255 nono,
2178 2188 2375 2259 Moysis
2431 2187 2497 2244 de
2544 2188 2827 2244 sacriﬁciis
2882 2188 3025 2258 leges
3082 2190 3323 2258 abrogat,

1774 2282 2048 2352 aliumque
2086 2281 2423 2336 rationabilis
2472 2281 2724 2336 sacriﬁcii
2756 2282 2916 2335 ritum
2957 2282 3139 2346 tradit,
3182 2282 3325 2351 quod

1775 2389 1870 2445 per
1900 2382 2073 2428 totum
2114 2374 2301 2433 orbem
2331 2374 2384 2429 in
2414 2374 2669 2428 omnibus
2698 2375 2949 2444 gentibus
2980 2377 3321 2445 persolvitur.

1773 2466 1949 2531 Quare
1978 2466 2182 2521 dictum
2224 2474 2307 2523 est
2335 2485 2347 2521 :
2383 2466 2645 2534 Quoniam
2681 2476 2735 2521 tu
2758 2467 3093 2523 hwreditabis
3134 2470 3186 2522 in
3219 2484 3327 2523 om-

1772 2557 1922 2611 nibus
1955 2559 2212 2627 gentibus.

2495 2752 2587 2806 XI.
2786 2806 2787 2809 η

1843 2844 1942 2900 Hic
1966 2859 2142 2899 sermo
2170 2844 2261 2914 qui
2292 2852 2599 2915 postremus
2629 2844 2831 2913 Asapbi
2851 2845 2898 2877 "
2924 2852 3028 2910 est,
3048 2846 3319 2915 supplica-

1774 2926 1976 2993 tionem
2007 2952 2069 2991 ac
2093 2937 2539 3007 deprecationem'
2556 2953 2653 3007 pro
2682 2938 2883 3013 pomilo
2909 2937 3200 2997 admodum
3227 2954 3329 3010 op-

1773 3036 2003 3101 portune
2033 3018 3081 3107 complectitur.Quiageturttiryprimis
3109 3034 3324 3098 postre-

1754 3098 1915 3173 Viaam
1958 3118 2060 3173 loci
2101 3098 2458 3174 obsidionem"
2486 3098 2941 3179 vaﬁﬁnlbitﬂi
2961 3119 3153 3175 deinde
3196 3135 3325 3175 vero

1774 3213 1949 3283 quoad
1988 3219 2200 3296 tempus
2244 3220 2636 3282 retrogressus,
2691 3214 2987 3271 secundam
3029 3216 3211 3286 posuit
3257 3215 3327 3273 ab

1769 3303 2036 3359 Antiocho
2073 3304 2272 3358 illatam
2316 3304 2546 3369 cladem,
2589 3320 2654 3359 ac
2701 3307 2804 3361 sub
2854 3308 2967 3363 haec
3009 3308 3172 3364 tertio
3204 3309 3325 3365 loco

1772 3397 1948 3466 posuit
2004 3409 2121 3450 eam
2173 3400 2585 3464 quaetempore
2641 3399 3023 3464 praecurrebat,
3076 3399 3325 3456 videlicet
3429 3390 3433 3393 ’

1768 3502 1888 3557 quae
1921 3486 2023 3541 sub
2052 3486 2277 3556 imperio
2314 3483 2658 3555 Assyriorum
2690 3496 2744 3541 et
2782 3486 3198 3557 Babyloniorum
3232 3492 3325 3544 ac-

1768 3578 1931 3645 cidit;
1963 3584 2355 3647 consequenter
2386 3578 2439 3632 in
2475 3578 2724 3647 presenti
2755 3579 3204 3651 supplicationem
3234 3582 3321 3637 of-

1768 3668 1891 3733 fert,
1918 3684 2016 3738 pro
2054 3668 2335 3724 obsidione
2360 3683 2479 3738 quae
2505 3677 2744 3739 tempore
2781 3673 2931 3739 prior
2956 3682 3093 3733 erat,
3129 3672 3183 3725 in
3215 3689 3321 3742 qua

1767 3776 1955 3815 omnes
1991 3760 2189 3816 Judaraa
2221 3760 2717 3815 ﬁnitimi'desteras
2764 3774 2895 3814 suas
2942 3761 3182 3831 Assyriis
3229 3762 3322 3817 ad-

1765 3867 1979 3907 versum
2014 3853 2136 3906 illos
2164 3861 2536 3922 porrexerunt.
2571 3836 2725 3918 ουοά
2752 3852 2837 3907 bis
2872 3851 3146 3922 signiﬁcat
3178 3872 3191 3908 :
3222 3852 3321 3909 Ta-

1764 3942 2048 3995 bornacula
2077 3941 2434 4007 Idumaaorum
2473 3952 2524 3997 et
2563 3943 2876 4014 lsmaelitw1L
2903 3942 3061 3997 Moab
3097 3953 3147 3998 et
3175 3944 3320 4016 Aga-

1763 4035 1896 4097 reni,
1932 4032 2094 4088 Gebal
2137 4044 2186 4088 et
2218 4036 2441 4087 Ammon
2480 4042 2528 4088 et
2575 4035 2812 4098 Amalec,
2858 4034 3165 4105 alienigena:
3202 4051 3319 4089 cum

1761 4122 2117 4177 habitantibus
2156 4122 2373 4194 Tyrum.
2409 4123 2624 4178 Etenim
2656 4125 2825 4179 Assur
2864 4126 2999 4179 venit
3038 4141 3156 4177 cum
3184 4126 3316 4189 illis,

1762 4213 1889 4282 fecti
1935 4223 2055 4268 sunt
2106 4217 2157 4267 in
2202 4212 2529 4283 adjutorium
2564 4214 2689 4284 ﬁliis
2723 4212 2843 4269 Lat.
2882 4213 3090 4279 Quibus
3119 4213 3316 4269 deinde

1762 4308 1918 4359 ﬁnem
1952 4322 2059 4376 quo
2102 4308 2405 4378 excipiendi
2454 4313 2581 4362 sunt
2631 4305 2892 4361 describit
2922 4305 3109 4363 dicens
3138 4323 3150 4359 :
3176 4304 3315 4359 Deus

1760 4415 1923 4463 meus,
1953 4416 2084 4467 pone
2121 4400 2242 4452 illas
2290 4410 2345 4452 ut
2378 4409 2570 4460 rotam,
2619 4395 2752 4451 sicut
2785 4395 3033 4462 stipulam
3072 4403 3188 4448 ante
3227 4393 3313 4463 fa-

1759 4491 1887 4543 ciem
1935 4492 2092 4555 uenti,
2135 4491 2268 4544 sicut
2308 4491 2441 4559 ignis
2487 4488 2577 4559 qui
2616 4486 2878 4540 comburat
2924 4486 3133 4549 silvam,
3178 4484 3311 4539 sicut

131 4586 385 4656 καλάμην
421 4587 569 4642 κατὰ
613 4587 934 4657 πρόσωπον
981 4586 1222 4655 ἀνέμου,
1280 4586 1421 4640 ὡσεὶ
1471 4586 1588 4654 πῦρ
1628 4584 1657 4638 ὃ

1769 4583 1979 4651 ﬂamma
2003 4582 2263 4636 somburet
2305 4589 2522 4647 montes,
2552 4587 2605 4633 et
2644 4578 2870 4647 reliqua.
2903 4575 3037 4631 Cum
3081 4576 3186 4630 huc
3222 4590 3312 4631 au-

128 4676 409 4746 Btapxéé'ec
453 4679 696 4750 δρυμὸν,
741 4678 881 4733 ὡσεὶ
932 4678 1089 4748 φλὸξ
1138 4678 1492 4732 κατακαύσει
1528 4676 1654 4745 ὄρη,

130 4770 210 4820 καὶ
254 4770 319 4823 τὲι
364 4771 748 4841 ἐπιφερόμενα.
799 4769 966 4823 Ἔνθα
1014 4768 1295 4839 γενόμενος
1353 4767 1669 4835 ἀναγκαίως¹

130 4860 471 4934 ἐπιτηρήσεις,
505 4862 578 4925 ὡς
610 4861 741 4914 ὅπου
788 4860 1058 4931 μέμνηται
1103 4858 1195 4913 τοῦ
1239 4858 1485 4929 Ἀσσοὺρ,
1516 4851 1658 4911 οὗτοι

132 4948 177 4999 δὲ
214 4946 342 5021 ἦσαν
374 4955 420 5007 οἱ
462 4952 752 5024 Ἀσσύριοι,
781 4950 875 5003 καὶ
912 4950 1019 5003 τῶν
1062 4947 1459 5021 προλεχθέντων
1492 4948 1657 5002 ἐθνῶν

132 5040 214 5107 τὴν
250 5046 359 5097 κατ’
400 5044 574 5098 αὐτῶν
601 5044 847 5096 ’ποιεῖται
876 5040 1073 5112 δέησιν,
1121 5040 1212 5093 καὶ
1243 5039 1338 5110 τὴν
1365 5046 1659 5112 καταστρο-

136 5133 224 5201 φὴν
250 5136 418 5189 αὐτῶν
448 5137 573 5207 ἑξῆς
614 5134 881 5198 θεσπίζει·
921 5133 1010 5185 καὶ
1051 5136 1108 5185 ἐν
1146 5130 1221 5200 τῷ
1250 5129 1327 5201 οη⁹
1353 5131 1570 5201 ὁμοίως,
1602 5134 1656 5185 ἐν

136 5216 171 5288 ᾧ
194 5224 251 5277 τὰ
272 5228 402 5280 κατὰ
432 5230 695 5299 Ἀντίοχον
728 5223 1109 5300 πρωνεφὼνει,
1133 5224 1189 5285 ὃς
1222 5222 1543 5302 Ἐλληνίζειν
1563 5227 1658 5278 καὶ

141 5317 463 5385 παραϐαίνειν
490 5319 559 5374 τὰ
582 5322 781 5391 πάτρια
808 5317 1112 5389 ἠνάγκαζεν
1147 5316 1443 5380 Ἰουδαίους.
1490 5308 1655 5371 Πάλιν

140 5407 228 5477 γὰρ
259 5410 408 5463 κάκεῖ
432 5412 530 5482 τὴν
564 5410 949 5484 καταστροφὴν
987 5408 1093 5462 τῶν
1128 5407 1394 5477 πολεμίων
1431 5408 1659 5481 προῦλε-

141 5514 235 5565 γεν.
263 5502 446 5555 Οὐκέτι
476 5502 535 5556 δὲ
563 5506 655 5557 καὶ
693 5506 750 5558 ἐν
786 5506 864 5575 τῷ
901 5509 997 5572 στ’,
1028 5494 1148 5555 καθ’
1172 5500 1229 5554 ὃν
1262 5500 1295 5571 ή
1328 5500 1528 5573 ἐσχάτη
1565 5503 1659 5554 αὺ-

141 5590 231 5643 τῶν
251 5592 486 5665 ἐδηλοῦτο
514 5594 769 5667 ἀποϐολή.

200 5679 339 5741 Οὔτοι
369 5689 462 5760 μὲν
488 5684 582 5743 οὖν
613 5692 661 5743 οἱ
693 5690 1021 5761 συνημμέναι
1054 5687 1145 5742 τοῦ
1184 5685 1347 5739 ’Ᾱσὰφ
1382 5694 1466 5738 ια’.
1513 5686 1569 5739 '0
1598 5686 1652 5738 δὲ

195 5838 232 5868 ’⁸
258 5836 389 5897 Psal.
429 5858 578 5910 χιιι,
604 5843 655 5897 i.
731 5845 773 5877 ⁹¹
806 5844 934 5900 ibid.
962 5845 1004 5879 "
1040 5842 1169 5898 ibid.
1194 5843 1242 5896 ‘5.

1761 4683 1871 4729 tem
1900 4674 2178 4729 deveneris
2220 4674 2469 4735 observa,
2501 4686 2707 4741 quasso,
2741 4686 2864 4725 eum
2893 4670 2984 4724 ubi
3028 4670 3174 4725 illius
3210 4670 3312 4726 As-

1766 4784 1861 4824 sur
1904 4766 2146 4824 meminit
2175 4766 2356 4833 (erant
2387 4771 2565 4819 autem
2596 4762 2632 4817 ii
2655 4763 2908 4835 Assyrii),
2943 4779 3153 4818 necnon
3177 4778 3311 4834 pra:-

1763 4860 2027 4915 dictarum
2081 4857 2357 4926 gentium,
2409 4855 2851 4926 supplicationem
2912 4855 3171 4911 adversus
3216 4870 3308 4911 eos

1764 4953 2025 5014 emittere,
2056 4965 2119 5003 ac
2140 4950 2333 5004 exinde
2363 4948 2658 5003 infaustum
2689 4946 2999 5003 eorumdem
3032 4946 3189 5000 ﬁnem
3217 4962 3309 5001 va-

1763 5041 1976 5095 ticinari
2010 5060 2023 5094 :
2051 5039 2195 5110 quod
2220 5041 2405 5096 itidem
2444 5040 2498 5094 in
2529 5056 2735 5094 Lxxvm
2766 5037 3030 5108 praestitit,
3063 5035 3152 5089 ubi
3182 5036 3306 5091 item

1762 5148 1879 5203 quae
1915 5133 2165 5188 Antiochi
2194 5144 2431 5204 tempore
2475 5132 2789 5187 acciderunt
2829 5128 3174 5198 praenuntiat,
3211 5130 3305 5199 qui

1761 5223 1973 5279 Judaeos
2000 5224 2260 5294 compulit
2294 5231 2354 5277 ut
2383 5220 2687 5275 Graecorum
2718 5218 2878 5271 ritum
2917 5217 3293 5279 observarent,

1762 5322 2119 5385 paternasque
2143 5316 2288 5386 leges
2306 5309 2830 5380 transgrederentur.
2867 5306 3000 5361 Nam
3032 5308 3141 5362 illic
3166 5323 3304 5377 quo-

1762 5422 1865 5478 que
1898 5392 2171 5464 infelicem
2211 5406 2548 5461 inimicorum
2592 5396 2747 5455 ﬁnem
2781 5398 3044 5472 prmdixit.
3080 5396 3151 5450 At
3196 5414 3302 5453 non

1761 5501 1814 5554 in
1845 5514 2039 5565 Lxxm,
2094 5498 2186 5554 ubi
2224 5505 2493 5570 postrema
2523 5492 2829 5549 Judaeorum
2864 5490 3092 5560 abjcctio
3118 5488 3302 5544 decla-

1763 5600 1929 5645 ratur.

1831 5683 1891 5738 lli
1948 5684 2110 5755 igitur
2158 5683 2354 5755 Asaphi
2412 5694 2633 5736 numero
2698 5676 2966 5742 undecim,
3025 5673 3298 5745 conjuncti

1346 5840 1390 5872 ”
1419 5822 1564 5895 Psal.
1596 5852 1799 5903 Lxxxu,
1828 5837 1879 5890 i.
