3950 6342
692 458 797 516 838
1367 464 1623 521 EUSEBII
1658 464 2129 523 ωειιιιιιιινειε
2162 466 2308 524 ουρ.
2347 466 2523 524 PARS
2558 468 2644 526 Ill.
2682 498 2751 511 -
2786 470 3187 529 EXEGETICA.
3266 528 3271 532 .
3761 478 3846 533 833

692 581 839 629 sunt.
875 572 1233 659 Duodecimus
1265 591 1391 631 vero
1418 584 1541 633 ante
1575 578 1841 648 psalmum
1876 593 1906 633 ι.
1931 581 2212 636 collocatur

2327 582 2392 635 ιδ’
2414 582 2518 653 πρὸ
2537 582 2628 635 τοῦ
2653 583 2914 659 ν’ψαλμοῦ
2929 586 3319 639 κατατέτακται
3350 586 3416 639 δι’
3441 587 3505 658 ἢν
3536 589 3843 644 ἀποδεδώκα-
3896 573 3900 577 ί

690 670 794 727 est,
828 662 897 716 ob
922 656 1138 718 causam
1176 678 1337 733 quam
1369 665 1521 718 illum
1548 667 1879 734 explicantes
1926 668 2206 723 attulimus

2330 689 2427 741 μεν
2456 672 2631 725 αἰτίαν
2652 656 2777 736 ’τοὺς
2789 674 2992 737 ’τόπους
3012 664 3369 746 διηγούμενοι.
3416 656 3573 731 Ἀλλὰ
3595 681 3697 749 γὰρ
3731 684 3841 749 μετὰ

692 750 888 806 Verum
917 766 1037 821 post
1067 754 1167 807 hoc
1198 755 1595 825 compendium,
1616 756 1862 824 primum
1904 767 2204 829 repetentes

2327 765 2423 836 τὴν
2437 764 2637 817 τούτων
2657 766 2916 836 ἐπιτομὴν
2931 766 3048 837 φέρ’
3062 768 3482 832 ὲπαναλαόόντες
3516 771 3619 822 ’τὸν
3638 777 3839 841 πρῶτον,

687 842 805 911 ejus
837 845 1155 898 sententiam
1181 845 1481 899 minutatim
1513 846 1933 914 explorabimus.

2326 854 2422 925 τὴν
2464 855 2602 910 κατὰ
2636 856 2797 927 μέρος
2825 857 2986 909 αὐτοῦ
3018 856 3251 911 διάνοιαν
3293 858 3761 929 ἐπιϐεωρήσωμεν.

978 956 1031 1009 t:
1076 954 1393 1011 PSALMUS
1431 954 1671 1013 ASAPH.
1712 958 1919 1014 Lxxu.
2712 970 2993 1023 ars/mos
3025 970 3109 1041 Tn
3140 936 3329 1023 me
3369 972 3488 1024 os.

702 1090 711 1125 ’ν
763 1048 917 1102 rens.
955 1046 1065 1101 1-3.
1109 1046 1280 1112 Quam
1314 1047 1477 1102 bonus
1510 1048 1681 1103 Israel
1709 1051 1849 1104 Deus
1889 1051 1953 1104 iis
1985 1051 2073 1120 qui
2102 1060 2212 1105 rect

2407 1058 2499 1124 Ὠς
2532 1058 2747 1127 ἀγαθὸς
2776 1058 2856 1123 τῷ
2888 1061 3116 1129 Ἰσραὴλ
3164 1064 3196 1114 ὀ
3219 1060 3380 1125 Θεὸς,
3406 1060 3530 1125 τοῖς
3560 1060 3750 1115 εὐθέσι
3780 1063 3840 1131 τῇ

683 1147 803 1190 sunt
828 1136 1016 1190 corde!
1043 1135 1220 1191 Tertia
1256 1153 1381 1207 pars
1408 1139 1528 1193 libri
1559 1138 1891 1194 Psalmorum
1923 1156 1952 1193 a
1982 1153 2208 1210 prmsent

2327 1149 2573 1217 καρδίᾳ]
2604 1150 2674 1202 Τὸ
2720 1151 2897 1220 τρίτον
2948 1152 3108 1222 μέρος
3140 1152 3238 1221 τῆς
3286 1152 3462 1221 βίω.ου
3503 1148 3608 1204 τῶν
3631 1152 3841 1223 Ψαλμῶν

684 1228 890 1296 incipit,
923 1237 975 1281 et
1002 1229 1056 1279 in
1086 1243 1322 1281 Lxxxvm
1355 1229 1573 1292 desinit,
1611 1230 1683 1283 ita
1727 1238 1787 1284 ut
1822 1232 2059 1300 psalmos
2090 1246 2212 1285 com

2326 1240 2545 1311 ἄρχεται
2572 1240 2666 1310 μὲν
2690 1242 2795 1293 ἀπὸ
2818 1240 2910 1295 τοῦ
2951 1243 3228 1312 παρόντος,
3258 1242 3573 1312 περαιοῦται
3595 1243 3649 1295 δὲ
3673 1246 3743 1306 εἰς
3766 1244 3838 1297 τὸν

683 1317 949 1387 plectatur
1002 1318 1409 1385 septemdecim,
1456 1334 1685 1388 quorum
1738 1322 1985 1375 undecim
2036 1336 2212 1376 conse-

2327 1337 2441 1405 πτγ,
2485 1329 2559 1391 ὡς
2600 1332 2723 1392 τοὺς
2759 1332 2984 1394 πάντας.
3012 1333 3277 1402 περιέχειν
3317 1333 3558 1401 ψαλμοὺς
3597 1333 3726 1384 ἑπτὰ
3764 1336 3837 1385 καὶ

683 1415 909 1478 quenter
942 1409 1110 1477 ipsius
1133 1410 1308 1477 Asaph
1341 1418 1467 1463 sunt
1495 1429 1507 1463 :
1535 1412 1659 1463 hinc
1681 1410 1908 1465 ﬁliorum
1934 1412 2071 1466 Cone
2094 1428 2227 1481 qua-

681 1507 829 1562 tuor,
856 1497 1071 1554 Daridis
1112 1515 1269 1562 unus,
1318 1512 1728 1569 postremusque
1776 1502 2014 1555 omnium
2052 1500 2225 1555 Ethan

681 1587 962 1645 Esdraitae.
998 1589 1095 1644 Hic
1114 1607 1237 1645 vero
1266 1606 1423 1659 quem
1455 1598 1750 1645 tractamus
1775 1590 1971 1660 Asaphi
1996 1600 2106 1654 est,
2132 1592 2223 1661 qui

681 1680 939 1749 propheta
983 1679 1167 1734 Davidi
1207 1689 1512 1735 coaetaneus
1559 1694 1674 1735 erat
1712 1680 2099 1749 :Psalntusque
2141 1681 2226 1734 ln-

683 1765 972 1834 scribitur;
1024 1769 1151 1838 quia
1196 1769 1261 1823 ad
1300 1771 1501 1825 calcem
1556 1785 1678 1824 cum
1726 1771 2012 1841 impiorum
2047 1770 2251 1823 infau;

682 1868 819 1915 stum
845 1860 1066 1920 exitum,
1108 1866 1220 1912 tum
1250 1860 1541 1929 piorum‘in
1567 1857 1677 1914 Deo
1713 1860 2051 1913 reconditum
2082 1861 2221 1928 opti-

679 1965 823 2003 mum
865 1948 1020 2004 linem
1053 1950 1447 2022 complectitur.
1483 1951 1612 2015 Qum
1640 1949 1725 2003 his
1765 1950 2003 2027 declarat
2032 1969 2045 2002 :
2082 1932 2219 2015 Quia

676 2054 788 2092 ecce
822 2040 907 2107 qui
930 2037 1169 2108 elongant
1201 2054 1255 2091 se
1297 2055 1327 2090 a
1363 2047 1410 2091 te
1436 2036 1695 2102 peribunt,
1734 2037 2007 2104 perdidisti
2045 2055 2217 2093 omnes

674 2130 763 2199 qui
782 2130 1109 2198 fornicamur
1133 2128 1224 2181 abs
1250 2136 1315 2181 te.
1346 2126 1479 2181 Mihi
1511 2138 1680 2181 autem
1705 2127 1968 2182 adhaerere
1994 2128 2100 2182 Deo
2130 2128 2218 2183 bo-

2322 1407 2451 1473 δέκᾶ.
2472 1435 2484 1447 ·
2516 1414 2589 1474 ὧν
2618 1420 2809 1491 ἐφεξῆς
2841 1429 2907 1473 ια’
2930 1423 3247 1490 τυγχάνουσι
3272 1423 3364 1476 τοῦ
3397 1424 3563 1491 Ἀσάφ
3585 1441 3598 1453 ³
3620 1420 3730 1476 εἶτα
3751 1424 3836 1476 τῶν

2283 1511 2453 1567 ,υἱῶν
2510 1504 2651 1581 Κορὲ
2692 1511 2752 1573 δ’,
2804 1511 2897 1563 καὶ
2929 1511 3022 1575 τοῦ
3078 1511 3239 1563 Δαυῒδ
3287 1508 3383 1574 εἷς,
3440 1514 3533 1565 καὶ
3591 1512 3835 1568 Δίθὰντοῦ

2336 1601 2640 1672 Ἐσδραίτου
2685 1602 3004 1668 τελευταῖος.
3045 1602 3101 1653 '0
3147 1603 3324 1672 μέντοι
3366 1603 3501 1672 μετὰ
3545 1606 3721 1673 χεῖρας
3759 1603 3835 1655 τοῦ

2334 1692 2501 1761 ’Δσὰφ
2526 1692 2821 1765 (προφήτης
2840 1694 2893 1745 δὲ
2913 1690 2978 1763 ἦν
3003 1688 3152 1755 οὗτος
3176 1694 3524 1763 σνγχρονίσας
3546 1693 3620 1761 τῷ
3659 1694 3831 1763 Δαυῖὖ),

2329 1781 2568 1851 Ψαλμός
2609 1784 2703 1853 μὲν
2731 1784 3148 1854 ἐπιγέγραπται,
3173 1783 3260 1836 διὰ
3282 1784 3340 1835 τό
3361 1785 3635 1854 περιέχειν
3658 1786 3745 1836 ἐπὶ
3766 1781 3835 1837 τέ-

2320 1868 2400 1921 λει
2428 1868 2533 1922 τῶν
2573 1870 2741 1937 λόγων
2785 1870 2894 1922 τῶν
2936 1870 3034 1939 μὲν
3072 1870 3280 1924 ἀσεὸῶν
3324 1870 3425 1941 τὴν
3465 1874 3831 1943 καταστροφὴν,

2318 1956 2424 2010 τῶν
2448 1958 2491 2010 δ’
2522 1959 2754 2011 εὐσεϐῶν
2782 1959 2839 2011 τὸ
2871 1959 3019 2030 παρὰ
3041 1959 3118 2029 τῷ
3139 1960 3255 2029 Θεῷ
3287 1961 3703 2033 τεταμιευμένον
3720 1965 3834 2028 ἀγα-

2320 2044 2407 2097 Θδν
2440 2046 2623 2108 τέλοςο
2659 2046 2694 2099 ἃ
2738 2046 2805 2116 δὴ
2851 2049 3083 2118 παρίττη
3113 2048 3312 2116 λέγων·
3346 2049 3463 2101 Ὀτι
3510 2048 3633 2103 ίδοὺ
3668 2053 3718 2103 oi
3747 2067 3832 2118 μα-

2317 2135 2631 2201 κρύνοντες
2662 2136 2910 2203 ἑαυτοὺς
2944 2138 3061 2190 ἀπὸ
3100 2138 3213 2214 (τοῦ
3239 2139 3614 2201 ἀπολοῦνται,
3640 2140 3828 2202 sfw-

2251 1913 2290 1968 B

676 2234 798 2273 num
839 2229 934 2273 est.
979 2219 1083 2272 luit
1132 2228 1311 2273 autem
1352 2234 1382 2271 a
1424 2218 1686 2273 doctrinae
1722 2221 2022 2289 praeceptis,
2066 2221 2217 2289 queis

673 2310 963 2380 impiorum
995 2310 1060 2363 ad
1096 2311 1365 2380 quoddam
1396 2320 1605 2382 tempus
1649 2311 1924 2367 felicitatis
1952 2314 2216 2367 rationem

675 2392 829 2457 adert
860 2420 872 2455 :
906 2402 1129 2470 hujusce
1170 2402 1365 2471 quippe
1408 2403 1485 2457 rei
1530 2416 1751 2467 causam
1777 2417 1896 2459 esse
1943 2405 2038 2467 ait,
2072 2405 2214 2473 quod

671 2490 817 2546 Deus
863 2491 1037 2547 bonus
1101 2492 1417 2563 patiensque
1466 2494 1555 2547 sit.
1601 2492 1840 2563 ldipsum
1888 2508 2017 2549 sane
2060 2495 2215 2549 docet

672 2580 890 2635 divinus
913 2580 1201 2649 Apostolus
1230 2580 1417 2635 dicens
1449 2600 1462 2635 :
1494 2583 1804 2637 Andrmtias
1835 2580 2079 2638 bonitatis
2101 2585 2213 2655 ejus

671 2683 717 2725 et
751 2670 1163 2741 longanimitatis
1193 2673 1496 2738 contemnis,
1529 2673 1774 2742 ignorans
1812 2680 1947 2744 quod
1988 2674 2209 2731 clemen-

673 2766 747 2818 tia
782 2764 876 2818 Dei
918 2765 985 2818 ad
1035 2766 1387 2832 paenitentiam
1424 2775 1471 2819 te
1514 2765 1727 2820 adducit
1745 2767 1831 2821 ’δῖ
1881 2775 1935 2823 et
1977 2769 2106 2823 alibi
2137 2768 2215 2823 di-

669 2867 813 2911 ctum
845 2866 927 2911 est
951 2877 963 2912 :
1001 2857 1137 2911 Deus
1155 2857 1319 2926 judea:
1341 2858 1542 2926 justas,
1563 2859 1735 2912 bonus
1758 2869 1805 2912 et
1832 2860 2056 2926 patiens,
2080 2876 2213 2913 nun-

667 2946 793 3016 quid
830 2948 1079 3001 irascitur
1126 2962 1215 3015 per
1263 2948 1497 3017 singulos
1538 2948 1646 3001 dies
1668 2948 1753 3000 "3
1792 2947 1988 3017 Utpote
2038 2948 2211 3004 bonus

668 3039 852 3109 igitur,
886 3039 1059 3094 Solem
1097 3056 1249 3093 suum
1286 3040 1418 3093 oriri
1442 3039 1570 3107 facit
1596 3054 1749 3107 super
1777 3040 1951 3108 justas
1985 3049 2036 3093 et
2073 3042 2212 3109 inju-

2316 2226 2572 2291 θρευσας
2612 2224 2805 2279 πάντα.
2849 2226 2954 2278 τὸν
2989 2230 3349 2292 πορνεύοντα
3381 2228 3495 2280 ἀπὸ
3534 2228 3665 2281 σοῦ.
3700 2229 3827 2297 Ἐμοὶ

2314 2313 2382 2367 δὲ
2402 2314 2466 2366 τό
2500 2312 2986 2381 προσκολλᾶσθαι
3016 2314 3093 2380 τῷ
3124 2315 3245 2380 Θεῷ
3269 2309 3489 2385 ἀγαθάς
3510 2317 3673 2369 ἐστιν
3693 2333 3712 2348 ο
3744 2318 3830 2385 ἁρ-

2314 2424 2464 2476 χεται
2492 2407 2535 2459 δ’
2580 2407 2687 2459 ἀπὸ
2728 2406 3059 2475 δογματικῆς
3096 2388 3465 2472 διδασκαλίας,
3482 2406 3553 2459 δι’
3589 2403 3654 2478 ἦς
3676 2407 3826 2459 αἰτίαν

2312 2496 2596 2550 ἀποδίδωσι
2632 2498 2732 2567 τῆς
2770 2496 2877 2549 τῶν
2906 2496 3112 2550 ἀσεϐῶν
3159 2499 3295 2549 ataui
3337 2514 3486 2559 τινας
3520 2499 3726 2567 καιροὺς
3752 2497 3825 2549 sti-

2312 2588 2573 2658 πραγίας·
2605 2588 2664 2641 τὸ
2698 2588 2805 2658 γὰρ
2834 2587 3034 2657 ἀγαθὸν
3073 2580 3207 2641 εἶναι
3248 2589 3340 2641 καὶ
3384 2587 3717 2659 μακρόθυμον
3750 2586 3823 2639 τὸν

2309 2679 2458 2741 Θεὸν,
2496 2678 2647 2731 τοῦτό
2691 2693 2851 2751 φησιν
2884 2679 3140 2750 ὑπάρχειν
3184 2680 3370 2732 αῐτιον.
3405 2681 3468 2731 Ὃ
3514 2679 3575 2749 δὴ
3618 2678 3823 2732 διδάσκει

2309 2771 2401 2822 καὶ
2425 2773 2453 2821 ό
2485 2769 2625 2832 θεῖος
2668 2767 2977 2830 Ἀπόστολος
2996 2767 3170 2833 λέγων
3192 2783 3206 2797 θ
3240 2768 3307 2823 Ἢ
3329 2766 3427 2820 τοῦ
3465 2768 3713 2821 πλούτου
3734 2764 3825 2834 τῆς

2308 2862 2711 2925 χρηστότητος
2738 2856 2922 2910 αὑτοῦ
2965 2855 3061 2907 καὶ
3100 2854 3209 2923 τῆς
3247 2857 3647 2923 μακροθυμίας
3680 2870 3826 2907 κατα-

2309 2948 2559 3015 φρονεῖς,
2598 2945 2846 3017 ἀγνοῶν,
2889 2934 2977 3001 ὅτι
3008 2946 3073 3001 τὸ
3122 2948 3389 3015 χρηστόν
3429 2945 3534 2999 τοῦ
3585 2946 3719 3000 θεοῦ
3750 2948 3823 3010 εις

2302 3034 2619 3105 μετάνοιάν
2654 3036 2727 3089 σέ
2762 3035 2920 3104 ἀΐεις
2983 3037 3075 3089 καὶ
3117 3036 3345 3105 ἀλλαχοῦ
3396 3040 3455 3087 δε
3504 3035 3732 3107 εἴρηται*
3770 3036 3820 3087 '0

666 3140 795 3193 stus,
817 3139 866 3184 et
893 3131 1024 3195 pluit
1050 3144 1200 3196 super
1229 3132 1395 3183 malos
1424 3138 1473 3184 et
1500 3129 1657 3184 bonos
1679 3130 1745 3185 ".
1775 3128 1925 3185 Unde
1958 3128 2212 3197 Senator

2311 3128 2453 3192 Θεὸς
2486 3125 2687 3196 κριτὴς
2721 3126 2943 3191 δίκαιος
2984 3126 3079 3179 καὶ
3104 3127 3316 3195 ἀγαθός
3349 3126 3443 3179 καὶ
3478 3129 3822 3193 μακρόθυμος

667 3220 807 3273 hanc
857 3220 1176 3274 sententiam
1219 3219 1285 3274 de
1329 3218 1488 3273 Patre
1534 3220 1758 3289 protulit
1794 3239 1808 3275 :
1844 3218 2011 3274 Nemo
2045 3220 2207 3275 bonus

2309 3214 2388 3283 μὴ
2417 3213 2600 3283 ὀργὴν
2630 3213 2868 3283 ἐπάγων
2891 3215 3016 3269 καθ’
3040 3213 3301 3281 ἑκάστην
3318 3212 3565 3281 mtépar,
3613 3214 3689 3275 Ὠς
3708 3215 3821 3281 ἀγυι.

664 3312 769 3366 nisi
802 3326 933 3365 unus
968 3309 1105 3364 Deus
1136 3310 1197 3366 ⁸⁷.
1246 3309 1401 3375 Quod
1450 3311 1498 3365 si
1538 3309 1605 3365 de
1645 3308 1783 3365 Filio
1831 3311 2203 3381 perquisieris,

2309 3303 2398 3367 Θὸς
2450 3302 2579 3371 γοῦν
2619 3302 2930 3359 ἀνατέλλει
2979 3303 3084 3356 τὸν
3136 3303 3308 3371 ἥλιον
3352 3304 3536 3357 αὐτοῦ
3598 3303 3686 3356 ἐπὶ
3746 3301 3819 3354 ὄι-

662 3396 965 3466 comperies
1000 3411 1105 3465 qua
1133 3398 1345 3452 ratione
1372 3408 1427 3453 ct
1455 3398 1569 3467 ipse
1598 3399 1775 3453 bonus
1806 3400 1912 3463 sit;
1944 3400 2069 3469 quia
2100 3400 2208 3454 sci-

2309 3397 2509 3457 καιους
2558 3392 2655 3445 καί
2702 3392 2962 3457 ἀδίκους,
3016 3392 3112 3445 καί
3144 3391 3349 3461 ,ϐρέχει
3407 3393 3501 3445 ἐπὶ
3551 3393 3820 3459 πονηροὺς

663 3483 788 3539 licet
824 3484 1078 3554 splendor
1115 3492 1198 3540 est
1240 3485 1378 3539 lucis
1427 3486 1787 3554 sempiternae,
1835 3496 1889 3540 et
1929 3488 2205 3556 speculum

2309 3481 2403 3535 καί
2449 3483 2721 3552 ἀγαθούς.
2756 3482 2942 3545 Ἔνθεν
2974 3484 3064 3535 καὶ
3111 3484 3139 3534 6
3182 3484 3369 3553 Σωτὴρ
3416 3483 3537 3554 ὅρον
3585 3483 3701 3554 περὶ
3739 3482 3818 3534 τοῦ

640 3563 780 3630 sine
822 3576 1030 3629 macula
1061 3585 1298 3645 paternae
1349 3574 1587 3638 virtutis,
1634 3584 1687 3631 et
1721 3577 1895 3646 imago
1947 3578 2205 3640 bonitatis

2309 3574 2516 3645 [ἰατρὸς
2547 3572 2829 3644 ἐξήνεγκεν
2865 3571 3059 3629 εἰπών·
3100 3572 3303 3638 Οὐδείς
3330 3573 3547 3641 ἁγαθός
3573 3575 3624 3626 sl
3652 3560 3723 3641 μὴ
3744 3567 3819 3637 εἷς

661 3666 807 3722 illius
828 3667 894 3721 ⁸⁸.
924 3666 1069 3720 Talis
1105 3667 1288 3736 itaque
1330 3664 1471 3721 Deus
1503 3674 1615 3732 est;
1649 3667 1744 3721 sed
1782 3668 1912 3722 illud
1944 3682 2053 3723 non
2086 3684 2204 3739 om-

658 3759 820 3813 nibus
852 3768 1074 3825 uotum;
1105 3772 1291 3813 verum
1317 3758 1416 3811 soli
1447 3756 1649 3818 lsraeli.
1693 3759 1808 3813 viro
1838 3760 2044 3814 scilicet
2076 3775 2200 3829 per-

660 3848 862 3917 spicaci
900 3856 955 3902 et
1003 3847 1403 3904 internoscendi
1448 3850 1499 3901 vi
1540 3850 1783 3918 praedito,
1832 3850 2045 3919 qualem
2100 3853 2201 3907 sub

661 3938 774 3994 hzec
800 3940 1036 3994 declarat
1065 3941 1149 3994 bis
1185 3941 1383 4005 verbis,
1424 3942 1576 3994 rectis
1604 3942 1774 3994 corde.
1826 3941 1927 4008 Qui
1958 3943 2101 3998 enim
2144 3944 2201 3998 in

659 4032 840 4081 mente
878 4028 1012 4081 nihil
1038 4035 1342 4084 tortuosum
1373 4028 1564 4090 habet,
1608 4029 1700 4082 sed
1728 4038 1872 4082 recta
1901 4037 1955 4083 et
1990 4029 2200 4084 sincera

656 4118 983 4189 cogitatione
1041 4118 1391 4186 providentia:
1447 4119 1709 4173 rationem
1760 4120 2196 4189 contemplatur,

659 4211 774 4279 ipse
824 4210 1031 4264 scilicet
1082 4208 1246 4264 Israel
1295 4208 1476 4271 fuerit,
1519 4209 1607 4262 cui
1649 4207 1795 4263 Deus
1846 4198 2022 4265 bonus
2076 4225 2199 4266 esse

655 4303 1016 4370 cognoscitur,
1068 4300 1195 4369 quia
1239 4302 1308 4353 ob
1362 4300 1616 4354 bonitatis
1664 4300 2035 4354 excellentiam
2082 4317 2197 4355 om-

655 4406 753 4445 nes
804 4393 1016 4445 tolerat.
1088 4389 1191 4447 Sed
1253 4390 1393 4444 Deus
1443 4389 1659 4459 quidem
1721 4388 2029 4457 huiusmodi
2090 4402 2190 4445 est.

2303 3668 2336 3720 ό
2372 3666 2535 3729 Θεός.
2566 3665 2681 3717 Κᾶν
2715 3662 2969 3735 ἐξετάζῃς
2999 3664 3125 3733 περὶ
3153 3663 3244 3715 τοῦ
3268 3662 3419 3727 Υἰοῦ,
3453 3664 3664 3737 μαθήαῃ
3691 3665 3818 3722 ὅπως

2301 3759 2416 3810 ἐπὶ
2461 3758 2553 3810 καὶ
2597 3756 2755 3818 αὐτὸς
2792 3756 3021 3824 ἀγαθός’
3077 3755 3303 3824 ἐπείπερ
3342 3755 3687 3825 ἀπαύγασμα
3718 3757 3816 3808 ἐστι

2301 3850 2473 3919 φωτὸς
2501 3848 2667 3903 ἀϊδίου
2701 3848 2793 3901 καὶ
2824 3847 3088 3916 ἔσοπτρον
3113 3844 3437 3915 ἀκηλίδωτον
3477 3845 3575 3914 τῆς
3606 3847 3691 3898 τοῦ
3720 3845 3814 3897 Πα-

2298 3939 2423 4010 τρὸς
2468 3938 2761 4008 ἐνεργείας,
2807 3938 2899 3989 καὶ
2938 3935 3096 3989 εἰκὼν
3131 3934 3229 4004 τῆς
3282 3933 3613 4002 ἀγαθότητος
3652 3934 3811 3988 αὐτοῦ.

2299 4029 2543 4093 Τοιοῦτος
2576 4030 2670 4101 μὲν
2711 4023 2802 4080 οὖν
2846 4030 2873 4080 6
2900 4027 3029 4089 Θεὸς
3060 4026 3349 4094 πιφυκενκ
3375 4024 3632 4092 ἔγνωσται
3673 4025 3723 4079 δὲ
3760 4026 3811 4075 οὗ

2298 4124 2479 4184 πᾶσιν,
2507 4121 2640 4175 ἀλλὰ
2670 4122 2812 4191 μόνῳ
2834 4119 2909 4190 τῷ
2941 4118 3173 4194 Ἰσραῂλ,
3325 4116 3612 4189 διορατικῷ
3639 4114 3810 4185 δηλαδὴ

2298 4213 2388 4265 καὶ
2418 4211 2695 4280 γνωστικῷ
2720 4210 2891 4279 ἀνδρὶ,
2915 4209 2973 4262 όν
3004 4205 3386 4279 δὴπαρίατησι
3413 4206 3684 4260 συνάπτων
3704 4204 3809 4275 ἑξῆς

2297 4303 2389 4355 και
2419 4302 2605 4369 λέγων,
2649 4288 2771 4367 τοῖς
2810 4300 3007 4355 εὐθέσι
3052 4298 3128 4367 τῇ
3157 4298 3383 4368 καρδίᾳ.
3429 4298 3484 4350 Ὀ
3521 4297 3626 4369 γὰρ
3670 4295 3807 4368 μηδιν

2298 4394 2503 4447 σκολιὸν
2545 4393 2872 4463 κεκτημένος
2914 4394 2971 4445 ὲν
2996 4394 3076 4471 Ξ’τῇ
3120 4388 3310 4444 ἑαυτοῦ
3351 4389 3517 4459 ψυχῇ,
3566 4387 3807 4456 λογισμοίς

656 4479 765 4551 Ego
831 4496 960 4535 vero
1019 4483 1179 4537 homo
1244 4482 1357 4551 qui'
1407 4480 1619 4535 veritati
1694 4480 1927 4545 studeo,
2001 4483 2193 4538 mentis

2309 4486 2350 4537 se
2378 4484 2552 4557 ὀρθοῖς
2579 4481 2876 4535 ἑπισάλλων
2900 4485 3011 4543 τοῖς
3032 4484 3129 4551 τῆς
3158 4480 3408 4550 προνοίας
3439 4480 3633 4547 λόγοις,
3666 4476 3800 4535 αὐτὸς

657 4586 788 4627 mea
846 4572 1188 4627 stoliditatem
1248 4586 1461 4626 enarro.
1511 4570 1721 4624 Eten‘im
1771 4558 2021 4625 ﬁrmitate
2076 4586 2193 4627 mea

2309 4574 2361 4626 iv
2388 4574 2469 4643 εἴη
2502 4574 2533 4625 6
2575 4571 2805 4641 Ἰσραὴλ,
2828 4564 2872 4638 ᾧ
2908 4572 2999 4622 καὶ
3027 4571 3284 4642 ἔγνωαται
3312 4569 3513 4638 ἀγαθὸς
3542 4568 3614 4620 ὣν
3646 4569 3672 4619 6
3695 4563 3804 4626 Θεὸς

654 4670 708 4716 et
758 4676 986 4741 gressu,
1030 4664 1145 4716 sive
1188 4672 1244 4716 ut
1296 4662 1659 4731 metaphorice
1709 4660 1939 4729 loquar,
2002 4662 2191 4716 animai

2309 4660 2358 4713 it'
2406 4659 2706 4731 ὑπερϐολήν
2757 4676 2815 4712 τε
2862 4658 3189 4728 ἁγαθότητος
3236 4661 3448 4713 πάντων
3498 4657 3803 4727 ἀνεχόμενος.

655 4752 881 4823 pedibus
940 4765 992 4807 et
1050 4752 1237 4807 fulcris
1300 4762 1600 4807 commotus
1658 4766 1793 4822 pene
1862 4761 1916 4807 et
1970 4766 2192 4807 eversus

2309 4751 2441 4805 Ἀλλ’
2486 4753 2513 4805 6
2567 4751 2664 4821 μὲν
2723 4749 2851 4811 Θεὸς
2899 4748 3151 4813 τοιοῦτος.
3222 4747 3361 4816 Ἐγὼ
3413 4747 3502 4809 δὲ,
3526 4796 3531 4803 _
3555 4746 3807 4817 ἄνθρωπος

655 4859 773 4899 sum
822 4858 853 4895 a
904 4858 997 4911 spe
1034 4858 1151 4897 mea
1192 4843 1244 4897 iu
1285 4842 1393 4898 Deo
1434 4847 1706 4915 reposita;
1748 4846 1914 4915 idque
1959 4844 2031 4899 ob
2071 4858 2191 4913 pro-

2309 4844 2583 4915 ριλαλήθης
2641 4828 2774 4897 εἶναι
2832 4838 3053 4907 Θέλων,
3085 4841 3185 4914 τὴν
3244 4832 3479 4915 ἐμαυτοῦ
3542 4834 3801 4907 διηγοῦμαι

653 4948 841 5005 speras
870 4934 1146 4987 atheorum
1177 4934 1567 5005 impiorumque
1612 4951 1720 4991 res.
1756 4934 1956 4990 Verum
1984 4935 2039 4989 id
2054 4918 2189 5004 ἰιιιί-

2309 4933 2388 5001 ςῆς
2440 4932 2613 5002 ψυχῆς
2639 4930 2884 5002 νωθρίαν.
2913 4928 3120 5001 Μικροῦ
3152 4928 3258 4999 γάρ
3303 4926 3412 4980 δεῖν
3452 4925 3550 4998 τὴν
3591 4920 3801 4995 ἐμαυτοῦ

636 5025 774 5082 -dem
801 5040 934 5095 pene
962 5025 1245 5094 perpessus
1274 5041 1422 5092 sum;
1460 5036 1513 5080 at
1547 5026 1638 5082 Dei
1679 5028 1853 5096 gratia
1882 5041 2186 5082 concussus

2309 5024 2475 5079 ndatv
2503 5025 2595 5078 καὶ
2616 5023 2787 5092 βάσιν,
2812 5023 2920 5087 καὶ,
2950 5022 3023 5085 ὡς
3050 5020 3120 5075 ἂν
3142 5019 3282 5073 sinos
3308 5033 3393 5079 τις
3432 5014 3798 5088 μεταφορικῶς,

654 5118 763 5177 non
794 5113 911 5180 lui;
942 5130 1115 5183 neque
1140 5129 1173 5168 a
1199 5116 1289 5170 tali
1323 5117 1646 5187 cogitatione
1678 5125 1966 5186 superatus
2004 5137 2017 5172 :
2051 5117 2187 5173 alias

2309 5116 2408 5178 τοὺς
2437 5116 2533 5186 τῆς
2561 5114 2737 5186 ψυχῆς
2755 5100 2763 5105 ’
2781 5112 2944 5177 πόδας
2970 5113 3063 5165 καὶ
3097 5107 3174 5164 ’τὰ
3200 5106 3514 5178 {piatum
3554 5102 3798 5179 παρετρῶ

653 5196 779 5261 vero
802 5207 1115 5276 periissem,
1135 5212 1188 5260 et
1214 5206 1367 5263 eﬂ‘usi
1392 5215 1575 5264 essent
1604 5222 1824 5279 gressus
1848 5209 1952 5265 mei
1987 5228 2004 5263 :
2035 5224 2182 5273 nam,

2309 5222 2397 5274 την
2428 5208 2491 5260 ὲκ
2512 5206 2609 5275 τῆς
2652 5206 2730 5267 είς
2757 5205 2844 5258 τὸν
2869 5203 2998 5257 Θεὸν
3025 5200 3233 5261 ἐλπίδος
3264 5198 3352 5252 διὰ
3379 5199 3476 5262 τὰς
3511 5198 3614 5253 τῶν
3648 5198 3797 5252 ἀθέων

650 5309 774 5363 pene
788 5294 942 5363 elusi
972 5303 1091 5350 sunt
1116 5311 1321 5365 gressus
1351 5299 1468 5360 mei,
1500 5297 1597 5353 sed
1648 5313 1762 5352 non
1806 5312 1996 5354 revera
2028 5298 2185 5355 effusi

2309 5295 2381 5347 tul
2432 5295 2640 5349 ὰσεὸὦν
2688 5293 2890 5364 ἀνδρῶν
2941 5288 3260 5361 εὐπραγίας.
3320 5286 3478 5341 Ἀλλὰ
3537 5288 3673 5359 παρά
3717 5300 3796 5355 μι-

651 5394 798 5441 sunt.
823 5383 1102 5452 Quomodo
1132 5394 1309 5441 autem
1341 5403 1559 5456 gressus
1606 5389 1800 5443 anima:
1840 5387 2182 5445 eﬂ‘undantur

2309 5386 2411 5458 :p6v
2441 5388 2536 5458 μὲν
2556 5384 2694 5437 τοῦτ’
2725 5372 2946 5437 ἑπαθονέ
2982 5381 3067 5434 διὰ
3117 5379 3172 5433 δὲ
3215 5379 3312 5447 τὴν
3354 5378 3448 5432 τοῦ
3489 5378 3615 5434 Θεοῦ
3660 5376 3795 5447 χάριν

652 5475 935 5544 intelliges,
974 5477 1017 5529 si
1047 5476 1365 5545 perpendas,
1394 5493 1501 5547 qua
1539 5478 1748 5531 ratione
1777 5478 1933 5532 multi
1966 5478 2180 5548 pietatis

2309 5478 2381 5531 ιὺκ
2404 5476 2713 5548 ἐσαλεύθην,
2744 5475 2863 5529 οὐδὲ
2901 5470 3269 5543 κατεκράτησέ
3312 5487 3414 5541 μου
3451 5472 3481 5522 6
3512 5466 3796 5543 προλεχϐεὶς

648 5565 1027 5618 exercitatione
1056 5564 1165 5633 jam
1191 5568 1446 5636 provecti,
1478 5566 1830 5637 temperantia
1858 5575 1911 5620 et
1934 5567 2180 5623 castitate

2309 5566 2531 5641 ,ογιομζός
2555 5588 2567 5600 ν
2598 5570 2630 5639 ἢ
2684 5570 2789 5641 γὰρ
2827 5569 2893 5622 ἂν
2938 5564 3247 5635 ἀπωλόμην,
3285 5564 3377 5617 καὶ
3410 5565 3579 5618 πάντα
3608 5577 3705 5633 μου
3737 5556 3791 5608 τὰ

647 5654 901 5709 diuturno
936 5662 1176 5727 tempore
1209 5657 1494 5729 fulgentes,
1530 5659 1749 5717 demum
1778 5655 1845 5712 ad
1878 5659 2176 5715 molliorem

2313 5659 2583 5729 ιαόήματα
2616 5658 2810 5729 κέχυτο
2833 5674 2845 5686 ·
2882 5653 3014 5720 παρ’
3061 5654 3257 5721 ὀλίγον
3301 5651 3406 5722 γᾴρ
3456 5650 3693 5727 ἐξεχύθη
3733 5644 3792 5695 τὸ

709 5808 755 5842 ⁸⁵
781 5805 935 5872 Rom.
964 5809 1098 5878 ",6.
1164 5811 1369 5871 "P‘ssl.
1392 5816 1489 5881 νιι,
1535 5813 1618 5872 ti.
1692 5814 1738 5849 ”
1765 5810 1955 5869 Matth.
1980 5828 2045 5896 ν,
2072 5812 2155 5870 15.

2309 5810 2459 5871 lare.
2491 5814 2652 5881 ι,18.
2728 5813 2772 5846 ’⁸
2808 5812 2934 5883 sap,
2966 5826 3061 5874 νιι,
3093 5807 3196 5876 26;
3226 5806 3386 5861 Hebr.
3422 5822 3459 5867 ι,
3492 5806 3543 5861 3.
