3966 6348
131 458 236 513 837

1244 456 1745 518 .COSIMENTARIA
1786 459 1852 512 IN
1886 459 2203 517 PSALMOS

3228 467 3330 521 838

133 575 465 643 ὄιᾳόήματὰ
497 593 631 642 μου,
662 575 719 625 οὗ
751 577 852 644 μὴν
909 576 1153 645 ἐξεχύθη.
1190 578 1414 648 Νοήσεις
1457 580 1510 631 δὲ
1549 580 1688 642 ὅπως

1796 592 1960 634 vitam
1987 582 2163 636 allecti
2197 591 2249 636 et
2283 585 2516 652 prolapsi
2548 583 2685 647 sint;
2717 598 2828 637 sive
2860 583 3020 637 etiam
3060 586 3270 654 penitus
3302 603 3332 640 α

132 667 382 735 ἐκχεῖται
413 667 587 734 ψυχῆς
618 665 941 735 διαδήματα,
975 667 1381 737 ὲπιστήσας,ὼς
1415 669 1511 739 ήδη
1534 671 1692 732 τινὲς,

134 763 514 835 προκόψαντες
564 765 618 814 ἐν
665 765 889 832 ἀσκήσει
936 761 1256 823 θεοσεϐείας,
1287 764 1342 814 ἐν
1382 761 1696 833 σωφροσύνῃ

130 871 190 906 τε
224 857 326 907 καὶ
349 856 534 924 ἁγνείᾳ
576 853 970 922 διαλάμψαντες
1020 856 1243 924 μακροῖς
1285 853 1508 923 χρόνοις,
1546 853 1696 905 ὓστε-

135 947 226 1015 ρόν
257 963 388 999 ποτε
430 946 772 1016 ύπεσύρησαν
813 945 1126 1015 χαυνότερον
1159 944 1446 1013 βιώσαντες
1473 945 1565 996 καὶ
1593 946 1697 996 ὀλι-

132 1037 454 1106 σθήσαντες,
489 1038 519 1106 ἢ
565 1036 836 1098 παντελῶς
864 1035 1181 1098 ἐκπεσόντες
1219 1035 1309 1088 τοῦ
1341 1035 1562 1094 σκοποῦ,
1602 1037 1696 1089 καὶ

128 1124 327 1197 ῶσπερ
383 1127 634 1193 ναυάγιον
681 1125 941 1187 παθόντες
984 1126 1090 1177 τῶν
1130 1126 1290 1179 πάλαι
1346 1126 1694 1196 συνηγμένων

128 1217 319 1278 αὐτοῖς
350 1216 563 1283 ἀγαθῶν
598 1217 860 1286 πράξεων.
905 1216 1116 1268 Τούτων
1161 1216 1266 1286 γὰρ
1290 1217 1388 1268 οῦκ
1427 1217 1492 1268 ἂν
1523 1217 1697 1286 ἀμάρ-

58 1354 67 1363 ,
123 1323 244 1369 τοις
289 1306 454 1358 εἰπὼν
501 1306 626 1365 τοὺς
661 1306 820 1368 πόδας
863 1306 959 1376 τῆς
1008 1306 1180 1376 ψυχῆς
1217 1304 1595 1357 σεσαλεῦσθαιο
1633 1307 1692 1358 οὐ

134 1399 242 1468 μὴν
271 1397 406 1449 ἀλλά
461 1399 552 1448 καὶ
605 1396 756 1459 ὅλους
813 1396 1176 1458 πεπτωκέναι,
1207 1396 1274 1447 τά
1303 1411 1360 1446 τε
1386 1395 1692 1464 διαδήματα.

129 1489 314 1541 αὐτῶν
358 1489 449 1541 καὶ
501 1487 596 1548 τὰς
631 1489 769 1540 κατὰ
817 1489 947 1539 Θεὸν
1007 1487 1226 1556 πορείας
1267 1487 1362 1556 τὴν
1405 1487 1462 1537 ὲν
1501 1485 1692 1556 μακρῷ

130 1580 312 1649 χρόνῳ
343 1579 615 1648 προκοπὴν
646 1578 976 1648 ἀπορῥεῦσαι
1007 1579 1096 1630 καὶ
1143 1577 1484 1646 ἐκκεχῦσθαι.
1537 1576 1691 1627 Ἀλλά

129 1669 307 1721 ταῦτα
339 1671 436 1738 μὲν
477 1669 625 1737 παρά
663 1657 872 1738 μικρὸν,
908 1668 1088 1736 φησὶν,
1131 1667 1346 1725 ἔπαθον,
1382 1669 1440 1718 οὐ
1469 1666 1570 1736 μὴν
1597 1667 1688 1716 πέ-

130 1759 304 1813 πονθα
330 1759 414 1812 διὰ
440 1759 606 1811 τὸτοῦ
640 1759 771 1811 Θεοῦ
809 1759 969 1822 ἔλεος.
1001 1759 1140 1829 Πλὴν
1172 1759 1396 1829 ῆμελλόν
1430 1775 1492 1825 γε
1519 1758 1687 1810 ταῦτα

131 1850 365 1919 πάσχειν
394 1849 480 1902 διά
514 1849 670 1918 ζῆλον
711 1849 768 1901 ὃν
814 1848 1034 1919 ἐζήλουν
1059 1850 1150 1900 ἐπὶ
1170 1852 1280 1910 τοῖς
1311 1850 1527 1917 ἀνόμοις
1547 1849 1683 1918 ὀρῶν

127 1941 226 2012 τὴν
257 1943 478 2013 εἰρήνην
505 1940 679 1993 αὐτῶν
713 1942 805 1994 καὶ
845 1942 940 2010 τὴν
973 1943 1028 1992 ὲν
1059 1939 1268 2009 πλούτῳ
1296 1941 1386 1991 καὶ
1409 1942 1602 2010 τρυφῇ,
1632 1939 1685 1991 ἕν
1718 1926 1758 1978 Β

129 2055 187 2088 τε
217 2038 409 2107 ἀρχαῖς
438 2037 527 2089 καὶ
577 2035 877 2105 ἀξιώμασιν
912 2033 1222 2110 εὐημερίαν.
1255 2034 1346 2096 Et;
1388 2015 1555 2106 ταῦτα
1581 2031 1686 2103 γὰρ

130 2120 350 2198 ἀῲορῶν
381 2127 716 2197 διεπριόμην,
737 2126 810 2187 ὼς
835 2122 1028 2196 μικροῦ
1058 2123 1164 2175 δεῖν
1184 2120 1514 2175 κινδυνεῦσαι
1539 2138 1691 2190 περι-

131 2221 316 2270 πεσεῖν
348 2217 525 2280 ἀθέοις
549 2216 820 2286 λογισμοῖς
839 2234 850 2244 ·
880 2209 958 2279 οἷς
986 2214 1044 2266 ού
1076 2213 1461 2283 περιπέπτωκα
1486 2213 1688 2282 δόγμα-

131 2325 216 2359 σιν
272 2307 450 2378 ὀρθοῖς
505 2307 964 2377 θεραπευόμενος,
1027 2307 1135 2366 τοῖς
1195 2303 1688 2372 ὑπομιμνήσκουσιν

133 2398 336 2464 ἀγαθὸν
357 2394 494 2450 εἶναι
529 2400 613 2450 τὸν
657 2396 785 2448 Θεὸν
823 2389 914 2449 καὶ
945 2393 1260 2457 ἀνεξίκακον
1296 2393 1386 2445 καὶ
1418 2392 1688 2462 μακρόθυ-

135 2507 251 2560 μον.
290 2491 486 2560 Διόπερ
507 2489 933 2558 ἐκπληττόμενος
963 2486 1122 2540 αὑτοῦ
1159 2486 1251 2539 καὶ
1296 2483 1690 2553 ἀποθαυμάζων

130 2578 227 2648 τὴν
259 2578 556 2649 ύπερὸολὴν
588 2580 684 2647 τῆς
714 2577 1060 2644 ἀγαθότητος,
1096 2572 1246 2626 εἷπον
1273 2573 1566 2643 ἀρχόμενος
1596 2571 1686 2624 τοῦ

129 2669 293 2735 λόγου
316 2687 328 2700 ο
355 2671 446 2734 Ὠς
470 2669 687 2736 ἀγαθὸς
703 2668 780 2730 τῷ
811 2665 1053 2732 Ἰσραὴλ
1086 2667 1117 2716 ό
1149 2662 1310 2727 Θεὸς,
1344 2661 1465 2726 τοῖς
1487 2661 1686 2714 εὐθέσι

133 2759 204 2826 τῇ
225 2757 453 2825 καρδίᾳ.
499 2757 640 2809 Ἀντὶ
666 2755 720 2807 δὲ
748 2754 858 2807 τοῦ·
906 2755 995 2818 Ὠς
1019 2752 1234 2821 ἀγαθὸς
1252 2789 1265 2814 ,
1294 2753 1322 2804 ό
1375 2750 1680 2820 Σύμμαχοςο

1795 687 1962 741 scopo
1991 673 2306 736 defecerint,
2332 681 2384 728 et
2411 675 2562 742 quasi
2595 672 2933 744 naufragium
2964 675 3016 727 in
3040 675 3196 730 bonis
3220 676 3331 743 jam

1795 762 2038 819 colfectis
2069 766 2322 834 operibus
2375 765 2619 820 fecerint.
2660 764 2766 819 Hos
2810 766 2853 819 si
2887 765 3111 834 pedibus
3143 769 3335 820 anima:
3385 765 3388 767 ’

1795 863 2094 909 commotos
2123 856 2356 921 dixeris;
2399 857 2505 910 imo
2536 872 2662 910 vero
2706 857 2750 909 si
2787 858 2998 924 penitus
3031 859 3332 926 prolapsos,

1795 952 1953 1012 atque
2012 960 2231 1013 gressus
2278 960 2485 1010 eorum,
2527 947 2948 1014 diuturnumque
3006 949 3058 999 in
3109 949 3191 1001 via
3241 948 3335 1003 Dei

1759 1014 2090 1102 ‘profectum
2129 1034 2407 1087 vacillasse
2454 1042 2507 1086 et
2542 1035 2768 1088 effusum
2802 1049 2923 1088 esse
2970 1034 3331 1099 ailirmaveris,

1793 1126 2103 1194 neutiquam
2139 1127 2376 1180 aberres.
2420 1123 2521 1179 Sed
2561 1127 2690 1186 hsce,
2730 1126 2921 1194 inquit,
2957 1126 3065 1179 fere
3105 1127 3332 1195 pertuli;

1793 1231 1891 1268 nec.
1916 1217 2106 1285 pertuli
2132 1226 2304 1270 tamen
2339 1233 2432 1286 per
2469 1217 2893 1271 misericordiam
2928 1217 3041 1272 Dei.
3073 1219 3334 1272 Caeterum

1792 1309 1924 1359 tanti
1949 1307 2076 1360 mihi
2109 1309 2329 1377 periculi
2367 1308 2420 1360 in
2447 1323 2608 1362 causa
2644 1309 2743 1362 fuit
2780 1311 2925 1363 zelus
2951 1326 3056 1379 quo
3123 1312 3336 1379 iniquo-

1792 1413 1910 1450 rum
1945 1413 2110 1452 causa
2149 1399 2502 1462 accendebar,
2542 1399 2667 1452 dum
2701 1401 2935 1454 viderem
2974 1416 3158 1470 pacem
3191 1405 3333 1471 ipso-

1791 1501 1933 1547 rum,
1972 1503 2182 1541 necnon
2209 1504 2394 1544 eorum
2428 1490 2481 1542 in
2511 1488 2735 1553 divitiis,
2767 1491 3063 1558 voluptate,
3092 1491 3337 1545 domina-

1789 1584 1868 1641 tu,
1905 1577 2254 1646 dignitatibus
2292 1582 2621 1638 felicitatem.
2673 1584 2796 1639 Haec
2834 1587 3126 1654 respiciens
3172 1583 3338 1637 disse-

1775 1671 1976 1731 'cahar,
2039 1671 2110 1722 ita
2164 1683 2219 1725 ut
2266 1689 2400 1742 pene
2449 1676 2502 1727 in
2562 1677 2754 1744 impias
2822 1677 2927 1730 labi
2981 1679 3338 1745 cogitationes

1788 1758 2123 1827 periclitarer
2163 1781 2175 1816 :
2216 1763 2265 1815 in
2300 1781 2433 1833 quas
2474 1775 2674 1828 tamen,
2711 1767 2871 1822 rectis
2903 1767 3143 1819 ﬁrmatus
3180 1766 3336 1818 insti-

1790 1850 1942 1911 tutis,
1980 1850 2141 1904 Deum
2177 1854 2376 1911 bonum
2429 1858 2716 1926 palientem
2763 1864 2816 1910 et
2863 1857 3180 1910 tolerantem
3213 1871 3334 1910 esse

1788 1945 2287 2007 commonentibus,
2345 1947 2654 2015 neutiquam
2709 1946 2902 2000 decidi.
2974 1945 3332 2010 Quamobrem

1789 2031 2203 2098 praecellentiam
2262 2035 2519 2092 bonitatis
2569 2037 2739 2105 ipsius
2772 2025 3064 2101 demirans’,
3116 2050 3178 2089 ac
3220 2045 3335 2089 stu-

1789 2136 1941 2191 pens,
1970 2123 2046 2176 sic
2078 2139 2378 2180 sermonem
2405 2144 2563 2182 orsus
2595 2145 2712 2183 sum
2740 2147 2753 2183 :
2788 2128 2955 2194 Quam
2983 2127 3141 2191 bonus
3167 2125 3335 2180 Israel

1793 2211 1952 2276 Deus,
1989 2217 2139 2269 rectis
2169 2217 2361 2270 carde.’
2410 2217 2512 2271 Pro
2537 2219 2628 2272 illo
2667 2226 2842 2272 autem
2880 2237 2892 2271 :
2924 2218 3091 2283 Quam
3137 2217 3329 2280 bonus;

1792 2300 2147 2372 Symmachus
2177 2326 2188 2360 :
2217 2306 2373 2370 Sane,
2401 2309 2592 2378 inquit,
2633 2326 2744 2362 vere
2772 2310 2932 2363 bonus
2960 2310 3096 2363 Deus
3123 2308 3331 2375 Israeli,

1787 2397 1931 2462 puris
1970 2397 2140 2451 corde.
2184 2397 2318 2464 Quis
2355 2415 2482 2454 vero
2511 2411 2654 2457 esset
2688 2403 2849 2457 Israel
2873 2403 2956 2457 bis
2985 2402 3180 2458 additis
3213 2418 3336 2458 ver-

1789 2488 1872 2542 bis
1922 2489 2236 2549 declaravit,
2267 2493 2410 2558 puris
2454 2496 2624 2548 corde.
2661 2493 2735 2546 Illi
2771 2510 3002 2563 namque
3024 2511 3147 2549 vere
3171 2495 3334 2563 Israel

1789 2579 1946 2638 sunt;
1982 2586 2150 2642 quare
2181 2589 2210 2626 a
2239 2574 2524 2630 Servatore
2545 2593 2761 2646 quoque
2786 2578 2988 2632 dictum
3023 2586 3104 2632 est
3134 2596 3147 2630 :
3185 2574 3336 2631 Beati

1786 2662 1978 2715 mundo
2031 2665 2202 2728 corde,
2255 2667 2499 2735 quoniam
2530 2670 2630 2736 ipsi
2665 2669 2826 2733 Deum
2857 2669 3157 2723 videbunt”
3194 2688 3208 2724 :
3255 2667 3334 2724 Is-

1788 2752 1898 2807 rael
1925 2764 2100 2808 autem
2119 2755 2290 2807 videns
2324 2754 2486 2808 Deum
2509 2759 2822 2825 explicatur.

134 2851 308 2917 Πλὴν
377 2850 576 2914 ὄντως,
618 2848 799 2918 φησὶν,
847 2845 1065 2915 ἀγαθὸς
1095 2846 1138 2896 ,ό
1179 2841 1321 2908 Θεὸς
1361 2842 1440 2907 τῷ
1476 2841 1729 2910 Ἰσραὴλ,
1769 2843 1892 2909 τοῖς
1921 2846 2198 2912 καθαροῖς
2229 2846 2342 2913 τὴν
2358 2846 2622 2914 καρδίαν.
2657 2849 2969 2919 Παρέστησε
3001 2857 3107 2921 γάρ
3129 2849 3211 2913 τίς
3243 2848 3331 2924 εἴη

135 2945 162 2994 ὁ
200 2941 433 3012 Ἰσραὴλ,
456 2938 785 3007 ἐπισυνάψας
807 2936 900 2989 καὶ
923 2933 1263 3016 είπὼν,ῃτοῖς
1328 2933 1604 3000 καθαροῖς
1628 2932 1741 3000 τὴν
1779 2934 2045 3003 καρδίαν.
2100 2932 2254 2991 Οὗτοι
2294 2939 2400 3010 γάρ
2436 2939 2571 2991 εἰσιν
2611 2941 2638 2992 ό
2682 2939 2926 3010 ἀληθινὸς
2985 2941 3224 3012 Ἰσραήλ·
3252 2940 3331 2994 διδ

136 3031 350 3098 ἐλέγετο
379 3032 470 3084 καὶ
496 3030 599 3084 ὑπὸ
623 3028 713 3082 τοῦ
749 3026 1028 3096 Σωτῆρος·
1059 3023 1343 3092 Μακάριοι
1397 3027 1450 3077 οι
1503 3024 1743 3092 καθαροὶ
1775 3024 1847 3095 τῇ
1894 3027 2121 3095 καρδίᾳ,
2175 3029 2264 3082 ὅτι
2323 3032 2486 3085 αὐτοὶ
2525 3032 2632 3086 τὸν
2680 3030 2827 3085 Θεὸν
2871 3031 3146 3100 ὄψονται·
3187 3033 3331 3086 καὶὸ

117 3124 363 3198 Ἰσραὴλ
387 3124 440 3175 δὲ
472 3120 626 3190 ὀρῶν
657 3121 764 3174 τὸν
797 3119 942 3173 Θεὸν
971 3116 1341 3188 ἑρμηνεύεται.

204 3238 324 3290 Ὅτι
346 3239 453 3289 οὐκ
476 3236 644 3289 ἔστιν
676 3233 999 3297 ἀνάνευσις
1035 3232 1102 3284 ὲν
1121 3229 1200 3296 τῷ
1220 3229 1448 3294 θανάτῳ
1466 3229 1682 3298 αὐτῶν,

1859 3231 2018 3287 Vens.
2044 3230 2162 3284 4-9.
2185 3231 2323 3296 Quia
2352 3248 2452 3286 non
2479 3239 2556 3287 est
2583 3239 2840 3300 respectus
2870 3231 3026 3284 morti
3054 3247 3252 3295 eorum,
3281 3240 3336 3287 et

135 3329 230 3381 καί
268 3318 565 3394 στερέωμα
608 3326 677 3377 ἐν
714 3324 788 3392 τῇ
823 3323 1066 3392 μάστιγι
1102 3319 1316 3375 αὐτῶν.
1364 3322 1458 3375 Ἐν
1484 3321 1689 3386 κόποις

135 3405 455 3483 ἀνθρώπειόν
484 3417 592 3468 οὐκ
641 3416 780 3480 εισι,
809 3415 904 3467 καὶ
938 3414 1101 3481 μετὰι
1129 3410 1449 3477 ἀνθρώπων
1481 3414 1552 3466 οὐ
1578 3427 1688 3480 pa-

134 3501 616 3571 στιτωθήσονται.
673 3501 775 3554 Διά
802 3500 972 3553 τοῦτο
1027 3501 1354 3569 ἐκράτησεν
1393 3501 1610 3567 αὐτοὺς
1647 3501 1685 3568 ἡ

135 3592 508 3661 ὑπερηφανία
557 3593 642 3656 εις
683 3590 872 3654 τέλος.
923 3588 1006 3651 Ὠς
1038 3590 1094 3641 ὲν
1129 3590 1335 3660 ἱστορίᾳ
1363 3587 1686 3659 διεξέρχεται

135 3686 200 3739 τὰ
231 3683 535 3755 ταράξαντα
567 3680 728 3734 αὑτοῦ
763 3682 858 3750 τὴν
885 3679 1077 3750 ψυχὴν,
1115 3680 1198 3733 ἵνα
1230 3681 1464 3750 γνῶμεν,
1500 3681 1582 3732 ὅτι
1612 3681 1686 3750 μὴ

136 3779 226 3830 ἐπὶ
254 3779 463 3847 μικροῖς
485 3773 844 3844 ὲσαλεύθησαν
873 3773 1036 3826 αὐτοῦ
1070 3774 1117 3824 οἱ
1148 3772 1301 3836 πόδες
1328 3774 1452 3842 παρ’
1476 3771 1649 3839 ὀλίγον
1668 3788 1679 3800 ’

141 3869 273 3939 μηδὲ
313 3868 405 3920 ἐπὶ
423 3870 530 3928 τοῖς
564 3864 811 3934 τυχοῦσιν
841 3862 1067 3933 ἤμελλον
1097 3861 1284 3915 ἑαυτοῦ
1313 3860 1584 3930 ὲκχεῖσθαι
1616 3858 1685 3911 τά

136 3959 461 4029 διαϐήματα.
490 3956 638 4026 ,Τίνα
666 3956 722 4008 δὲ
753 3950 818 4025 ῆν
841 3953 1046 4018 ταῦτα;
1081 3955 1143 4006 Οἱ
1188 3953 1397 4015 ἀσεῦεῖς
1446 3951 1538 4004 καὶ
1596 3950 1684 4004 τὸν

137 4048 267 4101 Θεὸν
296 4049 392 4100 ούκ
422 4047 638 4109 εἰδότες,
668 4045 828 4109 οὕτω,
862 4043 1044 4112 φησὶν,
1069 4045 1124 4098 ἐν
1155 4042 1435 4112 εὐπαθείᾳ
1464 4041 1683 4110 βίουκαὶ

139 4138 420 4207 θυμηδίαις
466 4137 686 4206 διῆγον,
745 4133 840 4186 καὶ
900 4132 1088 4202 μέχρις
1138 4133 1367 4201 ἐσχάτης
1431 4129 1684 4199 τελευτῆς

137 4227 398 4296 τοσαύτης
435 4226 710 4294 ἀπήλαυσν
752 4225 980 4294 τρυφῆς,
1009 4223 1082 4285 ὼς
1115 4225 1206 4274 καὶ
1248 4221 1403 4274 πάνθ’
1449 4220 1683 4274 ὁντινοῦν

139 4318 390 4384 εῦξασθαι
416 4315 518 4368 τῶν
543 4316 670 4367 ῐσων
699 4316 877 4375 αὐτοῖς
906 4315 1104 4382 τυχεῖν,
1144 4311 1378 4384 ζηλῶσαί
1411 4328 1468 4363 τε
1510 4311 1683 4364 αὐτῶν

138 4411 196 4463 ού
234 4409 388 4480 μόνον
440 4406 534 4476 τὴν
569 4404 728 4475 ζωὴν,
755 4402 886 4457 ἀλλά
913 4405 1003 4456 καλ⁵
1046 4403 1139 4475 ,τὸν
1179 4402 1425 4466 θάνατον,
1467 4401 1525 4454 ὃν
1564 4402 1682 4454 οὐδὲ

140 4499 564 4570 παραιτήσασθαι
581 4497 702 4566 ὲξῆν
724 4496 842 4549 οὐδὲ
856 4495 1121 4547 ἀπευκτὸν
1149 4493 1473 4564 ἡγήσασθαι.
1501 4493 1684 4556 Οὕτως

140 4593 235 4646 οὐκ
269 4587 334 4662 ἦν
390 4590 669 4650 ἀνάνευσις
703 4589 756 4640 ὲν
802 4586 877 4655 τῷ
907 4586 1117 4656 θανάτῳ
1151 4586 1344 4638 αὐτῶν.
1389 4585 1545 4638 Ἀλλά
1590 4587 1682 4638 καὶ
1715 4581 1757 4635 D

136 4688 186 4737 ει
219 4683 408 4754 συνέϐη
468 4683 593 4735 ποτὲ
647 4681 864 4751 μάστιγι
895 4679 987 4732 καί
1021 4677 1220 4748 πληγῇ,
1247 4677 1488 4729 τουτέστι
1529 4694 1681 4748 περι-

142 4776 319 4828 στάσει
365 4774 455 4826 καὶ
505 4772 752 4843 συμφορᾷ
793 4771 1101 4842 περιπεσεῖν
1139 4767 1313 4821 αὐτῶν
1367 4784 1506 4830 τινα,
1554 4765 1585 4836 ἢ
1625 4769 1682 4819 ὲν

140 4868 309 4929 νόσοις
338 4865 683 4934 ἐξετασθῆναι
712 4863 805 4916 καὶ
825 4860 1065 4933 ζημίαις,
1088 4862 1187 4913 οὐκ
1214 4855 1280 4930 ἦν
1316 4859 1595 4929 στερέωμα
1626 4861 1682 4911 ἑν

139 4959 203 5028 τῇ
233 4959 447 5027 μάστιγι
477 4957 672 5009 αὐτῶν.
710 4955 783 5009 Οὐ
807 4953 912 5024 γὰρ
943 4953 1134 5023 στερεά
1167 4968 1246 5013 τις
1275 4944 1342 5019 ἦν
1364 4949 1457 5002 καὶ
1490 4950 1682 5018 ἐπίμο-

141 5063 224 5110 νος
244 5049 278 5116 ἡ
309 5051 424 5100 κατ’
458 5047 634 5102 αὐτῶν
663 5047 839 5117 πληγή
863 5063 875 5073 ·
911 5044 1129 5115 βραχεῖα
1155 5042 1209 5094 δέ
1230 5057 1308 5102 τις
1349 5038 1440 5092 καὶ
1473 5038 1535 5102 ἐξ
1562 5041 1680 5092 ἐπι-

141 5136 302 5205 πολῆς
330 5139 762 5209 παρατρέχουσα.
808 5135 936 5188 Οὐδὲ
968 5136 1025 5186 ἐν
1054 5133 1240 5193 κόποις
1277 5130 1331 5181 δὲ
1357 5127 1680 5200 ’ἀνθρώπων

132 5225 470 5297 «ἐξητάζοντο,
497 5227 891 5295 γεωπονοῦντες
920 5226 1013 5278 καὶ
1032 5223 1126 5294 τὴν
1144 5219 1342 5291 τροφὴν
1363 5219 1467 5272 ἀπὸ
1486 5221 1679 5291 χειρῶν

145 5317 494 5389 ποριζόμενοι,
543 5318 699 5387 πενίᾳ
741 5335 799 5371 τε
849 5313 1328 5387 κατατρυχόμενοι·
1379 5311 1679 5365 τούναντίον

146 5411 194 5464 Et
217 5408 421 5477 πλούτῳ
435 5407 843 5478 περιρῤεόμενοι
861 5402 1268 5476 καθηδυπάθουν
1290 5401 1674 5470 ἐντρυφῶντες,

142 5502 229 5554 καὶ
258 5499 413 5570 μηδὲν
441 5499 618 5568 ὅμοιον
655 5498 946 5566 πάσχοντες
976 5497 1086 5557 τοῖς
1129 5493 1326 5554 λοιποῖς
1379 5493 1676 5564 ἀνθρώποις

141 5594 244 5651 τοῖς
274 5587 671 5657 μαστιζομένοις
703 5586 933 5654 ἑκάστης
977 5577 1184 5652 ἡμέρας
1212 5581 1277 5632 δι’
1299 5581 1550 5635 ἐπιπόνου
1585 5588 1678 5642 καὶ

145 5679 404 5750 μοχθηροῦ
447 5678 579 5745 βίου.
631 5676 726 5730 Διὸ
752 5677 820 5730 ἐν
855 5676 1016 5737 κόπῳ
1044 5670 1358 5739 ἀνθρώπων
1394 5675 1503 5741 οὐκ
1535 5677 1674 5737 εἰσὶ,

196 5832 238 5865 ⁶⁹
270 5833 454 5892 Matth.
488 5855 536 5908 ν,
569 5839 620 5892 8.

1789 3326 2170 3395 ﬁrmamentum
2201 3325 2256 3377 in
2285 3323 2441 3393 plaga
2475 3325 2726 3392 ipsorum.
2760 3321 2827 3376 In
2858 3323 3125 3376 laboribus
3162 3323 3331 3377 homi-

1788 3433 1910 3470 num
1943 3433 2044 3471 non
2072 3424 2195 3469 sunt
2222 3424 2271 3468 et
2305 3431 2421 3467 cum
2447 3414 2745 3468 hominibus.
2773 3430 2874 3467 non
2905 3413 3329 3482 ﬂagellabantur.

1789 3504 1913 3559 Ideo
1939 3506 2100 3558 tenuit
2121 3521 2203 3557 eos
2229 3503 2468 3571 superbia
2490 3503 2542 3555 in
2567 3503 2740 3571 finem.
2777 3499 3021 3555 Historize
3052 3516 3198 3556 more
3213 3517 3332 3572 qua:

1787 3596 2022 3650 animam
2072 3595 2291 3648 turbant
2337 3607 2488 3647 suam
2542 3599 2779 3654 enarrat,
2829 3591 3172 3646 utsciamus
3223 3607 3332 3646 non

1787 3702 1952 3756 parva
1979 3687 2049 3740 de
2080 3700 2245 3740 causa
2277 3699 2411 3754 pene
2442 3690 2740 3737 commotus
2784 3681 2903 3750 ejus
2937 3682 3119 3751 pedes,
3149 3674 3329 3750 neque

1784 3778 1854 3831 ob
1887 3792 1975 3831 res
2001 3778 2152 3846 parvi
2185 3777 2443 3832 momenti
2495 3791 2629 3846 pene
2677 3772 2872 3830 effusos
2901 3787 3120 3843 gressus
3154 3773 3328 3841 ipsius

1784 3867 1972 3923 fuisse.
2026 3869 2282 3933 Quanam
2335 3869 2425 3921 illa
2474 3867 2668 3941 erant?
2702 3866 2875 3935 lmpii,
2928 3864 3120 3934 inquit,
3151 3873 3203 3918 et
3233 3867 3328 3934 qui

1785 3959 1950 4013 Deum
1981 3975 2088 4012 non
2119 3965 2334 4019 norant,
2366 3967 2474 4011 tam
2515 3957 2656 4012 felici
2690 3958 2809 4010 vita:
2839 3951 3090 4020 decursu,
3149 3963 3328 4024 tants-

1784 4063 1887 4117 que
1945 4049 2216 4117 voluptate
2252 4045 2540 4115 degebant,
2602 4055 2654 4100 et
2689 4059 2860 4115 usque
2907 4045 2974 4099 ad
3026 4053 3328 4112 extremum

1769 4141 1904 4195 vitae
1951 4139 2176 4192 halitum
2227 4144 2306 4191 tot
2348 4135 2556 4196 deliciis
2579 4137 2915 4200 fruebantur,
2942 4145 3000 4190 ut
3030 4153 3185 4192 nemo
3213 4152 3322 4191 non

1783 4238 1990 4300 optaret
2033 4230 2182 4293 paria
2217 4221 2498 4299 consequi,
2528 4245 2588 4283 ac
2619 4244 2724 4283 non
2754 4229 2926 4282 solum
2955 4225 3078 4281 vita:
3109 4243 3323 4293 eorum,

1784 4321 1877 4377 sed
1912 4322 2074 4376 etiam
2126 4321 2282 4375 morti
2333 4320 2616 4384 invideret,
2683 4321 2775 4374 tali
2821 4321 3045 4383 scilicet,
3107 4319 3320 4387 qualem

1784 4415 2019 4467 abnuere
2048 4427 2110 4466 ac
2142 4413 2462 4466 horrendam
2507 4419 2696 4480 putare
2720 4410 2920 4463 nemini
2969 4410 3170 4462 liceret.
3231 4405 3322 4461 Sic

1783 4521 1889 4558 non
1937 4512 2056 4559 erat
2102 4513 2382 4573 respectus
2435 4501 2592 4554 morti
2646 4513 2851 4553 eorum.
2916 4496 3022 4552 Sed
3079 4499 3240 4553 etiam
3273 4498 3320 4552 si

1781 4596 1999 4664 quando
2028 4597 2360 4664 contingeret
2393 4605 2581 4646 eorum
2611 4591 2842 4658 aliquem
2898 4589 2952 4643 in
3009 4589 3213 4657 plagam
3268 4597 3322 4668 et

1787 4687 2076 4758 flagellum,
2113 4686 2359 4740 videlicet
2385 4683 2438 4735 in
2460 4695 2752 4735 aerumnam
2777 4689 2829 4734 et
2852 4681 3208 4738 calamitatem
3240 4681 3322 4734 in-

1783 4775 1992 4840 cidere;
2027 4777 2139 4829 sive
2172 4772 2356 4826 morbo
2390 4769 2522 4824 allici
2552 4771 2635 4824 vel
2662 4769 3007 4832 detrimento,
3053 4786 3159 4825 non
3208 4780 3321 4824 erat

1783 4865 2175 4918 firmamentum
2225 4862 2276 4916 in
2338 4862 2490 4932 plaga
2544 4862 2805 4931 ipsorum.
2841 4859 2956 4914 Non
2989 4863 3128 4914 enim
3162 4859 3320 4912 firma

1782 4968 2210 5026 permanensque
2240 4954 2364 5008 talis
2399 4953 2639 5024 ipsorum
2663 4952 2814 5022 plaga
2844 4958 2988 5017 erat;
3028 4950 3118 5005 sed
3142 4944 3319 5004 brevis

1782 5046 2227 5117 superficiemque
2267 5047 2493 5116 carptim
2533 5047 2819 5116 attingens.
2848 5043 3031 5112 Neque
3077 5043 3208 5095 item
3262 5041 3319 5095 in

1781 5137 2052 5193 laboribus
2106 5137 2383 5192 hominum
2428 5138 2800 5201 versabantur,
2830 5142 3027 5190 terram
3070 5131 3316 5200 colendo,

1780 5231 1862 5287 vel
1901 5228 2151 5286 manibus
2178 5231 2379 5284 victum
2413 5229 2684 5298 parando;
2724 5244 2830 5283 non
2854 5224 3106 5298 pauperie
3135 5222 3316 5278 amicti

1779 5329 1965 5389 erant;
1988 5337 2172 5378 verum
2197 5337 2228 5376 e
2267 5321 2538 5375 contrario
2569 5320 2769 5376 divitiis
2806 5318 3101 5376 afﬂuentes,
3138 5315 3191 5369 in
3224 5314 3318 5369 de-

1779 5415 1933 5470 licias
1964 5413 2436 5482 immergebantur,
2467 5411 2709 5482 nihilque
2738 5408 3078 5480 patiebantur
3107 5415 3162 5459 ut
3194 5406 3316 5459 reli—

1777 5506 1868 5576 qui
1891 5490 2162 5567 homines,
2187 5503 2276 5572 qui
2314 5502 2554 5572 quotidie
2603 5501 2866 5556 laboriosa
2908 5511 3317 5564 :erumnosaque

1777 5595 1882 5647 vita
1939 5599 2297 5646 macerantur.
2356 5590 2534 5656 Quare
2581 5593 2634 5644 in
2695 5589 2867 5642 labore
2913 5588 3178 5641 hominum
3215 5602 3315 5638 non

1776 5692 1916 5750 sunt,
1945 5691 1994 5736 et
2017 5698 2132 5735 cum
2153 5679 2442 5736 hominibus
2476 5698 2576 5736 non
2608 5680 3030 5756 ﬂagellabantur.
3070 5677 3316 5748 Symma-
