3950 6342
641 507 645 511 ν
685 441 787 495 εδο

1391 439 1655 498 EUSEBII
1688 443 2154 501 CESARIENSIS
2186 443 2336 499 OPP.
2372 443 2550 500 PARS
2587 445 2671 500 ill.
2702 478 2771 489 -κ
2802 448 3208 506 EXEGETICA.

3768 458 3849 512 840

682 556 817 611 chus
842 561 1020 608 autem
1063 553 1139 607 sic
1173 550 1560 624 interpretatus
1581 563 1665 611 est
1698 576 1711 610 ε
1740 556 1879 623 Quia
1900 574 2002 611 non
2025 559 2215 627 cogita-

2328 559 2423 612 καὶ
2460 560 2609 626 μετὰ
2652 560 2972 625 ἀνθρώπων
3002 562 3073 617 οὐ
3109 563 3675 631 μαστιγωθήσονται.
3721 567 3771 619 '0
3807 569 3848 622 δὲ

681 648 807 700 bant
834 647 896 699 de
917 642 1127 699 morte:
1153 645 1309 715 ﬁrma
1338 662 1556 715 namque
1584 658 1731 701 erant
1753 648 2004 703 vestibula
2022 666 2230 714 eorum;

682 752 744 790 ac
765 737 1021 813 deinceps
1048 755 1059 789 :
1082 734 1147 789 In
1172 737 1405 799 miseria,
1425 737 1621 807 inquit,
1643 740 1743 792 viri
1760 755 1860 793 non
1878 748 2047 801 erant,
2073 756 2232 811 neque

680 844 795 879 cum
820 827 1116 881 hominibus
1165 828 1607 895 percutiebantur.
1642 828 1780 896 Quia
1811 831 1976 901 igitur
2030 833 2124 886 tali
2174 833 2230 886 in

678 917 988 973 conditione
1019 927 1197 983 erant,
1228 920 1343 971 ideo
1370 920 1534 973 tenuit
1560 921 1936 987 eosrsuperbia.
1969 922 2102 977 Cum
2134 939 2231 991 par

678 1010 872 1066 fuisset
904 1011 1070 1073 enim,
1104 1018 1161 1065 ut
1211 1012 1289 1066 illi
1331 1029 1455 1069 vere
1510 1014 1680 1084 impii,
1710 1017 2007 1070 secundum
2042 1017 2230 1069 Imma-

675 1116 802 1155 num
832 1102 1103 1171 cogitandi
1134 1118 1360 1169 morem,
1393 1105 1691 1177 condignas
1719 1106 2088 1176 impietatihus
2116 1123 2230 1177 poe-

674 1206 773 1245 nas
808 1192 1049 1255 luerent;
1100 1192 1177 1246 illi
1222 1202 1369 1247 certe
1400 1195 1456 1247 in
1486 1194 1693 1251 deliciis
1722 1197 1847 1251 vitm
1874 1197 2231 1252 versabantur

674 1280 802 1334 dum
841 1280 950 1335 Deo
984 1282 1181 1337 bellum
1210 1290 1511 1339 moverent.
1551 1284 1731 1351 Quare
1771 1287 1897 1342 dum
1933 1295 2228 1342 attereren—

674 1377 763 1424 tur
793 1372 986 1441 seipsis
1015 1372 1228 1447 pejores
1257 1374 1578 1439 evadebant,
1604 1385 1654 1429 et
1703 1380 1866 1445 operti
1890 1386 2008 1431 sunt
2032 1379 2198 1447 iniqui
2209 1407 2228 1418 -

675 1468 778 1512 tate
811 1470 859 1514 et
888 1446 1307 1529 impietate'sua;
1340 1479 1438 1533 pro
1471 1481 1579 1535 quo
1599 1457 1955 1537 Symmachus
1984 1487 1997 1522 :
2034 1446 2227 1537 Super-

673 1549 781 1613 bia,
816 1551 1011 1621 inquit,
1049 1553 1222 1605 induti
1252 1563 1392 1618 sunt,
1424 1558 1578 1624 quasi
1606 1558 1794 1610 horrea
1838 1573 1901 1610 ea:
1946 1558 2225 1628 iniquitate

672 1642 935 1711 habentes.
971 1643 1049 1698 Ad
1084 1644 1197 1699 haec
1254 1654 1431 1701 autem
1466 1668 1477 1702 :
1514 1648 1759 1704 Prodibit
1786 1653 1939 1721 quasi
1981 1668 2045 1706 ea:
2075 1651 2225 1719 adipe

671 1732 921 1801 iniquitas
952 1750 1150 1788 eorum.
1192 1733 1362 1805 Cujus
1399 1738 1503 1793 loci
1541 1741 1826 1796 clariorem
1861 1743 2054 1797 extulit
2087 1757 2227 1799 sen-‘

669 1826 890 1879 tentiam
912 1823 1270 1897 Symmachus
1297 1827 1381 1883 his
1404 1831 1584 1885 verbis
1611 1850 1623 1886 :
1654 1831 1999 1886 Prociderunt
2014 1849 2079 1887 ea:
2101 1836 2223 1903 pin-

666 1917 885 1987 guedine
913 1920 1052 1972 oculi
1082 1935 1261 1974 eorum
1300 1921 1587 1977 :similiter
1613 1923 1810 1992 Aquila
1840 1929 2225 1997 interpretatus

666 2018 753 2065 est
784 2009 975 2066 dicens
1012 2028 1026 2065 :
1060 2009 1319 2065 Exierunt
1350 2012 1414 2065 ab
1446 2012 1596 2082 adipe
1623 2016 1761 2069 oculi
1784 2033 1986 2071 eorum.
2015 2020 2224 2076 Praeter

667 2104 781 2161 haec
822 2106 1031 2184 inquit:
1072 2105 1414 2160 Transierunt
1441 2107 1497 2161 in
1539 2110 1781 2177 affectum
1813 2111 1984 2166 cordis
2023 2130 2039 2165 :
2079 2095 2223 2184 cogi-

668 2206 905 2251 taverunt
928 2178 984 2251 el
999 2197 1161 2251 locuti
1192 2207 1313 2251 sunt
1345 2199 1398 2251 in
1428 2200 1744 2269 iniquitate:
1778 2218 1896 2272 qua:
1935 2204 2015 2259 sic
2051 2178 2221 2261 inter-

667 2296 912 2357 pretatur
944 2286 1302 2359 Symmachus
1332 2309 1344 2344 :
1377 2290 1747 2364 Prwtergressi
1772 2300 1893 2349 sunt
1916 2314 2031 2367 qua:
2061 2313 2221 2368 appa-

668 2381 873 2441 rebant,
915 2380 1069 2433 corde
1120 2380 1416 2436 irridentes.
1448 2383 1582 2437 Nam
1626 2385 1743 2454 ipsa
1774 2401 1937 2455 opera
1968 2387 2061 2443 Dei
2100 2406 2221 2459 qua:

668 2473 908 2526 omnium
941 2473 1115 2528 oculis
1145 2474 1580 2545 conspiciuntur,
1614 2486 1665 2531 et
1717 2487 1899 2547 aperta
1930 2480 2221 2550 providen-

666 2564 756 2620 tiae
785 2564 1048 2619 miracula
1081 2566 1665 2636 prattergrediebantur
1704 2588 1716 2622 :
1755 2566 2085 2627 cumtamen
2115 2573 2219 2643 ipsi

664 2671 730 2711 ea
764 2656 1128 2727 intelligerent
1156 2665 1212 2713 et
1245 2668 1535 2729 caperent;
1592 2662 1684 2715 sed
1710 2662 1779 2716 ob
1827 2664 2073 2717 stultitia:
2109 2665 2217 2719 vim

665 2748 963 2804 illudebant
992 2757 1046 2804 et
1069 2749 1392 2806 irridebant.
1423 2751 1647 2823 Insuper
1676 2753 1840 2807 locuti
1869 2764 1991 2809 sunt
2026 2757 2079 2808 in
2104 2772 2219 2808 ma-

662 2838 802 2904 litia,
826 2853 876 2894 et
905 2841 1231 2911 iniquitatem
1257 2845 1311 2898 in
1338 2845 1602 2897 excelsum
1628 2843 1788 2897 loculi
1831 2854 1972 2899 sunt.
2010 2845 2216 2920 Posue-

663 2940 785 2984 runt
808 2930 859 2983 in
892 2930 1079 2984 calum
1111 2949 1167 2986 os
1192 2949 1365 2995 suum,
1395 2939 1443 2985 et
1469 2932 1647 3001 lingua
1675 2950 1855 2987 eorum
1892 2935 2134 2990 transivit
2166 2936 2219 2989 in

663 3030 822 3075 :erra.
868 3019 994 3077 Haec
1022 3038 1190 3092 porro
1220 3022 1579 3093 Symmachus
1622 3025 1699 3077 sic
1746 3025 2037 3095 explicavit
2067 3046 2091 3081 :t
2116 3026 2220 3082 Lo-

660 3115 949 3183 quebanlur
968 3114 1099 3166 cum
1133 3112 1303 3165 multa
1328 3113 1619 3179 calumnia,
1654 3122 1838 3169 contra
1860 3115 2118 3171 excelsum
2141 3118 2218 3171 lo-

660 3204 970 3275 quebantur.
1026 3199 1324 3260 Pos'uerunt
1354 3208 1409 3259 in
1448 3205 1633 3260 calum
1668 3224 1724 3262 os
1770 3225 1923 3263 suum
1967 3224 1986 3262 :

660 3306 835 3351 autem
874 3314 1052 3353 eorum
1081 3298 1530 3353 obambulationes
1580 3299 1636 3353 in
1691 3310 1853 3355 terra.
1890 3301 2211 3371 Blasphema

659 3389 859 3460 quippe
906 3390 1050 3446 dicta
1094 3391 1433 3462 proferentes
1460 3399 1653 3446 contra
1689 3391 1879 3459 Deum,
1909 3392 2211 3463 quasinon

659 3482 881 3545 videret,
910 3498 1083 3553 neque
1111 3492 1356 3551 curaret;
1380 3484 1490 3539 imo
1536 3484 1693 3554 quasi
1719 3485 1946 3538 omnino
1974 3499 2083 3539 non
2117 3500 2213 3539 ex-

658 3571 893 3635 sisteret.
946 3574 1289 3644 iniquitatem
1323 3576 1380 3629 in
1431 3576 1706 3631 excelsum
1740 3575 1909 3630 locuti
1945 3582 2094 3640 sunt,
2148 3591 2212 3631 ac

656 3678 838 3734 usque
871 3665 947 3720 ad'
980 3668 1178 3720 coelum
1211 3682 1272 3723 os
1307 3682 1463 3722 suum
1492 3667 1889 3736 extenderunt;
1944 3669 2047 3724 etsi
2077 3670 2211 3727 viles

655 3762 912 3811 essentet
940 3755 1179 3828 linguam
1203 3772 1357 3812 suam
1385 3758 1438 3811 in
1461 3765 1605 3811 terra
1626 3757 1906 3813 haberent.
1932 3757 2056 3815 Haec
2078 3775 2209 3817 sane

656 3857 783 3901 sunt
816 3863 1046 3918 quorum
1078 3864 1245 3905 causa
1274 3864 1451 3904 meam
1480 3848 1651 3905 fateor
1700 3848 2104 3919 inﬁrmitatem;
2144 3868 2208 3907 ac

655 3936 802 3990 velut
833 3938 887 3991 in
931 3938 1089 4009 cippo
1124 3938 1526 3994 accusationem
1576 3938 1818 3995 inscribo
1851 3955 2046 4006 meam,
2079 3944 2207 4012 quia

653 4041 779 4095 pene
809 4030 937 4082 moti
958 4040 1079 4083 sunt
1106 4031 1255 4099 pedes
1281 4032 1400 4095 mei,
1433 4040 1481 4084 et
1516 4046 1643 4101 pene
1669 4031 1825 4103 effusi
1848 4043 1971 4087 sunt
1996 4052 2206 4105 gressus

657 4117 775 4181 mei,
831 4119 955 4189 quia
1003 4120 1168 4173 zelavi
1212 4136 1366 4187 super
1402 4121 1629 4189 iniquos,
1668 4137 1847 4190 pacem
1877 4136 2207 4193 peccatorum

653 4210 850 4265 uidens.

2334 650 2624 720 Σύμμαχος
2639 651 2805 713 οὕτως
2823 653 3160 723 ὴρμήνευσεν
3176 669 3189 682 ο
3205 654 3333 706 Ὅτι
3353 656 3463 707 οὐκ
3477 655 3845 726 ἐνεθυμοῠντο,

2332 744 2463 810 περὶ
2486 743 2743 798 θανάτου
2763 761 2775 771 ’
2815 746 3023 811 στερεὰ
3046 745 3157 814 τὰρ
3173 741 3253 816 ἦν
3274 745 3347 798 τὰ
3369 747 3646 813 πρόπυλα
3668 749 3844 802 αὐτῶνθ

2331 835 2601 909 καὶ-ἑξῆς·
2638 837 2732 889 Ἐν
2766 827 3146 905 ταλαιπωρῖᾳ,
3177 837 3359 907 φησιν,
3383 836 3599 904 ἀνδρὸς
3631 843 3730 893 οὐκ
3750 843 3846 908 ἐγέ-

2332 944 2528 990 νοντο,
2576 927 2716 981 οὐδὲ
2740 928 2887 996 μετά
2932 926 3253 999 ἀνθρώπων
3282 926 3685 992 ἐπλήσσοντο.
3724 931 3845 983 Ἐπεὶ

2329 1015 2420 1073 οὖν
2452 1020 2507 1070 ὲν
2538 1018 2791 1081 τοιούτοις
2826 1014 2983 1088 ἦσαν,
3009 1018 3105 1071 διὰ
3127 1017 3299 1071 τοῦτο
3319 1016 3645 1084 ἐκράτησεν
3665 1021 3845 1085 αὐτοὺς

2328 1110 2367 1177 ἠ
2417 1109 2805 1177 ὑπερηφανία.
2858 1110 2987 1161 Δέον
3019 1108 3126 1180 γὰρ
3174 1108 3385 1171 ἀσεϐεῖς
3442 1108 3631 1171 ὄντας,
3673 1110 3777 1161 ὅσον
3802 1113 3845 1163 ἐν

2330 1199 2683 1271 ἀνθρωπίνοις
2715 1198 3008 1267 λογισμοῖς,
3039 1199 3328 1269 τάπίχειρα
3366 1198 3593 1267 πάσχειν
3616 1201 3721 1277 ,τοῖς
3746 1200 3846 1253 ἀσε-

2329 1290 2592 1362 ϐήμασιν·
2626 1291 2675 1342 οί
2702 1289 2757 1342 δὲ
2786 1288 3196 1360 κατενετρύφων
3211 1289 3302 1342 τοῦ
3326 1289 3441 1359 βίου
3471 1288 3841 1359 θεομαχοῦντες.

2327 1385 2402 1433 Δι’
2438 1382 2464 1434 ὃ
2502 1382 2897 1452 ὲπιτριϐόμενοι
2943 1381 3157 1453 χείρους
3198 1382 3401 1434 ἑαυτῶν
3450 1383 3737 1450 ἐγίγνοντο,
3770 1384 3846 1435 καὶ
3924 1381 3925 1435 ξ

2326 1472 2741 1540 περιεϐάλοντο
2813 1472 3050 1526 ἀδικίαν
3116 1475 3212 1525 καὶ
3282 1471 3561 1525 ἀσέϐειαν
3622 1472 3839 1527 ἑαυτῶν·

2295 1564 2440 1616 ἀνθ’
2468 1559 2527 1618 οῦ
2564 1565 2589 1615 ὁ
2627 1564 2943 1634 Σύμμαχος·
2980 1564 3435 1632 Ὑπερηέρανίαν,⁸
3453 1565 3631 1632 φησὶν,
3662 1564 3843 1632 ὴμςριώ-

2325 1672 2534 1718 σαντο,
2581 1654 2889 1720 ἀποθήκας
2927 1655 2994 1719 ἐξ
3042 1654 3273 1720 ἀδικίας
3304 1656 3563 1721 ἔχοντες.
3608 1655 3716 1706 ’Ἔτι
3761 1654 3842 1725 μὴν

2326 1746 2459 1819 πρὸς
2479 1745 2706 1808 τούτοις·
2754 1746 3166 1807 Ἐξελεύσεται
3205 1747 3283 1811 ὡς
3314 1745 3381 1798 ἐκ
3410 1746 3651 1810 στέατος
3680 1745 3713 1810 ἠ
3741 1745 3841 1798 an.

2327 1838 2427 1890 κία
2462 1835 2686 1889 αὐτῶν·
2723 1831 2782 1889 οῦ
2810 1835 2873 1905 δὴ
2902 1835 3238 1907 σαφεστέραν
3268 1838 3296 1888 ὁ
3326 1835 3613 1907 Σύμμαχος
3636 1836 3841 1889 ἀπέδωκε

2324 1931 2422 1999 τὴν
2460 1929 2692 1982 διάνοιαν
2719 1927 2914 1981 εἰπών·
2947 1927 3317 1995 Προέπιπτον
3338 1928 3457 1982 ἀπὸ
3491 1928 3841 1995 λιπαρότητος
3924 1926 3925 1997 ξ

2322 2025 2375 2074 οἱ
2403 2018 2937 2089 όφθαλμοὶάὺτῶν
2969 2019 3063 2072 καὶ
3080 2020 3107 2072 ὁ
3138 2018 3363 2081 Ἀκύλας
3389 2019 3446 2071 δὲ
3472 2019 3666 2088 ὁμοίως
3690 2018 3839 2088 ἠρμή-
3924 2030 3925 2077 3

2323 2130 2474 2166 νευσε
2500 2113 2702 2181 φήσας·
2739 2109 3024 2177 Ἐξῆλθον
3042 2109 3158 2164 ἀπὸ
3186 2109 3434 2176 στέατος
3453 2110 3729 2178 ὀφθαλμοί
3757 2110 3839 2159 αὐ-

2318 2205 2452 2260 τῶν,
2492 2202 2603 2258 Εἶτ’
2641 2205 2733 2257 ἐπὶ
2776 2203 3013 2265 τούτοιςο
3042 2202 3397 2268 Διήλθοσαν,
3434 2202 3615 2271 φησιν,
3645 2204 3723 2265 εἰς
3743 2198 3839 2251 διάο

2320 2297 2489 2348 θεσιν
2517 2291 2778 2362 καρδίας,
2832 2292 3232 2359 διενοήθησαν
3292 2291 3389 2343 καὶ
3445 2290 3741 2356 ἐλάλησαν
3786 2290 3837 2341 ἐν
3924 2278 3925 2341 ἶ

2319 2386 2599 2452 πονηρίᾳο
2636 2384 2672 2439 ἃ.
2696 2385 2789 2437 καὶ
2824 2383 2960 2437 αὐτὰ
3009 2384 3036 2436 ὁ
3072 2381 3361 2453 Σύμμαχος
3412 2382 3738 2452 ἡρμήνευσεν
3766 2378 3837 2430 οὖν
3924 2384 3925 2431 Ῐ

2317 2496 2423 2531 τωο
2461 2460 2823 2545 Παρέϐαινον
2860 2477 2930 2529 τὰ
2968 2477 3293 2544 φαινόμενα
3325 2471 3399 2542 τῇ
3463 2471 3665 2539 καρδίᾳ
3699 2486 3837 2524 κατα-

2311 2568 2673 2638 μωκώμενοι.
2727 2567 2835 2620 Καὶ
2880 2565 2987 2637 γὰρ
3019 2565 3156 2618 αὐτὰ
3198 2566 3266 2619 τὰ
3295 2568 3407 2628 τοῖς
3440 2566 3648 2619 πάντων
3674 2562 3837 2631 ὀφθαλ-

2320 2663 2439 2730 μοῖς
2475 2660 2725 2731 ὁρώμενα
2758 2658 2891 2730 ἔργα
2936 2657 3027 2710 τοῦ
3068 2656 3223 2720 Θεοῦ,
3258 2658 3351 2711 καὶ
3390 2656 3458 2710 τὰ
3502 2655 3735 2727 προφανῆ
3760 2654 3837 2722 τῆς

2318 2752 2575 2821 Προνοίας
2625 2750 2873 2820 θαύματα
2922 2750 3244 2822 παρέϐαινον
3293 2743 3457 2813 οῦτοι,
3506 2748 3732 2809 νοοῦντες
3756 2745 3833 2814 μὲν
3924 2766 3925 2769 η

2319 2844 2414 2897 καὶ
2439 2843 2705 2905 συνιέντες
2724 2842 2879 2905 αὐτὰ,
2914 2841 3375 2913 καταμωκώμενοι
3398 2840 3455 2893 δὲ
3476 2841 3568 2892 καὶ
3592 2837 3837 2908 χλευάζον-

2317 2950 2407 2997 τες
2427 2932 2490 2984 δι’
2523 2931 2821 3002 ὑπερϐολὴν
2862 2933 3133 2993 ἀπονοίας,
3176 2933 3296 2984 Ἔτι
3327 2931 3431 3001 μὴν
3451 2929 3749 2997 ἐλάλησαν
3784 2927 3837 2979 ἐν

2320 3024 2591 3093 πονηρίᾳ,
2639 3023 2737 3076 καὶ
2789 3022 3025 3075 ἀδικίαν
3062 3026 3149 3087 είς
3194 3022 3257 3074 τὸ
3302 3022 3461 3089 ὕψος
3501 3021 3834 3090 ἐφθέγγοντο.
3924 3044 3925 3047 π

2321 3118 2566 3173 Ἕθεντό
2595 3132 2657 3169 τε
2704 3117 2789 3181 είς
2821 3115 3078 3184 οίιρανὸν
3114 3112 3176 3166 τὸ
3220 3115 3414 3181 στόμα
3451 3112 3667 3176 αὐτῶν,
3695 3112 3837 3176 καὶὴ
3924 3138 3925 3179 ῖ

2036 3204 2213 3281 lingua
2240 3226 2281 3282 α
2314 3209 2565 3279 γλῶσσα
2614 3207 2809 3262 αὐτῶν
2846 3208 3093 3276 διῆλθεν
3127 3205 3223 3258 ἐπὶ
3253 3203 3362 3273 τῆς
3399 3204 3531 3274 γῆς.
3569 3205 3672 3257 Καὶ
3699 3202 3837 3255 ταῦτα

2315 3303 2371 3356 δὲ
2421 3304 2447 3355 ὁ
2498 3300 2791 3372 Σύμμαχος
2835 3299 3003 3362 οὕτως
3052 3299 3418 3370 ἡρμήνευσεν·
3480 3294 3751 3350 Ἑλάλουν
3781 3294 3837 3347 ἐν

2314 3389 2513 3459 πολλῇ
2539 3391 2926 3459 συκοφαντίᾳ,
2941 3390 3043 3443 τοῦ
3059 3390 3253 3456 ὕψους
3269 3385 3655 3440 κατελαλουν.
3666 3385 3840 3438 Ἔτασ-

2315 3498 2430 3537 σον
2440 3486 2528 3548 εἰς
2545 3483 2801 3552 οὐρανὸν
2816 3482 2877 3535 τὸ
2896 3482 3087 3550 στόμα
3101 3479 3296 3534 αὐτῶν
3314 3494 3325 3507 °
3342 3480 3380 3545 ἡ
3406 3478 3475 3532 δὲ
3494 3478 3729 3549 γλῶσσα
3752 3477 3835 3529 αὐ-

2315 3574 2431 3629 τῶν
2456 3574 2899 3643 περιπατήματα
2935 3574 3004 3627 ὲν
3031 3571 3106 3641 τῇ
3139 3571 3235 3641 γῇ.
3276 3571 3573 3643 Βλάσφημα
3601 3571 3701 3642 γὰρ
3732 3585 3833 3641 προ-

2315 3667 2599 3738 φερόμενοι
2628 3668 2845 3738 ρήματα
2910 3664 3049 3718 κατὰ
3074 3664 3167 3716 τοῦ
3190 3663 3348 3726 Θεοῦ,
3378 3663 3454 3727 ὡς
3480 3665 3612 3734 μήτε
3638 3660 3835 3733 ὁρῶντος

2315 3762 2451 3832 μήτε
2505 3757 2953 3819 ἐπισκοποῦντας,
3014 3757 3149 3825 μήτε
3198 3754 3303 3824 μὴν
3344 3755 3464 3808 ὅλον
3520 3754 3832 3824 ὑπάρχοντος.

2313 3854 2520 3907 ἀδικίαν
2543 3855 2621 3914 είς
2643 3851 2703 3904 τὸ
2734 3849 2865 3918 ὕψος
2890 3846 3175 3917 ἐλάλησαν,
3204 3846 3297 3898 καὶ
3329 3846 3492 3918 μέχρι
3524 3845 3612 3899 τοῦ
3643 3841 3833 3913 ούρανοῦ

2313 3944 2571 4010 ὲξέτεινον
2604 3941 2809 3996 ἑαυτῶν
2827 3939 2887 3992 τὸ
2918 3938 3109 4009 στόμα·
3140 3938 3237 3990 καῖ
3258 3937 3433 3991 ταῦτα
3459 3938 3691 3991 ταπεινοὶ
3710 3934 3833 3995 ὄντες

2313 4038 2403 4091 καὶ
2422 4038 2516 4107 τὴν
2546 4034 2791 4104 γλῶσσαν
2823 4031 2915 4083 ἐπὶ
2949 4032 3049 4101 τῆς
3088 4031 3191 4101 γῆς
3237 4030 3467 4102 ἔχοντες.
3503 4028 3659 4084 Ταῦτ’
3696 4023 3754 4098 ἦν
3779 4024 3831 4077 δι’

2260 4134 2261 4137 “
2310 4129 2345 4183 ἃ
2376 4128 2683 4199 ὡμολόγουν
2718 4123 2778 4177 τὸ
2820 4123 3055 4195 ἐμαυτοῦ
3089 4120 3276 4186 πάθος,
3314 4123 3432 4176 κατ’
3467 4118 3695 4192 ἐμαυτοῦ
3734 4134 3831 4185 στη-

2310 4221 2530 4274 λιτεύων
2562 4218 2832 4289 ἔγγραφον
2866 4216 3213 4287 κατηγορίαν,
3242 4214 3335 4269 καὶ
3355 4215 3435 4268 ὅτι
3467 4215 3623 4284 παρὰ
3653 4207 3832 4283 μικρὸν

649 4263 1069 4371 ἐσαλεύθησαν
1093 4306 1147 4357 οί
1213 4301 1391 4368 πόδες
1408 4319 1545 4371 μου.
1602 4304 1699 4357 καὶ
1765 4326 1773 4335 τ
1810 4324 1873 4373 ’ἔρ
1924 4309 2130 4381 ὀλίγον
2182 4263 2550 4381 assideat};
2603 4263 2933 4375 ἔιαθζξματά
2969 4263 3107 4374 ,αοτὶ
3148 4263 3234 4358 ὅτι
3280 4263 3689 4371 ἐζήλωσατέπῖ
3730 4263 3831 4365 τοῖς

653 4396 915 4466 ἀνόμοις,
941 4396 1186 4465 εἰρήνην
1215 4394 1571 4464 ἁμαρτωλῶν
1598 4396 1846 4464 θεωρῶν.

724 4488 1010 4566 νεεείίθ.
1076 4506 1202 4564 Ideo
1251 4510 1583 4583 ’conuertetur
1641 4510 1863 4578 populus
1920 4514 2209 4579 meus/lic,

2385 4508 2483 4561 Διὰ
2512 4502 2684 4558 τοῦτο
2716 4500 3059 4570 ἐπιστρέψει
3098 4504 3131 4555 ὁ
3156 4502 3305 4567 λαός
3328 4518 3447 4570 μου
3473 4500 3732 4564 ἐνταῦθα.
3751 4502 3829 4555 καί

652 4612 703 4655 et
734 4600 844 4655 (ﬁes
873 4599 1008 4667 pleni
1029 4599 1353 4654 invenientur
1380 4600 1435 4654 in
1458 4601 1553 4655 eis.
1580 4599 1756 4655 Athea
1784 4600 1877 4653 illa
1912 4602 2200 4672 impiorum

653 4692 800 4748 dicta
828 4697 1095 4745 eteorum
1152 4692 1428 4763 superbia,
1484 4707 1604 4761 qua:
1637 4708 1819 4747 rerum
1873 4694 2201 4763 potiebatur,

653 4784 779 4838 talis
818 4787 936 4837 erat
969 4781 1145 4852 qualis
1176 4790 1605 4839 commonstrata
1650 4788 1755 4839 est.
1800 4781 1910 4839 Nec
1956 4784 2209 4854 ignoran-

649 4878 779 4935 dum
798 4877 912 4933 haec
930 4876 1043 4947 ipsa
1060 4874 1258 4946 populo
1274 4891 1394 4930 meo
1420 4877 1474 4929 in
1501 4876 1702 4930 bonum
1726 4877 1979 4932 vertisse.
2002 4875 2204 4930 Etiam-

652 4973 699 5028 si
756 4972 901 5027 cnim
953 4970 1019 5025 ad
1067 4966 1337 5040 quoddam
1378 4975 1589 5045 tempus
1631 4970 1863 5039 populus
1897 4985 2049 5025 meus
2105 4970 2205 5022 im-

653 5064 757 5134 piis
781 5063 889 5118 illis
912 5061 978 5116 ad
1006 5060 1353 5132 peccatorum
1398 5057 1763 5127 expiationem
1800 5060 2032 5115 traditus
2069 5061 2140 5115 sit
2187 5077 2199 5112 :

654 5153 751 5208 sed
792 5151 1038 5207 stultitiae
1069 5163 1259 5205 eorum
1314 5148 1720 5218 ex‘superautia,
1745 5162 1893 5218 'qua:
1944 5151 2111 5205 ruinae
2139 5166 2203 5204 ac

657 5242 916 5314 perniciei
948 5240 1082 5311 ipsis
1113 5254 1276 5295 causa
1304 5237 1426 5303 fuit,
1459 5237 1772 5307 quiescendi
1804 5255 1867 5292 ac
1898 5241 2202 5311 respirandi

658 5337 834 5391 locum
861 5333 1059 5403 populo
1080 5346 1200 5386 meo
1229 5329 1400 5386 dabit.
1431 5328 1565 5383 Nam
1602 5344 1724 5382 cum
1754 5330 1828 5383 illi
1861 5332 1929 5385 ob
1954 5334 2201 5403 impieta-

658 5435 737 5481 tes
790 5437 919 5479 suas
971 5419 1207 5491 prolapsi
1260 5419 1552 5491 perierint,
1588 5429 1908 5475 convertetur
1978 5423 2200 5491 populus

657 5533 797 5571 meus
834 5512 957 5577 hic;
995 5510 1051 5566 id
1078 5518 1184 5575 est,
1232 5512 1287 5566 in
1320 5510 1572 5584 praesenti
1606 5510 1714 5567 vita
1759 5531 1771 5567 :
1822 5522 1869 5567 et
1910 5515 2017 5570 dies
2062 5515 2201 5584 pleni

657 5607 978 5661 invenientur
1010 5605 1065 5658 in
1097 5602 1209 5667 eis;
1245 5603 1299 5657 id
1328 5612 1431 5669 est,
1466 5605 1519 5659 in
1550 5605 1617 5661 iis
1647 5619 1678 5660 ε
1709 5607 1909 5676 populo
1942 5622 2062 5662 meo
2107 5607 2198 5677 qui

655 5698 805 5768 digni
836 5696 1057 5752 fuerint.
1106 5694 1231 5750 Dies
1258 5694 1401 5765 pleni
1444 5705 1623 5751 autem
1650 5704 1779 5751 sunt
1812 5696 1872 5772 ii,
1906 5700 1996 5769 qui
2023 5700 2200 5777 omnis

653 5791 775 5845 boni
811 5789 1174 5857 repleti‘sunt,
1202 5794 1256 5841 et
1284 5785 1377 5858 qui
1406 5787 1611 5857 justum
1636 5789 1762 5844 vita;
1785 5793 2018 5861 spatium
2044 5788 2199 5846 eom-

653 5886 817 5952 plent.
850 5879 940 5937 Sic
968 5881 1165 5936 alicubi
1192 5879 1388 5937 dicitur
1420 5901 1431 5937 :
1493 5881 1735 5938 Mortuus
1768 5891 1844 5939 est
1875 5883 2057 5951 plenus
2089 5883 2198 5937 die—

2309 4600 2518 4670 ἠμέραι
2550 4594 2801 4663 πλήρεις
2830 4593 3252 4661 εὑρεθήσονται
3294 4593 3365 4647 ἐν
3399 4592 3623 4660 αὐτοῖς.
3652 4593 3722 4647 Τά
3754 4595 3829 4665 μὲν

2308 4693 2440 4748 ἄθεα
2466 4690 2571 4743 τῶν
2628 4684 2836 4740 ἀσεϐῶν
2890 4686 3104 4757 ῥήματα
3148 4686 3241 4740 καὶ
3270 4686 3302 4757 ἠ
3335 4685 3651 4756 κρατήσασα
3683 4683 3829 4737 αὐτῶν

2308 4781 2651 4856 ὑπερηφανία
2677 4778 2894 4848 τοιαύτη
2930 4796 3011 4842 τις
3028 4774 3095 4850 ἦν
3116 4777 3201 4829 οἵα
3226 4775 3539 4847 δεδήλωται.
3562 4775 3675 4847 Χρὴ
3702 4775 3750 4829 δὲ
3770 4775 3827 4845 μὴ

2306 4880 2535 4944 ἀγνοεῖν,
2587 4875 2660 4936 ὡς
2693 4869 2834 4925 αὐτὰ
2876 4869 3045 4923 ταῦτα
3080 4870 3215 4943 πρὸς
3236 4866 3440 4936 ἀγαθοῦ
3470 4867 3738 4938 γεγένηται
3770 4862 3828 4934 τῷ

2308 4969 2422 5039 ἐμῷ
2450 4967 2583 5037 λαῷ.
2615 4966 2677 5018 Εἰ
2709 4961 2816 5032 γὰρ
2844 4961 2937 5014 καὶ
2975 4961 3045 5014 τὰ
3088 4960 3318 5032 μάλιστα
3349 4958 3484 5031 πρός
3507 4974 3623 5030 τινα
3670 4956 3826 5027 καιρὸν

2305 5062 2484 5121 αὐτοῖς
2518 5056 2744 5117 ἐκείνοις
2786 5054 2894 5116 τοῖς
2926 5050 3173 5105 ἀσεϐέσιν
3201 5050 3230 5101 ὀ
3266 5048 3397 5118 ἐμὸς
3441 5047 3566 5110 λαὸς
3595 5044 3824 5135 παρεδόθη

2306 5153 2383 5211 εἰς
2435 5146 2696 5220 ἔκπραξιν
2753 5141 3181 5228 ἁμαρτημάτων,
3217 5140 3331 5193 ἀλλ’
3376 5142 3410 5211 ἡ
3465 5138 3719 5212 ὑπερϐολὴ
3746 5138 3824 5203 τῆς

2304 5240 2408 5293 τῶν
2438 5235 2837 5311 προλεχθέντων
2864 5231 3138 5296 ἀπονοίας,
3176 5229 3379 5284 πτῶσιν
3409 5230 3591 5294 αὐτοῖς
3626 5232 3825 5300 ἐργασα-
3924 5278 3925 5281 η

2305 5330 2434 5400 μὲνη
2470 5328 2563 5381 καὶ
2600 5324 2816 5396 ὀλέθρου
2846 5322 3110 5395 γενομένη
3152 5322 3335 5385 αὐτοῖς
3353 5323 3520 5383 αἰτία,
3551 5321 3717 5375 ἄνεσιν
3750 5314 3822 5368 καὶ

2302 5423 2571 5493 ἀναπνοὴν
2624 5418 2699 5489 τῷ
2749 5419 2864 5490 ἐμῷ
2910 5416 3131 5490 παρέξει
3173 5416 3304 5487 λαῷ.
3354 5416 3710 5470 Ἐκπεσόντων
3736 5408 3822 5475 γὰρ

2299 5514 2517 5567 ἐκείνων
2555 5510 2647 5564 καὶ
2686 5510 3027 5582 ἀπολομένων
3058 5508 3145 5577 διὰ
3187 5507 3529 5571 τάςοίκείας
3565 5501 3814 5562 ἀσεϐείας.

2301 5610 2333 5661 ό
2360 5606 2509 5671 λαός
2534 5622 2647 5673 μου
2696 5602 3043 5672 ἐπιστρέψει
3076 5601 3359 5667 ἐνταῦθα,
3398 5592 3667 5654 τουτέστιν
3692 5596 3742 5669 ὲν
3758 5586 3818 5657 τῷ

2297 5699 2524 5770 παρόντι
2551 5696 2678 5767 βίῳ·
2716 5696 2813 5749 καὶ
2837 5694 3041 5772 ἡμέραι
3074 5692 3323 5761 πλήρεις
3336 5690 3741 5761 εὑρεθήσονται
3766 5682 3818 5735 ἐν

2297 5788 2517 5856 αὐτοῖς,
2541 5786 2735 5860 δηλαδὴ
2768 5790 2880 5852 τοῖς
2924 5789 2980 5840 ὲν
3021 5786 3099 5858 τῷ
3126 5784 3242 5856 ὲμῷ
3270 5780 3382 5856 λαῷ
3410 5781 3596 5848 ἀξίοις.
3622 5776 3818 5847 πλήρεις

2298 5883 2353 5935 δὲ
2382 5882 2583 5953 ἡμέραι
2608 5880 2741 5933 εἰσὶν
2762 5882 2814 5934 al
2846 5879 3043 5943 παντὸς
3060 5878 3263 5947 ἀγαθοῦ
3298 5872 3724 5944 πεπληρωμέναι,
3743 5863 3816 5917 καὶ
