3966 6348
103 407 207 460 διι

1216 406 1701 462 υυωωεΝτΑιιιΑ
1725 407 1796 460 1N
1830 364 2175 464 psammsf

3148 409 3248 463 διε

101 525 199 574 τὸν
244 525 439 600 οἰκεῖον.
472 522 652 592 χρόνον
693 523 788 592 τῆς
829 522 968 592 ζωῆς
1008 522 1427 593 αποπληροῦσαι.
1490 524 1633 577 Οὕτω

1741 543 1853 578 rum
1877 526 1912 578 ¹.
1949 524 2091 579 Meus
2115 541 2239 594 ergo
2259 526 2484 594 populus
2517 525 2583 577 ab
2614 524 2678 577 iis
2709 522 2988 575 utilitatem
3021 522 3244 588 accepit.

96 613 352 666 λέλεκταί
396 631 513 675 που,
557 614 634 664 ὄτι
683 603 980 679 Ἐκοιμήθίρ
1015 611 1243 678 πλήρης
1283 612 1528 680 ἡμερῶν.
1581 614 1636 664 ὐ

102 701 206 769 μὲν
250 699 345 754 οὖν
394 703 520 770 ἐμὸς
560 701 683 764 λαὸς
717 703 780 754 ἐκ
807 703 1010 754 τούτων
1046 701 1339 771 ὠφέληται·
1369 703 1421 754 οἵ
1444 719 1505 770 γε
1534 704 1636 772 μὴν

98 791 488 860 προλεχθέντες
516 791 726 853 άσεὸεἶς
773 789 865 843 καὶ
900 787 1044 841 ἄθεοι
1071 788 1238 852 οὕτως
1273 790 1515 859 ἡσέὸουν,
1562 791 1636 855 ὡς

97 881 233 940 τοὺς
253 879 488 949 ὁρῶντας
537 880 825 948 ἀμηχανεῖν
866 879 958 930 καὶ
1003 877 1202 947 λέγειν·
1239 879 1366 944 Πῶς
1391 880 1563 949 ,ἔγνω
1604 885 1638 935 ὁ

99 967 270 1030 Θεὸς,
323 966 416 1020 καί
446 969 497 1020 εί
528 967 657 1020 ἐστι
691 965 906 1035 γνῶσις
939 966 1008 1019 ἐν
1029 965 1107 1030 τῷ
1142 967 1418 1035 Tyriam);
1452 971 1500 1021 εί
1530 969 1636 1039 γάρ

96 1058 253 1108 ἐστιν
282 1059 340 1109 ὲν
384 1057 459 1126 τῷ
513 1057 747 1127 Titio-up
781 1057 995 1124 γνῶσις,
1043 1059 1134 1111 καὶ
1169 1059 1217 1110 εί
1241 1058 1405 1111 ταῦτα
1448 1063 1633 1131 ἐφορᾷ,

97 1147 202 1198 καὶ
263 1147 386 1209 τοὺς
433 1147 523 1200 ἐπὶ
573 1147 674 1215 γῆς
720 1148 1016 1210 ἐπισκοπεῖ,
1063 1147 1179 1209 πῶς
1231 1141 1372 1200 οὗτοι
1418 1149 1634 1202 τοιαῦτα

93 1229 335 1298 δρῶντες
390 1232 715 1300 εύθηνοῦσιν,
764 1233 854 1284 καὶ
906 1233 984 1295 είς
1026 1233 1116 1285 τὸν
1159 1233 1325 1286 αἰῶνα
1381 1235 1634 1304 κατέσχον

95 1319 363 1382 πλούτους
392 1319 556 1388 Κάγὼ
593 1321 669 1382 δὲ,
686 1320 852 1373 ταῦτα
878 1320 1112 1390 θεωρῶν,
1136 1320 1498 1393 ἐθορυϐούμην
1527 1327 1634 1386 τοῖς

94 1405 399 1476 λογισμοῖς,
445 1409 517 1471 ὡς
554 1411 685 1479 πρὸς
722 1408 954 1478 ἐμαυτὸν
991 1404 1218 1462 ἐννοεῖν
1251 1408 1488 1476 Μήποτε
1523 1411 1633 1479 ἄρα

91 1499 362 1564 ματαίως
385 1498 696 1568 ἐδικαίωσα
728 1500 840 1568 τὴν
885 1500 1128 1567 καρδίαν
1145 1516 1281 1567 μου,
1310 1501 1404 1553 καὶ
1434 1500 1635 1568 ἐνιψά-

91 1605 225 1654 μην
249 1589 320 1640 ὲν
349 1588 553 1654 ἀθώοις
571 1590 674 1655 τὰς
694 1589 887 1656 χεῖράς
904 1607 1020 1658 μου
1043 1629 1058 1652 ,
1094 1591 1188 1642 καὶ
1219 1590 1503 1658 ἐγενόμην
1535 1607 1634 1657 με·

1742 615 1820 667 llli
1861 631 1985 668 vero
2019 614 2254 683 praedicti
2298 615 2442 682 impii
2473 623 2524 667 et
2548 613 2687 668 atliei
2718 627 2782 666 eo
2814 627 2981 679 usque
3009 611 3251 678 impieta-

1739 705 1808 757 tis
1837 710 2214 772 proruperunt,
2264 709 2320 754 ut
2361 703 2450 771 qui
2499 703 2745 756 videbant
2778 708 2992 767 stupore
3020 699 3250 766 perculsi

1740 791 1976 846 dicerent
2016 812 2027 844 :
2074 791 2340 856 Quomodo
2372 792 2465 844 scit
2499 789 2650 852 Deus,
2696 799 2742 843 et
2776 790 2819 843 si
2847 798 2920 842 est
2954 786 3170 841 scientia
3199 788 3253 838 in

1739 881 2047 934 Altissimo?
2097 879 2226 932 Nam
2270 882 2314 934 si
2356 881 2411 933 in
2441 880 2714 934 Altissimo
2743 879 2958 932 scicntia
3004 879 3248 938 exsistat,

1740 969 1890 1038 isque
1927 972 2059 1024 talia
2088 971 2285 1035 videat,
2335 971 2736 1038 terrigenasque
2777 975 2944 1029 curet,
2979 980 3144 1034 quare
3173 966 3250 1038 illi

1735 1062 1864 1113 talia
1902 1062 2120 1116 edentes
2153 1060 2387 1114 facinora
2410 1076 2662 1130 prospere
2687 1068 2867 1128 agunt,
2892 1067 2943 1112 et
2979 1058 3032 1110 in
3079 1071 3247 1110 saecu-

1739 1149 1844 1200 lum
1879 1163 2048 1216 usque
2081 1147 2294 1208 divitias
2318 1148 2596 1202 obtinent?
2618 1147 2737 1200 Haec
2758 1160 2883 1199 vero
2913 1143 3250 1212 conspicatus

1736 1251 1854 1305 ego,
1878 1237 2288 1306 cogitationibus
2317 1237 2594 1299 turbahar,
2629 1236 2700 1287 ita
2731 1242 2806 1286 'ut
2839 1247 2997 1302 penes
3050 1247 3132 1285 me
3160 1245 3250 1284 co-

1735 1328 1978 1394 gitarem,
2011 1325 2274 1394 Numquid
2308 1328 2418 1379 sine
2443 1344 2598 1378 causa
2621 1326 2904 1392 justiﬁcavi
2948 1339 3035 1376 cor
3063 1339 3248 1383 meum,

1729 1423 1781 1465 et
1807 1413 1904 1464 lani
1931 1413 2064 1466 inter
2092 1416 2379 1466 innocentes
2422 1430 2602 1468 manus
2645 1430 2815 1475 meas,
2865 1421 2910 1464 et
2961 1412 3036 1478 [ui
3081 1412 3253 1480 ﬂagel-

1737 1503 1874 1555 latus
1917 1513 2024 1556 tota
2055 1503 2157 1565 die,
2197 1514 2244 1556 et
2274 1505 2546 1573 castigatio
2593 1522 2704 1556 mea
2733 1506 2787 1555 in
2832 1506 3143 1557 matutinis?
3197 1503 3250 1558 Si

1736 1594 1874 1649 enim
1910 1594 1975 1647 iis
2008 1595 2098 1662 qui
2128 1595 2236 1648 haec
2260 1596 2475 1647 minime
2497 1604 2754 1662 peragunt
2789 1602 2935 1647 tanta
2967 1596 3094 1648 insit
3127 1611 3247 1662 pro-

91 1680 541 1746 μαστιγωμένος
579 1679 731 1746 ὅλην¹
777 1678 890 1746 τὴν
919 1680 1159 1748 ἡμέραν,
1203 1680 1297 1730 καὶ
1336 1683 1369 1732 ὁ
1393 1679 1633 1747 ἔλεγχός

1737 1683 1987 1750 speritas,
2043 1684 2095 1736 in
2135 1699 2327 1736 vanum
2355 1699 2478 1751 ergo
2501 1684 2701 1743 laboro,
2735 1681 3001 1748 superflue
3032 1683 3236 1750 justitia

87 1785 218 1834 μου
256 1770 342 1833 εις
403 1769 505 1833 τὰς
550 1771 800 1835 πρωτας;
829 1771 890 1822 El
931 1768 1036 1839 γάρ
1068 1772 1175 1832 τοῖς
1228 1769 1300 1839 μὴ
1338 1767 1506 1821 ταῦτα
1539 1785 1633 1819 πε-

1741 1773 1950 1835 studeo,
1992 1772 2190 1828 frustra
2240 1779 2292 1826 et
2317 1771 2587 1827 incassum
2628 1787 2816 1824 manus
2843 1781 2896 1824 et
2921 1778 3072 1824 actus
3106 1785 3246 1823 meo:

94 1856 352 1926 τοοιηκόσι
407 1857 632 1928 τοσαύτη
679 1859 934 1929 πάρεστιν
978 1858 1240 1928 εὐθυμία,
1292 1861 1370 1921 είς
1419 1860 1633 1929 μάταιον

1736 1863 1934 1932 iniquis
1964 1864 2214 1931 Operibus
2243 1877 2416 1932 puros-
2442 1863 2645 1916 servavi
2671 1879 2683 1924 ;
2721 1861 2915 1914 frustra
2948 1861 3168 1928 ieiuniis
3199 1868 3252 1914 et

93 1944 211 2014 ἄρα
241 1943 349 2011 ἐγὼ
378 1945 565 2008 κοπιῶ,
585 1946 676 1998 καὶ
693 1947 955 2016 περιττῶς
969 1948 1276 2000 ἐσπούδακα
1299 1948 1633 2017 δικαιοσύνης

1739 1955 1991 2007 aerumnis
2019 1968 2102 2006 me
2130 1951 2368 2022 quotidie
2393 1950 2650 2020 ﬂagellavi
2673 1957 2724 2003 et
2754 1950 3044 2013 maceravi;
3077 1949 3253 2002 incas-

97 2036 507 2106 ἐπιμελόμενος·
528 2038 654 2108 εἰκῆ
676 2037 732 2090 δὲ
746 2037 837 2090 καὶ
851 2038 1021 2108 μάτην
1035 2037 1268 2107 ἐφύλαξά
1290 2055 1386 2108 μου
1401 2039 1497 2101 τὰς
1524 2042 1633 2109 χεῖ-

1739 2058 1856 2098 sum
1883 2042 2141 2106 laboravi,
2167 2057 2288 2095 cum
2309 2056 2502 2095 aurora
2527 2056 2752 2108 surgens
2768 2050 2819 2094 et
2845 2040 2898 2092 in
2925 2039 3251 2091 orationibus

97 2140 206 2192 ρας
217 2123 410 2187 καὶτὰς
421 2123 639 2196 πράξεις
650 2124 708 2188 ἐξ
724 2125 918 2177 ἀδίκων
933 2124 1120 2196 ἔργων·
1139 2126 1258 2194 είκῆ
1271 2127 1359 2179 καὶ
1372 2128 1633 2197 νηστείαις

1737 2130 1870 2185 meis
1899 2128 2116 2198 peccata
2156 2144 2268 2184 mea
2298 2131 2558 2184 conﬁtens
2587 2143 2648 2180 ac
2686 2127 2985 2195 deplorans,
3013 2134 3167 2194 atque
3195 2125 3251 2179 in

88 2214 196 2265 καὶ
223 2215 605 2279 κακοπαθείαις
627 2213 971 2286 κατατρύχων
1001 2216 1228 2286 ἐμαυτὸν
1253 2216 1342 2269 καὶ
1368 2218 1633 2286 μαστίζῳν

1734 2219 2166 2274 confessionibus
2186 2218 2294 2274 Deo
2323 2220 2535 2275 emissis
2581 2218 2948 2272 accusationes
2974 2216 3250 2270 adversum

90 2303 280 2355 πᾶσαν
325 2304 533 2374 ἡμέραν
583 2304 879 2360 διετέλεσαυ
927 2306 1046 2374 εἰκῆ
1077 2306 1168 2358 καὶ
1197 2305 1368 2375 μάτην
1390 2307 1626 2367 ἐπόνουν,

1734 2323 1815 2362 me
1841 2306 2132 2376 proferens.
2163 2307 2285 2363 Haec
2311 2317 2463 2364 erant
2489 2325 2608 2381 quae
2640 2308 2763 2361 dum
2795 2307 3082 2377 cogitarem
3122 2321 3253 2374 pene

88 2391 217 2460 ἅμα
247 2395 312 2463 τῇ
343 2393 416 2464 ἕῳ
430 2395 773 2466 ἀνιστάμενος
797 2395 887 2447 παλ⁸
911 2394 1240 2466 ἐξαγορεύων
1268 2397 1324 2447 ἐν
1351 2397 1465 2457 ταῖς
1499 2395 1631 2464 πρὸς

1734 2398 1930 2452 en‘usus
1959 2413 2100 2452 sum.
2135 2397 2241 2452 Pro
2273 2398 2380 2453 illis
2407 2413 2534 2453 vero
2566 2397 2916 2468 Symmachus
2960 2397 3040 2449 sic
3085 2395 3250 2449 inter-

88 2481 188 2533 τὸν
216 2481 352 2567 θεὸν
375 2484 554 2553 εὐχαῖς
573 2485 670 2548 τὰς
692 2484 922 2556 ἐμαυτοῦ
945 2485 1214 2555 ἁμαρτίας
1241 2480 1631 2553 ἆποκλαόμενός

1734 2494 1969 2556 pretatus
2002 2495 2118 2542 est:
2153 2487 2421 2541 Fortassis
2454 2489 2616 2556 igitur
2629 2497 2678 2539 et
2703 2502 2794 2554 ego
2817 2487 3016 2554 frustra
3037 2483 3250 2552 purgari

86 2587 152 2623 τε
206 2571 303 2624 καὶ
340 2573 463 2635 τοὺς
519 2576 638 2626 κατ’
685 2573 919 2645 ἐμαυτοῦ
971 2574 1258 2645 προφέρων
1297 2573 1548 2643 ’ἐλέγχους
1574 2575 1630 2626 ἐν

1734 2577 1958 2628 animum
1988 2592 2174 2640 meam,
2189 2585 2246 2630 "et
2273 2576 2378 2629 lavi
2405 2578 2458 2628 in
2486 2577 2777 2628 innocentia
2807 2592 2988 2627 manus
3008 2591 3168 2637 meas,
3203 2583 3251 2625 et

87 2663 214 2725 ταῖς
246 2663 382 2734 πρὸς
405 2663 493 2716 τὸν
519 2664 647 2716 Θεὸν
676 2664 1105 2736 ἐξομολογήσεσι.
1136 2662 1298 2717 Ταῦτ’
1317 2657 1448 2734 ἦν’ἃ.
1479 2662 1628 2716 ἐνθυ-

1734 2666 2040 2733 perseveravi
2068 2665 2276 2719 delusus
2311 2665 2527 2735 singulis
2569 2664 2767 2728 diebus,
2815 2674 2863 2718 et
2915 2664 3245 2732 reprehensus

93 2751 385 2823 μούμενος,
408 2754 554 2823 παρὰ
589 2755 779 2826 μικρὸν
809 2754 1158 2825 ἐσαλευόμην.
1197 2754 1339 2807 Ἀντὶ
1357 2753 1413 2807 δὲ
1429 2753 1629 2806 τούτων

1734 2756 1946 2825 singulis
1978 2755 2267 2809 matutinis.

89 2846 119 2896 ὁ
169 2845 462 2917 Σύμμαχος
495 2847 678 2901 τοῦτον
703 2848 1005 2919 ἡρμήνευσε
1031 2846 1122 2901 τὸν
1155 2840 1351 2919 τρόπον
1374 2863 1389 2877 ·
1462 2848 1627 2912 Ἴσως
1664 2842 1775 2902 οὖν
1799 2848 1955 2916 κάγὼ
1969 2849 2161 2917 μάτην
2181 2848 2432 2914 ἐκὰθαρα
2450 2846 2561 2914 τὴν
2573 2847 2776 2916 ψυχήν
2789 2864 2925 2915 μου,
2988 2845 3084 2898 καὶ
3133 2845 3247 2896 ἐνιε-

92 2941 410 3007 πτόμηνέν
435 2941 841 3010 aromata.
909 2941 1013 3006 τὰς
1076 2939 1274 3009 χεῖράς
1294 2957 1432 3008 μου,
1493 2941 1589 2994 καὶ
1619 2939 1922 3014 διετέλεσα
1959 2942 2449 3011 μυκτηριζόμενος
2501 2941 2624 2995 καθ’
2677 2939 2936 3005 ἑκάστην
2977 2938 3196 3007 ἡμέραν
3219 2976 3236 3000 ,

93 3031 196 3085 καί
231 3018 619 3103 ἐλεγχόμενος
643 3035 768 3090 καθ’
799 3035 1052 3090 ἕκαστον
1076 3035 1304 3103 ὄρθρον.

169 3143 238 3197 Et
284 3145 513 3213 ελεγον.
551 3147 909 3214 Διηγήσομαι
957 3145 1159 3211 οὕτως,
1193 3144 1318 3199 ἰδοὺ
1355 3146 1430 3213 τῇ
1465 3144 1633 3215 γενεᾷ

1805 3141 1966 3197 Vsus.
2001 3141 2178 3215 l5-l7.
2208 3139 2266 3195 Si
2291 3140 2541 3200 dicebam,
2575 3137 2818 3191 Narrabo
2844 3140 2937 3200 sic,
2968 3155 3078 3190 ecce
3101 3154 3250 3206 gene—

93 3232 233 3310 τῶν
253 3211 402 3286 υἱῶν
439 3249 556 3287 σου
601 3211 1006 3302 ήσυντόθεικα.
1037 3236 1146 3289 Kal
1195 3211 1494 3290 ὐπέλαέον
1530 3236 1633 3290 τοῦ

1735 3233 1989 3286 rationem
2020 3211 2248 3300 ﬁliorum
2277 3241 2483 3284 tuorum
2515 3229 2800 3296 reprobavi.
2838 3227 2905 3280 Et
2951 3230 3252 3295 suspicabar

95 3321 317 3390 γνῶναι
353 3321 543 3384 τοῦτο,
592 3325 772 3389 κόπος
793 3323 960 3378 ἐστίν
991 3324 1240 3379 ἐνώπιόν
1270 3343 1414 3393 μου·
1438 3321 1633 3392 ἓωςοῦ

1736 3339 1816 3376 me
1843 3336 2143 3390 cognoscere
2173 3320 2288 3382 hoc,
2321 3319 2466 3372 labor
2493 3329 2566 3370 est
2598 3329 2714 3369 ante
2747 3332 2854 3379 me;
2891 3316 3046 3369 donec
3068 3320 3250 3370 inirem

93 3412 347 3465 εἰσέλθω
392 3414 477 3477 εἰς
512 3411 576 3464 τὸ
604 3412 984 3480 ἀγιαστήριον
1019 3413 1122 3466 τοῦ
1152 3414 1314 3475 Θεοῦ,
1348 3415 1443 3466 καὶ
1471 3415 1633 3468 συνῶ

1734 3413 1788 3464 in
1831 3412 2188 3464 sanctuarium
2217 3408 2332 3472 Dei,
2361 3418 2412 3462 et
2455 3407 2738 3476 intelligam
2769 3406 2818 3456 in
2845 3406 3134 3458 novissimis
3165 3419 3255 3458 eo-

94 3507 188 3572 είς
210 3505 282 3558 τὰ
302 3497 530 3573 ἔσχατὰ
550 3503 760 3558 αὐτῶν.
783 3505 863 3557 Τὰ
890 3503 1244 3575 προλεχθέντα
1269 3507 1323 3556 ἐν
1338 3508 1447 3566 τοίς
1471 3507 1634 3574 ἐμαυ-

95 3593 194 3649 τοῦ
240 3596 511 3664 λογισμοῖς
555 3594 883 3666 ἐνεθυμήθην
921 3594 1049 3647 αὐτὸ
1089 3595 1263 3665 μόνον,
1313 3594 1394 3662 ἐφ’
1418 3589 1512 3656 οἷς·
1541 3595 1632 3647 καὶ

97 3685 429 3742 ἐκινδύνευον
454 3685 606 3740 σάλον
635 3685 840 3748 παθεῖν,
874 3686 933 3738 ού
970 3685 1072 3757 μὴν
1101 3686 1190 3738 καὶ
1213 3684 1524 3755 ἐξηγόρευον
1555 3687 1633 3747 είς

98 3775 336 3848 ἑτέρους.
376 3776 437 3828 El
458 3775 564 3845 γὰρ·
584 3775 769 3846 κρίνας
800 3774 936 3828 οὕτω
968 3777 1176 3846 φρονεῖν
1203 3775 1301 3846 ’τὴν
1332 3773 1484 3828 ἄθεον
1502 3773 1630 3825 ταύ-

95 3855 201 3938 την
245 3867 582 3924 διδασκαλίαν
617 3868 911 3939 προέφερον
935 3869 1013 3929 είς
1040 3867 1282 3936 ἐτέρουςο
1318 3864 1632 3935 παραϐάτης

100 3961 169 4012 ἂν
200 3955 456 4027 ἐγενόμην
477 3958 581 4010 τῶν
607 3958 840 4010 εὐσεϐῶν
869 3957 1163 4026 δογμάτων,
1198 3955 1288 4008 καὶ
1318 3956 1412 4016 τὰς
1437 3954 1631 4024 συνθή-

99 4064 206 4111 κας
235 4047 301 4100 ἂν
333 4047 597 4117 παρῆλθον
623 4048 721 4116 τῆς
738 4048 926 4114 γενεᾶς
951 4043 1056 4098 τῶν
1079 4045 1183 4099 σῶν
1210 4045 1427 4098 τέκνων.
1463 4045 1633 4098 Τέκνα

97 4137 210 4206 γάρ
243 4153 334 4188 σου
390 4136 480 4189 τοῦ
512 4133 643 4188 Θεοῦ
695 4137 888 4197 πάντες
935 4135 1214 4204 γεγόνασιν
1260 4137 1307 4187 oi
1355 4134 1495 4202 ἆγιοι
1543 4136 1633 4188 καὶ

100 4225 363 4297 θεοφιλεῖς
387 4225 590 4296 ἄνδρες.
622 4224 782 4278 Γενεὰ
803 4224 858 4277 δὲ
881 4223 1054 4279 αὐτῶν
1079 4225 1112 4295 ὴ
1139 4223 1198 4288 ἐξ
1223 4224 1396 4277 αὐτῶν
1423 4225 1632 4294 διαδοχὴ

98 4317 211 4369 τῶν
229 4315 416 4382 άγίων,
462 4309 535 4367 ὧν
569 4312 637 4366 τὰ
672 4312 961 4383 μαθήματα
996 4312 1088 4364 καὶ
1108 4311 1174 4366 τὰ
1206 4313 1446 4381 δόγματα
1471 4329 1633 4382 παρε-

100 4403 316 4474 χάραξα
364 4403 450 4464 ἂν,
497 4405 546 4455 εἰ
584 4401 878 4473 προέφερον
917 4404 994 4463 είς
1033 4401 1246 4471 ἐτέρους
1288 4404 1409 4463 τοὺς
1442 4402 1631 4472 προλε-

102 4495 330 4564 χθέντας
362 4492 590 4564 ἐμαυτοῦ
623 4491 924 4563 λογισμούς.
973 4491 1128 4545 Ἀλλὰ
1157 4493 1247 4545 καὶ
1288 4493 1335 4543 εί
1383 4495 1631 4562 παρεῖχον

103 4585 340 4656 ἐμαυτὸν
367 4585 457 4636 τοῦ
487 4583 684 4652 γνῶναι
708 4583 803 4645 τὰς
834 4583 1026 4644 αίτίας,
1055 4582 1120 4634 δι’
1155 4581 1219 4644 ἃς
1247 4584 1294 4634 οἱ
1328 4582 1633 4651 ἁμαρτωλοὶ

104 4674 329 4744 εὔθυμοι
351 4673 642 4728 διατελοῦσι
671 4673 763 4726 καὶ
793 4674 870 4734 είς
889 4673 977 4724 τὸν
993 4671 1161 4724 αίῶνα
1191 4671 1318 4723 κατέ
1329 4687 1449 4739 σχον
1476 4671 1634 4723 πλού-

101 4780 220 4826 του,
246 4765 296 4816 οἰ
320 4764 374 4816 δέ
401 4765 592 4817 δίκαιοι
633 4761 1033 4816 ταπεινοῦνται·
1089 4759 1206 4812 οὐδὲ
1241 4757 1377 4811 οὕτω
1406 4760 1630 4813 κατέλα-

103 4851 286 4904 ϐοντᾶν
318 4853 414 4915 τὰς
444 4854 778 4924 ἀπορρήτους
808 4850 930 4921 περὶ
961 4849 1160 4903 τούτων
1184 4849 1406 4918 κρίσεις,
1439 4848 1632 4911 κόπους

102 4943 160 4994 δέ
208 4941 398 5011 μόνους
447 4943 662 5012 ἐμαυτῷ
693 4942 939 5011 συνῆγον,
965 4941 1042 5003 είς
1080 4938 1307 5006 ἀπορίαν
1354 4938 1632 5006 ἐμπίπτων

107 5025 313 5092 καὶέίς
332 5029 504 5101 ψυχῆς
534 5033 791 5100 κάματον.
815 5031 904 5083 Διό
933 5047 1060 5100 φησι
1081 5046 1095 5059 ’
1127 5027 1233 5082 Kal
1263 5027 1315 5078 ει
1338 5025 1634 5081 ὑπέλαϐον

105 5117 211 5171 τοῦ
251 5115 464 5185 γνῶναι
507 5119 696 5181 τοῦτο,
736 5120 920 5184 κόπος
953 5118 1120 5171 ἐστὶν
1144 5115 1392 5168 ἐνώπιόν
1417 5131 1563 5181 μου⁸
1598 5118 1631 5188 ἢ

108 5207 248 5262 κατὰ
275 5205 364 5258 τὸν
397 5206 702 5276 Σύμμαχον,
730 5209 837 5260 Kal
865 5210 916 5260 el
955 5206 1289 5276 ἐλογιζόμην
1327 5203 1636 5272 ἐπιγνῶναι

107 5300 284 5355 τοῦτο
303 5337 317 5360 ,
344 5299 562 5365 μόχθος
584 5299 855 5366 ἐφαίνετό
885 5315 1001 5367 μοι.
1046 5297 1235 5365 Διόπερ
1270 5294 1406 5365 ὁρῶν
1437 5297 1634 5350 ἀκατά-

108 5390 312 5462 ληπτον
344 5386 503 5441 οὖσαν
538 5389 832 5459 ἀνθρώποις
855 5390 951 5458 τὴν
982 5387 1179 5440 τούτων
1199 5384 1411 5452 γνῶσιν,
1430 5387 1637 5440 εύσεδεϊ

111 5480 388 5552 χρώμενος
413 5477 662 5548 λογισμῷ,
694 5477 1000 5547 διενοούμην
1043 5476 1172 5545 παρ’
1205 5474 1417 5544 ἐμαυτῷ
1456 5479 1634 5546 κρεῖτ-

110 5587 203 5623 τον
238 5567 376 5622 εἶναι
412 5570 615 5639 ἐπέχειν
643 5571 733 5622 καὶ
765 5567 1064 5636 ἐκδέχεσθαι
1095 5568 1196 5640 τὸν,
1228 5567 1516 5637 ἐπιτήδειον
1539 5567 1634 5636 τῆς

192 5721 206 5748 ⁸
241 5717 376 5772 Gen.
414 5734 535 5782 xxv,
559 5717 609 5772 8.

396 5810 651 5869 ΡΑτιιοι..
694 5809 807 5868 Gn.
844 5808 1073 5867 XXIII.

1730 3517 1868 3553 rum.
1898 3498 2156 3554 Praedicta
2181 3500 2234 3553 in
2257 3497 2664 3567 cogitationibus
2691 3504 2889 3550 tantum
2917 3499 3048 3551 meis
3071 3491 3252 3551 versa-

1733 3588 1876 3651 bam,
1909 3589 2050 3657 quod
2078 3588 2374 3657 periculum
2401 3595 2542 3640 esset
2562 3601 2628 3640 ne
2647 3599 3045 3650 commoverer;
3079 3601 3251 3654 neque

1732 3684 1910 3730 tamen
1951 3678 2069 3731 aliis
2109 3677 2443 3731 enarrabam.
2475 3675 2605 3727 Nam
2639 3675 2682 3728 si
2721 3675 2822 3727 hac
2863 3675 3092 3727 admissa
3135 3677 3253 3744 opi-

1731 3768 1912 3832 nione,
1950 3766 2164 3836 impiam
2185 3765 2490 3833 hujusmodi
2519 3764 2815 3817 doctrinam
2843 3763 2960 3818 aliis
2988 3767 3252 3832 protulis—

1733 3873 1867 3917 sem,
1923 3863 2190 3911 temeratae
2213 3855 2316 3925 piat
2354 3855 2611 3910 doctrinae
2651 3867 2776 3907 reus
2808 3853 3026 3908 effectus
3055 3869 3250 3917 essem,

1732 3956 1892 4017 atque
1921 3956 2075 4017 pacta
2122 3946 2482 4018 generationis
2514 3946 2744 3999 ﬁliorum
2800 3953 3013 3999 tuorum
3056 3946 3251 4000 violas-

1733 4055 1864 4094 sem.
1897 4038 2093 4093 Omnes
2124 4039 2320 4108 quippe
2345 4039 2516 4092 sancti
2537 4051 2597 4090 ac
2623 4032 2714 4090 Dei
2749 4044 2988 4089 amantes
3008 4037 3128 4098 viri,
3154 4037 3249 4095 tui.

1733 4128 1894 4194 Deus,
1920 4127 2010 4181 lilii
2035 4135 2179 4182 sunt.
2203 4127 2490 4182 Geueratio
2519 4123 2695 4180 autem
2734 4141 2940 4190 eorum,
2980 4127 3252 4179 successio

1733 4226 2040 4273 sanctorum
2093 4225 2195 4282 est,
2248 4231 2474 4293 quorum
2526 4215 2838 4283 disciplinas
2895 4222 2946 4264 et
3008 4213 3251 4280 dogmata

1735 4311 2139 4372 adulterassem,
2191 4309 2236 4363 si
2272 4308 2553 4376 praedictas
2581 4304 2931 4373 cogitationes
2962 4317 3109 4356 meas
3133 4301 3252 4355 aliis

1735 4400 2094 4470 protulissem.
2140 4397 2244 4451 Sed
2297 4399 2342 4452 si
2376 4393 2894 4449 animoinstitissem
2943 4391 3009 4443 ad
3057 4405 3253 4458 cogno-

1734 4489 1987 4545 scendum
2018 4504 2136 4556 quae
2166 4503 2326 4541 causa
2367 4489 2437 4540 sit
2488 4500 2584 4538 cur
2638 4491 2948 4552 peccatores
2999 4495 3252 4549 prospere

1732 4588 1912 4648 agant,
1943 4578 2068 4630 etin
2100 4577 2350 4630 saeculum
2382 4574 2596 4628 divitias
2627 4573 2924 4634 obtineant,
2951 4571 3080 4639 justi
3111 4584 3238 4621 vero

1733 4670 2108 4731 humiliantur;
2151 4680 2323 4734 neque
2357 4664 2428 4717 ita
2462 4677 2660 4716 arcana
2693 4663 2793 4715 hac
2837 4661 2903 4714 de
2953 4676 3010 4714 re
3049 4657 3248 4726 judicia

1732 4756 2127 4828 comperissem,
2163 4757 2256 4810 sed
2288 4757 2522 4809 laborem
2565 4754 2828 4824 duntaxat
2877 4752 3003 4805 mihi
3044 4750 3245 4802 intulis-

1732 4863 1842 4903 sem
1874 4865 1888 4901 :
1922 4850 1976 4899 in
2007 4846 2395 4899 dubitationem
2423 4845 2594 4898 solum
2626 4845 2895 4914 animique
2923 4837 3252 4905 defatigatio-

1730 4953 1848 4993 nem
1877 4937 2144 5007 delapsus.
2177 4935 2532 5001 Quamobrem
2568 4936 2642 4987 ait
2701 4953 2712 4986 :
2763 4933 2826 4984 Et
2871 4933 2917 4984 si
2951 4921 3251 4994 suspicabar

1733 5046 1808 5084 me
1830 5044 2126 5096 cognoscere
2157 5027 2271 5091 hoc,
2308 5027 2453 5079 labor
2489 5035 2562 5077 est
2616 5034 2733 5076 ante
2774 5037 2872 5074 me.
2908 5018 3028 5072 Sive
3060 5007 3278 5068 secuti-'

1732 5121 1854 5175 dum
1903 5117 2300 5187 Symmachum,
2347 5115 2406 5170 Si
2432 5116 2676 5183 putabam
2705 5128 2783 5164 me
2806 5121 3103 5178 cognoscere
3134 5105 3246 5164 hoc,

1735 5210 1878 5263 labor
1911 5207 2174 5261 uidebatur
2205 5209 2351 5261 milii.
2377 5205 2728 5272 Quamobrem
2765 5199 2951 5252 videns
2992 5210 3102 5250 rem
3131 5210 3250 5248 esse

1733 5299 2041 5353 hominibus
2090 5295 2697 5367 incomprehensibilem,
2747 5290 2835 5356 pio
2879 5301 3008 5340 usus
3039 5284 3250 5337 ratiOci-

1734 5389 1842 5449 nio,
1881 5404 2089 5442 mecum
2121 5389 2430 5458 reputabam
2460 5384 2626 5439 satius
2654 5395 2772 5433 esse
2799 5385 2856 5429 ut
2890 5391 2976 5431 me
3007 5375 3250 5429 contine-

1733 5492 1866 5541 rem,
1890 5487 2048 5547 atque
2075 5485 2428 5548 opportunum
2463 5473 2585 5526 huic
2615 5467 2902 5539 cognitioni
2925 5474 3134 5533 tempus
3159 5479 3251 5518 οι·
3279 5531 3290 5547 ⁸

1735 5579 2046 5637 spectarem.
2081 5569 2212 5624 Illud
2240 5577 2413 5622 autem
2449 5572 2582 5626 erat,
2641 5562 2806 5613 Donec
2840 5561 3022 5610 intrem
3051 5558 3102 5609 in
3130 5572 3252 5608 san-

2884 5789 2983 5849 ἐτ’
