3966 6348
72 438 185 506 διδ

1205 438 1696 501 COMMENTARIA
1732 432 1799 497 in
1838 429 2165 500 PSAL'uos.

3164 436 3267 494 846

70 570 136 626 τὸ
154 568 554 639 ἀτιαστήριον
567 564 672 623 τοῦ
695 544 974 623 Θεοῦθένῦν
1000 565 1054 619 δὲ
1080 565 1132 619 τί
1162 565 1278 618 ποτ’
1296 561 1364 637 ἦν
1381 566 1439 619 τὸ
1470 567 1623 633 ἁγια-

1727 566 2084 618 sauctuarium
2106 564 2196 617 Dei
2217 582 2232 624 ε
2268 578 2410 618 nunc
2425 576 2552 618 vero
2574 560 2844 631 quodnam
2872 562 2941 616 sit
2958 560 3270 628 hujusuuuli

71 664 297 735 πήριον
318 661 553 715 διδάσκει
585 660 771 728 λέγων’
787 659 976 727 Κύριε,
1000 658 1069 709 ἐν
1088 654 1161 724 τῇ
1182 657 1349 709 πόλει
1370 670 1483 709 σου
1516 654 1628 721 τὴν

68 754 277 806 εἰκόνα
301 750 497 806 αὐτῶν
518 748 955 815 ἐξουδενώσεις.
988 746 1176 799 Ἔνθεν
1203 747 1421 809 εἰκότως
1447 748 1475 798 6
1491 745 1626 808 θεῖος

81 838 427 903 ’Δπόστολος,
446 841 597 893 πόλιν
615 839 856 909 οὐράνιον
874 837 1006 890 Θεοῦ
1024 835 1176 899 εἰδὼς
1198 835 1395 904 ἔλεγεν·
1410 838 1628 902 Προσε-

65 932 419 1000 ληλύθαμεν
446 928 594 985 Σιὼν
624 928 739 997 ὄρει
778 928 872 982 καὶ
908 929 1077 982 πόλει
1114 925 1258 980 Θεοῦ
1295 912 1504 991 ζῶντος
1534 926 1650 995 'Is-V

62 1022 391 1091 ρουσαλὴμ
418 1020 762 1089 ἐπουρανίῳ·
794 1019 887 1072 καὶ
914 1017 1091 1072 πάλιν·
1126 1014 1269 1072 Ἡδὲ
1295 1014 1628 1083 ᾶνωἹερου-

68 1113 283 1182 cuius
320 1112 597 1180 ἐλευθέρα
640 1109 791 1164 ἐστί.
837 1110 1050 1179 Ταύτην
1082 1104 1173 1161 οὖν
1220 1107 1313 1160 καὶ
1362 1107 1390 1159 6
1442 1104 1628 1175 παρὼν

70 1205 369 1277 Προφήτης
392 1203 487 1275 τὴν
514 1203 665 1256 πόλιν
684 1201 776 1254 τοῦ
799 1200 930 1254 Θεοῦ
954 1200 1201 1271 σημαίνει
1219 1198 1409 1267 λέγων·
1432 1199 1625 1265 Κύριε,

68 1300 137 1349 ὲν
158 1297 239 1367 τῇ
258 1301 428 1351 πόλει
468 1312 581 1351 σου
620 1296 731 1364 τὴν
758 1296 956 1350 εἰκόνα
976 1292 1170 1349 αὐτῶν
1188 1291 1625 1357 ἐξουδενώσεις.

70 1389 132 1441 Εἰ
158 1390 260 1459 μὲν
288 1388 393 1457 γὰρ
418 1385 579 1458 ἦσαν,
607 1387 768 1457 φησὶ,
814 1384 1139 1456 φυλάξαντες
1172 1383 1393 1454 τῆν’σὴν
1427 1383 1624 1449 εἰκόνα,

68 1479 300 1543 είκότως
330 1480 421 1532 καὶ
464 1480 560 1549 τῆς
606 1478 703 1549 σῆς
747 1478 950 1541 πόλεως
984 1474 1326 1547 κατηξιοῦντο
1355 1492 1367 1504 ·
1422 1474 1541 1527 ἐπεὶ
1570 1474 1627 1525 δὲ

66 1565 377 1631 ἄνθρωπος
398 1566 470 1618 ἐν
496 1564 631 1635 τιμῇ
660 1564 745 1618 ὢν
768 1567 839 1620 οὐ
865 1564 1113 1633 συνῆκε,
1143 1562 1625 1632 παρεσυνεϐλήθη
1657 1628 1668 1639 ,

65 1656 192 1722 τοῖς
221 1658 471 1726 κτήνεσι
506 1658 630 1724 τοῖς
669 1656 963 1727 ἀνοήτοις,
998 1656 1094 1711 καὶ
1119 1656 1378 1725 ὡμοιώθη
1408 1655 1625 1721 αὐτοῖς,

65 1745 345 1825 ἀναλόγως
373 1764 431 1798 τε
459 1748 523 1816 τῇ
548 1742 735 1799 ἑαυτοῦ
799 1745 960 1815 κακίᾳ
999 1744 1184 1799 ἑαυτὸν
1218 1745 1631 1816 μετεμόρφωσεν

66 1836 147 1899 είς
176 1836 374 1908 ἀγρίου
397 1836 562 1909 θηρὸς
592 1837 793 1908 τρόπον.
816 1854 894 1899 τε,
922 1837 1112 1905 γέγονέ
1131 1854 1188 1890 τε
1212 1838 1374 1899 ἵππος
1392 1836 1630 1907 θηλυμα-

66 1929 183 1998 νὴς,
216 1928 251 1999 ἢ
285 1927 445 1992 λύκος
474 1928 829 2001 ἀρπακτικὸςζ
873 1928 905 1999 ἢ
932 1928 1053 1997 ὄφις
1082 1930 1173 1981 καὶ
1195 1925 1438 1999 γέννημα
1486 1927 1625 1998 ἐχιδ-

54 2020 192 2090 νῶν,
231 2019 267 2090 ἢ
302 2018 427 2073 ἄλλο
466 2037 520 2072 τι
542 2006 747 2081 τούτοις
792 2018 1185 2089 παραπλήσιον·
1231 2018 1417 2071 τούτου
1467 2018 1624 2089 χάριν

66 2110 259 2183 ὥσπερ
308 2110 553 2181 κίϐδηλον
596 2108 835 2182 νόμισμα
874 2111 969 2181 τὴν
1014 2110 1263 2182 τοιαύτην
1302 2110 1480 2163 εἰκόνα
1526 2110 1625 2181 τῆς

66 2203 264 2257 ἑαυτοῦ
302 2204 505 2268 πόλεως
530 2204 852 2276 ἀπορρίπτει
876 2204 904 2257 6
929 2202 1081 2265 Θεὸς,
1122 2201 1404 2268 ὲξουδενῶν
1435 2194 1621 2273 αὐτὴν,

65 2294 186 2348 οὐδὲ
230 2293 389 2361 ἀξίαν
431 2295 631 2367 κρίνων
670 2294 775 2348 τῶν
816 2294 874 2348 ἐν
922 2295 989 2365 τῇ
1040 2293 1188 2347 πόλει
1216 2293 1378 2346 αὑτοῦ
1426 2276 1619 2363 μονῶν.

67 2384 269 2437 Πολλαὶ
316 2384 421 2455 γὰρ
474 2384 632 2454 μοναὶ
676 2383 827 2455 παρὰ
866 2381 943 2454 τῷ
965 2384 1156 2455 Πατρί·
1184 2383 1248 2437 δι’
1281 2376 1617 2437 δ’λέλεκται·

64 2478 263 2543 Κύριε,
290 2475 362 2527 ἐν
384 2472 460 2541 τῇ
481 2474 649 2527 πόλει
664 2488 777 2526 σου
802 2471 916 2540 τὴν
940 2473 1141 2526 εἰκόνα
1165 2471 1360 2525 αὐτῶν
1386 2470 1621 2534 ἐξουθε-

64 2564 301 2634 νήσεις.
357 2563 525 2617 Τοῦτο
567 2562 664 2633 μὲν
709 2557 800 2615 οὖν
839 2561 1184 2633 προφητικῶς
1220 2564 1249 2611 6
1290 2560 1457 2630 ’Δσάφ
1489 2561 1623 2613 άπε-

65 2655 359 2724 φθὲγξατο,
389 2654 576 2724 ὥσπερ
607 2652 941 2716 ἐπιθειάσας,
973 2651 1064 2704 καὶ
1083 2650 1358 2721 τδμέλὶον
1385 2664 1622 2719 πεφωτι-

66 2747 292 2817 σμένοις
313 2744 491 2815 ψυχῆς
517 2742 809 2814 ὀφθαλμοῖς
846 2739 1185 2813 τεθεαμένος.
1224 2742 1332 2811 Τὴν
1358 2740 1414 2794 δὲ
1447 2742 1623 2795 αἰτίαν

63 2838 128 2891 δι’
156 2838 229 2908 ἢν
270 2836 541 2909 ιφωτίσθη
569 2834 665 2906 τὴν
707 2820 859 2889 πόλιν
884 2832 976 2888 τοῦ
1003 2830 1143 2886 Θεοῦ
1170 2832 1420 2899 συνιδεῖν,
1455 2833 1617 2904 παρί-

68 2946 225 3002 στησι
250 2929 424 2999 λέγων
451 2927 599 3000 ἑξῆς·

136 3113 270 3165 ὀτι
301 3111 592 3178 ἐξεκαύθη
610 3110 648 3177 ἡ
667 3108 875 3179 καρδία
899 3126 1038 3179 μου,
1061 3109 1156 3162 καὶ
1196 3110 1250 3163 οί
1284 3113 1489 3180 νεφροί

64 3200 502 3270 ἠλλοιώθησαν.
520 3199 730 3271 Ἐπειδὴ
744 3200 848 3272 γὰρ
864 3198 1052 3269 ζηλῶν
1066 3200 1331 3270 ἐζήλωσα
1346 3200 1423 3267 τῷ
1437 3205 1628 3272 Κυρίῳ

65 3290 207 3345 κατὰ
217 3290 309 3343 τὸν
324 3290 603 3361 προφήτην
624 3288 827 3351 Ἦλίαν,
843 3288 1158 3361 ὲξειλκόμην
1168 3308 1226 3343 τε
1236 3294 1343 3355 τοῖς
1359 3296 1629 3365 λογισμοῖς

64 3377 207 3449 ὁρῶν
218 3377 434 3440 ἀσεϐεῖς
454 3375 899 3446 εὐθυμουμένους
915 3377 1048 3430 ἀλλὰ
1066 3380 1157 3432 καὶ
1177 3380 1489 3452 ὲπυρούμην
1508 3386 1631 3451 τοὺς

66 3466 300 3536 νεφροὺς
319 3463 495 3518 καὶτὰ
516 3462 653 3533 βάθη
675 3465 745 3518 τὰ
769 3462 971 3535 κρύφια
982 3465 1081 3534 τῆς
1092 3468 1328 3534 ἐμαυτοῦ
1345 3470 1540 3541 ψυχῆς·
1562 3472 1625 3524 δι’

64 3558 93 3609 6
113 3557 208 3611 καὶ
228 3556 431 3625 ἔλεγον,
463 3555 583 3608 Ὅτι
608 3553 874 3620 ἐζήλωσα
902 3554 1000 3608 ἐπὶ
1032 3555 1155 3621 τοῖς
1180 3557 1441 3626 ἀνόμοις,
1475 3561 1631 3627 ειρή-

64 3666 181 3717 νην
206 3644 569 3716 ἁμαρτωλῶν
595 3645 839 3713 θεωρῶν·
874 3644 1061 3699 τούτου
1088 3646 1243 3717 χάριν
1259 3647 1495 3717 ἠξιώθην
1520 3667 1629 3718 φω-

67 3740 319 3811 τισθῆναι
349 3738 453 3792 ὑπὸ
476 3739 567 3792 τοῦ
595 3737 906 3809 Πνεύματος
935 3739 1028 3792 καὶ
1065 3738 1163 3809 τὴν
1196 3739 1347 3792 πόλιν
1380 3740 1504 3794 [δεῖν
1535 3740 1627 3793 τοῦ

64 3831 225 3897 θεοῦ,
267 3829 393 3894 τούς
436 3847 494 3883 τε
526 3829 705 3895 ἀξίους
754 3830 921 3902 αὐτῆς
956 3829 1049 3884 καὶ
1088 3832 1211 3895 τοὺς
1258 3832 1353 3903 μή.
1397 3832 1539 3887 Ἀντὶ
1573 3834 1630 3887 δὲ

63 3924 157 3979 τοῦ
176 3924 538 3992 sesamo"
572 3923 611 3990 ἠ
641 3923 851 3991 καρδία
871 3940 988 3991 μου
1006 3961 1021 3986 ,
1051 3923 1080 3977 6
1110 3922 1418 3994 Σύμμαχος,
1445 3928 1627 3979 Συνε-

65 4016 377 4082 atellam,
417 4015 597 4086 φησιν,
698 4014 907 4083 καρδία
920 4032 1037 4083 μου
1056 4053 1071 4079 ,
1098 4017 1194 4070 καὶ
1210 4015 1380 4081 ἐντὸς
1398 4016 1514 4069 τῶν
1535 4034 1629 4071 νε..

63 4106 231 4175 ρρῶν
256 4122 379 4189 μοι(
422 4103 771 4173 διελεγόμην
806 4104 1148 4175 ἀντιλέγων.
1176 4102 1290 4158 Εἶθ’
1329 4107 1455 4178 ἑξῆς
1482 4106 1630 4179 εἴρη-
1674 4132 1675 4135 η

67 4214 176 4250 ται·
218 4198 333 4251 Kal
372 4194 486 4265 ἐγώ
526 4194 1020 4263 ἐξουθενημένος,
1069 4196 1166 4249 καὶ
1210 4198 1319 4251 οὐκ
1364 4198 1571 4269 ἔγνων·
1600 4201 1629 4254 6

63 4290 127 4360 δὴ
150 4288 483 4359 σαφέστερον
504 4286 844 4358 ὴρμήνευσεν
866 4287 895 4338 6
922 4286 1212 4358 Σύμμαχος
1229 4287 1417 4357 εἰπὼν,
1435 4292 1629 4361 Ἦμην

63 4380 132 4434 δὲ
158 4379 582 4449 ἀνεπιστήμων
611 4378 708 4431 καὶ
730 4376 817 4448 μὴ
856 4378 1044 4446 εἰδώς·
1070 4381 1162 4434 καὶ
1190 4381 1367 4435 πάλιν
1399 4384 1630 4450 Κτηνώ-

64 4471 174 4539 ἃης
192 4469 485 4541 ἐγενήθην
501 4467 657 4538 παρᾶ
681 4470 803 4524 σοι’
831 4470 864 4542 ἢ
891 4471 1029 4525 κατὰ
1046 4470 1137 4529 τὸν
1161 4472 1469 4544 Σύμμαχον,
1485 4478 1630 4541 lim;

1731 655 2101 720 sanctuarium
2131 655 2321 710 edocet
2347 656 2431 711 his
2462 657 2659 716 verbis.
2692 652 2930 715 Domine,
2970 654 3023 705 in
3063 652 3275 705 civitate

1731 750 1824 820 tua
1851 744 2128 813 imaginem
2162 745 2393 813 ipsorum
2416 744 2482 798 ad
2506 744 2724 798 nihilum
2744 742 2963 811 rediges.
2989 740 3141 817 Unde
3162 757 3277 796 me-

1730 834 1835 887 rito
1865 834 2023 889 divus
2055 836 2366 905 Apostolus,
2394 836 2558 905 utqui
2588 836 2861 891 caelestem
2882 834 2973 890 Dei
2998 833 3276 888 civitatem

1729 929 2181 993 nossetr-dicebat
2209 948 2220 981 :
2255 929 2577 983 Accessimus
2599 928 2665 981 ad
2700 927 2826 983 Sion
2852 936 3095 988 montem,
3133 934 3181 978 et
3203 926 3278 977 ci-

1729 1023 1938 1087 uitatem
1975 1018 2068 1074 Dei
2098 1020 2327 1073 rviventis
2356 1017 2651 1072 Jerusalem
2702 1017 3018 1081 scelestem‘;
3052 1028 3115 1068 ac
3152 1026 3279 1067 rur-

1730 1121 1849 1167 sdm
1869 1132 1881 1166 :
1902 1110 1929 1164 1
1935 1112 2007 1165 lla
2037 1126 2152 1165 vero
2172 1126 2286 1183 quia
2317 1125 2523 1163 sursum
2538 1118 2613 1162 est
2627 1106 2938 1170 Jerusalem,
2961 1106 3125 1161 libera
3144 1106 3278 1159 est“.

1729 1198 1880 1255 Hanc
1902 1199 2085 1270 itaque
2115 1198 2209 1254 Del
2229 1199 2497 1253 civitatem
2523 1198 2787 1267 Propheta
2826 1197 2917 1266 qui
2951 1197 3061 1266 jam
3096 1192 3280 1265 loqui-

1728 1299 1817 1345 tur
1869 1291 1948 1345 sic
2001 1282 2239 1345 indicat:
2278 1289 2511 1353 Domine,
2551 1292 2603 1342 in
2652 1289 2855 1343 civitate
2883 1298 2968 1341 tua
2993 1289 3271 1357 imaginem

1728 1384 1961 1451 ipsorum
1988 1381 2055 1435 ad
2089 1378 2307 1435 nihilum
2344 1381 2561 1451 rediges.
2591 1380 2724 1434 Nam
2760 1380 2827 1447 si,
2851 1380 3042 1451 inquit,
3076 1380 3259 1450 imagi-

1728 1486 1851 1526 nem
1883 1477 2297 1525 conserVassent
2348 1478 2517 1533 tuam,
2552 1469 2743 1523 merito
2774 1469 2991 1524 civitate
3048 1484 3266 1539 quoque

1728 1570 1821 1615 tua
1850 1559 2037 1614 donati
2067 1566 2251 1614 essent
2278 1577 2291 1612 :
2327 1565 2382 1612 at
2410 1558 2536 1627 quia
2566 1556 2717 1612 homo
2751 1574 2867 1613 cum
2894 1560 2948 1612 in
2974 1558 3165 1613 honore
3195 1575 3271 1613 es‘

1729 1661 1824 1717 set,
1860 1668 1962 1706 non
1996 1651 2252 1705 intellexit
2298 1664 2316 1701 :
2372 1660 2702 1715 comparatus
2756 1660 2831 1704 est
2859 1651 3113 1717 jumentis
3140 1652 3268 1705 insi-

1730 1744 2005 1815 pientibus,
2049 1754 2097 1797 et
2139 1743 2327 1798 similis
2361 1742 2531 1811 factus
2579 1753 2653 1797 est
2699 1742 2807 1797 illis
2838 1745 2879 1807 ⁸,
2920 1755 3077 1814 atque
3110 1743 3271 1798 modo

1732 1840 1947 1894 malitia:
1999 1854 2111 1895 sua:
2141 1838 2456 1908 congruenti
2486 1850 2606 1893 sese
2638 1838 2691 1891 in
2722 1822 2947 1907 agrestis
2980 1838 3104 1893 ferae
3148 1854 3269 1893 mo-

1731 1947 1845 1987 rem
1860 1930 2265 1994 transmutavit,
2305 1928 2589 1999 factusque
2614 1935 2697 1984 est
2725 1944 2897 1999 equus
2924 1929 3265 1994 emissarius,

1730 2032 1822 2079 aut
1847 2024 2009 2093 lupus
2040 2037 2229 2093 rapax,
2283 2030 2376 2076 aut
2424 2036 2645 2091 serpens
2674 2028 2726 2075 et
2761 2020 3008 2091 genimen
3056 2022 3268 2090 vipera-

1728 2128 1871 2179 rum,
1904 2114 2018 2169 sive
2054 2113 2188 2184 quid
2236 2112 2304 2168 iis
2345 2111 2554 2178 simile;
2613 2110 2736 2166 ideo
2788 2112 2948 2165 talem
2980 2112 3269 2181 imaginem

1728 2205 1882 2274 quasi
1929 2204 2294 2283 adulterinum
2334 2201 2603 2277 numisma
2652 2216 2718 2256 ex
2750 2201 2965 2257 civitate
2997 2218 3096 2256 sua
3128 2201 3276 2257 Deus

1728 2295 1930 2364 abiicit,
1964 2295 2030 2348 ad
2076 2295 2300 2350 nihilum
2335 2294 2548 2365 redigit,
2591 2308 2764 2362 neque
2798 2291 3014 2364 dignam
3056 2291 3272 2361 'judicat

1727 2387 1833 2441 illis
1864 2378 2104 2440 civitatis
2134 2400 2247 2440 sua)
2279 2385 2671 2440 mansionibus.
2718 2382 2850 2438 Nam
2886 2382 3027 2454 apud
3056 2383 3266 2438 Patrem

1728 2475 2038 2529 mansiones
2058 2474 2242 2529 multa
2269 2483 2414 2529 sunt.
2441 2474 2618 2540 Quare
2642 2474 2847 2528 dictum
2877 2480 2962 2529 est
2992 2493 3005 2527 :
3032 2471 3269 2534 Domine,

1726 2564 1779 2616 in
1811 2564 2020 2617 civitate
2051 2574 2143 2617 tua
2172 2565 2455 2634 imaginem
2506 2566 2734 2633 ipsorum
2771 2563 2841 2617 ad
2879 2552 3274 2617 niltilum'redi-

1726 2669 1833 2727 ges.
1869 2652 1978 2709 Hoc
2010 2654 2188 2722 itaque
2212 2652 2524 2722 prophetice
2545 2653 2724 2721 Asaph
2740 2635 2899 2721 quasi
2939 2649 3146 2712 amatus
3162 2648 3274 2701 Nu-

1727 2747 1891 2812 mine,
1920 2759 1983 2799 ac
2023 2742 2340 2798 illuminatis
2379 2742 2577 2797 mentis
2615 2743 2788 2796 oculis
2819 2740 3001 2795 futura
3025 2748 3272 2792 contem-

1730 2839 1927 2911 platus,
1958 2837 2172 2891 locutus
2205 2841 2313 2889 est.
2338 2832 2570 2889 Causam
2608 2847 2737 2889 vero
2786 2846 2885 2887 cur
2934 2831 3272 2885 illuminatus

1733 2929 1805 2984 sit
1832 2928 1899 2983 ad
1928 2928 2201 2984 civitatem
2238 2926 2327 2982 Dei
2354 2923 2794 2995 conspiciendam
2820 2937 2945 2977 mox
2987 2920 3160 2991 aperit
3186 2918 3272 2973 di-

1733 3035 1865 3076 cens
1894 3039 1908 3073 ε

1802 3110 1965 3167 νεεδ,
2017 3109 2204 3169 ιιι-(ιι.
2248 3109 2387 3175 Quia
2414 3109 2800 3177 inﬂammatum
2856 3116 2933 3161 est
2961 3122 3051 3160 cor
3082 3119 3271 3169 meum,

1734 3214 1782 3259 et
1810 3220 1955 3260 renes
1982 3203 2081 3258 mei
2103 3201 2407 3257 commutati
2445 3211 2586 3253 sunt.
2617 3198 2752 3264 Quia
2780 3199 2930 3259 enim
2974 3198 3083 3253 zelo
3110 3198 3274 3252 celavi

1683 3281 1699 3301 ⁴
1731 3298 1955 3353 Domino
1978 3334 1994 3359 ,
2029 3293 2324 3350 secundum
2370 3290 2537 3345 Eliam
2566 3289 2879 3360 prophetam
2905 3290 2950 3366 τ,
2993 3293 3278 3361 cogitatio-

1730 3390 1995 3459 nibusque
2015 3384 2337 3443 detrahehar
2354 3398 2476 3438 eum
2501 3396 2775 3440 cernerem
2800 3384 2995 3453 impios
3020 3397 3273 3453 prospere

1731 3493 1925 3548 agere;
1957 3478 2065 3530 imo
2088 3476 2251 3529 etiam
2282 3488 2440 3529 renes
2483 3474 2588 3528 mei
2618 3485 2829 3527 necnon
2869 3470 3135 3542 profunda
3179 3486 3267 3526 oc-

1729 3574 1981 3640 cultaque
2024 3569 2217 3624 animae
2264 3582 2396 3622 mea:
2440 3565 2767 3632 urebantur;
2828 3561 2949 3618 ideo
3001 3563 3263 3619 dicebam.

1731 3661 1869 3726 Quia
1893 3660 2059 3714 χειουί
2081 3673 2236 3727 super
2262 3658 2488 3727 iniquos,
2519 3652 2697 3725 pacem
2726 3662 3051 3725 peccatorum
3073 3653 3267 3729 uidens.

1729 3748 1907 3813 Quare
1937 3761 2257 3802 concessum
2282 3745 2411 3799 mihi
2453 3743 2552 3799 fuit
2583 3752 2642 3798 ut
2679 3744 3014 3807 illuminarer
3038 3757 3069 3797 a
3093 3732 3269 3812 Spiri-

1727 3847 1783 3893 tu
1838 3848 1894 3894 et
1919 3838 2158 3893 viderem
2183 3839 2455 3901 civitatem
2504 3835 2617 3900 Dei,
2659 3850 2866 3901 necnon
2895 3850 2991 3891 eos
3037 3835 3130 3906 qui
3178 3816 3270 3890 illa

1730 3932 1844 3987 sive
1874 3930 2046 4001 digni,
2078 3930 2192 3984 sive
2222 3928 2425 3999 indigni
2455 3935 2601 3982 sunt.
2631 3925 2738 3980 Pro
2778 3926 2871 3982 illo
2914 3934 3116 3993 autem,
3176 3925 3271 3981 In-

1728 4023 2057 4091 ﬂammatum
2086 4030 2162 4075 est
2206 4036 2294 4074 cor
2324 4034 2515 4083 meum,
2547 4016 2925 4089 Symmachus,
2982 4018 3270 4075 Contr-alte-

1728 4113 1901 4177 batur,
1930 4112 2126 4181 inquit,
2152 4125 2244 4164 cor
2277 4126 2467 4172 meum,
2497 4117 2553 4182 et
2582 4110 2725 4163 intra
2754 4126 2901 4171 renes
2926 4126 3063 4164 meos
3102 4112 3271 4165 ratio-

1728 4204 1946 4258 cinabar
1975 4202 2355 4258 contradicens.
2388 4199 2590 4256 Deinde
2619 4200 2818 4255 dicitur
2842 4221 2854 4255 :
2877 4200 2944 4255 Et
2963 4218 3053 4272 ego
3093 4202 3160 4256 ad
3188 4204 3271 4256 ni-

1728 4298 1893 4353 hilum
1926 4292 2171 4352 retiactus
2197 4312 2337 4357 sum,
2366 4303 2415 4349 et
2435 4295 2659 4357 nescivi;
2688 4296 2833 4364 quod
2866 4295 3069 4351 clarius
3103 4297 3271 4350 inter-

1729 4398 1971 4461 pretatus
2012 4387 2369 4461 Symmachus
2419 4396 2504 4442 est
2544 4385 2753 4448 dicens,
2792 4386 2953 4438 Eram
2988 4387 3186 4441 inscius
3220 4395 3271 4441 et

1728 4501 1832 4539 non
1858 4499 2182 4553 cognoscens.
2214 4480 2449 4535 Rursum
2480 4498 2493 4533 :
2530 4476 2596 4531 Ut
2614 4478 2905 4545 jumentum
2952 4476 3123 4543 factus
3154 4493 3270 4531 sum

64 4562 268 4630 νωδῶς
296 4560 603 4617 διετέλεσα
637 4560 795 4631 παρὰ
827 4563 945 4617 σοι.
977 4564 1083 4617 Kal
1122 4564 1254 4633 ἐγὼ,
1288 4565 1468 4636 φησιν,
1507 4565 1627 4620 δια-

1730 4580 1865 4649 apud
1899 4587 1975 4641 te;
2006 4576 2120 4633 sive
2149 4572 2444 4630 secundum
2477 4569 2876 4641 Symmachum,
2912 4566 3148 4625 Jumenti
3188 4571 3269 4622 in-

65 4654 295 4721 παντός
322 4653 470 4723 μετὰ
495 4652 630 4707 σοῦ·
658 4652 797 4706 κατὰ
812 4653 869 4706 δὲ
895 4654 983 4707 τὸν
1010 4654 1320 4725 Σύμμαχον,
1350 4657 1460 4709 Καὶ
1490 4670 1632 4709 συν-

63 4748 227 4815 ήμην
272 4761 371 4802 σοι
411 4746 750 4810 διαπαντός.
792 4747 853 4799 Εἰ
911 4745 1016 4817 γὰρ
1060 4746 1151 4799 καὶ
1189 4746 1258 4799 τὰ
1301 4746 1530 4816 μάλιστα
1561 4749 1622 4801 οὐ

70 4840 288 4909 συνείην
315 4839 444 4910 πρὶν
467 4837 794 4908 φωτισθῆναι
820 4837 913 4889 καὶ
944 4836 1145 4904 γνῶναι
1164 4837 1232 4890 τά
1257 4838 1383 4906 περὶ
1404 4840 1499 4909 τῆς
1523 4840 1622 4909 σῆς

70 4927 276 4990 πόλεως
298 4928 613 4999 λελεγμένα,
638 4927 732 4981 καὶ
755 4926 822 4980 τά
854 4926 1100 4999 περὶτῆς
1130 4929 1333 4992 εἰκόνος
1363 4927 1470 4981 τῶν
1498 4929 1622 4981 άσε-

68 5016 196 5071 ϐῶν
230 5019 327 5071 καὶ
366 5020 416 5071 el
442 5018 599 5090 δίκην
630 5018 823 5087 ἀλόγου
866 5018 1094 5089 κτήνους
1118 5018 1391 5071 διετέλεσα
1428 5020 1620 5089 πρότε-

71 5127 160 5180 ρον
186 5109 541 5179 άνοηταίνων,
565 5113 656 5165 καὶ
684 5112 759 5185 μὴ
782 5112 1069 5183 δυνάμενος
1092 5111 1363 5164 ἐπιϐαλεῖν
1388 5115 1497 5176 τοῖς
1526 5113 1623 5184 τῆς

70 5204 165 5275 σῆς
197 5202 451 5273 προνοίας
484 5203 679 5271 λόγοιςυ
723 5206 870 5276 ὅμως
904 5205 1012 5259 οὐκ
1036 5204 1485 5274 ἀπελιμπανόμην
1527 5223 1619 5260 σου

66 5295 160 5349 τοῦ
177 5292 340 5356 Θεοῦ,
367 5294 487 5347 οὐδὲ
509 5294 793 5357 ἐξέπιπτον
806 5295 901 5368 τῆς
930 5298 1019 5350 ἐπὶ
1042 5296 1099 5349 σὲ
1122 5295 1350 5358 ἐλπίδος,
1378 5298 1507 5367 συνή
1516 5314 1622 5368 μην

69 5387 121 5441 δέ
149 5403 230 5440 σοι
269 5384 587 5447 διαπαντός·
630 5388 724 5439 καὶ
754 5387 897 5440 τοῦτ’
930 5388 1192 5460 ἔπραττον
1223 5387 1320 5439 οὐκ
1361 5387 1419 5451 ἐξ
1457 5390 1623 5458 ἐμαυ-

68 5476 171 5531 τοῦ,
185 5477 485 5546 δυνάμεως,
507 5475 622 5529 ἀλλ’
646 5476 711 5529 ἐκ
729 5478 830 5547 τῆς
850 5480 947 5550 τῆς
976 5480 1212 5551 χάριτος.
1237 5480 1307 5532 Σὺ
1335 5479 1440 5549 γὰρ
1463 5481 1621 5544 αὐτὸς

72 5571 134 5639 τῇ
158 5567 355 5623 σαυτοῦ
382 5567 779 5640 φιλανθρωπίαι,
806 5574 902 5641 τῆς
936 5574 1074 5642 ἐμῆς
1102 5571 1277 5637 δεξιᾶς
1306 5570 1481 5641 χειρὸς
1506 5575 1623 5624 ἐπι-

74 5655 363 5727 λααμενος
386 5693 400 5721 ,
433 5656 668 5726 συνεῖχες
700 5659 792 5712 καὶ
820 5651 1118 5731 διεκράτεις
1151 5654 1283 5733 πρὸς
1310 5660 1371 5712 τὸ
1414 5660 1485 5730 μὴ
1509 5660 1621 5713 δια-

140 5830 163 5864 ⁵
184 5829 351 5888 Hebr.
383 5846 483 5898 ιιι,
509 5827 593 5886 32.
694 5830 715 5862 ³
744 5829 915 5886 Galat.
952 5848 1019 5895 IV,
1052 5832 1138 5887 26.

1727 4676 1842 4719 star
1878 4674 2112 4717 versatus
2139 4678 2254 4715 sum
2280 4660 2415 4728 apud
2449 4667 2515 4714 te.
2560 4658 2628 4711 Et
2668 4673 2779 4729 ego,
2826 4658 3022 4728 inquit,
3074 4673 3268 4725 semper

1728 4766 1924 4815 tecum:
1955 4752 2249 4808 secundum
2267 4751 2646 4821 Symmachum
2672 4760 2871 4813 autem,
2898 4748 2964 4802 Et
2981 4765 3086 4802 una
3104 4759 3267 4801 tecum

1722 4861 1865 4899 erant
1887 4858 2105 4911 semper.
2128 4840 2243 4895 Etsi
2264 4841 2406 4895 enim
2441 4856 2550 4895 non
2575 4841 2931 4911 intelligebam
2955 4840 3265 4910 priusquam

1724 4924 2053 4990 illuminarer
2074 4948 2137 4988 ac
2178 4947 2242 4987 ea
2268 4946 2648 5002 cognoscerem
2669 4947 2789 5004 qua:
2821 4932 2887 4987 de
2909 4926 3130 4986 civitate
3149 4938 3264 4995 tua,

1726 5041 2010 5082 necnonea
2036 5040 2157 5097 quae
2178 5025 2245 5080 de
2276 5026 2508 5094 imagine
2531 5026 2815 5094 impiorum
2843 5025 2984 5078 dicta
3019 5031 3176 5087 sunt;
3202 5038 3267 5077 ac

1724 5118 1938 5192 etiamsi
1962 5118 2133 5172 instar
2147 5118 2288 5173 bruti
2303 5117 2528 5185 jumenti
2551 5118 2699 5187 prius
2721 5117 2985 5187 degerem,
3004 5114 3270 5184 insipiens

1724 5219 1824 5260 nec
1843 5205 2188 5275 providentiae
2209 5214 2313 5261 tuae
2333 5206 2592 5261 rationem
2610 5207 2868 5275 attingere
2888 5204 3075 5257 valens
3091 5220 3110 5268 -,
3126 5212 3268 5257 atta-

1727 5313 1849 5353 men
1869 5298 1965 5353 ahs
1978 5306 2049 5361 te,
2070 5297 2228 5360 Deus,
2256 5314 2363 5353 non
2380 5298 2686 5360 deserehar.
2716 5280 2890 5365 neque
2914 5296 3010 5349 abs
3032 5309 3129 5364 spe
3150 5310 3265 5349 mea

1730 5390 1781 5442 in
1806 5402 1855 5443 te
1881 5391 2116 5460 reposita
2140 5390 2473 5451 excidebam,
2498 5390 2699 5457 tibique
2718 5402 2928 5462 semper
2948 5388 3161 5442 aderam
3181 5406 3193 5440 :
3213 5394 3266 5440 et

1730 5480 2096 5549 hoc,"agebam
2146 5495 2255 5533 non
2297 5494 2413 5535 mea
2458 5480 2669 5539 virtute,
2705 5476 2796 5532 sed
2828 5477 2998 5547 gratia
3038 5484 3148 5527 tua.
3185 5474 3265 5529 'l‘u

1727 5588 1959 5643 namque
1978 5572 2315 5627 humanitate
2333 5580 2446 5633 tua,
2471 5576 2680 5636 arrepta
2702 5584 2860 5621 manu
2876 5564 3100 5643 dextera
3122 5581 3262 5625 mea.

1727 5680 1811 5718 me
1845 5665 2126 5719 detinebas
2156 5662 2624 5732 astringebasque,
2652 5668 2710 5714 ut
2753 5674 2821 5713 ne
2865 5657 3270 5713 cll’underentur

1218 5835 1235 5863 ε
1264 5830 1403 5889 Psal.
1434 5832 1595 5887 xum
1618 5873 1631 5897 ,
1668 5833 1755 5887 21.
1830 5834 1849 5864 ⁷
1874 5833 1914 5888 ll
1943 5833 2069 5906 Reg.
2103 5851 2215 5900 nx,
2250 5832 2339 5891 l0.
