3966 6348
672 392 775 447 8n
881 374 883 376 ’

1321 391 1580 450 unseen
1620 388 2090 447 czesammsxs
2125 390 2271 445 opp.
2313 389 2488 443 psus
2523 359 2611 444 ut.
2649 413 2718 428 -—
2752 386 3150 445 meamea.

3715 386 3819 443 8‘8

669 512 891 580 vestigia
921 525 1055 575 mea,
1081 524 1253 580 neque
1279 512 1440 580 pedes
1472 517 1810 563 moverentur
1837 522 1865 560 a
1894 521 2008 559 mea
2046 504 2177 575 apud

2284 505 2487 574 χεῖσθαι
2517 523 2617 575 μου
2655 504 2722 558 τά
2752 504 3075 574 διαδήματα,
3110 504 3239 574 μηδὲ
3263 506 3560 570 τουςπόδας
3592 524 3694 577 μου
3726 524 3792 560 σει

669 608 722 655 te
745 601 989 656 statione.
1014 599 1346 669 Quapmpter
1370 599 1494 667 dico
1527 618 1540 651 :
1581 596 2041 650 Tenuistimanum
2060 590 2185 645 dea-'-

670 700 832 746 tersm
872 707 1056 746 meam.
1082 688 1281 749 Bonam
1307 690 1504 760 quippe
1527 688 1794 743 dexteram
1831 685 1991 761 habui
2009 726 2022 748 ,
2050 698 2185 753 prae-7

667 780 893 835 vsiidatn
926 789 979 834 et
1008 785 1304 849 paternam,
1335 778 1553 833 dextera
1581 777 1761 829 omnia
1789 783 1841 828 et
1870 774 1966 828 tibi
1990 774 2185 843 placita

665 854 1001 938 peragentem
1043 881 1253 935 :quare
1298 873 1508 935 arrepta
1572 866 1683 928 illa,
1724 866 1778 916 in
1810 864 2067 918 voluntate
2097 876 2185 917 tua

664 956 925 1031 deduxisti
952 970 1066 1018 me;
1096 955 1210 1010 sive
1228 955 1520 1009 secundum
1547 946 1946 1024 Symmachum,
1969 954 2185 1007 consilio

636 1056 645 1096 ξ
666 1055 751 1098 tuo
777 1044 974 1099 duxisti
994 1061 1093 1109 me,
1134 1059 1163 1097 a
1207 1045 1419 1099 mortali
1447 1060 1529 1098 me
1559 1046 1664 1097 vita
1699 1043 2003 1104 traducens,
2038 1050 2091 1098 et
2116 1044 2211 1098 ad.

663 1133 1006 1201 tranquillum
1038 1140 1319 1201 tutumque
1352 1130 1552 1199 requiei
1602 1138 1706 1182 tua:
1755 1136 1967 1198 portum
2017 1127 2184 1182 dedu-

663 1237 823 1288 cens;
858 1222 929 1275 ita
959 1227 1017 1274 ut
1048 1222 1093 1276 si
1116 1220 1390 1274 dexteram
1421 1234 1589 1273 meam
1624 1233 1728 1272 non
1759 1217 2042 1282 tenuisses,
2068 1218 2180 1285 jam

660 1313 787 1367 olim
835 1312 992 1381 quasi
1022 1308 1068 1364 'a
1118 1316 1356 1365 torrente
1388 1310 1663 1379 abreptus,
1694 1309 2021 1377 pedibusque
2055 1307 2183 1363 sub-

660 1418 868 1466 versus,
905 1403 959 1455 in
989 1409 1299 1467 .extremam
1348 1400 1637 1468 perniciem
1676 1398 1939 1466 delapsus
1983 1412 2177 1452 essem.

615 1486 620 1490 ”
661 1490 813 1546 Nunc
844 1506 971 1546 vero
1004 1500 1060 1545 tu
1091 1491 1202 1559 ipse
1230 1490 1440 1543 tenuisti
1466 1504 1675 1542 manum
1704 1488 1968 1541 dexteram
1992 1502 2178 1551 meam,

658 1589 707 1633 et
737 1581 791 1632 in
817 1569 1076 1633 uoluntate
1105 1588 1195 1632 tua
1226 1578 1490 1632 deduxisti
1521 1593 1599 1631 me
1637 1592 1655 1630 :
1701 1592 1764 1631 ac
1807 1578 2024 1631 demum
2060 1583 2183 1647 post

659 1679 978 1726 memoratas
1030 1667 1348 1725 tentatiOnes
1411 1676 1487 1724 et.
1533 1674 1875 1737 tempestates
1946 1666 2181 1721 animam

659 1764 1029 1833 perturbantes
1065 1776 1259 1824 meam,
1305 1759 1421 1814 sine
1447 1756 1686 1826 periculo
1712 1770 1808 1825 per
1838 1755 1959 1809 vitae
1980 1748 2181 1807 'lluctus

2266 595 2524 679 ,λεύεσθαι
2545 597 2641 666 τῆς
2660 594 2807 666 παρά
2832 592 2911 648 σοὶ
2936 595 3188 658 στάσεως.
3219 596 3307 649 Διό
3341 610 3496 667 φημιο
3539 596 3790 664 ΪΕκράτη

2282 697 2397 749 σας
2425 683 2533 750 τῆς
2554 684 2739 753 χειρὸς
2786 684 2893 753 τῆς
2924 682 3119 749 δεξιᾶς
3150 700 3285 752 μου.
3318 681 3473 755 Εἶχον
3499 685 3607 755 γὰρ
3646 685 3813 754 καλὴν

2282 769 2474 838 δεξιὰν,
2506 775 2812 845 ἐρρωμένην
2839 775 2927 828 καὶ
2955 774 3216 844 πατρικὴν
3243 772 3341 842 (Ι),
3373 774 3441 827 τά
3474 773 3619 838 δεξιὰ
3639 774 3813 826 πάντα

2282 865 2374 918 καὶ
2387 865 2453 918 τά
2472 881 2554 917 σοι
2573 864 2772 935 ἀρεστά
2801 866 3155 937 πράττουσαν·
3182 865 3247 918 δι’
3269 864 3299 917 δ
3320 864 3707 935 ἐπιλαϐόμενος
3718 864 3812 917 a6-

2282 958 2395 1027 τῆς,
2424 955 2497 1025 τῇ
2511 956 2711 1025 βουλῇ
2733 973 2845 1010 σου
2882 954 3191 1024 ὡδήγησάς
3220 971 3312 1024 με’
3348 955 3382 1025 ἢ
3406 955 3546 1008 κατὰ
3565 954 3817 1024 τδνΣύμ-

2283 1066 2473 1120 μαχον,
2500 1047 2574 1116 τῇ
2592 1044 2921 1116 συμϐουλίᾳ
2956 1063 3067 1099 σου
3102 1044 3413 1115 ὡδήγησάς
3435 1062 3509 1114 με
3528 1085 3545 1109 ,
3572 1046 3664 1098 τὸν
3688 1044 3815 1115 θνη-

2279 1136 2370 1191 τὸν
2390 1135 2789 1205 διαπορθμεύων
2811 1133 2940 1203 βίον,
2976 1134 3065 1187 καὶ
3089 1135 3167 1196 εἰς
3187 1132 3355 1197 εὕδων
3379 1134 3472 1185 καὶ
3496 1132 3709 1201 ἀσφαλῆ
3737 1132 3813 1185 λι-

2285 1228 2414 1299 μένα
2439 1229 2536 1297 τῆς
2568 1222 2715 1298 παρὰ
2743 1218 2824 1279 σοὶ
2856 1224 3202 1288 ἀναπαύσεως
3224 1224 3567 1296 χειραγωγῶν
3595 1241 3685 1291 με·
3720 1225 3814 1287 ὡς.

2281 1319 2332 1370 εἴ
2350 1335 2411 1385 γε
2436 1317 2507 1388 μὴ
2536 1318 2631 1386 τῆς
2656 1316 2833 1380 δεξιᾶς
2854 1316 2949 1386 τῆς
2973 1316 3108 1386 ἐμῆς
3134 1316 3503 1386 κεκρατήκεις,
3526 1313 3695 1368 πάλαι
3727 1314 3784 1366 ἀι.
3802 1353 3815 1376 ,

2280 1407 2466 1477 ῶσπερ
2517 1407 2620 1460 ύπὺ
2670 1408 2963 1478 χειμάρρου
3018 1406 3408 1475 κατασύροντος
3462 1407 3817 1477 περιτραπεὶς

2279 1495 2401 1558 τοὺς
2422 1497 2521 1565 τῆς
2541 1496 2711 1575 ψυχῆς
2731 1496 2916 1558 πόδας,
2933 1494 3180 1566 πτώματι
3202 1496 3553 1565 περιέπιπτον
3574 1494 3809 1566 ἐξαισίῳ.

2280 1584 2391 1637 Νῦν
2411 1585 2467 1638 δὲ
2495 1584 2557 1637 σὺ
2582 1584 2742 1648 αὐτὸς
2764 1583 3091 1653 ἐκράτησας
3122 1584 3229 1652 τῆς
3255 1584 3448 1653 χειρὸς
3476 1584 3583 1653 τῆς
3615 1583 3817 1652 δεξιᾶς

2274 1690 2410 1743 μου,
2436 1674 2533 1727 καὶ
2556 1674 2626 1726 ἐν
2646 1672 2719 1740 τῇ
2733 1671 2933 1741 βουλῇ
2957 1687 3072 1727 σου
3090 1672 3400 1741 ὠδήτησάς
3412 1689 3508 1742 με.
3534 1674 3641 1745 καὶ
3664 1673 3817 1736 τέλος

2282 1762 2417 1831 μετά
2438 1763 2562 1825 τοὺς
2584 1761 2909 1831 δηλωθέντας
2933 1763 3258 1834 πειρασμοὺς
3282 1765 3518 1827 καὶτοὺς
3547 1764 3817 1835 χειμῶνα-ς

659 1827 944 1908 deductum
975 1867 1090 1904 cum
1109 1852 1280 1921 gloria
1310 1846 1580 1915 suscepisti
1612 1862 1710 1909 me,
1740 1844 1874 1899 nihil
1907 1843 1961 1897 in
1986 1850 2066 1897 tot
2093 1857 2177 1896 ca-

2279 1827 2403 1915 τοὺς
2424 1827 2916 1923 ἀναθορύϐήσαντάς
2949 1827 3049 1923 μού
3083 1827 3180 1924 τήν
3208 1851 3414 1925 ψυχὴν,
3442 1827 3712 1923 διαγαγῶν
3747 1873 3813 1926 με

659 1946 808 2003 sibus
866 1946 991 2000 mali
1048 1955 1380 2014 perpessum.
1437 1939 1742 1995 Secundum
1804 1934 2180 2007 Symmachum

656 2045 856 2103 autem,
892 2035 1177 2099 Postremo,
1210 2030 1303 2097 ait,
1323 2030 1484 2085 honor
1499 2045 1578 2082 me
1602 2026 1813 2095 excepit.

726 2318 890 2375 Vsus.
917 2314 1109 2372 95-28.
1153 2313 1289 2380 Quia
1307 2314 1441 2366 enim
1473 2309 1598 2363 mihi
1628 2317 1703 2365 est
1732 2308 1785 2361 in
1817 2309 1965 2372 caelo,
1992 2315 2041 2362 et
2069 2323 2102 2362 a
2133 2276 2182 2361 te

657 2410 779 2483 quid
803 2408 939 2463 uolui
975 2420 1125 2474 super
1152 2404 1382 2458 terram?
1410 2399 1581 2461 Tuus.
1623 2399 1815 2470 inquit,
1861 2414 1985 2470 erga
2014 2399 2181 2454 homi-

660 2519 757 2559 nes
778 2514 950 2564 amor,
972 2493 1340 2553 misericordia
1370 2493 1493 2547 item
1522 2499 1575 2545 et
1609 2490 1775 2560 gratia
1804 2498 1918 2556 tua,
1940 2490 2179 2545 omnium

658 2592 788 2649 mihi
836 2591 1100 2647 bonorum
1146 2599 1310 2640 causa
1354 2582 1472 2637 fuit.
1534 2579 1646 2635 Tua
1698 2581 1895 2651 quippe
1947 2578 2180 2634 bonitate

654 2700 807 2747 usus,
844 2678 1050 2735 tenuisti
1088 2692 1297 2730 manum
1348 2672 1615 2728 dexteram
1648 2687 1835 2736 meam,
1867 2674 1920 2726 et
1950 2670 2177 2725 servasti

655 2790 759 2837 me,
782 2773 852 2826 ita
880 2779 940 2825 ut
970 2784 1067 2824 nec
1102 2768 1264 2838 pedes
1283 2765 1400 2819 mei
1428 2769 1788 2825 moverentur,
1828 2775 1929 2815 nec
1961 2772 2179 2829 gressus

654 2866 759 2920 mei
783 2863 1204 2937 eﬂ'undereutur.
1230 2857 1333 2911 Sed
1356 2856 1514 2910 etiam
1546 2871 1662 2907 cum
1704 2852 1874 2925 gloria
1909 2854 2179 2921 suscepisti

652 2970 768 3025 me:
804 2952 1054 3021 quoniam
1087 2948 1189 3002 hoc
1211 2946 1307 3000 tibi
1336 2951 1517 3013 utpote
1536 2943 1675 2996 bono
1706 2942 1816 2997 Deo
1844 2943 2018 3009 inest;
2048 2941 2178 2995 mihi

651 3046 790 3101 enim
814 3042 943 3121 nihil
969 3041 1022 3094 in
1052 3038 1190 3093 CtBiO
1215 3043 1330 3103 est;
1367 3046 1538 3103 neque
1566 3042 1624 3088 ut
1662 3034 1842 3089 debita
1891 3034 2021 3089 mihi
2064 3032 2178 3088 haec
2206 3048 2207 3051 ‘

2280 1940 2567 2005 ἀκινδύνως
2604 1942 2673 1995 τά
2705 1943 2796 1996 τοῦ
2837 1942 2949 2012 βίου
2973 1942 3238 2014 ῥεύματα,
3253 1944 3403 2013 μετὰ
3427 1943 3609 2012 δόξης
3636 1960 3817 2014 spon-

2278 2030 2493 2084 ελάϐου
2506 2047 2601 2099 με,
2624 2030 2783 2102 μηδὲν
2804 2031 3101 2085 πεπονθότα
3118 2033 3221 2084 ὑπὸ
3230 2032 3337 2085 τῶν
3357 2033 3639 2088 τοσούτων.
3655 2033 3819 2087 Κατὰ

2277 2121 2335 2176 δὲ
2365 2121 2455 2176 τὸν
2491 2121 2795 2194 Σύμμαχον,
2830 2124 3136 2191 ’Υστεροικ
3175 2123 3324 2193 φησὶ,
3351 2122 3489 2193 τιμὴ
3516 2122 3819 2189 διεδέξατο

2272 2225 2368 2279 με.

2350 2322 2412 2377 Τί
2439 2320 2548 2391 γάρ
2590 2339 2690 2393 μοι
2731 2321 2978 2394 ὑπάρχει
3003 2322 3072 2377 ἐν
3112 2320 3191 2388 τῷ
3228 2321 3477 2389 οὐρανῷ,
3525 2322 3625 2377 καὶ
3657 2324 3820 2392 παρὰ

2276 2411 2390 2467 σοῦ
2424 2413 2483 2466 τί
2510 2411 2777 2480 ἠθέλησα
2796 2411 2894 2466 ἐπὶ
2915 2409 3022 2480 τῆς
3050 2410 3197 2481 τῆς;
3237 2412 3299 2465 Ἦ
3325 2412 3391 2483 σὴ
3418 2411 3820 2483 φιλανθρωπία.

2278 2502 2428 2574 φησὶ,
2461 2502 2554 2556 καὶ
2584 2501 2643 2555 τὺ
2676 2501 2765 2579 σὺν
2794 2501 2938 2565 ἔλεος
2976 2503 3068 2555 καὶ
3098 2503 3130 2573 ή
3162 2502 3316 2573 χάρις
3345 2503 3559 2556 πάντων
3595 2519 3683 2573 μοι
3709 2502 3818 2557 τῶν

2275 2593 2491 2661 ἀγαθῶν
2529 2594 2747 2663 γέγονεν
2776 2592 2938 2647 αἰτία.
2973 2592 3049 2663 Τῇ
3091 2592 3196 2664 γὰρ
3244 2591 3437 2646 σαυτοῦ
3476 2591 3819 2664 χρησάμενος

2276 2683 2612 2757 ἀγαθωσύνῃ,
2635 2682 2966 2753 ἐκράτησας
2985 2681 3091 2751 τῆς
3110 2685 3300 2754 χειρὸς
3319 2682 3427 2751 τῆς
3449 2682 3817 2752 δεξιᾶς-ομοιι,

2276 2772 2368 2826 καὶ
2406 2772 2663 2835 διέσωσάς
2707 2790 2773 2842 με
2792 2811 2807 2837 ,
2848 2773 2986 2826 ὥστε
3027 2774 3101 2844 μὴ
3129 2772 3441 2842 σαλευθῆναι
3470 2773 3596 2836 τοὺς
3626 2771 3817 2837 πόδας,

2279 2863 2410 2933 μηδέ
2439 2862 2747 2934 διαχυθῆναι
2776 2880 2874 2933 μου
2896 2864 2964 2917 τά
2991 2864 3312 2934 διαδήματα.
3361 2861 3521 2916 Ἀλλά
3541 2864 3635 2916 καὶ
3664 2864 3822 2931 μετὰ

2275 2950 2454 3018 δόξης
2475 2950 2844 3019 προσελάσαι)
2858 2966 2933 3019 με
2948 2965 2963 2979 ·
3010 2952 3297 3023 ἐπειδήπερ
3317 2953 3398 3004 σοὶ
3416 2952 3570 3005 τοῦτο
3675 2953 3821 3019 ἀγα-

2277 3041 2352 3112 θῷ
2374 3040 2491 3112 Θεῷ
2520 3040 2774 3112 πάρεστιν
2790 3056 2805 3071 ο
2831 3040 2950 3110 ἐμοὶ
2974 3040 3079 3112 γάρ
3103 3040 3252 3094 οὐδὲν
3274 3041 3507 3113 ὑπάρχει
3533 3043 3588 3096 ἐν
3612 3040 3686 3111 τῷ
3724 3042 3822 3094 ού-

655 3138 999 3190 aecesserunt
1021 3150 1035 3185 :
1060 3130 1240 3185 nullus
1272 3143 1399 3185 sane
1433 3130 1563 3184 mihi
1595 3130 1646 3182 in
1677 3128 1816 3182 coelo
1847 3134 1951 3192 est,
1984 3128 2090 3182 nisi
2118 3134 2172 3180 tu

2276 3130 2421 3201 ρανῷ
2443 3170 2458 3195 ,
2505 3130 2623 3183 οὐδὲ
2665 3128 2803 3183 κατά
2849 3128 3063 3200 ὀφειλήν
3091 3146 3179 3199 μοι
3216 3128 3385 3207 ταῦτα
3414 3129 3660 3197 γέγονεν·
3696 3128 3821 3182 ἀλλ’

651 3227 821 3281 solus.
870 3222 1046 3289 Quare
1090 3220 1225 3275 nihil
1275 3220 1329 3274 in
1365 3230 1507 3275 terra
1536 3221 1679 3275 volui
1710 3219 1807 3273 abs
1831 3228 1883 3272 te
1909 3219 2172 3281 obtinere,

649 3328 822 3383 neque
851 3310 1027 3382 optavi
1053 3308 1303 3363 mortales
1332 3307 1608 3378 ﬂuusque
1635 3324 1723 3363 res
1748 3306 2024 3376 consequi.
2050 3304 2204 3361 Jure.

651 3413 828 3459 autem
863 3401 993 3456 nihil
1025 3407 1129 3453 ate
1151 3398 1292 3454 volui
1330 3398 1385 3452 in
1408 3406 1573 3464 terra,
1603 3397 1728 3467 quia
1749 3397 1996 3451 cmlestes
2024 3410 2176 3449 man-

651 3496 828 3549 siones
858 3499 1211 3563 peroptarem,
1226 3496 1279 3542 et
1298 3488 1437 3543 bona
1459 3488 1547 3541 illa
1569 3486 1824 3556 consequi
1843 3492 2163 3555 expeterem.

649 3578 1163 3647 ldeotabescebam,
1193 3576 1465 3645 vitamque
1506 3576 1864 3639 macerabam,
1901 3590 1994 3629 cor
2040 3573 2182 3627 alni--

648 3678 858 3748 gebam‘,
888 3672 1013 3745 quia
1052 3680 1105 3727 te
1133 3673 1297 3728 Deum
1326 3674 1381 3725 in
1409 3671 1519 3742 spei
1566 3686 1696 3746 mete
1738 3660 2035 3739 portionem
2070 3684 2171 3741 po-

649 3778 880 3823 Sueram.
921 3762 1274 3829 Quamobrem
1318 3761 1437 3817 dico
1463 3780 1475 3815 :
1507 3761 1698 3830 Defecit
1728 3778 1848 3815 caro
1880 3778 1988 3814 mea
2014 3770 2062 3814 et
2084 3776 2172 3814 cor

649 3871 855 3919 meum;
889 3853 1024 3909 Deus
1072 3854 1241 3908 cordis
1273 3853 1372 3906 mei
1398 3862 1448 3907 et
1478 3866 1599 3920 pars
1632 3867 1745 3905 mea
1774 3850 1911 3904 Deus
1938 3852 1992 3904 in
2022 3860 2170 3905 teter—

646 3965 790 4004 num.
821 3946 957 4013 Quia
985 3962 1095 4001 ecce
1122 3948 1209 4018 qui
1235 3947 1585 4014 elongantsea
1608 3954 1674 4005 te,
1703 3942 1975 4011 peribunt;
2001 3942 2173 4009 perdi-

648 4041 773 4094 disti
802 4055 974 4093 omnes
991 4040 1078 4109 qui
1103 4039 1428 4108 fornicamur
1448 4035 1538 4088 abs
1561 4045 1627 4089 te.
1646 4033 1778 4087 Mihi
1798 4045 1969 4087 autem
1996 4034 2172 4088 adlue-

650 4143 759 4181 rere
789 4126 891 4180 Deo
925 4125 1112 4181 bonum
1137 4134 1233 4191 est,
1262 4140 1447 4193 ponere
1480 4125 1536 4175 in
1567 4123 1788 4176 Domino
1808 4139 1943 4189 spem
1967 4138 2168 4187 meam;

648 4229 705 4274 ut
738 4218 1037 4273 annuutiem
1071 4233 1243 4270 omnes
1268 4214 1447 4268 laudes
1481 4222 1597 4265 luas
1624 4213 1676 4265 in
1692 4214 1853 4280 portis
1882 4213 2006 4281 ﬁlim
2020 4213 2167 4267 Sion.

648 4312 906 4382 Superius
941 4308 1154 4379 quidem
1191 4306 1433 4361 dicebam
1462 4324 1474 4359 :
1511 4304 1577 4356 Et
1612 4321 1702 4373 ego
1746 4320 1941 4372 semper
1969 4314 2169 4369 tecum;

643 4405 755 4457 sive
776 4401 1065 4456 secundum
1091 4397 1487 4471 Symmachum,
1515 4396 1581 4449 Et
1601 4413 1692 4467 ego
1717 4413 1820 4450 una
1846 4406 2009 4449 tecum
2024 4412 2168 4449 eram

2276 3220 2395 3274 οὐδὲ
2418 3220 2529 3273 ἔστι
2559 3220 2647 3290 μοί
2673 3237 2754 3282 τις
2775 3218 2928 3282 ἄλλος
2956 3222 3012 3273 ἐν
3034 3218 3109 3289 τῷ
3134 3217 3339 3290 ούρανῷ
3365 3219 3398 3290 ἢ
3430 3220 3493 3273 σὺ
3740 3222 3822 3273 Δι’

2275 3312 2303 3365 ὃ
2329 3310 2477 3366 οὐδὲν
2515 3312 2604 3365 ἐπὶ
2633 3312 2727 3383 τῆς
2764 3312 2868 3381 γῆς
2909 3312 3139 3383 ἠθέλησα
3171 3310 3317 3382 παρὰ
3362 3310 3455 3363 σοῦ
3490 3310 3820 3383 κτήσασθαι,

2273 3402 2391 3455 οὐδὲ
2417 3400 2662 3473 ηὐξάμην
2688 3404 2869 3472 τυχεῖν
2897 3401 3101 3471 θνητῶν
3131 3402 3223 3454 καὶ
3251 3402 3522 3472 ἐπικήριον
3549 3402 3816 3473 πραγμά-

2272 3510 2397 3547 των.
2419 3493 2651 3557 Εἰκότως
2669 3493 2724 3547 δὲ
2746 3494 2893 3547 οὐδὲν
2916 3494 3061 3566 παρὰ
3082 3494 3172 3547 σοῦ
3195 3491 3428 3563 ⁴ήθέλησα
3448 3493 3539 3545 ἐπὶ
3557 3494 3659 3563 τῆς
3681 3495 3817 3564 γῆς·

2271 3583 2367 3648 τάς
2387 3584 2494 3655 γὰρ
2513 3587 2570 3637 ἐν
2595 3583 2800 3653 οὐρανῷ
2825 3583 3043 3637 ἐπόθουν
3063 3583 3357 3654 διατριϐὰς,
3382 3581 3604 3637 καὶτῶν
3630 3585 3823 3638 αὐτόθι

2272 3674 2485 3744 ἀγαθῶν
2518 3675 2693 3743 τυχεῖν
2723 3674 2983 3744 ηὐχόμην.
3036 3675 3111 3725 Δι’
3142 3672 3171 3725 δ
3199 3673 3493 3742 κατέτηκον
3518 3672 3611 3726 τὸν
3642 3676 3820 3743 ἐμαυ-

2270 3749 2535 3833 τοῦἷβίον,
2572 3762 2664 3815 καὶ
2690 3761 2785 3832 τὴν
2817 3762 2906 3813 ἐπὶ
2936 3760 3038 3829 γῆς
3069 3760 3207 3829 ζωὴν
3235 3753 3591 3830 κατέτρυχον,
3622 3763 3728 3829 τήν
3759 3777 3820 3814 τι

2272 3854 2491 3925 καρδίαν
2518 3869 2616 3933 μου
2639 3851 2981 3917 κατεπόνουν,
3011 3850 3069 3903 σὲ
3096 3851 3251 3919 μόνον
3267 3848 3359 3902 τὸν
3378 3848 3507 3901 Θεὸν
3523 3852 3624 3919 τῆς
3646 3851 3821 3919 ἐμαυ-

2268 3942 2359 3997 τοῦ
2394 3940 2820 4011 ἐλπίδοςμερίδα
2844 3939 3133 4010 τιθέμενος.
3187 3936 3345 3992 Ὅθεν
3371 3937 3540 4007 φημίο
3587 3937 3819 4001 Ἐξέλι-

2271 4047 2382 4086 star
2423 4034 2462 4099 ἠ
2507 4030 2659 4099 σάρξ
2699 4048 2815 4100 μου
2853 4030 2948 4101 καὶ
2980 4029 3018 4096 ἡ
3053 4027 3432 4097 καρδίαμου·
3466 4030 3499 4080 ό
3534 4025 3821 4105 ρεόςτῆς

2256 4120 2510 4191 καρδίας
2535 4138 2672 4190 μου,
2697 4121 2792 4174 καὶ
2825 4122 2863 4188 ἡ
2896 4120 3060 4189 μερίς
3074 4121 3237 4191 μουδ
3266 4117 3407 4183 Θεὸς
3429 4118 3515 4183 εις
3540 4116 3651 4172 τὸν
3680 4116 3821 4170 ali:-

2268 4226 2361 4265 να.
2417 4211 2542 4262 Ὀτι
2578 4208 2702 4262 ἰδοὺ
2757 4212 2810 4283 ol_
2834 4210 3232 4288 μακρύνοντες
3263 4205 3510 4273 ἑαυτοὺς
3532 4206 3657 4261 ἀπὸ
3698 4206 3820 4261 σοῦ

2269 4299 2628 4355 ἀπολοῦνται
2643 4317 2656 4330 ·
2672 4298 3110 4366 ἐξωλόθρευσας
3128 4297 3319 4352 πάντα
3332 4298 3435 4351 τὸν
3447 4298 3819 4365 πορν-δύοντα

2270 4391 2385 4443 ἀπὸ
2415 4389 2548 4444 σοῦ.
2579 4389 2731 4459 Ἐμοὶ
2758 4389 2825 4441 δὲ
2843 4389 2906 4442 τὸ
2928 4387 3409 4457 προσκολλᾶσθαι
3434 4386 3513 4452 τῷ
3538 4388 3666 4452 Θεφ
3682 4386 3821 4456 ἀπι-

643 4510 873 4562 semper;
906 4494 1154 4547 nimirum
1183 4492 1305 4554 ﬁde,
1336 4491 1612 4544 voluntate
1644 4500 1697 4543 et
1733 4487 2019 4543 dilectione
2044 4502 2169 4557 erga

2274 4484 2377 4537 θόν
2402 4483 2550 4546 ἐστι,
2583 4483 2837 4536 τίθεσθαι
2861 4480 2930 4534 ἐν
2955 4480 3032 4547 τῷ
3054 4482 3245 4551 Κυρίῳ
3275 4480 3388 4548 τὴν
3436 4476 3653 4533 ἐλπίδα
3672 4495 3820 4547 μου,

644 4595 695 4637 te
712 4599 829 4638 mea
855 4603 867 4637 :
895 4597 1038 4636 nunc
1078 4590 1253 4636 autem
1296 4596 1511 4636 causam
1554 4586 1736 4650 aperte
1764 4578 1978 4648 profero
2008 4593 2175 4648 quare

644 4690 749 4728 una
787 4682 963 4728 tecum
1010 4670 1219 4740 semper
1246 4672 1457 4735 fuerim,
1490 4677 1646 4739 teque
1675 4669 1973 4739 portionem
1997 4682 2171 4723 meam

645 4766 943 4834 posuerim.
966 4761 1209 4817 Sciebam
1241 4761 1404 4825 enim,
1432 4775 1494 4814 ac
1517 4762 1671 4828 plane
1704 4774 2019 4830 persuasum
2040 4755 2173 4812 mihi

618 4850 776 4917 ‘erat,
809 4853 1057 4924 quoniam
1092 4850 1194 4915 Qui
1216 4848 1455 4920 elongant
1483 4865 1536 4901 se
1554 4865 1587 4899 a
1617 4857 1684 4913 te,
1710 4850 1945 4916 peribunt
1968 4863 1987 4901 .'
2007 4860 2175 4918 quare

643 4958 751 4997 non
794 4958 878 4997 me
910 4943 1006 4997 abs
1033 4948 1085 4993 te
1114 4933 1311 5001 amovi,
1343 4938 1555 4993 etiamsi
1604 4938 1916 4991 (ecouomire
1945 4944 2049 4990 tua:
2082 4950 2173 4990 ra—

645 5035 842 5087 tionem
872 5035 1197 5101 ignorarem,
1248 5028 1342 5083 sed
1388 5042 1497 5082 una
1534 5034 1886 5082 tecum'eram
1936 5038 2167 5097 semper.

642 5106 779 5179 Sese
808 5120 969 5192 porro
1019 5137 1049 5175 a
1094 5120 1204 5175 Deo
1244 5128 1491 5174 amovent
1544 5118 2076 5189 quotquotrpeccatis
2118 5126 2173 5173 et

645 5215 818 5270 atheis
846 5198 1130 5282 impiisque
1162 5208 1574 5281 cogitationibus
1597 5223 1655 5264 se
1681 5207 1789 5262 Deo
1808 5206 2011 5263 alienos
2038 5223 2171 5263 con-

646 5306 873 5360 stituunt
923 5321 936 5355 :
989 5302 1077 5369 qui
1127 5307 1329 5371 quanto
1376 5298 1589 5367 longius
1642 5297 1709 5351 ab
1756 5311 1821 5351 eo
1866 5297 2168 5360 discedunt,

644 5405 790 5449 tanto
826 5392 1079 5463 perniciei
1113 5389 1463 5460 propinquius
1490 5386 1789 5450 accedunt;
1822 5396 1879 5442 ut
1900 5388 2017 5444 vice
2048 5402 2170 5443 ver-

641 5502 723 5549 sa,
758 5483 865 5539 Deo
891 5482 1188 5551 conjuncti,
1218 5494 1340 5535 cum
1364 5480 1470 5534 vita
1518 5478 1859 5549 copulantur,
1888 5486 1941 5532 et
1988 5494 2016 5532 a
2046 5493 2169 5549 per.

642 5577 781 5633 nicie
812 5592 871 5630 se
901 5582 1165 5629 amovent.
1190 5570 1339 5627 Finis
1360 5587 1518 5643 porro
1545 5586 1729 5627 eorum
1756 5571 1847 5643 qui
1879 5586 1908 5625 a
1928 5571 2035 5628 Deo
2057 5571 2169 5628 dis-

711 5729 784 5797 (Ι)
820 5726 916 5782 Ms.
954 5725 1251 5796 πρακτικήν

2271 4573 2375 4627 τοῦ
2417 4573 2747 4643 ἐξαηηεῒλαι
2794 4572 2990 4638 πάσας
3024 4572 3128 4639 τὰς
3154 4573 3409 4636 αινέσεις
3434 4583 3548 4623 σου
3574 4568 3650 4621 ἐν
3688 4570 3823 4634 ταῖς

2272 4664 2486 4731 πύλαις
2516 4664 2623 4731 τῆς
2645 4661 2926 4733 θυγατρὸς
2955 4663 3122 4717 Σιών.
3172 4662 3445 4731 ’Λνωτέρω
3475 4659 3573 4730 μὲν
3602 4659 3818 4730 ἔλεγον,

2271 4754 2377 4809 Καὶ
2402 4754 2514 4824 ἐγὼ
2544 4748 2861 4820 διαπαντὸς
2886 4753 3033 4824 μετὰ
3060 4755 3202 4809 σοῦ·
3235 4753 3267 4824 ἢ
3301 4748 3439 4806 κατά
3462 4752 3554 4805 τὸν
3582 4752 3823 4823 Σύμμα-

2270 4863 2381 4915 χον,
2414 4848 2520 4902 Καὶ
2554 4846 2833 4916 συν-ήμην
2850 4861 2947 4902 σοι
2973 4846 3318 4910 διαπαντόςέ
3345 4846 3410 4915 τῇ
3445 4844 3625 4897 πίστει
3651 4844 3822 4917 δηλα-

2269 4934 2331 5006 δὴ
2361 4938 2452 4990 καὶ
2484 4940 2547 5009 τῇ
2584 4937 2893 5007 προαιρέσει
2921 4938 3013 4990 καὶ
3036 4940 3102 5008 τῇ
3126 4936 3259 5007 πρὸς
3290 4934 3350 4987 σὲ
3376 4935 3587 5006 ἀγάπῃι
3611 4937 3744 4990 νυνὶ
3764 4938 3819 4990 δέ

2270 5028 2361 5081 καὶ
2383 5028 2477 5098 τήν
2504 5029 2679 5083 αἰτίαν
2707 5028 2999 5100 καθίστημι
3019 5020 3270 5097 φανερὰν,
3292 5025 3356 5079 δι’
3377 5025 3443 5095 ἢν
3462 5028 3717 5103 συνήμην
3739 5044 3821 5080 σοι

2270 5117 2554 5183 διαπαντὸς
2572 5157 2587 5183 ,
2617 5119 2709 5172 καὶ
2734 5118 2791 5170 σὲ
2812 5118 3014 5188 μερίδα
3042 5116 3291 5187 ἐτιθέμην
3316 5116 3568 5188 ἐμαυτοῦ.
3627 5118 3820 5189 ’ῌδειν

2271 5208 2394 5278 γὰρ,
2414 5210 2505 5262 καὶ
2534 5208 2771 5281 ἀκριϐῶς
2800 5208 3155 5279 ἐπεπείσμην,
3182 5208 3262 5261 ὅτι
3306 5211 3370 5261 Ol
3405 5209 3821 5277 μακρύνοηες

2268 5299 2515 5367 ἑαυτοὺς
2533 5298 2650 5355 ἀπὸ
2674 5298 2786 5353 σοῦ
2814 5300 3200 5353 ἀπολοῦνταιο
3229 5299 3294 5352 δι’
3319 5298 3349 5352 ὃ
3379 5302 3479 5352 οὐκ
3505 5297 3821 5369 suuqu

2272 5390 2519 5459 ἐμαυτὸν,
2553 5390 2751 5461 καίπερ
2780 5389 2982 5459 ἀγνοῶν
3010 5392 3128 5455 τοὺς
3155 5390 3341 5459 λόγους
3367 5393 3463 5460 τῆς
3493 5392 3589 5460 σῆς
3609 5388 3822 5457 διοικὴ-

2274 5498 2406 5546 σεως
2430 5523 2444 5548 ,
2472 5482 2605 5537 ἀλλά
2642 5482 2884 5553 συνήμην
2914 5499 2992 5535 σοι
3022 5468 3319 5546 διαπαντός.
3379 5479 3739 5550 Μακρύνουσι
3768 5478 3824 5531 δέ

2272 5573 2493 5637 ἑαυτοὺς
2519 5576 2566 5626 οἱ
2590 5576 2708 5638 ταῖς
2738 5573 2913 5627 αὐτῶν
2941 5574 3224 5645 ἁμαρτίαις
3258 5574 3350 5627 καὶ
3377 5574 3487 5635 τοῖς
3509 5569 3698 5635 ἀθέοις
3729 5568 3823 5625 καὶ
