3950 6342
693 474 792 532 851

902 590 953 641 1.
991 587 1459 647 INTELLECTUS
1507 592 1748 648 ASAPH.
1791 592 2017 649 LXXIII.

695 754 698 758 ,
765 695 976 766 thuid,
1009 699 1168 764 Deus,
1218 702 1455 770 repuliin
1505 705 1558 757 in
1605 705 1780 773 ﬁnem,
1811 706 1978 759 iratus
2023 714 2100 759 est
2145 705 2231 770 [u-

689 805 781 846 ror
837 801 951 846 tuus
984 809 1138 861 super
1188 810 1299 847 oves
1358 811 1566 864 pascua:
1620 799 1766 851 tute?
1825 797 1903 850 Ad
1964 797 2229 851 dictorum

689 881 1091 950 intelligentiam
1143 898 1241 938 nos
1267 883 1467 936 excitat
1515 891 1570 938 et
1605 885 1795 948 invitat
1825 887 2046 955 spiritus
2102 903 2229 957 pro-

688 971 950 1040 pheticus.
1020 970 1124 1037 Qui
1166 977 1642 1042 nequeapsalmum
1705 977 1772 1032 de
1820 993 1988 1043 more,
2054 995 2228 1054 neque

686 1062 979 1126 canticum,
1009 1079 1183 1132 neque
1211 1064 1491 1133 hymnum,
1523 1082 1698 1136 neque
1723 1067 1849 1136 quid
1876 1068 2051 1122 simile
2074 1071 2128 1123 in
2158 1071 2227 1124 ti-

682 1155 797 1208 tulo
829 1156 1111 1222 indicavit,
1152 1159 1278 1224 quia
1321 1157 1495 1213 tristia
1528 1162 1896 1216 enuntiantur.
1936 1159 2039 1216 Ubi
2078 1163 2227 1217 vide-

683 1252 774 1297 tur
803 1246 1126 1314 supplicatio
1159 1249 1442 1314 contineri,
1466 1248 1532 1303 de
1553 1265 1661 1319 qua
1693 1235 1912 1306 divinus
1932 1252 2224 1321 Apostolus

683 1347 950 1405 praecepta
982 1338 1163 1401 dabat,
1214 1339 1399 1394 dicens
1436 1349 1685 1409 oportere
1729 1356 1828 1396 nos
1857 1356 2044 1397 omnes
2067 1345 2223 1398 emit-

682 1437 796 1482 tere
827 1430 1251 1493 obsecrationes,
1296 1445 1504 1500 preces,
1551 1433 1990 1502 supplicationes,
2021 1437 2221 1504 gratia--

683 1534 802 1573 rum
846 1523 1084 1576 actiones
1113 1523 1178 1574 η.
1209 1521 1306 1576 Hic
1354 1524 1532 1600 itaque
1562 1540 1741 1579 sermo
1783 1525 1947 1582 Deum
1995 1528 2223 1597 alloqui-

682 1615 795 1673 tur,
820 1615 980 1678 atque
1009 1610 1191 1663 futura
1218 1617 1277 1662 ut
1301 1610 1411 1679 jam
1443 1611 1712 1680 praeterita
1736 1613 2047 1690 prophetice
2071 1629 2222 1670 enar-

681 1706 788 1764 rat,
829 1708 1150 1768 postremam
1191 1701 1314 1756 item
1343 1699 1806 1772 Jerosolymorum
1861 1704 2219 1773 obsidionem,

680 1805 800 1858 quae
825 1798 946 1859 post
972 1792 1258 1846 salutarem
1281 1791 1584 1847 Adventum
1616 1806 1644 1844 a
1676 1791 1933 1848 Romanis
1962 1793 2101 1848 facta
2116 1805 2218 1861 est,

683 1879 969 1949 signiﬁcat.
1006 1882 1070 1935 Et
1119 1883 1231 1936 haec
1274 1898 1396 1936 cum
1435 1884 1673 1937 nondum
1712 1887 2039 1941 constitutus
2071 1887 2220 1944 locus

1358 473 1618 528 EUSEBII
1657 475 2129 534 CA'JSABIENSIS
2168 478 2312 534 OPP.
2356 477 2532 533 PARS
2567 477 2650 533 III.
2673 509 2741 519 —
2779 477 3176 533 EXEGETICA.
3779 481 3860 535 85!

2253 604 2308 660 Δ

2661 596 3002 648 ΣΥΝΕΣΕΩΣ
3032 595 3117 665 Τῼ
3159 594 3361 646 ’ΔΣΑΦ.
3409 594 3537 648 OI".

2413 707 2582 761 Ἰνατί
2599 745 2614 769 ,
2645 709 2677 760 ὁ
2709 705 2869 771 Θεὸς,
2902 705 3118 760 ἀπώσω
3177 707 3261 770 είς
3293 703 3466 770 τέλος
3487 741 3503 765 ,
3541 702 3798 771 ὠργίσθη
3834 708 3859 757 ό

2334 787 2516 865 θυμός
2546 810 2661 849 σου
2689 796 2784 847 ἐπὶ
2813 796 3068 863 πρόϐατα
3095 780 3282 864 νᾱμῆς
3305 809 3454 857 σου;
3483 793 3750 864 Διεγειρει
3781 792 3858 864 μιν

2335 888 2477 957 ἡμᾶς
2503 885 2594 939 καὶ
2620 887 2876 959 παρορμᾷ
2899 886 2988 938 ἐπὶ
3013 885 3108 956 τὴν
3133 885 3238 937 τῶν
3260 885 3560 954 λεγομένων
3586 883 3794 935 σύνεσιν
3811 885 3857 936 τὸ

2335 977 2547 1047 πνεῦμα
2589 975 2651 1028 τὸ
2699 975 3043 1045 προφητικόν.
3099 974 3233 1029 Οὔτε
3261 974 3317 1027 δὲ
3347 974 3556 1044 ψαλμὸν
3587 971 3856 1044 ἐπιγράφει

2334 1067 2594 1137 συνήθως,
2625 1066 2746 1119 οὔτε
2776 1067 2914 1136 ᾠδὴν
2932 1105 2948 1131 ,
2981 1066 3100 1119 οὗτε
3129 1065 3312 1135 ὕμνον,
3341 1065 3461 1118 οὐδέ
3488 1082 3541 1117 τι
3571 1064 3677 1117 τῶν
3702 1078 3853 1133 παρα-

2331 1155 2586 1226 πλησίων,
2611 1157 2698 1209 διὰ
2716 1156 2776 1207 τὸ
2799 1153 3108 1225 σκυθρωπὸν
3126 1153 3234 1206 τῶν
3254 1153 3756 1222 ἀπαγγελλομένων.
3786 1152 3854 1203 Ἐν

2329 1244 2408 1312 οἷς
2432 1249 2575 1304 δοκεῖ
2602 1247 2832 1313 ἔντευξις
2859 1245 3227 1316 περιέχεσθαι,
3261 1244 3386 1313 περὶ
3415 1240 3482 1314 ἦς
3504 1245 3532 1295 ὁ
3555 1242 3697 1296 θεῖος
3723 1240 3854 1293 Ἀπόν

2332 1339 2511 1402 στολος
2535 1337 2880 1400 διεκελεύετο,
2900 1337 3006 1388 δεῖν
3027 1335 3194 1403 λέγων
3212 1335 3414 1398 πάντας
3435 1336 3579 1405 ἡμᾶς
3607 1331 3853 1386 ποιεῖσθαι

2327 1428 2564 1498 δεήσεις,
2594 1426 2924 1497 προσευχὰς,
2954 1424 3234 1490 ἐντεύξεις,
3260 1425 3618 1495 εὐχαριστίας.
3653 1424 3852 1489 Ἐντυγ-

2327 1519 2475 1592 χάνει
2507 1517 2633 1585 γοῦν
2657 1517 2686 1569 ό
2714 1517 2868 1585 λόγος
2888 1514 3115 1586 τῷΘεῷ,
3146 1515 3488 1585 προφητικῶς
3517 1513 3587 1570 τὰ
3615 1512 3852 1584 μέλλοντα

2324 1603 2398 1671 ὡς
2430 1607 2790 1679 παρῳχηκότα
2819 1599 3057 1669 διεξιὼν,
3091 1604 3184 1657 καὶ⁵
3210 1603 3304 1673 τὴν
3335 1603 3565 1672 ἐσχάτην
3595 1602 3852 1672 σημαίνων

2326 1700 2634 1771 πολιορκίαν
2660 1699 2758 1766 τῆς
2785 1696 3130 1771 Ἰερουσαλὴμ
3155 1695 3250 1768 τὴν
3276 1693 3378 1748 ὑπὸ
3414 1693 3694 1764 Ῥωμαίων
3721 1710 3851 1760 γενο-

2329 1790 2493 1860 μένην
2522 1788 2656 1858 μετὰ
2683 1790 2781 1859 τὴν
2808 1791 3066 1862 σωτήριον
3082 1785 3406 1859 Παρουσίαν.
3432 1786 3541 1837 Καὶ
3563 1783 3733 1838 ταῦτα
3760 1802 3849 1855 μη-

2325 1881 2382 1934 δὲ
2413 1879 2699 1944 συστάντος
2719 1896 2803 1935 πω
2828 1877 2920 1934 τοῦ
2943 1880 3104 1934 τόπου
3129 1878 3522 1949 προαναφωνεϊ.
3559 1874 3616 1928 '0
3636 1875 3737 1945 ’μὲν
3756 1875 3848 1944 γὰρ

680 1979 844 2034 esset,
864 1976 1203 2040 praenuntiat.
1239 1974 1443 2029 Etenim
1459 1976 1662 2046 Asaph,
1696 1979 1788 2047 qui
1812 1979 1925 2032 haec
1953 1979 2216 2034 vaticina-

2330 1972 2520 2041 Ἀσὰφ,
2547 1973 2614 2024 δι’
2638 1967 2697 2028 o6
2722 1972 2887 2027 ταῦτα
2915 1971 3309 2042 προεφητεύετο
3326 2010 3341 2037 ,
3366 1970 3654 2041 σύγχρονος
3675 1967 3847 2036 γέγονε

679 2067 787 2118 tur.
821 2065 1042 2132 aequalis
1091 2064 1274 2126 Davidi
1325 2075 1473 2132 erat;
1507 2065 1762 2122 Salomon
1803 2083 1932 2122 vero
1964 2077 2085 2138 post
2116 2068 2218 2123 Da-

677 2151 815 2206 vidis
837 2163 1085 2217 mortem,
1126 2157 1377 2227 templum
1409 2158 1699 2216 exstruxit.
1728 2157 1864 2212 Cum
1890 2166 2066 2213 autem
2087 2158 2222 2214 duas

678 2243 784 2298 loci
815 2246 1144 2298 vastationes
1174 2246 1529 2315 praevidisset,
1563 2249 1797 2318 priorem
1825 2249 2032 2303 scilicet
2061 2262 2089 2300 a
2117 2247 2220 2300 Ba-

678 2335 932 2403 byloniis,
963 2342 1016 2389 et
1045 2336 1334 2391 secundam
1365 2352 1394 2389 a
1435 2336 1695 2395 Romanis
1732 2338 1960 2404 factam;
1987 2339 2218 2407 priorem

677 2424 894 2492 quidem
929 2425 982 2487 in
1025 2441 1184 2480 anx
1219 2427 1447 2494 psalmo,
1483 2434 1537 2481 et
1583 2428 1641 2482 in
1683 2444 1867 2485 ιιιιιι
1918 2429 2215 2498 signiﬁcat;

679 2514 1032 2583 posteriorem
1062 2530 1191 2569 vero
1219 2516 1272 2567 in
1311 2517 1561 2580 praesenti
1605 2517 1906 2586 prophetia,
1934 2533 2095 2588 quam
2138 2521 2217 2574 sic

680 2606 930 2660 orditur:
979 2604 1190 2674 thuid,
1237 2605 1369 2660 Deus
1394 2649 1408 2673 ,
1446 2606 1681 2675 repulisti
1731 2609 1786 2661 in
1837 2610 2013 2676 ﬁnem,
2048 2614 2217 2664 iratus

677 2705 754 2749 est
787 2696 934 2766 {uror
961 2706 1078 2750 tuus
1113 2714 1264 2766 super
1309 2715 1423 2753 ουεδ
1467 2715 1673 2766 pascua:
1705 2702 1847 2755 tuaz?
1877 2699 2213 2759 Postremum

681 2798 912 2855 namque
965 2793 1018 2838 et
1060 2786 1326 2858 integrum
1379 2782 1594 2842 illorUm
1630 2788 1898 2843 excidium
1954 2806 2062 2844 non
2110 2791 2216 2844 alio

681 2884 918 2944 tempore
957 2874 1076 2938 fuit,
1113 2889 1274 2946 quam
1303 2893 1422 2932 cum
1457 2877 1712 2932 Servator
1739 2887 1792 2932 et
1828 2877 2087 2934 Dominus
2125 2896 2217 2936 no-

679 2947 788 3019 ster
817 2967 1137 3019 sententiam
1174 2974 1362 3018 contra
1405 2967 1526 3021 illos
1565 2969 1684 3022 tulit
1712 2969 1936 3025 dicens:
1969 2969 2099 3025 Ecce
2127 2988 2212 3028 rc-

678 3053 938 3133 Iinquetur
971 3054 1112 3107 vobis
1157 3053 1338 3108 domus
1371 3064 1541 3108 vestra
1585 3056 1788 3112 deserta
1812 3059 1872 3113 ".
1910 3060 1988 3116 Ac
2029 3076 2214 3138 conse-

675 3152 904 3212 quenter
935 3158 1088 3198 sacer
1130 3143 1420 3213 Apostolus
1467 3157 1589 3216 post
1627 3164 1806 3204 rerum
1841 3151 2045 3205 exitum
2079 3152 2213 3206 dixit

574 3300 575 3303 η
677 3234 744 3287 de
792 3233 899 3287 iiiis
943 3234 1491 3293 scribenszPervenit
1534 3237 1601 3291 ad
1641 3257 1726 3294 eos
1764 3242 1846 3294 ira
1888 3244 1939 3294 in
1972 3243 2208 3310 ﬁnem”.

675 3322 777 3375 Hic
816 3337 942 3379 vero
990 3325 1247 3392 propheta
1297 3327 1599 3383 minutatim
1651 3345 1734 3393 ea,
1774 3347 1894 3401 qua
1933 3332 2058 3386 huic
2096 3333 2214 3386 loco

676 3413 930 3476 Romanae
956 3415 1255 3473 obsidionis
1286 3426 1527 3489 tempore
1575 3425 1937 3500 contigerunt,
1977 3425 2214 3480 declarat

676 3507 762 3561 his
786 3507 965 3562 verbis
997 3529 1008 3560 :
1042 3507 1206 3573 Quasi
1225 3511 1276 3562 in
1310 3510 1441 3563 silva
1483 3512 1740 3581 lignorum
1766 3504 2034 3579 securibus
2075 3518 2217 3570 exci-

676 3598 862 3651 derunt
886 3597 1080 3663 januas
1102 3599 1212 3666 ejus
1256 3601 1310 3652 in
1369 3599 1633 3669 idipsum,
1665 3604 1912 3658 videlicet
1936 3604 2215 3677 Jerosoiy—

676 3701 776 3740 tua:
799 3702 885 3748 ;m
917 3687 1083 3738 securi
1111 3694 1159 3738 et
1192 3687 1337 3739 ascia
1376 3688 1667 3756 dejecerunt
1705 3707 1838 3744 eam.
1873 3681 2215 3754 Incenderunt

678 3775 792 3840 igne
820 3773 1174 3824 sanctuarium
1209 3781 1383 3833 tuum;
1410 3776 1466 3827 in
1492 3786 1630 3829 terra
1655 3778 1947 3845 polluerunt
1974 3781 2215 3836 taberna-

643 3896 645 3899 -
676 3861 850 3913 culum
885 3862 1105 3918 nominis
1149 3862 1244 3917 tui.
1275 3861 1427 3926 Quod
1471 3864 1516 3917 si
1543 3865 1664 3932 quis
1693 3867 1885 3923 dixerit
1907 3869 2019 3922 haec
2054 3871 2215 3924 etiam

673 3959 916 4020 tempore
958 3951 1370 4022 Babyloniorum
1403 3963 1551 4022 gesta
1582 3971 1723 4020 esse,
1768 3959 2014 4015 advertas
2058 3963 2213 4015 velim

675 4053 795 4107 quae
829 4050 1146 4107 sequuntur,
1173 4043 1333 4113 Signa
1365 4055 1543 4098 nostra
1572 4063 1673 4098 non
1702 4047 1945 4113 vidimus,
1969 4050 2085 4118 jam
2115 4068 2215 4106 non

673 4138 752 4183 est
782 4132 1047 4198 propheta,
1084 4142 1132 4185 et
1165 4150 1254 4186 nos
1283 4152 1383 4198 non
1415 4147 1679 4204 cognoscet
1715 4139 1956 4213 amplius.
1984 4139 2115 4194 Nam
2141 4142 2215 4196 si-

675 4234 778 4287 gna
818 4221 928 4273 hzec
956 4230 1109 4274 erant
1141 4222 1302 4276 Deum
1336 4225 1602 4292 inspicere
1639 4235 1692 4295 et
1725 4243 1913 4286 curare
1933 4229 2213 4286 Judaicam

675 4321 904 4376 gentem,
929 4325 1048 4362 cum
1075 4311 1206 4379 ipsis
1227 4313 1514 4380 prophetas
1543 4315 1692 4369 daret
1719 4336 1731 4370 :
1763 4318 2027 4390 siquidem
2051 4315 2215 4374 etiam

675 4415 797 4452 cum
829 4403 967 4454 male
990 4417 1048 4455 se
1073 4410 1339 4470 gererent,
1374 4403 1661 4472 prophetas
1691 4407 1824 4475 ipsis
1848 4424 1947 4464 ceu
1977 4410 2216 4465 medicos

675 4497 729 4542 et
763 4500 1065 4546 servatores
1093 4493 1474 4548 constituebat.
1508 4494 1598 4548 Sic
1645 4497 1699 4548 in
1729 4500 1905 4565 prima
1934 4499 2215 4555 obsidione

2321 2061 2398 2132 τῷ
2427 2064 2611 2118 Δαυῖδ·
2659 2062 2903 2132 Σολομὼν
2930 2063 2985 2116 δὲ
3013 2062 3148 2132 μετὰ
3177 2062 3274 2133 τὴν
3303 2060 3396 2114 τοῦ
3427 2058 3589 2112 Δαυῒδ
3612 2057 3847 2126 τελευτὴν

2322 2154 2584 2224 οἰκοδομεῖ
2608 2154 2701 2207 τὸν
2736 2152 2887 2207 νεών.
2949 2154 3051 2205 Δύο
3077 2152 3132 2204 δὲ
3165 2151 3450 2222 πορθήσεις
3480 2147 3844 2220 προθεωρήσας

2318 2242 2411 2298 τοῦ
2431 2243 2616 2308 τόπου,
2652 2245 2748 2314 τήν
2774 2260 2833 2295 τε
2861 2241 3125 2312 προτέραν
3144 2240 3242 2310 τὴν
3264 2239 3368 2292 ὑπὸ
3391 2237 3736 2290 Βαϐυλωνίων
3762 2250 3843 2304 γε·

2319 2334 2546 2404 νομένην
2572 2374 2598 2398 ,,
2637 2335 2728 2390 καὶ
2753 2333 2848 2403 τὴν
2877 2332 3128 2402 δευτέραν
3157 2329 3255 2399 τὴν
3282 2328 3384 2383 ὑπὸ
3421 2328 3728 2397 Ῥωμαίωνο
3757 2325 3846 2396 τὴν

2323 2426 2416 2494 μὲν
2439 2424 2655 2495 πρώτην
2680 2423 2767 2476 διὰ
2805 2422 2895 2476 τοῦ
2920 2422 2992 2474 οϐ’
3039 2419 3247 2492 ψαλμοῦ
3281 2419 3530 2490 σημαίνει
3551 2417 3642 2472 καὶ
3661 2416 3743 2468 διὰ
3762 2413 3844 2467 τοῦ

2319 2514 2434 2579 πϐ’,
2464 2515 2560 2586 τὴν
2590 2515 2645 2568 δὲ
2661 2513 2892 2583 ὑστάτην
2914 2512 3000 2566 διὰ
3025 2515 3123 2582 τῆς
3143 2509 3280 2582 μετὰ
3307 2514 3492 2582 χεῖρας
3513 2507 3845 2579 προφητείας,

2315 2603 2381 2678 ἦς
2407 2606 2705 2675 ἀπάρχεται
2739 2605 2907 2672 λέγων
2931 2622 2943 2633 ·
2991 2605 3161 2659 Ἰνατί
3178 2644 3193 2668 ,
3243 2606 3275 2656 ό
3321 2603 3462 2668 Θεὸς
3482 2641 3497 2667 ,
3535 2600 3745 2655 ἀπώσω
3770 2601 3847 2663 είς

2316 2695 2516 2760 τέλος,
2543 2695 2796 2763 ἀψγίσθη
2829 2699 2860 2748 ὀ
2898 2695 3079 2763 θυμός
3119 2709 3233 2748 σου
3261 2693 3357 2745 ἐπὶ
3387 2692 3646 2759 πρόϐατα
3663 2687 3846 2770 rom-ie

2316 2800 2465 2847 00v;
2507 2785 2667 2848 Τέλος
2697 2784 2803 2856 γὰρ
2836 2786 3010 2848 αὐτοῖς
3046 2782 3334 2845 παντελοῦς
3362 2781 3722 2843 ἀποπτώσεως
3747 2779 3845 2830 οὐδ’

2315 2875 2497 2928 ἄλλοτε
2526 2877 2762 2943 γέγονεν,
2793 2877 2825 2945 ἢ
2856 2877 2942 2928 ὅτε
2967 2878 2996 2929 ὁ
3021 2877 3206 2946 Σωτὴρ
3232 2875 3324 2928 καὶ⁵
3353 2865 3557 2946 Κύριος
3584 2871 3732 2941 ἡμῶν
3756 2868 3844 2940 τὴν

2313 2969 2429 3022 κατ’
2454 2967 2626 3020 αὐτῶν
2656 2967 2979 3036 ἐξηνέγκατο
3009 2954 3275 3035 ἀπόφασιν
3302 2963 3466 3017 εἰπών
3485 2981 3498 2994 ·
3541 2962 3679 3016 Ἰδοὺ
3705 2963 3848 3029 ἀφιε-

2313 3076 2404 3114 ται
2424 3058 2563 3128 ὑμῖν
2590 3063 2622 3112 ό
2646 3056 2807 3124 οἶκος
2837 3058 3000 3126 ὑμῶν
3029 3059 3260 3127 ἕρημος.
3312 3049 3407 3118 Οἷς
3436 3053 3731 3114 ἀκολούθως
3761 3050 3848 3103 κιιλ⁸

2311 3154 2339 3203 ὁ
2366 3150 2502 3221 ἱερὸς
2531 3149 2839 3212 Ἀπόστολος
2873 3151 3007 3220 μετὰ
3032 3150 3128 3219 τὴν
3150 3147 3257 3200 τῶν
3287 3146 3619 3219 πραγμάτων
3646 3142 3848 3216 ἑκϐασιν

2315 3239 2536 3309 γράφων
2559 3239 2685 3308 περὶ
2712 3239 2888 3294 αὐτῶν
2909 3239 3087 3306 ἔλεγεν
3110 3255 3123 3268 ·
3163 3238 3425 3305 Ἕςὸθασε
3447 3233 3514 3287 δὲ
3531 3234 3622 3286 ἐπ’
3644 3231 3848 3294 αὐτοὺς

2241 3289 2284 3348 (³
2315 3289 2526 3398 ἱίιὲέτῆ
2547 3289 2846 3394 ειέτέᾎιοξ.
2870 3289 2879 3294 ’
2900 3289 3363 3398 minutal?“
3388 3325 3444 3378 δὲ
3473 3324 3543 3378 τὰ
3571 3322 3691 3390 ἑξῆς
3722 3289 3848 3390 συμζ

2313 3421 2483 3476 ,ϐάντα
2522 3420 2600 3489 τῷ
2639 3421 2789 3490 τόπῳ
2830 3421 2920 3473 ἐπὶ
2957 3421 3056 3489 τῆς
3087 3420 3192 3474 τῶν
3230 3417 3514 3488 Ῥωμαίων
3548 3415 3846 3483 πολιορκίας

2313 3513 2631 3582 παρίστησιν
2657 3514 2684 3564 ό
2720 3509 2904 3582 παρὼν
2929 3511 3228 3580 προφήτης,
3245 3510 3318 3580 ,ὲν
3341 3502 3420 3570 οἷς
3444 3515 3630 3576 φησιν·
3670 3504 3755 3568 Ὠς
3782 3503 3848 3554 ἐν

2314 3601 2509 3671 δρυμῷ
2538 3602 2734 3665 ξύλων
2781 3601 3013 3665 ἀξίναις
3046 3600 3277 3667 ἔκοψαν
3307 3599 3412 3662 τὰς
3445 3598 3625 3664 θύρας
3650 3592 3844 3659 αὐτῆς.

2313 3693 2467 3762 δῆλον
2488 3694 2530 3746 δ’
2553 3694 2632 3746 ὅτι
2659 3693 2755 3763 τῆς
2780 3691 3144 3761 Ἰερουσαλὴμ,
3170 3689 3268 3742 ἐπὶ
3282 3688 3348 3741 τὸ
3365 3687 3532 3751 αὐτὸ,
3559 3686 3627 3738 ὲν
3647 3684 3845 3737 milia:

2314 3784 2412 3837 καὶ
2448 3783 2811 3849 λαξευτηρίῳ
2839 3780 3198 3848 κατέρῤαεαν
3217 3777 3426 3841 αὐτήν.
3471 3776 3848 3840 Ἐνεπύρισσν

2313 3872 2380 3922 ἐν
2401 3871 2539 3938 πυρὶ
2566 3871 2631 3922 τὸ
2651 3869 3032 3938 ἁγιαστήριόν
3053 3882 3189 3932 σου,
3211 3869 3296 3929 εις
3314 3865 3425 3933 τὴν
3446 3864 3562 3933 τῆν
3579 3863 3846 3929 ὲϐεόήλω-

2313 3977 2434 4014 σαν
2455 3961 2515 4013 τὸ
2535 3959 2819 4030 σκήνωμα
2842 3959 2944 4011 τοῦ
2970 3958 3255 4026 ὀνόματός
3274 3972 3408 4010 σου.
3449 3956 3511 4008 Εί
3534 3955 3590 4008 δὲ
3607 3954 3748 4020 λέγοι
3767 3969 3846 4012 τις

2313 4051 2482 4105 ταῦτα
2515 4052 2608 4104 καὶ
2639 4051 2728 4104 ἐπὶ
2754 4048 2860 4102 τῶν
2887 4048 3086 4118 χρόνων
3119 4047 3226 4099 τῶν
3257 4045 3607 4099 Βαϐυλωνίων
3644 4043 3845 4112 γεγονὲ-

2313 4159 2421 4203 ναι,
2451 4139 2770 4211 προσεκτέον
2789 4141 2899 4203 τοῖς
2922 4139 3066 4208 ἑξῆς,
3096 4139 3160 4189 δι’
3181 4131 3262 4191 ὧν
3273 4136 3484 4208 εἴρηται
3503 4151 3517 4166 °
3553 4136 3626 4190 Τὰ
3644 4133 3844 4202 σημεῖα

2313 4231 2477 4299 ἡμῶν
2501 4231 2610 4282 οὐκ
2634 4229 2886 4298 εῖδομεν,
2911 4231 3022 4282 οὐκ
3038 4227 3208 4280 ἐστιν
3229 4226 3317 4281 ἔτι
3337 4225 3656 4299 προφήτης,
3677 4224 3760 4276 καί
3786 4222 3844 4286 ή-

2308 4319 2427 4392 μᾶς
2455 4323 2525 4373 οὐ
2553 4319 2836 4387 γνώσεται
2858 4319 2966 4375 ἔτι.
3013 4321 3219 4388 Σημεῖα
3247 4314 3352 4388 γὰρ
3380 4313 3447 4388 ἦν
3479 4318 3571 4370 τοῦ
3611 4315 3694 4369 τὸν

2313 4391 2512 4480 ἐφορᾷν
2536 4411 2626 4462 καὶ
2645 4410 2955 4462 ἐπισκοπεῖν
2985 4409 3044 4461 τὸ
3075 4406 3336 4460 Ἰουδαίων
3358 4405 3506 4467 ἔθνος
3523 4407 3584 4459 τὸ
3603 4404 3843 4475 παρέχειν

2314 4502 2492 4561 αὐτοῖς
2506 4499 2784 4569 προφήτας
2800 4516 2812 4527 ·
2834 4499 2954 4550 ἐπεὶ
2969 4498 3060 4550 καὶ
3073 4497 3160 4548 ὅτε
3175 4495 3356 4559 κακῶς
3371 4496 3652 4568 ἔπραττον,
3668 4493 3839 4560 ὥσπερ

677 4594 931 4650 magnum
976 4583 1064 4636 Dei
1111 4585 1421 4651 pr0phetam
1462 4585 1747 4640 Jeremiam
1800 4588 2127 4660 habuerunt,
2160 4602 2214 4646 et

2319 4591 2529 4659 ἰατροὺς
2559 4590 2651 4643 καὶ
2684 4590 2929 4659 σωτῆρας
2973 4589 3151 4650 αὐτοῖς
3192 4589 3315 4651 τοὺς
3341 4592 3619 4660 προφήτας
3643 4583 3838 4653 ἐφίστη.

680 4669 921 4736 Baruch;
967 4676 1096 4741 quin
1133 4675 1307 4733 etiam.
1327 4677 1521 4730 mulier
1562 4679 1804 4745 quaedam
1830 4679 2045 4737 nomine
2080 4667 2215 4747 Olda

675 4761 864 4815 eodem
906 4770 1145 4840 tempore
1172 4766 1529 4834 prophetavit.
1565 4767 1621 4820 In
1653 4770 1769 4837 ipsa
1799 4785 2013 4844 quoque
2043 4770 2183 4841 Baby

675 4851 946 4906 loniorum
977 4853 1194 4921 regione
1226 4856 1449 4908 aderant
1485 4857 1618 4925 ipsis
1650 4858 1894 4913 Ezechiel
1924 4869 1974 4914 et
2001 4860 2206 4920 Daniel.

673 4943 916 5008 praeclari
945 4956 1007 4994 ac
1055 4945 1331 5011 conspicui
1365 4947 1652 5013 prophetae.
1705 4946 1938 5016 Postque
1983 4950 2213 5010 reditum

674 5045 741 5082 ex
771 5031 1101 5098 captivitate,
1133 5033 1466 5100 temporibus
1480 5033 1605 5101 Cyri
1633 5041 1687 5086 et
1723 5034 1886 5099 Darii,
1925 5036 2215 5092 Zacharias

673 5127 728 5171 et
776 5119 1002 5190 Aggteus
1032 5122 1321 5188 propheta:
1369 5124 1478 5175 n0ti
1514 5130 1689 5176 erant.
1732 5109 2008 5187 QuOmodo
2055 5128 2216 5193 igitur

677 5209 784 5264 illis
803 5210 1134 5278 temporibus
1166 5212 1337 5278 aptari
1367 5214 1538 5279 possit
1567 5213 1678 5265 haec
1709 5213 2005 5281 praphetia,
2051 5216 2214 5285 Signa

675 5311 853 5354 nostra
876 5317 975 5354 non
1003 5301 1247 5364 vidimus,
1270 5312 1316 5354 et
1337 5303 1461 5369 jam.
1489 5320 1590 5357 non
1617 5314 1694 5356 est
1725 5306 1992 5372 propheta,
2030 5317 2078 5362 et
2120 5324 2212 5360 nos

677 5407 779 5443 non
815 5399 1081 5459 cognoscet
1118 5391 1383 5457 amplius?
1413 5391 1608 5446 Verum
1649 5393 1765 5445 haec
1819 5391 1977 5447 ﬁnem
2006 5397 2213 5450 sortita

675 5485 804 5532 sunt
845 5486 968 5546 post
1000 5478 1296 5531 Salvatoris
1343 5480 1651 5542 adventum,
1683 5487 1737 5535 et
1776 5491 2059 5551 postquam
2100 5498 2213 5551 me-

677 5576 911 5622 moratas
929 5583 1091 5621 voces
1119 5569 1232 5636 ipse
1252 5571 1546 5636 protulerat
1569 5589 1582 5622 :
1607 5570 1833 5624 nondiu
1859 5548 1998 5626 enim
2030 5548 2212 5642 poste'a

677 5658 1031 5726 Irrumpentes
1059 5657 1284 5712 Romani
1315 5661 1487 5713 locum
1509 5650 1841 5715 deleverunt.
1872 5665 2023 5727 Quod
2047 5664 2209 5719 etiam

748 5811 788 5852 ⁸⁸
824 5809 1012 5874 ιτῐω.
1047 5826 1118 5868 ιι.
1155 5813 1202 5872 ί.

2313 4678 2466 4733 Οὕτω
2494 4678 2621 4746 γοῦν
2646 4680 2736 4731 ὲπὶ
2757 4680 2851 4748 τῆς
2879 4676 3101 4747 πρώτης
3125 4677 3432 4748 πολιορκίας
3454 4677 3547 4730 τὸν
3577 4676 3738 4745 μέγαν
3752 4674 3840 4724 τοῦ

2313 4767 2443 4821 Θεοῦ
2469 4769 2746 4838 προφήτην
2774 4766 3033 4837 Ἰερεμίαν
3056 4763 3216 4836 εἶχον,
3238 4767 3439 4820 καὶτὸν
3460 4764 3669 4836 Βαρούχ
3685 4781 3696 4793 ·
3717 4761 3841 4814 ἀλλὰ

2316 4858 2408 4909 καὶ
2437 4859 2570 4926 γυνή
2607 4875 2690 4920 τις
2728 4856 2879 4909 ’ολδᾶ
2903 4855 3135 4926 τοῦνομα
3165 4855 3301 4909 κατὰ
3327 4857 3450 4917 τοὺς
3478 4856 3666 4928 αὐτοὺς
3695 4856 3842 4923 ἐπρο-

2316 4950 2508 5017 φήτευε
2533 4950 2749 5018 χρόνους
2773 4965 2783 4977 ·
2812 4949 2867 4999 ὲν
2885 4950 3016 5019 αὐτῇ
3030 4966 3084 5001 τε
3103 4951 3168 5016 τῇ
3191 4945 3539 4999 Βαϐυλωνίων
3559 4945 3702 5018 χώρᾳ
3724 4961 3839 4997 συν-

2322 5037 2386 5105 ῆν
2436 5038 2617 5099 αὐτοῖς
2651 5037 2893 5106 Ἐζεκιὴλ
2923 5039 3013 5090 καὶ
3038 5036 3231 5105 Δανιὴλ
3262 5035 3518 5105 ἐπίσημοι
3551 5037 3641 5089 καὶ
3668 5036 3842 5102 διαφα-

2320 5129 2428 5189 νεῖς
2462 5128 2730 5197 προφῆται
2755 5145 2768 5159 ο
2797 5129 2890 5180 καὶ
2923 5129 3056 5199 μετὰ
3082 5128 3178 5196 τὴν
3213 5127 3418 5180 ἐκεῖθεν
3441 5128 3687 5182 ἐπάνοδον
3711 5130 3840 5180 κατὰ

2318 5219 2439 5279 τοὺς
2467 5218 2645 5288 Κύρου
2678 5221 2772 5272 καὶ
2802 5221 3021 5292 Δαρείου
3049 5222 3285 5288 χρόνους,
3318 5222 3587 5292 Ζαχαρίας
3610 5222 3696 5276 καὶ
3728 5221 3840 5287 ’Δγ-

2318 5310 2466 5372 Υαῖος
2486 5311 2754 5379 προφῆται
2774 5309 3137 5380 ἐγνωριςοντο.
3160 5308 3281 5372 Πῶς
3299 5306 3390 5363 οὖν
3409 5307 3518 5365 οἶόν
3535 5329 3594 5379 τε
3602 5309 3669 5382 ἦν
3687 5313 3842 5378 ἐφαρ-

2319 5396 2496 5465 μόζειν
2531 5401 2643 5462 τοῖς
2677 5401 2797 5452 τότε
2843 5399 3048 5468 χρόνοις
3091 5398 3187 5468 τὴν
3223 5400 3498 5470 παροῦσαν
3529 5399 3841 5472 προφητείαν

2317 5487 2624 5553 φάσκουσαν
2639 5504 2653 5518 ·
2693 5490 2770 5544 Τὰ
2789 5489 3002 5558 σημεῖα
3026 5488 3190 5557 ἡμῶν
3210 5491 3320 5544 οὐκ
3346 5491 3598 5559 εἴδομεν,
3621 5490 3706 5542 καί
3732 5488 3838 5540 tux

2314 5577 2488 5630 ἐστιν-
2508 5577 2594 5631 ἕτι
2622 5576 2926 5646 προφήτης
2950 5617 2964 5641 ,
2999 5578 3096 5630 καὶ
3122 5577 3277 5646 ἡμᾶς
3312 5581 3384 5633 οὐ
3419 5578 3693 5648 γνώσεται
3721 5572 3835 5634 ἕως

2328 5665 2482 5718 Ἀλλὰ
2511 5667 2611 5737 γὰρ
2638 5668 2804 5720 ταῦτα
2831 5668 3010 5732 τέλους
3042 5670 3294 5739 ἐτύγχανε
3321 5669 3458 5740 μετὰ
3481 5670 3576 5738 τὴν
3601 5666 3836 5742 σωτῆρι-(1η

1283 5814 1322 5843 ¹¹
1360 5810 1488 5873 Luc.
1525 5830 1654 5882 xm,
1689 5816 1771 5871 55.
1852 5817 1892 5848 ¹³
1933 5815 1951 5874 1
1986 5815 2173 5879 Thess.
2213 5834 2269 5886 ιι,
2309 5819 2384 5880 16,
