3966 6348
116 465 246 520 855

1232 465 1728 522 COMMENTARIA
1766 464 1833 519 IN
1871 465 2184 521 PSALMOS

3220 468 3250 515 ὅ
3258 467 3324 517 ζ)λί

125 578 464 649 Παρθυαίαν
493 582 584 637 καὶ
598 583 695 646 τὰς
720 582 1098 654 προλεχθείσας
1132 582 1293 639 αὑτοῦ
1327 584 1538 653 φωνὰς,
1576 584 1674 654 μεθ

1795 584 1908 653 ipse
1936 582 2191 641 Servator
2216 579 2395 635 futura
2429 577 2733 633 vaticinans
2767 578 3087 648 signiﬁcavit
3115 594 3205 647 per
3235 596 3327 649 pa-

122 671 198 734 ἃς
248 675 363 727 οὐκ
406 676 484 737 είς
527 676 727 746 μακρὸν
766 676 1078 739 ἐπιστάντες
1118 677 1369 746 Ῥωμαῖοι
1400 676 1488 728 τὸν
1534 676 1694 729 τόπον

124 760 438 827 ἠφάνισαν.
470 765 533 816 Ὃ
552 762 614 833 δὴ
641 763 731 815 καὶ
752 763 907 826 αὐτὸς
930 762 1110 832 ἐδήλου
1139 762 1401 836 θεσπίζων
1420 762 1479 815 τὸ
1506 762 1694 833 μέλλον

122 848 156 896 ὁ
182 846 388 918 Σωτὴρ
415 848 500 901 διὰ
528 848 835 919 παραϐολῆς
858 850 954 918 τῆς
973 848 1143 912 οὕτως
1168 850 1393 920 ἐχούσης
1414 866 1427 880 ο
1467 850 1692 920 Ὡμοιώ-

124 940 207 1004 θη
256 937 303 1004 ἠ
349 939 628 1002 βασιλεία
672 939 785 993 τῶν
826 939 1093 1007 οὐρανῶν
1118 941 1397 1009 ἀνθρώπῳ
1426 941 1687 1005 βασιλεῖ,

124 1027 317 1094 ὅστις
343 1030 584 1098 ἐποίησε
609 1029 829 1099 γάμους
846 1030 924 1095 τῷ
948 1032 1050 1096 υἱῷ
1067 1033 1251 1087 αὐτοῦ
1267 1050 1280 1062 ·
1309 1032 1403 1086 καί
1424 1032 1691 1087 ἀπέστει-

122 1120 204 1169 λε
228 1118 605 1184 τοὺςὰιυτοῦ
616 1118 871 1184 δούλους
883 1120 1129 1174 καλέσαι
1146 1121 1280 1186 τοὺς
1294 1120 1691 1190 κεκλημένους

122 1210 219 1273 εἰς
231 1208 384 1274 τοὺς
394 1209 630 1278 νόμους·
649 1212 699 1262 ol
710 1208 895 1263 δὲοὺκ
908 1210 1126 1279 ἤθελον
1135 1211 1344 1265 ἐλθεῖν.
1361 1212 1549 1265 Πάλιν
1559 1212 1691 1265 ἀπέ-

122 1300 384 1351 credar
401 1298 634 1366 ἐτέρους
652 1317 665 1330 ’
686 1303 738 1354 ol
762 1300 847 1364 δὲ,
872 1301 1020 1369 πρὸς
1040 1302 1104 1354 τὸ
1128 1303 1213 1371 μὴ
1238 1300 1483 1370 θελῆσαι
1506 1303 1690 1355 ἁπαν-

122 1386 347 1453 τῆσαι,
370 1388 453 1442 ἔτι
477 1389 572 1442 καί
595 1389 972 1458 διαλαϐόντες
998 1392 1135 1459 τοὺς
1163 1392 1418 1458 δούλους
1442 1393 1691 1460 ὕϐρισαν

120 1478 228 1530 καὶ
247 1479 623 1533 ἀπέκτειναν.
642 1475 734 1545 Οἷς
749 1482 984 1553 ἐπιλέγει
1003 1501 1016 1515 ⁸
1047 1486 1098 1536 '0
1112 1483 1179 1537 δὲ
1190 1484 1507 1549 βασιλεὺς,
1522 1485 1689 1538 ἁκού-

120 1585 276 1633 σας,
300 1569 579 1639 ὠργίσθη,
603 1573 700 1627 καί
720 1574 956 1643 πέμψας
974 1576 1045 1628 τὰ
1061 1578 1466 1645 στρατεύματα
1482 1578 1685 1643 αὑτοῦ,

120 1657 418 1714 ἀπώλεσε
438 1661 574 1729 τοὺς
595 1665 794 1733 φονεῖς
817 1666 1103 1731 ἐκείνους,
1134 1665 1231 1719 καί
1253 1666 1366 1733 τὴν
1387 1668 1565 1721 πόλιν
1586 1670 1689 1723 αὐ-

122 1748 255 1802 τῶν
274 1750 590 1821 ἐνέπρησε.
648 1755 827 1809 Ταῦτα
849 1758 877 1809 ὁ
902 1756 1089 1827 Σωτὴρ
1116 1758 1174 1811 ἐν
1193 1756 1339 1827 αὐτῷ
1363 1756 1437 1827 τῷ
1460 1759 1589 1831 ίερῴ
1607 1759 1686 1831 ἐτι

120 1840 255 1895 τότε
283 1845 571 1898 συνεστῶτι
604 1848 1004 1918 ἀναγέγραπται
1035 1848 1299 1919 εἰρηκώς
1331 1848 1367 1902 ἃ
1394 1853 1487 1903 καὶ
1511 1829 1684 1922 ἐπλη-

1793 676 2033 730 rabolam
2067 675 2224 729 istam
2256 670 2477 727 :Simile
2500 670 2695 741 factum
2726 680 2802 724 est
2840 684 3050 739 regnum
3085 671 3326 747 caelorum

1792 765 1986 819 homini
2012 765 2139 834 regi,
2169 764 2257 833 qui
2286 762 2405 829 fecit
2434 762 2641 829 nuptias
2667 760 2778 828 ﬁlio
2804 776 2898 814 suo
2925 769 3009 814 :et
3044 761 3188 814 misit
3218 777 3329 813 ser-

1790 872 1877 909 vos
1916 872 2035 909 suos
2067 863 2126 907 ut
2162 862 2398 907 vocarent
2441 853 2683 905 invitatos
2717 849 2785 903 ad
2823 850 3031 916 nuptias
3056 865 3075 903 :
3096 847 3177 902 illi
3212 864 3327 905 vero

1790 945 2067 999 noluerunt
2098 945 2285 997 venire.
2325 940 2519 996 Iterum
2548 940 2691 993 misit
2722 938 2859 993 alios’
2878 955 2896 992 :
2916 940 2996 992 illi
3039 954 3153 994 vero
3193 954 3329 1008 prta-

1791 1045 2023 1105 terquam
2057 1035 2494 1109 quodnoluerunt
2535 1035 2723 1097 venire,
2746 1034 2903 1085 etiam
2941 1040 3119 1101 captos
3157 1049 3326 1087 seruos

1787 1117 2109 1181 contumeliis
2140 1127 2441 1201 aﬂ’ecerunt,
2475 1133 2523 1176 et
2558 1123 2933 1177 occiderunt“.
2971 1123 3179 1188 Quibus
3205 1124 3329 1178 sub-

1788 1218 1865 1272 dit
1893 1235 1907 1272 :
1935 1216 2045 1272 Rea:
2074 1228 2266 1281 autem,
2289 1216 2525 1280 audiens,
2552 1216 2717 1268 iratus
2742 1222 2836 1277 est,
2861 1224 2929 1279 et,
2947 1214 3119 1267 missis
3137 1216 3330 1267 exerci-

1791 1307 1927 1361 tibus
1970 1307 2081 1361 suis
2100 1346 2115 1370 ,
2139 1306 2362 1374 perdidit
2386 1305 2671 1361 homicidas
2701 1304 2842 1369 illos,
2872 1314 2920 1358 et
2955 1306 3213 1358 civitatem
3239 1320 3326 1357 eo-

1790 1413 1904 1450 rum
1948 1397 2210 1451 succendit
2235 1399 2299 1451 ’⁵.
2332 1394 2456 1451 Haec
2491 1395 2819 1451 Salvatorem
2868 1396 2923 1449 in
2969 1397 3085 1465 ipso
3127 1394 3326 1463 templo

1787 1487 1963 1543 adhuc
1999 1490 2327 1543 consistente
2357 1488 2557 1541 dixisse
2603 1485 2895 1541 scribitur:
2925 1500 3044 1555 quae
3088 1499 3195 1539 non
3232 1485 3327 1539 diu

1787 1585 1970 1647 postea
2000 1578 2219 1649 impleta
2254 1585 2403 1640 sunt,
2442 1575 2770 1646 Vespasiano
2788 1586 2843 1631 et
2876 1577 2997 1630 Tito
3027 1576 3201 1632 locum
3235 1574 3328 1630 0b~

1764 1666 2084 1723 sidentibus
2112 1687 2126 1723 :
2156 1681 2386 1737 quorum
2418 1677 2653 1735 tempore
2678 1660 2858 1721 nullus
2884 1667 3143 1737 propheta
3185 1665 3325 1734 apud

1786 1756 1907 1811 illos
1945 1752 2115 1811 fuisse
2163 1764 2437 1808 narratur.
2474 1752 2816 1837 Obsidionem
2861 1755 3050 1823 itaque
3089 1768 3325 1823 praiseus

1786 1846 2021 1916 psalmus
2070 1844 2336 1915 signiﬁcat
2365 1865 2378 1899 :
2404 1842 2574 1914 quare
2604 1846 2658 1898 in
2697 1834 2974 1913 principio'
3005 1845 3175 1899 dicit:
3221 1841 3320 1897 Ut-

122 1932 296 2002 ροῦτο
310 1934 407 1986 οὐκ
428 1937 503 1998 είς
524 1938 749 2006 μακρὸν,
770 1937 1173 1992 Οὐεσπασιανοῦ
1196 1938 1453 1992 καὶΤίτου
1474 1921 1677 2012 πολιορ-

1782 1936 1926 2006 quid,
1970 1935 2134 2001 Deus,
2173 1936 2411 2005 repulisti
2452 1937 2506 1988 in
2546 1934 2742 2003 ﬁnem?
2789 1933 2926 1988 Hinc
2973 1948 3101 1989 vero
3139 1933 3326 1988 mirari
3414 1921 3421 1930 ’

122 2025 419 2093 κτισάντων
448 2026 537 2080 τὸν
556 2026 733 2079 τόπον·
768 2027 891 2089 καθῗ
913 2027 1004 2091 οὓς
1032 2028 1318 2099 προφητῶν
1344 2031 1511 2093 οὐδεὶς
1540 2047 1686 2100 γεγο-

122 2111 237 2177 νὼς
266 2115 553 2184 ἱστορεῖται
575 2117 821 2185 γενέσθαι
847 2118 983 2171 κατὰ
999 2118 1235 2181 τούτους.
1270 2119 1564 2189 Τοιγαροῦν
1587 2137 1682 2172 πο-

121 2197 377 2274 λιόρκίαν
412 2206 439 2256 ό
483 2206 618 2275 μετὰ
649 2208 833 2277 χεῖρας
878 2207 1168 2279 παρίστησι
1198 2208 1377 2278 λόγος·
1412 2210 1490 2262 διό
1521 2227 1682 2280 φησιν

122 2292 433 2363 ἀρχόμενος
452 2314 463 2326 ·
490 2296 620 2350 Ἵνα
639 2297 715 2359 τί,
738 2300 770 2351 ό
792 2299 951 2362 Θεὸς,
972 2298 1186 2365 ἀπώσω
1203 2301 1288 2365 εἰς
1308 2299 1507 2366 tunc;
1530 2302 1681 2353 Ἐστι

121 2375 181 2428 δὲ
212 2380 282 2431 ἐκ
322 2380 517 2433 τούτων
546 2383 645 2452 τὴν
681 2383 877 2459 ἀρετὴν
903 2385 1282 2456 ἀποθαυμάσαι
1312 2391 1409 2458 τῆς
1432 2388 1681 2441 θεοπνεύυ

126 2481 259 2518 στου
280 2468 516 2539 Γραφῆς,
541 2470 615 2531 ὡς
639 2471 705 2523 τὰ
729 2476 953 2543 μακροῖς
980 2473 1200 2544 ὕστερον
1226 2474 1531 2545 πραχθέντα
1560 2473 1680 2543 χρό-

122 2572 241 2619 νοις
280 2559 583 2628 προγνώσει
634 2560 751 2632 θείᾳ
805 2564 1112 2633 προείληφε.
1171 2565 1243 2617 Τὸ
1269 2565 1356 2626 δὲ,
1404 2566 1596 2629 ’1νατί,
1648 2569 1679 2617 ό

123 2647 279 2710 Θεὸς
298 2686 315 2711 ,
344 2648 558 2702 ἀπώσω
585 2654 669 2716 εὶς
696 2654 895 2718 τέλος,
931 2655 1137 2725 εἴρηται
1157 2694 1171 2717 ,
1199 2655 1391 2723 ἐπειδὴ
1427 2656 1678 2719 πολλάκις

120 2736 409 2801 ἀσεϐείαις
439 2740 530 2792 καὶ
562 2741 955 2814 πλημμελείαις
979 2747 1041 2797 τὸ
1086 2746 1343 2798 Ἰουδαίων
1370 2746 1518 2809 ἔθνος
1546 2748 1675 2800 ὑπο-

124 2825 329 2879 πίπτον
353 2830 657 2899 παρεδίδοτο
683 2835 790 2895 τοῖς
816 2833 1105 2903 περιοίκοις
1134 2834 1441 2903 ἀλλοφύλοις
1473 2835 1671 2888 ἔθνεσιο

124 2918 223 2970 καὶ
251 2920 401 2973 ἠποτέ
441 2922 537 2991 μὲν
572 2923 763 2987 αὐτοὺς
789 2924 1067 2982 Μωαϐῖται
1101 2925 1399 2995 ἐχειροῦντο
1421 2968 1434 2991 ,
1466 2928 1593 2981 ποτὲ
1621 2929 1675 2980 δὲ

138 3007 483 3078 Ἀμμανῖται,
507 3012 598 3065 καὶ
623 3012 805 3066 ἄλλοτε
829 3014 883 3066 δὲ
910 3014 1240 3084 Μαδιηναῖοι.
1287 3012 1395 3069 Εἶτ’
1424 3017 1672 3088 ἐπιστρὲ-

126 3114 246 3164 φων
282 3099 476 3162 αὐτοὺς
517 3101 879 3173 ἀνελάμϐανεν
917 3106 945 3155 ὁ
990 3105 1142 3168 Θεός·
1172 3172 1173 3175 η
1210 3107 1300 3158 καὶ
1341 3107 1475 3176 μετὰ
1503 3107 1671 3160 ταῦτα

124 3186 292 3239 πάλιν
311 3190 747 3259 παρανομοῦντας
763 3192 1039 3259 παρεδίδου
1059 3193 1329 3263 πολεμίοις
1343 3194 1562 3265 ἑτέροις,
1582 3195 1671 3248 καὶ

120 3273 286 3341 αὖθις
310 3280 594 3333 ἀνεκτᾶτο·
622 3282 869 3334 οὐδέποτε
900 3282 951 3334 6;
988 3285 1176 3347 αὐτοὺς
1203 3285 1468 3338 ἀπωθεῖτο
1489 3288 1567 3347 εἰς
1587 3285 1676 3337 τὲ-
1702 3274 1743 3331 C-

122 3366 214 3430 λος
232 3407 249 3432 ,
293 3370 427 3439 πρὸς
454 3371 653 3441 βραχὺν
684 3372 740 3424 δέ
768 3390 885 3425 τινα
911 3374 1096 3444 καιρὸν
1118 3376 1455 3446 ἐπιστρέφων
1482 3375 1670 3444 ἐνῆγεν

122 3458 205 3520 είς
236 3460 522 3540 σωτηρίαν.
560 3462 711 3515 Μετὰ
736 3461 792 3514 δὲ
819 3463 878 3515 τὸ
903 3465 1039 3517 κατὰ
1069 3466 1161 3518 τοῦ
1196 3466 1439 3535 Σωτῆρος
1473 3464 1669 3535 τολμη-

124 3550 217 3603 θὲν
245 3550 426 3613 αὐτοῖς
450 3553 578 3619 ἄγος
603 3551 863 3620 ἔφθασεν
889 3558 972 3618 είς
998 3555 1214 3619 αὐτοὺς
1239 3556 1277 3621 ἠ
1305 3556 1445 3623 ὀργὴ
1474 3558 1559 3619 εις
1587 3554 1673 3607 τέ-

123 3643 254 3706 loc,
268 3641 407 3694 κατὰ
432 3642 528 3711 τὴν
556 3643 905 3715 ἀποστολικὴν
926 3644 1158 3715 Γραφὴν,
1180 3645 1253 3705 ὡς
1274 3644 1330 3706 ἐξ
1350 3644 1549 3697 ἐκείνου
1580 3645 1672 3698 καὶ

123 3732 204 3793 είς
223 3730 383 3800 δεῦρο
401 3732 583 3803 μηκέτ’
605 3735 803 3805 ἐπᾶραι
822 3734 1057 3804 κεφαλὴν
1079 3734 1288 3796 αὐτούς.
1323 3736 1386 3786 Ὃ
1401 3735 1462 3805 δὴ
1482 3736 1670 3805 σημαία

123 3837 291 3873 νουσα
320 3822 353 3889 ἠ
386 3825 682 3893 προφητεία
740 3825 928 3894 φησίν·
989 3825 1177 3889 Ἰνατί,
1205 3828 1236 3879 ό
1258 3825 1429 3889 Θεὸιξ,
1456 3826 1671 3879 ἀπώσω

121 3912 209 3975 είς
239 3909 412 3976 τέλος
428 3928 447 3976 ;
469 3914 892 3985 Σεσιωπημένως
923 3916 978 3969 δὲ
996 3918 1027 3968 ό
1053 3915 1207 3983 λόγος
1234 3916 1319 3969 διὰ
1342 3916 1437 3985 τῆς
1466 3918 1669 3986 ἐρωτή-

126 4017 262 4064 σεως
279 4002 492 4072 ᾐνίξατο
514 4004 609 4074 τὴν
624 4007 758 4060 κατὰ
772 4005 861 4059 τοῦ
877 4007 1124 4077 Σωτῆρος
1145 4006 1296 4075 ἡμῶν
1318 3990 1528 4077 πρᾶξιν,
1554 4008 1668 4077 μεθ’

122 4092 187 4162 ἢν
218 4095 319 4145 καὶ
340 4095 418 4157 είς
444 4096 592 4157 τέλος
612 4096 1006 4167 ἀπεϐλήθησαν.
1040 4096 1202 4150 Τοῦτο
1228 4096 1283 4148 δὲ
1311 4098 1402 4148 καὶ
1431 4099 1458 4148 ό
1484 4098 1670 4167 Σωτὴρ

122 4185 287 4247 αὐτὸς
314 4184 546 4255 παρίστη
574 4186 772 4254 λέγων’
807 4187 1067 4252 Ποσάκις
1094 4188 1360 4255 ἠθέλησα
1385 4190 1669 4243 ἐπισυνα-

123 4275 325 4345 γαγεῖν
352 4276 423 4328 τὰ
462 4277 638 4330 τέκνα
675 4293 789 4333 σου
812 4319 826 4342 ,
860 4278 931 4331 ὃν
955 4279 1172 4346 τρόπον
1199 4279 1357 4346 ὄρνις
1388 4280 1673 4335 ἐπισύνά-

122 4382 207 4433 γει
236 4365 311 4419 τὰ
334 4370 553 4422 νοσσία
581 4367 696 4421 ὑπὸ
723 4369 826 4432 τὰς
854 4350 1161 4436 πτέρυγας,
1198 4372 1295 4423 καὶ
1316 4373 1424 4424 οὐκ
1456 4371 1669 4440 ἠθελή-

121 4471 303 4521 σατε;
337 4456 489 4511 Ἰδοὺ
516 4458 741 4524 ἀφίεται
764 4446 903 4525 ὑμῖν
922 4462 953 4512 ό
972 4460 1133 4525 οἶκος
1148 4460 1312 4529 ὑμῶν
1331 4450 1565 4529 ἕρημος.
1599 4462 1671 4513 Τὸ

122 4548 261 4621 γὰρ,
288 4535 548 4613 Ποσάκις
573 4548 857 4616 ἠθέλησα,
882 4549 1028 4619 δηλοῖ
1054 4551 1152 4621 τὴν
1176 4551 1365 4621 μακρῷ
1386 4552 1559 4622 χρόνῳ
1588 4554 1672 4603 ὲν-

1790 2028 1934 2083 subit
1960 2027 2220 2083 divinitus
2267 2028 2539 2096 inspirata:
2590 2025 2880 2094 Scriptum
2906 2022 3180 2087 virtutem,
3206 2039 3326 2096 quae

1787 2118 2057 2173 diuturnis
2084 2126 2268 2186 postea
2297 2115 2629 2186 temporibus
2652 2097 2802 2186 gest'a
2837 2112 3016 2166 divina
3040 2114 3325 2181 praescieri-

1789 2210 1860 2263 lia
1894 2209 2201 2263 antevertit.
2232 2206 2367 2261 Illud
2405 2196 2605 2267 autem,
2669 2204 2882 2275 Ulquid,
2910 2204 3064 2266 Deus,
3087 2192 3322 2270 repu‘listi

1788 2299 1840 2350 in
1870 2296 2269 2366 ﬁnem,dictum
2301 2305 2407 2358 est,
2443 2298 2567 2364 quia
2591 2293 2814 2349 Iudaica
2846 2311 2978 2364 gens
3008 2295 3060 2347 in
3082 2294 3299 2363 impieta

1786 2399 1867 2443 tes
1912 2396 1966 2459 et
2019 2388 2074 2441 in
2133 2386 2337 2441 scelera
2384 2386 2662 2447 decidens,
2718 2385 2962 2439 ﬁnitimis
3011 2384 3303 2453 alienigeni-

1783 2476 2034 2547 gentibus
2074 2475 2215 2529 tradi
2254 2474 2495 2539 solebat;
2534 2483 2588 2527 et
2624 2473 2783 2527 modo
2820 2474 3035 2541 quidem
3082 2472 3313 2526 Moabita

1784 2566 2101 2633 subigebant
2134 2565 2300 2629 illam,
2331 2563 2487 2617 modo
2507 2560 2846 2625 Ammanitae,
2881 2560 3040 2614 modo
3063 2560 3321 2614 Madiani-

1783 2662 1869 2710 tae.
1902 2654 2100 2709 Deinde
2140 2661 2318 2707 autem
2353 2653 2420 2707 ad
2450 2650 2655 2721 frugem
2696 2666 2955 2715 revocans
2986 2650 3148 2713 Deus,
3190 2650 3321 2719 ipsis

1782 2746 2252 2815 patrocinabatur;
2295 2726 2525 2800 subinde
2572 2758 2699 2798 vero
2734 2744 3147 2812 praevaricantes
3202 2740 3321 2793 aliis

1782 2837 2016 2891 inimicis
2046 2835 2310 2899 tradebat,
2360 2849 2422 2888 ac
2470 2849 2661 2887 rursus
2704 2835 2756 2886 in
2790 2834 3075 2901 pristinum
3118 2840 3321 2885 statum

1781 2927 2097 2982 restituebat
2126 2932 2216 2981 :et
2246 2939 2519 2992 nunquam
2554 2924 2605 2976 in
2642 2923 2799 2976 tinem
2830 2937 3004 2991 usque
3030 2920 3319 2989 abjiciebat

1780 3019 1921 3081 illos,
1948 3018 2039 3073 sed
2076 3018 2219 3073 brevi
2253 3025 2377 3086 post
2407 3011 2647 3085 tempore
2671 3016 2726 3068 in
2757 3013 2982 3069 salutem
3011 3011 3313 3066 revocabat.

1778 3107 1846 3162 At
1881 3116 1999 3177 post
2030 3114 2296 3177 patratum
2334 3107 2401 3159 ab
2436 3107 2516 3160 eis
2544 3113 2735 3159 contra
2768 3090 3106 3159 Servatorem
3153 3115 3311 3153 exse-

1777 3197 2034 3251 crandum
2060 3196 2290 3260 facinus,
2320 3194 2541 3261 pervenit
2567 3194 2633 3246 ad
2665 3210 2750 3247 eos
2780 3194 2864 3245 ira
2889 3192 2942 3244 in
2969 3192 3122 3260 ﬁnem
3144 3189 3207 3253 ιθ,
3240 3204 3319 3244 se.
3370 3234 3373 3237 λ

1777 3288 2012 3342 cundum
2042 3286 2390 3356 apostolicam
2426 3285 2791 3354 Scripturam;
2823 3284 2895 3337 ita
2922 3291 2981 3337 ut
3011 3288 3132 3351 post
3166 3279 3313 3347 illam

1778 3366 2137 3431 calamitatem
2184 3390 2292 3430 non
2330 3376 2590 3429 hactenus
2636 3382 2797 3444 caput
2839 3374 3149 3429 extulerint.
3188 3372 3317 3437 Quae

1778 3466 2085 3535 signiﬁcans
2114 3464 2390 3534 prophetia
2424 3463 2552 3517 dicit
2584 3482 2595 3517 :
2628 3462 2843 3531 thuid,
2891 3463 3051 3524 Deus,
3083 3461 3317 3529 repuliin

1777 3559 1834 3612 in
1868 3558 2062 3626 ﬁnem?
2090 3555 2193 3611 Per
2234 3555 2709 3624 interrogationem
2752 3568 2879 3607 vero
2924 3553 3219 3607 admissum
3263 3552 3315 3604 in

1780 3647 2115 3702 Servatorem
2174 3656 2417 3700 nostrum
2473 3644 2681 3699 facinus
2722 3626 3151 3708 'subindicatur,
3207 3656 3316 3710 quo

1776 3748 1995 3809 peracto
2018 3739 2071 3791 in
2102 3737 2260 3791 ﬁnem
2301 3736 2494 3805 abjecti
2526 3744 2670 3790 sunt.
2706 3735 2761 3789 ld
2792 3748 2922 3790 sane
2955 3735 3069 3802 ipse
3100 3747 3315 3801 quoque

1779 3828 2033 3891 Servator
2064 3829 2303 3885 declarat
2334 3828 2521 3882 dicens
2547 3848 2558 3881 :
2591 3828 2803 3893 Quoties
2826 3825 2972 3886 uolui
3011 3840 3316 3894 congregare

1777 3921 1916 3989 ﬁlios
1944 3929 2085 3985 tuos,
2127 3918 2561 3988 quemadmodum
2606 3917 2807 3986 gallina
2830 3924 3116 3989 congregat
3145 3914 3316 3981 pullos

1777 3986 1900 4072 suos,
1940 4012 2033 4065 sub
2082 3986 2219 4071 alas,
2261 4016 2311 4060 et
2364 4009 2645 4064 noluistis?
2676 4006 2802 4061 Ecce
2819 3986 3149 4075 [relinquetur
3175 4006 3314 4059 vobis

1775 4103 1956 4154 domus
1999 4109 2169 4153 vestra
2207 4098 2410 4153 deserta
2436 4098 2499 4152 ”.
2531 4097 2663 4150 Illud
2704 4097 2867 4158 enim,
2896 4096 3107 4161 Quoties
3154 4097 3313 4161 volui,

1777 4194 1976 4247 indicat
2028 4189 2366 4243 tolerantiam
2405 4188 2551 4241 illam
2598 4174 2854 4241 diuturno
2900 4195 3141 4256 tempore
3183 4188 3316 4257 ipsis

1775 4281 2098 4346 exbibitam;
2150 4278 2281 4333 illud
2313 4289 2460 4341 vero,
2499 4288 2547 4331 et
2592 4278 2854 4340 noluistis,
2890 4284 3212 4347 postremam
3247 4275 3316 4329 il-

1776 4370 1948 4422 lorum
1981 4368 2335 4437 abjectionem
2360 4368 2643 4437 signiﬁcat.
2666 4368 2880 4437 quando
2911 4368 3082 4421 iratus
3110 4374 3200 4428 est
3227 4364 3316 4419 fu-

1777 4477 1867 4516 ror
1913 4461 2031 4529 ejus
2058 4476 2220 4530 super
2262 4461 2381 4515 illas
2410 4474 2530 4529 qua:
2570 4460 2696 4529 olim
2746 4465 2901 4513 erant
2942 4473 3069 4533 oves
3102 4472 3316 4526 pascuae

1775 4553 1911 4621 ejus.
1925 4552 2127 4621 Deinde
2142 4567 2268 4607 vero
2289 4553 2608 4623 supplicatio
2630 4551 2893 4606 emittitur
2913 4550 2997 4603 his
3024 4542 3202 4603 verbis
3227 4568 3316 4603 :—

122 4610 365 4693 όοθείσαν
396 4610 572 4702 αὑτοίς
591 4610 986 4711 μακροθυμίαν·
1018 4641 1079 4694 τὸ
1102 4610 1188 4705 de;
1458 4610 1669 4709 ἠθελή-

1779 4610 1931 4699 δίεπε.
1956 4644 2008 4697 2.
2042 4613 2242 4697 Memor
2266 4610 2374 4697 estd
2395 4610 2691 4713 .Synagoga:
2715 4651 2835 4703 tute,
2865 4655 3021 4705 quam
3040 4639 3314 4706 possedisti

122 4745 302 4791 σατε,
348 4728 741 4807 παραστατικὸν
772 4730 837 4782 ἂν
866 4732 1071 4798 γένοιτο
1098 4731 1457 4807 τῆς-ὑστάτης
1492 4732 1666 4786 αὐτῶν

123 4816 414 4885 ἀποϐολῆς,
436 4818 523 4869 ὅτε
544 4817 635 4868 καὶ
659 4816 908 4888 ὠργίσθη
926 4820 955 4870 ὁ
982 4819 1148 4888 θυμὸς
1174 4820 1333 4872 αὐτοῦ
1356 4822 1447 4873 ἐπὶ
1474 4822 1541 4873 τὰ
1564 4821 1667 4874 πά-

121 4907 207 4960 λαι
237 4908 500 4977 γενόμενα
527 4906 767 4978 πρόϐατα
794 4908 960 4977 νομῆς
986 4907 1168 4960 αὐτοῦ.
1213 4907 1366 4975 Ἑξῆς
1382 4909 1439 4961 δὲ
1461 4911 1489 4962 ό
1512 4910 1666 4978 λόγος

126 4993 403 5063 ίκετηρίαν
430 4994 690 5064 προσάγει
710 4992 877 5060 λέγων
895 5008 909 5023 ’
934 4992 1241 5061 Μνήσθητι
1263 4994 1371 5061 τῆς
1394 5010 1662 5067 συναγω-

123 5082 233 5150 γῆς
278 5099 412 5148 σου,
433 5080 507 5154 ἧς
530 5084 762 5152 ἐκτήσω
785 5084 885 5137 ἀπ’
912 5082 1119 5151 ἀρχῆς.
1154 5085 1361 5155 Σφόδρα
1392 5085 1447 5138 δὲ
1471 5088 1667 5141 καταλ-

122 5169 296 5240 λήλως
333 5175 645 5244 συναγωγῆς
673 5172 1033 5243 ἐμνημόνευσε
1053 5209 1068 5235 ,
1102 5175 1195 5226 καὶ
1234 5174 1443 5245 πρῶτον
1484 5179 1665 5248 κτῆμα

121 5260 213 5313 τοῦ
247 5261 381 5315 Θεοῦ
411 5282 572 5334 φησιν
605 5266 770 5335 αὐτὴν
801 5261 1073 5333 γεγονέναι
1098 5280 1111 5293 ο
1140 5264 1235 5316 ἆτε
1264 5265 1415 5328 εἰδὼς
1445 5268 1539 5320 καὶ
1566 5269 1666 5337 τὴν

126 5350 197 5420 μὴ
224 5348 285 5415 ἐξ
309 5351 498 5421 ἀρχῆς,
519 5353 630 5407 ἀλλ’
660 5353 881 5424 ὕστερον
908 5350 1041 5423 μετά
1067 5352 1163 5422 τὴν
1183 5354 1493 5410 ἀπόπτωσιν
1518 5360 1661 5413 ἑκεί-

123 5458 217 5511 νης
245 5439 305 5506 ἐξ
346 5442 595 5520 ἁπάντων
635 5444 743 5497 τῶν
777 5444 943 5497 ἐθνῶν
975 5443 1275 5497 ὑτοοστᾶσαν
1316 5447 1655 5520 Ἐκκλησίαν.

124 5524 229 5594 Ἦς
249 5530 341 5584 καὶ
362 5533 419 5584 ἐν
435 5531 641 5602 ἑτέροις
668 5534 988 5603 μνημονεύει
1005 5534 1171 5601 λέγων
1192 5550 1204 5562 ·
1242 5535 1336 5593 Ἐν
1347 5536 1512 5603 μέσῳ
1545 5542 1664 5593 Ἐκ-

125 5621 379 5688 unciae
405 5622 650 5689 ὑμνήσω
677 5638 749 5677 σε
768 5639 786 5655 ο
804 5625 908 5675 ’καὶ
936 5625 1092 5677 πάλιν
1118 5639 1130 5653 ·
1174 5625 1663 5696 Εὺηγγελισάιιην

193 5733 238 5764 ⁸⁵
276 5731 461 5786 Matth.
498 5749 642 5795 xm,
673 5734 783 5789 2-6.
892 5737 934 5767 ”
974 5736 1100 5790 ibid.
1139 5736 1187 5789 7.

129 5803 166 5835 ¹⁹
205 5801 345 5855 Psal.
384 5817 585 5869 xulx,
621 5804 704 5859 10.
738 5806 739 5809 ’
784 5804 827 5834 ²⁰
866 5803 1005 5858 Psal.
1044 5821 1168 5869 nt,
1199 5804 1287 5858 96.

1292 5737 1334 5767 ’⁸
1371 5736 1387 5789 1
1426 5738 1596 5799 Thess
1654 5744 1727 5810 ii,
1775 5742 1857 5798 l6.

1772 4738 1843 4802 ab.
1856 4736 2019 4788 initio.
2041 4734 2338 4787 Admodum
2355 4741 2712 4801 congruenter
2734 4730 3068 4802 Synagogam
3085 4745 3314 4785 comme-

1770 4832 1943 4878 morat
1961 4823 2148 4893 aitque
2176 4822 2316 4877 illam
2337 4823 2559 4892 primam
2591 4820 2684 4876 Dei
2702 4822 3097 4891 possessionem
3110 4820 3276 4874 fuisse
3296 4839 3309 4885 ;

1769 4923 1949 4984 utpote
1981 4913 2072 4981 qui
2108 4902 2291 4967 nosset
2334 4911 2651 4979 Ecclesiam,
2691 4929 2757 4968 ex
2786 4914 3035 4969 omnibus
3065 4914 3312 4981 gentibus

1767 5007 2132 5067 constitutam,
2163 5019 2284 5074 qua:
2325 5019 2431 5058 non
2462 5005 2529 5059 ab
2566 5006 2743 5071 initio,
2784 5006 2877 5061 sed
2917 5015 3038 5077 post
3071 5000 3313 5073 Synagoé

1768 5112 1849 5165 gae
1882 5096 2093 5150 ruinam
2140 5097 2366 5151 exstitit.
2398 5095 2578 5164 ,Cujus
2621 5094 2876 5150 Ecclesiae
2898 5097 3030 5149 alias
3070 5096 3313 5147 meminit

1767 5182 1991 5237 dicens:
2026 5181 2094 5237 In
2140 5184 2309 5238 medio
2351 5183 2597 5239 Ecclesiae
2645 5181 2871 5235 laudabo
2917 5193 2963 5235 te
2986 5182 3057 5246 ‘9;
3093 5188 3147 5235 et
3190 5196 3313 5234 rur-

1764 5286 1859 5325 sus
1888 5290 1901 5324 :
1929 5272 2248 5327 Annuntiavi
2274 5274 2539 5351 justitiam
2567 5274 2621 5325 in
2652 5270 2889 5325 Ecclesia
2931 5285 3120 5337 magna
3138 5271 3216 5333 ¹⁹;
3248 5284 3311 5323 ac

1748 5361 1958 5417 iterum
1982 5378 1996 5413 :
2016 5361 2169 5429 Apud
2194 5373 2242 5415 te
2268 5363 2382 5415 laus
2416 5378 2529 5415 mea
2556 5362 2609 5413 in
2636 5360 2869 5415 Ecclesia
2904 5374 3093 5427 magna
3116 5359 3179 5411 ²⁰.
3212 5357 3309 5413 Vc-

1765 5444 1883 5502 rum
1917 5464 2025 5504 non
2052 5453 2178 5506 talis
2209 5453 2299 5505 illa
2330 5453 2456 5511 olim
2489 5451 2767 5521 Synagoga
2799 5444 2914 5503 erat
2950 5467 2961 5503 :
2997 5447 3083 5500 illa
3110 5449 3308 5516 quippe

1767 5538 1887 5619 ideo
1917 5539 1998 5594 sic
2041 5542 2338 5595 vocabatur
2365 5541 2507 5610 quod
2558 5555 2668 5595 uno
2706 5544 2760 5594 in
2804 5540 2920 5593 loco
2950 5552 3305 5607 congregare-

1767 5640 1882 5696 tur;
1916 5629 2195 5711 haae’vero
2222 5631 2633 5699 praecellentiam
2666 5630 2942 5684 electionis
2985 5642 3095 5682 suae
3130 5628 3319 5687 decla-V

1952 5744 1991 5775 "
2034 5743 2217 5798 Matth.
2263 5744 2431 5808 mu,
2466 5744 2529 5797 57
2553 5744 2689 5807 ,λ58.
2793 5744 2837 5774 ¹⁸
2870 5742 3010 5797 Psai.
3051 5759 3139 5797 ιιι
3164 5782 3178 5806 ,
3213 5738 3299 5795 Ξῖ).
