3950 6342
136 503 213 560 857

1172 484 1659 558 οοιιηΝτΑιιιΑ
1693 498 1756 554 lN
1793 496 2117 583 rssnuos.

3105 500 3207 556 858

136 621 364 684 πύρισαν,
400 615 527 684 φησι
546 654 560 678 ,
589 614 656 666 ἐν
680 614 817 681 πυρί
843 613 907 667 τὸ
931 614 1302 682 ἀτιαστήριόν
1331 628 1443 669 σου
1461 656 1476 681 ,
1510 613 1607 668 καί

1713 614 1833 666 tiam
1874 607 2061 667 eorum
2106 625 2225 679 quae
2269 625 2429 679 supra
2476 611 2619 666 dicta
2679 621 2802 668 sunt
2839 616 3026 684 aperit.
3079 614 3212 680 Quia

135 711 201 772 εΙς
219 705 316 772 τὴν
342 704 453 774 γῆν
480 703 848 771 castiﬁle
878 705 942 756 τὸ
969 703 1246 772 σκήνωμα
1270 702 1374 756 τοῦ
1399 705 1605 771 ὀνόμα-

136 798 212 862 τός
230 809 348 847 σου.
400 794 483 846 Ἐν
501 787 546 860 ᾧ
569 793 896 863 διερμηνεύει
923 793 1016 861 τὴν
1044 792 1274 846 διάνοιαν
1301 793 1391 844 τοῦ
1415 792 1609 851 ἀνωτέ-

133 902 197 955 ρω
217 883 528 953 λελεγμένου.
571 881 778 946 Ἐπειδὴ
801 881 906 952 γὰρ
928 882 983 934 ὲν
1008 885 1117 946 τοῖς
1143 882 1440 954 ἔμπροσθεν
1464 884 1607 954 είρη-

134 991 204 1026 τοι
236 975 382 1039 Ὄρος
413 970 564 1024 Σιὼν
589 971 755 1023 τοῦτο
784 970 814 1024 ὃ
855 969 1308 1044 κατεσκήνωσας
1333 975 1399 1025 ὲν
1422 965 1604 1037 αὐτῷ·

134 1065 251 1124 ὅπως
287 1061 681 1128 κατεσκήνωσεν
722 1061 779 1111 ἐν
810 1059 956 1127 αὐτῷ
1001 1059 1244 1127 διασαφεῖ
1271 1060 1361 1114 νῦν
1404 1064 1605 1131 φήσας·

138 1155 190 1204 Τὸ
211 1151 471 1218 σκήνωμα
501 1148 602 1201 τοῦ
630 1139 910 1215 ὀνόματος
937 1163 1050 1202 σου
1073 1166 1086 1179 ·
1118 1151 1377 1218 Σκήνωμα
1405 1152 1510 1221 γὰρ
1543 1147 1610 1219 ἦν

133 1241 154 1289 ὁ
172 1238 304 1300 τόπος
321 1238 412 1290 οὐκ
431 1234 588 1288 αὐτοῦ
611 1232 698 1286 τοῦ
719 1233 870 1298 Θεοῦ,
889 1234 1019 1288 ἀλλὰ
1037 1235 1127 1286 τοῦ
1146 1234 1398 1303 ὀνόματος
1418 1235 1604 1288 αὑτοῦ*

133 1327 334 1376 Δυσωπεῖ
359 1323 412 1374 δὲ
438 1324 520 1390 ἐφ’
541 1322 779 1389 ἑκάστῳ,
813 1323 1138 1391 προστιθείς*
1198 1321 1284 1374 Ἑν
1311 1321 1454 1391 μέσῳ
1483 1322 1606 1390 γὰρ,

135 1413 256 1480 φησιν
280 1411 371 1480 τῆς
385 1411 570 1480 ἑορτῆς
596 1426 686 1461 σου
713 1409 771 1462 τὸ
797 1411 1137 1480 ἁγιαστήριόν
1167 1427 1257 1462 σου
1281 1411 1370 1461 καὶ
1397 1410 1454 1460 τὸ
1485 1410 1610 1477 σκή..

133 1495 256 1571 νωμα
280 1497 635 1568 τοῦ’ὸνόματός
663 1515 772 1551 σου.
799 1499 879 1552 Τὰ
902 1500 1007 1569 γὰρ
1031 1498 1244 1552 τοιαῦτα
1273 1498 1610 1566 δυσωπητικὰ

132 1587 182 1659 ἦν
206 1591 286 1642 καὶ
325 1587 571 1659 ὲγερτικὰ
605 1588 695 1640 ἐπὶ
728 1586 995 1658 ἐκδίκησιν
1034 1587 1138 1639 τῶν
1186 1585 1606 1656 τετολμημένων,

131 1680 197 1744 ἐφ’
221 1677 280 1747 ήν
308 1679 556 1748 παρορμᾷ
592 1677 717 1748 ἑξῆς
747 1677 913 1744 λέγων
932 1693 944 1706 ·
997 1678 1254 1742 Ἔπαρον
1281 1675 1386 1740 τὰς
1415 1674 1607 1742 χεῖράς

130 1783 220 1819 σου
243 1767 330 1820 ἐπὶ
356 1771 457 1834 τὰς
483 1770 881 1837 ὑπερηφανίας
906 1765 1098 1821 αὐτῶν
1124 1769 1207 1831 εἰς
1235 1767 1404 1833 τέλος
1423 1786 1435 1796 ·
1471 1769 1609 1826 κατὰ

129 1855 171 1906 δὲ
186 1855 267 1907 τὸν
290 1855 569 1926 Σύμμαχον
584 1874 597 1887 ’
632 1857 698 1911 Τὸ
722 1857 950 1923 ὕψωμα,
977 1857 1124 1924 φησὶ,
1148 1856 1261 1909 τῶν
1280 1856 1474 1910 ποδῶν
1495 1872 1609 1910 σου

1703 703 1844 756 enim
1875 699 2024 769 prius
2052 698 2165 752 haec
2194 698 2400 752 locutus
2426 707 2562 767 erat,
2599 699 2826 754 Montem
2852 702 2976 757 Sion
3005 704 3134 756 hunc
3161 704 3215 757 in

1704 805 1800 859 quo
1827 788 2109 851 habitasti,‘
2151 789 2418 856 quomodo
2449 787 2504 842 in
2546 803 2611 842 eo
2651 776 2968 843 habitaverit
2994 791 3103 858 jam
3133 789 3218 844 de-

1705 878 1872 932 clarat
1903 875 2107 938 dicens,
2133 861 2541 929 Talia-naculum
2569 878 2788 929 nominis
2821 877 2913 929 tui.
2945 876 3218 931 Tabernao

1705 967 1883 1019 culum
1913 965 2110 1034 quippe
2139 966 2291 1021 locus
2322 973 2594 1029 erat,-non
2623 952 2792 1036 ipsius
2829 967 2940 1029 Dei,
2985 967 3078 1020 sed
3121 981 3219 1019 no—

1706 1055 1865 1130 minis
1894 1053 2122 1130 ejus..ln
2165 1053 2391 1124 singulis
2422 1063 2598 1111 autem
2624 1057 2968 1126 conqueritur
2994 1057 3218 1124 adjectis

1707 1145 1791 1201 his
1840 1127 2068 1199 verbis}
2102 1142 2160 1197 In
2209 1143 2407 1207 medip,
2465 1145 2654 1214 inquit,
2711 1146 3062 1200 solemnitatis
3115 1152 3219 1199 tuae

1706 1233 2069 1288 sanctuarium
2117 1242 2265 1284 tuum
2308 1240 2360 1286 et
2402 1233 2803 1289 tabernaculum
2844 1234 3073 1288 nominis
3117 1234 3214 1285 tul.

1704 1322 1834 1377 Nam
1868 1323 1950 1376 has
1981 1322 2325 1391 querimonia:
2364 1331 2489 1377 sunt
2536 1322 2602 1376 ad
2647 1323 2978 1376 excitandam
3014 1320 3218 1374 facino-

1705 1426 1823 1465 rum
1856 1411 2130 1474 ultionem,
2159 1411 2226 1465 ad
2258 1426 2412 1479 quam
2442 1412 2540 1465 sub
2568 1411 2679 1464 haec
2703 1419 2951 1478 provocat
2991 1410 3171 1463 dicens
3200 1424 3212 1457 :

1704 1501 1839 1555 Lera
1883 1515 2070 1554 manus
2099 1511 2216 1554 tuas
2242 1502 2296 1553 in
2327 1499 2594 1566 superbius
2621 1515 2796 1553 eorum
2827 1501 2880 1552 in
2917 1500 3100 1566 ﬁnem;
3136 1511 3215 1551 se—

1705 1588 1934 1642 cundum
1969 1587 2341 1656 Symmachum
2373 1602 2495 1640 vero
2535 1607 2548 1640 :
2592 1586 2881 1649 Exaltatio,
2916 1589 3009 1648 ait,
3035 1584 3216 1652 pedum

1707 1688 1907 1731 tuorum
1935 1677 1999 1728 de
2031 1676 2195 1729 medio
2217 1674 2424 1729 sublata
2452 1685 2525 1728 est
2550 1676 2616 1727 ad
2640 1679 2926 1730 victoriam.
2959 1675 3217 1728 Exaltatio

1707 1775 1881 1820 autem
1910 1765 2100 1833 pedum
2124 1767 2261 1833 ejus,
2299 1764 2548 1832 templum
2572 1773 2686 1819 erat
2713 1767 2954 1834 precibus
2981 1753 3219 1818 destina-

1706 1865 1839 1910 tum.
1879 1855 2100 1908 Gloriati
2131 1861 2256 1909 sunt
2279 1853 2369 1922 qui
2397 1853 2622 1907 oderunt
2657 1852 2818 1907 Deum
2845 1854 2900 1906 in
2929 1852 3103 1906 medio
3132 1866 3219 1905 so-

129 1945 387 2011 ὴφανίσθη
420 1947 506 2010 εἰς
533 1946 715 2028 νῖκος.
767 1944 1001 2012 ’Υψωμα
1027 1944 1080 1996 δὲ
1117 1944 1220 1997 τῶν
1250 1945 1417 1997 ποδῶν
1447 1946 1605 1998 αὐτοῦ

1713 1944 1994 1999 lemnitatis
2022 1943 2159 2010 ejus,
2202 1949 2256 1996 et
2291 1944 2481 1996 merito
2507 1942 2738 2011 quidem.
2767 1940 2901 2006 Quia
2932 1943 3073 1994 enim
3114 1940 3220 2007 ipsi

129 2031 275 2096 ὁνεὼς
298 2029 361 2104 ἦν
387 2036 414 2085 ὁ
443 2034 739 2104 εὐκτήριος.
793 2034 1238 2103 Ἔνεκαυχήσαντο
1262 2036 1309 2086 οἰ
1339 2033 1611 2103 μισοῦντες

128 2123 204 2190 τήν
220 2121 336 2174 Θεδν
361 2124 416 2174 ιν
437 2123 581 2190 μέσῳ
604 2122 699 2191 τῆς
730 2122 916 2191 ἑορτῆς
938 2123 1095 2175 αὐτοῦ
1125 2124 1359 2186 εἰκότως,
1399 2123 1610 2192 Ἐπειδὴ

129 2210 212 2276 γὰρ
227 2209 364 2262 αὐτοὶ
381 2210 623 2280 πρότεροι
638 2210 726 2263 τὸν
753 2211 910 2262 τόπον
933 2211 1194 2273 οἰκοῦντες
1213 2212 1398 2274 ἀθέους
1418 2213 1614 2282 ήραντο

129 2301 280 2369 χεῖρας
308 2299 437 2352 κατὰ
459 2298 551 2351 τοῦ
579 2299 806 2370 Χριστοῦ
835 2299 926 2353 τοῦ
958 2299 1089 2353 Θεοῦ
1114 2302 1170 2352 ὲν
1203 2301 1348 2370 μέσῳ
1383 2302 1474 2370 τῆς
1497 2303 1613 2370 ἑορ-

129 2389 203 2456 τῆς
220 2387 387 2451 αὑτοῦ,
410 2389 550 2457 βοαῖς
573 2407 629 2442 τε
651 2390 824 2452 ἀθέοις
851 2390 941 2442 καὶ
957 2375 1197 2457 ὲναὲγέσιν
1222 2391 1528 2460 ἐχρήσαντο,
1553 2391 1609 2441 ὲν

128 2476 234 2547 αὐτῇ
261 2480 321 2548 τῇ
346 2476 436 2529 τοῦ
469 2476 656 2545 Πάσχα
686 2477 861 2546 ἡμέρᾳ
891 2477 949 2529 τὸ
980 2471 1113 2546 αἷμα
1143 2476 1303 2530 αὑτοῦ
1334 2476 1450 2529 καθ’
1482 2478 1606 2528 ἑαυ-

128 2566 212 2617 τῶν
234 2567 315 2620 καὶ
339 2567 471 2620 κατὰ
493 2566 600 2618 τῶν
629 2566 767 2620 ἰδίων
795 2567 994 2620 τέκνων
1020 2566 1444 2637 ὲξαιτησάμενοι·
1475 2565 1612 2616 είκόρ

128 2672 209 2717 τως
241 2657 294 2708 ὲν
333 2656 478 2724 μέσῳ
523 2654 620 2723 τῆς
653 2656 840 2726 ἑορτῆς
871 2655 1052 2726 μετῄει
1080 2640 1272 2715 αὐτοὺς
1311 2657 1344 2723 ή
1377 2655 1441 2706 ἐκ
1479 2651 1611 2705 Θεοῦ

129 2747 236 2814 ὀργή
253 2763 264 2774 ·
292 2746 364 2806 ib;
391 2745 480 2796 καὶ
505 2744 690 2812 ἑτέραν
719 2744 1042 2813 προφητείαν
1070 2742 1393 2812 πληροῦσθαι
1417 2744 1493 2804 εἰς
1519 2744 1612 2794 αὑ-

1684 2035 1866 2111 primi
1889 2035 2062 2087 locum
2090 2034 2401 2095 incolentes,
2436 2032 2489 2085 in
2519 2031 2690 2084 medio
2720 2026 3069 2085 solemnitatis
3103 2028 3220 2096 ejus

1709 2124 1900 2192 impias
1932 2134 2119 2178 contra
2142 2122 2430 2177 'Christum
2462 2120 2554 2174 Dei
2599 2121 2831 2174 extulere
2860 2134 3069 2180 manus,
3108 2117 3221 2170 cla-

1709 2215 2052 2282 moribusque
2089 2211 2266 2280 impiis
2293 2217 2346 2264 et
2378 2211 2595 2285 nefariis
2624 2211 2731 2271 usi,
2762 2210 2813 2262 in
2858 2207 2973 2277 ipso
3008 2206 3224 2264 Pascha:

1709 2303 1794 2355 die
1831 2301 2144 2370 sanguinem
2174 2299 2292 2367 ejus
2324 2313 2485 2368 super
2511 2312 2579 2370 [se
2623 2307 2677 2351 et
2723 2313 2884 2366 super
2920 2297 3055 2360 tilias
3098 2313 3224 2352 suos

1708 2390 2041 2456 expetierunt
2060 2389 2136 2453 ";
2169 2388 2291 2455 jure
2339 2387 2391 2439 in
2423 2372 2596 2440 medio
2633 2385 2984 2456 solemnitatis
3013 2384 3225 2438 invade-

1708 2479 1796 2532 bat
1832 2493 1926 2532 eos
1968 2477 2048 2530 ira
2094 2474 2225 2540 Dei;
2257 2475 2328 2528 ita
2374 2482 2434 2527 ut
2478 2472 2579 2526 alia
2630 2472 2902 2543 prophetia
2944 2471 3225 2540 impleatur

1707 2584 1809 2637 qua
1839 2567 1904 2621 de
1933 2568 2038 2621 illis
2066 2567 2262 2621 dicitur
2293 2584 2307 2618 :
2335 2563 2401 2617 Et
2433 2573 2723 2618 convertam
2761 2562 3107 2616 solemnitate:
3140 2573 3223 2613 κ-

1707 2665 1842 2710 stras
1893 2657 1950 2708 in
1984 2656 2196 2721 luctum,
2257 2662 2307 2707 et
2354 2652 2673 2708 celebritates
2723 2661 2917 2706 vestras
2968 2650 3024 2702 in
3075 2639 3224 2717 plast-

1707 2756 1843 2798 ctum
1859 2746 1924 2797 ".
3167 2764 3171 2768 ·

130 2836 226 2895 τοὺς
244 2873 257 2897 ,
286 2833 349 2885 δι’
385 2828 450 2904 ἦς
481 2831 685 2903 εἴρητοο
720 2832 828 2886 Καὶ
866 2833 1244 2902 μεταστρέψαι
1272 2833 1376 2897 τὰς
1407 2830 1606 2898 ἑορτὰς
1638 2834 1799 2902 ὑμῶν
1838 2835 1923 2898 εἰς
1965 2831 2176 2895 πένθος
2197 2869 2212 2894 ,
2258 2830 2356 2884 καί
2415 2829 2520 2895 τὰς
2545 2828 2892 2896 πανηγύρεις
2927 2825 3088 2896 ὑμῶν
3141 2826 3189 2877 εί

130 2921 328 2987 θρῆνον.

180 3011 354 3085 εἶπαν
376 3034 442 3085 ἐν
469 3033 539 3100 τῇ
559 3007 764 3101 καρδίᾳ
790 3033 982 3094 αὐτῶν
996 3037 1054 3087 al
1083 3035 1410 3103 συγγένειαι
1430 3036 1620 3087 αὐτων

129 3121 202 3172 ἐπὶ
221 3121 278 3173 τὸ
301 3123 442 3176 αὐτό
460 3141 472 3152 ·
495 3123 963 3189 Καταπαύσωμεν
990 3122 1094 3186 τὰς
1121 3123 1322 3189 ἑορτὰς
1348 3123 1451 3174 τοῦ
1476 3122 1617 3175 Θεοῦ

1791 3032 1950 3085 νεεδ.
1974 3029 2024 3090 8,
2042 3030 2094 3084 9.
2116 3027 2430 3080 Dixerunt":
2443 3025 2593 3079 corde
2611 3039 2701 3076 suo
2719 3024 3039 3092 cognationes
3051 3039 3225 3078 eorum

1721 3121 1895 3181 simul,
1912 3119 2178 3190 Quiescere
2190 3119 2443 3186 faciamus
2465 3114 2573 3177 dies
2597 3111 2751 3180 festos
2775 3112 2868 3166 Dei
2884 3129 2915 3165 a
2929 3121 3083 3167 terra.
3105 3111 3227 3168 Haec
3246 3153 3263 3179 ,

130 3208 221 3259 ἀπὸ
248 3208 348 3276 τῆς
369 3209 493 3279 τῆς.
554 3210 631 3262 Τὰ
657 3209 1005 3280 προλεχθέντα
1032 3211 1201 3262 πάντα
1228 3211 1468 3261 δυσσεϐεῖ
1495 3226 1614 3261 σκο-

1713 3217 1906 3277 omnia,
1931 3215 2121 3282 inquit,
2135 3212 2296 3273 impio
2313 3210 2538 3265 consilio
2555 3207 2753 3262 inimici
2773 3205 2847 3259 tui
2863 3205 3182 3274 peragebant
3210 3224 3224 3258 :

129 3296 212 3365 τεῷ,
229 3300 370 3369 φησὶ,
396 3298 740 3370 διεπράξαντο
753 3301 801 3350 οἱ
829 3299 1006 3368 ἐχθροί
1029 3315 1119 3351 σου
1138 3315 1152 3328 °
1173 3300 1231 3351 τό
1255 3316 1312 3350 τε
1338 3299 1443 3369 γὰρ
1467 3301 1613 3365 ἁγια-

131 3386 314 3457 στήριόν
347 3403 437 3440 σου
465 3387 802 3458 ὶνεπύρισαν,
832 3387 923 3440 καὶ
952 3388 1012 3439 τὸ
1040 3389 1294 3456 σκήνωμα
1315 3386 1405 3440 τοῦ
1427 3387 1618 3456 ὀνόμα-

127 3475 198 3536 τός
219 3493 302 3529 σου
329 3477 682 3548 ἑὸεσήλωσαν,
715 3478 806 3530 καὶ
831 3477 898 3530 τά
923 3476 1080 3529 λοιπὰ
1102 3479 1272 3530 πάντα
1297 3477 1617 3546 τετολμήκα-

131 3579 194 3615 σιν
207 3581 218 3594 ’
234 3566 324 3619 οὐκ
343 3566 639 3635 ἀνθρώποις
653 3564 1097 3627 ἐπιϐουλεύοντες,
1113 3566 1228 3618 οὐδὲ
1245 3567 1402 3618 τόπον
1419 3565 1617 3634 πολιορ-

129 3657 219 3704 κεῖν
243 3653 548 3724 προθέμενοι
565 3671 578 3683 ·
604 3655 682 3706 σοὶ
701 3654 757 3706 δὲ
774 3653 851 3724 τῷ
876 3652 990 3722 Θεῷ
1015 3653 1384 3722 πολεμοῦντας,
1409 3653 1498 3706 καὶ
1520 3652 1617 3716 τὰς

130 3737 286 3808 ἑορτάς
309 3757 400 3813 σου
419 3740 707 3794 καταλῦσαι
728 3740 1100 3809 διανοούμενοι.
1124 3742 1301 3794 Ταῦτα
1322 3742 1404 3802 δὲ,
1428 3742 1475 3792 εἰ
1524 3741 1618 3792 καὶ

130 3831 189 3898 μή
218 3831 430 3899 στόματι
463 3831 677 3886 ἐλάλουν
696 3869 711 3895 ,
752 3831 886 3884 ἀλλὰ
910 3834 1029 3894 ταῖς
1057 3831 1297 3903 καρδίαις
1327 3830 1500 3884 αὐτῶν
1529 3833 1618 3885 καὶ

130 3921 222 3980 ταῖς
240 3919 547 3988 ὲνθυμήσεσι
574 3920 881 3986 ἐλογίζοντο.
919 3922 1072 3974 Ἀλλὰ
1096 3922 1213 3973 τότε.
1248 3922 1340 3990 μὲν
1370 3921 1418 3970 οἰ
1444 3919 1622 3988 ἐχθροὶ

131 4007 200 4057 τοῦ
226 4007 348 4064 Θεοῦ
379 4007 544 4061 ταῦτα
573 4007 895 4077 λογιζόμενοι
929 4009 1016 4060 τὸν
1050 4007 1210 4061 πάλαι
1240 4005 1314 4075 τῷ
1334 4006 1446 4074 Θεῷ
1478 4008 1622 4074 ἀφω-

134 4096 349 4163 ρισμένον
405 4097 558 4149 τόπον
602 4097 892 4167 καθῄρουνο
924 4097 1038 4159 όδὲ
1084 4097 1247 4165 μέγας
1287 4096 1376 4147 καὶ
1411 4095 1623 4158 δυνατὸς

130 4181 233 4244 θεὸς
253 4184 356 4246 ἀνθ’
381 4185 495 4261 ἑνὸς
528 4184 730 4237 ἐκείνου
759 4183 855 4246 τὰς
893 4185 984 4236 ἀπ’
1008 4184 1270 4237 ἀνατολῶν
1293 4182 1436 4251 ἡλίου
1469 4183 1621 4253 μέχρι

130 4269 311 4338 δυσμῶν
339 4271 456 4324 καθ’
486 4271 609 4341 ὅλης
633 4271 730 4339 τῆς
760 4273 1072 4342 οἰκουμένης
1104 4272 1384 4341 ἐκκλησίας
1411 4275 1466 4325 ὲν
1497 4275 1623 4326 πᾶσι

134 4358 316 4428 συνίστη
338 4363 445 4422 τοῖς
471 4360 662 4413 ἔθνεσι.
694 4362 799 4413 Καὶ
823 4364 870 4413 οἰ
899 4363 992 4431 μὲν
1025 4353 1203 4432 ἐχθροί
1225 4379 1336 4426 σου,
1363 4366 1508 4431 φησί,
1533 4363 1624 4415 καὶ

131 4447 339 4517 πολέμιοι
382 4450 450 4502 τά
501 4450 703 4504 ἑαυτῶν
748 4454 939 4520 σημεῖα
973 4451 1166 4522 ἔθηκαν
1201 4453 1258 4504 ὲν
1304 4453 1484 4522 ὑψηλῷ
1535 4454 1625 4504 κα)⁸

1709 3319 1830 3357 nam
1850 3303 2235 3363 sanctuarium,
2264 3299 2455 3368 inquit,
2490 3305 2641 3351 tuum
2671 3294 3039 3356 incenderunt,
3068 3301 3121 3348 et
3148 3300 3228 3347 t‘a—

1711 3393 2057 3448 bernaculum
2132 3389 2363 3445 nominis
2411 3387 2490 3441 tui
2567 3386 2954 3456 profanarum,
3012 3393 3228 3437 caten-

1710 3497 1814 3551 que
1864 3481 2042 3536 omnia
2105 3478 2221 3534 ausi
2273 3485 2440 3540 sunt,
2496 3489 2603 3534 non
2663 3471 2965 3527 hominibus
3005 3470 3229 3525 insidias

1713 3580 2015 3631 struentes,
2071 3584 2178 3623 non
2245 3568 2419 3622 locum
2474 3564 2646 3632 ipsum
2709 3559 2951 3614 obsidere
3023 3565 3229 3612 tantum

1712 3661 1768 3715 in
1823 3660 1998 3712 animo
2055 3657 2350 3720 habentes;
2401 3653 2492 3708 sed
2557 3651 2653 3705 tibi
2708 3649 2816 3704 Deo
2861 3648 3055 3704 bellum
3114 3661 3231 3700 mo-

1712 3758 1916 3813 ventes,
1954 3755 2007 3803 et
2037 3747 2174 3804 festa
2209 3753 2302 3800 tua
2331 3744 2536 3801 solvere
2564 3733 3035 3810 cogitantes."H:ec
3067 3748 3230 3806 porro.

1713 3838 1923 3893 etiamsi
1979 3849 2085 3890 non
2137 3849 2230 3888 ore
2280 3831 2580 3902 proferrent
2603 3867 2618 3891 ,
2667 3825 2759 3882 sed
2819 3823 2986 3879 corde
3023 3828 3225 3876 mente-

1715 3937 1820 3993 que
1840 3917 2361 3990 cogitabant.Verum
2392 3917 2467 3969 illi
2502 3915 2592 3969 Dei
2619 3915 2801 3971 hostes
2832 3911 2960 3964 talia
2991 3910 3230 3978 cogitan-

1716 4021 1796 4067 tes
1830 4012 2000 4064 locum
2036 4009 2163 4064 olim
2198 4006 2309 4060 Deo
2337 4005 2569 4059 dicatum
2609 4001 2818 4056 excidio
2845 3997 3177 4056 tradiderunt
3210 4015 3226 4051 :

1717 4113 1941 4168 magnus
1984 4105 2161 4150 autem
2205 4095 2294 4149 ille
2338 4103 2630 4162 potensque
2670 4088 2826 4150 Deus,
2866 4102 2964 4156 pro
2997 4099 3103 4140 uno
3141 4086 3233 4139 illo

1717 4186 1854 4249 loco,
1876 4185 1944 4238 ab
1968 4184 2171 4237 oriente
2193 4181 2304 4235 sole
2336 4194 2505 4248 usque
2535 4177 2601 4231 ad
2631 4190 2879 4232 occasum
2902 4189 3002 4243 per
3020 4171 3236 4226 univer-

1723 4290 1838 4329 sum
1873 4272 2054 4326 orbem
2082 4270 2337 4324 ecclesias
2361 4269 2463 4322 sibi
2497 4282 2589 4336 per
2617 4281 2802 4320 omnes
2831 4271 3014 4332 gentes
3032 4261 3231 4315 consti-

1721 4362 1839 4416 tuit.
1885 4360 1949 4414 Et
1997 4375 2121 4414 vero
2159 4358 2382 4422 inimici,
2414 4357 2603 4424 inquit,
2635 4363 2688 4409 et
2729 4355 2909 4406 hostes
2957 4349 3033 4404 tui
3083 4349 3232 4417 signa

1723 4465 1818 4504 sua
1854 4450 1908 4501 in
1955 4448 2062 4501 alto
2095 4453 2148 4500 et
2186 4447 2243 4500 in
2285 4442 2586 4511 conspicuis
2639 4442 2770 4494 locis
2807 4443 3117 4507 posuerunt,
3166 4435 3232 4487 ad

132 4535 382 4606 ἐπισήμοις
405 4535 607 4599 τόποις,
633 4539 754 4606 παρ’
777 4538 940 4601 αὒτὰς
967 4521 1064 4600 τὰς
1087 4539 1316 4602 εἰσόδους
1336 4539 1428 4598 τοῦ
1451 4521 1618 4608 ἱεροῦ·

1724 4539 1867 4605 ipsas
1896 4551 2064 4604 usque
2100 4533 2281 4602 templi
2312 4533 2525 4593 valvas,
2565 4538 2623 4582 ut
2652 4541 2836 4582 omnes
2881 4525 2969 4592 qui
3013 4529 3232 4591 praeter-

130 4621 188 4684 ὼς
210 4624 266 4676 ἂν
288 4626 494 4689 ’πάντες
520 4627 566 4696 oi
593 4625 805 4688 διιόντες
841 4627 1006 4698 ὁρῷεν
1040 4627 1213 4679 αὐτῶν
1235 4627 1301 4678 τὰ
1325 4627 1622 4695 νικητήρια·

132 4712 261 4780 ἡμεῖς
287 4716 361 4778 δὲ,
384 4708 469 4781 ,ὧν
515 4717 577 4766 ὲκ
608 4712 889 4785 προσώπου
929 4717 1192 4784 ἰκετήριος
1237 4712 1363 4782 εὐχὴ
1395 4712 1629 4782 ἀναπέμ-

134 4817 283 4867 πεται,
309 4807 383 4859 Τὰ
420 4805 635 4872 σημεῖα
673 4801 836 4871 ἡμῶν
869 4806 975 4868 οὐκ
1004 4805 1251 4871 εἴδομεν.
1292 4801 1410 4862 Πῶς
1442 4801 1498 4853 δὲ
1531 4802 1628 4853 οὐκ

134 4888 309 4958 εἰῶμεν
337 4891 490 4963 ήμῶν
535 4889 600 4943 τὰ
634 4877 878 4957 σημεῖα,’
899 4890 1008 4941 ἀλλ’
1048 4891 1165 4942 ἐπεὶ
1207 4892 1313 4943 οὐκ
1346 4887 1511 4938 ἐστιν
1545 4887 1633 4939 ἔτι

134 4977 425 5045 προφήτης,
455 4979 551 5032 καί
591 4978 744 5046 ἡμᾶς
782 4979 852 5030 οὐ
882 4981 1161 5044 γνώσεται
1185 4979 1271 5031 ἔτι
1288 4994 1307 5040 ;
1335 4965 1503 5028 Πάλαι
1533 4975 1628 5045 μὲν

134 5063 221 5132 γὰρ
245 5066 357 5117 καθ’
393 5067 617 5119 ἕκαστον
649 5067 831 5136 καιρὸν
873 5067 963 5118 καὶ
999 5067 1136 5119 κατὰ
1164 5065 1348 5135 γενεὰς
1375 5064 1465 5116 καὶ
1492 5063 1628 5117 κατὰ

133 5147 342 5220 διαδοχάς
378 5153 486 5206 τῶν
525 5153 796 5224 ήμετέρων
827 5154 1085 5224 πατέρων,
1112 5155 1376 5224 προφῆται
1403 5152 1631 5220 συνῆσαν

134 5240 282 5302 αὐτοῖς
293 5241 752 5310 πολιορκουμένοις
778 5245 866 5295 καὶ
881 5246 956 5304 είς
980 5243 1340 5312 αἰχμαλωσίαν
1362 5242 1631 5311 ἀπαγομέ-

137 5343 248 5389 νοις.
279 5329 414 5400 ὅπερ
437 5325 504 5398 ἦν
544 5330 789 5398 μέγιστον
831 5331 1023 5400 δεῖγμα
1059 5334 1147 5385 καὶ
1189 5333 1402 5400 σημεῖον
1437 5330 1527 5381 τοῦ
1556 5331 1630 5399 μὴ

140 5416 495 5480 ὶνεπισκόπους
545 5419 733 5480 αὐτοὺς
771 5421 1055 5490 ὑπάρχεινο
1093 5423 1127 5491 ή
1154 5421 1280 5489 γοῦν
1311 5420 1630 5490 προνοητικὴ

149 5503 222 5558 ῖῶν
249 5506 377 5559 ὅλων
414 5505 657 5573 δύναμις,
695 5505 879 5577 ὥσπερ
912 5510 1119 5578 ἰατροὺς
1156 5513 1212 5561 ὲν
1243 5511 1356 5570 ταῖς
1384 5507 1632 5575 ἐσχάταις

136 5601 403 5668 συμφοραῖς
455 5596 576 5658 τοὺς
626 5597 898 5667 προφήτας
949 5598 1025 5668 τῷ
1061 5600 1176 5651 τότε
1223 5597 1332 5666 λαῷ
1374 5596 1625 5666 καθίστη·

191 5749 228 5783 ⁸⁸
261 5750 446 5809 Matth.
479 5765 618 5806 sun
641 5788 654 5813 ,
684 5748 771 5803 25.
846 5747 892 5780 "
926 5747 1088 5803 Amos
1127 5764 1248 5812 Vill,
1283 5748 1346 5800 lo

1724 4626 1893 4687 ibant,
1924 4623 2160 4678 victoriae
2190 4623 2399 4675 illorum
2441 4617 2677 4687 symbols
2708 4615 3103 4682 conspicerent;
3134 4627 3233 4665 nos

1725 4707 1919 4778 autem,
1949 4729 2013 4768 ex
2052 4727 2276 4781 quorum
2298 4723 2522 4778 persona
2554 4706 2725 4760 oratio
2758 4703 3018 4765 funditur,
3071 4699 3233 4769 Signa

1725 4813 1902 4857 nostra
1922 4799 2287 4865 non‘vidimus.
2312 4794 2586 4861 Quomodo
2619 4793 2768 4861 signa
2804 4797 2987 4844 nostra
3020 4787 3231 4842 non'vi-

1724 4895 1919 4954 dimus,
1953 4889 2057 4944 nisi
2088 4870 2212 4957 quia
2246 4886 2362 4952 jam
2401 4893 2500 4937 non
2523 4893 2596 4936 est
2627 4881 2889 4950 propheta,
2916 4887 2964 4930 et
3009 4893 3097 4929 nos
3131 4890 3233 4927 non

1725 4985 1987 5049 cognoscet
2022 4974 2284 5044 amplius?
2317 4970 2452 5027 Olim
2479 4969 2692 5039 quidem
2725 4965 2947 5037 singulis
2985 4961 3230 5030 tempori-

1703 5072 1844 5131 ‘bus,
1873 5069 1927 5120 in
1972 5063 2402 5135 generationibus
2452 5069 2506 5114 et
2554 5056 2975 5115 successionib".
3024 5057 3232 5120 patrum

1726 5164 2052 5216 nostrorum,
2083 5152 2351 5222 propheta:
2373 5151 2504 5221 ipsis
2535 5147 2772 5204 obsessis
2794 5154 2846 5201 et
2873 5145 2926 5198 in
2955 5140 3232 5209 captivita-

1727 5253 1832 5300 tem
1861 5243 1995 5296 actis
2021 5241 2242 5296 aderant
2276 5260 2289 5294 :
2315 5240 2457 5309 quod
2491 5239 2777 5307 maximum
2814 5241 2927 5288 erat
2955 5236 3235 5301 argumen-

1726 5341 1836 5386 tum
1877 5339 1929 5385 et
1975 5331 2206 5400 signum,
2237 5344 2332 5383 eos
2374 5344 2480 5383 non
2513 5324 2838 5394 providentia
2867 5322 3236 5389 exclusostua

1728 5422 1924 5486 fuisse;
1948 5421 2116 5474 virtus
2142 5419 2281 5473 enim
2319 5418 2416 5471 illa
2433 5415 2692 5471 universis
2725 5413 3025 5482 providens,
3059 5409 3112 5462 in
3137 5421 3233 5461 οι·
3257 5452 3260 5456 .

1729 5510 1909 5566 tremis
1938 5509 2327 5562 calamitatibus
2375 5504 2659 5575 prophetas
2708 5517 2802 5556 ceu
2848 5494 3233 5562 medicos-ipsi

1728 5601 1851 5657 olim
1883 5599 2072 5670 populo
2099 5595 2452 5652 constituebat
2481 5611 2494 5647 :
2524 5601 2574 5645 et
2616 5592 2736 5645 haec
2755 5597 2914 5644 erant
2939 5586 3026 5640 Dei
3059 5583 3226 5654 signa.
