3950 6342
708 480 816 537 859

1370 483 1625 541 EUSEBII
1664 486 2129 545 CAESARIENSIS
2167 490 2315 545 OPP.
2360 460 2534 547 PARS
2570 491 2653 547 lll.
2685 522 2754 534 —
2794 489 3193 548 EXEGETICA.

3120 314 3179 343 ‘-‘\

3772 497 3855 555 880

711 596 868 652 Nunc
908 602 1081 649 autem
1125 610 1245 651 cum
1275 598 1526 667 pmdicta
1561 598 1617 655 in
1646 616 1745 656 nos
1774 616 1933 671 opere
1957 604 2246 671 perﬁciun-

2351 606 2629 660 καὶταῦτα
2666 603 2735 680 ἦ)
2762 607 2856 661 τοῦ
2888 606 3020 660 Θεοῦ
3051 606 3117 660 τὰ
3151 608 3364 677 σημεῖα.
3398 605 3510 662 Νῦν
3547 608 3603 662 δὲ
3634 610 3710 672 είς
3736 612 3853 682 ἡμᾶς

713 694 825 752 tur,
871 681 1043 758 'Signa
1067 698 1247 742 nostra
1271 705 1373 743 non
1392 690 1619 746 oidimus
1646 707 1666 745 :
1694 706 1862 761 quare
1897 694 2013 762 jam
2045 711 2146 748 non
2171 707 2247 750 est

710 777 975 845 propheta,
1018 786 1067 832 et
1100 794 1193 832 nos
1228 794 1329 832 non
1355 790 1623 849 cognoscet
1651 780 1892 850 amplius.
1917 781 2051 837 Nam
2088 784 2134 837 si
2179 784 2245 838 ad

709 871 870 927 breve
890 872 1063 926 solum
1083 879 1294 942 tempus
1316 873 1588 943 propheta:
1611 871 1969 937 defecissent,
1996 880 2047 928 et
2062 883 2245 945 postea

707 972 886 1015 tamen
933 961 1331 1031 apparuissent,
1360 976 1696 1031 nequaquam
1743 961 1945 1017 dictum
1994 971 2159 1029 esset,
2196 973 2246 1018 et

710 1068 800 1104 nos
856 1068 960 1106 non
1004 1061 1272 1123 cognoscet
1332 1053 1572 1120 amplius.
1635 1051 1753 1108 Jam
1792 1069 1921 1109 vero
1963 1045 2087 1123 quia
2125 1066 2249 1122 post

706 1140 949 1210 ipsorum
989 1140 1043 1195 in
1080 1137 1419 1196 Servatorem
1462 1156 1646 1207 ausus,
1682 1142 2109 1211 irrumpentibus
2141 1142 2247 1195 Ro-

707 1231 902 1296 manis,
932 1232 1219 1301 locumque
1258 1248 1289 1287 a
1333 1232 1682 1287 fundamento
1712 1231 2071 1303 diruentibus,
2108 1248 2243 1287 nus—

705 1336 869 1391 quam
911 1322 1183 1393 prophetae
1223 1324 1461 1379 obsessis
1498 1325 1745 1387 aderant,
1815 1321 1910 1377 sed
1955 1337 2130 1392 neque
2163 1338 2247 1377 se-

684 1416 890 1484 quenti
918 1423 1159 1484 tempore
1188 1416 1495 1481 adfuerunt,
1522 1429 1621 1469 nec
1642 1428 1878 1485 unquam
1907 1422 2095 1486 postea
2123 1432 2244 1472 sur-

2346 698 2597 767 γινόμενα
2619 700 2706 751 ὅτε
2726 699 2791 752 τὰ
2813 699 3169 770 προλεχθέντα
3194 698 3259 751 δι’
3281 699 3452 771 ἔργων
3467 703 3648 771 χωρεῖ,
3678 700 3749 755 Τὰ
3765 717 3853 770 ση-

2341 790 2476 859 μεῖα
2504 791 2669 860 ἡμῶν
2694 793 2801 845 οὐκ
2840 790 3101 859 εἴδομεν’
3130 791 3193 845 δι’
3228 791 3255 843 ὅ
3282 793 3392 845 οὐκ
3430 790 3599 845 ἔστιν
3628 790 3715 844 ἔτι
3740 808 3847 861 προ-

2344 881 2555 950 φήτης,
2588 882 2683 935 καὶ
2713 880 2866 951 ἡμᾶς
2890 884 2959 935 οὐ
2980 880 3261 951 γνώσεται
3283 880 3388 934 ἐτι.
3412 882 3487 959 Et
3501 882 3600 955 μὲν
3622 881 3726 954 γὰρ
3748 883 3857 954 πρὸς
3884 942 3895 951 ι

2345 975 2529 1044 καιρὸν
2557 975 2755 1044 βραχὺν
2782 973 3009 1027 διέλιπον
3030 975 3079 1026 oi
3108 974 3397 1045 προφῆται,
3420 968 3535 1027 εἶτα
3562 974 3698 1044 μετά
3716 974 3859 1029 ταῦτα

2346 1064 2504 1117 πάλιν
2546 1064 2914 1133 ἀνεφάνησαν,
2957 1065 3057 1117 οὐκ
3100 1065 3164 1118 ἂν
3204 1064 3439 1133 ἐλέγετο,
3486 1065 3583 1118 καί
3626 1063 3773 1132 ἡμᾶς
3805 1069 3859 1118 εὑ

2346 1154 2627 1223 γνώσεται
2655 1154 2766 1207 ἔτι·
2806 1155 2897 1207 νῦν
2925 1155 2981 1209 δὲ
3010 1149 3369 1226 ἐπειδὴ’μετά
3397 1155 3463 1208 τὰ
3492 1154 3631 1208 κατά
3663 1154 3749 1208 τοῦ
3773 1157 3862 1209 Σω-

2345 1246 2507 1316 τῆρος
2536 1246 2865 1316 τολμηθέντα
2894 1248 3091 1311 αὐτοῖς,
3136 1248 3411 1317 Ῥωμαίων
3443 1246 3764 1301 ἐπιστάντων
3789 1250 3862 1299 καὶ

2344 1336 2434 1389 τὸν
2454 1336 2619 1389 τόπον
2646 1339 2708 1390 ἐκ
2735 1336 2945 1408 βάθρων
2978 1339 3389 1409 ἐρημωσάντων,
3414 1338 3650 1409 οὐδαμοῦ
3682 1339 3860 1409 προφῆ-

2344 1443 2432 1479 ται
2463 1428 2712 1497 παρῆσαν
2741 1431 2851 1491 τοῖς
2887 1427 3348 1497 πολιορκουμένοις
3369 1446 3384 1459 ·
3418 1429 3531 1483 ἀλλ’
3559 1427 3677 1481 οὐδὲ
3705 1431 3756 1480 ἐν
3776 1431 3861 1490 τοῖς
3930 1427 3931 1499 1

704 1506 908 1562 recturi
935 1514 1094 1573 sunt;
1123 1506 1425 1578 admirabili
1454 1496 1612 1563 modo
1646 1505 1927 1575 prophetia
1962 1514 2247 1577 postquam

703 1593 934 1662 (Ixerat,
963 1595 1089 1650 1am
1124 1613 1227 1650 non
1256 1607 1331 1650 est
1374 1597 1640 1666 propheta,
1664 1597 1889 1663 addidit,
1921 1607 1971 1650 et
2013 1615 2107 1653 nos
2147 1615 2248 1653 non

704 1694 975 1754 cognoscet
1008 1685 1252 1757 amplius.
1298 1686 1453 1753 Quod
1506 1702 1636 1751 sane
1676 1702 1785 1742 non
1833 1687 2246 1759 Babyloniorum

2350 1517 2484 1588 μετὰ
2507 1517 2677 1573 ταῦτα
2700 1519 2909 1590 χρόνοις
2930 1519 3210 1587 γεγόνασιν
3224 1558 3237 1581 ,
3279 1519 3383 1571 οὐδ’
3403 1519 3631 1590 ἤμελλον
3658 1518 3865 1580 είσαῦθίς

2348 1596 2937 1679 ποτεάναστήσεσθαι·
2992 1607 3315 1678 θαυμαστῶς
3364 1610 3397 1679 ἠ
3449 1609 3741 1681 πρόρρησις
3789 1610 3866 1677 φήο
3930 1626 3931 1677 ἦ

2349 1714 2503 1759 σασα,
2533 1700 2654 1752 Οὐκ
2681 1699 2849 1752 ἔστιν
2868 1700 2953 1753 ἐτι
2980 1699 3301 1768 προφήτης,
3324 1700 3587 1770 ἐπήγαγε,
3619 1701 3713 1754 καί
3736 1700 3866 1771 ἡμᾶς

703 1781 977 1843 tempore,
1010 1790 1180 1846 neque
1224 1774 1491 1846 superiori
1540 1789 1655 1831 aevo
1698 1770 1807 1830 dici
1856 1784 2081 1846 poterat.
2113 1774 2246 1828 Nam

2351 1789 2417 1840 οὐ
2462 1785 2747 1854 γνώσεται
2772 1788 2878 1844 ἔτι.
2920 1788 3041 1841 Ὅτι
3090 1787 3203 1841 οὔτ’
3246 1788 3344 1842 ἐπὶ
3392 1788 3499 1842 τῶν
3548 1789 3867 1843 Βαϐυλωνίων

703 1864 934 1936 singulis
956 1867 1012 1922 in
1043 1867 1482 1938 generationibus
1513 1881 1681 1936 penes
1703 1867 1828 1922 illos
1860 1867 2246 1938 pr0phetarum

2351 1878 2548 1947 χρόνων
2579 1878 2813 1949 ἥρμοττε
2840 1878 3110 1947 λέγεσθαι,
3136 1878 3247 1932 οὔτ’
3272 1880 3362 1933 ἐπὶ
3384 1879 3491 1933 τῶν
3515 1854 3867 1950 παλαιοτέρῶν.

703 1957 979 2012 successio
1008 1957 1212 2026 ﬂoruit,
1238 1964 1294 2013 et
1312 1970 1485 2025 usque
1524 1956 1590 2011 ad
1618 1954 1879 2012 Joannem
1930 1956 2245 2027 prOpbetam

2351 1944 2769 2039 Ἤκμαζε-’γοῦν
2820 1944 2939 2022 καθ’
2986 1971 3217 2039 ἑκάστην
3261 1969 3451 2038 γενεὰν
3490 1971 3618 2039 παρ’
3651 1944 3813 2032 αὐτάς
3847 1973 3869 2040 θ

705 2049 1017 2116 permansit.
2342 2058 2447 2112 τῶν
2474 2059 2762 2131 προφητῶν
2785 2059 3019 2132 διαδοχὴ.
3046 2060 3080 2131 ἢ
3110 2060 3203 2113 καὶ
3227 2058 3476 2131 διήρκεσε
3503 2059 3693 2132 μέχρις
3716 2060 3869 2112 Ἰωάνα
3930 2049 3931 2109 ἓ

2342 2167 2429 2202 νου
2461 2148 2552 2202 τοῦ
2591 2151 2885 2221 προφήτου.

2410 2243 2555 2306 Ἕως
2583 2241 2744 2304 πότε,
2776 2244 2809 2294 ό
2840 2240 3003 2306 Θεὸς,
3028 2238 3288 2300 ὀνειδίζει
3315 2242 3348 2293 ό
3383 2240 3614 2308 ἐχθρὸς.
3647 2238 3874 2307 παροξύ-
3930 2268 3931 2308 3

771 2239 937 2296 Vens.
976 2241 1063 2303 10,
1090 2240 1175 2295 Η.
1211 2240 1500 2316 Usquequo,
1533 2239 1691 2305 Deus,
1721 2240 2036 2309 improperat
2066 2240 2245 2294 inimi-

705 2333 1018 2396 cus,irritu
1048 2331 1382 2387 adversarius
1428 2349 1613 2386 nomen
1647 2341 1792 2385 tuum
1842 2332 1898 2386 in
1948 2331 2145 2400 ﬁnem?
2185 2329 2243 2386 In

704 2422 957 2493 pmsentl
994 2422 1277 2494 prophetia
1322 2421 1477 2487 illud,
1512 2423 1567 2476 in
1596 2423 1769 2491 ﬁnem,
1810 2422 2127 2493 plerumque
2161 2420 2246 2475 di-

701 2521 850 2567 ctum
872 2512 990 2567 fuit.
1022 2513 1080 2567 ln
1110 2512 1374 2582 principio
1401 2504 1636 2582 namque
1679 2513 1992 2566 dicebatur:
2030 2510 2242 2581 thuid,

707 2602 867 2667 Deus,
889 2604 1127 2677 reputisti
1164 2605 1218 2658 in
1246 2605 1447 2673 ﬁnem?
1476 2602 1676 2659 Deinde
1700 2619 1825 2659 vero
1853 2622 1866 2657 :
1896 2602 2030 2657 Leva
2059 2620 2243 2658 manus

707 2705 824 2749 luas
855 2695 912 2748 in
938 2693 1205 2763 superbius
1234 2696 1288 2748 in
1317 2696 1505 2765 ﬁnem;
1538 2695 1697 2749 tertio
1735 2713 1747 2750 :
1775 2693 1972 2772 _Irritat
2000 2694 2245 2748 adversa—

704 2787 817 2840 rius
869 2802 1052 2861 nomen
1100 2796 1243 2839 tuum
1288 2787 1342 2840 in
1388 2787 1577 2855 linem;
1632 2801 1955 2856 rursumque
2000 2805 2013 2841 :
2051 2785 2242 2857 thuid

705 2877 894 2930 avertis
921 2893 1131 2930 manum
1166 2886 1307 2935 tuam
1331 2886 1381 2930 et
1408 2876 1674 2930 dexteram
1706 2889 1849 2930 tuam
1869 2876 1932 2931 de
1960 2878 2125 2932 medio
2163 2879 2239 2933 si"

670 3026 675 3032 _
704 2958 775 3019 nu
805 2976 892 3020 tuo
923 2967 977 3019 in
999 2967 1193 3036 ﬁnem?
1218 2966 1382 3031 Queis
1415 2976 1688 3036 postrema
1720 2967 1823 3022 loci
1850 2968 2061 3023 obsidio
2077 2968 2244 3039 signi-

707 3055 916 3111 ﬁcatur.
948 3056 1080 3110 Cum
1105 3065 1282 3110 autem
1313 3064 1660 3126 percontatur
1678 3064 1732 3111 et
1754 3057 1885 3112 dicit
1908 3077 1921 3113 :
1951 3057 2240 3129 Usquequo,

709 3145 865 3209 Deus,
888 3132 1250 3216 improperabit
1270 3148 1507 3201 inimicus
1521 3151 1545 3203 ?
1557 3148 1770 3204 edoceri
1791 3151 1940 3220 cupit
1965 3142 2244 3221 quousque

708 3234 891 3289 isthmc
914 3237 1299 3305 perdurabunt,
1337 3245 1391 3291 et
1432 3252 1675 3308 quasnam
1712 3241 1971 3309 temporis
2006 3241 2241 3296 circum-

2338 2349 2427 2385 νει
2460 2328 2813 2396 ὑπεναντίος
2835 2332 2902 2385 τὸ
2932 2328 3116 2399 ὄνομά
3137 2345 3251 2384 σου
3281 2332 3369 2395 είς
3398 2329 3608 2394 telae;
3637 2328 3873 2397 Πολλάκις
3930 2328 3931 2391 ᾖ

2341 2420 2551 2492 εἴρηται
2591 2420 2677 2489 διὰ
2702 2420 2799 2491 τῆς
2829 2421 2962 2490 μετά
3003 2422 3186 2491 χεῖρας
3219 2420 3550 2490 προφητείας
3580 2422 3659 2486 τὸ,
3692 2423 3773 2486 είς
3796 2420 3872 2473 τέ·
3930 2442 3931 2447 η

2340 2515 2469 2577 λος.
2526 2512 2612 2564 Ἐν
2653 2513 2793 2582 ἀρχῇ
2844 2511 2939 2581 μὲν
2989 2512 3094 2581 γὰρ
3140 2500 3382 2579 ἐλέγετο*
3428 2512 3624 2575 Ἰνατί,
3667 2514 3699 2565 ό
3732 2511 3871 2575 Θεὸς,

2340 2602 2554 2655 ἀπώσω
2575 2606 2661 2668 εὶς
2691 2601 2861 2669 τέλος
2874 2620 2901 2668 ;.
2938 2598 3035 2655 εἷθ’
3078 2602 3201 2672 ἑξῆς
3220 2619 3234 2633 ·
3281 2604 3540 2671 Ἔπαρογ
3564 2602 3670 2669 τὰς
3699 2600 3872 2671 χεῖράς
3930 2630 3931 2653 ξ

2342 2709 2456 2748 σου
2487 2695 2581 2747 ἐπὶ
2620 2694 2725 2760 τὰς
2764 2694 3170 2763 ὑπερηφανίας
3211 2696 3295 2760 εἰς
3331 2694 3537 2759 τέλος-⁸
3566 2693 3657 2746 καὶ
3683 2690 3869 2762 τρίτον·

2346 2786 2665 2855 Παροξύνει
2703 2790 2735 2841 ό
2764 2788 3117 2852 ὑπεναντίος
3146 2786 3209 2840 τὸ
3235 2783 3415 2854 ὄνομά
3447 2800 3562 2838 σου
3587 2787 3671 2850 είς
3690 2784 3868 2847 τέλος
3930 2808 3931 2811 η

2345 2877 2437 2929 καὶ
2461 2862 2612 2937 αὖθις
2629 2894 2641 2909 ο
2683 2876 2854 2930 ἰνατί
2882 2874 3276 2944 ἀποστρέφεις
3297 2875 3412 2943 τὴν
3465 2873 3631 2944 χεῖρά
3655 2888 3765 2927 σου
3790 2872 3873 2925 κει
3930 2878 3931 2949 ξ

2342 2966 2455 3033 τὴν
2471 2965 2672 3031 δεξιάν
2686 2982 2799 3021 σου
2812 2968 2878 3021 ἐκ
2889 2967 3083 3036 μέσου
3099 2966 3203 3020 τοῦ
3218 2967 3447 3020 κόλπου
3460 2983 3575 3020 σου
3590 2968 3676 3030 είς
3688 2963 3875 3026 rem;

2343 3059 2409 3112 δι’
2434 3052 2506 3112 ὧν
2538 3061 2565 3113 ὀ
2596 3059 2751 3127 λόγος
2781 3058 2875 3129 τὴν
2905 3058 3215 3111 τελευταίαν
3258 3057 3566 3128 πολιορκίαν
3608 3056 3700 3109 τοῦ
3730 3055 3874 3107 τόπου

2346 3149 2615 3221 σημαίνει.
2653 3148 3052 3219 Πυνθανόμενος
3084 3149 3140 3200 δὲ
3177 3149 3271 3202 καὶ
3307 3132 3510 3215 λέγων’
3544 3147 3694 3212 Ἐως
3731 3149 3875 3205 πότε,
3930 3172 3931 3223 ξ

2346 3241 2390 3290 ό-
2438 3236 2598 3302 Θεὸς,
2642 3236 2877 3294 ὀνειδιεῖ
2904 3240 2936 3290 ό
2965 3238 3174 3305 ἐχθρός
3194 3248 3225 3300 ;'
3258 3234 3564 3306 διδαχθῆναι
3612 3235 3762 3289 ποθεῖ
3791 3236 3879 3295 ἓως

708 3326 929 3395 scriptio
950 3327 1073 3394 erit,
1108 3333 1161 3383 et
1189 3311 1471 3398 usquequo
1502 3330 1740 3385 irritabit
1782 3308 2124 3387 adversarius
2148 3347 2248 3385 no-

2351 3324 2476 3401 πότε
2522 3323 2669 3376 ταῦτ’
2707 3324 2878 3389 ἔσται,
2928 3326 3023 3377 καὶ
3064 3325 3147 3387 τίς
3198 3323 3345 3377 ἔσται
3382 3325 3415 3390 ἡ
3453 3323 3756 3395 περιγραφὴ
3798 3324 3878 3375 τοῦ
3930 3308 3931 3323 1

648 3432 651 3433 ν
709 3431 829 3470 men
852 3423 1024 3481 tuum,
1054 3433 1181 3471 num
1218 3412 1340 3473 talia
1364 3420 1570 3491 agendo
1590 3422 1644 3475 in
1689 3420 1844 3475 ﬁnem
1876 3430 2248 3493 perseveratu-

709 3521 803 3562 rus
823 3507 915 3563 sit.
945 3507 1349 3578 Consequenter
1371 3509 1559 3563 horum
1592 3511 2111 3580 causam'precando
2140 3512 2247 3568 sci-

710 3597 936 3650 ‘scitatur
978 3597 1106 3651 dum
1141 3593 1273 3652 dicit
1303 3616 1317 3650 ε
1350 3596 1539 3668 thuid
1564 3600 1753 3652 avertis
1782 3616 1992 3665 manum
2028 3612 2172 3654 tuam
2202 3609 2252 3653 et

710 3687 978 3740 dexteram
1023 3696 1165 3739 tuam
1211 3686 1274 3739 de
1304 3688 1471 3742 medio
1516 3689 1634 3743 sinu
1682 3698 1768 3744 tuo
1815 3690 1869 3744 in
1907 3688 2105 3757 ﬁnem?
2130 3689 2253 3744 Haec

678 3850 684 3857 θ
709 3790 871 3845 porro
892 3775 1020 3829 dicti
1049 3777 1317 3831 sententia
1349 3786 1434 3832 est
1465 3797 1479 3834 :
1518 3780 1671 3835 sinus
1699 3778 1793 3835 Dei
1828 3778 1991 3834 bonis
2020 3780 2254 3850 repletus

686 3874 814 3927 gest,
850 3858 1025 3934 quaio
1065 3866 1268 3922 dictum
1314 3878 1398 3924 est
1433 3868 1785 3940 {Unigenitus
1829 3870 2024 3937 Filius,
2055 3874 2142 3943 qui
2178 3883 2254 3927 est

713 3953 767 4006 in
797 3954 913 4007 sinu
956 3946 1158 4022 Patris,
1177 3958 1286 4025 ipse
1326 3960 1592 4011 enarravit
1621 3960 1689 4014 “.
1713 3958 1777 4013 Et
1802 3967 1886 4015 est
1913 3960 2001 4014 hic
2024 3974 2256 4018 arcanus

714 4046 955 4101 Paterna:
994 4046 1293 4105 divinitatis
1340 4051 1648 4117 thesaurus,
1688 4060 1743 4109 et
1774 4053 2052 4122 plenitudo
2087 4054 2256 4110 bono-

698 4146 835 4192 rum
884 4139 1145 4204 omnium,
1208 4141 1352 4195 unde
1407 4145 1699 4211 gratiarum
1745 4145 1885 4198 dona
1940 4145 2006 4199 iis
2047 4148 2139 4215 qui
2198 4162 2257 4201 se

712 4228 860 4299 digiti
883 4230 1009 4286 sunt
1043 4230 1288 4298 largitur.
1323 4228 1585 4295 Quoniam
1629 4232 1793 4302 igitur
1822 4232 1887 4287 de
1918 4234 2094 4289 medio
2132 4234 2256 4289 sinu

713 4314 853 4374 dona
882 4320 1185 4389 gratiarum.
1221 4320 1399 4389 dignis
1442 4328 1649 4389 erogat,
1680 4336 1752 4393 ac;
1784 4322 2058 4376 dexteram
2102 4318 2253 4379 suam

716 4407 772 4462 in
821 4407 941 4461 illos
984 4408 1241 4473 extendit,
1274 4408 1341 4463 ab
1386 4407 1622 4478 indignis
1650 4426 1776 4464 vero
1805 4412 2078 4467 dexteram
2103 4428 2253 4468 suam

718 4496 933 4557 avertit,
959 4496 1198 4565 nihilque
1230 4512 1293 4549 ex
1316 4496 1473 4550 bonis
1494 4498 1549 4550 in
1583 4508 1878 4553 memorato
1905 4500 2024 4563 sinu
2052 4518 2151 4557 suo
2175 4518 2258 4556 re-

2348 3398 2558 3485 χρόνου,
2576 3416 2841 3487 καὶμέχρι
2875 3415 3013 3479 τίνος
3045 3415 3329 3485 παροξύνει
3349 3416 3425 3487 (1)
3446 3416 3476 3466 ὀ
3500 3415 3805 3495 ὑπεναντίος
3828 3415 3879 3469 τδ
3930 3434 3931 3493 ς

2350 3506 2516 3575 ὖνομά
2550 3523 2661 3567 σου,
2691 3507 2783 3559 καὶ
2814 3507 2861 3558 εί
2898 3506 3133 3577 διαμένει
3164 3508 3241 3571 είς
3264 3506 3412 3570 τέλος
3441 3507 3596 3559 τοῦτο
3629 3508 3878 3579 πράττων.
3930 3502 3931 3545 ἒ

2350 3591 2459 3648 Εἶτ’
2486 3595 2785 3660 ἀκολούθως
2815 3595 3136 3663 πυνθάνεται
3161 3596 3257 3668 τὴν
3281 3594 3484 3650 τούτων
3504 3598 3680 3653 αίτίαν
3705 3596 3876 3661 ἀξιῶψ

2341 3666 2431 3736 ’διό
2458 3672 2648 3752 φησιντ
2695 3684 2864 3738 Ἱνατί
2896 3666 3285 3753 ἀποστρέφεις
3310 3684 3422 3752 τὴν
3477 3685 3640 3754 χεῖρά
3664 3702 3776 3739 σου
3798 3686 3881 3737 καὶ
3930 3730 3931 3735 η

2350 3774 2464 3841 τὴν
2488 3773 2691 3847 δεξιάς
2708 3788 2823 3828 σου
2862 3774 2930 3827 ἐκ
2964 3775 3156 3844 μέσου
3185 3776 3289 3828 τοῦ
3316 3777 3546 3830 κόλπου
3568 3792 3682 3829 σου
3704 3780 3787 3843 είς
3808 3776 3883 3829 τέι
3930 3812 3931 3815 η

2351 3868 2499 3930 λος;
2537 3866 2599 3917 Ἠ
2630 3865 2686 3917 δὲ
2714 3865 2806 3917 τοῦ
2849 3865 3004 3933 λόγου
3034 3864 3235 3918 διάνοια
3266 3866 3450 3918 τοῦτον
3485 3865 3595 3935 ἔχει
3631 3866 3720 3919 τὸν
3744 3864 3881 3919 νοῦν·
3930 3902 3931 3905 η

2354 3958 2381 4009 ὁ
2404 3957 2596 4021 κόλπος
2619 3956 2710 4008 τοῦ
2742 3956 2873 4008 Θεοῦ
2898 3956 3112 4024 ἀγαθῶν
3140 3958 3252 4009 ἐστι
3276 3956 3506 4027 πλήρης,
3528 3956 3608 4009 διὸ
3630 3956 3881 4010 λέλεκται·

2353 4047 2693 4118 Μονογενὴς
2719 4046 2849 4114 Υἱὸς
2874 4051 2905 4101 ό
2932 4047 3015 4101 ὢν
3040 4050 3125 4113 εἰς
3149 4046 3255 4099 τὸν
3273 4049 3501 4102 κόλπον
3524 4047 3628 4101 τοῦ
3658 4050 3883 4116 Πατρός,

2354 4138 2577 4205 ἐκεῖνος
2604 4137 2958 4208 ἐξηγήσατο.
2991 4139 3101 4191 Καὶ
3126 4137 3267 4190 ἔστιν
3300 4137 3603 4210 ἀπόρρητος
3632 4133 3779 4201 οὗτος
3803 4140 3885 4205 τῆς

2368 4229 2641 4298 Πατρικῆς
2657 4228 2904 4298 θεότητος
2935 4222 3199 4300 θησαυρὸς
3224 4228 3316 4282 καὶ
3343 4228 3736 4298 πλήρωματῶν
3766 4229 3883 4293 ἀγα»

2355 4314 2459 4366 θῶν
2490 4316 2755 4377 ἁπάντων,
2777 4315 2834 4380 ἐξ
2860 4309 2932 4367 ὧν
2962 4314 3139 4368 δίδωσι
3172 4316 3238 4369 τά
3265 4311 3706 4387 χαρίσματατοῖς
3736 4315 3885 4380 ἀξίοις

2355 4404 2537 4457 αὐτοῦ.
2572 4406 2721 4457 Ἐπεὶ
2761 4404 2937 4459 τοίνυν
2970 4398 3031 4458 έκ
3072 4406 3234 4475 μέσου
3274 4406 3369 4458 τοῦ
3412 4407 3610 4460 κόλπου
3649 4404 3716 4459 τά
3748 4404 3887 4475 χαρί-
3930 4442 3931 4447 η

2357 4511 2535 4563 σματα
2565 4498 2674 4558 τοῖς
2723 4495 2888 4559 ἀξίοις
2917 4497 3165 4566 δωρεῖται
3207 4497 3457 4550 ἐκτείνων
3484 4499 3564 4561 είς
3589 4498 3780 4561 αὐτοὺς
3804 4496 3887 4564 τὴν

718 4583 950 4652 conditis
995 4585 1127 4654 ipsis
1176 4587 1466 4655 elargitur;
1494 4588 1614 4657 jure
1662 4590 1990 4656 sciscitatur,
2022 4593 2205 4651 dicens
2238 4614 2251 4647 :

2357 4581 2545 4634 ἑαυτοῦ
2566 4581 2767 4647 δεξιὰν,
2797 4570 2904 4636 ἀπὸ
2928 4582 2984 4634 δὲ
3011 4584 3115 4635 τῶν
3146 4582 3219 4654 μὴ
3256 4584 3418 4649 ἀξίων
3455 4584 3778 4653 ἀποστρέφει
3804 4584 3886 4653 τὴν

724 4672 913 4742 Utt‘fuid
953 4676 1138 4729 avertis
1170 4686 1396 4729 ‘manum
1448 4686 1588 4731 tuam
1650 4689 1700 4733 et
1738 4681 2004 4737 dexteram
2034 4678 2176 4739 tuam
2197 4687 2252 4741 de

2358 4674 2511 4741 χεῖρα
2548 4673 2642 4741 τὴν
2672 4669 2867 4736 δεξιὰν,
2900 4672 3060 4741 μηδὲν
3104 4673 3277 4727 αὐτῶν
3322 4674 3430 4728 τῶν
3460 4676 3516 4727 ἐν
3554 4674 3701 4743 αὐτῷ
3739 4674 3889 4743 δηλω-

721 4761 887 4815 medio
918 4763 1034 4816 sinu
1068 4774 1152 4817 tuo
1187 4766 1238 4819 in
1266 4767 1461 4833 ﬁnem?
1488 4767 1830 4840 Rursumque
1871 4773 1923 4827 id
1967 4773 2172 4842 adjicit,
2203 4777 2257 4829 in

722 4854 896 4920 ﬁnem,
928 4853 1263 4923 signiﬁcans,
1294 4858 1350 4911 in
1372 4858 1530 4913 ﬁnem
1563 4861 1695 4930 ipsis
1726 4862 1959 4917 dextera:
1980 4864 2073 4920 Dei
2104 4880 2257 4920 aver-

722 4943 926 4997 sionem
962 4943 1193 4999 futuram
1221 4961 1361 5001 esse.
1406 4947 1829 5019 lnterrogatione
1853 4961 2029 5009 autem
2059 4970 2159 5011 nos
2188 4957 2256 5011 ad

720 5045 939 5087 causam
963 5034 1374 5102 perquirendam
1410 5038 1636 5104 invitat;
1674 5047 1733 5093 ut
1760 5058 2063 5110 quaeramus
2090 5061 2256 5117 quare

646 5176 660 5181 ν,
723 5118 801 5173 illi
825 5122 880 5175 in
912 5122 1069 5177 ﬁnem
1101 5124 1293 5193 abiecti
1318 5126 1448 5181 sint.
1475 5125 1607 5180 Nam
1625 5128 1686 5183 -si
1720 5130 1843 5197 quis
1860 5147 1953 5188 eos
1977 5135 2044 5189 de
2062 5152 2254 5205 pecca-

721 5216 779 5262 to
803 5218 858 5265 et
894 5208 1173 5282 iniquitate
1214 5215 1561 5281 incusaverit,
1592 5225 1647 5270 at
1683 5219 1882 5276 scimus
1900 5223 2026 5278 Olim
2062 5226 2257 5281 similia

716 5314 849 5352 cum
876 5300 1129 5357 fecissent
1149 5317 1255 5357 non
1277 5303 1333 5356 in
1361 5304 1518 5367 ﬁnem
1544 5308 1783 5377 abiectos
1809 5309 1976 5367 fuisse
2004 5332 2017 5368 :
2051 5314 2259 5370 inﬁnita

762 5390 920 5458 uippe
957 5397 1011 5444 et
1039 5391 1246 5447 nefaria
1290 5408 1478 5447 eorum
1509 5412 1691 5466 opera,
1723 5399 2003 5465 adulteria,
2036 5404 2259 5457 idolola-

725 5480 900 5540 trium,
952 5482 1331 5548 prophetarum
1375 5485 1548 5539 caedes
1605 5498 1921 5544 enumerant
1960 5494 2255 5563 prophetici

728 5582 1031 5634 sermones;
1059 5568 1152 5623 sed
1185 5587 1459 5642 nunquam
1504 5574 1558 5627 in
1590 5576 1749 5631 linem
1799 5578 2041 5637 derelicti
2082 5593 2207 5637 sunt
2241 5602 2271 5649 :_

732 5654 995 5793 priplieta:
1026 5672 1239 5801 quoq?
1278 5662 1446 5730 ipsis,
1473 5664 1571 5719 etsi
1607 5665 1731 5719 talia
1780 5662 2137 5736 patrantibus,
2163 5671 2259 5725 ad-

905 5756 1025 5798 oan.
1063 5760 1116 5801 ι.
1222 5785 1236 5800 .

905 5756 1025 5798 oan.
1063 5760 1116 5809 ι,
1152 5756 1236 5801 ιδ.

2357 4763 2499 4815 θέντι
2554 4763 2734 4832 κόλπῳ
2789 4763 3222 4833 τεταμιευμένων
3272 4763 3489 4833 ἀγαθῶν
3541 4764 3885 4835 δωρούμενος·

2357 4853 2573 4915 εἰκότως
2647 4852 2964 4911 πυνθάνεται
3012 4852 3208 4921 λέγων·
3274 4854 3444 4908 Ἱνατι
3514 4852 3890 4923 ἀποστρέφεις

2354 4940 2469 5008 τὴν
2490 4941 2654 5011 χεῖρά
2683 4957 2797 4996 σου
2825 4943 2919 4995 καὶ
2945 4943 3057 5010 τὴν
3094 4942 3299 5007 δεξιάν
3335 4956 3452 4996 σου
3485 4942 3554 4997 ἐκ
3578 4944 3771 5011 μέσου
3800 4943 3889 4996 τοῦ
3930 5012 3931 5017 η

2356 5036 2580 5088 κόλπου
2618 5048 2734 5087 σου
2774 5037 2861 5099 είς
2898 5034 3102 5099 τέλος
3132 5035 3242 5088 Καὶ
3286 5032 3443 5085 πάλιν
3479 5033 3793 5105 προστίθησι
3821 5035 3886 5095 τὸ,

2354 5127 2440 5189 εἰς
2478 5124 2668 5189 τέλος,
2704 5125 2998 5195 σημαίνων.
3037 5124 3111 5185 ὡς
3152 5124 3462 5195 ἀποστροφὴ
3499 5125 3597 5194 τῆς
3636 5126 3732 5179 τοῦ
3770 5125 3887 5179 Θεοῦ

2358 5214 2529 5278 δεξιᾶς
2554 5216 2638 5276 είς
2662 5202 2809 5277 τέλος
2840 5213 2985 5268 ἔσται
3029 5214 3225 5275 αὐτοῖς.
3260 5213 3357 5266 Διά
3384 5214 3439 5266 δὲ
3468 5214 3565 5284 τῆς
3592 5217 3888 5288 ἐρωτήσεως

2358 5304 2449 5357 ἐπὶ
2487 5304 2583 5373 τὴν
2623 5303 2842 5373 ζήτησιν
2888 5302 2984 5377 τῆς
3028 5302 3201 5365 αίτίας
3243 5303 3387 5377 ἡμᾶς
3428 5303 3701 5375 διεγείρει,
3732 5307 3804 5367 ὡς
3830 5305 3886 5355 ἂν
3930 5338 3931 5341 η

2360 5391 2579 5463 ζητήσαι
2590 5408 2685 5461 μεν
2712 5391 2762 5443 τί
2793 5392 2853 5444 τὸ
2887 5375 3052 5444 αίτιον
3080 5375 3362 5461 γεγένηται
3387 5393 3481 5447 τοῦ
3518 5396 3596 5458 είς
3627 5387 3775 5457 τέλος
3803 5394 3887 5446 αὐ-

2358 5482 2481 5543 τοὺς
2511 5480 2896 5550 ἀποϐληοῆναι.
2936 5480 2997 5537 Εἰ
3044 5480 3140 5550 μὲν
3166 5481 3579 5552 γάράμαρτίας
3607 5485 3701 5536 καὶ
3726 5497 3884 5551 παρα-

2362 5568 2546 5637 νομίας
2577 5567 2872 5620 αἰτιάσαιτό
2903 5584 3003 5631 τις,
3029 5567 3161 5620 ἀλλὰ
3194 5569 3287 5621 καὶ
3312 5568 3726 5627 πάλαιτοιαῦτα
3764 5566 3886 5637 πρά-

2365 5658 2553 5722 ξαντας
2576 5656 2766 5717 αὐτοὺς
2791 5654 3027 5726 ἔγνωμεν
3048 5658 3136 5711 καὶ
3158 5657 3229 5727 μὴ
3256 5656 3603 5719 ἀπωσθέντας
3624 5657 3700 5719 είς
3724 5655 3883 5718 τέλος·
3930 5656 3931 5659 “

780 5832 869 5903 (Ι)
889 5832 1040 5890 Forte
1060 5837 1329 5896 Iecemium
1352 5841 1650 5913 παροξυνεῖ,
1672 5853 1722 5902 et
1752 5862 1895 5915 mox,
1934 5849 2191 5920 διαμενεῖ.
2221 5849 2371 5906 Enn.
