3966 6348
100 502 201 558 861

1207 498 1698 556 COMMENTARIA
1740 499 1804 554 IN
1841 500 2173 557 PSALMOS.

3165 491 3268 551 863

103 619 329 693 μυρίους
355 618 462 688 γὰρ
481 615 761 688 ἀθεμίτους
794 615 1013 687 πράξεις
1040 617 1277 687 μοιχείας
1301 635 1358 670 τε
1387 618 1479 671 καὶ
1511 617 1647 670 εἰδω-

1753 626 1923 678 erant,
1959 620 2265 688 angelorum
2298 617 2551 678 visiones.
2584 615 2818 687 Spiritus
2843 615 3014 671 sancti
3041 629 3278 684 prasen-

100 709 434 780 λολατρείας,
477 707 765 780 προφητῶν
808 725 866 760 τε
917 707 1220 778 ἀναιρέσεις
1266 707 1651 776 καταλέγουσιν

98 800 282 854 αὐτῶν
306 800 354 851 οι
376 797 698 870 προφητικοὶ⁸
725 796 868 864 λόγοι
886 813 899 826 ο
943 796 1054 848 ἀλλ’
1085 797 1146 848 οὐ
1192 794 1404 850 minime
1429 799 1651 865 ἐγκατε-

100 889 398 959 λείφθησαν
440 890 516 951 είς
560 887 725 949 τέλος.
780 887 1018 956 Συνῆσαν
1069 885 1127 939 δὲ
1183 887 1362 950 αὐτοίς
1385 927 1399 951 ,
1452 889 1648 959 καίπερ

97 978 326 1037 τοιαῦτα
343 976 681 1048 πράττουσιν,
711 975 758 1027 οἱ
785 973 1086 1045 προφῆται*
1122 973 1393 1042 ἐγίγνοντο
1431 975 1486 1027 δὲ
1523 977 1647 1046 παρ’

97 1071 284 1131 αὐτοῖς
317 1069 406 1122 καὶ
427 1067 666 1135 ἀγγέλων
686 1065 1008 1133 ἐπιφάνειαι,
1029 1065 1122 1119 καὶ
1153 1065 1461 1136 Πνεύματος
1492 1066 1646 1134 ἁγίου

1752 711 1845 764 tia.
1881 709 2032 775 Quod
2059 724 2188 779 ergo
2229 715 2433 762 tantum
2478 715 2586 761 tam
2623 707 2920 761 inauditum
2953 706 3162 760 facinus
3187 717 3282 758 eo-

1751 816 1890 864 rum,
1925 809 1983 853 ut
2035 802 2088 853 in
2134 801 2290 853 tinem
2336 797 2655 868 abjiciantur
2705 805 2762 852 et
2811 797 3032 852 dextera
3067 795 3162 850 Dei
3218 793 3286 849 ab

1750 890 1828 945 eis
1866 898 2138 944 avertatur
2185 890 2239 942 in
2287 888 2499 942 tinem?
2552 888 2676 947 Haec
2730 902 2891 958 porro
2947 887 3136 941 dicens
3190 885 3286 940 ad-

1751 981 1973 1034 missum
2013 981 2080 1033 ab
2101 981 2181 1034 eis
2201 980 2258 1032 in
2289 980 2567 1035 Christum
2595 978 2688 1033 Dei
2718 977 2926 1031 facinus
2949 975 3114 1029 tacite
3152 974 3285 1028 sub-

1752 1070 1970 1123 indicat.

99 1161 391 1230 παρουσία.
417 1160 480 1211 Τί
514 1160 684 1212 τοίνυν
709 1158 768 1209 τὺ
805 1157 968 1222 ξένον,
1007 1158 1100 1210 καὶ
1138 1160 1192 1211 τί
1227 1160 1474 1212 τοσοῦτον
1535 1163 1713 1223 αὐτοῖς
1747 1161 2082 1234 τετόλμηται,
2127 1162 2200 1225 ὡς
2240 1164 2319 1226 είς
2363 1162 2513 1226 τέλος
2561 1164 2754 1226 αὐτοὺς
2795 1160 3140 1230 ἀπωσθῆναι,
3194 1158 3289 1208 καὶ

96 1253 194 1336 τὴν
233 1249 412 1313 δεξιὰν
433 1250 526 1301 τοῦ
556 1247 688 1300 Θεοῦ
718 1248 1117 1318 ἀποστραφῆναι
1147 1250 1339 1312 αὐτοὺς
1392 1250 1470 1313 εἰς
1503 1251 1682 1316 τέλος;
1718 1252 1898 1320 Mwa
1930 1254 1984 1306 δὲ
2020 1253 2206 1317 ταῦτα,
2266 1253 2552 1306 αἰνίττεται
2598 1252 3009 1322 σεσιωπημένως
3048 1247 3108 1301 τὺ
3149 1262 3290 1317 πρα-

99 1335 226 1410 χθὲν
246 1340 430 1400 αὐτοῖς
455 1337 592 1390 κατὰ
613 1335 705 1388 τοῦ
730 1338 960 1406 Χριστοῦ
992 1337 1086 1391 τοῦ
1109 1339 1240 1391 Θεοῦ
1260 1339 1526 1410 τόλμημα.

178 1457 235 1507 Ὀ
269 1455 340 1508 δὲ
385 1454 525 1519 Θεὸς
561 1454 1045 1524 ,βασιλεὺς-ὴμῶν
1084 1457 1195 1523 πρὸ
1232 1454 1440 1521 αἰῶνος
1466 1457 1647 1524 εἰργά-

1817 1449 1981 1506 Vitas.
2012 1451 2194 1505 l2—18.
2255 1451 2390 1504 Deus
2419 1459 2590 1503 autem
2626 1465 2716 1502 rea:
2761 1457 2935 1504 noster
2973 1458 3092 1503 ante
3121 1464 3288 1503 δαισι-

97 1557 254 1599 σατο
284 1543 669 1610 σωτηρίανὲν
690 1542 850 1608 μέσῳ
876 1543 986 1612 τῆς
1017 1542 1147 1614 τῆς.
1177 1542 1401 1597 Διελθὼν
1430 1543 1495 1597 τὰ
1523 1562 1647 1615 προ-

1752 1545 1858 1596 lunt
1891 1553 2130 1608 operatus
2158 1551 2233 1595 est
2265 1548 2484 1596 salutem
2513 1543 2567 1595 in
2596 1540 2763 1595 medio
2796 1549 2968 1595 terrm.
2991 1538 3284 1610 Postquam

97 1631 418 1702 λελεγμένα,
453 1632 887 1703 ὲπαναλαμόάνει
931 1633 1055 1696 τοὺς
1093 1632 1218 1702 περὶ
1265 1632 1364 1701 τῆς
1403 1633 1647 1703 προνοίας

1749 1633 2000 1701 praedicta
2031 1633 2317 1692 recensuit,
2342 1645 2620 1686 sermones
2664 1632 2731 1685 de
2767 1631 3100 1702 providentia
3142 1646 3287 1685 resu-

97 1720 310 1788 λόγους,
339 1721 432 1774 καὶ
472 1721 572 1791 τῆς
619 1722 896 1792 δυνάμεως
927 1720 1018 1774 τοῦ
1059 1721 1192 1774 Θεοῦ
1232 1722 1520 1793 παρίστησι
1553 1723 1647 1785 τὰς

1749 1720 1864 1786 ωἰι,
1895 1729 2054 1788 atque
2079 1719 2291 1773 virtutis
2313 1717 2405 1772 Dei
2438 1717 2672 1788 ingentia
2691 1733 2853 1786 opera
2873 1720 3132 1781 declarat,
3169 1719 3287 1789 pias

101 1810 516 1882 μεγαλουργίας,
545 1811 809 1883 εὐκαίρως
840 1811 1077 1873 εὐσεϐεῖς
1108 1812 1421 1882 προϊέμενος
1448 1813 1646 1880 φωνὰς,

1749 1818 2046 1882 opportune
2085 1824 2245 1863 voces
2273 1808 2587 1876 proferens:
2623 1823 2690 1862 ne
2733 1808 2856 1876 quis
2905 1817 3115 1877 putaret
3167 1810 3286 1864 ideo

95 1901 169 1964 ὡς
223 1902 293 1954 ἂν
335 1903 408 1972 μή
460 1919 544 1964 τις
588 1903 842 1972 νομίσειε,
875 1902 964 1956 διὰ
1008 1903 1067 1955 τὺ
1114 1903 1186 1972 μὴ
1229 1905 1424 1974 ὲφορᾷν
1469 1904 1647 1966 αὑτὸν,

1747 1900 1856 1969 jam
1886 1906 2178 1954 memorata
2227 1905 2374 1968 gesta
2425 1897 2608 1959 fuisse,
2650 1897 2790 1966 quod
2844 1896 2985 1952 Deus
3037 1901 3287 1954 universa

101 1991 238 2059 μηδὲ
284 1963 585 2044 ἐπιστατεῖν
608 1963 719 2054 τοῖς
763 1963 892 2043 πάσι
932 1990 999 2044 τὰ
1041 1963 1395 2062 προλεχθέντα
1426 1963 1647 2064 γεγενῇέ

1749 2006 1856 2044 non
1883 1999 2055 2057 curet,
2087 1992 2268 2055 iisque
2284 2004 2390 2043 non
2418 1989 2714 2057 provideat.
2748 1985 3106 2052 Quamobrem
3157 1990 3232 2042 ait
3267 2008 3281 2042 :

100 2077 247 2132 σθαι.
278 2080 366 2132 Διό
394 2095 586 2148 φησιν’
622 2081 684 2132 Et
725 2072 1014 2132 καὶταῦτα
1056 2079 1238 2132 τοῦτον
1276 2081 1518 2152 ἐπράχθη
1561 2082 1650 2134 τὸν

97 2168 331 2237 τρόπον’
360 2169 639 2237 ἀλλ’ὖμως
676 2168 1028 2239 πεπείσμεθα,
1055 2171 1136 2222 ὅτι
1171 2172 1233 2223 σὺ
1266 2171 1293 2222 ὁ
1316 2172 1444 2235 Θεὸς
1477 2172 1646 2242 ἡμῶν,

97 2257 154 2308 ὃν
180 2259 279 2310 καὶ
313 2258 528 2327 βασιλέα
553 2258 706 2328 ἡμῶν
729 2255 866 2311 εἶναι
903 2259 1254 2331 γνωρίζομεν,
1297 2262 1468 2330 κρίσει
1500 2261 1649 2332 βασι-

98 2344 222 2415 λικῇ
275 2348 367 2398 καὶ
414 2347 533 2418 θείᾳ⁵
569 2348 742 2400 πάντα
788 2350 1083 2419 οἰκονομεῖς
1135 2350 1226 2402 ἐπὶ
1278 2352 1516 2422 σωτηρίᾳ
1546 2352 1651 2405 τῶν

95 2437 262 2493 ὅλων·
307 2437 366 2489 ’0
397 2435 504 2507 γὰρ
561 2437 702 2502 Θεὸς
749 2425 936 2506 ἡμῶν,
978 2436 1273 2504 ﬁscum
1325 2440 1490 2508 ἡμῶν
1540 2443 1650 2510 πρὸ

97 2525 313 2592 αἰῶνος
354 2525 664 2594 εἰργάσατο
715 2529 1008 2594 σωτηρίαν
1055 2530 1121 2581 ἐν
1152 2527 1317 2598 μέσῳ
1371 2529 1477 2596 τῆς
1518 2529 1648 2598 τῆς.

88 2617 252 2668 .”Ωστ’
286 2619 334 2668 εἰ
383 2616 476 2669 κα)⁸
516 2618 572 2668 ὲν
609 2618 707 2686 μιᾷ
737 2618 906 2687 γωνίᾳ
952 2618 1054 2686 γῆς
1093 2619 1312 2672 τοιαῦτα
1352 2620 1648 2688 πραχθῆναι

102 2707 522 2777 συγκεχώρηκας
554 2707 638 2758 διὰ
679 2707 802 2770 τοὺς
839 2709 1124 2778 οἰκήτορας
1165 2709 1258 2761 τοῦ
1301 2710 1493 2761 τόπου·
1539 2709 1648 2761 ἀλλ’

97 2796 246 2862 ὅμως
281 2795 633 2865 πεπείσμεθα,
658 2797 738 2849 ὅτι
772 2797 890 2859 τοὺς
914 2798 1029 2850 καθ’
1057 2797 1182 2867 ὅλης
1204 2798 1302 2869 τῆς
1330 2799 1644 2869 οἰκουμένης

97 2885 382 2947 οἰκοῦντας
420 2886 732 2956 ἀνθρώπους
781 2888 1043 2957 σωτηρίας
1064 2887 1327 2954 ἀξιώσεις,
1358 2888 1446 2941 τὸν
1465 2890 1648 2942 ἑαυτοῦ

89 2975 332 3044 ,Χριστὸν
357 2978 571 3047 ἐγείρας
596 2977 797 3030 ἅπασιν
820 2977 1119 3048 ἀνθρώποις
1156 2980 1397 3050 Σωτῆρα.
1431 2979 1536 3032 Καί
1565 2998 1652 3050 μοι

98 3064 244 3139 δοκεί
269 3065 333 3117 δι’
359 3067 472 3129 ἑνὸς
504 3067 595 3119 τοῦ
630 3066 766 3136 μετὰ
797 3069 982 3138 χεῖρας
1016 3069 1192 3139 στίχου
1218 3069 1400 3140 ὥσπερ
1425 3071 1651 3124 ἀνταπό-

99 3155 242 3207 δοσιν
286 3158 548 3209 ποιεῖσθαι
585 3157 695 3210 ’τῶν
737 3158 1190 3229 ὲπηπορημένωνο
1237 3161 1354 3212 ἀντὶ
1393 3160 1498 3231 γὰρ
1545 3163 1651 3213 τῶν

103 3246 519 3317 συμϐεϐηκότων
564 3249 702 3302 κατὰ
730 3249 821 3302 τοῦ
852 3249 1172 3320 δηλωθέντος
1215 3252 1398 3312 τόπου,
1428 3253 1650 3322 ὲργάσε-
1676 3273 1719 3331 C

98 3354 208 3399 ται,
236 3337 418 3406 φησὶν,
449 3340 478 3389 ό
509 3336 636 3400 Θεὸς
677 3338 944 3408 σωτηρίαν
976 3340 1032 3390 ὲν
1060 3340 1206 3410 μέσῳ
1228 3342 1324 3410 τῆς
1355 3341 1476 3410 γῆς.
1515 3342 1646 3393 Συν-

101 3424 247 3492 ήθως
271 3425 325 3476 δὲ
354 3425 446 3476 καὶ
479 3425 572 3478 νῦν
593 3426 668 3478 ’τὰ
703 3414 928 3495 ἐσόμενα
972 3427 1045 3490 ὡς
1075 3430 1432 3499 παρῳχηκότα
1462 3431 1645 3482 θεσπί-

99 3514 196 3576 ζει.
243 3509 372 3588 Εἶτα
401 3515 639 3573 διδάσκει
657 3514 782 3584 ἑξῆς
816 3516 1001 3578 ὁποίας
1027 3517 1124 3587 ἤδη
1157 3518 1318 3570 πάλαι
1344 3521 1597 3590 πρότερον
1620 3524 1647 3572 ό

100 3605 232 3666 Θεὸς
258 3606 648 3673 κατειργάσατο
680 3605 1106 3676 θαυματουργίας
1136 3608 1303 3674 λέγων
1322 3627 1334 3638 ο
1373 3610 1452 3662 Σὺ
1481 3611 1646 3678 ἐκρα-

99 3695 358 3758 minume
383 3696 452 3747 ἐν
473 3694 546 3761 τῇ
577 3695 818 3764 δυνάμει
845 3712 958 3750 σου
999 3698 1109 3763 τὴν
1133 3698 1465 3754 θάλασσαν.
1513 3703 1647 3756 Ἁντὶ

99 3783 151 3835 δὲ
183 3783 298 3844 τοῦ,
337 3784 417 3841 Σὺ
464 3785 530 3836 δὲ
561 3786 977 3852 ἐκραταίωσας,
1017 3788 1045 3840 ὁ
1078 3787 1382 3857 Σύμμαχος,
1417 3790 1497 3842 Σὺ
1533 3791 1646 3843 διε-

99 3872 404 3939 σκέδασιις
451 3873 525 3940 τῇ
577 3876 744 3943 ἰσχύϊ
785 3890 896 3934 σοιν
940 3876 1055 3946 τὴν
1099 3877 1428 3942 θάλασσαν,
1468 3883 1645 3952 ἡρμή-

98 3981 273 4016 νευσε.
304 3965 407 4017 Καί
441 3983 531 4035 μοι
571 3967 715 4020 δοκεῖ
753 3968 839 4021 διὰ
1114 3968 1188 4030 ώς
1211 3971 1343 4037 πρὸς
1371 3969 1466 4038 τὴν
1503 3973 1645 4023 ἱστο-

104 4055 224 4117 ρίαν
281 4056 558 4124 σημαίνειν
577 4059 674 4127 τὴν
716 4057 806 4110 ἐπὶ
875 4059 1112 4120 Μωσέως
1159 4059 1446 4127 γενομένην
1485 4059 1647 4111 δίοδον

98 4142 192 4194 τοῦ
222 4143 350 4194 λαοῦ
374 4145 460 4196 διὰ
497 4145 594 4212 τῆς
629 4146 886 4216 Ἐρυθρᾶς
917 4148 1200 4216 θαλάσσης.
1245 4148 1332 4198 Διὸ
1380 4149 1516 4200 κατὰ
1553 4152 1647 4218 μὲν

99 4233 190 4282 τὸν
227 4231 518 4300 Σύμμαχον
558 4234 791 4304 εἴρηται,
826 4237 907 4288 Σὺ
945 4235 1332 4300 διεσκέδασας
1371 4236 1444 4303 τῇ
1488 4239 1650 4303 ισχύτ

98 4337 214 4374 σου
254 4328 364 4388 τὴν
392 4325 736 4377 θάλασσαν·
772 4326 906 4378 κατὰ
957 4326 1012 4380 δὲ
1057 4328 1144 4378 τὸν
1179 4327 1520 4391 Θεοδοτίωνα,
1565 4330 1647 4382 Σὺ

100 4411 421 4478 διέστησας
472 4414 542 4465 ἐν
574 4413 646 4480 τῇ
705 4414 948 4483 δυνάμει
993 4433 1106 4469 σου
1159 4416 1268 4484 τὴν
1314 4417 1644 4472 θάλασσαν.

103 4497 230 4555 Ι-Σττα
277 4504 399 4564 τους
444 4503 770 4568 Δίγυπτίους
818 4506 910 4556 καὶ
957 4507 1045 4558 τὸν
1094 4505 1286 4575 Φαραὼ
1329 4507 1647 4560 αἰνίττεσθαί

1747 2078 1860 2134 Etsi
1902 2081 2014 2134 haec
2054 2081 2148 2133 tali
2197 2081 2354 2133 modo
2385 2086 2532 2150 gesta
2583 2079 2709 2143 sint,
2741 2091 3054 2148 persuasum
3104 2085 3284 2134 tamen

1747 2173 1902 2227 nobis
1943 2180 2046 2232 est,
2087 2180 2138 2226 te
2186 2171 2351 2224 Duem
2408 2179 2670 2234 nostrum,
2720 2185 2877 2239 quem
2930 2183 3109 2239 regem
3158 2168 3283 2222 item

1747 2270 1992 2317 nostrum
2026 2276 2145 2316 esse
2175 2261 2402 2322 scimus,
2423 2258 2627 2328 judicio
2650 2260 2797 2328 regio
2825 2274 2886 2313 ac
2899 2258 3088 2312 divino
3105 2258 3284 2311 omnia

1749 2354 1814 2406 ad
1842 2354 2211 2406 universorum
2241 2351 2465 2405 salutem
2493 2357 2790 2417 temperare
2824 2368 2835 2402 :
2863 2364 2986 2402 nam
3031 2347 3171 2401 Deus
3193 2363 3286 2400 no-

1747 2447 1851 2491 ster
1873 2451 1962 2488 rex
1993 2447 2165 2490 noster
2199 2444 2317 2487 ante
2343 2429 2589 2486 saxulum
2619 2441 2856 2499 operatus
2879 2441 2954 2486 est
2984 2432 3204 2487 salutem
3229 2431 3284 2483 in

1747 2528 1913 2580 medio
1937 2535 2106 2580 terra.
2138 2525 2214 2578 Ita
2248 2532 2304 2578 ut
2331 2524 2538 2578 etiamsi
2574 2523 2757 2577 isthtec
2781 2522 2835 2575 in
2862 2537 2967 2575 uno
2999 2529 3158 2576 terra:
3190 2537 3285 2575 an-

1748 2618 1870 2684 gulo
1903 2614 2039 2670 edici
2069 2616 2373 2684 permiseris
2406 2629 2589 2667 eorum
2624 2629 2786 2668 causa
2808 2613 2900 2682 qui
2928 2612 3101 2666 locum
3144 2613 3286 2667 ineo-

1749 2707 1922 2761 lebant
1942 2745 1955 2766 ,
1988 2719 2306 2773 persuasum
2349 2713 2527 2761 tamen
2570 2704 2861 2759 habeamus
2891 2714 2946 2758 te
2973 2719 3158 2758 omnes
3186 2711 3287 2758 tero

1749 2811 1859 2848 ram
1908 2796 2198 2848 incolentes
2251 2795 2498 2849 homines
2539 2795 2708 2849 salute
2765 2794 3110 2864 dignaturum
3137 2836 3150 2859 ,
3187 2795 3288 2863 qui

1746 2883 2014 2938 Christum
2050 2892 2200 2935 tuum
2233 2883 2478 2936 excitasti
2510 2882 2746 2935 omnium
2776 2882 3052 2935 hominum
3087 2879 3281 2936 Serva-

1750 2987 1937 3030 torem.
1963 2973 2292 3044 Videturque
2326 2973 2458 3025 mihi
2489 2972 2589 3024 hoc
2615 2987 2723 3025 uno
2753 2982 2933 3034 versu,
2959 2971 3113 3038 quasi
3138 2987 3282 3040 qua:-

1748 3068 1980 3120 stionum
2011 3065 2327 3119 solutionem
2352 3063 2593 3133 praeberi.
2640 3061 2769 3116 Nam
2809 3077 2994 3116 eorum
3025 3062 3140 3117 vice
3161 3062 3285 3134 qua:

1747 3165 1934 3211 contra
1967 3155 2280 3225 przedictum
2318 3155 2492 3207 locum
2521 3160 2821 3223 perpetrata
2846 3160 2991 3215 sunt,
3023 3150 3186 3214 Deus,
3208 3155 3284 3207 in-

1749 3246 1884 3313 quit,
1920 3245 2229 3312 Operabitur
2253 3244 2476 3297 salutem
2509 3244 2562 3295 ir.
2589 3241 2765 3296 medio
2803 3248 2978 3294 terrae.
3037 3239 3110 3294 De
3137 3257 3284 3296 more

1749 3344 1923 3388 autem
1953 3334 2039 3386 hic
2060 3333 2237 3397 futura
2262 3341 2317 3384 ut
2335 3333 2443 3400 jam
2471 3331 2736 3400 prazterita
2767 3331 3104 3385 vaticinatur.
3128 3331 3284 3385 Dein-

1744 3423 1811 3476 de
1845 3439 1970 3476 vero
1998 3423 2172 3484 docet,
2198 3422 2375 3489 qualia
2418 3420 2530 3486 jam
2568 3421 2691 3472 olim
2723 3421 2961 3491 prodigia
2992 3419 3132 3474 Deus
3150 3435 3280 3489 ope-

1747 3539 1760 3565 Α
1791 3520 1895 3567 itus
1926 3515 2014 3574 sit,
2051 3513 2128 3567 sic
2155 3514 2376 3580 loquens
2402 3528 2414 3563 :
2452 3509 2528 3562 Tu
2558 3510 2882 3576 conﬁrmasti
2903 3511 2955 3562 in
2981 3512 3166 3564 virtute
3190 3520 3275 3563 tua

1747 3622 1907 3658 mare.
1944 3605 2046 3656 Pro
2078 3604 2168 3655 illo
2201 3611 2400 3662 autem,
2440 3612 2495 3652 tu
2528 3601 2867 3668 conﬁrmasti,
2906 3599 3271 3670 Symmachus,

1749 3694 1825 3746 Tu
1858 3693 2128 3759 dissipasti
2169 3694 2355 3745 virtute
2389 3701 2478 3742 tua
2529 3707 2706 3754 mare,
2746 3690 3123 3760 interpretatus
3173 3700 3271 3747 est.

1745 3781 1810 3833 Et
1841 3782 1969 3834 mihi
2023 3782 2238 3849 quidem
2289 3781 2504 3833 videtur
2537 3780 2789 3833 historice
2827 3780 3063 3834 indicare
3101 3783 3272 3850 populi

1745 3887 1837 3940 per
1855 3886 1998 3924 mare
2021 3871 2262 3924 Rubrum
2290 3871 2425 3924 duce
2458 3870 2635 3940 Moyse
2661 3871 2964 3924 transitum.
2990 3868 3166 3935 Quare
3195 3889 3272 3926 se-

1744 3940 1976 4013 cuiidum
2015 3960 2390 4029 Symmachum
2416 3960 2612 4012 dicitur
2643 3978 2655 4011 :
2688 3959 2765 4011 Tu
2801 3960 3070 4027 dissipasti
3095 3963 3278 4015 virtute

1747 4058 1835 4100 tua
1864 4063 2038 4103 mare:
2064 4049 2358 4101 secundum
2387 4046 2806 4100 Theodotionem
2849 4057 3002 4102 vero:
3036 4048 3111 4100 Tu
3146 4048 3281 4100 divi-

1743 4139 1858 4190 sisti
1899 4138 1955 4189 in
2003 4138 2232 4204 potentia
2293 4146 2382 4189 tua
2439 4153 2600 4188 mare.
2652 4137 2849 4196 Deinde
2902 4137 3183 4206 J‘Egyptios
3226 4145 3281 4191 et

1747 4227 2076 4280 Pharaonem
2129 4227 2448 4280 adumbrare
2497 4227 2628 4280 mihi
2668 4226 2899 4290 videtur,
2921 4226 3152 4282 dicens:
3203 4227 3279 4280 Tu

1745 4319 2031 4370 contrivisti
2053 4318 2226 4384 capita
2269 4318 2552 4370 draconum
2580 4319 2636 4370 in
2667 4333 2822 4384 aqua.
2867 4317 2944 4369 Tu
2986 4318 3276 4387 confregisti

1745 4409 1914 4476 capita
1938 4408 2199 4460 draconis.
2229 4407 2331 4461 Pcr
2358 4409 2645 4462 draconem
2678 4407 2882 4462 scilicet
2924 4407 3278 4473 Pharaonem,

1745 4511 1838 4564 per
1884 4498 2057 4566 capita
2089 4513 2212 4551 vero
2259 4498 2396 4565 ejus,
2432 4499 2697 4566 principes
2719 4498 2820 4564 .qui
2868 4497 2968 4550 sub
3007 4513 3072 4551 eo
3124 4507 3281 4554 erart

101 4605 190 4656 μοι
229 4587 374 4639 ἁκεῖ
418 4589 662 4652 φάσκω-ι’
711 4589 792 4642 Σὺ
835 4589 1195 4659 συνέτριψας
1242 4591 1344 4655 τὰς
1385 4591 1647 4658 κεφαλὰς

1750 4588 2088 4652 subindicat;
2122 4589 2234 4647 sive
2268 4603 2362 4656 per
2392 4590 2672 4650 dracones,
2715 4586 3023 4656 (Egyptios;
3054 4603 3149 4655 per
3185 4602 3278 4642 ca-

99 4674 215 4728 τὼν
238 4676 572 4743 δρακόντων
601 4676 698 4740 ἐπὶ
727 4678 829 4730 τοῦ
866 4678 1114 4744 ὕδατος·
1152 4680 1231 4732 σὺ
1268 4673 1646 4745 συνέθλασας

97 4766 202 4829 τὰς
255 4765 516 4833 κεφαλὰς
555 4765 659 4817 τοῦ
703 4764 1052 4835 δράκοντος·
1103 4771 1362 4839 δράκοντα
1414 4771 1509 4840 μὲν
1556 4771 1646 4822 τὸν

99 4854 310 4924 Φαραὼ,
349 4854 585 4928 κεφαλὰς
614 4853 670 4905 δὲ
711 4844 872 4906 αὐτοῦ
923 4858 1046 4919 τοὺς
1079 4859 1167 4910 ὑπ’
1200 4860 1355 4912 αὑτὸν
1388 4859 1646 4929 ἄρχοντας

99 4944 491 5012 αἰνιττόμενος·
528 4944 560 5012 ἢ
607 4943 900 5011 δράκοντας
943 4947 1067 5008 τοὺς
1105 4948 1443 5017 Αἰγυπτίους,
1482 4966 1646 5017 κεφα-

99 5032 192 5094 λὰς
229 5033 285 5084 δὲ
327 5033 500 5085 αὐτῶν
538 5034 662 5096 τοὺς
693 5036 976 5101 τριστάτας
1021 5039 1114 5089 καὶ
1156 5040 1279 5092 τοὺς
1319 5040 1641 5108 ἡγουμένους

99 5120 275 5172 αὐτῶν
325 5121 616 5190 ὀνομάζων.
672 5122 743 5175 Τὸ
784 5125 838 5176 δὲ
860 5165 874 5189 ,
908 5126 1165 5190 Ἕδωκας
1212 5128 1396 5180 αὑτὸν
1437 5128 1643 5196 ,βρῶμα

100 5209 257 5272 λαοῖς
289 5209 410 5273 τοῖς
431 5212 716 5277 Λιθίοψιν,
749 5213 887 5266 εἴποι
922 5215 984 5268 ἄν
1007 5232 1087 5277 τις
1124 5215 1190 5267 τὰ
1221 5215 1386 5288 νεκρὰ
1421 5217 1642 5287 σώματα

100 5297 292 5360 αὐτῶν,
324 5298 686 5367 ὲκόρασθέντα
728 5303 822 5371 τῆς
857 5304 1142 5373 Θαλάσσης,
1177 5288 1337 5374 βορὰν
1367 5308 1640 5372 γεγονέναι

101 5390 232 5450 τοῖς·
255 5390 516 5450 πετεινοῖς
560 5389 652 5441 τοῦ
703 5391 946 5462 οὐρανοῦ.
991 5396 1131 5450 Ἀντὶ
1171 5394 1227 5446 δὲ
1257 5394 1367 5458 τοῦ,
1400 5395 1520 5460 τοῖς
1545 5401 1639 5450 Αί-

102 5481 314 5545 θιοψιν,
339 5478 367 5528 ό
407 5479 504 5546 μὲν
540 5478 782 5541 Ἀκύλας,
822 5482 942 5546 τοῖς
979 5483 1474 5552 ἐξελευσομένας,
1516 5488 1544 5538 ό
1583 5488 1638 5539 δὲ

102 5567 398 5626 θεοδστίων.
431 5566 515 5636 τῷ
555 5568 806 5635 ἐσχάτῳ,
842 5573 932 5623 καὶ
970 5574 998 5643 ἡ
1044 5576 1260 5644 πέμπτη
1309 5575 1530 5638 ἔκδοσις,
1560 5576 1638 5640 τῷ

96 5651 516 5722 ἐξεληλυθόξνι,
571 5660 930 5727 ἠρμήνευσαν.
979 5664 1099 5716 Τῶν
1149 5665 1246 5732 μὲν
1291 5668 1358 5734 τῇ
1409 5666 1638 5736 Ἐρυθρᾷ

98 5741 332 5815 θαλάσσῃ
385 5746 894 5800 καταποντωοέντων
950 5754 1318 5822 μνημονεύσας
1374 5756 1403 5805 ό
1463 5755 1630 5823 λόγος,

97 5830 217 5908 δεῆς
270 5834 362 5894 καὶ
394 5836 501 5893 τῶν
548 5838 681 5912 μετά
731 5838 896 5900 ταῦτα
940 5844 1330 5922 πεπραγμένων
1382 5846 1632 5916 ἀναφέρει

1746 4678 1849 4746 pita
1878 4691 1999 4728 vero
2018 4691 2222 4738 eorum,
2255 4675 2520 4744 principes
2557 4683 2612 4728 et
2651 4675 2813 4728 duces
2852 4690 3038 4728 eorum
3072 4677 3278 4745 signiﬁ-

1743 4775 1847 4821 cat.
1877 4767 2005 4820 lllud
2032 4774 2227 4825 autem,
2265 4765 2463 4817 Dedisti
2490 4781 2606 4817 cum
2642 4781 2811 4817 escam
2845 4767 3047 4834 populi:
3070 4767 3278 4824 xEtltio-

1741 4857 1912 4924 pibus.
1936 4856 2269 4924 sic,explicet
2308 4855 2594 4923 quispiam,
2615 4857 2765 4924 quod
2792 4870 3047 4913 cadavera
3089 4874 3274 4919 eorum

1742 4944 1806 4996 ad
1858 4945 2007 4996 littus
2037 4944 2202 4996 maris
2236 4944 2435 5011 rejecta
2463 4943 2518 4996 in
2571 4960 2753 5000 eseam
2801 4949 3104 5001 volatilibus
3151 4951 3273 5005 caeli

1742 5030 1957 5084 fuerint.
1990 5029 2095 5083 Pro
2127 5031 2218 5084 illo
2242 5039 2442 5097 autem,
2474 5032 2828 5102 Ethiopibus,
2855 5039 3043 5105 Aquila
3063 5078 3077 5097 .
3107 5054 3275 5106 egres-

1739 5122 1873 5174 suris
1897 5136 1914 5183 ;
1943 5119 2258 5186 Theodotio,
2282 5124 2595 5186 novissimo;
2627 5125 2814 5192 quinta
2846 5128 3028 5189 editio,
3050 5143 3270 5194 egresso,

1741 5214 2071 5281 interpretati
2101 5221 2246 5268 sunt.
2281 5213 2566 5281 Postquam
2586 5229 2784 5268 eorum
2812 5219 2901 5285 qui
2934 5217 2985 5267 in
3013 5218 3144 5268 mari
3167 5215 3273 5272 Καρ

1738 5305 1835 5358 bro
1857 5303 2085 5357 demersi
2127 5311 2252 5357 sunt
2281 5305 2480 5356 mentio
2507 5305 2644 5370 facta
2672 5314 2775 5367 est,
2801 5305 2901 5358 sub
2945 5305 3053 5357 haec
3085 5319 3271 5359 eorum

1737 5410 1854 5463 qua:
1877 5401 2058 5463 postea
2089 5403 2238 5463 gesta
2269 5402 2393 5447 sunt
2427 5396 2738 5448 memoriam
2775 5395 3011 5456 refricat,
3042 5395 3225 5450 dicens
3251 5415 3265 5454 :

1740 5487 1816 5539 Tu
1865 5483 2112 5550 dirupisti
2154 5484 2320 5552 fontes
2357 5495 2406 5538 ot
2430 5493 2698 5539 torrentes.
2727 5481 2842 5536 Non
2870 5486 3009 5537 enim
3058 5483 3268 5552 Moyses

1736 5583 1850 5630 erat
1881 5577 1968 5642 qui
1994 5584 2197 5644 petram
2225 5576 2371 5644 virga
2399 5577 2721 5644 percutiens,
2743 5589 2809 5629 ex
2830 5575 2920 5627 illa
2945 5573 3128 5628 eduxit
3147 5573 3266 5629 iron-

1737 5675 1816 5719 tes
1847 5673 1900 5718 et
1931 5675 2224 5730 torrentes;
2265 5668 2358 5721 sed
2399 5675 2477 5727 tu,
2523 5665 2684 5736 Deus,
2717 5681 2858 5729 eras,
2888 5665 2979 5733 qui
3022 5665 3132 5718 haec
3169 5681 3264 5736 per

1741 5755 1972 5824 Moysen]
2021 5757 2278 5809 miracula
2304 5756 2571 5824 patrabas.
2606 5755 2758 5820 Quod
2805 5756 3016 5810 additur
3061 5764 3258 5818 autem,

1740 5845 1811 5903 Tu
1840 5845 2051 5900 δῆταδιὲ
2083 5847 2266 5914 ﬂuvios
2310 5845 2516 5912 Etham,
2544 5846 2609 5900 ad
2639 5844 2920 5904 Iordanem
2973 5847 3258 5907 referatur,
