3950 6342
722 500 828 560 es:
1130 549 1151 578 ,

1366 492 1626 551 EUSEBII
1661 490 2118 548 CESANENSIS
2151 488 2297 544 OPP.
2337 485 2509 541 PARS
2544 484 2630 541 111.
2669 513 2736 525 -
2768 481 3160 538 EXEGE'I'ICA.
3749 475 3839 530 864

722 626 793 680 qu
809 625 880 668 3m
916 611 1006 664 lilii
1048 608 1207 664 Israel
1242 617 1358 679 post
1404 609 1600 676 Moysis
1644 616 1888 669 mortem,
1909 604 2043 657 duce
2086 601 2229 663 Jesu.

2329 600 2426 668 τὴν
2471 599 2680 670 μνήμην
2711 598 2908 664 λέγων·
2945 595 3024 648 Σὺ
3052 591 3350 661 όιέρῤηξας
3379 589 3568 680 {artic
3599 590 3695 642 και
3738 609 3836 658 χει-

721 703 1042 757 ειρίεειιυω
1088 700 1308 770 pedibus
1353 702 1698 755 transienmt.
1724 695 1819 750 Est
1849 702 2024 747 autem
2069 692 2236 759 ﬁgura

722 792 1032 861 periteptica,
1077 807 1195 862 quae.
1243 807 1339 861 pro
1382 789 1640 859 singulari
1689 785 1947 855 pluralem
2001 781 2231 836 adhibet.

723 881 909 936 Etbam
956 896 1084 936 vero
1126 881 1340 949 Aquila,
1377 879 1568 932 solidos
1617 876 1836 944 ﬂuvios;
1885 870 2234 941 Symmachus

723 977 918 1035 autem,
941 971 1201 1038 antiquos.
1227 968 1412 1021 edidit.
1445 966 1567 1020 Haec
1591 965 1803 1034 quidem
1829 961 2117 1017 secundum
2149 959 2236 1012 lit-

722 1066 885 1110 teram
913 1057 1053 1111 dicta
1083 1059 1209 1111 sint.
1243 1056 1464 1124 Tr0pice
1492 1061 1664 1109 autem
1690 1051 1953 1120 loquendo
1989 1050 2100 1103 haec
2121 1049 2234 1100 loca

720 1146 912 1201 referet
943 1149 1206 1215 quispiam
1235 1147 1300 1198 ad
1333 1144 1567 1199 occultas
1593 1151 1646 1197 et
1675 1141 1964 1195 invisibiles
1989 1140 2233 1198 virtutes,

717 1235 1072 1306 dicetqueeas
1103 1251 1223 1290 esse
1253 1236 1537 1298 dracones,
1568 1241 1624 1286 ut
1655 1233 1741 1286 hic
1773 1239 2057 1294 vocantur;
2090 1244 2235 1282 mare

720 1332 894 1379 autem
935 1327 1138 1394 tropice
1180 1334 1472 1393 sumptum,
1500 1339 1683 1379 eorum
1711 1337 1830 1376 esse
1870 1321 2190 1373 domicilium
2217 1337 2233 1384 ;

719 1415 1103 1482 perdraconem
1120 1431 1244 1469 vero
1255 1416 1416 1470 multa
1430 1413 1606 1482 capita
1625 1413 1924 1473 habentem,
1945 1412 2231 1480 principem

720 1491 1070 1572 malignorum
1113 1505 1396 1573 spirituum
1443 1503 1702 1557 indicari:
1748 1502 1813 1556 ad
1843 1517 1999 1570 quem
2041 1500 2233 1553 dixerit

719 1592 980 1662 quispiam
1013 1593 1122 1646 haec
1154 1593 1416 1662 pertinere
1449 1613 1460 1646 :
1506 1591 1579 1644 Tu
1609 1592 2086 1659 confregisticapita
2113 1590 2233 1642 dra-

717 1683 884 1740 conis,
913 1679 1100 1734 dedisti
1135 1697 1247 1733 eum
1274 1696 1437 1733 escam
1477 1681 1676 1746 populis
1711 1676 2056 1745 Ethiopibus.
2084 1677 2234 1742 Qua:-

719 1779 801 1822 ret
830 1769 964 1823 idem
987 1770 1199 1835 quinam
1231 1768 1506 1838 JEthiopes
1532 1768 1794 1837 allegoria:
1828 1783 1974 1821 more
2017 1766 2230 1830 fuerint,

717 1860 962 1927 dicetque
985 1873 1077 1912 eos
1100 1874 1219 1914 esse
1245 1859 1336 1928 qui
1366 1859 1542 1912 anima
1579 1865 1704 1912 sunt
1729 1858 1900 1926 nigra,
1929 1870 2105 1925 quosa
2126 1871 2234 1910 me—

716 1955 921 2002 morato
950 1947 1184 2002 dracone
1216 1946 1419 2001 comedi
1449 1949 1543 2012 ait,
1562 1946 1849 2012 eademque
1891 1943 2232 2013 proportione

715 2043 832 2099 qua
867 2035 902 2086 ii
945 2035 1035 2104 qui
1082 2036 1335 2090 salutaris
1365 2034 1523 2089 Verbi
1566 2049 1758 2088 carnes
1793 2032 2115 2087 comedunt:
2147 2031 2232 2085 bis

715 2130 1106 2190 consequenter
1129 2121 1301 2176 fontes
1326 2123 1566 2192 diruptos
1594 2121 1646 2175 in
1689 2131 1952 2176 torrentes
1981 2127 2034 2173 et
2058 2119 2232 2174 sicca-

714 2216 800 2262 tos
846 2209 1054 2270 ﬂuvios,
1085 2211 1290 2279 trapico
1322 2199 1444 2266 item
1492 2225 1638 2265 more
1679 2211 1942 2279 explicare
1988 2205 2228 2262 tentabit.

717 2295 946 2350 Setinos
971 2305 1244 2366 postquam
1276 2314 1338 2354 ea
1379 2299 1442 2352 ad
1466 2300 1692 2353 litteram
1713 2296 2132 2368 Explauavimus,
2166 2294 2231 2350 ad

714 2391 904 2439 cetera
935 2395 1286 2443 transeamus.
1317 2387 1447 2443 Cum
1471 2388 1793 2442 declarasset
1822 2387 2074 2457 propheta
2100 2400 2231 2455 qua-

714 2474 787 2526 lia
830 2475 1084 2530 miracula
1135 2476 1275 2532 Deus
1303 2487 1426 2530 ante
1473 2477 1664 2530 saecula
1707 2491 1795 2530 rex
1844 2475 2090 2538 ediderit,
2118 2475 2228 2529 hinc

713 2563 870 2616 etiam
899 2565 1079 2632 adjicit
1105 2584 1118 2620 :
1152 2565 1293 2618 Tuus
1318 2575 1392 2618 est
1420 2566 1547 2626 dies,
1570 2575 1616 2619 et
1642 2555 1738 2618 tua
1757 2574 1832 2617 est
1862 2581 1983 2619 nox.
2008 2564 2226 2618 Tantam

713 2655 907 2721 quippe
964 2669 1139 2706 rerum
1191 2657 1533 2708 mutationem
1583 2662 1637 2707 tu
1693 2656 1841 2708 solus
1892 2655 2228 2722 omnipotens

712 2748 963 2809 operatus
1004 2758 1081 2796 es.
1124 2743 1573 2809 Quemadmodum
1623 2744 1761 2799 enim
1792 2744 1940 2797 ﬁrma
1988 2751 2135 2812 petra
2174 2743 2226 2796 in

716 2828 930 2884 ﬂuidam
966 2835 1240 2887 materiam
1272 2849 1550 2897 conversa,
1589 2834 1759 2888 fontes
1787 2841 1838 2889 et
1864 2842 2129 2888 torrentes
2162 2848 2224 2886 ex

715 2922 828 2989 ipsa
855 2921 1097 2984 effecisti,
1132 2939 1194 2976 ac
1224 2940 1436 2978 rursum
1477 2924 1759 2978 ﬂuviorum
1800 2924 2004 2977 alveum
2035 2937 2065 2975 e
2100 2937 2227 2975 con-

713 3009 879 3062 trario
924 3011 1229 3074 exsiccasti,
1274 3013 1346 3063 ita
1379 3017 1431 3064 et
1472 3010 1608 3064 diem
1641 3011 1896 3064 arbitratu
1923 3017 2014 3062 tuo
2047 3009 2100 3062 in
2132 3024 2226 3062 no-

713 3108 851 3153 ctem
871 3101 1064 3164 vertis,
1089 3108 1248 3168 atque
1267 3115 1478 3153 rursum
1512 3109 1718 3153 noctem
1743 3099 1796 3154 in
1821 3099 1959 3154 diem
1990 3114 2225 3153 commu-

712 3196 824 3242 tas:
860 3187 974 3256 ipse
1018 3188 1298 3242 luminaria
1337 3197 1389 3242 et
1412 3196 1555 3248 astra
1587 3186 1641 3242 in
1668 3189 1804 3242 coelo
1841 3175 2019 3243 lucere
2053 3187 2221 3242 fecisti
2247 3207 2292 3267 ρ

709 3278 818 3341 eis;
847 3277 942 3331 soli
969 3293 1184 3332 cursum
1218 3293 1375 3333 suum
1405 3279 1709 3348 assignasti,
1748 3279 2098 3347 omnibusque
2119 3287 2224 3332 ter-

711 3367 887 3421 minos
923 3369 1265 3432 constituisti,
1310 3375 1364 3422 et
1411 3369 1564 3438 quasi
1609 3367 1836 3422 conﬁnia
1885 3367 2222 3431 distribuisti,

714 3457 945 3532 aimique
979 3463 1322 3526 tempestates
1360 3473 1454 3526 per
1481 3473 1639 3513 omne
1681 3458 1931 3514 saeculum
1970 3457 2146 3513 varias
2170 3457 2226 3511 in

712 3546 975 3600 sectiones
1005 3547 1253 3602 divisisti.
1284 3545 1554 3615 Siquidem
1576 3563 1696 3600 cum
1718 3561 1882 3600 unum
1906 3545 1977 3601 sit
1998 3555 2223 3614 tempus,

711 3650 818 3699 upa
858 3643 910 3688 et
932 3635 1116 3690 eadem
1145 3637 1292 3690 orbis
1331 3637 1611 3701 revolutio,
1635 3643 1712 3698 tu,
1740 3635 1900 3698 Deus,
1930 3636 2019 3704 qui
2049 3635 2226 3688 omnia

712 3729 900 3790 potes,
942 3724 1106 3776 variis
1155 3724 1594 3780 conversionibus
1643 3731 1810 3778 totum
1862 3721 2222 3778 distribuisti:

710 3815 946 3864 atatem
979 3813 1088 3866 veri
1112 3811 1357 3880 junxisti,
1382 3827 1496 3866 eam
1525 3820 1781 3866 autumno
1806 3810 2227 3879 circumscripsi-

713 3901 804 3959 sti,
835 3900 1074 3969 byemem
1099 3916 1222 3955 vere
1246 3901 1541 3955 terminasti
1567 3920 1580 3953 :
1610 3900 1721 3956 haec
1750 3900 1943 3969 quippe
1964 3899 2146 3953 omnia
2167 3906 2224 3952 tu

715 3988 982 4049 formasti.
1009 3987 1266 4052 Quoniam
1316 3991 1473 4060 igitur
1503 3999 1578 4051 tu,
1606 3992 1696 4059 qui
1723 4004 1753 4042 a
1789 3991 1982 4043 saeculo
2008 3995 2062 4042 et
2104 3995 2227 4043 ante

713 4078 968 4131 saeculum
1005 4091 1096 4131 rex
1142 4088 1317 4134 noster
1349 4095 1428 4142 es,
1449 4081 1573 4133 talia
1620 4079 1874 4132 miracula
1903 4087 1957 4132 et
1993 4077 2226 4147 prodigia

711 4167 889 4230 edere,
915 4176 1074 4237 atque
1125 4175 1218 4224 tuo
1260 4177 1391 4222 nutu
1439 4169 1724 4223 constituta
1747 4184 1813 4222 ex
1860 4167 2142 4221 contrariis
2171 4167 2226 4220 in

711 4258 981 4311 contraria
1004 4266 1212 4312 vertere
1240 4257 1414 4318 soles;
1444 4257 1633 4310 merito
1669 4257 1780 4324 jam
1828 4255 2225 4325 supplicationi-

711 4345 812 4400 bus
832 4361 1035 4399 annuas
1066 4347 1265 4399 nostris
1309 4360 1594 4415 rogamus:
1626 4353 1679 4398 et
1703 4361 1896 4398 memor
1936 4353 2043 4398 esto
2071 4343 2225 4410 hujus

712 4435 831 4502 (pro
854 4435 942 4488 illo
968 4435 1141 4502 hujus,
1162 4433 1528 4505 Symmachus,
1545 4434 1670 4515 lites,
1689 4436 2064 4501 interpretatus
2083 4432 2184 4500 est)
2207 4447 2222 4494 ;

2328 686 2599 754 μάρῤουςο
2626 688 2697 738 0'3
2744 686 2849 755 γὰρ
2891 683 3118 752 Μωσῆς,
3167 681 3346 751 φησιν,
3391 677 3458 752 ἦν
3489 683 3520 734 ὁ
3553 683 3619 750 τῇ
3681 680 3834 750 ράσάρ

2329 776 2497 845 τύψας
2535 772 2630 846 τὴν
2671 776 2868 845 πέτραν
2919 775 3010 828 καὶ
3049 771 3322 840 ἐξαγαγὼν
3361 771 3418 835 ὲξ
3460 771 3628 840 αὐτῆς
3677 773 3835 840 πηγὰς

2332 869 2422 919 καὶ
2452 867 2799 938 χειμάρρνυς·
2837 863 3058 925 anno
3094 859 3252 933 ἦσθα,
3281 861 3470 925 ὁΘεδς,
3502 863 3532 914 6
3565 861 3731 914 ταῦτα
3761 861 3833 914 διὰ

2337 953 2571 1014 Μωσέως
2628 950 3070 1019 παραδοξοποιῶν.
3105 952 3211 1004 Καὶ
3237 951 3295 1002 τὸ
3314 950 3685 1020 ἐπιλεγόμενον
3707 949 3758 1002 δὲ
3785 953 3833 1002 ὲν

2329 1040 2424 1110 τῷ,
2449 1042 2528 1095 Σὺ
2557 1041 2844 1108 ἐξῆραν-ας
2876 1041 3165 1110 ποταμοὺς
3203 1041 3392 1110 Ἠθὰμ,
3438 1041 3747 1111 ἀναφέροιτο
3778 1041 3833 1093 ἂν

2331 1131 2421 1181 ἐπὶ
2456 1130 2542 1182 τὸν
2580 1131 2856 1200 Ἰορδάνην,
2900 1130 2956 1182 ὃν
3002 1131 3426 1202 ἀποξηρανθέντα
3469 1131 3675 1202 διῆλθον
3727 1133 3834 1184 ποσὶ

2335 1218 2467 1287 μετὰ
2494 1220 2590 1288 τὴν
2615 1221 2846 1283 Μωσέως
2887 1221 3130 1290 τελευτὴν
3159 1225 3205 1275 οἱ
3239 1223 3338 1274 υἱοὶ
3371 1221 3596 1292 Ἰσραὴλ,
3619 1222 3833 1291 ἡγουμέ-

2333 1325 2418 1360 νου
2445 1309 2617 1360 αὐτῶν
2660 1310 2847 1380 Ἰησοῦ.
2886 1310 3036 1363 Ἔστι
3065 1312 3120 1362 δὲ
3147 1315 3173 1365 ό
3198 1313 3390 1384 τρόπος
3415 1313 3830 1381 περιληπταὸς,

2331 1398 2447 1450 ἀντὶ
2477 1400 2566 1451 τοῦ
2598 1399 2771 1452 ἑνικοῦ
2805 1401 3166 1470 πληθυντικῶς
3197 1404 3662 1473 προενηνεγμένος.
3696 1403 3763 1454 Τὸ
3788 1403 3833 1454 δὲ

2343 1486 2533 1555 Ἠθάμ,
2565 1490 2593 1540 ό
2639 1490 2734 1558 μὲν
2767 1489 2989 1551 Ἀκύλας
3035 1491 3308 1559 στερεοὺς
3351 1492 3647 1560 ποταμοὺς
3679 1491 3832 1560 ἡρμή-

2330 1593 2529 1640 νευσεν,
2559 1581 2588 1632 6
2615 1579 2670 1630 δὲ
2696 1580 2975 1649 Σύμμαχος
3002 1579 3296 1646 ἀρχαίους.
3331 1583 3432 1634 Καὶ
3461 1581 3629 1634 ταῦτα
3657 1583 3748 1651 μὲν
3772 1582 3834 1644 ὡς

2331 1667 2459 1735 πρὸς
2489 1667 2582 1736 τὴν
2620 1668 2760 1733 λέξιν
2793 1668 3040 1739 εἰρήσθω.
3065 1669 3340 1738 Τροπικῶς
3377 1671 3421 1723 δ’
3457 1672 3521 1725 ἄν
3559 1689 3640 1733 τις
3663 1670 3832 1724 ὲπιὸαι

2329 1756 2431 1807 λὼν
2457 1760 2564 1818 τοῖς
2588 1757 2764 1820 τόποις
2799 1758 2994 1812 ἀνοίσει
3034 1758 3200 1812 ταῦτα
3235 1759 3323 1811 ἐπὶ
3350 1759 3599 1829 δυνάμεις
3634 1761 3833 1828 ἀφανεῖς

2330 1846 2420 1895 καὶ
2442 1844 2715 1912 ἁοράτους,
2740 1846 2903 1908 αὐτὰς
2923 1842 3056 1900 εἶναι
3080 1846 3244 1913 λέγων
3269 1847 3388 1908 τοὺς
3412 1847 3697 1916 δράκοντας
3725 1849 3831 1908 τοὺς

2329 1934 2553 1987 ἐνταῦθα
2589 1937 3018 2006 ὠνομασμένους⁶
3069 1937 3332 1991 θάλασσάν
3378 1956 3436 1991 τε
3468 1939 3743 2010 τροπικῶς
3783 1942 3832 1992 τὸ

2327 2025 2522 2078 τούτων
2552 2028 2870 2098 οἰκητήριον,
2908 2030 3064 2083 αὐτόν
3093 2047 3149 2082 τε
3193 2030 3281 2082 τὸν
3309 2029 3538 2100 ἄρχοντα
3570 2032 3672 2082 τῶν
3692 2048 3832 2100 πονη-

2329 2115 2434 2184 ρῶν
2475 2116 2786 2184 πνευμάτων
2837 2120 3182 2188 σημαίνεσθαι
3227 2119 3314 2173 διὰ
3356 2121 3448 2173 τοῦ
3487 2122 3830 2191 πολυκεφάλου

2326 2204 2606 2274 δράκοντος
2624 2222 2636 2233 ο
2676 2207 2797 2275 περὶ
2823 2202 2882 2261 οὗ
2912 2209 3094 2277 φήσειέ
3115 2226 3194 2271 τις
3225 2211 3463 2280 εἰρῆσθαι
3489 2211 3570 2273 τὸ,
3596 2212 3674 2264 Σὺ
3699 2227 3829 2265 συν-

2325 2292 2578 2356 ἐθλιισας
2603 2292 2704 2358 τὰς
2727 2296 2984 2362 κεφαλὰς
3003 2297 3105 2349 τοῦ
3141 2297 3476 2364 δράκοντος,
3503 2299 3717 2368 ἔδωκας
3743 2304 3830 2354 αὐ-

2326 2378 2428 2432 τὸν
2443 2379 2646 2448 βρῶμα
2675 2381 2842 2447 λαοῖς
2862 2382 2983 2449 τοῖς
3007 2383 3250 2452 Αἰθίοψι.
3290 2387 3515 2456 Ζητήσει
3540 2389 3653 2441 δὶὸ
3679 2390 3831 2441 τοιοῦ-

2325 2487 2411 2531 τος
2436 2470 2526 2523 καὶ
2557 2471 2702 2534 τινὰς
2727 2471 2978 2534 Αἰθίοπας
3020 2473 3094 2543 (l)
3133 2475 3308 2543 νόμοις
3353 2474 3687 2546 ἀλληγορίας,
3724 2479 3830 2538 τοὶς

2329 2560 2423 2621 τὰς
2456 2560 2625 2628 ψυχὰς
2657 2559 3128 2633 μεμελανωμένους
3157 2564 3374 2631 φάσκων
3400 2560 3553 2618 εἶναι·
3577 2566 3665 2629 οὓς
3685 2566 3735 2618 δὲ
3752 2568 3831 2618 καὶ

2324 2645 2516 2697 ἐσθίειν
2562 2649 2674 2718 ἐρεῖ
2712 2649 2799 2701 τὸν
2844 2650 3195 2720 πφλεχθέντα
3246 2652 3536 2722 δράκοντα,
3583 2654 3829 2720 ἀναλόγως

2323 2737 2429 2798 τοῖς
2454 2737 2680 2790 ἐσθίουσι
2710 2739 2801 2792 τοῦ
2834 2742 3090 2811 σωτηρίου
3132 2742 3297 2810 Λόγου
3331 2743 3426 2805 τὰς
3459 2745 3685 2813 σάρκας’
3719 2745 3831 2795 dm-

2322 2822 2517 2886 λούθως
2546 2826 2602 2878 δὲ
2643 2827 2844 2892 τούτοις
2883 2830 2973 2884 καὶ
3015 2833 3573 2903 πηγὰς.ρηγνυμένας
3620 2835 3695 2896 εἰς
3735 2851 3831 2902 χει-

2326 2913 2559 2984 μάρρους
2591 2918 2681 2969 καὶ
2713 2921 2980 2990 ποταμοὺς
3025 2922 3539 2992 ἀποξηραινομένους
3582 2924 3827 2994 τροπικῶς

2322 3002 2599 3055 ἀποδοῦναι
2648 3008 2976 3076 πειράσεται.
3021 3010 3154 3062 Ἀλλ’
3187 3010 3360 3079 ἡμεῖς,
3399 3010 3531 3081 πρὸς
3576 3012 3710 3077 λέξιν
3746 3013 3830 3082 τὴν

2322 3091 2549 3147 διάνοιαν
2592 3096 3008 3161 ἀποδεδωκότες,
3055 3100 3145 3151 ἐπὶ
3191 3099 3258 3152 τὰ
3304 3099 3426 3170 ἑξῆς
3467 3101 3824 3173 διαδησάμεθσ.

2323 3183 2672 3254 Παραστήσας
2715 3185 2743 3238 ὁ
2788 3188 3064 3259 προφήτης
3101 3191 3253 3242 ὁποῖα
3289 3191 3563 3260 εἴργασται
3603 3192 3830 3262 θαύματα

2320 3273 2348 3323 6
2390 3272 2493 3339 πρὸ
2535 3274 2737 3328 αἰώνων
2775 3275 3015 3344 βασιλεὺς
3040 3276 3188 3340 Θεὸς,
3226 3277 3303 3331 ἔτι
3347 3279 3438 3332 καὶ
3481 3279 3648 3335 ταῦτα
3679 3298 3828 3352 1:906-

2320 3358 2495 3428 τίθησι
2521 3360 2715 3426 λέγων·
2743 3361 2825 3427 Σή
2861 3362 3026 3415 ἐστιν
3057 3363 3095 3429 ἠ
3140 3363 3345 3431 ἡμέρα,
3368 3365 3458 3417 καὶ
3485 3365 3577 3438 ’σή
3616 3366 3774 3438 ἐστιν
3796 3368 3828 3431 ὴ

2320 3447 2450 3511 νύξ.
2482 3448 2590 3520 Τὴν
2611 3447 2718 3519 γὰρ
2742 3449 3004 3520 τοσαύτην
3041 3449 3147 3504 τῶν
3189 3434 3522 3523 πραγμάτων
3559 3436 3830 3524 μεταϐολὴν

2324 3540 2384 3591 σὺ
2421 3539 2575 3608 μόνος
2605 3540 2634 3590 ό
2660 3531 3050 3611 παντοδύναμος
3080 3541 3332 3611 εἰργάσω.
3362 3541 3448 3605 Ὠς
3473 3541 3580 3614 γὰρ
3610 3544 3700 3614 τήν
3728 3560 3832 3597 στε-

2323 3627 2532 3698 ρέμνιον
2555 3627 2752 3701 πέτραν
2771 3631 2848 3692 είς
2864 3630 3086 3702 ῥευστὴν
3108 3632 3291 3685 οὐσίαν
3316 3631 3646 3701 μεταϐαλὼν,
3667 3632 3832 3702 πηγὰς

2322 3714 2413 3767 καὶ
2437 3717 2754 3786 χειμάρρους
2792 3718 2849 3784 ἐξ
2891 3718 3055 3788 αὐτῆς
3077 3719 3331 3791 εἰργάσω,
3351 3723 3444 3774 καὶ
3500 3721 3752 3774 ἀνάπαλιν
3773 3722 3831 3773 τὰ

2321 3806 2424 3860 τῶν
2460 3809 2709 3878 ποταμῶν
2742 3808 2976 3878 ῥεύματα
3027 3812 3104 3870 εἰς
3137 3811 3198 3863 τὸ
3239 3811 3473 3863 ἐναντίον
3515 3813 3829 3882 καταστήσας

2323 3897 2612 3969 ὲξήρανας·
2642 3899 2781 3951 οὕτω
2830 3901 2920 3952 καὶ
2957 3899 3053 3970 τὴν
3094 3900 3302 3970 ἡμέραν
3339 3902 3426 3953 ὅτε
3465 3901 3632 3964 θέλεις
3663 3917 3828 3953 νυκτι-
3858 3897 3865 3903 ’

2322 3989 2507 4049 ποιεῖς,
2536 3986 2763 4056 ἔμπαλίν
2792 4004 2851 4040 τε
2892 3987 2987 4057 τὴν
3023 3988 3188 4040 νύκτα
3229 3989 3578 4058 μετατρέπεις
3613 3991 3687 4051 εὶς
3711 3989 3829 4058 ἠμέ-

2324 4089 2450 4142 ραψ
2489 4074 2645 4138 αὐτὸς
2672 4075 2764 4128 καὶ
2803 4078 3082 4148 (ζωστῆρας
3116 4079 3172 4128 ἐν
3205 4077 3414 4148 ούρανῷ
3464 4077 3828 4148 κατηστέρισας

2321 4162 2517 4226 αὐτοῖς,
2544 4165 2634 4217 καὶ
2656 4165 2788 4235 ήλίῳ
2808 4163 3041 4229 διέταξας
3059 4165 3302 4236 δρόμους,
3332 4167 3487 4235 ὅρους
3508 4183 3568 4218 τε
3590 4167 3662 4237 τῷ
3687 4167 3826 4218 παντὶ

2322 4251 2694 4323 νομοθετήσας,
2719 4254 2899 4326 ὥσπερ
2938 4254 3211 4326 μεθορίους
3238 4254 3430 4319 διείλας
3455 4256 3546 4307 τὸν
3568 4256 3826 4326 σύμπαντα

2322 4341 2487 4396 αίῶνα
2539 4345 3002 4415 κατακερματίσας
3049 4347 3121 4408 εἰς
3163 4346 3386 4415 διάφορα
3429 4347 3685 4416 τμήματα
3719 4346 3826 4405 τοπ

2322 4429 2413 4483 τοῦ
2457 4432 2648 4494 παντὸς
2677 4432 2916 4486 ἐνιαυτοῦ
2973 4435 3206 4504 καιρούς.
3244 4435 3386 4497 Ἐνὸς
3417 4435 3523 4504 γὰρ
3566 4436 3708 4511 barro;
3743 4431 3824 4484 τοῦ

713 4539 1094 4591 precamurque
1134 4532 1191 4577 ut
1235 4525 1491 4576 malorum
1541 4514 1658 4592 qua:
1714 4523 1867 4576 nobis
1918 4520 2224 4574 acciderunt

2325 4521 2528 4589 χρόνου,
2566 4522 2764 4591 καὶτῆς
2809 4522 2900 4575 τοῦ
2941 4524 3130 4586 παντὸς
3161 4524 3568 4595 ἀνακυκλήσεως
3598 4525 3718 4592 μιᾶς
3748 4523 3825 4573 καὶ

711 4613 1061 4667 mutationem
1089 4612 1302 4667 eiiicias.
1346 4612 1448 4665 Pro
1491 4613 1580 4674 illo
1627 4621 1822 4673 autem,
1853 4610 1928 4662 Tu
1949 4610 2228 4677 fabricatus

2330 4609 2425 4678 τῆς
2455 4611 2618 4680 αὐτῆς
2652 4610 2832 4681 οὔσης,
2871 4611 2933 4664 σὺ
2974 4613 3002 4664 6
3037 4611 3204 4666 πάντα
3229 4614 3445 4676 δυνατὸς
3470 4614 3600 4675 Θεὸς
3628 4613 3825 4683 τροπαῖς

708 4715 763 4753 ιε
793 4717 1038 4753 auroram
1063 4710 1111 4755 st
1132 4704 1311 4764 soiem,
1335 4703 1544 4770 Aquila,
1569 4701 1645 4755 Tu
1666 4701 1970 4770 preparasti
1999 4699 2220 4752 lumina-

2325 4698 2586 4767 διαφόροις
2620 4696 2810 4758 διεῖλας
2845 4697 2906 4749 τὸ
2945 4699 3067 4762 πᾶν,
3114 4699 3263 4771 θέρος
3303 4701 3399 4771 μὲν
3429 4699 3547 4768 ἔαρι
3593 4698 3823 4766 συνάψας.

711 4803 765 4840 re
789 4797 837 4839 et
859 4790 1038 4850 solens,
1067 4789 1442 4857 interpretatus
1472 4801 1570 4844 est.

2325 4787 2482 4857 τούτῳ
2499 4788 2553 4840 δὲ
2576 4786 2879 4857 μετόπωρον
2909 4789 3260 4859 περιγράψας,
3277 4785 3511 4858 χειμῶνά
3530 4804 3588 4838 τε
3611 4790 3827 4857 περιορί-

711 4893 806 4937 σας
828 4877 942 4945 ἔαρι
961 4892 974 4904 '
1014 4878 1184 4930 πάντα
1208 4879 1312 4947 γὰρ
1330 4879 1491 4930 ταῦτα
1524 4882 1585 4932 σὺ
1608 4879 1856 4942 ἔπλασας.
1888 4879 2034 4932 Ἐπεὶ
2056 4880 2226 4931 τοίνυν
2267 4881 2326 4930 ὠ
2353 4881 2380 4930 6
2403 4878 2461 4942 ἐξ
2481 4879 2665 4939 αἰῶνος
2693 4878 2782 4928 καὶ
2805 4877 2905 4946 πρὸ
2923 4878 3113 4941 αἰῶνος
3151 4878 3395 4948 βασιλεὺς
3430 4876 3582 4946 ήμῶν
3629 4877 3829 4929 τοιαῦτα

710 4968 950 5034 πέφυκας
975 4967 1348 5035 μεγαλουργεδ
1377 4969 1468 5020 καὶ
1489 4969 1931 5036 παραδοξοποιεῖν,
1970 4969 2307 5038 μεταδιὰλλειν
2329 4985 2386 5021 τε
2417 4971 2480 5022 ἐκ
2503 4967 2609 5021 τῶν
2630 4966 2876 5020 ἐναντίων
2911 4970 2989 5030 εἰς
3022 4969 3088 5020 τὰ
3111 4967 3325 5022 ἐναντία
3351 4966 3417 5019 τὰ
3481 4966 3554 5034 τῷ
3623 4967 3697 5035 σῷ
3728 4981 3826 5016 νευο

711 5071 834 5122 ματι
860 5056 1257 5124 παριστάμεναή
1275 5058 1488 5119 εἰκότως
1503 5055 1871 5122 ἀντιϐολοῦμεν
1926 5059 2017 5111 καὶ
2037 5057 2129 5110 νῦν
2166 5060 2282 5118 ταῖς
2317 5058 2596 5127 ήμετέραις
2641 5055 2930 5126 ἱκετηρίαις
2962 5057 3253 5117 ἐπινεῦσαι,
3295 5053 3590 5124 μνησθῆναί
3621 5073 3678 5107 τε
3717 5050 3827 5107 ταύ-

709 5161 804 5213 της
833 5147 971 5211 (ἀντὶ
993 5145 1050 5196 δὲ
1079 5145 1191 5206 τοῦ,
1220 5149 1454 5214 ταύτης,
1483 5147 1662 5200 ταῦτα
1715 5149 1746 5198 ὁ
1807 5148 2092 5217 Σύμμαχος
2126 5147 2476 5217 ήρμήνευσεν)
2505 5163 2519 5177 ο
2571 5149 2714 5209 ὅπως
2761 5146 2854 5199 καὶ
2897 5147 2979 5214 ἐφ’
3021 5145 3174 5216 ήμῶν
3228 5144 3516 5214 μεταϐολὴν
3567 5147 3822 5216 ποιήσειας

711 5231 812 5283 τῶν
852 5233 1355 5302 προκαταλαϐόντων
1395 5239 1534 5307 ἡμᾶς
1571 5239 1768 5291 κακῶν.
1821 5239 1962 5291 Ἀντὶ
2014 5239 2071 5292 δὲ
2114 5237 2225 5300 τοῦ,
2298 5238 2378 5291 Σὺ
2409 5241 2732 5309 κατηρτίσω
2764 5239 2986 5307 φαῦσιν
3031 5238 3126 5291 καί
3179 5237 3369 5304 ἣλιον,
3414 5239 3443 5292 6
3479 5240 3720 5304 Ἀκύλας,
3751 5235 3820 5290 Σὺ

711 5323 1029 5387 ἡτοίμασας
1058 5325 1330 5393 φωστῆρα
1355 5331 1449 5380 καὶ
1478 5328 1650 5395 ἥλιον
1679 5333 2029 5400 ήρμήνευσεν.

780 5410 938 5466 γωδ.
966 5414 1052 5475 iii,
1069 5416 1254 5470 19-21.
1272 5420 1518 5472 Inimicus
1535 5422 1894 5489 improperavit
1916 5422 2156 5483 Domino,
2169 5433 2220 5476 et

711 5500 924 5565 populus
951 5501 1192 5566 insipiens
1223 5507 1452 5559 incitavit
1479 5524 1659 5561 nomen
1705 5520 1870 5564 tuum.
1909 5507 1990 5563 Ns
2041 5510 2220 5562 tradas

711 5588 885 5641 bestiis
915 5592 1145 5642 animam
1182 5596 1499 5662 conﬁtentem
1530 5597 1638 5649 tibi.
1671 5596 1818 5650 Talia
1855 5609 1979 5652 sunt
2007 5599 2220 5653 inenar-

713 5677 892 5731 rabilis
942 5679 1149 5734 virtutis
1182 5691 1282 5738 tum
1313 5700 1490 5753 opera,
1527 5687 1700 5755 qualia
1747 5686 2069 5741 declaratum
2116 5692 2216 5739 est.

713 5765 909 5818 Horum
938 5776 992 5821 ut
1014 5768 1064 5822 in
1087 5773 1254 5825 nostri
1283 5776 1500 5839 gratiam
1524 5777 1817 5832 recorderis
1839 5779 2214 5846 supplicamus.

787 5885 858 5952 Η)
896 5887 974 5940 An
1006 5888 1280 5957 legendum
1313 5909 1448 5956 τινες
1482 5896 1932 5959 Αἰθίοπεςῗεωτ.

2397 5415 2630 5482 Ἐχθρὸς
2654 5411 2918 5468 ὠνείδισε
2957 5409 3036 5475 τῷ
3079 5413 3284 5478 Κυρίῳ,
3321 5413 3417 5466 καὶ
3457 5415 3604 5480 λαὸς
3644 5416 3820 5484 ἄφρων

2319 5504 2617 5572 παρώξυνε
2657 5503 2721 5554 τὸ
2762 5499 2942 5567 ὄνομά
2979 5515 3110 5554 σου.
3153 5501 3246 5567 Μὴ
3279 5503 3546 5569 παραδῷς
3587 5505 3704 5567 τοῖς
3735 5507 3817 5568 θη-

2311 5595 2460 5661 ρίοις
2495 5590 2700 5659 ψυχὴν
2737 5589 3278 5658 ἐξομολογουμένην
3303 5609 3420 5648 σοι.
3471 5573 3556 5645 Ῑὰ
3605 5593 3700 5660 μὲν
3737 5592 3816 5661 τῆς

2320 5683 2414 5750 σῆς
2471 5680 2831 5748 ἁνεκφράστου
2892 5681 3162 5749 δυνάμεως
3224 5681 3354 5752 ἔργα
3385 5683 3625 5735 ητοιαῦτά
3677 5699 3813 5742 τινα,

2318 5769 2469 5819 ὁποῖα
2512 5766 2790 5836 δεδήλωται
2827 5767 3088 5838 τυγχάνει.
3118 5771 3323 5822 Τούτων
3362 5768 3413 5821 δέ
3452 5783 3508 5820 σε
3545 5770 3815 5838 μνησθῆναι
