3966 6348
38 345 167 401 865
1190 353 1620 410 COMMENTARI

1713 355 1776 434 ιιι
1810 355 2138 413 PSALMOS.
2194 377 2198 381 ~
2287 375 2289 377 -
3121 360 3222 417 ses

40 465 152 518 καὶ
177 467 282 534 ἔφ’
312 467 463 537 ἡμῶν
492 468 810 540 ἱκετεύομεν.
845 471 1056 542 Ἐπειδὴ
1097 473 1187 525 καὶ
1220 473 1312 526 νῦν
1347 475 1396 527 οἱ
1439 474 1615 546 ἐχθροὶ

1713 473 1844 540 Quia
1866 475 1972 544 jam
2005 475 2202 529 inimici
2249 474 2535 544 hostesque
2560 476 2755 539 .nostri,
2797 491 2904 530 non
2945 476 3099 531 nobis
3138 476 3222 530 de-

40 554 151 606 καὶ
192 557 256 606 οι
294 555 552 626 πολέμιοι,
599 558 693 627 οὐχ
735 558 878 628 ἡμᾶς
924 559 1046 622 τοὺς
1095 561 1484 632 πολεμηθέντας
1525 563 1616 615 καὶ

1713 565 1921 620 bellatis
1965 566 2174 634 sibique
2207 565 2480 632 subjectis,
2509 563 2600 620 sed
2635 565 2729 628 tibi
2761 564 2872 621 Deo
2911 573 3096 621 nostro
3124 566 3224 618 im-

43 646 616 717 ὑποχειρίουςαὺτοῖς
635 649 961 718 γενομένους,
977 649 1106 702 ἀλλὰ
1136 652 1193 702 σὲ
1213 652 1300 706 τὸν
1317 650 1445 704 Θεὸν
1469 650 1616 722 ἡμῶν

1713 659 1995 723 properant
2021 673 2033 707 :
2061 659 2116 707 et
2135 653 2362 722 papulas
2391 654 2665 722 insipiens,
2688 655 2778 723 qui
2805 661 2858 707 te
2885 651 3047 706 Deum
3081 653 3222 721 igno-

39 733 418 799 όνειδίζουσι·
447 734 544 790 ’καὶ
575 737 698 800 λαὸς
716 738 896 808 ἄφρων
919 738 948 790 6
981 739 1039 791 σὲ
1065 740 1151 792 τὸν
1183 739 1311 793 Θεὸν
1345 741 1416 812 μὴ
1442 740 1613 807 εἰδὼς,

1713 751 1813 805 rat,
1845 743 2274 811 demonibusque
2319 757 2383 796 ac
2419 745 2701 798 multorum
2740 743 3015 800 numinum
3042 756 3224 795 errore

45 825 152 877 ἐπὶ
177 824 414 896 δαίμοσι.
442 827 497 880 δὲ
527 829 618 880 καὶ
661 827 900 897 πολυθέῳ
919 827 1089 900 πλάνῃ
1126 829 1486 899 καυχώμενος,
1522 831 1617 901 οὐχ

1713 832 1986 902 gloriatur,
2004 847 2112 886 non
2145 846 2261 895 nos,
2287 831 2380 886 sed
2408 839 2458 886 te
2484 841 2538 886 et
2565 846 2754 888 nomen
2779 838 2925 886 tuum
2961 830 3220 894 incitavit;

41 916 242 983 ἡμᾶς,
284 917 416 970 ἀλλά
447 917 504 971 σὲ
549 918 720 971 καὶτὸ
743 919 831 972 σὺν
857 919 1024 989 ὄνομα
1061 920 1400 990 παρώξυνενο
1433 917 1492 976 οὗ
1519 922 1616 992 χᾶ-

1713 909 2218 990 ἰιιοοέιψριὶοαιιιιιε
2243 929 2296 976 et
2329 936 2611 991 rogamus,
2643 937 2711 975 ne
2743 921 2946 975 animas
2973 918 3224 975 conﬁteno

48 1021 143 1071 ριν
208 1005 448 1074 δεόμεθα
483 1006 572 1060 καὶ
606 1004 976 1076 ἀπιὸολοῦμιν
997 1046 1012 1070 ,
1057 1008 1128 1078 μὴ
1168 1007 1405 1071 ἐκδότους
1441 1026 1616 1081 παρα-

1713 999 1842 1064 ιὶἰιιιι
1866 1011 1968 1064 tibi
1998 1011 2320 1065 immanibus
2355 1011 2485 1066 ieris
2513 1008 2784 1066 dedititias
2818 1009 3018 1072 tradas,
3052 1022 3224 1077 neque

39 1094 255 1148 δοῦναι
284 1099 398 1159 τοῖς
422 1097 643 1167 ἀπηνέσι
668 1095 826 1171 θηρσὶ
846 1098 942 1160 τὰς
963 1097 1134 1167 ψυχὰς
1157 1097 1261 1151 τῶν
1285 1099 1618 1168 ἐξομολογου-

1713 1114 1810 1154 nos
1845 1100 1897 1154 in
1922 1110 2229 1169 perpetuum
2251 1100 2604 1162 obliviscaris,
2626 1115 2698 1154 ne
2721 1099 3005 1158 bestiarum
3021 1089 3225 1154 animas

48 1186 252 1252 μένων
301 1204 402 1248 σοι,
438 1186 566 1256 μηδὲ
611 1186 774 1258 λήθην
818 1189 1130 1258 ποιήσασθαι
1155 1190 1232 1250 είς
1260 1188 1319 1241 τὸ
1343 1191 1613 1253 παντελὲς,

1713 1192 1968 1245 devorare
2026 1191 2304 1250 solitarum
2352 1205 2473 1245 esca
2518 1190 2803 1244 evadamus
2834 1207 2845 1242 :
2875 1188 3056 1256 quales
3100 1197 3225 1240 sunt

48 1272 131 1341 μὴ
169 1272 322 1343 βορὰ
339 1272 614 1342 γενώμεθα
635 1273 834 1343 θηρίων
858 1273 1030 1343 ψυχὰς
1058 1273 1249 1354 ἐσθίειν
1271 1268 1612 1340 πεφυκότων’έ

1713 1275 2023 1329 adversariae
2058 1284 2346 1344 potestates
2366 1315 2381 1341 ,
2411 1292 2529 1345 quae
2560 1276 2809 1331 humanis
2838 1275 3114 1330 animabus
3143 1275 3227 1328 in-

46 1362 257 1416 ὁποίαῑ
305 1365 436 1416 εἰσιν
479 1364 534 1416 αι
576 1362 934 1433 ἀντικείμεναι
977 1363 1241 1433 δυνάμεις,
1275 1364 1328 1414 αἱ
1369 1361 1475 1413 τῶν
1523 1361 1616 1429 ψυ-

1713 1364 1973 1420 sidiantur
2015 1380 2079 1419 ac
2112 1366 2305 1421 bellum
2336 1367 2572 1421 inferunt
2605 1387 2616 1421 :
2643 1369 2733 1422 sed
2777 1369 2964 1436 respice
2991 1367 3041 1418 in
3067 1376 3226 1419 testa-

49 1451 169 1518 χῶν
225 1451 340 1504 τῶν
386 1449 727 1520 ἀνθρωπίνων
769 1450 1034 1506 ιπίθουλοι
1087 1468 1146 1503 τε
1206 1452 1296 1504 καὶ
1339 1450 1612 1524 πολέμιοι·

1713 1463 1933 1505 mentum
1966 1461 2127 1515 tuum,
2158 1462 2210 1508 et
2243 1470 2447 1508 memor
2478 1464 2593 1508 esto
2613 1456 2755 1524 pacti
2783 1457 2881 1519 tui,
2913 1470 3017 1524 quo
3045 1454 3230 1508 huma-

49 1469 169 1518 χων
225 1469 340 1504 των
386 1469 727 1520 ανσρωπινων
769 1469 1033 1506 ιπιοουΑοι
1087 1469 1146 1503 τε
1206 1469 1296 1504 και
1339 1469 1559 1520 πολεμιο
1598 1469 1612 1481 ·

47 1539 200 1593 ἀλλὰ
225 1539 342 1609 γὰρ
369 1541 686 1607 “caedor
705 1542 790 1606 είς
802 1540 915 1607 τὴν
927 1537 1348 1608 διαθήπηνσου,
1367 1541 1459 1594 καὶ
1487 1469 1616 1610 twi-

1713 1469 1933 1505 mentum
1966 1469 2127 1515 tuum,
2158 1469 2210 1508 et
2243 1470 2447 1508 memor
2478 1469 2593 1508 esto
2613 1469 2755 1524 pacu
2783 1469 2881 1519 tui,
2913 1470 3017 1524 quo
3047 1469 3226 1508 numa-

1713 1556 1834 1597 num
1867 1559 2033 1612 genus
2064 1545 2267 1600 salvum
2300 1545 2472 1599 facere
2502 1546 2598 1599 tibi
2618 1547 2960 1614 complacuit,
2984 1561 3102 1599 cum
3128 1559 3226 1599 no-

47 1627 224 1696 σθητι
269 1629 372 1698 τῆς
409 1628 670 1700 συνθήκης
701 1646 814 1696 σου,
851 1631 919 1684 δι’
943 1627 1009 1703 ἦς
1046 1630 1341 1701 ηὑδόκησας
1374 1631 1538 1684 σῶσαι
1560 1632 1617 1684 τὸ

1713 1645 1832 1684 vum
1860 1631 1990 1700 ipsis
2033 1639 2403 1686 testamentum
2449 1649 2542 1702 per
2569 1633 2833 1688 Christum
2869 1642 3015 1687 tuum
3037 1632 3230 1701 elargi-

45 1717 164 1768 τῶν
189 1718 500 1790 ἀνθρώπων
522 1719 691 1786 γένος,
720 1719 906 1789 καινὴν
939 1719 1192 1789 διαθήκην
1215 1719 1389 1783 αὐτοῖς
1412 1719 1498 1772 διὰ
1522 1720 1613 1773 τοῦ

1713 1728 1797 1776 tus
1826 1736 1904 1776 es.
1924 1720 2142 1776 Etiamsi
2169 1723 2310 1776 enim
2330 1724 2540 1792 quidam
2567 1731 2710 1787 sunt,
2733 1731 2908 1778 mente
2935 1725 3226 1785 obscurati,

47 1806 310 1875 Χριστοῦ
347 1823 437 1859 σου
479 1807 856 1880 δεδωρημένος.
898 1809 958 1861 Et
1003 1808 1110 1879 γὰρ
1148 1810 1240 1861 καὶ⁵
1279 1809 1347 1862 τὰ
1390 1810 1615 1879 μάλιστα

1713 1813 1801 1880 qui
1843 1811 1993 1866 domo
2029 1813 2360 1882 iniquitatum
2402 1814 2586 1881 repleti
2639 1822 2789 1877 sunt,
2819 1827 2918 1867 nec
2955 1813 3226 1868 Christum

47 1897 329 1964 γεγόνασί
364 1915 506 1960 τινες
544 1899 903 1973 ἐσκοτωμένοι
944 1901 1040 1971 τὴν
1078 1900 1310 1954 διάνοιαν
1354 1902 1445 1954 καὶ
1476 1901 1615 1968 οἴκῳ

1713 1911 1856 1956 tuum
1887 1903 2182 1971 recipiunt;
2215 1911 2266 1955 at
2293 1909 2347 1956 tu
2371 1910 2548 1971 utpote
2581 1902 2717 1957 Deus
2739 1904 2972 1957 clemens
2995 1904 3225 1957 homini-

48 1987 331 2056 ἀνομιῶν
355 1990 777 2061 πεπληρωμένοι,
797 1998 800 2000 ⁷
819 1991 892 2062 μὴ
914 1989 1333 2061 παραδεξάμενοι
1365 1991 1456 2043 τὸν
1483 1991 1614 2059 Χρι-

1713 1991 1829 2052 bus,
1853 2006 2142 2060 pauperum
2165 2000 2378 2061 tuorum
2406 1992 2817 2062 supplicationes
2842 2008 2909 2046 ne
2944 1992 3225 2048 averseris.

51 2077 186 2128 στόν
221 2089 354 2141 σου,
397 2077 528 2131 ἀλλὰ
571 2080 633 2132 σὺ
667 2078 740 2142 ὥς
782 2079 1150 2151 φιλάνθρωπος
1194 2079 1320 2142 Θεὸς
1353 2078 1461 2132 τῶν
1509 2078 1615 2131 σῶν

1713 2079 1935 2147 Quinam
1972 2096 2097 2136 vero
2137 2097 2400 2151 pauperes
2431 2089 2578 2144 sunt,
2611 2083 2698 2150 qui
2730 2097 2825 2156 pro
2863 2081 3110 2136 universo
3140 2096 3228 2150 po-

51 2165 305 2235 πτωχῶν
344 2166 417 2237 μὴ
454 2168 796 2240 ἀποστραφῇς
826 2169 924 2233 τὰς
962 2170 1253 2242 ἱκετηρίας.
1285 2168 1437 2234 Τίνες
1467 2168 1512 2222 δ’
1551 2169 1615 2222 ἂν

1713 2169 1834 2240 pulo
1848 2170 1975 2222 talia
2001 2176 2305 2239 precantur,
2333 2170 2699 2240 nisidiscipuli
2731 2170 3028 2225 Servatoris
3057 2168 3226 2225 nostri

51 2251 171 2306 εἶεν
203 2257 262 2307 οε
295 2258 497 2326 πτωχοὶ
516 2258 564 2310 οἱ
608 2257 774 2313 ταῦτα
819 2260 956 2331 ὑπὲρ
991 2246 1185 2324 παντὸς
1216 2249 1495 2329 ἐὐχόμενοι
1521 2257 1614 2310 τοῦ

1713 2267 1760 2314 et
1796 2259 2042 2328 apostoli,
2071 2259 2265 2326 quibus
2292 2261 2567 2316 dicebatur
2596 2281 2608 2315 :
2642 2261 2790 2316 Beati
2819 2278 3062 2331 pauperes
3083 2263 3228 2330 spiri-

54 2343 217 2406 λαοῦ,
247 2345 363 2397 ἀλλ’
389 2347 554 2399 οιοτοῦ
577 2346 822 2418 Σωτῆρος
848 2348 1000 2419 ἡμῶν
1022 2350 1254 2419 μαθηταὶ
1279 2349 1370 2402 καὶ
1392 2349 1616 2400 ἀπόστο-

1713 2355 1784 2408 tu,
1812 2348 2054 2416 quoniam
2081 2356 2303 2401 oestrum
2350 2357 2427 2402 est
2469 2365 2681 2418 regnum
2730 2352 2969 2404 calorum
2997 2350 3081 2403 ³τῖ
3106 2349 3229 2404 Haec

54 2432 139 2485 λοι
202 2435 344 2505 πρὸς
391 2434 483 2498 οὓς
531 2435 776 2503 ἐλέγετο·
827 2436 1107 2506 Μακάριοι
1165 2441 1216 2491 ot
1271 2437 1484 2504 πτωχοὶ
1535 2435 1615 2500 τῷ

1713 2437 1849 2490 enim
1884 2434 2050 2490 Isaias
2085 2452 2150 2491 ex
2180 2453 2407 2507 persona
2435 2437 2635 2492 Christi
2658 2437 3042 2495 testiﬁcabatur
3072 2458 3086 2493 :
3119 2439 3230 2507 Spi-

59 2524 381 2592 πνεύματι,
411 2524 497 2577 ὅτι
529 2525 778 2594 ὑμετέρα
805 2528 972 2588 ἐστὶν
1002 2527 1343 2594 η’,βασιλεία
1376 2525 1491 2600 τῶν
1513 2526 1612 2579 οὐ-

1713 2528 1838 2580 ritus
1861 2525 2072 2579 Domini
2094 2543 2243 2594 super
2258 2543 2356 2590 me,
2373 2543 2432 2580 eo
2448 2526 2583 2596 quod
2609 2531 2813 2582 merit
2842 2545 2953 2589 me;
2977 2530 3229 2598 evangeli-

55 2611 303 2681 ρανῷν;
321 2613 537 2677 Τούτοις
559 2615 664 2687 γὰρ
685 2616 778 2669 καὶ
805 2616 1027 2678 Ἦσαῖας
1052 2615 1339 2686 ἐμαρτύρει
1364 2615 1427 2667 ὲκ
1454 2629 1616 2685 προσ-

1713 2630 1827 2669 sare
1852 2614 2157 2684 pauperibus
2195 2616 2334 2667 misit
2358 2632 2438 2668 me
2457 2616 2522 2669 “.
2549 2614 2611 2668 Hi
2638 2616 2818 2685 itaque
2852 2631 2949 2687 pro
2978 2617 3230 2672 universo

64 2708 219 2760 ώπου
251 2706 423 2775 λέγων
460 2707 551 2762 τοῦ
588 2708 844 2780 Χριστοῦ⁸
879 2707 1112 2776 Πνεῦμα
1137 2711 1350 2775 Κυρίου
1381 2707 1468 2760 ἐπ’
1493 2707 1612 2776 ἐμὲ,

1713 2707 1903 2777 populo
1930 2705 2306 2776 precabantur,
2339 2705 2476 2759 idem
2511 2704 2620 2760 fere
2653 2705 2892 2761 dicentes
2919 2705 3060 2775 quod
3090 2705 3222 2761 Pauo

65 2797 138 2854 οὗ
179 2800 417 2852 εἵνεκεν
459 2799 661 2868 ἐχρισέ
707 2816 802 2868 με,
840 2785 1327 2870 εὐαγγελίσασθαι
1370 2798 1616 2865 πτωχοῖς

1713 2800 1838 2852 lus:
1886 2796 2139 2864 Optabam
2174 2795 2446 2848 anathema
2483 2811 2591 2848 esse
2639 2811 2731 2862 pro
2784 2795 3030 2864 fratribus
3079 2797 3226 2860 meis,

67 2889 412 2958 ἀπέσταλκά
435 2907 528 2959 με.
563 2883 716 2944 Οὗτοι
749 2890 893 2958 γοῦν.
921 2889 1278 2961 ὑπερηύχοντο
1304 2889 1394 2942 τοῦ
1423 2889 1616 2951 παντὸς

1713 2889 1940 2960 cognatis
1962 2888 2085 2940 meis
2102 2885 2376 2940 secundum
2403 2891 2627 2955 carnem,
2644 2887 2732 2954 qui
2755 2896 2872 2940 sunt
2892 2884 3224 2939 Israelita”.

65 2979 220 3041 λαοῦ,
261 2979 536 3050 μονονουχὶ
565 2979 827 3050 φήσαντες
853 2979 919 3033 ἂν
947 2981 995 3033 οἱ
1025 2981 1219 3044 πάντες
1247 2979 1395 3034 αὐτοὶ
1424 2978 1617 3048 ὁμοίως

1713 2977 1816 3048 Ipsi
1839 2992 2052 3048 quoque
2076 2976 2345 3046 prophetae
2378 2976 2615 3046 Dei,'qui
2642 2983 2858 3046 propter
2895 2976 3068 3044 ipsum
3104 2990 3233 3046 pau-

67 3069 271 3139 Παύλῳ
292 3069 355 3134 τό
372 3085 390 3103 ·
407 3070 691 3139 Ηῠχόμην
709 3070 968 3140 ἀνάθεμα
987 3067 1136 3126 εῖναι
1161 3070 1308 3138 ὑπὲρ
1324 3070 1438 3123 τῶν
1455 3069 1618 3123 ἀδελ-

1713 3067 1864 3137 peres
1890 3073 2063 3124 erant.
2097 3067 2208 3119 haec
2246 3080 2341 3134 pro
2371 3072 2482 3118 tota
2507 3073 2664 3134 gente
2693 3065 3065 3135 precabantur.
3146 3105 3154 3110 -

66 3161 196 3230 φῶν
219 3178 362 3231 μου,
389 3161 506 3216 τῶν
534 3160 835 3232 (TW
846 3177 964 3232 μου
1019 3163 1163 3218 κατὰ
1220 3163 1428 3232 σάρκα,
1455 3162 1664 3229 οἵτινές
1697 3162 1850 3215 εἰσιν
1899 3155 2267 3228 Ἰσραηζιῒται.
2306 3159 2414 3212 Καὶ
2458 3159 2608 3212 αὐτοὶ
2652 3158 2708 3212 δὲ
2754 3161 2803 3211 οι
2840 3160 3105 3229 προφῆται
3138 3159 3232 3213 τοῦ

69 3252 226 3314 Θεοῦ,
258 3252 324 3305 δι’
356 3254 512 3306 αὐτὸν
537 3255 916 3323 πτωχεύοντες,
954 3254 1104 3308 ταῦθ’
1128 3255 1262 3326 ὑπὲρ
1289 3254 1379 3308 τοῦ
1416 3254 1609 3317 παντὸς
1644 3239 1982 3306 καθικέτευον
2004 3251 2201 3314 ἔθνους.
2455 3321 2463 3325 _

155 3343 442 3407 Ἀνάστα,
495 3348 528 3398 ό
584 3346 748 3410 Θεὸς,
796 3345 1047 3400 δίκασαν
1097 3346 1208 3413 τὴν
1255 3345 1429 3413 δίκην
1479 3363 1612 3411 σου,

1782 3343 1943 3399 Vens.
1967 3343 2142 3398 22-25.
2186 3341 2435 3412 Exsurge,
2461 3341 2618 3403 Deus,
2629 3340 2810 3409 judico
2836 3355 3046 3393 causam
3068 3348 3230 3405 tuam,

73 3433 371 3504 μνήσθητι
394 3433 512 3487 τῶν
537 3433 883 3506 ὀνειδισμῶν
910 3448 1043 3499 σου,
1073 3434 1326 3491 τῶνιὺπὸ
1361 3435 1614 3502 ἄφρονος

1713 3449 1903 3503 memor
1929 3443 2037 3486 esto
2060 3431 2444 3501 opprobriornm
2473 3438 2694 3493 tuorum,
2723 3442 2898 3480 eorum
2925 3442 3038 3500 quia
3060 3425 3124 3477 ab
3149 3427 3232 3479 in-

77 3526 230 3591 ὄλην
267 3522 382 3590 τὴν
418 3522 658 3592 ἡμέραν.
690 3523 785 3591 Μὴ
824 3523 1072 3591 ἐπιλάϐῃ
1117 3523 1225 3590 τῆς
1268 3520 1468 3590 φωνῆς
1501 3521 1617 3574 τῶν

1713 3524 1924 3591 sipiente
1951 3532 2071 3576 sunt
2100 3531 2211 3575 tota
2234 3522 2336 3576 die.
2370 3519 2451 3574 Ne
2480 3518 2796 3574 obliviscaris
2823 3532 2964 3570 voces
2995 3516 3230 3569 inimico-

77 3613 303 3682 ἐχθρῶν
339 3630 451 3668 σου
475 3653 490 3678 ,
529 3614 568 3681 ή
623 3615 993 3682 ὑπερηφανία
1038 3611 1153 3666 τῶν
1185 3612 1518 3680 μισούντων
1544 3623 1615 3664 σε

1713 3629 1825 3678 rum
1856 3621 2084 3675 tuorum,
2115 3612 2356 3681 superbia
2374 3627 2546 3666 eorum
2576 3611 2664 3681 qui
2693 3619 2739 3662 te
2768 3607 2982 3660 oderunt
3003 3607 3233 3659 ascendit

78 3704 260 3772 ἀνέϐη
307 3704 646 3769 διαπαντός.
704 3703 916 3774 Ἐπειδὴ
953 3704 1048 3772 οὐχ
1108 3703 1264 3773 ἡμεῖς
1320 3695 1614 3771 ἠδικήμεθα

81 3794 214 3847 ἀλλά
245 3793 310 3848 σύ
330 3812 344 3824 ο
373 3796 431 3847 σὲ
458 3793 564 3866 γὰρ
586 3794 854 3848 ὠνείδισεν
877 3797 904 3847 6
927 3793 1133 3865 ἐχθρὸς,
1161 3793 1251 3851 καὶ
1277 3792 1398 3855 λαὸς
1429 3777 1615 3861 ἄφρων

80 3884 138 3936 τὸ
175 3885 268 3937 σὺν
307 3885 473 3955 ὄνομα
510 3885 785 3954 παρώξυνε
806 3870 828 3914 ·’
871 3883 1054 3937 τούτου
1091 3883 1243 3954 χάριν
1279 3880 1553 3950 ἀνάστηθι,
1587 3883 1615 3934 6

81 3973 231 4037 Θεὸς,
262 3977 354 4028 καὶ
383 3976 598 4029 δίκασον
624 3975 719 4046 τὴν
753 3975 905 4044 δίκην
938 3990 1048 4026 σου.
1094 3973 1246 4025 Κατὰ
1271 3972 1327 4025 δὲ
1355 3971 1445 4026 τὸν
1467 3971 1613 4042 -Σύμ-

85 4081 285 4133 μαχον·
327 4064 524 4141 Στῆθι,
552 4069 584 4119 ό
630 4065 802 4130 Θεὸς,
845 4064 1227 4132 προμάχησον
1272 4062 1378 4129 τῆς
1420 4061 1616 4131 μάχης

83 4171 215 4217 σου,
256 4157 352 4225 καὶ
399 4157 820 4225 μνημόνευσον
873 4153 976 4208 τοῦ
1025 4155 1289 4219 ὀνείδους
1317 4168 1428 4207 σου
1460 4153 1617 4222 παρὰ

86 4244 337 4314 ἄφρονος
363 4247 465 4300 τοῦ
487 4246 582 4300 διὰ
607 4246 803 4312 πάσης
835 4245 1071 4314 ἡμέρας.
1104 4245 1198 4312 Μὴ
1231 4243 1480 4312 ἐπιλάϐῃ
1511 4242 1617 4311 τῆς

88 4339 283 4406 φωνῆς
307 4339 422 4391 τῶν
440 4336 732 4406 πολεμίων
750 4351 884 4396 σου,
907 4336 1094 4406 ἤγουν
1109 4337 1184 4407 (1)
1202 4336 1315 4388 τῶν
1332 4337 1616 4403 ἀνθεστη-

92 4429 274 4482 κότων
299 4445 417 4491 σοι,
446 4428 652 4497 μέχρις
680 4422 749 4481 οὗ
772 4427 1187 4492 ἀναϐαίνοντος
1207 4425 1618 4490 ἀδιαλείπτως

90 4517 191 4568 Kac
220 4519 376 4589 μέχρι
394 4519 587 4572 τούτων
603 4518 808 4570 ἵσταται
825 4519 852 4569 ὁ
868 4517 1018 4585 λόγος
1040 4502 1363 4588 παρακαλῶν
1384 4515 1472 4570 τδν
1490 4516 1621 4567 Θεὸν

93 4604 423 4677 διαναστῆναι
451 4609 540 4662 καὶ
571 4610 778 4663 δικάσαι
805 4608 898 4678 τὴν
932 4609 1083 4678 δίκην
1112 4605 1294 4667 αὑτοῦ,
1323 4604 1616 4676 μνησθῆναί

1709 3717 1923 3770 semper.
1955 3703 2090 3767 Quia
2141 3718 2247 3756 non
2299 3717 2397 3757 nos
2451 3700 2642 3770 injuria
2689 3698 2860 3752 affecti
2907 3711 3113 3760 sumus,
3138 3698 3232 3751 sed

1710 3800 1768 3845 tu
1795 3810 1808 3845 :
1841 3777 1962 3846 nam
1987 3793 2083 3846 tibi
2119 3790 2791 3861 inimicusimpmperavit,
2819 3796 2870 3850 et
2901 3789 3127 3859 populus
3153 3790 3234 3841 in-

1712 3884 1911 3954 sipiens
1949 3883 2189 3937 incitavit
2221 3898 2410 3936 nomen
2443 3869 2625 3948 tuum;
2655 3880 2775 3934 ideo
2806 3893 3052 3947 exsurge,
3071 3876 3230 3939 Deus,

1711 3981 1764 4027 et
1810 3973 1991 4043 judica
2039 3987 2259 4027 causam
2307 3981 2472 4026 tuam.
2506 3971 2808 4024 Secundum
2858 3967 3231 4039 Symmachum

1713 4073 1885 4119 autem
1923 4084 1935 4118 :
1973 4062 2090 4126 Sta,
2123 4063 2280 4125 Deus,
2311 4078 2571 4131 propugna
2601 4071 2854 4114 certamen
2882 4069 3046 4120 tuum,
3074 4067 3123 4111 et
3155 4073 3235 4110 re-

1713 4153 1926 4208 cordare
1954 4153 2209 4222 opprobrii
2242 4153 2316 4204 tui
2352 4151 2415 4203 ab
2450 4152 2716 4218 insipiente
2744 4165 2832 4217 per
2877 4156 3036 4200 totam
3080 4147 3230 4198 diem.

1715 4241 1796 4298 Ne
1828 4242 2147 4318 obliviscaris
2178 4248 2320 4295 voces
2348 4241 2673 4302 inimicorum
2700 4248 2923 4300 tuorum,
2951 4236 3005 4287 id
3030 4244 3123 4296 est,
3150 4252 3234 4288 eo-

1714 4350 1828 4386 rum
1857 4319 1942 4402 οὶιὶ
1977 4332 2071 4384 tibi
2116 4331 2389 4385 obsistunt.
2427 4329 2692 4398 Usquequo
2726 4324 2996 4378 ascendant
3021 4323 3234 4376 ~-s'ndest'-

1713 4423 1927 4475 uenter?
1960 4420 2022 4471 I-Jt
2050 4419 2382 4474 hucdesinit
2410 4431 2606 4479 sermo,
2631 4415 2796 4467 Deum
2827 4427 3024 4480 rogans
3055 4419 3112 4463 ut
3139 4429 3235 4464 ex-

1714 4520 1894 4580 surgat
1937 4518 1989 4564 et
2026 4510 2228 4578 judicet
2270 4521 2484 4560 causam
2521 4503 3114 4570 suam.recordeturque
3141 4517 3236 4567 op-

1713 4600 1911 4670 probrii
1944 4600 2009 4650 ah
2038 4597 2415 4665 insipientibus
2437 4595 2589 4656 illati,
2627 4607 2798 4664 neque
2829 4593 3082 4646 oblivioni
3126 4599 3235 4643 tra-

96 4711 147 4744 τε
179 4697 269 4749 τοῦ
298 4698 591 4768 ὀνειδισμοῦ
636 4699 740 4751 τῶν
774 4686 1046 4768 ἀφρόνων,
1079 4698 1216 4775 ,μηδὲ
1265 4696 1397 4766 λήθῃ
1439 4710 1614 4764 παρα·

1713 4694 1800 4746 dat
1827 4705 1982 4743 voces
2009 4689 2343 4742 inimicorum
2372 4702 2434 4740 ac
2456 4687 2754 4756 superbiam
2777 4700 2963 4738 eorum
2985 4684 3074 4753 qui
3098 4699 3235 4737 sem-

100 4784 268 4838 δουναι
294 4788 392 4850 τὰς
418 4790 596 4856 φωνὰς
621 4789 726 4843 τῶν
757 4787 961 4858 ἐχθρῶν
993 4790 1084 4842 καὶ
1128 4788 1223 4850 τὰς
1251 4783 1616 4855 ὑπερηφανίας

98 4873 196 4927 τῶν
232 4874 511 4941 διαπαντὸς
556 4880 939 4951 ἐπαιρομένων.
993 4880 1065 4931 Ob
1123 4879 1226 4948 μὴν
1267 4877 1615 4942 ὲπισυνῆπται

103 4963 294 5028 τούτοις
323 4967 446 5037 ἑξῆς
477 4972 801 5042 χρηστοτέρα
825 4987 904 5033 τις
934 4970 1234 5040 ἀπόκρισις,
1261 4965 1375 5018 οὐδὲ
1401 4964 1616 5032 ἀγαθῶν

104 5056 387 5123 ἐπαγγελία
441 5063 548 5122 τοῖς
591 5061 886 5130 δεηθεῖσιν,
934 5062 1066 5131 ὅπερ
1102 5059 1245 5111 ἐστιν
1291 5057 1373 5124 ἐφ’
1421 5056 1614 5126 ἐτέρων

107 5145 287 5215 εὑρεῖν.
317 5147 508 5218 Διόπερ
537 5150 828 5219 ἀρχόμενος
855 5154 882 5203 ό
907 5150 1055 5218 λόγος
1079 5146 1333 5215 ἀπωσμδν
1368 5147 1444 5207 εἰς
1471 5145 1618 5209 τέλος

109 5235 343 5290 ἐθέσπισε
367 5240 475 5299 τοῖς
501 5239 854 5308 δηλουμένοις,
883 5241 971 5292 καὶ
999 5240 1063 5292 δι’
1089 5239 1205 5290 ὅλου
1226 5237 1304 5297 τὸ,
1324 5237 1407 5300 εἰς
1427 5235 1614 5300 τέλος,

114 5325 267 5394 ἐπῆγε
295 5329 360 5398 τῇ
390 5327 494 5380 τῶν
535 5327 862 5398 σκυθρωπῶν
890 5325 1414 5400 προῤῥήστι.·Ἔνθεν
1444 5325 1621 5397 ὁρμώ-

117 5432 259 5490 μενος
302 5419 392 5471 καὶ
426 5405 468 5493 ὀί
494 5418 631 5481 θεῖος
674 5419 1003 5481 Ἀπόστολος,
1042 5417 1261 5486 γράφων
1300 5416 1424 5486 περὶ
1447 5415 1620 5469 αὐτῶν

118 5508 250 5579 ἔλεγε
286 5515 344 5566 τὸ
369 5556 385 5580 ,
423 5515 682 5583 Ἔφθασε
713 5512 778 5565 δὲ
803 5515 888 5578 είς
924 5512 1139 5576 αὐτοὺς
1171 5510 1209 5576 ἠ
1241 5509 1380 5580 ὀργὴ
1412 5497 1495 5576 εὶς
1518 5510 1703 5575 τέλος.

1713 4797 1808 4852 per
1836 4781 2181 4834 extolluntur.
2218 4778 2396 4847 Neque
2422 4779 2598 4832 tamen
2651 4777 2735 4831 his
2786 4777 2924 4831 bona
2961 4774 3236 4842 responsio

1713 4869 1979 4937 adjicitur,
2002 4882 2172 4936 neque
2199 4869 2494 4921 orationem
2523 4867 2781 4921 bonorum
2809 4864 3089 4934 promissio
3113 4875 3239 4914 con-

1713 4958 1967 5027 sequitur,
1992 4957 2133 5026 quod
2161 4959 2279 5012 aliis
2309 4958 2362 5013 in
2389 4958 2608 5027 psalmis
2635 4957 2866 5025 reperire
2890 4960 2987 5008 est.
3015 4943 3136 5005 Ideo
3168 4952 3239 5005 ab

1713 5050 1931 5106 exordio
1962 5050 2308 5118 ahjectionem
2341 5056 2644 5119 perpetuam
2677 5031 2978 5098 memoratis
3011 5040 3236 5093 homini—

1718 5142 1819 5196 bus
1849 5139 2262 5203 vaticinabatur,
2297 5146 2351 5194 et
2383 5140 2436 5192 in
2468 5145 2582 5192 toto
2603 5136 2805 5206 psalmo
2829 5131 3059 5185 tristium
3096 5145 3233 5202 prae-

1719 5233 1938 5288 dictioni
1987 5232 2138 5299 illud,
2171 5235 2225 5287 in
2277 5234 2447 5301 ﬁnem,
2494 5228 2745 5286 subdidit.
2779 5217 2914 5277 Hinc
2960 5221 3230 5276 occasione

1721 5334 1871 5394 capta
1905 5303 2120 5378 divinus
2145 5325 2449 5394 Apostolus,
2481 5323 2548 5376 de
2576 5319 2762 5374 iisdem
2796 5314 3038 5371 scribens
3063 5313 3227 5368 dixit:

1722 5414 1960 5468 Pervenit
1982 5425 2153 5468 autem
2183 5403 2252 5467 ad
2282 5431 2367 5468 eos
2391 5415 2472 5466 ira
2503 5413 2556 5466 in
2581 5408 2810 5479 ﬁnem”.

176 5620 216 5649 "
255 5620 437 5674 Matth.
472 5639 534 5684 v,
566 5623 618 5676 5.
692 5622 736 5654 "
775 5617 877 5676 lsa.
914 5635 1033 5688 ut,
1070 5620 1119 5673 1.
1193 5619 1238 5650 ¹’
1275 5616 1428 5674 Rom.
1461 5634 1546 5686 Ix,
1576 5618 1620 5682 5,

1788 5618 1831 5650 ³⁸
1871 5619 1889 5673 1
1923 5597 2108 5675 Thess.
2147 5635 2221 5685 ιι,
2263 5621 2344 5685 16.

180 5711 194 5774 (
206 5711 249 5770 Η
291 5711 444 5766 Forte
468 5715 616 5782 ἤχου.
