3950 6342
673 389 776 450 807

759 503 812 559 ί.
844 500 910 556 ιΝ
950 501 1172 558 FINEM.
1215 501 1303 556 NE
1339 502 1778 567 CORRUMPAS,
1817 502 2136 559 PSALMUS

1199 572 1434 625 «SAPH.
1478 573 1706 627 LXXIV.

1334 388 1597 444 EUSEBII
1634 376 2102 446 CJESAR‘ENSIS
2135 388 2280 444 OPP.
2327 392 2504 445 PAitb
2543 394 2626 448 lli.
2666 425 2733 434 —
2770 393 3205 452 EXEGETICA..
3755 413 3836 467 ως

2327 507 2432 558 ΕΙΣ
2470 506 2558 560 ΤΟ
2591 509 2826 572 ΤΕΛΟΣ,
2855 511 3420 633 -ΜῗΣιῖἒΦὲξνιΡῌΣ,
3459 514 3742 572 ΨΑΛΜΟΣ
3770 524 3837 592 Τῼ

736 683 984 738 ,γεκεμὶ
1025 683 1400 752 Conﬁtebimur
1461 686 1575 750 tibi,
1633 685 1795 750 Deus,
1854 642 2207 754 conﬁtebimur

2398 687 2979 757 Ἐξομολογησόμεθά
3003 671 3101 744 σοι
3118 730 3133 754 ,
3166 694 3197 744 d
3227 692 3367 757 Θεὸς
3384 733 3399 756 ,
3427 692 3838 766 ἐξομολογησά-

672 775 786 837 tibi,
820 786 866 828 et
911 777 1260 831 invocabimus
1291 794 1474 831 nomen
1517 791 1682 831 tuum.
1714 778 1819 831 Pro
1852 779 1942 833 illo
1980 796 1991 831 :
2029 777 2093 830 In
2146 779 2212 846 ﬂ-

669 884 800 931 nem,
835 884 895 920 ne
926 885 1252 936 corrumpas,
1285 869 1637 939 Symmachus
1665 869 1742 923 sic
1776 869 2161 937 interpretatur
2192 887 2206 921 :

669 958 1021 1024 Triumphalis
1061 951 1122 1012 de
1152 962 1538 1030 incorruptione
1572 961 1804 1028 psalmus
1839 960 2054 1028 Asaphi.
2087 959 2212 1012 Ser-

664 1063 753 1102 mo
785 1049 948 1118 igitur
979 1058 1061 1104 est
1099 1053 1164 1105 de
1195 1052 1615 1121 incorruptione,
1645 1068 1763 1120 quae
1783 1051 1943 1120 juslis
1967 1052 2210 1104 recondi—

662 1149 771 1203 tur,
797 1142 996 1210 quibus
1021 1144 1183 1197 etiam
1215 1144 1452 1196 victoria:
1482 1144 1696 1212 prmmia
1728 1158 1825 1196 ceu
1856 1142 1909 1194 in
1944 1143 2213 1196 thesauris

659 1234 898 1300 reposita
929 1242 1078 1288 sunt.
1117 1235 1471 1298 Quamobrem
1503 1235 1840 1301 triumphalis
1880 1235 2056 1286 dictus
2087 1241 2169 1287 est
2198 1253 2209 1285 :

660 1337 760 1392 nos
788 1333 965 1376 autem
994 1325 1220 1377 remittit
1253 1325 1305 1377 in
1339 1324 1518 1388 ﬁnem,
1551 1324 1616 1377 de
1646 1338 1753 1393 quo
1777 1323 2067 1390 Apostolus
2098 1324 2171 1374 ait
2198 1342 2209 1374 :

663 1409 862 1466 Deinde
904 1415 1048 1482 ﬁnis,
1083 1431 1202 1468 cum
1247 1414 1524 1467 tradiderit
1555 1430 1766 1482 regnum
1804 1412 1910 1466 Deo
1953 1422 2001 1466 et
2041 1411 2211 1475 Patri,

663 1519 780 1556 cum
807 1503 1122 1556 destruxerit
1146 1521 1343 1556 omnem
1373 1504 1720 1571 principatum
1751 1511 1801 1556 et
1828 1511 2133 1571 potestatem
2164 1511 2238 1554 et'

664 1596 922 1647 virtutem.
953 1594 1165 1663 Oportet
1207 1596 1341 1649 enim
1390 1595 1537 1648 illum
1571 1611 1807 1662 regnare,
1851 1594 2010 1646 donec
2056 1601 2212 1662 ponat

663 1701 838 1738 omnes
871 1687 1106 1740 inimicos
1139 1689 1231 1739 sub
1258 1686 1472 1754 pedibus
1510 1686 1642 1754 ejus.
1679 1685 1977 1738 Novissima
2001 1685 2213 1737 inimica

662 1775 958 1830 destruetur
990 1795 1127 1830 mors
1148 1777 1215 1831 “.
1247 1778 1305 1833 ln
1335 1779 1439 1832 ﬁne
1470 1779 1682 1846 quippe.
1714 1784 1978 1860 quotquot
2026 1778 2079 1828 in
2113 1776 2211 1829 hoc

2313 776 2462 844 μεθά
2489 790 2606 839 σοι,
2634 777 2732 829 καὶ
2754 779 3221 848 ἑπικαλεσόμεθα
3251 781 3315 832 τὸ
3339 780 3525 849 ὄνομα
3556 801 3691 837 σου.
3726 787 3841 841 ’Δντὶ

2315 868 2439 931 τοῦ,
2475 871 2576 933 Εὶς
2606 868 2670 920 τὸ
2719 869 2911 934 τέλος,
2944 869 3028 938 μὴ
3074 871 3447 939 διαφθείρῃς,
3485 875 3514 925 ὁ
3560 873 3839 946 Σύμμαχος,

2329 961 2642 1025 Ἐπινίκιος
2674 962 2804 1027 περὶ
2853 963 3186 1029 ἀφθαρσίας
3229 963 3466 1031 ψαλμὸς
3509 965 3616 1018 τοῦ
3668 967 3839 1039 Ἀσάφ,

2319 1052 2681 1119 ἠρμήνευσεν.
2725 1051 2931 1104 Οὐκοῦν
2983 1053 3109 1122 περὶ
3155 1051 3460 1124 ἀφθαρσίας
3492 1056 3520 1107 ὁ
3576 1055 3729 1124 λόγος
3766 1063 3840 1129 τῆς

2318 1144 2427 1202 τοῖς
2453 1139 2678 1203 δικαίοις
2700 1142 3082 1213 ἀποκειμένης,
3109 1140 3188 1206 οἷς
3214 1145 3306 1196 καὶ
3333 1144 3399 1196 τὰ
3422 1148 3520 1214 τῆς
3553 1146 3705 1214 νίκης
3731 1148 3838 1200 ἁπο-

2318 1231 2732 1301 τεθησαύρισται
2769 1231 3010 1304 βραδεῖα.
3057 1233 3148 1286 At?)
3199 1236 3292 1287 καὶ
3330 1235 3590 1299 ὲπινίκιος
3623 1239 3836 1308 εἴρηται·

2319 1320 2631 1391 ἀναπέμπει
2670 1322 2727 1374 δὲ
2757 1325 2900 1392 ἡμᾶς
2929 1325 3021 1376 καὶ
3049 1327 3127 1386 είς
3163 1324 3222 1376 τὸ
3249 1310 3417 1389 τέλος,
3452 1329 3578 1397 περὶ
3620 1323 3681 1380 οῦ
3707 1347 3839 1400 φησιν

2317 1410 2346 1460 ὁ
2387 1410 2699 1473 Ἀπόστολος
2719 1428 2732 1441 ·
2767 1409 2911 1465 Εἶτα
2951 1412 3017 1466 τὸ
3062 1413 3264 1479 τέλος,
3295 1415 3439 1469 ὅταν
3481 1419 3714 1484 ,παραδῷ
3750 1419 3842 1486 τὴν

2313 1499 2636 1561 ,ϐασιλείαν
2664 1499 2741 1564 τῷ
2782 1501 2900 1565 Θεῷ
2929 1501 3026 1556 καί
3070 1503 3248 1571 Πατρὶ
3270 1545 3285 1570 ,
3327 1505 3470 1559 ὅταν
3525 1509 3838 1577 καταργήσῃ

2315 1590 2518 1644 πᾶσαν
2549 1593 2744 1660 ἀρχὴν
2777 1595 2871 1647 καὶ
2902 1594 3105 1650 πᾶσαν
3131 1597 3418 1660 ἐξουσίαν
3455 1593 3550 1652 καὶ
3592 1599 3833 1670 δύναμιν.

2315 1683 2409 1734 Δεῖ
2436 1683 2544 1751 γὰρ
2583 1685 2766 1739 αὑτὸν
2819 1687 3181 1754 ϐασιλεύειν,
3221 1690 3391 1758 ἄχρις
3418 1687 3489 1747 οὗ
3521 1689 3593 1759 θῇ
3641 1694 3837 1759 πάντας

2313 1772 2451 1836 τοὺς
2491 1774 2734 1841 ἐχθροὺς
2767 1778 2884 1830 ὑπὸ
2930 1779 3069 1843 τοὺς
3107 1777 3294 1845 πόδας
3341 1781 3544 1834 αὐτοῦ.
3575 1784 3837 1850 Ἐσχατος

663 1869 882 1929 saaculo,
916 1868 969 1921 in
1005 1869 1146 1923 bono
1176 1868 1484 1936 hujusm‘odi
1517 1867 1810 1920 certamine
1839 1867 2104 1933 vicerunt,
2133 1866 2207 1918 in-

2311 1863 2516 1930 ἐχθρὸς
2549 1867 2913 1942 καταργεῖται
2941 1871 2974 1921 ὀ
3010 1869 3280 1937 θάνατος.
3327 1871 3422 1933 Είς
3461 1873 3635 1924 ἐκεῖνο
3661 1874 3758 1943 γὰρ
3787 1877 3834 1927 τὸ

661 1966 970 2028 corruptam
1021 1959 1187 2012 vitam
1233 1965 1653 2026 consequentur.
1699 1956 1851 2022 Quod
1901 1957 2000 2012 sub
2050 1956 2206 2008 ﬁnem

661 2063 897 2116 prmsens
919 2050 1158 2117 psalmus
1183 2048 1420 2102 declarat
1442 2048 1525 2100 bis
1556 2047 1729 2101 verbis
1755 2067 1767 2100 :
1795 2046 1862 2099 Et
1892 2049 2068 2099 omnia
2093 2062 2208 2098 cor-

661 2157 767 2193 nua
790 2151 1115 2208 peccatorum
1147 2139 1492 2208 confringam,
1526 2148 1572 2190 et
1618 2137 1986 2191 exaltabuntur
2015 2153 2208 2192 cornua

654 2233 809 2300 justi.
847 2230 976 2282 Nam
1032 2245 1154 2283 cum
1211 2229 1430 2299 perinde
1479 2238 1641 2297 atque
1672 2229 1959 2297 Apostolus
2005 2243 2208 2281 cornua

659 2321 1047 2390 confringenda
1079 2335 1199 2375 esse
1225 2319 1470 2384 dixisset,
1501 2319 1704 2372 addidit
1746 2319 1876 2371 illud
1913 2336 1925 2371 ;
1954 2317 2020 2370 Et
2063 2319 2210 2370 exat-

661 2413 911 2465 tabuntur
943 2427 1139 2465 cornua
1162 2410 1316 2478 justi,
1347 2417 1508 2478 atque
1531 2410 1631 2463 hoc
1660 2408 1938 2478 praesentis
1979 2408 2209 2477 pr0phe—

658 2505 748 2558 tia:
771 2505 1219 2572 complementum
1252 2508 1355 2556 est.
1393 2501 1569 2566 Quare
1606 2510 1660 2554 et
1691 2500 1926 2569 psalmus
1954 2507 2008 2553 et
2037 2499 2208 2552 canti-

657 2608 781 2645 cum
832 2591 991 2647 simul
1041 2599 1418 2660 nuncupatur;
1469 2606 1531 2645 ex
1572 2604 1798 2658 persona
1828 2597 2004 2642 autem
2036 2590 2209 2656 justo-

659 2697 778 2736 rum
809 2683 1016 2736 initium
1066 2682 1215 2736 ducit
1247 2682 1434 2735 dicens
1467 2699 1478 2733 :
1512 2679 1882 2749 Conﬁtebimur
1917 2677 2204 2741 tibi,Deus,

655 2771 1012 2840 confitebimur
1037 2772 1149 2834 tibi,
1176 2781 1224 2824 et
1253 2771 1602 2824 invocabimus
1648 2787 1832 2823 nomen
1884 2779 2047 2823 tuum.
2074 2767 2208 2836 Ipsis

654 2878 886 2931 namque
943 2863 1074 2916 solis
1128 2850 1380 2915 coiivenit
1428 2859 1700 2915 confessio
1743 2874 1866 2912 cum
1918 2860 2207 2928 gratiarum

655 2952 889 3015 actione,
916 2965 1020 3019 qua
1055 2948 1308 3004 Servator
1356 2950 1412 3001 in
1442 2945 1750 3014 Evangeliis
1799 2945 1944 2998 Patri
1988 2945 2210 3017 copﬁte—

654 3043 813 3096 batur
845 3042 1032 3096 dicens
1059 3059 1071 3093 :
1106 3039 1372 3108 Conﬁteor
1407 3038 1523 3100 tibi,
1554 3037 1734 3099 Pater,
1768 3036 1986 3088 Domine
2018 3035 2132 3088 caeli
2162 3043 2210 3088 et

652 3133 885 3187 terrm“.
925 3130 1106 3183 Primo
1152 3139 1330 3184 autem
1364 3130 1710 3192 conﬁtentur,
1741 3127 1931 3182 deinde
1961 3128 2211 3198 invocant

2311 1955 2459 2016 τέλος
2479 1958 2524 2007 οἱ
2560 1957 2700 2010 κατά
2741 1958 2831 2010 τὸν
2859 1959 3124 2012 ἐνεστῶτα
3153 1961 3324 2014 αίῶνα
3347 1961 3439 2014 τὸν
3482 1963 3643 2017 καλὸν
3676 1966 3833 2032 ἀγῶνα

2312 2046 2647 2115 νενικηκότες
2698 2048 2793 2117 τῆς
2849 2049 3122 2121 ἀφθάρτου
3171 2050 3317 2120 ζωῆς
3366 2053 3671 2116 τεύξονται·
3718 2056 3744 2107 ὃ
3783 2055 3835 2125 δὴ

2313 2133 2446 2202 πρὸς
2472 2137 2580 2195 τοῖς
2604 2134 2926 2199 τελευταίοις
2961 2139 3053 2190 καὶ
3081 2140 3109 2190 ὁ
3138 2140 3272 2208 μετὰ
3301 2142 3487 2209 χεῖρας
3519 2141 3669 2209 λόγος
3699 2145 3835 2212 παρί-

2315 2240 2469 2292 στησι
2496 2223 2806 2303 λέγων-Καζ
2832 2225 3024 2278 πάντα
3047 2227 3119 2280 τὰ
3135 2226 3349 2294 κέρατα
3370 2228 3485 2281 τῶν
3511 2231 3834 2298 ἁμαρτωλῶν

2312 2314 2634 2366 συνθλάσω
2657 2353 2670 2376 ,
2710 2314 2810 2367 καὶ
2853 2315 3227 2383 ὑψωθήσεται
3270 2317 3340 2370 τὰ
3390 2319 3602 2387 κέρατα
3626 2321 3720 2373 τοῦ
3762 2320 3832 2373 δι-

2313 2404 2503 2456 καίου.
2531 2404 2836 2473 Συμφώνως
2859 2405 2965 2475 γὰρ
2987 2407 3064 2477 τῷ
3103 2406 3399 2479 Ἀποστόλῳ
3423 2409 3451 2460 ὁ
3479 2409 3663 2480 παρὼν
3703 2412 3831 2477 λόγος

2315 2491 2576 2562 κλασθήσε
2585 2491 2704 2544 σθαι
2733 2491 2800 2544 τὰ
2821 2493 3025 2562 κέρατα
3041 2493 3230 2557 εἰπὼν,
3253 2495 3493 2564 ἐπήγαγε
3513 2495 3590 2557 τὸ,
3609 2496 3830 2563 Ὑψωθή-

2312 2599 2477 2636 σεται
2504 2584 2576 2636 τὰ
2597 2582 2812 2650 κέρατα
2836 2582 2940 2636 τοῦ
2965 2583 3194 2638 δικαίου
3209 2601 3222 2614 ·
3263 2586 3353 2637 καὶ
3377 2584 3520 2638 τοῦτ’
3549 2585 3656 2638 ἔστι
3679 2585 3733 2637 τὺ
3749 2586 3830 2655 τῆς

2313 2672 2589 2743 παρούσης
2615 2672 2948 2742 προφητείας
2984 2674 3369 2745 συμπέρασμα.
3399 2676 3491 2728 Διὸ
3523 2677 3615 2727 καὶ
3647 2675 3828 2745 ψαλμὸς

2313 2763 2405 2816 καὶ
2439 2763 2547 2833 ᾠδὴ
2586 2763 2725 2817 κατά
2757 2764 2816 2816 τὸ
2853 2765 2982 2817 αὐτὸ
3019 2766 3326 2836 ὠνόμασται
3348 2783 3360 2798 ο
3392 2769 3455 2819 ὲκ
3487 2764 3756 2839 προσώπου
3781 2766 3830 2817 δὲ

2312 2854 2416 2906 τῶν
2448 2855 2667 2908 δικαίων
2694 2856 2790 2926 τὴν
2826 2857 3100 2931 καταρχὴν
3124 2862 3349 2912 ποιεῖται
3382 2859 3575 2914 εἰπών·
3619 2859 3828 2929 Ἐξομο-

2313 2944 2685 3012 λογνησόμεθά
2710 2961 2826 3008 σοι,
2859 2949 2891 2999 d
2938 2947 3099 3012 Θεὸς,
3148 2947 3695 3019 ἐξομολογησόμεθά
3724 2965 3825 3012 σοι,

2315 3033 2410 3085 καὶ
2451 3032 2918 3103 ἐπικαλεσόμεθα
2972 3035 3037 3089 τὸ
3085 3037 3272 3106 ὕνομά
3323 3053 3458 3093 σου.
3509 3042 3694 3102 Μόνοις
3737 3041 3827 3109 γὰρ

2313 3124 2490 3186 αὐτοῖς
2518 3125 2712 3195 πρέπει
2738 3125 2770 3196 ἡ
2801 3127 3210 3199 εὐχαριστήριος
3229 3127 3624 3200 ἐξομολόγησις,
3649 3129 3738 3183 καθ
3771 3133 3825 3200 ἢν

650 3238 850 3278 nomen
883 3225 1022 3290 ejus,
1054 3236 1160 3289 qua
1193 3222 1534 3276 invocatione
1562 3221 1789 3274 salutem
1821 3236 1848 3271 a
1881 3218 1992 3272 Deo
2018 3233 2207 3272 conse-

2315 3215 2406 3266 xa‘t
2434 3215 2461 3267 ό
2488 3215 2675 3286 Σωτὴρ
2707 3215 3093 3287 ἐξωμολογεῖτο
3115 3220 3172 3274 ἐν
3197 3209 3550 3288 Εὑαγγελίςις
3589 3221 3713 3291 πρὸς
3748 3219 3822 3272 τὸν

651 3321 910 3384 quentur,
939 3319 999 3365 ut
1031 3310 1132 3365 l'ert
1161 3312 1362 3365 dictum
1395 3310 1524 3363 illud
1554 3329 1566 3363 :
1595 3309 1663 3362 Et
1696 3311 1863 3363 omnis
1913 3310 2202 3380 quicunque

652 3405 960 3459 invocaverit
994 3420 1175 3456 nomen
1209 3397 1442 3465 Domini,
1465 3402 1640 3456 salvus
1673 3403 1771 3454 erit
1793 3400 2062 3455 “.Potest
2083 3401 2206 3454 item

651 3496 737 3549 hic
774 3509 952 3550 sermo
1008 3494 1075 3548 ad
1130 3492 1526 3548 confessionem
1561 3492 1844 3545 instituere
1874 3506 1988 3555 eos,
2014 3493 2105 3560 qui
2151 3491 2205 3546 in

653 3586 970 3655 praecedenti
1019 3586 1228 3639 ruinam
1284 3583 1760 3653 Jerosolymorum,
1788 3590 1842 3636 et
1884 3588 2206 3651 postremam

669 3679 768 3748 ejus
814 3675 1148 3732 obsidionem
1197 3674 1625 3743 deploraverant.
1657 3672 1790 3724 Nam
1834 3674 1925 3740 qui
1953 3672 2203 3740 superius

663 3767 897 3823 lixerant
948 3785 960 3821 :
1009 3763 1222 3835 thuid,
1256 3762 1418 3829 Deus,
1454 3763 1690 3831 repulisti
1721 3764 1775 3814 in
1806 3763 1982 3833 ﬁnem,
2036 3762 2201 3814 iratus

657 3868 727 3914 est
786 3860 932 3927 furor
966 3868 1082 3910 tuus
1106 3872 1258 3925 super
1289 3872 1402 3909 oves
1433 3870 1642 3923 pascua
1673 3864 1775 3908 tua:
1794 3855 1863 3907 ἐἳ
1891 3863 1944 3910 et
1965 3860 2155 3908 caetera
2183 3871 2198 3920 ;

656 3964 799 4004 nunc
845 3948 1109 4002 docentur
1162 3946 1408 4002 conﬁteri
1443 3945 1573 4010 Deo,
1604 3954 1659 4002 et
1700 3946 1953 3999 invocare
2003 3959 2200 3998 nomen

656 4040 788 4111 ejus.
824 4038 960 4104 Quia
1008 4053 1121 4102 sero
1149 4036 1342 4106 duplex
1369 4036 1730 4094 confessionis
1755 4037 1948 4091 modus
1977 4043 2080 4103 est,
2113 4049 2202 4088 ne—

657 4132 889 4188 cessario
936 4131 1024 4184 hic
1079 4130 1163 4184 bis
1194 4129 1411 4197 ;dicitur
1454 4132 1586 4184 illud
1618 4150 1631 4185 :
1660 4129 2038 4198 Conﬁtebimur
2081 4126 2194 4179 tibi.

653 4226 748 4279 Per
782 4225 1011 4294 primum
1035 4224 1254 4293 quippe.
1287 4229 1341 4276 ut
1373 4237 1469 4291 par
1513 4229 1614 4286 est,
1651 4219 1924 4274 confessio
1947 4233 2044 4286 pro
2072 4231 2196 4286 pec-

2309 3304 2526 3375 Πατέρα
2587 3307 2806 3372 φάσκων
2829 3323 2842 3335 ·
2931 3306 3426 3378 Ἐξομολογοῦμαί
3479 3323 3610 3374 σοι,
3641 3309 3820 3376 Πάτερ,

2306 3397 2478 3464 Κύριε
2506 3396 2608 3450 τοῦ
2637 3397 2892 3464 οὐρανοῦ
2919 3399 3015 3452 καὶ
3037 3398 3146 3466 τῆς
3176 3399 3305 3468 γῆς.
3336 3401 3557 3471 Πρῶτον
3582 3401 3635 3454 δὲ
3660 3401 3818 3471 ἐξομο-

2303 3484 2578 3553 λογοῦνται
2600 3527 2615 3548 ,
2645 3482 2760 3540 εἶτα
2807 3487 3183 3542 ἐπικαλοῦνται
3221 3487 3281 3544 τὸ
3312 3491 3479 3562 ὄνομα
3538 3491 3724 3553 αὐτοῦ,
3752 3490 3820 3543 διὰ

2302 3579 2398 3647 τῆς
2437 3577 2642 3631 τοιᾶσδε
2691 3579 3026 3650 ἐπικλήσεως
3079 3581 3228 3652 παρὰ
3271 3580 3350 3652 τῷ
3392 3581 3510 3651 Θεῷ
3546 3581 3817 3651 τευξόμενοι

2305 3667 2598 3739 σωτηρίας,
2631 3672 2769 3722 κατά
2793 3670 2853 3722 τὸ
2884 3671 3087 3737 φάσκον
3128 3672 3300 3738 λόγιον
3322 3688 3335 3703 ·
3381 3673 3489 3726 Καὶ
3544 3670 3655 3738 πᾶς
3679 3672 3738 3737 ὃς
3759 3671 3818 3724 ἂν

2299 3760 2718 3827 ἐπικαλέσηται
2741 3759 2807 3812 τὸ
2829 3759 3013 3828 ὄνομα
3042 3762 3282 3828 Κυρίου,
3307 3759 3656 3826 σωθήσεται.
3675 3762 3814 3815 Δύνα-

2297 3866 2385 3900 ται
2416 3846 2472 3899 δὲ
2497 3849 2523 3901 ὁ
2544 3848 2696 3921 λόγος
2723 3846 3092 3912 διδασκαλικὸς
3123 3846 3258 3903 εἶναι
3289 3850 3712 3921 ὲξομολογήσεως
3730 3850 3817 3904 τῶν

2298 3936 2354 3987 ὲν
2384 3933 2459 4004 τῷ
2505 3936 2609 4006 πρὸ
2639 3931 2825 3988 τούτου
2861 3936 3349 4007 ἀποκλαυσαμένων
3373 3937 3471 4007 τὴν
3519 3937 3714 3990 πτῶσιν
3735 3933 3814 4008 τῆς

2307 4028 2652 4099 Ἰερουσαλὴμ
2677 4023 2771 4081 καὶ
2810 4027 2906 4100 τὴν
2946 4028 3175 4102 ἐσχάτην
3208 4030 3375 4100 αὐτῆς
3421 4029 3737 4102 πολιορκίαν.
3764 4027 3813 4083 Οἱ

2295 4122 2400 4191 γὰρ
2430 4121 2702 4191 εἰρηκότες
2757 4122 2815 4173 ὲν
2854 4116 2966 4184 τοῖς
3009 4120 3332 4192 ἔμπροσθεν,
3379 4121 3570 4186 Ἰνατί,
3607 4125 3639 4175 ό
3675 4121 3811 4187 Θεὸς,

2294 4210 2508 4264 ἀπώσω
2537 4214 2622 4276 είς
2646 4210 2834 4278 τέλος,
2863 4212 3119 4281 ὠργίσθη
3151 4216 3182 4266 ὀ
3213 4216 3396 4283 θυμός
3430 4231 3546 4268 σου
3574 4214 3666 4268 ἐπὶ
3690 4214 3808 4281 ,τρό-

647 4318 782 4370 catis
814 4315 1176 4387 signiﬁcatur;
1207 4329 1300 4380 per
1332 4313 1629 4368 secundum
1658 4328 1785 4365 vero
1829 4311 1865 4365 ii
1910 4310 2003 4378 qui
2045 4308 2195 4376 prius

2311 4303 2436 4353 ἵστα
2465 4301 2653 4369 νομῆς
2682 4317 2796 4355 σου
2818 4319 2837 4364 ;
2863 4302 2958 4356 καὶ
2984 4302 3052 4356 τὰ
3078 4303 3223 4373 ἑξῆς,
3244 4304 3579 4359 διδάσκονται
3607 4301 3694 4358 νῦν
3716 4303 3808 4370 tio-

642 4408 1058 4469 conﬁtebantur,
1102 4397 1198 4476 pro
1229 4406 1384 4462 bonis
1419 4404 1653 4458 accentis
1684 4403 1980 4471 gratiarum
2027 4398 2194 4454 actio-

2311 4387 2628 4458 ιολογεῐσθαι
2679 4391 2756 4461 τῷ
2813 4392 2930 4463 Θεῷ
2986 4395 3080 4447 καὶ
3135 4395 3507 4450 ἐπικαλεῖσθαι
3560 4394 3620 4449 τὸ
3665 4395 3807 4464 ὄνομα

644 4515 764 4553 nem
791 4499 1059 4555 emiuum,
2291 4481 2471 4536 αὐτοῦ.
2516 4482 2727 4552 Ἐπειδὴ
2777 4481 2948 4546 διττός
3001 4485 3146 4538 ἐστιν
3188 4487 3218 4538 ὁ
3265 4485 3364 4555 τῆς
3411 4486 3806 4557 ὲξομολογήσεως

638 4592 871 4660 τρόπος,
920 4591 1226 4659 ἀναγκαίως
1268 4589 1514 4660 δεύτερον
1561 4588 1771 4658 εἴρηται
1816 4587 1907 4639 ὲπὶ
1947 4584 2038 4638 τοῦ
2079 4581 2337 4653 παρόντος
2365 4578 2445 4640 τὸ,
2496 4577 3068 4646 Ἐξομολογησόμεθά
3095 4595 3218 4634 σοι’
3257 4579 3349 4633 τοῦ
3377 4583 3472 4651 μὲν
3493 4579 3715 4652 πρώτου,

640 4685 802 4743 εἰκὸς,
827 4684 910 4750 ἐφ’
939 4683 1203 4752 ἁμαρτίας
1233 4685 1330 4752 τὴν
1363 4681 1738 4754 ἐξομολόγησιν
1777 4679 2074 4751 δηλοῦντος,
2101 4677 2193 4731 τοῦ
2217 4675 2258 4727 δ’
2292 4673 2411 4742 ἑξῆς
2435 4672 2531 4742 τὴν
2557 4671 2639 4738 ἐφ’
2663 4663 2743 4732 οἷς
2784 4664 2841 4722 εὖ
2871 4671 3195 4725 πεπόνθασιν
3222 4673 3269 4725 oi
3301 4668 3361 4725 τὸ
3400 4671 3610 4742 πρῶτον
3644 4670 3804 4740 ἐξομο-

641 4774 995 4844 λογησάμενοι
1029 4772 1387 4842 εὐχαριστίαν.

709 4891 873 4948 Vens.
906 4894 958 4955 3,
984 4891 1034 4948 4.
1078 4891 1319 4946 Narrabo
1344 4896 1608 4949 mirabilia
1642 4874 1752 4960 tua,
1788 4912 1905 4950 cum
1937 4906 2176 4958 accepero

2347 4883 2705 4952 Διητνήσομαι
2754 4881 2827 4934 τὰ
2869 4881 3165 4950 θαυμάσια
3214 4895 3364 4943 σου,
3414 4879 3558 4933 ὅταν
3601 4879 3803 4933 maca

642 4995 860 5054 tempus,
893 5002 984 5055 ego
1032 4985 1365 5039 rectitudines
1385 4987 1656 5053 judicabo.
1687 4987 1857 5042 Hasce
1891 4985 1983 5039 Dei
2021 4997 2184 5038 voces

2311 4974 2516 5040 ταιρὸν,
2565 4973 2680 5041 ἐγὼ
2721 4971 3043 5036 εὐθύτητας
3079 4967 3274 5036 κρινῶ.
3306 4967 3439 5021 Θεοῦ
3479 4968 3654 5038 φωνὰς
3685 4964 3800 5022 εἶναι

638 5052 780 5142 esse,
823 5052 1088 5133 dictorum
1140 5052 1404 5130 sententia
1446 5077 1723 5130 declarat:
1758 5075 1889 5129 illud
1937 5076 2132 5144 quippe
2166 5091 2179 5126 :

2317 5064 2375 5127 ἀς
2405 5052 2766 5136 προκειμένας
2803 5063 2831 5113 ὁ
2872 5061 2992 5124 νοῦς
3026 5061 3134 5114 τῶν
3170 5059 3470 5129 λεγομένων
3512 5062 3798 5132 παρίστησι.

642 5167 754 5239 Ego
773 5167 1100 5222 rectitudines
1117 5166 1394 5236 iudicabo;
1422 5185 1480 5223 ac
1504 5184 1721 5223 rursum
1745 5168 1873 5222 illud
1899 5186 1912 5223 :
1939 5167 2047 5236 Ego
2068 5183 2181 5220 con-

2311 5155 2353 5206 .‘o
2383 5155 2508 5224 γὰρ,
2543 5152 2687 5222 Ἐγὼ
2709 5151 3030 5216 εὐθύτητας
3054 5150 3250 5218 κρινῶ,
3272 5154 3364 5204 καὶ
3394 5152 3555 5208 πάλιν
3581 5155 3656 5216 τὸ,
3683 5152 3801 5220 Ἐγὼ

640 5260 843 5327 ﬁrmavi
864 5258 1130 5312 columnas
1144 5259 1276 5327 ejus,
1294 5260 1543 5314 videlicet
1565 5269 1748 5324 ter-rte;
1775 5269 1933 5328 atque
1951 5261 2051 5314 sub
2070 5261 2180 5312 haec

2312 5244 2609 5323 στερέωσα
2648 5243 2787 5307 τοὺς
2817 5243 3078 5306 στύλους
3114 5242 3318 5310 αὐτῆς,
3355 5242 3510 5313 δῆλον
3546 5245 3589 5296 δ’
3615 5245 3695 5295 ὅτι
3717 5241 3800 5309 τῆς

640 5348 789 5408 illud,
820 5346 888 5399 Et
915 5349 1086 5400 omnia
1102 5364 1298 5400 cornua
1312 5359 1635 5414 peccatorum
1650 5350 1990 5417 confringam.
2019 5365 2176 5418 quem

2311 5335 2380 5404 ἧς
2404 5376 2417 5399 ,
2459 5336 2553 5388 καὶ
2606 5333 2732 5401 ἑξῆς
2780 5331 2878 5394 τὸ,
2931 5331 3037 5385 Καὶ
3087 5331 3278 5386 πάντα
3326 5335 3396 5388 τὰ
3446 5334 3656 5418 κέρατα
3702 5331 3799 5385 τῶν

639 5432 816 5492 dicere
850 5438 1150 5501 conveniat,
1184 5437 1289 5490 nisi
1314 5436 1518 5492 Deum?
1550 5438 1605 5492 Si
1651 5440 1829 5509 itaque
1861 5455 1924 5493 ex
1951 5454 2176 5509 persona

2317 5424 2632 5493 μαρτωλῶν
2671 5421 3023 5506 συγκλάσω,
3073 5423 3176 5475 τίνι
3223 5423 3289 5475 ἂν
3328 5423 3556 5494 ἁρμόζοι
3583 5418 3795 5489 λέγεινῆ

643 5523 733 5581 Dei
784 5527 898 5582 haec
944 5527 1215 5593 dicantur,
1245 5544 1343 5583 cur
1391 5532 1529 5586 alius
1579 5531 1669 5601 qui
1720 5531 1885 5586 Deum
1931 5542 2173 5597 noverat,

2311 5515 2426 5586 >εῷ;
2458 5516 2519 5568 Εἰ
2547 5513 2723 5567 τοίνυν
2757 5514 2820 5565 ὲκ
2853 5511 3140 5584 προσώπου
3175 5513 3268 5566 τοῦ
3301 5513 3438 5566 Θεοῦ
3462 5515 3630 5572 ταῦτα
3668 5511 3796 5576 λέγε-

637 5615 811 5685 ipsum
842 5618 996 5687 quasi
1025 5621 1343 5689 compellare
1392 5625 1471 5678 sic
1520 5600 1729 5680 videtur
1755 5641 1767 5678 :
1796 5622 2042 5678 Narrabo
2076 5627 2174 5678 mi-

2311 5626 2376 5672 st,
2407 5607 2521 5671 πῶς
2546 5607 2729 5678 ἕτερος
2759 5604 2911 5669 εἰδὼς
2932 5604 3082 5669 Θεὸν,
3102 5605 3176 5670 ὼς
3204 5608 3339 5672 πρὸς
3369 5605 3531 5661 αὐτὸν
3553 5600 3796 5671 ἀναφωνεῖ

701 5773 742 5805 ³³
783 5774 799 5827 Ι
831 5775 953 5832 Cor.
992 5794 1080 5846 sv,
1113 5779 1297 5837 24-26.
1375 5782 1417 5815 ³³
1457 5776 1641 5836 Matth.
1679 5797 1762 5847 si,
1798 5781 1883 5838 25.
1960 5783 2003 5816 ⁸³
2039 5781 2152 5840 Joel
2185 5800 2200 5839 ι

2311 5785 2387 5849 ἱ2;
2429 5786 2545 5842 Act.
2575 5800 2631 5846 ιι,
2662 5784 2720 5838 2|
2749 5754 2771 5851 ς’
2791 5783 2947 5837 Rom.
2977 5799 3031 5842 ι.
3069 5783 3155 5840 15.
3230 5782 3275 5814 ’⁸
3313 5741 3454 5838 Psal.
3493 5797 3684 5848 usui,
3717 5781 3759 5834 l.
