3950 6342
116 400 193 455 869
1176 396 1668 453 COMMENTARIA
1706 398 1771 450 1N
1811 398 2145 479 PSALMOS.

3134 394 3237 448 870

111 520 273 586 λέγων·
308 514 665 585 Διηγήσομαι
694 516 765 570 τὰ
807 507 1103 584 θαυμάσια
1136 532 1250 571 σου
1280 516 1421 569 ὅταν
1455 514 1593 568 λάϐω

1713 514 1903 567 rabitia
1933 526 2046 581 tua,
2087 531 2201 567 cum
2241 530 2476 583 accepero
2518 523 2733 583 tempus,
2766 528 2827 569 ac
2862 514 3063 569 infert:
3098 512 3236 578 Quo-

108 608 313 676 καιρὸν,
329 609 422 661 καὶ
450 609 716 680 ὲπιφέρει’
736 609 863 660 Ὅτι
885 612 916 660 ό
952 608 1090 673 Θεὸς
1115 608 1316 675 κριτής
1340 608 1488 661 ἐστι’
1524 607 1613 659 καὶ

108 701 255 762 πάλιν,
282 699 400 751 Ὅτι
428 699 709 767 ποτήριον
728 699 797 752 ἐν
823 700 971 767 χειρὶ
998 701 1215 766 Κυρίου
1245 701 1411 775 οἴνου
1438 698 1614 766 ἀκρά-

105 806 213 853 του;
237 790 354 853 Πῶς
373 789 432 842 δὲ
461 789 597 859 πρὸς
625 789 831 852 τούτοις
855 791 1053 844 ἅπασιν
1076 790 1309 857 ἐπιλέγει
1328 807 1340 820 ο
1380 790 1524 858 Ἐγὼ
1547 789 1614 841 δὲ

103 880 371 949 mnsit?)
413 884 499 947 εὶς
538 881 642 935 τὸν
668 882 869 949 αἰῶνα,
900 883 1074 951 ψαλῶ
1119 884 1196 948 τῷ
1238 884 1356 948 Θεῷ
1398 882 1609 947 Ἰακώϐ,

103 972 179 1024 καὶ
199 971 379 1026 πάντα
398 974 469 1025 τὰ
492 972 709 1039 κέρατα
732 970 847 1037 τῶν
876 975 1232 1044 ἁμαρτωλῶν
1257 975 1581 1043 cumnam
1594 990 1613 1037 ;

102 1063 214 1132 Ὅρα
242 1060 412 1115 τοίνυν
441 1063 488 1115 εί
514 1062 587 1133 μὴ
631 1063 715 1116 διὰ
740 1064 941 1119 τούτων
962 1068 989 1119 ὁ
1014 1066 1297 1136 μονογενὴς
1339 1065 1431 1117 τοῦ
1480 1063 1611 1117 Θεοῦ

101 1153 235 1219 Λόγος
255 1152 348 1214 τὰς
367 1153 571 1216 οίκείας
588 1154 878 1224 ἐνεργείας
900 1156 1135 1209 διδάσκει
1162 1158 1260 1225 τὴν
1285 1156 1377 1207 τοῦ
1402 1156 1612 1226 Πατρός

100 1242 270 1308 διεξιὼν
292 1243 580 1311 θεολογίαν.
624 1247 758 1315 Φησὶ
779 1246 908 1315 γοῦν
930 1265 943 1277 ·
984 1247 1340 1317 Διηγήσομαι
1372 1249 1443 1301 τὰ
1473 1250 1611 1300 θαυ-

98 1331 251 1398 μάσια
296 1349 408 1387 σου
449 1334 595 1389 ὅταν
622 1336 781 1390 ,λάϐω
826 1342 1049 1405 καιρόν.
1109 1341 1166 1391 Ὁ
1218 1339 1314 1407 μὲν
1362 1338 1606 1403 ’Λκύλας,

100 1420 242 1474 Ὅταν
261 1422 417 1475 λάϐω
438 1425 739 1494 συνταγάς
757 1443 769 1456 ·
804 1429 833 1480 ὀ
858 1429 912 1480 δὲ
933 1428 1237 1497 Σύμμαχος,
1257 1429 1430 1480 Ὅταν
1451 1424 1611 1481 λάϐω

96 1512 187 1578 τὴν
210 1514 575 1584 συναγωγήν.
614 1520 721 1571 Καί
751 1538 836 1589 μοι
870 1520 1014 1572 δοκεῖ
1035 1520 1302 1591 εὐκαίρως
1331 1518 1605 1590 εἰρηκέναι

96 1603 159 1665 τὸ,
185 1604 347 1657 Ὅταν
399 1606 559 1660 λάϐω
618 1610 939 1677 συνταγὰς,
987 1610 1039 1679 ἢ,
1088 1609 1199 1677 τὴν
1231 1609 1603 1679 συναγωγήν.

104 1692 487 1760 Ἐπαγγέλλεται
543 1696 650 1767 γὰρ
717 1700 907 1768 καιροῦ
963 1700 1252 1769 λαϐόμενος
1303 1702 1476 1753 πάντα
1539 1700 1605 1753 τὰ

1700 608 1844 658 niam
1879 606 2015 659 Deus
2057 606 2221 675 judex
2264 618 2375 668 est;
2427 623 2489 661 ac
2531 623 2743 662 rursum
2773 626 2785 661 :
2813 606 2949 673 Quia
2995 606 3137 659 calix
3184 609 3236 661 in

1701 713 1858 748 manu
1892 696 2099 751 Domini
2132 700 2234 753 viui
2268 700 2436 752 meri?
2474 698 2585 752 Cur
2610 697 2694 753 bis
2720 699 2970 752 omnibus
3014 696 3231 767 subjun-

1698 787 1774 857 git
1801 807 1812 841 :
1840 786 1946 858 Ego
1976 798 2143 843 autem
2170 790 2487 843 annuntiabo
2517 791 2571 843 in
2602 789 2865 851 saxulum,
2887 788 3104 842 cantabo
3127 787 3235 843 Deo

1698 877 1884 941 Iacob,
1945 890 1994 933 et
2040 882 2216 934 omnia
2267 897 2463 935 cornua
2504 891 2826 948 peccatorum
2871 880 3233 949 confringam?

1697 971 2077 1026 Animadverte
2102 973 2263 1041 igitur
2298 990 2423 1026 num
2460 974 2544 1029 his
2572 974 2749 1028 verbis
2780 973 3108 1042 unigenitum
3138 971 3232 1026 Dei

1698 1058 1952 1122 Verbum,
1976 1078 2092 1131 qua:
2122 1064 2185 1117 ad
2215 1062 2391 1118 Patris
2418 1063 2670 1118 deitatem
2692 1071 2930 1133 spectant
2952 1077 3232 1124 enarrans,

1699 1166 1797 1205 sua
1830 1167 1994 1221 Opera
2028 1155 2298 1214 enuntiet.~
2328 1154 2416 1207 Ait
2443 1156 2623 1224 itaque
2649 1174 2660 1208 :
2690 1154 2932 1208 Narrabo
2968 1154 3232 1207 mirabilia

1698 1252 1787 1295 tua
1825 1260 1938 1297 cum
1972 1261 2208 1311 accepero
2250 1256 2464 1313 tempus.
2497 1246 2683 1316 Aquila
2731 1262 2856 1301 vero
2902 1246 2980 1301 sic
3025 1246 3231 1300 habet:

1698 1331 1829 1385 Cum
1876 1351 2117 1402 accepero
2161 1344 2357 1401 tempus
2409 1345 2689 1399 statutum;
2737 1333 3085 1405 Symmachus
3136 1348 3231 1386 auo

1696 1426 1802 1474 tem
1835 1440 1848 1474 :
1880 1420 2011 1475 Cum
2063 1439 2303 1489 accepero
2350 1440 2680 1495 synagogam.
2715 1422 3041 1492 Videturque
3098 1422 3231 1477 mihi
3292 1446 3295 1455 ι

1694 1508 1805 1562 haec
1850 1520 2147 1580 opportune
2195 1513 2335 1565 dicta
2382 1529 2500 1567 esse
2540 1533 2551 1566 :
2588 1513 2715 1568 Cum
2767 1516 3230 1580 accepero‘tempus

1694 1603 1967 1663 statutum,
2010 1606 2114 1667 vel,
2165 1621 2497 1674 synagogam.
2548 1603 2835 1659 Pollicetur
2863 1606 3060 1674 quippe
3089 1604 3228 1659 sein

1695 1698 1937 1762 tempore
1980 1702 2281 1763 opportuno
2328 1697 2503 1749 omnia
2551 1694 2725 1748 Patris
2784 1697 2837 1749 in
2884 1694 3119 1748 Ecclesia
3164 1710 3228 1748 ex

94 1781 332 1851 θαυμάσια
360 1785 454 1837 τοῦ
480 1787 687 1858 Πατρὸς
707 1789 1059 1859 διηγήσασθαι
1098 1791 1188 1842 ἐπὶ
1217 1791 1316 1859 τῆς
1346 1792 1403 1856 ἐξ
1436 1791 1593 1845 ἐθνῶν

1700 1780 1947 1848 gentibus
1982 1793 2129 1851 gesta
2174 1784 2436 1837 mirabilia
2467 1792 2827 1848 narraturum,
2858 1798 3016 1856 quam
3050 1784 3225 1839 Eccle-

102 1873 386 1946 Ἐκκλησίας
409 1917 425 1942 ,
464 1880 529 1947 ὴν
578 1880 736 1942 αὐτὸς
777 1881 804 1931 ὁ
837 1881 1019 1952 Πατὴρ
1049 1885 1404 1952 ἐπηγγέλλετο
1455 1884 1599 1957 αὐτῷ

90 1967 495 2047 είτςώνἋῑτησαι
544 1971 678 2040 παρ’
717 1974 890 2041 ἐμοῦ,
936 1976 1032 2027 καὶ
1082 1975 1250 2028 δώσω
1298 1994 1394 2029 σοι
1458 1980 1598 2047 ἔθνη

88 2056 182 2123 τὴν
201 2062 595 2129 intimae-aula?
624 2077 758 2126 σου,
800 2066 897 2118 καὶ
930 2066 1041 2134 τὴν
1082 2068 1448 2137 κατάσχεσίν
1487 2086 1599 2124 σου

88 2147 144 2199 τὰ
172 2146 380 2215 πέρατα
409 2150 519 2219 τῆς
549 2150 678 2220 τῆς.
708 2154 869 2208 Ὅταν
893 2151 981 2208 οὖν
1026 2156 1192 2220 λάϐω,
1218 2162 1368 2227 φησὶ,
1402 2160 1601 2231 ταύτην

87 2236 164 2306 τὴν
192 2238 468 2311 συνταγὴιν,
519 2242 612 2292 καὶ
639 2242 852 2295 ἐπειδάν
887 2243 1031 2312 τύχω
1052 2244 1237 2297 τούτου
1276 2247 1365 2298 τοῦ
1390 2247 1598 2319 καιροῦ,

84 2328 345 2393 τηνικαῦτα
384 2332 513 2401 παρ’
548 2332 729 2395 αὐτοῖς
760 2336 871 2396 τοῖς
906 2333 965 2399 ἐξ
1014 2335 1180 2387 ἐθνῶν
1226 2338 1600 2406 ἐπιστρέφουσι

85 2416 379 2488 διηγήσομαι
412 2421 588 2474 πάντα
633 2421 700 2474 τά
741 2422 1017 2493 θαυμάσια
1052 2442 1162 2477 σου.
1191 2422 1285 2488 Οἷς
1327 2427 1591 2493 ἐπιλέγει·

91 2506 213 2575 Ἐγὼ
236 2510 557 2576 εὐθύτητας
592 2511 787 2579 κρινῶ.
819 2514 1167 2584 Δικαιοσύνης
1186 2515 1292 2585 γὰρ
1315 2516 1406 2568 καὶ
1437 2516 1590 2568 εὐθύ·

80 2613 215 2665 τητοςν
270 2597 427 2668 ἔργον
478 2600 539 2651 τὸ
576 2602 649 2670 μὴ
690 2602 972 2667 Ἰουδαίους
1026 2606 1215 2673 μόνους
1261 2607 1594 2675 προσίεσθαι,

82 2689 191 2759 μηδὲ
215 2689 272 2742 τὸ
290 2688 347 2756 ἐξ
378 2689 625 2763 Ἀϐραὰμ
643 2692 795 2760 γένος
818 2696 957 2748 κατά
972 2696 1066 2765 τὴν
1093 2696 1327 2760 Μωσέως
1380 2699 1591 2769 κλῆσιν.

78 2780 171 2834 ἀλλ’
196 2781 250 2847 ἐξ
281 2782 532 2835 ἁπάντων
567 2782 675 2836 τῶν
702 2785 866 2839 ἐθνῶν
913 2788 1008 2857 τὴν
1050 2787 1274 2859 ἐκλογὴν
1325 2791 1593 2844 ποιεῖσθαι

78 2873 169 2925 τῶν
190 2873 521 2945 σωζομένων.
557 2876 755 2948 Διόπερ
801 2879 829 2930 ὁ
863 2880 1064 2949 Πέτρος
1094 2884 1148 2933 ὲν
1183 2885 1302 2945 ταῖς
1331 2884 1596 2954 Πράξεσιν

76 2962 454 3035 ἀναγέγραπται
505 2966 769 3037 εἰρηκώς⁸
814 2968 937 3021 Ἐπ’
980 2970 1261 3037 ἀληθείας
1306 2969 1468 3035 οἴδα,
1512 2974 1599 3028 ὅτι

75 3058 165 3108 οὐκ
195 3056 321 3111 ἔστι
350 3048 862 3129 προσωπολήπτης
890 3063 922 3114 ὀ
952 3063 1094 3128 Θεός
1112 3080 1125 3093 ·
1157 3064 1289 3118 ἀλλ’
1319 3065 1387 3117 ἐν
1421 3068 1596 3120 παντὶ

72 3146 203 3200 ἔθνει
231 3151 262 3201 ὁ
332 3149 698 3217 φοϐούμενος
741 3152 925 3205 αὐτὸν
975 3153 1183 3221 δεκτός
1223 3156 1388 3210 ἐστιν
1414 3159 1588 3225 αὐτῷ.

74 3237 159 3290 Καὶ
184 3238 210 3290 6
244 3238 452 3304 Παῦλος
472 3240 530 3293 δὲ
569 3241 806 3313 Ἰουδαίῳ
832 3260 892 3296 τε
935 3228 1149 3315 πρῶὲον
1178 3250 1270 3301 καὶ
1295 3249 1512 3321 Ἕλληνι
1536 3253 1595 3305 τὸ

73 3329 366 3398 Εὖαγγέλιον
408 3332 764 3403 κηρύττεσθαί
795 3351 925 3405 φησι
956 3336 1126 3405 λέγων
1146 3355 1159 3369 ο
1193 3342 1274 3393 Οὐ
1300 3341 1405 3419 γὰρ
1439 3343 1595 3397 ἐπαι-

69 3422 336 3489 σχύνομαι
358 3421 423 3475 τὸ
440 3422 805 3491 Euan-slew
820 3441 832 3454 '
851 3424 1101 3491 δύναμις
1128 3428 1235 3497 γὰρ
1258 3430 1403 3484 Θεοῦ
1426 3431 1593 3486 ἐστιν

68 3514 137 3578 είς
159 3515 447 3582 σωτηρίαν
475 3514 651 3568 παντί
692 3514 773 3593 τῷ
823 3518 1195 3582 πιστεύοντι,
1242 3521 1491 3585 Ἰουδαίῳ
1527 3541 1592 3577 τε

68 3603 274 3671 πρῶτον
320 3604 418 3658 καὶ
443 3606 722 3674 Ἕλληνι.
771 3608 1127 3676 Δικαιοσύνη
1168 3609 1275 3677 γὰρ
1327 3611 1470 3665 Θεοῦ
1522 3613 1591 3665 ἐν

66 3693 203 3759 αὐτῷ
260 3696 759 3761 ἀποκαλύπτεται,
827 3691 922 3761 Οἷς
992 3697 1295 3763 ἀκολούθως
1364 3700 1590 3756 ἐνταῦθα

65 3786 239 3852 φάσκει
267 3787 358 3841 τό·
402 3787 549 3857 Ἐγὼ
577 3773 905 3857 εὐθύτητος
945 3790 1145 3858 κρινῶ.
1188 3790 1585 3861 Εἶτ’-ἐπιλέγει·

74 3877 263 3947 Ἐτάκη
288 3880 326 3946 ἠ
349 3877 426 3949 τῆ
466 3878 573 3937 καί
592 3877 811 3945 πάντες
843 3882 896 3933 οί
922 3881 1336 3948 κατοικοῦντες
1366 3883 1583 3950 αὐτήνο

63 3966 158 4035 ἐγὼ
187 3970 515 4040 ἐστερέωσα
538 3970 679 4037 τοὺς
701 3970 964 4037 στύλους
984 3971 1189 4041 αὐτῆς.
1223 3974 1377 4027 Κατὰ
1403 3975 1457 4027 δὲ
1499 3977 1588 4029 τὸν

65 4056 350 4129 Σύμμαχον,
391 4058 859 4125 Συσταθήσεται,
904 4062 1085 4131 φησὶν,
1128 4063 1167 4129 ἡ
1200 4062 1273 4132 γῆ
1306 4064 1426 4118 σὺν
1466 4067 1589 4136 τοῖς

62 4150 424 4206 κατοικοῦσιν
472 4151 696 4217 αὐτήν·
728 4151 842 4221 ἐγὼ
884 4152 1115 4221 ῆδρασα
1144 4155 1284 4223 τοὺς
1326 4159 1587 4225 στύλους

59 4238 240 4307 αὐτῆς.
264 4230 456 4295 ⁵Ταῦτα
481 4240 539 4294 δὲ
563 4242 674 4304 τοῖς
713 4243 771 4294 ὲν
793 4239 870 4313 τῷ
899 4243 1006 4313 πρὸ
1032 4243 1220 4298 τούτου
1252 4245 1587 4318 λελεγμένοις

59 4330 249 4402 εἴρηται
279 4320 601 4404 συμφώνως.
659 4334 725 4387 Ἦ
756 4320 757 4323 η
770 4334 879 4406 γὰρ
930 4335 1343 4408 πολιορκηθεῖσα
1394 4340 1465 4411 γῆ
1491 4340 1584 4393 καὶ

1698 1870 1833 1923 siam
1864 1872 1965 1942 ipsi
1991 1872 2145 1927 Pater
2182 1875 2427 1943 promisit
2458 1876 2538 1930 his
2566 1876 2740 1931 verbis
2769 1895 2781 1930 :
2819 1874 3037 1930 Postulo
3071 1894 3103 1929 a
3131 1894 3228 1937 me,

1696 1971 1744 2015 et
1777 1962 1911 2016 dabo
1945 1966 2037 2017 tibi
2068 1976 2237 2034 gentes
2270 1967 2615 2021 Izwreditatem
2662 1978 2822 2032 tuam,
2858 1977 2904 2021 et
2952 1968 3215 2035 possessio-

1698 2072 1811 2109 nem
1843 2064 1986 2110 tuam
2021 2060 2263 2112 terminos
2295 2069 2443 2114 terra:
2458 2062 2523 2115 ³⁸.
2560 2060 2690 2116 Cum
2723 2076 2848 2131 ergo
2879 2059 2980 2114 hoc
3022 2068 3231 2129 tempus

1698 2142 1956 2208 stautum,
1979 2147 2172 2217 inquit,
2190 2163 2461 2218 accepero,
2485 2158 2539 2205 et
2557 2166 2677 2204 cum
2704 2150 2842 2204 hanc
2866 2150 3208 2220 opportunita

1698 2245 1802 2290 tem
1822 2247 2147 2292 consecutus
2164 2254 2277 2300 ero,
2305 2249 2431 2295 tunc
2448 2243 2693 2297 omnibus
2712 2243 2956 2313 gentibus
2977 2257 3095 2312 qua:
3114 2257 3232 2299 sese

1698 2331 2063 2384 converterint
2108 2332 2337 2385 narrabo
2384 2332 2560 2387 omnia
2591 2333 2854 2387 mirabilia
2889 2342 2999 2387 tua.
3026 2331 3233 2399 Quibus

1698 2418 1880 2473 subdit
1907 2438 1920 2473 :
1951 2419 2060 2491 Ego
2094 2424 2424 2477 rectitudines
2447 2424 2715 2492 judicabo.
2749 2423 2977 2479 Justitim
3002 2441 3232 2496 namque

1697 2516 1750 2563 et
1790 2511 2131 2569 rectitudinis
2165 2529 2299 2584 Opus
2329 2524 2430 2580 est,
2458 2532 2565 2570 non
2591 2515 2803 2573 Judtcos
2836 2518 3011 2572 solum
3041 2519 3207 2572 admit

1698 2607 1829 2658 tere.
1862 2617 2035 2672 neque
2077 2604 2362 2660 Abrahami
2416 2623 2583 2676 genus
2633 2608 2890 2662 duntaxat
2940 2608 3230 2663 secundum

1698 2690 1895 2760 Iloysis
1938 2694 2269 2749 vocationem
2316 2697 2578 2765 recipere,
2612 2697 2703 2751 sed
2737 2698 2989 2751 omnibus
3018 2712 3081 2751 ex
3111 2712 3212 2768 gen

1699 2782 1843 2836 tibus
1876 2785 2257 2839 servandorum
2307 2788 2619 2842 electionem
2648 2786 2838 2842 facere.
2871 2786 3231 2853 Quamobrem

1698 2872 1889 2928 Petrus
1935 2875 1989 2929 in
2039 2877 2257 2932 Actibus
2307 2877 2509 2932 dixisse
2550 2878 2805 2932 scribitur
2844 2898 2855 2932 :
2904 2877 2971 2932 In
3019 2880 3229 2937 veritate

1699 2970 1940 3035 comperi,
1985 2971 2105 3038 quia
2147 2988 2247 3025 non
2289 2980 2365 3024 est
2404 2988 2741 3041 personarum
2789 2983 3021 3040 acceptor
3064 2973 3199 3029 Deus

1700 3060 1791 3113 sed
1818 3062 1874 3113 in
1910 3062 2051 3115 omni
2078 3073 2223 3131 gente
2259 3063 2347 3132 qui
2390 3064 2531 3117 timet
2564 3049 2693 3117 eum'
2714 3074 2947 3133 acceptus
2970 3073 3045 3117 est
3071 3066 3150 3118 illi
3165 3066 3230 3119 ⁸⁸.

1697 3148 1895 3206 Paulus
1943 3163 2115 3207 autem
2153 3151 2335 3207 Judteo
2368 3153 2619 3222 primum,
2656 3162 2836 3222 postea
2879 3154 3061 3211 Grazco
3095 3171 3203 3225 prae

1692 3242 1980 3297 dicandum
2015 3242 2360 3312 Evangelium
2397 3260 2516 3300 esse
2564 3245 2694 3297 dicit
2729 3246 2819 3317 his
2858 3247 3034 3301 verbis
3065 3265 3078 3299 :
3112 3246 3231 3302 Non

1689 3331 1825 3383 enim
1845 3332 2084 3385 erubesco
2107 3331 2439 3403 Evangelium
2463 3349 2480 3387 :
2508 3335 2670 3387 virtus
2690 3350 2824 3387 enim
2853 3335 2945 3388 Dei
2967 3347 3043 3389 est
3069 3338 3119 3390 in
3147 3355 3213 3392 sa

1690 3421 1849 3474 tatem
1879 3423 2018 3475 omni
2054 3425 2297 3484 credenti,
2327 3423 2513 3476 Juda'o
2540 3426 2784 3491 primum,
2817 3434 2864 3477 et
2896 3423 3095 3485 Graeco.
3127 3425 3229 3480 Ju-

1689 3510 1837 3563 stitia
1867 3512 2003 3563 enim
2030 3510 2124 3564 Dei
2152 3512 2204 3565 in
2234 3513 2345 3579 ipso
2380 3512 2635 3564 revelatur
2652 3510 2716 3566 3".
2746 3511 2951 3575 Quibus
2982 3511 3069 3564 hic
3094 3527 3227 3567 con-

1690 3609 1980 3668 sequenter
2001 3602 2198 3656 dicitur
2224 3621 2238 3657 :
2273 3602 2381 3671 Ego
2404 3600 2730 3655 rectitudine:
2743 3600 3009 3669 judicabo.
3031 3600 3228 3656 Deinde

1688 3691 1906 3760 subjicit
1944 3711 1957 3746 :
1990 3691 2292 3762 Liquefacta
2322 3704 2399 3747 est
2430 3703 2567 3745 terra
2593 3708 2641 3744 et
2670 3708 2842 3747 omnes
2866 3693 2954 3761 qui
2990 3692 3226 3747 habitant

1688 3801 1719 3837 η
1758 3801 1819 3837 ea
1851 3800 1870 3839 :
1898 3800 1988 3854 ego
2035 3784 2347 3852 conﬁrmavi
2406 3782 2675 3835 columnas
2728 3781 2860 3848 ejus.
2917 3779 3224 3837 Secundum

1689 3874 2068 3945 Symmachum
2100 3888 2226 3929 vero
2254 3891 2266 3926 :
2302 3873 2680 3936 Constituetur,
2711 3872 2903 3941 inquit,
2940 3882 3078 3927 terra
3109 3890 3224 3928 cum

1683 3965 2036 4020 habitantibus
2079 3965 2134 4018 in
2178 3981 2241 4019 ea
2272 3979 2291 4016 :
2318 3980 2408 4032 ego
2434 3963 2737 4032 conﬁrmavi
2782 3963 3050 4021 columnas
3093 3966 3226 4033 ejus.

1684 4054 1808 4113 Haec
1850 4070 2011 4125 porro
2042 4053 2411 4133 praecedentis
2458 4054 2648 4124 psalmi
2690 4054 3047 4116 dictisat‘ﬁnia
3076 4064 3222 4131 sunt,

1684 4147 1852 4204 Terra
1895 4148 2159 4219 siquidem
2189 4148 2405 4202 obsessa
2438 4154 2491 4201 et
2522 4147 2631 4218 igni
2661 4147 2878 4209 tradita,
2902 4148 2974 4204 de
3007 4165 3109 4219 qua
3139 4150 3227 4205 di-

1647 4269 1653 4274 -
1684 4240 1902 4295 cebatur
1926 4259 2022 4294 :-
2043 4239 2277 4305 Quasiin
2293 4239 2423 4292 silva
2442 4237 2700 4307 lignorum
2729 4239 2992 4292 securibus
3026 4241 3221 4295 excide-

1685 4342 1804 4387 runt
1822 4331 2017 4404 januas
2050 4331 2164 4400 ejus
2194 4332 2250 4384 in
2282 4322 2527 4399 idipsum,
2558 4332 2611 4385 in
2638 4331 2809 4384 securi
2838 4338 2888 4383 et
2914 4331 3058 4389 ascia
3089 4331 3201 4399 deje

58 4425 174 4496 πυρὶ
189 4426 566 4499 παραδοθεῖσα,
598 4425 726 4497 περὶ
747 4420 815 4498 ἦς
846 4425 1164 4499 ἐλέγετοοέ
1177 4430 1268 4495 Ὧς
1292 4431 1361 4484 ἐν
1390 4430 1586 4501 δρυμῷ

1690 4432 2012 4483 cerunteam.
2043 4421 2388 4477 [incenderunt
2432 4423 2545 4491 igne
2579 4420 2944 4475 ~sanctuarium
2971 4427 3135 4484 tuum,
3172 4422 3223 4474 in

57 4515 235 4577 ξύλων
263 4518 497 4587 ἀξίναις
524 4517 754 4589 ἔκοψαν
796 4521 902 4587 τὰς
943 4523 1125 4590 θύρας
1154 4524 1341 4592 αὐτῆς
1370 4525 1469 4577 ἐπὶ
1518 4524 1584 4579 τὸ

54 4608 205 4672 αὐτὸ,
234 4609 303 4665 ἐν
330 4609 543 4666 πέλυκι
571 4626 647 4666 κα
692 4610 1060 4681 λαξευτηρίφ
1087 4612 1451 4682 κατέρῤαξαν
1475 4618 1581 4670 αὺ-

55 4697 172 4762 τήν.
219 4702 580 4771 ἐνεπύρισαν
616 4702 690 4755 ἐν
722 4702 864 4770 πυρὶ
896 4703 974 4756 “eo
1027 4704 1409 4774 άτιαστήριόν
1442 4721 1580 4770 σου,

51 4792 123 4854 είς
143 4791 254 4859 τὴν
270 4791 384 4862 τῆν
395 4792 771 4860 ἐόεσήλωσαν
790 4794 855 4847 τὸ
866 4794 1151 4865 σκήνωμα
1167 4797 1270 4850 τοῦ
1294 4798 1579 4865 ὀνόματός

49 4893 151 4933 σου
168 4883 428 4937 ·-ταῦτα
451 4884 697 4938 παθοῦσα
722 4885 917 4956 ἐτάκη,
952 4888 1044 4940 καὶ
1090 4886 1288 4949 πάντες
1316 4889 1364 4939 οἱ
1394 4905 1576 4942 κατοι-

49 4970 249 5037 κοῦντες
272 4974 443 5045 αὐτὴν
472 4976 562 5031 διὰ
600 4977 697 5041 τὰς
725 4976 975 5041 ἀσεϐείας
1021 4978 1196 5032 αὐτῶν
1240 4978 1459 5032 τοιαῦτα
1489 4997 1579 5032 πε-

50 5056 274 5112 πόνθασι.
306 5060 456 5132 Πλὴν
478 5094 481 5099 ν
501 5064 704 5119 τούτων
729 5064 1111 5135 ἀπολλυμένων
1130 5106 1144 5130 ,
1192 5062 1337 5135 ἐγὼ,
1388 5068 1571 5139 φησὶν,

44 5144 360 5215 ἐστερέωσα
382 5152 527 5218 τοὺς
551 5156 814 5221 στύλους
832 5153 1040 5223 αὐτῆς.
1060 5154 1223 5217 Τίνας
1244 5154 1287 5207 δ’
1314 5154 1379 5208 ἂν
1402 5157 1575 5223 εἴποις

45 5235 246 5301 τούτους
282 5238 317 5310 ἦ
346 5241 471 5304 τοὺς
523 5242 703 5313 ἱεροὺς
726 5243 1049 5305 ἀποστόλους
1068 5243 1159 5296 καὶ
1209 5244 1414 5309 πάντας
1448 5249 1573 5313 τοὺς

44 5326 123 5380 τοῦ
150 5328 401 5403 Σωτῆρος
638 5334 881 5404 μαθητάς
920 5352 980 5387 τε
1026 5334 1119 5386 καὶ
1146 5334 1569 5407 εὐαγγελιστάς;

55 5414 132 5483 Ἐξ
155 5420 325 5492 αὐτῆς
344 5420 455 5491 γάρ
486 5421 697 5493 ἐκείνης
724 5424 1073 5495 προελθόντες
1092 5421 1189 5491 τῆς
1226 5423 1347 5493 γῆς,
1390 5429 1569 5484 στῦλοι

1687 4528 1825 4570 terra
1842 4515 2134 4583 polluerunt
2160 4514 2548 4568 tabernaculum
2567 4513 2787 4567 nominis
2813 4513 2888 4564 tui
2918 4511 2997 4577 ⁸⁸;
3024 4540 3093 4551 -
3114 4512 3225 4567 haec

1683 4622 1865 4678 passa.
1899 4607 2187 4677 liquefacta
2217 4616 2331 4672 est;
2368 4614 2419 4660 et
2444 4620 2548 4659 una
2574 4619 2761 4658 omnes
2788 4606 2880 4673 qui
2913 4604 3228 4659 habitabant

1681 4701 1733 4755 in
1767 4714 1829 4755 ea
1862 4701 2191 4769 impietatum
2220 4713 2440 4753 suarum
2471 4712 2636 4753 causa
2668 4698 2781 4754 haec
2812 4701 3052 4770 perpessi
3079 4706 3223 4754 sunt.

1682 4790 1941 4844 Caeterum
1986 4790 2070 4843 bis
2118 4790 2487 4858 pereuntibus,
2525 4807 2639 4861 ego,
2680 4791 2877 4861 inquit,
2925 4793 3226 4861 conﬁrmavi

1680 4881 1947 4935 columnas
1992 4880 2124 4949 ejus.
2154 4878 2299 4946 Quas
2342 4895 2435 4936 eas
2478 4896 2598 4937 esse
2638 4883 2861 4945 dixeris,
2888 4883 2992 4938 nisi
3039 4898 3223 4939 sacros

1679 4971 1953 5043 apostolos
1996 4978 2050 5024 et
2096 4986 2283 5029 omnes
2316 4969 2619 5027 Servatoris
2653 4974 2822 5029 nostri
2847 4973 3140 5043 discipulos
3169 4982 3223 5029 et

1678 5062 2066 5132 cvangelistas?
2118 5060 2250 5116 Nam
2294 5078 2415 5117 cum
2464 5078 2529 5117 ex
2560 5063 2766 5117 readem
2814 5072 2953 5117 terra
2991 5060 3222 5131 prodiis-

1679 5164 1816 5217 sent,
1846 5154 2110 5207 columnae
2133 5162 2186 5209 et
2221 5154 2614 5209 ﬁrmamentum
2643 5152 2893 5207 Ecclesiae
2921 5152 3047 5205 facti
3068 5160 3215 5207 sunt.

1677 5247 2017 5315 Quapropter
2071 5244 2273 5301 Paulus
2316 5246 2681 5315 apostolorum
2722 5242 3033 5313 eorypbmos
3066 5244 3219 5298 colu-

1674 5352 1828 5392 mnas
1851 5336 2074 5390 vocabat
2105 5337 2291 5392 dicens
2324 5336 2585 5392 :Jacobus
2610 5344 2660 5389 et
2691 5331 2889 5402 Cephas
2904 5331 3218 5397 etloannes,

1672 5429 1762 5501 qui
1796 5425 2031 5480 videntur
2067 5428 2320 5481 columnce
2344 5444 2453 5482 esse
2474 5427 2539 5481 ³⁸.

40 5511 121 5561 καὶ
173 5500 453 5585 ἑδραίωμα
509 5515 760 5583 γεγόνασι
807 5516 904 5587 τῆς
953 5516 1290 5587 Ἐκκλησίας.
1333 5518 1422 5571 Διὸ
1466 5522 1559 5574 καὶ
1605 5500 1812 5584 Παῦλος
1879 5520 2003 5581 τοὺς
2074 5520 2400 5588 κορυφαίους
2468 5516 2573 5569 τῶν
2630 5514 2936 5571 ἀποστόλων
2998 5513 3217 5580 στύλους

41 5602 271 5672 ὠνόμαζε
295 5605 496 5676 λέγων·
528 5605 788 5673 Ἰάκωϐος
816 5607 911 5661 καὶ
936 5606 1140 5678 Κηφᾶς
1165 5608 1261 5663 καὶ
1288 5609 1579 5679 Ἰωάννης,
1608 5616 1663 5667 οι
1694 5612 2014 5677 δοκοῦντες
2041 5610 2249 5664 στῦλοι
2278 5606 2447 5664 εἶναι.

88 5785 129 5812 ³⁸
165 5786 309 5839 Psal.
346 5800 423 5852 ιι,
452 5770 514 5840 ’8.
590 5788 633 5816 ³⁵
670 5792 789 5838 Act.
824 5800 889 5850 ι,
924 5785 1010 5841 54.
1087 5790 1130 5820 ³⁷
1169 5786 1323 5841 ltom.
1359 5801 1407 5851 ι,
1444 5788 1528 5854 16,
1564 5791 1587 5844 l

1724 5792 1767 5824 ³⁸
1802 5789 1946 5855 Psal,
1985 5803 2181 5855 LXXIII,
2220 5790 2333 5845 5-7.
2410 5789 2453 5821 π
2492 5788 2663 5841 Gaiat.
2700 5800 2771 5851 ιι,
2806 5786 2838 5836 9
