3950 6342
671 368 767 422 871

1319 354 1593 419 ΕυὸΕΒΙῘ
1620 359 2084 417 (ΞΑΞΞΑΒΙΕΝΒΙὸ
2119 360 2175 415 01

2300 360 2475 416 PARS
2510 361 2593 417 ΙΙΙ.
2625 393 2690 402 -
2726 361 3118 417 EXEGETICA.

3696 363 3787 421 872

737 475 898 530 Vens.
925 478 978 540 5,
1012 476 1065 530 6.
1104 475 1226 528 Dixi
1257 476 1445 546 iniquis
1472 490 1492 528 .'
1524 448 1699 528 Nolite
1737 475 1906 543 inique
1935 490 2116 544 agere;
2142 490 2175 526 ei

2358 471 2512 527 Εἷπα
2547 475 2666 541 τοῖς
2697 475 3118 553 παρανομοῦσι,
3148 473 3241 541 Μὴ
3269 474 3674 542 παρανομεῐτε,
3703 479 3788 531 καὶ

665 568 1066 636 delinquentibus
1083 582 1100 618 :
1117 558 1287 619 Nolite
1303 567 1535 620 exaltare
1557 582 1733 620 cornu.
1746 565 2038 630 Columnas
2065 566 2183 633 qui-

664 655 784 710 dem
809 663 1006 709 sancta
1033 664 1086 708 et
1107 654 1381 710 catholica
1405 644 1658 709 Ecclesiae
1679 669 1800 724 ego,
1824 654 1994 723 inquit
2022 650 2181 717 Deus,

665 745 886 807 ﬁrmavi,
930 753 1110 814 utpote
1151 745 1242 814 qui
1283 759 1348 809 ex
1396 754 1686 800 memorata
1722 751 1865 798 terra
1903 741 2185 814 liquefacta

664 848 784 887 cum
834 833 1219 902 habitatoribus
1260 834 1394 899 suis,
1431 836 1578 904 ipsos
1619 835 1902 903 elegerim;
1951 834 2185 903 reliquos

665 938 792 978 vero
823 930 1159 988 contestans
1178 940 1321 989 sum,
1347 922 1662 992 praecipiens
1689 923 1794 977 illis
1824 923 2076 992 ipsosque
2093 934 2187 977 co-

665 1019 884 1072 hortans
931 1025 988 1070 ut
1021 1031 1104 1072 'ne
1132 1018 1310 1085 inique
1337 1024 1572 1085 agerent.
1609 1013 1909 1068 Secundum
1940 1012 2183 1084 Symma-

658 1107 818 1177 chum
837 1120 962 1160 vero
989 1125 1002 1160 :
1033 1105 1156 1159 Dixi
1181 1105 1458 1171 seditiosis,
1480 1105 1669 1173 inquit,
1692 1103 1771 1157 Ne
1797 1103 2036 1158 seditiose
2057 1102 2186 1174 aga-

659 1197 825 1258 tis;et
858 1196 1067 1264 iniquis,
1119 1193 1295 1248 Nolite
1316 1194 1546 1247 exaltare
1573 1209 1749 1247 cornu.
1779 1193 1859 1247 Ne
1887 1192 2114 1246 extollite
2132 1192 2185 1245 in

658 1287 825 1337 altum
870 1301 1028 1339 cornu
1067 1293 1289 1337 vestrum
1332 1284 1589 1353 loquentes
1633 1285 1820 1336 cervice
1844 1283 2182 1352 iniquitatem.

659 1371 855 1428 Eadem
885 1389 1010 1428 vero
1041 1374 1154 1443 ipsa
1181 1373 1500 1442 possunt-ad
1523 1374 1685 1426 alium
1710 1373 1970 1436 ordinem,
1999 1388 2183 1428 eorum

661 1462 903 1516 videlicet
951 1463 1040 1531 qui
1082 1478 1144 1515 ex
1197 1463 1602 1516 circumcisione
1655 1471 1798 1526 sunt,
1841 1464 2048 1524 referri.
2092 1464 2185 1534 qui

659 1561 847 1607 contra
875 1550 1206 1606 Servatorem
1236 1551 1545 1605 seditionem
1582 1560 1878 1618 moverunt,
1913 1560 1966 1606 et
1996 1552 2186 1607 adver-

657 1650 753 1715 sus
801 1652 920 1690 eum
971 1638 1857 1705 insurrexeruutzquorum.causa
1901 1628 2184 1708 liquefacta

656 1734 739 1781 est
768 1734 908 1781 terra
936 1742 1120 1780 eorum
1151 1735 1204 1782 et
1229 1742 1415 1782 omnes
1443 1729 1532 1796 qui
1568 1729 1877 1782 habitabant
1898 1730 1951 1782 in
1971 1729 2185 1783 ea.Ca3-

655 1823 826 1872 terum
856 1819 1103 1874 omnibus
1134 1833 1346 1889 quoque
1373 1835 1468 1888 per
1489 1819 1672 1873 orbem
1695 1820 1944 1888 gentibus
1969 1828 2181 1889 aposto-

655 1907 824 1961 lorum
849 1908 1222 1978 praedicatione
1239 1910 1553 1964 testiﬁcatus
1575 1916 1677 1970 est,
1696 1917 1749 1963 ut
1778 1925 1843 1964 ne
1862 1909 2042 1977 inique
2060 1924 2182 1979 age-

654 2007 794 2061 rent,
809 2006 862 2053 et
884 1999 1254 2068 peccatoribus
1274 2006 1334 2051 ut
1360 2013 1428 2054 ne
1449 1999 1649 2068 peccati
1677 2013 1842 2054 cornu
1865 2000 2178 2064 exaltarent,

654 2104 826 2157 neque
870 2104 989 2143 sese
1025 2088 1276 2143 eﬂ‘errcnt
1300 2095 1355 2142 et
1396 2095 1710 2158 arroganter
1754 2098 1992 2166 agerent,
2009 2104 2182 2158 neque

653 2178 1000 2247 loquerentur
1030 2179 1284 2233 adversus
1309 2178 1471 2233 Deum
1497 2179 1858 2249 iniquitatem:
1886 2179 2028 2251 quod
2053 2194 2181 2235 sane

657 2275 784 2323 ante
825 2268 1051 2337 agebant
1080 2281 1200 2322 cum
1228 2269 1599 2340 multiplicium
1628 2269 1846 2324 deorum
1868 2271 2037 2324 errori
2062 2271 2180 2324 ani—

651 2370 797 2411 mum
831 2357 1162 2419 adhiberent,
1191 2367 1243 2413 et
1261 2355 1433 2413 Deum
1456 2361 1822 2416 universorum
1851 2353 2175 2429 ignorarent.

718 2446 881 2503 Vens.
917 2447 1027 2502 7-9.
1069 2449 1207 2514 Quia
1236 2465 1393 2519 neque
1432 2448 1494 2502 ab
1529 2449 1738 2514 oriente,
1777 2466 1930 2521 neque
1954 2449 2018 2502 ab
2045 2451 2179 2504 occi-

649 2538 814 2602 dente,
838 2557 992 2610 neque
1025 2559 1055 2594 a
1085 2540 1296 2594 desertis
1330 2542 1606 2603 montibus,
1637 2530 1878 2611 quoniam
1915 2539 2058 2610 Deus
2083 2540 2177 2610 ju-

647 2630 747 2681 ἀει
787 2639 882 2682 est.
913 2630 972 2683 Et
1014 2630 1126 2685 haec
1163 2645 1397 2700 quoque,
1444 2632 1540 2694 ait,
1578 2647 1672 2701 per
1719 2632 1986 2701 apostolos
2031 2644 2178 2685 meos

649 2721 894 2777 omnibus
920 2720 1224 2775 hominibus
1252 2720 1570 2775 testiﬁcatus
1611 2736 1751 2784 sum,
1780 2731 1838 2774 ut
1866 2720 2053 2788 judicii
2086 2718 2179 2774 Dei

649 2809 1076 2871 recordarentur,
1104 2819 1155 2864 et
1192 2811 1368 2864 omnis
1397 2810 1696 2879 iniquitatis
1730 2812 1884 2864 ﬁnem
1920 2809 2176 2874 lacerent,

650 2898 890 2964 persuasi
931 2897 1294 2952 universorum
1319 2898 1553 2965 judicem
1596 2913 1700 2952 non
1727 2898 1915 2966 procul
1948 2898 2134 2953 abesse
2158 2938 2174 2964 ,

650 2986 750 3039 sed,
793 2987 972 3039 omnia
1028 2987 1266 3056 implere,
1310 2996 1364 3042 et
1415 2988 1614 3059 ubique
1673 2996 1986 3057 praesentem
2034 3005 2172 3044 esse.

651 3075 827 3142 Quare
858 3077 1108 3131 convenit
1150 3093 1248 3132 nos
1293 3079 1445 3151 quasi
1490 3078 1544 3132 in
1588 3080 1758 3133 oculis
1795 3079 1912 3148 ejus
1939 3080 2176 3163 viventes
2202 3101 2241 3158 ο

647 3168 834 3225 animo
865 3168 927 3221 ad
958 3183 1078 3241 eum
1121 3184 1381 3225 converso
1423 3171 1630 3240 degere.
1666 3169 1846 3240 Neque
1884 3171 2023 3224 enim
2050 3185 2172 3239 pro-

650 3258 739 3310 cul
768 3258 936 3318 abest.
967 3260 1035 3311 ita
1068 3269 1124 3312 ut
1155 3260 1473 3314 arbitremur
1497 3276 1616 3316 eum
1645 3261 1797 3330 longe
1827 3275 1856 3314 a
1886 3262 2040 3316 nobis
2079 3263 2172 3316 ha-

653 3349 840 3410 bitare,
881 3349 992 3403 sive
1033 3349 1087 3403 in
1135 3349 1360 3410 oriente.
1395 3349 1508 3404 sive
1567 3351 1622 3402 in
1647 3351 1942 3414 occidente,
1983 3351 2093 3405 sive
2118 3352 2172 3405 in

649 3439 877 3492 desertis
903 3448 954 3491 et
986 3439 1272 3494 montibus.
1303 3439 1434 3492 Nam
1473 3440 1678 3494 medius
1708 3449 1762 3493 et
1793 3434 2026 3509 praesens
2052 3442 2171 3495 uni-

650 3530 842 3594 versis,
870 3529 1028 3596 judex
1057 3529 1293 3584 omnium
1324 3537 1424 3584 est.
1452 3529 1644 3585 Judicii
1680 3540 1854 3586 autem
1893 3532 2032 3586 illius
2059 3532 2171 3586 oﬁl-

650 3620 793 3671 cium
842 3627 942 3679 est,
973 3629 1028 3672 ut
1071 3620 1355 3689 unicuique
1402 3635 1497 3690 pro
1541 3621 1734 3674 merito
1776 3621 1994 3683 tribuat.
2027 3622 2168 3678 hunc

649 3708 889 3761 humiliet
915 3717 965 3763 et
1000 3710 1140 3763 hunc
1163 3711 1390 3776 exaltet;
1420 3711 1682 3779 superbos
1710 3711 1919 3780 quidem
1945 3713 2168 3784 illosque

649 3793 740 3862 qui
764 3809 930 3849 cornu
957 3812 1111 3851 suum
1140 3798 1192 3851 in
1219 3799 1380 3851 altum
1403 3800 1663 3853 extollunt
1692 3800 1962 3866 humiliet,
1996 3804 2169 3857 humi-

651 3885 728 3938 les
757 3899 880 3938 vero
907 3887 1119 3951 exaltet,
1151 3889 1441 3942 secundum
1475 3887 1600 3942 illud
1633 3909 1645 3944 :
1677 3889 1810 3944 Deus
1836 3893 2063 3959 superbis
2090 3910 2169 3946 re-

649 3975 808 4035 sistit,
834 3975 1110 4030 humilibus
1152 3987 1320 4030 autem
1353 3979 1442 4031 dat
1474 3981 1693 4048 gratiam
1712 3983 1774 4033 ⁸ο.
1811 3982 2165 4047 Quamobrem

651 4067 724 4117 ait
757 4083 768 4117 :
801 4064 936 4130 Quia
970 4081 1126 4134 neque
1153 4066 1214 4118 ab
1243 4069 1455 4128 oriente,
1487 4087 1641 4137 neque
1674 4073 1735 4124 ab
1772 4073 2044 4136 occidente,
2075 4089 2165 4125 ne—

648 4170 744 4221 que
793 4170 824 4206 a
871 4155 1084 4209 desertis
1135 4157 1427 4220 montibus;
1471 4174 1566 4227 pro
1591 4162 1785 4228 quibus
1817 4161 2166 4232 Symmachus

651 4243 729 4296 sic
759 4243 1132 4313 interpretatus
1161 4254 1240 4299 est
1273 4263 1287 4300 :
1318 4244 1437 4299 Non
1467 4247 1599 4300 enim
1633 4249 1694 4301 ab
1725 4251 1934 4315 oriente,
1968 4266 2069 4302 non
2101 4248 2164 4300 ab

650 4333 925 4396 occidente,
959 4353 1113 4405 neque
1143 4354 1174 4388 a
1203 4335 1402 4390 deserto
1428 4337 1675 4390 montium
1701 4352 1718 4389 :
1747 4339 1832 4390 sed
1853 4338 1989 4391 Deus
2002 4337 2164 4406 judex

2284 565 2404 629 τοῖς
2443 565 2855 634 ἁμαρτάνουσι,
2893 563 2988 632 Μὴ
3037 565 3260 633 ὑψοῦτε
3301 563 3493 631 κέρας.
3535 566 3667 628 Τοὺς
3705 567 3790 635 μὲν

2284 654 2501 717 στύλους
2541 655 2637 726 τῆς
2679 655 2838 722 ἁγίας
2882 653 3292 723 καὶήθολικῆς
3327 643 3640 723 Ἐκκλησίας
3673 653 3789 722 ἐγὼ,

2282 743 2442 814 φησὶν
2471 743 2503 795 ὸ
2518 742 2667 807 Θεὸς,
2701 741 3002 813 impluat
3019 758 3034 770 ·
3056 741 3138 795 ὅτι
3156 741 3234 811 (ι)
3249 740 3597 806 ἐκλεξάμενος
3613 741 3799 809 abero);

2274 836 2341 888 ἐκ
2367 833 2468 902 τῆς
2500 828 2851 899 ἀποδοθείσης
2881 826 2985 896 γῆς
3008 823 3266 894 τακείσης
3309 823 3444 894 μετά
3480 821 3588 875 τῶν
3624 818 3807 872 οἰκούν-

2276 942 2383 982 των
2415 924 2585 995 αὐτήν
2606 939 2618 953 ⁸
2649 924 2760 986 τοῖς
2803 920 2860 975 δὲ
2891 913 3574 986 λοιποῖςοδιεμαρτυράμην
3602 912 3810 966 διαστει-

2277 1015 2509 1087 λάμινος
2538 1013 2632 1068 καὶ
2663 1009 2995 1084 παραινέσας
3024 1003 3098 1076 μὴ
3117 1005 3465 1075 παρανομεῖν.
3485 1001 3640 1056 Κατὰ
3657 1000 3712 1053 δὲ
3736 1000 3812 1053 τὸν

2279 1107 2612 1178 Σύμμαχον·
2655 1105 2843 1166 Ετπα,
2890 1100 3043 1172 φησὶ,
3094 1096 3218 1162 τοῖς
3263 1092 3686 1156 σταοιάζουσι,
3729 1089 3810 1157 Μὴ

2281 1195 2625 1256 στασιάζετε
2641 1209 2658 1224 ⁸
2713 1192 2813 1246 καὶ
2858 1189 2982 1256 τοῖς
3019 1186 3405 1258 παρανόμοις,
3433 1181 3538 1249 ’Μὴ
3569 1181 3813 1248 ἐπαίρετε

2282 1285 2502 1355 κέρας..
2539 1283 2635 1353 Μὴ
2669 1283 2938 1351 inrupere
2984 1283 3071 1347 εὶς
3126 1278 3283 1347 ὕψος
3317 1275 3390 1330 τὸ
3441 1274 3616 1342 κέρας
3669 1268 3814 1340 ὑμῶν

2280 1375 2613 1440 λαλοῦντες
2663 1370 2938 1442 τραχήλῳ
2981 1371 3250 1440 ἀνομίαν.
3295 1365 3524 1420 Δύναται
3569 1361 3627 1414 δὲ
3665 1356 3814 1437 ταῦτα

2285 1468 2422 1541 πρὸς
2441 1467 2504 1520 τὸ
2525 1467 2709 1536 ἕτερον
2736 1465 2919 1534 τάγμα
2947 1463 3008 1516 τὸ
3030 1464 3091 1514 ἐκ
3117 1457 3412 1533 περιτομῆς
3433 1451 3701 1523 λέγεσθαι,
3725 1448 3815 1502 τῶν

2287 1555 2836 1614 καταστασιασάντων
2869 1552 2960 1606 τοῦ
2996 1553 3243 1618 Σωτῆρος
3276 1549 3371 1602 καὶ
3395 1541 3817 1613 κατεπαρθέντωδ

2279 1646 2471 1689 αὑτοῦ·
2520 1639 2586 1686 δι’
2616 1636 2720 1700 οὓς
2773 1635 2937 1706 ἐτάκη
2965 1636 3140 1690 αὐτῶν
3181 1640 3214 1708 ὴ
3273 1642 3341 1709 γῆ
3386 1640 3478 1693 καὶ
3522 1642 3710 1704 πάντες
3745 1640 3790 1694 oi

2280 1727 2648 1804 κατοικοῦντες
2697 1730 2881 1802 αὐτήν.
2925 1731 3067 1802 Πλὴν
3117 1732 3343 1794 καὶτοῖς
3386 1733 3502 1786 καθ’
3546 1735 3668 1804 ὅλης
3702 1737 3785 1806 τῆς

2285 1817 2592 1890 οἰκουμένης
2626 1819 2796 1872 ἔθνεσι
2823 1820 2909 1873 sta
2933 1821 3023 1873 τοῦ
3050 1820 3156 1873 τῶν
3184 1821 3485 1875 ἀποστόλων
3524 1825 3786 1894 κηρύγμα-

2278 1895 2367 1970 τος
2413 1908 2748 1978 ἐμαρτύρατο
2779 1909 2850 1980 μὴ
2896 1911 3243 1980 παρανομεῖν,
3294 1911 3384 1963 καὶ
3423 1914 3530 1974 τοῖς
3557 1914 3783 1984 ἁμαρτά-

2279 2014 2424 2050 νουσι
2456 1998 2530 2067 μὴ
2569 1998 2731 2066 ὑψοῦν
2756 2000 2812 2051 τὺ
2837 1999 2935 2069 τῆς
2976 1999 3243 2070 ἁμαρτίας
3271 1999 3454 2071 κέρας,
3485 2003 3616 2072 μηδὲ
3649 2005 3784 2056 ἐπαί-

2279 2086 2462 2158 ρεσθαι
2498 2087 2590 2138 καὶ
2613 2073 3120 2158 ’καταθρασύνεσθαι
3143 2127 3158 2152 ,
3193 2087 3322 2159 μηδὲ
3366 2090 3539 2143 λαλεῖν
3591 2093 3784 2147 ἀδικίαν

2278 2177 2414 2229 κατὰ
2450 2176 2540 2229 τοῦ
2581 2177 2741 2230 Θεοῦ·
2785 2179 2915 2248 ὅπερ
2966 2179 3222 2249 πρότερον
3272 2178 3527 2249 ἔπραττον
3561 2183 3784 2253 πολυθέῳ

2275 2266 2623 2336 προσέχοντες
2677 2268 2846 2338 πλάνῃ
2871 2308 2886 2334 ,
2933 2269 3025 2320 καὶ
3073 2268 3164 2322 τὸν
3210 2268 3316 2321 τῶν
3360 2269 3494 2324 ὅλων
3543 2271 3668 2325 Θεὸν
3718 2277 3782 2343 μὴ

2275 2355 2488 2418 ειδότες.
3000 2408 3002 2411 .

2346 2446 2462 2498 Ὅτι
2493 2446 2624 2499 οὔτε
2650 2448 2763 2501 ἀπὸ
2788 2448 3030 2516 ἐξόδων,
3060 2452 3196 2505 οὔτε
3223 2454 3336 2522 ἀπὸ
3375 2454 3636 2524 δυσμῶν,
3664 2454 3784 2508 οὔτε

2273 2534 2388 2587 ἀπὸ
2429 2533 2657 2602 ἐρήμων
2692 2536 2886 2603 ὀρέων,
2915 2537 3000 2591 ὅτι
3039 2543 3072 2594 ὀ
3104 2540 3242 2606 Θεὸς
3281 2543 3481 2610 κριτής
3516 2543 3660 2596 ἐστι.
3689 2544 3784 2597 Καὶ

2272 2622 2459 2686 ταῦτα,
2476 2623 2625 2693 φησὶ,
2647 2625 3081 2699 διεμαρτυράμην
3104 2630 3190 2684 διὰ
3209 2632 3312 2685 τῶν
3330 2633 3474 2701 ἐμῶν
3496 2634 3784 2706 ἀποστόλων

2273 2712 2470 2768 ἀπασιν
2519 2717 2817 2788 ἀνθρώποις
2839 2759 2855 2783 ,
2903 2720 3250 2790 μνημονεύειν
3297 2722 3396 2792 τῆς
3432 2724 3656 2794 κρίσεως
3702 2723 3783 2776 τοῦ

2273 2802 2442 2869 Θεοῦ,
2480 2808 2584 2859 οιαὶ
2626 2808 2929 2862 παύσασθαι
2974 2811 3154 2882 πάσης
3201 2814 3569 2882 παρανομίας,
3616 2831 3783 2866 πεπει-

2276 2893 2497 2963 σμένους
2541 2898 2620 2950 ὅτι
2668 2899 2726 2950 οὐ
2776 2900 2958 2969 πόρρω
2995 2917 3095 2953 που
3140 2901 3439 2974 ἀφέστηκεν
3480 2907 3510 2957 ὸ
3536 2905 3641 2958 τῶν
3663 2905 3783 2958 ὅλων

2274 2987 2491 3054 κριτής·
2522 2987 2695 3042 πάντα
2719 2988 2775 3040 δὲ
2799 2989 2990 3060 πληροῖ
3009 2991 3101 3044 καὶ
3140 2994 3404 3062 πανταχοῦ
3433 2995 3672 3065 πάρεστι.
3705 2995 3783 3049 Διὸ

2275 3077 2532 3145 προσήκει
2552 3078 2626 3140 ὼς
2652 3080 2708 3131 ἐν
2730 3078 3018 3150 ὀφθαλμοῖς
3040 3081 3199 3135 αὑτοῦ
3238 3083 3442 3147 ζῶντας
3467 3085 3784 3156 ἐπιστρεφῶς

2277 3165 2659 3220 πολιτεύεσθαι.
2683 3169 2757 3222 Ού
2776 3169 2882 3240 γὰρ
2905 3170 3113 3241 μακρὰν
3145 3172 3462 3244 ἀφέστηκεν,
3488 3175 3562 3237 ὡς
3587 3175 3782 3242 νομίσαι

2276 3254 2459 3324 πόρρω
2492 3270 2591 3308 που
2625 3257 2926 3327 ἀπῳκίσθαι
2963 3259 3149 3324 αὑτὸν,
3197 3261 3229 3331 ἢ
3277 3262 3409 3333 πρὸς
3443 3264 3628 3327 αὐταῖς
3671 3264 3784 3317 ἀνα-

2273 3345 2464 3408 τολαῖς,
2489 3346 2520 3416 ἢ
2547 3346 2684 3401 κατά
2715 3348 2782 3400 τὰ
2812 3347 3065 3419 δυσμιατα
3095 3352 3252 3421 μέρη,
3289 3353 3322 3421 ἡ
3352 3369 3453 3404 που
3483 3356 3539 3406 ἐν
3553 3355 3784 3425 ἐρημίαις

2275 3428 2365 3490 καὶ
2390 3437 2556 3506 ὄρεσι.
2599 3440 2771 3503 Μέσος
2797 3439 2901 3509 γὰρ
2938 3443 3214 3512 ἐπιπαρὼν
3244 3447 3352 3507 τοῖς
3402 3447 3573 3509 πᾶσι,
3613 3447 3783 3516 κριτὴς

2270 3527 2376 3580 τῶν
2399 3529 2532 3582 ὅλων
2564 3530 2695 3582 ἐστί.
2732 3533 2926 3602 Ἔργον
2951 3549 3009 3585 τε
3039 3533 3199 3585 αὐτοῦ
3219 3534 3316 3603 τῆς
3344 3519 3573 3604 κρίσεως
3602 3537 3658 3590 τὺ
3677 3537 3784 3590 κατ’

2271 3617 2421 3681 ἀξίαν
2447 3620 2731 3688 ἀπονέμειν
2770 3622 2995 3689 ἑκάστῳ,
3031 3623 3121 3673 καὶ
3157 3621 3336 3675 τοῦτον
3377 3623 3475 3692 μὲν
3498 3625 3782 3685 ταπεινοῦν,

2269 3709 2449 3763 τοῦτον
2496 3711 2551 3761 δὲ
2579 3709 2776 3778 ὑψοῦν
2817 3709 3094 3762 ταπεινοῦν
3141 3712 3234 3780 μὲν
3259 3714 3384 3774 τοὺς
3428 3714 3784 3783 ὑπερηφάνους

2270 3804 2361 3855 xui.
2410 3804 2533 3866 τοὺς
2585 3804 2900 3874 ἐπαίροντας
2952 3804 3030 3866 είς
3087 3803 3216 3871 ῦψος
3261 3804 3321 3855 τὸ
3367 3804 3530 3875 κέρας
3589 3806 3780 3858 αὐτῶν·

2271 3892 2433 3961 ὑψοῦν
2469 3895 2539 3948 δὲι
2560 3896 2680 3956 τοὺς
2709 3894 3014 3958 ταπεινοὺς,
3043 3896 3183 3948 κατά
3209 3895 3268 3947 τό
3287 3910 3300 3924 ⁸
3343 3897 3405 3948 '0
3435 3897 3574 3962 Θεὸς
3617 3900 3780 3963 1938p-

2268 3982 2514 4049 ηεράνοις
2552 3982 2959 4036 ἀντιτάσσεται
2978 4023 2992 4047 ,
3041 3983 3332 4050 ταπεινοῖς
3362 3985 3429 4038 δὲ
3467 3985 3662 4038 δίδωσι
3688 3985 3782 4054 χά-

2261 4089 2379 4138 ριν.
2425 4074 2512 4125 Διό
2559 4090 2748 4144 φησιν·
2783 4075 2898 4126 Ὅτι
2943 4075 3076 4128 οὔτε
3129 4076 3246 4129 ἀπὸ
3277 4075 3495 4140 ἐξόδων
3547 4077 3641 4129 καὶ
3677 4074 3780 4129 ἀπὸ

2268 4160 2572 4213 ἀνατολῶν
2586 4161 2780 4224 ἡλίου,
2797 4162 2931 4214 οὔτε
2953 4162 3068 4214 (ἱπό
3093 4162 3353 4232 δυσμῶν,
3376 4165 3508 4217 οὔτε
3526 4164 3641 4216 ἀπὸ
3657 4162 3780 4231 ἐρή-

2263 4265 2390 4317 μων
2433 4251 2637 4316 ὀρέων·
2663 4253 2774 4303 ἀνθ’
2798 4245 2870 4304 ὧν
2898 4256 2926 4306 ὸ
2965 4255 3248 4324 Σύμμαχος
3275 4253 3456 4308 τοῦτον
3486 4256 3780 4324 ἡρμήνευσε

2266 4341 2355 4392 τὸν
2378 4340 2598 4408 τρόπον*
2639 4344 2718 4394 Οὐ
2755 4345 2861 4411 γὰρ
2897 4345 3011 4398 ἀπὸ
3041 4345 3351 4413 ἀνατολῆς,
3380 4345 3518 4398 οὐδὲ
3548 4346 3660 4397 ἀπὸ
3692 4344 3782 4395 δύ-

651 4423 783 4475 Imnc
809 4425 1008 4491 quidem
1038 4425 1292 4492 humiliat,
1325 4426 1456 4478 hunc
1487 4436 1655 4480 autem
1685 4428 1904 4481 exultat.
1949 4427 2013 4480 Et
2064 4428 2168 4481 hoc

2273 4445 2434 4493 σεως,
2469 4428 2607 4481 οὐδὲ
2633 4430 2748 4483 ἀπὸ
2787 4431 3003 4499 ἐρήμου
3032 4434 3234 4499 ὸρέων·
3267 4435 3401 4487 ἀλλ’
3438 4436 3470 4484 ὀ
3503 4432 3643 4495 Θεὸς
3675 4447 3782 4496 npt-

652 4517 798 4578 sane,
833 4515 1019 4581 inquit,
1055 4518 1412 4570 necessarium
1455 4525 1536 4572 est
1581 4531 1763 4570 omnes
1805 4516 2047 4569 homines
2075 4530 2167 4567 co-

648 4619 922 4670 gnoscere,
980 4603 1113 4669 Quia
1160 4606 1297 4659 calix
1340 4609 1392 4659 in
1436 4623 1594 4660 manu
1645 4606 1854 4658 Domini
1895 4606 1997 4658 vini
2040 4603 2167 4656 meri

647 4693 825 4759 plenus
854 4693 1023 4746 misto.
1046 4691 1113 4745 Et
1145 4694 1403 4748 inclinavit
1447 4711 1510 4748 ea:
1554 4695 1646 4747 hoc
1672 4697 1725 4748 in
1756 4696 1849 4747 hoc
1866 4712 1883 4758 ;
1912 4703 2166 4748 verumta-

649 4800 762 4834 men
789 4785 892 4850 {rex
916 4785 1024 4852 ejus
1053 4800 1151 4835 non
1175 4795 1250 4836 est
1271 4786 1555 4851 exinanita,
1587 4785 1752 4838 bibent
1785 4801 1956 4838 omnes
1987 4800 2167 4854 pecca-

651 4887 784 4928 tores
828 4885 995 4928 terrm.
1047 4874 1344 4942 Secundum
1395 4873 1767 4941 Symmachum
1812 4856 1939 4929 vero
1972 4894 1984 4928 :
2013 4875 2167 4929 Calia:

647 4966 781 5016 enim
813 4965 867 5016 in
897 4979 1050 5017 manu
1080 4963 1304 5024 Domini,
1337 4972 1387 5015 et
1415 4965 1584 5014 vinum
1620 4978 1810 5014 merum
1860 4964 2058 5030 replens
2089 4963 2167 5031 ef-

650 5057 841 5123 fusum,
869 5056 943 5106 ita
985 5063 1042 5107 ut
1090 5055 1299 5107 trahant
1343 5053 1406 5105 ab
1451 5053 1579 5119 ipso.
1617 5040 1971 5106 verumtamen
2018 5053 2166 5121 fraces

647 5149 759 5215 ejus
784 5145 1021 5213 guttatim
1046 5144 1326 5209 expriment
1354 5142 1570 5194 bibentes
1594 5141 1810 5207 improbi
1849 5152 2017 5196 terrar.
2045 5141 2166 5194 Haec

648 5240 796 5299 item,
828 5235 923 5295 ait,
950 5249 1136 5288 omnes
1165 5233 1402 5286 homines
1441 5231 1618 5294 docui,
1649 5247 1715 5285 ne
1764 5241 2006 5300 ignorent
2038 5233 2167 5286 cali-

647 5340 758 5376 ('cnt
807 5323 955 5376 illum
1001 5336 1184 5374 omnes
1231 5335 1461 5382 manere,
1487 5335 1643 5388 quem
1692 5320 1883 5388 cuique
1911 5325 2167 5389 temperat

647 5429 696 5464 ct
747 5411 1057 5466 commiscet
1113 5413 1476 5465 universorum
1519 5409 1700 5478 judex.
1735 5408 1843 5463 Hoc
1890 5426 2048 5479 porro
2086 5412 2160 5463 in-

649 5502 856 5568 lclligas
900 5516 964 5552 οι
1013 5500 1100 5561 iis,
1130 5515 1246 5568 qua:
1289 5502 1342 5552 in
1388 5501 1675 5570 prophetiis
1703 5499 1768 5555 dc
1793 5503 1957 5557 calice
1986 5503 2166 5557 ierun-

716 5589 760 5619 ⁸ο
798 5587 907 5640 Jac.
945 5605 1014 5649 tv,
1046 5590 1095 5642 6.
1985 5588 1990 5592 ⁴

709 5679 781 5747 (ί)
815 5679 892 5730 An
927 5679 1200 5748 legendum
1230 5681 1358 5733 ire?
1386 5682 1534 5734 Eutr.

2269 4517 2374 4583 τὴς
2410 4516 2619 4569 τοῦτον
2652 4517 2766 4584 μὲν
2810 4519 3082 4582 ταπεινοῖ,
3123 4521 3332 4574 τοῦτον
3376 4518 3444 4570 δὲ
3480 4517 3639 4585 ὑψοῖ.
3683 4517 3781 4568 Καὶ

2266 4606 2417 4659 τοῦτο
2435 4607 2509 4671 δὲ,
2527 4608 2996 4676 φησὶν,ἀναγκαίον
3018 4609 3207 4662 εἰδέναι
3237 4610 3435 4667 πάντας
3462 4605 3778 4676 ἀνθρώπους,

2269 4696 2384 4748 Ὅτι
2428 4695 2703 4763 ποτήριον
2749 4695 2817 4748 ἐν
2853 4697 2999 4763 χειρὶ
3043 4698 3258 4764 Κυρίου
3303 4697 3466 4747 οἴνου
3513 4693 3778 4760 ἀκράτου,

2265 4785 2485 4852 πλῆρες
2526 4784 2905 4852 κεράσματος.
2952 4785 3060 4839 Καὶ
3098 4787 3332 4840 ἔκλινεν
3371 4787 3437 4837 ἐκ
3474 4786 3679 4837 τούτου
3706 4785 3780 4845 είς

2263 4875 2461 4928 τοῦτο·
2492 4875 2656 4942 πλὴν
2696 4877 2730 4928 d
2772 4877 3023 4943 τρυγίαςο
3040 4877 3219 4930 αὐτοῦ
3270 4877 3378 4928 οὐκ
3430 4871 3746 4938 ἐξεκενώθη
3765 4908 3778 4931 ι

2264 4966 2492 5018 πίονται
2521 4965 2737 5029 πάντες
2781 4966 2834 5017 οί
2877 4965 3202 5033 ἁμαρτωλοί
3233 4964 3349 5031 τῆς·
3382 4962 3508 5032 γῆς.
3543 4960 3693 5016 Κατά
3727 4960 3777 5011 δέ

2263 5057 2351 5109 τὸν
2377 5057 2660 5126 Σύμμαχον
2679 5070 2693 5086 ο
2727 5054 3013 5122 Ποττὶριον
3035 5057 3144 5124 τὰρ
3166 5056 3235 5106 ἐν
3259 5054 3668 5122 χειριίΚυριου,
3693 5048 3778 5103 καὶ

2264 5143 2420 5211 οἶνος
2467 5145 2717 5211 ἄκρατος
2767 5142 3007 5211 πληρῶν
3044 5146 3313 5211 ἐκχυθείς
3342 5183 3356 5207 ,
3397 5144 3550 5197 ὥστε
3597 5142 3778 5195 ἕλκειν

2264 5237 2361 5290 ἀπ’
2395 5235 2596 5288 αὑτοῦ.
2625 5233 2793 5300 Πλὴν
2827 5235 2933 5298 τὰς
2961 5235 3198 5302 τρυτίας
3224 5235 3406 5289 αὑτοῦ
3451 5230 3777 5300 ἐκστραττι·

2264 5342 2441 5380 σουσι
2473 5327 2745 5388 πίνοντες
2782 5327 2836 5377 οἱ
2893 5323 3107 5391 φαῦλοι
3137 5324 3243 5393 τῆς
3279 5325 3407 5395 τῆς.
3441 5327 3547 5380 Καὶ
3596 5324 3776 5381 ταῦτα.

2263 5417 2445 5485 φησιν,
2469 5414 2678 5478 ἐδίδαξα
2701 5414 2901 5475 πάντας
2928 5413 3261 5484 ἀνθρώπους,
3277 5417 3350 5477 ὡς
3370 5415 3434 5468 ἂν
3463 5415 3536 5485 μὴ
3561 5413 3774 5485 ἀγνοεῖν,

2263 5506 2340 5557 ὅτι
2375 5503 2650 5574 περιμένει
2668 5503 2788 5565 τοῦς
2811 5497 3009 5568 πάντας
3035 5504 3094 5555 τὸ
3119 5506 3388 5574 ποτήριον,
3421 5505 3554 5573 ὅπερ
3579 5501 3775 5568 ικάσῑῳ
