3950 6342
125 474 206 532 875
1168 468 1658 525 COMMENTARIA
1697 471 1763 525 IN
1794 468 2109 526 ‘PSALMOS
2208 503 2215 509 ο

3108 476 3207 533 874

124 588 331 657 κίρνησιν
354 587 382 639 ὁ
418 584 522 639 τῶν
542 584 674 637 ὅλων
703 583 907 653 κριτής.
955 580 1181 651 Νοήσεις
1226 582 1281 636 δὲ
1308 581 1461 637 τοῦτο
1488 582 1602 635 άπὸ

1700 588 1816 645 ιυι·;
1868 581 1922 635 in
1962 579 2187 635 Jerenm
2219 581 2412 651 quippe
2454 581 2710 651 scriptum
2752 590 2834 638 est
2874 602 2886 637 :
2926 584 3073 639 Dixit
3106 586 3211 641 Do-

122 675 205 727 τῶν
230 677 280 725 ὲν
302 674 416 736 ταῖς
436 672 782 743 προφητείαις
808 671 1132 741 λελεγμένων
1157 673 1282 741 περὶ
1321 672 1569 742 ποτηρίου
1588 688 1601 700 ·

122 765 383 832 γέγραπται
422 761 550 829 γοῦν
575 763 634 815 ἑν
665 760 893 831 Ἱερεμίᾳ
920 761 1119 822 οὕτως’
1150 756 1293 813 Elite
1328 760 1535 827 Κύριος
1573 764 1607 815 d

123 853 236 916 Θεὸς
291 850 520 917 Ἰσραὴλ
564 849 708 917 πρὸς
753 847 847 918 μέ“
902 848 1052 902 Λάϐε
1086 851 1151 901 τὸ
1194 848 1468 916 ποτήριον
1501 850 1605 903 τοῦ

121 940 254 994 οίνου
278 938 376 990 τοῦ
398 937 651 1005 ἀκράτου
675 938 741 990 ἐκ
761 939 949 1005 χειρός
963 955 1100 1005 μου,
1116 937 1209 991 καί
1232 936 1446 1003 ποτιεῒς
1464 937 1604 991 αὐτὸ

122 1028 279 1081 πάντα
302 1027 371 1079 τὰ
396 1028 558 1093 ἔθνη,
594 1026 739 1093 πρὸς
764 1025 801 1080 ά
828 1027 938 1095 ἐγὼ
967 1025 1341 1089 ἐξαποστελῶ
1370 1043 1441 1080 σε
1461 1026 1605 1095 πρὸς

118 1116 317 1181 αὐτούς.
348 1116 455 1167 Kal
503 1117 735 1169 πίονται
768 1114 864 1169 καὶ
894 1114 1253 1185 ἐξεμοῦνται,
1298 1114 1394 1169 καί
1430 1117 1603 1185 ἐκμα-

117 1206 361 1270 nicas-tat
398 1204 515 1258 άπὸ
555 1204 868 1273 προσώπου
906 1204 1012 1272 τῆς
1044 1204 1351 1273 μαχαίρας,
1384 1201 1459 1274 ἧς
1494 1207 1605 1275 ἐγὼ

116 1293 386 1348 ἀποστελῶ
413 1292 712 1361 ἀναμέσον
736 1292 949 1349 αὐτῶν.
976 1293 1083 1347 Kal
1106 1293 1320 1348 ἔλαϐον
1340 1292 1405 1347 τὸ
1429 1295 1605 1361 ποτή-

110 1400 217 1451 ριον
234 1384 293 1437 ἐκ
314 1384 499 1451 χειρὸς
519 1384 755 1450 Κυρίου,
780 1383 877 1437 καί
898 1383 1145 1438 ἐπότισα
1163 1382 1353 1437 πάντα
1375 1382 1446 1437 τὰ
1460 1384 1600 1453 ἔθνη

117 1471 233 1539 πρὸς
256 1471 291 1526 d
310 1471 616 1527 ἀπέστειλέ
633 1489 709 1540 με
725 1474 934 1542 Κύριος
959 1473 1051 1526 ἐπ’
1073 1474 1240 1545 αὐτὰ,
1260 1473 1370 1543 τὴν
1400 1474 1599 1544 Ἰερου-

114 1561 284 1631 σαλὴμ
306 1564 398 1616 καὶ
421 1564 526 1629 τὰς
548 1564 751 1628 πόλεις
791 1562 989 1626 Ἰούδα,
1014 1563 1112 1618 καὶ
1126 1564 1397 1629 βασιλεῖς
1420 1564 1599 1619 αὐτοῦ

115 1649 192 1701 καί
212 1650 486 1720 ἄρχοντας
514 1652 717 1715 αὐτοῦ,
746 1652 850 1705 τοῦ
876 1652 1058 1706 θεῖναι
1098 1654 1313 1719 αὐτοὺς
1348 1655 1433 1718 είς
1471 1652 1601 1723 ἐρή-

110 1754 284 1806 μωσιν,
316 1742 409 1794 καί
434 1744 522 1807 είς
550 1741 766 1796 ἄϐατον
800 1741 896 1795 καὶ
932 1745 1017 1806 είς
1041 1746 1345 1813 συριγμόν·
1377 1743 1471 1796 καὶ
1495 1743 1600 1796 τὸν

114 1829 282 1896 Φαραὼ
298 1831 554 1894 ,βασιλέα
577 1834 863 1901 Αἰγύπτου
890 1832 1145 1897 καὶτοὺς
1166 1834 1371 1899 παῖδας
1397 1834 1595 1896 αὐτοῦ,

111 1920 188 1972 καί
219 1921 343 1986 τοὺς
374 1897 730 1990 μεγιστᾶνας
771 1922 972 1977 αὐτοῦ’
1018 1924 1110 1976 καὶ⁵
1151 1923 1274 1993 ἑξῆς
1314 1897 1460 1995 φὴσι·
1494 1923 1601 1977 Kal
1629 1897 1670 1952 Β

111 2006 303 2075 πάντας
331 2011 468 2075 τοὺς
490 2012 762 2077 βασιλεῖς
789 2013 900 2083 τῆς
943 2012 1051 2082 τῆς
1087 2012 1203 2066 τῶν
1227 2015 1600 2082 ἀλλοφύλων,

111 2096 201 2163 τὴν
235 2098 575 2164 Ἀσκάλωνα,
615 2102 715 2155 καί
745 2105 857 2168 τὴν
889 2101 1099 2165 Γάζαν,
1132 2103 1228 2155 καί
1262 2102 1373 2170 τὴν
1409 2103 1604 2157 Ἀκκά-

105 2202 221 2253 ρων,
252 2188 335 2239 καὶ
369 2188 479 2255 τὴν
527 2190 866 2259 Ἰδουμαίαν,
909 2192 1005 2244 καὶ
1034 2191 1147 2259 τὴν
1171 2190 1476 2258 Μωαϐῖτιν,
1507 2194 1602 2246 καί

110 2277 222 2343 τοὺς
247 2280 401 2344 υἱοὺς
438 2280 672 2349 Ἀμμὼν,
706 2282 802 2334 καὶ
836 2281 1059 2347 πάντας
1085 2282 1361 2347 ,βασιλεῖς
1394 2282 1598 2352 Τύρου,

110 2364 301 2429 πάντας
320 2370 594 2434 ⁷εἳασιλεῖς
617 2369 890 2435 Σιδῶνος,
929 2370 1025 2423 καί
1072 2371 1296 2435 πάντας
1327 2372 1617 2442 βασιλεῖς,

107 2452 267 2517 νήσου
306 2457 439 2520 τοὺς
470 2458 537 2511 ἐν
567 2457 644 2523 τῶ
672 2457 855 2527 πέραν
896 2459 1005 2527 τῆς
1041 2460 1367 2529 θαλάσσης.
1406 2459 1536 2530 Μεθ’
1565 2461 1600 2511 ἃ

108 2544 311 2612 ἐπιλέγει
346 2546 533 2609 οὕτως·
566 2548 710 2603 Elite
734 2551 945 2617 Κύριος
976 2549 1383 2617 παντοκράτωρ
1402 2550 1433 2600 ὁ
1461 2546 1600 2609 Θεὸς

117 2634 331 2700 Ἰσραήλ·
356 2637 524 2689 Πίετε
548 2638 643 2701 καί
664 2641 1013 2707 μεθύσθητε,
1041 2640 1139 2693 καὶ
1159 2638 1482 2704 ἐξεμέσετε,
1503 2636 1597 2689 καί

107 2724 323 2787 πεσεῖτε,
354 2727 449 2778 καὶ
464 2768 465 2771 η
480 2729 551 2780 οὐ
575 2726 659 2795 μὴ
696 2729 989 2796 άναστῆτε
1014 2730 1127 2783 άπὸ
1153 2727 1464 2796 προσώπου
1495 2726 1600 2801 τῆς

105 2814 375 2879 μαχαίρας,
394 2810 468 2883 ἧς
491 2816 602 2882 ἐγὼ
620 2815 928 2870 ἀποστελῶ
958 2816 1256 2885 άναμέσον
1288 2813 1467 2885 ὑμῶν.
1492 2816 1600 2868 Kal

106 2900 245 2953 ierat
280 2902 417 2955 ὅταν
440 2903 524 2972 μὴ
551 2902 882 2967 βούλωνται
906 2904 1186 2969 δέξασθαι
1226 2904 1286 2958 τὸ
1324 2905 1603 2974 ποτήριον

107 2986 160 3037 ἐκ
180 2987 275 3056 τῆς
296 2994 485 3060 χειρός
513 3006 646 3057 σου,
675 2990 824 3045 ὣστε
852 2991 1025 3057 πιεῖν,
1052 2993 1145 3062 καὶ
1166 2980 1317 3062 ἐρεῖς
1343 2993 1487 3061 πρὸς
1507 2994 1603 3046 αὐ-

106 3077 237 3143 τούς.
266 3080 451 3146 Οὕτως
474 3078 601 3135 εἷπε
628 3083 838 3151 Κύριος
872 3081 989 3136 τῶν
1010 3083 1326 3152 δυνάμεων·
1362 3084 1601 3148 Πιόντες

108 3166 299 3221 πίεσθε.
343 3171 416 3221 Δι’
448 3163 521 3223 ὧν
564 3168 795 3224 διδάσκει
842 3172 870 3223 ὁ
900 3170 1051 3240 λόγος
1073 3171 1223 3244 δίκην
1270 3170 1447 3242 ίατροῦ
1489 3172 1598 3233 τοῖς
1623 3210 1667 3268 c

105 3254 339 3325 δεομένοις
384 3260 583 3329 πικρᾶς
626 3260 891 3313 άντιδότου
939 3261 1029 3313 τὸν
1079 3259 1207 3313 Θεδν
1246 3260 1462 3329 ἑπάγειν
1502 3260 1597 3323 τὰς

106 3342 336 3410 κολάσεις,
383 3347 457 3412 ὡς
502 3348 566 3401 ἂν
610 3349 881 3418 ἑμέσαιεν,
933 3350 1023 3402 καὶ
1072 3348 1454 3403 άποκενὼσειεν
1502 3350 1601 3421 τὴν

106 3432 433 3491 πλεονάσασαν
460 3440 518 3490 ἑν
547 3438 723 3500 αὐτοῖς
753 3440 968 3490 κακίαν·
1002 3440 1092 3492 καὶ
1118 3437 1333 3515 πρώτην
1354 3455 1414 3507 γε
1434 3438 1598 3509 αὐτὴν

106 3525 180 3595 τὴν
215 3526 549 3599 Ἰερουσαλὴμ
575 3527 666 3581 τοῦ
698 3528 968 3604 λεχθέντος
999 3529 1158 3581 ποτοῦ
1194 3529 1454 3583 πιεῖσθαι·
1482 3525 1598 3582 εἶτα

104 3612 149 3667 δὲ
178 3615 237 3669 τὰ
273 3617 421 3672 λοιπὰ
459 3618 601 3688 ἔθνη,
634 3619 707 3682 ὠς
730 3619 821 3671 καὶ
853 3617 1064 3671 πάντων
1085 3618 1181 3687 τῆς
1206 3616 1393 3687 ὁμοίας
1421 3617 1599 3682 τευξο-

108 3704 251 3776 tith
291 3708 597 3779 καθάρσεως
641 3708 726 3763 διὰ
773 3708 877 3761 τῶν
930 3706 1373 3777 ἑπαχθησομὲνων
1421 3706 1598 3767 αὐτοῖς

103 3796 364 3868 τιμωριῶν.
403 3798 511 3850 Καὶ
551 3797 610 3850 τὺ
647 3797 812 3867 παρὸν
844 3792 934 3849 οὖν
967 3795 1137 3863 λόγιον
1172 3794 1509 3865 καταλλήλως
1530 3795 1595 3865 τῇ

104 3888 374 3956 προφητικῇ
423 3883 731 3955 διδασκαλίᾳ
776 3886 1027 3956 ποτήριον
1075 3878 1209 3939 εἶναι
1259 3881 1490 3935 διδάσκει
1542 3882 1598 3932 ἑν

103 3977 221 4047 χειρὶ
240 3976 455 4046 Κυρίου,
479 3977 534 4028 ὲν
558 3968 600 4041 ᾧ
619 3976 740 4039 τοὺς
762 3974 982 4028 ἑκάστου
1005 3973 1244 4042 καρποὺς
1266 3969 1595 4039 συναγαγὼν,

103 4063 260 4138 ὥσπερ
291 4067 520 4138 ἄκρατον
559 4062 696 4120 οίνον
738 4062 1036 4137 ἐργάζεται.
1084 4058 1193 4131 Εἶτ’
1235 4062 1499 4115 ἐπιδίδωσι
1542 4060 1599 4114 τὸ

103 4157 203 4208 κατ’
219 4154 365 4220 ἀξίαν
389 4157 535 4226 πόμα
560 4154 830 4222 ἀναλόγως
852 4156 967 4215 ταῖς
988 4154 1209 4205 ἑκάστου
1241 4151 1464 4221 πράξεσι
1490 4167 1603 4220 κιρ-

102 4243 189 4295 νῶν
228 4245 352 4297 αὐτὸ
386 4244 524 4298 κατὰ
559 4244 648 4296 τὸν
679 4243 771 4295 τοῦ
801 4242 1003 4295 δικαίου
1047 4240 1217 4307 λόγον.
1256 4239 1345 4310 Μὴ
1373 4240 1479 4311 γὰρ
1503 4243 1598 4304 τὰς

103 4332 276 4401 φαύλας
309 4335 529 4405 πράξεις
567 4332 727 4403 μόνας
776 4332 1022 4394 ἑκάστου,
1057 4328 1192 4382 ἀλλὰ
1222 4330 1313 4381 καὶ
1339 4329 1438 4393 τὰς
1461 4332 1599 4399 ἀγα-

101 4423 180 4486 θὰς
198 4413 507 4491 λογίζεσθαι,
533 4419 864 4492 σταθμᾶσθαι
890 4436 947 4473 τε
975 4418 1157 4488 ὥσπερ
1182 4419 1484 4491 συμμετρία
1507 4421 1600 4473 καὶ

1704 668 1875 721 minus
1913 666 2051 721 Deus
2088 665 2257 721 Israel
2286 668 2353 721 ad
2380 685 2459 723 me
2481 708 2497 734 ,
2528 669 2682 725 Sume
2708 672 2920 725 calicem
2948 675 3053 729 sini
3084 680 3215 745 meri

1702 756 1765 810 de
1806 772 1962 810 manu
2005 772 2140 823 mea,
2204 768 2251 811 et
2291 758 2489 827 potabis
2530 760 2643 827 ipso
2683 777 2854 816 omnes
2897 772 3102 832 gentes,
3144 766 3221 821 ad

1700 861 1827 916 quas
1853 862 1943 915 ego
1972 847 2172 900 mittam
2200 854 2264 901 te.
2295 846 2361 900 Et
2393 847 2559 902 bibent
2584 858 2633 902 et
2659 860 2854 904 soment
2879 862 2927 906 et
2955 844 3227 911 insanienti

1701 950 1735 987 a
1754 934 1884 1001 facie
1902 935 2092 1004 gladii,
2114 951 2260 1005 quem
2283 952 2371 1005 ego
2392 937 2593 991 mittam
2612 938 2667 1013 in
2687 939 2903 993 medium
2922 957 3115 997 eorum.
3140 942 3212 997 Et

1702 1027 1871 1094 accepi
1912 1028 2121 1080 calicem
2159 1026 2222 1080 de
2263 1043 2420 1080 manu
2461 1026 2703 1092 Domini,
2743 1039 2791 1083 et
2829 1033 2997 1098 potavi
3036 1048 3207 1089 omnes

1700 1124 1866 1184 gentes
1914 1116 1980 1168 ad
2010 1132 2135 1185 quas
2163 1118 2304 1169 misit
2329 1134 2406 1171 nte
2439 1116 2721 1179 Dominus:
2747 1118 3033 1176 Jerusalem
3057 1134 3107 1178 et
3132 1127 3210 1179 ci-

1700 1202 1879 1255 vitates
1902 1201 2040 1257 Iuda
2059 1242 2073 1266 ,
2100 1220 2238 1273 reges
2263 1204 2374 1272 ejus
2399 1214 2448 1258 et
2477 1207 2729 1273 principes
2757 1208 2867 1276 ejus
2883 1248 2899 1273 ,
2926 1211 2994 1281 ad
3021 1226 3212 1278 ponen-

1698 1292 1820 1345 dum
1849 1308 1935 1348 eos
1962 1294 2015 1346 in
2044 1294 2371 1349 solitudinem
2392 1334 2406 1357 ,
2434 1296 2491 1348 in
2520 1296 2741 1361 inviam,
2770 1309 2816 1351 et
2844 1284 3213 1365 in‘subsanna-

1700 1382 1885 1435 tionem
1907 1398 1925 1435 :
1945 1391 1999 1436 et
2023 1381 2346 1444 Pharaonem
2372 1400 2535 1453 regem
2560 1384 2803 1456 ﬁggpti,
2828 1396 2877 1442 et
2898 1386 3077 1457 pueros
3097 1392 3210 1460 ejus

1693 1480 1746 1524 et
1772 1473 2041 1538 optimates
2069 1474 2181 1541 ejus
2212 1475 2252 1505 "
2280 1490 2294 1538 ;
2322 1489 2383 1527 ac
2413 1475 2663 1544 deinceps
2689 1476 2764 1530 ait
2787 1496 2799 1531 :
2833 1476 2902 1532 Et
2926 1466 3095 1535 omnes
3124 1499 3209 1549 re-

1696 1573 1779 1627 ges
1807 1567 1956 1611 terra:
1989 1560 2420 1629 alienigenarum,
2448 1550 2783 1629 Ascalonem,
2808 1564 3006 1621 Gazam
3032 1580 3080 1622 et
3109 1575 3213 1623 Ac-

1695 1665 1932 1702 caronem
1951 1688 1967 1714 ,
2000 1648 2285 1703 Idumieam
2318 1660 2368 1705 et
2404 1649 2737 1708 Moabitidem
2762 1696 2776 1719 ,
2800 1659 2934 1724 ﬁlios
2954 1660 3169 1715 Ammon
3190 1699 3208 1725 ,

1695 1749 1742 1791 et
1767 1755 1937 1794 omnes
1964 1756 2100 1829 reges
2129 1740 2286 1810 Tyri,
2312 1750 2362 1793 et
2388 1758 2558 1796 omnes
2588 1762 2726 1814 reges
2751 1746 2960 1802 Sidonis
2979 1789 2995 1813 ,
3022 1760 3069 1803 et
3100 1768 3213 1804 om-

1696 1846 1781 1884 nes
1806 1847 1941 1899 reges
1964 1828 2156 1884 Insula:
2180 1840 2322 1884 trans
2348 1848 2487 1886 mare
2512 1834 2576 1887 “.
2608 1828 2951 1903 Posteavero
2976 1842 3055 1894 sic
3080 1856 3213 1896 con.

1697 1919 1863 1974 cludit
1892 1938 1905 1973 :
1935 1919 2079 1973 Dixit
2108 1918 2355 1973 Dominus
2385 1923 2699 1990 omnipotens
2727 1924 2863 1997 Deus
2886 1925 3095 1984 Israel:
3116 1930 3211 1983 Bi-

1698 2007 1798 2061 bite
1821 2016 1871 2061 et
1902 2009 2254 2072 inebriamini,
2284 2018 2332 2061 et
2360 2012 2565 2064 vometis
2589 2051 2603 2075 ,
2632 2023 2679 2065 et
2712 2018 3052 2081 procumbelis
3072 2058 3087 2083 ,
3119 2038 3209 2075 nec

1696 2098 1967 2166 resurgetis
1990 2115 2021 2150 a
2044 2097 2174 2165 facie
2194 2098 2388 2168 gladii,
2411 2115 2557 2167 quem
2577 2116 2666 2170 ego
2690 2103 2886 2157 mittam
2908 2106 2961 2157 in
2987 2108 3206 2163 medium

1696 2188 1867 2239 uestri.
1893 2185 1960 2239 Et
1985 2189 2111 2251 erit,
2136 2188 2183 2241 si
2203 2188 2459 2243 noluerint
2484 2192 2707 2256 accipere
2730 2193 2941 2247 calicem
2964 2195 3026 2249 de
3049 2212 3209 2251 manu

1698 2283 1785 2326 tua
1802 2315 1818 2341 ,
1849 2284 1905 2326 ut
1930 2275 2133 2337 bibant,
2161 2276 2299 2329 dices
2325 2275 2393 2327 ad
2420 2293 2505 2330 eos
2526 2317 2542 2341 ,
2575 2276 2661 2331 Sic
2688 2278 2813 2332 dicit
2836 2279 3085 2338 Dominus
3113 2286 3212 2338 eir-

1696 2372 1889 2426 tutum,
1912 2363 2131 2417 bibentes
2160 2364 2337 2419 bibetis
2360 2366 2425 2420 “.
2454 2364 2613 2431 Queis
2634 2368 2908 2450 ediscitur,
2939 2371 3099 2428 Deum
3128 2376 3212 2431 in-

1694 2466 1805 2508 star
1841 2454 2068 2517 medici,
2107 2468 2345 2509 amarum
2370 2458 2665 2511 antidotum
2690 2461 2963 2528 egentibus
2989 2463 3209 2529 ollerre,

1695 2558 1883 2611 nempe
1921 2543 2328 2612 castigationes,
2360 2552 2417 2597 ut
2445 2555 2723 2610 evomant.
2758 2549 3119 2619 malitiamque
3146 2552 3213 2606 il-

1694 2630 1799 2683 lam
1843 2630 2216 2689 exuberantem
2258 2646 2417 2700 quam
2458 2634 2602 2691 intus
2639 2634 2835 2691 habent
2878 2649 3209 2708 exonerant;

1694 2720 2027 2790 primamque
2056 2718 2350 2775 Jerusalem
2382 2737 2447 2777 eo
2476 2723 2643 2777 calice
2670 2726 2987 2793 potandam;
3021 2727 3212 2783 deinde

1694 2809 1925 2878 reliquas
1962 2819 2178 2879 gentes,
2217 2810 2341 2879 quia
2369 2825 2552 2865 omnes
2584 2810 2743 2867 simili
2775 2817 3084 2884 purgatione
3116 2832 3212 2885 per

1695 2899 1869 2954 illatas
1890 2900 2264 2969 castigationes
2289 2902 2578 2954 evacuandi
2599 2911 2742 2957 sunt.
2762 2905 3004 2959 Praesens
3032 2906 3212 2976 itaque

1696 2987 1956 3042 sententia
1994 2988 2211 3058 perinde
2256 2994 2416 3060 atque
2465 2988 2769 3059 prophetica
2815 2991 2902 3045 illa
2935 2992 3209 3057 doctrina,

1696 3077 1912 3140 calicem
1940 3092 2058 3132 esse
2080 3070 2231 3132 docet
2260 3078 2315 3131 in
2347 3078 2507 3133 manu
2534 3078 2781 3147 Domini;
2816 3083 2871 3137 in
2898 3098 3002 3153 quo
3031 3086 3214 3155 singuo

1696 3167 1867 3220 lorum
1903 3166 2107 3221 fructus
2158 3168 2448 3235 colligens,
2487 3169 2649 3238 quasi
2678 3185 2881 3226 merum
2916 3173 3092 3227 vinum
3121 3191 3214 3229 ex-

1696 3257 1895 3329 primit.
1935 3255 2133 3318 Deinde
2163 3271 2286 3310 vero
2318 3273 2414 3325 pro
2438 3258 2663 3325 iustitiae
2696 3261 2921 3326 ratione,
2954 3272 3006 3317 et
3030 3266 3216 3333 cujus-

1696 3363 1799 3421 que
1847 3346 2035 3400 merito
2075 3339 2255 3416 potum
2292 3354 2625 3417 temperans,
2651 3348 2910 3421 cujusque
2943 3355 3213 3410 actionum

1697 3420 2035 3506 proportione
2061 3434 2240 3488 habita
2260 3473 2275 3495 ,
2309 3435 2438 3504 ipsis
2469 3435 2752 3489 bibendum
2790 3420 3053 3507 propinat.
3094 3441 3215 3498 Non

1674 3528 1835 3582 enim
1866 3540 2026 3595 prava
2054 3526 2310 3579 duntaxat
2334 3525 2665 3596 singulorum
2696 3542 2858 3595 opera
2882 3566 2897 3591 ,
2926 3529 3021 3583 sed
3047 3534 3209 3587 etiam

1694 3617 1834 3671 bona
1859 3616 2208 3671 examinanda
2235 3624 2287 3669 et
2315 3631 2464 3685 aequa
2497 3618 2646 3673 lance
2678 3618 3015 3687 ponderanda
3042 3631 3169 3676 sunt
3204 3670 3209 3674 .

1694 3714 1852 3774 atque
1874 3713 2251 3774 congruentem
2282 3707 2607 3777 singulorum
2639 3711 2889 3778 operibus
2912 3720 3091 3780 potum
3124 3726 3212 3780 pa-

1695 3809 1814 3849 rare
1852 3809 1987 3863 Opus
2035 3803 2135 3849 est.
2164 3795 2316 3861 Quod
2352 3797 2467 3866 ipse
2496 3798 2730 3856 declarat
2759 3798 2842 3853 bis
2869 3801 3043 3854 verbis
3071 3819 3082 3854 :
3140 3800 3210 3854 Et

1694 3884 1954 3936 inclinavit
1991 3898 2054 3935 ea:
2094 3882 2187 3935 hoc
2225 3885 2278 3936 in
2320 3885 2452 3946 hoc;
2494 3888 2565 3939 ita
2607 3895 2662 3939 ut
2700 3901 2803 3940 una
2843 3890 3211 3946 commistione

1697 3976 1831 4029 mala
1861 3975 2185 4042 singulorum
2213 3988 2371 4051 opera
2402 3976 2555 4029 bonis
2582 3984 2957 4051 temperentur.
2988 3978 3092 4034 Pro
3121 3981 3212 4035 illo

1696 4074 1903 4124 autem.
1939 4063 2216 4117 Inclinavit
2251 4050 2319 4117 exi
2340 4063 2433 4116 hoc
2462 4066 2516 4116 in
2547 4064 2640 4117 hoc
2659 4104 2674 4129 ,
2715 4050 3097 4137 Symmachus,
3126 4070 3213 4125 Ita

1697 4166 1751 4208 ut
1780 4155 1982 4208 trahant
2009 4155 2070 4207 ab
2098 4156 2207 4223 ipso
2233 4194 2249 4219 ,
2281 4155 2663 4224 interpretatus
2689 4170 2770 4214 est
2796 4177 2810 4224 ;
2845 4169 2898 4213 et
2936 4170 2993 4214 ut
3028 4162 3213 4218 faecem

1696 4240 1877 4293 bibant
1907 4254 2091 4293 omnes
2122 4247 2432 4308 peccatores
2470 4249 2647 4298 terrai.
2697 4234 2825 4298 Non
2850 4248 2990 4300 enim
3030 4251 3212 4303 mistio

1695 4334 2018 4396 temperata,
2055 4326 2147 4381 sed
2177 4327 2317 4397 quod
2347 4337 2641 4382 extremum
2674 4344 2735 4382 ac
2777 4332 3043 4385 turbidum
3087 4341 3210 4399 est,

1695 4417 1932 4486 gravium
1960 4416 2216 4470 scelerum
2242 4416 2348 4469 reis
2372 4424 2689 4470 reservatur.
2718 4415 2892 4483 Quare
2920 4417 3212 4471 secundum

116 4514 391 4585 νιτάλληλον
431 4516 542 4577 τοῖς
596 4513 817 4566 ἑκάστου
866 4509 1041 4581 ἔργοις
1082 4508 1490 4578 ἀπεργάσασθαι
1538 4511 1597 4563 τὸ

1699 4500 2069 4573 Symmachum
2092 4504 2294 4558 dictum
2316 4494 2398 4558 est
2418 4503 2799 4556 :Varumtamen
2813 4504 2961 4570 [iaces
2973 4506 3083 4573 ejus
3096 4514 3213 4574 gut-

100 4604 277 4673 κρᾶμα.
308 4605 371 4659 '0
387 4604 450 4675 δὴ
478 4603 766 4674 παρίστησι
791 4598 960 4667 λέγονο
987 4596 1095 4651 Καὶ
1118 4588 1351 4651 ἔκλινεν
1369 4596 1437 4650 ἐκ
1463 4600 1595 4653 τού-

1698 4602 1846 4655 tatim
1874 4602 2155 4669 expriment
2180 4598 2398 4652 bibentes
2427 4598 2643 4664 improbi
2672 4608 2841 4652 terrm.

100 4711 187 4749 του
213 4700 293 4764 είς
326 4699 524 4754 τοῦτο·
576 4696 650 4760 ὡς
700 4695 765 4749 ἂν
812 4694 909 4765 μία
943 4685 1150 4760 γένοιτο
1191 4690 1381 4761 κρᾶσις
1416 4690 1523 4744 τῶν
1559 4710 1617 4746 τε
1656 4696 1880 4747 ἑκάστου
1948 4692 2223 4765 μοχθηρῶν
2256 4688 2498 4762 πράξεων
2546 4690 2637 4743 καὶ
2680 4690 2785 4743 τῶν
2824 4691 3215 4764 χρηστοτέρων.

111 4785 231 4842 ’Δντὶ
262 4788 316 4840 δὲ
357 4787 471 4853 τοῦ,
525 4785 856 4851 Ἐξέκλινεν
917 4784 985 4836 ἐκ
1022 4782 1231 4836 τούτου
1273 4784 1358 4845 είς
1402 4781 1595 4847 τοῦτο,
1636 4787 1664 4838 ὁ
1701 4786 2001 4856 Σύμμαχος,
2050 4785 2221 4836 Ὥστε
2266 4782 2463 4835 ἕλκειν
2511 4782 2607 4851 άπῗ
2652 4783 2853 4846 αὑτοῦ,
2894 4784 3215 4855 ἡρμήνευσεο

97 4878 177 4946 τὴν
203 4879 255 4933 δὲ
286 4880 459 4953 τρύγα
496 4879 728 4933 πιεϊσθαι
752 4876 954 4937 πάντας
980 4875 1101 4937 τοὺς
1128 4872 1469 4945 ἁμαρτωλοὺς
1499 4874 1593 4945 τῆς
1629 4878 1747 4947 γῆς.
1782 4878 1969 4930 Οὐκέτι
1998 4876 2103 4945 γὰρ
2126 4876 2327 4944 κρᾶμα,
2350 4874 2481 4927 ἀλλὰ
2527 4875 2586 4927 τὸ
2626 4876 2843 4945 ἔσχατον
2880 4878 2970 4930 καὶ
3006 4875 3221 4945 θολερὸν

99 4970 187 5032 toi;
206 4971 269 5024 τὰ
289 4972 495 5042 μεγάλα
519 4969 882 5043 ἡμαρτηκόσιν
910 4965 1300 5025 άποκείσεσθαι.
1334 4965 1422 5019 Διὸ
1454 4967 1594 5020 κατὰ
1627 4970 1716 5023 τὸν
1743 4970 2023 5039 Σύμμαχον
2047 4967 2273 5039 εἴρηταιο
2304 4968 2470 5039 Πλὴν
2518 4970 2621 5033 τὰς
2664 4963 2913 5037 ’τρυγίας
2938 4969 3218 5035 ἐκστραγ-

102 5062 265 5127 τιοῦσι
293 5068 567 5130 πίνοντες
588 5068 639 5118 οί
666 5062 879 5133 φαῦλοι
921 5059 1029 5129 τῆς
1059 5060 1189 5130 τῆς.

165 5179 288 5249 Ἐγὼ
314 5181 383 5233 δὲ
402 5180 712 5250 ἀπαγγελῶ
734 5182 819 5248 εις
844 5180 948 5235 τὸν
968 5176 1167 5239 αίῶνα,
1195 5173 1368 5244 ψαλῶ
1386 5172 1464 5238 τῷ
1481 5173 1599 5239 Θεῷ

108 5267 291 5323 Ἰακώϐ.
323 5270 405 5323 Τὰ,
429 5271 527 5339 μὲν
550 5270 913 5341 προλεχθέντα
937 5268 1110 5323 πάντα
1137 5263 1261 5321 εἶπα
1286 5267 1396 5326 τοῖς
1428 5278 1601 5333 παρα-

103 5359 325 5429 νομεῦσι,
380 5362 473 5413 καὶ
525 5360 892 5431 διεστειλάμην
947 5362 1114 5413 ἅπασι
1175 5354 1597 5428 μαρτυράμενος.

111 5448 227 5516 Ἐγὼ
255 5449 309 5503 δὲ
346 5450 375 5502 ὁ
402 5448 656 5519 ἀνωτέρω
686 5450 867 5502 εἰπών’
902 5448 1257 5527 Διηγήσομαι
1283 5442 1355 5496 τὰ
1379 5443 1600 5511 θαυμά-

100 5539 186 5593 σιά
218 5555 349 5605 σου,
394 5539 538 5593 ὅταν
577 5537 737 5592 λάϐω
788 5540 1007 5607 καιρόν·
1063 5539 1152 5592 καὶ
1195 5534 1351 5589 πάλιν
1401 5533 1593 5601 φήσας-⁸

112 5629 227 5697 Ἐγὼ
266 5632 587 5697 statith
628 5628 818 5698 xptré'
872 5630 965 5681 καὶ
1015 5625 1167 5691 αὖθις
1220 5621 1405 5679 εἰπών·
1463 5622 1601 5676 Ἐιηὼ

1766 5172 1924 5228 Vsus.
1958 5173 2043 5237 l0,
2078 5172 2166 5227 Η.
2200 5172 2309 5243 Ego
2330 5180 2499 5227 autem
2520 5170 2836 5225 annuntiabo
2859 5168 2912 5223 in
2932 5169 3179 5221 uetulum
3196 5210 3210 5230 ,

1697 5258 1911 5316 cantabo
1944 5258 2051 5314 Deo
2078 5260 2262 5313 Jacob.
2297 5258 2465 5328 Supra
2497 5267 2790 5319 memorata
2818 5259 2995 5311 omnia
3028 5259 3209 5327 inique

1696 5351 1972 5421 agentibus
2008 5350 2145 5414 dixi,
2186 5357 2240 5405 et
2282 5356 2612 5403 contestatus
2654 5346 2901 5400 omnibus
2950 5354 3213 5416 praecepta

1696 5438 1837 5493 dedi.
1865 5438 1971 5507 Ego
1995 5438 2231 5507 vero'qui
2253 5437 2498 5507 superius
2521 5434 2657 5497 dixi,
2687 5431 2924 5487 Narrabo
2950 5434 3214 5489 mirabilia

1693 5541 1805 5592 tua,
1834 5544 1948 5581 cum
1978 5544 2214 5603 accepero
2249 5536 2441 5595 tempus
2474 5526 2541 5559 ⁸³⁴
2567 5542 2581 5588 ς
2614 5538 2675 5577 ac
2706 5532 2917 5576 rursum
2945 5542 2959 5577 :
2994 5523 3101 5590 Ego
3130 5537 3213 5576 re--

1702 5619 1973 5675 ctitudines
2012 5618 2250 5673 iudicabo
2283 5618 2365 5678 u’;
2407 5620 2736 5674 iterumque,
2769 5611 2877 5681 Ego
2915 5610 3215 5679 conﬁrmari

156 5781 193 5814 δι
222 5780 308 5839 Jer
363 5797 490 5844 xxv.
523 5782 703 5837 15-19.
778 5782 820 5813 "
857 5781 985 5836 ibid.
1016 5780 1201 5837 20-22.
1275 5780 1318 5814 ⁸³
1356 5776 1481 5831 ibid.
1508 5776 1577 5829 9.7
1630 5775 1718 5831 28.
1766 5772 1857 5845 1‘“
1874 5770 2211 5835 Psal.t.uiv,
2241 5772 2294 5835 2,
2318 5771 2371 5825 3.
2440 5770 2482 5803 ³⁵
2510 5768 2614 5823 ibid
2668 5768 2700 5821 5

345 5879 612 5941 Ωιι-σοι..
645 5876 761 5937 Gn.
793 5875 1019 5936 XXI”.

2790 5860 2869 5921 28
