  <div class='ocr_page' id='page_1' title='image "/cluster/home/n/w/nwhite01/storage/ocr_20150623/23/pst.000005712076/445.png"; bbox 0 0 3950 6342; ppageno 0'>
   <div class='ocr_carea' id='block_1_1' title="bbox 693 438 798 493">
    <p class='ocr_par' dir='ltr' id='par_1_1' title="bbox 693 438 798 493">
     <span class='ocr_line' id='line_1_1' title="bbox 693 438 798 493; baseline 0.01 -1"><span class='ocrx_word' id='word_1_1' title='bbox 693 438 798 493; x_wconf 76' lang='grc' dir='ltr'><strong>8Ἶῦ</strong></span> 
     </span>
    </p>
   </div>
   <div class='ocr_carea' id='block_1_2' title="bbox 1346 435 3863 495">
    <p class='ocr_par' dir='ltr' id='par_1_2' title="bbox 1346 435 3863 495">
     <span class='ocr_line' id='line_1_2' title="bbox 1346 435 3863 495; baseline -0.001 -2"><span class='ocrx_word' id='word_1_2' title='bbox 1346 439 1606 495; x_wconf 82' lang='lat' dir='ltr'><strong>EUSEBII</strong></span> <span class='ocrx_word' id='word_1_3' title='bbox 1645 437 2114 493; x_wconf 58' lang='lat' dir='ltr'><strong>CESARIENSIS</strong></span> <span class='ocrx_word' id='word_1_4' title='bbox 2154 437 2300 494; x_wconf 87' lang='lat' dir='ltr'><strong>OPP.</strong></span> <span class='ocrx_word' id='word_1_5' title='bbox 2343 439 2520 492; x_wconf 73' lang='lat' dir='ltr'><strong>PARS</strong></span> <span class='ocrx_word' id='word_1_6' title='bbox 2559 438 2643 492; x_wconf 83' lang='lat' dir='ltr'><strong>lli.</strong></span> <span class='ocrx_word' id='word_1_7' title='bbox 2668 469 2735 480; x_wconf 85' lang='lat'><strong>——</strong></span> <span class='ocrx_word' id='word_1_8' title='bbox 2775 436 3179 492; x_wconf 73' lang='lat' dir='ltr'><strong>EXEGETICA.</strong></span> <span class='ocrx_word' id='word_1_9' title='bbox 3776 435 3863 490; x_wconf 69' lang='lat'><strong>816</strong></span> 
     </span>
    </p>
   </div>
   <div class='ocr_carea' id='block_1_3' title="bbox 693 543 2228 626">
    <p class='ocr_par' dir='ltr' id='par_1_3' title="bbox 693 554 2228 626">
     <span class='ocr_line' id='line_1_3' title="bbox 693 554 2228 626; baseline 0.003 -20"><span class='ocrx_word' id='word_1_10' title='bbox 693 554 960 608; x_wconf 88' lang='lat' dir='ltr'><strong>columnas</strong></span> <span class='ocrx_word' id='word_1_11' title='bbox 991 570 1100 622; x_wconf 66' lang='lat' dir='ltr'><strong>ejus</strong></span> <span class='ocrx_word' id='word_1_12' title='bbox 1135 557 1208 621; x_wconf 82' lang='grc'><strong>⁶⁸;</strong></span> <span class='ocrx_word' id='word_1_13' title='bbox 1245 566 1526 625; x_wconf 77' lang='lat' dir='ltr'><strong>postquam</strong></span> <span class='ocrx_word' id='word_1_14' title='bbox 1561 556 1813 626; x_wconf 77' lang='lat' dir='ltr'><strong>praedicta</strong></span> <span class='ocrx_word' id='word_1_15' title='bbox 1860 555 2228 624; x_wconf 74' lang='lat' dir='ltr'><strong>peccatoribus</strong></span> 
     </span>
    </p>
   </div>
   <div class='ocr_carea' id='block_1_4' title="bbox 2330 543 3865 626">
    <p class='ocr_par' dir='ltr' id='par_1_4' title="bbox 2335 543 3865 624">
     <span class='ocr_line' id='line_1_4' title="bbox 2335 543 3865 624; baseline -0.001 -16"><span class='ocrx_word' id='word_1_16' title='bbox 2335 557 2665 624; x_wconf 84' lang='grc' dir='ltr'><strong>ἑστερέωσα</strong></span> <span class='ocrx_word' id='word_1_17' title='bbox 2697 543 2836 620; x_wconf 81' lang='grc' dir='ltr'><strong>τοὺς</strong></span> <span class='ocrx_word' id='word_1_18' title='bbox 2867 555 3126 618; x_wconf 78' lang='grc' dir='ltr'><strong>στύλους</strong></span> <span class='ocrx_word' id='word_1_19' title='bbox 3157 549 3358 618; x_wconf 84' lang='grc' dir='ltr'><strong>αὐτῆς·</strong></span> <span class='ocrx_word' id='word_1_20' title='bbox 3389 552 3525 620; x_wconf 87' lang='grc' dir='ltr'><strong>μετά</strong></span> <span class='ocrx_word' id='word_1_21' title='bbox 3561 568 3620 604; x_wconf 91' lang='grc' dir='ltr'><strong>το</strong></span> <span class='ocrx_word' id='word_1_22' title='bbox 3653 552 3865 621; x_wconf 72' lang='grc' dir='ltr'><strong>κηρῦξαι</strong></span> 
     </span>
    </p>
   </div>
   <div class='ocr_carea' id='block_1_5' title="bbox 692 643 2229 716">
    <p class='ocr_par' dir='ltr' id='par_1_5' title="bbox 692 643 2229 716">
     <span class='ocr_line' id='line_1_5' title="bbox 692 643 2229 716; baseline 0.001 -20"><span class='ocrx_word' id='word_1_23' title='bbox 692 644 978 713; x_wconf 69' lang='lat' dir='ltr'><strong>praedicavi</strong></span> <span class='ocrx_word' id='word_1_24' title='bbox 1030 653 1083 699; x_wconf 88' lang='lat' dir='ltr'><strong>et</strong></span> <span class='ocrx_word' id='word_1_25' title='bbox 1135 646 1454 701; x_wconf 84' lang='lat' dir='ltr'><strong>testilicatus</strong></span> <span class='ocrx_word' id='word_1_26' title='bbox 1502 653 1741 710; x_wconf 81' lang='lat' dir='ltr'><strong>sum,‘et</strong></span> <span class='ocrx_word' id='word_1_27' title='bbox 1772 654 2054 716; x_wconf 82' lang='lat' dir='ltr'><strong>postquam</strong></span> <span class='ocrx_word' id='word_1_28' title='bbox 2086 643 2229 715; x_wconf 87' lang='lat' dir='ltr'><strong>judi-</strong></span> 
     </span>
    </p>
   </div>
   <div class='ocr_carea' id='block_1_6' title="bbox 676 728 2230 804">
    <p class='ocr_par' dir='ltr' id='par_1_6' title="bbox 676 728 2230 804">
     <span class='ocr_line' id='line_1_6' title="bbox 676 728 2230 804; baseline 0 -16"><span class='ocrx_word' id='word_1_29' title='bbox 676 734 770 796; x_wconf 83' lang='lat' dir='ltr'><strong>cis</strong></span> <span class='ocrx_word' id='word_1_30' title='bbox 803 735 1060 788; x_wconf 90' lang='lat' dir='ltr'><strong>rationem</strong></span> <span class='ocrx_word' id='word_1_31' title='bbox 1087 751 1275 790; x_wconf 89' lang='lat' dir='ltr'><strong>omnes</strong></span> <span class='ocrx_word' id='word_1_32' title='bbox 1300 736 1487 790; x_wconf 81' lang='lat' dir='ltr'><strong>edocui</strong></span> <span class='ocrx_word' id='word_1_33' title='bbox 1515 776 1528 800; x_wconf 95' lang='lat'><strong>,</strong></span> <span class='ocrx_word' id='word_1_34' title='bbox 1546 728 1687 804; x_wconf 87' lang='lat' dir='ltr'><strong>quid</strong></span> <span class='ocrx_word' id='word_1_35' title='bbox 1715 735 1903 788; x_wconf 82' lang='lat' dir='ltr'><strong>faciam</strong></span> <span class='ocrx_word' id='word_1_36' title='bbox 1926 737 1948 788; x_wconf 89' lang='lat'><strong>?</strong></span> <span class='ocrx_word' id='word_1_37' title='bbox 1977 733 2041 788; x_wconf 87' lang='lat' dir='ltr'><strong>In</strong></span> <span class='ocrx_word' id='word_1_38' title='bbox 2065 728 2230 789; x_wconf 72' lang='lat' dir='ltr'><strong>mcu-</strong></span> 
     </span>
    </p>
   </div>
   <div class='ocr_carea' id='block_1_7' title="bbox 690 825 2230 898">
    <p class='ocr_par' dir='ltr' id='par_1_7' title="bbox 690 825 2230 898">
     <span class='ocr_line' id='line_1_7' title="bbox 690 825 2230 898; baseline 0.002 -21"><span class='ocrx_word' id='word_1_39' title='bbox 690 826 800 878; x_wconf 86' lang='lat' dir='ltr'><strong>lum</strong></span> <span class='ocrx_word' id='word_1_40' title='bbox 833 825 1053 879; x_wconf 85' lang='lat' dir='ltr'><strong>cantabo</strong></span> <span class='ocrx_word' id='word_1_41' title='bbox 1089 826 1196 880; x_wconf 89' lang='lat' dir='ltr'><strong>Deo</strong></span> <span class='ocrx_word' id='word_1_42' title='bbox 1227 826 1412 882; x_wconf 86' lang='lat' dir='ltr'><strong>Jacob.</strong></span> <span class='ocrx_word' id='word_1_43' title='bbox 1440 826 1573 881; x_wconf 85' lang='lat' dir='ltr'><strong>Novi</strong></span> <span class='ocrx_word' id='word_1_44' title='bbox 1603 828 1802 898; x_wconf 86' lang='lat' dir='ltr'><strong>quippe</strong></span> <span class='ocrx_word' id='word_1_45' title='bbox 1833 842 1953 881; x_wconf 91' lang='lat' dir='ltr'><strong>eum</strong></span> <span class='ocrx_word' id='word_1_46' title='bbox 1986 829 2074 897; x_wconf 88' lang='lat' dir='ltr'><strong>qui</strong></span> <span class='ocrx_word' id='word_1_47' title='bbox 2109 828 2230 882; x_wconf 88' lang='lat' dir='ltr'><strong>reli-</strong></span> 
     </span>
    </p>
   </div>
   <div class='ocr_carea' id='block_1_8' title="bbox 687 919 2230 994">
    <p class='ocr_par' dir='ltr' id='par_1_8' title="bbox 687 919 2230 994">
     <span class='ocr_line' id='line_1_8' title="bbox 687 919 2230 994; baseline 0.004 -23"><span class='ocrx_word' id='word_1_48' title='bbox 687 919 824 987; x_wconf 78' lang='lat' dir='ltr'><strong>giosi</strong></span> <span class='ocrx_word' id='word_1_49' title='bbox 867 920 964 973; x_wconf 88' lang='lat' dir='ltr'><strong>viri</strong></span> <span class='ocrx_word' id='word_1_50' title='bbox 1007 920 1148 974; x_wconf 90' lang='lat' dir='ltr'><strong>Deus</strong></span> <span class='ocrx_word' id='word_1_51' title='bbox 1190 927 1306 983; x_wconf 90' lang='lat' dir='ltr'><strong>est,</strong></span> <span class='ocrx_word' id='word_1_52' title='bbox 1353 929 1559 990; x_wconf 81' lang='lat' dir='ltr'><strong>patrem</strong></span> <span class='ocrx_word' id='word_1_53' title='bbox 1593 938 1716 976; x_wconf 90' lang='lat' dir='ltr'><strong>esse</strong></span> <span class='ocrx_word' id='word_1_54' title='bbox 1747 938 1925 976; x_wconf 91' lang='lat' dir='ltr'><strong>meum</strong></span> <span class='ocrx_word' id='word_1_55' title='bbox 1962 942 1974 976; x_wconf 90' lang='lat'>:</span> <span class='ocrx_word' id='word_1_56' title='bbox 2021 923 2230 994; x_wconf 88' lang='lat' dir='ltr'><strong>ipsique</strong></span> 
     </span>
    </p>
   </div>
   <div class='ocr_carea' id='block_1_9' title="bbox 688 1008 2229 1079">
    <p class='ocr_par' dir='ltr' id='par_1_9' title="bbox 688 1008 2229 1079">
     <span class='ocr_line' id='line_1_9' title="bbox 688 1008 2229 1079; baseline 0.003 -18"><span class='ocrx_word' id='word_1_57' title='bbox 688 1008 952 1074; x_wconf 85' lang='lat' dir='ltr'><strong>cantabo,</strong></span> <span class='ocrx_word' id='word_1_58' title='bbox 985 1009 1086 1079; x_wconf 90' lang='lat' dir='ltr'><strong>ipsi</strong></span> <span class='ocrx_word' id='word_1_59' title='bbox 1119 1012 1378 1079; x_wconf 68' lang='lat' dir='ltr'><strong>praeclara</strong></span> <span class='ocrx_word' id='word_1_60' title='bbox 1410 1020 1558 1079; x_wconf 81' lang='lat' dir='ltr'><strong>gesta</strong></span> <span class='ocrx_word' id='word_1_61' title='bbox 1589 1025 1704 1064; x_wconf 92' lang='lat' dir='ltr'><strong>mea</strong></span> <span class='ocrx_word' id='word_1_62' title='bbox 1739 1013 2091 1066; x_wconf 85' lang='lat' dir='ltr'><strong>aununtiabo.</strong></span> <span class='ocrx_word' id='word_1_63' title='bbox 2126 1011 2229 1066; x_wconf 47' lang='lat' dir='ltr'><strong>De-</strong></span> 
     </span>
    </p>
   </div>
   <div class='ocr_carea' id='block_1_10' title="bbox 687 1098 2230 1171">
    <p class='ocr_par' dir='ltr' id='par_1_10' title="bbox 687 1098 2230 1171">
     <span class='ocr_line' id='line_1_10' title="bbox 687 1098 2230 1171; baseline 0.003 -21"><span class='ocrx_word' id='word_1_64' title='bbox 687 1098 812 1152; x_wconf 92' lang='lat' dir='ltr'><strong>inde</strong></span> <span class='ocrx_word' id='word_1_65' title='bbox 841 1115 968 1169; x_wconf 85' lang='lat' dir='ltr'><strong>vero</strong></span> <span class='ocrx_word' id='word_1_66' title='bbox 999 1109 1220 1168; x_wconf 88' lang='lat' dir='ltr'><strong>accepta</strong></span> <span class='ocrx_word' id='word_1_67' title='bbox 1252 1116 1279 1152; x_wconf 87' lang='lat' dir='ltr'><strong>a</strong></span> <span class='ocrx_word' id='word_1_68' title='bbox 1309 1099 1466 1154; x_wconf 84' lang='lat' dir='ltr'><strong>Patre</strong></span> <span class='ocrx_word' id='word_1_69' title='bbox 1488 1100 1764 1168; x_wconf 86' lang='lat' dir='ltr'><strong>judicandi</strong></span> <span class='ocrx_word' id='word_1_70' title='bbox 1794 1109 2087 1171; x_wconf 89' lang='lat' dir='ltr'><strong>potestate,</strong></span> <span class='ocrx_word' id='word_1_71' title='bbox 2121 1117 2230 1154; x_wconf 90' lang='lat' dir='ltr'><strong>om-</strong></span> 
     </span>
    </p>
   </div>
   <div class='ocr_carea' id='block_1_11' title="bbox 686 1189 2229 1261">
    <p class='ocr_par' dir='ltr' id='par_1_11' title="bbox 686 1189 2229 1261">
     <span class='ocr_line' id='line_1_11' title="bbox 686 1189 2229 1261; baseline 0.003 -22"><span class='ocrx_word' id='word_1_72' title='bbox 686 1189 777 1240; x_wconf 85' lang='lat' dir='ltr'><strong>nia</strong></span> <span class='ocrx_word' id='word_1_73' title='bbox 824 1205 1024 1242; x_wconf 84' lang='lat' dir='ltr'><strong>cornua</strong></span> <span class='ocrx_word' id='word_1_74' title='bbox 1070 1199 1398 1258; x_wconf 83' lang='lat' dir='ltr'><strong>peccatorum</strong></span> <span class='ocrx_word' id='word_1_75' title='bbox 1439 1192 1805 1259; x_wconf 79' lang='lat' dir='ltr'><strong>confringam;</strong></span> <span class='ocrx_word' id='word_1_76' title='bbox 1848 1206 1968 1245; x_wconf 90' lang='lat' dir='ltr'><strong>cum</strong></span> <span class='ocrx_word' id='word_1_77' title='bbox 2015 1191 2229 1261; x_wconf 87' lang='lat' dir='ltr'><strong>quidem</strong></span> 
     </span>
    </p>
   </div>
   <div class='ocr_carea' id='block_1_12' title="bbox 686 1282 2230 1351">
    <p class='ocr_par' dir='ltr' id='par_1_12' title="bbox 686 1282 2230 1351">
     <span class='ocr_line' id='line_1_12' title="bbox 686 1282 2230 1351; baseline 0.005 -21"><span class='ocrx_word' id='word_1_78' title='bbox 686 1294 794 1347; x_wconf 84' lang='lat' dir='ltr'><strong>quo</strong></span> <span class='ocrx_word' id='word_1_79' title='bbox 823 1289 1062 1349; x_wconf 90' lang='lat' dir='ltr'><strong>tempore</strong></span> <span class='ocrx_word' id='word_1_80' title='bbox 1094 1282 1399 1347; x_wconf 86' lang='lat' dir='ltr'><strong>tolerantia,</strong></span> <span class='ocrx_word' id='word_1_81' title='bbox 1437 1283 1696 1351; x_wconf 89' lang='lat' dir='ltr'><strong>patientia</strong></span> <span class='ocrx_word' id='word_1_82' title='bbox 1727 1288 1780 1336; x_wconf 90' lang='lat' dir='ltr'><strong>et</strong></span> <span class='ocrx_word' id='word_1_83' title='bbox 1813 1283 2230 1337; x_wconf 85' lang='lat' dir='ltr'><strong>mansuetudine</strong></span> 
     </span>
    </p>
   </div>
   <div class='ocr_carea' id='block_1_13' title="bbox 686 1369 2228 1441">
    <p class='ocr_par' dir='ltr' id='par_1_13' title="bbox 686 1369 2228 1441">
     <span class='ocr_line' id='line_1_13' title="bbox 686 1369 2228 1441; baseline 0.003 -19"><span class='ocrx_word' id='word_1_84' title='bbox 686 1369 943 1423; x_wconf 87' lang='lat' dir='ltr'><strong>utendum</strong></span> <span class='ocrx_word' id='word_1_85' title='bbox 987 1378 1138 1435; x_wconf 88' lang='lat' dir='ltr'><strong>erat,</strong></span> <span class='ocrx_word' id='word_1_86' title='bbox 1185 1370 1333 1441; x_wconf 90' lang='lat' dir='ltr'><strong>ipsos</strong></span> <span class='ocrx_word' id='word_1_87' title='bbox 1377 1372 1562 1427; x_wconf 80' lang='lat' dir='ltr'><strong>extolli</strong></span> <span class='ocrx_word' id='word_1_88' title='bbox 1607 1373 2008 1438; x_wconf 89' lang='lat' dir='ltr'><strong>concesserim;</strong></span> <span class='ocrx_word' id='word_1_89' title='bbox 2042 1388 2228 1427; x_wconf 87' lang='lat' dir='ltr'><strong>verum</strong></span> 
     </span>
    </p>
   </div>
   <div class='ocr_carea' id='block_1_14' title="bbox 689 1460 2230 1519">
    <p class='ocr_par' dir='ltr' id='par_1_14' title="bbox 689 1460 2230 1519">
     <span class='ocr_line' id='line_1_14' title="bbox 689 1460 2230 1519; baseline 0.003 -5"><span class='ocrx_word' id='word_1_90' title='bbox 689 1460 744 1514; x_wconf 90' lang='lat' dir='ltr'><strong>in</strong></span> <span class='ocrx_word' id='word_1_91' title='bbox 779 1460 882 1516; x_wconf 80' lang='lat' dir='ltr'><strong>ﬁne</strong></span> <span class='ocrx_word' id='word_1_92' title='bbox 915 1476 1116 1516; x_wconf 85' lang='lat' dir='ltr'><strong>cornua</strong></span> <span class='ocrx_word' id='word_1_93' title='bbox 1159 1478 1345 1518; x_wconf 91' lang='lat' dir='ltr'><strong>eorum</strong></span> <span class='ocrx_word' id='word_1_94' title='bbox 1381 1471 1568 1518; x_wconf 90' lang='lat' dir='ltr'><strong>contra</strong></span> <span class='ocrx_word' id='word_1_95' title='bbox 1618 1464 1784 1519; x_wconf 90' lang='lat' dir='ltr'><strong>Deum</strong></span> <span class='ocrx_word' id='word_1_96' title='bbox 1823 1464 1963 1519; x_wconf 85' lang='lat' dir='ltr'><strong>elata</strong></span> <span class='ocrx_word' id='word_1_97' title='bbox 1990 1464 2230 1518; x_wconf 77' lang='lat' dir='ltr'><strong>confrin-</strong></span> 
     </span>
    </p>
   </div>
   <div class='ocr_carea' id='block_1_15' title="bbox 684 1557 2228 1630">
    <p class='ocr_par' dir='ltr' id='par_1_15' title="bbox 684 1557 2228 1630">
     <span class='ocr_line' id='line_1_15' title="bbox 684 1557 2228 1630; baseline 0.003 -21"><span class='ocrx_word' id='word_1_98' title='bbox 684 1571 849 1630; x_wconf 71' lang='lat' dir='ltr'><strong>gam;</strong></span> <span class='ocrx_word' id='word_1_99' title='bbox 893 1557 1116 1627; x_wconf 89' lang='lat' dir='ltr'><strong>viceque</strong></span> <span class='ocrx_word' id='word_1_100' title='bbox 1161 1574 1317 1614; x_wconf 86' lang='lat' dir='ltr'><strong>versa</strong></span> <span class='ocrx_word' id='word_1_101' title='bbox 1367 1573 1576 1614; x_wconf 87' lang='lat' dir='ltr'><strong>cornua</strong></span> <span class='ocrx_word' id='word_1_102' title='bbox 1613 1560 1785 1630; x_wconf 83' lang='lat' dir='ltr'><strong>justi,</strong></span> <span class='ocrx_word' id='word_1_103' title='bbox 1820 1559 1944 1630; x_wconf 91' lang='lat' dir='ltr'><strong>quia</strong></span> <span class='ocrx_word' id='word_1_104' title='bbox 1993 1560 2228 1624; x_wconf 84' lang='lat' dir='ltr'><strong>demissa</strong></span> 
     </span>
    </p>
   </div>
   <div class='ocr_carea' id='block_1_16' title="bbox 685 1641 2226 1721">
    <p class='ocr_par' dir='ltr' id='par_1_16' title="bbox 685 1641 2226 1721">
     <span class='ocr_line' id='line_1_16' title="bbox 685 1641 2226 1721; baseline 0.004 -20"><span class='ocrx_word' id='word_1_105' title='bbox 685 1653 838 1701; x_wconf 79' lang='lat' dir='ltr'><strong>erant</strong></span> <span class='ocrx_word' id='word_1_106' title='bbox 866 1687 880 1710; x_wconf 95' lang='lat'><strong>,</strong></span> <span class='ocrx_word' id='word_1_107' title='bbox 946 1649 1215 1704; x_wconf 88' lang='lat' dir='ltr'><strong>exaltabo.</strong></span> <span class='ocrx_word' id='word_1_108' title='bbox 1271 1641 1422 1705; x_wconf 85' lang='lat' dir='ltr'><strong>Tunc</strong></span> <span class='ocrx_word' id='word_1_109' title='bbox 1468 1666 1596 1705; x_wconf 90' lang='lat' dir='ltr'><strong>vero</strong></span> <span class='ocrx_word' id='word_1_110' title='bbox 1642 1651 1968 1706; x_wconf 84' lang='lat' dir='ltr'><strong>exaltabitur</strong></span> <span class='ocrx_word' id='word_1_111' title='bbox 2011 1652 2226 1721; x_wconf 87' lang='lat' dir='ltr'><strong>justus,</strong></span> 
     </span>
    </p>
   </div>
   <div class='ocr_carea' id='block_1_17' title="bbox 684 1739 2230 1811">
    <p class='ocr_par' dir='ltr' id='par_1_17' title="bbox 684 1739 2230 1811">
     <span class='ocr_line' id='line_1_17' title="bbox 684 1739 2230 1811; baseline 0.004 -21"><span class='ocrx_word' id='word_1_112' title='bbox 684 1739 900 1806; x_wconf 87' lang='lat' dir='ltr'><strong>quando</strong></span> <span class='ocrx_word' id='word_1_113' title='bbox 931 1754 1034 1793; x_wconf 90' lang='lat' dir='ltr'><strong>una</strong></span> <span class='ocrx_word' id='word_1_114' title='bbox 1066 1755 1187 1794; x_wconf 90' lang='lat' dir='ltr'><strong>cum</strong></span> <span class='ocrx_word' id='word_1_115' title='bbox 1218 1755 1340 1810; x_wconf 76' lang='lat' dir='ltr'><strong>rege</strong></span> <span class='ocrx_word' id='word_1_116' title='bbox 1372 1756 1470 1795; x_wconf 92' lang='lat' dir='ltr'><strong>suo</strong></span> <span class='ocrx_word' id='word_1_117' title='bbox 1499 1741 1743 1811; x_wconf 76' lang='lat' dir='ltr'><strong>regnabit</strong></span> <span class='ocrx_word' id='word_1_118' title='bbox 1769 1741 2064 1796; x_wconf 89' lang='lat' dir='ltr'><strong>secundum</strong></span> <span class='ocrx_word' id='word_1_119' title='bbox 2089 1743 2230 1810; x_wconf 85' lang='lat' dir='ltr'><strong>Apo-</strong></span> 
     </span>
    </p>
   </div>
   <div class='ocr_carea' id='block_1_18' title="bbox 675 1829 2228 1901">
    <p class='ocr_par' dir='ltr' id='par_1_18' title="bbox 675 1829 2228 1901">
     <span class='ocr_line' id='line_1_18' title="bbox 675 1829 2228 1901; baseline 0.003 -21"><span class='ocrx_word' id='word_1_120' title='bbox 675 1829 880 1881; x_wconf 83' lang='lat' dir='ltr'><strong>stolum</strong></span> <span class='ocrx_word' id='word_1_121' title='bbox 917 1831 1009 1898; x_wconf 93' lang='lat' dir='ltr'><strong>qui</strong></span> <span class='ocrx_word' id='word_1_122' title='bbox 1043 1830 1117 1882; x_wconf 87' lang='lat' dir='ltr'><strong>ait</strong></span> <span class='ocrx_word' id='word_1_123' title='bbox 1141 1847 1154 1884; x_wconf 90' lang='lat'><strong>:</strong></span> <span class='ocrx_word' id='word_1_124' title='bbox 1180 1829 1446 1885; x_wconf 80' lang='lat' dir='ltr'><strong>Primitia:</strong></span> <span class='ocrx_word' id='word_1_125' title='bbox 1474 1832 1608 1885; x_wconf 90' lang='lat' dir='ltr'><strong>enim</strong></span> <span class='ocrx_word' id='word_1_126' title='bbox 1632 1829 1909 1894; x_wconf 84' lang='lat' dir='ltr'><strong>Christus;</strong></span> <span class='ocrx_word' id='word_1_127' title='bbox 1932 1831 2114 1884; x_wconf 83' lang='lat' dir='ltr'><strong>deinde</strong></span> <span class='ocrx_word' id='word_1_128' title='bbox 2141 1833 2228 1901; x_wconf 87' lang='lat' dir='ltr'><strong>qui</strong></span> 
     </span>
    </p>
   </div>
   <div class='ocr_carea' id='block_1_19' title="bbox 2333 642 3862 719">
    <p class='ocr_par' dir='ltr' id='par_1_19' title="bbox 2333 642 3862 719">
     <span class='ocr_line' id='line_1_19' title="bbox 2333 642 3862 719; baseline -0.001 -22"><span class='ocrx_word' id='word_1_129' title='bbox 2333 648 2424 697; x_wconf 75' lang='grc' dir='ltr'><strong>καὶ</strong></span> <span class='ocrx_word' id='word_1_130' title='bbox 2461 643 2834 716; x_wconf 88' lang='grc' dir='ltr'><strong>μαρτύρασθαι</strong></span> <span class='ocrx_word' id='word_1_131' title='bbox 2865 644 2932 696; x_wconf 77' lang='grc' dir='ltr'><strong>τὰ</strong></span> <span class='ocrx_word' id='word_1_132' title='bbox 2972 642 3329 714; x_wconf 77' lang='grc' dir='ltr'><strong>προλεχθέντα</strong></span> <span class='ocrx_word' id='word_1_133' title='bbox 3372 644 3483 719; x_wconf 79' lang='grc' dir='ltr'><strong>τοῖς</strong></span> <span class='ocrx_word' id='word_1_134' title='bbox 3522 642 3862 712; x_wconf 79' lang='grc' dir='ltr'><strong>ἁμαρτωλοῖς,</strong></span> 
     </span>
    </p>
   </div>
   <div class='ocr_carea' id='block_1_20' title="bbox 2333 732 3866 806">
    <p class='ocr_par' dir='ltr' id='par_1_20' title="bbox 2333 732 3866 806">
     <span class='ocr_line' id='line_1_20' title="bbox 2333 732 3866 806; baseline -0.001 -18"><span class='ocrx_word' id='word_1_135' title='bbox 2333 737 2424 790; x_wconf 70' lang='grc' dir='ltr'><strong>καὶ</strong></span> <span class='ocrx_word' id='word_1_136' title='bbox 2459 736 2594 806; x_wconf 79' lang='grc' dir='ltr'><strong>μετὰ</strong></span> <span class='ocrx_word' id='word_1_137' title='bbox 2623 736 2682 787; x_wconf 85' lang='grc' dir='ltr'><strong>τὸ</strong></span> <span class='ocrx_word' id='word_1_138' title='bbox 2708 734 2908 800; x_wconf 80' lang='grc' dir='ltr'><strong>διδάξαι</strong></span> <span class='ocrx_word' id='word_1_139' title='bbox 2936 734 3024 786; x_wconf 85' lang='grc' dir='ltr'><strong>τὸν</strong></span> <span class='ocrx_word' id='word_1_140' title='bbox 3054 735 3179 804; x_wconf 74' lang='grc' dir='ltr'><strong>περὶ</strong></span> <span class='ocrx_word' id='word_1_141' title='bbox 3205 732 3303 802; x_wconf 82' lang='grc' dir='ltr'><strong>τῆς</strong></span> <span class='ocrx_word' id='word_1_142' title='bbox 3324 733 3555 804; x_wconf 84' lang='grc' dir='ltr'><strong>κρίσεως</strong></span> <span class='ocrx_word' id='word_1_143' title='bbox 3581 732 3732 801; x_wconf 89' lang='grc' dir='ltr'><strong>λόγον</strong></span> <span class='ocrx_word' id='word_1_144' title='bbox 3759 737 3866 797; x_wconf 79' lang='grc' dir='ltr'><strong>τοὺς</strong></span> 
     </span>
    </p>
   </div>
   <div class='ocr_carea' id='block_1_21' title="bbox 2334 810 3866 897">
    <p class='ocr_par' dir='ltr' id='par_1_21' title="bbox 2334 810 3866 897">
     <span class='ocr_line' id='line_1_21' title="bbox 2334 810 3866 897; baseline 0 -18"><span class='ocrx_word' id='word_1_145' title='bbox 2334 829 2557 891; x_wconf 84' lang='grc' dir='ltr'><strong>πάντας,</strong></span> <span class='ocrx_word' id='word_1_146' title='bbox 2600 828 2649 879; x_wconf 86' lang='grc' dir='ltr'><strong>τί</strong></span> <span class='ocrx_word' id='word_1_147' title='bbox 2686 826 2906 897; x_wconf 80' lang='grc' dir='ltr'><strong>πράξω;</strong></span> <span class='ocrx_word' id='word_1_148' title='bbox 2950 829 3052 890; x_wconf 83' lang='grc' dir='ltr'><strong>Είς</strong></span> <span class='ocrx_word' id='word_1_149' title='bbox 3085 810 3189 878; x_wconf 73' lang='grc' dir='ltr'><strong>τὸν</strong></span> <span class='ocrx_word' id='word_1_150' title='bbox 3223 823 3402 876; x_wconf 72' lang='grc' dir='ltr'><strong>αἰῶνα</strong></span> <span class='ocrx_word' id='word_1_151' title='bbox 3432 823 3609 892; x_wconf 69' lang='grc' dir='ltr'><em>ψαλῶ</em></span> <span class='ocrx_word' id='word_1_152' title='bbox 3646 823 3723 888; x_wconf 86' lang='grc' dir='ltr'><strong>τῷ</strong></span> <span class='ocrx_word' id='word_1_153' title='bbox 3764 827 3866 889; x_wconf 77' lang='grc' dir='ltr'><strong>Θεῷ</strong></span> 
     </span>
    </p>
   </div>
   <div class='ocr_carea' id='block_1_22' title="bbox 2346 916 3865 990">
    <p class='ocr_par' dir='ltr' id='par_1_22' title="bbox 2346 916 3865 990">
     <span class='ocr_line' id='line_1_22' title="bbox 2346 916 3865 990; baseline -0.001 -18"><span class='ocrx_word' id='word_1_154' title='bbox 2346 920 2553 973; x_wconf 78' lang='grc' dir='ltr'><strong>Ἰακώϐ.</strong></span> <span class='ocrx_word' id='word_1_155' title='bbox 2587 916 2716 973; x_wconf 82' lang='grc' dir='ltr'><strong>Οἶδα</strong></span> <span class='ocrx_word' id='word_1_156' title='bbox 2745 921 2850 990; x_wconf 84' lang='grc' dir='ltr'><strong>γὰρ</strong></span> <span class='ocrx_word' id='word_1_157' title='bbox 2875 918 3108 990; x_wconf 77' lang='grc' dir='ltr'><strong>ἐμαυτοῦ</strong></span> <span class='ocrx_word' id='word_1_158' title='bbox 3140 917 3456 989; x_wconf 52' lang='grc' dir='ltr'><strong>πατέραεττὸν</strong></span> <span class='ocrx_word' id='word_1_159' title='bbox 3477 918 3761 986; x_wconf 82' lang='grc' dir='ltr'><strong>γενόμενον</strong></span> <span class='ocrx_word' id='word_1_160' title='bbox 3787 920 3865 971; x_wconf 84' lang='grc' dir='ltr'><strong>τοῦ</strong></span> 
     </span>
    </p>
   </div>
   <div class='ocr_carea' id='block_1_23' title="bbox 2335 1008 3867 1080">
    <p class='ocr_par' dir='ltr' id='par_1_23' title="bbox 2335 1008 3867 1080">
     <span class='ocr_line' id='line_1_23' title="bbox 2335 1008 3867 1080; baseline 0.001 -19"><span class='ocrx_word' id='word_1_161' title='bbox 2335 1008 2604 1078; x_wconf 84' lang='grc' dir='ltr'><strong>θεοφιλοῦς</strong></span> <span class='ocrx_word' id='word_1_162' title='bbox 2635 1011 2784 1074; x_wconf 82' lang='grc' dir='ltr'><strong>Θεὸν,</strong></span> <span class='ocrx_word' id='word_1_163' title='bbox 2833 1010 3064 1078; x_wconf 80' lang='grc' dir='ltr'><strong>κάκείνῳ</strong></span> <span class='ocrx_word' id='word_1_164' title='bbox 3103 1008 3272 1076; x_wconf 78' lang='grc' dir='ltr'><strong>ψαλῶ,</strong></span> <span class='ocrx_word' id='word_1_165' title='bbox 3317 1009 3550 1080; x_wconf 75' lang='grc' dir='ltr'><strong>κάκείνῳ</strong></span> <span class='ocrx_word' id='word_1_166' title='bbox 3592 1012 3867 1078; x_wconf 70' lang='grc' dir='ltr'><strong>ἀπαγγελῶ</strong></span> 
     </span>
    </p>
   </div>
   <div class='ocr_carea' id='block_1_24' title="bbox 2333 1097 3867 1171">
    <p class='ocr_par' dir='ltr' id='par_1_24' title="bbox 2333 1097 3867 1171">
     <span class='ocr_line' id='line_1_24' title="bbox 2333 1097 3867 1171; baseline 0.001 -19"><span class='ocrx_word' id='word_1_167' title='bbox 2333 1099 2398 1152; x_wconf 77' lang='grc' dir='ltr'><strong>τὰ</strong></span> <span class='ocrx_word' id='word_1_168' title='bbox 2442 1101 2676 1170; x_wconf 75' lang='grc' dir='ltr'><strong>ἐμαυτοῦ</strong></span> <span class='ocrx_word' id='word_1_169' title='bbox 2719 1100 3129 1171; x_wconf 83' lang='grc' dir='ltr'><strong>κατορθώματα.</strong></span> <span class='ocrx_word' id='word_1_170' title='bbox 3177 1097 3285 1153; x_wconf 73' lang='grc' dir='ltr'><strong>Εἶθ’</strong></span> <span class='ocrx_word' id='word_1_171' title='bbox 3328 1099 3468 1152; x_wconf 77' lang='grc' dir='ltr'><strong>οὕτω</strong></span> <span class='ocrx_word' id='word_1_172' title='bbox 3507 1099 3683 1151; x_wconf 78' lang='grc' dir='ltr'><strong>λαϐὼν</strong></span> <span class='ocrx_word' id='word_1_173' title='bbox 3732 1102 3867 1170; x_wconf 73' lang='grc' dir='ltr'><strong>παρὰ</strong></span> 
     </span>
    </p>
   </div>
   <div class='ocr_carea' id='block_1_25' title="bbox 2332 1190 3868 1262">
    <p class='ocr_par' dir='ltr' id='par_1_25' title="bbox 2332 1190 3868 1262">
     <span class='ocr_line' id='line_1_25' title="bbox 2332 1190 3868 1262; baseline 0.003 -21"><span class='ocrx_word' id='word_1_174' title='bbox 2332 1190 2424 1242; x_wconf 88' lang='grc' dir='ltr'><strong>τοῦ</strong></span> <span class='ocrx_word' id='word_1_175' title='bbox 2476 1192 2683 1262; x_wconf 85' lang='grc' dir='ltr'><strong>Πατρὸς</strong></span> <span class='ocrx_word' id='word_1_176' title='bbox 2727 1192 2824 1262; x_wconf 83' lang='grc' dir='ltr'><strong>τὴν</strong></span> <span class='ocrx_word' id='word_1_177' title='bbox 2871 1191 2964 1244; x_wconf 88' lang='grc' dir='ltr'><strong>τοῦ</strong></span> <span class='ocrx_word' id='word_1_178' title='bbox 3023 1192 3223 1261; x_wconf 88' lang='grc' dir='ltr'><strong>κρίνειν</strong></span> <span class='ocrx_word' id='word_1_179' title='bbox 3269 1190 3533 1254; x_wconf 79' lang='grc' dir='ltr'><strong>ἐξουσίαν,</strong></span> <span class='ocrx_word' id='word_1_180' title='bbox 3580 1191 3772 1245; x_wconf 81' lang='grc' dir='ltr'><strong>πάντα</strong></span> <span class='ocrx_word' id='word_1_181' title='bbox 3807 1194 3868 1245; x_wconf 85' lang='grc' dir='ltr'><strong>τὰ</strong></span> 
     </span>
    </p>
   </div>
   <div class='ocr_carea' id='block_1_26' title="bbox 2326 1282 3867 1353">
    <p class='ocr_par' dir='ltr' id='par_1_26' title="bbox 2326 1282 3867 1353">
     <span class='ocr_line' id='line_1_26' title="bbox 2326 1282 3867 1353; baseline 0.001 -19"><span class='ocrx_word' id='word_1_182' title='bbox 2326 1282 2545 1350; x_wconf 65' lang='grc' dir='ltr'><strong>⁴κέρατα</strong></span> <span class='ocrx_word' id='word_1_183' title='bbox 2591 1283 2704 1336; x_wconf 85' lang='grc' dir='ltr'><strong>τῶν</strong></span> <span class='ocrx_word' id='word_1_184' title='bbox 2738 1282 3095 1353; x_wconf 76' lang='grc' dir='ltr'><strong>ἁμαρτωλῶν</strong></span> <span class='ocrx_word' id='word_1_185' title='bbox 3136 1284 3476 1352; x_wconf 74' lang='grc' dir='ltr'><strong>συγκλάσω·</strong></span> <span class='ocrx_word' id='word_1_186' title='bbox 3523 1287 3867 1353; x_wconf 77' lang='grc' dir='ltr'><strong>συγχωρήσας</strong></span> 
     </span>
    </p>
   </div>
   <div class='ocr_carea' id='block_1_27' title="bbox 2335 1371 3867 1444">
    <p class='ocr_par' dir='ltr' id='par_1_27' title="bbox 2335 1371 3867 1444">
     <span class='ocr_line' id='line_1_27' title="bbox 2335 1371 3867 1444; baseline 0.001 -22"><span class='ocrx_word' id='word_1_187' title='bbox 2335 1371 2432 1440; x_wconf 84' lang='grc' dir='ltr'><strong>μὲν</strong></span> <span class='ocrx_word' id='word_1_188' title='bbox 2488 1373 2665 1435; x_wconf 76' lang='grc' dir='ltr'><strong>αὐτοῖς</strong></span> <span class='ocrx_word' id='word_1_189' title='bbox 2713 1372 3030 1444; x_wconf 78' lang='grc' dir='ltr'><strong>ἐπαίρεσθαι</strong></span> <span class='ocrx_word' id='word_1_190' title='bbox 3079 1373 3218 1426; x_wconf 85' lang='grc' dir='ltr'><strong>κατὰ</strong></span> <span class='ocrx_word' id='word_1_191' title='bbox 3257 1372 3452 1443; x_wconf 83' lang='grc' dir='ltr'><strong>καιρὸν</strong></span> <span class='ocrx_word' id='word_1_192' title='bbox 3503 1373 3623 1426; x_wconf 81' lang='grc' dir='ltr'><strong>καθ’</strong></span> <span class='ocrx_word' id='word_1_193' title='bbox 3671 1375 3727 1427; x_wconf 80' lang='grc' dir='ltr'><strong>ὃν</strong></span> <span class='ocrx_word' id='word_1_194' title='bbox 3775 1373 3867 1425; x_wconf 76' lang='grc' dir='ltr'><strong>ἔδει</strong></span> 
     </span>
    </p>
   </div>
   <div class='ocr_carea' id='block_1_28' title="bbox 2332 1462 3863 1536">
    <p class='ocr_par' dir='ltr' id='par_1_28' title="bbox 2332 1462 3863 1536">
     <span class='ocr_line' id='line_1_28' title="bbox 2332 1462 3863 1536; baseline 0.001 -22"><span class='ocrx_word' id='word_1_195' title='bbox 2332 1462 2631 1532; x_wconf 85' lang='grc' dir='ltr'><strong>χρήσασθαι</strong></span> <span class='ocrx_word' id='word_1_196' title='bbox 2683 1466 2744 1533; x_wconf 84' lang='grc' dir='ltr'><strong>τῇ</strong></span> <span class='ocrx_word' id='word_1_197' title='bbox 2797 1466 2981 1533; x_wconf 83' lang='grc' dir='ltr'><strong>ἀνοχῇ,</strong></span> <span class='ocrx_word' id='word_1_198' title='bbox 3037 1463 3129 1515; x_wconf 75' lang='grc' dir='ltr'><strong>καὶ</strong></span> <span class='ocrx_word' id='word_1_199' title='bbox 3168 1466 3232 1533; x_wconf 82' lang='grc' dir='ltr'><strong>τῇ</strong></span> <span class='ocrx_word' id='word_1_200' title='bbox 3289 1464 3635 1534; x_wconf 67' lang='grc' dir='ltr'><strong>μακροθυμία</strong></span> <span class='ocrx_word' id='word_1_201' title='bbox 3675 1466 3770 1518; x_wconf 78' lang='grc' dir='ltr'><strong>καὶ</strong></span> <span class='ocrx_word' id='word_1_202' title='bbox 3806 1467 3863 1536; x_wconf 74' lang='grc' dir='ltr'><strong>τῇ</strong></span> 
     </span>
    </p>
   </div>
   <div class='ocr_carea' id='block_1_29' title="bbox 2332 1554 3865 1628">
    <p class='ocr_par' dir='ltr' id='par_1_29' title="bbox 2332 1554 3865 1628">
     <span class='ocr_line' id='line_1_29' title="bbox 2332 1554 3865 1628; baseline 0 -20"><span class='ocrx_word' id='word_1_203' title='bbox 2332 1555 2670 1624; x_wconf 77' lang='grc' dir='ltr'><strong>χρηστότητι·</strong></span> <span class='ocrx_word' id='word_1_204' title='bbox 2710 1555 2846 1625; x_wconf 83' lang='grc' dir='ltr'><strong>πλὴν</strong></span> <span class='ocrx_word' id='word_1_205' title='bbox 2888 1557 2979 1607; x_wconf 75' lang='grc' dir='ltr'><strong>ἐπὶ</strong></span> <span class='ocrx_word' id='word_1_206' title='bbox 3014 1554 3152 1607; x_wconf 87' lang='grc' dir='ltr'><strong>τέλει</strong></span> <span class='ocrx_word' id='word_1_207' title='bbox 3182 1555 3246 1608; x_wconf 86' lang='grc' dir='ltr'><strong>τὰ</strong></span> <span class='ocrx_word' id='word_1_208' title='bbox 3279 1557 3480 1628; x_wconf 83' lang='grc' dir='ltr'><strong>κέρατα</strong></span> <span class='ocrx_word' id='word_1_209' title='bbox 3513 1555 3684 1608; x_wconf 82' lang='grc' dir='ltr'><strong>αὐτῶν</strong></span> <span class='ocrx_word' id='word_1_210' title='bbox 3719 1573 3865 1609; x_wconf 80' lang='grc' dir='ltr'><strong>κατεο</strong></span> 
     </span>
    </p>
   </div>
   <div class='ocr_carea' id='block_1_30' title="bbox 2332 1644 3862 1715">
    <p class='ocr_par' dir='ltr' id='par_1_30' title="bbox 2332 1644 3862 1715">
     <span class='ocr_line' id='line_1_30' title="bbox 2332 1644 3862 1715; baseline 0.003 -20"><span class='ocrx_word' id='word_1_211' title='bbox 2332 1644 2607 1715; x_wconf 88' lang='grc' dir='ltr'><strong>παρθέντα</strong></span> <span class='ocrx_word' id='word_1_212' title='bbox 2647 1645 2738 1698; x_wconf 89' lang='grc' dir='ltr'><strong>τοῦ</strong></span> <span class='ocrx_word' id='word_1_213' title='bbox 2783 1645 2913 1698; x_wconf 88' lang='grc' dir='ltr'><strong>Θεοῦ</strong></span> <span class='ocrx_word' id='word_1_214' title='bbox 2963 1648 3267 1715; x_wconf 89' lang='grc' dir='ltr'><strong>συγκλάσω·</strong></span> <span class='ocrx_word' id='word_1_215' title='bbox 3310 1648 3574 1700; x_wconf 84' lang='grc' dir='ltr'><strong>ἀνάπαλιν</strong></span> <span class='ocrx_word' id='word_1_216' title='bbox 3611 1648 3664 1702; x_wconf 85' lang='grc' dir='ltr'><strong>δέ</strong></span> <span class='ocrx_word' id='word_1_217' title='bbox 3691 1649 3758 1702; x_wconf 81' lang='grc' dir='ltr'><strong>τὰ</strong></span> <span class='ocrx_word' id='word_1_218' title='bbox 3784 1649 3862 1701; x_wconf 84' lang='grc' dir='ltr'><strong>τοῦ</strong></span> 
     </span>
    </p>
   </div>
   <div class='ocr_carea' id='block_1_31' title="bbox 2330 1731 3861 1806">
    <p class='ocr_par' dir='ltr' id='par_1_31' title="bbox 2330 1731 3861 1806">
     <span class='ocr_line' id='line_1_31' title="bbox 2330 1731 3861 1806; baseline 0.001 -21"><span class='ocrx_word' id='word_1_219' title='bbox 2330 1733 2531 1786; x_wconf 80' lang='grc' dir='ltr'><strong>δικαίου</strong></span> <span class='ocrx_word' id='word_1_220' title='bbox 2566 1736 2770 1806; x_wconf 84' lang='grc' dir='ltr'><strong>κέρατα</strong></span> <span class='ocrx_word' id='word_1_221' title='bbox 2803 1734 3018 1802; x_wconf 80' lang='grc' dir='ltr'><strong>ὑψώσω,</strong></span> <span class='ocrx_word' id='word_1_222' title='bbox 3064 1736 3288 1804; x_wconf 88' lang='grc' dir='ltr'><strong>ἐπείπερ</strong></span> <span class='ocrx_word' id='word_1_223' title='bbox 3323 1731 3389 1806; x_wconf 80' lang='grc' dir='ltr'><strong>ἦν</strong></span> <span class='ocrx_word' id='word_1_224' title='bbox 3421 1735 3861 1805; x_wconf 82' lang='grc' dir='ltr'><strong>τεταπεινωμένα.</strong></span> 
     </span>
    </p>
   </div>
   <div class='ocr_carea' id='block_1_32' title="bbox 2331 1826 3864 1901">
    <p class='ocr_par' dir='ltr' id='par_1_32' title="bbox 2331 1826 3864 1901">
     <span class='ocr_line' id='line_1_32' title="bbox 2331 1826 3864 1901; baseline 0.001 -23"><span class='ocrx_word' id='word_1_225' title='bbox 2331 1826 2462 1878; x_wconf 85' lang='grc' dir='ltr'><strong>Τότε</strong></span> <span class='ocrx_word' id='word_1_226' title='bbox 2507 1827 2563 1878; x_wconf 85' lang='grc' dir='ltr'><strong>δὲ</strong></span> <span class='ocrx_word' id='word_1_227' title='bbox 2601 1826 2958 1896; x_wconf 76' lang='grc' dir='ltr'><strong>ὑψωθήσεται,</strong></span> <span class='ocrx_word' id='word_1_228' title='bbox 3001 1827 3213 1880; x_wconf 77' lang='grc' dir='ltr'><strong>ἐπειδὰν</strong></span> <span class='ocrx_word' id='word_1_229' title='bbox 3254 1827 3619 1901; x_wconf 78' lang='grc' dir='ltr'><strong>συμϐασιλεύῃ</strong></span> <span class='ocrx_word' id='word_1_230' title='bbox 3653 1828 3727 1897; x_wconf 80' lang='grc' dir='ltr'><strong>τῷ</strong></span> <span class='ocrx_word' id='word_1_231' title='bbox 3756 1829 3864 1880; x_wconf 80' lang='grc' dir='ltr'><strong>ἐαυ-</strong></span> 
     </span>
    </p>
   </div>
   <div class='ocr_carea' id='block_1_33' title="bbox 684 1916 2228 1992">
    <p class='ocr_par' dir='ltr' id='par_1_33' title="bbox 684 1919 2228 1992">
     <span class='ocr_line' id='line_1_33' title="bbox 684 1919 2228 1992; baseline 0.002 -18"><span class='ocrx_word' id='word_1_232' title='bbox 684 1919 883 1974; x_wconf 80' lang='lat' dir='ltr'><strong>Christi</strong></span> <span class='ocrx_word' id='word_1_233' title='bbox 914 1931 1035 1974; x_wconf 90' lang='lat' dir='ltr'><strong>sunt</strong></span> <span class='ocrx_word' id='word_1_234' title='bbox 1069 1923 1122 1974; x_wconf 92' lang='lat' dir='ltr'><strong>in</strong></span> <span class='ocrx_word' id='word_1_235' title='bbox 1156 1923 1377 1976; x_wconf 84' lang='lat' dir='ltr'><strong>adventu</strong></span> <span class='ocrx_word' id='word_1_236' title='bbox 1405 1923 1516 1991; x_wconf 84' lang='lat' dir='ltr'><strong>ejus</strong></span> <span class='ocrx_word' id='word_1_237' title='bbox 1539 1939 1557 1986; x_wconf 88' lang='lat'><em>;</em></span> <span class='ocrx_word' id='word_1_238' title='bbox 1581 1923 1762 1978; x_wconf 88' lang='lat' dir='ltr'><strong>deinde</strong></span> <span class='ocrx_word' id='word_1_239' title='bbox 1795 1924 1945 1992; x_wconf 79' lang='lat' dir='ltr'><strong>finis,</strong></span> <span class='ocrx_word' id='word_1_240' title='bbox 1971 1941 2087 1991; x_wconf 88' lang='lat' dir='ltr'><strong>cum</strong></span> <span class='ocrx_word' id='word_1_241' title='bbox 2120 1919 2228 1977; x_wconf 55' lang='lat' dir='ltr'><strong>traé</strong></span> 
     </span>
    </p>
   </div>
   <div class='ocr_carea' id='block_1_34' title="bbox 2330 1916 3862 1992">
    <p class='ocr_par' dir='ltr' id='par_1_34' title="bbox 2330 1916 3862 1990">
     <span class='ocr_line' id='line_1_34' title="bbox 2330 1916 3862 1990; baseline 0.003 -23"><span class='ocrx_word' id='word_1_242' title='bbox 2330 1916 2417 1968; x_wconf 87' lang='grc' dir='ltr'><strong>τοῦ</strong></span> <span class='ocrx_word' id='word_1_243' title='bbox 2450 1916 2655 1986; x_wconf 85' lang='grc' dir='ltr'><strong>βασιλεῖ</strong></span> <span class='ocrx_word' id='word_1_244' title='bbox 2675 1918 2813 1972; x_wconf 82' lang='grc' dir='ltr'><strong>κατὰ</strong></span> <span class='ocrx_word' id='word_1_245' title='bbox 2837 1919 2926 1971; x_wconf 83' lang='grc' dir='ltr'><strong>τὸν</strong></span> <span class='ocrx_word' id='word_1_246' title='bbox 2965 1918 3297 1984; x_wconf 85' lang='grc' dir='ltr'><strong>Ἀπόστολον,</strong></span> <span class='ocrx_word' id='word_1_247' title='bbox 3323 1919 3380 1981; x_wconf 81' lang='grc' dir='ltr'><strong>ὃς</strong></span> <span class='ocrx_word' id='word_1_248' title='bbox 3402 1936 3584 1990; x_wconf 84' lang='grc' dir='ltr'><strong>φησιν·</strong></span> <span class='ocrx_word' id='word_1_249' title='bbox 3627 1917 3862 1986; x_wconf 75' lang='grc' dir='ltr'><strong>Ἀπαρχὴ</strong></span> 
     </span>
    </p>
   </div>
   <div class='ocr_carea' id='block_1_35' title="bbox 685 2007 2231 2079">
    <p class='ocr_par' dir='ltr' id='par_1_35' title="bbox 685 2007 2231 2079">
     <span class='ocr_line' id='line_1_35' title="bbox 685 2007 2231 2079; baseline 0.003 -17"><span class='ocrx_word' id='word_1_250' title='bbox 685 2007 876 2062; x_wconf 85' lang='lat' dir='ltr'><strong>diderit</strong></span> <span class='ocrx_word' id='word_1_251' title='bbox 914 2026 1126 2079; x_wconf 86' lang='lat' dir='ltr'><strong>regnum</strong></span> <span class='ocrx_word' id='word_1_252' title='bbox 1165 2011 1272 2064; x_wconf 88' lang='lat' dir='ltr'><strong>Deo</strong></span> <span class='ocrx_word' id='word_1_253' title='bbox 1303 2021 1352 2064; x_wconf 86' lang='lat' dir='ltr'><strong>et</strong></span> <span class='ocrx_word' id='word_1_254' title='bbox 1391 2011 1534 2065; x_wconf 84' lang='lat' dir='ltr'><strong>Patri</strong></span> <span class='ocrx_word' id='word_1_255' title='bbox 1556 2054 1571 2078; x_wconf 92' lang='lat'><strong>,</strong></span> <span class='ocrx_word' id='word_1_256' title='bbox 1605 2030 1723 2065; x_wconf 88' lang='lat' dir='ltr'><strong>cum</strong></span> <span class='ocrx_word' id='word_1_257' title='bbox 1757 2013 2073 2067; x_wconf 78' lang='lat' dir='ltr'><strong>destruxerit</strong></span> <span class='ocrx_word' id='word_1_258' title='bbox 2118 2031 2231 2068; x_wconf 90' lang='lat' dir='ltr'><strong>om-</strong></span> 
     </span>
    </p>
   </div>
   <div class='ocr_carea' id='block_1_36' title="bbox 681 2103 2232 2174">
    <p class='ocr_par' dir='ltr' id='par_1_36' title="bbox 681 2103 2232 2174">
     <span class='ocr_line' id='line_1_36' title="bbox 681 2103 2232 2174; baseline 0.004 -20"><span class='ocrx_word' id='word_1_259' title='bbox 681 2116 798 2154; x_wconf 84' lang='lat' dir='ltr'><strong>nem</strong></span> <span class='ocrx_word' id='word_1_260' title='bbox 827 2110 1132 2168; x_wconf 81' lang='lat' dir='ltr'><strong>potestatem</strong></span> <span class='ocrx_word' id='word_1_261' title='bbox 1159 2110 1210 2154; x_wconf 88' lang='lat' dir='ltr'><strong>et</strong></span> <span class='ocrx_word' id='word_1_262' title='bbox 1245 2103 1485 2156; x_wconf 83' lang='lat' dir='ltr'><strong>virtutem</strong></span> <span class='ocrx_word' id='word_1_263' title='bbox 1511 2103 1578 2156; x_wconf 80' lang='lat'><strong>“.</strong></span> <span class='ocrx_word' id='word_1_264' title='bbox 1612 2103 1838 2169; x_wconf 86' lang='lat' dir='ltr'><strong>Quando</strong></span> <span class='ocrx_word' id='word_1_265' title='bbox 1866 2104 2075 2159; x_wconf 86' lang='lat' dir='ltr'><strong>scilicet</strong></span> <span class='ocrx_word' id='word_1_266' title='bbox 2100 2105 2232 2174; x_wconf 85' lang='lat' dir='ltr'><strong>justi</strong></span> 
     </span>
    </p>
   </div>
   <div class='ocr_carea' id='block_1_37' title="bbox 679 2191 2233 2266">
    <p class='ocr_par' dir='ltr' id='par_1_37' title="bbox 679 2191 2233 2266">
     <span class='ocr_line' id='line_1_37' title="bbox 679 2191 2233 2266; baseline 0.004 -21"><span class='ocrx_word' id='word_1_267' title='bbox 679 2191 805 2246; x_wconf 69' lang='lat' dir='ltr'><strong>vita:</strong></span> <span class='ocrx_word' id='word_1_268' title='bbox 841 2193 1162 2247; x_wconf 87' lang='lat' dir='ltr'><strong>immortalis</strong></span> <span class='ocrx_word' id='word_1_269' title='bbox 1200 2194 1426 2250; x_wconf 87' lang='lat' dir='ltr'><strong>calicem</strong></span> <span class='ocrx_word' id='word_1_270' title='bbox 1467 2195 1693 2264; x_wconf 87' lang='lat' dir='ltr'><strong>bibent;</strong></span> <span class='ocrx_word' id='word_1_271' title='bbox 1733 2213 1891 2266; x_wconf 90' lang='lat' dir='ltr'><strong>quem</strong></span> <span class='ocrx_word' id='word_1_272' title='bbox 1933 2196 2067 2266; x_wconf 89' lang='lat' dir='ltr'><strong>ipsis</strong></span> <span class='ocrx_word' id='word_1_273' title='bbox 2108 2213 2233 2266; x_wconf 81' lang='lat' dir='ltr'><strong>pro-</strong></span> 
     </span>
    </p>
   </div>
   <div class='ocr_carea' id='block_1_38' title="bbox 681 2283 2232 2343">
    <p class='ocr_par' dir='ltr' id='par_1_38' title="bbox 681 2283 2232 2343">
     <span class='ocr_line' id='line_1_38' title="bbox 681 2283 2232 2343; baseline 0.005 -8"><span class='ocrx_word' id='word_1_274' title='bbox 681 2283 832 2338; x_wconf 87' lang='lat' dir='ltr'><strong>misit</strong></span> <span class='ocrx_word' id='word_1_275' title='bbox 869 2283 1053 2338; x_wconf 88' lang='lat' dir='ltr'><strong>dicens</strong></span> <span class='ocrx_word' id='word_1_276' title='bbox 1084 2303 1096 2338; x_wconf 91' lang='lat'><strong>:</strong></span> <span class='ocrx_word' id='word_1_277' title='bbox 1131 2284 1305 2340; x_wconf 86' lang='lat' dir='ltr'><strong>Donec</strong></span> <span class='ocrx_word' id='word_1_278' title='bbox 1346 2285 1520 2339; x_wconf 80' lang='lat' dir='ltr'><strong>bibam</strong></span> <span class='ocrx_word' id='word_1_279' title='bbox 1560 2287 1711 2341; x_wconf 85' lang='lat' dir='ltr'><strong>illum</strong></span> <span class='ocrx_word' id='word_1_280' title='bbox 1752 2303 1937 2343; x_wconf 83' lang='lat' dir='ltr'><strong>novum</strong></span> <span class='ocrx_word' id='word_1_281' title='bbox 1974 2287 2232 2343; x_wconf 79' lang='lat' dir='ltr'><strong>vobiscum</strong></span> 
     </span>
    </p>
   </div>
   <div class='ocr_carea' id='block_1_39' title="bbox 680 2372 1292 2443">
    <p class='ocr_par' dir='ltr' id='par_1_39' title="bbox 680 2372 1292 2443">
     <span class='ocr_line' id='line_1_39' title="bbox 680 2372 1292 2443; baseline 0.008 -18"><span class='ocrx_word' id='word_1_282' title='bbox 680 2372 739 2426; x_wconf 88' lang='lat' dir='ltr'><strong>in</strong></span> <span class='ocrx_word' id='word_1_283' title='bbox 771 2386 927 2443; x_wconf 86' lang='lat' dir='ltr'><strong>regno</strong></span> <span class='ocrx_word' id='word_1_284' title='bbox 956 2375 1200 2429; x_wconf 67' lang='lat' dir='ltr'><strong>calorum</strong></span> <span class='ocrx_word' id='word_1_285' title='bbox 1227 2378 1292 2431; x_wconf 67' lang='grc'><strong>⁵³,</strong></span> 
     </span>
    </p>
   </div>
   <div class='ocr_carea' id='block_1_40' title="bbox 760 2641 2193 2714">
    <p class='ocr_par' dir='ltr' id='par_1_40' title="bbox 760 2641 2193 2714">
     <span class='ocr_line' id='line_1_40' title="bbox 760 2641 2193 2714; baseline 0.004 -13"><span class='ocrx_word' id='word_1_286' title='bbox 760 2648 810 2702; x_wconf 80' lang='grc'><strong>1.</strong></span> <span class='ocrx_word' id='word_1_287' title='bbox 854 2646 922 2702; x_wconf 88' lang='grc' dir='ltr'><strong>ΙΝ</strong></span> <span class='ocrx_word' id='word_1_288' title='bbox 975 2641 1205 2710; x_wconf 74' lang='lat' dir='ltr'><strong>FINEM,</strong></span> <span class='ocrx_word' id='word_1_289' title='bbox 1248 2647 1313 2702; x_wconf 83' lang='lat' dir='ltr'><strong>IN</strong></span> <span class='ocrx_word' id='word_1_290' title='bbox 1356 2643 1635 2714; x_wconf 79' lang='lat' dir='ltr'><strong>HYMNIS,</strong></span> <span class='ocrx_word' id='word_1_291' title='bbox 1679 2650 1998 2708; x_wconf 85' lang='lat' dir='ltr'><strong>PSALMUS</strong></span> <span class='ocrx_word' id='word_1_292' title='bbox 2034 2647 2193 2708; x_wconf 41' lang='lat' dir='ltr'><strong>lPSl‘</strong></span> 
     </span>
    </p>
   </div>
   <div class='ocr_carea' id='block_1_41' title="bbox 995 2717 1914 2784">
    <p class='ocr_par' dir='ltr' id='par_1_41' title="bbox 995 2717 1914 2784">
     <span class='ocr_line' id='line_1_41' title="bbox 995 2717 1914 2784; baseline 0.007 -13"><span class='ocrx_word' id='word_1_293' title='bbox 995 2717 1241 2784; x_wconf 73' lang='lat' dir='ltr'><strong>ASAPH,</strong></span> <span class='ocrx_word' id='word_1_294' title='bbox 1285 2719 1662 2776; x_wconf 81' lang='lat' dir='ltr'><strong>CANTICUM.</strong></span> <span class='ocrx_word' id='word_1_295' title='bbox 1707 2721 1914 2777; x_wconf 76' lang='lat' dir='ltr'><strong>LXXV.</strong></span> 
     </span>
    </p>
   </div>
   <div class='ocr_carea' id='block_1_42' title="bbox 749 2827 2230 2897">
    <p class='ocr_par' dir='ltr' id='par_1_42' title="bbox 749 2827 2230 2897">
     <span class='ocr_line' id='line_1_42' title="bbox 749 2827 2230 2897; baseline 0.001 -13"><span class='ocrx_word' id='word_1_296' title='bbox 749 2827 918 2885; x_wconf 73' lang='lat' dir='ltr'><strong>Vitas.</strong></span> <span class='ocrx_word' id='word_1_297' title='bbox 954 2828 1008 2896; x_wconf 77' lang='lat'><strong>2,</strong></span> <span class='ocrx_word' id='word_1_298' title='bbox 1043 2832 1096 2886; x_wconf 78' lang='lat'><strong>3.</strong></span> <span class='ocrx_word' id='word_1_299' title='bbox 1133 2830 1307 2886; x_wconf 84' lang='lat' dir='ltr'><strong>Notus</strong></span> <span class='ocrx_word' id='word_1_300' title='bbox 1333 2834 1386 2887; x_wconf 90' lang='lat' dir='ltr'><strong>in</strong></span> <span class='ocrx_word' id='word_1_301' title='bbox 1411 2831 1604 2887; x_wconf 72' lang='lat' dir='ltr'><strong>Judwa</strong></span> <span class='ocrx_word' id='word_1_302' title='bbox 1630 2833 1769 2888; x_wconf 85' lang='lat' dir='ltr'><strong>Deus</strong></span> <span class='ocrx_word' id='word_1_303' title='bbox 1789 2874 1803 2897; x_wconf 96' lang='lat'><strong>,</strong></span> <span class='ocrx_word' id='word_1_304' title='bbox 1829 2835 1883 2887; x_wconf 86' lang='lat' dir='ltr'><strong>in</strong></span> <span class='ocrx_word' id='word_1_305' title='bbox 1910 2833 2085 2888; x_wconf 70' lang='lat' dir='ltr'><strong>I‘srael</strong></span> <span class='ocrx_word' id='word_1_306' title='bbox 2113 2849 2230 2887; x_wconf 82' lang='lat' dir='ltr'><strong>ma-</strong></span> 
     </span>
    </p>
   </div>
   <div class='ocr_carea' id='block_1_43' title="bbox 2331 2006 3865 2078">
    <p class='ocr_par' dir='ltr' id='par_1_43' title="bbox 2331 2006 3865 2078">
     <span class='ocr_line' id='line_1_43' title="bbox 2331 2006 3865 2078; baseline 0.001 -19"><span class='ocrx_word' id='word_1_307' title='bbox 2331 2009 2438 2077; x_wconf 79' lang='grc' dir='ltr'><strong>τὰρ</strong></span> <span class='ocrx_word' id='word_1_308' title='bbox 2461 2010 2727 2076; x_wconf 75' lang='grc' dir='ltr'><strong>Χριστός⁹</strong></span> <span class='ocrx_word' id='word_1_309' title='bbox 2764 2006 2888 2062; x_wconf 77' lang='grc' dir='ltr'><strong>εἶτα</strong></span> <span class='ocrx_word' id='word_1_310' title='bbox 2913 2012 2965 2062; x_wconf 83' lang='grc' dir='ltr'><strong>οί</strong></span> <span class='ocrx_word' id='word_1_311' title='bbox 2985 2010 3087 2063; x_wconf 85' lang='grc' dir='ltr'><strong>τοῦ</strong></span> <span class='ocrx_word' id='word_1_312' title='bbox 3119 2010 3369 2078; x_wconf 81' lang='grc' dir='ltr'><strong>Χριστοῦ</strong></span> <span class='ocrx_word' id='word_1_313' title='bbox 3398 2010 3467 2063; x_wconf 87' lang='grc' dir='ltr'><strong>ἐν</strong></span> <span class='ocrx_word' id='word_1_314' title='bbox 3485 2010 3559 2078; x_wconf 79' lang='grc' dir='ltr'><strong>τῇ</strong></span> <span class='ocrx_word' id='word_1_315' title='bbox 3579 2010 3865 2078; x_wconf 76' lang='grc' dir='ltr'><strong>,παρουσίᾳ</strong></span> 
     </span>
    </p>
   </div>
   <div class='ocr_carea' id='block_1_44' title="bbox 2329 2095 3865 2167">
    <p class='ocr_par' dir='ltr' id='par_1_44' title="bbox 2329 2095 3865 2167">
     <span class='ocr_line' id='line_1_44' title="bbox 2329 2095 3865 2167; baseline 0.001 -19"><span class='ocrx_word' id='word_1_316' title='bbox 2329 2097 2531 2149; x_wconf 84' lang='grc' dir='ltr'><strong>αὑτοῦ·</strong></span> <span class='ocrx_word' id='word_1_317' title='bbox 2568 2095 2692 2150; x_wconf 78' lang='grc' dir='ltr'><strong>εἶτα</strong></span> <span class='ocrx_word' id='word_1_318' title='bbox 2722 2101 2786 2152; x_wconf 88' lang='grc' dir='ltr'><strong>τὸ</strong></span> <span class='ocrx_word' id='word_1_319' title='bbox 2813 2099 3001 2163; x_wconf 80' lang='grc' dir='ltr'><strong>τέλος,</strong></span> <span class='ocrx_word' id='word_1_320' title='bbox 3045 2098 3191 2152; x_wconf 80' lang='grc' dir='ltr'><strong>ὅταν</strong></span> <span class='ocrx_word' id='word_1_321' title='bbox 3231 2099 3529 2167; x_wconf 69' lang='grc' dir='ltr'><strong>παραδιδῷ</strong></span> <span class='ocrx_word' id='word_1_322' title='bbox 3567 2099 3678 2165; x_wconf 79' lang='grc' dir='ltr'><strong>τὴν</strong></span> <span class='ocrx_word' id='word_1_323' title='bbox 3697 2100 3865 2162; x_wconf 77' lang='grc' dir='ltr'><strong>,Βασι-</strong></span> 
     </span>
    </p>
   </div>
   <div class='ocr_carea' id='block_1_45' title="bbox 2330 2181 3867 2256">
    <p class='ocr_par' dir='ltr' id='par_1_45' title="bbox 2330 2181 3867 2256">
     <span class='ocr_line' id='line_1_45' title="bbox 2330 2181 3867 2256; baseline 0.005 -23"><span class='ocrx_word' id='word_1_324' title='bbox 2330 2183 2500 2234; x_wconf 72' lang='grc' dir='ltr'><strong>λείαν</strong></span> <span class='ocrx_word' id='word_1_325' title='bbox 2527 2181 2604 2245; x_wconf 82' lang='grc' dir='ltr'><strong>τῷ</strong></span> <span class='ocrx_word' id='word_1_326' title='bbox 2635 2182 2752 2247; x_wconf 86' lang='grc' dir='ltr'><strong>Θεῷ</strong></span> <span class='ocrx_word' id='word_1_327' title='bbox 2781 2183 2876 2236; x_wconf 78' lang='grc' dir='ltr'><strong>καὶ</strong></span> <span class='ocrx_word' id='word_1_328' title='bbox 2903 2185 3102 2254; x_wconf 81' lang='grc' dir='ltr'><strong>Πατρὶ,</strong></span> <span class='ocrx_word' id='word_1_329' title='bbox 3138 2185 3281 2238; x_wconf 84' lang='grc' dir='ltr'><strong>ὅταν</strong></span> <span class='ocrx_word' id='word_1_330' title='bbox 3305 2187 3650 2256; x_wconf 72' lang='grc' dir='ltr'><strong>καταργήσῃ</strong></span> <span class='ocrx_word' id='word_1_331' title='bbox 3677 2185 3867 2240; x_wconf 71' lang='grc' dir='ltr'><strong>πᾶσαν</strong></span> 
     </span>
    </p>
   </div>
   <div class='ocr_carea' id='block_1_46' title="bbox 2329 2272 3866 2342">
    <p class='ocr_par' dir='ltr' id='par_1_46' title="bbox 2329 2272 3866 2342">
     <span class='ocr_line' id='line_1_46' title="bbox 2329 2272 3866 2342; baseline 0.001 -18"><span class='ocrx_word' id='word_1_332' title='bbox 2329 2272 2615 2335; x_wconf 82' lang='grc' dir='ltr'><strong>ἐξουσίαν</strong></span> <span class='ocrx_word' id='word_1_333' title='bbox 2644 2272 2739 2325; x_wconf 77' lang='grc' dir='ltr'><strong>καὶ</strong></span> <span class='ocrx_word' id='word_1_334' title='bbox 2769 2273 3038 2342; x_wconf 82' lang='grc' dir='ltr'><strong>δύναμιν.</strong></span> <span class='ocrx_word' id='word_1_335' title='bbox 3085 2275 3209 2327; x_wconf 84' lang='grc' dir='ltr'><strong>Ὅτε</strong></span> <span class='ocrx_word' id='word_1_336' title='bbox 3251 2277 3343 2328; x_wconf 70' lang='grc' dir='ltr'><strong>καὶ</strong></span> <span class='ocrx_word' id='word_1_337' title='bbox 3377 2276 3588 2330; x_wconf 88' lang='grc' dir='ltr'><strong>πίονται</strong></span> <span class='ocrx_word' id='word_1_338' title='bbox 3612 2278 3658 2328; x_wconf 87' lang='grc' dir='ltr'><strong>οἱ</strong></span> <span class='ocrx_word' id='word_1_339' title='bbox 3685 2275 3866 2328; x_wconf 82' lang='grc' dir='ltr'><strong>δίκαιοι</strong></span> 
     </span>
    </p>
   </div>
   <div class='ocr_carea' id='block_1_47' title="bbox 2331 2362 3865 2436">
    <p class='ocr_par' dir='ltr' id='par_1_47' title="bbox 2331 2362 3865 2436">
     <span class='ocr_line' id='line_1_47' title="bbox 2331 2362 3865 2436; baseline 0 -20"><span class='ocrx_word' id='word_1_340' title='bbox 2331 2364 2586 2433; x_wconf 81' lang='grc' dir='ltr'><strong>ποτήριον</strong></span> <span class='ocrx_word' id='word_1_341' title='bbox 2633 2362 2776 2434; x_wconf 78' lang='grc' dir='ltr'><strong>ζωῆς</strong></span> <span class='ocrx_word' id='word_1_342' title='bbox 2816 2365 3100 2418; x_wconf 81' lang='grc' dir='ltr'><strong>ἀθανάτου·</strong></span> <span class='ocrx_word' id='word_1_343' title='bbox 3147 2367 3279 2436; x_wconf 80' lang='grc' dir='ltr'><strong>ὅπερ</strong></span> <span class='ocrx_word' id='word_1_344' title='bbox 3326 2367 3506 2429; x_wconf 82' lang='grc' dir='ltr'><strong>αὐτοῖς</strong></span> <span class='ocrx_word' id='word_1_345' title='bbox 3555 2365 3865 2436; x_wconf 74' lang='grc' dir='ltr'><strong>ἐπήγγελται</strong></span> 
     </span>
    </p>
   </div>
   <div class='ocr_carea' id='block_1_48' title="bbox 2330 2449 3866 2527">
    <p class='ocr_par' dir='ltr' id='par_1_48' title="bbox 2330 2449 3866 2527">
     <span class='ocr_line' id='line_1_48' title="bbox 2330 2449 3866 2527; baseline 0.005 -23"><span class='ocrx_word' id='word_1_346' title='bbox 2330 2451 2513 2506; x_wconf 75' lang='grc' dir='ltr'><strong>εἰπών·</strong></span> <span class='ocrx_word' id='word_1_347' title='bbox 2547 2455 2693 2520; x_wconf 86' lang='grc' dir='ltr'><strong>Ἕως</strong></span> <span class='ocrx_word' id='word_1_348' title='bbox 2718 2455 2793 2509; x_wconf 87' lang='grc' dir='ltr'><strong>ἂν</strong></span> <span class='ocrx_word' id='word_1_349' title='bbox 2819 2449 2931 2509; x_wconf 71' lang='grc' dir='ltr'><strong>πίω</strong></span> <span class='ocrx_word' id='word_1_350' title='bbox 2949 2457 3106 2510; x_wconf 72' lang='grc' dir='ltr'><strong>ιαὺτὸ</strong></span> <span class='ocrx_word' id='word_1_351' title='bbox 3136 2459 3344 2510; x_wconf 84' lang='grc' dir='ltr'><strong>καινὸν</strong></span> <span class='ocrx_word' id='word_1_352' title='bbox 3373 2460 3501 2527; x_wconf 74' lang='grc' dir='ltr'><strong>μεθ’</strong></span> <span class='ocrx_word' id='word_1_353' title='bbox 3525 2457 3689 2526; x_wconf 80' lang='grc' dir='ltr'><strong>ὑμῶν</strong></span> <span class='ocrx_word' id='word_1_354' title='bbox 3713 2459 3778 2511; x_wconf 85' lang='grc' dir='ltr'><strong>ἐν</strong></span> <span class='ocrx_word' id='word_1_355' title='bbox 3801 2457 3866 2526; x_wconf 77' lang='grc' dir='ltr'><strong>τῇ</strong></span> 
     </span>
    </p>
   </div>
   <div class='ocr_carea' id='block_1_49' title="bbox 2324 2544 3047 2615">
    <p class='ocr_par' dir='ltr' id='par_1_49' title="bbox 2324 2544 3047 2615">
     <span class='ocr_line' id='line_1_49' title="bbox 2324 2544 3047 2615; baseline 0.003 -18"><span class='ocrx_word' id='word_1_356' title='bbox 2324 2544 2606 2611; x_wconf 73' lang='grc' dir='ltr'><strong>βασιλείᾳ</strong></span> <span class='ocrx_word' id='word_1_357' title='bbox 2636 2545 2753 2598; x_wconf 84' lang='grc' dir='ltr'><strong>τῶν</strong></span> <span class='ocrx_word' id='word_1_358' title='bbox 2780 2545 3047 2615; x_wconf 80' lang='grc' dir='ltr'><strong>οὐρανῶν</strong></span> 
     </span>
    </p>
   </div>
   <div class='ocr_carea' id='block_1_50' title="bbox 2330 2658 3867 2802">
    <p class='ocr_par' dir='ltr' id='par_1_50' title="bbox 2330 2658 3867 2802">
     <span class='ocr_line' id='line_1_50' title="bbox 2330 2658 3867 2802; baseline 0.008 -92"><span class='ocrx_word' id='word_1_359' title='bbox 2330 2658 2437 2711; x_wconf 90' lang='grc' dir='ltr'><strong>ΕΙΣ</strong></span> <span class='ocrx_word' id='word_1_360' title='bbox 2469 2660 2553 2713; x_wconf 88' lang='grc' dir='ltr'><strong>ΤΟ</strong></span> <span class='ocrx_word' id='word_1_361' title='bbox 2579 2661 2815 2726; x_wconf 84' lang='grc' dir='ltr'><strong>ΤΕΛΟΣ,</strong></span> <span class='ocrx_word' id='word_1_362' title='bbox 2842 2663 2933 2716; x_wconf 90' lang='grc' dir='ltr'><strong>ΕΝ</strong></span> <span class='ocrx_word' id='word_1_363' title='bbox 2953 2663 3238 2802; x_wconf 46' lang='grc' dir='ltr'><strong>ἄξιἓῖΟᾶἓῖ</strong></span> <span class='ocrx_word' id='word_1_364' title='bbox 3264 2663 3553 2735; x_wconf 75' lang='grc' dir='ltr'><strong>ΨΑΛΜΟΣ</strong></span> <span class='ocrx_word' id='word_1_365' title='bbox 3579 2664 3663 2734; x_wconf 78' lang='grc' dir='ltr'><strong>Τῼ</strong></span> <span class='ocrx_word' id='word_1_366' title='bbox 3684 2662 3867 2725; x_wconf 56' lang='lat' dir='ltr'><strong>AL“.</strong></span> 
     </span>
    </p>
   </div>
   <div class='ocr_carea' id='block_1_51' title="bbox 2400 2836 3868 2907">
    <p class='ocr_par' dir='ltr' id='par_1_51' title="bbox 2400 2836 3868 2907">
     <span class='ocr_line' id='line_1_51' title="bbox 2400 2836 3868 2907; baseline 0.003 -20"><span class='ocrx_word' id='word_1_367' title='bbox 2400 2836 2680 2901; x_wconf 86' lang='grc' dir='ltr'><strong>Γνωστὸς</strong></span> <span class='ocrx_word' id='word_1_368' title='bbox 2707 2837 2776 2890; x_wconf 81' lang='grc' dir='ltr'><strong>ἐν</strong></span> <span class='ocrx_word' id='word_1_369' title='bbox 2804 2837 2880 2906; x_wconf 75' lang='grc' dir='ltr'><strong>τῇ</strong></span> <span class='ocrx_word' id='word_1_370' title='bbox 2917 2838 3164 2906; x_wconf 81' lang='grc' dir='ltr'><strong>Ἰουδαίᾳ</strong></span> <span class='ocrx_word' id='word_1_371' title='bbox 3187 2842 3219 2892; x_wconf 81' lang='grc' dir='ltr'><em>ὁ</em></span> <span class='ocrx_word' id='word_1_372' title='bbox 3245 2838 3406 2905; x_wconf 85' lang='grc' dir='ltr'><strong>Θεὸς,</strong></span> <span class='ocrx_word' id='word_1_373' title='bbox 3437 2839 3506 2893; x_wconf 85' lang='grc' dir='ltr'><strong>ὲν</strong></span> <span class='ocrx_word' id='word_1_374' title='bbox 3531 2838 3610 2903; x_wconf 83' lang='grc' dir='ltr'><strong>τῷ</strong></span> <span class='ocrx_word' id='word_1_375' title='bbox 3647 2838 3868 2907; x_wconf 71' lang='grc' dir='ltr'><strong>Ἰσραὴλ</strong></span> 
     </span>
    </p>
   </div>
   <div class='ocr_carea' id='block_1_52' title="bbox 677 2921 2228 2999">
    <p class='ocr_par' dir='ltr' id='par_1_52' title="bbox 677 2921 2228 2992">
     <span class='ocr_line' id='line_1_52' title="bbox 677 2921 2228 2992; baseline 0.005 -19"><span class='ocrx_word' id='word_1_376' title='bbox 677 2936 835 2992; x_wconf 76' lang='lat' dir='ltr'><strong>gnum</strong></span> <span class='ocrx_word' id='word_1_377' title='bbox 865 2938 1046 2976; x_wconf 85' lang='lat' dir='ltr'><strong>nomen</strong></span> <span class='ocrx_word' id='word_1_378' title='bbox 1079 2923 1211 2987; x_wconf 80' lang='lat' dir='ltr'><strong>eius.</strong></span> <span class='ocrx_word' id='word_1_379' title='bbox 1243 2921 1341 2977; x_wconf 79' lang='lat' dir='ltr'><strong>Hic</strong></span> <span class='ocrx_word' id='word_1_380' title='bbox 1374 2925 1615 2991; x_wconf 89' lang='lat' dir='ltr'><strong>psalmus</strong></span> <span class='ocrx_word' id='word_1_381' title='bbox 1647 2926 1768 2978; x_wconf 89' lang='lat' dir='ltr'><strong>item</strong></span> <span class='ocrx_word' id='word_1_382' title='bbox 1795 2941 1860 2979; x_wconf 87' lang='lat' dir='ltr'><strong>ex</strong></span> <span class='ocrx_word' id='word_1_383' title='bbox 1891 2940 2116 2980; x_wconf 86' lang='lat' dir='ltr'><strong>numero</strong></span> <span class='ocrx_word' id='word_1_384' title='bbox 2141 2939 2228 2980; x_wconf 91' lang='lat' dir='ltr'><strong>eo-</strong></span> 
     </span>
    </p>
   </div>
   <div class='ocr_carea' id='block_1_53' title="bbox 2330 2921 3869 2999">
    <p class='ocr_par' dir='ltr' id='par_1_53' title="bbox 2330 2927 3869 2999">
     <span class='ocr_line' id='line_1_53' title="bbox 2330 2927 3869 2999; baseline 0.003 -21"><span class='ocrx_word' id='word_1_385' title='bbox 2330 2927 2477 2996; x_wconf 78' lang='grc' dir='ltr'><strong>μέγα</strong></span> <span class='ocrx_word' id='word_1_386' title='bbox 2500 2927 2563 2978; x_wconf 84' lang='grc' dir='ltr'><strong>τὸ</strong></span> <span class='ocrx_word' id='word_1_387' title='bbox 2579 2927 2762 2997; x_wconf 79' lang='grc' dir='ltr'><strong>ὄνομα</strong></span> <span class='ocrx_word' id='word_1_388' title='bbox 2785 2929 2988 2984; x_wconf 85' lang='grc' dir='ltr'><strong>αὐτοῦ.</strong></span> <span class='ocrx_word' id='word_1_389' title='bbox 3007 2930 3128 2994; x_wconf 74' lang='grc' dir='ltr'><strong>Τῶν</strong></span> <span class='ocrx_word' id='word_1_390' title='bbox 3145 2932 3230 2984; x_wconf 88' lang='grc' dir='ltr'><strong>ἐπ’</strong></span> <span class='ocrx_word' id='word_1_391' title='bbox 3252 2931 3450 2998; x_wconf 80' lang='grc' dir='ltr'><strong>ἀγαθὸν</strong></span> <span class='ocrx_word' id='word_1_392' title='bbox 3469 2930 3618 2993; x_wconf 81' lang='grc' dir='ltr'><strong>τέλος</strong></span> <span class='ocrx_word' id='word_1_393' title='bbox 3642 2933 3805 2984; x_wconf 81' lang='grc' dir='ltr'><strong>ἀναπε</strong></span> <span class='ocrx_word' id='word_1_394' title='bbox 3813 2949 3869 2999; x_wconf 85' lang='grc' dir='ltr'><strong>μ-</strong></span> 
     </span>
    </p>
   </div>
   <div class='ocr_carea' id='block_1_54' title="bbox 677 3012 2230 3087">
    <p class='ocr_par' dir='ltr' id='par_1_54' title="bbox 677 3012 2230 3087">
     <span class='ocr_line' id='line_1_54' title="bbox 677 3012 2230 3087; baseline 0.005 -22"><span class='ocrx_word' id='word_1_395' title='bbox 677 3019 909 3066; x_wconf 72' lang='lat' dir='ltr'><strong>rumest</strong></span> <span class='ocrx_word' id='word_1_396' title='bbox 933 3013 1023 3078; x_wconf 88' lang='lat' dir='ltr'><strong>qui</strong></span> <span class='ocrx_word' id='word_1_397' title='bbox 1056 3012 1123 3066; x_wconf 88' lang='lat' dir='ltr'><strong>ad</strong></span> <span class='ocrx_word' id='word_1_398' title='bbox 1141 3014 1345 3067; x_wconf 92' lang='lat' dir='ltr'><strong>bonum</strong></span> <span class='ocrx_word' id='word_1_399' title='bbox 1373 3014 1530 3068; x_wconf 86' lang='lat' dir='ltr'><strong>finem</strong></span> <span class='ocrx_word' id='word_1_400' title='bbox 1562 3016 1880 3070; x_wconf 90' lang='lat' dir='ltr'><strong>remittunt:</strong></span> <span class='ocrx_word' id='word_1_401' title='bbox 1915 3018 2230 3087; x_wconf 69' lang='lat' dir='ltr'><strong>&quot;praeceden-</strong></span> 
     </span>
    </p>
   </div>
   <div class='ocr_carea' id='block_1_55' title="bbox 679 3092 2233 3174">
    <p class='ocr_par' dir='ltr' id='par_1_55' title="bbox 679 3092 2233 3174">
     <span class='ocr_line' id='line_1_55' title="bbox 679 3092 2233 3174; baseline 0.003 -17"><span class='ocrx_word' id='word_1_402' title='bbox 679 3092 1030 3173; x_wconf 74' lang='lat' dir='ltr'><strong>tique-amnis</strong></span> <span class='ocrx_word' id='word_1_403' title='bbox 1051 3145 1066 3169; x_wconf 93' lang='lat'><strong>,</strong></span> <span class='ocrx_word' id='word_1_404' title='bbox 1098 3103 1162 3158; x_wconf 90' lang='lat' dir='ltr'><strong>de</strong></span> <span class='ocrx_word' id='word_1_405' title='bbox 1188 3103 1398 3174; x_wconf 89' lang='lat' dir='ltr'><strong>judicio</strong></span> <span class='ocrx_word' id='word_1_406' title='bbox 1426 3104 1516 3160; x_wconf 89' lang='lat' dir='ltr'><strong>Dei</strong></span> <span class='ocrx_word' id='word_1_407' title='bbox 1547 3106 1710 3161; x_wconf 82' lang='lat' dir='ltr'><strong>ver-ba</strong></span> <span class='ocrx_word' id='word_1_408' title='bbox 1750 3107 1895 3162; x_wconf 80' lang='lat' dir='ltr'><strong>facit.</strong></span> <span class='ocrx_word' id='word_1_409' title='bbox 1944 3106 2096 3173; x_wconf 87' lang='lat' dir='ltr'><strong>Quod</strong></span> <span class='ocrx_word' id='word_1_410' title='bbox 2139 3109 2233 3162; x_wconf 86' lang='lat' dir='ltr'><strong>de-</strong></span> 
     </span>
    </p>
   </div>
   <div class='ocr_carea' id='block_1_56' title="bbox 654 3195 2230 3269">
    <p class='ocr_par' dir='ltr' id='par_1_56' title="bbox 654 3195 2230 3269">
     <span class='ocr_line' id='line_1_56' title="bbox 654 3195 2230 3269; baseline 0.003 -21"><span class='ocrx_word' id='word_1_411' title='bbox 654 3196 868 3265; x_wconf 74' lang='lat' dir='ltr'><strong>inceps</strong></span> <span class='ocrx_word' id='word_1_412' title='bbox 899 3195 982 3249; x_wconf 90' lang='lat' dir='ltr'><strong>his</strong></span> <span class='ocrx_word' id='word_1_413' title='bbox 1015 3195 1194 3250; x_wconf 82' lang='lat' dir='ltr'><strong>verbis</strong></span> <span class='ocrx_word' id='word_1_414' title='bbox 1225 3195 1465 3251; x_wconf 84' lang='lat' dir='ltr'><strong>declarat</strong></span> <span class='ocrx_word' id='word_1_415' title='bbox 1490 3214 1504 3249; x_wconf 91' lang='lat'>:</span> <span class='ocrx_word' id='word_1_416' title='bbox 1535 3196 1612 3251; x_wconf 88' lang='lat' dir='ltr'><strong>De</strong></span> <span class='ocrx_word' id='word_1_417' title='bbox 1637 3199 1762 3253; x_wconf 79' lang='lat' dir='ltr'><strong>caelo</strong></span> <span class='ocrx_word' id='word_1_418' title='bbox 1793 3195 2029 3252; x_wconf 86' lang='lat' dir='ltr'><strong>auditum</strong></span> <span class='ocrx_word' id='word_1_419' title='bbox 2059 3199 2230 3269; x_wconf 80' lang='lat' dir='ltr'><strong>fecisti</strong></span> 
     </span>
    </p>
   </div>
   <div class='ocr_carea' id='block_1_57' title="bbox 675 3271 2228 3362">
    <p class='ocr_par' dir='ltr' id='par_1_57' title="bbox 675 3271 2228 3362">
     <span class='ocr_line' id='line_1_57' title="bbox 675 3271 2228 3362; baseline 0.003 -22"><span class='ocrx_word' id='word_1_420' title='bbox 675 3284 936 3354; x_wconf 75' lang='lat' dir='ltr'><strong>iudicium</strong></span> <span class='ocrx_word' id='word_1_421' title='bbox 953 3330 965 3353; x_wconf 93' lang='lat'><strong>,</strong></span> <span class='ocrx_word' id='word_1_422' title='bbox 990 3296 1130 3341; x_wconf 90' lang='lat' dir='ltr'><strong>terra</strong></span> <span class='ocrx_word' id='word_1_423' title='bbox 1153 3290 1359 3341; x_wconf 87' lang='lat' dir='ltr'><strong>tremuit</strong></span> <span class='ocrx_word' id='word_1_424' title='bbox 1385 3298 1434 3342; x_wconf 88' lang='lat' dir='ltr'><strong>et</strong></span> <span class='ocrx_word' id='word_1_425' title='bbox 1462 3292 1684 3360; x_wconf 82' lang='lat' dir='ltr'><strong>quievit,</strong></span> <span class='ocrx_word' id='word_1_426' title='bbox 1709 3307 1825 3344; x_wconf 88' lang='lat' dir='ltr'><strong>cum</strong></span> <span class='ocrx_word' id='word_1_427' title='bbox 1849 3271 2147 3362; x_wconf 73' lang='lat' dir='ltr'><strong>exsurgeret</strong></span> <span class='ocrx_word' id='word_1_428' title='bbox 2173 3293 2228 3344; x_wconf 86' lang='lat' dir='ltr'><strong>in</strong></span> 
     </span>
    </p>
   </div>
   <div class='ocr_carea' id='block_1_58' title="bbox 674 3378 2226 3451">
    <p class='ocr_par' dir='ltr' id='par_1_58' title="bbox 674 3378 2226 3451">
     <span class='ocr_line' id='line_1_58' title="bbox 674 3378 2226 3451; baseline 0.005 -21"><span class='ocrx_word' id='word_1_429' title='bbox 674 3378 929 3449; x_wconf 82' lang='lat' dir='ltr'><strong>judicium</strong></span> <span class='ocrx_word' id='word_1_430' title='bbox 965 3380 1132 3443; x_wconf 79' lang='lat' dir='ltr'><strong>Deus,</strong></span> <span class='ocrx_word' id='word_1_431' title='bbox 1166 3392 1222 3434; x_wconf 92' lang='lat' dir='ltr'><strong>ut</strong></span> <span class='ocrx_word' id='word_1_432' title='bbox 1255 3381 1425 3436; x_wconf 84' lang='lat' dir='ltr'><strong>salvos</strong></span> <span class='ocrx_word' id='word_1_433' title='bbox 1479 3384 1672 3451; x_wconf 78' lang='lat' dir='ltr'><strong>faceret</strong></span> <span class='ocrx_word' id='word_1_434' title='bbox 1708 3401 1882 3438; x_wconf 86' lang='lat' dir='ltr'><strong>omnes</strong></span> <span class='ocrx_word' id='word_1_435' title='bbox 1929 3395 2226 3438; x_wconf 80' lang='lat' dir='ltr'><strong>mansuetos</strong></span> 
     </span>
    </p>
   </div>
   <div class='ocr_carea' id='block_1_59' title="bbox 681 3470 2231 3543">
    <p class='ocr_par' dir='ltr' id='par_1_59' title="bbox 681 3470 2231 3543">
     <span class='ocr_line' id='line_1_59' title="bbox 681 3470 2231 3543; baseline 0.006 -22"><span class='ocrx_word' id='word_1_436' title='bbox 681 3480 851 3524; x_wconf 70' lang='lat' dir='ltr'><strong>terrae.</strong></span> <span class='ocrx_word' id='word_1_437' title='bbox 896 3470 961 3524; x_wconf 88' lang='lat' dir='ltr'><strong>Et</strong></span> <span class='ocrx_word' id='word_1_438' title='bbox 992 3473 1046 3526; x_wconf 94' lang='lat' dir='ltr'><strong>in</strong></span> <span class='ocrx_word' id='word_1_439' title='bbox 1080 3473 1171 3526; x_wconf 90' lang='lat' dir='ltr'><strong>illo</strong></span> <span class='ocrx_word' id='word_1_440' title='bbox 1214 3475 1430 3542; x_wconf 90' lang='lat' dir='ltr'><strong>quidem</strong></span> <span class='ocrx_word' id='word_1_441' title='bbox 1474 3475 1672 3543; x_wconf 88' lang='lat' dir='ltr'><strong>iniquis</strong></span> <span class='ocrx_word' id='word_1_442' title='bbox 1715 3475 2015 3540; x_wconf 88' lang='lat' dir='ltr'><strong>dicebatur,</strong></span> <span class='ocrx_word' id='word_1_443' title='bbox 2053 3474 2231 3530; x_wconf 85' lang='lat' dir='ltr'><strong>Nolite</strong></span> 
     </span>
    </p>
   </div>
   <div class='ocr_carea' id='block_1_60' title="bbox 677 3561 2230 3627">
    <p class='ocr_par' dir='ltr' id='par_1_60' title="bbox 677 3561 2230 3627">
     <span class='ocr_line' id='line_1_60' title="bbox 677 3561 2230 3627; baseline 0.003 -11"><span class='ocrx_word' id='word_1_444' title='bbox 677 3561 914 3616; x_wconf 74' lang='lat' dir='ltr'><strong>exaltare</strong></span> <span class='ocrx_word' id='word_1_445' title='bbox 938 3580 1130 3627; x_wconf 90' lang='lat' dir='ltr'><strong>cornu,</strong></span> <span class='ocrx_word' id='word_1_446' title='bbox 1153 3573 1204 3617; x_wconf 88' lang='lat' dir='ltr'><strong>et</strong></span> <span class='ocrx_word' id='word_1_447' title='bbox 1229 3565 1389 3618; x_wconf 84' lang='lat' dir='ltr'><strong>nolite</strong></span> <span class='ocrx_word' id='word_1_448' title='bbox 1410 3566 1660 3618; x_wconf 73' lang='lat' dir='ltr'><strong>extollere</strong></span> <span class='ocrx_word' id='word_1_449' title='bbox 1688 3567 1739 3619; x_wconf 87' lang='lat' dir='ltr'><strong>in</strong></span> <span class='ocrx_word' id='word_1_450' title='bbox 1768 3565 1932 3619; x_wconf 88' lang='lat' dir='ltr'><strong>altum</strong></span> <span class='ocrx_word' id='word_1_451' title='bbox 1959 3584 2120 3621; x_wconf 90' lang='lat' dir='ltr'><strong>cornu</strong></span> <span class='ocrx_word' id='word_1_452' title='bbox 2150 3585 2230 3621; x_wconf 78' lang='lat' dir='ltr'><strong>re-</strong></span> 
     </span>
    </p>
   </div>
   <div class='ocr_carea' id='block_1_61' title="bbox 676 3653 2230 3740">
    <p class='ocr_par' dir='ltr' id='par_1_61' title="bbox 676 3653 2230 3740">
     <span class='ocr_line' id='line_1_61' title="bbox 676 3653 2230 3740; baseline 0.004 -34"><span class='ocrx_word' id='word_1_453' title='bbox 676 3662 845 3706; x_wconf 85' lang='lat' dir='ltr'><strong>strum</strong></span> <span class='ocrx_word' id='word_1_454' title='bbox 874 3653 955 3718; x_wconf 61' lang='lat'><strong>‘3;</strong></span> <span class='ocrx_word' id='word_1_455' title='bbox 986 3655 1041 3707; x_wconf 95' lang='lat' dir='ltr'><strong>in</strong></span> <span class='ocrx_word' id='word_1_456' title='bbox 1071 3655 1324 3724; x_wconf 70' lang='lat' dir='ltr'><strong>praesenti</strong></span> <span class='ocrx_word' id='word_1_457' title='bbox 1354 3671 1482 3709; x_wconf 92' lang='lat' dir='ltr'><strong>vero</strong></span> <span class='ocrx_word' id='word_1_458' title='bbox 1504 3695 1518 3720; x_wconf 98' lang='lat'><strong>,</strong></span> <span class='ocrx_word' id='word_1_459' title='bbox 1551 3653 1919 3740; x_wconf 42' lang='lat' dir='ltr'><strong>Turbati‘sunt</strong></span> <span class='ocrx_word' id='word_1_460' title='bbox 1946 3675 2118 3714; x_wconf 89' lang='lat' dir='ltr'><strong>omnes</strong></span> <span class='ocrx_word' id='word_1_461' title='bbox 2150 3660 2230 3712; x_wconf 88' lang='lat' dir='ltr'><strong>in-</strong></span> 
     </span>
    </p>
   </div>
   <div class='ocr_carea' id='block_1_62' title="bbox 678 3741 2230 3815">
    <p class='ocr_par' dir='ltr' id='par_1_62' title="bbox 678 3741 2230 3815">
     <span class='ocr_line' id='line_1_62' title="bbox 678 3741 2230 3815; baseline 0.004 -17"><span class='ocrx_word' id='word_1_462' title='bbox 678 3746 920 3814; x_wconf 86' lang='lat' dir='ltr'><strong>sipientes</strong></span> <span class='ocrx_word' id='word_1_463' title='bbox 949 3747 1118 3800; x_wconf 88' lang='lat' dir='ltr'><strong>corde.</strong></span> <span class='ocrx_word' id='word_1_464' title='bbox 1156 3746 1489 3801; x_wconf 87' lang='lat' dir='ltr'><strong>Dormierunt</strong></span> <span class='ocrx_word' id='word_1_465' title='bbox 1523 3765 1762 3802; x_wconf 79' lang='lat' dir='ltr'><strong>somnum</strong></span> <span class='ocrx_word' id='word_1_466' title='bbox 1785 3741 1941 3804; x_wconf 73' lang='lat' dir='ltr'><strong>suum</strong></span> <span class='ocrx_word' id='word_1_467' title='bbox 1965 3791 1980 3815; x_wconf 94' lang='lat'><strong>,</strong></span> <span class='ocrx_word' id='word_1_468' title='bbox 2015 3760 2062 3804; x_wconf 90' lang='lat' dir='ltr'><strong>et</strong></span> <span class='ocrx_word' id='word_1_469' title='bbox 2097 3751 2230 3805; x_wconf 85' lang='lat' dir='ltr'><strong>nihil</strong></span> 
     </span>
    </p>
   </div>
   <div class='ocr_carea' id='block_1_63' title="bbox 676 3837 2228 3908">
    <p class='ocr_par' dir='ltr' id='par_1_63' title="bbox 676 3837 2228 3908">
     <span class='ocr_line' id='line_1_63' title="bbox 676 3837 2228 3908; baseline 0.002 -19"><span class='ocrx_word' id='word_1_470' title='bbox 676 3837 980 3890; x_wconf 80' lang='lat' dir='ltr'><strong>invenerunt</strong></span> <span class='ocrx_word' id='word_1_471' title='bbox 1013 3853 1186 3891; x_wconf 88' lang='lat' dir='ltr'><strong>omnes</strong></span> <span class='ocrx_word' id='word_1_472' title='bbox 1216 3838 1314 3891; x_wconf 82' lang='lat' dir='ltr'><strong>viri</strong></span> <span class='ocrx_word' id='word_1_473' title='bbox 1343 3838 1665 3893; x_wconf 87' lang='lat' dir='ltr'><strong>divitiarum.</strong></span> <span class='ocrx_word' id='word_1_474' title='bbox 1697 3837 1760 3893; x_wconf 82' lang='lat' dir='ltr'><strong>Hi</strong></span> <span class='ocrx_word' id='word_1_475' title='bbox 1789 3855 1915 3894; x_wconf 87' lang='lat' dir='ltr'><strong>vero</strong></span> <span class='ocrx_word' id='word_1_476' title='bbox 1947 3849 2103 3895; x_wconf 85' lang='lat' dir='ltr'><strong>erant</strong></span> <span class='ocrx_word' id='word_1_477' title='bbox 2132 3841 2228 3908; x_wconf 91' lang='lat' dir='ltr'><strong>qui</strong></span> 
     </span>
    </p>
   </div>
   <div class='ocr_carea' id='block_1_64' title="bbox 679 3928 2228 4002">
    <p class='ocr_par' dir='ltr' id='par_1_64' title="bbox 679 3928 2228 4002">
     <span class='ocr_line' id='line_1_64' title="bbox 679 3928 2228 4002; baseline 0.002 -22"><span class='ocrx_word' id='word_1_478' title='bbox 679 3941 885 3982; x_wconf 88' lang='lat' dir='ltr'><strong>cornua</strong></span> <span class='ocrx_word' id='word_1_479' title='bbox 931 3929 1253 3986; x_wconf 80' lang='lat' dir='ltr'><strong>extulerant.</strong></span> <span class='ocrx_word' id='word_1_480' title='bbox 1307 3928 1403 3985; x_wconf 85' lang='lat' dir='ltr'><strong>His</strong></span> <span class='ocrx_word' id='word_1_481' title='bbox 1450 3945 1612 4000; x_wconf 89' lang='lat' dir='ltr'><strong>porro</strong></span> <span class='ocrx_word' id='word_1_482' title='bbox 1663 3930 1989 3986; x_wconf 89' lang='lat' dir='ltr'><strong>altissimum</strong></span> <span class='ocrx_word' id='word_1_483' title='bbox 2038 3932 2228 4002; x_wconf 78' lang='lat' dir='ltr'><strong>dogma</strong></span> 
     </span>
    </p>
   </div>
   <div class='ocr_carea' id='block_1_65' title="bbox 677 4019 2230 4092">
    <p class='ocr_par' dir='ltr' id='par_1_65' title="bbox 677 4019 2230 4092">
     <span class='ocr_line' id='line_1_65' title="bbox 677 4019 2230 4092; baseline 0.003 -21"><span class='ocrx_word' id='word_1_484' title='bbox 677 4019 933 4086; x_wconf 84' lang='lat' dir='ltr'><strong>traditur,</strong></span> <span class='ocrx_word' id='word_1_485' title='bbox 971 4029 1028 4073; x_wconf 93' lang='lat' dir='ltr'><strong>ut</strong></span> <span class='ocrx_word' id='word_1_486' title='bbox 1073 4022 1308 4076; x_wconf 91' lang='lat' dir='ltr'><strong>sciamus</strong></span> <span class='ocrx_word' id='word_1_487' title='bbox 1353 4022 1444 4091; x_wconf 90' lang='lat' dir='ltr'><strong>qui</strong></span> <span class='ocrx_word' id='word_1_488' title='bbox 1486 4023 1556 4077; x_wconf 88' lang='lat' dir='ltr'><strong>sit</strong></span> <span class='ocrx_word' id='word_1_489' title='bbox 1589 4038 1747 4078; x_wconf 89' lang='lat' dir='ltr'><strong>verus</strong></span> <span class='ocrx_word' id='word_1_490' title='bbox 1778 4021 1975 4086; x_wconf 85' lang='lat' dir='ltr'><strong>Israel,</strong></span> <span class='ocrx_word' id='word_1_491' title='bbox 2019 4029 2071 4078; x_wconf 90' lang='lat' dir='ltr'><strong>et</strong></span> <span class='ocrx_word' id='word_1_492' title='bbox 2112 4037 2230 4092; x_wconf 72' lang='lat' dir='ltr'><strong>qua:</strong></span> 
     </span>
    </p>
   </div>
   <div class='ocr_carea' id='block_1_66' title="bbox 680 4111 2228 4184">
    <p class='ocr_par' dir='ltr' id='par_1_66' title="bbox 680 4111 2228 4184">
     <span class='ocr_line' id='line_1_66' title="bbox 680 4111 2228 4184; baseline 0.002 -19"><span class='ocrx_word' id='word_1_493' title='bbox 680 4111 752 4165; x_wconf 88' lang='lat' dir='ltr'><strong>sit</strong></span> <span class='ocrx_word' id='word_1_494' title='bbox 779 4112 899 4181; x_wconf 87' lang='lat' dir='ltr'><strong>ejus</strong></span> <span class='ocrx_word' id='word_1_495' title='bbox 951 4112 1248 4166; x_wconf 91' lang='lat' dir='ltr'><strong>secundum</strong></span> <span class='ocrx_word' id='word_1_496' title='bbox 1288 4121 1488 4167; x_wconf 90' lang='lat' dir='ltr'><strong>rectam</strong></span> <span class='ocrx_word' id='word_1_497' title='bbox 1526 4129 1814 4184; x_wconf 81' lang='lat' dir='ltr'><strong>veramque</strong></span> <span class='ocrx_word' id='word_1_498' title='bbox 1844 4116 2106 4168; x_wconf 85' lang='lat' dir='ltr'><strong>rationem</strong></span> <span class='ocrx_word' id='word_1_499' title='bbox 2139 4130 2228 4168; x_wconf 90' lang='lat' dir='ltr'><strong>re-</strong></span> 
     </span>
    </p>
   </div>
   <div class='ocr_carea' id='block_1_67' title="bbox 677 4201 2231 4272">
    <p class='ocr_par' dir='ltr' id='par_1_67' title="bbox 677 4201 2231 4272">
     <span class='ocr_line' id='line_1_67' title="bbox 677 4201 2231 4272; baseline 0.001 -16"><span class='ocrx_word' id='word_1_500' title='bbox 677 4203 800 4272; x_wconf 65' lang='lat' dir='ltr'><strong>gio,</strong></span> <span class='ocrx_word' id='word_1_501' title='bbox 838 4218 956 4272; x_wconf 77' lang='lat' dir='ltr'><strong>quae</strong></span> <span class='ocrx_word' id='word_1_502' title='bbox 989 4209 1213 4255; x_wconf 78' lang='lat' dir='ltr'><strong>vocatur</strong></span> <span class='ocrx_word' id='word_1_503' title='bbox 1240 4201 1462 4269; x_wconf 64' lang='lat' dir='ltr'><strong>Iudaea;</strong></span> <span class='ocrx_word' id='word_1_504' title='bbox 1497 4219 1616 4272; x_wconf 74' lang='lat' dir='ltr'><strong>quae</strong></span> <span class='ocrx_word' id='word_1_505' title='bbox 1664 4204 1792 4258; x_wconf 88' lang='lat' dir='ltr'><strong>item</strong></span> <span class='ocrx_word' id='word_1_506' title='bbox 1847 4220 1971 4258; x_wconf 88' lang='lat' dir='ltr'><strong>vera</strong></span> <span class='ocrx_word' id='word_1_507' title='bbox 2011 4203 2231 4260; x_wconf 84' lang='lat' dir='ltr'><strong>Jerusa-</strong></span> 
     </span>
    </p>
   </div>
   <div class='ocr_carea' id='block_1_68' title="bbox 689 4292 2229 4364">
    <p class='ocr_par' dir='ltr' id='par_1_68' title="bbox 689 4292 2229 4364">
     <span class='ocr_line' id='line_1_68' title="bbox 689 4292 2229 4364; baseline 0 -13"><span class='ocrx_word' id='word_1_508' title='bbox 689 4312 780 4351; x_wconf 62' lang='grc' dir='ltr'><strong>,ιη</strong></span> <span class='ocrx_word' id='word_1_509' title='bbox 801 4333 814 4357; x_wconf 90' lang='grc'><strong>,</strong></span> <span class='ocrx_word' id='word_1_510' title='bbox 836 4293 978 4364; x_wconf 91' lang='lat' dir='ltr'><strong>quod</strong></span> <span class='ocrx_word' id='word_1_511' title='bbox 998 4294 1086 4348; x_wconf 88' lang='lat' dir='ltr'><strong>Dei</strong></span> <span class='ocrx_word' id='word_1_512' title='bbox 1106 4293 1456 4348; x_wconf 87' lang='lat' dir='ltr'><strong>domicilium.</strong></span> <span class='ocrx_word' id='word_1_513' title='bbox 1482 4292 1604 4346; x_wconf 65' lang='lat' dir='ltr'><strong>Haec</strong></span> <span class='ocrx_word' id='word_1_514' title='bbox 1628 4292 1859 4362; x_wconf 88' lang='lat' dir='ltr'><strong>Spiritus</strong></span> <span class='ocrx_word' id='word_1_515' title='bbox 1885 4296 2229 4364; x_wconf 83' lang='lat' dir='ltr'><strong>propheticus</strong></span> 
     </span>
    </p>
   </div>
   <div class='ocr_carea' id='block_1_69' title="bbox 668 4383 2228 4457">
    <p class='ocr_par' dir='ltr' id='par_1_69' title="bbox 668 4383 2228 4457">
     <span class='ocr_line' id='line_1_69' title="bbox 668 4383 2228 4457; baseline -0.004 -12"><span class='ocrx_word' id='word_1_516' title='bbox 668 4387 1007 4457; x_wconf 69' lang='lat' dir='ltr'><strong>.przccellenti</strong></span> <span class='ocrx_word' id='word_1_517' title='bbox 1051 4385 1315 4454; x_wconf 88' lang='lat' dir='ltr'><strong>sapientia</strong></span> <span class='ocrx_word' id='word_1_518' title='bbox 1360 4383 1666 4453; x_wconf 86' lang='lat' dir='ltr'><strong>dispensat,</strong></span> <span class='ocrx_word' id='word_1_519' title='bbox 1721 4391 1880 4453; x_wconf 89' lang='lat' dir='ltr'><strong>atque</strong></span> <span class='ocrx_word' id='word_1_520' title='bbox 1909 4400 2012 4437; x_wconf 91' lang='lat' dir='ltr'><strong>una</strong></span> <span class='ocrx_word' id='word_1_521' title='bbox 2044 4385 2108 4440; x_wconf 88' lang='lat' dir='ltr'><strong>iis</strong></span> <span class='ocrx_word' id='word_1_522' title='bbox 2138 4386 2228 4455; x_wconf 91' lang='lat' dir='ltr'><strong>qui</strong></span> 
     </span>
    </p>
   </div>
   <div class='ocr_carea' id='block_1_70' title="bbox 679 4474 2228 4548">
    <p class='ocr_par' dir='ltr' id='par_1_70' title="bbox 679 4474 2228 4548">
     <span class='ocr_line' id='line_1_70' title="bbox 679 4474 2228 4548; baseline -0.001 -16"><span class='ocrx_word' id='word_1_523' title='bbox 679 4478 943 4548; x_wconf 88' lang='lat' dir='ltr'><strong>abjectius</strong></span> <span class='ocrx_word' id='word_1_524' title='bbox 975 4476 1201 4531; x_wconf 87' lang='lat' dir='ltr'><strong>Judaico</strong></span> <span class='ocrx_word' id='word_1_525' title='bbox 1230 4491 1380 4530; x_wconf 91' lang='lat' dir='ltr'><strong>more</strong></span> <span class='ocrx_word' id='word_1_526' title='bbox 1403 4491 1515 4529; x_wconf 90' lang='lat' dir='ltr'><strong>rem</strong></span> <span class='ocrx_word' id='word_1_527' title='bbox 1543 4474 1882 4544; x_wconf 81' lang='lat' dir='ltr'><strong>intelligunt,</strong></span> <span class='ocrx_word' id='word_1_528' title='bbox 1904 4476 2228 4546; x_wconf 88' lang='lat' dir='ltr'><strong>voluptatem</strong></span> 
     </span>
    </p>
   </div>
   <div class='ocr_carea' id='block_1_71' title="bbox 2330 3017 3869 3092">
    <p class='ocr_par' dir='ltr' id='par_1_71' title="bbox 2330 3017 3869 3092">
     <span class='ocr_line' id='line_1_71' title="bbox 2330 3017 3869 3092; baseline 0.002 -24"><span class='ocrx_word' id='word_1_529' title='bbox 2330 3017 2534 3070; x_wconf 84' lang='grc' dir='ltr'><strong>πόντων</strong></span> <span class='ocrx_word' id='word_1_530' title='bbox 2556 3021 2692 3070; x_wconf 84' lang='grc' dir='ltr'><strong>καὶὸ</strong></span> <span class='ocrx_word' id='word_1_531' title='bbox 2714 3020 2899 3090; x_wconf 85' lang='grc' dir='ltr'><strong>παρὼν</strong></span> <span class='ocrx_word' id='word_1_532' title='bbox 2925 3021 3176 3089; x_wconf 84' lang='grc' dir='ltr'><strong>τυγχάνει</strong></span> <span class='ocrx_word' id='word_1_533' title='bbox 3209 3020 3438 3090; x_wconf 75' lang='grc' dir='ltr'><strong>ψαλμός.</strong></span> <span class='ocrx_word' id='word_1_534' title='bbox 3467 3022 3683 3092; x_wconf 84' lang='grc' dir='ltr'><strong>Συνᾴδει</strong></span> <span class='ocrx_word' id='word_1_535' title='bbox 3712 3021 3766 3073; x_wconf 81' lang='grc' dir='ltr'><strong>δὲ</strong></span> <span class='ocrx_word' id='word_1_536' title='bbox 3801 3020 3869 3089; x_wconf 81' lang='grc' dir='ltr'><strong>τῷ</strong></span> 
     </span>
    </p>
   </div>
   <div class='ocr_carea' id='block_1_72' title="bbox 2333 3108 3870 3181">
    <p class='ocr_par' dir='ltr' id='par_1_72' title="bbox 2333 3108 3870 3181">
     <span class='ocr_line' id='line_1_72' title="bbox 2333 3108 3870 3181; baseline 0 -21"><span class='ocrx_word' id='word_1_537' title='bbox 2333 3108 2435 3178; x_wconf 83' lang='grc' dir='ltr'><strong>πρὸ</strong></span> <span class='ocrx_word' id='word_1_538' title='bbox 2469 3108 2653 3174; x_wconf 83' lang='grc' dir='ltr'><strong>αὑτοῦ,</strong></span> <span class='ocrx_word' id='word_1_539' title='bbox 2688 3110 2813 3173; x_wconf 80' lang='grc' dir='ltr'><strong>τοὺς</strong></span> <span class='ocrx_word' id='word_1_540' title='bbox 2854 3111 2979 3181; x_wconf 76' lang='grc' dir='ltr'><strong>περὶ</strong></span> <span class='ocrx_word' id='word_1_541' title='bbox 3007 3113 3104 3181; x_wconf 81' lang='grc' dir='ltr'><strong>τῆς</strong></span> <span class='ocrx_word' id='word_1_542' title='bbox 3134 3111 3361 3180; x_wconf 88' lang='grc' dir='ltr'><strong>κρίσεως</strong></span> <span class='ocrx_word' id='word_1_543' title='bbox 3386 3109 3477 3163; x_wconf 90' lang='grc' dir='ltr'><strong>τοῦ</strong></span> <span class='ocrx_word' id='word_1_544' title='bbox 3516 3110 3646 3164; x_wconf 90' lang='grc' dir='ltr'><strong>Θεοῦ</strong></span> <span class='ocrx_word' id='word_1_545' title='bbox 3690 3111 3870 3176; x_wconf 82' lang='grc' dir='ltr'><strong>λόγους</strong></span> 
     </span>
    </p>
   </div>
   <div class='ocr_carea' id='block_1_73' title="bbox 2331 3200 3869 3273">
    <p class='ocr_par' dir='ltr' id='par_1_73' title="bbox 2331 3200 3869 3273">
     <span class='ocr_line' id='line_1_73' title="bbox 2331 3200 3869 3273; baseline -0.001 -19"><span class='ocrx_word' id='word_1_546' title='bbox 2331 3201 2615 3273; x_wconf 85' lang='grc' dir='ltr'><strong>περιέχων.</strong></span> <span class='ocrx_word' id='word_1_547' title='bbox 2665 3203 2728 3254; x_wconf 85' lang='grc' dir='ltr'>Ὀ</span> <span class='ocrx_word' id='word_1_548' title='bbox 2769 3200 2832 3272; x_wconf 76' lang='grc' dir='ltr'><strong>δὴ</strong></span> <span class='ocrx_word' id='word_1_549' title='bbox 2881 3201 3176 3272; x_wconf 85' lang='grc' dir='ltr'><strong>παρίστησι</strong></span> <span class='ocrx_word' id='word_1_550' title='bbox 3210 3201 3428 3271; x_wconf 80' lang='grc' dir='ltr'><strong>φάσκων</strong></span> <span class='ocrx_word' id='word_1_551' title='bbox 3461 3200 3603 3271; x_wconf 76' lang='grc' dir='ltr'><strong>ἑξῆς·</strong></span> <span class='ocrx_word' id='word_1_552' title='bbox 3650 3203 3740 3255; x_wconf 85' lang='grc' dir='ltr'><strong>Ἐκ</strong></span> <span class='ocrx_word' id='word_1_553' title='bbox 3772 3201 3869 3253; x_wconf 80' lang='grc' dir='ltr'><strong>τοῦ</strong></span> 
     </span>
    </p>
   </div>
   <div class='ocr_carea' id='block_1_74' title="bbox 2330 3291 3872 3362">
    <p class='ocr_par' dir='ltr' id='par_1_74' title="bbox 2330 3291 3872 3362">
     <span class='ocr_line' id='line_1_74' title="bbox 2330 3291 3872 3362; baseline -0.001 -14"><span class='ocrx_word' id='word_1_554' title='bbox 2330 3293 2586 3362; x_wconf 83' lang='grc' dir='ltr'><strong>οὐρανοῦ</strong></span> <span class='ocrx_word' id='word_1_555' title='bbox 2617 3291 2939 3361; x_wconf 73' lang='grc' dir='ltr'><strong>ἠκόντισας</strong></span> <span class='ocrx_word' id='word_1_556' title='bbox 2965 3294 3180 3362; x_wconf 83' lang='grc' dir='ltr'><strong>κρίσιν,</strong></span> <span class='ocrx_word' id='word_1_557' title='bbox 3215 3292 3289 3362; x_wconf 76' lang='grc' dir='ltr'><strong>γῆ</strong></span> <span class='ocrx_word' id='word_1_558' title='bbox 3320 3293 3579 3362; x_wconf 72' lang='grc' dir='ltr'><strong>ἐφοϐήθη</strong></span> <span class='ocrx_word' id='word_1_559' title='bbox 3607 3293 3700 3347; x_wconf 76' lang='grc' dir='ltr'><strong>καὶ</strong></span> <span class='ocrx_word' id='word_1_560' title='bbox 3727 3293 3872 3359; x_wconf 60' lang='lat' dir='ltr'><strong>ﬁmi-</strong></span> 
     </span>
    </p>
   </div>
   <div class='ocr_carea' id='block_1_75' title="bbox 2329 3379 3870 3455">
    <p class='ocr_par' dir='ltr' id='par_1_75' title="bbox 2329 3379 3870 3455">
     <span class='ocr_line' id='line_1_75' title="bbox 2329 3379 3870 3455; baseline -0.001 -16"><span class='ocrx_word' id='word_1_561' title='bbox 2329 3401 2518 3454; x_wconf 86' lang='grc' dir='ltr'><strong>χασεν</strong></span> <span class='ocrx_word' id='word_1_562' title='bbox 2546 3385 2616 3439; x_wconf 84' lang='grc' dir='ltr'><strong>ἐν</strong></span> <span class='ocrx_word' id='word_1_563' title='bbox 2643 3385 2720 3450; x_wconf 82' lang='grc' dir='ltr'><strong>τῷ</strong></span> <span class='ocrx_word' id='word_1_564' title='bbox 2753 3379 3084 3454; x_wconf 68' lang='grc' dir='ltr'><strong>ἀναστῆναι</strong></span> <span class='ocrx_word' id='word_1_565' title='bbox 3115 3388 3201 3452; x_wconf 84' lang='grc' dir='ltr'><strong>είς</strong></span> <span class='ocrx_word' id='word_1_566' title='bbox 3227 3386 3429 3455; x_wconf 81' lang='grc' dir='ltr'><strong>κρίσιν</strong></span> <span class='ocrx_word' id='word_1_567' title='bbox 3460 3385 3565 3439; x_wconf 84' lang='grc' dir='ltr'><strong>τὸν</strong></span> <span class='ocrx_word' id='word_1_568' title='bbox 3600 3384 3743 3438; x_wconf 81' lang='grc' dir='ltr'><strong>Θεὸν</strong></span> <span class='ocrx_word' id='word_1_569' title='bbox 3771 3382 3870 3438; x_wconf 82' lang='grc' dir='ltr'><strong>τοῦ</strong></span> 
     </span>
    </p>
   </div>
   <div class='ocr_carea' id='block_1_76' title="bbox 2315 3473 3870 3545">
    <p class='ocr_par' dir='ltr' id='par_1_76' title="bbox 2315 3473 3870 3545">
     <span class='ocr_line' id='line_1_76' title="bbox 2315 3473 3870 3545; baseline -0.001 -17"><span class='ocrx_word' id='word_1_570' title='bbox 2315 3475 2520 3530; x_wconf 69' lang='grc' dir='ltr'><strong>’σῶσαι</strong></span> <span class='ocrx_word' id='word_1_571' title='bbox 2543 3473 2769 3542; x_wconf 84' lang='grc' dir='ltr'><strong>πάντας</strong></span> <span class='ocrx_word' id='word_1_572' title='bbox 2798 3476 2937 3541; x_wconf 71' lang='grc' dir='ltr'><strong>τοὺς</strong></span> <span class='ocrx_word' id='word_1_573' title='bbox 2957 3475 3161 3544; x_wconf 81' lang='grc' dir='ltr'><strong>πραεῖς</strong></span> <span class='ocrx_word' id='word_1_574' title='bbox 3180 3475 3290 3544; x_wconf 84' lang='grc' dir='ltr'><strong>τῆς</strong></span> <span class='ocrx_word' id='word_1_575' title='bbox 3308 3475 3438 3545; x_wconf 68' lang='grc' dir='ltr'><strong>γῆς.</strong></span> <span class='ocrx_word' id='word_1_576' title='bbox 3468 3475 3578 3529; x_wconf 70' lang='grc' dir='ltr'><strong>Καὶ</strong></span> <span class='ocrx_word' id='word_1_577' title='bbox 3603 3477 3657 3527; x_wconf 87' lang='grc' dir='ltr'><strong>ἐν</strong></span> <span class='ocrx_word' id='word_1_578' title='bbox 3682 3476 3870 3543; x_wconf 77' lang='grc' dir='ltr'><strong>ἐκείνῳ</strong></span> 
     </span>
    </p>
   </div>
   <div class='ocr_carea' id='block_1_77' title="bbox 2331 3567 3866 3639">
    <p class='ocr_par' dir='ltr' id='par_1_77' title="bbox 2331 3567 3866 3639">
     <span class='ocr_line' id='line_1_77' title="bbox 2331 3567 3866 3639; baseline 0.001 -19"><span class='ocrx_word' id='word_1_579' title='bbox 2331 3569 2429 3639; x_wconf 85' lang='grc' dir='ltr'><strong>μὲν</strong></span> <span class='ocrx_word' id='word_1_580' title='bbox 2463 3568 2675 3637; x_wconf 82' lang='grc' dir='ltr'><strong>ἐλέγετο</strong></span> <span class='ocrx_word' id='word_1_581' title='bbox 2715 3570 2824 3632; x_wconf 85' lang='grc' dir='ltr'><strong>τοῖς</strong></span> <span class='ocrx_word' id='word_1_582' title='bbox 2853 3567 3259 3638; x_wconf 79' lang='grc' dir='ltr'><strong>παρανομοῦσι·</strong></span> <span class='ocrx_word' id='word_1_583' title='bbox 3295 3568 3392 3636; x_wconf 81' lang='grc' dir='ltr'><strong>Μὴ</strong></span> <span class='ocrx_word' id='word_1_584' title='bbox 3426 3568 3652 3637; x_wconf 68' lang='grc' dir='ltr'><strong>ὑψοῦτε</strong></span> <span class='ocrx_word' id='word_1_585' title='bbox 3679 3567 3866 3636; x_wconf 81' lang='grc' dir='ltr'><strong>κέρας,</strong></span> 
     </span>
    </p>
   </div>
   <div class='ocr_carea' id='block_1_78' title="bbox 2328 3657 3870 3730">
    <p class='ocr_par' dir='ltr' id='par_1_78' title="bbox 2328 3657 3870 3730">
     <span class='ocr_line' id='line_1_78' title="bbox 2328 3657 3870 3730; baseline -0.003 -16"><span class='ocrx_word' id='word_1_586' title='bbox 2328 3661 2425 3714; x_wconf 78' lang='grc' dir='ltr'><strong>καὶ</strong></span> <span class='ocrx_word' id='word_1_587' title='bbox 2450 3660 2532 3730; x_wconf 81' lang='grc' dir='ltr'><strong>μὴ</strong></span> <span class='ocrx_word' id='word_1_588' title='bbox 2564 3661 2831 3727; x_wconf 82' lang='grc' dir='ltr'><strong>ἐπαίρετε</strong></span> <span class='ocrx_word' id='word_1_589' title='bbox 2858 3658 2944 3723; x_wconf 75' lang='grc' dir='ltr'><strong>εις</strong></span> <span class='ocrx_word' id='word_1_590' title='bbox 2967 3659 3121 3727; x_wconf 76' lang='grc' dir='ltr'><strong>ὕψος</strong></span> <span class='ocrx_word' id='word_1_591' title='bbox 3141 3660 3205 3713; x_wconf 83' lang='grc' dir='ltr'><strong>τὸ</strong></span> <span class='ocrx_word' id='word_1_592' title='bbox 3232 3660 3401 3728; x_wconf 79' lang='grc' dir='ltr'><strong>κέρας</strong></span> <span class='ocrx_word' id='word_1_593' title='bbox 3420 3657 3604 3728; x_wconf 77' lang='grc' dir='ltr'><strong>ὑμῶν·</strong></span> <span class='ocrx_word' id='word_1_594' title='bbox 3627 3662 3689 3712; x_wconf 73' lang='grc' dir='ltr'><strong>ἐν</strong></span> <span class='ocrx_word' id='word_1_595' title='bbox 3721 3659 3776 3712; x_wconf 83' lang='grc' dir='ltr'><strong>δὲ</strong></span> <span class='ocrx_word' id='word_1_596' title='bbox 3801 3657 3870 3726; x_wconf 82' lang='grc' dir='ltr'><strong>τῷ</strong></span> 
     </span>
    </p>
   </div>
   <div class='ocr_carea' id='block_1_79' title="bbox 2332 3748 3870 3820">
    <p class='ocr_par' dir='ltr' id='par_1_79' title="bbox 2332 3748 3870 3820">
     <span class='ocr_line' id='line_1_79' title="bbox 2332 3748 3870 3820; baseline -0.001 -19"><span class='ocrx_word' id='word_1_597' title='bbox 2332 3751 2466 3820; x_wconf 79' lang='grc' dir='ltr'><strong>μετὰ</strong></span> <span class='ocrx_word' id='word_1_598' title='bbox 2506 3750 2708 3819; x_wconf 80' lang='grc' dir='ltr'><strong>χεῖρας·</strong></span> <span class='ocrx_word' id='word_1_599' title='bbox 2771 3748 3228 3816; x_wconf 84' lang='grc' dir='ltr'><strong>Ἐταράχθησαν,</strong></span> <span class='ocrx_word' id='word_1_600' title='bbox 3284 3749 3466 3818; x_wconf 78' lang='grc' dir='ltr'><strong>φησὶν,</strong></span> <span class='ocrx_word' id='word_1_601' title='bbox 3511 3753 3564 3802; x_wconf 83' lang='grc' dir='ltr'><strong>οὶ</strong></span> <span class='ocrx_word' id='word_1_602' title='bbox 3601 3750 3870 3802; x_wconf 73' lang='grc' dir='ltr'><strong>ἀσύνετα</strong></span> 
     </span>
    </p>
   </div>
   <div class='ocr_carea' id='block_1_80' title="bbox 2328 3830 3871 3907">
    <p class='ocr_par' dir='ltr' id='par_1_80' title="bbox 2328 3830 3871 3907">
     <span class='ocr_line' id='line_1_80' title="bbox 2328 3830 3871 3907; baseline -0.003 -15"><span class='ocrx_word' id='word_1_603' title='bbox 2328 3839 2401 3907; x_wconf 75' lang='grc' dir='ltr'><strong>τῇ</strong></span> <span class='ocrx_word' id='word_1_604' title='bbox 2428 3839 2656 3907; x_wconf 81' lang='grc' dir='ltr'><strong>καρδίᾳ·</strong></span> <span class='ocrx_word' id='word_1_605' title='bbox 2684 3839 2971 3891; x_wconf 74' lang='grc' dir='ltr'><strong>ὕπνωσαν</strong></span> <span class='ocrx_word' id='word_1_606' title='bbox 2994 3837 3186 3890; x_wconf 74' lang='grc' dir='ltr'><strong>ὕπνον</strong></span> <span class='ocrx_word' id='word_1_607' title='bbox 3203 3830 3416 3902; x_wconf 70' lang='grc' dir='ltr'><strong>αὐτῶν,</strong></span> <span class='ocrx_word' id='word_1_608' title='bbox 3445 3838 3543 3891; x_wconf 78' lang='grc' dir='ltr'><strong>καὶ</strong></span> <span class='ocrx_word' id='word_1_609' title='bbox 3563 3841 3673 3906; x_wconf 69' lang='grc' dir='ltr'><strong>οὐχ</strong></span> <span class='ocrx_word' id='word_1_610' title='bbox 3698 3835 3871 3904; x_wconf 77' lang='grc' dir='ltr'><strong>εὖρον</strong></span> 
     </span>
    </p>
   </div>
   <div class='ocr_carea' id='block_1_81' title="bbox 2329 3920 3867 3994">
    <p class='ocr_par' dir='ltr' id='par_1_81' title="bbox 2329 3920 3867 3994">
     <span class='ocr_line' id='line_1_81' title="bbox 2329 3920 3867 3994; baseline -0.004 -11"><span class='ocrx_word' id='word_1_611' title='bbox 2329 3929 2506 3984; x_wconf 79' lang='grc' dir='ltr'><strong>οὐδὲν</strong></span> <span class='ocrx_word' id='word_1_612' title='bbox 2549 3924 2769 3992; x_wconf 83' lang='grc' dir='ltr'><strong>πάντες</strong></span> <span class='ocrx_word' id='word_1_613' title='bbox 2807 3929 2860 3980; x_wconf 76' lang='lat' dir='ltr'><strong>oi</strong></span> <span class='ocrx_word' id='word_1_614' title='bbox 2903 3924 3114 3994; x_wconf 79' lang='grc' dir='ltr'><strong>ἄνδρες</strong></span> <span class='ocrx_word' id='word_1_615' title='bbox 3151 3925 3257 3978; x_wconf 85' lang='grc' dir='ltr'><strong>τοῦ</strong></span> <span class='ocrx_word' id='word_1_616' title='bbox 3295 3927 3580 3980; x_wconf 79' lang='grc' dir='ltr'><strong>πλούτου.</strong></span> <span class='ocrx_word' id='word_1_617' title='bbox 3635 3920 3789 3978; x_wconf 69' lang='grc' dir='ltr'><strong>Οὗτοι</strong></span> <span class='ocrx_word' id='word_1_618' title='bbox 3818 3926 3867 3977; x_wconf 80' lang='grc' dir='ltr'><strong>δὲ</strong></span> 
     </span>
    </p>
   </div>
   <div class='ocr_carea' id='block_1_82' title="bbox 2326 4016 3868 4093">
    <p class='ocr_par' dir='ltr' id='par_1_82' title="bbox 2326 4016 3868 4093">
     <span class='ocr_line' id='line_1_82' title="bbox 2326 4016 3868 4093; baseline -0.004 -19"><span class='ocrx_word' id='word_1_619' title='bbox 2326 4016 2463 4092; x_wconf 82' lang='grc' dir='ltr'><strong>ἦσαν</strong></span> <span class='ocrx_word' id='word_1_620' title='bbox 2507 4023 2554 4074; x_wconf 91' lang='grc' dir='ltr'><strong>οἱ</strong></span> <span class='ocrx_word' id='word_1_621' title='bbox 2600 4021 2666 4074; x_wconf 88' lang='grc' dir='ltr'><strong>τὰ</strong></span> <span class='ocrx_word' id='word_1_622' title='bbox 2707 4020 2911 4092; x_wconf 86' lang='grc' dir='ltr'><strong>κέρατα</strong></span> <span class='ocrx_word' id='word_1_623' title='bbox 2957 4017 3238 4093; x_wconf 49' lang='grc' dir='ltr'><strong>ὑψοῦντες,</strong></span> <span class='ocrx_word' id='word_1_624' title='bbox 3263 4018 3514 4071; x_wconf 87' lang='grc' dir='ltr'><strong>Παιδεύει</strong></span> <span class='ocrx_word' id='word_1_625' title='bbox 3556 4019 3612 4071; x_wconf 83' lang='grc' dir='ltr'><strong>δέ</strong></span> <span class='ocrx_word' id='word_1_626' title='bbox 3652 4019 3738 4071; x_wconf 78' lang='grc' dir='ltr'><strong>διὰ</strong></span> <span class='ocrx_word' id='word_1_627' title='bbox 3772 4019 3868 4071; x_wconf 83' lang='grc' dir='ltr'><strong>τῶν</strong></span> 
     </span>
    </p>
   </div>
   <div class='ocr_carea' id='block_1_83' title="bbox 2327 4108 3867 4183">
    <p class='ocr_par' dir='ltr' id='par_1_83' title="bbox 2327 4108 3867 4183">
     <span class='ocr_line' id='line_1_83' title="bbox 2327 4108 3867 4183; baseline -0.004 -18"><span class='ocrx_word' id='word_1_628' title='bbox 2327 4112 2694 4183; x_wconf 82' lang='grc' dir='ltr'><strong>προκειμένων</strong></span> <span class='ocrx_word' id='word_1_629' title='bbox 2729 4112 2757 4162; x_wconf 83' lang='grc' dir='ltr'><strong>δ</strong></span> <span class='ocrx_word' id='word_1_630' title='bbox 2793 4109 2946 4178; x_wconf 86' lang='grc' dir='ltr'><strong>λόγος</strong></span> <span class='ocrx_word' id='word_1_631' title='bbox 2988 4108 3160 4179; x_wconf 88' lang='grc' dir='ltr'><strong>δόγμα</strong></span> <span class='ocrx_word' id='word_1_632' title='bbox 3191 4108 3502 4178; x_wconf 77' lang='grc' dir='ltr'><strong>βαθύτατον,</strong></span> <span class='ocrx_word' id='word_1_633' title='bbox 3533 4109 3607 4172; x_wconf 87' lang='grc' dir='ltr'><strong>ὡς</strong></span> <span class='ocrx_word' id='word_1_634' title='bbox 3637 4109 3697 4162; x_wconf 79' lang='grc' dir='ltr'><strong>ἂν</strong></span> <span class='ocrx_word' id='word_1_635' title='bbox 3723 4109 3867 4161; x_wconf 81' lang='grc' dir='ltr'><strong>είδεξ-</strong></span> 
     </span>
    </p>
   </div>
   <div class='ocr_carea' id='block_1_84' title="bbox 2327 4200 3866 4274">
    <p class='ocr_par' dir='ltr' id='par_1_84' title="bbox 2327 4200 3866 4274">
     <span class='ocr_line' id='line_1_84' title="bbox 2327 4200 3866 4274; baseline -0.003 -18"><span class='ocrx_word' id='word_1_636' title='bbox 2327 4221 2464 4274; x_wconf 86' lang='grc' dir='ltr'><strong>ημεν</strong></span> <span class='ocrx_word' id='word_1_637' title='bbox 2508 4203 2588 4266; x_wconf 89' lang='grc' dir='ltr'><strong>τίς</strong></span> <span class='ocrx_word' id='word_1_638' title='bbox 2630 4202 2758 4254; x_wconf 83' lang='grc' dir='ltr'><strong>ποτέ</strong></span> <span class='ocrx_word' id='word_1_639' title='bbox 2789 4204 2937 4254; x_wconf 89' lang='grc' dir='ltr'><strong>ἐστιν</strong></span> <span class='ocrx_word' id='word_1_640' title='bbox 2969 4202 2997 4253; x_wconf 85' lang='grc' dir='ltr'>ὁ</span> <span class='ocrx_word' id='word_1_641' title='bbox 3030 4200 3279 4271; x_wconf 86' lang='grc' dir='ltr'><strong>ἀληθινὸς</strong></span> <span class='ocrx_word' id='word_1_642' title='bbox 3322 4201 3556 4271; x_wconf 81' lang='grc' dir='ltr'><strong>Ἰσραὴλ,</strong></span> <span class='ocrx_word' id='word_1_643' title='bbox 3599 4202 3688 4254; x_wconf 75' lang='grc' dir='ltr'><strong>καὶ</strong></span> <span class='ocrx_word' id='word_1_644' title='bbox 3723 4201 3806 4263; x_wconf 76' lang='grc' dir='ltr'><strong>τίς</strong></span> <span class='ocrx_word' id='word_1_645' title='bbox 3836 4202 3866 4269; x_wconf 77' lang='grc' dir='ltr'>ἡ</span> 
     </span>
    </p>
   </div>
   <div class='ocr_carea' id='block_1_85' title="bbox 2327 4288 3864 4363">
    <p class='ocr_par' dir='ltr' id='par_1_85' title="bbox 2327 4288 3864 4363">
     <span class='ocr_line' id='line_1_85' title="bbox 2327 4288 3864 4363; baseline -0.001 -19"><span class='ocrx_word' id='word_1_646' title='bbox 2327 4292 2687 4346; x_wconf 54' lang='grc' dir='ltr'><strong>τούτουνκατὰ</strong></span> <span class='ocrx_word' id='word_1_647' title='bbox 2715 4293 2804 4347; x_wconf 85' lang='grc' dir='ltr'><strong>τὸν</strong></span> <span class='ocrx_word' id='word_1_648' title='bbox 2848 4292 3016 4363; x_wconf 83' lang='grc' dir='ltr'><strong>ἀληθῆ</strong></span> <span class='ocrx_word' id='word_1_649' title='bbox 3054 4291 3208 4359; x_wconf 89' lang='grc' dir='ltr'><strong>λόγον</strong></span> <span class='ocrx_word' id='word_1_650' title='bbox 3246 4290 3394 4361; x_wconf 80' lang='grc' dir='ltr'><strong>χώρα</strong></span> <span class='ocrx_word' id='word_1_651' title='bbox 3441 4292 3472 4361; x_wconf 87' lang='grc' dir='ltr'>ἡ</span> <span class='ocrx_word' id='word_1_652' title='bbox 3508 4288 3864 4361; x_wconf 75' lang='grc' dir='ltr'><strong>ὀνομαζομένη</strong></span> 
     </span>
    </p>
   </div>
   <div class='ocr_carea' id='block_1_86' title="bbox 2341 4382 3867 4456">
    <p class='ocr_par' dir='ltr' id='par_1_86' title="bbox 2341 4382 3867 4456">
     <span class='ocr_line' id='line_1_86' title="bbox 2341 4382 3867 4456; baseline -0.006 -18"><span class='ocrx_word' id='word_1_653' title='bbox 2341 4386 2582 4439; x_wconf 81' lang='grc' dir='ltr'><strong>Ἰουδαία·</strong></span> <span class='ocrx_word' id='word_1_654' title='bbox 2613 4386 2696 4448; x_wconf 87' lang='grc' dir='ltr'><strong>τίς</strong></span> <span class='ocrx_word' id='word_1_655' title='bbox 2721 4403 2779 4437; x_wconf 86' lang='grc' dir='ltr'><strong>τε</strong></span> <span class='ocrx_word' id='word_1_656' title='bbox 2815 4387 2848 4456; x_wconf 79' lang='grc' dir='ltr'>ἡ</span> <span class='ocrx_word' id='word_1_657' title='bbox 2881 4383 3105 4453; x_wconf 81' lang='grc' dir='ltr'><strong>ἀληθινὴ</strong></span> <span class='ocrx_word' id='word_1_658' title='bbox 3160 4382 3530 4452; x_wconf 76' lang='grc' dir='ltr'><strong>Ἰερουσαλὴμ,</strong></span> <span class='ocrx_word' id='word_1_659' title='bbox 3570 4385 3661 4435; x_wconf 73' lang='grc' dir='ltr'><strong>καὶ</strong></span> <span class='ocrx_word' id='word_1_660' title='bbox 3698 4385 3867 4435; x_wconf 76' lang='grc' dir='ltr'><strong>όποῖον</strong></span> 
     </span>
    </p>
   </div>
   <div class='ocr_carea' id='block_1_87' title="bbox 2328 4473 3867 4545">
    <p class='ocr_par' dir='ltr' id='par_1_87' title="bbox 2328 4473 3867 4545">
     <span class='ocr_line' id='line_1_87' title="bbox 2328 4473 3867 4545; baseline -0.003 -16"><span class='ocrx_word' id='word_1_661' title='bbox 2328 4477 2386 4529; x_wconf 86' lang='grc' dir='ltr'><strong>τὸ</strong></span> <span class='ocrx_word' id='word_1_662' title='bbox 2407 4477 2496 4529; x_wconf 91' lang='grc' dir='ltr'><strong>τοῦ</strong></span> <span class='ocrx_word' id='word_1_663' title='bbox 2511 4476 2643 4529; x_wconf 87' lang='grc' dir='ltr'><strong>Θεοῦ</strong></span> <span class='ocrx_word' id='word_1_664' title='bbox 2663 4477 2991 4545; x_wconf 73' lang='grc' dir='ltr'><strong>οἰκητήριον.</strong></span> <span class='ocrx_word' id='word_1_665' title='bbox 3017 4474 3196 4526; x_wconf 89' lang='grc' dir='ltr'><strong>Ταῦτα</strong></span> <span class='ocrx_word' id='word_1_666' title='bbox 3222 4474 3280 4527; x_wconf 84' lang='grc' dir='ltr'><strong>τὸ</strong></span> <span class='ocrx_word' id='word_1_667' title='bbox 3299 4474 3634 4544; x_wconf 80' lang='grc' dir='ltr'><strong>προφητικὸν</strong></span> <span class='ocrx_word' id='word_1_668' title='bbox 3655 4473 3867 4542; x_wconf 85' lang='grc' dir='ltr'><strong>Πνεῦμα</strong></span> 
     </span>
    </p>
   </div>
   <div class='ocr_carea' id='block_1_88' title="bbox 677 4562 2228 4637">
    <p class='ocr_par' dir='ltr' id='par_1_88' title="bbox 677 4564 2228 4636">
     <span class='ocr_line' id='line_1_88' title="bbox 677 4564 2228 4636; baseline 0.001 -15"><span class='ocrx_word' id='word_1_669' title='bbox 677 4569 749 4622; x_wconf 89' lang='lat' dir='ltr'><strong>ob</strong></span> <span class='ocrx_word' id='word_1_670' title='bbox 780 4567 1056 4620; x_wconf 89' lang='lat' dir='ltr'><strong>nominum</strong></span> <span class='ocrx_word' id='word_1_671' title='bbox 1095 4565 1507 4622; x_wconf 89' lang='lat' dir='ltr'><strong>similitudinem</strong></span> <span class='ocrx_word' id='word_1_672' title='bbox 1548 4564 1740 4631; x_wconf 71' lang='lat' dir='ltr'><strong>affert;</strong></span> <span class='ocrx_word' id='word_1_673' title='bbox 1782 4579 1875 4619; x_wconf 91' lang='lat' dir='ltr'><strong>cos</strong></span> <span class='ocrx_word' id='word_1_674' title='bbox 1919 4574 2095 4620; x_wconf 86' lang='lat' dir='ltr'><strong>autem</strong></span> <span class='ocrx_word' id='word_1_675' title='bbox 2138 4569 2228 4636; x_wconf 90' lang='lat' dir='ltr'><strong>qui</strong></span> 
     </span>
    </p>
   </div>
   <div class='ocr_carea' id='block_1_89' title="bbox 2330 4562 3868 4637">
    <p class='ocr_par' dir='ltr' id='par_1_89' title="bbox 2337 4562 3868 4637">
     <span class='ocr_line' id='line_1_89' title="bbox 2337 4562 3868 4637; baseline -0.005 -18"><span class='ocrx_word' id='word_1_676' title='bbox 2337 4567 2451 4636; x_wconf 84' lang='grc' dir='ltr'><strong>μεθ’</strong></span> <span class='ocrx_word' id='word_1_677' title='bbox 2471 4566 2907 4637; x_wconf 78' lang='grc' dir='ltr'><strong>ὑπερϐαλλούσης</strong></span> <span class='ocrx_word' id='word_1_678' title='bbox 2937 4566 3124 4633; x_wconf 82' lang='grc' dir='ltr'><strong>σοφίας</strong></span> <span class='ocrx_word' id='word_1_679' title='bbox 3147 4567 3432 4635; x_wconf 76' lang='grc' dir='ltr'><strong>οἰκονομεῖ·</strong></span> <span class='ocrx_word' id='word_1_680' title='bbox 3465 4562 3599 4634; x_wconf 77' lang='grc' dir='ltr'><strong>ὁμοῦ</strong></span> <span class='ocrx_word' id='word_1_681' title='bbox 3639 4563 3728 4616; x_wconf 81' lang='grc' dir='ltr'><strong>καὶ</strong></span> <span class='ocrx_word' id='word_1_682' title='bbox 3765 4563 3868 4621; x_wconf 85' lang='grc' dir='ltr'><strong>τοῖς</strong></span> 
     </span>
    </p>
   </div>
   <div class='ocr_carea' id='block_1_90' title="bbox 679 4657 2228 4730">
    <p class='ocr_par' dir='ltr' id='par_1_90' title="bbox 679 4657 2228 4730">
     <span class='ocr_line' id='line_1_90' title="bbox 679 4657 2228 4730; baseline 0.001 -16"><span class='ocrx_word' id='word_1_683' title='bbox 679 4659 1001 4730; x_wconf 67' lang='lat' dir='ltr'><strong>speculandi</strong></span> <span class='ocrx_word' id='word_1_684' title='bbox 1030 4660 1078 4711; x_wconf 73' lang='lat' dir='ltr'><strong>vi</strong></span> <span class='ocrx_word' id='word_1_685' title='bbox 1114 4659 1323 4728; x_wconf 64' lang='lat' dir='ltr'><strong>prmditi</strong></span> <span class='ocrx_word' id='word_1_686' title='bbox 1356 4667 1483 4712; x_wconf 94' lang='lat' dir='ltr'><strong>sunt</strong></span> <span class='ocrx_word' id='word_1_687' title='bbox 1509 4657 1708 4713; x_wconf 88' lang='lat' dir='ltr'><strong>divinis</strong></span> <span class='ocrx_word' id='word_1_688' title='bbox 1740 4658 2001 4713; x_wconf 84' lang='lat' dir='ltr'><strong>institutis</strong></span> <span class='ocrx_word' id='word_1_689' title='bbox 2029 4659 2228 4715; x_wconf 87' lang='lat' dir='ltr'><strong>erudit.</strong></span> 
     </span>
    </p>
   </div>
   <div class='ocr_carea' id='block_1_91' title="bbox 676 4747 2228 4818">
    <p class='ocr_par' dir='ltr' id='par_1_91' title="bbox 676 4747 2228 4818">
     <span class='ocr_line' id='line_1_91' title="bbox 676 4747 2228 4818; baseline 0 -16"><span class='ocrx_word' id='word_1_690' title='bbox 676 4747 894 4803; x_wconf 68' lang='lat' dir='ltr'><strong>Judaeus</strong></span> <span class='ocrx_word' id='word_1_691' title='bbox 919 4749 1098 4817; x_wconf 89' lang='lat' dir='ltr'><strong>itaque</strong></span> <span class='ocrx_word' id='word_1_692' title='bbox 1120 4750 1209 4818; x_wconf 90' lang='lat' dir='ltr'><strong>qui</strong></span> <span class='ocrx_word' id='word_1_693' title='bbox 1238 4749 1370 4803; x_wconf 89' lang='lat' dir='ltr'><strong>nihil</strong></span> <span class='ocrx_word' id='word_1_694' title='bbox 1398 4749 1540 4803; x_wconf 89' lang='lat' dir='ltr'><strong>aliud</strong></span> <span class='ocrx_word' id='word_1_695' title='bbox 1561 4759 1676 4811; x_wconf 85' lang='lat' dir='ltr'><strong>est,</strong></span> <span class='ocrx_word' id='word_1_696' title='bbox 1699 4764 1858 4818; x_wconf 91' lang='lat' dir='ltr'><strong>quam</strong></span> <span class='ocrx_word' id='word_1_697' title='bbox 1881 4764 2008 4803; x_wconf 90' lang='lat' dir='ltr'><strong>caro</strong></span> <span class='ocrx_word' id='word_1_698' title='bbox 2029 4756 2080 4803; x_wconf 90' lang='lat' dir='ltr'><strong>et</strong></span> <span class='ocrx_word' id='word_1_699' title='bbox 2102 4765 2228 4803; x_wconf 90' lang='lat' dir='ltr'><strong>san-</strong></span> 
     </span>
    </p>
   </div>
   <div class='ocr_carea' id='block_1_92' title="bbox 678 4839 2227 4910">
    <p class='ocr_par' dir='ltr' id='par_1_92' title="bbox 678 4839 2227 4910">
     <span class='ocr_line' id='line_1_92' title="bbox 678 4839 2227 4910; baseline 0.001 -17"><span class='ocrx_word' id='word_1_700' title='bbox 678 4839 799 4910; x_wconf 78' lang='lat' dir='ltr'><strong>guis</strong></span> <span class='ocrx_word' id='word_1_701' title='bbox 823 4881 835 4904; x_wconf 96' lang='lat'><strong>,</strong></span> <span class='ocrx_word' id='word_1_702' title='bbox 868 4839 1072 4892; x_wconf 89' lang='lat' dir='ltr'><strong>carnali</strong></span> <span class='ocrx_word' id='word_1_703' title='bbox 1099 4847 1151 4892; x_wconf 89' lang='lat' dir='ltr'><strong>et</strong></span> <span class='ocrx_word' id='word_1_704' title='bbox 1176 4853 1435 4906; x_wconf 87' lang='lat' dir='ltr'><strong>corporeo</strong></span> <span class='ocrx_word' id='word_1_705' title='bbox 1465 4854 1613 4892; x_wconf 91' lang='lat' dir='ltr'><strong>more</strong></span> <span class='ocrx_word' id='word_1_706' title='bbox 1642 4839 1753 4893; x_wconf 65' lang='lat' dir='ltr'><strong>haec</strong></span> <span class='ocrx_word' id='word_1_707' title='bbox 1779 4840 1959 4894; x_wconf 91' lang='lat' dir='ltr'><strong>audiet</strong></span> <span class='ocrx_word' id='word_1_708' title='bbox 1986 4858 1999 4906; x_wconf 90' lang='lat'>;</span> <span class='ocrx_word' id='word_1_709' title='bbox 2035 4839 2227 4894; x_wconf 85' lang='lat' dir='ltr'><strong>deinde</strong></span> 
     </span>
    </p>
   </div>
   <div class='ocr_carea' id='block_1_93' title="bbox 675 4929 2224 4996">
    <p class='ocr_par' dir='ltr' id='par_1_93' title="bbox 675 4929 2224 4996">
     <span class='ocr_line' id='line_1_93' title="bbox 675 4929 2224 4996; baseline -0.001 -10"><span class='ocrx_word' id='word_1_710' title='bbox 675 4947 804 4986; x_wconf 80' lang='lat' dir='ltr'><strong>vero</strong></span> <span class='ocrx_word' id='word_1_711' title='bbox 838 4930 1148 4992; x_wconf 82' lang='lat' dir='ltr'><strong>extolletur,</strong></span> <span class='ocrx_word' id='word_1_712' title='bbox 1182 4944 1343 4983; x_wconf 89' lang='lat' dir='ltr'><strong>sensu</strong></span> <span class='ocrx_word' id='word_1_713' title='bbox 1376 4929 1558 4982; x_wconf 90' lang='lat' dir='ltr'><strong>carnis</strong></span> <span class='ocrx_word' id='word_1_714' title='bbox 1589 4945 1699 4983; x_wconf 83' lang='lat' dir='ltr'><strong>suae</strong></span> <span class='ocrx_word' id='word_1_715' title='bbox 1743 4939 1942 4985; x_wconf 89' lang='lat' dir='ltr'><strong>temere</strong></span> <span class='ocrx_word' id='word_1_716' title='bbox 1972 4930 2186 4984; x_wconf 84' lang='lat' dir='ltr'><strong>inﬂatus</strong></span> <span class='ocrx_word' id='word_1_717' title='bbox 2211 4972 2224 4996; x_wconf 89' lang='lat'><strong>,</strong></span> 
     </span>
    </p>
   </div>
   <div class='ocr_carea' id='block_1_94' title="bbox 675 5005 2227 5095">
    <p class='ocr_par' dir='ltr' id='par_1_94' title="bbox 675 5005 2227 5095">
     <span class='ocr_line' id='line_1_94' title="bbox 675 5005 2227 5095; baseline -0.001 -16"><span class='ocrx_word' id='word_1_718' title='bbox 675 5040 849 5095; x_wconf 87' lang='lat' dir='ltr'><strong>neque</strong></span> <span class='ocrx_word' id='word_1_719' title='bbox 874 5031 1035 5093; x_wconf 87' lang='lat' dir='ltr'><strong>caput</strong></span> <span class='ocrx_word' id='word_1_720' title='bbox 1063 5005 1250 5076; x_wconf 85' lang='lat' dir='ltr'><strong>tenens</strong></span> <span class='ocrx_word' id='word_1_721' title='bbox 1274 5021 1570 5075; x_wconf 85' lang='lat' dir='ltr'><strong>secundum</strong></span> <span class='ocrx_word' id='word_1_722' title='bbox 1599 5020 1653 5074; x_wconf 91' lang='lat' dir='ltr'><strong>S.</strong></span> <span class='ocrx_word' id='word_1_723' title='bbox 1684 5023 2018 5091; x_wconf 83' lang='lat' dir='ltr'><strong>Apostolum.</strong></span> <span class='ocrx_word' id='word_1_724' title='bbox 2049 5023 2227 5088; x_wconf 87' lang='lat' dir='ltr'><strong>Quare</strong></span> 
     </span>
    </p>
   </div>
   <div class='ocr_carea' id='block_1_95' title="bbox 675 5109 2222 5182">
    <p class='ocr_par' dir='ltr' id='par_1_95' title="bbox 675 5109 2222 5182">
     <span class='ocr_line' id='line_1_95' title="bbox 675 5109 2222 5182; baseline -0.003 -14"><span class='ocrx_word' id='word_1_725' title='bbox 675 5129 734 5168; x_wconf 91' lang='lat' dir='ltr'><strong>sc</strong></span> <span class='ocrx_word' id='word_1_726' title='bbox 766 5114 1015 5168; x_wconf 86' lang='lat' dir='ltr'><strong>lsraelem</strong></span> <span class='ocrx_word' id='word_1_727' title='bbox 1047 5127 1165 5165; x_wconf 90' lang='lat' dir='ltr'><strong>esse</strong></span> <span class='ocrx_word' id='word_1_728' title='bbox 1185 5151 1197 5173; x_wconf 91' lang='lat'><strong>,</strong></span> <span class='ocrx_word' id='word_1_729' title='bbox 1235 5119 1394 5181; x_wconf 86' lang='lat' dir='ltr'><strong>atque</strong></span> <span class='ocrx_word' id='word_1_730' title='bbox 1424 5109 1684 5173; x_wconf 61' lang='lat' dir='ltr'><strong>Judaaam,</strong></span> <span class='ocrx_word' id='word_1_731' title='bbox 1722 5112 1854 5164; x_wconf 85' lang='lat' dir='ltr'><strong>nihil</strong></span> <span class='ocrx_word' id='word_1_732' title='bbox 1889 5112 2033 5166; x_wconf 88' lang='lat' dir='ltr'><strong>aliud</strong></span> <span class='ocrx_word' id='word_1_733' title='bbox 2062 5127 2222 5182; x_wconf 91' lang='lat' dir='ltr'><strong>quam</strong></span> 
     </span>
    </p>
   </div>
   <div class='ocr_carea' id='block_1_96' title="bbox 680 5202 2225 5273">
    <p class='ocr_par' dir='ltr' id='par_1_96' title="bbox 680 5202 2225 5273">
     <span class='ocr_line' id='line_1_96' title="bbox 680 5202 2225 5273; baseline 0.001 -18"><span class='ocrx_word' id='word_1_734' title='bbox 680 5203 1082 5258; x_wconf 63' lang='lat' dir='ltr'><strong>Palmstinorum</strong></span> <span class='ocrx_word' id='word_1_735' title='bbox 1119 5205 1390 5273; x_wconf 85' lang='lat' dir='ltr'><strong>regionem</strong></span> <span class='ocrx_word' id='word_1_736' title='bbox 1429 5219 1550 5259; x_wconf 89' lang='lat' dir='ltr'><strong>esse</strong></span> <span class='ocrx_word' id='word_1_737' title='bbox 1593 5202 1836 5272; x_wconf 86' lang='lat' dir='ltr'><strong>putabit;</strong></span> <span class='ocrx_word' id='word_1_738' title='bbox 1881 5202 2061 5256; x_wconf 90' lang='lat' dir='ltr'><strong>locum</strong></span> <span class='ocrx_word' id='word_1_739' title='bbox 2096 5218 2225 5256; x_wconf 87' lang='lat' dir='ltr'><strong>vero</strong></span> 
     </span>
    </p>
   </div>
   <div class='ocr_carea' id='block_1_97' title="bbox 679 5291 2226 5362">
    <p class='ocr_par' dir='ltr' id='par_1_97' title="bbox 679 5291 2226 5362">
     <span class='ocr_line' id='line_1_97' title="bbox 679 5291 2226 5362; baseline 0 -15"><span class='ocrx_word' id='word_1_740' title='bbox 679 5291 767 5347; x_wconf 87' lang='lat' dir='ltr'><strong>Dei</strong></span> <span class='ocrx_word' id='word_1_741' title='bbox 803 5302 1150 5362; x_wconf 55' lang='lat' dir='ltr'><strong>pro&#39;terreua</strong></span> <span class='ocrx_word' id='word_1_742' title='bbox 1191 5291 1490 5347; x_wconf 81' lang='lat' dir='ltr'><strong>Jerusalem</strong></span> <span class='ocrx_word' id='word_1_743' title='bbox 1524 5291 1782 5347; x_wconf 87' lang='lat' dir='ltr'><strong>habebit:</strong></span> <span class='ocrx_word' id='word_1_744' title='bbox 1825 5294 2077 5360; x_wconf 91' lang='lat' dir='ltr'><strong>quoniam</strong></span> <span class='ocrx_word' id='word_1_745' title='bbox 2122 5293 2226 5348; x_wconf 82' lang='lat' dir='ltr'><strong>He-</strong></span> 
     </span>
    </p>
   </div>
   <div class='ocr_carea' id='block_1_98' title="bbox 622 5381 2228 5456">
    <p class='ocr_par' dir='ltr' id='par_1_98' title="bbox 622 5381 2228 5456">
     <span class='ocr_line' id='line_1_98' title="bbox 622 5381 2228 5456; baseline 0.001 -20"><span class='ocrx_word' id='word_1_746' title='bbox 622 5452 626 5456; x_wconf 27' lang='lat'>.</span> <span class='ocrx_word' id='word_1_747' title='bbox 673 5383 859 5436; x_wconf 87' lang='lat' dir='ltr'><strong>braica</strong></span> <span class='ocrx_word' id='word_1_748' title='bbox 889 5383 1048 5438; x_wconf 85' lang='lat' dir='ltr'><strong>lectio</strong></span> <span class='ocrx_word' id='word_1_749' title='bbox 1078 5385 1130 5437; x_wconf 91' lang='lat' dir='ltr'><strong>in</strong></span> <span class='ocrx_word' id='word_1_750' title='bbox 1165 5381 1341 5436; x_wconf 88' lang='lat' dir='ltr'><strong>Salem</strong></span> <span class='ocrx_word' id='word_1_751' title='bbox 1377 5386 1558 5437; x_wconf 91' lang='lat' dir='ltr'><strong>locum</strong></span> <span class='ocrx_word' id='word_1_752' title='bbox 1601 5384 1721 5452; x_wconf 88' lang='lat' dir='ltr'><strong>ejus</strong></span> <span class='ocrx_word' id='word_1_753' title='bbox 1763 5381 1963 5436; x_wconf 86' lang='lat' dir='ltr'><strong>factum</strong></span> <span class='ocrx_word' id='word_1_754' title='bbox 1993 5398 2115 5439; x_wconf 89' lang='lat' dir='ltr'><strong>esse</strong></span> <span class='ocrx_word' id='word_1_755' title='bbox 2146 5386 2228 5437; x_wconf 86' lang='lat' dir='ltr'><strong>di-</strong></span> 
     </span>
    </p>
   </div>
   <div class='ocr_carea' id='block_1_99' title="bbox 662 5474 2224 5544">
    <p class='ocr_par' dir='ltr' id='par_1_99' title="bbox 662 5474 2224 5544">
     <span class='ocr_line' id='line_1_99' title="bbox 662 5474 2224 5544; baseline 0.001 -18"><span class='ocrx_word' id='word_1_756' title='bbox 662 5474 786 5526; x_wconf 69' lang='lat' dir='ltr'><strong>cit:</strong></span> <span class='ocrx_word' id='word_1_757' title='bbox 823 5489 929 5542; x_wconf 85' lang='lat' dir='ltr'><strong>quo</strong></span> <span class='ocrx_word' id='word_1_758' title='bbox 961 5475 1086 5527; x_wconf 87' lang='lat' dir='ltr'><strong>item</strong></span> <span class='ocrx_word' id='word_1_759' title='bbox 1123 5475 1284 5526; x_wconf 91' lang='lat' dir='ltr'><strong>modo</strong></span> <span class='ocrx_word' id='word_1_760' title='bbox 1327 5475 1519 5543; x_wconf 84' lang='lat' dir='ltr'><strong>reliqui</strong></span> <span class='ocrx_word' id='word_1_761' title='bbox 1566 5474 1921 5544; x_wconf 78' lang='lat' dir='ltr'><strong>interpretes,</strong></span> <span class='ocrx_word' id='word_1_762' title='bbox 1954 5479 2006 5530; x_wconf 84' lang='lat' dir='ltr'><strong>in</strong></span> <span class='ocrx_word' id='word_1_763' title='bbox 2048 5474 2224 5530; x_wconf 89' lang='lat' dir='ltr'><strong>Salem</strong></span> 
     </span>
    </p>
   </div>
   <div class='ocr_carea' id='block_1_100' title="bbox 674 5564 2225 5631">
    <p class='ocr_par' dir='ltr' id='par_1_100' title="bbox 674 5564 2225 5631">
     <span class='ocr_line' id='line_1_100' title="bbox 674 5564 2225 5631; baseline 0.003 -15"><span class='ocrx_word' id='word_1_764' title='bbox 674 5564 962 5629; x_wconf 76' lang='lat' dir='ltr'><strong>videlicet,</strong></span> <span class='ocrx_word' id='word_1_765' title='bbox 993 5567 1299 5620; x_wconf 80' lang='lat' dir='ltr'><strong>ediderunt.</strong></span> <span class='ocrx_word' id='word_1_766' title='bbox 1345 5567 1446 5631; x_wconf 90' lang='lat' dir='ltr'><strong>Qui</strong></span> <span class='ocrx_word' id='word_1_767' title='bbox 1478 5582 1609 5621; x_wconf 80' lang='lat' dir='ltr'><strong>vero</strong></span> <span class='ocrx_word' id='word_1_768' title='bbox 1647 5567 1828 5621; x_wconf 79' lang='lat' dir='ltr'><strong>divina</strong></span> <span class='ocrx_word' id='word_1_769' title='bbox 1873 5569 2108 5624; x_wconf 90' lang='lat' dir='ltr'><strong>imbutus</strong></span> <span class='ocrx_word' id='word_1_770' title='bbox 2144 5568 2225 5620; x_wconf 84' lang='lat' dir='ltr'><strong>di-</strong></span> 
     </span>
    </p>
   </div>
   <div class='ocr_carea' id='block_1_101' title="bbox 675 5656 2224 5730">
    <p class='ocr_par' dir='ltr' id='par_1_101' title="bbox 675 5656 2224 5730">
     <span class='ocr_line' id='line_1_101' title="bbox 675 5656 2224 5730; baseline 0.003 -22"><span class='ocrx_word' id='word_1_771' title='bbox 675 5656 903 5724; x_wconf 84' lang='lat' dir='ltr'><strong>sciplina</strong></span> <span class='ocrx_word' id='word_1_772' title='bbox 947 5663 1064 5720; x_wconf 88' lang='lat' dir='ltr'><strong>est,</strong></span> <span class='ocrx_word' id='word_1_773' title='bbox 1113 5673 1234 5710; x_wconf 88' lang='lat' dir='ltr'><strong>cum</strong></span> <span class='ocrx_word' id='word_1_774' title='bbox 1280 5658 1590 5720; x_wconf 89' lang='lat' dir='ltr'><strong>edidicerit,</strong></span> <span class='ocrx_word' id='word_1_775' title='bbox 1642 5674 1747 5714; x_wconf 91' lang='lat' dir='ltr'><strong>non</strong></span> <span class='ocrx_word' id='word_1_776' title='bbox 1796 5674 1983 5715; x_wconf 87' lang='lat' dir='ltr'><strong>omnes</strong></span> <span class='ocrx_word' id='word_1_777' title='bbox 2029 5661 2120 5730; x_wconf 90' lang='lat' dir='ltr'><strong>qui</strong></span> <span class='ocrx_word' id='word_1_778' title='bbox 2161 5675 2224 5713; x_wconf 89' lang='lat' dir='ltr'><strong>ex</strong></span> 
     </span>
    </p>
   </div>
   <div class='ocr_carea' id='block_1_102' title="bbox 747 5791 1349 5880">
    <p class='ocr_par' dir='ltr' id='par_1_102' title="bbox 747 5791 1349 5880">
     <span class='ocr_line' id='line_1_102' title="bbox 747 5791 1349 5880; baseline 0.01 -18"><span class='ocrx_word' id='word_1_779' title='bbox 747 5812 790 5842; x_wconf 72' lang='grc'><strong>⁸⁵</strong></span> <span class='ocrx_word' id='word_1_780' title='bbox 829 5810 968 5867; x_wconf 80' lang='lat' dir='ltr'><strong>Psal.</strong></span> <span class='ocrx_word' id='word_1_781' title='bbox 1008 5791 1188 5878; x_wconf 63' lang='lat' dir='ltr'><strong>l.“l\&quot;,</strong></span> <span class='ocrx_word' id='word_1_782' title='bbox 1221 5811 1286 5880; x_wconf 71' lang='grc'><strong>4,</strong></span> <span class='ocrx_word' id='word_1_783' title='bbox 1318 5815 1349 5868; x_wconf 78' lang='lat'><strong>5</strong></span> 
     </span>
    </p>
   </div>
   <div class='ocr_carea' id='block_1_103' title="bbox 2331 4650 3868 4726">
    <p class='ocr_par' dir='ltr' id='par_1_103' title="bbox 2331 4650 3868 4726">
     <span class='ocr_line' id='line_1_103' title="bbox 2331 4650 3868 4726; baseline -0.005 -17"><span class='ocrx_word' id='word_1_784' title='bbox 2331 4657 2718 4726; x_wconf 85' lang='grc' dir='ltr'><strong>ταπεινώτερον</strong></span> <span class='ocrx_word' id='word_1_785' title='bbox 2745 4655 2838 4707; x_wconf 75' lang='grc' dir='ltr'><strong>καὶ</strong></span> <span class='ocrx_word' id='word_1_786' title='bbox 2880 4653 3298 4723; x_wconf 82' lang='grc' dir='ltr'><strong>Ἰουδαῖκώτερον</strong></span> <span class='ocrx_word' id='word_1_787' title='bbox 3321 4651 3686 4721; x_wconf 82' lang='grc' dir='ltr'><strong>ἀκροωμένοις</strong></span> <span class='ocrx_word' id='word_1_788' title='bbox 3714 4650 3868 4718; x_wconf 79' lang='grc' dir='ltr'><strong>θυμη·</strong></span> 
     </span>
    </p>
   </div>
   <div class='ocr_carea' id='block_1_104' title="bbox 2331 4741 3866 4816">
    <p class='ocr_par' dir='ltr' id='par_1_104' title="bbox 2331 4741 3866 4816">
     <span class='ocr_line' id='line_1_104' title="bbox 2331 4741 3866 4816; baseline -0.005 -18"><span class='ocrx_word' id='word_1_789' title='bbox 2331 4747 2446 4798; x_wconf 89' lang='grc' dir='ltr'><strong>δίαν</strong></span> <span class='ocrx_word' id='word_1_790' title='bbox 2487 4747 2718 4816; x_wconf 86' lang='grc' dir='ltr'><strong>παρέχον</strong></span> <span class='ocrx_word' id='word_1_791' title='bbox 2757 4745 2841 4796; x_wconf 75' lang='grc' dir='ltr'><strong>διὰ</strong></span> <span class='ocrx_word' id='word_1_792' title='bbox 2883 4744 2980 4813; x_wconf 81' lang='grc' dir='ltr'><strong>τῆς</strong></span> <span class='ocrx_word' id='word_1_793' title='bbox 3023 4742 3334 4814; x_wconf 86' lang='grc' dir='ltr'><strong>ὁμωνυμίας</strong></span> <span class='ocrx_word' id='word_1_794' title='bbox 3371 4741 3476 4793; x_wconf 84' lang='grc' dir='ltr'><strong>τῶν</strong></span> <span class='ocrx_word' id='word_1_795' title='bbox 3518 4741 3866 4810; x_wconf 82' lang='grc' dir='ltr'><strong>δηλουμένων,</strong></span> 
     </span>
    </p>
   </div>
   <div class='ocr_carea' id='block_1_105' title="bbox 2329 4830 3867 4909">
    <p class='ocr_par' dir='ltr' id='par_1_105' title="bbox 2329 4830 3867 4909">
     <span class='ocr_line' id='line_1_105' title="bbox 2329 4830 3867 4909; baseline -0.008 -17"><span class='ocrx_word' id='word_1_796' title='bbox 2329 4838 2461 4909; x_wconf 85' lang='grc' dir='ltr'><strong>ὁμοῦ</strong></span> <span class='ocrx_word' id='word_1_797' title='bbox 2514 4839 2606 4892; x_wconf 77' lang='grc' dir='ltr'><strong>καὶ</strong></span> <span class='ocrx_word' id='word_1_798' title='bbox 2657 4840 2778 4900; x_wconf 79' lang='grc' dir='ltr'><strong>τοὺς</strong></span> <span class='ocrx_word' id='word_1_799' title='bbox 2823 4836 3182 4908; x_wconf 80' lang='grc' dir='ltr'><strong>θεωρητικοὺς</strong></span> <span class='ocrx_word' id='word_1_800' title='bbox 3242 4831 3578 4901; x_wconf 84' lang='grc' dir='ltr'><strong>παιδεύματα</strong></span> <span class='ocrx_word' id='word_1_801' title='bbox 3635 4830 3867 4882; x_wconf 75' lang='grc' dir='ltr'><strong>διδάσκον</strong></span> 
     </span>
    </p>
   </div>
   <div class='ocr_carea' id='block_1_106' title="bbox 2331 4920 3863 4999">
    <p class='ocr_par' dir='ltr' id='par_1_106' title="bbox 2331 4920 3863 4999">
     <span class='ocr_line' id='line_1_106' title="bbox 2331 4920 3863 4999; baseline -0.007 -16"><span class='ocrx_word' id='word_1_802' title='bbox 2331 4931 2485 4984; x_wconf 88' lang='grc' dir='ltr'><strong>θείων</strong></span> <span class='ocrx_word' id='word_1_803' title='bbox 2513 4930 2811 4999; x_wconf 87' lang='grc' dir='ltr'><strong>δογμάτων.</strong></span> <span class='ocrx_word' id='word_1_804' title='bbox 2842 4929 2899 4982; x_wconf 88' lang='lat'><strong>&#39;0</strong></span> <span class='ocrx_word' id='word_1_805' title='bbox 2932 4927 3028 4998; x_wconf 86' lang='grc' dir='ltr'><strong>μὲν</strong></span> <span class='ocrx_word' id='word_1_806' title='bbox 3061 4920 3152 4979; x_wconf 78' lang='grc' dir='ltr'><strong>οὖν</strong></span> <span class='ocrx_word' id='word_1_807' title='bbox 3192 4923 3455 4985; x_wconf 78' lang='grc' dir='ltr'><strong>Ἰουδαῖος,</strong></span> <span class='ocrx_word' id='word_1_808' title='bbox 3477 4922 3636 4975; x_wconf 86' lang='grc' dir='ltr'><strong>πλέον</strong></span> <span class='ocrx_word' id='word_1_809' title='bbox 3668 4922 3811 4974; x_wconf 72' lang='grc' dir='ltr'><strong>οὐδὲν</strong></span> <span class='ocrx_word' id='word_1_810' title='bbox 3836 4921 3863 4987; x_wconf 75' lang='grc' dir='ltr'>ἦ</span> 
     </span>
    </p>
   </div>
   <div class='ocr_carea' id='block_1_107' title="bbox 2331 5013 3868 5093">
    <p class='ocr_par' dir='ltr' id='par_1_107' title="bbox 2331 5013 3868 5093">
     <span class='ocr_line' id='line_1_107' title="bbox 2331 5013 3868 5093; baseline -0.007 -18"><span class='ocrx_word' id='word_1_811' title='bbox 2331 5023 2465 5093; x_wconf 79' lang='grc' dir='ltr'><strong>σὰρξ</strong></span> <span class='ocrx_word' id='word_1_812' title='bbox 2500 5022 2591 5074; x_wconf 74' lang='grc' dir='ltr'><strong>καὶ</strong></span> <span class='ocrx_word' id='word_1_813' title='bbox 2628 5017 2763 5091; x_wconf 76' lang='grc' dir='ltr'><strong>αἷμα</strong></span> <span class='ocrx_word' id='word_1_814' title='bbox 2797 5019 3092 5088; x_wconf 82' lang='grc' dir='ltr'><strong>τυγχάνων,</strong></span> <span class='ocrx_word' id='word_1_815' title='bbox 3140 5014 3400 5084; x_wconf 87' lang='grc' dir='ltr'><strong>σαρκίνως</strong></span> <span class='ocrx_word' id='word_1_816' title='bbox 3438 5014 3530 5066; x_wconf 77' lang='grc' dir='ltr'><strong>καὶ</strong></span> <span class='ocrx_word' id='word_1_817' title='bbox 3561 5013 3868 5084; x_wconf 72' lang='grc' dir='ltr'><strong>σωματικῶς</strong></span> 
     </span>
    </p>
   </div>
   <div class='ocr_carea' id='block_1_108' title="bbox 2325 5105 3864 5181">
    <p class='ocr_par' dir='ltr' id='par_1_108' title="bbox 2325 5105 3864 5181">
     <span class='ocr_line' id='line_1_108' title="bbox 2325 5105 3864 5181; baseline -0.008 -15"><span class='ocrx_word' id='word_1_818' title='bbox 2325 5113 2610 5166; x_wconf 82' lang='grc' dir='ltr'><strong>ἀκούσεται</strong></span> <span class='ocrx_word' id='word_1_819' title='bbox 2645 5113 2750 5164; x_wconf 88' lang='grc' dir='ltr'><strong>τῶν</strong></span> <span class='ocrx_word' id='word_1_820' title='bbox 2782 5107 3174 5181; x_wconf 81' lang='grc' dir='ltr'><strong>προκειμένων·</strong></span> <span class='ocrx_word' id='word_1_821' title='bbox 3219 5107 3450 5160; x_wconf 75' lang='grc' dir='ltr'><strong>κᾶπειτα</strong></span> <span class='ocrx_word' id='word_1_822' title='bbox 3492 5105 3864 5176; x_wconf 80' lang='grc' dir='ltr'><strong>ἐπαρθήσεται,</strong></span> 
     </span>
    </p>
   </div>
   <div class='ocr_carea' id='block_1_109' title="bbox 2324 5195 3866 5274">
    <p class='ocr_par' dir='ltr' id='par_1_109' title="bbox 2324 5195 3866 5274">
     <span class='ocr_line' id='line_1_109' title="bbox 2324 5195 3866 5274; baseline -0.009 -18"><span class='ocrx_word' id='word_1_823' title='bbox 2324 5207 2440 5274; x_wconf 77' lang='grc' dir='ltr'><strong>εἰκῇ</strong></span> <span class='ocrx_word' id='word_1_824' title='bbox 2470 5203 2820 5274; x_wconf 81' lang='grc' dir='ltr'><strong>φυσιούμενος</strong></span> <span class='ocrx_word' id='word_1_825' title='bbox 2847 5200 2951 5253; x_wconf 82' lang='grc' dir='ltr'><strong>ὑπὸ</strong></span> <span class='ocrx_word' id='word_1_826' title='bbox 2980 5196 3072 5250; x_wconf 88' lang='grc' dir='ltr'><strong>τοῦ</strong></span> <span class='ocrx_word' id='word_1_827' title='bbox 3095 5197 3212 5258; x_wconf 83' lang='grc' dir='ltr'><strong>νοὸς</strong></span> <span class='ocrx_word' id='word_1_828' title='bbox 3235 5197 3332 5266; x_wconf 83' lang='grc' dir='ltr'><strong>τῆς</strong></span> <span class='ocrx_word' id='word_1_829' title='bbox 3361 5196 3558 5267; x_wconf 79' lang='grc' dir='ltr'><strong>σαρκὸς</strong></span> <span class='ocrx_word' id='word_1_830' title='bbox 3581 5195 3758 5256; x_wconf 76' lang='grc' dir='ltr'><strong>αὑτοῦ,</strong></span> <span class='ocrx_word' id='word_1_831' title='bbox 3783 5196 3866 5245; x_wconf 71' lang='grc' dir='ltr'><strong>καὶ</strong></span> 
     </span>
    </p>
   </div>
   <div class='ocr_carea' id='block_1_110' title="bbox 2322 5285 3865 5366">
    <p class='ocr_par' dir='ltr' id='par_1_110' title="bbox 2322 5285 3865 5366">
     <span class='ocr_line' id='line_1_110' title="bbox 2322 5285 3865 5366; baseline -0.01 -17"><span class='ocrx_word' id='word_1_832' title='bbox 2322 5297 2380 5347; x_wconf 78' lang='grc' dir='ltr'><strong>οὐ</strong></span> <span class='ocrx_word' id='word_1_833' title='bbox 2409 5295 2620 5366; x_wconf 85' lang='grc' dir='ltr'><strong>κρατῶν</strong></span> <span class='ocrx_word' id='word_1_834' title='bbox 2657 5297 2752 5365; x_wconf 83' lang='grc' dir='ltr'><strong>τὴν</strong></span> <span class='ocrx_word' id='word_1_835' title='bbox 2782 5290 3016 5360; x_wconf 81' lang='grc' dir='ltr'><strong>κεφαλὴν</strong></span> <span class='ocrx_word' id='word_1_836' title='bbox 3044 5289 3182 5342; x_wconf 83' lang='grc' dir='ltr'><strong>κατὰ</strong></span> <span class='ocrx_word' id='word_1_837' title='bbox 3223 5289 3311 5340; x_wconf 84' lang='grc' dir='ltr'><strong>τὸν</strong></span> <span class='ocrx_word' id='word_1_838' title='bbox 3351 5289 3491 5359; x_wconf 84' lang='grc' dir='ltr'><strong>ἱερὸν</strong></span> <span class='ocrx_word' id='word_1_839' title='bbox 3542 5285 3865 5340; x_wconf 83' lang='grc' dir='ltr'><strong>Ἀπόστολον.</strong></span> 
     </span>
    </p>
   </div>
   <div class='ocr_carea' id='block_1_111' title="bbox 2325 5374 3866 5456">
    <p class='ocr_par' dir='ltr' id='par_1_111' title="bbox 2325 5374 3866 5456">
     <span class='ocr_line' id='line_1_111' title="bbox 2325 5374 3866 5456; baseline -0.008 -19"><span class='ocrx_word' id='word_1_840' title='bbox 2325 5388 2412 5439; x_wconf 87' lang='grc' dir='ltr'><strong>Διὸ</strong></span> <span class='ocrx_word' id='word_1_841' title='bbox 2453 5387 2640 5439; x_wconf 81' lang='grc' dir='ltr'><strong>ἑαυτὸν</strong></span> <span class='ocrx_word' id='word_1_842' title='bbox 2687 5386 2785 5456; x_wconf 83' lang='grc' dir='ltr'><strong>μὲν</strong></span> <span class='ocrx_word' id='word_1_843' title='bbox 2823 5379 2956 5434; x_wconf 80' lang='grc' dir='ltr'><strong>εἶναι</strong></span> <span class='ocrx_word' id='word_1_844' title='bbox 2995 5380 3085 5433; x_wconf 86' lang='grc' dir='ltr'><strong>τὸν</strong></span> <span class='ocrx_word' id='word_1_845' title='bbox 3128 5377 3339 5450; x_wconf 83' lang='grc' dir='ltr'><strong>Ἰσραὴλ</strong></span> <span class='ocrx_word' id='word_1_846' title='bbox 3372 5381 3635 5451; x_wconf 74' lang='grc' dir='ltr'><strong>οἰήσεται,</strong></span> <span class='ocrx_word' id='word_1_847' title='bbox 3667 5378 3756 5430; x_wconf 83' lang='grc' dir='ltr'><strong>καὶ</strong></span> <span class='ocrx_word' id='word_1_848' title='bbox 3779 5374 3866 5443; x_wconf 72' lang='grc' dir='ltr'><strong>τὴν</strong></span> 
     </span>
    </p>
   </div>
   <div class='ocr_carea' id='block_1_112' title="bbox 2338 5465 3862 5545">
    <p class='ocr_par' dir='ltr' id='par_1_112' title="bbox 2338 5465 3862 5545">
     <span class='ocr_line' id='line_1_112' title="bbox 2338 5465 3862 5545; baseline -0.01 -15"><span class='ocrx_word' id='word_1_849' title='bbox 2338 5478 2589 5530; x_wconf 85' lang='grc' dir='ltr'><strong>Ἰουδαίαν</strong></span> <span class='ocrx_word' id='word_1_850' title='bbox 2615 5477 2719 5528; x_wconf 71' lang='grc' dir='ltr'><strong>οὐδ’</strong></span> <span class='ocrx_word' id='word_1_851' title='bbox 2764 5475 2953 5545; x_wconf 86' lang='grc' dir='ltr'><strong>ἐτέραν</strong></span> <span class='ocrx_word' id='word_1_852' title='bbox 2995 5469 3130 5524; x_wconf 75' lang='grc' dir='ltr'><strong>εἶναι</strong></span> <span class='ocrx_word' id='word_1_853' title='bbox 3160 5472 3257 5541; x_wconf 85' lang='grc' dir='ltr'><strong>τῆς</strong></span> <span class='ocrx_word' id='word_1_854' title='bbox 3289 5471 3658 5524; x_wconf 88' lang='grc' dir='ltr'><strong>Παλαιστίνων</strong></span> <span class='ocrx_word' id='word_1_855' title='bbox 3675 5465 3862 5538; x_wconf 77' lang='grc' dir='ltr'><strong>χώρας,</strong></span> 
     </span>
    </p>
   </div>
   <div class='ocr_carea' id='block_1_113' title="bbox 2326 5556 3846 5644">
    <p class='ocr_par' dir='ltr' id='par_1_113' title="bbox 2326 5556 3846 5644">
     <span class='ocr_line' id='line_1_113' title="bbox 2326 5556 3846 5644; baseline -0.009 -23"><span class='ocrx_word' id='word_1_856' title='bbox 2326 5569 2536 5621; x_wconf 77' lang='grc' dir='ltr'><strong>καὶτὸν</strong></span> <span class='ocrx_word' id='word_1_857' title='bbox 2577 5569 2736 5621; x_wconf 88' lang='grc' dir='ltr'><strong>τόπον</strong></span> <span class='ocrx_word' id='word_1_858' title='bbox 2780 5564 2871 5618; x_wconf 84' lang='grc' dir='ltr'><strong>τοῦ</strong></span> <span class='ocrx_word' id='word_1_859' title='bbox 2913 5563 3067 5625; x_wconf 88' lang='grc' dir='ltr'><strong>Θεοῦ,</strong></span> <span class='ocrx_word' id='word_1_860' title='bbox 3106 5562 3202 5631; x_wconf 81' lang='grc' dir='ltr'><strong>τὴν</strong></span> <span class='ocrx_word' id='word_1_861' title='bbox 3239 5562 3328 5614; x_wconf 79' lang='grc' dir='ltr'><strong>ἐπὶ</strong></span> <span class='ocrx_word' id='word_1_862' title='bbox 3353 5565 3455 5634; x_wconf 77' lang='grc' dir='ltr'><strong>γῆς</strong></span> <span class='ocrx_word' id='word_1_863' title='bbox 3509 5556 3846 5644; x_wconf 76' lang='grc' dir='ltr'><strong>Ἰερουσαλήμ</strong></span> 
     </span>
    </p>
   </div>
   <div class='ocr_carea' id='block_1_114' title="bbox 2327 5653 3866 5730">
    <p class='ocr_par' dir='ltr' id='par_1_114' title="bbox 2327 5653 3866 5730">
     <span class='ocr_line' id='line_1_114' title="bbox 2327 5653 3866 5730; baseline -0.008 -18"><span class='ocrx_word' id='word_1_864' title='bbox 2327 5659 2680 5730; x_wconf 78' lang='grc' dir='ltr'><strong>ἐπειδήπερὴ</strong></span> <span class='ocrx_word' id='word_1_865' title='bbox 2723 5655 2978 5728; x_wconf 78' lang='grc' dir='ltr'><strong>Ἐθραῖκὴ</strong></span> <span class='ocrx_word' id='word_1_866' title='bbox 3019 5653 3161 5718; x_wconf 81' lang='grc' dir='ltr'><strong>λέξις</strong></span> <span class='ocrx_word' id='word_1_867' title='bbox 3199 5655 3440 5724; x_wconf 85' lang='grc' dir='ltr'><strong>περιέχει</strong></span> <span class='ocrx_word' id='word_1_868' title='bbox 3469 5656 3528 5708; x_wconf 81' lang='grc' dir='ltr'><strong>ὲν</strong></span> <span class='ocrx_word' id='word_1_869' title='bbox 3564 5653 3745 5722; x_wconf 76' lang='grc' dir='ltr'><strong>Σαλὴμ</strong></span> <span class='ocrx_word' id='word_1_870' title='bbox 3784 5667 3866 5716; x_wconf 68' lang='grc' dir='ltr'><strong>γει</strong></span> 
     </span>
    </p>
   </div>
   <div class='ocr_carea' id='block_1_115' title="bbox 1446 5811 3412 5886">
    <p class='ocr_par' dir='ltr' id='par_1_115' title="bbox 1446 5811 3412 5886">
     <span class='ocr_line' id='line_1_115' title="bbox 1446 5811 3412 5886; baseline -0.006 -14"><span class='ocrx_word' id='word_1_871' title='bbox 1446 5817 1490 5848; x_wconf 67' lang='grc' dir='ltr'><strong>³ο</strong></span> <span class='ocrx_word' id='word_1_872' title='bbox 1531 5816 1545 5868; x_wconf 98' lang='lat' dir='ltr'><strong>l</strong></span> <span class='ocrx_word' id='word_1_873' title='bbox 1580 5817 1703 5874; x_wconf 88' lang='lat' dir='ltr'><strong>Cor.</strong></span> <span class='ocrx_word' id='word_1_874' title='bbox 1743 5837 1829 5883; x_wconf 80' lang='lat' dir='ltr'><strong>xv,</strong></span> <span class='ocrx_word' id='word_1_875' title='bbox 1860 5821 1950 5886; x_wconf 70' lang='lat'><strong>25,</strong></span> <span class='ocrx_word' id='word_1_876' title='bbox 1984 5820 2072 5873; x_wconf 70' lang='lat'><strong>24.</strong></span> <span class='ocrx_word' id='word_1_877' title='bbox 2152 5821 2189 5849; x_wconf 58' lang='grc'><strong>⁵⁷</strong></span> <span class='ocrx_word' id='word_1_878' title='bbox 2233 5818 2412 5871; x_wconf 71' lang='lat' dir='ltr'><strong>Matth.</strong></span> <span class='ocrx_word' id='word_1_879' title='bbox 2454 5833 2610 5885; x_wconf 64' lang='lat' dir='ltr'><strong>XXVI,</strong></span> <span class='ocrx_word' id='word_1_880' title='bbox 2646 5816 2733 5871; x_wconf 77' lang='lat'><strong>9.9.</strong></span> <span class='ocrx_word' id='word_1_881' title='bbox 2812 5815 2854 5848; x_wconf 68' lang='grc'><strong>⁸⁸</strong></span> <span class='ocrx_word' id='word_1_882' title='bbox 2893 5813 3037 5870; x_wconf 81' lang='lat' dir='ltr'><strong>Psal.</strong></span> <span class='ocrx_word' id='word_1_883' title='bbox 3071 5827 3250 5877; x_wconf 82' lang='lat' dir='ltr'><strong>Lxxiv,</strong></span> <span class='ocrx_word' id='word_1_884' title='bbox 3284 5812 3336 5869; x_wconf 75' lang='grc'><strong>5.</strong></span> <span class='ocrx_word' id='word_1_885' title='bbox 3366 5811 3412 5861; x_wconf 77' lang='lat'><strong>6.</strong></span> 
     </span>
    </p>
   </div>
  </div>
