3950 6342
93 458 178 511 8⁸ῗῖ

1161 451 1650 507 ΕΟΜΜΕΝΤΑΒΙΔ
1689 453 1753 508 IN
1789 455 2118 511 PSALMOS.

3107 458 3224 529 s73

90 567 276 635 γονέναι
301 563 390 618 τδν
415 564 572 619 τόπον
595 564 772 618 αὑτοῦ·
804 565 899 623 καὶ
914 566 962 618 οἱ
993 565 1163 616 λοιποὶ
1199 566 1253 618 δὲ
1285 567 1605 636 ἑρμηνευταὶ

1704 565 1899 621 lsraele
1943 574 2094 632 sunt,
2136 565 2293 620 Israel
2327 582 2481 621 esse:
2532 583 2701 636 neque
2743 576 3004 636 quotquot
3045 585 3228 625 semen

89 659 252 711 ceuceu
281 659 617 728 ἡρμήνευσαν
641 659 728 710 τὸν
753 658 969 727 τρόπον,
997 657 1058 708 ἓν
1083 656 1291 725 Σαλὴμ
1318 658 1602 711 ἐκδεδωκό-

88 765 185 810 τες.
233 748 288 799 Ὀ
313 748 370 800 δὲ
390 750 500 810 τοῖς
525 747 684 809 eum;
703 747 930 816 δόγμασι
962 765 1023 811 με
1034 747 1448 816 μαθητευμένος,
1483 765 1597 800 παι-

89 838 292 900 δευθεὶς,
323 839 404 890 ὅτι
430 839 492 890 οὐ
523 837 720 900 πάντες
754 839 802 890 oi
832 837 889 902 te
947 837 1144 908 Ισραὴλ
1177 831 1321 890 οὗτοι
1367 839 1600 908 Ἰσραὴλ,

91 929 190 980 οὐδὲ
231 929 341 981 ὅσοι
382 929 596 999 σπέρμα
645 928 888 998 Ἀϐραάμ
924 933 1048 992 εισι,
1089 930 1285 991 πάντες
1322 930 1499 982 τέκνα·
1542 930 1601 981 οὐ

88 1017 179 1088 γὰρ
191 1017 256 1069 τὰ
273 1019 433 1070 τέκνα
456 1018 552 1086 τῆς
578 1019 771 1087 σαρκὸς
793 1017 958 1072 ταῦτα
978 1019 1135 1072 τέκνα
1185 1020 1275 1073 τοῦ
1305 1021 1456 1085 Θεοῦ,
1474 1021 1604 1074 ἀλλὰ

88 1105 147 1157 τὰ
167 1107 325 1158 τέκνα
366 1107 462 1175 τῆς
498 1105 819 1174 ἐπαγγελίας
850 1107 1114 1176 λογίζεται
1158 1111 1234 1170 είς
1265 1109 1497 1180 σπέρμα·
1527 1109 1602 1162 ἔτι

86 1211 136 1247 τε
172 1195 472 1258 ἐπακούσας
513 1195 605 1248 τοῦ
650 1197 810 1250 αὐτοῦ
857 1198 1166 1251 Ἀποστόλου
1207 1197 1470 1268 λέγοντος,
1525 1203 1604 1253 Οῠ

89 1283 182 1353 τὰρ
216 1289 248 1338 ὀ
289 1286 359 1338 ἐν
407 1284 486 1349 τῷ
508 1286 736 1355 φανερῷ
783 1287 1053 1354 Ἰουδαῖός
1082 1290 1269 1352 ἐστιν,
1303 1291 1440 1343 οὐδὲ
1474 1292 1511 1356 ἡ
1539 1292 1607 1343 ἐν

87 1372 154 1438 τῷ
178 1375 400 1444 φανερῷ
427 1377 495 1428 ἐν
525 1377 698 1443 σαρκὶ
731 1378 1024 1447 περιτομή·
1054 1379 1187 1433 ἀλλ’
1222 1382 1254 1432 ό
1276 1381 1344 1433 ἐν
1366 1379 1444 1444 τῷ
1467 1399 1604 1448 κρυ-

87 1464 196 1529 πτῷ
245 1465 534 1530 Ἰουδαῖος,
587 1467 682 1520 καὶ
724 1461 1002 1536 περιτομὴ
1052 1467 1294 1537 ᾱιαρδίας
1331 1470 1400 1522 ἐν
1434 1471 1606 1522 πνεύ-

83 1574 222 1624 ματι,
255 1559 323 1609 οὐ
351 1556 655 1625 γράμματι·
688 1553 760 1612 οὗ
794 1561 826 1610 ό
862 1558 1102 1622 ἔπαινος
1139 1559 1247 1611 οὐκ
1287 1557 1354 1621 ἐξ
1393 1558 1606 1626 ἀνθρώ-

88 1661 216 1712 πων,
261 1648 391 1700 ἀλλ’
432 1647 499 1698 ἐκ
542 1645 648 1699 τοῦ
694 1647 871 1701 Θεοῦ·
904 1649 994 1700 καὶ
1039 1648 1215 1702 πάλιν·
1270 1647 1455 1716 Ἡμεῖς
1497 1647 1605 1716 γάρ

85 1741 252 1807 ἐσμεν
278 1740 346 1791 ἐν
374 1738 654 1810 περιτομῇ
686 1743 738 1794 oi
765 1741 834 1793 ἐν
865 1740 1149 1808 πνεύματι
1189 1737 1334 1791 Θεοῦ
1361 1739 1606 1805 λατρεύ-
1651 1811 1654 1813 Α

85 1847 253 1895 οντες,
285 1830 378 1884 καὶ
403 1834 510 1885 οὐκ
542 1832 609 1885 ἐν
635 1830 806 1900 σαρκὶ
833 1831 1192 1893 πεποιθότες·
1233 1827 1310 1880 ἔτι
1352 1829 1455 1898 μὴν
1491 1829 1608 1880 ἐπι-

86 1923 267 1989 στήσας
291 1923 370 1985 τὺ,
403 1921 658 1975 Βλέπετε
701 1920 803 1974 τὸν
845 1920 1075 1988 Ἰσραὴλ
1106 1919 1255 1972 κατὰ
1282 1918 1492 1987 σάρκα,
1531 1921 1605 1984 ὡς

86 2013 250 2083 ἑτέρου
281 2012 429 2076 ὄντος
458 2011 550 2064 τοῦ
581 2013 653 2082 μὴ
677 2011 815 2064 κατὰ
848 2012 1040 2079 σάρκα,
1075 2010 1208 2063 ἀλλὰ
1228 2009 1366 2062 κατὰ
1394 2011 1605 2081 πνεῦμα

84 2104 310 2172 ἀληθινοῦ
353 2104 580 2174 Ἰσραήλ·
607 2103 810 2166 τούτοις
842 2101 1333 2173 μεμαθητευμὲνος,
1363 2101 1450 2152 τὸν
1481 2099 1607 2170 ἁλη-

86 2196 208 2248 θινὸν
251 2195 457 2265 Ἰσραὴλ
486 2182 754 2258 ἐκδέξεται
783 2190 918 2248 εἶναι
947 2194 1043 2246 τὸν·
1067 2194 1130 2246 ὲκ
1164 2191 1256 2245 τοῦ
1292 2193 1608 2264 πράγματος

87 2276 470 2357 σημαινόμενον.
504 2284 984 2355 Μεταλαμϐάνεται
1007 2282 1135 2352 γοῦν
1161 2283 1391 2354 τοῦνομα
1416 2286 1493 2356 είς
1518 2284 1605 2336 τὸν

84 2380 270 2449 ὁρῶντα
294 2380 381 2432 τὸν
412 2379 558 2432 Θεόν·
588 2378 681 2431 τὸν
719 2377 1016 2448 διορατικδν
1057 2376 1232 2430 τοίνυν
1259 2376 1351 2429 καὶ⁸
1381 2367 1603 2444 γνωστι-

86 2469 163 2521 κὸν
185 2472 274 2521 καὶ
304 2466 714 2538 ἐπιστημονικὸν
743 2466 906 2536 ἄνδρα
945 2467 1100 2537 μόνον
1138 2460 1272 2519 εἶναι
1309 2450 1396 2516 τδν
1426 2465 1606 2534 ἀληθι-

84 2560 157 2609 νὸν
188 2561 392 2630 Ἰσραὴλ
413 2560 781 2626 ἀπφανεῖται·
806 2557 862 2609 ὃν
885 2559 917 2626 ἡ
949 2554 1085 2626 μετὰ
1108 2559 1291 2624 χεῖρας
1315 2554 1603 2623 παρίστησι

85 2648 207 2712 λέξις
249 2650 543 2718 φάσκουσα·
593 2650 686 2700 Ἐν
724 2646 802 2711 τῷ
846 2646 1081 2715 Ἰσραὴλ
1121 2644 1271 2713 μέγα
1314 2644 1378 2698 τὸ
1423 2645 1604 2712 ὄνομα

83 2738 265 2793 αὑτοῦ.
303 2739 539 2807 Ἐλέγχει
569 2737 627 2790 δὲ
654 2737 742 2790 τὸν
779 2737 1022 2790 Ἰουδαῖον
1051 2732 1328 2799 οὐχ’ᾶξιον
1358 2735 1482 2789 ὄντα
1505 2734 1603 2804 τῆς

87 2829 426 2902 προσηγορίας
457 2828 551 2880 τοῦ
586 2827 797 2898 Ἰσραὴλ
841 2830 869 2881 ὁ
913 2829 1240 2898 προφητικὸς
1281 2827 1434 2895 λόγος
1473 2826 1604 2878 ἀπο-

83 2921 359 2993 τεινόμενος
379 2921 515 2993 πρὸς
534 2921 724 2983 αὐτοὺς
748 2921 838 2973 καὶ
858 2919 1044 2988 λέγων·
1073 2906 1214 2972 Orici
1239 2919 1412 2984 ἔθνος
1434 2918 1606 2987 ἁμαρ·

83 3012 272 3078 mer,
312 3011 460 3076 λαὸς
495 2994 728 3079 πλήρης
767 3007 1073 3078 ἁμαρτιῶν·
1133 3009 1246 3072 καὶ,
1295 3009 1605 3062 Ἀκούσατε

85 3092 248 3169 λόγον
279 3105 516 3172 Κεφ-³ου,
544 3101 823 3171 ἄρχοντες
850 3100 1139 3169 Σοδόμων·
1167 3099 1486 3169 προσέχετε
1508 3099 1604 3152 νό-

81 3211 181 3260 μον
209 3195 369 3256 Θεοῦ,
417 3195 564 3259 λαός
593 3193 916 3261 Γομόρρας.
954 3193 1159 3264 Ὥσπερ
1202 3187 1292 3246 οὖν
1327 3192 1354 3244 ὁ
1386 3191 1602 3259 φάσκων

86 3284 193 3353 περὶ
221 3283 322 3336 τῶν
345 3282 531 3336 ἐθνῶν·
560 3282 698 3339 Διότι
727 3283 817 3334 ἀπ’
838 3281 1104 3335 ἀνατολῶν
1141 3282 1287 3352 ἡλίου
1330 3282 1486 3353 μέχρι
1514 3281 1603 3332 δυ-

86 3372 218 3440 σμῶν
239 3374 540 3437 δεδόξασται
571 3374 629 3426 τὸ
656 3373 821 3442 ὄνομα
852 3373 1012 3426 αὐτοῦ
1050 3376 1108 3425 ὲν
1142 3376 1249 3434 τοῖς
1288 3372 1480 3436 ἔθνεσι,
1511 3371 1605 3426 καὶ

82 3462 141 3513 ἐν
169 3462 338 3513 παντὶ
369 3462 527 3527 τόπῳ
556 3462 811 3530 θυμίαμα
854 3461 1208 3529 προσάγεται
1250 3461 1328 3525 τῷ
1368 3462 1605 3529 ὀνόματί

80 3569 200 3618 μου,
237 3553 332 3605 καὶ
369 3554 547 3605 θυσία
588 3551 826 3618 καθαρά·
868 3553 959 3604 καὶ
989 3552 1165 3604 πάλιν·
1194 3554 1344 3604 Διότι
1361 3550 1512 3618 μέγα
1540 3550 1605 3602 τὸ

86 3643 248 3711 ὄνομά
276 3661 390 3712 μου
422 3644 489 3695 ἐν
520 3642 640 3709 τοῖς
676 3643 892 3705 ἔθνεσι,
928 3641 1108 3710 σαφῶς
1136 3642 1421 3711 παρίστησι
1453 3641 1606 3693 δύνα-

86 3734 190 3788 σθαι
214 3735 281 3787 τὰ
302 3735 424 3807 ἔθνη
456 3730 589 3788 εἶναι
608 3735 696 3786 τὸν
732 3732 960 3804 Ἰσραὴλ,
995 3714 1148 3804 εἴπερ
1173 3733 1240 3784 ἐν
1261 3731 1339 3795 τῷ
1371 3730 1603 3799 Ἰσραὴλ

80 3823 214 3893 μέγα
239 3824 303 3878 τὸ
329 3825 512 3893 ὄνομα
533 3823 734 3878 αὑτοῦ.
763 3825 868 3877 Καὶ
899 3824 1030 3894 πρὸς
1058 3823 1152 3892 μὲν
1190 3821 1468 3884 Ἰουδαίους
1494 3822 1604 3873 ἐλέ-

84 3932 206 3981 γετο·
224 3915 402 3984 Ὑμεῖς
415 3911 810 3983 δὲβεϐηλοῦτε
822 3914 985 3978 αὑτὸν,
1004 3914 1156 3984 δῆλον
1175 3913 1218 3966 δ’
1243 3913 1397 3965 ὅτιτὸ
1441 3911 1604 3980 ὄνομα

83 4008 162 4061 τοῦ
186 4009 335 4063 Θεοῦ.
369 4011 478 4064 Καὶ
509 4006 657 4072 αὖθις
692 4008 900 4081 εἴρηται
943 4007 1076 4078 πρὸς
1108 4007 1318 4070 αὐτούς·
1354 4008 1430 4059 Δι’
1455 4003 1604 4073 ὑμᾶς

83 4097 385 4167 διαπαντὸς
421 4102 485 4155 τὸ
531 4100 713 4168 ὄνομά
755 4117 870 4168 μου
912 4098 1353 4166 βλασφημεῖται
1386 4097 1455 4150 ἐν
1485 4096 1606 4160 τοῖς

83 4191 319 4246 ἔθνεσιν.
363 4193 426 4245 Ei
462 4191 634 4243 τοίνυν
671 4193 702 4260 ἡ
741 4189 874 4258 μετὰ
920 4192 1102 4258 χεῖρας
1139 4189 1325 4258 Γραφὴ
1373 4187 1605 4240 διδάσκει

84 4283 265 4339 ἐκεῖνον
294 4277 428 4333 εἶναι
456 4281 542 4333 τὸν
587 4280 814 4350 Ἰσραὴλ,
849 4281 974 4348 παρ’
1000 4271 1042 4344 ᾧ
1070 4277 1129 4329 τὸ
1165 4276 1256 4329 τοῦ
1289 4277 1421 4330 Θεοῦ
1453 4275 1605 4340 δοξά-

84 4372 216 4436 ζεται
241 4373 428 4444 ὄνομα,
460 4375 523 4425 ὲκ
552 4371 658 4424 τῶν
685 4370 980 4441 εἰρημένων
1005 4368 1192 4436 γένοιτ’
1218 4370 1282 4422 ἂν
1315 4369 1605 4440 κατάδηλος

82 4465 107 4516 ὸ
141 4459 358 4532 ὀφείλων
406 4461 649 4530 λέγεσθαι
681 4460 878 4530 κυρίως
931 4460 1159 4531 Ἰσραήλ.
1221 4460 1513 4528 Ἀναλὸγως
1549 4461 1605 4513 δὲ

1701 656 1996 722 Abraham,
2035 657 2172 712 ﬁlios
2213 658 2333 726 ejus
2373 672 2491 711 esse
2528 677 2540 712 :
2574 673 2681 711 non
2711 658 2852 711 enim
2887 658 2978 713 ﬁlii
3008 663 3227 723 carnis,

1702 747 1736 799 ii
1769 747 1859 799 ﬁlii
1894 745 1984 801 Dei
2017 755 2173 809 sunt,
2206 745 2298 801 sed
2341 745 2432 799 ﬁlii
2478 747 2880 815 promissionis,
2926 746 2962 798 ii
3006 763 3103 815 pro
3144 763 3230 802 se-

1701 838 1844 891 mine
1876 846 2292 908 computantur;
2322 852 2442 891 cum
2476 838 2704 892 audierit
2744 838 2867 892 item
2911 839 3040 893 illud
3086 841 3231 910 Apo-

1703 924 1823 978 stoli
1854 925 2086 989 dictum,
2121 925 2243 978 Non
2275 926 2407 977 enim
2445 927 2530 994 qui
2572 927 2623 978 in
2669 927 2970 994 manifesto,
3012 928 3228 982 Juda’us

1701 1023 1810 1078 est,
1840 1031 1992 1083 neque
2021 1030 2133 1084 qua:
2161 1015 2212 1066 in
2248 1015 2522 1081 manifesto
2564 1017 2616 1067 in
2647 1033 2799 1068 carne
2835 1025 2910 1068 est
2957 1017 3230 1082 circumci-

1702 1105 1814 1165 sio;
1842 1107 1926 1157 sed
1948 1106 2034 1174 qui
2055 1107 2107 1156 in
2130 1105 2450 1166 abscondito,
2470 1104 2684 1159 Juda‘us
2709 1116 2820 1160 est:
2842 1117 2890 1160 et
2910 1104 3230 1161 circumcisio
3271 1177 3274 1180 _

1705 1194 1873 1247 cordis
1903 1196 1958 1247 in
1991 1195 2199 1262 spiritu,
2235 1211 2332 1246 non
2364 1195 2560 1259 littera,
2592 1196 2738 1264 cujus
2773 1198 2890 1251 laus
2919 1213 3020 1250 non
3049 1213 3111 1251 ex
3139 1197 3231 1250 Ιιο-

1705 1284 1959 1347 minibus,
1994 1285 2080 1337 sed
2113 1299 2176 1336 ea:
2210 1284 2316 1337 Deo
2343 1293 2420 1337 est
2454 1284 2525 1348 ";
2559 1299 2620 1339 ac
2662 1300 2909 1350 rursum,
2958 1285 3069 1340 Nos
3096 1289 3233 1340 enim

1704 1389 1879 1428 sumus
1906 1375 1962 1426 in
1989 1365 2376 1426 circumcisione
2401 1374 2487 1443 qui
2518 1376 2572 1426 in
2615 1375 2797 1442 spiritu
2831 1374 2925 1428 Dei
2948 1377 3192 1430 servimus
3214 1413 3230 1439 ,

1704 1480 1860 1533 neque
1900 1466 1953 1516 in
1999 1480 2154 1517 carne
2191 1464 2501 1534 conﬁdimus
2531 1466 2616 1531 ⁵⁰;
2654 1481 2774 1519 cum
2817 1466 3235 1521 consideraverit

1703 1555 1861 1607 etiam
1897 1554 2059 1618 illud,
2093 1553 2348 1620 Respicite
2389 1553 2561 1608 Israel
2600 1557 2879 1609 secundum
2927 1573 3132 1609 carnem
3161 1559 3229 1620 ⁸¹,

1673 1651 1885 1719 ,ιιιροιε
1924 1645 2126 1698 scilicet
2163 1645 2266 1698 alio
2303 1647 2627 1712 exsistente,
2657 1647 2746 1716 qui
2783 1663 2892 1700 non
2934 1648 3230 1702 secundum

1703 1748 1918 1789 carnem
1939 1773 1953 1798 ,
1986 1735 2079 1789 sed
2105 1735 2398 1790 secundum
2431 1737 2676 1805 spiritum
2706 1753 2866 1792 verus
2907 1738 3070 1793 Israel
3098 1748 3187 1793 est
3213 1757 3228 1806 ;

1703 1824 1816 1879 hac
1844 1825 2068 1881 edoctus
2087 1865 2101 1890 ,
2133 1842 2317 1882 verum
2348 1827 2594 1882 lsraelem
2623 1828 2866 1882 admittet
2895 1846 3016 1884 eum
3046 1831 3136 1899 qui
3164 1847 3231 1885 ex

1634 1904 1676 1959 Β
1704 1929 1864 1984 opere
1890 1916 2305 1972 demonstratur.
2333 1917 2535 1973 Nomen
2563 1933 2722 1988 porro
2749 1910 3008 1988 accipitur
3038 1936 3136 1990 pro
3165 1937 3232 1976 eo

1704 2008 1796 2077 qui
1827 2008 1960 2061 videt
1990 2009 2194 2072 Deum;
2223 2025 2350 2079 ergo
2390 2010 2561 2063 virum
2608 2012 2994 2080 perspicacem,
3038 2011 3232 2066 notitia

1703 2099 1981 2170 praeditum
2014 2107 2066 2155 et
2095 2101 2309 2155 doctum
2333 2141 2347 2165 ,
2391 2102 2560 2156 solum
2599 2117 2718 2156 esse
2759 2118 2943 2156 verum
2981 2102 3231 2158 lsraelem

1703 2190 2031 2256 declarabit,
2073 2192 2284 2260 qualem
2330 2191 2443 2246 haec
2480 2192 2748 2247 sententia
2791 2193 2968 2261 prodit
3013 2193 3228 2260 dicens,

1704 2281 1771 2335 In
1794 2280 1963 2352 Israel
1987 2297 2230 2351 magnum
2255 2299 2436 2354 nonien
2456 2282 2589 2350 ejus.
2613 2283 2822 2336 Evincit
2845 2299 2972 2337 vero
2992 2282 3231 2339 Judaeum

1702 2370 1913 2426 lsraelis
1940 2373 2159 2428 nomine
2186 2373 2403 2444 dignum
2433 2389 2538 2428 non
2578 2385 2688 2428 esse
2716 2375 3073 2443 prOpbeticus
3119 2390 3233 2429 ser-

1702 2475 1823 2525 mo,
1853 2460 1946 2530 qui
1977 2462 2124 2531 ipsos
2151 2462 2372 2531 respicit
2403 2470 2455 2516 et
2482 2463 2560 2518 sic
2591 2463 2753 2517 habet
2782 2483 2792 2517 :
2836 2463 2921 2515 Va:
2949 2464 3088 2532 genti
3117 2479 3234 2532 pec-

1702 2549 1885 2602 catrici
1905 2588 1920 2612 ,
1944 2550 2306 2618 populo'pieno
2339 2552 2560 2618 peccatis
2596 2553 2640 2583 ⁵²
2663 2569 2677 2619 ;
2703 2562 2784 2618 et,
2813 2550 3002 2604 Audite
3029 2551 3234 2604 uerbum

1701 2637 1932 2708 Domini,
1961 2642 2213 2708 principes
2264 2640 2644 2696 Sodomorum:
2689 2641 2937 2696 attendite
2969 2642 3069 2712 legi
3098 2641 3232 2706 Dei,

1701 2731 1916 2799 populus
1941 2724 2244 2786 Gomorrlue
2270 2731 2336 2783 ".
2373 2730 2829 2796 Quemadmodum
2862 2733 3022 2785 etiam
3050 2733 3141 2800 qui
3168 2732 3235 2786 de

1703 2820 1949 2889 gentibus
1972 2820 2135 2884 dicit,
2167 2820 2470 2874 ab'oriente
2531 2820 2642 2874 sole
2694 2835 2861 2888 usque
2888 2821 2951 2874 ad
2979 2819 3232 2875 occiden-

1703 2893 1843 2973 tem],
1877 2909 2042 2979 gloria
2071 2909 2332 2965 celebrari
2370 2924 2559 2964 nomen
2593 2925 2748 2962 suum
2778 2911 2832 2963 in
2861 2911 3107 2978 gentibus
3135 2928 3149 2975 ;
3181 2921 3230 2965 et

1703 3003 1756 3054 in
1788 3001 1926 3054 omni
1956 3001 2064 3055 loco
2087 3041 2101 3064 ,
2131 3002 2233 3065 ait,
2271 3002 2553 3069 thymiama
2582 3001 2794 3069 offertur
2824 3003 3018 3054 nomini
3045 3020 3153 3056 meo
3182 3015 3231 3056 et

1704 3092 2019 3159 sacriﬁcium
2047 3092 2295 3144 mundum
2324 3091 2368 3123 ⁸⁸⁵
2391 3110 2405 3157 ;
2435 3103 2496 3146 ac
2523 3107 2737 3146 rursum
2759 3131 2773 3155 ,
2816 3092 2951 3157 Quia
2993 3109 3234 3163 magnum
3260 3147 3276 3161 ,

1704 3189 1779 3233 est
1803 3196 1985 3234 nomen
2007 3196 2175 3233 meum
2195 3181 2246 3233 in
2269 3180 2501 3248 gentibus
2521 3180 2599 3245 '5;
2626 3187 2804 3247 aperte
2827 3179 3059 3232 declarat
3080 3195 3237 3248 posse

1705 3278 1891 3340 gentes
1918 3270 2082 3325 Israel
2111 3286 2262 3334 esse,
2296 3270 2558 3338 siquidem
2589 3270 2642 3320 in
2677 3268 2842 3321 Israel
2872 3287 3112 3340 magnum
3143 3287 3237 3324 no-

1704 3379 1818 3415 men
1847 3362 1979 3429 ejus.
2009 3359 2207 3415 Judaeis
2235 3375 2362 3414 vero
2392 3358 2704 3414 dicebatur:
2744 3356 2841 3410 Vos
2874 3369 3043 3410 autem
3066 3358 3240 3426 profa-

1703 3454 1842 3506 natis
1864 3452 1996 3507 illud
2022 3454 2088 3516 “,
2119 3451 2364 3506 videlicet
2393 3464 2585 3504 nomen
2616 3445 2726 3501 Dei.
2758 3445 3100 3521 Rursumque
3132 3450 3238 3504 illis

1701 3545 1907 3597 dictum
1951 3553 2068 3598 est:
2094 3543 2312 3610 Propter
2349 3558 2435 3594 vos
2472 3553 2664 3606 semper
2691 3554 2869 3592 nomen
2899 3554 3065 3590 meum
3095 3539 3238 3592 blas-

1702 3634 1976 3700 phematur
2013 3635 2066 3686 in
2108 3635 2340 3702 gentibus
2371 3633 2435 3684 ⁵⁷.
2473 3631 2529 3685 Si
2573 3632 2751 3698 itaque
2798 3624 2911 3681 haec
2961 3626 3236 3707 Scriptura

1701 3724 1856 3777 docet
1885 3724 2034 3776 illum
2067 3740 2185 3779 esse
2229 3723 2476 3779 lsraclem
2520 3737 2682 3791 penes
2730 3735 2886 3789 quem
2920 3735 3114 3774 nomen
3144 3720 3238 3774 Dei

1704 3815 2144 3877 celebratur,“
2179 3814 2289 3882 jam
2337 3814 2498 3867 dictis
2544 3812 2884 3867 manifestum
2937 3811 3097 3865 fuerit
3145 3813 3238 3880 qui

1702 3921 1827 3962 vere
1873 3913 1926 3960 et
1971 3905 2186 3974 proprie
2231 3904 2395 3959 lsrael
2438 3907 2709 3959 vocandus
2738 3904 2826 3957 sit.
2883 3902 3239 3972 Proportione

1703 3996 1931 4066 quadam
1966 3994 2032 4050 de
2060 3983 2241 4048 Judara
2277 3995 2415 4049 idem
2451 3995 2735 4064 intelligas.
2767 3984 2899 4046 Nam
2934 3993 3023 4045 ubi
3055 3993 3241 4062 (εοεηὶ-

1703 4086 1780 4139 ιίο
1823 4083 1917 4139 Dei
1965 4091 2080 4148 est,
2129 4083 2204 4138 ibi
2253 4081 2435 4138 Judaea
2481 4082 2712 4137 exsistit.
2761 4080 2914 4148 Quod
2950 4081 3034 4150 his
3059 4081 3239 4144 verbis

1667 4214 1671 4216 ~
1706 4178 1983 4246 Scriptura
2026 4176 2300 4230 declarat:
2339 4173 2510 4228 Notus
2551 4175 2606 4226 in
2649 4172 2839 4227 Judaza
2882 4171 3040 4225 Deus.
3087 4172 3240 4237 Quod

1705 4269 1751 4324 si
1781 4269 1832 4322 id
1865 4283 1972 4322 non
1996 4268 2052 4321 in
2080 4266 2261 4321 Judtea
2283 4307 2296 4329 ,
2331 4266 2442 4320 sive
2473 4265 2526 4320 in
2554 4258 2958 4320 Palestinorum
2988 4274 3129 4318 terra
3158 4277 3244 4318 re-

1707 4361 1927 4430 peritur,
1977 4374 2097 4413 cum
2133 4359 2299 4431 multa
2344 4357 2414 4410 ibi
2461 4356 2761 4410 idololatria
2814 4352 2995 4419 fuerit,
3027 4353 3243 4424 quando

1706 4453 1830 4504 olim
1875 4449 2040 4527 Judaei
2091 4449 2231 4503 idola
2275 4447 2557 4512 colebant,
2593 4450 2664 4498 ita
2695 4454 2752 4499 ut
2784 4446 3056 4513 prophetae
3095 4445 3242 4512 ipsos

82 4555 238 4626 τούτῳ
269 4555 474 4626 νοήσεις
501 4554 592 4606 καὶ
616 4551 711 4622 τὴν
757 4551 1028 4603 Ἰουδαίαν·
1073 4550 1197 4604 ἔνθα
1234 4550 1339 4621 γάρ
1385 4553 1526 4602 ἐστιν
1571 4552 1602 4621 ἡ

1708 4549 2060 4612 coarguerent
2087 4556 2147 4596 ac
2175 4540 2414 4604 dicerent
2434 4578 2448 4600 ,
2489 4535 2626 4591 Nam
2658 4535 2934 4590 secundum
2971 4553 3240 4589 numerant

86 4624 261 4713 γνῶσις
288 4624 380 4698 τοῦ
414 4642 564 4709 Θεοῦ,
595 4641 729 4712 αὓτη
764 4641 906 4693 ἐστὶν
932 4645 964 4712 ὴ
1010 4641 1252 4694 Ἰουδαία.
1287 4641 1450 4693 Τοῦτο
1480 4641 1606 4709 γοῦν

1711 4633 1974 4686 civitatum
2012 4641 2220 4683 tuarum
2251 4637 2396 4681 erant
2429 4625 2505 4678 dii
2546 4627 2639 4689 tui,
2676 4624 2819 4679 Juda
2839 4665 2853 4690 ,
2885 4635 2932 4678 et
2962 4625 3242 4703 secundum

85 4737 114 4805 ἠ
147 4737 328 4808 Γραφὴ
366 4736 653 4807 παρίστησι
685 4733 928 4800 λέγουσα·
958 4731 1235 4796 Γνωστὸς
1262 4731 1330 4784 ὲν
1361 4730 1432 4797 τῇ
1473 4732 1609 4784 Ἰου-

84 4828 203 4896 δαίᾳ
228 4833 260 4882 ό
294 4829 452 4893 Θεός.
485 4828 546 4879 Εἰ
573 4827 627 4879 δὲ
661 4825 732 4895 μὴ
756 4825 814 4876 τὸ
837 4824 1062 4894 πρᾶγμα
1091 4821 1180 4875 ἐπὶ
1204 4826 1299 4894 τῆς
1318 4822 1604 4886 -Ἰουδαίας,

85 4915 209 4985 λέγω
225 4920 280 4972 δὲ
299 4920 394 4988 τῆς
416 4917 777 4970 Παλαιστίνων
801 4913 977 4984 χώρας
1003 4913 1319 4981 εὑρίσκοιτο,
1353 4913 1606 4983 πλείστης

86 5007 230 5078 οὔσης
257 5008 683 5079 εἰδωλολατρείας
707 5007 764 5060 ὲν
790 5007 921 5076 αὐτῇ
947 5004 1255 5074 γενομένης,
1279 5004 1454 5057 αὐτῶν
1486 5005 1606 5069 Ἰου·

88 5100 229 5153 δαίων
254 5100 319 5152 τὸ
342 5101 557 5153 παλαιὸν
582 5097 1118 5169 είδωλολατρευόντων
1141 5096 1196 5146 ὲν
1219 5095 1373 5163 αὐτῇ,
1395 5095 1468 5155 ὡς
1488 5097 1610 5158 τοὺς

88 5194 350 5262 προφήτας
386 5191 700 5260 ἀπελέγχειν
743 5191 934 5252 αὐτοὺς
969 5187 1062 5239 καὶ
1098 5185 1294 5252 λέγειν·
1320 5185 1478 5236 Κατὰ
1502 5184 1612 5252 γὰρ

89 5284 176 5333 τὶν
197 5273 440 5350 ἀριθμὸν
467 5278 583 5332 τῶν
608 5278 841 5334 πόλεών
868 5294 980 5332 σου
1005 5273 1163 5346 ἦσαν
1183 5274 1303 5326 θεοί
1324 5287 1437 5325 σου
1478 5275 1609 5326 Ἰού-

88 5373 167 5438 δα,
188 5372 282 5426 καὶ
311 5372 456 5424 κατὰ
475 5359 711 5438 ἀριθμὸν
730 5369 1004 5439 (ipsodde
1034 5363 1407 5435 Ἰερουσαλὴμ
1432 5364 1609 5416 ἔθυον

88 5464 150 5532 τῇ
180 5462 356 5518 Βαάλ·
386 5460 500 5522 πῶς
521 5460 736 5513 δυνατὸν
760 5461 959 5531 ταύτην
997 5455 1129 5512 εἷναι
1155 5452 1401 5524 λέγεσθαι
1422 5452 1518 5522 τὴν
1545 5453 1604 5505 τὸ

91 5550 304 5614 γνωστὸν
331 5546 424 5600 τοῦ
453 5544 586 5598 Θεοῦ
616 5547 948 5615 κεκτημένην
980 5545 1263 5608 Ἰουδαίαν;
1311 5539 1408 5594 Διὰ
1452 5540 1504 5593 τί
1545 5540 1620 5594 δὲ-

151 5764 192 5796 “
223 5765 374 5820 Rom.
431 5765 605 5830 “,28,
640 5719 728 5820 29..
804 5765 848 5797 "
886 5764 1098 5834 Philipp

95 5832 167 5888 Η.
237 5836 280 5868 ⁸⁵
317 5836 448 5892 ibid.
523 5835 568 5868 ”
602 5837 730 5892 ibid.
767 5834 849 5888 1'2.
924 5836 966 5866 ⁸⁷
999 5831 1102 5890 lsa.
1144 5849 1236 5899 ι.ιι,
1281 5831 1329 5881 ς.

1711 4737 1979 4776 numerum
2037 4720 2287 4772 biviorum
2360 4713 2653 4768 Jerusalem
2711 4715 3080 4784 sacriﬁcabant
3147 4716 3246 4780 ipsi

1711 4815 1846 4867 Baai
1876 4813 1940 4872 ³⁸,
1970 4810 2061 4878 qui
2095 4808 2207 4860 ﬁeri
2235 4816 2410 4876 potest
2439 4807 2574 4859 hanc
2604 4805 2706 4858 dici
2736 4801 2973 4859 Judeam
3011 4821 3126 4873 quae
3154 4819 3244 4861 no-

1710 4904 1880 4956 titiam
1915 4899 2004 4953 Dei
2040 4897 2320 4951 obtineat?
2349 4896 2458 4950 Cur
2486 4897 2614 4950 item
2640 4910 2746 4950 non
2782 4896 2932 4950 dicas
2963 4894 3241 4964 Egyptio.

1708 5011 1824 5048 rum
1856 4992 2124 5061 regionem
2153 5004 2217 5044 eo
2245 4990 2504 5044 vocabulo
2532 4990 2776 5058 dignam,
2807 4989 2872 5042 de
2902 5002 3004 5055 qua
3040 4987 3242 5043 dictum

1708 5094 1820 5150 est,
1863 5081 1931 5135 Et
1959 5081 2054 5134 erit
2086 5080 2250 5134 altare
2282 5080 2499 5133 Domino
2534 5081 2585 5132 in
2620 5089 2755 5131 terra
2800 5076 3014 5146 ngypti
3043 5077 3124 5141 ";
3177 5091 3240 5127 at:

1709 5189 1926 5236 rursus,
1977 5171 2043 5224 Et
2071 5182 2224 5226 notus
2270 5173 2367 5225 erit
2411 5169 2660 5223 Dominus
2690 5166 2998 5236 [Εσυριίἱεῖ
3031 5163 3161 5217 Nam
3195 5167 3241 5219 si

1709 5281 1869 5337 penes
1907 5280 2000 5319 eos
2032 5265 2228 5334 quibus
2264 5271 2422 5318 notus
2457 5270 2538 5317 est
2574 5259 2713 5315 ῐιωε
2742 5258 2921 5313 Ιιιιιιεε
2951 5257 3240 5325 reperitur,

1707 5354 1835 5425 quid
1880 5355 2134 5423 impediat
2177 5353 2465 5423 quominus
2513 5366 2700 5406 omnes
2749 5347 2838 5417 qui
2880 5346 3239 5415 cognitionem
3341 5421 3345 5425 '

1710 5447 1801 5502 Dei
1830 5454 2150 5514 acceperunt
2173 5445 2228 5498 in
2249 5443 2431 5498 Iudaea
2456 5459 2576 5498 esse
2604 5436 2891 5496 dicantur?
2917 5437 3094 5502 Quare
3118 5451 3242 5488 con-

1707 5545 1988 5607 sequenter
2016 5531 2081 5591 ad
2109 5537 2319 5600 isthtec,
2346 5533 2586 5589 Ecclesia
2616 5531 2706 5586 Dei
2735 5545 2830 5600 per
2857 5536 3028 5584 totum
3056 5527 3239 5584 orbem

1104 5804 1116 5817 .
1153 5778 1236 5826 ιιι,
1273 5763 1327 5814 5.
1401 5760 1443 5791 ⁵¹
1483 5758 1606 5814 lCo

1701 5757 1868 5821 [,18.
1952 5758 1998 5788 η
2038 5756 2140 5810 lsa.
2179 5755 2344 5826 1,4.7
2411 5756 2456 5787 ει
2490 5719 2626 5809 ibid.
2661 5752 2745 5810 ιο.
2844 5752 2888 5784 ιι
2928 5747 3149 5805 Malach.
3186 5762 3238 5815 ι,

1433 5827 1612 5900 "_Jcr.
1651 5846 1720 5896 ιι,
1751 5828 1840 5883 28.
1914 5826 1956 5859 "
1997 5827 2099 5883 lsa.
2136 5842 2253 5893 xix,
2293 5825 2374 5879 19.
2440 5875 2446 5881 .
2492 5837 2494 5841 ·
