3950 6342
722 433 823 488 87S
1385 427 1640 483 EUSEBII
1677 427 2135 484 CIESARIENSIS
2171 431 2310 488 OPP.
2357 435 2527 491 PARS
2562 434 2645 488 lll.
2673 465 2738 476 —-
2761 432 3152 487 EXEGETICA.

713 549 996 603 constituta
1017 587 1029 610 ,
1059 548 1110 599 in
1134 559 1235 614 qua
1261 544 1352 614 qui
1385 555 1465 598 est
1498 560 1657 614 super
1686 545 1862 598 omnia
1894 543 2030 599 Deus
2059 554 2176 598 notu

2271 566 2286 606 ι
2314 549 2409 600 οὐκ
2440 550 2501 601 ἂν
2527 549 2693 608 εῐποις
2726 546 2820 615 τὴν
2847 545 3142 612 Αἰγυπτίων
3173 543 3346 612 χώραν
3373 542 3523 606 ἀξίαν
3548 545 3642 613 τῆς
3667 563 3808 616 προσ-

709 647 826 698 est,
861 635 1036 689 Judma
1066 641 1416 704 congruenter
1444 634 1550 687 dici
1579 634 1766 702 possit.
1799 631 1978 701 Neque
2006 633 2176 687 aberre

2312 637 2552 705 ηγορίας,
2581 636 2703 705 περὶ
2735 631 2799 705 ἦς
2826 632 3048 704 είρηται⁸
3083 633 3189 684 Καὶ
3219 632 3382 684 ἔσται
3410 635 3809 700 θυσιαστήριον

663 751 667 754 η
712 732 756 781 si
787 729 931 781 dicas
965 725 1204 779 Judaeam
1229 739 1374 789 esse,
1408 732 1570 776 tutam
1603 722 1859 775 divinitus
1903 722 2176 790 inspirata:

2311 723 2386 786 τῷ
2413 726 2601 792 Κυρίῳ
2629 725 2694 776 ἐν
2722 723 2880 791 χώρᾳ
2902 723 3214 791 Αἰγύπτου·
3242 723 3332 774 καὶ
3356 719 3524 787 αὖθις·
3554 722 3660 774 Kal
3685 741 3806 789 γνω-

654 824 658 827 ’
707 827 761 870 et
789 815 1058 869 Judaicam
1091 815 1435 882 scripturam,
1460 828 1578 881 qua:
1603 826 1697 865 ceu
1728 811 1994 880 possessio
2023 819 2075 863 et
2101 825 2176 863 am

2307 813 2450 878 στὸς
2474 813 2637 866 ἔσται
2665 814 2871 881 Κύριος
2906 811 3026 875 τοῖς
3064 812 3422 877 Αἰγυπτίοις;
3451 813 3510 863 Εἰ
3556 812 3661 881 γὰρ
3699 814 3804 880 παρ’

707 907 847 960 bitus
879 907 986 958 veri
1020 905 1226 959 lsraelis
1259 903 1554 971 nuncupari
1596 887 1799 970 potest,
1844 901 1968 969 quia
2009 900 2061 953 in
2095 900 2176 968 ips

2305 895 2382 963 οἷς
2407 903 2634 968 γνωστός
2663 904 2803 954 ἐστιν
2823 904 2849 953 6
2871 899 2997 963 Θεὸς
3026 901 3169 971 παρὰ
3189 901 3389 964 τούτοις
3419 905 3509 955 καὶ
3533 905 3565 972 ή
3604 904 3803 955 Ἰουδαία

706 996 936 1063 cognitio
958 994 1050 1046 Dei
1075 994 1394 1047 continetur.
1425 990 1546 1043 Pari
1575 991 1752 1059 itaque
1784 991 1938 1043 modo
1967 1003 2087 1042 vera
2115 988 2176 1042 Ju

2306 991 2569 1059 τυγχάνει,
2610 990 2660 1041 τί
2695 989 2752 1040 τὸ
2795 987 2993 1040 κωλῦον
3022 988 3093 1057 μὴ
3130 989 3327 1052 πάντας
3354 991 3475 1051 τοὺς
3504 980 3600 1060 τὴν
3629 992 3803 1057 γνῶσιν

704 1084 811 1135 daea
843 1093 896 1136 et
926 1098 1082 1137 verus
1109 1082 1266 1135 Israel
1295 1081 1632 1149 intelligatur.

2308 1079 2647 1148 ἀνειληφότας
2677 1078 2767 1131 τοῦ
2799 1080 2927 1132 Θεοῦ
2959 1083 3012 1130 ἐν
3041 1083 3101 1148 τῇ
3148 1081 3362 1150 Ἰουδαίᾳ
3385 1077 3517 1134 εἶναι
3547 1081 3800 1147 λέγεσθαι;

700 1177 912 1239 Τούτοις
944 1173 1032 1228 οὖν
1063 1176 1326 1241 ἀναλόγως
1359 1175 1447 1226 καὶ
1484 1177 1514 1243 ἡ
1549 1173 1663 1226 καθ’
1689 1173 1810 1242 ὅλης
1841 1171 1937 1240 τῆς
1966 1170 2275 1242 οἰκουμένης
2308 1171 2591 1242 Ἐκκλησία
2617 1173 2766 1236 Θεοῦ,
2792 1175 2845 1225 ὲν
2965 1173 2992 1222 6
3027 1172 3115 1223 ἐπὶ
3169 1173 3373 1225 πάντων
3401 1172 3528 1233 Θεὸς
3588 1173 3800 1239 γνωστὸς

697 1265 769 1318 ὣν
801 1267 1064 1334 τυγχάνει,
1107 1266 1325 1318 Ἰουδαία
1351 1282 1407 1316 τε
1437 1263 1661 1330 εὐλόγως
1691 1262 1755 1314 ἂν
1793 1261 1994 1331 ῥηθείη.
2057 1263 2163 1313 Οὐκ
2217 1261 2278 1313 ἂν
2311 1261 2364 1313 δὲ
2395 1262 2650 1332 ἁμάρτοις
2695 1264 2944 1316 Ἰουδαίαν
2980 1259 3112 1316 εἷναι
3156 1264 3320 1330 λέγων
3368 1265 3544 1315 πᾶσαν
3576 1266 3666 1331 τὴν
3695 1262 3800 1314 θεό-

697 1374 945 1409 πνευστον
974 1359 1062 1408 καὶ
1100 1356 1380 1424 Ἰουδαῖκὴν
1427 1353 1658 1422 Γραφὴν,
1707 1353 1883 1420 κτῆμα
1909 1346 2065 1402 οὖσαν
2109 1349 2198 1401 καὶ
2236 1350 2306 1410 ὡς
2333 1351 2626 1421 περίχωρον
2650 1351 2739 1402 τοῦ
2767 1351 3009 1421 ἀληθινοῦ
3051 1351 3272 1420 Ἰσραὴλ,
3300 1350 3384 1404 διὰ
3421 1352 3492 1405 ιτδ
3538 1353 3629 1419 τὴν
3677 1351 3800 1417 γνῶ-

696 1468 776 1502 σιν
811 1450 900 1500 τοῦ
937 1450 1064 1500 Θεοῦ
1093 1451 1148 1500 ὲν
1179 1451 1310 1518 αὐτῇ
1348 1445 1698 1517 περιέχεσθαι.
1741 1444 1890 1497 Οῦτω
1925 1444 2018 1513 μὲν
2043 1437 2135 1494 οῦν
2169 1443 2202 1512 ἡ
2239 1441 2455 1512 ἀληθινὴ
2493 1443 2713 1496 Ἰουδαία
2745 1443 2834 1495 xal.
2895 1446 2922 1496 6
2951 1442 3182 1512 dinem,
3235 1441 3442 1512 Ἰσραὴλ
3502 1443 3796 1512 νοηθήσεται

694 1540 828 1598 κατά
857 1539 942 1592 τὸν
965 1540 1138 1607 ὅμοιον
1167 1538 1376 1608 τρόπον.

759 1653 922 1706 Vens.
954 1654 1004 1706 5.
1049 1652 1344 1721 Perpendas
1384 1666 1512 1705 vero
1551 1651 1815 1720 quomodo
1843 1649 2008 1717 factus
2037 1655 2112 1700 est
2143 1648 2176 1698 i1

2363 1643 2589 1712 Νοήσεις
2618 1643 2674 1696 δὲ
2698 1643 2841 1705 ὅπως
2867 1644 3110 1712 ἐγενήθη
3139 1645 3205 1697 ἐν
3235 1646 3430 1715 εἰρήνῃ
3460 1649 3493 1700 ό
3517 1649 3689 1713 τόπος
3706 1652 3794 1703 αὐ-

689 1758 810 1810 ραεε
859 1742 996 1793 locus
1043 1740 1152 1807 ejus
1173 1779 1186 1801 ,
1225 1749 1273 1791 et
1304 1738 1555 1791 habitatio
1583 1740 1693 1806 ejus
1718 1740 1771 1790 in
1803 1736 1948 1790 Sion.
1991 1734 2120 1788 Nam
2149 1749 2176 1787 s

2295 1732 2418 1796 τοῦ,
2450 1732 2544 1785 καί
2572 1733 2635 1785 τό
2665 1733 3100 1801 κατοικητήριον
3123 1733 3301 1788 αὑτοῦ
3330 1737 3396 1787 ἐν
3431 1736 3595 1790 Σιών.
3621 1739 3681 1790 Εἰ
3709 1740 3792 1808 μὲν

689 1833 835 1884 locus
866 1830 984 1892 ille,
1017 1843 1171 1896 quem
1202 1827 1367 1881 Judaei
1395 1828 1446 1880 in
1484 1828 1685 1882 honore
1714 1825 2013 1888 habebant,
2045 1824 2176 1877 belli:

2295 1820 2398 1890 τάρ
2437 1824 2464 1873 6
2506 1822 2652 1892 παρά
2700 1821 2961 1884 Ἰουδαίοις
2998 1821 3293 1892 τιμώμενος
3331 1825 3487 1887 τόπος
3516 1827 3791 1897 ἀπόρθητος

686 1929 738 1973 et
769 1918 1153 1971 vastationibus
1181 1931 1285 1969 non
1315 1917 1577 1970 obnoxius
1623 1915 1839 1976 luisset,
1884 1913 2073 1967 merito
2097 1911 2176 1965 ,Ιιιι

2294 1911 2384 1979 καὶ
2432 1912 2760 1983 ἀπολέμητος
2813 1913 3130 1982 πεφύΜκτο,
3179 1915 3329 1984 λόγον
3374 1914 3482 1987 εἶχε
3522 1924 3792 1989 συγχωρεῖν

685 2008 811 2062 dacis
861 2007 1076 2060 concedi
1127 2015 1308 2074 posset
1359 2020 1479 2058 eum
1527 2006 1701 2072 ipsum
1758 2018 1876 2058 esse
1931 2003 2106 2056 locum
2163 2015 2176 2054 ι

2304 2002 2555 2054 Ἰουδαίων
2586 2005 2765 2056 παισὶν
2801 2007 2956 2058 αὑτὸν
2995 2001 3126 2058 εἶναι
3164 2008 3392 2076 νομίζειν
3433 2011 3524 2062 τὸν
3568 2012 3665 2063 ὑπὸ
3697 2011 3790 2064 τῶν

3725 436 3808 491 880
3916 391 3917 398 ,

685 2097 959 2163 Scriptura
986 2094 1313 2147 vindicatum.
1344 2092 1494 2157 Quod
1539 2094 1583 2147 si
1633 2093 1720 2146 ille
1766 2107 1794 2144 a
1837 2090 2193 2145 fundamentis

682 2188 890 2238 dirutus
921 2193 972 2237 et
1001 2199 1138 2252 saepe
1167 2194 1351 2253 captus
1382 2184 1446 2237 ab
1476 2183 1718 2239 hostibus
1748 2182 1874 2248 fuit,
1929 2189 1981 2235 et
2020 2191 2192 2236 tamen

689 2277 836 2329 locus
868 2276 983 2343 ejus
1016 2276 1067 2327 in
1095 2289 1223 2343 pace
1253 2290 1371 2328 esse
1413 2276 1640 2339 dicatur,
1706 2290 1812 2328 non
1856 2289 1983 2329 sane
2023 2272 2193 2342 possit

680 2380 860 2420 revera
885 2365 1056 2434 putari
1083 2365 1230 2418 locus
1252 2363 1344 2418 Dei
1371 2379 1485 2418 esse
1504 2405 1516 2427 ,
1546 2366 1634 2432 qui
1661 2366 1970 2433 plerumque
1989 2363 2063 2434 ab
2087 2363 2192 2416 ini-

679 2454 832 2506 nicis
862 2453 1154 2506 debellatus
1183 2455 1269 2507 sit.
1295 2452 1469 2516 Quare
1494 2452 1600 2519 jam
1631 2468 1736 2506 non
1775 2454 1922 2515 dicit,
1953 2454 2006 2505 in
2036 2451 2189 2504 Jeru-

680 2543 873 2605 sulem,
925 2558 993 2596 ne
1041 2541 1160 2613 quis
1210 2541 1473 2595 laberetur
1515 2540 1789 2595 Judaicam
1837 2543 2020 2595 urbem
2070 2556 2188 2597 esse

678 2631 997 2702 cogitando;
1040 2630 1131 2685 sed
1182 2631 1298 2684 loco
1344 2631 1486 2683 illius
1530 2645 1709 2684 veram
1754 2632 2069 2684 sententiam
2110 2631 2186 2685 sic

675 2723 972 2793 expressit,
1021 2720 1214 2775 Factus
1241 2731 1315 2776 est
1355 2723 1407 2774 in
1437 2721 1608 2776 Salem
1651 2723 1789 2775 locus
1836 2723 1963 2790 ejus.
2011 2723 2219 2784 Salen),

673 2830 799 2870 vero
824 2829 925 2880 pax
955 2812 1289 2880 explicatur:
1335 2825 1499 2879 quare
1541 2811 1679 2880 apud
1723 2810 2062 2879 Septuaginta
2099 2809 2185 2863 iu-

671 2910 933 2971 terpretes
959 2901 1158 2954 dictum
1185 2908 1300 2962 est,
1332 2898 1526 2954 Factus
1551 2909 1625 2952 est
1655 2901 1709 2951 in
1735 2915 1856 2966 pace
1882 2900 2022 2951 locus
2049 2902 2180 2961 eius.

675 2991 730 3045 Si
761 2993 918 3060 igitur
950 2991 1138 3043 anima:
1169 2990 1310 3042 omni
1341 3003 1564 3057 prorsus
1592 2989 1729 3057 bello
1762 2988 1941 3042 libera:
1977 2990 2028 3041 in
2061 3003 2184 3056 pro-

673 3081 944 3148 speritate,
969 3079 1145 3149 quiete
1168 3086 1221 3133 et
1248 3079 1631 3148 tranquillitate
1655 3078 1926 3148 degentes,
1955 3079 2008 3133 in
2039 3087 2179 3133 terra

2290 2091 2512 2161 Γραφῶν
2539 2092 2867 2163 δηλούμενον·
2902 2099 2950 2149 εί
2980 2097 3020 2149 δ’
3043 2093 3188 2160 οὗτος
3214 2099 3306 2166 μὲν
3328 2100 3389 2151 ὲκ
3415 2100 3622 2169 βάθρων
3642 2101 3790 2172 ἀνῆρ-

2289 2197 2374 2232 ται
2401 2180 2556 2242 ἀλοὺς
2586 2181 2835 2246 πολλάκις
2863 2185 2964 2236 ὑπὸ
3003 2184 3284 2254 πολεμίων,
3331 2188 3386 2238 ὲν
3423 2189 3606 2258 εἰρήνῃ
3637 2189 3686 2242 δὲ
3710 2189 3787 2242 λέ-

2287 2285 2438 2335 γεται
2470 2270 2725 2339 ὑπάρχειν
2752 2274 2778 2324 6
2805 2273 2962 2335 τόπος
2983 2274 3160 2326 αὐτοῦ’
3191 2274 3285 2326 οὐκ
3308 2274 3369 2327 ἂν
3390 2275 3599 2329 δύναιτο
3622 2278 3788 2346 ἀληθεῖ

2288 2360 2423 2429 λόγῳ
2447 2361 2750 2430 νομίζεσθαι
2776 2363 2933 2426 τόπος
2954 2359 3086 2415 εἶναι
3112 2363 3202 2416 τοῦ
3229 2363 3358 2415 Θεοῦ
3382 2366 3408 2416 6
3432 2365 3678 2428 πολλάκις
3697 2367 3788 2418 ὑπὸ

2287 2448 2550 2518 πολεμίων
2582 2449 2756 2510 ἀλούς.
2789 2450 2876 2502 Διὸ
2902 2451 3020 2503 οὐδὲ
3047 2451 3288 2521 ὠνόμασε
3316 2451 3426 2513 νῦν,
3456 2451 3552 2503 ἐπὶ
3574 2451 3782 2519 τὴνἽε-

2275 2536 2616 2614 [pauca/lius,
2640 2538 2712 2600 ὡς
2747 2539 2809 2592 ἂν
2841 2530 2911 2610 μή
2941 2557 3022 2602 τις
3048 2541 3259 2593 ἐκπέσοι
3279 2540 3366 2592 ἐπὶ
3390 2541 3484 2609 τὴν
3526 2542 3784 2611 Ἰουδαῑκὴν

2284 2627 2451 2680 πόλιν·
2488 2628 2603 2680 ἀντὶ
2640 2628 2696 2681 δὲ
2730 2629 2925 2697 ταύτης
2952 2630 3048 2698 τὴν
3088 2629 3315 2683 διάνοιαν
3354 2629 3446 2682 τοῦ
3490 2632 3783 2701 πράγματος

2285 2719 2614 2788 παρέστησεν
2656 2718 2836 2771 εἰπών·
2894 2719 3160 2788 Ἐγενήθη
3197 2719 3268 2771 ἐν
3308 2719 3515 2788 iulius
3550 2723 3584 2773 ό
3623 2722 3780 2785 τόπος

2280 2807 2481 2862 αὑτοῦ.
2532 2809 2713 2877 Σαλήμ
2774 2809 2830 2862 δὲ
2884 2809 3230 2881 ἑρμηνεύεται
3281 2809 3505 2878 εἰρήνην
3537 2810 3613 2862 διὸ
3650 2811 3783 2882 παρὰ

2280 2899 2387 2958 τοῖς
2441 2896 2825 2967 Ἑϐδομήκοντα
2867 2898 3090 2969 εῐρηταιο
3142 2899 3409 2968 Ἐγεννήθη
3441 2902 3510 2953 ὲν
3540 2900 3730 2968 εἰρήνῃ
3753 2901 3785 2953 ό

2280 2987 2456 3050 τόπος
2492 2987 2691 3040 αὐτοῦ.
2717 2988 2780 3040 Et
2824 2987 2918 3055 μὲν
2958 2983 3049 3039 οὖν
3084 2988 3174 3039 καὶ
3204 2990 3294 3040 ἐπὶ
3333 2988 3435 3057 γῆς
3475 2990 3784 3060 εὑρίσκοιντο

2278 3073 2437 3143 ψυχαὶ
2488 3076 2682 3139 παντὸς
2723 3076 3144 3147 ἡλευθερωμέναι
3176 3076 3402 3147 πολέμου
3433 3078 3490 3130 ὲν
3519 3079 3781 3147 εὐσταθείᾳ

672 3147 1023 3235 reperiantur,
1053 3167 1172 3235 jure
1202 3147 1446 3220 dicantur
1476 3167 1577 3219 illa:
1607 3147 1755 3221 locus
1785 3166 1876 3221 Dei
1903 3181 2063 3228 .esse,
2096 3173 2176 3220 ut-

2279 3167 2370 3218 καὶ
2423 3160 2680 3236 ἀταραξίᾳ
2735 3169 2826 3219 καὶ
2875 3167 3409 3237 γαλήνηδιάγουσαι,
3469 3171 3679 3231 εἰκότως
3722 3171 3778 3222 ἂν

671 3265 793 3324 pote
823 3270 939 3324 quae
967 3256 1222 3324 Spiritum
1251 3254 1485 3308 divinum
1519 3258 1572 3309 in
1604 3272 1661 3311 se
1689 3257 1919 3325 capiant.
1965 3255 2089 3310 ideo
2115 3257 2181 3311 de

669 3345 864 3398 talibus
892 3344 1090 3398 dictum
1119 3351 1234 3407 est,
1277 3343 1582 3397 Inhabitabo
1617 3347 1672 3398 in
1710 3345 1812 3396 illis
1851 3355 1901 3398 et
1938 3344 2178 3397 inambu-

669 3434 782 3488 labo
804 3475 818 3497 ,
848 3444 896 3487 et
925 3451 1009 3488 ero
1039 3435 1248 3487 illorum
1281 3435 1415 3488 Deus
1439 3473 1454 3497 ,
1473 3419 1532 3486 et
1562 3435 1659 3500 ipsi
1687 3441 1834 3486 erunt
1872 3433 1995 3485 mihi
2020 3448 2180 3501 popu-

667 3526 747 3578 lus
776 3527 838 3577 5°.
871 3525 1018 3589 Quod
1049 3525 1096 3578 si
1139 3525 1274 3577 tales
1307 3525 1360 3576 in
1388 3532 1528 3577 terra
1558 3538 1772 3590 perraro
1800 3523 2134 3579 inveniantur
2159 3542 2175 3591 ;

665 3630 786 3667 cum
813 3621 996 3668 contra
1018 3615 1070 3666 iu
1091 3613 1304 3667 civitate
1326 3612 1417 3665 Dei
1445 3655 1458 3676 ,
1489 3612 1692 3666 cmlesli
1725 3611 1812 3665 Dei
1849 3612 2176 3666 domicilium

666 3703 899 3770 angelis,
951 3702 1318 3771 archangelis,
1365 3702 1560 3755 divinis
1600 3701 1917 3768 virtutibus,
1968 3704 2173 3772 Spiriti-

665 3791 872 3858 busque
918 3791 1118 3845 sanctis
1161 3792 1555 3860 frequentetur;
1587 3791 1706 3860 jure
1734 3792 1876 3846 dicat
1906 3793 2170 3862 quispiam

653 3883 735 3935 ibi
780 3882 952 3934 locum
995 3880 1086 3935 Dei
1130 3896 1282 3945 esse,
1326 3892 1377 3936 et
1418 3881 1560 3934 illam
1601 3898 1776 3936 veram
1806 3898 1924 3937 esse
1952 3898 2169 3952 pacem,

662 3980 778 4032 quae
818 3964 986 4018 Salem
1029 3967 1113 4018 hic
1142 3965 1393 4020 Hebraice
1423 3976 1774 4035 nuncupatur.
1820 3966 1994 4032 Quare
2033 3969 2173 4036 Apo-

663 4055 833 4107 stolus
861 4068 979 4105 cum
1009 4062 1189 4108 nosset
1217 4069 1331 4108 eam
1361 4055 1569 4109 dicebat
1597 4075 1608 4109 :
1645 4055 1748 4108 Illa
1778 4072 1890 4110 vero
1917 4074 2027 4126 quw
2054 4073 2172 4110 sur-

662 4159 776 4194 sum
819 4151 894 4195 est
934 4141 1217 4196 Jerusalem
1266 4143 1425 4196 libera
1453 4155 1557 4206 est,
1602 4162 1715 4214 quin
1753 4157 1827 4199 est
1857 4157 2019 4198 mater
2072 4163 2167 4199 no-

659 4243 773 4286 stra
799 4235 860 4286 ‘1.
888 4233 1015 4285 Nam
1045 4231 1216 4286 Salem
1234 4234 1527 4302 explicatur
1553 4250 1683 4301 pax;
1710 4235 1998 4291 Jerusalem
2025 4251 2168 4299 vero,

659 4326 783 4376 visio
825 4323 964 4392 pacis
989 4339 1007 4376 :
1046 4324 1199 4390 cujus
1246 4325 1381 4378 lares
1429 4325 1480 4376 in
1525 4324 1829 4378 caelestibus
1870 4325 2169 4394 divinisque

2277 3255 2505 3322 λεχθεῖεν
2535 3255 2625 3306 καὶ
2654 3248 2808 3308 αὗται
2832 3255 2989 3318 τόπος
3014 3254 3105 3307 τοῦ
3128 3256 3277 3319 Θεοῦ,
3302 3256 3378 3318 ὡς
3409 3258 3474 3309 ἂν
3503 3260 3780 3326 χωρητικαὶ

2274 3340 2424 3396 οὖσαι
2457 3343 2593 3396 θείου
2624 3345 2944 3413 Πνεύματος.
2986 3345 3071 3397 Διὸ
3091 3346 3212 3415 περὶ
3238 3344 3342 3396 τῶν
3368 3346 3614 3398 τοιούτων
3643 3348 3778 3416 εἰρη-

2273 3449 2359 3486 ται
2387 3432 2465 3495 τὸ,
2508 3434 2825 3501 Ἐνοικήσω
2840 3423 2929 3488 ’ἐν
2967 3434 3164 3500 αὐτοῖς
3198 3435 3293 3488 καί
3327 3435 3778 3504 ἐμπεριπατήσω,

2274 3525 2368 3577 καί
2394 3525 2601 3593 ἔσομαι
2632 3524 2822 3578 αὐτῶν
2854 3526 3011 3591 Θεὸς,
3060 3526 3154 3578 καὶ
3198 3527 3359 3579 αὐτοί
3411 3527 3646 3580 ἔσονταί
3683 3543 3777 3594 μοι

2268 3619 2431 3683 λαός.
2455 3619 2516 3670 El
2536 3617 2588 3670 δὲ
2611 3619 2842 3681 σπανίως
2857 3617 2959 3703 μὲν
2979 3620 3302 3689 εὑρίσκοιντο
3321 3621 3409 3673 ἐπὶ
3430 3623 3528 3691 γῆς
3544 3620 3778 3682 τοιοῦτοι,

2270 3709 2327 3760 ὲν
2372 3708 2427 3760 δὲ
2472 3709 2534 3776 τῇ
2591 3710 2703 3759 κατ’
2752 3707 2969 3778 οὐρανὸν
3026 3709 3423 3782 χρηματιζούσῃ
3466 3711 3593 3763 Θεοῦ
3641 3709 3777 3762 πόλει

2268 3796 2488 3866 πληθύει
2504 3795 2667 3847 τὸτοῦ
2689 3796 2818 3848 Θεοῦ
2843 3799 3162 3867 οἰκητήριον,
3189 3800 3242 3849 ὲν
3267 3784 3526 3865 ἀγγέλοις,
3553 3800 3640 3852 καὶ
3659 3800 3776 3867 ap;-

2267 3886 2530 3952 ἀγγέλοις,
2554 3887 2643 3936 καὶ
2683 3884 2845 3946 θείαις
2873 3885 3257 3954 δυνάμεσθκαὶ
3281 3886 3573 3955 πνεύμασιν
3595 3887 3775 3951 ἁγίοις·

2269 3977 2483 4037 εἰκότως
2510 3976 2596 4028 τὸν
2620 3975 2777 4027 τόπον
2792 3975 2881 4027 τοῦ
2905 3976 3035 4028 Θεοῦ
3061 3977 3184 4046 παρ’
3203 3977 3421 4039 ἐκείνοις
3443 3976 3579 4030 εἴποι
3599 3977 3660 4030 ἀν
3678 3989 3774 4038 τις,

2269 4064 2517 4133 κάκείνην
2560 4060 2693 4117 εἶναι
2730 4065 2826 4135 τὴν
2868 4066 3080 4135 εἰρήνην
3122 4064 3327 4132 ἀληθῶς
3356 4065 3538 4137 Σαλήμ
3562 4064 3776 4118 ἐνταῦθα

2268 4154 2405 4206 κατὰ
2427 4156 2521 4225 τὴν
2567 4154 2845 4225 Ἐϐραῖκὴν
2871 4155 3046 4224 φωνὴν
3076 4155 3473 4225 ὠνομασμένην.
3517 4155 3604 4208 Διὸ
3633 4155 3719 4207 καὶ
3749 4152 3777 4205 6

2268 4243 2575 4307 Ἀπόστολος
2593 4244 2786 4311 ταύτην
2806 4243 2953 4306 εἰδὼς
2973 4244 3169 4312 ἔλεγεν·
3207 4245 3342 4299 Ἡδὲ
3357 4246 3475 4299 ἅνω
3505 4248 3776 4312 Ἰερουσα-

2267 4331 2387 4398 λὴμ
2401 4333 2675 4400 ἐλευθέρα
2696 4334 2878 4398 ἐστίν,
2905 4334 3028 4399 ἥτις
3049 4334 3171 4387 ἐστὶ
3192 4338 3382 4403 μήτηρ
3403 4335 3582 4402 ἡμῶν.
3601 4335 3775 4404 Σαλὴμ

655 4415 942 4470 virtutibus
965 4416 1225 4468 exsistunt
1252 4433 1263 4466 :
1295 4415 1346 4467 in
1375 4414 1569 4482 quibus
1596 4414 1734 4489 Deus
1760 4415 1871 4482 ipse
1900 4414 2163 4478 ambulat,

2272 4421 2366 4490 μὲν
2391 4424 2494 4494 γὰρ
2525 4423 2872 4511 ἑρμηνεύεται
2902 4424 3121 4491 εἰρήνη,
3174 4425 3513 4496 Ἰερουσαλὴμ
3555 4427 3608 4478 δὲ
3649 4426 3776 4492 ὅρα-

660 4512 837 4571 utpote
880 4519 995 4571 qure
1026 4503 1148 4565 eius
1189 4503 1437 4558 deitatem
1481 4518 1670 4571 capere
1709 4503 1936 4556 valeant.
1970 4501 2167 4555 Deinde

2271 4527 2362 4577 σις
2403 4513 2653 4580 εἰρήνης·
2695 4506 2760 4582 ἧς
2795 4512 2853 4562 τὸ
2889 4513 3125 4579 ἐφέστιον
3164 4515 3218 4564 ὲν
3254 4516 3369 4576 ταῖς
3414 4515 3528 4566 κατ’
3562 4513 3775 4584 οὐρανὸν

657 4593 886 4645 dicitur:
935 4591 1000 4642 Et
1042 4592 1290 4644 habitatio
1329 4593 1438 4658 ejus
1469 4593 1521 4643 in
1551 4590 1695 4644 Sion.
1729 4590 1918 4643 Postea
1947 4588 2169 4656 subjun-

656 4682 796 4751 gitur
823 4700 835 4733 :
863 4710 932 4719 —
956 4679 1114 4734 Vens.
1141 4683 1192 4734 4.
1238 4680 1320 4733 Ibi
1358 4682 1602 4749 confregit
1640 4679 1892 4747 potentias
1921 4695 2164 4740 arcuum,

655 4771 811 4823 telum
833 4809 845 4829 ,
877 4769 1103 4838 gladium
1131 4776 1177 4819 et
1207 4767 1414 4820 bellum.
1460 4767 1557 4820 Hic
1587 4784 1833 4833 rursum,
1865 4769 1909 4821 si
1950 4769 2004 4820 in
2048 4783 2168 4821 sen-

651 4857 796 4912 sibili
842 4865 892 4910 et
937 4862 1144 4910 terrena
1200 4855 1326 4907 Sion
1376 4856 1487 4908 haec
1528 4865 1674 4924 gesta
1701 4865 1916 4919 essent,
1951 4871 2056 4910 nou
2087 4872 2167 4910 es-

654 4954 735 5002 set
772 4961 931 5000 causa
974 4946 1238 4999 invidendi
1278 4944 1474 4999 Iudaeis
1517 4947 1594 4999 sic
1630 4947 1895 5014 explicare
1938 4949 2166 5001 volenti—

651 5038 788 5101 bus;
832 5022 1047 5103 quodsi
1097 5036 1224 5103 ipsis
1254 5036 1410 5088 rebus
1437 5036 1598 5103 gestis
1629 5037 1953 5089 contrarium
2004 5052 2164 5106 appa-

650 5133 792 5188 reat,
842 5124 965 5193 quia
1016 5123 1068 5176 in
1109 5124 1383 5178 obsidione
1430 5125 1763 5177 inimicorum
1807 5126 1981 5181 diruta
2024 5127 2160 5193 fuit;

652 5211 1012 5264 necessarium
1044 5217 1123 5264 est
1157 5211 1240 5262 hic
1278 5210 1520 5273 Sionem,
1561 5226 1679 5280 quae
1715 5227 1834 5265 cum
1876 5229 2006 5282 pace
2043 5231 2164 5269 con-

651 5301 826 5371 gruat,
858 5301 1167 5369 intelligere,
1190 5301 1390 5353 scilicet
1417 5300 1702 5355 Ecclesiam
1731 5299 1820 5355 Dei
1851 5321 1864 5368 ;
1896 5289 1974 5358 vel
2003 5306 2161 5359 etiam

651 5390 916 5443 caelestem
960 5389 1098 5441 illam
1141 5389 1205 5443 de
1245 5390 1596 5458 qua‘divinus
1632 5393 1915 5460 Apostolus
1943 5396 2051 5449 hinc
2076 5395 2187 5449 de-v

650 5477 869 5530 claravit
896 5494 908 5529 :
942 5477 1240 5532 Accessistis
1274 5477 1340 5530 ad
1375 5479 1500 5532 Sion
1532 5489 1751 5533 montem
1775 5522 1788 5545 ,
1820 5493 1870 5535 et
1902 5486 2158 5538 civitatem

652 5566 744 5618 Dei
767 5567 994 5630 viventis,
1024 5567 1308 5622 Jerusalem
1343 5569 1586 5623 cwlestem
1611 5611 1625 5634 ,
1657 5581 1702 5624 et
1734 5573 2010 5627 multorum
2045 5574 2159 5627 mil-

719 5716 761 5748 “
798 5713 960 5771 Levit.
999 5734 1120 5776 nvi
1145 5757 1164 5787 ,
1201 5721 1281 5776 12,
1357 5724 1395 5754 ⁶¹
1436 5723 1611 5798 Galat.
1652 5740 1720 5789 iv,
1753 5727 1837 5780 26.

2263 4602 2428 4665 θείαις
2454 4602 2699 4672 τυγχάνει
2728 4601 3024 4670 δυνάμεσιν⁹
3057 4603 3112 4654 ἐν
3146 4596 3230 4665 αἷς
3264 4605 3291 4655 6
3331 4603 3456 4664 Θεὸς
3485 4604 3640 4664 αὐτὸς
3677 4604 3772 4671 ὲμ-

2263 4696 2562 4761 περιπατεῖ,
2603 4693 2923 4760 χωρητικαῖς
2953 4690 3132 4755 οῠσαις
3173 4694 3268 4760 τῆς
3312 4693 3470 4746 αὐτοῦ
3517 4693 3769 4763 θεότητος.

2275 4782 2423 4850 Ἑξῆς
2445 4781 2646 4843 τούτοις
2667 4780 2893 4849 λέγεται⁸
2925 4780 3031 4834 Kal
3055 4782 3115 4834 τὸ
3141 4782 3576 4850 κατοικητήριον
3597 4781 3772 4835 αὐτοῦ

2261 4863 2539 4928 suam.
2589 4869 2716 4924 Εἶτα
2765 4874 3012 4926 συνάπτει
3062 4872 3275 4942 ἐράσκων
3325 4875 3352 4925 6
3401 4873 3570 4939 λόγος’
3630 4869 3779 4926 Ἑκεῖ

2261 4963 2573 5030 συνέτριψε
2603 4961 2673 5013 τὰ
2709 4959 2885 5028 κράτη
2913 4961 3026 5015 τῶν
3053 4962 3258 5027 τόξων,
3301 4960 3489 5014 ὅπλον
3529 4961 3620 5013 καὶ
3638 4963 3774 5029 ῥομ-

2260 5054 2438 5120 φαίαν
2465 5051 2561 5106 καὶ
2597 5051 2870 5116 πόλεμον.
2913 5053 3017 5104 Καὶ
3053 5050 3278 5104 ἐνταῦθα
3305 5051 3459 5103 πάλιν
3488 5053 3532 5103 εἰ
3562 5051 3660 5120 μὲν
3687 5048 3774 5102 ἐπὶ

2258 5142 2352 5209 τῆς
2396 5139 2650 5209 αἰσθητῆς
2692 5141 2782 5192 καὶ
2821 5141 3050 5207 ἐπιγείου
3096 5139 3226 5191 Σιὼν
3253 5140 3432 5199 ’ταῦτα
3480 5141 3773 5208 πέπρακτο,

2257 5229 2373 5280 οὐδὲ
2394 5228 2496 5280 ἔδει
2526 5227 2730 5295 φθονεῖν
2772 5227 3031 5290 Ἰουδαίοις
3062 5226 3226 5289 οὕτως
3255 5228 3558 5298 ἐκδέχεσθαι
3591 5227 3772 5297 βούλου

2261 5318 2458 5386 μένοις·
2503 5319 2548 5368 εί
2590 5315 2645 5368 δὲ
2690 5318 2792 5369 πᾶν
2819 5317 3115 5371 τούναντίον
3152 5317 3208 5378 ἐξ
3241 5318 3414 5371 αὐτῶν
3451 5320 3636 5388 ὁρᾶται
3668 5316 3771 5368 τῶν

2259 5408 2603 5477 πραγμάτων,
2631 5405 2716 5458 διὰ
2741 5407 2798 5460 τὸ
2824 5407 3139 5478 ἠρημῶσθαι
3161 5406 3253 5476 τὴν
3285 5407 3420 5459 Σιὼν
3448 5411 3508 5460 ὲκ
3536 5409 3636 5476 τῆς
3668 5405 3769 5456 τῶν

2255 5498 2518 5566 πολεμίων
2549 5495 2869 5566 πολιορκίας,
2901 5496 3106 5565 ἀνάγκη
3139 5500 3202 5568 τῇ
3235 5499 3544 5567 ἀποδοθείσῃ
3579 5497 3762 5564 εἰρήνῃ

2257 5585 2589 5653 καταλλὴλως
2637 5587 2722 5636 καὶ
2778 5587 2872 5655 τὴν
2918 5585 3050 5637 Σιὼν
3095 5585 3457 5656 ὲκλαμδάνειν,
3511 5585 3624 5651 ἤτοι
3677 5584 3773 5650 τὴν
