3966 6348
147 474 260 529 881

1247 466 1730 521 COM'MENTAHIA
1767 467 1828 520 IN
1871 466 2193 522 PSALMOS.

3173 468 3275 522 882

159 581 490 652 Ἐκκλησίαν
531 581 622 634 τοῦ
655 579 805 640 Θεοῦ,
841 580 871 648 ἢ
905 578 996 648 τὴν
1030 577 1353 646 ἐπουράνιον,
1388 569 1452 645 ἢν
1480 578 1507 628 ὁ
1540 576 1667 638 θεῖος

1774 577 1897 629 lium
1927 577 2222 646 angelorum
2252 577 2583 646 frequentiam
2609 616 2625 642 ,
2656 585 2702 630 et
2734 576 3014 631 Ecclesium
3054 579 3275 645 primiti-

159 673 485 735 Ἀπόστολος
518 672 745 741 παρίστη
793 669 979 735 λέγων·
1013 669 1495 732 Προσεληλύθατε
1527 666 1672 719 Σιὼν

142 761 300 830 ὄρει,
329 760 422 815 καὶ
447 761 611 814 πόλει
635 759 775 812 Θεοῦ
801 755 1004 820 ζῶντος
1037 755 1406 823 Ἰερουσαλὴμ
1434 755 1674 821 ἐπουρα-

141 856 284 920 νίῳ,
329 854 419 906 καὶ
460 851 736 921 μυριάσιν
770 849 1028 915 ἀγγέλων
1062 849 1396 914 πανηγύρει,
1427 846 1520 899 καὶ
1552 849 1672 899 Ἑκ-

142 945 378 1010 uncia
415 942 781 1008 πρωτοτόκων
825 936 1346 1005 ἀπογεγραμμένων
1387 937 1453 987 ὲν
1500 939 1669 1004 οὐρα-

141 1033 302 1098 νοῖς.
337 1031 590 1084 Ἐνταῦθα
619 1029 722 1099 γὰρ
753 1029 1008 1097 μηδεμιᾶς
1041 1027 1300 1096 ἁμαρτίας
1332 1027 1665 1094 ἐνεργούσης,

142 1122 292 1189 μηδέ
315 1139 450 1183 τινος
477 1118 767 1186 ὑφεστῶτος
797 1117 973 1185 ψυχῶν
1004 1116 1272 1186 πολεμίου.
1307 1116 1668 1184 συντέτριπται

1768 683 1939 719 varum
1964 669 2050 736 qui
2076 668 2347 735 conscripti
2371 678 2486 720 sunt
2510 669 2562 719 in
2588 669 2721 720 oculis
2754 669 2816 721 “.
2848 667 2942 722 Hic
2965 670 3103 722 enim
3132 671 3276 722 nullo

1771 766 1989 825 peccato
2017 757 2223 824 vigente
2246 796 2260 819 ,
2293 759 2542 825 nulloque
2571 758 2863 810 animarum
2895 759 3111 811 inimico
3142 761 3277 812 exsi-

1770 855 1939 902 stente
1961 887 1974 910 ,
2024 849 2272 916 potentia:
2314 863 2531 902 arcuum
2571 849 2810 900 contritae
2841 856 2999 909 sunt,
3032 848 3192 901 telum
3225 855 3276 900 et

1768 938 1972 1006 gladius
2017 938 2189 991 ablata
2232 944 2355 991 sunt
2382 977 2405 1000 ,
2441 939 2513 990 ita
2559 946 2613 990 ut
2658 938 2721 991 de
2764 938 2827 990 iis
2869 938 2956 1005 qui
3000 938 3088 990 illa
3136 953 3278 990 man-

1770 1027 1917 1080 sione
1947 1027 2144 1095 dignati
2175 1035 2297 1101 sunt
2327 1027 2553 1091 dicatur,
2599 1027 2850 1079 Absrcssit
2898 1027 3065 1089 dolor,
3122 1027 3271 1076 Histi-

1775 1118 1848 1168 tia
1875 1127 1921 1168 et
1955 1117 2169 1186 gemitus
2202 1117 2262 1168 “.

141 1215 216 1266 τὰ
270 1213 437 1281 κράτη
482 1208 584 1260 τῶν
625 1205 805 1268 τόξων,
846 1204 1102 1274 ἀνῄρηται
1137 1221 1191 1256 τε
1220 1204 1374 1256 ὅπλον
1417 1205 1504 1255 καὶ
1541 1203 1789 1274 ῥομφαία
1845 1205 1918 1267 ὼς
1964 1205 2206 1273 λέγεσθαι
2256 1206 2378 1276 περὶ
2428 1205 2533 1256 τῶν
2587 1204 3003 1273 καταξιουμένων
3033 1205 3127 1274 τῆς
3163 1203 3276 1258 ἐκεῖ

141 1303 442 1373 διατριϐῆς·
491 1300 721 1364 Ἀπέδρα
752 1297 929 1362 ὀδύνη
963 1296 1056 1350 καὶ
1086 1299 1244 1363 λύπη
1275 1297 1369 1348 καὶ
1400 1299 1739 1365 στεναγμός.

218 1414 482 1478 Mitem
517 1413 595 1466 σὺ
627 1410 968 1480 θαυμαστῶς
1011 1411 1124 1465 ἀπὸ
1166 1412 1342 1478 ὀρέων
1389 1414 1661 1474 αἰωνίων,

141 1502 555 1570 ἐταράχθησαν
578 1505 628 1555 οἱ
655 1502 923 1554 ἀσύνετοί
950 1499 1021 1567 τῇ
1054 1499 1273 1567 καρδίᾳ.
1309 1500 1513 1570 Σφόδρα
1543 1503 1666 1552 ἀκο-

141 1589 368 1652 λούθως,
404 1589 536 1660 μετὰ
562 1590 620 1641 τὸ
653 1590 984 1665 παραστῆσαι
1006 1589 1094 1640 τδν
1123 1588 1279 1641 τόπον
1307 1589 1397 1641 τοῦ
1423 1589 1574 1650 Θεοῦ,
1594 1591 1668 1642 δι-

137 1675 353 1738 δάσκει,
398 1678 476 1729 δτι
514 1677 920 1730 ἃποκέκλεισται
947 1676 1072 1728 εἵσω
1103 1677 1190 1728 τοῦ
1215 1678 1374 1730 τόπου
1421 1678 1578 1730 αὑτοῦ
1604 1680 1668 1731 τὰ

1834 1411 1993 1468 Vens.
2026 1415 2075 1468 5.
2098 1413 2368 1468 Illuminas
2392 1428 2443 1467 tu
2465 1416 2764 1468 mirabiliter
2792 1433 2822 1468 a
2853 1416 3102 1468 montibus
3128 1425 3274 1468 ωιτν·-

1766 1502 1865 1561 nis,
1903 1501 2095 1557 turbati
2127 1512 2243 1555 sunt
2269 1505 2561 1570 insipientes
2586 1505 2749 1557 corde.
2770 1506 3057 1558 Admodum
3090 1519 3275 1559 conse-

1767 1597 2004 1660 quenter,
2038 1600 2309 1659 postquam
2333 1591 2502 1645 locum
2532 1591 2623 1645 Dei
2661 1591 3135 1654 declaravit,docet
3170 1607 3274 1645 non

1769 1681 1906 1733 intra
1930 1681 2101 1732 locum
2129 1679 2426 1747 hujusmodi
2455 1678 2698 1732 concludi
2719 1680 2883 1744 bona;
2921 1679 3012 1734 sed
3036 1695 3151 1733 eum
3178 1694 3272 1731 ceu

139 1766 342 1832 ἀγαθάο
369 1766 580 1828 ἀκτῖνας
600 1767 644 1818 δ’
667 1768 844 1835 ὥσπερ
873 1765 1134 1834 ἐκπέμπει
1159 1767 1249 1818 καὶ
1275 1769 1362 1819 ἐπὶ
1387 1769 1508 1828 τοὺς
1540 1771 1667 1838 πορ-

1768 1769 1946 1822 radios
1982 1768 2169 1822 exinde
2207 1769 2445 1822 emittere
2489 1769 2552 1821 ad
2591 1783 2681 1822 eos
2713 1767 2803 1837 qui
2832 1769 3137 1836 longissime
3187 1768 3274 1820 siti

141 1853 389 1920 ρωτάτω.
437 1853 524 1906 Διό
564 1871 691 1924 φησι
714 1871 726 1883 ·
762 1852 1015 1916 Φωτίζεις
1068 1853 1146 1905 σὺ
1189 1854 1528 1924 θαυμαστῶς
1559 1855 1667 1908 ἀπὸ

1772 1866 1918 1936 sunt.
1951 1857 2303 1922 Quamobrem
2333 1858 2406 1910 ait
2436 1873 2448 1909 :
2498 1856 2774 1911 Illuminas
2816 1866 2866 1908 tu
2914 1856 3220 1910 mirabiliter
3243 1874 3275 1908 α

139 1943 328 2022 ἐρέων
356 1944 612 1997 αιωνίων.
657 1942 786 1994 Τίνα
815 1942 870 1994 δὲ
915 1939 982 2012 ἦν
1019 1943 1085 1997 τὰ
1116 1944 1301 1996 αἰώνια
1344 1945 1463 2016 ὅρη,
1497 1946 1606 1998 ἀλλ’
1638 1947 1667 2015 ἢ

1770 1949 2026 2001 montibus
2065 1949 2290 2001 (sternis.
2335 1946 2558 2012 Quinam
2590 1958 2796 2002 montes
2836 1947 2911 2000 illi
2940 1946 3141 2008 aeterni,
3172 1946 3274 1999 nisi

96 2021 97 2024 “
139 2021 293 2084 Σιὼν
332 2032 422 2084 καὶ
464 2033 496 2102 ή
531 2030 729 2101 Σαλήμ,
760 2031 827 2084 τὰ
867 2032 951 2084 διὰ
990 2033 1095 2085 τῶν
1144 2033 1438 2105 ἔμπροσθεν
1484 2036 1672 2087 ἀποδο-

138 2120 333 2185 θέντα;
369 2119 597 2172 Ἀνωθεν
628 2120 752 2188 γοῦν
782 2122 886 2174 ἀπὸ
921 2122 1024 2175 τῶν
1061 2123 1315 2190 οὐρανίων
1354 2123 1670 2194 ὑψωμάτων,

137 2210 330 2280 ὥσπερ
369 2211 431 2262 ὲκ
465 2210 620 2264 τινῶν
663 2211 895 2264 αἰωνίων
912 2211 1068 2282 δρῶν,
1106 2211 1200 2274 τὰς
1244 2213 1408 2277 αὐγὰς
1442 2212 1547 2265 τῶν
1577 2207 1672 2281 τῆς

139 2300 394 2370 θεότητος
419 2299 578 2352 αὑτοῦ
612 2301 996 2372 μαρμρυγῶν,
1026 2303 1117 2354 καῖ
1150 2301 1315 2373 μέχρι
1328 2302 1430 2355 τῶν
1463 2303 1554 2353 ἐπὶ
1572 2302 1671 2370 γῆς

139 2389 458 2458 ἐκπέμπων,
495 2391 708 2457 φωτίζει
736 2391 830 2452 τὰς
862 2390 967 2442 τῶν
996 2390 1153 2456 ἀξίων
1180 2391 1369 2461 ψυχὰς,
1403 2390 1671 2459 καταλάμ-

142 2496 263 2530 πων
296 2479 460 2541 αὑτὰς
483 2479 558 2547 τῷ
580 2480 714 2550 ἁγίῳ
735 2478 891 2546 αὑτοῦ
917 2480 1180 2550 Πνεύματι
1196 2497 1208 2511 ⁸
1239 2482 1437 2539 ταύτας
1469 2479 1562 2549 μὲν
1581 2475 1670 2531 οὖν

141 2567 366 2633 φωτίζει
385 2583 397 2596 ’
431 2568 553 2628 τοὺς
577 2567 629 2618 δὲ
646 2567 888 2631 ἀναξίους
915 2567 1019 2619 τῶν
1051 2568 1235 2636 φώτων
1265 2564 1427 2621 αὐτοῦ’
1455 2567 1670 2637 προνοίᾳ

137 2656 245 2734 τῆς
286 2647 666 2724 δικαιοκρισίας
704 2653 859 2706 αὑτοῦ
907 2655 1286 2724 μετερχόμενος
1325 2654 1552 2725 θορυϐεῖ.
1582 2655 1670 2707 Διὸ

143 2743 420 2810 ἐπιλέγει·
475 2741 909 2812 Ἐταρὰχθησαν
948 2744 1161 2807 πάντες
1204 2747 1255 2796 ol
1285 2743 1556 2798 ἀσύνετοι
1596 2743 1669 2812 τῇ

141 2828 373 2896 καρδίᾳ.
423 2829 681 2881 Ἀσύνετοι
724 2830 828 2900 γὰρ
857 2829 1062 2900 ἀληθῶς
1097 2831 1242 2894 ὄντες
1285 2836 1350 2902 τῇ
1399 2832 1668 2903 καρδίᾳ,ἣ

142 2918 285 2970 κατὰ
321 2918 407 2970 τὸν
440 2918 738 2987 Σύμμαχον,
780 2919 1135 2987 ὑπερήφανοι
1166 2920 1276 2987 τὴν
1317 2921 1574 2989 καρδίαν,
1608 2923 1666 2974 οὐ

142 3003 498 3073 παρεδέξαντο
540 3004 628 3056 τοῦ
671 3005 839 3072 φωτὸς
869 3006 957 3057 τοῦ
989 3006 1118 3059 Θεοῦ
1156 3008 1253 3070 τὰς
1292 3007 1664 3077 μαρμαρυγὰς,

1769 2034 1897 2089 Sion
1931 2043 1982 2089 et
2017 2034 2213 2097 Salem,
2239 2035 2304 2088 de
2345 2036 2538 2104 quibus
2572 2035 2812 2104 superius
2839 2035 3050 2086 actum?
3078 2033 3152 2085 Ex
3185 2047 3274 2087 su-

1766 2125 1944 2192 pernis
1993 2123 2155 2192 igitur
2199 2130 2251 2177 et
2290 2124 2599 2179 caelestibus
2643 2125 3025 2185 cacuminibus,
3076 2138 3172 2176 ceu
3207 2138 3273 2176 ex

1765 2210 1977 2265 internis
2010 2209 2302 2273 montibus,
2346 2209 2561 2262 deitatis
2591 2225 2700 2264 suae
2728 2211 2906 2265 radios
2959 2211 3024 2264 ad
3056 2209 3278 2277 terrige-

1766 2316 1864 2354 nas
1893 2315 2060 2370 usque
2095 2301 2360 2362 emittens,
2394 2312 2574 2353 eorum
2613 2299 2703 2367 qui
2733 2299 2875 2368 digni
2921 2307 3047 2354 sunt
3069 2299 3283 2353 animas.

1766 2388 1997 2442 illustrat
2036 2386 2339 2458 Spirituque
2366 2397 2552 2442 sancto
2585 2400 2682 2440 suo
2725 2387 3004 2439 illuminat.
3035 2384 3162 2448 Has,
3188 2389 3272 2441 in-

1767 2490 1948 2544 quam,
1990 2475 2282 2541 illuminat;
2314 2489 2410 2528 suo
2448 2481 2622 2527 autem
2648 2474 2843 2526 lumine
2872 2473 3117 2541 indignos
3141 2473 3272 2541 justi

1760 2565 1945 2635 judicii
1976 2567 2055 2619 sui
2073 2564 2399 2633 providentia
2416 2563 2671 2618 invadens
2689 2563 2986 2617 conturbat.
3006 2561 3272 2627 Quamob-

1763 2669 1873 2707 rem
1921 2652 2120 2715 subdit,
2150 2651 2366 2704 Turbati
2401 2661 2519 2704 sunt
2561 2667 2731 2705 omnes
2779 2653 3069 2719 insipientes
3100 2652 3268 2705 corde.

1764 2739 1892 2792 Nam
1925 2753 2047 2791 cum
2076 2752 2258 2792 revera
2287 2727 2596 2804 insipientes
2623 2738 2814 2801 corde;
2835 2739 2952 2793 sive
2981 2721 3270 2793 secundum

1768 2827 2173 2899 Symmachum,
2220 2829 2419 2896 superbi
2447 2828 2615 2898 corde,
2659 2836 2857 2890 essent,
2903 2828 3092 2882 divina:
3132 2827 3275 2883 lucis

1764 2919 1940 2974 radios
1988 2933 2092 2972 non
2136 2926 2479 2987 exceperunt,
2523 2917 2640 2972 ideo
2687 2917 2884 2972 turbati
2932 2923 3075 2988 sunt.
3107 2915 3269 2970 Iidem

1763 3024 1888 3063 vero
1915 3007 2014 3077 ipsi
2038 3016 2315 3077 postquam
2344 3008 2658 3063 dormierunt
2685 3023 2917 3061 somnum
2946 3023 3112 3068 suum,
3144 3007 3273 3060 nihil

140 3093 224 3148 διδ
256 3097 638 3166 ἐταράχθησαν.
672 3098 731 3149 Ol
763 3098 806 3150 δ’
834 3098 1000 3162 αὐτοὶ,
1030 3100 1121 3150 καὶ
1165 3099 1540 3163 ὑπνώσαντες
1565 3098 1667 3150 τὸν

1764 3098 2055 3151 inuenerunt
2101 3099 2152 3149 in
2207 3099 2439 3151 manibus
2486 3099 2613 3162 suis,
2661 3099 2786 3167 quia
2831 3098 2926 3150 viri
2973 3097 3271 3153 divitiarum

141 3184 338 3238 ὕπνον
382 3185 590 3249 αὐτῶν,
621 3190 728 3256 οὐχ
764 3183 937 3254 εὗρον
982 3187 1259 3241 οὐδὲν-ἐν
1303 3189 1429 3252 ταῖς
1469 3187 1670 3256 χερσίν

141 3271 369 3335 αὐτῶν,
413 3272 618 3343 ἄνδρες
663 3274 809 3337 ὄντες
855 3275 1132 3328 πλούτου.
1166 3275 1305 3344 Πρὸς
1357 3274 1521 3345 βραχὺ
1563 3274 1667 3344 γὰρ

52 3369 54 3376 ’
141 3359 518 3431 ὀνειρώξαντες
545 3365 608 3433 τῇ
637 3362 728 3415 τοῦ
754 3361 940 3433 θνητοῦ
974 3363 1082 3432 βίου
1114 3365 1389 3434 φαντασίᾳ,
1411 3365 1501 3418 καὶ
1532 3364 1668 3434 μέγα

143 3453 499 3520 φρονήσαντες
530 3453 620 3504 ἐπὶ
641 3450 860 3521 πλούτῳ,
884 3452 1119 3522 ἐνόμιζόν
1143 3470 1281 3516 τινες
1307 3450 1459 3516 εἶναι,
1489 3470 1669 3512 κατεν-

141 3540 450 3608 τρυφῶντες
480 3543 594 3603 ταῖς
624 3541 729 3594 ἀπὸ
771 3541 862 3594 τοῦ
908 3541 1127 3594 πλούτου
1175 3543 1542 3614 ποριζομὲναις
1571 3545 1666 3597 αύ-

142 3630 255 3690 τοῖς
300 3628 664 3698 ἡδυπαθείαις·
701 3629 772 3691 ὡς
803 3630 857 3682 δὲ
905 3631 994 3683 τοῦ
1035 3630 1196 3684 ὕπνου
1230 3633 1664 3704 διεγρηγόρησαν,

147 3711 500 3784 μεταστάντες
526 3717 617 3770 τοῦ
657 3718 911 3789 παρόντος
945 3718 1075 3788 βίου,
1119 3714 1268 3790 εὗρον
1309 3721 1524 3783 ἑαυτοὺς
1573 3722 1668 3773 οὐκ

143 3803 363 3872 ἔχοντας
403 3804 568 3869 οὐδὲν,
600 3805 716 3858 οὐδὲ
754 3823 808 3858 τι
853 3811 966 3871 ταῖς
997 3809 1150 3878 χερσὶ
1202 3806 1538 3877 κρατοῦντας.
1580 3810 1667 3862 Διὸ

143 3891 389 3945 λέλεκταί
420 3905 547 3973 που·
594 3892 690 3961 Μὴ
723 3895 902 3963 φοϐοῦ
936 3895 1076 3948 ὅταν
1113 3898 1422 3965 πλουτήσῃ
1457 3898 1668 3967 ἅνθρω-

145 3995 279 4044 πος,
314 3981 408 4033 καί
438 3981 579 4035 ὅταν
618 3983 928 4052 πληθυνθῇ
977 3984 1014 4050 ἠ
1045 3983 1187 4052 δόξα
1221 3986 1324 4039 τοῦ
1356 3986 1520 4039 οἴκου
1561 3989 1666 4040 ab-

144 4068 279 4122 τοῦ·
311 4068 396 4121 ὅτι
427 4071 534 4123 οὐκ
563 4071 632 4123 ὲν
671 4070 749 4135 τῷ
782 4071 1175 4136 ἀποθνήσκειν
1204 4074 1385 4127 αὑτὸν
1417 4075 1666 4144 λήψεται

143 4160 219 4209 τὰ
262 4155 474 4217 πάντα,
522 4158 659 4210 οὐδὲ
697 4161 1193 4227 συγκαταϐήσεται
1238 4162 1392 4228 αὐτῷ
1439 4164 1478 4232 ἠ
1525 4165 1668 4230 δόξα

146 4244 352 4298 αὐτοῦ.
382 4244 566 4297 Ἔνθεν
598 4246 812 4309 εἰκότως
852 4249 900 4300 oi
934 4250 1140 4320 ἀληθῶς
1167 4250 1402 4305 ἁσύνετοι
1432 4257 1495 4325 τῇ
1535 4272 1666 4325 καρ-

147 4333 233 4404 δίᾳ
269 4333 634 4406 ἐταράχθησαν
676 4334 790 4389 ἀπὸ
827 4338 1204 4408 ἐπιτιμήσεως
1238 4341 1339 4394 τοῦ
1373 4343 1515 4397 Θεοῦ
1559 4346 1666 4398 Ἰα-

1764 3194 1934 3241 erant.
1966 3184 2094 3239 Nam
2135 3201 2254 3240 cum
2286 3187 2349 3239 ad
2388 3188 2545 3241 breve
2577 3195 2783 3254 tempus
2811 3188 2865 3240 in
2886 3188 3126 3243 mortalis
3146 3189 3269 3242 vitae

1761 3273 2038 3344 phantasia
2067 3274 2464 3336 dormitassent,
2498 3282 2550 3327 et
2580 3275 2744 3326 altum
2793 3275 2858 3328 de
2887 3273 3087 3330 divitiis
3111 3292 3274 3346 sape-

1761 3375 1899 3427 rent,
1933 3364 2034 3418 rati
2078 3379 2136 3418 se
2191 3364 2389 3432 aliquid
2443 3379 2579 3426 esse,
2614 3364 2668 3416 in
2706 3364 3086 3432 voluptatibus,
3134 3381 3281 3434 quas.

1761 3454 1860 3509 sibi
1897 3453 2093 3507 divitiae
2119 3454 2493 3514 conciliabant,
2538 3451 2758 3507 demersi
2789 3462 2932 3507 sunt.
2964 3453 3276 3523 Experrecti

1761 3553 1958 3608 autem,
2000 3552 2158 3613 atque
2191 3559 2255 3597 ex
2287 3544 2386 3597 hac
2421 3544 2526 3597 vita
2563 3544 2822 3606 translati,
2854 3558 2970 3598 sese
3009 3544 3142 3598 nihil
3172 3545 3268 3598 ha-

1760 3634 1967 3697 bentes,
1994 3648 2091 3688 nec
2114 3632 2382 3706 quidpiam
2415 3633 2658 3686 manibus
2687 3640 2927 3687 tenentes
2972 3633 3265 3702 deprehen-

1760 3723 1967 3778 derunt.
1983 3722 2154 3788 Quare
2179 3722 2367 3777 alicub‘
2387 3723 2582 3776 dictum
2606 3729 2687 3776 est
2708 3721 2752 3751 “
2771 3738 2783 3772 :
2803 3721 2883 3774 Ne
2898 3723 3128 3774 timueris
3151 3737 3274 3773 cum.

1761 3812 1894 3866 dives
1916 3810 2080 3880 factus
2112 3811 2268 3878 fuerit
2298 3810 2465 3874 homo,
2505 3821 2553 3863 et
2604 3827 2716 3864 cum
2741 3810 3085 3876 multiplicata
3113 3810 3266 3877 fuerit

1758 3902 1926 3972 gloria
1949 3886 2126 3954 domus
2145 3900 2286 3967 ejus;
2313 3899 2553 3968 quoniam
2583 3915 2695 3951 cum
2716 3899 2962 3952 interierit
2985 3914 3083 3959 non
3105 3905 3270 3952 sumet

1762 3991 1951 4054 omnia,
1971 4005 2124 4059 neque
2141 3987 2401 4041 descendet
2428 4004 2542 4041 cum
2573 4004 2629 4042 eo
2650 3989 2813 4057 gloria
2833 3988 2961 4056 ejus.
2999 3987 3143 4044 Unde
3169 4003 3266 4042 nec

1761 4079 2021 4132 immerito
2051 4079 2128 4131 illi
2165 4093 2284 4132 vere
2306 4078 2614 4147 insipientes
2641 4079 2799 4133 corde
2824 4079 3021 4134 turbati
3055 4087 3178 4135 sunt
3203 4079 3267 4132 ab

1759 4169 2094 4235 increpatione
2115 4167 2204 4221 Dei
2219 4167 2409 4234 Iacob,-
2427 4169 2558 4235 sive,
2575 4171 2857 4225 secundum
2874 4171 3276 4238 Symmachum,

1762 4275 1794 4310 a
1827 4257 2029 4326 fremitu
2066 4254 2535 4328 [comminatione].
2574 4255 2722 4311 Tunc
2759 4257 2898 4312 enim
2951 4256 3268 4314 sententiam

1760 4344 1892 4412 justi
1933 4343 2121 4412 iudicii
2168 4343 2260 4399 Dei
2313 4346 2620 4406 subeuntes,
2654 4348 2844 4399 merito
2893 4345 3265 4408 turbabuntur,

150 4422 298 4476 κώϐο
330 4423 362 4493 ἢ
390 4424 523 4476 κατὰ
552 4423 638 4476 τὸν
675 4424 974 4494 Σύμμαχον,
1017 4429 1129 4484 ἀπὸ
1165 4430 1577 4499 ἑμϐριμήσεωςο
1609 4434 1666 4484 τὸ

1763 4423 1884 4502 quia
1913 4434 2329 4487 dormitaverunt
2357 4433 2664 4488 conscensis
2690 4435 2840 4502 equis
2864 4433 2994 4494 suis,
3026 4432 3267 4488 videlicet

149 4509 439 4578 τηνικαῦτα
455 4510 560 4580 γὰρ
595 4511 694 4563 ὑπὸ
711 4511 971 4579 ἀπόφασιν
1001 4515 1267 4584 γενόμενοι
1299 4516 1393 4586 τῆς
1420 4516 1512 4569 τοῦ
1530 4518 1663 4570 ,Θεοῦ

147 4597 588 4669 δικαιοκρισίας(
620 4601 1032 4670 ταραχθήσονται
1086 4606 1332 4670 εἰκότως,
1384 4606 1664 4679 ἐπειδήπερ

149 4686 438 4752 ἐνύσταξαν
465 4689 835 4759 ἐπιϐεϐηκότες
861 4693 966 4752 τοῖς
1001 4690 1199 4745 ἑαυτῶν
1225 4693 1423 4757 ἵπποις,
1471 4692 1662 4765 δηλαδὴ

149 4779 258 4840 τοῖς
273 4777 577 4841 ἀκολάστοις
596 4779 827 4849 σώμασι·
855 4780 964 4832 δέον
987 4781 1330 4851 ἐγρηγορέναι
1352 4783 1440 4834 καὶ
1460 4783 1662 4852 νήφειν,

151 4867 575 4935 μνημονεύοντας
605 4869 742 4921 θείου
782 4869 1179 4939 προστάγματος
1208 4869 1476 4937 λέγοντες·
1513 4873 1659 4939 Γρη-

150 4953 399 5022 γορεῖτε,
449 4955 533 5008 ὅτι
578 4959 684 5010 οὐκ
731 4957 922 5014 οἵδατε
956 4956 1066 5023 τὴν
1111 4955 1329 5024 ἡμέραν
1372 4958 1508 5012 οὐδέ
1553 4959 1664 5027 τήν

149 5041 324 5110 ὥραν.
354 5043 414 5095 Ol
438 5040 492 5094 δὲ
533 5043 810 5110 ινύσταζον
842 5047 932 5101 καὶ
976 5046 1221 5097 ὓπνωσαν
1255 5046 1414 5100 ’ύπνον
1453 5046 1624 5098 αὐτῶν
1644 5089 1658 5110 ,

148 5130 376 5200 ὀνείροις
402 5132 491 5183 καὶ
536 5133 898 5202 φαντάσμασιν
929 5134 1242 5200 ἑκδοθέντες,
1277 5138 1454 5198 ἵπποις
1473 5153 1530 5187 τε
1570 5136 1661 5208 θη-

151 5219 403 5289 λυμανέσι
439 5221 547 5282 τοῖς
577 5220 745 5274 αὐτῶν
783 5222 986 5292 σώμασι
1012 5223 1346 5296 χρησάμενοι.
1375 5220 1526 5279 Οὗτοι
1550 5243 1657 5279 τοι·

151 5307 350 5379 γαροῦν
401 5308 589 5372 πάντες
629 5311 677 5362 οἱ
728 5311 852 5362 ποτὲ
883 5312 977 5381 μὲν
1007 5312 1276 5381 λεγόμενοι
1316 5315 1551 5368 ἅσύνετοι
1592 5318 1656 5387 τῇ

153 5397 365 5468 καρδίᾳ,
393 5398 516 5450 ποτὲ
553 5398 606 5449 δὲ
643 5399 826 5469 ἀνδρες
855 5400 945 5452 τοῦ
977 5400 1218 5465 πλούτου,
1255 5403 1368 5454 νυνὶ
1403 5403 1458 5454 δὲ
1485 5401 1659 5457 ἐπιϐε-

151 5485 376 5557 ϐηκότες
422 5487 541 5548 τοὺς
588 5487 796 5550 τππους.
825 5488 956 5551 τὲως
1005 5489 1101 5560 μὲν
1149 5490 1284 5545 κατὰ
1328 5490 1423 5561 τὴν
1471 5489 1660 5562 θνητήν

155 5573 297 5644 ζωὴν
342 5573 644 5640 ινύσταξαν,
673 5576 705 5647 ἢ
735 5577 872 5630 κατὰ
910 5578 999 5630 τδν
1037 5579 1335 5650 Σύμμαχον,
1380 5579 1661 5647 ἐχηρώθη-

1763 4525 1972 4578 lascivis
2004 4524 2348 4593 corporibus;
2388 4538 2508 4576 cum
2529 4523 2850 4589 oportuisset
2873 4522 3089 4591 vigilare
3111 4532 3162 4577 et
3181 4539 3263 4578 so-

1761 4613 1873 4668 brie
1901 4628 2075 4682 agere,
2092 4628 2350 4667 memores
2370 4611 2532 4664 divini
2551 4611 2792 4679 praecepti
2821 4611 3049 4667 dicentis
3074 4631 3086 4664 :
3127 4612 3262 4680 Vigi-

1760 4706 2003 4774 late,quia
2025 4704 2227 4756 nescitis
2249 4701 2401 4765 diem,
2424 4717 2576 4770 neque
2601 4701 2779 4755 horam
2797 4702 2859 4754 ⁸⁵.
2889 4702 2966 4756 llli
2996 4717 3119 4757 vero
3150 4702 3247 4755 dor

1764 4791 2036 4851 mitahant,
2066 4799 2122 4844 et
2155 4789 2480 4843 dormierunt
2491 4805 2746 4882 fomnum
2772 4806 2946 4852 suum,
2966 4791 3185 4845 somniis
3212 4797 3262 4844 et

1760 4879 2049 4949 phantasiis
2093 4876 2295 4940 dediti,
2335 4876 2588 4948 equisque
2642 4879 2894 4944 lascivis,
2949 4880 3261 4948 corporibus

1760 4982 1950 5036 nempe
1981 4965 2091 5021 suis
2130 4967 2232 5021 usi.
2264 4966 2326 5020 Hi
2359 4968 2536 5036 itaque
2573 4982 2769 5026 omnes
2793 4969 2905 5036 qui,
2950 4969 3104 5022 modo
3127 4969 3261 5022 insi-

1757 5060 1960 5128 pientes
2010 5056 2189 5119 corde,
2243 5059 2398 5112 modo
2425 5058 2522 5111 viri
2557 5057 2880 5121 divitiarum,
2916 5073 3055 5111 nunc
3085 5074 3266 5114 ascen~

1759 5143 1942 5196 dentes
1975 5155 2140 5210 equos
2189 5151 2465 5205 vocantur,
2493 5143 2616 5198 dum
2663 5147 2736 5198 in-
2768 5146 3011 5215 praesenti
3045 5147 3152 5198 vita
3180 5148 3265 5201 de-

1759 5237 1962 5300 gerent,
1979 5228 2411 5296 dormitaverunt;
2433 5232 2544 5286 sive
2560 5234 2847 5287 secundum
2867 5231 3259 5302 Symmachum.

1759 5320 1982 5387 soporati
2011 5330 2146 5384 sunt,
2192 5313 2380 5390 sopore
2408 5329 2459 5375 et
2505 5323 2756 5377 ebrietate
2786 5323 2972 5376 anima:
3006 5323 3261 5392 depressi.

1761 5405 1956 5460 Deinde
1988 5421 2132 5471 vero,
2151 5407 2461 5461 dormierunt
2487 5427 2718 5464 somnum
2738 5429 2906 5476 suum,
2938 5413 3086 5466 vanis
3103 5411 3270 5480 pham

1759 5495 1912 5549 tasiis
1946 5493 2142 5561 dediti;
2173 5512 2234 5548 ac
2256 5496 2463 5551 demum
2495 5502 2867 5570 espergefacti,
2913 5502 3106 5555 turbati
3140 5509 3265 5556 sunt

1764 5583 1830 5636 ab
1864 5582 2219 5651 increpatione
2247 5582 2337 5638 Dei
2359 5580 2540 5640 Jacoh.
2570 5588 2663 5642 Hic
2691 5605 2846 5661 porro
2872 5598 2982 5645 erat
3017 5590 3264 5646 Servata!

120 5709 128 5728 ’
221 5729 267 5758 ⁸⁸
309 5728 466 5783 llcbr.
503 5747 610 5796 ιιι,
647 5734 728 5785 22.
807 5734 849 5764 ⁶³
888 5732 985 5787 lsa.
1022 5748 1101 5797 ιι,
1140 5733 1221 5788 ll.
1297 5734 1338 5766 “
1378 5733 1517 5789 P881.
1547 5751 1662 5789 IL"

1777 5735 1964 5802 17,18.
2039 5739 2080 5770 ⁸⁵
2119 5736 2297 5792 Matth.
2332 5755 2450 5801 xxv,
2488 5740 2565 5793 15.
