3950 6342
706 412 810 467 8L5

1373 418 1631 476 EUSEBll
1669 419 2134 477 CIEbARIENSIS
2170 420 2317 477 OPP.
2351 418 2528 473 PARS
2566 416 2658 474 Ill.
2693 445 2763 460 -
2799 413 3201 473 εΧΕοΕΤιω.
3752 406 3837 462 884

706 531 910 589 noster,
957 523 1046 579 Dei
1102 525 1355 587 Verbum,
1396 528 1487 596 qui
1544 528 1641 596 ipsi
1690 527 1855 582 Jaeob
1894 527 2033 584 Deus
2077 529 2225 585 visus

2326 545 2464 596 σαν,
2506 527 2656 598 κάρῳ
2684 526 2775 578 καὶ
2807 524 2942 596 μέθῃ
2974 524 3149 593 ψυχῆς
3180 524 3631 594 περιενεχθέντες·
3662 517 3768 576 εἶτα
3791 523 3843 576 δι

702 614 872 669 fuisse
901 615 952 679 in
986 614 1263 685 Scriptura
1283 617 1451 672 fertur
1479 636 1492 672 :
1521 618 1719 688 quique
1740 619 1999 695 judicium
2031 620 2085 673 in
2114 634 2228 673 om-

703 718 797 755 nes
828 718 855 755 a
886 702 1040 759 Patre
1082 707 1302 774 accepit.

2329 619 2618 671 ὕπνωσαν
2649 615 2840 667 ὕπνον
2885 609 3097 676 αὐτῶν,
3142 610 3452 679 φαντασίαις
3488 609 3730 681 ματαίαις
3767 613 3838 663 ἐκ·
3900 609 3905 677 ῗ

2331 708 2564 770 δοθέντες
2584 720 2596 733 '
2627 704 2718 756 καὶ
2746 702 2890 765 τέλος
2927 700 3337 763 διυπνισθὲντες,
3366 700 3730 772 ἐταράχθησαν
3754 700 3839 754 ἀπὸ

699 795 1056 865 ἐπιτιμήσεως
1076 798 1167 850 τοῦ
1199 797 1328 850 Θεοῦ
1370 798 1577 852 Ἰακώϐ.
1615 792 1774 863 Οὗτος
1804 800 1858 853 δέ
1889 796 1955 873 ἦν
1983 804 2010 855 ὁ
2036 802 2295 872 ἡμέτερος
2321 801 2525 871 Σωτὴρ,
2571 800 2599 850 ὁ
2626 796 2717 849 τοῦ
2745 794 2876 848 Θεοῦ
2902 796 3089 863 Λόγος,
3120 796 3155 848 ὀΔ
3187 794 3264 863 τῷ
3304 792 3492 845 ’μηὼὲ
3528 793 3678 841 ’τηεμ-
3760 812 3835 862 τίλ-

702 885 856 953 μένος
888 881 1060 954 ὦφθαι
1088 888 1234 951 Θεὸς,
1269 890 1296 941 ὁ
1322 889 1416 959 τὴν
1444 891 1580 944 κατὰ
1613 892 1823 945 πάντων
1849 894 2023 965 κρίσιν
2051 896 2195 964 παρὰ
2217 892 2310 945 τοῦ
2342 891 2549 961 Πατρὸς
2580 886 3014 956 ἀναδεδεγμένος.

770 998 931 1055 Vens.
952 1001 1000 1055 8.
1021 1001 1097 1054 Tu
1112 1003 1356 1056 terribilis
1373 1020 1447 1067 es,
1462 1012 1511 1057 et
1524 1007 1635 1074 quis
1653 1008 1851 1061 resistet
1873 1006 1965 1061 tibi
1984 1011 2083 1062 γεω
2106 1016 2223 1060 tunc

702 1090 785 1141 ira
810 1100 918 1144 tua.
955 1090 1025 1146 lis
1048 1094 1138 1162 Qui
1166 1094 1359 1149 divinae
1380 1096 1511 1150 lucis
1544 1098 1722 1152 radios
1744 1098 1987 1167 excipere
2013 1098 2222 1161 nolunt,

698 1178 958 1233 terribilis
990 1195 1111 1235 esse
1144 1180 1358 1235 dicitur.
1395 1182 1729 1254 Quapropter
1760 1185 1838 1238 sic
1870 1186 2116 1254 superius
2146 1186 2221 1254 ip-

699 1283 816 1323 sum
850 1268 1015 1322 Deum
1040 1268 1427 1337 alloquebatur,
1460 1271 1737 1326 “luminas
1777 1282 1832 1326 tu
1864 1274 2171 1328 mirabiliter
2193 1292 2225 1328 a

698 1358 955 1411 montibus
974 1358 1221 1421 wternis;
1251 1375 1394 1414 nunc
1426 1370 1601 1416 autem
1634 1362 1805 1418 eidem
1854 1364 1928 1417 ait
1961 1384 1974 1418 :
2010 1364 2086 1419 Tu
2125 1374 2227 1419 ter.

699 1448 869 1500 ribilis
892 1463 966 1511 es,
990 1457 1036 1500 et
1066 1450 1181 1517 quis
1217 1451 1417 1504 resistet
1450 1451 1578 1507 tibi?
1609 1449 1726 1521 lpse
1769 1453 1950 1524 itaque
1993 1462 2046 1509 et
2092 1455 2227 1510 lucis

698 1540 946 1609 largitor,
981 1548 1034 1593 et
1056 1541 1310 1596 terribilis
1342 1553 1424 1598 est
1448 1561 1463 1609 ;
1492 1545 1559 1599 iis
1577 1546 1780 1600 scilicet
1809 1546 1897 1616 qui
1926 1547 1981 1600 in
2010 1547 2227 1602 dextera

700 1636 846 1691 sunt,
889 1628 1023 1683 lucis
1056 1630 1489 1699 administrator;
1535 1635 1601 1687 iis
1635 1636 1728 1705 qui
1761 1635 1816 1689 in
1847 1637 2087 1695 sinistra.
2120 1643 2231 1692 ter-

699 1714 892 1780 ribilis,
913 1717 1106 1786 quibus
1133 1721 1291 1773 etiam
1312 1720 1452 1775 dicet
1472 1736 1485 1771 :
1507 1721 1654 1776 Abite
1674 1724 1725 1776 in
1747 1725 1913 1793 ignem
1959 1734 2225 1790 internum,

2396 1004 2479 1058 Σὺ
2507 1002 2749 1072 φοϐερὸς
2784 996 2857 1064 εἴ,
2890 999 2984 1053 καί
3020 1001 3109 1065 τίς
3148 997 3563 1067 ἀντιστήσετταί
3582 1011 3712 1059 σοι;
3743 996 3838 1049 ἀ.τό

2327 1094 2456 1146 τότε
2477 1094 2514 1159 ἡ
2545 1093 2685 1162 ὀργή
2719 1109 2851 1146 σου.
2883 1088 3005 1152 Τάς
3037 1090 3107 1159 μὴ
3142 1088 3434 1159 βουληθεῖσι
3464 1084 3556 1138 τοῦ
3591 1084 3837 1152 θείουφω-

2325 1183 2415 1245 τὸς
2442 1183 2538 1245 τὰς
2567 1183 2733 1250 αὐγὰς
2774 1178 3168 1252 παραδέξασθαι
3196 1178 3419 1248 φοϐερὸς
3451 1172 3587 1229 εἶναι
3632 1174 3836 1241 λέγεται.

2327 1273 2415 1329 Διὸ
2437 1273 2685 1343 ἀνωτέρω
2728 1272 2824 1343 μὲν
2864 1269 3010 1340 αὐτῷ
3036 1269 3363 1340 προσεφώνει
3403 1268 3482 1337 τῷ
3511 1264 3628 1335 Θεῷ
3658 1264 3808 1329 λέγων

2321 1362 2582 1427 Φωτίζεις
2612 1363 2690 1417 σὺ
2719 1359 3068 1431 θαυμαστῶς
3098 1360 3212 1413 ἀπὸ
3256 1361 3435 1427 ὀρέων
3452 1357 3722 1413 αἰωνίωνο
3744 1356 3839 1407 νυνὶ

2320 1454 2377 1507 δὲ
2407 1453 2482 1524 τῷ
2516 1453 2681 1523 αὐτῷ,
2711 1454 2792 1506 Σὺ
2815 1452 3061 1521 φοϐερὸς
3085 1450 3157 1514 εἷ,
3188 1451 3282 1503 καὶ
3316 1452 3406 1513 τίς
3449 1445 3839 1515 ἀντιστήσεται

2324 1557 2457 1605 σοι;
2483 1542 2685 1595 Οὐκοῦν
2712 1544 2740 1594 ὁ
2770 1542 2927 1604 αὐτὸς
2969 1542 3061 1593 καὶ
3092 1540 3262 1608 φωτὸς
3296 1539 3551 1610 πάροχος,
3581 1539 3670 1590 καὶ
3706 1537 3840 1607 φοϐε-

2328 1632 2418 1702 ρὸς
2449 1631 2700 1700 τυγχάνει
2723 1648 2736 1661 ·
2770 1634 2879 1694 τοῖς
2926 1630 3022 1702 μὲν
3047 1629 3232 1691 δεξιοῖς
3268 1627 3440 1697 φωτδς
3477 1626 3715 1697 χορηγὸς,
3744 1628 3837 1687 τοῖς

2330 1721 2384 1773 δὲ
2410 1721 2709 1792 ἀριστεροῖς
2736 1721 2978 1791 φοϐερὸς,
3002 1715 3082 1782 οἷς
3105 1717 3168 1788 δὴ
3197 1718 3287 1770 καὶ
3324 1718 3481 1786 φήσει
3497 1733 3510 1747 ’
3537 1718 3838 1783 Πορεύεσθε

698 1817 938 1872 paratum
969 1808 1173 1863 diabolo
1193 1804 1247 1863 ρι’
1270 1812 1464 1880 angelis
1487 1812 1595 1880 ejus
1613 1814 1678 1867 “.
1702 1813 1899 1869 Deinde
1921 1815 2121 1879 subdit,
2146 1814 2225 1868 Ea:

2324 1812 2410 1874 εἰς
2440 1809 2505 1862 τὸ
2552 1809 2669 1877 πῦρ
2709 1811 2773 1867 τὸ
2801 1810 3035 1863 αἰώνιον
3062 1807 3127 1860 τὸ
3169 1806 3603 1874 ἡτοιμασμένον
3634 1805 3708 1871 τῷ
3735 1805 3839 1857 διας

702 1908 820 1951 tunc
853 1899 933 1951 ira
980 1910 1089 1955 tua.
1123 1900 1201 1953 Ex
1248 1909 1394 1964 tunc,
1426 1916 1456 1954 a
1497 1917 1727 1971 quonam
1776 1912 2031 1973 tempore,
2063 1906 2168 1960 nisi
2197 1920 2225 1958 a

699 2000 804 2054 quo
826 1985 1246 2041 dormitaverunt
1274 1988 1364 2057 qui
1411 1990 1766 2044 ascenderunt
1794 2007 1979 2060 equos,
2012 2000 2064 2046 et
2103 1991 2229 2046 dor-

699 2076 934 2130 mieruut
968 2090 1213 2130 somnum
1249 2093 1403 2132 suum
1452 2079 1765 2148 insipientes
1810 2066 1971 2135 corde
1997 2082 2029 2135 τ
2062 2081 2138 2136 Ex
2165 2097 2228 2137 eo

702 2180 934 2234 namque
981 2175 1219 2235 tempore
1262 2168 1364 2223 sibi
1404 2170 1537 2239 ipsis
1565 2171 2063 2226 thesaurizaverunt
2095 2172 2227 2225 iram

699 2256 753 2309 in
785 2256 871 2311 die
906 2257 1023 2321 irae;
1053 2259 1123 2312 ita
1161 2267 1218 2312 ut
1246 2261 1377 2329 ipsis
1421 2262 1669 2315 dicatur:
1703 2261 1785 2315 Ite
1813 2262 1881 2314 ad
1904 2263 2072 2317 lumen
2094 2264 2228 2331 ignis

697 2346 873 2409 eestri,
902 2358 949 2400 et
988 2347 1055 2400 ad
1092 2349 1359 2415 ﬂammam
1390 2366 1545 2419 quam
1579 2350 1882 2403 accendistis
1911 2351 1974 2403 ⁸⁷.
2022 2349 2229 2420 Singuli

698 2454 927 2510 namque
940 2455 1048 2509 quo
1063 2449 1299 2509 tempore
1316 2448 1560 2510 peccant,
1575 2456 1639 2495 ex
1651 2455 1714 2494 eo
1732 2443 1861 2493 iram
1886 2440 1983 2494 sibi
2013 2440 2229 2495 thesau-

700 2528 871 2581 ricanl
885 2545 899 2582 :
913 2527 1172 2597 siquidem
1189 2544 1284 2599 per
1296 2531 1427 2584 iram
1445 2530 1755 2599 intelligitur
1774 2531 2085 2599 supplicium
2106 2545 2231 2601 pec-

696 2620 941 2675 cantibus
954 2620 1304 2675 reconditum.
1320 2620 1520 2676 Deinde
1544 2636 1669 2676 vero
1684 2620 1880 2675 dicitur
1898 2636 1910 2670 :
1926 2618 2139 2673 —V£as
2171 2618 2223 2672 9.

700 2706 775 2761 De
786 2709 909 2763 cado
930 2709 1165 2763 auditum
1182 2709 1349 2778 fecisti
1362 2709 1639 2778 judicium.
1659 2710 1976 2764 Accuratius
1997 2707 2231 2763 animad-

696 2806 1034 2863 \'ertas,*non
1058 2800 1258 2853 dictum
1297 2799 1484 2866 fuisse,
1516 2800 1711 2868 fecisti,
1749 2800 1860 2863 sed,
1888 2798 2121 2851 auditum
2150 2799 2228 2867 fe-

696 2890 832 2942 cisti.
868 2890 1161 2959 Antequam
1192 2891 1331 2943 enim
1360 2889 1547 2957 judieii
1577 2898 1786 2959 tempus
1811 2889 2020 2943 eveniat
2047 2890 2111 2943 iis
2136 2888 2227 2957 qui

696 2988 823 3034 ante
853 2979 1115 3048 judicium
1147 2980 1426 3033 mortalem
1458 2981 1617 3033 vitam
1660 2979 1860 3043 obiere,
1888 2994 1982 3048 per
2018 2979 2227 3047 divinas

694 3066 975 3134 lectiones,
1007 3082 1282 3121 sermones
1322 3066 1388 3122 de
1416 3067 1828 3138 divino-judicio
1860 3068 2005 3145 ipsos
2041 3068 2227 3123 audire.

2328 1900 2480 1965 ϐόλῳ
2506 1898 2603 1951 καὶ
2627 1899 2747 1963 τοῖς
2782 1898 3050 1968 ἀγγέλοις
3073 1897 3278 1951 αὐτοῦ.
3307 1894 3417 1950 Εἶθ’
3446 1894 3569 1966 ἑξῆς
3595 1896 3835 1965 ἐπιφέρει·

2340 1990 2477 2043 Ἀπὸ
2517 1991 2645 2043 τότε
2683 1991 2720 2057 ἡ
2761 1988 2901 2058 ὀργή
2943 2005 3077 2051 σου.
3122 1989 3251 2043 Ἀπὸ
3282 1987 3399 2040 τότε
3442 1987 3519 2051 δὲ,
3563 1986 3707 2046 πότε,
3742 1984 3836 2037 ἀλλ’

2326 2064 2480 2151 ἣάφ*
2529 2076 2587 2134 οὗ
2623 2080 2911 2146 ἐνύσταξαν
2960 2082 3010 2133 οἱ
3057 2078 3433 2148 ἐπιϐεϐηκότες
3475 2077 3597 2140 τοὺς
3645 2078 3836 2139 ἵππους,

2327 2172 2419 2224 καὶ
2460 2172 2708 2225 ὓπνωσαν
2751 2171 2913 2224 ὕπνον
2958 2170 3132 2223 αὐτῶν
3162 2171 3209 2221 οἱ
3252 2167 3497 2221 ἀσύνετοι
3528 2170 3594 2237 τῇ
3630 2167 3834 2237 καρδίας

2340 2262 2426 2328 Ἐξ
2452 2262 2651 2315 ἐκείνου
2685 2263 2790 2335 γὰρ
2818 2263 2966 2315 αὐτοὶ
3008 2263 3213 2323 ἑαυτοῖς
3246 2252 3599 2330 ἐθησαύρίσαν
3619 2260 3771 2328 ὀργὴν
3791 2262 3838 2311 ὲν

2328 2352 2505 2423 ἡμέρᾳ
2533 2353 2725 2423 ὀργῆς
2760 2355 2833 2415 ὡς
2852 2351 3097 2421 λέγεσθαι
3134 2351 3265 2421 πρὸς
3290 2350 3508 2412 αὐτούς·
3539 2350 3838 2415 Πορεύεσθε

2326 2442 2403 2507 τῷ
2448 2443 2591 2511 φωτὶ
2644 2442 2748 2495 τοῦ
2790 2443 2973 2511 πυρὸς
2998 2441 3179 2511 ὑμῶν,
3215 2439 3308 2493 καὶ
3340 2438 3411 2507 τῇ
3456 2440 3628 2508 φλογὶ
3661 2432 3700 2509 ᾗ
3754 2439 3838 2503 ἐξ·

2325 2534 2631 2587 εκαύσατε.
2668 2532 2928 2595 Ἕκαστος
2953 2533 3060 2603 γὰρ
3095 2531 3213 2584 καθ’
3244 2531 3301 2583 ὃν
3335 2530 3519 2601 καιρὸν
3544 2530 3837 2603 ἁμαρτάνει,

2326 2622 2433 2675 ἀπὸ
2461 2622 2580 2675 τότε
2608 2623 2773 2694 ὀργὴν
2800 2621 2973 2691 ἑαυτῷ
3004 2621 3341 2692 θησαυρίζειο
3384 2622 3549 2693 ὀργῆς
3575 2624 3838 2691 νοουμένης

2324 2715 2419 2783 τῆς
2438 2714 2549 2775 τοῖς
2566 2712 2936 2783 πλημμελοῦσι
2958 2729 3204 2781 τεταμιευ
3213 2712 3374 2781 μένης
3398 2710 3672 2782 τιμωρίας.
3702 2711 3839 2780 Ἑξῆς

2325 2801 2381 2853 δὲ
2425 2802 2663 2872 εἴρηται·
2708 2803 2807 2855 Ἐκ
2848 2800 2951 2854 τοῦ
2985 2799 3239 2869 οὐρανοῦ
3282 2801 3601 2867 ἠκούτισας
3639 2799 3837 2867 κρίσιν.

2326 2890 2563 2973 Πρόσχες
2592 2891 2647 2942 δὲ
2697 2890 2983 2961 ἐπιμελῶς,
3024 2890 3100 2953 ὡς
3134 2890 3231 2941 οὐκ
3278 2889 3505 2959 εἴρηται,
3552 2889 3838 2955 ἐποίησας,

2326 2980 2439 3033 ἀλλ’
2464 2980 2805 3047 ήκούτισας.
2834 2979 2966 3049 Πρὶν
2989 2977 3094 3047 γὰρ
3121 2974 3367 3045 ἐπιϐῆναι
3396 2975 3487 3027 τὸν
3517 2976 3611 3045 τῆς
3633 2976 3837 3045 κρίσεως

2328 3072 2511 3141 καιρὸν
2530 3074 2638 3134 τοῖς
2659 3070 2762 3141 πρὸ
2774 3070 2873 3141 τῆς
2895 3069 3120 3139 κρίσεως
3136 3068 3224 3120 τὸν
3240 3066 3425 3136 Θνητὸν
3448 3065 3558 3135 βίον
3573 3065 3836 3128 διανύουσι,

696 3150 845 3207 fecit.
880 3151 981 3207 Sed
1008 3167 1149 3206 nunc
1181 3153 1390 3223 quidem
1430 3154 1666 3209 futurum
1692 3140 1955 3225 judicium
1986 3156 2053 3211 de
2087 3156 2225 3211 caelo

2324 3138 2447 3224 τοὺς
2467 3162 2593 3231 περὶ
2742 3138 2966 3231 κρίσεως
2987 3157 3171 3225 λόγους
3192 3154 3518 3224 ἀκουσθῆναι
3543 3155 3748 3223 ἐποίησε
3764 3154 3839 3207 διὰ

698 3243 941 3297 auditum
982 3243 1108 3298 fecit
1141 3263 1155 3297 :
1198 3245 1607 3313 superveniente
1647 3255 1825 3301 autem
1870 3248 2003 3315 justi
2038 3246 2225 3314 judieii

694 3330 793 3387 Dei
816 3342 1049 3402 tempore
1066 3332 1248 3403 (Vens.
1270 3335 1377 3405 (θ),
1417 3346 1573 3399 terra,
1598 3336 1787 3406 inquit,
1809 3337 2013 3389 tremuit
2028 3347 2075 3389 et
2093 3338 2229 3406 quie-

696 3425 790 3485 vit,
818 3440 932 3477 cum
961 3435 1253 3495 exsurgeret
1296 3426 1349 3478 in
1379 3425 1635 3494 judicium
1670 3426 1826 3489 Deus,
1860 3437 1917 3479 ut
1952 3427 2121 3480 salvos
2152 3428 2228 3495 fa-

699 3522 829 3566 ceret
845 3528 1015 3568 onmes
1042 3524 1335 3568 mansuetos
1357 3517 1725 3585 terrw.Aperte
1746 3524 1921 3570 autem
1946 3517 2029 3571 his
2049 3518 2227 3571 decla-

700 3609 801 3663 rat,
822 3617 939 3670 qua:
965 3604 1036 3658 sit
1066 3604 1253 3671 judieii
1278 3618 1472 3670 causa;
1509 3606 1584 3658 uti
1606 3607 1813 3660 scilicet
1834 3598 2009 3661 δεινος
2029 3606 2227 3662 laceret

682 3702 1005 3753 mansuetos
1022 3704 1191 3749 terrae.
1207 3693 1339 3748 Nam
1353 3696 1417 3751 de
1438 3696 1617 3767 impiis
1637 3698 1837 3753 dictum
1853 3707 1964 3753 est:
1996 3698 2117 3753 Non
2146 3716 2227 3753 rc-

698 3792 904 3852 surgent
920 3782 1070 3849 impii
1094 3783 1147 3862 in
1167 3782 1391 3852 judicio,
1432 3801 1588 3854 neque
1607 3772 1899 3854 peccatores
1932 3789 1986 3840 in
2010 3788 2225 3841 concilio

688 3875 971 3945 justorum.
1004 3872 1261 3937 Quoniam
1281 3874 1416 3927 novit
1445 3874 1692 3930 Dominus
1715 3878 1847 3930 viam
1865 3878 2148 3946 j'ustorum,
2178 3887 2226 3930 et

697 3958 795 4009 iter
828 3958 1101 4029 impiorum
1127 3961 1311 4029 peribit
1338 3964 1402 4016 σε.
1421 3962 1553 4017 Cum
1573 3967 2069 4036 surrexeritoitaque
2085 3968 2225 4023 Deus

698 4044 754 4097 in
795 4047 1091 4133 judicium,
1137 4059 1197 4103 ut
1252 4054 1429 4108 salvos
1476 4053 1633 4109 faciat
1686 4071 1872 4110 omnes
1917 4070 2225 4113 mansuetos

696 4143 872 4203 terrae,
904 4145 1048 4193 terra
1076 4149 1267 4195 tremet
1296 4154 1347 4196 et
1376 4143 1639 4211 quiescet.
1662 4143 1792 4199 Nam
1827 4150 2091 4202 mansueti
2116 4151 2229 4218 qui-

696 4227 814 4281 dem
848 4229 1070 4284 salutem
1103 4232 1456 4301 obtinebunt;
1488 4236 1577 4291 alii
1625 4246 1823 4301 autem,
1871 4238 1964 4292 ira:
2011 4228 2226 4294 traden-

694 4328 803 4373 tur.
836 4318 1058 4389 Reliqua
1093 4337 1218 4377 vero
1250 4332 1413 4390 terra,
1442 4334 1494 4379 et
1524 4327 1617 4395 qui
1649 4327 1824 4381 medio
1859 4329 1913 4381 in
1943 4335 2086 4382 statu
2114 4345 2227 4383 ver-

697 4417 904 4473 santur,
930 4420 1205 4481 assumpto
1236 4412 1326 4467 Dei
1352 4415 1541 4469 timore
1578 4430 1607 4467 a
1639 4419 2041 4483 perturbatione
2074 4420 2225 4489 quie—

695 4506 941 4551 scent.-—-
975 4500 1142 4555 Vens.
1178 4504 1264 4557 li.
1287 4503 1541 4569 Quoniam
1586 4507 1827 4575 cogitatio
1856 4506 2076 4562 hominis
2106 4526 2226 4562 con-

695 4588 924 4654 fitebitur
966 4591 1077 4655 tibi,
1122 4590 1173 4647 et
1208 4594 1440 4661 reliquiae
1485 4596 1813 4664 cogitationis
1855 4596 1991 4649 diem
2034 4582 2221 4664 festum

696 4684 847 4745 agent
887 4676 998 4729 tibi.
1030 4678 1094 4732 Et
1126 4681 1226 4734 hoc
1269 4682 1343 4735 ait
1375 4682 1608 4736 futurum
1648 4699 1768 4738 esse
1808 4700 1930 4739 cum
1970 4694 2224 4755 exsurget

698 4764 1029 4831 injudicium
1063 4766 1223 4832 Deus,
1258 4780 1315 4824 ut
1360 4772 1535 4827 salvos
1562 4772 1723 4826 faciat
1748 4789 1935 4829 omnes
1968 4789 2223 4828 mansue-

698 4860 782 4907 tos
796 4861 951 4907 teme
974 4874 988 4920 ;
1012 4858 1139 4927 quid
1172 4858 1315 4913 aliud
1342 4860 1394 4913 id
1418 4862 1593 4926 fuerit,
1626 4878 1783 4931 quam
1812 4865 1955 4934 quod
1979 4866 2221 4935 cogitatio

700 4943 918 4999 hominis
950 4949 1271 5015 conﬁtebitur
1294 4950 1429 5005 tibi?
1458 4950 1643 5006 Omnis
1671 4954 1865 5023 quippe
1886 4956 2085 5025 lingua,
2110 4971 2225 5010 om-

699 5035 782 5088 nis
798 5035 1068 5088 homimim
1087 5035 1341 5106 cogitatio
1366 5041 1667 5109 mentisque
1692 5044 1962 5110 perceptio
1987 5053 2223 5111 tempore

694 5123 878 5190 judicii
907 5124 1243 5182 conﬁtebitur
1281 5128 1408 5190 Deo,
1441 5130 1657 5199 quando
1703 5132 1910 5184 occulta
1948 5133 2222 5186 hominum

697 5214 1095 5268 revelabuntur.
1128 5215 1195 5268 Et
1237 5220 1485 5287 reliquice,
1516 5220 1705 5289 inquit,
1738 5221 2059 5289 cogitationis
2088 5222 2223 5274 diem

698 5301 886 5369 festum
920 5315 1070 5371 agent
1106 5304 1219 5359 tibi.
1256 5306 1391 5370 Quid
1421 5323 1583 5376 porro
1611 5309 1773 5364 fuerit
1810 5310 1960 5375 illud,
1992 5311 2222 5379 reliquie

699 5392 1051 5459 cogitationis,
1084 5393 1188 5449 nisi
1235 5396 1573 5450 ratiocinium
1617 5400 1759 5452 omni
1816 5414 1977 5468 prava
2018 5402 2223 5468 cogita-

700 5482 841 5534 tione
873 5485 1187 5551 purgatum?
1222 5485 1395 5540 simile
1426 5488 1492 5541 iis
1529 5487 1593 5541 de
1622 5490 1818 5557 quibus
1862 5490 2059 5544 dictum
2093 5496 2175 5543 est
2209 5508 2220 5543 :

701 5565 946 5634 Reliquiae
988 5571 1262 5625 secundum
1289 5575 1582 5629 electionem
1612 5568 1794 5645 gratiae
1825 5579 1976 5647 factm
2008 5591 2123 5633 sunt
2156 5580 2216 5633 ⁸³.

2320 3252 2427 3306 τῶν
2438 3252 2591 3305 θείων
2606 3251 3053 3319 ἀναγνωσμάτων.
3071 3246 3227 3299 Ἀλλά
3238 3244 3328 3297 νῦν
3347 3244 3443 3314 μὲν
3459 3246 3522 3297 ἐκ
3536 3244 3624 3298 τοῦ
3636 3244 3837 3315 οὐρανοῦ

2322 3341 2585 3411 ἀκουστὴν
2616 3339 2835 3407 ἐποίησε
2870 3338 2967 3407 τὴν
2992 3334 3280 3405 μέλλουσαν
3318 3333 3525 3403 κρίσιν’
3551 3332 3840 3394 ἐπιστάντος

2321 3431 2376 3483 δὲ
2406 3428 2497 3481 τοῦ
2527 3426 2715 3500 καιροῦ
2747 3428 2843 3497 τῆς
2875 3424 2967 3478 τοῦ
3009 3422 3142 3477 Θεοῦ
3180 3422 3587 3492 δικαιοκρισίας,
3616 3421 3718 3490 Γῆ,
3750 3439 3841 3492 φη-

2322 3522 2426 3585 σὶν,
2454 3521 2711 3588 ἐφοϐήθη
2746 3518 2841 3571 καὶ
2873 3517 3184 3584 ἡσύχασεν
3210 3515 3277 3567 ἐν
3304 3511 3384 3577 τῷ
3424 3512 3741 3581 ἀναστῆναι
3766 3515 3841 3574 εις

2322 3612 2519 3679 κρίσιν
2542 3611 2646 3664 τὸν
2685 3609 2861 3671 Θεὸν,
2894 3608 2997 3661 τοῦ
3029 3605 3219 3659 σῶσαι
3247 3602 3471 3669 πάντας
3494 3604 3629 3669 τοὺς
3659 3600 3841 3670 πραεῖς

2322 3700 2431 3767 τῆς
2458 3699 2588 3767 γῆς.
2618 3700 2805 3767 Σαφῶς
2837 3698 2893 3750 δὲ
2919 3699 3207 3767 παρίστησι
3240 3693 3325 3746 διὰ
3354 3692 3554 3745 τούτων
3580 3696 3608 3745 ὁ
3626 3692 3767 3758 λόγος
3789 3690 3841 3740 τὸ

2323 3790 2488 3843 αἴτιον
2518 3792 2613 3858 τῆς
2642 3788 2868 3859 κρίσεως
2886 3805 2897 3815 ·
2925 3786 3060 3855 ὑπὲρ
3086 3785 3192 3853 γὰρ
3215 3781 3306 3834 τοῦ
3337 3780 3503 3833 σῶσαι
3528 3782 3648 3842 τοὺς
3670 3781 3841 3848 πραεῖς

2323 3880 2421 3949 τῆς
2446 3881 2564 3950 γῆς.
2595 3878 2729 3948 Περὶ
2774 3874 2879 3946 γὰρ
2901 3875 3007 3927 τῶν
3044 3872 3249 3925 ἀσεϐῶν
3283 3871 3525 3941 εἴρηταν
3570 3870 3682 3922 Οὐκ
3713 3868 3822 3919 dra

2323 3967 2648 4035 στήσονται
2675 3964 2903 4028 ἀσεϐεῖς
2934 3964 3000 4015 ἐν
3026 3960 3233 4029 κρίσει,
3272 3958 3410 4012 οὐδὲ
3444 3953 3757 4026 ἁμαρτωλοὶ
3781 3952 3830 4006 ἐι

2319 4055 2516 4123 ,ϐουλῇ
2533 4055 2786 4108 δικαίων·
2802 4053 2888 4106 ὅτι
2914 4051 3182 4122 γινώσκει
3202 4054 3417 4120 Κύριος,
3435 4048 3577 4102 ὁδὸν
3601 4044 3839 4123 δικαίων,

2323 4119 2418 4200 καὶ
2436 4119 2571 4209 ὀδύς
2594 4144 2825 4198 ἀσεϐῶν
2857 4119 3173 4197 ἀπολεῖται.
3208 4119 3551 4202 Ἀναστάντος
3574 4119 3734 4191 τοίνῦν
3758 4132 3840 4186 τοῦ

2322 4237 2451 4291 Θεοῦ
2469 4240 2545 4299 εις
2568 4236 2746 4307 κρίσιν
2762 4236 2896 4307 ὑπὲρ
2911 4233 3002 4288 τοῦ
3020 4235 3187 4288 σῶσαι
3209 4234 3413 4296 πάντας
3426 4232 3549 4291 τοὺς
3566 4229 3743 4299 πραεῖς
3754 4225 3840 4293 τῆς

2322 4329 2442 4397 γῆς.
2458 4329 2525 4395 γῆ
2544 4324 2899 4393 φοϐηθήσεται
2921 4325 3012 4377 καὶ
3040 4323 3315 4393 ἡσυχάσει.
3339 4324 3408 4374 Di
3433 4320 3530 4390 μὲν
3546 4320 3649 4388 γὰρ
3668 4316 3841 4386 πραεῖς

2324 4413 2592 4478 τεύξονται
2622 4413 2717 4482 τῆς
2753 4411 3037 4481 σωτηρίας,
3063 4414 3112 4462 οἱ
3138 4412 3191 4464 δὲ
3211 4414 3274 4481 τῇ
3304 4409 3437 4481 ὀργῇ
3470 4406 3843 4479 παραδοθήσον-

2252 4472 2301 4530 D
2325 4472 2446 4560 cat:
2476 4508 2509 4576 ἡ
2537 4505 2593 4558 δὲ
2622 4472 2776 4572 λοιπὴ
2800 4504 2868 4574 γῆ
2883 4472 3006 4554 ’καί
3023 4472 3080 4554 οἱ
3106 4500 3202 4571 τὴν
3458 4472 3722 4569 εἰληφότες
3750 4510 3840 4546 κα·

2321 4599 2572 4650 τάστασιν
2601 4593 2893 4647 παύσονται
2924 4591 3021 4661 τῆς
3046 4591 3283 4662 ταραχῆς
3308 4589 3395 4643 τὸν
3419 4590 3558 4643 θεῖον
3583 4582 3838 4652 ἀνειληφό-

2319 4705 2408 4752 τες
2441 4687 2617 4756 φόϐον.
2643 4686 2761 4737 Ὅτι
2799 4683 3074 4750 ἐνθύμιον
3094 4681 3394 4751 ἀνθρώπου
3430 4673 3841 4748 ἐξομολογήσεο

2321 4779 2414 4831 ταί
2438 4794 2555 4841 σοι,
2580 4776 2674 4829 καὶ
2692 4771 3119 4843 ἐγκατάλειμμα
3144 4773 3420 4840 ἐνθυμίου
3443 4765 3705 4837 ἑορτάσει
3728 4778 3833 4816 σοι.

2323 4870 2429 4922 Καὶ
2458 4866 2612 4921 τοῦτό
2657 4882 2815 4935 φησιν
2849 4863 3059 4916 ἔσεσθαι
3099 4866 3155 4917 ἐν
3195 4861 3271 4931 τῷ
3302 4859 3591 4927 ἀναστῆναι
3614 4856 3699 4909 τὸν
3720 4853 3836 4907 Θεὸν

2323 4960 2399 5021 εἰς
2421 4959 2615 5028 κρίσιν,
2636 4955 2727 5008 τοῦ
2754 4955 2919 5007 σῶσαι
2942 4954 3142 5015 πάντας
3160 4954 3283 5013 τοὺς
3309 4950 3498 5019 πραεῖς
3524 4946 3620 5015 τῆς
3651 4946 3759 5015 γῆς.
3780 4940 3838 4995 Τί

2323 5047 2378 5099 δὲ
2427 5047 2581 5099 τοῦτο
2619 5046 2674 5115 ἦ,
2716 5046 2989 5113 ἐνθύμιον
3021 5041 3322 5109 ἀνθρώπου
3366 5032 3839 5107 ἐξομολογήσετιιί

2325 5151 2419 5191 σοι
2435 5153 2452 5199 ;
2480 5135 2630 5189 Πᾶσα
2659 5135 2765 5204 γὰρ
2791 5134 3006 5202 γλῶσσα
3036 5132 3126 5185 καὶ
3150 5132 3254 5193 πᾶς
3296 5129 3547 5199 λογισμὸς
3573 5128 3664 5181 καὶ
3699 5124 3836 5179 ἐνθύ-

2329 5242 2486 5295 μησις
2515 5223 2807 5294 ἀνθρώπων
2852 5221 3284 5291 ἐξομολογήσεται
3325 5216 3403 5287 τῷ
3441 5216 3558 5287 Θεῷ
3596 5214 3726 5299 κατά
3758 5210 3838 5262 τὸν

2322 5315 2419 5383 τῆς
2444 5311 2671 5381 κρίσεως
2709 5309 2913 5378 καιρὸν,
2956 5309 3043 5361 ὅτε
3068 5309 3136 5361 τά
3170 5304 3379 5379 κρυπτὰ
3416 5306 3523 5357 τῶν
3564 5299 3838 5373 ἀνθρώπων

2324 5400 2525 5473 φανερὰ
2546 5401 2842 5469 γενήσεται.
2872 5397 3431 5470 κωλέγκατάιειμμα
3454 5394 3531 5458 δὲ,
3559 5393 3729 5463 φησὶν,
3752 5389 3837 5440 ἐνί

2322 5494 2527 5561 θυμίου
2549 5490 2810 5559 ἑορτάσει
2835 5505 2950 5543 σοι.
2981 5491 3042 5543 Τί
3057 5490 3099 5543 δ’
3122 5489 3186 5542 ἂν
3210 5488 3413 5556 γένοιτο
3430 5481 3839 5565 Malagma

2320 5580 2595 5649 ἑνθυμίου
2634 5578 2665 5648 ἢ
2697 5579 2724 5629 ὁ
2752 5578 3146 5649 κεκαθαρμένος
3171 5577 3274 5631 ἀπὸ
3296 5576 3471 5643 πάσης
3501 5572 3724 5641 πονηρᾶς
3756 5571 3836 5623 ἐν-

772 5719 815 5747 ⁶⁸
856 5716 1036 5772 Matth.
1072 5737 1197 5787 xxv,
1234 5724 1319 5776 Ill.
1395 5728 1435 5759 "
1461 5726 1559 5782 lsa.
1598 5746 1655 5791 L,
1696 5732 1772 5785 ll.
1852 5734 1891 5761 ⁵⁸
1924 5731 2061 5787 Psal.
2106 5748 2155 5787 ι.
2194 5731 2312 5786 5.6.
2390 5701 2605 5783 "llam.
2640 5730 2812 5785 31.5.
