  <div class='ocr_page' id='page_1' title='image "/cluster/home/n/w/nwhite01/storage/ocr_20150623/23/pst.000005712076/450.png"; bbox 0 0 3950 6342; ppageno 0'>
   <div class='ocr_carea' id='block_1_1' title="bbox 142 427 2178 498">
    <p class='ocr_par' dir='ltr' id='par_1_1' title="bbox 142 427 2178 498">
     <span class='ocr_line' id='line_1_1' title="bbox 142 427 2178 498; baseline -0.003 5"><span class='ocrx_word' id='word_1_1' title='bbox 142 436 224 491; x_wconf 67' lang='grc'><strong>³85</strong></span> <span class='ocrx_word' id='word_1_2' title='bbox 1216 442 1711 498; x_wconf 73' lang='lat' dir='ltr'><strong>COMMENTARIA&#39;</strong></span> <span class='ocrx_word' id='word_1_3' title='bbox 1748 427 1812 496; x_wconf 74' lang='lat' dir='ltr'><strong>m</strong></span> <span class='ocrx_word' id='word_1_4' title='bbox 1851 440 2178 497; x_wconf 77' lang='lat' dir='ltr'><strong>PSALMOS.</strong></span> 
     </span>
    </p>
   </div>
   <div class='ocr_carea' id='block_1_2' title="bbox 142 556 1653 635">
    <p class='ocr_par' dir='ltr' id='par_1_2' title="bbox 142 556 1652 635">
     <span class='ocr_line' id='line_1_2' title="bbox 142 556 1652 635; baseline 0.007 -28"><span class='ocrx_word' id='word_1_5' title='bbox 142 556 392 628; x_wconf 74' lang='grc' dir='ltr'><strong>θυμήσεως</strong></span> <span class='ocrx_word' id='word_1_6' title='bbox 410 557 690 630; x_wconf 75' lang='grc' dir='ltr'><strong>λογισμόςς</strong></span> <span class='ocrx_word' id='word_1_7' title='bbox 718 562 896 632; x_wconf 77' lang='grc' dir='ltr'><strong>ὅμοιος</strong></span> <span class='ocrx_word' id='word_1_8' title='bbox 912 564 986 617; x_wconf 80' lang='grc' dir='ltr'><strong>ὢν</strong></span> <span class='ocrx_word' id='word_1_9' title='bbox 1007 559 1229 626; x_wconf 74' lang='grc' dir='ltr'><strong>ἐκέινο.ς</strong></span> <span class='ocrx_word' id='word_1_10' title='bbox 1256 565 1380 635; x_wconf 76' lang='grc' dir='ltr'><strong>περὶ</strong></span> <span class='ocrx_word' id='word_1_11' title='bbox 1402 557 1475 618; x_wconf 84' lang='grc' dir='ltr'><strong>ὧν</strong></span> <span class='ocrx_word' id='word_1_12' title='bbox 1505 564 1652 634; x_wconf 73' lang='grc' dir='ltr'><strong>εἴρη-</strong></span> 
     </span>
    </p>
   </div>
   <div class='ocr_carea' id='block_1_3' title="bbox 1747 556 3295 635">
    <p class='ocr_par' dir='ltr' id='par_1_3' title="bbox 1753 561 3295 634">
     <span class='ocr_line' id='line_1_3' title="bbox 1753 561 3295 634; baseline 0.003 -18"><span class='ocrx_word' id='word_1_13' title='bbox 1753 562 1842 616; x_wconf 85' lang='lat' dir='ltr'><strong>Sic</strong></span> <span class='ocrx_word' id='word_1_14' title='bbox 1863 564 2024 633; x_wconf 86' lang='lat' dir='ltr'><strong>igitur</strong></span> <span class='ocrx_word' id='word_1_15' title='bbox 2049 578 2102 617; x_wconf 81' lang='lat' dir='ltr'><strong>et</strong></span> <span class='ocrx_word' id='word_1_16' title='bbox 2131 575 2306 632; x_wconf 81' lang='lat' dir='ltr'><strong>ipsum</strong></span> <span class='ocrx_word' id='word_1_17' title='bbox 2345 561 2730 633; x_wconf 75' lang='lat' dir='ltr'><strong>[ratiocinium]</strong></span> <span class='ocrx_word' id='word_1_18' title='bbox 2757 561 2994 631; x_wconf 66' lang='lat' dir='ltr'><strong>reliquiae</strong></span> <span class='ocrx_word' id='word_1_19' title='bbox 3018 564 3295 634; x_wconf 79' lang='lat' dir='ltr'><strong>cogitatio-</strong></span> 
     </span>
    </p>
   </div>
   <div class='ocr_carea' id='block_1_4' title="bbox 141 647 1653 724">
    <p class='ocr_par' dir='ltr' id='par_1_4' title="bbox 141 647 1652 723">
     <span class='ocr_line' id='line_1_4' title="bbox 141 647 1652 723; baseline 0.007 -26"><span class='ocrx_word' id='word_1_20' title='bbox 141 662 241 698; x_wconf 84' lang='grc' dir='ltr'><strong>ται·</strong></span> <span class='ocrx_word' id='word_1_21' title='bbox 269 647 487 716; x_wconf 78' lang='grc' dir='ltr'><strong>Λεῖμμα</strong></span> <span class='ocrx_word' id='word_1_22' title='bbox 513 651 638 703; x_wconf 80' lang='grc' dir='ltr'><strong>κατ’</strong></span> <span class='ocrx_word' id='word_1_23' title='bbox 664 652 923 720; x_wconf 69' lang='grc' dir='ltr'><strong>ἐκλογὴν</strong></span> <span class='ocrx_word' id='word_1_24' title='bbox 948 652 1184 722; x_wconf 82' lang='grc' dir='ltr'><strong>χάριτος</strong></span> <span class='ocrx_word' id='word_1_25' title='bbox 1210 653 1468 723; x_wconf 79' lang='grc' dir='ltr'><strong>γέγονεν.</strong></span> <span class='ocrx_word' id='word_1_26' title='bbox 1500 654 1652 707; x_wconf 83' lang='grc' dir='ltr'><strong>Οὖτω</strong></span> 
     </span>
    </p>
   </div>
   <div class='ocr_carea' id='block_1_5' title="bbox 1747 647 3294 724">
    <p class='ocr_par' dir='ltr' id='par_1_5' title="bbox 1750 651 3294 724">
     <span class='ocr_line' id='line_1_5' title="bbox 1750 651 3294 724; baseline 0 -15"><span class='ocrx_word' id='word_1_27' title='bbox 1750 654 1838 709; x_wconf 88' lang='lat' dir='ltr'><strong>nis</strong></span> <span class='ocrx_word' id='word_1_28' title='bbox 1863 665 2112 708; x_wconf 84' lang='lat' dir='ltr'><strong>vocatum</strong></span> <span class='ocrx_word' id='word_1_29' title='bbox 2146 661 2267 720; x_wconf 91' lang='lat' dir='ltr'><strong>est;</strong></span> <span class='ocrx_word' id='word_1_30' title='bbox 2301 655 2628 722; x_wconf 75' lang='lat' dir='ltr'><strong>quapropter</strong></span> <span class='ocrx_word' id='word_1_31' title='bbox 2648 660 2777 707; x_wconf 85' lang='lat' dir='ltr'><strong>tunc</strong></span> <span class='ocrx_word' id='word_1_32' title='bbox 2807 651 3002 708; x_wconf 80' lang='lat' dir='ltr'><strong>festum</strong></span> <span class='ocrx_word' id='word_1_33' title='bbox 3034 664 3175 724; x_wconf 85' lang='lat' dir='ltr'><strong>aget,</strong></span> <span class='ocrx_word' id='word_1_34' title='bbox 3211 663 3294 708; x_wconf 88' lang='lat' dir='ltr'><strong>ut-</strong></span> 
     </span>
    </p>
   </div>
   <div class='ocr_carea' id='block_1_6' title="bbox 142 737 1653 815">
    <p class='ocr_par' dir='ltr' id='par_1_6' title="bbox 142 737 1653 815">
     <span class='ocr_line' id='line_1_6' title="bbox 142 737 1653 815; baseline 0.006 -26"><span class='ocrx_word' id='word_1_35' title='bbox 142 737 245 803; x_wconf 79' lang='grc' dir='ltr'><strong>γοῦν</strong></span> <span class='ocrx_word' id='word_1_36' title='bbox 279 739 438 801; x_wconf 81' lang='grc' dir='ltr'><strong>αὐτὸς</strong></span> <span class='ocrx_word' id='word_1_37' title='bbox 472 741 878 814; x_wconf 75' lang='grc' dir='ltr'><strong>ἐγκατάλειμμα</strong></span> <span class='ocrx_word' id='word_1_38' title='bbox 911 745 1159 814; x_wconf 86' lang='grc' dir='ltr'><strong>ὲνθυμίου</strong></span> <span class='ocrx_word' id='word_1_39' title='bbox 1215 745 1546 815; x_wconf 83' lang='grc' dir='ltr'><strong>ὠνόμασται·</strong></span> <span class='ocrx_word' id='word_1_40' title='bbox 1574 745 1653 798; x_wconf 83' lang='grc' dir='ltr'><strong>διὸ</strong></span> 
     </span>
    </p>
   </div>
   <div class='ocr_carea' id='block_1_7' title="bbox 1747 737 3297 815">
    <p class='ocr_par' dir='ltr' id='par_1_7' title="bbox 1751 742 3297 813">
     <span class='ocr_line' id='line_1_7' title="bbox 1751 742 3297 813; baseline 0.004 -17"><span class='ocrx_word' id='word_1_41' title='bbox 1751 751 1876 813; x_wconf 89' lang='lat' dir='ltr'><strong>pote</strong></span> <span class='ocrx_word' id='word_1_42' title='bbox 1925 746 1977 796; x_wconf 95' lang='lat' dir='ltr'><strong>in</strong></span> <span class='ocrx_word' id='word_1_43' title='bbox 2028 752 2269 812; x_wconf 88' lang='lat' dir='ltr'><strong>tempore</strong></span> <span class='ocrx_word' id='word_1_44' title='bbox 2300 756 2399 798; x_wconf 90' lang='lat' dir='ltr'><strong>suo</strong></span> <span class='ocrx_word' id='word_1_45' title='bbox 2438 742 2825 812; x_wconf 80' lang='lat' dir='ltr'><strong>promissiones</strong></span> <span class='ocrx_word' id='word_1_46' title='bbox 2872 742 3021 813; x_wconf 75' lang='lat' dir='ltr'><strong>regni</strong></span> <span class='ocrx_word' id='word_1_47' title='bbox 3060 745 3297 802; x_wconf 65' lang='lat' dir='ltr'><strong>caelestis</strong></span> 
     </span>
    </p>
   </div>
   <div class='ocr_carea' id='block_1_8' title="bbox 3187 448 3399 504">
    <p class='ocr_par' dir='ltr' id='par_1_8' title="bbox 3187 448 3399 504">
     <span class='ocr_line' id='line_1_8' title="bbox 3187 448 3399 504; baseline 0 -1"><span class='ocrx_word' id='word_1_48' title='bbox 3187 448 3288 504; x_wconf 84' lang='lat'><strong>886</strong></span> <span class='ocrx_word' id='word_1_49' title='bbox 3386 474 3399 487; x_wconf 73' lang='grc' dir='ltr'><strong><em>ο</em></strong></span> 
     </span>
    </p>
   </div>
   <div class='ocr_carea' id='block_1_9' title="bbox 143 828 1655 905">
    <p class='ocr_par' dir='ltr' id='par_1_9' title="bbox 143 828 1655 905">
     <span class='ocr_line' id='line_1_9' title="bbox 143 828 1655 905; baseline 0.009 -27"><span class='ocrx_word' id='word_1_50' title='bbox 143 828 355 896; x_wconf 72' lang='grc' dir='ltr'><strong>ἑορτάσει</strong></span> <span class='ocrx_word' id='word_1_51' title='bbox 393 831 532 895; x_wconf 87' lang='grc' dir='ltr'><strong>τότε,</strong></span> <span class='ocrx_word' id='word_1_52' title='bbox 565 833 657 886; x_wconf 74' lang='grc' dir='ltr'><strong>ἅτε</strong></span> <span class='ocrx_word' id='word_1_53' title='bbox 685 834 748 903; x_wconf 84' lang='grc' dir='ltr'><strong>δὴ</strong></span> <span class='ocrx_word' id='word_1_54' title='bbox 789 834 926 887; x_wconf 83' lang='grc' dir='ltr'><strong>κατὰ</strong></span> <span class='ocrx_word' id='word_1_55' title='bbox 968 834 1154 905; x_wconf 80' lang='grc' dir='ltr'><strong>καιρὸν</strong></span> <span class='ocrx_word' id='word_1_56' title='bbox 1197 834 1293 899; x_wconf 73' lang='grc' dir='ltr'><strong>τὰς</strong></span> <span class='ocrx_word' id='word_1_57' title='bbox 1335 836 1655 904; x_wconf 74' lang='grc' dir='ltr'><strong>ἐπαγγελίας</strong></span> 
     </span>
    </p>
   </div>
   <div class='ocr_carea' id='block_1_10' title="bbox 143 916 1112 994">
    <p class='ocr_par' dir='ltr' id='par_1_10' title="bbox 143 916 1112 994">
     <span class='ocr_line' id='line_1_10' title="bbox 143 916 1112 994; baseline 0.011 -27"><span class='ocrx_word' id='word_1_58' title='bbox 143 916 397 971; x_wconf 73' lang='grc' dir='ltr'><strong>ἀπολαϐὼν</strong></span> <span class='ocrx_word' id='word_1_59' title='bbox 422 922 520 990; x_wconf 82' lang='grc' dir='ltr'><strong>τῆς</strong></span> <span class='ocrx_word' id='word_1_60' title='bbox 547 923 790 992; x_wconf 76' lang='grc' dir='ltr'><strong>οὐρανίου</strong></span> <span class='ocrx_word' id='word_1_61' title='bbox 824 923 1112 994; x_wconf 78' lang='grc' dir='ltr'><strong>βασιλείας.</strong></span> 
     </span>
    </p>
   </div>
   <div class='ocr_carea' id='block_1_11' title="bbox 199 1005 1656 1084">
    <p class='ocr_par' dir='ltr' id='par_1_11' title="bbox 199 1005 1656 1084">
     <span class='ocr_line' id='line_1_11' title="bbox 199 1005 1656 1084; baseline 0.014 -28"><span class='ocrx_word' id='word_1_62' title='bbox 199 1005 453 1068; x_wconf 80' lang='grc' dir='ltr'><strong>Εὗξασθε</strong></span> <span class='ocrx_word' id='word_1_63' title='bbox 481 1009 577 1063; x_wconf 76' lang='grc' dir='ltr'><strong>καὶ</strong></span> <span class='ocrx_word' id='word_1_64' title='bbox 598 1010 846 1065; x_wconf 78' lang='grc' dir='ltr'><strong>ἀπόδοτε</strong></span> <span class='ocrx_word' id='word_1_65' title='bbox 872 1014 1064 1082; x_wconf 83' lang='grc' dir='ltr'><strong>Κυρίῳ</strong></span> <span class='ocrx_word' id='word_1_66' title='bbox 1090 1013 1168 1079; x_wconf 87' lang='grc' dir='ltr'><strong>τῷ</strong></span> <span class='ocrx_word' id='word_1_67' title='bbox 1201 1013 1320 1079; x_wconf 84' lang='grc' dir='ltr'><strong>Θεῷ</strong></span> <span class='ocrx_word' id='word_1_68' title='bbox 1341 1013 1446 1081; x_wconf 86' lang='grc' dir='ltr'><strong>τὰς</strong></span> <span class='ocrx_word' id='word_1_69' title='bbox 1475 1017 1656 1084; x_wconf 85' lang='grc' dir='ltr'><strong>εὐχὰς</strong></span> 
     </span>
    </p>
   </div>
   <div class='ocr_carea' id='block_1_12' title="bbox 145 1091 1655 1172">
    <p class='ocr_par' dir='ltr' id='par_1_12' title="bbox 145 1091 1655 1172">
     <span class='ocr_line' id='line_1_12' title="bbox 145 1091 1655 1172; baseline 0.009 -28"><span class='ocrx_word' id='word_1_70' title='bbox 145 1091 299 1159; x_wconf 76' lang='grc' dir='ltr'><strong>ὑμῶν,</strong></span> <span class='ocrx_word' id='word_1_71' title='bbox 332 1094 551 1162; x_wconf 79' lang='grc' dir='ltr'><strong>πάντες</strong></span> <span class='ocrx_word' id='word_1_72' title='bbox 598 1101 652 1151; x_wconf 82' lang='grc' dir='ltr'><strong>οι</strong></span> <span class='ocrx_word' id='word_1_73' title='bbox 697 1100 897 1166; x_wconf 79' lang='grc' dir='ltr'><strong>κύκλῳ</strong></span> <span class='ocrx_word' id='word_1_74' title='bbox 931 1101 1142 1156; x_wconf 78' lang='grc' dir='ltr'><strong>αὐτοῦ’</strong></span> <span class='ocrx_word' id='word_1_75' title='bbox 1177 1101 1254 1167; x_wconf 85' lang='grc' dir='ltr'><strong>τῷ</strong></span> <span class='ocrx_word' id='word_1_76' title='bbox 1297 1103 1520 1172; x_wconf 77' lang='grc' dir='ltr'><strong>φοϐερῷ</strong></span> <span class='ocrx_word' id='word_1_77' title='bbox 1559 1104 1655 1158; x_wconf 69' lang='grc' dir='ltr'><strong>καὶ</strong></span> 
     </span>
    </p>
   </div>
   <div class='ocr_carea' id='block_1_13' title="bbox 144 1182 1656 1262">
    <p class='ocr_par' dir='ltr' id='par_1_13' title="bbox 144 1182 1656 1262">
     <span class='ocr_line' id='line_1_13' title="bbox 144 1182 1656 1262; baseline 0.011 -30"><span class='ocrx_word' id='word_1_78' title='bbox 144 1182 519 1251; x_wconf 61' lang='grc' dir='ltr'><strong>ἀφαιρουμένῳ</strong></span> <span class='ocrx_word' id='word_1_79' title='bbox 571 1188 869 1256; x_wconf 81' lang='grc' dir='ltr'><strong>πνεύματα</strong></span> <span class='ocrx_word' id='word_1_80' title='bbox 929 1190 1256 1258; x_wconf 81' lang='grc' dir='ltr'><strong>ἀρχόντων,</strong></span> <span class='ocrx_word' id='word_1_81' title='bbox 1307 1191 1387 1257; x_wconf 82' lang='grc' dir='ltr'><strong>τῷ</strong></span> <span class='ocrx_word' id='word_1_82' title='bbox 1434 1193 1656 1262; x_wconf 78' lang='grc' dir='ltr'><strong>φοϐερῷ</strong></span> 
     </span>
    </p>
   </div>
   <div class='ocr_carea' id='block_1_14' title="bbox 143 1273 1657 1356">
    <p class='ocr_par' dir='ltr' id='par_1_14' title="bbox 143 1273 1657 1356">
     <span class='ocr_line' id='line_1_14' title="bbox 143 1273 1657 1356; baseline 0.01 -33"><span class='ocrx_word' id='word_1_83' title='bbox 143 1273 274 1341; x_wconf 62' lang='grc' dir='ltr'><strong>παρὰ</strong></span> <span class='ocrx_word' id='word_1_84' title='bbox 289 1273 410 1339; x_wconf 81' lang='grc' dir='ltr'><strong>τοῖς</strong></span> <span class='ocrx_word' id='word_1_85' title='bbox 431 1275 757 1338; x_wconf 71' lang='grc' dir='ltr'><strong>,βασιλεῦσι</strong></span> <span class='ocrx_word' id='word_1_86' title='bbox 784 1278 890 1348; x_wconf 84' lang='grc' dir='ltr'><strong>τῆς</strong></span> <span class='ocrx_word' id='word_1_87' title='bbox 913 1281 1046 1350; x_wconf 77' lang='grc' dir='ltr'><strong>γῆς.</strong></span> <span class='ocrx_word' id='word_1_88' title='bbox 1070 1282 1391 1346; x_wconf 81' lang='grc' dir='ltr'><strong>Συντελέσας</strong></span> <span class='ocrx_word' id='word_1_89' title='bbox 1415 1284 1504 1336; x_wconf 86' lang='grc' dir='ltr'><strong>τὸν</strong></span> <span class='ocrx_word' id='word_1_90' title='bbox 1531 1287 1657 1356; x_wconf 81' lang='grc' dir='ltr'><strong>περὶ</strong></span> 
     </span>
    </p>
   </div>
   <div class='ocr_carea' id='block_1_15' title="bbox 141 1364 1657 1442">
    <p class='ocr_par' dir='ltr' id='par_1_15' title="bbox 141 1364 1657 1442">
     <span class='ocr_line' id='line_1_15' title="bbox 141 1364 1657 1442; baseline 0.009 -28"><span class='ocrx_word' id='word_1_91' title='bbox 141 1364 220 1433; x_wconf 80' lang='grc' dir='ltr'><strong>τῆς</strong></span> <span class='ocrx_word' id='word_1_92' title='bbox 251 1364 472 1435; x_wconf 83' lang='grc' dir='ltr'><strong>κρίσεως</strong></span> <span class='ocrx_word' id='word_1_93' title='bbox 516 1365 610 1420; x_wconf 77' lang='grc' dir='ltr'><strong>τοῦ</strong></span> <span class='ocrx_word' id='word_1_94' title='bbox 654 1368 787 1422; x_wconf 84' lang='grc' dir='ltr'><strong>Θεοῦ</strong></span> <span class='ocrx_word' id='word_1_95' title='bbox 833 1370 1006 1439; x_wconf 86' lang='grc' dir='ltr'><strong>λόγον,</strong></span> <span class='ocrx_word' id='word_1_96' title='bbox 1051 1374 1442 1442; x_wconf 76' lang='grc' dir='ltr'><strong>παραινετικῶς</strong></span> <span class='ocrx_word' id='word_1_97' title='bbox 1479 1373 1657 1428; x_wconf 79' lang='grc' dir='ltr'><strong>λοιπὸν</strong></span> 
     </span>
    </p>
   </div>
   <div class='ocr_carea' id='block_1_16' title="bbox 143 1455 1658 1530">
    <p class='ocr_par' dir='ltr' id='par_1_16' title="bbox 143 1455 1658 1530">
     <span class='ocr_line' id='line_1_16' title="bbox 143 1455 1658 1530; baseline 0.008 -27"><span class='ocrx_word' id='word_1_98' title='bbox 143 1455 278 1504; x_wconf 70' lang='grc' dir='ltr'><strong>πᾶσιν</strong></span> <span class='ocrx_word' id='word_1_99' title='bbox 309 1457 436 1523; x_wconf 77' lang='grc' dir='ltr'><strong>ἡμῖν</strong></span> <span class='ocrx_word' id='word_1_100' title='bbox 469 1457 787 1527; x_wconf 71' lang='grc' dir='ltr'><strong>προστάττει</strong></span> <span class='ocrx_word' id='word_1_101' title='bbox 813 1457 1080 1530; x_wconf 78' lang='grc' dir='ltr'><strong>εὔχεσθαι,</strong></span> <span class='ocrx_word' id='word_1_102' title='bbox 1109 1461 1202 1512; x_wconf 80' lang='grc' dir='ltr'><strong>καὶ</strong></span> <span class='ocrx_word' id='word_1_103' title='bbox 1230 1461 1530 1514; x_wconf 87' lang='grc' dir='ltr'><strong>ἀποδιδόναι</strong></span> <span class='ocrx_word' id='word_1_104' title='bbox 1549 1464 1658 1515; x_wconf 82' lang='grc' dir='ltr'><strong>Κυ-</strong></span> 
     </span>
    </p>
   </div>
   <div class='ocr_carea' id='block_1_17' title="bbox 145 1544 1658 1621">
    <p class='ocr_par' dir='ltr' id='par_1_17' title="bbox 145 1544 1658 1621">
     <span class='ocr_line' id='line_1_17' title="bbox 145 1544 1658 1621; baseline -0.001 -18"><span class='ocrx_word' id='word_1_105' title='bbox 145 1544 311 1613; x_wconf 80' lang='grc' dir='ltr'><strong>ρίφτῷ</strong></span> <span class='ocrx_word' id='word_1_106' title='bbox 336 1545 450 1614; x_wconf 83' lang='grc' dir='ltr'><strong>Θεῷ</strong></span> <span class='ocrx_word' id='word_1_107' title='bbox 486 1547 638 1617; x_wconf 75' lang='grc' dir='ltr'><strong>ἡμῶν</strong></span> <span class='ocrx_word' id='word_1_108' title='bbox 664 1547 761 1611; x_wconf 88' lang='grc' dir='ltr'><strong>τὰς</strong></span> <span class='ocrx_word' id='word_1_109' title='bbox 791 1548 952 1618; x_wconf 81' lang='grc' dir='ltr'><strong>εὐχάς</strong></span> <span class='ocrx_word' id='word_1_110' title='bbox 973 1567 988 1580; x_wconf 77' lang='grc' dir='ltr'><strong>ο</strong></span> <span class='ocrx_word' id='word_1_111' title='bbox 1029 1550 1102 1610; x_wconf 87' lang='grc' dir='ltr'><strong>ὠς</strong></span> <span class='ocrx_word' id='word_1_112' title='bbox 1139 1548 1216 1601; x_wconf 81' lang='grc' dir='ltr'><strong>ἔτι</strong></span> <span class='ocrx_word' id='word_1_113' title='bbox 1249 1549 1305 1601; x_wconf 83' lang='grc' dir='ltr'><strong>δὲ</strong></span> <span class='ocrx_word' id='word_1_114' title='bbox 1324 1549 1508 1621; x_wconf 88' lang='grc' dir='ltr'><strong>καιρός</strong></span> <span class='ocrx_word' id='word_1_115' title='bbox 1544 1552 1658 1603; x_wconf 72' lang='grc' dir='ltr'><strong>ἐστι</strong></span> 
     </span>
    </p>
   </div>
   <div class='ocr_carea' id='block_1_18' title="bbox 141 1633 1657 1708">
    <p class='ocr_par' dir='ltr' id='par_1_18' title="bbox 141 1633 1657 1708">
     <span class='ocr_line' id='line_1_18' title="bbox 141 1633 1657 1708; baseline 0.007 -24"><span class='ocrx_word' id='word_1_116' title='bbox 141 1633 254 1686; x_wconf 74' lang='grc' dir='ltr'><strong>κατὰ</strong></span> <span class='ocrx_word' id='word_1_117' title='bbox 276 1635 363 1688; x_wconf 83' lang='grc' dir='ltr'><strong>τὸν</strong></span> <span class='ocrx_word' id='word_1_118' title='bbox 390 1638 655 1691; x_wconf 74' lang='grc' dir='ltr'><strong>ἐνεστῶτα</strong></span> <span class='ocrx_word' id='word_1_119' title='bbox 681 1639 811 1708; x_wconf 88' lang='grc' dir='ltr'><strong>βίον,</strong></span> <span class='ocrx_word' id='word_1_120' title='bbox 841 1639 1148 1708; x_wconf 78' lang='grc' dir='ltr'><strong>ἀναγκαίως</strong></span> <span class='ocrx_word' id='word_1_121' title='bbox 1180 1640 1333 1693; x_wconf 83' lang='grc' dir='ltr'><strong>τοῦτο</strong></span> <span class='ocrx_word' id='word_1_122' title='bbox 1358 1642 1525 1694; x_wconf 85' lang='grc' dir='ltr'><strong>ποιεῖν</strong></span> <span class='ocrx_word' id='word_1_123' title='bbox 1552 1658 1657 1694; x_wconf 88' lang='grc' dir='ltr'><strong>πα-</strong></span> 
     </span>
    </p>
   </div>
   <div class='ocr_carea' id='block_1_19' title="bbox 141 1727 1697 1803">
    <p class='ocr_par' dir='ltr' id='par_1_19' title="bbox 141 1727 1697 1803">
     <span class='ocr_line' id='line_1_19' title="bbox 141 1727 1697 1803; baseline 0.006 -27"><span class='ocrx_word' id='word_1_124' title='bbox 141 1728 304 1794; x_wconf 79' lang='grc' dir='ltr'><strong>ραινεῖ.</strong></span> <span class='ocrx_word' id='word_1_125' title='bbox 334 1727 510 1796; x_wconf 79' lang='grc' dir='ltr'><strong>Εύχὰς</strong></span> <span class='ocrx_word' id='word_1_126' title='bbox 540 1731 598 1783; x_wconf 82' lang='grc' dir='ltr'><strong>δὲ</strong></span> <span class='ocrx_word' id='word_1_127' title='bbox 629 1730 727 1795; x_wconf 76' lang='grc' dir='ltr'><strong>τὰς</strong></span> <span class='ocrx_word' id='word_1_128' title='bbox 759 1730 1081 1800; x_wconf 83' lang='grc' dir='ltr'><strong>ἐπαγγελίας</strong></span> <span class='ocrx_word' id='word_1_129' title='bbox 1119 1729 1302 1784; x_wconf 74' lang='grc' dir='ltr'><strong>εἴωθεν</strong></span> <span class='ocrx_word' id='word_1_130' title='bbox 1343 1732 1654 1803; x_wconf 77' lang='grc' dir='ltr'><strong>ὀνομάζειν·</strong></span> <span class='ocrx_word' id='word_1_131' title='bbox 1694 1757 1697 1760; x_wconf 91' lang='grc'><strong>·</strong></span> 
     </span>
    </p>
   </div>
   <div class='ocr_carea' id='block_1_20' title="bbox 139 1813 1660 1890">
    <p class='ocr_par' dir='ltr' id='par_1_20' title="bbox 139 1813 1660 1890">
     <span class='ocr_line' id='line_1_20' title="bbox 139 1813 1660 1890; baseline 0.009 -27"><span class='ocrx_word' id='word_1_132' title='bbox 139 1813 202 1864; x_wconf 75' lang='grc' dir='ltr'><strong>διὸ</strong></span> <span class='ocrx_word' id='word_1_133' title='bbox 223 1813 451 1868; x_wconf 81' lang='grc' dir='ltr'><strong>λέλεκται</strong></span> <span class='ocrx_word' id='word_1_134' title='bbox 475 1834 488 1848; x_wconf 70' lang='grc' dir='ltr'><strong>ο</strong></span> <span class='ocrx_word' id='word_1_135' title='bbox 532 1819 669 1872; x_wconf 83' lang='grc' dir='ltr'><strong>Ἐὰν</strong></span> <span class='ocrx_word' id='word_1_136' title='bbox 691 1819 836 1888; x_wconf 78' lang='grc' dir='ltr'><strong>εὔξῃ</strong></span> <span class='ocrx_word' id='word_1_137' title='bbox 859 1820 1066 1886; x_wconf 80' lang='grc' dir='ltr'><strong>εὐχὴν,</strong></span> <span class='ocrx_word' id='word_1_138' title='bbox 1095 1818 1180 1887; x_wconf 78' lang='grc' dir='ltr'><em>μὴ</em></span> <span class='ocrx_word' id='word_1_139' title='bbox 1217 1821 1660 1890; x_wconf 54' lang='lat' dir='ltr'><strong>lpos-[ancde-</strong></span> 
     </span>
    </p>
   </div>
   <div class='ocr_carea' id='block_1_21' title="bbox 139 1889 1729 1986">
    <p class='ocr_par' dir='ltr' id='par_1_21' title="bbox 139 1889 1729 1986">
     <span class='ocr_line' id='line_1_21' title="bbox 139 1889 1729 1986; baseline 0.006 -28"><span class='ocrx_word' id='word_1_140' title='bbox 139 1906 342 1962; x_wconf 80' lang='grc' dir='ltr'><strong>ὄοῦναι·</strong></span> <span class='ocrx_word' id='word_1_141' title='bbox 376 1910 599 1978; x_wconf 66' lang='grc' dir='ltr'><strong>ἀγαθὸν</strong></span> <span class='ocrx_word' id='word_1_142' title='bbox 627 1911 693 1964; x_wconf 83' lang='grc' dir='ltr'><strong>τὸ</strong></span> <span class='ocrx_word' id='word_1_143' title='bbox 731 1912 816 1980; x_wconf 81' lang='grc' dir='ltr'><strong>μὴ</strong></span> <span class='ocrx_word' id='word_1_144' title='bbox 863 1911 1166 1977; x_wconf 80' lang='grc' dir='ltr'><strong>εὔξασθαι,</strong></span> <span class='ocrx_word' id='word_1_145' title='bbox 1196 1913 1234 1982; x_wconf 79' lang='grc' dir='ltr'><em>ἢ</em></span> <span class='ocrx_word' id='word_1_146' title='bbox 1268 1913 1334 1966; x_wconf 82' lang='grc' dir='ltr'><strong>τὸ</strong></span> <span class='ocrx_word' id='word_1_147' title='bbox 1372 1913 1654 1986; x_wconf 75' lang='grc' dir='ltr'><strong>εὔξασθαι</strong></span> <span class='ocrx_word' id='word_1_148' title='bbox 1687 1889 1729 1944; x_wconf 75' lang='grc' dir='ltr'>Β</span> 
     </span>
    </p>
   </div>
   <div class='ocr_carea' id='block_1_22' title="bbox 139 1999 1652 2074">
    <p class='ocr_par' dir='ltr' id='par_1_22' title="bbox 139 1999 1652 2074">
     <span class='ocr_line' id='line_1_22' title="bbox 139 1999 1652 2074; baseline 0.005 -26"><span class='ocrx_word' id='word_1_149' title='bbox 139 1999 217 2049; x_wconf 75' lang='grc' dir='ltr'><strong>καί</strong></span> <span class='ocrx_word' id='word_1_150' title='bbox 235 1999 314 2066; x_wconf 84' lang='grc' dir='ltr'><strong>μὴ</strong></span> <span class='ocrx_word' id='word_1_151' title='bbox 347 2000 692 2057; x_wconf 79' lang='grc' dir='ltr'><strong>ἀποδοῦναι.</strong></span> <span class='ocrx_word' id='word_1_152' title='bbox 719 2002 985 2066; x_wconf 84' lang='grc' dir='ltr'><strong>Ἕκαστος</strong></span> <span class='ocrx_word' id='word_1_153' title='bbox 1029 2002 1204 2064; x_wconf 80' lang='grc' dir='ltr'><strong>τοίνυν</strong></span> <span class='ocrx_word' id='word_1_154' title='bbox 1236 2002 1340 2056; x_wconf 87' lang='grc' dir='ltr'><strong>τῶν</strong></span> <span class='ocrx_word' id='word_1_155' title='bbox 1379 2003 1531 2073; x_wconf 75' lang='grc' dir='ltr'><strong>ἡμῶν</strong></span> <span class='ocrx_word' id='word_1_156' title='bbox 1558 2005 1652 2074; x_wconf 86' lang='grc' dir='ltr'><strong>τὴν</strong></span> 
     </span>
    </p>
   </div>
   <div class='ocr_carea' id='block_1_23' title="bbox 137 2089 1654 2165">
    <p class='ocr_par' dir='ltr' id='par_1_23' title="bbox 137 2089 1654 2165">
     <span class='ocr_line' id='line_1_23' title="bbox 137 2089 1654 2165; baseline 0.004 -23"><span class='ocrx_word' id='word_1_157' title='bbox 137 2089 300 2143; x_wconf 73' lang='grc' dir='ltr'><strong>ἑαυτοῦ</strong></span> <span class='ocrx_word' id='word_1_158' title='bbox 342 2091 594 2161; x_wconf 86' lang='grc' dir='ltr'><strong>πρόθεσιν</strong></span> <span class='ocrx_word' id='word_1_159' title='bbox 636 2095 728 2148; x_wconf 74' lang='grc' dir='ltr'><strong>καὶ</strong></span> <span class='ocrx_word' id='word_1_160' title='bbox 757 2094 854 2165; x_wconf 80' lang='grc' dir='ltr'><strong>τὴν</strong></span> <span class='ocrx_word' id='word_1_161' title='bbox 878 2095 1079 2148; x_wconf 78' lang='grc' dir='ltr'><strong>οἰκείαν</strong></span> <span class='ocrx_word' id='word_1_162' title='bbox 1119 2094 1442 2164; x_wconf 81' lang='grc' dir='ltr'><strong>ἐπαγγελίαν</strong></span> <span class='ocrx_word' id='word_1_163' title='bbox 1471 2094 1654 2165; x_wconf 87' lang='grc' dir='ltr'><strong>ῶσπερ</strong></span> 
     </span>
    </p>
   </div>
   <div class='ocr_carea' id='block_1_24' title="bbox 137 2181 1656 2256">
    <p class='ocr_par' dir='ltr' id='par_1_24' title="bbox 137 2181 1656 2256">
     <span class='ocr_line' id='line_1_24' title="bbox 137 2181 1656 2256; baseline 0.004 -24"><span class='ocrx_word' id='word_1_164' title='bbox 137 2181 274 2252; x_wconf 77' lang='grc' dir='ltr'><strong>εὐχὴν</strong></span> <span class='ocrx_word' id='word_1_165' title='bbox 297 2183 604 2246; x_wconf 73' lang='grc' dir='ltr'><strong>ἀποδιδότω,</strong></span> <span class='ocrx_word' id='word_1_166' title='bbox 641 2185 979 2256; x_wconf 77' lang='grc' dir='ltr'><strong>μεμνημένος</strong></span> <span class='ocrx_word' id='word_1_167' title='bbox 1010 2184 1101 2238; x_wconf 81' lang='grc' dir='ltr'><strong>τοῦ</strong></span> <span class='ocrx_word' id='word_1_168' title='bbox 1135 2187 1394 2256; x_wconf 85' lang='grc' dir='ltr'><strong>φήσαντος</strong></span> <span class='ocrx_word' id='word_1_169' title='bbox 1413 2204 1425 2217; x_wconf 77' lang='grc' dir='ltr'><strong>ο</strong></span> <span class='ocrx_word' id='word_1_170' title='bbox 1459 2185 1656 2240; x_wconf 83' lang='grc' dir='ltr'><strong>Θῦσον</strong></span> 
     </span>
    </p>
   </div>
   <div class='ocr_carea' id='block_1_25' title="bbox 136 2270 1656 2346">
    <p class='ocr_par' dir='ltr' id='par_1_25' title="bbox 136 2270 1656 2346">
     <span class='ocr_line' id='line_1_25' title="bbox 136 2270 1656 2346; baseline 0.001 -17"><span class='ocrx_word' id='word_1_171' title='bbox 136 2270 200 2335; x_wconf 82' lang='grc' dir='ltr'><strong>τῷ</strong></span> <span class='ocrx_word' id='word_1_172' title='bbox 229 2271 339 2338; x_wconf 82' lang='grc' dir='ltr'><strong>Θεῷ</strong></span> <span class='ocrx_word' id='word_1_173' title='bbox 389 2276 607 2330; x_wconf 78' lang='grc' dir='ltr'><strong>θυσίαν</strong></span> <span class='ocrx_word' id='word_1_174' title='bbox 634 2277 934 2344; x_wconf 77' lang='grc' dir='ltr'><strong>αίνέσεως,</strong></span> <span class='ocrx_word' id='word_1_175' title='bbox 965 2277 1060 2331; x_wconf 79' lang='grc' dir='ltr'><strong>καὶ</strong></span> <span class='ocrx_word' id='word_1_176' title='bbox 1101 2277 1318 2343; x_wconf 81' lang='grc' dir='ltr'><strong>ἀπόδος</strong></span> <span class='ocrx_word' id='word_1_177' title='bbox 1359 2277 1439 2342; x_wconf 82' lang='grc' dir='ltr'><strong>τῷ</strong></span> <span class='ocrx_word' id='word_1_178' title='bbox 1467 2278 1656 2346; x_wconf 85' lang='grc' dir='ltr'><strong>Κυρίῳ</strong></span> 
     </span>
    </p>
   </div>
   <div class='ocr_carea' id='block_1_26' title="bbox 136 2364 1655 2439">
    <p class='ocr_par' dir='ltr' id='par_1_26' title="bbox 136 2364 1655 2439">
     <span class='ocr_line' id='line_1_26' title="bbox 136 2364 1655 2439; baseline 0.005 -24"><span class='ocrx_word' id='word_1_179' title='bbox 136 2365 224 2429; x_wconf 83' lang='grc' dir='ltr'><strong>τὰς</strong></span> <span class='ocrx_word' id='word_1_180' title='bbox 242 2364 418 2434; x_wconf 80' lang='grc' dir='ltr'><strong>εὐχάς</strong></span> <span class='ocrx_word' id='word_1_181' title='bbox 446 2381 562 2421; x_wconf 88' lang='grc' dir='ltr'><strong>σου</strong></span> <span class='ocrx_word' id='word_1_182' title='bbox 579 2384 594 2397; x_wconf 83' lang='lat'><strong><em>°</em></strong></span> <span class='ocrx_word' id='word_1_183' title='bbox 630 2367 726 2421; x_wconf 75' lang='grc' dir='ltr'><strong>καὶ</strong></span> <span class='ocrx_word' id='word_1_184' title='bbox 753 2368 1197 2439; x_wconf 62' lang='lat' dir='ltr'><strong>extrariis:de</strong></span> <span class='ocrx_word' id='word_1_185' title='bbox 1225 2368 1293 2424; x_wconf 70' lang='grc' dir='ltr'><strong>ἐν</strong></span> <span class='ocrx_word' id='word_1_186' title='bbox 1317 2368 1499 2439; x_wconf 71' lang='grc' dir='ltr'><strong>ἡμέρᾳ</strong></span> <span class='ocrx_word' id='word_1_187' title='bbox 1532 2369 1655 2426; x_wconf 63' lang='grc' dir='ltr'><strong>θλί-</strong></span> 
     </span>
    </p>
   </div>
   <div class='ocr_carea' id='block_1_27' title="bbox 136 2456 1652 2531">
    <p class='ocr_par' dir='ltr' id='par_1_27' title="bbox 136 2456 1652 2531">
     <span class='ocr_line' id='line_1_27' title="bbox 136 2456 1652 2531; baseline 0.003 -24"><span class='ocrx_word' id='word_1_188' title='bbox 136 2456 288 2520; x_wconf 59' lang='grc' dir='ltr'><strong>ψεως,</strong></span> <span class='ocrx_word' id='word_1_189' title='bbox 319 2456 741 2526; x_wconf 70' lang='grc' dir='ltr'><strong>καὶέξελοῦμαί</strong></span> <span class='ocrx_word' id='word_1_190' title='bbox 761 2473 854 2523; x_wconf 83' lang='grc' dir='ltr'><strong>σε,</strong></span> <span class='ocrx_word' id='word_1_191' title='bbox 881 2460 978 2513; x_wconf 76' lang='grc' dir='ltr'><strong>καὶ</strong></span> <span class='ocrx_word' id='word_1_192' title='bbox 1006 2460 1280 2526; x_wconf 78' lang='grc' dir='ltr'><strong>δοξάσεις</strong></span> <span class='ocrx_word' id='word_1_193' title='bbox 1297 2479 1389 2529; x_wconf 82' lang='grc' dir='ltr'><strong>με.</strong></span> <span class='ocrx_word' id='word_1_194' title='bbox 1419 2461 1530 2512; x_wconf 80' lang='grc' dir='ltr'><strong>Νῦν</strong></span> <span class='ocrx_word' id='word_1_195' title='bbox 1557 2461 1652 2531; x_wconf 83' lang='grc' dir='ltr'><strong>μὲν</strong></span> 
     </span>
    </p>
   </div>
   <div class='ocr_carea' id='block_1_28' title="bbox 135 2535 1654 2622">
    <p class='ocr_par' dir='ltr' id='par_1_28' title="bbox 135 2535 1654 2622">
     <span class='ocr_line' id='line_1_28' title="bbox 135 2535 1654 2622; baseline 0.005 -27"><span class='ocrx_word' id='word_1_196' title='bbox 135 2539 228 2607; x_wconf 78' lang='grc' dir='ltr'><strong>οὖν,</strong></span> <span class='ocrx_word' id='word_1_197' title='bbox 257 2547 433 2614; x_wconf 68' lang='grc' dir='ltr'><strong>φησιν,</strong></span> <span class='ocrx_word' id='word_1_198' title='bbox 464 2535 719 2611; x_wconf 75' lang='grc' dir='ltr'><strong>εὔξασθε</strong></span> <span class='ocrx_word' id='word_1_199' title='bbox 747 2550 844 2602; x_wconf 75' lang='grc' dir='ltr'><strong>καὶ</strong></span> <span class='ocrx_word' id='word_1_200' title='bbox 879 2549 1148 2604; x_wconf 78' lang='grc' dir='ltr'><strong>ἀπόδοτε.</strong></span> <span class='ocrx_word' id='word_1_201' title='bbox 1189 2552 1375 2606; x_wconf 84' lang='grc' dir='ltr'><strong>Ἔσται</strong></span> <span class='ocrx_word' id='word_1_202' title='bbox 1401 2547 1508 2622; x_wconf 83' lang='grc' dir='ltr'><strong>γὰρ</strong></span> <span class='ocrx_word' id='word_1_203' title='bbox 1535 2568 1654 2605; x_wconf 86' lang='grc' dir='ltr'><strong>και-</strong></span> 
     </span>
    </p>
   </div>
   <div class='ocr_carea' id='block_1_29' title="bbox 139 2630 1652 2712">
    <p class='ocr_par' dir='ltr' id='par_1_29' title="bbox 139 2630 1652 2712">
     <span class='ocr_line' id='line_1_29' title="bbox 139 2630 1652 2712; baseline 0.005 -24"><span class='ocrx_word' id='word_1_204' title='bbox 139 2633 213 2704; x_wconf 75' lang='grc' dir='ltr'><strong>ρδς</strong></span> <span class='ocrx_word' id='word_1_205' title='bbox 235 2638 289 2688; x_wconf 83' lang='grc' dir='ltr'><strong>ὲν</strong></span> <span class='ocrx_word' id='word_1_206' title='bbox 311 2630 353 2703; x_wconf 81' lang='grc' dir='ltr'><strong>ᾧ</strong></span> <span class='ocrx_word' id='word_1_207' title='bbox 384 2638 580 2699; x_wconf 88' lang='grc' dir='ltr'><strong>πάντες</strong></span> <span class='ocrx_word' id='word_1_208' title='bbox 611 2639 658 2690; x_wconf 79' lang='grc' dir='ltr'><strong>οι</strong></span> <span class='ocrx_word' id='word_1_209' title='bbox 683 2638 863 2710; x_wconf 83' lang='grc' dir='ltr'><strong>κύκλῳ</strong></span> <span class='ocrx_word' id='word_1_210' title='bbox 893 2639 1055 2693; x_wconf 78' lang='grc' dir='ltr'><strong>αὐτοῦ</strong></span> <span class='ocrx_word' id='word_1_211' title='bbox 1088 2641 1286 2693; x_wconf 74' lang='grc' dir='ltr'><strong>οἴσουσι</strong></span> <span class='ocrx_word' id='word_1_212' title='bbox 1309 2640 1472 2712; x_wconf 85' lang='grc' dir='ltr'><strong>δῶρα.</strong></span> <span class='ocrx_word' id='word_1_213' title='bbox 1499 2642 1652 2695; x_wconf 77' lang='grc' dir='ltr'><strong>Κατὰ</strong></span> 
     </span>
    </p>
   </div>
   <div class='ocr_carea' id='block_1_30' title="bbox 135 2725 1653 2802">
    <p class='ocr_par' dir='ltr' id='par_1_30' title="bbox 135 2725 1653 2802">
     <span class='ocr_line' id='line_1_30' title="bbox 135 2725 1653 2802; baseline 0.005 -24"><span class='ocrx_word' id='word_1_214' title='bbox 135 2725 224 2795; x_wconf 82' lang='grc' dir='ltr'><strong>γὰρ</strong></span> <span class='ocrx_word' id='word_1_215' title='bbox 249 2726 334 2779; x_wconf 79' lang='grc' dir='ltr'><strong>τὸν</strong></span> <span class='ocrx_word' id='word_1_216' title='bbox 360 2727 457 2797; x_wconf 83' lang='grc' dir='ltr'><strong>τῆς</strong></span> <span class='ocrx_word' id='word_1_217' title='bbox 493 2727 759 2797; x_wconf 81' lang='grc' dir='ltr'><strong>βασιλείας</strong></span> <span class='ocrx_word' id='word_1_218' title='bbox 796 2728 958 2782; x_wconf 80' lang='grc' dir='ltr'><strong>αὑτοῦ</strong></span> <span class='ocrx_word' id='word_1_219' title='bbox 1005 2729 1489 2801; x_wconf 76' lang='grc' dir='ltr'><strong>καιρὺνβασιλεῖς</strong></span> <span class='ocrx_word' id='word_1_220' title='bbox 1519 2735 1653 2802; x_wconf 84' lang='grc' dir='ltr'><strong>Θαρ-</strong></span> 
     </span>
    </p>
   </div>
   <div class='ocr_carea' id='block_1_31' title="bbox 136 2815 1651 2889">
    <p class='ocr_par' dir='ltr' id='par_1_31' title="bbox 136 2815 1651 2889">
     <span class='ocr_line' id='line_1_31' title="bbox 136 2815 1651 2889; baseline 0.004 -23"><span class='ocrx_word' id='word_1_221' title='bbox 136 2815 243 2880; x_wconf 80' lang='grc' dir='ltr'><strong>σεῖς</strong></span> <span class='ocrx_word' id='word_1_222' title='bbox 268 2817 360 2869; x_wconf 74' lang='grc' dir='ltr'><strong>καὶ</strong></span> <span class='ocrx_word' id='word_1_223' title='bbox 384 2816 562 2884; x_wconf 83' lang='grc' dir='ltr'><strong>νῆσοι</strong></span> <span class='ocrx_word' id='word_1_224' title='bbox 579 2815 732 2885; x_wconf 85' lang='grc' dir='ltr'><strong>δῶρα</strong></span> <span class='ocrx_word' id='word_1_225' title='bbox 761 2817 1150 2886; x_wconf 78' lang='grc' dir='ltr'><strong>προσάξουσι,</strong></span> <span class='ocrx_word' id='word_1_226' title='bbox 1173 2819 1450 2886; x_wconf 72' lang='grc' dir='ltr'><strong>βασιλεῖς</strong></span> <span class='ocrx_word' id='word_1_227' title='bbox 1490 2820 1651 2889; x_wconf 76' lang='grc' dir='ltr'><strong>Ἀρά-ο</strong></span> 
     </span>
    </p>
   </div>
   <div class='ocr_carea' id='block_1_32' title="bbox 136 2905 1652 2978">
    <p class='ocr_par' dir='ltr' id='par_1_32' title="bbox 136 2905 1652 2978">
     <span class='ocr_line' id='line_1_32' title="bbox 136 2905 1652 2978; baseline 0.004 -22"><span class='ocrx_word' id='word_1_228' title='bbox 136 2905 232 2956; x_wconf 78' lang='grc' dir='ltr'><strong>ϐων</strong></span> <span class='ocrx_word' id='word_1_229' title='bbox 260 2905 352 2959; x_wconf 76' lang='grc' dir='ltr'><strong>καὶ</strong></span> <span class='ocrx_word' id='word_1_230' title='bbox 379 2908 538 2960; x_wconf 86' lang='grc' dir='ltr'><strong>Σαϐὰ</strong></span> <span class='ocrx_word' id='word_1_231' title='bbox 563 2905 717 2975; x_wconf 86' lang='grc' dir='ltr'><strong>δῶρα</strong></span> <span class='ocrx_word' id='word_1_232' title='bbox 745 2907 1158 2975; x_wconf 78' lang='grc' dir='ltr'><strong>προσοίσουσι,</strong></span> <span class='ocrx_word' id='word_1_233' title='bbox 1191 2908 1286 2962; x_wconf 77' lang='grc' dir='ltr'><strong>καὶ</strong></span> <span class='ocrx_word' id='word_1_234' title='bbox 1317 2910 1652 2978; x_wconf 81' lang='grc' dir='ltr'><strong>προσκυνή-</strong></span> 
     </span>
    </p>
   </div>
   <div class='ocr_carea' id='block_1_33' title="bbox 135 2994 1650 3069">
    <p class='ocr_par' dir='ltr' id='par_1_33' title="bbox 135 2994 1650 3069">
     <span class='ocr_line' id='line_1_33' title="bbox 135 2994 1650 3069; baseline 0.004 -23"><span class='ocrx_word' id='word_1_235' title='bbox 135 3008 328 3048; x_wconf 83' lang='grc' dir='ltr'><strong>σουσιν</strong></span> <span class='ocrx_word' id='word_1_236' title='bbox 366 2994 523 3061; x_wconf 81' lang='grc' dir='ltr'><strong>αὐτῷ</strong></span> <span class='ocrx_word' id='word_1_237' title='bbox 559 2997 777 3062; x_wconf 81' lang='grc' dir='ltr'><strong>πάντες</strong></span> <span class='ocrx_word' id='word_1_238' title='bbox 803 3000 857 3050; x_wconf 80' lang='grc' dir='ltr'><strong>οὶ</strong></span> <span class='ocrx_word' id='word_1_239' title='bbox 877 2998 1168 3065; x_wconf 69' lang='grc' dir='ltr'><strong>βασιλεῖς</strong></span> <span class='ocrx_word' id='word_1_240' title='bbox 1210 2998 1319 3067; x_wconf 81' lang='grc' dir='ltr'><strong>τῆς</strong></span> <span class='ocrx_word' id='word_1_241' title='bbox 1355 2998 1483 3069; x_wconf 69' lang='grc' dir='ltr'><strong>γῆς.</strong></span> <span class='ocrx_word' id='word_1_242' title='bbox 1521 2999 1650 3052; x_wconf 83' lang='grc' dir='ltr'><strong>Τότε</strong></span> 
     </span>
    </p>
   </div>
   <div class='ocr_carea' id='block_1_34' title="bbox 135 3083 1650 3161">
    <p class='ocr_par' dir='ltr' id='par_1_34' title="bbox 135 3083 1650 3161">
     <span class='ocr_line' id='line_1_34' title="bbox 135 3083 1650 3161; baseline 0.005 -26"><span class='ocrx_word' id='word_1_243' title='bbox 135 3083 242 3148; x_wconf 80' lang='grc' dir='ltr'><strong>γοῦν</strong></span> <span class='ocrx_word' id='word_1_244' title='bbox 263 3083 546 3156; x_wconf 82' lang='grc' dir='ltr'><strong>καθημένῳ</strong></span> <span class='ocrx_word' id='word_1_245' title='bbox 591 3086 680 3139; x_wconf 73' lang='grc' dir='ltr'><strong>ἐπὶ</strong></span> <span class='ocrx_word' id='word_1_246' title='bbox 724 3085 909 3157; x_wconf 87' lang='grc' dir='ltr'><strong>θρόνου</strong></span> <span class='ocrx_word' id='word_1_247' title='bbox 939 3085 1092 3158; x_wconf 80' lang='grc' dir='ltr'><strong>δόξης</strong></span> <span class='ocrx_word' id='word_1_248' title='bbox 1137 3089 1314 3149; x_wconf 69' lang='grc' dir='ltr'><strong>αὐτοῦ,</strong></span> <span class='ocrx_word' id='word_1_249' title='bbox 1347 3091 1650 3161; x_wconf 80' lang='grc' dir='ltr'><strong>προσκυνή-</strong></span> 
     </span>
    </p>
   </div>
   <div class='ocr_carea' id='block_1_35' title="bbox 136 3172 1719 3262">
    <p class='ocr_par' dir='ltr' id='par_1_35' title="bbox 136 3172 1719 3262">
     <span class='ocr_line' id='line_1_35' title="bbox 136 3172 1719 3262; baseline 0.006 -39"><span class='ocrx_word' id='word_1_250' title='bbox 136 3187 260 3226; x_wconf 67' lang='lat' dir='ltr'><strong>coact</strong></span> <span class='ocrx_word' id='word_1_251' title='bbox 289 3175 478 3238; x_wconf 84' lang='grc' dir='ltr'><strong>πάντες</strong></span> <span class='ocrx_word' id='word_1_252' title='bbox 520 3174 656 3244; x_wconf 83' lang='grc' dir='ltr'><strong>μετὰ</strong></span> <span class='ocrx_word' id='word_1_253' title='bbox 703 3173 887 3246; x_wconf 87' lang='grc' dir='ltr'><strong>δώρων</strong></span> <span class='ocrx_word' id='word_1_254' title='bbox 907 3191 922 3206; x_wconf 78' lang='grc' dir='ltr'><strong>ο</strong></span> <span class='ocrx_word' id='word_1_255' title='bbox 969 3177 1228 3240; x_wconf 79' lang='grc' dir='ltr'><strong>τουτέστι,</strong></span> <span class='ocrx_word' id='word_1_256' title='bbox 1279 3177 1394 3247; x_wconf 89' lang='grc' dir='ltr'><strong>μεθ’</strong></span> <span class='ocrx_word' id='word_1_257' title='bbox 1427 3172 1501 3231; x_wconf 81' lang='grc' dir='ltr'><strong>ὧν</strong></span> <span class='ocrx_word' id='word_1_258' title='bbox 1534 3180 1650 3231; x_wconf 83' lang='grc' dir='ltr'><strong>ὲπι-</strong></span> <span class='ocrx_word' id='word_1_259' title='bbox 1674 3200 1719 3262; x_wconf 78' lang='lat' dir='ltr'>c</span> 
     </span>
    </p>
   </div>
   <div class='ocr_carea' id='block_1_36' title="bbox 135 3261 1646 3337">
    <p class='ocr_par' dir='ltr' id='par_1_36' title="bbox 135 3261 1646 3337">
     <span class='ocr_line' id='line_1_36' title="bbox 135 3261 1646 3337; baseline 0.005 -25"><span class='ocrx_word' id='word_1_260' title='bbox 135 3261 330 3330; x_wconf 79' lang='grc' dir='ltr'><strong>φέρεται</strong></span> <span class='ocrx_word' id='word_1_261' title='bbox 381 3265 605 3328; x_wconf 67' lang='grc' dir='ltr'><strong>ἕκαστος</strong></span> <span class='ocrx_word' id='word_1_262' title='bbox 657 3264 898 3334; x_wconf 84' lang='grc' dir='ltr'><strong>καρπῶν.</strong></span> <span class='ocrx_word' id='word_1_263' title='bbox 958 3266 1152 3337; x_wconf 85' lang='grc' dir='ltr'><strong>Διόπερ</strong></span> <span class='ocrx_word' id='word_1_264' title='bbox 1208 3267 1282 3331; x_wconf 81' lang='grc' dir='ltr'><strong>ὡς</strong></span> <span class='ocrx_word' id='word_1_265' title='bbox 1330 3268 1409 3320; x_wconf 74' lang='grc' dir='ltr'><strong>ἔτι</strong></span> <span class='ocrx_word' id='word_1_266' title='bbox 1463 3267 1646 3336; x_wconf 82' lang='grc' dir='ltr'><strong>καιρός</strong></span> 
     </span>
    </p>
   </div>
   <div class='ocr_carea' id='block_1_37' title="bbox 134 3349 1648 3426">
    <p class='ocr_par' dir='ltr' id='par_1_37' title="bbox 134 3349 1648 3426">
     <span class='ocr_line' id='line_1_37' title="bbox 134 3349 1648 3426; baseline 0.007 -26"><span class='ocrx_word' id='word_1_267' title='bbox 134 3349 274 3415; x_wconf 77' lang='grc' dir='ltr'><strong>ὶστιν,</strong></span> <span class='ocrx_word' id='word_1_268' title='bbox 301 3353 540 3407; x_wconf 68' lang='grc' dir='ltr'><strong>ἐντεῦθεν</strong></span> <span class='ocrx_word' id='word_1_269' title='bbox 573 3354 669 3424; x_wconf 73' lang='grc' dir='ltr'><strong>ἤδη</strong></span> <span class='ocrx_word' id='word_1_270' title='bbox 710 3356 962 3424; x_wconf 88' lang='grc' dir='ltr'><strong>παραινεῖ</strong></span> <span class='ocrx_word' id='word_1_271' title='bbox 991 3354 1369 3426; x_wconf 72' lang='grc' dir='ltr'><strong>εὔξασθαι-καὶ</strong></span> <span class='ocrx_word' id='word_1_272' title='bbox 1410 3357 1648 3410; x_wconf 80' lang='grc' dir='ltr'><strong>ἀποδιδό-</strong></span> 
     </span>
    </p>
   </div>
   <div class='ocr_carea' id='block_1_38' title="bbox 134 3440 1642 3516">
    <p class='ocr_par' dir='ltr' id='par_1_38' title="bbox 134 3440 1642 3516">
     <span class='ocr_line' id='line_1_38' title="bbox 134 3440 1642 3516; baseline 0.005 -25"><span class='ocrx_word' id='word_1_273' title='bbox 134 3455 229 3492; x_wconf 81' lang='grc' dir='ltr'><strong>ναι·</strong></span> <span class='ocrx_word' id='word_1_274' title='bbox 260 3440 330 3504; x_wconf 85' lang='grc' dir='ltr'><strong>ὡς</strong></span> <span class='ocrx_word' id='word_1_275' title='bbox 370 3442 453 3506; x_wconf 76' lang='grc' dir='ltr'><strong>ἂν,</strong></span> <span class='ocrx_word' id='word_1_276' title='bbox 488 3445 611 3505; x_wconf 81' lang='grc' dir='ltr'><strong>τοὺς</strong></span> <span class='ocrx_word' id='word_1_277' title='bbox 639 3441 844 3495; x_wconf 79' lang='grc' dir='ltr'><strong>ἑαυτῶν</strong></span> <span class='ocrx_word' id='word_1_278' title='bbox 880 3442 1178 3513; x_wconf 79' lang='grc' dir='ltr'><strong>θησαυροὺς</strong></span> <span class='ocrx_word' id='word_1_279' title='bbox 1211 3446 1642 3516; x_wconf 83' lang='grc' dir='ltr'><strong>ταμιευσάμενοι,</strong></span> 
     </span>
    </p>
   </div>
   <div class='ocr_carea' id='block_1_39' title="bbox 134 3531 1644 3606">
    <p class='ocr_par' dir='ltr' id='par_1_39' title="bbox 134 3531 1644 3606">
     <span class='ocr_line' id='line_1_39' title="bbox 134 3531 1644 3606; baseline 0.005 -24"><span class='ocrx_word' id='word_1_280' title='bbox 134 3531 250 3584; x_wconf 77' lang='grc' dir='ltr'><strong>κατὰ</strong></span> <span class='ocrx_word' id='word_1_281' title='bbox 294 3534 475 3604; x_wconf 78' lang='grc' dir='ltr'><strong>καιρὸν</strong></span> <span class='ocrx_word' id='word_1_282' title='bbox 507 3533 651 3603; x_wconf 79' lang='grc' dir='ltr'><strong>αὐτῷ</strong></span> <span class='ocrx_word' id='word_1_283' title='bbox 689 3535 1153 3604; x_wconf 84' lang='grc' dir='ltr'><strong>προσκομίσωμεν,</strong></span> <span class='ocrx_word' id='word_1_284' title='bbox 1197 3533 1332 3600; x_wconf 76' lang='grc' dir='ltr'><strong>ἄξιοι</strong></span> <span class='ocrx_word' id='word_1_285' title='bbox 1372 3536 1644 3606; x_wconf 87' lang='grc' dir='ltr'><strong>γενόμενοι</strong></span> 
     </span>
    </p>
   </div>
   <div class='ocr_carea' id='block_1_40' title="bbox 132 3618 1646 3697">
    <p class='ocr_par' dir='ltr' id='par_1_40' title="bbox 132 3618 1646 3697">
     <span class='ocr_line' id='line_1_40' title="bbox 132 3618 1646 3697; baseline 0.007 -27"><span class='ocrx_word' id='word_1_286' title='bbox 132 3618 220 3671; x_wconf 79' lang='grc' dir='ltr'><strong>τῶν</strong></span> <span class='ocrx_word' id='word_1_287' title='bbox 240 3621 564 3676; x_wconf 82' lang='grc' dir='ltr'><strong>κυκλούντων</strong></span> <span class='ocrx_word' id='word_1_288' title='bbox 583 3623 740 3676; x_wconf 77' lang='grc' dir='ltr'><strong>αὑτοῦ</strong></span> <span class='ocrx_word' id='word_1_289' title='bbox 768 3623 856 3677; x_wconf 82' lang='grc' dir='ltr'><strong>τὸν</strong></span> <span class='ocrx_word' id='word_1_290' title='bbox 884 3623 1083 3695; x_wconf 87' lang='grc' dir='ltr'><strong>θρόνον.</strong></span> <span class='ocrx_word' id='word_1_291' title='bbox 1111 3624 1313 3688; x_wconf 82' lang='grc' dir='ltr'><strong>Πάντες</strong></span> <span class='ocrx_word' id='word_1_292' title='bbox 1340 3625 1446 3696; x_wconf 82' lang='grc' dir='ltr'><strong>γὰρ</strong></span> <span class='ocrx_word' id='word_1_293' title='bbox 1467 3625 1646 3697; x_wconf 83' lang='grc' dir='ltr'><strong>κύκλῳ</strong></span> 
     </span>
    </p>
   </div>
   <div class='ocr_carea' id='block_1_41' title="bbox 133 3709 1641 3788">
    <p class='ocr_par' dir='ltr' id='par_1_41' title="bbox 133 3709 1641 3788">
     <span class='ocr_line' id='line_1_41' title="bbox 133 3709 1641 3788; baseline 0.014 -27"><span class='ocrx_word' id='word_1_294' title='bbox 133 3709 269 3762; x_wconf 78' lang='grc' dir='ltr'><strong>αὑτοῦ</strong></span> <span class='ocrx_word' id='word_1_295' title='bbox 295 3712 664 3780; x_wconf 87' lang='grc' dir='ltr'><strong>προσοίσουσιν</strong></span> <span class='ocrx_word' id='word_1_296' title='bbox 692 3712 838 3783; x_wconf 85' lang='grc' dir='ltr'><strong>αύτῷ</strong></span> <span class='ocrx_word' id='word_1_297' title='bbox 862 3713 1025 3784; x_wconf 82' lang='grc' dir='ltr'><strong>δῶρα,</strong></span> <span class='ocrx_word' id='word_1_298' title='bbox 1053 3713 1262 3785; x_wconf 74' lang='grc' dir='ltr'><strong>φοσερῷ</strong></span> <span class='ocrx_word' id='word_1_299' title='bbox 1289 3715 1396 3768; x_wconf 80' lang='grc' dir='ltr'><strong>ὗντι</strong></span> <span class='ocrx_word' id='word_1_300' title='bbox 1424 3719 1533 3780; x_wconf 85' lang='grc' dir='ltr'><strong>τοῖς</strong></span> <span class='ocrx_word' id='word_1_301' title='bbox 1569 3718 1641 3788; x_wconf 83' lang='grc' dir='ltr'><strong>μὴ</strong></span> 
     </span>
    </p>
   </div>
   <div class='ocr_carea' id='block_1_42' title="bbox 135 3801 1644 3878">
    <p class='ocr_par' dir='ltr' id='par_1_42' title="bbox 135 3801 1644 3878">
     <span class='ocr_line' id='line_1_42' title="bbox 135 3801 1644 3878; baseline 0.007 -27"><span class='ocrx_word' id='word_1_302' title='bbox 135 3801 488 3871; x_wconf 76' lang='grc' dir='ltr'><strong>πλησιάζουσιν</strong></span> <span class='ocrx_word' id='word_1_303' title='bbox 523 3803 700 3873; x_wconf 81' lang='grc' dir='ltr'><strong>αὐτῷ,</strong></span> <span class='ocrx_word' id='word_1_304' title='bbox 733 3805 863 3874; x_wconf 83' lang='grc' dir='ltr'><strong>μηδὲ</strong></span> <span class='ocrx_word' id='word_1_305' title='bbox 894 3805 961 3858; x_wconf 81' lang='grc' dir='ltr'><strong>τὰ</strong></span> <span class='ocrx_word' id='word_1_306' title='bbox 975 3805 1120 3876; x_wconf 88' lang='grc' dir='ltr'><strong>δῶρα</strong></span> <span class='ocrx_word' id='word_1_307' title='bbox 1146 3807 1521 3878; x_wconf 83' lang='grc' dir='ltr'><strong>προσφέρουσι.</strong></span> <span class='ocrx_word' id='word_1_308' title='bbox 1557 3808 1644 3861; x_wconf 82' lang='grc' dir='ltr'><strong>Διὸ</strong></span> 
     </span>
    </p>
   </div>
   <div class='ocr_carea' id='block_1_43' title="bbox 134 3890 1644 3966">
    <p class='ocr_par' dir='ltr' id='par_1_43' title="bbox 134 3890 1644 3966">
     <span class='ocr_line' id='line_1_43' title="bbox 134 3890 1644 3966; baseline 0.007 -25"><span class='ocrx_word' id='word_1_309' title='bbox 134 3890 432 3959; x_wconf 70' lang='grc' dir='ltr'><strong>ἔτειλέγεται⁹</strong></span> <span class='ocrx_word' id='word_1_310' title='bbox 459 3893 544 3959; x_wconf 85' lang='grc' dir='ltr'><strong>Τῷ</strong></span> <span class='ocrx_word' id='word_1_311' title='bbox 566 3894 787 3963; x_wconf 76' lang='grc' dir='ltr'><strong>φοϐερῷ</strong></span> <span class='ocrx_word' id='word_1_312' title='bbox 807 3895 903 3949; x_wconf 78' lang='grc' dir='ltr'><strong>καὶ</strong></span> <span class='ocrx_word' id='word_1_313' title='bbox 922 3895 1323 3966; x_wconf 70' lang='grc' dir='ltr'><strong>ἀφαιρουμένῳ</strong></span> <span class='ocrx_word' id='word_1_314' title='bbox 1344 3897 1644 3966; x_wconf 83' lang='grc' dir='ltr'><strong>πνεύματα</strong></span> 
     </span>
    </p>
   </div>
   <div class='ocr_carea' id='block_1_44' title="bbox 131 3979 1639 4057">
    <p class='ocr_par' dir='ltr' id='par_1_44' title="bbox 131 3979 1639 4057">
     <span class='ocr_line' id='line_1_44' title="bbox 131 3979 1639 4057; baseline 0.007 -24"><span class='ocrx_word' id='word_1_315' title='bbox 131 3979 418 4046; x_wconf 76' lang='grc' dir='ltr'><strong>ἀρχόντων,</strong></span> <span class='ocrx_word' id='word_1_316' title='bbox 453 3981 674 4051; x_wconf 77' lang='grc' dir='ltr'><strong>φοϐερῷ</strong></span> <span class='ocrx_word' id='word_1_317' title='bbox 698 3984 853 4052; x_wconf 79' lang='grc' dir='ltr'><strong>παρὰ</strong></span> <span class='ocrx_word' id='word_1_318' title='bbox 883 3984 1002 4050; x_wconf 87' lang='grc' dir='ltr'><strong>τοῖς</strong></span> <span class='ocrx_word' id='word_1_319' title='bbox 1021 3986 1347 4049; x_wconf 76' lang='grc' dir='ltr'><strong>βασιλεῦσι</strong></span> <span class='ocrx_word' id='word_1_320' title='bbox 1370 3987 1479 4056; x_wconf 82' lang='grc' dir='ltr'><strong>τῆς</strong></span> <span class='ocrx_word' id='word_1_321' title='bbox 1509 3988 1639 4057; x_wconf 72' lang='grc' dir='ltr'><strong>τῆς.</strong></span> 
     </span>
    </p>
   </div>
   <div class='ocr_carea' id='block_1_45' title="bbox 131 4067 1644 4144">
    <p class='ocr_par' dir='ltr' id='par_1_45' title="bbox 131 4067 1644 4144">
     <span class='ocr_line' id='line_1_45' title="bbox 131 4067 1644 4144; baseline 0.008 -26"><span class='ocrx_word' id='word_1_322' title='bbox 131 4067 190 4119; x_wconf 77' lang='grc' dir='ltr'><strong>Τὸ</strong></span> <span class='ocrx_word' id='word_1_323' title='bbox 205 4069 322 4140; x_wconf 82' lang='grc' dir='ltr'><strong>γὰρ,</strong></span> <span class='ocrx_word' id='word_1_324' title='bbox 353 4073 430 4124; x_wconf 86' lang='grc' dir='ltr'><strong>Οὐ</strong></span> <span class='ocrx_word' id='word_1_325' title='bbox 453 4071 538 4139; x_wconf 79' lang='grc' dir='ltr'><strong>μὴ</strong></span> <span class='ocrx_word' id='word_1_326' title='bbox 569 4074 881 4142; x_wconf 77' lang='grc' dir='ltr'><strong>καταμείνῃ</strong></span> <span class='ocrx_word' id='word_1_327' title='bbox 914 4073 976 4126; x_wconf 83' lang='grc' dir='ltr'><strong>τὸ</strong></span> <span class='ocrx_word' id='word_1_328' title='bbox 1003 4073 1232 4141; x_wconf 79' lang='grc' dir='ltr'><strong>πνεῦμά</strong></span> <span class='ocrx_word' id='word_1_329' title='bbox 1241 4093 1358 4142; x_wconf 82' lang='grc' dir='ltr'><strong>μου</strong></span> <span class='ocrx_word' id='word_1_330' title='bbox 1384 4075 1481 4127; x_wconf 79' lang='grc' dir='ltr'><strong>ἐπὶ</strong></span> <span class='ocrx_word' id='word_1_331' title='bbox 1506 4077 1644 4144; x_wconf 84' lang='grc' dir='ltr'><strong>τοὺς</strong></span> 
     </span>
    </p>
   </div>
   <div class='ocr_carea' id='block_1_46' title="bbox 128 4156 1641 4229">
    <p class='ocr_par' dir='ltr' id='par_1_46' title="bbox 128 4156 1641 4229">
     <span class='ocr_line' id='line_1_46' title="bbox 128 4156 1641 4229; baseline 0.009 -22"><span class='ocrx_word' id='word_1_332' title='bbox 128 4156 272 4220; x_wconf 81' lang='grc' dir='ltr'><strong>υιοὺς</strong></span> <span class='ocrx_word' id='word_1_333' title='bbox 300 4157 632 4226; x_wconf 78' lang='grc' dir='ltr'><strong>ἀνθρώπων,</strong></span> <span class='ocrx_word' id='word_1_334' title='bbox 677 4159 987 4229; x_wconf 87' lang='grc' dir='ltr'><strong>λεχθήσεται</strong></span> <span class='ocrx_word' id='word_1_335' title='bbox 1025 4161 1117 4215; x_wconf 78' lang='grc' dir='ltr'><strong>καὶ</strong></span> <span class='ocrx_word' id='word_1_336' title='bbox 1159 4164 1243 4214; x_wconf 78' lang='grc' dir='ltr'><strong>ἐπ’</strong></span> <span class='ocrx_word' id='word_1_337' title='bbox 1287 4165 1502 4219; x_wconf 76' lang='grc' dir='ltr'><strong>ἐκείνων</strong></span> <span class='ocrx_word' id='word_1_338' title='bbox 1536 4168 1641 4219; x_wconf 89' lang='grc' dir='ltr'><strong>τῶν</strong></span> 
     </span>
    </p>
   </div>
   <div class='ocr_carea' id='block_1_47' title="bbox 130 4246 1638 4324">
    <p class='ocr_par' dir='ltr' id='par_1_47' title="bbox 130 4246 1638 4324">
     <span class='ocr_line' id='line_1_47' title="bbox 130 4246 1638 4324; baseline 0.009 -27"><span class='ocrx_word' id='word_1_339' title='bbox 130 4259 239 4297; x_wconf 73' lang='grc' dir='ltr'><strong>ποτε</strong></span> <span class='ocrx_word' id='word_1_340' title='bbox 268 4246 362 4315; x_wconf 82' lang='grc' dir='ltr'><strong>μὲν</strong></span> <span class='ocrx_word' id='word_1_341' title='bbox 387 4247 656 4318; x_wconf 84' lang='grc' dir='ltr'><strong>ἀρχόντων</strong></span> <span class='ocrx_word' id='word_1_342' title='bbox 697 4250 789 4302; x_wconf 72' lang='grc' dir='ltr'><strong>καὶ.</strong></span> <span class='ocrx_word' id='word_1_343' title='bbox 829 4251 1137 4320; x_wconf 83' lang='grc' dir='ltr'><strong>ἡγουμένων</strong></span> <span class='ocrx_word' id='word_1_344' title='bbox 1175 4255 1638 4324; x_wconf 78' lang='grc' dir='ltr'><strong>χρηματισάντων,</strong></span> 
     </span>
    </p>
   </div>
   <div class='ocr_carea' id='block_1_48' title="bbox 129 4325 1642 4414">
    <p class='ocr_par' dir='ltr' id='par_1_48' title="bbox 129 4325 1642 4414">
     <span class='ocr_line' id='line_1_48' title="bbox 129 4325 1642 4414; baseline 0.011 -30"><span class='ocrx_word' id='word_1_345' title='bbox 129 4334 204 4384; x_wconf 76' lang='grc' dir='ltr'><strong>καὶ</strong></span> <span class='ocrx_word' id='word_1_346' title='bbox 243 4334 543 4406; x_wconf 86' lang='grc' dir='ltr'><strong>Πνεύματος</strong></span> <span class='ocrx_word' id='word_1_347' title='bbox 579 4337 731 4404; x_wconf 82' lang='grc' dir='ltr'><strong>ἁγίου</strong></span> <span class='ocrx_word' id='word_1_348' title='bbox 765 4325 1218 4405; x_wconf 74' lang='grc' dir='ltr'><strong>καταξιωθέντων,</strong></span> <span class='ocrx_word' id='word_1_349' title='bbox 1248 4343 1306 4394; x_wconf 87' lang='grc' dir='ltr'><strong>ού</strong></span> <span class='ocrx_word' id='word_1_350' title='bbox 1340 4345 1443 4414; x_wconf 81' lang='grc' dir='ltr'><strong>μὴν</strong></span> <span class='ocrx_word' id='word_1_351' title='bbox 1463 4346 1642 4412; x_wconf 78' lang='grc' dir='ltr'><strong>,ἀξίως</strong></span> 
     </span>
    </p>
   </div>
   <div class='ocr_carea' id='block_1_49' title="bbox 129 4421 1637 4506">
    <p class='ocr_par' dir='ltr' id='par_1_49' title="bbox 129 4421 1637 4506">
     <span class='ocr_line' id='line_1_49' title="bbox 129 4421 1637 4506; baseline 0.008 -29"><span class='ocrx_word' id='word_1_352' title='bbox 129 4421 408 4489; x_wconf 69' lang='grc' dir='ltr'><strong>βιωσάντων</strong></span> <span class='ocrx_word' id='word_1_353' title='bbox 427 4426 527 4494; x_wconf 76' lang='grc' dir='ltr'><strong>τῆς</strong></span> <span class='ocrx_word' id='word_1_354' title='bbox 550 4427 781 4496; x_wconf 72' lang='grc' dir='ltr'><strong>χάριτοςο</strong></span> <span class='ocrx_word' id='word_1_355' title='bbox 803 4429 894 4498; x_wconf 84' lang='grc' dir='ltr'><strong>ἀφ’</strong></span> <span class='ocrx_word' id='word_1_356' title='bbox 907 4423 978 4483; x_wconf 80' lang='grc' dir='ltr'><strong>ὧν</strong></span> <span class='ocrx_word' id='word_1_357' title='bbox 1003 4431 1306 4502; x_wconf 83' lang='grc' dir='ltr'><strong>ἀφαιρεῖται</strong></span> <span class='ocrx_word' id='word_1_358' title='bbox 1324 4434 1382 4486; x_wconf 88' lang='grc' dir='ltr'><strong>τὺ</strong></span> <span class='ocrx_word' id='word_1_359' title='bbox 1406 4435 1637 4506; x_wconf 82' lang='grc' dir='ltr'><strong>πνεῦμα,</strong></span> 
     </span>
    </p>
   </div>
   <div class='ocr_carea' id='block_1_50' title="bbox 1757 841 2125 903">
    <p class='ocr_par' dir='ltr' id='par_1_50' title="bbox 1757 841 2125 903">
     <span class='ocr_line' id='line_1_50' title="bbox 1757 841 2125 903; baseline 0 -16"><span class='ocrx_word' id='word_1_360' title='bbox 1757 841 2125 903; x_wconf 88' lang='lat' dir='ltr'><strong>accepturum.</strong></span> 
     </span>
    </p>
   </div>
   <div class='ocr_carea' id='block_1_51' title="bbox 1808 1005 3293 1083">
    <p class='ocr_par' dir='ltr' id='par_1_51' title="bbox 1808 1005 3293 1083">
     <span class='ocr_line' id='line_1_51' title="bbox 1808 1005 3293 1083; baseline 0.001 -23"><span class='ocrx_word' id='word_1_361' title='bbox 1808 1005 1985 1083; x_wconf 37' lang='lat' dir='ltr'><strong>‘Vsns.</strong></span> <span class='ocrx_word' id='word_1_362' title='bbox 2016 1007 2101 1073; x_wconf 70' lang='lat'><strong>12,</strong></span> <span class='ocrx_word' id='word_1_363' title='bbox 2129 1007 2213 1063; x_wconf 78' lang='lat' dir='ltr'><strong>l5.</strong></span> <span class='ocrx_word' id='word_1_364' title='bbox 2254 1007 2430 1061; x_wconf 83' lang='lat' dir='ltr'><strong>Vovete</strong></span> <span class='ocrx_word' id='word_1_365' title='bbox 2464 1018 2512 1062; x_wconf 84' lang='lat' dir='ltr'><strong>et</strong></span> <span class='ocrx_word' id='word_1_366' title='bbox 2556 1006 2748 1061; x_wconf 81' lang='lat' dir='ltr'><strong>reddite</strong></span> <span class='ocrx_word' id='word_1_367' title='bbox 2785 1006 3005 1061; x_wconf 87' lang='lat' dir='ltr'><strong>Domino</strong></span> <span class='ocrx_word' id='word_1_368' title='bbox 3037 1007 3141 1061; x_wconf 90' lang='lat' dir='ltr'><strong>Deo</strong></span> <span class='ocrx_word' id='word_1_369' title='bbox 3178 1019 3293 1062; x_wconf 80' lang='lat' dir='ltr'><strong>uota</strong></span> 
     </span>
    </p>
   </div>
   <div class='ocr_carea' id='block_1_52' title="bbox 1752 1087 3294 1168">
    <p class='ocr_par' dir='ltr' id='par_1_52' title="bbox 1752 1087 3294 1168">
     <span class='ocr_line' id='line_1_52' title="bbox 1752 1087 3294 1168; baseline 0 -16"><span class='ocrx_word' id='word_1_370' title='bbox 1752 1108 1943 1161; x_wconf 81' lang='lat' dir='ltr'><strong>vestra,</strong></span> <span class='ocrx_word' id='word_1_371' title='bbox 1975 1087 2267 1168; x_wconf 51' lang='lat' dir='ltr'><strong>omnes&#39;qui</strong></span> <span class='ocrx_word' id='word_1_372' title='bbox 2310 1099 2362 1151; x_wconf 83' lang='lat' dir='ltr'><strong>in</strong></span> <span class='ocrx_word' id='word_1_373' title='bbox 2408 1097 2627 1150; x_wconf 75' lang='lat' dir='ltr'><strong>circuitu</strong></span> <span class='ocrx_word' id='word_1_374' title='bbox 2657 1098 2766 1166; x_wconf 87' lang='lat' dir='ltr'><strong>ejus</strong></span> <span class='ocrx_word' id='word_1_375' title='bbox 2795 1099 2916 1151; x_wconf 87' lang='lat' dir='ltr'><strong>estis</strong></span> <span class='ocrx_word' id='word_1_376' title='bbox 2950 1114 2968 1152; x_wconf 92' lang='lat'><strong><em>:</em></strong></span> <span class='ocrx_word' id='word_1_377' title='bbox 3001 1098 3220 1152; x_wconf 77' lang='lat' dir='ltr'><strong>terribili</strong></span> <span class='ocrx_word' id='word_1_378' title='bbox 3244 1104 3294 1152; x_wconf 66' lang='lat' dir='ltr'><strong>es</strong></span> 
     </span>
    </p>
   </div>
   <div class='ocr_carea' id='block_1_53' title="bbox 1753 1179 3279 1258">
    <p class='ocr_par' dir='ltr' id='par_1_53' title="bbox 1753 1179 3279 1258">
     <span class='ocr_line' id='line_1_53' title="bbox 1753 1179 3279 1258; baseline 0.001 -17"><span class='ocrx_word' id='word_1_379' title='bbox 1753 1189 1802 1241; x_wconf 89' lang='lat' dir='ltr'><strong>ei</strong></span> <span class='ocrx_word' id='word_1_380' title='bbox 1829 1189 1916 1257; x_wconf 90' lang='lat' dir='ltr'><strong>qui</strong></span> <span class='ocrx_word' id='word_1_381' title='bbox 1949 1188 2117 1255; x_wconf 78' lang='lat' dir='ltr'><strong>aufert</strong></span> <span class='ocrx_word' id='word_1_382' title='bbox 2144 1187 2360 1256; x_wconf 87' lang='lat' dir='ltr'><strong>spiritus</strong></span> <span class='ocrx_word' id='word_1_383' title='bbox 2387 1187 2695 1256; x_wconf 82' lang='lat' dir='ltr'><strong>principum,</strong></span> <span class='ocrx_word' id='word_1_384' title='bbox 2728 1187 2947 1240; x_wconf 80' lang='lat' dir='ltr'><strong>terribili</strong></span> <span class='ocrx_word' id='word_1_385' title='bbox 2975 1179 3112 1256; x_wconf 80' lang='lat' dir='ltr'><strong>apud</strong></span> <span class='ocrx_word' id='word_1_386' title='bbox 3139 1204 3279 1258; x_wconf 82' lang='lat' dir='ltr'><strong>reges</strong></span> 
     </span>
    </p>
   </div>
   <div class='ocr_carea' id='block_1_54' title="bbox 1758 1277 3289 1346">
    <p class='ocr_par' dir='ltr' id='par_1_54' title="bbox 1758 1277 3289 1346">
     <span class='ocr_line' id='line_1_54' title="bbox 1758 1277 3289 1346; baseline 0.001 -14"><span class='ocrx_word' id='word_1_387' title='bbox 1758 1288 1930 1332; x_wconf 66' lang='lat' dir='ltr'><strong>terra.</strong></span> <span class='ocrx_word' id='word_1_388' title='bbox 1964 1279 2226 1333; x_wconf 81' lang='lat' dir='ltr'><strong>Absoluto</strong></span> <span class='ocrx_word' id='word_1_389' title='bbox 2252 1277 2318 1333; x_wconf 90' lang='lat' dir='ltr'><strong>de</strong></span> <span class='ocrx_word' id='word_1_390' title='bbox 2349 1277 2441 1332; x_wconf 89' lang='lat' dir='ltr'><strong>Dei</strong></span> <span class='ocrx_word' id='word_1_391' title='bbox 2480 1277 2685 1346; x_wconf 87' lang='lat' dir='ltr'><strong>judicio</strong></span> <span class='ocrx_word' id='word_1_392' title='bbox 2718 1293 2984 1344; x_wconf 78' lang='lat' dir='ltr'><strong>sermone,</strong></span> <span class='ocrx_word' id='word_1_393' title='bbox 3019 1278 3289 1334; x_wconf 78' lang='lat' dir='ltr'><strong>hortantis</strong></span> 
     </span>
    </p>
   </div>
   <div class='ocr_carea' id='block_1_55' title="bbox 1753 1355 3290 1437">
    <p class='ocr_par' dir='ltr' id='par_1_55' title="bbox 1753 1355 3290 1437">
     <span class='ocr_line' id='line_1_55' title="bbox 1753 1355 3290 1437; baseline 0.003 -17"><span class='ocrx_word' id='word_1_394' title='bbox 1753 1381 1904 1421; x_wconf 92' lang='lat' dir='ltr'><strong>more</strong></span> <span class='ocrx_word' id='word_1_395' title='bbox 1931 1367 2173 1437; x_wconf 62' lang='lat' dir='ltr'><strong>praecipit</strong></span> <span class='ocrx_word' id='word_1_396' title='bbox 2221 1355 2392 1423; x_wconf 85' lang='lat' dir='ltr'><strong>nobis</strong></span> <span class='ocrx_word' id='word_1_397' title='bbox 2430 1375 2488 1422; x_wconf 91' lang='lat' dir='ltr'><strong>ut</strong></span> <span class='ocrx_word' id='word_1_398' title='bbox 2516 1382 2807 1423; x_wconf 79' lang='lat' dir='ltr'><strong>voveamus</strong></span> <span class='ocrx_word' id='word_1_399' title='bbox 2835 1375 2888 1422; x_wconf 88' lang='lat' dir='ltr'><strong>et</strong></span> <span class='ocrx_word' id='word_1_400' title='bbox 2916 1367 3138 1422; x_wconf 91' lang='lat' dir='ltr'><strong>Domino</strong></span> <span class='ocrx_word' id='word_1_401' title='bbox 3178 1367 3290 1424; x_wconf 89' lang='lat' dir='ltr'><strong>Deo</strong></span> 
     </span>
    </p>
   </div>
   <div class='ocr_carea' id='block_1_56' title="bbox 1753 1455 3296 1526">
    <p class='ocr_par' dir='ltr' id='par_1_56' title="bbox 1753 1455 3296 1526">
     <span class='ocr_line' id='line_1_56' title="bbox 1753 1455 3296 1526; baseline 0.005 -19"><span class='ocrx_word' id='word_1_402' title='bbox 1753 1464 1938 1508; x_wconf 90' lang='lat' dir='ltr'><strong>nostro</strong></span> <span class='ocrx_word' id='word_1_403' title='bbox 1969 1465 2092 1510; x_wconf 78' lang='lat' dir='ltr'><strong>vota</strong></span> <span class='ocrx_word' id='word_1_404' title='bbox 2119 1455 2409 1511; x_wconf 82' lang='lat' dir='ltr'><strong>reddamus</strong></span> <span class='ocrx_word' id='word_1_405' title='bbox 2434 1475 2446 1509; x_wconf 90' lang='lat'><strong>:</strong></span> <span class='ocrx_word' id='word_1_406' title='bbox 2482 1457 2609 1510; x_wconf 91' lang='lat' dir='ltr'><strong>dum</strong></span> <span class='ocrx_word' id='word_1_407' title='bbox 2634 1456 2808 1511; x_wconf 90' lang='lat' dir='ltr'><strong>adhuc</strong></span> <span class='ocrx_word' id='word_1_408' title='bbox 2831 1457 2883 1511; x_wconf 92' lang='lat' dir='ltr'><strong>in</strong></span> <span class='ocrx_word' id='word_1_409' title='bbox 2909 1458 3156 1526; x_wconf 67' lang='lat' dir='ltr'><strong>praesenti</strong></span> <span class='ocrx_word' id='word_1_410' title='bbox 3185 1458 3296 1514; x_wconf 75' lang='lat' dir='ltr'><strong>vita</strong></span> 
     </span>
    </p>
   </div>
   <div class='ocr_carea' id='block_1_57' title="bbox 1753 1545 3293 1614">
    <p class='ocr_par' dir='ltr' id='par_1_57' title="bbox 1753 1545 3293 1614">
     <span class='ocr_line' id='line_1_57' title="bbox 1753 1545 3293 1614; baseline 0.003 -17"><span class='ocrx_word' id='word_1_411' title='bbox 1753 1552 1964 1614; x_wconf 87' lang='lat' dir='ltr'><strong>tempus</strong></span> <span class='ocrx_word' id='word_1_412' title='bbox 2009 1545 2178 1607; x_wconf 82' lang='lat' dir='ltr'><strong>adest,</strong></span> <span class='ocrx_word' id='word_1_413' title='bbox 2210 1552 2271 1598; x_wconf 91' lang='lat' dir='ltr'><strong>ut</strong></span> <span class='ocrx_word' id='word_1_414' title='bbox 2303 1545 2355 1598; x_wconf 90' lang='lat' dir='ltr'><strong>id</strong></span> <span class='ocrx_word' id='word_1_415' title='bbox 2386 1559 2610 1614; x_wconf 87' lang='lat' dir='ltr'><strong>agamus</strong></span> <span class='ocrx_word' id='word_1_416' title='bbox 2656 1562 2758 1601; x_wconf 90' lang='lat' dir='ltr'><strong>nos</strong></span> <span class='ocrx_word' id='word_1_417' title='bbox 2813 1549 3118 1603; x_wconf 87' lang='lat' dir='ltr'><strong>necessario</strong></span> <span class='ocrx_word' id='word_1_418' title='bbox 3146 1562 3293 1602; x_wconf 92' lang='lat' dir='ltr'><strong>com-</strong></span> 
     </span>
    </p>
   </div>
   <div class='ocr_carea' id='block_1_58' title="bbox 1754 1635 3288 1710">
    <p class='ocr_par' dir='ltr' id='par_1_58' title="bbox 1754 1635 3288 1710">
     <span class='ocr_line' id='line_1_58' title="bbox 1754 1635 3288 1710; baseline 0.005 -20"><span class='ocrx_word' id='word_1_419' title='bbox 1754 1644 1954 1692; x_wconf 91' lang='lat' dir='ltr'><strong>monet.</strong></span> <span class='ocrx_word' id='word_1_420' title='bbox 1985 1635 2123 1690; x_wconf 83' lang='lat' dir='ltr'><strong>Vota</strong></span> <span class='ocrx_word' id='word_1_421' title='bbox 2159 1644 2335 1691; x_wconf 88' lang='lat' dir='ltr'><strong>antem</strong></span> <span class='ocrx_word' id='word_1_422' title='bbox 2367 1637 2749 1705; x_wconf 87' lang='lat' dir='ltr'><strong>promissiones</strong></span> <span class='ocrx_word' id='word_1_423' title='bbox 2779 1655 3090 1710; x_wconf 86' lang='lat' dir='ltr'><strong>nuncupare</strong></span> <span class='ocrx_word' id='word_1_424' title='bbox 3120 1641 3288 1710; x_wconf 82' lang='lat' dir='ltr'><strong>solet;</strong></span> 
     </span>
    </p>
   </div>
   <div class='ocr_carea' id='block_1_59' title="bbox 1755 1727 3296 1799">
    <p class='ocr_par' dir='ltr' id='par_1_59' title="bbox 1755 1727 3296 1799">
     <span class='ocr_line' id='line_1_59' title="bbox 1755 1727 3296 1799; baseline 0.005 -18"><span class='ocrx_word' id='word_1_425' title='bbox 1755 1744 1921 1799; x_wconf 88' lang='lat' dir='ltr'><strong>quare</strong></span> <span class='ocrx_word' id='word_1_426' title='bbox 1945 1729 2146 1783; x_wconf 88' lang='lat' dir='ltr'><strong>dictum</strong></span> <span class='ocrx_word' id='word_1_427' title='bbox 2178 1735 2262 1782; x_wconf 90' lang='lat' dir='ltr'><strong>est</strong></span> <span class='ocrx_word' id='word_1_428' title='bbox 2294 1747 2305 1782; x_wconf 88' lang='lat'><strong>:</strong></span> <span class='ocrx_word' id='word_1_429' title='bbox 2335 1727 2393 1782; x_wconf 88' lang='lat' dir='ltr'><strong>Si</strong></span> <span class='ocrx_word' id='word_1_430' title='bbox 2431 1737 2602 1783; x_wconf 83' lang='lat' dir='ltr'><strong>votum</strong></span> <span class='ocrx_word' id='word_1_431' title='bbox 2650 1731 2863 1795; x_wconf 83' lang='lat' dir='ltr'><strong>voveris,</strong></span> <span class='ocrx_word' id='word_1_432' title='bbox 2888 1747 2949 1785; x_wconf 86' lang='lat' dir='ltr'><strong>ne</strong></span> <span class='ocrx_word' id='word_1_433' title='bbox 2975 1732 3149 1786; x_wconf 82' lang='lat' dir='ltr'><strong>tardes</strong></span> <span class='ocrx_word' id='word_1_434' title='bbox 3177 1731 3296 1787; x_wconf 83' lang='lat' dir='ltr'><strong>red-</strong></span> 
     </span>
    </p>
   </div>
   <div class='ocr_carea' id='block_1_60' title="bbox 1756 1819 3294 1892">
    <p class='ocr_par' dir='ltr' id='par_1_60' title="bbox 1756 1819 3294 1892">
     <span class='ocr_line' id='line_1_60' title="bbox 1756 1819 3294 1892; baseline 0.005 -21"><span class='ocrx_word' id='word_1_435' title='bbox 1756 1819 1904 1873; x_wconf 84' lang='lat' dir='ltr'><strong>dere:</strong></span> <span class='ocrx_word' id='word_1_436' title='bbox 1937 1819 2116 1874; x_wconf 85' lang='lat' dir='ltr'><strong>melius</strong></span> <span class='ocrx_word' id='word_1_437' title='bbox 2147 1820 2280 1873; x_wconf 89' lang='lat' dir='ltr'><strong>enim</strong></span> <span class='ocrx_word' id='word_1_438' title='bbox 2299 1829 2374 1873; x_wconf 80' lang='lat' dir='ltr'><strong>est</strong></span> <span class='ocrx_word' id='word_1_439' title='bbox 2399 1837 2499 1874; x_wconf 85' lang='lat' dir='ltr'><strong>non</strong></span> <span class='ocrx_word' id='word_1_440' title='bbox 2531 1837 2723 1886; x_wconf 86' lang='lat' dir='ltr'><strong>vovere,</strong></span> <span class='ocrx_word' id='word_1_441' title='bbox 2746 1838 2902 1892; x_wconf 89' lang='lat' dir='ltr'><strong>quam</strong></span> <span class='ocrx_word' id='word_1_442' title='bbox 2923 1839 3096 1877; x_wconf 77' lang='lat' dir='ltr'><strong>vovere</strong></span> <span class='ocrx_word' id='word_1_443' title='bbox 3117 1833 3164 1877; x_wconf 87' lang='lat' dir='ltr'><strong>et</strong></span> <span class='ocrx_word' id='word_1_444' title='bbox 3191 1841 3294 1878; x_wconf 80' lang='lat' dir='ltr'><strong>non</strong></span> 
     </span>
    </p>
   </div>
   <div class='ocr_carea' id='block_1_61' title="bbox 1758 1910 3295 1985">
    <p class='ocr_par' dir='ltr' id='par_1_61' title="bbox 1758 1910 3295 1985">
     <span class='ocr_line' id='line_1_61' title="bbox 1758 1910 3295 1985; baseline 0.003 -22"><span class='ocrx_word' id='word_1_445' title='bbox 1758 1910 1967 1966; x_wconf 88' lang='lat' dir='ltr'><strong>reddere</strong></span> <span class='ocrx_word' id='word_1_446' title='bbox 1995 1912 2062 1966; x_wconf 84' lang='lat'><strong>&quot;°.</strong></span> <span class='ocrx_word' id='word_1_447' title='bbox 2090 1910 2473 1982; x_wconf 84' lang='lat' dir='ltr'><strong>Unusquisque</strong></span> <span class='ocrx_word' id='word_1_448' title='bbox 2514 1927 2639 1983; x_wconf 88' lang='lat' dir='ltr'><strong>ergo</strong></span> <span class='ocrx_word' id='word_1_449' title='bbox 2681 1920 2925 1968; x_wconf 88' lang='lat' dir='ltr'><strong>nostrum</strong></span> <span class='ocrx_word' id='word_1_450' title='bbox 2957 1915 3295 1985; x_wconf 83' lang='lat' dir='ltr'><strong>prOpositum</strong></span> 
     </span>
    </p>
   </div>
   <div class='ocr_carea' id='block_1_62' title="bbox 1752 2000 3307 2068">
    <p class='ocr_par' dir='ltr' id='par_1_62' title="bbox 1752 2000 3307 2068">
     <span class='ocr_line' id='line_1_62' title="bbox 1752 2000 3307 2068; baseline 0.004 -15"><span class='ocrx_word' id='word_1_451' title='bbox 1752 2005 1805 2053; x_wconf 94' lang='lat' dir='ltr'><strong>et</strong></span> <span class='ocrx_word' id='word_1_452' title='bbox 1837 2000 2252 2068; x_wconf 74' lang='lat' dir='ltr'><strong>promissionem</strong></span> <span class='ocrx_word' id='word_1_453' title='bbox 2278 2016 2452 2067; x_wconf 90' lang='lat' dir='ltr'><strong>suam,</strong></span> <span class='ocrx_word' id='word_1_454' title='bbox 2489 2017 2586 2058; x_wconf 86' lang='lat' dir='ltr'><strong>ceu</strong></span> <span class='ocrx_word' id='word_1_455' title='bbox 2629 2009 2811 2058; x_wconf 85' lang='lat' dir='ltr'><strong>votum</strong></span> <span class='ocrx_word' id='word_1_456' title='bbox 2845 2003 3053 2067; x_wconf 89' lang='lat' dir='ltr'><strong>reddat,</strong></span> <span class='ocrx_word' id='word_1_457' title='bbox 3087 2019 3307 2059; x_wconf 64' lang='lat' dir='ltr'><strong>memor</strong></span> 
     </span>
    </p>
   </div>
   <div class='ocr_carea' id='block_1_63' title="bbox 1752 2087 3294 2161">
    <p class='ocr_par' dir='ltr' id='par_1_63' title="bbox 1752 2087 3294 2161">
     <span class='ocr_line' id='line_1_63' title="bbox 1752 2087 3294 2161; baseline 0.003 -19"><span class='ocrx_word' id='word_1_458' title='bbox 1752 2087 1877 2143; x_wconf 86' lang='lat' dir='ltr'><strong>dicti</strong></span> <span class='ocrx_word' id='word_1_459' title='bbox 1913 2089 2059 2143; x_wconf 80' lang='lat' dir='ltr'><strong>illius</strong></span> <span class='ocrx_word' id='word_1_460' title='bbox 2085 2108 2098 2143; x_wconf 88' lang='lat'><strong>:</strong></span> <span class='ocrx_word' id='word_1_461' title='bbox 2132 2089 2359 2144; x_wconf 78' lang='lat' dir='ltr'><strong>Immola</strong></span> <span class='ocrx_word' id='word_1_462' title='bbox 2386 2090 2493 2146; x_wconf 85' lang='lat' dir='ltr'><strong>Deo</strong></span> <span class='ocrx_word' id='word_1_463' title='bbox 2523 2094 2842 2161; x_wconf 77' lang='lat' dir='ltr'><strong>sacriﬁcium</strong></span> <span class='ocrx_word' id='word_1_464' title='bbox 2876 2092 3069 2158; x_wconf 86' lang='lat' dir='ltr'><strong>laudis,</strong></span> <span class='ocrx_word' id='word_1_465' title='bbox 3098 2103 3156 2148; x_wconf 84' lang='lat' dir='ltr'><strong>et-</strong></span> <span class='ocrx_word' id='word_1_466' title='bbox 3177 2095 3294 2149; x_wconf 83' lang='lat' dir='ltr'><strong>red-</strong></span> 
     </span>
    </p>
   </div>
   <div class='ocr_carea' id='block_1_64' title="bbox 1752 2176 3292 2238">
    <p class='ocr_par' dir='ltr' id='par_1_64' title="bbox 1752 2176 3292 2238">
     <span class='ocr_line' id='line_1_64' title="bbox 1752 2176 3292 2238; baseline 0.006 -9"><span class='ocrx_word' id='word_1_467' title='bbox 1752 2176 1814 2230; x_wconf 87' lang='lat' dir='ltr'><strong>de</strong></span> <span class='ocrx_word' id='word_1_468' title='bbox 1843 2176 2064 2230; x_wconf 82' lang='lat' dir='ltr'><strong>Domiuo</strong></span> <span class='ocrx_word' id='word_1_469' title='bbox 2095 2188 2212 2231; x_wconf 73' lang='lat' dir='ltr'><strong>uota</strong></span> <span class='ocrx_word' id='word_1_470' title='bbox 2242 2190 2332 2232; x_wconf 89' lang='lat' dir='ltr'><strong>tua</strong></span> <span class='ocrx_word' id='word_1_471' title='bbox 2362 2194 2380 2232; x_wconf 90' lang='lat'><em>:</em></span> <span class='ocrx_word' id='word_1_472' title='bbox 2414 2189 2462 2232; x_wconf 87' lang='lat' dir='ltr'><strong>et</strong></span> <span class='ocrx_word' id='word_1_473' title='bbox 2487 2181 2665 2234; x_wconf 83' lang='lat' dir='ltr'><strong>invoca</strong></span> <span class='ocrx_word' id='word_1_474' title='bbox 2695 2199 2773 2236; x_wconf 88' lang='lat' dir='ltr'><strong>me</strong></span> <span class='ocrx_word' id='word_1_475' title='bbox 2796 2184 2849 2235; x_wconf 87' lang='lat' dir='ltr'><strong>in</strong></span> <span class='ocrx_word' id='word_1_476' title='bbox 2879 2183 2964 2238; x_wconf 86' lang='lat' dir='ltr'><strong>die</strong></span> <span class='ocrx_word' id='word_1_477' title='bbox 2993 2184 3292 2238; x_wconf 87' lang='lat' dir='ltr'><strong>tribulatio-</strong></span> 
     </span>
    </p>
   </div>
   <div class='ocr_carea' id='block_1_65' title="bbox 1751 2266 3300 2344">
    <p class='ocr_par' dir='ltr' id='par_1_65' title="bbox 1751 2266 3300 2344">
     <span class='ocr_line' id='line_1_65' title="bbox 1751 2266 3300 2344; baseline 0.007 -25"><span class='ocrx_word' id='word_1_478' title='bbox 1751 2266 1853 2329; x_wconf 83' lang='lat' dir='ltr'><strong>uis,</strong></span> <span class='ocrx_word' id='word_1_479' title='bbox 1890 2274 1940 2320; x_wconf 85' lang='lat' dir='ltr'><strong>et</strong></span> <span class='ocrx_word' id='word_1_480' title='bbox 1971 2283 2150 2320; x_wconf 80' lang='lat' dir='ltr'><strong>eruam</strong></span> <span class='ocrx_word' id='word_1_481' title='bbox 2195 2277 2262 2332; x_wconf 87' lang='lat' dir='ltr'><strong>te,</strong></span> <span class='ocrx_word' id='word_1_482' title='bbox 2292 2277 2339 2321; x_wconf 80' lang='lat' dir='ltr'><strong>et</strong></span> <span class='ocrx_word' id='word_1_483' title='bbox 2384 2268 2702 2338; x_wconf 75' lang='lat' dir='ltr'><strong>gloriﬁcabis</strong></span> <span class='ocrx_word' id='word_1_484' title='bbox 2732 2289 2810 2325; x_wconf 86' lang='lat' dir='ltr'><strong>me</strong></span> <span class='ocrx_word' id='word_1_485' title='bbox 2835 2275 2898 2326; x_wconf 84' lang='grc'><strong>⁷¹.</strong></span> <span class='ocrx_word' id='word_1_486' title='bbox 2926 2273 3079 2328; x_wconf 79' lang='lat' dir='ltr'><strong>Nunc</strong></span> <span class='ocrx_word' id='word_1_487' title='bbox 3109 2275 3300 2344; x_wconf 84' lang='lat' dir='ltr'><strong>igitur,-</strong></span> 
     </span>
    </p>
   </div>
   <div class='ocr_carea' id='block_1_66' title="bbox 1752 2343 3293 2433">
    <p class='ocr_par' dir='ltr' id='par_1_66' title="bbox 1752 2343 3293 2433">
     <span class='ocr_line' id='line_1_66' title="bbox 1752 2343 3293 2433; baseline 0.006 -21"><span class='ocrx_word' id='word_1_488' title='bbox 1752 2343 1845 2423; x_wconf 85' lang='lat' dir='ltr'><strong>ait,</strong></span> <span class='ocrx_word' id='word_1_489' title='bbox 1882 2356 2061 2415; x_wconf 78' lang='lat' dir='ltr'><strong>Vooete</strong></span> <span class='ocrx_word' id='word_1_490' title='bbox 2081 2369 2128 2416; x_wconf 84' lang='lat' dir='ltr'><strong>et</strong></span> <span class='ocrx_word' id='word_1_491' title='bbox 2158 2357 2370 2417; x_wconf 82' lang='lat' dir='ltr'><strong>reddite.</strong></span> <span class='ocrx_word' id='word_1_492' title='bbox 2399 2359 2634 2433; x_wconf 85' lang='lat' dir='ltr'><strong>Tempus</strong></span> <span class='ocrx_word' id='word_1_493' title='bbox 2664 2361 2805 2419; x_wconf 82' lang='lat' dir='ltr'><strong>enim</strong></span> <span class='ocrx_word' id='word_1_494' title='bbox 2836 2361 3005 2416; x_wconf 89' lang='lat' dir='ltr'><strong>aderit</strong></span> <span class='ocrx_word' id='word_1_495' title='bbox 3033 2343 3151 2432; x_wconf 20' lang='lat' dir='ltr'><strong>quoi</strong></span> <span class='ocrx_word' id='word_1_496' title='bbox 3172 2379 3293 2420; x_wconf 79' lang='lat' dir='ltr'><strong>om—</strong></span> 
     </span>
    </p>
   </div>
   <div class='ocr_carea' id='block_1_67' title="bbox 1750 2452 3292 2523">
    <p class='ocr_par' dir='ltr' id='par_1_67' title="bbox 1750 2452 3292 2523">
     <span class='ocr_line' id='line_1_67' title="bbox 1750 2452 3292 2523; baseline 0.002 -19"><span class='ocrx_word' id='word_1_497' title='bbox 1750 2465 1848 2505; x_wconf 88' lang='lat' dir='ltr'><strong>nes</strong></span> <span class='ocrx_word' id='word_1_498' title='bbox 1875 2452 1965 2520; x_wconf 86' lang='lat' dir='ltr'><strong>qui</strong></span> <span class='ocrx_word' id='word_1_499' title='bbox 1996 2453 2050 2506; x_wconf 90' lang='lat' dir='ltr'><strong>in</strong></span> <span class='ocrx_word' id='word_1_500' title='bbox 2084 2453 2314 2508; x_wconf 91' lang='lat' dir='ltr'><strong>circuitu</strong></span> <span class='ocrx_word' id='word_1_501' title='bbox 2339 2453 2456 2523; x_wconf 89' lang='lat' dir='ltr'><strong>ejus</strong></span> <span class='ocrx_word' id='word_1_502' title='bbox 2487 2461 2612 2508; x_wconf 88' lang='lat' dir='ltr'><strong>sunt</strong></span> <span class='ocrx_word' id='word_1_503' title='bbox 2634 2452 2856 2509; x_wconf 70' lang='lat' dir='ltr'><strong>alierent</strong></span> <span class='ocrx_word' id='word_1_504' title='bbox 2876 2468 3114 2510; x_wconf 87' lang='lat' dir='ltr'><strong>munera.</strong></span> <span class='ocrx_word' id='word_1_505' title='bbox 3144 2452 3292 2507; x_wconf 80' lang='lat' dir='ltr'><strong>Nam</strong></span> 
     </span>
    </p>
   </div>
   <div class='ocr_carea' id='block_1_68' title="bbox 1750 2543 3293 2616">
    <p class='ocr_par' dir='ltr' id='par_1_68' title="bbox 1750 2543 3293 2616">
     <span class='ocr_line' id='line_1_68' title="bbox 1750 2543 3293 2616; baseline 0.003 -20"><span class='ocrx_word' id='word_1_506' title='bbox 1750 2549 1989 2612; x_wconf 85' lang='lat' dir='ltr'><strong>tempore</strong></span> <span class='ocrx_word' id='word_1_507' title='bbox 2014 2543 2165 2614; x_wconf 90' lang='lat' dir='ltr'><strong>regni</strong></span> <span class='ocrx_word' id='word_1_508' title='bbox 2195 2544 2364 2612; x_wconf 80' lang='lat' dir='ltr'><strong>ipsius</strong></span> <span class='ocrx_word' id='word_1_509' title='bbox 2388 2561 2526 2616; x_wconf 89' lang='lat' dir='ltr'><strong>reges</strong></span> <span class='ocrx_word' id='word_1_510' title='bbox 2560 2544 2775 2601; x_wconf 83' lang='lat' dir='ltr'><strong>Tharsis</strong></span> <span class='ocrx_word' id='word_1_511' title='bbox 2797 2557 2844 2600; x_wconf 88' lang='lat' dir='ltr'><strong>et</strong></span> <span class='ocrx_word' id='word_1_512' title='bbox 2867 2546 3049 2601; x_wconf 73' lang='lat' dir='ltr'><strong>insula:</strong></span> <span class='ocrx_word' id='word_1_513' title='bbox 3077 2562 3293 2601; x_wconf 85' lang='lat' dir='ltr'><strong>munera</strong></span> 
     </span>
    </p>
   </div>
   <div class='ocr_carea' id='block_1_69' title="bbox 1751 2631 3292 2702">
    <p class='ocr_par' dir='ltr' id='par_1_69' title="bbox 1751 2631 3292 2702">
     <span class='ocr_line' id='line_1_69' title="bbox 1751 2631 3292 2702; baseline 0.005 -18"><span class='ocrx_word' id='word_1_514' title='bbox 1751 2631 1984 2700; x_wconf 66' lang='lat' dir='ltr'><strong>oﬂerent,</strong></span> <span class='ocrx_word' id='word_1_515' title='bbox 2015 2649 2154 2702; x_wconf 83' lang='lat' dir='ltr'><strong>reges</strong></span> <span class='ocrx_word' id='word_1_516' title='bbox 2195 2634 2428 2687; x_wconf 81' lang='lat' dir='ltr'><strong>Arabum</strong></span> <span class='ocrx_word' id='word_1_517' title='bbox 2467 2644 2516 2688; x_wconf 90' lang='lat' dir='ltr'><strong>et</strong></span> <span class='ocrx_word' id='word_1_518' title='bbox 2560 2635 2704 2689; x_wconf 89' lang='lat' dir='ltr'><strong>Saba</strong></span> <span class='ocrx_word' id='word_1_519' title='bbox 2749 2636 2887 2689; x_wconf 87' lang='lat' dir='ltr'><strong>dona</strong></span> <span class='ocrx_word' id='word_1_520' title='bbox 2929 2635 3203 2700; x_wconf 82' lang='lat' dir='ltr'><strong>adducent,</strong></span> <span class='ocrx_word' id='word_1_521' title='bbox 3241 2647 3292 2692; x_wconf 82' lang='lat' dir='ltr'><strong>et</strong></span> 
     </span>
    </p>
   </div>
   <div class='ocr_carea' id='block_1_70' title="bbox 1751 2721 3288 2797">
    <p class='ocr_par' dir='ltr' id='par_1_70' title="bbox 1751 2721 3288 2797">
     <span class='ocr_line' id='line_1_70' title="bbox 1751 2721 3288 2797; baseline 0.005 -23"><span class='ocrx_word' id='word_1_522' title='bbox 1751 2721 2045 2794; x_wconf 86' lang='lat' dir='ltr'><strong>adorabunt</strong></span> <span class='ocrx_word' id='word_1_523' title='bbox 2092 2739 2208 2776; x_wconf 86' lang='lat' dir='ltr'><strong>eum</strong></span> <span class='ocrx_word' id='word_1_524' title='bbox 2265 2740 2438 2778; x_wconf 85' lang='lat' dir='ltr'><strong>omnes</strong></span> <span class='ocrx_word' id='word_1_525' title='bbox 2468 2741 2606 2793; x_wconf 80' lang='lat' dir='ltr'><strong>reges</strong></span> <span class='ocrx_word' id='word_1_526' title='bbox 2654 2735 2805 2779; x_wconf 71' lang='lat' dir='ltr'><strong>terra:</strong></span> <span class='ocrx_word' id='word_1_527' title='bbox 2834 2726 2902 2780; x_wconf 83' lang='lat'><strong>&quot;.</strong></span> <span class='ocrx_word' id='word_1_528' title='bbox 2929 2725 3081 2780; x_wconf 89' lang='lat' dir='ltr'><strong>Tunc</strong></span> <span class='ocrx_word' id='word_1_529' title='bbox 3111 2729 3288 2797; x_wconf 89' lang='lat' dir='ltr'><strong>ipsum</strong></span> 
     </span>
    </p>
   </div>
   <div class='ocr_carea' id='block_1_71' title="bbox 1751 2811 3293 2883">
    <p class='ocr_par' dir='ltr' id='par_1_71' title="bbox 1751 2811 3293 2883">
     <span class='ocr_line' id='line_1_71' title="bbox 1751 2811 3293 2883; baseline 0.003 -18"><span class='ocrx_word' id='word_1_530' title='bbox 1751 2811 1803 2865; x_wconf 92' lang='lat' dir='ltr'><strong>in</strong></span> <span class='ocrx_word' id='word_1_531' title='bbox 1839 2812 2031 2868; x_wconf 87' lang='lat' dir='ltr'><strong>throno</strong></span> <span class='ocrx_word' id='word_1_532' title='bbox 2062 2812 2245 2883; x_wconf 71' lang='lat' dir='ltr'><strong>gloria:</strong></span> <span class='ocrx_word' id='word_1_533' title='bbox 2287 2828 2397 2868; x_wconf 72' lang='lat' dir='ltr'><strong>suae</strong></span> <span class='ocrx_word' id='word_1_534' title='bbox 2426 2814 2719 2876; x_wconf 89' lang='lat' dir='ltr'><strong>sedentem,</strong></span> <span class='ocrx_word' id='word_1_535' title='bbox 2753 2827 2940 2868; x_wconf 89' lang='lat' dir='ltr'><strong>omnes</strong></span> <span class='ocrx_word' id='word_1_536' title='bbox 2971 2829 3091 2868; x_wconf 88' lang='lat' dir='ltr'><strong>cum</strong></span> <span class='ocrx_word' id='word_1_537' title='bbox 3132 2816 3293 2872; x_wconf 87' lang='lat' dir='ltr'><strong>donis</strong></span> 
     </span>
    </p>
   </div>
   <div class='ocr_carea' id='block_1_72' title="bbox 1750 2901 3290 2972">
    <p class='ocr_par' dir='ltr' id='par_1_72' title="bbox 1750 2901 3290 2972">
     <span class='ocr_line' id='line_1_72' title="bbox 1750 2901 3290 2972; baseline 0.003 -18"><span class='ocrx_word' id='word_1_538' title='bbox 1750 2901 2069 2967; x_wconf 90' lang='lat' dir='ltr'><strong>adorabunt,</strong></span> <span class='ocrx_word' id='word_1_539' title='bbox 2109 2902 2162 2957; x_wconf 88' lang='lat' dir='ltr'><strong>id</strong></span> <span class='ocrx_word' id='word_1_540' title='bbox 2191 2911 2293 2966; x_wconf 89' lang='lat' dir='ltr'><strong>est,</strong></span> <span class='ocrx_word' id='word_1_541' title='bbox 2319 2919 2439 2957; x_wconf 93' lang='lat' dir='ltr'><strong>cum</strong></span> <span class='ocrx_word' id='word_1_542' title='bbox 2472 2904 2606 2968; x_wconf 90' lang='lat' dir='ltr'><strong>suis,</strong></span> <span class='ocrx_word' id='word_1_543' title='bbox 2640 2918 2777 2972; x_wconf 89' lang='lat' dir='ltr'><strong>quos</strong></span> <span class='ocrx_word' id='word_1_544' title='bbox 2818 2903 3060 2967; x_wconf 80' lang='lat' dir='ltr'><strong>aﬂ&#39;erent,</strong></span> <span class='ocrx_word' id='word_1_545' title='bbox 3101 2904 3290 2969; x_wconf 60' lang='lat' dir='ltr'><strong>fructi.</strong></span> 
     </span>
    </p>
   </div>
   <div class='ocr_carea' id='block_1_73' title="bbox 1750 2992 3288 3064">
    <p class='ocr_par' dir='ltr' id='par_1_73' title="bbox 1750 2992 3288 3064">
     <span class='ocr_line' id='line_1_73' title="bbox 1750 2992 3288 3064; baseline 0.005 -20"><span class='ocrx_word' id='word_1_546' title='bbox 1750 2992 1916 3048; x_wconf 87' lang='lat' dir='ltr'><strong>tibus.</strong></span> <span class='ocrx_word' id='word_1_547' title='bbox 1945 2992 2151 3053; x_wconf 84' lang='lat' dir='ltr'><strong>Idcirco</strong></span> <span class='ocrx_word' id='word_1_548' title='bbox 2177 2993 2302 3048; x_wconf 93' lang='lat' dir='ltr'><strong>dum</strong></span> <span class='ocrx_word' id='word_1_549' title='bbox 2329 2994 2505 3048; x_wconf 92' lang='lat' dir='ltr'><strong>adhuc</strong></span> <span class='ocrx_word' id='word_1_550' title='bbox 2533 3001 2743 3064; x_wconf 90' lang='lat' dir='ltr'><strong>tempus</strong></span> <span class='ocrx_word' id='word_1_551' title='bbox 2766 3001 2868 3062; x_wconf 85' lang='lat' dir='ltr'><strong>est,</strong></span> <span class='ocrx_word' id='word_1_552' title='bbox 2899 3006 3079 3050; x_wconf 90' lang='lat' dir='ltr'><strong>monet</strong></span> <span class='ocrx_word' id='word_1_553' title='bbox 3116 3005 3172 3050; x_wconf 92' lang='lat' dir='ltr'><strong>ut</strong></span> <span class='ocrx_word' id='word_1_554' title='bbox 3194 3012 3288 3051; x_wconf 57' lang='lat' dir='ltr'><strong>voc</strong></span> 
     </span>
    </p>
   </div>
   <div class='ocr_carea' id='block_1_74' title="bbox 1747 3071 3304 3150">
    <p class='ocr_par' dir='ltr' id='par_1_74' title="bbox 1747 3071 3304 3150">
     <span class='ocr_line' id='line_1_74' title="bbox 1747 3071 3304 3150; baseline 0.004 -15"><span class='ocrx_word' id='word_1_555' title='bbox 1747 3097 1968 3138; x_wconf 77' lang='lat' dir='ltr'><strong>veamus</strong></span> <span class='ocrx_word' id='word_1_556' title='bbox 2014 3094 2068 3138; x_wconf 91' lang='lat' dir='ltr'><strong>et</strong></span> <span class='ocrx_word' id='word_1_557' title='bbox 2123 3071 2428 3150; x_wconf 80' lang='lat' dir='ltr'><strong>reddamus,</strong></span> <span class='ocrx_word' id='word_1_558' title='bbox 2462 3094 2520 3139; x_wconf 94' lang='lat' dir='ltr'><strong>ut</strong></span> <span class='ocrx_word' id='word_1_559' title='bbox 2563 3100 2684 3139; x_wconf 90' lang='lat' dir='ltr'><strong>cum</strong></span> <span class='ocrx_word' id='word_1_560' title='bbox 2739 3084 3022 3144; x_wconf 87' lang='lat' dir='ltr'><strong>thesauros</strong></span> <span class='ocrx_word' id='word_1_561' title='bbox 3071 3094 3304 3143; x_wconf 84' lang='lat' dir='ltr'><strong>nostros.</strong></span> 
     </span>
    </p>
   </div>
   <div class='ocr_carea' id='block_1_75' title="bbox 1748 3172 3285 3249">
    <p class='ocr_par' dir='ltr' id='par_1_75' title="bbox 1748 3172 3285 3249">
     <span class='ocr_line' id='line_1_75' title="bbox 1748 3172 3285 3249; baseline 0.003 -21"><span class='ocrx_word' id='word_1_562' title='bbox 1748 3172 2168 3237; x_wconf 87' lang='lat' dir='ltr'><strong>condiderimus,</strong></span> <span class='ocrx_word' id='word_1_563' title='bbox 2213 3190 2306 3230; x_wconf 87' lang='lat' dir='ltr'><strong>eos</strong></span> <span class='ocrx_word' id='word_1_564' title='bbox 2349 3183 2650 3244; x_wconf 89' lang='lat' dir='ltr'><strong>opportuno</strong></span> <span class='ocrx_word' id='word_1_565' title='bbox 2681 3183 2920 3246; x_wconf 90' lang='lat' dir='ltr'><strong>tempore</strong></span> <span class='ocrx_word' id='word_1_566' title='bbox 2960 3178 3061 3249; x_wconf 88' lang='lat' dir='ltr'><strong>ipsi</strong></span> <span class='ocrx_word' id='word_1_567' title='bbox 3097 3178 3285 3232; x_wconf 73' lang='lat' dir='ltr'><strong>zﬁ‘era-</strong></span> 
     </span>
    </p>
   </div>
   <div class='ocr_carea' id='block_1_76' title="bbox 1747 3262 3305 3338">
    <p class='ocr_par' dir='ltr' id='par_1_76' title="bbox 1747 3262 3305 3338">
     <span class='ocr_line' id='line_1_76' title="bbox 1747 3262 3305 3338; baseline 0.004 -23"><span class='ocrx_word' id='word_1_568' title='bbox 1747 3277 1888 3327; x_wconf 79' lang='lat' dir='ltr'><strong>mus,</strong></span> <span class='ocrx_word' id='word_1_569' title='bbox 1913 3262 2061 3333; x_wconf 87' lang='lat' dir='ltr'><strong>digni</strong></span> <span class='ocrx_word' id='word_1_570' title='bbox 2103 3264 2272 3319; x_wconf 86' lang='lat' dir='ltr'><strong>habiti</strong></span> <span class='ocrx_word' id='word_1_571' title='bbox 2312 3273 2372 3319; x_wconf 91' lang='lat' dir='ltr'><strong>ut</strong></span> <span class='ocrx_word' id='word_1_572' title='bbox 2403 3269 2543 3319; x_wconf 90' lang='lat' dir='ltr'><strong>inter</strong></span> <span class='ocrx_word' id='word_1_573' title='bbox 2569 3281 2662 3320; x_wconf 89' lang='lat' dir='ltr'><strong>eos</strong></span> <span class='ocrx_word' id='word_1_574' title='bbox 2692 3267 2783 3336; x_wconf 91' lang='lat' dir='ltr'><strong>qui</strong></span> <span class='ocrx_word' id='word_1_575' title='bbox 2813 3267 3066 3323; x_wconf 87' lang='lat' dir='ltr'><strong>thronum</strong></span> <span class='ocrx_word' id='word_1_576' title='bbox 3115 3270 3305 3338; x_wconf 89' lang='lat' dir='ltr'><strong>ipsius.</strong></span> 
     </span>
    </p>
   </div>
   <div class='ocr_carea' id='block_1_77' title="bbox 1744 3351 3285 3430">
    <p class='ocr_par' dir='ltr' id='par_1_77' title="bbox 1744 3351 3285 3430">
     <span class='ocr_line' id='line_1_77' title="bbox 1744 3351 3285 3430; baseline 0.006 -27"><span class='ocrx_word' id='word_1_577' title='bbox 1744 3351 2081 3407; x_wconf 90' lang='lat' dir='ltr'><strong>circumdant</strong></span> <span class='ocrx_word' id='word_1_578' title='bbox 2119 3368 2550 3430; x_wconf 85' lang='lat' dir='ltr'><strong>annumeremur.</strong></span> <span class='ocrx_word' id='word_1_579' title='bbox 2584 3352 2784 3409; x_wconf 88' lang='lat' dir='ltr'><strong>Omnes</strong></span> <span class='ocrx_word' id='word_1_580' title='bbox 2804 3355 2946 3410; x_wconf 92' lang='lat' dir='ltr'><strong>enim</strong></span> <span class='ocrx_word' id='word_1_581' title='bbox 2969 3357 3025 3410; x_wconf 91' lang='lat' dir='ltr'><strong>in</strong></span> <span class='ocrx_word' id='word_1_582' title='bbox 3058 3358 3285 3412; x_wconf 88' lang='lat' dir='ltr'><strong>circuitu</strong></span> 
     </span>
    </p>
   </div>
   <div class='ocr_carea' id='block_1_78' title="bbox 1743 3441 3283 3515">
    <p class='ocr_par' dir='ltr' id='par_1_78' title="bbox 1743 3441 3283 3515">
     <span class='ocr_line' id='line_1_78' title="bbox 1743 3441 3283 3515; baseline 0.003 -19"><span class='ocrx_word' id='word_1_583' title='bbox 1743 3441 1860 3510; x_wconf 86' lang='lat' dir='ltr'><strong>ejus</strong></span> <span class='ocrx_word' id='word_1_584' title='bbox 1881 3442 2104 3498; x_wconf 83' lang='lat' dir='ltr'><strong>ali‘erent</strong></span> <span class='ocrx_word' id='word_1_585' title='bbox 2133 3444 2233 3514; x_wconf 90' lang='lat' dir='ltr'><strong>ipsi</strong></span> <span class='ocrx_word' id='word_1_586' title='bbox 2276 3459 2518 3508; x_wconf 89' lang='lat' dir='ltr'><strong>munera,</strong></span> <span class='ocrx_word' id='word_1_587' title='bbox 2547 3445 2639 3515; x_wconf 90' lang='lat' dir='ltr'><strong>qui</strong></span> <span class='ocrx_word' id='word_1_588' title='bbox 2667 3460 2774 3499; x_wconf 91' lang='lat' dir='ltr'><strong>non</strong></span> <span class='ocrx_word' id='word_1_589' title='bbox 2805 3445 3182 3501; x_wconf 87' lang='lat' dir='ltr'><strong>accedentibus</strong></span> <span class='ocrx_word' id='word_1_590' title='bbox 3215 3450 3283 3500; x_wconf 87' lang='lat' dir='ltr'><strong>ad</strong></span> 
     </span>
    </p>
   </div>
   <div class='ocr_carea' id='block_1_79' title="bbox 1744 3535 3278 3611">
    <p class='ocr_par' dir='ltr' id='par_1_79' title="bbox 1744 3535 3278 3611">
     <span class='ocr_line' id='line_1_79' title="bbox 1744 3535 3278 3611; baseline 0.003 -23"><span class='ocrx_word' id='word_1_591' title='bbox 1744 3547 1888 3596; x_wconf 85' lang='lat' dir='ltr'><strong>eum.</strong></span> <span class='ocrx_word' id='word_1_592' title='bbox 1938 3550 2038 3590; x_wconf 89' lang='lat' dir='ltr'><strong>nec</strong></span> <span class='ocrx_word' id='word_1_593' title='bbox 2091 3550 2313 3611; x_wconf 82' lang='lat' dir='ltr'><strong>munera</strong></span> <span class='ocrx_word' id='word_1_594' title='bbox 2363 3535 2440 3589; x_wconf 91' lang='lat' dir='ltr'><strong>illi</strong></span> <span class='ocrx_word' id='word_1_595' title='bbox 2487 3535 2832 3590; x_wconf 82' lang='lat' dir='ltr'><strong>ollerentibus</strong></span> <span class='ocrx_word' id='word_1_596' title='bbox 2879 3536 3137 3590; x_wconf 84' lang='lat' dir='ltr'><strong>terribilis</strong></span> <span class='ocrx_word' id='word_1_597' title='bbox 3173 3543 3278 3593; x_wconf 89' lang='lat' dir='ltr'><strong>est.</strong></span> 
     </span>
    </p>
   </div>
   <div class='ocr_carea' id='block_1_80' title="bbox 1743 3621 3283 3695">
    <p class='ocr_par' dir='ltr' id='par_1_80' title="bbox 1743 3621 3283 3695">
     <span class='ocr_line' id='line_1_80' title="bbox 1743 3621 3283 3695; baseline 0.001 -19"><span class='ocrx_word' id='word_1_598' title='bbox 1743 3621 1919 3687; x_wconf 85' lang='lat' dir='ltr'><strong>Quare</strong></span> <span class='ocrx_word' id='word_1_599' title='bbox 1943 3624 2022 3684; x_wconf 81' lang='lat' dir='ltr'><strong>sic</strong></span> <span class='ocrx_word' id='word_1_600' title='bbox 2041 3622 2381 3680; x_wconf 84' lang='lat' dir='ltr'><strong>concluditur</strong></span> <span class='ocrx_word' id='word_1_601' title='bbox 2411 3642 2424 3678; x_wconf 90' lang='lat'><strong>:</strong></span> <span class='ocrx_word' id='word_1_602' title='bbox 2458 3624 2697 3678; x_wconf 83' lang='lat' dir='ltr'><strong>Terribili</strong></span> <span class='ocrx_word' id='word_1_603' title='bbox 2722 3633 2770 3678; x_wconf 88' lang='lat' dir='ltr'><strong>et</strong></span> <span class='ocrx_word' id='word_1_604' title='bbox 2799 3625 2845 3678; x_wconf 93' lang='lat' dir='ltr'><strong>ei</strong></span> <span class='ocrx_word' id='word_1_605' title='bbox 2871 3626 2958 3695; x_wconf 91' lang='lat' dir='ltr'><strong>qui</strong></span> <span class='ocrx_word' id='word_1_606' title='bbox 2980 3625 3150 3693; x_wconf 82' lang='lat' dir='ltr'><strong>aufert</strong></span> <span class='ocrx_word' id='word_1_607' title='bbox 3176 3625 3283 3694; x_wconf 86' lang='lat' dir='ltr'><strong>spi-</strong></span> 
     </span>
    </p>
   </div>
   <div class='ocr_carea' id='block_1_81' title="bbox 1743 3707 3280 3791">
    <p class='ocr_par' dir='ltr' id='par_1_81' title="bbox 1743 3707 3280 3791">
     <span class='ocr_line' id='line_1_81' title="bbox 1743 3707 3280 3791; baseline 0.003 -26"><span class='ocrx_word' id='word_1_608' title='bbox 1743 3713 1876 3765; x_wconf 89' lang='lat' dir='ltr'><strong>ritus</strong></span> <span class='ocrx_word' id='word_1_609' title='bbox 1927 3714 2236 3781; x_wconf 82' lang='lat' dir='ltr'><strong>principum,</strong></span> <span class='ocrx_word' id='word_1_610' title='bbox 2287 3713 2505 3791; x_wconf 73' lang='lat' dir='ltr'><strong>terribili</strong></span> <span class='ocrx_word' id='word_1_611' title='bbox 2551 3714 2688 3782; x_wconf 80' lang='lat' dir='ltr'><strong>apud</strong></span> <span class='ocrx_word' id='word_1_612' title='bbox 2743 3730 2881 3784; x_wconf 85' lang='lat' dir='ltr'><strong>reges</strong></span> <span class='ocrx_word' id='word_1_613' title='bbox 2932 3707 3099 3770; x_wconf 67' lang='lat' dir='ltr'><strong>terra.</strong></span> <span class='ocrx_word' id='word_1_614' title='bbox 3146 3716 3280 3770; x_wconf 87' lang='lat' dir='ltr'><strong>lllud</strong></span> 
     </span>
    </p>
   </div>
   <div class='ocr_carea' id='block_1_82' title="bbox 1741 3801 3280 3876">
    <p class='ocr_par' dir='ltr' id='par_1_82' title="bbox 1741 3801 3280 3876">
     <span class='ocr_line' id='line_1_82' title="bbox 1741 3801 3280 3876; baseline 0.001 -19"><span class='ocrx_word' id='word_1_615' title='bbox 1741 3804 1882 3857; x_wconf 92' lang='lat' dir='ltr'><strong>enim</strong></span> <span class='ocrx_word' id='word_1_616' title='bbox 1925 3822 1937 3856; x_wconf 94' lang='lat'>:</span> <span class='ocrx_word' id='word_1_617' title='bbox 1968 3801 2090 3858; x_wconf 83' lang='lat' dir='ltr'><strong>Non</strong></span> <span class='ocrx_word' id='word_1_618' title='bbox 2116 3803 2435 3873; x_wconf 77' lang='lat' dir='ltr'><strong>permanebit</strong></span> <span class='ocrx_word' id='word_1_619' title='bbox 2460 3806 2676 3876; x_wconf 73' lang='lat' dir='ltr'><strong>spiritus</strong></span> <span class='ocrx_word' id='word_1_620' title='bbox 2703 3823 2844 3861; x_wconf 87' lang='lat' dir='ltr'><strong>meus</strong></span> <span class='ocrx_word' id='word_1_621' title='bbox 2875 3806 3080 3875; x_wconf 64' lang='lat' dir='ltr'><strong>inﬁtiis</strong></span> <span class='ocrx_word' id='word_1_622' title='bbox 3110 3807 3280 3859; x_wconf 75' lang='grc' dir='ltr'><strong>Ιιοπιίο</strong></span> 
     </span>
    </p>
   </div>
   <div class='ocr_carea' id='block_1_83' title="bbox 1743 3893 3300 3966">
    <p class='ocr_par' dir='ltr' id='par_1_83' title="bbox 1743 3893 3300 3966">
     <span class='ocr_line' id='line_1_83' title="bbox 1743 3893 3300 3966; baseline -0.001 -18"><span class='ocrx_word' id='word_1_623' title='bbox 1743 3910 1865 3948; x_wconf 81' lang='lat' dir='ltr'><strong>num</strong></span> <span class='ocrx_word' id='word_1_624' title='bbox 1882 3895 1947 3959; x_wconf 86' lang='grc'><strong>⁷³,</strong></span> <span class='ocrx_word' id='word_1_625' title='bbox 1982 3893 2050 3948; x_wconf 89' lang='lat' dir='ltr'><strong>de</strong></span> <span class='ocrx_word' id='word_1_626' title='bbox 2075 3893 2184 3949; x_wconf 90' lang='lat' dir='ltr'><strong>illis</strong></span> <span class='ocrx_word' id='word_1_627' title='bbox 2212 3909 2427 3964; x_wconf 85' lang='lat' dir='ltr'><strong>quoque</strong></span> <span class='ocrx_word' id='word_1_628' title='bbox 2451 3895 2659 3949; x_wconf 90' lang='lat' dir='ltr'><strong>dicetur</strong></span> <span class='ocrx_word' id='word_1_629' title='bbox 2701 3895 2793 3964; x_wconf 89' lang='lat' dir='ltr'><strong>qui</strong></span> <span class='ocrx_word' id='word_1_630' title='bbox 2834 3896 2966 3950; x_wconf 88' lang='lat' dir='ltr'><strong>olim</strong></span> <span class='ocrx_word' id='word_1_631' title='bbox 3007 3897 3300 3966; x_wconf 86' lang='lat' dir='ltr'><strong>principes.</strong></span> 
     </span>
    </p>
   </div>
   <div class='ocr_carea' id='block_1_84' title="bbox 1741 3983 3274 4056">
    <p class='ocr_par' dir='ltr' id='par_1_84' title="bbox 1741 3983 3274 4056">
     <span class='ocr_line' id='line_1_84' title="bbox 1741 3983 3274 4056; baseline 0.001 -17"><span class='ocrx_word' id='word_1_632' title='bbox 1741 3992 1799 4039; x_wconf 85' lang='lat' dir='ltr'><strong>et</strong></span> <span class='ocrx_word' id='word_1_633' title='bbox 1824 3983 1988 4039; x_wconf 89' lang='lat' dir='ltr'><strong>duces</strong></span> <span class='ocrx_word' id='word_1_634' title='bbox 2017 3983 2322 4049; x_wconf 81' lang='lat' dir='ltr'><strong>audiebant,</strong></span> <span class='ocrx_word' id='word_1_635' title='bbox 2355 3993 2408 4038; x_wconf 91' lang='lat' dir='ltr'><strong>et</strong></span> <span class='ocrx_word' id='word_1_636' title='bbox 2437 3984 2640 4053; x_wconf 89' lang='lat' dir='ltr'><strong>Spiritu</strong></span> <span class='ocrx_word' id='word_1_637' title='bbox 2669 3994 2855 4040; x_wconf 88' lang='lat' dir='ltr'><strong>sancto</strong></span> <span class='ocrx_word' id='word_1_638' title='bbox 2883 3986 3082 4056; x_wconf 86' lang='lat' dir='ltr'><strong>dignati</strong></span> <span class='ocrx_word' id='word_1_639' title='bbox 3109 3997 3235 4041; x_wconf 90' lang='lat' dir='ltr'><strong>sunt</strong></span> <span class='ocrx_word' id='word_1_640' title='bbox 3260 4005 3274 4052; x_wconf 93' lang='lat'><strong>;</strong></span> 
     </span>
    </p>
   </div>
   <div class='ocr_carea' id='block_1_85' title="bbox 1743 4071 3279 4143">
    <p class='ocr_par' dir='ltr' id='par_1_85' title="bbox 1743 4071 3279 4143">
     <span class='ocr_line' id='line_1_85' title="bbox 1743 4071 3279 4143; baseline 0.003 -17"><span class='ocrx_word' id='word_1_641' title='bbox 1743 4071 1837 4126; x_wconf 85' lang='lat' dir='ltr'><strong>sed</strong></span> <span class='ocrx_word' id='word_1_642' title='bbox 1887 4087 1994 4130; x_wconf 87' lang='lat' dir='ltr'><strong>non</strong></span> <span class='ocrx_word' id='word_1_643' title='bbox 2028 4071 2189 4141; x_wconf 91' lang='lat' dir='ltr'><strong>digno</strong></span> <span class='ocrx_word' id='word_1_644' title='bbox 2237 4079 2455 4141; x_wconf 83' lang='lat' dir='ltr'><strong>accepta</strong></span> <span class='ocrx_word' id='word_1_645' title='bbox 2503 4075 2671 4143; x_wconf 89' lang='lat' dir='ltr'><strong>gratia</strong></span> <span class='ocrx_word' id='word_1_646' title='bbox 2723 4075 2886 4129; x_wconf 90' lang='lat' dir='ltr'><strong>modo</strong></span> <span class='ocrx_word' id='word_1_647' title='bbox 2918 4075 3164 4131; x_wconf 82' lang='lat' dir='ltr'><strong>vixerunt</strong></span> <span class='ocrx_word' id='word_1_648' title='bbox 3201 4095 3214 4131; x_wconf 92' lang='lat'>:</span> <span class='ocrx_word' id='word_1_649' title='bbox 3247 4092 3279 4130; x_wconf 89' lang='lat' dir='ltr'><strong>a</strong></span> 
     </span>
    </p>
   </div>
   <div class='ocr_carea' id='block_1_86' title="bbox 1741 4159 3279 4234">
    <p class='ocr_par' dir='ltr' id='par_1_86' title="bbox 1741 4159 3279 4234">
     <span class='ocr_line' id='line_1_86' title="bbox 1741 4159 3279 4234; baseline 0.004 -22"><span class='ocrx_word' id='word_1_650' title='bbox 1741 4159 1938 4228; x_wconf 86' lang='lat' dir='ltr'><strong>quibus</strong></span> <span class='ocrx_word' id='word_1_651' title='bbox 1974 4160 2198 4229; x_wconf 88' lang='lat' dir='ltr'><strong>spiritus</strong></span> <span class='ocrx_word' id='word_1_652' title='bbox 2234 4159 2528 4227; x_wconf 80' lang='lat' dir='ltr'><strong>auferetur,</strong></span> <span class='ocrx_word' id='word_1_653' title='bbox 2562 4170 2621 4215; x_wconf 93' lang='lat' dir='ltr'><strong>ut</strong></span> <span class='ocrx_word' id='word_1_654' title='bbox 2649 4178 2714 4218; x_wconf 92' lang='lat' dir='ltr'><strong>eo</strong></span> <span class='ocrx_word' id='word_1_655' title='bbox 2739 4165 2961 4233; x_wconf 85' lang='lat' dir='ltr'><strong>&#39;privati,</strong></span> <span class='ocrx_word' id='word_1_656' title='bbox 2987 4166 3279 4234; x_wconf 91' lang='lat' dir='ltr'><strong>promerito</strong></span> 
     </span>
    </p>
   </div>
   <div class='ocr_carea' id='block_1_87' title="bbox 1741 4249 3272 4325">
    <p class='ocr_par' dir='ltr' id='par_1_87' title="bbox 1741 4249 3272 4325">
     <span class='ocr_line' id='line_1_87' title="bbox 1741 4249 3272 4325; baseline 0.004 -21"><span class='ocrx_word' id='word_1_657' title='bbox 1741 4251 2004 4320; x_wconf 87' lang='lat' dir='ltr'><strong>supplicio</strong></span> <span class='ocrx_word' id='word_1_658' title='bbox 2031 4249 2313 4306; x_wconf 87' lang='lat' dir='ltr'><strong>dedantur.</strong></span> <span class='ocrx_word' id='word_1_659' title='bbox 2349 4250 2656 4307; x_wconf 88' lang='lat' dir='ltr'><strong>Secundum</strong></span> <span class='ocrx_word' id='word_1_660' title='bbox 2687 4251 3066 4325; x_wconf 86' lang='lat' dir='ltr'><strong>Symmachum</strong></span> <span class='ocrx_word' id='word_1_661' title='bbox 3099 4270 3226 4309; x_wconf 84' lang='lat' dir='ltr'><strong>vero</strong></span> <span class='ocrx_word' id='word_1_662' title='bbox 3258 4274 3272 4310; x_wconf 89' lang='lat'>:</span> 
     </span>
    </p>
   </div>
   <div class='ocr_carea' id='block_1_88' title="bbox 1740 4341 3292 4412">
    <p class='ocr_par' dir='ltr' id='par_1_88' title="bbox 1740 4341 3292 4412">
     <span class='ocr_line' id='line_1_88' title="bbox 1740 4341 3292 4412; baseline 0.001 -17"><span class='ocrx_word' id='word_1_663' title='bbox 1740 4341 2072 4411; x_wconf 81' lang='lat' dir='ltr'><strong>Legislatori,</strong></span> <span class='ocrx_word' id='word_1_664' title='bbox 2113 4343 2369 4410; x_wconf 80' lang='lat' dir='ltr'><strong>auferenti</strong></span> <span class='ocrx_word' id='word_1_665' title='bbox 2390 4343 2594 4412; x_wconf 81' lang='lat' dir='ltr'><strong>quidem</strong></span> <span class='ocrx_word' id='word_1_666' title='bbox 2619 4345 2858 4412; x_wconf 81' lang='lat' dir='ltr'><strong>spiritum</strong></span> <span class='ocrx_word' id='word_1_667' title='bbox 2886 4343 3092 4408; x_wconf 84' lang='lat' dir='ltr'><strong>ducum,</strong></span> <span class='ocrx_word' id='word_1_668' title='bbox 3128 4345 3292 4397; x_wconf 40' lang='lat' dir='ltr'><strong>terri-.</strong></span> 
     </span>
    </p>
   </div>
   <div class='ocr_carea' id='block_1_89' title="bbox 1747 4437 2776 4507">
    <p class='ocr_par' dir='ltr' id='par_1_89' title="bbox 1747 4437 2776 4507">
     <span class='ocr_line' id='line_1_89' title="bbox 1747 4437 2776 4507; baseline 0.005 -19"><span class='ocrx_word' id='word_1_669' title='bbox 1747 4437 1840 4489; x_wconf 90' lang='lat' dir='ltr'><strong>bili</strong></span> <span class='ocrx_word' id='word_1_670' title='bbox 1857 4446 2028 4491; x_wconf 83' lang='lat' dir='ltr'><strong>autem</strong></span> <span class='ocrx_word' id='word_1_671' title='bbox 2046 4437 2248 4507; x_wconf 83' lang='lat' dir='ltr'><strong>regibus</strong></span> <span class='ocrx_word' id='word_1_672' title='bbox 2271 4446 2440 4492; x_wconf 67' lang='lat' dir='ltr'><strong>terra.</strong></span> <span class='ocrx_word' id='word_1_673' title='bbox 2763 4443 2776 4456; x_wconf 86' lang='grc'><em>⁴</em></span> 
     </span>
    </p>
   </div>
   <div class='ocr_carea' id='block_1_90' title="bbox 127 4513 3276 4598">
    <p class='ocr_par' dir='ltr' id='par_1_90' title="bbox 127 4513 3276 4598">
     <span class='ocr_line' id='line_1_90' title="bbox 127 4513 3276 4598; baseline 0.006 -36"><span class='ocrx_word' id='word_1_674' title='bbox 127 4513 268 4574; x_wconf 76' lang='grc' dir='ltr'><strong>ὅπως,</strong></span> <span class='ocrx_word' id='word_1_675' title='bbox 335 4513 675 4595; x_wconf 69' lang='grc' dir='ltr'><strong>στερηθέντες</strong></span> <span class='ocrx_word' id='word_1_676' title='bbox 722 4518 924 4584; x_wconf 65' lang='grc' dir='ltr'><strong>αὑτοῦ,</strong></span> <span class='ocrx_word' id='word_1_677' title='bbox 957 4523 1022 4590; x_wconf 82' lang='grc' dir='ltr'><strong>τῇ</strong></span> <span class='ocrx_word' id='word_1_678' title='bbox 1076 4522 1414 4594; x_wconf 78' lang='grc' dir='ltr'><strong>προσηκούσῃ</strong></span> <span class='ocrx_word' id='word_1_679' title='bbox 1465 4525 1797 4596; x_wconf 84' lang='grc' dir='ltr'><strong>παραδοθῶσι</strong></span> <span class='ocrx_word' id='word_1_680' title='bbox 1828 4528 2079 4598; x_wconf 78' lang='grc' dir='ltr'><strong>τιμωρία.</strong></span> <span class='ocrx_word' id='word_1_681' title='bbox 2147 4527 2300 4581; x_wconf 80' lang='grc' dir='ltr'><strong>Κατὰ</strong></span> <span class='ocrx_word' id='word_1_682' title='bbox 2348 4528 2406 4580; x_wconf 82' lang='grc' dir='ltr'><strong>δὲ</strong></span> <span class='ocrx_word' id='word_1_683' title='bbox 2452 4527 2543 4579; x_wconf 84' lang='grc' dir='ltr'><strong>τὸν</strong></span> <span class='ocrx_word' id='word_1_684' title='bbox 2592 4527 2912 4597; x_wconf 83' lang='grc' dir='ltr'><strong>Σύμμαχον,</strong></span> <span class='ocrx_word' id='word_1_685' title='bbox 2971 4525 3052 4591; x_wconf 84' lang='grc' dir='ltr'><strong>Τῷ</strong></span> <span class='ocrx_word' id='word_1_686' title='bbox 3105 4545 3276 4596; x_wconf 84' lang='grc' dir='ltr'><strong>νομο-</strong></span> 
     </span>
    </p>
   </div>
   <div class='ocr_carea' id='block_1_91' title="bbox 125 4601 2507 4688">
    <p class='ocr_par' dir='ltr' id='par_1_91' title="bbox 125 4601 2507 4688">
     <span class='ocr_line' id='line_1_91' title="bbox 125 4601 2507 4688; baseline 0.008 -33"><span class='ocrx_word' id='word_1_687' title='bbox 125 4601 265 4672; x_wconf 65' lang='lat' dir='ltr'><strong>Odm,</strong></span> <span class='ocrx_word' id='word_1_688' title='bbox 294 4606 632 4675; x_wconf 64' lang='grc' dir='ltr'><strong>ἀφαιροῦντι</strong></span> <span class='ocrx_word' id='word_1_689' title='bbox 657 4609 772 4678; x_wconf 83' lang='grc' dir='ltr'><strong>μὲν</strong></span> <span class='ocrx_word' id='word_1_690' title='bbox 807 4613 1036 4682; x_wconf 80' lang='grc' dir='ltr'><strong>πνεῦμα</strong></span> <span class='ocrx_word' id='word_1_691' title='bbox 1061 4614 1383 4684; x_wconf 78' lang='grc' dir='ltr'><strong>ἡγεμόνων,</strong></span> <span class='ocrx_word' id='word_1_692' title='bbox 1416 4620 1640 4687; x_wconf 78' lang='grc' dir='ltr'><strong>φοϐερῷ</strong></span> <span class='ocrx_word' id='word_1_693' title='bbox 1676 4620 1742 4672; x_wconf 82' lang='grc' dir='ltr'><strong>δὲ</strong></span> <span class='ocrx_word' id='word_1_694' title='bbox 1762 4620 1883 4685; x_wconf 81' lang='grc' dir='ltr'><strong>τοῖς</strong></span> <span class='ocrx_word' id='word_1_695' title='bbox 1905 4620 2229 4682; x_wconf 68' lang='grc' dir='ltr'><strong>,βασιλεῦσι</strong></span> <span class='ocrx_word' id='word_1_696' title='bbox 2255 4619 2361 4688; x_wconf 84' lang='grc' dir='ltr'><strong>τῆς</strong></span> <span class='ocrx_word' id='word_1_697' title='bbox 2396 4617 2507 4687; x_wconf 75' lang='grc' dir='ltr'><strong>τῆς</strong></span> 
     </span>
    </p>
   </div>
   <div class='ocr_carea' id='block_1_92' title="bbox 125 4715 1708 4806">
    <p class='ocr_par' dir='ltr' id='par_1_92' title="bbox 125 4715 1708 4806">
     <span class='ocr_line' id='line_1_92' title="bbox 125 4715 1708 4806; baseline 0.016 -37"><span class='ocrx_word' id='word_1_698' title='bbox 125 4715 214 4770; x_wconf 73' lang='lat' dir='ltr'><strong>Eu:</strong></span> <span class='ocrx_word' id='word_1_699' title='bbox 257 4719 338 4773; x_wconf 88' lang='lat' dir='ltr'><strong>T0</strong></span> <span class='ocrx_word' id='word_1_700' title='bbox 383 4721 599 4775; x_wconf 73' lang='grc' dir='ltr'><strong>ΤΕΑοΣ</strong></span> <span class='ocrx_word' id='word_1_701' title='bbox 634 4723 1174 4806; x_wconf 59' lang='lat' dir='ltr'><strong>TI}§1_’_IA_I8_0YM,</strong></span> <span class='ocrx_word' id='word_1_702' title='bbox 1212 4732 1495 4786; x_wconf 76' lang='grc' dir='ltr'><strong>ΨΔΛΜΟΣ</strong></span> <span class='ocrx_word' id='word_1_703' title='bbox 1548 4736 1640 4806; x_wconf 69' lang='grc' dir='ltr'><strong>τᾳ</strong></span> <span class='ocrx_word' id='word_1_704' title='bbox 1664 4741 1708 4795; x_wconf 90' lang='lat' dir='ltr'><strong>D</strong></span> 
     </span>
    </p>
   </div>
   <div class='ocr_carea' id='block_1_93' title="bbox 687 4794 1155 4864">
    <p class='ocr_par' dir='ltr' id='par_1_93' title="bbox 687 4794 1155 4864">
     <span class='ocr_line' id='line_1_93' title="bbox 687 4794 1155 4864; baseline 0.015 -18"><span class='ocrx_word' id='word_1_705' title='bbox 687 4794 876 4848; x_wconf 60' lang='lat' dir='ltr'><strong>me.</strong></span> <span class='ocrx_word' id='word_1_706' title='bbox 915 4800 1046 4864; x_wconf 74' lang='lat' dir='ltr'><strong>oq&#39;.</strong></span> <span class='ocrx_word' id='word_1_707' title='bbox 1149 4807 1155 4815; x_wconf 94' lang='grc'>·</span> 
     </span>
    </p>
   </div>
   <div class='ocr_carea' id='block_1_94' title="bbox 181 4897 1635 4979">
    <p class='ocr_par' dir='ltr' id='par_1_94' title="bbox 181 4897 1635 4979">
     <span class='ocr_line' id='line_1_94' title="bbox 181 4897 1635 4979; baseline 0.01 -14"><span class='ocrx_word' id='word_1_708' title='bbox 181 4897 338 4966; x_wconf 62' lang='grc' dir='ltr'><strong>Φωνῆ</strong></span> <span class='ocrx_word' id='word_1_709' title='bbox 370 4916 486 4968; x_wconf 82' lang='grc' dir='ltr'><strong>μου</strong></span> <span class='ocrx_word' id='word_1_710' title='bbox 531 4899 677 4970; x_wconf 80' lang='grc' dir='ltr'><strong>πρὸς</strong></span> <span class='ocrx_word' id='word_1_711' title='bbox 708 4904 924 4974; x_wconf 63' lang='grc' dir='ltr'><strong>Κύριον</strong></span> <span class='ocrx_word' id='word_1_712' title='bbox 966 4907 1271 4976; x_wconf 73' lang='grc' dir='ltr'><strong>ἐκέκραξα»</strong></span> <span class='ocrx_word' id='word_1_713' title='bbox 1319 4909 1635 4979; x_wconf 58' lang='lat' dir='ltr'><strong>semitm</strong></span> 
     </span>
    </p>
   </div>
   <div class='ocr_carea' id='block_1_95' title="bbox 125 4982 1634 5070">
    <p class='ocr_par' dir='ltr' id='par_1_95' title="bbox 125 4982 1634 5070">
     <span class='ocr_line' id='line_1_95' title="bbox 125 4982 1634 5070; baseline 0.011 -33"><span class='ocrx_word' id='word_1_714' title='bbox 125 4982 249 5050; x_wconf 76' lang='grc' dir='ltr'><strong>ιρός</strong></span> <span class='ocrx_word' id='word_1_715' title='bbox 279 4986 384 5040; x_wconf 81' lang='grc' dir='ltr'><strong>τὸν</strong></span> <span class='ocrx_word' id='word_1_716' title='bbox 416 4990 587 5059; x_wconf 85' lang='grc' dir='ltr'><strong>Θεὸν,</strong></span> <span class='ocrx_word' id='word_1_717' title='bbox 626 4990 722 5043; x_wconf 77' lang='grc' dir='ltr'><strong>καὶ</strong></span> <span class='ocrx_word' id='word_1_718' title='bbox 752 4996 1052 5065; x_wconf 83' lang='grc' dir='ltr'><strong>προσέσχε</strong></span> <span class='ocrx_word' id='word_1_719' title='bbox 1072 5014 1188 5065; x_wconf 82' lang='grc' dir='ltr'><strong>μοι.</strong></span> <span class='ocrx_word' id='word_1_720' title='bbox 1217 4996 1304 5067; x_wconf 86' lang='grc' dir='ltr'>Τῷ</span> <span class='ocrx_word' id='word_1_721' title='bbox 1339 4999 1433 5068; x_wconf 76' lang='grc' dir='ltr'><strong>μὲν</strong></span> <span class='ocrx_word' id='word_1_722' title='bbox 1469 5001 1634 5070; x_wconf 80' lang='grc' dir='ltr'><strong>’Δσὰφ</strong></span> 
     </span>
    </p>
   </div>
   <div class='ocr_carea' id='block_1_96' title="bbox 124 5071 1647 5156">
    <p class='ocr_par' dir='ltr' id='par_1_96' title="bbox 124 5071 1647 5156">
     <span class='ocr_line' id='line_1_96' title="bbox 124 5071 1647 5156; baseline 0.014 -35"><span class='ocrx_word' id='word_1_723' title='bbox 124 5071 306 5142; x_wconf 76' lang='grc' dir='ltr'><strong>ιίρηται</strong></span> <span class='ocrx_word' id='word_1_724' title='bbox 336 5077 366 5128; x_wconf 81' lang='grc' dir='ltr'><strong><em>ὸ</em></strong></span> <span class='ocrx_word' id='word_1_725' title='bbox 401 5076 629 5147; x_wconf 68' lang='grc' dir='ltr'><strong>ψαλμὸς,</strong></span> <span class='ocrx_word' id='word_1_726' title='bbox 681 5081 961 5150; x_wconf 81' lang='grc' dir='ltr'><strong>ἀνήνεκται</strong></span> <span class='ocrx_word' id='word_1_727' title='bbox 1007 5085 1062 5137; x_wconf 83' lang='grc' dir='ltr'><strong>δὲ</strong></span> <span class='ocrx_word' id='word_1_728' title='bbox 1102 5088 1179 5148; x_wconf 85' lang='grc' dir='ltr'><strong>είς</strong></span> <span class='ocrx_word' id='word_1_729' title='bbox 1222 5086 1500 5156; x_wconf 88' lang='grc' dir='ltr'><strong>πρόσωπον</strong></span> <span class='ocrx_word' id='word_1_730' title='bbox 1541 5091 1647 5143; x_wconf 81' lang='grc' dir='ltr'><strong>τοῦ·</strong></span> 
     </span>
    </p>
   </div>
   <div class='ocr_carea' id='block_1_97' title="bbox 135 5161 1636 5252">
    <p class='ocr_par' dir='ltr' id='par_1_97' title="bbox 135 5161 1636 5252">
     <span class='ocr_line' id='line_1_97' title="bbox 135 5161 1636 5252; baseline 0.015 -38"><span class='ocrx_word' id='word_1_731' title='bbox 135 5161 356 5233; x_wconf 80' lang='grc' dir='ltr'><strong>Ίδιθοὺμ,</strong></span> <span class='ocrx_word' id='word_1_732' title='bbox 381 5169 514 5240; x_wconf 82' lang='grc' dir='ltr'><strong>ὑπὲρ</strong></span> <span class='ocrx_word' id='word_1_733' title='bbox 532 5164 592 5222; x_wconf 75' lang='grc' dir='ltr'><strong>οὗ</strong></span> <span class='ocrx_word' id='word_1_734' title='bbox 615 5172 682 5225; x_wconf 84' lang='grc' dir='ltr'><strong>τὰ</strong></span> <span class='ocrx_word' id='word_1_735' title='bbox 709 5175 1049 5247; x_wconf 82' lang='grc' dir='ltr'><strong>ὲμφερόμενα</strong></span> <span class='ocrx_word' id='word_1_736' title='bbox 1068 5180 1143 5250; x_wconf 83' lang='grc' dir='ltr'><strong>τῷ</strong></span> <span class='ocrx_word' id='word_1_737' title='bbox 1169 5180 1362 5252; x_wconf 78' lang='grc' dir='ltr'><strong>ψαλμῷ</strong></span> <span class='ocrx_word' id='word_1_738' title='bbox 1390 5185 1636 5237; x_wconf 88' lang='grc' dir='ltr'><strong>συνετάτ-</strong></span> 
     </span>
    </p>
   </div>
   <div class='ocr_carea' id='block_1_98' title="bbox 121 5254 1634 5340">
    <p class='ocr_par' dir='ltr' id='par_1_98' title="bbox 121 5254 1634 5340">
     <span class='ocr_line' id='line_1_98' title="bbox 121 5254 1634 5340; baseline 0.017 -37"><span class='ocrx_word' id='word_1_739' title='bbox 121 5269 239 5306; x_wconf 83' lang='grc' dir='ltr'><strong>τετο.</strong></span> <span class='ocrx_word' id='word_1_740' title='bbox 271 5254 426 5307; x_wconf 81' lang='grc' dir='ltr'><strong>Ὅθεν</strong></span> <span class='ocrx_word' id='word_1_741' title='bbox 449 5260 478 5309; x_wconf 81' lang='grc' dir='ltr'><strong>δ</strong></span> <span class='ocrx_word' id='word_1_742' title='bbox 521 5261 827 5332; x_wconf 84' lang='grc' dir='ltr'><strong>Σύμμαχος,</strong></span> <span class='ocrx_word' id='word_1_743' title='bbox 868 5268 969 5321; x_wconf 86' lang='grc' dir='ltr'><strong>Διὰ</strong></span> <span class='ocrx_word' id='word_1_744' title='bbox 1013 5271 1280 5340; x_wconf 82' lang='grc' dir='ltr'><strong>Ἰδιθοὺμ,</strong></span> <span class='ocrx_word' id='word_1_745' title='bbox 1313 5274 1340 5324; x_wconf 80' lang='grc' dir='ltr'><strong>ὁ</strong></span> <span class='ocrx_word' id='word_1_746' title='bbox 1377 5274 1432 5325; x_wconf 78' lang='grc' dir='ltr'><strong>δὲ</strong></span> <span class='ocrx_word' id='word_1_747' title='bbox 1479 5276 1634 5328; x_wconf 82' lang='grc' dir='ltr'><strong>Ἀκύ-</strong></span> 
     </span>
    </p>
   </div>
   <div class='ocr_carea' id='block_1_99' title="bbox 120 5341 1635 5434">
    <p class='ocr_par' dir='ltr' id='par_1_99' title="bbox 120 5341 1635 5434">
     <span class='ocr_line' id='line_1_99' title="bbox 120 5341 1635 5434; baseline 0.017 -40"><span class='ocrx_word' id='word_1_748' title='bbox 120 5341 216 5406; x_wconf 69' lang='grc' dir='ltr'><strong>λας,</strong></span> <span class='ocrx_word' id='word_1_749' title='bbox 273 5345 399 5398; x_wconf 70' lang='grc' dir='ltr'><strong>Ἐπί</strong></span> <span class='ocrx_word' id='word_1_750' title='bbox 447 5347 706 5418; x_wconf 80' lang='grc' dir='ltr'><strong>Ἰδιθοὺμ,</strong></span> <span class='ocrx_word' id='word_1_751' title='bbox 766 5356 1123 5425; x_wconf 83' lang='grc' dir='ltr'><strong>ὴρμήνευσαν.</strong></span> <span class='ocrx_word' id='word_1_752' title='bbox 1175 5363 1283 5414; x_wconf 81' lang='grc' dir='ltr'><strong>Καὶ</strong></span> <span class='ocrx_word' id='word_1_753' title='bbox 1336 5363 1428 5415; x_wconf 82' lang='grc' dir='ltr'><strong>νῦν</strong></span> <span class='ocrx_word' id='word_1_754' title='bbox 1484 5366 1581 5434; x_wconf 87' lang='grc' dir='ltr'><strong>μὲν</strong></span> <span class='ocrx_word' id='word_1_755' title='bbox 1607 5370 1635 5420; x_wconf 80' lang='grc' dir='ltr'>ὸ</span> 
     </span>
    </p>
   </div>
   <div class='ocr_carea' id='block_1_100' title="bbox 130 5433 1634 5528">
    <p class='ocr_par' dir='ltr' id='par_1_100' title="bbox 130 5433 1634 5528">
     <span class='ocr_line' id='line_1_100' title="bbox 130 5433 1634 5528; baseline 0.017 -44"><span class='ocrx_word' id='word_1_756' title='bbox 130 5433 454 5528; x_wconf 32' lang='grc' dir='ltr'><strong>Ἀσάφ-τώς</strong></span> <span class='ocrx_word' id='word_1_757' title='bbox 499 5439 635 5528; x_wconf 79' lang='grc' dir='ltr'><strong>μετὰ</strong></span> <span class='ocrx_word' id='word_1_758' title='bbox 660 5445 857 5513; x_wconf 75' lang='grc' dir='ltr'><strong>¹χεῖρας</strong></span> <span class='ocrx_word' id='word_1_759' title='bbox 891 5445 1075 5515; x_wconf 88' lang='grc' dir='ltr'><strong>λόγους</strong></span> <span class='ocrx_word' id='word_1_760' title='bbox 1123 5451 1398 5516; x_wconf 82' lang='grc' dir='ltr'><strong>συντάξας,</strong></span> <span class='ocrx_word' id='word_1_761' title='bbox 1450 5453 1634 5528; x_wconf 80' lang='grc' dir='ltr'><strong>ὥσπερ</strong></span> 
     </span>
    </p>
   </div>
   <div class='ocr_carea' id='block_1_101' title="bbox 119 5519 1633 5614">
    <p class='ocr_par' dir='ltr' id='par_1_101' title="bbox 119 5519 1633 5614">
     <span class='ocr_line' id='line_1_101' title="bbox 119 5519 1633 5614; baseline 0.018 -43"><span class='ocrx_word' id='word_1_762' title='bbox 119 5519 402 5588; x_wconf 80' lang='grc' dir='ltr'><strong>διδάσκαλος</strong></span> <span class='ocrx_word' id='word_1_763' title='bbox 431 5527 638 5600; x_wconf 79' lang='grc' dir='ltr'><strong>μαθητῇ</strong></span> <span class='ocrx_word' id='word_1_764' title='bbox 660 5532 956 5604; x_wconf 79' lang='grc' dir='ltr'><strong>ὲμμελετᾷν</strong></span> <span class='ocrx_word' id='word_1_765' title='bbox 980 5537 1056 5607; x_wconf 83' lang='grc' dir='ltr'><strong>τῷ</strong></span> <span class='ocrx_word' id='word_1_766' title='bbox 1090 5539 1269 5594; x_wconf 81' lang='grc' dir='ltr'><strong>Ίδιθοὺ</strong></span> <span class='ocrx_word' id='word_1_767' title='bbox 1278 5559 1315 5611; x_wconf 91' lang='grc' dir='ltr'><strong>μ</strong></span> <span class='ocrx_word' id='word_1_768' title='bbox 1342 5519 1633 5614; x_wconf 77' lang='grc' dir='ltr'><strong>παραδέδω-</strong></span> 
     </span>
    </p>
   </div>
   <div class='ocr_carea' id='block_1_102' title="bbox 121 5614 1631 5705">
    <p class='ocr_par' dir='ltr' id='par_1_102' title="bbox 121 5614 1631 5705">
     <span class='ocr_line' id='line_1_102' title="bbox 121 5614 1631 5705; baseline 0.02 -46"><span class='ocrx_word' id='word_1_769' title='bbox 121 5623 224 5659; x_wconf 76' lang='grc' dir='ltr'><strong>κεν·</strong></span> <span class='ocrx_word' id='word_1_770' title='bbox 253 5614 284 5681; x_wconf 81' lang='grc' dir='ltr'>ἦ</span> <span class='ocrx_word' id='word_1_771' title='bbox 312 5614 497 5689; x_wconf 77' lang='grc' dir='ltr'><strong>ὥσπερ</strong></span> <span class='ocrx_word' id='word_1_772' title='bbox 543 5619 720 5689; x_wconf 76' lang='grc' dir='ltr'><strong>ἰατρὸς</strong></span> <span class='ocrx_word' id='word_1_773' title='bbox 749 5622 825 5692; x_wconf 77' lang='grc' dir='ltr'><strong>τῷ</strong></span> <span class='ocrx_word' id='word_1_774' title='bbox 869 5624 1163 5694; x_wconf 86' lang='grc' dir='ltr'><strong>θεραπείας·</strong></span> <span class='ocrx_word' id='word_1_775' title='bbox 1191 5631 1420 5703; x_wconf 82' lang='grc' dir='ltr'><strong>δεομένῳ</strong></span> <span class='ocrx_word' id='word_1_776' title='bbox 1462 5636 1631 5705; x_wconf 83' lang='grc' dir='ltr'><strong>σωτή-</strong></span> 
     </span>
    </p>
   </div>
   <div class='ocr_carea' id='block_1_103' title="bbox 181 5763 1707 5845">
    <p class='ocr_par' dir='ltr' id='par_1_103' title="bbox 181 5763 1707 5845">
     <span class='ocr_line' id='line_1_103' title="bbox 181 5763 1707 5845; baseline 0.011 -23"><span class='ocrx_word' id='word_1_777' title='bbox 181 5763 218 5794; x_wconf 84' lang='grc'><strong>⁷⁸</strong></span> <span class='ocrx_word' id='word_1_778' title='bbox 253 5764 419 5826; x_wconf 77' lang='lat' dir='ltr'><strong>Eccle.</strong></span> <span class='ocrx_word' id='word_1_779' title='bbox 457 5790 508 5841; x_wconf 66' lang='grc' dir='ltr'><strong>ι’,</strong></span> <span class='ocrx_word' id='word_1_780' title='bbox 544 5776 605 5842; x_wconf 81' lang='lat'><strong>5,</strong></span> <span class='ocrx_word' id='word_1_781' title='bbox 638 5777 690 5831; x_wconf 73' lang='grc'><strong>4.</strong></span> <span class='ocrx_word' id='word_1_782' title='bbox 765 5779 804 5810; x_wconf 78' lang='grc'>⁷⁸</span> <span class='ocrx_word' id='word_1_783' title='bbox 847 5777 985 5834; x_wconf 84' lang='lat' dir='ltr'><strong>Psal.</strong></span> <span class='ocrx_word' id='word_1_784' title='bbox 1021 5797 1169 5845; x_wconf 70' lang='grc' dir='ltr'><strong>χιιι.</strong></span> <span class='ocrx_word' id='word_1_785' title='bbox 1208 5786 1266 5838; x_wconf 77' lang='grc' dir='ltr'>Η</span> <span class='ocrx_word' id='word_1_786' title='bbox 1335 5789 1394 5832; x_wconf 72' lang='grc' dir='ltr'><strong>⁸’ἐ</strong></span> <span class='ocrx_word' id='word_1_787' title='bbox 1491 5791 1531 5821; x_wconf 79' lang='grc' dir='ltr'><strong>τ’</strong></span> <span class='ocrx_word' id='word_1_788' title='bbox 1573 5788 1707 5842; x_wconf 80' lang='lat' dir='ltr'><strong>l’sal.</strong></span> 
     </span>
    </p>
   </div>
   <div class='ocr_carea' id='block_1_104' title="bbox 1739 4729 3272 4858">
    <p class='ocr_par' dir='ltr' id='par_1_104' title="bbox 1739 4729 3272 4858">
     <span class='ocr_line' id='line_1_104' title="bbox 1739 4729 3272 4858; baseline 0.001 -68"><span class='ocrx_word' id='word_1_789' title='bbox 1739 4736 1786 4790; x_wconf 82' lang='lat' dir='ltr'><strong>l.</strong></span> <span class='ocrx_word' id='word_1_790' title='bbox 1827 4735 1892 4789; x_wconf 78' lang='grc' dir='ltr'><strong>ΙΝ</strong></span> <span class='ocrx_word' id='word_1_791' title='bbox 1931 4729 2133 4820; x_wconf 79' lang='lat' dir='ltr'><strong>FINEM</strong></span> <span class='ocrx_word' id='word_1_792' title='bbox 2169 4733 2303 4788; x_wconf 81' lang='lat' dir='ltr'><strong>PRO</strong></span> <span class='ocrx_word' id='word_1_793' title='bbox 2340 4733 2644 4858; x_wconf 51' lang='lat' dir='ltr'><strong>lDﬁ§§2r,</strong></span> <span class='ocrx_word' id='word_1_794' title='bbox 2682 4736 2996 4794; x_wconf 77' lang='lat' dir='ltr'><strong>PSALMUS</strong></span> <span class='ocrx_word' id='word_1_795' title='bbox 3031 4738 3272 4794; x_wconf 75' lang='lat' dir='ltr'><strong>ASAPH.</strong></span> 
     </span>
    </p>
   </div>
   <div class='ocr_carea' id='block_1_105' title="bbox 1806 4912 3273 4984">
    <p class='ocr_par' dir='ltr' id='par_1_105' title="bbox 1806 4912 3273 4984">
     <span class='ocr_line' id='line_1_105' title="bbox 1806 4912 3273 4984; baseline 0.005 -17"><span class='ocrx_word' id='word_1_796' title='bbox 1806 4914 1967 4968; x_wconf 67' lang='lat' dir='ltr'><strong>Vens.</strong></span> <span class='ocrx_word' id='word_1_797' title='bbox 1995 4914 2048 4966; x_wconf 76' lang='lat'><strong>2.</strong></span> <span class='ocrx_word' id='word_1_798' title='bbox 2104 4912 2236 4968; x_wconf 84' lang='lat' dir='ltr'><strong>Voce</strong></span> <span class='ocrx_word' id='word_1_799' title='bbox 2273 4931 2386 4969; x_wconf 90' lang='lat' dir='ltr'><strong>mea</strong></span> <span class='ocrx_word' id='word_1_800' title='bbox 2435 4917 2502 4970; x_wconf 91' lang='lat' dir='ltr'><strong>ad</strong></span> <span class='ocrx_word' id='word_1_801' title='bbox 2550 4918 2828 4973; x_wconf 87' lang='lat' dir='ltr'><strong>Dominum</strong></span> <span class='ocrx_word' id='word_1_802' title='bbox 2881 4920 3120 4984; x_wconf 84' lang='lat' dir='ltr'><strong>clamavi.</strong></span> <span class='ocrx_word' id='word_1_803' title='bbox 3156 4935 3273 4975; x_wconf 81' lang='lat' dir='ltr'><strong>voce</strong></span> 
     </span>
    </p>
   </div>
   <div class='ocr_carea' id='block_1_106' title="bbox 1733 5005 3273 5081">
    <p class='ocr_par' dir='ltr' id='par_1_106' title="bbox 1733 5005 3273 5081">
     <span class='ocr_line' id='line_1_106' title="bbox 1733 5005 3273 5081; baseline 0.005 -21"><span class='ocrx_word' id='word_1_804' title='bbox 1733 5023 1846 5060; x_wconf 86' lang='lat' dir='ltr'><strong>mea</strong></span> <span class='ocrx_word' id='word_1_805' title='bbox 1890 5005 1963 5058; x_wconf 87' lang='lat' dir='ltr'><strong>ad</strong></span> <span class='ocrx_word' id='word_1_806' title='bbox 1990 5005 2175 5070; x_wconf 89' lang='lat' dir='ltr'><strong>Deum,</strong></span> <span class='ocrx_word' id='word_1_807' title='bbox 2204 5017 2252 5059; x_wconf 88' lang='lat' dir='ltr'><strong>et</strong></span> <span class='ocrx_word' id='word_1_808' title='bbox 2291 5009 2508 5062; x_wconf 83' lang='lat' dir='ltr'><strong>intendit</strong></span> <span class='ocrx_word' id='word_1_809' title='bbox 2565 5011 2708 5065; x_wconf 86' lang='lat' dir='ltr'><strong>mihi.</strong></span> <span class='ocrx_word' id='word_1_810' title='bbox 2755 5009 3000 5068; x_wconf 85' lang='lat' dir='ltr'><strong>Psalmus</strong></span> <span class='ocrx_word' id='word_1_811' title='bbox 3046 5013 3111 5065; x_wconf 92' lang='lat' dir='ltr'><strong>ab</strong></span> <span class='ocrx_word' id='word_1_812' title='bbox 3157 5013 3273 5081; x_wconf 87' lang='lat' dir='ltr'><strong>ipso</strong></span> 
     </span>
    </p>
   </div>
   <div class='ocr_carea' id='block_1_107' title="bbox 1731 5095 3266 5173">
    <p class='ocr_par' dir='ltr' id='par_1_107' title="bbox 1731 5095 3266 5173">
     <span class='ocr_line' id='line_1_107' title="bbox 1731 5095 3266 5173; baseline 0.002 -24"><span class='ocrx_word' id='word_1_813' title='bbox 1731 5095 1911 5164; x_wconf 78' lang='lat' dir='ltr'><strong>Asaph</strong></span> <span class='ocrx_word' id='word_1_814' title='bbox 1939 5096 2115 5151; x_wconf 91' lang='lat' dir='ltr'><strong>dictus</strong></span> <span class='ocrx_word' id='word_1_815' title='bbox 2142 5107 2226 5153; x_wconf 85' lang='lat' dir='ltr'><strong>est</strong></span> <span class='ocrx_word' id='word_1_816' title='bbox 2244 5139 2258 5164; x_wconf 97' lang='lat'><strong>,</strong></span> <span class='ocrx_word' id='word_1_817' title='bbox 2283 5097 2514 5152; x_wconf 81' lang='lat' dir='ltr'><strong>refertur</strong></span> <span class='ocrx_word' id='word_1_818' title='bbox 2545 5110 2718 5159; x_wconf 88' lang='lat' dir='ltr'><strong>autem</strong></span> <span class='ocrx_word' id='word_1_819' title='bbox 2754 5103 2818 5156; x_wconf 88' lang='lat' dir='ltr'><strong>ad</strong></span> <span class='ocrx_word' id='word_1_820' title='bbox 2844 5117 3127 5173; x_wconf 88' lang='lat' dir='ltr'><strong>personam</strong></span> <span class='ocrx_word' id='word_1_821' title='bbox 3158 5101 3232 5157; x_wconf 84' lang='lat' dir='ltr'><strong>ld&#39;</strong></span> <span class='ocrx_word' id='word_1_822' title='bbox 3258 5135 3266 5142; x_wconf 83' lang='lat'><strong>-</strong></span> 
     </span>
    </p>
   </div>
   <div class='ocr_carea' id='block_1_108' title="bbox 1732 5186 3269 5261">
    <p class='ocr_par' dir='ltr' id='par_1_108' title="bbox 1732 5186 3269 5261">
     <span class='ocr_line' id='line_1_108' title="bbox 1732 5186 3269 5261; baseline 0.002 -19"><span class='ocrx_word' id='word_1_823' title='bbox 1732 5186 1902 5248; x_wconf 80' lang='lat' dir='ltr'><strong>thum,</strong></span> <span class='ocrx_word' id='word_1_824' title='bbox 1923 5201 2022 5255; x_wconf 90' lang='lat' dir='ltr'><strong>pro</strong></span> <span class='ocrx_word' id='word_1_825' title='bbox 2051 5203 2157 5257; x_wconf 92' lang='lat' dir='ltr'><strong>quo</strong></span> <span class='ocrx_word' id='word_1_826' title='bbox 2172 5203 2236 5242; x_wconf 85' lang='lat' dir='ltr'><strong>ea</strong></span> <span class='ocrx_word' id='word_1_827' title='bbox 2263 5204 2382 5257; x_wconf 68' lang='lat' dir='ltr'><strong>qua:</strong></span> <span class='ocrx_word' id='word_1_828' title='bbox 2407 5190 2458 5242; x_wconf 94' lang='lat' dir='ltr'><strong>in</strong></span> <span class='ocrx_word' id='word_1_829' title='bbox 2483 5190 2690 5258; x_wconf 87' lang='lat' dir='ltr'><strong>psalmo</strong></span> <span class='ocrx_word' id='word_1_830' title='bbox 2708 5191 2952 5246; x_wconf 80' lang='lat' dir='ltr'><strong>feruntur</strong></span> <span class='ocrx_word' id='word_1_831' title='bbox 2973 5195 3269 5261; x_wconf 73' lang='lat' dir='ltr'><strong>composita</strong></span> 
     </span>
    </p>
   </div>
   <div class='ocr_carea' id='block_1_109' title="bbox 1739 5275 3269 5351">
    <p class='ocr_par' dir='ltr' id='par_1_109' title="bbox 1739 5275 3269 5351">
     <span class='ocr_line' id='line_1_109' title="bbox 1739 5275 3269 5351; baseline 0.003 -20"><span class='ocrx_word' id='word_1_832' title='bbox 1739 5285 1884 5331; x_wconf 89' lang='lat' dir='ltr'><strong>sunt.</strong></span> <span class='ocrx_word' id='word_1_833' title='bbox 1921 5275 2069 5331; x_wconf 90' lang='lat' dir='ltr'><strong>Unde</strong></span> <span class='ocrx_word' id='word_1_834' title='bbox 2122 5277 2506 5348; x_wconf 83' lang='lat' dir='ltr'><strong>Symmachus,</strong></span> <span class='ocrx_word' id='word_1_835' title='bbox 2544 5276 2762 5349; x_wconf 84' lang='lat' dir='ltr'><strong>Propter</strong></span> <span class='ocrx_word' id='word_1_836' title='bbox 2803 5280 3054 5345; x_wconf 78' lang='lat' dir='ltr'><strong>Idithum,</strong></span> <span class='ocrx_word' id='word_1_837' title='bbox 3077 5282 3269 5351; x_wconf 71' lang='lat' dir='ltr'><strong>Aqui‘i</strong></span> 
     </span>
    </p>
   </div>
   <div class='ocr_carea' id='block_1_110' title="bbox 1737 5361 3270 5437">
    <p class='ocr_par' dir='ltr' id='par_1_110' title="bbox 1737 5361 3270 5437">
     <span class='ocr_line' id='line_1_110' title="bbox 1737 5361 3270 5437; baseline 0.003 -21"><span class='ocrx_word' id='word_1_838' title='bbox 1737 5378 1883 5424; x_wconf 77' lang='lat' dir='ltr'><strong>vero,</strong></span> <span class='ocrx_word' id='word_1_839' title='bbox 1914 5361 2079 5431; x_wconf 88' lang='lat' dir='ltr'><strong>Super</strong></span> <span class='ocrx_word' id='word_1_840' title='bbox 2110 5364 2345 5419; x_wconf 73' lang='lat' dir='ltr'><strong>Iditlzum</strong></span> <span class='ocrx_word' id='word_1_841' title='bbox 2376 5368 2712 5436; x_wconf 83' lang='lat' dir='ltr'><strong>interpretati</strong></span> <span class='ocrx_word' id='word_1_842' title='bbox 2747 5376 2890 5424; x_wconf 84' lang='lat' dir='ltr'><strong>sunt.</strong></span> <span class='ocrx_word' id='word_1_843' title='bbox 2913 5367 2978 5421; x_wconf 87' lang='lat' dir='ltr'><strong>Et</strong></span> <span class='ocrx_word' id='word_1_844' title='bbox 3007 5367 3116 5436; x_wconf 87' lang='lat' dir='ltr'><strong>jam</strong></span> <span class='ocrx_word' id='word_1_845' title='bbox 3157 5373 3270 5437; x_wconf 66' lang='lat' dir='ltr'><strong>qti-</strong></span> 
     </span>
    </p>
   </div>
   <div class='ocr_carea' id='block_1_111' title="bbox 1736 5453 3266 5527">
    <p class='ocr_par' dir='ltr' id='par_1_111' title="bbox 1736 5453 3266 5527">
     <span class='ocr_line' id='line_1_111' title="bbox 1736 5453 3266 5527; baseline 0.001 -19"><span class='ocrx_word' id='word_1_846' title='bbox 1736 5454 1854 5508; x_wconf 91' lang='lat' dir='ltr'><strong>dem</strong></span> <span class='ocrx_word' id='word_1_847' title='bbox 1879 5453 2056 5523; x_wconf 82' lang='lat' dir='ltr'><strong>Asaph</strong></span> <span class='ocrx_word' id='word_1_848' title='bbox 2080 5455 2178 5511; x_wconf 89' lang='lat' dir='ltr'><strong>hos</strong></span> <span class='ocrx_word' id='word_1_849' title='bbox 2203 5470 2478 5511; x_wconf 88' lang='lat' dir='ltr'><strong>sermones</strong></span> <span class='ocrx_word' id='word_1_850' title='bbox 2511 5458 2608 5511; x_wconf 85' lang='lat' dir='ltr'><strong>abs</strong></span> <span class='ocrx_word' id='word_1_851' title='bbox 2637 5473 2695 5512; x_wconf 89' lang='lat' dir='ltr'><strong>se</strong></span> <span class='ocrx_word' id='word_1_852' title='bbox 2711 5459 2885 5513; x_wconf 91' lang='lat' dir='ltr'><strong>editos</strong></span> <span class='ocrx_word' id='word_1_853' title='bbox 2906 5458 3060 5526; x_wconf 91' lang='lat' dir='ltr'><strong>quasi</strong></span> <span class='ocrx_word' id='word_1_854' title='bbox 3095 5459 3266 5527; x_wconf 87' lang='lat' dir='ltr'><strong>magi-</strong></span> 
     </span>
    </p>
   </div>
   <div class='ocr_carea' id='block_1_112' title="bbox 1738 5539 3260 5618">
    <p class='ocr_par' dir='ltr' id='par_1_112' title="bbox 1738 5539 3260 5618">
     <span class='ocr_line' id='line_1_112' title="bbox 1738 5539 3260 5618; baseline 0.004 -16"><span class='ocrx_word' id='word_1_855' title='bbox 1738 5556 1845 5602; x_wconf 78' lang='lat' dir='ltr'><strong>ster</strong></span> <span class='ocrx_word' id='word_1_856' title='bbox 1883 5547 2146 5618; x_wconf 86' lang='lat' dir='ltr'><strong>discipulo</strong></span> <span class='ocrx_word' id='word_1_857' title='bbox 2169 5551 2271 5618; x_wconf 91' lang='lat' dir='ltr'><strong>ipsi</strong></span> <span class='ocrx_word' id='word_1_858' title='bbox 2309 5549 2538 5607; x_wconf 77' lang='lat' dir='ltr'><strong>lditbum</strong></span> <span class='ocrx_word' id='word_1_859' title='bbox 2582 5550 2646 5604; x_wconf 89' lang='lat' dir='ltr'><strong>ad</strong></span> <span class='ocrx_word' id='word_1_860' title='bbox 2672 5539 3029 5605; x_wconf 87' lang='lat' dir='ltr'><strong>meditandum</strong></span> <span class='ocrx_word' id='word_1_861' title='bbox 3058 5552 3260 5608; x_wconf 90' lang='lat' dir='ltr'><strong>tradit:</strong></span> 
     </span>
    </p>
   </div>
   <div class='ocr_carea' id='block_1_113' title="bbox 1733 5637 3268 5712">
    <p class='ocr_par' dir='ltr' id='par_1_113' title="bbox 1733 5637 3268 5712">
     <span class='ocr_line' id='line_1_113' title="bbox 1733 5637 3268 5712; baseline 0.005 -24"><span class='ocrx_word' id='word_1_862' title='bbox 1733 5637 1815 5691; x_wconf 83' lang='lat' dir='ltr'><strong>vel</strong></span> <span class='ocrx_word' id='word_1_863' title='bbox 1868 5638 2020 5706; x_wconf 92' lang='lat' dir='ltr'><strong>quasi</strong></span> <span class='ocrx_word' id='word_1_864' title='bbox 2073 5638 2312 5692; x_wconf 89' lang='lat' dir='ltr'><strong>medicus</strong></span> <span class='ocrx_word' id='word_1_865' title='bbox 2363 5640 2410 5692; x_wconf 88' lang='lat' dir='ltr'><strong>ei</strong></span> <span class='ocrx_word' id='word_1_866' title='bbox 2449 5638 2540 5707; x_wconf 91' lang='lat' dir='ltr'><strong>qui</strong></span> <span class='ocrx_word' id='word_1_867' title='bbox 2591 5641 2792 5697; x_wconf 84' lang='lat' dir='ltr'><strong>medela</strong></span> <span class='ocrx_word' id='word_1_868' title='bbox 2845 5647 2980 5712; x_wconf 87' lang='lat' dir='ltr'><strong>eget,</strong></span> <span class='ocrx_word' id='word_1_869' title='bbox 3035 5641 3268 5697; x_wconf 82' lang='lat' dir='ltr'><strong>salutare</strong></span> 
     </span>
    </p>
   </div>
   <div class='ocr_carea' id='block_1_114' title="bbox 1748 5791 2626 5856">
    <p class='ocr_par' dir='ltr' id='par_1_114' title="bbox 1748 5791 2626 5856">
     <span class='ocr_line' id='line_1_114' title="bbox 1748 5791 2626 5856; baseline 0.002 -12"><span class='ocrx_word' id='word_1_870' title='bbox 1748 5794 1898 5856; x_wconf 70' lang='lat' dir='ltr'><strong>Lxxr&#39;,</strong></span> <span class='ocrx_word' id='word_1_871' title='bbox 1939 5791 2021 5852; x_wconf 72' lang='lat'><strong>10,</strong></span> <span class='ocrx_word' id='word_1_872' title='bbox 2065 5791 2142 5844; x_wconf 90' lang='lat' dir='ltr'><strong>ll.</strong></span> <span class='ocrx_word' id='word_1_873' title='bbox 2219 5793 2261 5823; x_wconf 87' lang='grc'>⁷³</span> <span class='ocrx_word' id='word_1_874' title='bbox 2299 5792 2428 5847; x_wconf 69' lang='lat' dir='ltr'><strong>Gcn.</strong></span> <span class='ocrx_word' id='word_1_875' title='bbox 2463 5810 2543 5848; x_wconf 72' lang='grc' dir='ltr'><strong>γι.</strong></span> <span class='ocrx_word' id='word_1_876' title='bbox 2576 5794 2626 5846; x_wconf 74' lang='lat' dir='ltr'><strong>Ii.</strong></span> 
     </span>
    </p>
   </div>
  </div>
