3966 6348
108 446 199 502 889

1183 441 1672 502 COMMENTARIA
1701 442 1767 500 ΙΝ
1803 444 2135 503 PSALMOS.

3119 454 3223 511 8‘90

108 551 463 625 ἐπιϐοωμένων
492 552 667 643 αὐτόν.
698 554 761 607 Et
787 554 890 628 γὰρ
941 555 1053 625 ἅμα
1110 555 1187 625 τῷ
1217 556 1314 627 τὴν
1358 555 1536 627 φωνὴν
1559 557 1869 628 ἀναπέμψαι
1894 558 2085 628 ᾔσθετο
2126 559 2355 629 ἐπηκόου
2402 560 2562 614 αὑτοῦ
2594 560 2877 633 γενομένου
2914 562 3005 616 τοῦ
3072 563 3238 643 ΘεοῦἸ

106 647 267 707 αὐτοῖς
287 644 463 712 ἔργοις
487 642 781 697 ἐδιδάσκετο
818 643 1084 714 πανταχοῦ
1113 647 1358 714 παρεῖναι
1375 644 1437 697 τὸ
1488 645 1657 711 Θεῑον,
1698 649 1790 701 καὶ
1844 648 1967 710 τοὺς
2013 647 2111 718 τῆς
2173 648 2427 718 Προνοίας
2479 650 2779 721 ὀφθαλμοὺς
2841 652 3037 719 ἐφορᾷν
3102 642 3229 717 τοὺς

105 733 286 798 ἀξίους.
350 768 355 769 ί

178 845 326 899 Ἀλλὰ
380 848 471 900 καὶ
520 847 587 901 ἐν
638 847 819 916 ἡμέρᾳ
872 847 1125 916 θλίψεώς
1168 867 1305 917 μου,
1334 849 1482 921 φησὶ,
1516 850 1619 903 τὸν

1785 845 1944 901 Vens.
1978 848 2031 902 '5.
2073 845 2173 900 Sed
2202 848 2357 900 etiam
2388 848 2441 901 in
2478 848 2559 901 die
2586 848 2931 903 tribulationis
2968 866 3111 916 mem,
3145 856 3231 912 in-

109 939 239 989 Θεέν
266 936 581 1004 ἐξεζήτησα
612 939 733 1003 ταῖς
763 938 930 1005 χερσί
957 956 1073 1007 μου
1099 940 1312 1003 νυκτὸς
1348 939 1616 993 ἐναντίον

106 1026 291 1088 αὐτοῦ,
324 1026 417 1078 καὶ
464 1028 536 1079 οὐ
577 1027 661 1093 μὴ
710 1025 1034 1094 ήπατήθην.
1064 1029 1168 1080 Καὶ
1196 1029 1272 1079 ὅτι
1307 1028 1401 1097 μέν
1431 1028 1617 1081 πολλαὶ

106 1118 155 1168 at
198 1116 394 1185 θλίψεις
438 1116 541 1169 τῶν
587 1116 804 1169 δικαίων
854 1116 1073 1187 (ἐπειδὴ
1118 1119 1434 1188 ἁπείραστος
1480 1120 1617 1191 ἀνὴρ

105 1206 384 1293 ὰδρκιμος),
404 1206 661 1267 παντοίως
682 1206 1011 1261 διδάσκουσιν
1042 1211 1087 1260 οί
1111 1208 1237 1260 θεῖοι
1261 1208 1433 1275 λόγον
1462 1210 1534 1272 ὡς
1562 1210 1617 1261 δὲ

106 1296 388 1364 θλιϐόμενοι
430 1296 703 1366 κρείττους
742 1297 943 1349 ἐαυτῶν
969 1299 1253 1366 ἐγίγνοντο,
1276 1297 1494 1367 δοκιμὴν
1521 1299 1617 1367 τῆς

106 1384 295 1437 ἐαυτῶν
316 1386 635 1455 παρέχοντες
658 1373 947 1456 ύπομονῆς,
976 1390 1033 1439 οὐ
1059 1390 1161 1459 μὴν
1187 1389 1525 1458 συγχεόμενοι
1544 1390 1617 1450 ὡς

106 1474 354 1545 εἰλιγγιᾷν
380 1476 469 1527 καὶ
490 1475 847 1547 θορυϐεῖσθαι,
876 1477 1106 1531 διδάσκει
1131 1479 1159 1530 ό
1180 1478 1363 1542 εἰπὼν,
1380 1480 1472 1530 Ἑν
1498 1480 1621 1531 θλί-

105 1567 193 1629 ψει
223 1564 555 1629 ἐπλάτυνάς
588 1583 682 1634 με,
716 1567 807 1619 καὶ
845 1569 873 1620 ό
912 1567 1049 1630 θεῖος
1080 1568 1388 1629 ’Δπόστολος
1416 1567 1613 1634 λέγων·

106 1640 446 1720 θλιϐόμενοι,
478 1655 612 1707 ἀλλ’
644 1658 714 1709 οὺ
742 1659 1267 1726 στενοχωρούμενοι
1286 1676 1298 1687 ·
1335 1660 1622 1709 καταϐαλ-

103 1742 345 1819 λόμενοι.
368 1742 501 1796 ἀλλ’
517 1746 624 1797 οὐκ
647 1746 1073 1815 ἀπολλύμενοι·
1102 1746 1457 1817 διωκόμενοι,
1485 1739 1617 1801 ἀλλ’

103 1828 203 1879 οὐκ
226 1833 785 1898 ηααταιειπόμενοι.
826 1832 1007 1898 Οὕτως
1032 1830 1122 1887 οὖν
1147 1836 1238 1888 καὶ
1268 1836 1495 1888 ἐνταῦθά
1517 1853 1621 1905 φη-

105 1930 180 1967 σιν
199 1930 212 1944 ·
245 1919 347 1971 Ἐν
371 1918 555 1986 ᾑμέρᾳ
577 1920 828 1988 θλίψεὼς
848 1940 963 1990 μου
990 1924 1093 1974 τὸν
1115 1925 1260 1976 Θεὸν
1283 1924 1617 1990 ἐξεζήτησαο

104 2007 158 2059 οὐ
180 2007 281 2075 γὰρ
310 2007 607 2060 ἀπέϐλεπον
630 2010 738 2073 ἐπὶ
771 2013 894 2073 τοὺς
927 2010 1217 2075 θλίϐοντας,
1249 2014 1355 2065 οὐδ’
1388 2015 1474 2065 ἐπὶ
1501 2017 1623 2079 τοὺς

104 2097 472 2167 ἐπαιρομένους
490 2114 503 2127 ·
536 2099 867 2169 ἐπιστρέφων
893 2101 948 2152 δὲ
976 2102 1206 2169 ἐμαυτοῦ
1235 2100 1293 2154 τδ
1322 2104 1419 2174 τῆς
1449 2104 1617 2175 ψυχῆς

104 2162 243 2256 δμμα
462 2188 551 2240 τὸν
598 2162 724 2240 Θεὸν
768 2162 886 2242 κατ’
917 2162 1074 2242 αὑτὸν
1102 2192 1188 2243 τὸν
1217 2191 1325 2258 τῆς
1652 2162 1691 2219 Β

105 2278 299 2347 καιρὸν,
317 2278 473 2330 αὑτὸν
498 2275 792 2346 ἐξεζήτουν.
812 2278 1058 2351 Ἐζήτουν
1086 2280 1141 2331 δὲ
1173 2282 1327 2333 αὐτὸν
1353 2284 1467 2343 ταῖς
1502 2300 1621 2351 χερι-

106 2369 154 2421 σί
181 2374 296 2439 μου,
322 2368 687 2438 δεδιδαγμένος
711 2370 949 2439 ἐπαίρειν
973 2372 1145 2433 ὁσίους
1172 2375 1352 2441 χεῖρας
1377 2373 1513 2423 κατὰ
1531 2373 1619 2425 τδν

107 2460 367 2527 φάσκοντα
382 2458 532 2526 λόγον
547 2476 561 2489 ·
584 2460 871 2527 Βούλομαι
895 2460 961 2511 δὲ
982 2460 1117 2525 τοὺς
1142 2461 1357 2527 ἄνδρας
1378 2462 1621 2527 προσεύ-

108 2551 302 2616 χεσθαι
324 2588 339 2611 ,
389 2549 736 2615 ἐπαίροντας
788 2549 992 2614 ὁσίους
1047 2550 1262 2617 χεῖρας.
1323 2550 1428 2601 Καὶ
1480 2549 1621 2602 τοῦτ’

108 2636 359 2706 ἔπραττον
387 2636 447 2687 οὐ
472 2636 541 2687 δι’
571 2635 778 2705 ἡμέρας
812 2636 986 2705 μόνον,
1022 2638 1155 2690 ἀλλὰ
1183 2638 1274 2689 καὶ
1301 2638 1387 2690 διὰ
1413 2640 1618 2704 νυκτὸς,

108 2726 197 2788 τὰς
220 2726 400 2797 χεῖράς
433 2742 533 2796 μου
561 2726 794 2798 ἐπαίρων
826 2728 1057 2781 ἐναντίον
1094 2726 1275 2789 αὐτοῦ,
1306 2729 1395 2779 καὶ
1424 2728 1507 2779 διὰ
1529 2730 1624 2798 τῆς

58 2813 65 2817 ’
109 2816 416 2885 προσευχῆς,
449 2816 541 2868 καὶ
568 2814 653 2868 διὰ
674 2816 779 2867 τῶν
809 2815 940 2885 πρὸς
968 2814 1121 2867 αὑτὸν
1149 2815 1332 2883 φωνῶν
1361 2816 1624 2885 ἐπιζητῶν

109 2906 273 2959 αὐτόν.
303 2905 411 2967 Διὸ,
436 2906 605 2959 ταῦτα
650 2907 917 2977 πράττων,
950 2908 1066 2957 Οὐκ
1106 2905 1441 2971 ήπατήθην·
1484 2905 1627 2975 εὑρί-

112 3011 255 3047 σκετο
284 2996 403 3066 γάρ
439 3015 525 3067 μοι
565 2996 914 3067 ζητούμενος·
950 2994 1026 3048 διδ
1050 2994 1347 3064 προσέσχε
1379 3013 1500 3063 μοι,
1534 2998 1625 3048 καὶ

107 3084 196 3146 τὰς
224 3085 410 3137 ἐαυτοῦ
434 3084 599 3148 ἀκοὰς
641 3086 761 3154 ἐμοὶ
792 3085 1054 3155 παρέσχεν
1093 3085 1230 3151 Ἀντί
1260 3084 1315 3136 δὲ
1350 3084 1461 3147 τοῦ,
1498 3085 1625 3148 Ταῖς

110 3176 266 3242 χερσί
288 3194 403 3244 μου
428 3176 642 3241 νυκτὸς
668 3176 937 3229 ἐναντίον
966 3175 1167 3239 αὑτοῦ,
1201 3176 1297 3228 καί
1342 3178 1447 3228 οὐκ
1474 3177 1623 3242 ἡπα-

110 3264 302 3330 τήθην,
331 3268 359 3317 ό
386 3265 674 3335 Σύμμαχος
710 3264 890 3317 τοῦτον
922 3266 1225 3335 ἡρμήνευσε
1265 3264 1352 3318 τὸν
1394 3266 1585 3333 τρόπον
1607 3280 1620 3293 ·

119 3351 175 3405 Ἠ
199 3352 322 3419 χείρ
359 3369 477 3420 μου
524 3350 751 3414 νυκτὸςι
774 3351 1040 3405 ἐκτέτατο
1073 3350 1368 3419 διηνεκῶς.
1416 3350 1625 3419 Ταύτην

1713 936 1848 1005 quit,
1874 936 2033 989 Deum
2058 938 2305 1004 exquisivi
2329 938 2563 991 manibus
2586 940 2708 991 meis
2732 950 2873 991 nocte
2894 952 3071 994 contra
3092 960 3226 1009 eum,

1711 1018 1760 1079 et
1797 1043 1896 1078 non
1944 1042 2060 1101 sum
2096 1030 2349 1093 deceptus.
2385 1026 2535 1091 Quod
2570 1029 2749 1081 illiilla:
2794 1030 2902 1083 sint
2944 1032 3227 1099 proborum

1713 1116 2212 1184 calamitates‘(nam
2260 1118 2340 1168 vir
2388 1132 2492 1169 non
2539 1126 2774 1173 tentatus
2808 1119 3059 1189 inglorius
3104 1124 3225 1191 est),

1714 1207 2017 1260 omnimode
2055 1206 2247 1259 docent
2282 1205 2471 1260 divinae
2514 1206 2805 1277 Scriptura:
2834 1228 2846 1262 :
2874 1210 3013 1279 quod
3051 1222 3228 1266 autem

1714 1295 1765 1346 in
1787 1296 2045 1350 aerumnis
2061 1296 2313 1365 degentes
2337 1296 2436 1349 sibi
2462 1298 2592 1366 ipsis
2616 1300 3228 1366 superiores,evaserint,
3310 1296 3317 1315 ³

1712 1385 2234 1453 experimentumque
2260 1387 2527 1454 patientiae
2546 1403 2655 1442 sure
2686 1387 2949 1453 dederint,
2984 1405 3088 1443 non
3111 1406 3232 1443 con-

1714 1472 1818 1525 lusi
1848 1473 1916 1524 ita
1951 1480 2007 1525 ut
2037 1474 2297 1541 vertigine
2329 1476 2712 1530 laborarentet
2757 1480 3115 1543 turbarentur,
3160 1482 3232 1535 ita

1714 1563 1869 1616 docet
1895 1563 2001 1623 ille,
2045 1560 2109 1614 In
2144 1562 2474 1615 tribulatione
2500 1565 2740 1618 dilatasti
2770 1569 2892 1620 mihi
2913 1570 2987 1635 ";
3022 1568 3232 1626 divinus

1717 1652 1836 1705 item
1869 1652 2154 1721 Apostolus
2185 1652 2294 1706 haec
2330 1654 2509 1715 tradit,
2546 1654 2946 1710 Tribulationem
2984 1662 3231 1727 patimur,

1716 1742 1802 1793 sed
1841 1758 1940 1793 nou
1969 1744 2359 1810 angustiamur;
2398 1742 2690 1811 dejicimur,
2723 1746 2809 1797 sed
2843 1762 2941 1798 non
2972 1751 3230 1813 perimus;

1714 1828 2112 1899 perseeutionem
2162 1835 2417 1901 patimur,
2464 1832 2551 1886 sed
2597 1850 2697 1887 non
2744 1833 3231 1905 derelinquimur”.

1718 1918 1805 1973 Sic
1837 1922 1998 1989 igitur
2024 1921 2113 1974 hic
2155 1922 2263 1976 ait:
2294 1922 2357 1975 In
2392 1921 2473 1975 die
2524 1922 2867 1977 tribulationis
2912 1941 3037 1977 mea:
3072 1924 3234 1978 Deum

1716 2012 1983 2079 exquisivi.
2042 2009 2156 2064 Non
2200 2011 2341 2065 enim
2402 2012 2467 2065 ad
2505 2000 2897 2067 tribulationem
2926 2014 3242 2080 inferentes,

1718 2114 1823 2153 non
1851 2099 1918 2151 ad
1950 2098 2184 2151 tumidos
2222 2100 2341 2153 illos
2369 2101 2746 2168 respiciebam;
2778 2104 2867 2157 sed
2896 2105 3052 2158 oculo
3083 2120 3230 2158 men-

1717 2183 1791 2240 tis
1818 2202 1945 2241 mea:
1988 2188 2054 2240 ad
2088 2186 2251 2241 Deum
2304 2187 2648 2242 tribulationis
2692 2197 2926 2258 tempore
2955 2207 3231 2256 converso,

1717 2276 1889 2344 ipsum
1923 2277 2288 2346 exquirebam.
2329 2275 2574 2332 Manibus
2607 2293 2731 2332 vero
2768 2282 2901 2333 meis
2934 2283 3234 2349 quaerebam

1716 2380 1858 2427 eum,
1890 2366 2166 2420 institutus
2198 2367 2260 2420 ad
2292 2366 2540 2420 levandas
2584 2376 2795 2423 sanctas
2824 2372 3019 2423 manus"
3045 2386 3237 2424 secun-

1716 2455 1842 2507 dum
1872 2455 2085 2509 eﬂ‘atum
2116 2456 2244 2509 illud
2270 2475 2282 2510 :
2318 2456 2441 2510 Volo
2464 2468 2633 2510 autem
2661 2460 2792 2511 viros
2818 2472 2986 2523 orare,
3018 2459 3237 2515 levantes

1718 2555 1923 2597 sanctas
1964 2560 2145 2599 manus
2167 2548 2232 2600 ⁷⁷.
2256 2546 2419 2616 quue
2456 2560 2559 2599 non
2602 2547 2687 2601 die
2721 2549 2912 2610 solum,
2952 2548 3042 2602 sed
3079 2550 3235 2602 etiam

1719 2642 1873 2687 nocte
1914 2649 2104 2689 manus
2146 2650 2293 2689 meas
2343 2644 2527 2690 contra
2567 2651 2687 2689 eum
2721 2639 3020 2706 erigebam;
3072 2640 3141 2692 ita
3183 2650 3239 2692 ut

1718 2730 1824 2776 tam
1854 2726 2094 2779 oratione
2118 2742 2274 2795 quam
2316 2727 2537 2781 vocibus
2560 2728 2773 2781 emissis
2804 2728 2949 2779 illum
2993 2730 3241 2797 exquire-

1719 2829 1866 2867 rem.-
1910 2813 2240 2884 Quapmpter
2274 2815 2385 2869 inec
2436 2830 2596 2883 agens
2649 2832 2747 2868 non
2795 2832 2908 2869 sum
2954 2817 3238 2883 deceptus:

1720 2918 1843 2958 nam
1870 2907 2193 2975 perquisitus
2224 2906 2310 2958 ille
2342 2907 2585 2959 inventus
2617 2919 2645 2957 ει
2675 2921 2756 2957 me
2783 2905 2899 2965 fuit,
2941 2916 2987 2959 et
3021 2905 3239 2958 intendit

1723 2996 1867 3058 mihi,
1899 3010 2159 3064 auresque
2194 2996 2320 3047 mihi
2353 2996 2591 3063 prmbuit.
2624 2994 2725 3046 Pro
2762 2995 2850 3047 illo
2878 3003 3073 3057 autem,
3118 2994 3237 3047 Ha—

1722 3080 1870 3135 nibus
1899 3082 2023 3135 meis
2054 3095 2197 3135 nocte
2225 3092 2403 3135 contra
2439 3098 2573 3145 eum,
2615 3092 2667 3135 et
2712 3100 2811 3135 non
2842 3099 2955 3135 sum
2976 3085 3237 3149 deceptus,

1724 3169 2072 3239 Symmachus
2116 3171 2214 3223 hoc
2259 3172 2415 3225 modo
2462 3173 2837 3240 interpretatus
2887 3181 3001 3236 est,
3055 3173 3239 3225 Manus

1722 3275 1835 3312 mea
1864 3269 2006 3312 nocte
2030 3268 2237 3312 extensa
2274 3269 2387 3312 erat
2422 3262 2645 3314 assidue.
2681 3261 2826 3315 Hanc
2860 3263 3037 3331 itaque
3075 3264 3241 3314 maxi-

1724 3366 1863 3405 mam
1897 3359 1953 3405 ει
1972 3352 2137 3404 solam
2171 3358 2360 3404 nactus
2388 3365 2503 3403 sum
2539 3351 2977 3404 consolationem.
3009 3349 3110 3401 Seu
3136 3351 3252 3402 alio-

112 3439 198 3509 μέν
225 3437 316 3494 οὖν
344 3438 485 3510 εἶχον
514 3440 765 3510 μεγίστην
798 3440 889 3491 καὶ
931 3440 1094 3509 μόνην
1137 3439 1627 3509 παραμυθίαν.Ἀλ-

1728 3441 1906 3503 modo,
1938 3440 2237 3518 aﬂlictipnis
2270 3458 2396 3495 mea:
2420 3452 2651 3509 tempore
2680 3440 2947 3517 neminem
2976 3455 3039 3492 ex
3071 3440 3240 3493 homi.

108 3530 204 3593 λως
233 3532 307 3594 δὲ,
333 3531 539 3595 οὐδενὸς
562 3531 850 3599 ἠνειχόμην
890 3529 1211 3599 παρακαλεῖν
1253 3547 1315 3599 με
1354 3530 1445 3583 καὶ
1470 3530 1625 3600 θερα-

109 3618 282 3673 πεύειν
329 3620 596 3681 ἐθέλοντος
644 3619 921 3689 ἀνθρώπου
952 3620 1007 3671 ἐν
1035 3618 1108 3688 τῷ
1144 3619 1238 3688 τῆς
1269 3615 1490 3688 θλίψεώς
1525 3636 1622 3687 μου

110 3708 295 3780 καιρῷξ
318 3708 406 3761 Διό
433 3709 665 3777 ἐπιλέγει
684 3727 696 3739 ε
740 3707 1097 3776 Ἀπηνήνατο
1123 3707 1557 3777 παρακληθῆναι
1585 3708 1622 3773 ἡ

109 3798 265 3867 ψυχή
293 3818 411 3870 μου
434 3816 448 3831 ⁵
489 3801 527 3871 ἥ
554 3801 690 3855 κατὰ
737 3800 826 3853 τόν
868 3793 1173 3869 Σύμμαχον,
1204 3803 1321 3853 Οὐκ
1344 3799 1626 3853 ’ἐπείθετο

109 3890 547 3959 παρηγορεῖσθαι
589 3890 627 3957 ἠ
664 3890 830 3958 ψυχή
858 3904 1003 3957 μου·
1037 3890 1147 3941 ἀλλ’
1182 3888 1495 3955 ἀνθρώποις⁸
1533 3887 1627 3956 μὲν

109 3980 198 4032 οὐκ
221 3980 530 4050 ἐπειθόμην,
560 3982 667 4043 τοτς
694 3980 862 4042 ἄλλως
892 3997 956 4049 με
987 3979 1309 4048 παρηγορεῖν
1341 3977 1431 4029 καὶ
1456 3993 1625 4046 παρα-

109 4068 278 4123 καλεῖν
295 4086 311 4101 ·
350 4053 655 4137 ἐμνήσθην
695 4069 749 4121 δέ
796 4069 900 4121 τοῦ
945 4068 1086 4121 Θεοῦ
1124 4067 1217 4119 καί
1252 4065 1593 4132 ηὐφράνθην
1611 4082 1625 4097 ο

111 4158 338 4231 animi
363 4158 469 4227 γάρ
504 4174 590 4225 μοι
630 4159 663 4226 ἡ
699 4156 790 4209 τοῦ
814 4155 945 4209 Θεοῦ
988 4157 1169 4227 μνήμη
1208 4156 1339 4226 πρὸς
1378 4156 1631 4228 εὐφροσύα

110 4262 230 4316 νηνο
258 4244 390 4298 ἀλλὰ
420 4246 512 4298 καὶ
537 4244 935 4314 ἦδολέσχησα,
963 4246 1112 4315 φησϊ,
1143 4247 1236 4299 καὶ
1264 4246 1631 4314 ὠλιγοψύχη-

111 4348 216 4389 ea-
248 4335 360 4388 ἀνθ’
390 4329 449 4388 οὖ
488 4337 516 4387 ὁ
554 4332 838 4405 Σύμμαχος
865 4337 1185 4407 ἡρμήνευσε,
1220 4334 1538 4388 Διελάλουν
1563 4336 1632 4387 ἐν

111 4424 328 4494 ὁμαυτῷ
374 4426 468 4479 καί
509 4426 1072 4495 ἐλειποθύμουνεὍτι
1108 4425 1220 4495 μέν,
1248 4424 1395 4492 φησι,
1420 4421 1632 4490 ἐμαυτῷ

112 4515 389 4581 διελάλουν,
422 4516 835 4586 ἐλειποθύμουν⁶
882 4516 972 4569 καὶ
1015 4515 1100 4567 ὅτε
1151 4514 1460 4583 ήδολέσχουν
1506 4512 1630 4580 παρ’

116 4604 342 4675 ἐμαυτῷ,
373 4602 667 4675 τηνικαῦτα
698 4604 1012 4672 ὠλιγοψύχει
1048 4603 1106 4655 τὸ
1136 4600 1352 4670 πνεῦμά,
1373 4616 1469 4669 μου
1492 4613 1504 4626 ·
1543 4598 1631 4651 ὅτε

114 4691 165 4745 δὲ
187 4693 656 4763 ἀνεμιμνησκόμην
692 4693 784 4765 τοῦ
830 4691 981 4753 Θεοῦ,
1015 4690 1341 4769 εὐφροσύνης
1375 4686 1632 4756 ἐπληρού-

1726 3530 1883 3584 nibus
1917 3529 2252 3583 admittebant
2285 3529 2373 3598 qui
2406 3530 2559 3583 vellet
2602 3544 2684 3582 me
2711 3528 2993 3587 consolari,
3039 3542 3099 3579 ac
3126 3541 3240 3581 me-

1721 3619 1834 3671 deri
1873 3618 2039 3671 dolori
2071 3632 2207 3670 meo.
2235 3616 2408 3681 Quare
2434 3618 2611 3671 subdit
2638 3636 2650 3668 :
2678 3646 2744 3655 —
2771 3614 2930 3679 Vens.
2962 3613 3013 3668 4.
3058 3609 3267 3668 Renuit'

1722 3707 1980 3761 consolari
2003 3708 2176 3760 anima
2206 3724 2349 3769 mea;
2368 3708 2507 3769 sive,
2526 3706 2813 3761 secundum
2844 3705 3246 3773 Symmachum,

1728 3796 1845 3849 Non
1886 3796 2128 3863 persuade
2187 3806 2288 3848 .tur
2319 3797 2715 3850 consolationem
2758 3795 3022 3846 admittere
3065 3796 3248 3846 anima"

1724 3902 1874 3948 mea;
1920 3885 2011 3939 sed
2049 3884 2352 3937 hominibus
2390 3885 2599 3952 quidem
2642 3884 2905 3937 consolari
2952 3889 3003 3935 et
3037 3882 3243 3935 hortari

1724 3975 2024 4030 volentibus
2059 3989 2166 4027 non
2208 3974 2671 4041 obtemperabam;
2714 3988 2894 4026 verum
2943 3987 3131 4024 memor
3163 3973 3250 4040 [ui

1728 4067 1819 4119 Dei
1846 4075 1894 4119 et
1922 4064 2200 4117 detestatus
2247 4078 2401 4115 sum:
2431 4078 2552 4117 nam
2592 4062 2689 4117 Dei
2714 4062 2963 4116 memoria
3015 4062 3078 4114 ad
3113 4062 3251 4115 Eeti—

1726 4156 1852 4207 tiam
1896 4154 2023 4206 mihi
2075 4154 2205 4207 satis
2243 4161 2389 4217 erat;
2431 4152 2557 4221 quin
2590 4152 2743 4205 etiam
2788 4151 2880 4211 ait,
2933 4150 3251 4203 exercitatus

1727 4259 1861 4305 sum,
1894 4254 1942 4295 et
1974 4242 2158 4310 defecit
2192 4243 2400 4308 spiritus
2439 4256 2611 4302 meus;
2638 4255 2731 4308 pro
2760 4254 2863 4307 quo
2893 4238 3243 4307 Symmachus

1730 4335 2105 4402 interpretatus
2134 4341 2235 4394 est,
2265 4329 2531 4401 Loquebar
2559 4333 2610 4382 in
2654 4330 2844 4395 πείρεο
2870 4337 2917 4379 et
2954 4326 3123 4377 animo
3152 4327 3237 4380 ἄεν

1730 4402 1981 4491 ﬁdebam.
2040 4422 2336 4489 Quoniam,
2394 4422 2582 4492 inquit,
2643 4421 2893 4489 loquebar
2932 4419 3057 4471 mihi
3106 4420 3240 4488 ipsi,

1730 4512 1906 4563 animo
1954 4509 2262 4563 deﬁciebam
2288 4529 2300 4562 :
2330 4517 2379 4563 et
2416 4510 2901 4575 cum‘exercitarer
2944 4507 3080 4574 apud
3126 4523 3249 4561 me-

1730 4601 1923 4668 ipsum,
1970 4607 2097 4652 tunc
2141 4598 2419 4651 deﬁciebat
2462 4597 2680 4665 spiritus
2718 4611 2898 4659 meus;
2947 4611 3066 4649 cum
3116 4610 3254 4649 vero

1732 4689 1823 4744 Dei
1856 4690 2197 4751 recordarer,
2232 4679 2410 4741 laetitia
2452 4686 2731 4755 replebar;
2784 4686 2874 4739 sed
2927 4686 3081 4740 etiam
3119 4700 3247 4738 cum:

120 4798 247 4854 μήν’
276 4784 407 4836 ἀλλὰ
430 4785 522 4838 καὶ
547 4776 721 4853 ζητῶν
750 4783 905 4837 αὑτὸν
927 4784 1044 4844 ταῖς
1086 4780 1243 4851 χερσί
1284 4795 1381 4849 μου
1428 4776 1628 4840 νυκτδςι

1735 4792 1853 4830 eum
1884 4777 2126 4830 manibus
2152 4776 2283 4829 meis
2312 4781 2468 4831 noctu
2496 4776 2848 4844 exquirerem,
2888 4789 2993 4828 non
3024 4775 3239 4826 aberra-

116 4872 206 4924 οὑκ
236 4871 571 4943 ήπατώμηνσ
598 4872 841 4944 εὕρισκον
866 4873 970 4940 γὰρ
1011 4872 1193 4942 ὥσπερ
1233 4868 1450 4939 πλησίον
1501 4882 1637 4937 παρ-

117 4960 317 5014 εστῶτα
350 4979 458 5031 μοι,
492 4962 583 5015 καὶ
607 4962 702 5031 τῆς
733 4962 909 5031 φωνῆς
930 4979 1027 5031 μου
1052 4963 1277 5031 ἐπήκοον
1306 4957 1631 5026 γιγνόμενον.

182 5051 684 5119 Προκατελάόοντο
731 5051 999 5119 φυλακὰς
1050 5053 1103 5103 οἱ
1158 5046 1443 5117 ὀφθαλμοί
1496 5062 1631 5113 μου,

118 5137 456 5206 ἂταρόχθην,
485 5139 579 5193 καί
632 5139 745 5189 οὐκ
796 5136 1082 5201 ἐλάλησα.
1130 5137 1191 5188 0t
1241 5132 1499 5193 θλίϐοντες
1547 5148 1633 5200 με,

123 5229 264 5298 φησὶ,
285 5228 527 5297 λογισμοὶ
552 5224 775 5278 τοιοῦτοι·
796 5220 950 5293 ἦσαν.
969 5224 1178 5294 Ἐπειδὴ
1208 5223 1313 5291 γὰρ
1343 5218 1521 5290 ἑώρων
1540 5219 1636 5289 τὴν

123 5318 375 5388 ἀποϐολὴν
426 5317 518 5369 τοῦ
562 5314 707 5375 λαοῦ,
731 5314 794 5383 ἣν
840 5314 1121 5367 ἐθέσπισαν
1166 5314 1214 5388 οἱ
1262 5310 1638 5382 προλεχθέντες

126 5382 435 5481 προφητικοὶ
462 5407 623 5473 λόγοι,
641 5382 999 5474 ἐθορυϐούμην
1032 5382 1262 5465 είκόέως,
1288 5401 1377 5454 καὶ
1404 5400 1635 5453 ἐνενόουν

127 5498 249 5567 πρὸς
295 5494 522 5566 ἐμαυτὸν
565 5494 612 5545 εί
652 5492 1005 5561 ἀθεράπευτον
1046 5494 1218 5553 αὐτοῖς
1263 5490 1407 5541 ἔσται
1450 5488 1509 5539 τὸ
1541 5505 1636 5540 κα-

128 5586 233 5641 κόν.
258 5586 329 5639 Τὸ
360 5585 455 5655 μὲν
477 5583 580 5652 γὰρ
608 5581 965 5650 ἀποϐληθῆναι
989 5583 1178 5644 αὐτοὺς
1204 5578 1371 5649 καιρῷ
1412 5594 1513 5629 τινι
1547 5579 1635 5631 καὶ

1734 4864 1852 4917 bam
1879 4882 1891 4915 :
1927 4878 2045 4914 nam
2072 4862 2242 4930 ipsum
2268 4877 2363 4915 ceu
2388 4860 2641 4924 vicinum,
2679 4867 2986 4928 praesentem
3013 4856 3157 4917 mihi,
3188 4865 3250 4909 el

1732 4952 1846 5005 voci
1878 4965 2005 5003 mea:
2034 4952 2315 5019 propitium
2338 4949 2809 5019 deprehendebam.

1730 5076 1747 5085 α
1800 5040 1959 5093 Vens.
1998 5039 2047 5093 5.
2088 5032 2501 5109 Anticipaverunt
2527 5039 2727 5107 uigilias
2757 5038 2888 5091 oculi
2913 5034 3026 5094 mei,
3062 5032 3238 5084 turba-

1733 5140 1813 5182 tus
1839 5146 1950 5181 sum
1970 5138 2140 5184 etnon
2164 5148 2276 5183 sum
2317 5131 2531 5183 locutus.
2564 5128 2926 5197 Cogitationes
2967 5138 3082 5191 qua:
3112 5123 3250 5174 mihi-

1734 5220 2065 5273 altlictionem
2093 5222 2365 5289 pariebant
2397 5219 2527 5273 tales
2561 5226 2730 5273 erant.
2762 5216 2894 5279 Quia
2934 5215 3073 5266 enim
3098 5212 3245 5279 abje-

1735 5314 1961 5366 ctionem
1991 5312 2190 5379 populi,
2223 5324 2380 5378 quam
2414 5308 2688 5362 memorati
2717 5302 3007 5371 prophetici
3042 5311 3243 5353 sermo-

1736 5416 1832 5453 nes
1882 5399 2152 5451 vaticinati
2177 5407 2315 5458 sunt,
2364 5394 2767 5465 prospiciebant,
2803 5392 2923 5458 jure
2963 5385 3241 5469 turbabar,

1738 5501 2049 5556 mecumque
2101 5486 2444 5556 reputabant,
2512 5500 2634 5538 num
2690 5484 2923 5551 ipsorum
2972 5476 3249 5530 calamitas

1739 5577 1853 5632 sine
1882 5576 2113 5631 remedio
2161 5574 2337 5629 futura
2380 5574 2468 5627 sit.
2512 5572 2639 5625 Nam
2666 5570 2803 5640 quod
2833 5580 3067 5625 tempore
3110 5578 3243 5633 qua-

195 5738 237 5769 ’⁸
277 5737 519 5799 Psal.1v,
548 5735 601 5789 2.
674 5732 775 5788 "ll
806 5734 908 5790 Cor
967 5750 1035 5799 lt’,
1070 5733 1122 5797 8,
1154 5732 1203 5785 9.
1278 5732 1360 5784 "l
1396 5730 1529 5784 Tim.
1568 5745 1639 5794 ιι,
1676 5728 1726 5783 8.
