3976 6350
731 417 830 476 891

1461 416 1722 474 EUSEBII
1761 421 2230 478 CESARIENSIS
2265 421 2412 479 OPP.
2445 423 2738 479 PARS-lli;
2775 453 2844 464 —
2878 420 3274 477 EXEGETICA.
3512 487 3518 494 η
3781 421 3854 476 892

731 528 855 583 dam
889 522 1190 595 abiiciendi,
1233 532 1287 580 et
1326 527 1477 596 quod
1509 530 1564 584 in
1589 530 1745 585 linem
1780 532 2008 602 idipsum
2043 534 2257 602 passuri

2368 535 2439 596 εἰς
2477 535 2626 598 τέλος
2656 533 2845 596 αὐτοὺς
2874 533 3028 586 τοῦτο
3057 532 3242 586 παθεῖν
3274 530 3553 583 ἐπίστευον
3587 532 3651 601 τῇ
3685 547 3852 603 προφη-

731 625 930 680 essent,
963 616 1016 670 id
1064 631 1202 671 sane
1238 617 1522 672 credebam
1559 619 1936 690 obtemperans
1971 623 2260 692 pr0phetia:

2368 623 2470 693 ιείᾳ
2509 623 2766 696 λεγούσῃ·
2812 622 3002 686 Ἰνατί,
3051 622 3082 676 ό
3127 621 3287 687 Θεὸς,
3319 621 3666 685 ἀπώσωιεις
3700 621 3851 687 τέλος,

731 706 928 760 dicenti
966 725 980 760 :
1017 704 1235 776 thuid,
1293 707 1454 777 Deus,
1502 713 1738 778 repulisti
1781 714 1834 766 in
1869 715 2046 782 ﬁnem,
2092 717 2259 771 iratus

729 806 806 850 est
834 797 982 877 [uror
1025 807 1144 851 tuus
1177 807 1328 865 super
1359 815 1470 853 oves
1501 815 1704 868 pascua
1730 811 1829 856 tuae
1849 805 1934 856 ’⁸2
1958 819 2019 858 ac
2049 805 2103 859 in
2144 821 2260 860 me-

731 888 849 958 ipso
882 888 1078 942 dubius
1108 889 1392 956 haerebam,
1425 891 1608 946 isthch
1647 895 1926 950 revolvens
1957 913 1972 950 :
2013 895 2261 966 Nunquid

729 980 785 1033 in
819 989 1066 1032 internum
1108 980 1339 1048 projiciet
1388 981 1655 1048 Dominus,
1689 996 1780 1038 aut
1823 1003 1926 1038 non
1959 997 2177 1053 apponet
2206 995 2262 1038 ut

729 1073 1048 1137 complaceat
1076 1071 1280 1136 adhuc?
1312 1081 1363 1129 et
1397 1084 1616 1129 uetera.
1651 1075 1775 1130 Hac
1811 1063 2054 1144 cogitans
2087 1078 2264 1132 turba-

728 1159 864 1226 bar;
898 1163 989 1216 sed
1018 1163 1070 1214 in
1102 1165 1415 1218 memoriam
1447 1162 1750 1232 repetebam
1776 1164 1890 1220 dies
1919 1167 2183 1238 antiquos,
2212 1174 2265 1222 et

633 1271 638 1278 -
729 1261 902 1303 annos
940 1259 1170 1308 aeternos
1201 1265 1266 1303 ex
1288 1252 1455 1303 veteri
1501 1250 1776 1318 Scriptura
1810 1266 2016 1305 mecum
2047 1259 2264 1321 reputa-

729 1335 876 1401 bam,
911 1339 1126 1408 quoties
1154 1338 1402 1392 videlicet
1427 1353 1547 1392 cum
1577 1339 1724 1407 ipsos
1743 1340 1947 1409 peccati
1976 1354 2137 1396 causa
2166 1341 2263 1395 abo

723 1426 966 1494 iecisset,
994 1428 1207 1481 reduxit
1242 1432 1450 1498 tamen;
1483 1439 1534 1482 et
1569 1443 1689 1482 cum
1719 1430 1880 1499 impie
1919 1423 2262 1500 agentes'bo-

730 1517 909 1570 stibus
948 1518 1282 1583 tradidisset,
1337 1519 1529 1572 iterum
1579 1522 1799 1589 recepit.
1842 1520 1950 1576 Cur
1981 1536 2106 1591 ergo
2141 1537 2263 1576 cum

729 1608 858 1662 olim
893 1615 1014 1678 post
1056 1610 1234 1678 gravia
1275 1611 1475 1664 scelera
1505 1619 1780 1666 revocaret
1809 1627 1923 1676 eos,
1960 1627 2130 1682 neque
2174 1627 2262 1666 re-

729 1698 953 1766 pelleret
1001 1699 1055 1752 in
1097 1700 1255 1754 linem
1307 1715 1407 1754 nec
1459 1701 1799 1754 abscinderet
1843 1701 2264 1757 misericordiam

732 1804 918 1857 suam;
957 1791 1091 1844 nihil
1117 1794 1222 1847 tale
1249 1793 1360 1861 jam
1388 1792 1567 1857 faciet,
1615 1803 1668 1850 et
1698 1796 2043 1853 humanitatis
2082 1798 2266 1868 pristi-

2357 713 2613 782 ὠργίσθη
2636 715 2640 722 ’
2665 717 2697 767 ὁ
2745 712 2926 782 θυμός
2967 726 3082 766 σου
3111 711 3208 765 ἐπὶ
3238 713 3494 780 πρόϐατα
3519 710 3708 779 νομῆς
3744 729 3853 774 acu;

2356 805 2649 875 ὲνηπόρουν
2687 803 2742 856 δὲ
2771 804 2903 874 πρὸς
2933 804 3162 873 ἐμαυτὸν
3184 801 3551 872 διανοούμενος
3573 802 3766 855 ταῦτα·
3789 808 3854 870 Μὴ

2356 897 2442 960 είς
2460 895 2598 961 τοὺς
2612 893 2825 960 αὶιῖηθας
2847 893 3139 948 ἀπώσεται
3158 896 3388 963 Κύριος,
3405 893 3442 961 ἢ
3478 896 3548 947 οὐ
3572 895 3854 962 προσθήσει

2357 985 2462 1039 τοῦ
2492 983 2807 1052 εὐδοκῆσαι
2833 985 2917 1038 ἔτι
2931 1001 2949 1048 ;
2974 985 3066 1038 καὶ
3087 985 3153 1037 τὰ
3185 984 3327 1054 ἑξῆς.
3356 983 3538 1037 Ταῦτα
3560 984 3856 1054 λογιζόμενος

2361 1074 2726 1145 ἐταραττόμην
2746 1092 2758 1104 ·
2797 1074 2910 1127 ἀλλ’
2934 1075 3122 1146 ἔφερόν
3159 1092 3215 1128 τε
3237 1077 3300 1145 τῇ
3328 1075 3514 1146 μνήμῃ
3542 1075 3642 1137 τὰς
3670 1075 3856 1136 παλαιὰς

2361 1164 2568 1234 ἡμέρας
2589 1165 2680 1217 καὶ
2706 1164 2773 1216 τὰ
2791 1163 2848 1229 ἐξ
2869 1163 3057 1226 αἰῶνος
3083 1163 3174 1234 ἐτη
3199 1164 3304 1216 ἀπὸ
3329 1164 3436 1216 τῶν
3462 1163 3702 1219 παλαιῶν
3723 1163 3858 1234 Γραμ-

2366 1255 2544 1325 μάτων
2577 1255 2980 1324 ἀναλεγόμενος,
3014 1255 3196 1317 ὁσάκις
3242 1255 3663 1324 ἁμαρτήσαντας
3705 1255 3857 1315 αὐτοὺς

2361 1344 2661 1407 ἀποϐαλὼν,
2692 1346 3048 1414 ἐπανήγαγεν,
3075 1345 3165 1398 καὶ
3187 1343 3457 1414 πολεμίοις
3482 1343 3744 1413 παραδοὺς
3762 1344 3855 1395 ἀσε-

2361 1433 2602 1498 ϐοῦντας,
2639 1430 2791 1499 αὖθις
2819 1436 3169 1506 ἀνεκτήσατο.
3191 1434 3254 1487 Τί
3281 1430 3370 1488 οὖν
3395 1434 3558 1488 πάλαι
3580 1435 3678 1505 μὲν
3705 1434 3858 1494 abeat;

2363 1525 2455 1578 καὶ
2491 1526 2626 1595 μετὰ
2655 1526 2828 1589 δεινὰς
2857 1525 3231 1597 πλημμηλείας
3257 1526 3582 1590 ἀνεκαλεῖτο,
3620 1526 3693 1596 μὴ
3713 1528 3781 1586 εἰς
3799 1525 3862 1574 τέ-

2361 1615 2448 1676 λος
2480 1616 2874 1687 ἀπωθούμενος,
2908 1616 3039 1686 μηδὲ
3079 1616 3397 1669 ἀποκόπτων
3427 1616 3487 1668 τὸ
3516 1616 3664 1679 ἔλεος
3701 1614 3857 1668 αὑτοῦ·

2362 1701 2456 1755 νῦν
2480 1703 2535 1755 δὲ
2566 1703 2710 1756 οὐδὲν
2734 1703 2932 1756 τούτων
2959 1704 3187 1774 ποιήσει,
3211 1703 3376 1775 λήθην
3398 1703 3454 1756 δὲ
3480 1703 3589 1770 ἔξει
3621 1704 3716 1773 τῆς
3737 1701 3859 1756 αὐτο]

2364 1791 2760 1862 φιλανθρωπίας
2791 1793 2883 1845 καὶ
2918 1793 3224 1863 ἐπιλήσεται
3256 1792 3345 1845 τοῦ
3379 1793 3711 1863 οίκτειρῆσαι
3739 1794 3764 1845 6
3790 1810 3863 1861 μει-

731 1895 814 1933 nae
858 1881 1346 1950 misericordiaque
1391 1883 1762 1948 obliviscetur,
1814 1887 1905 1955 qui
1953 1867 2161 1956 patiens
2211 1895 2265 1942 et

2368 1880 2626 1951 κρόθυμος
2657 1881 2748 1934 καὶ
2785 1880 3062 1945 πολυέλεος
3107 1881 3200 1934 καὶ
3249 1881 3668 1952 φιλοικτίρμων;
3715 1880 3862 1932 Ταῦτα

729 1971 910 2024 multa:
947 1972 1345 2036 misericordiae,
1394 1979 1446 2027 et
1493 1973 1894 2029 miserationum
1937 1991 2123 2032 amans
2150 1979 2267 2032 est?

731 2059 855 2116 Haec
887 2070 1043 2116 nocte
1085 2078 1291 2116 mecum
1326 2064 1659 2132 reputabam,
1693 2073 1746 2120 et
1794 2067 2076 2135 scopebam
2109 2068 2266 2137 spiri-

730 2156 846 2201 tum
871 2163 1067 2212 meum,
1097 2165 1244 2206 meas
1274 2151 1480 2206 scilicet
1503 2154 1854 2223 cogitationes
1875 2157 2186 2211 examinans
2215 2166 2268 2211 et

731 2238 1041 2306 explorans,
1092 2239 1513 2311 discernensque
1561 2244 1830 2313 spiritum,
1874 2262 2002 2301 num
2036 2248 2162 2316 quid
2200 2247 2266 2301 ad

735 2326 1018 2382 dubiorum
1066 2331 1388 2386 solutionem
1437 2333 1746 2402 subjiceret.
1789 2333 1895 2388 Pro
1941 2338 2032 2390 illo
2067 2346 2264 2404 autem,

736 2420 1141 2487 anticipaverunt
1166 2422 1369 2491 vigilias
1394 2424 1529 2476 oculi
1559 2425 1678 2487 mei,
1709 2424 2083 2494 Symmachus,
2111 2429 2270 2495 impe-

641 2511 645 2515 ’
734 2510 963 2574 diebant,
993 2514 1188 2581 inquit,
1231 2531 1437 2567 sursum
1475 2516 1699 2581 aspicere
1741 2518 1874 2570 oculi
1922 2519 2039 2572 mei.
2091 2520 2147 2573 In
2185 2535 2269 2575 me

734 2617 966 2671 namque
1001 2609 1078 2656 tot
1107 2605 1456 2672 cogitationes
1485 2609 1742 2679 colligens
1769 2608 2117 2664 occludebam
2137 2621 2268 2666 oon-

735 2693 818 2747 los
857 2708 1026 2758 meos,
1070 2702 1125 2748 ut
1171 2711 1238 2750 ne
1271 2696 1326 2765 in
1373 2699 1649 2753 sensibilia
1687 2700 1985 2769 impingens
2017 2717 2046 2754 a
2077 2716 2270 2772 propo-

737 2784 842 2840 sito
871 2786 1183 2841 abduceret.
1218 2786 1431 2844 Clausis
1479 2790 1658 2860 itaque
1703 2792 1945 2861 corporis
1977 2792 2170 2855 oculis,
2216 2792 2269 2845 in

736 2877 944 2948 meipso
983 2878 1180 2933 dubius
1217 2879 1502 2943 haerebam,
1543 2896 1650 2934 non
1697 2897 1829 2935 voce
1872 2881 2116 2950 loquens,
2162 2897 2270 2936 non

737 2968 901 3020 alium
960 2969 1320 3038 compellans,
1383 2971 1476 3024 sed
1529 2971 1644 3041 ipse
1695 2988 1904 3027 mecum
1952 2977 2266 3045 cogitabam.

737 3057 914 3121 Quare
950 3072 1048 3126 pro
1079 3058 1194 3121 illo,
1237 3058 1500 3113 Turbatus
1529 3077 1663 3126 sum,
1698 3072 1746 3115 et
1778 3075 1879 3116 non
1908 3080 2022 3117 sum
2048 3064 2266 3127 locutus,

2369 1970 2552 2031 νυκτὸς
2596 1969 2727 2040 πρὸς
2771 1970 2996 2039 ἐμαυτὸν
3039 1969 3425 2041 διελογιζόμην,
3459 1970 3644 2023 καὶτὸ
3689 1968 3865 2036 πνεῦμά

2368 2076 2485 2128 μου·
2509 2059 2782 2124 ἔσκαλλον,
2809 2060 3090 2131 διερευνῶν
3121 2061 3212 2114 καὶ
3240 2060 3540 2131 βασανίζων
3575 2060 3699 2121 τοὺς
3728 2061 3864 2128 sps:

2364 2149 2455 2201 τοῦ
2499 2151 2801 2220 λογισμοὺς,
2837 2151 3133 2222 ἀνακρίνων
3182 2168 3240 2203 τε
3271 2150 3332 2204 τὸ
3360 2150 3591 2220 πνεῦμα,
3622 2149 3676 2203 εί
3701 2167 3748 2202 τι
3789 2151 3866 2218 ἄρα

2367 2239 2617 2292 ὑποὸἀλοι
2659 2241 2792 2310 πρὸς
2830 2240 3119 2311 θεραπείαν
3146 2241 3252 2294 τῶν
3282 2241 3658 2311 ἠπορημένων.
3677 2240 3804 2292 ’Δντὶ
3827 2240 3864 2290 δὲ

2365 2331 2478 2392 τοῦ,
2506 2329 3013 2399 Προκατελάόοντο
3041 2325 3311 2400 φυλακὰς
3350 2333 3404 2384 οί
3436 2330 3724 2398 ὀφθαλμοί
3757 2347 3864 2398 μου,

2365 2423 2392 2474 ὁ
2433 2421 2738 2492 Σύμμαχος,
2757 2420 3064 2484 Ἐκώλυον,
3111 2422 3261 2491 φησι,
3304 2422 3410 2489 τὰς
3456 2422 3799 2490 ἀντιϐλέψεις
3830 2424 3866 2474 al

2367 2513 2653 2581 ὀφθαλμοί
2674 2530 2809 2581 μου.
2841 2512 3088 2581 Συνάγων
3118 2511 3220 2583 γὰρ
3241 2514 3321 2577 είς
3345 2513 3575 2584 ἐμαυτὸν
3595 2513 3718 2576 τοὺς
3736 2517 3867 2582 ἐμαυ-

2365 2604 2456 2656 τοῦ
2495 2604 2798 2674 λογισμοὺς,
2830 2604 2989 2674 ἔμυον
3016 2605 3085 2657 τά
3113 2606 3348 2675 ὄμματα,
3374 2604 3448 2667 ὡς
3471 2605 3536 2658 ἂν
3571 2606 3644 2676 μὴ
3679 2608 3782 2667 τοῖς
3809 2607 3868 2657 al-

2369 2695 2578 2765 σθητοῖς
2618 2695 2948 2765 προσάλλων,
2978 2697 3355 2768 περιελκοίμην
3398 2695 3488 2749 τοῦ
3523 2696 3866 2767 προκειμένου.

2367 2787 2530 2838 Μύων
2560 2783 2650 2838 οὖν
2676 2788 2799 2849 τοὺς
2830 2786 3133 2857 ὀφθαλμοὺς
3159 2786 3252 2840 τοῦ
3279 2785 3545 2858 σώματος,
3579 2787 3712 2856 πρὸς
3730 2789 3866 2855 ἐμαυ-

2367 2875 2456 2926 τὸν
2479 2875 2780 2946 διηπόρουν,
2808 2878 2866 2928 οὺ
2892 2879 3040 2947 φωνῇ
3063 2876 3438 2947 φθεγγόμενος,
3471 2875 3591 2928 οὐδὲ
3623 2876 3751 2945 πρὸς
3782 2877 3871 2928 ιτε-

2373 2983 2459 3037 ρον
2488 2967 2679 3030 λαλῶν,
2706 2966 2866 3029 αὐτὸς
2895 2968 2950 3020 δὲ
2991 2967 3124 3038 πρὸς
3154 2967 3384 3043 ,ἐμαυτὸν
3410 2967 3624 3020 ὲννοιῖιν.
3653 2967 3740 3019 Διὸ
3779 2967 3872 3019 ἀντὶ

2368 3058 2481 3121 τοῦ,
2499 3057 2882 3127 Ἐταράχθηνν
2900 3059 2995 3112 καὶ
3038 3061 3145 3113 οὐκ
3174 3057 3462 3126 ἐλάλησα,
3490 3059 3586 3112 καὶ
3624 3059 3726 3114 τῶν
3752 3059 3871 3126 ἑῆς,

737 3156 791 3203 et
811 3148 1038 3210 caeteris,
1083 3147 1223 3218 apud
1259 3148 1644 3219 Symmachum
1678 3153 1892 3217 dicitur,
1936 3154 2268 3222 Dubitabam,

2371 3149 2514 3220 παρά
2533 3148 2606 3218 τῷ
2622 3149 2895 3219 Συμμάίῳ
2915 3147 3122 3218 εἴρηται
3136 3164 3148 3177 ·
3168 3148 3511 3214 Διηπόρουν,
3532 3149 3626 3200 καὶ
3644 3150 3750 3201 οὐκ
3765 3148 3873 3200 ἐλά-

737 3247 787 3292 et
811 3255 912 3291 non
937 3238 1135 3292 locutus
1164 3256 1295 3293 sum.
1323 3270 1393 3281 ——
1414 3239 1579 3297 Vsus.
1612 3240 1666 3307 6,
1699 3243 1748 3294 7.
1780 3241 2140 3312 Recogitabam
2160 3245 2268 3298 dies

711 3330 1002 3398 pristinos,
1038 3346 1199 3383 annos
1236 3331 1324 3401 qui
1353 3349 1385 3383 a
1417 3334 1606 3386 saeculo
1631 3342 1749 3386 sunt
1778 3334 1831 3386 in
1863 3318 2160 3389 memoriam
2188 3353 2270 3390 re-

736 3421 1004 3477 oocabam.
1038 3421 1139 3475 Sed
1185 3422 1413 3492 psalmos
1454 3440 1592 3479 meos
1625 3433 1778 3476 noctu
1824 3441 1940 3477 cum
1970 3425 2119 3480 corde
2160 3445 2270 3481 meo

663 3500 668 3508 ’
735 3511 1054 3565 recitabam:
1082 3512 1130 3565 et
1155 3513 1230 3566 vir
1262 3528 1487 3580 prwsens
1519 3522 1629 3566 erat
1673 3515 1885 3582 spiritus
1935 3532 2095 3572 meus.
2131 3515 2266 3571 Cum

679 3585 683 3591 ί
733 3602 813 3658 ita
851 3602 1073 3672 pervigil
1100 3603 1365 3672 degerem,
1395 3605 1447 3658 et
1482 3611 1664 3660 noctes
1698 3605 1968 3664 insomnes
1999 3608 2266 3672 ducerem,

736 3706 801 3746 ea
843 3691 1073 3745 sollicite
1118 3691 1394 3744 volvebam
1442 3693 1640 3757 animo,
1671 3709 1789 3762 qua:
1839 3697 2088 3764 superius
2131 3697 2272 3751 dicta

738 3780 865 3834 Sunt
894 3799 904 3832 :
931 3779 1095 3844 Quasi
1132 3780 1184 3831 in
1221 3779 1352 3832 silua
1383 3780 1637 3849 lignorum
1676 3783 1935 3846 securibus
1975 3785 2272 3837 exciderunt

729 3869 926 3936 januas
946 3868 1059 3935 ejus
1089 3868 1141 3920 in
1171 3867 1411 3934 idipsum,
1439 3869 1492 3920 in
1521 3871 1685 3922 securi
1723 3880 1770 3922 et
1804 3872 1945 3924 ascia
1967 3873 2270 3941 diruperunt

740 3974 873 4011 eam.
911 3956 978 4010 In
1011 3967 1148 4010 terra
1175 3957 1468 4023 polluerunt
1504 3959 1895 4013 tabernaculum
1926 3964 2146 4016 nominis
2173 3965 2271 4016 tui.

738 4047 992 4100 Dixerunt
1048 4049 1100 4100 in
1144 4036 1296 4101 corde
1337 4064 1428 4102 suo
1476 4051 1801 4118 cognationes
1853 4068 2029 4106 eorum
2085 4056 2273 4108 simul:

741 4138 1013 4204 Quiescere
1064 4140 1316 4207 faciamus
1364 4140 1470 4193 dies
1513 4141 1668 4207 festos
1717 4142 1810 4196 Dei
1851 4160 1882 4195 a
1915 4150 2071 4199 terra.
2117 4144 2276 4215 Signa

735 4239 918 4284 nostra
945 4247 1044 4282 non
1076 4229 1315 4305 vidimus,
1337 4230 1451 4298 jam
1473 4247 1574 4282 non
1593 4224 1948 4301 estpropheta,
1970 4243 2018 4288 et
2049 4252 2140 4289 nos
2175 4253 2275 4288 non

737 4327 1003 4389 cognoscet
1041 4321 1260 4386 amplius
1293 4320 1353 4370 '-".
1392 4320 1561 4376 Inhis
1585 4320 1743 4389 igitur
1784 4317 2113 4387 dubitabam,
2145 4339 2271 4377 num

737 4409 877 4462 mala
907 4408 1211 4478 hujusmodi
1253 4408 1524 4478 perpessis
1553 4411 1847 4464 remedium
1895 4411 2132 4466 futurum
2181 4417 2272 4469 sit.

738 4494 1142 4566 Verisimileque
1163 4504 1244 4552 est
1272 4497 1525 4560 ldithum,
1561 4512 1680 4552 cum
1709 4499 1908 4569 Asapbi
1940 4491 2268 4571 prophetiam

739 4585 997 4648 audisset,
1026 4595 1078 4640 et
1097 4588 1234 4640 talia
1253 4602 1433 4642 secum
1463 4595 1755 4658 reputaret,
1779 4589 2092 4658 prophetam
2117 4595 2269 4663 quasi
2301 4578 2349 4637 Ῐ)

737 4681 1052 4749 magistrum
1113 4681 1507 4752 interrogasse.
1555 4698 1635 4737 ac
1684 4683 2063 4753 interrogantis
2125 4703 2273 4742 more

737 4771 876 4825 hanc
927 4770 1157 4826 movisse
1209 4774 1554 4840 quaestionem
1595 4775 1773 4840 :Quid
1814 4775 2014 4845 igitur,
2070 4792 2102 4830 ο
2150 4793 2275 4846 pro-

738 4860 937 4934 pheta?
973 4874 1094 4912 cum
1131 4859 1241 4913 haec
1275 4861 1582 4929 prophetice
1614 4863 1836 4927 dixeris,
1879 4865 2119 4941 ediscere
2148 4882 2274 4920 nos-

738 4967 901 5022 seque
929 4951 1085 5004 velim
1114 4969 1126 5003 :
1160 4981 1230 4991 -—
1261 4950 1425 5006 Vens.
1459 4953 1605 5006 8-10.
1640 4953 1887 5024 Nunquid
1921 4958 1976 5010 in
2024 4966 2272 5011 aeternum

735 5044 970 5112 projiciet
1016 5041 1286 5104 Dominus,
1306 5053 1354 5098 et
1384 5061 1484 5096 non
1517 5053 1732 5111 apponet
1760 5056 1814 5096 ut
1835 5047 2150 5116 complaceat
2173 5047 2269 5099 ad~

739 5135 874 5188 huc?
901 5142 990 5185 aut
1021 5133 1074 5185 in
1104 5133 1256 5199 finem
1297 5134 1708 5188 misericordiam
1753 5151 1901 5188 suam
1939 5138 2207 5191 abscindet
2239 5154 2270 5189 a

739 5223 1064 5292 generatione
1107 5222 1160 5274 in
1189 5225 1604 5290 generationem?
1642 5233 1732 5276 aut
1762 5223 2086 5277 obliviscetur
2119 5226 2272 5277 mise-

740 5311 845 5363 reri
873 5309 1028 5375 Deus,
1076 5320 1167 5363 aut
1195 5296 1470 5364 continebit
1493 5315 1547 5365 in
1574 5315 1657 5366 ira
1690 5313 2070 5368 misericordias
2105 5315 2270 5368 suas?

714 5392 821 5455 'Ad
852 5399 984 5454 tales
1015 5403 1404 5470 propositiones
1441 5403 1618 5473 Asaph
1648 5403 1941 5456 doctrinam
1995 5420 2146 5458 suam
2183 5421 2274 5473 pa-

744 5494 900 5552 ravit,
931 5496 1190 5558 psalmum
1218 5507 1311 5559 pro
1334 5491 1448 5560 ipso
1471 5491 1700 5545 ldithum
1729 5494 2093 5558 conscribens,
2123 5511 2273 5548 eum-

748 5593 850 5647 que
883 5578 947 5632 ad
993 5579 1118 5632 talia
1145 5580 1367 5635 dicenda
1402 5581 1722 5636 instituens:
1763 5581 1888 5636 Voce
1927 5600 2035 5638 mea
2069 5585 2135 5638 ad
2172 5585 2272 5638 Do-

824 5735 841 5741 "
906 5729 1042 5795 Psal.
1078 5750 1277 5799 Lxxttl,
1314 5737 1361 5789 1.
1437 5737 1478 5767 7’
1521 5735 1672 5801 ihid.,
1706 5735 1819 5788 5—9.

2369 3241 2546 3304 λησα.
2570 3268 2640 3277 -
2670 3237 3101 3307 Ἂνελογιζόμην
3141 3239 3244 3302 τὰς
3270 3235 3486 3306 ἡμέρας
3518 3237 3626 3302 τὰς
3657 3237 3871 3304 πρόκας.
3948 3235 3949 3298 Ὺ

2369 3329 2438 3381 τὰ
2457 3330 2558 3397 ἐτη
2577 3329 2648 3383 τὰ
2666 3329 2763 3382 ἀπ’
2779 3327 2987 3394 αἰῶνος
3014 3329 3548 3397 ἀνεμιμνησκόμην.
3569 3327 3742 3380 Ἀλλὰ
3759 3331 3877 3394 ψαλ-

2363 3422 2514 3488 μούς
2538 3438 2654 3488 μου
2686 3418 2902 3485 νυκτὸς
2936 3419 3080 3488 πρὸς
3127 3419 3238 3488 τὴν
3277 3418 3519 3487 καρδίαν
3552 3436 3674 3487 μου
3713 3417 3874 3471 645M-

2369 3517 2518 3566 λουν
2541 3529 2553 3542 ο
2604 3511 2701 3564 καὶ
2748 3511 2912 3589 ἀνὴρ.
2943 3510 3145 3566 συνὼν
3185 3511 3251 3564 τὸ
3297 3509 3524 3579 πνεῦμά
3556 3527 3693 3578 μου.
3727 3507 3877 3568 ϋΰτως

2370 3587 2722 3676 ὲπαγρύπνως
2755 3587 3107 3674 διακείμενος,
3147 3603 3238 3656 καὶ
3276 3602 3371 3664 τὰς
3401 3601 3600 3663 νύκτας
3626 3600 3878 3669 διαγρηγο-

2373 3694 2497 3764 ρῶν,
2534 3691 2837 3762 ἐφρόντιζον
2870 3691 2995 3762 περὶ
3027 3690 3132 3743 τῶν
3163 3689 3465 3760 ἔμπροσθεν
3488 3689 3554 3742 δι’
3580 3683 3656 3743 ὧν
3687 3689 3875 3757 είρητο·

2382 3785 2472 3848 Ὠς
2509 3784 2576 3836 ἐν
2618 3781 2812 3852 δρυμῷ
2844 3782 3043 3845 ξύλων
3072 3781 3302 3845 ἀξίναις
3327 3779 3556 3847 ἔκοψαν
3594 3781 3700 3844 τὰς
3734 3780 3883 3845 θύρας

2371 3873 2555 3940 αὐτῆς
2587 3873 2681 3926 ἐπὶ
2713 3872 2777 3924 τὸ
2807 3870 2970 3935 αὐτὸ,
3003 3869 3214 3922 πέλυκι
3241 3869 3356 3944 ⁴αἰαὶ
3403 3867 3764 3934 λαξευτηρίῳ
3802 3884 3877 3919 κα-

2371 3962 2655 4031 τέρῤαξαν
2708 3961 2915 4026 αὐτήν.
2963 3962 3064 4025 Εις
3103 3958 3216 4026 τὴν
3259 3958 3373 4029 γῆν
3424 3959 3797 4023 ὲὸεσὴλωσαγ
3832 3958 3877 4009 τὸ

2371 4053 2653 4121 σκήνωμα
2694 4052 2791 4106 τοῦ
2820 4049 3102 4119 ὀνόματός
3141 4063 3275 4103 σου.
3305 4043 3495 4102 Εἶπαν
3517 4049 3587 4101 ἐν
3607 4047 3681 4116 τῇ
3707 4048 3879 4117 καρδίᾳ

2359 4142 2564 4196 αὐτῶν
2594 4145 2651 4195 al
2683 4141 3015 4211 vomer-stat
3060 4137 3255 4193 αὐτῶν
3279 4138 3375 4191 ἐπὶ
3421 4137 3486 4190 τὸ
3533 4137 3704 4190 αὐτό·
3729 4139 3880 4189 Kara-

2373 4233 2689 4300 παὺσωμεν
2714 4232 2816 4297 τὰς
2852 4229 3057 4299 ἑορτὰς
3088 4229 3191 4282 τοῦ
3221 4229 3364 4282 Θεοῦ
3397 4227 3510 4282 ἀπὸ
3538 4227 3653 4294 τῆς
3673 4227 3794 4295 m’c.
3827 4226 3882 4276 Ta

2373 4319 2586 4389 σημεῖα
2626 4318 2790 4387 ἡμῶν
2827 4321 2935 4372 οὐκ
2954 4318 3210 4386 δίδομεν,
3238 4319 3344 4371 οὐκ
3377 4317 3542 4370 ἐστιν
3569 4316 3662 4369 ἐτι
3692 4312 3880 4381 apo-.31?

2376 4428 2500 4477 της,
2530 4409 2624 4461 καὶ
2673 4407 2823 4476 ἡμᾶς
2858 4401 2928 4461 οὐ
2970 4407 3248 4476 τιν’ώσεται
3289 4402 3529 4480 genteri
3573 4407 3778 4464 τούτοις
3813 4397 3884 4454 οὖν

2374 4498 2678 4568 διηπόρουν,
2695 4499 2742 4549 εί
2769 4495 3025 4568 θεραπεία
3050 4494 3198 4549 ἔσται
3223 4498 3332 4558 τοῖς
3355 4495 3525 4549 ταῦτα
3544 4491 3879 4546 πεπονθόσι¹τὰ

2375 4591 2535 4644 κακά.
2560 4589 2670 4642 Καὶ
2699 4588 2842 4651 εἰκός
2861 4604 2923 4657 γε
2951 4583 3018 4657 ἦν
3046 4586 3136 4639 τὸν
3161 4586 3396 4657 Ἰδιοοὺμ.
3417 4585 3787 4639 ἐπακούσαντα
3808 4583 3880 4650 τῆς

2374 4682 2464 4734 τοῦ
2505 4681 2671 4748 Ἀσάφ
2699 4678 3044 4751 προφητείας,
3071 4676 3353 4732 καὶταῦτα
3393 4676 3523 4748 πρὸς
3553 4676 3743 4727 ἑαυτὸν
3772 4674 3882 4740 λογι-

2376 4773 2622 4842 σάμενον,
2658 4769 2996 4840 ἐπαπορῆσαι
3035 4767 3168 4839 πρὸς
3217 4767 3305 4821 τὸν
3362 4766 3638 4839 προφήτην
3669 4765 3742 4828 ὡς
3777 4764 3881 4833 πρὸς

2372 4861 2697 4923 διδάσκαλον,
2748 4859 3006 4931 ἐρώτησιν
3065 4872 3124 4912 τε
3179 4857 3325 4926 αὐτῷ
3388 4857 3770 4926 προσαγαγεῖν,
3813 4854 3879 4903 καὶ

2373 4952 2555 5022 ὥσπερ
2598 4953 2715 5004 τινὰ
2750 4951 3088 5020 προτείνοντα
3121 4948 3374 5018 πρότασιν
3414 4945 3603 5013 φάναι*
3639 4944 3705 4995 Τί
3734 4940 3827 5002 οὖν,
3851 4936 3878 4990 «ζ

2376 5046 2651 5115 προφῆτα;
2675 5043 2854 5112 ἐπειδὴ
2871 5041 3038 5093 ταῦτα
3061 5036 3480 5111 προεφήτευσας,
3505 5036 3762 5108 βούλομαι
3785 5036 3881 5102 ΤΑ)-

2375 5153 2459 5187 ναι
2489 5136 2578 5188 καὶ
2607 5125 2816 5204 μαθεῖν,
2849 5130 2940 5197 Μὴ
2969 5133 3054 5196 είς
3078 5130 3214 5193 τοὺς
3240 5126 3452 5192 αίῶνας
3487 5126 3778 5181 ἀπώσεται
3798 5127 3880 5177 δι’·

2367 5243 2516 5290 μσς,
2546 5224 2642 5278 καὶ
2673 5225 2741 5277 οὐ
2763 5219 3087 5290 προσθήσει
3118 5217 3220 5271 τοῦ
3253 5216 3570 5284 εὐδοκῆσαι
3605 5220 3728 5281 5n;
3758 5216 3791 5280 ἢ
3820 5219 3880 5270 5.5:

2377 5315 2543 5379 τέλος
2565 5315 2625 5366 τὸ
2654 5314 2820 5376 ἕλεος
2838 5309 3017 5364 αὑτοῦ
3038 5309 3322 5375 ἀποκόψει
3345 5309 3460 5362 ἀπὸ
3481 5309 3691 5378 γενεᾶς
3714 5308 3793 5368 είς
3813 5319 3879 5370 ττ-

2373 5406 2548 5464 νεὰν;
2591 5403 2626 5466 ἢ
2670 5402 3013 5468 ἐπιλήσεται
3053 5399 3158 5454 τοῦ
3201 5397 3556 5467 είκτειρῆσαι
3606 5402 3640 5451 ὁ
3687 5392 3878 5456 Oed-(.9

2373 5496 2609 5559 συνέξει
2642 5494 2708 5545 ἐν
2747 5492 2822 5558 τῇ
2855 5491 2997 5560 ὀργῇ
3034 5491 3172 5556 τοὺς
3197 5489 3532 5571 οἰκτιρμοὺς
3563 5485 3775 5545 att-toﬁ;
3803 5481 3879 5534 Ks‘:

2371 5588 2432 5658 δὴ
2487 5585 2618 5656 πρὸς
2659 5582 2856 5646 ταύτας
2902 5581 2997 5646 τὰς
3045 5581 3328 5652 προτάσεις
3370 5580 3468 5648 τὴν
3518 5573 3878 5631 διδασκαλίανὲ
