3976 6350
81 466 193 523 895
1182 458 1675 517 COMMENTARIA
1711 457 1778 514 IN
1814 453 2148 512 PSALMOS.
3152 433 3252 490 ενι

91 581 270 652 ’Δσὰφ
316 582 567 648 ἐποιεῖτο,
608 581 742 652 ὑπὲρ
790 578 951 634 αὐτοῦ
995 577 1087 632 τοῦ
1131 578 1359 650 Ἱδιθούμ
1401 579 1622 650 γράφων

1726 577 1918 630 minum
1939 571 2182 636 clamavi,
2212 585 2328 623 voce
2353 585 2466 622 mea
2485 567 2552 621 ad
2574 567 2760 628 Deum,
2787 557 3078 637 etintendit
3099 554 3253 618 milii,

80 673 176 726 τὸν
204 674 428 744 ψαλμὸν,
462 651 720 726 διδάσκων
753 691 814 726 τε
847 672 1002 726 αὐτὸν
1048 671 1256 738 λέγειν·
1304 669 1472 738 Φωνῇ
1505 687 1620 739 μου

1726 675 2018 735 auctorque
2048 664 2125 718 illi
2157 670 2259 724 est,
2296 669 2353 714 ut
2386 675 2453 713 ne
2487 659 2576 715 Dei
2603 657 2828 712 consilia
2860 651 3131 707 curiosius
3162 662 3258 701 ex-

78 738 236 829 πρὸς
281 738 382 816 τον
428 765 639 831 Κύριον
659 763 959 830 ἐκέκραξα,
990 760 1154 829 φωνῇ
1193 778 1308 828 μου
1349 738 1624 828 πρὸςίτὸν

1726 759 1912 828 ploret,
1967 756 2060 810 sed
2087 753 2420 810 orationibus
2446 759 2616 835 va/cet,
2657 750 2829 818 iisque
2857 744 2987 799 solis
3017 738 3262 794 intendat

81 852 256 914 Θεὸν,
280 853 374 905 καὶ
400 829 696 921 προσέσχε
827 867 840 880 '
872 849 1134 902 παιδεύων
1154 849 1225 918 μὴ
1246 849 1625 918 πολυπραγμο-

1726 846 1980 908 animum,
2017 843 2199 914 pietati
2241 842 2474 894 deditum
2497 829 2581 893 ἐι
2613 837 2812 908 judicia
2850 833 2939 886 Dei
2988 829 3263 885 celebran-

77 946 190 994 νεῖν
218 943 316 1003 τὰς
346 918 448 996 τοῦή
470 943 601 996 Θεοῦ
630 918 820 1011 βουλάς
840 958 852 970 ·
902 938 1082 1011 εὐχαῖς
1113 939 1166 992 δὲ
1201 939 1492 1009 σχολάζειν,
1535 939 1625 991 καὶ

1726 945 1851 990 tem.
1901 933 2032 986 Nam
2076 929 2611 996 incomprehensibilia
2650 935 2776 982 sunt
2798 923 3012 993 judicia-
3029 918 3162 985 ejus,
3209 922 3259 969 et

74 1031 303 1096 ταύταις
347 1035 526 1101 μόναις
572 1033 848 1103 προσέχειν
898 1033 986 1084 τὸν
1035 1031 1154 1084 νοῦν
1182 1029 1497 1082 εὐσεϐοῦντα
1537 1029 1628 1081 καὶ

1726 1024 2102 1095 inuestigabiles
2132 1025 2225 1076 vim
2247 1023 2356 1090 ejus
2377 1021 2442 1073 ⁸ο.

74 1093 425 1194 εὐφημοῦντα
467 1093 559 1174 τοῦ
610 1093 769 1173 Θεοῦ..
791 1121 889 1183 τὰς
935 1120 1156 1190 κρίσεις.
1190 1118 1628 1185 Ὰνεξερεύνητα
1659 1114 1762 1183 γὰρ
1790 1114 1862 1167 τὰ
1884 1093 2128 1182 κρίματα
2155 1111 2356 1174 αὐτοῦ,
2417 1107 2512 1161 καὶ
2543 1105 2974 1181 ἀνεξιχνίαστοι
3025 1101 3083 1152 al
3136 1093 3261 1151 ὁδοὶ

73 1217 286 1270 αὑτοῦ.

150 1310 262 1362 Καὶ
315 1305 466 1372 εἶπα,
509 1309 636 1362 Νῦν
684 1307 987 1376 ἠρξάμην·
1027 1306 1174 1373 αὕτη
1214 1306 1251 1372 ἡ
1303 1305 1620 1366 ἀλλοίωσις

78 1397 196 1464 τῆς
226 1399 419 1462 δεξιᾶς
451 1399 555 1451 τοῦ
585 1400 880 1466 Ὑψίστου.
900 1399 1040 1451 Ἀντὶ
1069 1398 1254 1452 τούτου
1290 1398 1317 1448 ὁ
1353 1397 1446 1466 μὲν
1477 1395 1624 1446 Ἀκύ-

76 1488 200 1551 λας,
249 1490 355 1544 Καὶ
402 1485 555 1552 εἶπα,
603 1490 1080 1560 φησὶν,ἀρρωστία
1124 1505 1270 1558 μου’
1318 1486 1466 1552 αὕτη
1511 1485 1621 1537 ἁλ-

76 1581 326 1644 λοίωσις
351 1579 546 1644 δεξιᾶς
585 1581 858 1650 Ὑψίστου
878 1599 890 1610 ·
921 1583 948 1632 ὁ
978 1580 1032 1632 δὲ
1065 1580 1369 1650 Σύμμαχος,
1409 1574 1624 1645 Τρῶσίς

71 1687 199 1737 μου
231 1671 395 1724 ἐστὶν
425 1671 866 1739 ἐπιδευτέρωσις
898 1670 1094 1736 δεξιᾶς
1117 1671 1220 1723 τοῦ
1263 1669 1533 1736 Ὑψίστου
1552 1684 1564 1696 ο
1586 1669 1618 1735 ἡ

75 1757 134 1810 δὲ
191 1757 410 1828 πέμπτη
460 1758 682 1821 ἔκδοσις,
723 1759 832 1812 Καὶ
873 1755 1027 1820 εἶπα,
1063 1759 1242 1827 φησὶν,
1274 1756 1476 1819 ὠδῒνές
1507 1773 1630 1822 μου·

73 1845 241 1898 εἰσιν
294 1847 610 1910 ἀλλοίωσις
651 1845 848 1910 δεξιᾶς
879 1847 982 1901 τοῦ
1016 1848 1310 1914 Ὑψίστου.
1340 1845 1478 1914 Πρὸς
1515 1847 1624 1906 τοῖς

1792 1295 1959 1350 Vens.
1992 1295 2079 1347 Η.
2125 1291 2346 1354 Etdixi,
2382 1289 2535 1342 Nunc
2566 1286 2713 1354 coepi,
2749 1285 2855 1337 lucc
2881 1279 3099 1334 mutatio
3134 1273 3262 1328 dea;-

1721 1397 1844 1440 terw
1870 1383 2151 1437 Altissimi.
2183 1381 2290 1434 Pro
2319 1381 2411 1433 illo
2440 1387 2618 1432 autem
2651 1377 2729 1431 sic
2761 1372 2951 1442 Aquila
2995 1369 3145 1430 dicit,
3187 1363 3260 1418 Et

1717 1477 1850 1537 dixi.
1912 1475 2197 1542 inﬁrmitas
2246 1490 2358 1526 mea
2383 1489 2400 1524 :
2429 1471 2537 1524 lucc
2584 1468 2803 1531 multatio
2836 1464 3056 1517 dexterae
3090 1457 3258 1511 Altis-

1721 1567 1876 1628 simi;
1909 1563 2262 1634 Symmachus
2306 1576 2453 1622 vero,
2490 1560 2686 1612 Vulnus
2732 1571 2899 1609 meum
2932 1561 3008 1606 est
3053 1545 3261 1603 iteratio

1722 1657 1944 1710 dextera:
1996 1654 2285 1715 Altissimi;
2327 1652 2513 1720 quinta
2553 1656 2729 1701 autem
2781 1645 2986 1712 editio:
3018 1641 3085 1695 Et
3125 1638 3260 1702 dixi,

1726 1742 1919 1811 inquit,
1949 1740 2150 1792 dolores
2194 1739 2292 1791 mei
2322 1747 2439 1790 sunt
2469 1736 2688 1788 mutatio
2721 1733 2947 1786 dextera:
2982 1728 3260 1801 Altissimi.

1725 1834 1802 1886 Ad
1836 1832 2107 1902 proposita
2139 1831 2248 1900 jam
2278 1829 2461 1892 dubia,
2492 1829 2603 1883 haec
2647 1828 2794 1887 item,
2829 1823 3024 1891 inquit,
3054 1833 3263 1874 mecum

75 1936 551 2005 προηπορημένοις
575 1938 666 1988 καὶ
696 1936 889 1998 ταῦτα,
915 1912 1222 2006 φησὶν-πρὸς
1251 1912 1482 2002 ἐμαυτὸν
1544 1935 1626 1984 ὲν-

1727 1924 2059 1994 reputabam,
2090 1922 2442 1992 cogitationes
2470 1921 2675 1974 scilicet
2700 1917 2820 1971 illas
2849 1914 3000 1984 queis
3025 1914 3134 1981 jam
3165 1912 3265 1965 du-

87 2023 301 2085 ενόουν,
335 2025 412 2076 ὅτι
452 2025 501 2075 οἱ
537 2023 762 2075 τοιοῦτοι
800 2024 1067 2090 λογισμοὶ,
1105 2023 1171 2075 δι’
1210 2017 1283 2075 ὧν
1299 2023 1497 2092 ἀρτίως
1531 2023 1625 2072 ὲπ-

76 2114 346 2183 ηπόρουν,
376 2115 648 2184 ἀρρωστία
690 2131 787 2182 μου
813 2116 967 2177 είσὶν,
997 2114 1028 2184 ἢ
1059 2114 1238 2176 ὠδῖνες
1265 2115 1415 2177 εἰσὶν,
1441 2110 1625 2182 ἢτρὼ-

77 2220 198 2266 σεις
235 2203 332 2272 μού
370 2205 624 2268 είσιν.Ἐξ
651 2204 926 2276 ἀσθενείας
955 2203 1061 2276 γὰρ
1088 2204 1261 2274 ψυχῆς
1293 2205 1414 2266 τοὺς
1453 2203 1625 2263 τοιούέ

78 2309 214 2355 τους
244 2296 554 2364 προήκαμεν
581 2294 785 2361 λόγους,
805 2295 899 2348 καὶ
929 2295 1032 2347 ἀπὺ
1056 2294 1301 2366 τρώσεως
1323 2295 1519 2365 ψυχῆς·
1547 2312 1627 2347 τε-

75 2385 361 2453 τρωμένος
391 2385 496 2455 γὰρ
523 2374 614 2439 καὶ
640 2385 910 2452 συναλγῶν
937 2371 1018 2449 ὠςέ
1043 2388 1180 2456 ὑπὲρ
1214 2388 1402 2440 ἑαυτοῦ
1429 2387 1620 2457 μελῶν·

73 2475 218 2526 ἀλλὰ
249 2477 339 2527 καὶ
357 2475 555 2528 ὠδίνων
573 2477 646 2539 ὡς
672 2478 806 2546 ὑπὲρ
835 2478 1148 2546 σπλάγχνων
1172 2478 1382 2530 οἰκείων
1407 2477 1624 2529 τοιαῦτα

77 2562 444 2634 ἐφθεγξάμην.
472 2565 652 2618 Ταῦτα
686 2567 740 2617 δὲ
759 2567 1028 2628 πέπονθα,
1063 2567 1351 2636 ἐπειδήπερ
1382 2561 1516 2617 εἶδον
1535 2566 1624 2619 ἀλ-

77 2653 296 2705 λοίωσιν
347 2655 633 2724 γενομένην
683 2657 779 2724 τῆς
827 2657 1002 2722 δεξιᾶς
1029 2655 1120 2708 τοῦ
1162 2655 1428 2722 Ὑψίστου.
1453 2655 1622 2707 Πάλαι

82 2744 188 2812 μὲν
231 2743 338 2813 γὰρ
377 2743 510 2813 αὐτη
545 2745 922 2814 καπιργὰζετο
956 2746 1122 2797 πολλά
1167 2762 1224 2796 τε
1257 2744 1503 2814 θαύματα
1532 2746 1622 2798 καὶ

79 2833 414 2902 παραδόξους
441 2835 758 2906 ,εὐεργεσίας
783 2837 857 2905 τῷ
887 2836 996 2905 λαῷ
1025 2837 1331 2905 παρέχουσα
1349 2853 1362 2864 '
1411 2837 1524 2888 νυνὶ
1567 2836 1623 2888 δὲ

83 2922 370 2986 ἀλλοίωσις
395 2925 676 2993 γεγένηται
698 2927 794 2996 τῆς
821 2925 994 2988 δεξιᾶς
1015 2925 1104 2977 τοῦ
1133 2925 1396 2994 Ὑψίστου.
1425 2926 1513 2978 Διὸ
1533 2927 1624 2978 καὶ

83 3013 277 3076 ὡδῖνές
315 3032 382 3084 με
417 3015 671 3086 κατέσχον
691 3034 703 3046 ·
737 3016 973 3086 ὁμολογῶ
1003 3015 1296 3085 τετρῶσθαι
1329 3016 1425 3085 τὴν
1452 3015 1622 3086 ψυχὴν

78 3102 364 3190 ἀρρωστία
413 3109 504 3158 καὶ
550 3107 796 3177 ἀσθενείᾳ
826 3108 1088 3174 γνώσεως.
1122 3109 1228 3189 Τὴν
1259 3107 1314 3159 δὲ
1347 3107 1622 3160 ἀλλοίωσιν

77 3194 183 3262 τῆς
227 3187 400 3260 δεξιᾶς
446 3195 548 3260 τοῦ,
575 3197 706 3249 Θεοῦ
737 3197 937 3266 ἐώρων,
963 3184 1495 3267 ἀναμιμνησκόμενος
1518 3197 1622 3250 τῶν

1729 2015 1851 2068 bius
1889 2012 2053 2067 animi
2101 2026 2271 2073 eram,
2311 2018 2402 2064 aut
2454 2008 2834 2068 inﬁrmitatem,
2882 2011 2972 2056 aut
3024 2001 3258 2065 dolores,

1729 2113 1819 2156 aut
1856 2106 2076 2158 vulnera
2121 2117 2237 2156 mea
2278 2116 2413 2155 esse.
2448 2097 2582 2153 Nam
2629 2114 2693 2153 ex
2739 2097 2928 2150 anima:
2956 2091 3262 2146 inﬁrmitate

1728 2194 1862 2246 tales
1885 2208 2161 2247 sermones
2192 2192 2411 2260 protuli,
2443 2204 2651 2244 necnon
2681 2203 2748 2241 ex
2775 2186 2991 2240 vulnere
3027 2182 3218 2236 animae
3243 2196 3257 2232 :

1726 2287 2038 2338 vulneratus
2067 2298 2256 2350 nempe
2285 2290 2338 2336 et
2367 2277 2564 2360 dolor.
2580 2277 2800 2332 allectus
2830 2291 2948 2330 sum
2979 2271 3134 2343 quasi
3160 2284 3259 2340 pro

1727 2375 1981 2429 membris
2024 2374 2186 2437 meis;
2228 2386 2415 2426 verum
2462 2370 2620 2424 etiam
2672 2365 2827 2436 quasi
2861 2364 3045 2417 dolore
3077 2369 3264 2431 partu-

1727 2467 1872 2520 riens
1911 2481 2008 2535 pro
2047 2463 2343 2519 visceribus
2394 2461 2527 2515 meis
2575 2459 2701 2512 talia
2745 2455 2935 2511 effatus
2965 2467 3103 2507 sum.
3137 2449 3263 2504 Haec

1727 2571 1884 2625 porro
1913 2570 2032 2609 sum
2062 2568 2368 2624 perpessus,
2400 2551 2524 2620 quia
2548 2549 2657 2604 vidi
2685 2548 2878 2601 factam
2910 2545 3139 2598 dexterae
3167 2540 3262 2592 Al-

1726 2645 1921 2699 tissimi
1949 2646 2320 2699 mutationem.
2362 2641 2498 2696 Olim
2525 2640 2719 2710 quippe
2773 2638 2988 2691 dextera
3029 2634 3118 2688 illa
3161 2632 3270 2686 mi-

1727 2734 1914 2788 rabilia
1943 2735 2110 2787 multa
2138 2732 2482 2802 Operabatur,
2517 2726 2774 2782 benelicia
2805 2722 3137 2777 incredibilia
3165 2733 3264 2789 pos

1727 2825 1850 2895 pulo
1877 2825 2192 2889 conferens;
2222 2835 2365 2875 nunc
2394 2833 2521 2874 vero
2542 2817 2774 2871 dextera:
2800 2813 3009 2866 Excelsi
3036 2811 3269 2864 mutatio

1726 2914 1867 2968 facta
1907 2920 2008 2969 est.
2056 2911 2410 2978 Quamobrem
2441 2909 2653 2968 dolores
2694 2920 2778 2958 me
2809 2902 3136 2962 detinebant,
3187 2897 3264 2951 fa-

1726 3012 1944 3074 teorque
1964 3020 2049 3058 me
2069 3004 2248 3057 animo
2277 3001 2612 3055 vulneratum
2632 3013 2695 3051 ex
2728 2994 2916 3048 morbo
2947 3000 3000 3047 et
3035 2989 3262 3045 infirmi—

1727 3103 1834 3150 tate
1899 3094 2243 3164 cognitionis.
2294 3090 2644 3145 Mutationem
2699 3101 2825 3142 vero
2881 3086 3112 3139 dextera:
3165 3079 3260 3134 Dei

1725 3185 2140 3254 conspiciebam,
2191 3181 2506 3236 recordatus
2557 3179 2782 3232 illorum
2818 3175 3088 3246 quondam
3136 3187 3264 3242 ope-

79 3259 330 3339 παλαιῶν
368 3287 760 3357 ἔργωνίαύτοῦ.
791 3259 878 3340 Ᾰιό
913 3259 1097 3357 φησιν’·
1133 3259 1486 3355 ”Ερνήσθην
1514 3286 1626 3340 τῶν

1726 3267 1842 3327 ἥλω
1872 3274 2009 3342 ejus.
2041 3271 2377 3342 Quapropter
2397 3271 2473 3323 ait
2498 3289 2512 3324 :
2545 3297 2610 3308 —
2635 3266 2797 3321 Visus.
2831 3265 2918 3327 12,
2951 3265 3034 3317 15.
3063 3259 3262 3314 Memor

77 3375 271 3443 ἔργων
284 3379 499 3445 Κυρίου
521 3379 633 3431 ἀπὸ
656 3377 763 3444 τῆς
781 3378 968 3446 ἀρχῆς
988 3379 1104 3433 τῶν
1125 3381 1463 3447 θαυμασίων
1489 3394 1622 3432 σου.

76 3465 191 3515 Καὶ
243 3467 543 3533 μελετήσω
591 3468 658 3519 ἐν
697 3467 843 3522 πᾶσι
868 3469 987 3534 τοῖς
1018 3470 1212 3538 ἔργοις,
1234 3485 1346 3522 σου
1370 3509 1384 3532 ,
1432 3469 1526 3521 καὶ
1561 3470 1628 3521 ἐν

76 3553 208 3616 τοῖς
255 3555 674 3623 ἐπιτηδεύμασί
719 3570 832 3608 σου
877 3539 1437 3624 ἀδολεσχήσω.ᾌνθ’
1476 3551 1549 3609 ὧν
1599 3559 1627 3609 ὁ

79 3644 380 3713 Σύμμαχος
427 3645 612 3697 τοῦτον
660 3647 963 3716 ἡρμήνευσε
1008 3646 1096 3698 τὸν
1139 3647 1365 3716 τρόπον’
1421 3647 1629 3714 Ἆνεμι-

73 3736 443 3802 μνησκόμην
483 3735 584 3798 τὰς
624 3738 917 3803 περινοίας
945 3738 1180 3804 Κυρίου,
1214 3735 1528 3789 ἀναπολῶν
1557 3736 1629 3790 τὰ

78 3825 300 3892 ἀρχαῖα
328 3825 602 3892 τεράστια
645 3843 757 3880 σου
795 3828 891 3881 καὶ
933 3828 1276 3897 διεμελέτων
1304 3826 1500 3890 πάσας
1524 3827 1627 3893 τὰς

80 3916 332 3985 πράξεις
354 3935 488 3981 σου,
519 3919 612 3971 καὶ
631 3920 710 3985 ζτὰ
728 3919 1116 3992 μηχανήματά
1141 3935 1255 3973 σου
1284 3919 1623 3989 διηγούμην,

77 4007 254 4060 ταῦτα
285 4009 563 4078 ἀναφέρων
604 4011 674 4078 τῇ,
717 4010 1154 4080 μνήμηκΈπειτα
1183 4009 1274 4062 νῦν
1301 4008 1528 4073 ἀκούων,
1553 4010 1626 4072 ὡς

77 4097 166 4159 είς
199 4096 375 4160 τέλος
404 4096 639 4162 ἀπώσω,
670 4097 762 4149 καὶ
791 4097 1042 4164 ὠργίσθη
1088 4101 1120 4150 ό
1165 4097 1347 4164 θυμός
1373 4104 1500 4148 ’σου
1531 4097 1627 4150 ἐπὶ

77 4189 348 4254 πρόϐατα
377 4187 561 4255 νομῆς
587 4202 722 4250 σου,
759 4189 975 4250 είκότως
1000 4188 1268 4258 ἐνενόησα,
1299 4188 1378 4240 ὅτι
1406 4188 1628 4253 ἀλλοίως

80 4277 164 4337 σίς
217 4278 334 4327 ἐστι
376 4275 471 4344 τῆς
517 4276 691 4339 δεξιᾶς
739 4277 829 4328 τοῦ
867 4277 1134 4345 Ὑψίστου.
1175 4278 1484 4348 Μεταὸολῆς
1522 4280 1626 4350 γὰρ

79 4364 254 4416 ταῦτα
311 4366 505 4432 σημεῖα
555 4365 646 4417 καὶ
697 4363 1021 4429 ἀλλοιώσεως
1047 4367 1143 4438 τῆς
1181 4367 1341 4420 πάλαι
1369 4367 1460 4420 τοῦ
1495 4366 1626 4420 Θεοῦ

79 4455 211 4524 περὶ
236 4454 329 4505 τὸν
362 4454 484 4506 λαὸν
519 4455 854 4525 κηδεμονίας.

160 4545 217 4595 Ὀ
248 4543 411 4608 Θεὸς,
445 4545 512 4597 ἐν
541 4544 616 4609 τῷ
644 4548 786 4617 ἁγίῳ
811 4549 848 4615 ἡ
876 4547 1010 4611 ὁδὸς
1029 4548 1212 4602 αὑτοῦ
1235 4563 1252 4580 ·
1278 4547 1366 4612 τίς
1380 4546 1511 4611 θεὸς
1531 4545 1627 4613 pe.-

79 4649 190 4701 τας
210 4633 294 4698 ὡς
319 4635 350 4684 ό
383 4633 523 4698 Θεὸς
548 4633 748 4700 malm;
773 4636 852 4689 Σὺ
879 4632 932 4688 εἷ
955 4639 986 4688 ό
1017 4636 1155 4700 Θεὸς
1186 4634 1445 4689 δ’ποιῶν
1491 4638 1627 4687 θαυ-

73 4722 292 4790 μάσια.
322 4722 428 4792 Τὴν
457 4724 732 4776 ἀλλοίωσιν
769 4726 864 4795 τῆς
906 4724 1080 4788 δεξιᾶς
1104 4725 1195 4777 τοῦ
1234 4725 1478 4793 Ὑψίστου
1510 4740 1631 4776 συν-

81 4809 210 4861 ιδὼν
240 4811 405 4861 ὁποῖα
429 4810 715 4881 είργάσατο
736 4823 749 4834 ·
783 4812 900 4863 ἀντὶ
933 4812 1038 4882 γὰρ
1068 4811 1184 4873 ἐνὸς
1214 4812 1393 4872 ἔθνους
1420 4811 1631 4864 πάντων

79 4901 189 4952 τῶν
220 4899 388 4952 ἐθνῶν
426 4900 743 4970 εὐεργετικὴ
777 4893 1008 4971 uari-clam
1033 4920 1046 4933 ·
1081 4902 1258 4953 οὐκέτι
1283 4901 1388 4971 γὰρ
1412 4902 1489 4952 ἐνὶ
1520 4901 1630 4969 λαῷ

79 4987 180 5057 τὴν
209 4986 439 5058 δύναμιν
461 4988 642 5051 αὐτοῦ,
669 4988 801 5040 ἀλλὰ
824 4990 916 5041 καὶ
946 4993 1074 5051 πᾶσι
1095 4992 1202 5051 τοῖς
1221 4989 1392 5040 ἔθνεσι
1419 4989 1508 5040 καὶ
1529 4992 1631 5042 πᾶ-

83 5092 134 5128 σι
173 5078 290 5136 τοῖς
319 5077 462 5140 λαοῖς
509 5076 793 5148 ἐγνώρισε·
845 5079 1028 5148 διόπερ
1067 5077 1488 5148 ἐκπληττόμενος
1536 5079 1628 5130 καὶ

77 5164 502 5232 ἀποθαυμάζων,
525 5169 694 5237 φημί’
730 5172 761 5222 d
808 5169 964 5234 Θεὸς,
995 5171 1063 5222 ἐν
1108 5168 1185 5233 τῷ
1228 5168 1369 5235 ἁγίῳ
1408 5168 1446 5233 ἠ
1493 5167 1628 5234 ὁδός

81 5273 195 5310 σου
225 5272 238 5285 ’
267 5254 518 5311 ἐπέκεινα
543 5259 649 5328 γάρ
686 5261 798 5312 ἐστι
831 5260 928 5329 τῆς
953 5260 1147 5329 θνητῆς
1178 5259 1435 5328 φύσεωςή
1465 5261 1628 5314 κατά-

78 5346 242 5416 ληψις
276 5344 378 5413 τῆς
413 5346 528 5398 ὀδοῦ
572 5365 692 5401 σου*
723 5350 847 5403 ὥστ’
882 5352 946 5405 ἂν
975 5352 1203 5418 εὐλόγως
1235 5351 1396 5418 φάναι
1441 5351 1528 5402 τό·
1563 5353 1623 5406 Ὠ

75 5438 269 5500 βάθος
305 5439 562 5490 πλούτου
589 5441 686 5510 καί
715 5443 928 5509 σοφίας
951 5445 1046 5496 καί
1070 5442 1337 5512 γνώσεως
1365 5443 1529 5507 Θεοῦ,
1547 5446 1626 5509 ὡς

79 5523 516 5591 ἀνεξερεύνητα
543 5525 613 5578 τὰ
644 5528 890 5595 κρίματα
928 5531 1131 5594 αὐτοῦ,
1166 5533 1260 5583 καὶ
1293 5530 1628 5598 ἀνεξιχνία-

79 5625 215 5668 στοι
248 5617 314 5668 αἱ
346 5613 468 5669 ὁδοὶ
509 5616 709 5670 αὐτοῦ.
745 5612 932 5696 οὐκέτ’
958 5617 1046 5674 οὖν
1075 5623 1333 5693 προσήκει
1359 5621 1629 5692 πολυπρα-
1655 5646 1661 5653 ~

1725 3367 1803 3435 fui
1828 3380 2034 3433 operum
2066 3364 2294 3421 Domini,
2320 3361 2382 3414 ab
2414 3361 2561 3413 initio
2589 3358 2907 3412 mirabilium
2936 3365 3138 3408 tuorum
3167 3369 3184 3406 :
3213 3359 3261 3404 et

1725 3456 2008 3511 meditabor
2034 3456 2088 3510 in
2117 3452 2349 3508 omnibus
2371 3450 2606 3519 operibus
2640 3449 2763 3513 tuis,
2795 3456 2842 3500 et
2865 3448 2919 3498 in
2943 3444 3260 3497 adinventio-

1724 3550 1870 3604 nibus
1921 3549 2028 3602 tuis
2069 3547 2358 3602 exercebar.
2394 3543 2498 3598 Pro
2533 3542 2727 3612 quibus
2771 3538 3124 3610 Symmachus
3158 3529 3260 3588 hoc

1725 3640 1882 3695 modo
1923 3639 2309 3707 interpretatus
2353 3645 2437 3692 est
2471 3631 2842 3690 :Recordabar
2890 3628 3259 3698 cogitationum

1725 3729 1953 3795 Domini,
1980 3731 2153 3781 animo
2184 3728 2383 3781 volvens
2408 3727 2626 3795 antiqua
2644 3722 2899 3792 prodigiw
2914 3729 3024 3771 tua.
3060 3716 3124 3769 Et
3154 3733 3259 3768 me-

1725 3821 1932 3874 ditabar
1977 3819 2149 3872 omnes
2189 3819 2412 3871 actiones
2455 3826 2594 3879 tuas,
2631 3825 2680 3868 et
2725 3812 3135 3866 machinamenta
3167 3815 3258 3858 tua

1726 3911 2026 3973 narrabam,
2054 3910 2167 3963 hac
2191 3909 2446 3964 memoria
2469 3899 2738 3976 repetens.
2756 3901 2956 3956 Deinde
2987 3914 3112 3952 vero
3134 3913 3258 3950 cum

1720 4004 1831 4072 jam
1859 4001 2093 4064 audiam,
2134 3997 2413 4069 quomodo
2448 3992 2684 4065 repulisti
2712 3995 2767 4046 in
2800 3992 2972 4060 ﬁnem,
3013 3998 3061 4042 et
3091 3990 3258 4040 iratus

1725 4102 1799 4146 est
1828 4093 1976 4161 furor
2015 4100 2134 4144 tuus
2182 4104 2333 4157 super
2376 4104 2489 4141 oves
2518 4101 2723 4155 pascua:
2774 4093 2874 4137 tua:
2895 4083 2937 4114 “
2959 4081 3118 4151 ;jure
3152 4080 3259 4147 opi-

1725 4191 1882 4237 natus
1914 4197 2030 4238 sum
2054 4195 2174 4235 esse
2195 4162 2546 4233 mutationem
2570 4177 2802 4231 dexterae
2828 4171 3110 4228 Altissimi.
3135 4169 3259 4223 Haec

1725 4273 1918 4342 quippe
1969 4270 2120 4339 signa
2167 4278 2291 4323 sunt
2339 4250 2648 4322 mutationis
2698 4256 2822 4329 Dei,
2869 4277 2932 4316 ac
2974 4254 3264 4314 amotionis

1723 4363 1842 4428 ejus
1863 4362 1928 4415 ab
1956 4361 2068 4426 illa,
2097 4374 2257 4430 quam
2295 4359 2420 4413 olim
2457 4358 2523 4412 de
2550 4356 2747 4426 populo
2771 4353 3009 4424 gerebat,
3059 4347 3260 4415 sollici-

1725 4451 1926 4506 tudine.
2687 4471 2699 4486 ι
3043 4431 3046 4435 ⁸

1795 4544 1957 4599 Vens.
1988 4542 2073 4604 ﬂ,
2110 4542 2196 4595 15.
2236 4539 2397 4603 Deus,
2438 4538 2492 4590 in
2521 4544 2699 4590 sancto
2722 4536 2804 4587 uia
2830 4534 2939 4601 ejus
2963 4531 3108 4600 :quis
3133 4528 3273 4584 deus

1731 4651 1948 4703 magnus
1976 4635 2111 4685 sicut
2142 4631 2279 4703 Deus
2312 4630 2520 4682 noster?
2547 4636 2598 4678 tu
2625 4642 2678 4679 es
2712 4624 2849 4678 Deus
2886 4624 2972 4692 qui
3001 4623 3131 4691 facis
3156 4622 3257 4674 mi-

1729 4724 1939 4778 rabilia.
1983 4724 2116 4778 Cum
2166 4721 2374 4775 videam
2424 4717 2768 4773 mutationem
2821 4714 3049 4769 dexterae
3090 4711 3254 4763 Altis-

1730 4817 1871 4880 simi,
1897 4823 1950 4870 et
1979 4815 2155 4883 qualia
2181 4819 2398 4881 operata
2430 4809 2531 4874 sit;
2570 4821 2694 4860 nam
2723 4807 2882 4861 unius
2935 4804 3106 4873 gentis
3138 4801 3258 4852 loco

1725 4906 1834 4975 jam
1867 4905 2116 4959 omnibus
2150 4902 2397 4971 gentibus
2429 4892 2664 4954 beneﬁca
2696 4905 2812 4962 est;
2842 4886 2946 4947 non
2989 4891 3137 4962 enini
3162 4888 3254 4940 uni

1731 4997 1925 5067 populo
1957 5001 2014 5047 ut
2059 4979 2207 5055 olim,
2259 4991 2352 5047 sed
2395 4989 2644 5045 omnibus
2673 4986 2918 5056 gentibus
2952 4989 3004 5035 et
3047 4977 3265 5048 populis

1731 5087 1977 5140 virtutem
2005 5096 2154 5135 suam
2194 5088 2372 5149 rutam
2405 5078 2568 5143 fecit;
2599 5075 2719 5129 ideo
2753 5081 2973 5142 stupens
3012 5075 3065 5120 et
3093 5067 3230 5119 mira

1730 5172 1950 5228 bundus
1988 5171 2112 5224 aio:
2140 5171 2301 5234 Deus,
2352 5171 2404 5222 in
2447 5175 2624 5221 sancto
2647 5165 2728 5219 via
2773 5174 2890 5224 tua;
2925 5158 3119 5213 etenim
3158 5157 3267 5211 vim

1731 5272 1834 5316 tua;
1873 5262 2278 5332 comprehensio
2328 5259 2615 5312 humanam
2656 5262 2902 5310 naturam
2942 5255 3262 5317 exsuperat;

1729 5355 1800 5408 ita
1829 5359 1885 5406 ut
1917 5353 2005 5407 hic
2051 5353 2292 5422 apposite
2325 5348 2536 5401 dicatur
2566 5367 2580 5400 :
2614 5346 2656 5400 0
2690 5340 2911 5398 altitudo
2935 5339 3254 5398 diuitiarum,

1727 5442 1995 5510 sapientia:
2042 5451 2090 5495 et
2135 5439 2366 5493 scientias
2405 5435 2514 5499 Dei,
2551 5450 2704 5506 quam
2728 5423 3259 5499 incomprehensibilia

1730 5541 1849 5586 sunt
1865 5530 2068 5600 judicia
2089 5532 2220 5599 ejus,
2262 5538 2308 5582 et
2344 5522 2725 5595 investigaeiles
2755 5522 2850 5575 vita
2893 5519 3005 5588 ejus
3030 5517 3110 5568 “l
3137 5513 3257 5569 Non

1733 5622 1870 5674 ultra
1899 5636 2024 5689 ergo
2053 5618 2593 5688 curiose'inquirere,
2625 5620 2714 5667 aut
2745 5611 2948 5668 Secreta
2974 5606 3266 5678 explorare

172 5770 220 5801 ⁸⁸
261 5767 420 5822 Rom.
457 5772 660 5833 x1,"55.
737 5772 776 5803 ⁸¹
819 5771 961 5829 Psal.
998 5791 1188 5839 LXXIII,
1228 5776 1275 5828 Ι.
1351 5774 1393 5832 ."
1434 5772 1588 5827 Rom-
1622 5789 1672 5826 ΣΙ
1699 5813 1711 5833 ο
1745 5772 1831 5825 35o
