3976 6350
82 406 179 463 9M

1156 407 1665 469 "COMMENTARIA
1696 412 1763 469 IN
1801 382 2136 471 nsanos.

3116 419 3276 476 ,903

74 522 130 585 ἐν
152 521 218 589 τῇ
247 536 441 592 πορεια
466 520 564 591 τῆς
583 519 856 593 θαλάσσης
876 520 973 575 τὸν
995 521 1170 576 πάντα
1201 523 1431 597 Ἰσραὴλ,
1455 525 1624 593 ἄγνω-

1729 523 1916 596 (Vens.
1936 525 2026 596 21)
2063 527 2199 580 sicut
2237 539 2350 581 oves
2384 525 2635 596 populum
2658 542 2808 580 suum
2834 528 2885 580 in
2914 544 3075 582 manu
3104 527 3276 600 Moysi

76 609 198 662 στόν
228 625 293 661 τε
326 604 463 662 εἶναι
503 610 594 663 καὶ
639 610 1018 681 ἀκατάληπτον
1059 610 1359 683 ἀνθρώποις
1397 613 1492 685 τήν
1533 631 1631 667 που

76 700 227 771 pem
260 698 451 764 αὑτοῦ,
498 702 588 754 ὅτε
639 701 731 754 καὶ
771 701 1047 773 ὡδήγησεν
1095 702 1175 769 ὡς
1223 704 1480 772 πρόϐατα
1528 704 1634 758 τὸν

71 790 225 845 λαὸν
274 790 460 844 αὐτοῦ
498 792 569 845 ἐν
608 793 754 862 χειρὶ
789 790 1011 862 Πωῦσῆ
1043 794 1137 847 καὶ
1180 793 1406 862 Ἀαρών.
1445 794 1633 860 ’Δλλος

82 872 309 951 μὲνόὗν
340 883 407 935 τὰ
452 885 780 955 προκείμενα
822 884 1036 939 ἅπαντα
1075 886 1166 938 ἐπὶ
1193 886 1290 958 τὴν
1332 887 1502 952 ἔξοδον
1533 888 1631 960 τὴν

71 974 163 1024 ἀπ’
194 973 470 1041 Δίγύπτου
496 974 716 1040 ἀνοίσει,
742 975 859 1027 τότε
884 974 1266 1047 πεπληρῶσθαι
1302 978 1522 1047 φάσκων
1545 979 1627 1042 τὸ,

72 1062 339 1117 Εἷὸοσάν
362 1081 436 1119 σε
460 1065 664 1129 ὕδατα,
693 1067 725 1118 ὀ
751 1064 911 1132 Θεὸς,
931 1066 1178 1121 είδοσάν
1202 1083 1274 1121 σε
1298 1068 1504 1133 ὕδατα,
1532 1069 1629 1124 καὶ

70 1150 460 1221 ἐφοϐήθησαν
485 1194 501 1219 ,
561 1154 978 1223 ἐταράχθησαν
1040 1155 1294 1210 ἄϐυσσοι
1320 1198 1335 1224 ,
1400 1158 1629 1227 πλῆθος

73 1240 263 1311 ἤχους
295 1245 509 1312 ὕδατος
529 1263 543 1277 ·
580 1247 755 1301 πᾶσάν
782 1263 843 1299 τε
873 1249 970 1319 τὴν
1002 1249 1300 1321 περικοπὴν
1329 1250 1630 1315 ἀκολούθως

73 1335 161 1387 ἐπὶ
191 1336 295 1407 τὴν
331 1338 450 1390 τότε
492 1338 824 1408 πραχθεῖσαν
867 1340 1104 1411 ἱστορίαν
1135 1342 1471 1411 ἁναπέμψει·
1517 1342 1629 1410 ἐγὼ

70 1426 146 1487 δὲ,
181 1427 259 1497 μὴ
288 1427 459 1499 εὑρὼν
484 1429 630 1503 ὅπως
658 1430 725 1482 τὰ
750 1430 874 1502 ἑξῆς
902 1432 1165 1514 εἰρημένα
1198 1433 1336 1486 κατὰ
1363 1432 1459 1503 τὴν
1483 1432 1628 1498 λέξιν

75 1517 371 1590 ἐπληροῦτο
394 1536 407 1549 ·
453 1520 513 1573 οὐ
543 1520 651 1590 γὰρ
686 1522 951 1593 μέμνηται
976 1526 1004 1576 6
1031 1523 1303 1585 Μωῦσέως
1343 1522 1521 1594 νόμος,
1555 1523 1628 1588 ὡς

74 1609 462 1676 νεφέλαι’τινὲς
495 1611 633 1665 κατὰ
670 1612 761 1667 τὸν
794 1614 979 1686 καιρὸν
1031 1616 1232 1667 ἐκεῖνον
1282 1614 1459 1686 φωνὴν
1505 1614 1628 1669 ἔδω-

76 1716 171 1750 καν
206 1701 554 1770 σωματικῶς,
585 1703 705 1756 οὐδὲ
735 1704 810 1765 ὡς
852 1704 976 1775 βέλη
1016 1704 1245 1775 αἰσθητὰ
1270 1704 1625 1777 διεπορεύετο,
1658 1750 1660 1753 .

77 1787 188 1840 οὐδὲ
221 1789 299 1853 ὼς
323 1790 418 1863 ὅλῃ
446 1792 735 1864 οἰκουμένῃ
781 1792 980 1860 εφαναν
1022 1793 1077 1845 αἱ
1121 1792 1394 1864 ἀστραπαὶ
1438 1794 1623 1859 αὐτοῦ,

1734 625 1783 669 et
1809 615 2008 671 Aaron.
2038 616 2193 672 Alius
2224 632 2336 672 saec
2360 617 2543 691 omnia
2592 618 2659 672 ad
2700 619 2905 673 exitum
2934 633 3001 673 ex
3042 618 3274 690 Egypto

1732 703 1946 769 referet,
1987 706 2238 775 dicetque
2277 706 2390 761 haec
2446 707 2632 770 verba,
2693 695 2945 760 Viderunt
3009 717 3057 761 te
3104 723 3274 778 aqua,

1732 792 1893 859 Deus,
1927 797 2165 850 uiderunt
2216 805 2267 851 te
2305 813 2471 868 aqua,
2503 807 2552 850 et
2579 797 2878 863 timuerunt,
2905 796 3128 850 turbata:
3153 806 3277 851 sunt

1732 888 1931 958 abyssi,
1983 886 2264 941 multitudo
2313 889 2514 942 sonitus
2563 904 2838 958 aquarum,
2880 896 3008 942 tunc
3057 888 3276 957 impleta

1730 976 1901 1034 fuisse
1934 998 1946 1032 :
1973 984 2248 1047 totamque
2269 979 2569 1051 clausulam
2590 978 2657 1032 ad
2687 979 2835 1032 illam
2865 979 3144 1032 historiam
3188 993 3276 1032 re-

1732 1071 1922 1138 ducet;
1952 1087 2051 1143 ego
2073 1086 2200 1126 vero
2226 1087 2350 1126 cum
2374 1071 3058 1141 nusquam'deprehcndam
3079 1086 3138 1125 ea
3157 1086 3282 1140 quae.

1733 1172 2034 1235 sequuntur
2057 1163 2121 1219 ad
2150 1165 2381 1219 litteram
2416 1171 2565 1234 gesta
2594 1162 2791 1229 fuisse;
2836 1162 3033 1233 Moysis
3076 1163 3275 1232 quippe

1731 1254 1815 1309 lex
1844 1268 1951 1309 non
1983 1253 2244 1319 meminit,
2279 1254 2449 1308 nubes
2482 1253 2743 1323 quasdam
2772 1253 2863 1306 illo
2891 1260 3131 1322 tempore
3156 1266 3269 1305 cor-

1730 1360 1898 1416 poreo
1932 1360 2082 1400 more
2112 1360 2298 1400 vocem
2329 1344 2562 1408 dedisse,
2589 1360 2766 1414 neque
2798 1343 3023 1398 sensiles
3049 1343 3275 1412 sagittas

1729 1435 2036 1500 transiisse,
2061 1452 2233 1506 neque
2262 1451 2357 1505 per
2387 1445 2555 1489 totum
2591 1438 2776 1490 orbem
2812 1436 3020 1506 fulgura
3061 1435 3179 1504 ejus
3208 1434 3276 1488 il-

1729 1526 1952 1589 luxisse,
1983 1542 2090 1597 quo
2120 1534 2361 1596 tempore
2417 1527 2494 1580 illi
2542 1528 2596 1580 in
2649 1526 2864 1581 deserto
2915 1536 3086 1590 erant,
3127 1541 3274 1593 eam,

1680 1646 1693 1658 -
1726 1633 1846 1689 quae
1871 1618 2001 1673 mihi
2037 1627 2149 1671 tum
2184 1616 2551 1678 succurrebat,
2594 1618 2660 1670 ad
2699 1619 2912 1688 singula
2939 1619 3055 1671 loca
3106 1619 3277 1672 inter-

1726 1705 2077 1781 pretationem
2104 1708 2304 1763 addidi.
2348 1708 2519 1773 Quam
2555 1723 2684 1761 vero
2714 1723 2778 1762 ex
2826 1708 2910 1763 his
2948 1703 3274 1776 interpreta-

1728 1803 1931 1857 tionem
1972 1799 2216 1871 amplecti
2256 1798 2464 1863 debeat,
2514 1812 2579 1852 ει
2622 1798 2841 1868 proprio
2868 1798 3076 1868 judicio
3105 1800 3274 1854 lector

76 1878 189 1929 καθ’
214 1878 274 1931 ὃν
303 1881 489 1951 χρόνον
518 1876 657 1955 ἦσαν
691 1884 747 1933 ὲν
866 1882 1056 1953 ἐρήμῳ
1076 1922 1091 1947 ,
1122 1881 1219 1953 τὴν
1251 1883 1623 1939 ὑποπεσοῢσαν

1725 1890 2002 1963 intelliget.

78 1973 153 2031 sl;
186 1970 315 2033 τοὺς
358 1969 555 2034 τόπους
593 1971 883 2041 ἑρμηνείαν
929 1970 1257 2045 παρεθέμην.
1314 1972 1528 2028 Ὁποίαν
1564 1974 1619 2028 δὲ
1655 1980 1758 2054 χρὴ
1787 1980 1895 2035 τῶν
1932 1980 2231 2053 εἰρημένων
2282 1976 2510 2048 ὲκδοχῶν
2547 1978 2812 2050 αἱρεῖσθαι
2840 1978 2957 2049 θείᾳ
2985 1977 3059 2049 (1)
3098 1972 3273 2048 κρίσει

77 2061 103 2110 6
130 2059 465 2129 ἐντυγχάνων
496 2060 718 2114 εἴσεται.
757 2118 761 2123 4

290 2124 323 2129 ’⁷
398 2220 401 2223 ς
453 2155 917 2229 Haemona
947 2155 1138 2210 ΑΣΑΦ.
1172 2124 1287 2210 (lz'.

144 2250 493 2316 Προσέχετε,
518 2248 666 2313 λαός
688 2264 827 2316 μου,
856 2246 963 2301 τὸν
986 2248 1173 2317 νόμον
1197 2266 1314 2319 μου
1338 2264 1352 2279 ·
1386 2249 1627 2303 κλίνατε

80 2337 142 2390 τὸ
183 2332 291 2403 οὖς
320 2336 486 2407 ὑμῶν
513 2340 597 2403 είς
628 2341 701 2391 τὰ
723 2336 961 2407 ῥήματα
1005 2339 1111 2392 τοῦ
1157 2339 1449 2409 στόματός
1484 2359 1621 2409 μου.

80 2428 378 2501 Παρορμῶν
404 2431 550 2501 ἡμᾶς
577 2431 605 2482 6
627 2428 782 2497 λόγος
810 2430 902 2483 ἐπὶ
942 2430 1038 2499 τὴν
1073 2429 1281 2484 σύνεσιν
1320 2429 1426 2483 τῶν
1461 2432 1626 2501 ἐμφε-

82 2519 333 2590 ρομένων,
367 2519 674 2586 Συνέσεως
697 2518 795 2590 τὴν
822 2520 1130 2592 ἐπιγραφὴν
1156 2521 1469 2591 ἐποιήσατοσ
1496 2519 1625 2573 ταύ-

80 2627 169 2681 της
194 2610 305 2682 γὰρ
320 2610 546 2681 δεόμεθα
572 2612 651 2673 είς
677 2610 847 2681 θήραν
864 2612 962 2682 τῆς
989 2612 1352 2682 προκειμένης
1371 2612 1625 2675 διανοίας.

81 2700 292 2771 Πρῶτον
351 2701 446 2771 μὲν
490 2695 584 2754 οὖν
642 2702 921 2771 ζητήσειεν
971 2701 1035 2755 ἄν
1076 2719 1159 2765 τις
1192 2702 1441 2770 εὐλόγως,
1488 2684 1629 2767 τίνος

84 2792 358 2864 πρόσωπον
385 2792 643 2864 τυγχάνει
678 2792 739 2846 τὸ
771 2793 974 2861 φάσκον
1005 2796 1062 2846 ὲν
1089 2794 1251 2863 ἀρχῇ,
1278 2792 1626 2863 Προσέχετε,

84 2884 218 2949 λαός
237 2901 373 2955 μου,
402 2883 509 2938 τὸν
544 2884 730 2953 νόμον
755 2902 872 2954 μου
899 2902 912 2914 ·
954 2886 1196 2939 κλίνατε
1223 2885 1288 2938 τὸ
1332 2880 1440 2952 οὖς
1464 2884 1629 2954 ὑμῶν

83 2976 162 3039 είς
191 2976 260 3029 τὰ
295 2975 530 3045 ῥήματα
572 2972 676 3029 τοῦ
724 2977 1013 3045 στόματός
1046 2995 1184 3046 μου.
1237 2976 1371 3030 Οὔτε
1410 2977 1516 3050 γὰρ
1548 2978 1623 3049 τῷ

98 3065 255 3136 Ἀσάφ
297 3066 417 3121 οὔτε
466 3066 545 3139 τῷ
582 3067 741 3121 Δαυῒδ
776 3067 1000 3140 ἁρμόζει
1049 3069 1218 3122 ταῦτα
1259 3068 1467 3137 λέγειν·
1504 3071 1624 3123 ἐπεὶ

90 3156 156 3227 μὴ
185 3157 463 3229 νομοθέται
498 3160 782 3227 γεγόνασιν
822 3152 998 3212 οὗτοι·
1043 3158 1163 3212 οὔτε
1204 3160 1284 3224 τὸ,
1321 3155 1437 3226 Οὖς
1463 3159 1626 3229 ὑμῶν

1966 2155 2441 2213 INTELLECTUS
2493 2140 2732 2213 ASAPH.
2772 2155 3005 2211 Lxxvn

1800 2248 2082 2313 Att‘endite,
2115 2247 2301 2317 popule
2356 2263 2518 2313 meus,
2571 2246 2731 2317 legem
2764 2264 2932 2302 meam
2971 2264 2989 2301 :
3030 2250 3277 2307 inc.inate

1731 2356 1908 2395 aurem
1930 2327 2160 2394 uestram
2185 2342 2241 2394 in
2268 2339 2427 2394 verba
2457 2340 2565 2394 oris
2598 2340 2718 2394 mei.
2744 2338 2877 2395 Cum
2904 2339 2970 2394 ad
3006 2339 3275 2396 dictorum

1729 2430 2141 2501 intelligentiam
2169 2445 2270 2486 nos
2318 2444 2497 2485 sermo
2542 2438 2816 2499 provocet,
2874 2428 3174 2486 Intellectus
3219 2431 3278 2488 in

1727 2522 1885 2576 titulo
1919 2520 2089 2576 fertur
2115 2539 2131 2589 ;
2171 2536 2236 2577 eo
2260 2522 2457 2591 quippe
2486 2521 2790 2593 indigemus
2822 2519 2886 2576 ad
2917 2522 3036 2591 ejus
3058 2530 3278 2578 senteno

1731 2616 1859 2669 tiam
1882 2613 2332 2685 investigandam.
2378 2615 2443 2669 Et
2488 2615 2663 2685 primo
2711 2612 2926 2684 quidem
2978 2624 3276 2684 opportune

1734 2714 2023 2776 quaeratur,
2054 2722 2172 2777 qua:
2197 2721 2427 2777 persona
2466 2707 2581 2762 haec
2611 2705 2768 2759 initio
2796 2705 2964 2768 dicat,
2996 2707 3270 2770 attendite,

1732 2795 1917 2864 popule
1942 2811 2104 2860 meus,
2136 2795 2295 2865 legem
2325 2811 2527 2859 meam;
2576 2794 2824 2847 inclinate
2844 2805 3023 2847 aurem
3050 2804 3272 2867 vestram

1732 2888 1786 2940 in
1813 2886 1967 2941 verba
2014 2888 2119 2940 oris
2178 2888 2296 2941 mei.
2344 2884 2466 2940 Non
2516 2885 2659 2940 enim
2709 2882 2897 2938 Davidi
2939 2884 3023 2939 vel
3055 2884 3272 2956 Asapho

1729 2979 1842 3033 haec
1872 2980 2050 3034 dicere
2077 2980 2359 3033 conveniat
2392 2995 2406 3033 :
2440 2977 2518 3032 illi
2550 2977 2747 3048 quippe
2788 2976 3125 3047 legislatores
3156 2992 3268 3031 non

1730 3062 1907 3137 luere;
1939 3087 2115 3141 neque
2155 3071 2312 3133 illud.
2361 3071 2555 3124 Aurem
2596 3077 2815 3123 vestram
2865 3069 2919 3122 in
2952 3068 3121 3143 acrba
3165 3070 3271 3122 oris

1730 3162 1849 3225 mei,
1893 3160 1976 3214 vel
2018 3159 2269 3215 Davidem
2302 3160 2382 3215 vel
2409 3158 2686 3229 Asaphum
2740 3157 2921 3213 dicere
2971 3171 3067 3227 par
3112 3164 3272 3212 erat:

85 3252 165 3315 εἰς
191 3251 259 3303 τὰ
276 3250 511 3320 ῥήματα
556 3250 662 3304 τοῦ
705 3251 997 3319 στόματός
1035 3268 1175 3320 μου,
1207 3250 1409 3321 ἔπρεπε
1458 3250 1624 3319 λέγειν

1731 3266 1905 3320 neque
1944 3251 2088 3305 enim
2114 3250 2331 3320 prOpria
2367 3250 2530 3304 verba
2563 3247 2943 3319 proferebant,
2981 3246 3073 3302 sed
3106 3246 3272 3301 divini

86 3338 192 3409 ἦτοι
222 3340 545 3408 τδνῙΑσὰφ,
584 3339 616 3409 ἢ
642 3340 733 3391 τὸν
758 3339 918 3391 Δαυῖδ
936 3356 949 3369 ο
981 3340 1040 3392 οὐ
1073 3340 1178 3409 γὰρ
1213 3342 1381 3392 οἰκεῖα
1413 3341 1629 3411 ῥήματα

88 3432 423 3501 προσέφερον,
453 3435 518 3503 τῇ
562 3431 617 3483 δὲ
656 3430 748 3483 τοῦ
797 3431 940 3484 θείου
973 3431 1283 3501 Πνεύματος
1314 3431 1471 3503 βουλῇ
1515 3432 1629 3503 διη-

88 3521 341 3575 κονοῦντο.
367 3521 455 3575 Διὸ
486 3519 789 3585 συνέσεως
818 3520 1234 3590 ἐπιγέγραπται,
1263 3520 1336 3583 ὡς
1380 3521 1445 3572 ἂν
1501 3537 1627 3573 συν-

88 3612 223 3682 ῶμεν
253 3613 336 3676 τίς
358 3613 415 3665 τέ
449 3613 594 3666 ἐστιν
617 3611 646 3664 6
678 3609 848 3665 ταῦτα
869 3610 1060 3680 λέγων,
1095 3610 1187 3663 καὶ
1216 3611 1297 3671 τίς
1317 3612 1345 3662 6
1371 3609 1495 3673 λαὸς
1527 3612 1625 3664 αὐ-

87 3701 189 3767 τοῦ,
216 3702 307 3755 καὶ
339 3704 419 3766 τίς
460 3704 489 3756 6
517 3702 709 3776 νόμος·
743 3702 926 3775 ἔτερος
950 3700 1072 3771 ’γὰρ
1098 3700 1269 3753 ἔοικεν
1305 3696 1442 3754 εἶναι
1477 3702 1625 3772 παρὰ

87 3792 168 3845 τὸν
199 3793 489 3856 Μωῦσέως.
524 3793 706 3848 Ταῦτα
733 3794 776 3848 δ’
810 3792 1082 3846 ὲπιλύεται
1104 3793 1164 3845 τὸ
1190 3784 1533 3861 Εὐαγγέλιον,
1568 3794 1625 3846 ὲν

93 3880 131 3953 ᾧ
155 3885 386 3959 εῐρηται’
436 3889 627 3944 Ταῦτα
671 3888 865 3944 πάντα
902 3888 1204 3955 ἐλάλησεν
1236 3888 1269 3940 d
1305 3885 1530 3953 Ἰησοῦς
1556 3887 1625 3939 ἐν

89 3980 430 4059 παμόολαῖς
482 3981 605 4047 τοῖς
636 3981 860 4051 ὄχλοις,
914 3981 1011 4035 καὶ
1063 3979 1237 4048 χωρὶς
1284 3976 1625 4046 παραϐολῆς

90 4071 188 4123 οὐκ
217 4071 414 4125 exalat
439 4072 642 4138 αὐτοῖς
662 4088 675 4100 ο
708 4072 866 4137 ὅπως
902 4070 1183 4139 πληρωθῇ
1210 4070 1276 4123 τὸ
1311 4069 1498 4137 ῥηθὲν
1527 4068 1624 4123 διὰ

88 4146 182 4214 τοῦ
205 4162 507 4231 προφήτου
548 4161 860 4232 λέγοντος*
906 4160 1136 4225 Ἀνοίξω
1166 4161 1623 4227 ἑνηπαραϐολαῖς

89 4252 146 4305 τὸ
170 4256 352 4323 στόμα
371 4270 490 4323 μου
513 4271 527 4284 ·
555 4252 866 4322 ἐρεύξομαι
894 4251 1267 4321 κεκρυμμένα
1294 4250 1411 4306 ἀπὸ
1448 4268 1624 4304 κατα-ι

91 4342 270 4412 ϐολῆς.
302 4346 396 4400 Διὰ
424 4344 576 4398 ποίου
610 4343 666 4397 δὲ
706 4344 980 4416 προφήτου
1024 4344 1194 4398 ταῦτα
1234 4344 1415 4416 εἴρητο
1459 4344 1490 4415 ἦ
1536 4344 1621 4397 διὰ

91 4439 172 4492 τοῦ
228 4439 577 4513 προκειμένου
635 4434 839 4507 Ἀσάφ;
891 4441 955 4491 Ὃ
1017 4439 1089 4510 μὴ
1147 4437 1413 4501 συνιέντες
1458 4438 1617 4517 τινὲς,

93 4532 405 4605 προσέθηκαν
446 4534 503 4585 ὲν
541 4531 617 4602 τῷ
638 4530 963 4602 ,Εὐαγγελίῳ
992 4532 1091 4592 τὸ,
1114 4530 1210 4584 διὰ
1246 4529 1479 4584 Ἡσαΐου
1511 4530 1616 4583 τοῦ

1732 3340 1963 3411 Spiritus
2013 3338 2276 3403 voluntati
2334 3337 2738 3392 ministrabant.
2788 3334 2913 3401 Ideo
2970 3334 3272 3391 Intellectus

1728 3431 2062 3495 inscribitur,
2120 3439 2179 3485 ut
2210 3430 2576 3501 intelligamus
2617 3426 2739 3499 quis
2770 3426 2885 3481 hac
2934 3426 3107 3503 dicat,
3146 3428 3271 3497 quis

1726 3523 1958 3590 populus
2009 3520 2150 3589 ejus,
2189 3536 2311 3591 qua“:
2364 3521 2478 3587 lex;
2536 3534 2661 3573 nam
2708 3515 2922 3573 videtur
2958 3515 3060 3568 alia
3091 3530 3121 3568 a
3156 3516 3270 3585 lege

1726 3611 1925 3685 Moysis
1956 3628 2097 3669 esse.
2140 3611 2265 3668 Haec
2292 3627 2455 3683 porro
2478 3610 2639 3665 solvit
2670 3605 3016 3676 Evangelium
3042 3605 3108 3668 ⁸⁸,
3140 3620 3266 3659 cum

1725 3688 1841 3755 aiti
1884 3702 2010 3755 Ηαιο
2041 3703 2217 3756 omnia
2255 3702 2457 3759 locutus
2495 3710 2571 3754 est
2600 3697 2755 3761 Iesus
2794 3696 2849 3749 in
2894 3693 3157 3764 parabolis
3196 3692 3271 3745 ad.

1724 3792 1924 3856 turbas,
1960 3782 2009 3847 et
2030 3796 2139 3847 sine
2161 3793 2418 3861 parabola
2449 3808 2552 3845 non
2597 3788 2900 3859 loquebatur
2922 3788 3025 3850 eis;
3054 3794 3111 3837 ut
3162 3786 3264 3837 im-

1721 3883 1947 3949 pleretur
1979 3881 2114 3953 quad
2134 3884 2329 3935 dictum
2357 3890 2471 3936 erat
2512 3897 2603 3946 per
2644 3879 2944 3948 prophetam
2988 3876 3261 3932 dicentem.

1720 3975 1963 4043 Aperiam
2006 3961 2075 4029 in‘
2084 3975 2352 4046 parabolis
2386 3989 2441 4027 os
2470 3987 2659 4035 meum,
2688 3968 2933 4023 eructabo
2962 3966 3266 4023 abscondita

1722 4083 1753 4118 a
1795 4053 2196 4122 constitutione.
2252 4063 2353 4120 Per
2400 4078 2561 4134 quem
2605 4060 2923 4131 prophetam
2964 4058 3076 4112 haec
3122 4057 3266 4111 dicta

1721 4164 1869 4228 sunt,
1901 4156 2005 4210 nisi
2036 4170 2131 4226 per
2158 4156 2304 4208 hunc
2342 4150 2655 4222 Asaphum?
2709 4148 2867 4216 Quod
2921 4162 3027 4203 non
3066 4146 3266 4201 intelli-

1721 4255 1909 4317 gentes
1954 4245 2173 4319 quidam
2209 4244 2524 4313 adjecerunt
2564 4240 2873 4310 Evangelio,
2923 4254 3013 4307 per
3061 4235 3264 4290 Isaiam

1720 4340 2025 4410 prophetam,
2077 4354 2095 4390 :
2146 4335 2245 4393 sed
2296 4336 2348 4389 in
2383 4332 2652 4388 accuratis
2684 4328 3101 4398 exemplaribus,
3144 4325 3271 4380 sine

1719 4432 2081 4487 additamento
2120 4430 2235 4493 illo,
2266 4443 2356 4497 per
2406 4424 2629 4487 Isaiam,
2666 4422 2741 4475 ita
2771 4418 3088 4489 simpliciter
3118 4416 3257 4468 dici-

1718 4533 1828 4589 tur,
1857 4534 1913 4578 ut
1937 4523 2237 4591 impleretur
2266 4517 2400 4590 quod
2431 4516 2627 4568 dictum
2658 4520 2775 4566 erat
2816 4526 2906 4577 per
2958 4508 3260 4577 prophetam

461 4626 520 4676 ὲν
569 4596 626 4676 έέ
672 4639 735 4692 γε
777 4596 899 4685 *τοῖς
934 4596 1217 4694 άκριϐέσιν
1270 4621 1619 4692 ἀντιγράφοις

1724 4618 1992 4679 dicentem,
2032 4613 2276 4682 Aperiam
2306 4610 2361 4662 in
2388 4603 2658 4676 parabolis
2693 4618 2749 4655 os
2790 4615 2980 4665 meum,
3013 4596 3259 4652 eructabo

93 4712 200 4767 ἄνευ
220 4720 315 4788 τῆς
340 4715 650 4788 προσθήκης
683 4714 782 4785 τῆς
818 4712 914 4767 διὰ
951 4704 1206 4777 Ἡσαΐου,
1235 4712 1417 4776 ἁπλῶς
1448 4712 1617 4775 οὓτως

94 4804 306 4881 εἴρηταιὴ
345 4811 535 4874 Ὅπως
562 4803 845 4875 πληρωθῇ
868 4804 935 4858 τὸ
973 4802 1162 4872 ῥηθὲν
1202 4802 1300 4857 διὰ
1324 4794 1440 4889 tot";
1481 4818 1618 4870 προ-

92 4895 261 4961 φήτου
279 4898 558 4969 λέγοντος
573 4917 586 4929 ·
623 4897 853 4961 Ἀνοίξω
871 4897 939 4951 ἐν
960 4894 1318 4963 παραϐολαῖς
1338 4894 1402 4947 τὸ
1429 4896 1619 4964 στόμα

90 5003 218 5053 μου·
263 4991 570 5060 ἐρεύξομαι
626 4988 999 5059 κεκρυμμένα
1033 4987 1150 5043 ἀπὸ
1200 4985 1550 5054 καταϐολῆς,
1581 4987 1617 5041 ἃ

92 5076 145 5147 δὴ
171 5079 377 5152 φέρεται
407 5086 465 5143 ὲν
493 5085 604 5147 τοῖς
645 5081 1042 5154 προκειμένοις,
1077 5081 1137 5134 οὐ
1185 5079 1287 5150 μὴν
1332 5078 1388 5129 ὲν
1418 5080 1484 5148 τῇ
1516 5077 1610 5130 τοῦ

104 5164 295 5221 Ἡσαΐου
349 5160 669 5242 προφητείᾳ.
729 5169 935 5224 Οὐκοῦν
994 5171 1058 5222 ἐκ
1110 5170 1206 5238 τῆς
1258 5165 1612 5241 εὐαγγελικῆς

96 5261 415 5331 παραθέσεως
458 5264 487 5315 6
522 5262 710 5335 Σωτὴρ
742 5262 808 5316 ἂν
852 5263 954 5332 εῐη,
991 5263 1083 5315 καὶ
1126 5260 1243 5313 οὐδὲ
1278 5258 1450 5322 ἄλλος,
1480 5260 1508 5312 6
1554 5259 1612 5324 ἐξ

95 5349 266 5403 οίκείου
323 5347 610 5425 προσώπου
661 5350 885 5418 φάσκων
935 5352 1026 5404 ἐπὶ
1073 5350 1163 5404 τοῦ
1218 5342 1477 5419 παρόντος
1516 5348 1610 5401 τόσ

96 5439 413 5510 Προσέχετε,
461 5440 607 5505 λαός
646 5457 784 5508 μου,
832 5441 939 5495 τὸν
988 5443 1171 5513 νόμον
1216 5457 1349 5510 μου.
1397 5438 1510 5491 Ἵνα
1556 5438 1613 5490 δὲ

98 5532 310 5604 συνῶμεν
352 5532 531 5599 αὑτὸν,
571 5529 875 5598 συνέσεως
917 5533 1016 5604 τὴν
1069 5532 1386 5606 προγραφὴν
1425 5530 1610 5601 ἐποιή-

99 5635 232 5676 σατο·
258 5626 329 5689 ὡς
360 5626 493 5698 μήτε
524 5622 734 5695 ψαλμὸν
769 5625 902 5697 μήτε
943 5625 1084 5699 ᾠδὴν
1119 5628 1253 5699 μήτε
1296 5642 1349 5678 τι
1379 5620 1611 5678 τοιοῦτον

154 5740 193 5772 ’⁸
224 5740 401 5797 Matth.
438 5758 534 5798 xm
556 5784 569 5803 ,
602 5741 697 5806 34,
732 5742 823 5801 55.

158 5832 224 5904 (1)
256 5833 448 5901 Forte,.
463 5835 654 5907 οἰκείᾳ.

1723 4708 2027 4765 abscondita
2056 4722 2089 4758 a
2120 4700 2504 4761 constitutione,
2538 4709 2659 4765 qua:
2690 4692 2779 4746 hic
2808 4691 3099 4755 habentur,
3149 4704 3259 4743 non

1719 4812 1896 4856 autem
1922 4799 1979 4852 in
2011 4794 2294 4866 prophetia
2329 4790 2500 4845 Isaiae.
2536 4783 2956 4859 Exlevangelico
2990 4783 3153 4852 igitur
3186 4787 3261 4833 te-

1719 4889 1970 4948 stimonio
1992 4884 2244 4940 Servator
2267 4888 2320 4937 et
2348 4894 2455 4934 non
2476 4879 2613 4933 alius
2644 4874 2824 4942 fuerit,
2843 4874 2933 4945 qui
2953 4888 3016 4928 ex
3044 4870 3259 4940 propria

1717 4993 1943 5053 persona
1964 4978 2016 5030 in
2035 4974 2286 5045 praesenti
2306 4971 2459 5036 dicit,
2483 4966 2766 5029 Attendite,
2787 4963 2971 5033 popule
2995 4976 3157 5053 meus,
3184 4958 3259 5053 le-

1715 5048 1826 5145 aem
1846 5086 2032 5125 meam.
2060 5066 2125 5123 Ut
2146 5073 2323 5121 autem
2342 5063 2704 5133 intelligamus
2725 5058 2896 5127 ipsam
2913 5067 3051 5145 esse,
3069 5048 3258 5104 inscri-

1716 5142 1949 5237 ptionem
1969 5159 2292 5219 Intellectus,
2310 5157 2517 5229 posuit;
2538 5154 2611 5207 ita
2630 5159 2686 5204 ut
2706 5145 2877 5241 neque
2889 5142 3147 5241 psalmus,
3162 5154 3257 5241 ne-

1716 5231 1819 5326 que
1847 5252 2139 5315 canticum,
2170 5250 2343 5320 neque
2366 5244 2495 5317 quid
2527 5240 2700 5297 simile
2728 5236 2840 5290 haec
2878 5231 3257 5326 existimentur

1716 5319 1866 5408 esse,
1900 5344 1993 5400 sed
2026 5343 2229 5399 Christi
2259 5319 2326 5394 ad
2362 5335 2622 5408 populum
2671 5338 2848 5388 suum,
2875 5322 2988 5378 sive
3035 5320 3100 5375 ad
3152 5319 3256 5374 Ec-
3288 5398 3289 5401 η

1719 5436 1933 5492 clesiam
1980 5449 2132 5489 suam
2195 5430 2517 5490 doctrinam,
2553 5437 2657 5494 qua
2714 5418 2778 5473 de
2833 5414 3041 5469 Judaici
3070 5411 3252 5482 populi

1717 5527 2010 5586 sceleribus
2042 5527 2204 5581 verba
2238 5521 2385 5577 facit.
2436 5516 2699 5588 Populum
2735 5522 2898 5581 porro
2924 5506 3040 5576 ejus
3088 5502 3252 5555 alium

1717 5636 1835 5678 esse
1880 5619 1944 5673 ab
1976 5633 2039 5673 eo
2068 5618 2157 5689 qui
2193 5616 2247 5675 in
2274 5608 2620 5685 sequentibus
2651 5608 2938 5659 accusatur
2961 5593 3254 5665 intelliges,
