3974 6354
709 382 815 438 907

1333 377 1601 435 EL'SEBll
1622 362 2109 436 'Cmssmsusus
2143 377 2292 436 OPP.
2332 378 2512 434 psus
2547 378 2631 433 ιιι.
2670 408 2741 419 -
2776 376 3207 435 maceries.

3794 385 3872 441 908

704 506 971 577 plinarum
991 500 1275 572 magistros
1299 500 1570 556 ascribere
1592 514 1701 555 non
1726 514 2044 571 possumus;
2069 515 2239 555 verun

2356 499 2478 563 τοὺς
2508 496 2646 553 κατὰ
2670 497 2848 569 σάρκα
2879 497 3149 567 πατέρας·
3177 495 3287 550 ἀλλ’
3311 497 3338 550 ὃ
3368 514 3430 567 γε
3456 498 3649 570 Σωτὴρ
3673 499 3728 564 ἒξ
3747 504 3873 556 αὐτοῦ

706 590 961 647 Servator
984 604 1107 645 cum
1143 604 1205 645 ex
1239 605 1335 644 sua
1371 598 1483 643 tum
1505 604 1571 645 ex
1592 591 1983 660 apostolorum,
2012 590 2253 659 discipu-

706 683 875 736 lorum
898 688 952 736 et
978 680 1430 750 evangelistarum
1463 695 1707 744 suorum,
1725 681 1817 750 qui
1844 680 2034 736 iisdem
2058 682 2254 752 quibus

706 772 820 840 ipse
836 771 1079 839 patribus
1099 770 1395 824 secundum
1418 785 1636 825 carnem
1658 772 1923 842 progeniti
1954 780 2099 835 sunt,
2128 787 2253 843 per-

705 875 858 923 sona,
891 860 989 915 has
1026 859 1231 930 profert
1267 874 1469 917 voces:
1496 861 1711 927 Quanta
1742 861 2036 915 audivimus
2077 870 2127 915 et
2165 878 2253 914 co-

699 951 967 1020 gnovimus
984 967 1065 1015 ea,
1086 960 1135 1005 et
1157 960 1332 1019 patres
1358 952 1526 1006 nostri
1552 961 1895 1006 navaverunt
1914 951 2065 1006 nobis
2084 955 2108 1007 ζ)
2131 950 2254 1007 Haec

698 1042 840 1096 enim
888 1041 991 1112 ipsi
1024 1057 1054 1095 a
1083 1042 1327 1112 patribus
1360 1050 1581 1113 accepta
1610 1043 1768 1098 nobis
1804 1058 1869 1097 ex
1897 1042 2135 1113 gentium
2167 1056 2251 1097 se-

697 1134 841 1188 mine
865 1133 1021 1197 ortis,
1040 1141 1100 1186 ut
1122 1133 1344 1203 ignaris,
1363 1133 1783 1196 annuntiabunt,
1800 1133 2174 1203 docebuntque
2188 1148 2251 1187 ea

699 1237 817 1292 qua
865 1222 1105 1293 antiquis
1148 1222 1255 1277 illis
1282 1222 1655 1294 contigerunt;
1678 1238 1798 1293 quae
1827 1237 1859 1275 a
1886 1222 2128 1293 patribus
2158 1236 2252 1292 per

697 1315 1099 1370 successionem
1122 1313 1247 1370 ﬁliis
1276 1313 1493 1380 tradita,
1531 1306 1583 1369 et
1610 1330 1827 1371 rursum
1859 1330 1979 1386 qua:
2014 1314 2081 1368 ab
2100 1315 2250 1370 hisce

696 1408 762 1461 ad
798 1416 1041 1477 posteros
1059 1406 1481 1487 transmissa,ex
1509 1407 1702 1477 hisque
1724 1407 1917 1461 iterum
1950 1406 2016 1461 ad
2036 1406 2173 1461 lilios
2194 1404 2251 1459 li—

696 1499 891 1554 liorum
920 1498 1194 1553 memoriae
1210 1499 1456 1554 mandata
1487 1510 1633 1554 sunt.-
1651 1499 1988 1570 Quapropter
2010 1499 2245 1569 dicitur:

692 1618 762 1628 ——
781 1586 948 1643 Vnus.
968 1588 1017 1641 4.
1043 1587 1164 1642 Non
1183 1598 1303 1643 sunt
1326 1590 1588 1644 occultata
1608 1607 1640 1643 a
1665 1590 1791 1659 ﬁliis
1811 1606 1993 1644 eorum
2012 1590 2066 1643 iu
2092 1584 2265 1659 gena?

694 1681 894 1735 ratione
946 1680 1133 1735 altera.
1168 1678 1464 1736 Narrantes
1496 1680 1677 1735 laudes
1710 1680 1920 1735 Domini
1946 1690 1996 1735 et
2034 1680 2246 1735 virtutes

695 1772 830 1840 ejus,
857 1783 906 1827 et
929 1773 1200 1827 mirabilia
1228 1773 1341 1842 ejus
1374 1789 1490 1844 qua
1519 1773 1659 1842 fecit.
1693 1772 1858 1826 Multa
1902 1772 2119 1842 quidem
2147 1784 2248 1824 uo-

2356 587 2640 659 προσώπου
2674 589 2767 643 καὶ
2797 588 2904 641 τῶν
2937 586 3077 641 κατὰ
3109 586 3284 659 σάρκα
3315 589 3379 641 ὲκ
3406 588 3513 642 τῶν
3540 590 3718 644 αὐτῶν
3744 595 3872 647 πατέ-

2359 696 2463 749 ρων
2504 678 2805 750 γενομένων
2851 680 3161 735 ἀποστόλων
3201 679 3364 734 αὐτοῦ
3412 681 3507 733 καὶ
3539 680 3781 752 μαθητῶν
3805 685 3874 736 καὶ

2353 770 2748 839 εὐαγγελιστῶν
2776 770 2982 835 ταύτας
3013 773 3340 844 προφέρεται
3366 772 3464 837 τὰς
3497 773 3681 841 φωνάς
3705 770 3871 842 λέγων’

2357 863 2502 916 Ὅσα
2528 863 2877 932 ἠκούσαμεν
2906 862 3000 916 καί
3031 863 3292 932 ἔγνωμεν
3316 863 3487 928 αὐτὰ,
3518 865 3614 918 καὶ
3645 867 3707 917 οὶ
3735 866 3877 920 ποτέ·
3916 878 3921 903 τ

2346 967 2450 1018 ρες
2467 951 2632 1021 ἡμῶν
2659 952 3024 1021 διηγήσαντο
3049 954 3223 1023 rudis;
3245 955 3422 1009 Ταῦτα
3444 956 3551 1027 γὰρ
3577 959 3640 1011 ὲκ
3666 960 3876 1031 πατέρων

2351 1040 2503 1093 αὐτοὶ
2531 1040 2941 1113 παρειληφότες,
2978 1042 3106 1113 ἡμῖν
3142 1046 3251 1106 τοῖς
3286 1043 3345 1108 ἐξ
3376 1042 3544 1118 ἐθνῶν
3575 1046 3650 1109 ὡς
3690 1047 3756 1119 μὴ
3785 1050 3875 1102 tm-

2354 1133 2636 1202 σταμένοις
2671 1133 3073 1202 ἀπαγγελοῦσι,
3116 1134 3452 1200 διδάσκοντες
3507 1139 3647 1208 ἡμᾶς
3684 1137 3747 1192 τὰ
3786 1143 3874 1204 τοῖς

2353 1224 2595 1288 παλαιοῖς
2630 1225 3009 1295 συμϐεϐηκότα
3028 1242 3041 1255 '
3075 1225 3110 1279 ἃ
3152 1224 3214 1296 δὴ
3244 1226 3383 1280 κατὰ
3429 1227 3679 1299 διαδοχὴν
3708 1230 3767 1283 ὲκ
3795 1248 3874 1283 πα-

2347 1313 2520 1385 τέρων
2546 1314 2781 1384 ἠκούσθη
2816 1317 2929 1377 τοῖς
2962 1315 3137 1376 παισὶ,
3168 1317 3260 1368 καὶ
3298 1316 3455 1370 πάλιν
3484 1316 3543 1383 ἐξ
3577 1318 3788 1371 ἐκείνων
3813 1322 3873 1381 εἰς

2347 1406 2471 1469 τοὺς
2506 1404 2990 1476 μεταγενεστέρους
3022 1404 3294 1477 ἐλήλυθεν,
3329 1409 3392 1461 ἐκ
3425 1406 3626 1461 τούτων
3654 1426 3717 1461 τε
3749 1405 3872 1471 αὖθις

2348 1498 2425 1561 είς
2451 1498 2641 1559 παῖδας
2665 1497 2865 1551 παίδων
2888 1500 2954 1568 τῇ
2982 1503 3083 1569 μνη
3093 1516 3165 1569 μη
3198 1498 3485 1571 παρεδόθη.
3514 1500 3602 1554 Διὸ
3625 1500 3869 1555 λέλεκται·

2352 1590 2471 1640 Οὐκ
2517 1588 2732 1655 ἐκρύϐη
2770 1586 2887 1641 ἀπὸ
2933 1585 3049 1640 τῶν
3100 1588 3322 1642 τέκνων
3345 1588 3543 1644 αὐτῶν
3584 1594 3670 1657 εἷς
3699 1592 3873 1661 γενεὰν

2346 1672 2572 1744 ἑτέραν.
2610 1676 3121 1747 Ἀπαγγέλλοντες-
3144 1680 3249 1746 τὰς
3272 1670 3531 1747 αἰνέσεις
3553 1682 3656 1735 τοῦ
3688 1684 3873 1750 Κυρίου

2348 1768 2574 1834 καὶτὰς
2610 1732 2968 1836 δυναοίτείας
3005 1771 3209 1834 αὐτοῦ,
3238 1773 3333 1826 καὶ
3369 1773 3441 1827 τὰ
3468 1732 3874 1843 θαυμάσιαῖαὼ
3938 1732 3945 1859 J

691 1865 775 1920 bis
804 1880 835 1919 a
865 1866 1108 1936 patribus
1138 1866 1340 1919 tradita
1367 1872 1513 1929 sunt,
1541 1864 1607 1919 de
1633 1863 1908 1919 beneficiis
1936 1877 1967 1916 a
1995 1861 2105 1917 Deo
2143 1860 2239 1916 sibi

2346 1860 2450 1913 τοῦ
2472 1859 2510 1912 d
2528 1854 2795 1928 ἐποίησε.
2820 1861 2993 1915 Πολλὰ
3025 1863 3121 1932 μέν
3156 1865 3269 1917 ἐστι
3293 1864 3360 1918 τά
3388 1866 3749 1938 παραδοθέντα
3769 1869 3874 1938 ἡμῖν
3938 1845 3945 1867 ³

690 1958 928 2025 collatis;
963 1972 1129 2012 unum
1186 1966 1364 2011 autem
1418 1956 1660 2011 omnium
1708 1956 1941 2011 maxime
1997 1969 2247 2010 necessa-

692 2048 856 2112 rium,
886 2056 970 2102 est
995 2046 1390 2108 testimonium,
1420 2045 1615 2115 lexque
1638 2046 1691 2099 in
1713 2045 2020 2102 testimonio
2049 2045 2242 2115 posita,

690 2152 853 2208 quam
892 2137 1025 2206 ipsis
1056 2136 1263 2205 scripto
1294 2134 1535 2199 tradidit,
1575 2134 1891 2206 praecipiens
1920 2144 1978 2189 ut
2018 2133 2246 2189 medita-

690 2236 879 2283 rentur
915 2228 1107 2298 ipsam,
1140 2233 1193 2281 et
1221 2224 1341 2295 ejus
1362 2226 1761 2281 meditationem
1794 2226 1936 2287 filiis,
1955 2226 2243 2296 nepotibus

686 2327 741 2375 et
767 2319 996 2389 posteris
1017 2332 1111 2388 per
1132 2316 1529 2372 successionem
1567 2316 1854 2370 traderent.
1882 2314 2242 2382 Quamobrem

690 2412 767 2465 ait
791 2429 803 2464 :
827 2407 1079 2463 --Vt-:us.
1110 2408 1163 2464 5.
1190 2406 1258 2461 Et
1286 2408 1557 2462 suscitavit
1590 2408 1941 2461 testimonium
1967 2409 2023 2461 in
2052 2405 2238 2471 Iacob,

687 2513 737 2559 et
775 2503 935 2573 legem
966 2502 1139 2571 posuit
1168 2501 1221 2554 in
1268 2499 1460 2555 Israel.
1500 2498 1890 2555 Testimonium
1948 2500 2243 2555 vocabatur

688 2595 1101 2651 tabernaculum
1139 2592 1457 2656 testimonii,
1476 2593 1530 2647 in
1558 2608 1667 2663 quo
1692 2592 1935 2663 deposita
1962 2600 2081 2647 erat
2110 2604 2237 2645 arca

685 2684 1040 2749 testamenti,
1075 2684 1161 2738 lex
1201 2684 1256 2737 in
1295 2697 1421 2737 arca
1460 2682 1658 2753 posita,
1686 2698 1894 2738 necnon
1958 2681 2237 2737 cherubim

669 2783 736 2831 iet
762 2774 1221 2846 propitiatorium,
1253 2770 1663 2836 candelabrum,
1695 2788 1882 2829 mensa
1916 2779 1969 2827 et
1992 2771 2237 2842 proposi-

672 2867 760 2921 tio
780 2880 978 2936 panum
1013 2883 1026 2918 :
1067 2879 1186 2934 qua:
1230 2863 1418 2933 jussus
1444 2863 1629 2923 facere
1676 2861 1909 2934 Moyses,
1940 2861 2237 2917 secundum

685 2955 959 3025 exemplar
987 2954 1129 3024 quod
1165 2953 1269 3024 ipsi
1300 2956 1355 3008 in
1371 2961 1561 3013 monte
1591 2951 1872 3009 ostensum
1913 2948 2088 3007 fuerat
2116 2966 2242 3005 con-

682 3045 902 3100 struxit.
936 3041 1046 3097 Sed
1070 3043 1197 3097 olim
1229 3042 1445 3113 quidem
1499 3043 1583 3097 lex
1623 3042 1711 3097 illa
1763 3049 1818 3097 et
1869 3042 2239 3099 testimonium

682 3137 817 3193 illud
868 3135 1072 3191 Jacobo
1106 3143 1160 3191 et
1193 3136 1319 3191 Isra
1345 3136 1376 3189 li
1434 3136 1642 3190 tradita'
1680 3133 1912 3190 fuerant.
1971 3132 2237 3199 Quoniam

680 3244 810 3286 vero
831 3229 914 3284 .iis
968 3229 1205 3298 acceptis
1264 3228 1341 3281 illi
1397 3227 1724 3299 transgressi
1763 3233 1910 3290 sunt,
1943 3226 2067 3296 jure
2120 3227 2236 3295 ipse

681 3338 804 3377 cum
841 3321 1005 3376 alium
1051 3321 1153 3376 sibi
1187 3327 1433 3391 parasset
1486 3319 1765 3390 populum,
1800 3316 2052 3386 aliudque
2082 3318 2237 3372 testi-

682 3416 945 3479 monium,
970 3412 1229 3483 -videlicet
1246 3427 1459 3483 corpus
1505 3411 1733 3474 Christi,
1771 3408 1915 3481 quod
1946 3408 2040 3462 Dei
2074 3406 2235 3463 Verbi

680 3508 881 3579 inipso
914 3506 1207 3562 habitantis
1228 3506 1499 3574 templum
1532 3512 1678 3570 erat,
1719 3511 1779 3557 ut
1813 3507 1928 3577 ipse
1959 3503 2034 3556 ait
2064 3522 2077 3558 :
2114 3502 2237 3558 Sol-

679 3602 779 3655 vite
809 3599 1056 3668 templum
1085 3598 1277 3660 hoc,.et
1297 3598 1351 3649 iu
1381 3594 1545 3650 tribus
1564 3594 1755 3649 diebus
1775 3594 2013 3650 excitabo
2034 3594 2168 3649 illud
2190 3595 2231 3662 ⁹;

678 3693 747 3748 ad
779 3692 895 3749 haec
930 3690 1097 3745 etiam
1130 3688 1329 3758 populo
1360 3702 1460 3742 suo
1507 3687 1677 3759 legem
1730 3688 1888 3742 aliam
1909 3729 1924 3753 ,
1962 3689 2233 3760 evangeli-

677 3799 799 3840 cam
825 3780 1097 3845 videlicet,
1112 3778 1296 3833 tradit.
1336 3776 1457 3834 Ideo
1482 3778 1827 3850 in.princi.pio
1853 3778 2015 3850 hujus
2039 3778 2233 3850 psalmi

677 3874 753 3929 ait
787 3892 801 3927 :
832 3868 1115 3933 Attendite,
1144 3869 1329 3938 popule
1362 3886 1527 3935 meus,
1566 3869 1725 3941 legem
1753 3886 1952 3935 meam;
1979 3879 2231 3927 caeterum

677 3968 847 4038 legem
894 3963 1170 4031 antiquam
1202 3969 1255 4016 et
1311 3970 1546 4022 veterem
1603 3961 2071 4031 testificationem)
2108 3978 2233 4033 nam

682 4062 762 4114 sic
794 4060 1180 4129 interpretatus
1227 4056 1585 4129 Symmachus
1621 4064 1725 4122 est,
1747 4056 1934 4113 dicens
1965 4076 1978 4112 :
2016 4055 2084 4110 Et
2119 4065 2232 4111 sta-

677 4151 776 4204 tuit
806 4151 1219 4220 testiﬁcationem
1247 4148 1435 4219 Iacob)
1466 4162 1589 4202 cum
1621 4150 1798 4218 priore
1822 4148 2027 4218 populo
2056 4147 2234 4215 dispo—
2262 4198 2265 4202 .

664 4244 804 4311 .suit,
824 4232 1140 4314 praecipiens
1170 4242 1303 4312 ipsis
1328 4248 1387 4295 ut
1407 4248 1531 4294 nota
1554 4238 1791 4295 lacerent
1813 4251 1878 4294 ea
1910 4240 2031 4293 ﬁliis
2060 4245 2112 4293 et
2141 4255 2235 4292 ne-

667 4322 891 4409 potibus
917 4337 1052 4401 suis,
1091 4343 1150 4390 ut
1169 4333 1447 4406 generatio
1479 4332 1627 4387 nulla
1653 4332 1945 4403 ignoraret,
1976 4332 2067 4387 sed
2099 4331 2232 4400 legis

672 4429 917 4486 doctrina
963 4430 1018 4484 in
1060 4426 1293 4499 posteris
1347 4440 1562 4497 quoque
1617 4430 1877 4478 maneret.
1911 4421 2120 4477 Idcirco
2147 4421 2231 4474 di-

2345 1949 2449 2002 ὑπὸ
2486 1948 2593 2002 τῶν
2644 1951 2913 2021 πατέρων,
2954 1952 3097 2024 άπερ
3141 1955 3337 2018 αὐτοὺς
3377 1958 3406 2008 ὁ
3448 1955 3579 2020 Θεὸς
3609 1957 3875 2027 εὐεργετῶν

2342 2040 2661 2112 διεπράξατο
2677 2060 2690 2072 ·
2716 2040 2772 2095 ἒν
2796 2042 2852 2096 δὲ
2875 2043 2930 2096 τὸ
2951 2043 3165 2099 πάντων
3186 2046 3602 2117 ἀναγκαιότερον
3627 2050 3786 2102 έκεῖνο
3803 2043 3874 2119 ἦν,
3946 2054 3947 2063 ‘

2342 2129 2484 2199 λέγω
2501 2131 2558 2194 δὲ
2586 2130 2646 2184 τὸ
2669 2130 2981 2204 μαρτύριον,
3006 2133 3099 2186 καὶ
3129 2135 3157 2186 ό
3192 2137 3249 2187 ὲν
3286 2134 3364 2206 τῷ
3406 2138 3684 2209 μαρτυρίῳ
3718 2138 3874 2208 νόμος,

2342 2223 2402 2275 ὃν
2438 2224 2725 2293 ἐγγράφως
2785 2226 2967 2288 αὐτοῖς
3000 2216 3359 2297 παρέδωκεν,
3399 2229 3763 2300 ἐντειλάμενος
3795 2247 3874 2299 με·

2341 2313 2500 2384 λετᾷν
2533 2316 2584 2367 ὲν
2622 2314 2785 2386 αὐτῷ,
2812 2318 2903 2371 καὶ
2943 2320 3049 2381 τοῖς
3080 2319 3259 2372 αὐτῶν
3301 2321 3455 2373 παισί
3486 2338 3546 2373 τε
3573 2322 3667 2374 καὶ
3704 2322 3876 2388 ἀπογόο

2342 2423 2449 2470 νοις
2476 2409 2587 2470 τοῖς
2613 2406 2752 2459 κατὰ
2771 2408 3017 2479 διαδοχὴν
3042 2410 3418 2480 γενησομένοις
3439 2412 3773 2482 παραδιδόναι
3796 2412 3875 2483 τὴν

2341 2496 2527 2551 τούτου
2565 2498 2809 2569 μελέτην.
2841 2499 2929 2551 Διό
2950 2516 3109 2571 φησιίο
3138 2501 3247 2554 Kal
3273 2501 3574 2568 ἀνέστησε
3588 2505 3876 2573 μαρτύριον

2339 2592 2409 2644 ἐν
2449 2590 2658 2653 Ἰακὼϐ,
2691 2592 2788 2644 καὶ
2813 2593 2998 2661 νόμον
3026 2596 3189 2648 ἔθετο
3214 2594 3285 2647 ἐν
3313 2594 3566 2663 Ἰσραήλ.
3595 2597 3875 2670 Μαρτύριον

2338 2682 2394 2734 δὲ
2426 2682 2725 2754 ἐκαλεῖτοὴ
2756 2684 2927 2756 σκηνὴ
2956 2683 3048 2738 τοῦ
3076 2686 3394 2757 μαρτυρίου,
3424 2688 3481 2739 ὲν
3573 2687 3810 2741 ἀπέκειτο
3846 2690 3873 2757 ἡ

2340 2774 2568 2837 κιϐωτὸς
2614 2775 2712 2845 τῆς
2743 2776 3014 2848 Διαθήκης
3033 2810 3051 2840 ,
3088 2779 3179 2830 καὶ
3209 2780 3238 2831 ὁ
3264 2781 3321 2832 ἐν
3349 2782 3416 2851 τῇ
3470 2779 3689 2851 κιϐωτῷ
3716 2779 3873 2850 νόμος,

2339 2862 2407 2916 τά
2430 2880 2487 2914 τε
2518 2864 2779 2935 χερονϐὶμ
2805 2866 2896 2919 καὶ
2924 2867 2983 2919 τὸ
3021 2866 3348 2939 ἱλαστήριον,
3384 2871 3477 2923 καὶ
3504 2871 3538 2940 η
3566 2869 3766 2941 λυχνία,
3797 2868 3875 2921 καὶ

2339 2956 2373 3026 ἡ
2405 2955 2670 3026 τράπεζα,
2701 2957 2849 3028 καὶὴ
2877 2957 3130 3031 πρόθεσις
3162 2958 3270 3012 τῶν
3296 2960 3473 3031 ἄρτων
3493 2977 3506 2990 ⁸
3540 2961 3683 3033 άπερ
3717 2959 3875 3014 κελενο

2341 3047 2488 3113 σθεὶς
2512 3049 2732 3120 ποιῆσαι
2757 3049 2991 3121 Μωσῆς,
3019 3050 3161 3103 κατὰ
3190 3050 3282 3103 τὸν
3308 3050 3475 3121 τύπον
3504 3052 3593 3105 τὸν
3631 3051 3873 3121 δειχθέντα

2266 3180 2309 3239 C
2340 3140 2486 3212 αὐτῷ
2528 3142 2585 3195 ὲν
2634 3139 2712 3211 τῷ
2757 3139 2877 3212 ὄρει
2919 3130 3336 3195 κατεσκεύασεν.
3383 3141 3545 3227 Ἀλλὰ
3596 3142 3751 3196 πάλαι
3793 3142 3874 3211 μὲν

2342 3233 2546 3294 ἐκεῖνος
2574 3230 2603 3283 ό
2635 3231 2796 3302 νόμος
2830 3230 3009 3284 καὶτὸ
3053 3230 3346 3304 μαρτύριον
3384 3226 3560 3287 έκεῖνο
3599 3233 3675 3304 τῷ
3708 3232 3874 3287 Ἰακὼϐ

2342 3322 2433 3375 καὶ
2459 3319 2538 3393 τῷ
2552 3322 2763 3393 Ἰσραὴλ
2788 3322 2980 3377 δέδοτο.
3002 3324 3214 3395 Ἐπειδὴ
3240 3324 3295 3376 δὲ
3330 3325 3648 3397 παρέϐησαν
3674 3327 3717 3379 οἱ
3747 3341 3873 3395 παρ-

2345 3410 2657 3483 ειληφότες,
2692 3411 2932 3475 εἰκότως
2993 3410 3176 3482 ἓτερον
3225 3412 3401 3482 ἐαυτῷ
3442 3411 3873 3484 καταρτισάμενος

2340 3502 2465 3556 λαὸν
2490 3503 2582 3556 καὶ
2611 3501 2902 3575 μαρτύριον
2931 3502 3137 3574 ἕτερον,
3182 3503 3244 3556 τὸ
3288 3502 3524 3575 Χριστοῦ
3548 3503 3732 3575 σῶμα,
3763 3499 3873 3555 ναὸν

2339 3592 2397 3646 δν
2424 3592 2516 3646 τοῦ
2550 3593 2824 3657 οἰκοῦντος
2855 3594 2912 3646 ὲν
2942 3591 3088 3664 αὐτῷ
3115 3592 3248 3647 Θεοῦ
3280 3593 3473 3662 Λόγου,
3503 3593 3578 3656 ὡς
3604 3592 3752 3653 αὐτὸς
3780 3590 3872 3643 ἐδε-

2337 3684 2491 3749 δαξεν
2530 3684 2727 3758 εἰπών·
2763 3686 2999 3741 Λύσατε
3048 3684 3154 3737 τὸν
3199 3684 3347 3737 ναὸν
3388 3684 3637 3750 τοῦτον,
3686 3684 3771 3737 καί
3814 3683 3873 3734 ἐν

2337 3778 2535 3847 τρισὶν
2560 3776 2807 3847 ἡμέραις
2830 3775 3014 3845 ἐγερῶ
3048 3777 3263 3829 αὐτόν’
3299 3777 3390 3829 καὶ
3420 3776 3556 3847 πρὸς
3580 3778 3773 3841 τούτοις
3794 3778 3874 3831 καὶ

2338 3870 2497 3940 νόμον
2515 3869 2700 3939 ἕτερον
2728 3869 2818 3923 τὸν
2856 3866 3205 3936 εὐαγγελικὺν
3230 3866 3307 3937 τῷ
3340 3870 3532 3929 ἑαυτοῦ
3565 3870 3677 3941 λαῷ
3718 3887 3871 3939 παρα-

2337 3961 2536 4017 δίδωσι.
2577 3962 2663 4015 Διὸ
2700 3963 2757 4014 ὲν
2785 3962 2924 4033 ἀρχῇ
2954 3960 3060 4014 τῶν
3094 3962 3465 4034 προκειμένων
3498 3962 3680 4032 ἐλεγεο
3707 3966 3873 4031 Προσ-

2337 4055 2521 4125 έχετε,
2546 4055 2693 4119 λαός
2715 4072 2855 4123 μου,
2898 4054 3005 4107 τὸν
3046 4054 3231 4122 νόμον
3251 4071 3401 4123 μου·
3437 4054 3578 4125 πλὴν
3625 4054 3749 4109 ἀλλὰ
3792 4055 3870 4106 τὸν

2340 4146 2565 4200 παλαιὸν
2594 4144 2761 4215 νόμον·
2785 4144 2877 4198 καὶ
2896 4144 2994 4214 τὴν
3022 4144 3256 4198 παλαιάν
3299 4145 3694 4218 διαμαρτυρίαν
3730 4144 3871 4213 (οὕτω

2338 4238 2443 4308 γὰρ
2484 4237 2825 4309 ήρμήνευσεν
2864 4237 2890 4289 ὁ
2940 4237 3232 4307 Σύμμαχος
3264 4239 3462 4291 εἰπών’
3513 4239 3623 4293 Kal
3673 4239 3870 4306 ἔστησε

2337 4325 2759 4396 διαμαρτυρίαν
2789 4327 2869 4392 τῷ
2906 4327 3131 4397 Ἰακώϐ)
3156 4327 3232 4397 τῷ
3265 4327 3514 4399 προτέρῳ
3542 4329 3651 4400 λαῷ
3670 4328 3868 4388 διέθετο,

2337 4419 2703 4489 ἐντειλάμενος
2736 4419 2915 4481 αὐτοῖς
2944 4418 3215 4489 γνωρίσαι
3247 4418 3383 4471 αὐτὰ
3412 4423 3525 4484 τοῖς
3558 4422 3689 4483 υἱοῖς
3713 4417 3869 4472 αὐτῶν

670 4530 815 4578 ctum
849 4528 966 4577 est:
1006 4551 1075 4562 —
1112 4520 1278 4573 Vens.
1304 4516 1356 4573 6.
1393 4519 1457 4572 Ut
1508 4524 1787 4587 cognoscat
1833 4513 2097 4582 generatio
2141 4511 2222 4564 al-

2342 4510 2435 4565 καὶ
2458 4508 2759 4577 ἀπογόνοις,
2802 4506 2876 4571 ὡς
2918 4507 2983 4562 ἂν
3020 4506 3286 4577 μηδεμίαν
3328 4507 3477 4560 λάθοι
3524 4509 3730 4576 γενεὰν,
3764 4506 3863 4558 δια-

673 4625 806 4677 tera,
836 4615 935 4685 ﬁlii
960 4614 1049 4685 qui
1095 4622 1395 4675 nascentur,
1429 4620 1479 4665 et
1513 4617 1815 4679 exsurgent,
1856 4616 1904 4660 et
1939 4603 2231 4658 narrabant

671 4726 732 4762 ea
750 4709 875 4778 ﬁliis
901 4709 1034 4764 suis.
1062 4706 1524 4775 Complementum
1556 4710 1735 4757 autem
1759 4706 1813 4755 et
1838 4712 2037 4767 scopus
2063 4694 2230 4749 medi-

672 4801 892 4856 tationis
937 4799 1073 4867 legis
1125 4797 1214 4851 hic
1248 4806 1364 4850 erat
1396 4814 1408 4849 :
1435 4825 1504 4835 —
1535 4792 1779 4847 Vsss.7.
1817 4788 1883 4844 Ut
1931 4797 2125 4854 ponant
2178 4787 2232 4839 in

668 4893 780 4947 'Deo
808 4908 971 4960 spem,
999 4900 1048 4942 et
1083 4906 1183 4941 non
1210 4888 1592 4955 robliviscantur
1625 4900 1835 4954 operum
1862 4882 2051 4945 Dei,.et
2081 4897 2231 4933 mau-

669 5002 797 5049 data
824 4995 938 5065 ejus
963 4984 1280 5063 exquirant;
1307 4998 1364 5041 ut
1392 5005 1492 5041 non
1525 4988 1657 5055 ﬁant
1687 4988 2008 5054 sicutpatres
2028 4999 2226 5041 eorum.

669 5092 934 5163 generatio
969 5101 1133 5158 prava
1177 5095 1225 5139 et
1272 5098 1590 5152 exasperans
1622 5097 1637 5133 :
1668 5082 1930 5150 generatio
1963 5096 2079 5149 ante
2128 5094 2230 5132 nou

660 5198 863 5251 direxit
897 5211 987 5249 cor
1017 5206 1186 5253 suum,
1216 5197 1265 5240 et
1296 5204 1399 5241 non
1428 5185 1598 5257 ﬁdelis
1638 5183 1739 5252 fuit
1766 5199 1898 5235 .cum
1928 5183 2034 5237 Deo
2068 5183 2229 5252 spiri—

672 5316 755 5359 tus
782 5302 915 5371 ejus.
949 5298 1079 5365 Qum
1135 5296 1227 5349 illa
1257 5293 1407 5363 prior
1449 5300 1662 5362 patrum
1687 5289 1982 5360 generatio,
2013 5288 2118 5342 nisi
2167 5298 2229 5340 ea

671 5424 791 5481 qua:
834 5372 1077 5474 tempore
1119 5398 1319 5471 Hoysis
1358 5395 1748 5473 eratipropter
1801 5407 1959 5463 quam
2018 5392 2227 5463 Moyses

670 5515 923 5580 acceptas
970 5505 1103 5575 legis
1124 5502 1348 5557 tabulas
1381 5499 1665 5563 contrivit;
1711 5497 1789 5553 sic
1822 5498 1966 5551 enim
2018 5495 2227 5568 Moyses

672 5614 797 5666 illos
827 5605 1229 5680 generationem
1279 5614 1501 5671 pravam
1533 5607 1586 5652 et
1616 5611 1925 5667 perversam
1969 5596 2223 5657 vocabat,

671 5710 793 5764 haec
830 5708 882 5759 in
914 5705 1035 5758 illos
1064 5699 1423 5771 pronuntians
1452 5718 1464 5753 :
1495 5694 1621 5752 Filii
1658 5694 2041 5766 vituperabiles,
2071 5709 2221 5765 gene-

739 5872 761 5902 '
802 5864 959 5919 Joan.
1002 5876 1063 5927 ιι,
1096 5857 1183 5917 l9.

2337 4601 2484 4673 μένοι
2510 4599 2566 4655 δὲ
2594 4603 2626 4670 ἡ
2651 4599 2744 4653 τοῦ
2786 4600 2950 4669 νόμου
2993 4598 3305 4651 διδασκαλία
3334 4598 3428 4651 καὶ
3463 4600 3542 4661 είς
3583 4600 3705 4663 τοὺς
3748 4596 3866 4667 μετὰ

2331 4691 2501 4745 ταῦτα
2537 4690 2947 4761 γενησομένους.
2988 4688 3079 4740 Διὸ
3125 4687 3371 4741 λέλεκται
3393 4704 3406 4719 ·
3440 4689 3631 4754 Ὅπως
3662 4687 3735 4742 ἂν
3763 4684 3868 4754 γνῷ

2330 4782 2502 4851 γενεὰ
2532 4782 2700 4851 ἑτέρα
2719 4821 2732 4843 ,
2767 4764 3344 4849 υίοὶ’τεχθησόμενοι
3384 4782 3479 4833 καὶ
3514 4778 3866 4845 ἀναστήσον-

2330 4892 2442 4937 ται,
2477 4875 2569 4929 καὶ
2600 4872 3037 4944 ἀναγγελοῦσιν
3058 4873 3207 4926 αὐτὰ
3245 4871 3367 4939 τοῖς
3389 4872 3541 4938 υἱοῖς
3575 4870 3775 4925 αὐτῶν.
3805 4871 3868 4922 Τὸ

2329 4964 2384 5019 δὲ
2409 4966 2777 5037 συμπέρασμα
2807 4964 2904 5035 τῆς
2934 4964 3028 5019 τοῦ
3052 4964 3227 5035 νόμου.
3251 4964 3477 5035 μελέτης
3508 4964 3602 5017 καὶ
3635 4966 3663 5016 ὁ
3689 4963 3866 5025 σκοπὸς

2329 5052 2477 5121 οὗτος
2514 5053 2601 5127 ἦν,
2633 5056 2768 5109 Ἵνα
2809 5054 3020 5110 θῶνται
3050 5056 3147 5110 ἐπὶ
3192 5056 3300 5110 τὸν
3330 5054 3475 5109 Θεὸν
3496 5054 3610 5123 τὴν
3652 5044 3864 5114 enisa.

2328 5149 2424 5202 καί
2453 5148 2538 5218 μὴ
2562 5147 2953 5202 ἐπιλάθωνται
2988 5147 3105 5202 τῶν
3131 5137 3319 5217 ἔργων
3344 5147 3449 5201 τοῦ
3476 5148 3643 5212 Θεοῦ,
3666 5150 3765 5203 καὶ
3790 5148 3867 5207 τὰς

2328 5240 2588 5306 ἐντολὰς
2629 5239 2809 5293 αὐτοῦ
2840 5238 3243 5308 ἐκζητήσωσιν
3266 5254 3279 5266 ·
3326 5239 3427 5291 ἵνα
3478 5238 3565 5307 μὴ
3602 5240 3865 5308 γένωνται

2326 5332 2406 5397 ὠς
2443 5336 2497 5385 οἱ
2539 5331 2788 5399 πατέρες
2819 5331 3013 5385 αὐτῶν
3031 5370 3045 5395 ,
3087 5329 3260 5400 γενεὰ
3304 5330 3522 5385 σκολιὰ
3571 5332 3668 5384 καὶ
3701 5339 3867 5399 uapi-

2328 5424 2753 5494 πικραίνουσα·
2784 5423 2956 5493 γενεὰ
2992 5423 3121 5489 ἥτις
3146 5423 3216 5476 οὐ
3246 5423 3579 5489 κατηύθυνε
3614 5422 3729 5490 τὴν
3750 5432 3868 5489 κα]-

2326 5512 2463 5568 δίαν
2485 5512 2702 5582 αὐτῆς,
2735 5513 2832 5565 καὶ
2876 5515 2985 5567 οὐκ
3014 5510 3307 5579 ἐπιστώθη
3330 5510 3481 5580 μετὰ
3513 5511 3620 5563 τοῦ
3652 5510 3803 5563 Θεοῦ
3830 5504 3870 5562 ἐ

2326 5606 2559 5676 ,πνεῦμα
2612 5604 2817 5673 αὐτῆς.
2855 5605 2949 5669 Τίς
3002 5604 3057 5657 δὲ
3108 5598 3175 5675 ἦν
3223 5606 3254 5674 η
3304 5604 3540 5683 προτέρα
3587 5602 3748 5670 γενεὰ
3787 5602 3871 5653 τῶν

2328 5698 2574 5771 πατέρων
2607 5696 2718 5751 ἀλλ’
2752 5697 2783 5767 ἢ
2817 5698 2900 5751 ἐπ’
2935 5696 3094 5752 αῦτοῦ
3136 5697 3376 5761 Μωσέως
3407 5696 3707 5767 γενομένης
3734 5695 3803 5751 δι’
3830 5698 3869 5765 ἧι
