3974 6354
81 406 168 461 909
1050 397 1052 399 ’
1124 407 1618 466 COMMENTARIA
1657 408 1721 463 lN
1753 408 2081 464 PSALMOS.

3134 406 3236 461 916

80 523 344 594 δεξάμενος
371 525 572 596 Μωσῆς
599 525 695 590 τὰς
739 526 948 591 πλάκας
986 527 1082 598 τῆς
1127 529 1437 599 νομοθεσίας
1483 545 1606 582 συν-

1709 528 1843 581 ratio
1888 544 2050 598 prava
2100 534 2149 582 et
2181 532 2435 596 perversa,
2479 523 2702 578 ha'ccine
2732 521 2951 576 Domino
2988 520 3242 577 redditis?

81 617 276 687 ἐτριψεν
295 634 308 647 ·
344 617 512 680 οὕτως
534 618 660 686 γοῦν
697 604 806 671 καί
830 618 987 683 αὐτὸς
1017 621 1216 692 Μωσῆς
1257 623 1446 692 γενεὰν
1480 638 1603 674 σκο-

81 709 185 760 λιὰν
226 707 318 760 καὶ
347 708 771 780 διεστραμμένην
817 711 1011 774 αὐτοὺς
1061 710 1272 774 ἐκάλει,
1319 714 1397 775 είς
1430 711 1605 766 αὐτῶν

83 798 348 871 πρόσωπον
387 800 790 870 ἀποτεινόμενος
833 802 923 854 καὶ
955 801 1153 869 λέγων·
1196 801 1378 855 Τέκνα
1412 818 1608 870 μωμη-

83 890 159 953 τὰ,
183 887 350 956 τενεὰ
384 890 599 943 σκολιὰ
624 890 718 943 καὶ
744 890 1189 961 διεστραμμένη,
1211 893 1392 945 ταῦτα
1418 893 1608 960 Κυρίῳ

83 979 515 1045 ἀνταποδίδοτε;
538 982 684 1034 οὕτω
715 983 862 1048 λαὸς
880 983 1072 1051 μωρὸς
1094 983 1188 1035 καὶ
1218 984 1350 1052 οὐχὶ
1381 987 1605 1052 σοφός;

93 1071 216 1123 Ἀλλ’
246 1071 329 1124 ἵνα
374 1071 447 1142 μὴ
479 1071 529 1124 οί
576 1073 709 1143 μετὰ
757 1072 926 1126 ταῦτα
976 1063 1318 1144 γενησόμενοι
1351 1077 1458 1137 τοῖς
1503 1093 1605 1126 πα-

83 1162 253 1230 τράσιν
281 1161 703 1215 ἀποτελεσθῶσιν
729 1165 920 1234 ὅμοιοι,
953 1164 1223 1234 ἔγγραφον
1253 1164 1434 1226 αὐτοῖς
1467 1182 1606 1234 παρ-

84 1253 230 1305 έδωκε
272 1254 356 1305 τὸν
392 1254 570 1322 νόμον,
592 1255 684 1306 καὶ
705 1255 802 1324 τὴν
833 1255 1241 1326 διαμαρτυρίαν,
1261 1255 1329 1316 διῖ
1349 1249 1414 1324 ἧς
1435 1271 1604 1324 κατη-

84 1346 218 1412 γορεῖ
253 1343 345 1415 μὲν
375 1344 480 1396 τῶν
520 1345 781 1416 πατέρων,
816 1346 1138 1399 διεστείλατο
1168 1346 1223 1398 δὲ
1262 1347 1354 1398 καὶ
1387 1345 1606 1414 διεμαρ-

83 1433 262 1501 τύρατο
296 1437 406 1498 τοῖς
435 1434 642 1498 τέκνοις
673 1436 746 1508 μὴ
779 1437 1147 1507 ἐξομοιοῦσθαι
1198 1439 1306 1499 τοῖς
1349 1436 1600 1506 πατράσι,

88 1523 201 1590 μηδὲ
237 1525 298 1593 τῇ
330 1524 568 1597 προτέρᾳ.
603 1528 782 1596 γενεᾷ,
833 1527 962 1594 ἣτις
1010 1529 1080 1579 οὐ
1127 1527 1453 1594 κατηύθυνε
1493 1525 1605 1592 τὴν

84 1612 308 1679 καρδίαν
333 1614 541 1682 αὐτῆς,
576 1616 672 1668 καὶ
693 1619 802 1669 οὐκ
828 1615 1121 1684 ὲπιστώθη
1150 1616 1296 1684 μετὰ
1326 1613 1430 1667 τοῦ
1463 1613 1606 1666 Θεοῦ

83 1704 138 1755 τό
163 1705 384 1773 πνεῦμα
414 1705 620 1774 αὐτῆς.
657 1707 729 1759 Οὐ
764 1706 872 1777 γὰρ
911 1707 1118 1776 φύσεως
1146 1705 1350 1776 φαύλης
1374 1701 1460 1775 ἦν,
1488 1698 1608 1756 οὐδὲ

1705 621 1892 674 siccius
1916 631 2133 690 poputus
2164 619 2354 673 stultus
2383 626 2432 671 et
2459 632 2560 670 non
2575 616 2778 685 sapiens
2805 615 2888 668 “’i
2918 613 3020 668 Sed
3048 622 3110 668 ut
3147 630 3241 670 eo-

1704 723 1828 763 rum
1867 717 2090 780 nepotes
2132 708 2375 778 patribus
2406 706 2608 762 similes
2640 720 2744 758 non
2773 703 3080 769 evaderent,
3109 706 3244 768 scri-

1707 807 1852 867 ptam
1893 799 2026 869 ipsis
2075 799 2243 868 legem
2283 797 2524 860 tradidit,
2561 803 2616 851 et
2655 795 3108 859 testilicationem,
3136 811 3244 865 qua

1706 898 1886 960 patres
1924 889 2139 960 quidem
2168 889 2454 951 incusavit,
2479 887 2730 959 praecepit
2760 894 2935 940 autem
2967 895 3019 939 et
3057 886 3245 941 testiiio

1707 989 1861 1036 catus
1889 981 2012 1036 ﬁliis
2033 987 2138 1044 est,
2175 988 2235 1033 ut
2263 995 2329 1034 ne
2356 979 2596 1050 patribus
2619 977 2821 1033 similes
2845 985 3047 1041 essent,
3070 992 3245 1047 neque

1711 1072 1876 1140 priori
1907 1071 1982 1124 illi
2012 1058 2365 1141 ge‘nerationi,
2387 1085 2502 1139 qua:
2528 1085 2630 1121 non
2655 1067 2844 1120 direxit
2875 1083 2964 1118 cor
2996 1083 3170 1134 suum,
3194 1079 3244 1121 et

1709 1177 1811 1214 non
1858 1159 2027 1229 ﬁdelis
2072 1159 2171 1228 fuit
2214 1174 2329 1211 cum
2359 1156 2466 1220 Deo
2496 1157 2708 1226 spiritus
2732 1156 2864 1225 ejus.
2891 1153 3072 1224 Neque
3101 1157 3246 1210 enim

1709 1268 1884 1322 prava
1919 1261 2124 1306 naturae
2152 1259 2286 1313 erat,
2317 1264 2488 1318 neque
2517 1248 2668 1301 mala:
2695 1246 3121 1321 constitutionis;
3151 1247 3245 1302 sed

1711 1359 1777 1398 ex
1816 1330 2091 1407 voluntate
2117 1341 2224 1396 Deo
2247 1339 2648 1410 obsequentiam
2673 1339 2998 1404 detrectans,
3029 1353 3244 1392 exacer-

1710 1433 1856 1487 bavit
1877 1449 2024 1500 eum,
2055 1423 2214 1501 atque
2235 1447 2300 1486 ex
2330 1431 2667 1501 perversione
2685 1439 2922 1485 tortuosa
2940 1430 3121 1485 ell‘ecta
3142 1440 3243 1483 est.

1709 1519 2065 1588 Quamobrem
2119 1522 2410 1577 secundum
2452 1519 2828 1590 Symmachum
2878 1520 3078 1574 dictum
3119 1530 3245 1574 est:

1715 1609 1987 1666 Generatio
2015 1610 2182 1664 inuita
2211 1609 2385 1675 corde,
2420 1620 2466 1663 et
2490 1612 2704 1678 inﬁrma
2726 1627 2849 1680 erga
2874 1611 3035 1665 Deum
3064 1611 3248 1678 spiritu

1713 1717 1825 1755 suo.

83 1797 396 1867 κατασκευῆς
424 1803 679 1870 πονηρᾶς,
709 1802 771 1852 ὲκ
803 1801 1166 1872 προαιρέσεως
1228 1800 1282 1852 δὲ
1351 1797 1674 1852 ἀνανεύουσα
1715 1795 1849 1867 πρὸς
1885 1795 1984 1866 τὴν
2030 1794 2124 1848 τοῦ
2158 1793 2290 1848 Θεοῦ
2329 1793 2568 1865 ὑπακοὴν
2612 1795 3015 1866 παοεπίκρανε,
3052 1796 3144 1848 καί
3185 1797 3249 1848 ἐκ

83 1885 384 1957 διαστροφῆς
425 1889 608 1943 σκολιὰ
643 1891 826 1958 γέγονε
849 1909 861 1921 ·
897 1892 976 1944 διὸ
1014 1892 1151 1944 κατὰ
1196 1892 1285 1945 τὸν
1321 1892 1610 1962 Σύμμαχον
1648 1893 1886 1960 είρηται·
1919 1889 2130 1942 Τενεὰ
2171 1889 2549 1957 ἀπροαίρετος
2585 1888 2659 1957 τῇ
2715 1888 2943 1957 καρδίᾳ,
2982 1889 3079 1942 καὶ
3119 1886 3251 1942 ἀϐέ-

85 1979 225 2044 ϐαιος
250 1981 394 2046 πρὸς
419 1981 523 2033 τὸν
545 1983 690 2036 Θεὸν
714 1983 793 2048 τῷ
826 1987 1115 2054 πνεύματι
1159 1985 1238 2050 τῷ
1265 1984 1501 2054 ἑαυτῆς.

151 2095 262 2147 Υἱοὶ
305 2072 576 2165 Ἐφραῒμ,
614 2100 977 2178 ἐντείνοντες
1015 2102 1111 2155 καὶ
1139 2101 1476 2168 βάλλοντες
1512 2103 1607 2155 τό-

1778 2096 1941 2151 Vsus.
1997 2096 2049 2151 9.
2081 2093 2214 2149 Filii
2259 2094 2510 2165 Ephraim
2543 2093 2856 2147 intendente:
2887 2101 2937 2147 et
2963 2094 3246 2149 emittentes

86 2183 213 2250 ξοις,
240 2185 621 2255 ἐστράφησαν
646 2189 714 2241 ἐν
739 2189 923 2260 ἡμέρᾳ
952 2189 1230 2262 πολέμου.
1266 2194 1324 2247 '0
1358 2193 1453 2264 μὲν
1478 2193 1610 2262 ἀγα-

87 2274 163 2338 θὸς
187 2277 273 2330 καὶ
288 2277 654 2349 φιλάνθρωπος
673 2280 872 2352 Κύριος
891 2285 1002 2346 τοῖς
1026 2283 1257 2354 πρώτοις
1279 2286 1610 2358 προπάτορσι

88 2367 163 2421 τοῦ
205 2369 463 2423 Ἰουδαίων
502 2369 682 2436 ἔθνους
734 2373 867 2443 ἔργα
909 2373 1104 2438 παντὸς
1148 2375 1311 2444 λόγου,
1335 2378 1611 2447 κρείττονα

89 2460 392 2515 ἐνεδείκνυτο
426 2462 496 2516 τὰ
533 2460 618 2516 διὰ
660 2465 927 2528 Μωσέως·
968 2467 1016 2519 οἱ
1053 2467 1109 2519 δὲ
1139 2467 1376 2536 ἐγίνοντο
1410 2468 1610 2539 σκληρ-

89 2546 286 2616 αύχενες
323 2551 416 2603 καὶ
448 2551 524 2614 ὡς
555 2552 762 2623 ἀληθῶς
809 2553 931 2617 λαὸς
961 2560 1138 2626 μωρὸς
1161 2557 1253 2610 καὶ
1280 2557 1401 2625 οὐχὶ
1431 2557 1606 2625 σοφὸς.

88 2638 166 2689 καὶ
213 2640 368 2707 γενεὰ
419 2642 606 2695 σκολιὰ
654 2629 744 2700 καὶ
797 2645 1220 2717 διεστραμμένη.
1298 2647 1453 2700 Ἀλλὰ
1503 2648 1609 2700 τῶν

100 2726 291 2796 πρώτων
325 2731 576 2785 τοιούτων
600 2733 1035 2803 ἁπελεγχθέντων
1059 2775 1074 2801 ,
1121 2739 1282 2808 νόμον
1321 2742 1441 2801 -τοῖς
1475 2739 1610 2810 μετὰ

87 2817 235 2871 ταῦτα
263 2822 545 2891 παρεδίδου
568 2863 581 2883 ,
616 2824 1059 2906 διαστειλάμενος
1098 2831 1191 2883 καί
1244 2829 1610 2903 διαμαρτυρά-

92 2923 226 2974 μενος
260 2909 315 2962 ὲν
341 2910 490 2981 αὐτῷ
510 2912 578 2966 τά
602 2930 661 2965 τε
690 2915 935 2985 πρακτέα
963 2918 1055 2969 καὶ
1087 2918 1153 2972 τὰ
1196 2920 1269 2990 μή
1289 2936 1302 2949 ·
1338 2923 1612 2992 παραινῶν

88 3010 134 3052 τε
163 2998 228 3068 μὴ
260 3002 537 3071 μιμεῖσθαι
568 3005 691 3066 τοὺς
718 3005 974 3077 πατέρας,
1002 3008 1132 3079 μηδὲ
1162 3009 1260 3081 τὴν
1295 3009 1485 3078 γενεὰν
1515 3013 1612 3082 τὴν

92 3087 299 3154 πολιὰν,
332 3091 468 3161 ¹μηδὲ
511 3093 1189 3169 τὴνπαραπικραίνουσαν,
1219 3099 1349 3168 ἣτις
1377 3103 1449 3156 οὐ
1479 3119 1613 3158 κατ-

88 3180 287 3244 ηύθυνε
331 3183 445 3251 τὴν
486 3186 737 3254 καρδίαν
776 3187 997 3258 αὐτῆς,
1033 3190 1128 3244 καὶ
1167 3194 1277 3246 οὐκ
1320 3192 1611 3261 ἐπιστὼθη

88 3272 214 3335 μετὰ
252 3273 356 3327 τοῦ
407 3276 552 3330 Θεοῦ
581 3278 646 3330 τὸ
674 3280 904 3348 πνεῦμα
940 3279 1142 3350 αὐτῆς.
1185 3285 1244 3336 Ol
1293 3284 1366 3346 δὲ,
1401 3285 1613 3356 χείρους

90 3360 179 3412 τῶν
210 3365 452 3436 πατέρων
485 3368 796 3438 γενόμενοι,
828 3371 975 3427 οὐδὲν
1017 3373 1114 3442 μὲν
1157 3373 1262 3426 ἀπὸ
1293 3375 1389 3445 τῆς
1432 3392 1609 3449 παρα-

89 3449 306 3525 δοθείσης
346 3434 439 3509 τοῦ
488 3434 649 3527 νόμου
698 3463 909 3532 γραφῆς
979 3434 1277 3534 ὧφελοῦντο
1331 3434 1406 3530 είς
1450 3434 1681 3537 βάδθοςο

89 3543 260 3608 κακίας
293 3547 617 3612 ἐλαύνοντες.
645 3551 751 3604 Καὶ
789 3553 990 3621 πρῶτοί
1027 3571 1090 3623 γε
1138 3556 1345 3615 τούτων,
1383 3553 1521 3628 ἦσαν
1561 3562 1609 3613 οἱ

90 3635 177 3686 υἱοὶ
211 3637 463 3710 Ἐφραῒμ,
491 3640 803 3710 τιμηθέντες
838 3644 934 3712 μὲν
966 3642 1222 3716 ἐξαιρετῷ
1243 3649 1370 3717 τιμῇ
1400 3648 1487 3700 διὰ
1517 3650 1608 3702 τοῦ

91 3725 169 3794 τὴν
193 3728 362 3782 αὐτῶν
399 3730 567 3801 φυλὴν
595 3731 686 3784 καὶ
716 3731 804 3784 τὸν
833 3733 1006 3786 αὐτῶν
1038 3735 1232 3806 κλῆρον
1258 3737 1609 3808 προκριθῆναι

91 3817 166 3870 τοῦ
190 3821 381 3886 παντὸς
405 3822 606 3887 ἔθνους,
634 3824 725 3877 καὶ
747 3823 842 3896 τὴν
870 3825 1097 3881 κιϐωτὸν
1126 3829 1218 3882 τοῦ
1245 3829 1376 3883 Θεοῦ
1403 3831 1494 3884 καὶ
1515 3831 1609 3902 τὴν

88 3909 270 3983 αηνὴν
289 3912 380 3966 τοῦ
405 3915 697 3986 μαρτυρίου
721 3919 817 3989 τὴν
849 3919 950 3971 ὑπὸ
981 3920 1219 3984 Μωσέως
1244 3922 1300 3973 ὲν
1329 3924 1392 3992 τῇ
1422 3923 1611 3992 ἐρήμῳ

92 4006 594 4061 κατασκευασθεῖσαν
660 4010 1009 4076 ὑποδέξασθαι
1065 4013 1341 4083 πρώτους·
1399 4017 1426 4068 6
1483 4015 1610 4083 γοῦν

90 4093 229 4157 τόπος
253 4097 282 4147 6
304 4100 359 4150 ἐν
389 4098 562 4169 Σηλῶ,
593 4100 716 4154 ἔνθα
749 4104 780 4172 ή
816 4104 984 4174 σκηνὴ
1013 4106 1105 4157 καὶ
1141 4105 1199 4156 τὸ
1225 4106 1485 4176 ἀγίασμα,
1508 4107 1611 4177 πρὸ

91 4184 170 4253 τῆς
214 4185 586 4260 Ἰερουσαλὴμ,
638 4192 734 4261 τῆς
783 4194 948 4264 φυλῆς
1006 4195 1238 4266 Ἐφραίμ
1290 4197 1605 4267 ἐτύγχανεν·

89 4273 204 4335 ἀλλὰ
242 4277 443 4348 πρῶτοι
489 4278 688 4348 ταύτης
717 4283 963 4350 τυχόντες
1002 4285 1098 4354 τῆς
1150 4287 1312 4355 τιμῆς
1340 4326 1355 4351 ,
1407 4289 1614 4342 εἰδωλο-

90 4364 255 4438 λάτραι
316 4370 583 4437 γεγόνασι.
621 4371 742 4428 ,Καὶ
788 4372 901 4423 ἐστι
948 4389 1010 4440 γε
1069 4359 1165 4444 τὴν
1233 4375 1469 4449 ἱστορίαν
1505 4379 1610 4432 τῶν

89 4457 464 4530 ταπραγμὲνων
509 4460 689 4522 αὐτοῖς
736 4459 842 4512 ἀπὸ
878 4461 974 4530 τῆς
1017 4461 1194 4533 βίϐλου
1246 4465 1355 4518 τῶν
1397 4468 1610 4539 Κριτῶν

89 4543 434 4611 ἀναλέξασθαι.
465 4549 703 4620 Ἐλέγχει
726 4550 780 4602 δὲ
810 4552 900 4605 καὶ
918 4555 945 4605 6
970 4552 1156 4626 παρὼν
1176 4555 1382 4627 ψαλμὺς
1409 4541 1612 4629 προῖὼν

90 4635 194 4707 ἑξῆς
216 4639 307 4693 καὶ
334 4639 504 4706 λέγων
532 4658 598 4694 πε
608 4641 659 4712 pl.
683 4643 855 4695 αὐτῶν
870 4658 884 4670 ·
925 4643 1213 4698 Ἇπὼσατο
1238 4647 1302 4711 τῤ
1326 4649 1610 4719 σκήνωμα

1710 2188 1956 2252 arcubus,
1987 2186 2278 2240 sersi'sunt
2323 2189 2377 2240 in
2429 2185 2511 2239 die
2547 2185 2687 2239 belli.
2719 2183 2897 2238 Bonus
2937 2184 3149 2252 quidem
3194 2198 3249 2240 et

1709 2281 1944 2335 clemens
1979 2277 2240 2333 Dominus
2270 2279 2459 2348 primis
2487 2277 2722 2333 Iudaicae
2759 2278 2930 2348 gentis
2954 2278 3121 2333 atavis
3153 2294 3247 2349 per

1709 2370 1940 2440 Moysem
1959 2358 2336 2425 inenarrabilis
2352 2384 2512 2439 opera
2527 2369 2712 2423 edidit:
2732 2369 2830 2438 ipsi
2844 2383 2968 2423 vero
2982 2368 3115 2422 dura
3132 2385 3244 2425 cer-

1707 2460 1824 2513 vice
1847 2444 2140 2525 fuerunt,et
2157 2475 2337 2516 revera
2358 2441 2592 2530 populus
2602 2459 2798 2514 stultus
2813 2469 2862 2514 et
2881 2475 2988 2513 non
3015 2461 3246 2529 sapiens,

1707 2557 1760 2602 et
1793 2553 2071 2618 generatio
2101 2560 2337 2606 tortuosa
2368 2559 2419 2604 et
2462 2552 2730 2620 perversa;
2766 2549 2869 2604 Sed
2894 2566 3013 2617 cum
3041 2554 3248 2621 priores

1708 2639 1828 2694 illos
1861 2641 1995 2695 tales
2025 2640 2191 2696 fuisse
2220 2643 2623 2712 comprobatum
2680 2641 2860 2706 fuerit,
2897 2644 3127 2713 posteris
3155 2657 3250 2698 eo-

1709 2745 1826 2784 rum
1863 2731 2031 2800 legem
2065 2731 2304 2794 tradidit,
2343 2740 2610 2801 praecepta
2647 2732 2782 2786 dans
2826 2735 2951 2792 illis.
2990 2741 3043 2786 et
3067 2734 3252 2789 testiﬁ-

1709 2830 1862 2876 catus
1893 2837 2138 2892 qutenam
2187 2824 2413 2891 agenda,
2457 2837 2486 2876 a
2525 2822 2719 2892 quibus
2753 2822 3128 2876 abstinendum
3157 2837 3249 2878 es-

1712 2920 1793 2968 set
1820 2931 1832 2967 :
1863 2914 2156 2968 eobortans
2184 2927 2396 2983 quoque
2429 2927 2498 2966 ne
2539 2923 2718 2982 patres
2751 2928 2921 2982 neque
2947 2914 3252 2982 generatio-

1712 3021 1834 3060 nem
1869 3005 2012 3058 illam
2043 3013 2341 3058 tortuosam
2373 3011 2425 3059 et
2453 3012 2858 3074 exasperantem
2884 2988 3247 3070 imitarentur,

1711 3113 1824 3166 qut:
1869 3113 1970 3150 non
2018 3097 2209 3152 direxit
2237 3113 2327 3151 cor
2355 3113 2525 3160 suum,
2556 3106 2604 3150 et
2651 3114 2754 3150 non
2786 3096 2953 3166 ﬁdelis
3000 3098 3096 3168 fuit
3134 3115 3251 3152 cum

1710 3186 1819 3241 Deo
1849 3189 2066 3255 spiritus
2095 3187 2228 3254 ejus.
2259 3187 2336 3241 Illi
2379 3203 2507 3242 vero
2526 3228 2541 3253 ,
2566 3190 2808 3258 patribus
2838 3189 3155 3257 deteriores,
3186 3191 3252 3245 ab

1713 3283 1815 3338 sibi
1846 3284 2042 3339 tradita
2082 3281 2215 3352 legis
2247 3283 2517 3352 scriptura
2549 3285 2792 3342 utilitatis
2819 3285 2950 3339 nihil
2995 3301 3250 3357 percepe-

1713 3382 1878 3441 runt;
1911 3375 2003 3429 sed
2033 3374 2089 3428 in
2131 3371 2456 3443 profundum
2492 3374 2770 3428 malorum:
2799 3376 2935 3448 lapsi
2979 3385 3123 3432 sunt.
3151 3375 3234 3431 Ilo

1711 3484 1830 3523 rum
1862 3466 2022 3538 primi
2055 3472 2208 3522 erant
2238 3465 2332 3520 lilii
2360 3464 2760 3535 prraim,'qui
2797 3467 3120 3535 praecellenti
3149 3467 3250 3522 bo-

1710 3578 1844 3617 nore
1871 3561 2077 3626 donati,
2111 3559 2250 3630 quod
2279 3559 2455 3614 tribus
2496 3566 2548 3613 et
2584 3573 2701 3613 sors
2738 3572 2932 3613 eorum
2968 3559 3064 3613 toti
3105 3561 3250 3636 genti

1709 3651 2001 3723 praebabita
2060 3650 2241 3716 fuerit,
2272 3658 2326 3706 et
2369 3665 2548 3706 aream
2594 3649 2687 3704 Dei
2743 3649 3252 3720 tabernaculumque

1708 3744 2003 3799 testimonii
2056 3743 2123 3797 ab
2160 3742 2342 3814 Moyse
2385 3745 2437 3797 in
2478 3747 2690 3816 deserto
2730 3750 3103 3798 constructum:
3146 3745 3250 3814 ipsi

1709 3833 1868 3902 primi
1891 3821 2199 3903 acceperint
2230 3850 2242 3886 :
2278 3825 2401 3887 nam
2426 3833 2579 3889 locus
2603 3833 2690 3888 ille
2720 3833 2774 3886 in
2797 3832 2929 3897 Silo,
2953 3834 3042 3887 ubi
3072 3835 3251 3889 taber-

1711 3925 1964 3977 naculum
2017 3931 2070 3977 et
2094 3923 2460 3979 sanctiﬁcatio
2499 3917 2806 3993 (antequam
2853 3925 2906 3978 in
2954 3923 3258 3980 Jerusalem

1707 4014 1874 4084 esset)
1903 4014 2146 4085 degebat,
2188 4014 2361 4068 tribus
2405 4013 2656 4084 prraim
2701 4021 2834 4068 erat.
2897 4015 3090 4071 Verum
3126 4032 3250 4072 cum

1709 4105 1812 4174 ipsi
1842 4105 2000 4174 primi
2052 4111 2203 4159 tanto
2232 4104 2436 4159 honore
2462 4104 2667 4175 dignati
2701 4113 2883 4160 essent
2898 4121 2923 4170 ',
2950 4106 3248 4161 idololatra:

1709 4196 1883 4252 ell‘eeti
1916 4204 2062 4252 sunt.
2091 4196 2166 4251 Ac
2189 4197 2384 4268 cuique
2415 4197 2541 4252 licet
2569 4197 2847 4255 historiam
2878 4212 3056 4252 rerum
3091 4199 3158 4253 ab
3179 4199 3248 4252 il-

1711 4291 1776 4345 lis
1825 4299 2095 4359 gestarum
2123 4303 2190 4343 ex
2220 4289 2358 4344 libro
2383 4287 2632 4344 iudicum
2669 4287 2939 4359 colligere.
2975 4287 3125 4359 ipsos
3153 4305 3249 4344 au-

1710 4393 1817 4442 tem
1847 4402 2084 4457 praesens
2115 4387 2356 4455 psalmus
2391 4386 2446 4439 in
2481 4385 2826 4456 sequentibus
2859 4399 3072 4456 quoque
3092 4401 3249 4440 coar-

1709 4479 1862 4550 guit,~
1887 4477 2072 4533 dicens
2099 4492 2114 4529 :
2141 4475 2346 4545 Repulit
2380 4475 2769 4530 tabernaculum
2817 4473 3030 4545 Ioseph,
3063 4487 3110 4531 et
3151 4481 3246 4531 tri—

1711 4569 1831 4622 bum
1863 4566 2113 4636 Ephraim
2129 4584 2233 4621 non
2261 4567 2444 4637 elegit;
2475 4576 2526 4621 et
2555 4581 2770 4621 rursum
2808 4587 2820 4620 :
2854 4567 2921 4620 Et
2952 4568 3135 4636 repulit
3170 4584 3246 4622 ta-

1711 4642 2045 4716 bernaculum
2074 4657 2208 4720 Silo,
2233 4656 2621 4726 tabernaculum
2646 4672 2796 4708 suum
2817 4657 2903 4711 ubi
2929 4658 3173 4714 habitavit
3197 4662 3249 4713 in

98 4727 304 4802 Ἰωσὴφ,
337 4734 434 4787 καὶ
469 4733 582 4802 τὴν
611 4735 816 4804 φυλὴν
853 4735 1086 4806 Ἐφραίμ
1117 4739 1224 4792 οὑκ
1261 4740 1601 4806 ἑξελέξατο’

1710 4749 2034 4811 Itominibus;
2070 4762 2394 4815 causamque
2433 4745 2632 4815 profert
2659 4745 2744 4802 bis
2767 4748 2978 4802 verbis:
3006 4749 3249 4805 Conversi

91 4822 166 4874 καὶ
214 4825 400 4879 πάλινο
452 4826 562 4880 Kal
610 4827 884 4884 ἀπώσατο
928 4829 1039 4897 τὴν
1083 4831 1318 4900 σκηνὴν
1354 4834 1565 4904 Σηλὼμ
1588 4877 1603 4900 ,

90 4913 348 4987 σκήνωμα
375 4912 447 4973 οὗ
476 4923 929 4986 κατεσκήνωσεν
953 4924 1022 4975 ἐν
1045 4922 1386 4990 ἀνθρώποις·
1404 4929 1494 4979 καὶ
1512 4929 1607 5000 τὴν

89 5005 236 5059 αἰτίαν
287 5011 614 5082 παρίστησιν
681 5012 846 5066 εἰπών
882 5031 893 5042 ·
965 5013 1465 5082 Μετεστράςρησαν
1522 5022 1609 5085 εἰς

87 5096 240 5160 τόξον
263 5105 572 5170 στρεϐλόν.
607 5106 717 5158 Καὶ
754 5105 1127 5176 παρὼργισαν
1169 5107 1352 5159 αὑτὸν
1391 5108 1461 5163 ἐν
1486 5114 1608 5177 τοῖς

88 5189 303 5261 βουνοῖς
340 5197 557 5261 αὐτῶν,
581 5198 676 5251 καὶ
706 5198 776 5252 ἐν
802 5199 924 5264 τοῖς
945 5199 1227 5268 γλυπτοῖς
1253 5198 1446 5253 αὐτῶν
1462 5217 1606 5271 παρ-

87 5282 365 5350 εὗὶλωσαν
411 5290 637 5361 absoni
665 5291 900 5354 Εἰκότως
942 5286 1032 5345 οὖν
1073 5290 1165 5344 καὶ
1209 5290 1293 5343 διὰ
1324 5290 1430 5344 τῶν
1476 5311 1604 5363 προσ

89 5377 320 5446 κειμένων
359 5379 600 5449 εἴρηται·
645 5384 760 5436 Υἱοὶ
809 5384 1078 5454 Ἐφραῒμ,
1121 5384 1480 5449 ἐντείνοντες
1512 5385 1607 5439 καί

11 5512 21 5540 ἶ
88 5468 391 5536 βάλλοντες
415 5469 612 5534 τόξον,
625 5470 1012 5542 ἐστράφησαν
1031 5476 1100 5529 ἐν
1121 5474 1305 5545 ἡμέρᾳ
1323 5473 1606 5544 πολέμου.

89 5557 186 5623 Πῶς
208 5562 260 5616 δὲ
291 5554 638 5632 ἐστράφησαν
686 5564 1010 5639 σαφέστερον
1054 5567 1375 5640 παρίστησιν
1407 5565 1601 5618 εἰπών·

89 5650 170 5702 Καὶ
203 5651 473 5722 ἐγένοντο
515 5654 599 5718 είς
629 5651 805 5716 τόξον
832 5660 1135 5726 στρεϐλόν.
1185 5657 1308 5712 Δέον
1336 5655 1443 5728 γὰρ
1484 5655 1607 5725 βάλ-

149 5805 184 5837 ¹⁰
213 5807 362 5864 Deut.
393 5822 564 5872 nm,
597 5813 652 5860 ti.

1707 4850 1827 4896 sunt
1863 4843 1916 4894 in
1944 4856 2122 4894 arcum
2140 4855 2372 4909 pravum.
2406 4837 2474 4891 Et
2513 4839 2844 4892 irritaverunt
2871 4856 2986 4892 eum
3017 4841 3068 4893 in
3098 4843 3246 4896 colli-

1708 4933 1799 4987 bus
1823 4933 1949 4994 suis,
1976 4940 2025 4985 et
2057 4931 2111 4984 in
2140 4930 2464 5000 sculptilibus
2494 4931 2601 4985 suis
2633 4932 2702 4984 ad
2732 4933 3105 4986 wmulationem
3129 4950 3237 4988 eum

1707 5031 2105 5092 prouocauerunt
2153 5020 2282 5076 Jure
2305 5038 2434 5092 ergo
2461 5021 2515 5076 in
2541 5023 2889 5092 praesentibus
2904 5014 3099 5077 dictum
3127 5034 3208 5079 est
3232 5072 3234 5074 ,

1711 5113 1841 5167 Filii
1871 5112 2118 5180 Epitraim
2145 5113 2462 5167 intendentes
2509 5122 2557 5166 et
2586 5113 2843 5167 mittentes
2894 5129 3091 5175 arcum,
3116 5115 3248 5167 versi

1711 5213 1828 5259 sunt
1861 5204 1914 5255 in
1935 5201 2018 5256 die
2049 5203 2191 5258 belli.
2220 5202 2338 5268 Quo
2369 5209 2524 5272 pacto
2555 5210 2734 5256 autem
2773 5202 3018 5257 conversi
3050 5202 3248 5259 fuerint

1711 5293 1907 5349 clarius
1961 5291 2197 5347 ostendit
2251 5293 2436 5359 dicens
2467 5311 2477 5344 :
2514 5289 2607 5349 Et
2637 5290 2766 5358 facti
2807 5299 2927 5343 sunt
2976 5292 3029 5343 in
3067 5309 3245 5345 arcum

1709 5399 1943 5454 pravum.
2000 5381 2132 5436 Nam
2183 5397 2305 5437 cum
2356 5381 2680 5450 oportuisset
2717 5379 2819 5433 tela
2855 5379 3142 5437 immittere
3194 5392 3248 5438 et

1712 5473 1909 5528 bellum
1953 5470 2154 5532 inferre
2185 5471 2422 5527 inimicis
2473 5470 2584 5535 Dei,
2623 5469 2922 5524 idololatrse
2983 5471 3060 5525 illi
3111 5487 3247 5540 prae-

1712 5569 1969 5633 optarunt
1989 5561 2186 5618 bellum
2206 5578 2419 5618 movere
2445 5560 2571 5616 Deo.
2598 5560 2772 5626 Quare
2787 5560 2964 5615 subdit
2991 5561 3243 5621 z—Vrus.

1713 5659 1796 5724 10.
1834 5653 1954 5713 Non
1989 5655 2340 5712 custodierunt
2398 5663 2755 5709 testamentum
2788 5653 2903 5721 Dei,
2934 5663 2981 5710 et
3034 5651 3090 5707 iu
3139 5655 3248 5728 lege
