3976 6350
82 500 199 575 an

1153 512 1647 597 connexum
1687 512 1754 569 1N
1788 512 2122 571 pssLuos.

3165 494 3269 547 9l8

83 630 191 682 Kal
252 624 329 697 ἦν
365 630 399 681 ὁ
425 626 570 692 λαός
612 621 901 696 Tantm.»-
926 624 1198 679 ἐναντιον
1240 625 1477 693 Κυρίου,
1531 624 1625 677 καὶ

1729 634 2039 679 castrorum.
2068 621 2135 675 Et
2172 619 2414 673 clamavit
2454 616 2670 684 populus
2697 613 2766 667 ad
2801 608 3059 683 Hoysem,
3089 619 3135 664 et
3167 624 3277 677 pre-

79 720 312 787 ἦλιουσε
356 720 583 787 Κύριος,
629 720 724 773 καὶ
772 719 1033 789 ἐθυμώθη
1078 718 1220 789 ὀργὴ
1267 719 1481 774 αὐτοῦ’
1527 722 1625 778 καὶ

79 809 369 875 ἐξεκαύθη
400 806 469 861 ἐν
511 806 709 873 αὐτοῖς
733 806 849 875 πῦρ
872 807 1028 875 παρὰ
1064 809 1300 875 Κυρίου,
1335 808 1430 862 καὶ
1458 809 1625 863 κατέ-

80 913 233 967 gare
275 896 453 967 μέρος
492 894 602 964 τῆς
652 896 1045 967 παρεμϐολῆς.
1085 897 1194 952 Kal
1233 897 1553 968 ἐκέκραξεν
1595 904 1628 955 ό

78 986 232 1051 λαὸς
252 986 398 1054 πρὸς
427 983 646 1053 Μωσῆν
664 1003 677 1017 ·
705 987 801 1039 καὶ
824 987 1048 1053 ηὔξατο
1089 986 1308 1057 Μωσῆς
1336 989 1484 1058 πρὸς
1515 993 1629 1045 Κύ-

76 1094 229 1145 ριον,
250 1077 347 1131 καὶ
388 1078 651 1134 ἐκόπασε
674 1075 741 1130 τὸ
788 1078 926 1147 πῦρ.
956 1079 1063 1133 Kal
1093 1078 1317 1147 ἐκλήθη
1355 1080 1420 1134 τὸ
1445 1081 1629 1151 ὄνομα

79 1168 184 1222 τοῦ
210 1169 643 1223 τόπουιὲκείνου
676 1169 1111 1239 Ἐμπυρισμός,,
1129 1171 1216 1225 ὅτι
1242 1170 1531 1241 ἐξεκαύθη
1561 1173 1630 1226 ἐν

78 1257 284 1323 αὐτοῖς
310 1257 428 1321 πῦρ
456 1256 613 1324 παρὰ
659 1259 896 1326 Κυρίου.
932 1260 1023 1312 Διὸ
1054 1260 1148 1314 καὶ
1178 1261 1234 1313 ὲν
1264 1259 1341 1331 τῷ
1363 1262 1497 1331 μετὰ
1528 1265 1630 1333 χεῖμ-

82 1367 182 1419 ρας
220 1350 429 1421 εἴρηται
457 1370 471 1382 ο
505 1350 611 1403 Kal
641 1349 875 1420 ἀνήφθη
901 1352 1017 1420 πῦρ
1037 1353 1105 1406 ἐν
1132 1351 1464 1417 Ὶακὼ6,.καὶ
1483 1356 1627 1423 ὀργὴ

78 1440 380 1507 ἀνέόηὲπὶ
405 1441 513 1493 τὸν
546 1441 799 1510 Ἰσραὴλ.
824 1442 911 1496 ὅτι
932 1445 1040 1497 οὐκ
1064 1444 1432 1499 ἐπίστευσαν
1456 1446 1524 1499 ἐν
1550 1446 1629 1512 τῷ

80 1529 221 1593 Θεῷ,
253 1529 392 1591 esse
437 1530 704 1599 ἤλπισαν
739 1534 835 1586 ἐπὶ
876 1534 941 1588 τὸ
974 1533 1264 1603 σωτήριον
1291 1536 1494 1589 αὑτοῦ.
1518 1536 1628 1590 Kal

76 1620 409 1674 ἐνετείλατο
437 1622 716 1691 νεφέλαις
749 1614 1138 1693 ὺπεράνώθεν,
1173 1626 1268 1680 καὶ
1312 1629 1493 1696 θύρας
1531 1630 1631 1684 οὐ·

71 1707 263 1775 ρανοῦ
277 1709 513 1777 ἀνέῳξε.
544 1712 652 1793 Kal
681 1712 919 1781 ἔϐρεξεν
946 1716 1038 1770 ἐπ’
1060 1715 1278 1784 αὐτοὺς
1294 1716 1493 1787 μάννα
1521 1735 1629 1787 φα-

77 1798 225 1867 γεῖν,
251 1800 366 1861 καὶ,
391 1801 570 1869 ἄρτον
613 1806 869 1871 οὐρανοῦ
920 1806 1139 1860 ἔδωκεν
1174 1808 1394 1875 αὐτοῖς.
1426 1810 1630 1878 Ἄρτον
1664 1824 1669 1829 ”

75 1888 346 1957 ἀγγέλων
393 1890 611 1961 ἔφαγεν
654 1892 974 1961 ἅνθρωπος.
1024 1898 1096 1949 Τὸ
1145 1897 1221 1962 δὲ,
1273 1899 1629 1953 Ἑνετείλατο

75 1980 776 2075 νεφέλαιςᾲῦπεράνωθεν,
806 1987 1132 2046 αἰνίττεσθαί
1168 1972 1255 2059 μοι
1286 1989 1431 2044 δοκεῖ
1460 1990 1627 2063 πρὸσ-
1656 2021 1697 2075 Β

75 2088 263 2141 ταγμα
303 2073 542 2126 δεδόσθαι
592 2074 906 2145 ἀγγελικαῖς
948 2078 1226 2148 δυνάμεσι,
1259 2078 1395 2144 ταῖς
1422 2083 1501 2145 εις
1558 2082 1627 2137 τὰ

74 2162 352 2234 παράδοξα
396 2166 509 2219 τότε
557 2166 1009 2238 διακονουμέναις,
1043 2171 1108 2227 δι’
1134 2164 1209 2225 ὧν
1238 2173 1331 2224 καὶ
1361 2172 1420 2231 τὸ
1454 2173 1626 2243 μάννα

80 2256 387 2325 ἔχθρηγεῖτο
436 2255 513 2327 τῷ
550 2257 680 2328 λαῷ.
720 2259 1087 2331 Διδασκόμεθα
1129 2262 1184 2331 δὲ
1231 2263 1333 2319 καὶ,
1358 2263 1623 2331 ἐντεῦθεν,

73 2345 147 2409 ὥς
182 2345 293 2416 ἄρα
325 2346 537 2415 νεφέλαι
557 2349 615 2401 αἱ
642 2350 924 2417 ἀγγελικαὶ
943 2352 1195 2424 δύναμεις
1220 2354 1524 2424 κέκληνται,
1552 2356 1626 2420 ὡς

76 2438 166 2488 καὶ
196 2438 257 2489 ὲν
281 2437 358 2507 τῷ
406 2439 662 2507 φάσκοντι
691 2444 942 2514 προφήτῃ
968 2448 989 2476 ”
1018 2445 1123 2500 Kal
1173 2445 1301 2512 ταῖς
1348 2446 1625 2516 νεφέλαις

71 2526 423 2597 ἐντελοῦμαι
466 2530 572 2583 τοῦ
629 2531 715 2602 μὴ
769 2533 979 2600 βρέξαι
1047 2538 1134 2601 εις
1183 2535 1367 2590 αὐτὸν
1414 2538 1620 2590 ὑετόνο

71 2615 213 2670 ὥστε
246 2620 370 2682 τοὺς
417 2621 678 2689 ἀγγέλουςΔ
721 2624 951 2679 νοεῖσθαι
998 2626 1094 2690 τὰς
1147 2627 1400 2696 νεφέλας,
1440 2626 1624 2700 ὥσπερ

72 2703 162 2760 οὖν
185 2709 280 2765 καὶ
331 2710 579 2767 ἐνταῦθα.
625 2714 732 2766 Καὶ
764 2715 908 2778 εἰκός
939 2732 999 2784 γε
1029 2712 1097 2787 ἦν
1127 2716 1213 2770 διὰ
1248 2717 1344 2788 μὲν
1376 2710 1625 2793 πονηρῶν

71 2795 351 2866 δυνάμεων
377 2796 473 2860 τὰς
523 2802 642 2851 κατ’
679 2802 988 2867 Αἰγυπτίων
1022 2803 1381 2858 ἐπιτελεῖσθαι
1413 2804 1625 2877 πληγὰς

71 2887 213 2940 κατὰ
238 2888 332 2959 τὸν
355 2888 628 2957 φάσκοντα
666 2891 819 2960 λόγον
844 2910 858 2924 ο
903 2893 1279 2950 Ἀπέστειλεν
1302 2900 1388 2963 εις
1408 2898 1624 2965 αὐτοὺς

72 2980 260 3049 ὀργὴν
282 2980 378 3035 καὶ
415 2983 624 3052 θυμρν,
673 2986 881 3054 θλίψιν
905 2988 999 3039 καὶ
1044 2987 1394 3057 ἀποστολὴν
1416 2988 1489 3042 δι’
1526 2990 1625 3059 ἀγε-

71 3071 264 3141 τέλων
319 3073 624 3143 πονηρῶν·
662 3077 729 3131 τὰ
776 3078 832 3133 δὲ
859 3081 1190 3152 χρηστότερα
1233 3082 1298 3135 δι’
1319 3082 1504 3136 αἰσίων
1534 3085 1625 3137 καὶ

70 3159 257 3225 δεξιῶν
281 3163 524 3231 ἀγγέλων
552 3166 895 3236 γεγενῆσθαι.
934 3170 1022 3222 Διὸ
1050 3170 1293 3230 λέλεκται
1318 3188 1330 3201 ·
1362 3172 1470 3225 Kal
1500 3174 1624 3226 ἐνεο

70 3254 311 3307 τείλατο
338 3253 614 3324 νεφέλαις
644 3258 1036 3327 ὑπεράνωθεν,
1052 3261 1343 3331 καὶθύρας
1365 3263 1621 3331 οὐρανοῦ

1727 726 1878 769 catus
1904 723 1980 768 est
2020 710 2225 783 Moyses
2254 706 2553 769 Dominum,
2582 714 2629 759 et
2660 702 2879 758 cessavit
2911 702 3069 772 ignis.
3093 698 3162 753 Et
3191 716 3277 754 vo-

1727 816 1902 860 catum
1927 812 2004 859 est
2032 819 2214 857 nomen
2234 801 2334 856 loci
2368 800 2535 862 illius,
2567 793 2893 859 Incendium,
2928 792 3052 863 quia
3077 790 3275 846 exarsit

1726 900 1798 953 in-
1828 899 1902 953 eis
1954 898 2087 967 ignis
2145 911 2179 949 a
2222 891 2466 947 Domino.
2518 885 2857 957 Quapropter
2914 884 2969 938 in
3027 880 3278 953 praesenti

1728 988 1935 1058 pSalmo
1954 985 2155 1039 dictum
2176 987 2259 1038 est
2285 999 2298 1034 :
2355 976 2421 1032 Et
2457 993 2700 1031 accensus
2728 984 2804 1029 est
2835 973 2970 1044 ignis
3005 973 3059 1025 in
3087 969 3274 1032 Iacob,

1726 1076 1912 1142 et_ira
1948 1071 2194 1150 ascendit
2235 1072 2290 1123 in
2323 1066 2516 1130 Israel,
2574 1062 2962 1135 (Vens.22—25)
3013 1062 3134 1132 quia
3175 1076 3277 1115 non

1726 1165 2055 1223 crediderunt
2090 1163 2144 1216 in
2176 1160 2305 1223 Deo,
2333 1176 2432 1214 nec
2455 1164 2783 1227 sperarerunt
2812 1156 2866 1207 in
2888 1151 3115 1207 salutari
3140 1149 3287 1219 δίκε..

1728 1258 1795 1311 Et
1826 1257 2089 1311 mandavit
2119 1253 2340 1309 nubibus
2359 1251 2593 1318 desuper,
2624 1256 2671 1301 et
2694 1247 2890 1316 januas
2915 1239 3029 1301 cali
3053 1241 3274 1309 aperuit.

1728 1347 1797 1402 Et
1824 1350 1957 1418 pluit
2006 1347 2112 1401 illis
2144 1361 2338 1399 manna
2387 1342 2455 1396 ad
2502 1328 2941 1399 manducandum,
2987 1342 3036 1389 et
3090 1347 3279 1402 panem

1726 1439 1840 1495 cmli
1866 1437 2006 1493 dedit
2042 1439 2138 1492 eis.
2174 1436 2367 1489 Panem
2398 1431 2699 1503 angelorum
2738 1426 3066 1482 manducavit
3100 1424 3282 1480 homo.

1725 1528 1861 1584 Illud
1891 1538 2091 1593 autem,
2123 1526 2393 1581 Handavit
2422 1522 2640 1578 nubibus
2669 1522 2907 1590 desuper,
2936 1515 3280 1574 subindicare

1725 1620 1935 1679 videtur
1966 1620 2116 1683 mibi,
2158 1617 2470 1676 ntundatum
2502 1614 2762 1685 angelicis
2800 1611 3113 1675 virtutibus,
3156 1622 3279 1680 qua:

1728 1714 1793 1769 ad
1840 1712 2083 1784 prodigia
2136 1708 2341 1764 edenda
2389 1715 2519 1761 tunc
2567 1703 2968 1767 ministrabant,
3018 1700 3286 1756 traditum

1726 1820 1866 1868 esse,
1888 1812 1941 1859 et
1964 1802 2031 1856 ab
2060 1800 2166 1857 illis
2196 1798 2395 1871 populo
2419 1811 2617 1857 manna
2651 1792 3049 1865 suppeditatum
3083 1790 3271 1848 fuisse-

1727 1899 1864 1953 Hinc
1897 1898 2023 1953 item
2051 1894 2339 1951 edocemur
2372 1889 2641 1961 angelicas
2669 1888 2917 1941 virtutes.
2936 1884 3074 1941 forte
3102 1884 3282 1939 nubes

1725 1995 1943 2045 vocatas
1984 1986 2169 2049 fuisse,
2222 1980 2673 2055 quemadmodum
2705 1985 2767 2033 et
2800 1979 2865 2031 in
2888 1977 3148 2047 propheta
3179 1976 3275 2045 qui

1726 2080 1804 2135 ait
1830 2097 1843 2132 :
1879 2076 1949 2131 Et
1979 2075 2199 2130 nubibus
2240 2071 2503 2127 mandabo
2535 2086 2597 2124 ne
2619 2068 2800 2140 pluant
2839 2081 2993 2136 super
3020 2082 3136 2121 eant
3173 2066 3276 2119 im-

1728 2173 1867 2225 brem
1905 2171 1947 2202 ²¹
1975 2187 1989 2224 :
2020 2169 2095 2223 ita
2122 2173 2189 2221 ut
2210 2164 2383 2235 angeli
2403 2165 2574 2218 nubes
2599 2176 2720 2217 esse
2739 2160 3125 2230 intelligantur,
3150 2172 3277 2228 per-

1726 2261 1852 2316 inde
1903 2266 2064 2329 atque
2093 2258 2147 2311 in
2171 2257 2274 2319 hoc
2302 2257 2421 2309 loco
2448 2272 2462 2305 ε
2493 2266 2556 2307 ac
2578 2267 2675 2322 par
2701 2258 2816 2307 erat
2843 2266 2873 2305 a
2902 2250 3149 2323 malignis
3171 2249 3279 2304 vir-

1720 2351 1927 2415 tutibus
1964 2349 2149 2419 plagas
2175 2345 2444 2417 .Egyptiis
2484 2342 2675 2412 inﬂigi,
2703 2350 2762 2396 ut
2795 2343 2881 2397 his
2923 2341 3275 2398 enuntiatur:

1724 2443 1874 2498 Misit
1906 2444 1959 2496 in
1979 2442 2232 2513 eosiram
2260 2448 2307 2492 et
2338 2438 2566 2507 furorem
2591 2443 2640 2488 et
2674 2432 3087 2497 tribulationem,
3111 2443 3157 2486 et
3179 2433 3278 2485 im-

1724 2536 2018 2590 missionem
2051 2524 2142 2603 per
2169 2530 2378 2605 angelos
2408 2529 2609 2593 malos;
2637 2535 2821 2582 contra
2865 2539 2994 2581 vero
3022 2539 3141 2593 quae
3170 2538 3282 2577 me-

1722 2628 1859 2682 liora
1887 2634 2045 2682 erant
2084 2639 2180 2695 per
2208 2623 2414 2679 faustos
2442 2623 2750 2692 probosque
2771 2618 2988 2689 angelos
3010 2615 3276 2688 praestari.

1724 2717 1901 2784 Quare
1924 2701 2155 2778 dicitur,
2188 2712 2256 2768 Et
2289 2711 2555 2766 mandavit
2602 2709 2824 2764 nubibus
2856 2702 3092 2776 desuper.
3121 2713 3170 2759 et
3196 2704 3281 2777 ja-

1718 2810 1857 2864 'nuas
1903 2807 2018 2862 creti
2072 2807 2293 2875 aperuit.
2350 2802 2556 2859 Januas
2607 2801 2730 2857 ειειί
2785 2810 2998 2871 apertas
3036 2797 3281 2853 caelestia

1723 2914 1889 2971 opera
1915 2914 2035 2953 esse
2062 2896 2394 2952 existimato.
2428 2891 2621 2949 Omnia
2659 2890 2857 2961 quippe
2883 2902 3005 2959 quas
3040 2884 3273 2941 mirabili

1724 2990 1883 3048 modo
1909 3005 1938 3046 a
1956 2990 2066 3045 Deo
2093 2988 2541 3060 perpetrabantur
2556 2983 2737 3039 divina
2758 2987 2810 3036 et
2835 2978 3077 3036 ctelestia
3097 2984 3275 3041 erant,

1724 3099 1843 3155 qua:
1870 3097 1991 3138 cum
2018 3058 2123 3135 non
2149 3080 2360 3150 tierent,
2385 3077 2695 3133 hominibus
2718 3058 3133 3133 claudebantur;
3151 3080 3281 3121 cum

1688 3200 1693 3215 ι
1725 3182 1899 3227 autem
1933 3168 2199 3239 stupenda
2246 3169 2453 3221 ratione
2485 3164 2630 3221 edita
2662 3170 2822 3227 sunt,
2858 3161 2941 3217 sic
2972 3174 3070 3215 ceu
3113 3170 3279 3227 quas-

1724 3262 1846 3315 dam
1895 3260 2144 3315 caalestes
2172 3258 2368 3327 ianuas
2404 3256 2538 3326 ipsis
2569 3254 2864 3309 reserabat.
2894 3249 3002 3304 Pro
3028 3249 3132 3304 illo
3178 3261 3280 3301 au-

68 3344 312 3412 ἀνέῳξε.
360 3345 539 3416 Θύρας
576 3347 632 3399 δὲ
655 3349 879 3419 ούρανοῦ
910 3353 1294 3425 ἀνοιγνυμένας
1334 3353 1434 3418 τὰς
1470 3356 1625 3426 ούρα-

1726 3359 1855 3413 tem,
1901 3350 2101 3405 Panem
2130 3349 2432 3418 angelorum
2475 3345 2808 3400 manducavit
2856 3344 3029 3410 homo,
3058 3340 3271 3411 Aquila,

70 3433 214 3496 νὶους
239 3435 349 3487 νόει
380 3434 622 3504 πράξεις.
649 3438 829 3490 Πάντα
845 3441 951 3512 γὰρ
974 3442 1043 3495 τὰ
1069 3442 1379 3513 παραδόξως
1407 3444 1509 3496 ὑπὸ
1528 3443 1621 3495 τοῦ

69 3524 201 3577 Θεοῦ
254 3528 612 3598 πεπραγμένα
656 3528 772 3581 θεῖα
809 3529 901 3583 καὶ
949 3530 1170 3602 οὐράνια
1227 3529 1295 3605 ἦν
1320 3548 1332 3561 ⁵
1357 3533 1394 3587 ἃ.
1438 3533 1501 3605 δὴ
1530 3534 1622 3587 καὶ

68 3614 376 3685 ἀνθρώποις
430 3617 832 3684 ἀποκέκλειστο,
879 3621 967 3673 ὅτε
1002 3622 1076 3692 μὴ
1132 3624 1372 3693 ἐγίγνετο
1395 3640 1409 3654 ·
1448 3626 1535 3678 ὅτε
1566 3625 1621 3678 δὲ

72 3705 383 3798 παραδόξοις
425 3708 685 3777 ἐγίγνετο,
714 3706 900 3782 ὥσπερ
931 3706 1103 3782 θύρας
1149 3713 1300 3777 τινὰς¹
1344 3715 1623 3786 οὐρανίους

70 3799 308 3867 ἀνέῳγεν
356 3799 556 3863 αὐτοῖς.
617 3800 762 3854 Ἀντὶ
801 3800 857 3853 δὲ
912 3801 1005 3855 τοῦ
1027 3842 1042 3867 ,
1098 3804 1303 3871 Ἄρτον
1350 3805 1623 3876 ,ἀγ-γέλων

69 3889 292 3959 ἔφαγεν
336 3888 658 3958 ἄνθρωπος,
702 3894 732 3946 6
771 3892 1018 3960 Ἀκύλας,
1053 3895 1256 3963 Ἄρτον
1311 3894 1622 3951 δυναστῶν

75 3981 293 4049 ἔφαγεν
311 3979 487 4050 ἀνὴρ,
518 3983 857 4053 ήρμήνευσεν
914 3986 942 4037 6
966 3984 1020 4037 δὲ
1040 3984 1349 4057 Σύμμαχος,
1374 3988 1480 4041 Kal
1513 4005 1621 4043 πυ-

62 4073 173 4139 ρὸν
214 4071 500 4140 οὐράνιον
547 4073 849 4141 παρέσχεν
886 4076 1107 4142 αὐτοῖς,
1143 4076 1320 4145 ἄρτον
1349 4079 1621 4148 μεγάλων

67 4163 296 4232 ἔφαγεν
358 4164 679 4231 ἄνθρωπος.
731 4167 839 4218 Καὶ
892 4167 1045 4237 τήρει
1090 4168 1237 4230 ὅπως
1278 4171 1310 4240 ἡ
1363 4170 1618 4245 Ἐὀραῖκὴ

69 4252 221 4323 φωνὴ
259 4254 323 4305 οὐ
380 4255 618 4325 περιέχει
660 4256 741 4320 τὸ,
780 4257 994 4325 Ἀρτον
1028 4258 1327 4327 ἀγγέλων·
1367 4262 1477 4315 ἀλλ’
1504 4264 1618 4334 ἦτοι

69 4343 207 4396 κατὰ
245 4343 340 4397 τὸν
403 4344 649 4411 Ἀκύλαν,
682 4347 861 4415 ἄρτον
888 4347 1232 4403 δυναστῶνο
1286 4352 1320 4422 ἢ
1352 4352 1491 4406 κατὰ
1528 4353 1619 4407 τὸν

69 4432 382 4504 Σύμμαχον,
410 4432 591 4501 ἄρτον
603 4435 903 4505 μεγάλων·
936 4438 976 4509 ἢ·
995 4440 1134 4493 κατὰ
1153 4440 1615 4509 τὸνθεοδοτίωνα,

66 4523 251 4591 ἄρτον
302 4524 615 4579 δυναστῶν
639 4545 656 4559 ο
704 4527 904 4597 ῆκατὰ
948 4529 1042 4601 τὴν
1094 4532 1347 4608 πέμπτην
1390 4534 1615 4600 ἔκδοσιν,

66 4613 251 4681 ἄρτον
277 4615 611 4688 δυναστῶν.
654 4619 934 4688 Ἀγγέλων
959 4622 1034 4687 δὲ,
1050 4623 1232 4687 ὀὐδεὶς
1256 4626 1612 4698 ἡρμήνευσεν.

1727 3441 1927 3496 Panem
1982 3441 2270 3511 potentium
2324 3438 2660 3491 manducavit
2715 3437 2823 3500 vir,
2887 3434 3289 3505 interpretatus,

1721 3540 1836 3599 est;
1873 3531 2229 3605 Symmachus
2269 3545 2419 3601 vero,
2450 3527 2519 3582 Et
2553 3528 2870 3597 frumentum
2900 3524 3099 3577 cmleste
3137 3537 3276 3590 pra:-

1722 3626 1832 3679 buit
1851 3628 1946 3693 eis,
1974 3641 2159 3694 panem
2184 3638 2488 3695 magnorum
2519 3619 2845 3675 manducavit
2878 3612 3276 3671 homotﬂotan-

1720 3716 1847 3772 dum
1875 3728 2044 3772 autem
2075 3713 2394 3769 Hebraicam
2428 3726 2613 3768 vocem
2636 3724 2744 3764 non
2769 3709 2967 3783 habere
2992 3705 3144 3769 illud,
3177 3721 3271 3773 pa-

1720 3826 1834 3863 nem
1880 3807 2213 3877 angelorum;
2244 3804 2335 3859 sed
2365 3803 2481 3858 sive
2524 3800 2819 3857 secundum
2877 3796 3144 3867 Aquilam,
3177 3810 3275 3863 pa-

1718 3916 1833 3953 nem
1852 3888 2172 3967 potentium;
2196 3896 2309 3950 sive
2340 3893 2637 3949 secundum
2668 3889 3068 3962 Symmachum,
3088 3900 3273 3954 panem

1719 4000 2060 4056 magnorum;
2092 3984 2205 4038 sive
2251 3982 2548 4037 secundum
2597 3978 3045 4038 Theodotiouem,
3084 3989 3272 4043 panem

1716 4076 1998 4146 potentium
2020 4087 2037 4137 ;
2056 4073 2135 4128 vel
2167 4072 2461 4127 secundum
2483 4072 2724 4139 quintam
2750 4068 3060 4128 editionem,
3086 4079 3273 4133 partem

1716 4164 2015 4238 potentium.
2058 4162 2373 4233 Angelorum
2415 4176 2542 4216 vero
2572 4160 2709 4214 alius
2731 4167 2915 4213 ’nemo
2950 4158 3274 4227 interpreta-

1719 4267 1808 4312 tus
1839 4265 1941 4320 est,
1975 4256 2103 4331 quia
2142 4253 2464 4309 Hebraicum
2492 4251 2765 4320 exemplar
2811 4263 2919 4302 non
2953 4249 3033 4302 sic
3078 4246 3271 4311 habet;

1718 4357 1776 4405 ut
1802 4362 1868 4403 ne
1896 4348 2017 4423 quis
2050 4347 2342 4403 arbitretur
2373 4346 2642 4416 angelicas
2680 4344 2840 4400 etiam
2872 4342 3100 4396 virtutes
3141 4353 3270 4393 sen-

1716 4439 1905 4499 sili_uti
1954 4440 2228 4499 alimento.
2267 4440 2321 4493 In
2356 4437 2664 4508 Evangeliis
2710 4443 2889 4489 autem
2920 4432 3174 4486 Servator
3214 4439 3271 4486 et

1716 4529 1978 4587 Dominus
2007 4540 2191 4587 noster
2230 4548 2324 4586 eos
2361 4529 2625 4600 coarguit,
2648 4514 2744 4598 qui
2782 4531 3032 4594 putarent
3071 4538 3271 4600 manna

1720 4625 1917 4698 populo
1967 4624 2023 4678 in
2072 4613 2363 4680 solitudine
2413 4621 2916 4688 submin’istratum,
2955 4615 3271 4685 angelorum
3320 4604 3326 4610 ’

80 4704 228 4758 Ἐπεὶ
286 4706 423 4777 μηδὲ
471 4706 532 4759 τὸ
566 4706 848 4778 Ἐὁραῖκόν
894 4714 1078 4768 τοῦτον
1114 4716 1346 4787 ἔχειτὸν
1400 4716 1614 4788 τρόπον,

1721 4728 1837 4770 esse
1863 4716 2040 4770 cibum
2060 4730 2265 4784 ;quare
2291 4712 2483 4787 dicit“
2518 4730 2531 4765 :
2562 4711 2743 4772 Amen,
2775 4724 2926 4762 amen
2960 4707 3076 4763 dico
3109 4707 3271 4774 vobis,

68 4795 149 4847 ἵνα
177 4796 255 4866 μή
282 4812 367 4859 τις
416 4797 611 4869 νομίσῃ
650 4800 742 4852 καὶ
790 4801 889 4865 τὰς
921 4803 1210 4871 ἀγγελικὰς
1247 4806 1498 4878 δυνάμεις
1531 4799 1615 4859 al-

68 4884 237 4960 σθητῇ
259 4884 493 4957 χρῆσθαι
516 4890 706 4961 τροφῇ.
731 4890 1015 4961 Μέμφεται
1045 4895 1099 4948 δὲ
1132 4898 1224 4949 καὶ
1255 4898 1282 4950 ὁ
1310 4897 1497 4967 Σωτὴρ
1530 4897 1620 4951 καὶ

66 4974 274 5045 Κύριος
326 4977 478 5047 ἡμῶν
509 4979 567 5032 ἐν
599 4980 943 5053 Εὑαγχελίοις
988 4986 1101 5047 τοῖς
1156 4984 1479 5055 νομίζουσιν,
1537 4989 1645 5041 ὃτιί

67 5063 317 5133 ἀγγέλων
354 5061 420 5136 ἦν
466 5068 640 5140 τροφή
693 5068 752 5121 τὸ
783 5068 850 5120 ’ὲν
876 5071 941 5139 τῇ
989 5071 1176 5141 ἐρήμῳ
1218 5073 1516 5143 χορηγηθὲν
1540 5076 1618 5147 τῷ

66 5153 174 5225 λαῷ
213 5156 393 5225 μάννα
419 5173 434 5187 ·
475 5157 555 5210 διὸ
586 5158 767 5227 ἔλεγεν
793 5180 801 5186 ·
854 5157 1054 5228 Ἀμὴν,
1070 5160 1242 5229 ,ἀμὴν
1257 5162 1408 5234 λέγω
1432 5164 1572 5231 ὑμῖν
1598 5182 1621 5197 ’λ

65 5247 135 5297 οὺ
164 5242 394 5311 Μωσῆς
436 5244 691 5300 δέδωκεν
720 5247 859 5317 ὑμῖν
877 5248 980 5301 τὸν
1015 5248 1192 5315 ἄρτον
1226 5251 1293 5303 ἐκ
1314 5250 1420 5304 τοῦ
1442 5254 1617 5321 οὐρα-

64 5334 172 5388 νοῦ
211 5332 333 5403 τὸν
378 5334 703 5399 ἀληθινόνή
732 5338 824 5393 καὶ
850 5340 1006 5393 πάλιν
1033 5356 1046 5369 ⁸
1092 5343 1152 5394 Ol
1188 5341 1433 5412 πατέρες
1453 5342 1618 5413 ὑμῶν

63 5422 377 5493 ἕφατονέν
396 5422 471 5492 τῇ
501 5422 693 5493 ἐρήμῳ
715 5426 780 5478 τὸ
804 5427 1022 5495 μάννα,
1048 5429 1143 5482 καὶ
1174 5426 1488 5485 ἀπέθανον.
1514 5429 1618 5489 Οὖ-

64 5517 164 5582 τός
192 5515 370 5569 ἐστιν
399 5516 432 5567 ὁ
456 5513 635 5582 ἄρτος
658 5517 690 5568 ὀ
714 5513 781 5568 ἐκ
813 5518 917 5572 τοῦ
946 5520 1202 5588 οὐρανοῦ
1232 5521 1613 5589 καταϐαίνων,

65 5608 162 5660 ἵνα
182 5620 275 5673 τις
298 5604 369 5671 ἐξ
387 5602 573 5659 αὐτοῦ
599 5606 759 5673 φάγῃ
790 5609 887 5661 καὶ
918 5610 1004 5679 μὴ
1028 5609 1395 5677 ἀποθνήσκῃ.
1425 5612 1489 5665 El
1518 5614 1619 5684 μὲν

66 5693 175 5762 οὖν,
203 5696 650 5768 imoimo-Spuma;
676 5692 741 5767 ἦν
774 5697 953 5769 ἄρτος,
986 5696 1030 5769 ᾧ
1056 5704 1423 5774 χρῆσθαιτοὺς
1456 5705 1616 5775 ἀγγέ-

134 5876 173 5907 ¹¹
192 5873 311 5957 isa.
338 5894 397 5941 v,
422 5878 473 5931 6.
547 5879 592 5911 ¹²
618 5875 771 5933 10ml.
803 5897 875 5942 vi,
906 5882 990 5935 '59...
1066 5886 1110 5916 “
1132 5885 1259 5939 ibid.
1285 5884 1372 5952 49,
1393 5872 1494 5940 '50.

1721 4824 1823 4861 non
1841 4800 2046 4877 Moyses
2077 4805 2217 4859 dedit
2234 4805 2371 4859 vobis
2382 4790 2650 4873 panem’de
2664 4801 2788 4854 coelo
2805 4818 2860 4855 ve
2872 4817 3022 4867 rum;
3058 4816 3121 4856 ac
3149 4815 3272 4854 rur-

1721 4912 1841 4951 sum
1874 4897 1956 4952 “z
1988 4884 2176 4949 Patres
2211 4896 2365 4949 vestri
2392 4894 2840 4951 manducaverunt
2878 4876 3072 4949 manna
3100 4894 3149 4945 in
3176 4892 3271 4946 de-

1719 4994 1875 5049 serto,
1908 4992 1958 5038 et
1998 4984 2192 5037 mortui
2223 4994 2366 5041 sunt.
2408 4985 2506 5042 Hic
2542 4996 2618 5040 est
2659 4987 2809 5056 panis
2840 4986 2929 5057 qui
2956 4985 3019 5037 de
3037 4981 3272 5036 caelode-

1718 5075 1937 5140 scendit,
1970 5086 2029 5134 ut
2054 5077 2109 5130 si
2129 5079 2243 5147 quis
2284 5094 2348 5132 ea:
2382 5079 2495 5147 ipso
2528 5077 2823 5140 manducet,
2857 5093 2959 5130 non
2989 5074 3267 5128 moriatur.

1721 5165 1776 5219 Si
1822 5166 2023 5235 itaque,
2058 5166 2151 5233 ait,
2182 5168 2420 5223 caelestis
2455 5175 2599 5229 esset
2634 5168 2788 5237 panis
2814 5179 2921 5235 quo
2947 5162 3024 5217 uti
3050 5165 3268 5233 angelos

1717 5256 2010 5312 verisimile
2029 5266 2134 5319 est,
2169 5272 2505 5329 nequaquam
2530 5254 2737 5312 mortui
2755 5262 2934 5311 essent
2962 5254 3054 5323 qui
3090 5268 3156 5309 ex
3176 5253 3268 5307 illo

1718 5360 1856 5417 pane
1882 5347 1936 5401 in
1976 5348 2191 5405 deserto
2223 5344 2574 5422 gustaverant
2601 5369 2611 5403 :
2644 5355 2697 5401 at
2725 5347 2850 5417 quia
2875 5360 2976 5401 nec
3003 5344 3263 5407 caelestis,

1718 5454 1818 5492 nec
1850 5454 1973 5495 vero
2009 5442 2166 5511 panis
2198 5444 2512 5514 angelorum
2544 5448 2680 5505 erat,
2717 5440 2835 5493 ideo
2877 5437 3074 5493 mortui
3118 5442 3262 5508 sunt.

1718 5528 1816 5583 Hic
1845 5544 1970 5585 vere
2014 5534 2256 5589 cmlestis
2300 5536 2456 5604 panis
2487 5542 2591 5597 est,
2635 5529 2793 5600 cujus
2823 5528 3068 5599 quisquis
3101 5527 3269 5588 parti-

1719 5634 1848 5690 ceps
1895 5621 2093 5687 fuerit,
2144 5640 2417 5694 nunquam
2467 5623 2745 5678 morietur.
2793 5620 2926 5686 Quis
2970 5618 3057 5672 hic
3112 5617 3268 5679 panis

1718 5716 1864 5766 esset
1889 5709 2047 5767 docet
2083 5702 2167 5767 bis
2196 5715 2372 5769 verbis
2408 5733 2418 5767 :
2456 5700 2619 5769 Panis
2654 5722 2822 5768 autem
2855 5708 2949 5765 Dei
2981 5717 3056 5769 est
3087 5708 3174 5777 qui
3203 5705 3286 5762 del
