3974 6354
681 471 783 527 919

1327 468 1591 529 EUSEBll
1625 468 2091 529 CESARiENSlS
2127 472 2273 529 OPP.
2316 470 2499 529 PARS
2529 471 2616 529 111.
2654 503 2723 513 -
2759 469 3159 527 EXECETICA.

3756 472 3846 529 920

684 584 810 639 calo
848 581 1125 647 descendit,
1156 587 1244 654 qui
1270 584 1363 639 dat
1391 587 1548 641 vitam
1588 587 1780 642 mundo
1801 591 1868 643 ’⁸.
1900 588 1954 642 ld
1977 589 2102 644 item
2134 587 2231 645 de-

2331 589 2450 654 λους
2481 589 2644 653 εἰκὸς,
2674 588 2784 641 οὐδ’
2810 587 2878 641 ἂν
2908 587 3175 641 ἀπίθανον
3204 587 3251 647 οἰ
3280 586 3348 637 ἐν’
3366 586 3430 655 τῇ
3467 585 3657 655 ἐρήμῳ
3697 602 3838 655 μετα-

684 673 855 729 clarat
876 674 1058 729 dicens
1085 694 1098 729 :
1128 672 1243 744 Ego
1268 692 1381 728 sum
1408 676 1558 744 panis
1588 679 1704 730 vita
1727 691 1745 728 :
1779 678 1865 747 qui
1896 679 2028 731 venit
2056 678 2124 731 ad
2144 694 2224 732 me

685 778 788 815 non
808 764 1013 827 esuriet,
1049 772 1097 817 et
1114 764 1202 832 qui
1231 764 1391 817 credit
1414 765 1465 816 in
1490 780 1567 819 me
1590 782 1691 819 non
1715 766 1853 819 sitiet
1881 783 2103 837 unquam
2128 769 2173 799 "
2203 786 2217 835 ;

686 866 749 904 ac
780 867 997 907 rursum
1032 871 1046 907 :
1080 852 1192 921 Ego
1228 870 1343 906 sum
1371 856 1520 929 panis
1567 858 1705 911 vivus
1734 858 1821 926 qui
1866 856 1929 911 de
1965 858 2090 911 caelo
2135 857 2237 910 de»

606 976 609 979 λ
684 944 876 1000 scendi.
914 943 972 998 St
1002 945 1114 1013 quis
1160 944 1542 1000 manducauerit
1596 962 1659 1000 ex
1698 963 1829 1016 pane
1855 964 1984 1012 meo,
2016 950 2143 1003 vivet
2158 950 2223 1002 in

688 1041 932 1086 a'ternum
954 1034 1017 1087 “.
1045 1032 1224 1103 Itaque
1240 1038 1489 1105 angelicae
1504 1052 1718 1107 quoque
1744 1038 1970 1092 virtutes
2002 1053 2068 1092 ex
2098 1053 2223 1107 par-

685 1128 991 1197 ticipatione
1028 1127 1183 1184 Verbi
1211 1132 1319 1184 vita
1368 1129 1624 1185 fruuntur
1647 1139 1865 1185 aeterna.
1892 1130 2022 1205 Nam
2048 1132 2219 1185 solum

681 1216 1012 1286 unigenitum
1052 1217 1140 1273 Dei
1176 1212 1433 1283 Verbum,
1487 1220 1823 1275 rationabilis
1866 1222 2043 1276 omnis
2091 1222 2220 1276 sub-

685 1307 899 1361 stantia:
936 1308 1265 1363 alimentum.
1298 1318 1402 1366 est.
1441 1310 1796 1375 Quamobrem
1839 1312 2081 1381 apposite
2123 1310 2223 1365 lle-

686 1395 868 1450 bz-aica
899 1398 1057 1452 lectio
1098 1398 1153 1450 in
1185 1401 1432 1466 praesenti
1461 1416 1567 1453 non
1621 1400 1781 1455 habet
1830 1401 1984 1466 illud,
2031 1401 2221 1455 Panem

688 1492 987 1560 angelorum
1016 1475 1342 1555 manducavit
1373 1490 1543 1544 homo.

2325 679 2540 748 σχόντες
2586 678 2746 750 ἄρτου
2768 695 2782 708 ·
2811 678 2905 730 νῦν
2944 677 3001 729 δὲ
3054 675 3172 728 ἐπεὶ
3197 675 3294 728 οὐκ
3330 669 3397 745 ἦν
3442 674 3707 745 οὐράνιος,
3742 675 3848 727 οὐδὲ

2323 764 2389 838 ἦν
2417 768 2624 837 ἀληθῶς
2649 769 2806 838 ἄρτος
2833 765 3200 834 ἀγγέλων,διὰ
3220 762 3371 832 τοῦτο
3398 761 3679 817 ἀπέθανον.
3701 758 3848 825 Θῦτος

2323 858 2379 911 δέ
2411 861 2554 911 ἐστιν
2584 855 2795 926 ἀληθῶς
2808 856 3051 926 οὐράνιος
3078 855 3261 924 ἄρτος,
3290 845 3393 905 οὖὸ
3422 849 3739 921 μεταλαϐὼν,
3763 852 3850 903 οὐκ

2324 946 2389 999 ἂν
2410 946 2661 1000 ἀποθάνοι
2704 947 2851 998 ποτέ.
2888 945 2995 998 Καὶ
3015 944 3097 1008 τίς
3128 938 3278 1005 οὗτος
3302 939 3369 1013 ἦν
3394 942 3631 995 διδάσκει
3659 940 3845 1009 λέγων⁸

2338 1042 2391 1092 '0
2435 1040 2543 1108 rap
2579 1039 2752 1106 dpth
2782 1037 2887 1090 τοῦ
2934 1038 3077 1091 Θεοῦ
3138 1037 3305 1089 ἐστιν
3332 1040 3363 1089 ό
3396 1034 3758 1089 καταϐαίνων
3790 1034 3849 1085 ἐκ

2323 1128 2426 1182 τοῦ
2474 1128 2727 1195 οὐρανοῦ
2773 1127 2870 1185 καί
2929 1125 3079 1193 ζωὴν
3129 1126 3329 1191 διδοὺς
3362 1124 3439 1190 τῷ
3464 1126 3663 1193 κόσμῳ
3683 1141 3695 1152 ·
3724 1139 3849 1193 πιρ-

2335 1218 2511 1290 ἰστησί
2537 1236 2595 1271 τε
2614 1218 2769 1271 αὑτὸν
2787 1217 2955 1285 λέγων
2969 1230 2983 1245 '
3001 1217 3142 1284 Ἐγώ
3164 1220 3275 1286 εἰμι
3299 1220 3329 1270 ό
3349 1217 3525 1284 ἄρτος
3546 1213 3653 1295 τῇς
3686 1212 3845 1281 ζωῆς⁶

2325 1315 2357 1365 ό
2383 1311 2697 1380 ἐρχόμενος
2731 1308 2874 1376 πρὸς
2900 1306 2977 1376 με
3014 1310 3084 1360 οὺ
3113 1307 3196 1374 μὴ
3238 1305 3527 1367 πεινάσει,
3565 1305 3659 1358 καί
3702 1307 3734 1357 ὁ
3778 1318 3853 1357 st-

2323 1403 2550 1454 στεύων
2573 1403 2657 1465 εἰς
2687 1400 2809 1469 ἐμὲ,
2841 1401 2910 1452 οὐ
2950 1397 3034 1466 μὴ
3068 1398 3321 1465 διψήσει
3361 1396 3620 1450 πώποτε’
3654 1396 3746 1448 καὶ
3770 1388 3875 1446 αὖ-ο

2325 1492 2406 1555 Θις
2435 1510 2447 1522 ·
2500 1490 2641 1559 Ἐγώ
2666 1494 2777 1557 εἰμι
2800 1492 2831 1543 ὁ
2862 1488 3035 1557 ἄρτος
3082 1492 3112 1541 d
3155 1486 3263 1548 ζῶν
3292 1491 3322 1540 ό
3354 1488 3421 1540 ἐκ
3464 1487 3568 1540 τοῦ
3614 1482 3853 1552 οὐρανοῦ

684 1584 956 1650 καταϐάς.
995 1584 1132 1637 Ἐάν
1176 1603 1263 1651 τις
1292 1586 1447 1654 φάγῃ
1485 1586 1553 1638 ἐκ
1585 1584 1689 1639 τοῦ
1722 1574 1864 1655 ἐμοῦ
1885 1587 2061 1654 ἄρτου
2081 1626 2095 1653 ,
2125 1587 2356 1652 ζήσεται
2382 1590 2466 1652 εἰς
2492 1587 2598 1640 τὸν
2620 1584 2819 1639 αἰῶνα.
2836 1582 3046 1638 ῦὺκοῦν
3071 1584 3240 1636 καὶαί
3291 1583 3572 1651 ἀγγελικαὶ
3619 1581 3854 1649 δυνάμεις

683 1679 747 1729 ὲκ
762 1678 856 1747 τῆς
882 1677 972 1731 τοῦ
1005 1678 1171 1746 Λόγου
1200 1679 1543 1750 μεταλήψεως
1596 1679 1805 1734 αἰώνων
1867 1681 2006 1751 ζωὴν
2061 1682 2409 1751 καρποῦνται.
2458 1680 2627 1743 Μόνος
2655 1680 2763 1749 γὰρ
2793 1680 2821 1731 ὁ
2846 1679 3143 1751 μονογενὴς
3174 1677 3266 1730 τοῦ
3295 1677 3427 1729 Θεοῦ
3484 1678 3651 1744 Λόγος
3694 1674 3855 1744 πάσης

683 1772 899 1841 λογικῆς
941 1772 1121 1835 οὐσίας
1171 1772 1450 1845 θρεπτικὸς
1499 1774 1766 1843 τυγχάνει.
1823 1775 2017 1843 Διόπερ
2072 1776 2309 1845 ἀκριϐῶς
2371 1776 2403 1844 ὴ
2470 1771 2725 1843 Ἐὀραῖκὴ
2778 1771 3077 1839 ἀνάγνωσις
3146 1773 3204 1824 ὲν
3242 1772 3351 1834 τοῖς
3404 1766 3771 1840 προκειμένοις
3802 1766 3855 1818 οὗ

686 1864 917 1934 περιέχει
933 1862 1011 1927 τὸ,
1046 1866 1249 1933 Ἄρτον
1275 1864 1541 1936 ἀγγέλων
1565 1866 1781 1934 ἔφαγεν
1799 1866 2117 1933 ἄνθρωπος.

756 1978 917 2035 Vens.
963 1979 1151 2035 26—3l.
1189 1979 1403 2034 Cibaria
1456 1982 1597 2034 misit
1644 1982 1717 2034 eis
1772 1982 1837 2034 ad
1880 1984 2227 2035 saturitatem.
2265 1990 2302 2042 Β

688 2073 977 2129 Transtulit
1003 2073 1249 2128 Austrum
1270 2074 1334 2128 de
1363 2074 1508 2137 calo,
1530 2085 1579 2129 et
1602 2075 1807 2129 induxit
1844 2076 1898 2128 in
1926 2075 2112 2128 virtute
2134 2091 2229 2128 sua

685 2165 943 2232 Africum.
983 2162 1051 2216 Et
1074 2165 1202 2231 pluit
1244 2180 1397 2232 super
1435 2182 1522 2220 eos
1568 2167 1704 2220 sicut
1738 2167 1992 2234 pulverem
2024 2182 2227 2229 carnes,

688 2266 736 2307 et
765 2256 898 2307 sicut
925 2270 1137 2307 arenam
1160 2257 1385 2309 marium
1403 2256 1641 2311 volatilia
1666 2266 1891 2325 pennata
1916 2272 1934 2309 :
1958 2267 2007 2311 et
2033 2258 2230 2310 cecide-

686 2354 809 2396 runt
843 2345 893 2396 in
943 2343 1110 2397 medio
1140 2355 1433 2398 castrorum
1481 2361 1679 2405 eorum,
1720 2346 1859 2397 circa
1893 2345 2229 2397 tabernacula

686 2447 881 2488 eorum.
919 2430 984 2484 Et
1019 2431 1455 2486 manducaverunt
1488 2442 1534 2487 et
1560 2433 1786 2486 saturati
1825 2442 1943 2486 sunt
1983 2432 2156 2494 nimis,
2180 2442 2229 2487 et

687 2522 997 2577 desiderium
1039 2539 1217 2593 eorum
1250 2527 1427 2579 attulit
1469 2528 1581 2590 eis,
1633 2542 1733 2580 non
1772 2516 1890 2580 sunt
1928 2526 2167 2596 fraudati
2197 2544 2231 2581 α

687 2612 937 2668 desiderio
969 2630 1084 2668 suo.
1101 2614 1278 2669 Adhuc
1296 2632 1415 2693 esca
1447 2632 1624 2670 eorum
1649 2625 1760 2670 erat
1781 2618 1834 2669 in
1855 2634 1941 2671 ore
1975 2618 2227 2684 ipsorum,

590 2746 599 2793 ζ
688 2714 738 2759 et
774 2704 855 2756 ira
888 2701 981 2757 Dei
1024 2704 1252 2758 ascendit
1281 2720 1433 2773 super
1457 2720 1583 2760 eos:
1624 2714 1670 2759 et
1704 2705 1892 2759 occidit
1930 2706 2104 2774 plures
2144 2722 2229 2759 eo-

690 2803 909 2861 rumpet
954 2793 1139 2847 electos
1185 2792 1353 2847 Israel
1400 2794 1680 2863 impedivit.
1713 2793 1867 2860 Quod
1915 2809 2021 2847 non
2071 2793 2230 2847 modo

689 2901 901 2955 paineui,
936 2885 1031 2940 sed
1057 2886 1217 2940 etiam
1246 2884 1528 2953 opsonium
1558 2886 1928 2955 procuraverit
1958 2885 2038 2938 eis
2076 2883 2232 2938 docet

620 3010 623 3013 ν
688 2976 888 3046 Moysis
927 2975 1232 3045 Scriptura,
1265 2974 1320 3028 in
1354 2973 1536 3034 Exodo
1576 2975 1791 3043 quidem
1821 2975 2006 3053 dicens
2036 2976 2080 3006 "’
2114 2995 2127 3029 :
2164 2969 2238 3027 Et

686 3066 927 3123 dixerunt
963 3062 1167 3133 Moyses
1203 3073 1251 3119 et
1282 3065 1457 3119 Aaron
1486 3065 1554 3119 ad
1586 3074 1749 3136 totum
1779 3060 1983 3119 coetum
1998 3064 2229 3134 ﬁliorum

688 3152 892 3215 Israel:
924 3153 1131 3223 Vespere
1160 3154 1330 3209 scietis
1355 3156 1488 3223 quod
1520 3154 1769 3208 Dominus
1794 3154 2028 3208 eduxerit
2060 3171 2145 3207 vos
2168 3153 2231 3207 de

692 3253 759 3295 rei
772 3258 830 3295 ra
857 3241 1100 3312 Egypti;
1129 3260 1278 3298 mane
1299 3253 1470 3298 autem
1495 3243 1730 3297 videbitis
1752 3239 1975 3315 gloriam
2001 3243 2225 3305 Domini,

689 3335 813 3402 quia
846 3333 1043 3385 audivit
1081 3318 1227 3386 omne
1274 3349 1509 3387 murmur
1550 3344 1793 3389 vestrum.
1824 3334 2004 3386 Dabit
2048 3334 2231 3402 quippe

690 3423 832 3476 vobis
878 3422 1125 3494 Dominus
1166 3437 1363 3490 vespere
1402 3432 1582 3477 carnes
1616 3422 1682 3476 ad
1722 3422 2155 3485 manducandum,
2187 3432 2234 3475 et

696 3528 846 3566 mane
873 3526 1028 3579 panes
1049 3511 1115 3564 ad
1135 3513 1484 3566 saturitatem.
1508 3511 1699 3566 Postea
1718 3526 1845 3566 vero
1861 3511 2133 3580 subiungit
2153 3511 2196 3540 ²¹¹
2219 3528 2231 3561 :

694 3601 763 3656 Et
786 3603 982 3669 factum
1023 3612 1100 3656 est
1129 3618 1348 3669 vespere,
1380 3611 1429 3661 et
1454 3600 1703 3655 ascendit-
1726 3603 1984 3666 coturnix,
2024 3610 2072 3654 et
2120 3616 2236 3668 ope-

693 3693 799 3745 ruit
828 3703 1004 3745 castra
1033 3707 1051 3744 :
1074 3708 1222 3744 mane
1247 3707 1359 3745 vero
1398 3707 1483 3745 ros
1503 3692 1670 3760 jacuit
1698 3692 1751 3745 in
1790 3691 2007 3765 circuitu
2033 3700 2236 3744 castro-

692 3793 912 3838 rum:et
940 3799 1052 3837 ecce
1077 3784 1131 3835 in
1176 3781 1633 3852 faciesolitudinis,
1677 3768 1842 3835 tenuis
1883 3781 2015 3849 sicut
2046 3781 2233 3847 pulvis,

694 3873 843 3926 albus
870 3873 1003 3925 sicut
1051 3872 1239 3940 pruina
1260 3885 1414 3938 super
1435 3879 1646 3925 terram.
1680 3868 1794 3923 Sed
1816 3869 1939 3938 quia
1963 3877 2147 3938 postea
2180 3868 2237 3921 in

692 3961 940 4016 Numeris
964 3962 1161 4017 dictum
1191 3962 1325 4018 est”
1343 3960 1631 4030 z—Vulgus
1659 3975 1853 4029 quoque
1890 3960 2237 4026 promiscuum

692 4053 931 4121 ﬂagravit
949 4032 1241 4113 desiderio;
1270 4061 1319 4106 et
1351 4050 1581 4105 sedentes
1608 4048 1801 4119 ﬁebant
1829 4049 1929 4117 ﬁlii
1966 4046 2159 4111 Israel,
2188 4059 2235 4100 et

693 4138 931 4193 dixerunt
962 4156 981 4195 :
1015 4141 1143 4206 Quis
1163 4140 1308 4194 dabit
1336 4142 1480 4195 nobis
1511 4142 1734 4195 carnes?
1777 4138 2128 4193 Recordamur
2156 4141 2237 4208 pi-

694 4233 861 4284 scium
895 4248 1019 4299 quos
1048 4230 1435 4301 coinedcbamus
1461 4232 1515 4283 in
1541 4228 1768 4307 Egypto
1796 4228 1984 4299 gratis,
2009 4238 2058 4283 et
2082 4245 2238 4282 cucu-

694 4338 855 4375 meres
876 4331 923 4375 et
952 4336 1163 4388 pepones
1185 4330 1235 4373 et
1256 4336 1437 4388 porros
1466 4329 1514 4374 et
1533 4332 1669 4388 cepe.
1693 4317 1848 4373 Nunc
1868 4328 2037 4371 autem
2059 4320 2237 4371 anima

693 4420 872 4462 nostra
899 4408 1141 4478 peranda
1193 4406 1395 4462 Deinde
1421 4408 1707 4478 subjicitur
1729 4408 1773 4439 ³⁸
1805 4426 1817 4461 :
1848 4406 1911 4460 Et
1937 4407 2067 4461 abiit
2092 4407 2237 4478 Mog-

695 4513 774 4550 ses
803 4499 857 4551 in
880 4507 1053 4551 castra
1076 4499 1181 4565 ipse
1207 4505 1255 4551 et
1277 4496 1500 4549 seniores
1523 4494 1710 4550 Israel.
1736 4494 1801 4548 Et
1827 4498 2041 4565 spiritus
2066 4514 2237 4567 egres-

2408 1981 2810 2052 Ἐπισιτισμὸν
2858 1979 3209 2033 ἀπέστειλεν
3251 1977 3452 2042 αὐτοῖς
3490 1978 3575 2041 εἰς
3609 1979 3858 2043 πλησμοο

2328 2073 2458 2138 νήν.
2530 2073 2771 2143 Ἁπῆρεν
2817 2073 3008 2126 Νότον
3031 2070 3099 2134 ἐξ
3145 2067 3421 2137 οὐρανοῦ,
3451 2069 3547 2122 καί
3580 2067 3858 2136 ἐπήγαγεν

2326 2164 2393 2215 ἐν
2425 2161 2497 2231 τῇ
2533 2162 2777 2239 δυνάμει
2812 2162 2993 2216 αὑτοῦ
3026 2160 3195 2216 Λίϐα.
3223 2160 3333 2213 Καὶ
3375 2159 3613 2228 ἔϐρεξεν
3648 2159 3736 2211 ἐπ’
3762 2159 3860 2211 αὑ-

2326 2252 2464 2316 τοὺς
2492 2251 2631 2305 ὠσεί
2678 2252 2828 2320 χοῦν
2856 2250 3105 2321 σάρκας,
3138 2250 3235 2307 καί
3260 2250 3409 2303 ὠσεί.
3437 2248 3631 2317 ἄμμον
3656 2250 3861 2301 θαλασ-

2326 2342 2452 2396 σῶν
2479 2343 2713 2396 πετεινὰ
2739 2340 2999 2409 πτερωτά
3015 2356 3028 2371 ·
3057 2342 3152 2394 καί
3172 2342 3465 2394 ἐπέπεσεν
3490 2340 3560 2393 ἐν
3578 2338 3739 2409 μέσῳ
3762 2337 3859 2404 τῆς

2327 2431 2696 2503 παρεμϐολῆς
2727 2422 2939 2493 αὐτῶν,
2972 2432 3171 2497 κύκλῳ
3199 2430 3316 2485 τῶν
3344 2427 3740 2499 σκηνωμάτων
3770 2432 3859 2482 αὐ-

2328 2524 2459 2579 τῶν.
2484 2525 2593 2578 Καί
2611 2524 2833 2591 ἔφαγον
2863 2522 2959 2575 καί
2988 2522 3454 2589 ἐνεπλήσθησαν
3491 2521 3739 2589 σφόδρα,
3776 2521 3860 2573 καί

2328 2616 2439 2682 τὴν
2462 2616 2775 2684 ἐπιθυμίαν
2816 2613 3009 2667 αὐτῶν
3046 2613 3293 2682 ἤνεγκεν
3326 2612 3546 2678 αὐτοῖς,
3575 2616 3683 2666 οὐκ
3711 2613 3861 2665 ἐστε-

2320 2703 2597 2770 ρήθησαν
2661 2702 2779 2757 ἀπὸ
2829 2702 2938 2770 τῆς
2988 2702 3297 2771 ἐπιθυμίας
3340 2700 3554 2754 αὐτῶν,
3599 2702 3716 2753 Ἔτι
3763 2698 3861 2764 τῆς

2322 2794 2598 2861 βρώσεως
2624 2792 2811 2859 οὔσης
2835 2794 2904 2845 ἐν
2928 2790 3007 2856 τῷ
3036 2793 3283 2861 στόματι
3304 2789 3498 2843 αὐτῶν
3526 2790 3623 2843 καὶ
3650 2792 3684 2857 ἡ
3727 2790 3859 2857 ὀργὴ

2326 2886 2431 2939 τοῦ
2484 2884 2629 2939 Θεοῦ
2686 2884 2865 2950 ἀνέϐη
2910 2884 3002 2937 ἐπ’
3043 2882 3289 2948 αὐτούς’
3316 2882 3410 2934 καί
3435 2882 3779 2947 ᾀπέθιτεινεν
3801 2880 3863 2933 ἐν

2328 2975 2452 3041 τοῖς
2498 2976 2773 3029 πλείοσιν
2833 2972 3049 3036 αὐτῶν,
3084 2972 3182 3025 καί
3221 2971 3361 3036 τοὺς
3413 2970 3723 3035 ἐκλεκτοὺς
3765 2968 3861 3021 τοῦ

2344 3067 2585 3136 Ἰσραὴλ
2618 3064 3036 3121 συνεπόδισεν.
3072 3064 3194 3119 Ὅτι
3227 3063 3300 3133 μὴ
3333 3061 3489 3133 μόνου
3532 3063 3713 3131 ἄρτου,
3740 3060 3863 3113 ἀλλὰ

2329 3160 2423 3214 καὶ
2447 3160 2573 3229 ὄψου
2594 3159 2915 3230 προενόησεν
2946 3158 3144 3220 αὐτοῖς,
3175 3156 3515 3211 διδάσκεικαὶ
3551 3157 3583 3222 ή
3640 3154 3863 3215 Μωσέως

2330 3250 2606 3321 Γραφὴ,ὲν
2634 3250 2727 3318 μὲν
2756 3249 2945 3318 Ἐξόδῳ
2972 3247 3217 3314 λέγουσιν
3253 3248 3362 3300 Καὶ
3397 3241 3525 3299 εἷπε
3537 3242 3750 3310 Μωσῆς
3775 3245 3862 3299 καί

2346 3338 2557 3407 Ἀαρὼν
2583 3339 2721 3406 πρὸς
2776 3338 2979 3392 πᾶσαν
3008 3337 3361 3409 συναγωγὴν
3381 3362 3393 3376 ·
3414 3336 3559 3390 υἰῶν
3610 3336 3831 3403 Ἰσραήλ
3847 3351 3859 3363 ·

2344 3427 2633 3495 Ἑσπέραν
2671 3426 2989 3496 γνώσεσθε,
3023 3426 3111 3479 ὅτι
3146 3427 3356 3493 Κύριος
3406 3425 3692 3493 ἐξήγαγεν
3718 3422 3863 3491 ὑμᾶς

2332 3520 2400 3573 ἐκ
2429 3518 2534 3589 γῆς
2557 3518 2854 3587 Αἰγύπτου
2870 3534 2884 3548 ’
2909 3517 3056 3585 πρωῒ
3078 3514 3146 3569 δὲ
3167 3515 3388 3586 ἄφεσθε
3418 3516 3529 3583 τὴν
3552 3516 3732 3578 δόξαν
3762 3517 3865 3566 Ku-

2325 3610 2480 3677 ρίου,
2502 3613 2571 3663 ἐν
2596 3608 2675 3674 τῷ
2702 3608 3050 3663 εἰσακοῦσαι
3086 3607 3269 3662 αὐτὸν
3292 3605 3486 3661 πάντα
3532 3606 3639 3659 τὸν
3678 3622 3864 3674 τοττι»

2333 3700 2488 3767 σμὸν
2511 3699 2696 3769 ὑμῶν,
2719 3700 2787 3753 ἐν
2809 3697 2887 3762 τῷ
2910 3698 3135 3752 διδόναι
3162 3696 3267 3752 τὸν
3298 3698 3515 3764 Κύριον
3536 3696 3674 3765 ὑμῖν
3696 3692 3864 3749 ἐσπέ-

2325 3806 2439 3857 ρας
2467 3789 2609 3857 κρέα
2642 3788 2869 3857 φαγεῖν,
2924 3786 3020 3841 καί
3066 3785 3282 3854 ἄρτους
3328 3786 3391 3839 τὸ
3414 3785 3567 3852 πρωῒ
3607 3786 3690 3846 εἰς
3726 3785 3865 3847 πλη-

2334 3882 2586 3950 σμονήν.
2602 3881 2707 3941 Καὶ
2731 3878 2963 3945 ἐπιλέγει
2980 3877 3121 3946 ἑξῆς·
3149 3876 3257 3931 Καὶ
3277 3866 3510 3945 ἐγένετο
3536 3872 3865 3939 ἑσπέριαβαί

2333 3970 2510 4037 ἀνέϐη
2537 3970 2948 4039 ὀρτυγομήτρα,
2964 3969 3059 4021 καί
3072 3965 3336 4033 ἐκάλυψε
3354 3964 3467 4031 τὴν
3481 3963 3862 4032 παρεμϐολήν·

2335 4058 2399 4112 τὸ
2423 4060 2567 4127 πρωῒ
2578 4058 2645 4111 δὲ
2662 4058 2893 4129 ἐγένετο
2910 4054 3393 4123 καταπαυομένης
3406 4052 3514 4119 τῆς
3534 4053 3751 4120 δρόσου
3773 4052 3864 4104 κύο

2335 4149 2583 4217 κλῳτῆς
2612 4148 3008 4218 παρεμϐολῆςο
3046 4148 3141 4201 καί
3168 4147 3402 4201 ἰδοὺέπί
3426 4145 3741 4214 προσώπου
3770 4144 3863 4211 τῆς

2335 4240 2571 4309 ἐρήμου,
2599 4239 2823 4293 λεπτὸν
2846 4239 2984 4292 ὡσεὶ
3016 4239 3236 4301 κόνιον,
3274 4237 3497 4291 λευκὸν
3524 4234 3660 4289 ὠσεί
3690 4234 3864 4303 πάτος

2335 4330 2431 4384 ἐπὶ
2460 4329 2565 4397 τῆς
2619 4331 2749 4399 τῆς.
2796 4330 2931 4383 Ἀλλ’
2959 4330 3141 4399 ἐπειδὴ
3183 4328 3319 4399 μετὰ
3359 4328 3530 4381 ταῦτα
3562 4328 3769 4400 εἴρηται
3817 4327 3865 4376 ὲν

2349 4422 2404 4474 Ἀ
2415 4421 2495 4492 ριθ
2506 4422 2823 4490 μοῖς-Καί
2841 4426 2872 4475 ό
2885 4423 2983 4475 ἐπί
2981 4436 3185 4489 μικτος
3206 4419 3274 4471 ἐν
3294 4420 3370 4472 αὑ
3378 4418 3497 4483 τοῖς
3508 4420 3863 4485 ἐπεθύμησεν

2336 4506 2662 4576 ἐπιθυμίαν,
2695 4507 3397 4572 καίκαθισαντεςέκλαον
3426 4507 3600 4561 (λὶυίοἰ
3619 4502 3865 4572 Ἰσραὴλ.

697 4604 785 4641 sus
814 4597 890 4641 est
935 4605 968 4641 a
1002 4589 1245 4651 Domino,
1276 4596 1325 4641 et
1370 4587 1542 4645 emisit
1577 4585 1888 4639 coturnicem
1925 4605 1956 4641 a
2002 4590 2153 4653 mari,
2184 4598 2231 4641 et

2336 4598 2433 4651 καί
2454 4594 2648 4661 εἶπαν,
2684 4599 2778 4664 Τίς
2808 4599 3058 4665 ψωμίσει
3086 4598 3228 4665 ἡμῖν
3248 4598 3427 4665 κρέα;
3471 4595 3863 4665 Ἐμνήσθημεγ

695 4678 871 4746 injecit
901 4677 955 4731 in
984 4687 1159 4731 castra
1186 4678 1369 4733 itinere
1391 4678 1545 4731 unius
1572 4678 1675 4730 diei
1709 4678 1763 4729 in
1785 4679 2001 4731 circuitu
2030 4690 2231 4733 castro—

694 4784 831 4827 rum.
862 4768 1013 4836 quasi
1043 4766 1243 4820 duobus
1280 4767 1464 4821 cubitis
1492 4782 1646 4835 super
1673 4778 1886 4821 terram.
1911 4767 1978 4821 Et
2020 4750 2231 4838 surgens

693 4858 910 4927 populus
934 4866 1037 4908 toto
1060 4856 1145 4931 die
1168 4856 1261 4910 illo
1283 4864 1333 4909 et
1355 4867 1520 4917 nocte.
1543 4874 1808 4927 congregaz
1824 4846 1863 4911 it
1890 4861 2233 4929 unusquisque

696 4946 829 5013 quod
856 4946 1131 5014 sufﬁciebat
1161 4961 1180 4998 :
1213 4946 1300 5015 qui
1347 4944 1585 5005 multum,
1631 4962 1730 4998 non
1757 4948 2187 5017 superabundavit
2212 4964 2231 5008 ;

694 5044 743 5088 et
762 5036 847 5103 qui
876 5050 1082 5102 parum,
1098 5051 1199 5087 non
1223 5035 1462 5103 indiguit.
1480 5035 1583 5101 Qui
1612 5052 1817 5105 parum,
1835 5040 2032 5109 collegit
2060 5040 2231 5093 decem

697 5141 863 5179 coros.
888 5125 954 5178 Et
976 5126 1182 5179 siccaue
1214 5135 1331 5179 sunt
1356 5128 1409 5178 in
1426 5128 1560 5180 vasis
1595 5128 1645 5179 in
1677 5128 1894 5181 circuitu
1919 5112 2230 5192 castrorum,

698 5230 812 5281 quin
839 5213 1055 5267 aderam
1085 5230 1287 5276 cantes.
1338 5226 1604 5289 antequam
1633 5219 1927 5287 deﬁcerent.
1951 5220 2019 5273 Et
2063 5222 2230 5277 iratus

697 5308 775 5351 est
808 5298 1097 5353 Dominus:
1126 5311 1175 5354 et
1223 5310 1456 5354 vocatum
1492 5314 1568 5357 est
1606 5322 1787 5360 nomen
1818 5307 1915 5360 loci
1945 5308 2109 5372 illius,
2141 5308 2232 5362 Se-

697 5388 879 5454 pulcra
918 5391 1359 5458 concupiscentia,
1382 5394 1505 5462 quia
1538 5396 1613 5448 ibi
1656 5398 1958 5465 sepelierunt
1986 5401 2232 5469 populum

696 5481 801 5544 qui.
828 5481 1180 5548 concupiverat
1196 5496 1582 5556 ;——opportuue
1607 5487 1768 5556 igitur
1785 5482 2043 5553 clausula,
2071 5506 2229 5559 quam

700 5577 1015 5633 tractamus,
1046 5571 1158 5626 haec
1189 5571 1342 5629 docet
1363 5576 1447 5630 his
1482 5579 1660 5633 verbis
1692 5597 1703 5631 :
1741 5579 1955 5633 Cibaria
1982 5583 2125 5633 misit
2158 5581 2230 5632 eis

700 5659 769 5709 ad
796 5663 1143 5727 saturitatem,
1169 5671 1223 5717 et
1248 5676 1455 5721 caetera.
1489 5667 1653 5724 Docet
1674 5680 1851 5724 autem
1878 5672 2108 5725 volatilia
2142 5672 2230 5724 illa

769 5779 813 5806 "
835 5775 985 5830 Joan.
1018 5794 1090 5839 Vl.
1113 5781 1199 5835 35.
1275 5785 1317 5816 ”
1351 5784 1570 5842 ibid.55.

703 5846 744 5876 σο
774 5846 900 5901 una.
926 5847 1011 5905 δυ.
1041 5849 1136 5905 at;
1188 5924 1189 5927 γ

1674 5789 1717 5821 τε
1742 5787 1868 5843 ibid.
1900 5787 2089 5857 51,52.
2166 5788 2431 5870 ."Exod.
2462 5798 2572 5855 m,
2612 5788 2775 5846 6-8.»
2828 5790 3043 5855 "ante,
3079 5789 3164 5873 is,
3205 5786 3355 5859 ιιέε.

2334 4684 2473 4749 τοὺς
2502 4688 2724 4753 ἰχθύας,
2772 4684 2877 4749 οὓς
2912 4684 3197 4752 ήσθίομεν
3225 4685 3294 4738 ἐν
3324 4685 3595 4751 Αἰγύπτῳ
3634 4680 3863 4746 δωρεὰν.

2334 4775 2430 4826 καί
2458 4775 2597 4850 τοὺς
2620 4773 2997 4837 σικυοὺς,καί
3025 4774 3164 4839 τοὺς
3202 4774 3485 4836 πέπονας,
3508 4772 3603 4824 καὶ
3632 4772 3702 4823 τὰ
3736 4769 3863 4836 πρά·

2334 4878 2434 4927 σα,
2464 4865 2559 4918 καὶ
2588 4867 2659 4917 τὰ
2680 4864 2918 4930 κρόμυα.
2934 4866 3083 4918 Νυνί
3105 4864 3171 4917 δὲ
3196 4868 3233 4931 ἡ
3252 4861 3419 4930 ψυχὴ
3450 4860 3863 4929 ἡμῶνκατάξηο

2326 4972 2449 5021 ρος.
2477 4952 2606 5007 Εἶτα
2624 4954 2922 5023 ὲπιλέγεται
2955 4957 3103 5026 ἑξῆς·
3137 4956 3244 5009 Καὶ
3276 4952 3508 5020 ἀπῆλθε
3526 4950 3744 5019 Μωσῆς
3788 4953 3864 5013 εἰς

2335 5046 2444 5112 τὴν
2472 5046 2866 5113 παρεμϐολὴν,
2904 5048 3083 5113 αὐτὸς
3119 5044 3215 5099 καὶ
3264 5047 3318 5097 οἰ
3363 5046 3739 5112 πρεσϐύτεροι
3769 5040 3865 5097 τοῦ

2347 5136 2605 5203 Ἰσραήλ.
2626 5136 2730 5188 Καὶ
2744 5139 2971 5205 πνεῦμα
2997 5135 3376 5203 ἐξῆλθεπαρὰ
3391 5138 3627 5204 Κυρίου,
3642 5137 3740 5190 καὶ
3754 5135 3866 5198 ἐξέ-

2336 5226 2555 5290 ϐρασεν
2568 5225 2998 5295 όρτυγομήτραν
3010 5225 3125 5279 άπὸ
3144 5223 3249 5291 τῆς
3268 5224 3599 5292 θαλάσσης,
3632 5226 3728 5279 καί
3742 5222 3862 5277 ἐπέ-

2336 5314 2516 5367 ϐαλεν
2540 5314 2633 5366 ἐπὶ
2658 5316 2768 5382 τὴν
2787 5314 3163 5383 παρεμϐολὴν
3173 5314 3313 5368 ὁδὸν
3342 5314 3583 5383 ἡμέρας,
3604 5315 3865 5368 ἐντεῦθεν

2336 5404 2533 5466 κύκλῳ
2563 5402 2667 5470 τῆς
2696 5405 3062 5473 παρεμϐολῆς
3081 5406 3219 5458 ὡσεὶ
3234 5405 3455 5472 δίπηχυ
3482 5407 3596 5459 άπὸ
3612 5404 3721 5471 τῆς
3742 5402 3859 5471 γῆς·

2337 5492 2441 5544 Καὶ
2466 5495 2726 5560 ἀναστὰς
2750 5498 2781 5547 ό
2800 5494 2941 5558 λαὸς
2975 5494 3127 5560 ὅλην
3141 5494 3253 5551 τὴν
3271 5494 3495 5561 ἡμέραν
3526 5494 3759 5557 ἐκείνην
3777 5490 3862 5542 καὶ

2337 5581 2485 5647 ὅλην
2509 5582 2619 5649 τὴν
2643 5586 2851 5649 νύκτα,
2886 5585 2983 5637 καὶ
3024 5584 3363 5649 συνήγαγεν
3393 5583 3647 5647 ἕκαστος
3677 5583 3739 5634 τὸ
3770 5583 3860 5648 ἀρ-

2337 5672 2508 5724 κοῦνθ’
2543 5676 2575 5726 ὁ
2605 5672 2670 5725 τὸ
2694 5674 2848 5726 πολὺ
2876 5676 2981 5726 οὐκ
3011 5673 3361 5731 causam”.
3390 5674 3485 5724 και
3520 5676 3553 5724 ό
3580 5670 3641 5733 τὸ
3673 5672 3851 5738 ὀλίγον

3470 5788 3512 5817 ’⁸
3534 5784 3689 5843 Nam.
3715 5804 3792 5851 ιι,
3814 5786 3844 5840 ι
