3976 6350
64 519 176 576 935
1143 512 1640 573 COMMENTARIA
1672 512 1737 569 IN
1774 511 2111 569 PSALMOS.
3168 510 3270 565 9‘26

60 636 286 707 πνεῦμα
314 636 667 708 πορευόμενον
709 636 802 689 καὶ
845 634 943 688 οὐκ
986 619 1618 706 ἐπιστρέφον.⁹ονομάζει

1734 650 1785 689 ro
1818 635 1945 687 iacti
1979 640 2127 697 sunt,
2147 637 2294 701 quod
2320 643 2521 701 corpus
2553 628 2839 700 diligerent
2859 644 2874 695 ;
2898 635 2955 680 ut
2974 608 3275 697 iustissime

57 728 122 779 δὲ
150 727 279 781 αὐτὸ
306 727 488 798 οἰκείῳ
512 728 732 798 ὀνόματι
763 730 790 780 ὁ
825 726 1159 790 Ἀπόστολος,
1186 727 1455 796 φρόνημα
1479 742 1623 796 σαρ-

1734 725 1789 778 le
1821 724 1929 779 illis
1954 723 2167 777 dicatur
2194 741 2205 776 :
2235 719 2403 774 Homo
2431 735 2547 773 cum
2576 714 2628 772 in
2657 718 2848 771 honore
2870 725 3024 778 esset,
3059 733 3161 771 non
3189 716 3275 767 in-

59 819 275 883 κὸς,ὲν
316 812 396 881 οἷς
440 834 598 888 φησισ
658 821 727 873 Τὸ
777 818 887 887 γὰρ
935 817 1206 886 φρόνημα
1234 815 1365 886 ,τῆς
1403 820 1624 886 σαρκὸς

1734 816 1940 878 reuexit,
1967 822 2299 882 comparatus
2328 820 2403 865 est
2425 809 2674 879 jumentis
2702 804 3083 873 insipientibus,
3118 813 3167 853 et
3199 804 3276 854 si-

58 911 255 977 ἑχθρα
275 912 361 975 είς
389 911 534 964 Θεόν
551 928 564 940 ·
598 908 675 972 τῷ
710 910 818 977 γὰρ
847 910 1003 977 νόμῳ
1027 907 1133 965 τοῦ
1168 907 1315 962 Θεοῦ
1338 910 1450 978 οὐχ
1479 912 1632 965 ὑποε-Δ

1734 908 1867 962 mitis
1899 906 2070 975 factus
2097 914 2174 959 est
2203 904 2311 958 illis
2325 904 2387 957 “.

58 976 374 1068 edocuerat,
403 1002 543 1057 οὐδὲ
576 1000 683 1070 τὰρ
714 976 959 1056 δύναται
978 1017 991 1031 ·
1025 999 1090 1053 τὸ
1129 1000 1197 1054 δὲ
1224 976 1495 1071 φρόνημα
1525 1002 1629 1057 τοῦ
1667 1002 1998 1070 πνεύματος
2030 998 2139 1067 ζωὴ
2178 976 2532 1065 καιείρήνη.
2562 991 2711 1047 Οὕτω
2736 992 2792 1044 δὲ
2823 989 3020 1063 σάρκες
3054 990 3104 1042 οι
3157 1004 3278 1041 κατ-

59 1095 422 1167 ηγορούμενοι
464 1093 772 1163 γεγόνεισαν
816 1096 879 1147 tu
925 1092 1016 1147 τοῦ
1065 1092 1488 1164 φιλοσωματεῖν·
1517 1094 1592 1159 ὡς
1628 1097 1719 1148 καὶ¹
1779 1093 1904 1163 περὶ
1956 1090 2130 1157 αὐτῶν
2197 1088 2505 1140 δικαιότατα
2530 1084 2595 1138 ἂν
2622 1082 2868 1154 εἰρῆσθαι
2898 1081 2989 1135 τό·
3028 1081 3276 1148 Ἄνθρωέ-

59 1198 179 1250 stoc
215 1186 288 1239 ἐν
318 1184 453 1255 τιμῇ
487 1182 573 1237 ὦν
597 1185 664 1238 οὐ
693 1183 941 1252 συνῆκε,
968 1184 1467 1253 παρασυνεᾶιήθη
1497 1185 1623 1252 τοῖς
1659 1185 1903 1254 κτήνεσι
1928 1172 2049 1247 τοῖς
2072 1179 2368 1249 ἀνοήτοις.
2404 1177 2502 1231 καὶ
2532 1174 2789 1245 ὡμοιώθη
2813 1169 3032 1236 αὐτοῖς.

140 1296 407 1363 Haedui;-
450 1296 896 1367 παρεπίκραναν
945 1286 1141 1352 αὐτὸνλ
1177 1298 1246 1351 ἐν
1289 1297 1363 1367 τῇ
1410 1296 1623 1367 ἐρήμῳ,

60 1387 449 1457 παρώρτισαν
477 1387 662 1442 αὐτὸν
690 1388 760 1441 ὲν
783 1386 859 1459 γῆ
897 1388 1131 1457 ἀνύδρῳ
1158 1389 1178 1441 !
1216 1389 1324 1441 Kal
1350 1387 1628 1457 ἐπέστρε-

58 1479 195 1542 ψαν
215 1477 313 1530 καὶ
344 1476 666 1547 ἐπείρασαν
694 1478 798 1531 τὸν
831 1478 996 1546 Θεὸν,
1026 1480 1123 1533 καί
1152 1478 1260 1532 τὸν
1291 1478 1494 1546 Ἀγιον
1520 1478 1626 1531 τοῦ

74 1566 321 1635 Ἰσραὴλ
348 1566 724 1635 παρώξυναν.
763 1570 883 1623 Οὐκ
923 1562 1316 1638 ἐμνήσθησαν
1362 1565 1470 1635 τῆς
1508 1584 1627 1637 χει-

56 1658 169 1723 ρὸς
198 1656 406 1719 αὐτοῦ,
438 1656 660 1727 ἡμέρας
683 1654 759 1729 ἧς
781 1657 1153 1729 ἐλυτρώσατο
1185 1656 1403 1724 αὐτοὺς
1426 1658 1493 1711 ἐκ
1516 1674 1630 1725 χει-

58 1748 170 1815 ρὸς
198 1750 643 1816 θλίϐοντος.¹Ως
672 1752 845 1806 ἔθετο
880 1752 948 1804 ὲν
977 1751 1249 1820 Αἰγύπτῳ
1290 1749 1361 1803 τὰ
1408 1749 1628 1825 σημεῖα

59 1842 278 1906 αὑτοῦ,
313 1842 431 1917 καί
463 1843 533 1897 τὰ
572 1842 783 1912 τέρατα
827 1844 1011 1896 αὐτοῦ
1053 1840 1113 1894 ἐν
1176 1840 1357 1906 πεδίῳ
1386 1838 1628 1905 Τάνεως.

61 1934 486 2004 Μετέστρεψεν
515 1938 601 2000 εἰς
630 1930 771 2003 αἷμα
796 1933 933 1999 τοὺς
962 1917 1262 2002 ποταμοὺς
1288 1930 1501 1993 αὐτῶν,
1519 1931 1628 1985 ’καὶ

64 2025 141 2078 τὰ
189 2026 531 2096 ὀμϐρήματα
577 2024 772 2079 αὐτῶν
807 2025 964 2090 ὅπως
1001 2023 1082 2092 μὴ
1128 2025 1364 2076 πίωσιν.
1394 2021 1632 2087 Ἐξαπέοι

1799 1295 1961 1352 Vens.
1988 1294 2057 1352 40
2081 1323 2103 1334 —
2122 1292 2212 1348 ιε.
2256 1291 2469 1358 Quoties
2494 1286 2926 1344 exacerbaverunt
2948 1299 3079 1337 eum
3112 1282 3165 1335 in
3188 1284 3278 1334 de-

1727 1399 1887 1452 serto,
1917 1390 1970 1442 in
1996 1388 2130 1440 iram
2166 1385 2553 1439 concitaverunt
2581 1396 2696 1433 eum
2724 1380 2777 1432 in
2811 1388 2947 1431 terra
2982 1373 3279 1444 inaquosa.’

1727 1482 1796 1535 Et
1842 1481 2076 1534 conversi
2124 1487 2245 1533 sunt
2290 1487 2340 1531 et
2385 1482 2707 1529 tentaverunt
2739 1472 2927 1534 Deum,
2953 1479 3003 1525 et
3027 1468 3278 1523 Sanctum

1728 1570 1904 1625 Israel
1938 1567 2399 1623 exacerbauerunt.
2442 1561 2565 1618 Non
2609 1560 3040 1617 suntreeardati
3094 1573 3279 1611 manus

1725 1662 1871 1731 ejus,’
1889 1652 1991 1713 diei
2017 1676 2120 1729 qua
2149 1656 2364 1719 redemit
2388 1672 2474 1709 eos
2504 1654 2567 1708 de
2592 1669 2754 1706 manu
2780 1651 3103 1705 tributautis.
3136 1648 3280 1703 Sicut

1706 1754 1897 1831 posuit
1922 1753 1975 1805 in
2002 1748 2232 1819 Egypto
2262 1749 2413 1817 signa
2441 1762 2560 1831 sua,
2583 1753 2632 1798 et
2655 1741 2900 1812 prodigia
2925 1738 3023 1795 sua
3056 1741 3112 1831 in
3141 1756 3284 1795 cam-

1727 1862 1792 1916 po
1818 1844 2037 1898 Taneos.
2070 1841 2334 1897 Convertit
2372 1840 2426 1893 in
2460 1830 2766 1908 sanguinem
2810 1832 3033 1904 ﬂumina
3080 1834 3281 1895 eorum,

1728 1944 1777 1989 et
1801 1934 1986 1987 imbres
2015 1948 2194 1987 eorum
2223 1947 2283 1984 ne
2306 1929 2554 1983 biberent.
2586 1926 2733 1980 Misit
2761 1926 2812 1978 in
2836 1939 2921 1978 eos
2944 1923 3283 1991 ctenomyians

1729 2036 1778 2081 et
1811 2025 2030 2079 comedit
2061 2040 2169 2087 eos,
2197 2032 2245 2077 et
2272 2037 2462 2075 ranam
2491 2030 2540 2074 et
2562 2015 2874 2088 disperdidit
2902 2031 3009 2070 eos.
3041 2012 3108 2067 Et
3141 2014 3284 2067 dedit

63 2094 316 2170 στειλεν
452 2116 671 2181 αὐτοὺς
700 2118 1029 2185 κυνόμυιαν
1054 2115 1151 2168 καὶ
1175 2114 1504 2185 κατέφαγεν
1527 2113 1633 2167 αὐ-

1734 2118 1951 2188 amtgini
1992 2116 2222 2185 fructum
2252 2129 2452 2177 eorum,
2489 2120 2538 2165 et
2578 2111 2781 2185 labores
2823 2094 3001 2189 eorum
3050 2108 3280 2160 locustw.
3314 2172 3315 2175 η

65 2206 241 2273 τοὺς,
269 2208 367 2261 καὶ
410 2206 719 2276 βάτραχον
749 2207 844 2260 καὶ
877 2205 1202 2275 διέφθειρεν
1245 2207 1485 2272 αὐτούς.
1521 2204 1631 2261 Kal

61 2298 258 2355 ἔδωκε
303 2296 381 2366 τῇ
427 2297 672 2367 ἐρυσίϐῃ
714 2297 819 2350 τὸν
860 2297 1089 2365 καρπὸν
1116 2295 1329 2362 αὐτῶν,
1356 2294 1455 2348 καὶ
1494 2294 1634 2361 τοὺς

65 2390 299 2456 πόνους
329 2387 525 2442 αὐτῶν
556 2387 629 2457 τῇ
665 2387 881 2456 ἀκρίδι.
914 2388 1022 2442 Kal
1037 2386 1394 2447 ,ἀπέκτεινεν
1432 2388 1501 2441 ἐν
1528 2403 1635 2456 χα-

64 2479 220 2550 λάζῃ
264 2480 378 2548 τὴν
416 2479 683 2549 ἄμπελον
718 2478 945 2545 αὐτῶν,
981 2472 1076 2533 καὶ
1117 2479 1223 2545 τὰς
1268 2479 1635 2549 συκαμίνους

65 2563 273 2630 αὐτῶν
300 2572 369 2623 ἐν
396 2568 469 2657 τῇ
493 2569 712 2639 πάχνη.
756 2570 863 2630 Kal
893 2569 1229 2636 παρέδωκεν
1264 2572 1350 2634 εις
1374 2567 1637 2638 χάλαζαν

66 2669 145 2722 tis
172 2668 364 2737 κτήνη
386 2668 599 2732 αὐτῶν,
619 2670 718 2723 καὶ
743 2668 855 2734 τὴν
872 2667 1127 2736 ὕπαρξιν
1151 2666 1346 2721 αὐτῶν
1367 2664 1448 2732 τῷ
1471 2667 1631 2735 πυρί.

67 2757 235 2813 Μετὰ
265 2759 334 2813 τὰ
358 2758 713 2829 προλεχοέντα
734 2760 919 2813 πάντα
936 2758 1237 2828 παρέμενον
1265 2758 1636 2829 παραπικραί-

68 2864 276 2912 νοντες,
311 2848 549 2901 τουτέστι
585 2849 777 2919 πικρὸν
802 2850 1009 2911 ἑαυτοῖς
1037 2848 1125 2901 τὸν
1171 2847 1301 2901 Θεὸν
1346 2846 1640 2901 καθιστῶν-

68 2957 184 3007 τες,
226 2939 458 3010 χρηστὸν
484 2939 611 2994 εντα
650 2943 716 3011 τῇ
748 2939 902 3008 φύσει
938 2940 1028 2993 καὶ
1073 2938 1271 3007 ἀγαθὸν
1300 2938 1391 2992 καὶ
1418 2938 1637 3007 γλυκὺν,

68 3032 207 3092 τοῖς
241 3029 299 3082 δὲ
337 3030 600 3102 τιμωρίας
640 3029 807 3095 ἀξίοις
851 3029 1042 3099 πικρὸν
1085 3027 1453 3101 νομιζόμενον.
1483 3022 1639 3083 Οὗτοι

70 3114 209 3183 γοῦν
245 3116 293 3169 oi
330 3117 383 3168 ἒν
406 3118 472 3191 τῇ
506 3118 695 3193 ἐρήμῳ
727 3116 1077 3189 παρώργισαν
1106 3118 1283 3181 αὐτὸν,
1309 3118 1520 3181 ἑαυτοῖς
1543 3116 1640 3189 τὴν

68 3206 251 3277 ὀργὴν
281 3205 666 3286 ἐπισπώμενοι.
694 3209 802 3262 Kal.
825 3210 981 3264 πάλιν
1013 3208 1343 3278 ἐπέστρεφον
1374 3207 1469 3261 καὶ
1490 3207 1639 3261 ἐπεί-

72 3300 248 3370 ραζον
278 3298 369 3355 τὸν
398 3299 546 3363 Θεὸν,
585 3297 678 3355 καὶ
710 3301 801 3354 τὸν
827 3302 1007 3370 Ἀγιον
1040 3301 1131 3355 τοῦ
1149 3299 1359 3373 Ἰσραὴλ
1388 3296 1640 3371 παρώξυ-

1731 2207 1799 2261 Et
1842 2208 2031 2261 occidit
2070 2208 2125 2259 in
2153 2203 2410 2276 grandine
2452 2200 2652 2257 vineam
2683 2218 2885 2265 eorum,
2921 2210 2970 2255 et
2997 2216 3170 2253 moros
3197 2214 3287 2253 σου

1731 2314 1847 2352 runt
1874 2299 1928 2352 in
1948 2298 2160 2366 pruina.
2196 2294 2264 2348 Et
2296 2292 2513 2347 tradidit
2551 2292 2797 2363 grandini
2818 2294 3059 2361 jumenta
3085 2307 3283 2355 eorum,

1729 2403 1787 2446 et'
1815 2389 2189 2461 possessionem
2237 2401 2415 2439 eorum
2462 2384 2587 2453 igni.
2620 2380 2747 2437 Post
2799 2382 3056 2451 praedicta
3080 2382 3283 2443 omnia,

1730 2481 2136 2543 exacerbantes,
2174 2477 2367 2547 inquit,
2405 2476 2840 2546 permanserunt,
2875 2472 2927 2526 id
2976 2481 3081 2534 est,
3117 2470 3284 2526 Deum

1732 2577 1836 2632 sibi
1884 2559 2138 2627 acerbum
2183 2570 2597 2631 constituentes,
2630 2566 2724 2635 qui
2759 2573 2940 2618 tamen
2973 2569 3286 2617 mansuetus

1733 2678 1947 2729 natura,
1981 2667 2156 2721 bonus
2197 2672 2251 2718 et
2276 2662 2452 2716 dulcis
2481 2669 2601 2726 est;
2636 2659 2730 2714 sed
2758 2658 2825 2712 ab
2861 2658 2925 2711 iis
2958 2656 3050 2727 qui
3082 2656 3288 2724 suppli-

1720 2748 1816 2816 iein
1838 2757 1988 2829 digni
2020 2763 2148 2810 sunt
2177 2753 2407 2808 acerbus
2434 2751 2796 2806 existimatur.
2831 2747 2895 2801 Hi
2928 2748 3089 2816 igitur
3115 2747 3204 2816 qui
3233 2747 3288 2799 in

1733 2849 1948 2904 deserto
1992 2844 2344 2898 irritaverunt
2388 2855 2533 2904 eum,
2579 2837 2684 2893 sibi
2734 2838 2867 2890 iram
2922 2844 3284 2890 attraxerunt.

1734 2940 2077 3008 Rursumque
2105 2934 2453 2989 vertebantur
2488 2938 2546 2986 ut
2570 2936 2842 2985 tentarent
2864 2926 3050 2989 Deum,
3078 2938 3130 2980 et
3153 2926 3291 3000 Sat).

1735 3039 1882 3086 etum
1906 3029 2071 3084 Israel
2096 3026 2502 3083 exacerbarent.
2525 3022 2652 3077 Haec
2676 3035 2840 3092 porro
2857 3019 3037 3073 omnia
3059 3017 3291 3087 agebant

1735 3123 1879 3193 quod
1909 3118 2322 3175 mirabilesillas
2352 3115 2453 3170 sibi
2476 3110 2904 3173 olimexhibitas
2931 3108 3156 3162 virtutes
3178 3122 3289 3173 me-

1736 3213 1906 3267 moria
1932 3221 2039 3265 n0n
2069 3215 2373 3279 repeterent
2402 3224 2417 3261 :
2450 3220 2561 3276 quo
2593 3213 2835 3274 tempore
2864 3200 2932 3255 de
2968 3214 3128 3273 manu
3153 3196 3292 3251 Pha-

1737 3304 1919 3357 raonis
1950 3316 2009 3356 se
2033 3300 2388 3370 opprimentis
2416 3295 2647 3352 redemit
2674 3310 2789 3359 eos,
2824 3302 2877 3349 et
2909 3292 2975 3347 ab
3007 3291 3291 3363 Egyptio-

72 3405 186 3441 νον.
208 3389 322 3441 Καὶ
341 3388 511 3447 ταῦτα
532 3390 709 3451 πάντα
730 3390 1046 3463 διέπραττον
1076 3393 1149 3463 μὴ
1179 3389 1639 3461 ἀναλαμϐάνοντες

1738 3408 1855 3444 rum
1888 3391 2165 3445 dominatu
2198 3388 2469 3451 liberavit,
2494 3386 2783 3454 variasque
2827 3383 3061 3437 inimicis
3105 3395 3293 3436 eorum

72 3482 142 3549 τῇ
192 3482 384 3550 μνήμῃ
412 3480 509 3551 τὰς
555 3481 716 3536 πάλαι
744 3455 1042 3553 δειχδείσας
1076 3455 1263 3545 ἀύτοῖς
1310 3455 1639 3553 παραδόξοῦς

1739 3486 1933 3542 inﬂixit
1958 3486 2144 3557 plagas
2174 3487 2226 3538 in
2260 3497 2453 3552 campo
2486 3478 2695 3534 Tan’eos
2726 3497 2739 3532 :
2779 3478 2869 3532 ubi
2909 3478 3083 3546 primo
3115 3476 3294 3529 conti-

74 3571 212 3624 δυνά
220 3588 370 3640 μειςο
394 3572 511 3624 καθ’
537 3571 596 3625 ὃν
625 3573 813 3643 καιρὸν
832 3572 1190 3643 λυτρούμενος
1217 3572 1410 3634 αὐτοὺς
1439 3573 1504 3624 ὲκ
1526 3586 1638 3639 χει·-

77 3662 173 3737 ρδς
220 3661 491 3742 θλίϐοντος
531 3662 624 3716 τοῦ
673 3663 890 3734 Φαραὼ,
917 3663 1204 3733 ἠλευθέρου
1226 3663 1325 3732 τῆς
1352 3660 1459 3714 τῶν
1482 3661 1643 3729 Δίγυ-

76 3754 254 3807 πτίων
287 3753 621 3817 δυναστείας.
651 3753 917 3826 διαφόρως
944 3755 1067 3817 τοὺς
1107 3753 1332 3825 ἐχθροὺς
1358 3750 1534 3805 αὐτῶν
1562 3753 1645 3804 al-

73 3844 365 3915 κιζόμενος
388 3848 444 3898 ὲν
466 3847 544 3915 τῲ
566 3847 779 3911 Τάνεως
805 3847 1001 3917 πεδίῳ·
1027 3848 1084 3900 ὲν
1103 3839 1147 3914 ᾧ
1171 3843 1384 3917 πρῶτον
1404 3843 1644 3912 ἐγίγνετο

74 3939 107 4006 ὴ
156 3936 256 3990 τοῦ
296 3937 540 4008 ποταμοῦ
571 3939 651 4003 εις
685 3933 821 4009 αἷμα
852 3936 1134 4010 μεταϐολὴ,
1172 3935 1484 4005 Αἰγυπτίοις
1509 3930 1645 3989 οὖσα

74 4028 332 4099 τοιαύτη,
356 4029 414 4081 οὐ
445 4028 549 4102 μὴν
588 4030 679 4081 καὶ
704 4033 815 4093 τοῖς
843 4014 1410 4099 βοηθουμένοις.”Οθεν
1443 4024 1535 4078 καὶ
1574 4023 1645 4076 τὰ

75 4118 416 4190 ὁμὸρήματα
452 4119 649 4185 αὐτῶν,
675 4121 708 4191 ἢ
732 4120 894 4193 κατὰ
939 4120 1028 4172 τὸν
1064 4117 1309 4179 Ἀκύλαν,
1340 4118 1399 4168 al
1428 4112 1646 4183 κατείρι
1678 4108 1683 4111 ’

76 4210 239 4274 datas
263 4207 478 4273 αὐτῶν,
508 4209 540 4277 ἢ
566 4210 705 4265 κατὰ.
732 4192 822 4261 τὸν
847 4209 1156 4278 Σύμμαχον,
1190 4206 1263 4259 τὰ
1294 4192 1497 4273 ῥεῖθρα
1542 4207 1647 4260 αὐ-

79 4295 241 4357 τῶν,
290 4297 642 4365 μετεϐάλλετο
690 4300 769 4360 εἰς
822 4292 977 4368 αἷμα.
1036 4297 1190 4361 Πᾶσα
1237 4294 1346 4366 γὰρ
1393 4295 1643 4357 σύστασις

79 4387 299 4440 ὑδάτων
328 4388 395 4439 τὰ
430 4389 588 4457 ὃμοια
615 4387 690 4458 τῷ
717 4388 939 4459 ποταμῷ
982 4389 1234 4459 ἔπασχεν.
1254 4384 1644 4459 ⁹Α).λὰ’τούτων

79 4479 341 4551 οὐδεμίαν
382 4471 656 4533 ἐποιοῦντο
689 4481 902 4551 μνήμην
944 4481 991 4533 οἱ
1018 4476 1494 4550 κατηγορούμενοι,
1528 4476 1643 4531 οὐδὲ

78 4574 146 4640 τῇ
172 4570 266 4633 διὰ
291 4570 388 4641 τῆς
418 4570 709 4639 κυνομυίας
737 4572 855 4623 κατ’
881 4570 1189 4639 Αἰγυπτίων
1218 4570 1396 4641 πληγῇ
1436 4572 1643 4643 προσεῖ-

80 4678 177 4729 χον
201 4660 298 4713 τὸν
323 4661 465 4725 νοῦν,
486 4660 607 4713 οὐδὲ
627 4663 691 4730 τῇ
711 4660 798 4714 διὰ
827 4661 933 4716 τῶν
956 4661 1234 4733 βατράχων
1263 4662 1502 4731 μάστιγι,
1523 4661 1643 4713 οὐδὲ

80 4755 149 4821 τῇ
167 4751 265 4804 διὰ
291 4751 390 4821 τῆς
415 4751 668 4824 ὲρυσίὸης
704 4752 801 4822 (υτ
837 4752 949 4805 ἀλλ’
982 4754 1088 4806 οὐδ’
1114 4755 1263 4827 -ὅπως
1295 4752 1362 4804 δι’
1384 4752 1576 4814 αὐτοὺς
1594 4752 1642 4803 οἱ

1740 3581 1816 3651 git
1864 3579 2101 3634 ﬂuminis
2148 3579 2203 3632 in
2258 3575 2575 3646 sanguinem
2625 3570 2874 3631 mutatio,
2905 3583 3024 3638 quae
3074 3566 3291 3636 quidem

1742 3670 2010 3743 Egyptiis
2054 3669 2181 3725 talis
2225 3656 2363 3731 erat,
2388 3681 2497 3720 non
2518 3670 2698 3718 autem
2728 3662 2796 3716 iis
2825 3660 2915 3730 qui
2940 3659 3291 3727 iuvabantur.

1741 3762 1919 3828 Quare
1951 3761 2154 3816 imbres
2184 3750 2401 3829 quoque
2428 3770 2636 3821 eorum,
2669 3754 2781 3809 sive
2807 3749 3103 3807 secundum
3127 3746 3296 3818 Aqui-

1742 3850 1869 3913 lam,
1901 3848 2076 3917 ﬂuxus
2098 3861 2308 3910 eorum;
2328 3846 2440 3915 sive
2463 3842 2758 3922 secundum
2786 3838 3191 3911 Symmachum,
3214 3837 3298 3891 at-
3351 3874 3360 3884 .

1743 3942 1818 3995 cei
1844 3956 2045 4002 eorum,
2064 3938 2128 3992 in
2157 3938 2473 4007 sanguinem
2508 3931 2872 4011 vertebantur.
2888 3929 3075 3985 Omnis
3100 3929 3297 3998 quippe

1744 4046 2003 4102 aquarum
2052 4029 2322 4091 collectio,
2357 4026 2506 4096 paria
2545 4024 2753 4079 ﬂumini
2801 4036 2961 4091 passa
3008 4022 3111 4075 est.
3144 4018 3213 4075 At
3256 4020 3296 4075 ii

1739 4123 1834 4191 qui
1878 4127 2223 4182 accusantur,
2243 4119 2445 4172 nullam
2495 4129 2681 4170 eorum
2734 4112 3049 4168 memoriam
3088 4112 3297 4167 retine-

1682 4278 1685 4281 ν
1742 4211 1892 4274 bant,
1922 4224 2096 4278 neque
2145 4208 2324 4263 animo
2376 4205 2689 4276 repetebant
2723 4203 3043 4275 cmnomyire
3084 4202 3294 4272 plagam

1742 4300 2010 4373 Egyptiis
2042 4299 2366 4362 immissam,
2402 4314 2509 4353 non
2539 4310 2793 4357 ranarum
2824 4310 3000 4364 neque
3041 4293 3295 4363 aeruginis

1741 4391 2045 4459 ﬂagellum;
2093 4389 2188 4446 sed
2247 4403 2423 4458 neque
2470 4401 2578 4457 qua
2626 4385 2837 4439 ratione
2880 4384 3093 4436 illorum
3124 4382 3296 4463 gratia

1742 4482 1979 4554 Egyptii
2026 4482 2268 4543 locustae,
2300 4477 2572 4548 grandini,
2596 4474 2801 4546 pruina
2851 4480 2917 4542 et
2954 4472 3062 4541 igni
3115 4469 3297 4529 traditi

1720 4574 2169 4644 castigabantur.
2188 4570 2390 4625 Horum
2424 4568 2847 4637 experimentum
2868 4577 2991 4617 eum
3013 4576 3174 4631 opere
3203 4576 3295 4615 ce-

1744 4666 1970 4736 pissent,
2002 4666 2346 4718 immemores
2395 4673 2574 4713 tamen
2622 4654 2860 4711 omnium
2907 4659 3082 4706 erant.
3117 4651 3296 4717 Quare

1748 4754 2043 4813 secundum
2081 4748 2464 4822 Symmachum
2511 4744 2717 4800 dictum
2747 4754 2830 4799 est
2864 4762 2877 4798 :
2918 4740 3039 4796 Non
3068 4749 3187 4795 sunt
3216 4757 3299 4794 re-

80 4842 374 4910 Δὶγύπτιοι
413 4844 592 4915 ἀκριδι
635 4844 728 4897 καὶ
778 4842 1005 4915 χαλάζῃ,
1035 4846 1128 4898 καὶ
1168 4844 1345 4914 πάχνῃ
1373 4845 1467 4897 καὶ
1511 4843 1639 4913 πυρὶ

1748 4843 1950 4898 cordati
1991 4856 2175 4894 manus
2220 4840 2354 4907 ejus,
2388 4838 2490 4890 diei
2512 4853 2614 4908 qua
2644 4836 2880 4890 liberavit
2922 4851 3006 4889 eos
3035 4833 3098 4887 de
3124 4830 3296 4885 tribu-

82 4935 483 5005 παραδοθέντες
513 4935 839 5000 ἐκολάζοντο.
874 4936 1088 4989 Τούτων
1118 4937 1162 4995 δ’
1191 4937 1368 5007 ἔργοις
1402 4932 1497 5003 τὴν
1529 4936 1643 4985 πεῖ-

84 5032 209 5094 ραν
240 5024 539 5094 εἰληφότες,
568 5028 873 5098 ἀμνήμονες
912 5026 1164 5078 ἁπάντων
1215 5026 1504 5095 ἐγίγνοντο.
1554 5024 1643 5076 Διὸ

83 5112 229 5166 κατὰ
259 5112 349 5167 τὸν
377 5116 666 5193 Σύμμαχον
707 5117 948 5189 εἴρηται·
987 5117 1105 5170 Οὐκ
1138 5114 1644 5186 ἀνεμιμνήσκοντο

84 5204 204 5270 τὴν
253 5203 420 5272 χεῖρα
458 5202 657 5271 αὑτοῦ,
679 5208 792 5278 τὴν
816 5206 1039 5278 ἡμέραν
1061 5206 1131 5260 ἐν
1154 5201 1193 5277 ᾖ
1223 5206 1511 5273 ἐρρύσατο
1539 5207 1645 5259 αὐ-

85 5292 233 5357 τοὺς
268 5293 335 5345 ἐκ
369 5294 471 5357 τοῦ
500 5296 836 5365 θλίϐοντος·
878 5297 980 5354 τοῦ
1023 5295 1381 5363 ποιήσαντος
1423 5295 1494 5348 τὰ
1532 5310 1643 5362 ση-

87 5382 226 5451 μεῖα
261 5383 444 5437 αὐτοῦ
477 5384 575 5437 καὶ
605 5385 677 5439 τὰ
705 5386 915 5454 τέρατα
943 5387 1126 5443 αὐτοῦ
1152 5386 1221 5440 ἐν
1240 5386 1532 5457 Αἰγύπτῳ,
1562 5388 1645 5441 ἐν

1746 4937 1910 4997 tante,
1936 4932 2052 5002 ejus
2099 4931 2189 5001 qui
2242 4931 2360 4999 fecit
2411 4923 2562 4999 signa
2606 4946 2706 4982 sua
2746 4936 2795 4982 et
2841 4926 3077 4996 prodigia
3105 4940 3202 4978 sua
3243 4923 3299 4975 in

1746 5027 1995 5096 ngypto,
2030 5024 2083 5075 in
2109 5008 2291 5090 eantpo
2310 5020 2547 5083 Taneos;
2568 5022 2657 5091 qui
2685 5018 2975 5072 immutavit
3008 5018 3060 5069 in
3093 5012 3300 5082 sangui-

1746 5133 1860 5172 nem
1887 5115 2109 5183 [Iumina
2138 5128 2337 5178 eorum,
2368 5122 2417 5166 et
2446 5113 2615 5166 alveos
2650 5126 2827 5165 eorum
2850 5119 3024 5162 utnon
3042 5104 3296 5179 biberent;

1746 5205 1833 5277 qui
1874 5205 2015 5258 misit
2042 5206 2169 5273 ipsis
2213 5202 2552 5272 canoniyiam
2601 5200 2668 5253 ad
2700 5196 3066 5252 comedendum
3107 5210 3217 5256 eos,
3248 5204 3298 5246 et

1747 5309 1933 5348 ranam
1966 5293 2034 5346 ad
2067 5291 2466 5362 disperdendum
2493 5304 2614 5352 eos;
2660 5289 2747 5358 qui
2773 5285 2915 5339 dedit
2941 5282 3159 5352 aerugini
3183 5282 3298 5350 fru-

1745 5393 1858 5437 ctus
1887 5397 2066 5436 eorum
2094 5391 2145 5437 et
2176 5381 2377 5435 labores
2406 5394 2584 5433 eorum
2615 5378 2859 5436 locusta;
2888 5372 2978 5442 qui
3030 5371 3213 5425 occidit
3242 5372 3299 5421 in

87 5473 277 5542 πεδίῳ
328 5477 367 5527 1'
363 5473 576 5541 ἁνεωςο
607 5475 712 5553 τοῦ
750 5481 1181 5545 μεταϐαλόντος
1220 5479 1306 5544 εὶς
1342 5472 1483 5546 αἷμα
1508 5478 1639 5545 τοὺς

1742 5474 1994 5546 grandine
2032 5476 2233 5529 vineam
2279 5488 2477 5537 eorum,
2509 5483 2556 5525 et
2580 5460 2874 5543 sycontbros
2898 5481 3076 5520 eorum
3103 5465 3156 5514 in
3181 5477 3297 5514 rer-

92 5564 397 5632 ποταμοὺς
444 5567 659 5633 αὐτῶν,
685 5568 784 5627 καὶ
830 5569 901 5623 τὰ
937 5571 1139 5638 1ῥεῖθρα
1183 5567 1396 5634 αὐτῶν,
1425 5568 1524 5624 ἳνα
1556 5568 1642 5638 μὴ

97 5658 279 5710 πίωσι
302 5673 315 5686 ·
343 5655 448 5710 τοῦ
474 5655 912 5729 ἐπιπέμψαντος
947 5658 1147 5727 αὐτοῖς
1177 5660 1503 5729 κυνόμυιαν
1534 5674 1644 5725 φα-

162 5770 208 5802 ³⁶
233 5770 380 5825 Psal.
410 5785 597 5834 sunt,
620 5771 708 5828 21.

167 5881 243 5951 (Ι)
282 5880 379 5935 Ms.
412 5878 681 5953 ἐρισύδης.

1746 5580 1858 5627 me;
1885 5565 1974 5633 qui
2004 5562 2223 5618 tradidit
2244 5561 2375 5631 pesti
2393 5562 2633 5630 jumenta
2661 5571 2858 5618 eorum,
2882 5564 2931 5608 et
2953 5552 3297 5622 possessiones

1745 5672 1919 5711 eorum
1950 5655 2150 5711 avibus.
2183 5655 2286 5711 Pro
2310 5655 2401 5711 illo
2443 5661 2641 5715 autem,
2674 5642 2913 5719 terugini,
2944 5642 3298 5717 Symmachus
