3976 6350
116 334 246 390 929

1210 334 1706 411 COMMENTARIA
1738 335 1806 390 IN
1841 334 2173 393 PSALMOS.

3221 343 3322 402 030

117 451 332 516 φυγεῖν
358 447 450 517 τὴν
467 447 632 518 ὀργὴν
658 445 818 499 αὐτοῦ
839 461 851 474 ·
886 445 992 499 τῶν
1016 447 1396 514 δέΑίγυπτίων
1420 451 1515 503 οὐκ
1539 451 1684 518 ἐφεί-

1790 464 1940 505 suam
1966 469 1980 504 ;
2016 448 2283 520 Egyptiis
2309 466 2435 507 vero
2455 467 2561 508 non
2585 455 2852 525 pepercit;
2881 471 3060 510 verum
3100 457 3151 509 in
3186 473 3328 510 mor-

115 555 306 592 σατο·
339 537 617 608 παρεδίδου
665 537 722 590 δὲ
765 538 844 600 είς
897 537 1118 591 θάνατον
1149 537 1246 600 τὰς
1289 538 1461 607 ψυχὰς
1490 539 1683 603 αὐτῶν,

115 630 306 695 ἀξίων
334 629 499 682 ὄντων
522 630 618 700 τῆς
645 629 891 699 τοιαύτης
911 628 1174 700 τιμωρίας
1194 648 1207 660 ·
1242 631 1550 701 ἐπειδήπερ,
1574 632 1688 684 ἀσε-

113 722 313 784 ϐείαις
351 719 688 791 ἐκδεδομένοι
726 720 817 772 καὶ
870 723 934 790 τῇ
965 719 1203 790 πολυθέῳ
1228 721 1320 774 καὶ
1354 724 1686 793 Αίγυπτιακῇ

111 812 538 883 δεισιδαιμονίᾳ,
587 809 728 880 ἄλλῳ
772 810 980 876 θανάτῳ
1035 812 1132 874 τὰς
1183 812 1356 882 ψυχὰς
1401 814 1686 882 ἐτύγχανον

115 902 571 975 βεϐαπτισμένοι.
600 903 796 974 Διόπερ
819 904 847 955 ό
875 902 1061 973 παρὼν
1100 903 1253 971 λόγος
1279 904 1339 956 οὺ
1370 906 1543 958 κοινὸν
1594 905 1689 958 θά-

113 1014 295 1050 νατον
329 997 709 1068 ἐπεληλυθέναι
739 998 916 1059 αὐτοῖς
945 996 1200 1061 διδάσκει,
1233 996 1362 1049 ἀλλὰ
1385 997 1566 1068 ψυχῶν
1596 997 1689 1050 θά-

116 1088 388 1141 νατον.⁹0
429 1087 535 1159 γὰρ
579 1087 913 1158 όλοθρευτὴς,
950 1079 992 1154 ᾧ
1046 1088 1431 1157 παρεδόθησαν,
1465 1091 1578 1157 ἅμα
1622 1091 1684 1159 τῇ

117 1178 232 1230 τοῦ
265 1178 512 1248 σώματος
542 1177 794 1243 διαλύσει,
819 1179 914 1240 τὰς
943 1177 1116 1246 ψυχὰς
1141 1179 1316 1230 αὐτῶν
1337 1180 1684 1250 παρελάμϐα-

119 1285 248 1330 νεν,
276 1271 354 1332 είς
383 1269 594 1339 δλεθρον
627 1268 790 1329 αὑτὰς
812 1268 1054 1336 ἀπάγων.
1084 1268 1170 1321 Διὸ
1201 1269 1292 1322 καὶ
1319 1264 1470 1330 αὖθις
1492 1270 1687 1338 γέγρα-

120 1376 305 1411 πται·
340 1363 460 1413 Οὐκ
512 1360 790 1428 ἐφείσατο
841 1360 958 1413 ἀπὸ
1016 1359 1270 1414 θανάτοὺ
1318 1358 1436 1413 τῶν
1475 1360 1686 1428 ψυχῶν

114 1449 350 1503 αὐτῶν.
395 1446 522 1504 Εἶτα
566 1451 812 1518 διασαφεί
855 1449 1024 1520 λέγων
1073 1450 1234 1521 ἐξῆςο
1276 1450 1387 1506 Kal.
1432 1450 1686 1514 ἐπάταξε

114 1540 255 1595 πᾶν
303 1545 670 1611 πρωτότοκον
713 1544 781 1595 ἐν
811 1541 887 1611 τῇ
929 1543 1216 1610 Αἰγύπτῳ,
1257 1540 1532 1610 ἀπαρχὴν
1571 1540 1687 1594 τῶν

114 1635 334 1688 πόνων
383 1631 595 1687 αὐτῶν.
629 1633 772 1685 Ἀντί
798 1633 893 1686 δὲ·
921 1633 1035 1698 τοῦ,
1084 1633 1361 1700 ἀπαρχὴν
1423 1631 1538 1685 τῶν
1582 1633 1686 1685 πό-

113 1743 252 1779 νων
305 1725 499 1782 αὐτῶν
567 1725 637 1778 ἐν
697 1725 818 1791 τοῖς
867 1723 1213 1793 σκηνώμασι
1262 1723 1416 1792 Χάμ·
1466 1726 1494 1777 ὁ
1541 1723 1683 1795 Σύμ-

121 1832 338 1891 μαχος·
391 1814 680 1882 Πρωτεῒον
727 1813 1035 1882 δυνάμεων
1097 1812 1311 1876 αὐτῶν,
1358 1814 1716 1887 ἡρμήνευσε.-

122 1906 215 1960 Τὰ
280 1906 387 1977 γὰρ
439 1905 754 1975 πρωτότοκα
814 1905 908 1957 καὶ
965 1904 1223 1976 πρωτεῖον
1270 1898 1336 1972 ἦν
1390 1903 1484 1971 τῆς
1533 1903 1686 1956 δυνά-

123 2016 282 2071 μεως
342 1997 447 2050 τῶν
500 1984 888 2066 γεννησάντων.
950 1994 1047 2047 Διὰ
1109 1993 1203 2064 μὲν
1241 1989 1331 2046 οὖν
1369 1994 1474 2046 τῶν
1535 1995 1674 2064 πρώ-

114 2108 237 2143 των
266 2088 504 2159 πληγῶν,
524 2087 669 2140 ὥσπε
679 2104 708 2159 ρ
732 2089 809 2148 είς
836 2086 1117 2155 μετάνοιαν
1141 2085 1333 2148 αὐτοὺς
1358 2085 1685 2156 προσκαλού-

124 2199 293 2251 μενος
318 2181 403 2234 διὰ
422 2181 519 2252 τῆς
548 2179 743 2248 ἀνοχῆς
769 2179 862 2231 καὶ
891 2177 1285 2249 μακροθυμίας,
1318 2177 1684 2248 πεφεισμένως

119 2274 312 2335 αὐτοῖς
346 2272 513 2342 ἐπῆγε
542 2270 638 2332 τὰς
663 2269 1084 2340 τιμωρίας.Ἐπὶ
1120 2269 1260 2322 τέλει
1302 2269 1358 2335 δὲ
1402 2270 1498 2323 οὐκ
1539 2269 1683 2338 ἐφεί-

121 2380 261 2415 σατο
315 2363 423 2415 ἀπὸ
471 2361 697 2416 θανάτου
742 2361 847 2412 τῶν
883 2360 1068 2430 ψυχῶν
1109 2359 1312 2414 αὐτῶν·
1342 2360 1475 2422 ἀλλὰ
1502 2360 1687 2414 καὶτὰ

120 2457 303 2526 κτήνη
337 2443 618 2517 αὑτῶνέίς
649 2455 872 2508 θάνατον
912 2454 1265 2507 συνέκλεισεν.
1286 2453 1435 2505 Ἐπεὶ
1465 2454 1555 2505 καὶ
1581 2455 1685 2505 πᾶν

123 2546 470 2617 πρωτότοκον
501 2546 558 2597 ἐν
584 2547 652 2615 γῇ
680 2545 936 2613 Αἰγύπτῳ
967 2547 1235 2616 ἀνῃρεῖτο,
1270 2545 1476 2614 κτηνῶν
1503 2563 1560 2597 τε
1593 2547 1684 2598 καὶ

119 2637 356 2708 ἀνδρῶν.
384 2635 590 2706 Σφόδρα
634 2635 688 2687 δὲ
735 2635 970 2705 ἀκριϐῶς
1003 2635 1093 2687 ἐπὶ
1131 2637 1226 2705 μὲν
1253 2635 1360 2688 τῶν
1389 2635 1687 2707 ἀνθρώπων

122 2730 346 2798 θανάτῳ
378 2728 508 2798 φησὶ
526 2727 622 2790 τὰς
652 2726 824 2796 ψυχὰς
847 2726 1020 2779 αὐτῶν
1049 2726 1432 2795 παραδεδόσθαι
1452 2746 1463 2756 ·
1493 2725 1560 2799 ἦν
1580 2729 1686 2801 γὰρ

119 2824 151 2873 ό
181 2822 503 2892 όλοθρευτὴς
530 2820 758 2889 δαίμων,
792 2822 820 2873 ὁ
858 2822 954 2884 τὰς
985 2819 1158 2890 ψυχὰς
1191 2812 1366 2872 αὐτῶν
1416 2821 1507 2873 καὶ
1551 2823 1685 2890 μετὰ

126 2912 360 2965 θάνατον
403 2912 872 2982 ,παραλαμϐάνων
907 2912 997 2965 ἐπὶ
1027 2912 1081 2964 δὲ
1112 2911 1217 2963 τῶν
1256 2911 1462 2979 κτηνῶν
1507 2913 1684 2966 οὐκέτι

123 3003 316 3074 ψυχῶν
353 3004 767 3073 ἐμνημόνευσεν,
800 3002 931 3056 ἀλλὰ
961 3002 1117 3072 μόνου
1150 3003 1237 3055 τοῦ
1268 3003 1440 3056 κοινοῦ
1469 3002 1560 3055 καὶ
1584 3022 1685 3056 σω-

129 3094 362 3162 ματικοῦ
395 3094 658 3161 θανάτου·
698 3097 757 3148 οὐ
800 3095 906 3167 γὰρ
952 3094 1162 3165 μετέχει
1209 3095 1384 3164 ψυχῆς
1422 3094 1493 3148 τὰ
1518 3096 1681 3167 κτήνη

125 3182 229 3250 τῆς
298 3183 434 3252 μετὰ
496 3182 593 3254 τὴν
644 3182 736 3235 τοῦ
785 3182 1028 3252 σώματος
1079 3182 1226 3235 λύσιν
1273 3182 1750 3267 παραμενούσης-ο

125 3270 330 3341 ὁμοίως
380 3277 498 3336 ταῖς
527 3273 635 3327 τῶν
683 3274 980 3344 ἀνθρώπων
1011 3274 1225 3345 ψυχαῖς.
1258 3273 1364 3343 Τὴν
1412 3275 1467 3328 δὲ
1519 3275 1684 3345 αὐτὴν

132 3363 377 3432 ἱστορίαν
427 3363 693 3434 διαφόρως
742 3363 945 3432 Μωσῆς
989 3380 1049 3415 τε
1099 3365 1192 3416 καί⁵
1223 3366 1251 3416 ό
1295 3363 1483 3435 παρὼν
1532 3363 1684 3432 λόγος

129 3455 502 3524 ἡρμήνευσενο
525 3453 554 3504 ό
589 3453 683 3522 μὲν
711 3452 1026 3524 ὀλοθρευτὴν
1057 3453 1223 3506 είπὼν
1258 3453 1564 3525 διακονῆσαι
1595 3456 1685 3508 τὸν

130 3545 359 3598 θάνατον
390 3543 495 3599 τῶν
541 3546 892 3616 πρωτοτόκων
914 3562 926 3574 ·
962 3546 989 3598 ὁ
1016 3545 1070 3597 δὲ
1103 3543 1290 3615 παρὼν
1321 3544 1474 3612 λόγος
1495 3545 1562 3598 δι’
1590 3548 1685 3615 ἀγα

129 3635 304 3702 γέλων
336 3634 578 3706 πονηρῶν
608 3633 777 3694 ταῦτα
808 3634 1100 3704 γεγονέναι.
1129 3636 1302 3687 Κάκεῖ
1347 3635 1441 3705 μὲν
1484 3636 1512 3686 ὁ
1558 3637 1684 3689 Μω-

131 3726 232 3795 σῆς
271 3724 350 3795 τῷ
390 3726 577 3796 αἵματι
611 3725 886 3796 κεχρῖσθαι
918 3725 1015 3790 τὰς
1046 3725 1224 3795 φλιὰς,
1257 3725 1526 3778 καὶτοῦτο
1586 3743 1684 3794 φυ-

131 3814 419 3886 λακτήριον
451 3816 725 3884 γεγονέναι
773 3816 880 3869 τῶν
922 3816 1286 3886 διαφυγόντων
1314 3815 1403 3868 τὸν
1435 3814 1671 3886 ὀλοθρευ-

131 3906 230 3974 τήν
249 3922 262 3934 ο
295 3904 524 3958 ἐνταῦθα
554 3905 609 3958 δὲ
639 3892 1022 3977 ὡδοποιηκέναι
1054 3905 1235 3977 τρίϐον
1265 3906 1472 3976 εἴρηται
1501 3907 1529 3957 ὁ
1555 3904 1683 3967 Θεὸς

133 3994 269 4064 πρὸς
300 3995 360 4046 τὸ
399 3996 695 4064 ἀποφυγεῖν
726 3995 822 4067 τὴν
852 3996 1016 4069 ὀργὴν
1046 3996 1239 4050 αὐτοῦ.
1263 3996 1445 4049 Ταῦτα
1475 3995 1548 4059 δὲ,
1584 4012 1683 4066 φη-

135 4087 206 4146 σὶ,
240 4084 566 4137 συνετελεῖτο
595 4087 652 4138 ἐν
685 4089 795 4149 τοῖς
832 4086 1148 4157 σκηνώμασι
1194 4088 1320 4157 Χάμ
1343 4105 1354 4117 ·
1386 4088 1438 4158 ἢ,
1463 4087 1530 4139 ἐν
1557 4086 1682 4152 ταῖς

135 4176 476 4241 σκηνώσεσι
508 4176 650 4244 Χὰμ,
697 4177 836 4229 κατὰ
880 4179 966 4230 τὸν
1016 4179 1300 4248 Σύμμαχον
1323 4197 1334 4210 ’
1376 4179 1428 4249 ἣ,
1458 4179 1526 4232 ἐν
1556 4177 1681 4243 ταῖς

134 4266 391 4332 σκέπαις
435 4266 579 4336 Χὰμ,
627 4268 767 4320 κατὰ
814 4268 902 4320 τὸν
944 4269 1184 4322 Ἀκύλαν.
1221 4274 1299 4324 Δι’
1326 4266 1397 4325 ὧν
1443 4272 1682 4326 διδασκό-

140 4357 274 4424 μεθα
307 4357 402 4427 τὴν
433 4357 699 4425 Αἴγυπτον
729 4358 998 4426 γεγονέναι
1035 4359 1357 4430 σκηνώματα
1401 4361 1492 4414 τοῦ
1534 4362 1677 4431 Χάμ.

137 4449 314 4517 Τριῶν
353 4449 458 4519 γὰρ
499 4446 699 4502 παίδων
731 4449 819 4502 τοῦ
851 4449 971 4502 Νῶε
1006 4452 1324 4520 γενομένων,
1359 4453 1496 4522 Σὴμ,
1530 4453 1677 4523 Χὰμ,

147 4539 346 4609 Ἰὰφεθ,
370 4543 399 4593 ό
429 4541 556 4612 Χάμ
584 4542 768 4610 γέγονε
796 4542 974 4612 πατὴρ
1001 4542 1089 4594 τοῦ
1119 4543 1354 4608 Χαναὰν,
1382 4545 1597 4597 Χαναὰν
1626 4545 1680 4596 δὲ

1785 4554 1910 4594 vero
1968 4530 2116 4608 pater
2158 4539 2426 4601 Mesraim,
2480 4541 2572 4608 qui
2634 4547 2749 4592 erat
2794 4538 3088 4608 Egyptus;
3140 4553 3169 4592 a
3214 4555 3320 4612 quo
3427 4587 3436 4591 -

137 4633 319 4702 πατὴρ
369 4632 462 4686 τοῦ
492 4632 764 4704 Μεσραῖμ,
793 4631 850 4696 ὃς
887 4627 954 4703 ἦν
993 4633 1279 4702 Αἴγυπτος,
1314 4634 1405 4703 ἀφ’
1438 4629 1497 4687 οὗ
1522 4633 1684 4702 Αίγύ-

137 4739 280 4775 πτιοι
310 4723 504 4788 πάντες
523 4741 536 4754 ·
571 4724 696 4777 ὥστ’
729 4723 948 4786 εἰκότως
978 4724 1074 4795 τὴν
1112 4723 1218 4776 τῶν
1250 4723 1551 4792 Αἰγυπτίων
1576 4723 1682 4793 χώ-

142 4831 235 4884 ραν
284 4815 612 4885 σκηνώματα
661 4815 752 4876 τοῦ
798 4815 1136 4888 προπάτορος
1189 4815 1282 4868 τοῦ
1315 4813 1571 4885 Μεσραῒμ
1604 4815 1682 4865 el-

1792 548 1896 594 tem
1951 541 2170 594 tradidit
2218 543 2426 597 animas
2477 559 2686 610 eorum,
2739 547 3021 614 dignorum
3075 563 3204 602 sane
3235 548 3329 601 tali

1787 632 2071 701 supplicio,
2118 632 2243 702 quia
2281 632 2649 702 impietatibus
2678 644 2730 688 et
2758 635 3085 706 Egyptiaca:
3128 639 3331 692 multo-

1786 737 1902 774 rum
1949 723 2169 777 deorum
2211 725 2582 793 superstitioni
2626 726 2829 790 dediti,
2877 729 2980 781 alia
3028 727 3083 780 in
3133 737 3327 793 morte,

1786 814 1976 868 anima:
1996 814 2225 878 scilicet,
2258 816 2489 871 demersi
2523 825 2696 871 erant.
2728 817 2905 882 Quare
2928 818 3014 871 hic
3043 833 3149 872 non
3179 835 3326 874 com-

1785 919 1998 958 munem
2046 912 2272 959 mortem
2324 905 2461 976 ipsis
2509 907 2714 961 illatam
2761 923 2883 964 esse
2930 908 3191 977 docetur;
3234 913 3327 966 sed

1786 1004 2011 1048 mortem
2046 996 2365 1052 animarum.
2391 996 2524 1050 Nam
2557 1000 2941 1053 esterminator
2967 1002 3072 1066 ille,
3104 1003 3188 1056 cui
3220 1013 3327 1056 tra-

1785 1080 1884 1135 dit.
1919 1090 2065 1148 sunt,
2095 1085 2275 1138 statim
2301 1092 2460 1154 atque
2491 1101 2716 1156 corpora
2745 1089 3006 1143 dissoluta
3033 1100 3178 1156 sunt,
3211 1093 3330 1145 ani-

1785 1187 1901 1226 mas
1937 1174 2196 1244 abripuit,
2234 1176 2288 1228 in
2338 1177 2633 1252 perniciem
2693 1180 2967 1236 abducens
2998 1197 3111 1239 eas.
3152 1181 3328 1246 Quare

1784 1278 1996 1320 rursum
2036 1267 2310 1332 scribitur,
2347 1268 2467 1322 Non
2515 1271 2736 1338 pepercit
2782 1288 2813 1323 a
2852 1276 3023 1325 morle‘
3055 1274 3326 1328 animabus

1782 1371 1978 1409 eorum.
2010 1354 2201 1411 Postea
2230 1374 2358 1413 vero
2383 1360 2496 1415 haec
2521 1361 2757 1418 declarat
2784 1380 2795 1415 :
2829 1362 2896 1416 Et
2929 1365 3179 1432 percussit
3214 1382 3327 1418 om-

1783 1460 1844 1498 ne
1871 1446 2268 1516 primogenitum
2301 1448 2353 1501 in
2394 1459 2534 1503 terra
2582 1450 2818 1522 Egypti,
2859 1455 3118 1520 primitias
3159 1455 3327 1510 omnis

1785 1534 1977 1606 labpris
2003 1553 2201 1590 eorum.
2235 1536 2339 1591 Pro
2370 1539 2461 1591 illo
2499 1549 2696 1602 autem,
2723 1544 2982 1609 primitias
3017 1543 3206 1597 laboris
3234 1560 3320 1597 εον

1783 1642 1897 1678 rum
1926 1627 1981 1679 in
2009 1628 2375 1692 gubernaculis
2424 1627 2608 1694 Cham,
2642 1630 3026 1702 Symmachus,
3067 1636 3328 1703 primitias

1783 1720 1985 1773 virtutis
2017 1737 2214 1782 eorum,
2241 1722 2625 1791 interpretatus
2653 1731 2753 1779 est.
2785 1723 2917 1778 Nam
2950 1726 3324 1797 primogenita,

1783 1811 2033 1877 primitiae
2054 1813 2267 1867 virtutis
2301 1813 2633 1883 gignentium
2660 1824 2833 1869 erant.
2866 1818 2969 1872 Per
2997 1803 3198 1887 primas
3225 1818 3329 1872 ita-

1719 1884 1758 1936 Β
1785 1917 1889 1970 que
1930 1903 2114 1973 plagas
2154 1905 2310 1974 quasi
2350 1892 2417 1958 ad
2462 1906 2833 1975 paenitentiam
2877 1884 3020 1977 ipsos
3058 1924 3324 1991 evocans,

1785 2008 1877 2060 per
1913 1994 2311 2061 patientiam'et
2339 1996 2678 2057 telcrantiam
2712 2013 2885 2062 suam,
2914 1999 3168 2067 paulatim
3196 1999 3328 2068 ipsis

1784 2088 2044 2157 supplicia
2102 2088 2386 2144 inferebat.
2435 2090 2492 2144 ln
2526 2091 2631 2146 line
2673 2108 2799 2146 vero
2848 2108 2955 2147 non
3007 2094 3241 2163 pepercit
3297 2108 3328 2146 a

1783 2185 1954 2230 morte
2006 2177 2289 2233 animabus
2336 2194 2553 2244 eorum;
2596 2181 2689 2234 sed
2732 2181 2893 2234 etiam
2943 2183 3187 2250 jumenta
3235 2199 3329 2237 eo—

1785 2283 1901 2320 rum
1943 2267 1996 2321 in
2035 2277 2207 2322 morte
2257 2270 2544 2325 conclusit.
2601 2270 2732 2324 Nam
2784 2288 2942 2327 omne
3002 2272 3331 2344 primogeni-

1788 2365 1896 2410 tum
1936 2358 1992 2411 in
2039 2367 2183 2412 terra
2235 2357 2451 2430 Egypti
2495 2360 2862 2424 occidebatur,
2913 2373 3018 2417 tam
3056 2363 3331 2433 jumento-

1786 2462 1925 2511 rum,
1976 2463 2134 2516 quam
2172 2449 2471 2504 hominum.
2522 2449 2627 2504 Sed
2673 2462 2921 2505 accurate
2951 2453 3237 2508 admodum
3269 2456 3335 2509 de

1786 2538 2090 2593 hominibus
2113 2536 2330 2608 quidem
2366 2541 2440 2592 ait
2465 2542 2673 2594 animas
2703 2557 2887 2595 eorum
2914 2543 3072 2597 morti
3103 2544 3332 2600 traditas

1786 2629 1953 2684 fuisse
1991 2646 2003 2681 :
2049 2629 2233 2683 aderat
2280 2629 2477 2700 quippe
2522 2629 2731 2686 daemon
2779 2633 3185 2696 e’xtcrminator,
3237 2635 3330 2703 qui
3435 2641 3438 2644 ’

1786 2721 1992 2775 animas
2015 2720 2172 2773 etiam
2202 2735 2385 2774 eorum
2435 2729 2552 2789 post
2596 2731 2821 2774 mortem
2868 2722 3157 2789 abriperet.
3195 2723 3330 2780 Cum

1784 2813 1851 2866 de
1876 2813 2136 2881 jumentis
2170 2827 2329 2881 porro
2364 2814 2560 2881 agitur,
2610 2827 2716 2866 non
2764 2815 2904 2865 ultra
2949 2814 3154 2868 animas
3180 2830 3329 2867 com-

1785 2911 2077 2970 memorat;
2136 2905 2228 2958 sed
2282 2904 2454 2957 solum
2503 2896 2841 2961 cemmunem
2895 2912 2948 2958 et
2997 2908 3326 2975 corporalem

1785 3000 2013 3048 mortem
2046 3013 2059 3048 :
2091 2994 2338 3062 jumenta
2394 2997 2657 3065 siquidem
2707 3011 2812 3050 non
2859 2999 3067 3068 animas
3113 3000 3328 3063 habent,

1784 3099 1901 3153 quae
1938 3093 2063 3155 post
2110 3085 2352 3154 corporis
2406 3081 2726 3141 solutionem
2789 3097 3059 3163 maneant,
3113 3090 3333 3160 perinde

1786 3187 1941 3245 atque
1983 3165 2261 3231 hominum
2309 3178 2520 3231 animae.
2571 3178 2719 3232 Hanc
2770 3195 2899 3233 vero
2951 3183 3122 3249 ipsam
3165 3183 3333 3238 histo-

1785 3251 1916 3320 riam
1963 3266 2177 3322 diverso
2220 3267 2382 3321 modo
2423 3267 2632 3338 Moyses
2683 3277 2736 3322 et
2774 3270 2859 3323 hic
2903 3274 3142 3341 psalmus
3174 3291 3334 3329 enar-

1783 3364 1925 3412 rant.
1949 3356 2081 3412 Nam
2108 3357 2198 3412 ille
2219 3359 2433 3428 quidem
2467 3359 2602 3413 dixit
2630 3362 3103 3417 exterminatorem
3129 3366 3333 3433 primo-

1783 3451 2086 3519 genitorum
2124 3450 2286 3504 morti
2331 3450 2711 3516 ministrasse;
2753 3451 2840 3505 hic
2877 3468 3004 3506 vero
3033 3468 3211 3508 sermo
3237 3465 3333 3523 per

1785 3543 2004 3611 angelos
2032 3541 2204 3596 malos
2240 3543 2353 3596 hac
2384 3543 2529 3597 facta
2563 3543 2734 3598 fuisse
2771 3552 2973 3598 narrat.
3023 3544 3193 3614 Atque
3222 3546 3329 3600 illic

1782 3635 1996 3701 quidem
2047 3633 2258 3705 Moyses
2329 3635 2592 3705 sanguine
2673 3637 3102 3704 superliminaria
3167 3645 3329 3691 uncta

1782 3720 1953 3776 fuisse
1970 3731 2174 3788 narrat,
2199 3723 2365 3778 ethoc
2391 3727 2600 3793 signum
2621 3725 2786 3779 fuisse
2808 3726 2874 3778 ad
2910 3727 3123 3779 tutelam
3146 3741 3327 3778 eorum

1781 3809 1875 3876 qni‘
1903 3809 1971 3862 ab
2015 3812 2822 3884 exterminatore‘.effugerunt;
2874 3815 3139 3880 hicvero
3187 3814 3328 3870 Deus

1779 3897 1918 3949 viam
1950 3896 2143 3952 fecisse
2175 3898 2374 3951 dicitur
2402 3907 2453 3952 et
2485 3901 2752 3963 semitam,
2791 3910 2845 3954 ut
2874 3902 3164 3971 ellngerent
3193 3903 3325 3956 iram

1781 4001 1954 4040 suam.
1991 3986 2116 4042 Haec
2147 4004 2328 4057 porro,
2357 3990 2550 4058 inquit,
2578 3991 2631 4042 in
2665 3991 3025 4046 tabernaculis
3052 3991 3217 4045 Cham
3248 3993 3327 4047 ef-

1782 4080 1919 4133 fecta
1945 4088 2092 4145 sunt,
2115 4109 2117 4112 ι
2137 4081 2250 4135 sive
2275 4082 2571 4136 secundum
2610 4081 3011 4153 Symmachum,
3043 4089 3096 4138 in
3125 4084 3327 4138 habita-

1737 4187 1739 4190 ‘
1782 4173 2008 4226 tionibus
2044 4171 2244 4232 Cham;
2276 4175 2387 4228 sive
2435 4175 2732 4230 secundum
2777 4175 3044 4245 Aquilam,
3095 4177 3147 4230 in
3183 4179 3325 4231 tectis

1781 4263 1962 4319 Cham.
2005 4265 2169 4331 Queis
2216 4266 2503 4321 edocemur
2547 4266 2835 4338 Egyptum
2880 4268 3045 4322 fuisse
3076 4271 3326 4340 taberna-

1781 4355 1900 4407 cula
1936 4354 2124 4409 Cham.
2157 4355 2291 4410 Cum
2323 4359 2464 4412 enim
2495 4357 2760 4412 Nozetres
2791 4357 2880 4409 ﬁlii
2917 4358 3135 4419 fuerint,
3165 4358 3321 4424 'Sem,

1781 4446 1968 4508 Cham,
1993 4447 2214 4517 Japhet;
2244 4449 2408 4502 Cham
2444 4450 2543 4503 fuit
2575 4457 2721 4517 pater
2750 4448 3037 4512 Chanaan;
3066 4449 3321 4503 Chanaan

1778 4617 2011 4700 Egyptii
2042 4645 2265 4694 omnes;
2309 4617 2379 4683 itzi
2409 4637 2466 4683 ut
2494 4632 2615 4697 jure
2652 4629 3020 4698 Egyptiorum
3061 4631 3206 4700 regio
3234 4638 3319 4682 ta-

1777 4721 2062 4776 bernacula
2117 4723 2200 4774 avi
2250 4721 2495 4775 Mesraim
2549 4737 2669 4775 esse
2719 4721 2949 4775 dicatur.
3013 4720 3110 4776 Hic
3155 4738 3315 4790 porro

1776 4812 1942 4867 Cham
1971 4818 2105 4876 erat,
2141 4812 2231 4881 qui
2261 4814 2464 4882 primus
2499 4812 2783 4884 Egyptnm
2814 4813 3056 4867 incoluit.

144 4909 354 4978 ρῆσθαι.
386 4907 548 4974 Οὗτος
590 4912 645 4965 δὲ
694 4907 759 4983 ἦν
788 4915 816 4966 ό
847 4911 975 4981 Χὰμ
1019 4909 1114 4980 τὴν
1168 4911 1432 4978 Αἴγυπτον
1479 4908 1689 4980 πρῶτος
1714 4908 1952 4976 οἰκήσας.
1992 4895 2012 4906 ”

143 5022 153 5036 '
202 5006 313 5060 Kal
346 5007 577 5075 ἀπῆρεν
599 5011 671 5074 ὡς
727 5011 981 5077 πρόϐατα
1017 5007 1122 5060 τὸν
1157 5007 1309 5061 λαὸν
1345 5006 1546 5068 αὐτοῦ,
1587 5005 1679 5058 καὶ

139 5100 201 5153 τὰ
245 5098 390 5168 ἐξῆς.
441 5099 594 5151 Μετὰ
634 5102 734 5171 τὴν
766 5101 905 5154 κατὰ
954 5119 1057 5154 των
1107 5100 1413 5168 Αἰγυπτίων
1452 5099 1678 5169 δεκάτην

143 5191 367 5261 πληγὴν,
393 5189 542 5252 ὅπως
564 5190 660 5260 τὴν
697 5192 791 5244 ἀπ’
817 5192 1086 5261 Αἰγύπτου
1115 5191 1332 5261 πορείαν
1365 5189 1678 5260 πεποίηνται

140 5278 369 5334 διδὶισκει
411 5279 630 5348 φάσκων
651 5296 665 5310 ·
716 5283 826 5335 Καὶ
878 5284 1106 5352 ἀπῆρεν
1149 5283 1226 5346 ὡς
1270 5281 1527 5348 πρόϐατα
1574 5280 1678 5333 τὸν

144 5370 284 5424 λαὸν
331 5369 514 5426 αὑτοῦ
539 5411 553 5434 ,
614 5371 710 5424 καί
765 5371 1059 5443 ἀνήγαγεν
1110 5370 1325 5435 αὐτοὺς
1381 5370 1477 5422 καὶ
1534 5370 1673 5423 ώσεί

144 5464 410 5533 ποίμνιον
447 5465 522 5517 ’ἐν
564 5463 771 5531 ἐρήμῳ.
822 5465 933 5517 Kal
983 5464 1292 5534 ὡδήγησεν
1336 5464 1551 5528 αὐτοὺς
1606 5463 1675 5515 ἐν

145 5552 348 5620 ἐλπίδι,
394 5553 490 5609 καί
543 5545 647 5607 οὐκ
692 5553 1050 5609 ἐδειλίασαν.
1105 5556 1258 5610 Κατὰ
1287 5555 1343 5608 δὲ
1393 5555 1482 5607 τὸν
1516 5553 1672 5607 Ἀκύ-

146 5652 252 5695 λαν·
301 5646 413 5700 Kal
455 5644 870 5714 καθωδήτησεν
909 5647 1124 5713 αὐτοὺς
1169 5652 1255 5713 είς
1299 5648 1670 5724 πεποίθησιν,

148 5739 231 5791 καὶ
256 5741 364 5793 οὐκ
389 5737 791 5806 ἐπτοήθησαν·
827 5739 963 5792 κατὰ
991 5739 1043 5792 δὲ
1067 5740 1156 5793 τὸν
1183 5741 1488 5809 Σύμμαχον,
1505 5739 1668 5807 Ὠδμῇ-

1849 5000 2014 5057 Vsns.
2050 5001 2140 5067 52,
2178 5001 2264 5056 53.
2311 5000 2379 5054 Et
2440 5003 2656 5057 abstulit
2717 5003 2852 5054 sicut
2915 5017 3025 5053 oves
3071 4999 3310 5064 populum

1778 5113 1947 5159 suum,
1990 5087 2094 5150 etc.
2155 5093 2288 5149 Post
2346 5096 2607 5149 decimam
2646 5087 3019 5165 EgyptiOrum
3079 5092 3306 5160 plagam,

1776 5188 2042 5259 quomodo
2086 5187 2262 5242 exitus
2303 5204 2366 5240 ex
2403 5186 2635 5257 Egypto
2679 5184 2958 5254 contigerit
3009 5182 3091 5236 liis
3134 5181 3310 5235 verbis

1777 5261 1992 5336 docet:
2043 5277 2108 5331 Et
2161 5278 2384 5332 abstulit
2424 5280 2558 5331 sicut
2598 5294 2710 5331 oves
2758 5276 2997 5344 populum
3047 5291 3218 5336 suum,
3262 5285 3308 5327 et

1778 5373 2014 5442 perduxit
2041 5387 2126 5424 eos
2161 5382 2408 5441 tanquam
2435 5386 2635 5440 gregem
2670 5371 2721 5422 in
2748 5368 2948 5421 deserto
2975 5384 2992 5419 :
3021 5377 3067 5420 et
3098 5367 3309 5419 dedita-it

1777 5483 1862 5520 eos
1906 5466 1959 5518 in
2000 5477 2095 5529 .spe
2122 5472 2169 5515 et
2203 5445 2318 5516 non.
2355 5463 2664 5527 timuerunt;
2717 5460 3008 5514 secundum
3064 5459 3307 5524 Aquilam

1778 5573 1902 5612 vero
1935 5576 1947 5610 :
1974 5554 2050 5608 Et.
2065 5553 2277 5607 deduxit
2303 5570 2388 5607 eos
2416 5554 2467 5604 in
2500 5551 2713 5619 Mucia,
2744 5559 2791 5601 et
2830 5566 2927 5600 non
2963 5549 3126 5600 territi
3154 5558 3306 5608 sunt;

1779 5650 2068 5705 secundum
2124 5646 2522 5715 Syn‘nnaclmm,
2579 5641 2802 5694 Deduxit
2850 5657 2934 5693 eos
2979 5641 3086 5692 sine
3126 5640 3309 5691 timore

1779 5751 1823 5793 ct
1854 5749 2043 5795 terrore
2069 5751 2084 5800 ;
2115 5731 2167 5790 iet
2203 5736 2438 5789 inimicos
2469 5726 2642 5786 eorum
2675 5730 2871 5798 operuit
2904 5745 3062 5783 mars.
3101 5726 3163 5780 Et
3197 5726 3309 5781 haec
