3974 6354
649 351 749 408 931

1314 358 1577 414 EUSEBH
1614 358 2082 417 CESARIENSIS
2121 359 2269 415 OPP.
2310 360 2488 416 PARS
2527 361 2617 416 lll.
2657 394 2724 404 —
2765 360 3173 416 EXEGETICA.
3740 355 3827 410 93?.

650 465 868 536 quidem
926 474 1048 521 ante
1103 482 1285 522 eorum
1345 470 1400 524 in
1454 470 1667 526 deserto
1726 473 2191 526 commorationem

2302 487 2492 544 γησεν
2528 472 2747 538 αὐτοὺς
2767 473 3026 541 ἀφόϐους
3055 471 3149 523 καὶ
3183 467 3542 535 ἀπτοήτους⁸
3576 467 3673 519 καὶ
3705 469 3825 534 τοὺς

650 564 801 626 gesta
827 565 980 623 sunt;
1015 573 1188 627 neque
1218 561 1360 614 enim
1392 577 1569 616 sermo
1597 563 1736 617 serie
1780 578 1957 617 rerum
1993 565 2190 630 utitur;

649 645 747 701 sed
797 656 979 716 utpote
1034 648 1087 702 in
1145 650 1344 720 hymno
1390 661 1444 723 et
1487 655 1699 707 cantico
1734 662 2058 723 praepostere
2109 671 2194 712 res

591 762 594 765 -
649 746 886 792 cnarrat.
929 738 1104 805 Quare
1135 756 1256 794 cum
1287 756 1349 794 ea
1373 759 1491 811 qua:
1536 743 1666 813 ipsis
1697 744 1749 796 in
1784 745 1997 800 deserto
2025 746 2196 800 conti-

649 838 856 898 gerant.
905 838 956 882 et
1009 840 1228 900 peccata
1275 849 1396 902 quae
1437 835 1488 887 in
1527 837 1817 892 solitudine
1846 837 2192 901 admiserant,

647 923 964 990 quotiesque
993 921 1171 992 ipsum
1206 926 1659 1001 exacerbaverant
1684 937 2028 996 enarrasset;
2058 942 2198 1000 post—

646 1023 706 1062 ea
737 1009 975 1078 priorum
1007 1012 1333 1068 mentionem
1366 1014 1515 1079 facit,
1549 1027 1606 1070 ut
1635 1034 1935 1075 sermonem
1967 1036 2072 1076 non
2105 1024 2191 1076 tri-

647 1101 838 1165 stibus,
863 1104 954 1158 sed
986 1102 1080 1158 Dei
1105 1104 1379 1160 beneﬁciis
1402 1109 1838 1165 circumscribat.
1863 1113 2196 1183 Quapropter

646 1191 744 1244 sub
773 1191 886 1245 hcec
924 1193 1085 1246 rebus
1131 1208 1162 1246 a
1209 1193 1316 1247 Deo
1359 1196 1411 1248 in
1454 1195 1683 1267 Egypto
1716 1200 1906 1268 gestis,
1945 1209 1998 1255 et
2029 1203 2194 1257 maris

633 1280 1077 1339 Rubritransitui
1099 1284 1247 1338 addit
1267 1287 1397 1340 illud
1423 1287 1676 1344 :-—Vsas.
1703 1291 1966 1356 54,55.Et
1992 1293 2194 1346 induxit

646 1388 726 1425 eos
780 1373 833 1426 in
875 1384 1101 1428 montem
1143 1379 1574 1446 sanctiﬁcationis
1620 1397 1748 1445 sum,
1788 1393 2010 1437 montem
2060 1384 2192 1438 hunc

646 1480 792 1532 quem
817 1467 1092 1536 acquisivit
1128 1463 1345 1522 de‘xtera
1369 1471 1502 1538 ejus.
1538 1471 1635 1526 Hic
1663 1488 1723 1527 ea
1752 1489 1872 1543 quae
1899 1475 1952 1528 in
1981 1474 2193 1532 deserto

645 1557 981 1627 contigerant
999 1560 1210 1614 silentio
1239 1561 1426 1627 mittit,
1458 1565 1581 1633 quia
1610 1581 1796 1620 eorum
1824 1544 2190 1623 recensionem

644 1649 994 1715 praemiserat.
1045 1649 1196 1705 Mons
1245 1660 1420 1706 autem
1460 1656 1704 1723 quinam,
1757 1657 1864 1710 nisi
1911 1655 2191 1720 Sionis,in

644 1753 751 1808 quo
797 1738 1091 1794 Jerusalem
1147 1743 1250 1796 sub
1293 1743 1406 1798 lucc
1455 1753 1578 1813 post
1624 1746 1825 1815 Asaphi
1874 1754 1927 1800 et
1974 1745 2192 1802 Davidis

2296 564 2542 633 ἐχθροὺς
2575 562 2769 617 αὐτῶν
2803 561 3107 630 ἐκάλυψεν
3133 561 3171 627 ἡ
3205 560 3502 613 θάλασσα.
3542 559 3650 611 Καὶ
3678 558 3822 612 ταῦτα

2303 656 2400 725 μὲν
2444 653 2679 727 πρότερα
2719 650 2785 724 ἦν
2809 653 2907 724 τῆς
2957 653 3096 707 κατά
3138 654 3235 723 τὴν
3268 651 3468 722 ἔρημον
3529 649 3821 721 διατριϐῆς·

2299 747 2358 809 οὐ
2391 746 2492 817 μὴν
2532 747 2625 799 xal
2671 747 2698 798 ὁ
2732 746 2884 813 λόγος
2913 748 2978 816 τῇ
3012 744 3158 808 τάξει
3190 743 3448 814 κέχρηται
3482 741 3588 794 τῶν
3634 757 3824 812 πεπρα-

2300 839 2510 907 γμένων
2531 854 2542 865 ·
2588 838 2662 900 ὡς
2689 840 2743 890 ἐν
2764 837 2923 908 ’ὕμνῳ
2957 837 3012 888 δὲ
3041 837 3133 889 καὶ¹
3163 835 3273 905 ᾠδῇ
3301 833 3368 887 τὰ
3396 833 3623 904 δεύτερα
3654 833 3824 904 πρῶτα

2299 929 2475 1000 τίθησι
2514 931 2604 983 καὶ
2634 929 2701 982 τὰ
2731 931 2916 1000 πρῶτα
2943 928 3184 1000 δεύτερα.
3213 927 3300 980 Διὸ
3328 926 3396 980 τὰ
3423 926 3564 980 κατὰ
3591 924 3685 996 τὴν
3714 925 3823 995 ἕρη-

2305 1040 2399 1091 μον
2443 1022 2735 1092 συμϐάντα,
2770 1022 2862 1075 καὶ
2892 1023 2989 1074 ὅσα
3020 1022 3258 1091 ἥμαρτον
3299 1020 3356 1072 ἐν
3387 1022 3450 1090 τῇ
3500 1019 3706 1088 ἐρήμῳ,
3747 1019 3824 1069 καὶ

2289 1114 2484 1176 ,ὁσάκις
2518 1116 2933 1183 παρεπίκραινον
2969 1111 3484 1184 προδιηγησάμενος,
3513 1109 3649 1180 μετὰ
3676 1107 3824 1161 ταῦτα

2299 1205 2394 1276 τὴν
2434 1206 2541 1260 τῶν
2574 1207 2801 1277 πρώτων
2839 1206 3050 1275 μνήμην
3080 1207 3328 1267 ποιεῖται,
3365 1201 3441 1264 ὡς
3473 1202 3536 1254 ἂν
3569 1201 3658 1252 τὸν
3691 1198 3824 1266 λόγον

2301 1296 2649 1367 περιγράψειε
2681 1296 2754 1367 μὴ
2781 1297 2860 1358 είς
2887 1294 3120 1365 λυπηρὰ,
3148 1295 3261 1348 ἀλλ’
3290 1295 3382 1347 ἐπὶ
3425 1295 3536 1354 ταῖς
3576 1289 3669 1343 τοῦ
3709 1289 3824 1342 Θεοῦ

2299 1387 2651 1456 εὐεργεσίαις.
2684 1387 2879 1457 Διόπερ
2909 1384 3033 1454 ἑξῆς
3067 1386 3411 1438 ἐπισυνάπτει
3439 1386 3550 1445 τοῖς
3581 1381 3717 1434 κατὰ
3742 1381 3825 1449 τὴν

2298 1473 2564 1541 Αἴγυπτον
2593 1475 2696 1526 ὑπὸ
2721 1474 2812 1527 τοῦ
2857 1475 2988 1526 Θεοῦ
3017 1475 3434 1545 πεπραγμένοις,
3477 1471 3571 1524 καὶ
3600 1473 3664 1540 τῇ
3693 1469 3826 1538 διόδῳ

2302 1566 2399 1633 τῆς
2416 1566 2679 1637 Ἐρυθρᾶς
2711 1564 3001 1635 θαλάσσης,
3027 1565 3228 1627 τὸ,Καὶ
3269 1563 3588 1631 εισήγαγεν
3631 1557 3825 1621 αὐτοὺς

2297 1663 2382 1726 εὶς
2421 1659 2554 1727 ὄρος
2589 1659 2947 1728 ἀγιάσματος
3001 1658 3202 1720 αὑτοῦ,
3233 1655 3366 1724 ὅρος
3409 1655 3584 1709 τοῦτο
3616 1652 3647 1704 ὃ
3677 1649 3828 1716 emt-

2297 1769 2442 1807 σατο
2471 1753 2507 1818 ἢ
2542 1750 2704 1815 δεξιὰ
2742 1749 2955 1803 αὐτοῦ⁸
2984 1749 3052 1802 τὰ
3095 1747 3234 1802 κατὰ
3258 1747 3354 1817 τὴν
3378 1746 3582 1816 ἔρημον
3618 1743 3826 1796 ἐνταῦθα

643 1839 880 1899 tempora
925 1837 1132 1884 structa
1178 1833 1296 1886 est?
1358 1831 1562 1888 Deinde
1627 1838 1992 1890 narrationem
2035 1853 2189 1891 resu-

2296 1844 2700 1912 ἀποσιωπήσεις,
2729 1843 2814 1895 διὰ
2836 1841 2896 1894 τὸ
2923 1840 3300 1912 προειληφέναι
3327 1837 3508 1891 αὐτῶν
3537 1837 3634 1909 τὴν
3659 1835 3826 1906 διήγη-

644 1922 742 1974 mit
770 1923 841 1974 ita
904 1923 1129 2002 loquens
1165 1942 1179 1976 :
1234 1921 1302 1975 Et
1351 1923 1500 1992 ejecit
1540 1940 1573 1978 a
1609 1925 1742 1994 facie
1771 1929 1947 1979 eorum
2002 1938 2192 1996 gentes,

642 2023 694 2067 et
765 2025 902 2068 sorte
955 2017 1131 2068 divisit
1179 2017 1252 2070 eis
1321 2025 1511 2070 terram
1550 2016 1620 2070 in'
1658 2019 1892 2087 funiculo
1949 2018 2196 2073 distribu-

638 2106 816 2160 tionis.
873 2105 938 2158 Et
986 2105 1226 2160 habitare
1254 2108 1374 2175 fecit
1429 2110 1481 2161 in
1517 2109 1868 2164 tabernaculis
1896 2127 2074 2164 eorum
2099 2112 2194 2164 tri-

639 2196 734 2252 bus
771 2195 966 2252 Israel.
996 2198 1285 2270 Postquam
1321 2201 1622 2270 ingressum
1651 2203 1705 2256 in
1738 2211 1933 2257 terram
1965 2204 2192 2273 promis-

640 2289 813 2348 sionis
855 2293 1205 2364 memoravit,
1241 2299 1294 2346 et
1321 2293 1592 2362 quomodo
1628 2295 2010 2364 occupaverint
2043 2310 2194 2348 mon-

639 2387 750 2434 tem
795 2378 947 2440 Sion.
989 2398 1148 2451 quem
1182 2383 1359 2452 longis
1402 2391 1590 2453 postea
1630 2385 1963 2453 temporibus
2001 2383 2190 2448 David,

638 2472 810 2541 pulsis
841 2473 1020 2543 gladio
1047 2473 1310 2530 Jebusaeis
1340 2476 1608 2542 obtinuit;
1643 2475 1922 2532 historiam
1947 2478 2189 2543 resumit,

639 2565 960 2635 compendio
987 2581 1241 2630 narrans,
1274 2567 1546 2636 quomodo
1575 2576 1697 2636 post
1721 2579 1948 2633 mortem
1971 2568 2189 2641 Moysis.

638 2659 774 2713 duce
797 2655 924 2713 Iesu
959 2657 1069 2712 lilio
1091 2657 1256 2723 Nave,
1287 2659 1605 2714 transierint
1644 2659 1697 2714 in
1727 2669 1926 2714 terram
1962 2664 2192 2731 promis-

635 2751 829 2816 sionis,
859 2757 914 2804 et
943 2751 1276 2820 alienigenas
1300 2750 1440 2804 bello
1461 2750 1529 2804 ab
1558 2766 1617 2805 se
1648 2749 1890 2806 devictos
1926 2767 1956 2804 a
1978 2751 2192 2819 regione

639 2842 935 2912 exegerint,
964 2850 1016 2896 et
1050 2841 1293 2895 funiculo
1318 2842 1618 2908 dimensam
1649 2850 1846 2896 terram
1878 2849 2024 2896 sorte
2051 2842 2191 2896 divi—

635 2933 821 2987 serint.
853 2932 1055 2987 Deinde
1075 2932 1222 3000 ipsos
1252 2933 1444 2986 iterum
1462 2936 1706 3003 coarguit
1759 2931 1945 3002 (Vens.
1979 2933 2188 3003 56-58),

638 3025 828 3079 dicens
881 3039 976 3078 eos
1012 3024 1286 3093 prioribus
1322 3024 1376 3077 in
1411 3023 1626 3078 deserto
1659 3024 1911 3080 admissis
1957 3026 2192 3095 peccatis

635 3130 773 3169 nova
820 3113 957 3167 mala
1010 3114 1282 3168 addidisse
1333 3133 1346 3168 :
1402 3129 1465 3168 ac
1495 3123 1780 3184 postquam
1817 3121 2014 3170 terram
2051 3117 2190 3170 obti-

640 3206 910 3269 nuissent,
943 3203 1107 3259 Deum
1161 3206 1433 3260 excelsum
1482 3206 1556 3260 ibi
1604 3207 1797 3260 iterum
1851 3194 2089 3262 tentasse
2136 3214 2189 3260 et

611 3295 1006 3362 exacerbasse,
1055 3303 1107 3348 et
1157 3297 1467 3350 testimonia
1523 3297 1641 3366 ejus
1688 3312 1786 3367 per
1817 3296 2052 3366 Moysem
2084 3297 2189 3351 sibi

635 3385 838 3438 tradita
870 3399 978 3438 non
1003 3384 1341 3451 custodisse;
1379 3384 1472 3440 sed
1491 3400 1608 3440 sese
1626 3386 1887 3440 avertisse
1925 3401 1988 3438 ac
2003 3386 2192 3455 despe-

635 3476 780 3533 xisse
807 3477 1258 3549 quemadmodum
1285 3485 1465 3547 patres
1493 3493 1702 3542 eorum,
1735 3487 1786 3531 et
1808 3492 1994 3531 versos
2026 3477 2193 3532 fuisse

635 3569 690 3625 in
721 3585 907 3626 arcum
941 3586 1189 3641 pravum.
1230 3568 1364 3623 Nam
1406 3585 1527 3622 cum
1564 3569 1894 3638 Oportuisset
1940 3570 2190 3624 inimicos

633 3662 731 3736 Dei
758 3672 812 3719 et
844 3663 1185 3718 adversarias
1226 3663 1328 3716 sibi
1371 3670 1666 3732 potestates
1702 3663 1821 3718 telis
1856 3662 2114 3732 impetere
2137 3670 2190 3717 et

633 3756 958 3822 confodere;
1006 3755 1111 3826 ipsi
1155 3754 1314 3809 idolis
1357 3755 1520 3810 dediti
1574 3755 1737 3810 Deum
1772 3756 2104 3826 blasphemis
2139 3763 2191 3810 et

634 3850 862 3905 nefariis
887 3850 1068 3903 verbis
1102 3845 1438 3918 impetivere.
1479 3847 1658 3914 Quare
1697 3848 1824 3902 iacti
1860 3856 1987 3903 sunt
2019 3848 2073 3901 in
2103 3863 2190 3901 ar-

633 3955 759 3997 cum
814 3957 1038 4013 pravum
1072 3961 1085 3996 :
1115 3941 1260 4012 quod
1309 3941 1410 3996 sub
1462 3941 1673 3996 initium
1724 3940 2054 3997 declaratum
2103 3940 2188 3995 his

633 4035 818 4098 verbis
848 4043 931 4089 est
968 4053 981 4088 :
1017 4032 1147 4087 Filii
1193 4031 1444 4101 Ephraim
1487 4033 1806 4087 intendentes
1847 4043 1897 4086 et
1929 4033 2186 4086 mittentes

637 4125 887 4188 arcubus,
914 4126 1144 4178 conversi
1173 4135 1294 4178 sunt
1323 4126 1376 4178 in
1403 4123 1486 4179 die
1518 4125 1659 4179 belli.
1692 4123 1974 4191 Quomodo
2006 4133 2186 4177 autem

635 4217 887 4272 conversi
923 4216 1124 4271 fuerint
1165 4217 1219 4270 in
1277 4231 1462 4269 arcum
1522 4231 1746 4285 pravum
1807 4216 2044 4270 declarat
2097 4229 2190 4285 po-

636 4307 752 4364 stea
780 4309 966 4365 dicens
1009 4326 1021 4363 :
1070 4307 1138 4361 Et
1189 4308 1525 4360 irritaverant
1576 4323 1692 4360 eum
1741 4307 1794 4360 in
1846 4305 2085 4371 collibus,
2140 4315 2188 4358 et

634 4406 688 4460 in
711 4405 1035 4477 sculptilibus
1099 4405 1208 4458 suis
1239 4402 1306 4456 ad
1352 4402 1749 4459 swmulatiouem
1783 4407 2187 4469 prouocauerunt

632 4516 771 4553 estin.

2297 1952 2398 1987 σιν.
2432 1936 2590 2004 Ὅρος
2617 1935 2672 1986 δὲ
2706 1937 2855 1986 ποῖον
2885 1933 2917 2004 ἢ
2949 1932 3008 1985 τὸ
3032 1931 3184 1994 Σιὼν,
3217 1931 3300 1998 ἐφ’
3321 1924 3364 1996 ᾧ
3396 1928 3736 2000 Ἰερουσαλὴμ
3761 1927 3827 1999 (1)

2295 2027 2512 2098 ὕστερον
2543 2026 2679 2096 μετὰ
2709 2028 2831 2089 τοὺς
2853 2025 3071 2096 χρόνους
3104 2024 3195 2076 τοῦ
3235 2023 3402 2091 Ἀσὰφ
3442 2023 3536 2074 καὶ
3567 2019 3658 2074 τοῦ
3685 2011 3828 2072 Acuti

2293 2116 2638 2188 ᾡκοδομήθη;
2689 2111 2785 2168 εἴτ’
2830 2114 3266 2183 ἐπαναλαμϐάνει
3316 2112 3412 2183 τὴν
3465 2111 3709 2182 διήγησιν
3752 2108 3827 2160 διὰ

2291 2209 2396 2262 τῶν
2424 2208 2546 2279 ἑξῆς
2572 2208 2742 2275 λέγων
2761 2224 2774 2236 ⁸
2813 2206 2922 2260 Kal
2949 2205 3230 2269 ἐξέϐαλεν
3251 2203 3368 2257 ἀπὸ
3396 2200 3713 2270 προσώπου
3736 2201 3829 2253 αὐ·

2291 2299 2408 2354 τῶν
2431 2300 2596 2366 ἔθνη,
2626 2299 2722 2352 καὶ
2755 2295 3227 2364 ὲκληροδότησεν
3251 2292 3468 2357 αὐτοὺς
3496 2293 3566 2344 ἐν
3602 2291 3829 2358 σχοινίῳ

2293 2389 2706 2458 κληροδοσίας.
2756 2389 2882 2442 Καὶ,
2909 2386 3362 2452 κατεσκήνωσεν
3522 2382 3646 2448 τοῖς
3692 2395 3827 2448 σκη-

2290 2480 2553 2551 νώμασιν
2579 2479 2774 2533 αὐτῶν
2818 2479 2921 2545 τὰς
2957 2477 3153 2546 φυλὰς
3183 2474 3287 2529 τοῦ
3331 2471 3594 2541 Ἰσραήλ.
3623 2473 3827 2541 Μνημο-

2291 2571 2482 2635 νεύσας
2527 2572 2623 2642 τῆς
2677 2567 2876 2624 εἰσόδου
2919 2569 3016 2639 τῆς
3059 2568 3137 2629 είς
3170 2564 3266 2636 τὴν
3319 2563 3421 2635 γῆν
3467 2562 3568 2633 τῆς
3608 2564 3827 2630 ἐπαγγε-

2289 2663 2426 2729 λίας,
2455 2665 2548 2717 καὶ
2580 2663 2655 2726 ὡς
2692 2660 3016 2730 ἀπειλήφασι
3039 2658 3099 2711 τὸ
3125 2657 3263 2727 ὅρος
3296 2657 3348 2710 τὸ
3387 2656 3543 2718 Σιὼν,
3572 2656 3705 2725 ὅπερ
3744 2670 3830 2723 μα-

2291 2759 2439 2828 κροῖς
2489 2755 2709 2825 ὕστερον
2754 2753 2963 2824 χρόνοις
3003 2751 3265 2820 ἐκτήσατο
3307 2747 3464 2801 Δαυῒδ
3506 2748 3565 2799 ἐν
3601 2745 3827 2818 ῥομφαίᾳ

2288 2849 2377 2903 τὸν
2422 2847 2735 2901 Ἰεϐουσαῖον
2767 2845 2981 2908 ἐλάσας,
3010 2841 3442 2911 ἐπαναλαμϐάνει
3473 2840 3572 2911 τὴν
3605 2836 3827 2909 ἱστορίαν

2290 2941 2438 3012 ἐπιτε
2448 2940 2724 3011 μνόμενος,
2750 2937 2824 3000 ὡς
2853 2936 2986 3008 μετὰ
3009 2933 3104 3004 τὴν
3127 2931 3379 3001 τελευτὴν
3401 2930 3660 2994 Μωσέως,
3681 2929 3829 2998 ἡγου-

2293 3027 2453 3100 μένου
2480 3025 2656 3079 αὐτῶν
2691 3023 2862 3094 Ἰησοῦ
2899 3021 2992 3075 τοῦ
3017 3019 3195 3088 Ναυῆ,
3220 3017 3492 3089 παρῆλθον
3519 3018 3599 3081 εἰς
3621 3017 3713 3087 τὴν
3737 3016 3829 3084 γῆν

2290 3119 2389 3188 τῆς
2430 3115 2777 3184 ἐπαγγελίας,
2822 3114 2912 3168 καὶ
2960 3112 3033 3176 ὡς
3073 3110 3319 3176 ἐξέϐαλον
3360 3111 3486 3173 τοὺς
3519 3106 3830 3177 ἀλλοφύλους

2293 3211 2508 3280 πολέμῳ
2534 3208 2894 3306 κρατήσαντες
2935 3206 3033 3276 τῆς
3061 3205 3258 3276 χώρας,
3286 3203 3375 3257 καὶ
3395 3201 3470 3306 ιὸς
3503 3203 3684 3306 κλήρῳ
3715 3200 3832 3254 Stal-

2291 3303 2447 3355 λαντο
2480 3291 2670 3371 σχόίνῳ
2702 3298 3060 3369 μετρήσαντες
3082 3297 3178 3367 τὴν
3208 3297 3327 3368 γῆν.
3354 3291 3462 3349 Εἶτ’
3489 3291 3644 3358 αὖθις
3666 3292 3830 3346 αὐτῶν

2293 3393 2607 3464 κατηγορεῖ,
2664 3391 2946 3453 διδάσκων,
2978 3388 3053 3452 ὡς
3109 3388 3246 3460 πρὸς
3285 3390 3395 3452 τοῖς
3440 3384 3830 3459 ἡμαρτημένοις

2291 3482 2431 3536 κατὰ
2468 3480 2563 3552 τὴν
2595 3481 2795 3553 ἔρημον
2826 3479 3138 3552 προσθήκας
3169 3477 3347 3532 κακῶν
3377 3479 3718 3555 ἐποιήσαντω
3747 3477 3832 3529 καὶ

2295 3574 2428 3646 μετὰ
2473 3575 2533 3626 τὸ
2575 3571 2872 3645 κτήσασθαι
2921 3571 3016 3642 τὴν
3052 3571 3175 3641 γῆν,
3220 3571 3510 3642 ἐπείρασαν
3558 3569 3713 3624 πάλιν
3757 3570 3832 3622 ἐν·

2288 3666 2458 3719 ταῦθα
2487 3665 2580 3718 καὶ
2618 3664 3023 3736 παρεπίκραναν
3051 3663 3140 3717 τὸν
3185 3663 3314 3717 Θεὸν
3343 3664 3432 3716 τὸν
3464 3663 3706 3733 ὕψιστον,
3747 3662 3832 3715 καὶ

2288 3757 2355 3810 τά
2383 3757 2652 3829 μαρτύρια
2678 3756 2839 3809 αὑτοῦ
2876 3758 2946 3810 τὰ
2973 3756 3059 3809 διὰ
3082 3757 3323 3819 Μωσέως
3349 3757 3528 3819 αὐτοῖς
3553 3754 3833 3828 παραδεδο-

2292 3847 2427 3920 μένα
2452 3849 2549 3901 οὐκ
2580 3847 2880 3917 ἐφύλαξανο
2916 3847 3028 3900 ἀλλ’
3053 3845 3397 3918 ἀπέστρεψαν
3430 3847 3520 3899 καὶ
3552 3845 3829 3916 ἠθέτησαν,

2289 3942 2468 4005 καθὼς
2491 3943 2539 3994 οἱ
2567 3942 2795 4012 πατέρες
2819 3938 3014 4004 αὐτῶν,
3056 3939 3150 3992 καὶ
3187 3937 3552 4010 μετετέθησαν
3582 3941 3660 4003 είς
3689 3938 3831 4002 τόξον

2291 4033 2560 4106 στρεϐλόν.
2603 4031 2728 4084 Δέον
2754 4031 2860 4103 γὰρ
2898 4032 3022 4094 τοὺς
3047 4030 3268 4101 ἐχθροὺς
3311 4029 3403 4082 τοῦ
3437 4029 3571 4083 Θεοῦ
3614 4030 3706 4092 καὶ
3741 4030 3831 4091 τὰς

2289 4124 2574 4195 πολεμίους
2605 4124 2778 4177 αὐτῶν
2806 4123 3057 4193 δυνάμεις
3082 4121 3180 4186 τὰς
3207 4121 3580 4192 ἀντικειμένας
3607 4119 3832 4185 τοξεύειν

2289 4219 2381 4270 καὶ
2415 4215 2640 4286 βάλλειν,
2667 4215 2714 4266 οἱ
2743 4214 2798 4267 δέ
2825 4202 3370 4284 εἰδωλολατρήσαντες
3404 4211 3493 4266 τὸν
3533 4212 3660 4264 Θεὸν
3695 4209 3835 4263 ἐϐαλο

2288 4309 2375 4361 λον
2407 4307 2738 4377 βλασφήμοις
2783 4306 2874 4358 καὶ
2904 4303 3176 4375 ἀθεμίτοις
3205 4302 3397 4370 λόγοις.
3432 4301 3522 4354 Διὸ
3558 4301 3833 4370 γεγόνασιν

2290 4402 2366 4464 εἰς
2392 4400 2540 4463 τόξον
2566 4397 2854 4469 στρεϐλόν)
2881 4395 2910 4449 ὃ
2939 4395 3002 4464 δή
3035 4395 3150 4448 κατ’
3180 4393 3350 4464 ἀρχὰς
3378 4392 3561 4463 ἐδήλου
3581 4391 3639 4444 τὸ
3663 4392 3834 4459 λόγιον

2294 4487 2467 4556 φῆσαν
2489 4503 2502 4516 ⁸
2541 4489 2657 4540 Υἱοὶ
2697 4485 2936 4554 Ἑφραΐμ
2977 4483 3339 4549 ἐντείνοντες
3364 4483 3462 4536 καὶ
3503 4481 3835 4572 ,βάλλονξες

633 4593 848 4659 τόξοις,
883 4591 1270 4660 ἐστράφησαν
1313 4602 1378 4643 εν
1408 4589 1597 4659 ἡμέρᾳ
1627 4589 1911 4658 πολέμου.
1958 4589 2080 4650 Πῶς
2124 4587 2178 4638 δὲ
2216 4581 2556 4655 ἐστράφησαν
2580 4583 2659 4645 εἰς
2682 4581 2832 4644 τόξον
2862 4579 3113 4648 στρεϐλὸν
3169 4579 3420 4646 διασαφεῖ
3454 4576 3622 4644 λέγων
3685 4577 3829 4649 ἑξῆς·

629 4687 742 4746 Καὶ
784 4684 1157 4754 παρώργισαν
1183 4686 1367 4739 αὐτὸν
1402 4686 1470 4738 ἐν
1512 4684 1633 4750 τοῖς
1662 4682 1911 4748 βουνοῖς
1939 4681 2015 4752 (2)
2055 4681 2148 4733 καὶ
2189 4678 2258 4730 ἐν
2293 4676 2413 4741 τοῖς
2439 4677 2721 4742 γλυπτοῖς
2757 4671 2952 4726 αὐτῶν
2980 4670 3405 4756 παρεδήλωσαν
3432 4670 3634 4723 αὐτόν.

703 4800 865 4855 Vens.
901 4800 988 4854 59.
1022 4800 1233 4854 Audiuit
1271 4801 1403 4855 Deus
1443 4809 1491 4854 et
1521 4800 1732 4870 sprevit,
1770 4807 1818 4851 et
1856 4797 1923 4850 ad
1964 4795 2183 4848 nihilum

2359 4783 2654 4846 Ἤκουσεν
2680 4791 2712 4842 ὁ
2741 4785 2886 4852 Θεὸς
2909 4786 3005 4840 καὶ
3053 4784 3313 4852 ὑπεριδε,
3341 4783 3441 4836 καὶ
3471 4781 3835 4845 ἐξουὸἐνωσε

633 4891 826 4962 redegit
860 4888 1004 4943 valde
1039 4889 1227 4942 Israel.
1260 4889 1551 4958 Postquam
1585 4891 1722 4944 mala
1760 4888 1827 4942 ab
1855 4886 1989 4956 ipsis
2022 4886 2182 4939 etiam

2293 4886 2516 4956 σφόδρα
2551 4883 2656 4936 τὸν
2699 4877 2950 4947 Ἰσραήλ.
2999 4875 3309 4939 Καταλέξας
3338 4875 3431 4927 καὶ
3476 4874 3544 4926 τὰ
3578 4877 3634 4927 ἐν
3662 4877 3729 4946 τῇ
3767 4874 3830 4940 τῇ

633 4984 690 5040 in
725 4991 866 5038 terra
909 4972 1285 5054 promissionis
1317 4989 1621 5050 perpetrata
1648 4980 1945 5044 recensuit,
1973 4977 2181 5047 justum

2293 4985 2377 5054 τῆς
2399 4974 2722 5046 ἐπαγγελίας
2745 4971 3104 5043 πεπραγμένα
3130 4969 3309 5038 αὐτοῖς
3329 4966 3492 5028 κακὰ,
3513 4967 3831 5038 παρίστησιν

633 5073 728 5128 Dei
754 5053 1017 5143 judicium
1045 5053 1247 5142 postea
1292 5071 1549 5134 declarat,
1595 5069 2018 5140 comprobatque
2059 5066 2181 5136 jure

2293 5076 2406 5145 ἑξῆς
2433 5073 2529 5141 τὴν
2556 5066 2943 5137 δικαιοκρισίαν
2983 5062 3076 5116 τοῦ
3111 5061 3271 5132 Θεοῦ,
3314 5060 3544 5124 δεικνὺς,
3577 5059 3651 5124 ὡς
3686 5059 3830 5113 εὐλό-

632 5179 728 5218 eos
776 5172 896 5232 post
936 5162 1191 5234 praedicta
1240 5163 1418 5216 omnia
1467 5162 1547 5214 ira
1592 5159 1685 5216 Dei
1731 5161 1949 5214 invasos
1991 5157 2178 5212 fuisse.

2293 5183 2392 5235 γως
2430 5160 2564 5233 μετὰ
2609 5157 2792 5210 πάντα·
2812 5155 2878 5209 τὰ
2917 5150 3312 5226 προλελεγμένα
3347 5150 3606 5222 μετῆλθεν
3646 5149 3832 5223 αὐτοὺς

632 5257 765 5311 Nam
793 5273 916 5311 cum
953 5257 1096 5311 versi
1133 5262 1259 5310 sunt
1295 5257 1349 5310 in
1382 5270 1566 5310 arcum
1598 5269 1846 5324 pravum,
1875 5262 1930 5308 et
1959 5269 2080 5307 cum
2107 5254 2181 5304 ir-

2293 5256 2317 5324 ὴ
2342 5254 2496 5327 ὀργή.
2521 5251 2645 5302 Ὅτε
2667 5248 2773 5321 γὰρ
2803 5247 3147 5316 ἐστράφησαν
3176 5245 3252 5308 είς
3273 5243 3423 5308 τόξον
3456 5242 3729 5312 στρεϐλὸν,
3749 5239 3833 5293 καὶ

631 5353 921 5404 ritaveru'ut
951 5366 1069 5403 eum
1097 5351 1150 5402 in
1178 5347 1396 5402 collibus
1417 5349 1548 5412 suis,
1573 5357 1622 5401 et
1645 5348 1697 5400 in
1717 5345 2042 5414 sculptilibus
2067 5345 2176 5398 suis

2293 5349 2367 5401 Ξτε
2394 5341 2768 5411 παρὼργισαν
2785 5339 2973 5394 αὑτὸν
2994 5338 3064 5390 ἐν
3085 5337 3207 5412 τοῖς
3227 5337 3466 5401 βουνοις
3498 5334 3714 5390 αὐτῶν.
3741 5330 3832 5385 καὶ

632 5443 701 5496 ad
735 5439 1119 5495 mmulationem
1145 5451 1549 5511 prouocauerunt
1572 5454 1726 5502 eum;
1761 5449 1887 5493 tunc
1917 5438 2058 5493 Deus
2083 5449 2181 5490 nec

2293 5438 2356 5490 ἐν
2383 5435 2504 5498 τοῖς
2541 5431 2824 5502 γλυπτοῖς
2850 5426 3046 5482 αὐτῶν
3080 5425 3505 5496 παρεξήλωσαν
3540 5424 3748 5490 αὐτὰ,
3780 5420 3832 5473 τὸ

632 5536 781 5604 ipsos
812 5533 1033 5594 intueri,
1066 5533 1201 5587 tales
1236 5513 1448 5587 scilicet
1475 5546 1598 5585 cum
1630 5538 1833 5598 essent,
1872 5545 1971 5585 nec
2001 5531 2054 5584 in
2087 5542 2180 5582 eos

2293 5525 2582 5598 τηνικαῦτα
2625 5524 2743 5576 οὐδὲ
2788 5519 3076 5591 ἐμϐλέπειν
3102 5519 3292 5581 αὐτοὺς
3337 5521 3365 5572 ὁ
3399 5517 3532 5581 Θεὸς
3557 5514 3832 5578 τοιούτους

584 5631 586 5633 ’
632 5627 931 5693 respicere;
971 5624 1079 5677 imo
1122 5640 1248 5679 vero
1299 5639 1474 5695 neque
1516 5623 1736 5694 impiam
1776 5639 1960 5679 eorum
1989 5637 2176 5677 vocem

2293 5621 2457 5680 ὂντας,
2484 5616 2594 5668 ἀλλ’
2621 5615 2737 5667 οὐδὲ
2763 5615 2892 5684 ὁρᾷν
2916 5609 3062 5680 ἠξίου
3089 5630 3100 5642 ·
3133 5610 3247 5665 ἀλλ’
3271 5611 3388 5664 οὐδὲ
3416 5609 3632 5664 ἀκούειν
3659 5604 3832 5663 αὐτῶν

716 5775 789 5846 (1)
820 5773 880 5828 F.
923 5777 982 5829 τὸ
1018 5776 1175 5846 ἱερόν.
1211 5735 1218 5742 ι
2349 5772 2422 5843 (2)
2462 5773 2561 5838 Γρ·
2602 5769 2818 5841 βωμοῖς.
