3976 6350
66 391 200 455 983

62 512 190 583 τῆς
228 513 460 578 ἀσεϐοῦς
491 513 692 585 φωνῆς.
722 514 812 568 Διδ
844 513 1079 582 ἐπιλέγει
1100 530 1113 542 ·
1144 513 1435 569 Ἤκουσεν
1455 516 1487 567 ὁ
1515 512 1657 579 Θεὸς
1685 515 1731 570 Δ

64 609 191 659 καὶ
279 607 541 676 ῠπερίδε,
588 598 728 662 κατὰ
768 607 858 660 τὸν
901 605 1148 669 Ἀκύλαν,
1196 606 1293 659 καὶ
1346 602 1664 673 ἁνυπερθέ-

64 712 286 763 τησε·
326 698 519 771 μηκέτι
564 698 824 770 ἀναϐολὴν
856 698 985 770 μηδὲ
1029 697 1316 769 ὑπέρθεσιν
1352 698 1533 759 αὐτοῖς
1572 697 1661 749 ὲν-

69 789 224 855 δι-ιύς
248 809 261 821 ο
305 790 441 845 κατά
490 791 546 844 δὲ
597 791 688 845 τὸν
744 790 1048 861 Σύμμαχον,
1098 790 1205 845 Καὶ
1256 789 1663 859 ἀπεδοκίμασε

70 882 343 951 σφόδρα
374 881 479 935 τὸν
522 878 767 950 Ἰσραήλ.
799 881 981 943 Οὕτως
1004 881 1060 933 δὲ
1087 882 1312 952 ήκουσεν
1352 883 1381 933 ὁ
1411 879 1561 944 Θεὸς,
1587 880 1663 944 ὡς

70 973 189 1025 καὶ
226 974 323 1026 ἐπὶ
346 973 645 1044 Σοδομιτῶν
672 965 854 1044 εἴρητο
874 988 887 1002 ·
925 971 1093 1039 Φωνὴ
1123 972 1399 1043 Σοδόμων
1429 972 1525 1025 καὶ
1551 972 1664 1025 Γο-

73 1065 331 1133 μόῤῥας
357 1063 477 1131 ,Βοᾷ
519 1063 667 1133 πρὸς
698 1064 794 1133 μέ.
836 1064 957 1117 Τῶν
990 1064 1098 1136 γάρ
1133 1064 1342 1118 ἀσεϐῶν
1389 1064 1525 1117 αὐτὰ
1571 1064 1671 1133 κέ·-¹

74 1173 280 1226 κραγε
312 1157 401 1211 καὶ
433 1156 530 1227 βοᾷ
556 1154 625 1209 τὰ
658 1156 755 1227 τῆς
779 1154 1028 1220 ἀσεϐείας
1049 1156 1371 1228 πράγματα·
1404 1150 1477 1210 ὦν
1502 1156 1663 1209 ἀκού-

71 1266 195 1313 (τας
217 1252 251 1303 ὁ
274 1250 403 1312 Θεὸς
426 1248 704 1304 ἀπώσατο
729 1248 841 1317 τὴν
863 1248 1102 1317 σκηνὴν
1124 1248 1355 1318 Σηλὼμ,
1378 1246 1662 1317 σκήνωμα

89 1333 169 1393 ῖτῦ
208 1336 674 1404 κατεσκήνωσεν
703 1337 772 1390 ἐν
802 1337 1144 1405 ἀνθρώποις.
1194 1338 1279 1391 Ἐν
1310 1336 1417 1407 γὰρ
1462 1338 1526 1407 τῇ
1562 1337 1663 1407 Ση-

72 1425 226 1497 λὼμ,
277 1425 486 1497 πρῶτον
516 1424 644 1497 ἔστη
686 1428 718 1496 ή
762 1425 950 1498 σκηνὴ,
999 1418 1125 1479 ἔνθα
1160 1428 1339 1498 ἱερᾶτο
1374 1425 1520 1478 Ἠλεὶ
1570 1425 1661 1477 καὶ

70 1517 380 1587 Σαμουὴλ,
424 1517 499 1580 ὼς
545 1517 866 1589 παρίστησιν
907 1519 940 1588 ἡ
980 1517 1168 1588 Γραφὴ
1207 1516 1312 1569 τῶν
1345 1514 1656 1569 Βασιλειῶν.

71 1607 320 1677 Ταύτην
345 1603 435 1661 οὖν
464 1607 717 1662 ἀπώσατο
757 1606 975 1680 πρώτην
999 1607 1096 1678 τὴν
1135 1609 1193 1660 ὲν
1220 1605 1415 1678 Σηλὼμ
1456 1606 1661 1677 σκήνω-
1684 1651 1697 1663 .

75 1717 176 1751 σιν
207 1700 301 1754 διὰ
330 1699 429 1763 τὰς
450 1700 701 1763 ἀσεϐείας
726 1700 921 1755 αὐτῶν.
950 1700 1040 1752 Διὸ
1068 1698 1207 1752 κατὰ
1242 1699 1331 1752 τὸν
1370 1698 1659 1771 Σύμμαχον

76 1791 319 1862 εἴρηται
341 1810 354 1821 ·
380 1791 490 1846 Kal
514 1790 799 1859 ἀπέρριψε
826 1790 1270 1859 τὴνσκήνωσιν
1291 1789 1405 1858 τὴν
1427 1791 1656 1861 Σηλὼμ,

81 1851 195 1935 καὶ
210 1851 346 1951 ’τὴν
370 1851 690 1949 ’σκήνωσιν
712 1851 829 1954 τὴν
861 1851 1198 1949 ίϐρυθεέσαν
1223 1879 1293 1933 ὲν
1312 1851 1657 1949 ἀνθρωποίς,
1688 1851 1733 1911 Β

77 1974 296 2037 ’Ὀπως
333 1973 544 2037 δὲητοίς
585 1971 888 2045 ἀνθρώποις
917 1972 1185 2043 παρεδόθη
1229 1974 1262 2042 ἡ
1307 1972 1537 2035 κιϐωτὸς
1576 1972 1662 2026 διὰ

64 2064 158 2119 ,τὰ
195 2064 522 2135 ἀσεϐήματα
541 2062 635 2118 τοῦ
675 2063 824 2141 λαοῦ,
850 2065 941 2119 καὶ
964 2064 1039 2127 ὡς
1072 2062 1377 2134 ἐκράτησαν
1404 2063 1571 2135 αὐτῆς
1611 2065 1661 2117 οἱ

76 2156 375 2228 πολέμιοι,
403 2156 684 2228 ἀπήγαγον
715 2173 773 2211 τε
814 2157 940 2227 παρ’
984 2156 1211 2219 ἑαυτοῖς,
1238 2155 1331 2208 καὶ
1373 2153 1448 2218 ὡς
1470 2155 1519 2207 oi
1559 2155 1663 2208 υἱοὶ

91 2247 330 2322 Ἰσραὴλ
364 2234 765 2321 ὲτροττώθησαν,
799 2245 893 2303 καὶ
932 2248 1007 2311 ὡς
1041 2250 1089 2301 οἱ
1125 2247 1230 2301 υἱοὶ
1262 2246 1406 2300 Ἠλεὶ
1450 2246 1663 2320 πεπτώ-

80 2358 284 2407 κασιν,
308 2343 358 2395 oi
386 2344 548 2414 ἱερεῖς
570 2342 799 2406 ὄντες,λό
820 2358 880 2394 τε
900 2340 1101 2394 τούτων
1129 2339 1308 2410 πατὴρ
1330 2337 1403 2402 ὡς
1422 2336 1662 2405 ᾁπώλετο

78 2435 191 2487 ἐπὶ
218 2437 286 2505 τῇ
320 2433 430 2488 τῶν
453 2434 653 2489 παίδων
684 2432 929 2504 ἀγγελίᾳ,
959 2435 992 2504 ή
1024 2430 1211 2503 πρώτη
1242 2430 1531 2501 παρίστησι
1556 2428 1660 2482 τῶν

80 2524 417 2577 Βασιλειιῖω.
449 2524 538 2577 Διὸ
562 2524 771 2594 εἴρηται
802 2521 1061 2597 ἐνταῦθα’
1094 2522 1203 2575 Kal
1240 2518 1517 2576 ἀπώσατο
1548 2518 1661 2587 τὴν

78 2615 350 2685 σκηνὴν
396 2614 586 2684 Σηλῶ,
630 2614 919 2684 σκήνωμα
967 2610 1041 2670 οὗ
1092 2612 1550 2682 κατεσκήνωσεν
1592 2613 1661 2665 ἐν

81 2705 455 2779 ἀνθμὸποις.
498 2706 606 2760 Kal
630 2703 972 2774 παρέδωκεν
996 2705 1083 2770 εις
1113 2704 1520 2772 αἰχμαλωσίαν
1548 2702 1661 2771 τὴν

86 2797 291 2868 ἰσχὺν
330 2797 544 2852 αὐτῶν.
574 2788 730 2851 Ἃντὶ
766 2796 821 2850 δὲ
846 2794 960 2858 τοῦ,
995 2794 1108 2864 τὴν
1145 2795 1319 2866 ίσχὺν
1350 2793 1565 2861 αὐτῶν,
1594 2795 1661 2850 τὸ

86 2889 325 2959 κράτος
366 2889 563 2944 αὐτῶν
618 2890 955 2961 ήρμήνευσεν
994 2886 1305 2953 ὀνἎκύλας.
1346 2889 1559 2961 Κράτος
1604 2890 1661 2942 δὲ

83 2982 284 3036 αὐτῶν
316 2984 410 3035 καὶ
438 2982 588 3053 ἰσχὺν
629 2984 721 3035 καὶ
752 2980 1028 3053 καλλονὴν,
1056 2985 1135 3047 εἰς
1164 2981 1530 3053 αἰχμαλωσίαν
1570 2983 1661 3036 καὶ

85 3077 179 3139 είς
222 3077 413 3146 χεῖρας
458 3073 726 3137 θλίῶντος
768 3074 1137 3147 παραδοθέντα
1170 3074 1289 3128 τίνα
1324 3074 1389 3128 ἂν
1429 3074 1601 3138 εἴποις
1625 3074 1690 3146 ῆ-

86 3166 198 3237 τὴν
230 3165 483 3230 κιϐωτὸν,
518 3166 584 3237 ἢν
608 3167 653 3220 ηὸ
689 3164 877 3239 παρὼν
907 3166 1196 3220 αἰνίττεται
1226 3166 1381 3235 λόγος
1408 3167 1654 3237 φάσκων·
1687 3202 1730 3261 C

87 3255 210 3309 Kal
259 3254 601 3329 παρέδωκεν
636 3257 723 3321 εις
755 3256 1167 3324 alma/laniar-
1209 3254 1319 3324 τὴν
1346 3254 1529 3325 ἰσχὺν
1557 3255 1674 3308 (τὺ-ν

86 3345 242 3407 τῶν,
268 3346 368 3398 καὶ
396 3345 509 3413 τὴν
531 3344 836 3413 καλλονὴν
860 3345 1056 3399 αὐτῶν
1079 3348 1165 3412 εις
1191 3345 1387 3416 χώρας
1412 3346 1661 3415 ἐχθροῦ;

101 3437 279 3491 Ἀλλὰ
306 3435 477 3491 ταῦτα
521 3438 619 3508 μὲν
662 3437 973 3508 παρέδωκεν
1004 3440 1081 3502 εἰς
1109 3443 1293 3510 χεῖρας
1326 3438 1539 3510 ἐχθροῦ,
1572 3438 1662 3492 τὸν

86 3532 150 3584 δὲ
183 3529 318 3583 λαὸν
365 3529 672 3602 συνέτριψεν
710 3530 765 3581 ὲν
809 3528 1068 3600 ῥομφαίᾳ.
1116 3529 1208 3582 Διὸ
1238 3529 1479 3583 λέλεκται
1526 3530 1664 3585 κατά

86 3623 188 3675 τὸν
242 3621 564 3692 Σύμμαχον·
613 3619 723 3675 Kal
759 3618 1045 3684 ἐξέδωκεν
1087 3621 1174 3686 εις
1220 3620 1663 3690 μάχαιραντὸν

84 3713 256 3768 ,λαὸν
280 3712 487 3777 αὐτοῦ,
514 3711 609 3765 καὶ
641 3710 754 3779 τὴν
807 3712 1205 3782 κληρονομίαν
1240 3712 1423 3766 αὐτοῦ
1460 3716 1661 3782 ὑπερί-

84 3808 240 3861 aer
274 3806 371 3859 καὶ
410 3805 472 3877 δὴ
510 3804 848 3877 ὑπεριδόντος
889 3804 1083 3869 αὐτοὺς
1128 3801 1221 3857 τοῦ
1254 3803 1408 3869 Θεοῦ,
1437 3804 1505 3858 τὰ
1537 3805 1661 3877 ἑξῆς

90 3898 337 3967 ἐγίνετο.
379 3896 512 3963 Τίνα
556 3896 612 3950 δὲ
652 3898 859 3969 ταῦτα;
903 3894 1045 3963 Τοὺς
1080 3896 1436 3964 νεανίσκους
1468 3898 1663 3953 αὐτῶν

88 3991 400 4061 κατέφαγε
425 3990 562 4059 πῦρ,
605 3991 701 4045 καὶ
745 3984 1109 4057 αι’παρθένοι
1140 3988 1334 4044 αὐτῶν
1362 3991 1469 4043 οὐκ
1492 3990 1661 4043 ἐπεν-

90 4082 400 4151 θήθησαν.
440 4081 594 4136 Κατὰ
614 4082 669 4135 δὲ
708 4082 798 4135 τὸν
835 4082 1085 4147 Ἀκύλαν,
1121 4084 1241 4151 Οὐχ
1279 4080 1661 4151 ὑπεμνήσθη-

90 4189 257 4227 σαν·
313 4170 451 4225 κατὰ
490 4172 546 4225 δὲ
586 4172 675 4225 τὸν
725 4172 1035 4243 Σύμμαχον,
1096 4175 1214 4227 Οὐκ
1260 4172 1657 4243 ἐπῃνέθησαν.

92 4262 303 4317 οὐκέτι
332 4260 437 4331 γὰρ
482 4260 617 4331 μετά
661 4259 842 4331 ὓμνων
882 4263 974 4314 καὶ
1012 4263 1245 4316 ἐπαίνων
1280 4261 1520 4335 συνήθως
1543 4268 1662 4329 ταῖς

92 4352 476 4425 γαμουμέναις
500 4353 841 4422 παρεδίδοντο
865 4352 1108 4422 ἀνδράσι,
1136 4355 1274 4410 κατὰ
1292 4354 1386 4427 τὴν
1413 4356 1520 4410 τῶν
1551 4356 1659 4410 λοι-

95 4448 220 4501 πῶν
240 4444 556 4517 ἑρμηνείαν,
585 4443 671 4497 διὰ
688 4444 784 4517 τὴν
808 4442 1210 4499 καταλαϐοῦσαν
1235 4447 1415 4512 αὐτοῖς
1439 4447 1513 4519 (i)
1542 4449 1660 4503 τότε
1732 4506 1735 4511 ,

96 4536 410 4610 συμφοράν.
450 4534 604 4589 Κατὰ
632 4534 688 4588 δὲ
719 4534 814 4604 τὴν
844 4533 950 4588 τῶν
993 4534 1385 4607 Ἐϐὀομήκοντα
1430 4538 1653 4602 ἔκδοσιν,
1689 4534 1730 4588 D

94 4629 438 4701 αἰχμάλωτοι
470 4628 809 4700 ἀπαχθεῖσαι,
843 4627 901 4681 ὲν
936 4627 1013 4699 τῷ
1054 4628 1302 4699 θνήσκειν
1346 4632 1512 4696 αὑτάς
1555 4635 1656 4687 οὐκ

93 4718 249 4793 εἶχον
290 4722 412 4785 τοὺς
454 4720 797 4786 πενθοῦντας,
838 4720 925 4775 διὰ
955 4720 1017 4774 τὸ
1069 4705 1142 4791 μὴ
1189 4725 1438 4793 παρεῖναι
1477 4726 1657 4788 αὐτοῖς

92 4813 232 4875 τοὺς
275 4813 639 4884 προσήκοντας
664 4831 677 4845 ·
726 4812 858 4867 ἀλλὰ
900 4812 992 4866 καὶ
1045 4815 1099 4867 οἱ
1136 4814 1307 4882 ἱερεῖς
1351 4804 1547 4869 αὐτῶν
1587 4817 1656 4870 ἐν

88 4903 363 4973 ῥομφαίᾳ
390 4904 618 4957 ἔπεσαν
657 4896 895 4975 (οὗτοιϐ
928 4898 1065 4975 ἦσαν
1100 4904 1149 4956 οἱ
1183 4903 1274 4958 τοῦ
1315 4904 1461 4957 Ἠλεὶ
1497 4906 1652 4975 υίοί),

94 4995 203 5049 καὶ
241 4995 303 5049 αἱ
342 4990 514 5062 χῆραι
545 4993 613 5048 δὲ
647 4995 842 5050 αὐτῶν
880 4996 951 5049 οὐ
996 4994 1499 5064 κλαυσθήσονται.
1546 4997 1655 5050 Καὶ

91 5088 251 5142 ἔστιν
279 5085 456 5157 εὑρεῖν
478 5086 535 5138 ἐν
556 5090 623 5158 τῇ
655 5087 841 5161 πρώτῃ
871 5089 979 5142 τῶν
1003 5086 1311 5151 Βασιλειῶν,
1344 5088 1508 5153 ὅπως,
1547 5089 1654 5145 τῶν

95 5179 235 5235 υἱῶν
269 5178 415 5247 Ἠλεὶ
444 5180 714 5234 πεσόντων
743 5183 798 5233 ὲν
838 5181 915 5253 τῷ
954 5180 1190 5251 πολέμῳ,
1233 5181 1287 5233 αἱ
1323 5180 1523 5234 τούτων
1554 5197 1652 5249 γυ-

96 5274 307 5333 ναῖκες,
336 5267 499 5339 χῆραι
546 5271 1001 5341 καταλειςρθεῖσαι,
1028 5255 1195 5325 δεινὸν
1233 5269 1525 5341 ὑπέμειναν
1562 5269 1656 5325 θά-

99 5380 283 5420 νατον.
334 5360 423 5413 Διὺ
458 5359 702 5414 λέλεκται
750 5363 891 5417 κατὰ
942 5363 1031 5417 τὸν
1071 5362 1391 5434 Σύμμαχον,
1442 5360 1551 5417 Kal
1596 5367 1657 5419 αἱ

99 5450 481 5525 χηρευθεῖσαι
506 5449 703 5504 αὐτῶν
724 5454 838 5505 οὐκ
863 5453 1171 5507 ἔκλαυσαν
1194 5470 1209 5483 ο
1240 5453 1356 5507 οὐδὲ
1392 5454 1497 5525 γὰρ
1523 5454 1655 5508 ὑπέ-

103 5565 332 5620 στησαν,
370 5544 507 5598 ὥστε
545 5541 802 5597 κλαῦσαι⁴
854 5544 1226 5597 συναπώλοντο
1270 5545 1325 5598 δὲ
1370 5546 1461 5597 καὶ
1499 5537 1655 5599 αὗται

99 5644 211 5705 τοῖς
266 5636 600 5709 τικτομένοις
661 5633 811 5692 κατὰ,
856 5634 951 5707 τὴν
978 5650 982 5653 ‘
1012 5636 1319 5704 φάσκουσαν
1375 5636 1649 5707 ἱστορίαν·

166 5760 215 5792 ³⁸
245 5757 382 5813 Gen.
412 5773 563 5820 xvul,
592 5756 678 5811 9.0.
755 5754 795 5786 '9
823 5753 843 5807 1
877 5754 1004 5821 Reg.
1039 5771 1112 5817 ιν,
1138 5773 1233 5811 vn.
1311 5758 1354 5789 ⁸ο
1392 5761 1411 5812 ἰ
1441 5756 1569 5839 Reg.
1601 5775 1674 5825 Iv,
1704 5761 1754 5815 1.

169 5854 247 5926 (ι)
286 5850 544 5923 Syntaxis
572 5851 801 5922 postulat
828 5849 1041 5914 αὐτούς.
1086 5849 1241 5909 Eutr.

1220 392 1715 451 communem
1751 393 1819 449 1N
1856 368 2189 453 pSALMOs.

3196 392 3297 447 934

1756 513 1945 570 audire
1995 514 2340 587 dignabatur.
2396 512 2754 581 Quamobrem
2821 510 3022 575 subdit,
3082 510 3297 564 Audiuit

1762 605 1902 661 Deus
1930 615 1979 661 et
2006 609 2215 677 sprevit,
2268 606 2562 663 secundum
2616 604 2864 675 Aquilam
2907 619 3055 669 vero,
3090 602 3160 657 Et
3198 620 3300 658 non

1761 697 1987 761 distulit,
2012 698 2217 753 nullum
2246 698 2481 768 spatium
2511 712 2683 768 neque
2703 697 3013 751 dilationem
3040 695 3149 751 illis
3172 710 3301 751 con-

1760 787 1993 855 cedens“;
2039 788 2335 843 secundum
2370 788 2747 860 Symmachum
2776 803 2925 856 vero,
2958 786 3026 841 Et
3051 786 3301 857 reproba-

1760 878 1830 932 vit
1859 878 2008 933 valde
2035 878 2225 935 Israel.
2260 879 2349 935 Sic
2378 889 2559 935 autem
2591 880 2799 935 audivit
2821 878 2984 942 Deus,
3014 886 3073 933 ut
3104 880 3170 935 de
3200 878 3301 933 So-

1759 967 1979 1024 domitis
2020 970 2220 1025 dicitur
2264 989 2276 1024 :
2338 970 2449 1025 Vox
2508 969 2853 1026 Sodomorum
2905 978 2952 1046 et
3001 966 3300 1023 Gomorrhw

1759 1057 1954 1113 clamat
2001 1059 2069 1113 ad
2115 1077 2195 1116 me
2217 1060 2282 1116 ⁸⁸.
2340 1058 2626 1130 Impiorum
2678 1061 2822 1114 cnim
2864 1060 2947 1115 vel
2988 1059 3299 1137 ipsalimpia

1758 1160 1906 1220 gesta
1954 1151 2188 1206 clamant
2226 1159 2280 1207 et
2315 1152 2700 1208 vociferantur.
2732 1183 2799 1194 -
2827 1150 2991 1209 Vens.
3033 1151 3120 1207 60.
3173 1151 3299 1217 Quae

1759 1241 1984 1296 audiens
2014 1241 2157 1312 Deus
2182 1243 2370 1312 repulit
2398 1242 2789 1297 tabernaculum
2825 1241 3011 1307 Silam,
3062 1241 3301 1295 taberna-

1757 1332 1931 1388 culum
1975 1333 2064 1387 ubi
2112 1334 2362 1388 habitavit
2407 1333 2462 1387 in
2506 1333 2821 1389 hominibus.
2870 1332 3003 1388 Nam
3046 1333 3098 1388 in
3134 1332 3300 1386 Silom

1758 1426 1988 1494 primum
2021 1425 2171 1480 stetit
2200 1418 2636 1488 tabernaculum,
2680 1426 2737 1478 in
2763 1440 2869 1497 qua
2896 1438 3170 1478 sacrorum
3204 1438 3297 1476 an-

1758 1518 1955 1573 tislites
1984 1524 2139 1571 erant
2165 1515 2279 1570 Heli
2308 1524 2361 1570 et
2393 1514 2631 1576 Samuel,
2665 1524 2723 1570 ut
2754 1517 2993 1571 declarat
3022 1513 3300 1584 Scriptura

1757 1608 2139 1680 Regnorum”.
2163 1608 2275 1663 Hoc
2300 1609 2479 1680 itaque
2499 1610 2730 1677 primum
2759 1608 2812 1662 in
2839 1606 3009 1662 Silom
3039 1614 3299 1662 statutum

1758 1703 2165 1757 tabernaculum
2217 1708 2436 1772 propter
2488 1701 2792 1771 impietates
2850 1715 3035 1755 eorum
3087 1698 3301 1768 repulit.

1759 1790 1935 1857 Quare
1981 1792 2271 1847 secundum
2312 1789 2689 1862 Symmachum
2736 1790 2973 1845 dicitur:
3002 1787 3077 1844 Et
3115 1789 3301 1859 abjecit

1763 1878 2387 1944 tabernaculum‘Silom,
2430 1889 2477 1934 et
2515 1879 2906 1934 tabernaculum
2944 1879 3213 1947 ﬁrmatum
3250 1878 3302 1931 in

1758 1974 2073 2029 hominibus.
2103 1973 2382 2050 Quomodo
2414 1982 2591 2029 autem
2621 1971 2929 2027 hominibus
2961 1971 3153 2026 tradita
3184 1970 3274 2025 fue

1760 2066 1831 2120 rit
1866 2081 1991 2120 arca
2035 2066 2102 2122 ob
2139 2066 2440 2137 impietates
2474 2065 2679 2137 populi,
2710 2072 2764 2120 et
2794 2064 3065 2135 quomodo
3094 2063 3300 2118 inimici

1759 2155 2003 2225 ceperint
2056 2155 2226 2218 illam,
2279 2148 2709 2225 abduxerintque
2762 2168 2985 2220 secum;
3040 2152 3133 2207 ﬁlii
3176 2167 3303 2207 vero

1759 2246 1924 2303 Israel
1948 2246 2002 2300 in
2028 2245 2208 2323 fugam
2235 2247 2377 2302 versi
2418 2246 2548 2313 sint,
2580 2246 2675 2301 (liii
2712 2244 2831 2301 Heli
2872 2245 2965 2315 qui
3002 2242 3303 2299 sacerdotes

1757 2345 1910 2393 erant
1952 2332 2284 2405 ceciderint,
2313 2353 2608 2411 eorumque
2650 2348 2820 2409 pater,
2843 2346 3063 2408 accepto
3091 2338 3155 2391 de
3185 2336 3303 2391 [iliis

1759 2428 1967 2495 nuntio,
2012 2429 2254 2499 perierit,
2311 2422 2517 2484 narrat
2545 2429 2755 2501 primus
2802 2427 3109 2500 Regnorum
3152 2427 3304 2482 liber.

1759 2521 2097 2591 Quapropter
2132 2522 2218 2575 hic
2265 2521 2505 2578 dicitur:
2556 2520 2626 2575 Et
2677 2521 2863 2591 repulit
2913 2519 3305 2575 tabernaculum

1760 2610 1891 2677 Silo,
1936 2609 2328 2665 tabernaculum
2376 2611 2464 2664 ubi
2506 2610 2761 2665 habitavit
2797 2612 2851 2665 in
2894 2611 3208 2664 hominibus.
3238 2639 3293 2652 -ο

1758 2703 1924 2759 Vens.
1949 2702 2038 2758 6i.
2064 2701 2132 2757 Et
2159 2703 2379 2757 tradidit
2400 2704 2452 2756 in
2480 2704 2831 2772 captivitatem
2847 2704 3084 2756 virtutem
3105 2717 3303 2755 eorum.

1758 2795 1862 2851 Pro
1896 2796 1988 2851 illo
2022 2803 2223 2861 autem,
2248 2796 2489 2849 virtutem
2530 2812 2729 2857 eorum,
2773 2794 2987 2864 Aquila,
3028 2792 3185 2845 robur
3219 2808 3301 2846 eo-

1759 2879 1896 2949 rum,
1940 2884 2319 2954 interpretatus
2365 2892 2467 2941 est.
2489 2882 2678 2939 Robur
2717 2891 2922 2949 autem,
2958 2884 3208 2937 virtutem
3251 2891 3300 2936 et
3370 2904 3380 2915 -

1759 2977 2233 3048 pulchritudinem,
2281 2976 2336 3032 in
2383 2977 2744 3048 captivitatem
2786 2984 2840 3032 et
2883 2976 2938 3030 in
2974 2992 3166 3031 manus
3197 2975 3302 3029 ini-

1758 3071 1885 3125 mici
1924 3069 2145 3137 tradita,
2174 3085 2295 3141 quae
2322 3069 2523 3127 dixeris
2559 3086 2704 3135 esse,
2748 3072 2855 3126 nisi
2897 3085 3100 3133 arcam.
3144 3059 3304 3140 quam

1760 3151 1859 3217 hic.
1892 3178 2071 3219 sermo
2120 3164 2443 3229 subindicat,
2467 3164 2673 3229 dicens,
2709 3163 2775 3218 Et
2806 3163 3022 3217 tradidit
3057 3163 3111 3217 in
3141 3164 3295 3233 capti-

1761 3256 1969 3310 vitatem
1999 3257 2236 3311 virtutem
2278 3273 2478 3320 eorum,
2512 3265 2560 3311 et
2586 3256 3019 3327 pulchritudinem
3048 3273 3225 3312 eorum
3255 3257 3307 3309 in

1760 3367 1948 3405 manus
1970 3351 2167 3405 inimici
2183 3349 2442 3408 ?-—Vzns.
2466 3351 2644 3405 62454.
2661 3349 2764 3405 Sed
2785 3352 2896 3405 haec
2913 3351 3127 3421 quidem
3146 3349 3287 3404 tradi

1761 3444 1908 3500 ditin
1924 3460 2116 3501 manus
2143 3444 2372 3512 inimici,
2389 3446 2643 3516 populum
2662 3461 2789 3499 vero
2815 3445 3068 3515 contrivit
3102 3442 3304 3515 gladio.
3330 3434 3335 3440 ’

1760 3534 1885 3590 Ideo
1911 3536 2205 3591 secundum
2239 3533 2619 3607 Symmachum
2650 3532 2849 3587 dicitur
2873 3529 2987 3586 :Et
3010 3531 3230 3583 tradidit
3253 3532 3305 3585 in

1762 3627 2075 3693 machmram
2120 3627 2367 3695 populum
2424 3642 2576 3681 suum
2634 3635 2681 3679 et
2742 3622 3096 3678 haereditatem
3152 3636 3303 3676 suam

1760 3720 1969 3788 sprevit.
2032 3717 2143 3773 Deo
2196 3726 2375 3773 autem
2440 3718 2587 3787 ipsos
2622 3722 2930 3789 spernente.
2962 3730 3022 3768 ea
3058 3730 3177 3785 quae
3208 3712 3297 3769 se-

1759 3816 2003 3878 quuntur
2051 3816 2365 3863 evenerunt.
2409 3807 2539 3873 Quae
2564 3799 2688 3860 illa?
2712 3804 2931 3861 Juvenes
2954 3820 3131 3858 eorum
3163 3819 3302 3857 com-

1759 3897 1863 3950 edit
1915 3888 2081 3966 ignis,‘
2127 3906 2177 3950 et
2222 3897 2442 3966 virgines
2472 3908 2650 3950 eorum
2691 3910 2793 3948 non
2826 3904 2945 3949 sunt
2974 3897 3302 3958 lamentatur;

1761 3989 2054 4046 secundum
2087 3988 2333 4059 Aquilam
2367 4005 2497 4044 vero
2517 4030 2533 4054 ,
2561 4006 2659 4043 non
2686 3998 2807 4042 sunt
2831 3988 3188 4056 desponsata;
3222 4005 3300 4045 se-

1759 4079 1992 4135 cundum
2045 4077 2426 4150 Symmachum
2473 4088 2677 4143 autem,
2727 4096 2831 4133 non
2878 4089 2998 4133 sunt
3053 4073 3302 4137 laudatve.

1759 4171 1875 4231 Non
1901 4174 2039 4226 ultra
2069 4171 2544 4233 enim,sccundum
2571 4172 2808 4241 reliquos
2826 4171 3166 4241 interpretes,
3183 4186 3304 4226 cum

1762 4264 1975 4336 hymnis
2007 4271 2061 4318 et
2086 4261 2359 4328 laudibus,
2395 4270 2455 4318 ut
2477 4269 2797 4318 consuetum
2828 4259 3171 4331 desponsatis
3200 4268 3304 4323 est,

1759 4355 1893 4411 viris
1927 4355 2299 4421 tradebantur,
2331 4357 2400 4411 oh
2433 4355 2731 4410 immissam
2760 4361 2890 4408 tunc
2927 4352 3057 4425 ipsis
3086 4351 3297 4405 calami-

1764 4452 1947 4501 tatem.
1983 4444 2286 4501 Secundum
2314 4444 2455 4499 LXX
2475 4444 2798 4515 lnterpretes
2825 4449 3023 4507 autem,
3056 4440 3110 4493 in
3132 4442 3301 4510 capti-
3400 4510 3409 4519 κ

1762 4538 1974 4592 vitatem
1998 4546 2149 4602 actae,
2173 4542 2294 4592 cum
2318 4544 2673 4599 morerentur.
2692 4551 2800 4589 non
2826 4541 2942 4589 erat
2967 4533 3300 4613 quilugeret,

1759 4629 1903 4699 quod
1937 4644 2042 4684 non
2081 4628 2327 4685 adessent
2374 4628 2656 4698 propinqui
2711 4641 2931 4692 earum;
2986 4626 3094 4679 imo
3136 4622 3295 4678 etiam

1760 4721 2051 4777 sacerdotes
2106 4737 2284 4776 eorum
2347 4721 2400 4773 in
2444 4719 2619 4790 gladio
2664 4718 2954 4774 ceciderunt
3006 4717 3081 4790 (hi
3135 4731 3297 4788 porro

1761 4822 1918 4870 erant
1972 4813 2067 4868 ﬁlii
2128 4812 2287 4879 Heli),
2321 4811 2593 4867 et‘viduw
2626 4829 2804 4867 eorum
2849 4830 2953 4868 non
3015 4812 3300 4882 plorabun-

1763 4916 1865 4960 tur.
1900 4904 1956 4959 In
2012 4905 2181 4975 primo
2232 4902 2539 4975 Regnorum
2595 4906 2736 4962 libro
2786 4894 2998 4979 legitur,
3038 4921 3157 4961 cum
3207 4903 3299 4958 lilii

1763 4999 1877 5054 Heli
1911 5000 1965 5053 in
2000 4998 2140 5054 bello
2167 4998 2512 5066 cecidissent,
2553 5016 2740 5057 eorum
2775 5016 2970 5055 uxores
3000 5000 3190 5055 viduas
3218 5014 3299 5053 re-

1762 5091 1938 5153 lictas,
1967 5104 2182 5161 gravem
2234 5093 2563 5148 sustinuisse
2607 5106 2860 5149 mortem.
2899 5094 3074 5161 Quare
3101 5092 3299 5146 dicitur

1764 5180 2056 5239 secundum
2085 5180 2487 5253 Symmachum,
2522 5183 2589 5238 Et
2616 5185 2842 5241 viduatae
2866 5202 3042 5240 eorum
3062 5201 3164 5240 non
3185 5185 3299 5255 plo-

1763 5280 2003 5328 raverunt
2030 5288 2048 5326 :
2077 5290 2253 5345 neque
2280 5276 2419 5330 enim
2454 5277 2787 5333 exsistebant
2813 5288 2870 5332 ut
2892 5273 3018 5331 ﬂere
3047 5286 3297 5347 possent;

1759 5380 1881 5420 nam
1906 5378 2011 5418 una
2042 5379 2163 5419 cum
2193 5373 2347 5437 partu
2377 5382 2478 5422 suo
2504 5368 2785 5422 exstinctae
2814 5375 2960 5429 sunt,
2986 5375 3045 5421 ut
3069 5352 3169 5423 fert
3188 5368 3299 5423 hac

1757 5457 2022 5513 historia:
2052 5454 2122 5510 Et
2162 5459 2359 5526 factum
2399 5470 2475 5514 est
2516 5461 2568 5513 in
2607 5458 2783 5513 diebus
2821 5459 2929 5512 illis
2960 5471 3299 5515 convenerunt

1757 5547 2009 5619 allophyli
2056 5550 2110 5603 in
2160 5550 2350 5606 bellum
2392 5562 2577 5606 contra
2624 5550 2798 5605 Israel
2821 5542 2899 5616 Ml;
2937 5552 3129 5607 deinde
3171 5568 3298 5607 vero

1758 5654 1879 5694 cum
1913 5641 2105 5713 exisset
2137 5645 2365 5714 pOpulus
2393 5644 2463 5698 ad
2488 5660 2739 5713 pugnam,
2775 5643 2953 5699 Cursus
2982 5654 3075 5709 cst,
3102 5644 3296 5713 inquit,
