3974 6354
718 354 821 413 πθ

1364 312 1624 411 EUSEBii
1656 344 2128 427 CiESARIENSIS
2164 356 2311 412 OPP.
2352 354 2531 411 PARS
2569 353 2653 410 lll.
2685 385 2753 394 —
2788 353 3183 411 EXEGETICA.

3775 362 3859 418 956

699 474 892 529 ‘Israel
920 490 936 526 :
964 484 1011 527 et
1042 474 1183 542 facta
1225 482 1302 527 est
1333 474 1490 544 plaga
1528 490 1718 543 magna
1746 473 1895 527 ralde
1926 489 1943 525 :
1974 482 2023 528 et
2059 474 2238 529 cecide-

2350 471 2458 527 Kal
2498 468 2747 541 ἐγενήθη
2780 469 2849 523 ἐν
2874 469 3001 535 ταῖς
3040 469 3283 540 ἡμέραις
3310 471 3581 536 ἐκείναις,
3614 475 3701 525 καὶ
3736 490 3859 527 συν-

715 575 839 618 runt
868 566 929 619 de
957 565 1124 619 Israel
1156 567 1371 635 triginta
1400 565 1569 619 millia
1596 581 1661 619 ex
1696 566 1963 619 ordinibus
1998 580 2015 617 :
2045 574 2094 618 et
2131 581 2257 619 arca

719 658 815 710 Dei
841 666 991 726 capta
1027 668 1125 720 est,
1156 667 1205 711 et
1233 657 1385 711 ambo
1421 658 1521 721 ﬁlii
1551 656 1672 712 Heli
1696 658 1889 711 mortui
1915 665 2057 721 sunt,
2085 657 2255 726 Opimi

714 758 765 799 et
798 747 1033 801 Phinees.
1072 746 1136 800 Et
1176 748 1404 801 cucurrit
1433 748 1513 801 vir
1550 745 1835 801 lemina’us
1870 764 1939 801 ex
1966 749 2175 811 castris,
2204 757 2256 802 et

716 839 845 892 venit
876 840 931 891 in
957 837 1122 893 Silam
1151 840 1204 891 in
1234 839 1329 891 illa
1356 837 1462 901 die,
1492 838 1660 891 scissa
1690 847 1843 899 veste.
1872 847 1921 891 et
1949 855 2252 908 conspersus

711 928 911 995 pulvere
934 938 1104 996 caput.
1137 928 1203 981 Et
1231 945 1343 982 ecce
1374 927 1493 982 Heli
1524 928 1577 980 in
1601 928 1731 980 sella
1752 928 1821 980 ad
1841 938 2044 998 portam
2072 940 2255 1001 contra

714 1018 904 1073 bivium
941 1029 1201 1089 spectans.
1232 1019 1365 1073 Erat
1388 1020 1526 1073 enim
1557 1036 1648 1073 cor
1672 1020 1784 1089 ejus
1809 1036 1995 1089 pavens
2015 1036 2109 1090 pro
2128 1039 2253 1075 arca

713 1107 827 1164 Dei.
862 1108 973 1165 Sub
1017 1111 1129 1166 haec
1172 1110 1373 1165 dicitur
1405 1128 1419 1163 :
1455 1108 1587 1163 Erat
1627 1121 1799 1165 autem
1836 1110 1953 1165 Heli
1979 1113 2132 1181 quasi
2158 1129 2253 1166 no-

711 1200 925 1268 naginta
957 1209 1068 1254 octo
1100 1216 1371 1259 annorum.
1406 1210 1455 1254 et
1485 1201 1623 1254 oculi
1659 1201 1771 1270 ejus
1803 1200 2171 1270 caligaverant,
2201 1211 2251 1257 et

710 1305 810 1342 non
841 1289 1064 1344 videbat.
1112 1288 1175 1341 Et
1207 1289 1285 1342 vir
1313 1290 1402 1343 ille
1428 1290 1673 1344 accedens
1696 1290 1865 1344 dixit:
1888 1289 1998 1360 Ego
2025 1309 2140 1345 sam
2162 1295 2251 1362 qui

709 1381 819 1452 veni
846 1396 909 1434 ex
931 1369 1137 1442 castris,
1159 1389 1207 1435 et
1228 1397 1317 1450 ego
1344 1396 1408 1435 ex
1429 1381 1538 1435 acie
1561 1381 1674 1451 fugi
1694 1380 1861 1435 hodie.
1887 1380 1954 1434 Et
1984 1382 2080 1447 ait,
2112 1383 2249 1449 Quid

707 1482 883 1525 actum
912 1482 1007 1537 est,
1052 1473 1131 1540 ﬁli
1168 1473 1281 1527 mi?
1324 1472 1393 1525 Et
1417 1473 1678 1541 respondit
1703 1488 1830 1541 puer
1860 1482 1907 1526 et
1933 1473 2107 1528 dixit:
2140 1474 2251 1527 Fu-

707 1557 801 1625 git,
834 1558 1026 1625 inquit,
1056 1556 1227 1611 Israel
1259 1576 1291 1611 a
1316 1559 1453 1625 facie
1495 1560 1899 1629 allophylorum,
1926 1570 1975 1615 et
2003 1562 2146 1628 facta
2173 1571 2250 1615 est

706 1645 861 1713 plaga
885 1662 1070 1714 magna
1100 1646 1153 1699 in
1177 1647 1389 1714 populo,
1415 1656 1462 1700 et
1487 1646 1638 1701 ambo
1662 1647 1764 1714 ﬁlii
1788 1648 1865 1699 tui
1892 1650 2084 1702 mortui
2106 1659 2245 1712 sunt,

703 1744 753 1786 et
780 1751 905 1788 arca
932 1735 1029 1789 Dei
1060 1747 1213 1805 capta
1243 1748 1341 1793 est.
1381 1737 1447 1791 Et
1474 1739 1674 1807 factum
1707 1750 1783 1793 est
1816 1757 1933 1793 cum
1961 1756 2246 1793 memoras-

2353 563 2705 632 αθροίζονται
2732 565 3062 630 ἀλλόφυλοι
3088 565 3173 628 εις
3203 564 3463 630 πόλεμον
3497 563 3592 615 ἐπὶ
3622 564 3855 631 Ἰσραήλ·

2353 650 2450 709 εἷθ’
2493 655 2615 726 ἑξῆς
2651 654 2993 727 προελθόντος
3038 642 3131 706 »τόδ
3186 653 3312 707 λαοῦ
3363 656 3441 716 εἰς
3488 654 3577 707 τὸν
3626 654 3857 724 πόλεμον,

2351 748 2567 815 Πταίει,
2597 748 2775 817 φησιν,
2805 745 2957 814 ἀνὴρ
2993 743 3256 811 Ἰσραήλ·
3295 745 3390 797 καὶ
3422 744 3653 813 ἐγένετο
3686 749 3857 815 πληγὴ

2344 837 2572 908 μεγάλη
2604 838 2864 906 σφόδρα·
2897 836 2993 889 καὶ
3020 836 3246 889 ἔπεσαν
3265 834 3335 899 ἐξ
3373 836 3613 903 Ἰσραὴλ
3635 838 3858 904 τριακον.

2350 944 2422 981 τα
2467 927 2727 996 χιλιάδες
2776 926 3078 996 ταγμάτων
3100 943 3115 957 ·
3163 926 3260 980 καὶ
3318 926 3357 993 ή
3403 927 3644 992 κιϐωτὸς
3676 924 3739 978 δὲ
3770 928 3857 982 τοῦ

2352 1017 2495 1071 Θεοῦ
2519 1016 2768 1085 ἐλήφθη,
2791 1016 2891 1070 καὶ
2924 1017 3237 1085 ἀμφότεροι
3271 1019 3326 1071 ol
3346 1017 3462 1071 vlol
3498 1017 3649 1072 Ἠλεὶ
3674 1016 3856 1071 ἀπέθα-

2347 1126 2475 1171 νον,
2518 1108 2703 1177 Ὀφνει
2742 1107 2838 1162 καὶ
2874 1108 3092 1173 Φινεές.
3119 1108 3226 1162 Kal
3258 1107 3507 1176 ἔδραμεν
3548 1108 3696 1177 ἀνὴρ
3730 1110 3857 1177 Ἰεμιρ

2347 1198 2511 1264 ναῖος
2536 1199 2603 1253 ἐκ
2643 1197 2750 1265 τῆς
2795 1198 3189 1275 παρατάξεως,
3226 1199 3321 1251 καὶ
3351 1199 3536 1265 ἦλθεν
3570 1201 3655 1264 είς
3675 1199 3856 1269 Σηλὼιι

2346 1290 2415 1342 ὲν
2445 1288 2520 1357 τῇ
2549 1287 2733 1358 ἡμέρᾳ
2755 1290 2973 1357 ἐκείνῃ,
3000 1290 3070 1343 τὰ
3094 1288 3285 1357 ἱμάτια
3313 1289 3495 1343 αὑτοῦ
3521 1290 3851 1359 daemon-dra,

2347 1379 2441 1432 καὶ
2476 1380 2549 1449 γῆ
2594 1381 2690 1433 ἐπὶ
2732 1377 2839 1447 τῆς
2885 1378 3150 1447 κεφαλῆς
3178 1378 3379 1433 αὑτοῦ.
3424 1379 3532 1434 Kal
3578 1379 3701 1433 ὶδοὺ
3730 1380 3853 1436 Ἠλεὶ

2346 1470 2443 1522 ἐπὶ
2472 1470 2575 1523 τοῦ
2607 1471 2813 1539 δίφρου
2842 1470 2999 1536 παρὰ
3036 1469 3150 1538 τὴν
3181 1472 3382 1537 πύλην
3421 1472 3726 1526 σκοπεύων
3766 1470 3855 1538 τὴν

2346 1559 2546 1613 δίοδον
2566 1578 2579 1590 ·
2616 1560 2702 1613 ὅτι
2736 1558 2815 1631 ἦν
2852 1559 2889 1626 ἠ
2923 1559 3130 1627 καρδία
3167 1562 3349 1614 αὑτοῦ
3371 1562 3719 1630 ἐξεστηκυῖιι
3747 1564 3851 1629 περὶ

2346 1648 2455 1717 τῆς
2486 1647 2727 1703 κιϐωτοῦ
2772 1648 2877 1705 τοῦ
2931 1649 3094 1703 Θεοῦ.
3142 1646 3255 1702 Εἶθ’
3306 1648 3431 1721 ἑξῆς
3484 1652 3719 1722 εἴρηται·
3766 1657 3851 1708 Kal

2357 1740 2611 1806 Ἠλεὶτνώς
2636 1746 2720 1810 ιη’
2752 1740 2899 1794 ἐτῶν
2922 1757 2935 1771 ·
2972 1740 3070 1795 καὶ
3106 1745 3158 1795 ol
3183 1742 3468 1812 ὀφθαλμοὶ
3500 1744 3679 1797 αὐτοῦ
3702 1746 3855 1798 ἐπανι-

703 1835 779 1889 set
822 1844 1000 1881 arcam
1061 1829 1172 1891 Dei,
1230 1830 1413 1883 cecidit
1468 1830 1531 1883 de
1577 1829 1709 1885 sella
1758 1841 2043 1905 retrorsum
2082 1830 2238 1899 juxta

2338 1834 2624 1904 ἐστησαν,
2654 1837 2752 1891 καὶ
2793 1838 2901 1890 οὐκ
2941 1836 3171 1891 ἕϐλεπε.
3218 1836 3326 1890 Kal
3364 1840 3397 1891 ό
3433 1837 3587 1905 ἀνὴρ
3635 1842 3852 1906 προσελ-

702 1921 912 1984 ostium,
938 1931 985 1975 et
1009 1923 1287 1974 contritum
1316 1930 1393 1975 est
1422 1911 1635 1977 dorsum
1659 1924 1794 1990 ejus,
1816 1933 1865 1978 et
1892 1934 2124 1979 mortuus
2146 1934 2242 1991 est,

700 2015 824 2081 quia
868 2029 1022 2067 senex
1062 2013 1212 2067 homo
1240 2024 1353 2067 erat
1392 2024 1442 2068 et
1469 2016 1661 2084 gravis.
1696 2013 1876 2069 Nurus
1918 2026 2086 2069 autem
2131 2016 2244 2084 ejus

593 2130 597 2143 -
699 2117 835 2173 uxor
858 2103 1073 2157 Phinees
1096 2104 1368 2175 pregnans
1392 2116 1505 2158 erat
1535 2107 1801 2175 vicinaque
1829 2108 2043 2173 partui:
2071 2118 2117 2161 et
2151 2125 2246 2161 au-

701 2191 814 2247 dito
845 2194 1026 2247 nuntio
1054 2195 1187 2262 quod
1219 2205 1371 2262 capta
1405 2204 1536 2249 esset
1581 2213 1705 2249 arca
1756 2195 1869 2261 Dei,
1915 2207 1965 2251 et
2010 2208 2245 2251 mortuus

699 2294 835 2340 esset
863 2301 1007 2338 socer
1036 2301 1181 2350 suus,
1225 2296 1274 2339 et
1311 2287 1388 2339 vir
1417 2302 1564 2347 suus,
1596 2288 1735 2356 ﬂevit
1772 2296 1821 2341 et
1861 2289 2075 2355 peperit,
2122 2290 2245 2357 quia

701 2378 965 2431 irruerant
994 2378 1197 2431 dolores
1227 2380 1281 2431 in
1306 2396 1439 2440 eam,
1475 2389 1524 2432 et
1552 2380 1607 2433 in
1638 2390 1861 2449 tempore
1888 2399 1981 2436 suo
2007 2383 2080 2452 (1)
2105 2398 2245 2434 mor-

700 2478 794 2521 tua
815 2478 908 2521 est.
945 2469 1009 2521 Et
1049 2470 1293 2522 dixerunt
1327 2471 1566 2525 mulieres
1615 2488 1727 2541 qua
1772 2474 2014 2535 astabant
2055 2475 2122 2534 ei,
2168 2472 2246 2527 Ne

699 2560 914 2623 timeas,
961 2560 1083 2629 quia
1126 2561 1294 2628 ﬁlium
1339 2562 1580 2628 peperisti
1618 2577 1635 2614 :
1670 2579 1784 2631 qui:
1821 2580 1919 2615 non
1958 2563 2239 2631 respondit,

698 2666 856 2719 neque
884 2650 1267 2705 animadvertit.
1304 2650 1493 2706 Postea
1536 2652 1851 2721 subjungit:
1886 2651 1954 2705 Et
1995 2654 2244 2722 allophin

698 2728 998 2812 acceperunt
1031 2760 1207 2797 arcam
1238 2743 1352 2807 Dei,
1381 2754 1429 2797 et
1460 2755 1852 2813 asportaverunt
1876 2744 1998 2798 eam
2029 2747 2081 2797 in
2113 2747 2244 2797 Azo-

616 2886 621 2891 ,
700 2840 828 2883 tum.
864 2831 930 2885 Et
962 2842 1265 2900 acceperunt
1298 2834 1556 2901 alloplryli
1584 2851 1759 2885 arcam
1801 2833 2035 2895 Domini,
2080 2842 2125 2886 et
2156 2836 2241 2885 in-

698 2924 925 2977 tulerunt
952 2942 1065 2977 eam
1095 2925 1147 2976 in
1182 2924 1392 2977 domum
1425 2923 1609 2993 Dagon
1630 2924 1694 2975 δί.
1731 2922 1852 2975 Haec
1878 2938 2039 2992 porro
2063 2924 2241 2976 omnia

696 3013 785 3066 hic
811 3012 1127 3080 compendio
1166 3022 1530 3066 memorantur
1564 3032 1576 3065 :
1607 3028 1729 3065 nam
1765 3012 2143 3081 'subjungitur:
2174 3045 2241 3053 —

695 3101 964 3159 “133.65.
988 3102 1047 3155 Et
1064 3104 1318 3157 excitatus
1336 3113 1411 3157 est
1433 3114 1674 3173 tanquam
1689 3105 1950 3159 dormiens
1965 3105 2235 3176 Dominus,

2343 1926 2460 1981 θὼν
2498 1918 2693 1979 εἶπεν·
2907 1929 3022 1996 ειμι
3067 1931 3099 1981 ό
3150 1928 3314 1995 ἥκων
3345 1930 3412 1983 ἐκ
3452 1927 3557 1997 τῆς
3596 1932 3849 1999 παρεμϐο-

2340 2016 2474 2085 λῆς,
2514 2017 2609 2069 καὶ
2638 2017 2748 2085 ἐγὼ
2777 2018 2844 2071 ὲκ
2874 2017 2975 2086 τῆς
3004 2019 3378 2086 παρατάξεως
3414 2021 3677 2090 πέφευγα
3694 2022 3848 2089 σήμε-

2332 2124 2462 2174 ρον.
2488 2106 2597 2159 Kal
2625 2104 2750 2159 εἷπε
2774 2123 2789 2137 ·
2827 2109 2885 2160 Τί
2901 2108 3027 2160 ἐστι
3058 2108 3124 2161 τὸ
3158 2109 3400 2177 γεγονὸς
3415 2107 3596 2177 ῥῆμα,
3629 2111 3850 2170 τέκνον;

2339 2199 2447 2254 Kal
2480 2201 2761 2268 ἀπεκρίθη
2794 2200 2856 2254 τὸ
2882 2199 3207 2269 παιδάριον,
3256 2201 3351 2254 καὶ
3383 2199 3543 2254 εἷπε·
3583 2201 3851 2271 nam

2339 2289 2492 2357 ἀνὴρ
2553 2290 2790 2357 Ἰσραὴλ
2843 2291 2911 2344 ἐκ
2966 2290 3279 2357 προσώπου
3323 2293 3686 2360 ἀλλοφύλων
3705 2333 3719 2355 ,
3768 2293 3848 2344 και

2340 2381 2539 2450 πληγὴ
2567 2382 2793 2450 μεγάλη
2827 2382 3066 2452 γέγονεν
3084 2382 3153 2433 ἐν
3172 2381 3249 2445 τῶ
3274 2382 3418 2447 λαῷ.
3448 2382 3544 2435 καὶ
3567 2384 3848 2451 ἀμφότεροι

2339 2474 2391 2525 ol
2418 2474 2532 2525 vlol
2560 2490 2674 2525 σου
2702 2471 3037 2536 τεθνήκασι,
3085 2474 3181 2525 καὶ
3229 2474 3267 2540 ὴ
3301 2473 3539 2539 κιϐωτὸς
3579 2474 3680 2528 τοῦ
3729 2474 3848 2528 Θεοῦ

2338 2564 2584 2631 ἐλήφθη.
2627 2565 2733 2616 Καὶ
2782 2564 3032 2631 ἐγένετο,
3059 2564 3137 2629 ὡς
3180 2562 3445 2631 ἐμνήσθη
3487 2564 3596 2631 τῆς
3633 2566 3847 2619 κιϐωτοῦ

2338 2655 2442 2707 τοῦ
2472 2649 2635 2715 θεοῦ,
2676 2653 2772 2707 καὶ
2814 2654 3031 2708 ἔπεσεν
3058 2654 3173 2708 ἀπὸ
3214 2654 3319 2709 τοῦ
3351 2655 3563 2723 δίφρου
3600 2657 3849 2721 ὀπισθίως

2338 2743 2614 2810 ἐχόμενος
2638 2742 2745 2809 τῆς
2777 2744 2988 2810 πύλης,
3032 2745 3127 2797 καὶ
3155 2746 3467 2814 συνετρίϐη
3507 2750 3538 2800 ὀ
3568 2746 3851 2811 νῶτοςαύο

2339 2828 2462 2892 τοῦ,
2508 2830 2603 2881 καὶ
2644 2830 2963 2884 ἀπέθανεν·
2994 2832 3083 2885 ὅτι
3128 2835 3462 2899 πρεσϐύτης
3508 2838 3540 2887 d
3574 2836 3845 2903 ἄνθρωπος

2338 2919 2431 2970 καὶ
2458 2919 2668 2985 βαρύς.
2698 2919 2806 2972 Kal
2842 2922 3041 2989 νύμφη
3074 2922 3253 2975 αὑτοῦ
3294 2923 3443 2991 γυνὴ
3494 2925 3688 2990 Φινεὲς
3721 2943 3843 2982 συν-

2337 3011 2611 3094 ειληφυῖα
2654 3009 2757 3064 τοῦ
2798 3013 2987 3065 τεκεῖν
3011 3029 3024 3042 ·
3070 3013 3166 3065 καὶ
3204 3011 3429 3081 ἢκουσε
3478 3015 3593 3082 τὴν
3621 3017 3844 3086 ἀπαγγε-

2337 3103 2494 3166 λίαν,
2541 3102 2627 3157 ὅτι
2672 3103 2902 3172 ἐλήφθη
2930 3107 2968 3173 ἠ
3012 3106 3247 3171 κιϐωτὸς
3282 3106 3386 3160 τοῦ
3434 3108 3609 3173 Θεοῦ,
3647 3111 3736 3162 καὶ
3772 3112 3845 3163 ὅτι

696 3206 944 3263 tanquam
977 3204 1153 3263 potens
1169 3205 1214 3247 et
1233 3196 1532 3262 crapulatus
1564 3214 1595 3249 a
1623 3199 1754 3251 vino.
1790 3173 2233 3265 Postquamvarca

2337 3192 2617 3259 τέθνηκεν
2660 3196 2692 3246 ό
2738 3195 3017 3261 πενθερὸς
3047 3193 3233 3262 αὐτῆς
3274 3190 3368 3248 καὶ
3403 3200 3433 3251 d
3476 3196 3627 3265 ἀνὴρ
3667 3198 3842 3266 αὐτῆς.
3896 3210 3901 3224 ’

695 3294 852 3356 capta
894 3285 994 3339 fuit
1043 3288 1110 3339 ab
1149 3285 1448 3355 aIIOphylis,
1485 3299 1537 3341 et
1572 3297 1857 3357 postquam
1899 3306 2061 3358 supra
2092 3290 2233 3344 dicta

693 3384 881 3431 contra
913 3378 1164 3446 populum
1203 3387 1351 3447 gesta
1397 3386 1543 3442 sunt,
1586 3394 1738 3432 suam
1772 3378 1912 3433 Deus
1951 3380 2234 3449 providen-

694 3468 822 3522 tiam
866 3476 1337 3533 commonstrans,
1384 3470 1638 3524 invisibili
1690 3472 1887 3525 virtute
1942 3473 2235 3540 :illophylos

694 3561 918 3629 incessit
952 3567 1004 3614 et
1037 3561 1333 3614 ulciscitur.
1384 3560 1562 3625 Quare
1594 3560 1795 3613 dictum
1835 3570 1916 3615 est
1947 3579 1959 3613 :
2002 3559 2067 3611 Et
2101 3562 2235 3612 exci—

694 3662 833 3705 tatus
862 3662 937 3705 est
981 3661 1223 3719 tanquam
1262 3651 1523 3704 dormiens
1552 3650 1826 3711 Dominus,
1865 3660 2109 3718 tanquam
2138 3666 2234 3718 po-

694 3753 803 3797 tens
831 3754 878 3795 et
912 3744 1210 3808 crapulatus
1253 3758 1285 3793 a
1332 3742 1477 3803 vino;
1516 3741 1808 3795 secundum
1858 3739 2232 3810 Symmachum

692 3848 840 3897 vero,
879 3834 1145 3901 Tanquam
1189 3824 1377 3901 potens
1418 3834 1627 3901 loquens
1659 3847 1724 3886 ex
1761 3832 1907 3894 vino;
1941 3830 2233 3886 secundum

695 3925 961 3994 Aquilam,
1016 3924 1284 3995 Tanquam
1332 3934 1509 3993 potens
1538 3923 1835 3992 crapulatus
1860 3938 1924 3977 ex
1951 3924 2086 3976 vino.
2131 3922 2232 3976 De—

695 4014 818 4067 inde
852 4014 1085 4081 seipsum
1120 4014 1382 4076 excitans,
1420 4010 1668 4067 inimicos
1703 4027 1831 4067 suos
1859 4012 2110 4081 percutit,
2153 4011 2232 4065 vi-

692 4105 884 4158 delicet
917 4105 1006 4171 qui
1038 4119 1217 4157 arcam
1258 4104 1562 4158 testamenti
1597 4110 1849 4173 ceperant
1897 4100 2079 4169 (Vsus.
2118 4101 2229 4169 66),

692 4206 745 4248 et
770 4195 998 4262 percutit
1019 4209 1113 4249 eos
1134 4196 1186 4247 in
1218 4196 1531 4263 posteriora,
1557 4193 1754 4262 datque
1782 4194 1860 4247 eis
1888 4194 2241 4263 opprobrium

690 4285 1095 4353 sempiternum.
1145 4283 1422 4348 Quomodo
1455 4284 1779 4352 percusserit
1816 4298 1909 4338 eos
1950 4269 2004 4337 in
2047 4292 2227 4353 poste-

695 4377 837 4430 riora
878 4375 1098 4428 historia
1130 4373 1386 4433 declarat,
1422 4388 1540 4443 qua:
1574 4374 1652 4427 sic
1698 4373 1856 4427 habet
1884 4373 1938 4426 in
1968 4375 2140 4441 primo
2170 4375 2232 4426 li-

692 4465 791 4520 bro
838 4465 1143 4534 Regnorum
1164 4465 1208 4495 “
1239 4483 1251 4518 :
1292 4464 1356 4516 Et
1387 4474 1667 4535 aggravata
1697 4472 1771 4517 est
1804 4480 1986 4517 manus
2019 4463 2228 4517 Domini

692 4572 845 4625 super
873 4560 1103 4622 Aeolios,
1141 4570 1187 4614 et
1223 4560 1405 4631 afﬂixit
1430 4576 1537 4621 eos,
1568 4570 1614 4612 et
1650 4560 1901 4626 percussit
1934 4574 2019 4611 eos
2054 4559 2108 4609 in
2136 4573 2229 4625 po-

690 4650 891 4702 dieibus
914 4666 1110 4714 eorum,
1142 4652 1362 4704 Azorum
1389 4660 1437 4704 et
1464 4651 1590 4719 ﬁnes
1619 4650 1762 4717 ejus;
1787 4657 1839 4704 et
1868 4665 2081 4704 rursum
2114 4668 2126 4702 :
2159 4648 2226 4701 Et

693 4741 950 4797 translata
998 4751 1094 4803 est,
1145 4744 1337 4811 inquit,
1387 4757 1510 4795 arca
1561 4740 1769 4795 Domini
1800 4758 1853 4794 in
1884 4740 2141 4803 Gettham,
2175 4748 2225 4793 et

691 4833 886 4900 factum
909 4841 987 4911 est
1020 4840 1288 4902 postquam
1330 4832 1593 4887 translata
1635 4842 1732 4895 est,
1765 4832 1906 4902 facta
1935 4842 2009 4886 est
2038 4847 2223 4884 manus

690 4926 904 4979 Domini
938 4927 992 4979 in
1019 4924 1161 4988 urbe,
1192 4925 1492 4993 fortitudine
1517 4941 1705 4994 magna
1726 4924 1892 4979 valde.
1926 4923 1993 4977 Et
2016 4940 2223 4993 percus-

692 5023 757 5074 sit
788 5021 922 5074 viros
952 5018 1095 5072 urbis
1128 5014 1159 5072 α
1185 5033 1338 5086 parvo
1365 5033 1523 5089 usque
1551 5017 1618 5071 ad
1648 5034 1910 5087 magnum,
1940 5029 1989 5071 et
2016 5033 2224 5087 percus-

602 5184 603 5187 η
692 5116 759 5166 sit
786 5129 871 5166 eos
901 5113 957 5166 ia
981 5100 1245 5181 podicibus
1273 5128 1471 5166 eorum.
1504 5110 1573 5164 Et
1602 5111 1811 5164 mittunt
1841 5126 2015 5163 arcam
2046 5110 2141 5164 Dei
2170 5110 2223 5162 in

693 5198 997 5257 Ascalonem
1039 5219 1056 5256 :
1095 5212 1144 5257 et
1187 5203 1537 5257 clamauerunt
1585 5201 1903 5255 Ascalonita:
1952 5201 2223 5277 dicentes:

695 5292 835 5361 Quid
885 5293 1141 5349 avertistis
1183 5308 1361 5346 arcam
1406 5290 1501 5345 Dei
1546 5290 1612 5345 ad
1653 5288 2057 5359 interﬁciendum
2088 5291 2221 5345 nos!

694 5384 830 5439 llinc
870 5384 1140 5452 subiungit
1171 5402 1182 5436 :
1222 5382 1359 5447 Quia
1388 5382 1527 5449 facta
1576 5389 1652 5436 est
1690 5382 1923 5451 confusio
1962 5383 2139 5435 mortis
2170 5381 2223 5435 in

762 5539 802 5569 δι
833 5548 846 5589 I
879 5543 1005 5607 ttcg.
1036 5553 1086 5598 ν,
1126 5541 1243 5599 1,2.
1319 5536 1363 5567 ⁸⁹
1396 5534 1547 5598 ἰιήιιη
1579 5533 1631 5587 6.

768 5716 843 5787 (4)
882 5698 937 5769 id
970 5723 1051 5769 est
1083 5714 1166 5768 sui
1193 5718 1395 5779 partus.

2336 3284 2432 3336 καὶ
2480 3284 2739 3337 ἕκλαυσε
2792 3286 2888 3338 καὶ
2931 3285 3148 3347 ἔτεκεν,
3192 3286 3277 3339 ὅτι
3322 3288 3767 3358 ἐπεστράφησαν
3797 3293 3844 3342 al

2332 3372 2535 3437 ὠδῖνες
2563 3371 2745 3439 αὐτῆς
2774 3374 2865 3427 ἐπ’
2892 3374 3109 3440 αὑτήν·
3144 3376 3239 3429 καὶ
3276 3379 3344 3431 ἐν
3372 3376 3450 3443 τῷ
3489 3380 3663 3446 καιρῷ
3684 3378 3844 3447 αὐτῆς

2333 3463 2711 3529 ἀποθνήσκει.
2736 3466 2843 3519 Kal
2870 3463 3045 3521 εἶπαν
3072 3467 3223 3535 αὐτῇ
3252 3472 3308 3522 αἱ
3335 3470 3608 3537 γυναῖκες
3628 3473 3683 3524 αἱ
3717 3486 3842 3538 παρ-

2332 3554 2636 3621 εστηκυῖαι
2677 3554 2860 3623 αὐτῇ·
2900 3556 2994 3625 Μὴ
3035 3558 3239 3624 φοϐοῦ,
3287 3557 3374 3611 ὅτι
3423 3558 3555 3612 υἱὸν
3600 3559 3840 3623 τέτοκας·
3942 3562 3943 3565 “

2333 3645 2428 3696 καὶ
2472 3648 2580 3698 οὐκ
2628 3646 2943 3713 ἀπεκρίθη,
2990 3647 3087 3699 καὶ
3131 3650 3240 3701 οὐκ
3282 3648 3538 3715 ἐνόησεν
3579 3649 3616 3715 ή
3662 3649 3843 3715 καρδία

2332 3739 2535 3806 αὐτῆς.
2569 3740 2675 3791 Καὶ
2707 3738 2829 3807 ἑξῆς
2861 3739 3161 3807 ὲπιλέγεται
3191 3739 3395 3802 τούτοις
3416 3756 3429 3769 ·
3461 3740 3573 3794 Kal
3614 3742 3844 3808 ἀλλίςρυ·

2331 3834 2425 3885 λοι
2464 3833 2679 3885 ἔλαϐον
2716 3830 2827 3897 τὴν
2871 3830 3111 3883 κιϐωτὸν
3141 3830 3245 3883 τοῦ
3291 3830 3456 3895 Θεοῦ,
3480 3832 3579 3885 καὶ
3607 3830 3843 3899 εἰσήνεγ-

2332 3942 2446 3980 καν
2494 3924 2685 3989 αὐτὴν
2723 3925 2809 3987 εις
2837 3921 3094 3982 Ἄζωτον.
3135 3921 3245 3987 Kal
3272 3922 3487 3976 ἔλαϐον
3524 3927 3578 3977 ol
3607 3925 3840 3991 ἀλλόφυ-

2331 4018 2426 4069 λοι
2461 4014 2574 4080 τὴν
2616 4013 2858 4066 κιϐωτὸν
2889 4013 3125 4079 Κυρίου,
3165 4012 3261 4065 καὶ
3296 4012 3649 4083 εἰσήνεγκαν
3677 4012 3843 4077 αὐτὴν

2330 4109 2415 4173 εἰς
2456 4103 2622 4159 οἷκον
2660 4104 2874 4174 Δαγὼν.
2919 4105 3130 4159 Τούτων
3174 4106 3236 4175 δὴ
3288 4106 3499 4159 πάντων
3532 4107 3839 4177 ἐπιτέμνεται

2328 4199 2428 4267 τὴν
2460 4199 2669 4267 μνήμην
2696 4200 2722 4250 ὁ
2756 4196 2941 4268 παρὼν
2964 4196 3135 4263 λόγος,
3168 4197 3257 4248 καὶ
3295 4196 3565 4264 ἐπιλέγει·
3599 4200 3697 4252 Kal
3731 4197 3839 4259 ἐξη-

2329 4289 2503 4358 γέρθη
2546 4290 2624 4354 ὡς
2664 4292 2695 4342 ό
2734 4288 3205 4355 ὑπνῶν⁶Κύριος,
3246 4290 3323 4353 ὠς
3354 4288 3608 4357 δυνατὸς
3639 4290 3723 4342 καὶ
3768 4304 3840 4340 κε-

2329 4379 2739 4447 κραιπαληκὼς
2764 4380 2833 4444 ἐξ
2864 4379 3029 4432 οἴνου
3080 4380 3229 4433 Μετά
3272 4380 3329 4433 τὸ
3360 4380 3624 4451 ληφθῆναι
3657 4383 3745 4449 τὴν
3770 4397 3838 4431 κι-

2329 4470 2496 4522 ϐωτὸν
2529 4470 2629 4522 ὑπὸ
2669 4470 2775 4524 τῶν
2807 4470 3129 4537 ἀλλοφύλων,
3160 4472 3251 4522 καὶ
3286 4472 3418 4541 μετὰ
3463 4471 3522 4522 τὸ
3566 4470 3837 4539 πραχθῆναι

2331 4561 2400 4614 τὰ
2431 4562 2826 4633 προλελεγμένα
2856 4562 2992 4615 κατὰ
3018 4561 3107 4614 τοῦ
3136 4562 3283 4624 λαοῦ,
3311 4561 3405 4629 τὴν
3435 4561 3723 4629 ἐπισκοπὴν
3760 4560 3837 4611 αὖ·

2330 4655 2420 4708 τοῦ
2467 4656 2675 4719 δεικνὺς
2722 4657 2750 4707 ὁ
2800 4653 2961 4715 Θεὸς,
3012 4654 3323 4724 μετέρχεται
3371 4655 3494 4714 τοὺς
3546 4651 3837 4720 ἀλλοφύλους

2329 4746 2538 4818 ἀοράτῳ
2568 4747 2787 4815 δυνάμει
2817 4745 3051 4809 κολάζων
3081 4745 3291 4806 αὐτούς.
3326 4744 3414 4795 Διὸ
3449 4743 3716 4796 λέλεκται·
3746 4742 3836 4795 Kal

2328 4836 2608 4907 ἐξηγέρθη
2632 4838 2711 4901 ὡς
2735 4838 2767 4889 ό
2791 4834 2994 4889 ὑπνῶν
3004 4838 3247 4903 Κύριος,
3266 4833 3345 4897 ὡς
3367 4833 3618 4898 δυνατὸς
3643 4847 3837 4901 uapul-

2329 4925 2605 4992 παληκὼς
2652 4924 2723 4988 ἐξ
2765 4924 2964 4977 οἴνου·
3001 4924 3139 4978 κατὰ
3181 4922 3239 4974 δὲ
3280 4920 3369 4975 τὸν
3417 4921 3716 4993 Σύμμαχον,
3760 4921 3835 4983 Ὠς

2326 5018 2577 5081 δυνατὸς
2597 5015 2891 5071 διαλάλῶν
2921 5016 2989 5081 ἐξ
3012 5017 3206 5070 οἴνου·
3234 5010 3373 5067 κατὰ
3401 5013 3455 5067 δὲ
3489 5015 3578 5068 τὸν
3618 5014 3833 5075 Ἀκύλαν,

2337 5110 2428 5175 Ὠς
2465 5108 2715 5173 δυνατὸς
2757 5104 3237 5177 κεκραιπαληκὼς
3278 5106 3348 5170 ἐξ
3380 5108 3566 5162 οτνου.
3594 5104 3715 5162 Εἶτα
3750 5104 3836 5157 διε-

2327 5202 2513 5273 ·νείρας
2555 5201 2710 5263 αὐτὸς
2743 5201 2949 5262 ἑαυτὸν,
2984 5199 3246 5252 πατάσσει
3273 5199 3396 5261 τοὺς
3429 5199 3649 5273 ἐχθροὺς
3674 5193 3831 5257 αὑτοῦ,

2325 5292 2518 5363 υηλαδὴ
2552 5290 2672 5352 τοὺς
2714 5290 2809 5359 τὴν
2856 5289 3079 5343 κιϐωτὸν
3117 5287 3218 5357 τῆς
3258 5288 3529 5363 Διαθήκης
3567 5282 3834 5341 ἀπολαβόν·

2324 5362 2449 5446 τας·
2503 5362 2597 5434 καὶ
2629 5382 2885 5436 πατάσσει
2932 5379 3124 5442 αὐτοὺς
3151 5378 3229 5440 sl;
3262 5377 3331 5432 τὰ
3358 5377 3549 5445 ὀπίσω,
3587 5371 3755 5433 δίδωσι
3785 5362 3833 5423 τὲ
