3976 6350
722 493 831 554 939
1391 485 1660 579 EUSEOBll
1697 487 2176 546 CIESARIENSIS
2209 488 2361 546 OPP.
2405 490 2582 545 PARS
2620 490 2708 547 111.
2737 523 2806 534 -—
2834 491 3243 551 EXEGETICA.
3840 497 3918 551 948

727 632 896 689 porro
946 614 1292 684 intelligimus
1349 612 1640 668 unicornes
1701 626 1822 667 esse
1872 626 1988 675 eos,
2049 627 2254 681 quorum

2384 617 2756 684 μονοκέρωτας
2777 609 2912 668 εἷναι
2939 615 3063 677 τοὺς
3093 615 3152 667 τὸ
3176 614 3238 667 ἐν
3263 612 3429 684 κέρας
3461 614 3916 683 ἐπιγραφομένους

728 723 897 764 unum
924 721 1090 761 comu
1130 703 1461 774 descriptum
1491 704 1546 758 in
1573 701 1713 757 οωιο
1743 710 1848 766 est,
1876 717 2015 773 quos
2042 702 2254 772 Aposto‘

2378 708 2496 761 κατ’
2523 707 2748 780 οὐρανὸν
2766 746 2780 771 ,
2810 706 2903 771 οὒς
2931 706 3114 782 ἐδήλου
3151 707 3321 774 λέγων
3355 707 3385 758 ό
3422 707 3787 769 ’Δπὸστολοςο
3833 709 3914 760 Kal

729 801 813 856 lus
838 800 920 854 his
950 797 1128 852 verbis
1163 795 1473 850 declarabat
1502 813 1518 848 :
1557 792 1624 847 Et
1651 792 1718 847 ad
1746 794 2030 847 multorum
2054 793 2254 848 milliun

2370 800 2654 870 μυριάσιν
2714 801 2981 871 ἀγγέλων
3027 786 3350 868 πανηγύρει
3372 839 3388 863 ,
3443 799 3545 853 καὶ
3617 800 3915 866 Ἐ’κχλησέᾳ

727 891 1026 962 angelorum
1071 888 1442 952 celebritatem,
1485 896 1536 941 et
1576 884 1867 939 Ecclesiam
1909 886 2254 956 primogenita

2376 895 2756 962 πρωτοτόκων
2792 891 3319 963 ἀποτνιψαμμιίινιιη⁹
3348 891 3418 945 ὲν
3440 891 3752 960 οὐρανοῖς.

725 1003 862 1049 rum,
904 984 992 1055 qui
1023 967 1266 1052 descripti
1312 980 1432 1034 sunt
1461 980 1517 1033 in
1566 979 1707 1033 calis
1732 979 1800 1034 ”.
1834 977 1938 1034 Sed
1979 979 2162 1045 etiam,
2196 981 2250 1034 in

2377 987 2467 1038 καὶ
2487 986 2556 1039 ἐν
2577 984 2651 1053 τῇ
2689 983 2785 1054 τῇ,
2836 983 3017 1054 φησιν,
3063 982 3453 1052 ἐθεμελίωσεν
3475 982 3686 1050 αὐτὴν
3721 984 3806 1047 εις
3833 984 3914 1033 τὸν

723 1078 861 1147 quit,
900 1077 953 1129 in
985 1085 1125 1128 terra
1163 1071 1397 1142 [undavit
1431 1085 1546 1124 eam
1569 1070 1623 1123 in
1660 1070 1932 1124 saeculum.
1971 1068 2254 1125 Secundun

2375 1069 2575 1125 αἰῶνα.
2609 1071 2765 1124 Κατὰ
2801 1070 2858 1124 δὲ
2891 1069 2982 1125 τὸν
3027 1069 3335 1141 Σύμμαχον,
3383 1070 3476 1136 Ὠς
3521 1071 3646 1137 τὴν
3679 1068 3812 1140 τῆν,
3854 1071 3910 1137 ἠγ

724 1165 1106 1240 Symmachum
1138 1171 1339 1224 autem,
1371 1162 1504 1215 sicut
1535 1169 1749 1225 terram,
1778 1177 1934 1230 quam
1953 1160 2189 1230 fundavit
2221 1162 2254 1215 it

2374 1163 2761 1232 ἐθεμελίωσεν
2786 1164 2872 1229 είς
2906 1161 3014 1216 τόν
3037 1162 3237 1216 αἰῶνα.
3277 1163 3349 1216 Τὸ
3376 1164 3480 1234 γὰρ
3501 1163 3769 1234 ἀγίασμα
3795 1164 3846 1215 τὸ
3867 1166 3909 1215 ἐν

724 1233 1163 1338 thumum
1195 1252 1554 1310 sanctiﬁcium
1589 1252 1723 1307 illud
1766 1253 1909 1323 quod
1938 1254 1993 1308 in
2031 1253 2254 1309 sensibil

2373 1258 2438 1327 τῇ
2477 1256 2703 1326 αἰσθητῇ
2749 1255 2841 1309 καὶ
2881 1255 3103 1325 ὲπιγείῳ
3151 1256 3495 1332 Ἰερουσαλὴμ
3535 1256 3717 1319 οὕτως
3741 1256 3906 1326 quae-

720 1361 774 1408 et
806 1331 1023 1408 terrena
1051 1347 1356 1404 Jerusalem
1407 1354 1510 1410 est,
1551 1346 1631 1401 sic
1675 1339 1962 1401 aediﬁcavit
2001 1347 2058 1400 in
2107 1355 2249 1402 terra

2375 1352 2544 1418 μησεν
2591 1349 2671 1411 είς
2697 1347 2794 1418 τὴν
2827 1347 2953 1416 γῆν.
2983 1347 3189 1418 Ὠσπερ
3216 1349 3322 1419 γὰρ
3423 1349 3493 1417 γῆ
3535 1349 3684 1419 μέση
3712 1349 3904 1417 ἀπείλη-

723 1443 876 1496 Sicut
903 1441 1048 1496 enim
1079 1447 1221 1494 terra
1276 1435 1452 1491 media
1485 1437 1625 1491 inter
1653 1451 1821 1507 aquas
1865 1437 2274 1506 comprehendi-

719 1543 811 1588 tur
845 1530 1140 1588 secundum
1185 1528 1542 1598 Scripturam,
1577 1527 1648 1581 ita
1677 1535 1730 1588 et
1757 1525 2053 1584 Jerusalem
2096 1527 2272 1585 media

717 1625 862 1678 inter
891 1622 1221 1691 alienigenas
1250 1625 1438 1691 gentes
1478 1616 1656 1686 posita
1695 1624 1831 1672 erat.
1861 1616 2040 1683 Quare
2066 1619 2254 1702 dictum

2370 1622 2613 1676 λέλεκται
2648 1624 2706 1676 ὲν
2739 1623 3120 1695 προφητείαις·
3154 1622 3311 1690 Αὕτη
3341 1623 3378 1689 ἠ
3411 1623 3826 1692 Ἰερουσαλὴμ,
3852 1626 3904 1676 ἐν

718 1722 802 1769 est
834 1715 886 1768 in
913 1712 1208 1784 prophetiis
1237 1731 1249 1766 :
1281 1709 1408 1765 Hec
1434 1718 1511 1764 est
1533 1707 1852 1776 Jerusalem,
1879 1711 1931 1766 in
1961 1710 2128 1765 medio
2150 1726 2254 1780 gen-

2363 1715 2530 1783 μέσῳ
2561 1713 2678 1768 τῶν
2706 1715 2894 1770 ἐθνῶν
2927 1716 3157 1770 τέθεικα
3183 1715 3391 1782 αὐτήν.
3419 1715 3530 1769 Εἶτ’
3556 1718 3656 1770 ἐπὶ
3689 1716 3898 1777 τούτοιςε

718 1808 847 1861 tium
873 1807 1021 1875 posui
1043 1804 1194 1858 illam
1213 1804 1278 1857 “.
1301 1802 1414 1858 Sub
1435 1804 1548 1858 hac
1565 1811 1744 1857 autem
1771 1802 1873 1856 ait:
1893 1831 1961 1842 -—
1990 1800 2150 1856 Vens.
2183 1801 2254 1855 70.

2381 1806 2741 1872 Ἐξελέεατο,
2774 1807 2927 1878 φησὶ,
2956 1808 3133 1862 Δαυΐὸ
3159 1807 3265 1861 τὸν
3299 1807 3519 1862 δοῦλον
3542 1807 3738 1863 αὐτοῦ
3757 1849 3772 1872 ,
3798 1811 3898 1876 περὶ

721 1897 888 1968 Elegit
919 1895 1083 1950 David
1114 1912 1317 1951 servum
1338 1911 1517 1961 suum,
1546 1893 1614 1948 de
1642 1908 1752 1964 quo
1780 1893 1984 1948 dictum
2022 1900 2104 1948 est
2132 1911 2144 1946 :
2173 1891 2254 1951 In-

2368 1894 2427 1954 οὗ
2463 1899 2708 1972 εἴρηται·
2751 1895 2948 1968 Εὗρον
2975 1897 3154 1954 Δαυῒδ
3178 1899 3284 1953 τὸν
3309 1898 3530 1954 δοῦλόν
3565 1917 3712 1969 μου,
3741 1901 3898 1966 ἄνδρα

729 1995 826 2048 leni
887 1993 1056 2047 David
1113 2009 1316 2046 servum
1369 2006 1570 2055 meum,
1619 1991 1788 2044 virum
1843 1991 2125 2043 secundum
2176 2005 2254 2044 cor

2367 1960 2529 2046 κατὰ,
2560 1960 2673 2058 τὴν
2711 1960 2957 2058 καρδίαν
2993 2008 3110 2059 μου
3133 2005 3146 2017 ·
3196 1989 3256 2043 δν
3292 1960 3606 2055 ἐξελέξατον,
3645 1960 3745 2061 ait}

2372 1457 2502 1494 πται
2531 1439 2735 1493 ὑδάτων
2762 1439 2902 1493 κατά
2931 1438 3029 1510 τὴν
3059 1439 3277 1510 Γραφήν
3296 1457 3308 1470 ·
3343 1440 3482 1493 οὕτω
3524 1441 3627 1492 καὶ
3675 1443 3710 1511 ἡ
3745 1441 3905 1512 Ἱεροκ-

2373 1530 2553 1604 σαλὴμ
2589 1532 2727 1603 μέση
2753 1531 2861 1585 τῶν
2893 1531 3201 1600 ἀλλοφύλων
3233 1530 3398 1585 ἐθνῶν
3430 1533 3798 1603 συνειστήκει.
3837 1537 3904 1584 Διὸ

716 2099 915 2147 meum;
937 2098 1094 2152 quem
1119 2081 1302 2152 elegit,
1331 2095 1438 2135 non
1465 2088 1674 2135 tantum
1705 2087 1764 2133 ut
1791 2080 2000 2150 primus
2023 2095 2089 2134 ex
2121 2080 2264 2134 tribu

711 2174 850 2231 Juda
880 2173 1168 2245 regnaret,
1219 2173 1313 2227 sed
1357 2173 1428 2226 ita
1459 2178 1518 2226 ut
1561 2169 1756 2241 dignus
1801 2170 2154 2241 judicaretur,
2197 2185 2264 2225 ex

711 2266 868 2334 cujus
914 2263 1118 2320 semine
1158 2262 1409 2318 Christus
1439 2261 1838 2333 Dei‘prodiret.
1871 2260 2041 2333 Elegit
2085 2271 2263 2317 autem

710 2373 832 2412 eum
862 2356 1106 2426 pluribus
1134 2355 1308 2426 ipsum
1343 2354 1603 2409 fratribus
1628 2356 1743 2410 suis
1767 2362 2124 2424 anteponens.
2159 2354 2263 2408 Ac-

709 2449 959 2517 cepitque
989 2463 1111 2502 eum
1142 2463 1206 2501 ex
1248 2447 1500 2518 gregibus
1535 2447 1726 2511 ovium,
1767 2455 1816 2500 et
1855 2446 1917 2499 de
1944 2455 2059 2515 post
2090 2445 2262 2514 fetan-

709 2548 804 2594 tes.
836 2540 968 2594 Nam
1001 2539 1093 2610 qui
1126 2539 1353 2594 suscitat
1397 2539 1463 2593 de
1497 2547 1640 2594 terra
1678 2540 1917 2609 inopem,
1951 2549 2004 2595 et
2028 2541 2093 2594 de
2123 2547 2262 2594 ster-

708 2647 834 2686 core
869 2631 1026 2701 erigit
1064 2631 1382 2700 pauperem,
1427 2628 1683 2684 Davidem
1727 2630 1985 2685 humilem
2016 2638 2069 2684 et
2113 2629 2261 2698 abje—

707 2729 878 2788 ctum,
909 2722 984 2775 ita
1023 2728 1080 2774 ut
1107 2733 1206 2774 nec
1243 2733 1368 2773 cum
1405 2718 1664 2774 fratribus
1695 2720 1809 2774 suis
1846 2734 2262 2774 connumerare-

707 2825 824 2879 tur,
873 2829 1048 2882 neque
1087 2826 1186 2882 pro
1221 2811 1339 2866 viro
1397 2811 1708 2876 haberetur,
1764 2812 1959 2882 elegit,
2002 2812 2152 2880 prius
2204 2811 2259 2864 in

705 2906 964 2977 pastorali
1003 2906 1332 2969 institutum,
1358 2913 1425 2959 .et
1451 2919 1515 2958 ex
1543 2918 1676 2958 cura
1696 2903 1927 2958 fetarum
1958 2918 2118 2973 quam
2141 2917 2262 2972 ges-

711 3007 873 3062 serat,
908 2999 1160 3052 edoctum
1198 3011 1363 3066 quam
1405 3005 1663 3050 accurata
1711 2996 2021 3049 sollicitudo
2047 2995 2257 3063 egenti-

713 3096 806 3144 bus
838 3088 1140 3143 adhibenda
1173 3094 1339 3142 esset.
1374 3085 1505 3141 Inde
1545 3095 1858 3156 susceptum
1891 3087 2042 3140 illum
2076 3101 2141 3141 ex
2184 3086 2259 3139 ir-

705 3180 1107 3235 rationabilium
1149 3177 1329 3234 ovium
1355 3179 1615 3248 pastorali
1651 3193 1803 3242 cura,
1837 3178 2089 3247 produxit
2115 3176 2256 3233 Deus

2364 2082 2576 2154 πρῶτον
2601 2083 2665 2135 ὲκ
2699 2081 2868 2152 φυλῆς
2904 2081 3070 2134 Ἰούδα
3102 2079 3413 2152 βασιλεῦσαι
3445 2082 3629 2152 μόνον,
3662 2082 3794 2135 ἀλλὰ
3824 2083 3896 2133 nl

2363 2174 2501 2228 ὥστε
2543 2175 2689 2242 ἄξιον
2729 2175 2981 2246 κριθῆναι
3022 2173 3116 2227 τοῦ
3173 2173 3451 2245 προελθεῖν
3489 2176 3554 2227 ὲκ
3609 2175 3896 2245 σπέρματος

2362 2249 2531 2322 abeo:
2556 2265 2646 2320 τὸν
2668 2265 2898 2337 Χριστὸν
2921 2262 3015 2317 τοῦ
3037 2261 3190 2318 Θεοῦ.
3221 2262 3524 2329 Ἐξελὲξατο
3549 2263 3608 2317 δὲ
3634 2264 3792 2316 αὑτὸν
3811 2262 3896 2314 τῶν

2362 2359 2604 2429 ἀδελφῶν
2662 2359 2918 2412 πλειόνων
2969 2357 3136 2411 ὄντων
3191 2355 3502 2426 προκρίνας.
3564 2356 3812 2409 Ἀνέλαὸέ
3851 2372 3894 2406 τε

2360 2452 2520 2505 αὐτὸν
2548 2453 2613 2506 ἐκ
2648 2451 2754 2506 τῶν
2785 2449 3044 2523 ποιμνίων
3074 2447 3190 2504 τῶν
3213 2449 3535 2518 προϐάτων,
3572 2450 3673 2502 καὶ
3719 2451 3892 2514 ἐξόπι-

2360 2547 2506 2598 σθεν
2534 2541 2651 2598 τῶν
2687 2543 3117 2613 λοχευομένων.
3167 2543 3225 2596 '0
3258 2541 3365 2610 γὰρ
3411 2541 3642 2613 ἐγείρων
3679 2543 3785 2595 ἀπὺ
3812 2542 3892 2610 γῆς

2360 2635 2570 2706 πτωχὸν
2619 2637 2710 2690 καὶ
2742 2635 2848 2689 ἀπὸ
2896 2636 3124 2707 κοπρίας
3150 2634 3379 2688 ἀνιστῶν
3422 2634 3650 2704 πένητα,
3695 2635 3785 2687 καὶ
3820 2636 3892 2686 τὸν

2358 2726 2516 2780 Δαυῖδ
2559 2727 2811 2780 ταπεινὸν
2869 2725 2996 2780 ὄντα
3044 2725 3138 2779 καὶ
3171 2724 3578 2796 ἀπερριμμένον
3601 2765 3618 2789 ,
3665 2726 3742 2788 «ἑκ
3778 2727 3888 2795 μηδὲ

2361 2817 2912 2887 συγκαταριθμείσθαι
2959 2819 3069 2880 τοῖς
3113 2815 3275 2870 αὐτοῦ
3322 2817 3596 2885 ἀδελφοῖς,
3647 2817 3780 2888 μηδὲ
3828 2818 3890 2877 et;

2359 2907 2523 2979 ἄνδρα
2547 2907 2870 2984 λογίζεσθαι,
2906 2907 3182 2975 ἐξελέξατο
3211 2907 3823 2980 προπαιδαγωγούμενον
3847 2909 3891 2958 ἐν

2357 3002 2422 3069 τῇ
2461 2992 2814 3068 ποτμαντικῇ,
2849 3000 2941 3051 καὶ
2971 2999 3057 3052 διά
3082 3001 3181 3069 τῆς
3214 2999 3317 3052 τῶν
3355 2999 3724 3068 λοχευομένων
3747 2999 3890 3067 θρεμ-

2360 3087 2823 3171 μάτωδαπρονοίας
2861 3087 2920 3140 τὸ
2956 3088 3212 3156 ἐπιμελὲς
3241 3086 3347 3140 τῶν
3378 3087 3646 3156 δεομένων
3686 3087 3888 3157 κηδεμο-

2354 3182 2472 3246 νίας
2494 3179 2952 3250 ὲκδιδασκόμενον.
2990 3179 3180 3233 Ἔνθεν
3210 3179 3369 3233 αὑτὸν
3405 3179 3690 3245 ἀναλαϐὼν
3714 3182 3775 3232 ὲκ
3809 3181 3886 3246 τῆς

701 3282 756 3328 et
803 3273 1083 3328 constituit
1127 3278 1185 3325 ut
1212 3269 1400 3342 (Vens.
1428 3271 1515 3339 71)
1565 3279 1798 3338 pasceret
1837 3269 2004 3324 Iacob
2053 3286 2254 3324 servum

2356 3273 2463 3326 τῶν
2505 3271 2712 3341 ἀλόγων
2755 3271 3039 3344 προϐάτων
3087 3271 3473 3342 ποιμαντικῆς,
3531 3273 3834 3342 προήγαγεν
3867 3272 3888 3321 ό

703 3381 875 3427 suum,
899 3374 948 3419 et
983 3362 1154 3417 Israel
1183 3361 1537 3417 ltwreditatem
1554 3378 1725 3417 suam.
1763 3360 1828 3416 Ut
1865 3361 2007 3415 enim
2045 3361 2256 3430 experi-

701 3463 940 3510 mentum
997 3456 1080 3511 sui
1127 3454 1350 3509 dederat
1401 3454 1455 3508 in
1496 3453 1754 3524 pastorali
1799 3452 2253 3506 irrationabiliqu

699 3550 881 3604 ovium
911 3563 1064 3611 cura,
1098 3548 1493 3602 rationabiliori
1526 3545 1652 3600 ovili
1693 3541 1977 3612 praefectus
2001 3551 2102 3619 est.
2133 3541 2252 3608 Quo

699 3648 856 3710 pacto
890 3648 1068 3694 autem
1104 3654 1302 3710 pecora
1339 3644 1587 3708 pasceret
1617 3633 2054 3704 declaravitipse
2106 3632 2251 3687 Sauli

698 3733 884 3788 dicens
907 3752 918 3786 :
944 3731 1138 3785 Pastor
1165 3731 1348 3800 agebat
1378 3744 1552 3783 servus
1578 3736 1697 3780 tuus
1721 3727 1860 3796 patri
1886 3743 1980 3780 suo
2002 3727 2056 3779 in
2094 3725 2215 3779 ovili
2231 3741 2251 3779 :

696 3835 747 3880 et
780 3823 989 3894 quando
1017 3823 1249 3877 veniebat
1285 3821 1361 3874 leo
1391 3829 1482 3873 aut
1515 3836 1689 3885 ursus,
1718 3830 1766 3873 et
1795 3818 2081 3887 arripiebat
2110 3836 2250 3873 ovem

696 3931 759 3969 ex
782 3931 950 3986 grege,
979 3924 1096 3984 post
1124 3913 1275 3966 illum
1301 3911 1533 3974 adibam,
1563 3920 1610 3964 et
1640 3912 1875 3980 percussi
1903 3911 2054 3965 illum
2084 3920 2133 3964 et
2159 3925 2250 3964 ex-

697 4009 838 4061 traxi
878 4022 942 4060 ea:
969 4021 1057 4060 ore
1095 4005 1229 4074 ejus.
1269 4002 1342 4064 Et
1371 4004 1655 4056 insurrexit
1693 4004 1748 4056 in
1792 4020 1891 4066 me,
1925 4012 1974 4056 et
2013 4018 2248 4071 compre-

698 4100 851 4154 Iaendi
876 4101 1052 4170 fauces
1093 4098 1229 4168 ejus,
1260 4103 1308 4150 et
1340 4098 1574 4166 percussi
1603 4096 1866 4168 occidique
1896 4097 2071 4152 illum.
2111 4094 2248 4149 Leo-

698 4209 813 4245 nem
849 4203 897 4245 et
941 4207 1121 4245 ursum
1162 4190 1417 4258 percussit
1449 4207 1624 4244 servus
1661 4200 1799 4245 tuus.
1830 4189 1900 4243 Et
1927 4191 2026 4244 erit
2064 4189 2250 4244 alieni-

695 4301 824 4354 gena
839 4293 887 4337 et
916 4283 1310 4336 incircumcisus
1338 4290 1394 4334 ut
1416 4297 1550 4335 unus
1571 4297 1634 4335 ex
1653 4282 1780 4342 illis,
1803 4281 1890 4350 qui
1919 4281 2248 4348 exprobravit

696 4377 827 4429 aciei
850 4375 945 4430 Dei
973 4375 1204 4431 viventis.
1240 4373 1306 4426 Et
1331 4374 1408 4426 ait
1434 4372 1634 4427 David:
1657 4371 1913 4426 Dominus
1943 4373 2031 4442 qui
2059 4366 2250 4440 eripuit

696 4484 774 4520 me
797 4467 860 4520 de
889 4483 1046 4520 manu
1070 4467 1232 4520 leonis
1260 4473 1310 4520 et
1336 4465 1400 4520 de
1424 4481 1584 4519 manu
1605 4464 1739 4528 ursi,
1764 4463 1852 4516 ille
1877 4479 1955 4516 me
1982 4464 2159 4531 eripiet
2185 4464 2248 4517 de

694 4575 852 4612 manu
911 4559 1213 4629 alienigena:
1259 4556 1613 4611 incircumcisi
1658 4555 1813 4608 istius
1834 4555 1899 4609 ⁸⁷.
1961 4552 2056 4607 His
2103 4556 2244 4607 enim

2361 3361 2492 3425 Θεὸς
2522 3364 2626 3416 καὶ.
2646 3346 2940 3433 κατέστησε
2980 3364 3308 3432 ποιμαίνειν
3344 3360 3542 3416 Ἰακὼϐ
3558 3362 3667 3415 τὸν
3689 3361 3886 3414 δοῦλον

2359 3453 2543 3507 αὑτοῦ
2581 3454 2676 3508 καὶ
2711 3453 2944 3523 Ἰσραὴλ
2984 3453 3096 3522 τὴν
3135 3453 3534 3523 κληρονομίαν
3570 3453 3775 3507 αὑτοῦ.
3815 3451 3884 3513 Ὦς

2358 3547 2464 3620 γὰρ
2488 3547 2716 3619 δοκιμὴν
2748 3546 3013 3613 δεδωκότα
3037 3548 3093 3599 ὲν
3122 3547 3188 3616 τῇ
3211 3544 3318 3598 τῶν
3350 3546 3553 3614 ἀλόγων
3577 3545 3884 3616 θρεμμάτων

2358 3641 2704 3710 ποιμαντικῇ,
2743 3639 2836 3693 ἐπὶ
2861 3639 2959 3710 τὴν
2998 3636 3358 3708 λογικωτέραν
3385 3635 3611 3708 καθίστη
3649 3638 3881 3707 ποίμνην.

2359 3733 2544 3794 Ὅπως
2589 3731 2632 3784 δ’
2671 3730 2951 3800 ἐποίμαινε
2995 3727 3065 3782 τά
3110 3726 3399 3799 θρέμματα
3453 3729 3688 3800 παρίστη
3733 3727 3881 3792 λέγων

2357 3814 2514 3883 αὐτὸς
2537 3821 2667 3890 πρὸς
2688 3820 2776 3872 τὸν
2803 3818 2974 3872 Σαούλ
2996 3835 3010 3848 ο
3037 3819 3367 3886 Ποιμαίνων
3386 3814 3466 3888 ἦν
3491 3821 3524 3873 ό
3544 3817 3764 3882 δοῦλός
3787 3831 3880 3868 cev

2355 3910 2436 3977 τῷ
2467 3911 2640 3978 πατρὶ
2667 3908 2850 3965 αὐτοῦ
2875 3910 2945 3962 ἐν
2975 3907 3054 3973 τῷ
3084 3909 3333 3975 ποιμνίῳ
3351 3923 3364 3936 ·
3399 3907 3494 3961 καὶ
3526 3907 3672 3961 ὅταν
3691 3908 3881 3976 ἦρχετο

2357 4005 2390 4058 ὀ
2411 4001 2564 4056 λέων
2585 4003 2622 4071 ἣ
2653 4000 2832 4069 ἄρκος
2845 3998 2942 4069 (1),
2958 3996 3053 4051 καὶ
3077 3993 3366 4064 ἐλάμϐανε
3389 3997 3684 4062 πρόϐατον
3705 3997 3770 4048 ἐκ
3791 3995 3878 4060 τῆς

2354 4093 2595 4164 ἀγέλης,
2623 4092 2718 4146 καὶ
2743 4089 3179 4159 ἐξεπορευόμην
3197 4088 3386 4142 ὀπίσω
3403 4086 3608 4154 αὑτοῦ,
3635 4088 3734 4140 καὶ
3757 4087 3854 4140 ead

2353 4172 2723 4250 ταξαάὺτὸν,
2740 4182 2835 4237 καὶ
2856 4181 3166 4246 ἐξέσπασα
3183 4179 3251 4233 ἐκ
3273 4177 3374 4233 τοῦ
3390 4179 3683 4247 στόματος
3696 4176 3872 4230 αὐτοῦ.

2352 4279 2463 4334 Καὶ
2490 4277 2848 4330 ἐπανίστατο
2877 4273 2968 4327 ἐπ’
3006 4272 3129 4343 ἐμὲ,
3155 4271 3253 4326 καὶ
3300 4272 3599 4339 ἐκράτησα
3643 4270 3749 4326 τοῦ
3785 4268 3871 4339 ;.-a'-

2346 4386 2568 4439 pvmq
2589 4366 2794 4430 αὐτοῦ,
2812 4366 2910 4419 καὶ
2929 4363 3192 4438 ἐπάταξα
3213 4361 3306 4416 καί
3335 4359 3678 4416 ἐθανάτωσα
3697 4360 3870 4414 αὐτὸν.

2354 4459 2451 4514 καὶ
2475 4459 2579 4512 τὸν
2607 4454 2949 4523 λέονταθκαί
2971 4445 3100 4522 ’τὴν
3135 4453 3318 4522 ἄρκον
3342 4451 3592 4505 ἔτυπτεν
3618 4454 3653 4504 ό
3685 4449 3870 4509 δοῦλός

2353 4565 2488 4603 σου.
2514 4546 2623 4600 Im
2653 4531 2820 4599 ἔσται
2843 4546 2875 4598 ό
2895 4542 3236 4610 ἀλλόφυλος
3258 4542 3290 4593 ό
3304 4539 3694 4605 ἀπερίτμητος
3716 4535 3788 4598 ὡς
3806 4527 3868 4593 5.7.;

692 4664 819 4705 cum
849 4648 969 4703 ﬁdei
1005 4623 1312 4718 etvpietatis
1351 4661 1465 4702 sua:
1517 4643 1948 4714 experimentum
1985 4639 2244 4706 dedisset,

2356 4641 2591 4703 τούτων,
2631 4637 2698 4703 ὃς
2718 4635 2987 4690 ὠνείδισε
3011 4630 3329 4702 παρατάξει
3358 4627 3504 4685 Θεοῦ
3539 4627 3764 4691 ζῶντος.
3786 4623 3867 4677 Kal

693 4755 905 4796 necnon
947 4739 1298 4809 providentia:
1334 4752 1498 4809 quam
1529 4736 1597 4791 de
1641 4735 1928 4805 pecoribus
1963 4731 2064 4786 sibi
2100 4746 2248 4784 com-

693 4832 876 4886 missis
903 4831 1139 4899 gerebat,
1173 4830 1314 4886 Deus
1347 4830 1509 4898 elegit
1536 4843 1658 4881 eum
1689 4837 1742 4881 et
1785 4824 1851 4878 ad
1881 4822 2163 4894 imperium
2191 4822 2246 4876 in

695 4921 1099 4977 rationabiliora
1132 4934 1326 4992 pecora
1359 4919 1622 4990 provexit.
1657 4919 1751 4972 Ille
1785 4931 1913 4970 vero
1952 4915 2054 4971 sibi
2097 4925 2246 4968 com-

692 5016 889 5070 missos
918 5013 1145 5084 populos
1184 5028 1291 5066 non
1323 5010 1635 5073 crudeliter,
1683 5025 1788 5063 non
1817 5008 2120 5069 dure,~non
2155 5021 2248 5061 su-

695 5107 895 5176 perbe,
963 5103 1060 5159 sed
1117 5105 1172 5157 in
1241 5101 1552 5157 innocentia
1617 5101 1797 5155 cordis
1855 5100 1939 5155 sui
1996 5099 2248 5167 pascebat

695 5197 882 5268 (Vens.
915 5197 1034 5266 79.);
1080 5197 1216 5259 sive,
1242 5195 1542 5250 secundum
1597 5191 1846 5262 Aquilam
1882 5198 1956 5246 .et
1999 5190 2247 5260 Symma-

694 5291 876 5351 chum,
912 5287 1193 5342 secundum
1225 5285 1612 5354 simplicitatem
1645 5283 1816 5337 cordis
1852 5284 1956 5337 sui.
1990 5281 2058 5334 Et
2090 5283 2140 5332 in
2166 5281 2247 5332 in-

695 5383 980 5437 tellectibus
1010 5398 1259 5436 manuum
1301 5397 1517 5434 suarum
1558 5379 1769 5434 deduxit
1797 5396 1902 5434 eos.
1939 5377 2246 5433 Secundum

694 5475 942 5542 Aquilam
983 5488 1133 5536 vero,
1169 5471 1236 5526 Et
1277 5472 1330 5525 in
1376 5473 1652 5539 prudentia
1689 5471 1984 5540 palmarum
2027 5484 2244 5523 suarum

691 5562 905 5615 deduxit
939 5577 1059 5623 eos;
1090 5561 1385 5615 secundum
1413 5559 1815 5630 Symmachum,
1852 5561 1917 5613 Et
1959 5558 2241 5614 secundum

691 5655 972 5719 puritatem
1021 5669 1270 5705 manuum
1316 5669 1532 5706 suarum
1564 5652 1778 5706 deduxit
1824 5670 1928 5707 eos.
1979 5651 2241 5706 Pascebat

694 5744 872 5811 itaque
918 5743 1082 5796 David
1119 5743 1412 5797 humanum
1465 5744 1892 5814 rationabilcque
1933 5745 2107 5806 ovile;
2145 5742 2239 5797 sed

763 5838 805 5867 ⁵⁵
838 5835 967 5889 llcb.
1006 5852 1101 5897 xu,
1129 5835 1212 5888 2‘2.
1259 5837 1301 5868 “’
1329 5836 1520 5894 Ezecli.
1558 5855 1614 5906 v,»
1642 5837 1692 5891 5.
1773 5839 1813 5869 ’⁵⁷
1847 5839 1862 5892 1
1897 5835 2026 5906 Reg.
2069 5851 2200 5900 xvn,
2234 5835 2319 5889 54.

767 5936 839 6002 (ι)
883 5935 1127 6005 Ἄρκτος.

2353 4729 2479 4790 εἷπε
2505 4729 2682 4783 Δαυΐδ
2700 4745 2713 4759 ο
2743 4727 2971 4795 Κύριος,
3001 4725 3069 4792 ὃς
3093 4720 3364 4788 ἐξείλατό
3381 4735 3458 4788 με
3484 4717 3551 4771 ἐκ
3577 4716 3768 4787 χειρὸς
3789 4713 3866 4766 τεῦ

2351 4822 2595 4886 λέοντος
2622 4818 2720 4872 καὶ
2741 4818 2810 4871 ἐκ
2831 4816 3026 4887 χειρὸς
3054 4813 3163 4896 τῆς
3185 4812 3391 4880 ἄρκου,
3414 4804 3589 4874 οὗτος
3610 4805 3867 4873 ἐξελεῖταί

2346 4929 2423 4980 με
2454 4911 2527 4968 ἐκ
2564 4901 2762 4979 χειρὸς
2805 4906 2910 4961 τοῦ
2957 4904 3308 4972 ἀλλοφύλου
3352 4898 3459 4953 τοῦ
3503 4897 3865 4966 ἀπεριτμήτίηυ

2351 5002 2582 5057 τούτου.
2613 4999 2711 5052 Διά
2740 4997 2846 5070 γὰρ
2881 4995 3083 5050 τούτων
3112 4992 3336 5062 δοκιμὴν
3369 4989 3638 5044 δεδωκότα
3670 4990 3864 5043 πίστεως

2353 5092 2760 5164 καιεύσεϐείας,
2791 5092 2888 5160 τῆς
2908 5106 2968 5142 τε
2995 5087 3102 5140 τῶν
3129 5084 3218 5136 ὑπ’
3243 5082 3401 5135 αὐτὸν
3427 5081 3750 5153 θρεμμάτων
3772 5077 3862 5130 se.

2351 5204 2462 5257 γων
2490 5185 2762 5257 προνοίας,
2784 5181 3061 5250 ἐξελέξατο
3082 5177 3213 5239 Θεὸς
3235 5176 3327 5229 καὶ
3353 5177 3662 5246 προήγαγεν
3686 5173 3771 5225 ἐπὶ

2350 5281 2456 5334 τῶν
2486 5277 2853 5348 λογικωτέρων
2885 5269 3211 5345 θρεμμάτων
3253 5267 3446 5338 ἀρχήν.
3486 5268 3543 5321 '0
3588 5267 3674 5331 δὲ,
3707 5263 3859 5318 ὑποεί-

2353 5374 2578 5442 ξάμενος
2597 5371 2721 5431 τοὺς
2749 5363 3146 5438 παραδοθέντας
3177 5359 3343 5429 αὐτῷ,
3365 5361 3467 5412 οὐκ
3497 5358 3738 5428 ἀπηνῶς,
3769 5350 3859 5404 οεδέ

2352 5464 2617 5536 σκληρῶς,
2641 5462 2760 5515 οὐδὲ
2787 5455 3166 5530 ὑπερηφάνως,
3192 5453 3303 5506 ἀλλ’
3329 5454 3385 5505 ὲν
3405 5451 3609 5521 ἀκακία
3632 5451 3728 5519 τῆς
3757 5459 3857 5536 χειρί
3936 5483 3937 5496 γ

2349 5560 2464 5621 δίας
2476 5534 2648 5611 αὑτοῦ
2669 5554 2982 5624 ἐποίμαινεν
3000 5546 3212 5611 αὐτούς·
3231 5545 3263 5616 ἢ
3279 5544 3417 5599 κατά
3441 5545 3530 5597 τὸν
3547 5542 3764 5596 Ἀκύλαν
3790 5534 3857 5586 καὶ

2347 5652 2657 5721 Σύμμαχον,
2674 5644 2948 5712 κατὰτὴν
2969 5641 3272 5706 ἁπλότητα
3292 5636 3400 5704 τῆς
3420 5635 3666 5703 καρδίας
3683 5626 3851 5721 αὐτώ.

2347 5719 2452 5798 Kal
2472 5719 2551 5796 ἐν
2572 5719 2702 5806 ταῖς
2738 5735 3026 5793 συνέσεσι
3058 5731 3173 5786 τῶν
3205 5727 3415 5801 χειρῶν
3449 5724 3634 5780 αὐτοῦ
3666 5719 3853 5791 dabim-
3934 5771 3935 5799 ᾗ
