3976 6350
83 498 206 552 941
1223 489 1650 549 COMMENTAB

1757 489 1821 544 IN
1860 485 2193 543 PSALIOS.
3186 488 3291 542 θέα

78 623 222 660 σεν-
248 607 485 672 αῠτούς.
515 605 670 659 Κατά
695 606 751 658 δὲ
777 607 864 658 τὸν
905 605 1149 669 Ἀκύλαν,
1190 606 1297 660 Kal
1331 606 1400 659 ἐν
1439 604 1656 673 φρονή-

1762 617 1869 656 non
1901 601 1956 654 in
2000 593 2262 670 sapientia
2289 598 2545 664 humana,
2585 615 2694 654 non
2733 600 3014 670 prudentia
3041 603 3292 674 propria,

80 711 252 750 σασι
282 695 520 763 ταρσῶν
557 696 738 749 αὐτοῦ
776 695 1197 766 καθωδήγησεν
1239 695 1476 761 αὐτούς.
1503 696 1656 748 Κατά

1762 690 1857 745 sed
1891 692 1946 744 in
1980 688 2286 743 innocentia
2318 696 2372 742 et
2399 689 2758 757 simplicitate,
2793 695 2961 743 totam
2984 705 3168 744 curam
3189 690 3299 745 Deo

79 787 148 839 δὲ
175 787 280 840 τὸν
315 786 626 857 Σύμμαχον,
648 787 755 841 Kal
782 787 932 840 κατὰ
976 786 1088 854 τὴν
1117 788 1504 854 καθαριότητα
1543 785 1656 839 τῶν

1763 779 2126 843 committens,
2167 793 2318 832 suam
2341 793 2468 832 vero
2495 779 2898 848 intelligentiam
2928 782 3210 845 manibus,
3243 782 3298 836 id

80 878 323 946 χειρῶν
349 879 531 933 αὐτοῦ
555 878 866 947 ὡδήγησεν
885 878 1128 943 αὐτούς.
1151 877 1458 947 Ἐποίμαινε
1484 875 1656 930 τοίνυν

1763 879 1846 927 est
1883 871 2158 940 operibus.
2186 871 2539 939 vitaegenere
2563 877 2615 924 et
2639 870 2847 940 reliquo
2884 871 3130 926 instituto
3152 888 3315 927 com-'

83 969 119 1019 ὁ
151 968 337 1022 Aa.qu
360 970 457 1041 τὴν
491 968 829 1040 ἀνθρωπίνην
872 969 965 1022 καὶ
999 968 1218 1040 λογικὴν
1251 968 1512 1039 ποίμνην·
1545 966 1660 1021 ἀλλ’

81 1062 203 1114 οὑκ
221 1064 297 1114 εν
334 1062 494 1131 σοφία
530 1060 861 1132 ἀνθρωπίνῃ,
888 1059 1006 1113 οὑδὲ
1029 1060 1087 1112 ὲν
1108 1062 1173 1129 τῇ
1207 1057 1396 1112 ἑαυτοῦ
1432 1056 1660 1119 συνέσει,

81 1150 220 1202 ἀλλ’
244 1155 305 1205 ὲν
332 1151 530 1221 ἀκακία
558 1151 650 1204 καὶ
678 1150 958 1221 ἁπλότητι,
995 1151 1092 1220 τὴν
1125 1151 1300 1202 πᾶσαν
1341 1147 1655 1218 ἐγχειρίζων

81 1241 175 1310 τῷ
209 1241 336 1312 Θεῷ
368 1241 635 1313 φροντίδα.
684 1242 792 1311 Τήν
820 1258 884 1309 γε
919 1240 1024 1310 μὴν
1075 1239 1264 1292 ἑαυτοῦ
1312 1238 1522 1292 σύνεσιν
1569 1238 1655 1291 διὰ

82 1332 214 1383 τῶν
251 1331 452 1402 χειρῶν
476 1331 836 1396 ἐπεδείκνυτο,
869 1331 1111 1384 τουτέστι
1150 1330 1234 1383 διὰ
1269 1329 1375 1384 τῶν
1408 1330 1657 1402 πράξεων

84 1423 194 1474 καὶ
220 1423 310 1474 διὰ
335 1421 426 1474 τοῦ
450 1421 587 1490 βίου,
609 1423 703 1474 καὶ
727 1421 823 1491 τῆς
848 1421 1036 1490 λοιπῆς
1060 1419 1345 1482 πολιτείας.
1367 1421 1474 1472 Καὶ
1498 1420 1657 1490 μέχρι

81 1511 295 1562 τούτου
342 1512 547 1562 ἵσταται
593 1512 660 1563 τὰ
698 1512 794 1580 τῆς
825 1509 1100 1580 παρούσης
1139 1507 1459 1571 ὑποθέσεως,
1492 1525 1655 1577 κατη-

83 1603 296 1672 γορίαν
319 1603 637 1672 περιέχοντα
656 1603 753 1672 τῆς
772 1601 864 1654 τοῦ
902 1601 1161 1655 Ἰουδαίων
1185 1598 1313 1654 λαοῦ
1338 1599 1649 1670 μοχθηρίας,

80 1693 446 1746 διδασκαλίαν
475 1711 532 1746 τε
560 1695 658 1765 τῆς
688 1695 781 1748 τοῦ
806 1694 938 1747 Θεοῦ
967 1694 1338 1764 μακροθυμίας
1363 1693 1450 1745 διὰ
1474 1693 1571 1755 τὰς
1595 1693 1651 1743 ἐν
1687 1709 1699 1720 ·

1760 963 2113 1016 monstrabat.
2147 961 2212 1014 Et
2243 962 2346 1014 huc
2375 960 2574 1016 desinit
2615 976 2848 1031 praesens
2899 965 3294 1032 argumentum,

1763 1052 2122 1122 improbitatis
2164 1051 2375 1106 Jndaici
2420 1052 2602 1122 populi
2642 1053 3038 1107 accusationem
3075 1055 3298 1110 divina:-

1760 1159 1862 1214 que
1892 1144 2158 1213 patientiae
2187 1143 2485 1197 doctrinam
2507 1144 2886 1212 complectens,
2918 1147 3296 1201 concinnatum

1761 1237 1827 1288 ad
1859 1235 2173 1303 praepositas
2207 1233 2468 1302 quasdam
2513 1233 2707 1289 dubias
2735 1250 2914 1298 voces,
2937 1237 3000 1290 ad
3035 1252 3169 1305 quas
3197 1252 3297 1291 ceu

1757 1324 1999 1380 defensio
2029 1325 2270 1400 quaedam
2296 1325 2428 1394 thin
2460 1325 2551 1380 Dei
2575 1325 2765 1395 judicii
2801 1329 3107 1381 necessario
3143 1329 3297 1383 insti-

1758 1419 1945 1472 tuitur.
1986 1416 2109 1471 Haec
2136 1433 2296 1487 porro
2321 1418 2502 1472 omnia
2549 1431 2668 1480 nos,
2700 1419 2791 1487 qui
2821 1434 2886 1473 ex
2923 1420 3168 1488 gentibus
3207 1437 3298 1475 su-

1759 1525 1900 1569 mus,
1928 1508 2175 1564 Christus
2209 1508 2303 1564 Dei
2343 1511 2550 1572 edocet,
2576 1510 2768 1579 priscis
2804 1512 3063 1579 exemplis
3102 1527 3200 1567 nos
3229 1512 3298 1566 ad

1759 1597 1962 1668 frugem
1994 1614 2274 1663 revocans,
2308 1607 2367 1651 ut
2398 1600 2550 1653 initio
2580 1601 2846 1653 sermonis
2861 1591 3079 1654 'dictum
3125 1616 3154 1654 a
3195 1617 3296 1658 no-

1757 1692 1839 1745 bis
1872 1698 1972 1745 est.

81 1785 216 1846 τοίς
256 1783 563 1855 ἔμπροσθεν
601 1785 1023 1857 ὲπηπορημένας
1063 1786 1263 1855 φωνὰς,
1299 1784 1432 1854 πρὸς
1463 1784 1526 1846 ἃς
1548 1784 1732 1856 ὥσπερ
1769 1783 2025 1852 ἀπολογία
2057 1799 2138 1845 τις
2203 1783 2504 1851 ἀναγκαίως
2538 1783 2885 1852 ἐπενήνεκται
2918 1786 3014 1855 τῆς
3043 1786 3135 1839 τοῦ
3165 1785 3303 1841 Θεοῦ-

86 1877 517 1948 δικαιοκρισίας.
551 1878 731 1932 Ταῦτα
763 1879 819 1932 δὲ
857 1880 1032 1933 πάντα
1068 1879 1379 1950 ἡμᾶςοτοὺς
1427 1877 1483 1944 ἐξ
1524 1878 1688 1930 ἐθνῶν
1725 1881 1753 1930 ὁ
1793 1877 2023 1949 Χριστὸς
2067 1876 2161 1929 τοῦ
2195 1876 2326 1930 Θεοῦ
2364 1876 2618 1939 παιδεύει,
2668 1877 3005 1947 σωφρονίζων
3042 1881 3185 1948 ἡμᾶς
3214 1878 3302 1934 διὰ

83 1970 211 2024 τῶν
244 1969 486 2024 παλαιῶν
517 1971 987 2042 παραδειγμάτων,
1020 1970 1204 2039 ὥσπερ
1227 1966 1317 2023 οῦν
1342 1969 1657 2040 ἀρχομένοις
1694 1971 1823 2039 ἡμῖν
1855 1968 2066 2038 εἴρηται
2093 1968 2182 2020 τοῦ
2215 1967 2391 2035 λόγου.

79 2145 86 2153 .
477 2081 763 2135 ΨΑΛΜΟΣ
798 2083 884 2152 Τῼ
923 2082 1112 2134 ΑΣΑΦ.
1155 2083 1279 2135 οΗ’.

65 2163 72 2168 ”
175 2172 246 2225 Ὃ
292 2173 454 2238 Θεὸς,
486 2171 936 2241 ἧλθοσανὲθνη
973 2175 1059 2238 εὶς
1103 2172 1216 2240 τὴν
1259 2175 1657 2242 κληρονομίαν

84 2280 239 2330 σου,
279 2264 528 2333 ἐμίαναν
553 2263 682 2342 ,τὸν
727 2264 877 2318 ναὸν
918 2265 1023 2319 τὸν
1052 2264 1221 2334 ἅγιόν
1273 2281 1387 2342 σου
1412 2304 1426 2328 ,
1459 2265 1660 2318 ἔθεντο

97 2352 499 2422 Ἰερουσαλὴμ
525 2339 611 2418 είς
632 2353 1139 2421 ὀπωροφυλιικιον.
1169 2355 1288 2408 Ὅτι
1313 2339 1418 2427 πρὸ
1449 2354 1541 2408 τοῦ
1568 2354 1658 2407 τὸν

87 2443 228 2496 ναὸν
269 2443 681 2516 οίκώομηθῆναι
737 2444 826 2498 τὸν
869 2447 926 2500 ὲν
965 2439 1331 2518 Ἰερουσαλὴμ,
1366 2448 1583 2516 γέγονεν
1631 2449 1660 2500 ὁ

100 2534 286 2602 Ἀσάφ
319 2534 397 2604 τῷ
424 2534 582 2587 Δαυτδ
610 2536 976 2606 συνακμάσας,
1006 2535 1160 2608 δῆλον
1189 2541 1253 2590 ἐκ
1271 2539 1370 2608 τῆς
1404 2537 1654 2606 ίστορίας.

87 2623 460 2695 Προφητικῶς
490 2621 582 2679 οῦν
617 2625 686 2679 τά
719 2626 975 2697 μέλλοντα
1017 2631 1240 2697 μακροῖς
1287 2627 1504 2697 ὕστερον
1535 2628 1656 2696 χρό-

87 2731 208 2773 νοις
257 2713 626 2784 συμϐήσεσθαι
669 2717 763 2768 καὶ
802 2712 890 2769 διὰ
941 2715 1049 2768 τῶν
1082 2718 1363 2788 παρόντων
1392 2716 1651 2782 θεσπίζει.

103 2803 274 2856 Ἀλλά
293 2803 382 2856 διὰ
412 2805 507 2873 μὲν
537 2804 629 2857 τοῦ
665 2809 706 2856 o'
741 2805 833 2858 καὶ
863 2803 910 2874 γ’
944 2807 1040 2876 τὴν
1065 2806 1296 2878 ὑστάτην
1323 2807 1421 2874 τῆς
1453 2807 1656 2871 πόλεως

89 2896 303 2948 ἅλωσιν
331 2896 530 2949 καὶτὸν
559 2897 783 2966 ἔσχατον
813 2898 1118 2970 ἀφανισμὸν
1151 2898 1242 2952 τοῦ
1273 2900 1421 2965 ναοῦ,
1450 2901 1540 2954 τὸν
1564 2903 1655 2955 ἐπὶ

101 2986 399 3056 Ῥωμαίων
426 2987 710 3058 γενόμενον
764 2989 903 3058 μετά
949 2990 1046 3060 τὴν
1086 2990 1224 3044 κατά
1271 2990 1364 3044 τοῦ
1411 2993 1655 3065 Σωτῆρος

91 3077 259 3146 ἡμῶν
285 3078 484 3150 τόλμαν
519 3079 626 3133 τῶν
652 3081 968 3155 οἰκητόρων,
997 3082 1386 3152 προανεφώνει,
1415 3085 1490 3149 ὼς
1522 3099 1655 3156 προ-

93 3170 471 3224 αποδέδεικται
491 3189 505 3202 ο
531 3171 619 3225 διὰ
661 3173 717 3227 δὲ
745 3173 854 3228 τῶν
885 3174 1022 3245 μετά
1062 3178 1244 3246 χεῖρας
1275 3176 1655 3248 ἐπεληλυθέναι

97 3265 200 3333 μὲν
232 3263 360 3335 ἔθνη
402 3265 467 3338 τῇ
497 3265 826 3338 κληρονομίᾳ
860 3265 956 3320 τοῦ
997 3268 1150 3332 Θεοῦ,
1189 3269 1280 3322 καὶ
1318 3270 1407 3323 τὸν
1433 3271 1489 3322 ὲν
1517 3271 1651 3341 αὐτῇ

97 3355 238 3408 νεὼν
265 3357 645 3426 μεμιαγκέναι,
683 3359 850 3428 αὑτήν
879 3375 937 3411 τε
963 3355 1066 3431 τὴν
1088 3359 1243 3413 πόλιν
1275 3362 1352 3424 είς
1374 3361 1655 3434 ὀπωροφυ-

91 3446 286 3498 λάκιον
319 3445 613 3501 τεθεικέναι
642 3449 929 3518 σημαίνει·
963 3450 1023 3502 οὑ
1069 3450 1172 3521 μὴν
1199 3451 1333 3522 πυρὶ
1373 3453 1660 3522 παραδεδό-

99 3535 228 3588 σθαι
247 3536 341 3588 τὸν
367 3536 547 3601 τόπον,
565 3537 683 3590 οὑδὲ
708 3539 927 3592 τοιαῦτα
947 3541 1269 3596 πεπονθέναι
1291 3543 1448 3594 ὁποῖα
1476 3542 1658 3614 ἐδήλου

93 3625 184 3677 διὰ
207 3624 303 3677 τοῦ
329 3627 850 3697 προλεχθέντος.Ἔτι
869 3629 924 3682 δὲ
946 3630 1032 3684 διὰ
1052 3631 1144 3683 τοῦ
1165 3633 1424 3702 παρόντος
1445 3634 1660 3703 προστί-

97 3715 281 3782 θησιν,
299 3716 375 3780 ὡς
401 3716 507 3788 ἄρα
527 3719 577 3770 οἱ
602 3719 688 3771 τὸν
707 3719 870 3772 τόπον
896 3721 1179 3791 μιάναντες
1207 3722 1430 3786 πολλοὺς
1453 3725 1658 3778 ἀνεῖλον

94 3804 281 3868 ὁσίους
300 3805 491 3877 ἄνδρας
513 3809 606 3860 καὶ
624 3806 756 3860 Θεοῦ
779 3809 992 3873 δούλους
1011 3827 1024 3840 ο
1047 3803 1121 3864 ὧν
1147 3810 1215 3864 τὰ
1238 3811 1404 3883 νεκρὰ
1433 3812 1658 3882 σώματα

98 3895 175 3966 μὴ
199 3899 650 3968 συγχωρήσαντες
667 3902 731 3970 τῇ
764 3899 901 3952 κατά
925 3899 1083 3969 φύσιν
1106 3900 1469 3973 παραδοθῆναι
1491 3905 1653 3974 ταφῇ,

91 3989 211 4050 τοῖς
241 3985 504 4052 πετεινοῖς
555 3989 647 4042 τοῦ
690 3990 916 4061 ούρανοῦ
949 3990 1111 4064 βορὰν
1154 3992 1351 4048 ἔθεντο.
1378 3995 1556 4048 Ταῦτα
1599 3995 1656 4047 δὲ

95 4077 200 4130 οὑκ
245 4077 313 4130 ἂν
345 4078 522 4150 εὕροις
575 4081 884 4152 πραχθέντα
928 4083 1049 4138 οὔτε
1097 4084 1235 4138 κατά
1280 4086 1388 4157 τὴν·
1425 4086 1657 4158 ὑπάτην

97 4169 416 4240 πολιορκίαν
453 4169 546 4224 τοῦ
574 4173 738 4226 τόπου
759 4191 771 4202 ·
804 4175 927 4228 ἐπεὶ
962 4176 1095 4246 μηδὲ
1134 4177 1372 4248 ὑπῆρχεν
1400 4179 1511 4241 τοῖς
1537 4179 1655 4232 τότε

98 4259 232 4329 παρ’
254 4259 434 4323 αὑτοῖς
459 4262 644 4327 ὁσίοις,
674 4263 781 4316 τῶν
807 4265 901 4335 τὴν
934 4267 1084 4320 πόλιν
1105 4269 1411 4335 οἰκούντων,
1434 4271 1656 4335 ἀνοσίων

96 4349 190 4400 καὶ
220 4348 432 4402 ἀσεδῶν
462 4351 712 4404 ἁπάντων
741 4357 1035 4422 γεγονότων
1062 4355 1147 4410 διὰ
1176 4358 1243 4412 τὰ
1267 4358 1405 4413 κατὰ
1429 4360 1520 4414 τοῦ
1547 4362 1657 4416 Σω-

97 4439 266 4509 τῆρος
299 4439 453 4510 ἡμῶν
503 4441 641 4494 κατά
682 4459 741 4495 τε
771 4445 878 4497 τῶν
925 4425 1232 4502 ἀποστόλων
1276 4447 1438 4505 αὑτοῦ
1477 4451 1654 4507 τετολ-

101 4531 322 4602 μημένα
375 4533 574 4596 αὐτοῖς.
614 4534 749 4587 Ἀλλ’
783 4537 903 4590 οὐδὲ
954 4540 1047 4593 ἐπὶ
1085 4543 1182 4615 τῆς
1232 4543 1312 4608 είς
1365 4544 1656 4602 Βαϐυλῶνα

98 4619 475 4689 αἰχμαλωσίας
523 4621 702 4694 εὕροις
731 4624 796 4678 ἂν
838 4627 907 4681 τὰ
955 4630 1091 4699 μετά
1138 4635 1323 4704 χεῖρας
1358 4637 1652 4706 γενόμεναο

1942 2080 1992 2134 1.
2032 2078 2348 2133 PSALMUS
2385 2077 2514 2133 lPSI
2553 2078 2794 2134 ASAPH.
2832 2078 3114 2135 LXXVIII.

1833 2167 1996 2234 Deus,
2022 2178 2263 2222 venerunt
2300 2179 2474 2240 gentes
2505 2172 2557 2223 in
2584 2170 2933 2225 hareditatem
2972 2181 3147 2233 tuam,
3186 2170 3301 2239 pol-

1762 2259 1966 2312 luerunt
1997 2261 2240 2329 templum
2274 2270 2514 2314 sanctum
2546 2272 2720 2325 tuum,
2752 2273 3031 2332 posuerunt
3077 2261 3299 2316 Jerusa-

1760 2351 1858 2402 lem
1905 2352 1960 2403 in
2001 2367 2272 2418 pomorum
2321 2353 2638 2408 custodiam.
2690 2353 2845 2418 Quod
2883 2365 3006 2409 ante
3034 2354 3214 2423 templi
3247 2357 3301 2406 in

1757 2436 2091 2508 Jerosolyma
2136 2439 2596 2496 constructionem
2625 2442 2804 2513 Asaph
2833 2444 3054 2515 aequalis
3085 2452 3139 2497 et
3167 2456 3302 2497 coae-

1756 2535 1952 2605 taneus
1984 2528 2169 2583 Davidi
2201 2529 2364 2585 fuerit
2385 2571 2400 2595 ,
2433 2548 2496 2586 ex
2528 2534 2752 2588 historia
2788 2535 3006 2603 planum
3036 2543 3137 2588 est.
3169 2532 3303 2586 Pro-

1757 2618 1968 2688 phetice
2017 2634 2146 2688 ergo
2186 2637 2307 2691 quae
2336 2623 2596 2678 diuturno
2625 2631 2748 2692 post
2774 2634 3014 2693 tempore
3041 2631 3303 2677 eventura

1754 2717 1908 2762 erant
1952 2709 2005 2762 in
2051 2712 2304 2778 praesenti
2348 2713 2694 2768 vaticinatur.
2741 2713 2847 2768 Sed
2882 2715 2936 2768 in
2973 2729 3140 2769 uqu
3174 2714 3298 2784 qui-

1755 2799 1905 2864 dem,
1933 2807 2267 2870 postremnm
2300 2801 2453 2857 urbis
2480 2804 2748 2858 excidium
2773 2844 2786 2867 ,
2818 2813 2871 2858 et
2902 2806 3143 2858 ultimam
3172 2812 3304 2860 tein-

1754 2891 1827 2962 pli
1873 2893 2082 2946 ruinam
2109 2908 2228 2962 quae
2254 2894 2356 2947 sub
2394 2892 2653 2948 Romanis
2701 2905 2820 2964 post
2870 2895 3066 2950 civium
3097 2897 3218 2965 ejus
3245 2896 3300 2949 in

1767 2982 2098 3038 Salvatorem
2130 2991 2376 3040 nostrum
2404 3000 2570 3040 ausus
2593 2986 2853 3056 contigit,
2880 2987 3303 3057 pmnuntiabat,

1756 3083 1815 3129 ut
1841 3079 2093 3146 superius
2121 3078 2528 3148 comprobatum
2554 3089 2655 3132 est.
2688 3078 2745 3132 ln
2775 3081 3023 3149 praesenti
3053 3095 3182 3134 vero
3209 3095 3302 3134 ve-

1754 3168 1902 3222 nisse
1924 3157 2141 3238 quidem
2171 3179 2358 3239 gentes
2390 3170 2442 3222 in
2476 3170 2844 3225 hereditatem
2878 3168 3007 3235 Dei,
3041 3171 3303 3241 templum

1753 3247 1894 3329 quod
1920 3260 1974 3313 in
2002 3275 2063 3314 ea
2085 3269 2201 3314 erat
2227 3261 2504 3330 polluisse,
2535 3263 2812 3332 ipsamque
2832 3263 3018 3318 urbem
3046 3265 3100 3318 in
3128 3279 3309 3333 pomo-

1754 3365 1873 3402 rum
1894 3344 2193 3405 custodiam
2217 3351 2464 3421 posuisse
2487 3351 2757 3420 signiﬁcat
2782 3370 2794 3416 ;
2823 3368 2996 3423 neque
3022 3361 3203 3408 tamen
3231 3354 3306 3407 ait

1758 3440 1867 3512 igni
1917 3431 2174 3496 traditum
2218 3444 2396 3496 locum
2449 3442 2646 3510 fuisse,
2678 3460 2854 3513 neque
2894 3446 3019 3498 talia
3049 3461 3303 3515 passum,

1760 3534 1940 3603 qualia
1975 3535 2028 3587 in
2067 3531 2324 3602 praedicto
2355 3533 2564 3602 psalmo
2596 3535 2867 3588 narrabat.
2898 3536 3059 3589 Addit
3085 3538 3308 3607 insuper

1761 3623 1814 3676 in
1844 3625 2091 3693 praesenti
2111 3663 2126 3687 ,
2159 3638 2252 3679 eos
2284 3624 2376 3694 qui
2405 3625 2583 3677 locum
2615 3624 2951 3692 polluerunt,
2986 3625 3184 3681 multos
3213 3641 3307 3683 oc—

1759 3715 1958 3770 cidisse
1996 3715 2139 3770 viros
2171 3723 2390 3769 sanctos
2421 3723 2472 3770 et
2503 3715 2597 3769 Dei
2625 3731 2809 3770 servos
2835 3735 2846 3768 :
2885 3731 3113 3785 quorum
3158 3731 3304 3772 mor-

1758 3814 1852 3859 tua
1880 3821 2102 3875 corpora
2133 3822 2239 3859 non
2268 3807 2508 3862 sitientes
2540 3808 2775 3861 naturali
2808 3809 3098 3878 sepultura:
3122 3809 3299 3874 tradi,

1757 3897 1812 3951 in
1837 3913 2016 3952 escam
2041 3898 2350 3953 volatilibus
2378 3899 2501 3952 coeli
2534 3908 2848 3968 posuerunt.
2881 3898 3003 3954 Haec
3025 3917 3184 3970 porro
3211 3918 3305 3972 ge-

1757 3996 1842 4045 sta
1882 4004 1990 4042 non
2029 3988 2410 4057 deprehendas
2449 3992 2504 4044 in
2537 4001 2810 4060 postrema
2843 3984 2945 4047 loci
2978 3995 3258 4051 obsidione
3285 4018 3324 4049 :—

1757 4081 1888 4151 quia
1929 4080 2040 4135 haec
2070 4096 2173 4135 non
2200 4082 2447 4136 accidere
2471 4084 2601 4139 viris
2634 4085 2840 4140 sanctis
2866 4087 2958 4156 qui
2989 4103 3151 4156 penes
3182 4091 3302 4145 illos

1754 4180 1929 4228 erant.
1988 4171 2027 4226 Ii
2083 4189 2316 4243 namque
2369 4175 2461 4244 qui
2487 4177 2672 4232 urbem
2727 4179 3033 4234 incolebant
3089 4183 3302 4237 scelesti

1755 4279 1940 4319 omnes
1969 4272 2023 4319 et
2057 4265 2206 4335 impii
2246 4274 2437 4331 erant,
2471 4269 2542 4323 ob
2584 4285 2712 4336 suos
2740 4272 2792 4326 in
2833 4270 3170 4330 Servatorem
3206 4293 3306 4331 no-

1756 4362 1925 4412 strum
1955 4364 2009 4412 et
2037 4358 2090 4411 in
2119 4357 2238 4427 ejus
2265 4361 2536 4436 apostolos
2566 4378 2750 4420 ausus.
2786 4363 2889 4420 Sed
2923 4382 3095 4436 neque
3125 4370 3179 4423 in
3204 4370 3305 4423 Ba-

1755 4439 2003 4515 bylonica
2050 4433 2364 4515 captivitate
2408 4449 2524 4504 haec
2567 4449 2706 4506 facta
2749 4433 3024 4523 reperias,
3072 4459 3198 4526 quia
3235 4474 3305 4513 ne

1754 4544 1886 4591 tunc
1923 4537 2140 4607 quidem
2177 4540 2354 4593 sancti
2396 4548 2448 4595 et
2491 4543 2732 4612 religiosi
2772 4544 2871 4597 viri
2923 4560 2951 4598 a
2995 4545 3303 4617 Babyloniis

1753 4625 2012 4680 trucidati
2055 4627 2111 4682 in
2155 4628 2382 4684 historia
2430 4630 2695 4687 feruntur.
2744 4632 3096 4698 Quandonam
3138 4637 3303 4708 igitur

98 4711 220 4812 ius).
249 4711 382 4812 μηδὲ
418 4714 537 4766 τότε
568 4715 743 4779 ὁσίους
767 4715 965 4788 ἄνδρας
994 4721 1085 4775 καὶ
1124 4723 1387 4795 θεοφιλεῖς
1413 4727 1516 4781 ὑπὸ
1546 4727 1654 4783 τῶν

1758 4714 1870 4771 hac
1901 4717 2117 4788 impleta
2151 4719 2343 4774 fuere?
2381 4719 2498 4775 Non
2527 4730 2700 4791 potest
2738 4725 2882 4778 aliud
2911 4727 3136 4782 indicari
3168 4739 3301 4785 tem-

98 4796 453 4857 Βαϐυλωνίων
495 4805 854 4878 ἀνῃρῆσθαιή
890 4809 1096 4882 ἱστορία
1136 4816 1487 4887 παραδίδωσι.
1519 4820 1654 4873 Πότε

1756 4819 1886 4877 pus,
1937 4808 2040 4863 nisi
2080 4808 2370 4872 Antiochi,
2413 4812 2516 4867 sub
2538 4829 2647 4883 quo
2692 4814 3120 4872 Machabaaorum
3167 4821 3303 4875 scri-

95 4889 279 4943 τοίνυν
329 4892 626 4965 ἐπληροῦτο
650 4895 852 4964 ταῦτα;
905 4897 1017 4952 Οὑκ
1070 4901 1215 4956 ἐστιν
1253 4905 1436 4977 ἕτερον
1485 4909 1657 4962 εἰπεῖν

98 4979 314 5049 χρόνον,
343 4983 376 5052 ἢ
412 4984 502 5039 τὸν
523 4987 617 5038 ἐπὶ
652 4989 938 5061 ξᾹντιὸχου,
972 4989 1091 5044 καθ’
1128 4993 1243 5065 δνὴ
1287 4997 1393 5051 τῶν
1433 4999 1656 5054 Μακκα-

100 5069 268 5123 ϐαίων
295 5075 478 5147 γραφὴ
510 5079 584 5132 τὰ,
601 5079 737 5149 μετά
773 5084 956 5152 χεῖρας
993 5083 1360 5158 προλεγόμενα
1389 5088 1454 5142 δι’
1481 5090 1654 5161 ἔργων

99 5163 452 5231 κεχωρηκότα
477 5165 731 5225 δείκνυσι.
750 5170 1058 5241 Γέγραπται
1082 5173 1210 5240 γοῦν
1240 5176 1295 5228 ὲν
1315 5177 1449 5248 αὑτῇ
1470 5179 1654 5233 τοῦτον
1692 5184 1708 5200 '

98 5250 186 5303 τὸν
226 5251 456 5321 τρόπον·
489 5259 600 5313 Καὶ
646 5262 1024 5333 ὑπέστρεψεν
1080 5267 1369 5336 Ἀντίοχος
1401 5271 1550 5336 μετὰ
1587 5275 1652 5325 τὸ

101 5341 357 5407 πατάξαι
388 5345 504 5414 τὴν
531 5351 831 5420 Αιγυπτον
855 5357 925 5410 ἐν
947 5356 1026 5422 τῷ
1041 5355 1095 5425 ρ’
1120 5357 1216 5413 καὶ
1240 5365 1299 5427 μ’
1322 5360 1419 5413 καί
1444 5369 1492 5429 γ’
1514 5363 1652 5430 ἔτει,

101 5433 194 5485 καὶ
222 5433 408 5502 ἀνέϐη
427 5437 526 5490 ἐπὶ
556 5441 793 5512 Ἰσραὴλ
816 5447 885 5500 ὲν
911 5448 1068 5516 ὄχλῳ
1088 5448 1292 5517 βαρεῖ·
1322 5451 1421 5504 καὶ
1449 5451 1653 5521 εἰσῆλ-

99 5525 198 5576 θεν
223 5527 316 5590 είς
345 5526 410 5578 τὸ
443 5529 704 5601 ἀγίασμα
729 5535 800 5589 ἐν
826 5541 1217 5608 ὑπερηφανίᾳ.
1244 5541 1352 5595 Kal
1382 5543 1558 5597 ἔλαϐε
1588 5547 1655 5601 τὸ

100 5613 478 5683 θυμιατήριον
529 5620 595 5673 τὸ
638 5628 929 5692 χρυσοῦν,
954 5631 1052 5684 καὶ
1100 5630 1212 5698 τὴν
1248 5633 1506 5700 λυχνίαν
1545 5637 1653 5691 τοῦ

97 5706 312 5771 φωτὸς,
344 5707 442 5760 καί
473 5710 667 5766 πάντα
703 5716 773 5769 τὰ
795 5723 982 5788 σκεύη
1005 5721 1212 5790 αὐτῆς,
1252 5722 1348 5776 καί
1373 5724 1485 5793 τὴν
1513 5727 1645 5795 τρά-

97 5795 278 5856 πεζαν
309 5798 416 5867 τῆς
447 5805 776 5874 προθέσεως
793 5849 806 5869 ,
837 5814 933 5866 καὶ
967 5814 1038 5866 τὰ
1083 5815 1341 5872 σπονδιά
1359 5856 1374 5879 ,
1407 5817 1503 5869 καὶ
1536 5819 1640 5884 τὰς

95 5885 348 5953 φιάλας.
401 5893 495 5946 καὶ
544 5897 648 5966 τὰς
700 5901 950 5966 θυῖσκας
978 5903 1083 5972 τὰς
1126 5905 1394 5976 χρυσᾶς,
1445 5909 1540 5964 καὶ
1580 5911 1647 5984 τὸ

1751 4906 1906 4967 ptura
1935 4937 1949 4962 ,
2000 4913 2119 4966 quae
2165 4898 2251 4953 hic
2299 4907 2730 4969 praenuntiantur
2772 4910 3066 4981 contigisse
3095 4920 3297 4968 narrat.

1753 4987 2021 5059 Scriptum
2053 4992 2236 5060 itaque
2265 4993 2338 5047 ibi
2369 4996 2564 5066 legitur
2590 5019 2600 5054 :
2640 5004 2709 5054 Et
2743 5019 2974 5058 reversus
3005 5017 3082 5059 est
3108 5007 3299 5058 Antio-

1751 5083 1905 5148 chus,
1946 5093 2220 5152 postquam
2271 5092 2528 5155 percussit
2562 5091 2883 5164 .Egyptum,
2915 5099 2968 5152 in
3015 5101 3297 5153 centesimo

1750 5184 1800 5228 et
1827 5173 2231 5246 quadragesimo
2281 5185 2429 5236 tertio
2466 5200 2636 5248 anno;
2686 5198 2734 5240 et
2773 5190 3002 5244 ascendit
3045 5192 3097 5243 in
3134 5191 3302 5246 Israel

1753 5283 1868 5319 cum
1898 5266 2232 5326 multitudine
2261 5277 2406 5341 graui
2433 5293 2450 5338 ,'
2481 5286 2528 5329 et
2559 5279 2826 5347 ingressus
2862 5283 3010 5334 estin
3052 5297 3302 5338 sanctua-

1754 5359 1890 5412 rium
1937 5373 2053 5412 cum
2105 5364 2371 5430 superbia,
2422 5378 2470 5420 et
2519 5373 2715 5438 accepit
2758 5373 2927 5425 altare
2963 5381 3180 5428 aureum
3206 5418 3221 5439 ,
3250 5385 3301 5432 et

1753 5448 2125 5506 candelabrum
2156 5456 2391 5523 luminis,
2434 5470 2482 5514 et
2508 5464 2745 5519 universa
2776 5481 2897 5518 vasa
2930 5467 3064 5534 ejus,
3091 5477 3138 5520 et
3169 5483 3304 5521 met;-

1754 5557 1866 5595 sam
1896 5538 2267 5610 propositionis
2288 5590 2303 5614 ,
2335 5561 2383 5604 et
2416 5553 2698 5617 libatoria,
2731 5566 2778 5608 et
2812 5557 3017 5623 phialas
3038 5601 3052 5624 ,
3083 5568 3130 5610 et
3162 5575 3303 5610 mor-

1755 5626 1946 5685 tar'iola
1979 5651 2176 5708 aurea,
2210 5649 2258 5692 et
2312 5643 2511 5708 velum,
2562 5655 2610 5698 et
2665 5662 2918 5712 coronas,
2966 5661 3015 5703 et
3057 5659 3302 5703 ornatum

1753 5726 1844 5794 qui
1883 5726 1934 5779 in
1974 5725 2108 5794 facie
2148 5734 2322 5800 templi
2365 5746 2497 5790 erat.
2544 5735 2611 5789 Et
2651 5744 2954 5795 comminuit
2999 5743 3215 5794 omnia:
3248 5753 3300 5797 ct

1753 5823 1944 5888 accepit
1977 5823 2250 5882 thesauros
2280 5833 2541 5898 occultos,
2568 5852 2696 5904 quos
2726 5838 2934 5891 invenit.
2971 5836 3036 5890 Et
3073 5838 3296 5890 sublatis

1753 5915 2010 5974 omnibus.
2035 5932 2266 5976 reversus
2288 5922 2418 5980 abiit
2442 5926 2493 5980 in
2520 5937 2711 5984 terram
2740 5948 2908 5986 suam.
2946 5929 3012 5984 Et
3043 5931 3161 5998 fecit
3193 5947 3296 5984 cu:-
