3974 6354
678 474 780 534 οιδ

1326 472 1585 531 EUSEBll
1618 472 2087 531 CAESARIENSIS
2126 474 2271 530 OPP.
2314 476 2488 530 PARS
2511 475 2597 531 Ill.
2629 503 2697 516 -—
2735 473 3137 531 EXEGETICA.
3729 478 3808 533 9H
3918 480 3919 491 λ

678 595 792 646 dem
852 605 1089 660 magnam
1117 606 1132 642 .·
1179 599 1226 643 et
1274 590 1443 657 {actus
1496 599 1573 644 est
1611 592 2105 659 plauctus‘magnus
2152 591 2193 642 in

2303 590 2735 659 καταπέτασμα,
2775 589 2874 642 καὶ
2903 588 3040 655 τοὺς
3066 587 3414 657 στεφάνους.
3450 586 3545 640 καί
3590 589 3687 643 τὸν
3728 592 3806 644 κό-

684 680 866 735 Israel.
906 678 972 732 Et
1011 682 1219 749 scripsit
1254 696 1345 735 rex
1382 682 1522 734 omni
1558 698 1714 751 regno
1750 698 1845 735 suo
1868 721 1883 746 ,
1932 690 1989 734 ut
2033 692 2201 736 essent

678 786 847 823 omnes
873 771 1089 838 populus
1118 787 1249 824 unus
1275 810 1291 833 ,
1322 780 1370 824 et
1399 772 1705 841 relinqueret
1742 774 2092 841 unusquisque
2129 773 2202 825 le-

660 878 782 929 gem
807 876 955 912 suam
975 860 1040 913 ⁸⁸.
1064 858 1129 912 Et
1162 861 1411 925 amplexa:
1437 874 1555 914 sunt
1582 850 1754 914 omnes
1795 870 1967 930 gentes
1993 861 2197 914 verbum

676 952 803 1019 regis
827 968 845 1004 :
882 960 930 1004 et
968 952 1122 1003 multi
1155 966 1219 1004 ex
1256 952 1382 1019 ﬁliis
1424 951 1593 1005 Israel
1630 960 1999 1006 consenserunt
2036 952 2201 1006 cultui

673 1042 818 1103 eius,
873 1051 924 1095 et
982 1042 1401 1109 sacriﬁcaverunt
1439 1042 1625 1107 idolis,
1663 1051 1711 1096 et
1748 1043 2201 1109 coinquinaverunt

672 1130 959 1185 Sabbatum
984 1133 1047 1184 δ’.
1079 1130 1207 1185 Post
1236 1132 1347 1185 haec
1368 1140 1542 1187 autem
1572 1132 1801 1195 dicitur:
1828 1130 1895 1185 Et
1924 1133 2199 1201 azdi/icavit

672 1219 1103 1273 abominationem
1139 1219 1473 1274 desolationis
1503 1221 1557 1273 in
1584 1220 1767 1274 altari.
1794 1220 1863 1273 Et
1890 1222 1941 1274 in
1973 1222 2203 1275 civitati-

673 1298 764 1363 bus
799 1309 942 1383 Iuda
989 1311 1044 1363 in
1088 1310 1310 1363 circuitu
1355 1309 1743 1378 aediﬁcaverunt
1790 1309 2023 1375 altaria,
2060 1318 2111 1365 et
2147 1312 2203 1364 in

670 1400 831 1467 portis
871 1401 1017 1465 suis,
1057 1410 1104 1454 et
1144 1402 1197 1453 in
1234 1402 1419 1467 plateis
1460 1400 1747 1470 thymiama
1789 1400 2085 1455 adolebant.
2132 1399 2199 1455 Et

673 1489 831 1543 libros
865 1488 939 1559 (i)
985 1490 1174 1557 psalmi
1226 1507 1351 1559 quos
1388 1492 1683 1545 invenerunt
1736 1492 2056 1557 scindenles,
2087 1496 2202 1560 igne

672 1579 1055 1633 combusserunt
1086 1576 1152 1635 ⁸ο.
1192 1580 1600 1650 Adjiciturquc:
1636 1580 1703 1633 Et
1743 1583 1894 1635 multi
1931 1585 1985 1636 in
2026 1582 2198 1637 Israel

670 1667 977 1736 deﬁnierunt
1008 1670 1058 1722 in
1085 1686 1171 1733 se,
1204 1678 1259 1721 ut
1285 1687 1385 1723 non
1409 1671 1783 1725 manducarent
1812 1674 2102 1727 immunda.
2133 1672 2201 1726 Et
2233 1694 2235 1696 ·

668 1762 925 1831 elegerunt
959 1762 1117 1825 mori,
1165 1772 1221 1814 ut
1266 1779 1367 1816 non
1411 1766 1885 1820 contaminarentur
1931 1766 2093 1831 cibis,
2152 1774 2201 1819 et

669 1854 858 1903 mortui
902 1861 1042 1907 sunt.
1092 1853 1160 1905 Et
1203 1852 1344 1920 facta
1371 1864 1446 1907 est
1473 1856 1555 1907 ira
1585 1854 1773 1925 magna
1803 1857 1857 1909 in
1887 1856 2061 1909 Israel
2090 1856 2202 1909 val-

2301 698 2455 750 σμον
2484 683 2587 735 τὸν
2607 685 2753 734 κατὰ
2778 682 3097 747 πρόσωπον
3139 679 3243 732 τοῦ
3267 679 3429 732 ναοῦ.
3465 680 3573 743 Kal
3591 680 3808 736 satst

2298 770 2516 825 πάντα·
2547 772 2650 825 xal'
2671 773 2845 825 ἔλαϐε
2885 767 3023 838 τοὺς
3048 770 3381 838 θησαυροὺς
3409 771 3548 835 τοὺς
3578 772 3808 839 ἀποκρύ-

2297 878 2467 929 φους,
2500 858 2607 925 οὖς
2636 858 2787 928 εὗρε.
2824 861 2934 913 Kal
2974 860 3171 915 λαϐὼν
3204 861 3539 928 σύμπαντα,
3568 860 3806 930 ἐπιστρέ-

2296 954 2417 1018 ψας
2450 952 2718 1019 ἀπῆλθεν
2762 955 2848 1017 εὶς
2877 952 2990 1019 τὴν
3024 952 3140 1021 γῆν
3184 950 3385 1004 αὑτοῦ.
3432 951 3541 1005 Kal
3586 951 3806 1018 ἐποίησε
3918 982 3919 985 η

2298 1044 2686 1111 φονοκτονίαν
2706 1043 2975 1113 μεγάλην
2992 1059 3006 1072 '
3046 1042 3142 1097 καί
3168 1042 3396 1110 ἐγένετο
3438 1041 3649 1109 ⁸πένθος
3673 1042 3805 1112 μέγα

2296 1133 2393 1187 ἐπὶ
2430 1133 2681 1201 Ἰσραήλ.
2730 1134 2837 1187 Kal
2883 1135 3140 1204 ἔγραψεν
3165 1134 3200 1186 ὁ
3230 1132 3521 1197 ,ϐασιλεὺς
3556 1131 3715 1199 πάσῃ
3750 1131 3806 1198 τῇ

2292 1225 2573 1291 βασιλείᾳ
2602 1212 2784 1279 αὐτοῦ
2809 1221 2959 1279 εἶναι
2982 1225 3207 1289 πάντας
3227 1224 3377 1277 λαὸν
3394 1224 3521 1287 ἕνα,
3538 1222 3632 1277 και
3658 1223 3807 1292 ἐγκα-

2297 1314 2564 1368 ταλιπεῖν
2592 1315 2843 1381 ἕκαστος
2878 1316 2949 1369 τὰ
2982 1316 3197 1383 νόμιμα
3246 1312 3449 1367 αὑτοῦ.
3485 1314 3593 1367 Kal
3625 1314 3806 1369 ἀπειθέα

2298 1405 2474 1470 ξαντο
2501 1404 2693 1460 πάντα
2724 1406 2795 1458 τὰ
2829 1405 2969 1473 ἔθνη
3016 1408 3120 1465 τὸν
3164 1405 3342 1474 λόγον
3365 1403 3471 1458 τοῦ
3496 1402 3803 1469 βασιλέως·

2296 1498 2393 1549 καί
2424 1512 2490 1564 τε
2520 1496 2733 1549 πολλοὶ
2768 1496 2888 1550 ἀπὸ
2934 1496 3077 1550 υἱῶν
3118 1494 3351 1562 Ἰσραὴλ
3397 1494 3725 1561 εὐδόκησαν
3746 1490 3805 1559 τῇ
3918 1534 3919 1543 η

2296 1588 2533 1654 λατρεία
2580 1587 2761 1641 αὐτοῦ
2780 1626 2795 1649 ,
2839 1588 2935 1641 καὶ
2982 1587 3206 1641 ἔθυσαν
3236 1585 3355 1651 τοῖς
3397 1583 3685 1649 είόώλοις,
3727 1585 3806 1638 καὶ

2296 1678 2667 1742 ἐϐεϐήλωσαν
2686 1677 2751 1731 τὸ
2785 1678 3095 1732 Σάϐϐατον.
3114 1677 3218 1729 Καὶ
3242 1676 3376 1747 μετὰ
3396 1675 3565 1730 ταῦτα
3590 1675 3802 1746 εῐρηται·

2298 1767 2405 1822 Kal
2430 1766 2768 1834 ᾠκοδόμησε
2808 1766 3117 1835 βδέλυγμα
3154 1763 3494 1832 ἐρημώσεως
3506 1764 3609 1831 ,ἐπὶ
3643 1764 3705 1817 τὸ
3727 1767 3806 1817 θυ-

2297 1844 2661 1925 σιαστήριον.
2685 1856 2794 1909 Καί
2817 1873 2883 1926 γε
2907 1856 2976 1909 ἐν
3011 1857 3223 1909 πόλεσι
3260 1853 3442 1908 Ἰούδα
3460 1855 3659 1921 κύκλῳ
3686 1855 3805 1919 ᾠκο-

667 1943 729 1995 de
758 1944 820 1996 ³³.
855 1942 975 1997 Haec
1005 1958 1164 2013 porro
1190 1943 1462 1998 diuturnis
1491 1951 1675 2012 postea
1699 1947 2056 2015 temporibus,
2079 1954 2193 2015 post

2293 1945 2566 2015 ὃόμησαν
2576 1947 2814 2014 ,ϐωμούς
2831 1965 2843 1979 ·
2873 1946 2969 1999 xal
2988 1945 3084 1999 διὰ
3104 1945 3219 1999 τῶν
3241 1942 3431 2011 θυρῶν
3448 1943 3565 1997 τῶν
3582 1944 3806 2005 οἰκείων,

667 2036 948 2105 Assyriaca
980 2045 1032 2089 et
1067 2036 1298 2097 Medica,
1335 2043 1456 2104 post
1484 2035 1699 2090 Persica
1729 2044 1782 2091 et
1813 2045 1934 2104 post
1963 2037 2195 2092 Alexan-

665 2127 749 2181 dri
780 2126 1081 2181 Macedonis
1123 2137 1349 2182 mortem
1393 2135 1539 2196 gesta
1572 2135 1715 2183 sunt.
1757 2126 1824 2179 At
1858 2125 2087 2197 Spiritus
2115 2128 2198 2182 di-

666 2219 823 2291 vinus
859 2228 967 2285 per
1009 2216 1153 2269 hunc
1202 2218 1513 2286 prophetam
1561 2217 1675 2271 haec
1723 2217 1837 2286 ipsa
1874 2218 2197 2273 vaticinatur

666 2309 853 2362 dicens
879 2326 891 2360 :
920 2307 1075 2371 Deus,
1101 2320 1340 2362 venerunt
1362 2319 1534 2379 gentes
1557 2311 1607 2363 in
1637 2310 1987 2364 hwreditatem
2015 2321 2158 2365 tuam
2177 2353 2193 2377 ,

663 2396 957 2463 polluerunt
989 2397 1229 2465 templum
1256 2397 1494 2450 sanctum
1525 2409 1666 2450 tuum
1688 2439 1702 2461 ,
1732 2410 2011 2470 posuerunt
2043 2400 2199 2455 Jeru-

666 2488 827 2539 salem
857 2488 909 2539 in
935 2503 1203 2555 pomorum
1234 2489 1543 2542 custodiam.
1572 2487 1819 2544 —-Van.
1846 2488 1961 2546 2-4.
2009 2490 2198 2545 Posueo

666 2588 787 2629 runt
832 2579 1106 2632 morticina
1153 2595 1411 2633 servorum
1457 2589 1663 2631 tuorum
1703 2596 1847 2633 escas
1897 2581 2195 2634 volatilibus

666 2668 777 2719 τιείί
799 2706 812 2729 ,
845 2684 1024 2722 carnes
1054 2679 1351 2723 sanctorum
1381 2678 1588 2721 tuorum
1625 2667 1799 2722 bestiis
1836 2678 2005 2725 terrte.
2048 2669 2197 2739 Eﬁ'u-

664 2756 848 2810 derunt
869 2761 1163 2829 sanguinem
1204 2776 1379 2813 eorum
1413 2771 1659 2827 tanquam
1688 2775 1875 2828 aquam
1897 2759 1953 2812 in
1977 2760 2195 2813 circuitu

661 2847 981 2915 Jerusalem,
1015 2859 1063 2903 et
1091 2867 1193 2903 non
1236 2861 1346 2904 erat
1392 2853 1479 2919 qui
1521 2850 1778 2917 sepeliret.
1810 2848 1967 2902 Facti
2015 2866 2194 2904 sumus

663 2940 989 3007 opprobrium
1036 2943 1217 2995 vicinis
1262 2942 1489 3002 nostris,
1532 2940 1875 2993 subsannatio
1913 2947 1964 2992 et
2004 2938 2195 3010 derisio

660 3031 726 3081 iis
770 3033 857 3098 qui
895 3033 949 3085 in
991 3034 1214 3084 circuitu
1255 3040 1434 3085 nostra
1465 3040 1607 3084 sunt.
1641 3028 1747 3083 Pro
1778 3029 1869 3082 illo
1898 3036 2074 3084 autem
2097 3070 2111 3092 ,
2142 3031 2194 3084 in

659 3136 927 3187 pomorum
956 3121 1248 3174 custodiam
1268 3160 1283 3183 ,
1314 3122 1507 3190 Aquila
1525 3162 1540 3185 ,
1569 3121 1624 3173 in
1654 3134 1890 3173 acervum
1918 3119 2150 3187 lapidum
2173 3137 2192 3186 ;

663 3206 1016 3278 Symmachus
1046 3225 1173 3264 vero
1191 3250 1206 3274 ,
1235 3210 1289 3264 in
1316 3210 1482 3263 saltus
1503 3251 1518 3274 ,
1544 3209 1845 3264 ediderunt.

2299 2037 2394 2091 καὶ
2426 2038 2494 2090 ἐν
2524 2037 2650 2103 ταῖς
2698 2039 2997 2104 πλατείαις
3026 2037 3277 2106 ἐθυμίων
3320 2035 3411 2088 ἐπ’
3440 2036 3676 2100 αὐτούς.
3719 2035 3805 2087 Kal

2299 2129 2369 2183 τὰ
2409 2130 2615 2193 βιϐλία
2655 2129 2758 2182 τοῦ
2796 2128 3034 2198 ψαλμοῦ
3079 2128 3117 2182 d
3145 2118 3321 2203 εὗρον
3343 2127 3805 2197 κατασχίσαντες,

2297 2218 2652 2287 ἐνεπύρισαν
2673 2220 2741 2271 ἐν
2778 2220 2937 2287 πυρί.
2969 2218 3077 2271 Καὶ
3098 2217 3403 2284 ὲπιλέγεται
3421 2234 3434 2248 ·
3465 2217 3572 2269 Kal
3625 2211 3807 2268 πολλοὶ

2298 2309 2367 2363 ἐν
2405 2308 2638 2377 Ἰσραὴλ
2660 2308 3056 2377 ὼχυρώθησαν
3073 2308 3141 2361 ἐν
3172 2307 3367 2372 αὐτοῖς
3393 2306 3497 2360 τοῦ
3520 2306 3605 2374 μὴ
3629 2302 3808 2373 φαγεῖν

2300 2398 2487 2452 κοινά.
2527 2398 2636 2452 Kal
2660 2398 3024 2463 ἀπεδέξαπο
3053 2396 3389 2462 ἀποθανεῖν,
3425 2397 3523 2449 ἵνα
3559 2395 3641 2465 μὴ
3666 2409 3808 2462 μιαν-

2300 2489 2443 2543 θῶσι
2479 2489 2601 2556 τοῖς
2631 2488 2922 2557 βρώμασι,
2964 2488 3061 2542 καὶ
3091 2488 3403 2543 ἀπέθανον.
3456 2486 3565 2540 Kal
3605 2485 3809 2554 ἐγένετο

2299 2580 2442 2650 ὁρτὴ
2474 2580 2703 2651 μεγάλη
2744 2580 2841 2633 ἐπὶ
2872 2579 3103 2647 Ἰσραὴλ
3137 2578 3387 2647 σφόδρα.
3426 2577 3606 2631 Ταῦτα
3641 2577 3692 2628 δὲ
3718 2592 3806 2645 μα-

2300 2673 2447 2740 κροῖς
2486 2670 2703 2739 ὕστερον
2743 2669 3038 2740 ἐπληροῦτο
3074 2668 3279 2739 χρόνοις
3310 2666 3447 2736 μετὰ
3481 2668 3548 2719 τὰ
3583 2663 3807 2735 Ἀσσύρια

2301 2760 2390 2812 καὶ
2420 2758 2654 2828 Μηδικὰ,
2702 2759 2794 2811 καὶ
2844 2758 2978 2827 μετὰ
3020 2756 3087 2809 τὰ
3132 2757 3371 2827 Περσικὰ
3417 2757 3510 2809 καὶ
3556 2754 3685 2826 μετὰ
3723 2753 3809 2823 τὴν

2312 2846 2647 2921 Ἀλεξάνδρου
2698 2847 2791 2901 τοῦ
2834 2848 3133 2913 Μακέδονος
3188 2848 3459 2919 τελευτήν.
3506 2846 3578 2899 Τό
3619 2862 3678 2913 γε
3717 2842 3809 2914 μὴν

2299 2939 2518 3010 Πνεῦμα
2562 2940 2622 2993 τὸ
2670 2939 2807 2993 θεῖον
2852 2937 2937 2993 διὰ
2987 2939 3081 2991 τοῦ
3135 2938 3268 3009 μετὰ
3322 2939 3508 3009 χεῖρας
3555 2936 3809 3006 προφήτου

2297 3033 2433 3085 αὐτὰ
2464 3031 2525 3105 δὴ
2566 3032 2735 3084 ταῦτα
2766 3031 3007 3093 θεσπίζει
3035 3030 3215 3098 λέτοψ
3262 3030 3315 3080 '0
3352 3028 3521 3095 Θεὸς,
3560 3028 3808 3097 clariﬁc-

2297 3136 2415 3173 σαν
2443 3121 2584 3188 ἔθνη
2616 3122 2701 3185 είς
2726 3119 2840 3186 τὴν
2865 3119 3258 3187 κληρονομίαν
3291 3122 3428 3181 σου,
3452 3116 3695 3185 ἐμίαναν
3718 3112 3810 3166 τὸν

2296 3212 2444 3266 ναὸν
2497 3212 2603 3264 τὸν
2657 3211 2825 3280 ἅγιόν
2870 3225 2983 3263 σου
3002 3250 3019 3275 ,
3070 3209 3269 3263 ἔθεντο
3322 3207 3693 3277 Ἰερουσαλὴμ
3736 3206 3809 3267 είς

661 3303 1161 3371 ὀπωροςρυλάκιον.
1194 3305 1427 3358 Ἕθεντο
1457 3304 1527 3357 τὰ
1562 3303 1880 3372 θνησιμαῖα
1918 3286 2035 3358 τῶν
2098 3304 2329 3357 δούλων
2358 3319 2473 3387 σου
2499 3303 2705 3372 ,βρῶμα
2744 3304 2866 3369 τοῖς
2904 3303 3189 3371 πετεινοῖς
3234 3302 3340 3357 τοῦ
3397 3300 3667 3370 οὐρανοῦ,
3719 3300 3809 3361 τὰς

660 3394 886 3461 σάρκας
934 3393 1049 3447 τῶν
1076 3395 1255 3449 ὁσίων
1286 3410 1398 3449 σου
1454 3394 1575 3459 τοῖς
1631 3396 1852 3463 θηρίοις
1911 3396 2021 3463 τῆς
2064 3393 2190 3464 γῆς.
2244 3395 2515 3463 Ἐξέχεαν
2554 3396 2619 3447 τὸ
2652 3388 2789 3462 αἷμα
2816 3395 3010 3447 αὐτῶν
3044 3396 3123 3461 ὡς
3152 3393 3304 3463 ὕδωρ
3364 3395 3565 3458 κύκλῳ
3620 3393 3808 3459 Ἰερου-

657 3484 879 3554 σαλὴμ,
905 3485 1002 3539 καί
1049 3488 1157 3540 οὐκ
1194 3481 1271 3556 ἦν
1304 3490 1337 3539 ό
1381 3486 1632 3541 θάπτων.
1669 3486 2057 3560 Ἐγενήρημεν
2105 3487 2330 3552 ὄνειδος
2372 3486 2494 3553 τοῖς
2527 3487 2785 3561 γείτοσιν
2815 3487 2997 3557 ἡμῶν,
3033 3485 3435 3557 μυκτηρισμὸς
3470 3485 3567 3539 καὶ
3613 3486 3806 3554 χλευα-

656 3574 809 3643 σμὸς
850 3576 971 3641 τοῑς
1009 3577 1206 3640 κύκλῳ
1250 3577 1432 3645 ἡμῶν.
1486 3578 1631 3629 Ἀντί¹
1676 3578 1731 3629 δὲ
1772 3576 1888 3641 τοῦ,
1931 3580 2017 3642 είς
2064 3578 2566 3649 ὀπωροφυλάκιον,
2624 3581 2653 3632 ὁ
2694 3580 2791 3651 μὲν
2835 3579 3081 3644 Ἀκύλας,
3127 3581 3229 3648 είς.
3264 3578 3641 3648 λιθολογίαν,
3674 3574 3700 3626 ὁ
3757 3572 3803 3624 δὲ

656 3666 962 3736 Σύμμαχος,
989 3668 1073 3731 είς
1103 3667 1358 3735 δρυμοὺς
1389 3666 1731 3720 ὲκδεὸὠκασι.

726 3753 890 3809 Vens.
922 3755 954 3808 5
1002 3752 1287 3823 Usquequo,
1306 3753 1539 3819 Domine,
1567 3756 1808 3810 irasceris
1829 3757 1883 3809 in
1900 3754 2085 3826 ﬁnem,
2111 3772 2193 3811 ac-

2363 3756 2513 3822 Ἓως
2533 3757 2693 3818 πότε,
2715 3756 2905 3823 Κύριε,
2931 3754 3257 3825 ὁργισθήσῃ
3288 3755 3372 3819 είς
3396 3752 3585 3819 τέλος,
3612 3734 3802 3809 ἐκκαιο-

656 3833 899 3899 cendetur
940 3844 1077 3898 velut
1116 3845 1251 3913 ignis
1282 3843 1422 3897 zelus
1453 3852 1571 3898 tuus
1599 3847 1624 3901 Ρ
1656 3844 1882 3901 Videtur
1908 3846 2035 3903 mihi
2064 3862 2190 3917 pro-

652 3935 814 4005 pheta
864 3934 1043 4004 Asapb
1088 3942 1214 4005 post
1259 3934 1660 3991 accusationem
1707 3932 1932 3993 Judaici‘
1969 3938 2185 4009 populi,

2291 3843 2531 3913 θήσεται
2545 3845 2623 3908 ὠς
2644 3843 2762 3911 πῦρ
2789 3846 2820 3897 ό
2852 3842 3025 3910 ζῆλός
3045 3856 3194 3904 σου;
3216 3844 3368 3894 Δοκεῖ
3394 3858 3482 3911 μοι
3501 3842 3531 3893 ὁ
3552 3844 3805 3912 προφήτης

2304 3933 2471 4003 Ἀσὰφ
2493 3934 2628 4004 μετὰ
2653 3930 2749 4003 τὴν
2777 3933 2869 3986 τοῦ
2904 3930 3161 3993 Ἰουδαίων
3186 3930 3366 3995 ἔθνους
3391 3934 3727 4004 κατηγορίαν,
3748 3934 3807 4002 ἡν

655 4040 816 4096 quam
852 4026 904 4079 in
929 4024 1255 4095 praecedenti
1282 4025 1548 4087 instituit,
1579 4025 1693 4080 haec
1733 4027 1979 4098 apposite
2026 4026 2193 4093 indu-

2293 4024 2577 4095 πεποίηται
2608 4025 2666 4077 ὲν
2712 4021 2792 4092 τῷ
2836 4021 2939 4093 πρὸ
2978 4023 3209 4083 τούτου,
3257 4015 3325 4074 τὰ
3380 4022 3698 4093 προκείμενα
3728 4021 3806 4074 καὶ

654 4132 814 4178 cere,
849 4131 978 4201 ‘quze
1022 4116 1178 4187 quasi
1225 4116 1293 4170 ad
1327 4116 1681 4201 piscationem
1724 4126 1775 4173 et
1814 4118 1880 4172 ad
1924 4117 2185 4173 medelam

655 4221 840 4262 eorum
872 4220 990 4275 quae
1022 4207 1170 4274 prius
1197 4207 1518 4276 reprehensa
1546 4206 1695 4263 fuere
1717 4209 2010 4278 composita
2039 4217 2185 4264 sunt.

655 4297 917 4352 Recenset
940 4297 1121 4365 itaque
1146 4297 1295 4349 saria
1314 4284 1728 4369 'mortisgenera
1756 4299 2061 4355 Iudaeorum
2093 4302 2187 4370 qui
2225 4345 2228 4347 λ

653 4404 753 4459 pro
797 4389 995 4457 pietate
1039 4389 1351 4460 martyrium
1402 4394 1534 4444 tunc
1586 4390 1895 4447 subierunt;
1944 4391 2185 4457 Quorum

654 4470 939 4533 morticina
1001 4480 1202 4534 inimici
1247 4480 1345 4535 Dei
1396 4480 1450 4534 in
1497 4495 1651 4536 escas
1710 4482 2016 4539 volatilibus
2059 4483 2186 4537 coeli

654 4570 952 4634 dederunt,
983 4580 1035 4625 et
1069 4585 1264 4626 carnes
1305 4578 1619 4626 sanctorum
1653 4571 1743 4626 Dei
1785 4573 1972 4629 bestiis
2007 4580 2182 4627 terrae.

651 4658 961 4731 Opportune
988 4662 1149 4731 igitur
1174 4661 1363 4731 prosiis
1389 4660 1556 4718 Deum
1589 4662 1767 4732 placat
1795 4700 1811 4725 ,
1842 4677 1905 4717 ac
1934 4663 1978 4718 si
2013 4663 2186 4718 sacri-

651 4748 833 4803 ﬁcium
889 4749 992 4817 ipsi
1042 4756 1215 4805 morte
1264 4756 1575 4805 sanctorum
1630 4763 1853 4804 suorum
1902 4750 2180 4805 oﬂ‘eratur.

2289 4113 2590 4178 ἀκολούθως
2643 4112 2887 4180 ἐπάγειν,
2929 4111 3267 4183 ὲξιλεούμενα
3314 4110 3500 4183 ὦσιπρ
3537 4114 3627 4166 καὶ
3667 4111 3806 4183 θερα-

2293 4204 2519 4258 πεύοντα
2561 4204 2630 4258 τὰ
2654 4202 2742 4258 διὰ
2785 4202 2893 4254 τῶν
2931 4201 3230 4275 ἔμπροσθεν
3264 4203 3618 4275 ἐληλεγμένα.
3645 4206 3806 4258 Κατα-

2292 4293 2434 4362 λέγει
2463 4294 2589 4364 γοῦν
2623 4293 2747 4357 τοὺς
2775 4294 2911 4365 ὑπὲρ
2950 4294 3221 4359 εὑσιεὸείας
3263 4294 3519 4359 θανάτους
3550 4295 3651 4349 τῶν
3673 4293 3803 4364 παρ’

2293 4388 2472 4449 αὐτοῖς
2498 4386 2765 4455 Ἰουδαίοις
2800 4369 3286 4457 μεμαρτυρηκότων
3304 4404 3317 4417 ’
3344 4380 3420 4441 ὧν
3438 4388 3805 4460 τὰνθνησιμαία

2287 4479 2335 4529 οἱ
2362 4475 2542 4547 ἐχθροὶ
2584 4474 2677 4528 τοῦ
2696 4474 2839 4541 ⁴Θεοῦ
2884 4475 3060 4531 ἔθεντο
3092 4475 3375 4548 βρώματαλ
3404 4481 3517 4541 τοῖς
3561 4479 3805 4535 πετεινοῖς

2288 4563 2380 4618 τοῦ
2422 4563 2647 4634 οὐρανοῦ
2666 4602 2682 4627 ,
2710 4565 2802 4619 καὶ
2831 4565 2929 4628 τὰς
2970 4565 3173 4636 σάρκας
3213 4564 3319 4618 τῶν
3356 4564 3519 4618 ὁσίων
3561 4565 3647 4617 τοῦ
3686 4560 3801 4631 Θεοῦ

2289 4656 2398 4717 τοῖς
2429 4652 2631 4725 θηρίοις
2667 4654 2764 4723 τῆς
2795 4654 2915 4725 γῆς.
2953 4655 3233 4725 Εὐκαίρως
3271 4650 3445 4707 τοίνυν
3494 4653 3585 4706 ἐπὶ
3616 4651 3803 4712 τούτοις

2293 4745 2561 4798 ἱλάσκεται
2591 4746 2691 4799 τὸν
2722 4745 2852 4799 Θεὸν
2875 4784 2890 4811 ,
2928 4746 3125 4801 ὡσανεὶ
3149 4744 3333 4807 θυσίας
3374 4742 3521 4814 αὐτῷ
3559 4759 3802 4815 προσενη-

652 4839 1007 4907 Quamobrem
1047 4841 1158 4894 ait:
1192 4839 1479 4911 Usquequo,
1511 4840 1747 4905 Domine,
1778 4841 2019 4894 irasceris
2046 4842 2098 4895 in
2123 4841 2188 4910 ﬁ-

2293 4838 2549 4909 νεγμένης
2582 4837 2676 4892 τοῦ
2708 4838 2934 4897 θανάτου
2955 4838 3064 4892 τῶν
3108 4835 3267 4890 ὁσίων
3297 4834 3481 4889 αὐτοῦ.
3514 4836 3603 4887 Διὸ
3621 4846 3801 4905 φησιν·

652 4947 765 4985 nem
782 4932 808 4985 ?
832 4929 896 4983 ad
928 4929 1167 4997 priorum
1202 4932 1509 4986 memoriam
1537 4946 1840 4988 sermonem
1873 4930 2137 4988 reducens
2160 4972 2173 4995 ,

649 5022 805 5092 queis
858 5020 1135 5074 dicebatur
1170 5039 1185 5075 :
1225 5018 1434 5091 thuid,
1496 5020 1657 5085 Deus,
1714 5022 1954 5091 repulisti
2006 5024 2061 5076 in
2111 5025 2180 5092 ﬁ—

650 5126 765 5164 nem
792 5109 875 5163 "?
899 5106 1027 5162 Vult
1057 5108 1199 5162 enim
1230 5116 1524 5164 extremam
1554 5109 1697 5163 illam
1730 5110 1913 5179 populi
1961 5111 2173 5165 ruinam

648 5210 701 5255 et
725 5200 1075 5269 abjectionem
1099 5199 1357 5261 cohiberi.
1376 5207 1429 5255 et
1452 5215 1546 5270 per
1570 5200 1847 5269 sanguinis
1865 5209 2179 5256 sanctorum

589 5316 592 5321 ν
649 5304 870 5345 suorum
906 5290 1217 5345 memoriam
1269 5291 1404 5345 iram
1458 5291 1658 5346 sedari.
1707 5288 2007 5361 Utrumque
2051 5304 2179 5346 vero

647 5379 873 5442 dictum,
908 5394 1118 5448 nempe,
1156 5377 1447 5449 Usquequo,
1482 5379 1725 5441 Domine.
1767 5380 2010 5434 irasceris
2040 5380 2093 5434 in
2122 5379 2184 5447 ﬁ-

647 5471 802 5526 nem?
825 5478 879 5525 et
897 5472 1038 5541 quod
1061 5459 1326 5541 sequitur,
1362 5470 1679 5539 Exardescet
1708 5471 1840 5525 sicut
1868 5473 1999 5543 ignis
2033 5471 2178 5527 zelus

2290 4927 2433 4993 Ἕως
2471 4929 2640 4993 πότε,
2673 4929 2848 4998 Κύριε
2868 4968 2882 4993 ,
2913 4926 3238 4999 ὀρτισθήσῃ
3281 4927 3367 4992 είς
3403 4924 3618 4992 ’τέλος
3666 4926 3804 4978 Ἀνα-

2286 5014 2513 5103 πέμπων
2547 5018 2637 5071 τὸν
2664 5018 2817 5087 λόγον
2854 5019 2945 5071 ἐπὶ
2982 5016 3078 5088 τὴν
3111 5017 3325 5103 μνήμην
3364 5015 3471 5070 τῶν
3501 5013 3800 5089 ἔμπροσθεν,

2223 5119 2227 5121 '
2281 5106 2346 5160 δι’
2370 5101 2444 5162 ὧν
2474 5110 2681 5182 είρητο’
2722 5109 2911 5173 ’1νατί,
2954 5110 2988 5162 ὀ
3027 5105 3186 5174 Θεὸς,
3237 5100 3453 5160 ἀπώσω
3492 5109 3577 5174 είς
3612 5106 3801 5169 tunc;

2282 5198 2531 5254 Βούλεται
2560 5199 2666 5273 γὰρ
2703 5200 2801 5274 τὴν
2843 5200 2921 5263 είς
2964 5196 3112 5260 τέλος
3151 5186 3460 5251 ἀπόπτωσιν
3498 5198 3587 5271 καὶ
3622 5195 3803 5250 ἀποδον·

2283 5289 2378 5362 λὴν
2407 5288 2496 5343 τοῦ
2534 5290 2661 5344 λαοῦ
2698 5288 3062 5359 ἐπισχεθῆναι,
3088 5290 3177 5341 καὶ
3208 5288 3275 5343 τὰ
3301 5289 3399 5359 τῆς
3428 5289 3591 5361 ρργῆς
3611 5286 3803 5341 παύσα-
3918 5346 3919 5355 γ

2286 5379 2406 5433 σθαι
2430 5379 2516 5436 διὰ
2542 5380 2645 5451 τῆς
2677 5381 2894 5451 μνήμης
2934 5378 3026 5432 τοῦ
3054 5379 3276 5449 αἵματος
3307 5379 3413 5432 τῶν
3447 5379 3602 5433 ὁσίων
3631 5369 3802 5430 αὑτοῦ.

2284 5474 2416 5527 Κατ’
2460 5472 2758 5544 ἀμφότερον
2798 5464 3090 5543 δὲ’ἀκούσῃ
3130 5471 3210 5538 τὸ,
3237 5472 3381 5539 Ἕως
3426 5473 3585 5540 πότε,
3621 5468 3803 5536 Κύριε,

716 5649 1222 5715 ⁸⁸1Μοοὴ.ι,21.
1298 5652 1340 5684 ιν
1381 5651 1508 5705 ibid.
1542 5650 1632 5705 ιι.
1709 5648 2187 5731 "ibid-.5131

2293 5651 2327 5708 ι.
2360 5638 2447 5708 65.
2526 5653 2570 5688 "
2606 5654 2749 5711 Psal.
2783 5666 2985 5718 Lxxm,
3024 5651 3077 5705 l.

718 5804 788 5873 (ι)
820 5804 1013 5863 Haecin
1035 5803 1217 5861 Bibliis
1240 5806 1454 5875 paulum
1480 5770 1691 5860 diversa
1722 5812 1866 5859 sunt.
