3974 6354
190 392 287 445 985

1280 394 1774 451 COMMENTARIA
1814 396 1879 450 IN
1918 389 2244 450 PSALMOS.

3237 395 3339 449 946

188 505 503 577 (ἔργω-θήσῃ
531 510 617 574 εις
652 508 855 574 τέλος
880 509 972 563 καὶ
1013 507 1150 561 κατὰ
1175 509 1298 571 τοὺς
1329 511 1452 580 egi;
1485 509 1719 577 ἐπιλεγο-

1830 517 1950 564 tuus
1973 511 1997 563 .9
2020 508 2101 563 sic
2132 506 2433 575 intelligas:
2467 504 2756 574 Quousque
2788 508 2901 561 haec
2928 508 3116 562 erunt?
3144 507 3345 564 Dicitur

189 598 393 670 μένους,
434 597 985 683 Ἐκκαυθήςεταιὼς
1009 597 1123 665 πῦρ
1152 600 1183 650 d
1209 595 1383 663 ζῆλός
1403 613 1552 659 σου;
1582 598 1724 660 Ἕως

187 689 307 741 πότε
336 686 445 758 γὰρ
474 682 744 742 καὶτοῦτο
767 688 947 751 Eatur;
978 688 1232 740 Λέλεκται
1260 688 1317 741 δὲ
1347 691 1376 742 ό
1400 688 1554 758 ζῆλος
1588 687 1725 741 κατὰ

186 778 489 851 παραϐολὴν
524 779 633 831 τῶν
672 780 739 832 δι’
769 778 1079 848 ὑπερϐολὴν
1101 778 1383 841 διαθέσεως
1430 778 1725 847 ζηλούντων

183 869 276 933 τὰς
304 870 507 923 ἑαυτῶν
536 869 792 940 γαμετὰς,
817 871 863 922 εί
889 868 1196 939 προσέχοιεν
1218 869 1417 937 ἕτεροις
1440 866 1687 937 ἀνδράσιν
1706 884 1718 897 ·

185 958 320 1013 οὕτω
344 959 472 1028 γοῦν
501 961 594 1013 καὶ
616 959 716 1012 ἐπὶ
752 959 843 1011 τοῦ
883 958 1013 1011 Θεοῦ
1065 958 1162 1027 τὴν
1197 957 1469 1029 ἐκδίκησιν
1498 957 1603 1011 τῶν
1628 958 1724 1021 τὰς

186 1049 319 1120 πρὸς
356 1050 516 1102 αὐτὸν
579 1048 849 1118 συνθήκας
893 1047 1325 1121 παραϐαινόντων
1348 1046 1524 1118 ,ζῆλον
1569 1047 1723 1101 εῐωθε

185 1140 363 1193 καλεῖν
412 1140 443 1193 ό
486 1138 659 1206 λόγος.
704 1138 952 1192 Ὶκετεύει
994 1136 1167 1192 τοίνυν
1210 1141 1240 1192 ό
1282 1139 1565 1209 Προφήτης
1608 1138 1724 1206 ἦτοι

184 1227 239 1293 ἐξ
272 1227 403 1282 ίδίου
432 1226 738 1299 προσώπου,
767 1226 800 1298 ἢ
830 1228 922 1281 καὶ
950 1227 1025 1291 ὡς
1062 1230 1125 1280 ὲκ
1150 1227 1256 1280 τῶν
1282 1225 1419 1280 κατὰ
1444 1229 1566 1290 τοὺς
1606 1229 1723 1282 Ἀν-

183 1320 355 1388 τιόχου
404 1318 622 1391 χρόνους
674 1319 1056 1397 διασωθέντων,
1106 1318 1239 1388 μετὰ
1280 1310 1378 1389 τὴν
1428 1320 1726 1390 πρόρρησιν

180 1407 285 1462 τῶν
313 1407 609 1479 μελλόντων
641 1409 852 1463 ἔσεσθαι
890 1411 1027 1464 κατὰ
1066 1409 1323 1478 Ἀντίοχον
1357 1409 1449 1464 τὸν
1483 1409 1581 1479 τῆς
1623 1411 1724 1462 Συ-

184 1497 297 1567 ρίας
320 1498 557 1567 βασιλέα,
591 1498 707 1553 καθ’
735 1500 792 1552 ὃν
820 1502 868 1553 οἱ
893 1502 1027 1554 ὅσιοι
1061 1498 1153 1553 τοῦ
1177 1498 1310 1553 Θεοῦ
1344 1500 1435 1552 τὸν
1472 1500 1609 1571 ὑπὲρ
1634 1500 1722 1553 εὐ-

183 1588 387 1652 σεϐείας
430 1589 656 1644 θάνατον
688 1591 1145 1662 ὑπομεμενήκασι,
1186 1589 1490 1645 παύσασθαι
1528 1590 1628 1661 μὲν
1657 1592 1724 1645 τὰ

180 1677 270 1747 τῆς
300 1678 469 1750 ὀργῆς
494 1680 591 1749 τῆς
625 1678 766 1733 κατὰ
792 1680 884 1733 τοῦ
922 1680 1071 1745 λαοῦ,
1104 1670 1456 1752 μετελθεῖνδὲ
1508 1682 1629 1746 τοὺς
1673 1684 1729 1735 t-

182 1764 366 1835 χθροὺς
389 1767 675 1824 αὐτοῦ.Διό
698 1785 878 1839 φησιν’
907 1767 1148 1840 Ἕκχεογ
1170 1771 1283 1838 τὴν
1302 1772 1482 1841 ὀργήν
1500 1788 1613 1827 σου
1632 1773 1729 1827 ἐπὶ

1822 608 2001 653 autem
2031 600 2198 664 zelus,
2223 598 2289 652 ad
2317 597 2618 667 exemplum
2649 612 2835 651 eorum
2865 599 2956 666 qui
2988 600 3166 655 nimiae
3206 602 3348 656 zelo-

1821 690 1979 760 typite
2006 688 2194 744 aﬂ'ectu
2225 695 2473 744 tenentur
2490 702 2614 757 erga
2634 704 2850 753 uxores,
2875 689 2920 743 si
2950 690 3015 745 ad
3043 691 3177 746 alios
3205 692 3349 749 viros

1823 780 2112 846 accedant;
2147 780 2228 834 sic
2258 780 2400 835 enim
2428 787 2480 833 et
2510 779 2564 831 in
2589 778 2695 833 Deo
2725 780 2983 834 ultionem
3038 795 3221 835 eorum
3256 784 3347 853 qui

1823 880 1977 942 pacta
2001 887 2123 926 cum
2154 887 2220 927 eo
2253 872 2386 926 inita
2419 872 2737 941 transgressi
2792 881 2947 931 sunt.
2978 872 3149 928 zelum
3205 873 3349 927 Scri-

1822 946 1978 1032 ptura
2000 962 2137 1016 solet
2165 961 2451 1039 appellare.
2481 960 2756 1031 Supplicat
2773 976 2901 1031 ergo
2924 961 3211 1032 Propheta,
3236 965 3349 1017 sive

1821 1069 1885 1108 ex
1915 1053 2129 1122 propria
2158 1040 2407 1122 persona,
2425 1051 2538 1108 sive
2561 1066 2743 1106 eorum
2770 1052 2983 1105 nomine
2999 1052 3090 1121 qui
3112 1059 3350 1122 tempore

1824 1140 2076 1195 Antiochi
2106 1141 2238 1196 salvi
2274 1140 2400 1194 lacti
2420 1146 2569 1202 sunt,
2602 1149 2722 1209 post
2749 1138 3145 1209 praedictionem
3162 1154 3350 1195 eorum

1823 1248 1940 1302 quae
1964 1241 2204 1303 tempore
2237 1232 2486 1288 Antiochi
2518 1231 2685 1302 Syriae
2718 1230 2861 1300 regis
2891 1238 3146 1285 eventura
3172 1240 3346 1293 erant,

1822 1322 2041 1391 quando
2063 1322 2235 1376 sancti
2266 1320 2357 1376 Dei
2393 1336 2490 1391 pro
2517 1321 2714 1390 pietate
2747 1327 2973 1373 mortem
3005 1317 3251 1381 subiere,
3291 1325 3348 1372 ut

1822 1419 1998 1467 cesset
2048 1411 2128 1465 ira
2192 1412 2389 1482 populo
2440 1412 2704 1474 immissa,
2738 1417 2791 1472 et
2841 1407 3057 1463 invadat
3108 1408 3353 1462 inimicus

1822 1498 1960 1566 ejus.
1992 1497 2347 1563 Quamobrem
2371 1499 2444 1551 ait
2474 1517 2487 1552 :
2519 1497 2766 1554 —Vens.
2802 1497 2856 1559 6,
2885 1498 2932 1550 7.
2968 1495 3188 1564 Effunde
3215 1497 3350 1549 iram

1826 1598 1970 1643 tuam
1996 1590 2049 1642 in
2070 1597 2239 1658 gentes
2271 1604 2383 1656 qua:
2406 1597 2455 1642 te
2479 1604 2582 1641 non
2613 1598 2883 1651 noverunt,
2905 1597 2952 1641 et
2980 1589 3033 1641 in
3052 1604 3213 1657 regna
3238 1603 3350 1657 qua:

1826 1696 2009 1734 nomen
2066 1689 2209 1732 tuum
2258 1695 2359 1732 non
2412 1670 2803 1733 invocaverunt.
2845 1679 2979 1743 Quia
3027 1678 3352 1732 comederunt

1824 1770 2010 1833 Jacob,
2044 1780 2092 1823 et
2114 1770 2281 1824 locum
2308 1770 2419 1838 ejus
2475 1769 2850 1823 desolaverunt.
2881 1769 3190 1837 Opportune
3239 1770 3354 1825 exi-

182 1856 247 1908 τὰ
275 1857 418 1925 ἔθνη
448 1857 521 1910 τὰ
542 1856 629 1926 μὴ
659 1838 1136 1926 γινώσκοντᾶσε,
1166 1861 1262 1914 καί
1293 1838 1391 1913 ἐπί
1408 1862 1719 1929 βασιλείας

1823 1862 1983 1917 stimo
2008 1862 2098 1915 hic
2154 1859 2337 1915 Jacobi
2388 1860 2716 1915 mentionem
2770 1859 2905 1924 ﬁeri,
2937 1860 3007 1913 ob
3037 1838 3351 1929 religionem

180 1942 237 1997 at
278 1944 343 1997 τὸ
389 1944 574 2013 ὄνομά
608 1961 723 2000 σου
761 1948 869 2000 οὐκ
901 1946 1359 2003 ἐπεκαλέσαντο.
1402 1951 1519 2003 Ὅτι
1562 1950 1725 2003 κατέ-

181 2050 364 2103 φαγον
400 2035 507 2087 τὸν
541 2034 755 2099 Ἰακὼϐ,
786 2037 883 2089 καὶ
921 2036 1029 2090 τὸν
1062 2038 1244 2090 τόπον
1274 2039 1456 2093 αὑτοῦ
1497 2039 1725 2108 ἠρήμω-

180 2140 319 2200 car.
344 2125 498 2178 Κατὰ
542 2126 730 2195 καιρὸν
775 2126 828 2179 δὲ
874 2129 930 2180 ὲν
966 2125 1175 2191 ’τούτοις
1210 2129 1302 2181 τοῦ
1348 2129 1538 2183 Ἰακὼϐ
1574 2127 1723 2200 οἶμαι

182 2215 495 2287 πεποιῆσθαι
520 2216 619 2287 τὴν
652 2216 865 2288 μνήμην
889 2218 986 2288 τῆς
1010 2218 1101 2271 τοῦ
1131 2218 1355 2272 παλαιοῦ
1387 2222 1723 2292 προπάτορος

182 2304 479 2370 θεοσεϐείας
518 2308 695 2360 ἕνεκα.
732 2308 817 2371 Ὠς
848 2308 957 2379 γὰρ
998 2308 1419 2382 ὑπομιμνήσκων
1465 2312 1555 2365 τὸν
1596 2313 1723 2365 Θεὸν

183 2393 271 2446 τοῦ
308 2394 579 2466 θεοφιλοῦς
605 2399 794 2471 ἀνδρὸς
823 2400 915 2453 καὶ
944 2400 1040 2470 τῆς
1070 2401 1272 2455 ἐκείνου
1302 2402 1515 2473 ἀρετῆς,
1555 2404 1722 2457 δυσω-

186 2487 273 2537 πεῖ
315 2486 401 2539 διὰ
448 2487 545 2557 τῆς
592 2481 797 2542 ἐκείνου
832 2492 1066 2561 μνήμης,
1114 2492 1206 2544 καὶ
1258 2492 1484 2545 ίλεοῦται
1523 2492 1591 2546 τὰ
1621 2511 1723 2547 πα-

186 2574 353 2645 ρόντα.
396 2576 487 2631 Ἑν
507 2579 605 2648 μὲν
645 2579 721 2649 τῷ
756 2580 860 2649 πρὸ
900 2581 1087 2634 τούτου
1125 2582 1340 2655 ψαλμῷ,
1371 2585 1602 2653 ὁπηνίκα
1628 2586 1721 2639 τοῦ

194 2662 379 2736 Ἰωσὴφ
408 2667 802 2738 ἐμνημόνευεν,
838 2673 898 2729 οὐ
947 2671 1049 2723 τὸν
1078 2672 1288 2741 Ἰωσὴφ,
1318 2671 1450 2726 ἀλλὰ
1489 2675 1548 2727 τὸ
1593 2677 1739 2745 σκή-,

183 2768 334 2822 νωμα
363 2755 522 2807 αὑτοῦ
551 2756 941 2831 ἁποϐεϐλῆσθαι
974 2759 1120 2829 ἔλεγε
1162 2760 1245 2815 διὰ
1273 2762 1363 2815 τοῦ
1383 2781 1396 2793 ο
1424 2763 1533 2816 Καὶ
1563 2765 1719 2818 ἀπώ-

184 2855 325 2895 σατο
352 2844 419 2897 τὸ
442 2845 727 2917 σκήνωμα
751 2851 988 2919 Ἰωσὴφ,
1012 2851 1106 2905 καί
1136 2853 1247 2921 τὴν
1263 2855 1465 2922 φυλὴν
1487 2857 1724 2926 Ἐφραῖμ

120 2964 125 2967 ~
184 2933 287 2985 οὐκ
324 2932 656 3002 ἐξελέξατο,
688 2939 779 2992 τοῦ
822 2940 976 3009 λόγου
1027 2942 1372 3011 σημαίνοντος
1404 2945 1495 2998 τόν
1527 2947 1585 2998 ὲν
1621 2947 1722 3017 Ση-

184 3019 297 3091 λὼμ
342 3024 532 3079 τόποψ
567 3027 791 3099 ἐπείπερ
837 3031 894 3081 ὲν
945 3029 1123 3100 κλήρῳ
1164 3032 1261 3101 τῆς
1306 3033 1475 3101 φὺλῆς
1530 3033 1720 3106 Ἰωσὴφ

1823 1950 1983 2019 prisci
2016 1952 2159 2007 illius
2191 1950 2350 2005 atavi.
2398 1948 2530 2003 Nam
2572 1950 2728 2004 talem
2761 1949 2933 2002 virum
2962 1947 3071 2003 Deo
3098 1948 3351 2003 dilectum

1821 2042 2045 2111 ejusque
2067 2041 2322 2094 virtutem
2363 2038 2465 2108 ipsi
2517 2037 2627 2093 Deo
2661 2052 3109 2099 commemorans,
3139 2037 3350 2092 videtur

1820 2129 1938 2199 ejus
1965 2130 2233 2184 mentione
2264 2128 2401 2182 facta
2431 2128 2606 2196 ipsum
2637 2128 3009 2197 deprecari,et
3031 2128 3085 2180 in
3101 2127 3348 2196 praesenti

1821 2236 1950 2276 casu
2002 2221 2291 2291 propitium
2352 2218 2597 2284 reddere.
2650 2217 2705 2270 In
2760 2218 3083 2287 praecedenti
3135 2218 3349 2288 quidem

1821 2312 2046 2381 psalmo,
2083 2310 2299 2380 quando
2332 2308 2624 2379 Josephum
2649 2311 2989 2373 memoravit,
3018 2322 3125 2364 non
3175 2312 3349 2379 ipsum

1819 2394 2130 2472 Josephum,
2154 2402 2250 2458 sed
2278 2400 2685 2457 tabernaculum
2712 2400 2831 2468 ejus
2878 2402 3151 2469 repulsum
3184 2401 3351 2481 fuisse

1821 2495 1955 2548 dixit
1986 2492 2072 2548 his
2099 2494 2277 2549 verbis
2311 2514 2324 2548 :
2370 2492 2436 2546 Et
2471 2492 2656 2560 repulit
2700 2490 3086 2545 tabernaculum
3131 2488 3342 2557 Joseph,

1782 2648 1785 2653 φ
1820 2593 1867 2637 et
1904 2583 2092 2636 tribum
2123 2582 2370 2652 Ephraim
2401 2600 2501 2637 non
2547 2582 2695 2651 elegit
2728 2581 2797 2646 ⁵³,
2839 2581 3033 2650 hisque
3079 2579 3347 2651 signiﬁcat

1823 2675 1994 2729 locum
2028 2674 2177 2727 illum
2208 2674 2263 2726 in
2309 2672 2420 2726 Silo
2448 2672 2648 2736 situm;
2679 2671 2806 2741 quia
2851 2674 2904 2749 in
2957 2672 3098 2726 tribu
3152 2669 3347 2742 Joseph

1823 2765 1932 2820 Silo
1957 2764 2187 2834 jacebat.
2221 2762 2318 2816 Hic
2344 2778 2472 2817 vero
2500 2761 2757 2817 Jacobum
2789 2762 3033 2817 meminit
3066 2769 3120 2815 ct
3166 2761 3345 2816 locum

1819 2853 1938 2922 ejus
1969 2871 1982 2906 :
2016 2868 2110 2922 per
2138 2850 2671 2921 Jacobum,religiosi
2704 2849 2849 2904 illius
2872 2849 2970 2903 viri
2994 2850 3342 2921 posterosin-

1817 2945 2034 3009 dicans;
2064 2960 2156 3014 per
2181 2944 2353 3005 locum
2376 2957 2502 2997 vero
2521 2941 2660 3011 ejus,
2692 2940 3140 3011 liierOsolymam,
3183 2952 3347 3009 quam

1819 3036 1872 3088 in
1904 3035 2246 3099 solitudinem
2273 3034 2405 3088 verti
2437 3041 2676 3104 tempore
2697 3033 2947 3087 Antiochi
2966 3031 3208 3101 contigit.
3235 3031 3347 3086 Sub

184 3108 355 3164 ἔκειτο
381 3114 413 3183 ἡ
442 3114 637 3186 Σηλιῦμ
656 3132 669 3147 ⁸
697 3119 754 3169 ὲν
786 3118 987 3181 τούτοις
1014 3120 1069 3172 δὲ
1098 3121 1189 3173 τοῦ
1234 3121 1718 3193 ’1ακὼϐ’μέμνηται

1820 3125 1932 3178 haec
1960 3123 2142 3190 adjicit
2174 3142 2187 3176 :
2212 3152 2279 3161 --
2311 3121 2481 3177 Vens.
2505 3122 2561 3176 8.
2590 3121 2669 3177 Ne
2694 3123 2983 3177 memineris
3009 3122 3344 3191 iniquitatum

186 3198 272 3249 καὶ
296 3199 391 3277 τοῦ
418 3202 583 3254 τόπου
631 3203 819 3256 αὐτοῦ·
853 3204 937 3257 διὰ
971 3207 1067 3276 μὲν
1102 3209 1193 3261 τοῦ
1232 3209 1420 3263 Ἰακὼϐ
1440 3211 1563 3273 τοὺς
1593 3211 1719 3263 ἀπο-

1822 3220 2118 3265 nostrarum
2160 3212 2511 3279 antiquarum.
2557 3208 2662 3265 Eos
2706 3212 2931 3281 quipro
2966 3210 3209 3279 pristinis
3238 3211 3345 3264 illis

184 3285 363 3353 τόνους
400 3288 493 3342 τοῦ
529 3289 799 3360 θεοφιλοῦς
849 3295 1034 3366 ἀνδρὸς
1073 3297 1263 3367 δηλῶν,
1296 3299 1380 3353 διὰ
1416 3300 1473 3353 δὲ
1509 3300 1600 3353 τοῦ
1627 3302 1715 3354 τό·

1819 3303 2059 3371 peccatis
2108 3302 2431 3372 supplicant,
2476 3302 2650 3370 palam
2689 3310 2773 3356 est
2813 3317 2919 3355 non
2953 3317 3075 3359 esse
3126 3301 3347 3371 nuperis

184 3394 279 3431 που
305 3380 465 3434 αὐτοῦ
492 3383 594 3453 τὴν
623 3382 967 3455 Ἰερουσαλὴμ
992 3388 1285 3457 σημαίνων,
1307 3390 1373 3459 ἢν
1414 3391 1490 3453 είς
1522 3390 1721 3462 ἔρημον

184 3468 352 3524 ἑλθεῑν
373 3472 509 3526 κατά
531 3475 653 3536 τοὺς
683 3473 955 3545 ,Ἀντιόχου
983 3478 1176 3546 συνέϐη
1200 3479 1435 3548 χρόνους.
1460 3476 1573 3533 Eli)?
1594 3480 1720 3551 ἑξῆς

183 3560 438 3630 ἐπιλέγει·
487 3562 584 3630 Μὴ
629 3564 903 3633 μνησθῇς
1150 3568 1405 3635 ἀνομιῶν
1442 3570 1715 3637 ἀρχαίων.

183 3650 242 3702 οι
270 3650 315 3703 δ’
355 3651 489 3723 ὑπὲρ
532 3653 769 3724 ἀρχαίων
811 3656 1212 3727 ἁμαρτημάτων
1254 3659 1525 3728 εὐχόμενοι
1572 3660 1716 3731 δῆλοι

183 3738 244 3794 ἂν
278 3736 387 3793 εἷεν
522 3743 815 3817 “νεωτέροις
857 3748 1154 3818 ὲνεχόμενοι
1194 3748 1533 3818 πταίσμασιν.
1580 3751 1719 3804 Ἀντί

182 3825 236 3881 ὣ
263 3828 379 3896 τοῦ,
407 3830 560 3899 Ταχὺ
596 3835 1194 3900 προκαταλαϐἐτωσαν
1222 3835 1376 3905 ἡμᾶς
1413 3840 1466 3891 οἱ
1510 3841 1718 3908 οἰκτιρ-

182 3918 273 3986 μοί
296 3911 445 3984 σου,
467 3920 558 3976 ὅτι
588 3922 1038 4003 ἐπτωχεύσαμεν
1063 3916 1312 3993 σφόδρα,
1338 3928 1365 3978 ὁ
1397 3926 1714 4003 Σύμμαχος,

187 4009 465 4078 Τὰχυνον,
490 4002 972 4080 προκάτωῑαόἐτω
1002 4015 1157 4083 ἡμᾶς
1184 4017 1254 4068 τὰ
1293 4015 1429 4083 ἀλέη
1458 4031 1594 4075 σου.
1629 4002 1715 4072 ὅτι

181 4097 551 4171 ﬂeor-rian
573 4105 1203 4175 apddpa,.fjppﬁvsvcsv.
1229 4109 1434 4178 Ὥσπερ
1467 4110 1521 4163 δὲ
1554 4110 1717 4183 ἀθλη-

182 4189 293 4258 τὴς,
324 4190 544 4255 πολλοὺς
577 4193 811 4257 ὑποστὰς
832 4194 1042 4262 ἀγῶνας
1083 4196 1175 4265 κα),
1204 4196 1393 4261 ἄθλους
1425 4199 1714 4269 ὑπομείνας

184 4278 399 4343 πολλοὺς
440 4281 499 4334 ὲν
534 4282 766 4352 φροντίδι
810 4283 1125 4356 καθέστηκε,
1165 4290 1237 4359 μή
1282 4305 1355 4359 πη
1400 4290 1716 4364 ὲξατονήσας

184 4366 348 4439 πέσῃ*
378 4368 469 4422 τὸν
500 4370 658 4424 αὐτον
677 4372 873 4441 τρόπον
908 4373 1001 4425 καὶ
1028 4375 1133 4427 οἵδε
1196 4379 1487 4431 ἱκετεύουσι
1512 4396 1714 4450 προκα-

182 4454 503 4528 ταληφθῆναι
551 4461 645 4514 καὶ
689 4459 934 4530 βοηθείας
970 4450 1170 4532 τυχεῖν.
1220 4467 1309 4519 Διό
1350 4484 1507 4535 φασι·
1561 4469 1713 4536 Ταχὺ

1817 3393 2022 3449 delictis
2064 3393 2363 3449 obnoxios-
2397 3392 2501 3446 Pro
2536 3392 2829 3457 illoautem
2862 3430 2878 3457 ,
2915 3391 3032 3446 Cito
3070 3392 3347 3459 anticipat

1817 3501 1909 3539 nos
1955 3483 2325 3537 miseriCordiw
2380 3482 2665 3550 tute,an
2697 3495 2943 3549 pauperes
2990 3480 3119 3548 [acti
3166 3488 3346 3533 sumus

1816 3575 1969 3627 nimis
1987 3613 2007 3637 ,
2040 3574 2415 3643 Symmachus,
2441 3571 2702 3635 Accelera,
2724 3571 3035 3638 prceveniant
3069 3585 3161 3622 nos
3195 3570 3347 3621 mise-

1818 3661 2060 3714 ricordia:
2084 3669 2206 3721 tum,
2240 3662 2363 3727 quia
2398 3660 2652 3727 inﬁrmati
2680 3655 2858 3711 sumus
2885 3656 3052 3720 valde,
3084 3658 3343 3725 interpre-

1816 3756 1960 3802 tatus
1990 3756 2091 3800 est.
2126 3745 2584 3811 Quemadmodum
2612 3735 2753 3800 enim
2784 3746 2984 3801 athleta
3031 3746 3124 3812 qui
3178 3743 3344 3795 multa

1816 3837 1980 3890 subiit
2012 3835 2419 3900 certamina,et
2472 3836 2678 3906 pugnas
2724 3836 2922 3889 multas
2967 3833 3248 3895 sustinuit,
3288 3833 3344 3885 in

1815 3926 2181 3981 sollicitudine
2206 3923 2369 3993 degit,
2404 3939 2470 3978 ne
2495 3924 2722 3978 debilior
2766 3922 2957 3977 factus
2991 3922 3238 3986 labatur;
3273 3922 3345 3976 ita

1817 4014 1871 4066 hi
1908 4027 2119 4081 quoque
2172 3998 2461 4080 precantur
2515 4025 2573 4065 se
2620 4010 2927 4078 praemuniri
2982 4016 3036 4064 et
3086 4010 3343 4063 auxilium

1814 4105 2095 4172 consequi.
2125 4102 2301 4168 Quare
2332 4103 2481 4157 aiunt
2508 4120 2523 4157 ι
2556 4098 2673 4156 Cito
2704 4102 2986 4170 anticipent
3016 4118 3109 4155 nos
3140 4101 3343 4154 miseri-

1814 4194 2004 4246 cordia:
2057 4202 2176 4254 tute,
2231 4208 2354 4259 quta
2394 4205 2644 4259 pauperes
2696 4190 2824 4256 facti
2868 4206 3044 4243 sumus
3073 4192 3245 4243 nimis.
3271 4180 3337 4228 '—

1815 4281 1977 4337 Vsns.
2012 4281 2063 4336 9.
2109 4282 2316 4349 Adjuva
2342 4296 2457 4346 nos,
2486 4280 2622 4332 Deus
2650 4281 2887 4333 salvator
2907 4289 3100 4343 noster,
3132 4289 3339 4346 propter

1813 4373 2035 4441 gloriam
2064 4370 2285 4423 nominis
2317 4369 2393 4421 tui
2419 4384 2438 4431 ;
2463 4367 2700 4430 Domine,
2738 4367 2897 4421 libera
2926 4384 3038 4426 nos,
3087 4376 3134 4418 et
3165 4367 3342 4431 propi-

1816 4462 1919 4514 tius
1948 4470 2056 4514 esto
2084 4459 2305 4528 peccatis
2337 4457 2531 4510 nostris
2560 4444 2981 4524 propternomen
3022 4462 3185 4506 tuum.
3218 4451 3341 4508 Haec

184 4550 772 4615 προίετο-λαϐέτωσαν
817 4550 970 4620 ἡμᾶς
1018 4558 1071 4606 οὶ
1129 4558 1409 4626 οὶκτιρμοι
1457 4576 1591 4621 σου.
1625 4560 1710 4611 ὅτι

1817 4550 2076 4619 Propheta
2114 4564 2182 4602 ex
2209 4561 2436 4617 persona
2473 4560 2657 4599 eorum
2689 4545 2778 4612 qui
2816 4553 3049 4611 tempore
3094 4543 3341 4596 Antiochi

183 4632 623 4707 ἐπωχεὺσαμεν
648 4641 893 4710 σφόδρᾱ.
930 4644 1237 4713 Βοήθησον
1260 4648 1426 4717 ἡμῖν,
1447 4652 1480 4702 ὀ
1508 4648 1650 4713 Θεὸς
1681 4654 1712 4703 ό

187 4726 374 4796 σωτὴρ
421 4729 603 4805 ἡμῶν,
656 4732 860 4786 ἕνεκεν
901 4732 1008 4800 τῆς
1053 4734 1234 4805 ὃοξῆς
1278 4739 1381 4793 τοῦ
1428 4741 1711 4807 ὀνόματός

185 4830 293 4870 σου
315 4836 327 4847 ·
356 4822 549 4887 Κύριε,
570 4822 751 4889 ῥῦσαι
771 4823 943 4892 ἡμᾶς,
973 4824 1069 4878 καὶ
1092 4828 1361 4899 adeone:
1380 4829 1505 4895 ταῖς
1529 4833 1711 4901 ἀμαρ-

188 4907 329 4972 τίαις
368 4909 533 4976 ἡμῶν
570 4910 773 4965 ἕνεκεν
803 4914 905 4967 τοῦ
942 4916 1223 4984 ὀνόματός⁵
1242 4934 1376 4975 σου.
1408 4922 1516 4974 Καὶ
1543 4920 1713 4975 ταῦτα

186 4994 212 5044 ὁ
244 4994 524 5064 Προφήτης
546 4998 610 5050 ὲκ
637 4999 922 5069 προσώπου
964 5001 1071 5055 τῶν
1101 5004 1238 5058 κατὰ
1276 5008 1534 5076 Ἀντίοχον
1568 5006 1717 5076 βασι-

187 5080 274 5135 λέα
296 5080 657 5151 δεδιωτμᾶνων
681 5089 1003 5159 προφέρεται
1026 5108 1041 5121 ·
1072 5094 1413 5162 προφητικῶς
1438 5094 1535 5163 τὴν
1560 5084 1717 5166 εὐχὴν

186 5170 268 5225 διὰ
294 5171 390 5241 τῆς
420 5172 633 5243 γραφῆς
661 5179 769 5239 τοῖς
792 5179 1038 5248 μέλλουσι
1064 5180 1345 5236 διώκεσθαι
1382 5183 1706 5253 καταλιπὼν,

188 5260 256 5323 ὡς
296 5259 361 5314 ἂν
398 5259 564 5330 ἔχοιεν
600 5261 657 5327 ἐξ
706 5264 917 5336 ἑτοίμου
955 5269 1167 5333 ειδέναι,
1213 5271 1410 5335 ὁποίοις
1454 5273 1709 5341 προσήκει

189 5348 471 5420 κεχρῆσθαι
510 5350 699 5414 αὐτοὺς
733 5352 907 5422 λόγοις
944 5358 1009 5409 ὲν
1042 5359 1159 5420 ταῖς
1187 5359 1317 5429 πρὸς
1330 5353 1433 5413 ’τδν
1463 5338 1710 5412 ὁδὸν-εό-

194 5441 318 5504 ιαῑς.
348 5438 424 5491 Οὐ
470 5437 573 5508 μὴν
611 5442 705 5503 εις·
728 5442 963 5507 ἐκείνους
1015 5447 1203 5515 μόνους
1236 5448 1444 5503 ἴσταται
1472 5448 1539 5501 τὰ
1565 5447 1713 5516 λεγό-

198 5543 349 5595 μεναο
402 5528 653 5600 ἁρμόσειε
694 5531 753 5584 δὲ
804 5534 894 5586 καὶ
926 5539 1068 5590 πᾶσι
1114 5541 1223 5602 τοίς
1252 5538 1321 5592 τὰ
1366 5538 1709 5609 παραπλήσια

199 5616 463 5670 πεπονθόσι
484 5656 500 5685 ,
526 5620 644 5672 ἐπεὶ
666 5619 756 5673 καὶ
784 5624 842 5674 ὲν
866 5627 972 5688 τοῖς
998 5629 1113 5681 καθ’
1142 5629 1281 5700 ἡμᾶς
1311 5630 1575 5699 διωγμοῖς,
1614 5645 1710 5700 μυ-

255 5769 297 5798 ⁸³
331 5768 476 5825 Psal.
508 5787 683 5828 uxvn
710 5815 723 5840 ,
756 5776 845 5833 σγ.

1817 4641 1959 4709 regis
2010 4638 2362 4701 vexabantur,
2405 4632 2746 4702 pronuntiat;
2798 4634 3092 4685 orationem
3150 4631 3216 4683 iis
3249 4630 3342 4699 qui

1816 4729 2243 4801 persecutionem
2282 4727 2492 4797 passuri
2538 4733 2690 4788 erant
2744 4710 2997 4792 scripta'm
3036 4722 3342 4792 prophetice

1815 4821 2157 4888 relinquens,
2211 4826 2270 4869 ut
2321 4817 2376 4870 in
2436 4826 2681 4886 promptu
2727 4828 3053 4883 cognoscere
3098 4818 3337 4881 possent,

1816 4910 2011 4981 quibus
2038 4908 2114 4960 uti
2147 4905 2326 4961 verbis
2357 4906 2411 4959 in
2464 4907 2578 4962 suis
2622 4905 2691 4959 ad
2730 4905 2893 4958 Deum
2924 4902 3172 4971 precibus
3203 4915 3339 4970 opus

1816 5005 1976 5054 esset.
2006 4995 2191 5065 Neque
2221 4996 2290 5050 iis
2318 4996 2491 5051 solum
2529 4996 2640 5049 haec
2665 4994 3054 5057 tradita'sunt;
3088 4990 3339 5045 omnibus

1811 5089 2009 5157 quippe
2030 5086 2227 5141 similia
2237 5084 2579 5155 patientibus
2614 5089 2944 5150 competunt,
2976 5081 3103 5149 quia
3135 5079 3189 5135 in
3219 5093 3340 5147 per-

1813 5178 2177 5236 secutionibus
2195 5193 2312 5248 qua:
2343 5184 2524 5231 nostra
2548 5182 2704 5249 aetate
2720 5174 3080 5241 contigerunt,
3101 5171 3337 5225 sexcenti

1813 5282 1973 5340 supra
2001 5269 2280 5323 recensitis
2314 5265 2507 5330 similia
2532 5272 2663 5319 sunt
2693 5262 2953 5333 perpessi»,
3004 5261 3097 5328 qui
3141 5273 3339 5328 appor-

1813 5367 1940 5413 tune
1970 5359 2155 5426 utique
2173 5357 2372 5411 talibus
2400 5354 2560 5410 dictis
2591 5354 2675 5409 usi
2705 5352 2924 5415 fuerint,
2960 5351 3115 5419 queis
3159 5349 3223 5400 ad
3259 5348 3331 5399 ita

1814 5446 2133 5518 loquendum
2174 5445 2505 5501 instituimur
2536 5463 2548 5497 :
2597 5442 2813 5511 Propter
2840 5428 3059 5512 gloriam
3096 5437 3334 5493 nominis

1815 5538 1910 5599 tui,
1939 5533 2178 5599 Domine,
2221 5534 2383 5587 libera
2409 5548 2536 5589 .nos.
2568 5530 2792 5585 Etiamsi
2830 5531 2969 5591 enim
3001 5543 3099 5582 nos
3127 5526 3331 5581 auxilio

1814 5627 1957 5698 digni
1985 5642 2094 5682 non
2134 5626 2336 5691 simus,
2369 5631 2421 5679 at
2466 5636 2660 5678 nomen
2711 5623 2895 5692 gloria:
2942 5628 3045 5674 tua:
3090 5632 3155 5672 ne
3193 5617 3334 5687 apud
