3974 6354
119 487 199 543 9l9
250 496 254 498 ⁷
1195 479 1640 538 COMMENTARI

1739 480 1795 535 lN
1833 478 2165 536 ΡεΑιΜοδ.

3176 487 3278 543 950

115 601 343 670 σώματος
389 599 496 653 τοῦ
539 597 794 654 θανάτου
831 599 1073 661 ratirati;
1120 597 1358 651 Τοιαῦται
1399 596 1456 649 δὲ
1502 591 1640 667 ἦσαν

1743 605 1836 648 tuo
1876 594 2096 664 gemitus
2136 590 2559 659 compeditorum.
2593 591 2824 657 Quinam
2860 609 3023 664 porro
3051 596 3158 650 sint
3185 601 3276 668 qui

114 692 185 743 καὶ
213 689 254 741 οί
272 686 366 741 τοῦ
401 689 535 742 Θεοῦ
563 689 850 760 προφῆται,
882 688 972 740 καὶ
1000 686 1197 750 πάντες
1223 687 1272 738 οί
1307 686 1379 756 μὴ
1409 684 1638 754 καθηδυ-

114 777 369 842 παθοῦντες
403 780 461 832 ὲν
491 778 839 842 τοῖςιέαυτῶν
870 777 1080 848 σώμασι
1101 817 1116 839 ,
1161 777 1294 848 μηδὲ
1329 779 1505 848 τρυφῇ
1547 778 1637 829 καὶ

113 870 239 941 ἡδονῇ
267 868 641 938 σχολάζοντεςο
691 868 989 940 τοῦμπαλιν
1033 868 1091 922 δὲ
1130 866 1403 932 πιέζοντες
1431 867 1635 920 ἑαυτῶν

111 962 186 1031 τὴν
212 960 344 1031 ζωὴν
375 961 609 1025 ἀσιτίαις
647 961 739 1014 καὶ
779 960 958 1023 πόνοις
985 962 1078 1014 καὶ
1097 962 1223 1024 ’ταῖς
1251 959 1433 1034 ἄλλαις
1458 959 1631 1028 ἀσκη-

113 1055 253 1115 nul;
277 1052 688 1115 κακοπαθείαις
718 1052 766 1104 οἶ
797 1052 890 1105 καὶ
918 1051 1016 1122 οὐχ
1047 1037 1187 1122 ὑπὲρ
1219 1051 1421 1103 ἑαυτῶν
1451 1049 1629 1120 μόνον,

1744 686 1810 738 ad
1846 684 1960 739 haec
1992 683 2220 738 dicenda
2259 682 2484 738 instituti
2518 690 2645 738 sunt
2677 682 2781 737 sub
2833 683 2948 739 haec
2996 687 3166 755 aperit
3196 688 3280 742 his

1742 773 1925 828 verbis
1950 793 1962 826 :
2000 771 2339 825 Patrocinare
2365 771 2492 839 ﬁliis
2525 771 2835 825 occisorum.
2864 772 2974 829 Nos
3005 775 3276 844 siquidem

1739 877 1848 917 non
1877 862 2023 932 digni
2052 861 2220 916 habiti
2241 877 2429 916 sumus
2456 861 2548 930 qui
2571 860 2636 914 ad
2664 871 2888 916 mortem
2915 878 3086 931 usque
3105 874 3283 919 certa-

1738 968 1941 1015 remus,
1979 965 2049 1006 ac
2091 966 2189 1022 pro
2238 949 2348 1005 Deo
2391 951 2709 1020 sanguinem
2743 949 3131 1018 iunderemus;
3185 953 3280 1008 sed

1737 1043 1864 1116 quia
1894 1043 1986 1098 ﬁlii
2013 1058 2202 1098 sumus
2224 1058 2411 1117 eorum
2434 1042 2526 1112 qui
2556 1042 2668 1096 haec
2701 1049 2828 1096 sunt
2866 1043 3127 1112 perpessi,
3165 1044 3278 1097 vir.-

111 1144 217 1197 me
251 1144 341 1196 καὶ
387 1143 524 1214 ὑπὲρ
565 1141 657 1194 τοῦ
700 1142 895 1205 παντὸς
917 1140 1044 1194 λαοῦ
1084 1142 1150 1194 ὲκ
1189 1140 1380 1212 βάθους
1411 1140 1632 1211 καρδίας

1740 1142 1853 1189 tute
1878 1129 2091 1204 patrum
2118 1141 2428 1188 nostrorum
2451 1132 2648 1197 ornati,
2680 1147 2964 1202 precamur
2981 1141 3042 1187 ut
3068 1133 3279 1187 illorum

114 1231 222 1302 πρὸς
240 1231 326 1284 τὸν
350 1231 481 1284 Θεὸν
505 1229 732 1283 ἔστενον.
766 1229 856 1282 Διὸ
875 1228 1144 1282 λέλεκταιο
1182 1227 1507 1281 Εισελθέτω
1533 1225 1631 1278 ἐν-

1739 1225 1908 1294 gratia
1926 1223 2356 1280 misericordiam
2375 1233 2792 1294 consequamur.
2819 1222 2998 1289 Quare
3017 1218 3246 1280 dicimus
3264 1242 3277 1278 :

111 1322 262 1377 ώπιόν
293 1338 408 1376 σου
443 1320 832 1390 ὀοτεναγμὸς
865 1319 982 1373 τῶν
1011 1319 1445 1388 πεπεδημένων.
1480 1317 1634 1380 Τίνες

1739 1312 2089 1368 Patrocinare
2118 1313 2245 1381 ﬁliis
2266 1312 2576 1366 occisarum.

114 1416 155 1467 δέ
178 1417 267 1467 εισι
292 1415 341 1467 οί
369 1413 539 1467 ταῦτα
577 1413 943 1484 διδασκόμενοι
985 1413 1181 1482 λέγειν,
1229 1411 1353 1482 ἑξῆς
1379 1410 1666 1481 παρίστησι
1729 1407 1982 1476 φάσκων)
2024 1407 2407 1475 Περιποίησαι
2438 1405 2582 1471 τοὺς
2625 1404 2790 1470 υίοὺς
2817 1403 2932 1457 τῶν
2962 1406 3282 1458 τεθανατω-

114 1503 285 1572 μένων.
327 1505 515 1576 Ἡμεῖς
547 1503 641 1575 μὲν
689 1504 796 1576 γάρ
854 1504 915 1558 οὐ
970 1503 1346 1574 κατηξιώμεθα
1381 1502 1540 1572 μέχρι
1600 1498 1826 1552 Θανάτου
1859 1496 2244 1564 ἀγωνίσασθαι,
2282 1495 2402 1550 οὐδὲ
2443 1495 2579 1566 ὑπὲρ
2622 1494 2754 1559 Θεοῦ
2793 1494 3022 1556 κενῶσαι
3050 1495 3117 1549 τά
3154 1497 3282 1549 ὲαυ··

116 1598 196 1652 τῶν
217 1601 409 1670 αίματα
428 1619 440 1631 ο
470 1600 582 1654 ἀλλ’
612 1599 792 1670 ἐπειδὴ
819 1599 923 1653 τῶν
942 1597 1110 1652 ταῦτα
1137 1595 1474 1651 πεπονθότων
1501 1594 1665 1664 ἐσμὲν
1702 1592 1824 1656 υἱοὶ,
1856 1588 2236 1660 σεμνυνόμενοι
2278 1589 2368 1641 ἐπὶ
2401 1591 2467 1659 τῇ
2510 1587 2618 1641 τῶν
2659 1588 2905 1643 πατέοων
2960 1589 3144 1660 ἀρετῇ,
3170 1587 3283 1642 δεό..

113 1691 225 1761 paea
247 1691 308 1743 δι’
341 1691 578 1755 ἐκείνους
628 1688 926 1761 ἐλεηθῆναι.
975 1688 1065 1740 Διό
1095 1705 1272 1759 φαμεν
1292 1707 1304 1718 ·
1337 1684 1718 1754 Περιποίησαι
1745 1678 1883 1744 τοὺς
1901 1677 2071 1744 υἱοὺς
2100 1677 2217 1730 τῶν
2243 1676 2743 1744 τεθανατωμένων.

161 1782 380 1848 Ἀπόδος
389 1783 510 1848 τοῖς
523 1782 782 1852 γείτοσιν
794 1782 959 1853 ἡμῶν
971 1781 1418 1836 ἑπταπλασίονα
1430 1780 1516 1843 εὶς
1529 1775 1634 1829 τὸν

1805 1768 1970 1824 Vens.
2017 1767 2199 1821 12-”.
2240 1766 2411 1821 Redde
2445 1767 2623 1820 vicinis
2659 1767 2852 1820 nostris
2893 1769 3182 1852 septuplum
3226 1771 3284 1824 in

112 1874 310 1946 κόλπον
321 1873 535 1937 αὐτῶν,
547 1873 653 1928 τὸν
662 1874 998 1944 ὀνειδισμὸν
1007 1873 1221 1937 αὐτῶν,
1240 1871 1311 1927 ὃν
1322 1868 1636 1925 ὠνείδισάν

1739 1863 1857 1917 sinu
1884 1877 2082 1923 eorum,
2107 1860 2477 1928 improperium
2519 1858 2767 1926 ipsorum,
2791 1858 2927 1926 quod
2949 1855 3285 1927 exprobrante.

113 1985 187 2032 crs,
211 1971 392 2038 Κύριε.
422 1970 610 2040 Ἡμεῖς
635 1970 703 2023 δὲ
727 1972 877 2036 λαός
905 1986 1021 2024 σου
1041 1969 1138 2025 καί
1168 1969 1427 2036 πρόϐατα
1448 1964 1638 2036 νομῆς

1739 1963 1859 2006 runt
1885 1953 1997 2018 tibi,
2039 1951 2277 2006 Domine.
2315 1948 2430 2004 Nos
2464 1959 2634 2002 autem
2672 1948 2891 2017 populus
2929 1960 3046 2004 tuus
3090 1961 3140 2006 et
3168 1971 3283 2008 oves

112 2074 222 2122 σου,
235 2039 822 2129 ἀνθομολογησάμεθά
841 2075 941 2114 σοι
965 2062 1050 2124 είς
1067 2058 1173 2112 τὸν
1192 2049 1392 2113 α’ίῶνα.
1417 2061 1520 2124 Είς
1542 2075 1635 2127 γε-

1739 2060 1948 2111 pascuae
1969 2053 2090 2108 tute,
2115 2042 2476 2112 conﬁtebimur
2501 2039 2591 2095 tibi
2611 2041 2665 2093 in
2690 2040 2958 2094 saeculum.
2977 2040 3043 2097 In
3070 2060 3283 2112 genera-

112 2151 231 2202 νεὰν
256 2149 348 2202 καὶ
380 2150 592 2220 γενεὰν
624 2150 1061 2220 ἐξαγγελοῦμεν
1083 2151 1195 2217 τὴν
1221 2150 1459 2204 ατνεσίν
1493 2165 1629 2204 σου.

1739 2139 1929 2190 tionem
1948 2145 1996 2189 et
2018 2136 2400 2206 generationem
2428 2132 2856 2188 annuntiabimus
2880 2133 3087 2187 laudem
3116 2145 3280 2191 tuam.

123 2239 267 2307 Ἠμᾶς
285 2237 380 2308 μὲν
422 2238 787 2310 περιποίησαι,
814 2239 861 2292 εί
893 2240 985 2292 καὶ
1018 2238 1091 2310 μὴ
1127 2238 1191 2291 δι’
1219 2239 1382 2309 ἡμᾶς,
1406 2238 1637 2292 mare

112 2331 213 2391 τοὺς
238 2330 488 2402 πατέρας.
520 2331 643 2393 Τοῖς
682 2330 739 2384 δὲ
779 2329 1015 2416 γείτοσιν]
1050 2329 1225 2401 ἡμῶν,
1265 2330 1502 2383 τουτέστι
1525 2333 1636 2394 τοῖς

115 2421 529 2492 ἐπανισταμένοις
547 2422 675 2493 ἡμῖν
690 2421 785 2476 καὶ
797 2422 886 2476 τὸν
900 2421 1017 2475 καθ²
1033 2422 1186 2493 ἡμῶν
1203 2421 1432 2493 πόλεμον
1446 2422 1638 2492 διεγεί-

114 2527 286 2580 ρουσιν,
333 2513 526 2576 ἀπόδος
580 2512 646 2566 τά
700 2512 988 2584 ἀμοιϐαῖα,
1036 2513 1475 2578 πολυπλασιάζων
1538 2515 1637 2584 τὴν

112 2603 429 2674 ὀφειλομένην
452 2604 634 2667 αὐτοῖς
681 2605 820 2675 ὑπὲρ
869 2598 944 2658 ὧν
973 2604 1204 2676 ἔδρασαν
1233 2605 1516 2676 τιμωρίαν,
1561 2606 1636 2676 μὴ

111 2697 201 2756 τοῖς
225 2690 340 2746 καθ’
369 2694 522 2765 ἡμῶν
550 2696 906 2767 ἀρκεσθέντες
934 2698 1139 2760 κακοῖς,
1174 2695 1414 2767 ἀλλ”ἧδη
1451 2696 1546 2750 καὶ
1577 2696 1636 2748 σὲ

111 2783 184 2834 τὸν
209 2783 293 2835 ἐπὶ
320 2783 533 2837 πάντων
555 2774 755 2856 Κύριον
783 2785 1118 2856 βλασφήμοις
1149 2787 1242 2838 καὶ
1273 2786 1638 2851 ὀνειδιπικοῖς

113 2875 490 2944 περιϐάλλοντες
520 2875 716 2945 λόγοις.
755 2876 891 2930 Ἀλλ’
920 2877 1141 2940 ἐκείνοις
1164 2876 1282 2948 μὲν,
1312 2879 1493 2950 φησὶν,
1516 2880 1639 2933 ἀπό-

111 2965 181 3028 δος
215 2966 304 3037 τὴν
335 2966 487 3033 ἀξίαν
527 2968 791 3039 τιμωρίαν
819 2965 953 3038 πρὸς
980 2967 1240 3036 ὠφελείας
1281 2968 1457 3022 αὐτῶν
1483 2985 1640 3040 γενη-

113 3055 334 3128 σομένην,
352 3058 818 3130 ὲπιστρεφομένων
842 3057 934 3112 καὶ
968 3057 1440 3130 σωφρονιζομένων
1461 3059 1526 3112 δι’
1552 3060 1642 3114 ab.

111 3144 207 3214 τῆς·
232 3145 374 3216 ἡμᾶς
396 3147 451 3201 δὲ
481 3148 639 3213 σῶζε,
674 3150 799 3212 τοὺς
826 3149 974 3212 υἱοὺς
1009 3149 1117 3202 τῶν
1142 3149 1596 3220 τεθανατωμένων
1619 3167 1634 3181 -

110 3235 167 3297 οἳ,
207 3240 252 3290 εί
290 3237 383 3291 καὶ
423 3238 496 3309 μὴ
538 3241 646 3300 τοῖς
690 3239 923 3310 πατράσι
955 3223 1251 3310 γεγόναμεν
1291 3241 1484 3310 ὅμοιοι,
1524 3239 1635 3293 ἀλλ’

111 3326 234 3394 ὅμως
261 3344 351 3380 σου
398 3328 730 3399 τυγχάνομεν
761 3331 886 3394 λαὸς
917 3333 1010 3384 καὶ
1045 3331 1148 3401 τῆς
1184 3332 1282 3402 σῆς
1307 3331 1476 3402 νομῆς
1506 3332 1638 3402 πρό·

111 3412 252 3468 δατα·
294 3414 374 3469 διδ
415 3417 1011 3496 ἀνθομολογησάμενθά
1047 3434 1143 3473 σοι
1178 3421 1263 3485 εἰς
1293 3420 1396 3471 τὸν
1426 3418 1633 3481 αἰῶνα,

110 3495 524 3576 εὐχαριστοῦντες
538 3508 731 3579 δηλαδή
753 3510 986 3572 καὶτοὺς
1009 3495 1309 3582 πρέποντας
1333 3509 1530 3578 ὕμνους
1544 3507 1638 3560 καὶ

107 3593 382 3664 δοξολογίας
399 3599 538 3667 ὑπὲρ
552 3591 626 3650 ὧν
643 3594 699 3651 εὖ
724 3598 1063 3670 πεπόνθαμεν
1081 3600 1161 3650 σοὶ
1180 3598 1256 3667 ναξ)
1273 3599 1483 3650 πάντων
1501 3598 1635 3664 ἀγα-

109 3685 200 3737 θῶν
229 3687 408 3758 δοτῆρι
444 3687 562 3758 Θεῷ
583 3688 1008 3758 ἀναπέμποντες.
1041 3688 1264 3756 Ἐφεξῆς
1293 3705 1350 3739 τε
1370 3687 1516 3741 κατὰ
1543 3704 1637 3757 γε-

109 3777 232 3830 νεὰν
261 3778 356 3832 καί
382 3779 604 3848 ’γενεὰν
632 3779 1066 3848 ἐξαγγελοῦμεν
1111 3779 1224 3846 τὴν
1257 3778 1490 3832 αἶνεσίν
1521 3794 1636 3833 σου
1676 3807 1680 3814 -

110 3867 272 3920 παισὶν
287 3869 576 3940 ἡμετέροις
590 3870 680 3922 καὶ
700 3869 900 3922 παίδων
917 3870 1090 3932 παισὶ,
1107 3869 1364 3938 διαδόχοις
1385 3885 1442 3920 τε
1460 3868 1636 3921 αὐτῶν

109 3959 202 4020 τοῖς
227 3960 362 4028 μετά
393 3958 564 4012 ταῦτα
583 3962 979 4031 γενησομένοις,
1003 3959 1190 4030 ὥσπερ
1210 3959 1409 4027 ἀγαθὸν
1441 3959 1637 4031 κλῆρον

108 4045 492 4115 παραδώσοντες
524 4047 622 4116 τῆς
655 4047 909 4110 αἰνέσεως
947 4048 1014 4100 τά
1042 4050 1295 4118 σωτήρια
1324 4048 1631 4118 μαθήματα.

108 4154 199 4209 ΕΙΣ
224 4157 310 4211 ΤΟ
333 4157 567 4219 ΤΕΛΟΣ,
593 4158 772 4212 ΥΠΕΡ
796 4159 930 4211 ΤΩΝ
951 4160 1634 4227 ΑΛΛΟΙΩΘΗΣΟΜΕΝΩΝ,

525 4227 922 4278 ΜΑΡΤΥΡιυΝ
951 4227 1036 4297 re
1063 4229 1250 4280 ΑΣΑΦ.

174 4424 224 4477 Ὀ
246 4428 569 4497 ποιμαίνων
600 4428 713 4482 τὸν
742 4430 997 4498 Ἰσραὴλ,
1031 4433 1310 4502 πρόσχες,
1346 4438 1378 4487 ὀ
1411 4434 1638 4504 ὁδηγῶν

105 4512 229 4572 ὡσεί
258 4520 552 4585 πρόϐατον
573 4519 678 4572 τὸν
717 4520 944 4592 Ἰωσήφ.
974 4521 1244 4596 Τὲσσαρές
1273 4527 1407 4578 εἰσιν
1438 4529 1483 4579 οἱ
1523 4524 1640 4578 ἐπι-

107 4609 487 4680 γεγραμμένοι,
527 4609 690 4686 Ὑπὲρ
745 4610 860 4664 τῶν
903 4603 1496 4684 ἀλλοιωθησομένων·
1551 4614 1644 4667 δύο

109 4696 193 4762 μὲν
217 4697 310 4752 τοῦ
335 4701 514 4764 Δαυῒδ,
539 4703 566 4754 ὁ
590 4700 664 4753 νϐ’
691 4702 782 4754 καὶ
812 4703 845 4757 ό.
864 4702 962 4775 ξτγ,
985 4705 1090 4758 τῶν
1128 4707 1184 4758 δὲ
1212 4705 1340 4760 υἱῶν
1372 4707 1515 4778 Κορὲ
1541 4703 1643 4771 εἷς,

106 4788 254 4858 ὁμδν,
288 4790 383 4843 καὶ
428 4791 520 4854 τοῦ
565 4791 1037 4862 Ἀσάφ“ὤσαύτως
1065 4798 1094 4849 ό
1161 4797 1295 4866 μετὰ
1347 4801 1546 4868 χεῖρας.
1585 4798 1642 4853 Ὁ

110 4875 193 4944 μὲν
221 4874 313 4932 οὖν
341 4879 411 4933 νθ¹
452 4881 761 4935 ἀπόπτωσιν
789 4880 884 4934 τοῦ
927 4883 1190 4938 Ἰουδαίων
1232 4886 1412 4950 ἔθνους
1459 4887 1642 4958 ἐδήλου

109 4968 187 5020 καὶ
229 4972 414 5044 κλῆσιν
449 4968 640 5028 seveni-
677 4973 826 5042 ἔλεγε
854 4972 897 5025 δ’
927 4971 1018 5027 οὖν
1051 4977 1361 5049 ἀρχόμενος,
1401 4976 1454 5029 Ὀ
1479 4978 1640 5045 Θεὸς.

109 5061 307 5116 ἀπώσω
345 5065 517 5133 ἡμᾶς,
565 5066 660 5120 καὶ
698 5066 964 5132 καθεῖλες
995 5067 1171 5137 ἡμᾶς,
1207 5069 1518 5138 ὠργίσθης,
1551 5071 1644 5122 καὶ

108 5149 167 5202 τὰ
193 5153 397 5219 τούτοις
419 5156 562 5227 ἑξῆς.
596 5152 726 5210 Elia
771 5156 991 5229 προῖὼν,
1038 5159 1236 5228 ἐπῆγεν
1266 5158 1440 5212 Μωὰϐ
1466 5159 1645 5227 λέϐης

110 5240 206 5308 τῆς
239 5244 483 5312 ἐλπίδος
507 5265 646 5317 μου.
683 5249 808 5304 Ἐπὶ
838 5249 950 5317 τὴν
990 5249 1312 5319 Ἰδουμαίαν
1334 5249 1547 5303 ἐκτενῶ
1579 5252 1644 5306 τὸ

110 5333 373 5403 ὑπόδημα
387 5353 527 5406 μου,
547 5337 674 5406 ἐμοὶ
699 5340 1031 5409 ἀλλόφυλοι
1060 5340 1378 5408 ἐφιλίασαν
1395 5358 1409 5371 °
1437 5339 1490 5409 ἢ,
1514 5345 1646 5397 ὑπε-

112 5425 383 5492 τάγησαν.
399 5427 666 5493 Ὡσαύτως
697 5433 791 5485 καὶ
821 5433 849 5486 ὁ
877 5430 976 5504 Εη’,
993 5432 1168 5499 Ὑπὲρ
1193 5428 1643 5502 τῶνάλλοιωθη-

113 5515 372 5582 (νομένων
395 5518 880 5591 ἐπιγεγραμμένος,
901 5522 966 5575 τά
997 5521 1139 5592 πάθη
1166 5519 1258 5574 τοῦ
1282 5523 1526 5593 Σωτῆρος
1553 5527 1645 5578 καὶ

113 5601 195 5670 τὴν
227 5603 319 5657 τοῦ
359 5604 568 5677 Ἰσραὴλ
597 5609 870 5683 ἀποϐολὴν
894 5612 1182 5684 παρίστησι
1221 5610 1419 5678 λέγων·
1463 5615 1648 5682 Γενη-

115 5692 253 5757 θήτω
281 5696 320 5762 ἠ
351 5695 597 5762 τράπεζα
618 5700 812 5754 αὐτῶν
833 5703 1083 5756 Mater
1106 5700 1297 5756 αὐτῶν
1322 5704 1405 5766 εὶς
1432 5705 1650 5770 παγίδα

118 5783 202 5834 καὶ
235 5787 320 5850 εις
361 5787 753 5842 ἀνταπόδοσιν
784 5793 878 5844 καί
917 5795 1002 5857 είς
1042 5791 1404 5847 σκάνδαλον.
1458 5796 1646 5853 Exort-

118 5869 423 5937 σθήτωσαν
472 5881 524 5930 οὶ
562 5879 841 5949 ὀφθαλμοὶ
891 5881 1082 5936 αὐτῶν
1121 5882 1220 5936 τοῦ
1248 5881 1330 5951 μὴ
1370 5881 1644 5944 βλέπειν,

1737 2226 1902 2280 Nobis
1932 2226 2289 2296 patrocinare,
2321 2224 2426 2279 etsi
2455 2239 2562 2277 non
2601 2224 2772 2278 nostri
2814 2240 3000 2289 causa,
3037 2225 3129 2280 sed
3158 2241 3284 2295 pro-

1736 2325 1857 2388 pter
1886 2324 2068 2387 patres
2100 2314 2345 2371 nostros.‘
2364 2313 2567 2370 Vieinis
2595 2331 2722 2371 vero
2749 2317 2974 2380 nostris,
3009 2316 3062 2370 id
3084 2324 3168 2372 est
3214 2317 3282 2371 iis

1735 2409 1829 2480 qui
1857 2409 2145 2478 insurgunt
2170 2408 2223 2461 in
2253 2422 2374 2470 nos,
2407 2407 2669 2476 nobisque
2697 2407 2896 2474 bellum
2929 2415 3167 2474 movent,
3202 2409 3284 2462 vi-

1736 2515 1827 2556 ces
1865 2499 2154 2561 retribuas,
2186 2498 2552 2569 multiplicans
2604 2499 2733 2552 illud
2762 2499 3060 2554 sceleribus
3099 2516 3284 2554 eorum

1738 2590 1976 2645 debitum
2016 2591 2362 2660 supplicium.
2411 2589 2527 2645 Non
2577 2599 2660 2645 sat
2713 2591 2820 2645 illis
2874 2590 2973 2645 fuit
3018 2593 3157 2646 mala
3201 2595 3285 2646 in-

1734 2681 1944 2738 ‘ﬁixisse
1986 2683 2144 2738 nobis
2164 2671 2188 2750 ;~
2211 2681 2304 2738 sed
2350 2692 2402 2738 te
2440 2697 2656 2753 quoque
2685 2683 3061 2738 universorum
3115 2682 3288 2737 Domi-

1739 2788 1868 2828 num
1900 2773 2230 2842 blasphemis
2273 2779 2326 2827 et
2370 2774 2777 2829 contumeliosis
2805 2775 2967 2829 dictis
3010 2776 3290 2845 impedive-

1741 2874 1887 2920 runt.
1918 2863 2114 2919 Verum
2155 2863 2262 2918 illis
2308 2863 2376 2917 ad
2418 2864 2713 2918 utilitatem
2752 2879 2905 2918 suam
2939 2866 3287 2934 promeritum

1739 2958 1905 3014 redde
1955 2956 2319 3027 supplicium;
2369 2955 2442 3010 ita
2488 2964 2548 3010 ut
2590 2971 2657 3010 eo
2697 2965 3084 3011 convertantur
3123 2969 3176 3030 et
3221 2959 3287 3011 ad

1741 3050 2017 3104 meliorem
2059 3064 2117 3103 se
2154 3047 2358 3115 frugem
2391 3047 2689 3118 recipiant;
2720 3064 2819 3104 nos
2856 3057 3032 3104 autem
3079 3050 3288 3103 occis'oa

1739 3156 1857 3195 rum
1897 3141 2056 3206 ﬁlios,
2081 3141 2253 3196 salute
2290 3140 2451 3204 dona,
2492 3140 2611 3210 qui,
2645 3140 2854 3195 etiamsi
2891 3155 2997 3194 non
3044 3139 3289 3210 patribus

1741 3234 1946 3288 similes
1980 3233 2262 3300 fuerimus,
2308 3235 2808 3304 attamenpopulus
2848 3241 2975 3289 tuus
3017 3250 3204 3289 sumus
3237 3243 3290 3288 et

1743 3343 1871 3382 ores
1902 3341 2114 3396 pascuae
2147 3333 2285 3391 tua;
2316 3341 2480 3397 quare
2523 3326 2884 3395 canﬁtebimur
2917 3327 3010 3380 tibi
3043 3327 3095 3380 in
3122 3341 3289 3380 διεεαο

1743 3415 1880 3481 lum,
1923 3418 2126 3486 gratias
2181 3417 2388 3471 scilicet
2439 3424 2660 3488 agentes
2697 3417 3014 3489 debitosque
3065 3419 3293 3489 hymnos

1741 3513 1796 3560 et
1818 3507 2004 3562 laudes
2033 3521 2128 3576 pro
2158 3507 2393 3575 acceptis
2416 3506 2695 3561 beneﬁciis
2725 3507 2824 3561 tibi
2849 3509 3090 3561 omnium
3125 3503 3292 3561 bono;

1742 3613 1863 3652 rum
1894 3598 2137 3667 largitori
2174 3597 2282 3652 Deo
2315 3599 2643 3653 emittentes.
2683 3597 2946 3672 Deinceps
2977 3612 3102 3652 vero
3132 3599 3186 3650 in
3210 3615 3291 3667 ge-

1744 3691 2060 3742 nerationem
2101 3699 2150 3743 et
2188 3679 2569 3758 generationem
2620 3688 3050 3745 annuntiabimus
3084 3688 3290 3743 laudem

1743 3790 1885 3834 luam
1921 3775 2295 3846 ﬁliisnostris,
2326 3781 2449 3837 ﬁliis
2475 3781 2706 3837 ﬁliorum
2739 3792 2793 3837 et
2815 3793 3002 3838 eorum
3036 3783 3286 3851 posteris,

1743 3873 2034 3927 salutarem
2088 3863 2262 3928 laudis
2314 3881 2419 3928 tute
2471 3874 2834 3944 disciplinam,
2884 3888 2983 3930 ceu
3037 3875 3271 3943 optimati

1743 3974 1966 4030 sortem,
1995 3964 2290 4019 tradentes.

1743 4161 1794 4213 ί.
1829 4157 1896 4212 ΙΝ
1939 4156 2166 4217 FINEM.
2205 4157 2338 4212 PRO
2375 4156 2460 4212 IIS
2492 4157 2607 4224 QUI
2648 4158 3288 4226 COMMUTABUNTUR,

2137 4226 2612 4284 TESTIMONIUM
2641 4228 2885 4284 ASAPH.

2402 4319 2635 4374 LXXIX.

1812 4432 1978 4488 Vsus.
2015 4432 2068 4486 Ξ.
2112 4433 2214 4500 Qui
2238 4436 2411 4502 pascis
2454 4434 2646 4498 Israel,
2681 4435 2908 4499 intende,
2950 4438 3037 4506 qui
3081 4437 3290 4492 deducis

1742 4524 1877 4578 velut
1920 4541 2059 4578 ovem
2090 4523 2301 4594 Ioseph.
2333 4525 2572 4592 Quatuor
2612 4536 2739 4580 sunt
2761 4527 3037 4596 inscripti,
3070 4528 3176 4582 Pro
3227 4533 3291 4584 iis

1671 4617 1830 4707 οοαί
1867 4615 2357 4681 commutabuntur;
2407 4618 2514 4672 duo
2552 4619 2767 4688 quidem
2819 4617 3059 4682 Davidis,
3110 4637 3199 4674 ιιι
3242 4629 3295 4675 et

1743 4721 1931 4772 vam,
1973 4706 2202 4762 ﬁliorum
2232 4707 2369 4762 Core
2419 4723 2579 4770 unus,
2615 4725 2759 4771 χειν,
2799 4709 2999 4779 Asapbi
3036 4711 3162 4765 item
3205 4711 3292 4765 hic

1742 4797 1900 4868 Quem
1933 4806 2262 4853 tractamus.
2312 4797 2800 4868 Quinquagesimus
2856 4817 3033 4857 nonus
3085 4802 3292 4871 lapsum

1741 4889 1946 4944 Judaici
1985 4891 2163 4959 populi
2193 4897 2247 4944 et
2275 4891 2608 4952 vocationem
2649 4890 2888 4958 gentium
2925 4890 3287 4961 signiﬁcabat,

1744 4982 1828 5035 his
1859 4981 2034 5034 verbis
2075 4993 2234 5034 orsus
2264 4999 2275 5032 :
2313 4979 2469 5045 Dens,
2513 4982 2748 5049 repulisti
2791 4999 2882 5036 nos
2908 4993 2956 5036 et
2990 4982 3291 5035 destruxisti

1742 5089 1858 5133 nos,
1894 5071 2060 5124 iratus
2100 5086 2175 5132 es,
2212 5080 2263 5124 et
2296 5082 2488 5126 cmtera
2514 5089 2631 5142 qua:
2666 5083 2983 5144 sequuntur.
3025 5072 3136 5126 Sub
3180 5073 3291 5126 lucc

1744 5175 1920 5217 autem
1957 5179 1970 5215 :
2009 5160 2166 5215 Moab
2205 5163 2338 5217 lebes
2370 5167 2474 5232 spei
2501 5181 2640 5219 metu.
2679 5166 2749 5218 In
2783 5164 3074 5218 Iduntazam
3117 5175 3293 5217 cxten.»

1744 5254 1864 5306 dam
1907 5252 2308 5305 calceamentum
2342 5269 2545 5322 meum;
2582 5255 2708 5306 mihi
2733 5254 2982 5321 allopltyli
3019 5254 3175 5306 amici
3208 5255 3274 5322 fa-

1745 5338 1816 5390 cti
1835 5343 1984 5399 sunt,
2016 5338 2147 5396 sive,
2181 5337 2376 5389 subditi
2397 5337 2829 5393 sunt.-Similiter
2857 5353 3046 5400 varu,
3080 5335 3186 5389 Pro
3225 5339 3292 5390 iis

1743 5428 1833 5497 qui
1859 5428 2317 5480 comniutabuntur
2351 5431 2660 5498 inscriptus,
2711 5429 2985 5481 cruciatus
3035 5426 3284 5481 Servato-

1745 5521 1822 5573 ris
1872 5529 1926 5572 et
1981 5517 2195 5574 lsraelis
2240 5519 2594 5586 abjectionem
2645 5519 2889 5572 declarat
2941 5518 3023 5572 his
3068 5518 3284 5571 verbis;

1746 5611 1872 5666 Fiat
1899 5628 2077 5666 mensa
2105 5628 2282 5666 eorum
2315 5629 2491 5665 coram
2522 5613 2646 5682 ipsis
2681 5613 2731 5665 in
2765 5611 3026 5680 laqueum,
3057 5618 3106 5662 et
3138 5609 3191 5661 in
3222 5625 3292 5663 re-

1747 5704 2078 5763 tributionem
2114 5711 2164 5756 et
2189 5705 2243 5755 in
2286 5683 2615 5756 scandalum.
2657 5702 3008 5757 Obscurentur
3033 5699 3171 5752 oculi
3206 5716 3291 5754 eo-

1747 5811 1860 5848 rum
1903 5811 1964 5847 ne
2005 5795 2230 5857 videant,
2270 5803 2318 5846 et
2364 5778 2578 5847 dorsum
2610 5809 2788 5846 eorum
2826 5805 3022 5856 semper
3059 5791 3292 5844 incurva.

1749 5885 1970 5948 E/ftmde
1993 5900 2140 5937 super
2169 5902 2253 5939 eos
2285 5888 2415 5936 iram
2452 5897 2612 5945 (nant,
2649 5894 2697 5937 et
2729 5885 2875 5951 furor
2899 5884 2991 5937 ira:
3024 5893 3124 5936 tuw
3152 5898 3267 5936 corr.
