3974 6354
118 448 197 505 953

1208 439 1704 502 COMMENTARlA
1741 439 1809 496 IN
1844 439 2171 500 PSALHOS.

3138 440 3241 493 954

117 565 212 627 γιὸς
223 562 411 629 ἀφιοζ-
426 557 854 629 mersandam
871 557 1077 623 αὐτήν.
1124 555 1617 627 Ἑμπεπυρισμένη

1721 554 1958 609 datorum
1992 555 2205 609 brevem
2250 560 2303 608 et
2332 525 2748 623 temporaneam,
2783 552 3004 606 ﬂoribus
3032 561 3084 605 et
3118 553 3244 606 liiiis

117 656 167 707 ἐγ
188 651 306 718 πυρι
335 652 436 705 και
467 650 935 719 κατεσκαμμένη.
964 646 1145 701 Ταῦτα
1164 647 1289 717 περι
1313 632 1410 717 τῆξ
1432 645 1607 715 ἀμπέ-

117 744 187 797 λου
204 740 431 803 διελθὼν,
451 743 549 812 τὴν
567 741 659 795 τοῦ
691 739 954 794 Ἰουδαίων
976 738 1159 800 ἔθνους
1189 736 1465 801 ἐθέσπιζεν
1492 737 1612 806 ἐρη-

123 833 233 902 μίαν.
266 817 517 894 Ἑίκότως
556 826 646 884 οὖν
678 830 736 883 ἐν
760 830 829 897 ’τῇ
875 827 1159 897 προγραφῇ
1199 825 1290 878 καὶ
1322 823 1611 895 μαρτύριον

119 925 331 994 κέκληται
350 921 420 975 τὰ
441 921 726 991 λεγόμενα⁸
754 918 1042 989 μαρτύριον
1061 915 1166 987 γὰρ
1190 915 1357 969 ταῦτα
1376 913 1608 979 ἔσεσθαι,

120 1012 186 1063 καὶ
203 1008 598 1080 διεμαρτύρατο.
624 1006 778 1061 Ὅθεν
804 1004 951 1075 παρὰ
969 1004 1043 1073 τῷ
1060 1006 1128 1057 Συ
1137 1003 1333 1073 μμάχῳ
1355 1004 1447 1056 καὶ
1466 1002 1612 1073 παρὰ

120 1094 176 1164 τῷ
198 1095 379 1167 ’Δκύλα
393 1096 679 1165 μαρτυρία
697 1092 925 1165 εἴρηται.
963 1092 1104 1146 ’Δντὶ
1120 1093 1175 1145 δὲ
1192 1092 1305 1155 τοῦ,
1330 1092 1479 1159 ὑπὲρ
1496 1090 1613 1145 τῶν

121 1186 661 1255 Mantineam,
688 1186 717 1237 6
746 1184 842 1253 μὲν
872 1184 1177 1255 Σύμμαχος,
1204 1182 1352 1251 ὑπὲρ
1376 1181 1493 1237 τῶν
1518 1182 1613 1237 ἁν-

122 1276 229 1341 θῶν,
252 1277 279 1328 6
296 1277 353 1331 δὲ
389 1276 630 1340 Ἀκύλας,
661 1274 809 1343 ὑπὲρ
832 1274 948 1329 τῶν
973 1275 1204 1342 κρίνων,
1241 1275 1607 1346 ήρμήνευσαν·

121 1369 266 1424 ἄνθεσι
290 1368 382 1421 καὶ
406 1365 605 1437 κρίνοις
629 1364 725 1435 τὴν
750 1366 1072 1436 πρόσκαιρον
1102 1364 1302 1434 βραχὺν
1321 1365 1613 1435 γενομένην

122 1460 222 1513 ποτὲ
252 1457 339 1511 τοῦ
370 1455 632 1510 Ἰουδαίων
653 1455 833 1518 ἔθνους
864 1454 1161 1525 εὐπραγίαν
1185 1452 1612 1523 παραϐάλλοντος

118 1550 190 1604 τοῦ
219 1550 385 1617 λόγου.
430 1549 762 1617 Ἀναπέμπει
789 1548 922 1617 δῆτα
960 1548 989 1599 ὁ
1026 1546 1312 1616 Προφήτης
1340 1543 1613 1614 ἱκετηρίαν

122 1640 226 1710 πρὸς
249 1639 334 1691 τὸν
366 1638 529 1694 πάλαι
558 1637 831 1709 ἐφορῶντα
857 1639 950 1690 καὶ
980 1634 1368 1688 ἐπισκοποῦντα
1393 1633 1482 1687 τὸν
1518 1634 1615 1685 Ἰσ-

122 1728 335 1809 ραήλΙτοῦ
344 1728 479 1782 Θεοῦ
504 1729 673 1797 Λόγον
691 1768 707 1789 ,
732 1730 824 1795 καὶ
852 1726 1036 1781 τοῦτον
1064 1724 1488 1796 ἀνακαλούμενός
1514 1741 1614 1795 φητ

122 1838 209 1873 σιν·
242 1822 290 1873 Ὀ
316 1822 636 1889 ποιμαίνων
656 1818 761 1873 τὸν
786 1820 1048 1886 Ἰσραὴλ,
1071 1818 1329 1885 πρόσχες
1345 1833 1358 1846 ·
1382 1814 1532 1868 ⁴οὕτω
1558 1814 1615 1867 δὲ

117 1913 313 1967 δυσωπεὲ
342 1911 761 1982 ὑπομιμνήσκων
788 1908 884 1978 τῆς
916 1910 1079 1961 πάλαι
1111 1908 1268 1961 αὑτοῦ
1296 1906 1610 1974 ἐπισκοπῆς.

118 2002 216 2065 Τοῖς
234 2002 336 2070 γὰρ
356 1985 499 2068 σοῖς,
521 2000 685 2071 φησὶ,
715 1998 988 2070 θρέμμασι
1017 1998 1108 2051 καὶ
1132 2000 1242 2060 τοῖς
1274 1999 1383 2059 σοῖς
1416 1994 1616 2065 προσά-

118 2110 204 2156 τοις
229 2094 470 2163 πρόσχες,
498 2092 528 2144 6
548 2090 675 2143 ml
695 2090 958 2159 ποιμάνας
981 2088 1137 2143 αὐτά.
1165 2090 1227 2143 El
1249 2087 1356 2157 γὰρ
1376 2086 1466 2139 καί
1489 2102 1615 2139 ποτε

118 2184 269 2235 ἄλλοτε
295 2184 389 2253 τὴν
421 2181 772 2251 ποιμαντικήν
800 2179 1090 2249 ὑπέμεινας
1130 2177 1425 2249 ἀνθρώπων
1456 2193 1615 2247 φρον-

116 2274 209 2325 τίδα
229 2314 243 2337 ,
269 2273 545 2344 ὡδήγησάς
580 2290 639 2325 τε
678 2271 767 2331 τὸν
807 2273 864 2325 ἐν
888 2268 1188 2342 ἀνθρώποις
1217 2270 1498 2339 γενόμενόν
1523 2284 1614 2320 σου

115 2363 243 2428 λαὸν,
269 2364 465 2417 τούτων
508 2363 681 2417 αὐτῶν
714 2362 1006 2435 μνήσθητι*
1042 2352 1135 2415 καὶ
1171 2362 1243 2431 μὴ
1272 2360 1499 2433 παρίδῃς
1526 2359 1616 2425 οὓς

113 2454 343 2525 τοσαύτης
370 2455 603 2525 ἠξίωσας
629 2454 895 2526 προνοίας.
922 2453 1161 2524 Πρόσχες
1187 2448 1277 2508 οὖν
1296 2492 1310 2517 ,
1341 2452 1497 2521 φησὶ,
1528 2451 1617 2503 καί¹

117 2547 407 2617 κατανόησον
435 2548 590 2601 ὁποῖα
622 2546 880 2601 πέπονθεν
904 2547 936 2615 ἠ
961 2545 1025 2615 σή
1047 2544 1263 2614 ποίμνη,
1293 2542 1384 2594 καὶ
1404 2540 1477 2603 ὡς
1501 2540 1618 2595 ἐλυ-

119 2637 513 2705 μήνατοαύτοὺς
538 2632 599 2701 ὗς
634 2640 697 2689 ἐκ
726 2637 947 2707 δρυμοῦ,
974 2636 1067 2688 καὶ
1097 2634 1272 2704 μονιὺς
1298 2633 1483 2702 ἄγριος
1516 2648 1614 2684 κα-

116 2728 411 2796 τενεμήσατο
453 2726 645 2796 αὐτὴν,
680 2725 770 2778 καὶ
804 2724 879 2787 ὡς
917 2724 1133 2791 γέγονεν
1172 2723 1613 2793 ἐμπεπυρισμένη

118 2815 226 2886 πυρὶ
251 2816 340 2869 καὶ
366 2815 743 2887 ἀνεσκαμμένη
774 2813 881 2867 ἀπὸ
914 2814 1271 2884 ἐπιτιμήσεως
1298 2812 1387 2866 τοῦ
1416 2813 1617 2884 προσώ-

117 2920 199 2958 που
230 2922 335 2960 σου.
366 2904 609 2959 Διδάσκει
631 2904 685 2956 δὲ
708 2903 874 2956 ταῦτα
901 2904 957 2955 ἐν
979 2900 1250 2971 Πνεύματι
1278 2902 1414 2971 ἁγίῳ
1440 2902 1467 2953 6
1489 2903 1617 2970 Προ-

118 2994 265 3062 φήτης
290 2994 347 3047 τὸ
386 2993 646 3047 Ἰουδαίων
676 2993 823 3056 ἔθνος
843 3035 858 3060 ,
894 2992 1115 3062 μελετᾷν
1142 2994 1234 3045 καὶ
1263 2993 1615 3059 ἀπαγγέλλειν

117 3082 365 3153 προλαϐὼν
383 3085 505 3147 τοὺς
524 3085 740 3155 χρόνους
763 3084 854 3137 καὶ
879 3081 948 3134 τὰ
974 3083 1265 3153 πράγματα
1284 3099 1297 3113 ·
1323 3081 1386 3133 ἵν’
1403 3082 1615 3134 ἐπειδὰν

319 3172 502 3265 καιδϋ
534 3172 705 3242 ἔργων
744 3171 962 3241 χωρήσῃ
1002 3169 1093 3265 τὰ.
1113 3163 1611 3241 προπεφητευμένα,
1641 3208 1683 3265 C

116 3259 289 3327 δέχοιεν
316 3262 371 3327 ἐξ
408 3262 618 3331 ἑτοίμου
659 3261 755 3329 τῆς
787 3260 931 3329 πρὸς
944 3260 1034 3313 τὸν
1058 3258 1188 3312 Θεὸν
1218 3259 1490 3328 ἱκετηρίας
1519 3258 1616 3327 τὴν

117 3351 303 3417 γνῶσιν.
336 3352 428 3411 Τίς
452 3352 509 3405 δέ
538 3354 679 3405 ἐστιν
710 3352 739 3403 ὁ
762 3351 1054 3419 ποιμαίνων
1081 3350 1169 3403 τὸν
1206 3349 1431 3420 Ἰσραὴλ,
1461 3350 1618 3412 αὐτὸς

118 3444 407 3513 παρίστησιν
428 3445 457 3495 6
486 3442 681 3495 είπιὶινο
751 3441 887 3509 Ἐγώ
907 3444 1020 3510 ειμι
1052 3444 1084 3495 ό
1113 3440 1330 3510 ποιμὴν
1359 3444 1391 3493 ὀ
1418 3441 1615 3504 καλὸς,

117 3528 196 3579 καί
216 3529 472 3596 γινώσκω
506 3530 577 3582 τὰ
592 3527 722 3597 ἐμὰ,
758 3528 857 3582 καὶ
887 3528 1246 3598 γινώσκουσί
1270 3544 1345 3596 με
1371 3528 1441 3581 τὰ
1477 3528 1614 3595 ἐμά’

118 3614 191 3666 καὶ
217 3611 358 3678 αὖθις
375 3636 389 3646 ·
447 3617 590 3687 Ἐγώ
614 3621 727 3686 ειμι
757 3621 789 3671 ό
821 3617 1039 3685 ποιμὴν
1066 3621 1098 3671 ό
1125 3617 1307 3682 καλὸς
1326 3658 1339 3682 ,
1380 3606 1479 3669 καὶ
1508 3618 1619 3685 τὴν

119 3706 430 3775 ﬁrmatam:
460 3708 649 3775 τίθημι
680 3706 829 3773 ὑπὲρ
850 3706 964 3759 τῶν
988 3706 1305 3775 προϐάτοιν.
1366 3707 1533 3768 Αὐτὸς
1562 3707 1617 3759 δὲ

117 3786 171 3860 ἦν
196 3792 283 3845 καὶ
303 3796 330 3845 6
359 3795 445 3848 τὸν
480 3794 667 3866 Ἰωσὴφ
702 3794 830 3848 ὡσεὶ
854 3796 1116 3868 πρόόατον
1143 3795 1347 3866 ὁδηγῶν
1378 3796 1495 3865 ἦτοι
1521 3798 1618 3867 τὴν

121 3882 294 3953 φυλὴν,
345 3885 375 3956 ἢ
402 3886 462 3939 τὸ
494 3878 599 3939 πᾶν
640 3887 899 3940 Ἰουδαίων
928 3887 1080 3951 ἔθνος
1111 3886 1481 3957 μεταφορικῶς
1512 3888 1618 3939 ἀπὸ

120 3977 228 4041 μιᾶς
254 3977 522 4045 ὀνομάζων
555 3979 721 4049 φυλῆς
740 3978 838 4049 τῆς
858 3979 949 4031 τοῦ
990 3980 1205 4047 Ἰωσήφ·
1250 3976 1281 4046 ἢ
1304 3978 1395 4031 καὶ
1426 3979 1617 4048 μᾶλλον

115 4065 253 4116 αὑτὸν
274 4067 361 4127 τὸν
389 4068 553 4138 ἄνδρα
583 4067 670 4119 τὸν
697 4069 795 4135 τῆς
820 4067 988 4135 φυλῆς
1016 4066 1347 4137 προπάτορα.
1408 4067 1615 4135 Ἐπειδὴ

118 4154 424 4225 συνῆνιαὺτῴ
470 4155 925 4225 ἐπιθουλευομένῳ
956 4156 1058 4208 ὑπὸ
1094 4154 1198 4207 τῶν
1226 4156 1461 4225 ἀδελφῶν
1482 4197 1497 4216 ,
1529 4159 1617 4208 καὶ

116 4246 505 4315 πιπρασκομένῳ
545 4248 654 4307 τοῖς
691 4245 1072 4316 Ἰσραηλίταις,
1116 4247 1206 4299 καὶ
1242 4249 1318 4309 εἰς
1357 4226 1617 4315 Αἴγυπτον

114 4334 457 4405 καταγομένῳ,
488 4336 578 4387 καὶ
602 4334 677 4404 τῷ
698 4336 939 4406 Πετεφρῇ
964 4335 1277 4399 δουλεύοντι,
1302 4340 1394 4409 τήν
1416 4355 1471 4389 τε
1500 4340 1619 4391 ἀκό-

115 4420 281 4477 λαστον
292 4426 565 4479 δέσποιναν
591 4427 1055 4497 ἀποστρεφομένῳ,
1075 4427 1147 4490 ὡς
1168 4431 1244 4491 εἰς
1263 4430 1616 4499 δεσμωτήριον

1708 654 2007 714 comparat.
2059 643 2512 716 Supplicationem
2542 644 2705 713 igitur
2746 644 2941 697 eiiiittit
2980 642 3242 712 Propheta

1709 738 1775 790 ad
1814 751 1935 790 eum
1974 736 2067 806 qui
2097 738 2224 792 olim
2264 736 2511 792 lsraelem
2556 735 2775 789 curabat
2815 742 2868 786 et
2906 734 3242 803 inspiciebat,

1710 826 1803 881 Dei
1832 825 2039 881 scilicet
2062 824 2318 891 Verbum,
2343 825 2485 895 quod
2516 826 2770 878 invocans
2794 824 2869 875 ait
2904 838 2917 874 :
2951 823 3054 887 Qui
3072 825 3242 890 pascis

1712 916 1900 983 Israel,
1929 918 2153 972 intende.
2185 915 2275 971 Sic
2316 925 2493 971 autem
2532 916 2703 984 ipsum
2749 912 2959 967 flectere
2995 923 3240 977 conatur,

1709 1012 1980 1080 antiquam
2004 1011 2121 1080 ejus
2154 1011 2209 1065 in
2234 1011 2487 1081 populum
2512 1008 2893 1077 inspectionem
2918 1019 3244 1059 commemo-

1709 1116 1858 1158 rans.
1889 1091 2023 1165 Tua,
2055 1101 2251 1173 inquit,
2284 1115 2499 1172 pecora,
2525 1113 2759 1168 ovesque
2788 1104 2907 1152 tuas
2944 1110 3119 1159 cures,
3151 1096 3240 1165 qui

1710 1192 1836 1247 olim
1871 1192 2130 1262 pascebas
2170 1193 2325 1247 illas.’
2359 1190 2490 1244 Nam
2532 1191 2579 1246 si
2611 1189 2878 1259 quondam
2922 1186 3242 1257 pastoralem

1711 1280 1985 1335 hominum
2027 1279 2439 1345 sollicitudinem
2485 1276 2721 1341 subiisti,
2754 1276 2801 1331 si
2845 1275 3117 1344 populum,
3149 1275 3241 1342 qui

1710 1371 1852 1424 inter
1869 1368 2113 1425 homines
2133 1369 2266 1423 alios
2282 1377 2407 1423 tuus
2432 1366 2731 1429 dicebatur,
2747 1364 3036 1427 deduxisti,
3053 1365 3239 1417 horum

1711 1467 2000 1522 memento,
2019 1474 2192 1528 neque
2218 1458 2485 1529 despicias
2505 1472 2598 1513 eos
2624 1471 2760 1528 quos
2796 1464 2945 1510 tanta
2968 1454 3242 1524 providen-

1711 1549 1785 1600 tia
1813 1548 2061 1618 dignatus
2089 1563 2170 1603 es.
2200 1546 2420 1602 intende
2448 1548 2629 1617 igitur,
2662 1545 2854 1615 inquit,
2879 1552 2932 1599 et
2962 1543 3241 1598 considera

1712 1646 1911 1705 quanta
1957 1652 2085 1707 grex
2116 1636 2206 1690 ille
2255 1644 2381 1690 tuus
2426 1636 2682 1705 patiatur,
2718 1634 2991 1713 quomodo
3032 1634 3241 1687 vineam

1714 1729 1857 1784 illam
1914 1730 2343 1785 exterminaverit
2401 1742 2530 1797 aper
2556 1726 2622 1779 de
2665 1712 2820 1790 silva,
2864 1735 2917 1782 et
2946 1712 3242 1796 lsingularis

1716 1820 1864 1875 ferus
1906 1821 2161 1890 depastus
2198 1821 2267 1874 sit
2316 1833 2457 1882 eam,
2499 1817 2767 1888 quomodo
2817 1815 2979 1871 fuerit
3025 1808 3242 1869 incen’sa

1715 1911 1825 1981 igni
1851 1920 1904 1967 et
1944 1911 2172 1967 suﬂ‘ossa
2228 1912 2296 1965 ab
2344 1909 2708 1977 increpatione
2756 1908 2935 1961 vultus
2980 1908 3077 1960 tui.
3121 1905 3243 1960 limae

1710 2016 1872 2068 porro
1902 2001 1955 2055 in
1984 2000 2185 2070 Spiritu
2214 2007 2400 2056 sancto
2434 1998 2705 2053 Iudaicam
2737 2004 2941 2067 gentem
2980 1994 3243 2064 Propheta

1712 2092 1885 2153 docet,
1919 2100 2160 2160 tempora
2185 2100 2238 2145 et
2263 2097 2486 2146 eventus
2523 2104 2706 2145 rerum
2738 2086 2986 2142 meditari
3010 2100 3070 2137 ac
3108 2098 3245 2153 prat-

1712 2182 1960 2236 nuntiare
2009 2196 2314 2250 Occupans;
2340 2188 2397 2232 ut
2424 2194 2544 2233 cum
2590 2193 2675 2233 res
2701 2192 2823 2247 quae
2854 2176 2908 2230 in
2968 2173 3242 2244 prophetia

1712 2272 1960 2325 feruntur
1990 2270 2325 2334 advenerint,
2360 2269 2414 2322 in
2452 2274 2700 2337 promptu
2732 2250 2988 2321 notitiam
3011 2266 3155 2320 illius
3178 2265 3243 2317 ad

1713 2362 1876 2417 Deum
1913 2363 2124 2417 emissa:
2154 2344 2561 2430 supplicationis
2606 2358 2934 2428 exciperent.
2964 2341 3097 2421 Quis
3114 2372 3245 2426 vero

1713 2452 1784 2509 sit
1806 2452 1899 2520 qui
1923 2452 2094 2520 pascit
2124 2450 2308 2515 lsrael,
2332 2450 2568 2505 declarat
2596 2450 2711 2519 ipse
2732 2448 2820 2518 qui
2850 2446 2922 2500 ait
2951 2466 2964 2500 :
2989 2446 3099 2515 Ego
3128 2462 3243 2500 sum

1711 2553 1893 2613 pastor
1935 2542 2117 2607 bonus,
2162 2552 2210 2595 et
2247 2558 2495 2612 cognosco
2528 2558 2689 2603 meas,
2718 2546 2767 2593 et
2804 2545 3114 2608 cognoscunt
3164 2554 3244 2591 me

1714 2652 1838 2690 mea:
1863 2637 1940 2701 ";
1966 2641 2019 2688 et
2047 2649 2261 2688 rursum
2295 2651 2307 2686 :
2342 2632 2449 2702 Ego
2489 2647 2604 2685 sum
2644 2640 2823 2699 pastor
2839 2629 3019 2692 bonus,
3046 2637 3093 2681 et
3128 2616 3242 2680 ani-

1712 2743 1849 2780 mam
1881 2739 2047 2777 meam
2072 2738 2203 2791 pono
2224 2738 2315 2791 pro
2343 2721 2517 2775 ovibus
2537 2721 2601 2773 ‘°.
2630 2720 2746 2788 Ipse
2765 2733 2890 2771 vero
2911 2718 3129 2787 eratqui
3153 2716 3244 2772 Jo-

1713 2817 1959 2887 sephum,
1986 2814 2068 2869 vel
2095 2813 2292 2867 tribum
2317 2812 2457 2880 ejus,
2489 2817 2547 2863 ut
2576 2818 2729 2863 ovem
2767 2807 3093 2871 deducebat;
3130 2808 3244 2861 sive

1712 2874 1873 2962 etiam
1903 2874 2070 2959 totam
2094 2874 2371 2957 Iudaicam
2406 2907 2615 2971 gentem
2652 2897 3015 2967 metaphorice
3038 2896 3104 2949 ah
3137 2889 3243 2949 una

1712 2996 1853 3051 tribu
1878 2993 2073 3064 Ioseph
2104 2992 2488 3057 subindicans;
2522 2989 2633 3043 sive
2661 2987 2840 3056 potius
2862 2988 3035 3055 ipsum
3067 2982 3243 3039 virum

1714 3084 1889 3137 tribus
1913 3080 2322 3151 progenitorem.
2353 3076 2618 3144 Quoniam
2650 3073 2755 3145 ipsi
2777 3072 2988 3127 insidiis
3020 3072 3243 3124 fratrum

1716 3173 1978 3243 impetito,
2011 3169 2295 3226 lsmaelitis
2323 3168 2559 3230 vendito,
2591 3166 2646 3220 in
2675 3163 2959 3234 Egyptum
2991 3162 3240 3223 deducto.

1716 3262 1999 3332 Petcphrae'
2020 3258 2291 3324 servienti,
2315 3256 2635 3326 impudicam
2662 3255 2933 3329 dominam
2955 3255 3241 3316 aversanti,

1716 3355 1770 3409 in
1798 3367 2067 3408 carcerem
2103 3352 2227 3403 item
2276 3347 2538 3415 conjecto,
2567 3345 2772 3399 aderat.
2805 3342 2938 3397 Nam
2984 3344 3038 3396 in
3068 3344 3245 3397 omni-

1714 3446 1814 3499 bus
1842 3444 1925 3499 his
1961 3441 2197 3497 adfuisse
2217 3437 2415 3509 Moysis
2451 3436 2718 3505 scriptura
2754 3442 3140 3489 commemorat
3162 3434 3241 3486 di-

1715 3550 1843 3589 cens
1871 3550 1883 3583 :
1917 3532 1981 3585 Et
2012 3540 2123 3585 erat
2151 3516 2404 3583 Dominus
2451 3514 2566 3581 cum
2604 3525 2793 3599 Ioseph
2811 3526 2875 3579 σί.
2911 3522 3063 3578 Unde
3092 3537 3242 3577 com-

1715 3624 1927 3679 modius
1972 3621 2197 3677 vertisse
2220 3620 2349 3673 mihi
2385 3620 2596 3673 videtur
2646 3615 2962 3676 Theodotio,
2994 3616 3085 3684 qui
3116 3615 3190 3669 ait
3225 3633 3245 3679 ιη

1717 3715 1819 3780 Qui
1842 3712 2049 3767 deducis
2077 3712 2226 3780 quasi
2258 3727 2397 3765 ovem
2436 3709 2646 3776 ἐστινὴ.
2679 3708 2754 3762 ita
2784 3724 2996 3779 quoque
3044 3706 3242 3760 dixeris

1716 3805 1893 3873 ipsum
1919 3802 2192 3868 lsraelem,
2214 3804 2305 3871 qui
2338 3802 2545 3871 primus
2575 3799 2675 3854 hoc
2704 3800 2919 3853 nomine
2947 3798 3243 3866 appellatus

1714 3905 1819 3958 est,
1845 3909 1874 3947 a
1910 3901 2125 3963 pastore
2161 3894 2378 3947 ductum
2409 3891 2597 3947 fuisse.
2629 3888 2728 3943 Hie
2756 3902 2880 3942 vero
2905 3884 3070 3939 Iacob
3104 3892 3239 3943 erat,

1716 3986 1856 4039 ﬁlius
1901 3984 2070 4038 Isaac.
2112 3982 2245 4036 Nam
2271 3982 2359 4035 ille
2387 3968 2508 4034 cum
2540 3978 2778 4033 solus'in
2808 3974 3242 4043 MeSOpotamiam

1717 4090 1809 4142 spe
1829 4076 1882 4127 in
1909 4073 2073 4128 Deum
2099 4074 2263 4125 fultus
2289 4070 2660 4133 descenderet,
2681 4074 2948 4137 pastorem
2977 4079 3133 4119 suum
3163 4064 3247 4115 in-

1714 4165 1861 4218 venit
1900 4164 1993 4233 qui
2041 4163 2225 4216 aderat
2250 4162 2373 4223 sibi,
2414 4159 2646 4215 Verbum
2690 4144 2893 4215 scilicet
2941 4155 3053 4218 Dei,
3103 4153 3243 4223 quod

1717 4253 1813 4321 ipsi
1840 4265 2095 4320 apparere
2118 4251 2342 4304 solebat.
2373 4250 2685 4318 Opportune
2707 4249 2885 4316 itaque
2914 4244 3021 4299 Deo
3044 4243 3245 4311 suppli-

1716 4356 1865 4403 cans,
1891 4355 1997 4394 non
2046 4341 2255 4393 turbam
2304 4339 2586 4408 impiorum
2618 4344 2915 4398 memorat,
2954 4336 3044 4390 sed
3084 4334 3243 4386 unius

1716 4441 1923 4487 tantum
1953 4441 2005 4485 et
2034 4432 2255 4485 alterius
2276 4446 2337 4483 ex
2362 4430 2628 4497 religiosis
2647 4429 2753 4483 illis
2781 4429 2906 4481 olim
2937 4426 3067 4479 viris
3098 4438 3245 4476 men-

114 4527 163 4563 τε
182 4513 555 4594 καθειργμένῳ.
592 4515 675 4567 Ἑν
700 4516 831 4567 πᾶσι
849 4510 974 4583 γοῦν
992 4517 1196 4579 τούτοις
1215 4517 1616 4585 ἐπισημαίνεται

1720 4524 1915 4575 tionem
1950 4521 2099 4585 facit,
2140 4536 2203 4582 ex
2234 4520 2634 4587 progenitorum
2681 4508 2875 4569 virtute
2911 4521 2964 4566 ct
2992 4511 3244 4579 religione

113 4598 141 4678 ἡ
170 4601 426 4666 Μωῦσέως
463 4603 643 4674 γραφὴ
679 4602 933 4669 λέγουσα·
972 4605 1079 4657 Καὶ
1114 4600 1190 4674 ἦν
1231 4607 1441 4671 Κύριος
1469 4609 1619 4673 μετὰ

124 4689 507 4760 ἰωὴφ.”οθεν
543 4710 629 4764 μοι
644 4694 786 4745 δοκεῖ
815 4692 1136 4763 κυριώτερον
1168 4695 1555 4765 ήρμηνευκέναι
1589 4698 1618 4748 6

112 4773 371 4832 Θεοδοτιων
409 4782 604 4849 φήσας·
660 4782 721 4834 '0
753 4779 1090 4847 καθοδηγῶν
1129 4783 1268 4835 ὡσεὶ
1330 4784 1618 4849 πρόϐατον

114 4869 203 4917 τὸν
237 4862 455 4939 Ἰωσήφ.
489 4870 643 4924 Οὕτω
669 4872 713 4925 δ’
738 4873 804 4925 ἂν
829 4871 997 4932 εἴποις
1024 4861 1117 4925 καὶ
1144 4872 1499 4943 πεποιμάνθαι
1524 4876 1619 4926 αύ-

112 4956 189 5009 τὺν
214 4958 303 5011 τὰν
345 4962 553 5032 Ἰσραὴλ
578 4963 667 5017 τὸν
694 4963 903 5034 πρῶτον
930 4964 1331 5031 χρηματίσαντα
1356 4951 1522 5033 ταύτῃ
1550 4967 1615 5035 τῇ

114 5050 438 5121 προσηγορίᾳ.
464 5048 570 5105 Ἦν
593 5054 650 5106 δέ
679 5048 829 5118 οὖτος
868 5052 1075 5115 Ἰακὼϐ,
1096 5055 1124 5106 6
1149 5058 1271 5118 παῖς
1290 5053 1381 5107 τοῦ
1414 5054 1610 5107 Ἰσαάκ.

124 5138 255 5194 Ἐπεὶ
277 5141 514 5205 κάκεῖνος
539 5144 692 5211 μόνος
712 5148 787 5210 είς
812 5148 909 5218 τὴν
935 5147 1099 5217 μέσην
1113 5146 1219 5199 τῶν
1244 5145 1494 5216 ποταμῶν
1519 5164 1614 5199 κα-

114 5228 262 5291 usa;
295 5229 425 5299 μετὰ
460 5232 558 5301 τῆς
597 5234 675 5297 είς
700 5235 791 5287 τὸν
818 5237 946 5290 Θεὸν
976 5235 1211 5299 ἐλπίδος,
1242 5235 1397 5289 αὐτὸν
1422 5233 1614 5306 εὕρατο
1678 5218 1683 5224 ’

115 5318 323 5399 ποιμένα
352 5320 438 5372 τὸν
475 5321 869 5394 συνόνταηαὼῷ
893 5326 984 5378 τοῦ
1023 5322 1154 5377 Θεοῦ
1179 5324 1372 5397 Λόγον,
1398 5322 1488 5374 τὸν
1518 5324 1613 5387 τὰς

114 5407 401 5475 ἐπιφανείας
425 5411 569 5481 αὐτῷ
600 5416 971 5484 πεποιημένον.
1032 5415 1308 5486 Εὐκαίρως
1333 5410 1422 5468 οὖν
1446 5414 1613 5467 δυσω-

115 5496 217 5550 πῶν
243 5499 272 5549 6
294 5498 440 5563 λόγος
476 5499 564 5554 τὸν
589 5500 717 5555 Θεὸν
735 5543 747 5565 ,
790 5503 850 5554 οὐ
878 5503 1115 5573 βούλεται
1149 5504 1243 5573 μὲν
1271 5504 1358 5556 τοῦ
1389 5503 1615 5572 πλήθους

172 5710 219 5777 ’θ’
248 5742 399 5803 toan.
434 5763 495 5812 ι,
536 5749 612 5804 ιι.
687 5749 731 5780 ιο
768 5748 918 5814 ibid,
958 5750 1038 5808 ιι.
1114 5753 1154 5785 ει
1191 5751 1321 5807 Gen.
1361 5764 1551 5817 xxxix,
1586 5753 1639 5807 ει.

1718 4621 1958 4682 posteros
1990 4625 2174 4662 eorum
2200 4606 2613 4662 misericordiam
2645 4603 2896 4672 consequi
2929 4602 3239 4670 deprecans.

1715 4732 1784 4744 -—
1822 4701 1978 4769 Vitas.
2026 4700 2080 4754 '5.
2140 4699 2234 4750 llic
2287 4711 2411 4750 vero
2458 4695 2571 4764 ipse
2609 4695 2697 4763 qui
2756 4701 3061 4748 sanctorum
3117 4692 3241 4744 olim

1718 4791 1957 4845 virorum
1984 4798 2167 4857 pastor
2192 4787 2310 4847 fuit,
2345 4786 2390 4837 is
2410 4786 2499 4853 qui
2530 4784 2840 4847 cherubinis
2870 4783 3079 4846 vehitur
3106 4788 3239 4834 erat.

1718 4882 2050 4947 Quibusnam
2109 4876 2442 4936 eberubinis,
2489 4874 2592 4929 nisi
2628 4875 2694 4927 iis
2728 4874 2818 4943 qui
2868 4873 2937 4924 ab
2973 4868 3275 4923 Ezechiele-

1716 4972 1819 5025 visi
1867 4979 2021 5031 sunt,
2072 4981 2299 5035 quorum
2350 4965 2608 5033 imagines
2650 4972 2703 5016 et
2767 4962 3005 5031 symbols
3062 4960 3245 5026 jussus

1672 5092 1675 5095 ι
1717 5060 1924 5128 Moyses
1960 5072 2118 5125 supra
2146 5072 2326 5110 arcam
2356 5072 2419 5109 ex
2444 5069 2576 5107 auro
2595 5053 2803 5122 posuit?
2831 5050 3113 5107 Cheruhim
3147 5061 3245 5099 au-

1717 5158 1822 5202 tem
1861 5148 2100 5201 meminit
2133 5147 2373 5203 Ezechiel
2399 5146 2499 5197 hoc
2538 5150 2695 5211 pacto
2723 5142 2945 5210 loquens
2973 5158 2983 5190 :
3022 5136 3087 5189 Et
3116 5138 3243 5200 vidi,
3294 5134 3298 5139 ’

1717 5247 1765 5291 et
1786 5254 1897 5291 ecce
1935 5252 2085 5303 super
2120 5240 2531 5305 ﬁrmamentum,
2570 5235 2703 5301 quod
2744 5241 2854 5284 erat
2899 5244 3050 5295 super
3093 5239 3243 5294 caput

1719 5326 1999 5387 cherubim,
2030 5329 2179 5399 quasi
2210 5327 2343 5393 lapis
2385 5324 2638 5391 sapphiri;
2672 5321 2960 5375 similitudo
2993 5319 3161 5371 throni
3190 5319 3245 5369 iu

1717 5420 1826 5485 ipso
1840 5418 1903 5467 ⁶².
1934 5414 2124 5472 Postea
2154 5431 2282 5471 vero
2311 5414 2385 5467 ait
2418 5430 2431 5464 :
2468 5412 2534 5466 Et
2567 5424 2767 5483 (gressa
2807 5400 2881 5461 est
2918 5409 3087 5476 gloria
3132 5403 3241 5455 Ds:-

1718 5508 1848 5561 mini
1886 5523 1917 5559 a
1956 5508 2130 5560 limine
2192 5508 2391 5569 domus,
2431 5516 2477 5559 et
2511 5502 2740 5559 ascendit
2764 5516 2912 5569 super
2941 5497 3197 5551 cherubim
3222 5513 3241 5551 ε

1702 5750 1757 5783 ’⁸⁸
1798 5748 1985 5806 Ezech.
2027 5766 2073 5814 ι,
2106 5751 2191 5801 26.
