3974 6354
111 483 188 543 965

1161 464 1651 524 εοιιιιιΝτΑιιιΑ
1679 420 1752 518 m'
1787 435 2119 517 nsanos.

3142 450 3250 507 966

113 597 264 664 σαλὴμ,
300 591 569 656 θεσπίζων
587 589 741 659 αὑτῇι
760 587 828 640 τὰ
867 583 1241 664 συμϐησόμενα
1263 581 1400 636 κατὰ
1426 581 1566 642 τοὺς.
1583 576 1916 648 δηλωθέντας
1939 575 2178 645 χρόνους.
2207 574 2304 628 Διὰ
2326 574 2423 645 μὲν
2451 570 2543 626 οὖν
2573 571 2679 625 τῶν
2713 569 2850 641 μετὰ
2878 570 3059 640 χεῖρας
3079 565 3248 618 ἔοικεν

108 656 325 762 ὁμοίη,
355 687 456 757 τὴν
497 656 722 756 πράηηᾷ
744 661 1050 751 πολιορκεσίν
1081 677 1178 747 τὴν
1221 675 1325 729 ὑπὸ
1386 671 1732 727 Βαϐυλωνίων
1763 679 2079 739 γενομένην,
2110 667 2204 721 καὶ
2241 667 2340 738 τὴν
2377 667 2628 737 δευτέραν
2669 664 2768 735 τὴν
2808 662 2914 716 ὑπὸ
2969 656 3248 730 Ῥωμαίων

110 751 423 856 προφητεύειν
447 795 463 812 ο
495 751 582 833 δια
612 751 682 829 δὲ’
702 774 793 827 τοῦ
824 771 930 843 πρὸ
956 769 1142 823 τούτου
1172 768 1242 821 τὰ
1281 766 1420 820 κατὰ
1462 764 1727 833 ’Δντίοχον
1748 761 1837 815 τὸν
1869 759 2131 831 Ἐπιφανῆ
2165 760 2472 830 συμϐάντα·⁴
2502 758 2589 812 διὰ
2629 757 2683 810 δὲ
2714 756 2807 808 τοῦ
2835 755 2875 807 o'
2903 753 2998 807 καὶ
3032 752 3079 822 γ’
3117 751 3253 823 μόνα

109 842 156 932 τέ
288 872 524 943 ὑστάτης
553 842 987 937 πολιορκίαςγτῆς
1011 860 1117 913 ὑπὸ
1153 858 1431 929 Ῥωμαίων
1462 852 1776 926 γενομένης,
1807 850 1881 913 ὼς
1903 848 2273 903 ἀποδέδεικται
2300 852 2357 904 ἐν
2387 851 2496 911 τοῖς
2525 847 2661 900 κατὰ
2692 846 2781 898 τὸν
2806 850 2884 912 of
2921 842 3249 914 εἰρημένοις,

165 938 225 1018 'o'
251 962 390 1028 Θεὸς
424 938 545 1014 τῶν
583 954 904 1024 δυνάμεων,
931 949 1317 1018 -ἐπίστρεψον
1342 947 1441 1015 δὴ,
1483 946 1609 999 επι-

1779 939 1943 996 Vens.
1979 940 2166 996 15-17.
2209 939 2351 995 Deus
2397 939 2665 1001 uirtutum,
2695 946 3008 1001 convertere,
3056 938 3253 1004 respice

108 1058 289 1124 ϐλέψον
330 1051 400 1116 ἐξ
431 1044 706 1117 οὐρανοῦ,
739 1041 846 1097 ual-
874 1041 982 1106 ιδε,
1011 1040 1110 1094 καί
1145 1040 1460 1107 ἐπίσκεψαι
1491 1036 1606 1105 τὴν

105 1147 332 1216 tipr
357 1133 736 1207 ταύτην-,ξω
759 1133 1101 1202 κατάρτισαι
1125 1131 1334 1200 αὐτὴν,
1366 1129 1447 1197 ἣν
1474 1130 1608 1198 ἐφύ-

106 1250 278 1291 τευσεν
313 1233 356 1301 ἡ
384 1228 550 1296 δεξιά
570 1241 705 1291 σου,
738 1224 837 1279 καὶ
875 1224 973 1278 ἐπὶ
1000 1222 1138 1301 ,υἱὸν
1169 1218 1496 1287 ἀνθρώπου,
1535 1217 1607 1272 ὃν

105 1298 464 1394 ἐκραταίωσας
492 1315 740 1381 σεαυτῷ.
783 1298 1289 1383 Ἐμπεάυρισμένη
1325 1310 1465 1376 πυρὶ
1507 1308 1604 1362 καί

106 1411 504 1482 ἀνεσωμιώνη,
549 1407 664 1462 ἀπὸ
703 1404 1091 1475 ἐπιτιμήσεως
1137 1401 1242 1456 τοῦ
1287 1400 1604 1469 προσώπου

103 1520 191 1556 σου
229 1498 602 1560 ἀπολοῦνται.
645 1496 733 1559 Ὠς
778 1493 977 1562 ἀγαθὸν
1018 1490 1257 1560 γεωργὸν
1296 1490 1606 1560 ὑπομνήσας

103 1593 176 1662 τῆς
203 1589 388 1658 πολλῆς
417 1586 580 1641 αὑτοῦ
609 1585 735 1656 περὶ
766 1583 861 1655 τὴν
888 1581 1127 1655 ἄμπελον
1155 1579 1486 1651 ἐπιμελείας,
1513 1580 1607 1634 καὶ

101 1683 175 1750 τῆς
203 1681 329 1750 μετὰ
371 1677 539 1748 ταῦτα
571 1674 852 1745 συμϐάσης
883 1674 1016 1744 αὐτῇ
1052 1669 1301 1742 ἐρημίας,
1350 1667 1474 1738 ἑξῆς
1514 1669 1609 1722 καὶ

103 1770 365 1832 ἀκολούθως
417 1767 646 1822 ἱκετεύει
689 1765 1006 1837 ἐπιστρέψαι
1051 1764 1125 1827 ὡς
1175 1759 1607 1830 ἀποστραφέντα,

103 1864 172 1914 καὶ
196 1862 272 1914 διὰ
301 1862 397 1932 τῆς
425 1861 764 1932 ἀποστροφῆς
786 1860 895 1920 τοῖς
926 1855 1183 1918 ἐναντίοις
1216 1855 1376 1907 πᾶσιν
1395 1851 1611 1906 ἐκδεδω-

101 1954 203 2006 κότα
231 1953 324 2024 τὴν
370 1951 627 2024 ἄμπελον.
680 1949 995 2018 Ἐπισκέψαι
1043 1946 1100 2000 δὲ
1148 1945 1306 2000 αὐτὸν
1360 1943 1606 2008 ἱκετεύει,

100 2046 171 2097 καὶ
197 2043 466 2113 ἐπιϐλέψαι
494 2043 695 2096 ἄνωθεν
718 2040 778 2106 ἐξ
805 2039 1029 2112 οὐρανοῦ
1047 2055 1062 2070 ⁸
1100 2036 1396 2109 μνησθῆναί
1425 2053 1504 2099 τε,
1533 2035 1609 2098 ὡς

98 2138 182 2205 ἄρα
210 2135 284 2208 είη
312 2134 472 2188 αὑτοῦ
501 2133 710 2204 φυτεία,
744 2132 835 2186 καὶ
860 2132 959 2202 τῆς
981 2129 1142 2184 αὑτοῦ
1171 2128 1345 2195 δεξιᾶς
1369 2126 1608 2198 γεωργία

99 2226 123 2292 ἡ
157 2223 492 2294 προλεχθεῑσα
537 2222 794 2293 ἄμπελος,
830 2223 924 2275 καὶ
969 2215 1267 2291 μνησθέντα
1313 2216 1608 2286 ἐπισκέψα-

1703 1030 1765 1084 de
1795 1030 1944 1095 caelo,
1981 1041 2032 1086 et
2081 1030 2215 1096 uide,
2261 1041 2311 1084 et
2354 1031 2508 1086 visita
2548 1031 2749 1084 vineam
2771 1030 2950 1094 istam,
2987 1037 3035 1081 et
3061 1028 3252 1095 perﬁce

1702 1138 1839 1188 eam,
1880 1139 2036 1193 quam
2089 1121 2347 1192 plantavit
2394 1122 2608 1175 dextera
2636 1132 2747 1183 tua,
2793 1129 2844 1174 et
2892 1135 3045 1187 super
3081 1119 3250 1188 ﬁlium

1703 1213 1948 1279 hominis,
1980 1229 2128 1281 quem
2158 1214 2482 1281 conﬁrmasti
2526 1212 2640 1264 tibi.
2682 1209 2904 1265 Incensa
2932 1210 3038 1279 igni
3061 1219 3110 1261 et
3137 1207 3253 1278 suf-

1705 1305 1872 1374 fossa,
1895 1304 1960 1357 ab
1979 1292 2341 1379 increpatione
2362 1302 2532 1356 vultus
2561 1304 2636 1355 tui
2664 1302 2920 1372 peribunt.
2953 1298 3248 1368 Postquam

1703 1394 1754 1449 ei
1785 1401 1844 1447 ut
1867 1394 2010 1450 bono
2037 1394 2286 1463 agricolae
2320 1393 2378 1447 in
2418 1393 2730 1448 memoriam
2769 1390 3036 1446 revocavit
3066 1390 3253 1458 ingen-

1704 1495 1813 1543 tem
1869 1487 2017 1541 illam
2051 1501 2204 1543 suam
2254 1501 2350 1556 pro
2380 1486 2536 1541 vinea
2583 1484 3021 1546 sollicitudinem,
3054 1489 3107 1536 et
3138 1477 3248 1550 ipsi

1704 1578 1906 1635 illatam
1936 1585 2122 1648 postea
2151 1579 2516 1649 vastitatem;
2569 1580 2673 1632 sub
2715 1577 2828 1630 lum-
2859 1581 3254 1643 consequenter

1706 1669 1992 1740 supplicat,
2023 1679 2081 1724 ut
2105 1670 2174 1723 ad
2197 1683 2317 1723 eam
2346 1683 2405 1723 se
2429 1673 2730 1729 convertat,
2755 1667 2847 1736 qui
2865 1665 3070 1736 pridem
3103 1678 3255 1718 aver-

1707 1776 1801 1817 sus
1849 1761 1898 1815 ei
1953 1765 2120 1822 esset.
2176 1774 2240 1812 ac
2287 1774 2381 1828 per
2418 1757 2754 1814 aversionem
2799 1757 2967 1817 illam.
3017 1755 3255 1808 inimicis

1705 1853 1944 1909 eamdem
1972 1853 2182 1908 vineam
2211 1851 2536 1907 tradidisset.
2583 1848 2756 1918 Rogat
2801 1856 2979 1903 autem
3016 1848 3165 1902 illum
3197 1857 3255 1901 ut

1707 1943 2013 1998 consideret
2067 1949 2122 1997 et
2160 1946 2376 1997 sursum
2429 1939 2497 1995 de
2524 1939 2663 1994 etelo
2705 1928 2978 2007 respiciat,
3000 1937 3253 1992 recorde-

1705 2041 1902 2104 turque
1948 2039 2301 2088 memoratam
2349 2031 2582 2095 vineam,
2636 2029 2719 2108 sui
2773 2030 3158 2098 plantationem
3201 2039 3252 2082 et

1707 2125 1941 2180 dextera:
1989 2139 2102 2181 sua:
2161 2123 2547 2194 agriculturam
2595 2117 2740 2183 esse,
2784 2121 3008 2189 ejusque
3050 2133 3247 2173 memon

1706 2218 1889 2272 visitet
1911 2209 2078 2278 illam,
2115 2223 2300 2284 utpote
2325 2229 2444 2290 quae
2470 2214 2599 2268 olim
2623 2213 2691 2267 ab
2710 2211 2827 2281 ejus
2857 2211 3076 2266 dextera
3104 2211 3252 2280 plan-

98 2315 196 2369 σθαι
223 2315 403 2384 αὐτὴν,
434 2315 509 2377 ὡς
547 2312 613 2367 ἂν
641 2313 806 2366 πάλαι
833 2313 928 2380 μὲν
961 2311 1062 2364 ὑπὸ
1105 2311 1203 2381 τῆς
1229 2307 1401 2372 αὑτοῦ.
1430 2307 1606 2373 δεξιᾶς

1709 2315 1812 2362 tata
1840 2305 2001 2360 fuerit
2026 2325 2037 2359 :
2063 2305 2172 2375 jam
2195 2320 2323 2360 vero
2344 2305 2560 2358 incensa
2583 2305 2691 2375 igni
2717 2312 2771 2359 et
2800 2302 3051 2363 sull'ossa,
3084 2302 3151 2355 ab
3177 2301 3231 2354 in

97 2407 434 2476 φυτευθεῖσαν,
463 2404 578 2459 νυνὶ
604 2404 661 2458 δὲ
696 2402 1171 2475 ἐμπεπυρισμένην
1203 2401 1335 2471 πυρὶ
1363 2401 1457 2453 καὶ
1486 2399 1607 2451 ἁνε-

95 2498 402 2568 οκαμμένην,
430 2495 655 2551 καὶάπὸ
689 2495 1052 2566 ἐπιτιμήσεως
1080 2489 1173 2545 τοῦ
1199 2489 1481 2560 προσώπου
1512 2487 1606 2540 αὑ-

94 2591 168 2643 τοῦ
188 2590 528 2644 ἀπολωλυῖαν.
561 2587 725 2652 ’Δξιοῖ
751 2603 809 2640 τε
836 2584 1256 2656 καταρτίσασθαι
1287 2579 1451 2649 αὐτὴν
1479 2579 1608 2631 ἁνα-

93 2683 290 2736 λιιϐόντα
350 2681 444 2735 καὶ¹
507 2679 947 2750 ἀνακτησάμενον
991 2674 1144 2744 δίκην
1209 2672 1446 2742 σωτῆρος
1513 2669 1608 2724 καὶ

94 2771 248 2842 ἰατροῦ
265 2790 277 2803 ⁸
306 2768 584 2825 καὶταῦτα
610 2747 810 2840 πράξαι
835 2765 920 2821 διὰ
949 2763 1043 2819 τοῦ
1071 2760 1200 2816 Υἱοῦ
1227 2761 1284 2815 ὃν
1307 2760 1607 2832 ἐκραταίω-
1634 2747 1640 2752 ’

92 2870 176 2916 σεν⁴
194 2862 381 2934 ἐαυτῷ.
428 2864 505 2916 Δι’
552 2854 625 2916 ὧν
657 2858 841 2928 σαφῶς
871 2859 899 2911 ὁ
937 2855 1091 2924 λόγος
1128 2852 1362 2907 διδάσκει
1395 2850 1608 2924 πρῶτον

93 2949 206 3006 εἶναι
245 2954 334 3007 τὸν
365 2950 684 3023 ἐμπρησμὸν
720 2948 779 3002 ὃν
809 2947 1021 3019 πρῶτον
1062 2945 1346 3016 ὑπέμεινεν
1377 2945 1406 2996 ὁ
1448 2942 1611 3007 τόπος

1703 2391 2012 2468 crepatione
2066 2398 2248 2452 vultus
2281 2397 2399 2467 ejus
2445 2398 2683 2467 perierit.
2739 2395 2996 2450 Precatur
3041 2394 3168 2468 item
3202 2401 3253 2446 ut

1703 2505 1988 2545 resumens
2017 2496 2440 2559 restauransque
2465 2489 2610 2542 illam
2647 2487 2942 2543 servatoris
2968 2498 3032 2539 ac
3059 2463 3254 2538 medici

1713 2583 1887 2650 instar
1914 2580 2152 2634 reﬁciat:
2173 2590 2226 2635 et
2250 2579 2362 2635 haec
2382 2587 2505 2650 agat
2532 2594 2625 2648 per
2642 2576 2836 2632 Filium
2869 2591 3029 2646 quem
3060 2572 3259 2631 conﬁr-

1707 2672 1871 2728 mavit
1899 2671 2025 2727 sibi.
2045 2672 2209 2736 Queis
2229 2679 2412 2740 aperte
2436 2671 2744 2725 declaratur
2769 2669 2859 2726 hic
2883 2669 3116 2738 primum
3151 2668 3256 2722 loci

1707 2762 2016 2819 incendium
2071 2761 2339 2824 adnotari,
2363 2760 2506 2830 quod
2545 2775 2575 2812 a
2624 2758 2933 2829 Babyloniis
2967 2774 3258 2827 perpessus

1707 2865 1807 2911 est.
1834 2852 2017 2924 Neque
2065 2853 2210 2907 enim
2243 2858 2363 2922 post
2409 2849 2708 2905 secundum
2739 2847 3045 2902 incendium
3081 2864 3110 2900 a
3145 2846 3256 2909 Ro-

1706 2947 1881 3002 manis
1913 2946 2140 3008 illatum,
2191 2944 2432 2998 divinum
2484 2939 2780 2998 Salvatoris
2823 2939 3130 3002 adventum,
3161 2941 3256 3008 qui

91 3045 176 3097 ύπὺ
214 3042 578 3099 Βαϐυλωνίων.
621 3041 693 3095 Οὑ
731 3040 838 3112 γὰρ
865 3039 930 3095 ἂν
963 3037 1101 3109 μετὰ
1128 3037 1217 3090 τὸν
1241 3035 1489 3108 δεύτερον
1513 3035 1609 3104 ἐμ-

1709 3042 1811 3111 iam
1835 3043 2156 3112 contigerat,
2190 3037 2450 3094 maturari
2505 3045 2767 3107 rogasset.
2814 3032 3125 3104 Opportune
3162 3047 3257 3084 au-

91 3137 313 3208 πρησμὸν
341 3136 434 3190 τὸν
461 3135 563 3188 ὑπὸ
597 3132 878 3204 Ῥωμαίων
919 3129 1208 3200 γενόμενον
1243 3127 1339 3198 τὴν
1369 3123 1463 3179 τοῦ
1497 3125 1609 3178 Σω-

1709 3143 1814 3188 ιειιι
1866 3139 1988 3202 post
2055 3132 2288 3203 priorem
2347 3130 2508 3185 illam,
2542 3128 2648 3183 loci
2702 3127 3062 3182 calamitatem
3105 3129 3258 3194 rogat

88 3229 228 3298 τῆρος
261 3228 575 3298 θεοφάνειαν
602 3223 852 3295 γενέσθαι
879 3221 1032 3292 ὴξίου
1061 3219 1157 3290 τὴν
1185 3218 1285 3290 ήδη
1310 3217 1609 3287 γεγενημέ-

1709 3224 2070 3293 postulatque,
2089 3231 2147 3277 ut
2162 3222 2487 3292 Redemptor
2514 3219 2759 3276 adveniat
2781 3232 2918 3288 :quo
2947 3215 3257 3281 accedente,

89 3337 186 3390 νην.
229 3320 422 3391 Χὼραν
462 3319 519 3372 δὲ
563 3317 675 3389 εχει
717 3314 853 3388 μετὰ
884 3315 953 3369 τὰ
989 3312 1178 3384 πρῶτα
1209 3310 1489 3382 συμϐάντα
1533 3310 1609 3382 τῷ

1709 3315 1830 3384 quia
1856 3313 2081 3384 gratiam
2105 3312 2236 3382 ipsis
2264 3313 2536 3382 prioribus
2569 3309 2942 3365 annuntiatam
2970 3324 3078 3363 non
3107 3321 3255 3361 rece-

86 3411 214 3481 τόπῳ
240 3410 496 3464 ἱκετεύειν
515 3410 608 3463 καὶ
632 3406 840 3460 δέεσθαι
868 3403 960 3458 τὸν
979 3403 1267 3475 Δυτρωτὴν
1296 3402 1573 3472 ἐπιστῆναι
1591 3418 1606 3432 ο

1711 3413 1930 3475 perunt,
1965 3415 2259 3460 extremam
2305 3403 2760 3475 premeritamque
2801 3400 3106 3456 vastitatem
3135 3395 3258 3468 jure

84 3496 135 3555 οὗ
174 3501 505 3565 ἐπιστάντος,
541 3499 664 3551 ἐπεὶ
709 3496 780 3568 μὴ
828 3495 1186 3566 παρεδέξαντο
1233 3493 1330 3565 τὴν
1378 3493 1609 3562 πρώτοις

1709 3493 1948 3564 perpessi
2004 3502 2151 3556 sunt,
2180 3507 2339 3563 quam
2373 3493 2488 3562 ipse
2518 3491 2882 3545 comminatus
2912 3489 3021 3544 illis
3062 3496 3143 3544 est
3174 3487 3260 3543 his

84 3592 244 3655 αὐτοῖς
271 3593 336 3644 δι’
365 3589 526 3644 αὐτοῦ
556 3577 1007 3657 καταείγελθεῖσαν
1049 3584 1226 3655 χάριν,
1261 3583 1480 3646 εἰκότως
1510 3585 1608 3654 τὴν

1709 3583 1888 3667 verbis
1923 3601 1937 3636 :
1974 3582 2187 3648 Quoties
2227 3582 2364 3637 volui
2408 3595 2717 3651 congregare
2743 3580 2883 3648 ﬁlios
2917 3587 3054 3641 tuos,
3079 3593 3259 3648 quem-

83 3686 298 3756 ύστάτην
325 3683 617 3753 ὑπέμειναν
637 3677 870 3750 ἐρημίαν
888 3694 902 3708 ·
936 3676 1002 3747 ἢν
1026 3675 1184 3738 αὐτὸς
1213 3673 1607 3745 προσετίμησεν

1710 3663 1993 3733 admodum
2026 3680 2226 3750 gallina
2267 3686 2540 3748 congregat
2566 3677 2736 3746 pullos
2761 3691 2881 3730 suos
2898 3674 3010 3730 sub
3037 3667 3177 3735 alas,
3204 3685 3256 3726 et

83 3778 242 3841 αὐτοῖς
291 3774 486 3829 εἰπών·
539 3771 800 3836 Ποσάκις
841 3767 1112 3838 ἠθέλησα
1150 3763 1607 3833 ἐπισυναγαγεῖν

1711 3771 1949 3825 noluistis
1975 3774 2152 3827 ἵει-σε
2197 3773 2514 3842 relinquetur
2561 3769 2700 3845 pubis
2740 3768 2923 3821 domus
2969 3775 3140 3820 vestra
3168 3763 3258 3825 de-

81 3869 139 3922 ra
182 3870 361 3923 τέκνα
400 3883 535 3932 σου,
565 3865 637 3920 ὃν
680 3863 900 3932 τρόπον
946 3860 1107 3929 ὄρνις
1141 3856 1484 3926 ἐπισυνάγει
1535 3855 1607 3909 τὰ

1710 3873 1851 3916 serta
1871 3864 1916 3895 ⁸ο
1941 3880 1954 3916 :
1985 3862 2202 3932 quando
2233 3862 2526 3917 secundum
2566 3859 2903 3931 Apostolum.
2933 3854 3157 3925 pervenit
3185 3869 3251 3906 aa

78 3962 284 4015 νοσσία
311 3961 427 4016 ὑπὸ
473 3959 580 4024 τὰς
618 3955 927 4025 πτέρυγας,
960 3953 1055 4009 καὶ
1098 3953 1209 4006 οὐκ
1235 3949 1605 4018 ἠθελήσατες

1709 3967 1795 4005 eos
1817 3953 1902 4006 ira
1923 3952 1976 4005 in
2012 3953 2161 4012 ﬁnem
2188 3952 2256 4004 '".
2592 3993 2597 3997 ι
2661 4001 2668 4007 .

89 4052 228 4107 Ἰδοὺ
257 4054 489 4124 ἀφίεται
511 4051 653 4122 ὑμῖν
675 4053 708 4106 ό
738 4045 899 4116 οἶκος
929 4037 1094 4117 ὑμῶν
1118 4045 1366 4113 ἕρημοςο
1405 4042 1492 4096 ὅτε
1540 4042 1634 4097 καὶ
1670 4045 1809 4099 κατὰ
1851 4047 1942 4101 τὸν
1983 4045 2318 4108 Ἀπόστολον,
2347 4042 2607 4112 ἔφθασεν
2650 4044 2737 4108 εις
2771 4037 2987 4094 αὐτοὺς
3029 4036 3069 4103 ἠ
3109 4031 3256 4104 ὀργὴ

75 4151 151 4212 εις
169 4147 359 4208 τέλος.

136 4284 449 4354 Γενηθήτω
473 4283 511 4351 ἠ
559 4281 685 4351 χείρ
727 4294 842 4334 σου
883 4278 975 4332 ἐπ’
1015 4277 1198 4346 ἄνδρα
1234 4274 1431 4342 δεξιᾶς
1470 4291 1606 4343 σου,

74 4379 162 4433 καὶ
191 4379 290 4432 ἐπὶ
314 4378 449 4434 υἱὸν
473 4373 801 4442 ἀνθρώπου,
832 4372 902 4426 ὃν
927 4371 1328 4441 ἐκραταίωσας
1358 4370 1606 4436 σεαυτῷ.

74 4473 173 4525 Καὶ
215 4474 288 4526 οὐ
314 4469 400 4541 μὴ
432 4465 784 4536 ἁποστῶμεν
830 4465 945 4520 ἀπὸ
979 4465 1113 4529 σοῦ,
1153 4465 1396 4530 ζωώσεις
1432 4461 1609 4533 ἡμᾶς.

73 4566 204 4618 Μίαν
227 4565 338 4617 τῶν
367 4559 762 4636 προλεχθέντων
789 4558 1040 4612 ἁπάντων
1064 4557 1354 4627 θεραπείαν
1377 4556 1611 4610 διδάσκει

70 4657 124 4709 τὸ
163 4657 389 4726 Πνεῦμα
430 4654 492 4707 τὺ
533 4652 703 4720 ἅγιον,
734 4648 830 4720 τὴν
862 4651 942 4712 είς
987 4648 1298 4720 ἀνθρώπους
1343 4647 1437 4701 τοῦ
1483 4649 1612 4717 Χρι-

75 4748 190 4800 στοῦ
213 4748 313 4800 τοῦ
341 4743 474 4799 Θεοῦ
504 4740 812 4815 παρουσίαν.
845 4739 1040 4810 Διόπερ
1066 4738 1200 4808 μετὰ
1225 4739 1292 4791 τὰ
1319 4754 1614 4809 προφητευ-

70 4839 220 4893 θέντα
249 4840 380 4910 περὶ
403 4837 501 4906 τῆς
526 4834 752 4908 ἐρημίας
776 4830 868 4885 τοῦ
897 4829 1212 4899 ἀμπελῶνος
1237 4829 1330 4882 καὶ
1351 4828 1441 4880 τοῦ
1464 4826 1614 4879 ἐπελ-

1781 4272 1941 4326 Vt-ztts.
1979 4270 2062 4325 18.
2104 4267 2229 4321 Fiat
2258 4283 2446 4321 manus
2494 4275 2583 4319 tua
2631 4276 2786 4332 super
2822 4262 2989 4316 virum
3030 4262 3258 4319 dextera

1713 4375 1835 4428 tum,
1865 4375 1914 4418 et
1940 4378 2092 4426 super
2122 4361 2292 4430 ﬁlium
2329 4355 2571 4421 hominis,
2606 4370 2754 4425 quem
2788 4353 3108 4420 conﬁrmasti
3139 4353 3252 4406 tibi.

1712 4456 1780 4510 Et
1817 4473 1919 4511 non
1947 4452 2265 4508 discedemus
2301 4466 2332 4502 a
2362 4460 2428 4509 te.
2453 4445 2736 4514 niviﬁcabis
2758 4461 2880 4502 nos.
2913 4442 3082 4497 Unam
3119 4459 3254 4512 prae-

1711 4549 1979 4604 dictorum
2019 4545 2258 4598 omnium
2303 4538 2633 4594 curationem
2675 4534 2832 4588 docet
2861 4533 3095 4602 Spiritus
3127 4549 3254 4588 san-

1713 4650 1853 4704 ctus,
1912 4651 2101 4706 nempe
2152 4631 2350 4690 Christi
2399 4628 2491 4684 Dei
2538 4625 2605 4680 ad
2662 4625 2904 4697 homines
2944 4623 3249 4678 adventum.

1715 4728 2073 4796 Quamobrem
2131 4733 2253 4796 post
2281 4718 2636 4792 'prophetiam
2684 4714 2752 4770 de
2780 4713 2952 4768 vinea:
2979 4713 3250 4779 vastitate,

1715 4829 1767 4876 ct
1786 4821 1851 4875 de
1879 4820 2060 4873 futuro
2087 4817 2206 4885 ejus
2249 4811 2520 4874 incendio,
2554 4809 2638 4864 his
2667 4807 2936 4879 supplicat
2966 4811 3024 4858 ut
3045 4802 3255 4857 redem-

73 4891 424 5001 θέντοςαύτῷ
459 4891 786 5002 ἐμπρησμοῦ
816 4891 1040 4980 ἱκετεύει
1078 4923 1143 4975 τὰ
1176 4919 1509 4992 προκείμενα
1537 4919 1609 4980 είς

1717 4917 1920 4979 ptorem
1953 4913 2264 4975 exspectare
2308 4903 2486 4971 liceat,
2539 4901 2714 4954 virum
2759 4897 2991 4952 dextera
3022 4891 3154 4958 Dei,
3199 4901 3250 4945 et

68 5026 122 5075 τὸ
165 5024 470 5097 προσδοκᾷν
513 5023 786 5094 λυτρωτὴν
833 5019 921 5073 τὸν
964 5015 1126 5086 ἄνδρα
1171 5014 1269 5082 τῆς
1313 5010 1490 5076 δεξιᾶς
1515 5007 1607 5062 τοῦ

69 5113 215 5178 Θεοῦ,
249 5113 348 5166 καὶ
384 5111 477 5164 τὸν
497 5112 607 5164 υἱὸν
643 5109 736 5163 τοῦ
774 5104 1052 5180 ἀνθρώπου
1085 5102 1174 5154 τὸν
1207 5099 1310 5152 ὑπὸ
1350 5099 1441 5152 τοῦ
1479 5098 1610 5152 Θεοῦ

69 5201 556 5273 κεκραταιωμὲνον.
592 5195 754 5263 Οὗτος
785 5200 841 5254 δὲ
871 5194 936 5270 ἦν
963 5198 991 5250 ὁ
1017 5191 1295 5263 ἀγαπητὸς
1333 5188 1426 5242 τοῦ
1457 5188 1611 5252 Θεοῦ,

67 5295 120 5346 ὃν
147 5295 350 5348 εἰδέναι
387 5293 491 5359 καὶ,
529 5273 776 5363 παρεῖναι
807 5291 874 5343 δι’
911 5287 1074 5358 εὐχῆς
1103 5281 1339 5337 τίθεσθαι
1388 5281 1614 5352 παραδί-

67 5389 188 5441 δωσι
233 5386 352 5455 τοῖς
392 5381 843 5452 ἐντυγχάνουσιν
887 5381 961 5443 ὡς
1009 5377 1093 5438 ἂν,
1133 5373 1346 5443 γνόντες
1379 5370 1535 5423 αὐτὸν
1566 5371 1615 5422 ol

66 5479 234 5532 ταῦτα
278 5473 757 5546 προδιδασκομενοι
784 5473 877 5526 καὶ
907 5474 986 5534 εἰς
1016 5467 1174 5522 αὑτὸν
1213 5462 1612 5525 πιστεύσαντες,

64 5569 124 5621 δι’
145 5565 316 5621 αὐτοῦ
341 5564 521 5633 τυχεῖν
543 5561 639 5631 τῆς
667 5559 772 5612 τῶν
799 5558 982 5612 κακῶν
1009 5555 1298 5629 θεραπείας
1319 5551 1610 5604 ἐλπίσειαν.

67 5661 152 5711 Διὸ
179 5661 246 5712 ἐκ
291 5651 583 5725 προσώπου
621 5648 724 5701 τῶν
753 5647 1042 5717 θεραπείας
1080 5643 1341 5713 δεομένων
1377 5639 1506 5710 φησὶ
1530 5639 1612 5703 τὸ,

68 5750 387 5819 Γενηθήτω
417 5746 456 5813 ἠ
485 5744 611 5812 χείρ
648 5756 760 5795 σου
786 5741 876 5792 ἐπ’
910 5739 1092 5805 ἄνδρα
1115 5734 1312 5800 δεξιᾶς
1353 5748 1484 5798 σου,
1514 5733 1612 5787 καί

136 5907 182 5942 ⁸⁸
218 5902 418 5963 Matth.
456 5913 622 5965 mu,
658 5895 743 5952 37.
816 5895 859 5927 ⁸⁸
900 5892 919 5948 ι
953 5891 1142 5947 Thess.
1178 5904 1249 5954 ιι,
1285 5889 1350 5942 lb‘

1714 5002 1878 5055 tilium
1913 4996 2146 5051 hominis
2171 5011 2201 5050 a
2244 4994 2353 5051 Deo
2378 4993 2773 5049 conﬁrmatum.
2808 4985 2925 5041 Hic.
2947 4997 3107 5053 porro
3136 4990 3253 5035 erat

1713 5092 1940 5146 dilectus
1975 5086 2066 5142 Dei
2097 5107 2108 5140 :
2132 5102 2290 5156 quem
2310 5101 2368 5140 se
2387 5097 2567 5144 nosse,
2594 5094 2658 5134 ac
2681 5084 2740 5132 ut
2766 5073 3016 5130 adveniat
3040 5070 3094 5124 in
3125 5077 3253 5124 voto

1717 5184 1910 5238 habere
1941 5182 2241 5251 legentibus
2284 5178 2492 5242 tradit;
2528 5170 2603 5229 ut
2621 5170 2716 5241 qui
2757 5169 2869 5222 haec
2899 5164 3047 5234 prius
3076 5161 3250 5215 edocti

1720 5282 1866 5338 sunt,
1900 5273 2000 5326 hac
2050 5272 2239 5326 notitia
2274 5277 2328 5324 et
2361 5267 2462 5322 ﬁde
2492 5265 2550 5319 in
2585 5263 2735 5317 illum
2781 5251 3049 5316 instructi,
3080 5251 3251 5304 malo—

1720 5381 1836 5422 rum
1891 5363 2186 5419 remedium
2247 5360 2314 5414 ab
2357 5372 2424 5412 eo
2472 5372 2530 5414 se
2586 5355 2971 5408 consecuturos
3015 5350 3248 5413 Spereut.

1714 5458 1888 5524 Quare
1911 5472 1973 5510 ex
2008 5468 2235 5525 persona
2284 5463 2470 5505 eorum
2493 5447 2582 5517 qui
2629 5439 2830 5503 medela
2879 5439 3014 5504 opus
3056 5435 3252 5488 habent

1713 5553 1828 5605 ait:
1863 5542 1989 5601 Fiat
2031 5561 2216 5599 manus
2265 5553 2354 5596 tua
2405 5555 2557 5608 super
2580 5537 2746 5590 virum
2788 5529 3012 5583 dextera!
3055 5539 3176 5586 tuae,
3201 5533 3279 5606 et

1710 5654 1862 5706 super
1893 5637 2060 5705 [ilium
2105 5633 2348 5695 hominis,
2372 5644 2519 5698 quem
2542 5620 2864 5691 conﬁrmasti
2911 5616 3020 5668 tibi.
3050 5613 3117 5666 Et
3149 5628 3251 5706 non

1711 5701 2026 5785 diicedemus
2048 5744 2078 5780 a
2105 5736 2171 5781 te.
2199 5722 2321 5778 llmc
2351 5735 2510 5792 porro
2539 5715 2686 5774 verbi
2714 5707 2976 5770 sententia
2998 5715 3080 5763 est
3113 5725 3126 5762 :
3159 5701 3254 5758 Vel
