3976 6350
64 431 173 487 res
1164 427 1652 485 conumrmt
1687 427 1751 485 ω
1788 428 2110 486 rsumos.
2189 405 2192 409 ’
3078 423 3213 482 ‘970

64 542 228 607 Graii,
283 559 376 598 και
416 555 484 597 τα
538 559 597 598 εν
638 543 821 608 αὐταῖς
860 545 1020 599 πολλά
1063 545 1449 615 θυσιαστήριαο
1476 544 1598 615 abi]

1715 559 1802 613 lue
1841 543 1895 599 in
1923 544 2030 599 illis
2061 545 2194 600 bene
2229 552 2429 598 murta:
2469 558 2587 612 qua
2619 543 2709 613 his
2738 540 2913 597 verbis
2937 541 3169 609 declarat
3197 555 3215 596 :

66 633 311 704 παρίστη
332 631 505 700 λέγων
528 650 542 660 ·
588 633 679 701 Ὡς
701 634 966 703 ἀπεκητά
1002 635 1071 687 τὰ
1090 633 1444 703 σκηνώματά
1471 649 1605 699 σου,

1715 633 1874 698 Quam
1902 634 2090 690 dilecta
2117 633 2445 689 tabernacula
2470 642 2580 698 tuo,
2613 632 2830 687 Domine
2855 632 3134 686 virtutum!
3157 645 3220 686 ac

70 725 251 790 Κύριε
297 723 412 776 τῶν
464 719 803 794 δυνάμεωνέ
833 726 922 778 καὶ
961 721 1144 787 αὖθις·
1189 725 1482 780 Ἐπιποθεῖ
1511 725 1607 778 καί

1715 735 1962 775 rursum:
1995 721 2317 789 Concupiscit
2331 731 2380 775 et
2407 720 2576 790 deficit
2613 722 2788 774 anima
2832 736 2946 774 mea
2991 721 3047 774 in
3085 718 3223 773 atria

70 811 338 867 ὲκλεὺτει
356 812 393 878 ἡ
419 813 584 881 ψυχή
609 833 722 882 μου
747 816 832 879 είς
866 813 970 879 τὰς
1008 815 1198 879 αὐλὰς
1223 815 1327 867 τοῦ
1355 816 1570 882 Κυρίου
1591 833 1604 844 ’

73 902 168 952 καὶ
198 901 325 970 ἑξῆς
349 919 364 932 ο
403 902 476 955 Τὰ
516 901 900 969 θυσιαστήριά
939 919 1075 967 σου,
1108 905 1280 972 Κύριε
1305 904 1420 957 τῶν
1443 903 1612 957 δυνά-

65 1008 248 1059 μεων.
295 991 350 1043 '0
390 990 445 1044 δὲ
487 993 619 1062 μετά
645 995 823 1062 χεῖρας
852 993 1051 1062 ἑτέροις
1086 993 1183 1062 μὲν
1229 993 1481 1062 ἀγαλλιᾷν
1518 993 1619 1056 καλἸ

45 1080 361 1146 ’ἀλαλάζειν
407 1083 498 1136 καὶ
535 1081 750 1149 ψάλλειν
779 1081 1215 1152 παρακελεύεται,
1250 1082 1341 1135 τοῦ
1380 1082 1440 1135 δὲ
1479 1084 1609 1136 ἰου-

67 1173 238 1226 δαίων
293 1174 472 1236 ἔθνους
519 1173 616 1242 τὴν
668 1172 929 1243 ἀποϐολὴν
959 1173 1050 1225 καὶ
1085 1173 1178 1242 τὴν
1211 1175 1414 1243 ταύτης
1439 1173 1611 1226 αἰτίαν

74 1263 390 1334 παρίστησι,
437 1263 526 1316 καὶ
551 1263 727 1333 σφόδρ’
771 1263 1068 1326 ἀκολούθοις
1109 1268 1225 1327 ταῖς
1264 1264 1349 1316 διὰ
1379 1263 1484 1315 τῶν
1515 1263 1612 1333 ἔμ-

69 1353 310 1421 προσθεν
337 1352 702 1424 προφητείαις.
740 1352 947 1423 Ἐπειδὴ
977 1353 1082 1423 γὰρ
1115 1355 1171 1405 ἐν
1194 1353 1268 1423 τῷ
1301 1355 1404 1424 πρὸ
1424 1352 1609 1405 τούτου

69 1441 259 1511 ἠρώτα
285 1442 473 1509 λέγων·
516 1442 634 1496 Ἵνα
673 1443 729 1496 τι
753 1445 1016 1509 καθεῖλες
1055 1444 1159 1497 τὸν
1203 1444 1468 1512 φραγμὸν
1503 1444 1610 1495 αὑ-

71 1530 199 1596 τῆς,
234 1531 331 1584 καὶ
355 1531 646 1600 τρυγῶσιν
666 1532 854 1601 αὐτὴν
882 1535 1098 1599 πάντες
1135 1536 1187 1586 οί
1217 1533 1612 1600 παραπορευό-

66 1638 238 1690 μενοι
269 1621 381 1688 τὴν
403 1623 575 1686 ὁδόν;
605 1624 872 1678 ὲπιλύεται
903 1625 999 1694 τὴν
1029 1624 1379 1693 ὲπαπόρησιν,
1406 1623 1490 1676 διὰ
1517 1621 1609 1675 τοῦ

73 1711 215 1779 μετά
247 1716 432 1782 χεῖρας
460 1713 706 1782 φάσκων·
734 1715 801 1767 El
825 1717 859 1767 ό
903 1714 1048 1777 ,λαός
1077 1731 1192 1781 μου
1223 1711 1446 1783 ἤκουσέ
1471 1729 1606 1779 μου,

87 1801 325 1868 Ἰσραὴλ
367 1805 418 1854 sl
457 1803 582 1868 ταῖς
613 1803 770 1868 ὁδοῖς
794 1820 909 1872 μου
957 1805 1238 1871 ἐπορεύθη
1257 1823 1269 1834 ·
1297 1806 1363 1856 ἐν
1390 1802 1467 1867 τῷ
1497 1820 1610 1870 μη-

73 1857 200 1942 δενῖὶ
244 1857 384 1953 τοὺς
411 1857 655 1957 ἐχθροὺς
683 1857 874 1943 aint?»-
895 1857 1260 1944 ὰαπέίνωσα
1280 1909 1291 1922 ·
1317 1891 1408 1944 καὶ
1437 1857 1616 1943 ἰτὲιλὲι-
1643 1857 1684 1911 Β

76 1994 194 2044 γει·
229 1979 335 2032 Kal
356 1977 733 2046 οὐκῆκουσεν
756 1982 788 2033 δ
815 1983 961 2045 λαός
981 1999 1096 2049 μου
1125 1981 1233 2049 τῆς
1261 1979 1455 2050 φωνῆς
1474 1967 1610 2049 iter).

76 2067 174 2120 καὶ
218 2066 452 2136 Ἰσραὴλ
489 2069 556 2122 οὐ
594 2067 891 2136 προσέσχε
924 2088 1041 2138 μοι.
1077 2069 1188 2123 Kal
1228 2070 1614 2133 ἐξαπέστειλα

72 2157 300 2221 αὐτοὺς
331 2159 475 2211 κατὰ
515 2157 586 2210 τὰ
613 2148 1034 2228 ἐπιτηδεύματα
1081 2159 1195 2212 τῶν
1243 2159 1492 2226 καρδιῶν·
1521 2163 1616 2214 αὺ-

75 2243 215 2306 τῶν,
256 2245 642 2310 πορεύσονται
673 2243 742 2297 ἐν
764 2245 885 2310 τοῖς
911 2245 1367 2313 ἐπιτηδεύμασιν
1401 2243 1612 2298 αὐτῶν.

89 2333 241 2385 Ἐπεὶ
260 2332 433 2385 τοίνυν
473 2333 532 2386 τὸ
564 2335 785 2404 ἀνήκων
812 2334 905 2387 καὶ
938 2333 998 2386 τδ
1039 2333 1256 2395 ἀπειθὲς
1283 2331 1455 2385 αὐτῶν
1479 2349 1616 2401 παρ-

83 2422 282 2491 ίστησι,
325 2423 637 2493 μεταϐάλλει
676 2424 766 2477 τὸν
795 2423 946 2492 λόγον
979 2424 1216 2485 εἰκότως,
1251 2423 1342 2475 καὶ
1370 2421 1467 2490 τὴν
1509 2421 1615 2473 τῶν

82 2512 248 2564 ὲθνῶν
309 2512 495 2581 κλῆσιν
549 2510 943 2579 εὐαγγελίζεται
996 2511 1056 2564 τὸ
1104 2510 1319 2580 Πνεῦμα
1347 2510 1407 2563 τὸ
1443 2509 1612 2575 ἅγιον,

81 2599 245 2651 πᾶσιν
299 2598 599 2668 ἀνθρώποις
654 2599 996 2669 προσφωνῶν
1049 2598 1140 2651 καὶ
1185 2599 1364 2663 λέγον·
1424 2597 1616 2666 Ἀναλ-

81 2685 295 2742 λιᾶσθε
335 2687 413 2752 τῷ
453 2686 570 2752 Θεῷ
600 2685 681 2751 τῷ
714 2687 914 2754 ,ϐοηθῷ
951 2686 1132 2756 ἡμῶν.
1168 2689 1323 2755 Λέγει
1367 2687 1424 2740 δὲ
1450 2689 1616 2741 ταῦτα

80 2777 146 2828 ἐκ
171 2774 458 2846 προσώπου
483 2776 574 2831 τοῦ
595 2775 750 2848 χοροῦ
771 2776 862 2830 τοῦ
894 2777 1246 2847 προφτῃικοῦ.
1293 2778 1377 2840 Ὠς
1415 2777 1521 2850 γὰρ
1561 2781 1616 2831 ἐν

82 2864 156 2932 τῷ
186 2870 237 2934 η’
284 2863 455 2932 ἔλεγε⁴
486 2865 656 2931 Κύριε
682 2867 715 2918 ὁ
738 2865 946 2932 Κύριος
970 2863 1154 2932 ἡμῶν,
1191 2862 1618 2940 ίδωποιουμένων

87 2957 173 3009 τὸν
192 2956 326 3009 Θεὸν
351 2956 461 3009 τῶν
489 2955 657 3009 ταῦτα
681 2953 960 3023 λεγόντων,
980 2953 1066 3007 διὰ
1095 2952 1155 3005 τὸ
1183 2952 1408 3027 πρώτων
1441 2953 1616 3006 αὐτῶν

84 3045 359 3113 γεγονέναι
387 3045 476 3098 τὸν
503 3045 632 3098 Θεόν
650 3061 664 3075 ⁸
693 3045 830 3097 οὕτω
858 3047 950 3098 καὶ
979 3043 1206 3098 ινταῦθα
1231 3045 1280 3096 οί
1301 3044 1472 3110 αὐτοὶ,
1493 3046 1616 3107 τοὺς

1707 810 1948 874 Domini;
1976 812 2506 868 etiterumtAltaria
2549 821 2654 873 tua,
2700 809 2910 865 Domine
2951 810 3220 864 virtutum.

1704 899 1948 956 Psalmus
1971 917 2102 956 vero
2129 917 2382 971 praesens,
2412 904 2544 956 alios
2573 901 2785 970 quidem
2823 901 3112 966 exsultare,
3135 899 3224 967 ju-

1705 991 1875 1046 bilare
1903 999 1955 1046 et
2003 993 2230 1062 psallere
2267 993 2436 1062 jubet,
2465 992 2670 1047 Iudaici
2702 1006 2827 1046 vero
2867 991 3046 1060 populi
3078 991 3224 1059 abje-

1706 1083 1934 1137 ctionem
1975 1082 2195 1151 ejusque
2231 1081 2447 1136 causam
2476 1084 2726 1142 declarat.
2755 1090 2808 1137 et
2832 1081 3042 1152 quidem
3075 1081 3224 1136 valde

1707 1179 2091 1237 consequenter
2131 1171 2196 1224 ad
2229 1172 2435 1240 priores
2471 1171 2794 1241 prophetias.
2837 1170 2968 1224 Nam
2996 1173 3121 1241 quia
3168 1173 3220 1226 in

1708 1257 2022 1326 pmedenti
2046 1259 2403 1329 interrogabat
2427 1260 2616 1315 dicens
2651 1281 2663 1314 :
2704 1259 2890 1331 thuid
2917 1262 3225 1315 destruxisti

1708 1350 1985 1403 maceriam
2013 1350 2144 1420 ejus,
2171 1360 2219 1405 et
2241 1351 2550 1404 vindemiant
2571 1368 2685 1405 eam
2718 1367 2889 1405 omnes
2921 1353 3008 1420 qui
3025 1363 3228 1420 prater-

1706 1438 2008 1507 grediuntur
2039 1441 2214 1495 viam!
2243 1440 2329 1494 hic
2357 1439 2573 1494 dubium
2605 1442 2762 1494 solvit
2799 1441 2882 1495 his
2916 1443 3095 1498 verbis
3125 1460 3138 1496 :
3167 1442 3228 1498 Si

1704 1527 1920 1594 populus
1946 1544 2085 1581 meus
2102 1527 2330 1582 audisset
2351 1545 2448 1592 me,
2482 1528 2650 1584 Israel
2676 1533 2722 1584 si
2754 1532 2805 1584 in
2838 1532 2930 1585 viis
2961 1534 3085 1586 meis
3112 1549 3228 1584 am-

1708 1615 1955 1679 bulasset,
1983 1632 2074 1684 pro
2097 1617 2256 1672 nihilo
2286 1619 2521 1672 inimicos
2560 1636 2735 1673 eorum
2758 1621 3107 1676 humiliassem
3123 1641 3142 1688 ;
3167 1640 3229 1677 ac

1708 1704 2007 1774 subiungit:
2035 1705 2102 1758 Et
2129 1722 2229 1760 non
2246 1707 2440 1760 audivit
2460 1709 2675 1777 populus
2695 1726 2834 1764 meus
2855 1726 3021 1765 vocem
3043 1728 3227 1776 meam,
3273 1695 3281 1703 ’

1709 1807 1756 1850 et
1791 1796 1958 1852 Israel
1985 1816 2087 1853 non
2113 1800 2329 1854 intendit
2355 1801 2498 1854 mihi.
2531 1801 2598 1854 Et
2626 1802 2801 1857 dimisi
2835 1821 2922 1858 eos
2951 1807 3230 1860 secundum

1711 1884 1969 1940 desideria
2016 1889 2187 1942 cordis
2241 1905 2440 1955 eorum,
2487 1889 2632 1944 ibunt
2685 1892 2742 1942 in
2787 1893 3232 1948 adinventionibus

1713 1975 1842 2028 suis.
1869 1974 2002 2040 Quia
2033 1976 2192 2045 igitur
2222 1977 2674 2047 inobsequentiam
2699 1992 2881 2033 eorum
2912 1988 2966 2033 et
2993 1980 3233 2035 immori-

1713 2077 1898 2130 gerum
1944 2063 2180 2118 animum
2215 2064 2472 2128 declarat,
2517 2079 2810 2120 sermonem
2842 2069 3034 2120 merito
3065 2066 3234 2137 Spiri-

1714 2159 1801 2205 tus
1833 2160 2055 2207 sanctus
2095 2153 2366 2218 transfert,
2400 2162 2453 2208 et
2492 2155 2723 2224 gentium
2764 2158 3095 2212 vocationem
3135 2174 3233 2212 an.

1714 2241 1920 2292 nuntiat
1959 2241 2206 2295 omnibus
2259 2242 2587 2307 hominibus,
2636 2245 2714 2298 sic
2757 2261 2851 2300 eos
2901 2247 3177 2317 alloquens
3216 2266 3229 2300 :

1664 2359 1669 2363 -
1713 2327 1987 2404 Exsultate
2015 2328 2121 2382 Deo
2155 2329 2385 2399 adjutori
2422 2342 2621 2386 nostro.
2655 2333 2767 2389 Hoc
2801 2349 2960 2404 porro
3004 2337 3142 2391 dicit'
3169 2354 3233 2393 ex

1711 2431 1939 2486 persona
1981 2417 2130 2471 chori
2165 2420 2478 2487 prophetici.
2510 2419 2580 2475 Ut
2606 2424 2746 2478 enim
2778 2423 2833 2478 in
2881 2433 3070 2480 octavo
3095 2427 3235 2495 psal-

1714 2520 1802 2560 mo
1822 2504 2030 2561 dicebat
2055 2521 2068 2558 :
2097 2508 2315 2564 Domine
2336 2509 2589 2566 Dominus
2620 2524 2811 2578 noster,
2835 2515 2906 2569 ita
2935 2523 2994 2570 ut
3015 2518 3105 2585 qui
3127 2517 3238 2572 haec

1713 2593 1971 2659 dicerent,
2007 2596 2174 2652 Deum
2213 2602 2364 2668 quasi
2405 2601 2506 2657 sibi
2551 2603 2823 2672 proprium
2867 2605 3235 2671 praedicarent,

1713 2684 1837 2752 quia
1868 2697 2052 2738 eorum
2103 2687 2331 2754 primum
2380 2687 2519 2742 Deus
2548 2691 2756 2756 fuerat;
2789 2695 2864 2745 ita
2902 2700 2953 2747 et
2981 2693 3081 2747 hoc
3113 2695 3238 2750 loco

1715 2773 1875 2828 iidem
1906 2787 2020 2836 eos,
2063 2775 2154 2844 qui
2195 2777 2434 2831 extranei
2477 2786 2531 2832 et
2567 2779 2727 2833 alieni
2759 2779 2883 2835 lacti
2918 2789 3063 2845 sunt,
3108 2798 3237 2838 evo-

1715 2872 1918 2927 cantes,
1933 2865 2118 2919 dicunt
2143 2883 2154 2917 :
2181 2865 2322 2922 Heus
2344 2882 2458 2931 vos,
2487 2869 2688 2924 relictis
2705 2869 2773 2926 iis
2793 2885 2928 2941 quos
2946 2888 3130 2927 errore
3145 2875 3238 2928 du-

1716 2955 1787 3008 cti
1818 2954 1944 3011 deos
1962 2955 2514 3020 aestimabatismenite
2535 2957 2844 3016 festinanter
2869 2962 2934 3016 ad
2962 2961 3126 3018 Deum
3143 2980 3242 3018 no-

1717 3053 1907 3109 strum,
1927 3046 2135 3117 ipsique
2149 3049 2442 3116 exsultetis,
2462 3051 2550 3120 qui
2576 3066 2782 3121 semper
2804 3053 2959 3108 nobis
2973 3055 3073 3124 ipsi
3089 3055 3239 3110 addi-

87 3135 521 3206 ὰπεεενωμένους
537 3135 629 3189 καὶ
643 3135 944 3207 ἀλλοτρίως
961 3134 1400 3203 ἀνακαλούμενοι,
1434 3134 1614 3202 φασίνο

1719 3136 1820 3190 ctis
1839 3135 2052 3205 adjutor
2074 3136 2192 3192 fuit.
2223 3137 2355 3204 Quis
2371 3148 2529 3210 p‘orro
2556 3140 2643 3196 hic
2659 3141 2838 3207 luerit,
2853 3143 3044 3200 deinde
3064 3145 3240 3200 decla-

86 3221 153 3278 Ὅ
176 3220 348 3291 οὗτοι,
399 3225 804 3291 καταλείποντες
849 3226 974 3289 τοὺς
1007 3223 1425 3295 πεπλανημένως
1468 3241 1617 3294 νομι-

89 3318 340 3385 ζομένους
393 3317 518 3386 ὑμῖν
562 3316 734 3380 θεοὺς,
792 3317 954 3386 ἥκετε
1001 3314 1313 3378 σπεύδοντες
1355 3315 1489 3386 πρὸς
1531 3315 1620 3382 τὸν

91 3408 350 3477 ἡμέτερον
391 3406 540 3471 Θεὸν,
591 3407 685 3459 καὶ
730 3406 900 3476 τούτῳ
928 3405 1249 3474 ἀγαλλιᾶσθε
1290 3404 1367 3475 τῷ
1397 3405 1622 3459 πάντοτε

92 3497 243 3566 mqu
271 3497 377 3548 τῶν
404 3497 550 3570 αύτῷ
591 3497 953 3566 ἀνακειμένων
998 3496 1176 3565 βοηθῷ
1211 3495 1498 3564 γενομένῳ.
1528 3495 1637 3557 Τίς-

93 3587 132 3638 δ’
161 3583 226 3656 ἦν
255 3583 426 3650 οὗτος,
456 3586 581 3656 ἑξῆς
625 3586 917 3658 παριστῶσι
954 3585 1227 3653 λέγοντες·
1275 3583 1623 3648 Ἀλαλάξατε

92 3676 166 3740 τῷ
187 3675 539 3741 ΘεῷἸακώϐδ
566 3676 644 3747 τῷ
680 3676 785 3748 γὰρ
825 3676 990 3730 πάλαι
1025 3675 1236 3744 ὀφθέντι
1267 3674 1344 3745 τῷ
1373 3675 1622 3746 ἡμετέρῳ

93 3768 389 3840 προπάτορι
440 3767 554 3838 Θεῷ
591 3768 846 3832 ἐλθόντες,
885 3766 1198 3833 ἀλαλάξατε,
1227 3765 1367 3819 κατά
1391 3766 1452 3817 τὸ
1481 3767 1624 3835 εἰρη-

97 3860 248 3929 μένον
272 3862 441 3915 καίὲν
471 3861 560 3927 Ec”
607 3858 957 3923 Ἀλαλάξατε
994 3850 1073 3923 τῷ
1105 3856 1242 3922 Θεῷ,
1269 3856 1432 3911 πᾶσα
1457 3857 1495 3924 ἠ
1525 3853 1619 3924 γῆ.

94 3951 184 4015 Τίς
212 3953 268 4006 δὲ
304 3949 372 4023 ἦν
408 3956 443 4024 ἡ
489 3953 724 4022 πᾶσατῆ
758 3952 1047 4020 διασαφεῐὸ
1088 3949 1272 4004 εἰπών·
1301 3949 1513 4036 ,Πάντα
1552 3948 1626 4002 τὰ

95 4043 251 4112 ἔθνη,
305 4043 629 4112 κρατήσατε
667 4043 860 4112 χεῖρας
878 4083 892 4107 ,
929 4043 1265 4107 ἀλαλάξατε
1290 4041 1369 4107 τῷ
1407 4039 1525 4106 Θεῷ
1559 4041 1626 4094 ἐν

97 4135 257 4202 φωνῇ
309 4136 729 4205 ἀγαλλιάσεως.
781 4137 902 4198 Τοῖς
932 4131 1023 4187 οὖν
1072 4135 1248 4195 αὐτοις
1286 4133 1378 4187 καὶ
1410 4133 1496 4185 διὰ
1518 4131 1627 4185 τῶν

100 4219 227 4287 μετά
255 4223 442 4291 χεῖρας
456 4224 759 4290 προσφωνεῖ
777 4221 945 4295 λέγων
959 4224 986 4273 ὁ
1010 4220 1164 4292 χορὸς
1185 4221 1288 4272 τῶν
1304 4221 1587 4290 προφητῶν
1608 4236 1622 4252 ·

111 4307 481 4377 Ἀγαλλιᾶσθε
499 4308 577 4374 τῷ
602 4309 720 4374 Θεῷ
738 4309 815 4376 τῷ
829 4308 1029 4377 ,ϐοηθῷ
1063 4308 1246 4377 ἡμῶν,
1292 4309 1626 4375 Wars

98 4396 172 4462 τῷ
197 4398 316 4467 Qui)
354 4398 569 4454 Ἰακώϐ.
597 4399 726 4453 Θεὸν
756 4399 811 4453 δὲ
852 4398 1040 4453 Ἰακὼὸ
1069 4398 1164 4451 τὸν
1183 4401 1407 4469 Σωτῆρα
1431 4399 1627 4468 σημαί-

1721 3234 1842 3279 rant
1863 3227 2102 3306 dicentes
2123 3245 2136 3281 :
2158 3227 2389 3284 Jubilate
2412 3230 2518 3286 Deo
2545 3231 2708 3286 Iacob
2727 3250 2746 3287 :
2763 3234 2828 3287 ad
2853 3233 3017 3291 Deum
3036 3237 3243 3292 scilicet

1717 3317 1810 3387 qui
1833 3318 1960 3372 olim
1987 3327 2142 3374 atavo
2156 3329 2341 3378 nostro
2369 3323 2516 3378 visus
2533 3332 2615 3378 est
2642 3327 2975 3391 accedentes,
2999 3327 3243 3396 jubilate,

1719 3409 2011 3466 secundum
2029 3410 2082 3464 id
2098 3411 2241 3480 quod
2254 3412 2306 3465 in
2319 3427 2420 3466 ειν
2435 3414 2639 3482 psalmo
2653 3415 2851 3470 dictum
2866 3426 2949 3474 cst
2965 3438 2978 3471 :
2993 3420 3242 3487 Jubilate,

1719 3500 1886 3554 omnis
1920 3513 2076 3554 terra.
2134 3499 2263 3566 Quae
2299 3510 2443 3556 esset
2488 3503 2662 3558 omnis
2694 3511 2855 3567 terra,
2887 3506 3116 3574 explicat
3150 3509 3242 3577 qui

1719 3589 1794 3641 ait
1819 3607 1834 3643 :
1855 3579 2060 3644 'Omnes
2089 3599 2281 3656 gentes,
2315 3589 2547 3658 plaudite
2589 3592 2846 3656 manibus,
2886 3594 3114 3662 jubilate
3135 3595 3244 3649 Deo

1719 3678 1772 3729 in
1798 3694 1916 3732 voce
1946 3679 2306 3733 exsultationis
2323 3681 2388 3732 ⁸³.
2424 3679 2646 3736 Eosdem
2668 3683 2847 3751 itaque
2872 3684 3016 3753 ipsos
3046 3685 3245 3740 chorus

1720 3767 2064 3834 propheticus
2113 3770 2165 3823 in
2200 3773 2443 3838 prtesenti
2476 3772 2760 3840 alloquitur
2789 3773 2973 3827 dicens
3001 3791 3014 3828 :
3047 3773 3244 3827 Exsul-

1722 3865 1826 3909 tate
1862 3855 1968 3910 Deo
2014 3857 2246 3925 adjutori
2266 3870 2460 3924 nostro,
2492 3861 2834 3928 jubilateDeo
2859 3862 3040 3917 Iacob.
3079 3861 3244 3917 Deum

1720 3961 1846 4001 vero
1876 3945 2040 4002 Jacob
2065 3946 2396 4022 Senatorem
2422 3960 2590 4015 vocat,
2625 3953 2716 4019 qui
2737 3953 2789 4004 in
2817 3951 2985 4028 forma
3015 3953 3246 4008 hominis

1720 4037 1922 4091 Jacobo
1944 4038 2090 4092 visus
2119 4045 2220 4104 est,
2256 4037 2468 4106 quando
2501 4043 2709 4094 vocavit
2732 4041 2896 4096 Jacob
2920 4057 3111 4097 nomen
3141 4043 3246 4098 loci

1725 4129 1775 4182 in
1804 4142 1910 4197 quo
1946 4131 2095 4182 visus
2124 4129 2224 4198 ipsi
2250 4137 2334 4184 est
2365 4129 2524 4194 Deus,
2555 4131 2786 4199 Speciem
2815 4133 2910 4186 Dei
2939 4149 2957 4186 :
2984 4149 3106 4188 nam
3134 4133 3249 4188 haec

1723 4218 1914 4271 addit:
1949 4217 2067 4272 Vidi
2097 4219 2233 4272 enim
2282 4220 2445 4274 Deum
2483 4221 2614 4289 facie
2659 4223 2726 4276 ad
2763 4223 2969 4292 faciem,
3007 4233 3057 4277 et
3102 4225 3249 4278 salsa

1725 4307 1866 4374 facta
1895 4319 1972 4362 est
2028 4310 2204 4361 anima
2249 4325 2378 4369 mea.
2435 4308 2572 4365 Huic
2623 4314 2786 4375 enim,
2822 4319 3004 4380 utpote
3021 4312 3112 4380 qui
3154 4326 3251 4366 rex

1727 4408 1907 4454 noster
1934 4401 2026 4465 sit,
2052 4401 2280 4470 jubilare
2298 4403 2556 4471 praecipit,
2587 4401 3063 4470 triumphalemque
3099 4401 3249 4470 hym-

99 4505 174 4540 νει
203 4489 293 4542 τὸν
339 4490 396 4541 ὲν
449 4486 727 4559 ἀνθρώπου
779 4490 1010 4560 σχήματι
1031 4487 1263 4557 ὀφθέντα
1304 4489 1380 4558 τῷ
1402 4486 1618 4542 Ἰακώϐ·

1726 4505 1850 4543 num
1910 4491 2010 4560 ipsi
2054 4492 2316 4545 emittere.
2365 4491 2639 4556 Quomodo
2669 4499 2843 4545 autem
2882 4506 2971 4544 rex
3019 4505 3049 4544 a
3090 4488 3248 4544 Patre

100 4579 180 4630 ὅτε
239 4578 332 4632 καὶ
377 4579 596 4632 ἐκάλεσε
655 4577 844 4632 Ἰακὼϐ
887 4579 946 4631 τὸ
987 4578 1151 4648 ὄνομα
1183 4577 1275 4629 τοῦ
1301 4577 1461 4630 τόπου
1496 4577 1554 4630 ὲν
1579 4571 1624 4644 ᾧ

103 4667 247 4740 ὤφθη
272 4669 419 4739 αὐτῷ
443 4673 473 4724 ὁ
488 4669 634 4734 Θεὸς,
651 4667 824 4736 Εἶδος
848 4669 1012 4738 Θεοῦ,
1039 4667 1274 4724 ἐπειπών
1291 4685 1305 4697 ⁸
1327 4668 1623 4737 morm

105 4761 244 4814 Θεὸν
267 4762 585 4829 πρόσωπον
613 4760 761 4828 πρὸς
801 4762 1132 4830 πρόσωπον,
1166 4758 1263 4813 καί
1286 4757 1477 4825 ἐσώθη
1504 4775 1622 4827 μου

103 4849 141 4915 ἠ
172 4852 359 4920 ψυχή.
393 4851 574 4922 Τούτῳ
623 4847 733 4916 οὖν,
760 4851 835 4914 ὡς
871 4851 938 4906 ἀν
971 4850 1116 4920 αὗτῷ
1158 4849 1270 4902 ὄντι
1308 4848 1384 4917 τῷ
1422 4848 1627 4916 βασιλεῖ

104 4939 268 5009 ἡμῶν,
293 4940 577 5005 ἀλαλάζειν
615 4942 952 5014 προστάττει,
985 4943 1286 5012 νικητήριον
1312 4939 1473 5009 ὖμνον
1500 4942 1628 4993 ἀνα-

103 5027 407 5096 πέμποντας
433 5030 597 5101 αὐτῷ.
634 5031 817 5094 Ὅπως
853 5031 911 5084 δὲ
963 5030 1206 5100 βασιλεὺς
1237 5028 1340 5080 ὑπὸ
1383 5027 1476 5080 τοῦ
1525 5027 1626 5081 Πα-

106 5118 222 5186 τρὺς
267 5119 605 5186 καθίσταται,
641 5122 802 5184 αὐτὸς
852 5122 1085 5177 διδάσκει
1132 5120 1329 5188 λέγων’
1377 5119 1514 5187 Ἐγὼ
1559 5119 1626 5172 δὲ

109 5209 464 5278 aath
478 5211 772 5278 βασιλεὺς
793 5214 891 5266 ὑπ’
916 5213 1097 5268 αὐτοῦ
1120 5212 1215 5266 ἐπὶ
1237 5213 1384 5264 Σιὼν
1404 5210 1536 5278 ὅρος
1560 5212 1625 5265 τὸ

108 5298 264 5368 ἄτιον
298 5300 501 5355 αὐτοῦ.
531 5302 605 5354 οὐ
638 5303 792 5371 μόνον
814 5304 870 5356 δὲ
891 5302 1167 5368 ἀλαλάζειν
1180 5301 1256 5371 τῷ
1279 5301 1396 5371 Θεῷ
1438 5302 1626 5355 Ἰακὼϐ

112 5390 342 5459 βούλεται
369 5392 494 5456 τοὺς
526 5392 901 5464 κεκλημένους,
921 5395 1053 5448 ἀλλά
1076 5394 1168 5448 καὶ
1196 5393 1483 5464 λαμσάνειν
1495 5393 1628 5462 ψαλ-

115 5482 204 5550 μὸν
246 5482 339 5538 καὶ
374 5480 566 5535 διδόναι
609 5482 898 5552 τύμπανον,
944 5485 1034 5538 καὶ
1076 5483 1366 5553 ψαλτήριον
1403 5483 1628 5552 τερπνὸν

120 5572 242 5639 μετά
264 5572 508 5644 κιθάρας.
540 5572 693 5626 Κατά
717 5573 774 5625 δε
797 5573 886 5626 τὸν
929 5573 1169 5628 Ἀκύλαν·
1206 5576 1420 5642 Ἄρατε,
1472 5575 1624 5641 φησὶ,

177 5747 221 5780 ⁸³
255 5744 395 5806 Psal.
428 5763 582 5803 sui.
616 5747 669 5800 2.

459 5835 720 5896 Psrnon.
752 5836 866 5897 Gn.
913 5837 1142 5899 XXIII.

1727 4583 2104 4646 constituatur,
2140 4580 2252 4651 ipse
2307 4583 2462 4636 docet
2512 4582 2596 4636 his
2647 4582 2824 4635 verbis
2867 4599 2880 4634 :
2923 4581 3034 4650 Ego
3075 4591 3247 4634 autem

1727 4673 2034 4725 constitutus
2053 4689 2166 4725 sum
2192 4687 2282 4724 rex
2307 4671 2370 4723 ab
2395 4688 2453 4725 eo
2472 4685 2624 4739 super
2638 4670 2759 4726 Sion
2777 4681 2995 4725 montem
3016 4679 3249 4727 sanctum

1727 4762 1859 4829 ejus.
1883 4761 1996 4817 Non
2015 4763 2184 4816 solum
2213 4770 2387 4814 autem
2414 4763 2526 4816 vult
2545 4762 3001 4830 vocatosjubilare
3031 4761 3138 4816 Deo
3157 4759 3250 4814 la-

1725 4853 1848 4922 eob,
1867 4851 1961 4905 sed
1995 4855 2153 4905 etiam
2171 4853 2413 4922 accipere
2425 4853 2688 4921 psalmum
2702 4860 2758 4908 et
2776 4852 2904 4908 dare
2917 4860 3248 4921 tympanum,

1727 4921 1780 4996 et
1826 4942 2136 5009 psalterium
2180 4921 2474 5013 jucundum
2520 4958 2643 4998 cum
2683 4944 2905 4999 cithara.
2943 4942 3248 4998 Secundum

1729 5031 1971 5100 Aquilam
1992 5048 2150 5088 vero:
2172 5033 2373 5100 ιλυαιε,
2396 5034 2596 5104 inquit,
2614 5035 2888 5090 melodia-
2916 5041 2967 5088 et
2985 5033 3105 5087 date
3119 5041 3251 5103 tym-

1730 5136 1940 5188 panum,
1986 5122 2242 5176 citharam
2272 5123 2525 5177 decentem
2551 5139 2667 5176 σιω
2717 5123 2906 5184 nobla;
2954 5122 3246 5176 secundum

1730 5209 2106 5282 Symmachum
2156 5222 2329 5268 autem
2371 5212 2672 5280 :Suscipite
2718 5212 3010 5276 canticum,
3049 5221 3100 5264 et
3131 5210 3249 5262 date

1732 5311 2047 5371 tympanum,
2079 5301 2249 5372 lyram
2272 5302 2471 5355 dulcem
2500 5319 2615 5356 cum
2644 5301 2819 5354 nabla.
2847 5300 3061 5371 Aliquid
3091 5302 3250 5370 igitur

1731 5391 1989 5460 accipere,
2019 5391 2219 5461 aliquid
2246 5392 2536 5445 retribuere
2562 5389 2831 5459 praecipit;
2864 5391 3106 5459 accipere
3131 5393 3252 5456 qui-

1720 5484 1868 5549 dem,
1909 5483 2197 5539 secundum
2274 5484 2541 5552 Aquilam,
2578 5480 2899 5545 melodiam;
2955 5483 3244 5535 secundum

1681 5632 1684 5635 _
1733 5575 2104 5644 Symmachum
2162 5590 2319 5641 vero,
2368 5574 2671 5633 canticum:
2726 5573 3020 5628 retribuere
3072 5581 3245 5625 autem

2832 5836 2899 5892 3i
