3976 6350
737 442 830 504 97!
1419 444 1686 502 EUSEBII
1723 445 2194 502 CESARIENSIS
2232 445 2381 502 OPP.
2422 445 2599 501 PARS
2639 445 2724 502 Ill.
2766 479 2832 488 —
2861 445 3270 502 EXECETICA.
3831 446 3918 499 επ

734 575 1066 637 tympanum,
1115 571 1206 617 aut
1236 562 1403 633 lyram
1451 562 1663 616 dulcem
1709 577 1832 616 cum
1890 563 2071 618 nabla.
2117 563 2265 629 Queit

2375 566 2693 636 μελῳδίαν,
2720 563 2817 617 καί
2855 563 2988 616 δότε
3026 563 3352 630 τύμπανον,
3384 560 3628 628 κιθάραν
3666 561 3916 627 εὐπρεαῆ

733 657 1056 728 praecipitur,
1096 661 1153 708 ut
1183 654 1405 707 auribus
1435 653 1650 724 quidem
1680 653 1830 708 verbi
1863 652 2106 706 doctrina
2138 654 2280 708 exci-

732 751 942 818 piatur;
977 745 1118 799 actio
1161 751 1338 798 autem
1389 758 1615 813 corpore
1672 743 1958 797 tribuatur.
1996 744 2276 797 Canticum

738 837 871 891 enim
898 843 951 889 et
979 832 1210 888 melodia
1240 831 1463 886 auribus
1480 831 1644 884 verbo
1676 829 1908 882 traditur
1940 847 1952 882 :
1978 844 2144 898 quare
2167 830 2236 883 ait
2262 847 2273 881 :

735 925 999 995 Suscipite
1021 925 1355 979 canticumet
1379 921 1683 983 melodiam,
1717 918 2010 973 secundum
2030 920 2276 989 Aquilam

727 1024 781 1070 et
815 1015 1213 1086 Symmachum.
1247 1012 1343 1069 His
1371 1027 1497 1067 vero
1535 1011 1791 1080 acceptis,
1817 1010 2099 1064 retribuite
2129 1012 2275 1080 psal-

727 1106 922 1161 terium
947 1105 1247 1175 jucundum
1279 1119 1404 1158 cum
1451 1102 1678 1167 cithara,
1729 1104 1839 1157 sive
1875 1103 2044 1173 lyram
2067 1103 2276 1157 dulcem

726 1213 848 1252 cum
872 1199 1050 1253 nabla.
1077 1198 1416 1268 Tympanum
1449 1204 1625 1250 autem
1655 1202 1735 1249 est
1769 1196 2186 1250 instrumentum
2211 1209 2276 1248 ex

727 1304 985 1361 corporea
1007 1290 1144 1361 pelle
1168 1288 1586 1351 concinnatum;
1618 1286 1932 1354 psalterium
1966 1295 2164 1350 autem,
2199 1285 2276 1338 ci-

724 1381 896 1435 tharas
942 1379 1170 1450 species.
1201 1378 1417 1431 chordis
1456 1376 1759 1430 confectum
1791 1385 1894 1441 est,
1929 1376 2127 1447 quibus
2155 1391 2275 1431 cor-

723 1485 828 1543 pus
857 1478 1102 1526 nostrum
1138 1468 1530 1524 subindicatur.
1568 1465 1696 1521 Vult
1725 1468 1906 1538 itaque
1942 1469 2074 1538 ipsis
2097 1468 2274 1537 operi-

724 1564 827 1619 bus
875 1577 938 1616 ac
965 1560 1130 1632 gestis
1167 1567 1430 1630 praecepta
1479 1557 1656 1614 verbis
1701 1559 1897 1613 tradita
1941 1560 2188 1628 impleri;
2220 1566 2273 1613 et

723 1652 836 1706 haec
868 1666 1025 1722 agere
1072 1649 1328 1719 jubentur
1355 1656 1620 1717 quotquot
1671 1648 1725 1702 in
1760 1649 2005 1704 ecclesiis
2042 1648 2135 1702 Dei
2179 1663 2272 1718 per

720 1751 892 1796 totum
919 1742 1104 1796 orbem
1136 1739 1446 1810 congregati
1475 1749 1619 1792 sunt.
1654 1738 1990 1808 Quapropter
2020 1737 2085 1791 In
2114 1739 2270 1806 ﬁnem

719 1845 768 1888 et
788 1833 894 1887 Pro
928 1830 1275 1886 torcularibus
1293 1830 1540 1898 hmcqua:
1565 1827 1803 1883 diximus
1825 1829 2084 1897 inscripta
2117 1839 2264 1882 sunt.

2375 655 2523 725 μετὰ
2559 654 2788 719 νάόλης
2809 670 2820 682 ·
2852 651 2988 705 κατὰ
3031 652 3085 704 δὲ
3112 650 3201 715 τὸν
3248 650 3558 720 Σύμμαχον-
3592 650 3916 702 Were

2378 747 2561 814 ᾠδὴν,
2606 745 2703 799 καί
2744 743 2934 797 δίδοτε
2963 745 3286 812 τύμπανον,
3330 743 3522 809 λύραν
3556 741 3768 807 ἡδεῖαν
3790 745 3919 809 μετὰ

2377 839 2622 904 νάόλης.
2652 836 2855 890 Οὐκοῦν
2875 836 2934 887 τὸ
2971 836 3067 906 μέν
3093 851 3144 887 τι
3172 833 3490 905 προστάττει
3524 832 3841 901 λαμϐάνειν,
3871 834 3918 884 τέ-

2376 929 2432 983 δὲ
2456 929 2684 982 διδόναι·
2717 928 3008 998 λαμϐάνειν
3042 926 3160 997 μὲν,
3197 925 3337 979 κατά
3368 925 3456 977 τὸν
3472 925 3728 984 Ἀκύλαν,
3764 926 3918 993 μελε-

2377 1022 2512 1083 δίαν,
2552 1020 2690 1074 κατά
2742 1020 2798 1072 δὲ
2838 1021 2927 1071 τὸν
2956 1018 3263 1089 Σύμμαχον,
3508 1015 3828 1068 ἀντιδιδόναι
3873 1016 3916 1065 δὲ

2376 1113 2649 1182 τύμπανον
2679 1111 2710 1179 ἢ
2736 1107 2903 1181 λύραν
2934 1110 3114 1178 ἡδεῖαν
3146 1108 3286 1180 μετά
3307 1107 3524 1176 νάϐλης.
3570 1106 3647 1172 ω’
3684 1096 3760 1157 ὧν
3782 1107 3809 1158 δ
3851 1106 3916 1155 λέξι-

2377 1220 2469 1271 γος
2503 1201 2820 1273 προστάττει
2852 1201 3095 1270 δέχεσθαι
3127 1200 3222 1270 μὲν
3263 1200 3452 1261 ἀκοαῖς
3490 1198 3588 1268 τὴν
3620 1197 3733 1249 τῶν
3766 1196 3916 1260 λάξιν

2374 1293 2734 1355 διδασκαλίαν,
2756 1292 2950 1344 διδόναι
2975 1292 3029 1343 δὲ
3065 1291 3162 1359 τὴν
3186 1289 3274 1343 διὰ
3301 1288 3395 1342 τοῦ
3427 1288 3680 1359 σώματος
3713 1290 3910 1358 πρᾶξιν⁴

2388 1385 2508 1454 ’ῼδὴ
2543 1383 2638 1453 μὲν
2671 1383 2778 1453 γὰρ
2804 1382 2896 1434 καὶ
2919 1381 3148 1452 μελῳδία
3174 1380 3314 1448 λόγῳ
3334 1380 3523 1441 ἀκοαῖς
3555 1377 3910 1447 παραδίδοται’

2372 1475 2449 1527 διό
2483 1493 2613 1546 φησι
2635 1492 2646 1503 ·
2671 1475 2873 1528 Λάϐετε
3057 1473 3149 1526 καὶ
3173 1473 3454 1543 μελῳδίαν,
3487 1472 3629 1524 κατά
3651 1473 3747 1523 τὸν
3790 1472 3912 1522 Ἀκύ-

2372 1564 2466 1618 λαν
2523 1567 2614 1618 καί
2673 1563 2980 1634 Σύμμαχον.
3029 1561 3210 1615 Ταῦτα
3245 1561 3300 1613 δὲ
3345 1560 3711 1634 λαμβάνοντες
3755 1561 3911 1628 ὑμεῖς.

2370 1653 2605 1707 άντίδοτε
2639 1631 2929 1723 ψαλτήριον
2965 1649 3190 1720 τερπνὸν
3243 1648 3377 1719 μετά
3418 1631 3668 1723 κιθάρας,
3701 1645 3734 1715 ἢ
3770 1647 3910 1713 λύραν

2371 1749 2548 1818 ἡδεῖαν
2577 1747 2708 1817 μετά
2732 1745 2949 1816 νάῦλης.
2989 1744 3276 1813 Τύμπανον
3312 1740 3368 1792 δὲ
3401 1739 3632 1810 ὄργανόν
3681 1740 3829 1789 ἐστιν
3864 1741 3912 1788 ἐκ

2369 1838 2526 1909 δορᾶς
2550 1837 2858 1907 σωματικῆς
2893 1832 3412 1901 κατεσκευασμένον,
3434 1830 3526 1881 καί⁵
3551 1829 3610 1881 τὸ
3633 1829 3908 1897 ψαλτήρια,

720 1924 1032 1979 Torcularia
1059 1922 1200 1977 enim
1218 1936 1282 1976 ne
1308 1918 1453 1973 aliud
1475 1918 1752 1988 quidpiam
1778 1917 1882 1972 diei
1900 1928 2075 1986 putes,
2107 1933 2265 1987 quam

2370 1929 2596 1999 κιθάρας
2625 1924 2760 1989 εἶδος
2780 1920 2878 1981 ὧδέ
2911 1943 2985 1996 πη
3004 1924 3093 1978 διὰ
3141 1921 3340 1993 χορδῶν
3381 1918 3834 1990 κατηρτισμένον,
3859 1917 3908 1967 δι’

719 2012 978 2068 ecclesias
1029 2011 1145 2075 Dei,
1175 2011 1231 2064 in
1275 2009 1474 2079 quibus
1519 2007 1716 2073 coacti,
1757 2009 2106 2077 collectisque
2158 2022 2267 2062 una

717 2104 978 2160 fructibus
998 2103 1223 2164 nostris,
1250 2115 1413 2154 unam
1446 2100 1879 2154 commixtionem
1913 2097 2170 2152 eﬂicimus
2199 2098 2266 2151 ad

715 2197 939 2266 gloriam
985 2201 1037 2250 et
1081 2192 1320 2248 laetitiam
1369 2189 1526 2245 Verbi
1573 2189 1686 2244 Dei.
1745 2189 1935 2243 Mirum
1971 2204 2131 2258 porro
2159 2203 2265 2258 quo

713 2295 873 2358 pacto
921 2283 1228 2355 praecedens
1261 2283 1497 2353 psalmus
1550 2281 1855 2337 incendium
1884 2281 2261 2360 declaraverit,

715 2391 926 2432 necnon
979 2376 1149 2430 vineae
1193 2389 1258 2429 ex
1308 2373 1539 2444 Egypto
1559 2373 1837 2427 translatas
1869 2371 2174 2428 vastitatem
2211 2379 2264 2425 et

713 2471 924 2524 ruinam
952 2469 1248 2539 integram;
1302 2468 1389 2522 hic
1415 2482 1543 2522 vero
1589 2466 1847 2536 psalmus,
1879 2465 2033 2536 quasi
2056 2466 2159 2519 alia
2184 2465 2263 2520 vi-
2324 2539 2329 2544 τ

715 2562 805 2624 tis,
833 2560 935 2614 alia
965 2560 1121 2614 vinea
1149 2561 1240 2624 sit,
1273 2560 1380 2613 imo
1397 2573 1524 2612 vero
1556 2557 1735 2611 multa;
1763 2558 1946 2621 vineae,
1973 2557 2262 2611 toreularia

712 2653 917 2708 inducit
942 2653 1172 2723 plurima
1204 2671 1217 2705 :
1256 2651 1432 2706 fausta
1465 2665 1595 2705 vero
1624 2650 1905 2704 denuntiat
1939 2650 2045 2704 illis
2073 2651 2163 2719 qui
2194 2650 2261 2705 ad

711 2759 773 2797 ea
805 2743 978 2798 vocati
1015 2749 1162 2796 sunt.
1221 2738 1327 2794 Pro
1373 2740 1548 2809 primo
1605 2738 1768 2809 igitur
1812 2738 2012 2808 p0pulo
2049 2737 2258 2792 vineam

711 2849 894 2900 unam,
928 2833 1168 2889 torcular
1199 2847 1388 2894 unum,
1414 2845 1685 2900 unamque
1723 2831 1885 2885 vitem
1928 2829 2140 2883 induxit
2168 2828 2259 2897 qui

711 2928 784 2979 ait
813 2945 825 2980 :
859 2924 1018 2978 Vinea
1044 2924 1188 2992 facta
1210 2931 1285 2976 est
1306 2922 1495 2975 dilecto
1518 2923 1568 2974 in
1592 2938 1773 2984 cornu,
1792 2921 1969 2974 inloco
1991 2921 2171 2987 pingui
2191 2920 2256 2971 ⁸⁵.

710 3013 912 3069 Deinde
945 3013 1018 3066 ait
1050 3031 1062 3066 :
1097 3011 1165 3066 Et
1185 3011 1516 3079 protorcular
1541 3011 1722 3078 fodi-in
1751 3008 1837 3074 ea,
1863 3018 1911 3064 et
1932 3010 2164 3077 plantavi
2188 3009 2261 3062 vi-

709 3122 864 3159 neam
884 3104 1057 3159 Sorec.
1095 3100 1155 3156 In
1185 3102 1505 3172 prxcedenti
1539 3102 1855 3157 vero'unam
1901 3102 2062 3155 vitem
2094 3100 2256 3156 denoo

709 3194 856 3248 tabat
916 3193 1138 3247 dicens:
1181 3191 1392 3245 Vineam
1434 3192 1497 3246 de
1537 3191 1765 3262 Egypto
1822 3193 2162 3247 transtulisti.
2197 3190 2257 3246 In

2369 2014 2442 2073 ὧν
2473 2020 2531 2071 τὸ
2545 2019 2700 2088 σῶμα
2722 2017 2783 2069 τὸ
2812 2015 3075 2087 ἡμέτερον
3098 2013 3331 2086 ᾐνίξατο.
3364 2010 3620 2065 Βούλεται
3631 2010 3812 2061 τοίνυν
3836 2010 3910 2060 αἱ-

2369 2113 2478 2172 τοῖς
2511 2109 2687 2180 ἔργοις
2735 2109 2830 2161 καὶ
2882 2106 3106 2178 πράξεσι
3141 2105 3207 2158 τά
3241 2102 3328 2156 διὰ
3365 2103 3472 2155 τῶν
3515 2101 3689 2169 λόγων
3717 2116 3910 2169 ταιροῖ-

2370 2203 2607 2272 γέλματα
2671 2199 3044 2271 ἀποπληροῦν·
3082 2196 3370 2250 καὶταῦτα
3412 2195 3669 2265 πράττειν
3717 2196 3746 2245 ὁ
3779 2193 3907 2258 λόγος

2368 2297 2479 2357 τοῖς
2511 2295 2566 2346 ὲν
2604 2295 2719 2366 ταῖς
2743 2289 3052 2360 ἐκκλησίαις
3084 2287 3175 2340 τοῦ
3206 2286 3337 2340 Θεοῦ
3373 2285 3488 2336 καθ’
3539 2284 3674 2352 ὅλης
3715 2283 3815 2350 τῆς
3847 2287 3906 2332 ei-

2368 2385 2637 2455 κουμένης
2704 2379 3181 2452 συγκροτουμένοις
3234 2377 3578 2448 προστάττει.
3614 2376 3706 2427 Διὸ
3736 2377 3834 2439 Εἰς
3858 2375 3905 2424 τί·

2367 2473 2539 2536 τέλος
2563 2472 2654 2524 καὶ
2723 2469 2888 2537 ’Υπὲρ
2912 2467 3030 2521 τῶν
3047 2462 3248 2534 ληνῶν
3279 2464 3695 2535 προγέγραπται
3738 2462 3806 2515 τὰ
3844 2463 3907 2512 λε-

2365 2565 2618 2636 λεγμένα.
2657 2564 2862 2633 Ληνοὺς
2895 2560 3002 2630 γὰρ
3043 2559 3172 2630 μηδὲ
3215 2557 3338 2611 ἀλλο
3365 2575 3419 2609 τι
3450 2555 3644 2626 νόμιζε
3682 2553 3906 2622 λέγεσθαι

2365 2659 2397 2727 ἢ
2453 2657 2551 2720 τὰς
2594 2655 2880 2725 ἐκκλησίας
2925 2653 3018 2705 τοῦ
3051 2650 3204 2716 Θεοῦ,
3249 2652 3305 2703 ὲν
3348 2644 3432 2712 αῖς
3468 2647 3907 2720 συγκροτούμενος

2366 2750 2457 2802 καὶ
2483 2751 2603 2811 τοὺς
2629 2747 2829 2800 ἑαυτῶν
2868 2745 3109 2816 καρποὺς
3134 2741 3270 2796 κατά
3303 2743 3361 2794 τὸ
3391 2741 3522 2794 αὐτὸ
3548 2738 3904 2810 συμϐαλλόμεο

2365 2859 2464 2906 νοι,
2501 2841 2626 2910 μίαν
2654 2841 2847 2911 κρᾶσιν
2890 2835 3185 2906 ποιούμεθα
3230 2838 3308 2898 εἰς
3341 2833 3495 2898 δόξαν
3544 2835 3642 2885 καὶ
3668 2830 3907 2900 εὐτροπ-

2364 2949 2460 2996 νην
2515 2931 2608 2982 τοῦ
2660 2915 2829 2997 Λόγου
2861 2929 2966 2981 τοῦ
3004 2927 3156 2981 Θεοῦ.
3198 2927 3482 2996 Θαυμάσαι
3516 2925 3571 2977 δὲ
3598 2925 3746 2976 ἐστιν
3783 2924 3903 2982 ὅπως

2364 3029 2390 3077 o'
2437 3024 2529 3094 μὲν
2588 3023 2707 3092 πρὸ,
2749 3021 2936 3075 τούτου
2963 3021 3171 3091 ψαλμδς
3204 3019 3549 3090 ἐμπυρισμὸν
3589 3019 3800 3088 ἐδήλου,
3831 3018 3906 3068 καὶ

2363 3115 2595 3186 παντελῆ
2645 3114 2876 3184 ἐρημίαν
2931 3113 3024 3166 καὶ
3067 3113 3367 3181 ἀφανισμὸν
3403 3109 3504 3179 τῆς
3547 3109 3606 3175 ἐξ
3654 3109 3902 3176 Αἰγύπτου

2366 3203 2825 3276 μετενηνεγμένης
2855 3200 3096 3271 ἀμπέλου
3122 3213 3135 3226 ·
3168 3200 3196 3250 ὁ
3231 3197 3286 3250 δὲ
3325 3195 3456 3266 μετὰ
3501 3199 3713 3266 χεῖρας,
3743 3194 3904 3261 ὧσπερ

709 3283 931 3354 psalmis
985 3293 1184 3345 autem,
1205 3283 1294 3352 qui
1328 3281 1432 3334 Pro
1461 3282 1807 3336 torcularibus
1843 3283 2090 3352 inscripti
2116 3289 2261 3350 sunt,

2365 3295 2554 3365 ἑτέρας
2580 3291 2886 3361 ὑποστάσης
2932 3289 3171 3360 ἀμπέλου
3226 3288 3318 3341 καὶ
3352 3284 3674 3355 ἀμπελῶνος
3719 3283 3900 3351 ἐτέων,

648 3435 660 3460 ι
709 3375 876 3428 multa
912 3373 1150 3428 declarat
1183 3373 1494 3439 toreularia,
1545 3375 1901 3444 plurimarum
1938 3375 2146 3430 scilicet
2172 3374 2257 3427 vi-

707 3481 950 3521 nearum.
1000 3465 1154 3530 Quod
1193 3466 1238 3519 si
1285 3480 1476 3519 novam
1527 3465 1735 3520 vineam
1763 3480 1926 3520 nosse
1957 3467 2110 3531 velis,
2142 3481 2258 3534 quis

706 3565 843 3626 post,
878 3558 1077 3622 prioris
1110 3557 1324 3611 ruinam
1380 3556 1436 3610 in
1476 3555 1802 3610 hominibus.
1833 3564 2020 3609 exorta
2067 3563 2182 3622 est,
2227 3572 2258 3610 a

705 3647 814 3702 Deo
866 3646 1040 3703 Verbo
1100 3647 1314 3702 ediscas
1372 3646 1484 3701 hac
1513 3646 1579 3699 de
1614 3661 1672 3700 se
1695 3646 1922 3700 docente
1959 3664 1973 3699 :
2007 3645 2117 3716 Ego
2143 3664 2257 3701 sum

703 3737 822 3789 vitis
851 3739 990 3801 uera,
1017 3735 1176 3788 Pater
1220 3749 1364 3786 meus
1405 3733 1635 3803 agricola
1665 3743 1764 3787 est.
1803 3734 2019 3789 Omnem
2064 3737 2256 3805 palmi-

705 3838 805 3882 tem
825 3843 926 3881 non
956 3825 1456 3895 ferentemfructum
1487 3825 1540 3878 in
1571 3841 1670 3889 me,
1699 3826 1835 3880 tollit
1856 3842 2007 3891 eum;
2046 3836 2099 3881 et
2133 3830 2256 3896 {om-

704 3934 819 3973 nem
841 3918 1083 3982 ferentem
1113 3916 1362 3985 fructum,
1383 3924 1571 3985 purgat
1593 3932 1730 3980 eum,
1760 3929 1814 3969 ut
1845 3917 2108 3986 fructuum
2135 3919 2254 3988 plus

701 4012 860 4080 ferat.
888 4009 1013 4064 1am
1037 4026 1122 4064 vos
1151 3993 1330 4062 mundi
1362 4010 1486 4062 estis
1526 4019 1735 4079 propter
1767 4027 2072 4076 sermonem,
2103 4028 2254 4082 quem

704 4102 906 4153 loeutus
945 4116 1060 4154 sunt
1097 4100 1280 4154 vobis:
1318 4109 1517 4152 manete
1549 4101 1600 4153 in
1645 4118 1745 4166 me,
1787 4111 1834 4156 et
1876 4121 1968 4174 ego
1999 4105 2052 4157 in
2086 4104 2248 4158 vobis.

703 4193 848 4247 Sicut
888 4191 1083 4260 palmes
1118 4207 1218 4244 non
1253 4200 1418 4258 potest
1467 4191 1598 4258 ferre
1631 4193 1859 4258 fructum
1891 4212 1922 4247 a
1954 4197 2247 4265 semetipso,

701 4285 804 4338 nisi
829 4284 1077 4337 manserit
1115 4283 1170 4335 in
1203 4282 1304 4334 vite
1324 4297 1343 4343 ;
1367 4282 1441 4334 sic
1472 4297 1560 4335 nec
1593 4298 1677 4336 vos
1717 4286 1822 4338 nisi
1849 4287 1903 4338 in
1933 4303 2011 4340 me
2046 4303 2250 4341 manse-

2359 3385 2556 3455 μᾶλλον
2597 3383 2654 3435 δὲ
2707 3373 2966 3434 πλειόνων
3032 3376 3362 3450 ἀμπελώνων
3418 3377 3616 3445 ληνοὺς
3669 3375 3902 3442 inpiast»:

2355 3476 2591 3548 πλείους,
2647 3474 2845 3545 φαιδρά
2891 3491 2947 3526 τε
2989 3469 3389 3538 εὐαγγελίζεται
3445 3470 3560 3529 τοῖς
3599 3467 3696 3518 ἐπὶ
3728 3465 3900 3524 ταύτας

2356 3567 2724 3638 κεκλημένοις.
2773 3567 2894 3619 Ἐπὶ
2939 3565 3032 3635 μὲν
3065 3559 3156 3616 οὖν
3191 3561 3282 3615 τοῦ
3327 3562 3594 3631 προτέρου
3642 3558 3772 3612 λαοῦ
3824 3559 3899 3608 ἔνια

2354 3658 2648 3730 ἀμπελῶνα
2676 3658 2767 3711 καὶ
2809 3656 2930 3728 μίαν
2962 3654 3140 3727 ληνὸν,
3169 3653 3292 3724 μίαν
3331 3670 3388 3705 τε
3421 3651 3667 3719 ἄμπελον
3697 3651 3898 3719 εἰσήγα-

2354 3765 2447 3816 γεν
2479 3751 2510 3801 δ
2538 3750 2744 3818 φήσαςσ
2786 3746 3087 3815 Ἀμπελὼν
3123 3743 3368 3812 ἐγενήθη
3429 3740 3511 3806 τῷ
3561 3742 3899 3809 ἠγαπημένῳ

2353 3841 2422 3894 ἐν
2458 3840 2676 3908 κέρατι,
2710 3841 2777 3892 ὲν
2802 3840 2959 3902 τόπῳ
2999 3838 3177 3900 πίονι.
3213 3832 3326 3888 Εἶθ’
3358 3834 3512 3904 ἑξῆςο
3549 3834 3660 3887 Καὶ
3703 3832 3898 3900 πραιιῇ

2353 3948 2501 3993 νιον,
2548 3932 2739 4000 φησιν,
2775 3927 2972 3997 dipan
3005 3928 3073 3979 ἐν
3115 3923 3290 3989 αὐτῷ,
3330 3927 3424 3982 καί
3465 3926 3776 3994 ἐφύτευσα
3813 3925 3893 3990 ἆμ-

2353 4026 2542 4076 πελον
2577 4003 2804 4090 Σῶρήκ.
2838 4019 2946 4073 Καὶ
2978 4021 3034 4072 ὲν
3063 4017 3140 4088 τῷ
3165 4019 3268 4088 πρὸ
3289 4017 3473 4075 τούτου
3512 4018 3646 4085 μίαν
3676 4017 3891 4088 ἄμπελον

2353 4115 2536 4187 ἐδήλου
2567 4115 2765 4182 λέγων’
2804 4115 3104 4182 ’Ἄμπελον
3121 4111 3189 4175 ἐξ
3211 4107 3800 4178 Αἰγύπτου
3829 4109 3890 4159 'Ev

2349 4206 2406 4258 δὲ
2427 4209 2534 4268 τοῖς
2569 4205 2739 4272 Ὑπὲρ
2767 4202 2882 4257 τῶν
2908 4203 3110 4271 ληνῶν
3143 4201 3354 4264 πλείους
3396 4199 3546 4271 δηλοί
3580 4201 3794 4272 ληνοὺς,
3818 4200 3888 4267 δῃ-

2349 4294 2477 4365 λαδὴ
2509 4296 2765 4348 πλειόνων
2809 4293 3157 4364 ἀμπελώνων.
3189 4293 3251 4346 Et
3279 4293 3334 4346 δὲ
3379 4294 3471 4348 καὶ
3499 4294 3601 4364 τὴν
3673 4294 3886 4363 ἄμπελοι

701 4375 840 4428 ritis.
881 4370 991 4443 Ego
1021 4387 1136 4425 sum
1167 4371 1303 4434 vitis,
1331 4387 1419 4423 vos
1453 4371 1715 4439 palmites.
1759 4373 1862 4438 Qui
1888 4383 2058 4428 manet
2097 4377 2147 4428 in
2171 4392 2249 4430 me

697 4475 746 4519 et
774 4480 863 4534 ego
888 4465 941 4516 in
982 4479 1063 4527 eo,
1097 4471 1146 4515 et
1174 4461 1256 4514 hic
1296 4460 1394 4529 fert
1427 4462 1658 4528 fructum
1705 4465 1923 4516 multant
1954 4468 2114 4534 :quia
2138 4467 2247 4520 sine

2365 4475 2534 4544 νισμὸν
2563 4477 2659 4544 τῆς
2677 4475 2943 4546 προτέρας
2978 4477 3032 4527 ὲν
3060 4473 3359 4544 ἀνθρώποις
3389 4479 3641 4544 (ρυεῖσαν,
3681 4476 3883 4545 μάνθανε

698 4572 779 4610 me
803 4555 935 4609 nihil
979 4556 1192 4623 potestis
1235 4553 1369 4621 ferre
1392 4553 1458 4608 ⁸⁵.
1496 4551 1696 4607 Priscae
1727 4569 1863 4623 ergo
1905 4556 2050 4610 illius
2079 4557 2246 4611 vinea:

2365 4565 2498 4636 ταρά
2535 4565 2626 4618 τοῦ
2654 4566 2784 4619 Θεοῦ
2815 4568 2984 4634 Λόγου
3013 4567 3140 4636 περὶ
3160 4565 3322 4618 αὑτοῦ
3348 4564 3517 4618 ταῦτα
3547 4565 3880 4624 διδάσκοντῠῖ

700 4648 859 4702 llnem
890 4645 1178 4716 descripsit
1233 4644 1542 4714 praecedens
1586 4646 1861 4716 psalmus;
1901 4663 2030 4701 vera
2069 4657 2245 4705 autem

2365 4656 2501 4728 Ἐγώ
2550 4661 2663 4728 είμι
2709 4660 2746 4727 ἠ
2789 4659 3052 4726 ἄμπελος
3101 4658 3139 4724 ἡ
3181 4656 3458 4726 ἀληθινὴ,
3497 4661 3532 4711 ό
3565 4659 3770 4725 Πατήρ
3793 4675 3882 4725 μου

697 4741 857 4793 vinea
911 4752 1073 4807 quem
1123 4737 1317 4792 habeat
1359 4739 1622 4792 cultorem
1669 4746 1722 4794 et
1765 4741 2079 4809 agricolam,
2110 4759 2246 4813 quos

2365 4754 2387 4805 ὁ
2413 4753 2679 4824 γεωργός.
2707 4749 2836 4805 Πᾶν
2860 4748 3060 4818 κλῆμα
3085 4749 3171 4818 μὴ
3197 4749 3378 4818 φέρον
3407 4751 3648 4818 καρπὸν
3677 4750 3880 4816 ὲνὲμίξ.

697 4829 966 4900 palmites,
1006 4842 1144 4896 quas
1170 4829 1378 4895 botrus,
1414 4830 1671 4885 salutaris
1711 4830 1956 4886 doctrina
1987 4834 2244 4890 declarat.

2365 4841 2500 4909 αἴρει
2525 4844 2674 4897 αὐτό
2697 4859 2708 4872 ·
2759 4840 2857 4894 καὶ
2893 4840 3014 4896 πᾶν
3038 4841 3104 4894 τὸ
3145 4842 3373 4910 καρπὸν
3407 4843 3615 4912 φέρον,
3653 4844 3881 4908 malm

699 4921 774 4975 Ex
802 4920 965 4988 hujus
1013 4919 1194 4999 itaque
1242 4919 1554 4987 palmitibus
1583 4935 1676 4988 per
1728 4930 1899 4976 totum
1923 4925 2108 4980 orbem
2140 4925 2250 4979 dis-

2365 4933 2531 4993 αὐτὸ.
2573 4935 2671 4986 ἵνα
2734 4934 2962 5001 καρπὸν
3011 4935 3259 5009 πλείονα
3298 4935 3468 5004 φέρῃ.
3518 4933 3692 4998 Ἤδη.
3747 4930 3879 5000 ὑμεῖς

697 5012 938 5076 tributis,
967 5011 1137 5087 vineae
1165 5011 1473 5085 constitutae
1514 5019 1660 5078 sunt,
1692 5029 1920 5082 quarum
1947 5015 2157 5071 fructus
2193 5017 2247 5071 in

2365 5025 2591 5093 ῑαθαροί
2620 5024 2759 5077 ἐστε
2793 5024 2887 5078 διὰ
2923 5024 3027 5078 τὸν
3078 5027 3260 5096 λόγον
3296 5025 3368 5078 ὃν
3396 5022 3713 5093 λελάληκα
3749 5023 3876 5091 ὑμῖν.

697 5120 864 5160 unum
887 5103 1101 5159 collecti
1135 5103 1189 5157 in
1211 5103 1459 5158 ecclesiis
1482 5117 1577 5172 per
1599 5105 1784 5160 orbem
1815 5106 2075 5174 fundatis,
2108 5110 2248 5163 mul-

2365 5117 2597 5169 zslrats-
2649 5115 2718 5167 ἐν
2779 5114 2943 5183 ἐμοὶ,
3015 5116 3173 5187 κάγὼ
3200 5099 3306 5168 ’ἐν
3360 5113 3514 5182 ὑμῖν.
3594 5115 3795 5178 Καθὼς
3833 5111 3876 5161 τέ

696 5197 980 5252 titudinem
1032 5193 1383 5249 torcularium
1435 5193 1772 5250 invexerunt.
1821 5197 1935 5263 Qua
1971 5198 2040 5256 de
2081 5215 2247 5256 causa

2365 5205 2549 5275 ιλῆμα
2605 5207 2674 5259 οὐ
2725 5205 2968 5260 δύναται
3013 5206 3214 5276 φέρειν
3236 5205 3466 5273 καρπὸν
3515 5204 3622 5272 ἀφ’
3671 5203 3874 5258 iamsi.

695 5291 889 5362 psalmi
919 5288 1028 5344 Pro
1060 5286 1408 5342 torcularibus
1440 5288 1684 5358 inscripti
1709 5304 1804 5359 per
1827 5289 2088 5361 Spiritum
2117 5307 2247 5349 san.-

2365 5296 2455 5350 ῑῖὰν
2481 5297 2569 5366 μὴ
2604 5297 2778 5367 μείνῃ
2824 5297 2893 5350 ἐν
2934 5297 3004 5366 τῇ
3040 5296 3282 5368 ἀμπέλῳ
3302 5313 3314 5326 ⁸
3361 5297 3508 5350 οὕτω
3528 5341 3535 5347 .
3558 5298 3666 5350 καί
3720 5293 3874 5363 ύμεὶς.

696 5395 843 5440 ctum
873 5382 1182 5454 pr0pbetice
1213 5379 1550 5451 pronuntiati
1581 5390 1726 5435 sunt.

2365 5386 2454 5441 idr-
2491 5388 2575 5457 μὴ
2629 5387 2697 5440 ἐν
2733 5388 2860 5458 ἐμοὶ
2890 5390 3147 5458 μείνητε.
3205 5386 3342 5457 Ἐγώ
3372 5389 3484 5456 ειμι
3522 5387 3564 5453 ὴ
3615 5387 3870 5453 auulsi.

695 5477 862 5545 ὑμεῖς
902 5475 971 5528 τὰ
1025 5473 1312 5542 κλήματα.
1358 5471 1410 5522 Ὁ
1429 5472 1626 5539 μένων
1675 5475 1742 5527 ἐν
1784 5480 1934 5543 ἐμοὶ,
1973 5482 2131 5549 κάγὼ
2169 5480 2237 5533 ἐν
2273 5479 2447 5545 αὐτῷ,
2484 5483 2580 5535 καί
2643 5477 2817 5548 οὗτος
2845 5483 3004 5551 φέρει
3037 5482 3262 5551 καρπὸν
3283 5483 3511 5536 πολύν·
3575 5480 3672 5533 ὄτι
3730 5476 3872 5547 χωρὶς

695 5568 838 5636 ἐμοῦ
892 5567 960 5618 οὑ
1003 5563 1260 5617 δύνασθε
1311 5563 1528 5632 φέρειν.
1573 5565 1682 5635 Τῆς
1722 5567 1816 5634 μὲν
1861 5564 1950 5622 οὖν
1979 5572 2245 5643 προτέρας
2281 5573 2520 5643 ἀμπέλου
2547 5574 2614 5626 τὰ
2637 5572 2762 5644 τέλη
2800 5574 3133 5646 διέγραψενδ
3167 5573 3266 5644 πρὸ
3327 5573 3514 5626 τούτου
3579 5571 3866 5642 ψαλμιός·ἡ

696 5660 752 5712 δὲ
789 5655 1009 5725 ἀληθινὴ
1039 5652 1275 5724 ἄμπελος
1299 5656 1473 5706 ὁποῖον
1499 5655 1926 5728 ἐχειφυτουργδν
1961 5663 2051 5715 καὶ
2076 5664 2333 5736 γεωργὸν,
2371 5667 2462 5719 καὶ
2494 5667 2650 5718 ὁποῖα
2688 5665 2967 5736 κλήματα,
3014 5665 3104 5717 καὶ
3152 5665 3366 5728 ὁποίους
3423 5664 3638 5735 βότρυς,
3688 5666 3722 5728 ἡ
3783 5676 3864 5712 σω-

2349 4386 2447 4456 τὴν
2475 4387 2666 4456 καινὴν
2705 4386 2901 4454 γνῶναι
2948 4385 3278 4455 βουληθείης,
3331 4386 3427 4456 τὴν
3473 4383 3627 4455 μετά’
3649 4386 3744 4440 τὸν
3774 4387 3886 4450 ἀίξει-

772 5835 816 5868 ³⁸
851 5833 949 5889 lsa.
986 5852 1036 5900 v,
1071 5836 1118 5890 ί.
1197 5835 1238 5866 ⁸³
1279 5834 1432 5890 Joan.
1473 5855 1558 5904 xv,
1603 5841 1622 5894 l
1663 5849 1716 5894 ct
1746 5857 1881 5910 seqq
