3974 6354
100 474 183 530 973

1166 473 1665 532 COMMENTARIA
1704 474 1770 532 IN
1804 476 2132 532 PSALWS.

3144 478 3247 533 97b

97 592 256 661 τήριος
289 588 584 661 παρίστησι
639 588 969 660 διδασκαλία.
1010 588 1104 644 Ἐκ
1158 591 1262 646 τῶν
1290 592 1489 662 ταύτης
1547 591 1827 664 τοιγαροῦν
1861 593 2151 664 κλημάτων
2191 591 2529 672 διαδοθέντων
2559 591 2678 647 καθ’
2719 591 2845 664 ὅλης
2885 610 2980 666 της
3005 575 3252 666 οἰκουμέ-
3311 605 3316 613 ·

99 696 179 750 νης
221 679 546 750 συνέστησαν
577 680 920 752 ἀμπελῶνες·
959 683 1049 735 καὶ
1096 682 1298 737 τούτων
1325 685 1373 737 οἱ
1421 685 1619 756 καρποὶ
1656 685 1874 741 κατὰτὸ
1927 686 2059 740 αὐτὸ
2122 685 2545 756 συναγόμενοιέν
2570 687 2687 764 ταῖς
2724 687 2844 742 καθ’
2876 688 3003 760 ὅλης
3049 690 3260 761 τῆς-οι-

100 771 338 842 κουμένης
358 772 668 844 ἐκκλησίαις
712 773 840 827 πολὺ
867 773 1067 845 πλῆθος
1099 775 1498 845 ἀπειργάσαντο
1524 777 1724 849 ληνῶν·
1757 771 1830 832 ὧν
1851 777 2012 832 ἓνεκα
2071 777 2157 831 διὰ
2195 776 2288 832 τοῦ
2328 777 2480 844 ἁγίου
2518 777 2833 848 Πνεύματος.
2853 779 2902 831 oi
2932 779 3260 850 Ἐπιλήνιοι

101 863 273 933 ψαλμοὶ
306 865 650 936 προφητικῶς
675 866 1108 938 ἀνεφωνήθησαν.

157 979 484 1032 Σαλπίσατε
508 977 577 1031 ἐν
616 980 894 1050 νεομηνία
928 979 1229 1052 σάλπιγγι,
1269 983 1337 1038 ἐν
1377 985 1616 1056 εὐσήμῳ

1786 982 1949 1040 Vna.
1983 983 2036 1038 ι.
2065 982 2343 1038 Βιιεοιηαιε
2385 999 2441 1038 ut
2490 984 2755 1037 neomenia
2782 981 2928 1047 tuba,
2963 981 3019 1036 in
3066 982 3258 1054 insigni

103 1068 266 1137 ἡμέρᾳ
284 1068 494 1137 ἑορτῆς
516 1069 694 1139 ὑμῶν.
731 1070 940 1124 Ἐκάλει
966 1072 1063 1138 μὲν
1087 1075 1115 1126 ὁ
1146 1074 1298 1142 λόγος
1328 1077 1619 1148 ἀρχόμενος
1648 1088 1659 1104 ·

104 1158 180 1211 tsi
203 1158 511 1226 ἀγαλλίασιν
526 1175 539 1188 ·
580 1158 895 1230 προσέταττε
915 1161 974 1213 δέ
1002 1161 1284 1232 ἁλαλᾴζειν
1303 1202 1319 1227 ,
1350 1166 1620 1220 τουτέστιν

106 1249 246 1322 ὕμνον
311 1252 573 1304 ἐπινίκιον
637 1252 976 1322 ἀναπέμπειν
1031 1254 1108 1325 τῷ
1159 1256 1446 1324 ὣηλωθέντι
1504 1257 1623 1328 Θεῷ

113 1339 308 1394 Ἰακώό·
341 1337 457 1394 εἶτα
493 1340 682 1408 λόγους
730 1342 1134 1409 διδασκαλικοὺς
1181 1346 1624 1417 παραλαμϐάνον-

104 1446 200 1492 τας,
227 1430 399 1501 ἔργοις
425 1430 642 1494 τούτους
660 1432 1002 1505 ἀποπληροῦν
1025 1453 1037 1466 ·
1072 1435 1358 1506 πληρωτὰς
1392 1437 1447 1490 δὲ
1476 1455 1624 1505 γενο-

108 1521 271 1588 μένους
301 1520 406 1572 τῶν
428 1520 620 1589 έργων,
648 1521 744 1591 ἤδη
767 1521 948 1576 λοιπδν
973 1511 1066 1576 καὶ
1088 1525 1165 1586 είς
1193 1525 1394 1587 πάντας
1420 1525 1624 1596 ἀνθρώ-

105 1625 217 1671 nos;
263 1608 546 1680 κηρύττειν
583 1609 674 1662 καὶ
709 1607 986 1673 σαλπίζειν
1009 1649 1025 1674 ,
1067 1609 1273 1682 έξηχετν
1305 1627 1363 1662 τε
1412 1611 1506 1663 καὶ
1540 1610 1624 1676 ἐξ·

106 1698 336 1752 hmo-rw
374 1703 484 1762 τοῖς
515 1702 648 1754 πᾶσι
669 1705 838 1755 ποιεῖν
856 1701 917 1754 τὸ
945 1701 1289 1770 Εὑαγγέλιον·
1322 1701 1505 1773 ὥσπερ
1533 1699 1649 1766 οῦν,

104 1790 181 1841 καὶ
204 1793 230 1843 ό
264 1791 448 1862 Σωτὴρ
474 1792 861 1863 παρεκελεύετο
905 1793 1074 1860 λέγων
1104 1795 1216 1856 τοῖς
1254 1794 1415 1847 αὑτοῦ
1453 1795 1625 1867 μαθη-

105 1885 234 1945 ταῖς·
271 1885 330 1934 Ὅ
351 1886 438 1949 εὶς
470 1883 535 1936 τὸ
570 1880 676 1949 οὖς
710 1885 985 1947 ἀκούετε,
1029 1886 1360 1953 κηρύσσετε
1390 1886 1625 1941 ἐπὶτῶν

105 1973 374 2043 δωμάτων.
409 1976 500 2028 Διὸ
525 1976 765 2030 λέλεκται
785 1979 894 2040 τοῖς
917 1975 983 2030 τὰ
1011 1977 1200 2050 πρῶτα
1222 1978 1620 2050 ωτωρθωκὸσι·

105 2068 436 2122 Σαλκίσατε.
473 2066 595 2127 Πῶς
644 2068 701 2120 δὲ
743 2069 937 2131 αὐτοὺς
984 2068 1226 2138 βούλεται
1269 2069 1623 2141 σαλπίζειν,ἢ

107 2158 168 2219 ὡς
201 2157 475 2223 έσὰλπιζον
509 2156 670 2211 πάλαι
710 2159 968 2230 πρότερον
996 2160 1044 2211 oi
1077 2160 1172 2222 τὰς
1194 2161 1402 2224 εἰκόνας
1447 2163 1624 2215 έπιτε-

108 2247 316 2315 λοῦντες,
344 2250 439 2314 καὶ
466 2248 534 2305 τὰ
568 2248 808 2320 σύμὸολα
856 2251 948 2304 καῖ
967 2251 1092 2317 τοὺς
1117 2252 1319 2316 τύπους
1355 2253 1460 2306 τῶν
1496 2254 1627 2325 ἁλη-

1720 1072 1802 1128 die
1828 1074 2171 1128 solemuitatis
2197 1085 2397 1128 uestra.
2441 1073 2556 1128 Sub
2591 1073 2802 1127 initium
2832 1072 3046 1142 quidem
3078 1087 3257 1128 sermo

1722 1165 1790 1220 ad
1818 1166 2231 1221 exsultationem
2261 1164 2508 1229 vocabat,
2541 1178 2604 1220 ac
2620 1163 2849 1233 jubilare
2891 1163 3256 1235 pracipiebat,

1721 1256 1825 1310 hoc
1850 1264 1954 1320 est.
1986 1255 2360 1325 triumphalem
2412 1255 2670 1326 hymnum
2697 1261 2994 1309 memorato
3034 1253 3145 1310 Deo
3163 1252 3258 1310 Ja-

1722 1347 1824 1402 cob
1849 1348 2126 1422 emittere;
2150 1347 2342 1401 deinde
2367 1353 2616 1416 suscepta
2659 1346 2915 1400 doctrina:
2940 1345 3101 1401 verba
3129 1361 3259 1416 ope-

1722 1438 1873 1494 ribus
1904 1439 2126 1508 implere
2157 1457 2171 1494 :
2203 1437 2466 1493 absolutis
2503 1445 2681 1492 autem
2715 1437 2985 1507 operibus,
3014 1445 3125 1491 tum
3159 1437 3257 1493 de-

1723 1542 1869 1581 mum
1899 1526 2208 1582 hominibus
2234 1526 2528 1595 praedicare
2560 1534 2612 1581 et
2632 1526 2943 1591 buccinare,
2974 1525 3260 1583 vociferari

1723 1617 1849 1672 item
1877 1625 1931 1671 et
1957 1617 2012 1669 in
2035 1619 2274 1671 omnium
2317 1618 2538 1672 auribus
2569 1616 2917 1688 Evangelium
2966 1620 3216 1673 nuntiare
3241 1637 3258 1687 ;

1722 1705 2170 1776 quemadmodum
2219 1704 2474 1761 Servator
2526 1707 2808 1777 discipulis
2863 1708 3108 1779 praecipit
3145 1711 3260 1766 suis

1722 1796 1906 1850 dicens
1925 1814 1938 1850 :
1958 1795 2108 1861 Quod
2125 1797 2177 1849 in
2194 1812 2319 1850 aure
2340 1797 2854 1866 auditis,prwdicate
2870 1817 3024 1870 super
3036 1811 3171 1857 tecta
3190 1803 3271 1858 “.v

1724 1880 2078 1952 Quamobrem
2099 1887 2165 1941 iis
2176 1887 2265 1957 qui
2282 1886 2460 1956 priora
2475 1896 2616 1944 recte
2628 1901 2928 1967 gesserant,
2943 1892 3145 1948 dictum
3154 1903 3258 1950 est:

1724 1979 2022 2032 Buccinate.
2059 1977 2176 2045 Qua
2220 1987 2398 2035 autem
2427 1980 2636 2036 ratione
2677 1981 2826 2050 ipsos
2853 1984 3140 2041 buccinare
3165 2001 3262 2040 vo-

1725 2069 1904 2130 luerit,
1938 2068 2044 2122 nisi
2088 2085 2196 2139 qua
2235 2070 2363 2125 olim
2392 2077 2446 2125 et
2474 2072 2779 2142 antiquitus
2807 2073 2900 2143 qui
2933 2075 3045 2129 veri
3072 2075 3262 2146 imagi-

1725 2176 1866 2223 nem,
1889 2159 2129 2230 symbola
2156 2169 2208 2215 et
2235 2162 2699 2239 signagerebant?
2723 2161 3084 2219 Buccinabant
3100 2180 3263 2234 porro

1721 2252 1802 2305 illi
1846 2252 1901 2304 in
1953 2251 2256 2315 neomenia,
2305 2263 2359 2307 et
2410 2253 2466 2307 in
2507 2255 2706 2325 insigni
2733 2254 2819 2310 die
2860 2256 3213 2313 solemnitatis
3242 2298 3258 2312 .

108 2340 224 2406 66w;
251 2340 560 2404 Ἐσάλπιζον
709 2342 903 2394 ἐκεῖνοι
941 2343 998 2395 έν
1027 2315 1420 2416 νεομηνίᾳκαὶ
1445 2346 1506 2420 έν
1535 2315 1625 2399 εύ-

1727 2339 1884 2409 idque
1912 2339 2140 2408 agebant
2163 2340 2391 2409 septimo
2424 2315 2644 2406 mense:
2658 2357 2764 2412 quo
2798 2343 3125 2414 congregati,
3152 2341 3262 2398 Tu-

112 2431 244 2501 σὴμῳ
263 2433 438 2504 ἡμέρᾳ
462 2432 673 2503 ἑορτῆς.
703 2431 813 2487 Καὶ
860 2432 1001 2486 τοῦτ’
1043 2434 1305 2505 ἔπραττον
1350 2437 1486 2490 κατὰ
1539 2437 1628 2490 τὸν

107 2520 304 2592 ῑὸδομον
346 2525 508 2595 μῆνα,
561 2527 619 2578 έν
665 2518 709 2593 ᾧ
751 2525 1146 2596 συνερχόμενοι,
1175 2528 1272 2597 τὴν
1300 2528 1486 2599 έορτὴν
1521 2528 1628 2581 τῶν

109 2611 395 2684 Σαλπίγγων
425 2615 724 2681 ἐπετέλουν,
749 2615 893 2680 ἅπαξ
915 2615 1003 2669 τοῦ
1021 2615 1261 2672 ἐνιαυτοῦ
1285 2617 1439 2673 τοῦτο
1459 2619 1628 2691 πράτ-

105 2723 281 2771 τοντες.
315 2711 473 2779 Λέγει
501 2711 545 2764 δ’
578 2708 669 2766 οὖν
701 2717 734 2784 ἡ
759 2716 940 2786 γραφὴ
959 2714 1050 2769 τοῦ
1072 2716 1232 2784 νόμου
1255 2731 1268 2745 ·
1297 2713 1406 2770 Τοῦ
1437 2714 1626 2783 μηνὸς

110 2798 196 2852 τοῦ
218 2799 478 2870 ἑϐδόμου,
499 2803 609 2878 μιᾷ
626 2805 731 2858 τοῦ
752 2806 960 2875 μηνὸς,
995 2805 1164 2860 ἔσται
1199 2805 1339 2874 ὑμῖν
1363 2805 1628 2860 ἀνάπαυ-

110 2907 208 2957 σις,
230 2894 616 2962 μνημόσυνον
644 2898 1006 2967 σαλπίγγων
1050 2897 1239 2966 κλητὴ
1272 2898 1416 2968 ἁγία
1459 2883 1628 2955 ἔσται

111 2983 243 3050 ὑμῖν.
289 2984 469 3048 Οὕτως
520 2980 610 3040 οὖν
659 2986 843 3059 ὥσπερ
899 2985 959 3041 ἔν
1008 2991 1071 3059 τῇ
1095 2990 1348 3061 νεομηνία
1390 2993 1458 3061 τῇ
1509 2990 1628 3043 τότε

112 3073 388 3142 ἰσαλπιζον,
431 3076 672 3147 βούλεται
701 3080 794 3132 καὶ
820 3077 915 3132 νῦν
944 3080 1069 3143 τοὺς
1099 3081 1460 3152 κεκλημένους
1498 3082 1626 3136 σαλ-

113 3164 278 3230 πίζειν.
304 3163 409 3222 Ἦν
431 3169 488 3222 δὲ
512 3169 744 3241 ὴὴμέρα
767 3170 989 3242 έκεῖνηή
1012 3174 1109 3242 τῆς
1141 3173 1329 3243 ἑορτῆς
1360 3173 1464 3226 τῶν
1493 3174 1625 3227 Σαλ-

118 3254 567 3330 πίγγωνιεῦσημος
596 3258 806 3330 ἡμέρα·
849 3256 993 3327 λέγει
1037 3259 1082 3312 δ’
1123 3255 1214 3314 οῦν
1253 3259 1456 3330 Μωσῆς
1502 3257 1628 3332 περὶ

119 3347 258 3417 nisi};
275 3365 288 3378 ·
319 3346 448 3403 Πᾶν
475 3350 654 3418 ἔργον
680 3351 1006 3418 λατρευτὸν
1028 3354 1098 3406 οὐ
1122 3350 1420 3420 ποιήσετε.
1469 3351 1629 3422 Ἡμέ-

115 3452 172 3498 ρα
189 3437 483 3506 σημασίας
505 3437 674 3491 ἔσται
693 3439 851 3508 ὑμῖν.
873 3439 963 3493 Διὸ
984 3442 1076 3495 καὶ
1103 3442 1330 3496 ἐνταῦθα
1345 3442 1626 3496 λέλεκται·

124 3525 202 3578 Ἐν
225 3527 463 3599 εὐσήμφ
491 3527 679 3598 ἡμέρᾳ
726 3530 936 3599 ἑορτῆς
977 3531 1159 3600 ὑμῶν.
1200 3529 1306 3586 Ἦν
1325 3529 1418 3587 οὖν
1450 3533 1629 3606 ἡμέρα

114 3616 323 3690 εὖσημος
375 3621 468 3674 καὶ
515 3622 673 3693 ἑορτὴ
730 3621 937 3686 οὐδενὸς
980 3625 1169 3695 ἑτέρου
1206 3625 1623 3695 ἢ-σαλπίγγων·

115 3710 241 3765 ἔνθεν
264 3712 358 3766 καὶ
379 3711 696 3781 Σαλπίγγων
715 3713 874 3784 ἑορτὴ
900 3713 1145 3784 κέκλητο.
1169 3715 1346 3786 Τριῶν
1370 3716 1427 3768 δὲ
1455 3716 1632 3770 ούσῶν

114 3802 288 3874 ἑορτῶν
320 3804 459 3859 κατά
487 3805 579 3859 τὸν
622 3806 783 3860 αὐτὸν
819 3807 992 3877 μῆνα·
1027 3806 1245 3880 πρώτης
1277 3808 1373 3878 μὲν
1398 3807 1496 3877 τῆς
1524 3808 1631 3861 τῶν
1673 3867 1679 3877 ι

115 3893 404 3965 Σαλπίγγων
442 3897 498 3949 έν
548 3899 612 3968 τῇ
643 3898 903 3970 νεομηνία⁸
948 3897 1398 3970 συντελουμένης·
1444 3900 1632 3971 ἑτέρας

113 3984 158 4039 δι
180 3987 267 4060 τῆς
293 3989 394 4043 τοῦ·
421 3988 665 4060 Ίλασμοῦ
699 3992 756 4045 έν
784 3995 848 4062 τῇ
875 3979 1085 4065 ’δεκάτῃ
1117 3992 1296 4064 ἡμέρᾳ
1331 3992 1420 4047 τοῦ
1468 3993 1633 4064 μηνὸς

113 4077 432 4150 γιγνομένης·
469 4078 562 4132 καὶ
591 4079 777 4150 τρίτης
801 4080 897 4150 τῆς
927 4080 1038 4158 τῶν.
1063 4081 1282 4151 Σκηνῶν
1301 4099 1314 4112 ·
1353 4065 1515 4154 μόνην
1535 4081 1632 4152 τὴν

114 4162 203 4215 τῶν
237 4165 552 4234 Σαλπίγγων
582 4167 860 4238 μιμεῖσθαι
898 4169 1104 4224 κελεύει
1132 4172 1352 4240 φάσκων
1371 4189 1386 4202 ·
1416 4173 1635 4227 Σαλπι-

115 4268 238 4307 σοτε
260 4255 327 4308 ἐγ
365 4258 646 4324 νεομηνία
678 4255 987 4327 σάλπιγγι·
1026 4261 1349 4331 σαφέστερον
1382 4262 1438 4316 δὲ
1466 4263 1634 4324 οὓτως

115 4342 170 4394 ἂν
193 4341 354 4399 εἷπεν.
376 4346 582 4416 Ὥσπερ
612 4349 668 4400 ὲν
699 4351 762 4420 τῇ
785 4350 1041 4421 νεομηνία
1065 4351 1348 4417 έσάλπιζόν
1385 4373 1512 4408 ποτε
1540 4375 1632 4409 πε-

117 4435 426 4507 ριτρέχοντες
450 4437 628 4492 πάντα
653 4438 811 4493 τόπον
839 4441 918 4504 εἰς
949 4441 1007 4493 τὺ
1036 4442 1272 4513 σημῆναι
1297 4445 1394 4517 τὴν
1423 4446 1632 4516 ἑορτὴν,

116 4525 189 4577 τὸν
211 4527 361 4582 αὐτὸν
392 4527 586 4599 τρόπον
618 4529 711 4581 καὶ
741 4529 918 4600 ὑμεῖς,
948 4526 1025 4594 οἷς
1045 4533 1072 4585 ό
1103 4531 1255 4599 λόγος
1292 4534 1632 4605 προστάττει,

117 4621 446 4675 σολπίσατε.
481 4621 826 4683 Βούλεταιδὲ
860 4623 984 4686 τοὺς
1030 4624 1272 4693 κήρυκας
1318 4625 1424 4680 τῶν
1470 4625 1635 4680 ἐθνῶν

121 4709 180 4779 μὴ
201 4713 310 4774 ταῖς
327 4711 536 4774 λοιπαῖς
564 4711 846 4782 προσέχειν
876 4712 1184 4777 Ἰουδαῖκαῖς
1207 4717 1633 4786 παρατηρήσεσι,

121 4801 244 4872 μόνῳ
275 4804 329 4857 δὲ
355 4804 588 4875 χρῆσθαι
635 4803 709 4873 τῷ
748 4805 1091 4878 κηρύγματι,
1126 4805 1217 4858 καὶ
1254 4804 1526 4872 σαλπίζειν
1559 4810 1638 4872 εἰς

121 4889 338 4956 ἅπαντας
381 4894 696 4967 ἀνθρώπους
735 4897 825 4950 τὸν
864 4899 1120 4970 σωτήριον
1159 4895 1249 4950 καὶ
1291 4897 1637 4966 εύαγγελικὸν

1723 2426 2332 2488 barum'solemnitatem
2362 2431 2706 2487 celebrabant
2741 2451 2754 2488 :
2787 2433 2946 2504 idque
2974 2434 3136 2490 semel
3166 2450 3260 2506 per

1699 2538 1925 2578 .annum
1954 2522 2305 2592 prmstabant.
2330 2522 2419 2576 Ait
2444 2539 2572 2594 ergo
2600 2526 2732 2596 legis
2761 2527 3056 2596 scriptura:
3091 2525 3263 2581 Mense

1724 2615 1960 2685 septimo,
1991 2615 2163 2684 prima
2188 2615 2377 2670 mentis
2411 2616 2511 2670 erit
2538 2617 2680 2692 nobis
2704 2619 2923 2689 requies,
2969 2619 3266 2674 memoria“

1726 2705 2006 2760 tubarum:
2030 2707 2300 2761 vocabitur
2330 2719 2518 2762 sancta
2539 2709 2678 2763 vobis
2701 2709 2766 2762 ⁸⁷.
2794 2707 2863 2762 Ut
2885 2708 3045 2778 igitur
3060 2709 3117 2762 in
3135 2724 3265 2763 neo-

1724 2799 1902 2853 menia
1933 2798 2023 2852 illa
2053 2801 2392 2871 clangebant,
2425 2800 2497 2852 ita
2514 2800 2823 2854 etiamnunc
2839 2809 3057 2854 vocatos
3087 2802 3260 2855 bucci-

1725 2905 1854 2945 nare
1869 2888 2166 2961 cupit.Erat
2178 2899 2353 2946 autem
2371 2890 2486 2945 dies
2504 2890 2590 2943 illa
2607 2883 2957 2946 solemnitatis
2971 2888 3260 2954 Tubarum,

1725 2979 1842 3037 dies
1875 2982 2197 3052 conspicua;
2229 2980 2405 3050 aitque
2438 2978 2504 3035 de
2537 2980 2626 3034 illa
2655 2979 2863 3051 Moyses
2891 2999 2903 3035 :
2936 2978 3099 3033 Omne
3137 2995 3262 3048 opus

1726 3072 1910 3127 servile
1945 3089 2046 3126 non
2084 3073 2320 3142 facietis:
2360 3071 2469 3126 dies
2521 3071 2831 3126 celebritatis
2883 3076 2980 3128 erit
3019 3076 3158 3130 vobis
3192 3078 3260 3131 ⁸⁸.

1726 3164 2065 3236 Quapropter
2095 3165 2183 3220 hic
2222 3181 2435 3237 quoque
2473 3163 2670 3218 dicitur
2697 3183 2710 3218 :
2746 3163 2812 3218 In
2842 3165 3035 3237 insigni
3062 3167 3145 3222 die
3173 3184 3261 3221 so-

1727 3257 2012 3310 lemnitatis
2047 3266 2247 3312 vestra.
2283 3256 2411 3312 Erat
2447 3271 2575 3329 ergo
2605 3257 2837 3328 insignis
2864 3258 2980 3313 dies
3012 3267 3065 3313 et
3095 3258 3266 3316 festus

1727 3347 1875 3415 dies,
1919 3363 2025 3403 non
2066 3349 2205 3405 alius
2242 3350 2319 3404 rei
2363 3365 2524 3420 quam
2566 3350 2858 3405 tubarum:
2892 3366 3059 3421 quare
3091 3351 3271 3407 Tuba-

1728 3455 1847 3493 rum
1880 3421 2074 3495 festum
2097 3440 2410 3494 vocabatur.
2440 3439 2573 3495 Cum
2606 3449 2785 3494 autem
2809 3448 2922 3497 tres
2951 3451 3134 3498 essent
3174 3460 3270 3500 eo-

1730 3529 1852 3586 dem
1881 3531 2065 3586 menSe
2109 3529 2495 3596 solemnitates,
2536 3531 2712 3602 prima
2739 3529 3031 3598 Tubarum,
3064 3549 3183 3604 quas
3213 3537 3269 3590 in

1654 3650 1697 3708 ο
1731 3618 2010 3674 neomenia
2027 3618 2429 3685 celebrabatur;
2463 3615 2698 3674 secunda
2729 3615 3154 3688 Propitiationis,
3183 3619 3270 3673 dc-

1732 3709 1873 3764 cima
1893 3709 1981 3764 die
2001 3707 2397 3775 mensis;tertia
2413 3705 2905 3763 Tabernaculorum
2930 3725 2944 3773 ;
2974 3708 3144 3762 solam
3161 3705 3270 3761 Tu-

1730 3801 1918 3858 barum
1952 3802 2093 3858 diem
2125 3801 2322 3857 imitari
2355 3799 2596 3872 pracipit
2623 3799 2810 3856 dicens
2843 3817 2856 3852 :
2891 3799 3171 3854 Buccinate
3214 3801 3270 3854 in

1731 3895 2001 3947 neomenia
2035 3894 2198 3956 tuba;
2226 3894 2369 3962 quod
2399 3892 2598 3958 clarius
2627 3890 2702 3945 ita
2732 3890 3044 3960 protulisset
3072 3908 3085 3943 :
3120 3887 3272 3944 Sicut

1732 3983 1860 4038 olim
1893 3983 1947 4036 in
1977 3983 2262 4038 neomenia
2283 4023 2298 4049 ,
2327 3984 2505 4038 locum
2534 3996 2746 4038 omnem
2776 3981 3270 4052 circumcursantcs

1730 4072 2122 4136 buccinabant,
2154 4079 2212 4125 ut
2236 4069 2428 4127 festum
2455 4070 2755 4125 indicarent
2780 4088 2794 4136 ;
2824 4070 3069 4126 similiter
3093 4080 3147 4125 et
3170 4086 3268 4127 vos

1730 4163 1823 4235 qui
1861 4163 2124 4232 jubemini
2146 4202 2161 4226 ,
2207 4162 2491 4216 buccinate.
2521 4160 2647 4216 Vult
2677 4176 2839 4232 porro
2871 4161 3106 4232 gentium
3137 4177 3277 4232 pra-

1731 4267 1925 4316 cones,
1968 4267 2078 4305 non
2110 4252 2318 4306 caeteris
2345 4249 2607 4318 Judaicis’
2648 4251 3114 4308 observationibus
3158 4252 3278 4307 an’:

1732 4359 1879 4398 mum
1919 4343 2178 4398 adhibere
2197 4382 2214 4409 ,
2263 4343 2357 4399 sed
2385 4343 2500 4400 sola
2528 4342 2912 4412 pradicatione
2939 4343 3048 4406 uti,
3078 4349 3134 4396 et
3159 4357 3275 4396 omo

1733 4437 1891 4491 nibus
1933 4433 2242 4490 hominibus
2284 4435 2520 4489 salutare
2549 4442 2602 4490 et
2637 4435 3004 4504 evangelicum
3050 4433 3273 4486 verbum

1732 4527 2041 4583 buccinare.
2085 4525 2288 4582 Horum
2317 4541 2550 4596 namque
2601 4527 2841 4595 symbola
2875 4523 3090 4593 Moyses
3125 4524 3275 4579 insti-

1733 4619 1918 4674 tuebat
1937 4659 1952 4683 ,
1975 4625 2198 4688 eratque
2225 4626 2545 4688 praeceptum
2571 4617 2624 4669 in
2648 4614 2809 4670 Israel
2857 4613 3042 4684 (Vens.
3078 4614 3131 4683 5)
3160 4613 3275 4682 lege

1733 4709 2000 4766 sancitum
2031 4710 2175 4780 quod
2221 4709 2512 4764 buccinare
2552 4713 2851 4775 oporteret,
2889 4703 3101 4773 dieique
3141 4703 3275 4765 festi

1734 4807 1950 4872 tempus
1979 4803 2108 4856 tuba
2135 4799 2389 4856 omnibus
2422 4797 2746 4868 signiﬁcare.
2781 4795 2896 4851 Hoc
2924 4811 3052 4851 vero
3082 4809 3277 4866 praece-

1737 4901 1888 4962 ptum
1918 4909 1983 4946 ex
2007 4891 2213 4962 judicio
2237 4929 2250 4953 ,
2295 4889 2573 4943 voluntate
2616 4895 2669 4942 et
2717 4887 2935 4942 decreto
2983 4885 3074 4941 Dei
3105 4884 3272 4941 Jacob

118 4976 271 5046 λόγον.
303 4983 518 5037 Τούτων
548 4981 656 5055 γὰρ
687 4983 864 5037 αὐτῶν
902 4985 970 5038 τὰ
1017 4985 1256 5056 σύμϐολα
1299 4985 1390 5039 καὶ
1433 4987 1631 5058 Μωσῆς

1735 4983 2012 5038 edebatur.
2061 4981 2177 5049 Ipse
2216 4995 2448 5052 namque
2480 4980 2621 5036 Beus
2641 5019 2656 5042 ,
2689 4980 2782 5050 qui
2829 4978 3032 5034 Iacobo
3059 4978 3186 5030 olim
3215 4977 3273 5030 in

119 5067 299 5136 ἐποίει,
333 5074 425 5128 καὶ
472 5069 542 5145 ἦν
579 5075 898 5147 πρόσταγμα
927 5075 1004 5146 τῷ
1040 5077 1249 5148 Ἰσραὴλ
1294 5077 1437 5141 ίδίως
1479 5077 1635 5134 τοῦτο

120 5163 608 5237 νενομοθετημένον,
646 5167 707 5220 τὺ
749 5167 855 5221 δεῖν
895 5166 1204 5235 σαλπίζειν,
1261 5168 1363 5224 καῖ
1404 5169 1491 5222 διὰ
1538 5171 1634 5241 τῆς

122 5249 387 5320 σάλπιγγος
423 5245 704 5326 σημαίνειν
738 5260 849 5321 τοῖς
879 5260 1010 5314 πᾶσι
1047 5260 1144 5330 τὴν
1167 5257 1260 5312 τοῦ
1295 5258 1482 5330 καιροῦ
1517 5260 1636 5330 ἑορ-

120 5339 216 5409 τήν.
238 5340 306 5394 Th
335 5342 392 5394 δὲ
433 5344 757 5416 πρόσταγμα
799 5345 955 5400 τοῦτο
993 5347 1129 5401 κατὰ
1183 5348 1358 5420 κρίσιν
1399 5347 1633 5415 ἐγένετο,

121 5433 196 5484 καὶ
218 5433 350 5486 κατά
379 5432 620 5505 βούλημα
640 5437 732 5490 καὶ
758 5441 926 5509 κρῖμα
955 5440 1046 5492 τοῦ
1071 5440 1202 5493 Θεοῦ
1237 5438 1444 5494 Ἰακώϐ.
1467 5441 1635 5503 Αὐτὸς

1735 5074 1833 5129 νιτί
1851 5073 2028 5142 specie
2073 5081 2128 5127 et
2171 5071 2343 5128 forma
2387 5074 2537 5129 visus
2575 5080 2690 5136 est,
2740 5072 2829 5126 hic
2881 5078 2996 5125 erat
3019 5069 3110 5138 qui
3145 5067 3274 5122 olim

1745 5165 1932 5221 istbasc
1953 5165 2208 5234 populum
2233 5164 2405 5219 lacere
2417 5163 2647 5234 ﬁgurate
2672 5179 2765 5234 per
2787 5161 3015 5231 Moysem
3029 5157 3270 5226 jubebat.

1736 5255 1888 5323 Quod
1916 5264 2094 5312 autem
2113 5256 2402 5312 buccinare
2430 5256 2547 5319 hic,
2572 5257 2806 5309 clamare
2837 5261 2888 5309 et
2916 5251 3164 5305 omnibus
3185 5265 3277 5303 an-

1737 5347 2006 5410 nuntiare,
2032 5347 2316 5417 signiﬁcet,
2339 5347 2496 5402 docet
2521 5345 2772 5400 Servator
2790 5344 2873 5398 his
2902 5342 3080 5397 verbis
3104 5361 3115 5394 :
3143 5340 3287 5394 Cum.

1739 5439 1869 5508 facis
1905 5439 2282 5509 elecmosynant
2303 5478 2318 5502 ,
2350 5439 2458 5492 noli
2496 5437 2620 5491 tuba
2656 5451 2834 5489 canere
2865 5444 2986 5489 ante
3023 5443 3069 5488 te
3102 5433 3166 5485 ⁸⁸.

120 5525 207 5596 γὰρ
247 5526 320 5597 τῷ
357 5526 556 5582 Ἰακὼϐ.
588 5527 772 5598 ὀφθεὶς
807 5532 968 5585 πάλαι
1001 5532 1130 5596 Θεὸς
1167 5535 1224 5585 ὲν
1268 5533 1455 5601 ἀνδρὸς
1493 5534 1620 5586 εῖδει
1660 5535 1750 5587 καὶ
1779 5533 2036 5604 σχήματι,
2061 5526 2210 5595 οὗτος
2235 5527 2302 5601 ἦν
2329 5533 2356 5583 ὁ
2384 5531 2550 5585 ταῦτα
2573 5530 2664 5582 καὶ
2698 5527 2784 5581 διὰ
2813 5528 3050 5586 Μωσέως
3087 5527 3272 5578 εἰκονι-

122 5619 211 5682 κῶς
245 5621 319 5692 τῷ
371 5620 485 5692 λαῷ
537 5621 792 5692 πράττειν
825 5623 1226 5695 διαταξάμενος.
1269 5625 1385 5678 ’Ὁτι
1429 5624 1484 5676 δὲ
1531 5625 1592 5678 τδ
1631 5625 1902 5687 σαλπίζειν
1942 5625 2062 5678 ἀντὶ
2113 5624 2206 5678 τοῦ
2244 5623 2368 5694 βοᾷν
2400 5623 2490 5676 καὶ
2524 5623 2600 5684 είς
2662 5620 2866 5705 πάντας
2895 5615 3274 5684 καταγγέλλειν

121 5705 364 5778 λέλεκται,
386 5712 630 5794 ,διδάσκει
678 5716 706 5766 ὁ
757 5714 942 5786 Σωτὴρ
983 5715 1186 5784 λέγων·
1233 5718 1402 5769 Ὅταν
1439 5715 1612 5783 ποιῇς
1646 5715 2076 5785 ἐλεημοσύνην,
2108 5715 2193 5784 μὴ
2230 5717 2534 5781 σαλπίσῃς
2557 5711 2886 5781 ἔμπροσθέν
2920 5725 3054 5764 σου.

171 5866 212 5900 ⁸⁸
246 5869 426 5926 Matth.
463 5868 530 5934 ι,
563 5867 651 5925 97.
726 5872 769 5903 ⁸⁷
807 5871 974 5928 chit.
1012 5883 1175 5940 mn,
1212 5874 1296 5928 ﬁl.
1376 5875 1417 5905 "
1458 5872 1581 5927 ch.
1619 5891 1631 5927 ι

1725 5890 1780 5939 ηι,
1822 5875 1869 5929 7.
1945 5873 1987 5905 ⁸⁸
2027 5872 2212 5927 Matth.
2251 5889 2333 5935 γι,
2366 5874 2417 5924 2.
