3974 6354
633 371 740 429 979

1313 374 1577 433 EUSEBII
1611 371 2085 433 CESABIENSIS
2123 371 2273 430 OPP.
2315 372 2498 429 PARS
2534 375 2622 433 Ill.
2647 373 3138 433 -—EXEGET1CA.

3731 377 3838 432 980

634 487 898 541 ambulent
928 489 979 541 in
1011 488 1244 543 consiliis
1274 492 1404 545 suis.
1460 489 1597 546 Hinc
1625 489 1840 545 divinus
1890 487 2181 558 Apostolus
2210 543 2211 547 η

2313 489 2590 553 κοπιάτως
2611 489 2759 556 ἕξετε
2783 491 2874 545 καὶ
2895 482 3330 563 πεπληρωμένοις
3353 489 3452 554 τὰς
3470 490 3698 563 τροφὰς,
3725 493 3836 544 εἴτε

634 579 704 634 de
734 580 1054 649 quibusdam
1081 581 1237 638 docet
1273 598 1285 634 :
1324 582 1549 652 Propter
1600 582 1738 653 quod
1791 581 2012 642 tradidit
2060 580 2179 634 illos

641 669 776 723 Deus
806 671 860 722 in
894 671 1152 726 desideria
1180 672 1352 728 cordis
1381 690 1560 730 eorum
1593 674 1657 727 "'.
1683 671 1794 727 Pro
1837 672 1928 726 illo
1977 679 2177 735 autem,

641 760 762 814 Non
786 765 884 816 erit
905 764 960 816 in
986 773 1034 817 te
1054 763 1193 819 Deus
1226 782 1399 819 recens
1421 782 1439 818 :
1470 765 1685 832 Aquila,
1742 762 1863 817 Non
1904 765 2001 818 erit
2048 766 2104 818 in
2135 773 2182 818 te

638 853 788 921 fortis
809 853 1046 918 alienus;
1072 854 1427 926 Symmachus
1451 871 1578 910 vero
1604 873 1616 907 :
1638 853 1758 909 Non
1783 857 1851 909 sit
1881 857 1936 909 in
1965 867 2014 910 te
2043 856 2181 930 Deus

635 955 910 1001 extraneas
947 987 962 1012 ,
1018 949 1354 1016 interpretati
1405 955 1532 1002 sunt
1595 946 1922 1003 Extraneum
1953 957 2129 1003 autem
2167 968 2178 1002 :

638 1038 871 1092 alienum
897 1046 951 1091 et
984 1045 1255 1092 recentem
1284 1036 1472 1102 Deum,
1509 1040 1605 1108 qui
1647 1037 1772 1103 talis
1802 1038 1944 1108 apud
1999 1045 2184 1108 gentes

638 1128 777 1183 falso
825 1134 1141 1198 reputatur,
1195 1127 1514 1196 nominavit,
1556 1129 1854 1182 multorum
1902 1129 2185 1182 numinum

639 1219 998 1275 idololatriam
1026 1221 1105 1273 sic
1137 1219 1362 1288 carptim
1387 1233 1712 1274 memorans.
1739 1217 1946 1284 Quibus
1968 1218 2147 1275 subdit
2171 1240 2183 1274 :

641 1310 752 1381 Ego
786 1312 924 1365 enim
949 1316 1072 1363 'sum
1129 1309 1382 1363 Dominus
1414 1309 1552 1363 Deus
1598 1318 1739 1374 tuus,
1787 1309 2071 1366 declarans
2131 1327 2190 1367 se

641 1417 816 1472 neque
840 1409 1176 1465 extraneum,
1211 1414 1386 1470 neque
1434 1400 1687 1464 alienum,
1724 1415 1899 1470 neque
1918 1409 2188 1458 recentem

644 1494 810 1549 Deum
833 1508 973 1548 esse.
1006 1490 1132 1545 Erat
1163 1493 1361 1563 quippe
1393 1506 1558 1546 unum
1607 1501 1660 1547 et
1707 1491 1850 1548 idem
1909 1491 2003 1549 Dei
2052 1491 2189 1550 Ver-

643 1584 793 1646 bum,
823 1582 966 1652 quod
995 1583 1122 1638 olim
1146 1583 1507 1639 diversimode
1545 1585 1782 1655 antiquis
1831 1584 1939 1640 illis
1972 1585 2191 1640 oracula

644 1675 922 1740 fundebat,
953 1677 1205 1746 quodque
1236 1675 1379 1732 Deus
1399 1674 1568 1732 Jacob
1590 1684 1836 1741 vocatur,
1869 1678 2012 1746 quod
2063 1678 2190 1732 item

647 1768 700 1820 in
728 1767 1189 1821 consummatione
1242 1768 1561 1822 saeculorum
1593 1765 1649 1820 in
1695 1772 1840 1820 terra
1859 1767 2032 1821 visum
2087 1775 2188 1822 est.

2279 579 2376 642 τὰς
2398 579 2492 632 τοῦ
2523 578 2787 651 σώματος,
2819 580 2927 635 εἴτε
2966 583 3057 636 καὶ
3084 581 3186 646 τὰς
3208 581 3292 636 διὰ
3312 581 3469 636 θείων
3498 583 3838 654 μαθημάτων

2281 669 2346 740 τῇ
2377 669 2520 740 ψυχῇ
2554 672 2974 742 χορηγουμένας.
3024 670 3161 741 Ἐγὼ
3195 674 3290 743 μὲν
3317 667 3407 725 οὖν
3446 671 3617 726 ταῦτα
3662 674 3838 743 παρῄ-

2282 778 2402 814 νουν
2435 763 2528 814 καὶ
2558 762 2994 834 ὲπηγγελλόμην’
3022 763 3070 816 οἱ
3105 763 3161 816 δὲ
3192 764 3289 815 οὐκ
3331 763 3525 833 ήκουον
3553 764 3652 834 τῆς
3696 763 3839 831 ἐμῆς

2284 851 2497 921 φωνῆς·
2547 851 2641 904 καὶ
2681 853 2710 903 6
2751 851 3014 907 τοσούτων
3063 851 3460 924 κατηξιωμένος
3509 852 3838 922 εὐεργεσιῶν

2295 942 2510 1015 Ἰσραὴλ
2550 943 2610 995 οὐ
2681 931 2946 1014 προσέσχε
3003 962 3119 1015 μοι·
3182 944 3301 997 ὅθεν
3348 943 3572 1006 εἰκότως
3618 942 3837 1008 ἐξαπέ-

2285 1038 2494 1090 στειλα
2528 1036 2748 1100 αὐτοὺς
2776 1036 2921 1088 κατὰ
2946 1035 3018 1089 τὰ
3063 1034 3493 1104 ἐπιτηδεύματα
3529 1033 3649 1087 τῶν
3696 1049 3835 1102 reap-

2285 1124 2427 1178 διῶν
2446 1126 2659 1180 αὐτῶν.
2677 1127 2815 1179 Ἀνθ’
2831 1119 2888 1179 οῦ
2909 1125 3244 1197 ὁιΣύμμαχος
3275 1128 3611 1198 ἡρμήνευσεν
3637 1124 3838 1178 εεπιὶιν·

2281 1220 2404 1287 οὐχ
2435 1219 2746 1286 ὑπήκουσε
2782 1218 2850 1271 δὲ
2889 1221 2922 1272 ό
2969 1220 3116 1283 λαός
3152 1236 3270 1288 μου
3302 1219 3413 1286 τῆς
3453 1216 3658 1286 φωνῆς
3696 1232 3839 1285 μου,

2290 1311 2387 1366 καὶ
2423 1314 2656 1383 Ἰσραὴλ
2679 1316 2788 1368 οὐκ
2821 1313 3064 1380 ἐπείσθη
3091 1329 3189 1381 μοι
3251 1305 3598 1381 Άφῆκαοῦν
3617 1307 3844 1373 αὐτοὺς

2289 1403 2362 1471 τῇ
2389 1405 2666 1473 ἀρεσκείᾳ
2727 1405 2837 1475 τῆς
2876 1403 3121 1472 καρδίας
3164 1402 3359 1456 αὐτῶν
3382 1443 3397 1466 ,
3441 1402 3671 1457 ὁδεύειν
3712 1398 3841 1465 ταῖς

2286 1497 2539 1564 βουλαῖς
2567 1495 2778 1552 αὐτῶν.
2825 1496 3103 1551 Ἐντεῦθεν
3134 1499 3162 1550 6
3191 1495 3330 1558 θεῖος
3347 1494 3663 1557 Ἀπόστολος
3692 1493 3841 1547 διδά-

2294 1605 2411 1642 σκει
2455 1588 2578 1660 περί
2605 1574 2963 1658 τινωνλὲγων
2987 1606 3000 1620 ⁸
3046 1588 3140 1658 Διὸ
3174 1586 3512 1656 παρέδωκεν
3552 1585 3777 1651 αὐτοὺς
3813 1586 3847 1638 ό

2295 1679 2436 1745 Θεὸς
2487 1679 2555 1732 ἐν
2610 1678 2737 1745 ταῖς
2781 1679 3113 1749 ἐπιθυμίαις
3158 1678 3276 1732 τῶν
3326 1673 3580 1746 καρδιῶν
3623 1672 3841 1728 αὐτῶν.

2307 1771 2449 1822 Ἀντὶ
2478 1769 2534 1823 δὲ
2564 1769 2678 1823 τοῦ·
2718 1771 2836 1824 Οὐκ
2865 1768 3033 1824 ἔσται
3064 1771 3133 1824 ἐν
3169 1771 3266 1824 σοὶ
3303 1768 3446 1834 Θεὸς·
3478 1769 3843 1836 πρόσφατος,

645 1846 778 1912 Nam
801 1859 962 1913 etiam
986 1867 1108 1913 ante
1141 1857 1390 1912 divinum
1415 1872 1570 1912 suum
1593 1858 1879 1912 adventum
1909 1858 1962 1911 in
1990 1858 2190 1913 mundo

2313 1882 2320 1911 ι
2363 1860 2620 1925 Ἀκύλας·
2647 1863 2768 1915 Οὐκ
2795 1860 2965 1916 ἔσται
2985 1862 3054 1915 ἐν
3075 1862 3172 1916 σοι
3215 1861 3463 1930 ἰσχυρὸς
3493 1835 3843 1926 ἀλλότριος·

646 1958 783 2014 erat,
808 1960 862 2006 et
895 1951 1129 2005 mundus
1151 1962 1245 2020 per
1268 1951 1441 2019 ipsum
1468 1948 1644 2005 factus
1674 1956 1776 2003 est.
1830 1947 2190 2015 Quamobrem

2313 1956 2322 2004 ὸ
2349 1951 2405 2004 δὲ
2434 1953 2736 2024 Σύμμαχος·
2763 1952 2859 2023 Μὴ
2883 1953 3036 2008 ἔστω
3063 1954 3132 2007 ἐν
3158 1953 3254 2008 σοὶ
3278 1952 3418 2019 Θεὸς
3448 1951 3641 2017 ξένος,
3666 1949 3848 2021 ἡρμή-

647 2042 762 2096 haec
794 2043 1039 2096 instituta
1072 2040 1235 2095 tradit
1266 2060 1278 2094 :
1305 2039 1416 2110 Ego
1444 2043 1580 2094 enim
1610 2056 1726 2094 sum
1780 2038 2032 2093 Dominus
2054 2039 2190 2095 Deus

2313 2061 2472 2098 IEUO’S.
2509 2044 2668 2100 Ξένον
2703 2045 2884 2100 δὲκαὶ
2917 2046 3189 2118 ἀλλότριον
3219 2045 3349 2099 Θεὸν
3389 2043 3482 2098 καὶ
3515 2042 3844 2114 πρόσφατον,

651 2143 791 2198 tuus,
816 2135 906 2202 qui
929 2133 1086 2185 eduxi
1113 2141 1158 2186 te
1182 2133 1242 2184 de
1269 2143 1407 2185 terra
1434 2131 1671 2202 Egypti.

2313 2135 2389 2187 τὸν
2437 2135 2862 2206 πεπλανημένως
2907 2136 3057 2206 παρὰ
3099 2137 3208 2198 τοῖς
3253 2134 3426 2188 ἔθνεσι
3471 2130 3849 2200 νενομισμένον

650 2229 916 2299 ὠνόμασε,
947 2228 1043 2297 τὴν
1073 2227 1325 2281 πολύθεον
1363 2227 1798 2299 εἰδωλολατρείαν
1838 2228 1978 2281 οὓτω
2019 2229 2531 2299 παραπεμπόμενος.
2560 2225 2654 2292 Οἷς
2680 2227 2943 2297 ἐπιλέγει·
2993 2226 3132 2297 Ἐγὼ
3197 2225 3306 2298 Αιηιίρ
3363 2227 3478 2294 ειμι
3541 2225 3756 2291 Κύριος
3818 2224 3849 2274 ό

655 2324 798 2389 Θοός
828 2339 971 2388 σου,
1013 2322 1277 2393 παριστὰς
1307 2319 1492 2373 ἑαυτὸν
1522 2320 1642 2372 οὔτε
1675 2320 1840 2387 ξένον,
1882 2321 2001 2374 οὒτε
2033 2323 2324 2393 ἀλλότριον,
2348 2321 2469 2376 οὕτε
2502 2323 2808 2395 πρόσφατον
2843 2323 2970 2377 ὅντα
2999 2322 3149 2376 Θεόν.
3206 2315 3314 2374 Ἦν
3371 2319 3479 2391 γὰρ
3518 2314 3598 2381 εἷς
3668 2317 3766 2370 καὶ
3823 2317 3850 2368 ὁ

653 2415 812 2478 αὐτὸς
832 2415 860 2467 ὁ
892 2412 982 2466 τοῦ
1015 2412 1148 2466 Θεοῦ
1180 2412 1369 2480 Λόγος,
1410 2412 1506 2464 καὶ
1531 2413 1559 2464 ὁ
1597 2412 1760 2466 πάλαι
1793 2412 2060 2484 διαφόρως
2086 2417 2197 2477 τοῖς
2233 2414 2478 2479 παλαιοῖς
2517 2413 2883 2487 χρηματίζων,
2915 2413 3024 2486 όδὴ
3046 2414 3138 2467 καὶ
3173 2411 3303 2476 Θεὸς
3336 2408 3527 2464 Ἰακὼό
3561 2406 3850 2476 ἐπικεκλη-

657 2508 843 2579 μένος,
871 2507 900 2558 6
948 2504 1038 2557 καὶ
1090 2502 1179 2555 ἐπὶ
1228 2501 1502 2575 συντελείᾳ
1549 2502 1656 2556 τῶν
1695 2502 1898 2559 αἰώνων
1949 2506 2040 2558 ἐπὶ
2088 2505 2191 2574 γῆς
2228 2505 2428 2574 ὀφθείς.
2459 2507 2544 2558 Ἔν
2565 2506 2670 2577 γὰρ
2691 2505 2769 2576 τῷ
2791 2505 2977 2577 κόσμῳ
2998 2501 3064 2575 ἧν
3086 2504 3177 2558 καὶ
3236 2502 3342 2574 πρὸ
3359 2501 3500 2572 τῆς,
3517 2497 3851 2569 θεοφανειας,

656 2601 748 2657 καὶ⁵
766 2601 794 2651 6
813 2600 1011 2669 κόσμος
1029 2597 1276 2665 δι”αὐτοῦ
1303 2599 1532 2666 ἐγένετο.
1559 2599 1754 2670 Διόπερ
1777 2599 2198 2670 παρακελεύεται
2235 2601 2403 2670 λέγων
2422 2617 2436 2630 ⁸
2480 2602 2618 2670 Ἐγὼ
2649 2600 2761 2671 γάρ
2798 2602 2913 2670 ειμι
2935 2599 3145 2668 Κύριος
3177 2601 3208 2652 ό
3237 2597 3378 2663 Θεός
3419 2611 3556 2659 σου,
3613 2596 3648 2647 ό
3708 2591 3852 2649 diue

656 2692 851 2762 ττηών
874 2709 946 2747 σε
970 2693 1037 2746 ἐκ
1072 2692 1531 2763 γῆςΑίγύπτου.
1623 2762 1631 2766 _

726 2806 896 2864 Vens.
924 2809 1120 2873 14,15.
1150 2807 1210 2862 Si
1234 2810 1453 2879 populus
1478 2826 1618 2866 meus
1639 2811 1871 2866 audisset
1897 2829 1997 2877 me,
2035 2810 2205 2866 Israel

659 2905 706 2958 si
726 2904 780 2956 in
803 2903 898 2956 viis
931 2903 1056 2960 meis
1080 2901 1397 2975 ambulasset
1415 2944 1430 2970 ,
1459 2918 1552 2972 pro
1580 2902 1742 2958 nihilo
1771 2905 1996 2970 forsitan
2023 2906 2206 2960 inimi—

661 3008 750 3050 cos
802 3008 980 3047 eorum
1023 2992 1407 3060 humiliassem,
1452 3002 1501 3047 et
1553 3001 1724 3065 super”
1757 2996 2063 3052 tribulantes
2120 3015 2205 3053 eos

663 3084 921 3138 misissem
951 3099 1160 3135 manum
1190 3099 1377 3138 meam.
1400 3084 1541 3140 Iram
1571 3085 1767 3158 quippe
1807 3087 1900 3144 Dei
1928 3104 2041 3146 non
2067 3088 2209 3158 inju-

664 3175 746 3228 ria
770 3190 868 3229 nec
886 3175 1014 3228 sine
1034 3188 1199 3229 causa
1229 3171 1506 3229 Judaicam
1555 3176 1818 3233 invasisse
1843 3186 2056 3247 gentem
2091 3179 2208 3233 suf-

644 3265 910 3319 ﬁcienter
945 3263 1204 3320 defendit.
1247 3263 1572 3336 Videturque
1596 3266 1728 3321 mihi
1761 3267 1826 3321 ad
1848 3267 2213 3338 praecedentes

667 3356 1116 3425 interrogationes
1137 3373 1163 3425 ι,
1176 3352 1392 3425 thuid,
1410 3355 1570 3422 Deus,
1589 3355 1830 3425 repulisti
1845 3358 1898 3411 in
1912 3359 2089 3428 ﬁnem,
2106 3361 2217 3412 ira-

671 3459 755 3503 tus
781 3456 855 3503 est
884 3447 1033 3515 furor
1057 3455 1174 3500 tuus
1201 3462 1355 3515 super
1383 3462 1495 3500 oues
1544 3463 1750 3515 pascua:
1775 3457 1878 3504 tute
1899 3449 1982 3502 "‘I
2014 3464 2076 3504 ac
2097 3465 2217 3504 rur-

613 3526 616 3533 ’
671 3550 791 3590 sitm
816 3553 830 3588 :
856 3533 1048 3604 thuid
1062 3533 1369 3587 destruxisti
1394 3537 1671 3600 maceriam
1684 3536 1820 3606 ejus,
1837 3545 1885 3590 et
1901 3537 2218 3606 vindemiant

670 3641 788 3679 eam
816 3640 989 3678 omnes
1015 3626 1104 3693 qui
1142 3624 1640 3695 preterg'rediuntur
1691 3627 1829 3680 uiam
1857 3626 1945 3679 ”?
1995 3643 2218 3698 respon-

673 3718 882 3772 sionem
935 3717 1237 3771 instituere.
1271 3714 1401 3771 Nam
1434 3732 1541 3786 qua
1571 3715 1646 3772 de'
1685 3731 1848 3773 causa
1903 3719 2016 3773 haec
2073 3720 2220 3789 passi

677 3808 788 3862 sint
810 3847 824 3872 ,
847 3807 1085 3862 declarat
1112 3807 1198 3863 bis
1223 3808 1402 3863 verbis
1432 3829 1443 3863 :
1484 3807 1620 3874 Quia
1641 3825 1745 3862 non
1776 3809 1982 3863 audivit
1996 3810 2219 3881 populus

677 3914 822 3952 meus
845 3915 1014 3952 vocem
1046 3917 1234 3967 meam,
1259 3909 1308 3953 et
1355 3899 1526 3955 Israel
1557 3917 1657 3954 non
1687 3903 1910 3955 intendit
1939 3903 2093 3967 mihi;
2124 3913 2177 3958 et
2205 3922 2217 3956 :

679 3990 739 4047 Si
768 3992 987 4062 populus
1013 4009 1153 4048 meus
1184 3993 1415 4047 audisset
1455 4009 1553 4056 me,
1586 3991 1755 4045 Israel
1791 3993 1838 4046 si
1864 3992 1918 4045 in
1948 3994 2046 4046 viis
2097 3995 2222 4048 meis

679 4083 1020 4151 ambulasset,
1050 4100 1143 4152 pro
1176 4083 1344 4137 nihilo
1391 4077 1636 4153 forsitan
1664 4083 1902 4138 inimicos
1931 4100 2107 4138 eorum
2134 4088 2225 4140 Itu-

679 4175 988 4228 miliassem.
1033 4174 1138 4230 Pro
1168 4191 1275 4246 quo
1314 4173 1668 4246 Symmachus
1693 4177 2075 4246 interpretatus
2093 4188 2176 4233 est
2206 4197 2218 4231 :

680 4265 749 4320 In
784 4267 1001 4320 minimo
1033 4266 1258 4336 forsitan
1280 4267 1520 4320 inimicos
1540 4282 1718 4320 eorum
1742 4256 2015 4333 uicissem,
2052 4277 2101 4322 et
2131 4284 2224 4322 su—

665 4374 771 4426 per
801 4357 1129 4410 adversarios
1162 4371 1338 4409 eorum
1366 4359 1725 4411 convertissem
1771 4374 1983 4412 manum
2035 4375 2222 4414 meam.

682 4445 808 4501 Haec
840 4463 969 4502 sane
999 4445 1273 4510 fecissem,
1294 4446 1488 4514 inquit,
1514 4454 1704 4500 contra
1743 4447 1994 4503 inimicos
2021 4451 2224 4520 populi,

2379 2814 2450 2866 Et
2484 2812 2517 2863 ὁ
2540 2809 2688 2874 λαός
2705 2824 2827 2877 μου
2853 2804 3080 2875 ἢκουσέ
3098 2821 3237 2873 μου,
3276 2800 3519 2870 Ἰσραὴλ
3536 2801 3666 2867 ταῖς
3696 2801 3853 2868 ὁδοῖς

2303 2921 2422 2973 μου
2455 2903 2505 2955 el
2529 2900 2818 2969 ἐπορεύθη
2838 2913 2852 2928 ·
2876 2896 2946 2951 ἐν
2976 2894 3055 2960 τῷ
3091 2893 3302 2970 μηδενὶ
3333 2890 3409 2947 ἂν
3435 2893 3575 2958 τοὺς
3609 2894 3852 2962 ἐχθροὺς

2309 2993 2504 3050 αὐτῶν
2523 2992 2908 3052 ὲταπείνωσα,
2927 2987 3024 3041 και
3039 2987 3135 3042 ἐπὶ
3157 2985 3295 3052 τοὺς
3316 2985 3624 3051 θλίϐοντας
3641 2985 3852 3066 αὐτοὺς

2311 3088 2605 3142 ἐπέϐαλον
2625 3085 2700 3139 ἂν
2723 3086 2837 3152 τὴν
2863 3081 3028 3152 χεῖρά
3045 3100 3182 3151 μου.
3213 3079 3429 3143 Ἰκανῶς
3451 3077 3852 3148 ἁπολελόγηται,

2308 3180 2397 3232 ὅτι.
2423 3165 2496 3249 μὴ
2527 3177 2768 3249 ἀκρίτως-
2793 3176 2929 3245 μήτε
2956 3173 3030 3236 ὡς
3055 3172 3208 3243 ἔτυχε
3245 3171 3472 3243 μετῆλθε
3498 3171 3560 3222 τὸ
3597 3169 3852 3222 Ἰουδαίων

2315 3270 2463 3334 ἔθνος
2491 3271 2523 3339 ἡ
2559 3270 2623 3322 ὲκ
2657 3266 2792 3336 Θεοῦ
2822 3268 2976 3336 ὀργή.
3007 3265 3116 3318 Καί
3151 3282 3240 3335 μοι
3260 3264 3405 3317 δοκεῖ
3434 3263 3568 3334 πρὸς
3597 3261 3694 3324 τὰς
3718 3261 3852 3314 ἀνω-

2315 3362 2456 3432 τέρω
2496 3357 2817 3429 λελεγμένας
2860 3355 3099 3419 πεύσεις,
3125 3357 3196 3409 ’ἐν
3235 3353 3313 3425 τῷ
3353 3354 3477 3408 ἰνα
3522 3353 3580 3406 τί
3622 3357 3655 3406 ό
3697 3354 3852 3418 Θεὸς,

2315 3449 2531 3505 ἀπώσω
2563 3451 2648 3516 είς
2679 3447 2869 3513 τέλος,
2896 3447 3151 3516 ὠργίσθη
3177 3447 3209 3499 d
3232 3444 3414 3514 θυμός
3442 3458 3557 3497 σου
3584 3443 3680 3496 ἐπὶ
3718 3443 3855 3510 πρό-

2318 3545 2460 3596 ϐατα
2484 3539 2671 3610 νομῆς
2688 3554 2836 3603 trav;
2877 3540 2970 3592 καὶ
2996 3537 3156 3592 πάλιν
3174 3554 3187 3566 ·
3220 3537 3342 3591 Ἵνα
3377 3535 3433 3588 τί
3469 3535 3736 3600 καθεῖλες
3758 3533 3856 3586 τὸν

2318 3617 2586 3700 φραγμὸν
2621 3630 2827 3698 αὐτῆς,
2855 3631 2953 3684 καὶ
2996 3627 3292 3699 τρυγῶσιν
3336 3627 3528 3694 αὐτὴν
3558 3626 3779 3690 πάντες
3806 3626 3856 3677 οι

2319 3722 2858 3791 παραπορευόμενοι
2899 3720 3013 3789 τὴν
3051 3720 3226 3782 ὀδόν;
3267 3719 3364 3790 τὴν
3421 3717 3709 3787 ἀπόκρισιν
3770 3729 3856 3766 πε-

2321 3801 2594 3884 ποιῆσθαι.
2615 3815 2730 3867 Ἵνα
2756 3813 2808 3867 τί
2836 3812 2952 3885 γὰρ.
2967 3811 3037 3864 τὰ
3059 3810 3277 3868 τοιαῦτα
3299 3808 3594 3862 πεπόνθασι
3630 3807 3855 3860 διδάσκει

2322 3905 2493 3973 λέγων
2514 3923 2526 3935 ·
2553 3905 2675 3958 Ὅτι
2705 3907 2815 3959 οὐκ
2853 3902 3118 3972 ἤκουσεν
3149 3903 3181 3955 ό
3212 3901 3362 3980 λαός»
3387 3915 3504 3968 μσυ
3529 3895 3637 3965 τῆς
3664 3892 3857 3965 φωνῆς

2317 4015 2454 4066 μου,
2491 3996 2590 4050 καὶ
2611 3996 2853 4065 Ἰσραὴλ
2880 3996 2950 4048 οὑ
2973 3991 3272 4062 προσέσχε
3291 4007 3408 4059 μοι.
3437 3987 3550 4052 καὶ,
3574 3990 3641 4041 Et
3666 3991 3698 4041 ό
3719 3987 3856 4050 λαός

2318 4105 2434 4157 μου
2460 4086 2687 4156 ἥκουσέ
2709 4104 2851 4154 μου,
2888 4084 3131 4153 Ἰσραὴλ
3160 4083 3287 4148 ταῖς
3315 4079 3474 4146 ὁδοῖς
3501 4097 3619 4149 μου
3645 4081 3698 4131 ει
3735 4078 3856 4130 esto-

2317 4179 2532 4250 ρεύθη·
2572 4177 2641 4231 ἐν
2684 4175 2762 4242 τῷ
2813 4173 3028 4245 μηδενὶ
3070 4173 3148 4228 ἂν
3192 4171 3332 4238 τοὺς
3374 4169 3624 4239 ἐχθροὺς
3676 4166 3855 4222 αὐτῶν

2324 4271 2708 4339 ἐταπείνωσα.
2746 4266 2885 4321 ’AvO'
2915 4253 2975 4321 οὗ
3001 4269 3029 4320 6
3051 4265 3341 4346 Σύμμαχος
3363 4254 3704 4334 ήρμήνευσεν
3724 4277 3736 4290 ο
3774 4257 3856 4308 Ἐν

2328 4362 2606 4431 ὀλιγίστῳ
2629 4358 2703 4414 ἂν
2729 4357 2975 4428 ἐχθροὺς
2997 4357 3192 4412 αὐτῶν
3217 4347 3468 4424 ἥττησα,
3489 4352 3587 4406 καὶ
3609 4351 3706 4405 ἐπὶ
3732 4347 3856 4412 τοὺς

2328 4450 2635 4517 ἐναντίους
2667 4447 2861 4503 αὐτῶν
2903 4446 3242 4515 ἀνέστρεψα
3286 4442 3362 4498 ἂν
3391 4443 3504 4519 τὴν
3535 4441 3701 4514 χεῖρά
3731 4456 3854 4509 μου.

685 4538 733 4591 si
757 4538 1051 4607 morigeros
1074 4537 1200 4591 illos
1220 4536 1554 4603 habuissem,
1572 4545 1625 4591 et
1653 4537 1700 4592 si
1723 4536 1779 4591 in
1795 4537 1897 4593 viis
1919 4540 2075 4606 meis,
2093 4557 2211 4611 qua:

2331 4538 2513 4594 Ταῦτα
2535 4513 2857 4608 ἂννέπραξα,
2886 4534 3038 4606 φησὶ,
3067 4513 3207 4589 πατὰ
3241 4531 3347 4586 τῶν
3377 4513 3582 4606 ἐχθρῶν
3609 4529 3700 4584 τοῦ
3722 4527 3854 4590 λαοῦ,

684 4629 1119 4699 ρι’τεεοιίρεετοω
1149 4629 1307 4700 ipsis,
1340 4629 1717 4683 incessissent.
1755 4626 1912 4706 Nunc
1943 4643 2073 4685 vero
2105 4646 2229 4686 cum

685 4720 1105 4788 inobsequentes
1132 4727 1186 4774 et
1240 4719 1570 4790 immorigeri
1615 4718 1742 4775 facti
1779 4720 1932 4784 sint,
1958 4735 2077 4775 sese
2124 4721 2229 4790 ipsi

685 4808 936 4863 inimicos
957 4806 1052 4862 Dei
1079 4806 1498 4882 constituerunt.
1532 4805 1732 4862 Deinde
1777 4805 2036 4878 quoniam
2059 4804 2229 4878 Spiri-

687 4909 776 4955 tus
805 4907 1030 4956 sanctus
1084 4898 1458 4970 immorigeros
1503 4905 1558 4952 et
1610 4892 2033 4970 inObsequentes
2090 4898 2234 4962 illos,

689 4993 945 5064 populum
975 5006 1134 5047 suum
1162 4991 1642 5062 per'humanitatis
1673 4992 2107 5070 exsuperantiam
2137 5007 2236 5046 vo-

692 5085 856 5147 cavit,
886 5084 1043 5140 docet
1067 5084 1358 5150 neminem,
1382 5084 1472 5153 qui
1500 5097 1625 5138 vere
1654 5081 1884 5153 populus
1899 5080 1991 5139 Dei
2011 5086 2102 5149 sit,
2135 5082 2241 5154 ipsi

697 5183 1141 5244 repugnaturum.
1190 5173 1546 5239 Quamobrem
1607 5174 1770 5246 infert
1800 5174 2096 5233 :—Vsns.
2150 5175 2239 5230 16.

696 5265 910 5320 Inimici
938 5265 1145 5319 Domini
1174 5266 1376 5319 mentiti
1397 5276 1516 5319 sunt
1547 5267 1630 5329 ei;
1662 5266 1957 5321 secundum
1993 5265 2239 5340 Symma-

696 5358 858 5411 chum
890 5364 1107 5410 autem:
1143 5357 1427 5412 Dominum
1467 5373 1679 5412 exosum
1719 5357 2049 5429 faciunt,qui
2097 5375 2240 5413 men-

700 5450 905 5504 tiuntur
931 5449 1050 5516 ipsi.
1102 5449 1368 5521 Additque
1403 5470 1414 5505 :
1445 5449 1515 5504 Et
1555 5450 1675 5504 erit.
1705 5460 1902 5518 tempus
1929 5467 2130 5505 eorum
2187 5451 2242 5503 in

701 5541 968 5595 naculum.
1001 5529 1398 5608 Etiamsienim
1441 5541 1570 5596 talia
1590 5540 1708 5598 ausi
1753 5536 1974 5607 fuerint,
2003 5549 2239 5604 attamen

701 5641 939 5697 prasens
966 5632 1223 5686 saeculum
1270 5632 1606 5690 obtinebunt.
1642 5634 1708 5690 Et
1740 5634 1844 5690 hoc
1889 5645 2076 5689 eorum
2109 5639 2243 5686 tem-

2333 4632 2381 4683 εῑ
2409 4631 2563 4700 ἔσχον
2595 4627 2791 4690 αὐτοὺς
2824 4625 3112 4697 ὑπηκόους,
3143 4624 3236 4678 καὶ
3266 4625 3314 4677 ει
3346 4626 3459 4687 ταῖς
3487 4624 3625 4684 ὁδοῖς
3657 4636 3755 4690 μου
3781 4611 3856 4679 αἷς

2331 4720 2658 4791 διεταξάμην
2685 4718 2866 4779 αὐτοῖς
2897 4713 3282 4788 επορεύθησαν.
3304 4714 3418 4768 Νῦν
3441 4715 3499 4766 δὲ
3534 4713 3747 4782 ἀνήκοοι
3777 4709 3855 4763 καὶ

2332 4813 2575 4874 ἀπειθεῖς
2594 4797 2890 4879 γενόμενά,
2920 4803 3070 4861 αὐτοὶ
3106 4807 3328 4869 ἑαυτοὺς
3363 4803 3586 4877 ιχθροὺς
3609 4801 3702 4856 τοῦ
3740 4798 3856 4854 Θεοῦ

2340 4903 2698 4975 κατέστησαν.
2747 4896 2858 4966 Εἶτ’
2904 4896 3196 4971 ἂπειδήπερ
3246 4896 3374 4976 λαὸν
3427 4893 3592 4948 αὐτοῦ
3631 4894 3856 4964 ὠνόμασε

2340 4997 2461 5059 τοὺς
2495 4994 2733 5056 ἀπειθεῖς
2764 4992 2856 5045 καὶ
2905 4989 3162 5060 ἀνηκόους
3200 4986 3319 5062 καθ’
3364 4985 3661 5058 ὑπερϐολὴν
3697 4985 3859 5057 φιλαν-

2341 5086 2581 5157 θρωπίας
2609 5085 2668 5138 τὸ
2718 5083 2938 5154 Πνεῦμα
2971 5071 3260 5153 toﬁ-rm,
3299 5077 3534 5131 διδάσκει
3583 5077 3665 5131 δτι
3709 5075 3859 5157 οὐδεὶς

2341 5156 2458 5245 Θεῷ
2482 5159 2791 5243 ἀπειθήσειε
2826 5170 2950 5233 λαὸς
2973 5165 3158 5230 αὐτοῦ.
3181 5163 3271 5219 Διδ
3293 5165 3529 5233 suam;
3551 5181 3565 5194 -
3591 5166 3655 5217 Ol
3683 5156 3858 5230 ἐχθροὶ

2342 5265 2557 5332 Κυρίου
2583 5263 2917 5340 ἐψεύσαντο
2960 5257 3119 5323 αὐτῷ
3137 5273 3150 5289 ο
3188 5255 3330 5309 κατὰ
3354 5255 3412 5309 δὲ
3435 5255 3527 5308 τὸν
3556 5254 3857 5324 Σύμμαχον·

2314 5373 2320 5379 ’
2339 5355 2652 5413 Μισοποιοὶ
2671 5357 2888 5424 Κυρίου
2913 5355 2967 5408 ol
2993 5345 3357 5420 ψευσάμενοι
3389 5343 3564 5410 αὐτῷ.
3582 5343 3694 5399 Καὶ
3713 5352 3856 5409 προσ·

2340 5448 2552 5520 τ.ίθησι’
2584 5447 2692 5505 Καὶ
2723 5446 2891 5501 ἔσται
2914 5447 2948 5499 ό
2981 5440 3183 5508 καιρὸς
3211 5436 3409 5493 αὐτῶν
3435 5439 3522 5503 εὶς
3546 5434 3654 5489 τὸν
3680 5428 3842 5485 αἰῶνα

2342 5540 2404 5592 Et
2425 5539 2534 5610 γὰρ
2559 5540 2651 5594 καὶ
2673 5535 2894 5594 τοιαῦτα
2921 5529 3498 5604 τεσιτολμ³¹1³ω⁴²⁶νν’ὅμωΙς
3524 5526 3616 5579 τὸν
3649 5520 3858 5610 mw“

2346 5607 2516 5684 αἰῶνα
2537 5628 2732 5695 ἕξουσι.
2775 5626 2888 5682 Καὶ
2937 5616 3090 5686 οὗτός
3129 5623 3274 5678 ἐστιν
3311 5615 3490 5675 αὑτῶν
3518 5615 3548 5669 6
3575 5610 3773 5686 καιρὸς,
3813 5607 3857 5658 ὲν

774 5780 817 5810 ’⁷
856 5778 1008 5837 Rom.
1043 5798 1088 5850 ι,
1124 5772 1215 5840 ει.
1289 5787 1332 5820 ’⁸
1369 5784 1512 5843 Psal.
1548 5802 1748 5856 uxm,
1787 5796 1834 5846 1.
1911 5790 1955 5824 ’⁸
1995 5785 2136 5844 Psal.
2173 5802 2356 5853 ιιιιι,
2387 5785 2475 5858 ιιι.
