3976 6350
726 437 824 494 983

1431 439 1693 497 EUSEBII
1727 429 2192 499 CESABIENSIS
2227 444 2371 501 OPP.
2413 446 2591 502 PARS
2619 447 2789 502 lll.-
2823 448 3224 506 EXEGETICA.
3793 455 3872 510 98!

723 557 886 611 nibus
933 554 1319 623 substantiam,
1368 556 1540 614 εσσοιὶ
1594 566 1740 614 sunt.
1797 559 1854 613 In
1922 560 2027 615 hoc
2070 563 2242 631 itaque

2348 565 2442 619 καὶ
2468 566 2707 633 ὕψωσα-
2737 567 2770 638 ἢ
2803 567 2890 621 διά
2912 567 2973 620 τὸ
3003 568 3122 620 κατ’
3147 569 3327 622 εικόνα
3353 568 3444 621 καὶ
3472 543 3738 639 ὁμοίωσιν
3762 569 3873 623 Θεοῦ

728 647 935 716 psalmo
975 647 1154 700 statim
1197 654 1318 716 post
1357 649 1630 717 praedicta,
1671 665 1765 706 eos
1805 650 1897 720 qui
1929 664 2251 707 accusantur

726 737 811 790 bis
851 733 1040 788 aﬂ'atur
1066 752 1078 786 :
1104 734 1214 804 Ego
1241 737 1395 791 dixi:
1431 737 1542 793 Dii
1570 741 1695 809 estis
1747 749 1798 794 et
1846 739 1947 809 ﬁlii
1993 742 2250 798 Altissimi

725 839 915 878 omnes.
978 823 1076 877 Vos
1124 835 1297 879 autem
1349 827 1482 881 sicut
1529 828 1757 883 homines
1807 831 2140 894 moriemini,
2201 843 2249 886 et

722 915 854 965 sicut
913 929 1048 966 unus
1095 929 1160 968 ac
1203 916 1520 985 principibus
1579 917 1794 972 cadetis.
1847 919 2105 976 Pratsides
2151 923 2250 976 itav

723 1015 826 1068 que
872 1001 1074 1070 p0puli,
1105 1003 1411 1059 sacerdotes
1462 1003 1707 1060 videlicet
1739 1016 1791 1063 et
1845 1005 2114 1065 antistites
2163 1024 2251 1064 sa-

722 1103 935 1142 crorum
997 1104 1061 1144 ac
1132 1092 1367 1162 reliquos
1434 1092 1701 1164 principes
1752 1094 2055 1165 dijudicans
2109 1096 2249 1153 Deus

721 1176 974 1243 Verbum,
1040 1181 1155 1235 haec
1202 1173 1321 1251 qua
1375 1183 1484 1251 jam
1530 1191 1824 1242 tractamus
1847 1197 2080 1243 enarrat.
2104 1191 2248 1256 Qus-

721 1282 780 1321 re
833 1269 1030 1322 dicitur
1077 1285 1090 1320 :
1134 1260 1272 1324 Deus
1319 1273 1455 1325 stetit
1497 1273 1551 1326 in
1596 1291 1857 1345 synagoga
1905 1278 2139 1343 deorum,
2193 1281 2247 1333 in

722 1355 888 1410 medio
917 1368 1103 1410 autem
1143 1357 1264 1427 deos
1316 1359 1617 1429 diiudicat;
1661 1364 1956 1422 secundum
2001 1366 2246 1436 Aquilam

721 1458 934 1502 autem:
982 1449 1118 1503 Deus
1159 1452 1303 1504 stetit
1356 1452 1410 1505 in
1462 1469 1721 1523 synagoga
1792 1456 2027 1525 fortium,
2075 1458 2130 1511 in
2174 1459 2248 1536 vi-

721 1538 950 1593 sceribus
981 1539 1230 1595 Dominus
1277 1542 1513 1612 judicat;
1543 1545 1836 1601 secundum
1869 1542 2245 1617 Symmachum

719 1641 887 1681 vero:
917 1627 1059 1682 Deus
1101 1632 1244 1684 stetit
1290 1635 1344 1686 in
1381 1642 1510 1686 coetu
1561 1632 1658 1688 Dei
1689 1677 1705 1701 ,
1761 1637 1818 1690 in
1869 1638 2053 1692 mediis
2111 1638 2245 1694 Deus

716 1715 974 1784 judicans.
1039 1718 1138 1775 Hic
1193 1736 1320 1777 vero
1368 1723 1548 1792 Deus,
1595 1708 1800 1783 scilicet
1855 1727 1946 1784 Dei
1991 1728 2245 1797 Verbum,

723 1818 1068 1863 memoratam
1094 1810 1315 1866 deorum
1339 1828 1661 1884 synagogam
1698 1815 1947 1885 judicans
1974 1829 2027 1874 et
2050 1820 2247 1890 dijudi-

721 1910 870 1961 cans,
909 1903 1281 1957 accusationes
1311 1905 1421 1961 reis
1450 1906 1674 1962 inducit.
1722 1907 1787 1961 Et
1823 1911 1948 1978 quia
1998 1920 2242 1981 potentes

718 1994 963 2052 potenter
985 1992 1434 2056 examinabuntur
1451 2012 1468 2062 ;
1486 1997 1608 2065 jure
1622 1998 1996 2066 praedictorum
2020 2001 2242 2057 deorum

719 2076 960 2133 ordinem
983 2091 1229 2152 segregat
1260 2090 1313 2137 et
1345 2086 1569 2140 scorsim
1595 2087 1835 2156 judicat;
1883 2105 2004 2144 cum
2047 2091 2158 2161 jam
2188 2092 2243 2147 in

603 2180 608 2186 ’
717 2170 1035 2236 ριἐθοεόοοιί
1067 2173 1269 2240 psalmo
1293 2177 1608 2244 promiscua:
1622 2181 1802 2249 populi
1829 2182 1999 2238 turbas
2018 2198 2243 2239 accusa-

718 2258 920 2312 tionem
946 2262 1243 2329 protulerit.
1270 2262 1378 2319 lmo
1407 2266 1565 2321 etiam
1594 2268 1852 2338 diiudicat
1873 2313 1889 2338 ,
1935 2272 2001 2328 de
2033 2275 2102 2329 lis
2149 2276 2241 2345 qui

719 2348 865 2420 digni
895 2351 1064 2407 salute
1087 2365 1231 2422 sunt,
1262 2371 1325 2409 ac
1360 2358 1428 2412 de
1475 2359 1543 2414 iis
1567 2360 1660 2429 qui
1707 2375 1864 2418 secus
1918 2379 1975 2420 se
2018 2365 2238 2434 habent,

720 2440 1036 2494 sententiam
1067 2441 1264 2498 ferens.
1310 2443 1428 2501 Non
1486 2448 1735 2518 superbe,
1787 2466 1894 2505 non
1937 2456 2237 2523 tyrannica,

719 2541 825 2581 non
855 2530 909 2582 in
940 2529 1048 2583 alto
1064 2531 1389 2588 constitutus
1405 2535 1645 2604 judicat;
1682 2539 1774 2593 sed
1795 2539 2099 2609 judicandis
2121 2558 2242 2600 sese

717 2623 1099 2688 attemperans,
1126 2623 1332 2679 medius
1355 2632 1461 2680 stat
1503 2625 1642 2681 inter
1670 2628 1813 2695 illos,
1847 2646 1941 2700 per
1971 2631 2240 2687 hominem

718 2722 876 2774 quem
912 2712 1146 2782 suscepit
1173 2712 1305 2782 ipsis
1329 2712 1514 2771 habitu
1561 2718 1756 2776 similis
1806 2719 2045 2777 effectus.
2103 2722 2241 2777 Hinc

717 2809 844 2850 vero
871 2811 964 2851 eos
989 2798 1082 2867 qui
1103 2798 1365 2869 judicium
1389 2806 1618 2861 subituri
1647 2815 1791 2872 sunt,
1826 2809 2040 2878 praeviis
2068 2812 2242 2867 moni-

719 2883 787 2938 tis
819 2886 884 2940 ad
912 2887 1331 2956 resipiscentiam
1358 2903 1552 2964 vocat;
1584 2897 1822 2968 ipsisque
1867 2901 2144 2970 prospicit,
2182 2909 2240 2955 ut

721 2989 789 3029 ne
823 2974 876 3029 in
900 2975 1088 3045 judicii
1135 2981 1456 3050 supplicium
1492 2985 1766 3053 incidant;
1804 2988 1898 3043 sed
1930 3003 2048 3046 sese
2089 2992 2240 3060 prius

719 3065 998 3119 emcndent
1024 3103 1039 3130 ,
1098 3067 1304 3138 sibique
1370 3080 1591 3127 caveant
1653 3089 1719 3128 ex
1788 3073 2003 3132 oblatis”
2055 3080 2238 3133 crimi-

721 3153 898 3208 nibus.

2349 660 2620 725 γεγονέναι
2651 657 2737 712 διά
2762 659 2861 729 τὴν
2899 661 2957 712 ὲν
2991 657 3294 729 ἀνθρώποις
3323 659 3514 729 νοεράν
3542 662 3646 712 καὶ
3679 660 3874 729 λογικὴν

2349 733 2548 800 οὐσίαν.
2570 748 2774 802 Αὐτίκα
2801 748 2930 816 γοῦν
2963 751 3020 804 ιν
3052 748 3197 819 αὐτῷ
3226 748 3303 819 τῷ
3327 751 3680 820 προκειμένῳ
3703 751 3874 821 ψαλμῶ

2347 837 2566 908 προῖὼν,
2609 839 2637 890 6
2678 838 2832 907 λόγος
2864 839 2994 910 φησὶ
3038 839 3172 910 πρὸς
3201 842 3325 903 τοὺς
3352 841 3871 911 κατηγορουμένοις·

2359 926 2498 998 Ἐγὼ
2523 924 2658 983 elata
2675 946 2688 961 ·
2716 931 2845 984 Θεοί
2887 931 3022 985 ἐστε
3063 933 3160 985 καί
3186 931 3303 985 υἱοὶ
3336 931 3626 1000 Ὑψίστου
3656 930 3870 997 πάντες.

2359 1018 2537 1087 Ὑμεῖς
2562 1019 2629 1072 δὲ
2662 1021 2741 1086 ὡς
2775 1022 3064 1089 ἄνθρωποι
3087 1022 3516 1088 ἀποθνήσκετε,
3555 1021 3667 1077 καὶ
3703 1022 3780 1087 ὡς
3804 1021 3872 1087 εἷς

2345 1107 2464 1160 τῶν
2489 1109 2790 1178 ἀρχόντων
2816 1111 3070 1164 πίπτετε,
3100 1112 3237 1174 Τοὺς
3256 1111 3319 1181 δὴ
3351 1107 3442 1165 οὖν
3465 1111 3557 1165 τοῦ
3593 1110 3730 1163 λαοῦ
3766 1127 3867 1180 προ

2349 1195 2600 1259 εατῶτας,
2631 1195 2807 1267 ἱερέας
2831 1195 3026 1268 δηλαδὴ
3061 1199 3153 1252 καὶ
3191 1199 3499 1270 ἀρχιερέας,
3523 1198 3662 1262 τούς
3703 1215 3761 1251 τε
3787 1199 3868 1251 iat-

2347 1286 2480 1347 ποὺς
2510 1284 2768 1356 ἄρχοντας
2789 1285 3091 1355 ἀνακρίνων·
3109 1288 3137 1338 6
3163 1287 3290 1350 Θεὸς
3308 1289 3497 1356 Λόγος,
3515 1288 3589 1341 τὰ
3619 1289 3758 1357 μετά
3779 1292 3868 1356 χεῖ-

2348 1392 2443 1446 ρας
2469 1374 2811 1444 διεξέρχεται.
2840 1375 2929 1427 Διὸ
2957 1375 3191 1445 εἴρηται·
3231 1376 3282 1427 Ὁ
3311 1375 3449 1441 Θεὸς
3467 1376 3628 1444 ἔστη
3654 1377 3724 1429 ἐν
3749 1392 3870 1429 συν-

2343 1464 2540 1534 αγωγῇ
2579 1463 2746 1529 θεῶν,
2781 1465 2850 1517 ἐν
2869 1463 3034 1533 μέσῳ
3075 1464 3142 1516 δὲ
3186 1464 3355 1530 θεοὺς
3393 1468 3722 1534 διακρίνει·
3754 1469 3869 1520 κατὰ

2342 1553 2398 1606 δὲ
2424 1552 2514 1604 τον
2539 1551 2761 1605 Ἀκύλαν
2780 1568 2793 1581 ·
2829 1551 2972 1617 Θεὸς
2990 1552 3133 1619 ἔστη
3160 1551 3230 1604 ἐν
3252 1551 3570 1620 συναγωγῇ
3606 1551 3867 1622 ἰσχυρῶν,

2342 1641 2410 1693 ἐν
2431 1639 2655 1708 ἐγκάτῳ
2689 1640 2903 1706 Κύριος
2928 1639 3111 1706 κρίνει
3137 1652 3151 1668 ·
3182 1637 3322 1690 κατὰ
3354 1636 3410 1688 δὲ
3438 1637 3528 1690 τὸν
3561 1638 3865 1707 Σύμμαχον·

2354 1730 2407 1781 '0
2436 1727 2577 1794 Θεὸς
2601 1726 2853 1793 κατέστη
2881 1725 2950 1779 ἐν
2980 1723 3214 1789 συνόδῳ
3237 1722 3402 1788 Θεοῦ,
3431 1722 3499 1775 ἑν
3515 1721 3733 1790 μέσοις
3751 1722 3869 1785 Θεὸς

2343 1819 2576 1887 κρίνων.
2608 1817 2820 1886 Κρίνων
2860 1815 2913 1868 δὲ
2943 1811 3090 1879 οὗτος
3119 1818 3147 1868 6
3168 1815 3317 1880 Θεὸς,
3345 1813 3546 1884 δηλαδὴ
3567 1815 3605 1866 ό
3636 1812 3730 1866 τοῦ
3754 1813 3868 1866 Θεοῦ

2274 1897 2314 1952 Β
2339 1909 2526 1976 Λόγος,
2556 1907 2650 1962 καὶ⁵
2684 1907 2968 1978 διακρίνων
2991 1906 3088 1976 τὴν
3116 1904 3404 1976 λεγομένην
3431 1905 3753 1973 συναγωγὴν
3777 1905 3866 1956 τῶν

2345 2000 2498 2065 θεῶν,
2524 2001 2770 2070 ἐλέγχους
2801 1999 3061 2070 προσάγει
3090 2000 3200 2061 τοῖς
3231 1998 3586 2068 κρινομένοις.
3615 1997 3728 2050 Καὶ
3764 1998 3870 2048 ἐπεὶ.

2343 2091 2552 2144 δυνατοὶ
2569 2090 2802 2151 δυνατῶς
2824 2090 3224 2158 ὲτασθήσονται,
3245 2088 3465 2152 εἰκότως
3484 2088 3548 2141 τὸ
3567 2088 3756 2157 τάγμα
3777 2085 3867 2138 τῶν

2345 2180 2776 2251 προλελεγμένων
2808 2178 2942 2231 θεῶν
2965 2174 3206 2248 ἀφορίζει
3238 2175 3380 2241 ἰδίως
3405 2177 3501 2232 καὶ
3532 2177 3730 2248 κρίνει,
3754 2193 3858 2246 προ-

2343 2270 2558 2326 διελθὼν
2589 2272 2646 2324 ἐν
2680 2271 2756 2341 τῷ
2779 2271 2882 2340 πρὸ
2911 2271 3095 2324 τούτου
3117 2270 3256 2346 λόγῳ
3275 2270 3364 2322 τὸν
3392 2269 3610 2339 ἔλεγχον
3631 2266 3729 2321 τοῦ
3754 2267 3867 2335 πλή-

2345 2362 2466 2425 Θους
2481 2360 2573 2414 τοῦ
2596 2360 2743 2416 λαοῦ.
2763 2360 2918 2413 Ἀλλά
2937 2360 3029 2413 καὶ
3048 2358 3326 2430 διακρίνει,
3343 2358 3544 2429 κρίνων
3558 2356 3685 2420 τοὺς
3705 2354 3868 2420 ἀξίους

2345 2453 2611 2523 σωτηρίας
2633 2452 2866 2515 καὶτοὺς
2896 2451 2968 2522 μὴ
2993 2450 3275 2513 τοιούτους.
3299 2449 3486 2520 Κρίνει
3508 2448 3567 2500 δὲ
3585 2449 3688 2501 οὐκ
3711 2449 3863 2516 ἐπηρ-

2346 2542 2537 2611 μὲνως,
2563 2539 2679 2594 οὐδὲ
2691 2541 3039 2612 τυραννικῶς,
3067 2541 3123 2592 ἐν
3156 2538 3276 2608 ὕψει
3304 2555 3362 2590 τε
3391 2537 3863 2608 προκαθεζόμενος,

2341 2632 2474 2687 ἀλλά
2506 2632 2939 2700 συγκαταᾶιίνων
2975 2633 3085 2694 τοῖς
3117 2631 3465 2701 κρινομένοις,
3499 2628 3668 2698 μέσος
3708 2626 3866 2683 αὐτῶν

2343 2723 2572 2788 ἵσταται,
2606 2723 2950 2794 ὁμοιούμενος
2978 2722 3158 2785 αὐτοῖς
3179 2720 3255 2791 τῷ
3282 2721 3514 2790 σχήματι
3546 2719 3613 2773 δι’
3644 2711 3708 2773 οὗ
3738 2716 3865 2771 avd-

2342 2815 2506 2884 ληφεν
2532 2812 2832 2884 ἀνθρώπου.
2851 2811 3124 2867 Ἐντεῦθεν
3149 2827 3207 2863 τε
3230 2811 3330 2881 ἤδη
3360 2807 3646 2881 προλαϐὼν
3674 2807 3867 2862 dmi.

2342 2921 2487 2959 νεται
2515 2902 2852 2974 σωφρονίζων
2877 2902 3001 2964 τοὺς
3017 2900 3296 2970 μέλλοντας
3309 2899 3611 2970 -κρίνεσϐαι,
3629 2899 3728 2950 καὶ
3750 2911 3867 2966 προ-

2342 2994 2731 3062 φυλαττόμενος
2769 2990 2960 3052 αὐτοὺς
2981 2988 3115 3060 πρὸς
3137 2988 3197 3040 τὸ
3229 2986 3300 3057 μὴ
3327 2986 3639 3055 περιπεσεῖν
3689 2986 3753 3054 τῇ
3783 2982 3866 3051 τῆς

2341 3082 2571 3152 κρίσεως
2615 3080 2866 3150 τιμωρίᾳ,
2899 3075 3336 3149 προκατορθῶσαι
3382 3074 3440 3127 δὲ
3482 3073 3577 3126 καὶ
3605 3071 3866 3144 προφυλά-

2346 3169 2532 3236 ξασθαι
2563 3169 2651 3223 διὰ
2675 3169 2782 3223 τῶν
2809 3167 3222 3238 προσαγομένων
3242 3166 3418 3228 αὐτοῖς
3450 3162 3706 3232 ἐλέγχων.

793 3240 1056 3306 Quocirca
1072 3244 1202 3299 dicit
1230 3265 1334 3300 :—
1368 3247 1531 3306 Vens.
1560 3252 1616 3316 2,
1641 3253 1694 3307 5.
1719 3252 1988 3324 Usquequo
2025 3255 2237 3324 judica-

2355 3229 2372 3236 v
2411 3262 2500 3314 Διὸ
2553 3261 2778 3329 φάσκεν
2822 3229 2968 3323 "diem;
2994 3229 3150 3310 ’ποτε
3189 3255 3414 3323 κρίνετε
3719 3291 3734 3317 ,
3781 3251 3864 3304 καὶ

727 3331 792 3388 tt's
825 3333 1167 3402 iniquitatem,
1196 3348 1245 3391 et
1273 3339 1433 3407 facies
1469 3353 1793 3410 peccatorum
1815 3346 2062 3400 sumitis?
2089 3345 2244 3400 Judi-

721 3428 833 3474 cate
871 3435 1022 3492 egeno
1055 3432 1104 3477 et
1132 3425 1347 3494 pupillo.
1391 3427 1487 3483 His
1522 3432 1685 3498 porro
1714 3431 1909 3485 similia
1928 3446 2024 3501 per
2053 3431 2244 3488 Isaiam

721 3527 936 3582 quoque
961 3506 1301 3585 propheticus
1318 3518 1551 3589 Spiritus
1571 3522 1891 3580 vociferatus
1909 3531 2021 3579 est:
2047 3524 2244 3581 Discite

723 3602 910 3656 bonum
930 3603 1118 3673 facere,
1142 3608 1353 3675 queerite
1375 3608 1653 3685 judicium,
1685 3611 1920 3682 judicate
1961 3616 2155 3684 pupillo
2192 3625 2242 3670 et

722 3690 975 3760 defendite
985 3694 1215 3757 viduam;
1231 3703 1280 3748 et
1294 3697 1472 3764 venite,
1484 3708 1531 3752 et
1546 3701 1770 3770 discepte
1778 3717 1913 3768 mus,
1931 3703 2054 3757 dicit
2075 3703 2244 3759 Domi-

723 3795 841 3835 nus.
893 3779 1007 3835 Etsi
1037 3781 1229 3852 fuerint
1247 3783 1457 3852 peccata
1479 3797 1647 3842 vestra
1668 3791 1800 3843 sicut
1828 3807 2078 3862 purpura,
2116 3811 2245 3864 qua-

724 3869 771 3923 si
793 3871 953 3924 nivem
977 3871 1224 3951 dealbabo
1250 3875 1289 3928 ⁸.
1320 3873 1423 3930 Sed
1452 3874 1554 3932 hoc
1576 3878 1790 3948 quidem
1839 3891 2052 3951 pactum
2097 3879 2245 3938 Scri-

724 3967 879 4029 ptura
899 3950 1191 4030 proﬂuere
1218 3968 1532 4033 antevertit;
1559 3968 1650 4037 qui
1686 3950 1864 4023 autem
1891 3971 2110 4026 deorum
2132 3989 2243 4032 ,ηο-

725 4047 868 4103 mine
887 4051 1082 4114 ornati,
1104 4058 1157 4103 et
1177 4059 1324 4105 tanta
1352 4053 1595 4109 doctrina
1625 4055 1828 4127 dignati
1857 4066 2002 4126 sunt,
2052 4064 2244 4116 nescie-

708 4149 866 4210 runt,
891 4156 1047 4211 neque
1073 4142 1450 4210 intellexerunt,
1481 4147 1532 4200 in
1559 4143 1777 4203 tenebris
1808 4142 2094 4206 ambulant.
2121 4153 2244 4210 Haec

724 4241 886 4296 porro
911 4226 976 4280 ad
1000 4237 1208 4302 tempus
1227 4231 1351 4285 item
1376 4233 1558 4302 prima:
1588 4232 1887 4292 Servatoris
1934 4241 2102 4294 nostri
2145 4257 2240 4313 pe-

723 4316 1099 4388 regrinationis
1129 4320 1446 4387 referantur,
1473 4342 1578 4395 quo
1619 4324 1684 4381 ad
1715 4343 2011 4399 synagogas
2032 4330 2243 4387 Judaeo-

722 4415 839 4455 rum
867 4405 1152 4473 accedens,
1179 4415 1231 4462 et
1269 4409 1324 4462 in
1373 4414 1604 4468 medium
1655 4417 1952 4486 principum
1997 4421 2237 4484 veniens,

722 4502 845 4542 cum
875 4491 1007 4560 ipsis
1031 4494 1358 4565 disputabat,
1396 4499 1647 4570 ipsosque
1687 4506 2030 4575 coarguebat,
2056 4509 2240 4562 testiﬁ-

2343 3351 2627 3418 πρόσωπα
2647 3344 3001 3416 ἁμαρτωλῶν
3015 3343 3369 3411 ,λαμϐάνετες
3399 3339 3642 3409 Κρίνατε
3669 3338 3865 3405 πτωχῷ

2342 3441 2439 3496 καί
2464 3436 2712 3508 ὀρφανῷ.
2740 3436 2822 3489 Τά
2845 3437 3003 3506 ὅμοια
3027 3434 3082 3487 δὲ
3104 3433 3308 3496 τούτοις
3337 3432 3431 3486 καὶ
3453 3431 3538 3484 διὰ
3570 3431 3792 3484 Ἡσαΐου
3814 3431 3866 3481 τὸ

2343 3529 2670 3602 προφητικὸν
2709 3525 2930 3597 Πνεῦμα
2954 3527 3188 3596 κέκραγε
3219 3522 3367 3590 λέγον
3388 3536 3402 3552 ⁸
3432 3520 3656 3576 Μάθετε
3689 3521 3866 3574 καλὸν

2342 3614 2551 3686 ποιεῖν,
2581 3619 2937 3688 ἐκζητήσατε
2976 3618 3193 3685 κρίσιν,
3222 3615 3456 3682 κρίνατε
3494 3609 3738 3681 ὀρφανῷ
3776 3609 3862 3664 καὶ

2341 3710 2685 3765 ὄικαιώσατε
2730 3708 2883 3779 χήρᾳ
2903 3723 2919 3739 ·
2955 3708 3051 3761 καί
3083 3705 3269 3772 δεῦτε,
3311 3704 3407 3758 καὶ
3452 3700 3862 3770 acclamatur,

2340 3801 2497 3869 λέγει
2542 3801 2770 3868 Κύριος.
2799 3797 2907 3852 Καὶ
2936 3798 3041 3850 ἐὰν
3067 3790 3212 3850 ὦσιν
3235 3798 3294 3849 ai
3317 3794 3585 3865 ἁμαρτίαι
3606 3791 3778 3860 ὑμῶν
3797 3792 3860 3853 ὡς

2342 3889 2664 3959 φοινικοῦν,
2701 3889 2778 3953 ὡς
2823 3886 2993 3957 χιόνα
3033 3884 3318 3940 λευκανῶ.
3335 3883 3489 3936 Ἀλλὰ
3516 3881 3696 3935 ταῦτα
3724 3879 3863 3949 μὲνό

2339 3977 2490 4046 λόγος
2531 3976 2993 4050 προδιαστέλλεται
3013 3991 3027 4006 ο
3049 3974 3097 4026 oi
3123 3973 3178 4026 δὲ
3207 3975 3273 4043 τῇ
3315 3972 3420 4025 τῶν
3446 3967 3581 4022 θεῶν
3607 3967 3864 4038 ὲπηγορέᾳ

2338 4068 2669 4138 τιμηθέντες,
2717 4067 2808 4120 καὶ
2855 4066 3114 4136 τοσαύτης
3153 4061 3487 4123 διδασκαλίας
3534 4058 3859 4125 ἀξιωθέντες.

2339 4157 2448 4207 οὐκ
2486 4155 2772 4223 ἔγνωσαν,
2807 4153 2944 4206 οὐδὲ
2989 4149 3283 4227 συνῆκαν,
3313 4150 3383 4202 ἐν
3418 4149 3616 4202 σκότει
3665 4147 3860 4198 διαπο-

2331 4244 2619 4310 ρεύονται.
2648 4244 2830 4298 Ταῦτα
2858 4244 2915 4298 δὲ
2945 4244 3038 4296 καὶ
3081 4245 3158 4305 είς
3188 4243 3277 4296 τὸν
3311 4239 3494 4311 καιρὸν
3523 4240 3619 4308 τῆς
3648 4237 3861 4308 πρώτης

2336 4332 2429 4385 τοῦ
2462 4333 2704 4403 Σωτῆρος
2731 4331 2884 4402 ἡμῶν
2916 4333 3197 4404 ἐπιδημίας
3221 4330 3640 4402 ἀναφέροιωνᾶν,
3675 4327 3860 4381 nos.

2339 4427 2396 4480 ὲν
2413 4428 2527 4488 ταῖς
2547 4429 2881 4495 συναγωγαῖς
2905 4445 2976 4480 πα
2982 4426 3254 4497 ραόάλλων
3272 4426 3364 4478 τοῦ
3392 4426 3648 4480 Ἰουδαίων
3663 4423 3856 4482 ἔθνους.

2338 4517 2430 4569 καὶ
2479 4514 2636 4585 μέσος
2677 4515 2785 4569 τῶν
2822 4515 3090 4587 ἀρχόντων
3135 4513 3362 4586 παριὼν,
3390 4514 3486 4578 τὰς
3515 4515 3647 4584 πρὸς
3677 4513 3860 4571 αὐτοὺς

721 4588 851 4631 cans
894 4579 1215 4652 adiectisque
1258 4599 1321 4639 ea
1370 4601 1489 4656 qua:
1533 4588 1586 4642 in
1640 4588 1818 4645 futuro
1861 4593 2064 4661 judicio
2107 4597 2239 4665 ipsis

2341 4579 2564 4659 Enotsi'co
2590 4579 2874 4670 διαλέξεις,
2887 4579 3133 4674 ἐλέγχους
3153 4579 3416 4668 τεηαύτοῖς
3436 4579 3634 4675 ἐπῆγε,
3665 4619 3858 4674 μαρτυ-

718 4674 977 4721 eventura
1000 4681 1171 4728 erant.
1203 4672 1292 4728 Sic
1316 4677 1495 4745 itaque
1523 4676 1662 4734 Deus
1695 4680 1784 4734 illo
1804 4691 2042 4752 tempore
2062 4687 2238 4741 stabat

720 4755 777 4810 in
806 4773 1072 4831 synagoga
1096 4761 1340 4830 deorum,
1374 4775 1428 4822 et
1453 4770 1505 4823 in
1546 4771 1719 4826 medio
1747 4782 2068 4830 memoratos
2110 4777 2238 4831 deos

715 4845 1008 4915 judicabat.
1044 4850 1148 4907 Pro
1170 4852 1264 4906 illo
1284 4859 1531 4926 namque,
1564 4859 1838 4926 dijudicat,
1888 4861 2244 4934 Symmachus

721 4944 775 4991 et
792 4937 1003 5008 Aquila,
1024 4942 1292 5011 judicans,
1347 4947 1780 5018 interpretantur.
1836 4954 1900 5008 Et
1951 4960 2238 5027 perpende,

725 5043 924 5097 quaeso,
960 5045 1066 5100 quo
1093 5041 1252 5102 pacto
1276 5035 1406 5091 deos
1432 5039 1788 5094 nominaverit
1827 5058 1919 5099 eos
1938 5045 2004 5100 de
2046 5048 2244 5117 quibus

720 5119 1009 5189 judicatur,
1038 5139 1138 5179 nec
1163 5141 1481 5199 synagogam
1507 5129 1728 5186 deorum
1768 5146 2063 5192 memorare
2086 5139 2242 5193 dubi—

722 5208 933 5273 taverit,
955 5211 1020 5264 ad
1040 5212 1406 5271 confusionem
1437 5232 1624 5280 eorum
1656 5222 1746 5292 qui
1797 5220 2087 5281 Salvatoris
2114 5229 2240 5282 dei-

726 5303 885 5360 tatem
918 5297 1201 5370 abnegant.
1232 5300 1362 5356 Nam
1394 5303 1440 5359 si
1467 5321 1558 5361 eos
1586 5310 1677 5378 qui
1728 5311 1957 5365 convicti
2007 5313 2238 5379 fuerant,

724 5391 778 5436 et
823 5391 1038 5457 propter
1080 5389 1369 5457 nequitiam
1414 5393 1553 5449 male
1593 5399 1899 5462 audiebant,
1955 5401 2082 5459 deos
2143 5419 2236 5459 vo-

724 5487 847 5529 care
899 5482 1180 5531 cunctatus
1225 5493 1331 5533 non
1378 5490 1513 5550 est;
1568 5492 1652 5540 tot
1707 5487 2032 5544 mirabilium
2083 5492 2238 5562 opiﬁ-

724 5576 839 5617 cem
884 5577 1124 5633 operum,
1171 5568 1261 5636 qui
1298 5570 1559 5659 judicium
1615 5590 1644 5629 a
1684 5571 1842 5634 Patre
1876 5581 2102 5651 accepit,
2144 5583 2239 5653 qui

798 5740 820 5770 ³
857 5739 954 5794 iss.
991 5759 1040 5802 ι,
1078 5743 1161 5800 17.

2345 4693 2562 4762 ρόμενος
2612 4694 2700 4746 καὶ
2741 4693 3168 4762 διαστελλόμενος
3192 4693 3257 4747 τὰ
3284 4694 3528 4765 περὶτῆς
3576 4692 3857 4761 μελλούσης

2341 4784 2531 4846 αὐτοὺς
2580 4782 2921 4853 διαλήψεσθαι
2971 4783 3215 4853 κρίσεως.
3247 4785 3429 4846 Οὕτως
3461 4778 3550 4834 οὖν
3575 4785 3603 4834 6
3629 4781 3764 4844 Θεὸς
3801 4778 3858 4850 ἦν

2341 4873 2455 4924 κατ’
2478 4873 2646 4924 ἐκεῖνο
2675 4869 2864 4941 καιροῦ
2892 4871 3055 4936 ἑστὼς
3072 4873 3130 4926 ὲν
3158 4875 3437 4942 συναγωγῇ
3460 4869 3613 4932 θεῶν,
3641 4871 3699 4921 ἐν
3727 4872 3858 4941 μέσῳ

2339 4976 2398 5012 τε
2440 4960 2562 5022 τοὺς
2596 4958 2974 5030 προλεχθέντας
3002 4963 3195 5033 κρίνων
3225 4961 3404 5023 θεούςο
3437 4959 3555 5013 ἀντὶ
3599 4963 3704 5031 γὰρ
3754 4960 3854 5022 τώ,

2339 5047 2636 5117 διακρίνει,
2663 5050 2691 5101 6
2719 5048 3002 5119 Σύμμαχος
3041 5051 3133 5103 καὶ
3169 5053 3198 5103 6
3234 5047 3476 5111 Ἀκύλας,
3512 5050 3751 5116 κρίνων,
3781 5052 3856 5101 ὲκ-

2339 5135 2612 5192 ὃεδώκασι.
2640 5138 2745 5191 Καὶ
2775 5139 2882 5209 δρα
2904 5142 3049 5206 ὅπως
3072 5141 3223 5202 θεοὺς
3249 5137 3490 5206 ὠνόμασε
3533 5139 3655 5202 τοὺς
3682 5155 3853 5207 κρινο-

2343 5227 2550 5297 μένους,
2575 5228 2668 5281 καλ⁵
2703 5227 2836 5282 θεῶν
2878 5232 3198 5298 συναγωγὴν
3217 5227 3313 5281 οὐκ
3339 5226 3576 5298 ὤκνησεν
3607 5227 3857 5282 ἀποκαλέ-

2341 5333 2447 5381 σαι,
2480 5319 2558 5380 είς
2582 5315 2882 5388 δυσάνπησιν
2908 5320 3016 5373 τῶν
3040 5317 3376 5389 ἀρνουμένων
3397 5317 3489 5370 τοῦ
3511 5318 3756 5388 Σωτῆρος
3773 5319 3854 5384 τὴν

2341 5404 2579 5476 Θεότητα.
2612 5407 2675 5465 El.
2713 5407 2819 5479 γὰρ
2848 5411 2974 5471 τοὺς
3013 5406 3387 5476 ἐλεγχομένους
3430 5407 3522 5459 καὶ
3567 5408 3659 5459 ἐπὶ
3703 5405 3852 5468 κακίᾳ

2337 5494 2772 5567 διαϐαλλομένους
2811 5482 2928 5551 ούκο
2953 5496 3111 5550 ὤκνει
3141 5496 3290 5558 θεοὺς
3320 5495 3621 5564 ὀνομάζειν,
3648 5493 3739 5546 τὸν
3762 5490 3854 5542 τῶν

2337 5585 2598 5641 τοσούτων
2631 5588 2938 5658 παραδόξων
2968 5585 3140 5656 ἔργων
3167 5583 3408 5658 ποιητὴν,
3433 5585 3530 5638 οὖν
3557 5583 3658 5652 τὴν
3690 5583 3854 5652 κρίσιν
