3974 6354
121 449 200 505 985
1217 445 1712 502 COMMENTARIA
1749 447 1814 500 ιΝ
1863 447 2196 507 PSALMOS.

3136 458 3239 514 986

118 559 236 630 παρὰ
275 556 364 611 τοῦ
398 558 607 628 Πατρδς
636 557 907 627 εἰληφότα,
935 556 1068 619 πῶς·
1096 557 1156 610 οὺ
1197 559 1523 613 δικαιότατον
1553 563 1618 630 τῇ

1717 575 1826 615 non
1855 562 2215 630 aaquissimum
2248 563 2407 618 fuerit
2433 566 2718 621 venerabili
2750 567 2840 622 Dei
2873 568 3073 624 honore
3100 572 3240 626 cele-

117 641 204 702 ταδ’
227 647 352 700 Θεοῦ
406 648 677 718 σεὼσμίῳ
717 650 847 718 τιμῇ
871 647 1192 717 -σεμνύνειν;
1219 649 1385 701 Τοῦτό
1415 667 1494 702 τοι
1525 653 1616 704 καί⁹

119 740 244 801 αὐτὸς
268 740 295 791 ό
321 737 508 809 Σωτὴρ
532 722 913 808 δυσωπητικῶς
939 737 1074 806 πρὸς
1110 737 1302 798 αὐτοὺς
1325 738 1450 801 τοὺς
1489 741 1616 792 Ἰου-

119 831 250 884 δαίων
286 831 544 900 ἄρχοντας
592 829 917 898 προῠτεινεν,
947 827 1136 890 αὐταῖς
1179 827 1235 879 δὲ
1281 827 1500 891 ταύταις
1525 846 1615 881 κε-

118 917 345 988 χρημίνος
386 920 503 980 ταῖς
553 917 846 988 παρούσαις
887 916 1110 981 λέξεσιν.
1159 917 1464 986 Εἰρηκότων
1511 919 1616 987 γὰρ

118 1007 286 1059 αὐτῶν·
321 1007 457 1074 Περὶ
491 1007 672 1059 καλοῦ
699 1005 869 1074 ἔργυυ
899 1009 970 1059 οὐ
1003 1003 1306 1075 λιθάζομέν
1339 1024 1432 1068 σε,
1461 1007 1618 1060 ἀλλὰ

118 1097 221 1163 περί
255 1096 659 1164 βλασφημίας,
699 1096 784 1148 ότι
828 1095 929 1158 σὺ,
963 1095 1264 1164 ἄνθρωπος
1305 1095 1410 1162 ὢν,
1437 1096 1617 1160 ποιεῖς

117 1188 338 1240 σεαυτόν
388 1189 565 1240 Θεόν·
600 1187 992 1254 ἁνταπεκρίθη
1038 1187 1237 1253 αὐτοῖς
1284 1192 1316 1242 ὀ
1357 1189 1576 1255 Ἰησοῦς
1602 1205 1613 1216 ⁸

120 1279 214 1328 Οὐκ
240 1277 360 1329 ἐστι
381 1275 774 1345 γεγραμμένον
790 1277 859 1329 ἐν
876 1275 952 1340 τῷ
978 1280 1134 1345 νόμῳ
1158 1262 1336 1345 ὑμῶν,
1357 1278 1464 1342 ὅτι,
1483 1279 1618 1346 Ἐγὼ

115 1361 240 1416 εἶπα·
259 1365 385 1418 Θεοί
414 1366 589 1428 dare;
621 1369 687 1419 El
713 1367 977 1431 ἐκείνους
998 1363 1124 1420 εἷπε
1150 1367 1338 1433 θεοὺς,
1351 1367 1496 1434 πρὸς
1512 1367 1618 1432 οὓς

115 1454 139 1504 ό
162 1452 320 1519 λόγος
348 1453 579 1520 ἐγένετο
607 1454 710 1508 τοῦ
745 1455 911 1520 Θεοῦ,
942 1457 1040 1510 καὶ
1063 1457 1134 1508 οὐ
1157 1454 1397 1507 δύναται
1436 1455 1619 1522 λυθῆ-

116 1559 189 1595 rat
209 1542 243 1609 ἡ
270 1542 496 1610 Γωφή,
523 1543 595 1596 ὃν
626 1547 658 1598 ό
690 1545 888 1612 Πατὴρ
910 1545 1121 1614 ἡγίασε
1142 1543 1239 1596 καὶ
1270 1543 1620 1596 ἀπέστειλεν

114 1632 180 1696 εὶς
206 1628 302 1685 τὸν
321 1634 566 1701 κόσμον,
593 1634 758 1701 ὑμεῖς
784 1633 1004 1702 λέγετε,
1029 1633 1116 1685 ὅτι
1143 1633 1502 1702 βλασφημεῖ,
1533 1633 1619 1685 ὅτι

114 1718 270 1775 altior“
301 1724 430 1788 Υἱὸς
453 1723 597 1778 Θεοῦ
624 1727 756 1793 ειμι.
782 1725 844 1776 Εἰ
871 1724 928 1776 δὲ
950 1723 1094 1790 λέγοι
1112 1724 1140 1774 ὁ
1157 1723 1358 1793 Σωτὴρ,
1388 1725 1619 1788 ὃτι,οὺκ

114 1811 218 1864 ἐστι
229 1813 618 1883 τετραμμένον
640 1814 708 1866 ἐν
733 1812 810 1878 τῷ
832 1814 1025 1882 νόμῳ;
1052 1813 1126 1883 μὴ
1158 1813 1438 1885 θαυμάσῃς
1454 1831 1466 1844 ο
1500 1810 1618 1866 ἐπεὶ

115 1901 258 1954 πάντα
295 1882 446 1970 λόγον
478 1901 632 1964 Θεοῦ,
663 1903 722 1954 ού
758 1902 912 1972 μόνον
936 1882 1136 1954 τὸν
1165 1882 1438 1966 Μωσέως,
1485 1903 1617 1957 ἀλλὰ
1649 1882 1690 1937 Β

113 1992 185 2043 καὶ
207 1992 289 2045 τὸν
317 1993 403 2046 διὰ
426 1993 535 2046 τῶν
575 1993 863 2062 προφητῶν
905 1993 1240 2063 λελεγμένον,
1271 1994 1455 2064 ὥσπερ
1501 1996 1618 2049 τινὰ

113 2080 351 2148 βασιλικὸν
377 2081 538 2151 νόμον
562 2081 910 2150 ἀποδέχεσθαι
947 2075 1212 2136 διδάσκει·
1255 2084 1392 2137 ὥστε
1431 2086 1522 2138 καὶ
1553 2086 1620 2137 τὰ

112 2172 179 2224 διὰ
223 2171 324 2225 τῶν
375 2171 666 2243 προφητῶν
717 2172 1134 2245 παρηγγελμένα
1159 2174 1387 2242 εὐλόγως
1411 2176 1473 2228 άν
1502 2193 1620 2227 τινα

112 2259 222 2314 εἶναι
249 2262 408 2332 φάναι
439 2264 632 2330 νόμους
678 2263 837 2317 Θεοῦ·
869 2266 962 2318 καὶ
989 2265 1049 2317 τὺ
1073 2265 1158 2318 διὰ
1182 2267 1277 2336 τῆς
1308 2265 1618 2335 ψαλμῳδίας

112 2354 296 2422 ὁμοίως.
331 2355 497 2418 Αὐτὸς
524 2351 613 2408 οὖν
646 2357 674 2409 ὁ
700 2355 790 2408 τοῦ
816 2354 948 2408 Θεοῦ
975 2356 1161 2424 Λόγος,
1200 2356 1406 2427 μορφὴν
1437 2357 1616 2408 δούλου

114 2443 278 2508 λαϐὼν,
311 2446 402 2497 καὶ
433 2447 666 2516 σχήματι
691 2447 927 2517 εὑρεθεὶς
966 2447 1045 2511 ὡς
1087 2447 1382 2518 ἄνθρωπος,
1409 2449 1533 2517 ἔστη
1561 2449 1618 2498 ἐν

114 2540 364 2606 συναγωγῇ
405 2537 558 2598 θεῶν,
589 2538 680 2590 καὶ
711 2538 868 2606 μέσος
890 2537 996 2590 τῶν
1018 2539 1076 2591 ὲν
1095 2537 1393 2607 ἀνθρώποις
1414 2537 1621 2606 ὠνομα-

114 2627 310 2680 σὸέντων
338 2625 472 2679 θεῶν
493 2627 744 2693 γεγονὼς,
767 2626 974 2696 ἔκρινεν
999 2628 1210 2690 αὐτοὺς,
1232 2627 1462 2696 ὁπηνίκα
1487 2627 1620 2697 πρὸς

113 2719 272 2779 αὑτοὺς
292 2716 502 2783 ἔλεγεν·
551 2716 603 2768 '0
640 2719 819 2784 λόγος
852 2716 924 2770 δν
959 2714 1234 2784 ἐλάλησα
1271 2716 1417 2784 πρὸς
1444 2715 1617 2785 ὑμᾶς,

112 2805 259 2870 αὐτὸς
297 2804 450 2874 ὑμᾶς
484 2805 688 2872 κρίνει.
730 2805 838 2856 Καὶ
888 2805 1082 2874 μᾶλλον
1124 2805 1264 2859 οὕτω
1315 2807 1510 2878 πρέποι
1555 2809 1620 2862 ἂν

115 2893 390 2962 ἐκδέχεσθαι
438 2893 536 2964 τὴν
578 2893 852 2964 παροῦσαν
900 2894 1137 2965 Γραφὴν,
1170 2895 1204 2965 ἢ
1254 2894 1488 2965 νομίζειν
1532 2897 1620 2950 τὸν

114 2986 332 3038 ἐπέκεινα
366 2986 472 3038 τῶν
503 2985 634 3038 ὅλων
673 2985 822 3049 Θεὸν,
855 2986 1012 3038 αὑτὸν
1037 2987 1126 3039 τὸν
1154 2987 1388 3066 Πατέρα,
1419 2989 1474 3040 ὲν
1498 2987 1622 3038 τού-

111 3092 199 3138 τοις
240 3076 541 3144 εἰσάγεσθαι
587 3077 781 3147 μεταξὺ
833 3076 967 3130 θεῶν
1000 3077 1199 3148 ἑτέρων
1225 3077 1450 3132 ἑστῶτα.
1485 3077 1618 3131 Οὖτε

111 3167 194 3236 γὰρ
226 3168 489 3238 ἰσοτίμους
509 3167 671 3241 *αύτῷ
695 3185 840 3230 τινας
866 3165 1004 3220 εἶναι
1029 3170 1270 3223 ὑπονοεῖν
1298 3169 1469 3238 θέμις,
1498 3168 1616 3222 οὔτε
1645 3199 1686 3254 C

112 3257 244 3309 αὐτὸν
277 3260 352 3320 εἰς
375 3257 622 3311 τοσοῦτον
653 3261 997 3325 καταγαγεῖν,
1029 3259 1103 3322 ὼς
1134 3261 1290 3329 μέσον
1326 3260 1618 3330 ἀνθρώπων

112 3350 330 3416 παρεῖναι
377 3348 472 3400 καὶ
515 3347 730 3400 ἑστάναι
771 3348 1130 3412 ὑποτίθεσθαι.
1157 3350 1336 3404 Ταῦτα
1362 3351 1418 3402 δὲ
1445 3351 1617 3404 πάντα

108 3433 159 3486 ἂν
203 3437 415 3507 ἁρμόζοι
459 3436 536 3506 τῷ
580 3436 794 3507 Χριστῷ
835 3438 927 3492 τοῦ
976 3440 1139 3493 Θεοῦ·
1170 3441 1228 3502 ὃς
1269 3440 1331 3509 δὴ
1360 3441 1576 3507 φάσκων
1600 3456 1613 3470 ο

109 3524 232 3590 Ἕως
267 3527 404 3580 πότε
434 3529 659 3592 κρίνετε
698 3527 948 3592 ἀδικίαν,
979 3529 1074 3581 καὶ
1119 3532 1403 3596 πρόσωπα
1436 3530 1617 3597 ἀμαρ-

106 3613 282 3669 ταιῶν
322 3616 683 3684 λαμϐάνετες
728 3617 786 3669 ού
842 3619 976 3687 πρὸς
1017 3619 1250 3681 ἐκείνους
1298 3619 1485 3688 μόνους
1538 3615 1618 3685 οἷς

110 3705 269 3774 παρὼν
295 3705 506 3776 ὡμίλει,
536 3707 668 3760 ἀλλὰ
693 3709 784 3761 καὶ
809 3709 939 3778 πρὸς
961 3709 1161 3771 πάντας
1179 3708 1318 3761 εἰποι
1345 3709 1408 3762 ἂν
1428 3709 1615 3773 ταῦτα,

109 3795 212 3855 τοὺς
255 3795 348 3866 τὴν
390 3794 633 3860 ἐξουσίαν
681 3798 770 3849 τοῦ
821 3800 1020 3868 κρίνειν
1063 3798 1277 3869 ἑτέρους
1319 3798 1614 3868 εἰληφότας.

108 3881 363 3950 Μίμφεται
412 3882 470 3936 δὲ
498 3885 738 3950 -εἰκότως
779 3887 901 3947 τοὺς
946 3886 1494 3957 καθυποκρινομένους
1523 3889 1618 3955 μὲν

104 3971 158 4022 τὰ
199 3971 298 4025 τῶν
341 3971 606 4026 πλουσίων
650 3977 932 4043 πρόσωπα,
965 3974 1390 4037 καταπονοῦντας
1417 3975 1472 4027 δὲ
1495 3977 1619 4040 τοὺς

105 4057 344 4127 τ’,ένηταςο
377 4062 494 4116 δέον
541 4061 618 4130 τῷ
659 4063 756 4130 τῆς
797 4061 1134 4130 δικαιοσύνης
1173 4062 1319 4132 ζυγῷ
1364 4063 1615 4130 δικάζειν,

110 4149 512 4214 μνημονεύοντας
549 4152 839 4216 φάσκοντος
879 4149 1038 4218 νόμου
1061 4165 1073 4177 ·
1109 4153 1191 4203 Οὐ
1235 4151 1400 4219 λήψῃ
1439 4156 1620 4221 πρόσ-

116 4251 258 4289 ωπον
284 4239 352 4290 ἐν
372 4239 578 4305 κρίσει.
606 4238 740 4290 Νυνί
766 4239 820 4291 δι
853 4240 1104 4304 πολλάκις
1125 4241 1217 4293 καὶ
1237 4244 1390 4311 ἡμεῖς
1412 4246 1502 4297 ἐπὶ
1524 4248 1619 4315 μὲν

114 4324 203 4376 τῶν
227 4328 460 4395 πενήτων
488 4327 776 4380 πταιόντων
809 4329 1012 4397 σμικρά
1035 4347 1149 4382 τινα
1171 4331 1424 4401 ἀπότομα
1445 4333 1620 4400 γιγνό-

114 4416 229 4482 μεθα
259 4419 460 4488 κριταὶ,
495 4419 585 4470 καὶ
632 4418 986 4488 ἀπαραίτητοι
1033 4421 1089 4473 ὲν
1137 4423 1253 4483 ταῖς
1295 4422 1411 4475 κατ’
1444 4422 1618 4474 αὐτῶν

1715 649 1911 704 brare?
1938 648 2092 715 Quod
2124 653 2238 722 ipse
2266 653 2518 718 Servath
2543 656 2743 724 pudore
2761 656 3062 713 Iudaeorum
3092 662 3240 731 prin-

1713 738 1859 807 cipes
1882 739 2136 802 alliciens,
2158 741 2478 811 eosdemque
2510 743 2595 797 his
2625 744 2754 812 ipsis
2789 745 2966 800 verbis
3000 748 3238 816 compel-

1715 826 1852 892 lans,
1891 828 2195 897 objiciebat.
2232 831 2363 885 Nam
2404 847 2527 886 cum
2567 834 2641 887 illi
2666 836 2922 890 dixissem
2955 854 2966 889 :
2998 837 3074 890 De
3110 837 3240 890 bono

1715 932 1862 984 opere
1890 934 1992 971 non
2019 919 2312 987 lapidamus
2345 931 2409 987 te,
2443 922 2531 976 sed
2551 925 2612 976 de
2640 923 2980 991 blasphemia;
3009 928 3130 992 quia
3161 937 3240 991 tu,

1715 1006 1868 1061 homo
1907 1024 2022 1060 cum
2054 1011 2147 1073 sie,
2194 1011 2326 1078 facie
2365 1014 2579 1080 teipsum
2622 1015 2784 1067 Deum
2815 1032 2830 1068 :
2863 1016 3119 1083 respondit
3165 1019 3239 1071 eis

1715 1092 1868 1147 Iesus
1895 1109 1912 1146 :
1947 1093 2130 1176 Nonne
2167 1099 2412 1164 scriptum
2437 1109 2513 1153 est
2544 1101 2595 1153 in
2624 1101 2730 1168 lege
2760 1113 2924 1156 vestra
2942 1121 2958 1155 :
2979 1102 3087 1172 Ego
3109 1103 3240 1168 dixi,

1717 1183 1806 1238 Dii
1824 1187 1945 1238 estis
1962 1188 1986 1240 ?
2005 1185 2064 1240 Si
2090 1187 2209 1242 illos
2237 1189 2370 1242 dixit
2395 1188 2512 1242 deos
2540 1192 2606 1242 ad
2632 1207 2756 1263 quos
2777 1210 2941 1245 sermo
2965 1193 3056 1246 Dei
3073 1194 3242 1262 {actus

1716 1286 1815 1337 est,
1844 1285 1893 1328 et
1930 1293 2032 1330 non
2056 1286 2221 1344 potest
2266 1278 2393 1332 solvi
2425 1279 2723 1346 Scriptura;
2761 1295 2906 1348 quem
2935 1281 3093 1335 Pater
3121 1300 3245 1336 san-

1718 1366 1962 1433 ctiﬁcauit
1984 1376 2032 1420 et
2059 1369 2200 1421 misit
2232 1371 2286 1422 in
2315 1369 2584 1431 mundum,
2620 1387 2705 1424 vos
2743 1371 2914 1424 dicitis
2951 1373 3073 1440 quia
3102 1373 3244 1427 blae-

1717 1458 1944 1523 pltemat,
1976 1461 2099 1527 quia
2127 1460 2238 1512 dixi
2263 1476 2280 1513 :
2312 1458 2482 1514 Filius
2507 1460 2604 1514 Dei
2636 1478 2749 1514 sum
2779 1462 2820 1516 ‘.
2850 1463 2999 1527 Quod
3036 1464 3080 1518 si
3119 1463 3244 1517 Ser-

1717 1554 1869 1601 vator
1894 1548 2040 1602 dicat
2070 1569 2082 1603 ε
2119 1547 2303 1603 Nonne
2330 1559 2407 1603 est
2443 1552 2692 1619 scriptum
2720 1553 2773 1604 in
2814 1553 2917 1622 lege
2941 1556 2964 1608 ?
2990 1569 3055 1607 ne
3085 1556 3245 1608 mire—
3340 1582 3343 1585 -

1718 1635 1824 1700 ris;
1861 1638 2114 1703 quoniam
2146 1639 2434 1706 quemlibet
2471 1653 2771 1715 sermonem
2796 1641 2908 1701 Dei,
2933 1658 3037 1696 non
3070 1643 3244 1696 solum

1718 1726 1808 1794 qui
1833 1740 1927 1794 per
1959 1725 2213 1796 Moysem,
2248 1727 2341 1782 sed
2370 1728 2527 1782 etiam
2559 1743 2652 1796 per
2690 1731 2979 1798 pmphetas
3011 1734 3245 1802 prolatus

1721 1813 1810 1878 sit,
1837 1815 1990 1883 quasi
2015 1815 2212 1883 regiam
2243 1815 2526 1883 quamdam
2561 1816 2725 1885 legem
2763 1817 3126 1888 accipiendum
3152 1822 3247 1874 do-

1719 1915 1841 1966 cet;
1891 1905 1983 1998 i_ta_
2009 1913 2066 1958 ut
2107 1912 2366 1998 praecepta
2413 1922 2505 1975 per
2539 1908 2824 1976 praphetas
2857 1910 3082 1974 tradita,
3123 1911 3244 1998 jpre

1720 1995 1860 2064 leges
1896 1993 1986 2048 Dei
2012 2011 2130 2050 esse
2161 1995 2437 2061 dicantur;
2466 2005 2519 2052 et
2552 1999 2794 2054 similiter
2823 2016 2940 2069 qua:
2992 2001 3047 2055 in
3090 1993 3242 2056 Psal-

1718 2087 1820 2139 mis
1848 2085 2112 2140 l‘eruntur.
2148 2085 2323 2155 Ipsum
2351 2089 2530 2157 itaque
2555 2088 2646 2144 Dei
2678 2087 2930 2156 Verbum,
2957 2091 3096 2165 quod
3131 2092 3245 2146 lor-

1717 2190 1856 2228 mam
1885 2177 2025 2231 servi
2057 2177 2262 2246 accepit
2282 2187 2336 2233 et
2359 2179 2544 2234 habitu
2569 2181 2836 2236 inventum
2869 2190 2951 2238 est
2980 2191 3038 2236 ut
3062 2184 3242 2248 homo,

1716 2263 1861 2338 stetit
1886 2264 1938 2316 in
1967 2279 2234 2335 synagoga
2259 2265 2478 2322 deorum
2499 2305 2515 2331 ,
2549 2277 2602 2322 et
2633 2272 2864 2326 medium
2912 2280 3060 2328 stans
3108 2273 3244 2328 inter

1717 2353 1977 2418 homines,
2011 2354 2101 2424 qui
2130 2354 2202 2408 dii
2237 2366 2516 2417 vocantur.
2547 2357 2822 2424 judicabat
2850 2377 2977 2425 eos,
3015 2377 3134 2416 cum
3165 2363 3247 2422 di-

1715 2450 1858 2496 ceret
1887 2443 1990 2498 illis
2021 2462 2036 2498 :
2062 2443 2241 2498 Sermo
2279 2460 2425 2514 quem
2454 2448 2652 2499 locutus
2685 2463 2798 2499 sum
2826 2448 2985 2512 vobis,
3025 2451 3131 2517 ipse
3157 2467 3242 2505 eos

1706 2523 1910 2600 iudicat
1926 2533 2122 2588 '.Hanc
2139 2550 2300 2604 porro
2323 2534 2652 2605 Scripturam
2674 2537 3031 2606 praestabilius
3051 2540 3246 2595 esthoc

1717 2624 1956 2692 accipere
1991 2625 2170 2689 modo,
2203 2642 2361 2695 quam
2395 2634 2582 2696 putare
2624 2627 2788 2683 Deum
2819 2630 2910 2702 qui
2939 2644 3101 2698 super
3131 2644 3247 2682 om-

1717 2716 1804 2768 nia
1835 2721 1939 2777 est,
1965 2714 2141 2784 ipsum
2180 2714 2412 2778 Patrem,
2447 2717 2532 2770 hic
2574 2717 2752 2771 induci
2784 2718 2924 2774 inter
2952 2719 3085 2774 alios
3115 2719 3244 2775 deos

1717 2811 1966 2860 stantem.
1991 2803 2172 2872 Neque
2203 2805 2344 2858 enim
2377 2805 2498 2858 licet
2529 2806 2665 2859 alios
2696 2807 2794 2874 ipsi
2836 2807 3038 2862 honore
3066 2823 3244 2877 requa-

1719 2896 1793 2949 les
1826 2911 1944 2950 esse
1978 2895 2263 2964 suspicari,
2308 2909 2480 2963 neque
2529 2895 2702 2965 ipsum
2732 2899 2805 2949 ita
2834 2897 3148 2966 deprimere,
3186 2907 3244 2954 ut

1718 2987 1924 3041 medius
1976 2987 2114 3040 inter
2159 2985 2402 3041 homines
2445 3001 2565 3040 esse
2601 2995 2653 3040 et
2700 2995 2843 3042 stare
2892 3001 3240 3059 supponatur.

1718 3075 1840 3131 llaec
1863 3091 2024 3146 porro
2051 3079 2230 3130 omnia
2258 3074 2475 3130 Christo
2506 3073 2598 3130 Dei
2625 3078 2926 3147 competant
2959 3097 2972 3132 :
2997 3079 3086 3148 qui
3113 3093 3242 3133 sane

1719 3180 1837 3220 cum
1873 3165 1983 3218 haec
2014 3163 2143 3217 dicit
2175 3184 2186 3217 :
2237 3162 2503 3233 Uequequo
2529 3155 2779 3232 iudicatis
2813 3167 3152 3236 iniquitatem,
3191 3176 3242 3222 et
3285 3161 3289 3166 λ

1716 3256 1873 3322 facies
1898 3264 2222 3321 peccatorum
2241 3255 2444 3306 sumitis
2465 3258 2489 3309 7
2514 3269 2619 3308 non
2643 3269 2734 3310 eos
2759 3257 2928 3309 solum
2953 3273 3086 3327 quos
3107 3272 3243 3328 pra:-

1715 3359 1841 3398 sens
1869 3341 2268 3411 alloquebatur;
2300 3341 2392 3396 sed
2420 3343 2579 3395 etiam
2607 3358 2793 3398 omnes
2814 3353 3072 3415 quotquot
3091 3354 3244 3414 poto-

1716 3441 1906 3490 statem
1936 3435 2002 3488 de
2035 3434 2156 3489 aliis
2181 3433 2457 3501 iudicandi
2480 3434 2803 3502 acceperint,
2835 3437 2911 3488 sic
2938 3438 3238 3505 compellat.

1717 3524 1903 3579 Merito
1935 3532 2110 3578 autem
2144 3525 2320 3594 arguit
2351 3539 2463 3590 eos,
2505 3524 2594 3592 qui
2624 3523 2846 3577 divitum
2875 3539 3154 3593 personam
3182 3528 3241 3582 in

1717 3616 1926 3670 occulto
1947 3615 2238 3683 accipiunt,
2268 3630 2526 3684 pauperes
2547 3623 2722 3668 autem
2745 3615 3049 3684 opprimunt
3074 3634 3090 3682 ;
3114 3632 3238 3672 cum

1714 3714 1955 3776 oporteat
1986 3721 2107 3761 cum
2133 3707 2354 3775 justitia:
2392 3707 2598 3762 bilance
2629 3707 2886 3775 judicium
2932 3706 3091 3771 ferre,
3137 3723 3241 3762 me-

1716 3812 1890 3851 mores
1922 3797 2053 3866 legis
2084 3812 2201 3866 qua:
2224 3798 2299 3850 ait
2331 3813 2344 3847 :
2379 3795 2496 3849 Non
2524 3798 3046 3869 accipiespersonam
3067 3799 3118 3849 in
3147 3797 3241 3864 ju-

1714 3886 1849 3957 dicio
1878 3885 1917 3939 ⁸.
1955 3885 2108 3940 Nunc
2137 3894 2315 3940 autem
2346 3886 2658 3954 plerumque
2683 3900 2782 3938 nos
2828 3900 2951 3954 erga
2981 3900 3238 3953 pauperes

1715 3975 1770 4028 in
1802 3974 2009 4027 modica
2040 3975 2238 4042 lapsos,
2286 3975 2546 4029 immanes
2589 3989 2775 4029 sumus
2811 3975 3039 4042 judices,
3080 3984 3239 4044 atque

1715 4062 1769 4116 in
1798 4061 2062 4117 sententia
2097 4070 2282 4114 contra
2309 4075 2403 4116 eos
2437 4059 2651 4114 ferenda
2693 4063 3073 4128 inexorabiles;
3102 4064 3240 4116 divi-

1713 4161 1826 4206 tum
1867 4166 1991 4206 vero
2023 4153 2113 4221 qui
2165 4151 2479 4220 gravissima
2531 4151 2754 4206 crimina
2806 4161 3128 4221 perpetrant,
3175 4170 3238 4208 ac

1714 4225 1916 4297 deinde‘
1930 4243 1981 4294 in
2016 4241 2307 4295 Ecclesiam
2335 4241 2427 4295 Dei
2474 4243 2753 4306 accedunt,
2789 4258 3067 4311 personam
3098 4245 3238 4296 acci-

1714 4335 1910 4403 pimus,
1936 4333 2007 4386 ita
2035 4340 2094 4384 ut
2120 4333 2275 4386 nobis
2294 4326 2454 4387 etiam
2477 4341 2742 4401 competat
2767 4333 2894 4386 illud
2928 4352 2941 4386 :
2971 4332 3236 4402 Uequequo

1707 4421 1958 4489 judicatis
1990 4417 2332 4490 iniquitatem,
2369 4427 2416 4472 et
2450 4420 2608 4488 facies
2642 4429 2962 4487 peccatorum
2994 4419 3244 4475 sumitis!

106 4507 383 4574 ἀτωφάσεσι
405 4524 419 4537 ·
472 4507 732 4561 πλουσίων
777 4506 832 4558 δὲ
872 4508 940 4562 τά
974 4509 1198 4578 μέγιστα
1226 4510 1615 4580 ἐξαμαρτανόν-

1714 4511 1844 4566 Cum
1873 4519 2048 4566 autem
2097 4511 2246 4573 dicit,
2277 4526 2551 4578 aequeque,
2582 4509 2648 4564 de
2689 4509 2808 4562 vita:
2837 4509 2980 4561 exitu
3017 4523 3113 4562 nos
3140 4509 3243 4563 ad-

104 4607 210 4656 των,
237 4595 419 4664 ἔπειτα
460 4595 900 4665 παραϐαλλόντων
937 4598 1016 4659 εἰς
1044 4597 1138 4667 τὴν
1182 4599 1492 4668 Ἐκκλησίαν
1518 4599 1609 4651 τοῦ

1714 4609 1915 4658 monet.
1959 4602 2246 4667 Quantum,
2310 4601 2502 4668 inquit,
2559 4597 2812 4666 temporis
2863 4597 3014 4652 vobis
3041 4588 3236 4664 aderit,

103 4678 236 4746 Θεοῦ,
271 4685 530 4754 πρόσωπα
575 4682 937 4753 λαμϐάνομεν·
991 4684 1128 4740 ὥστε
1179 4681 1270 4739 καλ
1305 4687 1434 4755 πρὸς
1466 4689 1611 4756 ἡμᾶς

1714 4707 1819 4762 quo
1849 4693 1980 4747 tales
2014 4691 2172 4746 sitis?
2207 4705 2268 4743 ac
2298 4689 2508 4743 demum
2537 4703 2632 4742 vos
2669 4686 2760 4742 Dei
2803 4687 3058 4756 judicium
3086 4688 3239 4743 inva-

103 4773 332 4842 ίιρμόττιι
354 4778 414 4830 τό
431 4793 444 4805 ·
478 4777 620 4842 Ἕως
639 4779 779 4830 πότε
799 4781 1025 4845 κρίνετε
1043 4779 1295 4843 ἀδικίαν,
1315 4781 1407 4834 καὶ
1429 4784 1608 4848 πρόσ-
1713 4785 1822 4838 det.
2202 4776 2204 4778 ’

100 4879 209 4920 αα
242 4861 595 4938 ἁμαρτωλῶν
641 4871 998 4939 λαμϐάνετες
1043 4876 1127 4928 Ἐν
1172 4876 1228 4928 δὲ
1267 4875 1344 4944 τῷ
1389 4877 1600 4944 λέγειν,
1638 4881 1746 4945 ἕως
1795 4876 1953 4936 crdis,
2008 4873 2403 4943 ὑπομιμνῄσκει
2457 4867 2554 4946 τῆς
2606 4870 2698 4924 τοῦ
2762 4872 2873 4941 βίου
2904 4869 3238 4940 ἀπαλλαγῆς.

103 4957 248 5013 Πόσον
272 4962 398 5033 γὰρ,
420 4965 597 5034 φησὶν,
619 4964 763 5029 ἕξετε
788 4965 972 5035 χρόνον
1001 4969 1057 5020 ὲν
1082 4961 1127 5035 ᾧ
1151 4969 1372 5022 τοιοῦτοι
1393 4970 1606 5038 ἔσεσθε;
1644 4974 1734 5026 καὶ
1762 4969 1940 5022 λοιπὸν
1963 4966 2270 5037 διαλήψεται
2302 4966 2440 5036 ὑμᾶς
2467 4967 2500 5036 ἡ
2524 4964 2615 5017 τοῦ
2640 4964 2770 5016 Θεοῦ
2795 4964 2987 5034 κρίσις.

153 5072 236 5123 Διὸ
257 5074 493 5143 ἐπιλέγει
511 5094 524 5106 ·
558 5078 802 5146 Κρίνατε
829 5081 1060 5148 πτωχὸν
1081 5083 1175 5136 καί
1205 5083 1479 5151 ὀρφανὸν,
1509 5102 1607 5138 ra-

100 5161 284 5213 κεινὸν
304 5162 402 5214 καὶ
423 5164 644 5232 πένητα
657 5167 1018 5222 δικαιώσατε.
1037 5170 1339 5234 Ἐξέλεσθε
1361 5169 1602 5238 πένητα,

99 5249 179 5300 καὶ
206 5251 440 5317 πτωχὸν
464 5251 531 5304 ἐκ
568 5257 762 5322 χειρὸς
803 5258 1142 5326 ἁμαρτωλοῦ
1180 5261 1462 5327 ῥύσασθε.
1481 5262 1603 5315 Ἐὰν

103 5337 180 5405 μὲν
207 5334 299 5392 οὖν
311 5341 510 5394 τούτων
531 5343 860 5414 ἁκραῦμενοι
886 5347 1257 5418 παιδευώμεθα
1279 5349 1368 5400 καὶ
1389 5349 1456 5402 τὰ
1473 5369 1608 5422 παρ-

100 5427 394 5497 αγγέλματα
427 5430 798 5502 φυλάττοιμεν,
830 5437 928 5505 τῆς
958 5439 1022 5490 ὲκ
1046 5438 1153 5491 τῶν
1171 5438 1334 5505 λόγων
1357 5437 1607 5509 ὠνάμεθα

97 5514 358 5584 ὡφελείας.
375 5516 523 5570 Ἐπεὶ
545 5519 635 5571 καὶ
652 5521 779 5590 ἡμῖν
799 5524 1110 5596 λεχθήσεται
1127 5543 1140 5555 ι
1175 5529 1292 5579 οὐκ
1320 5525 1604 5594 War,

1776 5081 1944 5135 Vens.
1978 5082 2030 5134 4.
2065 5080 2241 5146 Quare
2285 5080 2464 5135 subdit
2498 5097 2512 5132 :
2541 5077 2781 5131 Judicate
2824 5090 3030 5145 egenum
3059 5084 3106 5128 et
3134 5091 3230 5142 pu-

1705 5171 1906 5241 pillum,
1929 5171 2169 5225 humilem
2198 5180 2246 5224 et
2266 5184 2535 5238 pauperem
2553 5169 2855 5235 justiﬁcate.
2887 5163 3081 5232 Eripite
3099 5181 3228 5232 pau-

1703 5277 1891 5329 perem,
1921 5271 1968 5314 et
2005 5277 2214 5330 egenum
2255 5261 2316 5313 de
2369 5275 2526 5313 manu
2561 5249 2857 5327 peccatoris
2906 5256 3130 5309 liberate.
3170 5255 3226 5307 Si

1708 5353 1888 5421 itaque
1913 5352 1996 5408 his
2020 5353 2217 5406 auditis
2239 5351 2306 5404 ad
2336 5350 2671 5418 disciplinam
2692 5347 3005 5400 accedamus
3025 5355 3076 5400 et
3099 5359 3228 5413 pra:-

1708 5451 1858 5508 cepta
1895 5456 2198 5504 servemus,
2240 5455 2306 5496 ex
2348 5437 2685 5495 sermonibus
2725 5436 3005 5489 utilitatem
3049 5432 3223 5500 perci-

1706 5531 1930 5599 piemus.
1949 5531 2156 5588 Etenim
2181 5532 2336 5586 nobis
2369 5543 2579 5598 quoque
2621 5528 2825 5582 dicetur
2851 5523 3126 5585 :-—_Vsns.
3167 5522 3220 5577 5.

98 5604 217 5660 οὐδὲ
237 5605 538 5674 συνῆκαν,
562 5608 631 5660 ἐν
648 5612 844 5666 σκότει
867 5615 1325 5683 διαπορεύονι-αι.
1339 5614 1405 5667 Ti
1424 5615 1485 5668 δὲ
1509 5619 1605 5670 οὐκ

1714 5618 2036 5705 Nescierunt,
2066 5637 2221 5692 neque
2269 5620 2647 5685 intellexerunt,
2697 5621 2754 5673 in
2800 5614 3012 5671 tenebris
3043 5611 3224 5665 ambu-

165 5757 362 5816 ηοω.
400 5777 469 5828 ι,
505 5761 589 5816 '53.
665 5764 685 5793 '
723 5762 876 5819 Joan.
911 5781 1016 5833 ιιι,
1045 5767 1135 5823 48.
1208 5766 1230 5796 ⁸
1265 5764 1418 5823 Deut.
1454 5781 1572 5834 xu,
1613 5766 1692 5822 l9.
1747 5725 1760 5736 .

1626 5913 1648 5954 ό
