3974 6354
650 453 754 508 987

1340 446 1602 503 EUSEBH
1636 442 2107 502 CESARlENSIS
2133 442 2282 498 OPP.
2325 440 2503 496 PARS
2534 437 2618 493 ill.
2654 465 2725 478 --
2753 435 3152 492 EXEGETICA.

653 567 784 621 tant.
826 563 963 630 Quid
1000 573 1171 617 autem
1204 564 1515 615 nescierunt
1566 576 1741 630 neque
1789 559 2184 622 intellexerunt,

2289 558 2527 626 ἔγνωσαν
2562 553 2688 608 οὐδὲ
2738 550 3052 621 συνῆκαν,ἢ
3085 551 3165 602 ὃτι
3211 550 3331 604 ὅσον
3365 547 3516 603 οὔπω
3556 550 3648 604 καὶ
3678 551 3814 604 αὐτοὶ

653 655 760 708 nisi
793 669 851 707 se
883 651 1272 721 quamprimum
1321 649 1577 703 tribunali
1609 648 1704 703 Dei
1745 645 2013 702 sistendos
2042 661 2184 709 esse,

652 745 911 798 rationem
949 743 1012 796 de
1051 742 1270 812 judiciis
1307 740 1508 808 injuste
1556 739 1681 792 latis
1728 736 2066 792 reddituros?
2107 735 2186 789 Illi

652 847 778 888 vero
803 832 1064 902 judicium
1105 830 1197 885 Dei
1232 845 1339 899 prae
1371 829 1544 884 oculis
1578 843 1686 882 non
1713 835 1991 897 ponentes,
2022 827 2076 880 in
2107 832 2187 880 te-

653 925 834 979 nebris
860 924 1153 985 ambulant,
1192 920 1504 991 ignarantiae
1531 921 1758 989 caligine
1784 919 1979 972 mentis
2002 917 2187 972 oculos

653 1016 954 1084 opplentes.
979 1012 1334 1077 Quamobrem
1366 1025 1462 1080 par
1493 1017 1576 1064 est
1604 1025 1698 1064 e03
1722 1008 1872 1063 verbi
1903 1005 2188 1076 splendore

652 1107 969 1166 illustratos,
1028 1116 1118 1157 aut
1163 1119 1270 1157 non
1310 1103 1578 1172 judicare,
1623 1114 1887 1156 memores
1933 1098 2050 1166 ejus
2096 1096 2187 1163 qui

653 1196 787 1249 dixit
821 1212 835 1248 :
864 1191 1040 1246 Nolite
1063 1192 1322 1262 judicare,
1351 1198 1409 1243 ut
1445 1205 1548 1242 non
1579 1187 1884 1262 judicemini
1911 1185 1969 1258 ’;
2003 1193 2093 1236 aut
2142 1183 2188 1237 si

654 1285 709 1339 id
756 1283 1040 1352 aliquando
1063 1255 1294 1336 necesse
1322 1278 1502 1341 fuerit,
1535 1255 1899 1346 justissimum
1925 1255 2188 1343 judicium

652 1375 816 1436 ferre,
851 1390 912 1428 ac
935 1380 1259 1445 peccatores
1283 1370 1630 1433 convincere;
1653 1367 1862 1422 etiamsi
1894 1363 2190 1435 oportuerit

653 1481 754 1535 pro
779 1465 999 1518 veritate
1029 1462 1164 1515 mori
1207 1480 1218 1515 :
1255 1462 1305 1515 in
1341 1460 1576 1512 animum
1611 1457 1943 1520 inducentes,
1984 1455 2039 1509 in
2067 1455 2188 1506 uni-

653 1555 852 1609 versali
882 1555 973 1609 Dei
1003 1552 1228 1623 judicio,
1263 1550 1403 1621 quod
1438 1565 1532 1620 per
1560 1548 1832 1605 Christum
1861 1562 2015 1602 suum
2049 1546 2188 1598 latu-

653 1660 752 1699 rus
779 1655 880 1708 est,
907 1645 1142 1698 omnium
1173 1643 1286 1696 fore
1317 1641 1831 1696 consummationem
1859 1645 1912 1693 et
1931 1637 2186 1691 mutatio-

655 1751 797 1789 nem.
849 1735 998 1800 Quod
1052 1734 1312 1803 judicium
1346 1734 1583 1788 declarat
1626 1733 1679 1786 id
1707 1731 1852 1800 quod
1899 1728 2185 1797 sequitur:

653 1824 890 1880 --Ϋειιιε⁸
918 1825 970 1888 6,
1003 1827 1056 1878 7.
1087 1825 1432 1880 lavabantur
1455 1824 1629 1878 omnia
1662 1821 2182 1890 fundamentaterrce.

654 1914 764 1985 Ego
792 1917 1036 1970 dixi:Dii
1057 1919 1200 1980 estis,
1224 1927 1271 1971 et
1300 1917 1398 1985 ﬁlii
1428 1915 1682 1967 Altissimi
1708 1929 1901 1966 omnes.
1949 1910 2049 1964 Vos
2090 1927 2186 1963 au-
2217 1895 2258 1948 Β

657 2014 753 2058 tem
781 2009 914 2060 sicut
941 2008 1169 2062 homines
1205 2006 1512 2071 mariemini,
1536 2014 1584 2058 et
1619 2005 1750 2057 sicut
1776 2019 1908 2056 unus
1937 2002 1999 2056 de
2038 2004 2185 2071 prin-

653 2096 850 2164 cipibus
877 2097 1091 2151 cadetis.
1124 2095 1428 2151 Memoratis
1462 2096 1584 2158 diis,
1616 2092 1842 2147 ducibus
1872 2092 2117 2146 videlicet
2138 2101 2191 2146 et

654 2185 989 2254 principibus
1037 2185 1237 2253 populi,
1287 2185 1374 2252 qui
1423 2186 1478 2236 in
1523 2182 1755 2238 medium
1807 2197 1997 2235 eorum
2042 2181 2189 2234 venit

653 2274 817 2339 Deus,
844 2274 954 2326 haec
982 2273 1141 2327 etiam
1164 2274 1416 2349 loquitur,
1435 2272 1653 2335 docens,
1691 2287 1748 2327 se
1774 2271 1986 2342 quidem
2012 2267 2188 2324 Patris

655 2365 1025 2418 liberalitatem
1082 2365 1369 2430 imitatum,
1419 2363 1568 2416 nulla
1618 2363 1819 2417 invidia
1867 2361 2182 2421 cohibitum,

655 2455 905 2509 deitatem
935 2456 1333 2509 communicare
1364 2467 1546 2518 suam;
1579 2452 1654 2505 ita
1701 2459 1760 2505 ut
1806 2451 1928 2506 illos
1976 2465 2188 2520 quoque

655 2561 838 2619 omnes
867 2547 998 2601 deos
1027 2552 1080 2599 et
1116 2544 1254 2598 filios
1286 2543 1547 2599 Altissimi
1573 2549 1809 2605 vocaret,
1838 2541 1980 2610 quod
2007 2550 2186 2595 tamen

644 2637 760 2712 sibi
791 2637 892 2692 soli
925 2640 1125 2702 inerat;
1155 2634 1232 2687 illi
1262 2649 1388 2689 vero
1433 2636 1658 2705 gratiam
1693 2633 2016 2688 contumelia
2066 2632 2188 2688 ασε-

652 2735 864 2782 cerunt.
896 2724 1011 2789 Quo
1041 2732 1200 2795 pacto
1224 2730 1400 2778 autem
1431 2724 1523 2792 qui
1553 2738 1582 2776 a
1611 2722 1719 2778 Deo
1736 2723 2013 2792 imperium
2037 2737 2190 2776 acce-

653 2833 801 2888 pere,
831 2816 1052 2871 deorum
1097 2801 1351 2871 honorem
1412 2814 1552 2884 apud
1601 2815 1845 2870 subditos
1887 2813 2184 2878 obtineant,

654 2908 935 2978 intelliges,
966 2907 1012 2961 si
1042 2906 1218 2960 animo
1261 2905 1508 2961 advertas
1540 2903 1741 2958 dictum
1771 2901 1940 2973 Moysi
1967 2902 2134 2957 fuisse
2170 2921 2183 2954 :

655 2997 787 3051 Ecce
818 2997 1060 3051 constitui
1101 3003 1146 3048 te
1189 2994 1338 3047 hodie
1367 2994 1519 3046 deum
1559 2993 1873 3055 Pharaonis,
1917 3000 1966 3045 et
2010 2992 2185 3045 Aaron

654 3090 818 3158 frater
859 3097 974 3140 tuus
1008 3086 1105 3138 erit
1147 3084 1238 3138 tibi
1265 3084 1514 3152 propheta
1539 3085 1578 3138 ⁸.
1609 3082 1760 3137 Sicut
1788 3084 1932 3138 enim
1953 3081 2184 3153 Moyses,

653 3194 776 3234 cum
805 3178 964 3230 homo
995 3175 1088 3230 Dei
1116 3183 1280 3238 esset,
1299 3183 1350 3228 et
1384 3176 1452 3229 ab
1484 3191 1549 3231 eo
1579 3176 1834 3230 honorem
1864 3176 2180 3244 accepisset,

653 3267 788 3322 deus
823 3265 1119 3320 Pharaonis
1145 3266 1446 3336 appellatus
1481 3273 1602 3333 est;
1629 3268 1812 3321 eodem
1845 3266 2006 3321 modo
2031 3275 2186 3335 quot-

654 3364 786 3426 quot
815 3371 844 3408 a
877 3355 985 3411 Deo
1018 3355 1271 3410 honorem
1305 3357 1627 3425 acceperint,
1665 3355 1886 3411 deorum
1913 3357 2030 3409 loco
2057 3355 2187 3409 sub-

654 3447 782 3501 ditis
815 3446 1093 3500 habentur.
1135 3445 1493 3511 Quamobrem
1550 3444 1711 3499 iidem
1749 3444 1945 3500 subditi
1982 3443 2055 3497 ad
2093 3459 2188 3501 eos

654 3551 779 3590 cum
805 3537 1101 3590 reverentia
1132 3543 1186 3589 et
1207 3536 1397 3588 timore
1418 3533 1700 3598 accedunt,
1724 3549 1834 3588 non
1861 3533 1931 3588 ob
1955 3533 2188 3588 militare

657 3626 991 3688 satellitium,
1027 3640 1133 3679 non
1161 3625 1230 3678 ob
1270 3624 1481 3678 divitias
1509 3631 1562 3679 et
1609 3631 1954 3694 potestatem;
1991 3624 2086 3679 sed
2116 3622 2211 3678 ob.

653 3715 912 3769 honorem
940 3713 1073 3782 ipsis
1101 3726 1130 3764 a
1150 3710 1260 3766 Deo
1280 3713 1526 3766 inditum.
1559 3710 1649 3765 Sic
1676 3713 1818 3766 enim
1843 3708 2209 3780 loysis’vulr

655 3804 941 3874 tus-gloria
973 3802 1300 3871 replebatur,
1351 3801 1430 3856 sic
1481 3802 1844 3870 apostolorum
1895 3798 2187 3856 Salvatoris

654 3894 846 3957 nostri,
874 3893 952 3948 sic
985 3893 1111 3947 olim
1143 3888 1236 3947 Dei
1280 3891 1681 3962 prophetarum,
1715 3878 1793 3945 sic
1825 3891 2063 3943 omnium
2082 3880 2186 3960 qui

652 3995 778 4036 vere
811 3981 950 4035 servi
982 3980 1075 4035 Dei
1099 3988 1284 4046 erant;
1317 3964 1409 4050 qui
1442 3979 1567 4037 dum
1597 3980 1712 4034 sine
1740 3979 2024 4049 splendore
2054 3971 2189 4048 pauo

653 4078 914 4142 pe'resque
943 4070 1108 4124 vitam
1138 4069 1409 4142 degerent,
1435 4085 1465 4124 a
1500 4070 1766 4140 religiosis
1805 4078 1981 4123 tamen
2013 4068 2188 4124 homi-

653 4163 812 4216 nibus
837 4160 906 4213 ob
925 4159 1145 4213 inditam
1177 4159 1281 4213 sibi
1307 4158 1550 4227 -gratiam
1591 4158 1646 4211 in
1685 4157 1889 4212 honore
1913 4156 2188 4212 habeban-

653 4260 762 4305 tur.
788 4249 903 4320 Ego
925 4249 1162 4319 quidem.
1183 4247 1288 4312 .ait,
1318 4247 1397 4303 sic
1437 4247 1600 4312 volui,
1632 4247 1712 4302 sic
1741 4247 1849 4301 dixi
1880 4264 1892 4298 :
1926 4245 2019 4300 Dii.
2038 4249 2183 4303 estis.

654 4342 811 4397 Volui
839 4356 971 4397 sane
999 4355 1096 4394 vos
1120 4333 1340 4409 perinde
1375 4346 1532 4408 atque
1552 4325 1636 4391 me
1666 4339 1721 4392 in
1746 4338 1922 4393 medio
1945 4343 2185 4392 vestrum

653 4438 884 4508 gtantem
937 4429 1125 4492 Deum,
1175 4425 1434 4481 Altissimi
1480 4424 1620 4480 ﬁlios
1650 4424 1778 4479 edici
1872 4432 2184 4484 vosautem

2210 3221 2257 3284 C

2287 643 2719 714 παραστήσονται
2744 639 2820 709 τῷ
2849 638 3045 708 βήματι
3079 636 3171 690 τοῦ
3195 637 3347 702 Θεοῦ,
3385 637 3536 705 λόγον
3577 636 3814 700 δώσοντες

2284 735 2410 805 περὶ
2461 726 2534 787 ὧν
2581 734 2640 784 οὐ
2690 730 2912 791 δικαίως
2938 729 3186 801 ἔκριναν,
3221 731 3282 781 Οἰ
3315 728 3370 782 δὲ
3408 728 3480 799 μὴ
3508 728 3611 796 πρὸ
3636 727 3815 795 ὀφθαλ-

2287 823 2401 894 μῶν
2433 823 2643 893 θέμενοι
2673 819 2771 892 τὴν
2805 819 2979 890 κρίσιν
3015 819 3125 879 τοῦ¹
3161 816 3293 872 Θεοῦ
3345 821 3400 871 ὲν
3437 819 3612 870 σκότει
3648 818 3815 871 διαπο-

2288 912 2549 982 ρεύονται,
2580 909 2656 980 τῷ
2677 910 2778 981 τῆς
2803 909 3017 976 ἀγνοίας
3042 908 3212 978 σκότῳ
3237 906 3304 960 τά
3329 908 3426 976 τῆς
3452 907 3624 976 ψυχῆς
3653 907 3814 959 αὐτῶν

2283 1002 2501 1071 ὄμματα
2549 1000 2948 1073 πληρώσαντες.
2982 999 3070 1051 Διὸ
3121 999 3398 1069 προσήκει,
3427 997 3515 1067 τῷ·
3550 996 3638 1050 τοῦ
3675 997 3819 1064 λόγου

2287 1095 2474 1162 φέγγει
2508 1094 2922 1164 φανιιζομένους,
2953 1091 2984 1162 ἢ
3037 1092 3110 1160 μὴ
3149 1091 3370 1161 κρίνειν,
3402 1089 3814 1160 μνημονεύοντας

2285 1183 2377 1237 τοῦ
2410 1185 2683 1257 εἰρηκότος
2705 1202 2717 1214 ·
2751 1184 2846 1251 Μὴ
2889 1183 3134 1250 κρίνετε,
3168 1183 3267 1235 ἵνα
3291 1181 3374 1250 μὴ
3408 1180 3636 1250 κριθῆτε
3663 1196 3676 1209 ο
3709 1180 3737 1249 ἢ
3773 1183 3813 1233 εἰ

2287 1275 2493 1346 ἀνάγκη
2555 1276 2681 1328 ποτὲ
2732 1275 2968 1346 κρίνειν,
3020 1272 3157 1327 κατά
3199 1273 3259 1325 τὸ
3301 1272 3628 1325 δικαιότατον
3673 1268 3810 1323 τοῦτο

2287 1369 2455 1420 ποιεῖν
2481 1366 2572 1419 καὶ
2595 1366 2829 1436 ἐλέγχειν
2849 1366 2976 1429 τοὺς
2999 1365 3416 1434 ἁμαρτάνοντας,
3442 1362 3542 1416 κᾶν
3564 1363 3669 1415 δέοι
3691 1363 3800 1434 se,

2286 1456 2537 1528 ἀληθείας
2565 1455 2834 1527 θνήσκειν,
2866 1455 3259 1525 πεπεισμένους
3289 1454 3546 1525 ἀκριϐῶς,
3591 1455 3670 1505 ὅτι
3699 1454 3800 1506 πάν-

2287 1562 2391 1598 των
2422 1545 2571 1598 ἔσται
2597 1544 2868 1599 συντέλεια
2912 1547 3004 1600 καὶ
3039 1543 3304 1616 μεταϐολὴ
3333 1544 3422 1595 ἐπὶ
3464 1547 3529 1613 τῇ
3577 1543 3812 1615 καθολικῇ

2288 1634 2462 1705 κρίσει
2507 1633 2598 1687 τοῦ
2630 1636 2782 1702 Θεοῦ,
2809 1637 2873 1707 ὴν
2899 1639 3175 1706 ποιήσεται
3221 1633 3310 1687 διὰ
3349 1633 3440 1686 τοῦ
3469 1633 3700 1705 Χριστοῖι
3726 1635 3812 1687 αὐ·

2285 1724 2378 1776 τοῦ
2399 1743 2411 1754 ·
2439 1725 2504 1795 ἣν
2532 1727 2623 1778 καί
2654 1727 2683 1777 ό
2716 1725 2908 1796 παρὼν
2949 1728 3241 1797 παρίστησι
3277 1726 3427 1794 λόγος
3457 1727 3815 1780 ὲπισυνάπτων

2290 1814 2412 1884 ἑξῆς
2449 1814 2507 1867 τό
2526 1832 2539 1844 ·
2566 1815 3041 1882 Σαλενθήσονται
3083 1816 3273 1869 πάντα
3321 1814 3392 1868 τὰ
3437 1815 3672 1883 θεμέλια
3717 1813 3815 1880 τῆς

2285 1903 2414 1973 γῆς.
2457 1907 2596 1974 Ἐγὼ
2648 1901 2808 1959 εἶπα·
2861 1907 2989 1959 Θεοί
3041 1907 3215 1970 ἐστε,
3249 1907 3352 1959 καὶ
3395 1907 3510 1960 υἱοί
3553 1907 3819 1974 Ὑψίστου

2285 1993 2504 2059 πάντες
2526 2012 2538 2025 ·
2563 1995 2726 2064 ὑμεῖς
2759 1988 2824 2048 δὲ
2852 1997 2930 2063 ὡς
2970 1996 3259 2064 ἄνθρωποι
3284 1997 3706 2065 ἀποθνήσκετε,
3729 1996 3815 2049 καὶ

2285 2085 2364 2150 ὡς
2418 2081 2503 2151 εἷς
2555 2086 2673 2139 τῶν
2720 2089 3021 2155 ἀρχόντων
3081 2090 3338 2141 πίπτετε.
3369 2088 3488 2140 Ἔτι
3532 2087 3666 2159 πρὸς
3703 2087 3817 2151 τοὺς

2286 2176 2670 2246 προλεχθέντας
2703 2177 2873 2243 θεοὺς,
2906 2177 3234 2249 ἡγουμένους
3258 2178 3453 2249 δηλαδὴ
3505 2179 3596 2231 καὶ
3636 2177 3815 2248 ἄρχον-

2285 2281 2380 2328 τας
2404 2266 2496 2317 τοῦ
2539 2266 2687 2331 λαοῦ,
2718 2268 2746 2318 ὁ
2773 2266 2931 2335 μέσος
2967 2267 3141 2319 αὐτῶν
3165 2269 3447 2337 γενόμενος
3477 2268 3607 2330 Θεὸς
3639 2268 3728 2320 καὶ
3753 2267 3828 2318 τὰί
3938 2279 3939 2282 ‘

2285 2358 2523 2428 παρόντα
2563 2359 2916 2423 ἀποτείνεται,
2953 2358 3230 2423 διδάσκων,
3270 2359 3343 2422 ὡς
3384 2358 3542 2421 αὐτὸς
3589 2358 3701 2427 μὲν,
3728 2357 3816 2427 τὴν

2284 2445 2373 2498 τοῦ
2401 2448 2608 2518 Πατρὸς
2649 2447 2904 2515 ἀφθονίαν
2952 2447 3298 2518 μιμούμενος,
3327 2449 3489 2500 πᾶσιν
3521 2448 3696 2508 αὐτοῖς
3727 2448 3814 2516 τῆς

2285 2536 2446 2590 αὐτοῦ
2467 2537 2713 2606 θεότητος
2731 2538 2829 2590 οὐκ
2844 2537 3103 2608 ἐφθόνησε
3123 2536 3456 2608 μεταδοῦναι,
3469 2536 3544 2599 ὡς
3562 2536 3653 2590 καὶ
3674 2535 3814 2600 θεοὺς

2285 2626 2638 2697 ἀναγορεῦσαι
2687 2629 2880 2692 αὐτοὺς
2925 2629 3019 2682 καὶ
3064 2629 3210 2692 υἱοὺς
3249 2628 3496 2697 Ὑψίστου
3525 2627 3723 2690 πάντας
3753 2626 3828 2681 ἆνο

2285 2717 2477 2782 εἰπεῖν,
2507 2717 2639 2786 ὅπερ
2659 2718 2803 2789 αὐτῷ
2828 2719 2969 2789 μόνῳ
3001 2719 3203 2790 προσῆν
3225 2736 3237 2748 ·
3268 2721 3316 2770 οἰ
3342 2718 3398 2770 δὲ
3428 2718 3525 2788 τὴν
3553 2718 3707 2789 χάριν
3739 2719 3816 2770 ὲν-

2286 2809 2524 2881 ύόρισαν.
2555 2812 2780 2883 Νοήσεις
2805 2813 2860 2864 δὲ
2887 2812 3002 2876 πῶς
3027 2812 3187 2882 τιμὴν
3212 2811 3347 2866 θεῶν
3374 2814 3421 2865 οἰ
3454 2813 3560 2865 ὑπὸ
3580 2810 3672 2864 τοῦ
3690 2809 3812 2862 Θεοῦ

2284 2903 2383 2972 τὴν
2408 2903 2580 2974 ἀρχὴν
2607 2903 2885 2974 εἰληφότες
2908 2903 3056 2974 παρὰ
3081 2907 3188 2967 τοῖς
3219 2903 3537 2974 ἀρχομένοις
3575 2904 3814 2973 ἐκτήσαν-

2283 3009 2343 3046 το
2370 3033 2386 3058 ,
2443 2996 2736 3066 ἐπιστήσας
2779 2995 2926 3058 ὅπως
2986 2996 3195 3065 εἴρηται
3243 2994 3320 3064 τῷ
3374 2995 3562 3048 Μωσεϊ
3594 3009 3608 3024 ο
3679 2992 3828 3046 Ἰδοὺ-

2285 3084 2617 3152 καθέστηκὰ
2678 3101 2780 3140 σε·
2807 3085 3069 3155 σήμερον
3131 3085 3266 3139 θεὸν
3318 3084 3400 3150 τῷ
3444 3084 3683 3152 Φαραὼ,
3725 3083 3813 3136 καὶ

2300 3175 2507 3243 Ἀαρὼν
2549 3180 2582 3232 ό
2635 3177 2894 3246 ἀδελφός
2947 3191 3062 3231 σου
3110 3177 3278 3231 ἔσται
3337 3190 3435 3229 σοι
3498 3173 3809 3244 προφήτης.

2289 3265 2494 3336 Ὥσπερ
2538 3267 2641 3337 γὰρ
2682 3268 2902 3338 Μωσῆς,
2950 3268 3230 3340 ἄνθρωπος
3273 3267 3347 3321 ὢν
3376 3265 3511 3320 Θεοῦ
3554 3267 3647 3318 καὶ
3695 3264 3828 3337 παρ’

2285 3353 2446 3407 αὑτοῦ
2475 3355 2571 3425 τήν
2590 3356 2752 3426 τιμὴν
2768 3356 2963 3421 λαϐὼν,
2993 3356 3110 3419 θεὸς
3133 3355 3464 3427 ἀνηγορεύθη
3494 3355 3586 3408 τοῦ
3607 3345 3828 3426 Φαραώή

2284 3444 2371 3497 τὸν
2391 3445 2548 3498 αὑτὸν
2566 3445 2762 3517 τρόπον
2783 3447 2876 3500 καὶ
2901 3447 3096 3509 πάντες
3118 3444 3210 3509 οὓς
3235 3444 3300 3499 ἃν
3316 3446 3592 3516 τιμήσειεν
3622 3447 3650 3497 ὁ
3671 3446 3814 3510 Θεὸς,

2285 3532 2419 3585 θεῶν
2467 3525 2646 3604 χώραν
2693 3534 2841 3605 παρὰ
2886 3536 2998 3598 τοῖς
3043 3532 3490 3603 ὑποτεταγμένοις
3526 3533 3809 3605 εἰλήφασιν.

2287 3621 2472 3676 Ἔνθεν
2511 3624 2601 3679 καί
2631 3624 2681 3676 οἰ
2708 3625 2996 3696 ἀρχόμενοι
3034 3625 3318 3695 προσίασιν
3347 3623 3524 3687 αὐτοῖς
3558 3625 3691 3694 μετά
3727 3624 3814 3676 ei»-

2283 3709 2500 3775 λασείας
2532 3713 2623 3765 καί
2648 3712 2817 3776 δέους,
2850 3714 2908 3766 οὐ
2942 3713 3031 3766 διά
3069 3729 3186 3766 τινα
3210 3712 3524 3784 δορυφορίαν
3561 3730 3810 3785 στρατιω-

2238 3821 2242 3825 ’
2283 3802 2456 3871 τικὴν,
2487 3803 2547 3854 οὐ
2574 3801 2659 3854 διὰ
2682 3801 2905 3855 πλοῦτον
2943 3803 3034 3855 καὶ
3054 3803 3385 3868 δυναστείαν,
3408 3803 3493 3856 διὰ
3519 3803 3576 3856 δὲ
3602 3807 3697 3870 τὴν
3718 3803 3821 3856 om

2283 3888 2415 3942 Θεοῦ
2448 3891 2756 3960 περιθεῖσαν
2788 3891 2978 3953 αὑτοῖςι
3010 3894 3190 3962 τιμήν.
3230 3892 3384 3946 Οὕτω
3424 3893 3532 3964 γὰρ
3573 3895 3666 3946 καὶ
3696 3895 3819 3947 Mu-

2285 3981 2418 4044 σὲως
2443 3977 2510 4053 ἦν
2540 3980 2916 4052 δεδοξασμένον
2944 3982 3005 4034 τὸ
3036 3983 3351 4053 πρόσωπονο
3385 3983 3523 4036 οὕτω
3569 3984 3662 4037 καὶ
3710 3983 3809 4035 τῶν

2281 4073 2584 4127 ἀποστόλων
2609 4073 2701 4127 τοῦ
2730 4075 2976 4146 Σωτῆρος
3004 4078 3036 4145 ή
3047 4074 3179 4145 μῶν,
3210 4075 3349 4127 οὕτω
3388 4075 3481 4128 καὶ
3519 4074 3627 4127 τῶν
3656 4075 3812 4128 πάλαι

2282 4163 2372 4216 τοῦ
2401 4164 2532 4218 Θεοῦ
2563 4167 2870 4236 προφητῶν,
2911 4165 3068 4220 οὕτω·
3093 4167 3184 4219 καὶ
3218 4165 3427 4219 πάντων
3461 4166 3568 4219 τῶν
3610 4166 3813 4236 ἀληθῶς

2281 4255 2373 4308 τοῦ
2399 4256 2531 4309 Θεοῦ
2555 4256 2771 4319 δούλων,
2802 4258 2998 4324 ἀδόξως
3031 4259 3293 4328 μενόντων
3311 4257 3407 4310 καὶ
3428 4257 3658 4327 πτωχῶν
3682 4256 3813 4310 κατά

2281 4343 2370 4396 τὸν
2403 4343 2532 4413 βίον,
2559 4345 2929 4414 τετιμημένων
2945 4328 3004 4399 δά
3026 4345 3302 4416 παρὰτοῖς
3327 4346 3595 4400 θεοσεϐέσι
3622 4345 3706 4398 διὰ
3725 4346 3814 4416 τήν

2283 4435 2346 4486 ὲκ
2375 4432 2507 4485 Θεοῦ
2535 4433 2818 4503 δεδομένην
2862 4435 3044 4498 αὐτοῖς
3074 4435 3246 4507 χάριν.
3264 4435 3405 4504 Ἐγὼ
3435 4437 3530 4505 μὶν
3572 4433 3686 4499 οὖν,
3715 4453 3812 4504 φη-

653 4513 883 4591 g‘ratiam
930 4517 1349 4588 centempsistis.
1394 4517 1454 4568 in
1502 4522 1680 4569 vestra
1729 4516 1905 4584 itaque
1953 4515 2185 4571 humana

2287 4526 2359 4589 σί,
2394 4525 2486 4578 καὶ
2533 4523 2784 4593 ἠθέλησα,
2823 4525 2915 4577 καὶ
2959 4521 3107 4578 εἷπον
3125 4544 3138 4556 σ
3172 4527 3309 4580 Θεοί
3340 4527 3478 4580 ἐστε
3495 4543 3509 4556 ·
3547 4525 3816 4596 βουληθεὶς

653 4611 878 4673 malitia,
923 4618 976 4664 et
1019 4611 1075 4663 in
1122 4607 1357 4678 peccatis
1394 4606 1586 4661 vestris
1631 4604 1952 4672 moriemini.
1997 4603 2189 4658 Anima

653 4704 795 4758 enim
835 4715 946 4770 quae
984 4698 1286 4766 peccauerit,
1334 4696 1738 4765 ipsa.morietur
1764 4696 1805 4749 ⁹.
1847 4693 2200 4764 Quapropter,

652 4807 738 4845 vos
786 4791 918 4847 sicut
975 4787 1208 4840 homines
1254 4787 1571 4848 moriemini,
1632 4793 1681 4839 et
1744 4784 1878 4838 sicut
1930 4801 2062 4838 unus
2121 4782 2184 4838 de

651 4880 964 4950 principibus
981 4876 1195 4929 cadetis.
1214 4862 1833 4940 Quemadmodumenlm
1854 4872 1979 4930 olim
1995 4861 2183 4930 diabo4

655 4973 741 5027 lus
781 4972 986 5024 honore
1033 4967 1251 5023 aliectus
1281 4965 1381 5021 fuit
1409 4966 1549 5035 apud
1575 4964 1765 5030 Deum,
1797 4974 1850 5022 et
1879 4967 2180 5036 principum
2205 5002 2210 5009 -

655 5063 710 5116 in
737 5062 890 5115 caelis
912 5059 1221 5131 angelorum
1252 5075 1392 5113 unus
1415 5057 1554 5124 luit;
1585 5055 1779 5112 deinde
1809 5074 1975 5126 pravo
2003 5059 2184 5113 consi-

655 5153 728 5207 lio
765 5165 997 5213 usus,ex
1029 5150 1146 5203 loco
1173 5165 1271 5205 suo
1299 5149 1516 5214 decidit,
1535 5149 1607 5202 ita
1639 5154 1698 5201 ut
1725 5147 1792 5202 de
1820 5149 1910 5202 illo
1939 5150 2180 5205 dicatur:

657 5240 921 5308 Quomodo
938 5239 1096 5292 cecidi
1103 5238 1189 5291 tde
1204 5239 1326 5292 creto
1344 5238 1658 5308 Lucifer,qui
1677 5253 1825 5290 mane
1842 5238 2100 5293 oriebatur
2119 5240 2187 5294 “’1'

654 5331 791 5386 tales
817 5341 870 5384 et
898 5344 990 5384 vos
1012 5345 1225 5400 quoque
1262 5329 1443 5384 fuistis
1468 5349 1481 5385 :
1512 5346 1620 5384 non
1663 5330 1806 5399 quod
1833 5339 2024 5385 natura
2053 5331 2180 5384 mali

655 5422 809 5487 sitis;
845 5419 941 5475 sed
967 5420 1226 5476 electione
1250 5430 1429 5476 vestra
1456 5436 1560 5474 non
1593 5422 1732 5475 bona
1756 5422 1860 5475 usi.
1894 5418 2033 5475 Sane
2057 5438 2182 5478 veno

655 5529 717 5566 ea
745 5527 862 5580 quae
889 5526 921 5563 a
965 5524 1049 5563 me
1078 5513 1512 5580 proﬁciscuntur,
1547 5511 1613 5565 ad
1652 5511 1744 5567 Dei
1779 5513 2036 5567 honorem
2086 5528 2185 5569 vos

654 5602 963 5657 evocabant.
983 5599 1092 5656 Vos
1114 5609 1290 5659 autem
1305 5603 1488 5675 lapsus
1511 5603 1801 5675 principem
1823 5603 2034 5673 imitati,
2049 5607 2182 5659 sicut

2283 4617 2425 4686 ὑμᾶς
2452 4614 2647 4685 ὁμοίως
2689 4614 2809 4684 ἐμοὶ
2849 4612 2926 4683 τῷ
2974 4616 3121 4685 μέσῳ
3147 4615 3506 4686 ὑμῶνέστῶτι
3533 4615 3655 4686 Θεῷ
3679 4617 3815 4678 υἱοὺς

2285 4706 2529 4775 γενέσθαι
2546 4703 2638 4758 τοῦ
2669 4704 2917 4774 Ὑψίστου
2932 4722 2944 4735 ·
2969 4707 3122 4777 ὑμείς
3137 4706 3193 4759 δὲ
3210 4708 3307 4777 τὴν
3326 4707 3481 4779 χάριν
3503 4708 3808 4778 ήθετήσατε.

2286 4796 2416 4859 Ταῖς
2458 4794 2585 4864 γοῦν
2616 4794 2976 4865 ἀνθρωπίναις
3017 4798 3231 4861 κακίαις
3267 4800 3371 4852 καὶ·
3390 4801 3510 4861 ταῖς
3535 4799 3814 4868 ὑμετέραις

2283 4886 2574 4956 ἁμαρτίαις
2626 4886 3064 4958 ἑναποθνήσκετε.
3116 4888 3287 4958 Ψυχὴ
3327 4888 3433 4960 γὰρ
3486 4888 3526 4954 ἡ
3570 4888 3813 4957 ἁμαρτά-

2281 4989 2489 5040 νουσα,
2518 4976 2667 5045 αὑτὴ
2713 4977 3101 5032 ἀποθανεῖται.
3133 4980 3222 5032 Διὸ
3267 4981 3359 5032 καὶ
3392 4978 3561 5048 ὑμεῖς
3600 4981 3679 5043 ὡς
3720 4978 3812 5033 ἄν·

2285 5065 2498 5131 θρωποι
2525 5065 2943 5132 ,ἀποθνήσκετε
2971 5109 2986 5134 ,
3035 5069 3130 5122 καί
3178 5069 3257 5131 ὡς
3309 5061 3395 5129 εἷς
3437 5064 3555 5118 τῶν
3605 5068 3808 5137 ἀρχόν-

2285 5167 2399 5204 των
2415 5153 2671 5207 πίπτετε.
2688 5156 2774 5217 Ὧς
2798 5155 2903 5226 γὰρ
2921 5151 2986 5225 ἦν
3012 5172 3139 5208 ποτε
3163 5157 3191 5206 ὁ
3210 5153 3450 5216 διάϐολος
3474 5157 3636 5225 τιμῆς
3662 5156 3810 5225 ἠξιω-

2286 5241 2438 5310 μένος
2465 5244 2611 5314 παρὰ
2643 5244 2717 5314 τῷ
2749 5244 2863 5314 Θεῷ
2892 5247 2984 5299 καὶ
3003 5245 3109 5297 τῶν
3141 5246 3198 5295 ἐν
3221 5244 3460 5312 οὐρανοίς
3488 5245 3808 5316 ἀρχοντικῶν

2283 5331 2523 5400 ἀγγέλων
2558 5329 2668 5395 εἷς·
2712 5332 2826 5388 εἶτα
2870 5335 3112 5406 μοχθηρᾷ
3142 5328 3446 5404 προαιρέσει
3478 5337 3808 5406 χρησάμενος

2285 5420 2640 5476 ἀποττὲπτωκε
2663 5427 2760 5494 τῆς
2782 5424 2942 5478 αὑτοῦ
2971 5422 3168 5494 χώρας,
3204 5424 3277 5488 ὡς
3301 5426 3550 5496 εἰρῆσθαι
3578 5427 3704 5498 περὶ
3724 5427 3809 5479 αὔ-

2283 5513 2407 5592 τοῦέ
2442 5515 2570 5581 Πῶς
2607 5515 2891 5579 ἐξέπεσεν
2916 5515 2981 5568 ἐκ
2999 5513 3105 5566 τοῦ
3127 5517 3379 5584 οὐρανοῦ
3411 5521 3444 5571 ό
3485 5517 3809 5586 Ἐωσφόρος

2285 5593 2318 5660 ό
2344 5605 2485 5673 πρωὶ
2519 5604 2891 5668 dvorum;
2921 5592 3144 5660 τοιοῦτοί
3173 5595 3317 5672 τινες
3354 5609 3447 5662 καὶ
3482 5608 3639 5678 ὑμεῖς
3663 5601 3810 5673 γιγό-

782 5777 965 5834 Matth.
1001 5798 1110 5840 νει,
1154 5782 1202 5838 ι.
1279 5783 1299 5814 ι
1336 5780 1500 5838 Exod.
1539 5749 1642 5850 νὴ,
1681 5785 1729 5840 l.
1804 5787 1822 5818 ο
1863 5786 2056 5843 Ezech.
2089 5799 2188 5839 xvn

2285 5784 2335 5839 4.
2415 5785 2455 5836 ἓ·
2495 5782 2596 5839 lsa.
2633 5797 2752 5851 xiv,
2790 5781 2872 5837 13.
