3976 6350
37 465 142 521 389

1162 450 1663 510 ἱιυΙίΜΕΝΤΑΒΙᾹ
1704 449 1770 503 IN
1809 443 2139 502 PSALMOS.

3137 432 3240 489 990

34 605 188 649 νατε.
219 587 319 640 οὐκ
344 586 406 638 ἐκ
431 583 641 653 φύσεως
666 582 815 644 ὅντες
848 578 1022 642 κακοὶ,
1054 576 1383 648 χρησάμενοι
1415 574 1471 626 δὲ
1501 573 1600 625 οὐκ

1703 587 1834 624 unus
1857 569 1919 623 de
1944 563 2263 636 prineioibus
2292 559 2581 615 cadetis.-—
2607 554 2766 610 Vens.
2787 556 2839 609 8.
2859 553 3045 625 Surge,
3080 554 3238 615 Deus.

37 679 218 748 ἀγαθῇ
241 680 309 748 τῇ
344 673 673 746 προαιρέσει.
699 671 789 723 Διὸ
814 670 880 721 τά
911 669 1006 738 μὲν
1040 666 1166 737 παρ’
1193 663 1324 735 ἐμοῦ
1355 665 1432 725 είς
1462 659 1595 714 Θεοῦ

37 772 206 841 τιμὴν
241 770 383 839 ὑμᾶς
417 766 596 820 ἐκάλει
619 783 631 794 ·
663 765 816 834 ὑμεῖς
847 761 904 814 δὲ
934 758 1024 812 τὸν
1057 756 1289 827 ἄρχοντα
1313 753 1411 823 τῆς
1456 749 1598 804 πτώ-

41 880 180 925 σεως
206 861 592 932 μιμησάμενοι,
620 857 698 920 ὠς
729 849 814 917 εἷς
839 851 956 905 τῶν
981 850 1282 918 ἀρχόντων
1307 844 1402 898 καί
1431 841 1595 896 αὐτοὶ

39 957 309 1009 πίπτετε.
355 950 620 1012 Ἀνάστα,
652 940 699 1000 ό
734 946 896 1010 Θεὸς,
926 942 1134 1010 κρῖνον
1176 939 1290 1008 τὴν
1330 936 1466 1007 γῆν,
1511 934 1598 987 ὅτι

42 1049 121 1101 σὺ
167 1043 644 1114 κληρονομήσας
685 1040 753 1092 ὲν
797 1035 945 1091 πᾶσι
980 1034 1104 1099 τοῖς
1138 1033 1356 1088 ἔθνεσι.
1392 1028 1601 1099 Σφόδρα

42 1136 353 1197 ἀκολούθως
390 1133 476 1184 διὰ
500 1128 594 1183 τοῦ
625 1128 730 1199 πρὸ
757 1125 942 1178 τούτου
972 1121 1184 1194 ψαλμοῦ
1218 1118 1600 1190 κατηγορήσας

43 1232 69 1282 ὁ
111 1228 276 1296 λόγος
322 1224 413 1278 τοῦ
460 1220 655 1284 παντὸς
703 1219 965 1272 Ἰουδαίων
1014 1216 1214 1277 ἔθνους,
1244 1213 1335 1266 καὶ
1376 1211 1463 1262 διὰ
1505 1207 1599 1262 τοῦ

47 1295 198 1385 μετά
239 1316 425 1383 χεῖρας
467 1310 523 1361 δὲ
566 1306 822 1368 ὡσαύτως
865 1305 972 1358 τῶν
1011 1305 1283 1375 ἀρχόντων
1329 1299 1421 1352 τοῦ
1471 1295 1601 1350 λαοῦ

46 1397 382 1469 κατηγορίαν
411 1395 790 1464 πεποιημένος,
816 1391 1101 1462 διαλλαγὴν
1127 1392 1264 1444 αἰτεῖ
1293 1389 1384 1440 καὶ
1406 1385 1600 1454 ἐπιφά-

46 1503 195 1538 νειαν
241 1484 455 1554 εὔχεται
494 1481 738 1551 γενέσθαι
783 1481 962 1534 οὐκέτι
1008 1480 1085 1549 τῷ
1120 1476 1381 1530 Ἰουδαίων
1428 1473 1598 1535 ἔθνει,

47 1576 183 1630 ἀλλά
240 1579 373 1630 πᾶσι
418 1579 529 1638 τοῖς
579 1573 773 1627 ἔθνεσι.
799 1572 910 1624 ’Διὸ
955 1570 1225 1638 ἐπιλέγει·
1261 1564 1526 1629 Ἀνάστα,
1570 1566 1602 1616 ό

51 1667 216 1733 Θεὸς,
247 1667 451 1735 κρῖνον
485 1665 599 1734 τὴν
629 1661 764 1734 γῆν,
803 1662 890 1714 ὅτι
917 1661 996 1715 σὺ
1029 1655 1500 1726 κληρονομήσας
1535 1652 1603 1704 ἐν

48 1757 199 1812 πᾶσι
232 1758 356 1824 τοῖς
399 1757 620 1812 ἔθνεσι.
651 1755 746 1816 Τίς
774 1753 830 1806 δέ
865 1756 1010 1806 ἐστιν
1047 1755 1076 1805 ό
1112 1740 1514 1820 κληρονομήσας
1547 1744 1602 1814 ἐν

48 1852 182 1903 πᾶσι
213 1853 328 1913 τοῖς
357 1850 548 1912 ἔθνεσι,
583 1847 657 1918 μὴ
686 1845 881 1917 ὲρώτα,
925 1845 984 1898 τὸ
1022 1844 1077 1896 δὲ
1112 1843 1338 1913 πρᾶγμα
1366 1834 1599 1902 ἐξέταξεν

1689 662 1874 731 judico
1891 670 2107 725 terram,
2126 656 2370 728 quoniam
2393 661 2444 705 tu
2461 647 2788 704 hareditabis
2810 648 2861 700 in
2879 646 3114 700 omnibus
3128 662 3243 717 gen-

1697 752 1851 806 tibus.
1883 750 2018 805 Cum
2063 749 2118 803 in
2150 743 2470 818 praecedenti
2519 742 2724 811 psalmo
2769 745 2934 791 totam
2963 734 3240 790 Iudaicam

1695 852 1907 913 gentem
1935 846 2340 902 accusasset,et
2370 837 2426 890 in
2455 831 2705 904 praesenti
2734 829 3034 899 principum
3058 826 3240 896 populi

1697 934 2094 990 accusationem
2139 928 2483 991 instituisset,
2515 922 2803 978 admodum
2851 924 3243 987 consequenter

1693 1027 1803 1096 jam
1835 1022 2329 1080 reconciliationem
2353 1027 2408 1074 et
2432 1018 2720 1071 adventum
2750 1012 2951 1069 Christi
2980 1009 3237 1080 postulat,

1699 1134 1806 1175 non
1836 1118 2142 1178 Judaeorn'm
2173 1114 2338 1184 genti,
2377 1110 2473 1167 sed
2506 1109 2759 1164 omnibus
2803 1107 3035 1177 populis.
3066 1103 3242 1170 Quare

1700 1212 1780 1268 sic
1830 1209 2104 1266 concludit
2137 1226 2150 1261 :
2183 1205 2370 1275 Surge,
2404 1202 2564 1264 Deus,
2609 1200 2794 1270 judico
2842 1209 3054 1262 terram,
3110 1213 3239 1266 quo-

1700 1306 1923 1361 niamtu
1951 1297 2281 1354 hlereditabis
2315 1298 2370 1349 in
2415 1293 2650 1348 omnibus
2680 1290 2932 1362 gentibus.
2980 1288 3114 1355 Quis
3147 1302 3245 1343 au-

1699 1405 1806 1449 tem
1845 1394 1915 1447 sit
1967 1391 2060 1462 qui
2095 1387 2432 1444 hmreditabit
2486 1387 2541 1440 in
2596 1383 2847 1438 omnibus
2876 1382 3145 1451 gentibus,
3177 1395 3244 1434 ne

1698 1485 2023 1552 interroges,
2058 1481 2155 1536 sed
2181 1495 2294 1536 rem
2328 1478 2612 1549 perquire;
2655 1482 2709 1531 et
2746 1473 3113 1544 deprehendes
3137 1487 3246 1527 non

1701 1576 1865 1631 alium
1881 1589 2020 1637 esse,
2044 1586 2204 1642 quam
2229 1569 2505 1624 Christum
2535 1566 2659 1632 Dei;
2686 1567 2771 1621 cui
2803 1580 2833 1618 a
2865 1563 3023 1618 Patre
3043 1564 3244 1619 dictum

1699 1673 1782 1723 est
1812 1685 1826 1721 :
1863 1664 2036 1718 Filius
2071 1678 2213 1716 meus
2235 1677 2288 1716 es
2321 1668 2375 1712 tu
2399 1674 2417 1711 :
2438 1673 2528 1724 ego
2556 1657 2705 1709 hodie
2732 1657 2883 1725 genui
2924 1664 2987 1709 te.
3023 1652 3246 1712 Postulo

1704 1774 1735 1810 a
1764 1772 1862 1820 me,
1897 1763 1945 1808 et
1973 1751 2108 1805 dabo
2135 1749 2226 1804 tibi
2255 1757 2428 1818 gentes
2464 1744 2817 1798 luereditatem
2849 1751 3014 1803 tuam,
3051 1749 3099 1795 et
3127 1754 3247 1808 pos-

1704 1849 1979 1903 sessionem
2005 1840 2165 1920 tuam~
2194 1840 2437 1895 terminos
2468 1835 2690 1890 terrae“.
2716 1831 2878 1886 Hunc
2914 1823 3042 1900 ergo
3065 1831 3158 1900 qui
3191 1830 3245 1882 in

51 1939 142 1993 καὶ
180 1941 433 2010 εὑρήσεις
461 1913 597 1990 οὐδὲ*
623 1913 779 1991 ἀλλον
813 1937 852 2006 ἢ
895 1935 984 1987 τὸν
1030 1931 1259 2004 Χριστὸν
1300 1928 1393 1982 τοῦ
1437 1926 1601 1980 Θεοῦ’

1706 1937 1882 1993 medio
1909 1914 2134 1991 deorum
2161 1931 2302 1986 Deus
2318 1927 2587 1990 consistit,
2609 1933 2662 1980 et
2681 1922 2926 1977 homines
2956 1919 3077 1975 illos
3093 1934 3248 1973 coar-

50 2031 188 2092 τίρὸς
221 2029 286 2082 ὃν
321 2028 534 2080 λέλεκτο
563 2027 665 2078 ὑπὸ
696 2025 787 2079 τοῦ
822 2025 1030 2094 Πατρός
1049 2040 1061 2053 ·
1106 2022 1239 2086 Υἱός
1261 2037 1379 2088 μου
1409 2015 1466 2072 εἷ
1487 2019 1564 2072 σύ
1585 2035 1601 2055 ’-

50 2121 162 2190 ἐγὼ
202 2118 470 2188 σήμερον
501 2115 830 2188 γεγέννηκά
863 2131 955 2171 σε.
994 2115 1246 2182 Αῑτησαι
1277 2112 1409 2180 παρ’
1436 2109 1600 2181 ἐμοῦ,

51 2212 145 2264 καὶ
178 2210 353 2264 δώσω
404 2226 500 2264 σοι
546 2209 686 2276 ἔθνη
731 2207 841 2277 τὴν
884 2207 1282 2275 κληρονομίαν
1325 2222 1458 2267 σου,
1508 2203 1604 2257 καὶ

51 2303 166 2369 τὴν
202 2300 577 2371 κατάσχεσιν
613 2314 727 2354 σου
756 2299 827 2353 τὰ
855 2298 1074 2367 πέρατα
1101 2297 1209 2365 τῆς
1243 2295 1372 2364 τῆς.
1408 2293 1604 2347 Τοῦτον

53 2389 142 2446 οὖν
172 2392 452 2463 διεγείρων
475 2392 566 2444 τὸν
599 2393 654 2444 ὲν
683 2389 830 2461 μέσῳ
851 2389 957 2443 τῶν
981 2386 1121 2452 θεῶν
1136 2387 1263 2440 Θεὸν
1294 2386 1487 2438 στάντα
1512 2384 1604 2436 καὶ

51 2483 401 2552 διελέγξαντα
432 2484 557 2545 τοὺς
585 2480 989 2553 προλεχθὼτας,
1023 2478 1120 2550 ἤδη
1156 2477 1282 2531 ποτὲ
1315 2479 1404 2529 ἐπὶ
1435 2475 1604 2544 πέρας

56 2574 355 2641 ἐπαγαγεῖν
378 2570 474 2641 τὴν
507 2570 640 2640 πρὸς
664 2570 824 2623 αὑτὸν
854 2568 1179 2637 ἐπαγγελίαν
1201 2569 1229 2619 ό
1257 2563 1440 2636 παρὼν
1466 2562 1605 2627 ἀξιοῖ

54 2666 211 2735 λέγος
257 2665 432 2734 φήσας
455 2679 468 2692 ο
515 2660 788 2725 Ἀνάστα,
821 2663 854 2714 ό
887 2659 1048 2724 Θεὸς,
1086 2648 1289 2724 κρῖνον
1315 2656 1426 2722 τὴν
1466 2653 1601 2723 τῆν,

56 2757 144 2812 ἔτι
179 2756 267 2809 σὺ
295 2749 910 2820 κατακληρονομήσσις
933 2749 1002 2802 ἐν
1024 2747 1170 2802 πᾶσι
1197 2747 1319 2812 τοῖς
1342 2746 1599 2800 ἔθνεσιν.

58 2848 118 2900 Οί
151 2846 254 2918 μὲν
279 2839 996 2916 γὰρ’προκατηγορηθέντες,
1028 2841 1178 2911 φησὶ,
1205 2838 1363 2893 κακοὶ
1390 2837 1607 2908 γενόμε-

61 2956 136 2992 νοι
179 2938 386 3010 κριταὶ,
433 2937 489 2989 ὲν
541 2935 714 3005 σκότῳ
758 2931 1176 3004 διεπορεύθησαν
1206 2950 1217 2961 ·
1262 2931 1382 2984 ἐπεὶ
1425 2929 1480 2981 δέ
1527 2947 1604 2982 σοι

61 3030 260 3100 πρέπει
305 3028 364 3081 τὸ
391 3027 610 3088 δικαίως
641 3024 843 3097 κρίνειν
867 3041 882 3054 '
917 3023 1060 3094 μόνῳ
1100 3022 1205 3094 γὰρ
1248 3020 1344 3091 τὴν
1378 3019 1552 3090 κρίσιν
1579 3020 1607 3072 ό

61 3119 250 3190 Πατὴρ
281 3118 445 3172 ἔδωκε
477 3117 551 3188 τῷ
577 3115 689 3188 Υἱῷ
710 3132 723 3146 ·
754 3115 854 3186 ἠδη
882 3115 1009 3168 ποτε
1041 3115 1103 3166 σὺ
1137 3111 1294 3174 αὐτὸς
1326 3109 1602 3179 ἀνάστηθι,

59 3209 147 3263 διὰ
178 3189 284 3281 τῆς
325 3208 519 3276 σαυτοῦ
561 3206 903 3269 ἀναστάσεως
938 3207 1035 3276 τὴν
1066 3189 1258 3274 κοινὴν¹
1280 3201 1490 3256 πάντων
1515 3201 1607 3254 ἀν-

64 3300 295 3372 θρώπων
318 3301 606 3353 ἀνάστασιν
637 3297 986 3367 ποιησόμενος
1004 3313 1018 3326 ·
1047 3297 1139 3349 καὶ
1163 3298 1341 3366 κρίνον
1362 3296 1458 3366 τὴν
1485 3297 1605 3366 γῆν,

64 3391 275 3453 πάντας
299 3389 497 3461 δηλαδὴ
524 3389 649 3451 τοὺς
671 3389 769 3459 τὴν
812 3387 915 3458 γῆν
956 3385 1234 3448 οἰκοῦντας
1275 3384 1604 3457 ἀνθρώπους.

64 3480 289 3551 Πρέπει
314 3479 370 3533 δέ
416 3495 497 3533 σοι
548 3479 753 3542 πάντας
796 3476 1108 3548 ἀνθρώπους
1141 3477 1371 3546 κρίνειν,
1405 3472 1607 3542 ἐπειδὴ

1703 2031 1816 2100 guit
1867 2027 2132 2088 excitans,
2182 2028 2335 2093 rogat
2369 2030 2429 2075 ut
2473 2019 2583 2089 jam
2640 2014 2854 2070 demum
2901 2011 3094 2065 factam
3143 2009 3248 2063 sibi

1704 2120 2114 2190 promissionem
2156 2114 2222 2168 ad
2266 2114 2426 2167 ﬁnem
2477 2106 2964 2182 deducat,_dicens
3001 2121 3014 2156 :
3059 2101 3246 2185 Surge,

1701 2211 1861 2271 Deus,
1903 2208 2089 2278 judica
2139 2215 2353 2268 terram,
2411 2203 2657 2274 quoniam
2723 2209 2778 2252 tu
2822 2194 3151 2251 hereditabis
3187 2193 3248 2248 in

1702 2300 1937 2354 omnibus
1966 2299 2223 2370 gentibus.
2258 2296 2390 2350 Nam
2421 2296 2455 2349 ii
2487 2295 2579 2365 qui
2628 2294 2786 2364 prius
2812 2290 3053 2346 accusati
3099 2293 3247 2352 sunt,

1661 2402 1663 2404 ·
1702 2388 1895 2456 inquit,
1919 2387 2062 2456 quod
2091 2385 2260 2456 iniqui
2290 2383 2504 2454 judices
2544 2382 2765 2446 fuerint,
2783 2382 2838 2434 in
2870 2379 3108 2435 tenebris
3134 2392 3250 2432 am-

1703 2478 1975 2533 bularunt.
2009 2477 2273 2544 Quoniam
2315 2489 2443 2531 vero
2491 2482 2544 2528 te
2566 2476 2712 2542 juste
2763 2469 3010 2541 judicare
3063 2470 3250 2536 decet,

1705 2570 1803 2624 soli
1823 2570 2018 2647 quippe
2041 2555 2177 2623 Filio
2201 2566 2361 2621 Pater
2389 2564 2653 2636 judicium
2679 2561 2858 2616 dedit:
2891 2561 3000 2630 jam
3033 2558 3250 2641 demum

1704 2669 1762 2716 tu
1808 2662 1921 2732 ipse
1971 2674 2153 2730 surge,
2184 2657 2580 2714 resurrectione
2625 2663 2718 2708 tua
2761 2657 3101 2707 communem
3135 2662 3250 2703 om-

1704 2753 1852 2806 nium
1898 2749 2350 2805 resurrectionem
2407 2747 2683 2810 facturus;
2709 2750 2763 2798 et
2812 2741 2995 2811 judica
3023 2748 3279 2802 terram,.

1707 2833 1892 2898 omnes
1946 2840 2194 2896 homines
2221 2837 2469 2892 videlicet
2505 2836 2596 2904 qui
2650 2834 2706 2888 in
2747 2840 2893 2887 terra
2931 2837 3246 2885 versantur.

1708 2934 1828 2990 Tibi
1856 2948 2018 3004 porro
2050 2932 2303 2986 convenit
2332 2943 2520 2984 omnes
2548 2925 2791 2988 homines
2824 2922 3092 2992 judicare,
3121 2935 3245 2989 quo-

1706 3023 1847 3078 niam
1871 3030 1924 3073 tu
1944 3019 2272 3076 Iucreditabis
2295 3017 2349 3072 in
2382 3015 2617 3071 omnibus
2634 3012 2886 3083 gentibus.
2916 3009 2981 3064 Et
3011 3023 3250 3079 praesens

1706 3111 1924 3182 quidem
1961 3110 2200 3180 psalmus
2259 3104 2584 3178 synagogam
2633 3105 2857 3160 deorum
2911 3100 3246 3164 memoravit,

1709 3219 1771 3260 ac
1801 3203 1968 3257 Deum
1996 3204 2052 3257 in
2086 3202 2264 3256 medio
2290 3207 2545 3262 stantem,
2564 3197 2801 3266 deosque
2838 3192 3247 3262 dijudicanlem,

1706 3305 1984 3366 tutamque
2009 3295 2316 3349 doctrinam
2347 3305 2500 3346 suam
2535 3290 2602 3344 de
2639 3287 2844 3358 judicio
2895 3285 3164 3351 instituit;
3192 3285 3247 3338 in

1707 3385 1812 3440 ﬁne
1852 3399 1990 3465 vero.
2025 3382 2221 3454 adjecit
2253 3380 2388 3435 illud
2425 3397 2438 3432 :
2469 3377 2653 3448 Surge,
2704 3376 2867 3441 Deus,
2915 3374 3100 3445 judico
3144 3381 3248 3428 ter-

1707 3489 1842 3528 ram.
1915 3503 1919 3506 ν

62 3573 142 3627 σὺ
169 3570 884 3641 κατακλτψονομήσειςέν
916 3567 1063 3625 πᾶσι
1091 3568 1213 3632 τοῖς
1247 3569 1461 3622 ἔθνεσι.
1494 3569 1602 3620 Καὶ
1638 3569 1666 3620 ό
1693 3567 1789 3639 μὲν
1825 3565 2010 3636 παρὼν
2047 3551 2266 3635 oculis:
2290 3561 2604 3632 συναγωγὴν
2657 3559 2797 3614 θεῶν
2865 3557 3131 3628 ὠνόμασε,
3156 3556 3250 3609 καὶ

63 3671 190 3725 Θεὸν
232 3672 392 3742 μέσον
432 3669 659 3732 ἱστῶντα,
729 3665 823 3720 καὶ
873 3663 1023 3728 θεοὺς
1065 3663 1422 3734 διακρίνοντα,
1465 3663 1640 3718 πᾶσάν
1675 3680 1733 3717 τε
1776 3660 1872 3735 τὴν
1915 3660 2253 3716 διδασκαλίαν
2294 3661 2420 3732 περὶ
2461 3659 2689 3732 κρίσεως
2727 3656 3042 3726 ἐποιήσατο·
3112 3651 3248 3722 ιπη-

65 3764 197 3832 γαγέ
219 3768 280 3816 τε
312 3761 563 3816 ἐπιτέλει
594 3759 672 3825 τὺ,
717 3756 981 3838 Ἀνάστα,
1013 3758 1047 3810 ό
1077 3755 1236 3822 Θεὸς,
1262 3755 1463 3823 κρῖνον
1493 3757 1605 3827 τὴν
1638 3756 1772 3827 γῆν.
2634 3761 2645 3782 ε
2842 3767 2844 3770 ·
3058 3782 3062 3786 ι
3230 3742 3236 3753 ’

131 3875 321 3931 Ταῦτά
351 3892 410 3928 τε
431 3875 608 3929 πάντα
639 3873 699 3927 τὸ
728 3871 948 3943 Πνεῦμα
975 3871 1036 3923 τὸ
1064 3871 1214 3938 ἅγιον
1248 3870 1334 3924 διὰ
1362 3870 1453 3924 τοῦ
1480 3888 1605 3943 προ-

1775 3869 1899 3924 Haac
1928 3883 2090 3941 porro
2110 3868 2289 3923 omnia
2322 3866 2554 3938 Spiritus
2577 3871 2798 3919 sanctus
2816 3873 2910 3929 per
2935 3855 3248 3928 prophetam

67 3966 235 4038 φήτου
277 3965 446 4034 ’Δσάφ
479 3963 838 4035 ἐξενήνεκται.
872 3961 1022 4014 Ἐπεὶ
1046 3960 1102 4013 δὲ
1136 3959 1364 4031 εὕρομεν
1396 3962 1608 4014 καὶτὸν

71 4053 148 4124 μθ¹
194 4053 405 4125 ψαλμὸν
449 4055 541 4108 καὶ
581 4052 740 4107 αὑτὸν
784 4049 1246 4121 ἐπιγεγραμμένον
1275 4048 1381 4103 Τοῦ
1407 4050 1604 4118 Ἀσὰφ,

68 4146 157 4196 καὶ
187 4144 262 4197 τά
284 4146 410 4215 περὶ
441 4144 669 4213 κρίσεως
698 4139 1002 4210 διειληφότα
1025 4138 1224 4208 ὁμοίως
1248 4141 1356 4200 τοῖς
1397 4155 1610 4208 προκει-

71 4235 247 4304 μένοις
266 4251 280 4266 ·
309 4235 532 4298 εἰκότως
567 4231 884 4304 ἡγησάμεθα
918 4229 1202 4283 ἀκόλουθον
1230 4227 1366 4282 εἶναι
1407 4230 1608 4284 ἐκεῖνον

67 4325 258 4395 τούτῳ,
289 4325 413 4378 ὅντα
451 4324 546 4396 μὲν
590 4323 785 4395 ὁμοίως
816 4320 908 4374 τοῦ
943 4321 1132 4389 Ἀσάφ,
1153 4321 1250 4391 τὴν
1281 4319 1443 4391 αὐτὴν
1484 4321 1610 4373 ὑπό-

69 4417 211 4470 θεσιν
235 4417 640 4489 είσηγοόμενον.
664 4417 887 4487 Εἴρηται
909 4415 1034 4482 γοῦν
1060 4412 1152 4466 καὶ
1184 4414 1240 4465 ὲν
1263 4413 1408 4483 αὐτῷ
1427 4430 1442 4445 ·
1470 4412 1608 4477 Θεὸς

69 4509 215 4563 θεῶν
250 4512 461 4578 Κύριος
497 4508 778 4577 ὲλάλησε,
810 4507 904 4560 καὶ
933 4505 1182 4559 ἐκάλεσε
1214 4505 1328 4571 τὴν
1355 4504 1471 4573 γῆν
1493 4505 1606 4557 ἀπὸ

68 4597 374 4654 ἀνατολῶν
398 4602 576 4668 ἡλίου
594 4599 768 4669 μέχρι
798 4596 1060 4666 δυσμῶν.
1087 4595 1194 4648 Θέα
1231 4595 1336 4666 γὰρ
1367 4595 1512 4656 ὅπως
1550 4592 1608 4645 τὸ

72 4689 164 4757 μὲν
193 4689 345 4752 τέλος
371 4688 464 4742 τοῦ
490 4689 626 4759 μιτά
645 4691 829 4759 χεῖρας
855 4689 1074 4757 φάσκειο
1105 4686 1367 4746 Ἀνάστα,
1388 4688 1418 4738 ό
1446 4685 1604 4749 Θεὸς,

70 4759 273 4845 κρίνον
299 4778 412 4846 τὴν
451 4778 597 4848 τῆν’
635 4781 670 4849 ἡ
710 4780 765 4833 δὲ
824 4779 915 4832 τοῦ
965 4778 1050 4849 μθ’
1077 4778 1215 4849 ἀρχή
1245 4793 1259 4807 ⁸
1302 4774 1441 4840 Θεὸς
1464 4774 1610 4828 θεῶν

71 4872 281 4938 Κύριος
305 4864 601 4936 ἐλάλησα.-
626 4869 722 4922 xui
763 4869 1014 4923 ἐκάλεσε
1059 4868 1171 4936 τὴν
1216 4864 1347 4936 γῆν.
1390 4865 1497 4917 Καὶ
1523 4867 1609 4919 ὲν-

69 4961 242 5014 ταῢθα
271 4963 366 5032 μὲν
392 4962 623 5032 εἷρηται’
651 4960 770 5013 Ὅτι
804 4961 884 5014 σὺ
912 4956 1523 5027 κατακληρονομήσεις
1542 4957 1610 5010 ἐν

74 5051 218 5106 πᾶσι
254 5053 375 5118 τοῖς
407 5053 676 5107 ἔθνεσιν·
704 5053 760 5104 ὲν
790 5052 977 5122 ἐκείνῳ
1025 5051 1101 5115 δὲ,
1148 5049 1264 5106 ἀπὸ
1308 5047 1610 5102 ἀνατολῶν

71 5139 246 5204 τἱολίου
268 5141 442 5209 μέχρι
471 5139 714 5212 δυσμῶν
733 5156 744 5169 ⁸
774 5141 866 5193 καὶ
898 5140 1056 5194 πάλιν
1085 5142 1142 5192 ὲν
1178 5138 1274 5209 μὲν
1302 5137 1378 5206 τῷ
1414 5134 1495 5204 μθ¹
1527 5136 1610 5189 λέ-

1707 3955 1888 4031 Δετῳὴ
1919 3959 2128 4015 extulit.
2159 3958 2302 4027 Quia
2325 3970 2452 4013 vero
2480 3955 2743 4024 psalmum
2769 3964 2917 4031 sus,
2937 3948 3030 4017 qui
3053 3953 3106 4000 et
3134 3946 3249 4016 ipse

1705 4029 1897 4119 Asaphi
1949 4049 2294 4112 inscribitur,
2324 4046 2392 4101 de
2441 4044 2649 4115 judicio
2687 4043 2815 4096 item
2858 4029 3244 4096 edisserentem

1707 4139 2156 4212 deprehendimus
2186 4135 2409 4208 perinde
2435 4143 2595 4204 atque
2613 4138 2932 4216 praesentem
2957 4146 2971 4195 ;
2993 4129 3113 4198 jure
3139 4125 3247 4180 exi-

1708 4235 1988 4290 stimamus
2027 4231 2176 4284 illum
2221 4228 2347 4282 huic
2389 4222 2814 4282 subnectendum
2864 4235 3003 4282 esse,
3063 4223 3245 4285 utpote

1706 4324 1798 4395 qui
1822 4322 2074 4377 similiter
2098 4319 2306 4389 Asaphi
2336 4318 2428 4382 sit,
2460 4325 2514 4372 et
2544 4314 2681 4369 idem
2719 4317 3091 4382 argumentum
3119 4322 3244 4377 per-

1706 4420 1915 4468 tractet.
1947 4409 2080 4465 Nam
2123 4411 2195 4465 ibi
2217 4423 2428 4480 quoque
2453 4406 2654 4461 dictum
2686 4403 2824 4456 fuit:
2861 4397 2998 4452 Deus
3029 4397 3245 4451 deorum

1708 4504 1958 4558 Dominus
1987 4504 2188 4558 locutus
2227 4511 2324 4568 est,
2353 4510 2402 4556 et
2434 4500 2854 4554 vocavit‘terram
2892 4510 2924 4546 a
2966 4492 3093 4546 solis
3127 4500 3246 4546 ortu

1707 4611 1863 4664 usque
1912 4593 1978 4647 ad
2029 4604 2289 4648 occasum.
2348 4587 2757 4644 Animadvertas
2811 4584 3010 4653 quippe
3062 4581 3243 4644 velim,

1706 4686 1985 4756 praesentis
2034 4683 2195 4738 ﬁnem
2245 4682 2324 4737 sic
2369 4679 2571 4735 habere
2605 4671 2826 4742 :Surge,
2881 4671 3042 4734 Deus,
3061 4669 3245 4739 judico

1710 4787 1930 4839 terram;
1969 4783 2023 4829 et
2069 4769 2463 4843 quadragesimi
2513 4767 2637 4822 noni
2689 4765 2902 4821 initium
2934 4764 3035 4818 hoc
3076 4774 3242 4816 esse:

1705 4868 1846 4925 Deus
1874 4867 2086 4920 deorum
2106 4863 2357 4917 Dominus
2374 4861 2588 4930 locutus
2614 4868 2711 4922 est,
2743 4868 2790 4912 et
2817 4855 3009 4912 vocavit
3029 4863 3243 4923 terram.

1707 4956 1804 5010 Hic
1828 4957 1987 5010 etiam
2020 4953 2239 5015 dicitur,
2274 4951 2531 5016 Quoniam
2555 4959 2610 5001 tu
2643 4943 2971 5001 hereditabis
2997 4946 3049 4994 in
3072 4939 3244 4993 omni-

1709 5047 1798 5100 bus
1828 5043 2095 5116 gentibus;
2127 5043 2202 5097 ibi
2245 5057 2392 5106 vero,
2427 5059 2458 5094 a
2488 5039 2615 5094 solis
2644 5046 2760 5093 ortu
2794 5050 2953 5105 usque
2984 5031 3052 5083 ad
3090 5046 3243 5083 occa-

1707 5152 1840 5191 sum.
1877 5136 1952 5188 Ac
1993 5150 2210 5189 rursum
2245 5134 2300 5190 in
2340 5147 2466 5185 xux
2493 5129 2698 5183 dictum
2739 5133 2822 5182 est
2863 5144 2876 5178 :
2910 5121 3046 5175 Deus
3076 5121 3233 5173 mani-

75 5228 255 5284 λικται
275 5245 289 5258 ·
329 5230 382 5282 '0
417 5232 558 5298 Θεὸς
585 5210 855 5302 ἐμφανῶς
883 5230 1032 5298 ἣξει,
1058 5234 1091 5285 ό
1120 5231 1261 5295 Θεὸς
1295 5226 1479 5297 ἡμῶν,
1506 5228 1602 5282 καί

1706 5229 1831 5298 {este
1858 5228 2039 5290 veniet,
2075 5226 2212 5280 Deus
2243 5232 2437 5301 noster,
2453 5220 2500 5275 et
2527 5235 2631 5273 non
2660 5217 2848 5273 silebit.
2879 5213 3013 5266 Cum
3039 5210 3244 5266 venerit

76 5321 140 5373 οὐ
169 5322 692 5390 παρασιωπήσεται
712 5341 728 5358 ο
769 5323 936 5375 ἐλθὼν
974 5323 1028 5375 δὲ
1065 5324 1117 5376 τί
1148 5322 1379 5392 ποιήσει,
1415 5321 1442 5372 ό
1471 5320 1606 5389 μετά

77 5415 256 5484 χεῖρας
282 5411 522 5466 διδάσκει·
545 5413 712 5482 λέγων
729 5433 743 5447 ⁸
781 5415 833 5468 ’0
865 5415 1004 5478 Θεὸς
1034 5414 1177 5470 ἔστη
1200 5413 1268 5466 ἐν
1293 5411 1607 5481 συναγωγῇ

76 5498 249 5557 θεῶν·
281 5501 350 5553 ὲν
380 5501 547 5570 μέσῳ
585 5502 652 5556 δὲ
688 5506 857 5572 θεοὺς
886 5504 1183 5572 διακρίνει.
1231 5501 1353 5565 Πῶς
1399 5501 1454 5556 δὲ
1498 5502 1607 5557 δια-

78 5590 264 5660 κρίνει,
307 5589 336 5642 ὁ
371 5589 454 5660 μθ¹
484 5592 732 5664 διασαφεῖ
754 5598 976 5666 φάσκων
999 5592 1020 5624 ·’
1049 5593 1174 5662 Πῦρ
1209 5592 1481 5647 ἐναντίον
1505 5595 1608 5647 αὐ-

78 5681 175 5737 τοῦ
197 5681 558 5751 καυθήσεται
575 5701 589 5715 ·
620 5687 821 5751 κύκλῳ
849 5682 1031 5742 αὐτοῦ
1059 5677 1319 5754 καταιτίς
1354 5683 1604 5753 σφόδρα.
1651 5739 1655 5742 .

145 5839 184 5870 ⁸⁸
225 5834 368 5895 Psal.
406 5852 466 5907 ιι,
496 5839 553 5904 ,7.

1709 5333 1905 5388 autem,
1933 5325 2060 5394 quid
2092 5330 2311 5378 acturus
2340 5319 2439 5383 sit,
2458 5319 2613 5373 docet
2631 5326 2866 5386 praesens
2889 5311 3127 5380 psalmus
3157 5305 3242 5360 his

1709 5415 1884 5471 verbis
1915 5433 1926 5467 :
1963 5413 2099 5468 Deus
2147 5413 2288 5465 stetit
2342 5411 2398 5463 in
2428 5424 2692 5480 synagoga
2734 5404 2968 5467 deorum,
2993 5403 3047 5453 in
3074 5395 3241 5450 medio

1712 5511 1882 5556 autem
1907 5500 2028 5554 deos
2078 5497 2350 5568 dijudicat.
2388 5494 2666 5564 Quomodo
2695 5489 3031 5561 dijudicabit,
3063 5485 3243 5540 decla-

1711 5597 1794 5646 rat
1828 5603 1974 5655 nix,
1999 5589 2084 5643 his
2113 5587 2290 5642 verbis
2328 5606 2342 5640 :
2376 5587 2520 5658 Ignis
2557 5586 2613 5638 in
2641 5591 2911 5651 conspectu
2932 5579 3057 5647 ejus
3083 5591 3242 5630 exar-

1710 5681 1896 5746 descet,
1926 5680 1978 5733 in
2004 5660 2224 5733 circuitu
2267 5676 2380 5747 ejus
2429 5683 2701 5746 tempestas
2727 5669 2920 5728 valida.
2953 5665 3238 5721 Advocabit
