3974 6354
172 368 268 424 995

1218 365 1699 425 COMMENTARIA
1737 367 1803 422 IN
1839 365 2164 426 PSALMOS.

3185 371 3290 428 994

169 473 371 546 πράως,
399 475 493 530 καὶ
533 472 625 527 έπὶ
664 477 772 539 τοῖς
797 475 964 545 ἀσεϐῆ
995 477 1088 528 καὶ
1128 475 1262 530 ἄθεα
1296 476 1677 548 ἁμαρτάνουσι,

1780 491 1882 531 non
1919 478 2079 532 simili
2123 484 2282 546 atque
2318 483 2377 530 tu
2424 475 2583 531 modo
2623 475 2853 531 tolerare
2880 476 3083 531 valeam
3112 495 3126 532 :
3165 493 3290 532 nam

169 566 255 620 καὶ
279 565 414 619 κατὰ
430 563 520 617 σοῦ
537 563 630 617 τοῦ
648 564 780 618 Θεοῦ
799 561 1185 635 βλασφημοῦσι,
1211 568 1416 637 σιωπᾷς
1432 580 1446 596 ο
1473 565 1580 633 ἐγὼ
1601 566 1676 632 δὲ,

171 656 240 726 μή
261 654 546 726 δυνάμενος
586 654 752 708 ταῦτα
775 657 926 726 ὁρᾷν,
957 655 1142 724 δέομαι
1167 655 1259 709 καὶ
1297 656 1515 709 ίκετεύω
1555 671 1680 723 συγ-

169 746 376 817 γνώμης
398 749 576 816 τυχεῖν
594 747 684 800 ἐπὶ
705 745 766 800 τδ
797 747 870 818 μὴ
893 745 1144 800 δύνασθαι
1165 747 1343 818 φέρειν
1365 763 1445 800 σοι
1473 746 1550 816 τῷ
1565 745 1680 817 Θεῷ

169 834 569 904 παραπλησίως·
613 835 695 897 τίς
735 834 839 905 γάρ
872 851 952 887 σοι
995 834 1418 910 ὁμοιωθήσεταις
1467 835 1555 887 Διὺ
1606 835 1679 899 ὡς

169 927 447 996 ἄνθρωπος,
492 923 647 996 ζῆλον
676 924 810 995 ἔχων
835 923 923 978 τὸν
956 925 1092 995 ὑπὲρ
1121 925 1215 994 τῆς
1249 925 1345 994 σῆς
1386 925 1675 990 εὐσεϐείας,
1703 970 1707 974 .

169 1013 334 1083 τολμῶ
380 1012 658 1084 ἱκετηρίαν
707 1029 788 1066 σοι
833 1009 1154 1084 προσάγειν·
1201 1013 1335 1066 ὥστε
1378 1013 1679 1068 παύσασθαι

172 1105 260 1174 μὲν
302 1106 387 1175 τῆς
437 1104 638 1173 ἁφάτου
689 1091 1054 1174 μακροθυμίας
1097 1105 1190 1158 καὶ
1231 1105 1326 1172 τῆς
1368 1105 1677 1170 ἀνεξικάκου

172 1197 386 1265 σιωπῆς·
409 1195 508 1265 ήδη
527 1194 585 1248 δέ
608 1210 736 1247 ποτε
754 1195 1030 1264 κινηθῆναι
1051 1194 1186 1247 κατὰ
1207 1194 1311 1247 τῶν
1325 1195 1391 1248 τά
1414 1195 1678 1265 ἀνήκεστα

169 1281 566 1352 τετολμηκότων.
596 1281 684 1333 Διό
709 1297 847 1351 φημι
868 1297 881 1311 ’
914 1280 1008 1347 Μὴ
1036 1281 1309 1350 σιτήσῃς,
1332 1281 1482 1349 μηδὲ
1510 1297 1681 1334 κατα-

171 1372 446 1438 πραΰνῃς·
477 1370 588 1424 ἀνθ’
626 1363 687 1424 οὗ
725 1372 753 1424 ὁ
797 1369 894 1439 μὲν
936 1369 1180 1433 Ἀκύλας,
1205 1369 1300 1438 Μὴ
1338 1369 1674 1439 καθησυχά-

157 1477 298 1530 σῃς,
346 1462 373 1513 ὁ
401 1461 458 1515 δὲ
505 1461 812 1534 Σύμμαχος,
856 1460 952 1529 Μὴ
1000 1461 1328 1530 epam“,
1380 1462 1674 1530 εἰρήκασιν.

172 1549 274 1605 Εἶτ’
301 1551 528 1619 ἐπιλέγει
554 1550 708 1644 ἑξῆςο
741 1553 856 1604 ὀτι
900 1549 1027 1604 wsb
1072 1553 1126 1603 οὶ
1164 1551 1359 1620 ἐχθροί
1382 1563 1496 1604 σου
1535 1549 1682 1618 ἤχη-

172 1657 298 1706 σαν,
321 1641 411 1695 καί
446 1643 500 1695 ol
527 1637 840 1708 μισοῦντές
863 1657 936 1694 σε
959 1637 1109 1710 ἦραν
1131 1640 1414 1709 κεφαλήν.
1448 1641 1603 1692 Κατὰ
1626 1640 1681 1693 δὲ

172 1731 257 1784 τὸν
288 1731 521 1785 Ἀκύλαν·
580 1732 699 1785 Ὀτι
739 1729 864 1785 ίδοὺ
900 1734 953 1785 ol
988 1731 1184 1800 ἐχθροί
1227 1745 1340 1785 σου
1378 1729 1679 1800 ὥχλασαν,

1778 569 1895 638 quis
1923 569 2116 624 similis
2152 568 2256 623 erit
2294 568 2427 622 tibi?
2450 566 2782 637 Quapropter
2815 575 2873 621 ut
2901 568 3080 632 homo,
3115 569 3294 624 studio

1775 655 1990 729 pietatis
2011 674 2136 728 erga
2168 667 2221 713 te
2248 659 2518 722 incensus,
2550 657 2849 727 supplicare
2879 658 2973 711 tibi
3009 658 3200 725 audeo,
3233 665 3293 712 ut

1774 746 1932 801 linem
1965 745 2134 800 facias
2171 745 2466 800 tolerantia:
2491 752 2544 798 et
2582 745 2804 807 silentii,
2836 761 2899 799 ac
2929 746 3036 815 jam
3075 748 3291 801 demum

1774 848 2020 890 moveare
2058 833 2318 890 adversus
2353 849 2446 889 eos
2475 835 2565 904 qui
2599 835 2954 889 intolerabilia
2995 837 3111 890 ausi
3142 843 3286 891 sunt.

1774 923 1900 979 Ideo
1933 923 2058 979 dico
2085 922 2199 978 :Ne
2229 933 2423 989 taceas,
2449 941 2602 993 neque
2646 926 3002 992 compescaris.
3043 923 3148 978 Pro
3181 939 3290 993 quo

1773 1013 1981 1082 Aquila,
2001 1011 2358 1081 Ne'quiescas,
2403 1012 2755 1082 Symmachus
2792 1028 2940 1076 vero,
2985 1011 3067 1066 Ne
3103 1022 3286 1075 cesses,

1774 1104 2106 1173 interpretati
2121 1109 2266 1157 sunt.
2290 1103 2492 1160 Deinde
2521 1102 2702 1158 subdit
2724 1121 2737 1156 :
2757 1135 2823 1147 -
2850 1103 3012 1157 Vens.
3037 1103 3104 1155 "'5.
3157 1101 3294 1167 Quo-

1775 1195 1916 1248 niam
1943 1209 2055 1248 ecce
2098 1195 2292 1247 inimici
2339 1195 2414 1246 tui
2451 1203 2751 1258 sonuerunt,
2781 1201 2831 1246 et
2878 1193 3216 1270 quiaderunt
3244 1199 3300 1246 te

1772 1284 2063 1338 extulerunt
2104 1295 2278 1353 caput.
2333 1283 2640 1339 Secundum
2675 1283 2922 1354 Aquilam
2953 1285 3113 1339 veroE
3151 1282 3294 1348 Quo-

1760 1375 1913 1429 niam
1951 1391 2064 1428 ecce
2087 1376 2286 1430 inimici
2315 1377 2390 1428 tui
2431 1375 2611 1429 turbas
2647 1382 2930 1438 moverunt,
2975 1383 3024 1427 et
3053 1373 3141 1442 qui
3173 1372 3298 1426 ode-

1774 1470 1898 1515 runt
1939 1471 1987 1516 te
2019 1463 2314 1516 extulerunt
2349 1473 2533 1530 caput;
2579 1463 2875 1518 secundum
2916 1461 3296 1533 Symmachum

1773 1567 1903 1608 vero
1934 1572 1950 1608 :
1978 1553 2109 1608 Ecce
2133 1555 2269 1608 enim
2297 1554 2491 1607 inimici
2524 1553 2617 1615 tui,
2648 1553 2843 1622 inquit,
2872 1568 2980 1606 una
3010 1561 3216 1616 sonant,
3247 1558 3299 1605 et

1775 1641 2098 1712 quibam-unt
2131 1654 2179 1697 te
2207 1645 2423 1711 efferunt
2451 1652 2620 1710 caput.
2662 1640 2866 1696 Sonant
2894 1650 3071 1696 autem
3103 1648 3156 1695 et
3179 1648 3297 1696 tur-

1776 1733 1875 1788 bas
1914 1741 2127 1789 movent
2171 1734 2370 1787 inimici
2404 1733 2518 1799 Dei,
2564 1747 2684 1800 cum
2717 1747 2824 1786 non
2869 1733 3091 1786 latenter
3121 1747 3296 1800 neque

175 1821 266 1875 καὶ
285 1821 725 1890 μισοποιοῦντές
749 1837 821 1875 σε
852 1822 1003 1889 ἦραν
1026 1820 1294 1889 κεφαλήν
1309 1839 1324 1854 ο
1351 1821 1491 1873 κατὰ
1509 1820 1564 1872 δὲ
1588 1820 1678 1872 τὸν

1780 1822 1998 1877 remisse
2023 1822 2332 1892 blasphema
2359 1822 2500 1875 dicta
2524 1828 2711 1875 contra
2740 1820 2903 1874 Deum
2929 1818 3169 1888 proferre
3197 1834 3296 1875 au-

176 1911 470 1982 Σύμμαχον⁶
509 1911 651 1967 Ἰδοὺ
695 1912 802 1982 γὰρ
838 1914 890 1964 οἱ
930 1911 1126 1979 ἐχθροί
1166 1924 1298 1975 σου,
1341 1911 1490 1980 φησὶ,
1533 1925 1681 1963 συν-

178 2002 390 2068 ηχοῦσι,
429 2001 525 2055 καὶ
549 2005 600 2055 ol
619 2000 935 2070 μισοῦντές
969 2015 1042 2055 σε
1064 2001 1368 2069 ἐπαίρουσι
1392 1997 1680 2068 κεφαλήν.

189 2091 382 2160 Ἦχοῦσι
415 2093 469 2144 δὲ
500 2093 592 2144 καὶ
635 2091 941 2162 ὀχλὰζουσιν
981 2093 1029 2144 οἱ
1075 2091 1254 2162 ἐχθροὶ
1287 2090 1382 2146 τεῦ
1419 2089 1571 2154 Θεοῦ,
1595 2090 1682 2143 ὅτε

180 2179 338 2233 οὐκέτι
376 2180 629 2251 κρύϐδην,
672 2180 791 2234 οὐδὲ
833 2180 1200 2251 πεφεισμένως
1239 2180 1470 2251 τολμῶσι
1512 2195 1683 2252 παρα-

182 2269 478 2338 φθέγγεσθαι
516 2272 612 2334 τὰς
643 2271 779 2326 κατὰ
805 2273 896 2326 τοῦ
925 2271 1057 2326 Θεοῦ
1091 2271 1453 2342 βλασφημίας·
1486 2271 1584 2341 ήδη
1626 2271 1681 2323 δὲ

180 2360 239 2414 ὲκ
273 2361 354 2413 τοῦ
385 2362 686 2432 προφανοῦς
713 2364 802 2416 καὶ
836 2363 1041 2435 ἁθρόως
1085 2363 1136 2416 οἱ
1177 2363 1370 2424 πάντες
1413 2360 1550 2413 κατὰ
1587 2359 1679 2412 τοῦ

181 2451 296 2504 Θεοῦ
332 2451 396 2504 τὰ
430 2451 562 2506 άθεα
602 2453 954 2523 προφέρονται
998 2454 1229 2524 ῥήματα,
1269 2452 1422 2504 ὁποῖα
1448 2448 1679 2519 τολμῶσι

182 2541 408 2609 πράττειν
443 2539 583 2593 κατὰ
613 2540 736 2602 τοὺς
767 2539 872 2614 τῶν
902 2539 1150 2609 διωγμῶν
1193 2537 1430 2607 καιρούς.
1467 2533 1596 2590 Εἶτα
1624 2536 1680 2588 δὲ

181 2629 262 2681 καὶ
301 2627 707 2698 ύψαυχενοῦντες
745 2630 839 2682 καὶ
884 2629 1264 2698 φρυαττόμενα
1310 2628 1408 2698 τὴν
1437 2627 1681 2699 κεφαλὴν

181 2717 481 2788 ιπαίρουσιν,
510 2719 596 2772 ὅτε
639 2708 864 2794 μάλιστα
901 2718 1181 2789 ἐπιτριδήν
1217 2718 1396 2781 αὐτοῖς
1433 2720 1467 2788 ή
1508 2717 1682 2789 σιωπὴ

1777 1910 1930 1978 dent;
1966 1911 2060 1967 sed
2093 1913 2267 1981 palam
2299 1918 2352 1966 et
2380 1911 2658 1965 confertim
2685 1925 2869 1964 omnes
2900 1910 2955 1964 in
2992 1909 3157 1965 Deum
3193 1911 3296 1964 im-

1776 2001 1864 2070 pia
1885 2001 2044 2056 verba
2077 2012 2349 2078 evomunt,
2380 2000 2558 2069 qualia
2588 2000 3014 2068 persecutionum
3054 2008 3294 2068 tempore

1777 2092 1972 2145 audent
1996 2090 2202 2145 eli‘erre.
2236 2090 2434 2145 Deinde
2458 2097 2633 2145 erecta
2661 2090 2870 2144 cervice
2895 2090 3177 2145 frementes
3202 2105 3298 2144 ca-

1778 2188 1872 2250 put
1902 2182 2159 2245 exaltant,
2191 2181 2404 2250 quando
2441 2181 2676 2235 maxime
2717 2181 2988 2234 silentium
3017 2180 3108 2234 Dei
3139 2180 3297 2234 indu-

1778 2271 1889 2327 cias
1931 2271 2065 2340 ipsis
2118 2262 2338 2342 praebet.
2389 2270 2485 2326 His
2539 2286 2670 2326 vero
2716 2282 2878 2341 caput
2922 2269 3298 2334 efferentibus,

1779 2357 1872 2413 Dei
1928 2359 2171 2416 homines
2232 2358 2409 2414 amicti
2461 2359 2843 2426 humiliantur;
2892 2366 2950 2412 ut
2990 2359 3104 2413 vice
3148 2372 3301 2414 versa

1780 2447 2048 2518 depressis
2078 2449 2313 2506 inimicis
2337 2448 2453 2511 Dei,
2485 2456 2793 2504 sanctorum
2825 2449 3303 2518 religiosorumque

1779 2537 2015 2592 virorum
2038 2542 2214 2609 capita
2234 2541 2560 2594 exaltantur.
2589 2539 2764 2605 Quare
2783 2555 2848 2592 ex
2868 2555 3048 2593 eorum
3073 2553 3302 2607 persona

1781 2627 1975 2682 alicubi
2015 2627 2216 2682 dictum
2263 2636 2345 2684 est
2372 2647 2386 2682 :
2411 2627 2478 2680 Et
2508 2644 2640 2680 nunc
2664 2627 2908 2680 exultavit
2941 2639 3092 2695 caput
3134 2642 3302 2680 meum

1782 2735 1931 2787 super
1951 2721 2186 2774 inimicos
2216 2737 2351 2775 meos
2377 2720 2444 2792 ’³.

182 2805 259 2858 τοῦ
307 2806 431 2860 Θεοῦ
487 2806 892 2879 κατεργάζεται.
961 2808 1171 2861 Τούτων
1200 2807 1257 2861 δὲ
1316 2808 1414 2880 τὴν
1448 2808 1684 2879 κεφαλὴν
1741 2812 2028 2882 αίρόντων,
2091 2814 2139 2865 οἱ
2193 2810 2284 2864 τοῦ
2347 2808 2479 2864 Θεοῦ
2530 2809 2799 2879 ἄνθρωποι
2854 2805 3304 2876 καταπονούμενοι

182 2897 548 2950 ταπεινοῦνται·
609 2897 684 2962 ὡς
738 2897 966 2969 ἔμπαλιν
1025 2899 1449 2970 ταπεινουμένων
1508 2900 1615 2954 τῶν
1655 2900 1860 2972 ἐχθρῶν
1894 2901 1987 2955 τοῦ
2013 2903 2146 2957 Θεοῦ
2187 2904 2243 2958 al.
2285 2902 2392 2956 τῶν
2434 2900 2600 2969 ἁγίων
2649 2901 2741 2952 καὶ
2786 2898 3037 2968 θεοφιλῶν
3095 2898 3303 2969 ἀνδρῶν

184 2985 383 3054 κεφαλαὶ
415 2986 688 3057 ύιζροῦνται.
735 2990 823 3043 Διὸ
859 2990 1067 3064 εῐρηταί
1102 3007 1204 3044 που
1248 2991 1304 3047 έέ
1345 2989 1519 3045 αὐτῶν
1555 2990 1838 3064 προσώπου
1863 2992 1942 3045 τό·
2001 2993 2113 3048 Καὶ
2184 2993 2300 3048 νῦν
2344 2993 2560 3062 Dymae
2596 2989 2864 3061 κεφαλήν
2917 3007 3032 3060 μου
3079 2989 3168 3042 ἐπ’
3209 2989 3307 3057 ὲκ·-

185 3079 335 3144 θρσύς
358 3096 495 3148 μου·

249 3187 362 3241 Ἐπὶ
391 3189 497 3243 τὸν
522 3193 674 3246 λαόν
699 3206 813 3245 σου
851 3191 1507 3260 κατεπανουργεύσαντο
1539 3188 1682 3261 γνώ-

1847 3185 2095 3249 νειιειι,
2126 3184 2179 3239 5.
2221 3183 2388 3252 Super
2421 3184 2668 3251 populum
2711 3191 2856 3236 tuum
2892 3182 3306 3249 malignarerunt

183 3293 304 3344 μην,
329 3278 420 3330 καί
447 3280 877 3337 ἐϐουλεύσαηο
898 3281 1046 3335 κατὰ
1066 3281 1186 3335 τῶν
1212 3282 1391 3350 ἁγίων
1412 3295 1546 3335 σου.
1587 3277 1685 3335 Εἷ-

185 3377 320 3420 πανο
375 3370 565 3433 Δεῦτε,
623 3371 719 3424 καὶ
775 3370 1289 3440 ἐξολοθρεύσωμειν
1343 3371 1560 3436 αὐτοὺς
1616 3370 1685 3435 ἐξ

185 3456 389 3530 ἔθνους,
415 3459 508 3514 καί
533 3461 606 3512 σὺ
625 3459 710 3528 μὴ
733 3458 974 3528 μνησθῇ
1001 3460 1066 3512 τὸ
1098 3459 1282 3528 ὄνομα
1315 3461 1547 3528 Ἰσραὴλ
1579 3461 1680 3515 ἔτι.

189 3547 409 3602 Δυσωπεῖ
431 3549 518 3602 τὸν
542 3548 671 3601 Θεὸν
698 3549 727 3600 ὁ
743 3536 1027 3620 Προφήτης
1054 3548 1112 3602 ὲν
1133 3548 1271 3618 ἁγίῳ
1297 3548 1583 3619 Πνεύματι,
1599 3549 1687 3602 διὰ

190 3636 271 3690 τοῦ
290 3639 720 3709 ὑπομιμνήσκειν,
744 3638 817 3701 ὡς
845 3639 950 3707 ἄρα
979 3637 1103 3701 λαὸς
1128 3633 1288 3692 αὐτοῦ
1316 3639 1549 3707 γεγόνοιο
1568 3637 1684 3709 (sic)

190 3728 247 3780 τὰ
287 3727 505 3804 τοσαῦτα
550 3727 846 3793 πεπονθώς.
898 3725 1030 3784 Εἶτα
1059 3728 1305 3783 καὶτῶν
1351 3731 1409 3804 έν
1449 3728 1523 3798 τῷ
1576 3729 1687 3799 λαῷ

605 3817 768 3871 πάλαι
799 3818 1055 3889 πρότερον
1091 3818 1255 3887 ἁγίων
1292 3802 1387 3871 τοῦ
1416 3817 1547 3872 Θεοῦ
1594 3817 1687 3889 μὲ-

193 3897 380 3978 μνηται,
419 3909 664 3979 δεόμενος
707 3909 801 3962 καὶ
829 3907 1114 3963 ἀντιϐολῶν
1152 3906 1224 3978 μὴ
1267 3907 1372 3962 τῶν
1411 3909 1470 3960 ἐν
1507 3907 1687 3971 αὐτοῖς

189 3996 372 4051 ἀσεϐῶν
403 4001 495 4054 καὶ
528 3999 870 4070 παρανόμων,
914 3999 1085 4068 μόνων
1121 3998 1176 4051 δὲ
1200 3998 1304 4052 τῶν
1334 3998 1498 4066 ἁγίων
1525 3998 1686 4052 αὐτοῦ

192 4086 480 4156 μνησθῆναι,
512 4089 605 4141 καὶ
640 4088 707 4140 δι’
739 4088 931 4150 αὐτοὺς
958 4087 1019 4140 τὸ
1050 4089 1154 4141 πᾶν
1177 4088 1490 4159 κατελεῆσαι
1520 4087 1684 4152 ἔθνος.

201 4174 457 4229 ’Δκύλουθα
484 4177 539 4229 δὲ
576 4166 755 4239 αὐτοῖς
795 4176 1065 4242 ποιοῦντες
1103 4180 1152 4232 οἱ
1188 4179 1366 4249 ἐχθροὶ
1401 4179 1493 4233 τοῦ
1533 4179 1687 4246 Θεοῦ,

191 4264 269 4316 τὸν
292 4263 408 4318 λαὸν
448 4265 611 4318 αὐτοῦ
637 4265 946 4336 πολεμοῦσι,
981 4270 1280 4341 πανουργίᾳ
1308 4268 1569 4341 χρώμενοι
1599 4271 1690 4324 καὶ

194 4354 324 4426 δόλῳ,
353 4357 480 4429 πρὸς
510 4357 572 4411 τὸ
597 4357 913 4411 καταϐαλεῖν
949 4357 1110 4412 αὑτὸν
1137 4361 1228 4412 καὶ¹
1265 4361 1563 4431 ἀποστῆσαι
1593 4362 1689 4432 τῆς

192 4443 271 4497 τοῦ
313 4447 436 4500 Θεοῦ
463 4447 755 4511 εὐσεϐείας.
786 4447 875 4500 Διὸ
910 4447 1178 4501 λέλεκται·
1226 4450 1347 4503 Ἐπὶ
1389 4451 1495 4504 τὸν
1542 4454 1691 4507 λαόν

192 4550 290 4589 σου
327 4539 973 4608 κατεπανουργεύσαντο
1006 4540 1257 4607 γνώμην,
1299 4541 1393 4594 καὶ
1423 4541 1691 4595 ὲϐουλεύ-
1719 4521 1761 4576 D

192 4640 352 4682 σαντο
377 4631 523 4683 κατὰ
546 4629 661 4683 τῶν
686 4629 865 4708 ἁγίων
886 4644 1019 4683 σου.
1043 4628 1436 4699 Μεμελημένως
1469 4629 1576 4699 γὰρ
1600 4630 1691 4682 καὶ

193 4720 630 4790 πεφροντισμένως
665 4719 905 4789 μηχανάς
934 4737 1080 4783 τινας
1126 4712 1381 4790 κρυφίους
1423 4720 1560 4772 κατὰ
1594 4719 1688 4772 τοῦ

194 4803 301 4869 λαοῦ
327 4806 414 4860 τοῦ
441 4807 573 4862 Θεοῦ
603 4808 905 4871 καττύουσι,
937 4809 1075 4862 κατά
1110 4826 1166 4862 τε
1203 4807 1309 4862 τῶν
1337 4808 1504 4875 ἁγίων
1528 4808 1689 4862 αὐτοῦ

195 4891 449 4959 ίπιὸουλὰς
495 4898 995 4961 κατασκευάζονται,
1040 4899 1106 4951 δι’
1151 4898 1243 4951 ἕνα
1290 4898 1484 4951 σκοπὸν
1525 4899 1583 4951 ὃν
1631 4901 1691 4954 ὲν

195 4980 374 5046 ἑαυτοῖς
405 4985 726 5054 προθέμενοι
745 5001 894 5052 φασι*
927 4985 1118 5050 Δεῦτε,
1151 4984 1246 5039 καί
1265 4983 1690 5050 ἐξολοθρεύσω-

191 5087 284 5138 μεν
298 5073 504 5140 αὐτοὺς
525 5072 593 5138 ἐξ
617 5075 843 5139 ἔθνους,
862 5068 957 5130 καὶ
978 5077 1048 5128 οὐ
1067 5074 1149 5142 μὴ
1169 5072 1406 5142 μνησθῇ
1423 5073 1489 5125 τὸ
1511 5072 1690 5142 ὄνομα

193 5161 278 5214 τοῦ
311 5162 534 5231 Ἰσραὴλ
559 5163 661 5216 ἔτι.
696 5166 758 5218 Οἱ
792 5167 888 5236 μὲν
921 5163 1017 5219 οὖν
1041 5166 1288 5235 θεομάχοι
1327 5166 1387 5218 οὐ
1422 5164 1687 5233 βούλονται

195 5249 241 5300 ὲν
276 5249 564 5322 ἀνθρώποις
603 5251 751 5314 εθνος
779 5253 910 5309 Θεοῦ
962 5254 1275 5322 ὑφεστάναι·
1327 5252 1457 5306 άλλὰ
1499 5252 1589 5305 καὶ
1629 5255 1689 5306 τὸ

193 5340 439 5418 δνοματοῦ
473 5343 686 5414 Ἰσραὴλ
712 5343 1085 5414 ἐξαλειφθῆναι
1121 5343 1515 5408 σπουδάζουσιν.
1547 5344 1603 5396 Ὀ
1634 5344 1691 5398 δὲ

196 5428 320 5498 Θώς,
350 5434 432 5487 ἀεὶ
456 5433 605 5496 ἔθνος
633 5434 804 5504 ἐαυτῷ
826 5436 916 5486 ἐπὶ
940 5435 1039 5505 γῆς
1058 5435 1405 5506 καταρτίζων,
1435 5433 1566 5503 μετὰ
1592 5434 1691 5504 τὴν

195 5519 270 5574 τοῦ
296 5524 547 5596 προτέρου
569 5523 696 5584 λαοῦ
719 5525 914 5578 πτῶσιν
941 5526 1036 5596 τὴν
1063 5526 1119 5589 ἐξ
1151 5526 1315 5579 ἐθνῶν
1339 5525 1691 5594 συνεστήσατο

258 5675 295 5708 ⁸⁸
327 5677 458 5734 Psal.
499 5695 642 5742 xm,
676 5682 727 5732 θ.

1769 3277 2077 3339 consilium,
2126 3284 2176 3328 et
2223 3275 2570 3342 cogitaverunt
2620 3271 2862 3326 adversus
2913 3281 3117 3326 sanctos
3167 3280 3302 3325 tuos.

1785 3347 2038 3426 Dixerunt
2061 3382 2079 3422 .'
2103 3366 2278 3420 Venite
2297 3373 2345 3419 et
2372 3362 2726 3432 disperdamus
2746 3379 2830 3416 eos
2860 3362 2923 3415 de
2941 3371 3104 3430 gente,
3133 3370 3182 3414 et
3203 3378 3309 3415 non

1783 3441 2092 3516 memoratur
2113 3471 2295 3510 nomen
2324 3454 2492 3510 Israel
2514 3455 2676 3506 ultra.
2711 3451 2873 3506 Deum
2901 3451 3147 3505 obsecrat
3172 3445 3309 3512 Pro-

1782 3552 1940 3622 pheta
1969 3551 2024 3605 in
2049 3547 2254 3619 Spiritu
2277 3551 2484 3609 sancto,
2507 3557 2731 3619 monens
2757 3555 2899 3608 eum,
2930 3541 3021 3611 qui
3048 3539 3177 3592 talia
3207 3539 3305 3609 pa-

1783 3643 1934 3705 titur,
1969 3639 2222 3710 populum
2260 3632 2379 3707 ejus
2428 3649 2568 3690 esse.
2596 3631 2709 3687 Sub
2739 3631 2853 3686 haec
2896 3639 3072 3684 autem
3098 3644 3303 3695 eorum,

1781 3733 1873 3802 qui
1900 3731 1955 3784 in
1986 3728 2182 3799 populo
2205 3727 2316 3796 jam
2342 3725 2467 3780 olim
2509 3722 2786 3791 conspicui
2814 3721 3049 3781 fuerunt,
3087 3725 3304 3772 sancto-

1782 3837 1902 3876 rum
1931 3819 2025 3874 Dei
2055 3817 2318 3881 meminit,
2361 3813 2668 3884 supplicans
2696 3813 3111 3876 obsecransque,
3152 3813 3212 3860 ut
3239 3821 3306 3860 ne

1783 3911 2068 3982 impiorum
2104 3895 2590 3972 sceleratorumque
2628 3902 2683 3954 in
2711 3900 2928 3970 populo,
2968 3897 3064 3953 sed
3090 3905 3308 3953 sancto-

1782 4018 1902 4058 rum
1941 4013 2161 4058 suorum
2207 3994 2558 4052 recordetur:
2586 4005 2879 4059 eorumque
2924 3988 3097 4059 gratia
3140 3994 3307 4041 totam

1783 4099 1988 4162 gentem
2010 4085 2376 4142 misericordia
2397 4082 2576 4137 donet.
2607 4078 2794 4134 Allinia
2821 4085 2995 4132 autem
3026 4076 3308 4145 impiorum

1785 4181 1950 4253 gestis
1987 4183 2363 4249 .perpetrantes
2391 4173 2592 4228 inimici
2628 4170 2742 4234 Dei,
2778 4168 3028 4239 populum
3073 4167 3190 4234 ejus
3218 4179 3310 4233 0p-

1785 4278 2046 4343 pugnant,
2088 4269 2322 4325 versutia
2354 4273 2563 4320 utentes
2603 4270 2658 4318 et
2698 4262 2841 4326 dolo,
2873 4267 2929 4312 ut
2965 4258 3137 4326 ipsum
3173 4255 3310 4323 deji-

1786 4363 1930 4416 ciant
1961 4368 2015 4416 et
2059 4374 2093 4413 a
2134 4359 2331 4428 pietate
2376 4365 2500 4424 erga
2543 4353 2705 4406 Deum
2759 4353 3015 4402 avertant.
3046 4344 3310 4423 Quocirca

1787 4452 1988 4506 dictum
2042 4445 2358 4514 est:Super
2405 4441 2647 4512 populum
2701 4447 2844 4491 tuum
2901 4434 3310 4503 malignaverunt

1790 4538 2082 4603 consilium,
2123 4545 2173 4589 et
2224 4536 2574 4604 cogitaverunt
2622 4528 2863 4581 adversus
2914 4532 3120 4577 sanctos
3169 4531 3304 4574 tuos.

1791 4624 2027 4679 Meditati
2054 4621 2196 4676 enim
2223 4635 2345 4674 cum
2387 4615 2745 4672 sollicitudine
2769 4611 3032 4682 quasdam
3069 4609 3312 4664 occultas

1790 4712 2063 4768 machinas
2091 4717 2276 4764 contra
2304 4707 2553 4777 populum
2585 4703 2998 4765 Dei'instruunt,
3023 4711 3075 4755 et
3106 4697 3311 4754 sanctis

1789 4803 1906 4873 ejus
1931 4799 2154 4855 insidias
2195 4788 2406 4868 parant,
2437 4811 2519 4861 ac,
2548 4795 2617 4849 ob
2641 4808 2806 4848 unum
2833 4806 2988 4861 quem
3037 4790 3090 4842 in
3130 4787 3311 4840 animo

1774 4897 2091 4963 rproponunt
2135 4903 2379 4957 scopum,
2427 4887 2624 4940 aiunt:
2669 4883 2839 4937 Venite
2873 4876 3308 4947 stdisperdamus

1792 5000 1876 5038 eos
1903 4984 1965 5036 de
2003 4989 2166 5050 gente,
2204 4991 2250 5034 et
2281 4968 2386 5036 non
2416 4986 2722 5032 memoretur
2742 4990 2924 5028 nomen
2950 4969 3117 5025 Israel
3141 4967 3307 5022 ultra.

1792 5073 1995 5128 Inimici
2030 5073 2210 5141 itaque
2237 5070 2331 5126 Dei
2371 5069 2621 5140 populum
2647 5065 2741 5120 Dei
2769 5065 2824 5118 in
2854 5061 3156 5117 hominibus
3175 5072 3308 5111 cou-

1792 5167 1980 5223 sistere
2031 5164 2221 5217 nolunt
2258 5181 2271 5216 :
2308 5163 2437 5231 quin
2462 5162 2619 5215 etiam
2648 5156 2860 5211 israelis
2895 5167 3088 5207 nomen
3131 5151 3310 5205 delere

1792 5260 2060 5326 satagunt.
2092 5253 2233 5309 Deus
2254 5267 2382 5308 vero
2406 5258 2527 5322 post
2556 5248 2751 5319 prioris
2777 5243 2955 5317 populi
2983 5241 3193 5296 ruinam
3214 5255 3309 5310 po—

1789 5347 1972 5419 pulum
2021 5345 2122 5400 sibi
2161 5359 2371 5414 semper
2402 5343 2459 5396 in
2504 5350 2644 5396 terra
2687 5352 2900 5409 parans,
2950 5349 3016 5388 ex
3045 5329 3307 5402 gentibus

1790 5431 2080 5488 Ecclesiam
2115 5429 2417 5493 constituit,
2463 5441 2651 5482 novam
2681 5437 3040 5496 nuperamque
3072 5425 3306 5489 gentem,

1791 5541 1855 5580 ex
1894 5520 2139 5594 gentibus
2169 5534 2262 5590 per
2292 5525 2462 5574 totum
2493 5516 2675 5571 orbem
2713 5515 2980 5588 selectam.
3012 5509 3217 5564 Idcirco
3252 5511 3310 5561 et
