3974 6354
724 456 826 513 395

1380 455 1644 512 EUSEBII
1676 451 2146 510 CASSARIENSIS
2181 453 2328 510 OPP.
2371 453 2566 512 PARS.
2606 454 2777 510 HL—
2813 456 3207 520 EXEGETICA.
3786 464 3872 517 996

724 575 938 632 lsraelis
977 590 1195 640 nomen,
1234 582 1290 630 et
1317 576 1563 630 omnium
1601 575 1978 646 religiosorum
2018 576 2240 628 virorun

2369 572 2709 645 Ἐκκλησίαν,
2752 576 2846 629 καὶ
2879 577 2939 630 τὸ
2981 578 3161 630 καινὸν
3189 578 3281 631 καὶ
3325 579 3444 631 νέον
3489 577 3656 643 ἔθνος.
3687 579 3743 633 τὸ
3765 583 3868 634 καθ’

722 668 981 720 memoria
1019 667 1191 736 magis
1234 668 1513 737 magisque
1547 667 1867 733 celebratur,
1906 675 1960 721 et
2006 666 2106 734 pia:
2133 665 2260 720 reli-

686 797 691 803 .
721 757 895 824 gionis
922 764 1070 824 gesta
1102 757 1465 826 resplendent.

2364 667 2488 740 ὅλης
2518 669 2617 738 τῆς
2642 669 3047 740 οἱκουμένηςὲκ
3071 669 3169 739 τῆς
3193 669 3296 722 τῶν
3330 668 3494 723 ἐθνῶν
3525 670 3740 741 ἐκλογῆς
3761 672 3870 724 ὐπο-

2367 758 2514 812 στάν.
2561 759 2651 811 Διὸ
2696 759 2952 829 μειζόνως
2992 761 3084 824 καί⁵
3126 759 3388 830 τδοδνομα
3418 759 3512 813 τοῦ
3551 761 3769 833 Ἰσραὴλ,
3795 766 3868 815 καὶ

720 846 932 899 πάντων
962 846 1069 900 τῶν
1097 846 1353 918 θεοφιλῶν
1377 847 1584 928 ἀνδρῶν
1623 848 1655 917 ἡ
1700 849 1884 920 μνήμη
1927 847 2264 916 ἀνυμνεῖται,
2288 845 2356 898 τά
2385 864 2443 900 τε
2465 847 2564 917 τῆς
2596 847 2901 912 θεοσεϐείας
2928 847 3319 930 κατορθώματα
3340 848 3647 919 διαλάμπει.

783 955 947 1013 Vens.
981 958 1033 1023 6,
1067 960 1118 1023 8,
1145 960 1197 1014 9.
1240 959 1500 1025 Quoniam
1541 959 1898 1029 cogitaverunt
1939 959 2258 1012 unanimiter

715 1049 872 1101 simul
896 1065 914 1101 :
941 1049 1213 1103 adversum
1244 1060 1292 1104 te
1315 1059 1676 1104 testamentum
1700 1050 2064 1117 disposuerunt
2086 1049 2258 1104 taber-

714 1140 906 1192 nacula
935 1139 1313 1204 Idumazorum,
1342 1152 1390 1196 et
1416 1142 1722 1204 Ismaelitaz,
1757 1140 1914 1194 Moab
1938 1151 1987 1196 et
2010 1142 2256 1212 Agareni,

713 1229 877 1282 Gebal
914 1240 966 1283 et
1004 1234 1224 1285 Ammon
1262 1242 1310 1286 et
1344 1234 1576 1298 Amalec,
1612 1234 1915 1304 alienigena:
1957 1250 2073 1286 cum
2105 1233 2256 1286 habi—

2432 958 2547 1012 Ὀτι
2591 959 3023 1012 ἐδουλεύσαηο
3071 958 3140 1011 ἐν
3182 959 3422 1028 ὁμονοίᾳ
3472 958 3569 1011 ἐπὶ
3617 958 3681 1012 τὸ
3718 963 3863 1016 αὐτό·

2360 1050 2506 1103 κατὰ
2549 1049 2664 1103 σοῦ
2694 1049 2980 1118 διαθήκην
3004 1050 3262 1106 διέθεντο
3293 1049 3364 1103 τὰ
3390 1050 3737 1119 σκηνώματα
3770 1053 3868 1106 τῶν

2370 1139 2727 1209 Ἰδουμαίων,
2777 1141 2872 1194 καί
2909 1144 2962 1195 οι
3020 1141 3399 1211 Ἰσμαηλῖται,
3457 1142 3634 1195 Μωὰϐ
3680 1142 3767 1195 καί
3823 1147 3868 1197 cl

2369 1231 2682 1300 Ἇγαρηνοὶ,
2712 1232 2905 1290 Γεϐὰλ
2953 1233 3050 1287 καί
3091 1233 3310 1303 Ἀμμὼν
3343 1233 3440 1287 καί
3484 1235 3744 1304 Ἁμαλὴκ,
3777 1238 3866 1290 ἁλ-

712 1323 942 1376 tantibns
976 1323 1189 1392 Tyrum.
1226 1326 1430 1378 Etenim
1471 1326 1638 1380 Assur
1669 1327 1802 1380 venit
1829 1343 1945 1379 cum
1970 1327 2100 1389 illis,
2130 1326 2235 1393 fact

2354 1325 2610 1390 λόφυλοι
2633 1324 2781 1392 μετὰ
2811 1322 2926 1377 τῶν
2953 1326 3381 1379 κατοικούντων
3421 1326 3619 1393 Τύρον.
3654 1327 3754 1379 Kal
3775 1328 3867 1394 γὰρ

710 1420 834 1463 sunt
884 1412 939 1463 in
984 1411 1310 1480 adjutorium
1358 1412 1484 1482 ﬁliis
1532 1413 1650 1468 Lot.
1707 1413 2033 1482 Diapsalma.
2093 1414 2234 1480 Quas

2355 1414 2451 1467 καί
2498 1414 2742 1482 Ἆσσοὺρ
2781 1404 3254 1484 συμπαρεγένετο
3291 1417 3414 1483 μετ’
3457 1414 3668 1479 αὐτῶν,
3693 1417 3867 1484 ἐγενή-

711 1497 880 1554 Deum
911 1504 1154 1558 excitans
1181 1504 1506 1575 irritansque
1537 1504 1804 1575 Propheta
1836 1507 1889 1559 in
1923 1521 2018 1560 sua
2041 1520 2136 1576 pro
2164 1519 2240 1575 po

2356 1509 2550 1571 θησαν
2578 1506 2664 1571 είς
2702 1504 3026 1573 ἀντίληψιν
3049 1504 3171 1569 τοῖς
3202 1504 3350 1569 υἱοῖς
3389 1503 3535 1558 Λώτ.
3570 1503 3864 1572 Διάψαλμα.

707 1593 834 1671 pale
863 1595 1253 1670 supplicatione
1278 1599 1371 1666 ait,
1400 1598 1670 1655 adversum
1698 1607 1764 1653 te.
1798 1597 1914 1652 Non
1948 1599 2088 1653 enim
2108 1606 2240 1651 'con-

2356 1597 2560 1667 ’Ὠσπερ
2590 1597 2865 1668 διεγείρων
2901 1597 2992 1650 καὶ
3019 1595 3329 1666 παροξύνων
3354 1596 3443 1647 τὸν
3470 1595 3598 1648 Θεὸν
3626 1597 3653 1647 6
3683 1596 3867 1665 Προφή-

707 1704 792 1749 tra
822 1695 1100 1766 populum,
1136 1694 1330 1764 inqu-it,
1359 1693 1451 1749 sed
1483 1693 1768 1746 adversum
1799 1697 1875 1755 te,
1907 1697 1958 1745 et
1993 1689 2240 1744 adversus

2351 1703 2449 1755 της
2477 1687 2535 1737 ὲν
2577 1689 2642 1756 τῇ
2685 1686 2927 1756 ἱκετηρία
2968 1688 3033 1756 τῇ
3080 1687 3216 1756 ὑπὲρ
3261 1685 3353 1738 τοῦ
3401 1684 3529 1739 λαοῦ
3578 1685 3757 1753 φάσκει
3797 1687 3864 1746 τὸ,

705 1794 1086 1840 testamentum
1128 1795 1276 1839 tuum
1307 1784 1515 1838 inimici
1540 1783 1720 1854 pepuli
1744 1782 1821 1835 tui
1849 1781 2240 1836 machinantur.

2353 1777 2499 1830 κατὰ
2519 1775 2652 1831 σοῦ.
2690 1778 2761 1829 Ob
2797 1778 2903 1847 γὰρ
2935 1777 3071 1830 κατὰ
3099 1774 3191 1828 τοῦ
3211 1775 3359 1840 λαοῦ,
3395 1776 3575 1846 φησὶν,
3599 1775 3722 1828 ἀλλὰ
3749 1776 3864 1828 κατὰ

707 1876 842 1930 Hinc
875 1885 1058 1930 narrat
1086 1892 1205 1946 quae
1247 1878 1298 1930 in
1331 1876 1676 1947 Assyriorum
1722 1874 2017 1943 irruptione
2061 1879 2240 1932 contra

2355 1867 2446 1920 σοῦ
2484 1870 2576 1921 καὶ
2605 1870 2743 1922 κατὰ
2778 1871 2872 1940 τῆς
2908 1871 3004 1938 σῆς
3030 1870 3286 1941 διαθήκης
3314 1868 3696 1946 τετολμήκασιν
3719 1869 3760 1920 οί
3788 1864 3864 1919 τοῦ

701 1966 986 2021 Iudaicum
1017 1967 1271 2037 populum
1304 1974 1454 2037 gesta
1485 1974 1632 2021 sunt.
1670 1965 1734 2018 Et
1761 1965 1875 2018 haec
1900 1964 2240 2027 vaticinatur,

2351 1957 2476 2010 λαοῦ
2494 1977 2584 2012 σου
2602 1960 2861 2031 πολέμιοι.
2886 1957 2997 2015 Εἶθ’
3026 1961 3151 2032 ἑξῆς
3175 1961 3499 2034 διεξέρχεται
3530 1961 3597 2015 τὰ
3616 1965 3671 2015 ἐν
3691 1965 3748 2032 τῇ
3771 1961 3865 2013 τῶν

703 2056 996 2129 postquam
1037 2061 1236 2129 quibus
1276 2058 1343 2114 de
1391 2058 1579 2113 causis
1626 2057 1874 2111 hostibus
1919 2055 2103 2108 traditi
2144 2055 2251 2110 sint

702 2157 1072 2204 enarraveratv.
1110 2147 1246 2202 Nam
1278 2149 1334 2202 in
1381 2147 1702 2219 praecedenti
1732 2147 1942 2216 psalmo
1983 2146 2251 2216 principes

702 2241 886 2309 populi
935 2241 1264 2310 coarguebat
1310 2239 1536 2294 dicens:
1567 2237 1837 2310 thuequo
1862 2238 2117 2308 judicatis
2157 2239 2252 2292 ini-

701 2333 990 2399 quitatem:
1029 2346 1093 2383 ac
1138 2343 1377 2392 rursum,
1426 2329 1756 2395 R’etcierunt,
1784 2347 1941 2400 neque
1983 2329 2250 2384 intellexe—

702 2431 846 2486 runt,
876 2425 930 2474 in
963 2420 1181 2475 tenebris
1209 2421 1497 2475 ambulant.
1537 2421 1596 2475 In
1631 2421 1896 2492 superiori
1927 2437 2056 2476 vero
2083 2429 2248 2475 totam

700 2520 914 2582 gentem
958 2514 1249 2569 accusabat
1289 2515 1517 2571 dicens:
1550 2515 1615 2569 Et
1659 2533 1760 2570 non
1793 2517 1991 2570 audivit
2031 2517 2248 2585 populus

702 2619 846 2658 meus
868 2621 1035 2658 vocem
1068 2622 1258 2670 meam,
1291 2615 1339 2660 et
1362 2605 1536 2662 Israel
1561 2624 1665 2662 non
1695 2608 1919 2663 intendit
1947 2610 2094 2664 mihi.
2140 2607 2245 2663 Sed

700 2694 863 2749 etiam
894 2695 946 2749 in
978 2710 1160 2750 Lxxvu
1196 2695 1495 2750 facinorum
1523 2698 1760 2768 ipsorum
1793 2699 2010 2769 longum
2041 2699 2244 2755 catalo-

2365 2050 2653 2120 Ἀσσυρίων
2675 2051 2916 2105 ὲπιθέσει
2937 2053 3076 2106 κατὰ
3090 2054 3353 2107 Ἰουδαίων
3369 2053 3554 2116 ἔθνους
3570 2053 3863 2125 πραχθέντα.

2349 2141 2456 2193 Καὶ
2500 2141 2670 2195 ταῦτα
2719 2142 2958 2208 θεσπίζει
3008 2144 3328 2215 προδιελθὼν
3351 2145 3448 2207 τὰς
3496 2144 3686 2209 αἰτίας,
3717 2146 3775 2198 δι’
3809 2145 3865 2208 ἃς

2348 2233 2457 2294 τοῖς
2500 2232 2775 2304 πολεμίοις
2814 2234 3200 2305 παρεδόθησαν.
3238 2235 3324 2288 Ἐν
3374 2236 3470 2306 μὲν
3512 2236 3618 2307 γὰρ
3664 2236 3734 2306 τῷ
3776 2235 3863 2306 πρὸ

2347 2323 2754 2396 τούτουψαλμῷ
2778 2326 2903 2388 τοὺς
2927 2326 3185 2396 ἄρχοντας
3213 2327 3488 2397 ἁπήλεγχε
3518 2326 3610 2380 τοῦ
3634 2324 3748 2379 λαοῦ
3777 2328 3865 2396 φη-

2349 2432 2475 2479 σας·
2514 2415 2659 2481 Ἕως
2683 2417 2824 2469 πότε
2858 2416 3085 2484 κρίνετε
3120 2415 3388 2481 ἀδικίαν;
3419 2418 3514 2472 καὶ
3547 2416 3725 2472 πάλινο
3759 2420 3860 2470 Οὐκ

2346 2507 2634 2576 ἔγνωσαν,
2667 2508 2807 2562 οὐδὲ
2842 2508 3139 2578 συνῆκαν,
3168 2509 3237 2562 ἐν
3273 2510 3475 2563 σκότει
3517 2509 3860 2577 διαπορεύον-

2346 2616 2458 2654 ται.
2502 2601 2588 2653 Ἐν
2619 2601 2674 2654 δὲ
2703 2599 2782 2672 τῷ
2814 2601 3065 2672 ἀνωτέρω
3095 2601 3155 2654 τὸ
3196 2603 3301 2655 πᾶν
3327 2601 3596 2656 διέϐαλλεν
3632 2601 3766 2666 ἔθνος
3799 2603 3862 2654 εί-

2346 2691 2498 2744 πώνο
2531 2691 2638 2746 Kal
2678 2693 2791 2746 οὐκ
2830 2691 3095 2761 ἤκουσεν
3140 2695 3172 2746 ὁ
3220 2693 3368 2758 λαός
3406 2711 3526 2762 μου
3565 2692 3668 2762 τῆς
3694 2693 3864 2763 φωνῆς

698 2799 823 2854 gum
854 2785 1042 2839 texuit.
1073 2784 1479 2856 Consequenter
1508 2787 1673 2858 igitur
1702 2803 1822 2858 quas
1849 2787 2106 2843 diuturno
2126 2794 2240 2857 post

2345 2799 2478 2851 μου,
2512 2783 2609 2836 καὶ
2659 2773 2890 2852 Ἰσραὴλ
2934 2784 3005 2836 οὐ
3031 2780 3332 2852 προσέσχε
3371 2800 3491 2852 μοι.
3533 2783 3686 2837 Ἀλλὰ
3715 2785 3794 2837 καὶ
3817 2785 3862 2836 ὲν

699 2888 943 2947 tempore
986 2879 1119 2948 ipsis
1163 2879 1511 2951 contigerunt
1543 2881 1612 2935 ob
1646 2881 1838 2935 allatas
1875 2896 2071 2935 causas
2107 2880 2247 2933 vati-

2345 2871 2420 2942 τῷ
2447 2872 2520 2936 οζ⁹
2533 2939 2539 2946 _
2547 2873 2751 2944 μακρὸν
2771 2874 3063 2943 κατάλογον
3085 2873 3192 2928 τῶν
3216 2867 3687 2946 παρανομημάτων
3715 2873 3863 2929 αὐτῶν

696 2971 931 3026 cinatur.
998 2969 1110 3026 Illic
1173 2979 1351 3026 autem
1413 2974 1579 3028 variis
1643 2973 1978 3042 temporibus
2036 2972 2240 3028 obsessi

2345 2961 2630 3033 διεξῆλθεν.
2671 2964 2996 3028 Ἀκολούθως
3037 2959 3129 3018 οὖν
3176 2963 3262 3017 τὰ..
3291 2963 3666 3034 συμϐεϐηκότα
3707 2965 3863 3026 αὐτοῖς

697 3062 1112 3131 sunt,.primum
1163 3075 1194 3115 a
1227 3060 1575 3132 Babyloniis;
1611 3063 1851 3117 secundo
1884 3064 1952 3117 ab
1980 3061 2240 3116 Antiocho

2348 3056 2569 3128 μακροῖς
2601 3053 2820 3126 ὕστερον
2848 3048 3056 3126 χρόνοις
3078 3055 3166 3109 διὰ
3188 3055 3284 3118 τὰς
3316 3055 3692 3126 προλεχθείσας
3713 3056 3862 3118 αίτίας

697 3168 823 3222 rege
874 3151 1073 3222 Syria;
1136 3161 1412 3223 postremo
1475 3168 1508 3207 a
1568 3153 1828 3209 Romanis
1886 3161 2010 3222 post
2068 3161 2240 3224 patra-

2345 3145 2687 3218 προφητεύει.
2718 3147 2824 3200 Καὶ
2849 3148 2961 3199 ἐκεῖ
2997 3147 3136 3201 κατὰ
3161 3147 3449 3223 διαφόρους
3466 3145 3693 3218 ’χρόνους
3717 3164 3861 3200 mno-

697 3250 813 3297 tum
862 3244 917 3296 in
973 3242 1311 3300 Servatorem
1368 3253 1615 3300 nostrum
1676 3246 1874 3301 scelus.
1932 3242 2240 3314 Opportune

2345 3237 2680 3309 λιόρκηνται’
2729 3238 2986 3309 πρότερον
3029 3238 3124 3308 μὲν
3167 3238 3271 3290 ὑπὸ
3309 3237 3679 3304 Βαόυλωνίων,
3711 3237 3861 3290 δεύτε-

640 3395 648 3407 ι
697 3347 764 3386 ex
795 3329 1026 3402 Spiritus
1064 3335 1420 3403 praescientia'
1444 3343 1556 3391 tres
1583 3334 1702 3391 illas
1745 3307 2059 3390 obsidiones
2096 3335 2237 3389 idem

2347 3307 2435 3402 ρον
2459 3307 2524 3384 δὲή
2552 3333 2641 3384 ὑπ’
2681 3307 2944 3411 Ἀντιόχου
2989 3307 3082 3382 τοῦ
3114 3330 3222 3400 τῆς
3251 3329 3446 3400 Συρίας
3480 3329 3750 3400 βασιλέως,
3783 3328 3863 3380 καὶ

700 3421 958 3490 propheta
995 3424 1320 3492 praenuntiat
1352 3442 1367 3478 :
1411 3438 1538 3477 nam
1570 3423 1650 3476 in
1704 3437 1855 3478 um
1910 3430 2236 3492 postremam

2345 3424 2401 3476 τὸ
2448 3425 2660 3478 πάντων
2711 3421 2934 3476 ὕστατον
2967 3421 3070 3475 ὑπὸ
3107 3421 3388 3492 Ῥωμαίων
3442 3421 3577 3492 μετὰ
3618 3422 3710 3493 τὴν
3743 3420 3862 3474 κατὰ

697 3512 999 3580 signiﬁcat,
1053 3522 1111 3566 ut
1151 3515 1382 3584 prepriis
1415 3514 1470 3567 in
1513 3512 1646 3569 locis
1695 3511 2134 3577 declaravimus;
2177 3512 2234 3565 in

694 3617 897 3657 unm
926 3643 941 3667 ,
985 3619 1102 3658 eam
1149 3619 1268 3673 qua:
1311 3604 1412 3659 sub
1463 3600 1731 3656 Antiocho
1790 3600 1937 3672 Syro.
1977 3601 2233 3672 contigit,

695 3693 776 3748 uti
807 3700 1287 3747 commonstratum
1304 3701 1386 3747 est
1406 3710 1422 3758 ;
1446 3691 1500 3745 in
1523 3691 1770 3761 praesenti
1805 3698 1980 3748 autem
2007 3692 2236 3762 primam

696 3781 974 3842 meminit,
1003 3781 1210 3836 scilicet
1238 3781 1583 3851 Assyriorum
1605 3819 1620 3846 ,
1656 3796 1817 3851 quam
1865 3784 2026 3836 etiam
2070 3796 2234 3837 ιιιιι

693 3869 1023 3926 vaticinatus
1077 3880 1194 3936 est,
1250 3872 1419 3926 vineae
1468 3871 1775 3928 incendium
1822 3880 1877 3928 et
1926 3876 2235 3930 vastitatem

693 3960 1026 4029 signiﬁcans.
1065 3960 1141 4016 Ex
1172 3962 1399 4039 historia
1444 3962 1608 4033 igitur
1636 3964 1806 4021 edisci
1835 3973 2063 4036 .potest,
2106 3974 2236 4037 quot

695 4058 882 4119 gentes
922 4051 977 4103 in
1019 4067 1185 4105 unum
1215 4060 1404 4107 contra
1433 4051 1716 4108 Judaieum
1748 4055 2236 4125 p0pulum,coactat

697 4140 807 4194 sint
836 4141 888 4192 in
911 4141 1085 4209 prima
1111 4143 1456 4214 Assyriorum
1479 4145 1780 4215 irruptione
1798 4185 1813 4211 ,
1837 4162 1972 4217 quas
1998 4162 2234 4217 praesens

698 4231 980 4299 prophetia
1004 4244 1248 4288 recenset
1274 4252 1286 4287 :
1313 4251 1431 4304 qua:
1457 4237 1663 4304 primos
1685 4246 1930 4292 numerat
1953 4237 2232 4305 Idumaeos,

695 4323 890 4378 deinde
919 4321 1218 4380 lsmaelitas
1237 4365 1251 4388 ,
1279 4327 1439 4380 tertio
1470 4326 1731 4382 Moabitas
1751 4369 1766 4391 ,
1802 4338 1996 4399 quarto
2027 4331 2234 4400 Agare-

696 4429 795 4468 nos
819 4455 832 4477 ,
859 4416 985 4469 hinc
1007 4414 1305 4471 Gebalenos
1331 4425 1382 4470 et
1407 4419 1745 4474 Ammonitas
1764 4459 1778 4483 ,
1808 4429 1861 4474 et
1886 4421 2229 4477 Amalecitas.

691 4501 890 4558 Praeter
916 4505 1012 4558 hos
1031 4513 1208 4558 autem
1232 4505 1382 4569 dicit,
1399 4504 1713 4574 Alienigena
1739 4523 1856 4560 cum
1881 4508 2232 4562 habitantibus

2341 3512 2432 3575 τοῦ
2482 3513 2729 3584 Σωτῆρος
2759 3511 2917 3584 ἡμῶν
2952 3511 3173 3582 τόλμαν.
3209 3512 3445 3581 Εἰκότως
3490 3514 3553 3582 τῇ
3590 3510 3860 3582 προγνώσει

2339 3605 2430 3659 τοῦ
2467 3604 2791 3676 Πνεύματος
2839 3602 2938 3667 τὰς
2987 3606 3132 3674 τρεῖς
3171 3602 3371 3666 ταύτας
3413 3603 3441 3654 6
3486 3603 3643 3664 αὒτὺς
3673 3602 3859 3673 προφή-

2337 3711 2436 3766 της
2483 3696 2858 3767 προαναφωνεί
2899 3693 3242 3766 πολιορκίαςο
3292 3695 3347 3746 ὲν
3403 3694 3500 3765 μὲν
3549 3693 3626 3764 τῷ
3669 3699 3740 3762 of
3779 3690 3860 3760 τὴν

2339 3776 2573 3856 ὅστάτην
2623 3785 2919 3857 σημαίνων,
2978 3785 3052 3847 ὡς
3093 3784 3234 3839 κατὰ
3258 3785 3385 3848 τοὺς
3433 3785 3664 3848 οἰκείους
3691 3784 3861 3842 τόπους

2339 3876 2759 3947 παρεστήκαμεν
2781 3891 2796 3904 ο
2835 3875 2892 3926 ὲν
2918 3873 2976 3927 δὲ
2996 3873 3073 3943 τῷ
3099 3880 3194 3944 οην
3217 3873 3314 3944 τὴν
3358 3875 3452 3927 ἐπὶ
3491 3875 3746 3944 Ἀντιόχου
3782 3872 3860 3924 τοῦ

2338 3965 2528 4038 Σύρου,
2574 3964 2755 4028 καθὼς
2803 3957 3208 4018 ἀποδέδεικται·
3237 3966 3295 4017 ὲν
3331 3963 3389 4017 δὲ
3415 3963 3494 4044 τῷ
3530 3956 3677 4032 μετὰ
3699 3967 3859 4034 χεῖρας

2336 4057 2433 4128 τῆς
2466 4057 2684 4129 πρώτης
2727 4057 3015 4128 μέμνηται,
3065 4056 3204 4126 λέγω
3234 4055 3290 4108 δὲ
3322 4055 3419 4127 τῆς
3468 4056 3774 4128 Ἀσσυρίων,
3805 4056 3858 4126 ἦν

2337 4148 2483 4201 καὶὸ
2526 4148 2599 4202 σθ’
2649 4149 2920 4214 ἐθέσπισε,
2949 4149 3040 4202 τὸν
3088 4148 3411 4220 ἐμπρησμὸν
3444 4146 3540 4201 τοῦ
3572 4147 3859 4218 ἀμπελῶνος

2338 4239 2429 4291 καὶ
2447 4237 2546 4309 τὴν
2567 4239 2796 4310 ἐρημίαν
2825 4239 2984 4299 αὑτοῦ
3009 4242 3282 4312 σημήνας(
3307 4240 3460 4293 Ἔστι
3478 4239 3523 4293 δ’
3543 4235 3634 4293 οὗν
3663 4240 3746 4292 καὶ
3770 4237 3857 4291 ἀπὸ

2336 4329 2432 4398 τῆς
2482 4330 2720 4402 ἱστορίας
2774 4331 2980 4402 μαθεῖν,
3031 4333 3133 4386 ὅσα
3177 4331 3316 4386 κατὰ
3356 4331 3417 4385 τὸ
3461 4330 3592 4385 αὐτὸ
3631 4329 3858 4401 συνῆλθον

2338 4419 2461 4490 ἔθνη
2491 4421 2629 4474 κατὰ
2651 4421 2744 4475 τοῦ
2779 4423 3040 4478 Ἰουδαίων
3066 4424 3192 4477 λαοῦ
3225 4426 3281 4481 ὲν
3303 4427 3364 4494 τῇ
3396 4424 3583 4496 πρώτῃ
3617 4424 3717 4477 τῶν
3755 4424 3856 4475 Ἀσ-

2340 4512 2533 4580 συρίων
2561 4514 2815 4577 έπιθέσει,
2840 4513 2876 4567 ἃ.
2903 4499 3006 4567 ’καὶ
3031 4516 3064 4584 ή
3098 4514 3232 4585 μετὰ
3264 4519 3449 4586 χεῖρας
3471 4515 3856 4585 καταριθμεῖται

696 4594 911 4664 Tyrum.
937 4594 1042 4648 Pro
1071 4596 1164 4649 illo
1187 4608 1366 4651 autem
1388 4636 1402 4659 ,
1423 4598 1727 4667 alienigena:
1743 4637 1758 4663 ,
1782 4599 1976 4669 Aquila
1999 4607 2053 4654 et
2077 4599 2233 4672 Sym-

693 4687 938 4749 machus,
976 4687 1319 4757 Phylista'am
1349 4690 1646 4744 ediderunt.
1686 4689 1796 4745 Hoc
1828 4706 1992 4762 porro
2021 4695 2234 4746 nomine

692 4775 949 4856 appellari
989 4779 1165 4830 solent
1193 4779 1285 4848 qui
1322 4777 1556 4844 Gazam,
1602 4781 1926 4837 Ascalonem
1949 4790 2028 4859 ,ει
2075 4783 2233 4837 mari-

691 4865 875 4918 timam
918 4865 1178 4921 incolunt.
1215 4868 1279 4921 Hi
1308 4869 1486 4939 itaque
1515 4871 1767 4925 maritimi
1813 4873 2066 4944 allophyli
2108 4890 2228 4927 cum

2347 4872 2726 4946 Ἀμαληκίτας.
2758 4875 2866 4928 Καὶ
2909 4875 2999 4928 ἐπὶ
3030 4877 3269 4944 τούτοις,
3312 4880 3677 4949 Ἀλλόςρυλοι,
3724 4880 3853 4948 φησὶ,

691 4953 1282 5024 habitantibusTyrum
1313 4957 1590 5012 irruerunt
1611 4998 1625 5022 ,
1652 4959 1826 5028 inquit
1845 5000 1860 5026 ,
1890 4961 1949 5015 in
1974 4962 2227 5031 populum

2345 4965 2477 5023 uera
2493 4965 2612 5019 τῶν
2630 4967 3056 5020 κατοικούντων
3076 4971 3278 5038 Τύρον.
3311 4970 3455 5023 Ἀντὶ
3483 4969 3539 5023 δὲ
3561 4969 3674 5036 τοῦ,
3696 4971 3854 5024 ἀλλό-

690 5049 841 5096 tuum
869 5058 883 5108 ;
921 5051 971 5096 ct
999 5053 1190 5112 praeter
1220 5045 1316 5100 hos
1347 5061 1533 5102 omnes
1575 5049 1866 5119 Assyrius,
1910 5054 2055 5121 quod
2099 5067 2229 5107 sane

2345 5060 2528 5121 ρυλοι,
2560 5056 2782 5120 Ἀκύλας
2799 5057 2889 5110 καὶ
2904 5058 3214 5132 Σύμμαχος,
3243 5063 3627 5127 Φυλισταίαν,
3656 5059 3853 5114 ὲκδεδώ·

691 5141 850 5203 caput
875 5135 1135 5188 malorum
1166 5144 1281 5200 est,
1313 5153 1434 5190 cum
1463 5138 1528 5192 iis
1562 5138 1816 5208 impetum
1842 5142 2067 5208 faciens,
2091 5144 2226 5198 illis-

2345 5163 2511 5201 MO’W‘
2540 5147 2655 5211 ἔθος
2708 5148 2763 5201 δὲ
2796 5149 2978 5204 καλεῖν
3030 5153 3203 5223 τούτῳ
3239 5151 3319 5221 τῷ
3360 5152 3584 5223 ὀνόματι
3630 5155 3746 5217 τοὺς
3770 5153 3852 5221 τὴν

691 5240 793 5293 que
826 5226 1282 5282 commilitonibus
1315 5245 1445 5283 usus
1471 5239 1648 5284 castra
1677 5233 1894 5301 posuit:
1931 5248 2226 5304 omnesque

2345 5236 2505 5301 Γάζαν
2529 5239 2622 5291 καὶ
2650 5239 2746 5309 τὴν
2806 5240 3115 5297 Ἀσκάλωνα
3141 5242 3232 5296 καὶ
3265 5243 3362 5313 τὴν
3403 5244 3640 5316 πάραλον
3669 5243 3851 5297 οἰκοῦν-

2338 4605 2664 4674 προφητεία·
2695 4604 2940 4676 πρώτους
2995 4607 3319 4677 Ἰδουμαίους
3375 4607 3725 4677 όνομάζουσα,
3757 4601 3856 4658 εἶτα

2349 4695 2706 4764 Ἰσμαηλίτας,
2741 4697 2832 4748 καὶ
2869 4697 3081 4767 τρίτους
3122 4697 3430 4762 Μωαϐίτας,
3467 4698 3558 4751 καὶ
3596 4698 3856 4768 τετάρτους

2350 4783 2692 4856 Ἀγαρηνοὺς,
2731 4783 2847 4837 εἶτα
2877 4785 3233 4857 Γεόαληνοὺς,
3263 4790 3353 4842 καὶ
3399 4790 3750 4859 Ἀμμανίτας,
3779 4788 3855 4840 καὶ

2263 4657 2309 4714 D

692 5314 929 5382 pradicti
964 5317 1122 5370 simul
1165 5318 1293 5385 facti
1340 5330 1457 5373 sunt
1487 5322 1539 5374 in
1576 5323 1902 5391 adjutorium
1941 5325 2070 5394 [iliis
2104 5326 2221 5378 Lot.

688 5404 792 5456 l‘ro
818 5419 925 5472 quo
977 5406 1201 5475 Aquila,
1263 5408 1418 5463 Facti
1451 5422 1601 5477 sunt,
1633 5414 1834 5482 inquit,
1863 5415 2130 5471 brachium
2159 5418 2225 5486 ﬁ-

687 5496 772 5550 liis
808 5493 945 5558 Lat;
978 5497 1331 5567 Symmachus
1359 5517 1515 5567 vero,
1561 5502 1714 5558 Facti
1756 5516 1874 5559 sunt
1912 5509 2225 5563 commilito-

2331 5345 2446 5393 τας.
2474 5332 2582 5385 Καὶ
2625 5326 2768 5384 οὗτοι
2819 5334 2996 5387 τοίνυν
3039 5334 3230 5405 ἑφεξῆς
3263 5336 3310 5389 oi
3354 5335 3849 5409 παραλιῶταιάλλό-

2332 5422 2481 5488 φυλοι
2516 5422 2650 5492 μετὰ
2680 5423 2786 5478 τῶν
2807 5424 3192 5480 κατοικούντων
3219 5426 3392 5498 Τύρον
3417 5428 3686 5493 ἐπέθεντο,
3716 5428 3848 5496 φησὶν

2330 5512 2468 5568 κατὰ
2486 5514 2577 5567 τοῦ
2620 5516 2746 5569 λαοῦ
2794 5536 2884 5572 σου
2910 5536 2925 5549 ·
2964 5519 3056 5572 καὶ
3101 5520 3190 5574 ἐπὶ
3224 5522 3388 5574 πᾶσιν
3415 5523 3444 5575 6
3487 5522 3775 5593 Ἀσσύριος,
3803 5517 3849 5568 τὸ

684 5599 774 5636 nes
804 5582 929 5651 ﬁliis
963 5582 1076 5638 Lat.
1125 5584 1246 5641 Filii
1290 5599 1467 5645 autem
1513 5590 1610 5646 Lot
1642 5601 1796 5648 erant
1823 5594 2140 5653 Ammanitae
2172 5606 2224 5654 et

2345 5603 2389 5674 ἰὴ
2421 5606 2707 5676 κεφάλαιον
2751 5610 2860 5664 τῶν
2914 5610 3118 5677 κακῶν,
3154 5613 3248 5664 σὺν
3279 5611 3489 5667 τούτοις
3535 5611 3846 5681 ὁρμώμενος,

759 5827 800 5858 ¹⁸
836 5825 978 5883 Psal.
1015 5847 1171 5901 un,
1212 5835 1292 5890 12.
