3976 6350
99 441 214 497 997

1216 441 1708 496 COMMENTARIA
1748 441 1814 495 IN
1851 442 1971 498 PSA
1983 441 2183 500 LMOS.

3179 443 3283 500 998

100 561 205 612 καὶ
256 558 456 621 τούτοις
517 559 819 628 συμμάχοις
857 533 1161 634 χρώμενος,
1209 556 1304 627 τὴν
1345 558 1643 630 παράταξιν

1749 558 1991 613 Moabitae
2017 576 2030 610 :
2064 573 2188 612 nam
2220 558 2275 612 hi
2306 557 2414 612 duo
2441 557 2532 612 lilii
2561 557 2661 612 Lot
2689 556 2838 612 fuere
2858 597 2873 621 ,
2904 556 3061 612 Moab
3087 565 3140 612 et
3167 559 3293 611 Am-

99 650 393 718 ἑτοοιήσατο
416 663 428 674 ·
483 648 614 716 ὁμοῦ
658 665 716 700 τε
747 647 940 709 πάντες
977 647 1026 698 οἱ
1063 645 1441 716 προλεχθέντες
1457 647 1655 716 ἐγενή-

97 744 302 805 θησαν
352 740 436 802 εὶς
483 738 806 805 ἀντίληψιν
848 736 969 801 τοῖς
995 735 1142 798 υἱοῖς
1177 735 1324 788 Λώτ.
1369 735 1508 788 Ἀνθ’
1531 731 1591 790 οῦ
1622 737 1650 788 ὁ

104 829 214 895 μὲν
255 827 495 889 Ἀκύλας,
538 826 860 896 Ἐγένοντο,
895 825 1046 896 φησὶ,
1071 825 1339 892 ,βραχίων
1369 825 1490 891 τοῖς
1504 826 1653 892 υιοῖς

97 917 315 970 Λώτοὸ
363 917 418 970 δὲ
468 916 784 988 Σύμμαχος,
828 915 1126 985 Ἐγένοντο
1181 916 1481 985 σύμμαχοι
1530 918 1651 982 τοῖς

97 1007 255 1072 υἱοῖς
279 1007 420 1061 Λώτ.
451 1008 569 1060 Υἱοὶ
595 1009 651 1059 δὲ
685 1007 804 1060 Λὼτ
836 1002 973 1077 ἦσαν
1013 1008 1338 1077 Ἀμμανῖται
1371 1008 1463 1060 καὶ
1490 1007 1654 1060 Μωα-

103 1100 248 1153 ϐῖται
268 1117 280 1128 ·
305 1099 393 1152 δύο
421 1099 527 1170 γὰρ
559 1095 701 1152 οῦτοι
741 1100 1024 1165 γεγόνασιν
1055 1099 1159 1150 υἱοὶ
1182 1097 1272 1151 τοῦ
1304 1097 1446 1163 Λὼτ,
1481 1099 1652 1152 Μωάϐ

103 1191 203 1243 καὶ
266 1190 502 1261 Ἄμμων.
562 1189 741 1242 Ταῦτα
768 1191 821 1242 δὲ
858 1190 938 1242 ὅτι
972 1189 1106 1260 μηδὲ
1142 1189 1326 1243 ἄλλοτε
1356 1189 1654 1259 ἐπληροῦτο

102 1282 133 1351 ἢ
199 1282 336 1336 κατὰ
387 1283 512 1345 τοὺς
561 1281 854 1353 Ἀσσυρίων
889 1283 1127 1353 χρόνους,
1164 1283 1349 1352 σαφῶς
1384 1283 1416 1351 ὴ
1447 1281 1654 1353 ἱστορία

101 1375 412 1444 παρίστησι.
448 1375 518 1427 Τὸ
548 1373 840 1445 τηνικαῦτα
872 1374 979 1443 γὰρ
1013 1376 1186 1438 πάντα
1215 1376 1281 1428 τὰ
1309 1377 1372 1428 ὲκ
1401 1373 1653 1441 γειτόνων

99 1465 230 1534 ἔθνη
257 1464 672 1535 διαφθονούμενα
705 1469 769 1536 τῇ
815 1466 1160 1540 Ἰερουσαλὴμ
1200 1467 1293 1520 καὶ
1315 1464 1392 1535 τῷ
1426 1467 1484 1516 ὲν
1519 1465 1652 1534 αὐτῇ

100 1557 473 1626 γεγραμμένῳ,
495 1557 571 1626 (-l)
603 1556 710 1626 ναῷ
740 1556 829 1609 τοῦ
859 1556 1012 1619 Θεοῦ,
1034 1555 1266 1624 διψῶντα
1294 1571 1353 1607 τε
1381 1553 1478 1625 τὴν
1504 1552 1658 1606 drcth

1705 719 1730 730 _
1753 663 1899 703 mon.
1946 648 2069 704 Haec
2113 664 2274 720 porro
2312 664 2420 703 non
2463 650 2569 703 alio
2596 663 2756 719 quam
2785 648 3128 719 Assyriorum
3159 658 3296 703 tem-

1751 755 1881 809 pore
1904 750 2052 809 gesta
2082 740 2249 795 fuisse
2276 749 2456 811 aperte
2483 748 2664 794 narrat
2693 739 2941 794 historia.
2971 740 3068 792 Illo
3099 741 3297 811 quippe

1749 845 1863 885 aevo
1894 846 2082 886 omnes
2113 830 2323 884 ﬁnitimi
2353 832 2536 901 p0puli
2563 830 2943 901 Hierosolyma:
2974 838 3028 885 et
3055 831 3127 893 ei,
3153 833 3296 899 quod

1753 919 1806 972 in
1838 916 2113 988 Scriptura
2140 918 2328 984 fertur,
2356 919 2554 987 templo
2582 919 2675 972 Dei
2701 920 2824 974 istic
2847 920 3021 988 posito
3045 919 3295 974 invidem-

1753 1015 1866 1071 tes,
1895 1008 2294 1077 perniciemque
2333 1008 2499 1062 totius
2528 1005 2765 1062 Iudaica:
2802 1009 2976 1078 gentis
3019 997 3294 1074 sitientes,

1753 1113 1859 1152 una
1885 1097 2158 1151 iri-uerunt
2185 1104 2372 1150 contra
2405 1097 2525 1151 illos
2545 1136 2559 1159 ,
2592 1096 3010 1166 Babyloniorum
3043 1099 3297 1166 potentiae

1755 1197 1808 1244 et
1837 1189 2156 1244 commilitio
2186 1188 2468 1258 adscripti.
2506 1187 2657 1242 Tunc
2695 1190 2874 1242 multa:
2910 1189 3173 1244 adversus
3201 1203 3297 1242 eos

1757 1288 1944 1350 gentes
1977 1279 2221 1350 Assyriis
2251 1280 2571 1334 auxiliantes
2607 1287 2811 1333 coactae
2841 1286 2985 1334 sunt.
3020 1280 3088 1333 At
3121 1295 3299 1348 neque

1756 1372 2022 1425 Antiocho
2056 1387 2231 1441 neque
2262 1369 2552 1434 Romanis,
2587 1371 2642 1424 in
2676 1379 2947 1440 postrema
2978 1370 3293 1434 obsidione,

1755 1468 1941 1530 gentes
1987 1461 2138 1529 prius
2192 1469 2548 1525 enumeratze,
2589 1464 2643 1517 in
2677 1464 2818 1518 bello
2856 1471 3046 1518 contra
3082 1460 3298 1517 Judzeos

1756 1551 1941 1612 initio,
1980 1565 2134 1623 opem
2167 1551 2355 1604 tulisse
2382 1551 2651 1607 videntur.
2763 1537 2778 1545 ’

102 1657 251 1711 Αειαν
265 1648 352 1700 τοῦ
384 1652 579 1714 παντὸς
614 1651 874 1703 Ἰουδαίων
907 1651 1107 1713 ἔθνους,
1142 1649 1274 1720 ὁμοῦ
1307 1644 1397 1702 οὖν
1422 1649 1674 1710 ἐπέθεντο
1695 1649 1812 1701 κατ’
1847 1646 2021 1698 αὐτῶν
2052 1649 2116 1716 τῇ
2144 1645 2248 1697 τῶν
2266 1643 2614 1698 Βαϐυλωνίων
2674 1647 2955 1718 δυναστείᾳ
3012 1647 3299 1718 συμμαχή-

105 1759 292 1795 σαντα.
326 1743 457 1795 Τότε
499 1744 596 1812 μὲν
623 1740 715 1796 οὖν
746 1742 912 1796 πολλὰ
939 1742 1170 1812 συνῆκτο
1218 1744 1334 1796 κατ’
1365 1743 1542 1796 αὐτῶν
1565 1741 1633 1793 τὰ
1651 1745 1759 1804 τοῖς
1792 1740 2090 1810 Ἀσσυρίοις
2105 1736 2486 1810 συμμαχοῦντα
2516 1738 2659 1810 ἔθνη.
2686 1739 2821 1792 Οῦτε
2852 1740 2906 1792 δὲ
2935 1740 3070 1793 κατὰ
3103 1740 3299 1792 Ἀντίο-

101 1855 217 1907 χον,
243 1837 359 1890 οὔτε
383 1839 518 1891 κατὰ
549 1839 646 1907 τὴν
674 1839 906 1908 ὑστάτην
977 1837 1307 1918 πολιορκίαν,
1345 1837 1409 1890 τὰ
1470 1835 2024 1908 προκατηριθμημένα
2069 1833 2193 1904 ἔθνη
2223 1833 2465 1901 φαίνεται
2502 1835 2950 1903 συμμαχήσαντα·
2991 1831 3294 1901 Ῥωμαίοις,

97 1931 335 2001 ὁπηνίκα
369 1931 457 1984 τὸν
499 1931 632 2002 πρὸς
674 1931 953 1994 Ἰουδαίους
977 1933 1364 2003 συνεστήσαντο
1396 1931 1648 2000 πόλεμον.

145 2052 433 2127 .Ποίησον
457 2051 655 2117 αὐτοῖς
684 2053 763 2118 ὠς
789 2051 862 2120 τῇ
893 2052 1121 2107 Μαδιὰν
1146 2053 1243 2105 καὶ
1277 2053 1355 2117 τῷ
1387 2050 1611 2119 Σισάρᾳ
1632 2092 1645 2114 ,

1818 2043 1984 2099 Vsus.
2028 2044 2214 2097 10-12.
2257 2041 2369 2094 Fac
2400 2042 2505 2093 illis
2545 2043 2678 2094 sicut
2717 2037 2937 2093 Madian
2972 2050 3020 2094 et
3060 2041 3292 2106 διδόναι,

93 2141 176 2208 ὡς
206 2141 282 2206 τῷ
323 2143 492 2212 Ἰαόὶμ
521 2144 589 2196 ἐν
613 2143 690 2208 τῷ
720 2144 1006 2214 χωμὰρῤῳ
1024 2143 1236 2200 Κισὼν.
1275 2144 1654 2211 Ἐξωλοθρεύ-

102 2233 300 2297 θησαν
324 2231 391 2284 ἐν
419 2232 679 2301 Ἀενδὼρ,
709 2234 1077 2304 ἐγενήθησαν
1127 2235 1267 2287 ὡσεὶ
1319 2235 1536 2308 κόπρος
1580 2231 1654 2300 τῇ

99 2315 202 2385 τῇ.
234 2319 345 2373 Θοῦ
375 2321 512 2387 τοὺς
547 2321 838 2391 ἄρχοντας
874 2322 1068 2377 αὐτῶν
1103 2323 1182 2389 ὠς
1212 2323 1318 2376 τὸν
1353 2323 1526 2389 Ὠρὴϐ
1558 2322 1651 2374 καὶ

100 2406 230 2475 Ζὴϐ
285 2409 380 2463 καὶ
434 2411 606 2465 Ζεϐεὲ
661 2412 758 2466 καὶ
805 2411 1112 2483 Σαλμωνιί
1181 2403 1414 2466 Τοιαῦτα
1469 2410 1652 2464 θεσπί-

103 2497 185 2560 ζει
230 2500 473 2566 γενέσθαι
505 2504 616 2564 τοῖς
646 2502 1017 2572 προλεχθεῖσιν
1051 2503 1256 2558 ἔθνεσιν
1287 2506 1315 2556 ό
1342 2504 1648 2572 Προφήτης,

98 2590 262 2643 ὁποία
305 2594 368 2662 τῇ
412 2593 634 2662 Μαδιὰμ
687 2594 779 2646 καὶ
804 2593 880 2662 τῷ
913 2594 1136 2665 Σισάρᾳ,
1170 2594 1262 2646 καὶ
1285 2592 1362 2660 τῷ
1396 2577 1570 2661 Ἰαϐὶμ
1594 2593 1652 2643 ὲν

100 2679 180 2749 τῷ
212 2681 490 2753 χειμάρρῳ
515 2683 695 2735 Κισὼν
729 2683 921 2752 συνέϐη
938 2685 1082 2736 ποτέ
1106 2701 1120 2714 ο
1146 2685 1336 2746 οἵτινες
1361 2682 1494 2753 ὁμοῦ
1521 2683 1654 2735 πάν-

103 2786 193 2832 τες
234 2769 694 2842 ὲξωλοθρεύθησαν
750 2774 804 2825 ἐν
864 2773 1130 2845 ’Δενδὼρ,
1184 2775 1276 2829 καὶ
1323 2775 1654 2846 ἐγενήθησαν

102 2860 232 2913 ὡσεὶ
281 2862 479 2934 κόπρος
535 2867 599 2936 τῇ
623 2868 711 2935 γῇ.
750 2866 905 2920 Ἀλλὰ
942 2868 1190 2929 καὶτοὺς
1221 2867 1498 2938 ’ἄρχοντας
1548 2868 1654 2922 τῶν

103 2950 500 3022 προλεχθέντων
550 2952 714 3008 ἐθνῶν
749 2954 967 3009 τοιαῦτα
1031 2956 1222 3010 ποθεῖν
1272 2956 1446 3022 ἀξιοῖ,
1495 2960 1653 3014 ὁποία

109 3041 430 3094 πεπόνθασιν
497 3043 660 3115 Ὠρὴϐ
708 3045 799 3098 καὶ
837 3045 946 3116 Ζὴϐ
987 3046 1092 3100 καὶ.
1123 3045 1283 3099 Ζεϐεὲ
1309 3047 1400 3099 καὶ
1433 3048 1654 3117 Σαλμω-

108 3133 218 3194 νᾶς.
251 3133 530 3187 Τούτωνδὲ
556 3136 769 3192 πάντων
802 3136 898 3206 τὴν
932 3136 1164 3208 ἱστορίαν
1207 3138 1454 3208 εὑρήσεις
1505 3141 1559 3191 ὲν
1586 3141 1650 3210 τῇ

103 3224 271 3296 βίϐλῳ
314 3228 612 3298 φερομένην
655 3228 761 3279 τῶν
821 3228 1054 3298 Κριτῶν·
1094 3228 1220 3282 ἔνθα
1245 3229 1337 3283 καὶ
1383 3231 1411 3282 ό
1447 3230 1652 3301 Σισάρα

108 3318 197 3370 καὶ
215 3319 244 3368 ὁ
279 3317 459 3380 Ἰαϐὶς,
491 3319 584 3371 καὶ
602 3319 649 3370 oi
675 3317 848 3372 λοιποὶ
863 3320 1357 3390 κατωνομασμένοι,
1374 3322 1542 3374 ὁπόσα
1560 3322 1654 3376 καὶ

1755 2139 1887 2191 sicut
1915 2135 2077 2188 Jubin
2101 2136 2156 2186 in
2186 2143 2413 2186 torrente
2452 2131 2631 2186 Cison.
2672 2131 3028 2198 Disperierunt
3065 2135 3121 2187 in
3159 2133 3297 2187 τεη-

1751 2229 1868 2292 dor,
1900 2227 2031 2296 facti
2056 2236 2174 2278 sunt
2208 2235 2264 2278 ut
2294 2235 2492 2279 stercus
2535 2231 2703 2278 terrae.
2740 2224 2882 2278 Pone
2919 2227 3171 2294 principes
3209 2244 3296 2280 eo-

1752 2337 1867 2373 rum
1897 2321 2044 2373 sicut
2065 2317 2196 2372 Oreb
2228 2327 2277 2370 et
2305 2315 2408 2369 Zeb
2437 2325 2487 2369 et
2514 2315 2671 2370 Zebee
2707 2326 2756 2370 ct
2786 2317 3056 2371 Salmona.
3101 2317 3296 2372 Eadem

1751 2410 2063 2467 memoratis
2106 2409 2358 2480 gentibus
2412 2408 2594 2462 futura
2635 2409 2961 2462 vaticinatur
2996 2393 3295 2479 Propheta,

1751 2518 1870 2574 qua:
1907 2503 2034 2557 olim
2075 2501 2288 2556 Madian
2317 2540 2332 2564 ,
2375 2498 2576 2556 Sisara:
2601 2539 2615 2564 ,
2656 2507 2710 2554 et
2745 2499 2920 2554 Jabim
2960 2501 3013 2553 in
3057 2509 3299 2556 torrente

1751 2592 1916 2646 Cison
1967 2592 2360 2659 contigerunt:
2421 2590 2516 2660 qui
2574 2605 2764 2644 omnes
2815 2592 3177 2659 disperierunt
3239 2593 3296 2646 in

1751 2680 1987 2744 Endor,
2029 2687 2083 2735 et
2131 2679 2259 2734 facti
2304 2689 2429 2735 sunt
2472 2687 2531 2734 ut
2581 2690 2792 2735 stercus
2834 2689 3010 2735 terrae.
3062 2682 3143 2735 Ad
3182 2683 3298 2737 hac

1752 2775 1912 2830 etiam
1965 2772 2239 2842 principes
2291 2771 2670 2842 praedictorum
2732 2772 3053 2839 populorum
3107 2774 3295 2827 eadem

1753 2863 1957 2934 perpeti
2005 2869 2196 2931 rogat,
2233 2877 2350 2932 quae
2388 2860 2528 2916 Oreb
2570 2869 2621 2914 et
2663 2859 2771 2914 Zeb
2810 2868 2863 2915 et
2893 2860 3064 2916 Zebee
3096 2869 3147 2915 et
3178 2860 3294 2916 Sal-

1753 2971 1963 3010 monas.
2005 2953 2206 3009 Horum
2247 2968 2408 3024 porro
2451 2953 2688 3007 omnium
2729 2953 3008 3007 historiam
3058 2953 3295 3022 reperias

1753 3045 1807 3096 in
1842 3043 1978 3098 libro
2012 3042 2295 3108 Judicum,
2338 3043 2427 3097 ubi
2467 3039 2809 3112 qum-Sisara
2849 3049 2900 3096 et
2937 3039 3093 3095 Jabin
3131 3052 3295 3110 atque

1753 3135 1880 3199 alii,
1909 3135 2002 3204 qui
2033 3141 2195 3203 supra
2225 3140 2598 3200 recensentur,
2628 3139 2813 3186 contra
2846 3130 3093 3189 lsraelem
3124 3131 3293 3185 moliti

1753 3232 1914 3287 sunt,
1943 3235 1995 3280 et
2023 3240 2142 3294 quae
2171 3224 2330 3278 iidem
2361 3231 2491 3278 sunt
2520 3225 2799 3292 perpessi,
2831 3221 3111 3293 Scriptura
3141 3238 3297 3278 enar-

1752 3322 1836 3367 rat
1868 3315 1931 3368 “’.
1985 3313 2060 3367 Eo
2099 3307 2278 3367 autem
2317 3314 2624 3375 mittemus,
2669 3313 2716 3366 si
2754 3328 2913 3381 quem
2952 3329 3016 3367 ea
3051 3313 3296 3369 ediscere

104 3408 225 3463 τίνα
266 3409 400 3461 κατὰ
444 3409 536 3461 τοῦ
591 3409 801 3481 Ἰσραὴλ
850 3382 1276 3481 ἐμηχανήσαντο,
1341 3382 1432 3463 καὶ
1493 3413 1650 3464 ὁποῖα

1753 3403 1915 3459 libeat
1945 3418 2063 3473 quae
2096 3403 2162 3457 ad
2202 3405 2348 3470 ipsos
2381 3403 2650 3457 attinent:
2681 3417 2804 3454 nam
2843 3417 2998 3471 aequo
3037 3405 3295 3473 prolixior

105 3498 506 3568 πιπόνθασιν,ή
542 3499 727 3569 Γραφὴ
762 3501 1101 3571 παρίστησιν.
1143 3503 1255 3571 Ἐφ’
1299 3502 1364 3571 ἢν
1410 3493 1652 3573 ἀναπέμ-

103 3586 289 3657 ψωμεν
313 3587 400 3639 τὸν
429 3585 745 3657 βουλόμενον
769 3588 836 3640 τὰ
867 3591 985 3642 κατ’
1011 3589 1202 3652 αὐτοὺς
1227 3589 1440 3653 εἰδέναι,
1475 3591 1560 3642 διὰ
1589 3590 1651 3644 τὸ

110 3678 443 3750 μακροτέραν
469 3675 602 3731 εἶναι
625 3680 721 3750 τὴν
755 3681 880 3751 περὶ
901 3679 1077 3732 αὐτῶν
1101 3678 1366 3751 διήγησιν.
1406 3681 1484 3733 Τὰ
1513 3681 1652 3735 αὐτὰ

109 3767 198 3818 σὺν
220 3767 443 3830 ἐκείνοις
471 3767 560 3819 καὶ
582 3767 800 3830 τούτους
826 3768 1048 3821 ἱκετεύει
1080 3767 1428 3834 παθεῖν,διότι
1456 3771 1650 3840 ὁμοίως

107 3857 322 3922 ἐκείνοις
355 3859 445 3911 καὶ
476 3853 903 3930 οῦτοιείρήκασι,
932 3861 1483 3932 Κλτιρονομήσωμεν
1519 3862 1652 3915 ἐαυ-

107 3947 221 4014 τοῖς
253 3949 319 4002 τὸ
361 3951 741 4020 ἀγιαστήριον
779 3952 883 4006 τοῦ
932 3954 1097 4008 Θεοῦ.
1129 3954 1349 4022 Ἔλεγον
1397 3953 1453 4007 δὲ
1484 3953 1652 4006 ταῦτα

106 4040 196 4091 καὶ
222 4042 270 4092 οί
305 4042 430 4112 περὶ
459 4041 548 4094 τὸν
574 4042 796 4112 Σισάρα,
817 4043 1105 4108 καὶἸαϐὶς,
1133 4044 1186 4095 οἴ
1213 4061 1268 4096 τε
1292 4043 1484 4107 λοιποὶ,
1503 4042 1593 4106 οὒς
1625 4043 1652 4094 ὁ

107 4126 253 4199 λόγος
273 4133 411 4186 κατὰ
431 4134 570 4204 λέξιν
601 4135 699 4204 (2),
731 4135 855 4204 περὶ
879 4134 979 4204 τῆς
1006 4137 1206 4205 σκηνῆς
1242 4136 1334 4189 καὶ
1367 4137 1462 4206 τῆς
1486 4136 1650 4189 κιϐω-

108 4221 196 4274 τοῦ
211 4222 304 4274 τοῦ
321 4222 472 4275 Θεοῦ.
498 4224 567 4275 Τὸ
585 4225 690 4294 γὰρ
719 4225 1064 4295 ἀγιαστήριον
1083 4223 1175 4278 τοῦ
1218 4226 1350 4279 Θεοῦ
1371 4225 1538 4279 ταῦτα
1560 4222 1647 4296 ἦν,

112 4314 266 4382 μήπω
297 4313 416 4382 ’τῆς
476 4315 824 4386 Ἰερουσαλὴμ
859 4314 1213 4386 συνεστώσης.
1238 4309 1243 4315 ’
1264 4317 1563 4389 Ἐπηύξατο
1590 4317 1650 4371 ’δὲ

107 4401 270 4458 ταῦτα
291 4406 319 4455 ό
348 4402 637 4476 Προφήτης
671 4404 808 4457 κατὰ
841 4403 946 4457 τῶν
981 4405 1385 4477 δεδηλωμένων·
1432 4403 1526 4460 εἶτ’
1553 4408 1650 4460 οὐκ

110 4495 182 4556 είς
211 4496 415 4566 μακρὸν
466 4495 762 4567 ἐπληροῦτο
813 4495 879 4549 τὰ
913 4499 1009 4566 τῆς
1052 4497 1233 4567 εὐχῆς.
1276 4499 1478 4552 Αὐτίκα
1522 4487 1649 4568 γοῦν

110 4587 435 4657 παραχρῆμα
466 4591 531 4658 τῇ
567 4588 703 4641 κατὰ
731 4587 834 4640 τῶν
884 4587 1143 4640 Ἰουδαίων
1186 4588 1462 4660 πολιορκία
1493 4592 1585 4643 καὶ
1613 4592 1645 4661 ή

1751 3507 1938 3545 eorum
1974 3492 2244 3547 enarratio
2283 3490 2548 3545 foret.‘—-
2581 3489 2743 3545 Vsus.
2787 3492 2868 3544 15.
2897 3491 3099 3546 Eadem
3130 3509 3295 3562 porro

1749 3599 1869 3653 quae
1902 3585 2013 3650 illi,
2052 3585 2185 3640 istos
2218 3585 2378 3639 etiam
2411 3583 2614 3655 perpeti
2646 3593 2832 3652 rogat,
2867 3584 2992 3653 quia
3023 3584 3209 3639 eodem
3239 3593 3295 3641 et

1749 3675 1836 3729 isti
1882 3676 2042 3730 modo
2083 3676 2377 3741 dixerunt,
2415 3676 2738 3733 Hmeditate
2771 3668 3127 3745 possideamus
3171 3693 3295 3729 san-

1749 3768 2012 3820 ctuarium
2043 3767 2158 3821 Dei.
2192 3766 2285 3822 Illa
2317 3783 2446 3822 vero
2473 3768 2728 3830 dicebant
2763 3767 2977 3830 Sisara,
3009 3765 3166 3821 Jabin
3189 3808 3202 3832 ,
3239 3775 3294 3822 et

1749 3857 1943 3926 reliqui
1979 3858 2295 3911 nominatim
2329 3859 2587 3916 recensiti
2609 3898 2624 3923 ,
2667 3860 2732 3913 de
2779 3860 3121 3913 tabernaculo
3148 3868 3199 3915 et
3228 3862 3294 3916 de

1750 3965 1875 4004 arca
1906 3949 1997 4003 Dei
2027 3969 2038 4003 :
2072 3949 2183 4004 haec
2211 3948 2407 4019 quippe
2435 3957 2588 4004 erant
2615 3947 2981 4005 shnctuaribm
3013 3951 3140 4017 Dei,
3169 3969 3293 4007 cum

1749 4046 1988 4101 nondum
2013 4043 2312 4099 Jerusalem
2330 4044 2671 4100 consisteret.
2697 4044 2820 4100 Haec
2838 4061 2998 4116 porro
3020 4045 3290 4117 Propheta

1749 4144 1996 4207 precatus
2041 4142 2123 4190 est
2176 4135 2434 4188 adversus
2477 4150 2571 4190 eos
2618 4136 2709 4206 qui
2759 4136 3008 4205 superius
3059 4137 3284 4192 indicati

1750 4233 1912 4281 sunt:
1949 4240 2046 4278 nec
2076 4223 2167 4278 diu
2200 4232 2386 4293 postea
2424 4225 2666 4293 precatio
2698 4233 2781 4280 est
2811 4226 3058 4280 eliectum
3101 4242 3294 4284 conse-

1749 4326 1891 4371 cuta.
1925 4315 2055 4382 Nam
2089 4317 2384 4370 secundum
2414 4316 2555 4371 illam
2583 4316 2891 4372 Iudaeorum
2921 4318 3251 4374 obsidionem
3272 4358 3289 4385 ,

1748 4407 2092 4478 Assyriorum
2118 4408 2398 4478 imperium
2425 4408 2713 4478 derepente
2739 4410 2974 4464 solutum
3000 4417 3113 4472 est,
3142 4418 3292 4479 post-

1749 4516 1908 4570 quam
1940 4501 2194 4555 diuturno
2224 4516 2337 4555 aevo
2376 4501 2652 4566 stetisset;
2685 4510 2738 4556 et
2776 4502 2989 4570 quidem
3026 4517 3194 4570 usque
3223 4503 3288 4557 ad

1751 4591 1879 4645 illud
1924 4599 2136 4660 tempus
2161 4631 2174 4656 ,
2218 4607 2325 4662 quo
2369 4592 2494 4644 talia
2521 4597 2707 4644 contra
2733 4591 3156 4661 Hierosolymam
3193 4608 3288 4664 ag:-

124 4675 410 4750 Ἀσσυρίων
438 4679 700 4750 κατελύθη
729 4678 1007 4732 δυναστεία
1037 4677 1362 4748 διαρκέσασα
1400 4681 1607 4752 χρόνοις
1629 4698 1642 4710 α

1749 4683 1894 4752 gredi
1925 4683 2042 4736 ausi
2073 4689 2218 4736 sunt.
2247 4681 2363 4735 Non
2392 4682 2480 4734 diu
2516 4680 2694 4750 itaque
2723 4688 2908 4749 postea
2934 4681 3106 4752 Cyrus
3125 4723 3139 4747 ,
3167 4699 3288 4737 cum

111 4768 197 4818 καὶ
223 4769 384 4839 μέχρι
415 4771 599 4823 τούτου
638 4771 877 4823 συστᾶσα
907 4769 1095 4839 μέχρις
1128 4763 1186 4822 οὗ
1217 4769 1436 4822 τοιαῦτα
1467 4770 1647 4823 τετολ-

116 4855 308 4925 μήκασι
364 4860 503 4913 κατὰ
556 4860 654 4930 τῆς
699 4861 1066 4931 Ἰερουσαλήμ.
1102 4859 1231 4912 Μετ’
1267 4859 1326 4911 οὐ
1357 4861 1487 4913 πολὺ
1519 4862 1648 4928 γοῦν

113 4944 302 5017 Κῦρος,
353 4950 450 5019 τῆς
480 4951 702 5021 Περσῶν
749 4952 1021 5020 βασιλείας
1060 4953 1358 5022 κρατήσας,
1399 4951 1649 5006 καταλύει

113 5035 201 5104 τήν
238 5037 533 5108 Ἀσσυρίων
562 5041 752 5110 ἀρχήν.
784 5039 894 5092 Καὶ
932 5038 998 5091 τὰ
1033 5038 1185 5090 λοιπὰ
1224 5037 1279 5089 δὲ
1322 5037 1458 5089 κατὰ
1487 5037 1650 5108 μέρος

114 5127 462 5203 ὼνομασμένα
497 5131 618 5203 ἔθνη
660 5133 881 5186 τοιαῦτα
916 5130 1197 5190 πέπονθεν,
1227 5130 1378 5182 ὁποῖα
1421 5131 1448 5180 ὁ
1495 5129 1649 5196 λόγος

116 5219 408 5291 προέφησεν
427 5238 442 5253 ο
476 5213 601 5273 ὥστ’
627 5221 845 5284 εἰκότως
873 5222 936 5276 ἄν
968 5239 1086 5274 τινα
1134 5220 1316 5290 φῆσαι,
1353 5219 1424 5288 μὴ
1452 5218 1646 5270 κατεύ-

118 5310 288 5377 χεσθαι
319 5313 408 5364 τὸν
449 5313 735 5381 Προφήτην
782 5314 838 5364 ὲν
883 5312 1087 5376 τούτοις
1124 5312 1229 5364 τῶν
1275 5309 1642 5380 δηλουμένων,

120 5399 458 5473 προφητεύειν
485 5400 744 5463 ἃαύτοῖς
774 5403 839 5456 τὰ
886 5404 1131 5473 ἐσόμενα,
1172 5400 1310 5455 κατά
1352 5415 1471 5451 τινα
1527 5414 1648 5452 συν-

117 5492 289 5562 ήθειαν
321 5493 416 5563 τῆς
455 5490 676 5568 Ιξραφῆς
724 5493 1098 5562 προστακτικῷ
1138 5493 1320 5562 τρόπῳ
1362 5489 1478 5543 ἀντὶ
1512 5506 1645 5559 προ-

117 5567 464 5656 αγορευτικοῦ
495 5583 824 5653 κεχρημένον
843 5602 855 5613 ·
917 5583 1044 5638 ὥσθ’
1075 5586 1216 5655 ἡμᾶς
1244 5579 1521 5653 ,ἐξακούειν
1550 5581 1609 5634 τὸ
1629 5621 1643 5646 ,

187 5677 222 5706 ⁸⁵
257 5675 436 5730 Jiidic.
475 5688 550 5737 iv,
585 5689 697 5743 seq.

181 5833 246 5897 ll)
289 5835 388 5898 Γρ.
422 5829 782 5898 ἐγηγερμένῳ.

1749 4771 2031 4826 Persarum
2048 4786 2267 4840 regnum
2287 4778 2624 4839 occupasset,
2642 4771 2984 4842 Assyriorum
3008 4773 3287 4842 imperium

1751 4863 1960 4918 evertit.
1998 4861 2236 4930 Reliqua:
2269 4875 2398 4916 vero
2437 4861 2745 4931 singulatim
2786 4863 3066 4917 recensita:
3107 4871 3290 4932 gentes

1751 4968 1812 5008 ea
1838 4958 1962 5005 sunt
1985 4965 2272 5020 perpessae,
2297 4966 2414 5019 quae
2434 4951 2537 5005 hoc
2564 4966 2808 5006 sermone
2830 4953 3286 5022 praenuntiantur;

1751 5041 1823 5096 ila
1860 5048 1915 5092 ut
1946 5055 1975 5094 e
2005 5055 2063 5094 re
2092 5041 2356 5110 quispiam
2382 5041 2602 5108 dixerit,
2633 5041 2956 5111 Prophetam
2985 5044 3289 5098 memoratis

1755 5133 1998 5204 gentibus
2024 5147 2129 5185 non
2153 5133 2437 5204 imprecari
2466 5136 2625 5201 mala,
2653 5137 2745 5190 sed
2777 5135 2954 5189 futura
2979 5135 3288 5199 vaticinari,

1754 5241 1815 5280 ac
1857 5239 1954 5296 pro
1997 5234 2216 5280 assueto
2261 5226 2555 5296 Scriptura!
2599 5243 2779 5290 more,
2831 5226 3140 5296 imperantis
3175 5241 3290 5279 mo-

1753 5317 1900 5379 dum,
1925 5317 2041 5370 loco
2060 5315 2492 5386 praenuntiantis,
2517 5334 2814 5388 usurpare;
2853 5317 2984 5371 adeo
2998 5325 3053 5370 ut
3079 5317 3285 5378 isthzec,

1701 5441 1707 5452 ι
1752 5404 1862 5458 Fac
1891 5405 2031 5469 illis,
2068 5421 2167 5460 nos
2203 5408 2281 5461 sic
2329 5408 2722 5477 intelligamus,
2767 5406 2950 5460 Facies
2997 5407 3105 5459 illis
3155 5409 3287 5459 sicut

1752 5497 1978 5550 Madian
2003 5507 2046 5549 et
2075 5497 2293 5552 Sisara.
2324 5497 2446 5552 Hrec
2480 5513 2642 5568 porro
2668 5498 2733 5553 de
2758 5499 3127 5569 Assyriorum,
3158 5499 3287 5550 alia—

1751 5601 1976 5656 rumque
2022 5585 2111 5639 hic
2176 5587 2856 5665 recensitarumgentium
2912 5586 3120 5640 excidio
3153 5600 3266 5653 pra)

1827 5823 1895 5893 (2)
1937 5821 2125 5878 Dccsse
2150 5822 2356 5876 videlur
2387 5821 2625 5880 verbum,
2669 5821 2802 5876 forte
2844 5820 3106 5892 ὀνομάζει.
3134 5821 3287 5874 Enn.
