3974 6354
714 416 815 471 999

1373 413 1637 469 EUSEBII
1665 413 2137 470 CESARIENSIS
2167 413 2314 469 OPP.
2355 412 2532 467 PARS
2563 413 2650 468 ιιι.
2687 443 2746 455 -
2792 410 3190 468 EXEGETICA.

3721 413 3838 470 1000

712 528 1041 581 nuntiantur.
1066 525 1249 596 Neque
1271 534 1448 582 tamen
1477 527 1543 581 de
1571 528 1638 583 iis
1665 529 1757 598 qui
1785 536 1904 597 post
1939 527 2234 583 Salvatoris

2333 529 2591 594 Ποίησον
2611 528 2829 592 αὐτοῖς,
2854 527 2974 580 ἀντὶ
3004 518 3119 590 τοῦ,
3151 524 3422 592 Ποιήσεις
3443 528 3523 592 ὡς
3541 528 3616 596 τῇ
3634 529 3838 598 Μαδιάμ

712 617 879 670 nostri
912 603 1193 671 adventum
1221 628 1541 688 postremam
1569 616 2059 688 Hierosolymorum
2092 618 2239 672 obsi-

711 703 919 772 dionem
944 706 1222 771 fecerunt,
1251 707 1448 762 similia
1477 708 1744 762 feruntur.
1771 708 1947 773 Quare
1974 709 2104 762 nihil
2133 708 2237 763 tale

709 791 932 850 Romani
965 805 1086 865 post
1115 797 1316 850 illatam
1345 797 1488 867 genti
1517 797 1723 852 cladem
1751 797 1995 868 perpessi
2022 804 2166 853 sunt.

2339 618 2437 671 και
2454 617 2531 683 τῷ
2550 618 2791 686 Σισάρᾳ.
2826 616 3008 670 Ταῦτα
3036 616 3092 668 δὲ
3121 616 3358 687 περὶτοῦ
3384 619 3572 690 τέλους
3601 618 3700 671 τῶν
3740 619 3840 673 Ἀσ-

2336 707 2534 777 συρίων
2582 707 2674 759 καὶ
2720 705 2826 759 τῶν
2863 704 2958 758 σὺν
3010 705 3185 767 αὐτοῖς
3236 706 3664 776 καταλεχθέντων
3697 708 3839 764 ὲθνῶν

2338 794 2748 868 προφητεύεται.
2775 793 2848 846 Οὐ
2881 793 2985 864 μὴν
3010 793 3244 864 καὶπερὶ
3268 793 3372 846 τῶν
3393 794 3488 863 τὴν
3513 793 3733 866 ὑστάτην
3757 811 3838 849 πο-

706 886 943 957 λιορκίαν
976 888 1109 957 μετὰ
1134 889 1231 960 τὴν
1248 889 1340 942 τοῦ
1371 890 1618 962 Σωτῆρος
1646 890 1801 960 ἡμῶν
1864 892 2160 966 παρουσίαν
2213 891 2682 962 κατειργασμένων
2701 888 2923 942 τοιαῦτά
2967 904 3088 940 τινα
3152 889 3394 960 ἐφέρετο.
3427 885 3518 940 Διὸ
3547 885 3689 940 οὐδὲν
3729 888 3830 941 Ῥω

711 979 855 1048 μαῖοι
880 977 1115 1032 τοιοῦτον
1145 979 1437 1032 πεπόνθασι
1474 979 1608 1049 μετά
1640 980 1734 1050 τὴν
1759 979 1898 1033 κατὰ
1926 979 2018 1033 τοῦ
2052 982 2231 1042 ἔθνους
2267 980 2615 1060 ἐπιχείρησιν.

778 1094 941 1150 Vsus.
967 1095 1051 1149 14.
1081 1094 1217 1148 Deus
1247 1108 1408 1158 meus,
1425 1109 1554 1162 pone
1576 1094 1698 1147 illos
1720 1103 1776 1146 ut
1800 1103 1990 1158 rotam,
2017 1103 2066 1148 et
2092 1095 2227 1148 sicut

706 1185 952 1254 stipulam
985 1193 1105 1239 ante
1134 1183 1321 1252 {aciem
1358 1185 1511 1238 venti.
1550 1182 1667 1237 Non
1706 1185 2079 1254 intempestive
2102 1184 2234 1238 Pro-

705 1276 902 1346 pheta,
951 1274 1060 1328 imo
1098 1273 1277 1343 potius
1315 1272 1370 1328 in
1401 1288 1466 1328 eo
1503 1272 1736 1344 Spiritus
1775 1282 1993 1328 sanctus
2017 1312 2032 1337 ,
2071 1274 2236 1329 Deum

706 1371 766 1416 ut
794 1363 899 1417 sibi
930 1362 1206 1432 proprium
1231 1361 1287 1415 in
1317 1361 1623 1430 hujusmodi
1649 1363 1956 1416 narratione
1979 1369 2237 1418 memorat

705 1454 923 1514 dicens,
958 1451 1096 1505 Deus
1129 1467 1268 1504 meus
1292 1465 1312 1502 .'
1346 1466 1518 1519 neque
1545 1452 1688 1504 enim
1717 1452 1830 1514 ait,
1863 1450 2234 1515 Deus‘naster;

708 1543 834 1604 sed,
875 1541 1011 1595 Deus
1049 1555 1221 1603 meus;
1250 1542 1406 1608 quasi
1445 1541 1526 1596 vel
1562 1557 1704 1596 unus
1739 1549 1983 1608 tantum,
2021 1543 2104 1598 vel
2141 1542 2238 1596 ad-

706 1632 922 1687 modum
952 1632 1107 1700 pauci
1137 1641 1378 1699 tempore
1411 1632 1754 1700 Assyriorum
1793 1633 2089 1688 obsidionis
2130 1632 2235 1688 Deo

706 1723 852 1793 digni
890 1722 1060 1777 relicti
1097 1720 1316 1775 fuerint.
1358 1720 1489 1773 Nam
1527 1736 1649 1774 cum
1690 1723 1919 1791 populus
1954 1722 2128 1777 omnis
2158 1723 2238 1776 la-

2420 1093 2470 1146 '0
2491 1093 2634 1158 Θεός
2659 1107 2798 1161 μου,
2836 1089 2941 1144 θοῦ
2965 1091 3180 1155 αὐτοὺς
3210 1091 3287 1155 ὡς
3320 1089 3555 1158 τροχὸν,
3577 1091 3653 1156 ὡς
3679 1092 3838 1145 καλά-

2329 1200 2453 1254 μην
2471 1182 2618 1236 κατὰ
2643 1180 2962 1248 πρόσωπον
2990 1178 3230 1246 ἀνέμου.
3269 1180 3380 1232 Οὐκ
3413 1178 3647 1248 ἀκαίρως
3669 1181 3695 1231 ὁ
3715 1181 3836 1248 Προ-

2334 1273 2527 1343 φήτης,
2554 1269 2749 1339 μᾶλλον
2771 1268 2828 1321 δὲ
2850 1267 2910 1320 τὸ
2937 1267 2993 1318 ὲν
3006 1267 3150 1336 αὐτῷ
3168 1267 3316 1334 ἅγιον
3343 1266 3578 1336 Πνεῦμα,
3608 1267 3838 1323 istanci-

2333 1380 2422 1416 ται
2445 1362 2534 1415 τὸν
2559 1361 2689 1414 Θεὸν
2741 1361 2799 1412 έν
2842 1360 2906 1430 τῇ
2941 1357 3268 1429 προκειμένῃ
3314 1358 3519 1428 ἱστορίᾳ
3560 1359 3778 1426 φάσκον,
3811 1363 3838 1413 ό

2339 1451 2480 1515 Θεός
2497 1467 2614 1518 μου
2631 1467 2645 1481 ο
2672 1450 2732 1502 ού
2753 1435 2893 1518 γάρ’,
2915 1450 2947 1500 ό
2974 1446 3114 1511 Θεὸς
3130 1446 3314 1514 ἡμῶν,
3333 1449 3512 1516 φησὶν,
3539 1448 3644 1500 ἀλλ’
3665 1451 3696 1502 ὁ
3721 1449 3840 1514 Θεός

2331 1555 2468 1606 μου,
2507 1538 2582 1602 ὡς
2624 1538 2689 1590 ἂν
2743 1537 2858 1599 ένός
2887 1553 2987 1588 που
3029 1536 3120 1588 καὶ
3154 1536 3372 1588 σπανίου
3398 1537 3839 1608 περιλελειμμένου

2338 1628 2475 1682 κατὰ
2507 1628 2596 1679 τὸν
2632 1626 2933 1696 δηλωθέντα
2963 1627 3148 1697 καιρὸν
3173 1625 3272 1695 τῆς
3304 1627 3408 1678 τῶν
3457 1627 3733 1696 Ἀσσυρίων
3760 1643 3841 1679 πο-

2339 1718 2596 1789 λιορκίας,
2640 1715 2787 1781 ἀξίου
2816 1716 2908 1769 τοῦ
2937 1716 3090 1770 Θεοῦ.
3132 1717 3215 1778 Ὠς
3253 1715 3361 1788 γὰρ
3394 1716 3483 1769 τοῦ
3515 1716 3639 1770 λαοῦ
3669 1718 3842 1780 παντὸς

705 1827 833 1884 psus
878 1819 932 1868 et
981 1819 1324 1880 peccatorum
1369 1823 1534 1864 causa
1587 1811 1959 1868 obsidentibus
2006 1813 2234 1868 traditus

2333 1809 2666 1871 ἐκπεσόντος,
2704 1809 2795 1861 καὶ
2811 1806 2899 1860 διὰ
2926 1807 3022 1871 τὰς
3050 1808 3318 1878 ἁμαρτίας
3345 1811 3456 1871 τοῖς
3499 1809 3842 1878 πολωρκηταῖς

704 1914 878 1966 esset,
917 1902 1412 1957 noncommuniter
1451 1900 1614 1955 Deum
1650 1904 1973 1971 compellat;
2028 1904 2123 1958 sed
2169 1919 2236 1960 ex

709 1993 927 2063 propria
956 2005 1182 2062 persona
1203 1989 1281 2043 sic
1306 1988 1467 2042 infert
1493 1989 1845 2055 :Deusmeus,
1875 2007 2004 2059 pone
2034 1993 2152 2046 illos
2181 2001 2238 2046 ut

705 2093 893 2137 rotam.
930 2082 1002 2135 Ea
1036 2090 1215 2136 autem
1243 2089 1374 2134 rotae
1397 2088 1588 2134 natura
1619 2090 1735 2147 est,
1765 2091 1824 2135 ut
1852 2083 2101 2139 volubilis
2131 2083 2234 2149 sit,

2334 1885 2736 1967 παραδοθέντος,
2763 1896 2824 1947 ού
2850 1899 3135 1949 κοινοποιεῐ
3153 1896 3249 1966 τὴν
3264 1896 3542 1966 ἐπίκλησιν
3559 1915 3572 1926 ο
3596 1897 3652 1960 ἐξ
3671 1897 3842 1949 οἰκείου

2331 1986 2387 2038 δὲ
2420 1987 2578 2056 μόνου
2604 1983 2888 2056 προσώπου
2913 1986 3102 2053 ἐπάγει
3128 1987 3282 2059 λέγον
3305 2003 3318 2016 ·
3355 1987 3406 2038 '0
3429 1987 3570 2052 Θεός
3593 2004 3723 2055 μου,
3754 1986 3844 2041 θοῡ

2331 2077 2547 2141 αὐτοὺς
2584 2077 2664 2141 ὡς
2705 2077 2935 2152 τροχόν.
2984 2076 3186 2148 Τροχοῦ
3215 2077 3272 2130 δὲ
3309 2077 3467 2144 φύσις
3501 2077 3727 2146 στρεπτὴ
3767 2075 3844 2129 καὶ

704 2189 804 2229 nec
832 2173 1021 2228 eodem
1050 2173 1104 2226 in
1137 2172 1256 2226 loco
1291 2172 1573 2225 consistat.
1609 2170 1756 2226 Talis
1783 2187 1908 2226 vero
1935 2180 2047 2227 tota
2090 2173 2234 2227 athe-

2332 2167 2424 2234 οὐχ
2454 2165 2660 2217 ἑστῶσα
2692 2168 2749 2218 ὲν
2774 2165 2972 2236 ταύτῷ.
2995 2167 3243 2229 Τοιοῦτος
3282 2167 3338 2220 δὲ
3375 2169 3484 2230 πᾶς
3517 2170 3546 2221 ὁ
3572 2167 3670 2220 τῶν
3693 2166 3844 2220 ἀθέων

703 2279 860 2317 orum
891 2265 999 2318 vita
1026 2271 1141 2326 est,
1174 2277 1291 2331 quae
1320 2270 1524 2317 certum
1553 2263 1618 2316 ad
1661 2270 1872 2332 tempus
1914 2265 1968 2318 in
2007 2264 2234 2319 sublime

2333 2259 2466 2330 βίος,
2493 2259 2666 2329 καιρῷ
2697 2261 2793 2329 μὲν
2815 2263 2894 2322 είς
2925 2260 3054 2330 ὕψος
3081 2262 3453 2334 ἐπαιρόμενος,
3482 2258 3597 2315 εἶτα
3636 2263 3844 2335 στροφὴν

705 2362 893 2408 evecta
913 2393 928 2417 ,
959 2352 1152 2407 deinde
1184 2353 1356 2407 instar
1385 2362 1516 2405 rotze
1541 2352 1597 2405 in
1630 2353 1958 2407 contrarium
1989 2353 2234 2409 vertitur.

2333 2349 2647 2418 ποιούμενος
2672 2349 2767 2420 τὴν
2796 2351 2886 2402 ἐπὶ
2919 2351 3242 2416 τούναντίον,
3264 2351 3438 2421 τροχῷ
3465 2352 3842 2422 παραπλησίως.

704 2443 940 2498 Primum
978 2445 1178 2513 itaque,
1209 2443 1350 2496 Pone
1377 2443 1495 2497 illos
1526 2453 1582 2496 ut
1611 2454 1810 2508 rotam,
1843 2445 2012 2512 inquit
2043 2462 2059 2511 ;
2090 2444 2234 2499 dein-

2333 2439 2554 2511 Πρῶτον
2574 2441 2770 2504 τοίνυν,
2799 2439 2916 2493 Θοῦ
2939 2441 3157 2506 αὐτοὺς
3171 2443 3248 2506 ὠς
3269 2440 3500 2509 τροχὸν,
3523 2442 3674 2510 φησίν
3692 2457 3705 2469 ο
3727 2435 3842 2500 εἷτα,

705 2533 803 2596 de,
842 2530 1043 2601 (Vsus.
1076 2532 1179 2601 15)
1223 2533 1360 2609 sicut
1409 2532 1658 2598 stipulam
1687 2543 1805 2587 ante
1844 2533 2028 2600 faciem
2069 2535 2234 2599 uenti,

2332 2529 2411 2595 ὠς
2440 2528 2716 2598 καλάμην
2751 2530 2899 2584 κατὰ
2934 2531 3250 2597 πρόσωπον
3273 2530 3491 2597 ἀνέμου
3511 2545 3527 2560 ο
3557 2529 3646 2582 καὶ
3666 2567 3681 2591 ,
3725 2529 3842 2580 ὡσεί

699 2629 758 2678 et
776 2661 791 2687 ,
835 2623 967 2675 sicut
995 2623 1125 2691 ignis
1154 2623 1240 2691 qui
1267 2625 1527 2677 comburet
1567 2623 1766 2693 sylram
1789 2641 1806 2688 ,'
1835 2625 1936 2679 sub
1965 2625 2106 2686 haec,
2138 2624 2234 2677 sio-

2335 2619 2472 2688 πῦρ,
2515 2621 2546 2674 ὃ
2567 2620 2865 2690 διαφλέξει
2885 2619 3108 2690 δρυμόν
3127 2637 3140 2652 ·
3199 2621 3293 2672 καὶ
3347 2610 3438 2673 ἐπὶ
3470 2619 3698 2689 τούτοις,
3725 2620 3843 2672 ὼσε)

702 2719 761 2765 ιιι
813 2711 1030 2780 ﬂamma
1085 2728 1199 2782 qua:
1237 2712 1498 2766 comburet
1547 2723 1762 2768 montes.
1815 2716 1968 2784 Ipsos
2005 2727 2234 2782 namque

2335 2711 2512 2780 φλὸξ,
2540 2704 2582 2779 ἦ
2623 2715 2980 2766 κατακαύσει
2997 2712 3122 2781 ὅρη.
3156 2713 3359 2774 Αὐτοὺς
3391 2703 3501 2782 ’γὰρ
3546 2713 3660 2764 κατ’
3694 2709 3842 2763 αὐτῶν.

703 2801 988 2857 adversum
1061 2802 1269 2871 seipsos
1337 2803 1736 2859 insurrecturos
1768 2844 1783 2867 ,
1841 2818 1906 2857 ac
1957 2804 2060 2857 sibi
2111 2803 2234 2872 ipsis

2333 2803 2711 2870 ἀπαναστῆναι,
2741 2805 2835 2857 καὶ
2859 2803 3156 2856 δι’-ἑαυτῶν
3181 2803 3278 2864 τὰς
3309 2802 3574 2872 τιμωρίας
3600 2798 3669 2854 ὧν
3698 2799 3830 2853 τετολ

702 2892 1061 2946 admissurum
1111 2893 1374 2945 scelerum
1427 2893 1747 2961 supplicium
1809 2893 2054 2946 illaturos
2107 2894 2234 2946 vati-

2341 2893 2572 2963 μήκασιν
2597 2895 2846 2964 ὑποσχεῖν
2871 2892 2957 2945 διὰ
3000 2893 3200 2946 τούτων
3241 2890 3481 2954 θεσπίζει
3529 2891 3691 2944 είπών
3713 2908 3726 2921 ⁸
3749 2889 3841 2944 Boi

700 2983 912 3034 cinatur
961 2979 1048 3034 his
1103 2979 1323 3033 verbis:
1358 2979 1500 3034 Pone
1547 2979 1693 3032 illos.
1741 2977 1882 3033 Huic
1933 2987 2110 3033 autem
2158 2979 2234 3032 di-

2337 2983 2572 3046 αὐτούς.
2587 2981 2926 3050 Παραθήσεις
2947 2980 3003 3032 δὲ
3025 2978 3120 3049 τῷ,
3140 2980 3220 3044 ὡς
3245 2978 3519 3048 καλάμην
3533 2981 3674 3036 κατὰ
3694 2981 3832 3048 προσ

699 3078 812 3131 cto,
841 3069 975 3120 sicut
995 3067 1242 3140 stipulam
1267 3075 1383 3121 ante
1407 3068 1591 3136 faciem
1614 3068 1778 3130 venti,
1799 3068 1938 3120 istuc
1964 3065 2089 3120 alibi
2113 3079 2234 3134 pro-

2338 3087 2498 3126 ωπον
2536 3071 2775 3139 ἀνέμου,
2806 3072 2866 3125 τὸ
2909 3072 2965 3123 έν
2993 3070 3198 3140 ἑτέροις
3245 3068 3579 3139 λελεγμένον’
3615 3073 3726 3138 Οὐχ
3760 3063 3843 3123 οὗ·

705 3159 866 3212 latum
898 3132 1121 3226 adjicias
1142 3177 1156 3212 :
1179 3156 1299 3212 Non
1329 3132 1591 3226 sic-impii,
1619 3175 1719 3212 non
1740 3159 1843 3220 sic;
1873 3159 1960 3212 sed
1991 3132 2234 3226 tanquam

2333 3181 2444 3229 τως
2495 3166 2548 3217 οὶ
2592 3132 2844 3228 ἀσεϐεῖς,
2886 3162 2997 3229 οὐχ
3289 3132 3422 3213 (1λᾷζ
3460 3160 3540 3225 ὡς
3579 3132 3766 3228 χνοῦς,
3789 3160 3841 3211 ὃν

699 3247 870 3315 pulvis
913 3263 1060 3317 quem
1104 3246 1313 3314 projicit
1363 3257 1537 3302 ventus
1569 3265 1602 3301 a
1642 3248 1775 3314 facie
1822 3257 1971 3300 terra:
1995 3248 2038 3280 ¹⁶
2067 3246 2234 3301 :lllud

2333 3256 2587 3323 ἐκρίπτει
2608 3259 2640 3309 ὁ
2671 3255 2884 3324 ἄνεμος
2915 3254 3029 3308 ἀπὸ
3062 3251 3380 3320 προσώπου
3413 3252 3525 3320 τῆς
3545 3252 3669 3321 γῆς.
3698 3254 3763 3304 Τὸ
3782 3253 3843 3314 δὲ,

699 3342 901 3398 autem,
951 3336 1084 3388 sicut
1121 3336 1254 3404 ignis
1306 3336 1392 3405 qui
1437 3337 1698 3390 comburet
1745 3336 1968 3406 syluam,
2002 3336 2234 3392 declarat

2332 3347 2470 3399 ὡσεὶ
2498 3345 2634 3413 πῦρ,
2661 3344 2693 3398 ὃ
2717 3343 3017 3415 διαρλέξει
3042 3343 3284 3414 δρυμὸν,
3322 3344 3641 3414 παρίστησιν
3679 3344 3843 3404 αὐτοὺ,

702 3422 852 3492 ⁸1³⁸0⁸
875 3423 1072 3493 ίεηθων
1103 3426 1425 3493 εοιάθιιιαυθ
1450 3426 1655 3495 33'1"!“
1698 3440 1850 3489 “se;
1877 3425 1950 3478 ίῐδ
1978 3431 2036 3478 ut
2067 3425 2168 3493 iPSi
2206 3439 2236 3478 3
2334 3431 2546 3488 εἶναιτὸ
2568 3435 2695 3506 πῦρ,
2727 3433 2821 3487 καὶ
2846 3433 3038 3497 αὐτοὺς
3064 3427 3200 3486 εῖναι
3231 3432 3319 3484 τὸν
3349 3432 3582 3503 δρυμόνο
3615 3431 3742 3485 ὥστε
3766 3432 3836 3484 αὖ»

700 3512 898 3582 seipsis
921 3515 1271 3568 comburendi
1313 3515 1437 3576 sint,
1471 3513 1768 3569 secundum
1821 3513 1974 3578 illud,
2006 3513 2234 3568 Incedite

2332 3529 2453 3590 τοὺς
2483 3527 2570 3595 ὑφ’
2608 3525 2818 3579 ἑαυτῶν
2849 3523 3238 3596 φλεχθήσεσθαι
3282 3523 3421 3577 κατὰ
3457 3523 3519 3576 τὸ
3560 3525 3750 3592 φάσκον
3771 3520 3820 3573 λό

703 3601 772 3655 ad
795 3603 956 3655 lucem
973 3603 1104 3672 ignis
1119 3604 1291 3665 vestri,
1309 3612 1360 3656 et
1391 3603 1457 3656 ad
1477 3605 1746 3672 ﬂammam
1769 3620 1924 3672 quam
1945 3605 2234 3658 succendis-

2332 3635 2445 3687 γιον
2463 3634 2476 3648 ·
2505 3617 2828 3684 Πορεύεσθε
2848 3615 2927 3681 τῷ
2957 3615 3102 3685 φωτὶ
3121 3614 3227 3669 τοῦ
3247 3615 3432 3682 πυρὸς
3461 3613 3641 3683 ὑμῶν,
3667 3613 3756 3668 καὶ
3782 3609 3842 3678 τῇ

701 3692 772 3744 tis
800 3692 862 3746 ".
894 3689 1027 3744 illud
1057 3707 1203 3756 vero,
1235 3691 1420 3762 (Vens.
1456 3693 1543 3765 16)
1579 3697 1709 3749 sicut
1737 3695 1951 3763 ﬂamma
1964 3711 2078 3765 quae
2095 3711 2234 3750 com-

2332 3704 2501 3773 φλογὶ
2516 3700 2554 3775 ᾗ
2569 3706 2940 3769 ὲξεκαύσατε.
2963 3704 3036 3757 Τὸ
3053 3704 3127 3767 δὲ,
3143 3702 3281 3756 ὡσεὶ
3291 3703 3447 3772 φλὸξ
3462 3703 3500 3770 ἡ
3518 3704 3842 3758 κατακαύσει

703 3786 850 3840 buret
879 3795 1096 3852 montes,
1131 3790 1382 3858 nequitia:
1402 3806 1586 3847 eorum
1618 3787 2035 3864 magnitudinem
2063 3793 2232 3859 eﬁ'ert,

2332 3795 2458 3862 ὅρη,
2485 3794 2718 3846 δείκνυσι
2747 3797 2845 3864 τῆς
2866 3791 3042 3846 αὐτῶν
3085 3792 3278 3853 κακίας
3307 3790 3366 3843 τὸ
3401 3791 3640 3860 μέγεθος,
3671 3791 3757 3844 καὶ
3781 3789 3841 3849 ὡς

699 3891 765 3931 ac
788 3877 1068 3932 denuntiat
1097 3880 1365 3949 quomodo
1394 3879 1605 3935 ﬂamma
1651 3882 1915 3952 ipsorum,
1947 3884 2232 3937 elationem

2332 3889 2364 3957 ὴ
2397 3887 2568 3940 αὐτῶν
2597 3885 2724 3955 φλὸξ
2744 3886 2812 3939 τά
2839 3885 3129 3954 ἐπάρματα
3156 3877 3332 3936 αὐτῶν
3365 3884 3456 3935 καὶ
3481 3882 3550 3935 τά
3581 3881 3840 3952 ὑψώματα,

701 3975 757 4021 et
808 3970 1112 4038 superbiam
1170 3986 1378 4035 eorum,
1437 3974 1701 4026 montium
1751 3974 1924 4027 instar
1978 3982 2230 4038 erectam,

696 4060 1052 4115 eombustura
1081 4062 1170 4114 sit.
1200 4060 1560 4132 Subsequitur
1592 4063 1786 4118 deinde
1813 4083 1826 4118 :
1861 4095 1931 4107 ——
1955 4065 2115 4120 Vens.
2143 4064 2230 4117 l7.

619 4171 641 4183 ν
702 4147 792 4206 Ita
819 4152 1135 4218 persequeris
1163 4149 1282 4204 illos
1300 4165 1318 4202 :
1349 4151 1472 4204 alibi
1496 4168 1708 4222 quoque
1727 4154 1930 4208 dictum
1957 4164 2061 4218 est,
2090 4153 2233 4224 Ignis

697 4250 752 4296 et
781 4240 995 4309 sulphur
1022 4249 1071 4294 et
1113 4242 1324 4310 spiritus
1354 4242 1700 4310 procellarum
1751 4260 1874 4311 pars
1931 4246 2110 4297 calicis
2158 4261 2237 4297 eo-

702 4346 821 4384 rum
856 4331 918 4384 η.
968 4328 1062 4385 His
1097 4345 1257 4400 porro
1305 4331 1629 4396 declaratur,
1661 4333 1944 4402 procellam
1994 4333 2235 4402 iramque

2331 3978 2514 4050 ῶσπερ
2539 3979 2658 4033 τινά
2699 3979 2819 4049 ὅρη,
2857 3975 3211 4030 κατακαύσει.
3250 3974 3513 4041 Ἑπιλέγει
3544 3975 3598 4027 δὲ
3631 3974 3840 4034 τούτοις·

2333 4065 2492 4116 Οὕτω
2528 4062 2897 4128 καταδιώξεις
2927 4063 3162 4128 αὐτούς.
3206 4063 3316 4116 Καὶ
3357 4064 3416 4116 έν
3438 4063 3637 4134 ἑτέροις
3675 4063 3728 4115 δὲ
3768 4060 3841 4112 u-

2330 4153 2511 4206 λεκται
2533 4170 2547 4183 °
2574 4154 2699 4221 Πῦρ
2730 4153 2826 4209 καὶ
2863 4153 3020 4207 θεῖον
3051 4154 3144 4206 καί
3179 4153 3411 4222 πνεῦμα
3449 4151 3839 4222 καταιτίδος,ὴ

2324 4245 2490 4311 μερὶς
2517 4243 2621 4296 τοῦ
2647 4244 2924 4310 ποτηρίου
2965 4242 3174 4296 αὐτῶν.
3216 4243 3444 4309 Ἐδίδαξε
3472 4243 3529 4296 δὲ
3555 4243 3637 4297 διὰ
3662 4243 3839 4295 τούτων

2329 4336 2356 4386 ὁ
2384 4333 2554 4400 λόγος,
2581 4333 2660 4384 ὅτι
2693 4334 2726 4402 ἡ
2760 4334 3008 4401 καταιγὶς
3027 4336 3118 4388 καὶ
3146 4335 3327 4406 ήόργὴ
3347 4334 3440 4387 τοῦ
3467 4334 3598 4386 Θεοῦ
3629 4334 3686 4386 οὐ
3717 4331 3839 4400 πάθη

705 4418 799 4472 Dei
829 4434 936 4472 non
967 4419 1127 4472 animi
1165 4427 1368 4473 motum
1396 4419 1452 4474 in
1474 4419 1583 4473 Deo
1613 4436 1769 4487 esse;
1798 4421 1890 4475 sed
1915 4421 2032 4488 ejus
2055 4423 2232 4490 proviv

2332 4427 2577 4493 τυγχάνει
2612 4423 2703 4476 τοῦ
2737 4425 2889 4487 Θεοῦ,
2929 4426 3042 4479 ἀλλ’
3075 4427 3106 4494 ή
3135 4427 3308 4479 τοιάδε
3345 4443 3428 4487 τις
3459 4424 3756 4494 ἐπίσκηψις,
3785 4423 3839 4475 δι’

703 4509 960 4572 dentiam,
985 4523 1090 4578 qua
1109 4518 1281 4575 curat,
1306 4525 1400 4565 eos
1433 4521 1618 4564 contra
1651 4512 1859 4581 seipsos
1893 4513 2232 4581 insurgentes

2332 4510 2395 4584 ἧς
2425 4515 2615 4576 αὐτοὺς
2652 4514 2769 4567 καθ’
2811 4516 3016 4568 ἑαυτῶν
3043 4516 3444 4577 ὲπαναστάντας
3473 4513 3532 4578 ἐξ
3553 4514 3745 4567 ἑαυτῶν
3764 4513 3837 4565 λα-

708 4598 811 4654 sibi
835 4597 1130 4652 facinorum
1163 4615 1347 4669 pmnas
1375 4599 1636 4671 inﬂigere.
1669 4601 1793 4654 Haec
1820 4602 2000 4655 omnia
2032 4602 2235 4655 accide-

705 4702 766 4744 re
785 4693 1051 4756 precatur,
1085 4689 1197 4743 sive
1226 4690 1404 4758 potius
1433 4691 1755 4758 praenuntiat
1787 4692 2042 4747 adversus
2062 4691 2235 4744 inimi-

705 4793 802 4834 eos
827 4777 920 4834 Dei
959 4788 1249 4846 eventura;
1293 4787 1352 4834 ut
1398 4782 1481 4835 vel
1532 4783 1656 4836 hinc
1707 4784 1897 4837 saltem
1946 4780 2234 4851 aliquando

709 4871 974 4938 laventur.
1005 4867 1275 4938 Siquidem
1297 4885 1505 4926 summa
1526 4881 1610 4926 est
1632 4873 2029 4936 utilitas,nosse
2044 4870 2231 4932 Deum,

707 4968 762 5014 et
782 4959 849 5013 ad
877 4957 1276 5028 inquisitionem
1297 4959 1533 5014 nominis
1555 4959 1673 5029 ejus
1701 4960 1904 5025 venire,
1929 4961 2070 5028 quod
2102 4958 2234 5028 ipsis

709 5063 1052 5103 accessurum
1093 5063 1214 5104 esse
1257 5057 1381 5119 post
1407 5050 1661 5118 praedicta
1688 5048 1846 5104 docet
1896 5050 1982 5104 bis
2011 5050 2231 5105 verbis:

709 5138 940 5195 --Vns.
971 5139 1059 5205 l8,
1092 5139 1179 5194 19.
1218 5139 1287 5194 Et
1310 5151 1539 5211 quarent
1575 5157 1758 5196 nomen
1789 5149 1932 5194 tuum
1952 5180 1966 5205 ,
1994 5141 2232 5194 Domine.

710 5221 1028 5278 Erubescant
1073 5233 1125 5278 et
1163 5225 1525 5279 conturbentur
1550 5227 1606 5278 in
1657 5225 1904 5279 siccatum
1949 5225 2149 5290 seculi,
2185 5231 2235 5277 et

710 5313 1092 5380 confundantur
1118 5322 1169 5369 et
1205 5325 1433 5382 pereant.
1468 5315 1536 5368 Et
1563 5326 1872 5385 cognoscant
1902 5317 2024 5384 quia
2050 5331 2232 5369 nomen

709 5400 803 5454 tibi
830 5400 1126 5458 Dominus:
1161 5412 1215 5455 tu
1255 5405 1398 5458 solus
1449 5403 1751 5457 Altissimus
1799 5404 1855 5456 in
1883 5405 2023 5457 omni
2071 5413 2228 5457 terra.

711 5487 1047 5546 lnimicorum
1072 5490 1165 5544 Dei
1196 5501 1421 5548 mortem
1441 5491 1648 5548 duobus
1673 5492 1904 5547 futuram
1935 5493 2110 5548 modis
2137 5507 2231 5546 va-

712 5579 992 5635 ticinatur:
1020 5583 1126 5638 alio
1149 5582 1363 5652 quidem
1395 5597 1503 5654 quo
1528 5583 1636 5638 illis
1671 5596 1819 5653 spem
1848 5583 2043 5638 bonam
2068 5584 2232 5639 ascri-

780 5732 828 5767 ⁶⁶
861 5731 1004 5792 Psal.
1043 5752 1091 5797 ι,
1123 5735 1175 5788 ι.
1253 5738 1292 5770 ³⁷
1333 5735 1434 5796 lsa.
1468 5753 1592 5798 ut.
1630 5739 1714 5794 lt.
1792 5738 1832 5770 “
1871 5737 2011 5794 Psal.
2050 5754 2116 5798 ι,
2150 5737 2200 5792 7.

2330 4603 2441 4655 δεῖν
2469 4597 2542 4656 ὧν
2567 4604 2790 4674 ἔδρασαν
2836 4604 2930 4673 τὴν
2975 4604 3240 4673 τιμωρίαν
3272 4603 3561 4656 συνέϐαινε.
3601 4603 3770 4657 Ταῦτα
3792 4601 3838 4654 δὲ

2331 4691 2502 4744 πάντα
2556 4679 2867 4762 ίκετεύέι,ἢ
2918 4692 3011 4744 καὶ
3069 4691 3261 4760 μᾶλλον
3313 4690 3553 4755 θεσπίζει
3581 4691 3715 4743 κατά
3751 4690 3838 4741 τῶν

2331 4778 2536 4848 ἐχθρῶν
2566 4778 2657 4832 τοῦ
2685 4778 2816 4832 Θεοῦ
2849 4777 3065 4831 ἔσεσθαι
3086 4796 3101 4810 ·
3137 4777 3224 4834 ἵνα
3255 4780 3357 4833 κᾶν
3387 4772 3538 4832 οὕτω
3556 4781 3680 4832 ποτὲ
3714 4780 3836 4847 ὠφε-

2330 4868 2552 4939 ληθεῖεν.
2581 4869 2641 4922 Εί
2670 4869 2733 4939 δὴ
2758 4868 2989 4938 ὠφέλεια
3031 4869 3254 4941 μεγίστη
3290 4870 3541 4941 τυγχάνει
3583 4871 3638 4923 τὸ
3662 4871 3836 4936 γνῶναι

2328 4956 2418 5008 τὸν
2447 4957 2595 5021 Θεὸν,
2620 4958 2711 5009 καὶ
2737 4959 2829 5009 ὲπὶ
2848 4957 3070 5028 ζήτησιν
3089 4959 3181 5012 τοῦ
3203 4959 3459 5029 ὀνόματος
3489 4960 3645 5015 αὐτοῦ
3670 4961 3837 5022 ἐλθεῖν,

2329 5046 2462 5116 ὅπερ
2490 5045 2700 5105 ἔσεσθαι
2752 5047 2876 5117 περὶ
2905 5047 3080 5102 αὐτῶν
3108 5049 3242 5118 μετὰ
3287 5049 3355 5103 τὰ
3398 5051 3747 5122 προλεχθέντι
3777 5051 3836 5104 δι·

2330 5136 2730 5204 δάσκειλέγων·
2768 5138 2874 5193 Kal
2918 5137 3236 5206 ζητήσουσι
3276 5141 3341 5195 τὸ
3372 5142 3557 5212 ὄνομά
3596 5159 3725 5208 σου,
3752 5139 3836 5195 Κύ-

2324 5217 2436 5290 ριε.
2480 5226 2975 5296 Αἰσχυνθήτωσαν
3018 5228 3115 5281 καὶ
3150 5231 3608 5300 ταραχθήτωαν
3643 5235 3725 5297 εις
3752 5227 3836 5281 τὸν

2333 5316 2512 5370 αἰῶνα
2564 5315 2670 5372 τοῦ
2715 5317 2943 5384 αἰῶνος,
2991 5319 3088 5374 καὶ
3112 5321 3568 5390 ἐντραπήτωσαν
3600 5325 3691 5378 καὶ
3723 5322 3830 5374 ἀπο

2334 5408 2662 5463 λέσθωσαν.
2691 5411 2800 5463 Καὶ
2827 5409 3156 5478 γνώτωσαν,
3187 5412 3273 5466 ὅτι
3293 5413 3476 5483 ὄνομα
3502 5430 3601 5469 σοι
3626 5414 3834 5478 Κύριος⁴

2334 5499 2415 5550 σὺ
2433 5498 2614 5566 μόνος
2639 5499 2892 5566 ὕψιστος
2929 5501 3026 5554 ἐπὶ
3055 5501 3256 5558 πᾶσαν
3294 5503 3409 5573 τὴν
3440 5504 3576 5573 γῆν.
3619 5501 3724 5570 Τῆς
3749 5498 3836 5551 τῶν

2337 5585 2539 5657 ἐχθρῶν
2595 5587 2686 5641 τοῦ
2730 5586 2863 5642 Θεοῦ
2907 5588 3154 5661 τελευτῆς
3206 5590 3296 5644 δύο
3359 5593 3590 5662 τρόπους
3648 5584 3834 5642 ἔσεσθαι
