3976 6350
93 445 225 500 1001

1203 421 1694 500 communia
1732 441 1797 494 IN
1837 439 2166 496 PSALMOS.

3119 435 3253 494 ιθοε

90 556 367 620 θεσπίζει⁶
425 549 519 613 ἕνα
555 558 650 628 μὲν
687 557 806 609 καθ’
829 557 883 608 ὂν
925 558 1158 628 χρηστὰς
1214 559 1391 618 αὐτοῖς
1423 556 1631 614 ἐλπίδας

1736 549 1849 614 bit;
1880 548 2141 618 siquidem
2190 549 2324 603 bona
2359 565 2443 603 res
2465 555 2544 602 cst
2577 564 2696 602 cum
2734 546 2823 601 Dei
2853 547 3104 616 cognitio,
3145 559 3256 598 tum

90 649 413 717 ἐπιγράφειν
450 649 496 700 εί
653 650 850 718 ἀγαθὸν
880 653 911 720 ἡ
938 650 1131 716 γνῶσις
1163 647 1253 699 τοῦ
1283 648 1434 708 Θεοῦ,
1481 647 1573 699 καὶ
1602 649 1634 717 ἡ

90 736 183 788 τοῦ
209 737 466 807 ὀνόματος
496 739 658 792 αὑτοῦ
690 741 1007 810 κατάληψις,
1050 741 1140 791 καὶ
1185 738 1244 790 τὸ
1291 736 1634 805 παιδευθῆναι

90 827 217 888 τοὺς
251 826 511 898 πρότερον
535 828 607 898 μὴ
632 829 831 891 εἰδότας
853 829 940 880 τὸν
970 828 1117 889 Θεὸν,
1150 826 1223 888 ὡς
1248 827 1352 896 ἄρα
1377 810 1533 887 αὐτὸς
1550 824 1635 894 εἴη

95 918 254 986 μόνος
299 917 514 985 ὕψιστος
547 920 637 971 ἐπὶ
685 923 856 972 πᾶσαν
881 919 976 990 τὴν
996 920 1129 988 γῆν·
1173 918 1294 979 τοὺς
1337 917 1442 986 γὰρ
1469 914 1637 968 ταῦτα

91 1007 512 1075 ὁμολογοῦντας,
547 1007 713 1078 λήθην
747 1010 840 1079 μὲν
879 1008 1200 1076 πεποιῆσθαι
1232 1007 1326 1075 τῆς
1372 1006 1636 1075 προτέρας

93 1100 304 1152 ἑαυτῶν
351 1099 607 1154 πολυθέου
656 1102 873 1172 πλάνης,
931 1101 1075 1164 είκδς
1130 1093 1420 1153 ἀποθέσθαι
1451 1115 1509 1150 τε
1541 1095 1638 1166 τὴν

97 1192 332 1261 ματαίαν
363 1193 455 1244 καὶ
501 1193 778 1263 ἀπατηλήν
816 1185 942 1263 περὶ
990 1192 1124 1245 θεῶν
1154 1189 1520 1259 ψευδολογίαν·
1548 1187 1638 1240 τὸν

92 1283 147 1333 δὲ
181 1282 364 1352 ἓτερον
390 1283 605 1351 τρόπον,
634 1285 752 1338 καθ’
783 1285 842 1337 ὃν
881 1283 1136 1353 αἰσχύνην
1167 1281 1257 1334 καὶ
1280 1280 1518 1352 ταραχὴν
1546 1279 1638 1333 καὶ

95 1372 380 1441 ἐντροπὴν,
433 1373 524 1425 καὶ
571 1374 663 1427 ἐπὶ
702 1376 828 1427 πᾶσι
859 1372 1061 1436 τούτοις
1098 1372 1366 1425 ἀπώλειαν
1407 1387 1638 1442 προαγο-

97 1458 243 1525 ρεύει
278 1461 385 1519 τοῖς
412 1457 609 1512 τούτων
649 1459 833 1525 ἀξίοις.
862 1463 983 1524 Τοῖς
1021 1463 1115 1531 μέν
1277 1461 1339 1512 ἐκ
1373 1460 1467 1528 τῆς
1491 1457 1638 1519 Θείας

94 1547 422 1619 ἐπιστροφῆς
446 1551 859 1618 μεταϐάλλουσιν
888 1554 979 1604 ἐπὶ⁵
1025 1552 1082 1604 τὸ
1111 1554 1346 1620 κρεῖττον
1365 1549 1463 1620 τὴν
1491 1549 1638 1602 Θείαν

93 1638 294 1702 γνῶσιν
328 1639 654 1708 παρέσεσθαι
680 1641 944 1696 διδάσκει·
979 1644 1088 1705 τοῖς
1117 1642 1173 1694 δὲ
1207 1643 1272 1710 τῇ
1310 1639 1516 1692 ἑαυτῶν
1547 1641 1639 1706 ἐγ-

95 1729 446 1798 καταγηρῶσι
497 1719 664 1802 κακίᾳ
708 1730 796 1785 τὸν
852 1732 1064 1802 ὄλεθρον
1106 1733 1196 1784 καὶ
1235 1732 1332 1801 τὴν
1369 1729 1639 1785 ἀπώλειαν

94 1821 328 1873 ἀπειλεῖ.
358 1822 446 1874 Διὸ
474 1826 598 1893 περὶ
643 1824 741 1894 μὲν
787 1825 893 1877 τῶν
939 1825 1188 1893 χειρόνων
1225 1823 1499 1876 λέλεκται·
1549 1825 1640 1876 Αι-

1735 641 1965 694 nominis
1994 640 2112 708 ejus
2153 633 2587 708 comprehensio;
2616 638 2904 706 itidemque
2949 637 3148 690 bonum
3180 645 3262 690 est

1734 746 1846 793 eos,
1871 731 1961 800 qui
1987 731 2135 799 prius
2159 728 2322 782 Deum
2355 742 2458 781 non
2483 733 2696 792 norant,
2720 725 2930 798 edoceri
2967 725 3140 793 ipsum
3175 739 3264 776 so-

1735 821 1844 876 lum
1881 835 2000 876 csse
2040 821 2356 874 altissimum
2409 833 2570 888 super
2621 832 2830 871 omnem
2877 824 3109 881 terram;
3169 830 3263 868 eos

1735 910 1949 978 quippe,
1989 907 2081 977 qui
2135 907 2260 960 talia
2317 907 2653 976 profitentur,
2686 904 2975 959 verisimile
3025 910 3108 957 est
3149 903 3261 971 jam

1736 998 2106 1067 multiplicium
2140 998 2358 1052 deorum
2400 1012 2636 1052 errorem
2666 995 2918 1050 oblivioni
2958 995 3259 1056 mandasse,

1737 1105 1800 1144 ac
1825 1104 2015 1142 vanam
2039 1087 2387 1156 fallacemque
2415 1086 2674 1142 falsorum
2703 1085 2925 1138 deorum
2964 1083 3260 1138 doctrinam

1738 1180 2037 1250 abiecisse:
2070 1180 2176 1233 alio
2213 1179 2338 1233 item
2388 1177 2567 1242 modo,
2601 1177 3017 1246 turpitudinem,
3048 1184 3262 1244 pertur-

1737 1270 2027 1331 bationem,
2062 1277 2116 1325 et
2157 1268 2546 1332 confusionem,
2591 1282 2652 1321 ac
2697 1275 2886 1336 praeter
2921 1267 3034 1322 haec
3086 1264 3264 1319 omnia

1735 1359 2024 1426 perniciem
2046 1357 2286 1426 praedicit
2307 1358 2373 1411 iis
2393 1356 2484 1425 qui
2505 1370 2689 1410 eorum
2720 1355 2864 1424 digni
2890 1351 3262 1412 sunt,Etenim

1737 1449 1804 1502 iis
1836 1451 1926 1517 qui
1958 1465 2023 1503 ex
2070 1445 2324 1503 diuinitus
2356 1447 2595 1502 immissa
2644 1445 2998 1501 conversione
3040 1459 3159 1499 sese
3197 1441 3263 1495 ad

1737 1540 2011 1593 meliorem
2054 1538 2258 1608 frugem
2301 1539 2632 1606 receperint,
2667 1538 2901 1591 divinam
2957 1535 3138 1591 adfore
3174 1550 3267 1588 co-

1736 1630 2024 1699 gnitionem
2079 1628 2385 1691 denuntiat;
2417 1629 2482 1680 iis
2507 1642 2636 1680 vero
2676 1630 2768 1695 qui
2803 1627 2858 1680 in
2899 1627 3138 1696 nequitia
3167 1641 3264 1680 sua

1737 1719 2134 1779 consenuerint,
2175 1717 2395 1770 exitium
2443 1731 2503 1769 ac
2534 1716 2822 1784 perniciem
2870 1716 3261 1770 interminatur.

1739 1807 2096 1873 Quamobrem
2130 1807 2196 1862 de
2233 1807 2506 1876 peioribus
2553 1805 2763 1876 quidem
2804 1806 2908 1859 illis
2933 1805 3134 1859 dictum
3159 1815 3261 1867 est.

94 1881 672 1981 σχυνθήτωσανικαί,
699 1881 1156 1982 ταραχθῆτωσαγ
1194 1915 1279 1977 εἰς
1314 1913 1418 1966 τὸν
1456 1911 1631 1965 αἰῶνα

1740 1897 2056 1952 Erubescant
2105 1908 2152 1950 et
2206 1899 2570 1951 conturbentur
2616 1899 2668 1950 in
2696 1897 2938 1952 secutum
2985 1897 3184 1960 occuli,
3213 1908 3264 1950 et

95 2002 200 2054 τοῦ
233 2002 464 2069 allii-oc,
489 2006 584 2057 καὶ
602 2005 1060 2072 ἐντραπήτωσαν
1075 2003 1636 2059 καὶάπολέσθωσαν·

96 2093 229 2161 Περὶ
252 2093 307 2145 δὲ
339 2094 443 2144 τῶν
495 2096 585 2147 ἐπὶ
614 2095 674 2146 τὸ
709 2097 947 2164 κρεῖττον
985 2093 1532 2165 μεταϐληθησομένων
1558 2085 1635 2171 τὸ,

95 2184 210 2236 Καὶ.
225 2184 559 2251 γνώτωσαν,
577 2184 662 2236 ὅτι
683 2184 747 2236 τὸ
770 2183 954 2252 ὄνομά
978 2199 1075 2237 σοι
1093 2185 1322 2251 Κύριος,
1349 2181 1430 2236 σὺ
1453 2183 1638 2251 μόνος

90 2277 347 2343 ὕψιστος
386 2276 477 2326 ἐπὶ
527 2273 728 2328 πᾶσαν
753 2277 863 2342 τὴν
884 2273 1019 2342 τῆν.
1049 2274 1274 2326 Δύναται
1302 2272 1356 2324 δὲ
1397 2272 1488 2324 καὶ
1515 2271 1640 2341 περὶ

92 2369 200 2420 τῶν
226 2369 404 2421 αὐτῶν
430 2367 496 2421 τὰ
543 2368 717 2422 πάντα
762 2367 1026 2436 λέγεσθαι,
1070 2367 1142 2430 ὡς
1165 2367 1268 2419 τῶν
1313 2365 1518 2436 ἐχθρῶν
1543 2363 1654 2432 τοῦ.

92 2459 249 2520 Θεοῦ,
282 2458 399 2513 καθ’
426 2459 486 2512 ὃν
511 2459 782 2512 πείσονται
810 2457 994 2528 καιρὸν
1017 2457 1084 2510 τά
1121 2449 1633 2528 προκαταλεχθέντα,

93 2549 578 2620 ἐντραπησομένων
607 2549 700 2602 καὶ
725 2548 1242 2618 αἰσχυνθησομένων,
1276 2547 1366 2599 καὶ
1397 2542 1637 2613 ἀπωλείᾳ

94 2637 635 2707 παραδοθησομένων,
668 2637 759 2689 καὶ
789 2637 907 2690 τότε
933 2637 1066 2706 αὐτῇ
1097 2630 1258 2705 ιιιιείρςμ⁵
1287 2633 1636 2704 γνωσομένων

93 2728 183 2780 καὶ
236 2726 668 2796 ὁμολογησάντων
717 2727 812 2778 ἕνα
864 2721 998 2778 εἶναι
1033 2721 1120 2778 καὶ
1164 2725 1318 2794 μόνον
1372 2726 1502 2781 Θεὸν
1543 2725 1636 2778 τὸν

94 2816 315 2884 ὕψιστον
365 2816 459 2869 καὶ
513 2817 603 2869 ἐπὶ
648 2819 822 2868 πᾶσαν
875 2817 972 2886 τὴν
1019 2813 1140 2885 γῆν,
1188 2815 1275 2868 τὸν
1329 2817 1419 2869 καὶ
1453 2815 1636 2886 δικαίᾳ

93 2907 270 2976 κρίσει
299 2906 616 2976 μετελθόντα
642 2908 834 2970 αὐτοὺς
871 2907 976 2969 τῶν
1019 2907 1432 2981 τετολμημένων
1456 2907 1638 2970 αὐτοῖς

92 2998 272 3066 χάριν.

1738 1988 2123 2056 confundantur
2153 1996 2201 2042 et
2237 1997 2482 2056 pereant;
2520 1989 2585 2042 de
2630 1989 2694 2042 iis
2728 2002 2854 2042 vero
2904 1989 2994 2059 qui
3040 1987 3106 2041 ad
3151 2003 3263 2041 me-

1739 2079 1926 2134 liorem
1956 2094 2014 2134 se
2037 2080 2199 2132 vitam
2234 2080 2498 2147 recepturi
2531 2085 2676 2142 sunt,
2702 2077 2830 2132 illud
2864 2077 3150 2147 profertur,
3195 2076 3263 2129 Et

1737 2178 2048 2237 cognoscant
2076 2169 2196 2237 quia
2225 2185 2406 2221 nomen
2437 2168 2529 2220 tibi
2553 2167 2820 2230 Dominus,
2851 2179 2907 2220 tu
2944 2169 3082 2220 solus
3114 2168 3263 2220 altis-

1738 2259 1896 2311 simus
1943 2259 1996 2309 in
2029 2257 2168 2310 omni
2195 2266 2354 2310 terra.
2389 2256 2619 2311 Possunt
2644 2256 2801 2311 etiam
2841 2256 2905 2311 de
2933 2256 3118 2310 iisdem
3153 2257 3264 2309 haec

1737 2347 1915 2399 omnia
1938 2345 2075 2411 dici;
2110 2347 2266 2415 quasi
2297 2346 2549 2400 videlicet
2595 2345 2797 2399 inimici
2847 2344 2960 2410 Dei,
2993 2360 3100 2414 quo
3131 2353 3266 2399 tem-

1737 2451 1864 2505 pore
1894 2437 1983 2489 illa
2013 2437 2261 2505 superius
2291 2445 2588 2490 memorata
2628 2436 2917 2506 perferent,
2951 2436 3264 2492 confusione

1736 2537 1896 2597 atque
1927 2529 2122 2585 rubore
2171 2529 2434 2598 replendi,
2469 2544 2531 2583 ac
2573 2529 2826 2597 perniciei
2855 2528 3097 2584 tradendi
3135 2531 3263 2593 sint.

1737 2619 1851 2688 ipsa
1878 2619 2208 2688 experientia
2251 2619 2516 2687 cognituri
2558 2633 2620 2672 ac
2648 2616 2950 2673 confessuri
2983 2633 3146 2671 unum
3176 2634 3266 2673 so-

1737 2707 1952 2776 lumque
1993 2707 2158 2760 Deum
2208 2721 2328 2762 esse
2365 2708 2684 2760 altissimum
2714 2708 2768 2760 in
2805 2707 2949 2759 omni
2983 2715 3143 2773 terra,
3173 2707 3264 2775 qui

1737 2799 1882 2867 ipsos
1908 2799 2052 2867 justo
2080 2797 2284 2867 judicio
2313 2810 2375 2850 ac
2411 2797 2704 2850 facinorum
2744 2807 3147 2849 suorum'causa
3179 2798 3263 2848 in-

1737 2889 1902 2943 vadit.

92 3170 198 3226 ΕΙΣ
220 3173 307 3225 ΤΟ
347 3171 816 3264 ΤΕΛρῙΣᾹΠΥὲΠιΞΪξΔ
841 3168 1256 3264 ΤΗΙΣὈΛΗΙῇῼΝ,
1285 3169 1435 3224 ΤΟῙΣ
1460 3171 1631 3223 ΥῙΟΙΣ

1740 3172 1787 3225 ί·
1841 3134 1904 3223 'N'
1966 3162 2980 3264 "suumLugeamus.
3045 3167 3264 3224 “Ws

499 3241 698 3306 KOPE,
732 3241 1030 3295 ΨΑΑΜΟΣ.
1077 3240 1195 3293 nr.

167 3373 264 3438 Ὠς
282 3372 551 3440 ἀγαπητὰ
569 3371 640 3425 τὰ
666 3369 1016 3439 σκηνώματά
1032 3387 1172 3434 σου,
1194 3359 1368 3438 Κύριε
1399 3369 1515 3422 τῶν
1535 3369 1629 3422 δυο

89 3461 335 3530 νάμεωγ.
351 3460 763 3514 Διαλελοιπότων
783 3459 886 3510 τῶν
911 3455 1630 3527 ἐπιγεγραμμένωφψαλμῶν

88 3554 182 3608 τοῦ
221 3552 411 3622 Ἄσάφ,
438 3548 512 3606 ὧν
535 3553 744 3624 πρῶτος
775 3551 871 3622 μὲν
895 3553 924 3603 ό
957 3550 1052 3616 οϐ’,
1082 3550 1380 3611 τελευταῖος
1400 3549 1505 3631 o'p'
1537 3550 1628 3601 καὶ

90 3649 164 3705 π’,
195 3643 382 3695 ἕπεται
402 3643 430 3694 ό
676 3640 786 3709 πγ’,
818 3640 934 3704 τοῖς
963 3638 1112 3705 υἱοῖς
1125 3636 1278 3706 Κορὲ
1291 3641 1630 3707 ἐπιγεγραμ-

92 3733 267 3802 μένος,
325 3733 452 3803 περὶ⁹
503 3725 578 3786 ὧν
624 3732 683 3784 ἐν
743 3735 852 3794 τοῖς
912 3729 1509 3799 προτεχνολογουμένοις
1560 3728 1628 3780 τὰ

87 3823 309 3888 δόξαντα
357 3822 722 3893 διειλήφαμεν.
783 3821 1139 3893 Ἔπιτηρῆσαι
1199 3810 1255 3871 δὲ
1305 3820 1623 3886 ἀναγκαῖον,

89 3915 228 3976 dico!
259 3915 452 3978 πάντες
473 3915 567 3969 τοῦ
594 3912 988 3984 Ἀσὰφδώδεκα
1007 3913 1324 3983 τυγχάνουσι
1354 3913 1442 3964 τὸν
1473 3911 1628 3982 ἀριθ-

92 4004 188 4073 μὸν
217 4005 417 4077 ψαλμοί
447 4023 461 4036 ·
497 4004 766 4076 ἰσάριθμοι
810 4005 865 4066 δὲ
906 4002 1112 4066 τούτοις
1143 4003 1248 4055 εἰσὶ
1286 4003 1377 4056 καὶ
1423 4004 1471 4054 οι
1509 4005 1629 4055 ἐπι·

87 4095 456 4167 γεγραμμένοι
481 4094 596 4149 τῶν
636 4089 780 4148 υίῶν
818 4093 983 4161 Κορέ.
1022 4092 1175 4144 ’Δλλά
1199 4092 1304 4144 τῶν
1333 4093 1459 4144 υἱῶν
1484 4091 1625 4162 Κορὲ

86 4185 229 4238 ὀκτὼ
253 4187 348 4256 μὲν
374 4181 510 4256 ἦσαν
541 4185 666 4254 ἑξῆς
695 4182 1018 4254 συνημμένα
1049 4183 1097 4235 οί
1133 4177 1238 4234 ἀπὸ
1260 4182 1351 4234 τοῦ
1385 4189 1470 4251 μα’
1492 4181 1624 4249 ψαλά

93 4275 192 4345 μεῦ
215 4292 229 4306 ⁸
257 4275 384 4327 οἱδὶ
420 4273 690 4336 λείποντες
727 4271 983 4342 τέσσαρες
1027 4268 1252 4325 ἐνταῦθα
1297 4271 1622 4343 πρόκεινται,

89 4365 374 4436 ἀρχόμενοι
419 4366 513 4436 μὲν
534 4362 638 4416 ἀπὸ
673 4363 766 4416 τοῦ
793 4369 902 4431 πγι,
940 4361 1133 4433 ἐφεξῆς
1173 4361 1227 4414 δὲ
1256 4347 1490 4434 κείμενοι
1521 4363 1626 4416 τῶν

91 4455 576 4527 ἐπιγεγραμμένων
606 4453 698 4508 τοῦ
748 4453 931 4523 Ἀσάφ.
971 4453 1237 4517 Ὡσαύτως
1259 4454 1315 4506 δὲ
1343 4455 1435 4508 καὶ
1454 4455 1502 4506 οἱ
1534 4454 1624 4507 τοῦ

2061 3236 2238 3292 CORE
2274 3236 2611 3294 PSALMUS.
2633 3236 2907 3300 LXXXIII.

1746 3422 1754 3428 .
1804 3371 1964 3425 Vens.
1981 3368 2034 3421 Ξ.
2055 3337 2222 3434 Quam
2238 3367 2425 3421 dilecta
2455 3367 2788 3421 tabernacula
2806 3377 2917 3430 tua,
2941 3366 3153 3422 Domine
3167 3372 3264 3423 vir-

1737 3459 1937 3514 tutum!
1966 3459 2250 3529 Postquam
2285 3458 2524 3513 defecerc
2561 3459 2751 3528 psalmi
2791 3461 2969 3530 Asaph
2998 3462 3262 3532 inscripti,

1721 3561 1956 3621 'quorum
1977 3553 2356 3622 prlmusjuxu,
2370 3559 2664 3618 postremus
2677 3538 2802 3604 vero
2814 3566 2988 3605 Luxu
3005 3560 3138 3616 erat,
3150 3553 3261 3620 jam

1733 3645 1975 3713 sequitur
2012 3657 2239 3705 um",
2269 3641 2396 3711 ﬁliis
2419 3639 2549 3694 Core
2576 3640 3179 3712 inscriptus,'dequibus
3205 3643 3262 3696 in

1732 3734 2016 3803 disputatis
2033 3733 2278 3802 superius
2294 3735 2610 3788 sententiam
2626 3727 2929 3802 aperuimus
2947 3726 3194 3788 nostram.
3220 3733 3262 3786 E

1731 3838 1789 3877 re
1799 3831 1972 3876 autem
1991 3822 2446 3891 fueritfobservare
2462 3839 2645 3877 omnes
2660 3824 2856 3894 Asapbi
2875 3826 3107 3893 psalmos
3121 3824 3260 3890 duo-

1730 3916 1900 3971 decim
1929 3930 2151 3969 numero
2186 3920 2340 3980 esse;
2391 3914 2716 3984 totidemque
2751 3915 2843 3983 qui
2873 3915 3101 3983 ﬁliorum
3133 3914 3261 3970 Core

1732 4006 1973 4074 inscripti
2007 4013 2155 4058 sunt.
2185 4000 2383 4059 Verum
2435 4004 2663 4058 ﬁliorum
2705 4003 2841 4060 Core
2891 4006 3260 4078 octoupsalmi

1682 4126 1685 4127 ν
1731 4096 2058 4165 coniunctim
2092 4095 2251 4165 positi
2280 4105 2424 4158 sunt,
2451 4110 2480 4148 a
2513 4111 2600 4148 xu
2619 4094 2864 4174 videlicet
2882 4097 2990 4150 orsi
3019 4115 3031 4150 :
3067 4097 3258 4167 reliqui

1733 4201 1857 4240 vero
1902 4192 2133 4255 quatuor
2185 4184 2271 4237 hic
2311 4191 2438 4238 sunt
2483 4185 2778 4247 constituti,
2833 4185 3150 4255 incipientes
3187 4190 3256 4242 ab

1733 4283 1932 4329 Lxx‘xm
1963 4290 2027 4329 ac
2059 4281 2180 4344 post
2209 4289 2322 4337 eos,
2353 4275 2443 4344 qui
2460 4274 2658 4343 Asaphi
2689 4276 2931 4346 inscripti
2957 4283 3104 4341 sunt,
3127 4293 3259 4332 con-

1732 4374 2016 4437 sequenter
2062 4357 2241 4435 positi.
2295 4363 2605 4434 Pariter-que
2653 4381 2720 4419 ex
2755 4366 2958 4436 Asapbi
3012 4367 3255 4442 psalmis,

1732 4457 1978 4513 mdecim
2020 4465 2412 4526 consequenter
2455 4457 2613 4528 positi
2651 4465 2797 4520 sunt,
2824 4472 2853 4510 a
2897 4471 3040 4510 um
3065 4472 3255 4525 nempe

102 4545 275 4615 ’Δσάφ
326 4552 390 4598 ια’
426 4538 524 4616 μέν
556 4547 658 4597 εἱσι
704 4542 1047 4613 σννημμένοι,
1088 4543 1136 4596 οἱ
1172 4542 1276 4594 ἀπὸ
1315 4542 1390 4595 οϐ’
1419 4544 1511 4596 καὶ
1537 4544 1627 4596 ἐπὶ

1731 4546 1794 4600 ad
1828 4561 2030 4600 Luxu.
2083 4545 2368 4600 Duodecim
2411 4561 2538 4600 vero
2575 4536 2713 4598 octo
2763 4545 2968 4614 priores
3023 4537 3252 4599 ﬁliorum

88 4637 177 4690 τὸν
218 4637 324 4689 πϐν.
379 4637 436 4690 '0
459 4635 514 4688 δὲ
545 4634 609 4686 ιϐ’
649 4633 780 4704 ἑξῆς·
817 4633 1206 4687 κατατέτακται
1247 4635 1358 4696 τοῖς
1399 4632 1628 4702 πρώτοις

89 4722 232 4775 ὀκτὼ
253 4723 358 4776 τῶν
388 4720 517 4778 υἱῶν
557 4721 716 4791 Κορὲ,
757 4719 940 4792 ὥσπερ
980 4719 1291 4782 ἀντιδόσεως
1338 4719 1626 4789 γενομένης

91 4814 174 4866 διὰ
204 4813 302 4877 τὰς
337 4814 393 4866 ἐν
432 4817 551 4876 ταῖς
593 4814 719 4882 παρ’
749 4805 1026 4882 ἑκατέροις
1062 4810 1388 4880 προφητείας
1427 4812 1628 4861 ἐπικοι-

91 4903 359 4966 νωνούσας
379 4904 628 4974 ἀλλήλαις
663 4901 929 4970 θεωρίαις.
959 4895 1137 4952 Ἦσαν
1172 4902 1264 4968 μὲν
1289 4897 1382 4952 οὖν
1409 4901 1463 4970 οἱ,
1481 4899 1628 4970 πρῶ-

90 5005 169 5048 τοι
206 4994 310 5047 τῶν
335 4995 464 5047 υἱῶν
497 4994 636 5066 Κορέ
664 4992 801 5045 ὀκτὼ
830 4988 920 5042 τδν
941 4987 1189 5060 ἀριθμὸν,
1221 4993 1269 5042 οἱ
1295 4990 1493 5052 πάντες
1518 4991 1627 5043 ἀπὸ

90 5084 180 5138 τοῦ
215 5090 302 5153 μα’
330 5084 634 5153 ἀρχόμενοι,
662 5083 754 5135 καὶ
782 5081 1030 5152 λήγοντες
1053 5080 1132 5142 είς
1154 5080 1245 5132 τὸν
1269 5085 1377 5150 μη’.
1412 5081 1624 5154 Περιεί-

93 5195 180 5248 χον
213 5175 292 5240 δὲ,
333 5173 517 5244 ὥσπερ
559 5177 614 5227 ἐν
639 5173 911 5243 κεφαλαίῳ
940 5169 1129 5233 εἰπεῖν,
1163 5169 1252 5223 ἐπὶ
1280 5170 1356 5240 τῷ
1387 5172 1452 5224 ἐκ
1473 5189 1625 5242 περι-ι

91 5267 259 5338 τομῆς
284 5263 396 5334 λαῷ
443 5262 712 5335 κλαυθμὸν
747 5265 840 5318 καὶ
863 5264 1052 5334 θρῆνον
1092 5265 1184 5314 καὶ
1219 5263 1467 5334 ὀδυρμόν,
1495 5266 1627 5334 Χριο

95 5357 217 5410 στοῦ
245 5372 304 5408 τε
352 5353 643 5426 παρουσίαν
694 5357 786 5408 καὶ
849 5355 1036 5424 κλῆσιν
1091 5352 1273 5406 ἐθνῶν.
1323 5349 1475 5406 Ἀλλὰ
1520 5355 1625 5407 τῶν

97 5449 192 5517 μὲν
223 5443 516 5518 εἰρημένων
545 5443 684 5497 ὀκτὼ
719 5444 932 5518 τοιαύτη
963 5463 1043 5509 τις
1065 5441 1132 5516 ἦν
1154 5447 1186 5515 ἡ
1207 5444 1483 5507 ὑπόθεσις·
1518 5446 1625 5498 τῶν

92 5537 147 5592 δέ
189 5540 283 5602 ἐπὶ
310 5536 400 5592 τοῦ
455 5535 709 5607 παρόντος
765 5539 1244 5610 ἐπιγεγραμμένων
1306 5538 1396 5590 καλ⁸
1449 5538 1625 5590 αὐτῶν

94 5627 378 5701 υίῶνΚορὶ
396 5628 665 5698 τεσσάρων
686 5628 870 5691 ὄντων,
891 5631 938 5682 oi
963 5629 1058 5698 μὶν
1074 5629 1286 5684 ὕστατοι
1309 5627 1400 5681 δύο
1420 5626 1625 5696 γένεσιν

95 5718 186 5771 καὶ
218 5716 440 5772 θάνατον
480 5716 640 5771 αὑτοῦ
681 5718 1106 5788 περιειλήφασιν,
1161 5712 1624 5789 ὥσπερ·ἐπίτηδες

94 5805 519 5878 ταμιευσαμὶνου
540 5806 630 5860 τοῦ
654 5805 822 5872 Λόγου
846 5807 936 5858 ἐπὶ
960 5807 1098 5859 τέλει
1125 5808 1336 5862 πάντων
1366 5808 1458 5870 τὰς
1499 5825 1562 5861 πε
1571 5809 1622 5877 pl.

408 5900 672 5961 Pulice.
713 5900 828 5962 Gn.
875 5900 1105 5962 XXIII.

1725 4637 1861 4691 Core
1887 4638 2120 4706 psalmos
2153 4635 2524 4704 subsequitur;
2556 4634 2628 4688 ita
2669 4644 2725 4688 ut
2762 4650 2859 4689 ceu
2898 4641 3080 4690 mutua
3107 4651 3255 4706 qum-

1726 4727 1846 4781 dem
1882 4725 2124 4797 pensatio
2156 4725 2246 4779 flat
2275 4725 2342 4778 ob
2399 4725 2705 4795 prophetias
2763 4742 2880 4796 quae
2925 4727 2978 4781 in
3011 4727 3252 4797 utrisque

1725 4829 2061 4870 communem
2114 4814 2423 4894 speculandi
2461 4829 2669 4870 morem
2697 4826 2935 4871 servant.
2967 4816 3130 4872 Erant
3159 4818 3254 4870 ita-

1724 4925 1826 4976 que
1861 4909 2062 4977 priores
2093 4904 2167 4960 illi
2199 4905 2430 4961 ﬁliorum
2456 4905 2594 4962 Core
2637 4908 2827 4977 psalmi
2858 4917 2978 4963 octo
3007 4921 3245 4970 numero,

1725 4998 1812 5067 qui
1852 5013 2039 5051 omnes
2067 5012 2096 5049 a
2133 5010 2220 5052 xu
2259 4996 2469 5051 initium
2499 4997 2720 5062 ducunt,
2743 5006 2795 5053 ct
2823 5002 2876 5053 in
2912 5014 3072 5054 sum
3104 4997 3248 5052 desi-

1724 5094 1876 5142 nunt.
1917 5086 1953 5139 li
1998 5101 2144 5149 vero,
2172 5095 2233 5140 ut
2260 5089 2574 5156 compendio
2616 5088 2809 5155 dicam,
2852 5089 2919 5144 de
2947 5088 3139 5158 populo
3184 5075 3262 5141 ex-

1723 5178 2130 5233 circumcisione
2160 5177 2340 5232 ﬂetum
2395 5193 2458 5232 ac
2513 5179 2805 5246 planctum,
2834 5178 3030 5247 Christi
3059 5159 3252 5232 adven-1

1723 5282 1856 5333 tum,
1889 5277 2050 5339 atque
2104 5271 2438 5324 vocationem
2493 5270 2752 5338 gentium,
2809 5276 3245 5325 commemorant.

1723 5361 1833 5416 Hoc
1861 5375 1989 5414 sane
2017 5366 2100 5415 est
2125 5360 2335 5415 illorum
2358 5366 2482 5413 octo
2511 5359 2832 5428 psalmorum
2854 5366 3244 5426 argumentum.

1724 5449 1798 5504 Ex
1832 5449 1976 5503 hisce
1997 5462 2145 5511 vero,
2171 5448 2236 5503 de
2260 5449 2456 5518 quibus
2472 5461 2613 5501 nunc
2641 5447 2836 5516 agitur,
2865 5445 3096 5501 filiorum
3112 5447 3249 5522 Core

1721 5539 1939 5610 psalmis
1969 5546 2199 5607 quatuor
2245 5552 2488 5602 numero,
2518 5536 2624 5590 duo
2671 5537 2927 5605 postremi
2981 5542 3154 5591 ortum
3191 5545 3246 5594 et

1722 5638 1944 5681 mortem
1988 5625 2290 5681 Senatoris
2318 5627 2746 5694 complectuntur
2774 5641 2877 5692 :oac
2924 5626 2968 5680 si
2999 5626 3246 5682 videlicet

1722 5716 1995 5788 Scriptura
2025 5716 2262 5770 omnium
2285 5715 2544 5782 vaticinia
2565 5716 2616 5768 in
2637 5714 2739 5769 line
2765 5730 3029 5785 exponere
3057 5731 3245 5786 Oppor-

1720 5819 1846 5864 tune
1883 5807 1981 5864 sibi
2034 5807 2342 5862 reservarit.
2373 5804 2533 5883 Multa
2566 5812 2744 5860 autem
2777 5804 2842 5888 de
2879 5805 2993 5872 eius
3021 5815 3145 5864 ortu
3185 5811 3244 5866 in

2898 5898 2975 5960 32
