  <div class='ocr_page' id='page_1' title='image "/cluster/home/n/w/nwhite01/storage/ocr_20150623/23/pst.000005712076/509.png"; bbox 0 0 3976 6350; ppageno 0'>
   <div class='ocr_carea' id='block_1_1' title="bbox 691 446 827 506">
    <p class='ocr_par' dir='ltr' id='par_1_1' title="bbox 691 446 827 506">
     <span class='ocr_line' id='line_1_1' title="bbox 691 446 827 506; baseline 0 -1"><span class='ocrx_word' id='word_1_1' title='bbox 691 446 827 506; x_wconf 67' lang='grc'><strong>1005</strong></span> 
     </span>
    </p>
   </div>
   <div class='ocr_carea' id='block_1_2' title="bbox 1388 438 2222 512">
    <p class='ocr_par' dir='ltr' id='par_1_2' title="bbox 1388 438 2222 508">
     <span class='ocr_line' id='line_1_2' title="bbox 1388 438 2222 508; baseline 0.002 -2"><span class='ocrx_word' id='word_1_2' title='bbox 1388 438 1660 507; x_wconf 76' lang='lat' dir='ltr'><strong>&#39;Eusseu</strong></span> <span class='ocrx_word' id='word_1_3' title='bbox 1697 451 2167 508; x_wconf 53' lang='lat' dir='ltr'><strong>CASSARIENSIS</strong></span> <span class='ocrx_word' id='word_1_4' title='bbox 2205 460 2222 508; x_wconf 69' lang='grc' dir='ltr'>ε</span> 
     </span>
    </p>
   </div>
   <div class='ocr_carea' id='block_1_3' title="bbox 2320 438 3188 512">
    <p class='ocr_par' dir='ltr' id='par_1_3' title="bbox 2320 452 3188 512">
     <span class='ocr_line' id='line_1_3' title="bbox 2320 452 3188 512; baseline -0.001 0"><span class='ocrx_word' id='word_1_5' title='bbox 2320 475 2354 512; x_wconf 64' lang='grc' dir='ltr'><strong>ί.</strong></span> <span class='ocrx_word' id='word_1_6' title='bbox 2397 452 2577 509; x_wconf 65' lang='lat' dir='ltr'><strong>PARS</strong></span> <span class='ocrx_word' id='word_1_7' title='bbox 2616 452 3188 512; x_wconf 75' lang='lat' dir='ltr'><strong>[IL—EXEGETICA.</strong></span> 
     </span>
    </p>
   </div>
   <div class='ocr_carea' id='block_1_4' title="bbox 3770 455 3881 510">
    <p class='ocr_par' dir='ltr' id='par_1_4' title="bbox 3770 455 3881 510">
     <span class='ocr_line' id='line_1_4' title="bbox 3770 455 3881 510; baseline 0.027 -3"><span class='ocrx_word' id='word_1_8' title='bbox 3770 455 3881 510; x_wconf 61' lang='lat'><strong>100$</strong></span> 
     </span>
    </p>
   </div>
   <div class='ocr_carea' id='block_1_5' title="bbox 690 568 2222 647">
    <p class='ocr_par' dir='ltr' id='par_1_5' title="bbox 690 568 2222 643">
     <span class='ocr_line' id='line_1_5' title="bbox 690 568 2222 643; baseline 0.005 -24"><span class='ocrx_word' id='word_1_9' title='bbox 690 582 886 621; x_wconf 74' lang='lat' dir='ltr'><strong>Lxxxvr</strong></span> <span class='ocrx_word' id='word_1_10' title='bbox 942 568 1168 624; x_wconf 12' lang='lat' dir='ltr'><strong>obserare</strong></span> <span class='ocrx_word' id='word_1_11' title='bbox 1212 569 1656 641; x_wconf 77' lang='lat' dir='ltr'><strong>subi&#39;udicantur;</strong></span> <span class='ocrx_word' id='word_1_12' title='bbox 1684 582 1738 627; x_wconf 90' lang='lat' dir='ltr'><strong>at</strong></span> <span class='ocrx_word' id='word_1_13' title='bbox 1783 572 1954 628; x_wconf 90' lang='lat' dir='ltr'><strong>multo</strong></span> <span class='ocrx_word' id='word_1_14' title='bbox 1998 575 2151 643; x_wconf 91' lang='lat' dir='ltr'><strong>plura</strong></span> <span class='ocrx_word' id='word_1_15' title='bbox 2182 582 2222 628; x_wconf 84' lang='lat' dir='ltr'><strong>el</strong></span> 
     </span>
    </p>
   </div>
   <div class='ocr_carea' id='block_1_6' title="bbox 2320 568 3880 647">
    <p class='ocr_par' dir='ltr' id='par_1_6' title="bbox 2333 569 3880 647">
     <span class='ocr_line' id='line_1_6' title="bbox 2333 569 3880 647; baseline 0 -20"><span class='ocrx_word' id='word_1_16' title='bbox 2333 574 2535 628; x_wconf 88' lang='grc' dir='ltr'><strong>τούτων</strong></span> <span class='ocrx_word' id='word_1_17' title='bbox 2589 577 2916 647; x_wconf 81' lang='grc' dir='ltr'><strong>προρρήσεις</strong></span> <span class='ocrx_word' id='word_1_18' title='bbox 2949 575 3199 647; x_wconf 74' lang='grc' dir='ltr'><strong>ἐκφῆναι.</strong></span> <span class='ocrx_word' id='word_1_19' title='bbox 3246 575 3423 640; x_wconf 83' lang='grc' dir='ltr'>Πολὺς</span> <span class='ocrx_word' id='word_1_20' title='bbox 3468 573 3603 644; x_wconf 67' lang='grc' dir='ltr'><strong>γοῦν</strong></span> <span class='ocrx_word' id='word_1_21' title='bbox 3635 569 3709 645; x_wconf 77' lang='grc' dir='ltr'><strong>ἦν</strong></span> <span class='ocrx_word' id='word_1_22' title='bbox 3730 575 3757 627; x_wconf 81' lang='grc' dir='ltr'><strong>ὁ</strong></span> <span class='ocrx_word' id='word_1_23' title='bbox 3782 578 3880 645; x_wconf 50' lang='lat' dir='ltr'><strong>api</strong></span> 
     </span>
    </p>
   </div>
   <div class='ocr_carea' id='block_1_7' title="bbox 690 656 2235 735">
    <p class='ocr_par' dir='ltr' id='par_1_7' title="bbox 690 656 2235 735">
     <span class='ocr_line' id='line_1_7' title="bbox 690 656 2235 735; baseline 0.007 -26"><span class='ocrx_word' id='word_1_24' title='bbox 690 656 1035 725; x_wconf 70' lang='lat' dir='ltr'><strong>prolundiora</strong></span> <span class='ocrx_word' id='word_1_25' title='bbox 1088 659 1155 714; x_wconf 89' lang='lat' dir='ltr'><strong>de</strong></span> <span class='ocrx_word' id='word_1_26' title='bbox 1183 667 1355 717; x_wconf 90' lang='lat' dir='ltr'><strong>morte</strong></span> <span class='ocrx_word' id='word_1_27' title='bbox 1386 663 1505 731; x_wconf 83' lang='lat' dir='ltr'><strong>ejus</strong></span> <span class='ocrx_word' id='word_1_28' title='bbox 1554 680 1718 735; x_wconf 88' lang='lat' dir='ltr'><strong>quam</strong></span> <span class='ocrx_word' id='word_1_29' title='bbox 1776 680 1876 734; x_wconf 92' lang='lat' dir='ltr'><strong>pro</strong></span> <span class='ocrx_word' id='word_1_30' title='bbox 1925 665 2235 720; x_wconf 86' lang='lat' dir='ltr'><strong>hominibus</strong></span> 
     </span>
    </p>
   </div>
   <div class='ocr_carea' id='block_1_8' title="bbox 689 739 2231 820">
    <p class='ocr_par' dir='ltr' id='par_1_8' title="bbox 689 739 2231 820">
     <span class='ocr_line' id='line_1_8' title="bbox 689 739 2231 820; baseline 0.003 -19"><span class='ocrx_word' id='word_1_31' title='bbox 689 748 965 811; x_wconf 72' lang='lat' dir='ltr'><strong>sustinuit,</strong></span> <span class='ocrx_word' id='word_1_32' title='bbox 998 751 1091 819; x_wconf 85' lang='lat' dir='ltr'><strong>qui</strong></span> <span class='ocrx_word' id='word_1_33' title='bbox 1129 760 1433 820; x_wconf 91' lang='lat' dir='ltr'><strong>postremus</strong></span> <span class='ocrx_word' id='word_1_34' title='bbox 1459 739 1695 819; x_wconf 67' lang='lat' dir='ltr'><strong>ﬁliarum</strong></span> <span class='ocrx_word' id='word_1_35' title='bbox 1729 751 1863 808; x_wconf 88' lang='lat' dir='ltr'><strong>Core</strong></span> <span class='ocrx_word' id='word_1_36' title='bbox 1894 753 2231 817; x_wconf 77' lang='lat' dir='ltr'><strong>inscribitur,</strong></span> 
     </span>
    </p>
   </div>
   <div class='ocr_carea' id='block_1_9' title="bbox 687 841 2236 913">
    <p class='ocr_par' dir='ltr' id='par_1_9' title="bbox 687 841 2236 913">
     <span class='ocr_line' id='line_1_9' title="bbox 687 841 2236 913; baseline 0.005 -22"><span class='ocrx_word' id='word_1_37' title='bbox 687 852 875 908; x_wconf 85' lang='lat' dir='ltr'><strong>nempe</strong></span> <span class='ocrx_word' id='word_1_38' title='bbox 906 854 1123 895; x_wconf 78' lang='lat' dir='ltr'><strong>Lxxxvu</strong></span> <span class='ocrx_word' id='word_1_39' title='bbox 1165 842 1564 911; x_wconf 80' lang='lat' dir='ltr'><strong>complectitur.</strong></span> <span class='ocrx_word' id='word_1_40' title='bbox 1600 841 1716 911; x_wconf 84' lang='lat' dir='ltr'><strong>Duo</strong></span> <span class='ocrx_word' id='word_1_41' title='bbox 1749 850 1925 897; x_wconf 91' lang='lat' dir='ltr'><strong>autem</strong></span> <span class='ocrx_word' id='word_1_42' title='bbox 1952 844 2042 913; x_wconf 90' lang='lat' dir='ltr'><strong>qui</strong></span> <span class='ocrx_word' id='word_1_43' title='bbox 2067 844 2120 897; x_wconf 91' lang='lat' dir='ltr'><strong>in</strong></span> <span class='ocrx_word' id='word_1_44' title='bbox 2152 844 2236 900; x_wconf 86' lang='lat' dir='ltr'><strong>his</strong></span> 
     </span>
    </p>
   </div>
   <div class='ocr_carea' id='block_1_10' title="bbox 686 924 2237 1003">
    <p class='ocr_par' dir='ltr' id='par_1_10' title="bbox 686 924 2237 1003">
     <span class='ocr_line' id='line_1_10' title="bbox 686 924 2237 1003; baseline 0.005 -24"><span class='ocrx_word' id='word_1_45' title='bbox 686 924 915 993; x_wconf 88' lang='lat' dir='ltr'><strong>primum</strong></span> <span class='ocrx_word' id='word_1_46' title='bbox 944 928 1127 982; x_wconf 89' lang='lat' dir='ltr'><strong>locum</strong></span> <span class='ocrx_word' id='word_1_47' title='bbox 1151 939 1442 1000; x_wconf 91' lang='lat' dir='ltr'><strong>occupant,</strong></span> <span class='ocrx_word' id='word_1_48' title='bbox 1484 932 1697 986; x_wconf 73' lang='lat' dir='ltr'><strong>scilicet</strong></span> <span class='ocrx_word' id='word_1_49' title='bbox 1737 933 1823 987; x_wconf 89' lang='lat' dir='ltr'><strong>hic</strong></span> <span class='ocrx_word' id='word_1_50' title='bbox 1850 948 2010 1003; x_wconf 85' lang='lat' dir='ltr'><strong>quem</strong></span> <span class='ocrx_word' id='word_1_51' title='bbox 2040 940 2237 987; x_wconf 85' lang='lat' dir='ltr'><strong>tracta-</strong></span> 
     </span>
    </p>
   </div>
   <div class='ocr_carea' id='block_1_11' title="bbox 684 1019 2248 1091">
    <p class='ocr_par' dir='ltr' id='par_1_11' title="bbox 684 1019 2248 1091">
     <span class='ocr_line' id='line_1_11' title="bbox 684 1019 2248 1091; baseline 0.007 -22"><span class='ocrx_word' id='word_1_52' title='bbox 684 1031 805 1072; x_wconf 87' lang='lat' dir='ltr'><strong>mus</strong></span> <span class='ocrx_word' id='word_1_53' title='bbox 824 1024 878 1072; x_wconf 88' lang='lat' dir='ltr'><strong>et</strong></span> <span class='ocrx_word' id='word_1_54' title='bbox 917 1019 1280 1090; x_wconf 89' lang='lat' dir='ltr'><strong>subsequens,</strong></span> <span class='ocrx_word' id='word_1_55' title='bbox 1314 1022 1433 1091; x_wconf 85' lang='lat' dir='ltr'><strong>ejus</strong></span> <span class='ocrx_word' id='word_1_56' title='bbox 1462 1023 1530 1077; x_wconf 90' lang='lat' dir='ltr'><strong>ad</strong></span> <span class='ocrx_word' id='word_1_57' title='bbox 1560 1023 1806 1078; x_wconf 84' lang='lat' dir='ltr'><strong>homines</strong></span> <span class='ocrx_word' id='word_1_58' title='bbox 1832 1026 2142 1090; x_wconf 81' lang='lat' dir='ltr'><strong>adventum,</strong></span> <span class='ocrx_word' id='word_1_59' title='bbox 2182 1028 2248 1080; x_wconf 82' lang='lat' dir='ltr'><strong>et</strong></span> 
     </span>
    </p>
   </div>
   <div class='ocr_carea' id='block_1_12' title="bbox 684 1105 2229 1188">
    <p class='ocr_par' dir='ltr' id='par_1_12' title="bbox 684 1105 2229 1188">
     <span class='ocr_line' id='line_1_12' title="bbox 684 1105 2229 1188; baseline 0.006 -25"><span class='ocrx_word' id='word_1_60' title='bbox 684 1110 937 1178; x_wconf 71' lang='lat' dir='ltr'><strong>praeclara</strong></span> <span class='ocrx_word' id='word_1_61' title='bbox 976 1126 1096 1173; x_wconf 74' lang='lat' dir='ltr'><strong>qua:</strong></span> <span class='ocrx_word' id='word_1_62' title='bbox 1119 1112 1208 1166; x_wconf 91' lang='lat' dir='ltr'><strong>hic</strong></span> <span class='ocrx_word' id='word_1_63' title='bbox 1236 1112 1482 1169; x_wconf 85' lang='lat' dir='ltr'><strong>editurus</strong></span> <span class='ocrx_word' id='word_1_64' title='bbox 1518 1105 1635 1170; x_wconf 85' lang='lat' dir='ltr'><strong>erat</strong></span> <span class='ocrx_word' id='word_1_65' title='bbox 1670 1127 1819 1188; x_wconf 88' lang='lat' dir='ltr'><strong>gesta</strong></span> <span class='ocrx_word' id='word_1_66' title='bbox 1847 1118 2229 1172; x_wconf 85' lang='lat' dir='ltr'><strong>vaticinantur.</strong></span> 
     </span>
    </p>
   </div>
   <div class='ocr_carea' id='block_1_13' title="bbox 682 1197 2229 1272">
    <p class='ocr_par' dir='ltr' id='par_1_13' title="bbox 682 1197 2229 1272">
     <span class='ocr_line' id='line_1_13' title="bbox 682 1197 2229 1272; baseline 0.004 -20"><span class='ocrx_word' id='word_1_67' title='bbox 682 1197 784 1253; x_wconf 85' lang='lat' dir='ltr'><strong>Hic</strong></span> <span class='ocrx_word' id='word_1_68' title='bbox 828 1210 992 1269; x_wconf 86' lang='lat' dir='ltr'><strong>porro</strong></span> <span class='ocrx_word' id='word_1_69' title='bbox 1038 1200 1378 1267; x_wconf 75' lang='lat' dir='ltr'><strong>inscribitur,</strong></span> <span class='ocrx_word' id='word_1_70' title='bbox 1405 1200 1466 1255; x_wconf 86' lang='lat' dir='ltr'><strong>In</strong></span> <span class='ocrx_word' id='word_1_71' title='bbox 1513 1202 1687 1271; x_wconf 70' lang='lat' dir='ltr'><strong>ﬁnem,</strong></span> <span class='ocrx_word' id='word_1_72' title='bbox 1718 1219 1812 1272; x_wconf 81' lang='lat' dir='ltr'><strong>pro</strong></span> <span class='ocrx_word' id='word_1_73' title='bbox 1862 1202 2229 1258; x_wconf 78' lang='lat' dir='ltr'><strong>torcularibus.</strong></span> 
     </span>
    </p>
   </div>
   <div class='ocr_carea' id='block_1_14' title="bbox 680 1288 2233 1363">
    <p class='ocr_par' dir='ltr' id='par_1_14' title="bbox 680 1288 2233 1363">
     <span class='ocr_line' id='line_1_14' title="bbox 680 1288 2233 1363; baseline 0.003 -18"><span class='ocrx_word' id='word_1_74' title='bbox 680 1288 924 1360; x_wconf 86' lang='lat' dir='ltr'><strong>Cumque</strong></span> <span class='ocrx_word' id='word_1_75' title='bbox 964 1299 1074 1347; x_wconf 92' lang='lat' dir='ltr'><strong>tres</strong></span> <span class='ocrx_word' id='word_1_76' title='bbox 1108 1292 1224 1346; x_wconf 85' lang='lat' dir='ltr'><strong>sint</strong></span> <span class='ocrx_word' id='word_1_77' title='bbox 1251 1292 1343 1363; x_wconf 90' lang='lat' dir='ltr'><strong>qui</strong></span> <span class='ocrx_word' id='word_1_78' title='bbox 1371 1293 1472 1347; x_wconf 91' lang='lat' dir='ltr'><strong>hoc</strong></span> <span class='ocrx_word' id='word_1_79' title='bbox 1499 1294 1658 1349; x_wconf 81' lang='lat' dir='ltr'><strong>titulo</strong></span> <span class='ocrx_word' id='word_1_80' title='bbox 1688 1294 2061 1349; x_wconf 84' lang='lat' dir='ltr'><strong>inscribuntur</strong></span> <span class='ocrx_word' id='word_1_81' title='bbox 2095 1314 2107 1349; x_wconf 93' lang='lat'>:</span> <span class='ocrx_word' id='word_1_82' title='bbox 2146 1294 2233 1349; x_wconf 87' lang='lat' dir='ltr'><strong>hic</strong></span> 
     </span>
    </p>
   </div>
   <div class='ocr_carea' id='block_1_15' title="bbox 678 1383 2232 1452">
    <p class='ocr_par' dir='ltr' id='par_1_15' title="bbox 678 1383 2232 1452">
     <span class='ocr_line' id='line_1_15' title="bbox 678 1383 2232 1452; baseline 0 -16"><span class='ocrx_word' id='word_1_83' title='bbox 678 1396 746 1436; x_wconf 81' lang='lat' dir='ltr'><strong>ex</strong></span> <span class='ocrx_word' id='word_1_84' title='bbox 771 1396 958 1436; x_wconf 87' lang='lat' dir='ltr'><strong>eorum</strong></span> <span class='ocrx_word' id='word_1_85' title='bbox 992 1397 1216 1437; x_wconf 82' lang='lat' dir='ltr'><strong>numero</strong></span> <span class='ocrx_word' id='word_1_86' title='bbox 1242 1394 1337 1452; x_wconf 77' lang='lat' dir='ltr'><strong>pro</strong></span> <span class='ocrx_word' id='word_1_87' title='bbox 1363 1384 1715 1438; x_wconf 74' lang='lat' dir='ltr'><strong>torcularibus</strong></span> <span class='ocrx_word' id='word_1_88' title='bbox 1752 1384 2001 1441; x_wconf 90' lang='lat' dir='ltr'><strong>similiter</strong></span> <span class='ocrx_word' id='word_1_89' title='bbox 2036 1383 2232 1439; x_wconf 86' lang='lat' dir='ltr'><strong>inscri-</strong></span> 
     </span>
    </p>
   </div>
   <div class='ocr_carea' id='block_1_16' title="bbox 679 1472 2233 1542">
    <p class='ocr_par' dir='ltr' id='par_1_16' title="bbox 679 1472 2233 1542">
     <span class='ocr_line' id='line_1_16' title="bbox 679 1472 2233 1542; baseline 0.003 -18"><span class='ocrx_word' id='word_1_90' title='bbox 679 1477 805 1540; x_wconf 90' lang='lat' dir='ltr'><strong>ptus</strong></span> <span class='ocrx_word' id='word_1_91' title='bbox 829 1481 941 1538; x_wconf 86' lang='lat' dir='ltr'><strong>est;</strong></span> <span class='ocrx_word' id='word_1_92' title='bbox 972 1472 1262 1542; x_wconf 87' lang='lat' dir='ltr'><strong>itidemque</strong></span> <span class='ocrx_word' id='word_1_93' title='bbox 1285 1485 1391 1527; x_wconf 82' lang='lat' dir='ltr'><strong>‘vm</strong></span> <span class='ocrx_word' id='word_1_94' title='bbox 1424 1481 1479 1528; x_wconf 90' lang='lat' dir='ltr'><strong>et</strong></span> <span class='ocrx_word' id='word_1_95' title='bbox 1505 1489 1673 1530; x_wconf 80' lang='lat' dir='ltr'><strong>uxx.</strong></span> <span class='ocrx_word' id='word_1_96' title='bbox 1707 1474 1900 1529; x_wconf 75' lang='lat' dir='ltr'><strong>Verum</strong></span> <span class='ocrx_word' id='word_1_97' title='bbox 1940 1489 2006 1529; x_wconf 81' lang='lat' dir='ltr'><strong>ex</strong></span> <span class='ocrx_word' id='word_1_98' title='bbox 2034 1474 2100 1529; x_wconf 89' lang='lat' dir='ltr'><strong>iis</strong></span> <span class='ocrx_word' id='word_1_99' title='bbox 2124 1473 2233 1529; x_wconf 91' lang='lat' dir='ltr'><strong>duo</strong></span> 
     </span>
    </p>
   </div>
   <div class='ocr_carea' id='block_1_17' title="bbox 680 1565 2225 1636">
    <p class='ocr_par' dir='ltr' id='par_1_17' title="bbox 680 1565 2225 1636">
     <span class='ocr_line' id='line_1_17' title="bbox 680 1565 2225 1636; baseline 0.003 -21"><span class='ocrx_word' id='word_1_100' title='bbox 680 1571 1060 1632; x_wconf 89' lang='lat' dir='ltr'><strong>nuncupantur</strong></span> <span class='ocrx_word' id='word_1_101' title='bbox 1116 1565 1333 1634; x_wconf 86' lang='lat' dir='ltr'><strong>psalmi,</strong></span> <span class='ocrx_word' id='word_1_102' title='bbox 1392 1565 1649 1620; x_wconf 84' lang='lat' dir='ltr'><strong>nimirum</strong></span> <span class='ocrx_word' id='word_1_103' title='bbox 1708 1580 1801 1619; x_wconf 85' lang='lat' dir='ltr'><strong>vm</strong></span> <span class='ocrx_word' id='word_1_104' title='bbox 1857 1574 1910 1621; x_wconf 93' lang='lat' dir='ltr'><strong>et</strong></span> <span class='ocrx_word' id='word_1_105' title='bbox 1965 1580 2225 1636; x_wconf 65' lang='lat' dir='ltr'><strong>praesens.</strong></span> 
     </span>
    </p>
   </div>
   <div class='ocr_carea' id='block_1_18' title="bbox 676 1653 2228 1725">
    <p class='ocr_par' dir='ltr' id='par_1_18' title="bbox 676 1653 2228 1725">
     <span class='ocr_line' id='line_1_18' title="bbox 676 1653 2228 1725; baseline 0.003 -19"><span class='ocrx_word' id='word_1_106' title='bbox 676 1653 855 1719; x_wconf 85' lang='lat' dir='ltr'><strong>Quare</strong></span> <span class='ocrx_word' id='word_1_107' title='bbox 885 1655 1167 1725; x_wconf 78' lang='lat' dir='ltr'><strong>praesentia</strong></span> <span class='ocrx_word' id='word_1_108' title='bbox 1205 1656 1346 1711; x_wconf 86' lang='lat' dir='ltr'><strong>bona</strong></span> <span class='ocrx_word' id='word_1_109' title='bbox 1395 1656 1735 1712; x_wconf 88' lang='lat' dir='ltr'><strong>denuntiant.</strong></span> <span class='ocrx_word' id='word_1_110' title='bbox 1769 1672 1913 1711; x_wconf 79' lang='lat' dir='ltr'><strong>un</strong></span> <span class='ocrx_word' id='word_1_111' title='bbox 1958 1672 2082 1712; x_wconf 88' lang='lat' dir='ltr'><strong>vero</strong></span> <span class='ocrx_word' id='word_1_112' title='bbox 2118 1655 2228 1710; x_wconf 89' lang='lat' dir='ltr'><strong>Pro</strong></span> 
     </span>
    </p>
   </div>
   <div class='ocr_carea' id='block_1_19' title="bbox 677 1743 2229 1815">
    <p class='ocr_par' dir='ltr' id='par_1_19' title="bbox 677 1743 2229 1815">
     <span class='ocr_line' id='line_1_19' title="bbox 677 1743 2229 1815; baseline 0.001 -18"><span class='ocrx_word' id='word_1_113' title='bbox 677 1743 1027 1798; x_wconf 83' lang='lat' dir='ltr'><strong>torcularibus</strong></span> <span class='ocrx_word' id='word_1_114' title='bbox 1052 1744 1267 1814; x_wconf 89' lang='lat' dir='ltr'><strong>quidem</strong></span> <span class='ocrx_word' id='word_1_115' title='bbox 1311 1744 1608 1815; x_wconf 88' lang='lat' dir='ltr'><strong>inscriptus</strong></span> <span class='ocrx_word' id='word_1_116' title='bbox 1647 1752 1761 1810; x_wconf 90' lang='lat' dir='ltr'><strong>est,</strong></span> <span class='ocrx_word' id='word_1_117' title='bbox 1796 1745 1891 1801; x_wconf 90' lang='lat' dir='ltr'><strong>sed</strong></span> <span class='ocrx_word' id='word_1_118' title='bbox 1937 1761 2046 1800; x_wconf 87' lang='lat' dir='ltr'><strong>non</strong></span> <span class='ocrx_word' id='word_1_119' title='bbox 2083 1745 2229 1815; x_wconf 82' lang='lat' dir='ltr'><strong>psal-</strong></span> 
     </span>
    </p>
   </div>
   <div class='ocr_carea' id='block_1_20' title="bbox 682 1837 2229 1907">
    <p class='ocr_par' dir='ltr' id='par_1_20' title="bbox 682 1837 2229 1907">
     <span class='ocr_line' id='line_1_20' title="bbox 682 1837 2229 1907; baseline 0.001 -18"><span class='ocrx_word' id='word_1_120' title='bbox 682 1853 819 1901; x_wconf 82' lang='lat' dir='ltr'><strong>mus,</strong></span> <span class='ocrx_word' id='word_1_121' title='bbox 853 1837 979 1907; x_wconf 83' lang='lat' dir='ltr'><strong>quia</strong></span> <span class='ocrx_word' id='word_1_122' title='bbox 1012 1845 1202 1893; x_wconf 88' lang='lat' dir='ltr'><strong>contra</strong></span> <span class='ocrx_word' id='word_1_123' title='bbox 1226 1837 1479 1894; x_wconf 89' lang='lat' dir='ltr'><strong>lsraelem</strong></span> <span class='ocrx_word' id='word_1_124' title='bbox 1512 1839 1691 1892; x_wconf 88' lang='lat' dir='ltr'><strong>tristia</strong></span> <span class='ocrx_word' id='word_1_125' title='bbox 1719 1837 1964 1907; x_wconf 67' lang='lat' dir='ltr'><strong>qnaadam</strong></span> <span class='ocrx_word' id='word_1_126' title='bbox 1992 1838 2229 1906; x_wconf 87' lang='lat' dir='ltr'><strong>comple-</strong></span> 
     </span>
    </p>
   </div>
   <div class='ocr_carea' id='block_1_21' title="bbox 672 1916 2297 1999">
    <p class='ocr_par' dir='ltr' id='par_1_21' title="bbox 672 1916 2297 1999">
     <span class='ocr_line' id='line_1_21' title="bbox 672 1916 2297 1999; baseline 0.001 -19"><span class='ocrx_word' id='word_1_127' title='bbox 672 1927 854 1981; x_wconf 89' lang='lat' dir='ltr'><strong>ctitur.</strong></span> <span class='ocrx_word' id='word_1_128' title='bbox 886 1926 950 1982; x_wconf 89' lang='lat' dir='ltr'><strong>Hi</strong></span> <span class='ocrx_word' id='word_1_129' title='bbox 978 1943 1141 1999; x_wconf 89' lang='lat' dir='ltr'><strong>porro</strong></span> <span class='ocrx_word' id='word_1_130' title='bbox 1179 1937 1290 1984; x_wconf 90' lang='lat' dir='ltr'><strong>tres</strong></span> <span class='ocrx_word' id='word_1_131' title='bbox 1319 1927 1427 1982; x_wconf 88' lang='lat' dir='ltr'><strong>Pro</strong></span> <span class='ocrx_word' id='word_1_132' title='bbox 1453 1926 1808 1981; x_wconf 82' lang='lat' dir='ltr'><strong>torcularibus</strong></span> <span class='ocrx_word' id='word_1_133' title='bbox 1841 1926 2113 1997; x_wconf 85' lang='lat' dir='ltr'><strong>inscripti,</strong></span> <span class='ocrx_word' id='word_1_134' title='bbox 2156 1925 2224 1981; x_wconf 87' lang='lat' dir='ltr'><strong>ad</strong></span> <span class='ocrx_word' id='word_1_135' title='bbox 2254 1916 2297 1971; x_wconf 87' lang='grc' dir='ltr'><strong>Β</strong></span> 
     </span>
    </p>
   </div>
   <div class='ocr_carea' id='block_1_22' title="bbox 670 2012 2255 2092">
    <p class='ocr_par' dir='ltr' id='par_1_22' title="bbox 670 2012 2255 2092">
     <span class='ocr_line' id='line_1_22' title="bbox 670 2012 2255 2092; baseline 0.002 -20"><span class='ocrx_word' id='word_1_136' title='bbox 670 2026 781 2076; x_wconf 90' lang='lat' dir='ltr'><strong>tres</strong></span> <span class='ocrx_word' id='word_1_137' title='bbox 812 2035 1074 2090; x_wconf 87' lang='lat' dir='ltr'><strong>personas</strong></span> <span class='ocrx_word' id='word_1_138' title='bbox 1113 2020 1419 2092; x_wconf 85' lang='lat' dir='ltr'><strong>pertinent;</strong></span> <span class='ocrx_word' id='word_1_139' title='bbox 1451 2028 1679 2087; x_wconf 79' lang='lat' dir='ltr'><strong>octavus</strong></span> <span class='ocrx_word' id='word_1_140' title='bbox 1710 2033 1909 2090; x_wconf 83' lang='lat' dir='ltr'><strong>nempe</strong></span> <span class='ocrx_word' id='word_1_141' title='bbox 1952 2019 2019 2073; x_wconf 89' lang='lat' dir='ltr'><strong>ad</strong></span> <span class='ocrx_word' id='word_1_142' title='bbox 2067 2012 2255 2075; x_wconf 45' lang='lat' dir='ltr'><strong>Davi?</strong></span> 
     </span>
    </p>
   </div>
   <div class='ocr_carea' id='block_1_23' title="bbox 670 2112 2226 2184">
    <p class='ocr_par' dir='ltr' id='par_1_23' title="bbox 670 2112 2226 2184">
     <span class='ocr_line' id='line_1_23' title="bbox 670 2112 2226 2184; baseline 0.001 -16"><span class='ocrx_word' id='word_1_143' title='bbox 670 2113 814 2177; x_wconf 86' lang='lat' dir='ltr'><strong>dem,</strong></span> <span class='ocrx_word' id='word_1_144' title='bbox 847 2129 989 2167; x_wconf 69' lang='grc' dir='ltr'><strong>ωαχ</strong></span> <span class='ocrx_word' id='word_1_145' title='bbox 1018 2112 1086 2167; x_wconf 90' lang='lat' dir='ltr'><strong>ad</strong></span> <span class='ocrx_word' id='word_1_146' title='bbox 1124 2112 1423 2184; x_wconf 86' lang='lat' dir='ltr'><strong>Asapb&#39;um,</strong></span> <span class='ocrx_word' id='word_1_147' title='bbox 1457 2113 1545 2166; x_wconf 87' lang='lat' dir='ltr'><strong>hic</strong></span> <span class='ocrx_word' id='word_1_148' title='bbox 1575 2128 1705 2167; x_wconf 87' lang='lat' dir='ltr'><strong>vero</strong></span> <span class='ocrx_word' id='word_1_149' title='bbox 1734 2127 1892 2183; x_wconf 89' lang='lat' dir='ltr'><strong>quem</strong></span> <span class='ocrx_word' id='word_1_150' title='bbox 1922 2118 2226 2169; x_wconf 84' lang='lat' dir='ltr'><strong>tractamus</strong></span> 
     </span>
    </p>
   </div>
   <div class='ocr_carea' id='block_1_24' title="bbox 626 2202 2227 2274">
    <p class='ocr_par' dir='ltr' id='par_1_24' title="bbox 626 2202 2227 2274">
     <span class='ocr_line' id='line_1_24' title="bbox 626 2202 2227 2274; baseline 0.002 -17"><span class='ocrx_word' id='word_1_151' title='bbox 626 2230 630 2233; x_wconf 90' lang='lat'><strong><em>-</em></strong></span> <span class='ocrx_word' id='word_1_152' title='bbox 669 2205 735 2259; x_wconf 90' lang='lat' dir='ltr'><strong>ad</strong></span> <span class='ocrx_word' id='word_1_153' title='bbox 771 2204 1093 2260; x_wconf 56' lang='lat' dir='ltr'><strong>ﬁliosﬁore.</strong></span> <span class='ocrx_word' id='word_1_154' title='bbox 1127 2204 1300 2274; x_wconf 84' lang='lat' dir='ltr'><strong>Atque</strong></span> <span class='ocrx_word' id='word_1_155' title='bbox 1346 2204 1549 2273; x_wconf 90' lang='lat' dir='ltr'><strong>pariter</strong></span> <span class='ocrx_word' id='word_1_156' title='bbox 1592 2202 1751 2258; x_wconf 90' lang='lat' dir='ltr'><strong>iidem</strong></span> <span class='ocrx_word' id='word_1_157' title='bbox 1784 2213 1891 2259; x_wconf 92' lang='lat' dir='ltr'><strong>tres</strong></span> <span class='ocrx_word' id='word_1_158' title='bbox 1917 2204 2227 2259; x_wconf 84' lang='lat' dir='ltr'><strong>inscribun—</strong></span> 
     </span>
    </p>
   </div>
   <div class='ocr_carea' id='block_1_25' title="bbox 668 2294 2224 2366">
    <p class='ocr_par' dir='ltr' id='par_1_25' title="bbox 668 2294 2224 2366">
     <span class='ocr_line' id='line_1_25' title="bbox 668 2294 2224 2366; baseline 0.002 -15"><span class='ocrx_word' id='word_1_159' title='bbox 668 2304 757 2351; x_wconf 85' lang='lat' dir='ltr'><strong>tur</strong></span> <span class='ocrx_word' id='word_1_160' title='bbox 782 2297 835 2350; x_wconf 86' lang='lat' dir='ltr'><strong>in</strong></span> <span class='ocrx_word' id='word_1_161' title='bbox 857 2298 1033 2366; x_wconf 79' lang='lat' dir='ltr'><strong>ﬁnem,</strong></span> <span class='ocrx_word' id='word_1_162' title='bbox 1060 2296 1242 2366; x_wconf 88' lang='lat' dir='ltr'><strong>idque,</strong></span> <span class='ocrx_word' id='word_1_163' title='bbox 1276 2305 1334 2350; x_wconf 91' lang='lat' dir='ltr'><strong>ut</strong></span> <span class='ocrx_word' id='word_1_164' title='bbox 1360 2295 1613 2362; x_wconf 82' lang='lat' dir='ltr'><strong>arbitror,</strong></span> <span class='ocrx_word' id='word_1_165' title='bbox 1648 2294 1718 2350; x_wconf 90' lang='lat' dir='ltr'><strong>ob</strong></span> <span class='ocrx_word' id='word_1_166' title='bbox 1747 2295 2059 2366; x_wconf 86' lang='lat' dir='ltr'><strong>prophetias</strong></span> <span class='ocrx_word' id='word_1_167' title='bbox 2089 2311 2224 2366; x_wconf 85' lang='lat' dir='ltr'><strong>quas</strong></span> 
     </span>
    </p>
   </div>
   <div class='ocr_carea' id='block_1_26' title="bbox 667 2387 2224 2463">
    <p class='ocr_par' dir='ltr' id='par_1_26' title="bbox 667 2387 2224 2463">
     <span class='ocr_line' id='line_1_26' title="bbox 667 2387 2224 2463; baseline 0.001 -20"><span class='ocrx_word' id='word_1_168' title='bbox 667 2388 917 2453; x_wconf 69' lang='lat' dir='ltr'><strong>ederunt,</strong></span> <span class='ocrx_word' id='word_1_169' title='bbox 939 2403 1056 2459; x_wconf 72' lang='lat' dir='ltr'><strong>qua:</strong></span> <span class='ocrx_word' id='word_1_170' title='bbox 1086 2390 1140 2443; x_wconf 92' lang='lat' dir='ltr'><strong>in</strong></span> <span class='ocrx_word' id='word_1_171' title='bbox 1171 2387 1274 2444; x_wconf 82' lang='lat' dir='ltr'><strong>line</strong></span> <span class='ocrx_word' id='word_1_172' title='bbox 1298 2396 1600 2459; x_wconf 90' lang='lat' dir='ltr'><strong>temporum</strong></span> <span class='ocrx_word' id='word_1_173' title='bbox 1629 2397 1683 2444; x_wconf 89' lang='lat' dir='ltr'><strong>et</strong></span> <span class='ocrx_word' id='word_1_174' title='bbox 1715 2388 1769 2463; x_wconf 80' lang='lat' dir='ltr'><strong>in</strong></span> <span class='ocrx_word' id='word_1_175' title='bbox 1799 2390 2224 2445; x_wconf 87' lang='lat' dir='ltr'><strong>consummatio--</strong></span> 
     </span>
    </p>
   </div>
   <div class='ocr_carea' id='block_1_27' title="bbox 665 2480 1452 2542">
    <p class='ocr_par' dir='ltr' id='par_1_27' title="bbox 665 2480 1452 2542">
     <span class='ocr_line' id='line_1_27' title="bbox 665 2480 1452 2542; baseline -0.001 -8"><span class='ocrx_word' id='word_1_176' title='bbox 665 2495 736 2536; x_wconf 87' lang='lat' dir='ltr'><strong>ne</strong></span> <span class='ocrx_word' id='word_1_177' title='bbox 768 2480 955 2536; x_wconf 78' lang='lat' dir='ltr'><strong>saeculi</strong></span> <span class='ocrx_word' id='word_1_178' title='bbox 986 2482 1268 2542; x_wconf 60' lang='lat' dir='ltr'><strong>completa;</strong></span> <span class='ocrx_word' id='word_1_179' title='bbox 1304 2489 1452 2537; x_wconf 85' lang='lat' dir='ltr'><strong>sunt.</strong></span> 
     </span>
    </p>
   </div>
   <div class='ocr_carea' id='block_1_28' title="bbox 734 2657 2219 2730">
    <p class='ocr_par' dir='ltr' id='par_1_28' title="bbox 734 2657 2219 2730">
     <span class='ocr_line' id='line_1_28' title="bbox 734 2657 2219 2730; baseline -0.001 -16"><span class='ocrx_word' id='word_1_180' title='bbox 734 2660 872 2714; x_wconf 91' lang='lat' dir='ltr'><strong>Olim</strong></span> <span class='ocrx_word' id='word_1_181' title='bbox 901 2659 1117 2730; x_wconf 88' lang='lat' dir='ltr'><strong>quidem</strong></span> <span class='ocrx_word' id='word_1_182' title='bbox 1149 2674 1271 2714; x_wconf 89' lang='lat' dir='ltr'><strong>cum</strong></span> <span class='ocrx_word' id='word_1_183' title='bbox 1302 2673 1407 2713; x_wconf 90' lang='lat' dir='ltr'><strong>una</strong></span> <span class='ocrx_word' id='word_1_184' title='bbox 1429 2666 1572 2714; x_wconf 88' lang='lat' dir='ltr'><strong>esset</strong></span> <span class='ocrx_word' id='word_1_185' title='bbox 1602 2657 1759 2713; x_wconf 90' lang='lat' dir='ltr'><strong>vinea</strong></span> <span class='ocrx_word' id='word_1_186' title='bbox 1786 2658 1852 2712; x_wconf 88' lang='lat' dir='ltr'><strong>de</strong></span> <span class='ocrx_word' id='word_1_187' title='bbox 1879 2673 1985 2728; x_wconf 92' lang='lat' dir='ltr'><strong>qua</strong></span> <span class='ocrx_word' id='word_1_188' title='bbox 2015 2673 2219 2719; x_wconf 71' lang='grc' dir='ltr'><strong>ιιιυιυιη</strong></span> 
     </span>
    </p>
   </div>
   <div class='ocr_carea' id='block_1_29' title="bbox 662 2749 2217 2820">
    <p class='ocr_par' dir='ltr' id='par_1_29' title="bbox 662 2749 2217 2820">
     <span class='ocr_line' id='line_1_29' title="bbox 662 2749 2217 2820; baseline -0.003 -12"><span class='ocrx_word' id='word_1_189' title='bbox 662 2761 767 2818; x_wconf 89' lang='lat' dir='ltr'><strong>est,</strong></span> <span class='ocrx_word' id='word_1_190' title='bbox 795 2753 938 2807; x_wconf 87' lang='lat' dir='ltr'><strong>Nam</strong></span> <span class='ocrx_word' id='word_1_191' title='bbox 963 2754 1112 2808; x_wconf 83' lang='lat' dir='ltr'><strong>vinea</strong></span> <span class='ocrx_word' id='word_1_192' title='bbox 1138 2752 1351 2807; x_wconf 84' lang='lat' dir='ltr'><strong>Domini</strong></span> <span class='ocrx_word' id='word_1_193' title='bbox 1379 2751 1631 2820; x_wconf 79' lang='lat' dir='ltr'><strong>Sabaoth,</strong></span> <span class='ocrx_word' id='word_1_194' title='bbox 1651 2752 1834 2806; x_wconf 70' lang='lat' dir='ltr'><strong>domus</strong></span> <span class='ocrx_word' id='word_1_195' title='bbox 1862 2749 2037 2805; x_wconf 78' lang='lat' dir='ltr'><strong>Israel</strong></span> <span class='ocrx_word' id='word_1_196' title='bbox 2058 2760 2134 2804; x_wconf 84' lang='lat' dir='ltr'><strong>est</strong></span> <span class='ocrx_word' id='word_1_197' title='bbox 2153 2752 2217 2817; x_wconf 72' lang='lat'><strong>‘9;</strong></span> 
     </span>
    </p>
   </div>
   <div class='ocr_carea' id='block_1_30' title="bbox 660 2841 2221 2913">
    <p class='ocr_par' dir='ltr' id='par_1_30' title="bbox 660 2841 2221 2913">
     <span class='ocr_line' id='line_1_30' title="bbox 660 2841 2221 2913; baseline -0.003 -13"><span class='ocrx_word' id='word_1_198' title='bbox 660 2862 827 2900; x_wconf 91' lang='lat' dir='ltr'><strong>unum</strong></span> <span class='ocrx_word' id='word_1_199' title='bbox 863 2862 963 2902; x_wconf 90' lang='lat' dir='ltr'><strong>ceu</strong></span> <span class='ocrx_word' id='word_1_200' title='bbox 1016 2846 1253 2901; x_wconf 85' lang='lat' dir='ltr'><strong>torcular</strong></span> <span class='ocrx_word' id='word_1_201' title='bbox 1306 2849 1366 2900; x_wconf 85' lang='lat' dir='ltr'><strong>in</strong></span> <span class='ocrx_word' id='word_1_202' title='bbox 1428 2845 1519 2900; x_wconf 82' lang='lat' dir='ltr'><strong>illa</strong></span> <span class='ocrx_word' id='word_1_203' title='bbox 1574 2851 1710 2912; x_wconf 86' lang='lat' dir='ltr'><strong>erat,</strong></span> <span class='ocrx_word' id='word_1_204' title='bbox 1768 2843 1927 2913; x_wconf 83' lang='lat' dir='ltr'><strong>cujus</strong></span> <span class='ocrx_word' id='word_1_205' title='bbox 1977 2841 2221 2899; x_wconf 88' lang='lat' dir='ltr'><strong>meminit</strong></span> 
     </span>
    </p>
   </div>
   <div class='ocr_carea' id='block_1_31' title="bbox 660 2933 2219 3009">
    <p class='ocr_par' dir='ltr' id='par_1_31' title="bbox 660 2933 2219 3009">
     <span class='ocr_line' id='line_1_31' title="bbox 660 2933 2219 3009; baseline -0.005 -15"><span class='ocrx_word' id='word_1_206' title='bbox 660 2939 830 2995; x_wconf 87' lang='lat' dir='ltr'><strong>Isaias</strong></span> <span class='ocrx_word' id='word_1_207' title='bbox 872 2955 936 2994; x_wconf 80' lang='lat' dir='ltr'><strong>ex</strong></span> <span class='ocrx_word' id='word_1_208' title='bbox 988 2953 1220 3009; x_wconf 89' lang='lat' dir='ltr'><strong>persona</strong></span> <span class='ocrx_word' id='word_1_209' title='bbox 1272 2936 1507 3004; x_wconf 89' lang='lat' dir='ltr'><strong>Domini,</strong></span> <span class='ocrx_word' id='word_1_210' title='bbox 1542 2936 1730 2991; x_wconf 89' lang='lat' dir='ltr'><strong>dicens</strong></span> <span class='ocrx_word' id='word_1_211' title='bbox 1787 2954 1799 2990; x_wconf 92' lang='lat'>:</span> <span class='ocrx_word' id='word_1_212' title='bbox 1840 2934 1909 2987; x_wconf 85' lang='lat' dir='ltr'><strong>Et</strong></span> <span class='ocrx_word' id='word_1_213' title='bbox 1954 2933 2219 3003; x_wconf 74' lang='lat' dir='ltr'><strong>wdiﬁcavi</strong></span> 
     </span>
    </p>
   </div>
   <div class='ocr_carea' id='block_1_32' title="bbox 661 3024 2214 3097">
    <p class='ocr_par' dir='ltr' id='par_1_32' title="bbox 661 3024 2214 3097">
     <span class='ocr_line' id='line_1_32' title="bbox 661 3024 2214 3097; baseline -0.003 -14"><span class='ocrx_word' id='word_1_214' title='bbox 661 3030 869 3096; x_wconf 84' lang='lat' dir='ltr'><strong>turrim,</strong></span> <span class='ocrx_word' id='word_1_215' title='bbox 898 3038 946 3083; x_wconf 87' lang='lat' dir='ltr'><strong>et</strong></span> <span class='ocrx_word' id='word_1_216' title='bbox 970 3028 1303 3097; x_wconf 85' lang='lat' dir='ltr'><strong>protorcular</strong></span> <span class='ocrx_word' id='word_1_217' title='bbox 1324 3026 1439 3096; x_wconf 76' lang='lat' dir='ltr'><strong>{odi</strong></span> <span class='ocrx_word' id='word_1_218' title='bbox 1465 3028 1519 3081; x_wconf 87' lang='lat' dir='ltr'><strong>in</strong></span> <span class='ocrx_word' id='word_1_219' title='bbox 1540 3043 1601 3081; x_wconf 85' lang='lat' dir='ltr'><strong>ea</strong></span> <span class='ocrx_word' id='word_1_220' title='bbox 1623 3027 1692 3082; x_wconf 87' lang='grc'><strong>¹⁰.</strong></span> <span class='ocrx_word' id='word_1_221' title='bbox 1723 3024 1824 3079; x_wconf 83' lang='lat' dir='ltr'><strong>Per</strong></span> <span class='ocrx_word' id='word_1_222' title='bbox 1852 3025 2043 3079; x_wconf 82' lang='lat' dir='ltr'><strong>turrim</strong></span> <span class='ocrx_word' id='word_1_223' title='bbox 2066 3040 2214 3090; x_wconf 85' lang='lat' dir='ltr'><strong>vero,</strong></span> 
     </span>
    </p>
   </div>
   <div class='ocr_carea' id='block_1_33' title="bbox 661 3106 2217 3193">
    <p class='ocr_par' dir='ltr' id='par_1_33' title="bbox 661 3106 2217 3193">
     <span class='ocr_line' id='line_1_33' title="bbox 661 3106 2217 3193; baseline -0.001 -18"><span class='ocrx_word' id='word_1_224' title='bbox 661 3120 1215 3193; x_wconf 80' lang='lat' dir='ltr'><strong>Hierosolymitanum</strong></span> <span class='ocrx_word' id='word_1_225' title='bbox 1245 3120 1475 3175; x_wconf 82' lang='lat' dir='ltr'><strong>fortasse</strong></span> <span class='ocrx_word' id='word_1_226' title='bbox 1500 3106 1757 3189; x_wconf 86' lang='lat' dir='ltr'><strong>templum</strong></span> <span class='ocrx_word' id='word_1_227' title='bbox 1790 3116 2084 3188; x_wconf 82' lang='lat' dir='ltr'><strong>signiﬁcat,</strong></span> <span class='ocrx_word' id='word_1_228' title='bbox 2120 3132 2217 3184; x_wconf 83' lang='lat' dir='ltr'><strong>per</strong></span> 
     </span>
    </p>
   </div>
   <div class='ocr_carea' id='block_1_34' title="bbox 659 3207 2284 3317">
    <p class='ocr_par' dir='ltr' id='par_1_34' title="bbox 659 3207 2284 3317">
     <span class='ocr_line' id='line_1_34' title="bbox 659 3207 2284 3317; baseline -0.004 -49"><span class='ocrx_word' id='word_1_229' title='bbox 659 3213 1001 3286; x_wconf 83' lang='lat' dir='ltr'><strong>protorc’ular</strong></span> <span class='ocrx_word' id='word_1_230' title='bbox 1041 3219 1245 3277; x_wconf 88' lang='lat' dir='ltr'><strong>autem,</strong></span> <span class='ocrx_word' id='word_1_231' title='bbox 1275 3211 1445 3267; x_wconf 85' lang='lat' dir='ltr'><strong>altare</strong></span> <span class='ocrx_word' id='word_1_232' title='bbox 1491 3210 1548 3265; x_wconf 91' lang='lat' dir='ltr'><strong>i‘n</strong></span> <span class='ocrx_word' id='word_1_233' title='bbox 1598 3209 1798 3280; x_wconf 88' lang='lat' dir='ltr'><strong>templo</strong></span> <span class='ocrx_word' id='word_1_234' title='bbox 1826 3208 1989 3264; x_wconf 88' lang='lat' dir='ltr'><strong>situm</strong></span> <span class='ocrx_word' id='word_1_235' title='bbox 2023 3227 2035 3262; x_wconf 95' lang='lat'>:</span> <span class='ocrx_word' id='word_1_236' title='bbox 2069 3207 2214 3278; x_wconf 93' lang='lat' dir='ltr'><strong>quod</strong></span> <span class='ocrx_word' id='word_1_237' title='bbox 2243 3258 2284 3317; x_wconf 62' lang='grc' dir='ltr'>Ο</span> 
     </span>
    </p>
   </div>
   <div class='ocr_carea' id='block_1_35' title="bbox 661 3300 2213 3372">
    <p class='ocr_par' dir='ltr' id='par_1_35' title="bbox 661 3300 2213 3372">
     <span class='ocr_line' id='line_1_35' title="bbox 661 3300 2213 3372; baseline -0.006 -10"><span class='ocrx_word' id='word_1_238' title='bbox 661 3321 793 3363; x_wconf 87' lang='lat' dir='ltr'><strong>sane</strong></span> <span class='ocrx_word' id='word_1_239' title='bbox 821 3304 1014 3361; x_wconf 91' lang='lat' dir='ltr'><strong>merito</strong></span> <span class='ocrx_word' id='word_1_240' title='bbox 1044 3318 1154 3360; x_wconf 88' lang='lat' dir='ltr'><strong>non</strong></span> <span class='ocrx_word' id='word_1_241' title='bbox 1188 3302 1452 3366; x_wconf 87' lang='lat' dir='ltr'><strong>torcular,</strong></span> <span class='ocrx_word' id='word_1_242' title='bbox 1482 3301 1576 3358; x_wconf 90' lang='lat' dir='ltr'><strong>sed</strong></span> <span class='ocrx_word' id='word_1_243' title='bbox 1605 3300 1947 3372; x_wconf 83' lang='lat' dir='ltr'><strong>protorcular</strong></span> <span class='ocrx_word' id='word_1_244' title='bbox 1979 3300 2213 3363; x_wconf 89' lang='lat' dir='ltr'><strong>vocavit,</strong></span> 
     </span>
    </p>
   </div>
   <div class='ocr_carea' id='block_1_36' title="bbox 658 3388 2213 3468">
    <p class='ocr_par' dir='ltr' id='par_1_36' title="bbox 658 3388 2213 3468">
     <span class='ocr_line' id='line_1_36' title="bbox 658 3388 2213 3468; baseline -0.006 -16"><span class='ocrx_word' id='word_1_245' title='bbox 658 3396 786 3468; x_wconf 88' lang='lat' dir='ltr'><strong>quia</strong></span> <span class='ocrx_word' id='word_1_246' title='bbox 832 3394 1206 3467; x_wconf 83' lang='lat' dir='ltr'><strong>spiritualibus</strong></span> <span class='ocrx_word' id='word_1_247' title='bbox 1237 3393 1541 3464; x_wconf 88' lang='lat' dir='ltr'><strong>corporalia</strong></span> <span class='ocrx_word' id='word_1_248' title='bbox 1588 3391 1869 3462; x_wconf 70' lang='lat' dir='ltr'><strong>praeibam,</strong></span> <span class='ocrx_word' id='word_1_249' title='bbox 1919 3398 1972 3445; x_wconf 86' lang='lat' dir='ltr'><strong>et</strong></span> <span class='ocrx_word' id='word_1_250' title='bbox 2005 3388 2213 3444; x_wconf 87' lang='lat' dir='ltr'><strong>Novum</strong></span> 
     </span>
    </p>
   </div>
   <div class='ocr_carea' id='block_1_37' title="bbox 655 3483 2214 3556">
    <p class='ocr_par' dir='ltr' id='par_1_37' title="bbox 655 3483 2214 3556">
     <span class='ocr_line' id='line_1_37' title="bbox 655 3483 2214 3556; baseline -0.005 -12"><span class='ocrx_word' id='word_1_251' title='bbox 655 3488 1061 3545; x_wconf 85' lang='lat' dir='ltr'><strong>Testamentum</strong></span> <span class='ocrx_word' id='word_1_252' title='bbox 1095 3502 1125 3541; x_wconf 90' lang='lat' dir='ltr'><strong>a</strong></span> <span class='ocrx_word' id='word_1_253' title='bbox 1158 3486 1337 3542; x_wconf 68' lang='lat' dir='ltr'><strong>veteri</strong></span> <span class='ocrx_word' id='word_1_254' title='bbox 1380 3484 1728 3556; x_wconf 71' lang='lat' dir='ltr'><strong>praeceditur,</strong></span> <span class='ocrx_word' id='word_1_255' title='bbox 1776 3483 1919 3553; x_wconf 88' lang='lat' dir='ltr'><strong>quod</strong></span> <span class='ocrx_word' id='word_1_256' title='bbox 1973 3483 2214 3554; x_wconf 87' lang='lat' dir='ltr'><strong>symbola</strong></span> 
     </span>
    </p>
   </div>
   <div class='ocr_carea' id='block_1_38' title="bbox 656 3575 2209 3653">
    <p class='ocr_par' dir='ltr' id='par_1_38' title="bbox 656 3575 2209 3653">
     <span class='ocr_line' id='line_1_38' title="bbox 656 3575 2209 3653; baseline -0.006 -16"><span class='ocrx_word' id='word_1_257' title='bbox 656 3581 1029 3653; x_wconf 76' lang='lat' dir='ltr'><strong>imaginesque</strong></span> <span class='ocrx_word' id='word_1_258' title='bbox 1058 3578 1307 3634; x_wconf 80' lang='lat' dir='ltr'><strong>veritatis</strong></span> <span class='ocrx_word' id='word_1_259' title='bbox 1346 3576 1487 3647; x_wconf 91' lang='lat' dir='ltr'><strong>apud</strong></span> <span class='ocrx_word' id='word_1_260' title='bbox 1535 3575 1751 3631; x_wconf 72' lang='lat' dir='ltr'><strong>Iudaeos</strong></span> <span class='ocrx_word' id='word_1_261' title='bbox 1799 3575 2160 3629; x_wconf 87' lang='lat' dir='ltr'><strong>conservabat</strong></span> <span class='ocrx_word' id='word_1_262' title='bbox 2197 3592 2209 3628; x_wconf 88' lang='lat'><strong>:</strong></span> 
     </span>
    </p>
   </div>
   <div class='ocr_carea' id='block_1_39' title="bbox 655 3663 2215 3741">
    <p class='ocr_par' dir='ltr' id='par_1_39' title="bbox 655 3663 2215 3741">
     <span class='ocr_line' id='line_1_39' title="bbox 655 3663 2215 3741; baseline -0.007 -13"><span class='ocrx_word' id='word_1_263' title='bbox 655 3674 779 3729; x_wconf 84' lang='lat' dir='ltr'><strong>ideo</strong></span> <span class='ocrx_word' id='word_1_264' title='bbox 808 3674 983 3727; x_wconf 83' lang='lat' dir='ltr'><strong>altare</strong></span> <span class='ocrx_word' id='word_1_265' title='bbox 1018 3670 1261 3741; x_wconf 82' lang='lat' dir='ltr'><strong>ipsorum</strong></span> <span class='ocrx_word' id='word_1_266' title='bbox 1310 3684 1416 3722; x_wconf 89' lang='lat' dir='ltr'><strong>non</strong></span> <span class='ocrx_word' id='word_1_267' title='bbox 1460 3666 1720 3727; x_wconf 84' lang='lat' dir='ltr'><strong>torcular,</strong></span> <span class='ocrx_word' id='word_1_268' title='bbox 1748 3663 1840 3720; x_wconf 88' lang='lat' dir='ltr'><strong>sed</strong></span> <span class='ocrx_word' id='word_1_269' title='bbox 1870 3666 2215 3734; x_wconf 85' lang='lat' dir='ltr'><strong>protorcular</strong></span> 
     </span>
    </p>
   </div>
   <div class='ocr_carea' id='block_1_40' title="bbox 652 3759 2216 3822">
    <p class='ocr_par' dir='ltr' id='par_1_40' title="bbox 652 3759 2216 3822">
     <span class='ocr_line' id='line_1_40' title="bbox 652 3759 2216 3822; baseline -0.008 0"><span class='ocrx_word' id='word_1_270' title='bbox 652 3766 971 3822; x_wconf 71' lang='lat' dir='ltr'><strong>vocabatur.</strong></span> <span class='ocrx_word' id='word_1_271' title='bbox 1004 3765 1073 3820; x_wconf 84' lang='lat' dir='ltr'><strong>At</strong></span> <span class='ocrx_word' id='word_1_272' title='bbox 1103 3777 1226 3816; x_wconf 90' lang='lat' dir='ltr'><strong>eum</strong></span> <span class='ocrx_word' id='word_1_273' title='bbox 1255 3776 1363 3815; x_wconf 90' lang='lat' dir='ltr'><strong>una</strong></span> <span class='ocrx_word' id='word_1_274' title='bbox 1394 3766 1536 3815; x_wconf 86' lang='lat' dir='ltr'><strong>esset</strong></span> <span class='ocrx_word' id='word_1_275' title='bbox 1564 3759 1741 3820; x_wconf 91' lang='lat' dir='ltr'><strong>vinea,</strong></span> <span class='ocrx_word' id='word_1_276' title='bbox 1764 3764 1930 3812; x_wconf 86' lang='lat' dir='ltr'><strong>unum</strong></span> <span class='ocrx_word' id='word_1_277' title='bbox 1960 3767 2077 3811; x_wconf 88' lang='lat' dir='ltr'><strong>erat</strong></span> <span class='ocrx_word' id='word_1_278' title='bbox 2105 3762 2216 3811; x_wconf 83' lang='lat' dir='ltr'><strong>ter-</strong></span> 
     </span>
    </p>
   </div>
   <div class='ocr_carea' id='block_1_41' title="bbox 654 3835 2216 3923">
    <p class='ocr_par' dir='ltr' id='par_1_41' title="bbox 654 3835 2216 3923">
     <span class='ocr_line' id='line_1_41' title="bbox 654 3835 2216 3923; baseline -0.006 -11"><span class='ocrx_word' id='word_1_279' title='bbox 654 3857 829 3922; x_wconf 88' lang='lat' dir='ltr'><strong>eular,</strong></span> <span class='ocrx_word' id='word_1_280' title='bbox 863 3855 1025 3909; x_wconf 89' lang='lat' dir='ltr'><strong>unius</strong></span> <span class='ocrx_word' id='word_1_281' title='bbox 1055 3851 1244 3923; x_wconf 87' lang='lat' dir='ltr'><strong>templi</strong></span> <span class='ocrx_word' id='word_1_282' title='bbox 1285 3851 1474 3906; x_wconf 87' lang='lat' dir='ltr'><strong>altare.</strong></span> <span class='ocrx_word' id='word_1_283' title='bbox 1518 3848 1652 3906; x_wconf 89' lang='lat' dir='ltr'><strong>Tres</strong></span> <span class='ocrx_word' id='word_1_284' title='bbox 1687 3835 1864 3920; x_wconf 85' lang='lat' dir='ltr'><strong>porro</strong></span> <span class='ocrx_word' id='word_1_285' title='bbox 1916 3848 2110 3919; x_wconf 88' lang='lat' dir='ltr'><strong>psalmi</strong></span> <span class='ocrx_word' id='word_1_286' title='bbox 2150 3847 2216 3903; x_wconf 88' lang='lat' dir='ltr'><strong>de</strong></span> 
     </span>
    </p>
   </div>
   <div class='ocr_carea' id='block_1_42' title="bbox 653 3940 2215 4021">
    <p class='ocr_par' dir='ltr' id='par_1_42' title="bbox 653 3940 2215 4021">
     <span class='ocr_line' id='line_1_42' title="bbox 653 3940 2215 4021; baseline -0.006 -18"><span class='ocrx_word' id='word_1_287' title='bbox 653 3949 852 4021; x_wconf 88' lang='lat' dir='ltr'><strong>quibus</strong></span> <span class='ocrx_word' id='word_1_288' title='bbox 872 3947 984 4018; x_wconf 88' lang='lat' dir='ltr'><strong>jam</strong></span> <span class='ocrx_word' id='word_1_289' title='bbox 1010 3961 1210 4011; x_wconf 88' lang='lat' dir='ltr'><strong>sermo,</strong></span> <span class='ocrx_word' id='word_1_290' title='bbox 1242 3958 1352 3999; x_wconf 92' lang='lat' dir='ltr'><strong>non</strong></span> <span class='ocrx_word' id='word_1_291' title='bbox 1383 3958 1573 4009; x_wconf 90' lang='lat' dir='ltr'><strong>unum,</strong></span> <span class='ocrx_word' id='word_1_292' title='bbox 1611 3943 1704 4001; x_wconf 89' lang='lat' dir='ltr'><strong>sed</strong></span> <span class='ocrx_word' id='word_1_293' title='bbox 1735 3942 1888 4014; x_wconf 87' lang='lat' dir='ltr'><strong>plura</strong></span> <span class='ocrx_word' id='word_1_294' title='bbox 1921 3940 2215 3996; x_wconf 87' lang='lat' dir='ltr'><strong>toreularia</strong></span> 
     </span>
    </p>
   </div>
   <div class='ocr_carea' id='block_1_43' title="bbox 653 4027 2212 4110">
    <p class='ocr_par' dir='ltr' id='par_1_43' title="bbox 653 4027 2212 4110">
     <span class='ocr_line' id='line_1_43' title="bbox 653 4027 2212 4110; baseline -0.006 -13"><span class='ocrx_word' id='word_1_295' title='bbox 653 4048 981 4107; x_wconf 88' lang='lat' dir='ltr'><strong>memorant,</strong></span> <span class='ocrx_word' id='word_1_296' title='bbox 1013 4038 1168 4110; x_wconf 89' lang='lat' dir='ltr'><strong>queis</strong></span> <span class='ocrx_word' id='word_1_297' title='bbox 1227 4027 1543 4092; x_wconf 87' lang='lat' dir='ltr'><strong>indicantur</strong></span> <span class='ocrx_word' id='word_1_298' title='bbox 1608 4035 1854 4091; x_wconf 81' lang='lat' dir='ltr'><strong>ecclesiae</strong></span> <span class='ocrx_word' id='word_1_299' title='bbox 1906 4031 2212 4088; x_wconf 88' lang='lat' dir='ltr'><strong>Servatoris</strong></span> 
     </span>
    </p>
   </div>
   <div class='ocr_carea' id='block_1_44' title="bbox 653 4113 2210 4201">
    <p class='ocr_par' dir='ltr' id='par_1_44' title="bbox 653 4113 2210 4201">
     <span class='ocr_line' id='line_1_44' title="bbox 653 4113 2210 4201; baseline -0.007 -13"><span class='ocrx_word' id='word_1_300' title='bbox 653 4133 830 4189; x_wconf 87' lang='lat' dir='ltr'><strong>nostri</strong></span> <span class='ocrx_word' id='word_1_301' title='bbox 880 4138 1055 4188; x_wconf 88' lang='lat' dir='ltr'><strong>totum</strong></span> <span class='ocrx_word' id='word_1_302' title='bbox 1108 4113 1206 4201; x_wconf 73' lang='lat' dir='ltr'><strong>per</strong></span> <span class='ocrx_word' id='word_1_303' title='bbox 1256 4128 1443 4185; x_wconf 84' lang='lat' dir='ltr'><strong>orbem</strong></span> <span class='ocrx_word' id='word_1_304' title='bbox 1494 4128 1819 4183; x_wconf 74' lang='lat' dir='ltr'><strong>constitutae.</strong></span> <span class='ocrx_word' id='word_1_305' title='bbox 1852 4125 1910 4180; x_wconf 85' lang='lat' dir='ltr'><strong>in</strong></span> <span class='ocrx_word' id='word_1_306' title='bbox 1957 4124 2210 4196; x_wconf 80' lang='lat' dir='ltr'><strong>praesenti</strong></span> 
     </span>
    </p>
   </div>
   <div class='ocr_carea' id='block_1_45' title="bbox 652 4216 2211 4290">
    <p class='ocr_par' dir='ltr' id='par_1_45' title="bbox 652 4216 2211 4290">
     <span class='ocr_line' id='line_1_45' title="bbox 652 4216 2211 4290; baseline -0.004 -11"><span class='ocrx_word' id='word_1_307' title='bbox 652 4240 804 4290; x_wconf 89' lang='lat' dir='ltr'><strong>vero,</strong></span> <span class='ocrx_word' id='word_1_308' title='bbox 837 4218 1022 4280; x_wconf 77' lang='lat' dir='ltr'><strong>Statim</strong></span> <span class='ocrx_word' id='word_1_309' title='bbox 1077 4222 1279 4277; x_wconf 90' lang='lat' dir='ltr'><strong>dicitur</strong></span> <span class='ocrx_word' id='word_1_310' title='bbox 1336 4222 1391 4275; x_wconf 90' lang='lat' dir='ltr'><strong>in</strong></span> <span class='ocrx_word' id='word_1_311' title='bbox 1445 4219 1628 4283; x_wconf 91' lang='lat' dir='ltr'><strong>titulo,</strong></span> <span class='ocrx_word' id='word_1_312' title='bbox 1672 4218 1781 4273; x_wconf 89' lang='lat' dir='ltr'><strong>Pro</strong></span> <span class='ocrx_word' id='word_1_313' title='bbox 1825 4216 2211 4273; x_wconf 84' lang='lat' dir='ltr'><strong>torcularibus:</strong></span> 
     </span>
    </p>
   </div>
   <div class='ocr_carea' id='block_1_46' title="bbox 650 4308 2211 4379">
    <p class='ocr_par' dir='ltr' id='par_1_46' title="bbox 650 4308 2211 4379">
     <span class='ocr_line' id='line_1_46' title="bbox 650 4308 2211 4379; baseline -0.008 -5"><span class='ocrx_word' id='word_1_314' title='bbox 650 4332 779 4373; x_wconf 79' lang='lat' dir='ltr'><strong>mox</strong></span> <span class='ocrx_word' id='word_1_315' title='bbox 828 4314 1212 4372; x_wconf 87' lang='lat' dir='ltr'><strong>subsumitur:</strong></span> <span class='ocrx_word' id='word_1_316' title='bbox 1260 4312 1434 4379; x_wconf 83' lang='lat' dir='ltr'><strong>Quam</strong></span> <span class='ocrx_word' id='word_1_317' title='bbox 1491 4311 1683 4364; x_wconf 83' lang='lat' dir='ltr'><strong>dilecta</strong></span> <span class='ocrx_word' id='word_1_318' title='bbox 1715 4308 2054 4364; x_wconf 85' lang='lat' dir='ltr'><strong>tabernacula</strong></span> <span class='ocrx_word' id='word_1_319' title='bbox 2100 4317 2211 4372; x_wconf 89' lang='lat' dir='ltr'><strong>tua,</strong></span> 
     </span>
    </p>
   </div>
   <div class='ocr_carea' id='block_1_47' title="bbox 654 4400 2208 4473">
    <p class='ocr_par' dir='ltr' id='par_1_47' title="bbox 654 4400 2208 4473">
     <span class='ocr_line' id='line_1_47' title="bbox 654 4400 2208 4473; baseline -0.007 -10"><span class='ocrx_word' id='word_1_320' title='bbox 654 4407 879 4463; x_wconf 85' lang='lat' dir='ltr'><strong>Domine</strong></span> <span class='ocrx_word' id='word_1_321' title='bbox 904 4404 1193 4460; x_wconf 84' lang='lat' dir='ltr'><strong>virtutum!</strong></span> <span class='ocrx_word' id='word_1_322' title='bbox 1222 4402 1421 4473; x_wconf 88' lang='lat' dir='ltr'><strong>quibus</strong></span> <span class='ocrx_word' id='word_1_323' title='bbox 1456 4415 1592 4472; x_wconf 88' lang='lat' dir='ltr'><strong>pene</strong></span> <span class='ocrx_word' id='word_1_324' title='bbox 1625 4400 1935 4455; x_wconf 91' lang='lat' dir='ltr'><strong>declaratur</strong></span> <span class='ocrx_word' id='word_1_325' title='bbox 1961 4414 2208 4470; x_wconf 67' lang='lat' dir='ltr'><strong>quaenam</strong></span> 
     </span>
    </p>
   </div>
   <div class='ocr_carea' id='block_1_48' title="bbox 651 4491 2213 4571">
    <p class='ocr_par' dir='ltr' id='par_1_48' title="bbox 651 4491 2213 4571">
     <span class='ocr_line' id='line_1_48' title="bbox 651 4491 2213 4571; baseline -0.004 -16"><span class='ocrx_word' id='word_1_326' title='bbox 651 4502 743 4555; x_wconf 89' lang='lat' dir='ltr'><strong>illa</strong></span> <span class='ocrx_word' id='word_1_327' title='bbox 794 4499 1072 4571; x_wconf 69' lang='lat' dir='ltr'><strong>praemissa</strong></span> <span class='ocrx_word' id='word_1_328' title='bbox 1128 4495 1483 4553; x_wconf 85' lang='lat' dir='ltr'><strong>tabernacula</strong></span> <span class='ocrx_word' id='word_1_329' title='bbox 1536 4492 1757 4549; x_wconf 80' lang='lat' dir='ltr'><strong>fuerint.</strong></span> <span class='ocrx_word' id='word_1_330' title='bbox 1789 4491 1976 4547; x_wconf 86' lang='lat' dir='ltr'><strong>Palam</strong></span> <span class='ocrx_word' id='word_1_331' title='bbox 2013 4493 2213 4563; x_wconf 87' lang='lat' dir='ltr'><strong>quippe</strong></span> 
     </span>
    </p>
   </div>
   <div class='ocr_carea' id='block_1_49' title="bbox 2335 667 3879 739">
    <p class='ocr_par' dir='ltr' id='par_1_49' title="bbox 2335 667 3879 739">
     <span class='ocr_line' id='line_1_49' title="bbox 2335 667 3879 739; baseline 0.001 -20"><span class='ocrx_word' id='word_1_332' title='bbox 2335 667 2432 737; x_wconf 84' lang='grc' dir='ltr'><strong>τῆς</strong></span> <span class='ocrx_word' id='word_1_333' title='bbox 2459 668 2717 735; x_wconf 82' lang='grc' dir='ltr'><strong>γενέσεως</strong></span> <span class='ocrx_word' id='word_1_334' title='bbox 2745 668 2907 722; x_wconf 81' lang='grc' dir='ltr'><strong>αὐτοῦ</strong></span> <span class='ocrx_word' id='word_1_335' title='bbox 2933 668 3107 737; x_wconf 80' lang='grc' dir='ltr'><strong>λόγος,</strong></span> <span class='ocrx_word' id='word_1_336' title='bbox 3140 669 3207 738; x_wconf 83' lang='grc' dir='ltr'><strong>ἦν</strong></span> <span class='ocrx_word' id='word_1_337' title='bbox 3239 671 3298 722; x_wconf 81' lang='grc' dir='ltr'><strong>ὲν</strong></span> <span class='ocrx_word' id='word_1_338' title='bbox 3328 668 3406 739; x_wconf 85' lang='grc' dir='ltr'>τῷ</span> <span class='ocrx_word' id='word_1_339' title='bbox 3435 675 3537 734; x_wconf 67' lang='grc' dir='ltr'><strong>πςθ</strong></span> <span class='ocrx_word' id='word_1_340' title='bbox 3560 667 3765 738; x_wconf 59' lang='grc' dir='ltr'><strong>ψαλμῷ</strong></span> <span class='ocrx_word' id='word_1_341' title='bbox 3787 670 3879 721; x_wconf 61' lang='lat' dir='ltr'><strong>tm-</strong></span> 
     </span>
    </p>
   </div>
   <div class='ocr_carea' id='block_1_50' title="bbox 2336 758 3879 831">
    <p class='ocr_par' dir='ltr' id='par_1_50' title="bbox 2336 758 3879 831">
     <span class='ocr_line' id='line_1_50' title="bbox 2336 758 3879 831; baseline 0.003 -21"><span class='ocrx_word' id='word_1_342' title='bbox 2336 760 2728 830; x_wconf 82' lang='grc' dir='ltr'><strong>κεκρυμμένως</strong></span> <span class='ocrx_word' id='word_1_343' title='bbox 2748 758 2993 830; x_wconf 72' lang='grc' dir='ltr'><strong>ᾑνίξατοῑ</strong></span> <span class='ocrx_word' id='word_1_344' title='bbox 3028 760 3435 814; x_wconf 77' lang='grc' dir='ltr'><strong>καὶ·ὲπιπλείων</strong></span> <span class='ocrx_word' id='word_1_345' title='bbox 3472 761 3575 814; x_wconf 78' lang='grc' dir='ltr'>καὶ</span> <span class='ocrx_word' id='word_1_346' title='bbox 3610 759 3879 831; x_wconf 78' lang='grc' dir='ltr'><strong>βαθύτερος</strong></span> 
     </span>
    </p>
   </div>
   <div class='ocr_carea' id='block_1_51' title="bbox 2335 840 3877 920">
    <p class='ocr_par' dir='ltr' id='par_1_51' title="bbox 2335 840 3877 920">
     <span class='ocr_line' id='line_1_51' title="bbox 2335 840 3877 920; baseline 0.002 -21"><span class='ocrx_word' id='word_1_347' title='bbox 2335 848 2363 898; x_wconf 91' lang='grc' dir='ltr'>ὁ</span> <span class='ocrx_word' id='word_1_348' title='bbox 2389 849 2514 918; x_wconf 84' lang='grc' dir='ltr'><strong>περὶ</strong></span> <span class='ocrx_word' id='word_1_349' title='bbox 2555 848 2648 901; x_wconf 81' lang='grc' dir='ltr'><strong>τοῦ</strong></span> <span class='ocrx_word' id='word_1_350' title='bbox 2674 840 2900 902; x_wconf 82' lang='grc' dir='ltr'><strong>θανάτου</strong></span> <span class='ocrx_word' id='word_1_351' title='bbox 2937 848 3122 912; x_wconf 81' lang='grc' dir='ltr'><strong>αὑτοῦ,</strong></span> <span class='ocrx_word' id='word_1_352' title='bbox 3145 849 3202 903; x_wconf 81' lang='grc' dir='ltr'><strong>ὃν</strong></span> <span class='ocrx_word' id='word_1_353' title='bbox 3249 850 3386 920; x_wconf 85' lang='grc' dir='ltr'><strong>ὑπὲρ</strong></span> <span class='ocrx_word' id='word_1_354' title='bbox 3431 849 3747 920; x_wconf 60' lang='grc' dir='ltr'><strong>ἀνθρώπων</strong></span> <span class='ocrx_word' id='word_1_355' title='bbox 3778 852 3877 903; x_wconf 71' lang='lat' dir='ltr'><strong>avs-</strong></span> 
     </span>
    </p>
   </div>
   <div class='ocr_carea' id='block_1_52' title="bbox 2333 936 3879 1013">
    <p class='ocr_par' dir='ltr' id='par_1_52' title="bbox 2333 936 3879 1013">
     <span class='ocr_line' id='line_1_52' title="bbox 2333 936 3879 1013; baseline 0.004 -24"><span class='ocrx_word' id='word_1_356' title='bbox 2333 936 2538 1003; x_wconf 81' lang='grc' dir='ltr'><strong>δέξατο,</strong></span> <span class='ocrx_word' id='word_1_357' title='bbox 2555 939 2702 1001; x_wconf 76' lang='grc' dir='ltr'><strong>ὅς’ἐνι</strong></span> <span class='ocrx_word' id='word_1_358' title='bbox 2725 940 2830 993; x_wconf 90' lang='grc' dir='ltr'><strong>τῶν</strong></span> <span class='ocrx_word' id='word_1_359' title='bbox 2850 941 3061 994; x_wconf 81' lang='grc' dir='ltr'><strong>πάντων</strong></span> <span class='ocrx_word' id='word_1_360' title='bbox 3072 940 3563 1013; x_wconf 74' lang='grc' dir='ltr'><strong>ἐπιγεγραμμένων</strong></span> <span class='ocrx_word' id='word_1_361' title='bbox 3582 940 3738 996; x_wconf 75' lang='grc' dir='ltr'><strong>υἱῶν</strong></span> <span class='ocrx_word' id='word_1_362' title='bbox 3756 943 3879 1009; x_wconf 63' lang='grc' dir='ltr'><strong>Κορὲ</strong></span> 
     </span>
    </p>
   </div>
   <div class='ocr_carea' id='block_1_53' title="bbox 2334 1030 3875 1104">
    <p class='ocr_par' dir='ltr' id='par_1_53' title="bbox 2334 1030 3875 1104">
     <span class='ocr_line' id='line_1_53' title="bbox 2334 1030 3875 1104; baseline 0.003 -23"><span class='ocrx_word' id='word_1_363' title='bbox 2334 1030 2662 1093; x_wconf 77' lang='grc' dir='ltr'><strong>τελευταῖος⁸</strong></span> <span class='ocrx_word' id='word_1_364' title='bbox 2687 1030 2829 1099; x_wconf 80' lang='grc' dir='ltr'><strong>λέγω</strong></span> <span class='ocrx_word' id='word_1_365' title='bbox 2852 1032 2910 1085; x_wconf 81' lang='grc' dir='ltr'><strong>δὲ</strong></span> <span class='ocrx_word' id='word_1_366' title='bbox 2942 1031 3020 1102; x_wconf 84' lang='grc' dir='ltr'><strong>τῷ</strong></span> <span class='ocrx_word' id='word_1_367' title='bbox 3045 1032 3133 1097; x_wconf 80' lang='grc' dir='ltr'><strong>πζ¹</strong></span> <span class='ocrx_word' id='word_1_368' title='bbox 3167 1033 3570 1104; x_wconf 86' lang='grc' dir='ltr'><strong>περιείληπται.</strong></span> <span class='ocrx_word' id='word_1_369' title='bbox 3616 1034 3682 1087; x_wconf 79' lang='grc' dir='ltr'><strong>Οἱ</strong></span> <span class='ocrx_word' id='word_1_370' title='bbox 3705 1033 3763 1086; x_wconf 83' lang='grc' dir='ltr'><strong>δὲ</strong></span> <span class='ocrx_word' id='word_1_371' title='bbox 3778 1034 3875 1086; x_wconf 69' lang='grc' dir='ltr'><strong>τού-</strong></span> 
     </span>
    </p>
   </div>
   <div class='ocr_carea' id='block_1_54' title="bbox 2332 1122 3879 1195">
    <p class='ocr_par' dir='ltr' id='par_1_54' title="bbox 2332 1122 3879 1195">
     <span class='ocr_line' id='line_1_54' title="bbox 2332 1122 3879 1195; baseline 0.003 -21"><span class='ocrx_word' id='word_1_372' title='bbox 2332 1139 2438 1175; x_wconf 86' lang='grc' dir='ltr'><strong>των</strong></span> <span class='ocrx_word' id='word_1_373' title='bbox 2460 1122 2746 1193; x_wconf 77' lang='grc' dir='ltr'><strong>ἠγούμενοι</strong></span> <span class='ocrx_word' id='word_1_374' title='bbox 2795 1123 2887 1177; x_wconf 89' lang='grc' dir='ltr'><strong>δύο</strong></span> <span class='ocrx_word' id='word_1_375' title='bbox 2917 1123 3156 1195; x_wconf 65' lang='grc' dir='ltr'><strong>ψαλμοὶ,</strong></span> <span class='ocrx_word' id='word_1_376' title='bbox 3194 1126 3223 1178; x_wconf 85' lang='grc' dir='ltr'><strong>ὃ</strong></span> <span class='ocrx_word' id='word_1_377' title='bbox 3260 1142 3320 1177; x_wconf 88' lang='grc' dir='ltr'><strong>τε</strong></span> <span class='ocrx_word' id='word_1_378' title='bbox 3356 1126 3496 1195; x_wconf 76' lang='grc' dir='ltr'><strong>μετὰ</strong></span> <span class='ocrx_word' id='word_1_379' title='bbox 3530 1128 3728 1195; x_wconf 82' lang='grc' dir='ltr'><strong>χεῖρας</strong></span> <span class='ocrx_word' id='word_1_380' title='bbox 3763 1128 3879 1178; x_wconf 77' lang='grc' dir='ltr'><strong>καὶὸ</strong></span> 
     </span>
    </p>
   </div>
   <div class='ocr_carea' id='block_1_55' title="bbox 2334 1212 3876 1289">
    <p class='ocr_par' dir='ltr' id='par_1_55' title="bbox 2334 1212 3876 1289">
     <span class='ocr_line' id='line_1_55' title="bbox 2334 1212 3876 1289; baseline 0.005 -24"><span class='ocrx_word' id='word_1_381' title='bbox 2334 1212 2458 1283; x_wconf 77' lang='grc' dir='ltr'><strong>ἑξῆς</strong></span> <span class='ocrx_word' id='word_1_382' title='bbox 2486 1214 2651 1284; x_wconf 85' lang='grc' dir='ltr'><strong>αύτῷ,</strong></span> <span class='ocrx_word' id='word_1_383' title='bbox 2678 1214 2774 1285; x_wconf 77' lang='grc' dir='ltr'><strong>τὴν</strong></span> <span class='ocrx_word' id='word_1_384' title='bbox 2804 1218 2881 1279; x_wconf 85' lang='grc' dir='ltr'><strong>εἰς</strong></span> <span class='ocrx_word' id='word_1_385' title='bbox 2913 1217 3230 1289; x_wconf 80' lang='grc' dir='ltr'>ἀνθρώπους</span> <span class='ocrx_word' id='word_1_386' title='bbox 3273 1217 3436 1273; x_wconf 76' lang='grc' dir='ltr'><strong>αὑτοῦ</strong></span> <span class='ocrx_word' id='word_1_387' title='bbox 3470 1219 3781 1289; x_wconf 78' lang='grc' dir='ltr'><strong>παρουσίαν</strong></span> <span class='ocrx_word' id='word_1_388' title='bbox 3802 1222 3876 1273; x_wconf 70' lang='lat' dir='ltr'><strong>ni</strong></span> 
     </span>
    </p>
   </div>
   <div class='ocr_carea' id='block_1_56' title="bbox 2330 1305 3876 1379">
    <p class='ocr_par' dir='ltr' id='par_1_56' title="bbox 2330 1305 3876 1379">
     <span class='ocr_line' id='line_1_56' title="bbox 2330 1305 3876 1379; baseline 0.003 -21"><span class='ocrx_word' id='word_1_389' title='bbox 2330 1305 2396 1358; x_wconf 72' lang='grc' dir='ltr'><strong>τὰ</strong></span> <span class='ocrx_word' id='word_1_390' title='bbox 2422 1307 2513 1359; x_wconf 72' lang='grc' dir='ltr'><strong>ἐπὶ</strong></span> <span class='ocrx_word' id='word_1_391' title='bbox 2548 1306 2714 1378; x_wconf 80' lang='grc' dir='ltr'><strong>ταύτῃ</strong></span> <span class='ocrx_word' id='word_1_392' title='bbox 2769 1308 3159 1379; x_wconf 67' lang='grc' dir='ltr'>κατορθώματα</span> <span class='ocrx_word' id='word_1_393' title='bbox 3194 1309 3560 1375; x_wconf 77' lang='grc' dir='ltr'><strong>θεσπίζουσιν.</strong></span> <span class='ocrx_word' id='word_1_394' title='bbox 3586 1310 3664 1364; x_wconf 90' lang='grc' dir='ltr'>Ὅ</span> <span class='ocrx_word' id='word_1_395' title='bbox 3691 1326 3754 1377; x_wconf 81' lang='grc' dir='ltr'><strong>γε</strong></span> <span class='ocrx_word' id='word_1_396' title='bbox 3792 1312 3876 1379; x_wconf 64' lang='grc' dir='ltr'><strong>μὴν</strong></span> 
     </span>
    </p>
   </div>
   <div class='ocr_carea' id='block_1_57' title="bbox 2330 1397 3876 1471">
    <p class='ocr_par' dir='ltr' id='par_1_57' title="bbox 2330 1397 3876 1471">
     <span class='ocr_line' id='line_1_57' title="bbox 2330 1397 3876 1471; baseline 0.002 -22"><span class='ocrx_word' id='word_1_397' title='bbox 2330 1397 2684 1468; x_wconf 81' lang='grc' dir='ltr'><strong>προκείμενος</strong></span> <span class='ocrx_word' id='word_1_398' title='bbox 2721 1401 3137 1471; x_wconf 76' lang='grc' dir='ltr'><strong>ἐπιγέγραπται,</strong></span> <span class='ocrx_word' id='word_1_399' title='bbox 3171 1403 3256 1467; x_wconf 82' lang='grc' dir='ltr'><strong>είς</strong></span> <span class='ocrx_word' id='word_1_400' title='bbox 3276 1401 3339 1454; x_wconf 80' lang='grc' dir='ltr'><strong>τὸ</strong></span> <span class='ocrx_word' id='word_1_401' title='bbox 3374 1402 3574 1466; x_wconf 72' lang='grc' dir='ltr'><strong>τέλος,</strong></span> <span class='ocrx_word' id='word_1_402' title='bbox 3605 1400 3763 1467; x_wconf 72' lang='grc' dir='ltr'><strong>ὑπὲρ</strong></span> <span class='ocrx_word' id='word_1_403' title='bbox 3779 1400 3876 1453; x_wconf 73' lang='grc' dir='ltr'><strong>τῶν</strong></span> 
     </span>
    </p>
   </div>
   <div class='ocr_carea' id='block_1_58' title="bbox 2328 1483 3875 1566">
    <p class='ocr_par' dir='ltr' id='par_1_58' title="bbox 2328 1483 3875 1566">
     <span class='ocr_line' id='line_1_58' title="bbox 2328 1483 3875 1566; baseline 0.001 -26"><span class='ocrx_word' id='word_1_404' title='bbox 2328 1486 2549 1554; x_wconf 76' lang='grc' dir='ltr'><strong>ληνῶν.</strong></span> <span class='ocrx_word' id='word_1_405' title='bbox 2593 1488 2769 1566; x_wconf 76' lang='grc' dir='ltr'><strong>Τριῶν</strong></span> <span class='ocrx_word' id='word_1_406' title='bbox 2806 1483 2861 1541; x_wconf 71' lang='grc' dir='ltr'>δὲ</span> <span class='ocrx_word' id='word_1_407' title='bbox 2907 1487 3074 1542; x_wconf 70' lang='grc' dir='ltr'><strong>όντων</strong></span> <span class='ocrx_word' id='word_1_408' title='bbox 3102 1489 3209 1543; x_wconf 89' lang='grc' dir='ltr'><strong>τῶν</strong></span> <span class='ocrx_word' id='word_1_409' title='bbox 3244 1492 3340 1562; x_wconf 77' lang='grc' dir='ltr'><strong>τὴν</strong></span> <span class='ocrx_word' id='word_1_410' title='bbox 3375 1490 3642 1562; x_wconf 82' lang='grc' dir='ltr'><strong>τοιαύτην</strong></span> <span class='ocrx_word' id='word_1_411' title='bbox 3676 1493 3875 1559; x_wconf 74' lang='grc' dir='ltr'><strong>ἐπιγρα-</strong></span> 
     </span>
    </p>
   </div>
   <div class='ocr_carea' id='block_1_59' title="bbox 2329 1576 3873 1657">
    <p class='ocr_par' dir='ltr' id='par_1_59' title="bbox 2329 1576 3873 1657">
     <span class='ocr_line' id='line_1_59' title="bbox 2329 1576 3873 1657; baseline -0.01 -8"><span class='ocrx_word' id='word_1_412' title='bbox 2329 1578 2433 1648; x_wconf 70' lang='grc' dir='ltr'><strong>φὴν</strong></span> <span class='ocrx_word' id='word_1_413' title='bbox 2459 1579 2706 1649; x_wconf 78' lang='grc' dir='ltr'><strong>ἐχόντων,</strong></span> <span class='ocrx_word' id='word_1_414' title='bbox 2732 1576 2811 1645; x_wconf 78' lang='grc' dir='ltr'><strong>εἷς</strong></span> <span class='ocrx_word' id='word_1_415' title='bbox 2841 1584 2941 1653; x_wconf 87' lang='grc' dir='ltr'><strong>μὲν</strong></span> <span class='ocrx_word' id='word_1_416' title='bbox 2977 1580 3129 1649; x_wconf 74' lang='grc' dir='ltr'><strong>οὗτος</strong></span> <span class='ocrx_word' id='word_1_417' title='bbox 3156 1586 3432 1657; x_wconf 83' lang='grc' dir='ltr'><strong>τυγχάνει·</strong></span> <span class='ocrx_word' id='word_1_418' title='bbox 3460 1584 3676 1653; x_wconf 83' lang='grc' dir='ltr'><strong>ὁμοίως</strong></span> <span class='ocrx_word' id='word_1_419' title='bbox 3696 1582 3753 1635; x_wconf 79' lang='grc' dir='ltr'><strong>δὲ</strong></span> <span class='ocrx_word' id='word_1_420' title='bbox 3777 1584 3873 1634; x_wconf 65' lang='lat' dir='ltr'><strong>tm-</strong></span> 
     </span>
    </p>
   </div>
   <div class='ocr_carea' id='block_1_60' title="bbox 2327 1668 3873 1745">
    <p class='ocr_par' dir='ltr' id='par_1_60' title="bbox 2327 1668 3873 1745">
     <span class='ocr_line' id='line_1_60' title="bbox 2327 1668 3873 1745; baseline 0 -21"><span class='ocrx_word' id='word_1_421' title='bbox 2327 1668 2631 1739; x_wconf 82' lang='grc' dir='ltr'><strong>γέγραπται</strong></span> <span class='ocrx_word' id='word_1_422' title='bbox 2665 1673 2757 1725; x_wconf 84' lang='grc' dir='ltr'><strong>καὶ</strong></span> <span class='ocrx_word' id='word_1_423' title='bbox 2802 1676 2837 1745; x_wconf 79' lang='grc' dir='ltr'><strong>ό</strong></span> <span class='ocrx_word' id='word_1_424' title='bbox 2870 1680 2940 1744; x_wconf 89' lang='grc' dir='ltr'><strong>η’,</strong></span> <span class='ocrx_word' id='word_1_425' title='bbox 2990 1676 3082 1729; x_wconf 77' lang='grc' dir='ltr'><strong>καὶ</strong></span> <span class='ocrx_word' id='word_1_426' title='bbox 3132 1676 3290 1729; x_wconf 83' lang='grc' dir='ltr'><strong>πάλιν</strong></span> <span class='ocrx_word' id='word_1_427' title='bbox 3321 1678 3349 1729; x_wconf 84' lang='grc' dir='ltr'>ὁ</span> <span class='ocrx_word' id='word_1_428' title='bbox 3377 1680 3448 1728; x_wconf 82' lang='grc' dir='ltr'><strong>π’.</strong></span> <span class='ocrx_word' id='word_1_429' title='bbox 3492 1672 3666 1726; x_wconf 54' lang='lat' dir='ltr'><strong>una:</strong></span> <span class='ocrx_word' id='word_1_430' title='bbox 3692 1671 3873 1725; x_wconf 71' lang='grc' dir='ltr'><strong>τούτων</strong></span> 
     </span>
    </p>
   </div>
   <div class='ocr_carea' id='block_1_61' title="bbox 2330 1762 3868 1839">
    <p class='ocr_par' dir='ltr' id='par_1_61' title="bbox 2330 1762 3868 1839">
     <span class='ocr_line' id='line_1_61' title="bbox 2330 1762 3868 1839; baseline 0.003 -26"><span class='ocrx_word' id='word_1_431' title='bbox 2330 1763 2425 1832; x_wconf 86' lang='grc' dir='ltr'><strong>μὲν</strong></span> <span class='ocrx_word' id='word_1_432' title='bbox 2469 1762 2559 1815; x_wconf 90' lang='grc' dir='ltr'><strong>δύο</strong></span> <span class='ocrx_word' id='word_1_433' title='bbox 2598 1762 2994 1838; x_wconf 74' lang='grc' dir='ltr'><strong>ὠνομάσθησαν</strong></span> <span class='ocrx_word' id='word_1_434' title='bbox 3012 1768 3229 1839; x_wconf 76' lang='grc' dir='ltr'><strong>ψαλμοὶ,</strong></span> <span class='ocrx_word' id='word_1_435' title='bbox 3254 1770 3282 1822; x_wconf 84' lang='grc' dir='ltr'>ὅ</span> <span class='ocrx_word' id='word_1_436' title='bbox 3312 1785 3371 1821; x_wconf 89' lang='grc' dir='ltr'><strong>τε</strong></span> <span class='ocrx_word' id='word_1_437' title='bbox 3409 1773 3458 1839; x_wconf 85' lang='grc' dir='ltr'><strong>η’</strong></span> <span class='ocrx_word' id='word_1_438' title='bbox 3487 1768 3588 1821; x_wconf 69' lang='grc' dir='ltr'>καὶ</span> <span class='ocrx_word' id='word_1_439' title='bbox 3614 1768 3652 1820; x_wconf 80' lang='grc' dir='ltr'><strong>ὀ</strong></span> <span class='ocrx_word' id='word_1_440' title='bbox 3682 1764 3868 1837; x_wconf 69' lang='grc' dir='ltr'><strong>παρών.</strong></span> 
     </span>
    </p>
   </div>
   <div class='ocr_carea' id='block_1_62' title="bbox 2326 1847 3871 1929">
    <p class='ocr_par' dir='ltr' id='par_1_62' title="bbox 2326 1847 3871 1929">
     <span class='ocr_line' id='line_1_62' title="bbox 2326 1847 3871 1929; baseline 0.002 -25"><span class='ocrx_word' id='word_1_441' title='bbox 2326 1852 2415 1905; x_wconf 73' lang='grc' dir='ltr'><strong>Διὸ</strong></span> <span class='ocrx_word' id='word_1_442' title='bbox 2438 1847 2704 1924; x_wconf 55' lang='grc' dir='ltr'><strong>χρηστῶν</strong></span> <span class='ocrx_word' id='word_1_443' title='bbox 2726 1856 3004 1927; x_wconf 82' lang='grc' dir='ltr'><strong>παρόντων</strong></span> <span class='ocrx_word' id='word_1_444' title='bbox 3050 1859 3385 1928; x_wconf 76' lang='grc' dir='ltr'><strong>ἀπαγγελίας</strong></span> <span class='ocrx_word' id='word_1_445' title='bbox 3415 1857 3787 1929; x_wconf 75' lang='grc' dir='ltr'><strong>περιέχουσιν.</strong></span> <span class='ocrx_word' id='word_1_446' title='bbox 3827 1857 3871 1907; x_wconf 86' lang='grc' dir='ltr'><strong>Ὀ</strong></span> 
     </span>
    </p>
   </div>
   <div class='ocr_carea' id='block_1_63' title="bbox 2324 1942 3869 2021">
    <p class='ocr_par' dir='ltr' id='par_1_63' title="bbox 2324 1942 3869 2021">
     <span class='ocr_line' id='line_1_63' title="bbox 2324 1942 3869 2021; baseline 0.005 -22"><span class='ocrx_word' id='word_1_447' title='bbox 2324 1946 2379 1999; x_wconf 85' lang='grc' dir='ltr'>δὲ</span> <span class='ocrx_word' id='word_1_448' title='bbox 2408 1954 2459 1999; x_wconf 90' lang='grc' dir='ltr'><strong>π’</strong></span> <span class='ocrx_word' id='word_1_449' title='bbox 2486 1942 2552 2017; x_wconf 84' lang='grc' dir='ltr'><strong>ἦν</strong></span> <span class='ocrx_word' id='word_1_450' title='bbox 2572 1949 2667 2018; x_wconf 87' lang='grc' dir='ltr'><strong>μὲν</strong></span> <span class='ocrx_word' id='word_1_451' title='bbox 2681 1948 2847 2017; x_wconf 78' lang='grc' dir='ltr'><strong>’Υπὲρ</strong></span> <span class='ocrx_word' id='word_1_452' title='bbox 2870 1948 2987 2003; x_wconf 70' lang='grc' dir='ltr'><strong>τῶν</strong></span> <span class='ocrx_word' id='word_1_453' title='bbox 3015 1949 3240 2017; x_wconf 71' lang='grc' dir='ltr'><strong>ληνῶν,</strong></span> <span class='ocrx_word' id='word_1_454' title='bbox 3266 1951 3326 2003; x_wconf 82' lang='grc' dir='ltr'>οὐ</span> <span class='ocrx_word' id='word_1_455' title='bbox 3358 1949 3462 2021; x_wconf 82' lang='grc' dir='ltr'><strong>μὴν</strong></span> <span class='ocrx_word' id='word_1_456' title='bbox 3498 1949 3593 2003; x_wconf 77' lang='grc' dir='ltr'><strong>καὶ</strong></span> <span class='ocrx_word' id='word_1_457' title='bbox 3622 1947 3869 2017; x_wconf 62' lang='lat' dir='ltr'><strong>We,</strong></span> 
     </span>
    </p>
   </div>
   <div class='ocr_carea' id='block_1_64' title="bbox 2326 2037 3869 2113">
    <p class='ocr_par' dir='ltr' id='par_1_64' title="bbox 2326 2037 3869 2113">
     <span class='ocr_line' id='line_1_64' title="bbox 2326 2037 3869 2113; baseline 0 -24"><span class='ocrx_word' id='word_1_458' title='bbox 2326 2038 2413 2091; x_wconf 77' lang='grc' dir='ltr'><strong>διὰ</strong></span> <span class='ocrx_word' id='word_1_459' title='bbox 2445 2037 2503 2091; x_wconf 85' lang='grc' dir='ltr'><strong>τὸ</strong></span> <span class='ocrx_word' id='word_1_460' title='bbox 2535 2039 2832 2108; x_wconf 83' lang='grc' dir='ltr'><strong>σκυθρωπά</strong></span> <span class='ocrx_word' id='word_1_461' title='bbox 2869 2058 2990 2096; x_wconf 90' lang='grc' dir='ltr'><strong>τινα</strong></span> <span class='ocrx_word' id='word_1_462' title='bbox 3026 2043 3294 2113; x_wconf 82' lang='grc' dir='ltr'><strong>περιέχειν</strong></span> <span class='ocrx_word' id='word_1_463' title='bbox 3334 2040 3472 2094; x_wconf 84' lang='grc' dir='ltr'><strong>κατὰ</strong></span> <span class='ocrx_word' id='word_1_464' title='bbox 3503 2038 3601 2093; x_wconf 80' lang='grc' dir='ltr'><strong>τοῦ</strong></span> <span class='ocrx_word' id='word_1_465' title='bbox 3656 2039 3869 2110; x_wconf 67' lang='grc' dir='ltr'><strong>Ἰσραήλ.</strong></span> 
     </span>
    </p>
   </div>
   <div class='ocr_carea' id='block_1_65' title="bbox 2326 2131 3869 2204">
    <p class='ocr_par' dir='ltr' id='par_1_65' title="bbox 2326 2131 3869 2204">
     <span class='ocr_line' id='line_1_65' title="bbox 2326 2131 3869 2204; baseline -0.001 -21"><span class='ocrx_word' id='word_1_466' title='bbox 2326 2132 2483 2201; x_wconf 84' lang='grc' dir='ltr'><strong>Τρεῖς</strong></span> <span class='ocrx_word' id='word_1_467' title='bbox 2496 2131 2551 2183; x_wconf 87' lang='grc' dir='ltr'><strong>δὲ</strong></span> <span class='ocrx_word' id='word_1_468' title='bbox 2570 2132 2717 2196; x_wconf 77' lang='grc' dir='ltr'><strong>ὄντες</strong></span> <span class='ocrx_word' id='word_1_469' title='bbox 2740 2135 2788 2185; x_wconf 78' lang='lat' dir='ltr'><strong>oi</strong></span> <span class='ocrx_word' id='word_1_470' title='bbox 2822 2133 2987 2202; x_wconf 77' lang='grc' dir='ltr'><strong>Ὑπὲρ</strong></span> <span class='ocrx_word' id='word_1_471' title='bbox 3008 2132 3124 2187; x_wconf 83' lang='grc' dir='ltr'><strong>τῶν</strong></span> <span class='ocrx_word' id='word_1_472' title='bbox 3133 2132 3353 2201; x_wconf 72' lang='grc' dir='ltr'><strong>ληνῶν,</strong></span> <span class='ocrx_word' id='word_1_473' title='bbox 3372 2134 3551 2204; x_wconf 79' lang='grc' dir='ltr'><strong>τρισὶν</strong></span> <span class='ocrx_word' id='word_1_474' title='bbox 3572 2132 3869 2187; x_wconf 69' lang='grc' dir='ltr'><strong>ἀνάκεινται</strong></span> 
     </span>
    </p>
   </div>
   <div class='ocr_carea' id='block_1_66' title="bbox 2325 2220 3871 2295">
    <p class='ocr_par' dir='ltr' id='par_1_66' title="bbox 2325 2220 3871 2295">
     <span class='ocr_line' id='line_1_66' title="bbox 2325 2220 3871 2295; baseline 0.001 -22"><span class='ocrx_word' id='word_1_475' title='bbox 2325 2220 2630 2292; x_wconf 83' lang='grc' dir='ltr'><strong>προσώποις</strong></span> <span class='ocrx_word' id='word_1_476' title='bbox 2652 2237 2666 2252; x_wconf 79' lang='grc' dir='ltr'>ο</span> <span class='ocrx_word' id='word_1_477' title='bbox 2705 2225 2733 2275; x_wconf 81' lang='grc' dir='ltr'><strong>ό</strong></span> <span class='ocrx_word' id='word_1_478' title='bbox 2777 2224 2873 2293; x_wconf 83' lang='grc' dir='ltr'><strong>μὲν</strong></span> <span class='ocrx_word' id='word_1_479' title='bbox 2895 2231 2943 2293; x_wconf 83' lang='grc' dir='ltr'><strong>η’</strong></span> <span class='ocrx_word' id='word_1_480' title='bbox 2968 2223 3047 2293; x_wconf 82' lang='grc' dir='ltr'><strong>τῷ</strong></span> <span class='ocrx_word' id='word_1_481' title='bbox 3071 2224 3249 2291; x_wconf 85' lang='grc' dir='ltr'><strong>Δαυῒδ,</strong></span> <span class='ocrx_word' id='word_1_482' title='bbox 3280 2226 3309 2278; x_wconf 86' lang='grc' dir='ltr'><strong>ό</strong></span> <span class='ocrx_word' id='word_1_483' title='bbox 3338 2224 3394 2277; x_wconf 80' lang='grc' dir='ltr'><strong>δὲ</strong></span> <span class='ocrx_word' id='word_1_484' title='bbox 3430 2230 3483 2277; x_wconf 83' lang='grc' dir='ltr'><strong>π’</strong></span> <span class='ocrx_word' id='word_1_485' title='bbox 3507 2224 3590 2295; x_wconf 86' lang='grc' dir='ltr'><strong>τῷ</strong></span> <span class='ocrx_word' id='word_1_486' title='bbox 3639 2223 3825 2291; x_wconf 55' lang='grc' dir='ltr'><strong>’Δσὰςη</strong></span> <span class='ocrx_word' id='word_1_487' title='bbox 3849 2226 3871 2275; x_wconf 75' lang='grc' dir='ltr'><strong>ό</strong></span> 
     </span>
    </p>
   </div>
   <div class='ocr_carea' id='block_1_67' title="bbox 2323 2314 3869 2388">
    <p class='ocr_par' dir='ltr' id='par_1_67' title="bbox 2323 2314 3869 2388">
     <span class='ocr_line' id='line_1_67' title="bbox 2323 2314 3869 2388; baseline 0 -21"><span class='ocrx_word' id='word_1_488' title='bbox 2323 2314 2380 2367; x_wconf 85' lang='grc' dir='ltr'><strong>δὲ</strong></span> <span class='ocrx_word' id='word_1_489' title='bbox 2412 2314 2550 2385; x_wconf 85' lang='grc' dir='ltr'><strong>μετὰ</strong></span> <span class='ocrx_word' id='word_1_490' title='bbox 2574 2318 2758 2386; x_wconf 83' lang='grc' dir='ltr'><strong>χεῖρας</strong></span> <span class='ocrx_word' id='word_1_491' title='bbox 2787 2319 2893 2379; x_wconf 84' lang='grc' dir='ltr'><strong>τοῖς</strong></span> <span class='ocrx_word' id='word_1_492' title='bbox 2919 2318 3051 2379; x_wconf 83' lang='grc' dir='ltr'>υἱοῖς</span> <span class='ocrx_word' id='word_1_493' title='bbox 3077 2316 3240 2388; x_wconf 80' lang='grc' dir='ltr'><strong>Κορέ.</strong></span> <span class='ocrx_word' id='word_1_494' title='bbox 3270 2317 3380 2370; x_wconf 74' lang='grc' dir='ltr'><strong>Καὶ</strong></span> <span class='ocrx_word' id='word_1_495' title='bbox 3405 2316 3723 2387; x_wconf 77' lang='grc' dir='ltr'><strong>συμφώνως</strong></span> <span class='ocrx_word' id='word_1_496' title='bbox 3753 2332 3811 2383; x_wconf 83' lang='grc' dir='ltr'><strong>γε</strong></span> <span class='ocrx_word' id='word_1_497' title='bbox 3831 2318 3869 2368; x_wconf 70' lang='grc' dir='ltr'><strong>οἱ</strong></span> 
     </span>
    </p>
   </div>
   <div class='ocr_carea' id='block_1_68' title="bbox 2322 2402 3871 2478">
    <p class='ocr_par' dir='ltr' id='par_1_68' title="bbox 2322 2402 3871 2478">
     <span class='ocr_line' id='line_1_68' title="bbox 2322 2402 3871 2478; baseline -0.002 -18"><span class='ocrx_word' id='word_1_498' title='bbox 2322 2410 2468 2478; x_wconf 84' lang='grc' dir='ltr'><strong>τρεῖς</strong></span> <span class='ocrx_word' id='word_1_499' title='bbox 2516 2408 2906 2477; x_wconf 79' lang='grc' dir='ltr'><strong>ἐπιγράφονται</strong></span> <span class='ocrx_word' id='word_1_500' title='bbox 2931 2410 3017 2474; x_wconf 83' lang='grc' dir='ltr'><strong>είς</strong></span> <span class='ocrx_word' id='word_1_501' title='bbox 3042 2407 3109 2460; x_wconf 85' lang='grc' dir='ltr'><strong>τὸ</strong></span> <span class='ocrx_word' id='word_1_502' title='bbox 3125 2402 3332 2473; x_wconf 67' lang='grc' dir='ltr'><strong>τέλος,</strong></span> <span class='ocrx_word' id='word_1_503' title='bbox 3354 2406 3429 2470; x_wconf 79' lang='grc' dir='ltr'><strong>ὡς</strong></span> <span class='ocrx_word' id='word_1_504' title='bbox 3460 2403 3641 2477; x_wconf 78' lang='grc' dir='ltr'><strong>οἶμαι,</strong></span> <span class='ocrx_word' id='word_1_505' title='bbox 3681 2406 3769 2471; x_wconf 71' lang='grc' dir='ltr'><strong>διὰ</strong></span> <span class='ocrx_word' id='word_1_506' title='bbox 3791 2406 3871 2468; x_wconf 66' lang='grc' dir='ltr'><strong>τὰς</strong></span> 
     </span>
    </p>
   </div>
   <div class='ocr_carea' id='block_1_69' title="bbox 2321 2496 3870 2569">
    <p class='ocr_par' dir='ltr' id='par_1_69' title="bbox 2321 2496 3870 2569">
     <span class='ocr_line' id='line_1_69' title="bbox 2321 2496 3870 2569; baseline -0.003 -20"><span class='ocrx_word' id='word_1_507' title='bbox 2321 2499 2379 2552; x_wconf 82' lang='grc' dir='ltr'><strong>ὲν</strong></span> <span class='ocrx_word' id='word_1_508' title='bbox 2402 2498 2580 2563; x_wconf 84' lang='grc' dir='ltr'><strong>αὐτοῖς</strong></span> <span class='ocrx_word' id='word_1_509' title='bbox 2614 2498 2963 2569; x_wconf 81' lang='grc' dir='ltr'><strong>προφητείας,</strong></span> <span class='ocrx_word' id='word_1_510' title='bbox 2998 2499 3077 2567; x_wconf 82' lang='grc' dir='ltr'><strong>εἰς</strong></span> <span class='ocrx_word' id='word_1_511' title='bbox 3110 2496 3173 2549; x_wconf 81' lang='grc' dir='ltr'><strong>τὸ</strong></span> <span class='ocrx_word' id='word_1_512' title='bbox 3216 2496 3365 2559; x_wconf 80' lang='grc' dir='ltr'><strong>τέλος</strong></span> <span class='ocrx_word' id='word_1_513' title='bbox 3394 2496 3501 2549; x_wconf 88' lang='grc' dir='ltr'><strong>τῶν</strong></span> <span class='ocrx_word' id='word_1_514' title='bbox 3533 2496 3769 2568; x_wconf 85' lang='grc' dir='ltr'><strong>καιρῶν,</strong></span> <span class='ocrx_word' id='word_1_515' title='bbox 3790 2496 3870 2548; x_wconf 75' lang='grc' dir='ltr'><strong>καὶ</strong></span> 
     </span>
    </p>
   </div>
   <div class='ocr_carea' id='block_1_70' title="bbox 2321 2587 3521 2664">
    <p class='ocr_par' dir='ltr' id='par_1_70' title="bbox 2321 2587 3521 2664">
     <span class='ocr_line' id='line_1_70' title="bbox 2321 2587 3521 2664; baseline 0.001 -19"><span class='ocrx_word' id='word_1_516' title='bbox 2321 2592 2411 2645; x_wconf 77' lang='grc' dir='ltr'><strong>ἐπὶ</strong></span> <span class='ocrx_word' id='word_1_517' title='bbox 2439 2592 2714 2664; x_wconf 82' lang='grc' dir='ltr'><strong>συντελείᾳ</strong></span> <span class='ocrx_word' id='word_1_518' title='bbox 2740 2591 2834 2645; x_wconf 76' lang='grc' dir='ltr'><strong>τοῦ</strong></span> <span class='ocrx_word' id='word_1_519' title='bbox 2860 2591 3051 2654; x_wconf 72' lang='grc' dir='ltr'><strong>αἰῶνος</strong></span> <span class='ocrx_word' id='word_1_520' title='bbox 3072 2587 3521 2653; x_wconf 78' lang='grc' dir='ltr'><strong>ἐπιτελεσθείσας.</strong></span> 
     </span>
    </p>
   </div>
   <div class='ocr_carea' id='block_1_71' title="bbox 2390 2675 3869 2752">
    <p class='ocr_par' dir='ltr' id='par_1_71' title="bbox 2390 2675 3869 2752">
     <span class='ocr_line' id='line_1_71' title="bbox 2390 2675 3869 2752; baseline 0.001 -20"><span class='ocrx_word' id='word_1_521' title='bbox 2390 2679 2561 2733; x_wconf 80' lang='grc' dir='ltr'><strong>Πάλαι</strong></span> <span class='ocrx_word' id='word_1_522' title='bbox 2594 2680 2688 2751; x_wconf 81' lang='grc' dir='ltr'><strong>μὲν</strong></span> <span class='ocrx_word' id='word_1_523' title='bbox 2712 2675 2823 2744; x_wconf 81' lang='grc' dir='ltr'><strong>οὖν,</strong></span> <span class='ocrx_word' id='word_1_524' title='bbox 2853 2680 2927 2743; x_wconf 85' lang='grc' dir='ltr'><strong>ὡς</strong></span> <span class='ocrx_word' id='word_1_525' title='bbox 2957 2680 3023 2733; x_wconf 86' lang='grc' dir='ltr'><strong>ἂν</strong></span> <span class='ocrx_word' id='word_1_526' title='bbox 3047 2680 3162 2742; x_wconf 80' lang='grc' dir='ltr'><strong>ἐνὸς</strong></span> <span class='ocrx_word' id='word_1_527' title='bbox 3188 2678 3517 2752; x_wconf 81' lang='grc' dir='ltr'><strong>ὑπάρχοντος</strong></span> <span class='ocrx_word' id='word_1_528' title='bbox 3542 2680 3869 2750; x_wconf 75' lang='grc' dir='ltr'><strong>ἀμπελῶνος.</strong></span> 
     </span>
    </p>
   </div>
   <div class='ocr_carea' id='block_1_72' title="bbox 2322 2767 3872 2844">
    <p class='ocr_par' dir='ltr' id='par_1_72' title="bbox 2322 2767 3872 2844">
     <span class='ocr_line' id='line_1_72' title="bbox 2322 2767 3872 2844; baseline 0.003 -22"><span class='ocrx_word' id='word_1_529' title='bbox 2322 2772 2445 2842; x_wconf 80' lang='grc' dir='ltr'><strong>περὶ</strong></span> <span class='ocrx_word' id='word_1_530' title='bbox 2472 2767 2531 2827; x_wconf 79' lang='grc' dir='ltr'><strong>οὗ</strong></span> <span class='ocrx_word' id='word_1_531' title='bbox 2564 2774 2764 2844; x_wconf 71' lang='grc' dir='ltr'><strong>εἴρητο,</strong></span> <span class='ocrx_word' id='word_1_532' title='bbox 2808 2774 2869 2826; x_wconf 90' lang='lat'><strong>&#39;0</strong></span> <span class='ocrx_word' id='word_1_533' title='bbox 2909 2773 3017 2842; x_wconf 72' lang='grc' dir='ltr'><strong>γὰρ</strong></span> <span class='ocrx_word' id='word_1_534' title='bbox 3053 2772 3334 2842; x_wconf 76' lang='grc' dir='ltr'><strong>ἀμπελὼν</strong></span> <span class='ocrx_word' id='word_1_535' title='bbox 3375 2772 3598 2841; x_wconf 80' lang='grc' dir='ltr'><strong>Κυρίου</strong></span> <span class='ocrx_word' id='word_1_536' title='bbox 3642 2773 3872 2827; x_wconf 73' lang='grc' dir='ltr'><strong>Σαϐαὼθ</strong></span> 
     </span>
    </p>
   </div>
   <div class='ocr_carea' id='block_1_73' title="bbox 2319 2857 3867 2937">
    <p class='ocr_par' dir='ltr' id='par_1_73' title="bbox 2319 2857 3867 2937">
     <span class='ocr_line' id='line_1_73' title="bbox 2319 2857 3867 2937; baseline 0 -23"><span class='ocrx_word' id='word_1_537' title='bbox 2319 2857 2479 2927; x_wconf 74' lang='grc' dir='ltr'><strong>οἶκος</strong></span> <span class='ocrx_word' id='word_1_538' title='bbox 2524 2864 2629 2917; x_wconf 86' lang='grc' dir='ltr'><strong>τοῦ</strong></span> <span class='ocrx_word' id='word_1_539' title='bbox 2664 2864 2897 2932; x_wconf 75' lang='grc' dir='ltr'><strong>Ἰσραήλ</strong></span> <span class='ocrx_word' id='word_1_540' title='bbox 2918 2864 3076 2918; x_wconf 70' lang='grc' dir='ltr'><strong>ἐστιν</strong></span> <span class='ocrx_word' id='word_1_541' title='bbox 3130 2864 3226 2935; x_wconf 85' lang='grc' dir='ltr'>μία</span> <span class='ocrx_word' id='word_1_542' title='bbox 3271 2863 3458 2936; x_wconf 81' lang='grc' dir='ltr'><strong>ὥσπερ</strong></span> <span class='ocrx_word' id='word_1_543' title='bbox 3503 2864 3672 2936; x_wconf 68' lang='grc' dir='ltr'><strong>ληνὸς</strong></span> <span class='ocrx_word' id='word_1_544' title='bbox 3713 2863 3781 2937; x_wconf 78' lang='grc' dir='ltr'><strong>ἦν</strong></span> <span class='ocrx_word' id='word_1_545' title='bbox 3823 2868 3867 2917; x_wconf 71' lang='grc' dir='ltr'><strong>ἑν</strong></span> 
     </span>
    </p>
   </div>
   <div class='ocr_carea' id='block_1_74' title="bbox 2318 2948 3864 3028">
    <p class='ocr_par' dir='ltr' id='par_1_74' title="bbox 2318 2948 3864 3028">
     <span class='ocr_line' id='line_1_74' title="bbox 2318 2948 3864 3028; baseline 0.003 -25"><span class='ocrx_word' id='word_1_546' title='bbox 2318 2950 2484 3020; x_wconf 87' lang='grc' dir='ltr'>αὐτῷ,</span> <span class='ocrx_word' id='word_1_547' title='bbox 2518 2948 2585 3027; x_wconf 80' lang='grc' dir='ltr'><strong>ἦς</strong></span> <span class='ocrx_word' id='word_1_548' title='bbox 2612 2954 2879 3024; x_wconf 84' lang='grc' dir='ltr'><strong>μέμνηται</strong></span> <span class='ocrx_word' id='word_1_549' title='bbox 2906 2957 2934 3007; x_wconf 88' lang='grc' dir='ltr'>ὁ</span> <span class='ocrx_word' id='word_1_550' title='bbox 2968 2955 3189 3017; x_wconf 82' lang='grc' dir='ltr'>Ἡσαΐας</span> <span class='ocrx_word' id='word_1_551' title='bbox 3219 2956 3282 3007; x_wconf 78' lang='grc' dir='ltr'><strong>ἐκ</strong></span> <span class='ocrx_word' id='word_1_552' title='bbox 3313 2954 3601 3028; x_wconf 79' lang='grc' dir='ltr'><strong>προσώπου</strong></span> <span class='ocrx_word' id='word_1_553' title='bbox 3638 2956 3739 3010; x_wconf 73' lang='grc' dir='ltr'><strong>τοῦ</strong></span> <span class='ocrx_word' id='word_1_554' title='bbox 3776 2957 3864 3009; x_wconf 72' lang='grc' dir='ltr'><strong>Κυ-</strong></span> 
     </span>
    </p>
   </div>
   <div class='ocr_carea' id='block_1_75' title="bbox 2318 3043 3866 3117">
    <p class='ocr_par' dir='ltr' id='par_1_75' title="bbox 2318 3043 3866 3117">
     <span class='ocr_line' id='line_1_75' title="bbox 2318 3043 3866 3117; baseline 0.005 -22"><span class='ocrx_word' id='word_1_555' title='bbox 2318 3043 2434 3114; x_wconf 87' lang='grc' dir='ltr'><strong>ρίου</strong></span> <span class='ocrx_word' id='word_1_556' title='bbox 2466 3044 2667 3113; x_wconf 82' lang='grc' dir='ltr'><strong>λέγων·</strong></span> <span class='ocrx_word' id='word_1_557' title='bbox 2701 3046 2811 3099; x_wconf 79' lang='grc' dir='ltr'><strong>Καὶ</strong></span> <span class='ocrx_word' id='word_1_558' title='bbox 2851 3046 3203 3116; x_wconf 82' lang='grc' dir='ltr'><strong>ᾠκοδόμησα</strong></span> <span class='ocrx_word' id='word_1_559' title='bbox 3237 3048 3482 3116; x_wconf 74' lang='grc' dir='ltr'><strong>πύργον,</strong></span> <span class='ocrx_word' id='word_1_560' title='bbox 3518 3048 3616 3101; x_wconf 76' lang='grc' dir='ltr'><strong>καὶ</strong></span> <span class='ocrx_word' id='word_1_561' title='bbox 3654 3050 3866 3117; x_wconf 66' lang='grc' dir='ltr'><strong>προλή-</strong></span> 
     </span>
    </p>
   </div>
   <div class='ocr_carea' id='block_1_76' title="bbox 2316 3135 3870 3209">
    <p class='ocr_par' dir='ltr' id='par_1_76' title="bbox 2316 3135 3870 3209">
     <span class='ocr_line' id='line_1_76' title="bbox 2316 3135 3870 3209; baseline 0.003 -20"><span class='ocrx_word' id='word_1_562' title='bbox 2316 3152 2448 3189; x_wconf 75' lang='grc' dir='ltr'><strong>νιον</strong></span> <span class='ocrx_word' id='word_1_563' title='bbox 2471 3136 2669 3205; x_wconf 78' lang='grc' dir='ltr'><strong>ὧρυξα</strong></span> <span class='ocrx_word' id='word_1_564' title='bbox 2699 3135 2966 3203; x_wconf 82' lang='grc' dir='ltr'><strong>ὲναύτῷ.</strong></span> <span class='ocrx_word' id='word_1_565' title='bbox 3014 3139 3305 3209; x_wconf 86' lang='grc' dir='ltr'><strong>Ἐσήμαινε</strong></span> <span class='ocrx_word' id='word_1_566' title='bbox 3349 3138 3403 3191; x_wconf 83' lang='grc' dir='ltr'><strong>δὲ</strong></span> <span class='ocrx_word' id='word_1_567' title='bbox 3446 3138 3591 3209; x_wconf 75' lang='grc' dir='ltr'><strong>ἄρα,</strong></span> <span class='ocrx_word' id='word_1_568' title='bbox 3638 3140 3735 3193; x_wconf 70' lang='grc' dir='ltr'><strong>διὰ</strong></span> <span class='ocrx_word' id='word_1_569' title='bbox 3786 3140 3870 3209; x_wconf 72' lang='grc' dir='ltr'><strong>μὲν</strong></span> 
     </span>
    </p>
   </div>
   <div class='ocr_carea' id='block_1_77' title="bbox 2316 3219 3875 3302">
    <p class='ocr_par' dir='ltr' id='par_1_77' title="bbox 2316 3219 3875 3302">
     <span class='ocr_line' id='line_1_77' title="bbox 2316 3219 3875 3302; baseline 0.002 -22"><span class='ocrx_word' id='word_1_570' title='bbox 2316 3226 2410 3280; x_wconf 80' lang='grc' dir='ltr'><strong>τοῦ</strong></span> <span class='ocrx_word' id='word_1_571' title='bbox 2449 3228 2658 3300; x_wconf 80' lang='grc' dir='ltr'><strong>πύργου</strong></span> <span class='ocrx_word' id='word_1_572' title='bbox 2704 3228 2793 3282; x_wconf 83' lang='grc' dir='ltr'><strong>τὸν</strong></span> <span class='ocrx_word' id='word_1_573' title='bbox 2840 3231 2897 3281; x_wconf 83' lang='grc' dir='ltr'><strong>ὲν</strong></span> <span class='ocrx_word' id='word_1_574' title='bbox 2934 3219 3321 3302; x_wconf 76' lang='grc' dir='ltr'><strong>Ἱεροσολύμοις</strong></span> <span class='ocrx_word' id='word_1_575' title='bbox 3363 3220 3516 3294; x_wconf 82' lang='grc' dir='ltr'><strong>νεὼν,</strong></span> <span class='ocrx_word' id='word_1_576' title='bbox 3556 3219 3645 3282; x_wconf 75' lang='grc' dir='ltr'><strong>διὰ</strong></span> <span class='ocrx_word' id='word_1_577' title='bbox 3688 3224 3748 3284; x_wconf 70' lang='grc' dir='ltr'><strong>δὲ</strong></span> <span class='ocrx_word' id='word_1_578' title='bbox 3788 3229 3875 3283; x_wconf 68' lang='grc' dir='ltr'><strong>τοῦ</strong></span> 
     </span>
    </p>
   </div>
   <div class='ocr_carea' id='block_1_78' title="bbox 2320 3320 3871 3394">
    <p class='ocr_par' dir='ltr' id='par_1_78' title="bbox 2320 3320 3871 3394">
     <span class='ocr_line' id='line_1_78' title="bbox 2320 3320 3871 3394; baseline 0.001 -22"><span class='ocrx_word' id='word_1_579' title='bbox 2320 3320 2606 3391; x_wconf 88' lang='grc' dir='ltr'><strong>προληνίου</strong></span> <span class='ocrx_word' id='word_1_580' title='bbox 2641 3320 2701 3374; x_wconf 84' lang='grc' dir='ltr'><strong>τὸ</strong></span> <span class='ocrx_word' id='word_1_581' title='bbox 2744 3321 2879 3392; x_wconf 80' lang='grc' dir='ltr'><strong>πρὸς</strong></span> <span class='ocrx_word' id='word_1_582' title='bbox 2912 3321 2991 3393; x_wconf 82' lang='grc' dir='ltr'><strong>τῷ</strong></span> <span class='ocrx_word' id='word_1_583' title='bbox 3032 3320 3145 3392; x_wconf 80' lang='grc' dir='ltr'><strong>ναῷ</strong></span> <span class='ocrx_word' id='word_1_584' title='bbox 3200 3322 3607 3394; x_wconf 81' lang='grc' dir='ltr'><strong>θυσιαστήριον,</strong></span> <span class='ocrx_word' id='word_1_585' title='bbox 3649 3323 3790 3392; x_wconf 84' lang='grc' dir='ltr'><strong>ὅπερ</strong></span> <span class='ocrx_word' id='word_1_586' title='bbox 3819 3324 3871 3375; x_wconf 71' lang='grc' dir='ltr'><strong>οὐ</strong></span> 
     </span>
    </p>
   </div>
   <div class='ocr_carea' id='block_1_79' title="bbox 2317 3413 3870 3485">
    <p class='ocr_par' dir='ltr' id='par_1_79' title="bbox 2317 3413 3870 3485">
     <span class='ocr_line' id='line_1_79' title="bbox 2317 3413 3870 3485; baseline 0.001 -20"><span class='ocrx_word' id='word_1_587' title='bbox 2317 3413 2493 3485; x_wconf 82' lang='grc' dir='ltr'><strong>ληνὸν,</strong></span> <span class='ocrx_word' id='word_1_588' title='bbox 2542 3413 2677 3469; x_wconf 79' lang='grc' dir='ltr'><strong>ἀλλὰ</strong></span> <span class='ocrx_word' id='word_1_589' title='bbox 2726 3415 3007 3485; x_wconf 73' lang='grc' dir='ltr'><strong>προλήνιον</strong></span> <span class='ocrx_word' id='word_1_590' title='bbox 3058 3415 3355 3485; x_wconf 83' lang='grc' dir='ltr'><strong>ὠνόμασεν,</strong></span> <span class='ocrx_word' id='word_1_591' title='bbox 3388 3415 3643 3478; x_wconf 75' lang='grc' dir='ltr'><strong>εἰκότωςο</strong></span> <span class='ocrx_word' id='word_1_592' title='bbox 3698 3415 3870 3483; x_wconf 67' lang='grc' dir='ltr'><strong>ἐπειδὴ</strong></span> 
     </span>
    </p>
   </div>
   <div class='ocr_carea' id='block_1_80' title="bbox 2316 3500 3871 3575">
    <p class='ocr_par' dir='ltr' id='par_1_80' title="bbox 2316 3500 3871 3575">
     <span class='ocr_line' id='line_1_80' title="bbox 2316 3500 3871 3575; baseline -0.002 -19"><span class='ocrx_word' id='word_1_593' title='bbox 2316 3503 2422 3559; x_wconf 88' lang='grc' dir='ltr'><strong>τῶν</strong></span> <span class='ocrx_word' id='word_1_594' title='bbox 2465 3504 2773 3575; x_wconf 52' lang='grc' dir='ltr'><strong>νοητῶνμτὰ</strong></span> <span class='ocrx_word' id='word_1_595' title='bbox 2834 3502 3118 3574; x_wconf 87' lang='grc' dir='ltr'><strong>σωματικὰ</strong></span> <span class='ocrx_word' id='word_1_596' title='bbox 3159 3505 3464 3575; x_wconf 85' lang='grc' dir='ltr'><strong>προηγεῖτο,</strong></span> <span class='ocrx_word' id='word_1_597' title='bbox 3501 3502 3598 3555; x_wconf 75' lang='grc' dir='ltr'><strong>καὶ</strong></span> <span class='ocrx_word' id='word_1_598' title='bbox 3636 3502 3748 3573; x_wconf 73' lang='grc' dir='ltr'><strong>προ</strong></span> <span class='ocrx_word' id='word_1_599' title='bbox 3784 3500 3871 3568; x_wconf 72' lang='grc' dir='ltr'><strong>τῆς</strong></span> 
     </span>
    </p>
   </div>
   <div class='ocr_carea' id='block_1_81' title="bbox 2317 3584 3871 3667">
    <p class='ocr_par' dir='ltr' id='par_1_81' title="bbox 2317 3584 3871 3667">
     <span class='ocr_line' id='line_1_81' title="bbox 2317 3584 3871 3667; baseline -0.004 -19"><span class='ocrx_word' id='word_1_600' title='bbox 2317 3584 2523 3665; x_wconf 79' lang='grc' dir='ltr'><strong>Καινῆς</strong></span> <span class='ocrx_word' id='word_1_601' title='bbox 2549 3595 2819 3667; x_wconf 85' lang='grc' dir='ltr'><strong>Διαθήκης</strong></span> <span class='ocrx_word' id='word_1_602' title='bbox 2847 3598 2884 3665; x_wconf 83' lang='grc' dir='ltr'><strong>ή</strong></span> <span class='ocrx_word' id='word_1_603' title='bbox 2909 3594 3107 3649; x_wconf 68' lang='grc' dir='ltr'><strong>παλαιὰ</strong></span> <span class='ocrx_word' id='word_1_604' title='bbox 3136 3593 3372 3665; x_wconf 77' lang='grc' dir='ltr'><strong>σύμϐολα</strong></span> <span class='ocrx_word' id='word_1_605' title='bbox 3407 3594 3500 3645; x_wconf 78' lang='grc' dir='ltr'><strong>καὶ</strong></span> <span class='ocrx_word' id='word_1_606' title='bbox 3536 3591 3756 3655; x_wconf 81' lang='grc' dir='ltr'><strong>είκόνας</strong></span> <span class='ocrx_word' id='word_1_607' title='bbox 3776 3590 3871 3643; x_wconf 72' lang='grc' dir='ltr'><strong>τῶν</strong></span> 
     </span>
    </p>
   </div>
   <div class='ocr_carea' id='block_1_82' title="bbox 2316 3682 3870 3759">
    <p class='ocr_par' dir='ltr' id='par_1_82' title="bbox 2316 3682 3870 3759">
     <span class='ocr_line' id='line_1_82' title="bbox 2316 3682 3870 3759; baseline -0.002 -21"><span class='ocrx_word' id='word_1_608' title='bbox 2316 3686 2527 3757; x_wconf 82' lang='grc' dir='ltr'><strong>ἀληθῶν</strong></span> <span class='ocrx_word' id='word_1_609' title='bbox 2554 3688 2701 3759; x_wconf 87' lang='grc' dir='ltr'><strong>παρᾶ</strong></span> <span class='ocrx_word' id='word_1_610' title='bbox 2733 3688 2999 3750; x_wconf 84' lang='grc' dir='ltr'><strong>Ἰουδαίοις</strong></span> <span class='ocrx_word' id='word_1_611' title='bbox 3023 3685 3344 3755; x_wconf 75' lang='grc' dir='ltr'><strong>ἐφυλάττετο</strong></span> <span class='ocrx_word' id='word_1_612' title='bbox 3362 3702 3375 3715; x_wconf 82' lang='grc'><em>’</em></span> <span class='ocrx_word' id='word_1_613' title='bbox 3402 3684 3588 3755; x_wconf 83' lang='grc' dir='ltr'><strong>διόπερ</strong></span> <span class='ocrx_word' id='word_1_614' title='bbox 3614 3685 3679 3736; x_wconf 76' lang='grc' dir='ltr'><strong>οὐ</strong></span> <span class='ocrx_word' id='word_1_615' title='bbox 3705 3682 3870 3753; x_wconf 69' lang='grc' dir='ltr'><strong>ληνὸς,</strong></span> 
     </span>
    </p>
   </div>
   <div class='ocr_carea' id='block_1_83' title="bbox 2315 3772 3871 3849">
    <p class='ocr_par' dir='ltr' id='par_1_83' title="bbox 2315 3772 3871 3849">
     <span class='ocr_line' id='line_1_83' title="bbox 2315 3772 3871 3849; baseline -0.003 -19"><span class='ocrx_word' id='word_1_616' title='bbox 2315 3777 2450 3831; x_wconf 82' lang='grc' dir='ltr'><strong>ἀλλὰ</strong></span> <span class='ocrx_word' id='word_1_617' title='bbox 2479 3780 2765 3849; x_wconf 84' lang='grc' dir='ltr'><strong>προλήνιον</strong></span> <span class='ocrx_word' id='word_1_618' title='bbox 2784 3776 3091 3847; x_wconf 74' lang='grc' dir='ltr'><strong>ὠνομάζετο</strong></span> <span class='ocrx_word' id='word_1_619' title='bbox 3119 3775 3179 3828; x_wconf 79' lang='grc' dir='ltr'><strong>τὸ</strong></span> <span class='ocrx_word' id='word_1_620' title='bbox 3200 3777 3326 3846; x_wconf 80' lang='grc' dir='ltr'><strong>παρ’</strong></span> <span class='ocrx_word' id='word_1_621' title='bbox 3346 3775 3570 3833; x_wconf 77' lang='grc' dir='ltr'><strong>ἐκείνοις</strong></span> <span class='ocrx_word' id='word_1_622' title='bbox 3595 3772 3871 3838; x_wconf 70' lang='grc' dir='ltr'><strong>θυσιαστήο</strong></span> 
     </span>
    </p>
   </div>
   <div class='ocr_carea' id='block_1_84' title="bbox 2318 3861 3869 3937">
    <p class='ocr_par' dir='ltr' id='par_1_84' title="bbox 2318 3861 3869 3937">
     <span class='ocr_line' id='line_1_84' title="bbox 2318 3861 3869 3937; baseline -0.003 -19"><span class='ocrx_word' id='word_1_623' title='bbox 2318 3883 2450 3937; x_wconf 92' lang='grc' dir='ltr'><strong>ριον.</strong></span> <span class='ocrx_word' id='word_1_624' title='bbox 2498 3868 2581 3929; x_wconf 83' lang='grc' dir='ltr'><strong>Ὠς</strong></span> <span class='ocrx_word' id='word_1_625' title='bbox 2618 3867 2734 3930; x_wconf 82' lang='grc' dir='ltr'><strong>ὲνὺς</strong></span> <span class='ocrx_word' id='word_1_626' title='bbox 2773 3867 2827 3919; x_wconf 84' lang='grc' dir='ltr'><strong>δὲ</strong></span> <span class='ocrx_word' id='word_1_627' title='bbox 2864 3866 2955 3918; x_wconf 79' lang='grc' dir='ltr'><strong>τοῦ</strong></span> <span class='ocrx_word' id='word_1_628' title='bbox 2990 3864 3327 3935; x_wconf 82' lang='grc' dir='ltr'><strong>ἀμπελῶνος,</strong></span> <span class='ocrx_word' id='word_1_629' title='bbox 3364 3864 3460 3935; x_wconf 90' lang='grc' dir='ltr'><strong>μία</strong></span> <span class='ocrx_word' id='word_1_630' title='bbox 3487 3861 3555 3935; x_wconf 71' lang='grc' dir='ltr'><strong>ἦν</strong></span> <span class='ocrx_word' id='word_1_631' title='bbox 3588 3864 3758 3918; x_wconf 72' lang='grc' dir='ltr'><strong>πάλαι</strong></span> <span class='ocrx_word' id='word_1_632' title='bbox 3790 3863 3869 3931; x_wconf 73' lang='grc' dir='ltr'><strong>ληο</strong></span> 
     </span>
    </p>
   </div>
   <div class='ocr_carea' id='block_1_85' title="bbox 2312 3956 3868 4029">
    <p class='ocr_par' dir='ltr' id='par_1_85' title="bbox 2312 3956 3868 4029">
     <span class='ocr_line' id='line_1_85' title="bbox 2312 3956 3868 4029; baseline -0.005 -16"><span class='ocrx_word' id='word_1_633' title='bbox 2312 3960 2423 4024; x_wconf 86' lang='grc' dir='ltr'><strong>νὸς,</strong></span> <span class='ocrx_word' id='word_1_634' title='bbox 2459 3961 2551 4014; x_wconf 71' lang='grc' dir='ltr'><strong>καὶ</strong></span> <span class='ocrx_word' id='word_1_635' title='bbox 2583 3961 2699 4023; x_wconf 79' lang='grc' dir='ltr'><strong>ἐνὸς</strong></span> <span class='ocrx_word' id='word_1_636' title='bbox 2730 3958 2855 4012; x_wconf 78' lang='grc' dir='ltr'><strong>ναοῦ</strong></span> <span class='ocrx_word' id='word_1_637' title='bbox 2884 3958 3281 4029; x_wconf 87' lang='grc' dir='ltr'><strong>θυσιαστήριον.</strong></span> <span class='ocrx_word' id='word_1_638' title='bbox 3304 3958 3366 4011; x_wconf 81' lang='lat' dir='ltr'><strong>Oi</strong></span> <span class='ocrx_word' id='word_1_639' title='bbox 3390 3956 3446 4009; x_wconf 84' lang='grc' dir='ltr'><strong>δὲ</strong></span> <span class='ocrx_word' id='word_1_640' title='bbox 3474 3959 3529 4009; x_wconf 80' lang='grc' dir='ltr'><strong>ὲν</strong></span> <span class='ocrx_word' id='word_1_641' title='bbox 3552 3956 3630 4026; x_wconf 80' lang='grc' dir='ltr'><strong>τῷ</strong></span> <span class='ocrx_word' id='word_1_642' title='bbox 3655 3958 3868 4027; x_wconf 69' lang='grc' dir='ltr'><strong>παρόντι</strong></span> 
     </span>
    </p>
   </div>
   <div class='ocr_carea' id='block_1_86' title="bbox 2315 4036 3868 4124">
    <p class='ocr_par' dir='ltr' id='par_1_86' title="bbox 2315 4036 3868 4124">
     <span class='ocr_line' id='line_1_86' title="bbox 2315 4036 3868 4124; baseline 0.008 -21"><span class='ocrx_word' id='word_1_643' title='bbox 2315 4050 2626 4124; x_wconf 83' lang='grc' dir='ltr'><strong>δηλούμενοι</strong></span> <span class='ocrx_word' id='word_1_644' title='bbox 2675 4054 2819 4122; x_wconf 83' lang='grc' dir='ltr'><strong>τρεῖς</strong></span> <span class='ocrx_word' id='word_1_645' title='bbox 2866 4036 3067 4121; x_wconf 69' lang='grc' dir='ltr'>ψαλμοὶ</span> <span class='ocrx_word' id='word_1_646' title='bbox 3117 4049 3176 4102; x_wconf 79' lang='grc' dir='ltr'><strong>ού</strong></span> <span class='ocrx_word' id='word_1_647' title='bbox 3219 4049 3348 4120; x_wconf 75' lang='grc' dir='ltr'><strong>περὶ</strong></span> <span class='ocrx_word' id='word_1_648' title='bbox 3376 4049 3523 4122; x_wconf 66' lang='grc' dir='ltr'><strong>μιᾷς.</strong></span> <span class='ocrx_word' id='word_1_649' title='bbox 3566 4047 3703 4101; x_wconf 76' lang='grc' dir='ltr'><strong>ἀλλά</strong></span> <span class='ocrx_word' id='word_1_650' title='bbox 3756 4048 3868 4116; x_wconf 51' lang='grc' dir='ltr'><strong>περὶ</strong></span> 
     </span>
    </p>
   </div>
   <div class='ocr_carea' id='block_1_87' title="bbox 2315 4124 3869 4215">
    <p class='ocr_par' dir='ltr' id='par_1_87' title="bbox 2315 4138 3869 4215">
     <span class='ocr_line' id='line_1_87' title="bbox 2315 4138 3869 4215; baseline -0.005 -17"><span class='ocrx_word' id='word_1_651' title='bbox 2315 4144 2521 4198; x_wconf 84' lang='grc' dir='ltr'><strong>πολλῶν</strong></span> <span class='ocrx_word' id='word_1_652' title='bbox 2556 4141 2943 4215; x_wconf 85' lang='grc' dir='ltr'><strong>μνημονεύουσι</strong></span> <span class='ocrx_word' id='word_1_653' title='bbox 2974 4140 3167 4213; x_wconf 86' lang='grc' dir='ltr'><strong>ληνῶν,</strong></span> <span class='ocrx_word' id='word_1_654' title='bbox 3200 4140 3306 4193; x_wconf 86' lang='grc' dir='ltr'><strong>τῶν</strong></span> <span class='ocrx_word' id='word_1_655' title='bbox 3337 4138 3439 4193; x_wconf 80' lang='grc' dir='ltr'><strong>ἀνὰ</strong></span> <span class='ocrx_word' id='word_1_656' title='bbox 3478 4141 3651 4193; x_wconf 77' lang='grc' dir='ltr'><strong>πᾶσαν</strong></span> <span class='ocrx_word' id='word_1_657' title='bbox 3685 4138 3786 4210; x_wconf 78' lang='grc' dir='ltr'><strong>τὴν</strong></span> <span class='ocrx_word' id='word_1_658' title='bbox 3807 4141 3869 4190; x_wconf 77' lang='grc' dir='ltr'><strong>οξ-</strong></span> 
     </span>
    </p>
   </div>
   <div class='ocr_carea' id='block_1_88' title="bbox 2315 4223 3867 4308">
    <p class='ocr_par' dir='ltr' id='par_1_88' title="bbox 2315 4223 3867 4308">
     <span class='ocr_line' id='line_1_88' title="bbox 2315 4223 3867 4308; baseline -0.007 -16"><span class='ocrx_word' id='word_1_659' title='bbox 2315 4223 2581 4308; x_wconf 82' lang='grc' dir='ltr'><strong>κουμένην</strong></span> <span class='ocrx_word' id='word_1_660' title='bbox 2613 4237 2705 4289; x_wconf 84' lang='grc' dir='ltr'><strong>τοῦ</strong></span> <span class='ocrx_word' id='word_1_661' title='bbox 2747 4235 2995 4307; x_wconf 80' lang='grc' dir='ltr'><strong>Σωτῆρος</strong></span> <span class='ocrx_word' id='word_1_662' title='bbox 3027 4232 3181 4304; x_wconf 76' lang='grc' dir='ltr'><strong>ἡμῶν</strong></span> <span class='ocrx_word' id='word_1_663' title='bbox 3218 4231 3517 4304; x_wconf 76' lang='grc' dir='ltr'><strong>ἐκκλησιῶν</strong></span> <span class='ocrx_word' id='word_1_664' title='bbox 3562 4230 3751 4285; x_wconf 82' lang='grc' dir='ltr'><strong>τοῦτον</strong></span> <span class='ocrx_word' id='word_1_665' title='bbox 3790 4232 3867 4299; x_wconf 70' lang='lat'><strong>57;-</strong></span> 
     </span>
    </p>
   </div>
   <div class='ocr_carea' id='block_1_89' title="bbox 2312 4322 3867 4399">
    <p class='ocr_par' dir='ltr' id='par_1_89' title="bbox 2312 4322 3867 4399">
     <span class='ocr_line' id='line_1_89' title="bbox 2312 4322 3867 4399; baseline -0.005 -17"><span class='ocrx_word' id='word_1_666' title='bbox 2312 4329 2584 4399; x_wconf 82' lang='grc' dir='ltr'><strong>λουμένων</strong></span> <span class='ocrx_word' id='word_1_667' title='bbox 2613 4327 2703 4381; x_wconf 83' lang='grc' dir='ltr'><strong>τὸν</strong></span> <span class='ocrx_word' id='word_1_668' title='bbox 2733 4328 2950 4399; x_wconf 88' lang='grc' dir='ltr'><strong>τρόπον.</strong></span> <span class='ocrx_word' id='word_1_669' title='bbox 2984 4325 3190 4379; x_wconf 82' lang='grc' dir='ltr'><strong>Αὐτίκα</strong></span> <span class='ocrx_word' id='word_1_670' title='bbox 3224 4323 3310 4377; x_wconf 84' lang='grc' dir='ltr'><strong>διὰ</strong></span> <span class='ocrx_word' id='word_1_671' title='bbox 3350 4324 3457 4375; x_wconf 88' lang='grc' dir='ltr'><strong>τῶν</strong></span> <span class='ocrx_word' id='word_1_672' title='bbox 3506 4322 3867 4394; x_wconf 65' lang='grc' dir='ltr'><strong>προκειμένων</strong></span> 
     </span>
    </p>
   </div>
   <div class='ocr_carea' id='block_1_90' title="bbox 2314 4411 3863 4490">
    <p class='ocr_par' dir='ltr' id='par_1_90' title="bbox 2314 4411 3863 4490">
     <span class='ocr_line' id='line_1_90' title="bbox 2314 4411 3863 4490; baseline -0.005 -18"><span class='ocrx_word' id='word_1_673' title='bbox 2314 4418 2555 4490; x_wconf 77' lang='grc' dir='ltr'><strong>εἴρηται</strong></span> <span class='ocrx_word' id='word_1_674' title='bbox 2590 4420 2685 4489; x_wconf 86' lang='grc' dir='ltr'><strong>μὲν</strong></span> <span class='ocrx_word' id='word_1_675' title='bbox 2732 4420 2789 4470; x_wconf 79' lang='grc' dir='ltr'><strong>ὲν</strong></span> <span class='ocrx_word' id='word_1_676' title='bbox 2833 4420 2898 4489; x_wconf 82' lang='grc' dir='ltr'><strong>τῇ</strong></span> <span class='ocrx_word' id='word_1_677' title='bbox 2954 4418 3245 4487; x_wconf 77' lang='grc' dir='ltr'><strong>προγραφῇ</strong></span> <span class='ocrx_word' id='word_1_678' title='bbox 3284 4413 3435 4483; x_wconf 80' lang='grc' dir='ltr'><strong>ὑπὲρ</strong></span> <span class='ocrx_word' id='word_1_679' title='bbox 3481 4413 3599 4468; x_wconf 73' lang='grc' dir='ltr'><strong>τῶν</strong></span> <span class='ocrx_word' id='word_1_680' title='bbox 3638 4411 3863 4483; x_wconf 60' lang='grc' dir='ltr'><strong>ληγῶγ·</strong></span> 
     </span>
    </p>
   </div>
   <div class='ocr_carea' id='block_1_91' title="bbox 2314 4504 3867 4583">
    <p class='ocr_par' dir='ltr' id='par_1_91' title="bbox 2314 4504 3867 4583">
     <span class='ocr_line' id='line_1_91' title="bbox 2314 4504 3867 4583; baseline -0.005 -19"><span class='ocrx_word' id='word_1_681' title='bbox 2314 4512 2439 4583; x_wconf 78' lang='grc' dir='ltr'><strong>ἑξῆς</strong></span> <span class='ocrx_word' id='word_1_682' title='bbox 2481 4510 2536 4563; x_wconf 85' lang='grc' dir='ltr'>δὲ</span> <span class='ocrx_word' id='word_1_683' title='bbox 2582 4509 2937 4581; x_wconf 14' lang='grc' dir='ltr'><strong>ὲπιλέγεταιον</strong></span> <span class='ocrx_word' id='word_1_684' title='bbox 2968 4510 3060 4575; x_wconf 84' lang='grc' dir='ltr'><strong>Ὠς</strong></span> <span class='ocrx_word' id='word_1_685' title='bbox 3095 4508 3367 4579; x_wconf 72' lang='grc' dir='ltr'><strong>ἀγαπητὰ</strong></span> <span class='ocrx_word' id='word_1_686' title='bbox 3410 4507 3481 4560; x_wconf 77' lang='grc' dir='ltr'><strong>τὰ</strong></span> <span class='ocrx_word' id='word_1_687' title='bbox 3523 4504 3867 4573; x_wconf 56' lang='lat' dir='ltr'><strong>nume</strong></span> 
     </span>
    </p>
   </div>
   <div class='ocr_carea' id='block_1_92' title="bbox 650 4584 2222 4669">
    <p class='ocr_par' dir='ltr' id='par_1_92' title="bbox 650 4584 2205 4651">
     <span class='ocr_line' id='line_1_92' title="bbox 650 4584 2205 4651; baseline -0.005 -2"><span class='ocrx_word' id='word_1_688' title='bbox 650 4594 848 4649; x_wconf 86' lang='lat' dir='ltr'><strong>dicitur</strong></span> <span class='ocrx_word' id='word_1_689' title='bbox 880 4607 1000 4648; x_wconf 90' lang='lat' dir='ltr'><strong>esse</strong></span> <span class='ocrx_word' id='word_1_690' title='bbox 1029 4589 1378 4646; x_wconf 87' lang='lat' dir='ltr'><strong>tabernacula</strong></span> <span class='ocrx_word' id='word_1_691' title='bbox 1407 4586 1642 4651; x_wconf 91' lang='lat' dir='ltr'><strong>Domini,</strong></span> <span class='ocrx_word' id='word_1_692' title='bbox 1662 4584 1913 4641; x_wconf 76' lang='lat' dir='ltr'><strong>videlicet</strong></span> <span class='ocrx_word' id='word_1_693' title='bbox 1948 4586 2205 4642; x_wconf 89' lang='lat' dir='ltr'><strong>ecclesias</strong></span> 
     </span>
    </p>
   </div>
   <div class='ocr_carea' id='block_1_93' title="bbox 2320 4584 3864 4669">
    <p class='ocr_par' dir='ltr' id='par_1_93' title="bbox 2320 4595 3864 4669">
     <span class='ocr_line' id='line_1_93' title="bbox 2320 4595 3864 4669; baseline -0.006 -13"><span class='ocrx_word' id='word_1_694' title='bbox 2320 4620 2445 4667; x_wconf 80' lang='grc' dir='ltr'><strong>σου,</strong></span> <span class='ocrx_word' id='word_1_695' title='bbox 2489 4602 2665 4669; x_wconf 77' lang='grc' dir='ltr'><strong>Κύριε</strong></span> <span class='ocrx_word' id='word_1_696' title='bbox 2699 4600 2816 4654; x_wconf 75' lang='grc' dir='ltr'><strong>τῶν</strong></span> <span class='ocrx_word' id='word_1_697' title='bbox 2852 4599 3197 4669; x_wconf 69' lang='grc' dir='ltr'><strong>δυνάμεων]</strong></span> <span class='ocrx_word' id='word_1_698' title='bbox 3238 4599 3515 4669; x_wconf 80' lang='grc' dir='ltr'><strong>μονονουχὶ</strong></span> <span class='ocrx_word' id='word_1_699' title='bbox 3558 4595 3864 4667; x_wconf 64' lang='grc' dir='ltr'><strong>σαφηνίζον-</strong></span> 
     </span>
    </p>
   </div>
   <div class='ocr_carea' id='block_1_94' title="bbox 654 4676 2208 4753">
    <p class='ocr_par' dir='ltr' id='par_1_94' title="bbox 654 4676 2208 4753">
     <span class='ocr_line' id='line_1_94' title="bbox 654 4676 2208 4753; baseline -0.003 -16"><span class='ocrx_word' id='word_1_700' title='bbox 654 4682 797 4753; x_wconf 90' lang='lat' dir='ltr'><strong>ejus,</strong></span> <span class='ocrx_word' id='word_1_701' title='bbox 817 4682 1017 4752; x_wconf 91' lang='lat' dir='ltr'><strong>quasin</strong></span> <span class='ocrx_word' id='word_1_702' title='bbox 1037 4678 1616 4751; x_wconf 71' lang='lat' dir='ltr'><strong>sequentibusjelarius</strong></span> <span class='ocrx_word' id='word_1_703' title='bbox 1646 4676 1732 4733; x_wconf 88' lang='lat' dir='ltr'><strong>his</strong></span> <span class='ocrx_word' id='word_1_704' title='bbox 1759 4678 1940 4737; x_wconf 84' lang='lat' dir='ltr'><strong>verbis</strong></span> <span class='ocrx_word' id='word_1_705' title='bbox 1969 4692 2208 4744; x_wconf 81' lang='lat' dir='ltr'><strong>comme-</strong></span> 
     </span>
    </p>
   </div>
   <div class='ocr_carea' id='block_1_95' title="bbox 660 4770 2207 4840">
    <p class='ocr_par' dir='ltr' id='par_1_95' title="bbox 660 4770 2207 4840">
     <span class='ocr_line' id='line_1_95' title="bbox 660 4770 2207 4840; baseline -0.003 -11"><span class='ocrx_word' id='word_1_706' title='bbox 660 4783 837 4829; x_wconf 86' lang='lat' dir='ltr'><strong>morat</strong></span> <span class='ocrx_word' id='word_1_707' title='bbox 865 4770 1135 4827; x_wconf 73' lang='lat' dir='ltr'><strong>1—VEBS.</strong></span> <span class='ocrx_word' id='word_1_708' title='bbox 1154 4773 1207 4826; x_wconf 81' lang='grc'><strong>5.</strong></span> <span class='ocrx_word' id='word_1_709' title='bbox 1228 4770 1561 4840; x_wconf 76' lang='lat' dir='ltr'><strong>Concupiscil</strong></span> <span class='ocrx_word' id='word_1_710' title='bbox 1580 4780 1627 4823; x_wconf 87' lang='lat' dir='ltr'><strong>et</strong></span> <span class='ocrx_word' id='word_1_711' title='bbox 1645 4770 1820 4839; x_wconf 83' lang='lat' dir='ltr'><strong>deﬁcit</strong></span> <span class='ocrx_word' id='word_1_712' title='bbox 1838 4770 2015 4823; x_wconf 81' lang='lat' dir='ltr'><strong>anima</strong></span> <span class='ocrx_word' id='word_1_713' title='bbox 2028 4786 2139 4824; x_wconf 89' lang='lat' dir='ltr'><strong>mea</strong></span> <span class='ocrx_word' id='word_1_714' title='bbox 2154 4770 2207 4824; x_wconf 82' lang='lat' dir='ltr'><strong>in</strong></span> 
     </span>
    </p>
   </div>
   <div class='ocr_carea' id='block_1_96' title="bbox 654 4861 2207 4929">
    <p class='ocr_par' dir='ltr' id='par_1_96' title="bbox 654 4861 2207 4929">
     <span class='ocr_line' id='line_1_96' title="bbox 654 4861 2207 4929; baseline -0.003 -10"><span class='ocrx_word' id='word_1_715' title='bbox 654 4867 795 4919; x_wconf 70' lang='lat' dir='ltr'><strong>atria</strong></span> <span class='ocrx_word' id='word_1_716' title='bbox 819 4862 1047 4917; x_wconf 85' lang='lat' dir='ltr'><strong>Domini.</strong></span> <span class='ocrx_word' id='word_1_717' title='bbox 1077 4863 1187 4917; x_wconf 90' lang='lat' dir='ltr'><strong>Sub</strong></span> <span class='ocrx_word' id='word_1_718' title='bbox 1208 4862 1320 4917; x_wconf 62' lang='lat' dir='ltr'><strong>haec</strong></span> <span class='ocrx_word' id='word_1_719' title='bbox 1337 4878 1529 4919; x_wconf 90' lang='lat' dir='ltr'><strong>rursus</strong></span> <span class='ocrx_word' id='word_1_720' title='bbox 1561 4863 1635 4916; x_wconf 91' lang='lat' dir='ltr'><strong>ait</strong></span> <span class='ocrx_word' id='word_1_721' title='bbox 1664 4882 1676 4917; x_wconf 91' lang='lat'><strong>:</strong></span> <span class='ocrx_word' id='word_1_722' title='bbox 1705 4861 1916 4916; x_wconf 82' lang='lat' dir='ltr'><strong>Altaria</strong></span> <span class='ocrx_word' id='word_1_723' title='bbox 1946 4871 2058 4929; x_wconf 87' lang='lat' dir='ltr'><strong>tua,</strong></span> <span class='ocrx_word' id='word_1_724' title='bbox 2098 4861 2207 4915; x_wconf 88' lang='lat' dir='ltr'><strong>Do-</strong></span> 
     </span>
    </p>
   </div>
   <div class='ocr_carea' id='block_1_97' title="bbox 660 4953 2204 5025">
    <p class='ocr_par' dir='ltr' id='par_1_97' title="bbox 660 4953 2204 5025">
     <span class='ocr_line' id='line_1_97' title="bbox 660 4953 2204 5025; baseline -0.003 -13"><span class='ocrx_word' id='word_1_725' title='bbox 660 4958 798 5013; x_wconf 85' lang='lat' dir='ltr'><strong>mine</strong></span> <span class='ocrx_word' id='word_1_726' title='bbox 830 4956 1102 5010; x_wconf 85' lang='lat' dir='ltr'><strong>virtutum.</strong></span> <span class='ocrx_word' id='word_1_727' title='bbox 1142 4955 1219 5008; x_wconf 84' lang='lat' dir='ltr'><strong>Ac</strong></span> <span class='ocrx_word' id='word_1_728' title='bbox 1249 4954 1571 5025; x_wconf 84' lang='lat' dir='ltr'><strong>perpendas,</strong></span> <span class='ocrx_word' id='word_1_729' title='bbox 1602 4968 1807 5024; x_wconf 56' lang='lat' dir='ltr'><strong>quasso,</strong></span> <span class='ocrx_word' id='word_1_730' title='bbox 1840 4969 2021 5008; x_wconf 88' lang='lat' dir='ltr'><strong>annon</strong></span> <span class='ocrx_word' id='word_1_731' title='bbox 2064 4953 2204 5023; x_wconf 89' lang='lat' dir='ltr'><strong>pari,</strong></span> 
     </span>
    </p>
   </div>
   <div class='ocr_carea' id='block_1_98' title="bbox 651 5045 2211 5123">
    <p class='ocr_par' dir='ltr' id='par_1_98' title="bbox 651 5045 2211 5123">
     <span class='ocr_line' id='line_1_98' title="bbox 651 5045 2211 5123; baseline -0.006 -15"><span class='ocrx_word' id='word_1_732' title='bbox 651 5063 815 5123; x_wconf 86' lang='lat' dir='ltr'><strong>atque</strong></span> <span class='ocrx_word' id='word_1_733' title='bbox 830 5048 885 5103; x_wconf 92' lang='lat' dir='ltr'><strong>in</strong></span> <span class='ocrx_word' id='word_1_734' title='bbox 903 5049 1058 5103; x_wconf 89' lang='lat' dir='ltr'><strong>titulo</strong></span> <span class='ocrx_word' id='word_1_735' title='bbox 1069 5047 1162 5118; x_wconf 91' lang='lat' dir='ltr'><strong>qui</strong></span> <span class='ocrx_word' id='word_1_736' title='bbox 1186 5045 1293 5101; x_wconf 89' lang='lat' dir='ltr'><strong>Pro</strong></span> <span class='ocrx_word' id='word_1_737' title='bbox 1310 5046 1662 5101; x_wconf 81' lang='lat' dir='ltr'><strong>torcularibus</strong></span> <span class='ocrx_word' id='word_1_738' title='bbox 1677 5046 1951 5109; x_wconf 88' lang='lat' dir='ltr'><strong>scribitur,</strong></span> <span class='ocrx_word' id='word_1_739' title='bbox 1970 5046 2211 5101; x_wconf 89' lang='lat' dir='ltr'><strong>oratione</strong></span> 
     </span>
    </p>
   </div>
   <div class='ocr_carea' id='block_1_99' title="bbox 654 5141 2211 5215">
    <p class='ocr_par' dir='ltr' id='par_1_99' title="bbox 654 5141 2211 5215">
     <span class='ocr_line' id='line_1_99' title="bbox 654 5141 2211 5215; baseline -0.006 -13"><span class='ocrx_word' id='word_1_740' title='bbox 654 5144 1004 5202; x_wconf 85' lang='lat' dir='ltr'><strong>tabernacula</strong></span> <span class='ocrx_word' id='word_1_741' title='bbox 1029 5142 1315 5215; x_wconf 91' lang='lat' dir='ltr'><strong>pluraliter</strong></span> <span class='ocrx_word' id='word_1_742' title='bbox 1334 5141 1729 5213; x_wconf 80' lang='lat' dir='ltr'><strong>exprimantur,</strong></span> <span class='ocrx_word' id='word_1_743' title='bbox 1757 5142 2050 5212; x_wconf 89' lang='lat' dir='ltr'><strong>itidemque</strong></span> <span class='ocrx_word' id='word_1_744' title='bbox 2073 5141 2211 5194; x_wconf 87' lang='lat' dir='ltr'><strong>atria</strong></span> 
     </span>
    </p>
   </div>
   <div class='ocr_carea' id='block_1_100' title="bbox 651 5234 2209 5304">
    <p class='ocr_par' dir='ltr' id='par_1_100' title="bbox 651 5234 2209 5304">
     <span class='ocr_line' id='line_1_100' title="bbox 651 5234 2209 5304; baseline -0.004 -11"><span class='ocrx_word' id='word_1_745' title='bbox 651 5249 704 5294; x_wconf 89' lang='lat' dir='ltr'><strong>et</strong></span> <span class='ocrx_word' id='word_1_746' title='bbox 729 5237 956 5303; x_wconf 87' lang='lat' dir='ltr'><strong>altaria;</strong></span> <span class='ocrx_word' id='word_1_747' title='bbox 992 5236 1067 5289; x_wconf 92' lang='lat' dir='ltr'><strong>ita</strong></span> <span class='ocrx_word' id='word_1_748' title='bbox 1116 5242 1176 5288; x_wconf 90' lang='lat' dir='ltr'><strong>ut</strong></span> <span class='ocrx_word' id='word_1_749' title='bbox 1207 5250 1315 5288; x_wconf 92' lang='lat' dir='ltr'><strong>non</strong></span> <span class='ocrx_word' id='word_1_750' title='bbox 1361 5235 1473 5303; x_wconf 87' lang='lat' dir='ltr'><strong>jam</strong></span> <span class='ocrx_word' id='word_1_751' title='bbox 1525 5234 1805 5304; x_wconf 83' lang='lat' dir='ltr'><strong>antiquum</strong></span> <span class='ocrx_word' id='word_1_752' title='bbox 1853 5234 1985 5289; x_wconf 90' lang='lat' dir='ltr'><strong>illud</strong></span> <span class='ocrx_word' id='word_1_753' title='bbox 2040 5248 2209 5287; x_wconf 92' lang='lat' dir='ltr'><strong>unum</strong></span> 
     </span>
    </p>
   </div>
   <div class='ocr_carea' id='block_1_101' title="bbox 651 5326 2207 5398">
    <p class='ocr_par' dir='ltr' id='par_1_101' title="bbox 651 5326 2207 5398">
     <span class='ocr_line' id='line_1_101' title="bbox 651 5326 2207 5398; baseline -0.004 -13"><span class='ocrx_word' id='word_1_754' title='bbox 651 5329 1062 5385; x_wconf 86' lang='lat' dir='ltr'><strong>tabernaculum</strong></span> <span class='ocrx_word' id='word_1_755' title='bbox 1088 5326 1438 5398; x_wconf 75' lang='lat' dir='ltr'><strong>Jerosolymis</strong></span> <span class='ocrx_word' id='word_1_756' title='bbox 1472 5327 1783 5390; x_wconf 90' lang='lat' dir='ltr'><strong>situm,.non</strong></span> <span class='ocrx_word' id='word_1_757' title='bbox 1810 5342 1976 5380; x_wconf 93' lang='lat' dir='ltr'><strong>unum</strong></span> <span class='ocrx_word' id='word_1_758' title='bbox 2011 5326 2207 5381; x_wconf 90' lang='lat' dir='ltr'><strong>ibidem</strong></span> 
     </span>
    </p>
   </div>
   <div class='ocr_carea' id='block_1_102' title="bbox 554 5418 2208 5495">
    <p class='ocr_par' dir='ltr' id='par_1_102' title="bbox 554 5418 2208 5495">
     <span class='ocr_line' id='line_1_102' title="bbox 554 5418 2208 5495; baseline -0.002 -19"><span class='ocrx_word' id='word_1_759' title='bbox 554 5448 556 5451; x_wconf 85' lang='lat'><strong><em>-</em></strong></span> <span class='ocrx_word' id='word_1_760' title='bbox 652 5424 886 5495; x_wconf 82' lang='lat' dir='ltr'><strong>positum</strong></span> <span class='ocrx_word' id='word_1_761' title='bbox 940 5420 1131 5493; x_wconf 83' lang='lat' dir='ltr'><strong>altare,</strong></span> <span class='ocrx_word' id='word_1_762' title='bbox 1163 5435 1271 5474; x_wconf 92' lang='lat' dir='ltr'><strong>non</strong></span> <span class='ocrx_word' id='word_1_763' title='bbox 1322 5434 1489 5473; x_wconf 90' lang='lat' dir='ltr'><strong>unum</strong></span> <span class='ocrx_word' id='word_1_764' title='bbox 1549 5419 1770 5472; x_wconf 88' lang='lat' dir='ltr'><strong>atrium</strong></span> <span class='ocrx_word' id='word_1_765' title='bbox 1801 5418 1988 5475; x_wconf 89' lang='lat' dir='ltr'><strong>eodem</strong></span> <span class='ocrx_word' id='word_1_766' title='bbox 2025 5419 2208 5475; x_wconf 86' lang='lat' dir='ltr'><strong>consi-</strong></span> 
     </span>
    </p>
   </div>
   <div class='ocr_carea' id='block_1_103' title="bbox 650 5508 2208 5580">
    <p class='ocr_par' dir='ltr' id='par_1_103' title="bbox 650 5508 2208 5580">
     <span class='ocr_line' id='line_1_103' title="bbox 650 5508 2208 5580; baseline -0.006 -5"><span class='ocrx_word' id='word_1_767' title='bbox 650 5528 799 5575; x_wconf 80' lang='lat' dir='ltr'><strong>stens</strong></span> <span class='ocrx_word' id='word_1_768' title='bbox 829 5514 983 5580; x_wconf 86' lang='lat' dir='ltr'><strong>loco;</strong></span> <span class='ocrx_word' id='word_1_769' title='bbox 1012 5512 1107 5568; x_wconf 84' lang='lat' dir='ltr'><strong>sed</strong></span> <span class='ocrx_word' id='word_1_770' title='bbox 1153 5513 1404 5567; x_wconf 86' lang='lat' dir='ltr'><strong>universa</strong></span> <span class='ocrx_word' id='word_1_771' title='bbox 1439 5526 1534 5580; x_wconf 91' lang='lat' dir='ltr'><strong>per</strong></span> <span class='ocrx_word' id='word_1_772' title='bbox 1564 5511 1751 5567; x_wconf 88' lang='lat' dir='ltr'><strong>orbem</strong></span> <span class='ocrx_word' id='word_1_773' title='bbox 1785 5510 1998 5576; x_wconf 86' lang='lat' dir='ltr'><strong>altaria,</strong></span> <span class='ocrx_word' id='word_1_774' title='bbox 2029 5508 2208 5566; x_wconf 85' lang='lat' dir='ltr'><strong>taber-</strong></span> 
     </span>
    </p>
   </div>
   <div class='ocr_carea' id='block_1_104' title="bbox 647 5601 2203 5675">
    <p class='ocr_par' dir='ltr' id='par_1_104' title="bbox 647 5601 2203 5675">
     <span class='ocr_line' id='line_1_104' title="bbox 647 5601 2203 5675; baseline -0.005 -10"><span class='ocrx_word' id='word_1_775' title='bbox 647 5608 844 5665; x_wconf 86' lang='lat' dir='ltr'><strong>nacula</strong></span> <span class='ocrx_word' id='word_1_776' title='bbox 876 5614 928 5662; x_wconf 92' lang='lat' dir='ltr'><strong>et</strong></span> <span class='ocrx_word' id='word_1_777' title='bbox 946 5603 1081 5659; x_wconf 89' lang='lat' dir='ltr'><strong>atria</strong></span> <span class='ocrx_word' id='word_1_778' title='bbox 1111 5604 1199 5659; x_wconf 85' lang='lat' dir='ltr'><strong>hic</strong></span> <span class='ocrx_word' id='word_1_779' title='bbox 1221 5601 1500 5674; x_wconf 83' lang='lat' dir='ltr'><strong>Scriptura</strong></span> <span class='ocrx_word' id='word_1_780' title='bbox 1531 5602 1813 5673; x_wconf 83' lang='lat' dir='ltr'><strong>significet.</strong></span> <span class='ocrx_word' id='word_1_781' title='bbox 1832 5604 1934 5658; x_wconf 88' lang='lat' dir='ltr'><strong>Alii</strong></span> <span class='ocrx_word' id='word_1_782' title='bbox 1965 5604 2203 5675; x_wconf 90' lang='lat' dir='ltr'><strong>quidem,</strong></span> 
     </span>
    </p>
   </div>
   <div class='ocr_carea' id='block_1_105' title="bbox 650 5695 2198 5769">
    <p class='ocr_par' dir='ltr' id='par_1_105' title="bbox 650 5695 2198 5769">
     <span class='ocr_line' id='line_1_105' title="bbox 650 5695 2198 5769; baseline -0.004 -13"><span class='ocrx_word' id='word_1_783' title='bbox 650 5704 744 5767; x_wconf 88' lang='lat' dir='ltr'><strong>ait,</strong></span> <span class='ocrx_word' id='word_1_784' title='bbox 776 5700 881 5754; x_wconf 90' lang='lat' dir='ltr'><strong>alia</strong></span> <span class='ocrx_word' id='word_1_785' title='bbox 918 5696 1150 5769; x_wconf 83' lang='lat' dir='ltr'><strong>diligunt</strong></span> <span class='ocrx_word' id='word_1_786' title='bbox 1176 5705 1231 5751; x_wconf 89' lang='lat' dir='ltr'><strong>et</strong></span> <span class='ocrx_word' id='word_1_787' title='bbox 1275 5697 1451 5767; x_wconf 82' lang='lat' dir='ltr'><strong>magni</strong></span> <span class='ocrx_word' id='word_1_788' title='bbox 1486 5697 1688 5750; x_wconf 77' lang='lat' dir='ltr'><strong>faciunt</strong></span> <span class='ocrx_word' id='word_1_789' title='bbox 1711 5714 1724 5764; x_wconf 88' lang='lat'><strong>;</strong></span> <span class='ocrx_word' id='word_1_790' title='bbox 1751 5698 1879 5752; x_wconf 90' lang='lat' dir='ltr'><strong>mihi</strong></span> <span class='ocrx_word' id='word_1_791' title='bbox 1908 5714 2057 5762; x_wconf 89' lang='lat' dir='ltr'><strong>vero,</strong></span> <span class='ocrx_word' id='word_1_792' title='bbox 2095 5695 2198 5750; x_wconf 86' lang='lat' dir='ltr'><strong>Do-</strong></span> 
     </span>
    </p>
   </div>
   <div class='ocr_carea' id='block_1_106' title="bbox 719 5851 1456 5923">
    <p class='ocr_par' dir='ltr' id='par_1_106' title="bbox 719 5851 1456 5923">
     <span class='ocr_line' id='line_1_106' title="bbox 719 5851 1456 5923; baseline -0.003 -16"><span class='ocrx_word' id='word_1_793' title='bbox 719 5856 761 5893; x_wconf 78' lang='lat'>“</span> <span class='ocrx_word' id='word_1_794' title='bbox 799 5854 902 5913; x_wconf 87' lang='lat' dir='ltr'><strong>lsa.</strong></span> <span class='ocrx_word' id='word_1_795' title='bbox 938 5872 989 5923; x_wconf 89' lang='lat' dir='ltr'><strong>v,</strong></span> <span class='ocrx_word' id='word_1_796' title='bbox 1030 5854 1078 5910; x_wconf 92' lang='lat'><strong>7.</strong></span> <span class='ocrx_word' id='word_1_797' title='bbox 1156 5853 1201 5886; x_wconf 72' lang='grc' dir='ltr'><strong>’θ</strong></span> <span class='ocrx_word' id='word_1_798' title='bbox 1242 5852 1373 5909; x_wconf 84' lang='lat' dir='ltr'><strong>ibid.</strong></span> <span class='ocrx_word' id='word_1_799' title='bbox 1400 5851 1456 5907; x_wconf 78' lang='lat'><strong>‘2.</strong></span> 
     </span>
    </p>
   </div>
   <div class='ocr_carea' id='block_1_107' title="bbox 2313 4686 3867 4761">
    <p class='ocr_par' dir='ltr' id='par_1_107' title="bbox 2313 4686 3867 4761">
     <span class='ocr_line' id='line_1_107' title="bbox 2313 4686 3867 4761; baseline -0.006 -16"><span class='ocrx_word' id='word_1_800' title='bbox 2313 4709 2404 4756; x_wconf 91' lang='grc' dir='ltr'><strong>τος</strong></span> <span class='ocrx_word' id='word_1_801' title='bbox 2427 4690 2521 4745; x_wconf 80' lang='grc' dir='ltr'><strong>τοῦ</strong></span> <span class='ocrx_word' id='word_1_802' title='bbox 2558 4691 2715 4760; x_wconf 87' lang='grc' dir='ltr'><strong>λόγου</strong></span> <span class='ocrx_word' id='word_1_803' title='bbox 2744 4691 2837 4753; x_wconf 78' lang='grc' dir='ltr'><strong>τὰς</strong></span> <span class='ocrx_word' id='word_1_804' title='bbox 2873 4690 3309 4761; x_wconf 80' lang='grc' dir='ltr'><strong>προτεταγμένας</strong></span> <span class='ocrx_word' id='word_1_805' title='bbox 3347 4689 3555 4759; x_wconf 73' lang='grc' dir='ltr'><strong>ληνοὺς,</strong></span> <span class='ocrx_word' id='word_1_806' title='bbox 3577 4686 3723 4749; x_wconf 79' lang='grc' dir='ltr'><strong>τίνες</strong></span> <span class='ocrx_word' id='word_1_807' title='bbox 3754 4686 3867 4737; x_wconf 67' lang='grc' dir='ltr'><strong>ποτὲ</strong></span> 
     </span>
    </p>
   </div>
   <div class='ocr_carea' id='block_1_108' title="bbox 2313 4777 3869 4854">
    <p class='ocr_par' dir='ltr' id='par_1_108' title="bbox 2313 4777 3869 4854">
     <span class='ocr_line' id='line_1_108' title="bbox 2313 4777 3869 4854; baseline -0.006 -16"><span class='ocrx_word' id='word_1_808' title='bbox 2313 4779 2443 4840; x_wconf 85' lang='grc' dir='ltr'><strong>εἷεν.</strong></span> <span class='ocrx_word' id='word_1_809' title='bbox 2465 4784 2624 4854; x_wconf 85' lang='grc' dir='ltr'><strong>Δηλοῖ</strong></span> <span class='ocrx_word' id='word_1_810' title='bbox 2655 4783 2762 4853; x_wconf 79' lang='grc' dir='ltr'><strong>γὰρ</strong></span> <span class='ocrx_word' id='word_1_811' title='bbox 2800 4782 2998 4845; x_wconf 88' lang='grc' dir='ltr'><strong>ταύτας</strong></span> <span class='ocrx_word' id='word_1_812' title='bbox 3024 4779 3161 4836; x_wconf 80' lang='grc' dir='ltr'><strong>εἶναι</strong></span> <span class='ocrx_word' id='word_1_813' title='bbox 3195 4784 3261 4837; x_wconf 79' lang='grc' dir='ltr'><strong>τὰ</strong></span> <span class='ocrx_word' id='word_1_814' title='bbox 3291 4780 3620 4852; x_wconf 79' lang='grc' dir='ltr'><strong>σκηνώματα</strong></span> <span class='ocrx_word' id='word_1_815' title='bbox 3652 4777 3749 4831; x_wconf 74' lang='grc' dir='ltr'><strong>τοῦ</strong></span> <span class='ocrx_word' id='word_1_816' title='bbox 3772 4780 3869 4831; x_wconf 68' lang='grc' dir='ltr'><strong>Κν-</strong></span> 
     </span>
    </p>
   </div>
   <div class='ocr_carea' id='block_1_109' title="bbox 2317 4862 3867 4949">
    <p class='ocr_par' dir='ltr' id='par_1_109' title="bbox 2317 4862 3867 4949">
     <span class='ocr_line' id='line_1_109' title="bbox 2317 4862 3867 4949; baseline -0.006 -18"><span class='ocrx_word' id='word_1_817' title='bbox 2317 4875 2683 4949; x_wconf 84' lang='grc' dir='ltr'><strong>ρίου,.δηλαδὴ</strong></span> <span class='ocrx_word' id='word_1_818' title='bbox 2725 4872 2823 4937; x_wconf 79' lang='grc' dir='ltr'><strong>τὰς</strong></span> <span class='ocrx_word' id='word_1_819' title='bbox 2862 4862 3149 4945; x_wconf 57' lang='grc' dir='ltr'><strong>ἐκκλησίας</strong></span> <span class='ocrx_word' id='word_1_820' title='bbox 3192 4871 3377 4937; x_wconf 81' lang='grc' dir='ltr'><strong>αὐτοῦ,</strong></span> <span class='ocrx_word' id='word_1_821' title='bbox 3415 4872 3480 4935; x_wconf 75' lang='grc' dir='ltr'><strong>ἃς</strong></span> <span class='ocrx_word' id='word_1_822' title='bbox 3528 4869 3733 4942; x_wconf 79' lang='grc' dir='ltr'><strong>προῖὼν</strong></span> <span class='ocrx_word' id='word_1_823' title='bbox 3762 4870 3867 4922; x_wconf 69' lang='grc' dir='ltr'><strong>λευ-</strong></span> 
     </span>
    </p>
   </div>
   <div class='ocr_carea' id='block_1_110' title="bbox 2316 4962 3867 5043">
    <p class='ocr_par' dir='ltr' id='par_1_110' title="bbox 2316 4962 3867 5043">
     <span class='ocr_line' id='line_1_110' title="bbox 2316 4962 3867 5043; baseline -0.006 -19"><span class='ocrx_word' id='word_1_824' title='bbox 2316 4971 2535 5043; x_wconf 85' lang='grc' dir='ltr'><strong>κότερον</strong></span> <span class='ocrx_word' id='word_1_825' title='bbox 2583 4965 2743 5022; x_wconf 80' lang='grc' dir='ltr'><strong>πάλιν</strong></span> <span class='ocrx_word' id='word_1_826' title='bbox 2789 4965 3039 5037; x_wconf 73' lang='grc' dir='ltr'><strong>ὀνομάζει</strong></span> <span class='ocrx_word' id='word_1_827' title='bbox 3082 4967 3278 5036; x_wconf 83' lang='grc' dir='ltr'><strong>λέγων·</strong></span> <span class='ocrx_word' id='word_1_828' title='bbox 3324 4962 3616 5017; x_wconf 76' lang='grc' dir='ltr'><strong>Ἐπιποθεῖ</strong></span> <span class='ocrx_word' id='word_1_829' title='bbox 3652 4962 3750 5016; x_wconf 72' lang='grc' dir='ltr'><strong>καί</strong></span> <span class='ocrx_word' id='word_1_830' title='bbox 3787 4962 3867 5014; x_wconf 67' lang='grc' dir='ltr'><strong>ἐκ·</strong></span> 
     </span>
    </p>
   </div>
   <div class='ocr_carea' id='block_1_111' title="bbox 2314 5052 3865 5129">
    <p class='ocr_par' dir='ltr' id='par_1_111' title="bbox 2314 5052 3865 5129">
     <span class='ocr_line' id='line_1_111' title="bbox 2314 5052 3865 5129; baseline -0.008 -14"><span class='ocrx_word' id='word_1_831' title='bbox 2314 5062 2508 5115; x_wconf 69' lang='grc' dir='ltr'><strong>,λείπει</strong></span> <span class='ocrx_word' id='word_1_832' title='bbox 2533 5061 2572 5129; x_wconf 76' lang='grc' dir='ltr'><em>ἠ</em></span> <span class='ocrx_word' id='word_1_833' title='bbox 2602 5056 2770 5127; x_wconf 68' lang='grc' dir='ltr'><strong>ψυχή</strong></span> <span class='ocrx_word' id='word_1_834' title='bbox 2810 5076 2928 5127; x_wconf 86' lang='grc' dir='ltr'><strong>μου</strong></span> <span class='ocrx_word' id='word_1_835' title='bbox 2968 5060 3054 5124; x_wconf 78' lang='grc' dir='ltr'><strong>εἰς</strong></span> <span class='ocrx_word' id='word_1_836' title='bbox 3101 5058 3206 5122; x_wconf 80' lang='grc' dir='ltr'><strong>τὰς</strong></span> <span class='ocrx_word' id='word_1_837' title='bbox 3240 5053 3436 5121; x_wconf 74' lang='grc' dir='ltr'><strong>αὐλὰς</strong></span> <span class='ocrx_word' id='word_1_838' title='bbox 3478 5052 3584 5107; x_wconf 84' lang='grc' dir='ltr'><strong>τοῦ</strong></span> <span class='ocrx_word' id='word_1_839' title='bbox 3637 5052 3865 5121; x_wconf 60' lang='lat' dir='ltr'><strong>vax&#39;ov.</strong></span> 
     </span>
    </p>
   </div>
   <div class='ocr_carea' id='block_1_112' title="bbox 2316 5144 3867 5221">
    <p class='ocr_par' dir='ltr' id='par_1_112' title="bbox 2316 5144 3867 5221">
     <span class='ocr_line' id='line_1_112' title="bbox 2316 5144 3867 5221; baseline -0.007 -14"><span class='ocrx_word' id='word_1_840' title='bbox 2316 5151 2428 5207; x_wconf 73' lang='grc' dir='ltr'><strong>Καὶ</strong></span> <span class='ocrx_word' id='word_1_841' title='bbox 2451 5147 2604 5214; x_wconf 79' lang='grc' dir='ltr'><strong>αὖθις</strong></span> <span class='ocrx_word' id='word_1_842' title='bbox 2636 5148 2839 5220; x_wconf 84' lang='grc' dir='ltr'><strong>προϊών</strong></span> <span class='ocrx_word' id='word_1_843' title='bbox 2870 5166 3003 5221; x_wconf 82' lang='grc' dir='ltr'><strong>φησι</strong></span> <span class='ocrx_word' id='word_1_844' title='bbox 3022 5166 3035 5179; x_wconf 77' lang='grc' dir='ltr'>ο</span> <span class='ocrx_word' id='word_1_845' title='bbox 3080 5148 3156 5202; x_wconf 85' lang='grc' dir='ltr'><strong>Τὰ</strong></span> <span class='ocrx_word' id='word_1_846' title='bbox 3185 5144 3579 5214; x_wconf 78' lang='grc' dir='ltr'><strong>θυσιαστήριά</strong></span> <span class='ocrx_word' id='word_1_847' title='bbox 3616 5145 3867 5211; x_wconf 74' lang='grc' dir='ltr'><strong>σου,Κύ-</strong></span> 
     </span>
    </p>
   </div>
   <div class='ocr_carea' id='block_1_113' title="bbox 2307 5235 3866 5312">
    <p class='ocr_par' dir='ltr' id='par_1_113' title="bbox 2307 5235 3866 5312">
     <span class='ocr_line' id='line_1_113' title="bbox 2307 5235 3866 5312; baseline -0.008 -14"><span class='ocrx_word' id='word_1_848' title='bbox 2307 5260 2404 5312; x_wconf 84' lang='grc' dir='ltr'><strong>,οιε</strong></span> <span class='ocrx_word' id='word_1_849' title='bbox 2439 5242 2558 5297; x_wconf 78' lang='grc' dir='ltr'><strong>τῶν</strong></span> <span class='ocrx_word' id='word_1_850' title='bbox 2598 5239 2922 5310; x_wconf 77' lang='grc' dir='ltr'><strong>δυνάμεων.</strong></span> <span class='ocrx_word' id='word_1_851' title='bbox 2972 5240 3080 5293; x_wconf 72' lang='grc' dir='ltr'><strong>Καὶ</strong></span> <span class='ocrx_word' id='word_1_852' title='bbox 3120 5239 3222 5309; x_wconf 84' lang='grc' dir='ltr'><strong>ὅρα</strong></span> <span class='ocrx_word' id='word_1_853' title='bbox 3259 5238 3307 5290; x_wconf 89' lang='grc' dir='ltr'><strong>εἰ</strong></span> <span class='ocrx_word' id='word_1_854' title='bbox 3356 5236 3431 5309; x_wconf 80' lang='grc' dir='ltr'><strong>μὴ</strong></span> <span class='ocrx_word' id='word_1_855' title='bbox 3470 5235 3773 5308; x_wconf 76' lang='grc' dir='ltr'><strong>συμφώνως</strong></span> <span class='ocrx_word' id='word_1_856' title='bbox 3812 5237 3866 5304; x_wconf 62' lang='grc' dir='ltr'><strong>τῇ</strong></span> 
     </span>
    </p>
   </div>
   <div class='ocr_carea' id='block_1_114' title="bbox 2314 5328 3866 5407">
    <p class='ocr_par' dir='ltr' id='par_1_114' title="bbox 2314 5328 3866 5407">
     <span class='ocr_line' id='line_1_114' title="bbox 2314 5328 3866 5407; baseline -0.006 -20"><span class='ocrx_word' id='word_1_857' title='bbox 2314 5336 2605 5407; x_wconf 82' lang='grc' dir='ltr'><strong>προγραφῇ</strong></span> <span class='ocrx_word' id='word_1_858' title='bbox 2650 5332 2800 5401; x_wconf 79' lang='grc' dir='ltr'><strong>ὑπὲρ</strong></span> <span class='ocrx_word' id='word_1_859' title='bbox 2844 5331 2961 5386; x_wconf 78' lang='grc' dir='ltr'><strong>τῶν</strong></span> <span class='ocrx_word' id='word_1_860' title='bbox 2998 5328 3201 5399; x_wconf 73' lang='grc' dir='ltr'><strong>ληνῶν</strong></span> <span class='ocrx_word' id='word_1_861' title='bbox 3234 5330 3562 5402; x_wconf 78' lang='grc' dir='ltr'><strong>περιεχούσῃ</strong></span> <span class='ocrx_word' id='word_1_862' title='bbox 3598 5328 3866 5399; x_wconf 81' lang='grc' dir='ltr'><strong>πληθυντι-</strong></span> 
     </span>
    </p>
   </div>
   <div class='ocr_carea' id='block_1_115' title="bbox 2315 5419 3868 5495">
    <p class='ocr_par' dir='ltr' id='par_1_115' title="bbox 2315 5419 3868 5495">
     <span class='ocr_line' id='line_1_115' title="bbox 2315 5419 3868 5495; baseline -0.006 -15"><span class='ocrx_word' id='word_1_863' title='bbox 2315 5426 2426 5490; x_wconf 87' lang='grc' dir='ltr'><strong>κῶς</strong></span> <span class='ocrx_word' id='word_1_864' title='bbox 2453 5425 2522 5478; x_wconf 83' lang='grc' dir='ltr'><strong>τὰ</strong></span> <span class='ocrx_word' id='word_1_865' title='bbox 2556 5422 2881 5495; x_wconf 85' lang='grc' dir='ltr'><strong>σκηνώματα</strong></span> <span class='ocrx_word' id='word_1_866' title='bbox 2906 5424 3136 5494; x_wconf 75' lang='grc' dir='ltr'><strong>εἴρηται,</strong></span> <span class='ocrx_word' id='word_1_867' title='bbox 3173 5422 3264 5475; x_wconf 77' lang='grc' dir='ltr'><strong>καὶ</strong></span> <span class='ocrx_word' id='word_1_868' title='bbox 3295 5421 3455 5475; x_wconf 70' lang='grc' dir='ltr'><strong>αὐλαὶ</strong></span> <span class='ocrx_word' id='word_1_869' title='bbox 3484 5422 3579 5475; x_wconf 73' lang='grc' dir='ltr'><strong>καὶ</strong></span> <span class='ocrx_word' id='word_1_870' title='bbox 3602 5420 3670 5473; x_wconf 75' lang='grc' dir='ltr'><strong>τὰ</strong></span> <span class='ocrx_word' id='word_1_871' title='bbox 3695 5419 3868 5472; x_wconf 72' lang='lat' dir='ltr'><strong>euma-</strong></span> 
     </span>
    </p>
   </div>
   <div class='ocr_carea' id='block_1_116' title="bbox 2318 5511 3867 5588">
    <p class='ocr_par' dir='ltr' id='par_1_116' title="bbox 2318 5511 3867 5588">
     <span class='ocr_line' id='line_1_116' title="bbox 2318 5511 3867 5588; baseline -0.005 -19"><span class='ocrx_word' id='word_1_872' title='bbox 2318 5517 2529 5588; x_wconf 78' lang='grc' dir='ltr'><strong>στηρια,</strong></span> <span class='ocrx_word' id='word_1_873' title='bbox 2563 5514 2744 5583; x_wconf 81' lang='grc' dir='ltr'><strong>σαφῶς</strong></span> <span class='ocrx_word' id='word_1_874' title='bbox 2776 5512 2867 5567; x_wconf 79' lang='grc' dir='ltr'><strong>τοῦ</strong></span> <span class='ocrx_word' id='word_1_875' title='bbox 2906 5512 3061 5579; x_wconf 91' lang='grc' dir='ltr'><strong>λόγου</strong></span> <span class='ocrx_word' id='word_1_876' title='bbox 3094 5512 3273 5565; x_wconf 76' lang='grc' dir='ltr'><strong>οὐκέτι</strong></span> <span class='ocrx_word' id='word_1_877' title='bbox 3308 5513 3370 5565; x_wconf 82' lang='grc' dir='ltr'><strong>τὸ</strong></span> <span class='ocrx_word' id='word_1_878' title='bbox 3410 5512 3637 5567; x_wconf 75' lang='grc' dir='ltr'><strong>παλαιὸν</strong></span> <span class='ocrx_word' id='word_1_879' title='bbox 3666 5511 3721 5563; x_wconf 77' lang='grc' dir='ltr'><strong>ιν</strong></span> <span class='ocrx_word' id='word_1_880' title='bbox 3750 5512 3867 5577; x_wconf 64' lang='lat' dir='ltr'><strong>cxi;-</strong></span> 
     </span>
    </p>
   </div>
   <div class='ocr_carea' id='block_1_117' title="bbox 2314 5602 3863 5683">
    <p class='ocr_par' dir='ltr' id='par_1_117' title="bbox 2314 5602 3863 5683">
     <span class='ocr_line' id='line_1_117' title="bbox 2314 5602 3863 5683; baseline -0.006 -22"><span class='ocrx_word' id='word_1_881' title='bbox 2314 5625 2471 5679; x_wconf 87' lang='grc' dir='ltr'><strong>νωμα</strong></span> <span class='ocrx_word' id='word_1_882' title='bbox 2497 5608 2555 5660; x_wconf 74' lang='grc' dir='ltr'><strong>ἐν</strong></span> <span class='ocrx_word' id='word_1_883' title='bbox 2590 5605 2996 5683; x_wconf 84' lang='grc' dir='ltr'><strong>Ἱεροσολύμοις,</strong></span> <span class='ocrx_word' id='word_1_884' title='bbox 3030 5604 3148 5657; x_wconf 78' lang='grc' dir='ltr'><strong>οὐδὲ</strong></span> <span class='ocrx_word' id='word_1_885' title='bbox 3191 5605 3252 5668; x_wconf 84' lang='grc' dir='ltr'><strong>τὸ</strong></span> <span class='ocrx_word' id='word_1_886' title='bbox 3296 5603 3354 5659; x_wconf 86' lang='grc' dir='ltr'><strong>ἓν</strong></span> <span class='ocrx_word' id='word_1_887' title='bbox 3398 5605 3778 5675; x_wconf 74' lang='grc' dir='ltr'><strong>θυσιαστήριον</strong></span> <span class='ocrx_word' id='word_1_888' title='bbox 3815 5602 3863 5651; x_wconf 69' lang='grc' dir='ltr'><strong>τὸ</strong></span> 
     </span>
    </p>
   </div>
   <div class='ocr_carea' id='block_1_118' title="bbox 2312 5692 3863 5770">
    <p class='ocr_par' dir='ltr' id='par_1_118' title="bbox 2312 5692 3863 5770">
     <span class='ocr_line' id='line_1_118' title="bbox 2312 5692 3863 5770; baseline -0.006 -15"><span class='ocrx_word' id='word_1_889' title='bbox 2312 5698 2826 5770; x_wconf 75' lang='grc' dir='ltr'><strong>αὑτόθιίδρυμένον,</strong></span> <span class='ocrx_word' id='word_1_890' title='bbox 2850 5696 2971 5751; x_wconf 83' lang='grc' dir='ltr'><strong>οὐδὲ</strong></span> <span class='ocrx_word' id='word_1_891' title='bbox 3014 5694 3112 5767; x_wconf 78' lang='grc' dir='ltr'><strong>τὴν</strong></span> <span class='ocrx_word' id='word_1_892' title='bbox 3148 5696 3331 5751; x_wconf 81' lang='grc' dir='ltr'><strong>αὐτόθι</strong></span> <span class='ocrx_word' id='word_1_893' title='bbox 3365 5697 3496 5768; x_wconf 86' lang='grc' dir='ltr'><strong>μίαν</strong></span> <span class='ocrx_word' id='word_1_894' title='bbox 3526 5696 3717 5768; x_wconf 78' lang='grc' dir='ltr'><strong>αὐλὴν,</strong></span> <span class='ocrx_word' id='word_1_895' title='bbox 3749 5692 3863 5746; x_wconf 68' lang='lat' dir='ltr'><strong>am</strong></span> 
     </span>
    </p>
   </div>
  </div>
