3976 6350
56 441 205 498 £005

1180 425 1671 503 obuueurama
1715 443 1781 500 IN
1820 423 2154 502 iiSALuos.

3131 442 3274 503 1006

53 559 124 612 τὰ
173 542 302 612 τιιαθς
337 558 466 632 san;
505 559 601 628 τῆς
639 559 935 632 ἀνθρώπων
979 561 1296 633 οἰκουμένης
1339 563 1627 634 θυσιαστή-

1744 561 1894 625 nine,
1921 562 2270 618 tabernacula
2305 568 2423 624 tua,
2449 549 2642 617 dilecta
2668 569 2720 616 et
2747 559 2996 617 amabilia
3029 572 3174 628 sunt,
3215 565 3274 618 in

58 667 151 720 ρια
209 650 308 704 καὶ
354 651 422 704 τὰ
468 651 796 722 σκηνώματα
842 653 935 707 καὶ
975 654 1072 716 τὰς
1118 654 1283 718 αὐλὰς
1326 655 1625 726 δηλοῦντος.

59 740 253 792 Ἀλλοι
288 740 386 809 μὲν
415 735 505 794 οῦν
529 740 681 803 ἄλλα,
715 742 894 812 φησὶν,
924 743 1198 810 ἀγαπῶσι,
1227 743 1318 797 καὶ
1345 747 1472 815 περὶ
1501 746 1628 798 πολ--

56 831 152 882 λοῦ
183 828 493 886 ποιοῦνται·
526 832 646 904 ἐμοὶ
676 833 753 896 δὲ,
785 826 830 884 ὧ
866 833 1056 904 Κύριε,
1095 834 1163 887 τὰ
1202 834 1269 901 σὰ
1304 833 1630 906 σκηνώματα

59 924 340 993 προσφιλῆ
375 925 466 976 καὶ
505 924 757 993 ἀγαπητὰ
789 925 1058 994 τυγχάνει,
1091 928 1150 978 ὲν
1179 921 1261 989 οἷς
1293 928 1629 998 κατηξίωσας

58 1012 230 1074 αὐτὸς
279 1013 392 1082 ἅμα
440 1012 741 1084 ἀνθρώποις
800 1013 896 1070 τὰς
947 1013 1221 1084 διατριϐὰς
1271 1016 1630 1086 ποιησάμενος

58 1104 517 1173 κατασκηνῶσαι,
567 1107 769 1178 φήσας·
827 1106 1002 1158 Ὀπου
1042 1105 1151 1158 δύο
1197 1105 1235 1173 ἣ
1283 1105 1432 1172 τρεῖς
1479 1123 1626 1158 συν-

56 1193 485 1261 ηγμένοιεὶσὶν
507 1198 591 1269 είς
617 1195 682 1247 τὸ
703 1196 844 1264 ἐμὸν
868 1195 1070 1265 ὄνομα,
1091 1196 1218 1249 ἐκεῖ
1241 1199 1355 1266 ειμι
1380 1199 1448 1249 ἐν
1466 1197 1632 1266 μέσῳ

59 1283 287 1340 αὐτῶν.
330 1286 483 1340 Οὕτω
516 1287 570 1340 δέ
601 1305 688 1357 μοι
722 1287 988 1357 προσφιλῆ
1030 1290 1121 1341 καὶ
1158 1287 1414 1359 ἀγαπητὰ
1437 1291 1632 1359 τυγχά-

62 1366 152 1428 νει
181 1377 258 1430 τὰ
289 1379 566 1450 εἰρημένα,
609 1379 747 1432 ὥστε
787 1379 852 1432 δι’
891 1379 1186 1450 ὑπερϐολὴν
1214 1379 1500 1450 ἐπιθυμίας
1538 1383 1632 1434 αὐ-

63 1469 171 1518 τῶν
227 1467 503 1537 ὁμολογεῖν
554 1468 822 1521 ἐκλείπειν
860 1469 958 1537 τὴν
1017 1469 1195 1539 ψυχήν
1263 1485 1361 1538 μου
1401 1469 1478 1537 τῷ
1505 1470 1631 1538 περὶ

65 1555 243 1618 αὑτὰς
291 1554 441 1626 πόθῳ
491 1557 814 1627 νικωμένην,
860 1558 952 1609 καὶ
1121 1556 1261 1627 ζωῆς
1298 1557 1462 1627 αὐτῆς
1503 1572 1633 1628 προ-

64 1650 236 1718 τιμᾷν
271 1649 368 1709 τὰς
422 1649 478 1700 ἐν
547 1651 665 1711 ταῖς
705 1637 890 1710 αὐλαῖς
926 1665 1018 1700 σου
1078 1648 1375 1719 διατριϐάς.
1424 1650 1532 1702 Καὶ
1570 1649 1629 1701 οὺ

69 1739 211 1808 μόνη
237 1755 300 1807 γε
330 1741 363 1809 ἡ
405 1739 549 1811 ψυχή
607 1759 707 1811 μου
749 1740 1005 1803 ἐκλείπει,
1057 1739 1189 1794 ἀλλὰ
1227 1741 1320 1792 καὶ⁸
1373 1741 1408 1810 ἡ
1441 1740 1633 1811 καρδία

69 1849 174 1899 μου
234 1831 328 1884 καὶ⁵
379 1831 514 1901 πρὸς
564 1834 630 1902 τῇ
684 1833 876 1904 καρδίᾳ
939 1849 1037 1903 μου
1091 1832 1184 1884 καὶ
1240 1832 1368 1884 αὐτό
1429 1849 1527 1900 μου
1572 1831 1632 1884 τὸ

1731 653 1928 723 quibus
1969 654 2085 724 ipse
2117 669 2222 707 una
2251 667 2374 708 cum
2407 652 2719 708 hominibus
2768 654 2969 706 morari
3015 655 3279 724 sedesque

1731 758 1931 816 ponere
1979 744 2233 814 dignatus
2273 758 2368 810 es;
2399 757 2522 796 nam
2564 742 2702 796 dicis
2741 761 2753 796 :
2795 741 2893 796 Ubi
2925 743 3026 796 duo
3065 745 3141 798 vel
3172 756 3274 799 tres

1731 835 2024 904 congregati
2061 835 2255 904 fuerint
2276 837 2330 888 in
2359 836 2562 888 nomine
2584 850 2716 897 meo,
2745 835 2852 888 illic
2877 851 2991 888 sum
3027 837 3082 888 in
3109 837 3274 890 medio

1730 940 1907 977 eorum
1946 927 2011 978 ²¹.
2048 924 2124 977 lta
2163 940 2327 995 porro
2373 925 2505 979 milii
2554 925 2668 980 haec
2696 925 2808 994 jam
2854 935 3146 980 memorata
3193 927 3276 981 di-

1732 1018 1868 1071 lecta
1893 1025 1947 1070 et
1981 1018 2232 1071 amabilia
2263 1025 2410 1080 sunt,
2451 1025 2508 1070 ut
2555 1016 2724 1071 fatear
2764 1030 2829 1071 ex
2863 1032 3046 1073 eorum
3078 1034 3277 1074 concu-

1732 1106 1994 1175 piscentia
2019 1107 2253 1159 animam
2277 1121 2474 1169 meam,
2499 1121 2687 1161 eorum
2713 1122 2896 1162 amore
2921 1108 3276 1174 victam,deil-

1731 1209 1855 1249 cere
1907 1203 2068 1264 atque
2120 1195 2264 1248 illam
2319 1196 2375 1249 in
2436 1196 2591 1250 atriis
2630 1197 2740 1252 tuis
2797 1198 3275 1252 commorationem

1732 1286 1853 1339 vitae
1875 1300 2086 1356 quoque
2131 1293 2469 1356 anteponere.
2533 1286 2719 1358 Neque
2743 1289 2922 1353 solum
2951 1290 3151 1353 anima,
3184 1289 3277 1344 sed

1733 1387 1786 1431 et
1821 1393 1915 1430 cor
1959 1393 2158 1442 meum.
2199 1376 2421 1442 deﬁcit;
2452 1378 2563 1432 imo
2610 1393 2741 1433 vero
2776 1379 2950 1448 ipsum
2998 1393 3193 1449 corpus
3227 1392 3280 1434 et

1732 1481 1861 1521 caro
1889 1483 1994 1537 qua
2016 1469 2444 1523 circumvestior.
2474 1468 2597 1523 Haec
2645 1471 2844 1523 etenim
2889 1487 2952 1525 ex
2986 1472 3108 1526 vita:
3136 1473 3281 1528 illius

1732 1575 1852 1628 qua:
1901 1574 2065 1628 penes
2103 1568 2153 1612 te
2199 1568 2282 1614 est
2336 1561 2619 1624 memoria,
2644 1561 2842 1630 gaudio
2877 1571 2930 1618 et
2978 1563 3162 1617 laetitia
3197 1580 3282 1618 re-

1733 1649 1982 1719 plentur;
2016 1649 2088 1700 ita
2114 1655 2172 1700 ut
2199 1663 2320 1702 vere
2351 1648 2529 1702 dicam
2561 1667 2574 1701 :
2602 1647 2706 1702 Cor
2752 1667 2921 1704 meum
2946 1662 2995 1705 et
3023 1670 3146 1708 caro
3168 1671 3284 1708 mea

1681 1780 1694 1792 .
1733 1741 2120 1794 exsultauerunt
2168 1740 2221 1792 in
2253 1737 2420 1791 Deum
2470 1741 2658 1794 uirum.
2695 1739 2838 1796 Deus
2867 1745 3067 1813 quippe
3098 1755 3284 1800 noster

1733 1832 1942 1894 vivens,
1962 1832 2052 1900 qui
2089 1831 2236 1885 solus
2254 1830 2524 1899 propriam
2543 1840 2598 1884 et
2623 1834 2922 1888 naturalem
2955 1836 3008 1888 in
3038 1851 3098 1890 se
3118 1838 3282 1892 vitam

69 1920 234 1988 σῶμα
308 1921 400 1972 καὶ
449 1922 482 1990 ὴ
511 1920 665 1992 ’σὰρξ
715 1921 780 1990 ῆν
831 1918 1242 1989 περιϐέϐλημαι.
1301 1919 1410 1971 Καὶ
1459 1918 1629 1971 ταῦτα

1744 1924 1985 1993 )ossidet,
2017 1925 2124 1977 imo
2183 1923 2361 1993 potius
2387 1922 2563 1977 omnis
2597 1924 2718 1978 vita
2757 1923 2876 1981 fons
2899 1935 3000 1990 est,
3027 1943 3143 1982 eam
3165 1945 3282 1982 om-

67 2012 178 2082 γὰρ
217 2013 281 2064 ἐκ
329 2013 426 2083 τῆς
492 2015 707 2086 μνήμης
761 2012 860 2082 τῆς
913 2013 1062 2083 παρὰ
1126 2012 1206 2064 σοὶ
1270 2012 1411 2083 ζωῆς
1467 2013 1638 2082 χαρᾶς

69 2101 373 2172 πληροῦται
415 2103 508 2155 καὶ
546 2100 906 2173 εὐφροσύνης·
936 2101 1060 2154 ὥστ’
1093 2100 1418 2172 ἀληθεύοντά
1453 2117 1520 2172 με
1553 2101 1640 2154 λέ-

70 2207 210 2256 γειν·
244 2190 304 2243 Ἠ
327 2189 536 2257 καρδία
547 2207 664 2258 μου
690 2190 786 2242 καὶ
817 2192 854 2257 ἡ
881 2189 1037 2257 σάρξ
1061 2207 1176 2257 μου
1197 2176 1640 2267 ἠγαλλιάσαντο

70 2283 168 2333 ἐπὶ
210 2280 357 2358 Geor
387 2279 585 2340 ζῶντα.
621 2279 736 2334 Ζῶν
765 2281 870 2352 γὰρ
900 2284 928 2334 ό
959 2281 1220 2352 ἡμέτερος
1243 2281 1391 2346 Θεὸς,
1419 2284 1509 2336 καὶ
1540 2283 1634 2353 μόδ

1739 2017 1904 2072 nibus
1947 2016 2014 2071 ad
2073 2031 2131 2071 se
2173 2015 2552 2071 accedentibus
2599 2016 2853 2086 impertit.
2924 2018 3282 2084 Quamobrem

1741 2110 1859 2180 ipsa
1897 2124 2036 2164 caro
2082 2123 2222 2171 mea,
2249 2123 2369 2177 quae
2414 2116 2606 2163 natura
2667 2123 2764 2163 sua
2814 2111 3055 2182 mortalis
3083 2120 3135 2165 et
3161 2125 3286 2169 cor-

1738 2202 1976 2270 ruptioni
2004 2200 2235 2254 obnoxia
2258 2206 2361 2263 est,
2383 2200 2580 2270 gaudet
2608 2206 2662 2254 et
2687 2201 3016 2270 gratulatur;
3038 2202 3163 2271 quia
3190 2217 3286 2272 per

1736 2306 1854 2346 eam
1884 2291 2205 2345 immortalis
2225 2291 2348 2344 vita
2377 2305 2606 2348 consors
2655 2296 2709 2344 et
2735 2289 2929 2344 divinae
2951 2291 3136 2360 gratiae
3161 2306 3285 2360 par-

70 2390 161 2434 νος
210 2372 501 2442 ίδιόκτητον
567 2373 662 2426 atat
715 2373 943 2444 φυσικὴν
997 2374 1052 2424 ὲν
1106 2371 1249 2442 αὐτῷ
1301 2374 1628 2443 κεκτημένος
1733 2383 1905 2450 ιίεερε
1947 2378 2132 2451 futura
2165 2389 2271 2434 est.

73 2463 242 2532 ζωὴν,
274 2463 465 2534 μᾶλλον
494 2464 548 2516 δὲ
577 2463 734 2527 αὐτὸς
757 2463 830 2517 ὢν
863 2467 895 2536 ὴ
924 2464 1068 2540 πηγὴ
1101 2466 1277 2534 πάσης
1305 2463 1465 2533 ζωῆς,
1497 2465 1625 2516 πᾶσι

72 2559 185 2616 τοῖς
240 2554 591 2624 πλησιάζουσι
644 2554 842 2625 ταύτης
905 2553 1236 2625 μεταδίδωσι.
1297 2555 1490 2623 Διόπερ
1536 2552 1628 2604 καὶ
1664 2551 1800 2629 αὐτὴ
1846 2552 1880 2622 ὴ
1929 2553 2084 2632 φύσει
2125 2553 2289 2626 θνητὴ
2346 2556 2438 2608 καὶ
2477 2554 2686 2627 φθαρτή
2736 2574 2833 2626 μου
2901 2557 3035 2630 σὰρξ
3111 2560 3289 2631 χαίρει

74 2647 168 2698 καὶ
209 2646 507 2716 συγχαίρει,
543 2645 637 2698 ἆτε
683 2647 748 2698 δι’
781 2647 948 2726 αὐτῆς
992 2648 1387 2715 κοινωνήσουσα
1421 2643 1636 2696 αίωνίου
1676 2640 1837 2712 ζωῆς,
1859 2643 1952 2695 καὶ
1977 2645 2075 2714 τῆς
2097 2645 2189 2698 τοῦ
2211 2646 2342 2700 Θεοῦ
2372 2649 2589 2719 χάριτος
2618 2648 3050 2720 μεταληψομένη.

147 2760 336 2814 Ταῦτα
360 2761 414 2814 δέ
443 2778 603 2831 φησιν
638 2763 666 2813 ό
692 2762 977 2832 Προφήτης
1006 2761 1284 2823 διδάσκων,
1320 2761 1498 2813 ὁποῖον
1525 2755 1639 2829 εἷχέ

77 2853 260 2922 ἔρωτα
287 2852 380 2905 καὶ
406 2851 564 2905 πόθον
601 2852 728 2922 περὶ
757 2852 824 2906 τὰ
861 2853 950 2904 ὑπ’
989 2851 1150 2904 αὑτοῦ
1175 2842 1638 2924 προφητευόμενα.

79 2944 277 3014 Διόπερ
306 2946 335 2996 ό
367 2943 552 3016 Σωτὴρ
572 2943 728 3015 ἡμῶν
759 2943 912 3012 ἔλεγε
933 2961 946 2973 ·
974 2945 1194 2998 Πολλοὶ
1229 2943 1520 3012 προφῆται
1543 2943 1644 2996 καὶ

79 3033 296 3104 δίκαιοι
349 3033 728 3102 ἐπεθύμησαν
773 3033 916 3087 ἰδεῖν
951 3032 988 3087 ἄ
1027 3015 1192 3101 ὑμεῖς
1229 3032 1508 3097 βλέπετε,
1547 3031 1645 3084 καὶ

81 3128 192 3179 οὐκ
236 3122 416 3178 εἶδον.
460 3124 567 3195 Τὴν
630 3123 807 3195 σάρκα
849 3124 905 3177 δέ
963 3141 1124 3195 φησιν
1173 3123 1288 3194 ἅμα
1331 3125 1395 3194 τῇ
1452 3122 1646 3192 καρδίᾳ

81 3217 436 3284 ἁγαλλιᾶσθαι
466 3219 558 3270 ἐπὶ
588 3218 717 3271 Θεὸν
743 3217 938 3282 ζῶντα,
964 3216 1344 3286 αἰνιττόμενος,
1372 3216 1445 3278 ὡς
1470 3211 1642 3285 οἶμαι,

1815 2758 1937 2813 Haec
1970 2768 2148 2813 autem
2193 2762 2266 2814 ait
2293 2761 2580 2830 Propheta,
2616 2777 2771 2816 suum
2813 2762 3073 2818 exhibens
3104 2763 3291 2819 adver-

1747 2863 1842 2903 sus
1871 2864 1932 2902 ea
1961 2863 2080 2918 quae
2108 2849 2161 2902 in
2213 2850 2493 2919 prophetia
2544 2850 2895 2904 enuntientur
2948 2851 3182 2906 studium
3237 2863 3294 2908 et
3375 2840 3379 2846 ’

1747 2953 2006 2994 amorem.
2031 2940 2156 2994 Ideo
2183 2942 2442 2994 Servatur
2467 2947 2652 2993 noster
2677 2939 2888 2994 dicebat
2923 2959 2935 2993 :
2979 2939 3139 2994 Multi
3169 2958 3294 3010 pro-

1748 3033 1913 3102 pheta:
1936 3041 1985 3087 et
2024 3033 2159 3101 justi
2188 3033 2458 3087 voluerunt
2499 3033 2670 3087 uidere
2710 3050 2824 3102 qua:
2874 3050 2960 3086 vos
2993 3033 3195 3098 videtis,
3241 3042 3293 3087 et

1750 3141 1853 3178 non
1886 3125 2119 3178 viderunt
2150 3127 2214 3178 ".
2251 3125 2338 3177 Ait
2370 3140 2532 3194 porro
2558 3141 2664 3179 una
2698 3140 2818 3180 cum
2866 3125 3028 3178 corde
3072 3139 3291 3179 carnem

1749 3220 1922 3290 ipsam
1948 3222 2224 3275 exsultare
2251 3222 2304 3274 in
2338 3221 2501 3275 Deum
2530 3222 2745 3287 vivum;
2773 3222 2947 3289 queis,
2977 3227 3036 3273 ut
3063 3222 3290 3282 restituo,

84 3311 176 3362 καὶ
208 3309 304 3363 τοῦ
339 3311 582 3384 Σωτῆρος
609 3309 704 3381 τὴν
737 3312 800 3362 ὲκ
830 3309 1034 3381 νεκρῶν
1075 3309 1385 3362 ἀνάστασιν.
1431 3304 1643 3376 Ἐπειδὴ

1745 3312 1917 3381 ipsam
1956 3311 2257 3367 Servatoris
2283 3313 2454 3366 nostri
2480 3326 2544 3366 ex
2582 3312 2811 3366 mortuis
2839 3315 3294 3366 resurrectionem

83 3401 191 3472 γὰρ
243 3402 290 3453 oi
335 3401 439 3453 τῶν
488 3401 654 3454 ἐθνῶν
697 3401 1033 3471 νομιζόμενοι
1079 3399 1190 3452 Θεοὶ¹
1232 3399 1412 3470 νεκροὶ
1455 3397 1646 3467 ἄψυχοι

82 3493 426 3562 τυγχάνουσι·
457 3495 532 3547 Τὰ
553 3493 659 3563 γὰρ
674 3492 888 3547 etde-ua
909 3492 1023 3545 τῶν
1042 3491 1228 3546 ἐθνῶν
1248 3493 1525 3559 ἀργύριον
1548 3489 1647 3542 καὶ

84 3585 362 3653 χρυσίον,
389 3585 530 3652 ἔργα
555 3582 762 3653 χειρῶν
793 3583 1114 3651 ἀνθρώπων
1133 3600 1145 3613 ·
1178 3583 1345 3635 ταῦτα
1377 3582 1432 3634 δὲ
1466 3571 1647 3633 ἔσεϐον

84 3677 131 3728 οἱ
163 3676 293 3728 τότε
317 3675 584 3746 ἄνθρωποι
604 3691 616 3703 ·
648 3672 776 3741 ἐγὼ,
809 3676 990 3744 φησὶν,
1015 3674 1072 3727 οὐ
1100 3672 1332 3726 τοιοῦτόν
1355 3691 1472 3726 τινα
1496 3672 1646 3734 Θεὸν,

86 3767 222 3819 ἀλλὰ
258 3766 428 3830 ζῶντα
472 3766 600 3819 Θεὸν
640 3765 980 3837 προθεωρῶν,
1011 3767 1075 3835 τῇ
1130 3764 1321 3836 καρδίᾳ
1366 3763 1647 3834 εὐφραίνο-

90 3875 221 3926 μαι·
262 3857 350 3909 καὶ
385 3856 521 3926 αῦτη
560 3856 614 3909 δέ
660 3875 759 3926 μου
814 3859 840 3927 ἡ
889 3854 1026 3926 σὰρξ
1069 3857 1158 3908 ἐπὶ
1196 3855 1366 3924 τούτῳ
1413 3854 1488 3924 τῷ
1534 3854 1650 3925 Θεῷ

87 3947 476 4018 ἠγαλλιάσατο,
524 3949 598 4012 ὡς
643 3949 735 4000 ἐπὶ
777 3947 893 4017 Θεῷ
929 3946 1141 4017 ἀληθῶς
1189 3945 1347 4008 ζῶντι
1391 3947 1482 3997 καὶ
1520 3946 1651 4008 ζωοί

88 4040 329 4095 ποιοῦντι
352 4041 476 4105 τοὺς
509 4041 750 4110 νεκροὺς,
784 4040 840 4102 ὃς
874 4041 964 4092 καὶ
996 4040 1161 4110 αὐτὴν
1197 4056 1294 4109 μου
1334 4038 1649 4108 ζωοποιήσει
1695 4039 1698 4044 ’

88 4135 187 4204 τὴν
219 4135 392 4205 σάρκα
421 4133 508 4187 διὰ
547 4132 646 4203 τῆς
691 4131 880 4184 ἑαυτοῦ
915 4130 1275 4191 ἀναστάσεως.
1307 4129 1394 4180 Διὸ
1423 4128 1556 4198 πρὸς
1585 4130 1647 4197 τῇ

88 4227 236 4296 ψυχῇ
271 4227 363 4301 κςιὶ
390 4227 426 4294 ἡ
449 4225 582 4295 σάρξ
621 4241 719 4293 μου
742 4221 1118 4292 ἠγαλλιάσατο.
1150 4219 1256 4272 Καὶ
1296 4218 1404 4287 γὰρ
1435 4232 1649 4286 στρο-υ-

92 4319 225 4371 θίον
264 4311 437 4384 εὗρεν
478 4301 666 4379 ἐαυτῷ
714 4315 925 4375 οὶκίαν,
969 4311 1064 4363 καὶ
1119 4307 1343 4378 τρυγὼν
1395 4306 1652 4359 νοσσιὰν

90 4405 276 4474 ἑαυτῇ
300 4445 315 4468 ,
366 4387 436 4461 οὗ
482 4403 651 4470 θήσει
693 4406 764 4458 τὰ
816 4402 1037 4456 νοσσία
1077 4399 1283 4467 αὐτῆς,
1331 4403 1402 4452 τὰ
1451 4401 1653 4452 θυσια-

90 4492 308 4561 στήριὰ
323 4507 460 4555 σου,
482 4492 654 4559 Κύριε
678 4489 793 4543 τῶν
827 4489 1151 4558 δυνάμεων.
1190 4489 1298 4542 Καὶ
1328 4487 1441 4550 πῶς
1456 4485 1562 4558 γὰρ
1590 4486 1650 4539 οὐ

1747 3403 2049 3457 adumbrat.
2070 3400 2214 3466 Quia
2241 3403 2383 3454 enim
2415 3401 2450 3453 ii
2482 3400 2572 3470 qui
2608 3401 2746 3454 inter
2780 3411 2966 3470 gentes
2998 3401 3071 3454 dii
3105 3401 3294 3456 exiszi-

1747 3503 1984 3556 mantur,
2012 3494 2211 3552 mortui
2244 3500 2296 3547 et
2334 3492 2613 3546 inanimali
2645 3498 2772 3545 sunt
2804 3509 2816 3546 :
2849 3507 2973 3544 nam
3003 3492 3292 3546 simulach

1747 3584 1974 3652 gentium
2003 3591 2271 3651 argentum
2304 3589 2352 3633 et
2389 3597 2596 3641 aurum,
2629 3590 2782 3647 opera
2828 3592 3077 3655 manuum
3124 3581 3292 3632 homi-

1749 3690 1871 3726 num
1897 3674 1941 3704 ”
1971 3692 1984 3727 :
2017 3673 2128 3727 haec
2156 3682 2330 3727 tamen
2356 3673 2430 3725 illi
2453 3671 2578 3725 olim
2607 3670 2851 3724 homines
2878 3669 3290 3725 venerabantur.

1748 3763 1860 3835 Ego
1897 3771 2044 3830 vero,
2068 3767 2260 3834 inquit,
2293 3781 2400 3818 non
2451 3765 2607 3819 deum
2643 3762 2973 3833 huiusmodi,
3005 3763 3096 3817 sed
3127 3763 3290 3818 Deum

1749 3860 1928 3910 vivum
1959 3859 2352 3925 contemplans,
2382 3847 2577 3926 gaudio
2609 3857 2662 3910 in
2691 3855 2853 3909 corde
2878 3856 3085 3924 repleor
3122 3873 3134 3907 :
3160 3855 3298 3923 ipsa-

1751 3959 1856 4013 que
1885 3959 2015 3998 caro
2045 3960 2164 3999 mea
2197 3945 2252 3998 in
2293 3946 2436 4000 hunc
2467 3945 2632 3998 Deam
2685 3943 2991 4004 exsultavit,
3029 3949 3212 4010 utpote
3240 3943 3305 3995 in-

1751 4034 1918 4088 Deum
1953 4051 2076 4088 vere
2105 4036 2368 4090 viventem
2399 4043 2450 4088 et
2492 4041 2736 4088 mortuos
2788 4032 3161 4094 viviﬁcantem,
3204 4033 3307 4102 qui

1751 4127 1888 4179 hanc
1913 4126 2083 4194 ipsam
2106 4141 2321 4180 carnem
2346 4140 2515 4180 meam
2538 4140 2632 4194 per
2661 4125 3108 4200 resurrectionem
3143 4139 3298 4180 suam

1751 4218 2070 4273 reviviscere
2122 4218 2296 4273 faciet.
2360 4216 2537 4296 Quare
2585 4233 2706 4270 cum
2763 4217 3127 4271 anima'caro
3183 4217 3299 4286 ipsa

1751 4311 2062 4368 exsultavit.
2091 4340 2160 4351 —
2191 4309 2355 4366 VEBS.
2390 4310 2444 4364 4.
2479 4309 2684 4364 Etenim
2733 4326 2914 4378 passer
2972 4310 3160 4363 invenit
3200 4309 3298 4362 sibi

1750 4399 1983 4463 domum,
2026 4407 2076 4452 et
2125 4409 2300 4456 turtur
2372 4398 2550 4452 nidum
2604 4397 2723 4462 sibi,
2785 4398 2871 4450 ubi
2929 4407 3088 4466 ponat
3131 4397 3298 4464 pullos

1752 4503 1895 4552 suos,
1932 4487 2130 4541 altaria
2155 4496 2263 4551 tua,
2295 4487 2515 4541 Domine
2542 4487 2813 4542 virtutum.
2836 4487 2901 4539 Et
2931 4487 3041 4558 qui,
3075 4487 3169 4550 ait,
3191 4500 3297 4537 non

92 4586 317 4648 δίκαιον,
333 4582 482 4654 φησὶ,
513 4581 778 4652 προσφιλῆ
811 4582 901 4634 καὶ
939 4581 1191 4652 ἀγαπητὰ
1205 4579 1479 4660 ὁμολογεῖν
1511 4575 1643 4632 εἶναι

1755 4596 1967 4651 aequum
2007 4580 2190 4645 fuerit,
2247 4585 2280 4633 ο
2325 4579 2569 4643 Domine,
2618 4579 2806 4632 altaria
2864 4587 2954 4630 tua
3008 4576 3201 4629 dilecta
3246 4586 3300 4628 et

91 4676 158 4727 τὰ
185 4670 514 4745 σκηνώματα
546 4688 658 4733 σου,
689 4664 734 4723 ὦ
763 4670 950 4741 Κύριε,
977 4672 1134 4724 ὁπότε
1165 4671 1443 4740 καταφυγὴ
1468 4667 1650 4738 γέγονε

93 4766 258 4817 παντὶ
287 4763 364 4836 τῷ
388 4763 482 4833 οἴῳ
507 4779 565 4814 τε
601 4761 776 4839 λέγειν
794 4779 806 4790 ’
850 4747 919 4815 Ἦ
946 4761 1114 4837 ψυχὴ
1143 4761 1308 4830 ἡμῶν
1333 4762 1411 4826 ὡς
1435 4777 1649 4828 στρου-

92 4857 226 4910 ϐίον
244 4855 500 4924 ὲῤῥύσθη
539 4854 606 4906 ἐκ
650 4851 760 4919 τῆς
805 4853 1050 4922 παγίδος
1094 4853 1211 4906 τῶν
1253 4853 1646 4922 θηρευόντων·

96 4947 187 4999 καλ¹
221 4945 378 4998 πάλιν
418 4944 495 5016 τῷ
537 4944 822 5013 φάσκοντιο
862 4945 982 4996 Ἐπὶ
1028 4943 1105 5008 τῷ
1149 4946 1340 5011 Κυρίῳ
1380 4943 1646 5006 πέποιθα,

94 5035 222 5101 πῶς
244 5035 422 5103 ἐρεῖτε
444 5035 516 5103 τῇ
536 5033 703 5104 ψυχῇ
713 5051 850 5103 μου⁶
866 5019 1317 5087 Μεταναστεύου
1337 5033 1432 5085 ἐπὶ
1453 5034 1523 5084 τὰ
1543 5032 1647 5099 ὅρη

97 5131 172 5196 ὼς
196 5130 544 5196 στρουθίον;
576 5129 700 5179 "Uri
731 5125 856 5179 ὶδοὺ
898 5126 951 5177 οι
981 5125 1307 5193 ἁμαρτωλοὶ
1346 5123 1650 5200 ’ἐνέτειναν

95 5221 292 5285 τόξον,
321 5221 648 5288 ἡτοίμασαν
671 5216 825 5284 βέλη
859 5218 943 5282 εἰς
966 5215 1275 5284 φαρέτραν.
1308 5212 1520 5267 Πολλῶν
1542 5211 1650 5283 γάρ

94 5314 192 5382 τὴν
221 5310 314 5364 τοῦ
339 5310 611 5378 Θεοφιλοῦς
643 5310 813 5380 ψυχὴν
835 5305 1021 5376 παγίσι
1056 5292 1404 5377 μεταϐάλλειν
1443 5305 1535 5356 καὶ
1571 5303 1650 5355 δι-

97 5407 280 5466 κτῦοις
312 5402 494 5470 ὥσπερ
539 5401 786 5472 θηρεύειν
829 5400 994 5471 αὐτὴν
1037 5398 1408 5470 πειρωμένων,
1445 5397 1654 5448 διιπτα-

100 5493 267 5561 μένην
296 5482 392 5541 ὧδε
415 5491 654 5550 κάκεῖσε,
687 5491 778 5541 καὶ
805 5491 978 5558 πάντη
1009 5487 1442 5559 περινοστοῦσαν,
1473 5484 1548 5554 τῷ
1580 5486 1653 5556 μῆ

97 5585 240 5654 ἔχειν
264 5582 561 5634 ἀνάπαυσιν
596 5583 653 5633 ὲν
689 5582 766 5651 τῷ
798 5582 974 5653 Θνητῷ
998 5583 1114 5652 βίῳ,
1146 5572 1279 5651 μόνα
1312 5579 1376 5632 τὰ
1400 5577 1490 5631 τοῦ
1520 5570 1653 5628 Θεοῦ

99 5675 432 5748 σκηνώματα
467 5674 748 5742 καταφυγὴ
776 5677 841 5743 τῇ
877 5660 1091 5745 τοιαύτῃ
1124 5673 1328 5742 γέγονε.
1381 5669 1470 5722 Διὸ
1509 5668 1655 5738 ειρη-

95 5784 220 5821 ται·
246 5767 355 5822 Καὶ
389 5768 494 5837 γὰρ
521 5767 835 5832 στρουθίον
862 5763 1033 5837 εῇοεν
1064 5764 1248 5830 ἑαυτῷ
1280 5751 1488 5826 οἰκίαν,
1528 5753 1659 5812 ἀλλὰ

1755 4673 2004 4728 amabilia
2049 4688 2169 4727 esse
2226 4659 2377 4725 fateri
2403 4710 2421 4736 ,
2452 4669 2668 4739 quando
2707 4683 2768 4724 ea
2801 4665 3065 4736 refugium
3103 4664 3297 4733 cuique

1757 4766 1905 4822 fuere
1927 4771 2018 4836 qui
2044 4765 2224 4819 dicere
2245 4764 2467 4824 valeret,
2500 4761 2691 4814 Anima
2725 4768 2904 4812 nostra
2943 4751 3074 4810 sicut
3119 4769 3299 4823 passer

1754 4867 1929 4926 erepta
1955 4865 2030 4909 est
2052 4855 2114 4908 de
2138 4853 2322 4923 laqueo
2347 4851 2640 4904 venantium
2667 4849 2748 4932 ’ξς
2782 4862 2844 4901 ac
2875 4862 3088 4900 rursum
3120 4845 3168 4900 ei
3207 4845 3299 4913 qui

1754 4946 1914 5008 dicat,
1945 4943 2008 4996 In
2042 4942 2264 4995 Domino
2301 4937 2504 5007 conﬁdo
2531 4979 2544 5002 ,
2604 4934 2857 5008 quomodo
2906 4937 3084 4990 dicetis
3114 4935 3299 4990 anima:
3347 5011 3350 5013 _

1755 5052 1879 5090 mete
1900 5051 1918 5088 :
1946 5019 2282 5101 Transmigsa
2307 5033 2363 5083 in
2392 5039 2613 5083 montem
2634 5029 2768 5082 sicut
2797 5044 2975 5095 passer
2991 5029 3020 5082 ἵ
3041 5025 3298 5095 Quoniam

1754 5143 1866 5182 ecce
1902 5132 2191 5192 peccatores
2223 5122 2550 5176 intenderunt
2608 5133 2816 5181 arcum,
2841 5124 3154 5185 {arcuerunt
3211 5125 3300 5168 sa-

1755 5218 1911 5287 gittas
1942 5231 2064 5268 suas
2098 5215 2151 5266 in
2183 5213 2430 5282 pharetra
2451 5213 2517 5265 ".
2549 5205 2681 5263 Nam
2715 5224 2838 5262 cum
2880 5205 3030 5261 multi
3063 5205 3170 5259 sint
3207 5206 3299 5274 qui

1757 5306 1991 5376 religiosi
2028 5305 2126 5359 viri
2148 5306 2379 5359 animam
2406 5320 2506 5358 ceu
2529 5301 2733 5372 laqueis
2762 5299 3102 5367 intercipere,
3137 5303 3191 5350 et
3216 5311 3300 5350 re-

1759 5399 1904 5453 tibus
1931 5410 2029 5450 ceu
2072 5395 2256 5448 venari
2288 5389 2577 5454 conantur,
2609 5406 2732 5444 cum
2782 5404 2843 5443 ea
2874 5389 3014 5440 ultro
3058 5387 3302 5455 citroque

1757 5489 1929 5543 evolet
1953 5500 2013 5539 ac
2044 5485 2464 5553 circumquaque
2493 5498 2550 5537 se
2571 5489 2758 5551 vertat,
2782 5478 2923 5549 quod
2954 5477 3004 5530 in
3028 5477 3129 5531 hac
3156 5491 3298 5530 mor-

1759 5581 1850 5633 tali
1884 5579 2012 5644 vita,
2043 5577 2226 5648 requie
2258 5576 2403 5629 nulla
2453 5573 2692 5636 fruatur,
2723 5571 2774 5624 in
2823 5571 2953 5625 solis
2987 5570 3075 5624 Dei
3121 5568 3299 5622 taber-

1761 5669 1966 5723 naculis
2025 5675 2298 5736 receptum
2350 5664 2549 5717 habere
2605 5662 2794 5730 potuit.
2837 5658 3168 5729 Quapropter
3219 5655 3300 5709 di-

1765 5771 1907 5814 ctum
1963 5767 2083 5817 est'
2159 5758 2362 5810 Etenim
2426 5771 2603 5823 passer
2653 5755 2846 5815 intui;
2894 5753 2990 5812 sibi
3052 5751 3302 5816 domum,

171 5925 209 5956 ²¹
254 5920 443 5976 Matth.
481 5935 647 5986 tvm,
677 5917 764 5975 20.
842 5921 886 5952 ²²
927 5919 1113 5976 Matth.
1153 5935 1273 5984 xm,
1310 5919 1393 5975 l7.
1468 5916 1643 5993 "ipsa

1744 5931 1893 5985 :xm,
1929 5915 1979 5970 4.
2059 5915 2102 5948 ﬁ
2141 5912 2286 5971 Psal.
2321 5927 2528 5981 cum,
2566 5911 2612 5964 7.
2689 5910 2732 5942 ’⁵
2770 5908 2913 5966 Psal.
2951 5922 3025 5971 ι..
3051 5903 3189 5973 2,3.
