3976 6350
82 391 275 449 1015
1292 390 1784 449 COMMENTARIA
1825 391 1891 448 IN
1920 394 2250 451 PSALMOS.
3203 387 3335 443 10H

78 511 437 575 σκων.Θεδς
458 511 513 566 δὲ
536 511 669 566 θεῶν
692 512 721 565 6
742 510 834 567 τοῦ
852 509 985 565 Θεοῦ
1010 510 1179 578 Λόγος
1199 510 1528 581 ὠνόμασται,
1552 527 1691 564 νοου-

1790 484 1949 573 rans.‘
1978 514 2122 571 Deus
2147 523 2323 569 autem
2356 494 2580 567 deorum
2600 507 2696 565 Dei
2730 507 2966 563 Verbum
2988 512 3239 573 vocatur;
3262 507 3335 561 ita

89 604 313 671 μένων
336 605 461 673 ἡμῖν
477 603 614 656 θεῶν
633 602 740 657 τῶν
763 602 1042 673 μακαρίων
1064 602 1155 656 καὶ
1178 601 1436 671 θεοφιλῶν
1456 601 1686 673 ἀνδρῶν,

1791 615 1850 661 ut
1868 606 2210 677 intelligatur
2242 605 2373 662 deos
2401 605 2548 670 esse,‘
2567 604 2755 660 beatos
2782 613 2836 656 et
2856 598 3139 670 religiosos
3166 598 3334 662 viros,

84 692 271 765 πρὸς
300 692 393 756 οῦς
420 693 449 746 6
480 693 633 761 λόγος
655 691 748 745 τοῦ
779 691 912 745 Θεοῦ
939 690 1152 761 ἐγένετο
1170 711 1181 724 ’
1217 686 1297 755 οἷς
1322 693 1411 746 καὶ
1432 692 1644 762 εἴρηται
1671 709 1687 724 ·

1790 697 1857 752 ad
1887 712 2024 767 quos
2055 696 2370 755 factumest
2398 695 2635 751 Verbum
2673 693 2765 749 Dei
2798 712 2811 747 :
2845 691 3044 763 quibus
3072 690 3231 744 etiam
3254 688 3338 742 di-

104 782 295 852 Ἐτὼ
327 778 526 839 εἶπον·
558 781 689 836 Θεοί
707 780 872 835 ἑστεο
902 781 1027 845 καὶ,
1071 779 1132 834 Ὅ
1149 779 1290 845 Θεὸς
1318 779 1465 846 ἔστη
1487 779 1555 831 ἐν
1581 794 1691 833 συ-

1790 797 1935 843 ctum
1958 797 2062 852 est,
2095 786 2206 858 Ego
2233 787 2368 852 dixi,
2399 786 2488 842 Dii
2515 787 2639 841 estis
2674 784 2754 850 ⁸³;
2807 789 2883 851 et,
2914 781 3055 836 Deus
3089 774 3236 833 stetit
3281 778 3340 832 in

84 870 368 943 γανωτῇ
387 870 552 925 θεῶν’
574 870 690 935 καὶ,
715 868 856 936 Θεὸς
887 868 1036 925 θεῶν
1056 870 1268 937 Κύριος
1287 869 1569 935 ἐλάλησε,
1594 868 1690 921 καὶ

1791 879 2301 953 synagogaaeprum
2331 879 2407 947 “;
2430 890 2504 942 et,
2537 876 2671 931 Deus
2723 874 2937 931 deorum
2968 871 3221 926 Dominus
3258 868 3337 922 lo-

87 962 387 1017 ἐκάλεσε
406 961 520 1030 τὴν
538 960 672 1031 γῆν.
700 960 809 1013 Καὶ
827 959 934 1033 γάρ
954 961 1011 1014 ὲν
1032 960 1241 1024 τούτοις
1262 959 1390 1023 Θεὸς
1418 957 1552 1011 θεῶν
1573 958 1691 1042 οὐδὲ

1790 968 1940 1025 cutus
1968 980 2067 1034 est,
2102 980 2152 1024 et
2201 970 2397 1024 vocavit
2431 978 2625 1023 terram
2658 966 2726 1021 ³⁸.
2749 962 2810 1019 in
2855 962 2942 1019 his
2968 975 3200 1029 namque
3227 973 3339 1013 non

91 1054 291 1119 ἄλλος
324 1057 357 1125 ἦ
389 1055 543 1127 μόνος
572 1055 600 1106 6
618 1054 675 1106 ὲν
707 1054 845 1123 ἀρχῇ
877 1054 1013 1124 πρὸς
1040 1053 1129 1109 τὸν
1153 1052 1283 1106 Θεὸν
1310 1052 1480 1119 Λόγος
1502 1048 1691 1120 ἀνηγό-

1792 1063 1930 1117 alius
1951 1061 2093 1118 Deus
2131 1061 2353 1117 deorum
2383 1068 2606 1134 vocatus
2644 1064 2749 1123 est,
2768 1070 2941 1130 quam
2982 1054 3029 1110 is
3064 1053 3214 1108 solus
3243 1050 3340 1121 qui

94 1166 327 1219 ρευται
346 1163 359 1177 ·
405 1150 433 1201 6
462 1146 525 1217 δὴ
556 1146 651 1199 καὶ
692 1143 843 1209 θεοὺς
871 1146 1065 1210 αὐτοὺς
1097 1145 1185 1199 διὰ
1212 1146 1309 1215 τῆς
1336 1142 1497 1197 αὐτοῦ
1526 1159 1690 1212 χορη-

1792 1153 1849 1206 in
1882 1152 2148 1223 principio
2183 1150 2418 1207 Verbum
2439 1156 2555 1207 erat
2577 1149 2720 1220 apud
2753 1146 2918 1202 Deum
2951 1159 2965 1196 :
3015 1142 3109 1214 qui
3131 1141 3341 1197 scilicet

93 1240 257 1305 γξας
303 1239 393 1292 καὶ
440 1235 668 1307 μετοχῆς
712 1235 805 1289 τοῦ
844 1235 1006 1291 αὐτοῦ
1033 1235 1345 1307 Πνεύματος
1373 1232 1689 1304 ἀπεργασά-

99 1346 319 1400 μενος.
377 1326 542 1389 Θεοὺς
577 1324 684 1398 γάρ
714 1322 851 1381 εἷναί
881 1343 1043 1398 φησιν
1070 1325 1339 1389 ἐκείνους,
1385 1323 1519 1395 πρὸς
1544 1321 1638 1385 οὒς
1662 1323 1692 1375 6

96 1420 309 1489 Λόγος
364 1416 457 1471 τοῦ
487 1415 619 1470 Θεοῦ
645 1419 877 1488 ἐγένετο.
925 1417 1083 1488 Ἑξῆς
1114 1416 1157 1468 δ’
1186 1409 1278 1469 οῦν
1319 1415 1413 1470 καὶ
1437 1411 1693 1484 ὀνομαστὶ

95 1510 226 1563 ’τοῦ
261 1510 495 1579 Χριστοῦ
528 1509 851 1582 μνημονεύει
870 1548 886 1574 ,
916 1506 1087 1576 λέγων
1118 1506 1177 1559 ὲν
1206 1504 1335 1575 εύχῇ
1357 1520 1371 1535 ’
1428 1502 1538 1558 Καὶ
1562 1503 1691 1557 ἐπί-

100 1604 366 1671 ϐλεψον
395 1602 493 1656 ἐπὶ
515 1603 584 1657 τὸ
608 1601 928 1671 ,πρόσωπον
953 1598 1059 1654 τοῦ
1082 1596 1339 1667 Χριστοῦ
1370 1610 1505 1650 σου.
1548 1588 1692 1649 ’Λντὶ

95 1693 174 1746 δὲ
222 1692 355 1758 τοῦ,
396 1692 749 1762 Ὀςοθήσεται
779 1694 812 1746 ό
851 1689 994 1755 Θεὸς
1033 1687 1153 1742 τῶν
1179 1684 1327 1742 θεῶν
1354 1687 1422 1740 ἐν
1448 1684 1629 1752 Σιὼν,
1664 1687 1692 1738 6

118 1780 375 1845 Ἀκύλας
394 1782 575 1853 φησὶν,
623 1781 965 1850 Ὁφθήσεται
998 1777 1242 1848 ἰσχυρὸς
1265 1776 1407 1842 Θεὸς
1426 1776 1494 1829 ἐν
1519 1774 1702 1836 Σιών.⁴

101 1876 227 1938 Τίς
263 1876 311 1929 δ’
342 1876 408 1931 ἂν
442 1875 528 1945 εῐη
553 1865 706 1936 οὗτος
738 1872 766 1924 6
815 1868 1017 1941 μέλλων
1054 1868 1246 1939 ὁρατὸς
1279 1868 1371 1921 καὶ
1399 1866 1692 1938 ὀφθαλμοῖς
1723 1857 1766 1912 Β

107 1966 325 2031 θεατὸς
350 1966 563 2020 ἔσεσθαι
580 2004 595 2029 ,
618 1964 853 2018 διδάσκει
883 1960 1082 2033 προῖὼν
1105 1959 1199 2013 καὶ
1219 1959 1392 2029 λέγων
1410 1978 1433 2012 ⁸.
1465 1959 1690 2013 Ἐνώτι-

108 2050 275 2121 σαι,
308 2060 340 2111 ὀ
374 2057 516 2122 Θεὸς
556 2053 778 2110 Ἰακώϐ.
817 2045 985 2116 Οὗτος
1016 2051 1122 2122 γὰρ
1149 2046 1216 2123 ῆν
1241 2051 1402 2113 αὐτὸς
1436 2052 1638 2113 ὲκεὲνος
1663 2050 1692 2106 6.

110 2146 225 2199 τοῦ
251 2146 389 2200 Θεοῦ
414 2146 603 2215 Λόγος,
630 2146 659 2198 6
687 2142 850 2198 πάλαι
874 2143 966 2196 καὶ
990 2140 1067 2210 τῷ
1094 2139 1299 2221 ι’ῐακὼδ
1323 2141 1380 2194 ὲν
1405 2138 1726 2221 ἀνθρώπὸυιι

113 2238 374 2307 σχήματι
395 2235 597 2306 ὀφθεὶς,
619 2236 792 2307 φήσας
818 2251 876 2286 τε
906 2232 1039 2304 πρὸς
1064 2220 1223 2285 αὐτόν
1243 2248 1254 2259 ’
1290 2233 1410 2286 Οὐκ
1439 2234 1526 2285 ἐτι
1549 2220 1692 2296 πλὴν

112 2327 380 2394 θήσεται
406 2325 472 2379 τὸ
494 2322 677 2394 ὄνομὰ
693 2339 807 2377 σου
844 2321 1063 2387 Ἰακὼϐ,
1089 2319 1225 2375 ἀλλ’
1259 2318 1499 2387 Ἰσραὴλ
1524 2317 1703 2372 ἔσται·

112 2417 198 2468 τὸ
221 2414 408 2484 ὄνομά
429 2428 544 2469 σου
562 2430 575 2443 '
598 2413 687 2467 ὅτι
708 2413 1040 2481 ἐνίσχυσας
1057 2412 1205 2480 μετὰ
1228 2409 1394 2471 Θεοῦ,
1422 2408 1519 2462 καί
1534 2406 1694 2479 μετὰ

114 2506 457 2575 ἀνθρώπων
472 2505 748 2571 δυνατός.
781 2505 893 2572 Ἐφ’
907 2497 951 2571 ᾧ
972 2503 1064 2570 καὶ
1082 2502 1109 2554 6
1130 2500 1395 2572 θεοφιλὴς,
1417 2499 1692 2554 συναισθό-

123 2616 298 2670 μενος
322 2596 411 2651 τοῦ
434 2588 856 2669 χρηματίζοντος
898 2593 1059 2647 αὑτοῦ
1105 2582 1238 2645 Θεοῦ
1286 2607 1415 2661 φησι
1451 2607 1465 2620 ο
1514 2585 1694 2644 Εἶδον

122 2688 301 2744 Θεὸν
318 2690 635 2759 πρόσωπον
661 2687 811 2755 πρὸς
846 2687 1164 2754 πρόσωπον
1183 2724 1196 2748 ,
1225 2682 1319 2736 καί
1350 2681 1543 2749 ἐσώθη
1575 2698 1690 2751 μου

127 2780 169 2847 ὴ
197 2779 389 2855 Ψυχή.
414 2779 582 2843 Αὐτὸς
603 2774 695 2833 οῦν
714 2779 916 2839 ἐκεῖνος
933 2778 962 2830 6
986 2776 1115 2840 Θεὸς
1134 2776 1162 2828 6
1185 2774 1263 2847 τῷ
1298 2773 1488 2828 Ἰακὼϐ
1510 2773 1694 2842 ὀφθεὶς

124 2869 297 2934 αὖθις
331 2871 651 2943 ὀφθήσεται,
669 2870 850 2942 φησὶν,
882 2871 939 2923 ὲν
971 2866 1128 2935 Σιὼν,
1156 2867 1448 2937 διαρρήδην
1475 2865 1572 2936 τῆς
1599 2863 1693 2916 τοῦ

126 2964 276 3016 Θεοῦ
300 2963 473 3033 Λόγου
503 2966 581 3027 είς
602 2960 912 3034 ἀνθρώπους
940 2958 1255 3028 ἐπιφανείας
1278 2956 1468 3011 τοῦτον
1498 2970 1695 3025 σημαι-

130 3054 371 3125 νομένης
394 3054 486 3108 τὸν
514 3047 730 3125 τρόπον.
782 3053 952 3106 Αὑτὸν
984 3051 1047 3122 δὴ
1087 3046 1179 3104 οῦν
1222 3047 1405 3103 τοῦτον
1445 3036 1535 3100 τδν
1562 3044 1692 3099 Θεὸν

144 3145 347 3200 Ἰακὼϐ
392 3144 849 3215 ἐπικαλούμενος,
894 3140 1219 3215 ἐπισπεῦσαι
1253 3140 1351 3210 τὴν
1397 3136 1691 3211 παρουσίαν

1794 3161 1969 3222 rogat,
1998 3152 2103 3207 nisi
2125 3166 2219 3207 eos
2247 3151 2342 3221 qui
2372 3151 2429 3205 in
2476 3151 2613 3205 valle
2642 3151 3002 3219 lacrymarum
3048 3147 3338 3202 aillictione

129 3236 303 3291 αὑτοῦ
338 3238 584 3297 ἱκετεύει.
630 3233 1075 3303 Ὑπερασπιστὰ
1103 3231 1290 3301 ἡμῶν,
1323 3230 1429 3294 ἰδὲ,
1463 3232 1494 3283 ὸ
1527 3228 1687 3294 Θεός.

130 3328 302 3392 Τίνας
338 3328 396 3381 δέ
441 3344 600 3398 φησιν
643 3326 745 3391 ἰδὲ,
779 3326 893 3381 ἀλλ’
929 3325 963 3394 ἢ
1008 3326 1132 3387 τοὺς
1174 3324 1232 3383 ὲν
1273 3325 1337 3392 τῇ
1367 3320 1568 3381 κοιλάδι
1599 3317 1692 3371 τοῦ

130 3417 489 3489 κλαυθμῶνος
529 3417 1063 3486 καταπονουμένους;
1121 3413 1388 3480 Ἐπιλέγει
1432 3412 1488 3464 δὲ
1534 3411 1689 3482 ἑξῆςπ

132 3509 247 3563 Καὶ
268 3509 593 3577 ἐπέϐλεψεν
612 3506 708 3561 ἐπί
728 3507 792 3560 τὸ
817 3508 1136 3574 πρόσωπον
1154 3505 1260 3559 τοῦ
1280 3503 1531 3572 Χριστοῦ
1555 3520 1690 3567 σου,

134 3601 423 3671 εὐχόμενος
447 3601 759 3671 ὲπιταχῆναι
783 3599 879 3669 τὴν
900 3599 991 3651 τοῦ
1011 3596 1143 3651 Θεοῦ
1166 3596 1336 3665 Λόγου
1364 3596 1442 3658 είς
1459 3593 1546 3646 τὸν
1567 3595 1695 3665 Χρι-

134 3689 265 3743 στὸν
289 3688 472 3755 αὑτοῦ,
497 3691 555 3743 ὃν
576 3692 639 3744 ὲκ
661 3690 966 3762 σπέρματος
991 3687 1151 3742 Δαυτδ
1170 3686 1472 3749 ἐνεδύσατο,
1498 3702 1692 3758 παρου-

136 3782 282 3835 σίαν.
312 3782 401 3834 Διὸ
420 3780 555 3836 καὶὸ
586 3782 811 3845 ’Λκύλας
834 3770 987 3852 φησὶ,
1006 3778 1185 3849 Θυρεὲ
1210 3778 1396 3848 ἡμῶν,
1426 3778 1535 3842 τδε,
1565 3778 1688 3843 Θεὲ,

136 3871 238 3924 καί
274 3871 635 3940 ἐπίστρεψον
662 3873 979 3941 πρόσωπον
1007 3870 1366 3939 ἠλειμμένου
1393 3885 1507 3924 σου
1525 3887 1538 3899 ·
1574 3872 1602 3923 6
1633 3872 1691 3925 δὲ

137 3961 449 4031 Σύμμαχος,
479 3962 920 4032 Ὑπερασπιστὰ
943 3961 1139 4030 ἡμῶν,
1171 3961 1258 4015 ἰδὲ
1280 4001 1294 4025 ,
1327 3964 1358 4014 ὁ
1386 3960 1527 4028 Θεὸς
1546 4002 1560 4026 ,
1590 3964 1689 4017 καί

138 4054 525 4121 πρόσϐλεψον
544 4054 612 4108 τὸ
640 4053 958 4121 πρόσωπον
977 4052 1082 4113 τοῦ
1106 4050 1359 4119 Χριστοῦ
1382 4067 1516 4106 σου.
1548 4050 1689 4105 Ταῦ-

136 4161 207 4197 τα
241 4142 296 4197 δὲ
337 4142 579 4214 εὔχονται
616 4147 669 4197 οἱ
690 4145 780 4198 τὸν
808 4144 982 4198 πάντα
1008 4142 1226 4213 ψαλμὸν,
1242 4141 1487 4209 λέγοντες
1506 4160 1518 4173 ·
1546 4134 1689 4196 οὗτοι

137 4235 195 4288 δὲ
232 4230 369 4305 ἦσαν
404 4213 456 4289 οἱ
494 4236 587 4290 τοῦ
615 4236 749 4290 Θεοῦ
788 4237 1091 4308 προφῆται,
1130 4236 1179 4287 οἱ
1209 4213 1557 4298 διασωθέντες
1581 4235 1688 4288 άπὸ

138 4324 248 4378 τῶν
275 4327 477 4397 νοητῶν
507 4325 774 4397 πολεμίων
794 4368 809 4393 ,
847 4329 941 4381 καὶ
980 4326 1363 4398 μεταϐαλόντες
1392 4326 1497 4379 ἀπὸ
1531 4326 1687 4379 πολέ-

143 4433 246 4485 μου
280 4418 358 4479 εἰς
394 4418 639 4489 εἰρήνην,
668 4417 736 4470 τά
762 4435 819 4470 τε
855 4418 1184 4489 σκηνώματα
1212 4417 1304 4471 τοῦ
1343 4417 1477 4470 Θεοῦ
1504 4418 1685 4470 λοιπὸν

1791 1256 2014 1297 munere
2036 1257 2137 1299 suo
2173 1249 2228 1297 et
2244 1241 2489 1311 ejusdem
2521 1239 2759 1311 Spiritus
2781 1234 3191 1309 participatione
3208 1224 3339 1287 deos

1793 1332 1917 1388 illos
1969 1331 2167 1389 eﬂecit.
2189 1328 2329 1389 DeOs
2359 1346 2595 1401 namque
2619 1330 2744 1385 illos
2774 1343 2896 1384 esse
2922 1325 3075 1390 dicit,
3104 1323 3173 1380 ad
3202 1337 3340 1394 quos

1792 1438 1975 1480 sermo
1995 1423 2092 1480 Dei
2120 1423 2299 1479 factus
2326 1432 2434 1480 est.
2472 1422 2678 1478 Deinde
2706 1436 2834 1474 vero
2857 1416 3134 1473 Christum
3163 1412 3342 1470 nomi-

1792 1516 1964 1571 natim
2014 1523 2279 1571 memorat
2303 1514 2360 1570 in
2388 1513 2638 1569 oratione
2682 1511 2894 1572 dicens,
2938 1508 3005 1562 Et
3040 1508 3234 1577 respice
3286 1506 3341 1557 in

1794 1608 1983 1678 faciem
2011 1608 2211 1664 Christi
2239 1609 2337 1669 tui.
2374 1605 2480 1661 Pro
2509 1606 2600 1661 illo
2627 1612 2831 1666 autem,
2882 1599 3151 1655 Videbitur
3199 1597 3340 1652 Deus

1794 1701 2008 1756 deorum
2052 1700 2107 1754 in
2133 1698 2282 1762 Sion,
2313 1697 2508 1768 Aquila
2536 1697 2617 1752 sic
2652 1695 2837 1768 habet,
2878 1691 3150 1745 Videbitur
3184 1690 3339 1758 fortis

1794 1793 1936 1847 Deus
1963 1792 2018 1845 in
2048 1790 2195 1846 Sion.
2247 1765 2509 1856 Quis—nam
2540 1799 2668 1843 vero
2725 1765 2802 1841 sit.
2829 1785 2940 1849 ille,
2970 1783 3067 1853 qui
3105 1780 3341 1837 visibilis

1792 1881 2073 1950 oculisque
2124 1876 2439 1949 spectabilis
2470 1875 2688 1932 futurus
2720 1884 2824 1941 est,
2858 1872 3052 1928 deinde
3100 1869 3342 1926 declarat

1790 1972 1895 2026 hoc
1937 1970 2097 2025 modo
2126 1985 2139 2021 :
2171 1969 2399 2023 Auribus
2435 1969 2660 2037 percipe,
2697 1967 2837 2022 Deus
2867 1962 3051 2020 Iacob.
3085 1962 3219 2017 Nam
3252 1960 3343 2017 hic

1791 2062 1907 2131 ipse
1936 2068 2054 2116 erat
2077 2059 2171 2116 Dei
2191 2060 2450 2125 Verbum,
2474 2060 2565 2129 qui
2588 2059 2717 2112 olim
2741 2056 2945 2113 Iacobo
2959 2054 3194 2112 hominis
3216 2064 3339 2122 spe-

1790 2152 1874 2208 cie
1901 2152 2074 2221 visus,
2105 2151 2186 2208 sic
2228 2166 2351 2206 eum
2381 2149 2575 2206 aii‘atus
2603 2158 2687 2207 est
2715 2168 2729 2204 :
2756 2148 2880 2203 Non
2903 2148 3047 2202 ultra
3075 2146 3341 2202 vocabitur

1790 2258 1975 2296 nomen
2005 2251 2151 2297 tuum
2198 2240 2404 2307 Iacob;
2450 2240 2539 2297 sed
2572 2239 2743 2295 Israel
2763 2241 2861 2295 erit
2917 2255 3101 2294 nomen
3150 2248 3338 2293 tuum:

1789 2336 1914 2408 quia
1943 2334 2097 2405 fortis
2120 2335 2271 2405 fuisti
2301 2352 2418 2390 cum
2439 2334 2573 2399 Deo,
2610 2341 2661 2389 et
2698 2349 2817 2387 cum
2845 2329 3139 2385 hominibus
3161 2340 3339 2398 potens

1790 2430 1892 2483 eris
1920 2428 1991 2482 ⁸⁸.
2021 2427 2199 2494 Quare
2226 2426 2311 2482 vir
2345 2427 2435 2482 ille
2481 2426 2789 2498 religiosus,
2818 2439 2957 2481 cum,
2978 2420 3341 2494 persentisce—

1791 2528 1876 2574 ret
1898 2534 2022 2575 cum
2052 2519 2145 2588 qui
2175 2518 2348 2589 ipsius
2382 2517 2524 2573 Deus
2562 2526 2806 2580 vocatur,
2862 2515 2938 2569 ait
2970 2530 2983 2565 :
3021 2512 3140 2567 Vidi
3176 2511 3353 2589 Deum.

1793 2614 1929 2682 facie
1948 2610 2016 2665 ad
2038 2588 2247 2680 facient,
2272 2620 2321 2663 et
2352 2608 2502 2662 salva
2528 2607 2674 2677 facta
2705 2615 2783 2660 est
2823 2605 3001 2658 anima
3031 2620 3146 2657 mea
3189 2588 3254 2657 ³⁷’,
3289 2601 3340 2658 is

1792 2705 1909 2774 ipse
1935 2702 2098 2766 Deus,
2131 2700 2329 2771 inquit,
2362 2698 2458 2769 qui
2483 2696 2688 2753 Jacobo
2720 2696 2871 2751 visus
2892 2700 2998 2760 est,
3032 2708 3226 2749 rursus
3252 2694 3338 2747 vi-

1793 2794 2007 2850 debitur
2033 2794 2088 2848 in
2131 2791 2284 2855 Sion,
2315 2790 2409 2846 Dei
2434 2776 2596 2845 Verbi
2642 2788 2930 2843 adventum
2982 2786 3039 2840 in
3089 2783 3339 2840 homines

1793 2883 1945 2938 hisce
1971 2881 2254 2937 manifeste
2274 2880 2579 2935 declarans.
2609 2876 2764 2932 Hunc
2788 2876 2956 2933 Deum
2985 2873 3156 2930 Jacob
3186 2873 3340 2928 invo-

1791 2988 1944 3037 cans,
1976 2972 2266 3027 adventum
2290 2981 2563 3026 maturare
2586 2985 2744 3026 suum
2767 2975 2942 3039 rogat.
2972 2965 3221 3021 —Vsns.
3246 2964 3334 3022 10.

1791 3060 2274 3129 Protectornoster,
2319 3062 2514 3131 aspice,
2545 3060 2708 3114 Deus.
2763 3043 3038 3125 Quosnam
3095 3056 3339 3126 aspicere

1792 3242 2149 3312 premuntur?
2186 3240 2391 3295 Deinde
2416 3254 2545 3295 vero
2597 3238 2907 3310 subjungit,
2938 3247 3009 3292 et
3040 3238 3234 3306 respice
3283 3237 3338 3289 in

1787 3332 1981 3403 {aciem
2008 3329 2208 3387 Christi
2242 3330 2338 3394 tui,
2364 3344 2564 3399 rogans
2590 3326 2685 3383 Dei
2722 3326 2877 3382 Verbi
2928 3327 3217 3382 adventum
3270 3327 3339 3381 ad

1792 3423 2067 3480 Christum
2091 3437 2272 3485 suum,
2300 3435 2460 3491 quem
2494 3434 2560 3473 ex
2594 3418 2800 3491 semine
2828 3417 2995 3472 David
3022 3416 3217 3482 induit,
3248 3430 3339 3470 ac-

1792 3512 2034 3567 celerari.
2060 3509 2417 3576 Quamobrem
2439 3506 2628 3578 Aquila
2649 3508 2729 3564 sic
2750 3496 3119 3577 habekClgpee
3134 3516 3335 3573 noster,

1792 3600 1923 3665 vide,
1956 3600 2117 3667 Deus,
2144 3610 2191 3654 et
2241 3610 2474 3653 converte
2505 3600 2703 3653 vultum
2746 3582 2891 3671 uncti
2935 3598 3033 3652 tui.
3088 3596 3336 3669 Symma-

1790 3694 1925 3749 chus
1948 3708 2101 3755 vero,
2133 3692 2409 3746 Protector
2447 3702 2623 3747 noster
2662 3690 2795 3756 vide,
2846 3691 3007 3755 Deus,
3065 3701 3119 3742 et
3155 3682 3340 3757 aspice

1790 3785 1989 3838 vultum
2017 3782 2215 3847 Christi
2241 3784 2334 3836 tui.
2364 3782 2489 3837 Haec
2513 3798 2675 3852 porro
2705 3784 2991 3852 precantur
3038 3780 3098 3843 ii,
3127 3780 3220 3849 qui
3254 3787 3339 3833 to-

1788 3884 1901 3928 tum
1948 3869 2212 3946 psalmum
2262 3874 2616 3944 pronuntiant
2668 3872 3189 3946 :hi'autemerant
3242 3867 3340 3924 Dei

1789 3965 2080 4035 prophetae,
2109 3944 2207 4034 qui
2232 3978 2261 4017 a
2293 3963 2671 4033 spiritualibus
2706 3944 2944 4019 inimicis
2991 3962 3191 4018 servati
3222 3960 3340 4017 fue-

1788 4061 1931 4118 rant,
1966 4060 2018 4108 et
2046 4069 2076 4107 a
2105 4053 2245 4108 bello
2264 4054 2332 4109 ad
2362 4069 2563 4123 pacem,
2590 4056 2858 4122 translati,
2888 4054 3094 4109 divino.
3124 4051 3339 4108 amante

1789 4144 1981 4214 spiritu
2008 4143 2356 4198 tabernacula
2377 4144 2470 4200 Dei
2521 4146 2937 4216 prospiciebant,
2983 4144 3247 4199 atriorum
3283 4151 3340 4199 et

1789 4235 2036 4289 altarium
2060 4235 2179 4305 ejus
2213 4235 2514 4306 percupidi.
2568 4237 2669 4303 Qui
2701 4239 2889 4301 .etiam
2940 4236 3036 4291 Dei
3060 4234 3337 4303 Verbum,

1788 4341 1944 4379 suum
1969 4326 2023 4380 in
2047 4314 2290 4397 tempore
2311 4326 2435 4382 belli
2487 4325 2844 4396 protectorem
2898 4324 3127 4391 factum,
3178 4327 3339 4382 obse-

1787 4427 1947 4473 crant
1975 4427 2033 4474 ut
2062 4419 2131 4475 ad
2152 4418 2345 4474 faciem
2370 4417 2571 4473 Christi
2633 4418 2718 4474 sui
2775 4417 3054 4486 respiciat,
3110 4425 3169 4473 ut
3220 4420 3339 4489 ipso
3374 4464 3377 4467 .

139 4507 219 4576 τῷ
248 4508 373 4578 θείῳ
396 4509 669 4580 Πνεύματι
693 4508 1049 4588 προορῶντες,
1083 4510 1178 4563 καὶ
1211 4509 1305 4572 τὰς
1330 4509 1495 4572 αὐλὰς
1524 4509 1685 4562 αὑτοῦ

1791 4520 2081 4581 apparente
2125 4524 2188 4565 ac
2210 4507 2508 4571 Christum,
2532 4524 2599 4563 ex
2617 4507 2825 4580 semine
2847 4506 3018 4562 David
3040 4508 3339 4564 secundum

142 4600 237 4651 καὶ
258 4598 323 4652 τὰ
356 4599 704 4672 θυσιαστήρια
735 4598 1039 4661 ποθοῦντες.
1101 4600 1163 4653 Οἳ
1198 4600 1289 4653 καὶ
1318 4597 1686 4667 παρακαλοῦσι

142 4688 233 4742 τὸν
275 4690 366 4744 τοῦ
393 4692 526 4746 Θεοῦ
548 4693 714 4762 Λόγον
733 4732 747 4756 ,
782 4691 868 4744 τὸν
912 4691 969 4742 ἐν
992 4690 1069 4760 τῷ
1102 4691 1273 4761 καιρῷ
1303 4688 1407 4741 τῶν
1439 4688 1688 4758 πολέμων

144 4778 549 4852 ὑπερασπιστὴν
587 4783 763 4837 αὐτῶν
802 4782 1117 4851 γενόμενον,
1176 4779 1456 4848 ἐπιϐλέψαι
1488 4780 1577 4831 ἐπὶ
1620 4782 1680 4833 τὸ

1791 4616 2010 4660 carnem
2056 4607 2233 4672 ortum
2272 4607 2605 4663 assume'nte,
2659 4595 2817 4649 malis
2846 4590 3095 4667 pristinis
3148 4611 3338 4653 omnes

1793 4694 2115 4755 eximantur,
2149 4689 2535 4759 hominumque
2581 4705 2750 4763 genus
2772 4692 3035 4761 bonaper
3059 4688 3337 4744 Christum

1791 4783 2159 4837 nanciscatur.

141 4867 427 4937 πρόσωπον
451 4872 544 4943 τοῦ
569 4873 799 4945 Χριστοῦ
821 4871 1001 4931 αὐτοῦ.
1038 4872 1123 4934 ἶν’,
1150 4870 1497 4940 ἐπιφανέντος
1522 4871 1682 4924 αὐτοῦ
1722 4874 1814 4927 καὶ
1835 4874 1922 4925 τὸν
1954 4875 2018 4926 ὲκ
2039 4872 2344 4944 σπέρματος
2365 4873 2525 4929 Δαυῖδ
2541 4875 2685 4927 κατὰ,
2735 4876 2911 4945 σάρκα
2931 4872 3158 4943 Χριστὸν
3210 4871 3337 4924 ἁνα-

143 4957 422 5025 λαὸόντος,
462 4956 615 5027 λύσις
656 4966 751 5036 μὲν
786 4967 1005 5039 γένηται
1080 4965 1354 5036 προτέρων
1416 4964 1750 5031 κακῶν¹τοίς
1787 4970 1976 5033 πᾶσιν,
2008 4968 2185 5036 ἀγαθὰ
2211 4970 2267 5022 δὲ
2299 4969 2385 5024 διὰ
2416 4969 2508 5023 τοῦ
2538 4969 2769 5040 Χριστοῦ
2803 4970 2864 5022 τὸ
2902 4968 3006 5022 τῶν
3037 4965 3336 5038 ἀνθρώπων

142 5051 442 5122 διαδέξηται
472 5052 643 5121 γένος.

198 5167 324 5218 Ὀτι
338 5148 632 5233 κρείσσων
644 5166 831 5246 ἡμέρα
840 5171 945 5237 μία
958 5171 1026 5222 ἐν
1038 5168 1164 5235 ταῖς
1184 5169 1394 5233 αὐλαῖς
1406 5181 1520 5222 σου
1534 5170 1682 5239 ὑπὲρ

126 5254 432 5327 .χιλιὰδας.
460 5256 571 5327 Τῆς
590 5256 689 5309 ,τοῦ
716 5257 848 5313 Θεοῦ
878 5260 1174 5333 παρουσίας
1197 5260 1294 5331 τὴν
1320 5260 1464 5330 μίαν,
1493 5260 1591 5329 τῆς
1616 5264 1680 5317 ὲκ

146 5346 347 5420 νεκρῶν
376 5347 716 5427 ἀναστάσεως
746 5351 977 5422 ἡμέραν,
1013 5354 1145 5406 πολὺ
1178 5353 1407 5421 κρείττω
1433 5353 1681 5422 χιλιάδων

145 5440 238 5496 καὶ
264 5441 654 5513 προτιμοτέραν
676 5444 704 5494 6
734 5443 822 5496 τὸν
850 5446 1093 5515 παρόντα
1114 5444 1324 5515 ψαλμὸν
1347 5445 1515 5513 λέγων
1539 5446 1682 5515 inei-
1709 5511 1715 5517 ‘

145 5548 249 5585 ται.
272 5532 600 5586 Λίνίττεσθαι
621 5532 675 5585 δὲ
698 5533 932 5604 ἡγοῦμαι
953 5536 1038 5589 διὰ
1055 5537 1161 5590 τῶν
1181 5536 1427 5607 χιλιάδων
1446 5536 1534 5590 τὸν
1558 5538 1680 5608 χρό-

147 5639 231 5686 νον
253 5623 351 5692 τῆς
381 5625 681 5689 συστάσεως
707 5626 804 5697 τῆς
840 5627 1204 5699 Ἰερουσαλήμ.
1276 5630 1361 5681 'Ev
1402 5628 1539 5689 ὅλοις
1572 5630 1679 5698 γὰρ

1856 5170 2020 5227 Vens.
2037 5172 2121 5226 11.
2144 5174 2281 5241 Quia
2306 5172 2487 5225 melior
2510 5185 2584 5225 est
2612 5172 2719 5226 dies
2743 5188 2845 5223 una
2860 5172 2911 5223 in
2939 5172 3091 5225 atriis
3112 5175 3336 5225 tuis-stt-

1783 5280 1873 5335 per
1894 5264 2084 5317 millia.
2127 5263 2298 5327 Unam
2329 5262 2424 5319 Dei
2453 5262 2783 5334 praesentiae,
2837 5262 2889 5316 id
2921 5271 3038 5329 est,
3085 5277 3332 5318 resurre-

1785 5354 1979 5416 ctionis
2008 5369 2075 5408 ex
2101 5354 2329 5410 mortuis
2358 5353 2498 5408 diem
2520 5392 2534 5417 ,
2559 5354 2641 5407 vél
2675 5353 2909 5408 millibus
2943 5353 3132 5407 diebus
3158 5353 3328 5408 multo

1785 5447 2144 5501 melioremxet
2174 5434 2613 5517 praestabiliorem
2652 5461 2771 5502 esse
2812 5446 3105 5513 arbitratur
3159 5445 3207 5500 is
3228 5448 3336 5516 qui.

1786 5537 2047 5607 psalmum
2080 5524 2223 5592 hunc
2250 5536 2473 5606 profert.
2510 5536 2607 5591 Illo
2652 5546 2830 5592 autem
2862 5534 3159 5590 millenario
3194 5546 3325 5606 pulo

1785 5629 2114 5684 subindicari
2138 5638 2368 5699 tempus,
2393 5640 2501 5697 quo
2540 5625 2873 5697 Jerosolyma
2902 5627 3174 5691 substitit:
3200 5640 3328 5687 nam

213 5784 255 5818 eo
291 5774 431 5840 Psal.
470 5793 661 5848 tum,
693 5781 725 5836 6
823 5782 865 5816 ³⁸
904 5782 1069 5838 ibid..
1111 5784 1159 5836 1.
1237 5785 1279 5818 ³⁸
1311 5781 1455 5839 Psal.
1494 5797 1651 5852 ma,
1690 5808 1691 5811 η

1816 5796 1857 5816 ὀ
1892 5781 2023 5841 Gcn.
2060 5797 2239 5853 ιιχιι,
2272 5784 2359 5839 28.
2438 5784 2482 5815 ³⁷
2523 5779 2651 5839 ibid.
2690 5783 2773 5837 50.
